|join|BP Is For Fags
|join|superpascal
|player|p1|BP Is For Fags|170
|player|p2|superpascal|162
|gametype|singles
|gen|6
|tier|OU
|rated
|clearpoke
|poke|p1|Deoxys-Defense, shiny
|poke|p1|Bisharp, M
|poke|p1|Mawile, M
|poke|p1|Landorus, M
|poke|p1|Thundurus, M
|poke|p1|Aegislash, F
|poke|p2|Manaphy
|poke|p2|Mawile, F
|poke|p2|Garchomp, M
|poke|p2|Togekiss, F
|poke|p2|Deoxys-Speed
|poke|p2|Aegislash, M
|rule|Swagger Clause: Swagger is banned
|rule|Baton Pass Clause: Limit three Pokémon knowing Baton Pass
|rule|Sleep Clause Mod: Limit one foe put to sleep
|rule|Species Clause: Limit one of each Pokémon
|rule|OHKO Clause: OHKO moves are banned
|rule|Moody Clause: Moody is banned
|rule|Evasion Moves Clause: Evasion moves are banned
|rule|Endless Battle Clause: Forcing endless battles is banned
|rule|HP Percentage Mod: HP is reported as percentages
|teampreview
|chat|superpascal|have fun :)
|chat|BP Is For Fags|u2
|
|start
|switch|p1a: Deoxys-Defense|Deoxys-Defense, shiny|304\/304
|switch|p2a: Dentifrice|Mawile, F|303\/303
|-ability|p1a: Deoxys-Defense|Pressure
|-ability|p2a: Dentifrice|Intimidate|[of] p1a: Deoxys-Defense
|-unboost|p1a: Deoxys-Defense|atk|1
|turn|1
|
|detailschange|p2a: Dentifrice|Mawile-Mega, F
|message|Mawile has Mega Evolved into Mega Mawile!
|move|p1a: Deoxys-Defense|Taunt|p2a: Dentifrice
|-start|p2a: Dentifrice|move: Taunt
|cant|p2a: Dentifrice|move: Taunt|Swords Dance
|
|turn|2
|chat|superpascal|it's always 50-50
|
|move|p1a: Deoxys-Defense|Stealth Rock|p2a: Dentifrice
|-sidestart|p2: superpascal|move: Stealth Rock
|move|p2a: Dentifrice|Play Rough|p1a: Deoxys-Defense
|-damage|p1a: Deoxys-Defense|118\/304
|
|turn|3
|chat|BP Is For Fags|yeah, so many 50\/50s this gen
|
|move|p1a: Deoxys-Defense|Spikes|p2a: Dentifrice
|-sidestart|p2: superpascal|Spikes
|move|p2a: Dentifrice|Iron Head|p1a: Deoxys-Defense
|-damage|p1a: Deoxys-Defense|0 fnt
|faint|p1a: Deoxys-Defense
|
|-end|p2a: Dentifrice|move: Taunt
|
|switch|p1a: Landorus|Landorus, M|319\/319
|turn|4
|
|move|p2a: Dentifrice|Sucker Punch|p1a: Landorus
|-damage|p1a: Landorus|86\/319
|move|p1a: Landorus|Earth Power|p2a: Dentifrice
|-supereffective|p2a: Dentifrice
|-damage|p2a: Dentifrice|0 fnt
|faint|p2a: Dentifrice
|
|
|switch|p2a: 3fast5me|Deoxys-Speed|304\/304
|-damage|p2a: 3fast5me|266\/304|[from] Spikes
|-damage|p2a: 3fast5me|228\/304|[from] Stealth Rock
|-ability|p2a: 3fast5me|Pressure
|turn|5
|
|move|p2a: 3fast5me|Stealth Rock|p1a: Landorus
|-sidestart|p1: BP Is For Fags|move: Stealth Rock
|move|p1a: Landorus|Earth Power|p2a: 3fast5me
|-damage|p2a: 3fast5me|0 fnt
|faint|p2a: 3fast5me
|
|
|switch|p2a: S&S|Aegislash, M|322\/322
|-damage|p2a: S&S|282\/322|[from] Spikes
|-damage|p2a: S&S|262\/322|[from] Stealth Rock
|turn|6
|
|-formechange|p2a: S&S|Aegislash-Blade
|move|p2a: S&S|Shadow Sneak|p1a: Landorus
|-crit|p1a: Landorus
|-damage|p1a: Landorus|0 fnt
|faint|p1a: Landorus
|
|
|switch|p1a: Bisharp|Bisharp, M|271\/271
|-damage|p1a: Bisharp|255\/271|[from] Stealth Rock
|turn|7
|
|switch|p2a: Bisou|Togekiss, F|373\/373
|-damage|p2a: Bisou|280\/373|[from] Stealth Rock
|move|p1a: Bisharp|Knock Off|p2a: Bisou
|-resisted|p2a: Bisou
|-damage|p2a: Bisou|153\/373
|-enditem|p2a: Bisou|Choice Specs|[from] move: Knock Off|[of] p1a: Bisharp
|-damage|p1a: Bisharp|228\/271|[from] item: Life Orb
|
|turn|8
|
|switch|p1a: Aegislash|Aegislash, F|322\/322
|-damage|p1a: Aegislash|302\/322|[from] Stealth Rock
|-item|p1a: Aegislash|Air Balloon
|move|p2a: Bisou|Fire Blast|p1a: Aegislash
|-supereffective|p1a: Aegislash
|-damage|p1a: Aegislash|124\/322
|-enditem|p1a: Aegislash|Air Balloon
|
|turn|9
|
|move|p2a: Bisou|Fire Blast|p1a: Aegislash|[miss]
|-miss|p2a: Bisou|p1a: Aegislash
|-formechange|p1a: Aegislash|Aegislash-Blade
|move|p1a: Aegislash|Shadow Ball|p2a: Bisou
|-damage|p2a: Bisou|0 fnt
|faint|p2a: Bisou
|
|chat|BP Is For Fags|sorry
|chat|superpascal|that okay. I should put flamethrower anyways :p
|chat|superpascal|But then I don't think I would have 2hKOed :P
|
|switch|p2a: Marine|Manaphy|401\/401
|-damage|p2a: Marine|351\/401|[from] Stealth Rock
|-damage|p2a: Marine|301\/401|[from] Spikes
|turn|10
|
|move|p2a: Marine|Surf|p1a: Aegislash
|-damage|p1a: Aegislash|0 fnt
|faint|p1a: Aegislash
|
|-heal|p2a: Marine|326\/401|[from] item: Leftovers
|
|switch|p1a: Thundurus|Thundurus, M|299\/299
|-damage|p1a: Thundurus|225\/299|[from] Stealth Rock
|turn|11
|chat|superpascal|well that was a fast-pace game, but I think it the end for me
|
|switch|p2a: Chompitychomp|Garchomp, M|419\/419
|-damage|p2a: Chompitychomp|393\/419|[from] Stealth Rock
|-damage|p2a: Chompitychomp|341\/419|[from] Spikes
|move|p1a: Thundurus|Thunderbolt|p2a: Chompitychomp
|-immune|p2a: Chompitychomp|[msg]
|
|-heal|p1a: Thundurus|243\/299|[from] item: Leftovers
|turn|12
|
|move|p2a: Chompitychomp|Fire Blast|p1a: Thundurus|[miss]
|-miss|p2a: Chompitychomp|p1a: Thundurus
|move|p1a: Thundurus|Hidden Power|p2a: Chompitychomp
|-supereffective|p2a: Chompitychomp
|-damage|p2a: Chompitychomp|1\/419
|
|-heal|p1a: Thundurus|261\/299|[from] item: Leftovers
|turn|13
|
|move|p2a: Chompitychomp|Fire Blast|p1a: Thundurus
|-crit|p1a: Thundurus
|-damage|p1a: Thundurus|137\/299
|move|p1a: Thundurus|Hidden Power|p2a: Chompitychomp
|-supereffective|p2a: Chompitychomp
|-damage|p2a: Chompitychomp|0 fnt
|faint|p2a: Chompitychomp
|
|-heal|p1a: Thundurus|155\/299|[from] item: Leftovers
|
|switch|p2a: S&S|Aegislash, M|262\/322
|-damage|p2a: S&S|242\/322|[from] Stealth Rock
|-damage|p2a: S&S|202\/322|[from] Spikes
|turn|14
|
|move|p1a: Thundurus|Thunderbolt|p2a: S&S
|-damage|p2a: S&S|96\/322
|move|p2a: S&S|Swords Dance|p2a: S&S
|-boost|p2a: S&S|atk|2
|
|-heal|p1a: Thundurus|173\/299|[from] item: Leftovers
|turn|15
|
|move|p1a: Thundurus|Thunder Wave|p2a: S&S
|-status|p2a: S&S|par
|-formechange|p2a: S&S|Aegislash-Blade
|cant|p2a: S&S|par
|
|-heal|p1a: Thundurus|191\/299|[from] item: Leftovers
|turn|16
|
|cant|p2a: S&S|par
|move|p1a: Thundurus|Thunderbolt|p2a: S&S
|-damage|p2a: S&S|0 fnt
|faint|p2a: S&S
|
|-heal|p1a: Thundurus|209\/299|[from] item: Leftovers
|
|switch|p2a: Marine|Manaphy|326\/401
|-damage|p2a: Marine|276\/401|[from] Spikes
|-damage|p2a: Marine|226\/401|[from] Stealth Rock
|turn|17
|
|move|p1a: Thundurus|Thunderbolt|p2a: Marine
|-supereffective|p2a: Marine
|-damage|p2a: Marine|0 fnt
|faint|p2a: Marine
|
|win|BP Is For Fags
|raw|Ladder updating...
|raw|BP Is For Fags's rating: 1924 &rarr; <strong>1944<\/strong><br \/>(+20 for winning)
|raw|superpascal's rating: 1926 &rarr; <strong>1906<\/strong><br \/>(-20 for losing)
|chat|BP Is For Fags|gg
|chat|superpascal|gg