|join|superpascal
|join|ananas test
|player|p1|superpascal|161
|player|p2|ananas test|260
|gametype|singles
|gen|6
|tier|OU
|rated
|clearpoke
|poke|p1|Manaphy
|poke|p1|Garchomp, F
|poke|p1|Scizor, F
|poke|p1|Heatran, F
|poke|p1|Togekiss, F
|poke|p1|Landorus, M
|poke|p2|Azumarill, M
|poke|p2|Bisharp, F
|poke|p2|Diggersby, M
|poke|p2|Gengar, F
|poke|p2|Manectric, F
|poke|p2|Skarmory, M
|rule|Swagger Clause: Swagger is banned
|rule|Baton Pass Clause: Limit one Pokémon knowing Baton Pass
|rule|Sleep Clause Mod: Limit one foe put to sleep
|rule|Species Clause: Limit one of each Pokémon
|rule|OHKO Clause: OHKO moves are banned
|rule|Moody Clause: Moody is banned
|rule|Evasion Moves Clause: Evasion moves are banned
|rule|Endless Battle Clause: Forcing endless battles is banned
|rule|HP Percentage Mod: HP is shown in percentages
|teampreview
|
|start
|switch|p1a: Chompitychomp|Garchomp, F|420\/420
|switch|p2a: Skarmory|Skarmory, M|271\/271
|turn|1
|c|★superpascal|have fun
|
|switch|p1a: Hector|Heatran, F|386\/386
|-item|p1a: Hector|Air Balloon
|move|p2a: Skarmory|Stealth Rock|p1a: Hector
|-sidestart|p1: superpascal|move: Stealth Rock
|
|turn|2
|
|move|p2a: Skarmory|Taunt|p1a: Hector
|-start|p1a: Hector|move: Taunt
|cant|p1a: Hector|move: Taunt|Stealth Rock
|
|turn|3
|
|move|p2a: Skarmory|Spikes|p1a: Hector
|-sidestart|p1: superpascal|Spikes
|move|p1a: Hector|Fire Blast|p2a: Skarmory
|-supereffective|p2a: Skarmory
|-activate|p2a: Skarmory|Sturdy
|-damage|p2a: Skarmory|1\/271
|-enditem|p2a: Skarmory|Salac Berry|[eat]
|-boost|p2a: Skarmory|spe|1|[from] item: Salac Berry
|
|turn|4
|
|move|p2a: Skarmory|Brave Bird|p1a: Hector
|-resisted|p1a: Hector
|-damage|p1a: Hector|312\/386
|-enditem|p1a: Hector|Air Balloon
|-damage|p2a: Skarmory|0 fnt|[from] recoil|[of] p1a: Hector
|faint|p2a: Skarmory
|move|p1a: Hector|Fire Blast|p2: Skarmory|[notarget]
|-notarget
|
|-end|p1a: Hector|move: Taunt
|
|switch|p2a: Diggersby|Diggersby, M|311\/311
|turn|5
|
|move|p2a: Diggersby|Swords Dance|p2a: Diggersby
|-boost|p2a: Diggersby|atk|2
|move|p1a: Hector|Stealth Rock|p2a: Diggersby
|-sidestart|p2: ananas test|move: Stealth Rock
|
|turn|6
|
|switch|p1a: Larru|Landorus, M|320\/320
|-damage|p1a: Larru|280\/320|[from] Stealth Rock
|move|p2a: Diggersby|Swords Dance|p2a: Diggersby
|-boost|p2a: Diggersby|atk|2
|
|turn|7
|
|move|p2a: Diggersby|Quick Attack|p1a: Larru
|-damage|p1a: Larru|0 fnt
|-damage|p2a: Diggersby|280\/311|[from] item: Life Orb
|faint|p1a: Larru
|
|c|★superpascal|I was not sure if it would kill
|
|switch|p1a: Chompitychomp|Garchomp, F|420\/420
|-damage|p1a: Chompitychomp|394\/420|[from] Stealth Rock
|-damage|p1a: Chompitychomp|342\/420|[from] Spikes
|turn|8
|
|move|p2a: Diggersby|Quick Attack|p1a: Chompitychomp
|-damage|p1a: Chompitychomp|0 fnt
|-damage|p2a: Diggersby|242\/311|[from] ability: Rough Skin|[of] p1a: Chompitychomp
|-damage|p2a: Diggersby|211\/311|[from] item: Life Orb
|faint|p1a: Chompitychomp
|
|c|★superpascal|Damn.................
|c|★superpascal|I was max hp too
|c|★ananas test|it doesnt kill max hp
|c|★superpascal|But I was max HP! :P
|c|★ananas test|you are lying
|c|★ananas test|it cant kill max hp
|c|★superpascal|I need to go do some calcs
|
|switch|p1a: Insecticide|Scizor, F|344\/344
|-damage|p1a: Insecticide|301\/344|[from] Stealth Rock
|-damage|p1a: Insecticide|258\/344|[from] Spikes
|turn|9
|
|detailschange|p1a: Insecticide|Scizor-Mega, F
|message|Scizor has Mega Evolved into Mega Scizor!
|move|p1a: Insecticide|Bullet Punch|p2a: Diggersby
|-damage|p2a: Diggersby|61\/311
|move|p2a: Diggersby|Earthquake|p1a: Insecticide
|-damage|p1a: Insecticide|0 fnt
|-damage|p2a: Diggersby|30\/311|[from] item: Life Orb
|faint|p1a: Insecticide
|
|c|★superpascal|anyways,gg
|-message|superpascal forfeited.
|
|win|ananas test
|raw|Ladder updating...
|raw|superpascal's rating: 1742 &rarr; <strong>1717<\/strong><br \/>(-25 for losing)
|raw|ananas test's rating: 1654 &rarr; <strong>1679<\/strong><br \/>(+25 for winning)
|leave|superpascal
|player|p1
|c|★ananas test|gg