|join|Sjir-sama
|join|My name is Yonkers
|player|p1|Sjir-sama|164
|player|p2|My name is Yonkers|68
|gametype|singles
|gen|6
|tier|UU
|rated
|rule|Sleep Clause Mod: Limit one foe put to sleep
|rule|Species Clause: Limit one of each Pokémon
|rule|OHKO Clause: OHKO moves are banned
|rule|Moody Clause: Moody is banned
|rule|Evasion Moves Clause: Evasion moves are banned
|rule|Endless Battle Clause: Forcing endless battles is banned
|rule|HP Percentage Mod: HP is shown in percentages
|clearpoke
|poke|p1|Sceptile, M
|poke|p1|Infernape, M
|poke|p1|Crobat, M
|poke|p1|Umbreon, F
|poke|p1|Rhyperior, F
|poke|p1|Suicune
|poke|p2|Suicune, shiny
|poke|p2|Toxicroak, M, shiny
|poke|p2|Absol, M, shiny
|poke|p2|Rotom-Heat, shiny
|poke|p2|Florges, F, shiny
|poke|p2|Gligar, F, shiny
|rule|Swagger Clause: Swagger is banned
|rule|Baton Pass Clause: Limit one Pokémon knowing Baton Pass
|teampreview
|
|start
|switch|p1a: Onimori|Crobat, M|373\/373
|switch|p2a: Absol|Absol, M, shiny|271\/271
|-ability|p2a: Absol|Pressure
|turn|1
|
|detailschange|p2a: Absol|Absol-Mega, M, shiny
|message|Absol has Mega Evolved into Mega Absol!
|move|p1a: Onimori|U-turn|p2a: Absol
|-supereffective|p2a: Absol
|-damage|p2a: Absol|115\/271
|
|switch|p1a: Yunikon|Rhyperior, F|434\/434
|move|p2a: Absol|Swords Dance|p2a: Absol
|-boost|p2a: Absol|atk|2
|
|turn|2
|
|move|p2a: Absol|Superpower|p1a: Yunikon
|-supereffective|p1a: Yunikon
|-damage|p1a: Yunikon|137\/434
|-unboost|p2a: Absol|atk|1
|-unboost|p2a: Absol|def|1
|move|p1a: Yunikon|Earthquake|p2a: Absol
|-damage|p2a: Absol|0 fnt
|faint|p2a: Absol
|
|-heal|p1a: Yunikon|164\/434|[from] item: Leftovers
|
|switch|p2a: Suicune|Suicune, shiny|404\/404
|-ability|p2a: Suicune|Pressure
|turn|3
|
|switch|p2a: Toxicroak|Toxicroak, M, shiny|370\/370
|switch|p1a: Ryuuji|Sceptile, M|282\/282
|
|turn|4
|
|switch|p1a: Onimori|Crobat, M|373\/373
|move|p2a: Toxicroak|Knock Off|p1a: Onimori
|-damage|p1a: Onimori|241\/373
|-enditem|p1a: Onimori|Black Sludge|[from] move: Knock Off|[of] p2a: Toxicroak
|
|turn|5
|
|switch|p2a: Gligar|Gligar, F, shiny|334\/334
|move|p1a: Onimori|Brave Bird|p2a: Gligar
|-crit|p2a: Gligar
|-damage|p2a: Gligar|235\/334
|-damage|p1a: Onimori|208\/373|[from] recoil|[of] p2a: Gligar
|
|turn|6
|
|move|p1a: Onimori|Roost|p1a: Onimori
|-heal|p1a: Onimori|373\/373
|move|p2a: Gligar|Stealth Rock|p1a: Onimori
|-sidestart|p1: Sjir-sama|move: Stealth Rock
|
|turn|7
|
|switch|p2a: Rotom-Heat|Rotom-Heat, shiny|241\/241
|move|p1a: Onimori|Defog|p2a: Rotom-Heat
|-unboost|p2a: Rotom-Heat|evasion|1
|-sideend|p1: Sjir-sama|Stealth Rock|[from] move: Defog|[of] p1a: Onimori
|
|turn|8
|
|switch|p1a: NegaiHoshi|Umbreon, F|394\/394
|move|p2a: Rotom-Heat|Trick|p1a: NegaiHoshi
|-activate|p2a: Rotom-Heat|move: Trick|[of] p1a: NegaiHoshi
|-item|p1a: NegaiHoshi|Choice Scarf|[from] move: Trick
|-item|p2a: Rotom-Heat|Leftovers|[from] move: Trick
|
|turn|9
|
|move|p2a: Rotom-Heat|Volt Switch|p1a: NegaiHoshi
|-damage|p1a: NegaiHoshi|324\/394
|
|switch|p2a: Toxicroak|Toxicroak, M, shiny|370\/370
|move|p1a: NegaiHoshi|Foul Play|p2a: Toxicroak
|-resisted|p2a: Toxicroak
|-damage|p2a: Toxicroak|255\/370
|
|turn|10
|
|switch|p1a: Onimori|Crobat, M|373\/373
|move|p2a: Toxicroak|Drain Punch|p1a: Onimori
|-resisted|p1a: Onimori
|-damage|p1a: Onimori|333\/373
|-heal|p2a: Toxicroak|275\/370|[from] drain|[of] p1a: Onimori
|
|turn|11
|
|switch|p2a: Gligar|Gligar, F, shiny|235\/334
|move|p1a: Onimori|U-turn|p2a: Gligar
|-resisted|p2a: Gligar
|-damage|p2a: Gligar|223\/334
|
|switch|p1a: Ryuuji|Sceptile, M|282\/282
|
|turn|12
|
|switch|p2a: Florges|Florges, F, shiny|360\/360
|move|p1a: Ryuuji|Leaf Storm|p2a: Florges|[miss]
|-miss|p1a: Ryuuji|p2a: Florges
|
|turn|13
|
|switch|p1a: NegaiHoshi|Umbreon, F|324\/394
|move|p2a: Florges|Moonblast|p1a: NegaiHoshi
|-supereffective|p1a: NegaiHoshi
|-damage|p1a: NegaiHoshi|184\/394
|-unboost|p1a: NegaiHoshi|spa|1
|
|turn|14
|
|move|p1a: NegaiHoshi|Wish|p1a: NegaiHoshi
|move|p2a: Florges|Wish|p2a: Florges
|
|turn|15
|
|switch|p1a: Yunikon|Rhyperior, F|164\/434
|switch|p2a: Suicune|Suicune, shiny|404\/404
|-ability|p2a: Suicune|Pressure
|
|-heal|p1a: Yunikon|361\/434|[from] move: Wish|[wisher] NegaiHoshi
|-heal|p1a: Yunikon|388\/434|[from] item: Leftovers
|turn|16
|
|switch|p1a: Ryuuji|Sceptile, M|282\/282
|move|p2a: Suicune|Scald|p1a: Ryuuji
|-resisted|p1a: Ryuuji
|-damage|p1a: Ryuuji|235\/282
|-status|p1a: Ryuuji|brn
|
|-damage|p1a: Ryuuji|200\/282 brn|[from] brn
|turn|17
|
|switch|p2a: Florges|Florges, F, shiny|360\/360
|move|p1a: Ryuuji|Giga Drain|p2a: Florges
|-crit|p2a: Florges
|-damage|p2a: Florges|230\/360
|-heal|p1a: Ryuuji|265\/282 brn|[from] drain|[of] p2a: Florges
|-damage|p1a: Ryuuji|237\/282 brn|[from] item: Life Orb
|
|-heal|p2a: Florges|252\/360|[from] item: Leftovers
|-damage|p1a: Ryuuji|202\/282 brn|[from] brn
|turn|18
|
|switch|p1a: Yunikon|Rhyperior, F|388\/434
|move|p2a: Florges|Wish|p2a: Florges
|
|-heal|p2a: Florges|274\/360|[from] item: Leftovers
|-heal|p1a: Yunikon|415\/434|[from] item: Leftovers
|turn|19
|
|move|p2a: Florges|Protect|p2a: Florges
|-singleturn|p2a: Florges|Protect
|move|p1a: Yunikon|Stone Edge|p2a: Florges
|-activate|p2a: Florges|Protect
|
|-heal|p2a: Florges|360\/360|[from] move: Wish|[wisher] Florges
|-heal|p1a: Yunikon|434\/434|[from] item: Leftovers
|turn|20
|
|switch|p2a: Suicune|Suicune, shiny|404\/404
|-ability|p2a: Suicune|Pressure
|move|p1a: Yunikon|Stealth Rock|p2a: Suicune
|-sidestart|p2: My name is Yonkers|move: Stealth Rock
|
|turn|21
|
|switch|p1a: Ryuuji|Sceptile, M|202\/282 brn
|move|p2a: Suicune|Scald|p1a: Ryuuji
|-resisted|p1a: Ryuuji
|-damage|p1a: Ryuuji|151\/282 brn
|
|-damage|p1a: Ryuuji|116\/282 brn|[from] brn
|turn|22
|
|switch|p2a: Florges|Florges, F, shiny|360\/360
|-damage|p2a: Florges|315\/360|[from] Stealth Rock
|move|p1a: Ryuuji|Giga Drain|p2a: Florges
|-damage|p2a: Florges|221\/360
|-heal|p1a: Ryuuji|163\/282 brn|[from] drain|[of] p2a: Florges
|-damage|p1a: Ryuuji|135\/282 brn|[from] item: Life Orb
|
|-heal|p2a: Florges|243\/360|[from] item: Leftovers
|-damage|p1a: Ryuuji|100\/282 brn|[from] brn
|turn|23
|
|switch|p1a: Kaizaru|Infernape, M|293\/293
|move|p2a: Florges|Wish|p2a: Florges
|
|-heal|p2a: Florges|265\/360|[from] item: Leftovers
|turn|24
|
|move|p2a: Florges|Protect|p2a: Florges
|-singleturn|p2a: Florges|Protect
|move|p1a: Kaizaru|Flare Blitz|p2a: Florges
|-activate|p2a: Florges|Protect
|
|-heal|p2a: Florges|360\/360|[from] move: Wish|[wisher] Florges
|turn|25
|
|switch|p1a: Ryuuji|Sceptile, M|100\/282 brn
|switch|p2a: Gligar|Gligar, F, shiny|223\/334
|-damage|p2a: Gligar|182\/334|[from] Stealth Rock
|
|-damage|p1a: Ryuuji|65\/282 brn|[from] brn
|turn|26
|
|switch|p2a: Florges|Florges, F, shiny|360\/360
|-damage|p2a: Florges|315\/360|[from] Stealth Rock
|move|p1a: Ryuuji|Giga Drain|p2a: Florges
|-damage|p2a: Florges|179\/360
|-heal|p1a: Ryuuji|133\/282 brn|[from] drain|[of] p2a: Florges
|-damage|p1a: Ryuuji|105\/282 brn|[from] item: Life Orb
|
|-heal|p2a: Florges|201\/360|[from] item: Leftovers
|-damage|p1a: Ryuuji|70\/282 brn|[from] brn
|turn|27
|
|move|p1a: Ryuuji|Leaf Storm|p2a: Florges
|-damage|p2a: Florges|0 fnt
|-unboost|p1a: Ryuuji|spa|2
|-damage|p1a: Ryuuji|42\/282 brn|[from] item: Life Orb
|faint|p2a: Florges
|
|-damage|p1a: Ryuuji|7\/282 brn|[from] brn
|
|switch|p2a: Rotom-Heat|Rotom-Heat, shiny|241\/241
|-damage|p2a: Rotom-Heat|181\/241|[from] Stealth Rock
|turn|28
|
|switch|p1a: NegaiHoshi|Umbreon, F|184\/394
|move|p2a: Rotom-Heat|Volt Switch|p1a: NegaiHoshi
|-damage|p1a: NegaiHoshi|118\/394
|
|switch|p2a: Gligar|Gligar, F, shiny|182\/334
|-damage|p2a: Gligar|141\/334|[from] Stealth Rock
|
|turn|29
|
|move|p1a: NegaiHoshi|Heal Bell|p1a: NegaiHoshi
|-cureteam|p1a: NegaiHoshi|[from] move: HealBell
|move|p2a: Gligar|Defog|p1a: NegaiHoshi
|-unboost|p1a: NegaiHoshi|evasion|1
|-sideend|p2: My name is Yonkers|Stealth Rock|[from] move: Defog|[of] p2a: Gligar
|
|turn|30
|
|switch|p1a: Yunikon|Rhyperior, F|434\/434
|move|p2a: Gligar|Roost|p2a: Gligar
|-heal|p2a: Gligar|308\/334
|
|turn|31
|
|switch|p2a: Suicune|Suicune, shiny|404\/404
|-ability|p2a: Suicune|Pressure
|switch|p1a: Onimori|Crobat, M|333\/373
|
|turn|32
|
|move|p1a: Onimori|Brave Bird|p2a: Suicune
|-damage|p2a: Suicune|310\/404
|-damage|p1a: Onimori|302\/373|[from] recoil|[of] p2a: Suicune
|move|p2a: Suicune|Scald|p1a: Onimori
|-crit|p1a: Onimori
|-damage|p1a: Onimori|134\/373
|
|-heal|p2a: Suicune|335\/404|[from] item: Leftovers
|turn|33
|
|move|p1a: Onimori|U-turn|p2a: Suicune
|-damage|p2a: Suicune|301\/404
|
|switch|p1a: Kaizaru|Infernape, M|293\/293
|move|p2a: Suicune|Scald|p1a: Kaizaru
|-supereffective|p1a: Kaizaru
|-damage|p1a: Kaizaru|51\/293
|
|-heal|p2a: Suicune|326\/404|[from] item: Leftovers
|turn|34
|
|move|p1a: Kaizaru|Close Combat|p2a: Suicune
|-damage|p2a: Suicune|155\/404
|-unboost|p1a: Kaizaru|def|1
|-unboost|p1a: Kaizaru|spd|1
|move|p2a: Suicune|Scald|p1a: Kaizaru
|-supereffective|p1a: Kaizaru
|-damage|p1a: Kaizaru|0 fnt
|faint|p1a: Kaizaru
|
|-heal|p2a: Suicune|180\/404|[from] item: Leftovers
|
|switch|p1a: Ryuuji|Sceptile, M|7\/282
|turn|35
|
|switch|p2a: Gligar|Gligar, F, shiny|308\/334
|move|p1a: Ryuuji|Giga Drain|p2a: Gligar
|-damage|p2a: Gligar|55\/334
|-heal|p1a: Ryuuji|134\/282|[from] drain|[of] p2a: Gligar
|-damage|p1a: Ryuuji|106\/282|[from] item: Life Orb
|
|turn|36
|
|move|p1a: Ryuuji|Giga Drain|p2a: Gligar
|-damage|p2a: Gligar|0 fnt
|-heal|p1a: Ryuuji|134\/282|[from] drain|[of] p2a: Gligar
|-damage|p1a: Ryuuji|106\/282|[from] item: Life Orb
|faint|p2a: Gligar
|
|
|switch|p2a: Toxicroak|Toxicroak, M, shiny|275\/370
|turn|37
|
|switch|p1a: Yunikon|Rhyperior, F|434\/434
|move|p2a: Toxicroak|Poison Jab|p1a: Yunikon
|-crit|p1a: Yunikon
|-resisted|p1a: Yunikon
|-damage|p1a: Yunikon|403\/434
|
|-heal|p1a: Yunikon|430\/434|[from] item: Leftovers
|turn|38
|
|switch|p2a: Suicune|Suicune, shiny|180\/404
|-ability|p2a: Suicune|Pressure
|move|p1a: Yunikon|Earthquake|p2a: Suicune
|-damage|p2a: Suicune|77\/404
|
|-heal|p2a: Suicune|102\/404|[from] item: Leftovers
|-heal|p1a: Yunikon|434\/434|[from] item: Leftovers
|turn|39
|
|switch|p1a: Ryuuji|Sceptile, M|106\/282
|move|p2a: Suicune|Rest|p2a: Suicune
|-status|p2a: Suicune|slp
|-heal|p2a: Suicune|404\/404 slp|[silent]
|-status|p2a: Suicune|slp|[from] move: Rest
|
|turn|40
|
|switch|p2a: Rotom-Heat|Rotom-Heat, shiny|181\/241
|move|p1a: Ryuuji|Giga Drain|p2a: Rotom-Heat
|-crit|p2a: Rotom-Heat
|-resisted|p2a: Rotom-Heat
|-damage|p2a: Rotom-Heat|64\/241
|-heal|p1a: Ryuuji|165\/282|[from] drain|[of] p2a: Rotom-Heat
|-damage|p1a: Ryuuji|137\/282|[from] item: Life Orb
|
|-heal|p2a: Rotom-Heat|79\/241|[from] item: Leftovers
|turn|41
|
|move|p1a: Ryuuji|Dragon Pulse|p2a: Rotom-Heat
|-damage|p2a: Rotom-Heat|0 fnt
|-damage|p1a: Ryuuji|109\/282|[from] item: Life Orb
|faint|p2a: Rotom-Heat
|
|
|switch|p2a: Toxicroak|Toxicroak, M, shiny|275\/370
|turn|42
|
|switch|p1a: Onimori|Crobat, M|134\/373
|move|p2a: Toxicroak|Knock Off|p1a: Onimori
|-damage|p1a: Onimori|49\/373
|
|turn|43
|
|switch|p2a: Suicune|Suicune, shiny|404\/404 slp
|-ability|p2a: Suicune|Pressure
|move|p1a: Onimori|Roost|p1a: Onimori
|-heal|p1a: Onimori|236\/373
|
|turn|44
|
|move|p1a: Onimori|U-turn|p2a: Suicune
|-damage|p2a: Suicune|369\/404 slp
|
|switch|p1a: Ryuuji|Sceptile, M|109\/282
|cant|p2a: Suicune|slp
|move|p2a: Suicune|Sleep Talk|p2a: Suicune
|move|p2a: Suicune|Rest|p2a: Suicune|[from]Sleep Talk
|-fail|p2a: Suicune
|
|-heal|p2a: Suicune|394\/404 slp|[from] item: Leftovers
|turn|45
|
|move|p1a: Ryuuji|Giga Drain|p2a: Suicune
|-supereffective|p2a: Suicune
|-damage|p2a: Suicune|113\/404 slp
|-heal|p1a: Ryuuji|250\/282|[from] drain|[of] p2a: Suicune
|-damage|p1a: Ryuuji|222\/282|[from] item: Life Orb
|cant|p2a: Suicune|slp
|move|p2a: Suicune|Sleep Talk|p2a: Suicune
|move|p2a: Suicune|Rest|p2a: Suicune|[from]Sleep Talk
|-fail|p2a: Suicune
|
|-heal|p2a: Suicune|138\/404 slp|[from] item: Leftovers
|turn|46
|c|★My name is Yonkers|gg
|c|★Sjir-sama|gg
|-message|My name is Yonkers forfeited.
|
|win|Sjir-sama
|raw|Ladder updating...
|raw|Sjir-sama's rating: 1436 &rarr; <strong>1450<\/strong><br \/>(+14 for winning)
|raw|My name is Yonkers's rating: 1314 &rarr; <strong>1301<\/strong><br \/>(-13 for losing)
|leave|My name is Yonkers
|player|p2