|join|Sjir-sama
|join|Thisbemyalt
|player|p1|Sjir-sama|164
|player|p2|Thisbemyalt|251
|gametype|singles
|gen|6
|tier|UU
|rated
|rule|Sleep Clause Mod: Limit one foe put to sleep
|rule|Species Clause: Limit one of each Pokémon
|rule|OHKO Clause: OHKO moves are banned
|rule|Moody Clause: Moody is banned
|rule|Evasion Moves Clause: Evasion moves are banned
|rule|Endless Battle Clause: Forcing endless battles is banned
|rule|HP Percentage Mod: HP is shown in percentages
|clearpoke
|poke|p1|Jolteon, M
|poke|p1|Torterra, M
|poke|p1|Umbreon, F
|poke|p1|Blastoise, M
|poke|p1|Mienshao, M
|poke|p1|Chandelure, F
|poke|p2|Delphox, M
|poke|p2|Cobalion
|poke|p2|Shaymin
|poke|p2|Hydreigon, F
|poke|p2|Aerodactyl, M
|poke|p2|Florges, F
|rule|Swagger Clause: Swagger is banned
|rule|Baton Pass Clause: Limit one Pokémon knowing Baton Pass
|teampreview
|
|start
|switch|p1a: Susano|Jolteon, M|272\/272
|switch|p2a: Florges|Florges, F|360\/360
|turn|1
|
|move|p1a: Susano|Volt Switch|p2a: Florges
|-damage|p2a: Florges|252\/360
|
|switch|p1a: Matsumi|Torterra, M|394\/394
|move|p2a: Florges|Moonblast|p1a: Matsumi
|-damage|p1a: Matsumi|261\/394
|
|-heal|p2a: Florges|274\/360|[from] item: Leftovers
|-heal|p1a: Matsumi|285\/394|[from] item: Leftovers
|turn|2
|
|move|p2a: Florges|Wish|p2a: Florges
|move|p1a: Matsumi|Stealth Rock|p2a: Florges
|-sidestart|p2: Thisbemyalt|move: Stealth Rock
|
|-heal|p2a: Florges|296\/360|[from] item: Leftovers
|-heal|p1a: Matsumi|309\/394|[from] item: Leftovers
|turn|3
|
|switch|p2a: Shaymin|Shaymin|341\/341
|-damage|p2a: Shaymin|299\/341|[from] Stealth Rock
|move|p1a: Matsumi|Leech Seed|p2a: Shaymin
|-immune|p2a: Shaymin|[msg]
|
|-heal|p2a: Shaymin|341\/341|[from] move: Wish|[wisher] Florges
|-heal|p1a: Matsumi|333\/394|[from] item: Leftovers
|turn|4
|
|switch|p1a: NegaiHoshi|Umbreon, F|394\/394
|move|p2a: Shaymin|Seed Flare|p1a: NegaiHoshi
|-damage|p1a: NegaiHoshi|250\/394
|-damage|p2a: Shaymin|307\/341|[from] item: Life Orb
|
|-heal|p1a: NegaiHoshi|274\/394|[from] item: Leftovers
|turn|5
|
|move|p2a: Shaymin|Seed Flare|p1a: NegaiHoshi
|-damage|p1a: NegaiHoshi|138\/394
|-unboost|p1a: NegaiHoshi|spd|2
|-damage|p2a: Shaymin|273\/341|[from] item: Life Orb
|move|p1a: NegaiHoshi|Wish|p1a: NegaiHoshi
|
|-heal|p1a: NegaiHoshi|162\/394|[from] item: Leftovers
|turn|6
|
|move|p1a: NegaiHoshi|Protect|p1a: NegaiHoshi
|-singleturn|p1a: NegaiHoshi|Protect
|move|p2a: Shaymin|Earth Power|p1a: NegaiHoshi
|-activate|p1a: NegaiHoshi|Protect
|
|-heal|p1a: NegaiHoshi|359\/394|[from] move: Wish|[wisher] NegaiHoshi
|-heal|p1a: NegaiHoshi|383\/394|[from] item: Leftovers
|turn|7
|
|switch|p1a: Shiranui|Chandelure, F|261\/261
|move|p2a: Shaymin|Seed Flare|p1a: Shiranui|[miss]
|-miss|p2a: Shaymin|p1a: Shiranui
|
|turn|8
|
|switch|p2a: Hydreigon|Hydreigon, F|325\/325
|-damage|p2a: Hydreigon|285\/325|[from] Stealth Rock
|move|p1a: Shiranui|Trick|p2a: Hydreigon
|-activate|p1a: Shiranui|move: Trick|[of] p2a: Hydreigon
|-item|p2a: Hydreigon|Choice Scarf|[from] move: Trick
|-item|p1a: Shiranui|Choice Scarf|[from] move: Trick
|
|turn|9
|
|switch|p1a: NegaiHoshi|Umbreon, F|383\/394
|move|p2a: Hydreigon|U-turn|p1a: NegaiHoshi
|-supereffective|p1a: NegaiHoshi
|-damage|p1a: NegaiHoshi|267\/394
|
|switch|p2a: Cobalion|Cobalion|324\/324
|-damage|p2a: Cobalion|314\/324|[from] Stealth Rock
|
|-heal|p1a: NegaiHoshi|291\/394|[from] item: Leftovers
|turn|10
|
|switch|p1a: Hiruko|Blastoise, M|362\/362
|move|p2a: Cobalion|Stone Edge|p1a: Hiruko
|-damage|p1a: Hiruko|297\/362
|
|turn|11
|
|switch|p2a: Florges|Florges, F|296\/360
|-damage|p2a: Florges|251\/360|[from] Stealth Rock
|detailschange|p1a: Hiruko|Blastoise-Mega, M
|message|Blastoise has Mega Evolved into Mega Blastoise!
|move|p1a: Hiruko|Aura Sphere|p2a: Florges
|-resisted|p2a: Florges
|-damage|p2a: Florges|213\/360
|
|-heal|p2a: Florges|235\/360|[from] item: Leftovers
|turn|12
|
|switch|p1a: Shiranui|Chandelure, F|261\/261
|move|p2a: Florges|Wish|p2a: Florges
|
|-heal|p2a: Florges|257\/360|[from] item: Leftovers
|turn|13
|
|switch|p2a: Hydreigon|Hydreigon, F|285\/325
|-damage|p2a: Hydreigon|245\/325|[from] Stealth Rock
|move|p1a: Shiranui|Fire Blast|p2a: Hydreigon
|-resisted|p2a: Hydreigon
|-damage|p2a: Hydreigon|139\/325
|
|-heal|p2a: Hydreigon|319\/325|[from] move: Wish|[wisher] Florges
|turn|14
|
|switch|p1a: NegaiHoshi|Umbreon, F|291\/394
|move|p2a: Hydreigon|Draco Meteor|p1a: NegaiHoshi
|-damage|p1a: NegaiHoshi|161\/394
|-unboost|p2a: Hydreigon|spa|2
|
|-heal|p1a: NegaiHoshi|185\/394|[from] item: Leftovers
|turn|15
|
|switch|p2a: Shaymin|Shaymin|273\/341
|-damage|p2a: Shaymin|231\/341|[from] Stealth Rock
|move|p1a: NegaiHoshi|Wish|p1a: NegaiHoshi
|
|-heal|p1a: NegaiHoshi|209\/394|[from] item: Leftovers
|turn|16
|
|move|p2a: Shaymin|Seed Flare|p1a: NegaiHoshi
|-damage|p1a: NegaiHoshi|65\/394
|-damage|p2a: Shaymin|197\/341|[from] item: Life Orb
|move|p1a: NegaiHoshi|Foul Play|p2a: Shaymin
|-damage|p2a: Shaymin|98\/341
|
|-heal|p1a: NegaiHoshi|262\/394|[from] move: Wish|[wisher] NegaiHoshi
|-heal|p1a: NegaiHoshi|286\/394|[from] item: Leftovers
|turn|17
|
|move|p2a: Shaymin|Rest|p2a: Shaymin
|-status|p2a: Shaymin|slp
|-heal|p2a: Shaymin|341\/341 slp|[silent]
|-status|p2a: Shaymin|slp|[from] move: Rest
|move|p1a: NegaiHoshi|Foul Play|p2a: Shaymin
|-crit|p2a: Shaymin
|-damage|p2a: Shaymin|184\/341 slp
|
|-heal|p1a: NegaiHoshi|310\/394|[from] item: Leftovers
|turn|18
|
|switch|p2a: Cobalion|Cobalion|314\/324
|-damage|p2a: Cobalion|304\/324|[from] Stealth Rock
|move|p1a: NegaiHoshi|Foul Play|p2a: Cobalion
|-resisted|p2a: Cobalion
|-damage|p2a: Cobalion|252\/324
|-boost|p2a: Cobalion|atk|1|[from] ability: Justified
|
|-heal|p1a: NegaiHoshi|334\/394|[from] item: Leftovers
|turn|19
|
|move|p1a: NegaiHoshi|Protect|p1a: NegaiHoshi
|-singleturn|p1a: NegaiHoshi|Protect
|move|p2a: Cobalion|Stone Edge|p1a: NegaiHoshi
|-activate|p1a: NegaiHoshi|Protect
|
|-heal|p1a: NegaiHoshi|358\/394|[from] item: Leftovers
|turn|20
|
|switch|p1a: Matsumi|Torterra, M|333\/394
|move|p2a: Cobalion|Stone Edge|p1a: Matsumi
|-resisted|p1a: Matsumi
|-damage|p1a: Matsumi|288\/394
|
|-heal|p1a: Matsumi|312\/394|[from] item: Leftovers
|turn|21
|
|move|p2a: Cobalion|Substitute|p2a: Cobalion
|-start|p2a: Cobalion|Substitute
|-damage|p2a: Cobalion|171\/324
|move|p1a: Matsumi|Wood Hammer|p2a: Cobalion
|-resisted|p2a: Cobalion
|-activate|p2a: Cobalion|Substitute|[damage]
|-damage|p1a: Matsumi|293\/394|[from] recoil|[of] p2a: Cobalion
|
|-heal|p1a: Matsumi|317\/394|[from] item: Leftovers
|turn|22
|
|move|p2a: Cobalion|Close Combat|p1a: Matsumi
|-damage|p1a: Matsumi|139\/394
|-unboost|p2a: Cobalion|def|1
|-unboost|p2a: Cobalion|spd|1
|move|p1a: Matsumi|Earthquake|p2a: Cobalion
|-supereffective|p2a: Cobalion
|-end|p2a: Cobalion|Substitute
|
|-heal|p1a: Matsumi|163\/394|[from] item: Leftovers
|turn|23
|
|move|p2a: Cobalion|Close Combat|p1a: Matsumi
|-damage|p1a: Matsumi|3\/394
|-unboost|p2a: Cobalion|def|1
|-unboost|p2a: Cobalion|spd|1
|move|p1a: Matsumi|Earthquake|p2a: Cobalion
|-supereffective|p2a: Cobalion
|-damage|p2a: Cobalion|0 fnt
|faint|p2a: Cobalion
|
|-heal|p1a: Matsumi|27\/394|[from] item: Leftovers
|
|switch|p2a: Aerodactyl|Aerodactyl, M|302\/302
|-damage|p2a: Aerodactyl|227\/302|[from] Stealth Rock
|-ability|p2a: Aerodactyl|Pressure
|turn|24
|
|move|p2a: Aerodactyl|Stone Edge|p1a: Matsumi
|-crit|p1a: Matsumi
|-resisted|p1a: Matsumi
|-damage|p1a: Matsumi|0 fnt
|faint|p1a: Matsumi
|
|
|switch|p1a: Susano|Jolteon, M|272\/272
|turn|25
|
|switch|p2a: Shaymin|Shaymin|184\/341
|-damage|p2a: Shaymin|142\/341|[from] Stealth Rock
|move|p1a: Susano|Volt Switch|p2a: Shaymin
|-resisted|p2a: Shaymin
|-damage|p2a: Shaymin|63\/341
|
|switch|p1a: Shorinji|Mienshao, M|271\/271
|
|turn|26
|
|switch|p2a: Aerodactyl|Aerodactyl, M|227\/302
|-damage|p2a: Aerodactyl|152\/302|[from] Stealth Rock
|-ability|p2a: Aerodactyl|Pressure
|move|p1a: Shorinji|U-turn|p2a: Aerodactyl
|-resisted|p2a: Aerodactyl
|-damage|p2a: Aerodactyl|77\/302
|-damage|p1a: Shorinji|244\/271|[from] item: Life Orb
|
|switch|p1a: Susano|Jolteon, M|272\/272
|
|turn|27
|
|detailschange|p2a: Aerodactyl|Aerodactyl-Mega, M
|message|Aerodactyl has Mega Evolved into Mega Aerodactyl!
|move|p2a: Aerodactyl|Defog|p1a: Susano
|-unboost|p1a: Susano|evasion|1
|-sideend|p2: Thisbemyalt|Stealth Rock|[from] move: Defog|[of] p2a: Aerodactyl
|move|p1a: Susano|Volt Switch|p2a: Aerodactyl
|-supereffective|p2a: Aerodactyl
|-damage|p2a: Aerodactyl|0 fnt
|faint|p2a: Aerodactyl
|
|switch|p1a: Shorinji|Mienshao, M|271\/271
|
|
|switch|p2a: Hydreigon|Hydreigon, F|319\/325
|turn|28
|
|switch|p1a: Shiranui|Chandelure, F|261\/261
|move|p2a: Hydreigon|Draco Meteor|p1a: Shiranui
|-damage|p1a: Shiranui|20\/261
|-unboost|p2a: Hydreigon|spa|2
|
|turn|29
|
|move|p2a: Hydreigon|Draco Meteor|p1a: Shiranui
|-damage|p1a: Shiranui|0 fnt
|-unboost|p2a: Hydreigon|spa|2
|faint|p1a: Shiranui
|
|
|switch|p1a: Shorinji|Mienshao, M|271\/271
|turn|30
|
|switch|p2a: Florges|Florges, F|257\/360
|move|p1a: Shorinji|Knock Off|p2a: Florges
|-crit|p2a: Florges
|-resisted|p2a: Florges
|-damage|p2a: Florges|143\/360
|-enditem|p2a: Florges|Leftovers|[from] move: Knock Off|[of] p1a: Shorinji
|-damage|p1a: Shorinji|244\/271|[from] item: Life Orb
|
|turn|31
|
|move|p1a: Shorinji|Poison Jab|p2a: Florges
|-supereffective|p2a: Florges
|-damage|p2a: Florges|0 fnt
|-damage|p1a: Shorinji|217\/271|[from] item: Life Orb
|faint|p2a: Florges
|
|
|switch|p2a: Hydreigon|Hydreigon, F|319\/325
|turn|32
|
|switch|p1a: Hiruko|Blastoise-Mega, M|297\/362
|move|p2a: Hydreigon|Draco Meteor|p1a: Hiruko
|-damage|p1a: Hiruko|89\/362
|-unboost|p2a: Hydreigon|spa|2
|
|turn|33
|
|switch|p1a: NegaiHoshi|Umbreon, F|358\/394
|move|p2a: Hydreigon|Draco Meteor|p1a: NegaiHoshi
|-damage|p1a: NegaiHoshi|289\/394
|-unboost|p2a: Hydreigon|spa|2
|
|-heal|p1a: NegaiHoshi|313\/394|[from] item: Leftovers
|turn|34
|
|switch|p2a: Delphox|Delphox, M|292\/292
|move|p1a: NegaiHoshi|Foul Play|p2a: Delphox
|-supereffective|p2a: Delphox
|-damage|p2a: Delphox|104\/292
|
|-heal|p1a: NegaiHoshi|337\/394|[from] item: Leftovers
|turn|35
|
|move|p2a: Delphox|Overheat|p1a: NegaiHoshi
|-crit|p1a: NegaiHoshi
|-damage|p1a: NegaiHoshi|58\/394
|-unboost|p2a: Delphox|spa|2
|move|p1a: NegaiHoshi|Foul Play|p2a: Delphox
|-supereffective|p2a: Delphox
|-damage|p2a: Delphox|0 fnt
|faint|p2a: Delphox
|
|-heal|p1a: NegaiHoshi|82\/394|[from] item: Leftovers
|
|switch|p2a: Shaymin|Shaymin|63\/341
|turn|36
|
|move|p2a: Shaymin|Seed Flare|p1a: NegaiHoshi
|-damage|p1a: NegaiHoshi|0 fnt
|-damage|p2a: Shaymin|29\/341|[from] item: Life Orb
|faint|p1a: NegaiHoshi
|
|
|switch|p1a: Susano|Jolteon, M|272\/272
|turn|37
|
|switch|p2a: Hydreigon|Hydreigon, F|319\/325
|move|p1a: Susano|Volt Switch|p2a: Hydreigon
|-resisted|p2a: Hydreigon
|-damage|p2a: Hydreigon|235\/325
|
|switch|p1a: Hiruko|Blastoise-Mega, M|89\/362
|
|turn|38
|
|move|p2a: Hydreigon|Dark Pulse|p1a: Hiruko
|-damage|p1a: Hiruko|0 fnt
|faint|p1a: Hiruko
|
|
|switch|p1a: Shorinji|Mienshao, M|271\/271
|turn|39
|
|switch|p2a: Shaymin|Shaymin|29\/341
|move|p1a: Shorinji|U-turn|p2a: Shaymin
|-supereffective|p2a: Shaymin
|-damage|p2a: Shaymin|0 fnt
|-damage|p1a: Shorinji|244\/271|[from] item: Life Orb
|faint|p2a: Shaymin
|
|switch|p1a: Susano|Jolteon, M|272\/272
|
|
|switch|p2a: Hydreigon|Hydreigon, F|235\/325
|turn|40
|
|move|p2a: Hydreigon|Draco Meteor|p1a: Susano
|-damage|p1a: Susano|23\/272
|-unboost|p2a: Hydreigon|spa|2
|move|p1a: Susano|Hidden Power|p2a: Hydreigon
|-supereffective|p2a: Hydreigon
|-damage|p2a: Hydreigon|15\/325
|
|turn|41
|c|★Sjir-sama|gg
|
|move|p2a: Hydreigon|Draco Meteor|p1a: Susano|[miss]
|-miss|p2a: Hydreigon|p1a: Susano
|move|p1a: Susano|Hidden Power|p2a: Hydreigon
|-supereffective|p2a: Hydreigon
|-damage|p2a: Hydreigon|0 fnt
|faint|p2a: Hydreigon
|
|win|Sjir-sama
|raw|Ladder updating...
|raw|Sjir-sama's rating: 1427 &rarr; <strong>1450<\/strong><br \/>(+23 for winning)
|raw|Thisbemyalt's rating: 1479 &rarr; <strong>1456<\/strong><br \/>(-23 for losing)
|c|★Thisbemyalt|g
|c|★Thisbemyalt|g
|leave|Thisbemyalt
|player|p2