|join|Mengde
|join|Sjir-sama
|player|p1|Mengde|1
|player|p2|Sjir-sama|164
|gametype|singles
|gen|6
|tier|UU
|rated
|rule|Sleep Clause Mod: Limit one foe put to sleep
|rule|Species Clause: Limit one of each Pokémon
|rule|OHKO Clause: OHKO moves are banned
|rule|Moody Clause: Moody is banned
|rule|Evasion Moves Clause: Evasion moves are banned
|rule|Endless Battle Clause: Forcing endless battles is banned
|rule|HP Percentage Mod: HP is shown in percentages
|clearpoke
|poke|p1|Zygarde
|poke|p1|Forretress, M
|poke|p1|Arcanine, M
|poke|p1|Beedrill, M
|poke|p1|Shaymin
|poke|p1|Dugtrio, M
|poke|p2|Sceptile, M
|poke|p2|Infernape, M
|poke|p2|Crobat, M
|poke|p2|Umbreon, F
|poke|p2|Rhyperior, F
|poke|p2|Suicune
|rule|Swagger Clause: Swagger is banned
|rule|Baton Pass Clause: Limit one Pokémon knowing Baton Pass
|teampreview
|c|★Sjir-sama|gl
|
|start
|switch|p1a: Arcanine|Arcanine, M|383\/383
|switch|p2a: Hikari|Suicune|404\/404
|-ability|p1a: Arcanine|Intimidate|[of] p2a: Hikari
|-unboost|p2a: Hikari|atk|1
|-ability|p2a: Hikari|Pressure
|turn|1
|
|switch|p1a: Shaymin|Shaymin|341\/341
|move|p2a: Hikari|Calm Mind|p2a: Hikari
|-boost|p2a: Hikari|spa|1
|-boost|p2a: Hikari|spd|1
|
|turn|2
|
|move|p1a: Shaymin|Leech Seed|p2a: Hikari
|-start|p2a: Hikari|move: Leech Seed
|move|p2a: Hikari|Calm Mind|p2a: Hikari
|-boost|p2a: Hikari|spa|1
|-boost|p2a: Hikari|spd|1
|
|-damage|p2a: Hikari|354\/404|[from] Leech Seed|[of] p1a: Shaymin
|turn|3
|
|move|p1a: Shaymin|Seed Flare|p2a: Hikari|[miss]
|-miss|p1a: Shaymin|p2a: Hikari
|move|p2a: Hikari|Calm Mind|p2a: Hikari
|-boost|p2a: Hikari|spa|1
|-boost|p2a: Hikari|spd|1
|
|-heal|p2a: Hikari|379\/404|[from] item: Leftovers
|-damage|p2a: Hikari|329\/404|[from] Leech Seed|[of] p1a: Shaymin
|turn|4
|
|move|p1a: Shaymin|Seed Flare|p2a: Hikari
|-supereffective|p2a: Hikari
|-damage|p2a: Hikari|195\/404
|move|p2a: Hikari|Scald|p1a: Shaymin
|-resisted|p1a: Shaymin
|-damage|p1a: Shaymin|230\/341
|-status|p1a: Shaymin|brn
|
|-heal|p1a: Shaymin|251\/341 brn|[from] item: Leftovers
|-heal|p2a: Hikari|220\/404|[from] item: Leftovers
|-damage|p2a: Hikari|170\/404|[from] Leech Seed|[of] p1a: Shaymin
|-heal|p1a: Shaymin|301\/341 brn|[silent]
|-damage|p1a: Shaymin|259\/341 brn|[from] brn
|turn|5
|
|move|p1a: Shaymin|Seed Flare|p2a: Hikari
|-supereffective|p2a: Hikari
|-damage|p2a: Hikari|50\/404
|move|p2a: Hikari|Rest|p2a: Hikari
|-status|p2a: Hikari|slp
|-heal|p2a: Hikari|404\/404 slp|[silent]
|-status|p2a: Hikari|slp|[from] move: Rest
|
|-heal|p1a: Shaymin|280\/341 brn|[from] item: Leftovers
|-damage|p2a: Hikari|354\/404 slp|[from] Leech Seed|[of] p1a: Shaymin
|-heal|p1a: Shaymin|330\/341 brn|[silent]
|-damage|p1a: Shaymin|288\/341 brn|[from] brn
|turn|6
|
|switch|p1a: Beedrill|Beedrill, M|272\/272
|switch|p2a: Ryuuji|Sceptile, M|281\/281
|
|turn|7
|
|detailschange|p2a: Ryuuji|Sceptile-Mega, M
|message|Sceptile has Mega Evolved into Mega Sceptile!
|detailschange|p1a: Beedrill|Beedrill-Mega, M
|message|Beedrill has Mega Evolved into Mega Beedrill!
|move|p2a: Ryuuji|Dragon Pulse|p1a: Beedrill
|-damage|p1a: Beedrill|64\/272
|move|p1a: Beedrill|U-turn|p2a: Ryuuji
|-supereffective|p2a: Ryuuji
|-damage|p2a: Ryuuji|0 fnt
|faint|p2a: Ryuuji
|
|switch|p1a: Arcanine|Arcanine, M|383\/383
|
|
|switch|p2a: Yunikon|Rhyperior, F|434\/434
|turn|8
|
|switch|p1a: Forretress|Forretress, M|354\/354
|move|p2a: Yunikon|Earthquake|p1a: Forretress
|-damage|p1a: Forretress|263\/354
|
|-heal|p1a: Forretress|285\/354|[from] item: Leftovers
|turn|9
|
|move|p2a: Yunikon|Earthquake|p1a: Forretress
|-damage|p1a: Forretress|179\/354
|move|p1a: Forretress|Stealth Rock|p2a: Yunikon
|-sidestart|p2: Sjir-sama|move: Stealth Rock
|
|-heal|p1a: Forretress|201\/354|[from] item: Leftovers
|turn|10
|
|move|p2a: Yunikon|Earthquake|p1a: Forretress
|-damage|p1a: Forretress|99\/354
|move|p1a: Forretress|Gyro Ball|p2a: Yunikon
|-supereffective|p2a: Yunikon
|-damage|p2a: Yunikon|397\/434
|
|-heal|p2a: Yunikon|424\/434|[from] item: Leftovers
|-heal|p1a: Forretress|121\/354|[from] item: Leftovers
|turn|11
|
|switch|p1a: Shaymin|Shaymin|288\/341
|move|p2a: Yunikon|Megahorn|p1a: Shaymin|[miss]
|-miss|p2a: Yunikon|p1a: Shaymin
|
|-heal|p1a: Shaymin|309\/341|[from] item: Leftovers
|-heal|p2a: Yunikon|434\/434|[from] item: Leftovers
|turn|12
|
|move|p1a: Shaymin|Psychic|p2a: Yunikon
|-damage|p2a: Yunikon|299\/434
|move|p2a: Yunikon|Megahorn|p1a: Shaymin
|-crit|p1a: Shaymin
|-supereffective|p1a: Shaymin
|-damage|p1a: Shaymin|0 fnt
|faint|p1a: Shaymin
|
|-heal|p2a: Yunikon|326\/434|[from] item: Leftovers
|
|switch|p1a: Zygarde|Zygarde|383\/383
|-ability|p1a: Zygarde|Aura Break
|turn|13
|
|move|p1a: Zygarde|Dragon Dance|p1a: Zygarde
|-boost|p1a: Zygarde|atk|1
|-boost|p1a: Zygarde|spe|1
|move|p2a: Yunikon|Earthquake|p1a: Zygarde
|-damage|p1a: Zygarde|256\/383
|
|-heal|p2a: Yunikon|353\/434|[from] item: Leftovers
|turn|14
|
|move|p1a: Zygarde|Earthquake|p2a: Yunikon
|-supereffective|p2a: Yunikon
|-damage|p2a: Yunikon|127\/434
|move|p2a: Yunikon|Earthquake|p1a: Zygarde
|-damage|p1a: Zygarde|124\/383
|
|-heal|p2a: Yunikon|154\/434|[from] item: Leftovers
|turn|15
|
|move|p1a: Zygarde|Earthquake|p2a: Yunikon
|-supereffective|p2a: Yunikon
|-damage|p2a: Yunikon|0 fnt
|faint|p2a: Yunikon
|
|
|switch|p2a: NegaiHoshi|Umbreon, F|394\/394
|-damage|p2a: NegaiHoshi|345\/394|[from] Stealth Rock
|turn|16
|
|move|p1a: Zygarde|Earthquake|p2a: NegaiHoshi
|-damage|p2a: NegaiHoshi|102\/394
|move|p2a: NegaiHoshi|Foul Play|p1a: Zygarde
|-damage|p1a: Zygarde|0 fnt
|faint|p1a: Zygarde
|
|-heal|p2a: NegaiHoshi|126\/394|[from] item: Leftovers
|
|switch|p1a: Dugtrio|Dugtrio, M|212\/212
|turn|17
|
|move|p2a: NegaiHoshi|Protect|p2a: NegaiHoshi
|-singleturn|p2a: NegaiHoshi|Protect
|move|p1a: Dugtrio|Earthquake|p2a: NegaiHoshi
|-activate|p2a: NegaiHoshi|Protect
|
|-heal|p2a: NegaiHoshi|150\/394|[from] item: Leftovers
|turn|18
|
|move|p1a: Dugtrio|Earthquake|p2a: NegaiHoshi
|-damage|p2a: NegaiHoshi|0 fnt
|faint|p2a: NegaiHoshi
|
|
|switch|p2a: Hikari|Suicune|354\/404 slp
|-damage|p2a: Hikari|304\/404 slp|[from] Stealth Rock
|-ability|p2a: Hikari|Pressure
|turn|19
|
|move|p1a: Dugtrio|Earthquake|p2a: Hikari
|-damage|p2a: Hikari|172\/404 slp
|cant|p2a: Hikari|slp
|move|p2a: Hikari|Sleep Talk|p2a: Hikari
|move|p2a: Hikari|Scald|p1a: Dugtrio|[from]Sleep Talk
|-supereffective|p1a: Dugtrio
|-damage|p1a: Dugtrio|0 fnt
|faint|p1a: Dugtrio
|
|-heal|p2a: Hikari|197\/404 slp|[from] item: Leftovers
|
|switch|p1a: Beedrill|Beedrill-Mega, M|64\/272
|turn|20
|
|move|p1a: Beedrill|Poison Jab|p2a: Hikari
|-damage|p2a: Hikari|49\/404 slp
|cant|p2a: Hikari|slp
|move|p2a: Hikari|Sleep Talk|p2a: Hikari
|move|p2a: Hikari|Rest|p2a: Hikari|[from]Sleep Talk
|-fail|p2a: Hikari
|
|-heal|p2a: Hikari|74\/404 slp|[from] item: Leftovers
|turn|21
|
|move|p1a: Beedrill|U-turn|p2a: Hikari
|-damage|p2a: Hikari|0 fnt
|faint|p2a: Hikari
|
|switch|p1a: Forretress|Forretress, M|121\/354
|
|-heal|p1a: Forretress|143\/354|[from] item: Leftovers
|
|switch|p2a: Kaizaru|Infernape, M|293\/293
|-damage|p2a: Kaizaru|257\/293|[from] Stealth Rock
|turn|22
|
|switch|p1a: Arcanine|Arcanine, M|383\/383
|-ability|p1a: Arcanine|Intimidate|[of] p2a: Kaizaru
|-unboost|p2a: Kaizaru|atk|1
|move|p2a: Kaizaru|Close Combat|p1a: Arcanine
|-damage|p1a: Arcanine|155\/383
|-unboost|p2a: Kaizaru|def|1
|-unboost|p2a: Kaizaru|spd|1
|
|-heal|p1a: Arcanine|178\/383|[from] item: Leftovers
|turn|23
|
|move|p2a: Kaizaru|Close Combat|p1a: Arcanine
|-damage|p1a: Arcanine|0 fnt
|-unboost|p2a: Kaizaru|def|1
|-unboost|p2a: Kaizaru|spd|1
|faint|p1a: Arcanine
|
|
|switch|p1a: Beedrill|Beedrill-Mega, M|64\/272
|turn|24
|
|move|p1a: Beedrill|Knock Off|p2a: Kaizaru
|-resisted|p2a: Kaizaru
|-damage|p2a: Kaizaru|77\/293
|-enditem|p2a: Kaizaru|Choice Band|[from] move: Knock Off|[of] p1a: Beedrill
|move|p2a: Kaizaru|Close Combat|p1a: Beedrill
|-resisted|p1a: Beedrill
|-damage|p1a: Beedrill|2\/272
|-unboost|p2a: Kaizaru|def|1
|-unboost|p2a: Kaizaru|spd|1
|
|turn|25
|
|move|p2a: Kaizaru|Mach Punch|p1a: Beedrill
|-resisted|p1a: Beedrill
|-damage|p1a: Beedrill|0 fnt
|faint|p1a: Beedrill
|
|c|★Mengde|gg
|
|switch|p1a: Forretress|Forretress, M|143\/354
|turn|26
|c|★Sjir-sama|gg
|
|move|p2a: Kaizaru|Flare Blitz|p1a: Forretress
|-supereffective|p1a: Forretress
|-damage|p1a: Forretress|0 fnt
|-damage|p2a: Kaizaru|30\/293|[from] recoil|[of] p1a: Forretress
|faint|p1a: Forretress
|
|win|Sjir-sama
|raw|Ladder updating...
|leave|Mengde
|player|p1
|raw|Mengde's rating: 1508 &rarr; <strong>1484<\/strong><br \/>(-24 for losing)
|raw|Sjir-sama's rating: 1437 &rarr; <strong>1461<\/strong><br \/>(+24 for winning)