|join|Pheonixmaster
|join|Sjir-sama
|player|p1|Pheonixmaster|167
|player|p2|Sjir-sama|164
|gametype|singles
|gen|6
|tier|UU
|rated
|rule|Sleep Clause Mod: Limit one foe put to sleep
|rule|Species Clause: Limit one of each Pokémon
|rule|OHKO Clause: OHKO moves are banned
|rule|Moody Clause: Moody is banned
|rule|Evasion Moves Clause: Evasion moves are banned
|rule|Endless Battle Clause: Forcing endless battles is banned
|rule|HP Percentage Mod: HP is shown in percentages
|clearpoke
|poke|p1|Medicham, M
|poke|p1|Krookodile, M
|poke|p1|Hydreigon, M
|poke|p1|Crobat, F
|poke|p1|Celebi
|poke|p1|Raikou
|poke|p2|Sceptile, M
|poke|p2|Infernape, M
|poke|p2|Crobat, M
|poke|p2|Umbreon, F
|poke|p2|Rhyperior, F
|poke|p2|Suicune
|rule|Swagger Clause: Swagger is banned
|rule|Baton Pass Clause: Limit one Pokémon knowing Baton Pass
|teampreview
|
|start
|switch|p1a: Rem|Crobat, F|373\/373
|switch|p2a: Onimori|Crobat, M|373\/373
|turn|1
|
|move|p1a: Rem|Acrobatics|p2a: Onimori
|-damage|p2a: Onimori|228\/373
|move|p2a: Onimori|U-turn|p1a: Rem
|-resisted|p1a: Rem
|-damage|p1a: Rem|357\/373
|
|switch|p2a: Yunikon|Rhyperior, F|434\/434
|
|turn|2
|
|move|p1a: Rem|U-turn|p2a: Yunikon
|-damage|p2a: Yunikon|401\/434
|
|switch|p1a: Ryuzaki|Medicham, M|261\/261
|move|p2a: Yunikon|Megahorn|p1a: Ryuzaki
|-damage|p1a: Ryuzaki|93\/261
|
|-heal|p2a: Yunikon|428\/434|[from] item: Leftovers
|turn|3
|
|detailschange|p1a: Ryuzaki|Medicham-Mega, M
|-mega|p1a: Ryuzaki|Medicham|Medichamite
|move|p1a: Ryuzaki|High Jump Kick|p2a: Yunikon
|-supereffective|p2a: Yunikon
|-damage|p2a: Yunikon|73\/434
|move|p2a: Yunikon|Earthquake|p1a: Ryuzaki
|-damage|p1a: Ryuzaki|0 fnt
|faint|p1a: Ryuzaki
|
|-heal|p2a: Yunikon|100\/434|[from] item: Leftovers
|
|switch|p1a: Misa|Celebi|404\/404
|turn|4
|
|switch|p2a: NegaiHoshi|Umbreon, F|394\/394
|move|p1a: Misa|Giga Drain|p2a: NegaiHoshi
|-damage|p2a: NegaiHoshi|340\/394
|
|-heal|p2a: NegaiHoshi|364\/394|[from] item: Leftovers
|turn|5
|
|move|p1a: Misa|Stealth Rock|p2a: NegaiHoshi
|-sidestart|p2: Sjir-sama|move: Stealth Rock
|move|p2a: NegaiHoshi|Wish|p2a: NegaiHoshi
|
|-heal|p2a: NegaiHoshi|388\/394|[from] item: Leftovers
|turn|6
|
|switch|p2a: Onimori|Crobat, M|228\/373
|-damage|p2a: Onimori|135\/373|[from] Stealth Rock
|move|p1a: Misa|Giga Drain|p2a: Onimori
|-resisted|p2a: Onimori
|-damage|p2a: Onimori|109\/373
|
|-heal|p2a: Onimori|306\/373|[from] move: Wish|[wisher] NegaiHoshi
|-heal|p2a: Onimori|329\/373|[from] item: Black Sludge
|turn|7
|
|switch|p1a: Aizawa|Raikou|321\/321
|-ability|p1a: Aizawa|Pressure
|move|p2a: Onimori|Defog|p1a: Aizawa
|-unboost|p1a: Aizawa|evasion|1
|-sideend|p2: Sjir-sama|Stealth Rock|[from] move: Defog|[of] p2a: Onimori
|
|-heal|p2a: Onimori|352\/373|[from] item: Black Sludge
|turn|8
|
|move|p2a: Onimori|U-turn|p1a: Aizawa
|-damage|p1a: Aizawa|244\/321
|
|switch|p2a: NegaiHoshi|Umbreon, F|388\/394
|move|p1a: Aizawa|Hidden Power|p2a: NegaiHoshi
|-damage|p2a: NegaiHoshi|325\/394
|
|-heal|p2a: NegaiHoshi|349\/394|[from] item: Leftovers
|turn|9
|
|switch|p1a: Yagami Light|Krookodile, M|331\/331
|-ability|p1a: Yagami Light|Intimidate|[of] p2a: NegaiHoshi
|-unboost|p2a: NegaiHoshi|atk|1
|switch|p2a: Yunikon|Rhyperior, F|100\/434
|
|-heal|p2a: Yunikon|127\/434|[from] item: Leftovers
|turn|10
|
|switch|p2a: Hikari|Suicune|404\/404
|-ability|p2a: Hikari|Pressure
|move|p1a: Yagami Light|Knock Off|p2a: Hikari
|-damage|p2a: Hikari|238\/404
|-enditem|p2a: Hikari|Leftovers|[from] move: Knock Off|[of] p1a: Yagami Light
|
|turn|11
|
|switch|p1a: Aizawa|Raikou|244\/321
|-ability|p1a: Aizawa|Pressure
|move|p2a: Hikari|Scald|p1a: Aizawa
|-crit|p1a: Aizawa
|-damage|p1a: Aizawa|112\/321
|-status|p1a: Aizawa|brn
|
|-damage|p1a: Aizawa|72\/321 brn|[from] brn
|turn|12
|
|switch|p2a: NegaiHoshi|Umbreon, F|349\/394
|move|p1a: Aizawa|Hidden Power|p2a: NegaiHoshi
|-damage|p2a: NegaiHoshi|293\/394
|
|-heal|p2a: NegaiHoshi|317\/394|[from] item: Leftovers
|-damage|p1a: Aizawa|32\/321 brn|[from] brn
|turn|13
|
|switch|p1a: Yagami Light|Krookodile, M|331\/331
|-ability|p1a: Yagami Light|Intimidate|[of] p2a: NegaiHoshi
|-unboost|p2a: NegaiHoshi|atk|1
|switch|p2a: Ryuuji|Sceptile, M|281\/281
|
|turn|14
|
|switch|p1a: Rem|Crobat, F|357\/373
|detailschange|p2a: Ryuuji|Sceptile-Mega, M
|-mega|p2a: Ryuuji|Sceptile|Sceptilite
|move|p2a: Ryuuji|Leaf Storm|p1a: Rem|[miss]
|-miss|p2a: Ryuuji|p1a: Rem
|
|turn|15
|
|switch|p2a: Yunikon|Rhyperior, F|127\/434
|move|p1a: Rem|U-turn|p2a: Yunikon
|-damage|p2a: Yunikon|94\/434
|
|switch|p1a: Yagami Light|Krookodile, M|331\/331
|-ability|p1a: Yagami Light|Intimidate|[of] p2a: Yunikon
|-unboost|p2a: Yunikon|atk|1
|
|-heal|p2a: Yunikon|121\/434|[from] item: Leftovers
|turn|16
|
|switch|p2a: Hikari|Suicune|238\/404
|-ability|p2a: Hikari|Pressure
|move|p1a: Yagami Light|Earthquake|p2a: Hikari
|-damage|p2a: Hikari|61\/404
|
|turn|17
|
|switch|p2a: Onimori|Crobat, M|352\/373
|move|p1a: Yagami Light|Earthquake|p2a: Onimori
|-immune|p2a: Onimori|[msg]
|
|-heal|p2a: Onimori|373\/373|[from] item: Black Sludge
|turn|18
|
|switch|p1a: Aizawa|Raikou|32\/321 brn
|-ability|p1a: Aizawa|Pressure
|move|p2a: Onimori|U-turn|p1a: Aizawa
|-damage|p1a: Aizawa|0 fnt
|faint|p1a: Aizawa
|
|switch|p2a: Hikari|Suicune|61\/404
|-ability|p2a: Hikari|Pressure
|
|
|switch|p1a: Rem|Crobat, F|357\/373
|turn|19
|
|move|p1a: Rem|Acrobatics|p2a: Hikari
|-damage|p2a: Hikari|0 fnt
|faint|p2a: Hikari
|
|
|switch|p2a: Yunikon|Rhyperior, F|121\/434
|turn|20
|
|move|p1a: Rem|U-turn|p2a: Yunikon
|-damage|p2a: Yunikon|89\/434
|
|switch|p1a: Yagami Light|Krookodile, M|331\/331
|-ability|p1a: Yagami Light|Intimidate|[of] p2a: Yunikon
|-unboost|p2a: Yunikon|atk|1
|move|p2a: Yunikon|Megahorn|p1a: Yagami Light
|-supereffective|p1a: Yagami Light
|-damage|p1a: Yagami Light|135\/331
|
|-heal|p2a: Yunikon|116\/434|[from] item: Leftovers
|turn|21
|
|move|p1a: Yagami Light|Knock Off|p2a: Yunikon
|-damage|p2a: Yunikon|0 fnt
|-enditem|p2a: Yunikon|Leftovers|[from] move: Knock Off|[of] p1a: Yagami Light
|faint|p2a: Yunikon
|
|
|switch|p2a: Kaizaru|Infernape, M|293\/293
|turn|22
|
|switch|p1a: Misa|Celebi|404\/404
|move|p2a: Kaizaru|U-turn|p1a: Misa
|-supereffective|p1a: Misa
|-damage|p1a: Misa|88\/404
|
|switch|p2a: Onimori|Crobat, M|373\/373
|
|-heal|p1a: Misa|113\/404|[from] item: Leftovers
|turn|23
|
|move|p2a: Onimori|U-turn|p1a: Misa
|-supereffective|p1a: Misa
|-damage|p1a: Misa|0 fnt
|faint|p1a: Misa
|
|switch|p2a: Ryuuji|Sceptile-Mega, M|281\/281
|
|
|switch|p1a: Rem|Crobat, F|357\/373
|turn|24
|
|switch|p2a: Onimori|Crobat, M|373\/373
|move|p1a: Rem|Acrobatics|p2a: Onimori
|-damage|p2a: Onimori|225\/373
|
|-heal|p2a: Onimori|248\/373|[from] item: Black Sludge
|turn|25
|
|move|p1a: Rem|Acrobatics|p2a: Onimori
|-damage|p2a: Onimori|103\/373
|move|p2a: Onimori|Roost|p2a: Onimori
|-heal|p2a: Onimori|290\/373
|
|-heal|p2a: Onimori|313\/373|[from] item: Black Sludge
|turn|26
|
|move|p1a: Rem|Acrobatics|p2a: Onimori
|-damage|p2a: Onimori|180\/373
|move|p2a: Onimori|Roost|p2a: Onimori
|-heal|p2a: Onimori|367\/373
|
|-heal|p2a: Onimori|373\/373|[from] item: Black Sludge
|turn|27
|
|move|p1a: Rem|Acrobatics|p2a: Onimori
|-damage|p2a: Onimori|229\/373
|move|p2a: Onimori|Brave Bird|p1a: Rem
|-damage|p1a: Rem|204\/373
|-damage|p2a: Onimori|179\/373|[from] recoil|[of] p1a: Rem
|
|-heal|p2a: Onimori|202\/373|[from] item: Black Sludge
|turn|28
|
|move|p1a: Rem|Acrobatics|p2a: Onimori
|-damage|p2a: Onimori|69\/373
|move|p2a: Onimori|Roost|p2a: Onimori
|-heal|p2a: Onimori|256\/373
|
|-heal|p2a: Onimori|279\/373|[from] item: Black Sludge
|turn|29
|
|move|p1a: Rem|Roost|p1a: Rem
|-heal|p1a: Rem|373\/373
|move|p2a: Onimori|Roost|p2a: Onimori
|-heal|p2a: Onimori|373\/373
|
|turn|30
|
|move|p1a: Rem|Acrobatics|p2a: Onimori
|-damage|p2a: Onimori|235\/373
|move|p2a: Onimori|Brave Bird|p1a: Rem
|-damage|p1a: Rem|214\/373
|-damage|p2a: Onimori|183\/373|[from] recoil|[of] p1a: Rem
|
|-heal|p2a: Onimori|206\/373|[from] item: Black Sludge
|turn|31
|
|move|p1a: Rem|Acrobatics|p2a: Onimori
|-damage|p2a: Onimori|52\/373
|move|p2a: Onimori|Brave Bird|p1a: Rem
|-damage|p1a: Rem|42\/373
|-damage|p2a: Onimori|0 fnt|[from] recoil|[of] p1a: Rem
|faint|p2a: Onimori
|
|
|switch|p2a: NegaiHoshi|Umbreon, F|317\/394
|turn|32
|
|move|p1a: Rem|Roost|p1a: Rem
|-heal|p1a: Rem|229\/373
|move|p2a: NegaiHoshi|Foul Play|p1a: Rem
|-damage|p1a: Rem|108\/373
|
|-heal|p2a: NegaiHoshi|341\/394|[from] item: Leftovers
|turn|33
|
|move|p1a: Rem|Roost|p1a: Rem
|-heal|p1a: Rem|295\/373
|move|p2a: NegaiHoshi|Foul Play|p1a: Rem
|-damage|p1a: Rem|175\/373
|
|-heal|p2a: NegaiHoshi|365\/394|[from] item: Leftovers
|turn|34
|
|move|p1a: Rem|Roost|p1a: Rem
|-heal|p1a: Rem|362\/373
|move|p2a: NegaiHoshi|Foul Play|p1a: Rem
|-crit|p1a: Rem
|-damage|p1a: Rem|175\/373
|
|-heal|p2a: NegaiHoshi|389\/394|[from] item: Leftovers
|turn|35
|
|move|p1a: Rem|Roost|p1a: Rem
|-heal|p1a: Rem|362\/373
|move|p2a: NegaiHoshi|Foul Play|p1a: Rem
|-damage|p1a: Rem|248\/373
|
|-heal|p2a: NegaiHoshi|394\/394|[from] item: Leftovers
|turn|36
|
|move|p1a: Rem|Roost|p1a: Rem
|-heal|p1a: Rem|373\/373
|move|p2a: NegaiHoshi|Foul Play|p1a: Rem
|-damage|p1a: Rem|253\/373
|
|turn|37
|
|move|p1a: Rem|U-turn|p2a: NegaiHoshi
|-supereffective|p2a: NegaiHoshi
|-damage|p2a: NegaiHoshi|294\/394
|
|switch|p1a: Yagami Light|Krookodile, M|135\/331
|-ability|p1a: Yagami Light|Intimidate|[of] p2a: NegaiHoshi
|-unboost|p2a: NegaiHoshi|atk|1
|move|p2a: NegaiHoshi|Foul Play|p1a: Yagami Light
|-resisted|p1a: Yagami Light
|-damage|p1a: Yagami Light|45\/331
|
|-heal|p2a: NegaiHoshi|318\/394|[from] item: Leftovers
|turn|38
|
|move|p2a: NegaiHoshi|Protect|p2a: NegaiHoshi
|-singleturn|p2a: NegaiHoshi|Protect
|move|p1a: Yagami Light|Superpower|p2a: NegaiHoshi
|-activate|p2a: NegaiHoshi|Protect
|
|-heal|p2a: NegaiHoshi|342\/394|[from] item: Leftovers
|turn|39
|
|switch|p2a: Kaizaru|Infernape, M|293\/293
|move|p1a: Yagami Light|Superpower|p2a: Kaizaru
|-damage|p2a: Kaizaru|44\/293
|-unboost|p1a: Yagami Light|atk|1
|-unboost|p1a: Yagami Light|def|1
|
|turn|40
|
|switch|p1a: Rem|Crobat, F|253\/373
|move|p2a: Kaizaru|U-turn|p1a: Rem
|-resisted|p1a: Rem
|-damage|p1a: Rem|221\/373
|
|switch|p2a: NegaiHoshi|Umbreon, F|342\/394
|
|-heal|p2a: NegaiHoshi|366\/394|[from] item: Leftovers
|turn|41
|
|move|p1a: Rem|Roost|p1a: Rem
|-heal|p1a: Rem|373\/373
|move|p2a: NegaiHoshi|Foul Play|p1a: Rem
|-damage|p1a: Rem|261\/373
|
|-heal|p2a: NegaiHoshi|390\/394|[from] item: Leftovers
|turn|42
|
|move|p1a: Rem|Acrobatics|p2a: NegaiHoshi
|-damage|p2a: NegaiHoshi|279\/394
|move|p2a: NegaiHoshi|Foul Play|p1a: Rem
|-damage|p1a: Rem|134\/373
|
|-heal|p2a: NegaiHoshi|303\/394|[from] item: Leftovers
|turn|43
|
|move|p1a: Rem|Roost|p1a: Rem
|-heal|p1a: Rem|321\/373
|move|p2a: NegaiHoshi|Foul Play|p1a: Rem
|-damage|p1a: Rem|212\/373
|
|-heal|p2a: NegaiHoshi|327\/394|[from] item: Leftovers
|turn|44
|
|move|p2a: NegaiHoshi|Protect|p2a: NegaiHoshi
|-singleturn|p2a: NegaiHoshi|Protect
|move|p1a: Rem|Roost|p1a: Rem
|-heal|p1a: Rem|373\/373
|
|-heal|p2a: NegaiHoshi|351\/394|[from] item: Leftovers
|turn|45
|
|move|p1a: Rem|U-turn|p2a: NegaiHoshi
|-supereffective|p2a: NegaiHoshi
|-damage|p2a: NegaiHoshi|261\/394
|
|switch|p1a: Ryuk|Hydreigon, M|325\/325
|move|p2a: NegaiHoshi|Wish|p2a: NegaiHoshi
|
|-heal|p2a: NegaiHoshi|285\/394|[from] item: Leftovers
|turn|46
|
|move|p1a: Ryuk|Draco Meteor|p2a: NegaiHoshi
|-damage|p2a: NegaiHoshi|141\/394
|-unboost|p1a: Ryuk|spa|2
|move|p2a: NegaiHoshi|Foul Play|p1a: Ryuk
|-resisted|p1a: Ryuk
|-damage|p1a: Ryuk|265\/325
|
|-heal|p2a: NegaiHoshi|338\/394|[from] move: Wish|[wisher] NegaiHoshi
|-heal|p2a: NegaiHoshi|362\/394|[from] item: Leftovers
|turn|47
|
|switch|p1a: Rem|Crobat, F|373\/373
|switch|p2a: Ryuuji|Sceptile-Mega, M|281\/281
|
|turn|48
|
|switch|p2a: NegaiHoshi|Umbreon, F|362\/394
|move|p1a: Rem|Acrobatics|p2a: NegaiHoshi
|-damage|p2a: NegaiHoshi|248\/394
|
|-heal|p2a: NegaiHoshi|272\/394|[from] item: Leftovers
|turn|49
|
|move|p1a: Rem|U-turn|p2a: NegaiHoshi
|-supereffective|p2a: NegaiHoshi
|-damage|p2a: NegaiHoshi|180\/394
|
|switch|p1a: Yagami Light|Krookodile, M|45\/331
|-ability|p1a: Yagami Light|Intimidate|[of] p2a: NegaiHoshi
|-unboost|p2a: NegaiHoshi|atk|1
|move|p2a: NegaiHoshi|Wish|p2a: NegaiHoshi
|
|-heal|p2a: NegaiHoshi|204\/394|[from] item: Leftovers
|turn|50
|
|move|p2a: NegaiHoshi|Protect|p2a: NegaiHoshi
|-singleturn|p2a: NegaiHoshi|Protect
|move|p1a: Yagami Light|Superpower|p2a: NegaiHoshi
|-activate|p2a: NegaiHoshi|Protect
|
|-heal|p2a: NegaiHoshi|394\/394|[from] move: Wish|[wisher] NegaiHoshi
|turn|51
|
|switch|p2a: Ryuuji|Sceptile-Mega, M|281\/281
|move|p1a: Yagami Light|Superpower|p2a: Ryuuji
|-damage|p2a: Ryuuji|39\/281
|-unboost|p1a: Yagami Light|atk|1
|-unboost|p1a: Yagami Light|def|1
|
|turn|52
|
|switch|p1a: Rem|Crobat, F|373\/373
|move|p2a: Ryuuji|Dragon Pulse|p1a: Rem
|-damage|p1a: Rem|159\/373
|
|turn|53
|
|move|p1a: Rem|Acrobatics|p2a: Ryuuji
|-supereffective|p2a: Ryuuji
|-damage|p2a: Ryuuji|0 fnt
|faint|p2a: Ryuuji
|
|
|switch|p2a: NegaiHoshi|Umbreon, F|394\/394
|turn|54
|
|move|p1a: Rem|Roost|p1a: Rem
|-heal|p1a: Rem|346\/373
|move|p2a: NegaiHoshi|Foul Play|p1a: Rem
|-damage|p1a: Rem|237\/373
|
|turn|55
|
|move|p1a: Rem|Roost|p1a: Rem
|-heal|p1a: Rem|373\/373
|move|p2a: NegaiHoshi|Foul Play|p1a: Rem
|-damage|p1a: Rem|253\/373
|
|turn|56
|
|move|p1a: Rem|U-turn|p2a: NegaiHoshi
|-supereffective|p2a: NegaiHoshi
|-damage|p2a: NegaiHoshi|298\/394
|
|switch|p1a: Ryuk|Hydreigon, M|265\/325
|move|p2a: NegaiHoshi|Foul Play|p1a: Ryuk
|-resisted|p1a: Ryuk
|-damage|p1a: Ryuk|212\/325
|
|-heal|p2a: NegaiHoshi|322\/394|[from] item: Leftovers
|turn|57
|
|switch|p1a: Yagami Light|Krookodile, M|45\/331
|-ability|p1a: Yagami Light|Intimidate|[of] p2a: NegaiHoshi
|-unboost|p2a: NegaiHoshi|atk|1
|move|p2a: NegaiHoshi|Wish|p2a: NegaiHoshi
|
|-heal|p2a: NegaiHoshi|346\/394|[from] item: Leftovers
|turn|58
|
|move|p2a: NegaiHoshi|Protect|p2a: NegaiHoshi
|-singleturn|p2a: NegaiHoshi|Protect
|move|p1a: Yagami Light|Superpower|p2a: NegaiHoshi
|-activate|p2a: NegaiHoshi|Protect
|
|-heal|p2a: NegaiHoshi|394\/394|[from] move: Wish|[wisher] NegaiHoshi
|turn|59
|
|move|p1a: Yagami Light|Superpower|p2a: NegaiHoshi
|-supereffective|p2a: NegaiHoshi
|-damage|p2a: NegaiHoshi|56\/394
|-unboost|p1a: Yagami Light|atk|1
|-unboost|p1a: Yagami Light|def|1
|move|p2a: NegaiHoshi|Foul Play|p1a: Yagami Light
|-resisted|p1a: Yagami Light
|-damage|p1a: Yagami Light|0 fnt
|faint|p1a: Yagami Light
|
|-heal|p2a: NegaiHoshi|80\/394|[from] item: Leftovers
|
|switch|p1a: Rem|Crobat, F|253\/373
|turn|60
|
|move|p2a: NegaiHoshi|Protect|p2a: NegaiHoshi
|-singleturn|p2a: NegaiHoshi|Protect
|move|p1a: Rem|Acrobatics|p2a: NegaiHoshi
|-activate|p2a: NegaiHoshi|Protect
|
|-heal|p2a: NegaiHoshi|104\/394|[from] item: Leftovers
|turn|61
|
|move|p2a: NegaiHoshi|Protect|p2a: NegaiHoshi
|-fail|p2a: NegaiHoshi
|move|p1a: Rem|Acrobatics|p2a: NegaiHoshi
|-damage|p2a: NegaiHoshi|0 fnt
|faint|p2a: NegaiHoshi
|
|c|★Sjir-sama|gg
|
|switch|p2a: Kaizaru|Infernape, M|44\/293
|turn|62
|c|★Pheonixmaster|gg wp intense match
|
|move|p1a: Rem|Acrobatics|p2a: Kaizaru
|-supereffective|p2a: Kaizaru
|-damage|p2a: Kaizaru|0 fnt
|faint|p2a: Kaizaru
|
|win|Pheonixmaster
|raw|Ladder updating...
|raw|Pheonixmaster's rating: 1562 &rarr; <strong>1580<\/strong><br \/>(+18 for winning)
|raw|Sjir-sama's rating: 1522 &rarr; <strong>1504<\/strong><br \/>(-18 for losing)