|join|Angels cry
|join|Landius
|player|p1|Angels cry|102
|player|p2|Landius|264
|gametype|singles
|gen|6
|tier|OU
|rated
|clearpoke
|poke|p1|Heracross, M
|poke|p1|Clefable, M
|poke|p1|Chansey, F
|poke|p1|Skarmory, M
|poke|p1|Amoonguss, M
|poke|p1|Quagsire, M
|poke|p2|Dragonite, F
|poke|p2|Greninja, F
|poke|p2|Magnezone
|poke|p2|Landorus-Therian, M
|poke|p2|Venusaur, M
|poke|p2|Chansey, F
|rule|Swagger Clause: Swagger is banned
|rule|Baton Pass Clause: Limit one Pokémon knowing Baton Pass
|rule|Sleep Clause Mod: Limit one foe put to sleep
|rule|Species Clause: Limit one of each Pokémon
|rule|OHKO Clause: OHKO moves are banned
|rule|Moody Clause: Moody is banned
|rule|Evasion Moves Clause: Evasion moves are banned
|rule|Endless Battle Clause: Forcing endless battles is banned
|rule|HP Percentage Mod: HP is shown in percentages
|teampreview
|
|start
|switch|p1a: Skarmory|Skarmory, M|334\/334
|switch|p2a: Magnezone|Magnezone|324\/324
|turn|1
|
|move|p2a: Magnezone|Hidden Power|p1a: Skarmory
|-supereffective|p1a: Skarmory
|-damage|p1a: Skarmory|8\/334
|move|p1a: Skarmory|Roost|p1a: Skarmory
|-heal|p1a: Skarmory|175\/334
|
|turn|2
|
|move|p1a: Skarmory|Roost|p1a: Skarmory
|-heal|p1a: Skarmory|334\/334
|move|p2a: Magnezone|Hidden Power|p1a: Skarmory
|-supereffective|p1a: Skarmory
|-activate|p1a: Skarmory|Sturdy
|-damage|p1a: Skarmory|1\/334
|
|turn|3
|
|move|p2a: Magnezone|Hidden Power|p1a: Skarmory
|-supereffective|p1a: Skarmory
|-damage|p1a: Skarmory|0 fnt
|faint|p1a: Skarmory
|
|
|switch|p1a: Heracross|Heracross, M|302\/302
|turn|4
|
|switch|p2a: Landorus-Therian|Landorus-Therian, M|382\/382
|-ability|p2a: Landorus-Therian|Intimidate|[of] p1a: Heracross
|-unboost|p1a: Heracross|atk|1
|detailschange|p1a: Heracross|Heracross-Mega, M
|message|Heracross has Mega Evolved into Mega Heracross!
|move|p1a: Heracross|Rock Blast|p2a: Landorus-Therian|[miss]
|-miss|p1a: Heracross|p2a: Landorus-Therian
|
|turn|5
|
|switch|p1a: Quagsire|Quagsire, M|394\/394
|move|p2a: Landorus-Therian|Stealth Rock|p1a: Quagsire
|-sidestart|p1: Angels cry|move: Stealth Rock
|
|turn|6
|
|move|p2a: Landorus-Therian|Knock Off|p1a: Quagsire
|-damage|p1a: Quagsire|311\/394
|-enditem|p1a: Quagsire|Leftovers|[from] move: Knock Off|[of] p2a: Landorus-Therian
|move|p1a: Quagsire|Scald|p2a: Landorus-Therian
|-supereffective|p2a: Landorus-Therian
|-damage|p2a: Landorus-Therian|212\/382
|
|-heal|p2a: Landorus-Therian|235\/382|[from] item: Leftovers
|turn|7
|
|move|p2a: Landorus-Therian|U-turn|p1a: Quagsire
|-damage|p1a: Quagsire|250\/394
|
|switch|p2a: Venusaur|Venusaur, M|364\/364
|move|p1a: Quagsire|Scald|p2a: Venusaur
|-resisted|p2a: Venusaur
|-damage|p2a: Venusaur|328\/364
|
|turn|8
|
|switch|p2a: Landorus-Therian|Landorus-Therian, M|235\/382
|-ability|p2a: Landorus-Therian|Intimidate|[of] p1a: Quagsire
|-unboost|p1a: Quagsire|atk|1
|switch|p1a: Chansey|Chansey, F|641\/641
|-damage|p1a: Chansey|561\/641|[from] Stealth Rock
|
|-heal|p2a: Landorus-Therian|258\/382|[from] item: Leftovers
|turn|9
|
|switch|p1a: Clefable|Clefable, M|394\/394
|move|p2a: Landorus-Therian|Knock Off|p1a: Clefable
|-resisted|p1a: Clefable
|-damage|p1a: Clefable|345\/394
|-enditem|p1a: Clefable|Leftovers|[from] move: Knock Off|[of] p2a: Landorus-Therian
|
|-heal|p2a: Landorus-Therian|281\/382|[from] item: Leftovers
|turn|10
|
|switch|p2a: Magnezone|Magnezone|324\/324
|move|p1a: Clefable|Stealth Rock|p2a: Magnezone
|-sidestart|p2: Landius|move: Stealth Rock
|
|turn|11
|
|move|p1a: Clefable|Protect|p1a: Clefable
|-singleturn|p1a: Clefable|Protect
|move|p2a: Magnezone|Volt Switch|p1a: Clefable
|-activate|p1a: Clefable|Protect
|
|turn|12
|
|switch|p2a: Greninja|Greninja, F|285\/285
|-damage|p2a: Greninja|250\/285|[from] Stealth Rock
|move|p1a: Clefable|Wish|p1a: Clefable
|
|turn|13
|
|switch|p2a: Magnezone|Magnezone|324\/324
|-damage|p2a: Magnezone|304\/324|[from] Stealth Rock
|move|p1a: Clefable|Moonblast|p2a: Magnezone
|-crit|p2a: Magnezone
|-resisted|p2a: Magnezone
|-damage|p2a: Magnezone|211\/324
|
|-heal|p1a: Clefable|394\/394|[from] move: Wish|[wisher] Clefable
|turn|14
|
|move|p1a: Clefable|Protect|p1a: Clefable
|-singleturn|p1a: Clefable|Protect
|move|p2a: Magnezone|Flash Cannon|p1a: Clefable
|-activate|p1a: Clefable|Protect
|
|turn|15
|
|switch|p1a: Quagsire|Quagsire, M|250\/394
|-damage|p1a: Quagsire|226\/394|[from] Stealth Rock
|move|p2a: Magnezone|Flash Cannon|p1a: Quagsire
|-resisted|p1a: Quagsire
|-damage|p1a: Quagsire|67\/394
|
|turn|16
|
|switch|p1a: Chansey|Chansey, F|561\/641
|-damage|p1a: Chansey|481\/641|[from] Stealth Rock
|move|p2a: Magnezone|Flash Cannon|p1a: Chansey
|-damage|p1a: Chansey|351\/641
|
|turn|17
|
|switch|p2a: Landorus-Therian|Landorus-Therian, M|281\/382
|-damage|p2a: Landorus-Therian|234\/382|[from] Stealth Rock
|-ability|p2a: Landorus-Therian|Intimidate|[of] p1a: Chansey
|-unboost|p1a: Chansey|atk|1
|move|p1a: Chansey|Soft-Boiled|p1a: Chansey
|-heal|p1a: Chansey|641\/641
|
|-heal|p2a: Landorus-Therian|257\/382|[from] item: Leftovers
|turn|18
|
|switch|p1a: Clefable|Clefable, M|394\/394
|move|p2a: Landorus-Therian|Earthquake|p1a: Clefable
|-damage|p1a: Clefable|264\/394
|
|-heal|p2a: Landorus-Therian|280\/382|[from] item: Leftovers
|turn|19
|
|move|p2a: Landorus-Therian|U-turn|p1a: Clefable
|-resisted|p1a: Clefable
|-damage|p1a: Clefable|229\/394
|
|switch|p2a: Magnezone|Magnezone|211\/324
|-damage|p2a: Magnezone|191\/324|[from] Stealth Rock
|move|p1a: Clefable|Wish|p1a: Clefable
|
|turn|20
|
|move|p1a: Clefable|Protect|p1a: Clefable
|-singleturn|p1a: Clefable|Protect
|move|p2a: Magnezone|Flash Cannon|p1a: Clefable
|-activate|p1a: Clefable|Protect
|
|-heal|p1a: Clefable|394\/394|[from] move: Wish|[wisher] Clefable
|turn|21
|
|switch|p1a: Amoonguss|Amoonguss, M|432\/432
|-damage|p1a: Amoonguss|378\/432|[from] Stealth Rock
|move|p2a: Magnezone|Flash Cannon|p1a: Amoonguss
|-damage|p1a: Amoonguss|185\/432
|-unboost|p1a: Amoonguss|spd|1
|
|-heal|p1a: Amoonguss|212\/432|[from] item: Black Sludge
|turn|22
|
|switch|p2a: Greninja|Greninja, F|250\/285
|-damage|p2a: Greninja|215\/285|[from] Stealth Rock
|switch|p1a: Chansey|Chansey, F|641\/641
|-damage|p1a: Chansey|561\/641|[from] Stealth Rock
|
|turn|23
|
|move|p2a: Greninja|Spikes|p1a: Chansey
|-start|p2a: Greninja|typechange|Ground|[from] Protean
|-sidestart|p1: Angels cry|Spikes
|move|p1a: Chansey|Seismic Toss|p2a: Greninja
|-damage|p2a: Greninja|115\/285
|
|turn|24
|
|move|p2a: Greninja|Spikes|p1a: Chansey
|-sidestart|p1: Angels cry|Spikes
|move|p1a: Chansey|Thunder Wave|p2a: Greninja
|-immune|p2a: Greninja|[msg]
|
|turn|25
|
|move|p2a: Greninja|Spikes|p1a: Chansey
|-sidestart|p1: Angels cry|Spikes
|move|p1a: Chansey|Seismic Toss|p2a: Greninja
|-damage|p2a: Greninja|15\/285
|
|turn|26
|
|move|p2a: Greninja|Ice Beam|p1a: Chansey
|-start|p2a: Greninja|typechange|Ice|[from] Protean
|-damage|p1a: Chansey|466\/641
|-damage|p2a: Greninja|0 fnt|[from] item: Life Orb
|faint|p2a: Greninja
|move|p1a: Chansey|Seismic Toss|p2: Greninja|[notarget]
|-notarget
|
|
|switch|p2a: Landorus-Therian|Landorus-Therian, M|280\/382
|-damage|p2a: Landorus-Therian|233\/382|[from] Stealth Rock
|-ability|p2a: Landorus-Therian|Intimidate|[of] p1a: Chansey
|-unboost|p1a: Chansey|atk|1
|turn|27
|
|switch|p1a: Clefable|Clefable, M|394\/394
|move|p2a: Landorus-Therian|U-turn|p1a: Clefable
|-resisted|p1a: Clefable
|-damage|p1a: Clefable|361\/394
|
|switch|p2a: Magnezone|Magnezone|191\/324
|-damage|p2a: Magnezone|171\/324|[from] Stealth Rock
|
|turn|28
|
|switch|p1a: Quagsire|Quagsire, M|67\/394
|-damage|p1a: Quagsire|0 fnt|[from] Spikes
|faint|p1a: Quagsire
|move|p2a: Magnezone|Flash Cannon|p1: Quagsire|[notarget]
|-notarget
|
|
|switch|p1a: Heracross|Heracross-Mega, M|302\/302
|-damage|p1a: Heracross|227\/302|[from] Spikes
|-damage|p1a: Heracross|190\/302|[from] Stealth Rock
|turn|29
|
|switch|p2a: Landorus-Therian|Landorus-Therian, M|233\/382
|-damage|p2a: Landorus-Therian|186\/382|[from] Stealth Rock
|-ability|p2a: Landorus-Therian|Intimidate|[of] p1a: Heracross
|-unboost|p1a: Heracross|atk|1
|move|p1a: Heracross|Swords Dance|p1a: Heracross
|-boost|p1a: Heracross|atk|2
|
|-heal|p2a: Landorus-Therian|209\/382|[from] item: Leftovers
|turn|30
|
|move|p1a: Heracross|Rock Blast|p2a: Landorus-Therian
|-damage|p2a: Landorus-Therian|162\/382
|-damage|p2a: Landorus-Therian|113\/382
|-damage|p2a: Landorus-Therian|66\/382
|-damage|p2a: Landorus-Therian|22\/382
|-damage|p2a: Landorus-Therian|0 fnt
|-hitcount|p2a: Landorus-Therian|5
|faint|p2a: Landorus-Therian
|
|
|switch|p2a: Dragonite|Dragonite, F|323\/323
|-damage|p2a: Dragonite|243\/323|[from] Stealth Rock
|turn|31
|
|switch|p1a: Clefable|Clefable, M|361\/394
|move|p2a: Dragonite|Fire Punch|p1a: Clefable
|-damage|p1a: Clefable|279\/394
|
|turn|32
|
|switch|p2a: Venusaur|Venusaur, M|328\/364
|-damage|p2a: Venusaur|283\/364|[from] Stealth Rock
|move|p1a: Clefable|Wish|p1a: Clefable
|
|turn|33
|
|switch|p1a: Chansey|Chansey, F|466\/641
|-damage|p1a: Chansey|386\/641|[from] Stealth Rock
|-damage|p1a: Chansey|226\/641|[from] Spikes
|detailschange|p2a: Venusaur|Venusaur-Mega, M
|message|Venusaur has Mega Evolved into Mega Venusaur!
|move|p2a: Venusaur|Sludge Bomb|p1a: Chansey
|-damage|p1a: Chansey|160\/641
|
|-heal|p1a: Chansey|357\/641|[from] move: Wish|[wisher] Clefable
|turn|34
|
|move|p2a: Venusaur|Sludge Bomb|p1a: Chansey
|-damage|p1a: Chansey|293\/641
|move|p1a: Chansey|Thunder Wave|p2a: Venusaur
|-status|p2a: Venusaur|par
|
|turn|35
|
|switch|p2a: Dragonite|Dragonite, F|243\/323
|-damage|p2a: Dragonite|163\/323|[from] Stealth Rock
|move|p1a: Chansey|Soft-Boiled|p1a: Chansey
|-heal|p1a: Chansey|614\/641
|
|turn|36
|
|switch|p1a: Clefable|Clefable, M|279\/394
|move|p2a: Dragonite|Dragon Dance|p2a: Dragonite
|-boost|p2a: Dragonite|atk|1
|-boost|p2a: Dragonite|spe|1
|
|turn|37
|
|move|p2a: Dragonite|Extreme Speed|p1a: Clefable
|-damage|p1a: Clefable|137\/394
|move|p1a: Clefable|Wish|p1a: Clefable
|
|turn|38
|
|move|p1a: Clefable|Protect|p1a: Clefable
|-singleturn|p1a: Clefable|Protect
|move|p2a: Dragonite|Dragon Dance|p2a: Dragonite
|-boost|p2a: Dragonite|atk|1
|-boost|p2a: Dragonite|spe|1
|
|-heal|p1a: Clefable|334\/394|[from] move: Wish|[wisher] Clefable
|turn|39
|
|move|p2a: Dragonite|Extreme Speed|p1a: Clefable
|-damage|p1a: Clefable|160\/394
|move|p1a: Clefable|Moonblast|p2a: Dragonite
|-supereffective|p2a: Dragonite
|-damage|p2a: Dragonite|0 fnt
|faint|p2a: Dragonite
|
|
|switch|p2a: Magnezone|Magnezone|171\/324
|-damage|p2a: Magnezone|151\/324|[from] Stealth Rock
|turn|40
|
|move|p1a: Clefable|Protect|p1a: Clefable
|-singleturn|p1a: Clefable|Protect
|move|p2a: Magnezone|Volt Switch|p1a: Clefable
|-activate|p1a: Clefable|Protect
|
|turn|41
|
|move|p2a: Magnezone|Volt Switch|p1a: Clefable
|-damage|p1a: Clefable|0 fnt
|faint|p1a: Clefable
|
|switch|p2a: Venusaur|Venusaur-Mega, M|283\/364 par
|-damage|p2a: Venusaur|238\/364 par|[from] Stealth Rock
|
|
|switch|p1a: Heracross|Heracross-Mega, M|190\/302
|-damage|p1a: Heracross|115\/302|[from] Spikes
|-damage|p1a: Heracross|78\/302|[from] Stealth Rock
|turn|42
|
|move|p1a: Heracross|Pin Missile|p2a: Venusaur
|-damage|p2a: Venusaur|202\/364 par
|-damage|p2a: Venusaur|165\/364 par
|-damage|p2a: Venusaur|126\/364 par
|-damage|p2a: Venusaur|84\/364 par
|-crit|p2a: Venusaur
|-damage|p2a: Venusaur|23\/364 par
|-hitcount|p2a: Venusaur|5
|move|p2a: Venusaur|Sludge Bomb|p1a: Heracross
|-damage|p1a: Heracross|0 fnt
|faint|p1a: Heracross
|
|
|switch|p1a: Amoonguss|Amoonguss, M|356\/432
|-damage|p1a: Amoonguss|302\/432|[from] Stealth Rock
|-damage|p1a: Amoonguss|194\/432|[from] Spikes
|turn|43
|
|move|p1a: Amoonguss|Foul Play|p2a: Venusaur
|-damage|p2a: Venusaur|0 fnt
|faint|p2a: Venusaur
|
|-heal|p1a: Amoonguss|221\/432|[from] item: Black Sludge
|
|switch|p2a: Magnezone|Magnezone|151\/324
|-damage|p2a: Magnezone|131\/324|[from] Stealth Rock
|turn|44
|
|move|p2a: Magnezone|Flash Cannon|p1a: Amoonguss
|-damage|p1a: Amoonguss|23\/432
|move|p1a: Amoonguss|Spore|p2a: Magnezone
|-status|p2a: Magnezone|slp
|
|-heal|p1a: Amoonguss|50\/432|[from] item: Black Sludge
|turn|45
|
|cant|p2a: Magnezone|slp
|move|p1a: Amoonguss|Foul Play|p2a: Magnezone
|-damage|p2a: Magnezone|85\/324 slp
|
|-heal|p1a: Amoonguss|77\/432|[from] item: Black Sludge
|turn|46
|
|-curestatus|p2a: Magnezone|slp
|move|p2a: Magnezone|Flash Cannon|p1a: Amoonguss
|-damage|p1a: Amoonguss|0 fnt
|faint|p1a: Amoonguss
|
|
|switch|p1a: Chansey|Chansey, F|614\/641
|-damage|p1a: Chansey|454\/641|[from] Spikes
|-damage|p1a: Chansey|374\/641|[from] Stealth Rock
|turn|47
|
|move|p2a: Magnezone|Flash Cannon|p1a: Chansey
|-damage|p1a: Chansey|253\/641
|move|p1a: Chansey|Seismic Toss|p2a: Magnezone
|-damage|p2a: Magnezone|0 fnt
|faint|p2a: Magnezone
|
|
|switch|p2a: Chansey|Chansey, F|642\/642
|-damage|p2a: Chansey|562\/642|[from] Stealth Rock
|turn|48
|
|move|p1a: Chansey|Soft-Boiled|p1a: Chansey
|-heal|p1a: Chansey|574\/641
|move|p2a: Chansey|Seismic Toss|p1a: Chansey
|-damage|p1a: Chansey|474\/641
|
|turn|49
|
|move|p2a: Chansey|Stealth Rock|p1a: Chansey
|-fail|p1a: Chansey
|move|p1a: Chansey|Seismic Toss|p2a: Chansey
|-damage|p2a: Chansey|462\/642
|
|turn|50
|
|move|p1a: Chansey|Thunder Wave|p2a: Chansey
|-status|p2a: Chansey|par
|move|p2a: Chansey|Seismic Toss|p1a: Chansey
|-damage|p1a: Chansey|374\/641
|
|turn|51
|
|move|p1a: Chansey|Seismic Toss|p2a: Chansey
|-damage|p2a: Chansey|362\/642 par
|move|p2a: Chansey|Heal Bell|p2a: Chansey
|-cureteam|p2a: Chansey|[from] move: HealBell
|
|turn|52
|-message|Landius forfeited.
|
|win|Angels cry
|raw|Ladder updating...
|leave|Landius
|player|p2
|raw|Angels cry's rating: 1595 &rarr; <strong>1617<\/strong><br \/>(+22 for winning)
|raw|Landius's rating: 1623 &rarr; <strong>1602<\/strong><br \/>(-21 for losing)