|join|bellicose
|join|Angels cry
|player|p1|bellicose|68
|player|p2|Angels cry|269
|gametype|singles
|gen|6
|tier|OU
|rated
|clearpoke
|poke|p1|Pinsir, F
|poke|p1|Aerodactyl, F
|poke|p1|Azumarill, M
|poke|p1|Landorus, M
|poke|p1|Bisharp, F
|poke|p1|Magnezone
|poke|p2|Scizor, M
|poke|p2|Ditto
|poke|p2|Chansey, F
|poke|p2|Gliscor, M
|poke|p2|Zapdos
|poke|p2|Gothitelle, F
|rule|Swagger Clause: Swagger is banned
|rule|Baton Pass Clause: Limit one Pokémon knowing Baton Pass
|rule|Sleep Clause Mod: Limit one foe put to sleep
|rule|Species Clause: Limit one of each Pokémon
|rule|OHKO Clause: OHKO moves are banned
|rule|Moody Clause: Moody is banned
|rule|Evasion Moves Clause: Evasion moves are banned
|rule|Endless Battle Clause: Forcing endless battles is banned
|rule|HP Percentage Mod: HP is shown in percentages
|teampreview
|
|start
|switch|p1a: Aerodactyl|Aerodactyl, F|301\/301
|switch|p2a: Gothitelle|Gothitelle, F|282\/282
|-ability|p1a: Aerodactyl|Unnerve|p2: Angels cry
|turn|1
|
|move|p1a: Aerodactyl|Taunt|p2a: Gothitelle
|-start|p2a: Gothitelle|move: Taunt
|cant|p2a: Gothitelle|move: Taunt|Trick
|
|turn|2
|
|switch|p2a: Scizor|Scizor, M|343\/343
|move|p1a: Aerodactyl|Stealth Rock|p2a: Scizor
|-sidestart|p2: Angels cry|move: Stealth Rock
|
|turn|3
|join|ash borer
|join|alexiswolfie
|
|switch|p2a: Gliscor|Gliscor, M|354\/354
|-damage|p2a: Gliscor|310\/354|[from] Stealth Rock
|move|p1a: Aerodactyl|Flamethrower|p2a: Gliscor
|-damage|p2a: Gliscor|227\/354
|
|-status|p2a: Gliscor|tox|[from] item: Toxic Orb
|turn|4
|join|dedic
|
|move|p2a: Gliscor|Protect|p2a: Gliscor
|-singleturn|p2a: Gliscor|Protect
|move|p1a: Aerodactyl|Taunt|p2a: Gliscor
|-activate|p2a: Gliscor|Protect
|
|-heal|p2a: Gliscor|271\/354 tox|[from] ability: Poison Heal
|turn|5
|join|Henry
|c| alexiswolfie|do angels really cry
|c| ash borer|I 
|c| ash borer|CRY
|join|Outrageous Fortune
|c| ash borer|WHEN ANGELS DESERVE TO DIE
|c| alexiswolfie|i often wonder about fictional things
|join|King Time Stall
|c| ash borer|INNNNN MYYYY SELF RIGHTEOUS SUICIDE
|c| alexiswolfie|like if dragons would have indigestion 
|c| ash borer|I CRY
|
|switch|p2a: Chansey|Chansey, F|704\/704
|-damage|p2a: Chansey|616\/704|[from] Stealth Rock
|move|p1a: Aerodactyl|Taunt|p2a: Chansey
|-start|p2a: Chansey|move: Taunt
|
|turn|6
|c| ash borer|WHEN ANGELS DESERVE TO
|c| ash borer|DIEEEEEEEEEEEEEEEE
|
|move|p1a: Aerodactyl|Stone Edge|p2a: Chansey
|-damage|p2a: Chansey|456\/704
|move|p2a: Chansey|Seismic Toss|p1a: Aerodactyl
|-damage|p1a: Aerodactyl|201\/301
|
|turn|7
|c| alexiswolfie|or if leprechauns have faster digestive tracts
|
|switch|p2a: Scizor|Scizor, M|343\/343
|-damage|p2a: Scizor|301\/343|[from] Stealth Rock
|move|p1a: Aerodactyl|Stone Edge|p2a: Scizor
|-damage|p2a: Scizor|189\/343
|
|turn|8
|
|switch|p1a: Magnezone|Magnezone|281\/281
|detailschange|p2a: Scizor|Scizor-Mega, M
|message|Scizor has Mega Evolved into Mega Scizor!
|move|p2a: Scizor|Superpower|p1a: Magnezone
|-supereffective|p1a: Magnezone
|-damage|p1a: Magnezone|31\/281
|-unboost|p2a: Scizor|atk|1
|-unboost|p2a: Scizor|def|1
|
|turn|9
|c|★bellicose|SO GOOD
|c|★bellicose|great set
|
|move|p2a: Scizor|Bullet Punch|p1a: Magnezone
|-resisted|p1a: Magnezone
|-damage|p1a: Magnezone|14\/281
|move|p1a: Magnezone|Hidden Power|p2a: Scizor
|-supereffective|p2a: Scizor
|-damage|p2a: Scizor|0 fnt
|faint|p2a: Scizor
|
|c|★bellicose|xD
|
|switch|p2a: Zapdos|Zapdos|384\/384
|-damage|p2a: Zapdos|288\/384|[from] Stealth Rock
|-ability|p2a: Zapdos|Pressure
|turn|10
|
|switch|p1a: Aerodactyl|Aerodactyl, F|201\/301
|-ability|p1a: Aerodactyl|Unnerve|p2: Angels cry
|move|p2a: Zapdos|Defog|p1a: Aerodactyl
|-unboost|p1a: Aerodactyl|evasion|1
|-sideend|p2: Angels cry|Stealth Rock|[from] move: Defog|[of] p2a: Zapdos
|
|-heal|p2a: Zapdos|312\/384|[from] item: Leftovers
|turn|11
|leave|King Time Stall
|
|move|p1a: Aerodactyl|Stone Edge|p2a: Zapdos|[miss]
|-miss|p1a: Aerodactyl|p2a: Zapdos
|move|p2a: Zapdos|Thunderbolt|p1a: Aerodactyl
|-crit|p1a: Aerodactyl
|-supereffective|p1a: Aerodactyl
|-damage|p1a: Aerodactyl|0 fnt
|faint|p1a: Aerodactyl
|
|-heal|p2a: Zapdos|336\/384|[from] item: Leftovers
|c|★bellicose|kk
|c|★bellicose|course
|c| ash borer|good player
|c|★bellicose|that would happen
|
|switch|p1a: Azumarill|Azumarill, M|345\/345
|turn|12
|
|move|p2a: Zapdos|Thunderbolt|p1a: Azumarill
|-supereffective|p1a: Azumarill
|-damage|p1a: Azumarill|175\/345
|move|p1a: Azumarill|Knock Off|p2a: Zapdos
|-damage|p2a: Zapdos|214\/384
|-enditem|p2a: Zapdos|Leftovers|[from] move: Knock Off|[of] p1a: Azumarill
|
|turn|13
|leave|ash borer
|
|move|p2a: Zapdos|Roost|p2a: Zapdos
|-heal|p2a: Zapdos|384\/384
|move|p1a: Azumarill|Play Rough|p2a: Zapdos
|-damage|p2a: Zapdos|224\/384
|
|turn|14
|
|move|p2a: Zapdos|Thunderbolt|p1a: Azumarill
|-supereffective|p1a: Azumarill
|-damage|p1a: Azumarill|11\/345
|move|p1a: Azumarill|Play Rough|p2a: Zapdos
|-damage|p2a: Zapdos|61\/384
|
|turn|15
|
|switch|p2a: Ditto|Ditto|300\/300
|-transform|p2a: Ditto|p1a: Azumarill
|move|p1a: Azumarill|Aqua Jet|p2a: Ditto
|-resisted|p2a: Ditto
|-damage|p2a: Ditto|250\/300
|
|turn|16
|
|move|p2a: Ditto|Aqua Jet|p1a: Azumarill
|-resisted|p1a: Azumarill
|-damage|p1a: Azumarill|0 fnt
|faint|p1a: Azumarill
|
|join|strOKing
|
|switch|p1a: Pinsir|Pinsir, F|271\/271
|turn|17
|
|switch|p2a: Zapdos|Zapdos|61\/384
|-ability|p2a: Zapdos|Pressure
|detailschange|p1a: Pinsir|Pinsir-Mega, F
|message|Pinsir has Mega Evolved into Mega Pinsir!
|move|p1a: Pinsir|Frustration|p2a: Zapdos
|-resisted|p2a: Zapdos
|-damage|p2a: Zapdos|0 fnt
|faint|p2a: Zapdos
|
|
|switch|p2a: Gothitelle|Gothitelle, F|282\/282
|turn|18
|
|move|p2a: Gothitelle|Psychic|p1a: Pinsir
|-damage|p1a: Pinsir|123\/271
|move|p1a: Pinsir|Frustration|p2a: Gothitelle
|-damage|p2a: Gothitelle|0 fnt
|faint|p2a: Gothitelle
|
|join|hardpuzzle
|c| strOKing|haha ebin oc italian 
|
|switch|p2a: Ditto|Ditto|250\/300
|-transform|p2a: Ditto|p1a: Pinsir
|turn|19
|
|switch|p1a: Magnezone|Magnezone|14\/281
|move|p2a: Ditto|Quick Attack|p1a: Magnezone
|-resisted|p1a: Magnezone
|-damage|p1a: Magnezone|0 fnt
|faint|p1a: Magnezone
|
|c| strOKing|le far away pinsir
|
|switch|p1a: Landorus|Landorus, M|320\/320
|turn|20
|
|switch|p2a: Chansey|Chansey, F|456\/704
|move|p1a: Landorus|Focus Blast|p2a: Chansey
|-supereffective|p2a: Chansey
|-damage|p2a: Chansey|170\/704
|
|turn|21
|
|move|p1a: Landorus|Earth Power|p2a: Chansey
|-damage|p2a: Chansey|21\/704
|move|p2a: Chansey|Soft-Boiled|p2a: Chansey
|-heal|p2a: Chansey|373\/704
|
|turn|22
|c| alexiswolfie|;;
|c| Outrageous Fortune|l
|c|★bellicose|wow ok
|c| Outrageous Fortune|m
|c| Henry|choke
|c| Outrageous Fortune|a
|c| Outrageous Fortune|o
|c|★bellicose|fuck this mon
|c| strOKing|no fuck you,,,
|c| alexiswolfie|ban stall when
|c| strOKing|ban me when
|
|move|p1a: Landorus|Calm Mind|p1a: Landorus
|-boost|p1a: Landorus|spa|1
|-boost|p1a: Landorus|spd|1
|move|p2a: Chansey|Soft-Boiled|p2a: Chansey
|-heal|p2a: Chansey|704\/704
|
|turn|23
|c| alexiswolfie|asap for you
|
|move|p1a: Landorus|Focus Blast|p2a: Chansey
|-supereffective|p2a: Chansey
|-damage|p2a: Chansey|280\/704
|move|p2a: Chansey|Seismic Toss|p1a: Landorus
|-damage|p1a: Landorus|220\/320
|
|turn|24
|
|move|p1a: Landorus|Focus Blast|p2a: Chansey
|-supereffective|p2a: Chansey
|-damage|p2a: Chansey|0 fnt
|faint|p2a: Chansey
|
|
|switch|p2a: Ditto|Ditto|250\/300
|-transform|p2a: Ditto|p1a: Landorus
|turn|25
|
|switch|p1a: Pinsir|Pinsir-Mega, F|123\/271
|move|p2a: Ditto|Psychic|p1a: Pinsir
|-damage|p1a: Pinsir|0 fnt
|faint|p1a: Pinsir
|
|
|switch|p1a: Bisharp|Bisharp, F|272\/272
|turn|26
|
|switch|p2a: Gliscor|Gliscor, M|271\/354 tox
|move|p1a: Bisharp|Knock Off|p2a: Gliscor
|-crit|p2a: Gliscor
|-damage|p2a: Gliscor|44\/354 tox
|-enditem|p2a: Gliscor|Toxic Orb|[from] move: Knock Off|[of] p1a: Bisharp
|-damage|p1a: Bisharp|245\/272|[from] item: Life Orb
|
|-heal|p2a: Gliscor|88\/354 tox|[from] ability: Poison Heal
|turn|27
|
|move|p2a: Gliscor|Earthquake|p1a: Bisharp
|-supereffective|p1a: Bisharp
|-damage|p1a: Bisharp|33\/272
|move|p1a: Bisharp|Iron Head|p2a: Gliscor
|-damage|p2a: Gliscor|0 fnt
|-damage|p1a: Bisharp|6\/272|[from] item: Life Orb
|faint|p2a: Gliscor
|
|c|★bellicose|ok
|
|switch|p2a: Ditto|Ditto|250\/300
|-transform|p2a: Ditto|p1a: Bisharp
|turn|28
|
|move|p1a: Bisharp|Sucker Punch|p2a: Ditto
|-resisted|p2a: Ditto
|-damage|p2a: Ditto|163\/300
|-damage|p1a: Bisharp|0 fnt|[from] item: Life Orb
|faint|p1a: Bisharp
|move|p2a: Ditto|Knock Off|p1: Bisharp|[notarget]
|-notarget
|
|
|switch|p1a: Landorus|Landorus, M|220\/320
|turn|29
|join|Breeloom
|
|move|p2a: Ditto|Knock Off|p1a: Landorus
|-damage|p1a: Landorus|48\/320
|-enditem|p1a: Landorus|Life Orb|[from] move: Knock Off|[of] p2a: Ditto
|move|p1a: Landorus|Earth Power|p2a: Ditto
|-supereffective|p2a: Ditto
|-damage|p2a: Ditto|0 fnt
|faint|p2a: Ditto
|
|win|bellicose
|raw|Ladder updating...
|raw|bellicose's rating: 1735 &rarr; <strong>1754<\/strong><br \/>(+19 for winning)
|raw|Angels cry's rating: 1718 &rarr; <strong>1699<\/strong><br \/>(-19 for losing)
|c| strOKing|le gg no re
|leave|alexiswolfie
|leave|Breeloom
|leave|dedic
|leave|Henry
|join|alexiswolfie
|leave|Outrageous Fortune
|leave|alexiswolfie
|leave|Angels cry
|player|p2
|join|Breeloom
|leave|bellicose
|player|p1
|leave|strOKing
|leave|Breeloom