|join|LT8A Lolcat
|join|Angels cry
|player|p1|LT8A Lolcat|2
|player|p2|Angels cry|269
|gametype|singles
|gen|6
|tier|OU
|rated
|clearpoke
|poke|p1|Heracross, F
|poke|p1|Landorus-Therian, M
|poke|p1|Crawdaunt, F
|poke|p1|Ferrothorn, F
|poke|p1|Latias, F
|poke|p1|Talonflame, F
|poke|p2|Skarmory, M
|poke|p2|Dugtrio, M
|poke|p2|Charizard, M
|poke|p2|Suicune
|poke|p2|Tornadus-Therian, M
|poke|p2|Clefable, F
|rule|Swagger Clause: Swagger is banned
|rule|Baton Pass Clause: Limit one Pokémon knowing Baton Pass
|rule|Sleep Clause Mod: Limit one foe put to sleep
|rule|Species Clause: Limit one of each Pokémon
|rule|OHKO Clause: OHKO moves are banned
|rule|Moody Clause: Moody is banned
|rule|Evasion Moves Clause: Evasion moves are banned
|rule|Endless Battle Clause: Forcing endless battles is banned
|rule|HP Percentage Mod: HP is shown in percentages
|teampreview
|
|start
|switch|p1a: Crawdaunt|Crawdaunt, F|267\/267
|switch|p2a: Tornadus-Therian|Tornadus-Therian, M|332\/332
|turn|1
|
|switch|p1a: Ferrothorn|Ferrothorn, F|351\/351
|move|p2a: Tornadus-Therian|Focus Blast|p1a: Ferrothorn
|-crit|p1a: Ferrothorn
|-supereffective|p1a: Ferrothorn
|-damage|p1a: Ferrothorn|63\/351
|
|-heal|p1a: Ferrothorn|84\/351|[from] item: Leftovers
|turn|2
|
|switch|p1a: Landorus-Therian|Landorus-Therian, M|337\/337
|-ability|p1a: Landorus-Therian|Intimidate|[of] p2a: Tornadus-Therian
|-unboost|p2a: Tornadus-Therian|atk|1
|move|p2a: Tornadus-Therian|Focus Blast|p1a: Landorus-Therian
|-resisted|p1a: Landorus-Therian
|-damage|p1a: Landorus-Therian|260\/337
|
|turn|3
|
|switch|p2a: Skarmory|Skarmory, M|334\/334
|move|p1a: Landorus-Therian|U-turn|p2a: Skarmory
|-resisted|p2a: Skarmory
|-damage|p2a: Skarmory|317\/334
|
|switch|p1a: Crawdaunt|Crawdaunt, F|267\/267
|
|-heal|p2a: Skarmory|334\/334|[from] item: Leftovers
|turn|4
|
|move|p1a: Crawdaunt|Knock Off|p2a: Skarmory
|-damage|p2a: Skarmory|86\/334
|-enditem|p2a: Skarmory|Leftovers|[from] move: Knock Off|[of] p1a: Crawdaunt
|move|p2a: Skarmory|Counter|p1a: Crawdaunt
|-damage|p1a: Crawdaunt|0 fnt
|faint|p1a: Crawdaunt
|
|
|switch|p1a: Talonflame|Talonflame, F|327\/327
|turn|5
|
|switch|p2a: Suicune|Suicune|404\/404
|-ability|p2a: Suicune|Pressure
|move|p1a: Talonflame|Swords Dance|p1a: Talonflame
|-boost|p1a: Talonflame|atk|2
|
|turn|6
|
|switch|p1a: Latias|Latias, F|301\/301
|move|p2a: Suicune|Scald|p1a: Latias
|-resisted|p1a: Latias
|-damage|p1a: Latias|267\/301
|
|turn|7
|
|move|p1a: Latias|Psyshock|p2a: Suicune
|-damage|p2a: Suicune|305\/404
|-damage|p1a: Latias|237\/301|[from] item: Life Orb
|move|p2a: Suicune|Calm Mind|p2a: Suicune
|-boost|p2a: Suicune|spa|1
|-boost|p2a: Suicune|spd|1
|
|-heal|p2a: Suicune|330\/404|[from] item: Leftovers
|turn|8
|
|switch|p1a: Ferrothorn|Ferrothorn, F|84\/351
|move|p2a: Suicune|Scald|p1a: Ferrothorn
|-crit|p1a: Ferrothorn
|-resisted|p1a: Ferrothorn
|-damage|p1a: Ferrothorn|11\/351
|
|-heal|p2a: Suicune|355\/404|[from] item: Leftovers
|-heal|p1a: Ferrothorn|32\/351|[from] item: Leftovers
|turn|9
|
|move|p2a: Suicune|Scald|p1a: Ferrothorn
|-resisted|p1a: Ferrothorn
|-damage|p1a: Ferrothorn|0 fnt
|faint|p1a: Ferrothorn
|
|-heal|p2a: Suicune|380\/404|[from] item: Leftovers
|
|switch|p1a: Heracross|Heracross, F|302\/302
|turn|10
|
|switch|p2a: Clefable|Clefable, F|394\/394
|move|p1a: Heracross|Swords Dance|p1a: Heracross
|-boost|p1a: Heracross|atk|2
|
|turn|11
|
|detailschange|p1a: Heracross|Heracross-Mega, F
|message|Heracross has Mega Evolved into Mega Heracross!
|move|p1a: Heracross|Rock Blast|p2a: Clefable
|-damage|p2a: Clefable|360\/394
|-damage|p2a: Clefable|324\/394
|-damage|p2a: Clefable|291\/394
|-damage|p2a: Clefable|258\/394
|-damage|p2a: Clefable|225\/394
|-hitcount|p2a: Clefable|5
|move|p2a: Clefable|Moonblast|p1a: Heracross
|-supereffective|p1a: Heracross
|-damage|p1a: Heracross|110\/302
|
|-heal|p2a: Clefable|249\/394|[from] item: Leftovers
|turn|12
|
|switch|p1a: Talonflame|Talonflame, F|327\/327
|move|p2a: Clefable|Moonblast|p1a: Talonflame
|-resisted|p1a: Talonflame
|-damage|p1a: Talonflame|261\/327
|
|-heal|p2a: Clefable|273\/394|[from] item: Leftovers
|turn|13
|
|switch|p2a: Suicune|Suicune|380\/404
|-ability|p2a: Suicune|Pressure
|move|p1a: Talonflame|Brave Bird|p2a: Suicune
|-damage|p2a: Suicune|253\/404
|-damage|p1a: Talonflame|219\/327|[from] recoil|[of] p2a: Suicune
|
|-heal|p2a: Suicune|278\/404|[from] item: Leftovers
|turn|14
|
|switch|p1a: Heracross|Heracross-Mega, F|110\/302
|move|p2a: Suicune|Scald|p1a: Heracross
|-damage|p1a: Heracross|23\/302
|
|-heal|p2a: Suicune|303\/404|[from] item: Leftovers
|turn|15
|
|move|p1a: Heracross|Pin Missile|p2a: Suicune
|-crit|p2a: Suicune
|-damage|p2a: Suicune|246\/404
|-damage|p2a: Suicune|210\/404
|-damage|p2a: Suicune|173\/404
|-damage|p2a: Suicune|134\/404
|-damage|p2a: Suicune|94\/404
|-hitcount|p2a: Suicune|5
|move|p2a: Suicune|Scald|p1a: Heracross
|-damage|p1a: Heracross|0 fnt
|faint|p1a: Heracross
|
|-heal|p2a: Suicune|119\/404|[from] item: Leftovers
|
|switch|p1a: Talonflame|Talonflame, F|219\/327
|turn|16
|
|move|p1a: Talonflame|Brave Bird|p2a: Suicune
|-damage|p2a: Suicune|0 fnt
|-damage|p1a: Talonflame|180\/327|[from] recoil|[of] p2a: Suicune
|faint|p2a: Suicune
|
|
|switch|p2a: Charizard|Charizard, M|359\/359
|turn|17
|
|switch|p1a: Landorus-Therian|Landorus-Therian, M|260\/337
|-ability|p1a: Landorus-Therian|Intimidate|[of] p2a: Charizard
|-unboost|p2a: Charizard|atk|1
|detailschange|p2a: Charizard|Charizard-Mega-X, M
|message|Charizard has Mega Evolved into Mega Charizard!
|move|p2a: Charizard|Dragon Claw|p1a: Landorus-Therian
|-damage|p1a: Landorus-Therian|155\/337
|
|turn|18
|
|switch|p2a: Skarmory|Skarmory, M|86\/334
|move|p1a: Landorus-Therian|Stone Edge|p2a: Skarmory
|-damage|p2a: Skarmory|0 fnt
|faint|p2a: Skarmory
|
|
|switch|p2a: Dugtrio|Dugtrio, M|201\/201
|turn|19
|
|switch|p1a: Talonflame|Talonflame, F|180\/327
|move|p2a: Dugtrio|Stealth Rock|p1a: Talonflame
|-sidestart|p1: LT8A Lolcat|move: Stealth Rock
|
|turn|20
|
|move|p1a: Talonflame|Brave Bird|p2a: Dugtrio
|-enditem|p2a: Dugtrio|Focus Sash
|-damage|p2a: Dugtrio|1\/201
|-damage|p1a: Talonflame|114\/327|[from] recoil|[of] p2a: Dugtrio
|move|p2a: Dugtrio|Rock Tomb|p1a: Talonflame
|-supereffective|p1a: Talonflame
|-damage|p1a: Talonflame|0 fnt
|faint|p1a: Talonflame
|
|
|switch|p1a: Latias|Latias, F|237\/301
|-damage|p1a: Latias|200\/301|[from] Stealth Rock
|turn|21
|
|move|p1a: Latias|Recover|p1a: Latias
|-heal|p1a: Latias|301\/301
|move|p2a: Dugtrio|Rock Tomb|p1a: Latias
|-damage|p1a: Latias|236\/301
|-unboost|p1a: Latias|spe|1
|
|turn|22
|
|move|p2a: Dugtrio|Rock Tomb|p1a: Latias
|-damage|p1a: Latias|173\/301
|-unboost|p1a: Latias|spe|1
|move|p1a: Latias|Defog|p2a: Dugtrio
|-unboost|p2a: Dugtrio|evasion|1
|-sideend|p1: LT8A Lolcat|Stealth Rock|[from] move: Defog|[of] p1a: Latias
|
|turn|23
|
|move|p2a: Dugtrio|Stealth Rock|p1a: Latias
|-sidestart|p1: LT8A Lolcat|move: Stealth Rock
|move|p1a: Latias|Recover|p1a: Latias
|-heal|p1a: Latias|301\/301
|
|turn|24
|
|move|p2a: Dugtrio|Reversal|p1a: Latias
|-resisted|p1a: Latias
|-damage|p1a: Latias|198\/301
|move|p1a: Latias|Psyshock|p2a: Dugtrio
|-damage|p2a: Dugtrio|0 fnt
|-damage|p1a: Latias|168\/301|[from] item: Life Orb
|faint|p2a: Dugtrio
|
|
|switch|p2a: Tornadus-Therian|Tornadus-Therian, M|332\/332
|turn|25
|
|move|p2a: Tornadus-Therian|Knock Off|p1a: Latias
|-supereffective|p1a: Latias
|-damage|p1a: Latias|24\/301
|-enditem|p1a: Latias|Life Orb|[from] move: Knock Off|[of] p2a: Tornadus-Therian
|move|p1a: Latias|Draco Meteor|p2a: Tornadus-Therian|[miss]
|-miss|p1a: Latias|p2a: Tornadus-Therian
|
|turn|26
|
|move|p2a: Tornadus-Therian|U-turn|p1a: Latias
|-supereffective|p1a: Latias
|-damage|p1a: Latias|0 fnt
|faint|p1a: Latias
|
|switch|p2a: Charizard|Charizard-Mega-X, M|359\/359
|
|
|switch|p1a: Landorus-Therian|Landorus-Therian, M|155\/337
|-damage|p1a: Landorus-Therian|113\/337|[from] Stealth Rock
|-ability|p1a: Landorus-Therian|Intimidate|[of] p2a: Charizard
|-unboost|p2a: Charizard|atk|1
|turn|27
|
|move|p1a: Landorus-Therian|Stone Edge|p2a: Charizard
|-supereffective|p2a: Charizard
|-damage|p2a: Charizard|89\/359
|move|p2a: Charizard|Will-O-Wisp|p1a: Landorus-Therian
|-status|p1a: Landorus-Therian|brn
|
|-damage|p1a: Landorus-Therian|71\/337 brn|[from] brn
|turn|28
|-message|LT8A Lolcat forfeited.
|
|win|Angels cry
|raw|Ladder updating...
|leave|LT8A Lolcat
|player|p1
|raw|LT8A Lolcat's rating: 1772 &rarr; <strong>1744<\/strong><br \/>(-28 for losing)
|raw|Angels cry's rating: 1632 &rarr; <strong>1660<\/strong><br \/>(+28 for winning)