|join|angels cry
|join|BudewIsCool
|player|p1|angels cry|269
|player|p2|BudewIsCool|268
|gametype|singles
|gen|6
|tier|OU
|rated
|clearpoke
|poke|p1|Scizor, M
|poke|p1|Ditto
|poke|p1|Chansey, F
|poke|p1|Gliscor, M
|poke|p1|Rotom-Wash
|poke|p1|Gothitelle, F
|poke|p2|Manaphy
|poke|p2|Gothitelle, F
|poke|p2|Charizard, M
|poke|p2|Amoonguss, F
|poke|p2|Mandibuzz, F, shiny
|poke|p2|Garchomp, F
|rule|Swagger Clause: Swagger is banned
|rule|Baton Pass Clause: Limit one Pokémon knowing Baton Pass
|rule|Sleep Clause Mod: Limit one foe put to sleep
|rule|Species Clause: Limit one of each Pokémon
|rule|OHKO Clause: OHKO moves are banned
|rule|Moody Clause: Moody is banned
|rule|Evasion Moves Clause: Evasion moves are banned
|rule|Endless Battle Clause: Forcing endless battles is banned
|rule|HP Percentage Mod: HP is shown in percentages
|teampreview
|
|start
|switch|p1a: Gliscor|Gliscor, M|354\/354
|switch|p2a: Charizard|Charizard, M|297\/297
|turn|1
|
|switch|p2a: Amoonguss|Amoonguss, F|431\/431
|move|p1a: Gliscor|Protect|p1a: Gliscor
|-fail|p1a: Gliscor
|
|-status|p1a: Gliscor|tox|[from] item: Toxic Orb
|turn|2
|
|move|p1a: Gliscor|Substitute|p1a: Gliscor
|-start|p1a: Gliscor|Substitute
|-damage|p1a: Gliscor|266\/354 tox
|move|p2a: Amoonguss|Foul Play|p1a: Gliscor
|-activate|p1a: Gliscor|Substitute|[damage]
|
|-heal|p1a: Gliscor|310\/354 tox|[from] ability: Poison Heal
|turn|3
|
|move|p1a: Gliscor|Earthquake|p2a: Amoonguss
|-damage|p2a: Amoonguss|332\/431
|move|p2a: Amoonguss|Foul Play|p1a: Gliscor
|-end|p1a: Gliscor|Substitute
|
|-heal|p2a: Amoonguss|358\/431|[from] item: Black Sludge
|-heal|p1a: Gliscor|354\/354 tox|[from] ability: Poison Heal
|turn|4
|
|switch|p1a: Chansey|Chansey, F|642\/642
|switch|p2a: Buzz|Mandibuzz, F, shiny|423\/423
|
|turn|5
|
|switch|p1a: Gliscor|Gliscor, M|354\/354 tox
|move|p2a: Buzz|Taunt|p1a: Gliscor
|-start|p1a: Gliscor|move: Taunt
|
|turn|6
|
|switch|p1a: Rotom-Wash|Rotom-Wash|304\/304
|switch|p2a: Manaphy|Manaphy|361\/361
|
|turn|7
|
|move|p2a: Manaphy|Energy Ball|p1a: Rotom-Wash
|-supereffective|p1a: Rotom-Wash
|-damage|p1a: Rotom-Wash|160\/304
|-unboost|p1a: Rotom-Wash|spd|1
|move|p1a: Rotom-Wash|Volt Switch|p2a: Manaphy
|-supereffective|p2a: Manaphy
|-damage|p2a: Manaphy|199\/361
|
|switch|p1a: Chansey|Chansey, F|642\/642
|
|-heal|p2a: Manaphy|221\/361|[from] item: Leftovers
|turn|8
|
|switch|p2a: Amoonguss|Amoonguss, F|431\/431
|move|p1a: Chansey|Thunder Wave|p2a: Amoonguss
|-status|p2a: Amoonguss|par
|
|turn|9
|
|switch|p2a: Gothitelle|Gothitelle, F|281\/281
|move|p1a: Chansey|Seismic Toss|p2a: Gothitelle
|-damage|p2a: Gothitelle|181\/281
|
|turn|10
|
|move|p2a: Gothitelle|Trick|p1a: Chansey
|-activate|p2a: Gothitelle|move: Trick|[of] p1a: Chansey
|-item|p1a: Chansey|Choice Specs|[from] move: Trick
|-item|p2a: Gothitelle|Eviolite|[from] move: Trick
|move|p1a: Chansey|Seismic Toss|p2a: Gothitelle
|-damage|p2a: Gothitelle|81\/281
|
|turn|11
|
|switch|p2a: Charizard|Charizard, M|297\/297
|move|p1a: Chansey|Seismic Toss|p2a: Charizard
|-damage|p2a: Charizard|197\/297
|
|turn|12
|
|switch|p1a: Gliscor|Gliscor, M|354\/354 tox
|move|p2a: Charizard|Dragon Dance|p2a: Charizard
|-boost|p2a: Charizard|atk|1
|-boost|p2a: Charizard|spe|1
|
|turn|13
|
|move|p2a: Charizard|Dragon Dance|p2a: Charizard
|-boost|p2a: Charizard|atk|1
|-boost|p2a: Charizard|spe|1
|move|p1a: Gliscor|Toxic|p2a: Charizard|[miss]
|-miss|p1a: Gliscor|p2a: Charizard
|
|turn|14
|
|detailschange|p2a: Charizard|Charizard-Mega-X, M
|message|Charizard has Mega Evolved into Mega Charizard!
|move|p2a: Charizard|Flare Blitz|p1a: Gliscor
|-damage|p1a: Gliscor|0 fnt
|-damage|p2a: Charizard|80\/297|[from] recoil|[of] p1a: Gliscor
|faint|p1a: Gliscor
|
|
|switch|p1a: Ditto|Ditto|300\/300
|-transform|p1a: Ditto|p2a: Charizard
|turn|15
|
|switch|p2a: Buzz|Mandibuzz, F, shiny|423\/423
|move|p1a: Ditto|Dragon Claw|p2a: Buzz
|-damage|p2a: Buzz|161\/423
|
|-heal|p2a: Buzz|187\/423|[from] item: Leftovers
|turn|16
|
|switch|p2a: Gothitelle|Gothitelle, F|81\/281
|move|p1a: Ditto|Dragon Claw|p2a: Gothitelle
|-damage|p2a: Gothitelle|0 fnt
|faint|p2a: Gothitelle
|
|
|switch|p2a: Amoonguss|Amoonguss, F|431\/431 par
|turn|17
|
|move|p1a: Ditto|Dragon Claw|p2a: Amoonguss
|-damage|p2a: Amoonguss|118\/431 par
|move|p2a: Amoonguss|Spore|p1a: Ditto
|-status|p1a: Ditto|slp
|
|-heal|p2a: Amoonguss|144\/431 par|[from] item: Black Sludge
|turn|18
|
|switch|p1a: Chansey|Chansey, F|642\/642
|switch|p2a: BLUE! :|Garchomp, F|357\/357
|
|turn|19
|
|move|p2a: BLUE! :|Outrage|p1a: Chansey
|-crit|p1a: Chansey
|-damage|p1a: Chansey|3\/642
|move|p1a: Chansey|Aromatherapy|p1a: Chansey
|-cureteam|p1a: Chansey|[from] move: Aromatherapy
|
|turn|20
|
|move|p2a: BLUE! :|Outrage|p1a: Chansey
|-damage|p1a: Chansey|0 fnt
|faint|p1a: Chansey
|
|
|switch|p1a: Scizor|Scizor, M|343\/343
|turn|21
|
|detailschange|p1a: Scizor|Scizor-Mega, M
|message|Scizor has Mega Evolved into Mega Scizor!
|move|p2a: BLUE! :|Outrage|p1a: Scizor
|-resisted|p1a: Scizor
|-damage|p1a: Scizor|277\/343
|move|p1a: Scizor|Swords Dance|p1a: Scizor
|-boost|p1a: Scizor|atk|2
|
|-end|p2a: BLUE! :|rampage
|-start|p2a: BLUE! :|confusion
|turn|22
|
|switch|p2a: Buzz|Mandibuzz, F, shiny|187\/423
|move|p1a: Scizor|Bullet Punch|p2a: Buzz
|-damage|p2a: Buzz|21\/423
|
|-heal|p2a: Buzz|47\/423|[from] item: Leftovers
|turn|23
|
|move|p2a: Buzz|Roost|p2a: Buzz
|-heal|p2a: Buzz|259\/423
|move|p1a: Scizor|Knock Off|p2a: Buzz
|-resisted|p2a: Buzz
|-damage|p2a: Buzz|168\/423
|-enditem|p2a: Buzz|Leftovers|[from] move: Knock Off|[of] p1a: Scizor
|
|turn|24
|
|move|p1a: Scizor|Bullet Punch|p2a: Buzz
|-damage|p2a: Buzz|3\/423
|move|p2a: Buzz|Roost|p2a: Buzz
|-heal|p2a: Buzz|215\/423
|
|turn|25
|
|move|p2a: Buzz|Roost|p2a: Buzz
|-heal|p2a: Buzz|423\/423
|move|p1a: Scizor|Swords Dance|p1a: Scizor
|-boost|p1a: Scizor|atk|2
|
|turn|26
|
|switch|p1a: Rotom-Wash|Rotom-Wash|160\/304
|move|p2a: Buzz|Foul Play|p1a: Rotom-Wash
|-damage|p1a: Rotom-Wash|99\/304
|
|-heal|p1a: Rotom-Wash|118\/304|[from] item: Leftovers
|turn|27
|
|switch|p2a: Amoonguss|Amoonguss, F|287\/431 par
|move|p1a: Rotom-Wash|Pain Split|p2a: Amoonguss
|-sethp|p2a: Amoonguss|202\/431 par|p1a: Rotom-Wash|202\/304|[from] move: Pain Split
|
|-heal|p1a: Rotom-Wash|221\/304|[from] item: Leftovers
|-heal|p2a: Amoonguss|228\/431 par|[from] item: Black Sludge
|turn|28
|
|switch|p1a: Ditto|Ditto|300\/300
|-transform|p1a: Ditto|p2a: Amoonguss
|move|p2a: Amoonguss|Spore|p1a: Ditto
|-fail|p1a: Ditto
|
|-heal|p2a: Amoonguss|254\/431 par|[from] item: Black Sludge
|turn|29
|
|switch|p2a: Buzz|Mandibuzz, F, shiny|423\/423
|move|p1a: Ditto|Sludge Bomb|p2a: Buzz
|-damage|p2a: Buzz|333\/423
|
|turn|30
|
|switch|p1a: Rotom-Wash|Rotom-Wash|221\/304
|move|p2a: Buzz|Foul Play|p1a: Rotom-Wash
|-damage|p1a: Rotom-Wash|163\/304
|
|-heal|p1a: Rotom-Wash|182\/304|[from] item: Leftovers
|turn|31
|
|switch|p2a: Amoonguss|Amoonguss, F|397\/431 par
|move|p1a: Rotom-Wash|Volt Switch|p2a: Amoonguss
|-resisted|p2a: Amoonguss
|-damage|p2a: Amoonguss|346\/431 par
|
|switch|p1a: Gothitelle|Gothitelle, F|282\/282
|
|-heal|p2a: Amoonguss|372\/431 par|[from] item: Black Sludge
|turn|32
|
|move|p1a: Gothitelle|Psychic|p2a: Amoonguss
|-supereffective|p2a: Amoonguss
|-damage|p2a: Amoonguss|66\/431 par
|move|p2a: Amoonguss|Spore|p1a: Gothitelle
|-status|p1a: Gothitelle|slp
|
|-heal|p2a: Amoonguss|92\/431 par|[from] item: Black Sludge
|turn|33
|
|cant|p1a: Gothitelle|slp
|move|p2a: Amoonguss|Foul Play|p1a: Gothitelle
|-supereffective|p1a: Gothitelle
|-damage|p1a: Gothitelle|196\/282 slp
|
|-heal|p2a: Amoonguss|118\/431 par|[from] item: Black Sludge
|turn|34
|
|-curestatus|p1a: Gothitelle|slp
|move|p1a: Gothitelle|Psychic|p2a: Amoonguss
|-supereffective|p2a: Amoonguss
|-damage|p2a: Amoonguss|0 fnt
|faint|p2a: Amoonguss
|
|
|switch|p2a: Buzz|Mandibuzz, F, shiny|333\/423
|turn|35
|
|switch|p1a: Rotom-Wash|Rotom-Wash|182\/304
|move|p2a: Buzz|Taunt|p1a: Rotom-Wash
|-start|p1a: Rotom-Wash|move: Taunt
|
|-heal|p1a: Rotom-Wash|201\/304|[from] item: Leftovers
|turn|36
|
|move|p2a: Buzz|Roost|p2a: Buzz
|-heal|p2a: Buzz|423\/423
|move|p1a: Rotom-Wash|Hydro Pump|p2a: Buzz
|-damage|p2a: Buzz|282\/423
|
|-heal|p1a: Rotom-Wash|220\/304|[from] item: Leftovers
|turn|37
|
|switch|p1a: Gothitelle|Gothitelle, F|196\/282
|move|p2a: Buzz|Roost|p2a: Buzz
|-heal|p2a: Buzz|423\/423
|
|turn|38
|
|move|p1a: Gothitelle|Trick|p2a: Buzz
|-activate|p1a: Gothitelle|move: Trick|[of] p2a: Buzz
|-item|p2a: Buzz|Choice Scarf|[from] move: Trick
|move|p2a: Buzz|Foul Play|p1a: Gothitelle
|-supereffective|p1a: Gothitelle
|-damage|p1a: Gothitelle|64\/282
|
|turn|39
|
|switch|p1a: Rotom-Wash|Rotom-Wash|220\/304
|move|p2a: Buzz|Foul Play|p1a: Rotom-Wash
|-damage|p1a: Rotom-Wash|160\/304
|
|-heal|p1a: Rotom-Wash|179\/304|[from] item: Leftovers
|turn|40
|
|switch|p2a: BLUE! :|Garchomp, F|357\/357
|move|p1a: Rotom-Wash|Will-O-Wisp|p2a: BLUE! :|[miss]
|-miss|p1a: Rotom-Wash|p2a: BLUE! :
|
|-heal|p1a: Rotom-Wash|198\/304|[from] item: Leftovers
|turn|41
|
|switch|p2a: Charizard|Charizard-Mega-X, M|80\/297
|move|p1a: Rotom-Wash|Pain Split|p2a: Charizard
|-sethp|p2a: Charizard|139\/297|p1a: Rotom-Wash|139\/304|[from] move: Pain Split
|
|-heal|p1a: Rotom-Wash|158\/304|[from] item: Leftovers
|turn|42
|
|move|p2a: Charizard|Roost|p2a: Charizard
|-heal|p2a: Charizard|288\/297
|move|p1a: Rotom-Wash|Volt Switch|p2a: Charizard
|-resisted|p2a: Charizard
|-damage|p2a: Charizard|239\/297
|
|switch|p1a: Ditto|Ditto|300\/300
|-transform|p1a: Ditto|p2a: Charizard
|
|turn|43
|
|switch|p2a: Buzz|Mandibuzz, F, shiny|423\/423
|move|p1a: Ditto|Dragon Claw|p2a: Buzz
|-damage|p2a: Buzz|296\/423
|
|turn|44
|
|switch|p1a: Rotom-Wash|Rotom-Wash|158\/304
|switch|p2a: Charizard|Charizard-Mega-X, M|239\/297
|
|-heal|p1a: Rotom-Wash|177\/304|[from] item: Leftovers
|turn|45
|
|move|p2a: Charizard|Dragon Claw|p1a: Rotom-Wash
|-damage|p1a: Rotom-Wash|23\/304
|move|p1a: Rotom-Wash|Pain Split|p2a: Charizard
|-sethp|p2a: Charizard|131\/297|p1a: Rotom-Wash|131\/304|[from] move: Pain Split
|
|-heal|p1a: Rotom-Wash|150\/304|[from] item: Leftovers
|turn|46
|
|switch|p1a: Gothitelle|Gothitelle, F|64\/282
|move|p2a: Charizard|Dragon Claw|p1a: Gothitelle
|-damage|p1a: Gothitelle|0 fnt
|faint|p1a: Gothitelle
|
|
|switch|p1a: Ditto|Ditto|300\/300
|-transform|p1a: Ditto|p2a: Charizard
|turn|47
|
|switch|p2a: BLUE! :|Garchomp, F|357\/357
|move|p1a: Ditto|Dragon Claw|p2a: BLUE! :
|-supereffective|p2a: BLUE! :
|-damage|p2a: BLUE! :|0 fnt
|-damage|p1a: Ditto|263\/300|[from] ability: Rough Skin|[of] p2a: BLUE! :
|faint|p2a: BLUE! :
|
|
|switch|p2a: Buzz|Mandibuzz, F, shiny|296\/423
|turn|48
|
|move|p1a: Ditto|Dragon Claw|p2a: Buzz
|-damage|p2a: Buzz|148\/423
|move|p2a: Buzz|Foul Play|p1a: Ditto
|-damage|p1a: Ditto|101\/300
|
|turn|49
|
|move|p1a: Ditto|Dragon Claw|p2a: Buzz
|-damage|p2a: Buzz|13\/423
|move|p2a: Buzz|Foul Play|p1a: Ditto
|-damage|p1a: Ditto|0 fnt
|faint|p1a: Ditto
|
|
|switch|p1a: Scizor|Scizor-Mega, M|277\/343
|turn|50
|
|move|p2a: Buzz|Foul Play|p1a: Scizor
|-damage|p1a: Scizor|163\/343
|move|p1a: Scizor|Swords Dance|p1a: Scizor
|-boost|p1a: Scizor|atk|2
|
|turn|51
|
|move|p1a: Scizor|Bullet Punch|p2a: Buzz
|-crit|p2a: Buzz
|-damage|p2a: Buzz|0 fnt
|faint|p2a: Buzz
|
|
|switch|p2a: Charizard|Charizard-Mega-X, M|131\/297
|turn|52
|
|move|p1a: Scizor|Bullet Punch|p2a: Charizard
|-resisted|p2a: Charizard
|-damage|p2a: Charizard|33\/297
|move|p2a: Charizard|Roost|p2a: Charizard
|-heal|p2a: Charizard|182\/297
|
|turn|53
|
|move|p1a: Scizor|Bullet Punch|p2a: Charizard
|-resisted|p2a: Charizard
|-damage|p2a: Charizard|82\/297
|move|p2a: Charizard|Roost|p2a: Charizard
|-heal|p2a: Charizard|231\/297
|
|turn|54
|
|move|p1a: Scizor|Bullet Punch|p2a: Charizard
|-resisted|p2a: Charizard
|-damage|p2a: Charizard|125\/297
|move|p2a: Charizard|Roost|p2a: Charizard
|-heal|p2a: Charizard|274\/297
|
|turn|55
|
|move|p1a: Scizor|Bullet Punch|p2a: Charizard
|-resisted|p2a: Charizard
|-damage|p2a: Charizard|174\/297
|move|p2a: Charizard|Flare Blitz|p1a: Scizor
|-supereffective|p1a: Scizor
|-damage|p1a: Scizor|0 fnt
|-damage|p2a: Charizard|120\/297|[from] recoil|[of] p1a: Scizor
|faint|p1a: Scizor
|
|
|switch|p1a: Rotom-Wash|Rotom-Wash|150\/304
|turn|56
|c|★angels cry|gg
|
|move|p2a: Charizard|Dragon Claw|p1a: Rotom-Wash
|-damage|p1a: Rotom-Wash|5\/304
|move|p1a: Rotom-Wash|Hydro Pump|p2a: Charizard|[miss]
|-miss|p1a: Rotom-Wash|p2a: Charizard
|
|-heal|p1a: Rotom-Wash|24\/304|[from] item: Leftovers
|turn|57
|c|★BudewIsCool|gg
|
|move|p2a: Charizard|Flare Blitz|p1a: Rotom-Wash
|-resisted|p1a: Rotom-Wash
|-damage|p1a: Rotom-Wash|0 fnt
|-damage|p2a: Charizard|112\/297|[from] recoil|[of] p1a: Rotom-Wash
|faint|p1a: Rotom-Wash
|
|win|BudewIsCool
|raw|Ladder updating...
|raw|angels cry's rating: 1428 &rarr; <strong>1408<\/strong><br \/>(-20 for losing)
|raw|BudewIsCool's rating: 1422 &rarr; <strong>1442<\/strong><br \/>(+20 for winning)
|leave|angels cry
|player|p1