|join|MoB Barley
|join|Angels cry
|player|p1|MoB Barley|161
|player|p2|Angels cry|274
|gametype|singles
|gen|6
|tier|OU
|rated
|clearpoke
|poke|p1|Metagross, shiny
|poke|p1|Landorus, M, shiny
|poke|p1|Garchomp, M, shiny
|poke|p1|Azumarill, M
|poke|p1|Latias, F
|poke|p1|Keldeo-Resolute, shiny
|poke|p2|Sableye, M
|poke|p2|Clefable, M
|poke|p2|Gothitelle, M
|poke|p2|Chansey, F
|poke|p2|Skarmory, F
|poke|p2|Gliscor, M
|rule|Swagger Clause: Swagger is banned
|rule|Baton Pass Clause: Limit one Pokémon knowing Baton Pass
|rule|Sleep Clause Mod: Limit one foe put to sleep
|rule|Species Clause: Limit one of each Pokémon
|rule|OHKO Clause: OHKO moves are banned
|rule|Moody Clause: Moody is banned
|rule|Evasion Moves Clause: Evasion moves are banned
|rule|Endless Battle Clause: Forcing endless battles is banned
|rule|HP Percentage Mod: HP is shown in percentages
|teampreview
|
|start
|switch|p1a: Landorus|Landorus, M, shiny|319\/319
|switch|p2a: Sableye|Sableye, M|304\/304
|turn|1
|
|switch|p2a: Chansey|Chansey, F|704\/704
|move|p1a: Landorus|Earth Power|p2a: Chansey
|-damage|p2a: Chansey|547\/704
|
|turn|2
|
|move|p1a: Landorus|Stealth Rock|p2a: Chansey
|-sidestart|p2: Angels cry|move: Stealth Rock
|move|p2a: Chansey|Stealth Rock|p1a: Landorus
|-sidestart|p1: MoB Barley|move: Stealth Rock
|
|turn|3
|
|move|p1a: Landorus|Knock Off|p2a: Chansey
|-damage|p2a: Chansey|385\/704
|-enditem|p2a: Chansey|Eviolite|[from] move: Knock Off|[of] p1a: Landorus
|-damage|p1a: Landorus|288\/319|[from] item: Life Orb
|move|p2a: Chansey|Seismic Toss|p1a: Landorus
|-damage|p1a: Landorus|188\/319
|
|turn|4
|join|Lolihatehax
|
|move|p1a: Landorus|Focus Blast|p2a: Chansey
|-supereffective|p2a: Chansey
|-damage|p2a: Chansey|0 fnt
|faint|p2a: Chansey
|
|
|switch|p2a: Gothitelle|Gothitelle, M|282\/282
|-damage|p2a: Gothitelle|247\/282|[from] Stealth Rock
|turn|5
|
|move|p2a: Gothitelle|Psyshock|p1a: Landorus
|-damage|p1a: Landorus|73\/319
|move|p1a: Landorus|Knock Off|p2a: Gothitelle
|-supereffective|p2a: Gothitelle
|-damage|p2a: Gothitelle|0 fnt
|-enditem|p2a: Gothitelle|Choice Scarf|[from] move: Knock Off|[of] p1a: Landorus
|-damage|p1a: Landorus|42\/319|[from] item: Life Orb
|faint|p2a: Gothitelle
|
|c|★MoB Barley|blow thru that stall land!
|
|switch|p2a: Skarmory|Skarmory, F|334\/334
|-damage|p2a: Skarmory|293\/334|[from] Stealth Rock
|turn|6
|
|move|p1a: Landorus|Focus Blast|p2a: Skarmory
|-damage|p2a: Skarmory|0 fnt
|faint|p2a: Skarmory
|
|c|★MoB Barley|ahaha
|-message|Angels cry forfeited.
|leave|Angels cry
|
|win|MoB Barley
|raw|Ladder updating...
|player|p2