|join|R3PR0
|join|testing tems
|player|p1|R3PR0|232
|player|p2|testing tems|161
|gametype|singles
|gen|6
|tier|OU
|rated
|clearpoke
|poke|p1|Metagross
|poke|p1|Talonflame, F
|poke|p1|Greninja, M
|poke|p1|Rotom-Wash
|poke|p1|Tyranitar, M
|poke|p1|Excadrill, F
|poke|p2|Slowbro, M
|poke|p2|Chansey, F
|poke|p2|Sableye, F
|poke|p2|Amoonguss, F
|poke|p2|Excadrill, F
|poke|p2|Granbull, M
|rule|Swagger Clause: Swagger is banned
|rule|Baton Pass Clause: Limit one Pokémon knowing Baton Pass
|rule|Sleep Clause Mod: Limit one foe put to sleep
|rule|Species Clause: Limit one of each Pokémon
|rule|OHKO Clause: OHKO moves are banned
|rule|Moody Clause: Moody is banned
|rule|Evasion Moves Clause: Evasion moves are banned
|rule|Endless Battle Clause: Forcing endless battles is banned
|rule|HP Percentage Mod: HP is shown in percentages
|teampreview
|
|start
|switch|p1a: Greninja|Greninja, M|285\/285
|switch|p2a: Sableye|Sableye, F|304\/304
|turn|1
|
|switch|p2a: Chansey|Chansey, F|704\/704
|move|p1a: Greninja|Hydro Pump|p2a: Chansey|[miss]
|-start|p1a: Greninja|typechange|Water|[from] Protean
|-miss|p1a: Greninja|p2a: Chansey
|
|turn|2
|
|move|p1a: Greninja|Toxic Spikes|p2a: Chansey
|-start|p1a: Greninja|typechange|Poison|[from] Protean
|-sidestart|p2: testing tems|move: Toxic Spikes
|move|p2a: Chansey|Thunder Wave|p1a: Greninja
|-status|p1a: Greninja|par
|
|turn|3
|join|irlysuck
|
|move|p2a: Chansey|Seismic Toss|p1a: Greninja
|-damage|p1a: Greninja|185\/285 par
|move|p1a: Greninja|Ice Beam|p2a: Chansey
|-start|p1a: Greninja|typechange|Ice|[from] Protean
|-damage|p2a: Chansey|590\/704
|-damage|p1a: Greninja|157\/285 par|[from] item: Life Orb
|
|turn|4
|
|switch|p1a: Rotom-Wash|Rotom-Wash|241\/241
|move|p2a: Chansey|Seismic Toss|p1a: Rotom-Wash
|-damage|p1a: Rotom-Wash|141\/241
|
|turn|5
|
|switch|p2a: Amoonguss|Amoonguss, F|432\/432
|-sideend|p2: testing tems|move: Toxic Spikes|[of] p2a: Amoonguss
|move|p1a: Rotom-Wash|Trick|p2a: Amoonguss
|-activate|p1a: Rotom-Wash|move: Trick|[of] p2a: Amoonguss
|-item|p2a: Amoonguss|Choice Scarf|[from] move: Trick
|-item|p1a: Rotom-Wash|Black Sludge|[from] move: Trick
|
|-damage|p1a: Rotom-Wash|111\/241|[from] item: Black Sludge
|turn|6
|
|move|p1a: Rotom-Wash|Volt Switch|p2a: Amoonguss
|-resisted|p2a: Amoonguss
|-damage|p2a: Amoonguss|366\/432
|
|switch|p1a: Greninja|Greninja, M|157\/285 par
|move|p2a: Amoonguss|Spore|p1a: Greninja
|-fail|p1a: Greninja
|
|turn|7
|
|switch|p2a: Chansey|Chansey, F|590\/704
|move|p1a: Greninja|Toxic Spikes|p2a: Chansey
|-start|p1a: Greninja|typechange|Poison|[from] Protean
|-sidestart|p2: testing tems|move: Toxic Spikes
|
|turn|8
|
|switch|p1a: Tyranitar|Tyranitar, M|401\/401
|-weather|Sandstorm
|move|p2a: Chansey|Seismic Toss|p1a: Tyranitar
|-damage|p1a: Tyranitar|301\/401
|
|-weather|Sandstorm|[upkeep]
|-damage|p2a: Chansey|546\/704|[from] sandstorm
|turn|9
|
|switch|p2a: Amoonguss|Amoonguss, F|432\/432
|-sideend|p2: testing tems|move: Toxic Spikes|[of] p2a: Amoonguss
|move|p1a: Tyranitar|Stealth Rock|p2a: Amoonguss
|-sidestart|p2: testing tems|move: Stealth Rock
|
|-weather|Sandstorm|[upkeep]
|-damage|p2a: Amoonguss|405\/432|[from] sandstorm
|turn|10
|
|switch|p1a: Metagross|Metagross|302\/302
|move|p2a: Amoonguss|Giga Drain|p1a: Metagross
|-crit|p1a: Metagross
|-resisted|p1a: Metagross
|-damage|p1a: Metagross|242\/302
|-heal|p2a: Amoonguss|432\/432|[from] drain|[of] p1a: Metagross
|
|-weather|Sandstorm|[upkeep]
|-damage|p2a: Amoonguss|405\/432|[from] sandstorm
|turn|11
|
|switch|p1a: Tyranitar|Tyranitar, M|301\/401
|switch|p2a: Slowbro|Slowbro, M|394\/394
|-damage|p2a: Slowbro|345\/394|[from] Stealth Rock
|
|-weather|Sandstorm|[upkeep]
|-damage|p2a: Slowbro|321\/394|[from] sandstorm
|-heal|p2a: Slowbro|345\/394|[from] item: Leftovers
|turn|12
|
|switch|p1a: Greninja|Greninja, M|157\/285 par
|switch|p2a: Granbull|Granbull, M|384\/384
|-damage|p2a: Granbull|336\/384|[from] Stealth Rock
|-ability|p2a: Granbull|Intimidate|[of] p1a: Greninja
|-unboost|p1a: Greninja|atk|1
|
|-weather|Sandstorm|[upkeep]
|-damage|p2a: Granbull|312\/384|[from] sandstorm
|-damage|p1a: Greninja|140\/285 par|[from] sandstorm
|-heal|p2a: Granbull|336\/384|[from] item: Leftovers
|turn|13
|
|switch|p1a: Talonflame|Talonflame, F|319\/319
|move|p2a: Granbull|Play Rough|p1a: Talonflame
|-resisted|p1a: Talonflame
|-damage|p1a: Talonflame|234\/319
|
|-weather|Sandstorm|[upkeep]
|-damage|p1a: Talonflame|215\/319|[from] sandstorm
|-damage|p2a: Granbull|312\/384|[from] sandstorm
|-heal|p2a: Granbull|336\/384|[from] item: Leftovers
|turn|14
|
|switch|p2a: Slowbro|Slowbro, M|394\/394
|-damage|p2a: Slowbro|345\/394|[from] Stealth Rock
|move|p1a: Talonflame|Swords Dance|p1a: Talonflame
|-boost|p1a: Talonflame|atk|2
|
|-weather|Sandstorm|[upkeep]
|-damage|p1a: Talonflame|196\/319|[from] sandstorm
|-damage|p2a: Slowbro|321\/394|[from] sandstorm
|-heal|p2a: Slowbro|345\/394|[from] item: Leftovers
|turn|15
|
|move|p1a: Talonflame|Brave Bird|p2a: Slowbro
|-damage|p2a: Slowbro|105\/394
|-damage|p1a: Talonflame|117\/319|[from] recoil|[of] p2a: Slowbro
|move|p2a: Slowbro|Scald|p1a: Talonflame
|-supereffective|p1a: Talonflame
|-damage|p1a: Talonflame|0 fnt
|faint|p1a: Talonflame
|
|-weather|none
|-heal|p2a: Slowbro|129\/394|[from] item: Leftovers
|
|switch|p1a: Rotom-Wash|Rotom-Wash|111\/241
|turn|16
|
|switch|p2a: Amoonguss|Amoonguss, F|432\/432
|-damage|p2a: Amoonguss|378\/432|[from] Stealth Rock
|move|p1a: Rotom-Wash|Hydro Pump|p2a: Amoonguss
|-resisted|p2a: Amoonguss
|-damage|p2a: Amoonguss|279\/432
|
|-damage|p1a: Rotom-Wash|81\/241|[from] item: Black Sludge
|turn|17
|
|move|p1a: Rotom-Wash|Volt Switch|p2a: Amoonguss
|-resisted|p2a: Amoonguss
|-damage|p2a: Amoonguss|220\/432
|
|switch|p1a: Metagross|Metagross|242\/302
|move|p2a: Amoonguss|Giga Drain|p1a: Metagross
|-resisted|p1a: Metagross
|-damage|p1a: Metagross|198\/302
|-heal|p2a: Amoonguss|242\/432|[from] drain|[of] p1a: Metagross
|
|turn|18
|
|switch|p2a: Slowbro|Slowbro, M|260\/394
|-damage|p2a: Slowbro|211\/394|[from] Stealth Rock
|detailschange|p1a: Metagross|Metagross-Mega
|message|Metagross has Mega Evolved into Mega Metagross!
|move|p1a: Metagross|Meteor Mash|p2a: Slowbro
|-resisted|p2a: Slowbro
|-damage|p2a: Slowbro|133\/394
|
|-heal|p2a: Slowbro|157\/394|[from] item: Leftovers
|turn|19
|
|move|p1a: Metagross|Meteor Mash|p2a: Slowbro
|-crit|p2a: Slowbro
|-resisted|p2a: Slowbro
|-damage|p2a: Slowbro|49\/394
|move|p2a: Slowbro|Thunder Wave|p1a: Metagross
|-status|p1a: Metagross|par
|
|-heal|p2a: Slowbro|73\/394|[from] item: Leftovers
|turn|20
|c| irlysuck|ᕙ༼ຈل͜ຈ༽ᕗ
|leave|irlysuck
|-message|R3PR0 forfeited.
|
|win|testing tems
|raw|Ladder updating...
|leave|R3PR0
|player|p1
|raw|R3PR0's rating: 1477 &rarr; <strong>1450<\/strong><br \/>(-27 for losing)
|raw|testing tems's rating: 1361 &rarr; <strong>1387<\/strong><br \/>(+26 for winning)