|join|I'mNotOnFire
|join|qqqqw
|player|p1|I'mNotOnFire|29
|player|p2|qqqqw|52
|gametype|singles
|gen|6
|tier|OU
|rated
|clearpoke
|poke|p1|Clefable, M
|poke|p1|Arcanine, F
|poke|p1|Mantine, F
|poke|p1|Chesnaught, M
|poke|p1|Ampharos, F
|poke|p1|Bronzong
|poke|p2|Aggron, M
|poke|p2|Latias, F
|poke|p2|Slowbro, F
|poke|p2|Kingdra, F
|poke|p2|Ditto
|poke|p2|Medicham, M
|rule|Swagger Clause: Swagger is banned
|rule|Baton Pass Clause: Limit one Pokémon knowing Baton Pass
|rule|Sleep Clause Mod: Limit one foe put to sleep
|rule|Species Clause: Limit one of each Pokémon
|rule|OHKO Clause: OHKO moves are banned
|rule|Moody Clause: Moody is banned
|rule|Evasion Moves Clause: Evasion moves are banned
|rule|Endless Battle Clause: Forcing endless battles is banned
|rule|HP Percentage Mod: HP is shown in percentages
|teampreview
|
|start
|switch|p1a: Bronzong|Bronzong|338\/338
|switch|p2a: Medicham|Medicham, M|261\/261
|turn|1
|
|move|p2a: Medicham|High Jump Kick|p1a: Bronzong
|-damage|p1a: Bronzong|0 fnt
|faint|p1a: Bronzong
|
|
|switch|p1a: Arcanine|Arcanine, F|383\/383
|-ability|p1a: Arcanine|Intimidate|[of] p2a: Medicham
|-unboost|p2a: Medicham|atk|1
|turn|2
|
|switch|p2a: Ditto|Ditto|300\/300
|-transform|p2a: Ditto|p1a: Arcanine
|-ability|p2a: Ditto|Intimidate|[of] p1a: Arcanine
|-unboost|p1a: Arcanine|atk|1
|move|p1a: Arcanine|Will-O-Wisp|p2a: Ditto
|-fail|p2a: Ditto
|
|turn|3
|
|switch|p2a: Kingdra|Kingdra, F|291\/291
|switch|p1a: Mantine|Mantine, F|333\/333
|
|turn|4
|
|switch|p2a: Latias|Latias, F|363\/363
|move|p1a: Mantine|Toxic|p2a: Latias
|-status|p2a: Latias|tox
|
|-damage|p2a: Latias|341\/363 tox|[from] psn
|turn|5
|
|switch|p1a: Clefable|Clefable, M|393\/393
|move|p2a: Latias|Toxic|p1a: Clefable
|-status|p1a: Clefable|tox
|
|-heal|p2a: Latias|363\/363 tox|[from] item: Leftovers
|-damage|p2a: Latias|319\/363 tox|[from] psn
|-damage|p1a: Clefable|369\/393 tox|[from] psn
|turn|6
|
|switch|p2a: Ditto|Ditto|300\/300
|-transform|p2a: Ditto|p1a: Clefable
|move|p1a: Clefable|Heal Bell|p1a: Clefable
|-cureteam|p1a: Clefable|[from] move: HealBell
|
|-heal|p1a: Clefable|393\/393|[from] item: Leftovers
|turn|7
|
|move|p2a: Ditto|Heal Bell|p2a: Ditto
|-cureteam|p2a: Ditto|[from] move: HealBell
|move|p1a: Clefable|Moonblast|p2a: Ditto
|-damage|p2a: Ditto|183\/300
|-unboost|p2a: Ditto|spa|1
|
|turn|8
|
|switch|p2a: Aggron|Aggron, M|344\/344
|move|p1a: Clefable|Moonblast|p2a: Aggron
|-resisted|p2a: Aggron
|-damage|p2a: Aggron|266\/344
|
|turn|9
|
|switch|p1a: Chesnaught|Chesnaught, M|380\/380
|detailschange|p2a: Aggron|Aggron-Mega, M
|message|Aggron has Mega Evolved into Mega Aggron!
|move|p2a: Aggron|Curse|p2a: Aggron
|-boost|p2a: Aggron|atk|1
|-boost|p2a: Aggron|def|1
|-unboost|p2a: Aggron|spe|1
|
|turn|10
|
|move|p1a: Chesnaught|Leech Seed|p2a: Aggron
|-start|p2a: Aggron|move: Leech Seed
|move|p2a: Aggron|Heavy Slam|p1a: Chesnaught
|-damage|p1a: Chesnaught|235\/380
|
|-heal|p1a: Chesnaught|258\/380|[from] item: Leftovers
|-damage|p2a: Aggron|223\/344|[from] Leech Seed|[of] p1a: Chesnaught
|-heal|p1a: Chesnaught|301\/380|[silent]
|turn|11
|
|move|p1a: Chesnaught|Spikes|p2a: Aggron
|-sidestart|p2: qqqqw|Spikes
|move|p2a: Aggron|Curse|p2a: Aggron
|-boost|p2a: Aggron|atk|1
|-boost|p2a: Aggron|def|1
|-unboost|p2a: Aggron|spe|1
|
|-heal|p1a: Chesnaught|324\/380|[from] item: Leftovers
|-damage|p2a: Aggron|180\/344|[from] Leech Seed|[of] p1a: Chesnaught
|-heal|p1a: Chesnaught|367\/380|[silent]
|turn|12
|
|move|p1a: Chesnaught|Low Sweep|p2a: Aggron
|-supereffective|p2a: Aggron
|-damage|p2a: Aggron|152\/344
|-unboost|p2a: Aggron|spe|1
|move|p2a: Aggron|Rest|p2a: Aggron
|-status|p2a: Aggron|slp
|-heal|p2a: Aggron|344\/344 slp|[silent]
|-status|p2a: Aggron|slp|[from] move: Rest
|
|-heal|p1a: Chesnaught|380\/380|[from] item: Leftovers
|-damage|p2a: Aggron|301\/344 slp|[from] Leech Seed|[of] p1a: Chesnaught
|turn|13
|
|move|p1a: Chesnaught|Spikes|p2a: Aggron
|-sidestart|p2: qqqqw|Spikes
|cant|p2a: Aggron|slp
|
|-damage|p2a: Aggron|258\/344 slp|[from] Leech Seed|[of] p1a: Chesnaught
|turn|14
|
|move|p1a: Chesnaught|Spikes|p2a: Aggron
|-sidestart|p2: qqqqw|Spikes
|cant|p2a: Aggron|slp
|
|-damage|p2a: Aggron|215\/344 slp|[from] Leech Seed|[of] p1a: Chesnaught
|turn|15
|
|switch|p1a: Arcanine|Arcanine, F|383\/383
|-ability|p1a: Arcanine|Intimidate|[of] p2a: Aggron
|-unboost|p2a: Aggron|atk|1
|-curestatus|p2a: Aggron|slp
|move|p2a: Aggron|Curse|p2a: Aggron
|-boost|p2a: Aggron|atk|1
|-boost|p2a: Aggron|def|1
|-unboost|p2a: Aggron|spe|1
|
|-damage|p2a: Aggron|172\/344|[from] Leech Seed|[of] p1a: Arcanine
|turn|16
|
|move|p1a: Arcanine|Will-O-Wisp|p2a: Aggron
|-status|p2a: Aggron|brn
|move|p2a: Aggron|Earthquake|p1a: Arcanine
|-supereffective|p1a: Arcanine
|-damage|p1a: Arcanine|213\/383
|
|-heal|p1a: Arcanine|236\/383|[from] item: Leftovers
|-damage|p2a: Aggron|129\/344 brn|[from] Leech Seed|[of] p1a: Arcanine
|-heal|p1a: Arcanine|279\/383|[silent]
|-damage|p2a: Aggron|86\/344 brn|[from] brn
|turn|17
|
|move|p1a: Arcanine|Flare Blitz|p2a: Aggron
|-supereffective|p2a: Aggron
|-damage|p2a: Aggron|50\/344 brn
|-damage|p1a: Arcanine|267\/383|[from] recoil|[of] p2a: Aggron
|move|p2a: Aggron|Rest|p2a: Aggron
|-status|p2a: Aggron|slp
|-heal|p2a: Aggron|344\/344 slp|[silent]
|-status|p2a: Aggron|slp|[from] move: Rest
|
|-heal|p1a: Arcanine|290\/383|[from] item: Leftovers
|-damage|p2a: Aggron|301\/344 slp|[from] Leech Seed|[of] p1a: Arcanine
|-heal|p1a: Arcanine|333\/383|[silent]
|turn|18
|
|move|p1a: Arcanine|Morning Sun|p1a: Arcanine
|-heal|p1a: Arcanine|383\/383
|cant|p2a: Aggron|slp
|
|-damage|p2a: Aggron|258\/344 slp|[from] Leech Seed|[of] p1a: Arcanine
|turn|19
|
|switch|p1a: Chesnaught|Chesnaught, M|380\/380
|cant|p2a: Aggron|slp
|
|-damage|p2a: Aggron|215\/344 slp|[from] Leech Seed|[of] p1a: Chesnaught
|turn|20
|
|move|p1a: Chesnaught|Low Sweep|p2a: Aggron
|-supereffective|p2a: Aggron
|-damage|p2a: Aggron|197\/344 slp
|-unboost|p2a: Aggron|spe|1
|-curestatus|p2a: Aggron|slp
|move|p2a: Aggron|Curse|p2a: Aggron
|-boost|p2a: Aggron|atk|1
|-boost|p2a: Aggron|def|1
|-unboost|p2a: Aggron|spe|1
|
|-damage|p2a: Aggron|154\/344|[from] Leech Seed|[of] p1a: Chesnaught
|turn|21
|
|move|p1a: Chesnaught|Low Sweep|p2a: Aggron
|-supereffective|p2a: Aggron
|-damage|p2a: Aggron|136\/344
|move|p2a: Aggron|Rest|p2a: Aggron
|-status|p2a: Aggron|slp
|-heal|p2a: Aggron|344\/344 slp|[silent]
|-status|p2a: Aggron|slp|[from] move: Rest
|
|-damage|p2a: Aggron|301\/344 slp|[from] Leech Seed|[of] p1a: Chesnaught
|turn|22
|
|switch|p1a: Mantine|Mantine, F|333\/333
|cant|p2a: Aggron|slp
|
|-damage|p2a: Aggron|258\/344 slp|[from] Leech Seed|[of] p1a: Mantine
|turn|23
|
|switch|p2a: Ditto|Ditto|183\/300
|-damage|p2a: Ditto|108\/300|[from] Spikes
|-transform|p2a: Ditto|p1a: Mantine
|move|p1a: Mantine|Scald|p2a: Ditto
|-heal|p2a: Ditto|183\/300|[from] ability: Water Absorb|[of] p1a: Mantine
|
|turn|24
|
|move|p2a: Ditto|Defog|p1a: Mantine
|-unboost|p1a: Mantine|evasion|1
|-sideend|p2: qqqqw|Spikes|[from] move: Defog|[of] p2a: Ditto
|move|p1a: Mantine|Toxic|p2a: Ditto
|-status|p2a: Ditto|tox
|
|-damage|p2a: Ditto|165\/300 tox|[from] psn
|turn|25
|
|switch|p2a: Slowbro|Slowbro, F|394\/394
|switch|p1a: Ampharos|Ampharos, F|383\/383
|
|turn|26
|
|detailschange|p1a: Ampharos|Ampharos-Mega, F
|message|Ampharos has Mega Evolved into Mega Ampharos!
|-ability|p1a: Ampharos|Mold Breaker
|move|p1a: Ampharos|Volt Switch|p2a: Slowbro
|-supereffective|p2a: Slowbro
|-damage|p2a: Slowbro|100\/394
|
|switch|p1a: Chesnaught|Chesnaught, M|380\/380
|move|p2a: Slowbro|Ice Beam|p1a: Chesnaught
|-supereffective|p1a: Chesnaught
|-damage|p1a: Chesnaught|40\/380
|
|-heal|p1a: Chesnaught|63\/380|[from] item: Leftovers
|turn|27
|
|switch|p2a: Medicham|Medicham, M|261\/261
|move|p1a: Chesnaught|Seed Bomb|p2a: Medicham
|-damage|p2a: Medicham|135\/261
|
|-heal|p1a: Chesnaught|86\/380|[from] item: Leftovers
|turn|28
|
|move|p2a: Medicham|Psycho Cut|p1a: Chesnaught
|-supereffective|p1a: Chesnaught
|-damage|p1a: Chesnaught|0 fnt
|faint|p1a: Chesnaught
|
|
|switch|p1a: Arcanine|Arcanine, F|383\/383
|-ability|p1a: Arcanine|Intimidate|[of] p2a: Medicham
|-unboost|p2a: Medicham|atk|1
|turn|29
|
|switch|p2a: Kingdra|Kingdra, F|291\/291
|move|p1a: Arcanine|Toxic|p2a: Kingdra
|-status|p2a: Kingdra|tox
|
|-damage|p2a: Kingdra|273\/291 tox|[from] psn
|turn|30
|
|switch|p1a: Mantine|Mantine, F|333\/333
|move|p2a: Kingdra|Scald|p1a: Mantine
|-immune|p1a: Mantine|[msg]
|
|-damage|p2a: Kingdra|237\/291 tox|[from] psn
|turn|31
|
|switch|p2a: Ditto|Ditto|165\/300 tox
|-transform|p2a: Ditto|p1a: Mantine
|move|p1a: Mantine|Scald|p2a: Ditto
|-heal|p2a: Ditto|240\/300 tox|[from] ability: Water Absorb|[of] p1a: Mantine
|
|-damage|p2a: Ditto|222\/300 tox|[from] psn
|turn|32
|
|switch|p1a: Ampharos|Ampharos-Mega, F|383\/383
|-ability|p1a: Ampharos|Mold Breaker
|move|p2a: Ditto|Toxic|p1a: Ampharos
|-status|p1a: Ampharos|tox
|
|-damage|p2a: Ditto|186\/300 tox|[from] psn
|-damage|p1a: Ampharos|360\/383 tox|[from] psn
|turn|33
|
|switch|p2a: Latias|Latias, F|319\/363
|move|p1a: Ampharos|Volt Switch|p2a: Latias
|-resisted|p2a: Latias
|-damage|p2a: Latias|276\/363
|
|switch|p1a: Clefable|Clefable, M|393\/393
|
|-heal|p2a: Latias|298\/363|[from] item: Leftovers
|turn|34
|
|switch|p2a: Ditto|Ditto|186\/300 tox
|-transform|p2a: Ditto|p1a: Clefable
|move|p1a: Clefable|Heal Bell|p1a: Clefable
|-cureteam|p1a: Clefable|[from] move: HealBell
|
|-damage|p2a: Ditto|168\/300 tox|[from] psn
|turn|35
|
|move|p2a: Ditto|Heal Bell|p2a: Ditto
|-cureteam|p2a: Ditto|[from] move: HealBell
|move|p1a: Clefable|Moonblast|p2a: Ditto
|-damage|p2a: Ditto|45\/300
|-unboost|p2a: Ditto|spa|1
|
|turn|36
|
|switch|p2a: Aggron|Aggron-Mega, M|258\/344
|move|p1a: Clefable|Moonblast|p2a: Aggron
|-crit|p2a: Aggron
|-resisted|p2a: Aggron
|-damage|p2a: Aggron|164\/344
|
|turn|37
|
|switch|p1a: Arcanine|Arcanine, F|383\/383
|-ability|p1a: Arcanine|Intimidate|[of] p2a: Aggron
|-unboost|p2a: Aggron|atk|1
|move|p2a: Aggron|Heavy Slam|p1a: Arcanine
|-resisted|p1a: Arcanine
|-damage|p1a: Arcanine|358\/383
|
|-heal|p1a: Arcanine|381\/383|[from] item: Leftovers
|turn|38
|
|switch|p2a: Kingdra|Kingdra, F|237\/291
|move|p1a: Arcanine|Flare Blitz|p2a: Kingdra
|-resisted|p2a: Kingdra
|-damage|p2a: Kingdra|195\/291
|-damage|p1a: Arcanine|367\/383|[from] recoil|[of] p2a: Kingdra
|
|-heal|p1a: Arcanine|383\/383|[from] item: Leftovers
|turn|39
|
|switch|p1a: Mantine|Mantine, F|333\/333
|move|p2a: Kingdra|Ice Beam|p1a: Mantine
|-damage|p1a: Mantine|269\/333
|
|-heal|p1a: Mantine|289\/333|[from] item: Leftovers
|turn|40
|
|switch|p2a: Slowbro|Slowbro, F|231\/394
|switch|p1a: Ampharos|Ampharos-Mega, F|360\/383
|-ability|p1a: Ampharos|Mold Breaker
|
|turn|41
|
|switch|p2a: Latias|Latias, F|298\/363
|move|p1a: Ampharos|Volt Switch|p2a: Latias
|-resisted|p2a: Latias
|-damage|p2a: Latias|253\/363
|
|switch|p1a: Mantine|Mantine, F|289\/333
|
|-heal|p2a: Latias|275\/363|[from] item: Leftovers
|-heal|p1a: Mantine|309\/333|[from] item: Leftovers
|turn|42
|
|move|p2a: Latias|Substitute|p2a: Latias
|-start|p2a: Latias|Substitute
|-damage|p2a: Latias|185\/363
|move|p1a: Mantine|Toxic|p2a: Latias
|
|-heal|p2a: Latias|207\/363|[from] item: Leftovers
|-heal|p1a: Mantine|329\/333|[from] item: Leftovers
|turn|43
|
|switch|p1a: Clefable|Clefable, M|393\/393
|move|p2a: Latias|Toxic|p1a: Clefable
|-status|p1a: Clefable|tox
|
|-heal|p2a: Latias|229\/363|[from] item: Leftovers
|-damage|p1a: Clefable|369\/393 tox|[from] psn
|turn|44
|
|move|p2a: Latias|Substitute|p2a: Latias
|-fail|p2a: Latias|move: Substitute
|move|p1a: Clefable|Moonblast|p2a: Latias
|-supereffective|p2a: Latias
|-end|p2a: Latias|Substitute
|
|-heal|p2a: Latias|251\/363|[from] item: Leftovers
|-heal|p1a: Clefable|393\/393 tox|[from] item: Leftovers
|-damage|p1a: Clefable|345\/393 tox|[from] psn
|turn|45
|
|move|p2a: Latias|Substitute|p2a: Latias
|-start|p2a: Latias|Substitute
|-damage|p2a: Latias|161\/363
|move|p1a: Clefable|Moonblast|p2a: Latias
|-supereffective|p2a: Latias
|-end|p2a: Latias|Substitute
|
|-heal|p2a: Latias|183\/363|[from] item: Leftovers
|-heal|p1a: Clefable|369\/393 tox|[from] item: Leftovers
|-damage|p1a: Clefable|297\/393 tox|[from] psn
|turn|46
|
|move|p2a: Latias|Recover|p2a: Latias
|-heal|p2a: Latias|363\/363
|move|p1a: Clefable|Moonblast|p2a: Latias
|-supereffective|p2a: Latias
|-damage|p2a: Latias|217\/363
|
|-heal|p2a: Latias|239\/363|[from] item: Leftovers
|-heal|p1a: Clefable|321\/393 tox|[from] item: Leftovers
|-damage|p1a: Clefable|225\/393 tox|[from] psn
|turn|47
|
|move|p2a: Latias|Substitute|p2a: Latias
|-start|p2a: Latias|Substitute
|-damage|p2a: Latias|149\/363
|move|p1a: Clefable|Heal Bell|p1a: Clefable
|-cureteam|p1a: Clefable|[from] move: HealBell
|
|-heal|p2a: Latias|171\/363|[from] item: Leftovers
|-heal|p1a: Clefable|249\/393|[from] item: Leftovers
|turn|48
|
|move|p2a: Latias|Toxic|p1a: Clefable
|-status|p1a: Clefable|tox
|move|p1a: Clefable|Moonblast|p2a: Latias
|-supereffective|p2a: Latias
|-end|p2a: Latias|Substitute
|
|-heal|p2a: Latias|193\/363|[from] item: Leftovers
|-heal|p1a: Clefable|273\/393 tox|[from] item: Leftovers
|-damage|p1a: Clefable|249\/393 tox|[from] psn
|turn|49
|
|move|p2a: Latias|Recover|p2a: Latias
|-heal|p2a: Latias|363\/363
|move|p1a: Clefable|Moonblast|p2a: Latias
|-supereffective|p2a: Latias
|-damage|p2a: Latias|213\/363
|-unboost|p2a: Latias|spa|1
|
|-heal|p2a: Latias|235\/363|[from] item: Leftovers
|-heal|p1a: Clefable|273\/393 tox|[from] item: Leftovers
|-damage|p1a: Clefable|225\/393 tox|[from] psn
|turn|50
|
|move|p2a: Latias|Substitute|p2a: Latias
|-start|p2a: Latias|Substitute
|-damage|p2a: Latias|145\/363
|move|p1a: Clefable|Moonblast|p2a: Latias
|-supereffective|p2a: Latias
|-end|p2a: Latias|Substitute
|
|-heal|p2a: Latias|167\/363|[from] item: Leftovers
|-heal|p1a: Clefable|249\/393 tox|[from] item: Leftovers
|-damage|p1a: Clefable|177\/393 tox|[from] psn
|turn|51
|
|move|p2a: Latias|Recover|p2a: Latias
|-heal|p2a: Latias|349\/363
|move|p1a: Clefable|Heal Bell|p1a: Clefable
|-cureteam|p1a: Clefable|[from] move: HealBell
|
|-heal|p2a: Latias|363\/363|[from] item: Leftovers
|-heal|p1a: Clefable|201\/393|[from] item: Leftovers
|turn|52
|
|switch|p1a: Ampharos|Ampharos-Mega, F|360\/383
|-ability|p1a: Ampharos|Mold Breaker
|move|p2a: Latias|Toxic|p1a: Ampharos
|-status|p1a: Ampharos|tox
|
|-damage|p1a: Ampharos|337\/383 tox|[from] psn
|turn|53
|
|move|p2a: Latias|Substitute|p2a: Latias
|-start|p2a: Latias|Substitute
|-damage|p2a: Latias|273\/363
|move|p1a: Ampharos|Dragon Pulse|p2a: Latias
|-supereffective|p2a: Latias
|-end|p2a: Latias|Substitute
|
|-heal|p2a: Latias|295\/363|[from] item: Leftovers
|-damage|p1a: Ampharos|291\/383 tox|[from] psn
|turn|54
|
|move|p2a: Latias|Substitute|p2a: Latias
|-start|p2a: Latias|Substitute
|-damage|p2a: Latias|205\/363
|move|p1a: Ampharos|Rest|p1a: Ampharos
|-status|p1a: Ampharos|slp
|-heal|p1a: Ampharos|383\/383 slp|[silent]
|-status|p1a: Ampharos|slp|[from] move: Rest
|
|-heal|p2a: Latias|227\/363|[from] item: Leftovers
|turn|55
|
|move|p2a: Latias|Shadow Ball|p1a: Ampharos
|-damage|p1a: Ampharos|352\/383 slp
|cant|p1a: Ampharos|slp
|move|p1a: Ampharos|Sleep Talk|p1a: Ampharos
|move|p1a: Ampharos|Rest|p1a: Ampharos|[from]Sleep Talk
|-fail|p1a: Ampharos
|
|-heal|p2a: Latias|249\/363|[from] item: Leftovers
|turn|56
|
|move|p2a: Latias|Shadow Ball|p1a: Ampharos
|-damage|p1a: Ampharos|323\/383 slp
|cant|p1a: Ampharos|slp
|move|p1a: Ampharos|Sleep Talk|p1a: Ampharos
|move|p1a: Ampharos|Volt Switch|p2a: Latias|[from]Sleep Talk
|-crit|p2a: Latias
|-resisted|p2a: Latias
|-activate|p2a: Latias|Substitute|[damage]
|
|switch|p1a: Clefable|Clefable, M|201\/393
|
|-heal|p2a: Latias|271\/363|[from] item: Leftovers
|-heal|p1a: Clefable|225\/393|[from] item: Leftovers
|turn|57
|
|move|p2a: Latias|Toxic|p1a: Clefable
|-status|p1a: Clefable|tox
|move|p1a: Clefable|Moonblast|p2a: Latias
|-supereffective|p2a: Latias
|-end|p2a: Latias|Substitute
|
|-heal|p2a: Latias|293\/363|[from] item: Leftovers
|-heal|p1a: Clefable|249\/393 tox|[from] item: Leftovers
|-damage|p1a: Clefable|225\/393 tox|[from] psn
|turn|58
|
|move|p2a: Latias|Substitute|p2a: Latias
|-start|p2a: Latias|Substitute
|-damage|p2a: Latias|203\/363
|move|p1a: Clefable|Moonblast|p2a: Latias
|-supereffective|p2a: Latias
|-end|p2a: Latias|Substitute
|
|-heal|p2a: Latias|225\/363|[from] item: Leftovers
|-heal|p1a: Clefable|249\/393 tox|[from] item: Leftovers
|-damage|p1a: Clefable|201\/393 tox|[from] psn
|turn|59
|
|move|p2a: Latias|Substitute|p2a: Latias
|-start|p2a: Latias|Substitute
|-damage|p2a: Latias|135\/363
|move|p1a: Clefable|Moonblast|p2a: Latias
|-supereffective|p2a: Latias
|-end|p2a: Latias|Substitute
|
|-heal|p2a: Latias|157\/363|[from] item: Leftovers
|-heal|p1a: Clefable|225\/393 tox|[from] item: Leftovers
|-damage|p1a: Clefable|153\/393 tox|[from] psn
|turn|60
|
|move|p2a: Latias|Recover|p2a: Latias
|-heal|p2a: Latias|339\/363
|move|p1a: Clefable|Moonblast|p2a: Latias
|-supereffective|p2a: Latias
|-damage|p2a: Latias|199\/363
|-unboost|p2a: Latias|spa|1
|
|-heal|p2a: Latias|221\/363|[from] item: Leftovers
|-heal|p1a: Clefable|177\/393 tox|[from] item: Leftovers
|-damage|p1a: Clefable|81\/393 tox|[from] psn
|turn|61
|
|move|p2a: Latias|Recover|p2a: Latias
|-heal|p2a: Latias|363\/363
|move|p1a: Clefable|Moonblast|p2a: Latias
|-supereffective|p2a: Latias
|-damage|p2a: Latias|223\/363
|
|-heal|p2a: Latias|245\/363|[from] item: Leftovers
|-heal|p1a: Clefable|105\/393 tox|[from] item: Leftovers
|-damage|p1a: Clefable|0 fnt|[from] psn
|faint|p1a: Clefable
|c|★qqqqw|lolol
|
|switch|p1a: Ampharos|Ampharos-Mega, F|323\/383 slp
|-ability|p1a: Ampharos|Mold Breaker
|turn|62
|c|★I'mNotOnFire|lol wut
|
|move|p2a: Latias|Substitute|p2a: Latias
|-start|p2a: Latias|Substitute
|-damage|p2a: Latias|155\/363
|-curestatus|p1a: Ampharos|slp
|move|p1a: Ampharos|Sleep Talk|p1a: Ampharos
|-fail|p1a: Ampharos
|
|-heal|p2a: Latias|177\/363|[from] item: Leftovers
|turn|63
|
|move|p2a: Latias|Toxic|p1a: Ampharos
|-status|p1a: Ampharos|tox
|move|p1a: Ampharos|Dragon Pulse|p2a: Latias
|-supereffective|p2a: Latias
|-end|p2a: Latias|Substitute
|
|-heal|p2a: Latias|199\/363|[from] item: Leftovers
|-damage|p1a: Ampharos|300\/383 tox|[from] psn
|turn|64
|
|move|p2a: Latias|Substitute|p2a: Latias
|-start|p2a: Latias|Substitute
|-damage|p2a: Latias|109\/363
|move|p1a: Ampharos|Dragon Pulse|p2a: Latias
|-supereffective|p2a: Latias
|-end|p2a: Latias|Substitute
|
|-heal|p2a: Latias|131\/363|[from] item: Leftovers
|-damage|p1a: Ampharos|254\/383 tox|[from] psn
|turn|65
|
|move|p2a: Latias|Substitute|p2a: Latias
|-start|p2a: Latias|Substitute
|-damage|p2a: Latias|41\/363
|move|p1a: Ampharos|Dragon Pulse|p2a: Latias
|-supereffective|p2a: Latias
|-end|p2a: Latias|Substitute
|
|-heal|p2a: Latias|63\/363|[from] item: Leftovers
|-damage|p1a: Ampharos|185\/383 tox|[from] psn
|turn|66
|
|switch|p2a: Aggron|Aggron-Mega, M|164\/344
|move|p1a: Ampharos|Dragon Pulse|p2a: Aggron
|-resisted|p2a: Aggron
|-damage|p2a: Aggron|66\/344
|
|-damage|p1a: Ampharos|93\/383 tox|[from] psn
|turn|67
|
|move|p2a: Aggron|Rest|p2a: Aggron
|-status|p2a: Aggron|slp
|-heal|p2a: Aggron|344\/344 slp|[silent]
|-status|p2a: Aggron|slp|[from] move: Rest
|move|p1a: Ampharos|Rest|p1a: Ampharos
|-status|p1a: Ampharos|slp
|-heal|p1a: Ampharos|383\/383 slp|[silent]
|-status|p1a: Ampharos|slp|[from] move: Rest
|
|turn|68
|
|cant|p2a: Aggron|slp
|cant|p1a: Ampharos|slp
|move|p1a: Ampharos|Sleep Talk|p1a: Ampharos
|move|p1a: Ampharos|Volt Switch|p2a: Aggron|[from]Sleep Talk
|-damage|p2a: Aggron|181\/344 slp
|
|switch|p1a: Mantine|Mantine, F|329\/333
|
|-heal|p1a: Mantine|333\/333|[from] item: Leftovers
|turn|69
|
|switch|p1a: Ampharos|Ampharos-Mega, F|383\/383 slp
|-ability|p1a: Ampharos|Mold Breaker
|switch|p2a: Ditto|Ditto|45\/300
|-transform|p2a: Ditto|p1a: Ampharos
|-ability|p2a: Ditto|Mold Breaker
|
|turn|70
|
|move|p2a: Ditto|Dragon Pulse|p1a: Ampharos
|-supereffective|p1a: Ampharos
|-damage|p1a: Ampharos|165\/383 slp
|cant|p1a: Ampharos|slp
|move|p1a: Ampharos|Sleep Talk|p1a: Ampharos
|move|p1a: Ampharos|Dragon Pulse|p2a: Ditto|[from]Sleep Talk
|-supereffective|p2a: Ditto
|-damage|p2a: Ditto|0 fnt
|faint|p2a: Ditto
|
|
|switch|p2a: Kingdra|Kingdra, F|195\/291
|turn|71
|
|switch|p1a: Mantine|Mantine, F|333\/333
|move|p2a: Kingdra|Ice Beam|p1a: Mantine
|-damage|p1a: Mantine|272\/333
|-status|p1a: Mantine|frz
|
|-heal|p1a: Mantine|292\/333 frz|[from] item: Leftovers
|turn|72
|
|switch|p2a: Medicham|Medicham, M|135\/261
|-curestatus|p1a: Mantine|frz
|move|p1a: Mantine|Scald|p2a: Medicham
|-damage|p2a: Medicham|35\/261
|
|-heal|p1a: Mantine|312\/333|[from] item: Leftovers
|turn|73
|
|move|p2a: Medicham|Psycho Cut|p1a: Mantine
|-damage|p1a: Mantine|72\/333
|move|p1a: Mantine|Scald|p2a: Medicham
|-damage|p2a: Medicham|0 fnt
|faint|p2a: Medicham
|
|-heal|p1a: Mantine|92\/333|[from] item: Leftovers
|
|switch|p2a: Latias|Latias, F|63\/363
|turn|74
|
|switch|p2a: Aggron|Aggron-Mega, M|181\/344 slp
|move|p1a: Mantine|Toxic|p2a: Aggron
|-fail|p2a: Aggron
|
|-heal|p1a: Mantine|112\/333|[from] item: Leftovers
|turn|75
|
|move|p1a: Mantine|Scald|p2a: Aggron
|-damage|p2a: Aggron|90\/344 slp
|cant|p2a: Aggron|slp
|
|-heal|p1a: Mantine|132\/333|[from] item: Leftovers
|turn|76
|
|move|p1a: Mantine|Scald|p2a: Aggron
|-damage|p2a: Aggron|0 fnt
|faint|p2a: Aggron
|
|-heal|p1a: Mantine|152\/333|[from] item: Leftovers
|
|switch|p2a: Slowbro|Slowbro, F|362\/394
|turn|77
|
|move|p1a: Mantine|Toxic|p2a: Slowbro
|-status|p2a: Slowbro|tox
|move|p2a: Slowbro|Psychic|p1a: Mantine
|-damage|p1a: Mantine|32\/333
|
|-heal|p1a: Mantine|52\/333|[from] item: Leftovers
|-damage|p2a: Slowbro|338\/394 tox|[from] psn
|turn|78
|
|move|p1a: Mantine|Rest|p1a: Mantine
|-status|p1a: Mantine|slp
|-heal|p1a: Mantine|333\/333 slp|[silent]
|-status|p1a: Mantine|slp|[from] move: Rest
|move|p2a: Slowbro|Psychic|p1a: Mantine
|-crit|p1a: Mantine
|-damage|p1a: Mantine|158\/333 slp
|
|-heal|p1a: Mantine|178\/333 slp|[from] item: Leftovers
|-damage|p2a: Slowbro|290\/394 tox|[from] psn
|turn|79
|c|★I'mNotOnFire|wooo to 100 turns
|
|cant|p1a: Mantine|slp
|move|p2a: Slowbro|Psychic|p1a: Mantine
|-damage|p1a: Mantine|48\/333 slp
|
|-heal|p1a: Mantine|68\/333 slp|[from] item: Leftovers
|-damage|p2a: Slowbro|218\/394 tox|[from] psn
|turn|80
|
|switch|p1a: Arcanine|Arcanine, F|383\/383
|-ability|p1a: Arcanine|Intimidate|[of] p2a: Slowbro
|-unboost|p2a: Slowbro|atk|1
|move|p2a: Slowbro|Psychic|p1a: Arcanine
|-damage|p1a: Arcanine|152\/383
|-unboost|p1a: Arcanine|spd|1
|
|-heal|p1a: Arcanine|175\/383|[from] item: Leftovers
|-damage|p2a: Slowbro|122\/394 tox|[from] psn
|turn|81
|
|switch|p2a: Latias|Latias, F|63\/363
|move|p1a: Arcanine|Morning Sun|p1a: Arcanine
|-heal|p1a: Arcanine|366\/383
|
|-heal|p2a: Latias|85\/363|[from] item: Leftovers
|-heal|p1a: Arcanine|383\/383|[from] item: Leftovers
|turn|82
|
|switch|p2a: Kingdra|Kingdra, F|195\/291
|move|p1a: Arcanine|Toxic|p2a: Kingdra
|-status|p2a: Kingdra|tox
|
|-damage|p2a: Kingdra|177\/291 tox|[from] psn
|turn|83
|
|switch|p1a: Mantine|Mantine, F|68\/333 slp
|move|p2a: Kingdra|Dragon Pulse|p1a: Mantine
|-damage|p1a: Mantine|0 fnt
|faint|p1a: Mantine
|
|-damage|p2a: Kingdra|141\/291 tox|[from] psn
|
|switch|p1a: Arcanine|Arcanine, F|383\/383
|-ability|p1a: Arcanine|Intimidate|[of] p2a: Kingdra
|-unboost|p2a: Kingdra|atk|1
|turn|84
|
|switch|p2a: Slowbro|Slowbro, F|253\/394 tox
|move|p1a: Arcanine|Morning Sun|p1a: Arcanine
|
|-damage|p2a: Slowbro|229\/394 tox|[from] psn
|turn|85
|
|switch|p1a: Ampharos|Ampharos-Mega, F|165\/383 slp
|-ability|p1a: Ampharos|Mold Breaker
|move|p2a: Slowbro|Scald|p1a: Ampharos
|-resisted|p1a: Ampharos
|-damage|p1a: Ampharos|99\/383 slp
|
|-damage|p2a: Slowbro|181\/394 tox|[from] psn
|turn|86
|
|switch|p2a: Latias|Latias, F|85\/363
|-curestatus|p1a: Ampharos|slp
|move|p1a: Ampharos|Sleep Talk|p1a: Ampharos
|-fail|p1a: Ampharos
|
|-heal|p2a: Latias|107\/363|[from] item: Leftovers
|turn|87
|
|move|p2a: Latias|Recover|p2a: Latias
|-heal|p2a: Latias|289\/363
|move|p1a: Ampharos|Dragon Pulse|p2a: Latias
|-supereffective|p2a: Latias
|-damage|p2a: Latias|95\/363
|
|-heal|p2a: Latias|117\/363|[from] item: Leftovers
|turn|88
|
|move|p2a: Latias|Recover|p2a: Latias
|-heal|p2a: Latias|299\/363
|move|p1a: Ampharos|Dragon Pulse|p2a: Latias
|-supereffective|p2a: Latias
|-damage|p2a: Latias|77\/363
|
|-heal|p2a: Latias|99\/363|[from] item: Leftovers
|turn|89
|
|move|p2a: Latias|Recover|p2a: Latias
|-heal|p2a: Latias|281\/363
|move|p1a: Ampharos|Rest|p1a: Ampharos
|-status|p1a: Ampharos|slp
|-heal|p1a: Ampharos|383\/383 slp|[silent]
|-status|p1a: Ampharos|slp|[from] move: Rest
|
|-heal|p2a: Latias|303\/363|[from] item: Leftovers
|turn|90
|
|move|p2a: Latias|Substitute|p2a: Latias
|-start|p2a: Latias|Substitute
|-damage|p2a: Latias|213\/363
|cant|p1a: Ampharos|slp
|move|p1a: Ampharos|Sleep Talk|p1a: Ampharos
|move|p1a: Ampharos|Dragon Pulse|p2a: Latias|[from]Sleep Talk
|-supereffective|p2a: Latias
|-end|p2a: Latias|Substitute
|
|-heal|p2a: Latias|235\/363|[from] item: Leftovers
|turn|91
|
|move|p2a: Latias|Substitute|p2a: Latias
|-start|p2a: Latias|Substitute
|-damage|p2a: Latias|145\/363
|cant|p1a: Ampharos|slp
|move|p1a: Ampharos|Sleep Talk|p1a: Ampharos
|move|p1a: Ampharos|Rest|p1a: Ampharos|[from]Sleep Talk
|-fail|p1a: Ampharos
|
|-heal|p2a: Latias|167\/363|[from] item: Leftovers
|turn|92
|
|move|p2a: Latias|Recover|p2a: Latias
|-heal|p2a: Latias|349\/363
|-curestatus|p1a: Ampharos|slp
|move|p1a: Ampharos|Sleep Talk|p1a: Ampharos
|-fail|p1a: Ampharos
|
|-heal|p2a: Latias|363\/363|[from] item: Leftovers
|turn|93
|
|move|p2a: Latias|Toxic|p1a: Ampharos
|-status|p1a: Ampharos|tox
|move|p1a: Ampharos|Dragon Pulse|p2a: Latias
|-supereffective|p2a: Latias
|-end|p2a: Latias|Substitute
|
|-damage|p1a: Ampharos|360\/383 tox|[from] psn
|turn|94
|c|★I'mNotOnFire|so... how was your day been?
|
|move|p2a: Latias|Shadow Ball|p1a: Ampharos
|-damage|p1a: Ampharos|311\/383 tox
|move|p1a: Ampharos|Dragon Pulse|p2a: Latias
|-supereffective|p2a: Latias
|-damage|p2a: Latias|169\/363
|
|-heal|p2a: Latias|191\/363|[from] item: Leftovers
|-damage|p1a: Ampharos|265\/383 tox|[from] psn
|turn|95
|
|move|p2a: Latias|Recover|p2a: Latias
|-heal|p2a: Latias|363\/363
|move|p1a: Ampharos|Dragon Pulse|p2a: Latias
|-supereffective|p2a: Latias
|-damage|p2a: Latias|171\/363
|
|-heal|p2a: Latias|193\/363|[from] item: Leftovers
|-damage|p1a: Ampharos|196\/383 tox|[from] psn
|turn|96
|c|★I'mNotOnFire|*has
|
|switch|p2a: Slowbro|Slowbro, F|312\/394 tox
|move|p1a: Ampharos|Dragon Pulse|p2a: Slowbro
|-damage|p2a: Slowbro|132\/394 tox
|
|-damage|p1a: Ampharos|104\/383 tox|[from] psn
|-damage|p2a: Slowbro|108\/394 tox|[from] psn
|turn|97
|
|switch|p2a: Latias|Latias, F|193\/363
|move|p1a: Ampharos|Rest|p1a: Ampharos
|-status|p1a: Ampharos|slp
|-heal|p1a: Ampharos|383\/383 slp|[silent]
|-status|p1a: Ampharos|slp|[from] move: Rest
|
|-heal|p2a: Latias|215\/363|[from] item: Leftovers
|turn|98
|
|switch|p2a: Slowbro|Slowbro, F|239\/394 tox
|cant|p1a: Ampharos|slp
|move|p1a: Ampharos|Sleep Talk|p1a: Ampharos
|move|p1a: Ampharos|Volt Switch|p2a: Slowbro|[from]Sleep Talk
|-supereffective|p2a: Slowbro
|-damage|p2a: Slowbro|0 fnt
|faint|p2a: Slowbro
|
|switch|p1a: Arcanine|Arcanine, F|383\/383
|
|
|switch|p2a: Kingdra|Kingdra, F|141\/291 tox
|turn|99
|
|move|p2a: Kingdra|Dragon Pulse|p1a: Arcanine
|-damage|p1a: Arcanine|232\/383
|move|p1a: Arcanine|Morning Sun|p1a: Arcanine
|-heal|p1a: Arcanine|383\/383
|
|-damage|p2a: Kingdra|123\/291 tox|[from] psn
|turn|100
|
|switch|p2a: Latias|Latias, F|215\/363
|move|p1a: Arcanine|Morning Sun|p1a: Arcanine
|
|-heal|p2a: Latias|237\/363|[from] item: Leftovers
|turn|101
|
|move|p2a: Latias|Toxic|p1a: Arcanine
|-status|p1a: Arcanine|tox
|move|p1a: Arcanine|Flare Blitz|p2a: Latias
|-resisted|p2a: Latias
|-damage|p2a: Latias|165\/363
|-damage|p1a: Arcanine|359\/383 tox|[from] recoil|[of] p2a: Latias
|
|-heal|p2a: Latias|187\/363|[from] item: Leftovers
|-heal|p1a: Arcanine|382\/383 tox|[from] item: Leftovers
|-damage|p1a: Arcanine|359\/383 tox|[from] psn
|turn|102
|
|switch|p1a: Ampharos|Ampharos-Mega, F|383\/383 slp
|-ability|p1a: Ampharos|Mold Breaker
|move|p2a: Latias|Substitute|p2a: Latias
|-start|p2a: Latias|Substitute
|-damage|p2a: Latias|97\/363
|
|-heal|p2a: Latias|119\/363|[from] item: Leftovers
|turn|103
|
|move|p2a: Latias|Recover|p2a: Latias
|-heal|p2a: Latias|301\/363
|cant|p1a: Ampharos|slp
|move|p1a: Ampharos|Sleep Talk|p1a: Ampharos
|move|p1a: Ampharos|Dragon Pulse|p2a: Latias|[from]Sleep Talk
|-crit|p2a: Latias
|-supereffective|p2a: Latias
|-end|p2a: Latias|Substitute
|
|-heal|p2a: Latias|323\/363|[from] item: Leftovers
|turn|104
|
|move|p2a: Latias|Substitute|p2a: Latias
|-start|p2a: Latias|Substitute
|-damage|p2a: Latias|233\/363
|-curestatus|p1a: Ampharos|slp
|move|p1a: Ampharos|Sleep Talk|p1a: Ampharos
|-fail|p1a: Ampharos
|
|-heal|p2a: Latias|255\/363|[from] item: Leftovers
|turn|105
|
|move|p2a: Latias|Toxic|p1a: Ampharos
|-status|p1a: Ampharos|tox
|move|p1a: Ampharos|Dragon Pulse|p2a: Latias
|-supereffective|p2a: Latias
|-end|p2a: Latias|Substitute
|
|-heal|p2a: Latias|277\/363|[from] item: Leftovers
|-damage|p1a: Ampharos|360\/383 tox|[from] psn
|turn|106
|
|move|p2a: Latias|Shadow Ball|p1a: Ampharos
|-damage|p1a: Ampharos|315\/383 tox
|move|p1a: Ampharos|Dragon Pulse|p2a: Latias
|-supereffective|p2a: Latias
|-damage|p2a: Latias|77\/363
|
|-heal|p2a: Latias|99\/363|[from] item: Leftovers
|-damage|p1a: Ampharos|269\/383 tox|[from] psn
|turn|107
|
|move|p2a: Latias|Recover|p2a: Latias
|-heal|p2a: Latias|281\/363
|move|p1a: Ampharos|Dragon Pulse|p2a: Latias
|-supereffective|p2a: Latias
|-damage|p2a: Latias|75\/363
|
|-heal|p2a: Latias|97\/363|[from] item: Leftovers
|-damage|p1a: Ampharos|200\/383 tox|[from] psn
|turn|108
|
|switch|p2a: Kingdra|Kingdra, F|123\/291 tox
|move|p1a: Ampharos|Dragon Pulse|p2a: Kingdra
|-supereffective|p2a: Kingdra
|-damage|p2a: Kingdra|0 fnt
|faint|p2a: Kingdra
|
|-damage|p1a: Ampharos|108\/383 tox|[from] psn
|-message|qqqqw forfeited.
|leave|qqqqw
|
|switch|p2a: Latias|Latias, F|97\/363
|turn|109
|
|win|I'mNotOnFire
|raw|Ladder updating...
|player|p2
|raw|I&apos;mNotOnFire's rating: 1491 &rarr; <strong>1510<\/strong><br \/>(+19 for winning)
|raw|qqqqw's rating: 1459 &rarr; <strong>1441<\/strong><br \/>(-18 for losing)