|join|Feyitomi
|join|XGC x TeMPaH
|player|p1|Feyitomi|214
|player|p2|XGC x TeMPaH|54
|gametype|singles
|gen|6
|tier|OU
|rated
|clearpoke
|poke|p1|Charizard, M, shiny
|poke|p1|Latios, M
|poke|p1|Bisharp, F, shiny
|poke|p1|Clefable, M
|poke|p1|Keldeo-Resolute
|poke|p1|Landorus-Therian, M
|poke|p2|Pinsir, M
|poke|p2|Ferrothorn, M
|poke|p2|Conkeldurr, M
|poke|p2|Mew
|poke|p2|Rotom-Wash
|poke|p2|Gliscor, M
|rule|Swagger Clause: Swagger is banned
|rule|Baton Pass Clause: Limit one Pokémon knowing Baton Pass
|rule|Sleep Clause Mod: Limit one foe put to sleep
|rule|Species Clause: Limit one of each Pokémon
|rule|OHKO Clause: OHKO moves are banned
|rule|Moody Clause: Moody is banned
|rule|Evasion Moves Clause: Evasion moves are banned
|rule|Endless Battle Clause: Forcing endless battles is banned
|rule|HP Percentage Mod: HP is shown in percentages
|teampreview
|
|start
|switch|p1a: Dragon X|Charizard, M, shiny|315\/315
|switch|p2a: Gliscor|Gliscor, M|330\/330
|turn|1
|
|switch|p1a: Fairy Tail|Clefable, M|394\/394
|move|p2a: Gliscor|Protect|p2a: Gliscor
|-fail|p2a: Gliscor
|
|-status|p2a: Gliscor|tox|[from] item: Toxic Orb
|turn|2
|
|switch|p2a: Ferrothorn|Ferrothorn, M|351\/351
|move|p1a: Fairy Tail|Moonblast|p2a: Ferrothorn
|-resisted|p2a: Ferrothorn
|-damage|p2a: Ferrothorn|315\/351
|-unboost|p2a: Ferrothorn|spa|1
|
|-heal|p2a: Ferrothorn|336\/351|[from] item: Leftovers
|turn|3
|
|move|p1a: Fairy Tail|Fire Blast|p2a: Ferrothorn
|-supereffective|p2a: Ferrothorn
|-damage|p2a: Ferrothorn|76\/351
|move|p2a: Ferrothorn|Thunder Wave|p1a: Fairy Tail
|-status|p1a: Fairy Tail|par
|
|-heal|p2a: Ferrothorn|97\/351|[from] item: Leftovers
|turn|4
|
|move|p2a: Ferrothorn|Stealth Rock|p1a: Fairy Tail
|-sidestart|p1: Feyitomi|move: Stealth Rock
|cant|p1a: Fairy Tail|par
|
|-heal|p2a: Ferrothorn|118\/351|[from] item: Leftovers
|turn|5
|
|move|p2a: Ferrothorn|Gyro Ball|p1a: Fairy Tail
|-supereffective|p1a: Fairy Tail
|-damage|p1a: Fairy Tail|346\/394 par
|cant|p1a: Fairy Tail|par
|
|-heal|p2a: Ferrothorn|139\/351|[from] item: Leftovers
|-heal|p1a: Fairy Tail|370\/394 par|[from] item: Leftovers
|turn|6
|
|move|p2a: Ferrothorn|Spikes|p1a: Fairy Tail
|-sidestart|p1: Feyitomi|Spikes
|move|p1a: Fairy Tail|Calm Mind|p1a: Fairy Tail
|-boost|p1a: Fairy Tail|spa|1
|-boost|p1a: Fairy Tail|spd|1
|
|-heal|p2a: Ferrothorn|160\/351|[from] item: Leftovers
|-heal|p1a: Fairy Tail|394\/394 par|[from] item: Leftovers
|turn|7
|
|switch|p2a: Conkeldurr|Conkeldurr, M|400\/400
|move|p1a: Fairy Tail|Calm Mind|p1a: Fairy Tail
|-boost|p1a: Fairy Tail|spa|1
|-boost|p1a: Fairy Tail|spd|1
|
|turn|8
|
|move|p2a: Conkeldurr|Knock Off|p1a: Fairy Tail
|-resisted|p1a: Fairy Tail
|-damage|p1a: Fairy Tail|337\/394 par
|-enditem|p1a: Fairy Tail|Leftovers|[from] move: Knock Off|[of] p2a: Conkeldurr
|move|p1a: Fairy Tail|Moonblast|p2a: Conkeldurr
|-supereffective|p2a: Conkeldurr
|-damage|p2a: Conkeldurr|80\/400
|
|turn|9
|
|switch|p2a: Ferrothorn|Ferrothorn, M|160\/351
|move|p1a: Fairy Tail|Moonblast|p2a: Ferrothorn
|-resisted|p2a: Ferrothorn
|-damage|p2a: Ferrothorn|85\/351
|
|-heal|p2a: Ferrothorn|106\/351|[from] item: Leftovers
|turn|10
|
|move|p2a: Ferrothorn|Spikes|p1a: Fairy Tail
|-sidestart|p1: Feyitomi|Spikes
|move|p1a: Fairy Tail|Fire Blast|p2a: Ferrothorn
|-supereffective|p2a: Ferrothorn
|-damage|p2a: Ferrothorn|0 fnt
|faint|p2a: Ferrothorn
|
|
|switch|p2a: Pinsir|Pinsir, M|271\/271
|turn|11
|
|detailschange|p2a: Pinsir|Pinsir-Mega, M
|message|Pinsir has Mega Evolved into Mega Pinsir!
|move|p2a: Pinsir|Swords Dance|p2a: Pinsir
|-boost|p2a: Pinsir|atk|2
|cant|p1a: Fairy Tail|par
|
|turn|12
|
|move|p2a: Pinsir|Return|p1a: Fairy Tail
|-damage|p1a: Fairy Tail|0 fnt
|faint|p1a: Fairy Tail
|
|
|switch|p1a: Keldeo Check|Latios, M|301\/301
|-damage|p1a: Keldeo Check|264\/301|[from] Stealth Rock
|turn|13
|
|move|p2a: Pinsir|Quick Attack|p1a: Keldeo Check
|-damage|p1a: Keldeo Check|0 fnt
|faint|p1a: Keldeo Check
|
|-message|Feyitomi forfeited.
|
|win|XGC x TeMPaH
|raw|Ladder updating...
|leave|Feyitomi
|player|p1
|raw|Feyitomi's rating: 1628 &rarr; <strong>1606<\/strong><br \/>(-22 for losing)
|raw|XGC x TeMPaH's rating: 1588 &rarr; <strong>1611<\/strong><br \/>(+23 for winning)
|c|★XGC x TeMPaH|XD
|c|★XGC x TeMPaH|gonna save this