|join|The Prosecutor
|join|Ooppi
|player|p1|The Prosecutor|110
|player|p2|Ooppi|135
|gametype|singles
|gen|6
|tier|UU
|rated
|rule|Sleep Clause Mod: Limit one foe put to sleep
|rule|Species Clause: Limit one of each Pokémon
|rule|OHKO Clause: OHKO moves are banned
|rule|Moody Clause: Moody is banned
|rule|Evasion Moves Clause: Evasion moves are banned
|rule|Endless Battle Clause: Forcing endless battles is banned
|rule|HP Percentage Mod: HP is shown in percentages
|clearpoke
|poke|p1|Cloyster, F
|poke|p1|Trevenant, F
|poke|p1|Krookodile, F
|poke|p1|Lucario, F
|poke|p1|Ampharos, F
|poke|p1|Crobat, F
|poke|p2|Machamp, M
|poke|p2|Roserade, M
|poke|p2|Chandelure, M
|poke|p2|Forretress, M
|poke|p2|Lickilicky, M
|poke|p2|Honchkrow, M
|rule|Swagger Clause: Swagger is banned
|rule|Baton Pass Clause: Limit one Pokémon knowing Baton Pass
|teampreview
|chat|The Prosecutor|glhf
|chat|Ooppi|u2
|chat|The Prosecutor|thx
|
|start
|switch|p1a: Sunburnt!|Krookodile, F|394\/394
|switch|p2a: Cheerleada|Roserade, M|262\/262
|-ability|p1a: Sunburnt!|Intimidate|[of] p2a: Cheerleada
|-unboost|p2a: Cheerleada|atk|1
|turn|1
|
|switch|p1a: Probat|Crobat, F|311\/311
|move|p2a: Cheerleada|Leaf Storm|p1a: Probat
|-resisted|p1a: Probat
|-damage|p1a: Probat|228\/311
|-unboost|p2a: Cheerleada|spa|2
|-damage|p2a: Cheerleada|236\/262|[from] item: Life Orb
|
|-heal|p1a: Probat|247\/311|[from] item: Black Sludge
|turn|2
|
|switch|p2a: Fortress|Forretress, M|354\/354
|move|p1a: Probat|U-turn|p2a: Fortress
|-resisted|p2a: Fortress
|-damage|p2a: Fortress|336\/354
|
|switch|p1a: Sunburnt!|Krookodile, F|394\/394
|-ability|p1a: Sunburnt!|Intimidate|[of] p2a: Fortress
|-unboost|p2a: Fortress|atk|1
|
|-heal|p2a: Fortress|354\/354|[from] item: Leftovers
|turn|3
|
|move|p1a: Sunburnt!|Taunt|p2a: Fortress
|-start|p2a: Fortress|move: Taunt
|cant|p2a: Fortress|move: Taunt|Stealth Rock
|
|turn|4
|
|move|p1a: Sunburnt!|Knock Off|p2a: Fortress
|-damage|p2a: Fortress|278\/354
|-enditem|p2a: Fortress|Leftovers|[from] move: Knock Off|[of] p1a: Sunburnt!
|move|p2a: Fortress|Gyro Ball|p1a: Sunburnt!
|-damage|p1a: Sunburnt!|349\/394
|
|-heal|p1a: Sunburnt!|373\/394|[from] item: Leftovers
|turn|5
|
|switch|p2a: Cheerleada|Roserade, M|236\/262
|move|p1a: Sunburnt!|Stealth Rock|p2a: Cheerleada
|-sidestart|p2: Ooppi|move: Stealth Rock
|
|-heal|p1a: Sunburnt!|394\/394|[from] item: Leftovers
|turn|6
|
|switch|p1a: Brawl|Lucario, F|281\/281
|move|p2a: Cheerleada|Spikes|p1a: Brawl
|-sidestart|p1: The Prosecutor|Spikes
|
|turn|7
|
|move|p2a: Cheerleada|Leaf Storm|p1a: Brawl|[miss]
|-miss|p2a: Cheerleada|p1a: Brawl
|move|p1a: Brawl|Crunch|p2a: Cheerleada
|-damage|p2a: Cheerleada|84\/262
|-damage|p1a: Brawl|253\/281|[from] item: Life Orb
|
|turn|8
|
|move|p1a: Brawl|Extreme Speed|p2a: Cheerleada
|-damage|p2a: Cheerleada|0 fnt
|-damage|p1a: Brawl|225\/281|[from] item: Life Orb
|faint|p2a: Cheerleada
|
|
|switch|p2a: Fortress|Forretress, M|278\/354
|-damage|p2a: Fortress|234\/354|[from] Stealth Rock
|turn|9
|
|move|p1a: Brawl|Swords Dance|p1a: Brawl
|-boost|p1a: Brawl|atk|2
|move|p2a: Fortress|Stealth Rock|p1a: Brawl
|-sidestart|p1: The Prosecutor|move: Stealth Rock
|
|turn|10
|
|move|p1a: Brawl|Close Combat|p2a: Fortress
|-damage|p2a: Fortress|0 fnt
|-unboost|p1a: Brawl|def|1
|-unboost|p1a: Brawl|spd|1
|-damage|p1a: Brawl|197\/281|[from] item: Life Orb
|faint|p2a: Fortress
|
|
|switch|p2a: Chandelier|Chandelure, M|262\/262
|-damage|p2a: Chandelier|197\/262|[from] Stealth Rock
|turn|11
|
|move|p2a: Chandelier|Fire Blast|p1a: Brawl
|-supereffective|p1a: Brawl
|-damage|p1a: Brawl|0 fnt
|faint|p1a: Brawl
|
|
|switch|p1a: Megampharos|Ampharos, F|384\/384
|-damage|p1a: Megampharos|336\/384|[from] Stealth Rock
|-damage|p1a: Megampharos|288\/384|[from] Spikes
|turn|12
|
|switch|p2a: Black horse|Machamp, M|384\/384
|-damage|p2a: Black horse|360\/384|[from] Stealth Rock
|detailschange|p1a: Megampharos|Ampharos-Mega, F
|message|Ampharos has Mega Evolved into Mega Ampharos!
|-ability|p1a: Megampharos|Mold Breaker
|move|p1a: Megampharos|Volt Switch|p2a: Black horse
|-damage|p2a: Black horse|264\/384
|
|switch|p1a: Probat|Crobat, F|247\/311
|-damage|p1a: Probat|170\/311|[from] Stealth Rock
|
|-heal|p1a: Probat|189\/311|[from] item: Black Sludge
|turn|13
|
|move|p1a: Probat|Defog|p2a: Black horse
|-unboost|p2a: Black horse|evasion|1
|-sideend|p2: Ooppi|Stealth Rock|[from] move: Defog|[of] p2a: Black horse
|-sideend|p1: The Prosecutor|Spikes|[from] move: Defog|[of] p1a: Probat
|-sideend|p1: The Prosecutor|Stealth Rock|[from] move: Defog|[of] p1a: Probat
|move|p2a: Black horse|Stone Edge|p1a: Probat
|-supereffective|p1a: Probat
|-damage|p1a: Probat|0 fnt
|faint|p1a: Probat
|
|
|switch|p1a: Sudowoodo 2.0|Trevenant, F|311\/311
|turn|14
|
|move|p1a: Sudowoodo 2.0|Wood Hammer|p2a: Black horse
|-damage|p2a: Black horse|11\/384
|-damage|p1a: Sudowoodo 2.0|228\/311|[from] recoil|[of] p2a: Black horse
|move|p2a: Black horse|Knock Off|p1a: Sudowoodo 2.0
|-supereffective|p1a: Sudowoodo 2.0
|-damage|p1a: Sudowoodo 2.0|0 fnt
|-enditem|p1a: Sudowoodo 2.0|Sitrus Berry|[from] move: Knock Off|[of] p2a: Black horse
|faint|p1a: Sudowoodo 2.0
|
|
|switch|p1a: The Black Pearl|Cloyster, F|241\/241
|turn|15
|
|move|p2a: Black horse|Bullet Punch|p1a: The Black Pearl
|-damage|p1a: The Black Pearl|209\/241
|move|p1a: The Black Pearl|Icicle Spear|p2a: Black horse
|-damage|p2a: Black horse|0 fnt
|-hitcount|p2a: Black horse|1
|faint|p2a: Black horse
|
|
|switch|p2a: Chandelier|Chandelure, M|197\/262
|turn|16
|
|switch|p1a: Megampharos|Ampharos-Mega, F|288\/384
|-ability|p1a: Megampharos|Mold Breaker
|move|p2a: Chandelier|Fire Blast|p1a: Megampharos
|-resisted|p1a: Megampharos
|-damage|p1a: Megampharos|213\/384
|
|turn|17
|
|switch|p2a: Lickilicky|Lickilicky, M|424\/424
|move|p1a: Megampharos|Volt Switch|p2a: Lickilicky
|-damage|p2a: Lickilicky|319\/424
|
|switch|p1a: Sunburnt!|Krookodile, F|394\/394
|-ability|p1a: Sunburnt!|Intimidate|[of] p2a: Lickilicky
|-unboost|p2a: Lickilicky|atk|1
|
|-heal|p2a: Lickilicky|345\/424|[from] item: Leftovers
|turn|18
|
|move|p1a: Sunburnt!|Taunt|p2a: Lickilicky
|-start|p2a: Lickilicky|move: Taunt
|move|p2a: Lickilicky|Dragon Tail|p1a: Sunburnt!
|-damage|p1a: Sunburnt!|368\/394
|drag|p1a: The Black Pearl|Cloyster, F|209\/241
|
|-heal|p2a: Lickilicky|371\/424|[from] item: Leftovers
|turn|19
|
|move|p1a: The Black Pearl|Icicle Spear|p2a: Lickilicky
|-damage|p2a: Lickilicky|331\/424
|-damage|p2a: Lickilicky|286\/424
|-damage|p2a: Lickilicky|244\/424
|-damage|p2a: Lickilicky|202\/424
|-damage|p2a: Lickilicky|159\/424
|-hitcount|p2a: Lickilicky|5
|move|p2a: Lickilicky|Dragon Tail|p1a: The Black Pearl
|-damage|p1a: The Black Pearl|191\/241
|drag|p1a: Sunburnt!|Krookodile, F|368\/394
|-ability|p1a: Sunburnt!|Intimidate|[of] p2a: Lickilicky
|-unboost|p2a: Lickilicky|atk|1
|
|-heal|p1a: Sunburnt!|392\/394|[from] item: Leftovers
|-heal|p2a: Lickilicky|185\/424|[from] item: Leftovers
|turn|20
|
|switch|p2a: Th fedora mobster|Honchkrow, M|342\/342
|move|p1a: Sunburnt!|Stealth Rock|p2a: Th fedora mobster
|-sidestart|p2: Ooppi|move: Stealth Rock
|
|-heal|p1a: Sunburnt!|394\/394|[from] item: Leftovers
|turn|21
|
|switch|p1a: Megampharos|Ampharos-Mega, F|213\/384
|-ability|p1a: Megampharos|Mold Breaker
|move|p2a: Th fedora mobster|Superpower|p1a: Megampharos
|-damage|p1a: Megampharos|32\/384
|-unboost|p2a: Th fedora mobster|atk|1
|-unboost|p2a: Th fedora mobster|def|1
|-damage|p2a: Th fedora mobster|308\/342|[from] item: Life Orb
|
|turn|22
|
|move|p2a: Th fedora mobster|Sucker Punch|p1a: Megampharos
|-fail|p1a: Megampharos
|move|p1a: Megampharos|Rest|p1a: Megampharos
|-status|p1a: Megampharos|slp
|-heal|p1a: Megampharos|384\/384 slp|[silent]
|-status|p1a: Megampharos|slp|[from] move: Rest
|
|turn|23
|
|move|p2a: Th fedora mobster|Brave Bird|p1a: Megampharos
|-resisted|p1a: Megampharos
|-damage|p1a: Megampharos|287\/384 slp
|-damage|p2a: Th fedora mobster|276\/342|[from] recoil|[of] p1a: Megampharos
|-damage|p2a: Th fedora mobster|242\/342|[from] item: Life Orb
|cant|p1a: Megampharos|slp
|move|p1a: Megampharos|Sleep Talk|p1a: Megampharos
|move|p1a: Megampharos|Volt Switch|p2a: Th fedora mobster|[from]Sleep Talk
|-supereffective|p2a: Th fedora mobster
|-damage|p2a: Th fedora mobster|0 fnt
|faint|p2a: Th fedora mobster
|
|switch|p1a: The Black Pearl|Cloyster, F|191\/241
|
|
|switch|p2a: Chandelier|Chandelure, M|197\/262
|-damage|p2a: Chandelier|132\/262|[from] Stealth Rock
|turn|24
|
|move|p2a: Chandelier|Energy Ball|p1a: The Black Pearl
|-supereffective|p1a: The Black Pearl
|-damage|p1a: The Black Pearl|0 fnt
|faint|p1a: The Black Pearl
|
|
|switch|p1a: Megampharos|Ampharos-Mega, F|287\/384 slp
|-ability|p1a: Megampharos|Mold Breaker
|turn|25
|
|move|p2a: Chandelier|Energy Ball|p1a: Megampharos
|-resisted|p1a: Megampharos
|-damage|p1a: Megampharos|246\/384 slp
|cant|p1a: Megampharos|slp
|move|p1a: Megampharos|Sleep Talk|p1a: Megampharos
|move|p1a: Megampharos|Volt Switch|p2a: Chandelier|[from]Sleep Talk
|-damage|p2a: Chandelier|0 fnt
|faint|p2a: Chandelier
|
|switch|p1a: Sunburnt!|Krookodile, F|394\/394
|
|
|switch|p2a: Lickilicky|Lickilicky, M|185\/424
|-damage|p2a: Lickilicky|132\/424|[from] Stealth Rock
|turn|26
|
|move|p1a: Sunburnt!|Knock Off|p2a: Lickilicky
|-damage|p2a: Lickilicky|2\/424
|-enditem|p2a: Lickilicky|Leftovers|[from] move: Knock Off|[of] p1a: Sunburnt!
|move|p2a: Lickilicky|Wish|p2a: Lickilicky
|
|turn|27
|
|move|p2a: Lickilicky|Protect|p2a: Lickilicky
|-singleturn|p2a: Lickilicky|Protect
|move|p1a: Sunburnt!|Earthquake|p2a: Lickilicky
|-activate|p2a: Lickilicky|Protect
|
|-heal|p2a: Lickilicky|214\/424|[from] move: Wish|[wisher] Lickilicky
|turn|28
|
|move|p1a: Sunburnt!|Taunt|p2a: Lickilicky
|-start|p2a: Lickilicky|move: Taunt
|cant|p2a: Lickilicky|move: Taunt|Wish
|
|turn|29
|
|move|p1a: Sunburnt!|Earthquake|p2a: Lickilicky
|-damage|p2a: Lickilicky|67\/424
|move|p2a: Lickilicky|Dragon Tail|p1a: Sunburnt!
|-damage|p1a: Sunburnt!|359\/394
|drag|p1a: Megampharos|Ampharos-Mega, F|246\/384 slp
|-ability|p1a: Megampharos|Mold Breaker
|
|turn|30
|
|-curestatus|p1a: Megampharos|slp
|move|p1a: Megampharos|Dragon Pulse|p2a: Lickilicky
|-damage|p2a: Lickilicky|0 fnt
|faint|p2a: Lickilicky
|
|win|The Prosecutor
|raw|Ladder updating...
|raw|The Prosecutor's rating: 1379 &rarr; <strong>1399<\/strong><br \/>(+20 for winning)
|raw|Ooppi's rating: 1374 &rarr; <strong>1354<\/strong><br \/>(-20 for losing)
|chat|The Prosecutor|gg