|join|Angela Management
|join|Out of the Woods
|player|p1|Angela Management|100
|player|p2|Out of the Woods|266
|gametype|singles
|gen|6
|tier|UU
|rated
|rule|Sleep Clause Mod: Limit one foe put to sleep
|rule|Species Clause: Limit one of each Pokémon
|rule|OHKO Clause: OHKO moves are banned
|rule|Moody Clause: Moody is banned
|rule|Evasion Moves Clause: Evasion moves are banned
|rule|Endless Battle Clause: Forcing endless battles is banned
|rule|HP Percentage Mod: HP is shown in percentages
|clearpoke
|poke|p1|Suicune
|poke|p1|Yanmega, M, shiny
|poke|p1|Chandelure, M
|poke|p1|Togetic, F
|poke|p1|Donphan, F
|poke|p1|Diancie
|poke|p2|Gligar, F
|poke|p2|Snorlax, M
|poke|p2|Whimsicott, M
|poke|p2|Slowking, F
|poke|p2|Aggron, M
|poke|p2|Granbull, M
|rule|Swagger Clause: Swagger is banned
|rule|Baton Pass Clause: Limit one Pokémon knowing Baton Pass
|teampreview
|join|Shit user
|
|start
|switch|p1a: Schweinsteiger|Donphan, F|382\/382
|switch|p2a: Slowking|Slowking, F|394\/394
|turn|1
|
|switch|p1a: Bravely Default|Togetic, F|313\/313
|move|p2a: Slowking|Scald|p1a: Bravely Default
|-damage|p1a: Bravely Default|264\/313
|-status|p1a: Bravely Default|brn
|
|-damage|p1a: Bravely Default|225\/313 brn|[from] brn
|turn|2
|
|switch|p2a: Aggron|Aggron, M|344\/344
|move|p1a: Bravely Default|Baton Pass|p1a: Bravely Default
|
|switch|p1a: Schweinsteiger|Donphan, F|382\/382
|
|turn|3
|
|switch|p2a: Gligar|Gligar, F|334\/334
|move|p1a: Schweinsteiger|Stealth Rock|p2a: Gligar
|-sidestart|p2: Out of the Woods|move: Stealth Rock
|
|turn|4
|
|move|p2a: Gligar|Toxic|p1a: Schweinsteiger
|-status|p1a: Schweinsteiger|tox
|move|p1a: Schweinsteiger|Knock Off|p2a: Gligar
|-damage|p2a: Gligar|268\/334
|-enditem|p2a: Gligar|Eviolite|[from] move: Knock Off|[of] p1a: Schweinsteiger
|
|-damage|p1a: Schweinsteiger|359\/382 tox|[from] psn
|turn|5
|
|switch|p1a: Bravely Default|Togetic, F|225\/313 brn
|move|p2a: Gligar|Defog|p1a: Bravely Default
|-unboost|p1a: Bravely Default|evasion|1
|-sideend|p2: Out of the Woods|Stealth Rock|[from] move: Defog|[of] p2a: Gligar
|
|-damage|p1a: Bravely Default|186\/313 brn|[from] brn
|turn|6
|
|switch|p2a: Aggron|Aggron, M|344\/344
|switch|p1a: Suicune|Suicune|404\/404
|-ability|p1a: Suicune|Pressure
|
|turn|7
|
|switch|p2a: Slowking|Slowking, F|394\/394
|move|p1a: Suicune|Scald|p2a: Slowking
|-resisted|p2a: Slowking
|-damage|p2a: Slowking|354\/394
|-status|p2a: Slowking|brn
|
|-heal|p2a: Slowking|378\/394 brn|[from] item: Leftovers
|-damage|p2a: Slowking|329\/394 brn|[from] brn
|turn|8
|
|move|p1a: Suicune|Substitute|p1a: Suicune
|-start|p1a: Suicune|Substitute
|-damage|p1a: Suicune|303\/404
|move|p2a: Slowking|Calm Mind|p2a: Slowking
|-boost|p2a: Slowking|spa|1
|-boost|p2a: Slowking|spd|1
|
|-heal|p1a: Suicune|328\/404|[from] item: Leftovers
|-heal|p2a: Slowking|353\/394 brn|[from] item: Leftovers
|-damage|p2a: Slowking|304\/394 brn|[from] brn
|turn|9
|
|move|p1a: Suicune|Calm Mind|p1a: Suicune
|-boost|p1a: Suicune|spa|1
|-boost|p1a: Suicune|spd|1
|move|p2a: Slowking|Calm Mind|p2a: Slowking
|-boost|p2a: Slowking|spa|1
|-boost|p2a: Slowking|spd|1
|
|-heal|p1a: Suicune|353\/404|[from] item: Leftovers
|-heal|p2a: Slowking|328\/394 brn|[from] item: Leftovers
|-damage|p2a: Slowking|279\/394 brn|[from] brn
|turn|10
|
|switch|p1a: Schweinsteiger|Donphan, F|359\/382 tox
|move|p2a: Slowking|Calm Mind|p2a: Slowking
|-boost|p2a: Slowking|spa|1
|-boost|p2a: Slowking|spd|1
|
|-heal|p1a: Schweinsteiger|382\/382 tox|[from] item: Leftovers
|-heal|p2a: Slowking|303\/394 brn|[from] item: Leftovers
|-damage|p1a: Schweinsteiger|359\/382 tox|[from] psn
|-damage|p2a: Slowking|254\/394 brn|[from] brn
|turn|11
|
|switch|p2a: Gligar|Gligar, F|268\/334
|move|p1a: Schweinsteiger|Knock Off|p2a: Gligar
|-damage|p2a: Gligar|198\/334
|
|-heal|p1a: Schweinsteiger|382\/382 tox|[from] item: Leftovers
|-damage|p1a: Schweinsteiger|336\/382 tox|[from] psn
|turn|12
|
|move|p2a: Gligar|Roost|p2a: Gligar
|-heal|p2a: Gligar|334\/334
|move|p1a: Schweinsteiger|Stealth Rock|p2a: Gligar
|-sidestart|p2: Out of the Woods|move: Stealth Rock
|
|-heal|p1a: Schweinsteiger|359\/382 tox|[from] item: Leftovers
|-damage|p1a: Schweinsteiger|290\/382 tox|[from] psn
|turn|13
|
|switch|p1a: Chandelure|Chandelure, M|261\/261
|move|p2a: Gligar|Defog|p1a: Chandelure
|-unboost|p1a: Chandelure|evasion|1
|-sideend|p2: Out of the Woods|Stealth Rock|[from] move: Defog|[of] p2a: Gligar
|
|turn|14
|
|switch|p2a: Snorlax|Snorlax, M|501\/501
|move|p1a: Chandelure|Trick|p2a: Snorlax
|-activate|p1a: Chandelure|move: Trick|[of] p2a: Snorlax
|-item|p2a: Snorlax|Choice Scarf|[from] move: Trick
|-item|p1a: Chandelure|Leftovers|[from] move: Trick
|
|turn|15
|c| Shit user|trick sub cm
|c| Shit user|imo
|
|switch|p1a: Bravely Default|Togetic, F|186\/313 brn
|move|p2a: Snorlax|Earthquake|p1a: Bravely Default
|-immune|p1a: Bravely Default|[msg]
|
|-damage|p1a: Bravely Default|147\/313 brn|[from] brn
|turn|16
|
|switch|p2a: Aggron|Aggron, M|344\/344
|move|p1a: Bravely Default|Roost|p1a: Bravely Default
|-heal|p1a: Bravely Default|304\/313 brn
|
|-damage|p1a: Bravely Default|265\/313 brn|[from] brn
|turn|17
|c| Shit user|also that is the weirdest stall team ive seen
|
|detailschange|p2a: Aggron|Aggron-Mega, M
|message|Aggron has Mega Evolved into Mega Aggron!
|move|p1a: Bravely Default|Magic Coat|p1a: Bravely Default
|-singleturn|p1a: Bravely Default|move: Magic Coat
|move|p2a: Aggron|Stealth Rock|p1a: Bravely Default
|move|p1a: Bravely Default|Stealth Rock|p2a: Aggron|[from]Magic Coat
|-sidestart|p2: Out of the Woods|move: Stealth Rock
|
|-damage|p1a: Bravely Default|226\/313 brn|[from] brn
|turn|18
|c| Shit user|LOL
|
|switch|p1a: Chandelure|Chandelure, M|261\/261
|move|p2a: Aggron|Stealth Rock|p1a: Chandelure
|-sidestart|p1: Angela Management|move: Stealth Rock
|
|turn|19
|
|switch|p2a: Snorlax|Snorlax, M|501\/501
|-damage|p2a: Snorlax|439\/501|[from] Stealth Rock
|move|p1a: Chandelure|Fire Blast|p2a: Snorlax
|-damage|p2a: Snorlax|363\/501
|
|turn|20
|
|switch|p1a: Schweinsteiger|Donphan, F|290\/382 tox
|-damage|p1a: Schweinsteiger|267\/382 tox|[from] Stealth Rock
|move|p2a: Snorlax|Earthquake|p1a: Schweinsteiger
|-damage|p1a: Schweinsteiger|195\/382 tox
|
|-heal|p1a: Schweinsteiger|218\/382 tox|[from] item: Leftovers
|-damage|p1a: Schweinsteiger|195\/382 tox|[from] psn
|turn|21
|
|switch|p1a: Suicune|Suicune|353\/404
|-damage|p1a: Suicune|303\/404|[from] Stealth Rock
|-ability|p1a: Suicune|Pressure
|switch|p2a: Gligar|Gligar, F|334\/334
|-damage|p2a: Gligar|293\/334|[from] Stealth Rock
|
|-heal|p1a: Suicune|328\/404|[from] item: Leftovers
|turn|22
|
|switch|p2a: Slowking|Slowking, F|385\/394 brn
|-damage|p2a: Slowking|336\/394 brn|[from] Stealth Rock
|move|p1a: Suicune|Ice Beam|p2a: Slowking
|-resisted|p2a: Slowking
|-damage|p2a: Slowking|305\/394 brn
|
|-heal|p1a: Suicune|353\/404|[from] item: Leftovers
|-heal|p2a: Slowking|329\/394 brn|[from] item: Leftovers
|-damage|p2a: Slowking|280\/394 brn|[from] brn
|turn|23
|
|switch|p1a: Bravely Default|Togetic, F|226\/313 brn
|-damage|p1a: Bravely Default|148\/313 brn|[from] Stealth Rock
|move|p2a: Slowking|Psyshock|p1a: Bravely Default
|-damage|p1a: Bravely Default|72\/313 brn
|
|-heal|p2a: Slowking|304\/394 brn|[from] item: Leftovers
|-damage|p2a: Slowking|255\/394 brn|[from] brn
|-damage|p1a: Bravely Default|33\/313 brn|[from] brn
|turn|24
|
|move|p2a: Slowking|Calm Mind|p2a: Slowking
|-boost|p2a: Slowking|spa|1
|-boost|p2a: Slowking|spd|1
|move|p1a: Bravely Default|Roost|p1a: Bravely Default
|-heal|p1a: Bravely Default|190\/313 brn
|
|-heal|p2a: Slowking|279\/394 brn|[from] item: Leftovers
|-damage|p2a: Slowking|230\/394 brn|[from] brn
|-damage|p1a: Bravely Default|151\/313 brn|[from] brn
|turn|25
|
|move|p2a: Slowking|Slack Off|p2a: Slowking
|-heal|p2a: Slowking|394\/394 brn
|move|p1a: Bravely Default|Roost|p1a: Bravely Default
|-heal|p1a: Bravely Default|308\/313 brn
|
|-damage|p2a: Slowking|345\/394 brn|[from] brn
|-damage|p1a: Bravely Default|269\/313 brn|[from] brn
|turn|26
|
|move|p2a: Slowking|Calm Mind|p2a: Slowking
|-boost|p2a: Slowking|spa|1
|-boost|p2a: Slowking|spd|1
|move|p1a: Bravely Default|Nasty Plot|p1a: Bravely Default
|-boost|p1a: Bravely Default|spa|2
|
|-heal|p2a: Slowking|369\/394 brn|[from] item: Leftovers
|-damage|p2a: Slowking|320\/394 brn|[from] brn
|-damage|p1a: Bravely Default|230\/313 brn|[from] brn
|turn|27
|
|switch|p2a: Aggron|Aggron-Mega, M|344\/344
|-damage|p2a: Aggron|323\/344|[from] Stealth Rock
|move|p1a: Bravely Default|Baton Pass|p1a: Bravely Default
|join|SmashBrosBrawl
|c|+SmashBrosBrawl|av donphan
|c|+SmashBrosBrawl|tho
|c| Shit user|um kek
|join|DrReuniclus3
|
|switch|p1a: Diancie|Diancie|299\/299
|-damage|p1a: Diancie|262\/299|[from] Stealth Rock
|
|turn|28
|c|+SmashBrosBrawl|um
|c|+SmashBrosBrawl|kek
|
|switch|p2a: Granbull|Granbull, M|384\/384
|-damage|p2a: Granbull|336\/384|[from] Stealth Rock
|-ability|p2a: Granbull|Intimidate|[of] p1a: Diancie
|-fail|p1a: Diancie|unboost|[from] ability: Clear Body|[of] p1a: Diancie
|detailschange|p1a: Diancie|Diancie-Mega
|message|Diancie has Mega Evolved into Mega Diancie!
|move|p1a: Diancie|Earth Power|p2a: Granbull
|-damage|p2a: Granbull|0 fnt
|faint|p2a: Granbull
|
|
|switch|p2a: Whimsicott|Whimsicott, M|262\/262
|-damage|p2a: Whimsicott|230\/262|[from] Stealth Rock
|turn|29
|c| Shit user|kek
|c|+SmashBrosBrawl|does that
|c|+SmashBrosBrawl|even ko aggron
|c|+SmashBrosBrawl|lol
|c| Shit user|y
|c| Shit user|imo
|c|+SmashBrosBrawl|!calc
|raw|<div class="infobox">Pokemon Showdown! damage calculator. (Courtesy of Honko)<br \/>- <a href="https:\/\/pokemonshowdown.com\/damagecalc\/">Damage Calculator<\/a><\/div>
|c| DrReuniclus3|I'd assume so
|
|switch|p1a: Suicune|Suicune|353\/404
|-damage|p1a: Suicune|303\/404|[from] Stealth Rock
|-ability|p1a: Suicune|Pressure
|move|p2a: Whimsicott|Giga Drain|p1a: Suicune
|-supereffective|p1a: Suicune
|-damage|p1a: Suicune|37\/404
|-heal|p2a: Whimsicott|262\/262|[from] drain|[of] p1a: Suicune
|
|-heal|p1a: Suicune|62\/404|[from] item: Leftovers
|turn|30
|
|move|p2a: Whimsicott|Giga Drain|p1a: Suicune
|-supereffective|p1a: Suicune
|-damage|p1a: Suicune|0 fnt
|faint|p1a: Suicune
|
|
|switch|p1a: Chandelure|Chandelure, M|261\/261
|-damage|p1a: Chandelure|196\/261|[from] Stealth Rock
|turn|31
|c|+SmashBrosBrawl|+2 252 SpA Diancie Earth Power vs. 252 HP \/ 120 SpD Filter Mega Aggron: 358-423 (104 - 122.9%) -- guaranteed OHKO
|c|+SmashBrosBrawl|broke
|
|switch|p2a: Slowking|Slowking, F|394\/394 brn
|-damage|p2a: Slowking|345\/394 brn|[from] Stealth Rock
|move|p1a: Chandelure|Fire Blast|p2a: Slowking
|-crit|p2a: Slowking
|-resisted|p2a: Slowking
|-damage|p2a: Slowking|205\/394 brn
|
|-heal|p1a: Chandelure|212\/261|[from] item: Leftovers
|-heal|p2a: Slowking|229\/394 brn|[from] item: Leftovers
|-damage|p2a: Slowking|180\/394 brn|[from] brn
|turn|32
|c| Shit user|lol weak
|
|switch|p1a: Schweinsteiger|Donphan, F|195\/382 tox
|-damage|p1a: Schweinsteiger|172\/382 tox|[from] Stealth Rock
|switch|p2a: Snorlax|Snorlax, M|363\/501
|-damage|p2a: Snorlax|301\/501|[from] Stealth Rock
|
|-heal|p1a: Schweinsteiger|195\/382 tox|[from] item: Leftovers
|-damage|p1a: Schweinsteiger|172\/382 tox|[from] psn
|turn|33
|
|switch|p2a: Gligar|Gligar, F|293\/334
|-damage|p2a: Gligar|252\/334|[from] Stealth Rock
|move|p1a: Schweinsteiger|Rapid Spin|p2a: Gligar
|-damage|p2a: Gligar|229\/334
|-sideend|p1: Angela Management|Stealth Rock|[from] move: Rapid Spin|[of] p1a: Schweinsteiger
|
|-heal|p1a: Schweinsteiger|195\/382 tox|[from] item: Leftovers
|-damage|p1a: Schweinsteiger|149\/382 tox|[from] psn
|turn|34
|
|switch|p1a: Chandelure|Chandelure, M|212\/261
|move|p2a: Gligar|Defog|p1a: Chandelure
|-unboost|p1a: Chandelure|evasion|1
|-sideend|p2: Out of the Woods|Stealth Rock|[from] move: Defog|[of] p2a: Gligar
|
|-heal|p1a: Chandelure|228\/261|[from] item: Leftovers
|turn|35
|
|move|p1a: Chandelure|Fire Blast|p2a: Gligar
|-damage|p2a: Gligar|34\/334
|move|p2a: Gligar|Earthquake|p1a: Chandelure
|-supereffective|p1a: Chandelure
|-damage|p1a: Chandelure|34\/261
|
|-heal|p1a: Chandelure|50\/261|[from] item: Leftovers
|turn|36
|
|move|p1a: Chandelure|Shadow Ball|p2a: Gligar
|-damage|p2a: Gligar|0 fnt
|faint|p2a: Gligar
|
|-heal|p1a: Chandelure|66\/261|[from] item: Leftovers
|
|switch|p2a: Whimsicott|Whimsicott, M|262\/262
|turn|37
|
|switch|p1a: Bravely Default|Togetic, F|230\/313 brn
|move|p2a: Whimsicott|Giga Drain|p1a: Bravely Default
|-resisted|p1a: Bravely Default
|-damage|p1a: Bravely Default|195\/313 brn
|
|-damage|p1a: Bravely Default|156\/313 brn|[from] brn
|turn|38
|
|move|p2a: Whimsicott|Giga Drain|p1a: Bravely Default
|-resisted|p1a: Bravely Default
|-damage|p1a: Bravely Default|122\/313 brn
|move|p1a: Bravely Default|Roost|p1a: Bravely Default
|-heal|p1a: Bravely Default|279\/313 brn
|
|-damage|p1a: Bravely Default|240\/313 brn|[from] brn
|turn|39
|
|switch|p2a: Aggron|Aggron-Mega, M|323\/344
|move|p1a: Bravely Default|Baton Pass|p1a: Bravely Default
|
|switch|p1a: Chandelure|Chandelure, M|66\/261
|
|-heal|p1a: Chandelure|82\/261|[from] item: Leftovers
|turn|40
|
|switch|p2a: Snorlax|Snorlax, M|301\/501
|move|p1a: Chandelure|Fire Blast|p2a: Snorlax
|-damage|p2a: Snorlax|226\/501
|
|-heal|p1a: Chandelure|98\/261|[from] item: Leftovers
|turn|41
|
|switch|p1a: Bravely Default|Togetic, F|240\/313 brn
|move|p2a: Snorlax|Earthquake|p1a: Bravely Default
|-immune|p1a: Bravely Default|[msg]
|
|-damage|p1a: Bravely Default|201\/313 brn|[from] brn
|turn|42
|
|switch|p2a: Aggron|Aggron-Mega, M|323\/344
|move|p1a: Bravely Default|Baton Pass|p1a: Bravely Default
|
|switch|p1a: Chandelure|Chandelure, M|98\/261
|
|-heal|p1a: Chandelure|114\/261|[from] item: Leftovers
|turn|43
|
|switch|p2a: Snorlax|Snorlax, M|226\/501
|move|p1a: Chandelure|Fire Blast|p2a: Snorlax|[miss]
|-miss|p1a: Chandelure|p2a: Snorlax
|
|-heal|p1a: Chandelure|130\/261|[from] item: Leftovers
|turn|44
|
|move|p1a: Chandelure|Fire Blast|p2a: Snorlax
|-damage|p2a: Snorlax|148\/501
|move|p2a: Snorlax|Earthquake|p1a: Chandelure
|-supereffective|p1a: Chandelure
|-damage|p1a: Chandelure|0 fnt
|faint|p1a: Chandelure
|
|
|switch|p1a: Schweinsteiger|Donphan, F|149\/382 tox
|turn|45
|
|move|p1a: Schweinsteiger|Stealth Rock|p2a: Snorlax
|-sidestart|p2: Out of the Woods|move: Stealth Rock
|move|p2a: Snorlax|Earthquake|p1a: Schweinsteiger
|-damage|p1a: Schweinsteiger|82\/382 tox
|
|-heal|p1a: Schweinsteiger|105\/382 tox|[from] item: Leftovers
|-damage|p1a: Schweinsteiger|82\/382 tox|[from] psn
|turn|46
|join|Kek and Rek
|
|switch|p2a: Aggron|Aggron-Mega, M|323\/344
|-damage|p2a: Aggron|302\/344|[from] Stealth Rock
|move|p1a: Schweinsteiger|Earthquake|p2a: Aggron
|-supereffective|p2a: Aggron
|-damage|p2a: Aggron|184\/344
|
|-heal|p1a: Schweinsteiger|105\/382 tox|[from] item: Leftovers
|-damage|p1a: Schweinsteiger|59\/382 tox|[from] psn
|turn|47
|
|switch|p2a: Snorlax|Snorlax, M|148\/501
|-damage|p2a: Snorlax|86\/501|[from] Stealth Rock
|move|p1a: Schweinsteiger|Earthquake|p2a: Snorlax
|-damage|p2a: Snorlax|0 fnt
|faint|p2a: Snorlax
|
|-heal|p1a: Schweinsteiger|82\/382 tox|[from] item: Leftovers
|-damage|p1a: Schweinsteiger|13\/382 tox|[from] psn
|
|switch|p2a: Slowking|Slowking, F|311\/394 brn
|-damage|p2a: Slowking|262\/394 brn|[from] Stealth Rock
|turn|48
|
|move|p1a: Schweinsteiger|Earthquake|p2a: Slowking
|-damage|p2a: Slowking|130\/394 brn
|move|p2a: Slowking|Slack Off|p2a: Slowking
|-heal|p2a: Slowking|327\/394 brn
|
|-heal|p1a: Schweinsteiger|36\/382 tox|[from] item: Leftovers
|-heal|p2a: Slowking|351\/394 brn|[from] item: Leftovers
|-damage|p1a: Schweinsteiger|0 fnt|[from] psn
|-damage|p2a: Slowking|302\/394 brn|[from] brn
|faint|p1a: Schweinsteiger
|
|switch|p1a: Helicopter|Yanmega, M, shiny|313\/313
|turn|49
|
|move|p1a: Helicopter|Bug Buzz|p2a: Slowking
|-supereffective|p2a: Slowking
|-damage|p2a: Slowking|0 fnt
|-damage|p1a: Helicopter|282\/313|[from] item: Life Orb
|faint|p2a: Slowking
|
|-boost|p1a: Helicopter|spe|1|[from] ability: Speed Boost
|
|switch|p2a: Aggron|Aggron-Mega, M|184\/344
|-damage|p2a: Aggron|163\/344|[from] Stealth Rock
|turn|50
|c|+SmashBrosBrawl|now u wish
|c|+SmashBrosBrawl|u had tinted lens
|
|switch|p1a: Bravely Default|Togetic, F|201\/313 brn
|move|p2a: Aggron|Heavy Slam|p1a: Bravely Default
|-supereffective|p1a: Bravely Default
|-damage|p1a: Bravely Default|0 fnt
|faint|p1a: Bravely Default
|
|
|switch|p1a: Diancie|Diancie-Mega|262\/299
|turn|51
|c| Kek and Rek|u wish u had balls
|c|+SmashBrosBrawl|n
|
|switch|p2a: Whimsicott|Whimsicott, M|262\/262
|-damage|p2a: Whimsicott|230\/262|[from] Stealth Rock
|move|p1a: Diancie|Moonblast|p2a: Whimsicott
|-damage|p2a: Whimsicott|0 fnt
|faint|p2a: Whimsicott
|
|
|switch|p2a: Aggron|Aggron-Mega, M|163\/344
|-damage|p2a: Aggron|142\/344|[from] Stealth Rock
|turn|52
|c|+SmashBrosBrawl|predonk
|c| Kek and Rek|ok you eunuch
|raw|<div class="broadcast-red"><b>Moderated chat was set to +!<\/b><br \/>Only users of rank + and higher can talk.<\/div>
|c|★Angela Management|gg
|c|+SmashBrosBrawl|gg
|c|★Angela Management|respect for the team
|
|move|p1a: Diancie|Earth Power|p2a: Aggron
|-supereffective|p2a: Aggron
|-damage|p2a: Aggron|0 fnt
|faint|p2a: Aggron
|
|win|Angela Management
|raw|Ladder updating...
|raw|Angela Management's rating: 1402 &rarr; <strong>1426<\/strong><br \/>(+24 for winning)
|raw|Out of the Woods's rating: 1479 &rarr; <strong>1455<\/strong><br \/>(-24 for losing)
|leave|Angela Management
|player|p1
|leave|SmashBrosBrawl
|leave|Kek and Rek
|leave|DrReuniclus3
|leave|Out of the Woods
|player|p2
|join|Angela Management