|join|Phlipadelphia
|join|iDestructioNx
|player|p1|Phlipadelphia|16
|player|p2|iDestructioNx|2
|gametype|singles
|gen|6
|tier|OU
|rated
|clearpoke
|poke|p1|Pinsir, M, shiny
|poke|p1|Latios, M
|poke|p1|Clefable, M
|poke|p1|Keldeo-Resolute, shiny
|poke|p1|Magnezone, shiny
|poke|p1|Landorus-Therian, M
|poke|p2|Gyarados, M, shiny
|poke|p2|Landorus-Therian, M
|poke|p2|Skarmory, M
|poke|p2|Charizard, M, shiny
|poke|p2|Latios, M
|poke|p2|Greninja, M
|rule|Swagger Clause: Swagger is banned
|rule|Baton Pass Clause: Limit one Pokémon knowing Baton Pass
|rule|Sleep Clause Mod: Limit one foe put to sleep
|rule|Species Clause: Limit one of each Pokémon
|rule|OHKO Clause: OHKO moves are banned
|rule|Moody Clause: Moody is banned
|rule|Evasion Moves Clause: Evasion moves are banned
|rule|Endless Battle Clause: Forcing endless battles is banned
|rule|HP Percentage Mod: HP is shown in percentages
|teampreview
|
|start
|switch|p1a: Keldeo-Resolute|Keldeo-Resolute, shiny|323\/323
|switch|p2a: Greninja|Greninja, M|285\/285
|turn|1
|
|switch|p1a: Magnezone|Magnezone, shiny|281\/281
|move|p2a: Greninja|Extrasensory|p1a: Magnezone
|-start|p2a: Greninja|typechange|Psychic|[from] Protean
|-resisted|p1a: Magnezone
|-damage|p1a: Magnezone|203\/281
|
|turn|2
|
|switch|p2a: Skarmory|Skarmory, M|325\/325
|move|p1a: Magnezone|Volt Switch|p2a: Skarmory
|-supereffective|p2a: Skarmory
|-activate|p2a: Skarmory|Sturdy
|-damage|p2a: Skarmory|1\/325
|
|switch|p1a: Keldeo-Resolute|Keldeo-Resolute, shiny|323\/323
|
|turn|3
|c|★iDestructioNx|wrong switch
|c|★Phlipadelphia|lol
|
|switch|p2a: Latios|Latios, M|301\/301
|move|p1a: Keldeo-Resolute|Scald|p2a: Latios
|-resisted|p2a: Latios
|-damage|p2a: Latios|197\/301
|-status|p2a: Latios|brn
|
|-damage|p2a: Latios|160\/301 brn|[from] brn
|turn|4
|c|★Phlipadelphia|lag
|
|switch|p1a: Clefable|Clefable, M|390\/390
|move|p2a: Latios|Psyshock|p1a: Clefable
|-damage|p1a: Clefable|237\/390
|
|-heal|p1a: Clefable|261\/390|[from] item: Leftovers
|-damage|p2a: Latios|123\/301 brn|[from] brn
|turn|5
|
|switch|p2a: Skarmory|Skarmory, M|1\/325
|move|p1a: Clefable|Stealth Rock|p2a: Skarmory
|-sidestart|p2: iDestructioNx|move: Stealth Rock
|
|-heal|p1a: Clefable|285\/390|[from] item: Leftovers
|turn|6
|
|move|p2a: Skarmory|Defog|p1a: Clefable
|-unboost|p1a: Clefable|evasion|1
|-sideend|p2: iDestructioNx|Stealth Rock|[from] move: Defog|[of] p2a: Skarmory
|move|p1a: Clefable|Moonblast|p2a: Skarmory
|-resisted|p2a: Skarmory
|-damage|p2a: Skarmory|0 fnt
|faint|p2a: Skarmory
|
|-heal|p1a: Clefable|309\/390|[from] item: Leftovers
|
|switch|p2a: Charizard|Charizard, M, shiny|297\/297
|turn|7
|
|switch|p1a: Landorus-Therian|Landorus-Therian, M|319\/319
|-ability|p1a: Landorus-Therian|Intimidate|[of] p2a: Charizard
|-unboost|p2a: Charizard|atk|1
|move|p2a: Charizard|Sunny Day|p2a: Charizard
|-weather|SunnyDay
|
|-weather|SunnyDay|[upkeep]
|-damage|p2a: Charizard|260\/297|[from] ability: Solar Power
|turn|8
|
|move|p1a: Landorus-Therian|Rock Slide|p2a: Charizard
|-supereffective|p2a: Charizard
|-damage|p2a: Charizard|0 fnt
|faint|p2a: Charizard
|
|-weather|SunnyDay|[upkeep]
|
|switch|p2a: Gyarados|Gyarados, M, shiny|331\/331
|-ability|p2a: Gyarados|Intimidate|[of] p1a: Landorus-Therian
|-unboost|p1a: Landorus-Therian|atk|1
|turn|9
|
|switch|p1a: Keldeo-Resolute|Keldeo-Resolute, shiny|323\/323
|detailschange|p2a: Gyarados|Gyarados-Mega, M, shiny
|message|Gyarados has Mega Evolved into Mega Gyarados!
|-ability|p2a: Gyarados|Mold Breaker
|move|p2a: Gyarados|Dragon Dance|p2a: Gyarados
|-boost|p2a: Gyarados|atk|1
|-boost|p2a: Gyarados|spe|1
|
|-weather|SunnyDay|[upkeep]
|turn|10
|
|move|p2a: Gyarados|Giga Impact|p1a: Keldeo-Resolute
|-damage|p1a: Keldeo-Resolute|0 fnt
|faint|p1a: Keldeo-Resolute
|
|-weather|SunnyDay|[upkeep]
|join|KozTra
|c|★Phlipadelphia|lol nice
|c|★iDestructioNx|lol
|join|GlazedPie
|
|switch|p1a: Magnezone|Magnezone, shiny|203\/281
|turn|11
|c|★Phlipadelphia|misclick
|
|cant|p2a: Gyarados|recharge
|move|p1a: Magnezone|Thunderbolt|p2a: Gyarados
|-supereffective|p2a: Gyarados
|-damage|p2a: Gyarados|59\/331
|
|-weather|none
|turn|12
|join|KiddLove
|
|switch|p1a: Latios|Latios, M|309\/309
|move|p2a: Gyarados|Waterfall|p1a: Latios
|-resisted|p1a: Latios
|-damage|p1a: Latios|141\/309
|
|turn|13
|leave|KiddLove
|
|move|p2a: Gyarados|Waterfall|p1a: Latios
|-resisted|p1a: Latios
|-damage|p1a: Latios|0 fnt
|faint|p1a: Latios
|
|
|switch|p1a: Landorus-Therian|Landorus-Therian, M|319\/319
|-ability|p1a: Landorus-Therian|Intimidate|[of] p2a: Gyarados
|-unboost|p2a: Gyarados|atk|1
|turn|14
|
|move|p1a: Landorus-Therian|U-turn|p2a: Gyarados
|-supereffective|p2a: Gyarados
|-damage|p2a: Gyarados|0 fnt
|faint|p2a: Gyarados
|
|switch|p1a: Clefable|Clefable, M|309\/390
|
|-heal|p1a: Clefable|333\/390|[from] item: Leftovers
|
|switch|p2a: Landorus-Therian|Landorus-Therian, M|382\/382
|-ability|p2a: Landorus-Therian|Intimidate|[of] p1a: Clefable
|-unboost|p1a: Clefable|atk|1
|turn|15
|
|move|p2a: Landorus-Therian|Substitute|p2a: Landorus-Therian
|-start|p2a: Landorus-Therian|Substitute
|-damage|p2a: Landorus-Therian|287\/382
|move|p1a: Clefable|Moonblast|p2a: Landorus-Therian
|-end|p2a: Landorus-Therian|Substitute
|
|-heal|p1a: Clefable|357\/390|[from] item: Leftovers
|turn|16
|c|★Phlipadelphia|dont set upppp
|
|move|p2a: Landorus-Therian|Earthquake|p1a: Clefable
|-damage|p1a: Clefable|173\/390
|move|p1a: Clefable|Moonblast|p2a: Landorus-Therian
|-damage|p2a: Landorus-Therian|146\/382
|
|-heal|p1a: Clefable|197\/390|[from] item: Leftovers
|turn|17
|
|move|p2a: Landorus-Therian|Swords Dance|p2a: Landorus-Therian
|-boost|p2a: Landorus-Therian|atk|2
|move|p1a: Clefable|Moonblast|p2a: Landorus-Therian
|-damage|p2a: Landorus-Therian|26\/382
|-enditem|p2a: Landorus-Therian|Salac Berry|[eat]
|-boost|p2a: Landorus-Therian|spe|1|[from] item: Salac Berry
|
|-heal|p1a: Clefable|221\/390|[from] item: Leftovers
|turn|18
|
|switch|p1a: Magnezone|Magnezone, shiny|203\/281
|move|p2a: Landorus-Therian|Earthquake|p1a: Magnezone
|-supereffective|p1a: Magnezone
|-damage|p1a: Magnezone|0 fnt
|faint|p1a: Magnezone
|
|
|switch|p1a: Landorus-Therian|Landorus-Therian, M|319\/319
|-ability|p1a: Landorus-Therian|Intimidate|[of] p2a: Landorus-Therian
|-unboost|p2a: Landorus-Therian|atk|1
|turn|19
|
|move|p1a: Landorus-Therian|Rock Slide|p2a: Landorus-Therian
|-damage|p2a: Landorus-Therian|0 fnt
|faint|p2a: Landorus-Therian
|
|
|switch|p2a: Greninja|Greninja, M|285\/285
|turn|20
|leave|KozTra
|
|switch|p1a: Clefable|Clefable, M|221\/390
|move|p2a: Greninja|Ice Beam|p1a: Clefable
|-start|p2a: Greninja|typechange|Ice|[from] Protean
|-damage|p1a: Clefable|88\/390
|
|-heal|p1a: Clefable|112\/390|[from] item: Leftovers
|turn|21
|
|move|p2a: Greninja|Ice Beam|p1a: Clefable
|-damage|p1a: Clefable|0 fnt
|faint|p1a: Clefable
|
|
|switch|p1a: Landorus-Therian|Landorus-Therian, M|319\/319
|-ability|p1a: Landorus-Therian|Intimidate|[of] p2a: Greninja
|-unboost|p2a: Greninja|atk|1
|turn|22
|
|move|p2a: Greninja|Ice Beam|p1a: Landorus-Therian
|-supereffective|p1a: Landorus-Therian
|-damage|p1a: Landorus-Therian|0 fnt
|faint|p1a: Landorus-Therian
|
|
|switch|p1a: Pinsir|Pinsir, M, shiny|271\/271
|turn|23
|
|detailschange|p1a: Pinsir|Pinsir-Mega, M, shiny
|message|Pinsir has Mega Evolved into Mega Pinsir!
|move|p1a: Pinsir|Quick Attack|p2a: Greninja
|-damage|p2a: Greninja|129\/285
|move|p2a: Greninja|Ice Beam|p1a: Pinsir
|-supereffective|p1a: Pinsir
|-damage|p1a: Pinsir|0 fnt
|faint|p1a: Pinsir
|
|win|iDestructioNx
|raw|Ladder updating...
|raw|Phlipadelphia's rating: 1549 &rarr; <strong>1533<\/strong><br \/>(-16 for losing)
|raw|iDestructioNx's rating: 1615 &rarr; <strong>1631<\/strong><br \/>(+16 for winning)
|c|★Phlipadelphia|gg
|leave|Phlipadelphia
|player|p1
|leave|iDestructioNx
|player|p2