|join|5th
|join|mudkipz9001
|join|UrsaReign
|player|p1|5th|20
|player|p2|mudkipz9001|238
|gametype|singles
|gen|6
|tier|OU
|clearpoke
|poke|p1|Sceptile, F
|poke|p1|Heatran, M
|poke|p1|Manaphy
|poke|p1|Landorus-Therian, M
|poke|p1|Latias, F
|poke|p1|Rotom-Wash
|poke|p2|Venusaur, M
|poke|p2|Gengar, M
|poke|p2|Tyranitar, F
|poke|p2|Honchkrow, M
|poke|p2|Houndoom, M
|poke|p2|Gardevoir, M
|rule|Swagger Clause: Swagger is banned
|rule|Baton Pass Clause: Limit one Pokémon knowing Baton Pass
|rule|Sleep Clause Mod: Limit one foe put to sleep
|rule|Species Clause: Limit one of each Pokémon
|rule|OHKO Clause: OHKO moves are banned
|rule|Moody Clause: Moody is banned
|rule|Evasion Moves Clause: Evasion moves are banned
|rule|Endless Battle Clause: Forcing endless battles is banned
|rule|HP Percentage Mod: HP is shown in percentages
|teampreview
|join|LadderSoTall
|c|★5th|glhf
|c|★mudkipz9001|u2
|join|riraiteu
|join|The Siegfried
|
|start
|switch|p1a: Rotom-Wash|Rotom-Wash|303\/303
|switch|p2a: Houndoom|Houndoom, M|291\/291
|turn|1
|c| UrsaReign|3 dark types...nigga y
|join|Maiora
|join|Assaltwaffle
|c|★5th|I'm seriously trying to figure out which one is your mega
|join|1o2
|c|★5th|._.
|join|bigboycupcakes
|c| UrsaReign|honchrow obv
|c|★mudkipz9001|have fun
|c| LadderSoTall|prb houndoom
|
|switch|p2a: Gardevoir|Gardevoir, M|277\/277
|-ability|p2a: Gardevoir|Levitate|[from] ability: Trace|[of] p1a: Rotom-Wash
|move|p1a: Rotom-Wash|Volt Switch|p2a: Gardevoir
|-damage|p2a: Gardevoir|232\/277
|c| LadderSoTall|since reg doom is shit
|
|switch|p1a: Landorus-Therian|Landorus-Therian, M|319\/319
|-ability|p1a: Landorus-Therian|Intimidate|[of] p2a: Gardevoir
|-unboost|p2a: Gardevoir|atk|1
|
|turn|2
|join|aj112354
|
|move|p1a: Landorus-Therian|U-turn|p2a: Gardevoir
|-damage|p2a: Gardevoir|114\/277
|join|Ken Valbrandur
|
|switch|p1a: Heatran|Heatran, M|386\/386
|move|p2a: Gardevoir|Psychic|p1a: Heatran
|-resisted|p1a: Heatran
|-damage|p1a: Heatran|326\/386
|
|-heal|p1a: Heatran|350\/386|[from] item: Leftovers
|turn|3
|join|VagSlayer420
|join|QuagGod
|c| UrsaReign|which poke has completely no use at all in his team if not mega'd?
|c| LadderSoTall|the houndoom
|c| UrsaReign|no
|
|move|p2a: Gardevoir|Focus Blast|p1a: Heatran
|-supereffective|p1a: Heatran
|-damage|p1a: Heatran|128\/386
|move|p1a: Heatran|Stealth Rock|p2a: Gardevoir
|-sidestart|p2: mudkipz9001|move: Stealth Rock
|
|-heal|p1a: Heatran|152\/386|[from] item: Leftovers
|turn|4
|c| LadderSoTall|y
|join|Veruin
|c| LadderSoTall|venu can still put in work
|
|switch|p1a: Landorus-Therian|Landorus-Therian, M|319\/319
|-ability|p1a: Landorus-Therian|Intimidate|[of] p2a: Gardevoir
|-unboost|p2a: Gardevoir|atk|1
|move|p2a: Gardevoir|Focus Blast|p1a: Landorus-Therian
|-resisted|p1a: Landorus-Therian
|-damage|p1a: Landorus-Therian|227\/319
|-unboost|p1a: Landorus-Therian|spd|1
|
|turn|5
|leave|Assaltwaffle
|c|★mudkipz9001|hounddoom is a boss
|c| UrsaReign|houndoom is actual a decent piece of crap, with that speed
|c| LadderSoTall|lol
|join|Straight Bear Sex
|
|move|p1a: Landorus-Therian|U-turn|p2a: Gardevoir
|-damage|p2a: Gardevoir|0 fnt
|faint|p2a: Gardevoir
|join|BreastPlayer
|c| UrsaReign|note the "piece of crap" experssion
|
|switch|p1a: Sceptile|Sceptile, F|297\/297
|
|
|switch|p2a: Gengar|Gengar, M|261\/261
|-damage|p2a: Gengar|229\/261|[from] Stealth Rock
|turn|6
|
|switch|p1a: Heatran|Heatran, M|152\/386
|move|p2a: Gengar|Shadow Ball|p1a: Heatran
|-damage|p1a: Heatran|18\/386
|-damage|p2a: Gengar|203\/261|[from] item: Life Orb
|
|-heal|p1a: Heatran|42\/386|[from] item: Leftovers
|turn|7
|c| LadderSoTall|lo.....
|join|22dula
|
|move|p2a: Gengar|Dark Pulse|p1a: Heatran
|-crit|p1a: Heatran
|-damage|p1a: Heatran|0 fnt
|-damage|p2a: Gengar|177\/261|[from] item: Life Orb
|faint|p1a: Heatran
|
|c| LadderSoTall|and no ghost resist
|
|switch|p1a: Sceptile|Sceptile, F|297\/297
|turn|8
|
|detailschange|p1a: Sceptile|Sceptile-Mega, F
|-mega|p1a: Sceptile|Sceptile|Sceptilite
|move|p1a: Sceptile|Dragon Pulse|p2a: Gengar
|-damage|p2a: Gengar|0 fnt
|faint|p2a: Gengar
|
|c| LadderSoTall|dam
|
|switch|p2a: Houndoom|Houndoom, M|291\/291
|-damage|p2a: Houndoom|219\/291|[from] Stealth Rock
|turn|9
|c| LadderSoTall|oh shit
|c|★mudkipz9001|doooooooooooooooooooooooooooooooooooooooooooooooom
|c| LadderSoTall|although u could destroy it
|
|switch|p1a: Manaphy|Manaphy|365\/365
|move|p2a: Houndoom|Sludge Bomb|p1a: Manaphy
|-damage|p1a: Manaphy|270\/365
|-status|p1a: Manaphy|psn
|
|-heal|p1a: Manaphy|292\/365 psn|[from] item: Leftovers
|-damage|p1a: Manaphy|247\/365 psn|[from] psn
|turn|10
|c| UrsaReign|see?
|c| LadderSoTall|scarf
|c|★mudkipz9001|yes
|join|charizardmaniac952
|c| LadderSoTall|why u do dis
|c| UrsaReign|thats people's greninja substitute now
|c|★5th|lol
|c| LadderSoTall|..
|join|Assaltwaffle
|
|switch|p2a: Venusaur|Venusaur, M|301\/301
|-damage|p2a: Venusaur|264\/301|[from] Stealth Rock
|move|p1a: Manaphy|Rain Dance|p1a: Manaphy
|-weather|RainDance
|
|-weather|RainDance|[upkeep]
|-curestatus|p1a: Manaphy|psn
|-heal|p1a: Manaphy|269\/365|[from] item: Leftovers
|turn|11
|c|★mudkipz9001|i think it's worth a try
|c| UrsaReign|naw....
|leave|aj112354
|c| LadderSoTall|now i kinda see why the 3 dark types
|c| LadderSoTall|to support mega venu
|c| UrsaReign|next closest thing is prob lo azelf, but its ass
|
|switch|p1a: Sceptile|Sceptile-Mega, F|297\/297
|detailschange|p2a: Venusaur|Venusaur-Mega, M
|-mega|p2a: Venusaur|Venusaur|Venusaurite
|move|p2a: Venusaur|Energy Ball|p1a: Sceptile
|-resisted|p1a: Sceptile
|-damage|p1a: Sceptile|246\/297
|
|-weather|RainDance|[upkeep]
|turn|12
|
|move|p1a: Sceptile|Dragon Pulse|p2a: Venusaur
|-damage|p2a: Venusaur|126\/301
|move|p2a: Venusaur|Sludge Bomb|p1a: Sceptile
|-supereffective|p1a: Sceptile
|-damage|p1a: Sceptile|0 fnt
|faint|p1a: Sceptile
|
|-weather|RainDance|[upkeep]
|c| UrsaReign|we had deoxys speed, then greninja and....azelf
|c| LadderSoTall|this team is actually decent LOL
|
|switch|p1a: Latias|Latias, F|301\/301
|turn|13
|c| LadderSoTall|pursuit with ttar
|c| Straight Bear Sex|but like
|c| UrsaReign|the dark types
|c| Straight Bear Sex|he's still weak to bird
|join|aj112354
|c| UrsaReign|hp fighting
|c| Straight Bear Sex|even with ttar
|c| LadderSoTall|he has ttar
|c| LadderSoTall|and
|join|gigaimpactblissey
|join|Gadsa2
|c| LadderSoTall|thats it
|c| Straight Bear Sex|ya
|c| LadderSoTall|lol
|
|switch|p2a: Tyranitar|Tyranitar, F|341\/341
|-damage|p2a: Tyranitar|299\/341|[from] Stealth Rock
|-weather|Sandstorm
|move|p1a: Latias|Draco Meteor|p2a: Tyranitar
|-damage|p2a: Tyranitar|216\/341
|-unboost|p1a: Latias|spa|2
|-damage|p1a: Latias|271\/301|[from] item: Life Orb
|
|-weather|Sandstorm|[upkeep]
|-damage|p1a: Latias|253\/301|[from] sandstorm
|turn|14
|c| UrsaReign|hp fight
|c| UrsaReign|.....nigga plz
|c| LadderSoTall|reveal pursuit!
|c|★5th|Honestly, all I needed was to weaken Venu
|join|Im Sky
|join|REDxLOTUS
|
|switch|p1a: Manaphy|Manaphy|269\/365
|move|p2a: Tyranitar|Crunch|p1a: Manaphy
|-damage|p1a: Manaphy|124\/365
|-unboost|p1a: Manaphy|def|1
|
|-weather|Sandstorm|[upkeep]
|-damage|p1a: Manaphy|102\/365|[from] sandstorm
|-heal|p1a: Manaphy|124\/365|[from] item: Leftovers
|turn|15
|join|Alvadora
|
|move|p1a: Manaphy|Scald|p2a: Tyranitar
|-supereffective|p2a: Tyranitar
|-damage|p2a: Tyranitar|142\/341
|move|p2a: Tyranitar|Stone Edge|p1a: Manaphy
|-damage|p1a: Manaphy|0 fnt
|faint|p1a: Manaphy
|
|-weather|Sandstorm|[upkeep]
|leave|Ken Valbrandur
|c| LadderSoTall|av
|leave|Gadsa2
|c| LadderSoTall|wow
|
|switch|p1a: Landorus-Therian|Landorus-Therian, M|227\/319
|-ability|p1a: Landorus-Therian|Intimidate|[of] p2a: Tyranitar
|-unboost|p2a: Tyranitar|atk|1
|turn|16
|
|move|p1a: Landorus-Therian|U-turn|p2a: Tyranitar
|-supereffective|p2a: Tyranitar
|-damage|p2a: Tyranitar|0 fnt
|faint|p2a: Tyranitar
|
|switch|p1a: Latias|Latias, F|253\/301
|
|-weather|Sandstorm|[upkeep]
|-damage|p1a: Latias|235\/301|[from] sandstorm
|c| LadderSoTall|scarf dark pulse
|
|switch|p2a: Houndoom|Houndoom, M|219\/291
|-damage|p2a: Houndoom|147\/291|[from] Stealth Rock
|turn|17
|join|teatarr
|c| LadderSoTall|and u need scrotum for honch
|c|★5th|ik
|c| LadderSoTall|bc it suckers
|c| LadderSoTall|well we have a PREDICTament here
|join|Jaja Gabor
|
|move|p2a: Houndoom|Dark Pulse|p1a: Latias
|-supereffective|p1a: Latias
|-damage|p1a: Latias|23\/301
|move|p1a: Latias|Draco Meteor|p2a: Houndoom
|-damage|p2a: Houndoom|0 fnt
|-unboost|p1a: Latias|spa|2
|-damage|p1a: Latias|0 fnt|[from] item: Life Orb
|faint|p2a: Houndoom
|faint|p1a: Latias
|
|-weather|none
|c| LadderSoTall|dam
|c| LadderSoTall|bulky af
|c|★5th|Wow, Houndoom is weak
|c|★5th|:_:
|c| LadderSoTall|with only 4 hp inv
|c|★5th|0 hp
|c| LadderSoTall|o.o
|leave|Assaltwaffle
|
|switch|p1a: Landorus-Therian|Landorus-Therian, M|227\/319
|switch|p2a: Venusaur|Venusaur-Mega, M|126\/301
|-ability|p1a: Landorus-Therian|Intimidate|[of] p2a: Venusaur
|-unboost|p2a: Venusaur|atk|1
|-damage|p2a: Venusaur|89\/301|[from] Stealth Rock
|turn|18
|c| teatarr|nobody runs 4hp not a lo number
|c| teatarr|m8
|c| UrsaReign|mmm
|c| LadderSoTall|huh
|
|move|p1a: Landorus-Therian|Earthquake|p2a: Venusaur
|-damage|p2a: Venusaur|0 fnt
|faint|p2a: Venusaur
|
|c| UrsaReign|yea
|
|switch|p2a: Honchkrow|Honchkrow, M|403\/403
|-damage|p2a: Honchkrow|303\/403|[from] Stealth Rock
|turn|19
|c| UrsaReign|gg
|
|switch|p1a: Rotom-Wash|Rotom-Wash|303\/303
|move|p2a: Honchkrow|Night Slash|p1a: Rotom-Wash
|-crit|p1a: Rotom-Wash
|-damage|p1a: Rotom-Wash|164\/303
|
|-heal|p1a: Rotom-Wash|182\/303|[from] item: Leftovers
|turn|20
|c| UrsaReign|burn
|
|move|p1a: Rotom-Wash|Volt Switch|p2a: Honchkrow
|-supereffective|p2a: Honchkrow
|-damage|p2a: Honchkrow|33\/403
|
|switch|p1a: Landorus-Therian|Landorus-Therian, M|227\/319
|-ability|p1a: Landorus-Therian|Intimidate|[of] p2a: Honchkrow
|-unboost|p2a: Honchkrow|atk|1
|move|p2a: Honchkrow|Brave Bird|p1a: Landorus-Therian
|-crit|p1a: Landorus-Therian
|-damage|p1a: Landorus-Therian|0 fnt
|-damage|p2a: Honchkrow|0 fnt|[from] recoil|[of] p1a: Landorus-Therian
|faint|p1a: Landorus-Therian
|faint|p2a: Honchkrow
|
|win|5th
|c|★mudkipz9001|gg
|c|★5th|gg
|leave|5th
|leave|LadderSoTall
|player|p1
|leave|mudkipz9001
|leave|QuagGod
|player|p2
|leave|VagSlayer420
|leave|1o2
|leave|Jaja Gabor
|leave|bigboycupcakes
|leave|Alvadora
|leave|22dula