|join|C1one
|join|5th
|join|powaa
|join|Reverend
|player|p1|C1one|283
|player|p2|5th|20
|gametype|singles
|gen|6
|tier|OU
|clearpoke
|poke|p1|Metagross
|poke|p1|Keldeo
|poke|p1|Garchomp, M
|poke|p1|Raikou
|poke|p1|Gengar, M
|poke|p1|Bisharp, M
|poke|p2|Azumarill, M
|poke|p2|Ferrothorn, M
|poke|p2|Swampert, F
|poke|p2|Omastar, F
|poke|p2|Politoed, M
|poke|p2|Latias, F
|rule|Swagger Clause: Swagger is banned
|rule|Baton Pass Clause: Limit one Pokémon knowing Baton Pass
|rule|Sleep Clause Mod: Limit one foe put to sleep
|rule|Species Clause: Limit one of each Pokémon
|rule|OHKO Clause: OHKO moves are banned
|rule|Moody Clause: Moody is banned
|rule|Evasion Moves Clause: Evasion moves are banned
|rule|Endless Battle Clause: Forcing endless battles is banned
|rule|HP Percentage Mod: HP is shown in percentages
|teampreview
|join|tropiusdude
|c|★5th|glhf again
|join|sublime909
|join|asdfCookie
|join|Shadow Poochyena
|join|strOKing
|join|Eriaka
|c|★C1one|u2
|leave|Eriaka
|
|start
|switch|p1a: Garchomp|Garchomp, M|357\/357
|switch|p2a: Politoed|Politoed, M|335\/335
|-weather|RainDance
|turn|1
|join|Johnsonjonh
|join|fix the ladder
|join|learninghowtox2
|join|Snorlax's pillow
|join|bright future
|
|move|p1a: Garchomp|Swords Dance|p1a: Garchomp
|-boost|p1a: Garchomp|atk|2
|move|p2a: Politoed|Ice Beam|p1a: Garchomp
|-supereffective|p1a: Garchomp
|-damage|p1a: Garchomp|0 fnt
|faint|p1a: Garchomp
|
|-weather|RainDance|[upkeep]
|join|lowkicker
|join|Rezium915
|
|switch|p1a: Gengar|Gengar, M|259\/259
|turn|2
|leave|tropiusdude
|c| fix the ladder|rekt
|c| lowkicker|games already been won
|
|move|p1a: Gengar|Sludge Wave|p2a: Politoed
|-damage|p2a: Politoed|105\/335
|-damage|p1a: Gengar|234\/259|[from] item: Life Orb
|move|p2a: Politoed|Hydro Pump|p1a: Gengar|[miss]
|-miss|p2a: Politoed|p1a: Gengar
|
|-weather|RainDance|[upkeep]
|turn|3
|c| fix the ladder|kek
|leave|lowkicker
|
|switch|p2a: Ferrothorn|Ferrothorn, M|352\/352
|move|p1a: Gengar|Shadow Ball|p2a: Ferrothorn
|-damage|p2a: Ferrothorn|230\/352
|-damage|p1a: Gengar|209\/259|[from] item: Life Orb
|
|-weather|RainDance|[upkeep]
|-heal|p2a: Ferrothorn|252\/352|[from] item: Leftovers
|turn|4
|join|Draeden
|join|VanilliteCone
|
|move|p1a: Gengar|Focus Blast|p2a: Ferrothorn
|-supereffective|p2a: Ferrothorn
|-damage|p2a: Ferrothorn|0 fnt
|-damage|p1a: Gengar|184\/259|[from] item: Life Orb
|faint|p2a: Ferrothorn
|
|-weather|RainDance|[upkeep]
|
|switch|p2a: Omastar|Omastar, F|281\/281
|turn|5
|
|move|p2a: Omastar|Scald|p1a: Gengar
|-damage|p1a: Gengar|0 fnt
|faint|p1a: Gengar
|
|-weather|RainDance|[upkeep]
|
|switch|p1a: Keldeo|Keldeo|323\/323
|turn|6
|
|switch|p1a: Bisharp|Bisharp, M|271\/271
|switch|p2a: Latias|Latias, F|319\/319
|
|-weather|RainDance|[upkeep]
|turn|7
|
|move|p2a: Latias|Thunderbolt|p1a: Bisharp
|-damage|p1a: Bisharp|119\/271
|-damage|p2a: Latias|288\/319|[from] item: Life Orb
|move|p1a: Bisharp|Knock Off|p2a: Latias
|-crit|p2a: Latias
|-supereffective|p2a: Latias
|-damage|p2a: Latias|0 fnt
|-enditem|p2a: Latias|Life Orb|[from] move: Knock Off|[of] p1a: Bisharp
|faint|p2a: Latias
|
|-weather|RainDance|[upkeep]
|
|switch|p2a: Swampert|Swampert, F|361\/361
|turn|8
|
|detailschange|p2a: Swampert|Swampert-Mega, F
|-mega|p2a: Swampert|Swampert|Swampertite
|move|p1a: Bisharp|Sucker Punch|p2a: Swampert
|-damage|p2a: Swampert|201\/361
|move|p2a: Swampert|Earthquake|p1a: Bisharp
|-supereffective|p1a: Bisharp
|-damage|p1a: Bisharp|0 fnt
|faint|p1a: Bisharp
|
|-weather|none
|c| VanilliteCone|grass knot sharp?
|c| VanilliteCone|damn
|
|switch|p1a: Keldeo|Keldeo|323\/323
|turn|9
|
|switch|p2a: Politoed|Politoed, M|105\/335
|-weather|RainDance
|move|p1a: Keldeo|Secret Sword|p2a: Politoed
|-damage|p2a: Politoed|0 fnt
|faint|p2a: Politoed
|
|-weather|RainDance|[upkeep]
|
|switch|p2a: Azumarill|Azumarill, M|363\/363
|turn|10
|
|switch|p1a: Raikou|Raikou|321\/321
|-ability|p1a: Raikou|Pressure
|move|p2a: Azumarill|Waterfall|p1a: Raikou
|-damage|p1a: Raikou|0 fnt
|faint|p1a: Raikou
|
|-weather|RainDance|[upkeep]
|
|switch|p1a: Metagross|Metagross|301\/301
|turn|11
|
|detailschange|p1a: Metagross|Metagross-Mega
|-mega|p1a: Metagross|Metagross|Metagrossite
|move|p1a: Metagross|Meteor Mash|p2a: Azumarill
|-damage|p2a: Azumarill|102\/363
|move|p2a: Azumarill|Waterfall|p1a: Metagross
|-damage|p1a: Metagross|18\/301
|
|-weather|RainDance|[upkeep]
|turn|12
|leave|strOKing
|join|WECAMEASVIRGINS
|leave|WECAMEASVIRGINS
|leave|asdfCookie
|join|Jack41
|
|move|p1a: Metagross|Meteor Mash|p2a: Azumarill
|-damage|p2a: Azumarill|0 fnt
|faint|p2a: Azumarill
|
|-weather|RainDance|[upkeep]
|
|switch|p2a: Swampert|Swampert-Mega, F|201\/361
|turn|13
|
|move|p1a: Metagross|Bullet Punch|p2a: Swampert
|-resisted|p2a: Swampert
|-damage|p2a: Swampert|156\/361
|move|p2a: Swampert|Earthquake|p1a: Metagross
|-supereffective|p1a: Metagross
|-damage|p1a: Metagross|0 fnt
|faint|p1a: Metagross
|
|-weather|RainDance|[upkeep]
|
|switch|p1a: Keldeo|Keldeo|323\/323
|turn|14
|
|move|p1a: Keldeo|Secret Sword|p2a: Swampert
|-damage|p2a: Swampert|15\/361
|move|p2a: Swampert|Earthquake|p1a: Keldeo
|-damage|p1a: Keldeo|86\/323
|
|-weather|RainDance|[upkeep]
|turn|15
|leave|Rezium915
|
|move|p1a: Keldeo|Secret Sword|p2a: Swampert
|-damage|p2a: Swampert|0 fnt
|faint|p2a: Swampert
|
|-weather|RainDance|[upkeep]
|
|switch|p2a: Omastar|Omastar, F|281\/281
|turn|16
|
|move|p1a: Keldeo|Secret Sword|p2a: Omastar
|-supereffective|p2a: Omastar
|-damage|p2a: Omastar|35\/281
|move|p2a: Omastar|Scald|p1a: Keldeo
|-resisted|p1a: Keldeo
|-damage|p1a: Keldeo|0 fnt
|faint|p1a: Keldeo
|
|win|5th
|c|★5th|gg
|leave|Johnsonjonh
|c|★C1one|gg
|leave|5th
|leave|C1one
|leave|powaa
|player|p2
|player|p1