|join|Ox the Box
|join|toiletpkay
|join|Reverend
|c|★toiletpkay|glglglglglglgl
|join|gay af
|join|John Krasinski
|join|Reb0rnking
|player|p1|Ox the Box|201
|player|p2|toiletpkay|293
|gametype|singles
|gen|6
|tier|OU
|clearpoke
|poke|p1|Gothitelle, M
|poke|p1|Gothita, F
|poke|p1|Gothorita, F
|poke|p1|Wynaut, F
|poke|p1|Wobbuffet, M
|poke|p1|Azumarill, F
|poke|p2|Entei, shiny
|poke|p2|Galvantula, F
|poke|p2|Starmie
|poke|p2|Aerodactyl, F
|poke|p2|Kingdra, M
|poke|p2|Cloyster, F
|rule|Swagger Clause: Swagger is banned
|rule|Baton Pass Clause: Limit one Pokémon knowing Baton Pass
|rule|Sleep Clause Mod: Limit one foe put to sleep
|rule|Species Clause: Limit one of each Pokémon
|rule|OHKO Clause: OHKO moves are banned
|rule|Moody Clause: Moody is banned
|rule|Evasion Moves Clause: Evasion moves are banned
|rule|Endless Battle Clause: Forcing endless battles is banned
|rule|HP Percentage Mod: HP is shown in percentages
|teampreview
|join|Super Mario Bros
|join|Demandred
|c|★Ox the Box|i'm new
|leave|Reb0rnking
|join|bforrester16
|c|★Ox the Box|is my team good
|c|★toiletpkay|lol
|join|ehareh
|c| bforrester16|ox
|c| bforrester16|why
|join|Gizmo
|
|start
|switch|p1a: Wynaut|Wynaut, F|393\/393
|switch|p2a: Galvantula|Galvantula, F|281\/281
|turn|1
|c|★toiletpkay|ima cry if i lose
|c| ehareh|is actually pretty bad ox
|c|★toiletpkay|haha
|c| ehareh|you need magnezone over azumarill
|c| ehareh|whirlpool is not good enough
|
|move|p2a: Galvantula|Bug Buzz|p1a: Wynaut
|-supereffective|p1a: Wynaut
|-damage|p1a: Wynaut|105\/393
|-enditem|p1a: Wynaut|Sitrus Berry|[eat]
|-heal|p1a: Wynaut|203\/393|[from] item: Sitrus Berry
|move|p1a: Wynaut|Encore|p2a: Galvantula
|-start|p2a: Galvantula|Encore
|
|turn|2
|c|★toiletpkay|hes joking guys
|c| John Krasinski|LOL
|c| bforrester16|rip
|
|switch|p1a: Azumarill|Azumarill, F|364\/364
|move|p2a: Galvantula|Bug Buzz|p1a: Azumarill
|-resisted|p1a: Azumarill
|-damage|p1a: Azumarill|278\/364
|
|turn|3
|c| John Krasinski|thanks for playin
|c| bforrester16|incoming bd
|c| ehareh|he's whirlpool
|c| ehareh|im sure
|c|★toiletpkay|bd :D
|
|move|p2a: Galvantula|Bug Buzz|p1a: Azumarill
|-resisted|p1a: Azumarill
|-damage|p1a: Azumarill|200\/364
|move|p1a: Azumarill|Belly Drum|p1a: Azumarill
|-damage|p1a: Azumarill|18\/364
|-setboost|p1a: Azumarill|atk|6|[from] move: Belly Drum
|-enditem|p1a: Azumarill|Sitrus Berry|[eat]
|-heal|p1a: Azumarill|109\/364|[from] item: Sitrus Berry
|
|turn|4
|c| ehareh|uh :(
|join|Dread Arceus
|c|★Ox the Box|gg
|c|★toiletpkay|not yet buddy :)
|
|switch|p2a: Kingdra|Kingdra, M|291\/291
|move|p1a: Azumarill|Aqua Jet|p2a: Kingdra
|-resisted|p2a: Kingdra
|-damage|p2a: Kingdra|207\/291
|
|turn|5
|c| John Krasinski|why
|
|move|p1a: Azumarill|Aqua Jet|p2a: Kingdra
|-resisted|p2a: Kingdra
|-damage|p2a: Kingdra|114\/291
|move|p2a: Kingdra|Scald|p1a: Azumarill
|-resisted|p1a: Azumarill
|-damage|p1a: Azumarill|28\/364
|
|turn|6
|c|★Ox the Box|crit here
|
|move|p1a: Azumarill|Aqua Jet|p2a: Kingdra
|-resisted|p2a: Kingdra
|-damage|p2a: Kingdra|24\/291
|move|p2a: Kingdra|Scald|p1a: Azumarill
|-resisted|p1a: Azumarill
|-damage|p1a: Azumarill|0 fnt
|faint|p1a: Azumarill
|
|c|★toiletpkay|aw
|
|switch|p1a: Gothitelle|Gothitelle, M|301\/301
|turn|7
|c|★Ox the Box|maybe i should have knocked galv lol
|
|move|p1a: Gothitelle|Psychic|p2a: Kingdra
|-damage|p2a: Kingdra|0 fnt
|faint|p2a: Kingdra
|
|leave|gay af
|
|switch|p2a: Galvantula|Galvantula, F|281\/281
|turn|8
|join|SeventyFive
|
|move|p1a: Gothitelle|Psychic|p2a: Galvantula
|-crit|p2a: Galvantula
|-damage|p2a: Galvantula|5\/281
|-unboost|p2a: Galvantula|spd|1
|move|p2a: Galvantula|Bug Buzz|p1a: Gothitelle
|-supereffective|p1a: Gothitelle
|-damage|p1a: Gothitelle|73\/301
|
|turn|9
|join|The Goomy
|c| bforrester16|save ut
|
|move|p1a: Gothitelle|Psychic|p2a: Galvantula
|-damage|p2a: Galvantula|0 fnt
|faint|p2a: Galvantula
|
|
|switch|p2a: Entei|Entei, shiny|371\/371
|-ability|p2a: Entei|Pressure
|turn|10
|
|switch|p1a: Wynaut|Wynaut, F|203\/393
|move|p2a: Entei|Extreme Speed|p1a: Wynaut
|-damage|p1a: Wynaut|57\/393
|
|turn|11
|c|★toiletpkay|not this thing again lol
|
|move|p2a: Entei|Extreme Speed|p1a: Wynaut
|-damage|p1a: Wynaut|0 fnt
|faint|p1a: Wynaut
|
|c|★toiletpkay|anyone know that durant set
|c|★toiletpkay|that makes you miss a turn?
|
|switch|p1a: Wobbuffet|Wobbuffet, M|583\/583
|turn|12
|c| bforrester16|i know it
|c| Reverend|hyper beam \/ rest \/ sleep talk \/ giga impact
|
|move|p2a: Entei|Sacred Fire|p1a: Wobbuffet
|-damage|p1a: Wobbuffet|321\/583
|move|p1a: Wobbuffet|Counter|p2a: Entei
|-damage|p2a: Entei|0 fnt
|faint|p2a: Entei
|
|c|★toiletpkay|naa not that
|c| bforrester16|entrainment truant thing
|c|★toiletpkay|was something else
|c|★toiletpkay|yehhh thats the one
|c| bforrester16|then goth
|
|switch|p2a: Cloyster|Cloyster, F|242\/242
|turn|13
|c| bforrester16|protect calm mind
|c| bforrester16|on opponent whenever theyre in truant
|
|move|p2a: Cloyster|Icicle Spear|p1a: Wobbuffet
|-damage|p1a: Wobbuffet|257\/583
|-enditem|p1a: Wobbuffet|Sitrus Berry|[eat]
|-heal|p1a: Wobbuffet|402\/583|[from] item: Sitrus Berry
|-damage|p1a: Wobbuffet|344\/583
|-crit|p1a: Wobbuffet
|-damage|p1a: Wobbuffet|260\/583
|-damage|p1a: Wobbuffet|202\/583
|-crit|p1a: Wobbuffet
|-damage|p1a: Wobbuffet|111\/583
|-hitcount|p1a: Wobbuffet|5
|cant|p1a: Wobbuffet|flinch
|
|turn|14
|c|★Ox the Box|,
|c|★Ox the Box|dats dumb lmao
|c|★toiletpkay|lol
|c|★toiletpkay|u still wouldnt kill cloyster
|c| bforrester16|lmao
|
|move|p2a: Cloyster|Icicle Spear|p1a: Wobbuffet
|-damage|p1a: Wobbuffet|53\/583
|-damage|p1a: Wobbuffet|0 fnt
|-hitcount|p1a: Wobbuffet|2
|faint|p1a: Wobbuffet
|
|c|★toiletpkay|its 5 hits not 1
|c| Reverend|wait yeah how does counter work on multi hit moves
|c|★toiletpkay|it reounds the last hit
|
|switch|p1a: Gothita|Gothita, F|231\/231
|turn|15
|c|★toiletpkay|rebounds
|c|★Ox the Box|I went for d bond
|c|★Ox the Box|then I could go for encore
|c|★Ox the Box|and trick u'
|
|move|p1a: Gothita|Trick|p2a: Cloyster
|-activate|p1a: Gothita|move: Trick|[of] p2a: Cloyster
|-item|p2a: Cloyster|Choice Scarf|[from] move: Trick
|-item|p1a: Gothita|King's Rock|[from] move: Trick
|move|p2a: Cloyster|Icicle Spear|p1a: Gothita
|-damage|p1a: Gothita|156\/231
|-damage|p1a: Gothita|81\/231
|-damage|p1a: Gothita|11\/231
|-damage|p1a: Gothita|0 fnt
|-hitcount|p1a: Gothita|4
|faint|p1a: Gothita
|
|c|★toiletpkay|oh my bad
|c| Reverend|man down
|c|★Ox the Box|w\/e
|
|switch|p1a: Gothitelle|Gothitelle, M|73\/301
|turn|16
|
|move|p1a: Gothitelle|Psychic|p2a: Cloyster
|-damage|p2a: Cloyster|17\/242
|move|p2a: Cloyster|Icicle Spear|p1a: Gothitelle
|-damage|p1a: Gothitelle|34\/301
|-damage|p1a: Gothitelle|0 fnt
|-hitcount|p1a: Gothitelle|2
|faint|p1a: Gothitelle
|
|c|★Ox the Box|oh why did I go for trick
|c|★Ox the Box|psychic 2hkod lol
|
|switch|p1a: Gothorita|Gothorita, F|261\/261
|turn|17
|c|★toiletpkay|lol
|
|move|p2a: Cloyster|Icicle Spear|p1a: Gothorita
|-damage|p1a: Gothorita|210\/261
|-crit|p1a: Gothorita
|-damage|p1a: Gothorita|135\/261
|-damage|p1a: Gothorita|83\/261
|-damage|p1a: Gothorita|28\/261
|-damage|p1a: Gothorita|0 fnt
|-hitcount|p1a: Gothorita|5
|faint|p1a: Gothorita
|
|win|toiletpkay