|join|ben69
|join|Ugly Weirdo
|player|p1|ben69|102
|player|p2|Ugly Weirdo|42
|gametype|singles
|gen|6
|tier|OU
|rated
|clearpoke
|poke|p1|Cloyster, F
|poke|p1|Entei, shiny
|poke|p1|Mew
|poke|p1|Honchkrow, F
|poke|p1|Starmie
|poke|p1|Diancie
|poke|p2|Sableye, M
|poke|p2|Tangrowth, F
|poke|p2|Skarmory, M
|poke|p2|Chansey, F
|poke|p2|Clefable, M, shiny
|poke|p2|Alomomola, M, shiny
|rule|Swagger Clause: Swagger is banned
|rule|Baton Pass Clause: Limit one Pokémon knowing Baton Pass
|rule|Sleep Clause Mod: Limit one foe put to sleep
|rule|Species Clause: Limit one of each Pokémon
|rule|OHKO Clause: OHKO moves are banned
|rule|Moody Clause: Moody is banned
|rule|Evasion Moves Clause: Evasion moves are banned
|rule|Endless Battle Clause: Forcing endless battles is banned
|rule|HP Percentage Mod: HP is shown in percentages
|teampreview
|
|start
|switch|p1a: Diancie|Diancie|241\/241
|switch|p2a: Sableye|Sableye, M|304\/304
|turn|1
|
|switch|p1a: Mew|Mew|404\/404
|detailschange|p2a: Sableye|Sableye-Mega, M
|-mega|p2a: Sableye|Sableye|Sablenite
|move|p2a: Sableye|Calm Mind|p2a: Sableye
|-boost|p2a: Sableye|spa|1
|-boost|p2a: Sableye|spd|1
|
|turn|2
|c|★ben69|lulwut
|
|switch|p1a: Diancie|Diancie|241\/241
|move|p2a: Sableye|Shadow Ball|p1a: Diancie
|-damage|p1a: Diancie|154\/241
|
|turn|3
|
|switch|p2a: Chansey|Chansey, F|703\/703
|detailschange|p1a: Diancie|Diancie-Mega
|-mega|p1a: Diancie|Diancie|Diancite
|move|p1a: Diancie|Moonblast|p2a: Chansey
|-damage|p2a: Chansey|582\/703
|
|turn|4
|
|move|p1a: Diancie|Sharpen|p1a: Diancie
|-boost|p1a: Diancie|atk|1
|move|p2a: Chansey|Seismic Toss|p1a: Diancie
|-damage|p1a: Diancie|54\/241
|
|turn|5
|
|switch|p2a: Clefable|Clefable, M, shiny|394\/394
|move|p1a: Diancie|Diamond Storm|p2a: Clefable
|-damage|p2a: Clefable|229\/394
|-boost|p1a: Diancie|def|1
|
|-heal|p2a: Clefable|253\/394|[from] item: Leftovers
|turn|6
|
|switch|p1a: Entei|Entei, shiny|385\/385
|-ability|p1a: Entei|Pressure
|move|p2a: Clefable|Moonblast|p1a: Entei
|-resisted|p1a: Entei
|-damage|p1a: Entei|313\/385
|
|-heal|p2a: Clefable|277\/394|[from] item: Leftovers
|turn|7
|
|switch|p2a: Alomomola|Alomomola, M, shiny|497\/497
|move|p1a: Entei|Sacred Fire|p2a: Alomomola
|-resisted|p2a: Alomomola
|-damage|p2a: Alomomola|389\/497
|-damage|p1a: Entei|275\/385|[from] item: Life Orb
|
|-heal|p2a: Alomomola|420\/497|[from] item: Leftovers
|turn|8
|
|switch|p1a: Starmie|Starmie|261\/261
|move|p2a: Alomomola|Scald|p1a: Starmie
|-resisted|p1a: Starmie
|-damage|p1a: Starmie|237\/261
|
|-heal|p2a: Alomomola|451\/497|[from] item: Leftovers
|turn|9
|
|switch|p1a: Honchkrow|Honchkrow, F|341\/341
|move|p2a: Alomomola|Protect|p2a: Alomomola
|-fail|p2a: Alomomola
|
|-heal|p2a: Alomomola|482\/497|[from] item: Leftovers
|turn|10
|
|switch|p1a: Mew|Mew|404\/404
|move|p2a: Alomomola|Protect|p2a: Alomomola
|-fail|p2a: Alomomola
|
|-heal|p2a: Alomomola|497\/497|[from] item: Leftovers
|turn|11
|
|switch|p1a: Diancie|Diancie-Mega|54\/241
|switch|p2a: Sableye|Sableye-Mega, M|304\/304
|
|turn|12
|
|switch|p1a: Honchkrow|Honchkrow, F|341\/341
|switch|p2a: Tangrowth|Tangrowth, F|404\/404
|
|turn|13
|
|move|p1a: Honchkrow|Brave Bird|p2a: Tangrowth
|-supereffective|p2a: Tangrowth
|-damage|p2a: Tangrowth|0 fnt
|-damage|p1a: Honchkrow|208\/341|[from] recoil|[of] p2a: Tangrowth
|-damage|p1a: Honchkrow|174\/341|[from] item: Life Orb
|faint|p2a: Tangrowth
|-boost|p1a: Honchkrow|atk|1|[from] ability: Moxie
|
|
|switch|p2a: Skarmory|Skarmory, M|333\/333
|turn|14
|
|switch|p1a: Diancie|Diancie-Mega|54\/241
|move|p2a: Skarmory|Whirlwind|p1a: Diancie
|move|p1a: Diancie|Whirlwind|p2a: Skarmory|[from]Magic Bounce
|drag|p2a: Alomomola|Alomomola, M, shiny|497\/497
|
|turn|15
|
|move|p1a: Diancie|Moonblast|p2a: Alomomola
|-damage|p2a: Alomomola|262\/497
|move|p2a: Alomomola|Scald|p1a: Diancie
|-supereffective|p1a: Diancie
|-damage|p1a: Diancie|0 fnt
|faint|p1a: Diancie
|
|-heal|p2a: Alomomola|293\/497|[from] item: Leftovers
|
|switch|p1a: Honchkrow|Honchkrow, F|174\/341
|turn|16
|
|switch|p2a: Skarmory|Skarmory, M|333\/333
|move|p1a: Honchkrow|Brave Bird|p2a: Skarmory
|-resisted|p2a: Skarmory
|-damage|p2a: Skarmory|243\/333
|-damage|p1a: Honchkrow|118\/341|[from] item: Rocky Helmet|[of] p2a: Skarmory
|-damage|p1a: Honchkrow|88\/341|[from] recoil|[of] p2a: Skarmory
|-damage|p1a: Honchkrow|54\/341|[from] item: Life Orb
|
|turn|17
|
|switch|p1a: Cloyster|Cloyster, F|241\/241
|move|p2a: Skarmory|Whirlwind|p1a: Cloyster
|drag|p1a: Starmie|Starmie|237\/261
|
|turn|18
|
|switch|p2a: Chansey|Chansey, F|582\/703
|move|p1a: Starmie|Hydro Pump|p2a: Chansey|[miss]
|-miss|p1a: Starmie|p2a: Chansey
|
|turn|19
|
|switch|p1a: Honchkrow|Honchkrow, F|54\/341
|move|p2a: Chansey|Toxic|p1a: Honchkrow
|-status|p1a: Honchkrow|tox
|
|-damage|p1a: Honchkrow|33\/341 tox|[from] psn
|turn|20
|
|move|p1a: Honchkrow|Pursuit|p2a: Chansey|[from]Pursuit
|-damage|p2a: Chansey|335\/703
|-damage|p1a: Honchkrow|0 fnt|[from] item: Life Orb
|switch|p2a: Skarmory|Skarmory, M|243\/333
|faint|p1a: Honchkrow
|
|
|switch|p1a: Cloyster|Cloyster, F|241\/241
|turn|21
|
|move|p1a: Cloyster|Icicle Spear|p2a: Skarmory
|-damage|p2a: Skarmory|221\/333
|-damage|p2a: Skarmory|197\/333
|-damage|p2a: Skarmory|172\/333
|-damage|p2a: Skarmory|148\/333
|-damage|p2a: Skarmory|126\/333
|-hitcount|p2a: Skarmory|5
|cant|p2a: Skarmory|flinch
|
|turn|22
|
|switch|p2a: Alomomola|Alomomola, M, shiny|458\/497
|move|p1a: Cloyster|Shell Smash|p1a: Cloyster
|-boost|p1a: Cloyster|atk|2
|-boost|p1a: Cloyster|spa|2
|-boost|p1a: Cloyster|spe|2
|-unboost|p1a: Cloyster|def|1
|-unboost|p1a: Cloyster|spd|1
|
|-heal|p2a: Alomomola|489\/497|[from] item: Leftovers
|turn|23
|
|move|p1a: Cloyster|Rock Blast|p2a: Alomomola
|-damage|p2a: Alomomola|440\/497
|-damage|p2a: Alomomola|392\/497
|-damage|p2a: Alomomola|345\/497
|-damage|p2a: Alomomola|297\/497
|-damage|p2a: Alomomola|251\/497
|-hitcount|p2a: Alomomola|5
|move|p2a: Alomomola|Scald|p1a: Cloyster
|-resisted|p1a: Cloyster
|-damage|p1a: Cloyster|181\/241
|
|-heal|p2a: Alomomola|282\/497|[from] item: Leftovers
|turn|24
|
|move|p2a: Alomomola|Protect|p2a: Alomomola
|-singleturn|p2a: Alomomola|Protect
|move|p1a: Cloyster|Rock Blast|p2a: Alomomola
|-activate|p2a: Alomomola|Protect
|
|-heal|p2a: Alomomola|313\/497|[from] item: Leftovers
|turn|25
|
|move|p1a: Cloyster|Rock Blast|p2a: Alomomola
|-damage|p2a: Alomomola|260\/497
|-damage|p2a: Alomomola|212\/497
|-damage|p2a: Alomomola|160\/497
|-crit|p2a: Alomomola
|-damage|p2a: Alomomola|87\/497
|-damage|p2a: Alomomola|33\/497
|-hitcount|p2a: Alomomola|5
|move|p2a: Alomomola|Wish|p2a: Alomomola
|
|-heal|p2a: Alomomola|64\/497|[from] item: Leftovers
|turn|26
|
|move|p2a: Alomomola|Protect|p2a: Alomomola
|-singleturn|p2a: Alomomola|Protect
|move|p1a: Cloyster|Shell Smash|p1a: Cloyster
|-boost|p1a: Cloyster|atk|2
|-boost|p1a: Cloyster|spa|2
|-boost|p1a: Cloyster|spe|2
|-unboost|p1a: Cloyster|def|1
|-unboost|p1a: Cloyster|spd|1
|
|-heal|p2a: Alomomola|312\/497|[from] move: Wish|[wisher] Alomomola
|-heal|p2a: Alomomola|343\/497|[from] item: Leftovers
|turn|27
|
|switch|p2a: Skarmory|Skarmory, M|126\/333
|move|p1a: Cloyster|Rock Blast|p2a: Skarmory
|-damage|p2a: Skarmory|78\/333
|-damage|p2a: Skarmory|29\/333
|-damage|p2a: Skarmory|0 fnt
|-hitcount|p2a: Skarmory|3
|faint|p2a: Skarmory
|
|
|switch|p2a: Clefable|Clefable, M, shiny|277\/394
|turn|28
|
|move|p1a: Cloyster|Icicle Spear|p2a: Clefable
|-damage|p2a: Clefable|241\/394
|-damage|p2a: Clefable|205\/394
|-damage|p2a: Clefable|168\/394
|-damage|p2a: Clefable|131\/394
|-damage|p2a: Clefable|98\/394
|-hitcount|p2a: Clefable|5
|move|p2a: Clefable|Moonblast|p1a: Cloyster
|-damage|p1a: Cloyster|0 fnt
|faint|p1a: Cloyster
|
|-heal|p2a: Clefable|122\/394|[from] item: Leftovers
|
|switch|p1a: Entei|Entei, shiny|275\/385
|-ability|p1a: Entei|Pressure
|turn|29
|
|move|p1a: Entei|Sacred Fire|p2a: Clefable
|-crit|p2a: Clefable
|-damage|p2a: Clefable|0 fnt
|-damage|p1a: Entei|237\/385|[from] item: Life Orb
|faint|p2a: Clefable
|
|
|switch|p2a: Alomomola|Alomomola, M, shiny|497\/497
|turn|30
|
|switch|p1a: Starmie|Starmie|237\/261
|move|p2a: Alomomola|Protect|p2a: Alomomola
|-fail|p2a: Alomomola
|
|turn|31
|
|move|p1a: Starmie|Thunderbolt|p2a: Alomomola
|-supereffective|p2a: Alomomola
|-damage|p2a: Alomomola|190\/497
|-damage|p1a: Starmie|211\/261|[from] item: Life Orb
|move|p2a: Alomomola|Scald|p1a: Starmie
|-resisted|p1a: Starmie
|-damage|p1a: Starmie|187\/261
|-status|p1a: Starmie|brn
|
|-heal|p2a: Alomomola|221\/497|[from] item: Leftovers
|-damage|p1a: Starmie|155\/261 brn|[from] brn
|turn|32
|
|move|p2a: Alomomola|Protect|p2a: Alomomola
|-singleturn|p2a: Alomomola|Protect
|move|p1a: Starmie|Thunderbolt|p2a: Alomomola
|-activate|p2a: Alomomola|Protect
|
|-heal|p2a: Alomomola|252\/497|[from] item: Leftovers
|-damage|p1a: Starmie|123\/261 brn|[from] brn
|turn|33
|-message|ben69 forfeited.
|leave|ben69
|
|win|Ugly Weirdo
|raw|Ladder updating...
|player|p1
|raw|ben69's rating: 1800 &rarr; <strong>1772<\/strong><br \/>(-28 for losing)
|raw|Ugly Weirdo's rating: 1658 &rarr; <strong>1685<\/strong><br \/>(+27 for winning)