|join|1800Rekt
|join|Ugly Weirdo
|player|p1|1800Rekt|270
|player|p2|Ugly Weirdo|42
|gametype|singles
|gen|6
|tier|OU
|rated
|clearpoke
|poke|p1|Serperior, M
|poke|p1|Dugtrio, F, shiny
|poke|p1|Jirachi
|poke|p1|Altaria, F
|poke|p1|Keldeo-Resolute, shiny
|poke|p1|Zapdos
|poke|p2|Sableye, M
|poke|p2|Tangrowth, F
|poke|p2|Skarmory, F
|poke|p2|Chansey, F
|poke|p2|Clefable, M, shiny
|poke|p2|Alomomola, F, shiny
|rule|Swagger Clause: Swagger is banned
|rule|Baton Pass Clause: Limit one Pokémon knowing Baton Pass
|rule|Sleep Clause Mod: Limit one foe put to sleep
|rule|Species Clause: Limit one of each Pokémon
|rule|OHKO Clause: OHKO moves are banned
|rule|Moody Clause: Moody is banned
|rule|Evasion Moves Clause: Evasion moves are banned
|rule|Endless Battle Clause: Forcing endless battles is banned
|rule|HP Percentage Mod: HP is shown in percentages
|teampreview
|
|start
|switch|p1a: Altaria|Altaria, F|354\/354
|switch|p2a: Sableye|Sableye, M|304\/304
|turn|1
|
|detailschange|p1a: Altaria|Altaria-Mega, F
|-mega|p1a: Altaria|Altaria|Altarianite
|detailschange|p2a: Sableye|Sableye-Mega, M
|-mega|p2a: Sableye|Sableye|Sablenite
|move|p2a: Sableye|Calm Mind|p2a: Sableye
|-boost|p2a: Sableye|spa|1
|-boost|p2a: Sableye|spd|1
|move|p1a: Altaria|Frustration|p2a: Sableye
|-supereffective|p2a: Sableye
|-damage|p2a: Sableye|106\/304
|
|turn|2
|
|switch|p2a: Skarmory|Skarmory, F|333\/333
|move|p1a: Altaria|Frustration|p2a: Skarmory
|-resisted|p2a: Skarmory
|-damage|p2a: Skarmory|280\/333
|-damage|p1a: Altaria|295\/354|[from] item: Rocky Helmet|[of] p2a: Skarmory
|
|turn|3
|
|switch|p1a: Zapdos|Zapdos|384\/384
|-ability|p1a: Zapdos|Pressure
|move|p2a: Skarmory|Whirlwind|p1a: Zapdos
|drag|p1a: Dugtrio|Dugtrio, F, shiny|211\/211
|
|turn|4
|
|switch|p2a: Tangrowth|Tangrowth, F|404\/404
|move|p1a: Dugtrio|Stealth Rock|p2a: Tangrowth
|-sidestart|p2: Ugly Weirdo|move: Stealth Rock
|
|turn|5
|
|switch|p1a: Serperior|Serperior, M|291\/291
|move|p2a: Tangrowth|Knock Off|p1a: Serperior
|-damage|p1a: Serperior|218\/291
|-enditem|p1a: Serperior|Life Orb|[from] move: Knock Off|[of] p2a: Tangrowth
|
|turn|6
|
|move|p1a: Serperior|Leaf Storm|p2a: Tangrowth|[miss]
|-miss|p1a: Serperior|p2a: Tangrowth
|move|p2a: Tangrowth|Hidden Power|p1a: Serperior
|-supereffective|p1a: Serperior
|-damage|p1a: Serperior|108\/291
|
|turn|7
|
|switch|p1a: Zapdos|Zapdos|384\/384
|-ability|p1a: Zapdos|Pressure
|move|p2a: Tangrowth|Hidden Power|p1a: Zapdos
|-supereffective|p1a: Zapdos
|-damage|p1a: Zapdos|272\/384
|
|-heal|p1a: Zapdos|296\/384|[from] item: Leftovers
|turn|8
|
|switch|p2a: Alomomola|Alomomola, F, shiny|497\/497
|-damage|p2a: Alomomola|435\/497|[from] Stealth Rock
|move|p1a: Zapdos|Volt Switch|p2a: Alomomola
|-supereffective|p2a: Alomomola
|-damage|p2a: Alomomola|159\/497
|
|switch|p1a: Serperior|Serperior, M|108\/291
|
|-heal|p2a: Alomomola|190\/497|[from] item: Leftovers
|turn|9
|
|move|p2a: Alomomola|Protect|p2a: Alomomola
|-singleturn|p2a: Alomomola|Protect
|move|p1a: Serperior|Leaf Storm|p2a: Alomomola
|-activate|p2a: Alomomola|Protect
|
|-heal|p2a: Alomomola|221\/497|[from] item: Leftovers
|turn|10
|
|switch|p2a: Skarmory|Skarmory, F|280\/333
|-damage|p2a: Skarmory|239\/333|[from] Stealth Rock
|move|p1a: Serperior|Leaf Storm|p2a: Skarmory
|-resisted|p2a: Skarmory
|-damage|p2a: Skarmory|189\/333
|-boost|p1a: Serperior|spa|2
|
|turn|11
|
|move|p1a: Serperior|Hidden Power|p2a: Skarmory
|-supereffective|p2a: Skarmory
|-damage|p2a: Skarmory|0 fnt
|faint|p2a: Skarmory
|
|
|switch|p2a: Tangrowth|Tangrowth, F|404\/404
|-damage|p2a: Tangrowth|354\/404|[from] Stealth Rock
|turn|12
|
|move|p1a: Serperior|Giga Drain|p2a: Tangrowth
|-resisted|p2a: Tangrowth
|-damage|p2a: Tangrowth|279\/404
|-heal|p1a: Serperior|146\/291|[from] drain|[of] p2a: Tangrowth
|move|p2a: Tangrowth|Hidden Power|p1a: Serperior
|-supereffective|p1a: Serperior
|-damage|p1a: Serperior|38\/291
|
|turn|13
|
|move|p1a: Serperior|Hidden Power|p2a: Tangrowth
|-supereffective|p2a: Tangrowth
|-damage|p2a: Tangrowth|133\/404
|move|p2a: Tangrowth|Hidden Power|p1a: Serperior
|-supereffective|p1a: Serperior
|-damage|p1a: Serperior|0 fnt
|faint|p1a: Serperior
|
|
|switch|p1a: Altaria|Altaria-Mega, F|295\/354
|turn|14
|
|switch|p2a: Clefable|Clefable, M, shiny|394\/394
|-damage|p2a: Clefable|345\/394|[from] Stealth Rock
|move|p1a: Altaria|Dragon Dance|p1a: Altaria
|-boost|p1a: Altaria|atk|1
|-boost|p1a: Altaria|spe|1
|
|-heal|p2a: Clefable|369\/394|[from] item: Leftovers
|turn|15
|
|switch|p1a: Jirachi|Jirachi|404\/404
|move|p2a: Clefable|Moonblast|p1a: Jirachi
|-resisted|p1a: Jirachi
|-damage|p1a: Jirachi|362\/404
|-unboost|p1a: Jirachi|spa|1
|
|-heal|p1a: Jirachi|387\/404|[from] item: Leftovers
|-heal|p2a: Clefable|393\/394|[from] item: Leftovers
|turn|16
|
|switch|p2a: Tangrowth|Tangrowth, F|267\/404
|-damage|p2a: Tangrowth|217\/404|[from] Stealth Rock
|move|p1a: Jirachi|U-turn|p2a: Tangrowth
|-supereffective|p2a: Tangrowth
|-damage|p2a: Tangrowth|139\/404
|
|switch|p1a: Keldeo-Resolute|Keldeo-Resolute, shiny|324\/324
|
|turn|17
|
|move|p1a: Keldeo-Resolute|Icy Wind|p2a: Tangrowth
|-supereffective|p2a: Tangrowth
|-damage|p2a: Tangrowth|19\/404
|-unboost|p2a: Tangrowth|spe|1
|move|p2a: Tangrowth|Giga Drain|p1a: Keldeo-Resolute
|-supereffective|p1a: Keldeo-Resolute
|-damage|p1a: Keldeo-Resolute|106\/324
|-heal|p2a: Tangrowth|128\/404|[from] drain|[of] p1a: Keldeo-Resolute
|
|turn|18
|
|switch|p2a: Alomomola|Alomomola, F, shiny|386\/497
|-damage|p2a: Alomomola|324\/497|[from] Stealth Rock
|move|p1a: Keldeo-Resolute|Secret Sword|p2a: Alomomola
|-damage|p2a: Alomomola|182\/497
|
|-heal|p2a: Alomomola|213\/497|[from] item: Leftovers
|turn|19
|
|switch|p1a: Jirachi|Jirachi|387\/404
|move|p2a: Alomomola|Protect|p2a: Alomomola
|-fail|p2a: Alomomola
|
|-heal|p1a: Jirachi|404\/404|[from] item: Leftovers
|-heal|p2a: Alomomola|244\/497|[from] item: Leftovers
|turn|20
|
|move|p2a: Alomomola|Protect|p2a: Alomomola
|-singleturn|p2a: Alomomola|Protect
|move|p1a: Jirachi|Wish|p1a: Jirachi
|
|-heal|p2a: Alomomola|275\/497|[from] item: Leftovers
|turn|21
|
|move|p1a: Jirachi|U-turn|p2a: Alomomola
|-damage|p2a: Alomomola|225\/497
|
|switch|p1a: Keldeo-Resolute|Keldeo-Resolute, shiny|106\/324
|move|p2a: Alomomola|Scald|p1a: Keldeo-Resolute
|-resisted|p1a: Keldeo-Resolute
|-damage|p1a: Keldeo-Resolute|78\/324
|
|-heal|p1a: Keldeo-Resolute|280\/324|[from] move: Wish|[wisher] Jirachi
|-heal|p2a: Alomomola|256\/497|[from] item: Leftovers
|turn|22
|
|move|p1a: Keldeo-Resolute|Scald|p2a: Alomomola
|-resisted|p2a: Alomomola
|-damage|p2a: Alomomola|169\/497
|-status|p2a: Alomomola|brn
|move|p2a: Alomomola|Wish|p2a: Alomomola
|
|-heal|p2a: Alomomola|200\/497 brn|[from] item: Leftovers
|-damage|p2a: Alomomola|138\/497 brn|[from] brn
|turn|23
|
|move|p2a: Alomomola|Protect|p2a: Alomomola
|-singleturn|p2a: Alomomola|Protect
|move|p1a: Keldeo-Resolute|Hydro Pump|p2a: Alomomola
|-activate|p2a: Alomomola|Protect
|
|-heal|p2a: Alomomola|386\/497 brn|[from] move: Wish|[wisher] Alomomola
|-heal|p2a: Alomomola|417\/497 brn|[from] item: Leftovers
|-damage|p2a: Alomomola|355\/497 brn|[from] brn
|turn|24
|
|move|p1a: Keldeo-Resolute|Secret Sword|p2a: Alomomola
|-damage|p2a: Alomomola|210\/497 brn
|move|p2a: Alomomola|Wish|p2a: Alomomola
|
|-heal|p2a: Alomomola|241\/497 brn|[from] item: Leftovers
|-damage|p2a: Alomomola|179\/497 brn|[from] brn
|turn|25
|
|move|p2a: Alomomola|Protect|p2a: Alomomola
|-singleturn|p2a: Alomomola|Protect
|move|p1a: Keldeo-Resolute|Scald|p2a: Alomomola
|-activate|p2a: Alomomola|Protect
|
|-heal|p2a: Alomomola|427\/497 brn|[from] move: Wish|[wisher] Alomomola
|-heal|p2a: Alomomola|458\/497 brn|[from] item: Leftovers
|-damage|p2a: Alomomola|396\/497 brn|[from] brn
|turn|26
|
|switch|p1a: Altaria|Altaria-Mega, F|295\/354
|move|p2a: Alomomola|Wish|p2a: Alomomola
|
|-heal|p2a: Alomomola|427\/497 brn|[from] item: Leftovers
|-damage|p2a: Alomomola|365\/497 brn|[from] brn
|turn|27
|
|switch|p2a: Clefable|Clefable, M, shiny|393\/394
|-damage|p2a: Clefable|344\/394|[from] Stealth Rock
|move|p1a: Altaria|Frustration|p2a: Clefable
|-damage|p2a: Clefable|188\/394
|
|-heal|p2a: Clefable|394\/394|[from] move: Wish|[wisher] Alomomola
|turn|28
|
|switch|p1a: Jirachi|Jirachi|404\/404
|move|p2a: Clefable|Wish|p2a: Clefable
|
|turn|29
|
|move|p1a: Jirachi|Body Slam|p2a: Clefable
|-damage|p2a: Clefable|338\/394
|-status|p2a: Clefable|par
|move|p2a: Clefable|Flamethrower|p1a: Jirachi
|-crit|p1a: Jirachi
|-supereffective|p1a: Jirachi
|-damage|p1a: Jirachi|246\/404
|
|-heal|p2a: Clefable|394\/394 par|[from] move: Wish|[wisher] Clefable
|-heal|p1a: Jirachi|271\/404|[from] item: Leftovers
|turn|30
|
|switch|p2a: Alomomola|Alomomola, F, shiny|497\/497 brn
|-damage|p2a: Alomomola|435\/497 brn|[from] Stealth Rock
|move|p1a: Jirachi|Iron Head|p2a: Alomomola
|-resisted|p2a: Alomomola
|-damage|p2a: Alomomola|390\/497 brn
|
|-heal|p1a: Jirachi|296\/404|[from] item: Leftovers
|-heal|p2a: Alomomola|421\/497 brn|[from] item: Leftovers
|-damage|p2a: Alomomola|359\/497 brn|[from] brn
|turn|31
|
|move|p1a: Jirachi|U-turn|p2a: Alomomola
|-damage|p2a: Alomomola|304\/497 brn
|
|switch|p1a: Altaria|Altaria-Mega, F|295\/354
|move|p2a: Alomomola|Scald|p1a: Altaria
|-resisted|p1a: Altaria
|-damage|p1a: Altaria|273\/354
|
|-heal|p2a: Alomomola|335\/497 brn|[from] item: Leftovers
|-damage|p2a: Alomomola|273\/497 brn|[from] brn
|turn|32
|
|switch|p2a: Clefable|Clefable, M, shiny|394\/394 par
|-damage|p2a: Clefable|345\/394 par|[from] Stealth Rock
|move|p1a: Altaria|Frustration|p2a: Clefable
|-damage|p2a: Clefable|197\/394 par
|
|-heal|p2a: Clefable|221\/394 par|[from] item: Leftovers
|turn|33
|
|move|p1a: Altaria|Frustration|p2a: Clefable
|-damage|p2a: Clefable|85\/394 par
|move|p2a: Clefable|Moonblast|p1a: Altaria
|-supereffective|p1a: Altaria
|-damage|p1a: Altaria|61\/354
|
|-heal|p2a: Clefable|109\/394 par|[from] item: Leftovers
|turn|34
|
|move|p1a: Altaria|Dragon Dance|p1a: Altaria
|-boost|p1a: Altaria|atk|1
|-boost|p1a: Altaria|spe|1
|move|p2a: Clefable|Moonblast|p1a: Altaria
|-supereffective|p1a: Altaria
|-damage|p1a: Altaria|0 fnt
|faint|p1a: Altaria
|
|-heal|p2a: Clefable|133\/394 par|[from] item: Leftovers
|-message|1800Rekt forfeited.
|
|win|Ugly Weirdo
|raw|Ladder updating...
|leave|1800Rekt
|player|p1
|raw|1800Rekt's rating: 1632 &rarr; <strong>1613<\/strong><br \/>(-19 for losing)
|raw|Ugly Weirdo's rating: 1653 &rarr; <strong>1672<\/strong><br \/>(+19 for winning)