|join|Ugly Weirdo
|join|le grind is real
|player|p1|Ugly Weirdo|42
|player|p2|le grind is real|126
|gametype|singles
|gen|6
|tier|OU
|rated
|clearpoke
|poke|p1|Sableye, M
|poke|p1|Tangrowth, F
|poke|p1|Skarmory, F
|poke|p1|Chansey, F
|poke|p1|Clefable, F, shiny
|poke|p1|Alomomola, F, shiny
|poke|p2|Lopunny, M
|poke|p2|Ferrothorn, M
|poke|p2|Landorus-Therian, M
|poke|p2|Latias, F
|poke|p2|Slowbro, F
|poke|p2|Raikou
|rule|Swagger Clause: Swagger is banned
|rule|Baton Pass Clause: Limit one Pokémon knowing Baton Pass
|rule|Sleep Clause Mod: Limit one foe put to sleep
|rule|Species Clause: Limit one of each Pokémon
|rule|OHKO Clause: OHKO moves are banned
|rule|Moody Clause: Moody is banned
|rule|Evasion Moves Clause: Evasion moves are banned
|rule|Endless Battle Clause: Forcing endless battles is banned
|rule|HP Percentage Mod: HP is shown in percentages
|teampreview
|
|start
|switch|p1a: Sableye|Sableye, M|304\/304
|switch|p2a: Latias|Latias, F|319\/319
|turn|1
|
|detailschange|p1a: Sableye|Sableye-Mega, M
|-mega|p1a: Sableye|Sableye|Sablenite
|move|p1a: Sableye|Calm Mind|p1a: Sableye
|-boost|p1a: Sableye|spa|1
|-boost|p1a: Sableye|spd|1
|move|p2a: Latias|Draco Meteor|p1a: Sableye|[miss]
|-miss|p2a: Latias|p1a: Sableye
|
|turn|2
|
|switch|p2a: Lopunny|Lopunny, M|271\/271
|switch|p1a: Clefable|Clefable, F, shiny|394\/394
|
|turn|3
|
|switch|p2a: Ferrothorn|Ferrothorn, M|352\/352
|move|p1a: Clefable|Moonblast|p2a: Ferrothorn
|-resisted|p2a: Ferrothorn
|-damage|p2a: Ferrothorn|311\/352
|
|-heal|p2a: Ferrothorn|333\/352|[from] item: Leftovers
|turn|4
|
|switch|p1a: Sableye|Sableye-Mega, M|304\/304
|move|p2a: Ferrothorn|Gyro Ball|p1a: Sableye
|-damage|p1a: Sableye|273\/304
|
|-heal|p2a: Ferrothorn|352\/352|[from] item: Leftovers
|turn|5
|
|switch|p2a: Raikou|Raikou|321\/321
|-ability|p2a: Raikou|Pressure
|move|p1a: Sableye|Will-O-Wisp|p2a: Raikou
|-status|p2a: Raikou|brn
|
|-damage|p2a: Raikou|281\/321 brn|[from] brn
|turn|6
|
|switch|p1a: Tangrowth|Tangrowth, F|404\/404
|move|p2a: Raikou|Volt Switch|p1a: Tangrowth
|-resisted|p1a: Tangrowth
|-damage|p1a: Tangrowth|357\/404
|
|switch|p2a: Lopunny|Lopunny, M|271\/271
|
|turn|7
|
|detailschange|p2a: Lopunny|Lopunny-Mega, M
|-mega|p2a: Lopunny|Lopunny|Lopunnite
|move|p2a: Lopunny|High Jump Kick|p1a: Tangrowth
|-damage|p1a: Tangrowth|174\/404
|move|p1a: Tangrowth|Giga Drain|p2a: Lopunny
|-damage|p2a: Lopunny|175\/271
|-heal|p1a: Tangrowth|222\/404|[from] drain|[of] p2a: Lopunny
|
|turn|8
|
|switch|p2a: Latias|Latias, F|319\/319
|move|p1a: Tangrowth|Giga Drain|p2a: Latias
|-resisted|p2a: Latias
|-damage|p2a: Latias|279\/319
|-heal|p1a: Tangrowth|242\/404|[from] drain|[of] p2a: Latias
|
|turn|9
|
|switch|p1a: Chansey|Chansey, F|703\/703
|move|p2a: Latias|Psyshock|p1a: Chansey
|-crit|p1a: Chansey
|-damage|p1a: Chansey|382\/703
|-damage|p2a: Latias|248\/319|[from] item: Life Orb
|
|turn|10
|
|switch|p2a: Lopunny|Lopunny-Mega, M|175\/271
|move|p1a: Chansey|Soft-Boiled|p1a: Chansey
|-heal|p1a: Chansey|703\/703
|
|turn|11
|
|switch|p1a: Skarmory|Skarmory, F|333\/333
|move|p2a: Lopunny|Power-Up Punch|p1a: Skarmory
|-damage|p1a: Skarmory|287\/333
|-damage|p2a: Lopunny|130\/271|[from] item: Rocky Helmet|[of] p1a: Skarmory
|-boost|p2a: Lopunny|atk|1
|
|turn|12
|
|switch|p2a: Raikou|Raikou|281\/321 brn
|-ability|p2a: Raikou|Pressure
|move|p1a: Skarmory|Counter|p2a: Raikou
|-fail|p2a: Raikou
|
|-damage|p2a: Raikou|241\/321 brn|[from] brn
|turn|13
|
|switch|p1a: Tangrowth|Tangrowth, F|376\/404
|move|p2a: Raikou|Volt Switch|p1a: Tangrowth
|-resisted|p1a: Tangrowth
|-damage|p1a: Tangrowth|334\/404
|
|switch|p2a: Ferrothorn|Ferrothorn, M|352\/352
|
|turn|14
|
|switch|p1a: Sableye|Sableye-Mega, M|273\/304
|switch|p2a: Lopunny|Lopunny-Mega, M|130\/271
|
|turn|15
|
|switch|p1a: Skarmory|Skarmory, F|287\/333
|move|p2a: Lopunny|High Jump Kick|p1a: Skarmory
|-damage|p1a: Skarmory|160\/333
|-damage|p2a: Lopunny|85\/271|[from] item: Rocky Helmet|[of] p1a: Skarmory
|
|turn|16
|
|move|p2a: Lopunny|Power-Up Punch|p1a: Skarmory
|-damage|p1a: Skarmory|117\/333
|-damage|p2a: Lopunny|40\/271|[from] item: Rocky Helmet|[of] p1a: Skarmory
|-boost|p2a: Lopunny|atk|1
|move|p1a: Skarmory|Roost|p1a: Skarmory
|-heal|p1a: Skarmory|284\/333
|
|turn|17
|
|move|p2a: Lopunny|Encore|p1a: Skarmory
|-start|p1a: Skarmory|Encore
|move|p1a: Skarmory|Roost|p1a: Skarmory
|-heal|p1a: Skarmory|333\/333
|
|turn|18
|
|switch|p1a: Clefable|Clefable, F, shiny|394\/394
|move|p2a: Lopunny|Power-Up Punch|p1a: Clefable
|-resisted|p1a: Clefable
|-damage|p1a: Clefable|363\/394
|-boost|p2a: Lopunny|atk|1
|
|-heal|p1a: Clefable|387\/394|[from] item: Leftovers
|turn|19
|
|move|p2a: Lopunny|High Jump Kick|p1a: Clefable
|-resisted|p1a: Clefable
|-damage|p1a: Clefable|282\/394
|move|p1a: Clefable|Flamethrower|p2a: Lopunny
|-damage|p2a: Lopunny|0 fnt
|faint|p2a: Lopunny
|
|-heal|p1a: Clefable|306\/394|[from] item: Leftovers
|-message|le grind is real forfeited.
|
|win|Ugly Weirdo
|raw|Ladder updating...
|leave|le grind is real
|player|p2
|raw|Ugly Weirdo's rating: 1441 &rarr; <strong>1461<\/strong><br \/>(+20 for winning)
|raw|le grind is real's rating: 1434 &rarr; <strong>1414<\/strong><br \/>(-20 for losing)