|join|Eevee in Hanada
|join|Meroz
|player|p1|Eevee in Hanada|102
|player|p2|Meroz|92
|gametype|singles
|gen|5
|tier|[Gen 5] OU
|rated
|rule|Evasion Abilities Clause: Evasion abilities are banned
|clearpoke
|poke|p1|Breloom, M
|poke|p1|Swampert, M
|poke|p1|Espeon, F
|poke|p1|Heatran, F
|poke|p1|Salamence, M
|poke|p1|Lucario, M
|poke|p2|Gengar, F
|poke|p2|Tyranitar, F
|poke|p2|Jirachi
|poke|p2|Jellicent, M
|poke|p2|Chansey, F
|poke|p2|Terrakion
|rule|Sleep Clause Mod: Limit one foe put to sleep
|rule|Species Clause: Limit one of each Pokémon
|rule|OHKO Clause: OHKO moves are banned
|rule|Moody Clause: Moody is banned
|rule|Evasion Moves Clause: Evasion moves are banned
|rule|Endless Battle Clause: Forcing endless battles is banned
|rule|HP Percentage Mod: HP is reported as percentages
|teampreview
|
|start
|switch|p1a: Swampert|Swampert, M|404\/404
|switch|p2a: Gengar|Gengar, F|262\/262
|turn|1
|
|move|p2a: Gengar|Substitute|p2a: Gengar
|-start|p2a: Gengar|Substitute
|-damage|p2a: Gengar|197\/262
|move|p1a: Swampert|Stealth Rock|p2a: Gengar
|-sidestart|p2: Meroz|move: Stealth Rock
|
|turn|2
|
|move|p2a: Gengar|Shadow Ball|p1a: Swampert
|-damage|p1a: Swampert|192\/404
|-damage|p2a: Gengar|171\/262|[from] item: Life Orb
|move|p1a: Swampert|Aqua Tail|p2a: Gengar
|-end|p2a: Gengar|Substitute
|
|-heal|p1a: Swampert|217\/404|[from] item: Leftovers
|turn|3
|
|move|p2a: Gengar|Shadow Ball|p1a: Swampert
|-damage|p1a: Swampert|38\/404
|-damage|p2a: Gengar|145\/262|[from] item: Life Orb
|move|p1a: Swampert|Aqua Tail|p2a: Gengar
|-damage|p2a: Gengar|0 fnt
|faint|p2a: Gengar
|
|-heal|p1a: Swampert|63\/404|[from] item: Leftovers
|
|switch|p2a: Tyranitar|Tyranitar, F|342\/342
|-damage|p2a: Tyranitar|300\/342|[from] Stealth Rock
|-weather|Sandstorm|[from] ability: Sand Stream|[of] p2a: Tyranitar
|turn|4
|
|move|p2a: Tyranitar|Crunch|p1a: Swampert
|-damage|p1a: Swampert|0 fnt
|faint|p1a: Swampert
|
|-weather|Sandstorm|[upkeep]
|
|switch|p1a: Breloom|Breloom, M|304\/304
|turn|5
|
|switch|p2a: Jirachi|Jirachi|397\/397
|-damage|p2a: Jirachi|373\/397|[from] Stealth Rock
|move|p1a: Breloom|Spore|p2a: Jirachi
|-status|p2a: Jirachi|slp
|
|-weather|Sandstorm|[upkeep]
|-damage|p1a: Breloom|285\/304|[from] sandstorm
|-heal|p2a: Jirachi|397\/397 slp|[from] item: Leftovers
|-status|p1a: Breloom|tox|[from] item: Toxic Orb
|turn|6
|
|switch|p2a: Jellicent|Jellicent, M|404\/404
|-damage|p2a: Jellicent|354\/404|[from] Stealth Rock
|move|p1a: Breloom|Substitute|p1a: Breloom
|-start|p1a: Breloom|Substitute
|-damage|p1a: Breloom|209\/304 tox
|
|-weather|Sandstorm|[upkeep]
|-damage|p1a: Breloom|190\/304 tox|[from] sandstorm
|-damage|p2a: Jellicent|329\/404|[from] sandstorm
|-heal|p2a: Jellicent|354\/404|[from] item: Leftovers
|-heal|p1a: Breloom|228\/304 tox|[from] ability: Poison Heal
|turn|7
|
|move|p1a: Breloom|Seed Bomb|p2a: Jellicent
|-supereffective|p2a: Jellicent
|-damage|p2a: Jellicent|0 fnt
|faint|p2a: Jellicent
|
|-weather|Sandstorm|[upkeep]
|-damage|p1a: Breloom|209\/304 tox|[from] sandstorm
|-heal|p1a: Breloom|247\/304 tox|[from] ability: Poison Heal
|
|switch|p2a: Tyranitar|Tyranitar, F|300\/342
|-damage|p2a: Tyranitar|258\/342|[from] Stealth Rock
|turn|8
|
|-singleturn|p1a: Breloom|move: Focus Punch
|move|p2a: Tyranitar|Superpower|p1a: Breloom
|-end|p1a: Breloom|Substitute
|-unboost|p2a: Tyranitar|atk|1
|-unboost|p2a: Tyranitar|def|1
|move|p1a: Breloom|Focus Punch|p2a: Tyranitar
|-supereffective|p2a: Tyranitar
|-damage|p2a: Tyranitar|0 fnt
|faint|p2a: Tyranitar
|
|-weather|Sandstorm|[upkeep]
|-damage|p1a: Breloom|228\/304 tox|[from] sandstorm
|-heal|p1a: Breloom|266\/304 tox|[from] ability: Poison Heal
|
|switch|p2a: Terrakion|Terrakion|323\/323
|-damage|p2a: Terrakion|303\/323|[from] Stealth Rock
|turn|9
|
|switch|p1a: Espeon|Espeon, F|272\/272
|move|p2a: Terrakion|Close Combat|p1a: Espeon
|-resisted|p1a: Espeon
|-damage|p1a: Espeon|52\/272
|-unboost|p2a: Terrakion|def|1
|-unboost|p2a: Terrakion|spd|1
|-damage|p2a: Terrakion|271\/323|[from] item: Life Orb
|
|-weather|Sandstorm|[upkeep]
|-damage|p1a: Espeon|35\/272|[from] sandstorm
|turn|10
|
|switch|p2a: Jirachi|Jirachi|397\/397 slp
|-damage|p2a: Jirachi|373\/397 slp|[from] Stealth Rock
|move|p1a: Espeon|Trick|p2a: Jirachi
|-activate|p1a: Espeon|move: Trick|[of] p2a: Jirachi
|-item|p2a: Jirachi|Choice Specs|[from] move: Trick
|-item|p1a: Espeon|Leftovers|[from] move: Trick
|
|-weather|Sandstorm|[upkeep]
|-damage|p1a: Espeon|18\/272|[from] sandstorm
|-heal|p1a: Espeon|35\/272|[from] item: Leftovers
|turn|11
|
|switch|p1a: Heatran|Heatran, F|386\/386
|cant|p2a: Jirachi|slp
|
|-weather|Sandstorm|[upkeep]
|turn|12
|
|cant|p2a: Jirachi|slp
|move|p1a: Heatran|Earth Power|p2a: Jirachi
|-supereffective|p2a: Jirachi
|-damage|p2a: Jirachi|175\/397 slp
|
|-weather|Sandstorm|[upkeep]
|turn|13
|
|cant|p2a: Jirachi|slp
|move|p1a: Heatran|Lava Plume|p2a: Jirachi
|-supereffective|p2a: Jirachi
|-damage|p2a: Jirachi|0 fnt
|faint|p2a: Jirachi
|
|-weather|Sandstorm|[upkeep]
|
|switch|p2a: Chansey|Chansey, F|704\/704
|-damage|p2a: Chansey|616\/704|[from] Stealth Rock
|turn|14
|
|switch|p1a: Espeon|Espeon, F|35\/272
|switch|p2a: Terrakion|Terrakion|271\/323
|-damage|p2a: Terrakion|251\/323|[from] Stealth Rock
|
|-weather|Sandstorm|[upkeep]
|-damage|p1a: Espeon|18\/272|[from] sandstorm
|-heal|p1a: Espeon|35\/272|[from] item: Leftovers
|turn|15
|
|switch|p2a: Chansey|Chansey, F|616\/704
|-damage|p2a: Chansey|528\/704|[from] Stealth Rock
|move|p1a: Espeon|Psyshock|p2a: Chansey
|-damage|p2a: Chansey|347\/704
|
|-weather|Sandstorm|[upkeep]
|-damage|p1a: Espeon|18\/272|[from] sandstorm
|-damage|p2a: Chansey|303\/704|[from] sandstorm
|-heal|p1a: Espeon|35\/272|[from] item: Leftovers
|turn|16
|
|move|p1a: Espeon|Psyshock|p2a: Chansey
|-damage|p2a: Chansey|113\/704
|move|p2a: Chansey|Soft-Boiled|p2a: Chansey
|-heal|p2a: Chansey|465\/704
|
|-weather|Sandstorm|[upkeep]
|-damage|p1a: Espeon|18\/272|[from] sandstorm
|-damage|p2a: Chansey|421\/704|[from] sandstorm
|-heal|p1a: Espeon|35\/272|[from] item: Leftovers
|turn|17
|
|move|p1a: Espeon|Psyshock|p2a: Chansey
|-damage|p2a: Chansey|247\/704
|move|p2a: Chansey|Seismic Toss|p1a: Espeon
|-damage|p1a: Espeon|0 fnt
|faint|p1a: Espeon
|
|-weather|Sandstorm|[upkeep]
|-damage|p2a: Chansey|203\/704|[from] sandstorm
|
|switch|p1a: Breloom|Breloom, M|266\/304 tox
|turn|18
|
|move|p1a: Breloom|Spore|p2a: Chansey
|-status|p2a: Chansey|slp
|cant|p2a: Chansey|slp
|
|-weather|Sandstorm|[upkeep]
|-damage|p1a: Breloom|247\/304 tox|[from] sandstorm
|-damage|p2a: Chansey|159\/704 slp|[from] sandstorm
|-heal|p1a: Breloom|285\/304 tox|[from] ability: Poison Heal
|turn|19
|
|move|p1a: Breloom|Substitute|p1a: Breloom
|-start|p1a: Breloom|Substitute
|-damage|p1a: Breloom|209\/304 tox
|cant|p2a: Chansey|slp
|
|-weather|Sandstorm|[upkeep]
|-damage|p1a: Breloom|190\/304 tox|[from] sandstorm
|-damage|p2a: Chansey|115\/704 slp|[from] sandstorm
|-heal|p1a: Breloom|228\/304 tox|[from] ability: Poison Heal
|turn|20
|
|move|p1a: Breloom|Seed Bomb|p2a: Chansey
|-damage|p2a: Chansey|0 fnt
|faint|p2a: Chansey
|
|-weather|Sandstorm|[upkeep]
|-damage|p1a: Breloom|209\/304 tox|[from] sandstorm
|-heal|p1a: Breloom|247\/304 tox|[from] ability: Poison Heal
|
|switch|p2a: Terrakion|Terrakion|251\/323
|-damage|p2a: Terrakion|231\/323|[from] Stealth Rock
|turn|21
|chat|Eevee in Hanada|gg
|
|-singleturn|p1a: Breloom|move: Focus Punch
|move|p2a: Terrakion|Close Combat|p1a: Breloom
|-end|p1a: Breloom|Substitute
|-unboost|p2a: Terrakion|def|1
|-unboost|p2a: Terrakion|spd|1
|-damage|p2a: Terrakion|199\/323|[from] item: Life Orb
|move|p1a: Breloom|Focus Punch|p2a: Terrakion
|-supereffective|p2a: Terrakion
|-damage|p2a: Terrakion|0 fnt
|faint|p2a: Terrakion
|
|win|Eevee in Hanada
|raw|Ladder updating...
|raw|Eevee in Hanada's rating: 1310 &rarr; <strong>1317<\/strong><br \/>(+7 for winning)
|raw|Meroz's rating: 1040 &rarr; <strong>1034<\/strong><br \/>(-6 for losing)
|chat|Meroz|gg
|leave|Meroz
|player|p2