|join|SoulDewYT
|join|Meroz
|player|p1|SoulDewYT|140
|player|p2|Meroz|64
|gametype|singles
|gen|6
|tier|OU
|rated
|clearpoke
|poke|p1|Machamp, M, shiny
|poke|p1|Gengar, F
|poke|p1|Alakazam, F
|poke|p1|Blastoise, M, shiny
|poke|p1|Charizard, M, shiny
|poke|p1|Tauros, M
|poke|p2|Charizard, M
|poke|p2|Tyranitar, M
|poke|p2|Latios, M
|poke|p2|Ferrothorn, F
|poke|p2|Heatran, F
|poke|p2|Azumarill, M
|rule|Swagger Clause: Swagger is banned
|rule|Baton Pass Clause: Limit one Pokémon knowing Baton Pass
|rule|Sleep Clause Mod: Limit one foe put to sleep
|rule|Species Clause: Limit one of each Pokémon
|rule|OHKO Clause: OHKO moves are banned
|rule|Moody Clause: Moody is banned
|rule|Evasion Moves Clause: Evasion moves are banned
|rule|Endless Battle Clause: Forcing endless battles is banned
|rule|HP Percentage Mod: HP is shown in percentages
|teampreview
|
|start
|switch|p1a: Machamp|Machamp, M, shiny|321\/321
|switch|p2a: Charizard|Charizard, M|297\/297
|turn|1
|
|detailschange|p2a: Charizard|Charizard-Mega-Y, M
|-mega|p2a: Charizard|Charizard|Charizardite Y
|-weather|SunnyDay
|move|p1a: Machamp|Dual Chop|p2a: Charizard
|-damage|p2a: Charizard|238\/297
|-damage|p2a: Charizard|181\/297
|-hitcount|p2a: Charizard|2
|move|p2a: Charizard|Flamethrower|p1a: Machamp
|-damage|p1a: Machamp|5\/321
|
|-weather|SunnyDay|[upkeep]
|turn|2
|
|switch|p1a: Charizard|Charizard, M, shiny|333\/333
|switch|p2a: Ferrothorn|Ferrothorn, F|352\/352
|
|-weather|SunnyDay|[upkeep]
|turn|3
|
|switch|p2a: Latios|Latios, M|301\/301
|move|p1a: Charizard|Dragon Dance|p1a: Charizard
|-boost|p1a: Charizard|atk|1
|-boost|p1a: Charizard|spe|1
|
|-weather|SunnyDay|[upkeep]
|turn|4
|
|switch|p2a: Heatran|Heatran, F|385\/385
|-item|p2a: Heatran|Air Balloon
|detailschange|p1a: Charizard|Charizard-Mega-X, M, shiny
|-mega|p1a: Charizard|Charizard|Charizardite X
|move|p1a: Charizard|Dragon Claw|p2a: Heatran
|-crit|p2a: Heatran
|-resisted|p2a: Heatran
|-damage|p2a: Heatran|172\/385
|-enditem|p2a: Heatran|Air Balloon
|
|-weather|SunnyDay|[upkeep]
|turn|5
|
|move|p1a: Charizard|Dragon Dance|p1a: Charizard
|-boost|p1a: Charizard|atk|1
|-boost|p1a: Charizard|spe|1
|move|p2a: Heatran|Stealth Rock|p1a: Charizard
|-sidestart|p1: SoulDewYT|move: Stealth Rock
|
|-weather|none
|turn|6
|
|switch|p2a: Azumarill|Azumarill, M|404\/404
|move|p1a: Charizard|Dragon Claw|p2a: Azumarill
|-immune|p2a: Azumarill|[msg]
|
|turn|7
|
|move|p1a: Charizard|Flare Blitz|p2a: Azumarill
|-resisted|p2a: Azumarill
|-damage|p2a: Azumarill|38\/404
|-status|p2a: Azumarill|brn
|-damage|p1a: Charizard|212\/333|[from] recoil|[of] p2a: Azumarill
|move|p2a: Azumarill|Waterfall|p1a: Charizard
|-damage|p1a: Charizard|130\/333
|
|-damage|p2a: Azumarill|0 fnt|[from] brn
|faint|p2a: Azumarill
|
|switch|p2a: Ferrothorn|Ferrothorn, F|352\/352
|turn|8
|c|★SoulDewYT|Woooh!!
|
|move|p1a: Charizard|Roost|p1a: Charizard
|-heal|p1a: Charizard|297\/333
|move|p2a: Ferrothorn|Leech Seed|p1a: Charizard
|-start|p1a: Charizard|move: Leech Seed
|
|-damage|p1a: Charizard|256\/333|[from] Leech Seed|[of] p2a: Ferrothorn
|turn|9
|
|move|p1a: Charizard|Dragon Dance|p1a: Charizard
|-boost|p1a: Charizard|atk|1
|-boost|p1a: Charizard|spe|1
|move|p2a: Ferrothorn|Gyro Ball|p1a: Charizard
|-resisted|p1a: Charizard
|-damage|p1a: Charizard|184\/333
|
|-damage|p1a: Charizard|143\/333|[from] Leech Seed|[of] p2a: Ferrothorn
|turn|10
|
|move|p1a: Charizard|Roost|p1a: Charizard
|-heal|p1a: Charizard|310\/333
|move|p2a: Ferrothorn|Spikes|p1a: Charizard
|-sidestart|p1: SoulDewYT|Spikes
|
|-damage|p1a: Charizard|269\/333|[from] Leech Seed|[of] p2a: Ferrothorn
|turn|11
|
|move|p2a: Ferrothorn|Protect|p2a: Ferrothorn
|-singleturn|p2a: Ferrothorn|Protect
|move|p1a: Charizard|Flare Blitz|p2a: Ferrothorn
|-activate|p2a: Ferrothorn|Protect
|
|-damage|p1a: Charizard|228\/333|[from] Leech Seed|[of] p2a: Ferrothorn
|turn|12
|
|switch|p2a: Heatran|Heatran, F|172\/385
|move|p1a: Charizard|Flare Blitz|p2a: Heatran
|-start|p2a: Heatran|ability: Flash Fire
|
|-damage|p1a: Charizard|187\/333|[from] Leech Seed|[of] p2a: Heatran
|-heal|p2a: Heatran|213\/385|[silent]
|turn|13
|
|move|p1a: Charizard|Dragon Claw|p2a: Heatran
|-resisted|p2a: Heatran
|-damage|p2a: Heatran|0 fnt
|faint|p2a: Heatran
|
|
|switch|p2a: Ferrothorn|Ferrothorn, F|352\/352
|turn|14
|
|move|p1a: Charizard|Roost|p1a: Charizard
|-heal|p1a: Charizard|333\/333
|move|p2a: Ferrothorn|Gyro Ball|p1a: Charizard
|-resisted|p1a: Charizard
|-damage|p1a: Charizard|257\/333
|
|-damage|p1a: Charizard|216\/333|[from] Leech Seed|[of] p2a: Ferrothorn
|turn|15
|
|move|p1a: Charizard|Flare Blitz|p2a: Ferrothorn
|-crit|p2a: Ferrothorn
|-supereffective|p2a: Ferrothorn
|-damage|p2a: Ferrothorn|0 fnt
|-damage|p1a: Charizard|175\/333|[from] ability: Iron Barbs|[of] p2a: Ferrothorn
|-damage|p1a: Charizard|59\/333|[from] recoil|[of] p2a: Ferrothorn
|faint|p2a: Ferrothorn
|
|-message|Meroz forfeited.
|leave|Meroz
|
|win|SoulDewYT
|raw|Ladder updating...
|raw|SoulDewYT's rating: 1261 &rarr; <strong>1284<\/strong><br \/>(+23 for winning)
|raw|Meroz's rating: 1236 &rarr; <strong>1213<\/strong><br \/>(-23 for losing)
|player|p2