|join|tuRk.jpg
|join|Emblema de Fuego
|player|p1|tuRk.jpg|115
|player|p2|Emblema de Fuego|289
|gametype|singles
|gen|6
|tier|UU
|rated
|rule|Sleep Clause Mod: Limit one foe put to sleep
|rule|Species Clause: Limit one of each Pokémon
|rule|OHKO Clause: OHKO moves are banned
|rule|Moody Clause: Moody is banned
|rule|Evasion Moves Clause: Evasion moves are banned
|rule|Endless Battle Clause: Forcing endless battles is banned
|rule|HP Percentage Mod: HP is shown in percentages
|clearpoke
|poke|p1|Sceptile, F
|poke|p1|Jirachi
|poke|p1|Krookodile, F
|poke|p1|Toxicroak, M
|poke|p1|Rotom-Heat
|poke|p1|Doublade, F
|poke|p2|Absol, F
|poke|p2|Fletchinder, F, shiny
|poke|p2|Donphan, M
|poke|p2|Uxie
|poke|p2|Raikou, shiny
|poke|p2|Seismitoad, M
|rule|Swagger Clause: Swagger is banned
|rule|Baton Pass Clause: Limit one Pokémon knowing Baton Pass
|teampreview
|
|start
|switch|p1a: Rotom-Heat|Rotom-Heat|304\/304
|switch|p2a: Angela|Absol, F|271\/271
|-ability|p2a: Angela|Pressure
|turn|1
|
|detailschange|p2a: Angela|Absol-Mega, F
|-mega|p2a: Angela|Absol|Absolite
|move|p2a: Angela|Protect|p2a: Angela
|-singleturn|p2a: Angela|Protect
|move|p1a: Rotom-Heat|Overheat|p2a: Angela
|-activate|p2a: Angela|Protect
|
|turn|2
|
|switch|p2a: Uzzzi|Uxie|353\/353
|move|p1a: Rotom-Heat|Overheat|p2a: Uzzzi
|-damage|p2a: Uzzzi|235\/353
|-unboost|p1a: Rotom-Heat|spa|2
|
|-heal|p2a: Uzzzi|257\/353|[from] item: Leftovers
|turn|3
|
|move|p1a: Rotom-Heat|Will-O-Wisp|p2a: Uzzzi
|-status|p2a: Uzzzi|brn
|move|p2a: Uzzzi|Stealth Rock|p1a: Rotom-Heat
|-sidestart|p1: tuRk.jpg|move: Stealth Rock
|
|-heal|p2a: Uzzzi|279\/353 brn|[from] item: Leftovers
|-damage|p2a: Uzzzi|235\/353 brn|[from] brn
|turn|4
|
|move|p1a: Rotom-Heat|Volt Switch|p2a: Uzzzi
|-damage|p2a: Uzzzi|202\/353 brn
|
|switch|p1a: Doublade|Doublade, F|312\/312
|-damage|p1a: Doublade|293\/312|[from] Stealth Rock
|move|p2a: Uzzzi|Yawn|p1a: Doublade
|-start|p1a: Doublade|move: Yawn|[of] p2a: Uzzzi
|
|-heal|p2a: Uzzzi|224\/353 brn|[from] item: Leftovers
|-damage|p2a: Uzzzi|180\/353 brn|[from] brn
|turn|5
|
|switch|p1a: Rotom-Heat|Rotom-Heat|304\/304
|-damage|p1a: Rotom-Heat|228\/304|[from] Stealth Rock
|move|p2a: Uzzzi|U-turn|p1a: Rotom-Heat
|-resisted|p1a: Rotom-Heat
|-damage|p1a: Rotom-Heat|218\/304
|
|switch|p2a: Seismitoad|Seismitoad, M|405\/405
|
|-heal|p1a: Rotom-Heat|237\/304|[from] item: Leftovers
|turn|6
|
|move|p2a: Seismitoad|Substitute|p2a: Seismitoad
|-start|p2a: Seismitoad|Substitute
|-damage|p2a: Seismitoad|304\/405
|move|p1a: Rotom-Heat|Will-O-Wisp|p2a: Seismitoad
|
|-heal|p2a: Seismitoad|329\/405|[from] item: Leftovers
|-heal|p1a: Rotom-Heat|256\/304|[from] item: Leftovers
|turn|7
|
|switch|p1a: Sceptile|Sceptile, F|281\/281
|-damage|p1a: Sceptile|246\/281|[from] Stealth Rock
|move|p2a: Seismitoad|Infestation|p1a: Sceptile
|-supereffective|p1a: Sceptile
|-damage|p1a: Sceptile|214\/281
|-activate|p1a: Sceptile|move: Infestation|[of] p2a: Seismitoad
|
|-heal|p2a: Seismitoad|354\/405|[from] item: Leftovers
|-damage|p1a: Sceptile|179\/281|[from] move: Infestation|[partiallytrapped]
|turn|8
|
|-singleturn|p2a: Seismitoad|move: Focus Punch
|detailschange|p1a: Sceptile|Sceptile-Mega, F
|-mega|p1a: Sceptile|Sceptile|Sceptilite
|move|p1a: Sceptile|Dragon Pulse|p2a: Seismitoad
|-end|p2a: Seismitoad|Substitute
|move|p2a: Seismitoad|Focus Punch|p1a: Sceptile
|-damage|p1a: Sceptile|28\/281
|
|-heal|p2a: Seismitoad|379\/405|[from] item: Leftovers
|-damage|p1a: Sceptile|0 fnt|[from] move: Infestation|[partiallytrapped]
|faint|p1a: Sceptile
|
|switch|p1a: Toxicroak|Toxicroak, M|307\/307
|-damage|p1a: Toxicroak|288\/307|[from] Stealth Rock
|turn|9
|
|move|p1a: Toxicroak|Drain Punch|p2a: Seismitoad
|-crit|p2a: Seismitoad
|-damage|p2a: Seismitoad|118\/405
|-heal|p1a: Toxicroak|307\/307|[from] drain|[of] p2a: Seismitoad
|-damage|p1a: Toxicroak|277\/307|[from] item: Life Orb
|move|p2a: Seismitoad|Earthquake|p1a: Toxicroak
|-supereffective|p1a: Toxicroak
|-damage|p1a: Toxicroak|0 fnt
|faint|p1a: Toxicroak
|
|-heal|p2a: Seismitoad|143\/405|[from] item: Leftovers
|
|switch|p1a: Krookodile|Krookodile, F|331\/331
|-damage|p1a: Krookodile|311\/331|[from] Stealth Rock
|-ability|p1a: Krookodile|Intimidate|[of] p2a: Seismitoad
|-unboost|p2a: Seismitoad|atk|1
|turn|10
|
|switch|p2a: Rodolfo|Donphan, M|383\/383
|move|p1a: Krookodile|Knock Off|p2a: Rodolfo
|-damage|p2a: Rodolfo|245\/383
|-enditem|p2a: Rodolfo|Leftovers|[from] move: Knock Off|[of] p1a: Krookodile
|-damage|p1a: Krookodile|278\/331|[from] item: Life Orb
|
|turn|11
|
|move|p1a: Krookodile|Stealth Rock|p2a: Rodolfo
|-sidestart|p2: Emblema de Fuego|move: Stealth Rock
|move|p2a: Rodolfo|Earthquake|p1a: Krookodile
|-damage|p1a: Krookodile|142\/331
|
|turn|12
|
|switch|p1a: Doublade|Doublade, F|293\/312
|-damage|p1a: Doublade|274\/312|[from] Stealth Rock
|move|p2a: Rodolfo|Rapid Spin|p1a: Doublade
|-immune|p1a: Doublade|[msg]
|
|turn|13
|
|move|p2a: Rodolfo|Knock Off|p1a: Doublade
|-supereffective|p1a: Doublade
|-damage|p1a: Doublade|196\/312
|-enditem|p1a: Doublade|Eviolite|[from] move: Knock Off|[of] p2a: Rodolfo
|move|p1a: Doublade|Swords Dance|p1a: Doublade
|-boost|p1a: Doublade|atk|2
|
|turn|14
|
|move|p2a: Rodolfo|Earthquake|p1a: Doublade
|-supereffective|p1a: Doublade
|-damage|p1a: Doublade|0 fnt
|faint|p1a: Doublade
|
|
|switch|p1a: Rotom-Heat|Rotom-Heat|256\/304
|-damage|p1a: Rotom-Heat|180\/304|[from] Stealth Rock
|turn|15
|
|move|p1a: Rotom-Heat|Overheat|p2a: Rodolfo
|-crit|p2a: Rodolfo
|-damage|p2a: Rodolfo|0 fnt
|-unboost|p1a: Rotom-Heat|spa|2
|faint|p2a: Rodolfo
|
|-heal|p1a: Rotom-Heat|199\/304|[from] item: Leftovers
|c|★Emblema de Fuego|comon!
|
|switch|p2a: Musho|Raikou, shiny|321\/321
|-damage|p2a: Musho|281\/321|[from] Stealth Rock
|-ability|p2a: Musho|Pressure
|turn|16
|
|move|p2a: Musho|Substitute|p2a: Musho
|-start|p2a: Musho|Substitute
|-damage|p2a: Musho|201\/321
|move|p1a: Rotom-Heat|Will-O-Wisp|p2a: Musho
|
|-heal|p2a: Musho|221\/321|[from] item: Leftovers
|-heal|p1a: Rotom-Heat|218\/304|[from] item: Leftovers
|turn|17
|
|move|p2a: Musho|Calm Mind|p2a: Musho
|-boost|p2a: Musho|spa|1
|-boost|p2a: Musho|spd|1
|move|p1a: Rotom-Heat|Volt Switch|p2a: Musho
|-resisted|p2a: Musho
|-activate|p2a: Musho|Substitute|[damage]
|
|switch|p1a: Jirachi|Jirachi|341\/341
|-damage|p1a: Jirachi|320\/341|[from] Stealth Rock
|
|-heal|p2a: Musho|241\/321|[from] item: Leftovers
|turn|18
|
|move|p1a: Jirachi|U-turn|p2a: Musho
|-end|p2a: Musho|Substitute
|
|switch|p1a: Rotom-Heat|Rotom-Heat|218\/304
|-damage|p1a: Rotom-Heat|142\/304|[from] Stealth Rock
|move|p2a: Musho|Thunderbolt|p1a: Rotom-Heat
|-resisted|p1a: Rotom-Heat
|-damage|p1a: Rotom-Heat|31\/304
|
|-heal|p2a: Musho|261\/321|[from] item: Leftovers
|-heal|p1a: Rotom-Heat|50\/304|[from] item: Leftovers
|turn|19
|
|move|p2a: Musho|Substitute|p2a: Musho
|-start|p2a: Musho|Substitute
|-damage|p2a: Musho|181\/321
|move|p1a: Rotom-Heat|Overheat|p2a: Musho
|-end|p2a: Musho|Substitute
|-unboost|p1a: Rotom-Heat|spa|2
|
|-heal|p2a: Musho|201\/321|[from] item: Leftovers
|-heal|p1a: Rotom-Heat|69\/304|[from] item: Leftovers
|turn|20
|
|move|p2a: Musho|Substitute|p2a: Musho
|-start|p2a: Musho|Substitute
|-damage|p2a: Musho|121\/321
|move|p1a: Rotom-Heat|Overheat|p2a: Musho
|-activate|p2a: Musho|Substitute|[damage]
|-unboost|p1a: Rotom-Heat|spa|2
|
|-heal|p2a: Musho|141\/321|[from] item: Leftovers
|-heal|p1a: Rotom-Heat|88\/304|[from] item: Leftovers
|turn|21
|
|move|p2a: Musho|Thunderbolt|p1a: Rotom-Heat
|-resisted|p1a: Rotom-Heat
|-damage|p1a: Rotom-Heat|0 fnt
|faint|p1a: Rotom-Heat
|
|-heal|p2a: Musho|161\/321|[from] item: Leftovers
|
|switch|p1a: Jirachi|Jirachi|320\/341
|-damage|p1a: Jirachi|299\/341|[from] Stealth Rock
|turn|22
|
|move|p1a: Jirachi|Iron Head|p2a: Musho
|-crit|p2a: Musho
|-resisted|p2a: Musho
|-end|p2a: Musho|Substitute
|move|p2a: Musho|Substitute|p2a: Musho
|-start|p2a: Musho|Substitute
|-damage|p2a: Musho|81\/321
|
|-heal|p2a: Musho|101\/321|[from] item: Leftovers
|turn|23
|
|move|p1a: Jirachi|Iron Head|p2a: Musho
|-resisted|p2a: Musho
|-activate|p2a: Musho|Substitute|[damage]
|move|p2a: Musho|Thunderbolt|p1a: Jirachi
|-damage|p1a: Jirachi|67\/341
|
|-heal|p2a: Musho|121\/321|[from] item: Leftovers
|turn|24
|
|move|p1a: Jirachi|Iron Head|p2a: Musho
|-resisted|p2a: Musho
|-end|p2a: Musho|Substitute
|move|p2a: Musho|Thunderbolt|p1a: Jirachi
|-damage|p1a: Jirachi|0 fnt
|faint|p1a: Jirachi
|
|-heal|p2a: Musho|141\/321|[from] item: Leftovers
|c|★Emblema de Fuego|gg
|c|★tuRk.jpg|gg
|-message|tuRk.jpg forfeited.
|
|win|Emblema de Fuego
|raw|Ladder updating...
|raw|tuRk.jpg's rating: 1438 &rarr; <strong>1416<\/strong><br \/>(-22 for losing)
|raw|Emblema de Fuego's rating: 1411 &rarr; <strong>1432<\/strong><br \/>(+21 for winning)
|leave|tuRk.jpg
|player|p1