|join|ablert enistein
|join|The Last Hero
|player|p1|ablert enistein|183
|player|p2|The Last Hero|54
|gametype|singles
|gen|6
|tier|UU
|rated
|rule|Sleep Clause Mod: Limit one foe put to sleep
|rule|Species Clause: Limit one of each Pokémon
|rule|OHKO Clause: OHKO moves are banned
|rule|Moody Clause: Moody is banned
|rule|Evasion Moves Clause: Evasion moves are banned
|rule|Endless Battle Clause: Forcing endless battles is banned
|rule|HP Percentage Mod: HP is shown in percentages
|clearpoke
|poke|p1|Reuniclus, M
|poke|p1|Machamp, M
|poke|p1|Hippowdon, F
|poke|p1|Hydreigon, M
|poke|p1|Jirachi
|poke|p1|Blastoise, F
|poke|p2|Sharpedo, M
|poke|p2|Entei, shiny
|poke|p2|Nidoqueen, F
|poke|p2|Rotom-Mow
|poke|p2|Snorlax, M
|poke|p2|Slurpuff, M
|rule|Swagger Clause: Swagger is banned
|rule|Baton Pass Clause: Limit one Pokémon knowing Baton Pass
|teampreview
|
|start
|switch|p1a: Jewrachi|Jirachi|341\/341
|switch|p2a: Entei|Entei, shiny|371\/371
|-ability|p2a: Entei|Pressure
|turn|1
|
|move|p1a: Jewrachi|U-turn|p2a: Entei
|-resisted|p2a: Entei
|-damage|p2a: Entei|334\/371
|
|switch|p1a: Little Boy|Blastoise, F|345\/345
|move|p2a: Entei|Sacred Fire|p1a: Little Boy
|-resisted|p1a: Little Boy
|-damage|p1a: Little Boy|203\/345
|-status|p1a: Little Boy|brn
|
|-damage|p1a: Little Boy|160\/345 brn|[from] brn
|turn|2
|
|switch|p2a: Cortacabezas|Rotom-Mow|241\/241
|detailschange|p1a: Little Boy|Blastoise-Mega, F
|-mega|p1a: Little Boy|Blastoise|Blastoisinite
|move|p1a: Little Boy|Dragon Pulse|p2a: Cortacabezas
|-damage|p2a: Cortacabezas|81\/241
|
|-damage|p1a: Little Boy|117\/345 brn|[from] brn
|turn|3
|
|switch|p1a: Daemon Blackfyre|Hydreigon, M|337\/337
|move|p2a: Cortacabezas|Volt Switch|p1a: Daemon Blackfyre
|-crit|p1a: Daemon Blackfyre
|-resisted|p1a: Daemon Blackfyre
|-damage|p1a: Daemon Blackfyre|255\/337
|
|switch|p2a: Azucar|Slurpuff, M|316\/316
|
|-heal|p1a: Daemon Blackfyre|276\/337|[from] item: Leftovers
|turn|4
|
|move|p1a: Daemon Blackfyre|Taunt|p2a: Azucar
|-start|p2a: Azucar|move: Taunt
|cant|p2a: Azucar|move: Taunt|Substitute
|
|-heal|p1a: Daemon Blackfyre|297\/337|[from] item: Leftovers
|turn|5
|
|switch|p1a: Jewrachi|Jirachi|341\/341
|move|p2a: Azucar|Drain Punch|p1a: Jewrachi
|-damage|p1a: Jewrachi|271\/341
|
|turn|6
|
|move|p1a: Jewrachi|Iron Head|p2a: Azucar
|-supereffective|p2a: Azucar
|-damage|p2a: Azucar|34\/316
|-enditem|p2a: Azucar|Sitrus Berry|[eat]
|-heal|p2a: Azucar|113\/316|[from] item: Sitrus Berry
|move|p2a: Azucar|Drain Punch|p1a: Jewrachi
|-damage|p1a: Jewrachi|201\/341
|-heal|p2a: Azucar|148\/316|[from] drain|[of] p1a: Jewrachi
|
|-end|p2a: Azucar|move: Taunt
|turn|7
|
|switch|p2a: Entei|Entei, shiny|334\/371
|-ability|p2a: Entei|Pressure
|move|p1a: Jewrachi|Iron Head|p2a: Entei
|-resisted|p2a: Entei
|-damage|p2a: Entei|271\/371
|
|turn|8
|
|move|p1a: Jewrachi|Iron Head|p2a: Entei
|-resisted|p2a: Entei
|-damage|p2a: Entei|205\/371
|cant|p2a: Entei|flinch
|
|turn|9
|
|move|p1a: Jewrachi|Iron Head|p2a: Entei
|-resisted|p2a: Entei
|-damage|p2a: Entei|131\/371
|cant|p2a: Entei|flinch
|
|turn|10
|
|switch|p1a: Little Boy|Blastoise-Mega, F|117\/345 brn
|move|p2a: Entei|Sacred Fire|p1a: Little Boy
|-resisted|p1a: Little Boy
|-damage|p1a: Little Boy|2\/345 brn
|
|-damage|p1a: Little Boy|0 fnt|[from] brn
|faint|p1a: Little Boy
|
|switch|p1a: Daemon Blackfyre|Hydreigon, M|297\/337
|turn|11
|
|switch|p2a: Azucar|Slurpuff, M|148\/316
|move|p1a: Daemon Blackfyre|Dark Pulse|p2a: Azucar
|-resisted|p2a: Azucar
|-damage|p2a: Azucar|64\/316
|
|-heal|p1a: Daemon Blackfyre|318\/337|[from] item: Leftovers
|turn|12
|
|move|p1a: Daemon Blackfyre|Dark Pulse|p2a: Azucar
|-resisted|p2a: Azucar
|-damage|p2a: Azucar|0 fnt
|faint|p2a: Azucar
|
|-heal|p1a: Daemon Blackfyre|337\/337|[from] item: Leftovers
|
|switch|p2a: Fat|Snorlax, M|461\/461
|turn|13
|
|move|p1a: Daemon Blackfyre|Taunt|p2a: Fat
|-start|p2a: Fat|move: Taunt
|move|p2a: Fat|Body Slam|p1a: Daemon Blackfyre
|-crit|p1a: Daemon Blackfyre
|-damage|p1a: Daemon Blackfyre|96\/337
|-status|p1a: Daemon Blackfyre|par
|
|-heal|p1a: Daemon Blackfyre|117\/337 par|[from] item: Leftovers
|turn|14
|
|switch|p1a: Muhammad Ali|Machamp, M|343\/343
|move|p2a: Fat|Body Slam|p1a: Muhammad Ali
|-damage|p1a: Muhammad Ali|159\/343
|-status|p1a: Muhammad Ali|par
|
|turn|15
|
|switch|p1a: Hoes In Real Life|Hippowdon, F|420\/420
|-weather|Sandstorm
|move|p2a: Fat|Body Slam|p1a: Hoes In Real Life
|-damage|p1a: Hoes In Real Life|288\/420
|
|-weather|Sandstorm|[upkeep]
|-damage|p2a: Fat|433\/461|[from] sandstorm
|-heal|p1a: Hoes In Real Life|314\/420|[from] item: Leftovers
|-end|p2a: Fat|move: Taunt
|turn|16
|
|move|p1a: Hoes In Real Life|Stealth Rock|p2a: Fat
|-sidestart|p2: The Last Hero|move: Stealth Rock
|move|p2a: Fat|Body Slam|p1a: Hoes In Real Life
|-damage|p1a: Hoes In Real Life|188\/420
|
|-weather|Sandstorm|[upkeep]
|-damage|p2a: Fat|405\/461|[from] sandstorm
|-heal|p1a: Hoes In Real Life|214\/420|[from] item: Leftovers
|turn|17
|
|move|p1a: Hoes In Real Life|Slack Off|p1a: Hoes In Real Life
|-heal|p1a: Hoes In Real Life|420\/420
|move|p2a: Fat|Body Slam|p1a: Hoes In Real Life
|-damage|p1a: Hoes In Real Life|294\/420
|
|-weather|Sandstorm|[upkeep]
|-damage|p2a: Fat|377\/461|[from] sandstorm
|-heal|p1a: Hoes In Real Life|320\/420|[from] item: Leftovers
|turn|18
|
|move|p1a: Hoes In Real Life|Earthquake|p2a: Fat
|-damage|p2a: Fat|253\/461
|move|p2a: Fat|Body Slam|p1a: Hoes In Real Life
|-damage|p1a: Hoes In Real Life|190\/420
|-status|p1a: Hoes In Real Life|par
|
|-weather|Sandstorm|[upkeep]
|-damage|p2a: Fat|225\/461|[from] sandstorm
|-heal|p1a: Hoes In Real Life|216\/420 par|[from] item: Leftovers
|turn|19
|
|move|p2a: Fat|Earthquake|p1a: Hoes In Real Life
|-damage|p1a: Hoes In Real Life|124\/420 par
|cant|p1a: Hoes In Real Life|par
|
|-weather|none
|-heal|p1a: Hoes In Real Life|150\/420 par|[from] item: Leftovers
|turn|20
|
|move|p2a: Fat|Pursuit|p1a: Hoes In Real Life
|-damage|p1a: Hoes In Real Life|113\/420 par
|cant|p1a: Hoes In Real Life|par
|
|-heal|p1a: Hoes In Real Life|139\/420 par|[from] item: Leftovers
|turn|21
|
|move|p2a: Fat|Pursuit|p1a: Hoes In Real Life
|-damage|p1a: Hoes In Real Life|101\/420 par
|move|p1a: Hoes In Real Life|Slack Off|p1a: Hoes In Real Life
|-heal|p1a: Hoes In Real Life|311\/420 par
|
|-heal|p1a: Hoes In Real Life|337\/420 par|[from] item: Leftovers
|turn|22
|
|move|p2a: Fat|Self-Destruct|p1a: Hoes In Real Life
|-damage|p1a: Hoes In Real Life|60\/420 par
|faint|p2a: Fat
|move|p1a: Hoes In Real Life|Earthquake|p2: Fat|[notarget]
|-notarget
|
|-heal|p1a: Hoes In Real Life|86\/420 par|[from] item: Leftovers
|
|switch|p2a: Sharky|Sharpedo, M|281\/281
|-damage|p2a: Sharky|246\/281|[from] Stealth Rock
|turn|23
|
|move|p2a: Sharky|Waterfall|p1a: Hoes In Real Life
|-supereffective|p1a: Hoes In Real Life
|-damage|p1a: Hoes In Real Life|0 fnt
|faint|p1a: Hoes In Real Life
|
|-boost|p2a: Sharky|spe|1|[from] ability: Speed Boost
|
|switch|p1a: Jewrachi|Jirachi|201\/341
|turn|24
|
|detailschange|p2a: Sharky|Sharpedo-Mega, M
|-mega|p2a: Sharky|Sharpedo|Sharpedonite
|move|p1a: Jewrachi|Healing Wish|p1a: Jewrachi
|faint|p1a: Jewrachi
|move|p2a: Sharky|Crunch|p1: Jewrachi|[notarget]
|-notarget
|
|
|switch|p1a: Daemon Blackfyre|Hydreigon, M|117\/337 par
|-heal|p1a: Daemon Blackfyre|337\/337|[from] move: Healing Wish
|turn|25
|
|move|p2a: Sharky|Ice Fang|p1a: Daemon Blackfyre|[miss]
|-miss|p2a: Sharky|p1a: Daemon Blackfyre
|move|p1a: Daemon Blackfyre|Draco Meteor|p2a: Sharky
|-damage|p2a: Sharky|0 fnt
|-unboost|p1a: Daemon Blackfyre|spa|2
|faint|p2a: Sharky
|
|
|switch|p2a: Poison Queen|Nidoqueen, F|351\/351
|-damage|p2a: Poison Queen|330\/351|[from] Stealth Rock
|turn|26
|
|switch|p1a: Baymax|Reuniclus, M|421\/421
|move|p2a: Poison Queen|Sludge Wave|p1a: Baymax
|-damage|p1a: Baymax|158\/421
|
|-heal|p1a: Baymax|184\/421|[from] item: Leftovers
|turn|27
|
|move|p2a: Poison Queen|Sludge Wave|p1a: Baymax
|-damage|p1a: Baymax|0 fnt
|faint|p1a: Baymax
|
|
|switch|p1a: Muhammad Ali|Machamp, M|159\/343 par
|turn|28
|
|move|p2a: Poison Queen|Sludge Wave|p1a: Muhammad Ali
|-damage|p1a: Muhammad Ali|0 fnt
|faint|p1a: Muhammad Ali
|
|
|switch|p1a: Daemon Blackfyre|Hydreigon, M|337\/337
|turn|29
|
|move|p1a: Daemon Blackfyre|Dark Pulse|p2a: Poison Queen
|-damage|p2a: Poison Queen|164\/351
|move|p2a: Poison Queen|Ice Beam|p1a: Daemon Blackfyre
|-supereffective|p1a: Daemon Blackfyre
|-damage|p1a: Daemon Blackfyre|46\/337
|
|-heal|p1a: Daemon Blackfyre|67\/337|[from] item: Leftovers
|turn|30
|
|move|p1a: Daemon Blackfyre|Dark Pulse|p2a: Poison Queen
|-damage|p2a: Poison Queen|8\/351
|cant|p2a: Poison Queen|flinch
|
|-heal|p1a: Daemon Blackfyre|88\/337|[from] item: Leftovers
|turn|31
|
|move|p1a: Daemon Blackfyre|Dark Pulse|p2a: Poison Queen
|-damage|p2a: Poison Queen|0 fnt
|faint|p2a: Poison Queen
|
|-heal|p1a: Daemon Blackfyre|109\/337|[from] item: Leftovers
|
|switch|p2a: Cortacabezas|Rotom-Mow|81\/241
|-damage|p2a: Cortacabezas|51\/241|[from] Stealth Rock
|turn|32
|
|move|p2a: Cortacabezas|Trick|p1a: Daemon Blackfyre
|-activate|p2a: Cortacabezas|move: Trick|[of] p1a: Daemon Blackfyre
|-item|p1a: Daemon Blackfyre|Choice Scarf|[from] move: Trick
|-item|p2a: Cortacabezas|Leftovers|[from] move: Trick
|move|p1a: Daemon Blackfyre|Roost|p1a: Daemon Blackfyre
|-heal|p1a: Daemon Blackfyre|278\/337
|
|-heal|p2a: Cortacabezas|66\/241|[from] item: Leftovers
|turn|33
|
|move|p1a: Daemon Blackfyre|Roost|p1a: Daemon Blackfyre
|-heal|p1a: Daemon Blackfyre|337\/337
|move|p2a: Cortacabezas|Thunderbolt|p1a: Daemon Blackfyre
|-resisted|p1a: Daemon Blackfyre
|-damage|p1a: Daemon Blackfyre|268\/337
|
|-heal|p2a: Cortacabezas|81\/241|[from] item: Leftovers
|turn|34
|-message|ablert enistein forfeited.
|
|win|The Last Hero
|raw|Ladder updating...
|raw|ablert enistein's rating: 1517 &rarr; <strong>1491<\/strong><br \/>(-26 for losing)
|raw|The Last Hero's rating: 1406 &rarr; <strong>1432<\/strong><br \/>(+26 for winning)
|leave|ablert enistein
|player|p1