|join|Banette is life
|join|FullMetalQuimera
|player|p1|Banette is life|269
|player|p2|FullMetalQuimera|161
|gametype|singles
|gen|6
|tier|UU
|rated
|rule|Sleep Clause Mod: Limit one foe put to sleep
|rule|Species Clause: Limit one of each Pokémon
|rule|OHKO Clause: OHKO moves are banned
|rule|Moody Clause: Moody is banned
|rule|Evasion Moves Clause: Evasion moves are banned
|rule|Endless Battle Clause: Forcing endless battles is banned
|rule|HP Percentage Mod: HP is shown in percentages
|clearpoke
|poke|p1|Aggron, F
|poke|p1|Trevenant, F
|poke|p1|Blastoise, F
|poke|p1|Fletchinder, M
|poke|p1|Porygon-Z
|poke|p1|Mienshao, F
|poke|p2|Jolteon, M
|poke|p2|Tentacruel, F
|poke|p2|Noivern, M
|poke|p2|Chesnaught, M, shiny
|poke|p2|Darmanitan, M
|poke|p2|Jirachi
|rule|Swagger Clause: Swagger is banned
|rule|Baton Pass Clause: Limit one Pokémon knowing Baton Pass
|teampreview
|
|start
|switch|p1a: BulkBiotch|Aggron, F|344\/344
|switch|p2a: Volteon|Jolteon, M|272\/272
|turn|1
|
|detailschange|p1a: BulkBiotch|Aggron-Mega, F
|message|Aggron has Mega Evolved into Mega Aggron!
|move|p2a: Volteon|Volt Switch|p1a: BulkBiotch
|-damage|p1a: BulkBiotch|209\/344
|
|switch|p2a: Sentinel|Chesnaught, M, shiny|380\/380
|move|p1a: BulkBiotch|Heavy Slam|p2a: Sentinel
|-damage|p2a: Sentinel|278\/380
|
|-heal|p2a: Sentinel|301\/380|[from] item: Leftovers
|turn|2
|
|switch|p1a: Nice and Harvest|Trevenant, F|374\/374
|move|p2a: Sentinel|Leech Seed|p1a: Nice and Harvest
|-immune|p1a: Nice and Harvest|[msg]
|
|-heal|p2a: Sentinel|324\/380|[from] item: Leftovers
|turn|3
|
|switch|p2a: Daruma|Darmanitan, M|352\/352
|move|p1a: Nice and Harvest|Leech Seed|p2a: Daruma|[miss]
|-miss|p1a: Nice and Harvest|p2a: Daruma
|
|turn|4
|c|★Banette is life|................
|
|switch|p1a: 'Buster|Blastoise, F|362\/362
|move|p2a: Daruma|U-turn|p1a: 'Buster
|-crit|p1a: 'Buster
|-damage|p1a: 'Buster|268\/362
|
|switch|p2a: Volteon|Jolteon, M|272\/272
|
|-heal|p1a: 'Buster|290\/362|[from] item: Leftovers
|turn|5
|c|★Banette is life|and a crit thank you so much
|
|switch|p1a: Nice and Harvest|Trevenant, F|374\/374
|move|p2a: Volteon|Volt Switch|p1a: Nice and Harvest
|-resisted|p1a: Nice and Harvest
|-damage|p1a: Nice and Harvest|291\/374
|
|switch|p2a: Chaos Control|Noivern, M|312\/312
|
|turn|6
|
|switch|p1a: BulkBiotch|Aggron-Mega, F|209\/344
|move|p2a: Chaos Control|Draco Meteor|p1a: BulkBiotch
|-resisted|p1a: BulkBiotch
|-damage|p1a: BulkBiotch|89\/344
|-unboost|p2a: Chaos Control|spa|2
|
|turn|7
|
|switch|p2a: Sentinel|Chesnaught, M, shiny|324\/380
|move|p1a: BulkBiotch|Rest|p1a: BulkBiotch
|-status|p1a: BulkBiotch|slp
|-heal|p1a: BulkBiotch|344\/344 slp|[silent]
|-status|p1a: BulkBiotch|slp|[from] move: Rest
|
|-heal|p2a: Sentinel|347\/380|[from] item: Leftovers
|turn|8
|
|switch|p1a: Desolation|Porygon-Z|311\/311
|switch|p2a: Daruma|Darmanitan, M|352\/352
|
|turn|9
|
|switch|p1a: 'Buster|Blastoise, F|290\/362
|move|p2a: Daruma|U-turn|p1a: 'Buster
|-damage|p1a: 'Buster|219\/362
|
|switch|p2a: Volteon|Jolteon, M|272\/272
|
|-heal|p1a: 'Buster|241\/362|[from] item: Leftovers
|turn|10
|
|switch|p1a: Nice and Harvest|Trevenant, F|291\/374
|move|p2a: Volteon|Volt Switch|p1a: Nice and Harvest
|-resisted|p1a: Nice and Harvest
|-damage|p1a: Nice and Harvest|210\/374
|
|switch|p2a: Daruma|Darmanitan, M|352\/352
|
|turn|11
|
|move|p2a: Daruma|U-turn|p1a: Nice and Harvest
|-damage|p1a: Nice and Harvest|132\/374
|
|switch|p2a: Sentinel|Chesnaught, M, shiny|347\/380
|move|p1a: Nice and Harvest|Will-O-Wisp|p2a: Sentinel
|-status|p2a: Sentinel|brn
|
|-heal|p2a: Sentinel|370\/380 brn|[from] item: Leftovers
|-damage|p2a: Sentinel|323\/380 brn|[from] brn
|turn|12
|
|switch|p2a: Chaos Control|Noivern, M|312\/312
|move|p1a: Nice and Harvest|Rest|p1a: Nice and Harvest
|-status|p1a: Nice and Harvest|slp
|-heal|p1a: Nice and Harvest|374\/374 slp|[silent]
|-status|p1a: Nice and Harvest|slp|[from] move: Rest
|-enditem|p1a: Nice and Harvest|Chesto Berry|[eat]
|-curestatus|p1a: Nice and Harvest|slp
|
|-item|p1a: Nice and Harvest|Chesto Berry|[from] ability: Harvest
|turn|13
|
|switch|p1a: BulkBiotch|Aggron-Mega, F|344\/344 slp
|move|p2a: Chaos Control|Flamethrower|p1a: BulkBiotch
|-supereffective|p1a: BulkBiotch
|-damage|p1a: BulkBiotch|191\/344 slp
|
|turn|14
|
|move|p2a: Chaos Control|Flamethrower|p1a: BulkBiotch
|-supereffective|p1a: BulkBiotch
|-damage|p1a: BulkBiotch|29\/344 slp
|cant|p1a: BulkBiotch|slp
|move|p1a: BulkBiotch|Sleep Talk|p1a: BulkBiotch
|move|p1a: BulkBiotch|Earthquake|p2a: Chaos Control|[from]Sleep Talk
|-immune|p2a: Chaos Control|[msg]
|
|turn|15
|
|move|p2a: Chaos Control|Flamethrower|p1a: BulkBiotch
|-supereffective|p1a: BulkBiotch
|-damage|p1a: BulkBiotch|0 fnt
|faint|p1a: BulkBiotch
|
|
|switch|p1a: Taomon|Mienshao, F|271\/271
|turn|16
|
|switch|p2a: Sentinel|Chesnaught, M, shiny|323\/380 brn
|move|p1a: Taomon|U-turn|p2a: Sentinel
|-crit|p2a: Sentinel
|-damage|p2a: Sentinel|240\/380 brn
|
|switch|p1a: Desolation|Porygon-Z|311\/311
|
|-heal|p2a: Sentinel|263\/380 brn|[from] item: Leftovers
|-damage|p2a: Sentinel|216\/380 brn|[from] brn
|turn|17
|
|move|p1a: Desolation|Tri Attack|p2a: Sentinel
|-damage|p2a: Sentinel|0 fnt
|faint|p2a: Sentinel
|
|
|switch|p2a: Cruel Ruler|Tentacruel, F|364\/364
|turn|18
|
|move|p1a: Desolation|Tri Attack|p2a: Cruel Ruler
|-damage|p2a: Cruel Ruler|148\/364
|move|p2a: Cruel Ruler|Toxic Spikes|p1a: Desolation
|-sidestart|p1: Banette is life|move: Toxic Spikes
|
|-heal|p2a: Cruel Ruler|170\/364|[from] item: Black Sludge
|turn|19
|
|move|p1a: Desolation|Tri Attack|p2a: Cruel Ruler
|-damage|p2a: Cruel Ruler|0 fnt
|faint|p2a: Cruel Ruler
|
|
|switch|p2a: Shootingstar|Jirachi|404\/404
|turn|20
|
|switch|p1a: 'Buster|Blastoise, F|241\/362
|-status|p1a: 'Buster|psn
|move|p2a: Shootingstar|Thunder Wave|p1a: 'Buster
|-fail|p1a: 'Buster
|
|-heal|p1a: 'Buster|263\/362 psn|[from] item: Leftovers
|-damage|p1a: 'Buster|218\/362 psn|[from] psn
|turn|21
|
|move|p2a: Shootingstar|Iron Head|p1a: 'Buster
|-resisted|p1a: 'Buster
|-damage|p1a: 'Buster|184\/362 psn
|cant|p1a: 'Buster|flinch
|
|-heal|p1a: 'Buster|206\/362 psn|[from] item: Leftovers
|-damage|p1a: 'Buster|161\/362 psn|[from] psn
|turn|22
|
|move|p2a: Shootingstar|Iron Head|p1a: 'Buster
|-resisted|p1a: 'Buster
|-damage|p1a: 'Buster|126\/362 psn
|move|p1a: 'Buster|Rapid Spin|p2a: Shootingstar
|-resisted|p2a: Shootingstar
|-damage|p2a: Shootingstar|400\/404
|-sideend|p1: Banette is life|Toxic Spikes|[from] move: Rapid Spin|[of] p1a: 'Buster
|
|-heal|p2a: Shootingstar|404\/404|[from] item: Leftovers
|-heal|p1a: 'Buster|148\/362 psn|[from] item: Leftovers
|-damage|p1a: 'Buster|103\/362 psn|[from] psn
|turn|23
|
|move|p2a: Shootingstar|Iron Head|p1a: 'Buster
|-resisted|p1a: 'Buster
|-damage|p1a: 'Buster|67\/362 psn
|cant|p1a: 'Buster|flinch
|
|-heal|p1a: 'Buster|89\/362 psn|[from] item: Leftovers
|-damage|p1a: 'Buster|44\/362 psn|[from] psn
|turn|24
|
|move|p2a: Shootingstar|Iron Head|p1a: 'Buster
|-resisted|p1a: 'Buster
|-damage|p1a: 'Buster|8\/362 psn
|cant|p1a: 'Buster|flinch
|
|-heal|p1a: 'Buster|30\/362 psn|[from] item: Leftovers
|-damage|p1a: 'Buster|0 fnt|[from] psn
|faint|p1a: 'Buster
|
|switch|p1a: Nice and Harvest|Trevenant, F|374\/374
|turn|25
|
|switch|p2a: Chaos Control|Noivern, M|312\/312
|move|p1a: Nice and Harvest|Leech Seed|p2a: Chaos Control|[miss]
|-miss|p1a: Nice and Harvest|p2a: Chaos Control
|
|turn|26
|c|★Banette is life|COME ON 
|
|move|p2a: Chaos Control|Draco Meteor|p1a: Nice and Harvest
|-damage|p1a: Nice and Harvest|71\/374
|-unboost|p2a: Chaos Control|spa|2
|move|p1a: Nice and Harvest|Rest|p1a: Nice and Harvest
|-status|p1a: Nice and Harvest|slp
|-heal|p1a: Nice and Harvest|374\/374 slp|[silent]
|-status|p1a: Nice and Harvest|slp|[from] move: Rest
|-enditem|p1a: Nice and Harvest|Chesto Berry|[eat]
|-curestatus|p1a: Nice and Harvest|slp
|
|turn|27
|
|switch|p2a: Daruma|Darmanitan, M|352\/352
|move|p1a: Nice and Harvest|Leech Seed|p2a: Daruma
|-start|p2a: Daruma|move: Leech Seed
|
|-damage|p2a: Daruma|308\/352|[from] Leech Seed|[of] p1a: Nice and Harvest
|turn|28
|
|switch|p1a: 'Lil Bro|Fletchinder, M|291\/291
|move|p2a: Daruma|U-turn|p1a: 'Lil Bro
|-resisted|p1a: 'Lil Bro
|-damage|p1a: 'Lil Bro|256\/291
|
|switch|p2a: Shootingstar|Jirachi|404\/404
|
|turn|29
|
|switch|p1a: Nice and Harvest|Trevenant, F|374\/374
|move|p2a: Shootingstar|Thunder Wave|p1a: Nice and Harvest
|-status|p1a: Nice and Harvest|par
|
|-item|p1a: Nice and Harvest|Chesto Berry|[from] ability: Harvest
|turn|30
|
|switch|p2a: Daruma|Darmanitan, M|308\/352
|move|p1a: Nice and Harvest|Will-O-Wisp|p2a: Daruma
|-fail|p2a: Daruma
|
|turn|31
|
|move|p2a: Daruma|Flare Blitz|p1a: Nice and Harvest
|-crit|p1a: Nice and Harvest
|-supereffective|p1a: Nice and Harvest
|-damage|p1a: Nice and Harvest|0 fnt
|-damage|p2a: Daruma|185\/352|[from] recoil|[of] p1a: Nice and Harvest
|faint|p1a: Nice and Harvest
|
|
|switch|p1a: Taomon|Mienshao, F|271\/271
|turn|32
|
|switch|p2a: Shootingstar|Jirachi|404\/404
|move|p1a: Taomon|Stone Edge|p2a: Shootingstar|[miss]
|-miss|p1a: Taomon|p2a: Shootingstar
|
|turn|33
|
|switch|p1a: 'Lil Bro|Fletchinder, M|256\/291
|move|p2a: Shootingstar|Thunder Wave|p1a: 'Lil Bro
|-status|p1a: 'Lil Bro|par
|
|turn|34
|c|★Banette is life|fucking stop cunt god damn it takes no damn skill to para flinch
|
|move|p1a: 'Lil Bro|Acrobatics|p2a: Shootingstar
|-resisted|p2a: Shootingstar
|-damage|p2a: Shootingstar|339\/404
|move|p2a: Shootingstar|Iron Head|p1a: 'Lil Bro
|-crit|p1a: 'Lil Bro
|-resisted|p1a: 'Lil Bro
|-damage|p1a: 'Lil Bro|151\/291 par
|
|-heal|p2a: Shootingstar|364\/404|[from] item: Leftovers
|turn|35
|c|★FullMetalQuimera|lol
|c|★FullMetalQuimera|it take sno skill to use fletchlinder either
|
|move|p1a: 'Lil Bro|Acrobatics|p2a: Shootingstar
|-resisted|p2a: Shootingstar
|-damage|p2a: Shootingstar|300\/404
|move|p2a: Shootingstar|Iron Head|p1a: 'Lil Bro
|-resisted|p1a: 'Lil Bro
|-damage|p1a: 'Lil Bro|69\/291 par
|
|-heal|p2a: Shootingstar|325\/404|[from] item: Leftovers
|turn|36
|c|★Banette is life|yeah because fletchinder can run so many different sets and has 600 bst like jirachi
|
|move|p1a: 'Lil Bro|Acrobatics|p2a: Shootingstar
|-resisted|p2a: Shootingstar
|-damage|p2a: Shootingstar|264\/404
|move|p2a: Shootingstar|Stealth Rock|p1a: 'Lil Bro
|-sidestart|p1: Banette is life|move: Stealth Rock
|
|-heal|p2a: Shootingstar|289\/404|[from] item: Leftovers
|turn|37
|c|★FullMetalQuimera|so?
|
|move|p1a: 'Lil Bro|Acrobatics|p2a: Shootingstar
|-resisted|p2a: Shootingstar
|-damage|p2a: Shootingstar|223\/404
|move|p2a: Shootingstar|Iron Head|p1a: 'Lil Bro
|-resisted|p1a: 'Lil Bro
|-damage|p1a: 'Lil Bro|0 fnt
|faint|p1a: 'Lil Bro
|
|-heal|p2a: Shootingstar|248\/404|[from] item: Leftovers
|
|switch|p1a: Taomon|Mienshao, F|271\/271
|-damage|p1a: Taomon|255\/271|[from] Stealth Rock
|turn|38
|
|move|p1a: Taomon|High Jump Kick|p2a: Shootingstar
|-damage|p2a: Shootingstar|0 fnt
|faint|p2a: Shootingstar
|
|
|switch|p2a: Daruma|Darmanitan, M|185\/352
|turn|39
|
|move|p1a: Taomon|High Jump Kick|p2a: Daruma
|-crit|p2a: Daruma
|-damage|p2a: Daruma|0 fnt
|faint|p2a: Daruma
|
|
|switch|p2a: Chaos Control|Noivern, M|312\/312
|turn|40
|
|switch|p1a: Desolation|Porygon-Z|311\/311
|-damage|p1a: Desolation|273\/311|[from] Stealth Rock
|move|p2a: Chaos Control|Draco Meteor|p1a: Desolation
|-damage|p1a: Desolation|0 fnt
|-unboost|p2a: Chaos Control|spa|2
|faint|p1a: Desolation
|
|
|switch|p1a: Taomon|Mienshao, F|255\/271
|-damage|p1a: Taomon|239\/271|[from] Stealth Rock
|turn|41
|
|move|p1a: Taomon|High Jump Kick|p2a: Chaos Control
|-resisted|p2a: Chaos Control
|-damage|p2a: Chaos Control|145\/312
|move|p2a: Chaos Control|Draco Meteor|p1a: Taomon|[miss]
|-miss|p2a: Chaos Control|p1a: Taomon
|
|turn|42
|
|move|p1a: Taomon|High Jump Kick|p2a: Chaos Control
|-resisted|p2a: Chaos Control
|-damage|p2a: Chaos Control|0 fnt
|faint|p2a: Chaos Control
|
|
|switch|p2a: Volteon|Jolteon, M|272\/272
|turn|43
|
|move|p1a: Taomon|High Jump Kick|p2a: Volteon
|-damage|p2a: Volteon|0 fnt
|faint|p2a: Volteon
|
|win|Banette is life
|raw|Ladder updating...
|c|★Banette is life|gg niych
|c|★FullMetalQuimera|lol
|c|★Banette is life|bitch
|raw|Banette is life's rating: 1374 &rarr; <strong>1391<\/strong><br \/>(+17 for winning)
|raw|FullMetalQuimera's rating: 1313 &rarr; <strong>1297<\/strong><br \/>(-16 for losing)
|c|★FullMetalQuimera|someone is mad
|c|★FullMetalQuimera|is cute
|leave|FullMetalQuimera
|player|p2
|c|★Banette is life|someone sucks at life
|c|★Banette is life|cuter