|join|NMAN
|join|Banette is life
|player|p1|NMAN|204
|player|p2|Banette is life|163
|gametype|singles
|gen|6
|tier|UU
|rated
|rule|Sleep Clause Mod: Limit one foe put to sleep
|rule|Species Clause: Limit one of each Pokémon
|rule|OHKO Clause: OHKO moves are banned
|rule|Moody Clause: Moody is banned
|rule|Evasion Moves Clause: Evasion moves are banned
|rule|Endless Battle Clause: Forcing endless battles is banned
|rule|HP Percentage Mod: HP is shown in percentages
|clearpoke
|poke|p1|Aggron, M
|poke|p1|Chesnaught, M
|poke|p1|Porygon2
|poke|p1|Starmie
|poke|p1|Hitmonlee, M
|poke|p1|Jirachi
|poke|p2|Lopunny, M
|poke|p2|Jirachi
|poke|p2|Rotom-Heat
|poke|p2|Umbreon, F
|poke|p2|Salamence, M
|poke|p2|Nidoking, M
|rule|Swagger Clause: Swagger is banned
|rule|Baton Pass Clause: Limit one Pokémon knowing Baton Pass
|teampreview
|
|start
|switch|p1a: Chesnaught|Chesnaught, M|356\/356
|switch|p2a: Rotom-Heat|Rotom-Heat|241\/241
|turn|1
|
|switch|p1a: Starmie|Starmie|261\/261
|move|p2a: Rotom-Heat|Volt Switch|p1a: Starmie
|-supereffective|p1a: Starmie
|-damage|p1a: Starmie|0 fnt
|faint|p1a: Starmie
|
|switch|p2a: Jirachi|Jirachi|404\/404
|
|
|switch|p1a: Chesnaught|Chesnaught, M|356\/356
|turn|2
|
|move|p2a: Jirachi|Stealth Rock|p1a: Chesnaught
|-sidestart|p1: NMAN|move: Stealth Rock
|move|p1a: Chesnaught|Leech Seed|p2a: Jirachi
|-start|p2a: Jirachi|move: Leech Seed
|
|-damage|p2a: Jirachi|354\/404|[from] Leech Seed|[of] p1a: Chesnaught
|turn|3
|
|switch|p2a: Rotom-Heat|Rotom-Heat|241\/241
|move|p1a: Chesnaught|Drain Punch|p2a: Rotom-Heat
|-damage|p2a: Rotom-Heat|145\/241
|
|turn|4
|
|move|p1a: Chesnaught|Spiky Shield|p1a: Chesnaught
|-singleturn|p1a: Chesnaught|move: Protect
|move|p2a: Rotom-Heat|Volt Switch|p1a: Chesnaught
|-activate|p1a: Chesnaught|move: Protect
|
|turn|5
|
|move|p2a: Rotom-Heat|Volt Switch|p1a: Chesnaught
|-resisted|p1a: Chesnaught
|-damage|p1a: Chesnaught|254\/356
|
|switch|p2a: Salamence|Salamence, M|393\/393
|-ability|p2a: Salamence|Intimidate|[of] p1a: Chesnaught
|-unboost|p1a: Chesnaught|atk|1
|move|p1a: Chesnaught|Leech Seed|p2a: Salamence
|-start|p2a: Salamence|move: Leech Seed
|
|-heal|p1a: Chesnaught|276\/356|[from] item: Leftovers
|-damage|p2a: Salamence|344\/393|[from] Leech Seed|[of] p1a: Chesnaught
|-heal|p1a: Chesnaught|325\/356|[silent]
|turn|6
|
|switch|p2a: Umbreon|Umbreon, F|394\/394
|move|p1a: Chesnaught|Super Fang|p2a: Umbreon|[miss]
|-miss|p1a: Chesnaught|p2a: Umbreon
|
|-heal|p1a: Chesnaught|347\/356|[from] item: Leftovers
|turn|7
|
|move|p2a: Umbreon|Wish|p2a: Umbreon
|move|p1a: Chesnaught|Leech Seed|p2a: Umbreon
|-start|p2a: Umbreon|move: Leech Seed
|
|-heal|p1a: Chesnaught|356\/356|[from] item: Leftovers
|-damage|p2a: Umbreon|345\/394|[from] Leech Seed|[of] p1a: Chesnaught
|turn|8
|
|switch|p2a: Nidoking|Nidoking, M|303\/303
|move|p1a: Chesnaught|Drain Punch|p2a: Nidoking
|-resisted|p2a: Nidoking
|-damage|p2a: Nidoking|261\/303
|
|-heal|p2a: Nidoking|303\/303|[from] move: Wish|[wisher] Umbreon
|turn|9
|
|move|p1a: Chesnaught|Spiky Shield|p1a: Chesnaught
|-singleturn|p1a: Chesnaught|move: Protect
|move|p2a: Nidoking|Flamethrower|p1a: Chesnaught
|-activate|p1a: Chesnaught|move: Protect
|
|turn|10
|
|switch|p1a: Porygon2|Porygon2|374\/374
|-damage|p1a: Porygon2|328\/374|[from] Stealth Rock
|-ability|p1a: Porygon2|Sheer Force|[from] ability: Trace|[of] p2a: Nidoking
|move|p2a: Nidoking|Flamethrower|p1a: Porygon2
|-damage|p1a: Porygon2|272\/374
|
|turn|11
|
|switch|p2a: Jirachi|Jirachi|354\/404
|move|p1a: Porygon2|Ice Beam|p2a: Jirachi
|-resisted|p2a: Jirachi
|-damage|p2a: Jirachi|310\/404
|
|-heal|p2a: Jirachi|335\/404|[from] item: Leftovers
|turn|12
|
|move|p2a: Jirachi|U-turn|p1a: Porygon2
|-damage|p1a: Porygon2|231\/374
|
|switch|p2a: Umbreon|Umbreon, F|345\/394
|move|p1a: Porygon2|Thunder Wave|p2a: Umbreon
|-status|p2a: Umbreon|par
|-status|p1a: Porygon2|par
|
|-heal|p2a: Umbreon|369\/394 par|[from] item: Leftovers
|turn|13
|
|switch|p1a: Aggron|Aggron, M|282\/282
|-damage|p1a: Aggron|265\/282|[from] Stealth Rock
|move|p2a: Umbreon|Heal Bell|p2a: Umbreon
|-cureteam|p2a: Umbreon|[from] move: HealBell
|
|-heal|p2a: Umbreon|393\/394|[from] item: Leftovers
|turn|14
|
|detailschange|p1a: Aggron|Aggron-Mega, M
|message|Aggron has Mega Evolved into Mega Aggron!
|move|p1a: Aggron|Rock Polish|p1a: Aggron
|-boost|p1a: Aggron|spe|2
|move|p2a: Umbreon|Foul Play|p1a: Aggron
|-damage|p1a: Aggron|177\/282
|
|-heal|p2a: Umbreon|394\/394|[from] item: Leftovers
|turn|15
|
|move|p1a: Aggron|Iron Head|p2a: Umbreon
|-damage|p2a: Umbreon|261\/394
|move|p2a: Umbreon|Foul Play|p1a: Aggron
|-damage|p1a: Aggron|86\/282
|
|-heal|p2a: Umbreon|285\/394|[from] item: Leftovers
|turn|16
|
|move|p1a: Aggron|Iron Head|p2a: Umbreon
|-damage|p2a: Umbreon|158\/394
|move|p2a: Umbreon|Wish|p2a: Umbreon
|
|-heal|p2a: Umbreon|182\/394|[from] item: Leftovers
|turn|17
|
|move|p1a: Aggron|Iron Head|p2a: Umbreon
|-damage|p2a: Umbreon|47\/394
|move|p2a: Umbreon|Foul Play|p1a: Aggron
|-damage|p1a: Aggron|0 fnt
|faint|p1a: Aggron
|
|-heal|p2a: Umbreon|244\/394|[from] move: Wish|[wisher] Umbreon
|-heal|p2a: Umbreon|268\/394|[from] item: Leftovers
|
|switch|p1a: Jirachi|Jirachi|341\/341
|-damage|p1a: Jirachi|320\/341|[from] Stealth Rock
|turn|18
|
|move|p1a: Jirachi|U-turn|p2a: Umbreon
|-supereffective|p2a: Umbreon
|-damage|p2a: Umbreon|154\/394
|
|switch|p1a: Chesnaught|Chesnaught, M|356\/356
|-damage|p1a: Chesnaught|334\/356|[from] Stealth Rock
|move|p2a: Umbreon|Foul Play|p1a: Chesnaught
|-resisted|p1a: Chesnaught
|-damage|p1a: Chesnaught|295\/356
|
|-heal|p2a: Umbreon|178\/394|[from] item: Leftovers
|-heal|p1a: Chesnaught|317\/356|[from] item: Leftovers
|turn|19
|
|move|p2a: Umbreon|Wish|p2a: Umbreon
|move|p1a: Chesnaught|Drain Punch|p2a: Umbreon
|-supereffective|p2a: Umbreon
|-damage|p2a: Umbreon|26\/394
|-heal|p1a: Chesnaught|356\/356|[from] drain|[of] p2a: Umbreon
|
|-heal|p2a: Umbreon|50\/394|[from] item: Leftovers
|turn|20
|
|switch|p2a: Rotom-Heat|Rotom-Heat|145\/241
|move|p1a: Chesnaught|Drain Punch|p2a: Rotom-Heat
|-damage|p2a: Rotom-Heat|48\/241
|
|-heal|p2a: Rotom-Heat|241\/241|[from] move: Wish|[wisher] Umbreon
|turn|21
|
|move|p2a: Rotom-Heat|Overheat|p1a: Chesnaught
|-supereffective|p1a: Chesnaught
|-damage|p1a: Chesnaught|0 fnt
|-unboost|p2a: Rotom-Heat|spa|2
|faint|p1a: Chesnaught
|
|
|switch|p1a: Hitmonlee|Hitmonlee, M|242\/242
|-damage|p1a: Hitmonlee|227\/242|[from] Stealth Rock
|turn|22
|
|switch|p2a: Salamence|Salamence, M|344\/393
|-ability|p2a: Salamence|Intimidate|[of] p1a: Hitmonlee
|-unboost|p1a: Hitmonlee|atk|1
|move|p1a: Hitmonlee|Knock Off|p2a: Salamence
|-damage|p2a: Salamence|278\/393
|-enditem|p2a: Salamence|Leftovers|[from] move: Knock Off|[of] p1a: Hitmonlee
|
|turn|23
|
|switch|p1a: Porygon2|Porygon2|231\/374 par
|-damage|p1a: Porygon2|185\/374 par|[from] Stealth Rock
|-ability|p1a: Porygon2|Intimidate|[from] ability: Trace|[of] p2a: Salamence
|-ability|p1a: Porygon2|Intimidate|[of] p2a: Salamence
|-unboost|p2a: Salamence|atk|1
|move|p2a: Salamence|Dragon Claw|p1a: Porygon2
|-crit|p1a: Porygon2
|-damage|p1a: Porygon2|44\/374 par
|
|turn|24
|
|move|p2a: Salamence|Dragon Claw|p1a: Porygon2
|-damage|p1a: Porygon2|0 fnt
|faint|p1a: Porygon2
|
|
|switch|p1a: Jirachi|Jirachi|320\/341
|-damage|p1a: Jirachi|299\/341|[from] Stealth Rock
|turn|25
|
|switch|p2a: Umbreon|Umbreon, F|50\/394
|move|p1a: Jirachi|Iron Head|p2a: Umbreon
|-damage|p2a: Umbreon|0 fnt
|faint|p2a: Umbreon
|
|
|switch|p2a: Rotom-Heat|Rotom-Heat|241\/241
|turn|26
|
|move|p1a: Jirachi|Iron Head|p2a: Rotom-Heat
|-resisted|p2a: Rotom-Heat
|-damage|p2a: Rotom-Heat|214\/241
|move|p2a: Rotom-Heat|Overheat|p1a: Jirachi
|-supereffective|p1a: Jirachi
|-damage|p1a: Jirachi|0 fnt
|-unboost|p2a: Rotom-Heat|spa|2
|faint|p1a: Jirachi
|
|
|switch|p1a: Hitmonlee|Hitmonlee, M|227\/242
|-damage|p1a: Hitmonlee|212\/242|[from] Stealth Rock
|turn|27
|
|switch|p2a: Salamence|Salamence, M|278\/393
|-ability|p2a: Salamence|Intimidate|[of] p1a: Hitmonlee
|-unboost|p1a: Hitmonlee|atk|1
|move|p1a: Hitmonlee|Knock Off|p2a: Salamence
|-damage|p2a: Salamence|237\/393
|
|turn|28
|
|move|p1a: Hitmonlee|Knock Off|p2a: Salamence
|-damage|p2a: Salamence|189\/393
|move|p2a: Salamence|Toxic|p1a: Hitmonlee
|-status|p1a: Hitmonlee|tox
|
|-damage|p1a: Hitmonlee|197\/242 tox|[from] psn
|turn|29
|
|move|p1a: Hitmonlee|Knock Off|p2a: Salamence
|-damage|p2a: Salamence|148\/393
|move|p2a: Salamence|Dragon Claw|p1a: Hitmonlee
|-damage|p1a: Hitmonlee|7\/242 tox
|-enditem|p1a: Hitmonlee|Liechi Berry|[eat]
|-boost|p1a: Hitmonlee|atk|1|[from] item: Liechi Berry
|
|-damage|p1a: Hitmonlee|0 fnt|[from] psn
|faint|p1a: Hitmonlee
|
|win|Banette is life
|raw|Ladder updating...
|raw|NMAN's rating: 1296 &rarr; <strong>1281<\/strong><br \/>(-15 for losing)
|raw|Banette is life's rating: 1429 &rarr; <strong>1442<\/strong><br \/>(+13 for winning)