|join|ClementinoNY
|join|Banette is life
|player|p1|ClementinoNY|25
|player|p2|Banette is life|163
|gametype|singles
|gen|6
|tier|UU
|rated
|rule|Sleep Clause Mod: Limit one foe put to sleep
|rule|Species Clause: Limit one of each Pokémon
|rule|OHKO Clause: OHKO moves are banned
|rule|Moody Clause: Moody is banned
|rule|Evasion Moves Clause: Evasion moves are banned
|rule|Endless Battle Clause: Forcing endless battles is banned
|rule|HP Percentage Mod: HP is shown in percentages
|clearpoke
|poke|p1|Leafeon, M
|poke|p1|Snorlax, F
|poke|p1|Mr. Mime, F
|poke|p1|Haxorus, F
|poke|p1|Houndoom, M
|poke|p1|Vaporeon, F
|poke|p2|Aggron, M
|poke|p2|Trevenant, F
|poke|p2|Swampert, F
|poke|p2|Fletchinder, M
|poke|p2|Porygon-Z
|poke|p2|Hitmonchan, M
|rule|Swagger Clause: Swagger is banned
|rule|Baton Pass Clause: Limit one Pokémon knowing Baton Pass
|teampreview
|
|start
|switch|p1a: Mr. Mime|Mr. Mime, F|284\/284
|switch|p2a: Fletchinder|Fletchinder, M|265\/265
|turn|1
|
|move|p1a: Mr. Mime|Reflect|p1a: Mr. Mime
|-sidestart|p1: ClementinoNY|Reflect
|move|p2a: Fletchinder|U-turn|p1a: Mr. Mime
|-damage|p1a: Mr. Mime|242\/284
|
|switch|p2a: Aggron|Aggron, M|344\/344
|
|turn|2
|
|switch|p1a: Leafeon|Leafeon, M|334\/334
|detailschange|p2a: Aggron|Aggron-Mega, M
|message|Aggron has Mega Evolved into Mega Aggron!
|move|p2a: Aggron|Heavy Slam|p1a: Leafeon
|-damage|p1a: Leafeon|270\/334
|
|turn|3
|
|move|p1a: Leafeon|Swords Dance|p1a: Leafeon
|-boost|p1a: Leafeon|atk|2
|move|p2a: Aggron|Curse|p2a: Aggron
|-boost|p2a: Aggron|atk|1
|-boost|p2a: Aggron|def|1
|-unboost|p2a: Aggron|spe|1
|
|turn|4
|
|move|p1a: Leafeon|Swords Dance|p1a: Leafeon
|-boost|p1a: Leafeon|atk|2
|move|p2a: Aggron|Curse|p2a: Aggron
|-boost|p2a: Aggron|atk|1
|-boost|p2a: Aggron|def|1
|-unboost|p2a: Aggron|spe|1
|
|turn|5
|c|★Banette is life|bitch please
|
|move|p1a: Leafeon|Baton Pass|p1a: Leafeon
|
|switch|p1a: Snorlax|Snorlax, F|524\/524
|move|p2a: Aggron|Heavy Slam|p1a: Snorlax
|-damage|p1a: Snorlax|441\/524
|
|turn|6
|c|★Banette is life|fatty battle
|
|move|p1a: Snorlax|Brick Break|p2a: Aggron
|-supereffective|p2a: Aggron
|-damage|p2a: Aggron|256\/344
|move|p2a: Aggron|Heavy Slam|p1a: Snorlax
|-damage|p1a: Snorlax|356\/524
|
|turn|7
|
|move|p1a: Snorlax|Brick Break|p2a: Aggron
|-supereffective|p2a: Aggron
|-damage|p2a: Aggron|172\/344
|move|p2a: Aggron|Heavy Slam|p1a: Snorlax
|-damage|p1a: Snorlax|264\/524
|
|turn|8
|
|move|p1a: Snorlax|Brick Break|p2a: Aggron
|-supereffective|p2a: Aggron
|-damage|p2a: Aggron|90\/344
|move|p2a: Aggron|Rest|p2a: Aggron
|-status|p2a: Aggron|slp
|-heal|p2a: Aggron|344\/344 slp|[silent]
|-status|p2a: Aggron|slp|[from] move: Rest
|
|-sideend|p1: ClementinoNY|Reflect
|turn|9
|
|move|p1a: Snorlax|Brick Break|p2a: Aggron
|-supereffective|p2a: Aggron
|-damage|p2a: Aggron|259\/344 slp
|cant|p2a: Aggron|slp
|move|p2a: Aggron|Sleep Talk|p2a: Aggron
|move|p2a: Aggron|Curse|p2a: Aggron|[from]Sleep Talk
|-boost|p2a: Aggron|atk|1
|-boost|p2a: Aggron|def|1
|-unboost|p2a: Aggron|spe|1
|
|turn|10
|
|move|p1a: Snorlax|Rest|p1a: Snorlax
|-status|p1a: Snorlax|slp
|-heal|p1a: Snorlax|524\/524 slp|[silent]
|-status|p1a: Snorlax|slp|[from] move: Rest
|-enditem|p1a: Snorlax|Chesto Berry|[eat]
|-curestatus|p1a: Snorlax|slp
|cant|p2a: Aggron|slp
|move|p2a: Aggron|Sleep Talk|p2a: Aggron
|move|p2a: Aggron|Curse|p2a: Aggron|[from]Sleep Talk
|-boost|p2a: Aggron|atk|1
|-boost|p2a: Aggron|def|1
|-unboost|p2a: Aggron|spe|1
|
|turn|11
|
|move|p1a: Snorlax|Brick Break|p2a: Aggron
|-supereffective|p2a: Aggron
|-damage|p2a: Aggron|207\/344 slp
|-curestatus|p2a: Aggron|slp
|move|p2a: Aggron|Curse|p2a: Aggron
|-boost|p2a: Aggron|atk|1
|-boost|p2a: Aggron|def|1
|-unboost|p2a: Aggron|spe|1
|
|turn|12
|
|move|p1a: Snorlax|Brick Break|p2a: Aggron
|-supereffective|p2a: Aggron
|-damage|p2a: Aggron|162\/344
|move|p2a: Aggron|Curse|p2a: Aggron
|-boost|p2a: Aggron|atk|1
|-boost|p2a: Aggron|def|1
|-unboost|p2a: Aggron|spe|1
|
|turn|13
|
|move|p1a: Snorlax|Brick Break|p2a: Aggron
|-supereffective|p2a: Aggron
|-damage|p2a: Aggron|114\/344
|move|p2a: Aggron|Heavy Slam|p1a: Snorlax
|-damage|p1a: Snorlax|196\/524
|
|turn|14
|
|move|p1a: Snorlax|Brick Break|p2a: Aggron
|-supereffective|p2a: Aggron
|-damage|p2a: Aggron|74\/344
|move|p2a: Aggron|Rest|p2a: Aggron
|-status|p2a: Aggron|slp
|-heal|p2a: Aggron|344\/344 slp|[silent]
|-status|p2a: Aggron|slp|[from] move: Rest
|
|turn|15
|
|switch|p1a: Houndoom|Houndoom, M|291\/291
|cant|p2a: Aggron|slp
|move|p2a: Aggron|Sleep Talk|p2a: Aggron
|move|p2a: Aggron|Rest|p2a: Aggron|[from]Sleep Talk
|-fail|p2a: Aggron
|
|turn|16
|
|detailschange|p1a: Houndoom|Houndoom-Mega, M
|message|Houndoom has Mega Evolved into Mega Houndoom!
|move|p1a: Houndoom|Flamethrower|p2a: Aggron
|-supereffective|p2a: Aggron
|-damage|p2a: Aggron|128\/344 slp
|cant|p2a: Aggron|slp
|move|p2a: Aggron|Sleep Talk|p2a: Aggron
|move|p2a: Aggron|Curse|p2a: Aggron|[from]Sleep Talk
|
|turn|17
|
|move|p1a: Houndoom|Flamethrower|p2a: Aggron
|-supereffective|p2a: Aggron
|-damage|p2a: Aggron|0 fnt
|faint|p2a: Aggron
|
|
|switch|p2a: Porygon-Z|Porygon-Z|311\/311
|turn|18
|
|switch|p1a: Vaporeon|Vaporeon, F|464\/464
|move|p2a: Porygon-Z|Tri Attack|p1a: Vaporeon
|-damage|p1a: Vaporeon|318\/464
|
|-heal|p1a: Vaporeon|347\/464|[from] item: Leftovers
|turn|19
|
|switch|p2a: Trevenant|Trevenant, F|374\/374
|move|p1a: Vaporeon|Toxic|p2a: Trevenant
|-status|p2a: Trevenant|tox
|
|-heal|p1a: Vaporeon|376\/464|[from] item: Leftovers
|-damage|p2a: Trevenant|351\/374 tox|[from] psn
|turn|20
|
|move|p1a: Vaporeon|Protect|p1a: Vaporeon
|-singleturn|p1a: Vaporeon|Protect
|move|p2a: Trevenant|Will-O-Wisp|p1a: Vaporeon
|-activate|p1a: Vaporeon|Protect
|
|-heal|p1a: Vaporeon|405\/464|[from] item: Leftovers
|-damage|p2a: Trevenant|305\/374 tox|[from] psn
|turn|21
|
|switch|p1a: Houndoom|Houndoom-Mega, M|291\/291
|move|p2a: Trevenant|Will-O-Wisp|p1a: Houndoom
|-fail|p1a: Houndoom
|
|-damage|p2a: Trevenant|236\/374 tox|[from] psn
|turn|22
|
|switch|p2a: Hitmonchan|Hitmonchan, M|304\/304
|move|p1a: Houndoom|Flamethrower|p2a: Hitmonchan
|-damage|p2a: Hitmonchan|193\/304
|
|turn|23
|
|move|p1a: Houndoom|Will-O-Wisp|p2a: Hitmonchan|[miss]
|-miss|p1a: Houndoom|p2a: Hitmonchan
|move|p2a: Hitmonchan|Drain Punch|p1a: Houndoom
|-supereffective|p1a: Houndoom
|-damage|p1a: Houndoom|0 fnt
|-heal|p2a: Hitmonchan|304\/304|[from] drain|[of] p1a: Houndoom
|faint|p1a: Houndoom
|
|
|switch|p1a: Leafeon|Leafeon, M|270\/334
|turn|24
|
|move|p1a: Leafeon|Swords Dance|p1a: Leafeon
|-boost|p1a: Leafeon|atk|2
|move|p2a: Hitmonchan|Ice Punch|p1a: Leafeon
|-supereffective|p1a: Leafeon
|-damage|p1a: Leafeon|134\/334
|
|turn|25
|
|move|p1a: Leafeon|Leaf Blade|p2a: Hitmonchan
|-damage|p2a: Hitmonchan|0 fnt
|faint|p2a: Hitmonchan
|
|
|switch|p2a: Fletchinder|Fletchinder, M|265\/265
|turn|26
|
|switch|p1a: Haxorus|Haxorus, F|302\/302
|-ability|p1a: Haxorus|Mold Breaker
|move|p2a: Fletchinder|Acrobatics|p1a: Haxorus
|-damage|p1a: Haxorus|143\/302
|
|turn|27
|
|move|p2a: Fletchinder|Acrobatics|p1a: Haxorus
|-damage|p1a: Haxorus|0 fnt
|faint|p1a: Haxorus
|
|
|switch|p1a: Vaporeon|Vaporeon, F|405\/464
|turn|28
|
|switch|p2a: Trevenant|Trevenant, F|236\/374 tox
|move|p1a: Vaporeon|Scald|p2a: Trevenant
|-resisted|p2a: Trevenant
|-damage|p2a: Trevenant|193\/374 tox
|
|-heal|p1a: Vaporeon|434\/464|[from] item: Leftovers
|-damage|p2a: Trevenant|170\/374 tox|[from] psn
|turn|29
|
|move|p1a: Vaporeon|Protect|p1a: Vaporeon
|-singleturn|p1a: Vaporeon|Protect
|move|p2a: Trevenant|Rest|p2a: Trevenant
|-status|p2a: Trevenant|slp
|-heal|p2a: Trevenant|374\/374 slp|[silent]
|-status|p2a: Trevenant|slp|[from] move: Rest
|-enditem|p2a: Trevenant|Chesto Berry|[eat]
|-curestatus|p2a: Trevenant|slp
|
|-heal|p1a: Vaporeon|463\/464|[from] item: Leftovers
|turn|30
|
|move|p1a: Vaporeon|Toxic|p2a: Trevenant
|-status|p2a: Trevenant|tox
|move|p2a: Trevenant|Will-O-Wisp|p1a: Vaporeon
|-status|p1a: Vaporeon|brn
|
|-heal|p1a: Vaporeon|464\/464 brn|[from] item: Leftovers
|-damage|p1a: Vaporeon|406\/464 brn|[from] brn
|-damage|p2a: Trevenant|351\/374 tox|[from] psn
|turn|31
|
|switch|p1a: Mr. Mime|Mr. Mime, F|242\/284
|move|p2a: Trevenant|Leech Seed|p1a: Mr. Mime
|-start|p1a: Mr. Mime|move: Leech Seed
|
|-damage|p1a: Mr. Mime|207\/284|[from] Leech Seed|[of] p2a: Trevenant
|-heal|p2a: Trevenant|374\/374 tox|[silent]
|-damage|p2a: Trevenant|328\/374 tox|[from] psn
|-item|p2a: Trevenant|Chesto Berry|[from] ability: Harvest
|turn|32
|
|move|p1a: Mr. Mime|Reflect|p1a: Mr. Mime
|-sidestart|p1: ClementinoNY|Reflect
|move|p2a: Trevenant|Rest|p2a: Trevenant
|-status|p2a: Trevenant|slp
|-heal|p2a: Trevenant|374\/374 slp|[silent]
|-status|p2a: Trevenant|slp|[from] move: Rest
|-enditem|p2a: Trevenant|Chesto Berry|[eat]
|-curestatus|p2a: Trevenant|slp
|
|-damage|p1a: Mr. Mime|172\/284|[from] Leech Seed|[of] p2a: Trevenant
|-item|p2a: Trevenant|Chesto Berry|[from] ability: Harvest
|turn|33
|
|move|p1a: Mr. Mime|Light Screen|p1a: Mr. Mime
|-sidestart|p1: ClementinoNY|move: Light Screen
|move|p2a: Trevenant|Will-O-Wisp|p1a: Mr. Mime
|-status|p1a: Mr. Mime|brn
|
|-damage|p1a: Mr. Mime|137\/284 brn|[from] Leech Seed|[of] p2a: Trevenant
|-damage|p1a: Mr. Mime|102\/284 brn|[from] brn
|turn|34
|
|switch|p1a: Vaporeon|Vaporeon, F|406\/464 brn
|move|p2a: Trevenant|Will-O-Wisp|p1a: Vaporeon
|-fail|p1a: Vaporeon|brn
|
|-heal|p1a: Vaporeon|435\/464 brn|[from] item: Leftovers
|-damage|p1a: Vaporeon|377\/464 brn|[from] brn
|turn|35
|
|move|p1a: Vaporeon|Toxic|p2a: Trevenant
|-status|p2a: Trevenant|tox
|move|p2a: Trevenant|Leech Seed|p1a: Vaporeon
|-start|p1a: Vaporeon|move: Leech Seed
|
|-heal|p1a: Vaporeon|406\/464 brn|[from] item: Leftovers
|-damage|p1a: Vaporeon|348\/464 brn|[from] Leech Seed|[of] p2a: Trevenant
|-damage|p1a: Vaporeon|290\/464 brn|[from] brn
|-damage|p2a: Trevenant|351\/374 tox|[from] psn
|turn|36
|
|switch|p1a: Leafeon|Leafeon, M|134\/334
|move|p2a: Trevenant|Horn Leech|p1a: Leafeon
|-resisted|p1a: Leafeon
|-damage|p1a: Leafeon|116\/334
|-heal|p2a: Trevenant|360\/374 tox|[from] drain|[of] p1a: Leafeon
|
|-damage|p2a: Trevenant|314\/374 tox|[from] psn
|turn|37
|
|move|p1a: Leafeon|Knock Off|p2a: Trevenant
|-supereffective|p2a: Trevenant
|-damage|p2a: Trevenant|42\/374 tox
|-enditem|p2a: Trevenant|Chesto Berry|[from] move: Knock Off|[of] p1a: Leafeon
|move|p2a: Trevenant|Will-O-Wisp|p1a: Leafeon
|-status|p1a: Leafeon|brn
|-enditem|p1a: Leafeon|Lum Berry|[eat]
|-curestatus|p1a: Leafeon|brn
|
|-damage|p2a: Trevenant|0 fnt|[from] psn
|faint|p2a: Trevenant
|
|switch|p2a: Fletchinder|Fletchinder, M|265\/265
|turn|38
|
|switch|p1a: Vaporeon|Vaporeon, F|290\/464 brn
|move|p2a: Fletchinder|Acrobatics|p1a: Vaporeon
|-damage|p1a: Vaporeon|173\/464 brn
|
|-heal|p1a: Vaporeon|202\/464 brn|[from] item: Leftovers
|-damage|p1a: Vaporeon|144\/464 brn|[from] brn
|turn|39
|
|move|p2a: Fletchinder|U-turn|p1a: Vaporeon
|-damage|p1a: Vaporeon|93\/464 brn
|
|switch|p2a: Swampert|Swampert, F|404\/404
|move|p1a: Vaporeon|Scald|p2a: Swampert
|-damage|p2a: Swampert|290\/404
|-status|p2a: Swampert|brn
|
|-heal|p1a: Vaporeon|122\/464 brn|[from] item: Leftovers
|-heal|p2a: Swampert|315\/404 brn|[from] item: Leftovers
|-damage|p1a: Vaporeon|64\/464 brn|[from] brn
|-damage|p2a: Swampert|265\/404 brn|[from] brn
|-sideend|p1: ClementinoNY|Reflect
|turn|40
|c|★Banette is life|props on different team
|
|move|p1a: Vaporeon|Protect|p1a: Vaporeon
|-singleturn|p1a: Vaporeon|Protect
|move|p2a: Swampert|Roar|p1a: Vaporeon
|drag|p1a: Snorlax|Snorlax, F|196\/524
|
|-heal|p2a: Swampert|290\/404 brn|[from] item: Leftovers
|-damage|p2a: Swampert|240\/404 brn|[from] brn
|-sideend|p1: ClementinoNY|move: Light Screen
|turn|41
|
|move|p2a: Swampert|Stealth Rock|p1a: Snorlax
|-sidestart|p1: ClementinoNY|move: Stealth Rock
|move|p1a: Snorlax|Rest|p1a: Snorlax
|-status|p1a: Snorlax|slp
|-heal|p1a: Snorlax|524\/524 slp|[silent]
|-status|p1a: Snorlax|slp|[from] move: Rest
|
|-heal|p2a: Swampert|265\/404 brn|[from] item: Leftovers
|-damage|p2a: Swampert|215\/404 brn|[from] brn
|turn|42
|
|cant|p1a: Snorlax|slp
|move|p1a: Snorlax|Sleep Talk|p1a: Snorlax
|move|p1a: Snorlax|Body Slam|p2a: Swampert|[from]Sleep Talk
|-damage|p2a: Swampert|106\/404 brn
|move|p2a: Swampert|Roar|p1a: Snorlax
|drag|p1a: Leafeon|Leafeon, M|116\/334
|-damage|p1a: Leafeon|75\/334|[from] Stealth Rock
|
|-heal|p2a: Swampert|131\/404 brn|[from] item: Leftovers
|-damage|p2a: Swampert|81\/404 brn|[from] brn
|turn|43
|
|move|p1a: Leafeon|Leaf Blade|p2a: Swampert
|-supereffective|p2a: Swampert
|-damage|p2a: Swampert|0 fnt
|faint|p2a: Swampert
|
|
|switch|p2a: Fletchinder|Fletchinder, M|265\/265
|turn|44
|
|move|p2a: Fletchinder|Swords Dance|p2a: Fletchinder
|-boost|p2a: Fletchinder|atk|2
|move|p1a: Leafeon|Knock Off|p2a: Fletchinder
|-damage|p2a: Fletchinder|164\/265
|
|turn|45
|
|move|p2a: Fletchinder|Acrobatics|p1a: Leafeon
|-supereffective|p1a: Leafeon
|-damage|p1a: Leafeon|0 fnt
|faint|p1a: Leafeon
|
|
|switch|p1a: Mr. Mime|Mr. Mime, F|102\/284 brn
|-damage|p1a: Mr. Mime|67\/284 brn|[from] Stealth Rock
|turn|46
|
|move|p2a: Fletchinder|Acrobatics|p1a: Mr. Mime
|-damage|p1a: Mr. Mime|0 fnt
|faint|p1a: Mr. Mime
|
|
|switch|p1a: Snorlax|Snorlax, F|524\/524 slp
|-damage|p1a: Snorlax|459\/524 slp|[from] Stealth Rock
|turn|47
|
|move|p2a: Fletchinder|Acrobatics|p1a: Snorlax
|-damage|p1a: Snorlax|77\/524 slp
|cant|p1a: Snorlax|slp
|move|p1a: Snorlax|Sleep Talk|p1a: Snorlax
|move|p1a: Snorlax|Brick Break|p2a: Fletchinder|[from]Sleep Talk
|-resisted|p2a: Fletchinder
|-damage|p2a: Fletchinder|100\/265
|
|turn|48
|
|move|p2a: Fletchinder|Acrobatics|p1a: Snorlax
|-damage|p1a: Snorlax|0 fnt
|faint|p1a: Snorlax
|
|c|★Banette is life|gg
|c|★ClementinoNY|gg
|-message|ClementinoNY forfeited.
|
|win|Banette is life
|raw|Ladder updating...
|leave|ClementinoNY
|player|p1
|raw|ClementinoNY's rating: 1277 &rarr; <strong>1245<\/strong><br \/>(-32 for losing)
|raw|Banette is life's rating: 1174 &rarr; <strong>1206<\/strong><br \/>(+32 for winning)