|join|Banette is life
|join|BruhBall
|player|p1|Banette is life|169
|player|p2|BruhBall|278
|gametype|singles
|gen|6
|tier|UU
|rated
|rule|Sleep Clause Mod: Limit one foe put to sleep
|rule|Species Clause: Limit one of each Pokémon
|rule|OHKO Clause: OHKO moves are banned
|rule|Moody Clause: Moody is banned
|rule|Evasion Moves Clause: Evasion moves are banned
|rule|Endless Battle Clause: Forcing endless battles is banned
|rule|HP Percentage Mod: HP is shown in percentages
|clearpoke
|poke|p1|Medicham, F
|poke|p1|Donphan, M
|poke|p1|Lanturn, F
|poke|p1|Roserade, M
|poke|p1|Slurpuff, M
|poke|p1|Hydreigon, M
|poke|p2|Ampharos, F
|poke|p2|Jirachi
|poke|p2|Crobat, M
|poke|p2|Celebi
|poke|p2|Vaporeon, F
|poke|p2|Chandelure, M
|rule|Swagger Clause: Swagger is banned
|rule|Baton Pass Clause: Limit one Pokémon knowing Baton Pass
|teampreview
|
|start
|switch|p1a: Roll me out|Donphan, M|383\/383
|switch|p2a: Celery|Celebi|341\/341
|turn|1
|
|switch|p1a: MF Drag Mag|Hydreigon, M|325\/325
|move|p2a: Celery|Giga Drain|p1a: MF Drag Mag
|-resisted|p1a: MF Drag Mag
|-damage|p1a: MF Drag Mag|241\/325
|-damage|p2a: Celery|307\/341|[from] item: Life Orb
|
|turn|2
|
|switch|p2a: Vicks|Vaporeon, F|451\/451
|move|p1a: MF Drag Mag|U-turn|p2a: Vicks
|-damage|p2a: Vicks|395\/451
|
|switch|p1a: ExGF Assassin|Roserade, M|261\/261
|
|-heal|p2a: Vicks|423\/451|[from] item: Leftovers
|turn|3
|
|switch|p2a: get AMP'D|Ampharos, F|383\/383
|move|p1a: ExGF Assassin|Giga Drain|p2a: get AMP'D
|-damage|p2a: get AMP'D|206\/383
|-damage|p1a: ExGF Assassin|235\/261|[from] item: Life Orb
|
|turn|4
|
|detailschange|p2a: get AMP'D|Ampharos-Mega, F
|-mega|p2a: get AMP'D|Ampharos|Ampharosite
|-ability|p2a: get AMP'D|Mold Breaker
|move|p1a: ExGF Assassin|Sludge Bomb|p2a: get AMP'D
|-damage|p2a: get AMP'D|25\/383
|-damage|p1a: ExGF Assassin|209\/261|[from] item: Life Orb
|move|p2a: get AMP'D|Volt Switch|p1a: ExGF Assassin
|-resisted|p1a: ExGF Assassin
|-damage|p1a: ExGF Assassin|152\/261
|
|switch|p2a: Not So FatBat|Crobat, M|373\/373
|
|turn|5
|
|switch|p2a: Celery|Celebi|307\/341
|switch|p1a: Roll me out|Donphan, M|383\/383
|
|turn|6
|
|switch|p1a: MF Drag Mag|Hydreigon, M|241\/325
|move|p2a: Celery|Giga Drain|p1a: MF Drag Mag
|-resisted|p1a: MF Drag Mag
|-damage|p1a: MF Drag Mag|159\/325
|-heal|p2a: Celery|341\/341|[from] drain|[of] p1a: MF Drag Mag
|-damage|p2a: Celery|307\/341|[from] item: Life Orb
|
|turn|7
|
|switch|p2a: Vicks|Vaporeon, F|423\/451
|move|p1a: MF Drag Mag|U-turn|p2a: Vicks
|-damage|p2a: Vicks|375\/451
|
|switch|p1a: Silent&Deadly|Slurpuff, M|324\/324
|
|-heal|p2a: Vicks|403\/451|[from] item: Leftovers
|turn|8
|
|move|p1a: Silent&Deadly|Belly Drum|p1a: Silent&Deadly
|-damage|p1a: Silent&Deadly|162\/324
|-setboost|p1a: Silent&Deadly|atk|6|[from] move: Belly Drum
|-enditem|p1a: Silent&Deadly|Sitrus Berry|[eat]
|-heal|p1a: Silent&Deadly|243\/324|[from] item: Sitrus Berry
|move|p2a: Vicks|Scald|p1a: Silent&Deadly
|-damage|p1a: Silent&Deadly|111\/324
|
|-heal|p2a: Vicks|431\/451|[from] item: Leftovers
|turn|9
|
|switch|p2a: Jiraya|Jirachi|341\/341
|move|p1a: Silent&Deadly|Play Rough|p2a: Jiraya|[miss]
|-miss|p1a: Silent&Deadly|p2a: Jiraya
|
|turn|10
|c|★Banette is life|............
|
|move|p1a: Silent&Deadly|Drain Punch|p2a: Jiraya
|-damage|p2a: Jiraya|94\/341
|-heal|p1a: Silent&Deadly|235\/324|[from] drain|[of] p2a: Jiraya
|move|p2a: Jiraya|Iron Head|p1a: Silent&Deadly
|-supereffective|p1a: Silent&Deadly
|-damage|p1a: Silent&Deadly|0 fnt
|faint|p1a: Silent&Deadly
|
|-heal|p2a: Jiraya|115\/341|[from] item: Leftovers
|c|★Banette is life|i won if that hit.......
|c|★BruhBall|how?
|c|★BruhBall|i have a number of things to outspeed
|c|★BruhBall|do i not?
|c|★Banette is life|unburden
|
|switch|p1a: MF Drag Mag|Hydreigon, M|159\/325
|turn|11
|c|★Banette is life|doubles my speed
|c|★BruhBall|crobat?
|c|★BruhBall|what would you of done to crobat?
|c|★Banette is life|im jolly to where i outspeed scarf jolly 100s
|c|★Banette is life|return at +6 ohkos
|c|★BruhBall|k
|
|move|p1a: MF Drag Mag|Dark Pulse|p2a: Jiraya
|-supereffective|p2a: Jiraya
|-damage|p2a: Jiraya|0 fnt
|faint|p2a: Jiraya
|
|
|switch|p2a: Vicks|Vaporeon, F|431\/451
|turn|12
|c|★Banette is life|+6 252 Atk Slurpuff Return vs. 248 HP \/ 0 Def Crobat: 385-454 (103.2 - 121.7%) -- guaranteed OHKO
|
|switch|p1a: ExGF Assassin|Roserade, M|152\/261
|move|p2a: Vicks|Wish|p2a: Vicks
|
|-heal|p2a: Vicks|451\/451|[from] item: Leftovers
|turn|13
|
|switch|p2a: Not So FatBat|Crobat, M|373\/373
|move|p1a: ExGF Assassin|Hidden Power|p2a: Not So FatBat
|-supereffective|p2a: Not So FatBat
|-damage|p2a: Not So FatBat|165\/373
|-damage|p1a: ExGF Assassin|126\/261|[from] item: Life Orb
|
|-heal|p2a: Not So FatBat|373\/373|[from] move: Wish|[wisher] Vicks
|turn|14
|
|switch|p2a: get AMP'D|Ampharos-Mega, F|25\/383
|-ability|p2a: get AMP'D|Mold Breaker
|switch|p1a: Roll me out|Donphan, M|383\/383
|
|turn|15
|
|switch|p2a: Vicks|Vaporeon, F|451\/451
|move|p1a: Roll me out|Ice Shard|p2a: Vicks
|-resisted|p2a: Vicks
|-damage|p2a: Vicks|434\/451
|
|-heal|p2a: Vicks|451\/451|[from] item: Leftovers
|turn|16
|c|★Banette is life|why is vicks such a perfect name
|c|★BruhBall|Vicks Vapor Rub tho
|
|move|p2a: Vicks|Scald|p1a: Roll me out
|-supereffective|p1a: Roll me out
|-damage|p1a: Roll me out|63\/383
|move|p1a: Roll me out|Stealth Rock|p2a: Vicks
|-sidestart|p2: BruhBall|move: Stealth Rock
|
|-heal|p1a: Roll me out|86\/383|[from] item: Leftovers
|turn|17
|c|★BruhBall|shit burns
|c|★Banette is life|actually tje perfect name
|c|★BruhBall|right under your nose
|
|switch|p1a: ExGF Assassin|Roserade, M|126\/261
|move|p2a: Vicks|Scald|p1a: ExGF Assassin
|-resisted|p1a: ExGF Assassin
|-damage|p1a: ExGF Assassin|77\/261
|-status|p1a: ExGF Assassin|brn
|
|-damage|p1a: ExGF Assassin|45\/261 brn|[from] brn
|turn|18
|
|switch|p2a: get AMP'D|Ampharos-Mega, F|25\/383
|-damage|p2a: get AMP'D|0 fnt|[from] Stealth Rock
|faint|p2a: get AMP'D
|move|p1a: ExGF Assassin|Synthesis|p1a: ExGF Assassin
|-heal|p1a: ExGF Assassin|175\/261 brn
|
|-damage|p1a: ExGF Assassin|143\/261 brn|[from] brn
|c|★Banette is life|sp pissed slurpuff missed
|
|switch|p2a: Not So FatBat|Crobat, M|373\/373
|-damage|p2a: Not So FatBat|280\/373|[from] Stealth Rock
|turn|19
|
|switch|p1a: Roll me out|Donphan, M|86\/383
|move|p2a: Not So FatBat|Defog|p1a: Roll me out
|-unboost|p1a: Roll me out|evasion|1
|-sideend|p2: BruhBall|Stealth Rock|[from] move: Defog|[of] p2a: Not So FatBat
|
|-heal|p2a: Not So FatBat|303\/373|[from] item: Black Sludge
|-heal|p1a: Roll me out|109\/383|[from] item: Leftovers
|turn|20
|
|move|p2a: Not So FatBat|Brave Bird|p1a: Roll me out
|-damage|p1a: Roll me out|19\/383
|-damage|p2a: Not So FatBat|273\/373|[from] recoil|[of] p1a: Roll me out
|move|p1a: Roll me out|Stealth Rock|p2a: Not So FatBat
|-sidestart|p2: BruhBall|move: Stealth Rock
|
|-heal|p2a: Not So FatBat|296\/373|[from] item: Black Sludge
|-heal|p1a: Roll me out|42\/383|[from] item: Leftovers
|turn|21
|
|move|p2a: Not So FatBat|Brave Bird|p1a: Roll me out
|-damage|p1a: Roll me out|0 fnt
|-damage|p2a: Not So FatBat|282\/373|[from] recoil|[of] p1a: Roll me out
|faint|p1a: Roll me out
|
|-heal|p2a: Not So FatBat|305\/373|[from] item: Black Sludge
|
|switch|p1a: MF Drag Mag|Hydreigon, M|159\/325
|turn|22
|
|move|p1a: MF Drag Mag|Draco Meteor|p2a: Not So FatBat
|-crit|p2a: Not So FatBat
|-damage|p2a: Not So FatBat|0 fnt
|-unboost|p1a: MF Drag Mag|spa|2
|faint|p2a: Not So FatBat
|
|c|★Banette is life|are you 248 hp?
|c|★BruhBall|ye
|c|★Banette is life|then crit mattered
|c|★BruhBall|its watever tho
|c|★Banette is life|but im not sorry cause slurp miss lol
|
|switch|p2a: Celery|Celebi|307\/341
|-damage|p2a: Celery|265\/341|[from] Stealth Rock
|turn|23
|c|★BruhBall|well
|c|★BruhBall|okay then
|c|★Banette is life|please no sd
|
|switch|p1a: ExGF Assassin|Roserade, M|143\/261
|move|p2a: Celery|Giga Drain|p1a: ExGF Assassin
|-resisted|p1a: ExGF Assassin
|-damage|p1a: ExGF Assassin|111\/261
|-heal|p2a: Celery|281\/341|[from] drain|[of] p1a: ExGF Assassin
|-damage|p2a: Celery|247\/341|[from] item: Life Orb
|
|turn|24
|
|move|p2a: Celery|Psychic|p1a: ExGF Assassin
|-supereffective|p1a: ExGF Assassin
|-damage|p1a: ExGF Assassin|0 fnt
|-damage|p2a: Celery|213\/341|[from] item: Life Orb
|faint|p1a: ExGF Assassin
|
|c|★Banette is life|fuck
|
|switch|p1a: MF Drag Mag|Hydreigon, M|159\/325
|turn|25
|
|switch|p2a: Vicks|Vaporeon, F|451\/451
|-damage|p2a: Vicks|395\/451|[from] Stealth Rock
|move|p1a: MF Drag Mag|U-turn|p2a: Vicks
|-damage|p2a: Vicks|341\/451
|
|switch|p1a: Fck Gallade|Medicham, F|261\/261
|
|-heal|p2a: Vicks|369\/451|[from] item: Leftovers
|turn|26
|
|detailschange|p1a: Fck Gallade|Medicham-Mega, F
|-mega|p1a: Fck Gallade|Medicham|Medichamite
|move|p1a: Fck Gallade|Fake Out|p2a: Vicks
|-damage|p2a: Vicks|290\/451
|cant|p2a: Vicks|flinch
|
|-heal|p2a: Vicks|318\/451|[from] item: Leftovers
|turn|27
|
|move|p1a: Fck Gallade|Poison Jab|p2a: Vicks
|-damage|p2a: Vicks|165\/451
|-status|p2a: Vicks|psn
|move|p2a: Vicks|Scald|p1a: Fck Gallade
|-damage|p1a: Fck Gallade|149\/261
|
|-heal|p2a: Vicks|193\/451 psn|[from] item: Leftovers
|-damage|p2a: Vicks|137\/451 psn|[from] psn
|turn|28
|c|★BruhBall|welp
|c|★Banette is life|i thought protect lol
|
|move|p1a: Fck Gallade|Poison Jab|p2a: Vicks
|-damage|p2a: Vicks|0 fnt
|faint|p2a: Vicks
|
|c|★BruhBall|i knew you would think i was going for it
|c|★Banette is life|gg
|
|switch|p2a: Lampa Del Rey|Chandelure, M|261\/261
|-damage|p2a: Lampa Del Rey|196\/261|[from] Stealth Rock
|turn|29
|c|★BruhBall|so i tried to burn
|c|★BruhBall|but ye gg
|
|move|p2a: Lampa Del Rey|Shadow Ball|p1a: Fck Gallade
|-supereffective|p1a: Fck Gallade
|-damage|p1a: Fck Gallade|0 fnt
|faint|p1a: Fck Gallade
|
|
|switch|p1a: MF Drag Mag|Hydreigon, M|159\/325
|turn|30
|
|move|p1a: MF Drag Mag|Dark Pulse|p2a: Lampa Del Rey
|-supereffective|p2a: Lampa Del Rey
|-damage|p2a: Lampa Del Rey|0 fnt
|faint|p2a: Lampa Del Rey
|
|
|switch|p2a: Celery|Celebi|213\/341
|-damage|p2a: Celery|171\/341|[from] Stealth Rock
|turn|31
|
|move|p1a: MF Drag Mag|Dark Pulse|p2a: Celery
|-supereffective|p2a: Celery
|-damage|p2a: Celery|0 fnt
|faint|p2a: Celery
|
|win|Banette is life
|raw|Ladder updating...
|raw|Banette is life's rating: 1485 &rarr; <strong>1501<\/strong><br \/>(+16 for winning)
|raw|BruhBall's rating: 1427 &rarr; <strong>1410<\/strong><br \/>(-17 for losing)
|leave|BruhBall
|player|p2