|join|i came from leddit
|join|Appreciation
|player|p1|i came from leddit|91
|player|p2|Appreciation|266
|gametype|singles
|gen|6
|tier|OU
|clearpoke
|poke|p1|Alakazam, F
|poke|p1|Aerodactyl, M
|poke|p1|Thundurus, M
|poke|p1|Diggersby, M
|poke|p1|Keldeo
|poke|p1|Azumarill, M
|poke|p2|Garchomp, F
|poke|p2|Landorus, M
|poke|p2|Thundurus, M
|poke|p2|Keldeo
|poke|p2|Lopunny, M
|poke|p2|Bisharp, F
|rule|Swagger Clause: Swagger is banned
|rule|Baton Pass Clause: Limit one Pokémon knowing Baton Pass
|rule|Sleep Clause Mod: Limit one foe put to sleep
|rule|Species Clause: Limit one of each Pokémon
|rule|OHKO Clause: OHKO moves are banned
|rule|Moody Clause: Moody is banned
|rule|Evasion Moves Clause: Evasion moves are banned
|rule|Endless Battle Clause: Forcing endless battles is banned
|rule|HP Percentage Mod: HP is shown in percentages
|teampreview
|
|start
|switch|p1a: nice sr xd|Aerodactyl, M|301\/301
|switch|p2a: Lopunny|Lopunny, M|271\/271
|-ability|p1a: nice sr xd|Pressure
|turn|1
|
|detailschange|p2a: Lopunny|Lopunny-Mega, M
|-mega|p2a: Lopunny|Lopunny|Lopunnite
|move|p2a: Lopunny|Fake Out|p1a: nice sr xd
|-crit|p1a: nice sr xd
|-resisted|p1a: nice sr xd
|-damage|p1a: nice sr xd|225\/301
|cant|p1a: nice sr xd|flinch
|
|turn|2
|
|move|p2a: Lopunny|Ice Punch|p1a: nice sr xd
|-supereffective|p1a: nice sr xd
|-damage|p1a: nice sr xd|0 fnt
|faint|p1a: nice sr xd
|
|
|switch|p1a: SNACKWLAP|Azumarill, M|403\/403
|turn|3
|
|move|p2a: Lopunny|Frustration|p1a: SNACKWLAP
|-damage|p1a: SNACKWLAP|244\/403
|move|p1a: SNACKWLAP|Scald|p2a: Lopunny
|-damage|p2a: Lopunny|208\/271
|-status|p2a: Lopunny|brn
|
|-heal|p1a: SNACKWLAP|269\/403|[from] item: Leftovers
|-damage|p2a: Lopunny|175\/271 brn|[from] brn
|turn|4
|
|switch|p2a: Thundurus|Thundurus, M|299\/299
|move|p1a: SNACKWLAP|Amnesia|p1a: SNACKWLAP
|-boost|p1a: SNACKWLAP|spd|2
|
|-heal|p1a: SNACKWLAP|294\/403|[from] item: Leftovers
|turn|5
|
|switch|p1a: specs haha xd|Diggersby, M|311\/311
|move|p2a: Thundurus|Thunderbolt|p1a: specs haha xd
|-immune|p1a: specs haha xd|[msg]
|
|turn|6
|
|move|p2a: Thundurus|Hidden Power|p1a: specs haha xd
|-supereffective|p1a: specs haha xd
|-damage|p1a: specs haha xd|41\/311
|-damage|p2a: Thundurus|270\/299|[from] item: Life Orb
|move|p1a: specs haha xd|Nature Power|p2a: Thundurus
|move|p1a: specs haha xd|Tri Attack|p2a: Thundurus|[from]Nature Power
|-damage|p2a: Thundurus|162\/299
|
|turn|7
|join|LT3A Dragonuser
|
|move|p2a: Thundurus|Hidden Power|p1a: specs haha xd
|-supereffective|p1a: specs haha xd
|-damage|p1a: specs haha xd|0 fnt
|-damage|p2a: Thundurus|133\/299|[from] item: Life Orb
|faint|p1a: specs haha xd
|
|
|switch|p1a: a bit too good|Thundurus, M|299\/299
|turn|8
|
|move|p2a: Thundurus|Thunderbolt|p1a: a bit too good
|-damage|p1a: a bit too good|25\/299
|-damage|p2a: Thundurus|104\/299|[from] item: Life Orb
|move|p1a: a bit too good|Thunderbolt|p2a: Thundurus
|-damage|p2a: Thundurus|0 fnt
|-damage|p1a: a bit too good|0 fnt|[from] item: Life Orb
|faint|p2a: Thundurus
|faint|p1a: a bit too good
|
|
|switch|p1a: no time for games|Alakazam, F|251\/251
|switch|p2a: Garchomp|Garchomp, F|357\/357
|turn|9
|
|detailschange|p1a: no time for games|Alakazam-Mega, F
|-mega|p1a: no time for games|Alakazam|Alakazite
|-ability|p1a: no time for games|Rough Skin|[from] ability: Trace|[of] p2a: Garchomp
|move|p1a: no time for games|Substitute|p1a: no time for games
|-start|p1a: no time for games|Substitute
|-damage|p1a: no time for games|189\/251
|move|p2a: Garchomp|Earthquake|p1a: no time for games
|-end|p1a: no time for games|Substitute
|
|turn|10
|
|move|p1a: no time for games|Kinesis|p2a: Garchomp
|-unboost|p2a: Garchomp|accuracy|1
|move|p2a: Garchomp|Earthquake|p1a: no time for games
|-crit|p1a: no time for games
|-damage|p1a: no time for games|0 fnt
|faint|p1a: no time for games
|
|c|★i came from leddit|rip
|
|switch|p1a: SNACKWLAP|Azumarill, M|294\/403
|turn|11
|
|move|p2a: Garchomp|Earthquake|p1a: SNACKWLAP
|-damage|p1a: SNACKWLAP|138\/403
|move|p1a: SNACKWLAP|Scald|p2a: Garchomp
|-damage|p2a: Garchomp|282\/357
|
|-heal|p1a: SNACKWLAP|163\/403|[from] item: Leftovers
|turn|12
|
|move|p2a: Garchomp|Earthquake|p1a: SNACKWLAP
|-damage|p1a: SNACKWLAP|12\/403
|move|p1a: SNACKWLAP|Scald|p2a: Garchomp
|-damage|p2a: Garchomp|204\/357
|
|-heal|p1a: SNACKWLAP|37\/403|[from] item: Leftovers
|turn|13
|
|move|p2a: Garchomp|Earthquake|p1a: SNACKWLAP
|-damage|p1a: SNACKWLAP|0 fnt
|faint|p1a: SNACKWLAP
|
|
|switch|p1a: no memes here|Keldeo|323\/323
|turn|14
|
|move|p1a: no memes here|Swords Dance|p1a: no memes here
|-boost|p1a: no memes here|atk|2
|move|p2a: Garchomp|Outrage|p1a: no memes here
|-damage|p1a: no memes here|71\/323
|
|-status|p1a: no memes here|tox|[from] item: Toxic Orb
|turn|15
|
|move|p1a: no memes here|Facade|p2a: Garchomp
|-damage|p2a: Garchomp|0 fnt
|-damage|p1a: no memes here|31\/323 tox|[from] ability: Rough Skin|[of] p2a: Garchomp
|faint|p2a: Garchomp
|
|-damage|p1a: no memes here|11\/323 tox|[from] psn
|
|switch|p2a: Landorus|Landorus, M|319\/319
|turn|16
|
|switch|p2a: Bisharp|Bisharp, F|271\/271
|move|p1a: no memes here|Bounce|p2a: Bisharp|[still]
|-prepare|p1a: no memes here|Bounce|p2a: Bisharp
|
|-damage|p1a: no memes here|0 fnt|[from] psn
|faint|p1a: no memes here
|
|win|Appreciation