|join|Appreciation
|join|Wordialchaic
|player|p1|Appreciation|68
|player|p2|Wordialchaic|265
|gametype|singles
|gen|6
|tier|OU
|rated
|clearpoke
|poke|p1|Lopunny, M
|poke|p1|Rotom-Wash
|poke|p1|Latias, F
|poke|p1|Keldeo
|poke|p1|Skarmory, F
|poke|p1|Heatran, F
|poke|p2|Crawdaunt, M
|poke|p2|Garchomp, M
|poke|p2|Landorus-Therian, M
|poke|p2|Azumarill, M
|poke|p2|Gengar, F
|poke|p2|Manectric, F
|rule|Swagger Clause: Swagger is banned
|rule|Baton Pass Clause: Limit one Pokémon knowing Baton Pass
|rule|Sleep Clause Mod: Limit one foe put to sleep
|rule|Species Clause: Limit one of each Pokémon
|rule|OHKO Clause: OHKO moves are banned
|rule|Moody Clause: Moody is banned
|rule|Evasion Moves Clause: Evasion moves are banned
|rule|Endless Battle Clause: Forcing endless battles is banned
|rule|HP Percentage Mod: HP is shown in percentages
|teampreview
|
|start
|switch|p1a: Lopunny|Lopunny, M|271\/271
|switch|p2a: Gengar|Gengar, F|262\/262
|turn|1
|
|detailschange|p1a: Lopunny|Lopunny-Mega, M
|-mega|p1a: Lopunny|Lopunny|Lopunnite
|move|p1a: Lopunny|Fake Out|p2a: Gengar
|-damage|p2a: Gengar|142\/262
|cant|p2a: Gengar|flinch
|
|turn|2
|
|switch|p2a: Azumarill|Azumarill, M|399\/399
|move|p1a: Lopunny|Power-Up Punch|p2a: Azumarill
|-crit|p2a: Azumarill
|-resisted|p2a: Azumarill
|-damage|p2a: Azumarill|327\/399
|-boost|p1a: Lopunny|atk|1
|
|turn|3
|c|★Wordialchaic|Are you calc-ing this
|
|move|p1a: Lopunny|Return|p2a: Azumarill
|-damage|p2a: Azumarill|0 fnt
|faint|p2a: Azumarill
|
|
|switch|p2a: Landorus-Therian|Landorus-Therian, M|319\/319
|-ability|p2a: Landorus-Therian|Intimidate|[of] p1a: Lopunny
|-unboost|p1a: Lopunny|atk|1
|turn|4
|
|switch|p1a: Rotom-Wash|Rotom-Wash|303\/303
|move|p2a: Landorus-Therian|Superpower|p1a: Rotom-Wash
|-damage|p1a: Rotom-Wash|206\/303
|-unboost|p2a: Landorus-Therian|atk|1
|-unboost|p2a: Landorus-Therian|def|1
|
|-heal|p1a: Rotom-Wash|224\/303|[from] item: Leftovers
|turn|5
|
|switch|p2a: Garchomp|Garchomp, M|358\/358
|move|p1a: Rotom-Wash|Will-O-Wisp|p2a: Garchomp|[miss]
|-miss|p1a: Rotom-Wash|p2a: Garchomp
|
|-heal|p1a: Rotom-Wash|242\/303|[from] item: Leftovers
|turn|6
|c|★Appreciation|lol
|
|move|p2a: Garchomp|Stealth Rock|p1a: Rotom-Wash
|-sidestart|p1: Appreciation|move: Stealth Rock
|move|p1a: Rotom-Wash|Will-O-Wisp|p2a: Garchomp
|-status|p2a: Garchomp|brn
|-enditem|p2a: Garchomp|Lum Berry|[eat]
|-curestatus|p2a: Garchomp|brn
|
|-heal|p1a: Rotom-Wash|260\/303|[from] item: Leftovers
|turn|7
|c|★Appreciation|so lucky
|
|move|p2a: Garchomp|Swords Dance|p2a: Garchomp
|-boost|p2a: Garchomp|atk|2
|move|p1a: Rotom-Wash|Will-O-Wisp|p2a: Garchomp
|-status|p2a: Garchomp|brn
|
|-heal|p1a: Rotom-Wash|278\/303|[from] item: Leftovers
|-damage|p2a: Garchomp|314\/358 brn|[from] brn
|turn|8
|c|★Wordialchaic|Right?
|c|★Appreciation|u think that wasnt lucky?
|c|★Appreciation|haha
|c|★Wordialchaic|It was
|c|★Wordialchaic|Lucky
|c|★Appreciation|ok
|c|★Wordialchaic|But that wouldn't have made much of a diffrence anyway
|c|★Wordialchaic|Garchomp is to sac
|c|★Wordialchaic|Not to make big plays with
|
|switch|p1a: Skarmory|Skarmory, F|333\/333
|-damage|p1a: Skarmory|292\/333|[from] Stealth Rock
|move|p2a: Garchomp|Dragon Claw|p1a: Skarmory
|-resisted|p1a: Skarmory
|-damage|p1a: Skarmory|251\/333
|-damage|p2a: Garchomp|255\/358 brn|[from] item: Rocky Helmet|[of] p1a: Skarmory
|
|-damage|p2a: Garchomp|211\/358 brn|[from] brn
|turn|9
|
|switch|p2a: Manectric|Manectric, F|281\/281
|move|p1a: Skarmory|Stealth Rock|p2a: Manectric
|-sidestart|p2: Wordialchaic|move: Stealth Rock
|
|turn|10
|
|switch|p1a: Latias|Latias, F|301\/301
|-damage|p1a: Latias|264\/301|[from] Stealth Rock
|detailschange|p2a: Manectric|Manectric-Mega, F
|-mega|p2a: Manectric|Manectric|Manectite
|-ability|p2a: Manectric|Intimidate|[of] p1a: Latias
|-unboost|p1a: Latias|atk|1
|move|p2a: Manectric|Volt Switch|p1a: Latias
|-crit|p1a: Latias
|-resisted|p1a: Latias
|-damage|p1a: Latias|183\/301
|
|switch|p2a: Landorus-Therian|Landorus-Therian, M|319\/319
|-damage|p2a: Landorus-Therian|280\/319|[from] Stealth Rock
|-ability|p2a: Landorus-Therian|Intimidate|[of] p1a: Latias
|-unboost|p1a: Latias|atk|1
|
|turn|11
|
|move|p2a: Landorus-Therian|U-turn|p1a: Latias
|-supereffective|p1a: Latias
|-damage|p1a: Latias|0 fnt
|faint|p1a: Latias
|
|switch|p2a: Manectric|Manectric-Mega, F|281\/281
|-damage|p2a: Manectric|246\/281|[from] Stealth Rock
|
|
|switch|p1a: Heatran|Heatran, F|323\/323
|-damage|p1a: Heatran|283\/323|[from] Stealth Rock
|turn|12
|
|move|p1a: Heatran|Fire Blast|p2a: Manectric
|-damage|p2a: Manectric|0 fnt
|faint|p2a: Manectric
|
|
|switch|p2a: Crawdaunt|Crawdaunt, M|269\/269
|-damage|p2a: Crawdaunt|236\/269|[from] Stealth Rock
|turn|13
|
|move|p1a: Heatran|Fire Blast|p2a: Crawdaunt
|-resisted|p2a: Crawdaunt
|-damage|p2a: Crawdaunt|74\/269
|move|p2a: Crawdaunt|Swords Dance|p2a: Crawdaunt
|-boost|p2a: Crawdaunt|atk|2
|
|turn|14
|c|★Wordialchaic|Are you ready for this?
|
|move|p2a: Crawdaunt|Aqua Jet|p1a: Heatran
|-supereffective|p1a: Heatran
|-damage|p1a: Heatran|0 fnt
|-damage|p2a: Crawdaunt|48\/269|[from] item: Life Orb
|faint|p1a: Heatran
|
|
|switch|p1a: Lopunny|Lopunny-Mega, M|271\/271
|-damage|p1a: Lopunny|255\/271|[from] Stealth Rock
|turn|15
|c|★Appreciation|i am
|
|switch|p2a: Garchomp|Garchomp, M|211\/358 brn
|-damage|p2a: Garchomp|189\/358 brn|[from] Stealth Rock
|move|p1a: Lopunny|Fake Out|p2a: Garchomp
|-damage|p2a: Garchomp|110\/358 brn
|-damage|p1a: Lopunny|222\/271|[from] ability: Rough Skin|[of] p2a: Garchomp
|
|-damage|p2a: Garchomp|66\/358 brn|[from] brn
|turn|16
|
|move|p1a: Lopunny|Power-Up Punch|p2a: Garchomp
|-damage|p2a: Garchomp|0 fnt
|-damage|p1a: Lopunny|189\/271|[from] ability: Rough Skin|[of] p2a: Garchomp
|-boost|p1a: Lopunny|atk|1
|faint|p2a: Garchomp
|
|
|switch|p2a: Crawdaunt|Crawdaunt, M|48\/269
|-damage|p2a: Crawdaunt|15\/269|[from] Stealth Rock
|turn|17
|
|switch|p1a: Rotom-Wash|Rotom-Wash|278\/303
|-damage|p1a: Rotom-Wash|241\/303|[from] Stealth Rock
|move|p2a: Crawdaunt|Aqua Jet|p1a: Rotom-Wash
|-resisted|p1a: Rotom-Wash
|-damage|p1a: Rotom-Wash|199\/303
|-damage|p2a: Crawdaunt|0 fnt|[from] item: Life Orb
|faint|p2a: Crawdaunt
|
|-heal|p1a: Rotom-Wash|217\/303|[from] item: Leftovers
|
|switch|p2a: Gengar|Gengar, F|142\/262
|-damage|p2a: Gengar|110\/262|[from] Stealth Rock
|turn|18
|
|move|p2a: Gengar|Sludge Wave|p1a: Rotom-Wash
|-damage|p1a: Rotom-Wash|26\/303
|-status|p1a: Rotom-Wash|psn
|-damage|p2a: Gengar|84\/262|[from] item: Life Orb
|move|p1a: Rotom-Wash|Volt Switch|p2a: Gengar
|-damage|p2a: Gengar|0 fnt
|faint|p2a: Gengar
|
|switch|p1a: Keldeo|Keldeo|323\/323
|-damage|p1a: Keldeo|303\/323|[from] Stealth Rock
|
|-heal|p1a: Keldeo|323\/323|[from] item: Leftovers
|
|switch|p2a: Landorus-Therian|Landorus-Therian, M|280\/319
|-damage|p2a: Landorus-Therian|241\/319|[from] Stealth Rock
|-ability|p2a: Landorus-Therian|Intimidate|[of] p1a: Keldeo
|-unboost|p1a: Keldeo|atk|1
|turn|19
|-message|Wordialchaic forfeited.
|
|win|Appreciation
|raw|Ladder updating...
|leave|Wordialchaic
|player|p2
|raw|Appreciation's rating: 1654 &rarr; <strong>1666<\/strong><br \/>(+12 for winning)
|raw|Wordialchaic's rating: 1519 &rarr; <strong>1506<\/strong><br \/>(-13 for losing)