|join|Jeevs
|join|Planet Hell
|player|p1|Jeevs|52
|player|p2|Planet Hell|190
|gametype|singles
|gen|6
|tier|OU
|clearpoke
|poke|p1|Breloom, M
|poke|p1|Talonflame, M
|poke|p1|Greninja, F
|poke|p1|Garchomp, F
|poke|p1|Gardevoir, F
|poke|p1|Tentacruel, F
|poke|p2|Rotom-Wash
|poke|p2|Greninja, F
|poke|p2|Landorus-Therian, M
|poke|p2|Empoleon, M
|poke|p2|Metagross
|poke|p2|Gengar, F
|rule|Swagger Clause: Swagger is banned
|rule|Baton Pass Clause: Limit one Pokémon knowing Baton Pass
|rule|Sleep Clause Mod: Limit one foe put to sleep
|rule|Species Clause: Limit one of each Pokémon
|rule|OHKO Clause: OHKO moves are banned
|rule|Moody Clause: Moody is banned
|rule|Evasion Moves Clause: Evasion moves are banned
|rule|Endless Battle Clause: Forcing endless battles is banned
|rule|HP Percentage Mod: HP is shown in percentages
|teampreview
|join|Djsol
|join|Zibbity
|join|Gonzo Dolo
|join|Sucker Lunch
|leave|Gonzo Dolo
|
|start
|switch|p1a: Greninja|Greninja, F|285\/285
|switch|p2a: Landorus-Therian|Landorus-Therian, M|325\/325
|-ability|p2a: Landorus-Therian|Intimidate|[of] p1a: Greninja
|-unboost|p1a: Greninja|atk|1
|turn|1
|
|move|p2a: Landorus-Therian|U-turn|p1a: Greninja
|-supereffective|p1a: Greninja
|-damage|p1a: Greninja|33\/285
|
|switch|p2a: Empoleon|Empoleon, M|371\/371
|move|p1a: Greninja|U-turn|p2a: Empoleon
|-start|p1a: Greninja|typechange|Bug|[from] Protean
|-resisted|p2a: Empoleon
|-damage|p2a: Empoleon|317\/371
|c| Sucker Lunch|aww greninja ;_;
|join|Gonzo Dolo
|leave|Gonzo Dolo
|
|switch|p1a: Breloom|Breloom, M|275\/275
|
|-heal|p2a: Empoleon|340\/371|[from] item: Leftovers
|-status|p1a: Breloom|tox|[from] item: Toxic Orb
|turn|2
|join|Orei
|c| Zibbity|scarf frog ftw
|
|move|p1a: Breloom|Spore|p2a: Empoleon
|-status|p2a: Empoleon|slp
|cant|p2a: Empoleon|slp
|
|-heal|p2a: Empoleon|363\/371 slp|[from] item: Leftovers
|turn|3
|
|switch|p2a: Landorus-Therian|Landorus-Therian, M|325\/325
|-ability|p2a: Landorus-Therian|Intimidate|[of] p1a: Breloom
|-unboost|p1a: Breloom|atk|1
|move|p1a: Breloom|Seed Bomb|p2a: Landorus-Therian
|-damage|p2a: Landorus-Therian|222\/325
|
|turn|4
|
|move|p2a: Landorus-Therian|U-turn|p1a: Breloom
|-damage|p1a: Breloom|165\/275 tox
|
|switch|p2a: Gengar|Gengar, F|261\/261
|move|p1a: Breloom|Substitute|p1a: Breloom
|-start|p1a: Breloom|Substitute
|-damage|p1a: Breloom|97\/275 tox
|
|-heal|p1a: Breloom|131\/275 tox|[from] ability: Poison Heal
|turn|5
|
|move|p2a: Gengar|Shadow Ball|p1a: Breloom
|-end|p1a: Breloom|Substitute
|-damage|p2a: Gengar|235\/261|[from] item: Life Orb
|move|p1a: Breloom|Seed Bomb|p2a: Gengar
|-crit|p2a: Gengar
|-resisted|p2a: Gengar
|-damage|p2a: Gengar|65\/261
|
|-heal|p1a: Breloom|165\/275 tox|[from] ability: Poison Heal
|turn|6
|c|★Jeevs|sorryyyyy
|
|switch|p2a: Metagross|Metagross|302\/302
|switch|p1a: Tentacruel|Tentacruel, F|363\/363
|
|turn|7
|
|switch|p1a: Garchomp|Garchomp, F|419\/419
|detailschange|p2a: Metagross|Metagross-Mega
|message|Metagross has Mega Evolved into Mega Metagross!
|move|p2a: Metagross|Earthquake|p1a: Garchomp
|-damage|p1a: Garchomp|320\/419
|
|turn|8
|
|switch|p2a: Rotom-Wash|Rotom-Wash|304\/304
|move|p1a: Garchomp|Earthquake|p2a: Rotom-Wash
|-immune|p2a: Rotom-Wash|[msg]
|
|turn|9
|
|switch|p1a: Breloom|Breloom, M|165\/275 tox
|switch|p2a: Metagross|Metagross-Mega|302\/302
|
|-heal|p1a: Breloom|199\/275 tox|[from] ability: Poison Heal
|turn|10
|
|switch|p1a: Garchomp|Garchomp, F|320\/419
|move|p2a: Metagross|Ice Punch|p1a: Garchomp
|-supereffective|p1a: Garchomp
|-damage|p1a: Garchomp|0 fnt
|-damage|p2a: Metagross|265\/302|[from] ability: Rough Skin|[of] p1a: Garchomp
|-damage|p2a: Metagross|215\/302|[from] item: Rocky Helmet|[of] p1a: Garchomp
|faint|p1a: Garchomp
|
|c| Zibbity|when your opponent has LandoWash, NEVER use Earthquake
|
|switch|p1a: Talonflame|Talonflame, M|297\/297
|turn|11
|
|switch|p2a: Landorus-Therian|Landorus-Therian, M|222\/325
|-ability|p2a: Landorus-Therian|Intimidate|[of] p1a: Talonflame
|-unboost|p1a: Talonflame|atk|1
|move|p1a: Talonflame|Flare Blitz|p2a: Landorus-Therian
|-damage|p2a: Landorus-Therian|42\/325
|-damage|p1a: Talonflame|238\/297|[from] recoil|[of] p2a: Landorus-Therian
|
|turn|12
|
|switch|p1a: Tentacruel|Tentacruel, F|363\/363
|move|p2a: Landorus-Therian|U-turn|p1a: Tentacruel
|-resisted|p1a: Tentacruel
|-damage|p1a: Tentacruel|316\/363
|
|switch|p2a: Metagross|Metagross-Mega|215\/302
|
|-heal|p1a: Tentacruel|338\/363|[from] item: Black Sludge
|turn|13
|
|move|p2a: Metagross|Zen Headbutt|p1a: Tentacruel
|-supereffective|p1a: Tentacruel
|-damage|p1a: Tentacruel|0 fnt
|faint|p1a: Tentacruel
|
|
|switch|p1a: Talonflame|Talonflame, M|238\/297
|turn|14
|
|switch|p2a: Rotom-Wash|Rotom-Wash|304\/304
|move|p1a: Talonflame|Flare Blitz|p2a: Rotom-Wash
|-resisted|p2a: Rotom-Wash
|-damage|p2a: Rotom-Wash|214\/304
|-damage|p1a: Talonflame|208\/297|[from] recoil|[of] p2a: Rotom-Wash
|
|-heal|p2a: Rotom-Wash|233\/304|[from] item: Leftovers
|turn|15
|
|switch|p1a: Greninja|Greninja, F|33\/285
|move|p2a: Rotom-Wash|Volt Switch|p1a: Greninja
|-supereffective|p1a: Greninja
|-damage|p1a: Greninja|0 fnt
|faint|p1a: Greninja
|leave|Zibbity
|
|switch|p2a: Greninja|Greninja, F|285\/285
|
|
|switch|p1a: Talonflame|Talonflame, M|208\/297
|turn|16
|
|move|p1a: Talonflame|Brave Bird|p2a: Greninja
|-damage|p2a: Greninja|0 fnt
|-damage|p1a: Talonflame|114\/297|[from] recoil|[of] p2a: Greninja
|faint|p2a: Greninja
|
|
|switch|p2a: Rotom-Wash|Rotom-Wash|233\/304
|turn|17
|
|switch|p1a: Breloom|Breloom, M|199\/275 tox
|move|p2a: Rotom-Wash|Volt Switch|p1a: Breloom
|-resisted|p1a: Breloom
|-damage|p1a: Breloom|136\/275 tox
|
|switch|p2a: Metagross|Metagross-Mega|215\/302
|
|-heal|p1a: Breloom|170\/275 tox|[from] ability: Poison Heal
|turn|18
|
|move|p2a: Metagross|Zen Headbutt|p1a: Breloom
|-supereffective|p1a: Breloom
|-damage|p1a: Breloom|0 fnt
|faint|p1a: Breloom
|
|leave|Djsol
|
|switch|p1a: Talonflame|Talonflame, M|114\/297
|turn|19
|
|switch|p2a: Landorus-Therian|Landorus-Therian, M|42\/325
|-ability|p2a: Landorus-Therian|Intimidate|[of] p1a: Talonflame
|-unboost|p1a: Talonflame|atk|1
|move|p1a: Talonflame|U-turn|p2a: Landorus-Therian
|-resisted|p2a: Landorus-Therian
|-damage|p2a: Landorus-Therian|7\/325
|
|switch|p1a: Gardevoir|Gardevoir, F|277\/277
|-ability|p1a: Gardevoir|Intimidate|[from] ability: Trace|[of] p2a: Landorus-Therian
|-ability|p1a: Gardevoir|Intimidate|[of] p2a: Landorus-Therian
|-unboost|p2a: Landorus-Therian|atk|1
|
|turn|20
|
|detailschange|p1a: Gardevoir|Gardevoir-Mega, F
|message|Gardevoir has Mega Evolved into Mega Gardevoir!
|move|p2a: Landorus-Therian|Stone Edge|p1a: Gardevoir
|-damage|p1a: Gardevoir|146\/277
|move|p1a: Gardevoir|Psyshock|p2a: Landorus-Therian
|-damage|p2a: Landorus-Therian|0 fnt
|faint|p2a: Landorus-Therian
|
|
|switch|p2a: Gengar|Gengar, F|65\/261
|turn|21
|
|move|p2a: Gengar|Shadow Ball|p1a: Gardevoir
|-supereffective|p1a: Gardevoir
|-damage|p1a: Gardevoir|0 fnt
|-damage|p2a: Gengar|39\/261|[from] item: Life Orb
|faint|p1a: Gardevoir
|
|
|switch|p1a: Talonflame|Talonflame, M|114\/297
|turn|22
|c|★Jeevs|gg
|
|move|p1a: Talonflame|Brave Bird|p2a: Gengar
|-damage|p2a: Gengar|0 fnt
|-damage|p1a: Talonflame|101\/297|[from] recoil|[of] p2a: Gengar
|faint|p2a: Gengar
|
|c|★Planet Hell|gg
|
|switch|p2a: Rotom-Wash|Rotom-Wash|233\/304
|turn|23
|
|move|p1a: Talonflame|Brave Bird|p2a: Rotom-Wash
|-resisted|p2a: Rotom-Wash
|-damage|p2a: Rotom-Wash|140\/304
|-damage|p1a: Talonflame|70\/297|[from] recoil|[of] p2a: Rotom-Wash
|move|p2a: Rotom-Wash|Volt Switch|p1a: Talonflame
|-supereffective|p1a: Talonflame
|-damage|p1a: Talonflame|0 fnt
|faint|p1a: Talonflame
|
|win|Planet Hell
|leave|Planet Hell
|player|p2