|join|Lucy Leviathan
|join|Planet Hell
|player|p1|Lucy Leviathan|96
|player|p2|Planet Hell|190
|gametype|singles
|gen|6
|tier|OU
|clearpoke
|poke|p1|Weavile, F
|poke|p1|Skarmory, F
|poke|p1|Gardevoir, F, shiny
|poke|p1|Greninja, F
|poke|p1|Thundurus, M, shiny
|poke|p1|Charizard, M
|poke|p2|Rotom-Wash
|poke|p2|Greninja, F
|poke|p2|Landorus-Therian, M
|poke|p2|Empoleon, F
|poke|p2|Metagross
|poke|p2|Gengar, F
|rule|Swagger Clause: Swagger is banned
|rule|Baton Pass Clause: Limit one Pokémon knowing Baton Pass
|rule|Sleep Clause Mod: Limit one foe put to sleep
|rule|Species Clause: Limit one of each Pokémon
|rule|OHKO Clause: OHKO moves are banned
|rule|Moody Clause: Moody is banned
|rule|Evasion Moves Clause: Evasion moves are banned
|rule|Endless Battle Clause: Forcing endless battles is banned
|rule|HP Percentage Mod: HP is shown in percentages
|teampreview
|join|Orei
|join|Rfdc
|join|5v43wre
|join|dfadfnsd
|join|goaty9001
|join|ItsPoopyTime
|join|Gghhh
|join|Alvadora
|join|TheNiceOne
|join|Banthony Poktano
|join|bforrester16
|join|biggynoobs
|join|Azimuth
|join|Murkrow Jupiter
|join|Motita
|join|NegroPl0x
|join|RCuellar
|leave|goaty9001
|
|start
|switch|p1a: Ajna|Weavile, F|282\/282
|switch|p2a: Rotom-Wash|Rotom-Wash|304\/304
|-ability|p1a: Ajna|Pressure
|turn|1
|c|★Lucy Leviathan|gl hf, metagross scares the hell out of me
|join|THE B-DOG
|join|u5ev
|c| THE B-DOG|FINALLLLSSS HYPPEEEE
|join|Sonar 2point0
|join|WECAMEASROMANS
|c| u5ev|WECAMEASROMANS
|
|switch|p1a: Internet|Gardevoir, F, shiny|277\/277
|-ability|p1a: Internet|Levitate|[from] ability: Trace|[of] p2a: Rotom-Wash
|move|p2a: Rotom-Wash|Volt Switch|p1a: Internet
|-damage|p1a: Internet|205\/277
|leave|WECAMEASROMANS
|c| u5ev|gj on beating mob barley
|join|LucasTheWiener
|
|switch|p2a: Metagross|Metagross|302\/302
|
|turn|2
|
|switch|p1a: Pretty Bird|Skarmory, F|334\/334
|switch|p2a: Rotom-Wash|Rotom-Wash|304\/304
|
|turn|3
|c|★Lucy Leviathan|the double
|join|Krazy Horse
|join|powaa
|leave|Sonar 2point0
|
|switch|p1a: Internet|Gardevoir, F, shiny|205\/277
|-ability|p1a: Internet|Levitate|[from] ability: Trace|[of] p2a: Rotom-Wash
|move|p2a: Rotom-Wash|Volt Switch|p1a: Internet
|-crit|p1a: Internet
|-damage|p1a: Internet|87\/277
|
|switch|p2a: Landorus-Therian|Landorus-Therian, M|325\/325
|-ability|p2a: Landorus-Therian|Intimidate|[of] p1a: Internet
|-unboost|p1a: Internet|atk|1
|
|turn|4
|
|move|p2a: Landorus-Therian|U-turn|p1a: Internet
|-damage|p1a: Internet|0 fnt
|faint|p1a: Internet
|
|switch|p2a: Greninja|Greninja, F|285\/285
|
|join|casio042
|
|switch|p1a: Erazor Djinn|Thundurus, M, shiny|299\/299
|turn|5
|leave|Murkrow Jupiter
|
|move|p1a: Erazor Djinn|Thunder Wave|p2a: Greninja
|-status|p2a: Greninja|par
|move|p2a: Greninja|Ice Beam|p1a: Erazor Djinn
|-start|p2a: Greninja|typechange|Ice|[from] Protean
|-supereffective|p1a: Erazor Djinn
|-damage|p1a: Erazor Djinn|0 fnt
|-damage|p2a: Greninja|257\/285 par|[from] item: Life Orb
|faint|p1a: Erazor Djinn
|
|leave|Azimuth
|
|switch|p1a: Megaman X|Charizard, M|333\/333
|turn|6
|join|ohussopoh
|
|detailschange|p1a: Megaman X|Charizard-Mega-X, M
|message|Charizard has Mega Evolved into Mega Charizard!
|move|p1a: Megaman X|Dragon Dance|p1a: Megaman X
|-boost|p1a: Megaman X|atk|1
|-boost|p1a: Megaman X|spe|1
|cant|p2a: Greninja|par
|
|turn|7
|
|move|p1a: Megaman X|Dragon Dance|p1a: Megaman X
|-boost|p1a: Megaman X|atk|1
|-boost|p1a: Megaman X|spe|1
|cant|p2a: Greninja|par
|
|turn|8
|c|★Planet Hell|gg
|c| NegroPl0x|woww
|c|★Lucy Leviathan|lol
|c|★Lucy Leviathan|that sucked
|join|sp141
|
|move|p1a: Megaman X|Dragon Dance|p1a: Megaman X
|-boost|p1a: Megaman X|atk|1
|-boost|p1a: Megaman X|spe|1
|move|p2a: Greninja|Hydro Pump|p1a: Megaman X
|-start|p2a: Greninja|typechange|Water|[from] Protean
|-damage|p1a: Megaman X|76\/333
|-damage|p2a: Greninja|229\/285 par|[from] item: Life Orb
|
|turn|9
|leave|powaa
|c| THE B-DOG|u can still win
|c| THE B-DOG|from recoil
|c| Gghhh|why
|
|switch|p2a: Landorus-Therian|Landorus-Therian, M|325\/325
|-ability|p2a: Landorus-Therian|Intimidate|[of] p1a: Megaman X
|-unboost|p1a: Megaman X|atk|1
|move|p1a: Megaman X|Dragon Claw|p2a: Landorus-Therian
|-damage|p2a: Landorus-Therian|0 fnt
|faint|p2a: Landorus-Therian
|
|c| biggynoobs|ooh the f=gred
|
|switch|p2a: Metagross|Metagross|302\/302
|turn|10
|
|detailschange|p2a: Metagross|Metagross-Mega
|message|Metagross has Mega Evolved into Mega Metagross!
|move|p1a: Megaman X|Earthquake|p2a: Metagross
|-supereffective|p2a: Metagross
|-damage|p2a: Metagross|0 fnt
|faint|p2a: Metagross
|
|c| Alvadora|why dd that 3rd times ...
|c| THE B-DOG|oh
|-message|Planet Hell forfeited.
|
|win|Lucy Leviathan
|leave|Planet Hell
|player|p2
|leave|ItsPoopyTime
|leave|Rfdc
|leave|dfadfnsd
|leave|THE B-DOG
|leave|Gghhh
|leave|TheNiceOne
|leave|biggynoobs
|leave|bforrester16
|leave|Lucy Leviathan
|player|p1
|leave|Alvadora
|leave|NegroPl0x
|leave|ohussopoh
|join|ohussopoh
|leave|ohussopoh
|leave|Banthony Poktano
|leave|casio042
|leave|5v43wre
|leave|u5ev
|leave|Krazy Horse