|join|Planet Hell
|join|Testido
|player|p1|Planet Hell|190
|player|p2|Testido|2
|gametype|singles
|gen|6
|tier|OU
|rated
|clearpoke
|poke|p1|Gardevoir, M
|poke|p1|Raikou
|poke|p1|Greninja, M
|poke|p1|Garchomp, F
|poke|p1|Bisharp, F
|poke|p1|Tornadus-Therian, M
|poke|p2|Slowbro, F
|poke|p2|Chesnaught, M
|poke|p2|Clefable, F
|poke|p2|Heatran, M
|poke|p2|Gliscor, M
|poke|p2|Tentacruel, M
|rule|Swagger Clause: Swagger is banned
|rule|Baton Pass Clause: Limit one Pokémon knowing Baton Pass
|rule|Sleep Clause Mod: Limit one foe put to sleep
|rule|Species Clause: Limit one of each Pokémon
|rule|OHKO Clause: OHKO moves are banned
|rule|Moody Clause: Moody is banned
|rule|Evasion Moves Clause: Evasion moves are banned
|rule|Endless Battle Clause: Forcing endless battles is banned
|rule|HP Percentage Mod: HP is shown in percentages
|teampreview
|join|OVD creatorz
|
|start
|switch|p1a: Greninja|Greninja, M|285\/285
|switch|p2a: Heatran|Heatran, M|386\/386
|turn|1
|
|switch|p1a: Gardevoir|Gardevoir, M|277\/277
|-ability|p1a: Gardevoir|Flash Fire|[from] ability: Trace|[of] p2a: Heatran
|switch|p2a: Tentacruel|Tentacruel, M|364\/364
|
|turn|2
|
|switch|p2a: Heatran|Heatran, M|386\/386
|detailschange|p1a: Gardevoir|Gardevoir-Mega, M
|message|Gardevoir has Mega Evolved into Mega Gardevoir!
|move|p1a: Gardevoir|Calm Mind|p1a: Gardevoir
|-boost|p1a: Gardevoir|spa|1
|-boost|p1a: Gardevoir|spd|1
|
|turn|3
|
|move|p1a: Gardevoir|Focus Blast|p2a: Heatran
|-supereffective|p2a: Heatran
|-damage|p2a: Heatran|30\/386
|move|p2a: Heatran|Stealth Rock|p1a: Gardevoir
|-sidestart|p1: Planet Hell|move: Stealth Rock
|
|-heal|p2a: Heatran|54\/386|[from] item: Leftovers
|turn|4
|
|move|p1a: Gardevoir|Psyshock|p2a: Heatran
|-resisted|p2a: Heatran
|-damage|p2a: Heatran|0 fnt
|faint|p2a: Heatran
|
|
|switch|p2a: Clefable|Clefable, F|394\/394
|turn|5
|
|move|p1a: Gardevoir|Hyper Voice|p2a: Clefable
|-damage|p2a: Clefable|84\/394
|move|p2a: Clefable|Wish|p2a: Clefable
|
|-heal|p2a: Clefable|108\/394|[from] item: Leftovers
|turn|6
|
|move|p1a: Gardevoir|Psyshock|p2a: Clefable
|-damage|p2a: Clefable|0 fnt
|faint|p2a: Clefable
|
|-message|Testido forfeited.
|
|win|Planet Hell
|raw|Ladder updating...
|leave|Testido
|player|p2