|join|Erectchode
|join|Not Planet Hell
|player|p1|Erectchode|253
|player|p2|Not Planet Hell|116
|gametype|singles
|gen|6
|tier|OU
|rated
|clearpoke
|poke|p1|Lopunny, F
|poke|p1|Chesnaught, M
|poke|p1|Jolteon, M
|poke|p1|Talonflame, F
|poke|p1|Scizor, F
|poke|p1|Mamoswine, M
|poke|p2|Grovyle, F, shiny
|poke|p2|Sableye, M
|poke|p2|Clefable, F
|poke|p2|Feraligatr, M
|poke|p2|Rufflet, M
|poke|p2|Sigilyph, F
|rule|Swagger Clause: Swagger is banned
|rule|Baton Pass Clause: Limit one Pokémon knowing Baton Pass
|rule|Sleep Clause Mod: Limit one foe put to sleep
|rule|Species Clause: Limit one of each Pokémon
|rule|OHKO Clause: OHKO moves are banned
|rule|Moody Clause: Moody is banned
|rule|Evasion Moves Clause: Evasion moves are banned
|rule|Endless Battle Clause: Forcing endless battles is banned
|rule|HP Percentage Mod: HP is shown in percentages
|teampreview
|join|455M4573R
|join|DoomWillBefallAll
|join|Smogon Stones
|join|Lord Farquads
|join|Complete nerd
|join|maymay master
|join|jimml
|c| jimml|-
|c| jimml|----------------
|c| Complete nerd|--- slow ---
|join|tfw muted
|c| Lord Farquads|----jimml line----
|c| DoomWillBefallAll|----epic----
|c| jimml|---negro---
|
|start
|switch|p1a: Mamoswine|Mamoswine, M|362\/362
|switch|p2a: willo inc|Sableye, M|304\/304
|turn|1
|c| 455M4573R|----line line----------
|join|boostergoldz
|c| Complete nerd|--- sweet ---
|join|HazyMazeCraze
|join|LelLolLalLul
|join|shnupz
|c| maymay master|----------small benis----------
|c| Lord Farquads|~~~~sexy line~~~~
|join|DaBesOfAllTime
|join|le toucan arrived
|c| DoomWillBefallAll|---meme---
|join|dyxia
|join|Stanley Woo
|join|Mr. Rosen
|
|detailschange|p2a: willo inc|Sableye-Mega, M
|message|Sableye has Mega Evolved into Mega Sableye!
|move|p1a: Mamoswine|Stealth Rock|p2a: willo inc
|move|p2a: willo inc|Stealth Rock|p1a: Mamoswine|[from]Magic Bounce
|-sidestart|p1: Erectchode|move: Stealth Rock
|move|p2a: willo inc|Metronome|p2a: willo inc
|move|p2a: willo inc|Power Gem|p1a: Mamoswine|[from]Metronome
|-damage|p1a: Mamoswine|278\/362
|
|turn|2
|c| Complete nerd|--- dank ---
|join|Epic Hyper Memes
|join|ulcer
|join|asdsadasd
|c| LelLolLalLul|**Erectchode what is your favourite internet meme?**
|c| Stanley Woo|remember when champ lost to a cuck
|c| 455M4573R|KEK
|c| Lord Farquads|>
|c| DaBesOfAllTime|-----Erection Line------
|c| HazyMazeCraze|hey, is this the Bully Stream?
|c|★Erectchode|ouch niga
|c| le toucan arrived|hi
|c| DoomWillBefallAll|muh hazards
|c| ulcer|first for ice to meat you
|join|Airisu-chan
|c|★Not Planet Hell|>ouch niga
|
|switch|p1a: Scizor|Scizor, F|344\/344
|-damage|p1a: Scizor|301\/344|[from] Stealth Rock
|move|p2a: willo inc|Metronome|p2a: willo inc
|move|p2a: willo inc|Dual Chop|p1a: Scizor|[from]Metronome
|-resisted|p1a: Scizor
|-damage|p1a: Scizor|287\/344
|-resisted|p1a: Scizor
|-damage|p1a: Scizor|272\/344
|-hitcount|p1a: Scizor|2
|
|-heal|p1a: Scizor|293\/344|[from] item: Leftovers
|turn|3
|c| le toucan arrived|>niga
|join|Cute Mantine
|c| ulcer|**NO SWEARING PLEASE**
|c| DaBesOfAllTime|CHOPPED
|c| Mr. Rosen|Ulfric Stormcloak? Jarl of Windhelm?
|c| DoomWillBefallAll|nice prediction
|c| Airisu-chan|fucking chink waifu
|c| ulcer|**SO SAYETH NIGA HIGA**
|join|remove champ
|c| Airisu-chan|disgusting
|c| dyxia|are we gonna ignore the fact that we're fighting someone who's **erect**
|
|move|p1a: Scizor|Defog|p2a: willo inc
|move|p2a: willo inc|Defog|p1a: Scizor|[from]Magic Bounce
|-unboost|p1a: Scizor|evasion|1
|-sideend|p1: Erectchode|Stealth Rock|[from] move: Defog|[of] p1a: Scizor
|move|p2a: willo inc|Metronome|p2a: willo inc
|move|p2a: willo inc|Brick Break|p1a: Scizor|[from]Metronome
|-damage|p1a: Scizor|239\/344
|
|-heal|p1a: Scizor|260\/344|[from] item: Leftovers
|turn|4
|c| Epic Hyper Memes|this opponent is l-lewd
|c|★Erectchode|ouch nigel
|c| ulcer|**who is me**
|c| asdsadasd|lmso
|join|kawaiidesunii
|c|★Erectchode|stop being racist nicels
|c| 455M4573R|erectchode more like electrode
|
|move|p1a: Scizor|U-turn|p2a: willo inc
|-damage|p2a: willo inc|217\/304
|c| DaBesOfAllTime|>nigel
|join|NonstopBebop
|c| maymay master|niga is a wierd way of speling meanie
|c| Lord Farquads|**B R O K E N**
|c| ulcer|you guys are kinda racist
|c| DaBesOfAllTime|Your mom's vagina is racist
|
|switch|p1a: Jolteon|Jolteon, M|272\/272
|move|p2a: willo inc|Metronome|p2a: willo inc
|move|p2a: willo inc|Pluck|p1a: Jolteon|[from]Metronome
|-crit|p1a: Jolteon
|-resisted|p1a: Jolteon
|-damage|p1a: Jolteon|223\/272
|
|turn|5
|c| tfw muted|>I rely on stealth rocks to win
|c| tfw muted|**NIGA GET GID**
|join|Squeebee
|c| Epic Hyper Memes|(b `v') Nice breasts, Erectchode! Post your feet!
|c| DaBesOfAllTime|It's always white
|join|chessie2003
|c| jimml|ulcer, you are an attention whore
|c| Mr. Rosen|im not racist i just hate america
|c| DoomWillBefallAll|the plays
|
|move|p1a: Jolteon|Volt Switch|p2a: willo inc
|-damage|p2a: willo inc|72\/304
|c| Stanley Woo|only nigg­ers can be racist
|c| DoomWillBefallAll|hitler did nothing wrong
|c| maymay master|>litteral terriosim
|c| ulcer|coming from you?
|c| ulcer|lmfao
|c|★Erectchode|( o ) (o)
|c| Mr. Rosen|he sucked at painting
|c| ulcer|^ boobs
|c| Stanley Woo|( o ) (o)
|c| 455M4573R|nerd fight
|c| 455M4573R|go go go
|c| ulcer|crap the lag ruined me
|c| Complete nerd|aeyo lmao
|c| ulcer|;_;
|
|switch|p1a: Scizor|Scizor, F|260\/344
|move|p2a: willo inc|Metronome|p2a: willo inc
|move|p2a: willo inc|Barrier|p2a: willo inc|[from]Metronome
|-boost|p2a: willo inc|def|2
|
|-heal|p1a: Scizor|281\/344|[from] item: Leftovers
|turn|6
|join|Kafffd
|c| Epic Hyper Memes|w-why is one boob bigger than the other
|c| NonstopBebop|one's an innie and one's an outie
|c| ulcer|those are boobs guys
|c| ulcer|BOOOOOOOOOOOOOOOOOOOOBS
|c| DaBesOfAllTime|Jimml, should we gangrape Ulcer in the boipussy to show him what a fag he is, y\/m\/n?
|c| LelLolLalLul|THE BALK
|c| dyxia|those are kind of asymmetric
|
|move|p1a: Scizor|U-turn|p2a: willo inc
|-damage|p2a: willo inc|23\/304
|c| DoomWillBefallAll|(``o``)(o)
|c| Airisu-chan|y
|c| ulcer|\/me fapfapfap
|c| Epic Hyper Memes|why is the aureola pancaked??????
|
|switch|p1a: Jolteon|Jolteon, M|223\/272
|move|p2a: willo inc|Metronome|p2a: willo inc
|move|p2a: willo inc|High Jump Kick|p1a: Jolteon|[from]Metronome|[miss]
|-miss|p2a: willo inc|p1a: Jolteon
|-damage|p2a: willo inc|0 fnt|[from] highjumpkick
|faint|p2a: willo inc
|
|c| jimml|that's gross
|c| dyxia|and nipples too big
|c| DaBesOfAllTime|:^ (
|c| Epic Hyper Memes|disgoosting
|c| NonstopBebop|lmoa
|c| jimml|kek
|c| chessie2003|kek
|c| asdsadasd|lol
|c| shnupz|ok
|c| 455M4573R|highest kek
|c| Mr. Rosen|type "8008" into a calc. thank me l8r ;)
|c| maymay master|one boob being bigger is completely natual and nothing to be ashamed of
|c| dyxia|1\/10 wouldn't fuck unless drunk
|join|pepperoni nips
|
|switch|p2a: BOOM BOOM Ver OU|Clefable, F|394\/394
|turn|7
|c| Complete nerd|>even Jimml thinks you're shit
|c| Epic Hyper Memes|(b `v') Gross tits, Erectchode! Post your feet!
|c| Stanley Woo|>not 80085
|c| NonstopBebop|i prefer 80088008
|join|Bibbuls
|c| pepperoni nips|nothing to be ashamed of
|c| NonstopBebop|it's like there are two
|c| Epic Hyper Memes|(b `v') Gross tits, Erectchode! Post your feet!
|c| Epic Hyper Memes|(b `v') Gross tits, Erectchode! Post your feet!
|c| Epic Hyper Memes|(b `v') Gross tits, Erectchode! Post your feet!
|c|★Erectchode|( . )( . ) <---MAH BOOBS
|c| Epic Hyper Memes|(b `v') Gross tits, Erectchode! Post your feet!
|c| Epic Hyper Memes|(b `v') Gross tits, Erectchode! Post your feet!
|c| DaBesOfAllTime|He didn't say "shit," he said "disgusting"
|c| DoomWillBefallAll|muh specs
|c| dyxia|now we're talking
|c| ulcer|b-but you're a boy, you don't have boobs!
|join|sweet jokes
|c| dyxia|but kinda saggy
|c| Complete nerd|>even Jimml thinks you're disgusting*
|
|move|p1a: Jolteon|Volt Switch|p2a: BOOM BOOM Ver OU
|-damage|p2a: BOOM BOOM Ver OU|237\/394
|c| dyxia|nipples too low
|c| Airisu-chan|---> | . . | my bewbs
|c| DaBesOfAllTime|Thanks, friend :^ )
|c| Stanley Woo|boys can have boobs you fucking scum
|c| DoomWillBefallAll|use fire blast
|c| Airisu-chan|DFC4lyfe
|c| Mr. Rosen|(   .   ) (   .   ) I LIKE EM WIDE
|c| le toucan arrived|´_>`
|c| ulcer|no they can't that's impure
|c|★Erectchode|( .) (.) MAH BOOBS ARE DIFF SIZES BOYZ
|join|Aegiswag99
|c| NonstopBebop|someone squeeze my boobs
|c| DoomWillBefallAll|(``o``)(o)
|
|switch|p1a: Scizor|Scizor, F|281\/344
|move|p2a: BOOM BOOM Ver OU|Flamethrower|p1a: Scizor
|-supereffective|p1a: Scizor
|-damage|p1a: Scizor|0 fnt
|faint|p1a: Scizor
|
|-heal|p2a: BOOM BOOM Ver OU|261\/394|[from] item: Leftovers
|c| NonstopBebop|and make a honk noise
|c| le toucan arrived|:^)
|c| Complete nerd|)..( Lucina's tits
|c| Mr. Rosen|\/me SQUEEZES YOUR BOOBS
|leave|Lord Farquads
|c| LelLolLalLul|R E K T
|c| DoomWillBefallAll|I warned you erectchode
|c| NonstopBebop|\/me honks
|c| jimml|>lucina
|c| tfw muted|volt switch, u-turn, volt switch, u-turn, volt switch, u-turn
|c| DaBesOfAllTime|( ( <- Harubutt, it's legit
|c| jimml|>tits
|leave|Aegiswag99
|
|switch|p1a: Jolteon|Jolteon, M|223\/272
|turn|8
|c| ulcer|hey looks like u're boobs r......
|c| ulcer|on fire!
|c| Stanley Woo|__ << lucina's tits
|c| Airisu-chan|lucinas bewbs are hawt
|c| Complete nerd|waifu blown the fuck out
|c| ulcer|the joke is that he just use flame thrower
|c| jimml|she's DFC m8
|join|RyukaX
|
|move|p1a: Jolteon|Volt Switch|p2a: BOOM BOOM Ver OU
|-damage|p2a: BOOM BOOM Ver OU|96\/394
|c| ulcer|ofc
|c| NonstopBebop|mentum
|
|switch|p1a: Talonflame|Talonflame, F|360\/360
|move|p2a: BOOM BOOM Ver OU|Soft-Boiled|p2a: BOOM BOOM Ver OU
|-heal|p2a: BOOM BOOM Ver OU|293\/394
|
|-heal|p2a: BOOM BOOM Ver OU|317\/394|[from] item: Leftovers
|turn|9
|c| Epic Hyper Memes|(.  )^(  .) W-what is this cuming through my boobs?
|c| Airisu-chan|u got a problem with DFC?
|c| DoomWillBefallAll|(``^``)(^)
|c| Mr. Rosen|Palutena's: (          .         ) (          .          )
|c| tfw muted|muh choice band birb
|c| ulcer|what does dfc mean
|c| Stanley Woo|>tfw lucina wasn't in summer scramble
|c| ulcer|:\
|
|switch|p2a: hustlin|Rufflet, M|344\/344
|move|p1a: Talonflame|Taunt|p2a: hustlin
|-start|p2a: hustlin|move: Taunt
|
|turn|10
|c| 455M4573R|all this ASCII pornography got me thinking
|c| 455M4573R|is \/sjis\/ still up?
|c| Stanley Woo|;_;
|c| DoomWillBefallAll|>taunt
|c| LelLolLalLul|stop posting boobs... now i need to fap :\/
|c| Epic Hyper Memes|Dick Fuggin Cuntbusters
|c| DaBesOfAllTime|(:)^())
|
|move|p1a: Talonflame|Will-O-Wisp|p2a: hustlin|[miss]
|-miss|p1a: Talonflame|p2a: hustlin
|move|p2a: hustlin|Rock Slide|p1a: Talonflame
|-supereffective|p1a: Talonflame
|-damage|p1a: Talonflame|0 fnt
|faint|p1a: Talonflame
|
|c| NonstopBebop|( - Y  - ) boobs
|c| maymay master|(0)(0)
|c| maymay master|my nips are huge
|c| Mr. Rosen|IN COMING BENIS
|c| chessie2003|Baby birb
|c|★Erectchode|OOUCH
|c| Mr. Rosen|8===========D
|
|switch|p1a: Jolteon|Jolteon, M|223\/272
|turn|11
|c| DoomWillBefallAll|>defensive birb
|c| Kafffd|RUFFED UP
|c|★Not Planet Hell|ruffled
|c| pepperoni nips|rilly
|c| LelLolLalLul|({i})
|c| Airisu-chan|wut kind of boobs u gonna fap to Lel?
|c| ulcer|oh the irony!
|c| DoomWillBefallAll|you deserve it
|
|move|p1a: Jolteon|Volt Switch|p2a: hustlin
|-supereffective|p2a: hustlin
|-damage|p2a: hustlin|0 fnt
|faint|p2a: hustlin
|c| Epic Hyper Memes|( 'v' ) ( 'v' ) HAPPY FACE TITS
|c| Stanley Woo|Cordelia is the correct FE:A waifu
|c| dyxia|>no balk
|c| LelLolLalLul|all of them.....................
|c| dyxia|w-wat
|
|switch|p1a: Mamoswine|Mamoswine, M|278\/362
|
|c| ulcer|but he has eviolite!
|c| ulcer|wtf!
|c| Airisu-chan|Cordelia is a CUCK
|c| Airisu-chan|A CUCK
|c| Airisu-chan|A CUCK
|c| Complete nerd|**DANK THEME** https:\/\/www.youtube.com\/watch?v=LB87TndHlFg
|c| tfw muted|ROCKS
|c| ulcer|*cluck
|c| Stanley Woo|n
|c| Smogon Stones|Cordelia wants to get Chrommed inside
|c| chessie2003|that performance was un-dank
|
|switch|p2a: g8r g8r g8r g8r|Feraligatr, M|311\/311
|turn|12
|c| Airisu-chan|A CUCK
|c| ulcer|noob
|c| tfw muted|ROCKS
|c| Cute Mantine|>FE:A waifu
|c| Mr. Rosen|CUCK IN MY MOUTH
|c| pepperoni nips|cordelia gets around
|c| dyxia|but braviary balks volt switches
|c| DoomWillBefallAll|g8r
|c| Cute Mantine|>not glorious Tiki
|join|bad person
|c| Airisu-chan|>tfw Cordelia cant S rank Chrom
|c| 455M4573R|(´・ω・)つ(・(・Kneading tits
|c| chessie2003|the gr8est g8r
|c|★Erectchode|UR TEAM IS WEAK TO VOLT SWITCH
|c| Stanley Woo|Cordelia literally jumps on your dick for being the first person not to treat her like ass
|c| DaBesOfAllTime|https:\/\/www.youtube.com\/watch?v=juHyNPbeTZk
|c|★Not Planet Hell|OK
|c| Stanley Woo|not a cuck
|c| ulcer|**UR TEAM IS WEAK TO EVERYTHING**
|c| ulcer|**LMFOP**
|c| ulcer|<:3c
|c| jimml|>tfw US censoring
|c| maymay master|>playing video games
|c| pepperoni nips|LMOP
|
|move|p2a: g8r g8r g8r g8r|Ice Punch|p1a: Mamoswine
|-damage|p1a: Mamoswine|166\/362
|-damage|p2a: g8r g8r g8r g8r|280\/311|[from] item: Life Orb
|move|p1a: Mamoswine|Earthquake|p2a: g8r g8r g8r g8r
|-damage|p2a: g8r g8r g8r g8r|87\/311
|
|turn|13
|c| Airisu-chan|Cordelia is a fucking CUCK
|c| Airisu-chan|C
|c| Airisu-chan|U
|c|★Erectchode|ULCER DONT CRY BABY
|c| Kafffd|U'RE MOM IS WEAK TO VOLT SWITCH
|c| Airisu-chan|C
|c| jimml|>no tharja ss
|c| Airisu-chan|K
|c| jimml|ass*
|c| Complete nerd|>enjoying this
|c| chessie2003|Wow holy shit
|c|★Not Planet Hell|ulcer status: btfo
|c| DaBesOfAllTime|Shots fired
|c|★Erectchode|IT WILL BE OK ULCER NO NEED TO WQUIRT TEARS ULCER DOE
|c| dyxia|the fat
|c| ulcer|**I'LL CRY WITH MY PENIS ALL OVER YOUR MOUTH**
|c| dyxia|was thick
|c| asdsadasd|chimp
|c| ulcer|\/me squirts into electchode's mouth
|c| DaBesOfAllTime|ekt
|c| asdsadasd|why did you try to dink
|c| ulcer|uuuuuuuuuuuuuuuuuuuuuuuuuuuuuuuuuuuuuuuunf
|c| asdsadasd|you outspeed anyway
|c| Airisu-chan|>not playing little girl with Nowi then fuging her 1000year old loli pussi later
|c| DaBesOfAllTime|Ulcer getting BTFO
|c|★Erectchode|NO NEED TO CATCH FEELINGS ULCER, U WERE A DECENT DRUNK LEIGH
|c| Stanley Woo|the only move he resists
|c| Epic Hyper Memes|(b `v')8=Wu==D~~~ ( . ) ( . ) Nice tits! Here's your whip cream topping!
|c|★Not Planet Hell|almost all mamo's are jolly m8
|c| DaBesOfAllTime|My sides
|
|move|p2a: g8r g8r g8r g8r|Waterfall|p1a: Mamoswine
|-supereffective|p1a: Mamoswine
|-damage|p1a: Mamoswine|0 fnt
|-damage|p2a: g8r g8r g8r g8r|56\/311|[from] item: Life Orb
|faint|p1a: Mamoswine
|
|c| Complete nerd|**ONION THEME** https:\/\/www.youtube.com\/watch?v=juHyNPbeTZk
|c| DaBesOfAllTime|You're getting memed on so hard
|c| Complete nerd|**ONION THEME** https:\/\/www.youtube.com\/watch?v=juHyNPbeTZk
|
|switch|p1a: Jolteon|Jolteon, M|223\/272
|turn|14
|c| Stanley Woo|spoiler: sheer force when
|c| Complete nerd|**THIS IS FANTASTIC**
|c|★Erectchode|VOLT SWITCH
|c|★Erectchode|BITCH
|
|move|p1a: Jolteon|Volt Switch|p2a: g8r g8r g8r g8r
|-supereffective|p2a: g8r g8r g8r g8r
|-damage|p2a: g8r g8r g8r g8r|0 fnt
|faint|p2a: g8r g8r g8r g8r
|c| DaBesOfAllTime|Reveal YEE
|c| Airisu-chan|sheer force when snivy gets contrary
|c| jimml|>not having a threesome with nowi and nah
|c| DaBesOfAllTime|CHAAAAAAAAAAMP
|c| Complete nerd|muh mentum
|join|Brunpo Tungus
|c| Complete nerd|**ONION THEME** https:\/\/www.youtube.com\/watch?v=juHyNPbeTZk
|c| Airisu-chan|ie when flygon gets a mega
|c| Stanley Woo|so NEVER EVER
|c| boostergoldz|─────▄████▀█▄
|c| boostergoldz|───▄█████████████████▄
|c| Kafffd|reveal Mega BoomBoom
|c| boostergoldz|─▄█████.▼.▼.▼.▼.▼.▼▼▼▼
|c|★Erectchode|Man ULCER STOP JACKING OFF TO BIEBER TITS
|c| Airisu-chan|I can't fuck Nah she's mai daughteru
|join|Setmaster
|c| Epic Hyper Memes|(b `v')8=Wu==D~~~ ( . ) ( . ) Nice tits! Here's your whip cream topping!
|
|switch|p1a: Chesnaught|Chesnaught, M|380\/380
|
|c| Airisu-chan|then again thats hot
|c| DoomWillBefallAll|why are we playing the new UU again?
|c| pepperoni nips|wow RIP ulcer
|
|switch|p2a: BOOM BOOM Ver OU|Clefable, F|317\/394
|turn|15
|
|move|p1a: Chesnaught|Spikes|p2a: BOOM BOOM Ver OU
|-sidestart|p2: Not Planet Hell|Spikes
|move|p2a: BOOM BOOM Ver OU|Calm Mind|p2a: BOOM BOOM Ver OU
|-boost|p2a: BOOM BOOM Ver OU|spa|1
|-boost|p2a: BOOM BOOM Ver OU|spd|1
|
|-heal|p2a: BOOM BOOM Ver OU|341\/394|[from] item: Leftovers
|turn|16
|c| Mr. Rosen|TIME FOR SWEP
|c|★Not Planet Hell|>spikes
|c| DoomWillBefallAll|we did it reddit
|c| DaBesOfAllTime|Ulcer is getting fucking demolished
|c| 455M4573R|(ﾟдﾟ )
|c| ulcer|\/me pees into ★Erectchode:'s mouth
|c|★Not Planet Hell|ulcer ded from the ultimate pwnage
|
|switch|p1a: Jolteon|Jolteon, M|223\/272
|move|p2a: BOOM BOOM Ver OU|Calm Mind|p2a: BOOM BOOM Ver OU
|-boost|p2a: BOOM BOOM Ver OU|spa|1
|-boost|p2a: BOOM BOOM Ver OU|spd|1
|
|-heal|p2a: BOOM BOOM Ver OU|365\/394|[from] item: Leftovers
|turn|17
|c| Complete nerd|**ONION THEME** https:\/\/www.youtube.com\/watch?v=juHyNPbeTZk
|c| ulcer|guys stop trying so hard
|c| ulcer|i have a gf
|c| ulcer|:\
|c| Stanley Woo|I bet miriel is a freak in bed
|c| DoomWillBefallAll|too late erectchode
|c| LelLolLalLul|:\/
|c| Complete nerd|>
|c|★Erectchode|ULCER CRIES
|join|redew it for free
|c| DaBesOfAllTime|We're not trying, he's meming all over you
|c| Mr. Rosen|who is ur waifu. why it not Katy.
|c|★Erectchode|JOLDTEON
|c| Airisu-chan|miriel is so fucking delicious, too
|c| ulcer|but he hasn't even said a single meme
|c| ulcer|btw
|c| Complete nerd|>ulcer has **boyfriend**
|c| ulcer|i'm about to say a meme
|c| Complete nerd|>ulcer has a **boyfriend**
|c|★Erectchode|ULCER STOP CRYING LIL BOI
|c| jimml|>miriel
|c| jimml|forgot she existed
|c|★Erectchode|ULCER HAS A BF LAWL LAWL ALWL
|join|MemeEnthusiast
|c| LelLolLalLul|Erectchode....nothing personnel........but u look kinda gay... kid........
|c| DaBesOfAllTime|I hear Ulcer takes loads in the ass
|
|move|p1a: Jolteon|Thunder Wave|p2a: BOOM BOOM Ver OU
|-status|p2a: BOOM BOOM Ver OU|par
|cant|p2a: BOOM BOOM Ver OU|par
|
|-heal|p2a: BOOM BOOM Ver OU|389\/394 par|[from] item: Leftovers
|turn|18
|c| Mr. Rosen|GUYS MY POWER'S GONNA O OUT
|c| Complete nerd|>ulcer has a **boyfriend**
|c| chessie2003|ayyyy
|c| Mr. Rosen|SHITSHITSHIT
|
|switch|p1a: Chesnaught|Chesnaught, M|380\/380
|move|p2a: BOOM BOOM Ver OU|Moonblast|p1a: Chesnaught
|-crit|p1a: Chesnaught
|-supereffective|p1a: Chesnaught
|-damage|p1a: Chesnaught|0 fnt
|faint|p1a: Chesnaught
|
|-heal|p2a: BOOM BOOM Ver OU|394\/394 par|[from] item: Leftovers
|leave|Mr. Rosen
|c| Complete nerd|>
|c| LelLolLalLul|U N F
|c| Airisu-chan|dude even the challenger is gettin to you bro
|c| DaBesOfAllTime|Relt imo tbh btw
|c| Epic Hyper Memes|(b `v') Nice!
|c| tfw muted|use volt switch again
|c|★Erectchode|IM GONNA DIE, ULCER GONNA CRY XD
|c| Complete nerd|XD
|c| LelLolLalLul|XD
|c| DaBesOfAllTime|XD
|c| tfw muted|XD
|c| NonstopBebop|those are beautiful boipussies everyone
|c| sweet jokes|XD
|c| Airisu-chan|★Erectchode: IM GONNA DIE, ULCER GONNA CRY XD
|c|★Not Planet Hell|XD
|c|★Erectchode|IM GONNA DIE, ULCER GUNNA CRY DOE
|c| le toucan arrived|>XD
|c| tfw muted|XD
|c| tfw muted|XD
|c| tfw muted|XD
|c| Complete nerd|**ONION THEME** https:\/\/www.youtube.com\/watch?v=juHyNPbeTZk
|c|★Erectchode|XD
|
|switch|p1a: Lopunny|Lopunny, F|271\/271
|turn|19
|c| DaBesOfAllTime|XD
|c| Stanley Woo|>tfw morgan's the only girl you can't fug
|c| pepperoni nips|Rest in rips Ulcer
|c| 455M4573R|∧＿∧　　      　∧＿∧　　        ∧＿∧　　　　∧＿∧
|c| LelLolLalLul|ulcer getting pwned hard....d*mn son........
|c| 455M4573R|（　・∀・） 　 （　｀ー´）　　（　´∀｀）　 （　ﾟ ∀ﾟ ）
|c| Stanley Woo|;_;
|c| Airisu-chan|( ☼ ) <-- muh boipussi
|c| Epic Hyper Memes|(b `v') Nice!
|
|detailschange|p1a: Lopunny|Lopunny-Mega, F
|message|Lopunny has Mega Evolved into Mega Lopunny!
|move|p1a: Lopunny|Return|p2a: BOOM BOOM Ver OU
|-damage|p2a: BOOM BOOM Ver OU|208\/394 par
|move|p2a: BOOM BOOM Ver OU|Moonblast|p1a: Lopunny
|-supereffective|p1a: Lopunny
|-damage|p1a: Lopunny|0 fnt
|faint|p1a: Lopunny
|
|-heal|p2a: BOOM BOOM Ver OU|232\/394 par|[from] item: Leftovers
|c| DaBesOfAllTime|Absolutely haram
|c|★Erectchode|GG DAWG
|c| Brunpo Tungus|spoiler: get fucked ulcer
|c| chessie2003|GiGi
|c| ulcer|but i'm straight
|c| boostergoldz|─────▄████▀█▄
|c| boostergoldz|───▄█████████████████▄
|c| boostergoldz|─▄█████.▼.▼.▼.▼.▼.▼▼▼▼
|c| ulcer|f
|c| ulcer|f
|c| ulcer|f
|leave|remove champ
|c| ulcer|f
|c|★Erectchode|ULCER THO IM SORRY I DIDNT BUY YR A PROM TICKET
|c| ulcer|f
|c| Airisu-chan|>no incest allowed in FE
|c| tfw muted|>Dawg, __I'm cool__
|c|★Erectchode|I DONT DATE FATTIES
|c| Airisu-chan|>FE never does incest
|c| ulcer|But I'm not attracted to you.
|c| Airisu-chan|>NEVER
|c| ulcer|You're ugly.
|c| pepperoni nips|Okay, whose idea was it to give Mega Lopunny torn stockings??
|c| Complete nerd|REKT
|c| ulcer|:<
|c| LelLolLalLul|mine
|c| boostergoldz|▄███████▄.▲.▲▲▲▲▲▲▲▲
|c| boostergoldz|███████████████████▀▀
|c| Epic Hyper Memes|Horny japs at GF
|c| Complete nerd|dt burn heal
|c| DoomWillBefallAll|muh g8r
|c| chessie2003|You can fuck later hurry up and play
|c|★Erectchode|ULCER FATTIES GET LOVE TOO, JUST GO AFTER FATTIES
|c| DaBesOfAllTime|Ulcer please, you've already been destroyed
|c| Stanley Woo|whoever it was is a fucking genius
|
|switch|p1a: Jolteon|Jolteon, M|223\/272
|turn|20
|c| DaBesOfAllTime|My sides
|c| Complete nerd|dt burn heal
|leave|Bibbuls
|c| Brunpo Tungus|spoiler: can you spoiler in spoiler: spoiler?
|c| pepperoni nips|brilliant horny japs at GF
|c| ulcer|tfw u're thin irl
|c|★Erectchode|Ulcer, u really just got to quit wen ur ahead
|c| ulcer|should i be canonically fat
|c| Airisu-chan|i wish i could get d-destroyed like ulcer :^(
|c| ulcer|y\/n
|c|★Not Planet Hell|>lying on the internet
|c| chessie2003|8
|c| LelLolLalLul|tfw you're ripped as fuark irl
|
|move|p1a: Jolteon|Thunderbolt|p2a: BOOM BOOM Ver OU
|-damage|p2a: BOOM BOOM Ver OU|120\/394 par
|move|p2a: BOOM BOOM Ver OU|Moonblast|p1a: Jolteon
|-damage|p1a: Jolteon|16\/272
|
|-heal|p2a: BOOM BOOM Ver OU|144\/394 par|[from] item: Leftovers
|turn|21
|c| Epic Hyper Memes|>yfw the british guy designed mega lopes
|c| Airisu-chan|who lies on the internet?
|c| Complete nerd|tfw 10' benis
|c| maymay master|\/\/
|c| Brunpo Tungus|balk
|c| DaBesOfAllTime|tfw made of memes irl
|c| DaBesOfAllTime|>only 10'
|c| tfw muted|para when
|join|crobat
|c| Airisu-chan|10 foot benis?
|c| DaBesOfAllTime|Tiny dick pls go
|c| Complete nerd|yes
|c| Airisu-chan|how u fit that in ur pants
|
|move|p1a: Jolteon|Thunderbolt|p2a: BOOM BOOM Ver OU
|-damage|p2a: BOOM BOOM Ver OU|45\/394 par
|cant|p2a: BOOM BOOM Ver OU|par
|
|-heal|p2a: BOOM BOOM Ver OU|69\/394 par|[from] item: Leftovers
|turn|22
|c| Brunpo Tungus|tfw when liar outside internet
|join|Champ. Gary Oak
|c| ulcer|shame on you
|c| LelLolLalLul|tfw no internet irl
|c| Complete nerd|I wrap it around my waist
|c| ulcer|lying is bad for you
|c| DaBesOfAllTime|tfw 420' benis
|c| Epic Hyper Memes|my benis is only 1 mile long
|c| Airisu-chan|dank
|c| Epic Hyper Memes|;_'
|c| Airisu-chan|blaze it
|join|Taiolu
|c| tfw muted|>everyone only talking about sex and not enjoying the game
|c| tfw muted|Kill yourself plebs.
|c| Complete nerd|\/me smokes benis
|c| Brunpo Tungus|my benis is only 7 inches
|c| Complete nerd|!benis
|c| DaBesOfAllTime|L-lewd
|c|★Erectchode|ULCER U FAT FUCK STOP BLOWING UP MY PHONE. IT WAS A ONE TIME DICKING OFFER ONLY
|c|★Erectchode|ULCER JUST GTFO
|c| LelLolLalLul|:o
|c| DaBesOfAllTime|My sides
|c|★Not Planet Hell|>
|c| ulcer|what
|c| ulcer|idgi
|
|move|p1a: Jolteon|Thunderbolt|p2a: BOOM BOOM Ver OU
|-damage|p2a: BOOM BOOM Ver OU|0 fnt
|faint|p2a: BOOM BOOM Ver OU
|
|c| Airisu-chan|i like this challenger
|c| Epic Hyper Memes|(b `v') Nice!
|c| chessie2003|;_;7 RIP BOOM BOOM u were 2 good 4 this world
|c| DaBesOfAllTime|Completely demolished
|c| LelLolLalLul|ulcer ur kinda getting pwned..sry man..
|c|★Not Planet Hell|he wants your dick ulcer
|c| Stanley Woo|guys if I use the side of the rule with the small inches on it I have a 7 inch benis
|
|switch|p2a: yee|Grovyle, F, shiny|242\/242
|-damage|p2a: yee|212\/242|[from] Spikes
|turn|23
|c| Brunpo Tungus|nothing personnel ulcer
|c| maymay master|press f to pay respects
|c| Epic Hyper Memes|yee? yee\/yee
|c| maymay master|f
|c| DaBesOfAllTime|>the small inches
|c|★Not Planet Hell|yee
|c| Airisu-chan|f
|c| Brunpo Tungus|yee
|c| LelLolLalLul|\/\/
|c| Airisu-chan|YEE
|c| Smogon Stones|YEE
|join|Ijkee
|c| Airisu-chan|time for promotion
|c| 455M4573R|wee
|c| Complete nerd|__small inches__
|c| ulcer|But I don't like him that way.
|c|★Erectchode|ULCER STOP SENDING ME NOODS U DESPERATE FUCK!
|c| ulcer|He was just a fling.
|c| Complete nerd|HOLY FUCK
|c| Airisu-chan|PROMOTE DONNLEL
|c| Airisu-chan|PROMOTE DONNLEL
|c| Airisu-chan|PROMOTE DONNLEL
|c| Airisu-chan|PROMOTE DONNLEL
|c| Complete nerd|I LAUGHED
|c| Brunpo Tungus|**YEE**
|c|★Erectchode|IM DATING CINDY NOW
|c| Complete nerd|THANKS
|c| ulcer|I mean sure, I thought he was real.
|c| Stanley Woo|:^) yw
|c| Complete nerd|**ONION THEME** https:\/\/www.youtube.com\/watch?v=juHyNPbeTZk
|c| DaBesOfAllTime|My fucking sides
|c| DaBesOfAllTime|It actually hurts
|c| ulcer|But he wasn't my true love. ;_;
|c|★Erectchode|GG MEMES ENTHUSIAST
|c| DaBesOfAllTime|>MEMES ENTHUSIAST
|c| LelLolLalLul|gg no gf
|c|★Erectchode|GG DAWGS
|c| chessie2003|PLAY THE FUCKING GAME YOU FAGETS
|leave|tfw muted
|c| ulcer|I just don't find black people attractive.
|c|★Erectchode|except that straight bitch ULCER XD
|c| ulcer|I'm not racist.
|
|move|p2a: yee|Quick Attack|p1a: Jolteon
|-damage|p1a: Jolteon|0 fnt
|faint|p1a: Jolteon
|
|win|Not Planet Hell
|raw|Ladder updating...
|c| ulcer|They're just ugly.
|c| DaBesOfAllTime|make a move gay boy
|c| DaBesOfAllTime|make a move gay boy
|c| Brunpo Tungus|twiabpaianlatd
|c| Complete nerd|BTFO
|c| le toucan arrived|yeeeeeeeeeeeeeeeeeeeeee
|leave|crobat
|c| Airisu-chan|PROMOTE TEIM
|leave|Kafffd
|leave|Epic Hyper Memes
|c| Brunpo Tungus|we did it reddit
|leave|Not Planet Hell
|leave|Erectchode
|player|p2
|player|p1
|leave|Taiolu
|raw|Erectchode's rating: 1196 &rarr; <strong>1166<\/strong><br \/>(-30 for losing)
|raw|Not Planet Hell's rating: 1133 &rarr; <strong>1162<\/strong><br \/>(+29 for winning)
|c| DaBesOfAllTime|Can we please enroll this guy?
|c| DaBesOfAllTime|I like him
|c| LelLolLalLul|m
|leave|Champ. Gary Oak
|c| Ijkee|n
|c| le toucan arrived|no
|leave|le toucan arrived
|c| Complete nerd|yes
|leave|Ijkee
|leave|NonstopBebop
|c| Complete nerd|he cool
|leave|Cute Mantine
|leave|asdsadasd
|join|Zane3G
|leave|455M4573R
|c| Complete nerd|he doesn't afraid of anything
|c| Complete nerd|**ONION THEME** https:\/\/www.youtube.com\/watch?v=juHyNPbeTZk
|c| Airisu-chan|if he finds us
|c| Airisu-chan|ill be happy
|c| DaBesOfAllTime|I hope he does
|c| Airisu-chan|he neess to champ
|c| DaBesOfAllTime|Godspeed, rekker of Ulcer
|c| Airisu-chan|'_'7
|c| ulcer|But I was never even rekked...
|leave|maymay master
|c| DaBesOfAllTime|;___;7
|c| Complete nerd|>
|c| ulcer|Honestly, you guys try too hard.
|leave|Zane3G
|c| DaBesOfAllTime|m8, you were fucking banished to the Shadow Realm
|c| Complete nerd|ulcer pls
|leave|Smogon Stones
|c| Airisu-chan|m8
|c| DaBesOfAllTime|Your boipussy must feel that in real life
|c| Complete nerd|le duel tim faic
|c| ulcer|I know you two noobs in particular want to be my friend but
|c| ulcer|Also, I'm not a boy.
|leave|dyxia
|c| Airisu-chan|u kno u got r8pd
|c| ulcer|You guys just... no.
|leave|jimml
|c| DaBesOfAllTime|:^ (
|c| Airisu-chan|>grill
|c| ulcer|You think you're so cool insulting people over the internet.
|c| DaBesOfAllTime|le sad meme man faec
|c| Airisu-chan|im the only grill
|c| ulcer|Well you're just sad.  I hope you guys get a life.
|leave|ulcer
|c| DaBesOfAllTime|No, we think it's FUNNY insulting people over the internet, particular people getting BTFO
|c| Airisu-chan|ayy lmao
|c| DaBesOfAllTime|nigga u so mad
|c| DaBesOfAllTime|Should I cap the rage, y\/n\/m?
|c| Complete nerd|m
|leave|HazyMazeCraze
|leave|boostergoldz
|join|Officer Meme
|leave|Squeebee
|leave|pepperoni nips
|join|wee60
|leave|sweet jokes
|join|Frysinger
|leave|Frysinger
|leave|bad person
|leave|Airisu-chan
|leave|Stanley Woo
|leave|shnupz
|leave|Brunpo Tungus
|leave|LelLolLalLul
|join|Watacas
|leave|kawaiidesunii
|leave|Watacas
|leave|chessie2003
|leave|RyukaX
|leave|wee60