|join|Specs Cranidos
|join|A Durian
|player|p1|Specs Cranidos|54
|player|p2|A Durian|153
|gametype|singles
|gen|6
|tier|UU
|rated
|rule|Sleep Clause Mod: Limit one foe put to sleep
|rule|Species Clause: Limit one of each Pokémon
|rule|OHKO Clause: OHKO moves are banned
|rule|Moody Clause: Moody is banned
|rule|Evasion Moves Clause: Evasion moves are banned
|rule|Endless Battle Clause: Forcing endless battles is banned
|rule|HP Percentage Mod: HP is shown in percentages
|clearpoke
|poke|p1|Pidgeot, F
|poke|p1|Doublade, F
|poke|p1|Swampert, F
|poke|p1|Mienshao, F
|poke|p1|Suicune
|poke|p1|Forretress, M
|poke|p2|Crobat, F
|poke|p2|Sceptile, M
|poke|p2|Jirachi
|poke|p2|Machamp, F
|poke|p2|Krookodile, F
|poke|p2|Suicune
|rule|Swagger Clause: Swagger is banned
|rule|Baton Pass Clause: Limit one Pokémon knowing Baton Pass
|teampreview
|c|★A Durian|o
|c|★Specs Cranidos|glhf
|c|★A Durian|hf
|
|start
|switch|p1a: Swampert|Swampert, F|403\/403
|switch|p2a: Machamp|Machamp, F|341\/341
|turn|1
|
|switch|p1a: Doublade|Doublade, F|311\/311
|move|p2a: Machamp|Knock Off|p1a: Doublade
|-supereffective|p1a: Doublade
|-damage|p1a: Doublade|121\/311
|-enditem|p1a: Doublade|Eviolite|[from] move: Knock Off|[of] p2a: Machamp
|
|turn|2
|
|move|p1a: Doublade|Shadow Sneak|p2a: Machamp
|-damage|p2a: Machamp|262\/341
|move|p2a: Machamp|Knock Off|p1a: Doublade
|-supereffective|p1a: Doublade
|-damage|p1a: Doublade|0 fnt
|faint|p1a: Doublade
|
|
|switch|p1a: Pidgeot|Pidgeot, F|307\/307
|turn|3
|
|switch|p2a: Crobat|Crobat, F|343\/343
|detailschange|p1a: Pidgeot|Pidgeot-Mega, F
|-mega|p1a: Pidgeot|Pidgeot|Pidgeotite
|move|p1a: Pidgeot|Heat Wave|p2a: Crobat
|-damage|p2a: Crobat|199\/343
|
|-heal|p2a: Crobat|220\/343|[from] item: Black Sludge
|turn|4
|
|move|p2a: Crobat|Brave Bird|p1a: Pidgeot
|-damage|p1a: Pidgeot|115\/307
|-damage|p2a: Crobat|157\/343|[from] recoil|[of] p1a: Pidgeot
|move|p1a: Pidgeot|Hurricane|p2a: Crobat
|-damage|p2a: Crobat|0 fnt
|faint|p2a: Crobat
|
|
|switch|p2a: Jirachi|Jirachi|341\/341
|turn|5
|
|switch|p1a: Forretress|Forretress, M|353\/353
|move|p2a: Jirachi|Iron Head|p1a: Forretress
|-resisted|p1a: Forretress
|-damage|p1a: Forretress|311\/353
|
|-heal|p1a: Forretress|333\/353|[from] item: Leftovers
|turn|6
|
|switch|p2a: Machamp|Machamp, F|262\/341
|move|p1a: Forretress|Spikes|p2a: Machamp
|-sidestart|p2: A Durian|Spikes
|
|-heal|p1a: Forretress|353\/353|[from] item: Leftovers
|turn|7
|
|move|p2a: Machamp|Close Combat|p1a: Forretress
|-damage|p1a: Forretress|85\/353
|-unboost|p2a: Machamp|def|1
|-unboost|p2a: Machamp|spd|1
|move|p1a: Forretress|Gyro Ball|p2a: Machamp
|-damage|p2a: Machamp|138\/341
|
|-heal|p1a: Forretress|107\/353|[from] item: Leftovers
|turn|8
|
|move|p2a: Machamp|Close Combat|p1a: Forretress
|-damage|p1a: Forretress|0 fnt
|-unboost|p2a: Machamp|def|1
|-unboost|p2a: Machamp|spd|1
|faint|p1a: Forretress
|
|
|switch|p1a: Pidgeot|Pidgeot-Mega, F|115\/307
|turn|9
|
|move|p1a: Pidgeot|Heat Wave|p2a: Machamp
|-damage|p2a: Machamp|0 fnt
|faint|p2a: Machamp
|
|
|switch|p2a: Jirachi|Jirachi|341\/341
|-damage|p2a: Jirachi|299\/341|[from] Spikes
|turn|10
|join|RoxanneHere
|
|move|p2a: Jirachi|U-turn|p1a: Pidgeot
|-resisted|p1a: Pidgeot
|-damage|p1a: Pidgeot|72\/307
|
|switch|p2a: Suicune|Suicune|401\/401
|-damage|p2a: Suicune|351\/401|[from] Spikes
|-ability|p2a: Suicune|Pressure
|move|p1a: Pidgeot|Roost|p1a: Pidgeot
|-heal|p1a: Pidgeot|226\/307
|
|-heal|p2a: Suicune|376\/401|[from] item: Leftovers
|turn|11
|join|POISONtroll30
|
|move|p1a: Pidgeot|Hurricane|p2a: Suicune
|-damage|p2a: Suicune|211\/401
|move|p2a: Suicune|Scald|p1a: Pidgeot
|-damage|p1a: Pidgeot|115\/307
|-status|p1a: Pidgeot|brn
|
|-heal|p2a: Suicune|236\/401|[from] item: Leftovers
|-damage|p1a: Pidgeot|77\/307 brn|[from] brn
|turn|12
|
|switch|p2a: Krookodile|Krookodile, F|331\/331
|-damage|p2a: Krookodile|290\/331|[from] Spikes
|-ability|p2a: Krookodile|Intimidate|[of] p1a: Pidgeot
|-unboost|p1a: Pidgeot|atk|1
|move|p1a: Pidgeot|Hurricane|p2a: Krookodile
|-damage|p2a: Krookodile|38\/331
|
|-damage|p1a: Pidgeot|39\/307 brn|[from] brn
|turn|13
|
|move|p1a: Pidgeot|Hurricane|p2a: Krookodile
|-damage|p2a: Krookodile|0 fnt
|faint|p2a: Krookodile
|
|-damage|p1a: Pidgeot|1\/307 brn|[from] brn
|
|switch|p2a: Jirachi|Jirachi|299\/341
|-damage|p2a: Jirachi|257\/341|[from] Spikes
|turn|14
|
|move|p2a: Jirachi|U-turn|p1a: Pidgeot
|-resisted|p1a: Pidgeot
|-damage|p1a: Pidgeot|0 fnt
|faint|p1a: Pidgeot
|
|switch|p2a: Sceptile|Sceptile, M|281\/281
|-damage|p2a: Sceptile|246\/281|[from] Spikes
|
|c| POISONtroll30|why does pidgeot end up trashing teams completely
|c|★Specs Cranidos|its good
|c|★A Durian|cuz it's a threat
|c| POISONtroll30|that's why  ilove it
|c| POISONtroll30|i got my 6iv shiny pidgey today
|
|switch|p1a: Mienshao|Mienshao, F|271\/271
|turn|15
|
|switch|p2a: Jirachi|Jirachi|257\/341
|-damage|p2a: Jirachi|215\/341|[from] Spikes
|move|p1a: Mienshao|High Jump Kick|p2a: Jirachi
|-damage|p2a: Jirachi|0 fnt
|faint|p2a: Jirachi
|
|
|switch|p2a: Suicune|Suicune|236\/401
|-damage|p2a: Suicune|186\/401|[from] Spikes
|-ability|p2a: Suicune|Pressure
|turn|16
|c| RoxanneHere|pidgey is good itself
|c| POISONtroll30|u wat
|
|move|p1a: Mienshao|High Jump Kick|p2a: Suicune
|-damage|p2a: Suicune|24\/401
|move|p2a: Suicune|Rest|p2a: Suicune
|-status|p2a: Suicune|slp
|-heal|p2a: Suicune|401\/401 slp|[silent]
|-status|p2a: Suicune|slp|[from] move: Rest
|
|turn|17
|
|switch|p1a: Swampert|Swampert, F|403\/403
|cant|p2a: Suicune|slp
|move|p2a: Suicune|Sleep Talk|p2a: Suicune
|move|p2a: Suicune|Calm Mind|p2a: Suicune|[from]Sleep Talk
|-boost|p2a: Suicune|spa|1
|-boost|p2a: Suicune|spd|1
|
|turn|18
|c| POISONtroll30|suicune ubers
|
|cant|p2a: Suicune|slp
|move|p2a: Suicune|Sleep Talk|p2a: Suicune
|move|p2a: Suicune|Rest|p2a: Suicune|[from]Sleep Talk
|-fail|p2a: Suicune
|move|p1a: Swampert|Stealth Rock|p2a: Suicune
|-sidestart|p2: A Durian|move: Stealth Rock
|
|turn|19
|
|-curestatus|p2a: Suicune|slp
|move|p2a: Suicune|Scald|p1a: Swampert
|-damage|p1a: Swampert|309\/403
|move|p1a: Swampert|Earthquake|p2a: Suicune
|-damage|p2a: Suicune|320\/401
|
|-heal|p2a: Suicune|345\/401|[from] item: Leftovers
|-heal|p1a: Swampert|334\/403|[from] item: Leftovers
|turn|20
|
|move|p2a: Suicune|Scald|p1a: Swampert
|-crit|p1a: Swampert
|-damage|p1a: Swampert|175\/403
|-status|p1a: Swampert|brn
|move|p1a: Swampert|Roar|p2a: Suicune
|drag|p2a: Sceptile|Sceptile, M|246\/281
|-damage|p2a: Sceptile|211\/281|[from] Spikes
|-damage|p2a: Sceptile|176\/281|[from] Stealth Rock
|
|-heal|p1a: Swampert|200\/403 brn|[from] item: Leftovers
|-damage|p1a: Swampert|150\/403 brn|[from] brn
|turn|21
|
|detailschange|p2a: Sceptile|Sceptile-Mega, M
|-mega|p2a: Sceptile|Sceptile|Sceptilite
|move|p2a: Sceptile|Substitute|p2a: Sceptile
|-start|p2a: Sceptile|Substitute
|-damage|p2a: Sceptile|106\/281
|move|p1a: Swampert|Scald|p2a: Sceptile
|-resisted|p2a: Sceptile
|-activate|p2a: Sceptile|Substitute|[damage]
|
|-heal|p1a: Swampert|175\/403 brn|[from] item: Leftovers
|-damage|p1a: Swampert|125\/403 brn|[from] brn
|turn|22
|
|move|p2a: Sceptile|Giga Drain|p1a: Swampert
|-supereffective|p1a: Swampert
|-damage|p1a: Swampert|0 fnt
|-heal|p2a: Sceptile|169\/281|[from] drain|[of] p1a: Swampert
|faint|p1a: Swampert
|
|
|switch|p1a: Mienshao|Mienshao, F|271\/271
|turn|23
|
|move|p1a: Mienshao|U-turn|p2a: Sceptile
|-supereffective|p2a: Sceptile
|-end|p2a: Sceptile|Substitute
|
|switch|p1a: Suicune|Suicune|374\/374
|-ability|p1a: Suicune|Pressure
|move|p2a: Sceptile|Dragon Pulse|p1a: Suicune
|-damage|p1a: Suicune|233\/374
|
|-heal|p1a: Suicune|256\/374|[from] item: Leftovers
|turn|24
|
|move|p2a: Sceptile|Giga Drain|p1a: Suicune
|-supereffective|p1a: Suicune
|-damage|p1a: Suicune|0 fnt
|-heal|p2a: Sceptile|281\/281|[from] drain|[of] p1a: Suicune
|faint|p1a: Suicune
|
|
|switch|p1a: Mienshao|Mienshao, F|271\/271
|turn|25
|
|move|p1a: Mienshao|High Jump Kick|p2a: Sceptile
|-damage|p2a: Sceptile|0 fnt
|faint|p2a: Sceptile
|
|
|switch|p2a: Suicune|Suicune|345\/401
|-damage|p2a: Suicune|295\/401|[from] Stealth Rock
|-damage|p2a: Suicune|245\/401|[from] Spikes
|-ability|p2a: Suicune|Pressure
|turn|26
|
|move|p1a: Mienshao|High Jump Kick|p2a: Suicune
|-damage|p2a: Suicune|71\/401
|move|p2a: Suicune|Rest|p2a: Suicune
|-status|p2a: Suicune|slp
|-heal|p2a: Suicune|401\/401 slp|[silent]
|-status|p2a: Suicune|slp|[from] move: Rest
|
|turn|27
|c|★A Durian|hax?
|
|move|p1a: Mienshao|High Jump Kick|p2a: Suicune
|-damage|p2a: Suicune|221\/401 slp
|cant|p2a: Suicune|slp
|move|p2a: Suicune|Sleep Talk|p2a: Suicune
|move|p2a: Suicune|Calm Mind|p2a: Suicune|[from]Sleep Talk
|-boost|p2a: Suicune|spa|1
|-boost|p2a: Suicune|spd|1
|
|-heal|p2a: Suicune|246\/401 slp|[from] item: Leftovers
|turn|28
|
|move|p1a: Mienshao|High Jump Kick|p2a: Suicune|[miss]
|-miss|p1a: Mienshao|p2a: Suicune
|-damage|p1a: Mienshao|136\/271|[from] highjumpkick
|cant|p2a: Suicune|slp
|move|p2a: Suicune|Sleep Talk|p2a: Suicune
|move|p2a: Suicune|Calm Mind|p2a: Suicune|[from]Sleep Talk
|-boost|p2a: Suicune|spa|1
|-boost|p2a: Suicune|spd|1
|
|-heal|p2a: Suicune|271\/401 slp|[from] item: Leftovers
|turn|29
|c|★A Durian|;-;
|
|move|p1a: Mienshao|High Jump Kick|p2a: Suicune
|-damage|p2a: Suicune|99\/401 slp
|-curestatus|p2a: Suicune|slp
|move|p2a: Suicune|Scald|p1a: Mienshao
|-damage|p1a: Mienshao|0 fnt
|faint|p1a: Mienshao
|
|win|A Durian
|raw|Ladder updating...
|raw|Specs Cranidos's rating: 1585 &rarr; <strong>1559<\/strong><br \/>(-26 for losing)
|raw|A Durian's rating: 1472 &rarr; <strong>1498<\/strong><br \/>(+26 for winning)
|c|★A Durian|did not expect that
|c| RoxanneHere|gg geegee
|c|★A Durian|srry
|c|★A Durian|gg
|c|★Specs Cranidos|gg
|leave|Specs Cranidos
|player|p1