|join|A Durian
|join|ULT tele
|player|p1|A Durian|4
|player|p2|ULT tele|36
|gametype|singles
|gen|6
|tier|UU
|rated
|rule|Sleep Clause Mod: Limit one foe put to sleep
|rule|Species Clause: Limit one of each Pokémon
|rule|OHKO Clause: OHKO moves are banned
|rule|Moody Clause: Moody is banned
|rule|Evasion Moves Clause: Evasion moves are banned
|rule|Endless Battle Clause: Forcing endless battles is banned
|rule|HP Percentage Mod: HP is shown in percentages
|clearpoke
|poke|p1|Chandelure, M
|poke|p1|Empoleon, F, shiny
|poke|p1|Hydreigon, F
|poke|p1|Medicham, M, shiny
|poke|p1|Celebi
|poke|p1|Crobat, M
|poke|p2|Medicham, M, shiny
|poke|p2|Spiritomb, M, shiny
|poke|p2|Empoleon, F, shiny
|poke|p2|Gligar, M, shiny
|poke|p2|Yanmega, M, shiny
|poke|p2|Heliolisk, F
|rule|Swagger Clause: Swagger is banned
|rule|Baton Pass Clause: Limit one Pokémon knowing Baton Pass
|teampreview
|join|Mystialized
|
|start
|switch|p1a: Blewbs|Medicham, M, shiny|261\/261
|switch|p2a: Medicham|Medicham, M, shiny|261\/261
|turn|1
|
|detailschange|p2a: Medicham|Medicham-Mega, M, shiny
|-mega|p2a: Medicham|Medicham|Medichamite
|detailschange|p1a: Blewbs|Medicham-Mega, M, shiny
|-mega|p1a: Blewbs|Medicham|Medichamite
|move|p1a: Blewbs|Fake Out|p2a: Medicham
|-damage|p2a: Medicham|165\/261
|cant|p2a: Medicham|flinch
|
|turn|2
|
|switch|p2a: Gligar|Gligar, M, shiny|333\/333
|move|p1a: Blewbs|Zen Headbutt|p2a: Gligar
|-damage|p2a: Gligar|221\/333
|
|turn|3
|
|move|p1a: Blewbs|Ice Punch|p2a: Gligar
|-supereffective|p2a: Gligar
|-damage|p2a: Gligar|0 fnt
|faint|p2a: Gligar
|
|
|switch|p2a: Spiritomb|Spiritomb, M, shiny|294\/294
|turn|4
|join|Fuck Yeah Murica
|
|move|p2a: Spiritomb|Pursuit|p1a: Blewbs|[from]Pursuit
|-damage|p1a: Blewbs|122\/261
|switch|p1a: Noot Noot|Empoleon, F, shiny|372\/372
|
|turn|5
|
|move|p1a: Noot Noot|Stealth Rock|p2a: Spiritomb
|-sidestart|p2: ULT tele|move: Stealth Rock
|move|p2a: Spiritomb|Will-O-Wisp|p1a: Noot Noot
|-status|p1a: Noot Noot|brn
|
|-damage|p1a: Noot Noot|326\/372 brn|[from] brn
|turn|6
|
|move|p2a: Spiritomb|Sucker Punch|p1a: Noot Noot
|-fail|p1a: Noot Noot
|move|p1a: Noot Noot|Roar|p2a: Spiritomb
|drag|p2a: Empoleon|Empoleon, F, shiny|372\/372
|-damage|p2a: Empoleon|349\/372|[from] Stealth Rock
|
|-heal|p2a: Empoleon|372\/372|[from] item: Leftovers
|-heal|p1a: Noot Noot|349\/372 brn|[from] item: Leftovers
|-damage|p1a: Noot Noot|303\/372 brn|[from] brn
|turn|7
|
|move|p2a: Empoleon|Defog|p1a: Noot Noot
|-unboost|p1a: Noot Noot|evasion|1
|-sideend|p2: ULT tele|Stealth Rock|[from] move: Defog|[of] p2a: Empoleon
|move|p1a: Noot Noot|Roar|p2a: Empoleon
|drag|p2a: Medicham|Medicham-Mega, M, shiny|165\/261
|
|-heal|p1a: Noot Noot|326\/372 brn|[from] item: Leftovers
|-damage|p1a: Noot Noot|280\/372 brn|[from] brn
|turn|8
|
|switch|p1a: Rapist|Celebi|404\/404
|move|p2a: Medicham|Zen Headbutt|p1a: Rapist
|-resisted|p1a: Rapist
|-damage|p1a: Rapist|312\/404
|
|-heal|p1a: Rapist|337\/404|[from] item: Leftovers
|turn|9
|
|switch|p2a: Spiritomb|Spiritomb, M, shiny|294\/294
|move|p1a: Rapist|Baton Pass|p1a: Rapist
|
|switch|p1a: Hydreigon|Hydreigon, F|325\/325
|
|turn|10
|
|move|p1a: Hydreigon|Draco Meteor|p2a: Spiritomb
|-damage|p2a: Spiritomb|84\/294
|-unboost|p1a: Hydreigon|spa|2
|move|p2a: Spiritomb|Will-O-Wisp|p1a: Hydreigon
|-status|p1a: Hydreigon|brn
|
|-heal|p2a: Spiritomb|102\/294|[from] item: Leftovers
|-damage|p1a: Hydreigon|285\/325 brn|[from] brn
|turn|11
|leave|Mystialized
|
|switch|p1a: Noot Noot|Empoleon, F, shiny|280\/372 brn
|move|p2a: Spiritomb|Sucker Punch|p1a: Noot Noot
|-fail|p1a: Noot Noot
|
|-heal|p1a: Noot Noot|303\/372 brn|[from] item: Leftovers
|-heal|p2a: Spiritomb|120\/294|[from] item: Leftovers
|-damage|p1a: Noot Noot|257\/372 brn|[from] brn
|turn|12
|
|move|p1a: Noot Noot|Scald|p2a: Spiritomb
|-damage|p2a: Spiritomb|20\/294
|move|p2a: Spiritomb|Foul Play|p1a: Noot Noot
|-damage|p1a: Noot Noot|160\/372 brn
|
|-heal|p1a: Noot Noot|183\/372 brn|[from] item: Leftovers
|-heal|p2a: Spiritomb|38\/294|[from] item: Leftovers
|-damage|p1a: Noot Noot|137\/372 brn|[from] brn
|turn|13
|
|switch|p2a: Heliolisk|Heliolisk, F|265\/265
|move|p1a: Noot Noot|Stealth Rock|p2a: Heliolisk
|-sidestart|p2: ULT tele|move: Stealth Rock
|
|-heal|p1a: Noot Noot|160\/372 brn|[from] item: Leftovers
|-damage|p1a: Noot Noot|114\/372 brn|[from] brn
|turn|14
|
|move|p2a: Heliolisk|Volt Switch|p1a: Noot Noot
|-supereffective|p1a: Noot Noot
|-damage|p1a: Noot Noot|0 fnt
|-damage|p2a: Heliolisk|239\/265|[from] item: Life Orb
|faint|p1a: Noot Noot
|
|switch|p2a: Medicham|Medicham-Mega, M, shiny|165\/261
|-damage|p2a: Medicham|149\/261|[from] Stealth Rock
|
|
|switch|p1a: Not a Rapist|Crobat, M|343\/343
|turn|15
|
|switch|p2a: Empoleon|Empoleon, F, shiny|372\/372
|-damage|p2a: Empoleon|349\/372|[from] Stealth Rock
|move|p1a: Not a Rapist|Acrobatics|p2a: Empoleon
|-resisted|p2a: Empoleon
|-damage|p2a: Empoleon|275\/372
|
|-heal|p2a: Empoleon|298\/372|[from] item: Leftovers
|turn|16
|
|move|p1a: Not a Rapist|U-turn|p2a: Empoleon
|-resisted|p2a: Empoleon
|-damage|p2a: Empoleon|265\/372
|
|switch|p1a: Rapist|Celebi|337\/404
|move|p2a: Empoleon|Defog|p1a: Rapist
|-unboost|p1a: Rapist|evasion|1
|-sideend|p2: ULT tele|Stealth Rock|[from] move: Defog|[of] p2a: Empoleon
|
|-heal|p1a: Rapist|362\/404|[from] item: Leftovers
|-heal|p2a: Empoleon|288\/372|[from] item: Leftovers
|turn|17
|
|switch|p2a: Yanmega|Yanmega, M, shiny|313\/313
|move|p1a: Rapist|Seed Bomb|p2a: Yanmega
|-resisted|p2a: Yanmega
|-damage|p2a: Yanmega|287\/313
|
|-heal|p1a: Rapist|387\/404|[from] item: Leftovers
|turn|18
|
|switch|p1a: Chull Bruh|Chandelure, M|289\/289
|move|p2a: Yanmega|Air Slash|p1a: Chull Bruh
|-damage|p1a: Chull Bruh|94\/289
|-damage|p2a: Yanmega|256\/313|[from] item: Life Orb
|
|-heal|p1a: Chull Bruh|112\/289|[from] item: Leftovers
|-boost|p2a: Yanmega|spe|1|[from] ability: Speed Boost
|turn|19
|
|move|p2a: Yanmega|Air Slash|p1a: Chull Bruh
|-damage|p1a: Chull Bruh|0 fnt
|-damage|p2a: Yanmega|225\/313|[from] item: Life Orb
|faint|p1a: Chull Bruh
|
|-boost|p2a: Yanmega|spe|1|[from] ability: Speed Boost
|
|switch|p1a: Not a Rapist|Crobat, M|343\/343
|turn|20
|
|switch|p2a: Empoleon|Empoleon, F, shiny|288\/372
|move|p1a: Not a Rapist|Acrobatics|p2a: Empoleon
|-resisted|p2a: Empoleon
|-damage|p2a: Empoleon|206\/372
|
|-heal|p2a: Empoleon|229\/372|[from] item: Leftovers
|turn|21
|
|move|p1a: Not a Rapist|U-turn|p2a: Empoleon
|-resisted|p2a: Empoleon
|-damage|p2a: Empoleon|195\/372
|
|switch|p1a: Rapist|Celebi|387\/404
|move|p2a: Empoleon|Scald|p1a: Rapist
|-resisted|p1a: Rapist
|-damage|p1a: Rapist|340\/404
|
|-heal|p1a: Rapist|365\/404|[from] item: Leftovers
|-heal|p2a: Empoleon|218\/372|[from] item: Leftovers
|turn|22
|
|switch|p2a: Yanmega|Yanmega, M, shiny|225\/313
|move|p1a: Rapist|Baton Pass|p1a: Rapist
|
|switch|p1a: Not a Rapist|Crobat, M|343\/343
|
|turn|23
|
|switch|p2a: Empoleon|Empoleon, F, shiny|218\/372
|move|p1a: Not a Rapist|U-turn|p2a: Empoleon
|-resisted|p2a: Empoleon
|-damage|p2a: Empoleon|187\/372
|
|switch|p1a: Blewbs|Medicham-Mega, M, shiny|122\/261
|
|-heal|p2a: Empoleon|210\/372|[from] item: Leftovers
|turn|24
|
|move|p1a: Blewbs|Fake Out|p2a: Empoleon
|-resisted|p2a: Empoleon
|-damage|p2a: Empoleon|170\/372
|cant|p2a: Empoleon|flinch
|
|-heal|p2a: Empoleon|193\/372|[from] item: Leftovers
|turn|25
|
|move|p1a: Blewbs|Ice Punch|p2a: Empoleon
|-crit|p2a: Empoleon
|-resisted|p2a: Empoleon
|-damage|p2a: Empoleon|134\/372
|move|p2a: Empoleon|Scald|p1a: Blewbs
|-damage|p1a: Blewbs|7\/261
|
|-heal|p2a: Empoleon|157\/372|[from] item: Leftovers
|turn|26
|
|switch|p1a: Hydreigon|Hydreigon, F|285\/325 brn
|switch|p2a: Spiritomb|Spiritomb, M, shiny|38\/294
|
|-heal|p2a: Spiritomb|56\/294|[from] item: Leftovers
|-damage|p1a: Hydreigon|245\/325 brn|[from] brn
|turn|27
|
|move|p2a: Spiritomb|Sucker Punch|p1a: Hydreigon
|-resisted|p1a: Hydreigon
|-damage|p1a: Hydreigon|173\/325 brn
|move|p1a: Hydreigon|Dark Pulse|p2a: Spiritomb
|-damage|p2a: Spiritomb|0 fnt
|faint|p2a: Spiritomb
|
|-damage|p1a: Hydreigon|133\/325 brn|[from] brn
|
|switch|p2a: Medicham|Medicham-Mega, M, shiny|149\/261
|turn|28
|
|move|p2a: Medicham|Fake Out|p1a: Hydreigon
|-damage|p1a: Hydreigon|51\/325 brn
|cant|p1a: Hydreigon|flinch
|
|-damage|p1a: Hydreigon|11\/325 brn|[from] brn
|turn|29
|
|move|p2a: Medicham|Bullet Punch|p1a: Hydreigon
|-damage|p1a: Hydreigon|0 fnt
|faint|p1a: Hydreigon
|
|
|switch|p1a: Not a Rapist|Crobat, M|343\/343
|turn|30
|
|switch|p2a: Empoleon|Empoleon, F, shiny|157\/372
|move|p1a: Not a Rapist|U-turn|p2a: Empoleon
|-resisted|p2a: Empoleon
|-damage|p2a: Empoleon|126\/372
|
|switch|p1a: Blewbs|Medicham-Mega, M, shiny|7\/261
|
|-heal|p2a: Empoleon|149\/372|[from] item: Leftovers
|turn|31
|
|switch|p2a: Medicham|Medicham-Mega, M, shiny|149\/261
|move|p1a: Blewbs|High Jump Kick|p2a: Medicham
|-resisted|p2a: Medicham
|-damage|p2a: Medicham|0 fnt
|faint|p2a: Medicham
|
|c|★A Durian|o.O
|
|switch|p2a: Yanmega|Yanmega, M, shiny|225\/313
|turn|32
|
|switch|p2a: Heliolisk|Heliolisk, F|239\/265
|move|p1a: Blewbs|Ice Punch|p2a: Heliolisk
|-damage|p2a: Heliolisk|0 fnt
|faint|p2a: Heliolisk
|
|
|switch|p2a: Yanmega|Yanmega, M, shiny|225\/313
|turn|33
|
|switch|p1a: Not a Rapist|Crobat, M|343\/343
|move|p2a: Yanmega|Protect|p2a: Yanmega
|-fail|p2a: Yanmega
|
|-boost|p2a: Yanmega|spe|1|[from] ability: Speed Boost
|turn|34
|join|ULT Celsius
|c|★A Durian|;-;
|
|move|p2a: Yanmega|Air Slash|p1a: Not a Rapist
|-damage|p1a: Not a Rapist|119\/343
|-damage|p2a: Yanmega|194\/313|[from] item: Life Orb
|move|p1a: Not a Rapist|Acrobatics|p2a: Yanmega
|-supereffective|p2a: Yanmega
|-damage|p2a: Yanmega|0 fnt
|faint|p2a: Yanmega
|
|
|switch|p2a: Empoleon|Empoleon, F, shiny|149\/372
|turn|35
|
|move|p1a: Not a Rapist|Acrobatics|p2a: Empoleon
|-resisted|p2a: Empoleon
|-damage|p2a: Empoleon|68\/372
|move|p2a: Empoleon|Scald|p1a: Not a Rapist
|-damage|p1a: Not a Rapist|0 fnt
|faint|p1a: Not a Rapist
|
|-heal|p2a: Empoleon|91\/372|[from] item: Leftovers
|
|switch|p1a: Blewbs|Medicham-Mega, M, shiny|7\/261
|turn|36
|
|move|p1a: Blewbs|High Jump Kick|p2a: Empoleon
|-supereffective|p2a: Empoleon
|-damage|p2a: Empoleon|0 fnt
|faint|p2a: Empoleon
|
|win|A Durian
|raw|Ladder updating...
|raw|A Durian's rating: 1447 &rarr; <strong>1461<\/strong><br \/>(+14 for winning)
|raw|ULT tele's rating: 1351 &rarr; <strong>1336<\/strong><br \/>(-15 for losing)
|c|★A Durian|gg
|leave|ULT tele
|player|p2
|leave|A Durian
|leave|Fuck Yeah Murica
|leave|ULT Celsius
|player|p1