|join|Togepower
|join|ZZNN
|player|p1|Togepower|216
|player|p2|ZZNN|144
|gametype|singles
|gen|6
|tier|UU
|rule|Sleep Clause Mod: Limit one foe put to sleep
|rule|Species Clause: Limit one of each Pokémon
|rule|OHKO Clause: OHKO moves are banned
|rule|Moody Clause: Moody is banned
|rule|Evasion Moves Clause: Evasion moves are banned
|rule|Endless Battle Clause: Forcing endless battles is banned
|rule|HP Percentage Mod: HP is shown in percentages
|clearpoke
|poke|p1|Togetic, F
|poke|p1|Nidoqueen, F
|poke|p1|Machamp, M
|poke|p1|Shaymin
|poke|p1|Krookodile, F
|poke|p1|Vaporeon, F
|poke|p2|Suicune, shiny
|poke|p2|Gligar, M
|poke|p2|Umbreon, M, shiny
|poke|p2|Arcanine, M
|poke|p2|Goodra, M
|poke|p2|Toxicroak, F
|rule|Swagger Clause: Swagger is banned
|rule|Baton Pass Clause: Limit one Pokémon knowing Baton Pass
|teampreview
|c|★Togepower|joke team power go
|c|★Togepower|!
|c|★Togepower|wouldnt be fun oif i used my main team
|c|★Togepower|zzzz
|c|★ZZNN|i play defensive
|c|★ZZNN|its my way
|c|★Togepower|i prefer mixed
|c|★Togepower|this team is a joke tho
|c|★ZZNN|UU is brokes by stall
|c|★ZZNN|i just adapt my strategy
|
|start
|switch|p1a: Krookodile|Krookodile, F|331\/331
|switch|p2a: Suicune|Suicune, shiny|404\/404
|-ability|p1a: Krookodile|Intimidate|[of] p2a: Suicune
|-unboost|p2a: Suicune|atk|1
|-ability|p2a: Suicune|Pressure
|turn|1
|
|switch|p1a: Sorry cune|Vaporeon, F|464\/464
|move|p2a: Suicune|Scald|p1a: Sorry cune
|-immune|p1a: Sorry cune|[msg]
|
|turn|2
|
|switch|p2a: Toxicroak|Toxicroak, F|308\/308
|switch|p1a: Nidoqueen|Nidoqueen, F|384\/384
|
|turn|3
|
|switch|p2a: Umbreon|Umbreon, M, shiny|394\/394
|move|p1a: Nidoqueen|Stealth Rock|p2a: Umbreon
|-sidestart|p2: ZZNN|move: Stealth Rock
|
|turn|4
|
|switch|p1a: Machamp|Machamp, M|321\/321
|move|p2a: Umbreon|Wish|p2a: Umbreon
|
|turn|5
|
|switch|p2a: Arcanine|Arcanine, M|384\/384
|-damage|p2a: Arcanine|288\/384|[from] Stealth Rock
|-ability|p2a: Arcanine|Intimidate|[of] p1a: Machamp
|-unboost|p1a: Machamp|atk|1
|move|p1a: Machamp|Knock Off|p2a: Arcanine
|-damage|p2a: Arcanine|190\/384
|-damage|p1a: Machamp|268\/321|[from] item: Rocky Helmet|[of] p2a: Arcanine
|-enditem|p2a: Arcanine|Rocky Helmet|[from] move: Knock Off|[of] p1a: Machamp
|
|-heal|p2a: Arcanine|384\/384|[from] move: Wish|[wisher] Umbreon
|turn|6
|
|switch|p1a: Sorry cune|Vaporeon, F|464\/464
|move|p2a: Arcanine|Will-O-Wisp|p1a: Sorry cune
|-status|p1a: Sorry cune|brn
|
|-damage|p1a: Sorry cune|406\/464 brn|[from] brn
|turn|7
|
|switch|p2a: Gligar|Gligar, M|334\/334
|-damage|p2a: Gligar|293\/334|[from] Stealth Rock
|move|p1a: Sorry cune|Wish|p1a: Sorry cune
|
|-heal|p1a: Sorry cune|435\/464 brn|[from] item: Leftovers
|-damage|p1a: Sorry cune|377\/464 brn|[from] brn
|turn|8
|
|move|p2a: Gligar|Defog|p1a: Sorry cune
|-unboost|p1a: Sorry cune|evasion|1
|-sideend|p2: ZZNN|Stealth Rock|[from] move: Defog|[of] p2a: Gligar
|move|p1a: Sorry cune|Scald|p2a: Gligar
|-supereffective|p2a: Gligar
|-damage|p2a: Gligar|153\/334
|
|-heal|p1a: Sorry cune|464\/464 brn|[from] move: Wish|[wisher] Sorry cune
|-damage|p1a: Sorry cune|406\/464 brn|[from] brn
|turn|9
|
|move|p2a: Gligar|Roost|p2a: Gligar
|-heal|p2a: Gligar|320\/334
|move|p1a: Sorry cune|Wish|p1a: Sorry cune
|
|-heal|p1a: Sorry cune|435\/464 brn|[from] item: Leftovers
|-damage|p1a: Sorry cune|377\/464 brn|[from] brn
|turn|10
|
|switch|p1a: Nidoqueen|Nidoqueen, F|384\/384
|move|p2a: Gligar|Knock Off|p1a: Nidoqueen
|-damage|p1a: Nidoqueen|329\/384
|-enditem|p1a: Nidoqueen|Black Sludge|[from] move: Knock Off|[of] p2a: Gligar
|
|-heal|p1a: Nidoqueen|384\/384|[from] move: Wish|[wisher] Sorry cune
|turn|11
|
|switch|p2a: Umbreon|Umbreon, M, shiny|394\/394
|move|p1a: Nidoqueen|Poison Jab|p2a: Umbreon
|-damage|p2a: Umbreon|280\/394
|
|-heal|p2a: Umbreon|304\/394|[from] item: Leftovers
|turn|12
|
|move|p1a: Nidoqueen|Stealth Rock|p2a: Umbreon
|-sidestart|p2: ZZNN|move: Stealth Rock
|move|p2a: Umbreon|Foul Play|p1a: Nidoqueen
|-damage|p1a: Nidoqueen|287\/384
|
|-heal|p2a: Umbreon|328\/394|[from] item: Leftovers
|turn|13
|
|move|p1a: Nidoqueen|Poison Jab|p2a: Umbreon
|-damage|p2a: Umbreon|228\/394
|move|p2a: Umbreon|Wish|p2a: Umbreon
|
|-heal|p2a: Umbreon|252\/394|[from] item: Leftovers
|turn|14
|
|move|p1a: Nidoqueen|Earth Power|p2a: Umbreon
|-damage|p2a: Umbreon|186\/394
|move|p2a: Umbreon|Foul Play|p1a: Nidoqueen
|-damage|p1a: Nidoqueen|191\/384
|
|-heal|p2a: Umbreon|383\/394|[from] move: Wish|[wisher] Umbreon
|-heal|p2a: Umbreon|394\/394|[from] item: Leftovers
|turn|15
|
|switch|p1a: Togetic|Togetic, F|313\/313
|move|p2a: Umbreon|Foul Play|p1a: Togetic
|-resisted|p1a: Togetic
|-damage|p1a: Togetic|294\/313
|
|turn|16
|
|switch|p2a: Gligar|Gligar, M|320\/334
|-damage|p2a: Gligar|279\/334|[from] Stealth Rock
|move|p1a: Togetic|Nasty Plot|p1a: Togetic
|-boost|p1a: Togetic|spa|2
|
|turn|17
|
|move|p2a: Gligar|Toxic|p1a: Togetic
|-status|p1a: Togetic|tox
|move|p1a: Togetic|Nasty Plot|p1a: Togetic
|-boost|p1a: Togetic|spa|2
|
|-damage|p1a: Togetic|275\/313 tox|[from] psn
|turn|18
|
|move|p2a: Gligar|Defog|p1a: Togetic
|-unboost|p1a: Togetic|evasion|1
|-sideend|p2: ZZNN|Stealth Rock|[from] move: Defog|[of] p2a: Gligar
|move|p1a: Togetic|Dazzling Gleam|p2a: Gligar
|-crit|p2a: Gligar
|-damage|p2a: Gligar|0 fnt
|faint|p2a: Gligar
|
|-damage|p1a: Togetic|237\/313 tox|[from] psn
|c|★Togepower|sorry
|
|switch|p2a: Toxicroak|Toxicroak, F|308\/308
|turn|19
|
|switch|p1a: Krookodile|Krookodile, F|331\/331
|-ability|p1a: Krookodile|Intimidate|[of] p2a: Toxicroak
|-unboost|p2a: Toxicroak|atk|1
|move|p2a: Toxicroak|Gunk Shot|p1a: Krookodile|[miss]
|-miss|p2a: Toxicroak|p1a: Krookodile
|
|turn|20
|c|★Togepower|ehh its getting haxy
|
|switch|p2a: Suicune|Suicune, shiny|404\/404
|-ability|p2a: Suicune|Pressure
|move|p1a: Krookodile|Earthquake|p2a: Suicune
|-damage|p2a: Suicune|292\/404
|
|-heal|p2a: Suicune|317\/404|[from] item: Leftovers
|turn|21
|
|switch|p1a: Shaymin|Shaymin|341\/341
|switch|p2a: Toxicroak|Toxicroak, F|308\/308
|
|turn|22
|
|switch|p2a: Goodra|Goodra, M|384\/384
|move|p1a: Shaymin|Earth Power|p2a: Goodra
|-damage|p2a: Goodra|320\/384
|-damage|p1a: Shaymin|307\/341|[from] item: Life Orb
|
|-heal|p2a: Goodra|344\/384|[from] item: Leftovers
|turn|23
|
|switch|p1a: Nidoqueen|Nidoqueen, F|191\/384
|switch|p2a: Toxicroak|Toxicroak, F|308\/308
|
|turn|24
|
|move|p2a: Toxicroak|Swords Dance|p2a: Toxicroak
|-boost|p2a: Toxicroak|atk|2
|move|p1a: Nidoqueen|Stealth Rock|p2a: Toxicroak
|-sidestart|p2: ZZNN|move: Stealth Rock
|
|turn|25
|
|move|p2a: Toxicroak|Sucker Punch|p1a: Nidoqueen
|-damage|p1a: Nidoqueen|10\/384
|-damage|p2a: Toxicroak|278\/308|[from] item: Life Orb
|move|p1a: Nidoqueen|Earth Power|p2a: Toxicroak
|-supereffective|p2a: Toxicroak
|-damage|p2a: Toxicroak|0 fnt
|faint|p2a: Toxicroak
|
|c|★ZZNN|gg
|c|★Togepower|gg
|c|★ZZNN|i cant win now
|c|★Togepower|i was slower
|c|★Togepower|than you croak
|
|switch|p2a: Goodra|Goodra, M|344\/384
|-damage|p2a: Goodra|296\/384|[from] Stealth Rock
|turn|26
|c|★Togepower|im max def
|c|★ZZNN|yeah but suker is powerful than drain
|
|move|p2a: Goodra|Curse|p2a: Goodra
|-boost|p2a: Goodra|atk|1
|-boost|p2a: Goodra|def|1
|-unboost|p2a: Goodra|spe|1
|move|p1a: Nidoqueen|Poison Jab|p2a: Goodra
|-damage|p2a: Goodra|188\/384
|
|-heal|p2a: Goodra|212\/384|[from] item: Leftovers
|turn|27
|c|★Togepower|o forgot no ice punch
|
|switch|p1a: Machamp|Machamp, M|268\/321
|move|p2a: Goodra|Curse|p2a: Goodra
|-boost|p2a: Goodra|atk|1
|-boost|p2a: Goodra|def|1
|-unboost|p2a: Goodra|spe|1
|
|-heal|p2a: Goodra|236\/384|[from] item: Leftovers
|turn|28
|
|move|p1a: Machamp|Close Combat|p2a: Goodra
|-damage|p2a: Goodra|13\/384
|-unboost|p1a: Machamp|def|1
|-unboost|p1a: Machamp|spd|1
|move|p2a: Goodra|Rest|p2a: Goodra
|-status|p2a: Goodra|slp
|-heal|p2a: Goodra|384\/384 slp|[silent]
|-status|p2a: Goodra|slp|[from] move: Rest
|
|turn|29
|
|move|p1a: Machamp|Close Combat|p2a: Goodra
|-damage|p2a: Goodra|155\/384 slp
|-unboost|p1a: Machamp|def|1
|-unboost|p1a: Machamp|spd|1
|cant|p2a: Goodra|slp
|move|p2a: Goodra|Sleep Talk|p2a: Goodra
|move|p2a: Goodra|Dragon Tail|p1a: Machamp|[from]Sleep Talk
|-damage|p1a: Machamp|0 fnt
|faint|p1a: Machamp
|
|-heal|p2a: Goodra|179\/384 slp|[from] item: Leftovers
|c|★Togepower|uh o
|
|switch|p1a: Krookodile|Krookodile, F|331\/331
|-ability|p1a: Krookodile|Intimidate|[of] p2a: Goodra
|-unboost|p2a: Goodra|atk|1
|turn|30
|
|move|p1a: Krookodile|Knock Off|p2a: Goodra
|-damage|p2a: Goodra|74\/384 slp
|-enditem|p2a: Goodra|Leftovers|[from] move: Knock Off|[of] p1a: Krookodile
|cant|p2a: Goodra|slp
|move|p2a: Goodra|Sleep Talk|p2a: Goodra
|move|p2a: Goodra|Curse|p2a: Goodra|[from]Sleep Talk
|-boost|p2a: Goodra|atk|1
|-boost|p2a: Goodra|def|1
|-unboost|p2a: Goodra|spe|1
|
|turn|31
|
|switch|p1a: Sorry cune|Vaporeon, F|377\/464 brn
|-curestatus|p2a: Goodra|slp
|move|p2a: Goodra|Rest|p2a: Goodra
|-status|p2a: Goodra|slp
|-heal|p2a: Goodra|384\/384 slp|[silent]
|-status|p2a: Goodra|slp|[from] move: Rest
|
|-heal|p1a: Sorry cune|406\/464 brn|[from] item: Leftovers
|-damage|p1a: Sorry cune|348\/464 brn|[from] brn
|turn|32
|
|move|p1a: Sorry cune|Heal Bell|p1a: Sorry cune
|-cureteam|p1a: Sorry cune|[from] move: HealBell
|cant|p2a: Goodra|slp
|move|p2a: Goodra|Sleep Talk|p2a: Goodra
|move|p2a: Goodra|Dragon Tail|p1a: Sorry cune|[from]Sleep Talk
|-damage|p1a: Sorry cune|144\/464
|drag|p1a: Krookodile|Krookodile, F|331\/331
|-ability|p1a: Krookodile|Intimidate|[of] p2a: Goodra
|-unboost|p2a: Goodra|atk|1
|
|turn|33
|
|switch|p1a: Togetic|Togetic, F|237\/313
|switch|p2a: Arcanine|Arcanine, M|384\/384
|-damage|p2a: Arcanine|288\/384|[from] Stealth Rock
|-ability|p2a: Arcanine|Intimidate|[of] p1a: Togetic
|-unboost|p1a: Togetic|atk|1
|
|turn|34
|
|switch|p1a: Sorry cune|Vaporeon, F|144\/464
|move|p2a: Arcanine|Toxic|p1a: Sorry cune
|-status|p1a: Sorry cune|tox
|
|-heal|p1a: Sorry cune|173\/464 tox|[from] item: Leftovers
|-damage|p1a: Sorry cune|144\/464 tox|[from] psn
|turn|35
|
|move|p2a: Arcanine|Flare Blitz|p1a: Sorry cune
|-resisted|p1a: Sorry cune
|-damage|p1a: Sorry cune|39\/464 tox
|-damage|p2a: Arcanine|253\/384|[from] recoil|[of] p1a: Sorry cune
|move|p1a: Sorry cune|Wish|p1a: Sorry cune
|
|-heal|p1a: Sorry cune|68\/464 tox|[from] item: Leftovers
|-damage|p1a: Sorry cune|10\/464 tox|[from] psn
|turn|36
|c|★ZZNN|aaaaaaaaaaaa
|c|★ZZNN|for 3
|
|move|p1a: Sorry cune|Protect|p1a: Sorry cune
|-singleturn|p1a: Sorry cune|Protect
|move|p2a: Arcanine|Flare Blitz|p1a: Sorry cune
|-activate|p1a: Sorry cune|Protect
|
|-heal|p1a: Sorry cune|242\/464 tox|[from] move: Wish|[wisher] Sorry cune
|-heal|p1a: Sorry cune|271\/464 tox|[from] item: Leftovers
|-damage|p1a: Sorry cune|184\/464 tox|[from] psn
|turn|37
|c|★Togepower|i forget to max this max def
|
|move|p2a: Arcanine|Flare Blitz|p1a: Sorry cune
|-resisted|p1a: Sorry cune
|-damage|p1a: Sorry cune|76\/464 tox
|-damage|p2a: Arcanine|217\/384|[from] recoil|[of] p1a: Sorry cune
|move|p1a: Sorry cune|Heal Bell|p1a: Sorry cune
|-cureteam|p1a: Sorry cune|[from] move: HealBell
|
|-heal|p1a: Sorry cune|105\/464|[from] item: Leftovers
|turn|38
|
|move|p2a: Arcanine|Flare Blitz|p1a: Sorry cune
|-resisted|p1a: Sorry cune
|-damage|p1a: Sorry cune|0 fnt
|-damage|p2a: Arcanine|182\/384|[from] recoil|[of] p1a: Sorry cune
|faint|p1a: Sorry cune
|
|c|★ZZNN|i can still win but its too difficult
|c|★Togepower|mhm
|
|switch|p1a: Shaymin|Shaymin|307\/341
|turn|39
|
|switch|p1a: Togetic|Togetic, F|237\/313
|switch|p2a: Umbreon|Umbreon, M, shiny|394\/394
|-damage|p2a: Umbreon|345\/394|[from] Stealth Rock
|
|-heal|p2a: Umbreon|369\/394|[from] item: Leftovers
|turn|40
|
|move|p2a: Umbreon|Wish|p2a: Umbreon
|move|p1a: Togetic|Nasty Plot|p1a: Togetic
|-boost|p1a: Togetic|spa|2
|
|-heal|p2a: Umbreon|393\/394|[from] item: Leftovers
|turn|41
|
|switch|p2a: Arcanine|Arcanine, M|182\/384
|-damage|p2a: Arcanine|86\/384|[from] Stealth Rock
|-ability|p2a: Arcanine|Intimidate|[of] p1a: Togetic
|-unboost|p1a: Togetic|atk|1
|move|p1a: Togetic|Dazzling Gleam|p2a: Arcanine
|-resisted|p2a: Arcanine
|-damage|p2a: Arcanine|0 fnt
|faint|p2a: Arcanine
|
|
|switch|p2a: Suicune|Suicune, shiny|317\/404
|-damage|p2a: Suicune|267\/404|[from] Stealth Rock
|-ability|p2a: Suicune|Pressure
|turn|42
|
|move|p2a: Suicune|Scald|p1a: Togetic
|-damage|p1a: Togetic|180\/313
|-status|p1a: Togetic|brn
|move|p1a: Togetic|Shock Wave|p2a: Suicune
|-supereffective|p2a: Suicune
|-damage|p2a: Suicune|71\/404
|
|-heal|p2a: Suicune|96\/404|[from] item: Leftovers
|-damage|p1a: Togetic|141\/313 brn|[from] brn
|turn|43
|
|move|p2a: Suicune|Rest|p2a: Suicune
|-status|p2a: Suicune|slp
|-heal|p2a: Suicune|404\/404 slp|[silent]
|-status|p2a: Suicune|slp|[from] move: Rest
|move|p1a: Togetic|Shock Wave|p2a: Suicune
|-supereffective|p2a: Suicune
|-damage|p2a: Suicune|210\/404 slp
|
|-heal|p2a: Suicune|235\/404 slp|[from] item: Leftovers
|-damage|p1a: Togetic|102\/313 brn|[from] brn
|turn|44
|
|cant|p2a: Suicune|slp
|move|p2a: Suicune|Sleep Talk|p2a: Suicune
|move|p2a: Suicune|Calm Mind|p2a: Suicune|[from]Sleep Talk
|-boost|p2a: Suicune|spa|1
|-boost|p2a: Suicune|spd|1
|move|p1a: Togetic|Shock Wave|p2a: Suicune
|-supereffective|p2a: Suicune
|-damage|p2a: Suicune|105\/404 slp
|
|-heal|p2a: Suicune|130\/404 slp|[from] item: Leftovers
|-damage|p1a: Togetic|63\/313 brn|[from] brn
|turn|45
|
|cant|p2a: Suicune|slp
|move|p2a: Suicune|Sleep Talk|p2a: Suicune
|move|p2a: Suicune|Calm Mind|p2a: Suicune|[from]Sleep Talk
|-boost|p2a: Suicune|spa|1
|-boost|p2a: Suicune|spd|1
|move|p1a: Togetic|Shock Wave|p2a: Suicune
|-supereffective|p2a: Suicune
|-damage|p2a: Suicune|34\/404 slp
|
|-heal|p2a: Suicune|59\/404 slp|[from] item: Leftovers
|-damage|p1a: Togetic|24\/313 brn|[from] brn
|turn|46
|
|switch|p1a: Shaymin|Shaymin|307\/341
|-curestatus|p2a: Suicune|slp
|move|p2a: Suicune|Rest|p2a: Suicune
|-status|p2a: Suicune|slp
|-heal|p2a: Suicune|404\/404 slp|[silent]
|-status|p2a: Suicune|slp|[from] move: Rest
|
|turn|47
|
|switch|p2a: Umbreon|Umbreon, M, shiny|393\/394
|-damage|p2a: Umbreon|344\/394|[from] Stealth Rock
|move|p1a: Shaymin|Seed Flare|p2a: Umbreon|[miss]
|-miss|p1a: Shaymin|p2a: Umbreon
|
|-heal|p2a: Umbreon|368\/394|[from] item: Leftovers
|turn|48
|c|★ZZNN|my 2 sleep talker are safe
|c|★ZZNN|sorry
|c|★Togepower|meh
|
|move|p1a: Shaymin|Seed Flare|p2a: Umbreon
|-damage|p2a: Umbreon|238\/394
|-damage|p1a: Shaymin|273\/341|[from] item: Life Orb
|move|p2a: Umbreon|Heal Bell|p2a: Umbreon
|-cureteam|p2a: Umbreon|[from] move: HealBell
|
|-heal|p2a: Umbreon|262\/394|[from] item: Leftovers
|turn|49
|c|★Togepower|i messed up with machamp
|
|switch|p1a: Krookodile|Krookodile, F|331\/331
|-ability|p1a: Krookodile|Intimidate|[of] p2a: Umbreon
|-unboost|p2a: Umbreon|atk|1
|move|p2a: Umbreon|Wish|p2a: Umbreon
|
|-heal|p2a: Umbreon|286\/394|[from] item: Leftovers
|turn|50
|
|move|p2a: Umbreon|Protect|p2a: Umbreon
|-singleturn|p2a: Umbreon|Protect
|move|p1a: Krookodile|Knock Off|p2a: Umbreon
|-activate|p2a: Umbreon|Protect
|
|-heal|p2a: Umbreon|394\/394|[from] move: Wish|[wisher] Umbreon
|turn|51
|
|move|p1a: Krookodile|Knock Off|p2a: Umbreon
|-crit|p2a: Umbreon
|-resisted|p2a: Umbreon
|-damage|p2a: Umbreon|292\/394
|-enditem|p2a: Umbreon|Leftovers|[from] move: Knock Off|[of] p1a: Krookodile
|move|p2a: Umbreon|Wish|p2a: Umbreon
|
|turn|52
|
|switch|p1a: Nidoqueen|Nidoqueen, F|10\/384
|move|p2a: Umbreon|Foul Play|p1a: Nidoqueen
|-damage|p1a: Nidoqueen|0 fnt
|faint|p1a: Nidoqueen
|
|-heal|p2a: Umbreon|394\/394|[from] move: Wish|[wisher] Umbreon
|c|★ZZNN|not roost on toge
|c|★Togepower|i have it
|c|★Togepower|but you outspeed
|c|★ZZNN|but against suic
|c|★ZZNN|you could easily roost
|c|★Togepower|my machamp was running just enough speed to beat cube
|c|★Togepower|cune
|c|★Togepower|but that calm mind on sleep talk
|c|★Togepower|messed me up
|c|★Togepower|:p
|
|switch|p1a: Krookodile|Krookodile, F|331\/331
|-ability|p1a: Krookodile|Intimidate|[of] p2a: Umbreon
|-unboost|p2a: Umbreon|atk|1
|turn|53
|
|move|p2a: Umbreon|Protect|p2a: Umbreon
|-singleturn|p2a: Umbreon|Protect
|move|p1a: Krookodile|Earthquake|p2a: Umbreon
|-activate|p2a: Umbreon|Protect
|
|turn|54
|
|move|p1a: Krookodile|Earthquake|p2a: Umbreon
|-damage|p2a: Umbreon|240\/394
|move|p2a: Umbreon|Wish|p2a: Umbreon
|
|turn|55
|
|move|p1a: Krookodile|Earthquake|p2a: Umbreon
|-damage|p2a: Umbreon|75\/394
|move|p2a: Umbreon|Foul Play|p1a: Krookodile
|-resisted|p1a: Krookodile
|-damage|p1a: Krookodile|235\/331
|
|-heal|p2a: Umbreon|272\/394|[from] move: Wish|[wisher] Umbreon
|turn|56
|
|move|p1a: Krookodile|Earthquake|p2a: Umbreon
|-damage|p2a: Umbreon|116\/394
|move|p2a: Umbreon|Wish|p2a: Umbreon
|
|turn|57
|
|move|p2a: Umbreon|Protect|p2a: Umbreon
|-singleturn|p2a: Umbreon|Protect
|move|p1a: Krookodile|Earthquake|p2a: Umbreon
|-activate|p2a: Umbreon|Protect
|
|-heal|p2a: Umbreon|313\/394|[from] move: Wish|[wisher] Umbreon
|turn|58
|c|★Togepower|eh, the joke team did better than i thought
|c|★Togepower|just needed better rolls
|c|★ZZNN|this is not a so joke team
|
|move|p1a: Krookodile|Earthquake|p2a: Umbreon
|-damage|p2a: Umbreon|168\/394
|move|p2a: Umbreon|Wish|p2a: Umbreon
|
|turn|59
|c|★Togepower|howso?
|c|★Togepower|i just threw some threats together
|c|★Togepower|with a shockwave toge
|c|★ZZNN|you have a good core with shaymin and vap
|c|★Togepower|ehh my other team my other team is way better
|
|move|p2a: Umbreon|Protect|p2a: Umbreon
|-singleturn|p2a: Umbreon|Protect
|move|p1a: Krookodile|Earthquake|p2a: Umbreon
|-activate|p2a: Umbreon|Protect
|
|-heal|p2a: Umbreon|365\/394|[from] move: Wish|[wisher] Umbreon
|turn|60
|
|switch|p1a: Shaymin|Shaymin|273\/341
|move|p2a: Umbreon|Wish|p2a: Umbreon
|
|turn|61
|
|move|p1a: Shaymin|Earth Power|p2a: Umbreon
|-damage|p2a: Umbreon|297\/394
|-damage|p1a: Shaymin|239\/341|[from] item: Life Orb
|move|p2a: Umbreon|Foul Play|p1a: Shaymin
|-damage|p1a: Shaymin|139\/341
|
|-heal|p2a: Umbreon|394\/394|[from] move: Wish|[wisher] Umbreon
|turn|62
|
|move|p1a: Shaymin|Seed Flare|p2a: Umbreon
|-damage|p2a: Umbreon|258\/394
|-unboost|p2a: Umbreon|spd|2
|-damage|p1a: Shaymin|105\/341|[from] item: Life Orb
|move|p2a: Umbreon|Wish|p2a: Umbreon
|
|turn|63
|
|move|p2a: Umbreon|Protect|p2a: Umbreon
|-singleturn|p2a: Umbreon|Protect
|move|p1a: Shaymin|Rest|p1a: Shaymin
|-status|p1a: Shaymin|slp
|-heal|p1a: Shaymin|341\/341 slp|[silent]
|-status|p1a: Shaymin|slp|[from] move: Rest
|
|-heal|p2a: Umbreon|394\/394|[from] move: Wish|[wisher] Umbreon
|turn|64
|
|switch|p1a: Togetic|Togetic, F|24\/313 brn
|move|p2a: Umbreon|Foul Play|p1a: Togetic
|-resisted|p1a: Togetic
|-damage|p1a: Togetic|5\/313 brn
|
|-damage|p1a: Togetic|0 fnt|[from] brn
|faint|p1a: Togetic
|
|switch|p1a: Shaymin|Shaymin|341\/341
|turn|65
|c|★ZZNN|why
|c|★Togepower|o because im throwing the towel
|c|★ZZNN|you sack your toge
|c|★Togepower|im telling you umbreon outspeeds
|c|★ZZNN|but goodra
|c|★ZZNN|cant touch him
|c|★Togepower|im aware
|c|★Togepower|but that burn from cube
|c|★ZZNN|so you should have let my goodra kill one
|c|★ZZNN|and roost on the next turn
|c|★Togepower|but you would try to play around it with cune
|c|★Togepower|would you not?
|c|★Togepower|and you would have to do was set up with cune
|c|★Togepower|and or bring umbreon in for shaymin
|c|★ZZNN|yeah its possible
|c|★Togepower|i get walled either way
|c|★Togepower|because i misplayed with machamp
|c|★ZZNN|o have luck on sleep talk
|c|★Togepower|that too
|c|★Togepower|it happens tho
|
|switch|p2a: Goodra|Goodra, M|384\/384
|-damage|p2a: Goodra|336\/384|[from] Stealth Rock
|move|p1a: Shaymin|Seed Flare|p2a: Goodra
|-boost|p2a: Goodra|atk|1|[from] ability: Sap Sipper
|
|turn|66
|
|switch|p1a: Krookodile|Krookodile, F|235\/331
|-ability|p1a: Krookodile|Intimidate|[of] p2a: Goodra
|-unboost|p2a: Goodra|atk|1
|move|p2a: Goodra|Dragon Tail|p1a: Krookodile
|-damage|p1a: Krookodile|148\/331
|drag|p1a: Shaymin|Shaymin|341\/341
|
|turn|67
|
|move|p1a: Shaymin|Air Slash|p2a: Goodra
|-damage|p2a: Goodra|287\/384
|-damage|p1a: Shaymin|307\/341|[from] item: Life Orb
|move|p2a: Goodra|Curse|p2a: Goodra
|-boost|p2a: Goodra|atk|1
|-boost|p2a: Goodra|def|1
|-unboost|p2a: Goodra|spe|1
|
|turn|68
|c|★Togepower|eh gg lol
|c|★ZZNN|gg
|leave|Togepower
|c|★ZZNN|goodra saved me
|player|p1
|-message|Player 1 lost due to inactivity.
|
|win|ZZNN