|join|specs P2
|join|Reverb
|player|p1|specs P2|161
|player|p2|Reverb|33
|gametype|singles
|gen|6
|tier|OU
|rated
|clearpoke
|poke|p1|Metagross
|poke|p1|Kyurem-Black
|poke|p1|Landorus, M
|poke|p1|Zapdos
|poke|p1|Keldeo
|poke|p1|Gothitelle, M
|poke|p2|Azelf
|poke|p2|Breloom, M
|poke|p2|Azumarill, F
|poke|p2|Lopunny, F
|poke|p2|Raikou
|poke|p2|Keldeo
|rule|Swagger Clause: Swagger is banned
|rule|Baton Pass Clause: Limit one Pokémon knowing Baton Pass
|rule|Sleep Clause Mod: Limit one foe put to sleep
|rule|Species Clause: Limit one of each Pokémon
|rule|OHKO Clause: OHKO moves are banned
|rule|Moody Clause: Moody is banned
|rule|Evasion Moves Clause: Evasion moves are banned
|rule|Endless Battle Clause: Forcing endless battles is banned
|rule|HP Percentage Mod: HP is shown in percentages
|teampreview
|join|Ox the Fox
|join|TheLaughingCats
|join|Gizmo
|join|Yuttt.annual
|join|praj.pran
|c| Yuttt.annual|OMG REVERB???
|c| Yuttt.annual|IS THAt YOU!
|join|A2tehBR
|join|PoweredByRevenge
|leave|A2tehBR
|c| PoweredByRevenge|no
|c| Yuttt.annual|oh
|leave|Yuttt.annual
|
|start
|switch|p1a: Landorus|Landorus, M|319\/319
|switch|p2a: Standard Pivot|Raikou|321\/321
|-ability|p2a: Standard Pivot|Pressure
|turn|1
|join|squirrelll
|c| PoweredByRevenge|lol
|
|switch|p1a: Kyurem-Black|Kyurem-Black|391\/391
|-ability|p1a: Kyurem-Black|Teravolt
|move|p2a: Standard Pivot|Hidden Power|p1a: Kyurem-Black
|-crit|p1a: Kyurem-Black
|-damage|p1a: Kyurem-Black|276\/391
|
|turn|2
|
|move|p1a: Kyurem-Black|Fusion Bolt|p2a: Standard Pivot
|-resisted|p2a: Standard Pivot
|-damage|p2a: Standard Pivot|236\/321
|move|p2a: Standard Pivot|Volt Switch|p1a: Kyurem-Black
|-resisted|p1a: Kyurem-Black
|-damage|p1a: Kyurem-Black|210\/391
|join|MiXXX
|
|switch|p2a: I MISS DIGGERS|Breloom, M|261\/261
|
|turn|3
|
|switch|p1a: Zapdos|Zapdos|384\/384
|-ability|p1a: Zapdos|Pressure
|move|p2a: I MISS DIGGERS|Swords Dance|p2a: I MISS DIGGERS
|-boost|p2a: I MISS DIGGERS|atk|2
|
|turn|4
|join|Yuttt.annual
|leave|Yuttt.annual
|leave|Gizmo
|
|move|p2a: I MISS DIGGERS|Spore|p1a: Zapdos
|-status|p1a: Zapdos|slp
|cant|p1a: Zapdos|slp
|
|turn|5
|join|A2tehBR
|c| A2tehBR|see
|c| A2tehBR|sd rock tomb
|c| A2tehBR|would be killing shit rn
|
|move|p2a: I MISS DIGGERS|Swords Dance|p2a: I MISS DIGGERS
|-boost|p2a: I MISS DIGGERS|atk|2
|-curestatus|p1a: Zapdos|slp
|move|p1a: Zapdos|Heat Wave|p2a: I MISS DIGGERS
|-supereffective|p2a: I MISS DIGGERS
|-damage|p2a: I MISS DIGGERS|1\/261
|
|turn|6
|c|★Reverb|shut up
|c| TheLaughingCats|,
|c| TheLaughingCats|THE SASH
|c| A2tehBR|reverb use my sets
|c|★Reverb|it didnt activate sash
|leave|PoweredByRevenge
|c| Ox the Fox|i wish that burnt
|c| A2tehBR|ox
|c| A2tehBR|see
|c| A2tehBR|my set would pull thru
|c| A2tehBR|rn
|
|switch|p1a: Gothitelle|Gothitelle, M|281\/281
|move|p2a: I MISS DIGGERS|Spore|p1a: Gothitelle
|-status|p1a: Gothitelle|slp
|
|turn|7
|c| A2tehBR|grass + fighting is ass
|join|WaterBomb
|
|move|p2a: I MISS DIGGERS|Bullet Seed|p1a: Gothitelle
|-damage|p1a: Gothitelle|79\/281 slp
|-damage|p1a: Gothitelle|0 fnt
|-hitcount|p1a: Gothitelle|2
|faint|p1a: Gothitelle
|
|c| Ox the Fox|he won because he could set up with spore
|c| A2tehBR|n
|
|switch|p1a: Landorus|Landorus, M|319\/319
|turn|8
|join|Cienight
|
|move|p2a: I MISS DIGGERS|Mach Punch|p1a: Landorus
|-resisted|p1a: Landorus
|-damage|p1a: Landorus|138\/319
|move|p1a: Landorus|Earth Power|p2a: I MISS DIGGERS
|-resisted|p2a: I MISS DIGGERS
|-damage|p2a: I MISS DIGGERS|0 fnt
|faint|p2a: I MISS DIGGERS
|
|leave|MiXXX
|
|switch|p2a: Lead|Azelf|353\/353
|turn|9
|
|move|p2a: Lead|Stealth Rock|p1a: Landorus
|-sidestart|p1: specs P2|move: Stealth Rock
|move|p1a: Landorus|Sludge Wave|p2a: Lead
|-damage|p2a: Lead|167\/353
|
|turn|10
|
|move|p2a: Lead|Light Screen|p2a: Lead
|-sidestart|p2: Reverb|move: Light Screen
|move|p1a: Landorus|Stealth Rock|p2a: Lead
|-sidestart|p2: Reverb|move: Stealth Rock
|
|turn|11
|
|move|p2a: Lead|Reflect|p2a: Lead
|-sidestart|p2: Reverb|Reflect
|move|p1a: Landorus|Sludge Wave|p2a: Lead
|-damage|p2a: Lead|84\/353
|
|turn|12
|
|switch|p2a: Standard Pivot|Raikou|236\/321
|-damage|p2a: Standard Pivot|196\/321|[from] Stealth Rock
|-ability|p2a: Standard Pivot|Pressure
|move|p1a: Landorus|Earth Power|p2a: Standard Pivot
|-supereffective|p2a: Standard Pivot
|-damage|p2a: Standard Pivot|67\/321
|
|turn|13
|leave|praj.pran
|c| Ox the Fox|reverb
|join|Mollete
|
|move|p2a: Standard Pivot|Hidden Power|p1a: Landorus
|-supereffective|p1a: Landorus
|-damage|p1a: Landorus|0 fnt
|faint|p1a: Landorus
|
|c| Ox the Fox|I'd stop laddering if I were you
|c|★Reverb|why?
|c| TheLaughingCats|why
|c| TheLaughingCats|rofl
|join|Alldaalts
|c| Ox the Fox|because the lag is insane
|c| TheLaughingCats|o true
|c|★Reverb|how am i playing tho?
|c| Ox the Fox|every turn last game took 40 seconds to activate
|leave|Mollete
|c| A2tehBR|yea ox
|
|switch|p1a: Zapdos|Zapdos|384\/384
|-damage|p1a: Zapdos|288\/384|[from] Stealth Rock
|-ability|p1a: Zapdos|Pressure
|turn|14
|c| A2tehBR|u have a major zap weakness
|c| A2tehBR|not that its a huge deal but
|c| A2tehBR|u have like no way of killing it
|c| Ox the Fox|specskou
|c| A2tehBR|er
|
|move|p2a: Standard Pivot|Volt Switch|p1a: Zapdos
|-damage|p1a: Zapdos|171\/384
|c| A2tehBR|isnt it AV
|c| Ox the Fox|well this version is
|c| A2tehBR|yea this version
|c| A2tehBR|is practically 6-0d
|c| A2tehBR|by zap
|
|switch|p2a: Bunny 2|Lopunny, F|271\/271
|-damage|p2a: Bunny 2|238\/271|[from] Stealth Rock
|move|p1a: Zapdos|Defog|p2a: Bunny 2
|-unboost|p2a: Bunny 2|evasion|1
|-sideend|p2: Reverb|Reflect
|-sideend|p2: Reverb|Reflect|[from] move: Defog|[of] p2a: Bunny 2
|-sideend|p2: Reverb|move: Light Screen
|-sideend|p2: Reverb|Light Screen|[from] move: Defog|[of] p2a: Bunny 2
|-sideend|p2: Reverb|Stealth Rock|[from] move: Defog|[of] p2a: Bunny 2
|-sideend|p1: specs P2|Stealth Rock|[from] move: Defog|[of] p1a: Zapdos
|
|-heal|p1a: Zapdos|195\/384|[from] item: Leftovers
|turn|15
|c| Ox the Fox|lop can beat it too
|c| A2tehBR|not really
|c| A2tehBR|return is not a 2hko
|c| A2tehBR|at all
|
|detailschange|p2a: Bunny 2|Lopunny-Mega, F
|-mega|p2a: Bunny 2|Lopunny|Lopunnite
|move|p2a: Bunny 2|Power-Up Punch|p1a: Zapdos
|-resisted|p1a: Zapdos
|-damage|p1a: Zapdos|165\/384
|-boost|p2a: Bunny 2|atk|1
|move|p1a: Zapdos|Roost|p1a: Zapdos
|-heal|p1a: Zapdos|357\/384
|
|-heal|p1a: Zapdos|381\/384|[from] item: Leftovers
|turn|16
|c| Ox the Fox|pup
|c| Ox the Fox|and then zap will be low eonugh
|c| A2tehBR|yea
|c| TheLaughingCats|yeah u win
|c| A2tehBR|its not unbeatable
|c| A2tehBR|just a weakness
|
|move|p2a: Bunny 2|Return|p1a: Zapdos
|-damage|p1a: Zapdos|153\/384
|move|p1a: Zapdos|Thunderbolt|p2a: Bunny 2
|-damage|p2a: Bunny 2|114\/271
|
|-heal|p1a: Zapdos|177\/384|[from] item: Leftovers
|turn|17
|c| A2tehBR|and thats still
|c| A2tehBR|solid tanking
|c| A2tehBR|for +1
|
|switch|p1a: Keldeo|Keldeo|323\/323
|move|p2a: Bunny 2|Return|p1a: Keldeo
|-damage|p1a: Keldeo|38\/323
|
|-heal|p1a: Keldeo|58\/323|[from] item: Leftovers
|turn|18
|c| Ox the Fox|holy shit lol
|c| A2tehBR|hjk
|c| A2tehBR|if real
|c| A2tehBR|u just pup and win lol
|c| Cienight|y would he hjk
|c| A2tehBR|nb lop
|c| Cienight|:C
|
|move|p2a: Bunny 2|Power-Up Punch|p1a: Keldeo
|-damage|p1a: Keldeo|0 fnt
|-boost|p2a: Bunny 2|atk|1
|faint|p1a: Keldeo
|
|
|switch|p1a: Kyurem-Black|Kyurem-Black|210\/391
|-ability|p1a: Kyurem-Black|Teravolt
|turn|19
|c| A2tehBR|scarf?
|c|@WaterBomb|\/me verbs again
|
|switch|p2a: Standard Pivot|Raikou|67\/321
|-ability|p2a: Standard Pivot|Pressure
|move|p1a: Kyurem-Black|Fusion Bolt|p2a: Standard Pivot
|-resisted|p2a: Standard Pivot
|-damage|p2a: Standard Pivot|0 fnt
|faint|p2a: Standard Pivot
|
|leave|squirrelll
|c|@WaterBomb|lol
|c|@WaterBomb|professional pokemon nickname
|join|Yuttt.annual
|
|switch|p2a: Fuck da police|Keldeo|323\/323
|turn|20
|join|I Iike Squirtles
|
|switch|p1a: Zapdos|Zapdos|177\/384
|-ability|p1a: Zapdos|Pressure
|move|p2a: Fuck da police|Icy Wind|p1a: Zapdos
|-supereffective|p1a: Zapdos
|-damage|p1a: Zapdos|17\/384
|-unboost|p1a: Zapdos|spe|1
|
|-heal|p1a: Zapdos|41\/384|[from] item: Leftovers
|turn|21
|c| Yuttt.annual|donk
|c| A2tehBR|if u were predicting
|c| A2tehBR|why not scald
|c|★Reverb|bc
|c|★Reverb|if he stays in
|
|move|p2a: Fuck da police|Icy Wind|p1a: Zapdos
|-supereffective|p1a: Zapdos
|-damage|p1a: Zapdos|0 fnt
|faint|p1a: Zapdos
|
|c|★Reverb|he gets his speed reduced
|c|★Reverb|then i can kill w\/ lop pup
|c| A2tehBR|but he can come back in
|c| A2tehBR|and sweep later
|c| Yuttt.annual|>revealing sets
|
|switch|p1a: Metagross|Metagross|301\/301
|turn|22
|c| A2tehBR|like if he bolted again u just lost
|c|★Reverb|im scarf idiot
|c| A2tehBR|ik
|c| A2tehBR|but keld would die
|c|★Reverb|ik
|c| A2tehBR|and then
|c|★Reverb|....
|c| A2tehBR|he switches
|c|★Reverb|yeah but he's ai n qa range of lop
|c| Yuttt.annual|reverb
|c| A2tehBR|eh
|c| Yuttt.annual|just pb him
|c| Yuttt.annual|the team
|c| A2tehBR|i think he would live
|c| A2tehBR|ik the team
|c|@WaterBomb|Idiot @ Scarf
|c|@WaterBomb|Adamant
|c| A2tehBR|lol
|c|★Reverb|no he wouldnt fucing idiot
|c| Yuttt.annual|pb specs p2 the team
|c| Yuttt.annual|might as well
|join|Gizmo
|
|switch|p2a: Lead|Azelf|84\/353
|detailschange|p1a: Metagross|Metagross-Mega
|-mega|p1a: Metagross|Metagross|Metagrossite
|move|p1a: Metagross|Zen Headbutt|p2a: Lead
|-resisted|p2a: Lead
|-damage|p2a: Lead|0 fnt
|faint|p2a: Lead
|
|c| Ox the Fox|yah QA + icy wind kills
|c|@WaterBomb|p2 makes me think Porygon2
|c| Yuttt.annual|yes waterbomb
|c| A2tehBR|+1 252 Atk Lopunny Quick Attack vs. 0 HP \/ 0 Def Kyurem-B: 102-121 (26 - 30.9%) -- guaranteed 4HKO
|c| Gizmo|Metagross's Metagross
|c| Gizmo|nice
|join|Henry
|c| A2tehBR|252 SpA Keldeo Icy Wind vs. 0 HP \/ 4- SpD Kyurem-B: 73-86 (18.6 - 21.9%) -- possible 5HKO
|c| A2tehBR|didnt u need
|c| A2tehBR|54
|c| A2tehBR|?
|c| A2tehBR|nice kill
|c| A2tehBR|"idiot"
|join|Savage Alby
|
|switch|p2a: Bunny 1|Azumarill, F|364\/364
|turn|23
|c|★Reverb|it's 44 percent
|c|★Reverb|puts it in qa range
|c| Ox the Fox|HE WOULD HAVE +1 QA
|c| Ox the Fox|n_n
|c| A2tehBR|i calcd
|c| A2tehBR|with +1
|c|★Reverb|fucking retard
A2tehBR was locked from talking by Reverb.
|unlink|a2tehbr
|c| Ox the Fox|LOLOLOL
|c|★Reverb|anyone have any complaints?
|c| Ox the Fox|me
|c| Henry|complaint
|join|RedKingAlmighty
|c| Ox the Fox|your team looks too solid
|c| Yuttt.annual|stupid*
|c|★Reverb|lel
|c| Cienight|I do , why am I not mod
|c| Cienight|gdi
|c| Yuttt.annual|fixed
|c| Savage Alby|lol
|c| Henry|yeah latios isnt a pokemon
|c| Henry|so you're good to go reverb
|c| Cienight|I've been there longer than most
|
|move|p1a: Metagross|Meteor Mash|p2a: Bunny 1|[miss]
|-miss|p1a: Metagross|p2a: Bunny 1
|move|p2a: Bunny 1|Knock Off|p1a: Metagross
|-supereffective|p1a: Metagross
|-damage|p1a: Metagross|163\/301
|
|turn|24
|c| Ox the Fox|yeah why am I not global voice yet
|c| Cienight|> yet not mod
|c| Savage Alby|LOL
|c| Yuttt.annual|SKRILL?
|c| RedKingAlmighty|lol
|c| Cienight|skrillex
|join|praj.pran
|join|Ailurophilia
|
|move|p1a: Metagross|Meteor Mash|p2a: Bunny 1
|-damage|p2a: Bunny 1|69\/364
|-enditem|p2a: Bunny 1|Sitrus Berry|[eat]
|-heal|p2a: Bunny 1|160\/364|[from] item: Sitrus Berry
|move|p2a: Bunny 1|Knock Off|p1a: Metagross
|-supereffective|p1a: Metagross
|-damage|p1a: Metagross|29\/301
|
|turn|25
|
|move|p2a: Bunny 1|Aqua Jet|p1a: Metagross
|-damage|p1a: Metagross|0 fnt
|faint|p1a: Metagross
|
|
|switch|p1a: Kyurem-Black|Kyurem-Black|210\/391
|-ability|p1a: Kyurem-Black|Teravolt
|turn|26
|c| Yuttt.annual|sack azu
|c| Yuttt.annual|go to keld
|c| Yuttt.annual|icy wind
|c| Yuttt.annual|jsut to prove point
|c| Cienight|he misses
|c| Cienight|icy wind
|c| Ox the Fox|yuttt
|c| Ox the Fox|he won't be at +1 qa
|c| Cienight|and he rapes u
|c| Ox the Fox|but just pup
|leave|Henry
|c| Yuttt.annual|shtup
|c| Ox the Fox|lel
|leave|Alldaalts
|c| Gizmo|crit fusion bolt.
|join|Alldaalts
|c| Gizmo|lgi
|c| Ox the Fox|keldeo is faster
|c| Gizmo|is this not
|join|haunter
|c| Gizmo|scarf kyub
|c| Yuttt.annual|scarf keld :∂
|c| Gizmo|scarf keld is for nerds
|c| Yuttt.annual|reverb
|c| Yuttt.annual|are u a nerd
|c| Yuttt.annual|?
|c| Yuttt.annual|GEE WHAT TO CLICK
|c| Yuttt.annual|just timerstall
|c| Yuttt.annual|thats a good strat
|join|LightningLuxray
|c| Ox the Fox|REVERB
|leave|LightningLuxray
|c| Ox the Fox|lol
|c| Yuttt.annual|move when 10 seconds left
|c| Ox the Fox|don't
|c| Ox the Fox|it will lag and it won't load in time
|c| Yuttt.annual|move when 20 seconds left
|c| Ox the Fox|lol...
|leave|Ailurophilia
|-message|Reverb lost due to inactivity.
|c| Ox the Fox|gj reverb
|c| Gizmo|LOL
|c| Yuttt.annual|skillful
|c| Yuttt.annual|victory
|c| Gizmo|nerd
|c| Ox the Fox|wait
|c| Ox the Fox|I think haunter did something
|
|win|specs P2
|raw|Ladder updating...
|c| Ox the Fox|lol
|raw|specs P2's rating: 1746 &rarr; <strong>1769<\/strong><br \/>(+23 for winning)
|raw|Reverb's rating: 1793 &rarr; <strong>1771<\/strong><br \/>(-22 for losing)
|leave|Gizmo
|leave|haunter
|leave|specs P2
|leave|Yuttt.annual
|leave|Ox the Fox
|player|p1
|leave|A2tehBR
|join|LightningLuxray
|leave|LightningLuxray
|leave|TheLaughingCats