|join|wish killer
|join|Lef Deppard
|player|p1|wish killer|68
|player|p2|Lef Deppard|240
|gametype|singles
|gen|6
|tier|OU
|rated
|clearpoke
|poke|p1|Bisharp, M
|poke|p1|Venusaur, M
|poke|p1|Heatran, M
|poke|p1|Keldeo
|poke|p1|Chansey, F
|poke|p1|Skarmory, F
|poke|p2|Donphan, M
|poke|p2|Zapdos
|poke|p2|Pinsir, M
|poke|p2|Keldeo-Resolute
|poke|p2|Metagross
|poke|p2|Celebi
|rule|Swagger Clause: Swagger is banned
|rule|Baton Pass Clause: Limit one Pokémon knowing Baton Pass
|rule|Sleep Clause Mod: Limit one foe put to sleep
|rule|Species Clause: Limit one of each Pokémon
|rule|OHKO Clause: OHKO moves are banned
|rule|Moody Clause: Moody is banned
|rule|Evasion Moves Clause: Evasion moves are banned
|rule|Endless Battle Clause: Forcing endless battles is banned
|rule|HP Percentage Mod: HP is shown in percentages
|teampreview
|
|start
|switch|p1a: Venusaur|Venusaur, M|364\/364
|switch|p2a: Metagross|Metagross|364\/364
|turn|1
|
|switch|p1a: Heatran|Heatran, M|340\/340
|-item|p1a: Heatran|Air Balloon
|move|p2a: Metagross|Stealth Rock|p1a: Heatran
|-sidestart|p1: wish killer|move: Stealth Rock
|
|turn|2
|
|switch|p2a: Pivin on a Lrayer|Donphan, M|384\/384
|move|p1a: Heatran|Toxic|p2a: Pivin on a Lrayer
|-status|p2a: Pivin on a Lrayer|tox
|
|-damage|p2a: Pivin on a Lrayer|360\/384 tox|[from] psn
|turn|3
|join|CleanerThanRotom-W
|
|move|p1a: Heatran|Stealth Rock|p2a: Pivin on a Lrayer
|-sidestart|p2: Lef Deppard|move: Stealth Rock
|move|p2a: Pivin on a Lrayer|Rapid Spin|p1a: Heatran
|-resisted|p1a: Heatran
|-damage|p1a: Heatran|330\/340
|-enditem|p1a: Heatran|Air Balloon
|-sideend|p2: Lef Deppard|Stealth Rock|[from] move: Rapid Spin|[of] p2a: Pivin on a Lrayer
|
|-heal|p2a: Pivin on a Lrayer|384\/384 tox|[from] item: Leftovers
|-damage|p2a: Pivin on a Lrayer|336\/384 tox|[from] psn
|turn|4
|c| CleanerThanRotom-W|go bloody!
|
|switch|p1a: Skarmory|Skarmory, F|334\/334
|-damage|p1a: Skarmory|293\/334|[from] Stealth Rock
|switch|p2a: Keldeo-Resolute|Keldeo-Resolute|322\/322
|
|turn|5
|
|move|p2a: Keldeo-Resolute|Hidden Power|p1a: Skarmory
|-resisted|p1a: Skarmory
|-damage|p1a: Skarmory|235\/334
|move|p1a: Skarmory|Brave Bird|p2a: Keldeo-Resolute
|-supereffective|p2a: Keldeo-Resolute
|-damage|p2a: Keldeo-Resolute|46\/322
|-damage|p1a: Skarmory|144\/334|[from] recoil|[of] p2a: Keldeo-Resolute
|
|turn|6
|
|switch|p2a: Zapdos|Zapdos|384\/384
|-ability|p2a: Zapdos|Pressure
|move|p1a: Skarmory|Roost|p1a: Skarmory
|-heal|p1a: Skarmory|311\/334
|
|turn|7
|
|switch|p2a: Keldeo-Resolute|Keldeo-Resolute|46\/322
|switch|p1a: Chansey|Chansey, F|684\/684
|-damage|p1a: Chansey|599\/684|[from] Stealth Rock
|
|turn|8
|
|move|p2a: Keldeo-Resolute|Secret Sword|p1a: Chansey
|-crit|p1a: Chansey
|-supereffective|p1a: Chansey
|-damage|p1a: Chansey|0 fnt
|faint|p1a: Chansey
|
|
|switch|p1a: Keldeo|Keldeo|323\/323
|-damage|p1a: Keldeo|303\/323|[from] Stealth Rock
|turn|9
|
|switch|p2a: Celebi|Celebi|404\/404
|move|p1a: Keldeo|Calm Mind|p1a: Keldeo
|-boost|p1a: Keldeo|spa|1
|-boost|p1a: Keldeo|spd|1
|
|-heal|p1a: Keldeo|323\/323|[from] item: Leftovers
|turn|10
|
|move|p1a: Keldeo|Calm Mind|p1a: Keldeo
|-boost|p1a: Keldeo|spa|1
|-boost|p1a: Keldeo|spd|1
|move|p2a: Celebi|Giga Drain|p1a: Keldeo
|-supereffective|p1a: Keldeo
|-damage|p1a: Keldeo|233\/323
|
|-heal|p1a: Keldeo|253\/323|[from] item: Leftovers
|turn|11
|
|move|p1a: Keldeo|Hidden Power|p2a: Celebi
|-supereffective|p2a: Celebi
|-damage|p2a: Celebi|198\/404
|move|p2a: Celebi|Thunder Wave|p1a: Keldeo
|-status|p1a: Keldeo|par
|
|-heal|p2a: Celebi|223\/404|[from] item: Leftovers
|-heal|p1a: Keldeo|273\/323 par|[from] item: Leftovers
|turn|12
|
|move|p2a: Celebi|Giga Drain|p1a: Keldeo
|-supereffective|p1a: Keldeo
|-damage|p1a: Keldeo|183\/323 par
|-heal|p2a: Celebi|268\/404|[from] drain|[of] p1a: Keldeo
|move|p1a: Keldeo|Scald|p2a: Celebi
|-resisted|p2a: Celebi
|-damage|p2a: Celebi|159\/404
|-status|p2a: Celebi|brn
|
|-heal|p2a: Celebi|184\/404 brn|[from] item: Leftovers
|-heal|p1a: Keldeo|203\/323 par|[from] item: Leftovers
|-damage|p2a: Celebi|134\/404 brn|[from] brn
|turn|13
|
|switch|p2a: Zapdos|Zapdos|384\/384
|-ability|p2a: Zapdos|Pressure
|move|p1a: Keldeo|Hidden Power|p2a: Zapdos
|-resisted|p2a: Zapdos
|-damage|p2a: Zapdos|320\/384
|
|-heal|p2a: Zapdos|344\/384|[from] item: Leftovers
|-heal|p1a: Keldeo|223\/323 par|[from] item: Leftovers
|turn|14
|
|move|p2a: Zapdos|Thunderbolt|p1a: Keldeo
|-supereffective|p1a: Keldeo
|-damage|p1a: Keldeo|85\/323 par
|move|p1a: Keldeo|Scald|p2a: Zapdos
|-damage|p2a: Zapdos|88\/384
|
|-heal|p2a: Zapdos|112\/384|[from] item: Leftovers
|-heal|p1a: Keldeo|105\/323 par|[from] item: Leftovers
|turn|15
|
|move|p2a: Zapdos|Thunderbolt|p1a: Keldeo
|-supereffective|p1a: Keldeo
|-damage|p1a: Keldeo|0 fnt
|faint|p1a: Keldeo
|
|-heal|p2a: Zapdos|136\/384|[from] item: Leftovers
|
|switch|p1a: Heatran|Heatran, M|330\/340
|-damage|p1a: Heatran|288\/340|[from] Stealth Rock
|turn|16
|
|move|p1a: Heatran|Stealth Rock|p2a: Zapdos
|-sidestart|p2: Lef Deppard|move: Stealth Rock
|move|p2a: Zapdos|Thunderbolt|p1a: Heatran
|-damage|p1a: Heatran|170\/340
|
|-heal|p2a: Zapdos|160\/384|[from] item: Leftovers
|turn|17
|
|move|p1a: Heatran|Fire Blast|p2a: Zapdos
|-damage|p2a: Zapdos|33\/384
|move|p2a: Zapdos|Roost|p2a: Zapdos
|-heal|p2a: Zapdos|225\/384
|
|-heal|p2a: Zapdos|249\/384|[from] item: Leftovers
|turn|18
|
|move|p1a: Heatran|Toxic|p2a: Zapdos
|-status|p2a: Zapdos|tox
|move|p2a: Zapdos|Thunderbolt|p1a: Heatran
|-damage|p1a: Heatran|40\/340
|
|-heal|p2a: Zapdos|273\/384 tox|[from] item: Leftovers
|-damage|p2a: Zapdos|249\/384 tox|[from] psn
|turn|19
|
|move|p1a: Heatran|Fire Blast|p2a: Zapdos
|-damage|p2a: Zapdos|113\/384 tox
|move|p2a: Zapdos|Thunderbolt|p1a: Heatran
|-damage|p1a: Heatran|0 fnt
|faint|p1a: Heatran
|
|-heal|p2a: Zapdos|137\/384 tox|[from] item: Leftovers
|-damage|p2a: Zapdos|89\/384 tox|[from] psn
|
|switch|p1a: Bisharp|Bisharp, M|334\/334
|-damage|p1a: Bisharp|314\/334|[from] Stealth Rock
|turn|20
|
|move|p2a: Zapdos|Heat Wave|p1a: Bisharp
|-crit|p1a: Bisharp
|-supereffective|p1a: Bisharp
|-damage|p1a: Bisharp|0 fnt
|faint|p1a: Bisharp
|
|-heal|p2a: Zapdos|113\/384 tox|[from] item: Leftovers
|-damage|p2a: Zapdos|41\/384 tox|[from] psn
|
|switch|p1a: Venusaur|Venusaur, M|364\/364
|-damage|p1a: Venusaur|319\/364|[from] Stealth Rock
|turn|21
|
|switch|p2a: Metagross|Metagross|364\/364
|-damage|p2a: Metagross|342\/364|[from] Stealth Rock
|detailschange|p1a: Venusaur|Venusaur-Mega, M
|message|Venusaur has Mega Evolved into Mega Venusaur!
|move|p1a: Venusaur|Giga Drain|p2a: Metagross
|-crit|p2a: Metagross
|-resisted|p2a: Metagross
|-damage|p2a: Metagross|256\/364
|-heal|p1a: Venusaur|362\/364|[from] drain|[of] p2a: Metagross
|
|-heal|p2a: Metagross|278\/364|[from] item: Leftovers
|turn|22
|
|move|p1a: Venusaur|Hidden Power|p2a: Metagross
|-supereffective|p2a: Metagross
|-damage|p2a: Metagross|150\/364
|move|p2a: Metagross|Meteor Mash|p1a: Venusaur|[miss]
|-miss|p2a: Metagross|p1a: Venusaur
|
|-heal|p2a: Metagross|172\/364|[from] item: Leftovers
|turn|23
|
|move|p1a: Venusaur|Giga Drain|p2a: Metagross
|-resisted|p2a: Metagross
|-damage|p2a: Metagross|110\/364
|-heal|p1a: Venusaur|364\/364|[from] drain|[of] p2a: Metagross
|move|p2a: Metagross|Meteor Mash|p1a: Venusaur
|-damage|p1a: Venusaur|249\/364
|-boost|p2a: Metagross|atk|1
|
|-heal|p2a: Metagross|132\/364|[from] item: Leftovers
|turn|24
|
|move|p1a: Venusaur|Giga Drain|p2a: Metagross
|-resisted|p2a: Metagross
|-damage|p2a: Metagross|73\/364
|-heal|p1a: Venusaur|279\/364|[from] drain|[of] p2a: Metagross
|move|p2a: Metagross|Meteor Mash|p1a: Venusaur|[miss]
|-miss|p2a: Metagross|p1a: Venusaur
|
|-heal|p2a: Metagross|95\/364|[from] item: Leftovers
|turn|25
|
|move|p2a: Metagross|Bullet Punch|p1a: Venusaur
|-damage|p1a: Venusaur|203\/364
|move|p1a: Venusaur|Hidden Power|p2a: Metagross
|-supereffective|p2a: Metagross
|-damage|p2a: Metagross|0 fnt
|faint|p2a: Metagross
|
|
|switch|p2a: Celebi|Celebi|134\/404
|-damage|p2a: Celebi|84\/404|[from] Stealth Rock
|turn|26
|
|move|p2a: Celebi|Thunder Wave|p1a: Venusaur
|-status|p1a: Venusaur|par
|cant|p1a: Venusaur|par
|
|-heal|p2a: Celebi|109\/404|[from] item: Leftovers
|turn|27
|
|move|p2a: Celebi|Heal Bell|p2a: Celebi
|-cureteam|p2a: Celebi|[from] move: HealBell
|cant|p1a: Venusaur|par
|
|-heal|p2a: Celebi|134\/404|[from] item: Leftovers
|turn|28
|
|move|p2a: Celebi|Recover|p2a: Celebi
|-heal|p2a: Celebi|336\/404
|move|p1a: Venusaur|Hidden Power|p2a: Celebi
|-supereffective|p2a: Celebi
|-damage|p2a: Celebi|260\/404
|
|-heal|p2a: Celebi|285\/404|[from] item: Leftovers
|turn|29
|
|move|p2a: Celebi|Giga Drain|p1a: Venusaur
|-resisted|p1a: Venusaur
|-damage|p1a: Venusaur|184\/364 par
|-heal|p2a: Celebi|295\/404|[from] drain|[of] p1a: Venusaur
|move|p1a: Venusaur|Synthesis|p1a: Venusaur
|-heal|p1a: Venusaur|364\/364 par
|
|-heal|p2a: Celebi|320\/404|[from] item: Leftovers
|turn|30
|
|switch|p1a: Skarmory|Skarmory, F|311\/334
|-damage|p1a: Skarmory|270\/334|[from] Stealth Rock
|move|p2a: Celebi|Giga Drain|p1a: Skarmory
|-resisted|p1a: Skarmory
|-damage|p1a: Skarmory|247\/334
|-heal|p2a: Celebi|332\/404|[from] drain|[of] p1a: Skarmory
|
|-heal|p2a: Celebi|357\/404|[from] item: Leftovers
|turn|31
|
|move|p2a: Celebi|Thunder Wave|p1a: Skarmory
|-status|p1a: Skarmory|par
|move|p1a: Skarmory|Whirlwind|p2a: Celebi
|drag|p2a: Keldeo-Resolute|Keldeo-Resolute|46\/322
|-damage|p2a: Keldeo-Resolute|26\/322|[from] Stealth Rock
|
|turn|32
|
|switch|p1a: Venusaur|Venusaur-Mega, M|364\/364 par
|-damage|p1a: Venusaur|319\/364 par|[from] Stealth Rock
|move|p2a: Keldeo-Resolute|Scald|p1a: Venusaur
|-resisted|p1a: Venusaur
|-damage|p1a: Venusaur|226\/364 par
|
|turn|33
|c| CleanerThanRotom-W|ok
|
|switch|p2a: Celebi|Celebi|357\/404
|-damage|p2a: Celebi|307\/404|[from] Stealth Rock
|move|p1a: Venusaur|Giga Drain|p2a: Celebi
|-resisted|p2a: Celebi
|-damage|p2a: Celebi|268\/404
|-heal|p1a: Venusaur|246\/364 par|[from] drain|[of] p2a: Celebi
|
|-heal|p2a: Celebi|293\/404|[from] item: Leftovers
|turn|34
|
|move|p2a: Celebi|Giga Drain|p1a: Venusaur
|-resisted|p1a: Venusaur
|-damage|p1a: Venusaur|227\/364 par
|-heal|p2a: Celebi|303\/404|[from] drain|[of] p1a: Venusaur
|cant|p1a: Venusaur|par
|
|-heal|p2a: Celebi|328\/404|[from] item: Leftovers
|turn|35
|
|move|p2a: Celebi|Giga Drain|p1a: Venusaur
|-crit|p1a: Venusaur
|-resisted|p1a: Venusaur
|-damage|p1a: Venusaur|197\/364 par
|-heal|p2a: Celebi|343\/404|[from] drain|[of] p1a: Venusaur
|move|p1a: Venusaur|Synthesis|p1a: Venusaur
|-heal|p1a: Venusaur|364\/364 par
|
|-heal|p2a: Celebi|368\/404|[from] item: Leftovers
|turn|36
|
|move|p2a: Celebi|Giga Drain|p1a: Venusaur
|-resisted|p1a: Venusaur
|-damage|p1a: Venusaur|346\/364 par
|-heal|p2a: Celebi|377\/404|[from] drain|[of] p1a: Venusaur
|cant|p1a: Venusaur|par
|
|-heal|p2a: Celebi|402\/404|[from] item: Leftovers
|turn|37
|
|switch|p1a: Skarmory|Skarmory, F|247\/334 par
|-damage|p1a: Skarmory|206\/334 par|[from] Stealth Rock
|move|p2a: Celebi|Giga Drain|p1a: Skarmory
|-resisted|p1a: Skarmory
|-damage|p1a: Skarmory|182\/334 par
|-heal|p2a: Celebi|404\/404|[from] drain|[of] p1a: Skarmory
|
|turn|38
|
|switch|p2a: Pivin on a Lrayer|Donphan, M|336\/384
|-damage|p2a: Pivin on a Lrayer|312\/384|[from] Stealth Rock
|cant|p1a: Skarmory|par
|
|-heal|p2a: Pivin on a Lrayer|336\/384|[from] item: Leftovers
|turn|39
|
|move|p2a: Pivin on a Lrayer|Rapid Spin|p1a: Skarmory
|-resisted|p1a: Skarmory
|-damage|p1a: Skarmory|174\/334 par
|-damage|p2a: Pivin on a Lrayer|272\/384|[from] item: Rocky Helmet|[of] p1a: Skarmory
|-sideend|p2: Lef Deppard|Stealth Rock|[from] move: Rapid Spin|[of] p2a: Pivin on a Lrayer
|move|p1a: Skarmory|Roost|p1a: Skarmory
|-heal|p1a: Skarmory|334\/334 par
|
|-heal|p2a: Pivin on a Lrayer|296\/384|[from] item: Leftovers
|turn|40
|
|move|p2a: Pivin on a Lrayer|Stone Edge|p1a: Skarmory
|-damage|p1a: Skarmory|252\/334 par
|move|p1a: Skarmory|Brave Bird|p2a: Pivin on a Lrayer
|-damage|p2a: Pivin on a Lrayer|191\/384
|-damage|p1a: Skarmory|217\/334 par|[from] recoil|[of] p2a: Pivin on a Lrayer
|
|-heal|p2a: Pivin on a Lrayer|215\/384|[from] item: Leftovers
|turn|41
|
|move|p2a: Pivin on a Lrayer|Stone Edge|p1a: Skarmory
|-crit|p1a: Skarmory
|-damage|p1a: Skarmory|91\/334 par
|move|p1a: Skarmory|Brave Bird|p2a: Pivin on a Lrayer
|-damage|p2a: Pivin on a Lrayer|115\/384
|-damage|p1a: Skarmory|58\/334 par|[from] recoil|[of] p2a: Pivin on a Lrayer
|
|-heal|p2a: Pivin on a Lrayer|139\/384|[from] item: Leftovers
|turn|42
|-message|wish killer forfeited.
|
|win|Lef Deppard
|raw|Ladder updating...
|leave|wish killer
|player|p1
|raw|wish killer's rating: 1887 &rarr; <strong>1861<\/strong><br \/>(-26 for losing)
|raw|Lef Deppard's rating: 1786 &rarr; <strong>1812<\/strong><br \/>(+26 for winning)
|leave|CleanerThanRotom-W