|join|Lef Deppard
|join|req'd by crobro
|player|p1|Lef Deppard|240
|player|p2|req'd by crobro|288
|gametype|singles
|gen|6
|tier|OU
|rated
|clearpoke
|poke|p1|Donphan, M
|poke|p1|Zapdos
|poke|p1|Keldeo-Resolute
|poke|p1|Pinsir, M
|poke|p1|Metagross
|poke|p1|Celebi
|poke|p2|Gyarados, F
|poke|p2|Landorus, M
|poke|p2|Talonflame, M
|poke|p2|Celebi
|poke|p2|Skarmory, M
|poke|p2|Garchomp, F
|rule|Swagger Clause: Swagger is banned
|rule|Baton Pass Clause: Limit one Pokémon knowing Baton Pass
|rule|Sleep Clause Mod: Limit one foe put to sleep
|rule|Species Clause: Limit one of each Pokémon
|rule|OHKO Clause: OHKO moves are banned
|rule|Moody Clause: Moody is banned
|rule|Evasion Moves Clause: Evasion moves are banned
|rule|Endless Battle Clause: Forcing endless battles is banned
|rule|HP Percentage Mod: HP is shown in percentages
|teampreview
|c|★Lef Deppard|Crobro
|c|★req'd by crobro|ya
|c|★Lef Deppard|lol nice
|c|★Lef Deppard|Gl man
|
|start
|switch|p1a: Pour sugar on me|Donphan, M|384\/384
|switch|p2a: Landorus|Landorus, M|319\/319
|turn|1
|join|Snowballin
|
|switch|p1a: Photograph|Zapdos|384\/384
|-ability|p1a: Photograph|Pressure
|move|p2a: Landorus|Stealth Rock|p1a: Photograph
|-sidestart|p1: Lef Deppard|move: Stealth Rock
|
|turn|2
|c|★req'd by crobro|u 2
|
|move|p2a: Landorus|Sludge Wave|p1a: Photograph
|-damage|p1a: Photograph|235\/384
|move|p1a: Photograph|Heat Wave|p2a: Landorus
|-damage|p2a: Landorus|204\/319
|
|-heal|p1a: Photograph|259\/384|[from] item: Leftovers
|turn|3
|
|switch|p2a: Garchomp|Garchomp, F|357\/357
|move|p1a: Photograph|Roost|p1a: Photograph
|-heal|p1a: Photograph|384\/384
|
|turn|4
|
|switch|p1a: Pour sugar on me|Donphan, M|384\/384
|-damage|p1a: Pour sugar on me|360\/384|[from] Stealth Rock
|move|p2a: Garchomp|Outrage|p1a: Pour sugar on me
|-damage|p1a: Pour sugar on me|167\/384
|
|-heal|p1a: Pour sugar on me|191\/384|[from] item: Leftovers
|turn|5
|
|switch|p1a: Undefeated|Metagross|364\/364
|-damage|p1a: Undefeated|342\/364|[from] Stealth Rock
|move|p2a: Garchomp|Outrage|p1a: Undefeated
|-resisted|p1a: Undefeated
|-damage|p1a: Undefeated|256\/364
|
|-end|p2a: Garchomp|rampage
|-start|p2a: Garchomp|confusion
|-heal|p1a: Undefeated|278\/364|[from] item: Leftovers
|turn|6
|
|switch|p2a: Talonflame|Talonflame, M|359\/359
|move|p1a: Undefeated|Stealth Rock|p2a: Talonflame
|-sidestart|p2: req'd by crobro|move: Stealth Rock
|
|-heal|p1a: Undefeated|300\/364|[from] item: Leftovers
|turn|7
|
|move|p2a: Talonflame|Will-O-Wisp|p1a: Undefeated
|-status|p1a: Undefeated|brn
|move|p1a: Undefeated|Meteor Mash|p2a: Talonflame|[miss]
|-miss|p1a: Undefeated|p2a: Talonflame
|
|-heal|p1a: Undefeated|322\/364 brn|[from] item: Leftovers
|-damage|p1a: Undefeated|277\/364 brn|[from] brn
|turn|8
|
|switch|p2a: Skarmory|Skarmory, M|333\/333
|-damage|p2a: Skarmory|292\/333|[from] Stealth Rock
|move|p1a: Undefeated|Meteor Mash|p2a: Skarmory
|-resisted|p2a: Skarmory
|-damage|p2a: Skarmory|265\/333
|-boost|p1a: Undefeated|atk|1
|
|-heal|p1a: Undefeated|299\/364 brn|[from] item: Leftovers
|-damage|p1a: Undefeated|254\/364 brn|[from] brn
|turn|9
|
|switch|p1a: Love bites|Celebi|404\/404
|-damage|p1a: Love bites|354\/404|[from] Stealth Rock
|move|p2a: Skarmory|Counter|p1a: Love bites
|-fail|p1a: Love bites
|
|-heal|p1a: Love bites|379\/404|[from] item: Leftovers
|turn|10
|
|switch|p2a: Landorus|Landorus, M|204\/319
|-damage|p2a: Landorus|165\/319|[from] Stealth Rock
|move|p1a: Love bites|Heal Bell|p1a: Love bites
|-cureteam|p1a: Love bites|[from] move: HealBell
|
|-heal|p1a: Love bites|404\/404|[from] item: Leftovers
|turn|11
|
|move|p2a: Landorus|Sludge Wave|p1a: Love bites
|-supereffective|p1a: Love bites
|-damage|p1a: Love bites|131\/404
|move|p1a: Love bites|Giga Drain|p2a: Landorus
|-damage|p2a: Landorus|59\/319
|-heal|p1a: Love bites|184\/404|[from] drain|[of] p2a: Landorus
|
|-heal|p1a: Love bites|209\/404|[from] item: Leftovers
|turn|12
|
|switch|p1a: Undefeated|Metagross|254\/364
|-damage|p1a: Undefeated|232\/364|[from] Stealth Rock
|move|p2a: Landorus|Sludge Wave|p1a: Undefeated
|-immune|p1a: Undefeated|[msg]
|
|-heal|p1a: Undefeated|254\/364|[from] item: Leftovers
|turn|13
|
|switch|p2a: Garchomp|Garchomp, F|357\/357
|-damage|p2a: Garchomp|335\/357|[from] Stealth Rock
|move|p1a: Undefeated|Bullet Punch|p2a: Garchomp
|-crit|p2a: Garchomp
|-damage|p2a: Garchomp|200\/357
|-damage|p1a: Undefeated|209\/364|[from] ability: Rough Skin|[of] p2a: Garchomp
|
|-heal|p1a: Undefeated|231\/364|[from] item: Leftovers
|turn|14
|
|switch|p1a: Photograph|Zapdos|384\/384
|-damage|p1a: Photograph|288\/384|[from] Stealth Rock
|-ability|p1a: Photograph|Pressure
|move|p2a: Garchomp|Outrage|p1a: Photograph
|-damage|p1a: Photograph|51\/384
|
|-heal|p1a: Photograph|75\/384|[from] item: Leftovers
|turn|15
|
|switch|p1a: Undefeated|Metagross|231\/364
|-damage|p1a: Undefeated|209\/364|[from] Stealth Rock
|move|p2a: Garchomp|Outrage|p1a: Undefeated
|-resisted|p1a: Undefeated
|-damage|p1a: Undefeated|126\/364
|
|-end|p2a: Garchomp|rampage
|-start|p2a: Garchomp|confusion
|-heal|p1a: Undefeated|148\/364|[from] item: Leftovers
|turn|16
|
|switch|p2a: Skarmory|Skarmory, M|265\/333
|-damage|p2a: Skarmory|224\/333|[from] Stealth Rock
|move|p1a: Undefeated|Meteor Mash|p2a: Skarmory
|-resisted|p2a: Skarmory
|-damage|p2a: Skarmory|171\/333
|
|-heal|p1a: Undefeated|170\/364|[from] item: Leftovers
|turn|17
|
|switch|p1a: Pour sugar on me|Donphan, M|191\/384
|-damage|p1a: Pour sugar on me|167\/384|[from] Stealth Rock
|move|p2a: Skarmory|Roost|p2a: Skarmory
|-heal|p2a: Skarmory|333\/333
|
|-heal|p1a: Pour sugar on me|191\/384|[from] item: Leftovers
|turn|18
|
|move|p2a: Skarmory|Defog|p1a: Pour sugar on me
|-unboost|p1a: Pour sugar on me|evasion|1
|-sideend|p1: Lef Deppard|Stealth Rock|[from] move: Defog|[of] p1a: Pour sugar on me
|-sideend|p2: req'd by crobro|Stealth Rock|[from] move: Defog|[of] p2a: Skarmory
|move|p1a: Pour sugar on me|Rapid Spin|p2a: Skarmory
|-resisted|p2a: Skarmory
|-damage|p2a: Skarmory|325\/333
|
|-heal|p1a: Pour sugar on me|215\/384|[from] item: Leftovers
|turn|19
|c|★Lef Deppard|-.-
|
|switch|p2a: Gyarados|Gyarados, F|331\/331
|-ability|p2a: Gyarados|Intimidate|[of] p1a: Pour sugar on me
|-unboost|p1a: Pour sugar on me|atk|1
|move|p1a: Pour sugar on me|Knock Off|p2a: Gyarados
|-damage|p2a: Gyarados|265\/331
|
|-heal|p1a: Pour sugar on me|239\/384|[from] item: Leftovers
|turn|20
|
|switch|p1a: Animal|Keldeo-Resolute|322\/322
|move|p2a: Gyarados|Waterfall|p1a: Animal
|-resisted|p1a: Animal
|-damage|p1a: Animal|233\/322
|
|turn|21
|
|switch|p1a: Undefeated|Metagross|170\/364
|switch|p2a: Celebi|Celebi|404\/404
|
|-heal|p1a: Undefeated|192\/364|[from] item: Leftovers
|turn|22
|
|move|p2a: Celebi|U-turn|p1a: Undefeated
|-damage|p1a: Undefeated|150\/364
|
|switch|p2a: Gyarados|Gyarados, F|265\/331
|-ability|p2a: Gyarados|Intimidate|[of] p1a: Undefeated
|-fail|p1a: Undefeated|unboost|[from] ability: Clear Body|[of] p1a: Undefeated
|move|p1a: Undefeated|Stealth Rock|p2a: Gyarados
|-sidestart|p2: req'd by crobro|move: Stealth Rock
|
|-heal|p1a: Undefeated|172\/364|[from] item: Leftovers
|turn|23
|
|detailschange|p2a: Gyarados|Gyarados-Mega, F
|-mega|p2a: Gyarados|Gyarados|Gyaradosite
|-ability|p2a: Gyarados|Mold Breaker
|move|p2a: Gyarados|Crunch|p1a: Undefeated
|-supereffective|p1a: Undefeated
|-damage|p1a: Undefeated|0 fnt
|faint|p1a: Undefeated
|
|
|switch|p1a: Animal|Keldeo-Resolute|233\/322
|turn|24
|
|switch|p1a: Armageddon it|Pinsir, M|271\/271
|switch|p2a: Celebi|Celebi|404\/404
|-damage|p2a: Celebi|354\/404|[from] Stealth Rock
|
|-heal|p2a: Celebi|379\/404|[from] item: Leftovers
|turn|25
|c|★req'd by crobro|sweet i get the hazards out now
|
|switch|p1a: Photograph|Zapdos|75\/384
|-ability|p1a: Photograph|Pressure
|switch|p2a: Skarmory|Skarmory, M|325\/333
|-damage|p2a: Skarmory|284\/333|[from] Stealth Rock
|
|-heal|p1a: Photograph|99\/384|[from] item: Leftovers
|turn|26
|
|switch|p1a: Pour sugar on me|Donphan, M|239\/384
|switch|p2a: Garchomp|Garchomp, F|200\/357
|-damage|p2a: Garchomp|178\/357|[from] Stealth Rock
|
|-heal|p1a: Pour sugar on me|263\/384|[from] item: Leftovers
|turn|27
|
|switch|p2a: Skarmory|Skarmory, M|284\/333
|-damage|p2a: Skarmory|243\/333|[from] Stealth Rock
|switch|p1a: Photograph|Zapdos|99\/384
|-ability|p1a: Photograph|Pressure
|
|-heal|p1a: Photograph|123\/384|[from] item: Leftovers
|turn|28
|
|switch|p2a: Garchomp|Garchomp, F|178\/357
|-damage|p2a: Garchomp|156\/357|[from] Stealth Rock
|move|p1a: Photograph|Hidden Power|p2a: Garchomp
|-supereffective|p2a: Garchomp
|-damage|p2a: Garchomp|0 fnt
|faint|p2a: Garchomp
|
|-heal|p1a: Photograph|147\/384|[from] item: Leftovers
|
|switch|p2a: Gyarados|Gyarados-Mega, F|265\/331
|-damage|p2a: Gyarados|224\/331|[from] Stealth Rock
|-ability|p2a: Gyarados|Mold Breaker
|turn|29
|
|switch|p1a: Love bites|Celebi|209\/404
|move|p2a: Gyarados|Crunch|p1a: Love bites
|-supereffective|p1a: Love bites
|-damage|p1a: Love bites|0 fnt
|faint|p1a: Love bites
|
|
|switch|p1a: Armageddon it|Pinsir, M|271\/271
|turn|30
|
|detailschange|p1a: Armageddon it|Pinsir-Mega, M
|-mega|p1a: Armageddon it|Pinsir|Pinsirite
|move|p1a: Armageddon it|Return|p2a: Gyarados
|-damage|p2a: Gyarados|0 fnt
|faint|p2a: Gyarados
|
|
|switch|p2a: Skarmory|Skarmory, M|243\/333
|-damage|p2a: Skarmory|202\/333|[from] Stealth Rock
|turn|31
|
|move|p1a: Armageddon it|Swords Dance|p1a: Armageddon it
|-boost|p1a: Armageddon it|atk|2
|move|p2a: Skarmory|Defog|p1a: Armageddon it
|-unboost|p1a: Armageddon it|evasion|1
|-sideend|p2: req'd by crobro|Stealth Rock|[from] move: Defog|[of] p2a: Skarmory
|
|turn|32
|
|move|p1a: Armageddon it|Swords Dance|p1a: Armageddon it
|-boost|p1a: Armageddon it|atk|2
|move|p2a: Skarmory|Counter|p1a: Armageddon it
|-fail|p1a: Armageddon it
|
|turn|33
|-message|req'd by crobro forfeited.
|leave|req'd by crobro
|
|win|Lef Deppard
|raw|Ladder updating...
|player|p2
|raw|Lef Deppard's rating: 1677 &rarr; <strong>1693<\/strong><br \/>(+16 for winning)
|raw|req&apos;d by crobro's rating: 1606 &rarr; <strong>1590<\/strong><br \/>(-16 for losing)