|join|Barge7799
|join|Lef Deppard
|player|p1|Barge7799|291
|player|p2|Lef Deppard|240
|gametype|singles
|gen|6
|tier|OU
|rated
|clearpoke
|poke|p1|Metagross
|poke|p1|Keldeo
|poke|p1|Talonflame, F
|poke|p1|Latios, M
|poke|p1|Thundurus, M
|poke|p1|Garchomp, F
|poke|p2|Donphan, M
|poke|p2|Zapdos
|poke|p2|Keldeo-Resolute
|poke|p2|Pinsir, M
|poke|p2|Metagross
|poke|p2|Celebi
|rule|Swagger Clause: Swagger is banned
|rule|Baton Pass Clause: Limit one Pokémon knowing Baton Pass
|rule|Sleep Clause Mod: Limit one foe put to sleep
|rule|Species Clause: Limit one of each Pokémon
|rule|OHKO Clause: OHKO moves are banned
|rule|Moody Clause: Moody is banned
|rule|Evasion Moves Clause: Evasion moves are banned
|rule|Endless Battle Clause: Forcing endless battles is banned
|rule|HP Percentage Mod: HP is shown in percentages
|teampreview
|join|N is LOL
|join|Cristo96
|join|FURORE DEI MICETTI
|c| FURORE DEI MICETTI|barge
|c| FURORE DEI MICETTI|dkitsune usava quel team
|c| FURORE DEI MICETTI|è possibile?
|c| N is LOL|idk
|c|★Barge7799|idk
|c|★Barge7799|lol
|
|start
|switch|p1a: Keldeo|Keldeo|323\/323
|switch|p2a: Pour sugar on me|Donphan, M|384\/384
|turn|1
|c| FURORE DEI MICETTI|identico
|c| N is LOL|l'avrà rippato in giro
|c| N is LOL|in media lo fa
|c| N is LOL|e la nostra roba viene rippata spesso
|c| FURORE DEI MICETTI|sborra di meno
|c| FURORE DEI MICETTI|o i pokemon annegano
|c| N is LOL|eh 50 e 50 qua
|
|switch|p2a: Love bites|Celebi|404\/404
|move|p1a: Keldeo|Scald|p2a: Love bites
|-resisted|p2a: Love bites
|-damage|p2a: Love bites|352\/404
|
|-heal|p2a: Love bites|377\/404|[from] item: Leftovers
|turn|2
|c| FURORE DEI MICETTI|questi switch tattici
|c| N is LOL|volevamo mettere il pollo
|c| N is LOL|ma in ladder si sa mai
|c| FURORE DEI MICETTI|anche perchè donphan si usa con stone edge
|c| FURORE DEI MICETTI|se è avester
|c| FURORE DEI MICETTI|o3o
|c| FURORE DEI MICETTI|qua ci stava la predict della vita
|
|switch|p1a: Garchomp|Garchomp, F|357\/357
|move|p2a: Love bites|Thunder Wave|p1a: Garchomp
|-immune|p1a: Garchomp|[msg]
|
|-heal|p2a: Love bites|402\/404|[from] item: Leftovers
|turn|3
|
|switch|p2a: Pour sugar on me|Donphan, M|384\/384
|move|p1a: Garchomp|Swords Dance|p1a: Garchomp
|-boost|p1a: Garchomp|atk|2
|
|turn|4
|c| N is LOL|ehehehehe
|c| N is LOL|agras ha parlato qua
|c| FURORE DEI MICETTI|GHIACCIO SCHEGGIA
|
|move|p1a: Garchomp|Earthquake|p2a: Pour sugar on me
|-damage|p2a: Pour sugar on me|65\/384
|move|p2a: Pour sugar on me|Earthquake|p1a: Garchomp
|-damage|p1a: Garchomp|180\/357
|
|-heal|p2a: Pour sugar on me|89\/384|[from] item: Leftovers
|turn|5
|c| N is LOL|wedgaf
|
|switch|p1a: Keldeo|Keldeo|323\/323
|move|p2a: Pour sugar on me|Ice Shard|p1a: Keldeo
|-resisted|p1a: Keldeo
|-damage|p1a: Keldeo|298\/323
|
|-heal|p2a: Pour sugar on me|113\/384|[from] item: Leftovers
|turn|6
|
|switch|p1a: Talonflame|Talonflame, F|319\/319
|switch|p2a: Animal|Keldeo-Resolute|322\/322
|
|turn|7
|
|switch|p2a: Photograph|Zapdos|384\/384
|-ability|p2a: Photograph|Pressure
|move|p1a: Talonflame|Brave Bird|p2a: Photograph
|-resisted|p2a: Photograph
|-damage|p2a: Photograph|267\/384
|-damage|p1a: Talonflame|280\/319|[from] recoil|[of] p2a: Photograph
|
|-heal|p2a: Photograph|291\/384|[from] item: Leftovers
|turn|8
|
|switch|p1a: Garchomp|Garchomp, F|180\/357
|move|p2a: Photograph|Hidden Power|p1a: Garchomp
|-supereffective|p1a: Garchomp
|-damage|p1a: Garchomp|0 fnt
|faint|p1a: Garchomp
|
|-heal|p2a: Photograph|315\/384|[from] item: Leftovers
|c| N is LOL|zappy bold
|c| N is LOL|lefty
|c| N is LOL|hp ice
|c| N is LOL|nice nice
|c| N is LOL|u r strong
|c| FURORE DEI MICETTI|ma cosa sfotti i poverini
|c| FURORE DEI MICETTI|cancro di merda
|
|switch|p1a: Latios|Latios, M|301\/301
|turn|9
|c|★Lef Deppard|Wow
|c| N is LOL|era un sack quello di chomp
|c| N is LOL|dunque fregacazzi
|c| N is LOL|però lui è tard lo stesso
|join|Orin Necromancer
|join|MEDJUGORIE
|c| FURORE DEI MICETTI|ma poverino lascialo giocareee
|c| N is LOL|tanta incapacità mi irrita
|
|switch|p2a: Love bites|Celebi|402\/404
|move|p1a: Latios|Psyshock|p2a: Love bites
|-resisted|p2a: Love bites
|-damage|p2a: Love bites|305\/404
|-damage|p1a: Latios|271\/301|[from] item: Life Orb
|
|-heal|p2a: Love bites|330\/404|[from] item: Leftovers
|turn|10
|c| Orin Necromancer|Furoro
|leave|MEDJUGORIE
|c| FURORE DEI MICETTI|beh da quel che vedo
|c| N is LOL|gli farò sputare sangue :)
|c| FURORE DEI MICETTI|potreste anche ingoiare un cazzo
|c| FURORE DEI MICETTI|da sto incapace
|c| N is LOL|nah
|c| N is LOL|è ancora apertissimissima
|c| FURORE DEI MICETTI|E INVECE O3O
|c| N is LOL|e lui è incapace
|c| N is LOL|noi no
|c| N is LOL|fammi ghostare
|
|switch|p1a: Thundurus|Thundurus, M|299\/299
|move|p2a: Love bites|Thunder Wave|p1a: Thundurus
|-fail|p1a: Thundurus
|
|-heal|p2a: Love bites|355\/404|[from] item: Leftovers
|turn|11
|c| N is LOL|u r strongh
|c| N is LOL|clap clap
|c|★Lef Deppard|Shut up
|
|switch|p2a: Photograph|Zapdos|315\/384
|-ability|p2a: Photograph|Pressure
|move|p1a: Thundurus|Hidden Power|p2a: Photograph
|-supereffective|p2a: Photograph
|-damage|p2a: Photograph|164\/384
|-damage|p1a: Thundurus|270\/299|[from] item: Life Orb
|
|-heal|p2a: Photograph|188\/384|[from] item: Leftovers
|turn|12
|c| Orin Necromancer|Lef
|c| N is LOL|wow
|c| FURORE DEI MICETTI|n is lol is a cancer
|c| FURORE DEI MICETTI|ignore him
|c| Orin Necromancer|You can't win this
|c| Orin Necromancer|We have tele
|c|★Lef Deppard|no a bisogni dei tuo sarcasm
|c| N is LOL|AHAHAHAHAHAAHAHAHHAHAHA
|c|★Barge7799|wut
|c| N is LOL|AHAHAHAHAHAH
|c| FURORE DEI MICETTI|:(
|
|move|p1a: Thundurus|Thunderbolt|p2a: Photograph
|-damage|p2a: Photograph|23\/384
|-damage|p1a: Thundurus|241\/299|[from] item: Life Orb
|move|p2a: Photograph|Roost|p2a: Photograph
|-heal|p2a: Photograph|215\/384
|
|-heal|p2a: Photograph|239\/384|[from] item: Leftovers
|turn|13
|c| N is LOL|Pillaring?
|c| N is LOL|nope
|c| FURORE DEI MICETTI|lol
|c| Orin Necromancer|Lef
|c| N is LOL|roll un po' del cazzo
|
|switch|p1a: Latios|Latios, M|271\/301
|move|p2a: Photograph|Roost|p2a: Photograph
|-heal|p2a: Photograph|384\/384
|
|turn|14
|c| N is LOL|ma penso tenesse uguale
|c| Orin Necromancer|Tele is not longer a player of the game called Pokemon
|c| N is LOL|ho inquadrato l'ev spread
|c| Orin Necromancer|He ascended
|c| Orin Necromancer|and become the game itself
|c| Orin Necromancer|We were tele's friend
|c| Cristo96|tele has become a slowbro
|c| Orin Necromancer|u can't win this battle
|c| FURORE DEI MICETTI|agras smettila di dossarmi
|c| Orin Necromancer|Indossarmi
|c| FURORE DEI MICETTI|:(
|c| Cristo96|agras l'indossapersone
|c| Orin Necromancer|Emiliano è un capo d' abbigliamento
|
|move|p1a: Latios|Psyshock|p2a: Photograph
|-damage|p2a: Photograph|173\/384
|-damage|p1a: Latios|241\/301|[from] item: Life Orb
|move|p2a: Photograph|Roost|p2a: Photograph
|-heal|p2a: Photograph|365\/384
|
|-heal|p2a: Photograph|384\/384|[from] item: Leftovers
|turn|15
|c| FURORE DEI MICETTI|almeno sono il capo...!
|c| Orin Necromancer|lef
|c| Orin Necromancer|I told to tele
|c| Orin Necromancer|to crit the next hit
|c| Orin Necromancer|prepare yourself
|c| N is LOL|'sto spread è il vero cancro del game
|c| N is LOL|altrochè
|c| FURORE DEI MICETTI|te l'ho detto che sucavi
|c| FURORE DEI MICETTI|xoxo
|c| N is LOL|è fattibilissima ancora
|
|switch|p2a: Love bites|Celebi|355\/404
|move|p1a: Latios|Psyshock|p2a: Love bites
|-resisted|p2a: Love bites
|-damage|p2a: Love bites|267\/404
|-damage|p1a: Latios|211\/301|[from] item: Life Orb
|
|-heal|p2a: Love bites|292\/404|[from] item: Leftovers
|turn|16
|c| N is LOL|te lo direi sennò
|
|switch|p1a: Talonflame|Talonflame, F|280\/319
|switch|p2a: Photograph|Zapdos|384\/384
|-ability|p2a: Photograph|Pressure
|
|turn|17
|c| Orin Necromancer|.....
|c| FURORE DEI MICETTI|agras il nabbo ti outplaya
|c| FURORE DEI MICETTI|hue
|c| Orin Necromancer|eggià
|c| FURORE DEI MICETTI|lef deppard ur my hero
|c| Orin Necromancer|Ma noi abbiamo tele
|c| N is LOL|non me l'aspettavo
|c|★Barge7799|mh
|c| N is LOL|ora so che qualcosa lo sa fare
|c| N is LOL|bene
|c| N is LOL|mi diverto
|c| N is LOL|FAMMI DIVERTIRE
|c| N is LOL|:)
|c| FURORE DEI MICETTI|:)))))
|c| Orin Necromancer|Sadomaso agraS
|c| Cristo96|per lui non esistono sfide
|c| Cristo96|solo vittorie più difficili
|c| Orin Necromancer|O sconfitte del cazzo
|
|switch|p1a: Latios|Latios, M|211\/301
|move|p2a: Photograph|Thunderbolt|p1a: Latios
|-resisted|p1a: Latios
|-damage|p1a: Latios|154\/301
|
|turn|18
|
|switch|p2a: Undefeated|Metagross|364\/364
|move|p1a: Latios|Psyshock|p2a: Undefeated
|-resisted|p2a: Undefeated
|-damage|p2a: Undefeated|326\/364
|-damage|p1a: Latios|124\/301|[from] item: Life Orb
|
|-heal|p2a: Undefeated|348\/364|[from] item: Leftovers
|turn|19
|
|move|p1a: Latios|Hidden Power|p2a: Undefeated
|-supereffective|p2a: Undefeated
|-damage|p2a: Undefeated|140\/364
|-damage|p1a: Latios|94\/301|[from] item: Life Orb
|move|p2a: Undefeated|Stealth Rock|p1a: Latios
|-sidestart|p1: Barge7799|move: Stealth Rock
|
|-heal|p2a: Undefeated|162\/364|[from] item: Leftovers
|turn|20
|c| FURORE DEI MICETTI|il faoso
|c| FURORE DEI MICETTI|famoso
|c| FURORE DEI MICETTI|metagross
|c| FURORE DEI MICETTI|coi lefties
|c| Orin Necromancer|IO CI BUILDO SOPRA
|c| Cristo96|facepalm collettivo
|c| Orin Necromancer|MINCHIA CHE SETTER DI ROCCE
|
|move|p2a: Undefeated|Bullet Punch|p1a: Latios
|-damage|p1a: Latios|0 fnt
|faint|p1a: Latios
|
|-heal|p2a: Undefeated|184\/364|[from] item: Leftovers
|c| Orin Necromancer|MADONNA
|c| Orin Necromancer|NON VEDI
|c| Cristo96|TOO OP
|c|★Lef Deppard|Hahahaha
|c| N is LOL|LEFTY ON METAGROSS
|join|Olio Di Semi
|c|★Lef Deppard|It's not that bad
|c| FURORE DEI MICETTI|my hero
|c| N is LOL|FOUND YOURSELF
|c| N is LOL|LOLù
|c| FURORE DEI MICETTI|lef the legend
|c| FURORE DEI MICETTI|i'll let you fuck my sister
|c|★Lef Deppard|Hahaha
|c| FURORE DEI MICETTI|with condom!
|c| Orin Necromancer|(Her sister is purugly)
|c| FURORE DEI MICETTI|(for you uh)
|c| N is LOL|Ora è difficilissimo portarla a casa tipo
|c| FURORE DEI MICETTI|(my sister have ebola)
|c| N is LOL|all'80% ha vinto lui
|c| Orin Necromancer|Lef
|c| Orin Necromancer|We need to win
|c| Orin Necromancer|SO
|c| Orin Necromancer|Just repeat stealth rock
|
|switch|p1a: Thundurus|Thundurus, M|241\/299
|-damage|p1a: Thundurus|167\/299|[from] Stealth Rock
|turn|21
|c| Orin Necromancer|And we dance with talonflame
|c| Orin Necromancer|Ok ?
|c| N is LOL|no
|c| N is LOL|lol
|c| N is LOL|mi dicono di no
|
|switch|p2a: Pour sugar on me|Donphan, M|113\/384
|move|p1a: Thundurus|Thunderbolt|p2a: Pour sugar on me
|-immune|p2a: Pour sugar on me|[msg]
|
|-heal|p2a: Pour sugar on me|137\/384|[from] item: Leftovers
|turn|22
|c| FURORE DEI MICETTI|gnam gnam
|c| FURORE DEI MICETTI|slurp
|c| Orin Necromancer|Furore
|c| Orin Necromancer|Sai dove te lo metto il micetto ?
|c| FURORE DEI MICETTI|:(
|c| FURORE DEI MICETTI|ne ho tanti in realtà
|c| Orin Necromancer|Meglio
|c| FURORE DEI MICETTI|nooo :(
|c| Orin Necromancer|Te li ficco tutti in arabia
|
|move|p1a: Thundurus|Hidden Power|p2a: Pour sugar on me
|-supereffective|p2a: Pour sugar on me
|-damage|p2a: Pour sugar on me|0 fnt
|-damage|p1a: Thundurus|138\/299|[from] item: Life Orb
|faint|p2a: Pour sugar on me
|
|c| N is LOL|tsk
|c| N is LOL|imbecille
|c| N is LOL|eq sul keldeo
|c| N is LOL|u want, huh?
|c| Orin Necromancer|AgraS
|
|switch|p2a: Photograph|Zapdos|384\/384
|-ability|p2a: Photograph|Pressure
|turn|23
|c| Orin Necromancer|in realtà
|c|★Lef Deppard|Yeah haha
|c| Orin Necromancer|L' avversario
|c| Orin Necromancer|è the rock
|c| Orin Necromancer|Non sa clicckare ice shard
|c| N is LOL|:'''D
|c|★Lef Deppard|Predicting the switch
|c|★Lef Deppard|oh well
|c| FURORE DEI MICETTI|lef deppard u know
|c| FURORE DEI MICETTI|play layer 1
|c| FURORE DEI MICETTI|your oppo is kinda gay
|c| FURORE DEI MICETTI|so don't predict him so much
|
|switch|p1a: Metagross|Metagross|301\/301
|-damage|p1a: Metagross|283\/301|[from] Stealth Rock
|move|p2a: Photograph|Thunderbolt|p1a: Metagross
|-damage|p1a: Metagross|138\/301
|
|turn|24
|c| N is LOL|fortissimo
|c| N is LOL|non roosta
|c| N is LOL|e si andava a perdere l'unico pokè
|c| Orin Necromancer|ha una aura potentissima
|c| N is LOL|che da solo vinceva
|c| N is LOL|clap clap
|c|★Lef Deppard|I need zap
|c| N is LOL|and u do not click roost?
|c| Orin Necromancer|Why u risked it ?
|c| N is LOL|l2p
|c| N is LOL|hard
|
|detailschange|p1a: Metagross|Metagross-Mega
|-mega|p1a: Metagross|Metagross|Metagrossite
|move|p1a: Metagross|Zen Headbutt|p2a: Photograph
|-crit|p2a: Photograph
|-damage|p2a: Photograph|26\/384
|move|p2a: Photograph|Heat Wave|p1a: Metagross
|-supereffective|p1a: Metagross
|-damage|p1a: Metagross|0 fnt
|faint|p1a: Metagross
|
|-heal|p2a: Photograph|50\/384|[from] item: Leftovers
|c| FURORE DEI MICETTI|buuuu
|c|★Lef Deppard|Ouch
|c| N is LOL|il timer
|c| N is LOL|muoviti cazzo
|
|switch|p1a: Thundurus|Thundurus, M|138\/299
|-damage|p1a: Thundurus|64\/299|[from] Stealth Rock
|turn|25
|c| N is LOL|metti thundurus
|
|move|p1a: Thundurus|Thunderbolt|p2a: Photograph
|-damage|p2a: Photograph|0 fnt
|-damage|p1a: Thundurus|35\/299|[from] item: Life Orb
|faint|p2a: Photograph
|
|c| N is LOL|thank u man
|c| Orin Necromancer|è FINITA
|c| N is LOL|if we won
|c| N is LOL|we forfeit that
|
|switch|p2a: Armageddon it|Pinsir, M|271\/271
|turn|26
|c| N is LOL|pls no feint
|c|★Lef Deppard|Don't worry haha
|
|move|p1a: Thundurus|Thunder Wave|p2a: Armageddon it
|-status|p2a: Armageddon it|par
|move|p2a: Armageddon it|Quick Attack|p1a: Thundurus
|-damage|p1a: Thundurus|0 fnt
|faint|p1a: Thundurus
|
|c| N is LOL|on the doubt...
|c| Cristo96|hyper cutter?
|c| N is LOL|yes
|c|★Lef Deppard|Si
|
|switch|p1a: Talonflame|Talonflame, F|280\/319
|-damage|p1a: Talonflame|121\/319|[from] Stealth Rock
|turn|27
|
|detailschange|p2a: Armageddon it|Pinsir-Mega, M
|-mega|p2a: Armageddon it|Pinsir|Pinsirite
|move|p1a: Talonflame|Roost|p1a: Talonflame
|-heal|p1a: Talonflame|281\/319
|move|p2a: Armageddon it|Quick Attack|p1a: Talonflame
|-damage|p1a: Talonflame|151\/319
|
|turn|28
|
|move|p1a: Talonflame|Brave Bird|p2a: Armageddon it
|-supereffective|p2a: Armageddon it
|-damage|p2a: Armageddon it|0 fnt
|-damage|p1a: Talonflame|62\/319|[from] recoil|[of] p2a: Armageddon it
|faint|p2a: Armageddon it
|
|
|switch|p2a: Animal|Keldeo-Resolute|322\/322
|turn|29
|c|★Lef Deppard|Gg
|c| FURORE DEI MICETTI|lef deppard stay with keldeo and do ssword
|c| FURORE DEI MICETTI|!_!
|
|move|p1a: Talonflame|Brave Bird|p2a: Animal
|-supereffective|p2a: Animal
|-damage|p2a: Animal|0 fnt
|-damage|p1a: Talonflame|0 fnt|[from] recoil|[of] p2a: Animal
|faint|p2a: Animal
|faint|p1a: Talonflame
|
|c| N is LOL|il cancel non worka
|c| N is LOL|io qua avrei roostato
|c| N is LOL|magari falliva l'h.pump
|c| N is LOL|what u have click?
|c| N is LOL|scald?
|c|★Lef Deppard|I have scald
|c| N is LOL|or h.pump?
|c| Orin Necromancer|LOL
|c| FURORE DEI MICETTI|infatti doveva fare secret sword
|c| N is LOL|k
|c| N is LOL|gg
|c| FURORE DEI MICETTI|._.
|c| FURORE DEI MICETTI|gliel'ho pure detto
|
|switch|p1a: Keldeo|Keldeo|298\/323
|switch|p2a: Love bites|Celebi|292\/404
|-damage|p1a: Keldeo|278\/323|[from] Stealth Rock
|turn|30
|c| FURORE DEI MICETTI|a sto retard
|c| Orin Necromancer|furore fai skifo
|c| FURORE DEI MICETTI|non è vr ;_;
|c| Orin Necromancer|111!!!
|
|move|p1a: Keldeo|Scald|p2a: Love bites
|-resisted|p2a: Love bites
|-damage|p2a: Love bites|239\/404
|move|p2a: Love bites|Giga Drain|p1a: Keldeo
|-supereffective|p1a: Keldeo
|-damage|p1a: Keldeo|80\/323
|-heal|p2a: Love bites|338\/404|[from] drain|[of] p1a: Keldeo
|
|-heal|p2a: Love bites|363\/404|[from] item: Leftovers
|turn|31
|c| Orin Necromancer|cm ti pemmetti
|leave|Cristo96
|c| N is LOL|era da fare un altro roost su pinsir prima sperando rimanesse fermo, ma contavo che il recoil fosse un pelo meno.
|c| N is LOL|e btw era un 25%
|c| N is LOL|e non me la sentivo
|
|move|p1a: Keldeo|Scald|p2a: Love bites
|-resisted|p2a: Love bites
|-damage|p2a: Love bites|308\/404
|move|p2a: Love bites|Giga Drain|p1a: Keldeo
|-supereffective|p1a: Keldeo
|-damage|p1a: Keldeo|0 fnt
|-heal|p2a: Love bites|348\/404|[from] drain|[of] p1a: Keldeo
|faint|p1a: Keldeo
|
|win|Lef Deppard
|raw|Ladder updating...
|raw|Barge7799's rating: 1657 &rarr; <strong>1641<\/strong><br \/>(-16 for losing)
|raw|Lef Deppard's rating: 1728 &rarr; <strong>1744<\/strong><br \/>(+16 for winning)
|c|★Lef Deppard|Ciao
|c| N is LOL|gg
|c| FURORE DEI MICETTI|lel
|c| N is LOL|see ya
|leave|FURORE DEI MICETTI
|leave|Barge7799