|join|Big Brandon Carter
|join|2276a
|player|p1|Big Brandon Carter|79
|player|p2|2276a|162
|gametype|singles
|gen|6
|tier|OU
|rated
|clearpoke
|poke|p1|Gengar, M
|poke|p1|Victini
|poke|p1|Conkeldurr, M
|poke|p1|Landorus-Therian, M
|poke|p1|Scizor, M
|poke|p1|Latios, M
|poke|p2|Sableye, M
|poke|p2|Klefki, M
|poke|p2|Chansey, F
|poke|p2|Talonflame, M
|poke|p2|Slowbro, M
|poke|p2|Serperior, M
|rule|Swagger Clause: Swagger is banned
|rule|Baton Pass Clause: Limit one Pokémon knowing Baton Pass
|rule|Sleep Clause Mod: Limit one foe put to sleep
|rule|Species Clause: Limit one of each Pokémon
|rule|OHKO Clause: OHKO moves are banned
|rule|Moody Clause: Moody is banned
|rule|Evasion Moves Clause: Evasion moves are banned
|rule|Endless Battle Clause: Forcing endless battles is banned
|rule|HP Percentage Mod: HP is shown in percentages
|teampreview
|
|start
|switch|p1a: Victini|Victini|341\/341
|switch|p2a: Sableye|Sableye, M|303\/303
|turn|1
|
|detailschange|p2a: Sableye|Sableye-Mega, M
|-mega|p2a: Sableye|Sableye|Sablenite
|move|p2a: Sableye|Confuse Ray|p1a: Victini
|-start|p1a: Victini|confusion
|-activate|p1a: Victini|confusion
|move|p1a: Victini|V-create|p2a: Sableye
|-damage|p2a: Sableye|0 fnt
|-unboost|p1a: Victini|def|1
|-unboost|p1a: Victini|spd|1
|-unboost|p1a: Victini|spe|1
|faint|p2a: Sableye
|
|
|switch|p2a: Slowbro|Slowbro, M|393\/393
|turn|2
|
|switch|p1a: Latios|Latios, M|301\/301
|move|p2a: Slowbro|Scald|p1a: Latios
|-resisted|p1a: Latios
|-damage|p1a: Latios|260\/301
|
|turn|3
|
|switch|p2a: Klefki|Klefki, M|317\/317
|move|p1a: Latios|Trick|p2a: Klefki
|-activate|p1a: Latios|move: Trick|[of] p2a: Klefki
|-item|p2a: Klefki|Choice Specs|[from] move: Trick
|-item|p1a: Latios|Leftovers|[from] move: Trick
|
|-heal|p1a: Latios|278\/301|[from] item: Leftovers
|turn|4
|
|switch|p1a: Landorus-Therian|Landorus-Therian, M|382\/382
|-ability|p1a: Landorus-Therian|Intimidate|[of] p2a: Klefki
|-unboost|p2a: Klefki|atk|1
|move|p2a: Klefki|Flash Cannon|p1a: Landorus-Therian
|-damage|p1a: Landorus-Therian|249\/382
|
|-heal|p1a: Landorus-Therian|272\/382|[from] item: Leftovers
|turn|5
|
|switch|p2a: Slowbro|Slowbro, M|393\/393
|move|p1a: Landorus-Therian|Stealth Rock|p2a: Slowbro
|-sidestart|p2: 2276a|move: Stealth Rock
|
|-heal|p1a: Landorus-Therian|295\/382|[from] item: Leftovers
|turn|6
|
|move|p1a: Landorus-Therian|U-turn|p2a: Slowbro
|-supereffective|p2a: Slowbro
|-damage|p2a: Slowbro|287\/393
|
|switch|p1a: Latios|Latios, M|278\/301
|move|p2a: Slowbro|Scald|p1a: Latios
|-resisted|p1a: Latios
|-damage|p1a: Latios|233\/301
|-status|p1a: Latios|brn
|
|-heal|p1a: Latios|251\/301 brn|[from] item: Leftovers
|-heal|p2a: Slowbro|311\/393|[from] item: Leftovers
|-damage|p1a: Latios|214\/301 brn|[from] brn
|turn|7
|
|switch|p2a: Chansey|Chansey, F|641\/641
|-damage|p2a: Chansey|561\/641|[from] Stealth Rock
|move|p1a: Latios|Draco Meteor|p2a: Chansey
|-damage|p2a: Chansey|449\/641
|-unboost|p1a: Latios|spa|2
|
|-heal|p1a: Latios|232\/301 brn|[from] item: Leftovers
|-damage|p1a: Latios|195\/301 brn|[from] brn
|turn|8
|
|switch|p1a: Conkeldurr|Conkeldurr, M|351\/351
|move|p2a: Chansey|Stealth Rock|p1a: Conkeldurr
|-sidestart|p1: Big Brandon Carter|move: Stealth Rock
|
|turn|9
|
|switch|p2a: Klefki|Klefki, M|317\/317
|-damage|p2a: Klefki|298\/317|[from] Stealth Rock
|move|p1a: Conkeldurr|Knock Off|p2a: Klefki
|-crit|p2a: Klefki
|-resisted|p2a: Klefki
|-damage|p2a: Klefki|217\/317
|-enditem|p2a: Klefki|Choice Specs|[from] move: Knock Off|[of] p1a: Conkeldurr
|
|turn|10
|
|move|p2a: Klefki|Thunder Wave|p1a: Conkeldurr
|-status|p1a: Conkeldurr|par
|move|p1a: Conkeldurr|Drain Punch|p2a: Klefki
|-damage|p2a: Klefki|40\/317
|
|turn|11
|
|move|p2a: Klefki|Spikes|p1a: Conkeldurr
|-sidestart|p1: Big Brandon Carter|Spikes
|move|p1a: Conkeldurr|Mach Punch|p2a: Klefki
|-damage|p2a: Klefki|0 fnt
|faint|p2a: Klefki
|
|
|switch|p2a: Talonflame|Talonflame, M|297\/297
|-damage|p2a: Talonflame|149\/297|[from] Stealth Rock
|turn|12
|
|switch|p1a: Landorus-Therian|Landorus-Therian, M|295\/382
|-damage|p1a: Landorus-Therian|248\/382|[from] Stealth Rock
|-ability|p1a: Landorus-Therian|Intimidate|[of] p2a: Talonflame
|-unboost|p2a: Talonflame|atk|1
|move|p2a: Talonflame|Roost|p2a: Talonflame
|-heal|p2a: Talonflame|297\/297
|
|-heal|p1a: Landorus-Therian|271\/382|[from] item: Leftovers
|turn|13
|
|switch|p2a: Slowbro|Slowbro, M|393\/393
|-damage|p2a: Slowbro|344\/393|[from] Stealth Rock
|move|p1a: Landorus-Therian|Stone Edge|p2a: Slowbro
|-damage|p2a: Slowbro|266\/393
|
|-heal|p1a: Landorus-Therian|294\/382|[from] item: Leftovers
|-heal|p2a: Slowbro|290\/393|[from] item: Leftovers
|turn|14
|
|move|p1a: Landorus-Therian|Earthquake|p2a: Slowbro
|-damage|p2a: Slowbro|173\/393
|move|p2a: Slowbro|Ice Beam|p1a: Landorus-Therian
|-supereffective|p1a: Landorus-Therian
|-damage|p1a: Landorus-Therian|0 fnt
|faint|p1a: Landorus-Therian
|
|-heal|p2a: Slowbro|197\/393|[from] item: Leftovers
|
|switch|p1a: Scizor|Scizor, M|307\/307
|-damage|p1a: Scizor|269\/307|[from] Spikes
|-damage|p1a: Scizor|231\/307|[from] Stealth Rock
|turn|15
|
|detailschange|p1a: Scizor|Scizor-Mega, M
|-mega|p1a: Scizor|Scizor|Scizorite
|move|p1a: Scizor|Knock Off|p2a: Slowbro
|-supereffective|p2a: Slowbro
|-damage|p2a: Slowbro|17\/393
|-enditem|p2a: Slowbro|Leftovers|[from] move: Knock Off|[of] p1a: Scizor
|move|p2a: Slowbro|Scald|p1a: Scizor
|-damage|p1a: Scizor|138\/307
|
|turn|16
|
|move|p1a: Scizor|Knock Off|p2a: Slowbro
|-supereffective|p2a: Slowbro
|-damage|p2a: Slowbro|0 fnt
|faint|p2a: Slowbro
|
|
|switch|p2a: Talonflame|Talonflame, M|297\/297
|-damage|p2a: Talonflame|149\/297|[from] Stealth Rock
|turn|17
|
|move|p2a: Talonflame|Flare Blitz|p1a: Scizor
|-supereffective|p1a: Scizor
|-damage|p1a: Scizor|0 fnt
|-damage|p2a: Talonflame|103\/297|[from] recoil|[of] p1a: Scizor
|faint|p1a: Scizor
|
|
|switch|p1a: Latios|Latios, M|195\/301 brn
|-damage|p1a: Latios|158\/301 brn|[from] Stealth Rock
|turn|18
|
|move|p2a: Talonflame|Acrobatics|p1a: Latios
|-damage|p1a: Latios|0 fnt
|faint|p1a: Latios
|
|
|switch|p1a: Victini|Victini|341\/341
|-damage|p1a: Victini|299\/341|[from] Spikes
|-damage|p1a: Victini|214\/341|[from] Stealth Rock
|turn|19
|
|move|p2a: Talonflame|Acrobatics|p1a: Victini
|-damage|p1a: Victini|66\/341
|move|p1a: Victini|V-create|p2a: Talonflame
|-resisted|p2a: Talonflame
|-damage|p2a: Talonflame|0 fnt
|-unboost|p1a: Victini|def|1
|-unboost|p1a: Victini|spd|1
|-unboost|p1a: Victini|spe|1
|faint|p2a: Talonflame
|
|
|switch|p2a: Chansey|Chansey, F|449\/641
|-damage|p2a: Chansey|369\/641|[from] Stealth Rock
|turn|20
|
|switch|p1a: Conkeldurr|Conkeldurr, M|351\/351 par
|-damage|p1a: Conkeldurr|308\/351 par|[from] Spikes
|-damage|p1a: Conkeldurr|287\/351 par|[from] Stealth Rock
|move|p2a: Chansey|Seismic Toss|p1a: Conkeldurr
|-damage|p1a: Conkeldurr|187\/351 par
|
|turn|21
|
|move|p2a: Chansey|Seismic Toss|p1a: Conkeldurr
|-damage|p1a: Conkeldurr|87\/351 par
|move|p1a: Conkeldurr|Drain Punch|p2a: Chansey
|-supereffective|p2a: Chansey
|-damage|p2a: Chansey|0 fnt
|-heal|p1a: Conkeldurr|272\/351 par|[from] drain|[of] p2a: Chansey
|faint|p2a: Chansey
|
|
|switch|p2a: Serperior|Serperior, M|291\/291
|-damage|p2a: Serperior|255\/291|[from] Stealth Rock
|turn|22
|
|move|p2a: Serperior|Substitute|p2a: Serperior
|-start|p2a: Serperior|Substitute
|-damage|p2a: Serperior|183\/291
|move|p1a: Conkeldurr|Ice Punch|p2a: Serperior
|-supereffective|p2a: Serperior
|-end|p2a: Serperior|Substitute
|
|-heal|p2a: Serperior|201\/291|[from] item: Leftovers
|turn|23
|
|move|p2a: Serperior|Substitute|p2a: Serperior
|-start|p2a: Serperior|Substitute
|-damage|p2a: Serperior|129\/291
|move|p1a: Conkeldurr|Ice Punch|p2a: Serperior
|-supereffective|p2a: Serperior
|-end|p2a: Serperior|Substitute
|
|-heal|p2a: Serperior|147\/291|[from] item: Leftovers
|turn|24
|
|move|p2a: Serperior|Substitute|p2a: Serperior
|-start|p2a: Serperior|Substitute
|-damage|p2a: Serperior|75\/291
|cant|p1a: Conkeldurr|par
|
|-heal|p2a: Serperior|93\/291|[from] item: Leftovers
|turn|25
|
|move|p2a: Serperior|Leaf Storm|p1a: Conkeldurr
|-damage|p1a: Conkeldurr|145\/351 par
|-boost|p2a: Serperior|spa|2
|cant|p1a: Conkeldurr|par
|
|-heal|p2a: Serperior|111\/291|[from] item: Leftovers
|turn|26
|
|move|p1a: Conkeldurr|Mach Punch|p2a: Serperior
|-crit|p2a: Serperior
|-end|p2a: Serperior|Substitute
|move|p2a: Serperior|Leaf Storm|p1a: Conkeldurr|[miss]
|-miss|p2a: Serperior|p1a: Conkeldurr
|
|-heal|p2a: Serperior|129\/291|[from] item: Leftovers
|turn|27
|
|cant|p1a: Conkeldurr|par
|move|p2a: Serperior|Substitute|p2a: Serperior
|-start|p2a: Serperior|Substitute
|-damage|p2a: Serperior|57\/291
|
|-heal|p2a: Serperior|75\/291|[from] item: Leftovers
|turn|28
|
|cant|p1a: Conkeldurr|par
|move|p2a: Serperior|Leaf Storm|p1a: Conkeldurr
|-damage|p1a: Conkeldurr|0 fnt
|-boost|p2a: Serperior|spa|2
|faint|p1a: Conkeldurr
|
|-heal|p2a: Serperior|93\/291|[from] item: Leftovers
|c|★Big Brandon Carter|lol
|c|★Big Brandon Carter|this is retarded
|c|★Big Brandon Carter|nice hax
|-message|Big Brandon Carter forfeited.
|leave|Big Brandon Carter
|
|win|2276a
|raw|Ladder updating...
|player|p1
|raw|Big Brandon Carter's rating: 1501 &rarr; <strong>1480<\/strong><br \/>(-21 for losing)
|raw|2276a's rating: 1492 &rarr; <strong>1513<\/strong><br \/>(+21 for winning)