|join|ULTra Stampede
|join|ULT BiG BiRD
|player|p1|ULTra Stampede|153
|player|p2|ULT BiG BiRD|31
|gametype|singles
|gen|6
|tier|UU
|rated
|rule|Sleep Clause Mod: Limit one foe put to sleep
|rule|Species Clause: Limit one of each Pokémon
|rule|OHKO Clause: OHKO moves are banned
|rule|Moody Clause: Moody is banned
|rule|Evasion Moves Clause: Evasion moves are banned
|rule|Endless Battle Clause: Forcing endless battles is banned
|rule|HP Percentage Mod: HP is shown in percentages
|clearpoke
|poke|p1|Crobat, F
|poke|p1|Rotom-Heat
|poke|p1|Vaporeon, F
|poke|p1|Diancie
|poke|p1|Meloetta
|poke|p1|Cobalion
|poke|p2|Pidgeot, F
|poke|p2|Starmie
|poke|p2|Krookodile, F
|poke|p2|Snorlax, M
|poke|p2|Jirachi
|poke|p2|Crobat, F
|rule|Swagger Clause: Swagger is banned
|rule|Baton Pass Clause: Limit one Pokémon knowing Baton Pass
|teampreview
|
|start
|switch|p1a: Rotom-Heat|Rotom-Heat|303\/303
|switch|p2a: Jirachi|Jirachi|341\/341
|turn|1
|
|move|p2a: Jirachi|U-turn|p1a: Rotom-Heat
|-resisted|p1a: Rotom-Heat
|-damage|p1a: Rotom-Heat|270\/303
|
|switch|p2a: Krookodile|Krookodile, F|331\/331
|-ability|p2a: Krookodile|Intimidate|[of] p1a: Rotom-Heat
|-unboost|p1a: Rotom-Heat|atk|1
|move|p1a: Rotom-Heat|Volt Switch|p2a: Krookodile
|-immune|p2a: Krookodile|[msg]
|
|turn|2
|
|switch|p1a: Crobat|Crobat, F|369\/369
|move|p2a: Krookodile|Knock Off|p1a: Crobat
|-damage|p1a: Crobat|149\/369
|-enditem|p1a: Crobat|Black Sludge|[from] move: Knock Off|[of] p2a: Krookodile
|
|turn|3
|
|move|p1a: Crobat|Roost|p1a: Crobat
|-heal|p1a: Crobat|334\/369
|move|p2a: Krookodile|Stealth Rock|p1a: Crobat
|-sidestart|p1: ULTra Stampede|move: Stealth Rock
|
|turn|4
|
|move|p1a: Crobat|U-turn|p2a: Krookodile
|-supereffective|p2a: Krookodile
|-damage|p2a: Krookodile|203\/331
|
|switch|p1a: Vaporeon|Vaporeon, F|449\/449
|-damage|p1a: Vaporeon|393\/449|[from] Stealth Rock
|move|p2a: Krookodile|Knock Off|p1a: Vaporeon
|-crit|p1a: Vaporeon
|-damage|p1a: Vaporeon|126\/449
|-enditem|p1a: Vaporeon|Leftovers|[from] move: Knock Off|[of] p2a: Krookodile
|
|turn|5
|
|move|p2a: Krookodile|Earthquake|p1a: Vaporeon
|-damage|p1a: Vaporeon|0 fnt
|faint|p1a: Vaporeon
|
|
|switch|p1a: Cobalion|Cobalion|321\/321
|-damage|p1a: Cobalion|311\/321|[from] Stealth Rock
|turn|6
|
|switch|p2a: Crobat|Crobat, F|373\/373
|move|p1a: Cobalion|Close Combat|p2a: Crobat
|-resisted|p2a: Crobat
|-damage|p2a: Crobat|327\/373
|-unboost|p1a: Cobalion|def|1
|-unboost|p1a: Cobalion|spd|1
|
|-heal|p1a: Cobalion|321\/321|[from] item: Leftovers
|turn|7
|
|switch|p1a: Diancie|Diancie|304\/304
|-damage|p1a: Diancie|266\/304|[from] Stealth Rock
|move|p2a: Crobat|Acrobatics|p1a: Diancie
|-resisted|p1a: Diancie
|-damage|p1a: Diancie|226\/304
|
|-heal|p1a: Diancie|245\/304|[from] item: Leftovers
|turn|8
|
|move|p2a: Crobat|Taunt|p1a: Diancie
|-start|p1a: Diancie|move: Taunt
|cant|p1a: Diancie|move: Taunt|Stealth Rock
|
|-heal|p1a: Diancie|264\/304|[from] item: Leftovers
|turn|9
|
|switch|p1a: Cobalion|Cobalion|321\/321
|-damage|p1a: Cobalion|311\/321|[from] Stealth Rock
|move|p2a: Crobat|U-turn|p1a: Cobalion
|-resisted|p1a: Cobalion
|-damage|p1a: Cobalion|301\/321
|
|switch|p2a: Starmie|Starmie|323\/323
|
|-heal|p1a: Cobalion|321\/321|[from] item: Leftovers
|turn|10
|
|switch|p1a: Meloetta|Meloetta|401\/401
|-damage|p1a: Meloetta|351\/401|[from] Stealth Rock
|move|p2a: Starmie|Scald|p1a: Meloetta
|-damage|p1a: Meloetta|302\/401
|
|turn|11
|
|switch|p2a: Snorlax|Snorlax, M|513\/513
|move|p1a: Meloetta|Shadow Ball|p2a: Snorlax
|-immune|p2a: Snorlax|[msg]
|
|turn|12
|
|move|p1a: Meloetta|U-turn|p2a: Snorlax
|-damage|p2a: Snorlax|463\/513
|
|switch|p1a: Diancie|Diancie|264\/304
|-damage|p1a: Diancie|226\/304|[from] Stealth Rock
|move|p2a: Snorlax|Body Slam|p1a: Diancie
|-resisted|p1a: Diancie
|-damage|p1a: Diancie|189\/304
|
|-heal|p1a: Diancie|208\/304|[from] item: Leftovers
|-heal|p2a: Snorlax|495\/513|[from] item: Leftovers
|turn|13
|
|switch|p2a: Starmie|Starmie|323\/323
|move|p1a: Diancie|Stealth Rock|p2a: Starmie
|-sidestart|p2: ULT BiG BiRD|move: Stealth Rock
|
|-heal|p1a: Diancie|227\/304|[from] item: Leftovers
|turn|14
|
|move|p2a: Starmie|Rapid Spin|p1a: Diancie
|-resisted|p1a: Diancie
|-damage|p1a: Diancie|223\/304
|-sideend|p2: ULT BiG BiRD|Stealth Rock|[from] move: Rapid Spin|[of] p2a: Starmie
|move|p1a: Diancie|Moonblast|p2a: Starmie
|-damage|p2a: Starmie|200\/323
|-unboost|p2a: Starmie|spa|1
|
|-heal|p2a: Starmie|220\/323|[from] item: Leftovers
|-heal|p1a: Diancie|242\/304|[from] item: Leftovers
|turn|15
|
|move|p2a: Starmie|Scald|p1a: Diancie
|-supereffective|p1a: Diancie
|-damage|p1a: Diancie|168\/304
|move|p1a: Diancie|Diamond Storm|p2a: Starmie
|-damage|p2a: Starmie|97\/323
|-boost|p1a: Diancie|def|1
|
|-heal|p2a: Starmie|117\/323|[from] item: Leftovers
|-heal|p1a: Diancie|187\/304|[from] item: Leftovers
|turn|16
|
|move|p2a: Starmie|Recover|p2a: Starmie
|-heal|p2a: Starmie|279\/323
|move|p1a: Diancie|Moonblast|p2a: Starmie
|-damage|p2a: Starmie|152\/323
|
|-heal|p2a: Starmie|172\/323|[from] item: Leftovers
|-heal|p1a: Diancie|206\/304|[from] item: Leftovers
|turn|17
|
|move|p2a: Starmie|Scald|p1a: Diancie
|-supereffective|p1a: Diancie
|-damage|p1a: Diancie|132\/304
|move|p1a: Diancie|Moonblast|p2a: Starmie
|-damage|p2a: Starmie|36\/323
|-unboost|p2a: Starmie|spa|1
|
|-heal|p2a: Starmie|56\/323|[from] item: Leftovers
|-heal|p1a: Diancie|151\/304|[from] item: Leftovers
|turn|18
|c|★ULT BiG BiRD|!dt moonblast
|c|~|\/data-move Moonblast
|raw|<font size="1"><font color=#585858>Priority:<\/font> 0&nbsp;|&ThickSpace;<font color=#585858><font color=black>&#10003; Secondary effect<\/font><\/font>&nbsp;|&ThickSpace;<font color=#585858><font color=black>&#10003; Blocked by Protect<\/font><\/font>&nbsp;|&ThickSpace;<font color=#585858>Target:<\/font> One Adjacent Pokemon<\/font>
|
|move|p2a: Starmie|Recover|p2a: Starmie
|-heal|p2a: Starmie|218\/323
|move|p1a: Diancie|Moonblast|p2a: Starmie
|-damage|p2a: Starmie|83\/323
|
|-heal|p2a: Starmie|103\/323|[from] item: Leftovers
|-heal|p1a: Diancie|170\/304|[from] item: Leftovers
|turn|19
|
|move|p2a: Starmie|Recover|p2a: Starmie
|-heal|p2a: Starmie|265\/323
|move|p1a: Diancie|Moonblast|p2a: Starmie
|-damage|p2a: Starmie|138\/323
|
|-heal|p2a: Starmie|158\/323|[from] item: Leftovers
|-heal|p1a: Diancie|189\/304|[from] item: Leftovers
|turn|20
|
|move|p2a: Starmie|Recover|p2a: Starmie
|-heal|p2a: Starmie|320\/323
|move|p1a: Diancie|Moonblast|p2a: Starmie
|-damage|p2a: Starmie|181\/323
|
|-heal|p2a: Starmie|201\/323|[from] item: Leftovers
|-heal|p1a: Diancie|208\/304|[from] item: Leftovers
|turn|21
|
|move|p2a: Starmie|Scald|p1a: Diancie
|-supereffective|p1a: Diancie
|-damage|p1a: Diancie|152\/304
|move|p1a: Diancie|Moonblast|p2a: Starmie
|-damage|p2a: Starmie|63\/323
|-unboost|p2a: Starmie|spa|1
|
|-heal|p2a: Starmie|83\/323|[from] item: Leftovers
|-heal|p1a: Diancie|171\/304|[from] item: Leftovers
|turn|22
|
|move|p2a: Starmie|Recover|p2a: Starmie
|-heal|p2a: Starmie|245\/323
|move|p1a: Diancie|Diamond Storm|p2a: Starmie
|-crit|p2a: Starmie
|-damage|p2a: Starmie|41\/323
|-boost|p1a: Diancie|def|1
|
|-heal|p2a: Starmie|61\/323|[from] item: Leftovers
|-heal|p1a: Diancie|190\/304|[from] item: Leftovers
|turn|23
|
|move|p2a: Starmie|Recover|p2a: Starmie
|-heal|p2a: Starmie|223\/323
|move|p1a: Diancie|Moonblast|p2a: Starmie
|-damage|p2a: Starmie|87\/323
|
|-heal|p2a: Starmie|107\/323|[from] item: Leftovers
|-heal|p1a: Diancie|209\/304|[from] item: Leftovers
|turn|24
|
|move|p2a: Starmie|Recover|p2a: Starmie
|-heal|p2a: Starmie|269\/323
|move|p1a: Diancie|Moonblast|p2a: Starmie
|-damage|p2a: Starmie|133\/323
|-unboost|p2a: Starmie|spa|1
|
|-heal|p2a: Starmie|153\/323|[from] item: Leftovers
|-heal|p1a: Diancie|228\/304|[from] item: Leftovers
|turn|25
|c|★ULTra Stampede|!dt recover
|c|~|\/data-move Recover
|raw|<font size="1"><font color=#585858>Priority:<\/font> 0&nbsp;|&ThickSpace;<font color=#585858>Target:<\/font> User<\/font>
|
|move|p2a: Starmie|Recover|p2a: Starmie
|-heal|p2a: Starmie|315\/323
|move|p1a: Diancie|Moonblast|p2a: Starmie
|-damage|p2a: Starmie|185\/323
|-unboost|p2a: Starmie|spa|1
|
|-heal|p2a: Starmie|205\/323|[from] item: Leftovers
|-heal|p1a: Diancie|247\/304|[from] item: Leftovers
|turn|26
|
|move|p2a: Starmie|Scald|p1a: Diancie
|-supereffective|p1a: Diancie
|-damage|p1a: Diancie|215\/304
|move|p1a: Diancie|Diamond Storm|p2a: Starmie
|-damage|p2a: Starmie|76\/323
|
|-heal|p2a: Starmie|96\/323|[from] item: Leftovers
|-heal|p1a: Diancie|234\/304|[from] item: Leftovers
|turn|27
|
|move|p2a: Starmie|Scald|p1a: Diancie
|-supereffective|p1a: Diancie
|-damage|p1a: Diancie|204\/304
|-status|p1a: Diancie|brn
|move|p1a: Diancie|Moonblast|p2a: Starmie
|-damage|p2a: Starmie|0 fnt
|faint|p2a: Starmie
|
|-heal|p1a: Diancie|223\/304 brn|[from] item: Leftovers
|-damage|p1a: Diancie|185\/304 brn|[from] brn
|
|switch|p2a: Jirachi|Jirachi|341\/341
|turn|28
|
|switch|p1a: Cobalion|Cobalion|321\/321
|-damage|p1a: Cobalion|311\/321|[from] Stealth Rock
|move|p2a: Jirachi|Iron Head|p1a: Cobalion
|-resisted|p1a: Cobalion
|-damage|p1a: Cobalion|263\/321
|
|-heal|p1a: Cobalion|283\/321|[from] item: Leftovers
|turn|29
|
|switch|p2a: Crobat|Crobat, F|327\/373
|move|p1a: Cobalion|Substitute|p1a: Cobalion
|-start|p1a: Cobalion|Substitute
|-damage|p1a: Cobalion|203\/321
|
|-heal|p1a: Cobalion|223\/321|[from] item: Leftovers
|turn|30
|
|move|p2a: Crobat|Acrobatics|p1a: Cobalion
|-crit|p1a: Cobalion
|-end|p1a: Cobalion|Substitute
|move|p1a: Cobalion|Iron Head|p2a: Crobat
|-damage|p2a: Crobat|207\/373
|
|-heal|p1a: Cobalion|243\/321|[from] item: Leftovers
|turn|31
|
|switch|p1a: Crobat|Crobat, F|334\/369
|-damage|p1a: Crobat|242\/369|[from] Stealth Rock
|move|p2a: Crobat|Acrobatics|p1a: Crobat
|-damage|p1a: Crobat|124\/369
|
|turn|32
|
|move|p1a: Crobat|Defog|p2a: Crobat
|-unboost|p2a: Crobat|evasion|1
|-sideend|p1: ULTra Stampede|Stealth Rock|[from] move: Defog|[of] p1a: Crobat
|move|p2a: Crobat|Acrobatics|p1a: Crobat
|-damage|p1a: Crobat|0 fnt
|faint|p1a: Crobat
|
|
|switch|p1a: Rotom-Heat|Rotom-Heat|270\/303
|turn|33
|
|switch|p2a: Snorlax|Snorlax, M|495\/513
|move|p1a: Rotom-Heat|Overheat|p2a: Snorlax
|-damage|p2a: Snorlax|374\/513
|-unboost|p1a: Rotom-Heat|spa|2
|
|-heal|p2a: Snorlax|406\/513|[from] item: Leftovers
|turn|34
|
|switch|p1a: Diancie|Diancie|185\/304 brn
|move|p2a: Snorlax|Body Slam|p1a: Diancie
|-resisted|p1a: Diancie
|-damage|p1a: Diancie|149\/304 brn
|
|-heal|p1a: Diancie|168\/304 brn|[from] item: Leftovers
|-heal|p2a: Snorlax|438\/513|[from] item: Leftovers
|-damage|p1a: Diancie|130\/304 brn|[from] brn
|turn|35
|
|move|p1a: Diancie|Heal Bell|p1a: Diancie
|-cureteam|p1a: Diancie|[from] move: HealBell
|move|p2a: Snorlax|Curse|p2a: Snorlax
|-boost|p2a: Snorlax|atk|1
|-boost|p2a: Snorlax|def|1
|-unboost|p2a: Snorlax|spe|1
|
|-heal|p1a: Diancie|149\/304|[from] item: Leftovers
|-heal|p2a: Snorlax|470\/513|[from] item: Leftovers
|turn|36
|
|move|p1a: Diancie|Stealth Rock|p2a: Snorlax
|-sidestart|p2: ULT BiG BiRD|move: Stealth Rock
|move|p2a: Snorlax|Body Slam|p1a: Diancie
|-resisted|p1a: Diancie
|-damage|p1a: Diancie|89\/304
|-status|p1a: Diancie|par
|
|-heal|p2a: Snorlax|502\/513|[from] item: Leftovers
|-heal|p1a: Diancie|108\/304 par|[from] item: Leftovers
|turn|37
|
|move|p2a: Snorlax|Body Slam|p1a: Diancie
|-resisted|p1a: Diancie
|-damage|p1a: Diancie|46\/304 par
|move|p1a: Diancie|Diamond Storm|p2a: Snorlax
|-damage|p2a: Snorlax|403\/513
|-boost|p1a: Diancie|def|1
|
|-heal|p2a: Snorlax|435\/513|[from] item: Leftovers
|-heal|p1a: Diancie|65\/304 par|[from] item: Leftovers
|turn|38
|
|move|p2a: Snorlax|Curse|p2a: Snorlax
|-boost|p2a: Snorlax|atk|1
|-boost|p2a: Snorlax|def|1
|-unboost|p2a: Snorlax|spe|1
|move|p1a: Diancie|Diamond Storm|p2a: Snorlax
|-damage|p2a: Snorlax|368\/513
|
|-heal|p2a: Snorlax|400\/513|[from] item: Leftovers
|-heal|p1a: Diancie|84\/304 par|[from] item: Leftovers
|turn|39
|
|move|p2a: Snorlax|Curse|p2a: Snorlax
|-boost|p2a: Snorlax|atk|1
|-boost|p2a: Snorlax|def|1
|-unboost|p2a: Snorlax|spe|1
|cant|p1a: Diancie|par
|
|-heal|p2a: Snorlax|432\/513|[from] item: Leftovers
|-heal|p1a: Diancie|103\/304 par|[from] item: Leftovers
|turn|40
|
|move|p2a: Snorlax|Body Slam|p1a: Diancie
|-resisted|p1a: Diancie
|-damage|p1a: Diancie|40\/304 par
|move|p1a: Diancie|Heal Bell|p1a: Diancie
|-cureteam|p1a: Diancie|[from] move: HealBell
|
|-heal|p1a: Diancie|59\/304|[from] item: Leftovers
|-heal|p2a: Snorlax|464\/513|[from] item: Leftovers
|turn|41
|
|move|p1a: Diancie|Diamond Storm|p2a: Snorlax
|-damage|p2a: Snorlax|410\/513
|move|p2a: Snorlax|Body Slam|p1a: Diancie
|-resisted|p1a: Diancie
|-damage|p1a: Diancie|0 fnt
|faint|p1a: Diancie
|
|-heal|p2a: Snorlax|442\/513|[from] item: Leftovers
|
|switch|p1a: Cobalion|Cobalion|243\/321
|turn|42
|
|move|p1a: Cobalion|Swords Dance|p1a: Cobalion
|-boost|p1a: Cobalion|atk|2
|move|p2a: Snorlax|Body Slam|p1a: Cobalion
|-crit|p1a: Cobalion
|-resisted|p1a: Cobalion
|-damage|p1a: Cobalion|69\/321
|
|-heal|p1a: Cobalion|89\/321|[from] item: Leftovers
|-heal|p2a: Snorlax|474\/513|[from] item: Leftovers
|turn|43
|
|move|p1a: Cobalion|Iron Head|p2a: Snorlax
|-damage|p2a: Snorlax|365\/513
|move|p2a: Snorlax|Body Slam|p1a: Cobalion
|-resisted|p1a: Cobalion
|-damage|p1a: Cobalion|0 fnt
|faint|p1a: Cobalion
|
|-heal|p2a: Snorlax|397\/513|[from] item: Leftovers
|
|switch|p1a: Rotom-Heat|Rotom-Heat|270\/303
|turn|44
|-message|ULTra Stampede forfeited.
|leave|ULTra Stampede
|
|win|ULT BiG BiRD
|raw|Ladder updating...
|player|p1
|raw|ULTra Stampede's rating: 1417 &rarr; <strong>1399<\/strong><br \/>(-18 for losing)
|raw|ULT BiG BiRD's rating: 1460 &rarr; <strong>1477<\/strong><br \/>(+17 for winning)