|join|australiano
|join|SwaggBoi
|player|p1|australiano|266
|player|p2|SwaggBoi|102
|gametype|singles
|gen|6
|tier|OU
|clearpoke
|poke|p1|Bisharp, M
|poke|p1|Keldeo
|poke|p1|Talonflame, M
|poke|p1|Thundurus, M
|poke|p1|Azelf
|poke|p1|Pinsir, M
|poke|p2|Latios, M
|poke|p2|Keldeo
|poke|p2|Heatran, F
|poke|p2|Scizor, M
|poke|p2|Slowbro, M
|poke|p2|Sylveon, M
|rule|Swagger Clause: Swagger is banned
|rule|Baton Pass Clause: Limit one Pokémon knowing Baton Pass
|rule|Sleep Clause Mod: Limit one foe put to sleep
|rule|Species Clause: Limit one of each Pokémon
|rule|OHKO Clause: OHKO moves are banned
|rule|Moody Clause: Moody is banned
|rule|Evasion Moves Clause: Evasion moves are banned
|rule|Endless Battle Clause: Forcing endless battles is banned
|rule|HP Percentage Mod: HP is shown in percentages
|teampreview
|join|Kawhii Leonard
|join|toneloni97
|join|Ferocca
|join|TheEnder
|join|bhhjk
|join|Zagmzp
|join|Lord Qwilfish
|join|ShootingStarmie
|join|Saint_Nico
|join|Averyf
|join|BAN TRAPPERS
|join|Milotite
|join|Donkey Pinch
|join|Maiora
|c|★australiano|good luck!
|
|start
|switch|p1a: Azelf|Azelf|291\/291
|switch|p2a: Heatran|Heatran, F|384\/384
|-item|p2a: Heatran|Air Balloon
|turn|1
|join|Bloodz
|c|★SwaggBoi|yu 2
|join|Origin of Symm
|
|move|p1a: Azelf|Taunt|p2a: Heatran
|-start|p2a: Heatran|move: Taunt
|move|p2a: Heatran|Lava Plume|p1a: Azelf
|-damage|p1a: Azelf|120\/291
|
|turn|2
|join|Lord Ras Al Ghul
|
|move|p1a: Azelf|Stealth Rock|p2a: Heatran
|-sidestart|p2: SwaggBoi|move: Stealth Rock
|move|p2a: Heatran|Lava Plume|p1a: Azelf
|-damage|p1a: Azelf|0 fnt
|faint|p1a: Azelf
|
|leave|Bloodz
|join|Sepulchure II
|
|switch|p1a: Keldeo|Keldeo|323\/323
|turn|3
|leave|Donkey Pinch
|c| BAN TRAPPERS|I saw a very similar team used by choice specs against pdc recently
|
|switch|p2a: Sylveon|Sylveon, M|394\/394
|-damage|p2a: Sylveon|345\/394|[from] Stealth Rock
|move|p1a: Keldeo|Secret Sword|p2a: Sylveon
|-resisted|p2a: Sylveon
|-damage|p2a: Sylveon|245\/394
|
|-heal|p2a: Sylveon|269\/394|[from] item: Leftovers
|turn|4
|join|LadderSoTall
|c| BAN TRAPPERS|(australiano's)
|leave|toneloni97
|leave|Milotite
|join|see da sprites
|join|EternusDraco
|join|nazhir
|join|Ponytas
|
|switch|p1a: Talonflame|Talonflame, M|309\/309
|move|p2a: Sylveon|Hyper Voice|p1a: Talonflame
|-resisted|p1a: Talonflame
|-damage|p1a: Talonflame|201\/309
|
|-heal|p2a: Sylveon|293\/394|[from] item: Leftovers
|turn|5
|leave|see da sprites
|
|switch|p2a: Slowbro|Slowbro, M|394\/394
|-damage|p2a: Slowbro|345\/394|[from] Stealth Rock
|move|p1a: Talonflame|Brave Bird|p2a: Slowbro
|-damage|p2a: Slowbro|210\/394
|-damage|p1a: Talonflame|156\/309|[from] recoil|[of] p2a: Slowbro
|
|-heal|p2a: Slowbro|234\/394|[from] item: Leftovers
|turn|6
|join|fgtsaurus
|
|switch|p1a: Thundurus|Thundurus, M|300\/300
|move|p2a: Slowbro|Scald|p1a: Thundurus
|-crit|p1a: Thundurus
|-damage|p1a: Thundurus|141\/300
|-status|p1a: Thundurus|brn
|
|-heal|p1a: Thundurus|159\/300 brn|[from] item: Leftovers
|-heal|p2a: Slowbro|258\/394|[from] item: Leftovers
|-damage|p1a: Thundurus|122\/300 brn|[from] brn
|turn|7
|join|foxx alla dw
|join|l123
|
|switch|p2a: Sylveon|Sylveon, M|293\/394
|-damage|p2a: Sylveon|244\/394|[from] Stealth Rock
|move|p1a: Thundurus|Thunder Wave|p2a: Sylveon
|-status|p2a: Sylveon|par
|
|-heal|p1a: Thundurus|140\/300 brn|[from] item: Leftovers
|-heal|p2a: Sylveon|268\/394 par|[from] item: Leftovers
|-damage|p1a: Thundurus|103\/300 brn|[from] brn
|turn|8
|leave|BAN TRAPPERS
|join|claudioo2
|
|move|p1a: Thundurus|Thunderbolt|p2a: Sylveon
|-damage|p2a: Sylveon|174\/394 par
|move|p2a: Sylveon|Heal Bell|p2a: Sylveon
|-cureteam|p2a: Sylveon|[from] move: HealBell
|
|-heal|p1a: Thundurus|121\/300 brn|[from] item: Leftovers
|-heal|p2a: Sylveon|198\/394|[from] item: Leftovers
|-damage|p1a: Thundurus|84\/300 brn|[from] brn
|turn|9
|join|paquito1997
|
|move|p1a: Thundurus|Nasty Plot|p1a: Thundurus
|-boost|p1a: Thundurus|spa|2
|move|p2a: Sylveon|Wish|p2a: Sylveon
|
|-heal|p1a: Thundurus|102\/300 brn|[from] item: Leftovers
|-heal|p2a: Sylveon|222\/394|[from] item: Leftovers
|-damage|p1a: Thundurus|65\/300 brn|[from] brn
|turn|10
|
|move|p1a: Thundurus|Thunderbolt|p2a: Sylveon
|-damage|p2a: Sylveon|18\/394
|move|p2a: Sylveon|Hyper Voice|p1a: Thundurus
|-damage|p1a: Thundurus|0 fnt
|faint|p1a: Thundurus
|
|-heal|p2a: Sylveon|215\/394|[from] move: Wish|[wisher] Sylveon
|-heal|p2a: Sylveon|239\/394|[from] item: Leftovers
|c| claudioo2|australiano de merda kk
|
|switch|p1a: Pinsir|Pinsir, M|272\/272
|turn|11
|join|kankuro1954
|
|detailschange|p1a: Pinsir|Pinsir-Mega, M
|message|Pinsir has Mega Evolved into Mega Pinsir!
|move|p1a: Pinsir|Return|p2a: Sylveon
|-damage|p2a: Sylveon|0 fnt
|faint|p2a: Sylveon
|
|
|switch|p2a: Slowbro|Slowbro, M|389\/394
|-damage|p2a: Slowbro|340\/394|[from] Stealth Rock
|turn|12
|join|king of spycrabs
|join|Juso
|
|move|p1a: Pinsir|Swords Dance|p1a: Pinsir
|-boost|p1a: Pinsir|atk|2
|move|p2a: Slowbro|Thunder Wave|p1a: Pinsir
|-status|p1a: Pinsir|par
|
|-heal|p2a: Slowbro|364\/394|[from] item: Leftovers
|turn|13
|
|move|p2a: Slowbro|Fire Blast|p1a: Pinsir
|-crit|p1a: Pinsir
|-supereffective|p1a: Pinsir
|-damage|p1a: Pinsir|0 fnt
|faint|p1a: Pinsir
|
|-heal|p2a: Slowbro|388\/394|[from] item: Leftovers
|c| l123|dang
|c|★SwaggBoi|sigh
|
|switch|p1a: Bisharp|Bisharp, M|272\/272
|turn|14
|c|★SwaggBoi|srry
|c| Saint_Nico|long live slowbro!
|join|I Iike Squirtles
|
|move|p1a: Bisharp|Knock Off|p2a: Slowbro
|-supereffective|p2a: Slowbro
|-damage|p2a: Slowbro|118\/394
|-enditem|p2a: Slowbro|Leftovers|[from] move: Knock Off|[of] p1a: Bisharp
|move|p2a: Slowbro|Fire Blast|p1a: Bisharp
|-supereffective|p1a: Bisharp
|-damage|p1a: Bisharp|32\/272
|
|turn|15
|c|★australiano|nvm
|c| l123|imagine if he got burned
|
|switch|p2a: Keldeo|Keldeo|323\/323
|-damage|p2a: Keldeo|303\/323|[from] Stealth Rock
|move|p1a: Bisharp|Knock Off|p2a: Keldeo
|-resisted|p2a: Keldeo
|-damage|p2a: Keldeo|201\/323
|-boost|p2a: Keldeo|atk|1|[from] ability: Justified
|-enditem|p2a: Keldeo|Choice Scarf|[from] move: Knock Off|[of] p1a: Bisharp
|
|turn|16
|
|move|p1a: Bisharp|Sucker Punch|p2a: Keldeo
|-resisted|p2a: Keldeo
|-damage|p2a: Keldeo|104\/323
|-boost|p2a: Keldeo|atk|1|[from] ability: Justified
|move|p2a: Keldeo|Secret Sword|p1a: Bisharp
|-supereffective|p1a: Bisharp
|-damage|p1a: Bisharp|0 fnt
|faint|p1a: Bisharp
|
|
|switch|p1a: Talonflame|Talonflame, M|156\/309
|turn|17
|
|move|p1a: Talonflame|Brave Bird|p2a: Keldeo
|-supereffective|p2a: Keldeo
|-damage|p2a: Keldeo|0 fnt
|-damage|p1a: Talonflame|122\/309|[from] recoil|[of] p2a: Keldeo
|faint|p2a: Keldeo
|
|
|switch|p2a: Slowbro|Slowbro, M|249\/394
|-damage|p2a: Slowbro|200\/394|[from] Stealth Rock
|turn|18
|join|ausogle
|leave|bhhjk
|
|move|p1a: Talonflame|Brave Bird|p2a: Slowbro
|-damage|p2a: Slowbro|67\/394
|-damage|p1a: Talonflame|78\/309|[from] recoil|[of] p2a: Slowbro
|move|p2a: Slowbro|Thunder Wave|p1a: Talonflame
|-status|p1a: Talonflame|par
|
|turn|19
|
|switch|p2a: Scizor|Scizor, M|344\/344
|-damage|p2a: Scizor|301\/344|[from] Stealth Rock
|move|p1a: Talonflame|Brave Bird|p2a: Scizor
|-crit|p2a: Scizor
|-damage|p2a: Scizor|0 fnt
|-damage|p1a: Talonflame|0 fnt|[from] recoil|[of] p2a: Scizor
|faint|p2a: Scizor
|faint|p1a: Talonflame
|
|join|UnB0lievable
|
|switch|p1a: Keldeo|Keldeo|323\/323
|switch|p2a: Latios|Latios, M|301\/301
|-damage|p2a: Latios|264\/301|[from] Stealth Rock
|turn|20
|c|★australiano|gg
|c|★SwaggBoi|gg
|
|move|p1a: Keldeo|Scald|p2a: Latios
|-resisted|p2a: Latios
|-damage|p2a: Latios|196\/301
|move|p2a: Latios|Psyshock|p1a: Keldeo
|-supereffective|p1a: Keldeo
|-damage|p1a: Keldeo|0 fnt
|-damage|p2a: Latios|166\/301|[from] item: Life Orb
|faint|p1a: Keldeo
|
|win|SwaggBoi
|leave|TheEnder
|leave|ausogle
|leave|UnB0lievable
|leave|Saint_Nico
|leave|LadderSoTall
|leave|EternusDraco
|leave|kankuro1954
|leave|nazhir
|leave|Lord Ras Al Ghul
|join|edfvhjikol
|leave|fgtsaurus
|leave|Zagmzp
|leave|Averyf
|leave|Maiora
|join|logi-wan
|leave|edfvhjikol
|leave|l123
|leave|Juso
|leave|Ferocca
|leave|I Iike Squirtles
|leave|king of spycrabs
|leave|SwaggBoi
|player|p2
|leave|Origin of Symm
|leave|paquito1997
|leave|Lord Qwilfish
|leave|Kawhii Leonard
|leave|claudioo2
|leave|Ponytas
|leave|Sepulchure II
|leave|australiano
|player|p1
|join|sweqfeq
|leave|sweqfeq
|join|australiano
|leave|australiano
|join|iFenrear
|leave|logi-wan
|leave|ShootingStarmie
|leave|iFenrear
|leave|foxx alla dw