|join|Los Plays
|join|SwaggBoi
|player|p1|Los Plays|1
|player|p2|SwaggBoi|248
|gametype|singles
|gen|6
|tier|OU
|rated
|clearpoke
|poke|p1|Bisharp, F
|poke|p1|Greninja, M
|poke|p1|Skarmory, F
|poke|p1|Medicham, M
|poke|p1|Tornadus-Therian, M
|poke|p1|Dragonite, F
|poke|p2|Landorus-Therian, M
|poke|p2|Charizard, F
|poke|p2|Tyranitar, M
|poke|p2|Excadrill, F
|poke|p2|Latios, M
|poke|p2|Infernape, M
|rule|Swagger Clause: Swagger is banned
|rule|Baton Pass Clause: Limit one Pokémon knowing Baton Pass
|rule|Sleep Clause Mod: Limit one foe put to sleep
|rule|Species Clause: Limit one of each Pokémon
|rule|OHKO Clause: OHKO moves are banned
|rule|Moody Clause: Moody is banned
|rule|Evasion Moves Clause: Evasion moves are banned
|rule|Endless Battle Clause: Forcing endless battles is banned
|rule|HP Percentage Mod: HP is shown in percentages
|teampreview
|
|start
|switch|p1a: Skarmory|Skarmory, F|271\/271
|switch|p2a: Landorus-Therian|Landorus-Therian, M|320\/320
|-ability|p2a: Landorus-Therian|Intimidate|[of] p1a: Skarmory
|-unboost|p1a: Skarmory|atk|1
|turn|1
|
|move|p2a: Landorus-Therian|U-turn|p1a: Skarmory
|-resisted|p1a: Skarmory
|-damage|p1a: Skarmory|253\/271
|
|switch|p2a: Charizard|Charizard, F|297\/297
|move|p1a: Skarmory|Stealth Rock|p2a: Charizard
|-sidestart|p2: SwaggBoi|move: Stealth Rock
|
|turn|2
|
|detailschange|p2a: Charizard|Charizard-Mega-Y, F
|message|Charizard has Mega Evolved into Mega Charizard!
|-weather|SunnyDay
|move|p2a: Charizard|Fire Blast|p1a: Skarmory
|-supereffective|p1a: Skarmory
|-damage|p1a: Skarmory|0 fnt
|faint|p1a: Skarmory
|
|-weather|SunnyDay|[upkeep]
|
|switch|p1a: Dragonite|Dragonite, F|324\/324
|turn|3
|
|switch|p2a: Landorus-Therian|Landorus-Therian, M|320\/320
|-damage|p2a: Landorus-Therian|280\/320|[from] Stealth Rock
|-ability|p2a: Landorus-Therian|Intimidate|[of] p1a: Dragonite
|-unboost|p1a: Dragonite|atk|1
|move|p1a: Dragonite|Dragon Dance|p1a: Dragonite
|-boost|p1a: Dragonite|atk|1
|-boost|p1a: Dragonite|spe|1
|
|-weather|SunnyDay|[upkeep]
|turn|4
|
|move|p2a: Landorus-Therian|U-turn|p1a: Dragonite
|-resisted|p1a: Dragonite
|-damage|p1a: Dragonite|299\/324
|
|switch|p2a: Tyranitar|Tyranitar, M|404\/404
|-damage|p2a: Tyranitar|354\/404|[from] Stealth Rock
|-weather|Sandstorm
|move|p1a: Dragonite|Dragon Dance|p1a: Dragonite
|-boost|p1a: Dragonite|atk|1
|-boost|p1a: Dragonite|spe|1
|
|-weather|Sandstorm|[upkeep]
|-damage|p1a: Dragonite|279\/324|[from] sandstorm
|turn|5
|
|switch|p2a: Landorus-Therian|Landorus-Therian, M|280\/320
|-damage|p2a: Landorus-Therian|240\/320|[from] Stealth Rock
|-ability|p2a: Landorus-Therian|Intimidate|[of] p1a: Dragonite
|-unboost|p1a: Dragonite|atk|1
|move|p1a: Dragonite|Outrage|p2a: Landorus-Therian
|-damage|p2a: Landorus-Therian|0 fnt
|faint|p2a: Landorus-Therian
|
|-weather|Sandstorm|[upkeep]
|-damage|p1a: Dragonite|259\/324|[from] sandstorm
|
|switch|p2a: Tyranitar|Tyranitar, M|354\/404
|-damage|p2a: Tyranitar|304\/404|[from] Stealth Rock
|turn|6
|
|move|p1a: Dragonite|Outrage|p2a: Tyranitar
|-damage|p2a: Tyranitar|100\/404
|move|p2a: Tyranitar|Ice Beam|p1a: Dragonite
|-supereffective|p1a: Dragonite
|-damage|p1a: Dragonite|0 fnt
|faint|p1a: Dragonite
|
|-weather|Sandstorm|[upkeep]
|
|switch|p1a: Greninja|Greninja, M|285\/285
|turn|7
|
|move|p1a: Greninja|Grass Knot|p2a: Tyranitar
|-start|p1a: Greninja|typechange|Grass|[from] Protean
|-supereffective|p2a: Tyranitar
|-damage|p2a: Tyranitar|0 fnt
|-damage|p1a: Greninja|257\/285|[from] item: Life Orb
|faint|p2a: Tyranitar
|
|-weather|Sandstorm|[upkeep]
|-damage|p1a: Greninja|240\/285|[from] sandstorm
|
|switch|p2a: Excadrill|Excadrill, F|362\/362
|-damage|p2a: Excadrill|351\/362|[from] Stealth Rock
|turn|8
|
|move|p2a: Excadrill|Iron Head|p1a: Greninja
|-damage|p1a: Greninja|0 fnt
|-damage|p2a: Excadrill|315\/362|[from] item: Life Orb
|faint|p1a: Greninja
|
|-weather|Sandstorm|[upkeep]
|
|switch|p1a: Bisharp|Bisharp, F|271\/271
|turn|9
|
|move|p1a: Bisharp|Sucker Punch|p2a: Excadrill
|-damage|p2a: Excadrill|30\/362
|-damage|p1a: Bisharp|244\/271|[from] item: Life Orb
|move|p2a: Excadrill|Earthquake|p1a: Bisharp
|-supereffective|p1a: Bisharp
|-damage|p1a: Bisharp|0 fnt
|-damage|p2a: Excadrill|0 fnt|[from] item: Life Orb
|faint|p1a: Bisharp
|faint|p2a: Excadrill
|
|-weather|Sandstorm|[upkeep]
|
|switch|p2a: Latios|Latios, M|301\/301
|-damage|p2a: Latios|264\/301|[from] Stealth Rock
|switch|p1a: Medicham|Medicham, M|261\/261
|turn|10
|
|detailschange|p1a: Medicham|Medicham-Mega, M
|message|Medicham has Mega Evolved into Mega Medicham!
|move|p1a: Medicham|Fake Out|p2a: Latios
|-damage|p2a: Latios|148\/301
|cant|p2a: Latios|flinch
|
|-weather|Sandstorm|[upkeep]
|-damage|p2a: Latios|130\/301|[from] sandstorm
|-damage|p1a: Medicham|245\/261|[from] sandstorm
|turn|11
|
|switch|p1a: Tornadus-Therian|Tornadus-Therian, M|323\/323
|move|p2a: Latios|Defog|p1a: Tornadus-Therian
|-unboost|p1a: Tornadus-Therian|evasion|1
|-sideend|p2: SwaggBoi|Stealth Rock|[from] move: Defog|[of] p2a: Latios
|
|-weather|none
|turn|12
|
|switch|p2a: Charizard|Charizard-Mega-Y, F|297\/297
|-weather|SunnyDay
|move|p1a: Tornadus-Therian|U-turn|p2a: Charizard
|-resisted|p2a: Charizard
|-damage|p2a: Charizard|281\/297
|
|switch|p1a: Medicham|Medicham-Mega, M|245\/261
|
|-weather|SunnyDay|[upkeep]
|turn|13
|
|move|p1a: Medicham|Fake Out|p2a: Charizard
|-damage|p2a: Charizard|154\/297
|cant|p2a: Charizard|flinch
|
|-weather|SunnyDay|[upkeep]
|turn|14
|
|move|p2a: Charizard|Fire Blast|p1a: Medicham|[miss]
|-miss|p2a: Charizard|p1a: Medicham
|move|p1a: Medicham|Zen Headbutt|p2a: Charizard
|-damage|p2a: Charizard|0 fnt
|faint|p2a: Charizard
|
|-weather|SunnyDay|[upkeep]
|c|★SwaggBoi|sigh
|
|switch|p2a: Latios|Latios, M|130\/301
|turn|15
|
|switch|p1a: Tornadus-Therian|Tornadus-Therian, M|323\/323
|move|p2a: Latios|Psyshock|p1a: Tornadus-Therian
|-damage|p1a: Tornadus-Therian|103\/323
|-damage|p2a: Latios|100\/301|[from] item: Life Orb
|
|-weather|SunnyDay|[upkeep]
|turn|16
|c|★SwaggBoi|hax always wins
|
|move|p1a: Tornadus-Therian|U-turn|p2a: Latios
|-supereffective|p2a: Latios
|-damage|p2a: Latios|0 fnt
|faint|p2a: Latios
|
|switch|p1a: Medicham|Medicham-Mega, M|245\/261
|
|-weather|none
|
|switch|p2a: Infernape|Infernape, M|294\/294
|turn|17
|
|move|p1a: Medicham|Fake Out|p2a: Infernape
|-damage|p2a: Infernape|177\/294
|cant|p2a: Infernape|flinch
|
|turn|18
|
|move|p1a: Medicham|Bullet Punch|p2a: Infernape
|-resisted|p2a: Infernape
|-damage|p2a: Infernape|121\/294
|move|p2a: Infernape|Flare Blitz|p1a: Medicham
|-damage|p1a: Medicham|37\/261
|-damage|p2a: Infernape|52\/294|[from] recoil|[of] p1a: Medicham
|
|turn|19
|
|switch|p1a: Tornadus-Therian|Tornadus-Therian, M|210\/323
|move|p2a: Infernape|Mach Punch|p1a: Tornadus-Therian
|-resisted|p1a: Tornadus-Therian
|-damage|p1a: Tornadus-Therian|172\/323
|
|turn|20
|
|move|p1a: Tornadus-Therian|Knock Off|p2a: Infernape
|-resisted|p2a: Infernape
|-damage|p2a: Infernape|5\/294
|-enditem|p2a: Infernape|Focus Sash|[from] move: Knock Off|[of] p1a: Tornadus-Therian
|move|p2a: Infernape|Flare Blitz|p1a: Tornadus-Therian
|-damage|p1a: Tornadus-Therian|0 fnt
|-damage|p2a: Infernape|0 fnt|[from] recoil|[of] p1a: Tornadus-Therian
|faint|p1a: Tornadus-Therian
|faint|p2a: Infernape
|
|win|Los Plays
|raw|Ladder updating...
|raw|Los Plays's rating: 1777 &rarr; <strong>1802<\/strong><br \/>(+25 for winning)
|raw|SwaggBoi's rating: 1859 &rarr; <strong>1834<\/strong><br \/>(-25 for losing)
|leave|SwaggBoi
|player|p2