|join|SwaggBoi
|join|brewplanner
|player|p1|SwaggBoi|266
|player|p2|brewplanner|169
|gametype|singles
|gen|6
|tier|OU
|rated
|clearpoke
|poke|p1|Pinsir, F
|poke|p1|Rotom-Wash
|poke|p1|Azumarill, M
|poke|p1|Garchomp, M
|poke|p1|Heatran, M
|poke|p1|Mew
|poke|p2|Medicham, F
|poke|p2|Scizor, F
|poke|p2|Rotom-Wash
|poke|p2|Tornadus, M
|poke|p2|Landorus-Therian, M
|poke|p2|Chansey, F
|rule|Swagger Clause: Swagger is banned
|rule|Baton Pass Clause: Limit one Pokémon knowing Baton Pass
|rule|Sleep Clause Mod: Limit one foe put to sleep
|rule|Species Clause: Limit one of each Pokémon
|rule|OHKO Clause: OHKO moves are banned
|rule|Moody Clause: Moody is banned
|rule|Evasion Moves Clause: Evasion moves are banned
|rule|Endless Battle Clause: Forcing endless battles is banned
|rule|HP Percentage Mod: HP is shown in percentages
|teampreview
|
|start
|switch|p1a: Rotom-Wash|Rotom-Wash|302\/302
|switch|p2a: Landorus-Therian|Landorus-Therian, M|320\/320
|-ability|p2a: Landorus-Therian|Intimidate|[of] p1a: Rotom-Wash
|-unboost|p1a: Rotom-Wash|atk|1
|turn|1
|
|move|p2a: Landorus-Therian|U-turn|p1a: Rotom-Wash
|-damage|p1a: Rotom-Wash|236\/302
|
|switch|p2a: Rotom-Wash|Rotom-Wash|304\/304
|move|p1a: Rotom-Wash|Will-O-Wisp|p2a: Rotom-Wash
|-status|p2a: Rotom-Wash|brn
|
|-heal|p1a: Rotom-Wash|254\/302|[from] item: Leftovers
|-damage|p2a: Rotom-Wash|266\/304 brn|[from] brn
|turn|2
|
|move|p1a: Rotom-Wash|Hydro Pump|p2a: Rotom-Wash
|-resisted|p2a: Rotom-Wash
|-damage|p2a: Rotom-Wash|200\/304 brn
|move|p2a: Rotom-Wash|Volt Switch|p1a: Rotom-Wash
|-damage|p1a: Rotom-Wash|169\/302
|
|switch|p2a: Medicham|Medicham, F|261\/261
|
|-heal|p1a: Rotom-Wash|187\/302|[from] item: Leftovers
|turn|3
|
|detailschange|p2a: Medicham|Medicham-Mega, F
|message|Medicham has Mega Evolved into Mega Medicham!
|move|p2a: Medicham|High Jump Kick|p1a: Rotom-Wash
|-damage|p1a: Rotom-Wash|0 fnt
|faint|p1a: Rotom-Wash
|
|
|switch|p1a: Pinsir|Pinsir, F|272\/272
|turn|4
|
|switch|p2a: Landorus-Therian|Landorus-Therian, M|320\/320
|-ability|p2a: Landorus-Therian|Intimidate|[of] p1a: Pinsir
|-fail|p1a: Pinsir|unboost|Attack|[from] ability: Hyper Cutter|[of] p1a: Pinsir
|move|p1a: Pinsir|Swords Dance|p1a: Pinsir
|-boost|p1a: Pinsir|atk|2
|
|turn|5
|
|switch|p1a: Garchomp|Garchomp, M|358\/358
|move|p2a: Landorus-Therian|Stone Edge|p1a: Garchomp|[miss]
|-miss|p2a: Landorus-Therian|p1a: Garchomp
|
|turn|6
|
|switch|p2a: Chansey|Chansey, F|642\/642
|move|p1a: Garchomp|Substitute|p1a: Garchomp
|-start|p1a: Garchomp|Substitute
|-damage|p1a: Garchomp|269\/358
|
|-heal|p1a: Garchomp|291\/358|[from] item: Leftovers
|turn|7
|
|move|p1a: Garchomp|Swords Dance|p1a: Garchomp
|-boost|p1a: Garchomp|atk|2
|move|p2a: Chansey|Stealth Rock|p1a: Garchomp
|-sidestart|p1: SwaggBoi|move: Stealth Rock
|
|-heal|p1a: Garchomp|313\/358|[from] item: Leftovers
|turn|8
|
|move|p1a: Garchomp|Earthquake|p2a: Chansey
|-damage|p2a: Chansey|179\/642
|move|p2a: Chansey|Seismic Toss|p1a: Garchomp
|-end|p1a: Garchomp|Substitute
|
|-heal|p1a: Garchomp|335\/358|[from] item: Leftovers
|turn|9
|
|move|p1a: Garchomp|Substitute|p1a: Garchomp
|-start|p1a: Garchomp|Substitute
|-damage|p1a: Garchomp|246\/358
|move|p2a: Chansey|Seismic Toss|p1a: Garchomp
|-end|p1a: Garchomp|Substitute
|
|-heal|p1a: Garchomp|268\/358|[from] item: Leftovers
|turn|10
|
|move|p1a: Garchomp|Earthquake|p2a: Chansey
|-damage|p2a: Chansey|0 fnt
|faint|p2a: Chansey
|
|-heal|p1a: Garchomp|290\/358|[from] item: Leftovers
|
|switch|p2a: Landorus-Therian|Landorus-Therian, M|320\/320
|-ability|p2a: Landorus-Therian|Intimidate|[of] p1a: Garchomp
|-unboost|p1a: Garchomp|atk|1
|turn|11
|
|move|p2a: Landorus-Therian|Earthquake|p1a: Garchomp
|-damage|p1a: Garchomp|88\/358
|move|p1a: Garchomp|Outrage|p2a: Landorus-Therian
|-damage|p2a: Landorus-Therian|0 fnt
|faint|p2a: Landorus-Therian
|
|-heal|p1a: Garchomp|110\/358|[from] item: Leftovers
|
|switch|p2a: Tornadus|Tornadus, M|299\/299
|turn|12
|
|move|p2a: Tornadus|Air Slash|p1a: Garchomp
|-damage|p1a: Garchomp|0 fnt
|faint|p1a: Garchomp
|
|
|switch|p1a: Mew|Mew|404\/404
|-damage|p1a: Mew|354\/404|[from] Stealth Rock
|turn|13
|
|move|p2a: Tornadus|Air Slash|p1a: Mew
|-damage|p1a: Mew|254\/404
|move|p1a: Mew|Knock Off|p2a: Tornadus
|-damage|p2a: Tornadus|178\/299
|-enditem|p2a: Tornadus|Expert Belt|[from] move: Knock Off|[of] p1a: Mew
|
|-heal|p1a: Mew|279\/404|[from] item: Leftovers
|turn|14
|
|move|p2a: Tornadus|U-turn|p1a: Mew
|-supereffective|p1a: Mew
|-damage|p1a: Mew|149\/404
|
|switch|p2a: Scizor|Scizor, F|344\/344
|move|p1a: Mew|Roost|p1a: Mew
|-heal|p1a: Mew|351\/404
|
|-heal|p1a: Mew|376\/404|[from] item: Leftovers
|turn|15
|
|move|p1a: Mew|Will-O-Wisp|p2a: Scizor
|-status|p2a: Scizor|brn
|move|p2a: Scizor|U-turn|p1a: Mew
|-supereffective|p1a: Mew
|-damage|p1a: Mew|170\/404
|
|switch|p2a: Tornadus|Tornadus, M|178\/299
|
|-heal|p1a: Mew|195\/404|[from] item: Leftovers
|turn|16
|
|move|p2a: Tornadus|Air Slash|p1a: Mew
|-damage|p1a: Mew|99\/404
|move|p1a: Mew|Roost|p1a: Mew
|-heal|p1a: Mew|301\/404
|
|-heal|p1a: Mew|326\/404|[from] item: Leftovers
|turn|17
|
|move|p2a: Tornadus|Air Slash|p1a: Mew
|-damage|p1a: Mew|224\/404
|move|p1a: Mew|Knock Off|p2a: Tornadus
|-damage|p2a: Tornadus|98\/299
|
|-heal|p1a: Mew|249\/404|[from] item: Leftovers
|turn|18
|
|move|p2a: Tornadus|U-turn|p1a: Mew
|-supereffective|p1a: Mew
|-damage|p1a: Mew|135\/404
|
|switch|p2a: Scizor|Scizor, F|344\/344 brn
|move|p1a: Mew|Roost|p1a: Mew
|-heal|p1a: Mew|337\/404
|
|-heal|p1a: Mew|362\/404|[from] item: Leftovers
|-damage|p2a: Scizor|301\/344 brn|[from] brn
|turn|19
|
|move|p1a: Mew|Defog|p2a: Scizor
|-unboost|p2a: Scizor|evasion|1
|-sideend|p1: SwaggBoi|Stealth Rock|[from] move: Defog|[of] p1a: Mew
|move|p2a: Scizor|U-turn|p1a: Mew
|-supereffective|p1a: Mew
|-damage|p1a: Mew|156\/404
|
|switch|p2a: Tornadus|Tornadus, M|98\/299
|
|-heal|p1a: Mew|181\/404|[from] item: Leftovers
|turn|20
|
|move|p2a: Tornadus|Air Slash|p1a: Mew
|-damage|p1a: Mew|87\/404
|move|p1a: Mew|Roost|p1a: Mew
|-heal|p1a: Mew|289\/404
|
|-heal|p1a: Mew|314\/404|[from] item: Leftovers
|turn|21
|
|move|p2a: Tornadus|U-turn|p1a: Mew
|-supereffective|p1a: Mew
|-damage|p1a: Mew|200\/404
|
|switch|p2a: Scizor|Scizor, F|301\/344 brn
|move|p1a: Mew|Will-O-Wisp|p2a: Scizor
|-fail|p2a: Scizor|brn
|
|-heal|p1a: Mew|225\/404|[from] item: Leftovers
|-damage|p2a: Scizor|258\/344 brn|[from] brn
|turn|22
|
|move|p1a: Mew|Roost|p1a: Mew
|-heal|p1a: Mew|404\/404
|move|p2a: Scizor|U-turn|p1a: Mew
|-supereffective|p1a: Mew
|-damage|p1a: Mew|212\/404
|
|switch|p2a: Tornadus|Tornadus, M|98\/299
|
|-heal|p1a: Mew|237\/404|[from] item: Leftovers
|turn|23
|
|move|p2a: Tornadus|Air Slash|p1a: Mew
|-damage|p1a: Mew|147\/404
|move|p1a: Mew|Roost|p1a: Mew
|-heal|p1a: Mew|349\/404
|
|-heal|p1a: Mew|374\/404|[from] item: Leftovers
|turn|24
|
|move|p2a: Tornadus|U-turn|p1a: Mew
|-supereffective|p1a: Mew
|-damage|p1a: Mew|244\/404
|
|switch|p2a: Scizor|Scizor, F|258\/344 brn
|move|p1a: Mew|Knock Off|p2a: Scizor
|-damage|p2a: Scizor|183\/344 brn
|-enditem|p2a: Scizor|Choice Band|[from] move: Knock Off|[of] p1a: Mew
|
|-heal|p1a: Mew|269\/404|[from] item: Leftovers
|-damage|p2a: Scizor|140\/344 brn|[from] brn
|turn|25
|
|move|p1a: Mew|Roost|p1a: Mew
|-heal|p1a: Mew|404\/404
|move|p2a: Scizor|U-turn|p1a: Mew
|-supereffective|p1a: Mew
|-damage|p1a: Mew|258\/404
|
|switch|p2a: Medicham|Medicham-Mega, F|261\/261
|
|-heal|p1a: Mew|283\/404|[from] item: Leftovers
|turn|26
|
|move|p2a: Medicham|Ice Punch|p1a: Mew
|-damage|p1a: Mew|133\/404
|move|p1a: Mew|Will-O-Wisp|p2a: Medicham
|-status|p2a: Medicham|brn
|
|-heal|p1a: Mew|158\/404|[from] item: Leftovers
|-damage|p2a: Medicham|229\/261 brn|[from] brn
|turn|27
|
|move|p2a: Medicham|Ice Punch|p1a: Mew
|-damage|p1a: Mew|76\/404
|-status|p1a: Mew|frz
|cant|p1a: Mew|frz
|
|-heal|p1a: Mew|101\/404 frz|[from] item: Leftovers
|-damage|p2a: Medicham|197\/261 brn|[from] brn
|turn|28
|
|move|p2a: Medicham|High Jump Kick|p1a: Mew
|-resisted|p1a: Mew
|-damage|p1a: Mew|0 fnt
|faint|p1a: Mew
|
|-damage|p2a: Medicham|165\/261 brn|[from] brn
|
|switch|p1a: Pinsir|Pinsir, F|272\/272
|turn|29
|
|move|p2a: Medicham|Zen Headbutt|p1a: Pinsir
|-damage|p1a: Pinsir|136\/272
|move|p1a: Pinsir|Swords Dance|p1a: Pinsir
|-boost|p1a: Pinsir|atk|2
|
|-damage|p2a: Medicham|133\/261 brn|[from] brn
|turn|30
|
|switch|p2a: Scizor|Scizor, F|140\/344 brn
|detailschange|p1a: Pinsir|Pinsir-Mega, F
|message|Pinsir has Mega Evolved into Mega Pinsir!
|move|p1a: Pinsir|Quick Attack|p2a: Scizor
|-damage|p2a: Scizor|0 fnt
|faint|p2a: Scizor
|
|c|★SwaggBoi|srry
|
|switch|p2a: Tornadus|Tornadus, M|98\/299
|turn|31
|
|move|p2a: Tornadus|Tailwind|p2a: Tornadus
|-sidestart|p2: brewplanner|move: Tailwind
|move|p1a: Pinsir|Quick Attack|p2a: Tornadus
|-damage|p2a: Tornadus|0 fnt
|faint|p2a: Tornadus
|
|
|switch|p2a: Rotom-Wash|Rotom-Wash|200\/304 brn
|turn|32
|
|switch|p1a: Heatran|Heatran, M|386\/386
|move|p2a: Rotom-Wash|Volt Switch|p1a: Heatran
|-damage|p1a: Heatran|323\/386
|
|switch|p2a: Medicham|Medicham-Mega, F|133\/261 brn
|
|-heal|p1a: Heatran|347\/386|[from] item: Leftovers
|-damage|p2a: Medicham|101\/261 brn|[from] brn
|turn|33
|
|switch|p1a: Azumarill|Azumarill, M|404\/404
|move|p2a: Medicham|Thunder Punch|p1a: Azumarill
|-supereffective|p1a: Azumarill
|-damage|p1a: Azumarill|224\/404
|
|-damage|p2a: Medicham|69\/261 brn|[from] brn
|turn|34
|
|switch|p2a: Rotom-Wash|Rotom-Wash|200\/304 brn
|move|p1a: Azumarill|Aqua Jet|p2a: Rotom-Wash
|-resisted|p2a: Rotom-Wash
|-damage|p2a: Rotom-Wash|167\/304 brn
|
|-heal|p2a: Rotom-Wash|186\/304 brn|[from] item: Leftovers
|-damage|p2a: Rotom-Wash|148\/304 brn|[from] brn
|-sideend|p2: brewplanner|move: Tailwind
|turn|35
|
|move|p2a: Rotom-Wash|Volt Switch|p1a: Azumarill
|-supereffective|p1a: Azumarill
|-damage|p1a: Azumarill|0 fnt
|faint|p1a: Azumarill
|
|switch|p2a: Medicham|Medicham-Mega, F|69\/261 brn
|
|-damage|p2a: Medicham|37\/261 brn|[from] brn
|
|switch|p1a: Pinsir|Pinsir-Mega, F|136\/272
|turn|36
|
|move|p1a: Pinsir|Quick Attack|p2a: Medicham
|-supereffective|p2a: Medicham
|-damage|p2a: Medicham|0 fnt
|faint|p2a: Medicham
|
|
|switch|p2a: Rotom-Wash|Rotom-Wash|148\/304 brn
|turn|37
|
|move|p1a: Pinsir|Close Combat|p2a: Rotom-Wash
|-damage|p2a: Rotom-Wash|44\/304 brn
|-unboost|p1a: Pinsir|def|1
|-unboost|p1a: Pinsir|spd|1
|move|p2a: Rotom-Wash|Volt Switch|p1a: Pinsir
|-supereffective|p1a: Pinsir
|-damage|p1a: Pinsir|0 fnt
|faint|p1a: Pinsir
|
|-heal|p2a: Rotom-Wash|63\/304 brn|[from] item: Leftovers
|-damage|p2a: Rotom-Wash|25\/304 brn|[from] brn
|
|switch|p1a: Heatran|Heatran, M|347\/386
|turn|38
|
|move|p1a: Heatran|Protect|p1a: Heatran
|-singleturn|p1a: Heatran|Protect
|move|p2a: Rotom-Wash|Pain Split|p1a: Heatran
|-activate|p1a: Heatran|Protect
|
|-heal|p2a: Rotom-Wash|44\/304 brn|[from] item: Leftovers
|-heal|p1a: Heatran|371\/386|[from] item: Leftovers
|-damage|p2a: Rotom-Wash|6\/304 brn|[from] brn
|turn|39
|
|move|p1a: Heatran|Protect|p1a: Heatran
|-fail|p1a: Heatran
|move|p2a: Rotom-Wash|Pain Split|p1a: Heatran
|-sethp|p1a: Heatran|188\/386|p2a: Rotom-Wash|188\/304 brn|[from] move: Pain Split
|
|-heal|p2a: Rotom-Wash|207\/304 brn|[from] item: Leftovers
|-heal|p1a: Heatran|212\/386|[from] item: Leftovers
|-damage|p2a: Rotom-Wash|169\/304 brn|[from] brn
|turn|40
|
|move|p1a: Heatran|Protect|p1a: Heatran
|-singleturn|p1a: Heatran|Protect
|move|p2a: Rotom-Wash|Hydro Pump|p1a: Heatran
|-activate|p1a: Heatran|Protect
|
|-heal|p2a: Rotom-Wash|188\/304 brn|[from] item: Leftovers
|-heal|p1a: Heatran|236\/386|[from] item: Leftovers
|-damage|p2a: Rotom-Wash|150\/304 brn|[from] brn
|turn|41
|
|move|p2a: Rotom-Wash|Hydro Pump|p1a: Heatran
|-supereffective|p1a: Heatran
|-damage|p1a: Heatran|38\/386
|move|p1a: Heatran|Lava Plume|p2a: Rotom-Wash
|-resisted|p2a: Rotom-Wash
|-damage|p2a: Rotom-Wash|94\/304 brn
|
|-heal|p2a: Rotom-Wash|113\/304 brn|[from] item: Leftovers
|-heal|p1a: Heatran|62\/386|[from] item: Leftovers
|-damage|p2a: Rotom-Wash|75\/304 brn|[from] brn
|turn|42
|
|move|p1a: Heatran|Protect|p1a: Heatran
|-singleturn|p1a: Heatran|Protect
|move|p2a: Rotom-Wash|Hydro Pump|p1a: Heatran
|-activate|p1a: Heatran|Protect
|
|-heal|p2a: Rotom-Wash|94\/304 brn|[from] item: Leftovers
|-heal|p1a: Heatran|86\/386|[from] item: Leftovers
|-damage|p2a: Rotom-Wash|56\/304 brn|[from] brn
|turn|43
|c|★brewplanner|i cant believe this comes down to hydro miss
|c|★brewplanner|tho you deserve the win for dat freeze
|
|move|p2a: Rotom-Wash|Hydro Pump|p1a: Heatran
|-crit|p1a: Heatran
|-supereffective|p1a: Heatran
|-damage|p1a: Heatran|0 fnt
|faint|p1a: Heatran
|
|win|brewplanner
|raw|Ladder updating...
|raw|SwaggBoi's rating: 1704 &rarr; <strong>1683<\/strong><br \/>(-21 for losing)
|raw|brewplanner's rating: 1694 &rarr; <strong>1715<\/strong><br \/>(+21 for winning)
|c|★SwaggBoi|yea oh well
|leave|SwaggBoi
|player|p1
|join|Psynergy.G