|join|Ox thef oX
|join|Coatay
|player|p1|Ox thef oX|33
|player|p2|Coatay|2
|gametype|singles
|gen|6
|tier|OU
|rated
|clearpoke
|poke|p1|Landorus-Therian, M
|poke|p1|Keldeo
|poke|p1|Gengar, F
|poke|p1|Mandibuzz, F
|poke|p1|Venusaur, F
|poke|p1|Heatran, F
|poke|p2|Politoed, F
|poke|p2|Claydol
|poke|p2|Manaphy, shiny
|poke|p2|Amoonguss, M
|poke|p2|Kabutops, M
|poke|p2|Scizor, M
|rule|Swagger Clause: Swagger is banned
|rule|Baton Pass Clause: Limit one Pokémon knowing Baton Pass
|rule|Sleep Clause Mod: Limit one foe put to sleep
|rule|Species Clause: Limit one of each Pokémon
|rule|OHKO Clause: OHKO moves are banned
|rule|Moody Clause: Moody is banned
|rule|Evasion Moves Clause: Evasion moves are banned
|rule|Endless Battle Clause: Forcing endless battles is banned
|rule|HP Percentage Mod: HP is shown in percentages
|teampreview
|
|start
|switch|p1a: Keldeo|Keldeo|337\/337
|switch|p2a: Politoed|Politoed, F|384\/384
|-weather|RainDance
|turn|1
|
|switch|p2a: Amoonguss|Amoonguss, M|432\/432
|move|p1a: Keldeo|Substitute|p1a: Keldeo
|-start|p1a: Keldeo|Substitute
|-damage|p1a: Keldeo|253\/337
|
|-weather|RainDance|[upkeep]
|-heal|p1a: Keldeo|274\/337|[from] item: Leftovers
|turn|2
|
|move|p1a: Keldeo|Calm Mind|p1a: Keldeo
|-boost|p1a: Keldeo|spa|1
|-boost|p1a: Keldeo|spd|1
|move|p2a: Amoonguss|Giga Drain|p1a: Keldeo
|-supereffective|p1a: Keldeo
|-end|p1a: Keldeo|Substitute
|
|-weather|RainDance|[upkeep]
|-heal|p1a: Keldeo|295\/337|[from] item: Leftovers
|turn|3
|
|move|p1a: Keldeo|Calm Mind|p1a: Keldeo
|-boost|p1a: Keldeo|spa|1
|-boost|p1a: Keldeo|spd|1
|move|p2a: Amoonguss|Giga Drain|p1a: Keldeo
|-supereffective|p1a: Keldeo
|-damage|p1a: Keldeo|215\/337
|
|-weather|RainDance|[upkeep]
|-heal|p1a: Keldeo|236\/337|[from] item: Leftovers
|turn|4
|
|move|p1a: Keldeo|Substitute|p1a: Keldeo
|-start|p1a: Keldeo|Substitute
|-damage|p1a: Keldeo|152\/337
|move|p2a: Amoonguss|Giga Drain|p1a: Keldeo
|-supereffective|p1a: Keldeo
|-end|p1a: Keldeo|Substitute
|
|-weather|RainDance|[upkeep]
|-heal|p1a: Keldeo|173\/337|[from] item: Leftovers
|turn|5
|
|move|p1a: Keldeo|Substitute|p1a: Keldeo
|-start|p1a: Keldeo|Substitute
|-damage|p1a: Keldeo|89\/337
|move|p2a: Amoonguss|Giga Drain|p1a: Keldeo
|-supereffective|p1a: Keldeo
|-end|p1a: Keldeo|Substitute
|
|-weather|RainDance|[upkeep]
|-heal|p1a: Keldeo|110\/337|[from] item: Leftovers
|turn|6
|
|move|p1a: Keldeo|Scald|p2a: Amoonguss
|-resisted|p2a: Amoonguss
|-damage|p2a: Amoonguss|218\/432
|-status|p2a: Amoonguss|brn
|move|p2a: Amoonguss|Giga Drain|p1a: Keldeo
|-supereffective|p1a: Keldeo
|-damage|p1a: Keldeo|30\/337
|-heal|p2a: Amoonguss|258\/432 brn|[from] drain|[of] p1a: Keldeo
|
|-weather|RainDance|[upkeep]
|-heal|p1a: Keldeo|51\/337|[from] item: Leftovers
|-heal|p2a: Amoonguss|285\/432 brn|[from] item: Black Sludge
|-damage|p2a: Amoonguss|231\/432 brn|[from] brn
|turn|7
|
|move|p1a: Keldeo|Calm Mind|p1a: Keldeo
|-boost|p1a: Keldeo|spa|1
|-boost|p1a: Keldeo|spd|1
|move|p2a: Amoonguss|Giga Drain|p1a: Keldeo
|-supereffective|p1a: Keldeo
|-damage|p1a: Keldeo|0 fnt
|-heal|p2a: Amoonguss|257\/432 brn|[from] drain|[of] p1a: Keldeo
|faint|p1a: Keldeo
|
|-weather|RainDance|[upkeep]
|-heal|p2a: Amoonguss|284\/432 brn|[from] item: Black Sludge
|-damage|p2a: Amoonguss|230\/432 brn|[from] brn
|
|switch|p1a: Heatran|Heatran, F|386\/386
|turn|8
|
|switch|p2a: Claydol|Claydol|324\/324
|move|p1a: Heatran|Stealth Rock|p2a: Claydol
|-sidestart|p2: Coatay|move: Stealth Rock
|
|-weather|none
|turn|9
|
|switch|p1a: Mandibuzz|Mandibuzz, F|423\/423
|move|p2a: Claydol|Stealth Rock|p1a: Mandibuzz
|-sidestart|p1: Ox thef oX|move: Stealth Rock
|
|turn|10
|
|switch|p2a: Politoed|Politoed, F|384\/384
|-damage|p2a: Politoed|336\/384|[from] Stealth Rock
|-weather|RainDance
|move|p1a: Mandibuzz|Foul Play|p2a: Politoed
|-crit|p2a: Politoed
|-damage|p2a: Politoed|237\/384
|
|-weather|RainDance|[upkeep]
|turn|11
|
|switch|p2a: Manaphy|Manaphy, shiny|404\/404
|-damage|p2a: Manaphy|354\/404|[from] Stealth Rock
|move|p1a: Mandibuzz|Foul Play|p2a: Manaphy
|-damage|p2a: Manaphy|257\/404
|
|-weather|RainDance|[upkeep]
|-heal|p2a: Manaphy|282\/404|[from] item: Leftovers
|turn|12
|
|switch|p1a: Landorus-Therian|Landorus-Therian, M|325\/325
|-damage|p1a: Landorus-Therian|285\/325|[from] Stealth Rock
|-ability|p1a: Landorus-Therian|Intimidate|[of] p2a: Manaphy
|-unboost|p2a: Manaphy|atk|1
|move|p2a: Manaphy|Tail Glow|p2a: Manaphy
|-boost|p2a: Manaphy|spa|3
|
|-weather|RainDance|[upkeep]
|-heal|p2a: Manaphy|307\/404|[from] item: Leftovers
|turn|13
|
|move|p1a: Landorus-Therian|Earthquake|p2a: Manaphy
|-damage|p2a: Manaphy|105\/404
|move|p2a: Manaphy|Rest|p2a: Manaphy
|-status|p2a: Manaphy|slp
|-heal|p2a: Manaphy|404\/404 slp|[silent]
|-status|p2a: Manaphy|slp|[from] move: Rest
|
|-weather|RainDance|[upkeep]
|-curestatus|p2a: Manaphy|slp
|turn|14
|
|move|p1a: Landorus-Therian|Earthquake|p2a: Manaphy
|-damage|p2a: Manaphy|226\/404
|move|p2a: Manaphy|Surf|p1a: Landorus-Therian
|-crit|p1a: Landorus-Therian
|-supereffective|p1a: Landorus-Therian
|-damage|p1a: Landorus-Therian|0 fnt
|faint|p1a: Landorus-Therian
|
|-weather|RainDance|[upkeep]
|-heal|p2a: Manaphy|251\/404|[from] item: Leftovers
|
|switch|p1a: Venusaur|Venusaur, F|351\/351
|-damage|p1a: Venusaur|308\/351|[from] Stealth Rock
|turn|15
|
|detailschange|p1a: Venusaur|Venusaur-Mega, F
|message|Venusaur has Mega Evolved into Mega Venusaur!
|move|p2a: Manaphy|Psychic|p1a: Venusaur
|-supereffective|p1a: Venusaur
|-damage|p1a: Venusaur|0 fnt
|faint|p1a: Venusaur
|
|-weather|RainDance|[upkeep]
|-heal|p2a: Manaphy|276\/404|[from] item: Leftovers
|-message|Ox thef oX forfeited.
|
|win|Coatay
|raw|Ladder updating...