|join|Coatay
|join|Matabi
|player|p1|Coatay|2
|player|p2|Matabi|1
|gametype|singles
|gen|6
|tier|OU
|rated
|clearpoke
|poke|p1|Pinsir, M, shiny
|poke|p1|Latios, M
|poke|p1|Clefable, M
|poke|p1|Keldeo-Resolute, shiny
|poke|p1|Magnezone, shiny
|poke|p1|Landorus-Therian, M
|poke|p2|Charizard, M
|poke|p2|Ferrothorn, M
|poke|p2|Gengar, F
|poke|p2|Greninja, M
|poke|p2|Mamoswine, M
|poke|p2|Sylveon, F
|rule|Swagger Clause: Swagger is banned
|rule|Baton Pass Clause: Limit one Pokémon knowing Baton Pass
|rule|Sleep Clause Mod: Limit one foe put to sleep
|rule|Species Clause: Limit one of each Pokémon
|rule|OHKO Clause: OHKO moves are banned
|rule|Moody Clause: Moody is banned
|rule|Evasion Moves Clause: Evasion moves are banned
|rule|Endless Battle Clause: Forcing endless battles is banned
|rule|HP Percentage Mod: HP is shown in percentages
|teampreview
|
|start
|switch|p1a: Cat|Landorus-Therian, M|319\/319
|switch|p2a: Sylveon|Sylveon, F|394\/394
|-ability|p1a: Cat|Intimidate|[of] p2a: Sylveon
|-unboost|p2a: Sylveon|atk|1
|turn|1
|
|move|p1a: Cat|Earthquake|p2a: Sylveon
|-damage|p2a: Sylveon|211\/394
|move|p2a: Sylveon|Substitute|p2a: Sylveon
|-start|p2a: Sylveon|Substitute
|-damage|p2a: Sylveon|113\/394
|
|-heal|p2a: Sylveon|137\/394|[from] item: Leftovers
|turn|2
|
|move|p1a: Cat|Earthquake|p2a: Sylveon
|-end|p2a: Sylveon|Substitute
|move|p2a: Sylveon|Wish|p2a: Sylveon
|
|-heal|p2a: Sylveon|161\/394|[from] item: Leftovers
|turn|3
|
|switch|p2a: Mamoswine|Mamoswine, M|424\/424
|move|p1a: Cat|Earthquake|p2a: Mamoswine
|-damage|p2a: Mamoswine|175\/424
|
|-heal|p2a: Mamoswine|372\/424|[from] move: Wish|[wisher] Sylveon
|turn|4
|
|switch|p1a: Horse|Keldeo-Resolute, shiny|323\/323
|move|p2a: Mamoswine|Icicle Crash|p1a: Horse|[miss]
|-miss|p2a: Mamoswine|p1a: Horse
|
|turn|5
|
|switch|p2a: Sylveon|Sylveon, F|161\/394
|move|p1a: Horse|Secret Sword|p2a: Sylveon
|-resisted|p2a: Sylveon
|-damage|p2a: Sylveon|44\/394
|
|-heal|p2a: Sylveon|68\/394|[from] item: Leftovers
|turn|6
|
|switch|p2a: Gengar|Gengar, F|262\/262
|move|p1a: Horse|Secret Sword|p2a: Gengar
|-immune|p2a: Gengar|[msg]
|
|turn|7
|
|switch|p1a: Cat|Landorus-Therian, M|319\/319
|-ability|p1a: Cat|Intimidate|[of] p2a: Gengar
|-unboost|p2a: Gengar|atk|1
|move|p2a: Gengar|Shadow Ball|p1a: Cat
|-damage|p1a: Cat|153\/319
|
|turn|8
|
|move|p2a: Gengar|Shadow Ball|p1a: Cat
|-damage|p1a: Cat|0 fnt
|faint|p1a: Cat
|
|
|switch|p1a: Clef.|Clefable, M|390\/390
|turn|9
|
|switch|p2a: Charizard|Charizard, M|298\/298
|move|p1a: Clef.|Stealth Rock|p2a: Charizard
|-sidestart|p2: Matabi|move: Stealth Rock
|
|turn|10
|
|switch|p1a: G6|Latios, M|309\/309
|move|p2a: Charizard|Dragon Dance|p2a: Charizard
|-boost|p2a: Charizard|atk|1
|-boost|p2a: Charizard|spe|1
|
|turn|11
|
|detailschange|p2a: Charizard|Charizard-Mega-X, M
|message|Charizard has Mega Evolved into Mega Charizard!
|move|p2a: Charizard|Dragon Claw|p1a: G6
|-supereffective|p1a: G6
|-damage|p1a: G6|0 fnt
|faint|p1a: G6
|
|
|switch|p1a: Horse|Keldeo-Resolute, shiny|323\/323
|turn|12
|
|move|p2a: Charizard|Dragon Claw|p1a: Horse
|-damage|p1a: Horse|0 fnt
|faint|p1a: Horse
|
|-message|Coatay forfeited.
|
|win|Matabi
|raw|Ladder updating...
|raw|Coatay's rating: 1666 &rarr; <strong>1645<\/strong><br \/>(-21 for losing)
|raw|Matabi's rating: 1643 &rarr; <strong>1665<\/strong><br \/>(+22 for winning)