|join|Coatay
|join|Aquabob
|player|p1|Coatay|169
|player|p2|Aquabob|52
|gametype|singles
|gen|6
|tier|OU
|rated
|clearpoke
|poke|p1|Politoed, M
|poke|p1|Claydol
|poke|p1|Manaphy, shiny
|poke|p1|Amoonguss, F
|poke|p1|Kabutops, M
|poke|p1|Scizor, F
|poke|p2|Keldeo
|poke|p2|Rotom-Wash
|poke|p2|Victini
|poke|p2|Breloom, F
|poke|p2|Landorus-Therian, M
|poke|p2|Scizor, F
|rule|Swagger Clause: Swagger is banned
|rule|Baton Pass Clause: Limit one Pokémon knowing Baton Pass
|rule|Sleep Clause Mod: Limit one foe put to sleep
|rule|Species Clause: Limit one of each Pokémon
|rule|OHKO Clause: OHKO moves are banned
|rule|Moody Clause: Moody is banned
|rule|Evasion Moves Clause: Evasion moves are banned
|rule|Endless Battle Clause: Forcing endless battles is banned
|rule|HP Percentage Mod: HP is shown in percentages
|teampreview
|
|start
|switch|p1a: Politoed|Politoed, M|384\/384
|switch|p2a: Rotom-Wash|Rotom-Wash|304\/304
|-weather|RainDance
|turn|1
|
|move|p2a: Rotom-Wash|Will-O-Wisp|p1a: Politoed|[miss]
|-miss|p2a: Rotom-Wash|p1a: Politoed
|move|p1a: Politoed|Toxic|p2a: Rotom-Wash
|-status|p2a: Rotom-Wash|tox
|
|-weather|RainDance|[upkeep]
|-damage|p2a: Rotom-Wash|285\/304 tox|[from] psn
|turn|2
|
|switch|p1a: Amoonguss|Amoonguss, F|432\/432
|move|p2a: Rotom-Wash|Volt Switch|p1a: Amoonguss
|-resisted|p1a: Amoonguss
|-damage|p1a: Amoonguss|399\/432
|
|switch|p2a: Scizor|Scizor, F|344\/344
|
|-weather|RainDance|[upkeep]
|-heal|p1a: Amoonguss|426\/432|[from] item: Black Sludge
|turn|3
|
|detailschange|p2a: Scizor|Scizor-Mega, F
|message|Scizor has Mega Evolved into Mega Scizor!
|move|p2a: Scizor|U-turn|p1a: Amoonguss
|-damage|p1a: Amoonguss|267\/432
|
|switch|p2a: Rotom-Wash|Rotom-Wash|285\/304 tox
|move|p1a: Amoonguss|Spore|p2a: Rotom-Wash
|-fail|p2a: Rotom-Wash
|
|-weather|RainDance|[upkeep]
|-heal|p2a: Rotom-Wash|304\/304 tox|[from] item: Leftovers
|-heal|p1a: Amoonguss|294\/432|[from] item: Black Sludge
|-damage|p2a: Rotom-Wash|285\/304 tox|[from] psn
|turn|4
|
|move|p2a: Rotom-Wash|Volt Switch|p1a: Amoonguss
|-resisted|p1a: Amoonguss
|-damage|p1a: Amoonguss|260\/432
|
|switch|p2a: Scizor|Scizor-Mega, F|344\/344
|move|p1a: Amoonguss|Sludge Bomb|p2a: Scizor
|-immune|p2a: Scizor|[msg]
|
|-weather|RainDance|[upkeep]
|-heal|p1a: Amoonguss|287\/432|[from] item: Black Sludge
|turn|5
|
|move|p2a: Scizor|U-turn|p1a: Amoonguss
|-damage|p1a: Amoonguss|119\/432
|
|switch|p2a: Victini|Victini|341\/341
|move|p1a: Amoonguss|Sludge Bomb|p2a: Victini
|-damage|p2a: Victini|244\/341
|-status|p2a: Victini|psn
|
|-weather|RainDance|[upkeep]
|-heal|p1a: Amoonguss|146\/432|[from] item: Black Sludge
|-damage|p2a: Victini|202\/341 psn|[from] psn
|turn|6
|
|switch|p1a: Politoed|Politoed, M|384\/384
|move|p2a: Victini|U-turn|p1a: Politoed
|-damage|p1a: Politoed|300\/384
|
|switch|p2a: Rotom-Wash|Rotom-Wash|285\/304 tox
|
|-weather|RainDance|[upkeep]
|-heal|p2a: Rotom-Wash|304\/304 tox|[from] item: Leftovers
|-damage|p2a: Rotom-Wash|285\/304 tox|[from] psn
|turn|7
|
|switch|p1a: Amoonguss|Amoonguss, F|290\/432
|move|p2a: Rotom-Wash|Will-O-Wisp|p1a: Amoonguss
|-status|p1a: Amoonguss|brn
|
|-weather|RainDance|[upkeep]
|-heal|p2a: Rotom-Wash|304\/304 tox|[from] item: Leftovers
|-heal|p1a: Amoonguss|317\/432 brn|[from] item: Black Sludge
|-damage|p2a: Rotom-Wash|266\/304 tox|[from] psn
|-damage|p1a: Amoonguss|263\/432 brn|[from] brn
|turn|8
|
|move|p2a: Rotom-Wash|Volt Switch|p1a: Amoonguss
|-resisted|p1a: Amoonguss
|-damage|p1a: Amoonguss|228\/432 brn
|
|switch|p2a: Scizor|Scizor-Mega, F|344\/344
|move|p1a: Amoonguss|Sludge Bomb|p2a: Scizor
|-immune|p2a: Scizor|[msg]
|
|-weather|none
|-heal|p1a: Amoonguss|255\/432 brn|[from] item: Black Sludge
|-damage|p1a: Amoonguss|201\/432 brn|[from] brn
|turn|9
|
|switch|p1a: Scizor|Scizor, F|344\/344
|move|p2a: Scizor|U-turn|p1a: Scizor
|-resisted|p1a: Scizor
|-damage|p1a: Scizor|281\/344
|
|switch|p2a: Keldeo|Keldeo|323\/323
|
|turn|10
|
|detailschange|p1a: Scizor|Scizor-Mega, F
|message|Scizor has Mega Evolved into Mega Scizor!
|move|p2a: Keldeo|Surf|p1a: Scizor
|-damage|p1a: Scizor|35\/344
|move|p1a: Scizor|Roost|p1a: Scizor
|-heal|p1a: Scizor|207\/344
|
|turn|11
|
|switch|p1a: Amoonguss|Amoonguss, F|345\/432 brn
|move|p2a: Keldeo|Surf|p1a: Amoonguss
|-resisted|p1a: Amoonguss
|-damage|p1a: Amoonguss|254\/432 brn
|
|-heal|p1a: Amoonguss|281\/432 brn|[from] item: Black Sludge
|-damage|p1a: Amoonguss|227\/432 brn|[from] brn
|turn|12
|
|switch|p2a: Scizor|Scizor-Mega, F|344\/344
|switch|p1a: Politoed|Politoed, M|300\/384
|-weather|RainDance
|
|-weather|RainDance|[upkeep]
|turn|13
|
|move|p2a: Scizor|U-turn|p1a: Politoed
|-damage|p1a: Politoed|191\/384
|
|switch|p2a: Rotom-Wash|Rotom-Wash|266\/304 tox
|move|p1a: Politoed|Scald|p2a: Rotom-Wash
|-resisted|p2a: Rotom-Wash
|-damage|p2a: Rotom-Wash|222\/304 tox
|
|-weather|RainDance|[upkeep]
|-heal|p2a: Rotom-Wash|241\/304 tox|[from] item: Leftovers
|-damage|p2a: Rotom-Wash|222\/304 tox|[from] psn
|turn|14
|
|switch|p1a: Claydol|Claydol|324\/324
|move|p2a: Rotom-Wash|Volt Switch|p1a: Claydol
|-immune|p1a: Claydol|[msg]
|
|-weather|RainDance|[upkeep]
|-heal|p2a: Rotom-Wash|241\/304 tox|[from] item: Leftovers
|-damage|p2a: Rotom-Wash|203\/304 tox|[from] psn
|turn|15
|
|switch|p2a: Scizor|Scizor-Mega, F|344\/344
|move|p1a: Claydol|Stealth Rock|p2a: Scizor
|-sidestart|p2: Aquabob|move: Stealth Rock
|
|-weather|RainDance|[upkeep]
|turn|16
|
|switch|p1a: Scizor|Scizor-Mega, F|207\/344
|move|p2a: Scizor|Defog|p1a: Scizor
|-unboost|p1a: Scizor|evasion|1
|-sideend|p2: Aquabob|Stealth Rock|[from] move: Defog|[of] p2a: Scizor
|
|-weather|RainDance|[upkeep]
|turn|17
|
|move|p1a: Scizor|Roost|p1a: Scizor
|-heal|p1a: Scizor|344\/344
|move|p2a: Scizor|U-turn|p1a: Scizor
|-resisted|p1a: Scizor
|-damage|p1a: Scizor|299\/344
|
|switch|p2a: Keldeo|Keldeo|323\/323
|
|-weather|RainDance|[upkeep]
|turn|18
|
|switch|p1a: Amoonguss|Amoonguss, F|371\/432 brn
|move|p2a: Keldeo|Surf|p1a: Amoonguss
|-resisted|p1a: Amoonguss
|-damage|p1a: Amoonguss|214\/432 brn
|
|-weather|RainDance|[upkeep]
|-heal|p1a: Amoonguss|241\/432 brn|[from] item: Black Sludge
|-damage|p1a: Amoonguss|187\/432 brn|[from] brn
|turn|19
|
|switch|p2a: Scizor|Scizor-Mega, F|344\/344
|move|p1a: Amoonguss|Spore|p2a: Scizor
|-status|p2a: Scizor|slp
|
|-weather|none
|-heal|p1a: Amoonguss|214\/432 brn|[from] item: Black Sludge
|-damage|p1a: Amoonguss|160\/432 brn|[from] brn
|turn|20
|
|switch|p1a: Politoed|Politoed, M|191\/384
|-weather|RainDance
|cant|p2a: Scizor|slp
|
|-weather|RainDance|[upkeep]
|turn|21
|
|switch|p2a: Rotom-Wash|Rotom-Wash|203\/304 tox
|switch|p1a: Manaphy|Manaphy, shiny|404\/404
|
|-weather|RainDance|[upkeep]
|-heal|p2a: Rotom-Wash|222\/304 tox|[from] item: Leftovers
|-damage|p2a: Rotom-Wash|203\/304 tox|[from] psn
|turn|22
|
|move|p1a: Manaphy|Surf|p2a: Rotom-Wash
|-resisted|p2a: Rotom-Wash
|-damage|p2a: Rotom-Wash|137\/304 tox
|move|p2a: Rotom-Wash|Volt Switch|p1a: Manaphy
|-supereffective|p1a: Manaphy
|-damage|p1a: Manaphy|222\/404
|
|switch|p2a: Breloom|Breloom, F|262\/262
|
|-weather|RainDance|[upkeep]
|-heal|p1a: Manaphy|247\/404|[from] item: Leftovers
|turn|23
|
|switch|p1a: Amoonguss|Amoonguss, F|304\/432 brn
|move|p2a: Breloom|Bullet Seed|p1a: Amoonguss
|-resisted|p1a: Amoonguss
|-damage|p1a: Amoonguss|284\/432 brn
|-resisted|p1a: Amoonguss
|-damage|p1a: Amoonguss|261\/432 brn
|-crit|p1a: Amoonguss
|-resisted|p1a: Amoonguss
|-damage|p1a: Amoonguss|228\/432 brn
|-resisted|p1a: Amoonguss
|-damage|p1a: Amoonguss|208\/432 brn
|-hitcount|p1a: Amoonguss|4
|
|-weather|RainDance|[upkeep]
|-heal|p1a: Amoonguss|235\/432 brn|[from] item: Black Sludge
|-damage|p1a: Amoonguss|181\/432 brn|[from] brn
|turn|24
|
|switch|p2a: Scizor|Scizor-Mega, F|344\/344 slp
|switch|p1a: Claydol|Claydol|324\/324
|
|-weather|RainDance|[upkeep]
|turn|25
|
|cant|p2a: Scizor|slp
|move|p1a: Claydol|Stealth Rock|p2a: Scizor
|-sidestart|p2: Aquabob|move: Stealth Rock
|
|-weather|RainDance|[upkeep]
|turn|26
|
|switch|p1a: Manaphy|Manaphy, shiny|247\/404
|cant|p2a: Scizor|slp
|
|-weather|RainDance|[upkeep]
|-heal|p1a: Manaphy|272\/404|[from] item: Leftovers
|turn|27
|
|move|p1a: Manaphy|Tail Glow|p1a: Manaphy
|-boost|p1a: Manaphy|spa|3
|-curestatus|p2a: Scizor|slp
|move|p2a: Scizor|U-turn|p1a: Manaphy
|-damage|p1a: Manaphy|154\/404
|
|switch|p2a: Keldeo|Keldeo|323\/323
|-damage|p2a: Keldeo|303\/323|[from] Stealth Rock
|
|-weather|none
|-heal|p1a: Manaphy|179\/404|[from] item: Leftovers
|turn|28
|
|switch|p1a: Amoonguss|Amoonguss, F|325\/432 brn
|move|p2a: Keldeo|Secret Sword|p1a: Amoonguss
|-resisted|p1a: Amoonguss
|-damage|p1a: Amoonguss|183\/432 brn
|
|-heal|p1a: Amoonguss|210\/432 brn|[from] item: Black Sludge
|-damage|p1a: Amoonguss|156\/432 brn|[from] brn
|turn|29
|
|switch|p2a: Scizor|Scizor-Mega, F|344\/344
|-damage|p2a: Scizor|301\/344|[from] Stealth Rock
|switch|p1a: Claydol|Claydol|324\/324
|
|turn|30
|
|move|p2a: Scizor|Defog|p1a: Claydol
|-unboost|p1a: Claydol|evasion|1
|-sideend|p2: Aquabob|Stealth Rock|[from] move: Defog|[of] p2a: Scizor
|move|p1a: Claydol|Earth Power|p2a: Scizor
|-crit|p2a: Scizor
|-damage|p2a: Scizor|186\/344
|
|turn|31
|
|move|p2a: Scizor|Roost|p2a: Scizor
|-heal|p2a: Scizor|344\/344
|move|p1a: Claydol|Stealth Rock|p2a: Scizor
|-sidestart|p2: Aquabob|move: Stealth Rock
|
|turn|32
|
|switch|p1a: Politoed|Politoed, M|191\/384
|-weather|RainDance
|move|p2a: Scizor|Defog|p1a: Politoed
|-unboost|p1a: Politoed|evasion|1
|-sideend|p2: Aquabob|Stealth Rock|[from] move: Defog|[of] p2a: Scizor
|
|-weather|RainDance|[upkeep]
|turn|33
|
|switch|p1a: Scizor|Scizor-Mega, F|299\/344
|move|p2a: Scizor|U-turn|p1a: Scizor
|-resisted|p1a: Scizor
|-damage|p1a: Scizor|256\/344
|
|switch|p2a: Keldeo|Keldeo|303\/323
|
|-weather|RainDance|[upkeep]
|turn|34
|
|switch|p1a: Manaphy|Manaphy, shiny|179\/404
|move|p2a: Keldeo|Surf|p1a: Manaphy
|-resisted|p1a: Manaphy
|-damage|p1a: Manaphy|2\/404
|
|-weather|RainDance|[upkeep]
|-heal|p1a: Manaphy|27\/404|[from] item: Leftovers
|turn|35
|
|switch|p1a: Amoonguss|Amoonguss, F|300\/432 brn
|move|p2a: Keldeo|Surf|p1a: Amoonguss
|-resisted|p1a: Amoonguss
|-damage|p1a: Amoonguss|164\/432 brn
|
|-weather|RainDance|[upkeep]
|-heal|p1a: Amoonguss|191\/432 brn|[from] item: Black Sludge
|-damage|p1a: Amoonguss|137\/432 brn|[from] brn
|turn|36
|
|move|p2a: Keldeo|Surf|p1a: Amoonguss
|-resisted|p1a: Amoonguss
|-damage|p1a: Amoonguss|0 fnt
|faint|p1a: Amoonguss
|
|-weather|RainDance|[upkeep]
|
|switch|p1a: Scizor|Scizor-Mega, F|256\/344
|turn|37
|
|move|p2a: Keldeo|Surf|p1a: Scizor
|-damage|p1a: Scizor|0 fnt
|faint|p1a: Scizor
|
|-weather|RainDance|[upkeep]
|-message|Coatay forfeited.
|
|win|Aquabob
|raw|Ladder updating...
|raw|Coatay's rating: 1747 &rarr; <strong>1716<\/strong><br \/>(-31 for losing)
|raw|Aquabob's rating: 1546 &rarr; <strong>1577<\/strong><br \/>(+31 for winning)
|leave|Coatay
|player|p1