|join|tmmh
|join|cureforboredem
|player|p1|tmmh|290
|player|p2|cureforboredem|170
|gametype|singles
|gen|6
|tier|OU
|rated
|clearpoke
|poke|p1|Sylveon, F
|poke|p1|Excadrill, M
|poke|p1|Talonflame, M
|poke|p1|Kyurem-Black
|poke|p1|Magnezone
|poke|p1|Garchomp, M
|poke|p2|Metagross
|poke|p2|Heracross, M
|poke|p2|Landorus-Therian, M
|poke|p2|Rotom-Wash
|poke|p2|Sylveon, M
|poke|p2|Latios, M
|rule|Swagger Clause: Swagger is banned
|rule|Baton Pass Clause: Limit one Pokémon knowing Baton Pass
|rule|Sleep Clause Mod: Limit one foe put to sleep
|rule|Species Clause: Limit one of each Pokémon
|rule|OHKO Clause: OHKO moves are banned
|rule|Moody Clause: Moody is banned
|rule|Evasion Moves Clause: Evasion moves are banned
|rule|Endless Battle Clause: Forcing endless battles is banned
|rule|HP Percentage Mod: HP is shown in percentages
|teampreview
|
|start
|switch|p1a: Kyurem-Black|Kyurem-Black|417\/417
|switch|p2a: Landorus-Therian|Landorus-Therian, M|381\/381
|-ability|p1a: Kyurem-Black|Teravolt
|-ability|p2a: Landorus-Therian|Intimidate|[of] p1a: Kyurem-Black
|-unboost|p1a: Kyurem-Black|atk|1
|turn|1
|
|switch|p2a: Sylveon|Sylveon, M|394\/394
|move|p1a: Kyurem-Black|Ice Beam|p2a: Sylveon
|-crit|p2a: Sylveon
|-damage|p2a: Sylveon|234\/394
|
|-heal|p2a: Sylveon|258\/394|[from] item: Leftovers
|turn|2
|
|switch|p1a: Magnezone|Magnezone|281\/281
|switch|p2a: Heracross|Heracross, M|301\/301
|
|turn|3
|
|move|p1a: Magnezone|Volt Switch|p2a: Heracross
|-damage|p2a: Heracross|163\/301
|
|switch|p1a: Talonflame|Talonflame, M|319\/319
|move|p2a: Heracross|Close Combat|p1a: Talonflame
|-resisted|p1a: Talonflame
|-damage|p1a: Talonflame|116\/319
|-unboost|p2a: Heracross|def|1
|-unboost|p2a: Heracross|spd|1
|
|turn|4
|
|switch|p2a: Landorus-Therian|Landorus-Therian, M|381\/381
|-ability|p2a: Landorus-Therian|Intimidate|[of] p1a: Talonflame
|-unboost|p1a: Talonflame|atk|1
|move|p1a: Talonflame|Will-O-Wisp|p2a: Landorus-Therian
|-status|p2a: Landorus-Therian|brn
|
|-damage|p2a: Landorus-Therian|334\/381 brn|[from] brn
|turn|5
|join|Church-Turing
|
|switch|p1a: Sylveon|Sylveon, F|393\/393
|move|p2a: Landorus-Therian|Stealth Rock|p1a: Sylveon
|-sidestart|p1: tmmh|move: Stealth Rock
|
|-heal|p2a: Landorus-Therian|357\/381 brn|[from] item: Leftovers
|-damage|p2a: Landorus-Therian|310\/381 brn|[from] brn
|turn|6
|
|move|p2a: Landorus-Therian|U-turn|p1a: Sylveon
|-resisted|p1a: Sylveon
|-damage|p1a: Sylveon|373\/393
|
|switch|p2a: Sylveon|Sylveon, M|258\/394
|move|p1a: Sylveon|Wish|p1a: Sylveon
|
|-heal|p2a: Sylveon|282\/394|[from] item: Leftovers
|-heal|p1a: Sylveon|393\/393|[from] item: Leftovers
|turn|7
|
|switch|p1a: Sand King|Excadrill, M|371\/371
|-damage|p1a: Sand King|360\/371|[from] Stealth Rock
|move|p2a: Sylveon|Heal Bell|p2a: Sylveon
|-cureteam|p2a: Sylveon|[from] move: HealBell
|
|-heal|p1a: Sand King|371\/371|[from] move: Wish|[wisher] Sylveon
|-heal|p2a: Sylveon|306\/394|[from] item: Leftovers
|turn|8
|
|switch|p2a: Rotom-Wash|Rotom-Wash|241\/241
|move|p1a: Sand King|Rapid Spin|p2a: Rotom-Wash
|-damage|p2a: Rotom-Wash|217\/241
|-sideend|p1: tmmh|Stealth Rock|[from] move: Rapid Spin|[of] p1a: Sand King
|
|turn|9
|
|switch|p1a: Kyurem-Black|Kyurem-Black|417\/417
|-ability|p1a: Kyurem-Black|Teravolt
|move|p2a: Rotom-Wash|Trick|p1a: Kyurem-Black
|-activate|p2a: Rotom-Wash|move: Trick|[of] p1a: Kyurem-Black
|-item|p1a: Kyurem-Black|Choice Scarf|[from] move: Trick
|-item|p2a: Rotom-Wash|Leftovers|[from] move: Trick
|
|-heal|p2a: Rotom-Wash|232\/241|[from] item: Leftovers
|turn|10
|
|move|p1a: Kyurem-Black|Earth Power|p2a: Rotom-Wash
|-supereffective|p2a: Rotom-Wash
|-damage|p2a: Rotom-Wash|30\/241
|move|p2a: Rotom-Wash|Will-O-Wisp|p1a: Kyurem-Black
|-status|p1a: Kyurem-Black|brn
|
|-heal|p2a: Rotom-Wash|45\/241|[from] item: Leftovers
|-damage|p1a: Kyurem-Black|365\/417 brn|[from] brn
|turn|11
|
|switch|p1a: Sylveon|Sylveon, F|393\/393
|switch|p2a: Landorus-Therian|Landorus-Therian, M|310\/381
|-ability|p2a: Landorus-Therian|Intimidate|[of] p1a: Sylveon
|-unboost|p1a: Sylveon|atk|1
|
|-heal|p2a: Landorus-Therian|333\/381|[from] item: Leftovers
|turn|12
|
|move|p2a: Landorus-Therian|Stealth Rock|p1a: Sylveon
|-sidestart|p1: tmmh|move: Stealth Rock
|move|p1a: Sylveon|Heal Bell|p1a: Sylveon
|-cureteam|p1a: Sylveon|[from] move: HealBell
|
|-heal|p2a: Landorus-Therian|356\/381|[from] item: Leftovers
|turn|13
|
|move|p2a: Landorus-Therian|Knock Off|p1a: Sylveon
|-resisted|p1a: Sylveon
|-damage|p1a: Sylveon|340\/393
|-enditem|p1a: Sylveon|Leftovers|[from] move: Knock Off|[of] p2a: Landorus-Therian
|move|p1a: Sylveon|Wish|p1a: Sylveon
|
|-heal|p2a: Landorus-Therian|379\/381|[from] item: Leftovers
|turn|14
|
|switch|p1a: Kyurem-Black|Kyurem-Black|365\/417
|-damage|p1a: Kyurem-Black|261\/417|[from] Stealth Rock
|-ability|p1a: Kyurem-Black|Teravolt
|move|p2a: Landorus-Therian|Earthquake|p1a: Kyurem-Black
|-damage|p1a: Kyurem-Black|87\/417
|
|-heal|p1a: Kyurem-Black|283\/417|[from] move: Wish|[wisher] Sylveon
|-heal|p2a: Landorus-Therian|381\/381|[from] item: Leftovers
|turn|15
|
|switch|p2a: Sylveon|Sylveon, M|306\/394
|move|p1a: Kyurem-Black|Earth Power|p2a: Sylveon
|-damage|p2a: Sylveon|236\/394
|
|-heal|p2a: Sylveon|260\/394|[from] item: Leftovers
|turn|16
|leave|Church-Turing
|
|switch|p1a: Sand King|Excadrill, M|371\/371
|-damage|p1a: Sand King|360\/371|[from] Stealth Rock
|switch|p2a: Landorus-Therian|Landorus-Therian, M|381\/381
|-ability|p2a: Landorus-Therian|Intimidate|[of] p1a: Sand King
|-unboost|p1a: Sand King|atk|1
|
|turn|17
|
|move|p1a: Sand King|Rapid Spin|p2a: Landorus-Therian
|-damage|p2a: Landorus-Therian|367\/381
|-sideend|p1: tmmh|Stealth Rock|[from] move: Rapid Spin|[of] p1a: Sand King
|move|p2a: Landorus-Therian|Earthquake|p1a: Sand King
|-supereffective|p1a: Sand King
|-damage|p1a: Sand King|0 fnt
|faint|p1a: Sand King
|
|-heal|p2a: Landorus-Therian|381\/381|[from] item: Leftovers
|
|switch|p1a: Garchomp|Garchomp, M|357\/357
|turn|18
|
|move|p1a: Garchomp|Stealth Rock|p2a: Landorus-Therian
|-sidestart|p2: cureforboredem|move: Stealth Rock
|move|p2a: Landorus-Therian|Stealth Rock|p1a: Garchomp
|-sidestart|p1: tmmh|move: Stealth Rock
|
|turn|19
|
|move|p1a: Garchomp|Swords Dance|p1a: Garchomp
|-boost|p1a: Garchomp|atk|2
|move|p2a: Landorus-Therian|Knock Off|p1a: Garchomp
|-damage|p1a: Garchomp|254\/357
|-damage|p2a: Landorus-Therian|334\/381|[from] ability: Rough Skin|[of] p1a: Garchomp
|-enditem|p1a: Garchomp|Lum Berry|[from] move: Knock Off|[of] p2a: Landorus-Therian
|
|-heal|p2a: Landorus-Therian|357\/381|[from] item: Leftovers
|turn|20
|
|switch|p2a: Rotom-Wash|Rotom-Wash|45\/241
|-damage|p2a: Rotom-Wash|15\/241|[from] Stealth Rock
|move|p1a: Garchomp|Dual Chop|p2a: Rotom-Wash
|-damage|p2a: Rotom-Wash|0 fnt
|-hitcount|p2a: Rotom-Wash|1
|faint|p2a: Rotom-Wash
|
|
|switch|p2a: Latios|Latios, M|301\/301
|-damage|p2a: Latios|264\/301|[from] Stealth Rock
|turn|21
|
|switch|p1a: Magnezone|Magnezone|281\/281
|-damage|p1a: Magnezone|264\/281|[from] Stealth Rock
|move|p2a: Latios|Draco Meteor|p1a: Magnezone
|-resisted|p1a: Magnezone
|-damage|p1a: Magnezone|92\/281
|-unboost|p2a: Latios|spa|2
|-damage|p2a: Latios|234\/301|[from] item: Life Orb
|
|turn|22
|
|move|p1a: Magnezone|Flash Cannon|p2a: Latios
|-damage|p2a: Latios|114\/301
|move|p2a: Latios|Roost|p2a: Latios
|-heal|p2a: Latios|265\/301
|
|turn|23
|
|switch|p2a: Metagross|Metagross|301\/301
|-damage|p2a: Metagross|283\/301|[from] Stealth Rock
|move|p1a: Magnezone|Flash Cannon|p2a: Metagross
|-resisted|p2a: Metagross
|-damage|p2a: Metagross|203\/301
|
|turn|24
|
|switch|p1a: Talonflame|Talonflame, M|116\/319
|-damage|p1a: Talonflame|0 fnt|[from] Stealth Rock
|faint|p1a: Talonflame
|detailschange|p2a: Metagross|Metagross-Mega
|-mega|p2a: Metagross|Metagross|Metagrossite
|move|p2a: Metagross|Earthquake|p1: Talonflame|[notarget]
|-notarget
|
|
|switch|p1a: Kyurem-Black|Kyurem-Black|283\/417
|-damage|p1a: Kyurem-Black|179\/417|[from] Stealth Rock
|-ability|p1a: Kyurem-Black|Teravolt
|turn|25
|
|switch|p2a: Landorus-Therian|Landorus-Therian, M|357\/381
|-damage|p2a: Landorus-Therian|310\/381|[from] Stealth Rock
|-ability|p2a: Landorus-Therian|Intimidate|[of] p1a: Kyurem-Black
|-unboost|p1a: Kyurem-Black|atk|1
|move|p1a: Kyurem-Black|Earth Power|p2a: Landorus-Therian
|-immune|p2a: Landorus-Therian|[msg]
|
|-heal|p2a: Landorus-Therian|333\/381|[from] item: Leftovers
|turn|26
|
|switch|p1a: Sylveon|Sylveon, F|340\/393
|-damage|p1a: Sylveon|291\/393|[from] Stealth Rock
|move|p2a: Landorus-Therian|Earthquake|p1a: Sylveon
|-damage|p1a: Sylveon|144\/393
|
|-heal|p2a: Landorus-Therian|356\/381|[from] item: Leftovers
|turn|27
|
|move|p2a: Landorus-Therian|Earthquake|p1a: Sylveon
|-damage|p1a: Sylveon|0 fnt
|faint|p1a: Sylveon
|
|-heal|p2a: Landorus-Therian|379\/381|[from] item: Leftovers
|-message|tmmh forfeited.
|
|win|cureforboredem
|raw|Ladder updating...
|leave|tmmh
|player|p1
|raw|tmmh's rating: 1356 &rarr; <strong>1333<\/strong><br \/>(-23 for losing)
|raw|cureforboredem's rating: 1312 &rarr; <strong>1335<\/strong><br \/>(+23 for winning)