|join|Johnny Tots
|join|Aka DH
|player|p1|Johnny Tots|170
|player|p2|Aka DH|68
|gametype|singles
|gen|6
|tier|OU
|rated
|clearpoke
|poke|p1|Dragonite, F
|poke|p1|Gyarados, F
|poke|p1|Landorus-Therian, M
|poke|p1|Charizard, F
|poke|p1|Thundurus-Therian, M
|poke|p1|Scizor, F
|poke|p2|Bisharp, M
|poke|p2|Venusaur, F
|poke|p2|Heatran, F
|poke|p2|Keldeo
|poke|p2|Chansey, F
|poke|p2|Skarmory, F
|rule|Swagger Clause: Swagger is banned
|rule|Baton Pass Clause: Limit one Pokémon knowing Baton Pass
|rule|Sleep Clause Mod: Limit one foe put to sleep
|rule|Species Clause: Limit one of each Pokémon
|rule|OHKO Clause: OHKO moves are banned
|rule|Moody Clause: Moody is banned
|rule|Evasion Moves Clause: Evasion moves are banned
|rule|Endless Battle Clause: Forcing endless battles is banned
|rule|HP Percentage Mod: HP is shown in percentages
|teampreview
|
|start
|switch|p1a: Gyarados|Gyarados, F|331\/331
|switch|p2a: Heatran|Heatran, F|340\/340
|-item|p2a: Heatran|Air Balloon
|turn|1
|
|move|p2a: Heatran|Toxic|p1a: Gyarados
|-status|p1a: Gyarados|tox
|-enditem|p1a: Gyarados|Lum Berry|[eat]
|-curestatus|p1a: Gyarados|tox
|move|p1a: Gyarados|Taunt|p2a: Heatran
|-start|p2a: Heatran|move: Taunt
|
|turn|2
|
|switch|p2a: Venusaur|Venusaur, F|364\/364
|move|p1a: Gyarados|Dragon Dance|p1a: Gyarados
|-boost|p1a: Gyarados|atk|1
|-boost|p1a: Gyarados|spe|1
|
|turn|3
|
|detailschange|p2a: Venusaur|Venusaur-Mega, F
|message|Venusaur has Mega Evolved into Mega Venusaur!
|move|p1a: Gyarados|Dragon Dance|p1a: Gyarados
|-boost|p1a: Gyarados|atk|1
|-boost|p1a: Gyarados|spe|1
|move|p2a: Venusaur|Giga Drain|p1a: Gyarados
|-damage|p1a: Gyarados|235\/331
|
|turn|4
|
|move|p1a: Gyarados|Earthquake|p2a: Venusaur
|-damage|p2a: Venusaur|217\/364
|move|p2a: Venusaur|Leech Seed|p1a: Gyarados
|-start|p1a: Gyarados|move: Leech Seed
|
|-damage|p1a: Gyarados|194\/331|[from] Leech Seed|[of] p2a: Venusaur
|-heal|p2a: Venusaur|258\/364|[silent]
|turn|5
|
|move|p1a: Gyarados|Earthquake|p2a: Venusaur
|-damage|p2a: Venusaur|119\/364
|move|p2a: Venusaur|Synthesis|p2a: Venusaur
|-heal|p2a: Venusaur|301\/364
|
|-damage|p1a: Gyarados|153\/331|[from] Leech Seed|[of] p2a: Venusaur
|-heal|p2a: Venusaur|342\/364|[silent]
|turn|6
|
|move|p1a: Gyarados|Taunt|p2a: Venusaur
|-start|p2a: Venusaur|move: Taunt
|move|p2a: Venusaur|Giga Drain|p1a: Gyarados
|-damage|p1a: Gyarados|54\/331
|-heal|p2a: Venusaur|364\/364|[from] drain|[of] p1a: Gyarados
|
|-damage|p1a: Gyarados|13\/331|[from] Leech Seed|[of] p2a: Venusaur
|turn|7
|
|switch|p1a: Charizard|Charizard, F|297\/297
|move|p2a: Venusaur|Giga Drain|p1a: Charizard
|-resisted|p1a: Charizard
|-damage|p1a: Charizard|270\/297
|
|turn|8
|join|Shavon
|
|switch|p2a: Heatran|Heatran, F|340\/340
|-item|p2a: Heatran|Air Balloon
|detailschange|p1a: Charizard|Charizard-Mega-X, F
|message|Charizard has Mega Evolved into Mega Charizard!
|move|p1a: Charizard|Dragon Claw|p2a: Heatran
|-resisted|p2a: Heatran
|-damage|p2a: Heatran|257\/340
|-enditem|p2a: Heatran|Air Balloon
|
|turn|9
|leave|Shavon
|
|move|p2a: Heatran|Stealth Rock|p1a: Charizard
|-sidestart|p1: Johnny Tots|move: Stealth Rock
|move|p1a: Charizard|Earthquake|p2a: Heatran
|-supereffective|p2a: Heatran
|-damage|p2a: Heatran|0 fnt
|faint|p2a: Heatran
|
|
|switch|p2a: Keldeo|Keldeo|323\/323
|turn|10
|
|move|p2a: Keldeo|Secret Sword|p1a: Charizard
|-damage|p1a: Charizard|134\/297
|move|p1a: Charizard|Dragon Dance|p1a: Charizard
|-boost|p1a: Charizard|atk|1
|-boost|p1a: Charizard|spe|1
|
|turn|11
|
|switch|p2a: Skarmory|Skarmory, F|334\/334
|move|p1a: Charizard|Dragon Claw|p2a: Skarmory
|-resisted|p2a: Skarmory
|-damage|p2a: Skarmory|236\/334
|-damage|p1a: Charizard|85\/297|[from] item: Rocky Helmet|[of] p2a: Skarmory
|
|turn|12
|
|move|p1a: Charizard|Flare Blitz|p2a: Skarmory
|-supereffective|p2a: Skarmory
|-damage|p2a: Skarmory|0 fnt
|-damage|p1a: Charizard|36\/297|[from] item: Rocky Helmet|[of] p2a: Skarmory
|-damage|p1a: Charizard|0 fnt|[from] recoil|[of] p2a: Skarmory
|faint|p2a: Skarmory
|faint|p1a: Charizard
|
|
|switch|p2a: Keldeo|Keldeo|323\/323
|switch|p1a: Scizor|Scizor, F|281\/281
|-damage|p1a: Scizor|246\/281|[from] Stealth Rock
|turn|13
|
|switch|p1a: Thundurus-Therian|Thundurus-Therian, M|299\/299
|-damage|p1a: Thundurus-Therian|225\/299|[from] Stealth Rock
|move|p2a: Keldeo|Calm Mind|p2a: Keldeo
|-boost|p2a: Keldeo|spa|1
|-boost|p2a: Keldeo|spd|1
|
|-heal|p1a: Thundurus-Therian|243\/299|[from] item: Leftovers
|turn|14
|
|move|p2a: Keldeo|Scald|p1a: Thundurus-Therian
|-damage|p1a: Thundurus-Therian|66\/299
|-status|p1a: Thundurus-Therian|brn
|move|p1a: Thundurus-Therian|Thunderbolt|p2a: Keldeo
|-supereffective|p2a: Keldeo
|-damage|p2a: Keldeo|81\/323
|
|-heal|p2a: Keldeo|101\/323|[from] item: Leftovers
|-heal|p1a: Thundurus-Therian|84\/299 brn|[from] item: Leftovers
|-damage|p1a: Thundurus-Therian|47\/299 brn|[from] brn
|turn|15
|
|move|p2a: Keldeo|Secret Sword|p1a: Thundurus-Therian
|-resisted|p1a: Thundurus-Therian
|-damage|p1a: Thundurus-Therian|0 fnt
|faint|p1a: Thundurus-Therian
|
|-heal|p2a: Keldeo|121\/323|[from] item: Leftovers
|
|switch|p1a: Scizor|Scizor, F|246\/281
|-damage|p1a: Scizor|211\/281|[from] Stealth Rock
|turn|16
|
|move|p2a: Keldeo|Scald|p1a: Scizor
|-damage|p1a: Scizor|9\/281
|move|p1a: Scizor|Defog|p2a: Keldeo
|-unboost|p2a: Keldeo|evasion|1
|-sideend|p1: Johnny Tots|Stealth Rock|[from] move: Defog|[of] p1a: Scizor
|
|-heal|p2a: Keldeo|141\/323|[from] item: Leftovers
|-heal|p1a: Scizor|26\/281|[from] item: Leftovers
|turn|17
|
|move|p1a: Scizor|Bullet Punch|p2a: Keldeo
|-resisted|p2a: Keldeo
|-damage|p2a: Keldeo|93\/323
|move|p2a: Keldeo|Secret Sword|p1a: Scizor
|-damage|p1a: Scizor|0 fnt
|faint|p1a: Scizor
|
|-heal|p2a: Keldeo|113\/323|[from] item: Leftovers
|
|switch|p1a: Dragonite|Dragonite, F|323\/323
|turn|18
|
|move|p2a: Keldeo|Icy Wind|p1a: Dragonite
|-supereffective|p1a: Dragonite
|-damage|p1a: Dragonite|133\/323
|-unboost|p1a: Dragonite|spe|1
|move|p1a: Dragonite|Dragon Dance|p1a: Dragonite
|-boost|p1a: Dragonite|atk|1
|-boost|p1a: Dragonite|spe|1
|
|-heal|p2a: Keldeo|133\/323|[from] item: Leftovers
|turn|19
|
|switch|p2a: Bisharp|Bisharp, M|334\/334
|move|p1a: Dragonite|Earthquake|p2a: Bisharp
|-supereffective|p2a: Bisharp
|-damage|p2a: Bisharp|0 fnt
|faint|p2a: Bisharp
|
|
|switch|p2a: Keldeo|Keldeo|133\/323
|turn|20
|
|move|p2a: Keldeo|Icy Wind|p1a: Dragonite
|-supereffective|p1a: Dragonite
|-damage|p1a: Dragonite|0 fnt
|faint|p1a: Dragonite
|
|-heal|p2a: Keldeo|153\/323|[from] item: Leftovers
|
|switch|p1a: Landorus-Therian|Landorus-Therian, M|319\/319
|-ability|p1a: Landorus-Therian|Intimidate|[of] p2a: Keldeo
|-unboost|p2a: Keldeo|atk|1
|turn|21
|
|move|p2a: Keldeo|Scald|p1a: Landorus-Therian
|-crit|p1a: Landorus-Therian
|-supereffective|p1a: Landorus-Therian
|-damage|p1a: Landorus-Therian|0 fnt
|faint|p1a: Landorus-Therian
|
|-heal|p2a: Keldeo|173\/323|[from] item: Leftovers
|-message|Johnny Tots forfeited.
|
|win|Aka DH
|raw|Ladder updating...
|leave|Johnny Tots
|player|p1
|raw|Johnny Tots's rating: 1548 &rarr; <strong>1530<\/strong><br \/>(-18 for losing)
|raw|Aka DH's rating: 1588 &rarr; <strong>1605<\/strong><br \/>(+17 for winning)
|c|★Aka DH|get rekt?