|join|Reverb
|join|Johnny Tots
|player|p1|Reverb|#reverbxmas
|player|p2|Johnny Tots|169
|gametype|singles
|gen|6
|tier|OU
|rated
|clearpoke
|poke|p1|Lopunny, M
|poke|p1|Celebi
|poke|p1|Tyranitar, M
|poke|p1|Keldeo
|poke|p1|Landorus-Therian, M
|poke|p1|Empoleon, M
|poke|p2|Dragonite, M
|poke|p2|Gyarados, F
|poke|p2|Landorus-Therian, M
|poke|p2|Charizard, M
|poke|p2|Thundurus-Therian, M
|poke|p2|Scizor, M
|rule|Swagger Clause: Swagger is banned
|rule|Baton Pass Clause: Limit one Pokémon knowing Baton Pass
|rule|Sleep Clause Mod: Limit one foe put to sleep
|rule|Species Clause: Limit one of each Pokémon
|rule|OHKO Clause: OHKO moves are banned
|rule|Moody Clause: Moody is banned
|rule|Evasion Moves Clause: Evasion moves are banned
|rule|Endless Battle Clause: Forcing endless battles is banned
|rule|HP Percentage Mod: HP is shown in percentages
|teampreview
|
|start
|switch|p1a: Lopunny|Lopunny, M|271\/271
|switch|p2a: Gyarados|Gyarados, F|331\/331
|turn|1
|
|switch|p2a: Landorus-Therian|Landorus-Therian, M|319\/319
|-ability|p2a: Landorus-Therian|Intimidate|[of] p1a: Lopunny
|-unboost|p1a: Lopunny|atk|1
|detailschange|p1a: Lopunny|Lopunny-Mega, M
|-mega|p1a: Lopunny|Lopunny|Lopunnite
|move|p1a: Lopunny|Fake Out|p2a: Landorus-Therian
|-damage|p2a: Landorus-Therian|280\/319
|
|-heal|p2a: Landorus-Therian|299\/319|[from] item: Leftovers
|turn|2
|
|move|p1a: Lopunny|Ice Punch|p2a: Landorus-Therian
|-supereffective|p2a: Landorus-Therian
|-damage|p2a: Landorus-Therian|91\/319
|move|p2a: Landorus-Therian|Swords Dance|p2a: Landorus-Therian
|-boost|p2a: Landorus-Therian|atk|2
|
|-heal|p2a: Landorus-Therian|110\/319|[from] item: Leftovers
|turn|3
|
|switch|p2a: Gyarados|Gyarados, F|331\/331
|move|p1a: Lopunny|Ice Punch|p2a: Gyarados
|-damage|p2a: Gyarados|261\/331
|
|turn|4
|join|lundozy
|join|Omegasization
|
|switch|p1a: Landorus-Therian|Landorus-Therian, M|327\/327
|-ability|p1a: Landorus-Therian|Intimidate|[of] p2a: Gyarados
|-unboost|p2a: Gyarados|atk|1
|move|p2a: Gyarados|Dragon Dance|p2a: Gyarados
|-boost|p2a: Gyarados|atk|1
|-boost|p2a: Gyarados|spe|1
|
|turn|5
|
|move|p1a: Landorus-Therian|Stone Edge|p2a: Gyarados
|-supereffective|p2a: Gyarados
|-damage|p2a: Gyarados|0 fnt
|faint|p2a: Gyarados
|
|join|MIXXX
|
|switch|p2a: Dragonite|Dragonite, M|323\/323
|turn|6
|
|switch|p1a: Tyranitar|Tyranitar, M|383\/383
|-weather|Sandstorm
|move|p2a: Dragonite|Dragon Dance|p2a: Dragonite
|-boost|p2a: Dragonite|atk|1
|-boost|p2a: Dragonite|spe|1
|
|-weather|Sandstorm|[upkeep]
|-damage|p2a: Dragonite|303\/323|[from] sandstorm
|turn|7
|
|move|p2a: Dragonite|Earthquake|p1a: Tyranitar
|-supereffective|p1a: Tyranitar
|-damage|p1a: Tyranitar|39\/383
|move|p1a: Tyranitar|Crunch|p2a: Dragonite
|-damage|p2a: Dragonite|42\/323
|
|-weather|Sandstorm|[upkeep]
|-damage|p2a: Dragonite|22\/323|[from] sandstorm
|turn|8
|join|nathaaan
|
|move|p2a: Dragonite|Ice Punch|p1a: Tyranitar
|-damage|p1a: Tyranitar|0 fnt
|faint|p1a: Tyranitar
|
|-weather|Sandstorm|[upkeep]
|-damage|p2a: Dragonite|2\/323|[from] sandstorm
|
|switch|p1a: Landorus-Therian|Landorus-Therian, M|327\/327
|-ability|p1a: Landorus-Therian|Intimidate|[of] p2a: Dragonite
|-unboost|p2a: Dragonite|atk|1
|turn|9
|
|move|p1a: Landorus-Therian|U-turn|p2a: Dragonite
|-resisted|p2a: Dragonite
|-damage|p2a: Dragonite|0 fnt
|faint|p2a: Dragonite
|join|0 Sky Dragon
|
|switch|p1a: Keldeo|Keldeo|323\/323
|
|-weather|Sandstorm|[upkeep]
|-damage|p1a: Keldeo|303\/323|[from] sandstorm
|
|switch|p2a: Thundurus-Therian|Thundurus-Therian, M|299\/299
|turn|10
|leave|lundozy
|join|Cienight
|
|move|p1a: Keldeo|Scald|p2a: Thundurus-Therian
|-damage|p2a: Thundurus-Therian|127\/299
|move|p2a: Thundurus-Therian|Agility|p2a: Thundurus-Therian
|-boost|p2a: Thundurus-Therian|spe|2
|
|-weather|none
|-heal|p2a: Thundurus-Therian|145\/299|[from] item: Leftovers
|turn|11
|
|move|p2a: Thundurus-Therian|Thunderbolt|p1a: Keldeo
|-supereffective|p1a: Keldeo
|-damage|p1a: Keldeo|0 fnt
|faint|p1a: Keldeo
|
|-heal|p2a: Thundurus-Therian|163\/299|[from] item: Leftovers
|join|pkemimimon
|
|switch|p1a: Lopunny|Lopunny-Mega, M|271\/271
|turn|12
|
|move|p1a: Lopunny|Fake Out|p2a: Thundurus-Therian
|-damage|p2a: Thundurus-Therian|70\/299
|cant|p2a: Thundurus-Therian|flinch
|
|-heal|p2a: Thundurus-Therian|88\/299|[from] item: Leftovers
|turn|13
|
|move|p2a: Thundurus-Therian|Thunderbolt|p1a: Lopunny
|-damage|p1a: Lopunny|99\/271
|move|p1a: Lopunny|High Jump Kick|p2a: Thundurus-Therian
|-resisted|p2a: Thundurus-Therian
|-damage|p2a: Thundurus-Therian|0 fnt
|faint|p2a: Thundurus-Therian
|
|
|switch|p2a: Landorus-Therian|Landorus-Therian, M|110\/319
|-ability|p2a: Landorus-Therian|Intimidate|[of] p1a: Lopunny
|-unboost|p1a: Lopunny|atk|1
|turn|14
|
|move|p1a: Lopunny|Ice Punch|p2a: Landorus-Therian
|-supereffective|p2a: Landorus-Therian
|-damage|p2a: Landorus-Therian|0 fnt
|faint|p2a: Landorus-Therian
|
|
|switch|p2a: Charizard|Charizard, M|297\/297
|turn|15
|
|switch|p1a: Landorus-Therian|Landorus-Therian, M|327\/327
|-ability|p1a: Landorus-Therian|Intimidate|[of] p2a: Charizard
|-unboost|p2a: Charizard|atk|1
|move|p2a: Charizard|Dragon Dance|p2a: Charizard
|-boost|p2a: Charizard|atk|1
|-boost|p2a: Charizard|spe|1
|
|turn|16
|
|move|p1a: Landorus-Therian|Explosion|p2a: Charizard
|-damage|p2a: Charizard|0 fnt
|faint|p1a: Landorus-Therian
|faint|p2a: Charizard
|
|
|switch|p1a: Lopunny|Lopunny-Mega, M|99\/271
|switch|p2a: Scizor|Scizor, M|281\/281
|turn|17
|-message|Johnny Tots forfeited.
|leave|Johnny Tots
|
|win|Reverb
|raw|Ladder updating...
|player|p2
|raw|Reverb's rating: 1662 &rarr; <strong>1682<\/strong><br \/>(+20 for winning)
|raw|Johnny Tots's rating: 1673 &rarr; <strong>1652<\/strong><br \/>(-21 for losing)