|join|louis6699
|join|Super Mario Bros
|player|p1|louis6699|102
|player|p2|Super Mario Bros|155
|gametype|singles
|gen|6
|tier|OU
|rated
|clearpoke
|poke|p1|Lopunny, F
|poke|p1|Skarmory, M
|poke|p1|Greninja, M
|poke|p1|Talonflame, F
|poke|p1|Blissey, F
|poke|p1|Garchomp, M
|poke|p2|Serperior, M
|poke|p2|Altaria, M
|poke|p2|Rotom-Wash
|poke|p2|Landorus-Therian, M
|poke|p2|Heatran, M
|poke|p2|Mandibuzz, F
|rule|Swagger Clause: Swagger is banned
|rule|Baton Pass Clause: Limit one Pokémon knowing Baton Pass
|rule|Sleep Clause Mod: Limit one foe put to sleep
|rule|Species Clause: Limit one of each Pokémon
|rule|OHKO Clause: OHKO moves are banned
|rule|Moody Clause: Moody is banned
|rule|Evasion Moves Clause: Evasion moves are banned
|rule|Endless Battle Clause: Forcing endless battles is banned
|rule|HP Percentage Mod: HP is shown in percentages
|teampreview
|join|foncused
|
|start
|switch|p1a: Lopunny|Lopunny, F|271\/271
|switch|p2a: Rotom-Wash|Rotom-Wash|304\/304
|turn|1
|
|detailschange|p1a: Lopunny|Lopunny-Mega, F
|-mega|p1a: Lopunny|Lopunny|Lopunnite
|move|p1a: Lopunny|Fake Out|p2a: Rotom-Wash
|-damage|p2a: Rotom-Wash|243\/304
|cant|p2a: Rotom-Wash|flinch
|
|-heal|p2a: Rotom-Wash|262\/304|[from] item: Leftovers
|turn|2
|
|switch|p1a: Blissey|Blissey, F|714\/714
|move|p2a: Rotom-Wash|Will-O-Wisp|p1a: Blissey
|-status|p1a: Blissey|brn
|
|-heal|p2a: Rotom-Wash|281\/304|[from] item: Leftovers
|-damage|p1a: Blissey|625\/714 brn|[from] brn
|turn|3
|
|move|p2a: Rotom-Wash|Volt Switch|p1a: Blissey
|-damage|p1a: Blissey|573\/714 brn
|
|switch|p2a: Heatran|Heatran, M|386\/386
|move|p1a: Blissey|Seismic Toss|p2a: Heatran
|-damage|p2a: Heatran|286\/386
|
|-heal|p2a: Heatran|310\/386|[from] item: Leftovers
|-heal|p1a: Blissey|617\/714 brn|[from] item: Leftovers
|-damage|p1a: Blissey|528\/714 brn|[from] brn
|turn|4
|
|move|p2a: Heatran|Stealth Rock|p1a: Blissey
|-sidestart|p1: louis6699|move: Stealth Rock
|move|p1a: Blissey|Aromatherapy|p1a: Blissey
|-cureteam|p1a: Blissey|[from] move: Aromatherapy
|
|-heal|p2a: Heatran|334\/386|[from] item: Leftovers
|-heal|p1a: Blissey|572\/714|[from] item: Leftovers
|turn|5
|
|move|p2a: Heatran|Will-O-Wisp|p1a: Blissey
|-status|p1a: Blissey|brn
|move|p1a: Blissey|Seismic Toss|p2a: Heatran
|-damage|p2a: Heatran|234\/386
|
|-heal|p2a: Heatran|258\/386|[from] item: Leftovers
|-heal|p1a: Blissey|616\/714 brn|[from] item: Leftovers
|-damage|p1a: Blissey|527\/714 brn|[from] brn
|turn|6
|
|switch|p2a: Landorus-Therian|Landorus-Therian, M|319\/319
|-ability|p2a: Landorus-Therian|Intimidate|[of] p1a: Blissey
|-unboost|p1a: Blissey|atk|1
|move|p1a: Blissey|Seismic Toss|p2a: Landorus-Therian
|-damage|p2a: Landorus-Therian|219\/319
|
|-heal|p1a: Blissey|571\/714 brn|[from] item: Leftovers
|-damage|p1a: Blissey|482\/714 brn|[from] brn
|turn|7
|leave|foncused
|
|switch|p1a: Skarmory|Skarmory, M|334\/334
|-damage|p1a: Skarmory|293\/334|[from] Stealth Rock
|move|p2a: Landorus-Therian|U-turn|p1a: Skarmory
|-resisted|p1a: Skarmory
|-damage|p1a: Skarmory|278\/334
|-damage|p2a: Landorus-Therian|166\/319|[from] item: Rocky Helmet|[of] p1a: Skarmory
|
|switch|p2a: Rotom-Wash|Rotom-Wash|281\/304
|
|-heal|p2a: Rotom-Wash|300\/304|[from] item: Leftovers
|turn|8
|
|switch|p1a: Blissey|Blissey, F|482\/714
|-damage|p1a: Blissey|393\/714|[from] Stealth Rock
|move|p2a: Rotom-Wash|Volt Switch|p1a: Blissey
|-damage|p1a: Blissey|341\/714
|
|switch|p2a: Landorus-Therian|Landorus-Therian, M|166\/319
|-ability|p2a: Landorus-Therian|Intimidate|[of] p1a: Blissey
|-unboost|p1a: Blissey|atk|1
|
|-heal|p1a: Blissey|385\/714|[from] item: Leftovers
|turn|9
|
|switch|p1a: Lopunny|Lopunny-Mega, F|271\/271
|-damage|p1a: Lopunny|255\/271|[from] Stealth Rock
|move|p2a: Landorus-Therian|Knock Off|p1a: Lopunny
|-resisted|p1a: Lopunny
|-damage|p1a: Lopunny|202\/271
|
|turn|10
|
|switch|p2a: Mandibuzz|Mandibuzz, F|424\/424
|move|p1a: Lopunny|High Jump Kick|p2a: Mandibuzz|[miss]
|-miss|p1a: Lopunny|p2a: Mandibuzz
|-damage|p1a: Lopunny|67\/271|[from] highjumpkick
|
|turn|11
|
|move|p1a: Lopunny|Ice Punch|p2a: Mandibuzz
|-supereffective|p2a: Mandibuzz
|-damage|p2a: Mandibuzz|300\/424
|move|p2a: Mandibuzz|U-turn|p1a: Lopunny
|-resisted|p1a: Lopunny
|-damage|p1a: Lopunny|46\/271
|
|switch|p2a: Landorus-Therian|Landorus-Therian, M|166\/319
|-ability|p2a: Landorus-Therian|Intimidate|[of] p1a: Lopunny
|-unboost|p1a: Lopunny|atk|1
|
|turn|12
|
|switch|p1a: Skarmory|Skarmory, M|278\/334
|-damage|p1a: Skarmory|237\/334|[from] Stealth Rock
|move|p2a: Landorus-Therian|U-turn|p1a: Skarmory
|-resisted|p1a: Skarmory
|-damage|p1a: Skarmory|224\/334
|-damage|p2a: Landorus-Therian|113\/319|[from] item: Rocky Helmet|[of] p1a: Skarmory
|
|switch|p2a: Rotom-Wash|Rotom-Wash|300\/304
|
|-heal|p2a: Rotom-Wash|304\/304|[from] item: Leftovers
|turn|13
|
|switch|p1a: Garchomp|Garchomp, M|357\/357
|-damage|p1a: Garchomp|335\/357|[from] Stealth Rock
|move|p2a: Rotom-Wash|Will-O-Wisp|p1a: Garchomp
|-status|p1a: Garchomp|brn
|
|-damage|p1a: Garchomp|291\/357 brn|[from] brn
|turn|14
|
|switch|p2a: Mandibuzz|Mandibuzz, F|300\/424
|move|p1a: Garchomp|Swords Dance|p1a: Garchomp
|-boost|p1a: Garchomp|atk|2
|
|-heal|p2a: Mandibuzz|326\/424|[from] item: Leftovers
|-damage|p1a: Garchomp|247\/357 brn|[from] brn
|turn|15
|
|move|p1a: Garchomp|Stone Edge|p2a: Mandibuzz
|-supereffective|p2a: Mandibuzz
|-damage|p2a: Mandibuzz|156\/424
|move|p2a: Mandibuzz|Roost|p2a: Mandibuzz
|-heal|p2a: Mandibuzz|368\/424
|
|-heal|p2a: Mandibuzz|394\/424|[from] item: Leftovers
|-damage|p1a: Garchomp|203\/357 brn|[from] brn
|turn|16
|
|switch|p1a: Blissey|Blissey, F|385\/714
|-damage|p1a: Blissey|296\/714|[from] Stealth Rock
|move|p2a: Mandibuzz|Roost|p2a: Mandibuzz
|-heal|p2a: Mandibuzz|424\/424
|
|-heal|p1a: Blissey|340\/714|[from] item: Leftovers
|turn|17
|
|move|p2a: Mandibuzz|U-turn|p1a: Blissey
|-damage|p1a: Blissey|192\/714
|
|switch|p2a: Serperior|Serperior, M|291\/291
|move|p1a: Blissey|Aromatherapy|p1a: Blissey
|-cureteam|p1a: Blissey|[from] move: Aromatherapy
|
|-heal|p1a: Blissey|236\/714|[from] item: Leftovers
|turn|18
|
|move|p2a: Serperior|Substitute|p2a: Serperior
|-start|p2a: Serperior|Substitute
|-damage|p2a: Serperior|219\/291
|move|p1a: Blissey|Seismic Toss|p2a: Serperior
|-end|p2a: Serperior|Substitute
|
|-heal|p2a: Serperior|237\/291|[from] item: Leftovers
|-heal|p1a: Blissey|280\/714|[from] item: Leftovers
|turn|19
|
|move|p2a: Serperior|Leech Seed|p1a: Blissey
|-start|p1a: Blissey|move: Leech Seed
|move|p1a: Blissey|Seismic Toss|p2a: Serperior
|-damage|p2a: Serperior|137\/291
|
|-heal|p2a: Serperior|155\/291|[from] item: Leftovers
|-heal|p1a: Blissey|324\/714|[from] item: Leftovers
|-damage|p1a: Blissey|235\/714|[from] Leech Seed|[of] p2a: Serperior
|-heal|p2a: Serperior|244\/291|[silent]
|turn|20
|
|move|p2a: Serperior|Substitute|p2a: Serperior
|-start|p2a: Serperior|Substitute
|-damage|p2a: Serperior|172\/291
|move|p1a: Blissey|Soft-Boiled|p1a: Blissey
|-heal|p1a: Blissey|592\/714
|
|-heal|p2a: Serperior|190\/291|[from] item: Leftovers
|-heal|p1a: Blissey|636\/714|[from] item: Leftovers
|-damage|p1a: Blissey|547\/714|[from] Leech Seed|[of] p2a: Serperior
|-heal|p2a: Serperior|279\/291|[silent]
|turn|21
|
|switch|p1a: Skarmory|Skarmory, M|224\/334
|-damage|p1a: Skarmory|183\/334|[from] Stealth Rock
|move|p2a: Serperior|Leaf Storm|p1a: Skarmory
|-resisted|p1a: Skarmory
|-damage|p1a: Skarmory|125\/334
|-boost|p2a: Serperior|spa|2
|
|-heal|p2a: Serperior|291\/291|[from] item: Leftovers
|turn|22
|
|move|p2a: Serperior|Hidden Power|p1a: Skarmory
|-supereffective|p1a: Skarmory
|-damage|p1a: Skarmory|0 fnt
|faint|p1a: Skarmory
|
|
|switch|p1a: Talonflame|Talonflame, F|298\/298
|-damage|p1a: Talonflame|149\/298|[from] Stealth Rock
|turn|23
|
|move|p1a: Talonflame|Brave Bird|p2a: Serperior
|-supereffective|p2a: Serperior
|-end|p2a: Serperior|Substitute
|-damage|p1a: Talonflame|125\/298|[from] recoil|[of] p2a: Serperior
|move|p2a: Serperior|Leaf Storm|p1a: Talonflame
|-resisted|p1a: Talonflame
|-damage|p1a: Talonflame|18\/298
|-boost|p2a: Serperior|spa|2
|
|-heal|p1a: Talonflame|36\/298|[from] item: Leftovers
|turn|24
|
|switch|p2a: Rotom-Wash|Rotom-Wash|304\/304
|move|p1a: Talonflame|Brave Bird|p2a: Rotom-Wash
|-resisted|p2a: Rotom-Wash
|-damage|p2a: Rotom-Wash|249\/304
|-damage|p1a: Talonflame|18\/298|[from] recoil|[of] p2a: Rotom-Wash
|
|-heal|p1a: Talonflame|36\/298|[from] item: Leftovers
|-heal|p2a: Rotom-Wash|268\/304|[from] item: Leftovers
|turn|25
|
|move|p1a: Talonflame|Brave Bird|p2a: Rotom-Wash
|-resisted|p2a: Rotom-Wash
|-damage|p2a: Rotom-Wash|212\/304
|-damage|p1a: Talonflame|18\/298|[from] recoil|[of] p2a: Rotom-Wash
|move|p2a: Rotom-Wash|Volt Switch|p1a: Talonflame
|-supereffective|p1a: Talonflame
|-damage|p1a: Talonflame|0 fnt
|faint|p1a: Talonflame
|
|switch|p2a: Altaria|Altaria, M|354\/354
|
|-message|louis6699 forfeited.
|leave|louis6699
|
|win|Super Mario Bros
|raw|Ladder updating...
|raw|louis6699's rating: 1093 &rarr; <strong>1068<\/strong><br \/>(-25 for losing)
|raw|Super Mario Bros's rating: 1070 &rarr; <strong>1102<\/strong><br \/>(+32 for winning)
|player|p1