|join|Dan Smith
|join|miloticisou
|player|p1|Dan Smith|101
|player|p2|miloticisou|1
|gametype|singles
|gen|6
|tier|OU
|rated
|clearpoke
|poke|p1|Hippowdon, F
|poke|p1|Excadrill, F
|poke|p1|Altaria, F
|poke|p1|Volcarona, F
|poke|p1|Latios, M
|poke|p1|Toxicroak, M
|poke|p2|Milotic, F, shiny
|poke|p2|Diancie
|poke|p2|Landorus-Therian, M
|poke|p2|Latios, M
|poke|p2|Ferrothorn, M
|poke|p2|Talonflame, M
|rule|Swagger Clause: Swagger is banned
|rule|Baton Pass Clause: Limit one Pokémon knowing Baton Pass
|rule|Sleep Clause Mod: Limit one foe put to sleep
|rule|Species Clause: Limit one of each Pokémon
|rule|OHKO Clause: OHKO moves are banned
|rule|Moody Clause: Moody is banned
|rule|Evasion Moves Clause: Evasion moves are banned
|rule|Endless Battle Clause: Forcing endless battles is banned
|rule|HP Percentage Mod: HP is shown in percentages
|teampreview
|
|start
|switch|p1a: Altaria|Altaria, F|297\/297
|switch|p2a: Diancie|Diancie|241\/241
|turn|1
|
|switch|p1a: Hippowdon|Hippowdon, F|420\/420
|-weather|Sandstorm
|detailschange|p2a: Diancie|Diancie-Mega
|-mega|p2a: Diancie|Diancie|Diancite
|move|p2a: Diancie|Moonblast|p1a: Hippowdon
|-damage|p1a: Hippowdon|230\/420
|
|-weather|Sandstorm|[upkeep]
|turn|2
|
|move|p2a: Diancie|Protect|p2a: Diancie
|-singleturn|p2a: Diancie|Protect
|move|p1a: Hippowdon|Slack Off|p1a: Hippowdon
|-heal|p1a: Hippowdon|420\/420
|
|-weather|Sandstorm|[upkeep]
|turn|3
|
|switch|p2a: Latios|Latios, M|309\/309
|move|p1a: Hippowdon|Earthquake|p2a: Latios
|-immune|p2a: Latios|[msg]
|
|-weather|Sandstorm|[upkeep]
|-damage|p2a: Latios|290\/309|[from] sandstorm
|turn|4
|
|move|p2a: Latios|Draco Meteor|p1a: Hippowdon
|-damage|p1a: Hippowdon|165\/420
|-unboost|p2a: Latios|spa|2
|-damage|p2a: Latios|260\/309|[from] item: Life Orb
|move|p1a: Hippowdon|Stealth Rock|p2a: Latios
|-sidestart|p2: miloticisou|move: Stealth Rock
|
|-weather|Sandstorm|[upkeep]
|-damage|p2a: Latios|241\/309|[from] sandstorm
|turn|5
|
|move|p2a: Latios|Defog|p1a: Hippowdon
|-unboost|p1a: Hippowdon|evasion|1
|-sideend|p2: miloticisou|Stealth Rock|[from] move: Defog|[of] p2a: Latios
|move|p1a: Hippowdon|Slack Off|p1a: Hippowdon
|-heal|p1a: Hippowdon|375\/420
|
|-weather|Sandstorm|[upkeep]
|-damage|p2a: Latios|222\/309|[from] sandstorm
|turn|6
|
|switch|p2a: Milotic|Milotic, F, shiny|393\/393
|switch|p1a: Excadrill|Excadrill, F|361\/361
|
|-weather|Sandstorm|[upkeep]
|-damage|p2a: Milotic|369\/393|[from] sandstorm
|-heal|p2a: Milotic|393\/393|[from] item: Leftovers
|turn|7
|
|switch|p1a: Toxicroak|Toxicroak, M|307\/307
|switch|p2a: Landorus-Therian|Landorus-Therian, M|382\/382
|-ability|p2a: Landorus-Therian|Intimidate|[of] p1a: Toxicroak
|-unboost|p1a: Toxicroak|atk|1
|
|-weather|Sandstorm|[upkeep]
|-damage|p1a: Toxicroak|288\/307|[from] sandstorm
|turn|8
|
|switch|p1a: Hippowdon|Hippowdon, F|375\/420
|move|p2a: Landorus-Therian|Stealth Rock|p1a: Hippowdon
|-sidestart|p1: Dan Smith|move: Stealth Rock
|
|-weather|none
|turn|9
|
|move|p2a: Landorus-Therian|Knock Off|p1a: Hippowdon
|-damage|p1a: Hippowdon|295\/420
|-enditem|p1a: Hippowdon|Smooth Rock|[from] move: Knock Off|[of] p2a: Landorus-Therian
|move|p1a: Hippowdon|Earthquake|p2a: Landorus-Therian
|-immune|p2a: Landorus-Therian|[msg]
|
|turn|10
|
|move|p2a: Landorus-Therian|U-turn|p1a: Hippowdon
|-damage|p1a: Hippowdon|239\/420
|
|switch|p2a: Diancie|Diancie-Mega|241\/241
|move|p1a: Hippowdon|Stealth Rock|p2a: Diancie
|move|p2a: Diancie|Stealth Rock|p1a: Hippowdon|[from]Magic Bounce
|-fail|p1a: Hippowdon
|
|turn|11
|
|switch|p2a: Latios|Latios, M|222\/309
|move|p1a: Hippowdon|Slack Off|p1a: Hippowdon
|-heal|p1a: Hippowdon|420\/420
|
|turn|12
|
|move|p2a: Latios|Draco Meteor|p1a: Hippowdon
|-damage|p1a: Hippowdon|134\/420
|-unboost|p2a: Latios|spa|2
|-damage|p2a: Latios|192\/309|[from] item: Life Orb
|move|p1a: Hippowdon|Stone Edge|p2a: Latios
|-damage|p2a: Latios|92\/309
|
|turn|13
|
|switch|p2a: Diancie|Diancie-Mega|241\/241
|move|p1a: Hippowdon|Slack Off|p1a: Hippowdon
|-heal|p1a: Hippowdon|344\/420
|
|turn|14
|
|switch|p2a: Landorus-Therian|Landorus-Therian, M|382\/382
|-ability|p2a: Landorus-Therian|Intimidate|[of] p1a: Hippowdon
|-unboost|p1a: Hippowdon|atk|1
|move|p1a: Hippowdon|Slack Off|p1a: Hippowdon
|-heal|p1a: Hippowdon|420\/420
|
|turn|15
|
|move|p2a: Landorus-Therian|Earthquake|p1a: Hippowdon
|-damage|p1a: Hippowdon|302\/420
|move|p1a: Hippowdon|Stealth Rock|p2a: Landorus-Therian
|-sidestart|p2: miloticisou|move: Stealth Rock
|
|turn|16
|
|move|p2a: Landorus-Therian|U-turn|p1a: Hippowdon
|-damage|p1a: Hippowdon|239\/420
|
|switch|p2a: Milotic|Milotic, F, shiny|393\/393
|-damage|p2a: Milotic|344\/393|[from] Stealth Rock
|move|p1a: Hippowdon|Stone Edge|p2a: Milotic
|-damage|p2a: Milotic|297\/393
|
|-heal|p2a: Milotic|321\/393|[from] item: Leftovers
|turn|17
|
|switch|p1a: Latios|Latios, M|301\/301
|-damage|p1a: Latios|264\/301|[from] Stealth Rock
|move|p2a: Milotic|Ice Beam|p1a: Latios
|-supereffective|p1a: Latios
|-damage|p1a: Latios|142\/301
|
|-heal|p2a: Milotic|345\/393|[from] item: Leftovers
|turn|18
|
|move|p1a: Latios|Calm Mind|p1a: Latios
|-boost|p1a: Latios|spa|1
|-boost|p1a: Latios|spd|1
|move|p2a: Milotic|Ice Beam|p1a: Latios
|-supereffective|p1a: Latios
|-damage|p1a: Latios|58\/301
|
|-heal|p2a: Milotic|369\/393|[from] item: Leftovers
|turn|19
|
|move|p1a: Latios|Roost|p1a: Latios
|-heal|p1a: Latios|209\/301
|move|p2a: Milotic|Haze|p2a: Milotic
|-clearallboost
|
|-heal|p2a: Milotic|393\/393|[from] item: Leftovers
|turn|20
|
|move|p1a: Latios|Roost|p1a: Latios
|-heal|p1a: Latios|301\/301
|move|p2a: Milotic|Ice Beam|p1a: Latios
|-supereffective|p1a: Latios
|-damage|p1a: Latios|159\/301
|
|turn|21
|
|move|p1a: Latios|Calm Mind|p1a: Latios
|-boost|p1a: Latios|spa|1
|-boost|p1a: Latios|spd|1
|move|p2a: Milotic|Ice Beam|p1a: Latios
|-supereffective|p1a: Latios
|-damage|p1a: Latios|73\/301
|
|turn|22
|
|switch|p2a: Ferrothorn|Ferrothorn, M|352\/352
|-damage|p2a: Ferrothorn|330\/352|[from] Stealth Rock
|move|p1a: Latios|Draco Meteor|p2a: Ferrothorn
|-resisted|p2a: Ferrothorn
|-damage|p2a: Ferrothorn|174\/352
|-unboost|p1a: Latios|spa|2
|-damage|p1a: Latios|43\/301|[from] item: Life Orb
|
|turn|23
|
|move|p1a: Latios|Roost|p1a: Latios
|-heal|p1a: Latios|194\/301
|move|p2a: Ferrothorn|Leech Seed|p1a: Latios
|-start|p1a: Latios|move: Leech Seed
|
|-damage|p1a: Latios|157\/301|[from] Leech Seed|[of] p2a: Ferrothorn
|-heal|p2a: Ferrothorn|211\/352|[silent]
|turn|24
|
|switch|p1a: Toxicroak|Toxicroak, M|288\/307
|-damage|p1a: Toxicroak|269\/307|[from] Stealth Rock
|move|p2a: Ferrothorn|Gyro Ball|p1a: Toxicroak
|-crit|p1a: Toxicroak
|-damage|p1a: Toxicroak|0 fnt
|faint|p1a: Toxicroak
|
|
|switch|p1a: Excadrill|Excadrill, F|361\/361
|-damage|p1a: Excadrill|350\/361|[from] Stealth Rock
|turn|25
|
|move|p1a: Excadrill|Earthquake|p2a: Ferrothorn
|-damage|p2a: Ferrothorn|15\/352
|-damage|p1a: Excadrill|314\/361|[from] item: Life Orb
|move|p2a: Ferrothorn|Leech Seed|p1a: Excadrill
|-start|p1a: Excadrill|move: Leech Seed
|
|-damage|p1a: Excadrill|269\/361|[from] Leech Seed|[of] p2a: Ferrothorn
|-heal|p2a: Ferrothorn|60\/352|[silent]
|turn|26
|
|move|p2a: Ferrothorn|Protect|p2a: Ferrothorn
|-singleturn|p2a: Ferrothorn|Protect
|move|p1a: Excadrill|Rapid Spin|p2a: Ferrothorn
|-activate|p2a: Ferrothorn|Protect
|
|-damage|p1a: Excadrill|224\/361|[from] Leech Seed|[of] p2a: Ferrothorn
|-heal|p2a: Ferrothorn|105\/352|[silent]
|turn|27
|
|switch|p2a: Landorus-Therian|Landorus-Therian, M|382\/382
|-damage|p2a: Landorus-Therian|335\/382|[from] Stealth Rock
|-ability|p2a: Landorus-Therian|Intimidate|[of] p1a: Excadrill
|-unboost|p1a: Excadrill|atk|1
|move|p1a: Excadrill|Earthquake|p2a: Landorus-Therian
|-immune|p2a: Landorus-Therian|[msg]
|
|-heal|p2a: Landorus-Therian|358\/382|[from] item: Leftovers
|-damage|p1a: Excadrill|179\/361|[from] Leech Seed|[of] p2a: Landorus-Therian
|-heal|p2a: Landorus-Therian|382\/382|[silent]
|turn|28
|
|move|p1a: Excadrill|Rapid Spin|p2a: Landorus-Therian
|-damage|p2a: Landorus-Therian|364\/382
|-end|p1a: Excadrill|Leech Seed|[from] move: Rapid Spin|[of] p1a: Excadrill
|-sideend|p1: Dan Smith|Stealth Rock|[from] move: Rapid Spin|[of] p1a: Excadrill
|-damage|p1a: Excadrill|143\/361|[from] item: Life Orb
|move|p2a: Landorus-Therian|Knock Off|p1a: Excadrill
|-damage|p1a: Excadrill|0 fnt
|-enditem|p1a: Excadrill|Life Orb|[from] move: Knock Off|[of] p2a: Landorus-Therian
|faint|p1a: Excadrill
|
|-heal|p2a: Landorus-Therian|382\/382|[from] item: Leftovers
|
|switch|p1a: Latios|Latios, M|157\/301
|turn|29
|
|move|p1a: Latios|Draco Meteor|p2a: Landorus-Therian
|-damage|p2a: Landorus-Therian|0 fnt
|-unboost|p1a: Latios|spa|2
|-damage|p1a: Latios|127\/301|[from] item: Life Orb
|faint|p2a: Landorus-Therian
|
|
|switch|p2a: Diancie|Diancie-Mega|241\/241
|-damage|p2a: Diancie|211\/241|[from] Stealth Rock
|turn|30
|
|move|p1a: Latios|Roost|p1a: Latios
|-heal|p1a: Latios|278\/301
|move|p2a: Diancie|Moonblast|p1a: Latios
|-supereffective|p1a: Latios
|-damage|p1a: Latios|0 fnt
|faint|p1a: Latios
|
|
|switch|p1a: Hippowdon|Hippowdon, F|239\/420
|-weather|Sandstorm
|turn|31
|
|switch|p2a: Milotic|Milotic, F, shiny|393\/393
|-damage|p2a: Milotic|344\/393|[from] Stealth Rock
|move|p1a: Hippowdon|Slack Off|p1a: Hippowdon
|-heal|p1a: Hippowdon|420\/420
|
|-weather|Sandstorm|[upkeep]
|-damage|p2a: Milotic|320\/393|[from] sandstorm
|-heal|p2a: Milotic|344\/393|[from] item: Leftovers
|turn|32
|
|switch|p1a: Altaria|Altaria, F|297\/297
|move|p2a: Milotic|Scald|p1a: Altaria
|-resisted|p1a: Altaria
|-damage|p1a: Altaria|251\/297
|
|-weather|Sandstorm|[upkeep]
|-damage|p1a: Altaria|233\/297|[from] sandstorm
|-damage|p2a: Milotic|320\/393|[from] sandstorm
|-heal|p2a: Milotic|344\/393|[from] item: Leftovers
|turn|33
|
|detailschange|p1a: Altaria|Altaria-Mega, F
|-mega|p1a: Altaria|Altaria|Altarianite
|move|p1a: Altaria|Hyper Voice|p2a: Milotic
|-damage|p2a: Milotic|175\/393
|move|p2a: Milotic|Ice Beam|p1a: Altaria
|-supereffective|p1a: Altaria
|-damage|p1a: Altaria|109\/297
|
|-weather|Sandstorm|[upkeep]
|-damage|p1a: Altaria|91\/297|[from] sandstorm
|-damage|p2a: Milotic|151\/393|[from] sandstorm
|-heal|p2a: Milotic|175\/393|[from] item: Leftovers
|turn|34
|
|move|p1a: Altaria|Hyper Voice|p2a: Milotic
|-damage|p2a: Milotic|1\/393
|move|p2a: Milotic|Recover|p2a: Milotic
|-heal|p2a: Milotic|198\/393
|
|-weather|Sandstorm|[upkeep]
|-damage|p1a: Altaria|73\/297|[from] sandstorm
|-damage|p2a: Milotic|174\/393|[from] sandstorm
|-heal|p2a: Milotic|198\/393|[from] item: Leftovers
|turn|35
|
|move|p1a: Altaria|Hyper Voice|p2a: Milotic
|-damage|p2a: Milotic|20\/393
|move|p2a: Milotic|Recover|p2a: Milotic
|-heal|p2a: Milotic|217\/393
|
|-weather|none
|-heal|p2a: Milotic|241\/393|[from] item: Leftovers
|turn|36
|
|move|p1a: Altaria|Hyper Voice|p2a: Milotic
|-damage|p2a: Milotic|85\/393
|move|p2a: Milotic|Recover|p2a: Milotic
|-heal|p2a: Milotic|282\/393
|
|-heal|p2a: Milotic|306\/393|[from] item: Leftovers
|turn|37
|
|move|p1a: Altaria|Roost|p1a: Altaria
|-heal|p1a: Altaria|222\/297
|move|p2a: Milotic|Recover|p2a: Milotic
|-heal|p2a: Milotic|393\/393
|
|turn|38
|
|move|p1a: Altaria|Roost|p1a: Altaria
|-heal|p1a: Altaria|297\/297
|move|p2a: Milotic|Ice Beam|p1a: Altaria
|-supereffective|p1a: Altaria
|-damage|p1a: Altaria|169\/297
|
|turn|39
|
|move|p1a: Altaria|Hyper Voice|p2a: Milotic
|-damage|p2a: Milotic|225\/393
|move|p2a: Milotic|Ice Beam|p1a: Altaria
|-supereffective|p1a: Altaria
|-damage|p1a: Altaria|29\/297
|
|-heal|p2a: Milotic|249\/393|[from] item: Leftovers
|turn|40
|
|move|p1a: Altaria|Hyper Voice|p2a: Milotic
|-damage|p2a: Milotic|84\/393
|move|p2a: Milotic|Ice Beam|p1a: Altaria
|-supereffective|p1a: Altaria
|-damage|p1a: Altaria|0 fnt
|faint|p1a: Altaria
|
|-heal|p2a: Milotic|108\/393|[from] item: Leftovers
|
|switch|p1a: Volcarona|Volcarona, F|335\/335
|turn|41
|
|move|p1a: Volcarona|Quiver Dance|p1a: Volcarona
|-boost|p1a: Volcarona|spa|1
|-boost|p1a: Volcarona|spd|1
|-boost|p1a: Volcarona|spe|1
|move|p2a: Milotic|Haze|p2a: Milotic
|-clearallboost
|
|-heal|p2a: Milotic|132\/393|[from] item: Leftovers
|turn|42
|
|switch|p2a: Ferrothorn|Ferrothorn, M|105\/352
|-damage|p2a: Ferrothorn|83\/352|[from] Stealth Rock
|move|p1a: Volcarona|Giga Drain|p2a: Ferrothorn
|-resisted|p2a: Ferrothorn
|-damage|p2a: Ferrothorn|67\/352
|
|turn|43
|
|move|p1a: Volcarona|Fire Blast|p2a: Ferrothorn
|-supereffective|p2a: Ferrothorn
|-damage|p2a: Ferrothorn|0 fnt
|faint|p2a: Ferrothorn
|
|
|switch|p2a: Diancie|Diancie-Mega|211\/241
|-damage|p2a: Diancie|181\/241|[from] Stealth Rock
|turn|44
|
|switch|p1a: Hippowdon|Hippowdon, F|420\/420
|-weather|Sandstorm
|move|p2a: Diancie|Diamond Storm|p1a: Hippowdon
|-resisted|p1a: Hippowdon
|-damage|p1a: Hippowdon|345\/420
|-boost|p2a: Diancie|def|1
|
|-weather|Sandstorm|[upkeep]
|turn|45
|
|switch|p2a: Latios|Latios, M|92\/309
|-damage|p2a: Latios|54\/309|[from] Stealth Rock
|move|p1a: Hippowdon|Slack Off|p1a: Hippowdon
|-heal|p1a: Hippowdon|420\/420
|
|-weather|Sandstorm|[upkeep]
|-damage|p2a: Latios|35\/309|[from] sandstorm
|turn|46
|
|move|p2a: Latios|Defog|p1a: Hippowdon
|-unboost|p1a: Hippowdon|evasion|1
|-sideend|p2: miloticisou|Stealth Rock|[from] move: Defog|[of] p2a: Latios
|move|p1a: Hippowdon|Stone Edge|p2a: Latios
|-damage|p2a: Latios|0 fnt
|faint|p2a: Latios
|
|-weather|Sandstorm|[upkeep]
|
|switch|p2a: Milotic|Milotic, F, shiny|132\/393
|turn|47
|
|move|p2a: Milotic|Recover|p2a: Milotic
|-heal|p2a: Milotic|329\/393
|move|p1a: Hippowdon|Stealth Rock|p2a: Milotic
|-sidestart|p2: miloticisou|move: Stealth Rock
|
|-weather|Sandstorm|[upkeep]
|-damage|p2a: Milotic|305\/393|[from] sandstorm
|-heal|p2a: Milotic|329\/393|[from] item: Leftovers
|turn|48
|
|switch|p1a: Volcarona|Volcarona, F|335\/335
|move|p2a: Milotic|Scald|p1a: Volcarona
|-supereffective|p1a: Volcarona
|-damage|p1a: Volcarona|143\/335
|
|-weather|none
|-heal|p2a: Milotic|353\/393|[from] item: Leftovers
|turn|49
|
|move|p1a: Volcarona|Giga Drain|p2a: Milotic
|-supereffective|p2a: Milotic
|-damage|p2a: Milotic|189\/393
|-heal|p1a: Volcarona|225\/335|[from] drain|[of] p2a: Milotic
|move|p2a: Milotic|Scald|p1a: Volcarona
|-supereffective|p1a: Volcarona
|-damage|p1a: Volcarona|39\/335
|
|-heal|p2a: Milotic|213\/393|[from] item: Leftovers
|turn|50
|
|move|p1a: Volcarona|Giga Drain|p2a: Milotic
|-supereffective|p2a: Milotic
|-damage|p2a: Milotic|45\/393
|-heal|p1a: Volcarona|123\/335|[from] drain|[of] p2a: Milotic
|move|p2a: Milotic|Scald|p1a: Volcarona
|-supereffective|p1a: Volcarona
|-damage|p1a: Volcarona|0 fnt
|faint|p1a: Volcarona
|
|-heal|p2a: Milotic|69\/393|[from] item: Leftovers
|
|switch|p1a: Hippowdon|Hippowdon, F|420\/420
|-weather|Sandstorm
|turn|51
|c|★miloticisou|gg
|
|move|p2a: Milotic|Recover|p2a: Milotic
|-heal|p2a: Milotic|266\/393
|move|p1a: Hippowdon|Earthquake|p2a: Milotic
|-damage|p2a: Milotic|155\/393
|
|-weather|Sandstorm|[upkeep]
|-damage|p2a: Milotic|131\/393|[from] sandstorm
|-heal|p2a: Milotic|155\/393|[from] item: Leftovers
|turn|52
|c|★Dan Smith|gg
|-message|Dan Smith forfeited.
|
|win|miloticisou
|raw|Ladder updating...
|leave|Dan Smith
|player|p1
|raw|Dan Smith's rating: 1529 &rarr; <strong>1507<\/strong><br \/>(-22 for losing)
|raw|miloticisou's rating: 1486 &rarr; <strong>1508<\/strong><br \/>(+22 for winning)