|join|paleo
|join|Shaneee
|player|p1|paleo|168
|player|p2|Shaneee|265
|gametype|singles
|gen|6
|tier|UU
|rated
|rule|Sleep Clause Mod: Limit one foe put to sleep
|rule|Species Clause: Limit one of each Pokémon
|rule|OHKO Clause: OHKO moves are banned
|rule|Moody Clause: Moody is banned
|rule|Evasion Moves Clause: Evasion moves are banned
|rule|Endless Battle Clause: Forcing endless battles is banned
|rule|HP Percentage Mod: HP is reported as percentages
|clearpoke
|poke|p1|Victini
|poke|p1|Ampharos, M
|poke|p1|Honchkrow, M
|poke|p1|Forretress, F
|poke|p1|Slowbro, F
|poke|p1|Blissey, F
|poke|p2|Darmanitan, M
|poke|p2|Snorlax, M
|poke|p2|Gligar, F
|poke|p2|Heracross, M
|poke|p2|Alomomola, M
|poke|p2|Ampharos, F
|rule|Swagger Clause: Swagger is banned
|rule|Baton Pass Clause: Limit one Pokémon knowing Baton Pass
|teampreview
|
|start
|switch|p1a: Victini|Victini|341\/341
|switch|p2a: Ampharos|Ampharos, F|384\/384
|turn|1
|
|detailschange|p2a: Ampharos|Ampharos-Mega, F
|message|Ampharos has Mega Evolved into Mega Ampharos!
|-ability|p2a: Ampharos|Mold Breaker
|move|p1a: Victini|U-turn|p2a: Ampharos
|-damage|p2a: Ampharos|287\/384
|
|switch|p1a: Blissey|Blissey, F|714\/714
|move|p2a: Ampharos|Thunderbolt|p1a: Blissey
|-damage|p1a: Blissey|554\/714
|
|-heal|p1a: Blissey|598\/714|[from] item: Leftovers
|turn|2
|
|switch|p2a: Gligar|Gligar, F|334\/334
|move|p1a: Blissey|Wish|p1a: Blissey
|
|-heal|p1a: Blissey|642\/714|[from] item: Leftovers
|turn|3
|
|switch|p1a: Forretress|Forretress, F|354\/354
|move|p2a: Gligar|Stealth Rock|p1a: Forretress
|-sidestart|p1: paleo|move: Stealth Rock
|
|turn|4
|
|switch|p2a: Alomomola|Alomomola, M|534\/534
|move|p1a: Forretress|Stealth Rock|p2a: Alomomola
|-sidestart|p2: Shaneee|move: Stealth Rock
|
|turn|5
|
|move|p2a: Alomomola|Soak|p1a: Forretress
|-start|p1a: Forretress|typechange|Water
|move|p1a: Forretress|Rapid Spin|p2a: Alomomola
|-damage|p2a: Alomomola|522\/534
|-sideend|p1: paleo|Stealth Rock|[from] move: Rapid Spin|[of] p1a: Forretress
|
|turn|6
|
|switch|p1a: Blissey|Blissey, F|642\/714
|move|p2a: Alomomola|Toxic|p1a: Blissey
|-status|p1a: Blissey|tox
|
|-heal|p1a: Blissey|686\/714 tox|[from] item: Leftovers
|-damage|p1a: Blissey|642\/714 tox|[from] psn
|turn|7
|
|move|p2a: Alomomola|Toxic|p1a: Blissey|[miss]
|-miss|p2a: Alomomola|p1a: Blissey
|move|p1a: Blissey|Toxic|p2a: Alomomola
|-status|p2a: Alomomola|tox
|
|-heal|p1a: Blissey|686\/714 tox|[from] item: Leftovers
|-damage|p2a: Alomomola|489\/534 tox|[from] psn
|-damage|p1a: Blissey|598\/714 tox|[from] psn
|turn|8
|
|switch|p2a: Gligar|Gligar, F|334\/334
|-damage|p2a: Gligar|293\/334|[from] Stealth Rock
|move|p1a: Blissey|Wish|p1a: Blissey
|
|-heal|p1a: Blissey|642\/714 tox|[from] item: Leftovers
|-damage|p1a: Blissey|510\/714 tox|[from] psn
|turn|9
|
|switch|p1a: Slowbro|Slowbro, F|394\/394
|move|p2a: Gligar|U-turn|p1a: Slowbro
|-supereffective|p1a: Slowbro
|-damage|p1a: Slowbro|338\/394
|-damage|p2a: Gligar|238\/334|[from] item: Rocky Helmet|[of] p1a: Slowbro
|
|switch|p2a: Ampharos|Ampharos-Mega, F|287\/384
|-damage|p2a: Ampharos|239\/384|[from] Stealth Rock
|-ability|p2a: Ampharos|Mold Breaker
|
|-heal|p1a: Slowbro|394\/394|[from] move: Wish|[wisher] Blissey
|turn|10
|
|switch|p2a: Gligar|Gligar, F|238\/334
|-damage|p2a: Gligar|197\/334|[from] Stealth Rock
|switch|p1a: Blissey|Blissey, F|510\/714
|
|-heal|p1a: Blissey|554\/714|[from] item: Leftovers
|turn|11
|
|switch|p1a: Forretress|Forretress, F|354\/354
|move|p2a: Gligar|Stealth Rock|p1a: Forretress
|-sidestart|p1: paleo|move: Stealth Rock
|
|turn|12
|
|move|p2a: Gligar|Roost|p2a: Gligar
|-heal|p2a: Gligar|334\/334
|move|p1a: Forretress|Rapid Spin|p2a: Gligar
|-damage|p2a: Gligar|326\/334
|-sideend|p1: paleo|Stealth Rock|[from] move: Rapid Spin|[of] p1a: Forretress
|
|turn|13
|
|switch|p1a: Slowbro|Slowbro, F|394\/394
|move|p2a: Gligar|Defog|p1a: Slowbro
|-unboost|p1a: Slowbro|evasion|1
|-sideend|p2: Shaneee|Stealth Rock|[from] move: Defog|[of] p2a: Gligar
|
|turn|14
|
|switch|p2a: Rob Ford|Snorlax, M|524\/524
|move|p1a: Slowbro|Scald|p2a: Rob Ford
|-damage|p2a: Rob Ford|457\/524
|-status|p2a: Rob Ford|brn
|
|-heal|p2a: Rob Ford|489\/524 brn|[from] item: Leftovers
|-damage|p2a: Rob Ford|424\/524 brn|[from] brn
|turn|15
|
|switch|p1a: Victini|Victini|341\/341
|move|p2a: Rob Ford|Curse|p2a: Rob Ford
|-boost|p2a: Rob Ford|atk|1
|-boost|p2a: Rob Ford|def|1
|-unboost|p2a: Rob Ford|spe|1
|
|-heal|p2a: Rob Ford|456\/524 brn|[from] item: Leftovers
|-damage|p2a: Rob Ford|391\/524 brn|[from] brn
|turn|16
|
|switch|p2a: Ampharos|Ampharos-Mega, F|239\/384
|-ability|p2a: Ampharos|Mold Breaker
|move|p1a: Victini|Trick|p2a: Ampharos
|-fail|p2a: Ampharos
|
|turn|17
|
|switch|p1a: Blissey|Blissey, F|554\/714
|move|p2a: Ampharos|Signal Beam|p1a: Blissey
|-damage|p1a: Blissey|469\/714
|
|-heal|p1a: Blissey|513\/714|[from] item: Leftovers
|turn|18
|
|switch|p2a: Rob Ford|Snorlax, M|391\/524 brn
|move|p1a: Blissey|Soft-Boiled|p1a: Blissey
|-heal|p1a: Blissey|714\/714
|
|-heal|p2a: Rob Ford|423\/524 brn|[from] item: Leftovers
|-damage|p2a: Rob Ford|358\/524 brn|[from] brn
|turn|19
|
|move|p1a: Blissey|Wish|p1a: Blissey
|move|p2a: Rob Ford|Rest|p2a: Rob Ford
|-status|p2a: Rob Ford|slp
|-heal|p2a: Rob Ford|524\/524 slp|[silent]
|-status|p2a: Rob Ford|slp|[from] move: Rest
|
|turn|20
|
|switch|p1a: Victini|Victini|341\/341
|cant|p2a: Rob Ford|slp
|move|p2a: Rob Ford|Sleep Talk|p2a: Rob Ford
|move|p2a: Rob Ford|Rest|p2a: Rob Ford|[from]Sleep Talk
|-fail|p2a: Rob Ford
|
|turn|21
|
|move|p1a: Victini|U-turn|p2a: Rob Ford
|-damage|p2a: Rob Ford|384\/524 slp
|
|switch|p1a: Forretress|Forretress, F|354\/354
|cant|p2a: Rob Ford|slp
|
|-heal|p2a: Rob Ford|416\/524 slp|[from] item: Leftovers
|turn|22
|
|-curestatus|p2a: Rob Ford|slp
|move|p2a: Rob Ford|Curse|p2a: Rob Ford
|-boost|p2a: Rob Ford|atk|1
|-boost|p2a: Rob Ford|def|1
|-unboost|p2a: Rob Ford|spe|1
|move|p1a: Forretress|Volt Switch|p2a: Rob Ford
|-damage|p2a: Rob Ford|392\/524
|
|switch|p1a: Victini|Victini|341\/341
|
|-heal|p2a: Rob Ford|424\/524|[from] item: Leftovers
|turn|23
|
|switch|p2a: Ampharos|Ampharos-Mega, F|239\/384
|-ability|p2a: Ampharos|Mold Breaker
|move|p1a: Victini|U-turn|p2a: Ampharos
|-damage|p2a: Ampharos|142\/384
|
|switch|p1a: Ampharos|Ampharos, M|351\/351
|
|turn|24
|
|switch|p2a: Rob Ford|Snorlax, M|424\/524
|detailschange|p1a: Ampharos|Ampharos-Mega, M
|message|Ampharos has Mega Evolved into Mega Ampharos!
|-ability|p1a: Ampharos|Mold Breaker
|move|p1a: Ampharos|Dragon Pulse|p2a: Rob Ford
|-damage|p2a: Rob Ford|297\/524
|
|-heal|p2a: Rob Ford|329\/524|[from] item: Leftovers
|turn|25
|
|move|p1a: Ampharos|Volt Switch|p2a: Rob Ford
|-damage|p2a: Rob Ford|220\/524
|
|switch|p1a: Forretress|Forretress, F|354\/354
|move|p2a: Rob Ford|Frustration|p1a: Forretress
|-resisted|p1a: Forretress
|-damage|p1a: Forretress|320\/354
|
|-heal|p2a: Rob Ford|252\/524|[from] item: Leftovers
|-heal|p1a: Forretress|342\/354|[from] item: Leftovers
|turn|26
|
|switch|p2a: Gligar|Gligar, F|326\/334
|move|p1a: Forretress|Stealth Rock|p2a: Gligar
|-sidestart|p2: Shaneee|move: Stealth Rock
|
|-heal|p1a: Forretress|354\/354|[from] item: Leftovers
|turn|27
|
|switch|p1a: Slowbro|Slowbro, F|394\/394
|move|p2a: Gligar|Stealth Rock|p1a: Slowbro
|-sidestart|p1: paleo|move: Stealth Rock
|
|turn|28
|
|move|p2a: Gligar|U-turn|p1a: Slowbro
|-supereffective|p1a: Slowbro
|-damage|p1a: Slowbro|330\/394
|-damage|p2a: Gligar|271\/334|[from] item: Rocky Helmet|[of] p1a: Slowbro
|
|switch|p2a: Ampharos|Ampharos-Mega, F|142\/384
|-damage|p2a: Ampharos|94\/384|[from] Stealth Rock
|-ability|p2a: Ampharos|Mold Breaker
|move|p1a: Slowbro|Scald|p2a: Ampharos
|-resisted|p2a: Ampharos
|-damage|p2a: Ampharos|53\/384
|
|turn|29
|
|switch|p2a: Alomomola|Alomomola, M|534\/534 tox
|-damage|p2a: Alomomola|468\/534 tox|[from] Stealth Rock
|switch|p1a: Blissey|Blissey, F|714\/714
|-damage|p1a: Blissey|625\/714|[from] Stealth Rock
|
|-heal|p1a: Blissey|669\/714|[from] item: Leftovers
|-damage|p2a: Alomomola|435\/534 tox|[from] psn
|turn|30
|
|move|p2a: Alomomola|Toxic|p1a: Blissey
|-status|p1a: Blissey|tox
|move|p1a: Blissey|Wish|p1a: Blissey
|
|-heal|p1a: Blissey|713\/714 tox|[from] item: Leftovers
|-damage|p2a: Alomomola|369\/534 tox|[from] psn
|-damage|p1a: Blissey|669\/714 tox|[from] psn
|turn|31
|
|switch|p1a: Forretress|Forretress, F|354\/354
|-damage|p1a: Forretress|310\/354|[from] Stealth Rock
|move|p2a: Alomomola|Wish|p2a: Alomomola
|
|-heal|p1a: Forretress|354\/354|[from] move: Wish|[wisher] Blissey
|-damage|p2a: Alomomola|270\/534 tox|[from] psn
|turn|32
|
|switch|p2a: Ampharos|Ampharos-Mega, F|53\/384
|-damage|p2a: Ampharos|5\/384|[from] Stealth Rock
|-ability|p2a: Ampharos|Mold Breaker
|move|p1a: Forretress|Rapid Spin|p2a: Ampharos
|-damage|p2a: Ampharos|0 fnt
|-sideend|p1: paleo|Stealth Rock|[from] move: Rapid Spin|[of] p1a: Forretress
|faint|p2a: Ampharos
|
|
|switch|p2a: Gligar|Gligar, F|271\/334
|-damage|p2a: Gligar|230\/334|[from] Stealth Rock
|turn|33
|
|switch|p1a: Slowbro|Slowbro, F|394\/394
|move|p2a: Gligar|Defog|p1a: Slowbro
|-unboost|p1a: Slowbro|evasion|1
|-sideend|p2: Shaneee|Stealth Rock|[from] move: Defog|[of] p2a: Gligar
|
|turn|34
|
|switch|p2a: Rob Ford|Snorlax, M|252\/524
|move|p1a: Slowbro|Psyshock|p2a: Rob Ford
|-damage|p2a: Rob Ford|108\/524
|
|-heal|p2a: Rob Ford|140\/524|[from] item: Leftovers
|turn|35
|
|move|p2a: Rob Ford|Rest|p2a: Rob Ford
|-status|p2a: Rob Ford|slp
|-heal|p2a: Rob Ford|524\/524 slp|[silent]
|-status|p2a: Rob Ford|slp|[from] move: Rest
|move|p1a: Slowbro|Psyshock|p2a: Rob Ford
|-damage|p2a: Rob Ford|377\/524 slp
|
|-heal|p2a: Rob Ford|409\/524 slp|[from] item: Leftovers
|turn|36
|-message|Shaneee forfeited.
|
|win|paleo
|raw|Ladder updating...
|leave|Shaneee
|player|p2
|raw|paleo's rating: 1625 &rarr; <strong>1641<\/strong><br \/>(+16 for winning)
|raw|Shaneee's rating: 1560 &rarr; <strong>1544<\/strong><br \/>(-16 for losing)