|join|pokemonisfun
|join|Shaneee
|player|p1|pokemonisfun|184
|player|p2|Shaneee|2
|gametype|singles
|gen|6
|tier|UU
|rated
|rule|Sleep Clause Mod: Limit one foe put to sleep
|rule|Species Clause: Limit one of each Pokémon
|rule|OHKO Clause: OHKO moves are banned
|rule|Moody Clause: Moody is banned
|rule|Evasion Moves Clause: Evasion moves are banned
|rule|Endless Battle Clause: Forcing endless battles is banned
|rule|HP Percentage Mod: HP is reported as percentages
|clearpoke
|poke|p1|Haxorus, F
|poke|p1|Absol, F
|poke|p1|Lucario, F
|poke|p1|Infernape, F
|poke|p1|Azelf
|poke|p1|Suicune
|poke|p2|Darmanitan, F
|poke|p2|Snorlax, F
|poke|p2|Gligar, F
|poke|p2|Heracross, F
|poke|p2|Raikou
|poke|p2|Celebi
|rule|Swagger Clause: Swagger is banned
|rule|Baton Pass Clause: Limit one Pokémon knowing Baton Pass
|teampreview
|
|start
|switch|p1a: Azelf|Azelf|291\/291
|switch|p2a: Raikou|Raikou|322\/322
|-ability|p2a: Raikou|Pressure
|turn|1
|
|move|p1a: Azelf|Stealth Rock|p2a: Raikou
|-sidestart|p2: Shaneee|move: Stealth Rock
|move|p2a: Raikou|Volt Switch|p1a: Azelf
|-damage|p1a: Azelf|57\/291
|
|switch|p2a: Heracross|Heracross, F|302\/302
|-damage|p2a: Heracross|265\/302|[from] Stealth Rock
|
|turn|2
|
|move|p2a: Heracross|Close Combat|p1a: Azelf
|-resisted|p1a: Azelf
|-damage|p1a: Azelf|0 fnt
|-unboost|p2a: Heracross|def|1
|-unboost|p2a: Heracross|spd|1
|faint|p1a: Azelf
|-boost|p2a: Heracross|atk|1|[from] ability: Moxie
|
|
|switch|p1a: Infernape|Infernape, F|293\/293
|turn|3
|
|move|p1a: Infernape|Flare Blitz|p2a: Heracross
|-crit|p2a: Heracross
|-supereffective|p2a: Heracross
|-damage|p2a: Heracross|0 fnt
|-damage|p1a: Infernape|206\/293|[from] recoil|[of] p2a: Heracross
|faint|p2a: Heracross
|
|
|switch|p2a: Gligar|Gligar, F|334\/334
|-damage|p2a: Gligar|293\/334|[from] Stealth Rock
|turn|4
|
|switch|p1a: Absol|Absol, F|271\/271
|move|p2a: Gligar|Stealth Rock|p1a: Absol
|-sidestart|p1: pokemonisfun|move: Stealth Rock
|
|turn|5
|
|detailschange|p1a: Absol|Absol-Mega, F
|message|Absol has Mega Evolved into Mega Absol!
|move|p1a: Absol|Knock Off|p2a: Gligar
|-damage|p2a: Gligar|206\/334
|-enditem|p2a: Gligar|Eviolite|[from] move: Knock Off|[of] p1a: Absol
|move|p2a: Gligar|U-turn|p1a: Absol
|-supereffective|p1a: Absol
|-damage|p1a: Absol|141\/271
|
|switch|p2a: Raikou|Raikou|322\/322
|-damage|p2a: Raikou|282\/322|[from] Stealth Rock
|-ability|p2a: Raikou|Pressure
|
|turn|6
|
|move|p1a: Absol|Sucker Punch|p2a: Raikou
|-damage|p2a: Raikou|89\/322
|move|p2a: Raikou|Volt Switch|p1a: Absol
|-damage|p1a: Absol|0 fnt
|faint|p1a: Absol
|
|switch|p2a: Celebi|Celebi|341\/341
|-damage|p2a: Celebi|299\/341|[from] Stealth Rock
|
|-heal|p2a: Celebi|320\/341|[from] item: Leftovers
|
|switch|p1a: Infernape|Infernape, F|206\/293
|-damage|p1a: Infernape|170\/293|[from] Stealth Rock
|turn|7
|
|switch|p2a: Rob Ford|Snorlax, F|524\/524
|-damage|p2a: Rob Ford|459\/524|[from] Stealth Rock
|move|p1a: Infernape|U-turn|p2a: Rob Ford
|-damage|p2a: Rob Ford|354\/524
|chat|pokemonisfun|are you tryin gto say something about rob ford
|
|switch|p1a: Lucario|Lucario, F|281\/281
|-damage|p1a: Lucario|273\/281|[from] Stealth Rock
|
|-heal|p2a: Rob Ford|386\/524|[from] item: Leftovers
|turn|8
|chat|Shaneee|dont they look exactly alike
|
|switch|p2a: Celebi|Celebi|320\/341
|-damage|p2a: Celebi|278\/341|[from] Stealth Rock
|move|p1a: Lucario|Close Combat|p2a: Celebi
|-resisted|p2a: Celebi
|-damage|p2a: Celebi|142\/341
|-unboost|p1a: Lucario|def|1
|-unboost|p1a: Lucario|spd|1
|-damage|p1a: Lucario|245\/281|[from] item: Life Orb
|
|-heal|p2a: Celebi|163\/341|[from] item: Leftovers
|turn|9
|chat|Shaneee|even snorlax looks like hes on crack
|
|move|p1a: Lucario|Extreme Speed|p2a: Celebi
|-damage|p2a: Celebi|37\/341
|-damage|p1a: Lucario|217\/281|[from] item: Life Orb
|move|p2a: Celebi|Psychic|p1a: Lucario
|-crit|p1a: Lucario
|-damage|p1a: Lucario|0 fnt
|faint|p1a: Lucario
|
|-heal|p2a: Celebi|58\/341|[from] item: Leftovers
|
|switch|p1a: Infernape|Infernape, F|170\/293
|-damage|p1a: Infernape|134\/293|[from] Stealth Rock
|turn|10
|chat|pokemonisfun|you are teh lulz
|
|switch|p2a: Gligar|Gligar, F|206\/334
|-damage|p2a: Gligar|165\/334|[from] Stealth Rock
|move|p1a: Infernape|U-turn|p2a: Gligar
|-resisted|p2a: Gligar
|-damage|p2a: Gligar|139\/334
|
|switch|p1a: Haxorus|Haxorus, F|293\/293
|-damage|p1a: Haxorus|257\/293|[from] Stealth Rock
|-ability|p1a: Haxorus|Mold Breaker
|
|turn|11
|
|move|p1a: Haxorus|Dragon Dance|p1a: Haxorus
|-boost|p1a: Haxorus|atk|1
|-boost|p1a: Haxorus|spe|1
|move|p2a: Gligar|U-turn|p1a: Haxorus
|-crit|p1a: Haxorus
|-damage|p1a: Haxorus|184\/293
|
|switch|p2a: Darmanitan|Darmanitan, F|351\/351
|-damage|p2a: Darmanitan|264\/351|[from] Stealth Rock
|
|turn|12
|
|move|p1a: Haxorus|Earthquake|p2a: Darmanitan
|-supereffective|p2a: Darmanitan
|-damage|p2a: Darmanitan|0 fnt
|faint|p2a: Darmanitan
|
|
|switch|p2a: Rob Ford|Snorlax, F|386\/524
|-damage|p2a: Rob Ford|321\/524|[from] Stealth Rock
|turn|13
|
|move|p1a: Haxorus|Dragon Claw|p2a: Rob Ford
|-damage|p2a: Rob Ford|15\/524
|move|p2a: Rob Ford|Frustration|p1a: Haxorus
|-damage|p1a: Haxorus|54\/293
|
|-heal|p2a: Rob Ford|47\/524|[from] item: Leftovers
|turn|14
|
|move|p1a: Haxorus|Dragon Claw|p2a: Rob Ford
|-damage|p2a: Rob Ford|0 fnt
|faint|p2a: Rob Ford
|
|
|switch|p2a: Gligar|Gligar, F|139\/334
|-damage|p2a: Gligar|98\/334|[from] Stealth Rock
|turn|15
|
|move|p1a: Haxorus|Dragon Claw|p2a: Gligar
|-damage|p2a: Gligar|0 fnt
|faint|p2a: Gligar
|
|
|switch|p2a: Celebi|Celebi|58\/341
|-damage|p2a: Celebi|16\/341|[from] Stealth Rock
|turn|16
|
|move|p1a: Haxorus|Dragon Claw|p2a: Celebi
|-damage|p2a: Celebi|0 fnt
|faint|p2a: Celebi
|
|
|switch|p2a: Raikou|Raikou|89\/322
|-damage|p2a: Raikou|49\/322|[from] Stealth Rock
|-ability|p2a: Raikou|Pressure
|turn|17
|
|move|p1a: Haxorus|Earthquake|p2a: Raikou
|-supereffective|p2a: Raikou
|-damage|p2a: Raikou|0 fnt
|faint|p2a: Raikou
|
|win|pokemonisfun
|raw|Ladder updating...
|raw|pokemonisfun's rating: 1539 &rarr; <strong>1564<\/strong><br \/>(+25 for winning)
|raw|Shaneee's rating: 1630 &rarr; <strong>1605<\/strong><br \/>(-25 for losing)