|join|Shaneee
|join|BFoxy
|player|p1|Shaneee|83
|player|p2|BFoxy|161
|gametype|singles
|gen|6
|tier|UU
|rated
|rule|Sleep Clause Mod: Limit one foe put to sleep
|rule|Species Clause: Limit one of each Pokémon
|rule|OHKO Clause: OHKO moves are banned
|rule|Moody Clause: Moody is banned
|rule|Evasion Moves Clause: Evasion moves are banned
|rule|Endless Battle Clause: Forcing endless battles is banned
|rule|HP Percentage Mod: HP is shown in percentages
|clearpoke
|poke|p1|Hydreigon, F
|poke|p1|Gligar, F, shiny
|poke|p1|Absol, F
|poke|p1|Jirachi
|poke|p1|Darmanitan, F
|poke|p1|Snorlax, F
|poke|p2|Doublade, F, shiny
|poke|p2|Granbull, M
|poke|p2|Blissey, F
|poke|p2|Houndoom, M
|poke|p2|Tentacruel, M
|poke|p2|Rotom-Mow
|rule|Swagger Clause: Swagger is banned
|rule|Baton Pass Clause: Limit one Pokémon knowing Baton Pass
|teampreview
|
|start
|switch|p1a: Born Sinner|Darmanitan, F|351\/351
|switch|p2a: Kraken|Tentacruel, M|361\/361
|turn|1
|
|move|p1a: Born Sinner|Earthquake|p2a: Kraken
|-supereffective|p2a: Kraken
|-damage|p2a: Kraken|0 fnt
|faint|p2a: Kraken
|
|
|switch|p2a: Landing Strip?|Rotom-Mow|241\/241
|turn|2
|
|switch|p1a: Fairy Food|Hydreigon, F|325\/325
|move|p2a: Landing Strip?|Volt Switch|p1a: Fairy Food
|-resisted|p1a: Fairy Food
|-damage|p1a: Fairy Food|262\/325
|
|switch|p2a: Boodro|Granbull, M|377\/377
|-ability|p2a: Boodro|Intimidate|[of] p1a: Fairy Food
|-unboost|p1a: Fairy Food|atk|1
|
|turn|3
|
|switch|p1a: ariana grande|Gligar, F, shiny|330\/330
|switch|p2a: Teen Mom|Blissey, F|651\/651
|
|turn|4
|
|move|p1a: ariana grande|Stealth Rock|p2a: Teen Mom
|-sidestart|p2: BFoxy|move: Stealth Rock
|move|p2a: Teen Mom|Toxic|p1a: ariana grande
|-status|p1a: ariana grande|tox
|
|-damage|p1a: ariana grande|310\/330 tox|[from] psn
|turn|5
|
|switch|p1a: Born Sinner|Darmanitan, F|351\/351
|move|p2a: Teen Mom|Stealth Rock|p1a: Born Sinner
|-sidestart|p1: Shaneee|move: Stealth Rock
|
|turn|6
|
|switch|p2a: Boodro|Granbull, M|377\/377
|-damage|p2a: Boodro|330\/377|[from] Stealth Rock
|-ability|p2a: Boodro|Intimidate|[of] p1a: Born Sinner
|-unboost|p1a: Born Sinner|atk|1
|move|p1a: Born Sinner|Rock Slide|p2a: Boodro
|-damage|p2a: Boodro|214\/377
|
|-heal|p2a: Boodro|237\/377|[from] item: Leftovers
|turn|7
|
|switch|p1a: ariana grande|Gligar, F, shiny|310\/330 tox
|-damage|p1a: ariana grande|269\/330 tox|[from] Stealth Rock
|switch|p2a: Cerberus|Houndoom, M|291\/291
|-damage|p2a: Cerberus|219\/291|[from] Stealth Rock
|
|-damage|p1a: ariana grande|249\/330 tox|[from] psn
|turn|8
|
|detailschange|p2a: Cerberus|Houndoom-Mega, M
|message|Houndoom has Mega Evolved into Mega Houndoom!
|move|p2a: Cerberus|Dark Pulse|p1a: ariana grande
|-damage|p1a: ariana grande|117\/330 tox
|move|p1a: ariana grande|Earthquake|p2a: Cerberus
|-supereffective|p2a: Cerberus
|-damage|p2a: Cerberus|3\/291
|
|-damage|p1a: ariana grande|77\/330 tox|[from] psn
|turn|9
|
|move|p2a: Cerberus|Dark Pulse|p1a: ariana grande
|-damage|p1a: ariana grande|0 fnt
|faint|p1a: ariana grande
|
|
|switch|p1a: Like A Star ♫|Jirachi|341\/341
|-damage|p1a: Like A Star ♫|320\/341|[from] Stealth Rock
|turn|10
|
|move|p2a: Cerberus|Sucker Punch|p1a: Like A Star ♫
|-supereffective|p1a: Like A Star ♫
|-damage|p1a: Like A Star ♫|150\/341
|move|p1a: Like A Star ♫|U-turn|p2a: Cerberus
|-damage|p2a: Cerberus|0 fnt
|faint|p2a: Cerberus
|
|switch|p1a: Born Sinner|Darmanitan, F|351\/351
|-damage|p1a: Born Sinner|264\/351|[from] Stealth Rock
|
|
|switch|p2a: Landing Strip?|Rotom-Mow|241\/241
|-damage|p2a: Landing Strip?|211\/241|[from] Stealth Rock
|turn|11
|
|switch|p1a: Rob Ford|Snorlax, F|524\/524
|-damage|p1a: Rob Ford|459\/524|[from] Stealth Rock
|move|p2a: Landing Strip?|Volt Switch|p1a: Rob Ford
|-damage|p1a: Rob Ford|387\/524
|
|switch|p2a: Venetia Shield|Doublade, F, shiny|309\/309
|-damage|p2a: Venetia Shield|290\/309|[from] Stealth Rock
|
|-heal|p1a: Rob Ford|419\/524|[from] item: Leftovers
|turn|12
|
|switch|p1a: Fairy Food|Hydreigon, F|262\/325
|-damage|p1a: Fairy Food|222\/325|[from] Stealth Rock
|move|p2a: Venetia Shield|Iron Head|p1a: Fairy Food
|-damage|p1a: Fairy Food|48\/325
|
|turn|13
|
|switch|p2a: Boodro|Granbull, M|237\/377
|-damage|p2a: Boodro|190\/377|[from] Stealth Rock
|-ability|p2a: Boodro|Intimidate|[of] p1a: Fairy Food
|-unboost|p1a: Fairy Food|atk|1
|move|p1a: Fairy Food|Dark Pulse|p2a: Boodro
|-resisted|p2a: Boodro
|-damage|p2a: Boodro|46\/377
|-damage|p1a: Fairy Food|16\/325|[from] item: Life Orb
|
|-heal|p2a: Boodro|69\/377|[from] item: Leftovers
|turn|14
|
|move|p1a: Fairy Food|Flash Cannon|p2a: Boodro
|-supereffective|p2a: Boodro
|-damage|p2a: Boodro|0 fnt
|-damage|p1a: Fairy Food|0 fnt|[from] item: Life Orb
|faint|p2a: Boodro
|faint|p1a: Fairy Food
|
|
|switch|p2a: Landing Strip?|Rotom-Mow|211\/241
|-damage|p2a: Landing Strip?|181\/241|[from] Stealth Rock
|switch|p1a: Absol|Absol, F|271\/271
|-damage|p1a: Absol|238\/271|[from] Stealth Rock
|turn|15
|
|detailschange|p1a: Absol|Absol-Mega, F
|message|Absol has Mega Evolved into Mega Absol!
|move|p2a: Landing Strip?|Volt Switch|p1a: Absol
|-damage|p1a: Absol|87\/271
|
|switch|p2a: Teen Mom|Blissey, F|651\/651
|-damage|p2a: Teen Mom|570\/651|[from] Stealth Rock
|move|p1a: Absol|Knock Off|p2a: Teen Mom
|-damage|p2a: Teen Mom|156\/651
|-enditem|p2a: Teen Mom|Leftovers|[from] move: Knock Off|[of] p1a: Absol
|
|turn|16
|
|move|p1a: Absol|Knock Off|p2a: Teen Mom
|-damage|p2a: Teen Mom|0 fnt
|faint|p2a: Teen Mom
|
|
|switch|p2a: Venetia Shield|Doublade, F, shiny|290\/309
|-damage|p2a: Venetia Shield|271\/309|[from] Stealth Rock
|turn|17
|
|move|p1a: Absol|Sucker Punch|p2a: Venetia Shield
|-fail|p2a: Venetia Shield
|move|p2a: Venetia Shield|Swords Dance|p2a: Venetia Shield
|-boost|p2a: Venetia Shield|atk|2
|
|turn|18
|
|move|p1a: Absol|Sucker Punch|p2a: Venetia Shield
|-supereffective|p2a: Venetia Shield
|-damage|p2a: Venetia Shield|91\/309
|move|p2a: Venetia Shield|Shadow Sneak|p1a: Absol
|-resisted|p1a: Absol
|-damage|p1a: Absol|0 fnt
|faint|p1a: Absol
|
|
|switch|p1a: Born Sinner|Darmanitan, F|264\/351
|-damage|p1a: Born Sinner|177\/351|[from] Stealth Rock
|turn|19
|
|move|p2a: Venetia Shield|Shadow Sneak|p1a: Born Sinner
|-damage|p1a: Born Sinner|0 fnt
|faint|p1a: Born Sinner
|
|
|switch|p1a: Rob Ford|Snorlax, F|419\/524
|-damage|p1a: Rob Ford|354\/524|[from] Stealth Rock
|turn|20
|
|move|p2a: Venetia Shield|Iron Head|p1a: Rob Ford
|-damage|p1a: Rob Ford|0 fnt
|faint|p1a: Rob Ford
|
|
|switch|p1a: Like A Star ♫|Jirachi|150\/341
|-damage|p1a: Like A Star ♫|129\/341|[from] Stealth Rock
|turn|21
|
|move|p2a: Venetia Shield|Shadow Sneak|p1a: Like A Star ♫
|-crit|p1a: Like A Star ♫
|-supereffective|p1a: Like A Star ♫
|-damage|p1a: Like A Star ♫|0 fnt
|faint|p1a: Like A Star ♫
|
|win|BFoxy
|raw|Ladder updating...
|raw|Shaneee's rating: 1616 &rarr; <strong>1593<\/strong><br \/>(-23 for losing)
|raw|BFoxy's rating: 1564 &rarr; <strong>1587<\/strong><br \/>(+23 for winning)
|c|★Shaneee|gg