|join|Shaneee
|join|Stocke
|player|p1|Shaneee|169
|player|p2|Stocke|102
|gametype|singles
|gen|6
|tier|UU
|rated
|rule|Sleep Clause Mod: Limit one foe put to sleep
|rule|Species Clause: Limit one of each Pokémon
|rule|OHKO Clause: OHKO moves are banned
|rule|Moody Clause: Moody is banned
|rule|Evasion Moves Clause: Evasion moves are banned
|rule|Endless Battle Clause: Forcing endless battles is banned
|rule|HP Percentage Mod: HP is reported as percentages
|clearpoke
|poke|p1|Darmanitan, F
|poke|p1|Snorlax, F
|poke|p1|Gligar, F
|poke|p1|Heracross, F
|poke|p1|Ampharos, M
|poke|p1|Haxorus, M
|poke|p2|Houndoom, M
|poke|p2|Gastrodon, M
|poke|p2|Heracross, M
|poke|p2|Forretress, M
|poke|p2|Crobat, M
|poke|p2|Hippowdon, M
|rule|Swagger Clause: Swagger is banned
|rule|Baton Pass Clause: Limit one Pokémon knowing Baton Pass
|teampreview
|
|start
|switch|p1a: Ampharos|Ampharos, M|384\/384
|switch|p2a: Hippowdon|Hippowdon, M|420\/420
|-weather|Sandstorm
|turn|1
|
|detailschange|p1a: Ampharos|Ampharos-Mega, M
|message|Ampharos has Mega Evolved into Mega Ampharos!
|-ability|p1a: Ampharos|Mold Breaker
|move|p1a: Ampharos|Hidden Power|p2a: Hippowdon
|-supereffective|p2a: Hippowdon
|-damage|p2a: Hippowdon|240\/420
|move|p2a: Hippowdon|Earthquake|p1a: Ampharos
|-supereffective|p1a: Ampharos
|-damage|p1a: Ampharos|124\/384
|
|-weather|Sandstorm|[upkeep]
|-damage|p1a: Ampharos|100\/384|[from] sandstorm
|-heal|p2a: Hippowdon|266\/420|[from] item: Leftovers
|turn|2
|
|switch|p1a: Gligar|Gligar, F|334\/334
|move|p2a: Hippowdon|Slack Off|p2a: Hippowdon
|-heal|p2a: Hippowdon|420\/420
|
|-weather|Sandstorm|[upkeep]
|turn|3
|
|switch|p2a: Forretress|Forretress, M|354\/354
|move|p1a: Gligar|Stealth Rock|p2a: Forretress
|-sidestart|p2: Stocke|move: Stealth Rock
|
|-weather|Sandstorm|[upkeep]
|turn|4
|
|move|p1a: Gligar|U-turn|p2a: Forretress
|-resisted|p2a: Forretress
|-damage|p2a: Forretress|338\/354
|
|switch|p1a: Haxorus|Haxorus, M|302\/302
|-ability|p1a: Haxorus|Mold Breaker
|move|p2a: Forretress|Rapid Spin|p1a: Haxorus
|-damage|p1a: Haxorus|285\/302
|-sideend|p2: Stocke|Stealth Rock|[from] move: Rapid Spin|[of] p2a: Forretress
|
|-weather|Sandstorm|[upkeep]
|-damage|p1a: Haxorus|267\/302|[from] sandstorm
|-heal|p2a: Forretress|354\/354|[from] item: Leftovers
|turn|5
|
|move|p1a: Haxorus|Dragon Dance|p1a: Haxorus
|-boost|p1a: Haxorus|atk|1
|-boost|p1a: Haxorus|spe|1
|move|p2a: Forretress|Gyro Ball|p1a: Haxorus
|-crit|p1a: Haxorus
|-damage|p1a: Haxorus|20\/302
|
|-weather|none
|turn|6
|
|move|p1a: Haxorus|Earthquake|p2a: Forretress
|-damage|p2a: Forretress|134\/354
|-damage|p1a: Haxorus|0 fnt|[from] item: Life Orb
|faint|p1a: Haxorus
|move|p2a: Forretress|Volt Switch|p1: Haxorus|[notarget]
|-notarget
|
|-heal|p2a: Forretress|156\/354|[from] item: Leftovers
|
|switch|p1a: Darmanitan|Darmanitan, F|351\/351
|turn|7
|
|switch|p2a: Gastrodon|Gastrodon, M|426\/426
|move|p1a: Darmanitan|Flare Blitz|p2a: Gastrodon
|-resisted|p2a: Gastrodon
|-damage|p2a: Gastrodon|198\/426
|-damage|p1a: Darmanitan|276\/351|[from] recoil|[of] p2a: Gastrodon
|
|-heal|p2a: Gastrodon|224\/426|[from] item: Leftovers
|turn|8
|
|move|p1a: Darmanitan|Flare Blitz|p2a: Gastrodon
|-resisted|p2a: Gastrodon
|-damage|p2a: Gastrodon|3\/426
|-damage|p1a: Darmanitan|203\/351|[from] recoil|[of] p2a: Gastrodon
|move|p2a: Gastrodon|Recover|p2a: Gastrodon
|-heal|p2a: Gastrodon|216\/426
|
|-heal|p2a: Gastrodon|242\/426|[from] item: Leftovers
|turn|9
|
|switch|p1a: Snorlax|Snorlax, F|524\/524
|move|p2a: Gastrodon|Scald|p1a: Snorlax
|-damage|p1a: Snorlax|467\/524
|
|-heal|p2a: Gastrodon|268\/426|[from] item: Leftovers
|-heal|p1a: Snorlax|499\/524|[from] item: Leftovers
|turn|10
|
|move|p2a: Gastrodon|Recover|p2a: Gastrodon
|-heal|p2a: Gastrodon|426\/426
|move|p1a: Snorlax|Curse|p1a: Snorlax
|-boost|p1a: Snorlax|atk|1
|-boost|p1a: Snorlax|def|1
|-unboost|p1a: Snorlax|spe|1
|
|-heal|p1a: Snorlax|524\/524|[from] item: Leftovers
|turn|11
|
|switch|p2a: Hippowdon|Hippowdon, M|420\/420
|-weather|Sandstorm
|move|p1a: Snorlax|Frustration|p2a: Hippowdon
|-damage|p2a: Hippowdon|255\/420
|
|-weather|Sandstorm|[upkeep]
|-damage|p1a: Snorlax|492\/524|[from] sandstorm
|-heal|p2a: Hippowdon|281\/420|[from] item: Leftovers
|-heal|p1a: Snorlax|524\/524|[from] item: Leftovers
|turn|12
|
|move|p2a: Hippowdon|Stealth Rock|p1a: Snorlax
|-sidestart|p1: Shaneee|move: Stealth Rock
|move|p1a: Snorlax|Curse|p1a: Snorlax
|-boost|p1a: Snorlax|atk|1
|-boost|p1a: Snorlax|def|1
|-unboost|p1a: Snorlax|spe|1
|
|-weather|Sandstorm|[upkeep]
|-damage|p1a: Snorlax|492\/524|[from] sandstorm
|-heal|p2a: Hippowdon|307\/420|[from] item: Leftovers
|-heal|p1a: Snorlax|524\/524|[from] item: Leftovers
|turn|13
|
|move|p1a: Snorlax|Frustration|p2a: Hippowdon
|-damage|p2a: Hippowdon|90\/420
|move|p2a: Hippowdon|Whirlwind|p1a: Snorlax
|drag|p1a: Ampharos|Ampharos-Mega, M|100\/384
|-damage|p1a: Ampharos|52\/384|[from] Stealth Rock
|-ability|p1a: Ampharos|Mold Breaker
|
|-weather|Sandstorm|[upkeep]
|-damage|p1a: Ampharos|28\/384|[from] sandstorm
|-heal|p2a: Hippowdon|116\/420|[from] item: Leftovers
|turn|14
|
|move|p2a: Hippowdon|Slack Off|p2a: Hippowdon
|-heal|p2a: Hippowdon|326\/420
|move|p1a: Ampharos|Volt Switch|p2a: Hippowdon
|-immune|p2a: Hippowdon|[msg]
|
|-weather|Sandstorm|[upkeep]
|-damage|p1a: Ampharos|4\/384|[from] sandstorm
|-heal|p2a: Hippowdon|352\/420|[from] item: Leftovers
|turn|15
|
|switch|p2a: Forretress|Forretress, M|156\/354
|move|p1a: Ampharos|Volt Switch|p2a: Forretress
|-damage|p2a: Forretress|0 fnt
|faint|p2a: Forretress
|
|switch|p1a: Gligar|Gligar, F|334\/334
|-damage|p1a: Gligar|293\/334|[from] Stealth Rock
|
|-weather|none
|
|switch|p2a: Houndoom|Houndoom, M|291\/291
|turn|16
|
|move|p2a: Houndoom|Nasty Plot|p2a: Houndoom
|-boost|p2a: Houndoom|spa|2
|move|p1a: Gligar|U-turn|p2a: Houndoom
|-damage|p2a: Houndoom|212\/291
|
|switch|p1a: Heracross|Heracross, F|302\/302
|-damage|p1a: Heracross|265\/302|[from] Stealth Rock
|
|turn|17
|
|switch|p2a: Hippowdon|Hippowdon, M|352\/420
|-weather|Sandstorm
|move|p1a: Heracross|Stone Edge|p2a: Hippowdon
|-resisted|p2a: Hippowdon
|-damage|p2a: Hippowdon|306\/420
|
|-weather|Sandstorm|[upkeep]
|-damage|p1a: Heracross|247\/302|[from] sandstorm
|-heal|p2a: Hippowdon|332\/420|[from] item: Leftovers
|turn|18
|
|switch|p1a: Ampharos|Ampharos-Mega, M|4\/384
|-damage|p1a: Ampharos|0 fnt|[from] Stealth Rock
|faint|p1a: Ampharos
|switch|p2a: Heracross|Heracross, M|301\/301
|
|-weather|Sandstorm|[upkeep]
|-damage|p2a: Heracross|283\/301|[from] sandstorm
|
|switch|p1a: Gligar|Gligar, F|293\/334
|-damage|p1a: Gligar|252\/334|[from] Stealth Rock
|turn|19
|
|move|p2a: Heracross|Knock Off|p1a: Gligar
|-damage|p1a: Gligar|195\/334
|-enditem|p1a: Gligar|Eviolite|[from] move: Knock Off|[of] p2a: Heracross
|move|p1a: Gligar|Stealth Rock|p2a: Heracross
|-sidestart|p2: Stocke|move: Stealth Rock
|
|-weather|Sandstorm|[upkeep]
|-damage|p2a: Heracross|265\/301|[from] sandstorm
|turn|20
|
|switch|p2a: Hippowdon|Hippowdon, M|332\/420
|-damage|p2a: Hippowdon|306\/420|[from] Stealth Rock
|move|p1a: Gligar|U-turn|p2a: Hippowdon
|-damage|p2a: Hippowdon|266\/420
|
|switch|p1a: Darmanitan|Darmanitan, F|203\/351
|-damage|p1a: Darmanitan|116\/351|[from] Stealth Rock
|
|-weather|Sandstorm|[upkeep]
|-damage|p1a: Darmanitan|95\/351|[from] sandstorm
|-heal|p2a: Hippowdon|292\/420|[from] item: Leftovers
|turn|21
|
|switch|p2a: Houndoom|Houndoom, M|212\/291
|-damage|p2a: Houndoom|140\/291|[from] Stealth Rock
|move|p1a: Darmanitan|Flare Blitz|p2a: Houndoom
|-start|p2a: Houndoom|ability: Flash Fire
|
|-weather|none
|turn|22
|
|switch|p1a: Snorlax|Snorlax, F|524\/524
|-damage|p1a: Snorlax|459\/524|[from] Stealth Rock
|detailschange|p2a: Houndoom|Houndoom-Mega, M
|message|Houndoom has Mega Evolved into Mega Houndoom!
|move|p2a: Houndoom|Fire Blast|p1a: Snorlax|[miss]
|-miss|p2a: Houndoom|p1a: Snorlax
|
|-heal|p1a: Snorlax|491\/524|[from] item: Leftovers
|turn|23
|
|switch|p2a: Hippowdon|Hippowdon, M|292\/420
|-damage|p2a: Hippowdon|266\/420|[from] Stealth Rock
|-weather|Sandstorm
|move|p1a: Snorlax|Curse|p1a: Snorlax
|-boost|p1a: Snorlax|atk|1
|-boost|p1a: Snorlax|def|1
|-unboost|p1a: Snorlax|spe|1
|
|-weather|Sandstorm|[upkeep]
|-damage|p1a: Snorlax|459\/524|[from] sandstorm
|-heal|p2a: Hippowdon|292\/420|[from] item: Leftovers
|-heal|p1a: Snorlax|491\/524|[from] item: Leftovers
|turn|24
|
|move|p2a: Hippowdon|Slack Off|p2a: Hippowdon
|-heal|p2a: Hippowdon|420\/420
|move|p1a: Snorlax|Frustration|p2a: Hippowdon
|-damage|p2a: Hippowdon|243\/420
|
|-weather|Sandstorm|[upkeep]
|-damage|p1a: Snorlax|459\/524|[from] sandstorm
|-heal|p2a: Hippowdon|269\/420|[from] item: Leftovers
|-heal|p1a: Snorlax|491\/524|[from] item: Leftovers
|turn|25
|
|move|p1a: Snorlax|Frustration|p2a: Hippowdon
|-damage|p2a: Hippowdon|107\/420
|move|p2a: Hippowdon|Whirlwind|p1a: Snorlax
|drag|p1a: Gligar|Gligar, F|195\/334
|-damage|p1a: Gligar|154\/334|[from] Stealth Rock
|
|-weather|Sandstorm|[upkeep]
|-heal|p2a: Hippowdon|133\/420|[from] item: Leftovers
|turn|26
|
|switch|p1a: Darmanitan|Darmanitan, F|95\/351
|-damage|p1a: Darmanitan|8\/351|[from] Stealth Rock
|move|p2a: Hippowdon|Slack Off|p2a: Hippowdon
|-heal|p2a: Hippowdon|343\/420
|
|-weather|Sandstorm|[upkeep]
|-damage|p1a: Darmanitan|0 fnt|[from] sandstorm
|-heal|p2a: Hippowdon|369\/420|[from] item: Leftovers
|faint|p1a: Darmanitan
|
|switch|p1a: Gligar|Gligar, F|154\/334
|-damage|p1a: Gligar|113\/334|[from] Stealth Rock
|turn|27
|
|move|p1a: Gligar|Defog|p2a: Hippowdon
|-unboost|p2a: Hippowdon|evasion|1
|-sideend|p2: Stocke|Stealth Rock|[from] move: Defog|[of] p2a: Hippowdon
|-sideend|p1: Shaneee|Stealth Rock|[from] move: Defog|[of] p1a: Gligar
|move|p2a: Hippowdon|Earthquake|p1a: Gligar
|-immune|p1a: Gligar|[msg]
|
|-weather|none
|-heal|p2a: Hippowdon|395\/420|[from] item: Leftovers
|turn|28
|
|move|p1a: Gligar|Roost|p1a: Gligar
|-heal|p1a: Gligar|280\/334
|move|p2a: Hippowdon|Stealth Rock|p1a: Gligar
|-sidestart|p1: Shaneee|move: Stealth Rock
|
|-heal|p2a: Hippowdon|420\/420|[from] item: Leftovers
|turn|29
|
|switch|p2a: Heracross|Heracross, M|265\/301
|move|p1a: Gligar|Defog|p2a: Heracross
|-unboost|p2a: Heracross|evasion|1
|-sideend|p1: Shaneee|Stealth Rock|[from] move: Defog|[of] p1a: Gligar
|
|turn|30
|
|move|p2a: Heracross|Close Combat|p1a: Gligar
|-resisted|p1a: Gligar
|-damage|p1a: Gligar|205\/334
|-unboost|p2a: Heracross|def|1
|-unboost|p2a: Heracross|spd|1
|move|p1a: Gligar|U-turn|p2a: Heracross
|-resisted|p2a: Heracross
|-damage|p2a: Heracross|227\/301
|
|switch|p1a: Heracross|Heracross, F|247\/302
|
|turn|31
|
|switch|p2a: Hippowdon|Hippowdon, M|420\/420
|-weather|Sandstorm
|move|p1a: Heracross|Close Combat|p2a: Hippowdon
|-damage|p2a: Hippowdon|245\/420
|-unboost|p1a: Heracross|def|1
|-unboost|p1a: Heracross|spd|1
|
|-weather|Sandstorm|[upkeep]
|-damage|p1a: Heracross|229\/302|[from] sandstorm
|-heal|p2a: Hippowdon|271\/420|[from] item: Leftovers
|turn|32
|
|switch|p2a: Crobat|Crobat, M|311\/311
|move|p1a: Heracross|Close Combat|p2a: Crobat
|-resisted|p2a: Crobat
|-damage|p2a: Crobat|244\/311
|-unboost|p1a: Heracross|def|1
|-unboost|p1a: Heracross|spd|1
|
|-weather|Sandstorm|[upkeep]
|-damage|p1a: Heracross|211\/302|[from] sandstorm
|-damage|p2a: Crobat|225\/311|[from] sandstorm
|turn|33
|
|move|p1a: Heracross|Close Combat|p2a: Crobat
|-resisted|p2a: Crobat
|-damage|p2a: Crobat|167\/311
|-unboost|p1a: Heracross|def|1
|-unboost|p1a: Heracross|spd|1
|move|p2a: Crobat|Brave Bird|p1a: Heracross
|-supereffective|p1a: Heracross
|-damage|p1a: Heracross|0 fnt
|-damage|p2a: Crobat|97\/311|[from] recoil|[of] p1a: Heracross
|faint|p1a: Heracross
|
|-weather|Sandstorm|[upkeep]
|-damage|p2a: Crobat|78\/311|[from] sandstorm
|
|switch|p1a: Gligar|Gligar, F|205\/334
|turn|34
|
|switch|p2a: Hippowdon|Hippowdon, M|271\/420
|move|p1a: Gligar|U-turn|p2a: Hippowdon
|-damage|p2a: Hippowdon|230\/420
|
|switch|p1a: Snorlax|Snorlax, F|491\/524
|
|-weather|Sandstorm|[upkeep]
|-damage|p1a: Snorlax|459\/524|[from] sandstorm
|-heal|p2a: Hippowdon|256\/420|[from] item: Leftovers
|-heal|p1a: Snorlax|491\/524|[from] item: Leftovers
|turn|35
|
|move|p2a: Hippowdon|Slack Off|p2a: Hippowdon
|-heal|p2a: Hippowdon|420\/420
|move|p1a: Snorlax|Frustration|p2a: Hippowdon
|-damage|p2a: Hippowdon|308\/420
|
|-weather|none
|-heal|p2a: Hippowdon|334\/420|[from] item: Leftovers
|-heal|p1a: Snorlax|523\/524|[from] item: Leftovers
|turn|36
|
|move|p2a: Hippowdon|Stealth Rock|p1a: Snorlax
|-sidestart|p1: Shaneee|move: Stealth Rock
|move|p1a: Snorlax|Curse|p1a: Snorlax
|-boost|p1a: Snorlax|atk|1
|-boost|p1a: Snorlax|def|1
|-unboost|p1a: Snorlax|spe|1
|
|-heal|p2a: Hippowdon|360\/420|[from] item: Leftovers
|-heal|p1a: Snorlax|524\/524|[from] item: Leftovers
|turn|37
|
|move|p2a: Hippowdon|Slack Off|p2a: Hippowdon
|-heal|p2a: Hippowdon|420\/420
|move|p1a: Snorlax|Frustration|p2a: Hippowdon
|-damage|p2a: Hippowdon|257\/420
|
|-heal|p2a: Hippowdon|283\/420|[from] item: Leftovers
|turn|38
|
|move|p1a: Snorlax|Curse|p1a: Snorlax
|-boost|p1a: Snorlax|atk|1
|-boost|p1a: Snorlax|def|1
|-unboost|p1a: Snorlax|spe|1
|move|p2a: Hippowdon|Whirlwind|p1a: Snorlax
|drag|p1a: Gligar|Gligar, F|205\/334
|-damage|p1a: Gligar|164\/334|[from] Stealth Rock
|
|-heal|p2a: Hippowdon|309\/420|[from] item: Leftovers
|turn|39
|
|switch|p2a: Houndoom|Houndoom-Mega, M|140\/291
|move|p1a: Gligar|Defog|p2a: Houndoom
|-unboost|p2a: Houndoom|evasion|1
|-sideend|p1: Shaneee|Stealth Rock|[from] move: Defog|[of] p1a: Gligar
|
|turn|40
|
|move|p2a: Houndoom|Nasty Plot|p2a: Houndoom
|-boost|p2a: Houndoom|spa|2
|move|p1a: Gligar|U-turn|p2a: Houndoom
|-damage|p2a: Houndoom|94\/291
|
|switch|p1a: Snorlax|Snorlax, F|524\/524
|
|turn|41
|
|move|p2a: Houndoom|Dark Pulse|p1a: Snorlax
|-damage|p1a: Snorlax|308\/524
|move|p1a: Snorlax|Frustration|p2a: Houndoom
|-damage|p2a: Houndoom|0 fnt
|faint|p2a: Houndoom
|
|-heal|p1a: Snorlax|340\/524|[from] item: Leftovers
|
|switch|p2a: Crobat|Crobat, M|78\/311
|turn|42
|
|switch|p1a: Gligar|Gligar, F|164\/334
|move|p2a: Crobat|Brave Bird|p1a: Gligar
|-damage|p1a: Gligar|0 fnt
|-damage|p2a: Crobat|24\/311|[from] recoil|[of] p1a: Gligar
|faint|p1a: Gligar
|
|
|switch|p1a: Snorlax|Snorlax, F|340\/524
|turn|43
|
|move|p2a: Crobat|Brave Bird|p1a: Snorlax
|-damage|p1a: Snorlax|0 fnt
|-damage|p2a: Crobat|0 fnt|[from] recoil|[of] p1a: Snorlax
|faint|p1a: Snorlax
|faint|p2a: Crobat
|
|win|Stocke
|raw|Ladder updating...
|raw|Shaneee's rating: 1599 &rarr; <strong>1574<\/strong><br \/>(-25 for losing)
|raw|Stocke's rating: 1503 &rarr; <strong>1528<\/strong><br \/>(+25 for winning)
|chat|Stocke|gg
|chat|Shaneee|gg
|leave|Shaneee
|player|p1