|join|diggersby test LoL
|join|Shaneee
|player|p1|diggersby test LoL|253
|player|p2|Shaneee|47
|gametype|singles
|gen|6
|tier|UU
|rated
|rule|Sleep Clause Mod: Limit one foe put to sleep
|rule|Species Clause: Limit one of each Pokémon
|rule|OHKO Clause: OHKO moves are banned
|rule|Moody Clause: Moody is banned
|rule|Evasion Moves Clause: Evasion moves are banned
|rule|Endless Battle Clause: Forcing endless battles is banned
|rule|HP Percentage Mod: HP is shown in percentages
|clearpoke
|poke|p1|Galvantula, F
|poke|p1|Diggersby, F
|poke|p1|Noivern, M
|poke|p1|Forretress, F
|poke|p1|Florges, F
|poke|p1|Jellicent, F
|poke|p2|Suicune
|poke|p2|Amoonguss, M, shiny
|poke|p2|Gligar, M, shiny
|poke|p2|Ampharos, F
|poke|p2|Snorlax, M, shiny
|poke|p2|Darmanitan, F
|rule|Swagger Clause: Swagger is banned
|rule|Baton Pass Clause: Limit one Pokémon knowing Baton Pass
|teampreview
|
|start
|switch|p1a: Galvantula|Galvantula, F|282\/282
|switch|p2a: Ampharos|Ampharos, F|370\/370
|turn|1
|
|detailschange|p2a: Ampharos|Ampharos-Mega, F
|message|Ampharos has Mega Evolved into Mega Ampharos!
|-ability|p2a: Ampharos|Mold Breaker
|move|p1a: Galvantula|Sticky Web|p2a: Ampharos
|-sidestart|p2: Shaneee|move: Sticky Web
|move|p2a: Ampharos|Dragon Pulse|p1a: Galvantula
|-damage|p1a: Galvantula|6\/282
|
|turn|2
|
|move|p1a: Galvantula|Volt Switch|p2a: Ampharos
|-resisted|p2a: Ampharos
|-damage|p2a: Ampharos|346\/370
|
|switch|p1a: Florges|Florges, F|360\/360
|move|p2a: Ampharos|Volt Switch|p1a: Florges
|-damage|p1a: Florges|245\/360
|
|switch|p2a: Ariana Grande|Gligar, M, shiny|334\/334
|
|-heal|p1a: Florges|267\/360|[from] item: Leftovers
|turn|3
|
|switch|p1a: Galvantula|Galvantula, F|6\/282
|move|p2a: Ariana Grande|Defog|p1a: Galvantula
|-unboost|p1a: Galvantula|evasion|1
|-sideend|p2: Shaneee|Sticky Web|[from] move: Defog|[of] p2a: Ariana Grande
|
|turn|4
|
|switch|p1a: Noivern|Noivern, M|312\/312
|move|p2a: Ariana Grande|Defog|p1a: Noivern
|-unboost|p1a: Noivern|evasion|1
|
|turn|5
|
|switch|p2a: Rob Ford|Snorlax, M, shiny|511\/511
|move|p1a: Noivern|Switcheroo|p2a: Rob Ford
|-activate|p1a: Noivern|move: Trick|[of] p2a: Rob Ford
|-item|p2a: Rob Ford|Choice Specs|[from] Trick
|-item|p1a: Noivern|Leftovers|[from] Trick
|
|turn|6
|
|switch|p1a: Florges|Florges, F|267\/360
|move|p2a: Rob Ford|Body Slam|p1a: Florges
|-damage|p1a: Florges|165\/360
|
|-heal|p1a: Florges|187\/360|[from] item: Leftovers
|turn|7
|
|switch|p2a: Ariana Grande|Gligar, M, shiny|334\/334
|move|p1a: Florges|Wish|p1a: Florges
|
|-heal|p1a: Florges|209\/360|[from] item: Leftovers
|turn|8
|
|move|p2a: Ariana Grande|Earthquake|p1a: Florges
|-damage|p1a: Florges|121\/360
|move|p1a: Florges|Moonblast|p2a: Ariana Grande
|-damage|p2a: Ariana Grande|225\/334
|
|-heal|p1a: Florges|301\/360|[from] move: Wish|[wisher] Florges
|-heal|p1a: Florges|323\/360|[from] item: Leftovers
|turn|9
|
|switch|p1a: Noivern|Noivern, M|312\/312
|move|p2a: Ariana Grande|Stealth Rock|p1a: Noivern
|-sidestart|p1: diggersby test LoL|move: Stealth Rock
|
|turn|10
|
|switch|p2a: Rob Ford|Snorlax, M, shiny|511\/511
|move|p1a: Noivern|Draco Meteor|p2a: Rob Ford|[miss]
|-miss|p1a: Noivern|p2a: Rob Ford
|
|turn|11
|
|switch|p1a: Forretress|Forretress, F|354\/354
|-damage|p1a: Forretress|310\/354|[from] Stealth Rock
|move|p2a: Rob Ford|Body Slam|p1a: Forretress
|-resisted|p1a: Forretress
|-damage|p1a: Forretress|277\/354
|
|-heal|p1a: Forretress|299\/354|[from] item: Leftovers
|turn|12
|
|switch|p2a: Darmanitan|Darmanitan, F|351\/351
|move|p1a: Forretress|Rapid Spin|p2a: Darmanitan
|-damage|p2a: Darmanitan|326\/351
|-sideend|p1: diggersby test LoL|Stealth Rock|[from] move: Rapid Spin|[of] p1a: Forretress
|
|-heal|p1a: Forretress|321\/354|[from] item: Leftovers
|turn|13
|
|switch|p1a: Jellicent|Jellicent, F|404\/404
|move|p2a: Darmanitan|Flare Blitz|p1a: Jellicent
|-resisted|p1a: Jellicent
|-damage|p1a: Jellicent|202\/404
|-damage|p2a: Darmanitan|259\/351|[from] recoil|[of] p1a: Jellicent
|
|-heal|p1a: Jellicent|227\/404|[from] item: Leftovers
|turn|14
|
|switch|p2a: Ampharos|Ampharos-Mega, F|346\/370
|-ability|p2a: Ampharos|Mold Breaker
|move|p1a: Jellicent|Recover|p1a: Jellicent
|-heal|p1a: Jellicent|404\/404
|
|turn|15
|
|switch|p1a: Florges|Florges, F|323\/360
|move|p2a: Ampharos|Volt Switch|p1a: Florges
|-damage|p1a: Florges|220\/360
|
|switch|p2a: Darmanitan|Darmanitan, F|259\/351
|
|-heal|p1a: Florges|242\/360|[from] item: Leftovers
|turn|16
|
|switch|p2a: Ariana Grande|Gligar, M, shiny|225\/334
|move|p1a: Florges|Protect|p1a: Florges
|-fail|p1a: Florges
|
|-heal|p1a: Florges|264\/360|[from] item: Leftovers
|turn|17
|
|move|p2a: Ariana Grande|Stealth Rock|p1a: Florges
|-sidestart|p1: diggersby test LoL|move: Stealth Rock
|move|p1a: Florges|Moonblast|p2a: Ariana Grande
|-damage|p2a: Ariana Grande|108\/334
|-unboost|p2a: Ariana Grande|spa|1
|
|-heal|p1a: Florges|286\/360|[from] item: Leftovers
|turn|18
|
|move|p2a: Ariana Grande|Roost|p2a: Ariana Grande
|-heal|p2a: Ariana Grande|275\/334
|move|p1a: Florges|Wish|p1a: Florges
|
|-heal|p1a: Florges|308\/360|[from] item: Leftovers
|turn|19
|
|switch|p2a: ☺|Suicune|404\/404
|-ability|p2a: ☺|Pressure
|move|p1a: Florges|Moonblast|p2a: ☺
|-damage|p2a: ☺|287\/404
|
|-heal|p1a: Florges|360\/360|[from] move: Wish|[wisher] Florges
|-heal|p2a: ☺|312\/404|[from] item: Leftovers
|turn|20
|
|move|p2a: ☺|Scald|p1a: Florges
|-damage|p1a: Florges|305\/360
|-status|p1a: Florges|brn
|move|p1a: Florges|Moonblast|p2a: ☺
|-damage|p2a: ☺|200\/404
|
|-heal|p2a: ☺|225\/404|[from] item: Leftovers
|-heal|p1a: Florges|327\/360 brn|[from] item: Leftovers
|-damage|p1a: Florges|282\/360 brn|[from] brn
|turn|21
|
|move|p2a: ☺|Rest|p2a: ☺
|-status|p2a: ☺|slp
|-heal|p2a: ☺|404\/404 slp|[silent]
|-status|p2a: ☺|slp|[from] move: Rest
|move|p1a: Florges|Moonblast|p2a: ☺
|-damage|p2a: ☺|293\/404 slp
|
|-heal|p2a: ☺|318\/404 slp|[from] item: Leftovers
|-heal|p1a: Florges|304\/360 brn|[from] item: Leftovers
|-damage|p1a: Florges|259\/360 brn|[from] brn
|turn|22
|
|switch|p2a: Darmanitan|Darmanitan, F|259\/351
|move|p1a: Florges|Aromatherapy|p1a: Florges
|-cureteam|p1a: Florges|[from] move: Aromatherapy
|
|-heal|p1a: Florges|281\/360|[from] item: Leftovers
|turn|23
|
|move|p1a: Florges|Protect|p1a: Florges
|-singleturn|p1a: Florges|Protect
|move|p2a: Darmanitan|Flare Blitz|p1a: Florges
|-activate|p1a: Florges|Protect
|
|-heal|p1a: Florges|303\/360|[from] item: Leftovers
|turn|24
|
|switch|p1a: Jellicent|Jellicent, F|404\/404
|-damage|p1a: Jellicent|354\/404|[from] Stealth Rock
|move|p2a: Darmanitan|Flare Blitz|p1a: Jellicent
|-resisted|p1a: Jellicent
|-damage|p1a: Jellicent|124\/404
|-damage|p2a: Darmanitan|183\/351|[from] recoil|[of] p1a: Jellicent
|
|-heal|p1a: Jellicent|149\/404|[from] item: Leftovers
|turn|25
|
|move|p2a: Darmanitan|Flare Blitz|p1a: Jellicent
|-crit|p1a: Jellicent
|-resisted|p1a: Jellicent
|-damage|p1a: Jellicent|0 fnt
|-damage|p2a: Darmanitan|134\/351|[from] recoil|[of] p1a: Jellicent
|faint|p1a: Jellicent
|
|
|switch|p1a: Noivern|Noivern, M|312\/312
|-damage|p1a: Noivern|234\/312|[from] Stealth Rock
|turn|26
|
|switch|p2a: Lady Gaga|Amoonguss, M, shiny|432\/432
|move|p1a: Noivern|Draco Meteor|p2a: Lady Gaga
|-damage|p2a: Lady Gaga|270\/432
|-unboost|p1a: Noivern|spa|2
|
|-heal|p1a: Noivern|253\/312|[from] item: Leftovers
|-heal|p2a: Lady Gaga|297\/432|[from] item: Black Sludge
|turn|27
|
|switch|p1a: Forretress|Forretress, F|321\/354
|-damage|p1a: Forretress|277\/354|[from] Stealth Rock
|move|p2a: Lady Gaga|Spore|p1a: Forretress
|-status|p1a: Forretress|slp
|
|-heal|p2a: Lady Gaga|324\/432|[from] item: Black Sludge
|-heal|p1a: Forretress|299\/354 slp|[from] item: Leftovers
|turn|28
|
|switch|p2a: Darmanitan|Darmanitan, F|134\/351
|switch|p1a: Diggersby|Diggersby, F|312\/312
|-damage|p1a: Diggersby|293\/312|[from] Stealth Rock
|
|turn|29
|
|switch|p2a: Rob Ford|Snorlax, M, shiny|511\/511
|move|p1a: Diggersby|Quick Attack|p2a: Rob Ford
|-damage|p2a: Rob Ford|355\/511
|
|turn|30
|
|move|p1a: Diggersby|Return|p2a: Rob Ford
|-damage|p2a: Rob Ford|0 fnt
|faint|p2a: Rob Ford
|
|
|switch|p2a: Ariana Grande|Gligar, M, shiny|275\/334
|turn|31
|
|move|p1a: Diggersby|Swords Dance|p1a: Diggersby
|-boost|p1a: Diggersby|atk|2
|move|p2a: Ariana Grande|Earthquake|p1a: Diggersby
|-damage|p1a: Diggersby|170\/312
|
|turn|32
|
|move|p1a: Diggersby|Return|p2a: Ariana Grande
|-damage|p2a: Ariana Grande|32\/334
|move|p2a: Ariana Grande|Earthquake|p1a: Diggersby
|-damage|p1a: Diggersby|44\/312
|
|turn|33
|
|move|p1a: Diggersby|Return|p2a: Ariana Grande
|-damage|p2a: Ariana Grande|0 fnt
|faint|p2a: Ariana Grande
|
|c|★diggersby test LoL|gg lol
|
|switch|p2a: Lady Gaga|Amoonguss, M, shiny|432\/432
|turn|34
|
|move|p1a: Diggersby|Return|p2a: Lady Gaga
|-damage|p2a: Lady Gaga|0 fnt
|faint|p2a: Lady Gaga
|
|c|★Shaneee|gg
|
|switch|p2a: Darmanitan|Darmanitan, F|134\/351
|turn|35
|
|move|p1a: Diggersby|Quick Attack|p2a: Darmanitan
|-damage|p2a: Darmanitan|0 fnt
|faint|p2a: Darmanitan
|
|
|switch|p2a: Ampharos|Ampharos-Mega, F|346\/370
|-ability|p2a: Ampharos|Mold Breaker
|turn|36
|
|move|p1a: Diggersby|Earthquake|p2a: Ampharos
|-supereffective|p2a: Ampharos
|-damage|p2a: Ampharos|0 fnt
|faint|p2a: Ampharos
|
|
|switch|p2a: ☺|Suicune|318\/404 slp
|-ability|p2a: ☺|Pressure
|turn|37
|
|move|p1a: Diggersby|Return|p2a: ☺
|-crit|p2a: ☺
|-damage|p2a: ☺|0 fnt
|faint|p2a: ☺
|
|win|diggersby test LoL
|raw|Ladder updating...
|leave|Shaneee
|player|p2
|raw|Ladder (probably) updated, but score could not be retrieved (timeout).
|raw|Ladder (probably) updated, but score could not be retrieved (Error: socket hang up).