|join|hax my skill
|join|Cunty Vibes
|player|p1|hax my skill|256
|player|p2|Cunty Vibes|185
|gametype|singles
|gen|6
|tier|OU
|rated
|clearpoke
|poke|p1|Medicham, M
|poke|p1|Clefable, M
|poke|p1|Landorus, M, shiny
|poke|p1|Skarmory, F
|poke|p1|Keldeo
|poke|p1|Tyranitar, F
|poke|p2|Clefable, F
|poke|p2|Conkeldurr, F
|poke|p2|Landorus-Therian, M
|poke|p2|Chansey, F
|poke|p2|Scizor, F
|poke|p2|Alomomola, F
|rule|Swagger Clause: Swagger is banned
|rule|Baton Pass Clause: Limit one Pokémon knowing Baton Pass
|rule|Sleep Clause Mod: Limit one foe put to sleep
|rule|Species Clause: Limit one of each Pokémon
|rule|OHKO Clause: OHKO moves are banned
|rule|Moody Clause: Moody is banned
|rule|Evasion Moves Clause: Evasion moves are banned
|rule|Endless Battle Clause: Forcing endless battles is banned
|rule|HP Percentage Mod: HP is shown in percentages
|teampreview
|
|start
|switch|p1a: Neus|Medicham, M|261\/261
|switch|p2a: Alomomola|Alomomola, F|534\/534
|turn|1
|
|detailschange|p1a: Neus|Medicham-Mega, M
|message|Medicham has Mega Evolved into Mega Medicham!
|move|p1a: Neus|Fake Out|p2a: Alomomola
|-damage|p2a: Alomomola|460\/534
|-damage|p1a: Neus|218\/261|[from] item: Rocky Helmet|[of] p2a: Alomomola
|cant|p2a: Alomomola|flinch
|
|turn|2
|
|switch|p1a: Neus|Clefable, M|393\/393
|move|p2a: Alomomola|Scald|p1a: Neus
|-damage|p1a: Neus|341\/393
|
|-heal|p1a: Neus|365\/393|[from] item: Leftovers
|turn|3
|
|switch|p2a: Landorus-Therian|Landorus-Therian, M|382\/382
|-ability|p2a: Landorus-Therian|Intimidate|[of] p1a: Neus
|-unboost|p1a: Neus|atk|1
|switch|p1a: Neus|Skarmory, F|334\/334
|
|turn|4
|
|move|p2a: Landorus-Therian|Stealth Rock|p1a: Neus
|-sidestart|p1: hax my skill|move: Stealth Rock
|move|p1a: Neus|Spikes|p2a: Landorus-Therian
|-sidestart|p2: Cunty Vibes|Spikes
|
|turn|5
|
|move|p2a: Landorus-Therian|U-turn|p1a: Neus
|-resisted|p1a: Neus
|-damage|p1a: Neus|323\/334
|
|switch|p2a: Alomomola|Alomomola, F|534\/534
|-damage|p2a: Alomomola|468\/534|[from] Spikes
|move|p1a: Neus|Spikes|p2a: Alomomola
|-sidestart|p2: Cunty Vibes|Spikes
|
|-heal|p1a: Neus|334\/334|[from] item: Leftovers
|turn|6
|
|switch|p1a: Neus|Keldeo|323\/323
|-damage|p1a: Neus|303\/323|[from] Stealth Rock
|move|p2a: Alomomola|Scald|p1a: Neus
|-resisted|p1a: Neus
|-damage|p1a: Neus|279\/323
|
|turn|7
|
|switch|p1a: Neus|Clefable, M|365\/393
|move|p2a: Alomomola|Mirror Coat|p1a: Neus
|-fail|p1a: Neus
|
|-heal|p1a: Neus|389\/393|[from] item: Leftovers
|turn|8
|
|move|p2a: Alomomola|Wish|p2a: Alomomola
|move|p1a: Neus|Calm Mind|p1a: Neus
|-boost|p1a: Neus|spa|1
|-boost|p1a: Neus|spd|1
|
|-heal|p1a: Neus|393\/393|[from] item: Leftovers
|turn|9
|
|move|p1a: Neus|Calm Mind|p1a: Neus
|-boost|p1a: Neus|spa|1
|-boost|p1a: Neus|spd|1
|move|p2a: Alomomola|Mirror Coat|p1a: Neus
|-fail|p1a: Neus
|
|-heal|p2a: Alomomola|534\/534|[from] move: Wish|[wisher] Alomomola
|turn|10
|
|move|p2a: Alomomola|Wish|p2a: Alomomola
|move|p1a: Neus|Calm Mind|p1a: Neus
|-boost|p1a: Neus|spa|1
|-boost|p1a: Neus|spd|1
|
|turn|11
|
|switch|p2a: Clefable|Clefable, F|394\/394
|-damage|p2a: Clefable|329\/394|[from] Spikes
|move|p1a: Neus|Calm Mind|p1a: Neus
|-boost|p1a: Neus|spa|1
|-boost|p1a: Neus|spd|1
|
|-heal|p2a: Clefable|394\/394|[from] move: Wish|[wisher] Alomomola
|turn|12
|
|move|p1a: Neus|Calm Mind|p1a: Neus
|-boost|p1a: Neus|spa|1
|-boost|p1a: Neus|spd|1
|move|p2a: Clefable|Calm Mind|p2a: Clefable
|-boost|p2a: Clefable|spa|1
|-boost|p2a: Clefable|spd|1
|
|turn|13
|
|move|p1a: Neus|Calm Mind|p1a: Neus
|-boost|p1a: Neus|spa|1
|-boost|p1a: Neus|spd|1
|move|p2a: Clefable|Calm Mind|p2a: Clefable
|-boost|p2a: Clefable|spa|1
|-boost|p2a: Clefable|spd|1
|
|turn|14
|
|move|p1a: Neus|Stored Power|p2a: Clefable
|-damage|p2a: Clefable|296\/394
|move|p2a: Clefable|Moonblast|p1a: Neus
|-damage|p1a: Neus|150\/393
|
|-heal|p1a: Neus|174\/393|[from] item: Leftovers
|-heal|p2a: Clefable|320\/394|[from] item: Leftovers
|turn|15
|
|move|p1a: Neus|Soft-Boiled|p1a: Neus
|-heal|p1a: Neus|371\/393
|move|p2a: Clefable|Moonblast|p1a: Neus
|-damage|p1a: Neus|130\/393
|
|-heal|p1a: Neus|154\/393|[from] item: Leftovers
|-heal|p2a: Clefable|344\/394|[from] item: Leftovers
|turn|16
|
|switch|p1a: Neus|Keldeo|279\/323
|-damage|p1a: Neus|259\/323|[from] Stealth Rock
|move|p2a: Clefable|Calm Mind|p2a: Clefable
|-boost|p2a: Clefable|spa|1
|-boost|p2a: Clefable|spd|1
|
|-heal|p2a: Clefable|368\/394|[from] item: Leftovers
|turn|17
|
|move|p1a: Neus|Toxic|p2a: Clefable
|-status|p2a: Clefable|tox
|move|p2a: Clefable|Moonblast|p1a: Neus
|-supereffective|p1a: Neus
|-damage|p1a: Neus|0 fnt
|faint|p1a: Neus
|
|-heal|p2a: Clefable|392\/394 tox|[from] item: Leftovers
|-damage|p2a: Clefable|368\/394 tox|[from] psn
|
|switch|p1a: Neus|Medicham-Mega, M|218\/261
|-damage|p1a: Neus|202\/261|[from] Stealth Rock
|turn|18
|
|move|p1a: Neus|Fake Out|p2a: Clefable
|-damage|p2a: Clefable|295\/394 tox
|cant|p2a: Clefable|flinch
|
|-heal|p2a: Clefable|319\/394 tox|[from] item: Leftovers
|-damage|p2a: Clefable|271\/394 tox|[from] psn
|turn|19
|
|move|p1a: Neus|Psycho Cut|p2a: Clefable
|-damage|p2a: Clefable|82\/394 tox
|move|p2a: Clefable|Flamethrower|p1a: Neus
|-damage|p1a: Neus|22\/261
|
|-heal|p2a: Clefable|106\/394 tox|[from] item: Leftovers
|-damage|p2a: Clefable|34\/394 tox|[from] psn
|turn|20
|
|switch|p2a: Landorus-Therian|Landorus-Therian, M|382\/382
|-ability|p2a: Landorus-Therian|Intimidate|[of] p1a: Neus
|-unboost|p1a: Neus|atk|1
|move|p1a: Neus|Ice Punch|p2a: Landorus-Therian
|-supereffective|p2a: Landorus-Therian
|-damage|p2a: Landorus-Therian|74\/382
|
|-heal|p2a: Landorus-Therian|97\/382|[from] item: Leftovers
|turn|21
|
|switch|p1a: Neus|Landorus, M, shiny|319\/319
|-damage|p1a: Neus|280\/319|[from] Stealth Rock
|switch|p2a: Scizor|Scizor, F|343\/343
|-damage|p2a: Scizor|286\/343|[from] Spikes
|
|turn|22
|
|detailschange|p2a: Scizor|Scizor-Mega, F
|message|Scizor has Mega Evolved into Mega Scizor!
|move|p2a: Scizor|Bullet Punch|p1a: Neus
|-damage|p1a: Neus|178\/319
|move|p1a: Neus|Earth Power|p2a: Scizor
|-damage|p2a: Scizor|52\/343
|
|turn|23
|
|move|p2a: Scizor|Bullet Punch|p1a: Neus
|-damage|p1a: Neus|76\/319
|move|p1a: Neus|Earth Power|p2a: Scizor
|-damage|p2a: Scizor|0 fnt
|faint|p2a: Scizor
|
|
|switch|p2a: Chansey|Chansey, F|704\/704
|-damage|p2a: Chansey|587\/704|[from] Spikes
|turn|24
|
|switch|p1a: Neus|Skarmory, F|334\/334
|-damage|p1a: Neus|293\/334|[from] Stealth Rock
|move|p2a: Chansey|Seismic Toss|p1a: Neus
|-damage|p1a: Neus|193\/334
|
|-heal|p1a: Neus|213\/334|[from] item: Leftovers
|turn|25
|
|move|p1a: Neus|Spikes|p2a: Chansey
|-sidestart|p2: Cunty Vibes|Spikes
|move|p2a: Chansey|Wish|p2a: Chansey
|
|-heal|p1a: Neus|233\/334|[from] item: Leftovers
|turn|26
|
|switch|p1a: Neus|Clefable, M|154\/393
|move|p2a: Chansey|Seismic Toss|p1a: Neus
|-damage|p1a: Neus|54\/393
|
|-heal|p2a: Chansey|704\/704|[from] move: Wish|[wisher] Chansey
|-heal|p1a: Neus|78\/393|[from] item: Leftovers
|turn|27
|
|move|p1a: Neus|Soft-Boiled|p1a: Neus
|-heal|p1a: Neus|275\/393
|move|p2a: Chansey|Wish|p2a: Chansey
|
|-heal|p1a: Neus|299\/393|[from] item: Leftovers
|turn|28
|
|switch|p2a: Landorus-Therian|Landorus-Therian, M|97\/382
|-ability|p2a: Landorus-Therian|Intimidate|[of] p1a: Neus
|-unboost|p1a: Neus|atk|1
|move|p1a: Neus|Moonblast|p2a: Landorus-Therian
|-damage|p2a: Landorus-Therian|0 fnt
|faint|p2a: Landorus-Therian
|
|-heal|p1a: Neus|323\/393|[from] item: Leftovers
|c|★hax my skill|gg
|-message|Cunty Vibes forfeited.
|
|win|hax my skill
|raw|Ladder updating...
|leave|Cunty Vibes
|player|p2
|raw|hax my skill's rating: 1779 &rarr; <strong>1806<\/strong><br \/>(+27 for winning)
|raw|Cunty Vibes's rating: 1900 &rarr; <strong>1873<\/strong><br \/>(-27 for losing)