|join|Cunty Vibes
|join|Henry
|player|p1|Cunty Vibes|185
|player|p2|Henry|56
|gametype|singles
|gen|6
|tier|OU
|rated
|clearpoke
|poke|p1|Clefable, F
|poke|p1|Conkeldurr, M
|poke|p1|Landorus-Therian, M
|poke|p1|Chansey, F
|poke|p1|Scizor, M
|poke|p1|Alomomola, F
|poke|p2|Alakazam, F
|poke|p2|Ferrothorn, M
|poke|p2|Manaphy
|poke|p2|Kyurem-Black
|poke|p2|Landorus-Therian, M
|poke|p2|Zapdos
|rule|Swagger Clause: Swagger is banned
|rule|Baton Pass Clause: Limit one Pokémon knowing Baton Pass
|rule|Sleep Clause Mod: Limit one foe put to sleep
|rule|Species Clause: Limit one of each Pokémon
|rule|OHKO Clause: OHKO moves are banned
|rule|Moody Clause: Moody is banned
|rule|Evasion Moves Clause: Evasion moves are banned
|rule|Endless Battle Clause: Forcing endless battles is banned
|rule|HP Percentage Mod: HP is shown in percentages
|teampreview
|
|start
|switch|p1a: Clefable|Clefable, F|394\/394
|switch|p2a: Landorus-Therian|Landorus-Therian, M|319\/319
|-ability|p2a: Landorus-Therian|Intimidate|[of] p1a: Clefable
|-unboost|p1a: Clefable|atk|1
|turn|1
|
|move|p2a: Landorus-Therian|Knock Off|p1a: Clefable
|-resisted|p1a: Clefable
|-damage|p1a: Clefable|341\/394
|-enditem|p1a: Clefable|Leftovers|[from] move: Knock Off|[of] p2a: Landorus-Therian
|move|p1a: Clefable|Calm Mind|p1a: Clefable
|-boost|p1a: Clefable|spa|1
|-boost|p1a: Clefable|spd|1
|
|turn|2
|
|switch|p2a: Alakazam|Alakazam, F|251\/251
|move|p1a: Clefable|Calm Mind|p1a: Clefable
|-boost|p1a: Clefable|spa|1
|-boost|p1a: Clefable|spd|1
|
|turn|3
|
|detailschange|p2a: Alakazam|Alakazam-Mega, F
|message|Alakazam has Mega Evolved into Mega Alakazam!
|-ability|p2a: Alakazam|Unaware|[from] ability: Trace|[of] p1a: Clefable
|move|p2a: Alakazam|Psychic|p1a: Clefable
|-damage|p1a: Clefable|109\/394
|move|p1a: Clefable|Moonblast|p2a: Alakazam
|-damage|p2a: Alakazam|131\/251
|-unboost|p2a: Alakazam|spa|1
|
|turn|4
|
|switch|p1a: Chansey|Chansey, F|704\/704
|move|p2a: Alakazam|Psychic|p1a: Chansey
|-damage|p1a: Chansey|604\/704
|
|turn|5
|
|switch|p2a: Ferrothorn|Ferrothorn, M|351\/351
|move|p1a: Chansey|Wish|p1a: Chansey
|
|turn|6
|
|switch|p1a: Alomomola|Alomomola, F|534\/534
|move|p2a: Ferrothorn|Leech Seed|p1a: Alomomola
|-start|p1a: Alomomola|move: Leech Seed
|
|-damage|p1a: Alomomola|468\/534|[from] Leech Seed|[of] p2a: Ferrothorn
|turn|7
|
|move|p1a: Alomomola|Wish|p1a: Alomomola
|move|p2a: Ferrothorn|Stealth Rock|p1a: Alomomola
|-sidestart|p1: Cunty Vibes|move: Stealth Rock
|
|-damage|p1a: Alomomola|402\/534|[from] Leech Seed|[of] p2a: Ferrothorn
|turn|8
|join|ms m s
|join|ulcer
|join|hand relief
|join|Latias
|
|move|p1a: Alomomola|Scald|p2a: Ferrothorn
|-resisted|p2a: Ferrothorn
|-damage|p2a: Ferrothorn|333\/351
|move|p2a: Ferrothorn|Gyro Ball|p1a: Alomomola
|-resisted|p1a: Alomomola
|-damage|p1a: Alomomola|356\/534
|-damage|p2a: Ferrothorn|275\/351|[from] item: Rocky Helmet|[of] p1a: Alomomola
|
|-heal|p1a: Alomomola|534\/534|[from] move: Wish|[wisher] Alomomola
|-damage|p1a: Alomomola|468\/534|[from] Leech Seed|[of] p2a: Ferrothorn
|-heal|p2a: Ferrothorn|341\/351|[silent]
|turn|9
|join|y4
|
|switch|p2a: Alakazam|Alakazam-Mega, F|131\/251
|-ability|p2a: Alakazam|Regenerator|[from] ability: Trace|[of] p1a: Alomomola
|move|p1a: Alomomola|Wish|p1a: Alomomola
|
|-damage|p1a: Alomomola|402\/534|[from] Leech Seed|[of] p2a: Alakazam
|-heal|p2a: Alakazam|197\/251|[silent]
|turn|10
|c| y4|MY
|c| y4|PINK
|c| y4|BLOBS
|c| y4|HAVE
|c| y4|ARRIVED!
|
|switch|p1a: Chansey|Chansey, F|604\/704
|-damage|p1a: Chansey|516\/704|[from] Stealth Rock
|move|p2a: Alakazam|Calm Mind|p2a: Alakazam
|-boost|p2a: Alakazam|spa|1
|-boost|p2a: Alakazam|spd|1
|
|-heal|p1a: Chansey|704\/704|[from] move: Wish|[wisher] Alomomola
|turn|11
|
|move|p2a: Alakazam|Focus Blast|p1a: Chansey
|-supereffective|p1a: Chansey
|-damage|p1a: Chansey|328\/704
|move|p1a: Chansey|Seismic Toss|p2a: Alakazam
|-damage|p2a: Alakazam|97\/251
|
|turn|12
|
|switch|p1a: Landorus-Therian|Landorus-Therian, M|382\/382
|-damage|p1a: Landorus-Therian|335\/382|[from] Stealth Rock
|-ability|p1a: Landorus-Therian|Intimidate|[of] p2a: Alakazam
|-unboost|p2a: Alakazam|atk|1
|move|p2a: Alakazam|Focus Blast|p1a: Landorus-Therian
|-resisted|p1a: Landorus-Therian
|-damage|p1a: Landorus-Therian|156\/382
|
|-heal|p1a: Landorus-Therian|179\/382|[from] item: Leftovers
|turn|13
|c| y4|2 H K O ' D
|c| ms m s|2hko'd by stoss
|join|terui
|c| ms m s|what a life
|c| y4|HE'S NOT EVEN
|
|switch|p1a: Scizor|Scizor, M|343\/343
|-damage|p1a: Scizor|301\/343|[from] Stealth Rock
|move|p2a: Alakazam|Psychic|p1a: Scizor
|-resisted|p1a: Scizor
|-damage|p1a: Scizor|116\/343
|
|turn|14
|c| y4|this one is tho
|c| ms m s|gj just take 50% on half ur team
|
|switch|p2a: Ferrothorn|Ferrothorn, M|341\/351
|detailschange|p1a: Scizor|Scizor-Mega, M
|message|Scizor has Mega Evolved into Mega Scizor!
|move|p1a: Scizor|Bullet Punch|p2a: Ferrothorn
|-resisted|p2a: Ferrothorn
|-damage|p2a: Ferrothorn|309\/351
|-damage|p1a: Scizor|74\/343|[from] ability: Iron Barbs|[of] p2a: Ferrothorn
|-damage|p1a: Scizor|17\/343|[from] item: Rocky Helmet|[of] p2a: Ferrothorn
|
|turn|15
|c| ms m s|to make it leave
|c| ms m s|spoiler
|c| ms m s|it had regenerator
|c| ms m s|so u just gave it full hp too
|
|move|p1a: Scizor|Roost|p1a: Scizor
|-heal|p1a: Scizor|189\/343
|move|p2a: Ferrothorn|Leech Seed|p1a: Scizor
|-start|p1a: Scizor|move: Leech Seed
|
|-damage|p1a: Scizor|147\/343|[from] Leech Seed|[of] p2a: Ferrothorn
|-heal|p2a: Ferrothorn|351\/351|[silent]
|turn|16
|
|switch|p2a: Zapdos|Zapdos|383\/383
|-ability|p2a: Zapdos|Pressure
|move|p1a: Scizor|Defog|p2a: Zapdos
|-unboost|p2a: Zapdos|evasion|1
|-sideend|p1: Cunty Vibes|Stealth Rock|[from] move: Defog|[of] p1a: Scizor
|
|-damage|p1a: Scizor|105\/343|[from] Leech Seed|[of] p2a: Zapdos
|turn|17
|
|switch|p2a: Landorus-Therian|Landorus-Therian, M|319\/319
|-ability|p2a: Landorus-Therian|Intimidate|[of] p1a: Scizor
|-unboost|p1a: Scizor|atk|1
|switch|p1a: Chansey|Chansey, F|328\/704
|
|turn|18
|leave|terui
|c| y4|KILL EM
|c| y4|hp ice lando...
|c| ms m s|get rocks :~)
|
|move|p1a: Chansey|Protect|p1a: Chansey
|-singleturn|p1a: Chansey|Protect
|move|p2a: Landorus-Therian|Knock Off|p1a: Chansey
|-activate|p1a: Chansey|Protect
|
|turn|19
|c| ms m s|the reveal
|
|switch|p2a: Ferrothorn|Ferrothorn, M|351\/351
|switch|p1a: Alomomola|Alomomola, F|534\/534
|
|turn|20
|
|move|p1a: Alomomola|Wish|p1a: Alomomola
|move|p2a: Ferrothorn|Stealth Rock|p1a: Alomomola
|-sidestart|p1: Cunty Vibes|move: Stealth Rock
|
|turn|21
|
|switch|p1a: Landorus-Therian|Landorus-Therian, M|179\/382
|-damage|p1a: Landorus-Therian|132\/382|[from] Stealth Rock
|-ability|p1a: Landorus-Therian|Intimidate|[of] p2a: Ferrothorn
|-unboost|p2a: Ferrothorn|atk|1
|move|p2a: Ferrothorn|Leech Seed|p1a: Landorus-Therian
|-start|p1a: Landorus-Therian|move: Leech Seed
|
|-heal|p1a: Landorus-Therian|382\/382|[from] move: Wish|[wisher] Alomomola
|-damage|p1a: Landorus-Therian|335\/382|[from] Leech Seed|[of] p2a: Ferrothorn
|turn|22
|
|switch|p1a: Alomomola|Alomomola, F|534\/534
|-damage|p1a: Alomomola|468\/534|[from] Stealth Rock
|move|p2a: Ferrothorn|Leech Seed|p1a: Alomomola|[miss]
|-miss|p2a: Ferrothorn|p1a: Alomomola
|
|turn|23
|
|switch|p1a: Landorus-Therian|Landorus-Therian, M|335\/382
|-damage|p1a: Landorus-Therian|288\/382|[from] Stealth Rock
|-ability|p1a: Landorus-Therian|Intimidate|[of] p2a: Ferrothorn
|-unboost|p2a: Ferrothorn|atk|1
|switch|p2a: Alakazam|Alakazam-Mega, F|180\/251
|-ability|p2a: Alakazam|Intimidate|[from] ability: Trace|[of] p1a: Landorus-Therian
|-ability|p2a: Alakazam|Intimidate|[of] p1a: Landorus-Therian
|-unboost|p1a: Landorus-Therian|atk|1
|
|-heal|p1a: Landorus-Therian|311\/382|[from] item: Leftovers
|turn|24
|join|callumcomingthur
|
|move|p2a: Alakazam|Psychic|p1a: Landorus-Therian
|-damage|p1a: Landorus-Therian|44\/382
|move|p1a: Landorus-Therian|U-turn|p2a: Alakazam
|-supereffective|p2a: Alakazam
|-damage|p2a: Alakazam|26\/251
|
|switch|p1a: Scizor|Scizor-Mega, M|105\/343
|-damage|p1a: Scizor|63\/343|[from] Stealth Rock
|
|turn|25
|c| ms m s|>not eq
|
|move|p2a: Alakazam|Shadow Ball|p1a: Scizor
|-damage|p1a: Scizor|0 fnt
|faint|p1a: Scizor
|
|
|switch|p1a: Conkeldurr|Conkeldurr, M|401\/401
|-damage|p1a: Conkeldurr|376\/401|[from] Stealth Rock
|turn|26
|
|switch|p2a: Zapdos|Zapdos|383\/383
|-ability|p2a: Zapdos|Pressure
|move|p1a: Conkeldurr|Mach Punch|p2a: Zapdos
|-resisted|p2a: Zapdos
|-damage|p2a: Zapdos|350\/383
|
|-heal|p2a: Zapdos|373\/383|[from] item: Leftovers
|turn|27
|
|move|p2a: Zapdos|Discharge|p1a: Conkeldurr
|-damage|p1a: Conkeldurr|277\/401
|-status|p1a: Conkeldurr|par
|cant|p1a: Conkeldurr|par
|
|-heal|p2a: Zapdos|383\/383|[from] item: Leftovers
|turn|28
|c| ms m s|nice guts
|c| ms m s|nice hax*
|
|move|p2a: Zapdos|Discharge|p1a: Conkeldurr
|-damage|p1a: Conkeldurr|169\/401 par
|move|p1a: Conkeldurr|Ice Punch|p2a: Zapdos
|-supereffective|p2a: Zapdos
|-damage|p2a: Zapdos|101\/383
|
|-heal|p2a: Zapdos|124\/383|[from] item: Leftovers
|turn|29
|
|switch|p2a: Ferrothorn|Ferrothorn, M|351\/351
|switch|p1a: Landorus-Therian|Landorus-Therian, M|44\/382
|-damage|p1a: Landorus-Therian|0 fnt|[from] Stealth Rock
|faint|p1a: Landorus-Therian
|
|
|switch|p1a: Alomomola|Alomomola, F|534\/534
|-damage|p1a: Alomomola|468\/534|[from] Stealth Rock
|turn|30
|join|Biz
|
|switch|p2a: Alakazam|Alakazam-Mega, F|26\/251
|-ability|p2a: Alakazam|Regenerator|[from] ability: Trace|[of] p1a: Alomomola
|move|p1a: Alomomola|Scald|p2a: Alakazam
|-damage|p2a: Alakazam|0 fnt
|faint|p2a: Alakazam
|
|
|switch|p2a: Manaphy|Manaphy|403\/403
|turn|31
|c|★Cunty Vibes|fml
|
|move|p2a: Manaphy|Calm Mind|p2a: Manaphy
|-boost|p2a: Manaphy|spa|1
|-boost|p2a: Manaphy|spd|1
|move|p1a: Alomomola|Wish|p1a: Alomomola
|
|turn|32
|
|switch|p1a: Conkeldurr|Conkeldurr, M|169\/401 par
|-damage|p1a: Conkeldurr|144\/401 par|[from] Stealth Rock
|move|p2a: Manaphy|Scald|p1a: Conkeldurr
|-damage|p1a: Conkeldurr|29\/401 par
|
|-heal|p1a: Conkeldurr|296\/401 par|[from] move: Wish|[wisher] Alomomola
|turn|33
|c| ms m s|manaphy......
|
|move|p2a: Manaphy|Rain Dance|p2a: Manaphy
|-weather|RainDance
|move|p1a: Conkeldurr|Drain Punch|p2a: Manaphy
|-damage|p2a: Manaphy|205\/403
|-heal|p1a: Conkeldurr|395\/401 par|[from] drain|[of] p2a: Manaphy
|
|-weather|RainDance|[upkeep]
|-heal|p2a: Manaphy|230\/403|[from] item: Leftovers
|turn|34
|
|switch|p2a: Ferrothorn|Ferrothorn, M|351\/351
|cant|p1a: Conkeldurr|par
|
|-weather|RainDance|[upkeep]
|turn|35
|
|move|p2a: Ferrothorn|Leech Seed|p1a: Conkeldurr|[miss]
|-miss|p2a: Ferrothorn|p1a: Conkeldurr
|cant|p1a: Conkeldurr|par
|
|-weather|RainDance|[upkeep]
|turn|36
|
|move|p2a: Ferrothorn|Leech Seed|p1a: Conkeldurr|[miss]
|-miss|p2a: Ferrothorn|p1a: Conkeldurr
|cant|p1a: Conkeldurr|par
|
|-weather|RainDance|[upkeep]
|turn|37
|c| ms m s|good turns
|c| y4|holy shiot
|
|move|p2a: Ferrothorn|Leech Seed|p1a: Conkeldurr|[miss]
|-miss|p2a: Ferrothorn|p1a: Conkeldurr
|move|p1a: Conkeldurr|Drain Punch|p2a: Ferrothorn
|-supereffective|p2a: Ferrothorn
|-damage|p2a: Ferrothorn|69\/351
|-heal|p1a: Conkeldurr|401\/401 par|[from] drain|[of] p2a: Ferrothorn
|-damage|p1a: Conkeldurr|351\/401 par|[from] ability: Iron Barbs|[of] p2a: Ferrothorn
|-damage|p1a: Conkeldurr|285\/401 par|[from] item: Rocky Helmet|[of] p2a: Ferrothorn
|
|-weather|none
|turn|38
|c| ms m s|LOL
|c| y4|HOLY
|c| y4|SHIT
|c| y4|???
|c| ms m s|4
|c| ms m s|in one game
|c| ms m s|what am i watchin
|c| ms m s|is this bright powdeer conk
|
|move|p1a: Conkeldurr|Mach Punch|p2a: Ferrothorn
|-supereffective|p2a: Ferrothorn
|-damage|p2a: Ferrothorn|0 fnt
|-damage|p1a: Conkeldurr|235\/401 par|[from] ability: Iron Barbs|[of] p2a: Ferrothorn
|-damage|p1a: Conkeldurr|169\/401 par|[from] item: Rocky Helmet|[of] p2a: Ferrothorn
|faint|p2a: Ferrothorn
|
|c|★Henry|ikr
|
|switch|p2a: Landorus-Therian|Landorus-Therian, M|319\/319
|-ability|p2a: Landorus-Therian|Intimidate|[of] p1a: Conkeldurr
|-unboost|p1a: Conkeldurr|atk|1
|turn|39
|
|switch|p1a: Alomomola|Alomomola, F|534\/534
|-damage|p1a: Alomomola|468\/534|[from] Stealth Rock
|move|p2a: Landorus-Therian|U-turn|p1a: Alomomola
|-damage|p1a: Alomomola|389\/534
|-damage|p2a: Landorus-Therian|266\/319|[from] item: Rocky Helmet|[of] p1a: Alomomola
|c| ms m s|how is that even possibl
|
|switch|p2a: Kyurem-Black|Kyurem-Black|405\/405
|-ability|p2a: Kyurem-Black|Teravolt
|
|turn|40
|c| y4|uturned on
|c| y4|w\/ ease
|c| y4|FUCKIN
|
|move|p2a: Kyurem-Black|Fusion Bolt|p1a: Alomomola
|-supereffective|p1a: Alomomola
|-damage|p1a: Alomomola|129\/534
|-damage|p2a: Kyurem-Black|365\/405|[from] item: Life Orb
|move|p1a: Alomomola|Wish|p1a: Alomomola
|
|turn|41
|c| y4|FUSION BOLT
|c| y4|DOESNT EVEN KILL
|
|switch|p2a: Zapdos|Zapdos|124\/383
|-ability|p2a: Zapdos|Pressure
|switch|p1a: Chansey|Chansey, F|328\/704
|-damage|p1a: Chansey|240\/704|[from] Stealth Rock
|
|-heal|p1a: Chansey|507\/704|[from] move: Wish|[wisher] Alomomola
|-heal|p2a: Zapdos|147\/383|[from] item: Leftovers
|turn|42
|c| ms m s|life orb
|c| y4|>mfw
|
|switch|p2a: Manaphy|Manaphy|230\/403
|move|p1a: Chansey|Wish|p1a: Chansey
|
|-heal|p2a: Manaphy|255\/403|[from] item: Leftovers
|turn|43
|
|switch|p1a: Conkeldurr|Conkeldurr, M|169\/401 par
|-damage|p1a: Conkeldurr|144\/401 par|[from] Stealth Rock
|move|p2a: Manaphy|Scald|p1a: Conkeldurr
|-damage|p1a: Conkeldurr|56\/401 par
|
|-heal|p1a: Conkeldurr|401\/401 par|[from] move: Wish|[wisher] Chansey
|-heal|p2a: Manaphy|280\/403|[from] item: Leftovers
|turn|44
|c| ms m s|life orb, base 170 atk, base 100 move
|c| ms m s|super effective on a water type
|c| ms m s|doesnt even do half
|c| ms m s|tfw......
|
|switch|p2a: Landorus-Therian|Landorus-Therian, M|266\/319
|-ability|p2a: Landorus-Therian|Intimidate|[of] p1a: Conkeldurr
|-unboost|p1a: Conkeldurr|atk|1
|move|p1a: Conkeldurr|Ice Punch|p2a: Landorus-Therian
|-supereffective|p2a: Landorus-Therian
|-damage|p2a: Landorus-Therian|0 fnt
|faint|p2a: Landorus-Therian
|
|
|switch|p2a: Manaphy|Manaphy|280\/403
|turn|45
|
|move|p2a: Manaphy|Rain Dance|p2a: Manaphy
|-weather|RainDance
|cant|p1a: Conkeldurr|par
|
|-weather|RainDance|[upkeep]
|-heal|p2a: Manaphy|305\/403|[from] item: Leftovers
|turn|46
|join|specs hydro
|c| specs hydro|AY!
|c| specs hydro|EPIC STALL!
|c|★Henry|i choked game away
|c|★Henry|haha
|c| y4|ur bad
|c|★Henry|ik
|
|move|p2a: Manaphy|Calm Mind|p2a: Manaphy
|-boost|p2a: Manaphy|spa|1
|-boost|p2a: Manaphy|spd|1
|move|p1a: Conkeldurr|Knock Off|p2a: Manaphy
|-damage|p2a: Manaphy|204\/403
|-enditem|p2a: Manaphy|Leftovers|[from] move: Knock Off|[of] p1a: Conkeldurr
|
|-weather|RainDance|[upkeep]
|turn|47
|c| ulcer|henry
|c| ulcer|u should pack like
|c| ulcer|a psychic type
|c| ulcer|to deal w\/ fighting types like this
|
|move|p2a: Manaphy|Calm Mind|p2a: Manaphy
|-boost|p2a: Manaphy|spa|1
|-boost|p2a: Manaphy|spd|1
|move|p1a: Conkeldurr|Drain Punch|p2a: Manaphy
|-damage|p2a: Manaphy|86\/403
|
|-weather|RainDance|[upkeep]
|turn|48
|
|switch|p1a: Chansey|Chansey, F|507\/704
|-damage|p1a: Chansey|419\/704|[from] Stealth Rock
|move|p2a: Manaphy|Rest|p2a: Manaphy
|-status|p2a: Manaphy|slp
|-heal|p2a: Manaphy|403\/403 slp|[silent]
|-status|p2a: Manaphy|slp|[from] move: Rest
|
|-weather|RainDance|[upkeep]
|-curestatus|p2a: Manaphy|slp
|turn|49
|c|★Henry|good idea dude
|
|move|p2a: Manaphy|Calm Mind|p2a: Manaphy
|-boost|p2a: Manaphy|spa|1
|-boost|p2a: Manaphy|spd|1
|move|p1a: Chansey|Wish|p1a: Chansey
|
|-weather|none
|turn|50
|
|switch|p1a: Clefable|Clefable, F|109\/394
|-damage|p1a: Clefable|60\/394|[from] Stealth Rock
|move|p2a: Manaphy|Scald|p1a: Clefable
|-damage|p1a: Clefable|0 fnt
|faint|p1a: Clefable
|
|c| ms m s|is this the throw championships
|
|switch|p1a: Conkeldurr|Conkeldurr, M|401\/401 par
|-damage|p1a: Conkeldurr|376\/401 par|[from] Stealth Rock
|turn|51
|
|move|p2a: Manaphy|Scald|p1a: Conkeldurr
|-damage|p1a: Conkeldurr|159\/401 par
|move|p1a: Conkeldurr|Drain Punch|p2a: Manaphy
|-damage|p2a: Manaphy|216\/403
|-heal|p1a: Conkeldurr|253\/401 par|[from] drain|[of] p2a: Manaphy
|
|turn|52
|c| y4|literally
|c| y4|LITERALLY
|c| ms m s|why not RAIN FIRST
|
|move|p2a: Manaphy|Scald|p1a: Conkeldurr
|-damage|p1a: Conkeldurr|39\/401 par
|move|p1a: Conkeldurr|Drain Punch|p2a: Manaphy
|-damage|p2a: Manaphy|18\/403
|-heal|p1a: Conkeldurr|138\/401 par|[from] drain|[of] p2a: Manaphy
|
|turn|53
|c| y4|LITERALLY?
|c| ms m s|le who is worse
|c| ms m s|the game
|c| y4|SCALD
|c| y4|HERE
|c| y4|HE'S A BITCH!
|
|cant|p1a: Conkeldurr|par
|move|p2a: Manaphy|Scald|p1a: Conkeldurr
|-damage|p1a: Conkeldurr|0 fnt
|faint|p1a: Conkeldurr
|
|c| y4|A BIG BITCH!
|c| y4|lmfao
|c| y4|LMFAO
|c| ms m s|ya fuck u
|c| y4|BLOWN
|c| y4|THE
|c| y4|FUCK
|c| y4|OUT
|c| y4|OF
|c| y4|EVERYTHING
|
|switch|p1a: Alomomola|Alomomola, F|307\/534
|-damage|p1a: Alomomola|241\/534|[from] Stealth Rock
|turn|54
|c| y4|hello?
|c| ms m s|nap time
|c| y4|KILL EM
|c| y4|WITH THE MAGNUM
|c| y4|.44
|
|move|p2a: Manaphy|Scald|p1a: Alomomola
|-resisted|p1a: Alomomola
|-damage|p1a: Alomomola|37\/534
|-status|p1a: Alomomola|brn
|move|p1a: Alomomola|Wish|p1a: Alomomola
|
|-damage|p1a: Alomomola|0 fnt|[from] brn
|faint|p1a: Alomomola
|c| y4|kek
|c| y4|KEK
|c| y4|KEK
|
|switch|p1a: Chansey|Chansey, F|419\/704
|-damage|p1a: Chansey|331\/704|[from] Stealth Rock
|turn|55
|c| y4|__KEK__
|
|move|p2a: Manaphy|Scald|p1a: Chansey
|-damage|p1a: Chansey|190\/704
|move|p1a: Chansey|Seismic Toss|p2a: Manaphy
|-damage|p2a: Manaphy|0 fnt
|faint|p2a: Manaphy
|
|-heal|p1a: Chansey|457\/704|[from] move: Wish|[wisher] Alomomola
|
|switch|p2a: Zapdos|Zapdos|147\/383
|-ability|p2a: Zapdos|Pressure
|turn|56
|c| y4|OK NOW WHAT
|c| ms m s|???????????????????
|c| y4|what
|c| y4|??
|c| ms m s|HENRY U OK?
|c| y4|WHAT>??\/
|c| y4|WHAT???
|c| y4|__WHAT?__
|
|move|p2a: Zapdos|Roost|p2a: Zapdos
|-heal|p2a: Zapdos|339\/383
|move|p1a: Chansey|Wish|p1a: Chansey
|
|-heal|p2a: Zapdos|362\/383|[from] item: Leftovers
|turn|57
|c| y4|what???????
|c| ms m s|why wouldnt u
|c| ms m s|rest
|c|★Henry|im fucking hammered dude
|c|★Henry|idc
|
|move|p1a: Chansey|Protect|p1a: Chansey
|-singleturn|p1a: Chansey|Protect
|move|p2a: Zapdos|Discharge|p1a: Chansey
|-activate|p1a: Chansey|Protect
|
|-heal|p1a: Chansey|704\/704|[from] move: Wish|[wisher] Chansey
|-heal|p2a: Zapdos|383\/383|[from] item: Leftovers
|turn|58
|c| ms m s|??????????????????
|c| ulcer|pss
|
|move|p2a: Zapdos|Defog|p1a: Chansey
|-unboost|p1a: Chansey|evasion|1
|-sideend|p1: Cunty Vibes|Stealth Rock|[from] move: Defog|[of] p1a: Chansey
|move|p1a: Chansey|Seismic Toss|p2a: Zapdos
|-damage|p2a: Zapdos|283\/383
|
|-heal|p2a: Zapdos|306\/383|[from] item: Leftovers
|turn|59
|c| ulcer|henry
|c| ulcer|henry
|c| ms m s|tihs is a game
|c| ulcer|switch
|c| ulcer|to
|c| ulcer|kyurem
|c| ulcer|:>
|c|★Henry|ok dude
|c|★Henry|not tryna be a dick
|c| ulcer|yeah
|c| ulcer|kyurems the dino with the big black cock
|c|★Henry|but i have roost on cube and zapdos
|c| ulcer|btw
|c|★Henry|with full pp in both
|c| y4|;0
|c|★Henry|if you wanna keep going go ahead
|c|★Henry|but you wont win
|c|★Cunty Vibes|sorry but we're stalling this shit out
|
|move|p2a: Zapdos|Roost|p2a: Zapdos
|-heal|p2a: Zapdos|383\/383
|move|p1a: Chansey|Seismic Toss|p2a: Zapdos
|-damage|p2a: Zapdos|283\/383
|
|-heal|p2a: Zapdos|306\/383|[from] item: Leftovers
|turn|60
|
|move|p2a: Zapdos|Discharge|p1a: Chansey
|-damage|p1a: Chansey|628\/704
|move|p1a: Chansey|Seismic Toss|p2a: Zapdos
|-damage|p2a: Zapdos|206\/383
|
|-heal|p2a: Zapdos|229\/383|[from] item: Leftovers
|turn|61
|c| ms m s|u also had manaphy who could get to +9
|c| ms m s|but where'd it go o_O
|
|move|p2a: Zapdos|Heat Wave|p1a: Chansey
|-damage|p1a: Chansey|572\/704
|move|p1a: Chansey|Seismic Toss|p2a: Zapdos
|-damage|p2a: Zapdos|129\/383
|
|-heal|p2a: Zapdos|152\/383|[from] item: Leftovers
|turn|62
|
|move|p2a: Zapdos|Roost|p2a: Zapdos
|-heal|p2a: Zapdos|344\/383
|move|p1a: Chansey|Seismic Toss|p2a: Zapdos
|-damage|p2a: Zapdos|244\/383
|
|-heal|p2a: Zapdos|267\/383|[from] item: Leftovers
|turn|63
|c|★Henry|★Henry: im fucking hammered dude
|c|★Henry|thats where it went
|c| y4|;)
|
|move|p1a: Chansey|Protect|p1a: Chansey
|-singleturn|p1a: Chansey|Protect
|move|p2a: Zapdos|Heat Wave|p1a: Chansey
|-activate|p1a: Chansey|Protect
|
|-heal|p2a: Zapdos|290\/383|[from] item: Leftovers
|turn|64
|
|move|p2a: Zapdos|Heat Wave|p1a: Chansey
|-damage|p1a: Chansey|519\/704
|move|p1a: Chansey|Seismic Toss|p2a: Zapdos
|-damage|p2a: Zapdos|190\/383
|
|-heal|p2a: Zapdos|213\/383|[from] item: Leftovers
|turn|65
|leave|Latias
|
|move|p1a: Chansey|Protect|p1a: Chansey
|-singleturn|p1a: Chansey|Protect
|move|p2a: Zapdos|Roost|p2a: Zapdos
|-heal|p2a: Zapdos|383\/383
|
|turn|66
|c| ulcer|ell stall faec
|
|move|p2a: Zapdos|Defog|p1a: Chansey
|-unboost|p1a: Chansey|evasion|1
|move|p1a: Chansey|Seismic Toss|p2a: Zapdos
|-damage|p2a: Zapdos|283\/383
|
|-heal|p2a: Zapdos|306\/383|[from] item: Leftovers
|turn|67
|
|move|p2a: Zapdos|Defog|p1a: Chansey
|-unboost|p1a: Chansey|evasion|1
|move|p1a: Chansey|Seismic Toss|p2a: Zapdos
|-damage|p2a: Zapdos|206\/383
|
|-heal|p2a: Zapdos|229\/383|[from] item: Leftovers
|turn|68
|
|move|p2a: Zapdos|Defog|p1a: Chansey
|-unboost|p1a: Chansey|evasion|1
|move|p1a: Chansey|Seismic Toss|p2a: Zapdos
|-damage|p2a: Zapdos|129\/383
|
|-heal|p2a: Zapdos|152\/383|[from] item: Leftovers
|turn|69
|join|doge ebinest
|c| ulcer|use
|c| ulcer|dynamicpunch
|c| ulcer|here
|
|move|p2a: Zapdos|Roost|p2a: Zapdos
|-heal|p2a: Zapdos|344\/383
|move|p1a: Chansey|Seismic Toss|p2a: Zapdos
|-damage|p2a: Zapdos|244\/383
|
|-heal|p2a: Zapdos|267\/383|[from] item: Leftovers
|turn|70
|
|move|p1a: Chansey|Protect|p1a: Chansey
|-singleturn|p1a: Chansey|Protect
|move|p2a: Zapdos|Heat Wave|p1a: Chansey
|-activate|p1a: Chansey|Protect
|
|-heal|p2a: Zapdos|290\/383|[from] item: Leftovers
|turn|71
|
|move|p2a: Zapdos|Heat Wave|p1a: Chansey
|-crit|p1a: Chansey
|-damage|p1a: Chansey|430\/704
|move|p1a: Chansey|Seismic Toss|p2a: Zapdos
|-damage|p2a: Zapdos|190\/383
|
|-heal|p2a: Zapdos|213\/383|[from] item: Leftovers
|turn|72
|
|move|p1a: Chansey|Protect|p1a: Chansey
|-singleturn|p1a: Chansey|Protect
|move|p2a: Zapdos|Heat Wave|p1a: Chansey
|-activate|p1a: Chansey|Protect
|
|-heal|p2a: Zapdos|236\/383|[from] item: Leftovers
|turn|73
|
|move|p1a: Chansey|Protect|p1a: Chansey
|-fail|p1a: Chansey
|move|p2a: Zapdos|Heat Wave|p1a: Chansey
|-damage|p1a: Chansey|373\/704
|
|-heal|p2a: Zapdos|259\/383|[from] item: Leftovers
|turn|74
|
|move|p2a: Zapdos|Heat Wave|p1a: Chansey
|-damage|p1a: Chansey|319\/704
|move|p1a: Chansey|Wish|p1a: Chansey
|
|-heal|p2a: Zapdos|282\/383|[from] item: Leftovers
|turn|75
|leave|callumcomingthur
|
|move|p1a: Chansey|Protect|p1a: Chansey
|-singleturn|p1a: Chansey|Protect
|move|p2a: Zapdos|Heat Wave|p1a: Chansey
|-activate|p1a: Chansey|Protect
|
|-heal|p1a: Chansey|671\/704|[from] move: Wish|[wisher] Chansey
|-heal|p2a: Zapdos|305\/383|[from] item: Leftovers
|turn|76
|
|move|p2a: Zapdos|Roost|p2a: Zapdos
|-heal|p2a: Zapdos|383\/383
|move|p1a: Chansey|Seismic Toss|p2a: Zapdos
|-damage|p2a: Zapdos|283\/383
|
|-heal|p2a: Zapdos|306\/383|[from] item: Leftovers
|turn|77
|c|★Henry|uh
|c|★Henry|stoss is affectd by pressure right
|c|★Henry|r-right
|
|move|p2a: Zapdos|Heat Wave|p1a: Chansey
|-damage|p1a: Chansey|611\/704
|move|p1a: Chansey|Seismic Toss|p2a: Zapdos
|-damage|p2a: Zapdos|206\/383
|
|-heal|p2a: Zapdos|229\/383|[from] item: Leftovers
|turn|78
|
|move|p1a: Chansey|Protect|p1a: Chansey
|-singleturn|p1a: Chansey|Protect
|move|p2a: Zapdos|Defog|p1a: Chansey
|-activate|p1a: Chansey|Protect
|
|-heal|p2a: Zapdos|252\/383|[from] item: Leftovers
|turn|79
|c| Biz|it's gotta be
|c|★Cunty Vibes|ah damn they fixed the pressure bug
|
|move|p1a: Chansey|Protect|p1a: Chansey
|-singleturn|p1a: Chansey|Protect
|move|p2a: Zapdos|Heat Wave|p1a: Chansey
|-activate|p1a: Chansey|Protect
|
|-heal|p2a: Zapdos|275\/383|[from] item: Leftovers
|turn|80
|
|move|p1a: Chansey|Protect|p1a: Chansey
|-fail|p1a: Chansey
|move|p2a: Zapdos|Heat Wave|p1a: Chansey
|-damage|p1a: Chansey|556\/704
|
|-heal|p2a: Zapdos|298\/383|[from] item: Leftovers
|turn|81
|
|move|p2a: Zapdos|Discharge|p1a: Chansey
|-damage|p1a: Chansey|478\/704
|-status|p1a: Chansey|par
|cant|p1a: Chansey|par
|
|-heal|p2a: Zapdos|321\/383|[from] item: Leftovers
|turn|82
|
|move|p1a: Chansey|Protect|p1a: Chansey
|-singleturn|p1a: Chansey|Protect
|move|p2a: Zapdos|Roost|p2a: Zapdos
|-heal|p2a: Zapdos|383\/383
|
|turn|83
|
|move|p1a: Chansey|Protect|p1a: Chansey
|-fail|p1a: Chansey
|move|p2a: Zapdos|Defog|p1a: Chansey
|-unboost|p1a: Chansey|evasion|1
|
|turn|84
|
|cant|p1a: Chansey|par
|move|p2a: Zapdos|Defog|p1a: Chansey
|-unboost|p1a: Chansey|evasion|1
|
|turn|85
|
|move|p1a: Chansey|Protect|p1a: Chansey
|-singleturn|p1a: Chansey|Protect
|move|p2a: Zapdos|Defog|p1a: Chansey
|-activate|p1a: Chansey|Protect
|
|turn|86
|
|move|p2a: Zapdos|Defog|p1a: Chansey
|cant|p1a: Chansey|par
|
|turn|87
|
|move|p2a: Zapdos|Heat Wave|p1a: Chansey
|-damage|p1a: Chansey|422\/704 par
|move|p1a: Chansey|Wish|p1a: Chansey
|
|turn|88
|c| ulcer|only 3 heat waves left
|c| ulcer|then you can switch to scizor
|c| ulcer|and sweep
|
|move|p1a: Chansey|Protect|p1a: Chansey
|-singleturn|p1a: Chansey|Protect
|move|p2a: Zapdos|Discharge|p1a: Chansey
|-activate|p1a: Chansey|Protect
|
|-heal|p1a: Chansey|704\/704 par|[from] move: Wish|[wisher] Chansey
|turn|89
|c| ulcer|;)
|
|move|p1a: Chansey|Protect|p1a: Chansey
|-fail|p1a: Chansey
|move|p2a: Zapdos|Defog|p1a: Chansey
|
|turn|90
|c|★Henry|>setting timer
|
|move|p2a: Zapdos|Discharge|p1a: Chansey
|-damage|p1a: Chansey|628\/704 par
|cant|p1a: Chansey|par
|
|turn|91
|
|move|p2a: Zapdos|Defog|p1a: Chansey
|cant|p1a: Chansey|par
|
|turn|92
|
|move|p2a: Zapdos|Defog|p1a: Chansey
|move|p1a: Chansey|Wish|p1a: Chansey
|
|turn|93
|
|move|p2a: Zapdos|Defog|p1a: Chansey
|move|p1a: Chansey|Wish|p1a: Chansey
|-fail|p1a: Chansey
|
|-heal|p1a: Chansey|704\/704 par|[from] move: Wish|[wisher] Chansey
|turn|94
|
|move|p2a: Zapdos|Defog|p1a: Chansey
|move|p1a: Chansey|Heal Bell|p1a: Chansey
|-cureteam|p1a: Chansey|[from] move: HealBell
|
|turn|95
|join|lce Kyub
|
|move|p2a: Zapdos|Heat Wave|p1a: Chansey
|-damage|p1a: Chansey|644\/704
|move|p1a: Chansey|Heal Bell|p1a: Chansey
|-cureteam|p1a: Chansey|[from] move: HealBell
|
|turn|96
|
|move|p2a: Zapdos|Heat Wave|p1a: Chansey
|-damage|p1a: Chansey|588\/704
|move|p1a: Chansey|Heal Bell|p1a: Chansey
|-cureteam|p1a: Chansey|[from] move: HealBell
|
|turn|97
|
|move|p2a: Zapdos|Heat Wave|p1a: Chansey
|-damage|p1a: Chansey|532\/704
|move|p1a: Chansey|Heal Bell|p1a: Chansey
|-cureteam|p1a: Chansey|[from] move: HealBell
|
|turn|98
|
|move|p2a: Zapdos|Discharge|p1a: Chansey
|-damage|p1a: Chansey|465\/704
|move|p1a: Chansey|Heal Bell|p1a: Chansey
|-cureteam|p1a: Chansey|[from] move: HealBell
|
|turn|99
|
|move|p2a: Zapdos|Discharge|p1a: Chansey
|-damage|p1a: Chansey|389\/704
|-status|p1a: Chansey|par
|cant|p1a: Chansey|par
|
|turn|100
|
|switch|p2a: Kyurem-Black|Kyurem-Black|365\/405
|-ability|p2a: Kyurem-Black|Teravolt
|move|p1a: Chansey|Wish|p1a: Chansey
|
|turn|101
|
|switch|p2a: Zapdos|Zapdos|383\/383
|-ability|p2a: Zapdos|Pressure
|move|p1a: Chansey|Seismic Toss|p2a: Zapdos
|-damage|p2a: Zapdos|283\/383
|
|-heal|p1a: Chansey|704\/704 par|[from] move: Wish|[wisher] Chansey
|-heal|p2a: Zapdos|306\/383|[from] item: Leftovers
|turn|102
|c|★Henry|are you like
|c|★Henry|really gonna do this
|c|★Henry|you wont win
|c|★Henry|i promise
|c|★Cunty Vibes|yup
|c|★Cunty Vibes|ik
|c|★Henry|ok!
|join|Laughingfoxx
|
|switch|p2a: Kyurem-Black|Kyurem-Black|365\/405
|-ability|p2a: Kyurem-Black|Teravolt
|cant|p1a: Chansey|par
|
|turn|103
|
|move|p2a: Kyurem-Black|Fusion Bolt|p1a: Chansey
|-damage|p1a: Chansey|493\/704 par
|-damage|p2a: Kyurem-Black|325\/405|[from] item: Life Orb
|move|p1a: Chansey|Wish|p1a: Chansey
|
|turn|104
|
|switch|p2a: Zapdos|Zapdos|306\/383
|-ability|p2a: Zapdos|Pressure
|cant|p1a: Chansey|par
|
|-heal|p1a: Chansey|704\/704 par|[from] move: Wish|[wisher] Chansey
|-heal|p2a: Zapdos|329\/383|[from] item: Leftovers
|turn|105
|
|move|p2a: Zapdos|Defog|p1a: Chansey
|move|p1a: Chansey|Seismic Toss|p2a: Zapdos
|-damage|p2a: Zapdos|229\/383
|
|-heal|p2a: Zapdos|252\/383|[from] item: Leftovers
|turn|106
|leave|Laughingfoxx
|c| ms m s|u para'd him
|c| ms m s|in a pp war?!?
|join|jeffrawr
|join|Pixelboy113
|c|★Henry|yeah i did it on purpose
|c| y4|^^^
|
|move|p2a: Zapdos|Defog|p1a: Chansey
|move|p1a: Chansey|Wish|p1a: Chansey
|
|-heal|p2a: Zapdos|275\/383|[from] item: Leftovers
|turn|107
|
|move|p2a: Zapdos|Defog|p1a: Chansey
|cant|p1a: Chansey|par
|
|-heal|p2a: Zapdos|298\/383|[from] item: Leftovers
|turn|108
|join|Ballahu Backbar
|leave|Pixelboy113
|join|ello bitches
|c|★Henry|you have like
|c|★Henry|1 stoss left
|
|move|p2a: Zapdos|Defog|p1a: Chansey
|move|p1a: Chansey|Heal Bell|p1a: Chansey
|-cureteam|p1a: Chansey|[from] move: HealBell
|
|-heal|p2a: Zapdos|321\/383|[from] item: Leftovers
|turn|109
|
|move|p2a: Zapdos|Defog|p1a: Chansey
|move|p1a: Chansey|Heal Bell|p1a: Chansey
|-cureteam|p1a: Chansey|[from] move: HealBell
|
|-heal|p2a: Zapdos|344\/383|[from] item: Leftovers
|turn|110
|c| lce Kyub|how are you gonna actually go for a pp stall war vs a zapdos
|c| ms m s|p sure he has like 15
|c| ms m s|oh pressure
|c| y4|pressure only affects attacks
|
|move|p2a: Zapdos|Defog|p1a: Chansey
|move|p1a: Chansey|Heal Bell|p1a: Chansey
|-cureteam|p1a: Chansey|[from] move: HealBell
|
|-heal|p2a: Zapdos|367\/383|[from] item: Leftovers
|turn|111
|c| y4|STOP!!
|join|5thromo
|c| y4|effects
|c| ms m s|he has 0 then
|c| y4|idk
|c| y4|mayve
|c| ms m s|he used 1 vs zam
|
|move|p2a: Zapdos|Defog|p1a: Chansey
|move|p1a: Chansey|Wish|p1a: Chansey
|
|-heal|p2a: Zapdos|383\/383|[from] item: Leftovers
|turn|112
|c| ms m s|1 vs manaphy
|leave|5thromo
|join|franhdez
|c| ms m s|15 vs zap
|
|move|p2a: Zapdos|Defog|p1a: Chansey
|move|p1a: Chansey|Wish|p1a: Chansey
|-fail|p1a: Chansey
|
|turn|113
|c| ms m s|thats 32....
|c|★Henry|yeah he has no stoss
|c| y4|did u not jsut read
|c| y4|o
|c|★Henry|down to a few wishes
|c| y4|stots...
|c| y4|stots..................
|c|★Henry|i fucking told him he lost
|c|★Henry|idk why hes wasting his own time
|
|move|p2a: Zapdos|Defog|p1a: Chansey
|move|p1a: Chansey|Wish|p1a: Chansey
|
|turn|114
|c|★Cunty Vibes|i know, just being a cunt
|
|move|p2a: Zapdos|Defog|p1a: Chansey
|move|p1a: Chansey|Wish|p1a: Chansey
|-fail|p1a: Chansey
|
|turn|115
|c| ms m s|sore loser etc
|join|u-coon
|c| lce Kyub|ya you also have kyub too tbh
|c|★Henry|cube has fucking roost
|join|Kapranos
|
|move|p2a: Zapdos|Roost|p2a: Zapdos
|-fail|p2a: Zapdos
|move|p1a: Chansey|Wish|p1a: Chansey
|
|turn|116
|
|switch|p2a: Kyurem-Black|Kyurem-Black|325\/405
|-ability|p2a: Kyurem-Black|Teravolt
|-activate|p1a: Chansey|move: Struggle
|move|p1a: Chansey|Struggle|p2a: Kyurem-Black
|-damage|p2a: Kyurem-Black|322\/405
|-damage|p1a: Chansey|528\/704
|
|-heal|p1a: Chansey|704\/704|[from] move: Wish|[wisher] Chansey
|turn|117
|c| jeffrawr|if only this chansey had toxic \/:
|c| lce Kyub|not to mention that chansey cant do damage to him
|
|move|p2a: Kyurem-Black|Roost|p2a: Kyurem-Black
|-heal|p2a: Kyurem-Black|405\/405
|-activate|p1a: Chansey|move: Struggle
|move|p1a: Chansey|Struggle|p2a: Kyurem-Black
|-damage|p2a: Kyurem-Black|401\/405
|-damage|p1a: Chansey|528\/704
|
|turn|118
|c| ms m s|pressure stall the struggle
|c|★Henry|was this worth it champ?
|c| ello bitches|screwed
|c|★Henry|made no difference to me
|
|move|p2a: Kyurem-Black|Fusion Bolt|p1a: Chansey
|-damage|p1a: Chansey|329\/704
|-damage|p2a: Kyurem-Black|361\/405|[from] item: Life Orb
|-activate|p1a: Chansey|move: Struggle
|move|p1a: Chansey|Struggle|p2a: Kyurem-Black
|-damage|p2a: Kyurem-Black|358\/405
|-damage|p1a: Chansey|153\/704
|
|turn|119
|leave|Kapranos
|c| y4|AYY LMOP
|c|★Cunty Vibes|lel gg :]
|leave|Ballahu Backbar
|c|★Henry|gg
|join|chumped
|c| y4|:[
|c| y4|:]
|
|move|p2a: Kyurem-Black|Fusion Bolt|p1a: Chansey
|-damage|p1a: Chansey|0 fnt
|-damage|p2a: Kyurem-Black|318\/405|[from] item: Life Orb
|faint|p1a: Chansey
|
|win|Henry
|raw|Ladder updating...
|raw|Cunty Vibes's rating: 1869 &rarr; <strong>1848<\/strong><br \/>(-21 for losing)
|raw|Henry's rating: 1844 &rarr; <strong>1865<\/strong><br \/>(+21 for winning)
|leave|Cunty Vibes
|c| y4|>not having it struggle
|player|p1
|leave|Biz
|leave|ms m s
|leave|u-coon
|leave|chumped
|leave|y4
|leave|ello bitches