|join|Marky B
|join|Count Bleck
|player|p1|Marky B|264
|player|p2|Count Bleck|238
|gametype|singles
|gen|6
|tier|UU
|rated
|rule|Sleep Clause Mod: Limit one foe put to sleep
|rule|Species Clause: Limit one of each Pokémon
|rule|OHKO Clause: OHKO moves are banned
|rule|Moody Clause: Moody is banned
|rule|Evasion Moves Clause: Evasion moves are banned
|rule|Endless Battle Clause: Forcing endless battles is banned
|rule|HP Percentage Mod: HP is shown in percentages
|clearpoke
|poke|p1|Sharpedo, F
|poke|p1|Mienshao, F
|poke|p1|Bronzong
|poke|p1|Donphan, F
|poke|p1|Raikou
|poke|p1|Goodra, M
|poke|p2|Milotic, F, shiny
|poke|p2|Banette, F, shiny
|poke|p2|Crobat, F
|poke|p2|Moltres
|poke|p2|Scrafty, M
|poke|p2|Roserade, F
|rule|Swagger Clause: Swagger is banned
|rule|Baton Pass Clause: Limit one Pokémon knowing Baton Pass
|teampreview
|
|start
|switch|p1a: Mienshao|Mienshao, F|271\/271
|switch|p2a: Arthur|Roserade, F|261\/261
|turn|1
|
|switch|p2a: Etnie|Banette, F, shiny|332\/332
|move|p1a: Mienshao|Knock Off|p2a: Etnie
|-supereffective|p2a: Etnie
|-damage|p2a: Etnie|108\/332
|
|turn|2
|
|detailschange|p2a: Etnie|Banette-Mega, F, shiny
|message|Banette has Mega Evolved into Mega Banette!
|move|p1a: Mienshao|Knock Off|p2a: Etnie
|-supereffective|p2a: Etnie
|-damage|p2a: Etnie|0 fnt
|faint|p2a: Etnie
|
|
|switch|p2a: From Shadows|Crobat, F|374\/374
|turn|3
|
|switch|p1a: Raikou|Raikou|321\/321
|-ability|p1a: Raikou|Pressure
|move|p2a: From Shadows|U-turn|p1a: Raikou
|-damage|p1a: Raikou|258\/321
|
|switch|p2a: Ray|Scrafty, M|334\/334
|
|turn|4
|
|move|p1a: Raikou|Volt Switch|p2a: Ray
|-damage|p2a: Ray|178\/334
|
|switch|p1a: Donphan|Donphan, F|384\/384
|move|p2a: Ray|Knock Off|p1a: Donphan
|-damage|p1a: Donphan|294\/384
|-enditem|p1a: Donphan|Leftovers|[from] move: Knock Off|[of] p2a: Ray
|
|-heal|p2a: Ray|198\/334|[from] item: Leftovers
|turn|5
|
|move|p2a: Ray|Bulk Up|p2a: Ray
|-boost|p2a: Ray|atk|1
|-boost|p2a: Ray|def|1
|move|p1a: Donphan|Stealth Rock|p2a: Ray
|-sidestart|p2: Count Bleck|move: Stealth Rock
|
|-heal|p2a: Ray|218\/334|[from] item: Leftovers
|turn|6
|
|move|p2a: Ray|Bulk Up|p2a: Ray
|-boost|p2a: Ray|atk|1
|-boost|p2a: Ray|def|1
|move|p1a: Donphan|Knock Off|p2a: Ray
|-resisted|p2a: Ray
|-damage|p2a: Ray|208\/334
|-enditem|p2a: Ray|Leftovers|[from] move: Knock Off|[of] p1a: Donphan
|
|turn|7
|
|switch|p1a: Mienshao|Mienshao, F|271\/271
|move|p2a: Ray|Drain Punch|p1a: Mienshao
|-crit|p1a: Mienshao
|-damage|p1a: Mienshao|0 fnt
|-heal|p2a: Ray|334\/334|[from] drain|[of] p1a: Mienshao
|faint|p1a: Mienshao
|
|
|switch|p1a: Raikou|Raikou|258\/321
|-ability|p1a: Raikou|Pressure
|turn|8
|
|move|p1a: Raikou|Volt Switch|p2a: Ray
|-damage|p2a: Ray|195\/334
|
|switch|p1a: Bronzong|Bronzong|336\/336
|move|p2a: Ray|Drain Punch|p1a: Bronzong
|-damage|p1a: Bronzong|150\/336
|-heal|p2a: Ray|288\/334|[from] drain|[of] p1a: Bronzong
|
|-heal|p1a: Bronzong|171\/336|[from] item: Leftovers
|turn|9
|
|move|p2a: Ray|Knock Off|p1a: Bronzong
|-supereffective|p1a: Bronzong
|-damage|p1a: Bronzong|0 fnt
|-enditem|p1a: Bronzong|Leftovers|[from] move: Knock Off|[of] p2a: Ray
|faint|p1a: Bronzong
|
|
|switch|p1a: Raikou|Raikou|258\/321
|-ability|p1a: Raikou|Pressure
|turn|10
|
|move|p1a: Raikou|Thunderbolt|p2a: Ray
|-damage|p2a: Ray|81\/334
|move|p2a: Ray|Drain Punch|p1a: Raikou
|-damage|p1a: Raikou|0 fnt
|-heal|p2a: Ray|210\/334|[from] drain|[of] p1a: Raikou
|faint|p1a: Raikou
|
|
|switch|p1a: Sharpedo|Sharpedo, F|281\/281
|turn|11
|
|detailschange|p1a: Sharpedo|Sharpedo-Mega, F
|message|Sharpedo has Mega Evolved into Mega Sharpedo!
|move|p1a: Sharpedo|Waterfall|p2a: Ray
|-crit|p2a: Ray
|-damage|p2a: Ray|5\/334
|move|p2a: Ray|Drain Punch|p1a: Sharpedo
|-supereffective|p1a: Sharpedo
|-damage|p1a: Sharpedo|0 fnt
|-heal|p2a: Ray|146\/334|[from] drain|[of] p1a: Sharpedo
|faint|p1a: Sharpedo
|
|
|switch|p1a: Goodra|Goodra, M|383\/383
|turn|12
|
|move|p1a: Goodra|Dragon Pulse|p2a: Ray
|-damage|p2a: Ray|19\/334
|move|p2a: Ray|Rest|p2a: Ray
|-status|p2a: Ray|slp
|-heal|p2a: Ray|334\/334 slp|[silent]
|-status|p2a: Ray|slp|[from] move: Rest
|
|-activate|p2a: Ray|ability: Shed Skin
|-curestatus|p2a: Ray|slp
|turn|13
|
|move|p1a: Goodra|Dragon Pulse|p2a: Ray
|-damage|p2a: Ray|205\/334
|move|p2a: Ray|Drain Punch|p1a: Goodra
|-damage|p1a: Goodra|86\/383
|-heal|p2a: Ray|334\/334|[from] drain|[of] p1a: Goodra
|-unboost|p2a: Ray|spe|1
|
|turn|14
|-message|Marky B forfeited.
|
|win|Count Bleck
|raw|Ladder updating...
|leave|Marky B
|player|p1
|raw|Marky B's rating: 1422 &rarr; <strong>1397<\/strong><br \/>(-25 for losing)
|raw|Count Bleck's rating: 1321 &rarr; <strong>1347<\/strong><br \/>(+26 for winning)