|join|The Supercomputer
|join|MoB Barley
|player|p1|The Supercomputer|150
|player|p2|MoB Barley|161
|gametype|singles
|gen|6
|tier|OU
|rated
|clearpoke
|poke|p1|Bisharp, M, shiny
|poke|p1|Azelf, shiny
|poke|p1|Gengar, M, shiny
|poke|p1|Latios, M, shiny
|poke|p1|Lopunny, F, shiny
|poke|p1|Crawdaunt, F, shiny
|poke|p2|Diancie, shiny
|poke|p2|Hydreigon, M
|poke|p2|Magnezone, shiny
|poke|p2|Jirachi, shiny
|poke|p2|Landorus-Therian, M
|poke|p2|Azumarill, M, shiny
|rule|Swagger Clause: Swagger is banned
|rule|Baton Pass Clause: Limit one Pokémon knowing Baton Pass
|rule|Sleep Clause Mod: Limit one foe put to sleep
|rule|Species Clause: Limit one of each Pokémon
|rule|OHKO Clause: OHKO moves are banned
|rule|Moody Clause: Moody is banned
|rule|Evasion Moves Clause: Evasion moves are banned
|rule|Endless Battle Clause: Forcing endless battles is banned
|rule|HP Percentage Mod: HP is shown in percentages
|teampreview
|
|start
|switch|p1a: Azelf|Azelf, shiny|291\/291
|switch|p2a: Angel|Diancie, shiny|241\/241
|turn|1
|join|Panda Problems
|
|detailschange|p2a: Angel|Diancie-Mega, shiny
|-mega|p2a: Angel|Diancie|Diancite
|move|p2a: Angel|Protect|p2a: Angel
|-singleturn|p2a: Angel|Protect
|move|p1a: Azelf|Stealth Rock|p2a: Angel
|move|p2a: Angel|Stealth Rock|p1a: Azelf|[from]Magic Bounce
|-sidestart|p1: The Supercomputer|move: Stealth Rock
|
|turn|2
|
|move|p1a: Azelf|Skill Swap|p2a: Angel
|-activate|p1a: Azelf|move: Skill Swap|Magic Bounce|Levitate|[of] p2a: Angel
|move|p2a: Angel|Moonblast|p1a: Azelf
|-damage|p1a: Azelf|5\/291
|
|turn|3
|join|Khaliem
|
|move|p1a: Azelf|Stealth Rock|p2a: Angel
|-sidestart|p2: MoB Barley|move: Stealth Rock
|move|p2a: Angel|Moonblast|p1a: Azelf
|-damage|p1a: Azelf|0 fnt
|faint|p1a: Azelf
|
|
|switch|p1a: Crawdaunt|Crawdaunt, F, shiny|267\/267
|-damage|p1a: Crawdaunt|234\/267|[from] Stealth Rock
|turn|4
|
|switch|p2a: Illuminati|Hydreigon, M|325\/325
|-damage|p2a: Illuminati|285\/325|[from] Stealth Rock
|move|p1a: Crawdaunt|Aqua Jet|p2a: Illuminati
|-resisted|p2a: Illuminati
|-damage|p2a: Illuminati|219\/325
|-damage|p1a: Crawdaunt|208\/267|[from] item: Life Orb
|
|turn|5
|
|move|p2a: Illuminati|Draco Meteor|p1a: Crawdaunt
|-damage|p1a: Crawdaunt|0 fnt
|-unboost|p2a: Illuminati|spa|2
|-damage|p2a: Illuminati|187\/325|[from] item: Life Orb
|faint|p1a: Crawdaunt
|
|
|switch|p1a: Lopunny|Lopunny, F, shiny|271\/271
|-damage|p1a: Lopunny|238\/271|[from] Stealth Rock
|turn|6
|
|detailschange|p1a: Lopunny|Lopunny-Mega, F, shiny
|-mega|p1a: Lopunny|Lopunny|Lopunnite
|move|p1a: Lopunny|Ice Punch|p2a: Illuminati
|-supereffective|p2a: Illuminati
|-damage|p2a: Illuminati|0 fnt
|faint|p2a: Illuminati
|
|
|switch|p2a: land doge|Landorus-Therian, M|319\/319
|-damage|p2a: land doge|280\/319|[from] Stealth Rock
|-ability|p2a: land doge|Intimidate|[of] p1a: Lopunny
|-unboost|p1a: Lopunny|atk|1
|turn|7
|
|move|p2a: land doge|U-turn|p1a: Lopunny
|-resisted|p1a: Lopunny
|-damage|p1a: Lopunny|188\/271
|
|switch|p2a: Starburst|Jirachi, shiny|404\/404
|-damage|p2a: Starburst|379\/404|[from] Stealth Rock
|move|p1a: Lopunny|High Jump Kick|p2a: Starburst
|-damage|p2a: Starburst|229\/404
|
|-heal|p2a: Starburst|254\/404|[from] item: Leftovers
|turn|8
|join|I'm Bi...sharp
|join|Hiye
|join|Mega Magic Bounce
|
|move|p1a: Lopunny|High Jump Kick|p2a: Starburst
|-damage|p2a: Starburst|104\/404
|move|p2a: Starburst|U-turn|p1a: Lopunny
|-resisted|p1a: Lopunny
|-damage|p1a: Lopunny|159\/271
|
|switch|p2a: Wabbit Season|Azumarill, M, shiny|360\/360
|-damage|p2a: Wabbit Season|315\/360|[from] Stealth Rock
|
|turn|9
|
|switch|p1a: Latios|Latios, M, shiny|301\/301
|-damage|p1a: Latios|264\/301|[from] Stealth Rock
|move|p2a: Wabbit Season|Play Rough|p1a: Latios
|-supereffective|p1a: Latios
|-damage|p1a: Latios|0 fnt
|faint|p1a: Latios
|
|
|switch|p1a: Gengar|Gengar, M, shiny|261\/261
|-damage|p1a: Gengar|229\/261|[from] Stealth Rock
|turn|10
|join|Huula
|
|switch|p2a: Starburst|Jirachi, shiny|104\/404
|-damage|p2a: Starburst|79\/404|[from] Stealth Rock
|move|p1a: Gengar|Focus Blast|p2a: Starburst
|-damage|p2a: Starburst|0 fnt
|-damage|p1a: Gengar|203\/261|[from] item: Life Orb
|faint|p2a: Starburst
|
|
|switch|p2a: Magneto|Magnezone, shiny|281\/281
|-damage|p2a: Magneto|264\/281|[from] Stealth Rock
|turn|11
|
|switch|p1a: Bisharp|Bisharp, M, shiny|271\/271
|-damage|p1a: Bisharp|255\/271|[from] Stealth Rock
|move|p2a: Magneto|Thunderbolt|p1a: Bisharp
|-damage|p1a: Bisharp|47\/271
|
|turn|12
|join|DAngel69
|
|move|p1a: Bisharp|Sucker Punch|p2a: Magneto
|-damage|p2a: Magneto|100\/281
|-damage|p1a: Bisharp|20\/271|[from] item: Life Orb
|move|p2a: Magneto|Thunderbolt|p1a: Bisharp
|-damage|p1a: Bisharp|0 fnt
|faint|p1a: Bisharp
|
|
|switch|p1a: Lopunny|Lopunny-Mega, F, shiny|159\/271
|-damage|p1a: Lopunny|143\/271|[from] Stealth Rock
|turn|13
|
|switch|p2a: land doge|Landorus-Therian, M|280\/319
|-damage|p2a: land doge|241\/319|[from] Stealth Rock
|-ability|p2a: land doge|Intimidate|[of] p1a: Lopunny
|-unboost|p1a: Lopunny|atk|1
|move|p1a: Lopunny|High Jump Kick|p2a: land doge
|-resisted|p2a: land doge
|-damage|p2a: land doge|157\/319
|
|turn|14
|
|move|p2a: land doge|U-turn|p1a: Lopunny
|-resisted|p1a: Lopunny
|-damage|p1a: Lopunny|93\/271
|
|switch|p2a: Angel|Diancie-Mega, shiny|241\/241
|-damage|p2a: Angel|211\/241|[from] Stealth Rock
|move|p1a: Lopunny|High Jump Kick|p2a: Angel
|-crit|p2a: Angel
|-damage|p2a: Angel|0 fnt
|faint|p2a: Angel
|
|join|DennisEG
|
|switch|p2a: Wabbit Season|Azumarill, M, shiny|315\/360
|-damage|p2a: Wabbit Season|270\/360|[from] Stealth Rock
|turn|15
|
|move|p2a: Wabbit Season|Aqua Jet|p1a: Lopunny
|-damage|p1a: Lopunny|3\/271
|move|p1a: Lopunny|Frustration|p2a: Wabbit Season
|-damage|p2a: Wabbit Season|122\/360
|-enditem|p2a: Wabbit Season|Sitrus Berry|[eat]
|-heal|p2a: Wabbit Season|212\/360|[from] item: Sitrus Berry
|
|turn|16
|-message|The Supercomputer forfeited.
|leave|The Supercomputer
|
|win|MoB Barley
|raw|Ladder updating...
|player|p1
|leave|Mega Magic Bounce
|raw|The Supercomputer's rating: 1735 &rarr; <strong>1716<\/strong><br \/>(-19 for losing)
|raw|MoB Barley's rating: 1752 &rarr; <strong>1771<\/strong><br \/>(+19 for winning)
|leave|MoB Barley
|leave|DennisEG
|player|p2
|leave|Panda Problems
|leave|Huula
|leave|Hiye