|join|jeythegrey
|join|iDave
|player|p1|jeythegrey|266
|player|p2|iDave|101
|gametype|singles
|gen|6
|tier|UU
|rated
|rule|Sleep Clause Mod: Limit one foe put to sleep
|rule|Species Clause: Limit one of each Pokémon
|rule|OHKO Clause: OHKO moves are banned
|rule|Moody Clause: Moody is banned
|rule|Evasion Moves Clause: Evasion moves are banned
|rule|Endless Battle Clause: Forcing endless battles is banned
|rule|HP Percentage Mod: HP is shown in percentages
|clearpoke
|poke|p1|Shuckle, F
|poke|p1|Lucario, M
|poke|p1|Chandelure, M
|poke|p1|Florges, F
|poke|p1|Haxorus, F
|poke|p1|Honchkrow, F
|poke|p2|Milotic, M
|poke|p2|Noivern, M
|poke|p2|Scrafty, F
|poke|p2|Forretress, M
|poke|p2|Porygon-Z
|poke|p2|Arcanine, M
|rule|Swagger Clause: Swagger is banned
|rule|Baton Pass Clause: Limit one Pokémon knowing Baton Pass
|teampreview
|join|Da Raikage
|join|Acce gor
|
|start
|switch|p1a: Chandelure|Chandelure, M|261\/261
|switch|p2a: Noivern|Noivern, M|311\/311
|turn|1
|
|switch|p1a: Florges|Florges, F|350\/350
|move|p2a: Noivern|Shadow Ball|p1a: Florges
|-damage|p1a: Florges|277\/350
|-unboost|p1a: Florges|spd|1
|
|-heal|p1a: Florges|298\/350|[from] item: Leftovers
|turn|2
|
|switch|p2a: Milotic|Milotic, M|394\/394
|switch|p1a: Chandelure|Chandelure, M|261\/261
|
|turn|3
|
|switch|p1a: Haxorus|Haxorus, F|293\/293
|-ability|p1a: Haxorus|Mold Breaker
|move|p2a: Milotic|Mirror Coat|p1a: Haxorus
|-fail|p1a: Haxorus
|
|turn|4
|c|★iDave|good play
|
|switch|p2a: Forretress|Forretress, M|354\/354
|move|p1a: Haxorus|Swords Dance|p1a: Haxorus
|-boost|p1a: Haxorus|atk|2
|
|turn|5
|
|move|p1a: Haxorus|Earthquake|p2a: Forretress
|-damage|p2a: Forretress|200\/354
|move|p2a: Forretress|Stealth Rock|p1a: Haxorus
|-sidestart|p1: jeythegrey|move: Stealth Rock
|
|-heal|p2a: Forretress|222\/354|[from] item: Leftovers
|turn|6
|
|switch|p2a: Noivern|Noivern, M|311\/311
|move|p1a: Haxorus|Outrage|p2a: Noivern
|-supereffective|p2a: Noivern
|-damage|p2a: Noivern|0 fnt
|faint|p2a: Noivern
|
|c| Acce gor|OH SHIT
|c|★iDave|omg
|
|switch|p2a: Forretress|Forretress, M|222\/354
|turn|7
|
|move|p1a: Haxorus|Outrage|p2a: Forretress
|-resisted|p2a: Forretress
|-damage|p2a: Forretress|68\/354
|move|p2a: Forretress|Gyro Ball|p1a: Haxorus
|-crit|p1a: Haxorus
|-damage|p1a: Haxorus|112\/293
|
|-heal|p2a: Forretress|90\/354|[from] item: Leftovers
|turn|8
|c|★iDave|i thought you were going for eq
|
|move|p1a: Haxorus|Outrage|p2a: Forretress
|-resisted|p2a: Forretress
|-damage|p2a: Forretress|0 fnt
|faint|p2a: Forretress
|
|-end|p1a: Haxorus|rampage
|-start|p1a: Haxorus|confusion
|
|switch|p2a: Scrafty|Scrafty, F|271\/271
|-enditem|p1a: Haxorus|Lum Berry|[eat]
|-end|p1a: Haxorus|confusion
|turn|9
|
|move|p1a: Haxorus|Outrage|p2a: Scrafty
|-damage|p2a: Scrafty|0 fnt
|faint|p2a: Scrafty
|
|
|switch|p2a: Porygon-Z|Porygon-Z|312\/312
|turn|10
|c|★iDave|gg
|
|move|p2a: Porygon-Z|Tri Attack|p1a: Haxorus
|-damage|p1a: Haxorus|0 fnt
|faint|p1a: Haxorus
|
|
|switch|p1a: Lucario|Lucario, M|281\/281
|-damage|p1a: Lucario|273\/281|[from] Stealth Rock
|turn|11
|
|switch|p2a: Arcanine|Arcanine, M|321\/321
|-ability|p2a: Arcanine|Intimidate|[of] p1a: Lucario
|-unboost|p1a: Lucario|atk|1
|move|p1a: Lucario|Close Combat|p2a: Arcanine
|-damage|p2a: Arcanine|99\/321
|-unboost|p1a: Lucario|def|1
|-unboost|p1a: Lucario|spd|1
|-damage|p1a: Lucario|245\/281|[from] item: Life Orb
|
|turn|12
|
|switch|p2a: Porygon-Z|Porygon-Z|312\/312
|move|p1a: Lucario|Extreme Speed|p2a: Porygon-Z
|-damage|p2a: Porygon-Z|204\/312
|-damage|p1a: Lucario|217\/281|[from] item: Life Orb
|
|turn|13
|
|switch|p1a: Shuckle|Shuckle, F|244\/244
|-damage|p1a: Shuckle|183\/244|[from] Stealth Rock
|move|p2a: Porygon-Z|Tri Attack|p1a: Shuckle
|-resisted|p1a: Shuckle
|-damage|p1a: Shuckle|139\/244
|
|turn|14
|
|switch|p2a: Arcanine|Arcanine, M|99\/321
|-ability|p2a: Arcanine|Intimidate|[of] p1a: Shuckle
|-unboost|p1a: Shuckle|atk|1
|move|p1a: Shuckle|Stealth Rock|p2a: Arcanine
|-sidestart|p2: iDave|move: Stealth Rock
|
|turn|15
|
|move|p2a: Arcanine|Morning Sun|p2a: Arcanine
|-heal|p2a: Arcanine|259\/321
|move|p1a: Shuckle|Sticky Web|p2a: Arcanine
|-sidestart|p2: iDave|move: Sticky Web
|
|turn|16
|
|move|p2a: Arcanine|Flare Blitz|p1a: Shuckle
|-damage|p1a: Shuckle|29\/244
|-damage|p2a: Arcanine|223\/321|[from] recoil|[of] p1a: Shuckle
|-damage|p2a: Arcanine|191\/321|[from] item: Life Orb
|move|p1a: Shuckle|Knock Off|p2a: Arcanine
|-damage|p2a: Arcanine|176\/321
|-enditem|p2a: Arcanine|Life Orb|[from] move: Knock Off|[of] p1a: Shuckle
|
|turn|17
|
|move|p2a: Arcanine|Morning Sun|p2a: Arcanine
|-heal|p2a: Arcanine|321\/321
|move|p1a: Shuckle|Encore|p2a: Arcanine
|-start|p2a: Arcanine|Encore
|
|turn|18
|
|switch|p2a: Porygon-Z|Porygon-Z|204\/312
|-activate|p2a: Porygon-Z|move: Sticky Web
|-unboost|p2a: Porygon-Z|spe|1
|-damage|p2a: Porygon-Z|165\/312|[from] Stealth Rock
|move|p1a: Shuckle|Knock Off|p2a: Porygon-Z
|-damage|p2a: Porygon-Z|148\/312
|-enditem|p2a: Porygon-Z|Choice Scarf|[from] move: Knock Off|[of] p1a: Shuckle
|
|turn|19
|-message|iDave forfeited.
|
|win|jeythegrey
|raw|Ladder updating...
|leave|iDave
|player|p2
|raw|jeythegrey's rating: 1491 &rarr; <strong>1506<\/strong><br \/>(+15 for winning)
|raw|iDave's rating: 1405 &rarr; <strong>1390<\/strong><br \/>(-15 for losing)