|join|Mydonut
|join|JeyTheGrey
|player|p1|Mydonut|153
|player|p2|JeyTheGrey|163
|gametype|singles
|gen|6
|tier|UU
|rated
|rule|Sleep Clause Mod: Limit one foe put to sleep
|rule|Species Clause: Limit one of each Pokémon
|rule|OHKO Clause: OHKO moves are banned
|rule|Moody Clause: Moody is banned
|rule|Evasion Moves Clause: Evasion moves are banned
|rule|Endless Battle Clause: Forcing endless battles is banned
|rule|HP Percentage Mod: HP is shown in percentages
|clearpoke
|poke|p1|Krookodile, M, shiny
|poke|p1|Blastoise, M
|poke|p1|Florges, F
|poke|p1|Braviary, M
|poke|p1|Metagross
|poke|p1|Raikou, shiny
|poke|p2|Alakazam, F
|poke|p2|Crobat, F
|poke|p2|Swampert, M
|poke|p2|Florges, F
|poke|p2|Hydreigon, F
|poke|p2|Lucario, M
|rule|Swagger Clause: Swagger is banned
|rule|Baton Pass Clause: Limit one Pokémon knowing Baton Pass
|teampreview
|
|start
|switch|p1a: Raikou|Raikou, shiny|322\/322
|switch|p2a: Hydreigon|Hydreigon, F|325\/325
|-ability|p1a: Raikou|Pressure
|turn|1
|
|move|p2a: Hydreigon|U-turn|p1a: Raikou
|-damage|p1a: Raikou|253\/322
|
|switch|p2a: Swampert|Swampert, M|404\/404
|move|p1a: Raikou|Hidden Power|p2a: Swampert
|-supereffective|p2a: Swampert
|-damage|p2a: Swampert|0 fnt
|faint|p2a: Swampert
|
|
|switch|p2a: Alakazam|Alakazam, F|252\/252
|turn|2
|
|switch|p1a: Orchidee|Florges, F|360\/360
|detailschange|p2a: Alakazam|Alakazam-Mega, F
|message|Alakazam has Mega Evolved into Mega Alakazam!
|-ability|p2a: Alakazam|Symbiosis|[from] ability: Trace|[of] p1a: Orchidee
|move|p2a: Alakazam|Shadow Ball|p1a: Orchidee
|-crit|p1a: Orchidee
|-damage|p1a: Orchidee|243\/360
|-unboost|p1a: Orchidee|spd|1
|
|-heal|p1a: Orchidee|265\/360|[from] item: Leftovers
|turn|3
|
|move|p1a: Orchidee|Protect|p1a: Orchidee
|-singleturn|p1a: Orchidee|Protect
|move|p2a: Alakazam|Calm Mind|p2a: Alakazam
|-boost|p2a: Alakazam|spa|1
|-boost|p2a: Alakazam|spd|1
|
|-heal|p1a: Orchidee|287\/360|[from] item: Leftovers
|turn|4
|
|switch|p1a: General Greivous|Metagross|364\/364
|move|p2a: Alakazam|Focus Blast|p1a: General Greivous|[miss]
|-miss|p2a: Alakazam|p1a: General Greivous
|
|turn|5
|
|move|p1a: General Greivous|Bullet Punch|p2a: Alakazam
|-damage|p2a: Alakazam|77\/252
|move|p2a: Alakazam|Shadow Ball|p1a: General Greivous
|-supereffective|p1a: General Greivous
|-damage|p1a: General Greivous|0 fnt
|faint|p1a: General Greivous
|
|
|switch|p1a: Canada|Braviary, M|341\/341
|turn|6
|
|switch|p2a: Crobat|Crobat, F|311\/311
|move|p1a: Canada|Brave Bird|p2a: Crobat
|-damage|p2a: Crobat|68\/311
|-damage|p1a: Canada|261\/341|[from] recoil|[of] p2a: Crobat
|
|-heal|p2a: Crobat|87\/311|[from] item: Leftovers
|turn|7
|
|move|p1a: Canada|Brave Bird|p2a: Crobat
|-damage|p2a: Crobat|0 fnt
|-damage|p1a: Canada|232\/341|[from] recoil|[of] p2a: Crobat
|faint|p2a: Crobat
|
|
|switch|p2a: Florges|Florges, F|360\/360
|turn|8
|
|switch|p1a: Raikou|Raikou, shiny|253\/322
|-ability|p1a: Raikou|Pressure
|move|p2a: Florges|Wish|p2a: Florges
|
|turn|9
|
|move|p1a: Raikou|Volt Switch|p2a: Florges
|-damage|p2a: Florges|243\/360
|
|switch|p1a: Orchidee|Florges, F|287\/360
|move|p2a: Florges|Moonblast|p1a: Orchidee
|-damage|p1a: Orchidee|209\/360
|
|-heal|p2a: Florges|360\/360|[from] move: Wish|[wisher] Florges
|-heal|p1a: Orchidee|231\/360|[from] item: Leftovers
|turn|10
|
|move|p2a: Florges|Wish|p2a: Florges
|move|p1a: Orchidee|Wish|p1a: Orchidee
|
|-heal|p1a: Orchidee|253\/360|[from] item: Leftovers
|turn|11
|
|switch|p2a: Lucario|Lucario, M|281\/281
|move|p1a: Orchidee|Moonblast|p2a: Lucario
|-damage|p2a: Lucario|127\/281
|-unboost|p2a: Lucario|spa|1
|
|-heal|p1a: Orchidee|360\/360|[from] move: Wish|[wisher] Orchidee
|-heal|p2a: Lucario|281\/281|[from] move: Wish|[wisher] Florges
|turn|12
|
|move|p2a: Lucario|Swords Dance|p2a: Lucario
|-boost|p2a: Lucario|atk|2
|move|p1a: Orchidee|Moonblast|p2a: Lucario
|-damage|p2a: Lucario|119\/281
|
|turn|13
|
|move|p2a: Lucario|Iron Tail|p1a: Orchidee
|-supereffective|p1a: Orchidee
|-damage|p1a: Orchidee|0 fnt
|-damage|p2a: Lucario|91\/281|[from] item: Life Orb
|faint|p1a: Orchidee
|
|
|switch|p1a: Franky|Blastoise, M|351\/351
|turn|14
|
|detailschange|p1a: Franky|Blastoise-Mega, M
|message|Blastoise has Mega Evolved into Mega Blastoise!
|move|p2a: Lucario|Close Combat|p1a: Franky
|-damage|p1a: Franky|0 fnt
|-unboost|p2a: Lucario|def|1
|-unboost|p2a: Lucario|spd|1
|-damage|p2a: Lucario|63\/281|[from] item: Life Orb
|faint|p1a: Franky
|
|-message|Mydonut forfeited.
|
|win|JeyTheGrey
|raw|Ladder updating...
|leave|Mydonut
|player|p1
|raw|Mydonut's rating: 1542 &rarr; <strong>1529<\/strong><br \/>(-13 for losing)
|raw|JeyTheGrey's rating: 1668 &rarr; <strong>1681<\/strong><br \/>(+13 for winning)