|join|WhiteQueen
|join|JeyTheGrey
|player|p1|WhiteQueen|101
|player|p2|JeyTheGrey|163
|gametype|singles
|gen|6
|tier|UU
|rated
|rule|Sleep Clause Mod: Limit one foe put to sleep
|rule|Species Clause: Limit one of each Pokémon
|rule|OHKO Clause: OHKO moves are banned
|rule|Moody Clause: Moody is banned
|rule|Evasion Moves Clause: Evasion moves are banned
|rule|Endless Battle Clause: Forcing endless battles is banned
|rule|HP Percentage Mod: HP is shown in percentages
|clearpoke
|poke|p1|Infernape, M
|poke|p1|Absol, M
|poke|p1|Forretress, F
|poke|p1|Krookodile, M
|poke|p1|Slowking, F
|poke|p1|Amoonguss, F
|poke|p2|Alakazam, M
|poke|p2|Crobat, M
|poke|p2|Swampert, M
|poke|p2|Florges, F
|poke|p2|Hydreigon, M
|poke|p2|Lucario, F
|rule|Swagger Clause: Swagger is banned
|rule|Baton Pass Clause: Limit one Pokémon knowing Baton Pass
|teampreview
|
|start
|switch|p1a: Infernape|Infernape, M|293\/293
|switch|p2a: Crobat|Crobat, M|311\/311
|turn|1
|
|switch|p1a: Amoonguss|Amoonguss, F|432\/432
|move|p2a: Crobat|U-turn|p1a: Amoonguss
|-damage|p1a: Amoonguss|372\/432
|-damage|p2a: Crobat|260\/311|[from] item: Rocky Helmet|[of] p1a: Amoonguss
|
|switch|p2a: Alakazam|Alakazam, M|252\/252
|
|turn|2
|
|switch|p1a: Slowking|Slowking, F|393\/393
|detailschange|p2a: Alakazam|Alakazam-Mega, M
|message|Alakazam has Mega Evolved into Mega Alakazam!
|-ability|p2a: Alakazam|Regenerator|[from] ability: Trace|[of] p1a: Slowking
|move|p2a: Alakazam|Shadow Ball|p1a: Slowking
|-supereffective|p1a: Slowking
|-damage|p1a: Slowking|279\/393
|
|turn|3
|
|switch|p2a: Hydreigon|Hydreigon, M|325\/325
|move|p1a: Slowking|Scald|p2a: Hydreigon
|-crit|p2a: Hydreigon
|-resisted|p2a: Hydreigon
|-damage|p2a: Hydreigon|253\/325
|
|turn|4
|
|move|p2a: Hydreigon|U-turn|p1a: Slowking
|-supereffective|p1a: Slowking
|-damage|p1a: Slowking|145\/393
|
|switch|p2a: Lucario|Lucario, F|281\/281
|move|p1a: Slowking|Scald|p2a: Lucario
|-damage|p2a: Lucario|161\/281
|-status|p2a: Lucario|brn
|
|-damage|p2a: Lucario|126\/281 brn|[from] brn
|turn|5
|
|switch|p2a: Florges|Florges, F|360\/360
|switch|p1a: Amoonguss|Amoonguss, F|432\/432
|
|turn|6
|
|move|p2a: Florges|Aromatherapy|p2a: Florges
|-cureteam|p2a: Florges|[from] move: Aromatherapy
|move|p1a: Amoonguss|Sludge Bomb|p2a: Florges
|-supereffective|p2a: Florges
|-damage|p2a: Florges|226\/360
|
|-heal|p2a: Florges|248\/360|[from] item: Leftovers
|turn|7
|
|switch|p2a: Crobat|Crobat, M|260\/311
|move|p1a: Amoonguss|Spore|p2a: Crobat
|-status|p2a: Crobat|slp
|
|-heal|p2a: Crobat|279\/311 slp|[from] item: Leftovers
|turn|8
|
|switch|p2a: Alakazam|Alakazam-Mega, M|252\/252
|-ability|p2a: Alakazam|Regenerator|[from] ability: Trace|[of] p1a: Amoonguss
|move|p1a: Amoonguss|Sludge Bomb|p2a: Alakazam
|-damage|p2a: Alakazam|153\/252
|
|turn|9
|
|switch|p1a: Slowking|Slowking, F|276\/393
|move|p2a: Alakazam|Psyshock|p1a: Slowking
|-resisted|p1a: Slowking
|-damage|p1a: Slowking|169\/393
|
|turn|10
|
|switch|p2a: Florges|Florges, F|248\/360
|move|p1a: Slowking|Scald|p2a: Florges
|-damage|p2a: Florges|187\/360
|
|-heal|p2a: Florges|209\/360|[from] item: Leftovers
|turn|11
|
|switch|p1a: Amoonguss|Amoonguss, F|432\/432
|move|p2a: Florges|Wish|p2a: Florges
|
|-heal|p2a: Florges|231\/360|[from] item: Leftovers
|turn|12
|
|switch|p2a: Alakazam|Alakazam-Mega, M|237\/252
|-ability|p2a: Alakazam|Regenerator|[from] ability: Trace|[of] p1a: Amoonguss
|move|p1a: Amoonguss|Sludge Bomb|p2a: Alakazam
|-damage|p2a: Alakazam|146\/252
|
|-heal|p2a: Alakazam|252\/252|[from] move: Wish|[wisher] Florges
|turn|13
|
|move|p2a: Alakazam|Calm Mind|p2a: Alakazam
|-boost|p2a: Alakazam|spa|1
|-boost|p2a: Alakazam|spd|1
|move|p1a: Amoonguss|Sludge Bomb|p2a: Alakazam
|-damage|p2a: Alakazam|191\/252
|
|turn|14
|
|switch|p1a: Absol|Absol, M|272\/272
|-ability|p1a: Absol|Pressure
|move|p2a: Alakazam|Focus Blast|p1a: Absol
|-supereffective|p1a: Absol
|-damage|p1a: Absol|0 fnt
|faint|p1a: Absol
|
|
|switch|p1a: Infernape|Infernape, M|293\/293
|turn|15
|
|switch|p2a: Swampert|Swampert, M|404\/404
|move|p1a: Infernape|U-turn|p2a: Swampert
|-damage|p2a: Swampert|353\/404
|
|switch|p1a: Amoonguss|Amoonguss, F|432\/432
|
|-heal|p2a: Swampert|378\/404|[from] item: Leftovers
|turn|16
|join|IDOUSM
|
|switch|p2a: Alakazam|Alakazam-Mega, M|252\/252
|-ability|p2a: Alakazam|Regenerator|[from] ability: Trace|[of] p1a: Amoonguss
|move|p1a: Amoonguss|Sludge Bomb|p2a: Alakazam
|-damage|p2a: Alakazam|155\/252
|
|turn|17
|
|switch|p1a: Slowking|Slowking, F|300\/393
|move|p2a: Alakazam|Shadow Ball|p1a: Slowking
|-supereffective|p1a: Slowking
|-damage|p1a: Slowking|184\/393
|
|turn|18
|
|switch|p2a: Florges|Florges, F|231\/360
|move|p1a: Slowking|Scald|p2a: Florges
|-damage|p2a: Florges|165\/360
|
|-heal|p2a: Florges|187\/360|[from] item: Leftovers
|turn|19
|
|switch|p1a: Amoonguss|Amoonguss, F|432\/432
|move|p2a: Florges|Wish|p2a: Florges
|
|-heal|p2a: Florges|209\/360|[from] item: Leftovers
|turn|20
|
|move|p2a: Florges|Protect|p2a: Florges
|-singleturn|p2a: Florges|Protect
|move|p1a: Amoonguss|Sludge Bomb|p2a: Florges
|-activate|p2a: Florges|Protect
|
|-heal|p2a: Florges|360\/360|[from] move: Wish|[wisher] Florges
|turn|21
|
|switch|p2a: Lucario|Lucario, F|126\/281
|move|p1a: Amoonguss|Sludge Bomb|p2a: Lucario
|-immune|p2a: Lucario|[msg]
|
|turn|22
|
|move|p2a: Lucario|Swords Dance|p2a: Lucario
|-boost|p2a: Lucario|atk|2
|move|p1a: Amoonguss|Giga Drain|p2a: Lucario
|-resisted|p2a: Lucario
|-damage|p2a: Lucario|76\/281
|
|turn|23
|
|move|p2a: Lucario|Iron Tail|p1a: Amoonguss
|-damage|p1a: Amoonguss|58\/432
|-damage|p2a: Lucario|30\/281|[from] item: Rocky Helmet|[of] p1a: Amoonguss
|-damage|p2a: Lucario|2\/281|[from] item: Life Orb
|move|p1a: Amoonguss|Giga Drain|p2a: Lucario
|-resisted|p2a: Lucario
|-damage|p2a: Lucario|0 fnt
|-heal|p1a: Amoonguss|59\/432|[from] drain|[of] p2a: Lucario
|faint|p2a: Lucario
|
|
|switch|p2a: Alakazam|Alakazam-Mega, M|239\/252
|-ability|p2a: Alakazam|Regenerator|[from] ability: Trace|[of] p1a: Amoonguss
|turn|24
|
|switch|p1a: Slowking|Slowking, F|315\/393
|move|p2a: Alakazam|Psyshock|p1a: Slowking
|-resisted|p1a: Slowking
|-damage|p1a: Slowking|201\/393
|
|turn|25
|
|move|p2a: Alakazam|Calm Mind|p2a: Alakazam
|-boost|p2a: Alakazam|spa|1
|-boost|p2a: Alakazam|spd|1
|move|p1a: Slowking|Scald|p2a: Alakazam
|-damage|p2a: Alakazam|172\/252
|
|turn|26
|
|switch|p1a: Forretress|Forretress, F|353\/353
|move|p2a: Alakazam|Shadow Ball|p1a: Forretress
|-damage|p1a: Forretress|153\/353
|
|-heal|p1a: Forretress|175\/353|[from] item: Leftovers
|turn|27
|
|move|p2a: Alakazam|Shadow Ball|p1a: Forretress
|-damage|p1a: Forretress|0 fnt
|faint|p1a: Forretress
|
|
|switch|p1a: Infernape|Infernape, M|293\/293
|turn|28
|
|switch|p2a: Florges|Florges, F|360\/360
|move|p1a: Infernape|U-turn|p2a: Florges
|-resisted|p2a: Florges
|-damage|p2a: Florges|329\/360
|
|switch|p1a: Amoonguss|Amoonguss, F|203\/432
|
|-heal|p2a: Florges|351\/360|[from] item: Leftovers
|turn|29
|-message|WhiteQueen forfeited.
|
|win|JeyTheGrey
|raw|Ladder updating...
|leave|WhiteQueen
|player|p1
|leave|IDOUSM