|join|jeythegrey
|join|PieNinja
|player|p1|jeythegrey|163
|player|p2|PieNinja|92
|gametype|singles
|gen|6
|tier|UU
|rated
|rule|Sleep Clause Mod: Limit one foe put to sleep
|rule|Species Clause: Limit one of each Pokémon
|rule|OHKO Clause: OHKO moves are banned
|rule|Moody Clause: Moody is banned
|rule|Evasion Moves Clause: Evasion moves are banned
|rule|Endless Battle Clause: Forcing endless battles is banned
|rule|HP Percentage Mod: HP is shown in percentages
|clearpoke
|poke|p1|Alakazam, M
|poke|p1|Crobat, M
|poke|p1|Swampert, M
|poke|p1|Florges, F
|poke|p1|Hydreigon, M
|poke|p1|Lucario, M
|poke|p2|Rhyperior, M
|poke|p2|Infernape, F
|poke|p2|Florges, F, shiny
|poke|p2|Blastoise, M
|poke|p2|Nidoking, M, shiny
|poke|p2|Honchkrow, F
|rule|Swagger Clause: Swagger is banned
|rule|Baton Pass Clause: Limit one Pokémon knowing Baton Pass
|teampreview
|
|start
|switch|p1a: Crobat|Crobat, M|311\/311
|switch|p2a: Infernape|Infernape, F|293\/293
|turn|1
|join|Keaa
|c|★jeythegrey|lag
|c| Keaa|meins lagt
|c| Keaa|auch
|
|move|p2a: Infernape|U-turn|p1a: Crobat
|-resisted|p1a: Crobat
|-damage|p1a: Crobat|289\/311
|
|switch|p2a: HardBody|Rhyperior, M|434\/434
|move|p1a: Crobat|U-turn|p2a: HardBody
|-damage|p2a: HardBody|394\/434
|
|switch|p1a: Swampert|Swampert, M|404\/404
|
|-heal|p2a: HardBody|421\/434|[from] item: Leftovers
|turn|2
|c|★jeythegrey|schlimm
|
|switch|p2a: Honchkrow|Honchkrow, F|341\/341
|move|p1a: Swampert|Scald|p2a: Honchkrow
|-damage|p2a: Honchkrow|194\/341
|
|turn|3
|
|move|p2a: Honchkrow|Brave Bird|p1a: Swampert
|-damage|p1a: Swampert|213\/404
|-damage|p2a: Honchkrow|131\/341|[from] recoil|[of] p1a: Swampert
|-damage|p2a: Honchkrow|97\/341|[from] item: Life Orb
|move|p1a: Swampert|Scald|p2a: Honchkrow
|-damage|p2a: Honchkrow|0 fnt
|faint|p2a: Honchkrow
|
|-heal|p1a: Swampert|238\/404|[from] item: Leftovers
|
|switch|p2a: OverWeight Koopa|Blastoise, M|362\/362
|turn|4
|
|switch|p1a: Hydreigon|Hydreigon, M|325\/325
|detailschange|p2a: OverWeight Koopa|Blastoise-Mega, M
|message|Blastoise has Mega Evolved into Mega Blastoise!
|move|p2a: OverWeight Koopa|Water Pulse|p1a: Hydreigon
|-resisted|p1a: Hydreigon
|-damage|p1a: Hydreigon|225\/325
|
|turn|5
|
|move|p1a: Hydreigon|U-turn|p2a: OverWeight Koopa
|-damage|p2a: OverWeight Koopa|313\/362
|
|switch|p1a: Florges|Florges, F|360\/360
|move|p2a: OverWeight Koopa|Aura Sphere|p1a: Florges
|-resisted|p1a: Florges
|-damage|p1a: Florges|304\/360
|
|-heal|p1a: Florges|326\/360|[from] item: Leftovers
|turn|6
|
|switch|p1a: Alakazam|Alakazam, M|252\/252
|move|p2a: OverWeight Koopa|Water Pulse|p1a: Alakazam
|-damage|p1a: Alakazam|62\/252
|
|turn|7
|
|switch|p1a: Florges|Florges, F|326\/360
|move|p2a: OverWeight Koopa|Water Pulse|p1a: Florges
|-damage|p1a: Florges|194\/360
|
|-heal|p1a: Florges|216\/360|[from] item: Leftovers
|turn|8
|
|move|p2a: OverWeight Koopa|Water Pulse|p1a: Florges
|-damage|p1a: Florges|81\/360
|move|p1a: Florges|Wish|p1a: Florges
|
|-heal|p1a: Florges|103\/360|[from] item: Leftovers
|turn|9
|
|move|p1a: Florges|Protect|p1a: Florges
|-singleturn|p1a: Florges|Protect
|move|p2a: OverWeight Koopa|Water Pulse|p1a: Florges
|-activate|p1a: Florges|Protect
|
|-heal|p1a: Florges|283\/360|[from] move: Wish|[wisher] Florges
|-heal|p1a: Florges|305\/360|[from] item: Leftovers
|turn|10
|
|switch|p2a: SatisfactoryBreh|Nidoking, M, shiny|304\/304
|move|p1a: Florges|Wish|p1a: Florges
|
|-heal|p1a: Florges|327\/360|[from] item: Leftovers
|turn|11
|join|IDOUSM
|
|switch|p1a: Crobat|Crobat, M|289\/311
|move|p2a: SatisfactoryBreh|Sludge Wave|p1a: Crobat
|-resisted|p1a: Crobat
|-damage|p1a: Crobat|151\/311
|
|-heal|p1a: Crobat|311\/311|[from] move: Wish|[wisher] Florges
|turn|12
|
|move|p1a: Crobat|Brave Bird|p2a: SatisfactoryBreh
|-damage|p2a: SatisfactoryBreh|82\/304
|-damage|p1a: Crobat|238\/311|[from] recoil|[of] p2a: SatisfactoryBreh
|move|p2a: SatisfactoryBreh|Ice Beam|p1a: Crobat
|-supereffective|p1a: Crobat
|-damage|p1a: Crobat|0 fnt
|faint|p1a: Crobat
|
|
|switch|p1a: Alakazam|Alakazam, M|62\/252
|turn|13
|
|switch|p2a: WaterMePls|Florges, F, shiny|360\/360
|detailschange|p1a: Alakazam|Alakazam-Mega, M
|message|Alakazam has Mega Evolved into Mega Alakazam!
|-ability|p1a: Alakazam|Flower Veil|[from] ability: Trace|[of] p2a: WaterMePls
|move|p1a: Alakazam|Psyshock|p2a: WaterMePls
|-damage|p2a: WaterMePls|90\/360
|
|-heal|p2a: WaterMePls|112\/360|[from] item: Leftovers
|turn|14
|
|move|p1a: Alakazam|Psyshock|p2a: WaterMePls
|-crit|p2a: WaterMePls
|-damage|p2a: WaterMePls|0 fnt
|faint|p2a: WaterMePls
|
|
|switch|p2a: Infernape|Infernape, F|293\/293
|turn|15
|
|switch|p1a: Swampert|Swampert, M|238\/404
|move|p2a: Infernape|U-turn|p1a: Swampert
|-damage|p1a: Swampert|181\/404
|
|switch|p2a: OverWeight Koopa|Blastoise-Mega, M|313\/362
|
|-heal|p1a: Swampert|206\/404|[from] item: Leftovers
|turn|16
|c| Keaa|strong counter
|
|switch|p1a: Florges|Florges, F|327\/360
|move|p2a: OverWeight Koopa|Water Pulse|p1a: Florges
|-damage|p1a: Florges|206\/360
|
|-heal|p1a: Florges|228\/360|[from] item: Leftovers
|turn|17
|
|move|p2a: OverWeight Koopa|Water Pulse|p1a: Florges
|-damage|p1a: Florges|95\/360
|move|p1a: Florges|Moonblast|p2a: OverWeight Koopa
|-crit|p2a: OverWeight Koopa
|-damage|p2a: OverWeight Koopa|160\/362
|
|-heal|p1a: Florges|117\/360|[from] item: Leftovers
|turn|18
|
|move|p1a: Florges|Protect|p1a: Florges
|-singleturn|p1a: Florges|Protect
|move|p2a: OverWeight Koopa|Water Pulse|p1a: Florges
|-activate|p1a: Florges|Protect
|
|-heal|p1a: Florges|139\/360|[from] item: Leftovers
|turn|19
|
|move|p2a: OverWeight Koopa|Water Pulse|p1a: Florges
|-damage|p1a: Florges|12\/360
|move|p1a: Florges|Moonblast|p2a: OverWeight Koopa
|-damage|p2a: OverWeight Koopa|48\/362
|
|-heal|p1a: Florges|34\/360|[from] item: Leftovers
|turn|20
|
|move|p1a: Florges|Protect|p1a: Florges
|-singleturn|p1a: Florges|Protect
|move|p2a: OverWeight Koopa|Water Pulse|p1a: Florges
|-activate|p1a: Florges|Protect
|
|-heal|p1a: Florges|56\/360|[from] item: Leftovers
|turn|21
|
|move|p2a: OverWeight Koopa|Water Pulse|p1a: Florges
|-damage|p1a: Florges|0 fnt
|faint|p1a: Florges
|
|
|switch|p1a: Alakazam|Alakazam-Mega, M|62\/252
|-ability|p1a: Alakazam|Mega Launcher|[from] ability: Trace|[of] p2a: OverWeight Koopa
|turn|22
|
|move|p1a: Alakazam|Shadow Ball|p2a: OverWeight Koopa
|-damage|p2a: OverWeight Koopa|0 fnt
|faint|p2a: OverWeight Koopa
|
|
|switch|p2a: Infernape|Infernape, F|293\/293
|turn|23
|
|switch|p1a: Swampert|Swampert, M|206\/404
|move|p2a: Infernape|U-turn|p1a: Swampert
|-crit|p1a: Swampert
|-damage|p1a: Swampert|120\/404
|
|switch|p2a: SatisfactoryBreh|Nidoking, M, shiny|82\/304
|
|-heal|p1a: Swampert|145\/404|[from] item: Leftovers
|turn|24
|
|switch|p1a: Hydreigon|Hydreigon, M|225\/325
|move|p2a: SatisfactoryBreh|Sludge Wave|p1a: Hydreigon
|-damage|p1a: Hydreigon|9\/325
|
|turn|25
|
|switch|p2a: HardBody|Rhyperior, M|421\/434
|move|p1a: Hydreigon|Draco Meteor|p2a: HardBody
|-damage|p2a: HardBody|78\/434
|-unboost|p1a: Hydreigon|spa|2
|
|-heal|p2a: HardBody|105\/434|[from] item: Leftovers
|turn|26
|
|move|p1a: Hydreigon|Draco Meteor|p2a: HardBody
|-damage|p2a: HardBody|0 fnt
|-unboost|p1a: Hydreigon|spa|2
|faint|p2a: HardBody
|
|
|switch|p2a: Infernape|Infernape, F|293\/293
|turn|27
|
|move|p2a: Infernape|Close Combat|p1a: Hydreigon
|-supereffective|p1a: Hydreigon
|-damage|p1a: Hydreigon|0 fnt
|-unboost|p2a: Infernape|def|1
|-unboost|p2a: Infernape|spd|1
|faint|p1a: Hydreigon
|
|
|switch|p1a: Swampert|Swampert, M|145\/404
|turn|28
|
|move|p2a: Infernape|Close Combat|p1a: Swampert
|-damage|p1a: Swampert|12\/404
|-unboost|p2a: Infernape|def|1
|-unboost|p2a: Infernape|spd|1
|move|p1a: Swampert|Earthquake|p2a: Infernape
|-supereffective|p2a: Infernape
|-damage|p2a: Infernape|0 fnt
|faint|p2a: Infernape
|
|-heal|p1a: Swampert|37\/404|[from] item: Leftovers
|
|switch|p2a: SatisfactoryBreh|Nidoking, M, shiny|82\/304
|turn|29
|c|★jeythegrey|gg 
|
|move|p2a: SatisfactoryBreh|Earth Power|p1a: Swampert
|-damage|p1a: Swampert|0 fnt
|faint|p1a: Swampert
|
|
|switch|p1a: Lucario|Lucario, M|281\/281
|turn|30
|c|★PieNinja|gg
|
|move|p1a: Lucario|Extreme Speed|p2a: SatisfactoryBreh
|-damage|p2a: SatisfactoryBreh|0 fnt
|-damage|p1a: Lucario|253\/281|[from] item: Life Orb
|faint|p2a: SatisfactoryBreh
|
|win|jeythegrey
|raw|Ladder updating...
|raw|jeythegrey's rating: 1661 &rarr; <strong>1670<\/strong><br \/>(+9 for winning)
|raw|PieNinja's rating: 1436 &rarr; <strong>1427<\/strong><br \/>(-9 for losing)
|leave|Keaa
|leave|PieNinja
|player|p2