|join|JeyTheGrey
|join|QuagSwag69
|player|p1|JeyTheGrey|163
|player|p2|QuagSwag69|162
|gametype|singles
|gen|6
|tier|UU
|rated
|rule|Sleep Clause Mod: Limit one foe put to sleep
|rule|Species Clause: Limit one of each Pokémon
|rule|OHKO Clause: OHKO moves are banned
|rule|Moody Clause: Moody is banned
|rule|Evasion Moves Clause: Evasion moves are banned
|rule|Endless Battle Clause: Forcing endless battles is banned
|rule|HP Percentage Mod: HP is shown in percentages
|clearpoke
|poke|p1|Alakazam, M
|poke|p1|Crobat, M
|poke|p1|Swampert, F
|poke|p1|Florges, F
|poke|p1|Hydreigon, M
|poke|p1|Lucario, M
|poke|p2|Arcanine, M
|poke|p2|Infernape, M
|poke|p2|Vileplume, M
|poke|p2|Aerodactyl, M
|poke|p2|Starmie
|poke|p2|Hydreigon, F
|rule|Swagger Clause: Swagger is banned
|rule|Baton Pass Clause: Limit one Pokémon knowing Baton Pass
|teampreview
|
|start
|switch|p1a: Crobat|Crobat, M|311\/311
|switch|p2a: Aerodactyl|Aerodactyl, M|302\/302
|-ability|p2a: Aerodactyl|Pressure
|turn|1
|
|detailschange|p2a: Aerodactyl|Aerodactyl-Mega, M
|message|Aerodactyl has Mega Evolved into Mega Aerodactyl!
|move|p2a: Aerodactyl|Aerial Ace|p1a: Crobat
|-damage|p1a: Crobat|136\/311
|move|p1a: Crobat|U-turn|p2a: Aerodactyl
|-resisted|p2a: Aerodactyl
|-damage|p2a: Aerodactyl|262\/302
|
|switch|p1a: Swampert|Swampert, F|404\/404
|
|turn|2
|
|switch|p2a: Vileplume|Vileplume, M|354\/354
|move|p1a: Swampert|Stealth Rock|p2a: Vileplume
|-sidestart|p2: QuagSwag69|move: Stealth Rock
|
|turn|3
|
|switch|p1a: Crobat|Crobat, M|136\/311
|move|p2a: Vileplume|Giga Drain|p1a: Crobat
|-resisted|p1a: Crobat
|-damage|p1a: Crobat|107\/311
|
|-heal|p1a: Crobat|126\/311|[from] item: Leftovers
|turn|4
|
|switch|p2a: Starmie|Starmie|261\/261
|-damage|p2a: Starmie|229\/261|[from] Stealth Rock
|move|p1a: Crobat|U-turn|p2a: Starmie
|-supereffective|p2a: Starmie
|-damage|p2a: Starmie|69\/261
|
|switch|p1a: Hydreigon|Hydreigon, M|325\/325
|
|turn|5
|-message|QuagSwag69 forfeited.
|
|win|JeyTheGrey
|raw|Ladder updating...
|leave|QuagSwag69
|player|p2
|raw|JeyTheGrey's rating: 1692 &rarr; <strong>1702<\/strong><br \/>(+10 for winning)
|raw|QuagSwag69's rating: 1513 &rarr; <strong>1502<\/strong><br \/>(-11 for losing)