|join|AnybodyAgrees
|join|ben69
|player|p1|AnybodyAgrees|109
|player|p2|ben69|2
|gametype|singles
|gen|6
|tier|OU
|rated
|clearpoke
|poke|p1|Politoed, F
|poke|p1|Swampert, M
|poke|p1|Thundurus, M
|poke|p1|Kingdra, F
|poke|p1|Ferrothorn, F
|poke|p1|Latios, M
|poke|p2|Cloyster, F
|poke|p2|Entei, shiny
|poke|p2|Mew
|poke|p2|Honchkrow, F
|poke|p2|Starmie
|poke|p2|Diancie
|rule|Swagger Clause: Swagger is banned
|rule|Baton Pass Clause: Limit one Pokémon knowing Baton Pass
|rule|Sleep Clause Mod: Limit one foe put to sleep
|rule|Species Clause: Limit one of each Pokémon
|rule|OHKO Clause: OHKO moves are banned
|rule|Moody Clause: Moody is banned
|rule|Evasion Moves Clause: Evasion moves are banned
|rule|Endless Battle Clause: Forcing endless battles is banned
|rule|HP Percentage Mod: HP is shown in percentages
|teampreview
|
|start
|switch|p1a: Politoed|Politoed, F|383\/383
|switch|p2a: Mew|Mew|404\/404
|-weather|RainDance
|turn|1
|
|switch|p1a: Kingdra|Kingdra, F|298\/298
|move|p2a: Mew|Stealth Rock|p1a: Kingdra
|-sidestart|p1: AnybodyAgrees|move: Stealth Rock
|
|-weather|RainDance|[upkeep]
|turn|2
|
|move|p1a: Kingdra|Hydro Pump|p2a: Mew|[miss]
|-miss|p1a: Kingdra|p2a: Mew
|move|p2a: Mew|Thunder Wave|p1a: Kingdra
|-status|p1a: Kingdra|par
|
|-weather|RainDance|[upkeep]
|turn|3
|
|move|p2a: Mew|Psychic|p1a: Kingdra
|-damage|p1a: Kingdra|184\/298 par
|move|p1a: Kingdra|Hydro Pump|p2a: Mew
|-damage|p2a: Mew|22\/404
|
|-weather|RainDance|[upkeep]
|turn|4
|
|switch|p1a: Latios|Latios, M|301\/301
|-damage|p1a: Latios|264\/301|[from] Stealth Rock
|move|p2a: Mew|Thunder Wave|p1a: Latios
|-status|p1a: Latios|par
|
|-weather|RainDance|[upkeep]
|turn|5
|
|move|p2a: Mew|Taunt|p1a: Latios
|-start|p1a: Latios|move: Taunt
|cant|p1a: Latios|move: Taunt|Defog
|
|-weather|RainDance|[upkeep]
|turn|6
|
|switch|p1a: Thundurus|Thundurus, M|299\/299
|-damage|p1a: Thundurus|225\/299|[from] Stealth Rock
|move|p2a: Mew|Psychic|p1a: Thundurus
|-damage|p1a: Thundurus|75\/299
|
|-weather|RainDance|[upkeep]
|turn|7
|
|move|p1a: Thundurus|Volt Switch|p2a: Mew
|-damage|p2a: Mew|0 fnt
|-damage|p1a: Thundurus|46\/299|[from] item: Life Orb
|faint|p2a: Mew
|
|switch|p1a: Ferrothorn|Ferrothorn, F|352\/352
|-damage|p1a: Ferrothorn|330\/352|[from] Stealth Rock
|
|-weather|RainDance|[upkeep]
|-heal|p1a: Ferrothorn|352\/352|[from] item: Leftovers
|
|switch|p2a: Honchkrow|Honchkrow, F|341\/341
|turn|8
|
|move|p2a: Honchkrow|Brave Bird|p1a: Ferrothorn
|-damage|p1a: Ferrothorn|144\/352
|-damage|p2a: Honchkrow|299\/341|[from] ability: Iron Barbs|[of] p1a: Ferrothorn
|-damage|p2a: Honchkrow|230\/341|[from] recoil|[of] p1a: Ferrothorn
|-damage|p2a: Honchkrow|196\/341|[from] item: Life Orb
|move|p1a: Ferrothorn|Stealth Rock|p2a: Honchkrow
|-sidestart|p2: ben69|move: Stealth Rock
|
|-weather|none
|-heal|p1a: Ferrothorn|166\/352|[from] item: Leftovers
|turn|9
|
|switch|p1a: Thundurus|Thundurus, M|46\/299
|-damage|p1a: Thundurus|0 fnt|[from] Stealth Rock
|faint|p1a: Thundurus
|move|p2a: Honchkrow|Brave Bird|p1: Thundurus|[notarget]
|-notarget
|
|
|switch|p1a: Politoed|Politoed, F|383\/383
|-damage|p1a: Politoed|336\/383|[from] Stealth Rock
|-weather|RainDance
|turn|10
|
|switch|p2a: Starmie|Starmie|261\/261
|-damage|p2a: Starmie|229\/261|[from] Stealth Rock
|switch|p1a: Kingdra|Kingdra, F|184\/298 par
|-damage|p1a: Kingdra|147\/298 par|[from] Stealth Rock
|
|-weather|RainDance|[upkeep]
|turn|11
|
|switch|p1a: Ferrothorn|Ferrothorn, F|166\/352
|-damage|p1a: Ferrothorn|144\/352|[from] Stealth Rock
|move|p2a: Starmie|Rapid Spin|p1a: Ferrothorn
|-resisted|p1a: Ferrothorn
|-damage|p1a: Ferrothorn|138\/352
|-damage|p2a: Starmie|197\/261|[from] ability: Iron Barbs|[of] p1a: Ferrothorn
|-sideend|p2: ben69|Stealth Rock|[from] move: Rapid Spin|[of] p2a: Starmie
|-damage|p2a: Starmie|171\/261|[from] item: Life Orb
|
|-weather|RainDance|[upkeep]
|-heal|p1a: Ferrothorn|160\/352|[from] item: Leftovers
|turn|12
|
|move|p2a: Starmie|Hydro Pump|p1a: Ferrothorn|[miss]
|-miss|p2a: Starmie|p1a: Ferrothorn
|move|p1a: Ferrothorn|Stealth Rock|p2a: Starmie
|-sidestart|p2: ben69|move: Stealth Rock
|
|-weather|RainDance|[upkeep]
|-heal|p1a: Ferrothorn|182\/352|[from] item: Leftovers
|turn|13
|
|move|p2a: Starmie|Rapid Spin|p1a: Ferrothorn
|-resisted|p1a: Ferrothorn
|-damage|p1a: Ferrothorn|177\/352
|-damage|p2a: Starmie|139\/261|[from] ability: Iron Barbs|[of] p1a: Ferrothorn
|-sideend|p2: ben69|Stealth Rock|[from] move: Rapid Spin|[of] p2a: Starmie
|-damage|p2a: Starmie|113\/261|[from] item: Life Orb
|move|p1a: Ferrothorn|Leech Seed|p2a: Starmie|[miss]
|-miss|p1a: Ferrothorn|p2a: Starmie
|
|-weather|RainDance|[upkeep]
|-heal|p1a: Ferrothorn|199\/352|[from] item: Leftovers
|turn|14
|
|move|p2a: Starmie|Hydro Pump|p1a: Ferrothorn
|-resisted|p1a: Ferrothorn
|-damage|p1a: Ferrothorn|90\/352
|-damage|p2a: Starmie|87\/261|[from] item: Life Orb
|move|p1a: Ferrothorn|Leech Seed|p2a: Starmie|[miss]
|-miss|p1a: Ferrothorn|p2a: Starmie
|
|-weather|RainDance|[upkeep]
|-heal|p1a: Ferrothorn|112\/352|[from] item: Leftovers
|turn|15
|
|move|p2a: Starmie|Ice Beam|p1a: Ferrothorn
|-damage|p1a: Ferrothorn|25\/352
|-damage|p2a: Starmie|61\/261|[from] item: Life Orb
|move|p1a: Ferrothorn|Stealth Rock|p2a: Starmie
|-sidestart|p2: ben69|move: Stealth Rock
|
|-weather|RainDance|[upkeep]
|-heal|p1a: Ferrothorn|47\/352|[from] item: Leftovers
|turn|16
|
|move|p2a: Starmie|Ice Beam|p1a: Ferrothorn
|-damage|p1a: Ferrothorn|0 fnt
|-damage|p2a: Starmie|35\/261|[from] item: Life Orb
|faint|p1a: Ferrothorn
|
|-weather|RainDance|[upkeep]
|
|switch|p1a: Swampert|Swampert, M|349\/349
|-damage|p1a: Swampert|328\/349|[from] Stealth Rock
|turn|17
|
|switch|p2a: Entei|Entei, shiny|385\/385
|-damage|p2a: Entei|289\/385|[from] Stealth Rock
|-ability|p2a: Entei|Pressure
|detailschange|p1a: Swampert|Swampert-Mega, M
|-mega|p1a: Swampert|Swampert|Swampertite
|move|p1a: Swampert|Waterfall|p2a: Entei
|-supereffective|p2a: Entei
|-damage|p2a: Entei|0 fnt
|faint|p2a: Entei
|
|-weather|none
|
|switch|p2a: Starmie|Starmie|35\/261
|-damage|p2a: Starmie|3\/261|[from] Stealth Rock
|turn|18
|
|switch|p1a: Politoed|Politoed, F|336\/383
|-damage|p1a: Politoed|289\/383|[from] Stealth Rock
|-weather|RainDance
|move|p2a: Starmie|Rapid Spin|p1a: Politoed
|-damage|p1a: Politoed|267\/383
|-sideend|p2: ben69|Stealth Rock|[from] move: Rapid Spin|[of] p2a: Starmie
|-damage|p2a: Starmie|0 fnt|[from] item: Life Orb
|faint|p2a: Starmie
|
|-weather|RainDance|[upkeep]
|
|switch|p2a: Honchkrow|Honchkrow, F|196\/341
|turn|19
|
|move|p2a: Honchkrow|Brave Bird|p1a: Politoed
|-damage|p1a: Politoed|0 fnt
|-damage|p2a: Honchkrow|108\/341|[from] recoil|[of] p1a: Politoed
|-damage|p2a: Honchkrow|74\/341|[from] item: Life Orb
|faint|p1a: Politoed
|-boost|p2a: Honchkrow|atk|1|[from] ability: Moxie
|
|-weather|RainDance|[upkeep]
|
|switch|p1a: Kingdra|Kingdra, F|147\/298 par
|-damage|p1a: Kingdra|110\/298 par|[from] Stealth Rock
|turn|20
|
|move|p2a: Honchkrow|Sucker Punch|p1a: Kingdra
|-damage|p1a: Kingdra|0 fnt
|-damage|p2a: Honchkrow|40\/341|[from] item: Life Orb
|faint|p1a: Kingdra
|-boost|p2a: Honchkrow|atk|1|[from] ability: Moxie
|
|-weather|RainDance|[upkeep]
|
|switch|p1a: Latios|Latios, M|264\/301 par
|-damage|p1a: Latios|227\/301 par|[from] Stealth Rock
|turn|21
|
|move|p2a: Honchkrow|Pursuit|p1a: Latios|[from]Pursuit
|-supereffective|p1a: Latios
|-damage|p1a: Latios|0 fnt
|-damage|p2a: Honchkrow|6\/341|[from] item: Life Orb
|faint|p1a: Latios
|-boost|p2a: Honchkrow|atk|1|[from] ability: Moxie
|
|-weather|RainDance|[upkeep]
|c|★AnybodyAgrees|gg
|-message|AnybodyAgrees forfeited.
|leave|AnybodyAgrees
|
|switch|p1a: Swampert|Swampert-Mega, M|328\/349
|-damage|p1a: Swampert|307\/349|[from] Stealth Rock
|turn|22
|
|win|ben69
|raw|Ladder updating...
|player|p1