|join|thunderstorm48
|join|MC34543
|player|p1|thunderstorm48|280
|player|p2|MC34543|52
|gametype|singles
|gen|6
|tier|UU
|rated
|rule|Sleep Clause Mod: Limit one foe put to sleep
|rule|Species Clause: Limit one of each Pokémon
|rule|OHKO Clause: OHKO moves are banned
|rule|Moody Clause: Moody is banned
|rule|Evasion Moves Clause: Evasion moves are banned
|rule|Endless Battle Clause: Forcing endless battles is banned
|rule|HP Percentage Mod: HP is shown in percentages
|clearpoke
|poke|p1|Infernape, M
|poke|p1|Absol, F
|poke|p1|Jirachi, shiny
|poke|p1|Barbaracle, F
|poke|p1|Celebi
|poke|p1|Gligar, M
|poke|p2|Toxicroak, M
|poke|p2|Rhyperior, M
|poke|p2|Cresselia, F
|poke|p2|Entei, shiny
|poke|p2|Raikou
|poke|p2|Blastoise, M
|rule|Swagger Clause: Swagger is banned
|rule|Baton Pass Clause: Limit one Pokémon knowing Baton Pass
|teampreview
|c|★MC34543|dark horse team :)
|
|start
|switch|p1a: Celebi|Celebi|404\/404
|switch|p2a: Cresselia|Cresselia, F|444\/444
|turn|1
|c|★thunderstorm48|yours?
|c|★MC34543|yup
|c|★MC34543|cress and rhy haha
|c|★thunderstorm48|ah ic
|
|move|p1a: Celebi|Swords Dance|p1a: Celebi
|-boost|p1a: Celebi|atk|2
|move|p2a: Cresselia|Calm Mind|p2a: Cresselia
|-boost|p2a: Cresselia|spa|1
|-boost|p2a: Cresselia|spd|1
|
|turn|2
|
|move|p1a: Celebi|Baton Pass|p1a: Celebi
|
|switch|p1a: Absol|Absol, F|271\/271
|move|p2a: Cresselia|Moonblast|p1a: Absol
|-supereffective|p1a: Absol
|-damage|p1a: Absol|0 fnt
|faint|p1a: Absol
|
|c|★thunderstorm48|misclicked :[
|
|switch|p1a: Celebi|Celebi|404\/404
|turn|3
|
|move|p1a: Celebi|Swords Dance|p1a: Celebi
|-boost|p1a: Celebi|atk|2
|move|p2a: Cresselia|Moonblast|p1a: Celebi
|-damage|p1a: Celebi|283\/404
|
|-heal|p1a: Celebi|308\/404|[from] item: Leftovers
|turn|4
|
|switch|p2a: Entei|Entei, shiny|371\/371
|-ability|p2a: Entei|Pressure
|move|p1a: Celebi|Swords Dance|p1a: Celebi
|-boost|p1a: Celebi|atk|2
|
|-heal|p1a: Celebi|333\/404|[from] item: Leftovers
|turn|5
|
|switch|p1a: Barbaracle|Barbaracle, F|289\/289
|move|p2a: Entei|Sacred Fire|p1a: Barbaracle
|-resisted|p1a: Barbaracle
|-damage|p1a: Barbaracle|234\/289
|
|turn|6
|
|move|p2a: Entei|Sacred Fire|p1a: Barbaracle
|-resisted|p1a: Barbaracle
|-damage|p1a: Barbaracle|173\/289
|move|p1a: Barbaracle|Cross Chop|p2a: Entei|[miss]
|-miss|p1a: Barbaracle|p2a: Entei
|
|turn|7
|
|move|p2a: Entei|Sacred Fire|p1a: Barbaracle
|-resisted|p1a: Barbaracle
|-damage|p1a: Barbaracle|118\/289
|move|p1a: Barbaracle|Razor Shell|p2a: Entei
|-supereffective|p2a: Entei
|-damage|p2a: Entei|0 fnt
|faint|p2a: Entei
|
|c|★MC34543|no burn ;(
|
|switch|p2a: Raikou|Raikou|321\/321
|-ability|p2a: Raikou|Pressure
|turn|8
|
|switch|p1a: Gligar|Gligar, M|333\/333
|move|p2a: Raikou|Hidden Power|p1a: Gligar
|-supereffective|p1a: Gligar
|-damage|p1a: Gligar|93\/333
|
|turn|9
|c|★MC34543|:)
|
|switch|p2a: Blastoise|Blastoise, M|361\/361
|switch|p1a: Infernape|Infernape, M|293\/293
|
|turn|10
|
|detailschange|p2a: Blastoise|Blastoise-Mega, M
|-mega|p2a: Blastoise|Blastoise|Blastoisinite
|move|p1a: Infernape|Grass Knot|p2a: Blastoise
|-supereffective|p2a: Blastoise
|-damage|p2a: Blastoise|135\/361
|-damage|p1a: Infernape|264\/293|[from] item: Life Orb
|move|p2a: Blastoise|Water Pulse|p1a: Infernape
|-supereffective|p1a: Infernape
|-damage|p1a: Infernape|0 fnt
|faint|p1a: Infernape
|
|
|switch|p1a: Celebi|Celebi|333\/404
|turn|11
|
|move|p1a: Celebi|Seed Bomb|p2a: Blastoise
|-crit|p2a: Blastoise
|-supereffective|p2a: Blastoise
|-damage|p2a: Blastoise|0 fnt
|faint|p2a: Blastoise
|
|-heal|p1a: Celebi|358\/404|[from] item: Leftovers
|
|switch|p2a: Raikou|Raikou|321\/321
|-ability|p2a: Raikou|Pressure
|turn|12
|
|move|p2a: Raikou|Shadow Ball|p1a: Celebi
|-supereffective|p1a: Celebi
|-damage|p1a: Celebi|98\/404
|move|p1a: Celebi|Recover|p1a: Celebi
|-heal|p1a: Celebi|300\/404
|
|-heal|p1a: Celebi|325\/404|[from] item: Leftovers
|turn|13
|
|switch|p1a: Gligar|Gligar, M|93\/333
|move|p2a: Raikou|Shadow Ball|p1a: Gligar
|-damage|p1a: Gligar|9\/333
|
|turn|14
|
|move|p2a: Raikou|Shadow Ball|p1a: Gligar
|-damage|p1a: Gligar|0 fnt
|faint|p1a: Gligar
|
|
|switch|p1a: Jirachi|Jirachi, shiny|341\/341
|turn|15
|-message|thunderstorm48 forfeited.
|leave|thunderstorm48
|
|win|MC34543
|raw|Ladder updating...
|player|p1
|raw|thunderstorm48's rating: 1665 &rarr; <strong>1634<\/strong><br \/>(-31 for losing)
|raw|MC34543's rating: 1430 &rarr; <strong>1462<\/strong><br \/>(+32 for winning)