|join|SlimScrafty1088
|join|stel
|player|p1|SlimScrafty1088|102
|player|p2|stel|169
|gametype|singles
|gen|6
|tier|UU
|rated
|rule|Sleep Clause Mod: Limit one foe put to sleep
|rule|Species Clause: Limit one of each Pokémon
|rule|OHKO Clause: OHKO moves are banned
|rule|Moody Clause: Moody is banned
|rule|Evasion Moves Clause: Evasion moves are banned
|rule|Endless Battle Clause: Forcing endless battles is banned
|rule|HP Percentage Mod: HP is shown in percentages
|clearpoke
|poke|p1|Cobalion
|poke|p1|Whimsicott, F
|poke|p1|Gastrodon, M
|poke|p1|Aromatisse, M
|poke|p1|Crobat, M
|poke|p1|Scrafty, F
|poke|p2|Arcanine, F
|poke|p2|Nidoking, M
|poke|p2|Umbreon, F, shiny
|poke|p2|Raikou
|poke|p2|Ambipom, M
|poke|p2|Empoleon, F
|rule|Swagger Clause: Swagger is banned
|rule|Baton Pass Clause: Limit one Pokémon knowing Baton Pass
|teampreview
|
|start
|switch|p1a: Crobat|Crobat, M|331\/331
|switch|p2a: Nidoking|Nidoking, M|303\/303
|turn|1
|
|move|p1a: Crobat|U-turn|p2a: Nidoking
|-resisted|p2a: Nidoking
|-damage|p2a: Nidoking|261\/303
|
|switch|p1a: Gastrodon|Gastrodon, M|426\/426
|move|p2a: Nidoking|Thunderbolt|p1a: Gastrodon
|-immune|p1a: Gastrodon|[msg]
|
|turn|2
|
|switch|p2a: Empoleon|Empoleon, F|372\/372
|move|p1a: Gastrodon|Earthquake|p2a: Empoleon
|-supereffective|p2a: Empoleon
|-damage|p2a: Empoleon|156\/372
|
|-heal|p2a: Empoleon|179\/372|[from] item: Leftovers
|turn|3
|
|switch|p2a: Umbreon|Umbreon, F, shiny|394\/394
|move|p1a: Gastrodon|Earthquake|p2a: Umbreon
|-damage|p2a: Umbreon|300\/394
|
|-heal|p2a: Umbreon|324\/394|[from] item: Leftovers
|turn|4
|
|switch|p1a: Cobalion|Cobalion|324\/324
|move|p2a: Umbreon|Toxic|p1a: Cobalion
|-fail|p1a: Cobalion
|
|-heal|p2a: Umbreon|348\/394|[from] item: Leftovers
|turn|5
|
|switch|p2a: Arcanine|Arcanine, F|384\/384
|-ability|p2a: Arcanine|Intimidate|[of] p1a: Cobalion
|-unboost|p1a: Cobalion|atk|1
|move|p1a: Cobalion|Substitute|p1a: Cobalion
|-start|p1a: Cobalion|Substitute
|-damage|p1a: Cobalion|243\/324
|
|turn|6
|
|move|p1a: Cobalion|Swords Dance|p1a: Cobalion
|-boost|p1a: Cobalion|atk|2
|move|p2a: Arcanine|Flare Blitz|p1a: Cobalion
|-supereffective|p1a: Cobalion
|-end|p1a: Cobalion|Substitute
|-damage|p2a: Arcanine|357\/384|[from] recoil|[of] p1a: Cobalion
|
|turn|7
|
|move|p1a: Cobalion|Substitute|p1a: Cobalion
|-start|p1a: Cobalion|Substitute
|-damage|p1a: Cobalion|162\/324
|move|p2a: Arcanine|Will-O-Wisp|p1a: Cobalion|[miss]
|-miss|p2a: Arcanine|p1a: Cobalion
|
|turn|8
|
|move|p1a: Cobalion|Swords Dance|p1a: Cobalion
|-boost|p1a: Cobalion|atk|2
|move|p2a: Arcanine|Flare Blitz|p1a: Cobalion
|-supereffective|p1a: Cobalion
|-end|p1a: Cobalion|Substitute
|-damage|p2a: Arcanine|330\/384|[from] recoil|[of] p1a: Cobalion
|
|turn|9
|
|move|p1a: Cobalion|Substitute|p1a: Cobalion
|-start|p1a: Cobalion|Substitute
|-damage|p1a: Cobalion|81\/324
|-enditem|p1a: Cobalion|Salac Berry|[eat]
|-boost|p1a: Cobalion|spe|1|[from] item: Salac Berry
|move|p2a: Arcanine|Flare Blitz|p1a: Cobalion
|-supereffective|p1a: Cobalion
|-end|p1a: Cobalion|Substitute
|-damage|p2a: Arcanine|303\/384|[from] recoil|[of] p1a: Cobalion
|
|turn|10
|c|★stel|clever
|
|move|p1a: Cobalion|Close Combat|p2a: Arcanine
|-damage|p2a: Arcanine|0 fnt
|-damage|p1a: Cobalion|27\/324|[from] item: Rocky Helmet|[of] p2a: Arcanine
|-unboost|p1a: Cobalion|def|1
|-unboost|p1a: Cobalion|spd|1
|faint|p2a: Arcanine
|
|
|switch|p2a: Ambipom|Ambipom, M|291\/291
|turn|11
|
|move|p2a: Ambipom|Fake Out|p1a: Cobalion
|-resisted|p1a: Cobalion
|-damage|p1a: Cobalion|0 fnt
|-damage|p2a: Ambipom|262\/291|[from] item: Life Orb
|faint|p1a: Cobalion
|
|
|switch|p1a: Crobat|Crobat, M|331\/331
|turn|12
|
|move|p1a: Crobat|U-turn|p2a: Ambipom
|-damage|p2a: Ambipom|169\/291
|
|switch|p1a: Aromatisse|Aromatisse, M|406\/406
|move|p2a: Ambipom|Knock Off|p1a: Aromatisse
|-resisted|p1a: Aromatisse
|-damage|p1a: Aromatisse|349\/406
|-enditem|p1a: Aromatisse|Leftovers|[from] move: Knock Off|[of] p2a: Ambipom
|-damage|p2a: Ambipom|140\/291|[from] item: Life Orb
|
|turn|13
|
|move|p2a: Ambipom|Double Hit|p1a: Aromatisse
|-crit|p1a: Aromatisse
|-damage|p1a: Aromatisse|203\/406
|-damage|p1a: Aromatisse|108\/406
|-hitcount|p1a: Aromatisse|2
|-damage|p2a: Ambipom|111\/291|[from] item: Life Orb
|move|p1a: Aromatisse|Wish|p1a: Aromatisse
|
|turn|14
|
|move|p1a: Aromatisse|Protect|p1a: Aromatisse
|-singleturn|p1a: Aromatisse|Protect
|move|p2a: Ambipom|Double Hit|p1a: Aromatisse
|-activate|p1a: Aromatisse|Protect
|
|-heal|p1a: Aromatisse|311\/406|[from] move: Wish|[wisher] Aromatisse
|turn|15
|
|move|p2a: Ambipom|Double Hit|p1a: Aromatisse
|-damage|p1a: Aromatisse|217\/406
|-damage|p1a: Aromatisse|122\/406
|-hitcount|p1a: Aromatisse|2
|-damage|p2a: Ambipom|82\/291|[from] item: Life Orb
|move|p1a: Aromatisse|Wish|p1a: Aromatisse
|
|turn|16
|
|switch|p2a: Nidoking|Nidoking, M|261\/303
|move|p1a: Aromatisse|Protect|p1a: Aromatisse
|-fail|p1a: Aromatisse
|
|-heal|p1a: Aromatisse|325\/406|[from] move: Wish|[wisher] Aromatisse
|turn|17
|
|switch|p1a: Gastrodon|Gastrodon, M|426\/426
|move|p2a: Nidoking|Sludge Bomb|p1a: Gastrodon
|-resisted|p1a: Gastrodon
|-damage|p1a: Gastrodon|357\/426
|
|-heal|p1a: Gastrodon|383\/426|[from] item: Leftovers
|turn|18
|
|switch|p2a: Umbreon|Umbreon, F, shiny|348\/394
|move|p1a: Gastrodon|Earthquake|p2a: Umbreon
|-damage|p2a: Umbreon|254\/394
|
|-heal|p2a: Umbreon|278\/394|[from] item: Leftovers
|-heal|p1a: Gastrodon|409\/426|[from] item: Leftovers
|turn|19
|
|switch|p1a: Crobat|Crobat, M|331\/331
|move|p2a: Umbreon|Foul Play|p1a: Crobat
|-damage|p1a: Crobat|159\/331
|
|-heal|p2a: Umbreon|302\/394|[from] item: Leftovers
|turn|20
|
|move|p1a: Crobat|U-turn|p2a: Umbreon
|-supereffective|p2a: Umbreon
|-damage|p2a: Umbreon|174\/394
|
|switch|p1a: Scrafty|Scrafty, F|271\/271
|move|p2a: Umbreon|Foul Play|p1a: Scrafty
|-resisted|p1a: Scrafty
|-damage|p1a: Scrafty|241\/271
|
|-heal|p2a: Umbreon|198\/394|[from] item: Leftovers
|turn|21
|
|move|p1a: Scrafty|Dragon Dance|p1a: Scrafty
|-boost|p1a: Scrafty|atk|1
|-boost|p1a: Scrafty|spe|1
|move|p2a: Umbreon|Toxic|p1a: Scrafty
|-status|p1a: Scrafty|tox
|-enditem|p1a: Scrafty|Lum Berry|[eat]
|-curestatus|p1a: Scrafty|tox
|
|-heal|p2a: Umbreon|222\/394|[from] item: Leftovers
|turn|22
|
|move|p1a: Scrafty|Knock Off|p2a: Umbreon
|-resisted|p2a: Umbreon
|-damage|p2a: Umbreon|126\/394
|-enditem|p2a: Umbreon|Leftovers|[from] move: Knock Off|[of] p1a: Scrafty
|move|p2a: Umbreon|Foul Play|p1a: Scrafty
|-resisted|p1a: Scrafty
|-damage|p1a: Scrafty|194\/271
|
|turn|23
|
|move|p1a: Scrafty|Dragon Dance|p1a: Scrafty
|-boost|p1a: Scrafty|atk|1
|-boost|p1a: Scrafty|spe|1
|move|p2a: Umbreon|Toxic|p1a: Scrafty
|-status|p1a: Scrafty|tox
|
|-damage|p1a: Scrafty|178\/271 tox|[from] psn
|turn|24
|
|move|p1a: Scrafty|High Jump Kick|p2a: Umbreon
|-supereffective|p2a: Umbreon
|-damage|p2a: Umbreon|0 fnt
|faint|p2a: Umbreon
|-boost|p1a: Scrafty|atk|1|[from] ability: Moxie
|
|-damage|p1a: Scrafty|146\/271 tox|[from] psn
|
|switch|p2a: Raikou|Raikou|322\/322
|-ability|p2a: Raikou|Pressure
|turn|25
|
|move|p1a: Scrafty|Knock Off|p2a: Raikou
|-damage|p2a: Raikou|0 fnt
|-enditem|p2a: Raikou|Choice Specs|[from] move: Knock Off|[of] p1a: Scrafty
|faint|p2a: Raikou
|-boost|p1a: Scrafty|atk|1|[from] ability: Moxie
|
|-damage|p1a: Scrafty|98\/271 tox|[from] psn
|
|switch|p2a: Ambipom|Ambipom, M|82\/291
|turn|26
|
|move|p2a: Ambipom|Fake Out|p1a: Scrafty
|-damage|p1a: Scrafty|0 fnt
|-damage|p2a: Ambipom|53\/291|[from] item: Life Orb
|faint|p1a: Scrafty
|
|
|switch|p1a: Crobat|Crobat, M|159\/331
|turn|27
|
|switch|p2a: Nidoking|Nidoking, M|261\/303
|move|p1a: Crobat|U-turn|p2a: Nidoking
|-resisted|p2a: Nidoking
|-damage|p2a: Nidoking|215\/303
|
|switch|p1a: Whimsicott|Whimsicott, F|262\/262
|
|turn|28
|
|move|p1a: Whimsicott|Memento|p2a: Nidoking
|-unboost|p2a: Nidoking|atk|2
|-unboost|p2a: Nidoking|spa|2
|faint|p1a: Whimsicott
|move|p2a: Nidoking|Sludge Bomb|p1: Whimsicott|[notarget]
|-notarget
|
|
|switch|p1a: Gastrodon|Gastrodon, M|409\/426
|turn|29
|
|switch|p2a: Empoleon|Empoleon, F|179\/372
|move|p1a: Gastrodon|Curse|p1a: Gastrodon
|-boost|p1a: Gastrodon|atk|1
|-boost|p1a: Gastrodon|def|1
|-unboost|p1a: Gastrodon|spe|1
|
|-heal|p2a: Empoleon|202\/372|[from] item: Leftovers
|-heal|p1a: Gastrodon|426\/426|[from] item: Leftovers
|turn|30
|c|★stel|gg
|
|move|p1a: Gastrodon|Earthquake|p2a: Empoleon
|-supereffective|p2a: Empoleon
|-damage|p2a: Empoleon|0 fnt
|faint|p2a: Empoleon
|
|
|switch|p2a: Ambipom|Ambipom, M|53\/291
|turn|31
|
|move|p2a: Ambipom|Fake Out|p1a: Gastrodon
|-damage|p1a: Gastrodon|319\/426
|-damage|p2a: Ambipom|24\/291|[from] item: Life Orb
|cant|p1a: Gastrodon|flinch
|
|-heal|p1a: Gastrodon|345\/426|[from] item: Leftovers
|turn|32
|
|move|p2a: Ambipom|Knock Off|p1a: Gastrodon
|-damage|p1a: Gastrodon|231\/426
|-enditem|p1a: Gastrodon|Leftovers|[from] move: Knock Off|[of] p2a: Ambipom
|-damage|p2a: Ambipom|0 fnt|[from] item: Life Orb
|faint|p2a: Ambipom
|move|p1a: Gastrodon|Recover|p1a: Gastrodon
|-heal|p1a: Gastrodon|426\/426
|
|
|switch|p2a: Nidoking|Nidoking, M|215\/303
|turn|33
|
|move|p2a: Nidoking|Sludge Bomb|p1a: Gastrodon
|-resisted|p1a: Gastrodon
|-damage|p1a: Gastrodon|360\/426
|move|p1a: Gastrodon|Earthquake|p2a: Nidoking
|-supereffective|p2a: Nidoking
|-damage|p2a: Nidoking|0 fnt
|faint|p2a: Nidoking
|
|win|SlimScrafty1088
|raw|Ladder updating...
|raw|SlimScrafty1088's rating: 1229 &rarr; <strong>1248<\/strong><br \/>(+19 for winning)
|raw|stel's rating: 1139 &rarr; <strong>1121<\/strong><br \/>(-18 for losing)
|leave|stel
|player|p2