|join|dmperry
|join|Niconico
|player|p1|dmperry|164
|player|p2|Niconico|266
|gametype|singles
|gen|6
|tier|OU
|rated
|clearpoke
|poke|p1|Metagross
|poke|p1|Infernape, M
|poke|p1|Breloom, F
|poke|p1|Thundurus, M
|poke|p1|Greninja, M
|poke|p1|Mew
|poke|p2|Clefable, F
|poke|p2|Metagross
|poke|p2|Garchomp, M
|poke|p2|Tornadus-Therian, M
|poke|p2|Keldeo-Resolute
|poke|p2|Rotom-Mow
|rule|Swagger Clause: Swagger is banned
|rule|Baton Pass Clause: Limit one Pokémon knowing Baton Pass
|rule|Sleep Clause Mod: Limit one foe put to sleep
|rule|Species Clause: Limit one of each Pokémon
|rule|OHKO Clause: OHKO moves are banned
|rule|Moody Clause: Moody is banned
|rule|Evasion Moves Clause: Evasion moves are banned
|rule|Endless Battle Clause: Forcing endless battles is banned
|rule|HP Percentage Mod: HP is shown in percentages
|teampreview
|
|start
|switch|p1a: Thundurus|Thundurus, M|300\/300
|switch|p2a: Tornadus-Therian|Tornadus-Therian, M|337\/337
|turn|1
|
|move|p2a: Tornadus-Therian|U-turn|p1a: Thundurus
|-resisted|p1a: Thundurus
|-damage|p1a: Thundurus|269\/300
|
|switch|p2a: Clefable|Clefable, F|393\/393
|move|p1a: Thundurus|Thunderbolt|p2a: Clefable
|-damage|p2a: Clefable|257\/393
|
|-heal|p1a: Thundurus|287\/300|[from] item: Leftovers
|-heal|p2a: Clefable|281\/393|[from] item: Leftovers
|turn|2
|
|move|p1a: Thundurus|Thunderbolt|p2a: Clefable
|-damage|p2a: Clefable|149\/393
|move|p2a: Clefable|Wish|p2a: Clefable
|
|-heal|p1a: Thundurus|300\/300|[from] item: Leftovers
|-heal|p2a: Clefable|173\/393|[from] item: Leftovers
|turn|3
|
|move|p2a: Clefable|Protect|p2a: Clefable
|-singleturn|p2a: Clefable|Protect
|move|p1a: Thundurus|Nasty Plot|p1a: Thundurus
|-boost|p1a: Thundurus|spa|2
|
|-heal|p2a: Clefable|369\/393|[from] move: Wish|[wisher] Clefable
|-heal|p2a: Clefable|393\/393|[from] item: Leftovers
|turn|4
|
|move|p1a: Thundurus|Thunderbolt|p2a: Clefable
|-damage|p2a: Clefable|273\/393
|move|p2a: Clefable|Moonblast|p1a: Thundurus
|-damage|p1a: Thundurus|173\/300
|
|-heal|p1a: Thundurus|191\/300|[from] item: Leftovers
|-heal|p2a: Clefable|297\/393|[from] item: Leftovers
|turn|5
|
|switch|p1a: Metagross|Metagross|302\/302
|move|p2a: Clefable|Wish|p2a: Clefable
|
|-heal|p2a: Clefable|321\/393|[from] item: Leftovers
|turn|6
|
|switch|p2a: Rotom-Mow|Rotom-Mow|241\/241
|detailschange|p1a: Metagross|Metagross-Mega
|-mega|p1a: Metagross|Metagross|Metagrossite
|move|p1a: Metagross|Meteor Mash|p2a: Rotom-Mow
|-resisted|p2a: Rotom-Mow
|-damage|p2a: Rotom-Mow|136\/241
|
|-heal|p2a: Rotom-Mow|241\/241|[from] move: Wish|[wisher] Clefable
|turn|7
|
|move|p2a: Rotom-Mow|Volt Switch|p1a: Metagross
|-damage|p1a: Metagross|203\/302
|
|switch|p2a: Metagross|Metagross|321\/321
|move|p1a: Metagross|Ice Punch|p2a: Metagross
|-resisted|p2a: Metagross
|-damage|p2a: Metagross|270\/321
|
|turn|8
|
|detailschange|p2a: Metagross|Metagross-Mega
|-mega|p2a: Metagross|Metagross|Metagrossite
|move|p1a: Metagross|Earthquake|p2a: Metagross
|-supereffective|p2a: Metagross
|-damage|p2a: Metagross|96\/321
|move|p2a: Metagross|Meteor Mash|p1a: Metagross
|-resisted|p1a: Metagross
|-damage|p1a: Metagross|119\/302
|
|turn|9
|
|switch|p2a: Rotom-Mow|Rotom-Mow|241\/241
|move|p1a: Metagross|Earthquake|p2a: Rotom-Mow
|-immune|p2a: Rotom-Mow|[msg]
|
|turn|10
|
|switch|p1a: Mew|Mew|404\/404
|move|p2a: Rotom-Mow|Will-O-Wisp|p1a: Mew
|-status|p1a: Mew|brn
|-status|p2a: Rotom-Mow|brn
|
|-damage|p2a: Rotom-Mow|211\/241 brn|[from] brn
|-damage|p1a: Mew|354\/404 brn|[from] brn
|turn|11
|
|switch|p2a: Garchomp|Garchomp, M|357\/357
|move|p1a: Mew|Stealth Rock|p2a: Garchomp
|-sidestart|p2: Niconico|move: Stealth Rock
|
|-damage|p1a: Mew|304\/404 brn|[from] brn
|turn|12
|
|move|p2a: Garchomp|Earthquake|p1a: Mew
|-damage|p1a: Mew|113\/404 brn
|-damage|p2a: Garchomp|322\/357|[from] item: Life Orb
|move|p1a: Mew|Soft-Boiled|p1a: Mew
|-heal|p1a: Mew|315\/404 brn
|
|-damage|p1a: Mew|265\/404 brn|[from] brn
|turn|13
|
|switch|p1a: Thundurus|Thundurus, M|191\/300
|move|p2a: Garchomp|Stealth Rock|p1a: Thundurus
|-sidestart|p1: dmperry|move: Stealth Rock
|
|-heal|p1a: Thundurus|209\/300|[from] item: Leftovers
|turn|14
|
|switch|p2a: Clefable|Clefable, F|321\/393
|-damage|p2a: Clefable|272\/393|[from] Stealth Rock
|move|p1a: Thundurus|Hidden Power|p2a: Clefable
|-damage|p2a: Clefable|212\/393
|
|-heal|p1a: Thundurus|227\/300|[from] item: Leftovers
|-heal|p2a: Clefable|236\/393|[from] item: Leftovers
|turn|15
|
|switch|p1a: Mew|Mew|265\/404 brn
|-damage|p1a: Mew|215\/404 brn|[from] Stealth Rock
|move|p2a: Clefable|Moonblast|p1a: Mew
|-crit|p1a: Mew
|-damage|p1a: Mew|95\/404 brn
|-unboost|p1a: Mew|spa|1
|
|-heal|p2a: Clefable|260\/393|[from] item: Leftovers
|-damage|p1a: Mew|45\/404 brn|[from] brn
|turn|16
|
|move|p1a: Mew|Soft-Boiled|p1a: Mew
|-heal|p1a: Mew|247\/404 brn
|move|p2a: Clefable|Heal Bell|p2a: Clefable
|-cureteam|p2a: Clefable|[from] move: HealBell
|
|-heal|p2a: Clefable|284\/393|[from] item: Leftovers
|-damage|p1a: Mew|197\/404 brn|[from] brn
|turn|17
|
|move|p1a: Mew|Defog|p2a: Clefable
|-unboost|p2a: Clefable|evasion|1
|-sideend|p2: Niconico|Stealth Rock|[from] move: Defog|[of] p2a: Clefable
|-sideend|p1: dmperry|Stealth Rock|[from] move: Defog|[of] p1a: Mew
|move|p2a: Clefable|Wish|p2a: Clefable
|
|-heal|p2a: Clefable|308\/393|[from] item: Leftovers
|-damage|p1a: Mew|147\/404 brn|[from] brn
|turn|18
|join|With Devil
|
|switch|p2a: Metagross|Metagross-Mega|96\/321
|move|p1a: Mew|Stealth Rock|p2a: Metagross
|-sidestart|p2: Niconico|move: Stealth Rock
|
|-heal|p2a: Metagross|292\/321|[from] move: Wish|[wisher] Clefable
|-damage|p1a: Mew|97\/404 brn|[from] brn
|turn|19
|
|move|p2a: Metagross|Meteor Mash|p1a: Mew
|-damage|p1a: Mew|0 fnt
|-damage|p2a: Metagross|239\/321|[from] item: Rocky Helmet|[of] p1a: Mew
|faint|p1a: Mew
|
|
|switch|p1a: Infernape|Infernape, M|293\/293
|turn|20
|
|switch|p2a: Keldeo-Resolute|Keldeo-Resolute|323\/323
|-damage|p2a: Keldeo-Resolute|303\/323|[from] Stealth Rock
|move|p1a: Infernape|Overheat|p2a: Keldeo-Resolute
|-resisted|p2a: Keldeo-Resolute
|-damage|p2a: Keldeo-Resolute|195\/323
|-unboost|p1a: Infernape|spa|2
|-damage|p1a: Infernape|264\/293|[from] item: Life Orb
|
|turn|21
|leave|With Devil
|
|switch|p1a: Greninja|Greninja, M|285\/285
|move|p2a: Keldeo-Resolute|Scald|p1a: Greninja
|-resisted|p1a: Greninja
|-damage|p1a: Greninja|135\/285
|
|turn|22
|
|move|p1a: Greninja|Extrasensory|p2a: Keldeo-Resolute
|-start|p1a: Greninja|typechange|Psychic|[from] Protean
|-supereffective|p2a: Keldeo-Resolute
|-damage|p2a: Keldeo-Resolute|0 fnt
|-damage|p1a: Greninja|107\/285|[from] item: Life Orb
|faint|p2a: Keldeo-Resolute
|
|
|switch|p2a: Rotom-Mow|Rotom-Mow|211\/241
|-damage|p2a: Rotom-Mow|181\/241|[from] Stealth Rock
|turn|23
|
|switch|p1a: Thundurus|Thundurus, M|227\/300
|move|p2a: Rotom-Mow|Volt Switch|p1a: Thundurus
|-damage|p1a: Thundurus|107\/300
|
|switch|p2a: Clefable|Clefable, F|308\/393
|-damage|p2a: Clefable|259\/393|[from] Stealth Rock
|
|-heal|p1a: Thundurus|125\/300|[from] item: Leftovers
|-heal|p2a: Clefable|283\/393|[from] item: Leftovers
|turn|24
|
|move|p1a: Thundurus|Thunderbolt|p2a: Clefable
|-damage|p2a: Clefable|147\/393
|move|p2a: Clefable|Wish|p2a: Clefable
|
|-heal|p1a: Thundurus|143\/300|[from] item: Leftovers
|-heal|p2a: Clefable|171\/393|[from] item: Leftovers
|turn|25
|
|switch|p1a: Metagross|Metagross-Mega|119\/302
|move|p2a: Clefable|Moonblast|p1a: Metagross
|-resisted|p1a: Metagross
|-damage|p1a: Metagross|68\/302
|-unboost|p1a: Metagross|spa|1
|
|-heal|p2a: Clefable|367\/393|[from] move: Wish|[wisher] Clefable
|-heal|p2a: Clefable|391\/393|[from] item: Leftovers
|turn|26
|
|switch|p2a: Rotom-Mow|Rotom-Mow|181\/241
|-damage|p2a: Rotom-Mow|151\/241|[from] Stealth Rock
|move|p1a: Metagross|Meteor Mash|p2a: Rotom-Mow
|-crit|p2a: Rotom-Mow
|-resisted|p2a: Rotom-Mow
|-damage|p2a: Rotom-Mow|0 fnt
|-boost|p1a: Metagross|atk|1
|faint|p2a: Rotom-Mow
|
|
|switch|p2a: Tornadus-Therian|Tornadus-Therian, M|337\/337
|-damage|p2a: Tornadus-Therian|253\/337|[from] Stealth Rock
|turn|27
|
|move|p2a: Tornadus-Therian|Heat Wave|p1a: Metagross
|-supereffective|p1a: Metagross
|-damage|p1a: Metagross|0 fnt
|faint|p1a: Metagross
|
|
|switch|p1a: Greninja|Greninja, M|107\/285
|turn|28
|
|switch|p2a: Clefable|Clefable, F|391\/393
|-damage|p2a: Clefable|342\/393|[from] Stealth Rock
|move|p1a: Greninja|Ice Beam|p2a: Clefable
|-start|p1a: Greninja|typechange|Ice|[from] Protean
|-damage|p2a: Clefable|202\/393
|-damage|p1a: Greninja|79\/285|[from] item: Life Orb
|
|-heal|p2a: Clefable|226\/393|[from] item: Leftovers
|turn|29
|
|switch|p1a: Infernape|Infernape, M|264\/293
|move|p2a: Clefable|Wish|p2a: Clefable
|
|-heal|p2a: Clefable|250\/393|[from] item: Leftovers
|turn|30
|
|move|p1a: Infernape|Overheat|p2a: Clefable
|-damage|p2a: Clefable|77\/393
|-unboost|p1a: Infernape|spa|2
|-damage|p1a: Infernape|235\/293|[from] item: Life Orb
|move|p2a: Clefable|Moonblast|p1a: Infernape
|-damage|p1a: Infernape|93\/293
|
|-heal|p2a: Clefable|273\/393|[from] move: Wish|[wisher] Clefable
|-heal|p2a: Clefable|297\/393|[from] item: Leftovers
|turn|31
|
|move|p1a: Infernape|Earthquake|p2a: Clefable
|-damage|p2a: Clefable|149\/393
|-damage|p1a: Infernape|64\/293|[from] item: Life Orb
|move|p2a: Clefable|Wish|p2a: Clefable
|
|-heal|p2a: Clefable|173\/393|[from] item: Leftovers
|turn|32
|
|move|p2a: Clefable|Protect|p2a: Clefable
|-singleturn|p2a: Clefable|Protect
|move|p1a: Infernape|Earthquake|p2a: Clefable
|-activate|p2a: Clefable|Protect
|
|-heal|p2a: Clefable|369\/393|[from] move: Wish|[wisher] Clefable
|-heal|p2a: Clefable|393\/393|[from] item: Leftovers
|turn|33
|
|move|p1a: Infernape|Earthquake|p2a: Clefable
|-crit|p2a: Clefable
|-damage|p2a: Clefable|160\/393
|-damage|p1a: Infernape|35\/293|[from] item: Life Orb
|move|p2a: Clefable|Wish|p2a: Clefable
|
|-heal|p2a: Clefable|184\/393|[from] item: Leftovers
|turn|34
|
|move|p2a: Clefable|Protect|p2a: Clefable
|-singleturn|p2a: Clefable|Protect
|move|p1a: Infernape|Earthquake|p2a: Clefable
|-activate|p2a: Clefable|Protect
|
|-heal|p2a: Clefable|380\/393|[from] move: Wish|[wisher] Clefable
|-heal|p2a: Clefable|393\/393|[from] item: Leftovers
|turn|35
|
|move|p1a: Infernape|Earthquake|p2a: Clefable
|-damage|p2a: Clefable|234\/393
|-damage|p1a: Infernape|6\/293|[from] item: Life Orb
|move|p2a: Clefable|Wish|p2a: Clefable
|
|-heal|p2a: Clefable|258\/393|[from] item: Leftovers
|turn|36
|
|switch|p1a: Breloom|Breloom, F|262\/262
|move|p2a: Clefable|Moonblast|p1a: Breloom
|-supereffective|p1a: Breloom
|-enditem|p1a: Breloom|Focus Sash
|-damage|p1a: Breloom|1\/262
|
|-heal|p2a: Clefable|393\/393|[from] move: Wish|[wisher] Clefable
|turn|37
|
|switch|p2a: Garchomp|Garchomp, M|322\/357
|-damage|p2a: Garchomp|300\/357|[from] Stealth Rock
|move|p1a: Breloom|Spore|p2a: Garchomp
|-status|p2a: Garchomp|slp
|
|turn|38
|
|cant|p2a: Garchomp|slp
|move|p1a: Breloom|Bullet Seed|p2a: Garchomp
|-crit|p2a: Garchomp
|-damage|p2a: Garchomp|200\/357 slp
|-damage|p2a: Garchomp|136\/357 slp
|-hitcount|p2a: Garchomp|2
|
|turn|39
|
|cant|p2a: Garchomp|slp
|move|p1a: Breloom|Bullet Seed|p2a: Garchomp
|-damage|p2a: Garchomp|67\/357 slp
|-damage|p2a: Garchomp|0 fnt
|-hitcount|p2a: Garchomp|2
|faint|p2a: Garchomp
|
|-message|Niconico lost due to inactivity.
|
|win|dmperry
|raw|Ladder updating...
|raw|dmperry's rating: 1534 &rarr; <strong>1558<\/strong><br \/>(+24 for winning)
|raw|Niconico's rating: 1603 &rarr; <strong>1579<\/strong><br \/>(-24 for losing)
|leave|dmperry
|player|p1