|join|latino
|join|WhyWouldUSashThat!
|player|p1|latino|265
|player|p2|WhyWouldUSashThat!|126
|gametype|singles
|gen|6
|tier|OU
|rated
|clearpoke
|poke|p1|Venusaur, F
|poke|p1|Chansey, F
|poke|p1|Gliscor, F
|poke|p1|Quagsire, F
|poke|p1|Heatran, F
|poke|p1|Mew
|poke|p2|Aggron, F
|poke|p2|Keldeo-Resolute, shiny
|poke|p2|Landorus, M
|poke|p2|Thundurus, M
|poke|p2|Aegislash, F, shiny
|poke|p2|Tyranitar, F
|rule|Sleep Clause Mod: Limit one foe put to sleep
|rule|Species Clause: Limit one of each Pokemon
|rule|OHKO Clause: OHKO moves are banned
|rule|Moody Clause: Moody is banned
|rule|Evasion Moves Clause: Evasion moves are banned
|rule|Endless Battle Clause: Forcing endless battles is banned.
|rule|HP Percentage Mod: HP is reported as percentages
|teampreview
|
|start
|switch|p1a: Gliscor|Gliscor, F|352\/352
|switch|p2a: Landorus|Landorus, M|319\/319
|turn|1
|
|move|p2a: Landorus|Calm Mind|p2a: Landorus
|-boost|p2a: Landorus|spa|1
|-boost|p2a: Landorus|spd|1
|move|p1a: Gliscor|Knock Off|p2a: Landorus
|-damage|p2a: Landorus|233\/319
|-enditem|p2a: Landorus|Life Orb|[from] move: Knock Off|[of] p1a: Gliscor
|
|-status|p1a: Gliscor|tox|[from] item: Toxic Orb
|turn|2
|chat|WhyWouldUSashThat!|wait weren't you rly high on the ladder at some point
|
|move|p2a: Landorus|Psychic|p1a: Gliscor
|-damage|p1a: Gliscor|96\/352 tox
|move|p1a: Gliscor|U-turn|p2a: Landorus
|-resisted|p2a: Landorus
|-damage|p2a: Landorus|202\/319
|
|switch|p1a: Chansey|Chansey, F|642\/642
|
|turn|3
|
|move|p2a: Landorus|Focus Blast|p1a: Chansey|[miss]
|-miss|p2a: Landorus|p1a: Chansey
|move|p1a: Chansey|Seismic Toss|p2a: Landorus
|-damage|p2a: Landorus|102\/319
|
|turn|4
|chat|latino|once…i was
|chat|WhyWouldUSashThat!|hahaha
|chat|latino|but that team reached its limit
|chat|WhyWouldUSashThat!|i think i saw your rmt some time ago
|chat|WhyWouldUSashThat!|it was pretty interesting
|chat|WhyWouldUSashThat!|unorthodox
|chat|latino|i am trying some new teams to rise again
|
|move|p2a: Landorus|Focus Blast|p1a: Chansey|[miss]
|-miss|p2a: Landorus|p1a: Chansey
|move|p1a: Chansey|Seismic Toss|p2a: Landorus
|-damage|p2a: Landorus|2\/319
|
|turn|5
|
|move|p2a: Landorus|Focus Blast|p1a: Chansey|[miss]
|-miss|p2a: Landorus|p1a: Chansey
|move|p1a: Chansey|Seismic Toss|p2a: Landorus
|-damage|p2a: Landorus|0 fnt
|faint|p2a: Landorus
|
|
|switch|p2a: Aegislash|Aegislash, F, shiny|261\/261
|turn|6
|
|-formechange|p2a: Aegislash|Aegislash-Blade
|move|p2a: Aegislash|Sacred Sword|p1a: Chansey
|-supereffective|p1a: Chansey
|-damage|p1a: Chansey|312\/642
|move|p1a: Chansey|Wish|p1a: Chansey
|
|turn|7
|
|switch|p1a: Venusaur|Venusaur, F|364\/364
|move|p2a: Aegislash|Shadow Ball|p1a: Venusaur
|-damage|p1a: Venusaur|204\/364
|
|-heal|p1a: Venusaur|364\/364|[from] move: Wish|[wisher] Chansey
|turn|8
|
|switch|p2a: Aggron|Aggron, F|343\/343
|detailschange|p1a: Venusaur|Venusaur-Mega, F
|message|Venusaur has Mega Evolved into Mega Venusaur!
|move|p1a: Venusaur|Hidden Power|p2a: Aggron
|-damage|p2a: Aggron|266\/343
|
|turn|9
|
|detailschange|p2a: Aggron|Aggron-Mega, F
|message|Aggron has Mega Evolved into Mega Aggron!
|move|p1a: Venusaur|Hidden Power|p2a: Aggron
|-supereffective|p2a: Aggron
|-damage|p2a: Aggron|175\/343
|move|p2a: Aggron|Heavy Slam|p1a: Venusaur
|-damage|p1a: Venusaur|279\/364
|
|turn|10
|
|move|p1a: Venusaur|Hidden Power|p2a: Aggron
|-supereffective|p2a: Aggron
|-damage|p2a: Aggron|81\/343
|move|p2a: Aggron|Metal Burst|p1a: Venusaur
|-damage|p1a: Venusaur|138\/364
|
|turn|11
|
|move|p1a: Venusaur|Hidden Power|p2a: Aggron
|-supereffective|p2a: Aggron
|-damage|p2a: Aggron|0 fnt
|faint|p2a: Aggron
|
|
|switch|p2a: Keldeo-Resolute|Keldeo-Resolute, shiny|322\/322
|turn|12
|
|move|p2a: Keldeo-Resolute|Hidden Power|p1a: Venusaur
|-crit|p1a: Venusaur
|-supereffective|p1a: Venusaur
|-damage|p1a: Venusaur|0 fnt
|faint|p1a: Venusaur
|
|
|switch|p1a: Quagsire|Quagsire, F|394\/394
|turn|13
|
|move|p2a: Keldeo-Resolute|Hydro Pump|p1a: Quagsire
|-damage|p1a: Quagsire|100\/394
|move|p1a: Quagsire|Toxic|p2a: Keldeo-Resolute
|-status|p2a: Keldeo-Resolute|tox
|
|-heal|p1a: Quagsire|124\/394|[from] item: Leftovers
|-damage|p2a: Keldeo-Resolute|302\/322 tox|[from] psn
|turn|14
|
|switch|p1a: Gliscor|Gliscor, F|96\/352 tox
|move|p2a: Keldeo-Resolute|Scald|p1a: Gliscor
|-supereffective|p1a: Gliscor
|-damage|p1a: Gliscor|0 fnt
|faint|p1a: Gliscor
|
|-damage|p2a: Keldeo-Resolute|262\/322 tox|[from] psn
|
|switch|p1a: Chansey|Chansey, F|312\/642
|turn|15
|
|move|p1a: Chansey|Protect|p1a: Chansey
|-singleturn|p1a: Chansey|Protect
|move|p2a: Keldeo-Resolute|Secret Sword|p1a: Chansey
|-activate|p1a: Chansey|Protect
|
|-damage|p2a: Keldeo-Resolute|202\/322 tox|[from] psn
|turn|16
|
|switch|p1a: Quagsire|Quagsire, F|124\/394
|move|p2a: Keldeo-Resolute|Secret Sword|p1a: Quagsire
|-damage|p1a: Quagsire|1\/394
|
|-heal|p1a: Quagsire|25\/394|[from] item: Leftovers
|-damage|p2a: Keldeo-Resolute|122\/322 tox|[from] psn
|turn|17
|
|switch|p2a: Aegislash|Aegislash, F, shiny|261\/261
|move|p1a: Quagsire|Recover|p1a: Quagsire
|-heal|p1a: Quagsire|222\/394
|
|-heal|p1a: Quagsire|246\/394|[from] item: Leftovers
|turn|18
|
|-formechange|p2a: Aegislash|Aegislash-Blade
|move|p2a: Aegislash|Sacred Sword|p1a: Quagsire
|-damage|p1a: Quagsire|157\/394
|move|p1a: Quagsire|Recover|p1a: Quagsire
|-heal|p1a: Quagsire|354\/394
|
|-heal|p1a: Quagsire|378\/394|[from] item: Leftovers
|turn|19
|
|move|p2a: Aegislash|Shadow Ball|p1a: Quagsire
|-damage|p1a: Quagsire|111\/394
|move|p1a: Quagsire|Scald|p2a: Aegislash
|-damage|p2a: Aegislash|152\/261
|
|-heal|p1a: Quagsire|135\/394|[from] item: Leftovers
|turn|20
|
|move|p2a: Aegislash|Shadow Ball|p1a: Quagsire
|-damage|p1a: Quagsire|0 fnt
|faint|p1a: Quagsire
|
|
|switch|p1a: Heatran|Heatran, F|386\/386
|turn|21
|
|-formechange|p2a: Aegislash|Aegislash
|move|p2a: Aegislash|King's Shield|p2a: Aegislash
|-singleturn|p2a: Aegislash|Protect
|move|p1a: Heatran|Will-O-Wisp|p2a: Aegislash
|-status|p2a: Aegislash|brn
|
|-damage|p2a: Aegislash|120\/261 brn|[from] brn
|turn|22
|
|switch|p2a: Thundurus|Thundurus, M|299\/299
|move|p1a: Heatran|Stealth Rock|p2a: Thundurus
|-sidestart|p2: WhyWouldUSashThat!|move: Stealth Rock
|
|turn|23
|
|move|p2a: Thundurus|Superpower|p1a: Heatran
|-supereffective|p1a: Heatran
|-damage|p1a: Heatran|113\/386
|-unboost|p2a: Thundurus|atk|1
|-unboost|p2a: Thundurus|def|1
|-damage|p2a: Thundurus|270\/299|[from] item: Life Orb
|move|p1a: Heatran|Lava Plume|p2a: Thundurus
|-damage|p2a: Thundurus|120\/299
|
|-heal|p1a: Heatran|137\/386|[from] item: Leftovers
|turn|24
|
|move|p2a: Thundurus|Thunderbolt|p1a: Heatran
|-damage|p1a: Heatran|4\/386
|-damage|p2a: Thundurus|91\/299|[from] item: Life Orb
|move|p1a: Heatran|Lava Plume|p2a: Thundurus
|-damage|p2a: Thundurus|0 fnt
|faint|p2a: Thundurus
|
|-heal|p1a: Heatran|28\/386|[from] item: Leftovers
|
|switch|p2a: Aegislash|Aegislash, F, shiny|120\/261 brn
|-damage|p2a: Aegislash|104\/261 brn|[from] Stealth Rock
|turn|25
|
|move|p1a: Heatran|Lava Plume|p2a: Aegislash
|-supereffective|p2a: Aegislash
|-damage|p2a: Aegislash|0 fnt
|faint|p2a: Aegislash
|
|-heal|p1a: Heatran|52\/386|[from] item: Leftovers
|
|switch|p2a: Tyranitar|Tyranitar, F|341\/341
|-damage|p2a: Tyranitar|299\/341|[from] Stealth Rock
|-weather|Sandstorm
|turn|26
|
|move|p2a: Tyranitar|Earthquake|p1a: Heatran
|-supereffective|p1a: Heatran
|-damage|p1a: Heatran|0 fnt
|faint|p1a: Heatran
|
|-weather|Sandstorm|[upkeep]
|-heal|p2a: Tyranitar|320\/341|[from] item: Leftovers
|
|switch|p1a: Chansey|Chansey, F|312\/642
|turn|27
|
|move|p2a: Tyranitar|Dragon Dance|p2a: Tyranitar
|-boost|p2a: Tyranitar|atk|1
|-boost|p2a: Tyranitar|spe|1
|move|p1a: Chansey|Seismic Toss|p2a: Tyranitar
|-damage|p2a: Tyranitar|220\/341
|
|-weather|Sandstorm|[upkeep]
|-damage|p1a: Chansey|272\/642|[from] sandstorm
|-heal|p2a: Tyranitar|241\/341|[from] item: Leftovers
|turn|28
|
|move|p2a: Tyranitar|Stone Edge|p1a: Chansey
|-damage|p1a: Chansey|0 fnt
|faint|p1a: Chansey
|
|-weather|Sandstorm|[upkeep]
|-heal|p2a: Tyranitar|262\/341|[from] item: Leftovers
|
|switch|p1a: Mew|Mew|341\/341
|turn|29
|
|move|p2a: Tyranitar|Crunch|p1a: Mew
|-supereffective|p1a: Mew
|-damage|p1a: Mew|0 fnt
|faint|p1a: Mew
|
|win|WhyWouldUSashThat!
|raw|Ladder updating...
|raw|latino's rating: 1521 &rarr; <strong>1500<\/strong><br \/>(-21 for losing)
|raw|WhyWouldUSashThat!'s rating: 1505 &rarr; <strong>1526<\/strong><br \/>(+21 for winning)
|leave|latino
|player|p1