|join|kullhadd hekk
|join|latino
|player|p1|kullhadd hekk|266
|player|p2|latino|102
|gametype|singles
|gen|6
|tier|OU
|rated
|clearpoke
|poke|p1|Tyranitar, M
|poke|p1|Excadrill, F
|poke|p1|Ferrothorn, M
|poke|p1|Keldeo
|poke|p1|Pinsir, F
|poke|p1|Gengar, F
|poke|p2|Talonflame, F
|poke|p2|Quagsire, M
|poke|p2|Venusaur, M
|poke|p2|Mew
|poke|p2|Garchomp, F
|poke|p2|Clefable, M
|rule|Swagger Clause: Swagger is banned
|rule|Baton Pass Clause: Limit one Pokémon knowing Baton Pass
|rule|Sleep Clause Mod: Limit one foe put to sleep
|rule|Species Clause: Limit one of each Pokémon
|rule|OHKO Clause: OHKO moves are banned
|rule|Moody Clause: Moody is banned
|rule|Evasion Moves Clause: Evasion moves are banned
|rule|Endless Battle Clause: Forcing endless battles is banned
|rule|HP Percentage Mod: HP is shown in percentages
|teampreview
|
|start
|switch|p1a: Gengar|Gengar, F|261\/261
|switch|p2a: Talonflame|Talonflame, F|352\/352
|turn|1
|
|switch|p1a: Tyranitar|Tyranitar, M|341\/341
|-weather|Sandstorm
|move|p2a: Talonflame|Will-O-Wisp|p1a: Tyranitar
|-status|p1a: Tyranitar|brn
|
|-weather|Sandstorm|[upkeep]
|-damage|p2a: Talonflame|330\/352|[from] sandstorm
|-heal|p2a: Talonflame|352\/352|[from] item: Leftovers
|-damage|p1a: Tyranitar|299\/341 brn|[from] brn
|turn|2
|
|move|p2a: Talonflame|Taunt|p1a: Tyranitar
|-start|p1a: Tyranitar|move: Taunt
|move|p1a: Tyranitar|Stone Edge|p2a: Talonflame
|-crit|p2a: Talonflame
|-supereffective|p2a: Talonflame
|-damage|p2a: Talonflame|0 fnt
|faint|p2a: Talonflame
|
|-weather|Sandstorm|[upkeep]
|-damage|p1a: Tyranitar|257\/341 brn|[from] brn
|
|switch|p2a: Garchomp|Garchomp, F|358\/358
|turn|3
|
|switch|p1a: Ferrothorn|Ferrothorn, M|351\/351
|move|p2a: Garchomp|Stealth Rock|p1a: Ferrothorn
|-sidestart|p1: kullhadd hekk|move: Stealth Rock
|
|-weather|Sandstorm|[upkeep]
|turn|4
|
|move|p2a: Garchomp|Swords Dance|p2a: Garchomp
|-boost|p2a: Garchomp|atk|2
|move|p1a: Ferrothorn|Spikes|p2a: Garchomp
|-sidestart|p2: latino|Spikes
|
|-weather|Sandstorm|[upkeep]
|turn|5
|
|move|p2a: Garchomp|Swords Dance|p2a: Garchomp
|-boost|p2a: Garchomp|atk|2
|move|p1a: Ferrothorn|Leech Seed|p2a: Garchomp
|-start|p2a: Garchomp|move: Leech Seed
|
|-weather|none
|-damage|p2a: Garchomp|314\/358|[from] Leech Seed|[of] p1a: Ferrothorn
|turn|6
|
|move|p1a: Ferrothorn|Protect|p1a: Ferrothorn
|-singleturn|p1a: Ferrothorn|Protect
|move|p2a: Garchomp|Swords Dance|p2a: Garchomp
|-boost|p2a: Garchomp|atk|2
|
|-heal|p2a: Garchomp|336\/358|[from] item: Leftovers
|-damage|p2a: Garchomp|292\/358|[from] Leech Seed|[of] p1a: Ferrothorn
|turn|7
|
|switch|p1a: Gengar|Gengar, F|261\/261
|-damage|p1a: Gengar|229\/261|[from] Stealth Rock
|move|p2a: Garchomp|Earthquake|p1a: Gengar
|-immune|p1a: Gengar|[msg]
|
|-heal|p2a: Garchomp|314\/358|[from] item: Leftovers
|-damage|p2a: Garchomp|270\/358|[from] Leech Seed|[of] p1a: Gengar
|-heal|p1a: Gengar|261\/261|[silent]
|turn|8
|
|switch|p1a: Ferrothorn|Ferrothorn, M|351\/351
|-damage|p1a: Ferrothorn|330\/351|[from] Stealth Rock
|move|p2a: Garchomp|Outrage|p1a: Ferrothorn
|-resisted|p1a: Ferrothorn
|-damage|p1a: Ferrothorn|39\/351
|-damage|p2a: Garchomp|226\/358|[from] ability: Iron Barbs|[of] p1a: Ferrothorn
|
|-heal|p2a: Garchomp|248\/358|[from] item: Leftovers
|-heal|p1a: Ferrothorn|60\/351|[from] item: Leftovers
|-damage|p2a: Garchomp|204\/358|[from] Leech Seed|[of] p1a: Ferrothorn
|-heal|p1a: Ferrothorn|104\/351|[silent]
|turn|9
|
|move|p1a: Ferrothorn|Protect|p1a: Ferrothorn
|-singleturn|p1a: Ferrothorn|Protect
|move|p2a: Garchomp|Outrage|p1a: Ferrothorn
|-activate|p1a: Ferrothorn|Protect
|
|-end|p2a: Garchomp|rampage
|-start|p2a: Garchomp|confusion
|-heal|p2a: Garchomp|226\/358|[from] item: Leftovers
|-heal|p1a: Ferrothorn|125\/351|[from] item: Leftovers
|-damage|p2a: Garchomp|182\/358|[from] Leech Seed|[of] p1a: Ferrothorn
|-heal|p1a: Ferrothorn|169\/351|[silent]
|turn|10
|
|-activate|p2a: Garchomp|confusion
|move|p2a: Garchomp|Outrage|p1a: Ferrothorn
|-resisted|p1a: Ferrothorn
|-damage|p1a: Ferrothorn|0 fnt
|-damage|p2a: Garchomp|138\/358|[from] ability: Iron Barbs|[of] p1a: Ferrothorn
|faint|p1a: Ferrothorn
|
|-heal|p2a: Garchomp|160\/358|[from] item: Leftovers
|
|switch|p1a: Keldeo|Keldeo|323\/323
|-damage|p1a: Keldeo|303\/323|[from] Stealth Rock
|turn|11
|
|move|p1a: Keldeo|Scald|p2a: Garchomp
|-damage|p2a: Garchomp|0 fnt
|faint|p2a: Garchomp
|
|
|switch|p2a: Mew|Mew|404\/404
|-damage|p2a: Mew|354\/404|[from] Spikes
|turn|12
|
|move|p1a: Keldeo|Scald|p2a: Mew
|-damage|p2a: Mew|197\/404
|move|p2a: Mew|Knock Off|p1a: Keldeo
|-crit|p1a: Keldeo
|-resisted|p1a: Keldeo
|-damage|p1a: Keldeo|240\/323
|-boost|p1a: Keldeo|atk|1|[from] ability: Justified
|-enditem|p1a: Keldeo|Choice Specs|[from] move: Knock Off|[of] p2a: Mew
|
|-heal|p2a: Mew|222\/404|[from] item: Leftovers
|turn|13
|
|move|p1a: Keldeo|Scald|p2a: Mew
|-damage|p2a: Mew|110\/404
|move|p2a: Mew|Soft-Boiled|p2a: Mew
|-heal|p2a: Mew|312\/404
|
|-heal|p2a: Mew|337\/404|[from] item: Leftovers
|turn|14
|
|move|p1a: Keldeo|Scald|p2a: Mew
|-damage|p2a: Mew|229\/404
|move|p2a: Mew|Will-O-Wisp|p1a: Keldeo
|-status|p1a: Keldeo|brn
|
|-heal|p2a: Mew|254\/404|[from] item: Leftovers
|-damage|p1a: Keldeo|200\/323 brn|[from] brn
|turn|15
|
|move|p1a: Keldeo|Scald|p2a: Mew
|-damage|p2a: Mew|139\/404
|move|p2a: Mew|Soft-Boiled|p2a: Mew
|-heal|p2a: Mew|341\/404
|
|-heal|p2a: Mew|366\/404|[from] item: Leftovers
|-damage|p1a: Keldeo|160\/323 brn|[from] brn
|turn|16
|
|move|p1a: Keldeo|Scald|p2a: Mew
|-damage|p2a: Mew|246\/404
|-status|p2a: Mew|brn
|move|p2a: Mew|Soft-Boiled|p2a: Mew
|-heal|p2a: Mew|404\/404 brn
|
|-damage|p1a: Keldeo|120\/323 brn|[from] brn
|-damage|p2a: Mew|354\/404 brn|[from] brn
|turn|17
|
|switch|p1a: Tyranitar|Tyranitar, M|257\/341 brn
|-damage|p1a: Tyranitar|215\/341 brn|[from] Stealth Rock
|-weather|Sandstorm
|switch|p2a: Venusaur|Venusaur, M|364\/364
|-damage|p2a: Venusaur|319\/364|[from] Spikes
|
|-weather|Sandstorm|[upkeep]
|-damage|p2a: Venusaur|297\/364|[from] sandstorm
|-damage|p1a: Tyranitar|173\/341 brn|[from] brn
|turn|18
|
|detailschange|p2a: Venusaur|Venusaur-Mega, M
|message|Venusaur has Mega Evolved into Mega Venusaur!
|move|p1a: Tyranitar|Stealth Rock|p2a: Venusaur
|-sidestart|p2: latino|move: Stealth Rock
|move|p2a: Venusaur|Giga Drain|p1a: Tyranitar
|-supereffective|p1a: Tyranitar
|-damage|p1a: Tyranitar|11\/341 brn
|-heal|p2a: Venusaur|364\/364|[from] drain|[of] p1a: Tyranitar
|
|-weather|Sandstorm|[upkeep]
|-damage|p2a: Venusaur|342\/364|[from] sandstorm
|-damage|p1a: Tyranitar|0 fnt|[from] brn
|faint|p1a: Tyranitar
|
|switch|p1a: Excadrill|Excadrill, F|361\/361
|-damage|p1a: Excadrill|350\/361|[from] Stealth Rock
|turn|19
|
|move|p1a: Excadrill|Earthquake|p2a: Venusaur
|-damage|p2a: Venusaur|200\/364
|-damage|p1a: Excadrill|314\/361|[from] item: Life Orb
|move|p2a: Venusaur|Sleep Powder|p1a: Excadrill
|-status|p1a: Excadrill|slp
|
|-weather|Sandstorm|[upkeep]
|-damage|p2a: Venusaur|178\/364|[from] sandstorm
|turn|20
|
|switch|p2a: Mew|Mew|354\/404 brn
|-damage|p2a: Mew|304\/404 brn|[from] Stealth Rock
|-damage|p2a: Mew|254\/404 brn|[from] Spikes
|cant|p1a: Excadrill|slp
|
|-weather|Sandstorm|[upkeep]
|-damage|p2a: Mew|229\/404 brn|[from] sandstorm
|-heal|p2a: Mew|254\/404 brn|[from] item: Leftovers
|-damage|p2a: Mew|204\/404 brn|[from] brn
|turn|21
|
|-curestatus|p1a: Excadrill|slp
|move|p1a: Excadrill|Earthquake|p2a: Mew
|-damage|p2a: Mew|0 fnt
|-damage|p1a: Excadrill|278\/361|[from] item: Life Orb
|faint|p2a: Mew
|
|-weather|none
|-message|latino forfeited.
|
|win|kullhadd hekk
|raw|Ladder updating...
|leave|latino
|player|p2
|raw|kullhadd hekk's rating: 1649 &rarr; <strong>1675<\/strong><br \/>(+26 for winning)
|raw|latino's rating: 1763 &rarr; <strong>1737<\/strong><br \/>(-26 for losing)