|join|Aka DH
|join|latino
|player|p1|Aka DH|68
|player|p2|latino|170
|gametype|singles
|gen|6
|tier|OU
|rated
|clearpoke
|poke|p1|Bisharp, F
|poke|p1|Venusaur, F
|poke|p1|Heatran, M
|poke|p1|Keldeo
|poke|p1|Chansey, F
|poke|p1|Skarmory, M
|poke|p2|Talonflame, M
|poke|p2|Quagsire, M
|poke|p2|Venusaur, M
|poke|p2|Mew
|poke|p2|Raikou
|poke|p2|Clefable, M
|rule|Swagger Clause: Swagger is banned
|rule|Baton Pass Clause: Limit one Pokémon knowing Baton Pass
|rule|Sleep Clause Mod: Limit one foe put to sleep
|rule|Species Clause: Limit one of each Pokémon
|rule|OHKO Clause: OHKO moves are banned
|rule|Moody Clause: Moody is banned
|rule|Evasion Moves Clause: Evasion moves are banned
|rule|Endless Battle Clause: Forcing endless battles is banned
|rule|HP Percentage Mod: HP is shown in percentages
|teampreview
|
|start
|switch|p1a: Heatran|Heatran, M|340\/340
|switch|p2a: Mew|Mew|404\/404
|-item|p1a: Heatran|Air Balloon
|turn|1
|
|move|p1a: Heatran|Toxic|p2a: Mew
|-status|p2a: Mew|tox
|move|p2a: Mew|Knock Off|p1a: Heatran
|-damage|p1a: Heatran|277\/340
|-enditem|p1a: Heatran|Air Balloon
|
|-damage|p2a: Mew|379\/404 tox|[from] psn
|turn|2
|
|switch|p2a: Talonflame|Talonflame, M|352\/352
|move|p1a: Heatran|Stealth Rock|p2a: Talonflame
|-sidestart|p2: latino|move: Stealth Rock
|
|turn|3
|
|move|p2a: Talonflame|Taunt|p1a: Heatran
|-start|p1a: Heatran|move: Taunt
|cant|p1a: Heatran|move: Taunt|Toxic
|
|turn|4
|
|move|p2a: Talonflame|Brave Bird|p1a: Heatran
|-resisted|p1a: Heatran
|-damage|p1a: Heatran|227\/340
|-damage|p2a: Talonflame|335\/352|[from] recoil|[of] p1a: Heatran
|move|p1a: Heatran|Fire Blast|p2a: Talonflame
|-resisted|p2a: Talonflame
|-damage|p2a: Talonflame|247\/352
|
|-heal|p2a: Talonflame|269\/352|[from] item: Leftovers
|turn|5
|
|switch|p1a: Bisharp|Bisharp, F|334\/334
|move|p2a: Talonflame|Brave Bird|p1a: Bisharp
|-resisted|p1a: Bisharp
|-damage|p1a: Bisharp|272\/334
|-damage|p2a: Talonflame|249\/352|[from] recoil|[of] p1a: Bisharp
|
|-heal|p2a: Talonflame|271\/352|[from] item: Leftovers
|-heal|p1a: Bisharp|292\/334|[from] item: Leftovers
|turn|6
|join|CleanerThanRotom-W
|
|move|p2a: Talonflame|Will-O-Wisp|p1a: Bisharp
|-status|p1a: Bisharp|brn
|move|p1a: Bisharp|Knock Off|p2a: Talonflame
|-damage|p2a: Talonflame|142\/352
|-enditem|p2a: Talonflame|Leftovers|[from] move: Knock Off|[of] p1a: Bisharp
|
|-heal|p1a: Bisharp|312\/334 brn|[from] item: Leftovers
|-damage|p1a: Bisharp|271\/334 brn|[from] brn
|turn|7
|
|move|p2a: Talonflame|Roost|p2a: Talonflame
|-heal|p2a: Talonflame|318\/352
|move|p1a: Bisharp|Swords Dance|p1a: Bisharp
|-boost|p1a: Bisharp|atk|2
|
|-heal|p1a: Bisharp|291\/334 brn|[from] item: Leftovers
|-damage|p1a: Bisharp|250\/334 brn|[from] brn
|turn|8
|
|switch|p2a: Quagsire|Quagsire, M|394\/394
|-damage|p2a: Quagsire|370\/394|[from] Stealth Rock
|move|p1a: Bisharp|Knock Off|p2a: Quagsire
|-damage|p2a: Quagsire|291\/394
|-enditem|p2a: Quagsire|Leftovers|[from] move: Knock Off|[of] p1a: Bisharp
|
|-heal|p1a: Bisharp|270\/334 brn|[from] item: Leftovers
|-damage|p1a: Bisharp|229\/334 brn|[from] brn
|turn|9
|
|switch|p1a: Keldeo|Keldeo|323\/323
|switch|p2a: Talonflame|Talonflame, M|318\/352
|-damage|p2a: Talonflame|142\/352|[from] Stealth Rock
|
|turn|10
|
|move|p2a: Talonflame|Brave Bird|p1a: Keldeo
|-supereffective|p1a: Keldeo
|-damage|p1a: Keldeo|59\/323
|-damage|p2a: Talonflame|55\/352|[from] recoil|[of] p1a: Keldeo
|move|p1a: Keldeo|Scald|p2a: Talonflame
|-supereffective|p2a: Talonflame
|-damage|p2a: Talonflame|0 fnt
|faint|p2a: Talonflame
|
|-heal|p1a: Keldeo|79\/323|[from] item: Leftovers
|
|switch|p2a: Venusaur|Venusaur, M|364\/364
|-damage|p2a: Venusaur|319\/364|[from] Stealth Rock
|turn|11
|
|switch|p1a: Chansey|Chansey, F|684\/684
|detailschange|p2a: Venusaur|Venusaur-Mega, M
|message|Venusaur has Mega Evolved into Mega Venusaur!
|move|p2a: Venusaur|Giga Drain|p1a: Chansey
|-damage|p1a: Chansey|615\/684
|-heal|p2a: Venusaur|354\/364|[from] drain|[of] p1a: Chansey
|
|turn|12
|
|move|p2a: Venusaur|Sleep Powder|p1a: Chansey
|-status|p1a: Chansey|slp
|cant|p1a: Chansey|slp
|
|turn|13
|
|switch|p2a: Mew|Mew|379\/404 tox
|-damage|p2a: Mew|329\/404 tox|[from] Stealth Rock
|switch|p1a: Heatran|Heatran, M|227\/340
|
|-heal|p2a: Mew|354\/404 tox|[from] item: Leftovers
|-damage|p2a: Mew|329\/404 tox|[from] psn
|turn|14
|
|move|p1a: Heatran|Taunt|p2a: Mew
|-start|p2a: Mew|move: Taunt
|cant|p2a: Mew|move: Taunt|Defog
|
|-heal|p2a: Mew|354\/404 tox|[from] item: Leftovers
|-damage|p2a: Mew|304\/404 tox|[from] psn
|turn|15
|
|switch|p2a: Quagsire|Quagsire, M|291\/394
|-damage|p2a: Quagsire|267\/394|[from] Stealth Rock
|move|p1a: Heatran|Fire Blast|p2a: Quagsire|[miss]
|-miss|p1a: Heatran|p2a: Quagsire
|
|turn|16
|
|switch|p1a: Chansey|Chansey, F|615\/684
|move|p2a: Quagsire|Earthquake|p1a: Chansey
|-damage|p1a: Chansey|474\/684
|
|turn|17
|
|switch|p2a: Clefable|Clefable, M|394\/394
|move|p1a: Chansey|Aromatherapy|p1a: Chansey
|-cureteam|p1a: Chansey|[from] move: Aromatherapy
|
|turn|18
|
|move|p2a: Clefable|Calm Mind|p2a: Clefable
|-boost|p2a: Clefable|spa|1
|-boost|p2a: Clefable|spd|1
|move|p1a: Chansey|Thunder Wave|p2a: Clefable
|-status|p2a: Clefable|par
|
|turn|19
|
|move|p1a: Chansey|Soft-Boiled|p1a: Chansey
|-heal|p1a: Chansey|684\/684
|move|p2a: Clefable|Calm Mind|p2a: Clefable
|-boost|p2a: Clefable|spa|1
|-boost|p2a: Clefable|spd|1
|
|turn|20
|
|move|p1a: Chansey|Seismic Toss|p2a: Clefable
|-damage|p2a: Clefable|294\/394 par
|move|p2a: Clefable|Calm Mind|p2a: Clefable
|-boost|p2a: Clefable|spa|1
|-boost|p2a: Clefable|spd|1
|
|-heal|p2a: Clefable|318\/394 par|[from] item: Leftovers
|turn|21
|
|move|p1a: Chansey|Seismic Toss|p2a: Clefable
|-damage|p2a: Clefable|218\/394 par
|cant|p2a: Clefable|par
|
|-heal|p2a: Clefable|242\/394 par|[from] item: Leftovers
|turn|22
|
|move|p1a: Chansey|Seismic Toss|p2a: Clefable
|-damage|p2a: Clefable|142\/394 par
|move|p2a: Clefable|Soft-Boiled|p2a: Clefable
|-heal|p2a: Clefable|339\/394 par
|
|-heal|p2a: Clefable|363\/394 par|[from] item: Leftovers
|turn|23
|
|move|p1a: Chansey|Seismic Toss|p2a: Clefable
|-damage|p2a: Clefable|263\/394 par
|move|p2a: Clefable|Calm Mind|p2a: Clefable
|-boost|p2a: Clefable|spa|1
|-boost|p2a: Clefable|spd|1
|
|-heal|p2a: Clefable|287\/394 par|[from] item: Leftovers
|turn|24
|
|move|p1a: Chansey|Seismic Toss|p2a: Clefable
|-damage|p2a: Clefable|187\/394 par
|cant|p2a: Clefable|par
|
|-heal|p2a: Clefable|211\/394 par|[from] item: Leftovers
|turn|25
|join|i came from leddit
|join|axiom_omega
|
|switch|p1a: Bisharp|Bisharp, F|229\/334
|cant|p2a: Clefable|par
|
|-heal|p1a: Bisharp|249\/334|[from] item: Leftovers
|-heal|p2a: Clefable|235\/394 par|[from] item: Leftovers
|turn|26
|
|switch|p2a: Raikou|Raikou|322\/322
|-damage|p2a: Raikou|282\/322|[from] Stealth Rock
|-ability|p2a: Raikou|Pressure
|move|p1a: Bisharp|Iron Head|p2a: Raikou
|-resisted|p2a: Raikou
|-damage|p2a: Raikou|181\/322
|
|-heal|p2a: Raikou|201\/322|[from] item: Leftovers
|-heal|p1a: Bisharp|269\/334|[from] item: Leftovers
|turn|27
|c| i came from leddit|italiano vs latino
|c| i came from leddit|imo
|join|Appreciation
|
|switch|p1a: Chansey|Chansey, F|684\/684
|move|p2a: Raikou|Thunderbolt|p1a: Chansey
|-damage|p1a: Chansey|600\/684
|
|-heal|p2a: Raikou|221\/322|[from] item: Leftovers
|turn|28
|
|switch|p2a: Clefable|Clefable, M|235\/394 par
|move|p1a: Chansey|Seismic Toss|p2a: Clefable
|-damage|p2a: Clefable|135\/394 par
|
|-heal|p2a: Clefable|159\/394 par|[from] item: Leftovers
|turn|29
|c| Appreciation|bloody fwen
|c| uCan'tSeeMe|lol
|c| Appreciation|lets snipe each other
|
|switch|p1a: Bisharp|Bisharp, F|269\/334
|move|p2a: Clefable|Soft-Boiled|p2a: Clefable
|-heal|p2a: Clefable|356\/394 par
|
|-heal|p1a: Bisharp|289\/334|[from] item: Leftovers
|-heal|p2a: Clefable|380\/394 par|[from] item: Leftovers
|turn|30
|c| i came from leddit|bloody fren is on bloody climb
|c| Appreciation|after this game
|
|move|p1a: Bisharp|Knock Off|p2a: Clefable
|-resisted|p2a: Clefable
|-damage|p2a: Clefable|296\/394 par
|-enditem|p2a: Clefable|Leftovers|[from] move: Knock Off|[of] p1a: Bisharp
|move|p2a: Clefable|Flamethrower|p1a: Bisharp
|-supereffective|p1a: Bisharp
|-damage|p1a: Bisharp|97\/334
|
|-heal|p1a: Bisharp|117\/334|[from] item: Leftovers
|turn|31
|c| Appreciation|ye i might not be high enough to chal bloody fren
|
|move|p1a: Bisharp|Iron Head|p2a: Clefable
|-supereffective|p2a: Clefable
|-damage|p2a: Clefable|26\/394 par
|cant|p2a: Clefable|par
|
|-heal|p1a: Bisharp|137\/334|[from] item: Leftovers
|turn|32
|c| Appreciation|u_u
|-message|latino forfeited.
|
|win|Aka DH
|raw|Ladder updating...
|leave|latino
|player|p2
|raw|Aka DH's rating: 1909 &rarr; <strong>1919<\/strong><br \/>(+10 for winning)
|raw|latino's rating: 1717 &rarr; <strong>1707<\/strong><br \/>(-10 for losing)
|c| Appreciation|bye
|leave|Appreciation
|c| uCan'tSeeMe|i beat him today
|c| i came from leddit|rekt