|join|shasso
|join|latino
|player|p1|shasso|30
|player|p2|latino|102
|gametype|singles
|gen|6
|tier|OU
|rated
|clearpoke
|poke|p1|Skarmory, F, shiny
|poke|p1|Heatran, M, shiny
|poke|p1|Landorus-Therian, M, shiny
|poke|p1|Florges, F
|poke|p1|Medicham, M, shiny
|poke|p1|Breloom, F, shiny
|poke|p2|Gliscor, M
|poke|p2|Milotic, M
|poke|p2|Scizor, M
|poke|p2|Seismitoad, F
|poke|p2|Medicham, F
|poke|p2|Zapdos
|rule|Swagger Clause: Swagger is banned
|rule|Baton Pass Clause: Limit one Pokémon knowing Baton Pass
|rule|Sleep Clause Mod: Limit one foe put to sleep
|rule|Species Clause: Limit one of each Pokémon
|rule|OHKO Clause: OHKO moves are banned
|rule|Moody Clause: Moody is banned
|rule|Evasion Moves Clause: Evasion moves are banned
|rule|Endless Battle Clause: Forcing endless battles is banned
|rule|HP Percentage Mod: HP is shown in percentages
|teampreview
|
|start
|switch|p1a: Landorus-Therian|Landorus-Therian, M, shiny|382\/382
|switch|p2a: Venenum Scorpionem|Gliscor, M|352\/352
|-ability|p1a: Landorus-Therian|Intimidate|[of] p2a: Venenum Scorpionem
|-unboost|p2a: Venenum Scorpionem|atk|1
|turn|1
|
|switch|p2a: Magna Tonitrua|Zapdos|383\/383
|-ability|p2a: Magna Tonitrua|Pressure
|move|p1a: Landorus-Therian|Knock Off|p2a: Magna Tonitrua
|-damage|p2a: Magna Tonitrua|291\/383
|-enditem|p2a: Magna Tonitrua|Leftovers|[from] move: Knock Off|[of] p1a: Landorus-Therian
|
|turn|2
|
|switch|p2a: Venenum Scorpionem|Gliscor, M|352\/352
|move|p1a: Landorus-Therian|Knock Off|p2a: Venenum Scorpionem
|-damage|p2a: Venenum Scorpionem|265\/352
|-enditem|p2a: Venenum Scorpionem|Toxic Orb|[from] move: Knock Off|[of] p1a: Landorus-Therian
|
|turn|3
|-message|latino forfeited.
|
|win|shasso
|raw|Ladder updating...
|leave|latino
|player|p2
|raw|shasso's rating: 1594 &rarr; <strong>1617<\/strong><br \/>(+23 for winning)
|raw|latino's rating: 1644 &rarr; <strong>1621<\/strong><br \/>(-23 for losing)