|join|qways
|join|Alex The Chief
|player|p1|qways|265
|player|p2|Alex The Chief|163
|gametype|singles
|gen|6
|tier|OU
|rated
|clearpoke
|poke|p1|Infernape, F
|poke|p1|Lopunny, M
|poke|p1|Scizor, F
|poke|p1|Jolteon, F
|poke|p1|Breloom, M
|poke|p1|Gliscor, F
|poke|p2|Tyranitar, M
|poke|p2|Gengar, M
|poke|p2|Magnezone
|poke|p2|Talonflame, F
|poke|p2|Gliscor, F
|poke|p2|Tentacruel, M
|rule|Swagger Clause: Swagger is banned
|rule|Baton Pass Clause: Limit one Pokémon knowing Baton Pass
|rule|Sleep Clause Mod: Limit one foe put to sleep
|rule|Species Clause: Limit one of each Pokémon
|rule|OHKO Clause: OHKO moves are banned
|rule|Moody Clause: Moody is banned
|rule|Evasion Moves Clause: Evasion moves are banned
|rule|Endless Battle Clause: Forcing endless battles is banned
|rule|HP Percentage Mod: HP is shown in percentages
|teampreview
|
|start
|switch|p1a: Infernape|Infernape, F|293\/293
|switch|p2a: Talonflame|Talonflame, F|298\/298
|turn|1
|
|move|p1a: Infernape|Fake Out|p2a: Talonflame
|-damage|p2a: Talonflame|242\/298
|cant|p2a: Talonflame|flinch
|
|turn|2
|
|move|p2a: Talonflame|Brave Bird|p1a: Infernape
|-supereffective|p1a: Infernape
|-enditem|p1a: Infernape|Focus Sash
|-damage|p1a: Infernape|1\/293
|-damage|p2a: Talonflame|146\/298|[from] recoil|[of] p1a: Infernape
|move|p1a: Infernape|Stealth Rock|p2a: Talonflame
|-sidestart|p2: Alex The Chief|move: Stealth Rock
|
|turn|3
|
|move|p2a: Talonflame|Brave Bird|p1a: Infernape
|-supereffective|p1a: Infernape
|-damage|p1a: Infernape|0 fnt
|-damage|p2a: Talonflame|145\/298|[from] recoil|[of] p1a: Infernape
|faint|p1a: Infernape
|
|
|switch|p1a: Jolteon|Jolteon, F|271\/271
|turn|4
|
|switch|p2a: Gliscor|Gliscor, F|352\/352
|-damage|p2a: Gliscor|308\/352|[from] Stealth Rock
|move|p1a: Jolteon|Volt Switch|p2a: Gliscor
|-immune|p2a: Gliscor|[msg]
|
|-status|p2a: Gliscor|tox|[from] item: Toxic Orb
|turn|5
|
|switch|p2a: Tentacruel|Tentacruel, M|361\/361
|-damage|p2a: Tentacruel|316\/361|[from] Stealth Rock
|move|p1a: Jolteon|Hidden Power|p2a: Tentacruel
|-resisted|p2a: Tentacruel
|-damage|p2a: Tentacruel|290\/361
|
|-heal|p2a: Tentacruel|312\/361|[from] item: Black Sludge
|turn|6
|
|move|p1a: Jolteon|Thunderbolt|p2a: Tentacruel
|-supereffective|p2a: Tentacruel
|-damage|p2a: Tentacruel|88\/361
|move|p2a: Tentacruel|Rapid Spin|p1a: Jolteon
|-damage|p1a: Jolteon|255\/271
|-sideend|p2: Alex The Chief|Stealth Rock|[from] move: Rapid Spin|[of] p2a: Tentacruel
|
|-heal|p2a: Tentacruel|110\/361|[from] item: Black Sludge
|turn|7
|
|move|p1a: Jolteon|Volt Switch|p2a: Tentacruel
|-supereffective|p2a: Tentacruel
|-damage|p2a: Tentacruel|0 fnt
|faint|p2a: Tentacruel
|
|switch|p1a: Gliscor|Gliscor, F|353\/353
|
|-status|p1a: Gliscor|tox|[from] item: Toxic Orb
|
|switch|p2a: Tyranitar|Tyranitar, M|341\/341
|-weather|Sandstorm
|turn|8
|
|switch|p1a: Scizor|Scizor, F|343\/343
|detailschange|p2a: Tyranitar|Tyranitar-Mega, M
|message|Tyranitar has Mega Evolved into Mega Tyranitar!
|move|p2a: Tyranitar|Dragon Dance|p2a: Tyranitar
|-boost|p2a: Tyranitar|atk|1
|-boost|p2a: Tyranitar|spe|1
|
|-weather|Sandstorm|[upkeep]
|turn|9
|
|switch|p2a: Magnezone|Magnezone|324\/324
|move|p1a: Scizor|U-turn|p2a: Magnezone
|-resisted|p2a: Magnezone
|-damage|p2a: Magnezone|237\/324
|
|switch|p1a: Jolteon|Jolteon, F|255\/271
|
|-weather|Sandstorm|[upkeep]
|-damage|p1a: Jolteon|239\/271|[from] sandstorm
|turn|10
|
|move|p1a: Jolteon|Shadow Ball|p2a: Magnezone
|-damage|p2a: Magnezone|150\/324
|move|p2a: Magnezone|Flash Cannon|p1a: Jolteon
|-resisted|p1a: Jolteon
|-damage|p1a: Jolteon|164\/271
|-unboost|p1a: Jolteon|spd|1
|
|-weather|Sandstorm|[upkeep]
|-damage|p1a: Jolteon|148\/271|[from] sandstorm
|turn|11
|
|move|p1a: Jolteon|Volt Switch|p2a: Magnezone
|-resisted|p2a: Magnezone
|-damage|p2a: Magnezone|86\/324
|
|switch|p1a: Scizor|Scizor, F|343\/343
|move|p2a: Magnezone|Flash Cannon|p1a: Scizor
|-resisted|p1a: Scizor
|-damage|p1a: Scizor|204\/343
|
|-weather|Sandstorm|[upkeep]
|turn|12
|
|move|p2a: Magnezone|Flash Cannon|p1a: Scizor
|-resisted|p1a: Scizor
|-damage|p1a: Scizor|71\/343
|move|p1a: Scizor|U-turn|p2a: Magnezone
|-resisted|p2a: Magnezone
|-damage|p2a: Magnezone|2\/324
|
|switch|p1a: Lopunny|Lopunny, M|271\/271
|
|-weather|none
|turn|13
|
|detailschange|p1a: Lopunny|Lopunny-Mega, M
|message|Lopunny has Mega Evolved into Mega Lopunny!
|move|p1a: Lopunny|Power-Up Punch|p2a: Magnezone
|-supereffective|p2a: Magnezone
|-damage|p2a: Magnezone|0 fnt
|-boost|p1a: Lopunny|atk|1
|faint|p2a: Magnezone
|
|
|switch|p2a: Talonflame|Talonflame, F|145\/298
|turn|14
|
|move|p1a: Lopunny|Quick Attack|p2a: Talonflame
|-damage|p2a: Talonflame|7\/298
|move|p2a: Talonflame|U-turn|p1a: Lopunny
|-resisted|p1a: Lopunny
|-damage|p1a: Lopunny|221\/271
|
|switch|p2a: Gliscor|Gliscor, F|308\/352 tox
|
|-heal|p2a: Gliscor|352\/352 tox|[from] ability: Poison Heal
|turn|15
|
|move|p1a: Lopunny|Return|p2a: Gliscor
|-damage|p2a: Gliscor|151\/352 tox
|move|p2a: Gliscor|Earthquake|p1a: Lopunny
|-damage|p1a: Lopunny|112\/271
|
|-heal|p2a: Gliscor|195\/352 tox|[from] ability: Poison Heal
|turn|16
|
|move|p2a: Gliscor|Protect|p2a: Gliscor
|-singleturn|p2a: Gliscor|Protect
|move|p1a: Lopunny|Return|p2a: Gliscor
|-activate|p2a: Gliscor|Protect
|
|-heal|p2a: Gliscor|239\/352 tox|[from] ability: Poison Heal
|turn|17
|
|move|p1a: Lopunny|Return|p2a: Gliscor
|-damage|p2a: Gliscor|32\/352 tox
|move|p2a: Gliscor|Earthquake|p1a: Lopunny
|-damage|p1a: Lopunny|0 fnt
|faint|p1a: Lopunny
|
|-heal|p2a: Gliscor|76\/352 tox|[from] ability: Poison Heal
|
|switch|p1a: Gliscor|Gliscor, F|353\/353 tox
|turn|18
|
|move|p2a: Gliscor|Protect|p2a: Gliscor
|-singleturn|p2a: Gliscor|Protect
|move|p1a: Gliscor|Agility|p1a: Gliscor
|-boost|p1a: Gliscor|spe|2
|
|-heal|p2a: Gliscor|120\/352 tox|[from] ability: Poison Heal
|turn|19
|
|move|p1a: Gliscor|Swords Dance|p1a: Gliscor
|-boost|p1a: Gliscor|atk|2
|move|p2a: Gliscor|Substitute|p2a: Gliscor
|-start|p2a: Gliscor|Substitute
|-damage|p2a: Gliscor|32\/352 tox
|
|-heal|p2a: Gliscor|76\/352 tox|[from] ability: Poison Heal
|turn|20
|
|move|p1a: Gliscor|Swords Dance|p1a: Gliscor
|-boost|p1a: Gliscor|atk|2
|move|p2a: Gliscor|Toxic|p1a: Gliscor
|-fail|p1a: Gliscor|tox
|
|-heal|p2a: Gliscor|120\/352 tox|[from] ability: Poison Heal
|turn|21
|
|move|p1a: Gliscor|Swords Dance|p1a: Gliscor
|-boost|p1a: Gliscor|atk|2
|move|p2a: Gliscor|Toxic|p1a: Gliscor|[miss]
|-miss|p2a: Gliscor|p1a: Gliscor
|
|-heal|p2a: Gliscor|164\/352 tox|[from] ability: Poison Heal
|turn|22
|
|move|p1a: Gliscor|Stone Edge|p2a: Gliscor
|-end|p2a: Gliscor|Substitute
|move|p2a: Gliscor|Earthquake|p1a: Gliscor
|-immune|p1a: Gliscor|[msg]
|
|-heal|p2a: Gliscor|208\/352 tox|[from] ability: Poison Heal
|turn|23
|
|move|p2a: Gliscor|Protect|p2a: Gliscor
|-singleturn|p2a: Gliscor|Protect
|move|p1a: Gliscor|Stone Edge|p2a: Gliscor
|-activate|p2a: Gliscor|Protect
|
|-heal|p2a: Gliscor|252\/352 tox|[from] ability: Poison Heal
|turn|24
|c|★Alex The Chief|welp
|
|move|p2a: Gliscor|Protect|p2a: Gliscor
|-fail|p2a: Gliscor
|move|p1a: Gliscor|Stone Edge|p2a: Gliscor
|-damage|p2a: Gliscor|0 fnt
|faint|p2a: Gliscor
|
|
|switch|p2a: Talonflame|Talonflame, F|7\/298
|turn|25
|
|move|p2a: Talonflame|Brave Bird|p1a: Gliscor
|-damage|p1a: Gliscor|158\/353 tox
|-damage|p2a: Talonflame|0 fnt|[from] recoil|[of] p1a: Gliscor
|faint|p2a: Talonflame
|move|p1a: Gliscor|Stone Edge|p2: Talonflame|[notarget]
|-notarget
|
|-heal|p1a: Gliscor|202\/353 tox|[from] ability: Poison Heal
|
|switch|p2a: Gengar|Gengar, M|261\/261
|turn|26
|
|move|p1a: Gliscor|Stone Edge|p2a: Gengar
|-damage|p2a: Gengar|0 fnt
|faint|p2a: Gengar
|
|-heal|p1a: Gliscor|246\/353 tox|[from] ability: Poison Heal
|
|switch|p2a: Tyranitar|Tyranitar-Mega, M|341\/341
|-weather|Sandstorm
|turn|27
|
|move|p1a: Gliscor|Earthquake|p2a: Tyranitar
|-supereffective|p2a: Tyranitar
|-damage|p2a: Tyranitar|0 fnt
|faint|p2a: Tyranitar
|
|win|qways
|raw|Ladder updating...
|raw|qways's rating: 1679 &rarr; <strong>1700<\/strong><br \/>(+21 for winning)
|raw|Alex The Chief's rating: 1685 &rarr; <strong>1665<\/strong><br \/>(-20 for losing)
|leave|Alex The Chief
|player|p2