|join|qways
|join|Jirachi25
|player|p1|qways|265
|player|p2|Jirachi25|155
|gametype|singles
|gen|6
|tier|OU
|rated
|clearpoke
|poke|p1|Infernape, M
|poke|p1|Lopunny, M
|poke|p1|Scizor, M
|poke|p1|Jolteon, M
|poke|p1|Breloom, F
|poke|p1|Gliscor, M
|poke|p2|Gardevoir, M
|poke|p2|Keldeo
|poke|p2|Tyranitar, M
|poke|p2|Excadrill, F
|poke|p2|Ferrothorn, F
|poke|p2|Latios, M
|rule|Swagger Clause: Swagger is banned
|rule|Baton Pass Clause: Limit one Pokémon knowing Baton Pass
|rule|Sleep Clause Mod: Limit one foe put to sleep
|rule|Species Clause: Limit one of each Pokémon
|rule|OHKO Clause: OHKO moves are banned
|rule|Moody Clause: Moody is banned
|rule|Evasion Moves Clause: Evasion moves are banned
|rule|Endless Battle Clause: Forcing endless battles is banned
|rule|HP Percentage Mod: HP is shown in percentages
|teampreview
|
|start
|switch|p1a: Infernape|Infernape, M|293\/293
|switch|p2a: Crests of Waves|Keldeo|323\/323
|turn|1
|
|move|p1a: Infernape|Fake Out|p2a: Crests of Waves
|-damage|p2a: Crests of Waves|274\/323
|cant|p2a: Crests of Waves|flinch
|
|turn|2
|
|move|p2a: Crests of Waves|Scald|p1a: Infernape
|-supereffective|p1a: Infernape
|-enditem|p1a: Infernape|Focus Sash
|-damage|p1a: Infernape|1\/293
|move|p1a: Infernape|Stealth Rock|p2a: Crests of Waves
|-sidestart|p2: Jirachi25|move: Stealth Rock
|
|turn|3
|
|switch|p1a: Jolteon|Jolteon, M|271\/271
|move|p2a: Crests of Waves|Scald|p1a: Jolteon
|-damage|p1a: Jolteon|114\/271
|
|turn|4
|join|buttsex
|
|switch|p2a: Such a Rush|Excadrill, F|361\/361
|-damage|p2a: Such a Rush|350\/361|[from] Stealth Rock
|-item|p2a: Such a Rush|Air Balloon
|move|p1a: Jolteon|Shadow Ball|p2a: Such a Rush
|-damage|p2a: Such a Rush|223\/361
|-enditem|p2a: Such a Rush|Air Balloon
|
|turn|5
|
|move|p1a: Jolteon|Shadow Ball|p2a: Such a Rush
|-crit|p2a: Such a Rush
|-damage|p2a: Such a Rush|45\/361
|-unboost|p2a: Such a Rush|spd|1
|move|p2a: Such a Rush|Rapid Spin|p1a: Jolteon
|-damage|p1a: Jolteon|76\/271
|-sideend|p2: Jirachi25|Stealth Rock|[from] move: Rapid Spin|[of] p2a: Such a Rush
|
|turn|6
|
|switch|p2a: Shiver|Tyranitar, M|403\/403
|-weather|Sandstorm
|move|p1a: Jolteon|Volt Switch|p2a: Shiver
|-damage|p2a: Shiver|330\/403
|
|switch|p1a: Lopunny|Lopunny, M|271\/271
|
|-weather|Sandstorm|[upkeep]
|-damage|p1a: Lopunny|255\/271|[from] sandstorm
|turn|7
|
|detailschange|p1a: Lopunny|Lopunny-Mega, M
|message|Lopunny has Mega Evolved into Mega Lopunny!
|move|p1a: Lopunny|Power-Up Punch|p2a: Shiver
|-supereffective|p2a: Shiver
|-damage|p2a: Shiver|54\/403
|-boost|p1a: Lopunny|atk|1
|move|p2a: Shiver|Stealth Rock|p1a: Lopunny
|-sidestart|p1: qways|move: Stealth Rock
|
|-weather|Sandstorm|[upkeep]
|-damage|p1a: Lopunny|239\/271|[from] sandstorm
|turn|8
|
|move|p1a: Lopunny|Power-Up Punch|p2a: Shiver
|-supereffective|p2a: Shiver
|-damage|p2a: Shiver|0 fnt
|-boost|p1a: Lopunny|atk|1
|faint|p2a: Shiver
|
|-weather|Sandstorm|[upkeep]
|-damage|p1a: Lopunny|223\/271|[from] sandstorm
|
|switch|p2a: Such a Rush|Excadrill, F|45\/361
|turn|9
|
|move|p1a: Lopunny|Quick Attack|p2a: Such a Rush
|-resisted|p2a: Such a Rush
|-damage|p2a: Such a Rush|0 fnt
|faint|p2a: Such a Rush
|
|-weather|Sandstorm|[upkeep]
|-damage|p1a: Lopunny|207\/271|[from] sandstorm
|
|switch|p2a: Crests of Waves|Keldeo|274\/323
|turn|10
|
|move|p1a: Lopunny|Return|p2a: Crests of Waves
|-damage|p2a: Crests of Waves|0 fnt
|faint|p2a: Crests of Waves
|
|-weather|Sandstorm|[upkeep]
|-damage|p1a: Lopunny|191\/271|[from] sandstorm
|
|switch|p2a: The Scientist|Ferrothorn, F|352\/352
|turn|11
|
|move|p1a: Lopunny|Power-Up Punch|p2a: The Scientist
|-supereffective|p2a: The Scientist
|-damage|p2a: The Scientist|146\/352
|-damage|p1a: Lopunny|158\/271|[from] ability: Iron Barbs|[of] p2a: The Scientist
|-boost|p1a: Lopunny|atk|1
|move|p2a: The Scientist|Leech Seed|p1a: Lopunny|[miss]
|-miss|p2a: The Scientist|p1a: Lopunny
|
|-weather|Sandstorm|[upkeep]
|-damage|p1a: Lopunny|142\/271|[from] sandstorm
|-heal|p2a: The Scientist|168\/352|[from] item: Leftovers
|turn|12
|c| buttsex|lolz
|
|move|p2a: The Scientist|Protect|p2a: The Scientist
|-singleturn|p2a: The Scientist|Protect
|move|p1a: Lopunny|Power-Up Punch|p2a: The Scientist
|-activate|p2a: The Scientist|Protect
|
|-weather|Sandstorm|[upkeep]
|-damage|p1a: Lopunny|126\/271|[from] sandstorm
|-heal|p2a: The Scientist|190\/352|[from] item: Leftovers
|turn|13
|-message|Jirachi25 forfeited.
|
|win|qways
|raw|Ladder updating...
|c|★qways|gg
|leave|Jirachi25
|player|p2
|raw|qways's rating: 1691 &rarr; <strong>1702<\/strong><br \/>(+11 for winning)
|raw|Jirachi25's rating: 1519 &rarr; <strong>1508<\/strong><br \/>(-11 for losing)