|join|qways
|join|Acidneeds
|player|p1|qways|170
|player|p2|Acidneeds|11
|gametype|singles
|gen|6
|tier|OU
|rated
|clearpoke
|poke|p1|Infernape, F
|poke|p1|Lopunny, M
|poke|p1|Scizor, F
|poke|p1|Jolteon, F
|poke|p1|Breloom, F
|poke|p1|Gliscor, F
|poke|p2|Skarmory, F
|poke|p2|Slowbro, F
|poke|p2|Chansey, F
|poke|p2|Heatran, M
|poke|p2|Clefable, M
|poke|p2|Sableye, F
|rule|Swagger Clause: Swagger is banned
|rule|Baton Pass Clause: Limit one Pokémon knowing Baton Pass
|rule|Sleep Clause Mod: Limit one foe put to sleep
|rule|Species Clause: Limit one of each Pokémon
|rule|OHKO Clause: OHKO moves are banned
|rule|Moody Clause: Moody is banned
|rule|Evasion Moves Clause: Evasion moves are banned
|rule|Endless Battle Clause: Forcing endless battles is banned
|rule|HP Percentage Mod: HP is shown in percentages
|teampreview
|
|start
|switch|p1a: Jolteon|Jolteon, F|271\/271
|switch|p2a: Sableye|Sableye, F|304\/304
|turn|1
|
|detailschange|p2a: Sableye|Sableye-Mega, F
|message|Sableye has Mega Evolved into Mega Sableye!
|move|p2a: Sableye|Calm Mind|p2a: Sableye
|-boost|p2a: Sableye|spa|1
|-boost|p2a: Sableye|spd|1
|move|p1a: Jolteon|Thunderbolt|p2a: Sableye
|-damage|p2a: Sableye|216\/304
|
|turn|2
|
|move|p1a: Jolteon|Volt Switch|p2a: Sableye
|-damage|p2a: Sableye|152\/304
|
|switch|p1a: Breloom|Breloom, F|323\/323
|move|p2a: Sableye|Recover|p2a: Sableye
|-heal|p2a: Sableye|304\/304
|
|-status|p1a: Breloom|tox|[from] item: Toxic Orb
|turn|3
|
|move|p1a: Breloom|Swords Dance|p1a: Breloom
|-boost|p1a: Breloom|atk|2
|move|p2a: Sableye|Dark Pulse|p1a: Breloom
|-resisted|p1a: Breloom
|-damage|p1a: Breloom|226\/323 tox
|
|-heal|p1a: Breloom|266\/323 tox|[from] ability: Poison Heal
|turn|4
|
|switch|p2a: Skarmory|Skarmory, F|334\/334
|move|p1a: Breloom|Seed Bomb|p2a: Skarmory
|-resisted|p2a: Skarmory
|-damage|p2a: Skarmory|300\/334
|
|-heal|p1a: Breloom|306\/323 tox|[from] ability: Poison Heal
|turn|5
|
|move|p1a: Breloom|Spore|p2a: Skarmory
|-status|p2a: Skarmory|slp
|cant|p2a: Skarmory|slp
|
|-heal|p1a: Breloom|323\/323 tox|[from] ability: Poison Heal
|turn|6
|
|switch|p1a: Jolteon|Jolteon, F|271\/271
|switch|p2a: Clefable|Clefable, M|394\/394
|
|turn|7
|
|switch|p2a: Chansey|Chansey, F|704\/704
|move|p1a: Jolteon|Thunderbolt|p2a: Chansey
|-damage|p2a: Chansey|619\/704
|
|turn|8
|
|move|p1a: Jolteon|Volt Switch|p2a: Chansey
|-damage|p2a: Chansey|555\/704
|
|switch|p1a: Gliscor|Gliscor, F|353\/353
|move|p2a: Chansey|Seismic Toss|p1a: Gliscor
|-damage|p1a: Gliscor|253\/353
|
|-status|p1a: Gliscor|tox|[from] item: Toxic Orb
|turn|9
|
|switch|p2a: Slowbro|Slowbro, F|394\/394
|move|p1a: Gliscor|Swords Dance|p1a: Gliscor
|-boost|p1a: Gliscor|atk|2
|
|-heal|p1a: Gliscor|297\/353 tox|[from] ability: Poison Heal
|turn|10
|
|move|p1a: Gliscor|Earthquake|p2a: Slowbro
|-damage|p2a: Slowbro|201\/394
|move|p2a: Slowbro|Scald|p1a: Gliscor
|-supereffective|p1a: Gliscor
|-damage|p1a: Gliscor|73\/353 tox
|
|-heal|p2a: Slowbro|225\/394|[from] item: Leftovers
|-heal|p1a: Gliscor|117\/353 tox|[from] ability: Poison Heal
|turn|11
|
|switch|p1a: Breloom|Breloom, F|323\/323 tox
|move|p2a: Slowbro|Scald|p1a: Breloom
|-resisted|p1a: Breloom
|-damage|p1a: Breloom|257\/323 tox
|
|-heal|p2a: Slowbro|249\/394|[from] item: Leftovers
|-heal|p1a: Breloom|297\/323 tox|[from] ability: Poison Heal
|turn|12
|
|switch|p1a: Scizor|Scizor, F|343\/343
|switch|p2a: Clefable|Clefable, M|394\/394
|
|turn|13
|
|switch|p2a: Heatran|Heatran, M|386\/386
|move|p1a: Scizor|U-turn|p2a: Heatran
|-crit|p2a: Heatran
|-resisted|p2a: Heatran
|-damage|p2a: Heatran|314\/386
|
|switch|p1a: Gliscor|Gliscor, F|117\/353 tox
|
|-heal|p2a: Heatran|338\/386|[from] item: Leftovers
|-heal|p1a: Gliscor|161\/353 tox|[from] ability: Poison Heal
|turn|14
|
|switch|p2a: Slowbro|Slowbro, F|380\/394
|move|p1a: Gliscor|Earthquake|p2a: Slowbro
|-crit|p2a: Slowbro
|-damage|p2a: Slowbro|227\/394
|
|-heal|p2a: Slowbro|251\/394|[from] item: Leftovers
|-heal|p1a: Gliscor|205\/353 tox|[from] ability: Poison Heal
|turn|15
|
|switch|p1a: Breloom|Breloom, F|297\/323 tox
|move|p2a: Slowbro|Psyshock|p1a: Breloom
|-supereffective|p1a: Breloom
|-damage|p1a: Breloom|145\/323 tox
|
|-heal|p2a: Slowbro|275\/394|[from] item: Leftovers
|-heal|p1a: Breloom|185\/323 tox|[from] ability: Poison Heal
|turn|16
|
|move|p1a: Breloom|Seed Bomb|p2a: Slowbro
|-supereffective|p2a: Slowbro
|-damage|p2a: Slowbro|119\/394
|move|p2a: Slowbro|Psyshock|p1a: Breloom
|-supereffective|p1a: Breloom
|-damage|p1a: Breloom|27\/323 tox
|
|-heal|p2a: Slowbro|143\/394|[from] item: Leftovers
|-heal|p1a: Breloom|67\/323 tox|[from] ability: Poison Heal
|turn|17
|
|switch|p2a: Clefable|Clefable, M|394\/394
|move|p1a: Breloom|Seed Bomb|p2a: Clefable
|-crit|p2a: Clefable
|-damage|p2a: Clefable|235\/394
|
|-heal|p2a: Clefable|259\/394|[from] item: Leftovers
|-heal|p1a: Breloom|107\/323 tox|[from] ability: Poison Heal
|turn|18
|
|switch|p1a: Jolteon|Jolteon, F|271\/271
|move|p2a: Clefable|Flamethrower|p1a: Jolteon
|-damage|p1a: Jolteon|220\/271
|
|-heal|p2a: Clefable|283\/394|[from] item: Leftovers
|turn|19
|
|move|p1a: Jolteon|Volt Switch|p2a: Clefable
|-damage|p2a: Clefable|157\/394
|
|switch|p1a: Gliscor|Gliscor, F|205\/353 tox
|move|p2a: Clefable|Moonlight|p2a: Clefable
|-heal|p2a: Clefable|354\/394
|
|-heal|p2a: Clefable|378\/394|[from] item: Leftovers
|-heal|p1a: Gliscor|249\/353 tox|[from] ability: Poison Heal
|turn|20
|
|move|p1a: Gliscor|Swords Dance|p1a: Gliscor
|-boost|p1a: Gliscor|atk|2
|move|p2a: Clefable|Calm Mind|p2a: Clefable
|-boost|p2a: Clefable|spa|1
|-boost|p2a: Clefable|spd|1
|
|-heal|p2a: Clefable|394\/394|[from] item: Leftovers
|-heal|p1a: Gliscor|293\/353 tox|[from] ability: Poison Heal
|turn|21
|
|move|p1a: Gliscor|Earthquake|p2a: Clefable
|-damage|p2a: Clefable|258\/394
|move|p2a: Clefable|Moonblast|p1a: Gliscor
|-damage|p1a: Gliscor|107\/353 tox
|
|-heal|p2a: Clefable|282\/394|[from] item: Leftovers
|-heal|p1a: Gliscor|151\/353 tox|[from] ability: Poison Heal
|turn|22
|
|switch|p1a: Scizor|Scizor, F|343\/343
|move|p2a: Clefable|Flamethrower|p1a: Scizor
|-supereffective|p1a: Scizor
|-damage|p1a: Scizor|0 fnt
|faint|p1a: Scizor
|
|-heal|p2a: Clefable|306\/394|[from] item: Leftovers
|-message|qways forfeited.
|
|win|Acidneeds
|raw|Ladder updating...
|leave|qways
|player|p1
|raw|qways's rating: 1750 &rarr; <strong>1727<\/strong><br \/>(-23 for losing)
|raw|Acidneeds's rating: 1691 &rarr; <strong>1715<\/strong><br \/>(+24 for winning)