|join|qways
|join|AlqVimiA
|player|p1|qways|101
|player|p2|AlqVimiA|166
|gametype|singles
|gen|6
|tier|OU
|rated
|clearpoke
|poke|p1|Infernape, F
|poke|p1|Lopunny, F
|poke|p1|Scizor, M
|poke|p1|Jolteon, F
|poke|p1|Breloom, M
|poke|p1|Gliscor, F
|poke|p2|Landorus-Therian, M
|poke|p2|Scizor, M
|poke|p2|Talonflame, F
|poke|p2|Espeon, M
|poke|p2|Keldeo
|poke|p2|Manectric, F
|rule|Swagger Clause: Swagger is banned
|rule|Baton Pass Clause: Limit one Pokémon knowing Baton Pass
|rule|Sleep Clause Mod: Limit one foe put to sleep
|rule|Species Clause: Limit one of each Pokémon
|rule|OHKO Clause: OHKO moves are banned
|rule|Moody Clause: Moody is banned
|rule|Evasion Moves Clause: Evasion moves are banned
|rule|Endless Battle Clause: Forcing endless battles is banned
|rule|HP Percentage Mod: HP is shown in percentages
|teampreview
|
|start
|switch|p1a: Infernape|Infernape, F|293\/293
|switch|p2a: Manectric|Manectric, F|281\/281
|turn|1
|
|switch|p2a: Landorus-Therian|Landorus-Therian, M|320\/320
|-ability|p2a: Landorus-Therian|Intimidate|[of] p1a: Infernape
|-unboost|p1a: Infernape|atk|1
|move|p1a: Infernape|Close Combat|p2a: Landorus-Therian
|-resisted|p2a: Landorus-Therian
|-damage|p2a: Landorus-Therian|248\/320
|-unboost|p1a: Infernape|def|1
|-unboost|p1a: Infernape|spd|1
|
|turn|2
|
|switch|p1a: Breloom|Breloom, M|323\/323
|move|p2a: Landorus-Therian|Knock Off|p1a: Breloom
|-resisted|p1a: Breloom
|-damage|p1a: Breloom|275\/323
|-enditem|p1a: Breloom|Toxic Orb|[from] move: Knock Off|[of] p2a: Landorus-Therian
|
|turn|3
|
|switch|p2a: Espeon|Espeon, M|334\/334
|switch|p1a: Lopunny|Lopunny, F|271\/271
|
|turn|4
|
|switch|p1a: Scizor|Scizor, M|343\/343
|move|p2a: Espeon|Psyshock|p1a: Scizor
|-crit|p1a: Scizor
|-resisted|p1a: Scizor
|-damage|p1a: Scizor|259\/343
|
|turn|5
|
|move|p2a: Espeon|Substitute|p2a: Espeon
|-start|p2a: Espeon|Substitute
|-damage|p2a: Espeon|251\/334
|move|p1a: Scizor|Pursuit|p2a: Espeon
|-supereffective|p2a: Espeon
|-end|p2a: Espeon|Substitute
|
|-heal|p2a: Espeon|271\/334|[from] item: Leftovers
|turn|6
|
|move|p2a: Espeon|Baton Pass|p2a: Espeon
|
|switch|p2a: Keldeo|Keldeo|322\/322
|move|p1a: Scizor|Pursuit|p2a: Keldeo
|-resisted|p2a: Keldeo
|-damage|p2a: Keldeo|259\/322
|-boost|p2a: Keldeo|atk|1|[from] ability: Justified
|
|turn|7
|
|switch|p1a: Jolteon|Jolteon, F|271\/271
|move|p2a: Keldeo|Hidden Power|p1a: Jolteon
|-resisted|p1a: Jolteon
|-damage|p1a: Jolteon|237\/271
|
|turn|8
|
|switch|p2a: Manectric|Manectric, F|281\/281
|move|p1a: Jolteon|Shadow Ball|p2a: Manectric
|-damage|p2a: Manectric|149\/281
|
|turn|9
|
|detailschange|p2a: Manectric|Manectric-Mega, F
|message|Manectric has Mega Evolved into Mega Manectric!
|-ability|p2a: Manectric|Intimidate|[of] p1a: Jolteon
|-unboost|p1a: Jolteon|atk|1
|move|p1a: Jolteon|Shadow Ball|p2a: Manectric
|-damage|p2a: Manectric|42\/281
|move|p2a: Manectric|Flamethrower|p1a: Jolteon
|-damage|p1a: Jolteon|153\/271
|
|turn|10
|
|move|p2a: Manectric|Flamethrower|p1a: Jolteon
|-damage|p1a: Jolteon|73\/271
|move|p1a: Jolteon|Shadow Ball|p2a: Manectric
|-crit|p2a: Manectric
|-damage|p2a: Manectric|0 fnt
|faint|p2a: Manectric
|
|
|switch|p2a: Scizor|Scizor, M|344\/344
|turn|11
|
|move|p2a: Scizor|Bullet Punch|p1a: Jolteon
|-resisted|p1a: Jolteon
|-damage|p1a: Jolteon|0 fnt
|faint|p1a: Jolteon
|
|
|switch|p1a: Infernape|Infernape, F|293\/293
|turn|12
|
|switch|p2a: Landorus-Therian|Landorus-Therian, M|248\/320
|-ability|p2a: Landorus-Therian|Intimidate|[of] p1a: Infernape
|-unboost|p1a: Infernape|atk|1
|move|p1a: Infernape|Stealth Rock|p2a: Landorus-Therian
|-sidestart|p2: AlqVimiA|move: Stealth Rock
|
|turn|13
|
|switch|p1a: Gliscor|Gliscor, F|353\/353
|move|p2a: Landorus-Therian|Stealth Rock|p1a: Gliscor
|-sidestart|p1: qways|move: Stealth Rock
|
|-status|p1a: Gliscor|tox|[from] item: Toxic Orb
|turn|14
|
|switch|p2a: Espeon|Espeon, M|271\/334
|-damage|p2a: Espeon|230\/334|[from] Stealth Rock
|move|p1a: Gliscor|Earthquake|p2a: Espeon
|-damage|p2a: Espeon|4\/334
|
|-heal|p2a: Espeon|24\/334|[from] item: Leftovers
|turn|15
|
|move|p2a: Espeon|Yawn|p1a: Gliscor
|-fail|p1a: Gliscor
|move|p1a: Gliscor|Agility|p1a: Gliscor
|-boost|p1a: Gliscor|spe|2
|
|-heal|p2a: Espeon|44\/334|[from] item: Leftovers
|turn|16
|
|move|p1a: Gliscor|Swords Dance|p1a: Gliscor
|-boost|p1a: Gliscor|atk|2
|move|p2a: Espeon|Yawn|p1a: Gliscor
|-fail|p1a: Gliscor
|
|-heal|p2a: Espeon|64\/334|[from] item: Leftovers
|turn|17
|
|move|p1a: Gliscor|Swords Dance|p1a: Gliscor
|-boost|p1a: Gliscor|atk|2
|move|p2a: Espeon|Psyshock|p1a: Gliscor
|-damage|p1a: Gliscor|256\/353 tox
|
|-heal|p2a: Espeon|84\/334|[from] item: Leftovers
|-heal|p1a: Gliscor|300\/353 tox|[from] ability: Poison Heal
|turn|18
|
|move|p1a: Gliscor|Earthquake|p2a: Espeon
|-damage|p2a: Espeon|0 fnt
|faint|p2a: Espeon
|
|-heal|p1a: Gliscor|344\/353 tox|[from] ability: Poison Heal
|
|switch|p2a: Landorus-Therian|Landorus-Therian, M|248\/320
|-damage|p2a: Landorus-Therian|208\/320|[from] Stealth Rock
|-ability|p2a: Landorus-Therian|Intimidate|[of] p1a: Gliscor
|-unboost|p1a: Gliscor|atk|1
|turn|19
|
|move|p1a: Gliscor|Swords Dance|p1a: Gliscor
|-boost|p1a: Gliscor|atk|2
|move|p2a: Landorus-Therian|Knock Off|p1a: Gliscor
|-damage|p1a: Gliscor|240\/353 tox
|-enditem|p1a: Gliscor|Toxic Orb|[from] move: Knock Off|[of] p2a: Landorus-Therian
|
|-heal|p1a: Gliscor|284\/353 tox|[from] ability: Poison Heal
|turn|20
|
|move|p1a: Gliscor|Stone Edge|p2a: Landorus-Therian
|-damage|p2a: Landorus-Therian|0 fnt
|faint|p2a: Landorus-Therian
|
|-heal|p1a: Gliscor|328\/353 tox|[from] ability: Poison Heal
|
|switch|p2a: Talonflame|Talonflame, F|298\/298
|-damage|p2a: Talonflame|149\/298|[from] Stealth Rock
|turn|21
|
|move|p2a: Talonflame|Brave Bird|p1a: Gliscor
|-damage|p1a: Gliscor|123\/353 tox
|-damage|p2a: Talonflame|81\/298|[from] recoil|[of] p1a: Gliscor
|move|p1a: Gliscor|Stone Edge|p2a: Talonflame
|-crit|p2a: Talonflame
|-supereffective|p2a: Talonflame
|-damage|p2a: Talonflame|0 fnt
|faint|p2a: Talonflame
|
|-heal|p1a: Gliscor|167\/353 tox|[from] ability: Poison Heal
|
|switch|p2a: Scizor|Scizor, M|344\/344
|-damage|p2a: Scizor|301\/344|[from] Stealth Rock
|turn|22
|
|move|p2a: Scizor|Bullet Punch|p1a: Gliscor
|-damage|p1a: Gliscor|31\/353 tox
|move|p1a: Gliscor|Earthquake|p2a: Scizor
|-damage|p2a: Scizor|0 fnt
|faint|p2a: Scizor
|
|-heal|p1a: Gliscor|75\/353 tox|[from] ability: Poison Heal
|
|switch|p2a: Keldeo|Keldeo|259\/322
|-damage|p2a: Keldeo|239\/322|[from] Stealth Rock
|turn|23
|
|move|p1a: Gliscor|Earthquake|p2a: Keldeo
|-damage|p2a: Keldeo|0 fnt
|faint|p2a: Keldeo
|
|win|qways
|raw|Ladder updating...
|raw|qways's rating: 1606 &rarr; <strong>1620<\/strong><br \/>(+14 for winning)
|raw|AlqVimiA's rating: 1495 &rarr; <strong>1481<\/strong><br \/>(-14 for losing)
|leave|AlqVimiA
|player|p2