|join|qways
|join|canusurvive
|player|p1|qways|266
|player|p2|canusurvive|130
|gametype|singles
|gen|6
|tier|OU
|rated
|clearpoke
|poke|p1|Infernape, F
|poke|p1|Lopunny, M
|poke|p1|Scizor, F
|poke|p1|Jolteon, F
|poke|p1|Breloom, M
|poke|p1|Gliscor, M
|poke|p2|Weavile, F, shiny
|poke|p2|Slowbro, M
|poke|p2|Heatran, M
|poke|p2|Conkeldurr, M
|poke|p2|Manectric, F
|poke|p2|Landorus-Therian, M
|rule|Swagger Clause: Swagger is banned
|rule|Baton Pass Clause: Limit one Pokémon knowing Baton Pass
|rule|Sleep Clause Mod: Limit one foe put to sleep
|rule|Species Clause: Limit one of each Pokémon
|rule|OHKO Clause: OHKO moves are banned
|rule|Moody Clause: Moody is banned
|rule|Evasion Moves Clause: Evasion moves are banned
|rule|Endless Battle Clause: Forcing endless battles is banned
|rule|HP Percentage Mod: HP is shown in percentages
|teampreview
|
|start
|switch|p1a: Infernape|Infernape, F|293\/293
|switch|p2a: Manectric|Manectric, F|281\/281
|turn|1
|
|switch|p2a: Landorus-Therian|Landorus-Therian, M|319\/319
|-ability|p2a: Landorus-Therian|Intimidate|[of] p1a: Infernape
|-unboost|p1a: Infernape|atk|1
|move|p1a: Infernape|Fake Out|p2a: Landorus-Therian
|-damage|p2a: Landorus-Therian|293\/319
|
|turn|2
|
|move|p1a: Infernape|Stealth Rock|p2a: Landorus-Therian
|-sidestart|p2: canusurvive|move: Stealth Rock
|move|p2a: Landorus-Therian|Stealth Rock|p1a: Infernape
|-sidestart|p1: qways|move: Stealth Rock
|
|turn|3
|
|switch|p1a: Breloom|Breloom, M|323\/323
|-damage|p1a: Breloom|303\/323|[from] Stealth Rock
|move|p2a: Landorus-Therian|U-turn|p1a: Breloom
|-damage|p1a: Breloom|227\/323
|
|switch|p2a: Manectric|Manectric, F|281\/281
|-damage|p2a: Manectric|246\/281|[from] Stealth Rock
|
|-status|p1a: Breloom|tox|[from] item: Toxic Orb
|turn|4
|
|switch|p1a: Jolteon|Jolteon, F|271\/271
|-damage|p1a: Jolteon|238\/271|[from] Stealth Rock
|detailschange|p2a: Manectric|Manectric-Mega, F
|message|Manectric has Mega Evolved into Mega Manectric!
|-ability|p2a: Manectric|Intimidate|[of] p1a: Jolteon
|-unboost|p1a: Jolteon|atk|1
|move|p2a: Manectric|Hidden Power|p1a: Jolteon
|-damage|p1a: Jolteon|189\/271
|
|turn|5
|
|move|p2a: Manectric|Overheat|p1a: Jolteon
|-damage|p1a: Jolteon|85\/271
|-unboost|p2a: Manectric|spa|2
|move|p1a: Jolteon|Shadow Ball|p2a: Manectric
|-damage|p2a: Manectric|143\/281
|
|turn|6
|
|switch|p2a: Conkeldurr|Conkeldurr, M|351\/351
|-damage|p2a: Conkeldurr|330\/351|[from] Stealth Rock
|move|p1a: Jolteon|Volt Switch|p2a: Conkeldurr
|-damage|p2a: Conkeldurr|254\/351
|
|switch|p1a: Breloom|Breloom, M|227\/323 tox
|-damage|p1a: Breloom|207\/323 tox|[from] Stealth Rock
|
|-heal|p1a: Breloom|247\/323 tox|[from] ability: Poison Heal
|turn|7
|
|move|p1a: Breloom|Spore|p2a: Conkeldurr
|-status|p2a: Conkeldurr|slp
|cant|p2a: Conkeldurr|slp
|
|-heal|p1a: Breloom|287\/323 tox|[from] ability: Poison Heal
|turn|8
|
|switch|p2a: Landorus-Therian|Landorus-Therian, M|293\/319
|-damage|p2a: Landorus-Therian|254\/319|[from] Stealth Rock
|-ability|p2a: Landorus-Therian|Intimidate|[of] p1a: Breloom
|-unboost|p1a: Breloom|atk|1
|move|p1a: Breloom|Swords Dance|p1a: Breloom
|-boost|p1a: Breloom|atk|2
|
|-heal|p1a: Breloom|323\/323 tox|[from] ability: Poison Heal
|turn|9
|
|move|p2a: Landorus-Therian|U-turn|p1a: Breloom
|-damage|p1a: Breloom|237\/323 tox
|
|switch|p2a: Manectric|Manectric-Mega, F|143\/281
|-damage|p2a: Manectric|108\/281|[from] Stealth Rock
|-ability|p2a: Manectric|Intimidate|[of] p1a: Breloom
|-unboost|p1a: Breloom|atk|1
|move|p1a: Breloom|Swords Dance|p1a: Breloom
|-boost|p1a: Breloom|atk|2
|
|-heal|p1a: Breloom|277\/323 tox|[from] ability: Poison Heal
|turn|10
|
|move|p1a: Breloom|Mach Punch|p2a: Manectric
|-damage|p2a: Manectric|0 fnt
|faint|p2a: Manectric
|
|-heal|p1a: Breloom|317\/323 tox|[from] ability: Poison Heal
|
|switch|p2a: Weavile|Weavile, F, shiny|281\/281
|-damage|p2a: Weavile|211\/281|[from] Stealth Rock
|-ability|p2a: Weavile|Pressure
|turn|11
|
|move|p2a: Weavile|Ice Shard|p1a: Breloom
|-supereffective|p1a: Breloom
|-damage|p1a: Breloom|131\/323 tox
|move|p1a: Breloom|Mach Punch|p2a: Weavile
|-supereffective|p2a: Weavile
|-damage|p2a: Weavile|0 fnt
|faint|p2a: Weavile
|
|-heal|p1a: Breloom|171\/323 tox|[from] ability: Poison Heal
|-message|canusurvive forfeited.
|
|win|qways
|raw|Ladder updating...
|leave|canusurvive
|player|p2
|raw|qways's rating: 1637 &rarr; <strong>1646<\/strong><br \/>(+9 for winning)
|raw|canusurvive's rating: 1437 &rarr; <strong>1427<\/strong><br \/>(-10 for losing)