|join|qways
|join|survivor tele
|player|p1|qways|170
|player|p2|survivor tele|167
|gametype|singles
|gen|6
|tier|OU
|rated
|clearpoke
|poke|p1|Infernape, M
|poke|p1|Lopunny, M
|poke|p1|Scizor, F
|poke|p1|Jolteon, F
|poke|p1|Breloom, F
|poke|p1|Gliscor, M
|poke|p2|Metagross
|poke|p2|Greninja, F
|poke|p2|Magnezone
|poke|p2|Garchomp, F
|poke|p2|Landorus-Therian, M
|poke|p2|Breloom, M
|rule|Swagger Clause: Swagger is banned
|rule|Baton Pass Clause: Limit one Pokémon knowing Baton Pass
|rule|Sleep Clause Mod: Limit one foe put to sleep
|rule|Species Clause: Limit one of each Pokémon
|rule|OHKO Clause: OHKO moves are banned
|rule|Moody Clause: Moody is banned
|rule|Evasion Moves Clause: Evasion moves are banned
|rule|Endless Battle Clause: Forcing endless battles is banned
|rule|HP Percentage Mod: HP is shown in percentages
|teampreview
|
|start
|switch|p1a: Infernape|Infernape, M|293\/293
|switch|p2a: Garchomp|Garchomp, F|357\/357
|turn|1
|
|move|p1a: Infernape|Taunt|p2a: Garchomp
|-start|p2a: Garchomp|move: Taunt
|move|p2a: Garchomp|Earthquake|p1a: Infernape
|-supereffective|p1a: Infernape
|-enditem|p1a: Infernape|Focus Sash
|-damage|p1a: Infernape|1\/293
|
|turn|2
|
|move|p1a: Infernape|Stealth Rock|p2a: Garchomp
|-sidestart|p2: survivor tele|move: Stealth Rock
|move|p2a: Garchomp|Dragon Claw|p1a: Infernape
|-damage|p1a: Infernape|0 fnt
|faint|p1a: Infernape
|
|
|switch|p1a: Gliscor|Gliscor, M|353\/353
|turn|3
|
|switch|p2a: Magnezone|Magnezone|281\/281
|-damage|p2a: Magnezone|264\/281|[from] Stealth Rock
|move|p1a: Gliscor|Agility|p1a: Gliscor
|-boost|p1a: Gliscor|spe|2
|
|-status|p1a: Gliscor|tox|[from] item: Toxic Orb
|turn|4
|
|move|p1a: Gliscor|Swords Dance|p1a: Gliscor
|-boost|p1a: Gliscor|atk|2
|move|p2a: Magnezone|Flash Cannon|p1a: Gliscor
|-damage|p1a: Gliscor|179\/353 tox
|-unboost|p1a: Gliscor|spd|1
|
|-heal|p1a: Gliscor|223\/353 tox|[from] ability: Poison Heal
|turn|5
|
|switch|p2a: Landorus-Therian|Landorus-Therian, M|319\/319
|-damage|p2a: Landorus-Therian|280\/319|[from] Stealth Rock
|-ability|p2a: Landorus-Therian|Intimidate|[of] p1a: Gliscor
|-unboost|p1a: Gliscor|atk|1
|move|p1a: Gliscor|Earthquake|p2a: Landorus-Therian
|-immune|p2a: Landorus-Therian|[msg]
|
|-heal|p1a: Gliscor|267\/353 tox|[from] ability: Poison Heal
|turn|6
|
|move|p1a: Gliscor|Swords Dance|p1a: Gliscor
|-boost|p1a: Gliscor|atk|2
|move|p2a: Landorus-Therian|Explosion|p1a: Gliscor
|-damage|p1a: Gliscor|0 fnt
|faint|p2a: Landorus-Therian
|faint|p1a: Gliscor
|
|
|switch|p1a: Jolteon|Jolteon, F|271\/271
|switch|p2a: Metagross|Metagross|301\/301
|-damage|p2a: Metagross|283\/301|[from] Stealth Rock
|turn|7
|
|detailschange|p2a: Metagross|Metagross-Mega
|message|Metagross has Mega Evolved into Mega Metagross!
|move|p1a: Jolteon|Volt Switch|p2a: Metagross
|-damage|p2a: Metagross|174\/301
|
|switch|p1a: Scizor|Scizor, F|343\/343
|move|p2a: Metagross|Meteor Mash|p1a: Scizor
|-resisted|p1a: Scizor
|-damage|p1a: Scizor|231\/343
|
|turn|8
|
|move|p2a: Metagross|Earthquake|p1a: Scizor
|-damage|p1a: Scizor|104\/343
|move|p1a: Scizor|U-turn|p2a: Metagross
|-damage|p2a: Metagross|8\/301
|
|switch|p1a: Jolteon|Jolteon, F|271\/271
|
|turn|9
|
|switch|p2a: Magnezone|Magnezone|264\/281
|-damage|p2a: Magnezone|247\/281|[from] Stealth Rock
|move|p1a: Jolteon|Shadow Ball|p2a: Magnezone
|-damage|p2a: Magnezone|146\/281
|
|turn|10
|
|move|p1a: Jolteon|Shadow Ball|p2a: Magnezone
|-damage|p2a: Magnezone|60\/281
|move|p2a: Magnezone|Flash Cannon|p1a: Jolteon
|-resisted|p1a: Jolteon
|-damage|p1a: Jolteon|225\/271
|
|turn|11
|
|move|p1a: Jolteon|Shadow Ball|p2a: Magnezone
|-damage|p2a: Magnezone|0 fnt
|faint|p2a: Magnezone
|
|
|switch|p2a: Breloom|Breloom, M|261\/261
|-damage|p2a: Breloom|245\/261|[from] Stealth Rock
|turn|12
|
|move|p1a: Jolteon|Volt Switch|p2a: Breloom
|-resisted|p2a: Breloom
|-damage|p2a: Breloom|155\/261
|
|switch|p1a: Breloom|Breloom, F|323\/323
|move|p2a: Breloom|Swords Dance|p2a: Breloom
|-boost|p2a: Breloom|atk|2
|
|-status|p1a: Breloom|tox|[from] item: Toxic Orb
|turn|13
|
|move|p1a: Breloom|Mach Punch|p2a: Breloom
|-damage|p2a: Breloom|82\/261
|move|p2a: Breloom|Bullet Seed|p1a: Breloom
|-crit|p1a: Breloom
|-resisted|p1a: Breloom
|-damage|p1a: Breloom|198\/323 tox
|-resisted|p1a: Breloom
|-damage|p1a: Breloom|116\/323 tox
|-resisted|p1a: Breloom
|-damage|p1a: Breloom|37\/323 tox
|-resisted|p1a: Breloom
|-damage|p1a: Breloom|0 fnt
|-hitcount|p1a: Breloom|4
|-damage|p2a: Breloom|56\/261|[from] item: Life Orb
|faint|p1a: Breloom
|
|
|switch|p1a: Lopunny|Lopunny, M|271\/271
|turn|14
|
|switch|p2a: Metagross|Metagross-Mega|8\/301
|-damage|p2a: Metagross|0 fnt|[from] Stealth Rock
|faint|p2a: Metagross
|detailschange|p1a: Lopunny|Lopunny-Mega, M
|message|Lopunny has Mega Evolved into Mega Lopunny!
|move|p1a: Lopunny|Quick Attack|p2: Metagross|[notarget]
|-notarget
|
|
|switch|p2a: Garchomp|Garchomp, F|357\/357
|-damage|p2a: Garchomp|335\/357|[from] Stealth Rock
|turn|15
|
|switch|p1a: Scizor|Scizor, F|104\/343
|move|p2a: Garchomp|Stealth Rock|p1a: Scizor
|-sidestart|p1: qways|move: Stealth Rock
|
|turn|16
|
|move|p1a: Scizor|Bullet Punch|p2a: Garchomp
|-damage|p2a: Garchomp|164\/357
|-damage|p1a: Scizor|62\/343|[from] ability: Rough Skin|[of] p2a: Garchomp
|move|p2a: Garchomp|Earthquake|p1a: Scizor
|-damage|p1a: Scizor|0 fnt
|faint|p1a: Scizor
|
|
|switch|p1a: Jolteon|Jolteon, F|225\/271
|-damage|p1a: Jolteon|192\/271|[from] Stealth Rock
|turn|17
|
|move|p1a: Jolteon|Hidden Power|p2a: Garchomp
|-supereffective|p2a: Garchomp
|-damage|p2a: Garchomp|0 fnt
|faint|p2a: Garchomp
|
|
|switch|p2a: Greninja|Greninja, F|285\/285
|-damage|p2a: Greninja|250\/285|[from] Stealth Rock
|turn|18
|
|move|p1a: Jolteon|Thunderbolt|p2a: Greninja
|-supereffective|p2a: Greninja
|-damage|p2a: Greninja|0 fnt
|faint|p2a: Greninja
|
|
|switch|p2a: Breloom|Breloom, M|56\/261
|-damage|p2a: Breloom|40\/261|[from] Stealth Rock
|turn|19
|
|move|p2a: Breloom|Mach Punch|p1a: Jolteon
|-damage|p1a: Jolteon|0 fnt
|-damage|p2a: Breloom|14\/261|[from] item: Life Orb
|faint|p1a: Jolteon
|
|
|switch|p1a: Lopunny|Lopunny-Mega, M|271\/271
|-damage|p1a: Lopunny|255\/271|[from] Stealth Rock
|turn|20
|
|move|p1a: Lopunny|Quick Attack|p2a: Breloom
|-damage|p2a: Breloom|0 fnt
|faint|p2a: Breloom
|
|win|qways
|raw|Ladder updating...
|leave|survivor tele
|player|p2
|raw|qways's rating: 1738 &rarr; <strong>1757<\/strong><br \/>(+19 for winning)
|raw|survivor tele's rating: 1714 &rarr; <strong>1695<\/strong><br \/>(-19 for losing)