|join|qways
|join|ya boi QT
|player|p1|qways|265
|player|p2|ya boi QT|129
|gametype|singles
|gen|6
|tier|OU
|rated
|clearpoke
|poke|p1|Infernape, M
|poke|p1|Lopunny, M
|poke|p1|Scizor, F
|poke|p1|Jolteon, F
|poke|p1|Breloom, M
|poke|p1|Tyranitar, F
|poke|p2|Politoed, M
|poke|p2|Swampert, F
|poke|p2|Kingdra, M
|poke|p2|Klefki, F
|poke|p2|Thundurus, M
|poke|p2|Breloom, M
|rule|Swagger Clause: Swagger is banned
|rule|Baton Pass Clause: Limit one Pokémon knowing Baton Pass
|rule|Sleep Clause Mod: Limit one foe put to sleep
|rule|Species Clause: Limit one of each Pokémon
|rule|OHKO Clause: OHKO moves are banned
|rule|Moody Clause: Moody is banned
|rule|Evasion Moves Clause: Evasion moves are banned
|rule|Endless Battle Clause: Forcing endless battles is banned
|rule|HP Percentage Mod: HP is shown in percentages
|teampreview
|
|start
|switch|p1a: Infernape|Infernape, M|293\/293
|switch|p2a: Breloom|Breloom, M|264\/264
|turn|1
|
|switch|p2a: Politoed|Politoed, M|383\/383
|-weather|RainDance
|move|p1a: Infernape|Fake Out|p2a: Politoed
|-crit|p2a: Politoed
|-damage|p2a: Politoed|333\/383
|
|-weather|RainDance|[upkeep]
|turn|2
|
|move|p1a: Infernape|Stealth Rock|p2a: Politoed
|-sidestart|p2: ya boi QT|move: Stealth Rock
|move|p2a: Politoed|Scald|p1a: Infernape
|-supereffective|p1a: Infernape
|-enditem|p1a: Infernape|Focus Sash
|-damage|p1a: Infernape|1\/293
|
|-weather|RainDance|[upkeep]
|turn|3
|
|move|p1a: Infernape|Close Combat|p2a: Politoed
|-damage|p2a: Politoed|170\/383
|-unboost|p1a: Infernape|def|1
|-unboost|p1a: Infernape|spd|1
|move|p2a: Politoed|Scald|p1a: Infernape
|-supereffective|p1a: Infernape
|-damage|p1a: Infernape|0 fnt
|faint|p1a: Infernape
|
|-weather|RainDance|[upkeep]
|
|switch|p1a: Tyranitar|Tyranitar, F|389\/389
|-weather|Sandstorm
|turn|4
|
|move|p2a: Politoed|Toxic|p1a: Tyranitar
|-status|p1a: Tyranitar|tox
|move|p1a: Tyranitar|Pursuit|p2a: Politoed
|-damage|p2a: Politoed|73\/383
|
|-weather|Sandstorm|[upkeep]
|-damage|p2a: Politoed|50\/383|[from] sandstorm
|-damage|p1a: Tyranitar|365\/389 tox|[from] psn
|turn|5
|
|switch|p1a: Jolteon|Jolteon, F|271\/271
|move|p2a: Politoed|Rest|p2a: Politoed
|-status|p2a: Politoed|slp
|-heal|p2a: Politoed|383\/383 slp|[silent]
|-status|p2a: Politoed|slp|[from] move: Rest
|
|-weather|Sandstorm|[upkeep]
|-damage|p1a: Jolteon|255\/271|[from] sandstorm
|-damage|p2a: Politoed|360\/383 slp|[from] sandstorm
|turn|6
|
|switch|p1a: Breloom|Breloom, M|323\/323
|switch|p2a: Swampert|Swampert, F|341\/341
|-damage|p2a: Swampert|320\/341|[from] Stealth Rock
|
|-weather|Sandstorm|[upkeep]
|-damage|p1a: Breloom|303\/323|[from] sandstorm
|-status|p1a: Breloom|tox|[from] item: Toxic Orb
|turn|7
|
|switch|p2a: Breloom|Breloom, M|264\/264
|-damage|p2a: Breloom|248\/264|[from] Stealth Rock
|move|p1a: Breloom|Seed Bomb|p2a: Breloom
|-resisted|p2a: Breloom
|-damage|p2a: Breloom|178\/264
|
|-weather|Sandstorm|[upkeep]
|-damage|p2a: Breloom|162\/264|[from] sandstorm
|-damage|p1a: Breloom|283\/323 tox|[from] sandstorm
|-heal|p1a: Breloom|323\/323 tox|[from] ability: Poison Heal
|-status|p2a: Breloom|tox|[from] item: Toxic Orb
|turn|8
|
|move|p2a: Breloom|Superpower|p1a: Breloom
|-damage|p1a: Breloom|155\/323 tox
|-unboost|p2a: Breloom|atk|1
|-unboost|p2a: Breloom|def|1
|move|p1a: Breloom|Swords Dance|p1a: Breloom
|-boost|p1a: Breloom|atk|2
|
|-weather|none
|-heal|p2a: Breloom|195\/264 tox|[from] ability: Poison Heal
|-heal|p1a: Breloom|195\/323 tox|[from] ability: Poison Heal
|turn|9
|
|move|p1a: Breloom|Mach Punch|p2a: Breloom
|-damage|p2a: Breloom|0 fnt
|faint|p2a: Breloom
|
|-heal|p1a: Breloom|235\/323 tox|[from] ability: Poison Heal
|
|switch|p2a: Thundurus|Thundurus, M|299\/299
|-damage|p2a: Thundurus|225\/299|[from] Stealth Rock
|turn|10
|
|switch|p1a: Jolteon|Jolteon, F|255\/271
|move|p2a: Thundurus|Hidden Power|p1a: Jolteon
|-damage|p1a: Jolteon|198\/271
|-damage|p2a: Thundurus|196\/299|[from] item: Life Orb
|
|turn|11
|
|move|p1a: Jolteon|Shadow Ball|p2a: Thundurus
|-damage|p2a: Thundurus|80\/299
|move|p2a: Thundurus|Hidden Power|p1a: Jolteon
|-damage|p1a: Jolteon|132\/271
|-damage|p2a: Thundurus|51\/299|[from] item: Life Orb
|
|turn|12
|
|move|p1a: Jolteon|Hidden Power|p2a: Thundurus
|-supereffective|p2a: Thundurus
|-damage|p2a: Thundurus|0 fnt
|faint|p2a: Thundurus
|
|
|switch|p2a: Swampert|Swampert, F|320\/341
|-damage|p2a: Swampert|299\/341|[from] Stealth Rock
|turn|13
|
|detailschange|p2a: Swampert|Swampert-Mega, F
|-mega|p2a: Swampert|Swampert|Swampertite
|move|p1a: Jolteon|Shadow Ball|p2a: Swampert
|-damage|p2a: Swampert|218\/341
|move|p2a: Swampert|Earthquake|p1a: Jolteon
|-supereffective|p1a: Jolteon
|-damage|p1a: Jolteon|0 fnt
|faint|p1a: Jolteon
|
|
|switch|p1a: Lopunny|Lopunny, M|271\/271
|turn|14
|
|switch|p2a: Klefki|Klefki, F|318\/318
|-damage|p2a: Klefki|299\/318|[from] Stealth Rock
|detailschange|p1a: Lopunny|Lopunny-Mega, M
|-mega|p1a: Lopunny|Lopunny|Lopunnite
|move|p1a: Lopunny|High Jump Kick|p2a: Klefki|[miss]
|-miss|p1a: Lopunny|p2a: Klefki
|-damage|p1a: Lopunny|136\/271|[from] highjumpkick
|
|turn|15
|
|switch|p1a: Breloom|Breloom, M|235\/323 tox
|move|p2a: Klefki|Spikes|p1a: Breloom
|-sidestart|p1: qways|Spikes
|
|-heal|p1a: Breloom|275\/323 tox|[from] ability: Poison Heal
|turn|16
|
|move|p2a: Klefki|Dazzling Gleam|p1a: Breloom
|-supereffective|p1a: Breloom
|-damage|p1a: Breloom|11\/323 tox
|move|p1a: Breloom|Spore|p2a: Klefki
|-status|p2a: Klefki|slp
|
|-heal|p1a: Breloom|51\/323 tox|[from] ability: Poison Heal
|turn|17
|
|cant|p2a: Klefki|slp
|move|p1a: Breloom|Swords Dance|p1a: Breloom
|-boost|p1a: Breloom|atk|2
|
|-heal|p1a: Breloom|91\/323 tox|[from] ability: Poison Heal
|turn|18
|
|move|p1a: Breloom|Mach Punch|p2a: Klefki
|-damage|p2a: Klefki|191\/318 slp
|cant|p2a: Klefki|slp
|
|-heal|p1a: Breloom|131\/323 tox|[from] ability: Poison Heal
|turn|19
|
|move|p1a: Breloom|Mach Punch|p2a: Klefki
|-damage|p2a: Klefki|92\/318 slp
|-curestatus|p2a: Klefki|slp
|move|p2a: Klefki|Dazzling Gleam|p1a: Breloom
|-supereffective|p1a: Breloom
|-damage|p1a: Breloom|0 fnt
|faint|p1a: Breloom
|
|c|★qways|just one turn more
|
|switch|p1a: Scizor|Scizor, F|343\/343
|-damage|p1a: Scizor|301\/343|[from] Spikes
|turn|20
|
|switch|p2a: Politoed|Politoed, M|360\/383 slp
|-damage|p2a: Politoed|313\/383 slp|[from] Stealth Rock
|-weather|RainDance
|move|p1a: Scizor|Superpower|p2a: Politoed
|-damage|p2a: Politoed|122\/383 slp
|-unboost|p1a: Scizor|atk|1
|-unboost|p1a: Scizor|def|1
|
|-weather|RainDance|[upkeep]
|turn|21
|
|cant|p2a: Politoed|slp
|move|p1a: Scizor|Superpower|p2a: Politoed
|-damage|p2a: Politoed|0 fnt
|-unboost|p1a: Scizor|atk|1
|-unboost|p1a: Scizor|def|1
|faint|p2a: Politoed
|
|-weather|RainDance|[upkeep]
|
|switch|p2a: Swampert|Swampert-Mega, F|218\/341
|-damage|p2a: Swampert|197\/341|[from] Stealth Rock
|turn|22
|
|switch|p1a: Tyranitar|Tyranitar, F|365\/389 tox
|-damage|p1a: Tyranitar|317\/389 tox|[from] Spikes
|-weather|Sandstorm
|move|p2a: Swampert|Earthquake|p1a: Tyranitar
|-supereffective|p1a: Tyranitar
|-damage|p1a: Tyranitar|0 fnt
|faint|p1a: Tyranitar
|
|-weather|Sandstorm|[upkeep]
|
|switch|p1a: Lopunny|Lopunny-Mega, M|136\/271
|-damage|p1a: Lopunny|103\/271|[from] Spikes
|turn|23
|
|move|p1a: Lopunny|High Jump Kick|p2a: Swampert
|-damage|p2a: Swampert|0 fnt
|faint|p2a: Swampert
|
|-weather|Sandstorm|[upkeep]
|-damage|p1a: Lopunny|87\/271|[from] sandstorm
|
|switch|p2a: Klefki|Klefki, F|92\/318
|-damage|p2a: Klefki|73\/318|[from] Stealth Rock
|turn|24
|
|move|p2a: Klefki|Rain Dance|p2a: Klefki
|-weather|RainDance
|move|p1a: Lopunny|Power-Up Punch|p2a: Klefki
|-damage|p2a: Klefki|10\/318
|-boost|p1a: Lopunny|atk|1
|
|-weather|RainDance|[upkeep]
|turn|25
|
|move|p2a: Klefki|Thunder Wave|p1a: Lopunny
|-status|p1a: Lopunny|par
|move|p1a: Lopunny|Power-Up Punch|p2a: Klefki
|-damage|p2a: Klefki|0 fnt
|-boost|p1a: Lopunny|atk|1
|faint|p2a: Klefki
|
|-weather|RainDance|[upkeep]
|
|switch|p2a: Kingdra|Kingdra, M|291\/291
|-damage|p2a: Kingdra|255\/291|[from] Stealth Rock
|turn|26
|
|move|p1a: Lopunny|Quick Attack|p2a: Kingdra
|-damage|p2a: Kingdra|111\/291
|move|p2a: Kingdra|Waterfall|p1a: Lopunny
|-damage|p1a: Lopunny|0 fnt
|-damage|p2a: Kingdra|82\/291|[from] item: Life Orb
|faint|p1a: Lopunny
|
|-weather|RainDance|[upkeep]
|
|switch|p1a: Scizor|Scizor, F|301\/343
|-damage|p1a: Scizor|259\/343|[from] Spikes
|turn|27
|
|move|p1a: Scizor|Bullet Punch|p2a: Kingdra
|-resisted|p2a: Kingdra
|-damage|p2a: Kingdra|0 fnt
|faint|p2a: Kingdra
|
|win|qways
|raw|Ladder updating...
|c|★qways|gg
|leave|ya boi QT
|raw|qways's rating: 1761 &rarr; <strong>1778<\/strong><br \/>(+17 for winning)
|raw|ya boi QT's rating: 1711 &rarr; <strong>1694<\/strong><br \/>(-17 for losing)