|join|TRICKING
|join|qways
|player|p1|TRICKING|1
|player|p2|qways|101
|gametype|singles
|gen|6
|tier|OU
|rated
|clearpoke
|poke|p1|Jirachi
|poke|p1|Ferrothorn, F
|poke|p1|Landorus-Therian, M
|poke|p1|Keldeo
|poke|p1|Latios, M
|poke|p1|Clefable, F
|poke|p2|Infernape, F
|poke|p2|Lopunny, M
|poke|p2|Scizor, F
|poke|p2|Jolteon, F
|poke|p2|Breloom, M
|poke|p2|Gliscor, M
|rule|Swagger Clause: Swagger is banned
|rule|Baton Pass Clause: Limit one Pokémon knowing Baton Pass
|rule|Sleep Clause Mod: Limit one foe put to sleep
|rule|Species Clause: Limit one of each Pokémon
|rule|OHKO Clause: OHKO moves are banned
|rule|Moody Clause: Moody is banned
|rule|Evasion Moves Clause: Evasion moves are banned
|rule|Endless Battle Clause: Forcing endless battles is banned
|rule|HP Percentage Mod: HP is shown in percentages
|teampreview
|
|start
|switch|p1a: Landorus-Therian|Landorus-Therian, M|382\/382
|switch|p2a: Infernape|Infernape, F|293\/293
|-ability|p1a: Landorus-Therian|Intimidate|[of] p2a: Infernape
|-unboost|p2a: Infernape|atk|1
|turn|1
|
|move|p2a: Infernape|Fake Out|p1a: Landorus-Therian
|-damage|p1a: Landorus-Therian|362\/382
|cant|p1a: Landorus-Therian|flinch
|
|-heal|p1a: Landorus-Therian|382\/382|[from] item: Leftovers
|turn|2
|c|★qways|i know this team
|
|move|p2a: Infernape|Taunt|p1a: Landorus-Therian
|-start|p1a: Landorus-Therian|move: Taunt
|cant|p1a: Landorus-Therian|move: Taunt|Stealth Rock
|
|turn|3
|
|move|p2a: Infernape|Stealth Rock|p1a: Landorus-Therian
|-sidestart|p1: TRICKING|move: Stealth Rock
|move|p1a: Landorus-Therian|U-turn|p2a: Infernape
|-resisted|p2a: Infernape
|-damage|p2a: Infernape|268\/293
|
|switch|p1a: Latios|Latios, M|301\/301
|-damage|p1a: Latios|264\/301|[from] Stealth Rock
|
|turn|4
|
|switch|p2a: Scizor|Scizor, F|343\/343
|move|p1a: Latios|Psyshock|p2a: Scizor
|-resisted|p2a: Scizor
|-damage|p2a: Scizor|247\/343
|-damage|p1a: Latios|234\/301|[from] item: Life Orb
|
|turn|5
|
|move|p2a: Scizor|Pursuit|p1a: Latios|[from]Pursuit
|-supereffective|p1a: Latios
|-damage|p1a: Latios|0 fnt
|faint|p1a: Latios
|
|
|switch|p1a: Keldeo|Keldeo|323\/323
|-damage|p1a: Keldeo|303\/323|[from] Stealth Rock
|turn|6
|
|switch|p2a: Breloom|Breloom, M|323\/323
|move|p1a: Keldeo|Scald|p2a: Breloom
|-resisted|p2a: Breloom
|-damage|p2a: Breloom|221\/323
|-status|p2a: Breloom|brn
|
|-heal|p1a: Keldeo|323\/323|[from] item: Leftovers
|-damage|p2a: Breloom|181\/323 brn|[from] brn
|turn|7
|
|move|p1a: Keldeo|Substitute|p1a: Keldeo
|-start|p1a: Keldeo|Substitute
|-damage|p1a: Keldeo|243\/323
|move|p2a: Breloom|Seed Bomb|p1a: Keldeo
|-supereffective|p1a: Keldeo
|-end|p1a: Keldeo|Substitute
|
|-heal|p1a: Keldeo|263\/323|[from] item: Leftovers
|-damage|p2a: Breloom|141\/323 brn|[from] brn
|turn|8
|
|move|p1a: Keldeo|Secret Sword|p2a: Breloom
|-crit|p2a: Breloom
|-damage|p2a: Breloom|0 fnt
|faint|p2a: Breloom
|
|-heal|p1a: Keldeo|283\/323|[from] item: Leftovers
|
|switch|p2a: Jolteon|Jolteon, F|271\/271
|turn|9
|
|switch|p1a: Jirachi|Jirachi|404\/404
|-damage|p1a: Jirachi|379\/404|[from] Stealth Rock
|move|p2a: Jolteon|Volt Switch|p1a: Jirachi
|-damage|p1a: Jirachi|300\/404
|
|switch|p2a: Scizor|Scizor, F|247\/343
|
|-heal|p1a: Jirachi|325\/404|[from] item: Leftovers
|turn|10
|
|move|p1a: Jirachi|Protect|p1a: Jirachi
|-singleturn|p1a: Jirachi|Protect
|move|p2a: Scizor|Pursuit|p1a: Jirachi
|-activate|p1a: Jirachi|Protect
|
|-heal|p1a: Jirachi|350\/404|[from] item: Leftovers
|turn|11
|
|move|p1a: Jirachi|Iron Head|p2a: Scizor
|-resisted|p2a: Scizor
|-damage|p2a: Scizor|202\/343
|cant|p2a: Scizor|flinch
|
|-heal|p1a: Jirachi|375\/404|[from] item: Leftovers
|turn|12
|
|move|p1a: Jirachi|Iron Head|p2a: Scizor
|-resisted|p2a: Scizor
|-damage|p2a: Scizor|154\/343
|cant|p2a: Scizor|flinch
|
|-heal|p1a: Jirachi|400\/404|[from] item: Leftovers
|turn|13
|
|move|p1a: Jirachi|Iron Head|p2a: Scizor
|-resisted|p2a: Scizor
|-damage|p2a: Scizor|109\/343
|cant|p2a: Scizor|flinch
|
|-heal|p1a: Jirachi|404\/404|[from] item: Leftovers
|turn|14
|c|★TRICKING|nice
|
|move|p1a: Jirachi|Iron Head|p2a: Scizor
|-resisted|p2a: Scizor
|-damage|p2a: Scizor|59\/343
|move|p2a: Scizor|Pursuit|p1a: Jirachi
|-supereffective|p1a: Jirachi
|-damage|p1a: Jirachi|178\/404
|
|-heal|p1a: Jirachi|203\/404|[from] item: Leftovers
|turn|15
|
|move|p1a: Jirachi|Protect|p1a: Jirachi
|-singleturn|p1a: Jirachi|Protect
|move|p2a: Scizor|Pursuit|p1a: Jirachi
|-activate|p1a: Jirachi|Protect
|
|-heal|p1a: Jirachi|228\/404|[from] item: Leftovers
|turn|16
|c|★TRICKING|gogogogo
|
|move|p1a: Jirachi|Iron Head|p2a: Scizor
|-resisted|p2a: Scizor
|-damage|p2a: Scizor|10\/343
|cant|p2a: Scizor|flinch
|
|-heal|p1a: Jirachi|253\/404|[from] item: Leftovers
|turn|17
|
|move|p1a: Jirachi|U-turn|p2a: Scizor
|-resisted|p2a: Scizor
|-damage|p2a: Scizor|0 fnt
|faint|p2a: Scizor
|
|switch|p1a: Keldeo|Keldeo|283\/323
|-damage|p1a: Keldeo|263\/323|[from] Stealth Rock
|
|-heal|p1a: Keldeo|283\/323|[from] item: Leftovers
|
|switch|p2a: Jolteon|Jolteon, F|271\/271
|turn|18
|join|survivor tele
|
|switch|p1a: Jirachi|Jirachi|253\/404
|-damage|p1a: Jirachi|228\/404|[from] Stealth Rock
|move|p2a: Jolteon|Volt Switch|p1a: Jirachi
|-crit|p1a: Jirachi
|-damage|p1a: Jirachi|114\/404
|
|switch|p2a: Infernape|Infernape, F|268\/293
|
|-heal|p1a: Jirachi|139\/404|[from] item: Leftovers
|turn|19
|
|move|p1a: Jirachi|Protect|p1a: Jirachi
|-singleturn|p1a: Jirachi|Protect
|move|p2a: Infernape|Taunt|p1a: Jirachi
|-activate|p1a: Jirachi|Protect
|
|-heal|p1a: Jirachi|164\/404|[from] item: Leftovers
|turn|20
|
|move|p2a: Infernape|Close Combat|p1a: Jirachi
|-damage|p1a: Jirachi|0 fnt
|-unboost|p2a: Infernape|def|1
|-unboost|p2a: Infernape|spd|1
|faint|p1a: Jirachi
|
|
|switch|p1a: Keldeo|Keldeo|283\/323
|-damage|p1a: Keldeo|263\/323|[from] Stealth Rock
|turn|21
|
|switch|p2a: Jolteon|Jolteon, F|271\/271
|move|p1a: Keldeo|Scald|p2a: Jolteon
|-damage|p2a: Jolteon|180\/271
|
|-heal|p1a: Keldeo|283\/323|[from] item: Leftovers
|turn|22
|c|★TRICKING|ho appena fatto
|c|★TRICKING|una cazzata lol
|
|switch|p1a: Landorus-Therian|Landorus-Therian, M|382\/382
|-damage|p1a: Landorus-Therian|335\/382|[from] Stealth Rock
|-ability|p1a: Landorus-Therian|Intimidate|[of] p2a: Jolteon
|-unboost|p2a: Jolteon|atk|1
|move|p2a: Jolteon|Volt Switch|p1a: Landorus-Therian
|-immune|p1a: Landorus-Therian|[msg]
|
|-heal|p1a: Landorus-Therian|358\/382|[from] item: Leftovers
|turn|23
|
|switch|p1a: Clefable|Clefable, F|394\/394
|move|p2a: Jolteon|Hidden Power|p1a: Clefable
|-damage|p1a: Clefable|332\/394
|
|-heal|p1a: Clefable|356\/394|[from] item: Leftovers
|turn|24
|
|move|p2a: Jolteon|Volt Switch|p1a: Clefable
|-damage|p1a: Clefable|238\/394
|
|switch|p2a: Gliscor|Gliscor, M|353\/353
|move|p1a: Clefable|Calm Mind|p1a: Clefable
|-boost|p1a: Clefable|spa|1
|-boost|p1a: Clefable|spd|1
|
|-heal|p1a: Clefable|262\/394|[from] item: Leftovers
|-status|p2a: Gliscor|tox|[from] item: Toxic Orb
|turn|25
|
|move|p2a: Gliscor|Earthquake|p1a: Clefable
|-damage|p1a: Clefable|105\/394
|move|p1a: Clefable|Soft-Boiled|p1a: Clefable
|-heal|p1a: Clefable|302\/394
|
|-heal|p1a: Clefable|326\/394|[from] item: Leftovers
|turn|26
|
|move|p2a: Gliscor|Swords Dance|p2a: Gliscor
|-boost|p2a: Gliscor|atk|2
|move|p1a: Clefable|Soft-Boiled|p1a: Clefable
|-heal|p1a: Clefable|394\/394
|
|turn|27
|
|switch|p1a: Landorus-Therian|Landorus-Therian, M|358\/382
|-damage|p1a: Landorus-Therian|311\/382|[from] Stealth Rock
|-ability|p1a: Landorus-Therian|Intimidate|[of] p2a: Gliscor
|-unboost|p2a: Gliscor|atk|1
|move|p2a: Gliscor|Agility|p2a: Gliscor
|-boost|p2a: Gliscor|spe|2
|
|-heal|p1a: Landorus-Therian|334\/382|[from] item: Leftovers
|turn|28
|c| survivor tele|stavo per dirtelo
|c| survivor tele|rip
|
|move|p2a: Gliscor|Swords Dance|p2a: Gliscor
|-boost|p2a: Gliscor|atk|2
|move|p1a: Landorus-Therian|Earthquake|p2a: Gliscor
|-immune|p2a: Gliscor|[msg]
|
|-heal|p1a: Landorus-Therian|357\/382|[from] item: Leftovers
|turn|29
|c| survivor tele|lui conosce il mio team
|
|move|p2a: Gliscor|Swords Dance|p2a: Gliscor
|-boost|p2a: Gliscor|atk|2
|move|p1a: Landorus-Therian|Stealth Rock|p2a: Gliscor
|-sidestart|p2: qways|move: Stealth Rock
|
|-heal|p1a: Landorus-Therian|380\/382|[from] item: Leftovers
|turn|30
|c| survivor tele|avendoci già giocato
|
|move|p2a: Gliscor|Stone Edge|p1a: Landorus-Therian
|-damage|p1a: Landorus-Therian|126\/382
|move|p1a: Landorus-Therian|Earthquake|p2a: Gliscor
|-immune|p2a: Gliscor|[msg]
|
|-heal|p1a: Landorus-Therian|149\/382|[from] item: Leftovers
|turn|31
|c| survivor tele|tu non conosci il suo
|c|★TRICKING|npnp
|
|move|p2a: Gliscor|Stone Edge|p1a: Landorus-Therian|[miss]
|-miss|p2a: Gliscor|p1a: Landorus-Therian
|move|p1a: Landorus-Therian|Earthquake|p2a: Gliscor
|-immune|p2a: Gliscor|[msg]
|
|-heal|p1a: Landorus-Therian|172\/382|[from] item: Leftovers
|turn|32
|
|move|p2a: Gliscor|Stone Edge|p1a: Landorus-Therian|[miss]
|-miss|p2a: Gliscor|p1a: Landorus-Therian
|move|p1a: Landorus-Therian|Stone Edge|p2a: Gliscor
|-damage|p2a: Gliscor|259\/353 tox
|
|-heal|p1a: Landorus-Therian|195\/382|[from] item: Leftovers
|-heal|p2a: Gliscor|303\/353 tox|[from] ability: Poison Heal
|turn|33
|c| survivor tele|switcha
|c| survivor tele|su ferro
|c| survivor tele|ppstalla
|c| survivor tele|sedge
|c|★TRICKING|wait
|
|switch|p1a: Ferrothorn|Ferrothorn, F|352\/352
|-damage|p1a: Ferrothorn|330\/352|[from] Stealth Rock
|move|p2a: Gliscor|Stone Edge|p1a: Ferrothorn
|-resisted|p1a: Ferrothorn
|-damage|p1a: Ferrothorn|223\/352
|
|-heal|p1a: Ferrothorn|245\/352|[from] item: Leftovers
|-heal|p2a: Gliscor|347\/353 tox|[from] ability: Poison Heal
|turn|34
|
|move|p1a: Ferrothorn|Protect|p1a: Ferrothorn
|-singleturn|p1a: Ferrothorn|Protect
|move|p2a: Gliscor|Earthquake|p1a: Ferrothorn
|-activate|p1a: Ferrothorn|Protect
|
|-heal|p1a: Ferrothorn|267\/352|[from] item: Leftovers
|-heal|p2a: Gliscor|353\/353 tox|[from] ability: Poison Heal
|turn|35
|
|switch|p1a: Landorus-Therian|Landorus-Therian, M|195\/382
|-damage|p1a: Landorus-Therian|148\/382|[from] Stealth Rock
|-ability|p1a: Landorus-Therian|Intimidate|[of] p2a: Gliscor
|-unboost|p2a: Gliscor|atk|1
|move|p2a: Gliscor|Stone Edge|p1a: Landorus-Therian
|-damage|p1a: Landorus-Therian|0 fnt
|faint|p1a: Landorus-Therian
|
|c| survivor tele|stai dentro
|
|switch|p1a: Keldeo|Keldeo|283\/323
|-damage|p1a: Keldeo|263\/323|[from] Stealth Rock
|turn|36
|
|move|p2a: Gliscor|Earthquake|p1a: Keldeo
|-damage|p1a: Keldeo|0 fnt
|faint|p1a: Keldeo
|
|c|★TRICKING|rip
|-message|TRICKING forfeited.
|
|win|qways
|raw|Ladder updating...
|raw|TRICKING's rating: 1738 &rarr; <strong>1718<\/strong><br \/>(-20 for losing)
|raw|qways's rating: 1746 &rarr; <strong>1766<\/strong><br \/>(+20 for winning)
|leave|survivor tele