|join|meowiekins
|join|QTEST
|player|p1|meowiekins|160
|player|p2|QTEST|292
|gametype|singles
|gen|6
|tier|UU
|rated
|rule|Sleep Clause Mod: Limit one foe put to sleep
|rule|Species Clause: Limit one of each Pokémon
|rule|OHKO Clause: OHKO moves are banned
|rule|Moody Clause: Moody is banned
|rule|Evasion Moves Clause: Evasion moves are banned
|rule|Endless Battle Clause: Forcing endless battles is banned
|rule|HP Percentage Mod: HP is shown in percentages
|clearpoke
|poke|p1|Gligar, M
|poke|p1|Vaporeon, M
|poke|p1|Staraptor, M
|poke|p1|Mienshao, M
|poke|p1|Raikou
|poke|p1|Jirachi
|poke|p2|Lopunny, F, shiny
|poke|p2|Cobalion
|poke|p2|Rotom-Heat
|poke|p2|Xatu, F
|poke|p2|Dragalge, F
|poke|p2|Whimsicott, F
|rule|Swagger Clause: Swagger is banned
|rule|Baton Pass Clause: Limit one Pokémon knowing Baton Pass
|teampreview
|
|start
|switch|p1a: Raikou|Raikou|322\/322
|switch|p2a: Dragalge|Dragalge, F|271\/271
|-ability|p1a: Raikou|Pressure
|turn|1
|
|move|p1a: Raikou|Volt Switch|p2a: Dragalge
|-resisted|p2a: Dragalge
|-damage|p2a: Dragalge|205\/271
|-damage|p1a: Raikou|290\/322|[from] item: Life Orb
|
|switch|p1a: Gligar|Gligar, M|334\/334
|move|p2a: Dragalge|Draco Meteor|p1a: Gligar
|-damage|p1a: Gligar|74\/334
|-unboost|p2a: Dragalge|spa|2
|
|turn|2
|c|★meowiekins|what
|c|★meowiekins|the
|c|★meowiekins|fuck
|
|move|p1a: Gligar|Roost|p1a: Gligar
|-heal|p1a: Gligar|241\/334
|move|p2a: Dragalge|Draco Meteor|p1a: Gligar
|-damage|p1a: Gligar|109\/334
|-unboost|p2a: Dragalge|spa|2
|
|turn|3
|
|switch|p2a: Xatu|Xatu, F|333\/333
|move|p1a: Gligar|Roost|p1a: Gligar
|-heal|p1a: Gligar|276\/334
|
|turn|4
|
|move|p2a: Xatu|Night Shade|p1a: Gligar
|-damage|p1a: Gligar|176\/334
|move|p1a: Gligar|U-turn|p2a: Xatu
|-damage|p2a: Xatu|293\/333
|-damage|p1a: Gligar|121\/334|[from] item: Rocky Helmet|[of] p2a: Xatu
|
|switch|p1a: Raikou|Raikou|290\/322
|-ability|p1a: Raikou|Pressure
|
|turn|5
|
|switch|p2a: Rotom-Heat|Rotom-Heat|298\/298
|move|p1a: Raikou|Volt Switch|p2a: Rotom-Heat
|-resisted|p2a: Rotom-Heat
|-damage|p2a: Rotom-Heat|229\/298
|-damage|p1a: Raikou|258\/322|[from] item: Life Orb
|
|switch|p1a: Vaporeon|Vaporeon, M|464\/464
|
|-heal|p2a: Rotom-Heat|247\/298|[from] item: Leftovers
|turn|6
|
|move|p2a: Rotom-Heat|Volt Switch|p1a: Vaporeon
|-supereffective|p1a: Vaporeon
|-damage|p1a: Vaporeon|272\/464
|
|switch|p2a: Dragalge|Dragalge, F|205\/271
|move|p1a: Vaporeon|Wish|p1a: Vaporeon
|
|-heal|p1a: Vaporeon|301\/464|[from] item: Leftovers
|turn|7
|
|switch|p1a: Jirachi|Jirachi|404\/404
|move|p2a: Dragalge|Draco Meteor|p1a: Jirachi
|-resisted|p1a: Jirachi
|-damage|p1a: Jirachi|189\/404
|-unboost|p2a: Dragalge|spa|2
|
|-heal|p1a: Jirachi|404\/404|[from] move: Wish|[wisher] Vaporeon
|turn|8
|
|switch|p2a: Rotom-Heat|Rotom-Heat|247\/298
|move|p1a: Jirachi|U-turn|p2a: Rotom-Heat
|-resisted|p2a: Rotom-Heat
|-damage|p2a: Rotom-Heat|219\/298
|
|switch|p1a: Gligar|Gligar, M|121\/334
|
|-heal|p2a: Rotom-Heat|237\/298|[from] item: Leftovers
|turn|9
|
|move|p2a: Rotom-Heat|Will-O-Wisp|p1a: Gligar
|-status|p1a: Gligar|brn
|move|p1a: Gligar|Roost|p1a: Gligar
|-heal|p1a: Gligar|288\/334 brn
|
|-heal|p2a: Rotom-Heat|255\/298|[from] item: Leftovers
|-damage|p1a: Gligar|247\/334 brn|[from] brn
|turn|10
|
|switch|p2a: Xatu|Xatu, F|293\/333
|move|p1a: Gligar|U-turn|p2a: Xatu
|-crit|p2a: Xatu
|-damage|p2a: Xatu|259\/333
|-damage|p1a: Gligar|192\/334 brn|[from] item: Rocky Helmet|[of] p2a: Xatu
|
|switch|p1a: Staraptor|Staraptor, M|312\/312
|
|turn|11
|
|switch|p2a: Rotom-Heat|Rotom-Heat|255\/298
|move|p1a: Staraptor|Brave Bird|p2a: Rotom-Heat
|-resisted|p2a: Rotom-Heat
|-damage|p2a: Rotom-Heat|70\/298
|-damage|p1a: Staraptor|251\/312|[from] recoil|[of] p2a: Rotom-Heat
|
|-heal|p2a: Rotom-Heat|88\/298|[from] item: Leftovers
|turn|12
|
|move|p1a: Staraptor|Brave Bird|p2a: Rotom-Heat
|-resisted|p2a: Rotom-Heat
|-damage|p2a: Rotom-Heat|0 fnt
|-damage|p1a: Staraptor|222\/312|[from] recoil|[of] p2a: Rotom-Heat
|faint|p2a: Rotom-Heat
|
|
|switch|p2a: Lopunny|Lopunny, F, shiny|272\/272
|turn|13
|
|switch|p1a: Jirachi|Jirachi|404\/404
|detailschange|p2a: Lopunny|Lopunny-Mega, F, shiny
|message|Lopunny has Mega Evolved into Mega Lopunny!
|move|p2a: Lopunny|High Jump Kick|p1a: Jirachi
|-damage|p1a: Jirachi|224\/404
|
|-heal|p1a: Jirachi|249\/404|[from] item: Leftovers
|turn|14
|
|switch|p2a: Xatu|Xatu, F|259\/333
|move|p1a: Jirachi|U-turn|p2a: Xatu
|-damage|p2a: Xatu|205\/333
|-damage|p1a: Jirachi|182\/404|[from] item: Rocky Helmet|[of] p2a: Xatu
|
|switch|p1a: Staraptor|Staraptor, M|222\/312
|
|turn|15
|
|move|p1a: Staraptor|Brave Bird|p2a: Xatu
|-damage|p2a: Xatu|0 fnt
|-damage|p1a: Staraptor|170\/312|[from] item: Rocky Helmet|[of] p2a: Xatu
|-damage|p1a: Staraptor|102\/312|[from] recoil|[of] p2a: Xatu
|faint|p2a: Xatu
|
|
|switch|p2a: Cobalion|Cobalion|324\/324
|turn|16
|
|switch|p1a: Vaporeon|Vaporeon, M|301\/464
|move|p2a: Cobalion|Stealth Rock|p1a: Vaporeon
|-sidestart|p1: meowiekins|move: Stealth Rock
|
|-heal|p1a: Vaporeon|330\/464|[from] item: Leftovers
|turn|17
|
|move|p2a: Cobalion|Taunt|p1a: Vaporeon
|-start|p1a: Vaporeon|move: Taunt
|cant|p1a: Vaporeon|move: Taunt|Wish
|
|-heal|p1a: Vaporeon|359\/464|[from] item: Leftovers
|turn|18
|
|switch|p2a: Dragalge|Dragalge, F|205\/271
|move|p1a: Vaporeon|Scald|p2a: Dragalge
|-resisted|p2a: Dragalge
|-damage|p2a: Dragalge|166\/271
|
|-heal|p1a: Vaporeon|388\/464|[from] item: Leftovers
|turn|19
|
|move|p2a: Dragalge|Draco Meteor|p1a: Vaporeon
|-damage|p1a: Vaporeon|0 fnt
|-unboost|p2a: Dragalge|spa|2
|faint|p1a: Vaporeon
|
|
|switch|p1a: Gligar|Gligar, M|192\/334 brn
|-damage|p1a: Gligar|151\/334 brn|[from] Stealth Rock
|turn|20
|
|switch|p2a: Lopunny|Lopunny-Mega, F, shiny|272\/272
|move|p1a: Gligar|Roost|p1a: Gligar
|-heal|p1a: Gligar|318\/334 brn
|
|-damage|p1a: Gligar|277\/334 brn|[from] brn
|turn|21
|
|move|p2a: Lopunny|Ice Punch|p1a: Gligar
|-supereffective|p1a: Gligar
|-damage|p1a: Gligar|41\/334 brn
|move|p1a: Gligar|U-turn|p2a: Lopunny
|-resisted|p2a: Lopunny
|-damage|p2a: Lopunny|260\/272
|
|switch|p1a: Mienshao|Mienshao, M|271\/271
|-damage|p1a: Mienshao|255\/271|[from] Stealth Rock
|
|turn|22
|
|switch|p2a: Whimsicott|Whimsicott, F|261\/261
|move|p1a: Mienshao|High Jump Kick|p2a: Whimsicott
|-resisted|p2a: Whimsicott
|-damage|p2a: Whimsicott|108\/261
|
|turn|23
|
|switch|p1a: Gligar|Gligar, M|41\/334 brn
|-damage|p1a: Gligar|0 fnt|[from] Stealth Rock
|faint|p1a: Gligar
|move|p2a: Whimsicott|Moonblast|p1: Gligar|[notarget]
|-notarget
|
|
|switch|p1a: Jirachi|Jirachi|182\/404
|-damage|p1a: Jirachi|157\/404|[from] Stealth Rock
|turn|24
|
|switch|p2a: Cobalion|Cobalion|324\/324
|move|p1a: Jirachi|Iron Head|p2a: Cobalion
|-resisted|p2a: Cobalion
|-damage|p2a: Cobalion|289\/324
|
|-heal|p1a: Jirachi|182\/404|[from] item: Leftovers
|turn|25
|
|switch|p1a: Staraptor|Staraptor, M|102\/312
|-damage|p1a: Staraptor|24\/312|[from] Stealth Rock
|move|p2a: Cobalion|Close Combat|p1a: Staraptor
|-damage|p1a: Staraptor|0 fnt
|-unboost|p2a: Cobalion|def|1
|-unboost|p2a: Cobalion|spd|1
|faint|p1a: Staraptor
|
|
|switch|p1a: Mienshao|Mienshao, M|255\/271
|-damage|p1a: Mienshao|239\/271|[from] Stealth Rock
|turn|26
|
|move|p1a: Mienshao|High Jump Kick|p2a: Cobalion
|-supereffective|p2a: Cobalion
|-damage|p2a: Cobalion|0 fnt
|faint|p2a: Cobalion
|
|
|switch|p2a: Lopunny|Lopunny-Mega, F, shiny|260\/272
|turn|27
|
|move|p2a: Lopunny|Fake Out|p1a: Mienshao
|-damage|p1a: Mienshao|137\/271
|cant|p1a: Mienshao|flinch
|
|turn|28
|
|switch|p2a: Whimsicott|Whimsicott, F|108\/261
|move|p1a: Mienshao|High Jump Kick|p2a: Whimsicott
|-resisted|p2a: Whimsicott
|-damage|p2a: Whimsicott|0 fnt
|faint|p2a: Whimsicott
|
|
|switch|p2a: Dragalge|Dragalge, F|166\/271
|turn|29
|
|switch|p1a: Jirachi|Jirachi|182\/404
|-damage|p1a: Jirachi|157\/404|[from] Stealth Rock
|move|p2a: Dragalge|Draco Meteor|p1a: Jirachi
|-resisted|p1a: Jirachi
|-damage|p1a: Jirachi|0 fnt
|-unboost|p2a: Dragalge|spa|2
|faint|p1a: Jirachi
|
|
|switch|p1a: Raikou|Raikou|258\/322
|-damage|p1a: Raikou|218\/322|[from] Stealth Rock
|-ability|p1a: Raikou|Pressure
|turn|30
|
|move|p1a: Raikou|Extrasensory|p2a: Dragalge
|-supereffective|p2a: Dragalge
|-damage|p2a: Dragalge|0 fnt
|-damage|p1a: Raikou|186\/322|[from] item: Life Orb
|faint|p2a: Dragalge
|
|
|switch|p2a: Lopunny|Lopunny-Mega, F, shiny|260\/272
|turn|31
|
|move|p2a: Lopunny|Return|p1a: Raikou
|-damage|p1a: Raikou|0 fnt
|faint|p1a: Raikou
|
|
|switch|p1a: Mienshao|Mienshao, M|137\/271
|-damage|p1a: Mienshao|121\/271|[from] Stealth Rock
|turn|32
|
|move|p1a: Mienshao|High Jump Kick|p2a: Lopunny|[miss]
|-miss|p1a: Mienshao|p2a: Lopunny
|-damage|p1a: Mienshao|0 fnt|[from] highjumpkick
|faint|p1a: Mienshao
|
|win|QTEST
|raw|Ladder updating...
|raw|meowiekins's rating: 1441 &rarr; <strong>1414<\/strong><br \/>(-27 for losing)
|raw|QTEST's rating: 1312 &rarr; <strong>1339<\/strong><br \/>(+27 for winning)
|c|★meowiekins|damn
|c|★meowiekins|gg