|join|Volbeatdown
|join|meowiekins
|player|p1|Volbeatdown|126
|player|p2|meowiekins|160
|gametype|singles
|gen|6
|tier|UU
|rule|Sleep Clause Mod: Limit one foe put to sleep
|rule|Species Clause: Limit one of each Pokémon
|rule|OHKO Clause: OHKO moves are banned
|rule|Moody Clause: Moody is banned
|rule|Evasion Moves Clause: Evasion moves are banned
|rule|Endless Battle Clause: Forcing endless battles is banned
|rule|HP Percentage Mod: HP is shown in percentages
|clearpoke
|poke|p1|Beedrill, F
|poke|p1|Swampert, F
|poke|p1|Raikou
|poke|p1|Crobat, M
|poke|p1|Jirachi
|poke|p1|Whimsicott, M
|poke|p2|Shedinja
|poke|p2|Aggron, M
|poke|p2|Tentacruel, M
|poke|p2|Florges, F
|poke|p2|Crobat, F
|poke|p2|Snorlax, M
|rule|Swagger Clause: Swagger is banned
|rule|Baton Pass Clause: Limit one Pokémon knowing Baton Pass
|teampreview
|c|★Volbeatdown|this is
|c|★Volbeatdown|one of my worse teams
|c|★meowiekins|okay
|c|★meowiekins|cool
|c|★meowiekins|this is like 5 min team
|c|★Volbeatdown|lol
|c|★meowiekins|seeing if concept is good
|
|start
|switch|p1a: Raikou|Raikou|322\/322
|switch|p2a: Crobat|Crobat, F|374\/374
|-ability|p1a: Raikou|Pressure
|turn|1
|
|switch|p2a: Shedinja|Shedinja|1\/1
|move|p1a: Raikou|Volt Switch|p2a: Shedinja
|-activate|p2a: Shedinja|ability: Wonder Guard
|
|turn|2
|
|switch|p1a: Swampert|Swampert, F|404\/404
|switch|p2a: Aggron|Aggron, M|344\/344
|
|turn|3
|
|detailschange|p2a: Aggron|Aggron-Mega, M
|message|Aggron has Mega Evolved into Mega Aggron!
|move|p1a: Swampert|Stealth Rock|p2a: Aggron
|-sidestart|p2: meowiekins|move: Stealth Rock
|move|p2a: Aggron|Stealth Rock|p1a: Swampert
|-sidestart|p1: Volbeatdown|move: Stealth Rock
|
|turn|4
|
|switch|p2a: Crobat|Crobat, F|374\/374
|-damage|p2a: Crobat|281\/374|[from] Stealth Rock
|move|p1a: Swampert|Scald|p2a: Crobat
|-damage|p2a: Crobat|190\/374
|
|-heal|p2a: Crobat|213\/374|[from] item: Black Sludge
|turn|5
|
|move|p2a: Crobat|Roost|p2a: Crobat
|-heal|p2a: Crobat|374\/374
|move|p1a: Swampert|Scald|p2a: Crobat
|-damage|p2a: Crobat|268\/374
|
|-heal|p2a: Crobat|291\/374|[from] item: Black Sludge
|turn|6
|c|★meowiekins|i dont really have much for pert
|c|★meowiekins|lol
|c|★Volbeatdown|lol
|
|move|p2a: Crobat|Defog|p1a: Swampert
|-unboost|p1a: Swampert|evasion|1
|-sideend|p1: Volbeatdown|Stealth Rock|[from] move: Defog|[of] p1a: Swampert
|-sideend|p2: meowiekins|Stealth Rock|[from] move: Defog|[of] p2a: Crobat
|move|p1a: Swampert|Scald|p2a: Crobat
|-damage|p2a: Crobat|192\/374
|-status|p2a: Crobat|brn
|
|-heal|p2a: Crobat|215\/374 brn|[from] item: Black Sludge
|-damage|p2a: Crobat|169\/374 brn|[from] brn
|turn|7
|
|switch|p2a: Shedinja|Shedinja|1\/1
|move|p1a: Swampert|Stealth Rock|p2a: Shedinja
|-sidestart|p2: meowiekins|move: Stealth Rock
|
|turn|8
|
|switch|p2a: Tentacruel|Tentacruel, M|364\/364
|-damage|p2a: Tentacruel|319\/364|[from] Stealth Rock
|move|p1a: Swampert|Roar|p2a: Tentacruel
|drag|p2a: Crobat|Crobat, F|169\/374 brn
|-damage|p2a: Crobat|76\/374 brn|[from] Stealth Rock
|
|-heal|p2a: Crobat|99\/374 brn|[from] item: Black Sludge
|-damage|p2a: Crobat|53\/374 brn|[from] brn
|turn|9
|
|move|p2a: Crobat|Defog|p1a: Swampert
|-unboost|p1a: Swampert|evasion|1
|-sideend|p2: meowiekins|Stealth Rock|[from] move: Defog|[of] p2a: Crobat
|move|p1a: Swampert|Earthquake|p2a: Crobat
|-immune|p2a: Crobat|[msg]
|
|-heal|p2a: Crobat|76\/374 brn|[from] item: Black Sludge
|-damage|p2a: Crobat|30\/374 brn|[from] brn
|turn|10
|c|★meowiekins|okay i need something for pert
|
|move|p2a: Crobat|Taunt|p1a: Swampert
|-start|p1a: Swampert|move: Taunt
|move|p1a: Swampert|Earthquake|p2a: Crobat
|-immune|p2a: Crobat|[msg]
|
|-heal|p2a: Crobat|53\/374 brn|[from] item: Black Sludge
|-damage|p2a: Crobat|7\/374 brn|[from] brn
|turn|11
|
|switch|p2a: Snorlax|Snorlax, M|497\/497
|move|p1a: Swampert|Earthquake|p2a: Snorlax
|-damage|p2a: Snorlax|355\/497
|
|-heal|p2a: Snorlax|386\/497|[from] item: Leftovers
|turn|12
|
|switch|p1a: Whimsicott|Whimsicott, M|261\/261
|move|p2a: Snorlax|Body Slam|p1a: Whimsicott
|-damage|p1a: Whimsicott|141\/261
|
|-heal|p2a: Snorlax|417\/497|[from] item: Leftovers
|turn|13
|
|move|p1a: Whimsicott|Moonblast|p2a: Snorlax
|-damage|p2a: Snorlax|317\/497
|move|p2a: Snorlax|Body Slam|p1a: Whimsicott
|-damage|p1a: Whimsicott|9\/261
|
|-heal|p2a: Snorlax|348\/497|[from] item: Leftovers
|turn|14
|
|switch|p2a: Tentacruel|Tentacruel, M|319\/364
|move|p1a: Whimsicott|Moonblast|p2a: Tentacruel
|-resisted|p2a: Tentacruel
|-damage|p2a: Tentacruel|259\/364
|
|-heal|p2a: Tentacruel|281\/364|[from] item: Black Sludge
|turn|15
|
|move|p1a: Whimsicott|Giga Drain|p2a: Tentacruel
|-damage|p2a: Tentacruel|193\/364
|-damage|p1a: Whimsicott|0 fnt|[from] ability: Liquid Ooze|[of] p2a: Tentacruel
|faint|p1a: Whimsicott
|move|p2a: Tentacruel|Toxic Spikes|p1: Whimsicott
|-sidestart|p1: Volbeatdown|move: Toxic Spikes
|
|-heal|p2a: Tentacruel|215\/364|[from] item: Black Sludge
|c|★meowiekins|rekt
|
|switch|p1a: Beedrill|Beedrill, F|272\/272
|-sideend|p1: Volbeatdown|move: Toxic Spikes|[of] p1a: Beedrill
|turn|16
|
|switch|p2a: Shedinja|Shedinja|1\/1
|detailschange|p1a: Beedrill|Beedrill-Mega, F
|message|Beedrill has Mega Evolved into Mega Beedrill!
|move|p1a: Beedrill|Drill Run|p2a: Shedinja
|-activate|p2a: Shedinja|ability: Wonder Guard
|
|turn|17
|c|★meowiekins|!learn shedinja toxic
Pokemon 'shedinjatoxic' not found.
|c|★Volbeatdown|yes it does
|c|★meowiekins|nb
|
|switch|p1a: Swampert|Swampert, F|404\/404
|move|p2a: Shedinja|X-Scissor|p1a: Swampert
|-damage|p1a: Swampert|313\/404
|
|-heal|p1a: Swampert|338\/404|[from] item: Leftovers
|turn|18
|c|★meowiekins|becaus
|c|★meowiekins|lol
|c|★meowiekins|pert
|c|★Volbeatdown|!learn shedinja, toxic.
|raw|<div class="infobox">Shedinja <span class="message-learn-canlearn">can<\/span> learn Toxic<\/ul><\/div>
|
|switch|p2a: Florges|Florges, F|360\/360
|move|p1a: Swampert|Stealth Rock|p2a: Florges
|-sidestart|p2: meowiekins|move: Stealth Rock
|
|-heal|p1a: Swampert|363\/404|[from] item: Leftovers
|turn|19
|c|★meowiekins|!learn shedinja, giga drain
|raw|<div class="infobox">Shedinja <span class="message-learn-canlearn">can<\/span> learn Giga Drain<\/ul><\/div>
|c|★meowiekins|lmoa
|
|switch|p1a: Beedrill|Beedrill-Mega, F|272\/272
|move|p2a: Florges|Wish|p2a: Florges
|
|turn|20
|
|switch|p2a: Tentacruel|Tentacruel, M|215\/364
|-damage|p2a: Tentacruel|170\/364|[from] Stealth Rock
|move|p1a: Beedrill|Drill Run|p2a: Tentacruel
|-supereffective|p2a: Tentacruel
|-damage|p2a: Tentacruel|0 fnt
|faint|p2a: Tentacruel
|
|c|★Volbeatdown|,,,
|c|★Volbeatdown|zzz
|c|★Volbeatdown|wasnt obv at all
|c|★meowiekins|lol
|
|switch|p2a: Aggron|Aggron-Mega, M|344\/344
|-damage|p2a: Aggron|323\/344|[from] Stealth Rock
|turn|21
|
|move|p1a: Beedrill|U-turn|p2a: Aggron
|-resisted|p2a: Aggron
|-damage|p2a: Aggron|279\/344
|
|switch|p1a: Swampert|Swampert, F|363\/404
|move|p2a: Aggron|Roar|p1a: Swampert
|drag|p1a: Crobat|Crobat, M|374\/374
|
|turn|22
|
|move|p1a: Crobat|U-turn|p2a: Aggron
|-crit|p2a: Aggron
|-resisted|p2a: Aggron
|-damage|p2a: Aggron|263\/344
|
|switch|p1a: Swampert|Swampert, F|363\/404
|move|p2a: Aggron|Heavy Slam|p1a: Swampert
|-resisted|p1a: Swampert
|-damage|p1a: Swampert|306\/404
|
|-heal|p1a: Swampert|331\/404|[from] item: Leftovers
|turn|23
|
|move|p1a: Swampert|Scald|p2a: Aggron
|-damage|p2a: Aggron|187\/344
|-status|p2a: Aggron|brn
|move|p2a: Aggron|Stealth Rock|p1a: Swampert
|-sidestart|p1: Volbeatdown|move: Stealth Rock
|
|-heal|p1a: Swampert|356\/404|[from] item: Leftovers
|-damage|p2a: Aggron|144\/344 brn|[from] brn
|turn|24
|
|move|p1a: Swampert|Earthquake|p2a: Aggron
|-supereffective|p2a: Aggron
|-damage|p2a: Aggron|66\/344 brn
|move|p2a: Aggron|Heavy Slam|p1a: Swampert
|-resisted|p1a: Swampert
|-damage|p1a: Swampert|323\/404
|
|-heal|p1a: Swampert|348\/404|[from] item: Leftovers
|-damage|p2a: Aggron|23\/344 brn|[from] brn
|turn|25
|
|move|p1a: Swampert|Earthquake|p2a: Aggron
|-supereffective|p2a: Aggron
|-damage|p2a: Aggron|0 fnt
|faint|p2a: Aggron
|
|-heal|p1a: Swampert|373\/404|[from] item: Leftovers
|
|switch|p2a: Crobat|Crobat, F|7\/374 brn
|-damage|p2a: Crobat|0 fnt|[from] Stealth Rock
|faint|p2a: Crobat
|
|switch|p2a: Shedinja|Shedinja|1\/1
|-damage|p2a: Shedinja|0 fnt|[from] Stealth Rock
|faint|p2a: Shedinja
|
|switch|p2a: Florges|Florges, F|360\/360
|-damage|p2a: Florges|315\/360|[from] Stealth Rock
|turn|26
|
|switch|p1a: Beedrill|Beedrill-Mega, F|272\/272
|-damage|p1a: Beedrill|204\/272|[from] Stealth Rock
|move|p2a: Florges|Moonblast|p1a: Beedrill
|-resisted|p1a: Beedrill
|-damage|p1a: Beedrill|132\/272
|
|-heal|p2a: Florges|337\/360|[from] item: Leftovers
|turn|27
|
|move|p1a: Beedrill|Poison Jab|p2a: Florges
|-supereffective|p2a: Florges
|-damage|p2a: Florges|0 fnt
|faint|p2a: Florges
|
|c|★meowiekins|you saw through my play
|c|★meowiekins|lol
|
|switch|p2a: Snorlax|Snorlax, M|348\/497
|-damage|p2a: Snorlax|286\/497|[from] Stealth Rock
|turn|28
|c|★Volbeatdown|gg flen
|
|move|p1a: Beedrill|Poison Jab|p2a: Snorlax
|-damage|p2a: Snorlax|48\/497
|move|p2a: Snorlax|Curse|p2a: Snorlax
|-boost|p2a: Snorlax|atk|1
|-boost|p2a: Snorlax|def|1
|-unboost|p2a: Snorlax|spe|1
|
|-heal|p2a: Snorlax|79\/497|[from] item: Leftovers
|turn|29
|c|★meowiekins|oof
|c|★meowiekins|rip
|c|★meowiekins|gg
|
|move|p1a: Beedrill|Poison Jab|p2a: Snorlax
|-damage|p2a: Snorlax|0 fnt
|faint|p2a: Snorlax
|
|win|Volbeatdown
|c|★Volbeatdown|riperoni
|c|★meowiekins|okay
|c|★meowiekins|how do
|c|★meowiekins|deal with pert
|c|★meowiekins|without rekting team
|c|★Volbeatdown|run giga drain xatu > crobat
|c|★Volbeatdown|imo
|c|★meowiekins|ya
|c|★meowiekins|i was thinking that
|c|★meowiekins|tbh
|c|★meowiekins|just akes me weaker to fighting tpes