|join|serperiordamvp
|join|Meowiekins
|player|p1|serperiordamvp|169
|player|p2|Meowiekins|160
|gametype|singles
|gen|6
|tier|UU
|rule|Sleep Clause Mod: Limit one foe put to sleep
|rule|Species Clause: Limit one of each Pokémon
|rule|OHKO Clause: OHKO moves are banned
|rule|Moody Clause: Moody is banned
|rule|Evasion Moves Clause: Evasion moves are banned
|rule|Endless Battle Clause: Forcing endless battles is banned
|rule|HP Percentage Mod: HP is shown in percentages
|clearpoke
|poke|p1|Gorebyss, F
|poke|p1|Swampert, M
|poke|p1|Cloyster, M
|poke|p1|Accelgor, M
|poke|p1|Poliwrath, F
|poke|p1|Tornadus, M
|poke|p2|Medicham, F
|poke|p2|Rhyperior, F
|poke|p2|Reuniclus, M
|poke|p2|Suicune
|poke|p2|Mienshao, F
|poke|p2|Crobat, M
|rule|Swagger Clause: Swagger is banned
|rule|Baton Pass Clause: Limit one Pokémon knowing Baton Pass
|teampreview
|c|★serperiordamvp|hi
|c|★Meowiekins|hi
|join|A Fungus
|
|start
|switch|p1a: NASCAR|Accelgor, M|364\/364
|switch|p2a: Medicham|Medicham, F|261\/261
|turn|1
|join|Snowballin
|
|detailschange|p2a: Medicham|Medicham-Mega, F
|-mega|p2a: Medicham|Medicham|Medichamite
|move|p2a: Medicham|Fake Out|p1a: NASCAR
|-damage|p1a: NASCAR|189\/364
|cant|p1a: NASCAR|flinch
|
|turn|2
|join|DMT
|c|+DMT|ban medicham
|
|move|p1a: NASCAR|Rain Dance|p1a: NASCAR
|-weather|RainDance
|move|p2a: Medicham|Zen Headbutt|p1a: NASCAR
|-damage|p1a: NASCAR|0 fnt
|faint|p1a: NASCAR
|
|-weather|RainDance|[upkeep]
|join|Emma Bae ♥
|
|switch|p1a: Twistah|Tornadus, M|361\/361
|turn|3
|
|switch|p2a: Rhyperior|Rhyperior, F|433\/433
|move|p1a: Twistah|Hurricane|p2a: Rhyperior
|-resisted|p2a: Rhyperior
|-damage|p2a: Rhyperior|344\/433
|-start|p2a: Rhyperior|confusion
|
|-weather|RainDance|[upkeep]
|-heal|p2a: Rhyperior|371\/433|[from] item: Leftovers
|turn|4
|join|Colbrushie
|
|switch|p2a: Crobat|Crobat, M|361\/361
|move|p1a: Twistah|Grass Knot|p2a: Crobat
|-resisted|p2a: Crobat
|-damage|p2a: Crobat|337\/361
|
|-weather|RainDance|[upkeep]
|-heal|p2a: Crobat|359\/361|[from] item: Leftovers
|turn|5
|leave|Colbrushie
|
|move|p1a: Twistah|Taunt|p2a: Crobat
|-start|p2a: Crobat|move: Taunt
|move|p2a: Crobat|Acrobatics|p1a: Twistah
|-damage|p1a: Twistah|261\/361
|
|-weather|RainDance|[upkeep]
|-heal|p2a: Crobat|361\/361|[from] item: Leftovers
|turn|6
|
|move|p2a: Crobat|Acrobatics|p1a: Twistah
|-damage|p1a: Twistah|165\/361
|move|p1a: Twistah|Hurricane|p2a: Crobat
|-damage|p2a: Crobat|174\/361
|-start|p2a: Crobat|confusion
|
|-weather|RainDance|[upkeep]
|-heal|p2a: Crobat|196\/361|[from] item: Leftovers
|turn|7
|
|-activate|p2a: Crobat|confusion
|-damage|p2a: Crobat|160\/361|[from] confusion
|move|p1a: Twistah|Hurricane|p2a: Crobat
|-damage|p2a: Crobat|0 fnt
|faint|p2a: Crobat
|
|-weather|RainDance|[upkeep]
|
|switch|p2a: Reuniclus|Reuniclus, M|424\/424
|turn|8
|
|switch|p1a: Shelley|Cloyster, M|241\/241
|move|p2a: Reuniclus|Thunder Wave|p1a: Shelley
|-status|p1a: Shelley|par
|
|-weather|RainDance|[upkeep]
|turn|9
|
|move|p2a: Reuniclus|Shadow Ball|p1a: Shelley
|-damage|p1a: Shelley|75\/241 par
|-unboost|p1a: Shelley|spd|1
|cant|p1a: Shelley|par
|
|-weather|none
|turn|10
|c|★serperiordamvp|fml
|
|move|p2a: Reuniclus|Shadow Ball|p1a: Shelley
|-damage|p1a: Shelley|0 fnt
|faint|p1a: Shelley
|
|
|switch|p1a: Twistah|Tornadus, M|165\/361
|turn|11
|
|move|p1a: Twistah|Rain Dance|p1a: Twistah
|-weather|RainDance
|move|p2a: Reuniclus|Psyshock|p1a: Twistah
|-crit|p1a: Twistah
|-damage|p1a: Twistah|0 fnt
|faint|p1a: Twistah
|
|-weather|RainDance|[upkeep]
|leave|A Fungus
|
|switch|p1a: Gorepiss|Gorebyss, F|251\/251
|turn|12
|
|move|p1a: Gorepiss|Shell Smash|p1a: Gorepiss
|-boost|p1a: Gorepiss|atk|2
|-boost|p1a: Gorepiss|spa|2
|-boost|p1a: Gorepiss|spe|2
|-unboost|p1a: Gorepiss|def|1
|-unboost|p1a: Gorepiss|spd|1
|-enditem|p1a: Gorepiss|White Herb
|-restoreboost|p1a: Gorepiss|[silent]
|move|p2a: Reuniclus|Thunder Wave|p1a: Gorepiss
|-status|p1a: Gorepiss|par
|
|-weather|RainDance|[upkeep]
|turn|13
|
|move|p1a: Gorepiss|Baton Pass|p1a: Gorepiss
|
|switch|p1a: Get Wet|Swampert, M|341\/341
|move|p2a: Reuniclus|Psyshock|p1a: Get Wet
|-damage|p1a: Get Wet|215\/341
|
|-weather|RainDance|[upkeep]
|turn|14
|join|Pink Nightmares
|c| Emma Bae ♥|meowt
|c| Emma Bae ♥|we're using acrobatics+leftovers
|
|detailschange|p1a: Get Wet|Swampert-Mega, M
|-mega|p1a: Get Wet|Swampert|Swampertite
|move|p1a: Get Wet|Waterfall|p2a: Reuniclus
|-damage|p2a: Reuniclus|0 fnt
|faint|p2a: Reuniclus
|
|-weather|RainDance|[upkeep]
|c| Emma Bae ♥|cause we're good at pokemon
|c|★Meowiekins|lmao
|c|★serperiordamvp|lol
|
|switch|p2a: Medicham|Medicham-Mega, F|261\/261
|turn|15
|
|move|p2a: Medicham|Fake Out|p1a: Get Wet
|-damage|p1a: Get Wet|142\/341
|cant|p1a: Get Wet|flinch
|
|-weather|RainDance|[upkeep]
|turn|16
|
|switch|p2a: Suicune|Suicune|368\/368
|-ability|p2a: Suicune|Pressure
|move|p1a: Get Wet|Waterfall|p2a: Suicune
|-crit|p2a: Suicune
|-resisted|p2a: Suicune
|-damage|p2a: Suicune|32\/368
|
|-weather|RainDance|[upkeep]
|-heal|p2a: Suicune|55\/368|[from] item: Leftovers
|turn|17
|
|move|p1a: Get Wet|Earthquake|p2a: Suicune
|-damage|p2a: Suicune|0 fnt
|faint|p2a: Suicune
|
|-weather|RainDance|[upkeep]
|
|switch|p2a: Medicham|Medicham-Mega, F|261\/261
|turn|18
|join|Exemption
|
|move|p2a: Medicham|Fake Out|p1a: Get Wet
|-crit|p1a: Get Wet
|-damage|p1a: Get Wet|25\/341
|cant|p1a: Get Wet|flinch
|
|-weather|none
|turn|19
|
|switch|p2a: Rhyperior|Rhyperior, F|371\/433
|move|p1a: Get Wet|Waterfall|p2a: Rhyperior
|-supereffective|p2a: Rhyperior
|-damage|p2a: Rhyperior|0 fnt
|faint|p2a: Rhyperior
|
|
|switch|p2a: Medicham|Medicham-Mega, F|261\/261
|turn|20
|
|move|p2a: Medicham|Fake Out|p1a: Get Wet
|-damage|p1a: Get Wet|0 fnt
|faint|p1a: Get Wet
|
|
|switch|p1a: Gorepiss|Gorebyss, F|251\/251 par
|turn|21
|c| Emma Bae ♥|lol
|
|move|p2a: Medicham|High Jump Kick|p1a: Gorepiss
|-crit|p1a: Gorepiss
|-damage|p1a: Gorepiss|0 fnt
|faint|p1a: Gorepiss
|
|
|switch|p1a: Second Amendment|Poliwrath, F|322\/322
|turn|22
|leave|Pink Nightmares
|
|move|p2a: Medicham|Zen Headbutt|p1a: Second Amendment
|-supereffective|p1a: Second Amendment
|-damage|p1a: Second Amendment|0 fnt
|faint|p1a: Second Amendment
|
|win|Meowiekins
|c|★Meowiekins|gg
|leave|serperiordamvp
|player|p1
|leave|Snowballin
|leave|Meowiekins
|player|p2
|leave|Exemption