|join|BIGGSTEELIX
|join|specs smallpox
|player|p1|BIGGSTEELIX|161
|player|p2|specs smallpox|29
|gametype|singles
|gen|6
|tier|OU
|rated
|clearpoke
|poke|p1|Talonflame, M
|poke|p1|Latias, F
|poke|p1|Mamoswine, F
|poke|p1|Pinsir, F
|poke|p1|Bisharp, M
|poke|p1|Magnezone
|poke|p2|Ferrothorn, F
|poke|p2|Tyranitar, M
|poke|p2|Landorus, M
|poke|p2|Excadrill, M
|poke|p2|Azumarill, F
|poke|p2|Lopunny, F
|rule|Swagger Clause: Swagger is banned
|rule|Baton Pass Clause: Limit one Pokémon knowing Baton Pass
|rule|Sleep Clause Mod: Limit one foe put to sleep
|rule|Species Clause: Limit one of each Pokémon
|rule|OHKO Clause: OHKO moves are banned
|rule|Moody Clause: Moody is banned
|rule|Evasion Moves Clause: Evasion moves are banned
|rule|Endless Battle Clause: Forcing endless battles is banned
|rule|HP Percentage Mod: HP is shown in percentages
|teampreview
|
|start
|switch|p1a: STEELIX=DIX|Talonflame, M|297\/297
|switch|p2a: Lopunny|Lopunny, F|272\/272
|turn|1
|
|detailschange|p2a: Lopunny|Lopunny-Mega, F
|-mega|p2a: Lopunny|Lopunny|Lopunnite
|move|p2a: Lopunny|Fake Out|p1a: STEELIX=DIX
|-damage|p1a: STEELIX=DIX|201\/297
|cant|p1a: STEELIX=DIX|flinch
|
|turn|2
|
|switch|p1a: STEELIX=DIX|Mamoswine, F|362\/362
|move|p2a: Lopunny|High Jump Kick|p1a: STEELIX=DIX
|-supereffective|p1a: STEELIX=DIX
|-enditem|p1a: STEELIX=DIX|Focus Sash
|-damage|p1a: STEELIX=DIX|1\/362
|
|turn|3
|c|★BIGGSTEELIX|wtf
|
|move|p1a: STEELIX=DIX|Ice Shard|p2a: Lopunny
|-damage|p2a: Lopunny|200\/272
|move|p2a: Lopunny|Return|p1a: STEELIX=DIX
|-damage|p1a: STEELIX=DIX|0 fnt
|faint|p1a: STEELIX=DIX
|
|
|switch|p1a: STEELIX=DIX|Pinsir, F|271\/271
|turn|4
|
|switch|p2a: Tyranitar|Tyranitar, M|403\/403
|-weather|Sandstorm
|detailschange|p1a: STEELIX=DIX|Pinsir-Mega, F
|-mega|p1a: STEELIX=DIX|Pinsir|Pinsirite
|move|p1a: STEELIX=DIX|Quick Attack|p2a: Tyranitar
|-resisted|p2a: Tyranitar
|-damage|p2a: Tyranitar|353\/403
|
|-weather|Sandstorm|[upkeep]
|-damage|p1a: STEELIX=DIX|255\/271|[from] sandstorm
|turn|5
|
|switch|p2a: Azumarill|Azumarill, F|401\/401
|move|p1a: STEELIX=DIX|Close Combat|p2a: Azumarill
|-resisted|p2a: Azumarill
|-damage|p2a: Azumarill|305\/401
|-unboost|p1a: STEELIX=DIX|def|1
|-unboost|p1a: STEELIX=DIX|spd|1
|
|-weather|Sandstorm|[upkeep]
|-damage|p1a: STEELIX=DIX|239\/271|[from] sandstorm
|-damage|p2a: Azumarill|280\/401|[from] sandstorm
|turn|6
|
|move|p2a: Azumarill|Aqua Jet|p1a: STEELIX=DIX
|-damage|p1a: STEELIX=DIX|128\/271
|move|p1a: STEELIX=DIX|Frustration|p2a: Azumarill
|-damage|p2a: Azumarill|0 fnt
|faint|p2a: Azumarill
|
|-weather|Sandstorm|[upkeep]
|-damage|p1a: STEELIX=DIX|112\/271|[from] sandstorm
|join|RustyEspur
|
|switch|p2a: Excadrill|Excadrill, M|361\/361
|turn|7
|c|★BIGGSTEELIX|look the first
|c|★BIGGSTEELIX|turn
|c|★BIGGSTEELIX|lol
|c|★specs smallpox|fkn donked
|c|★BIGGSTEELIX|i got rekt
|
|switch|p1a: STEELIX=DIX|Magnezone|282\/282
|move|p2a: Excadrill|Iron Head|p1a: STEELIX=DIX
|-resisted|p1a: STEELIX=DIX
|-damage|p1a: STEELIX=DIX|234\/282
|-damage|p2a: Excadrill|325\/361|[from] item: Life Orb
|
|-weather|Sandstorm|[upkeep]
|turn|8
|c| RustyEspur|lol
|
|switch|p1a: STEELIX=DIX|Talonflame, M|201\/297
|move|p2a: Excadrill|Earthquake|p1a: STEELIX=DIX
|-immune|p1a: STEELIX=DIX|[msg]
|
|-weather|Sandstorm|[upkeep]
|-damage|p1a: STEELIX=DIX|183\/297|[from] sandstorm
|turn|9
|
|move|p1a: STEELIX=DIX|Brave Bird|p2a: Excadrill
|-resisted|p2a: Excadrill
|-damage|p2a: Excadrill|136\/361
|-damage|p1a: STEELIX=DIX|121\/297|[from] recoil|[of] p2a: Excadrill
|move|p2a: Excadrill|Rock Slide|p1a: STEELIX=DIX
|-supereffective|p1a: STEELIX=DIX
|-damage|p1a: STEELIX=DIX|0 fnt
|-damage|p2a: Excadrill|100\/361|[from] item: Life Orb
|faint|p1a: STEELIX=DIX
|
|-weather|Sandstorm|[upkeep]
|c| RustyEspur|damn, that was really ballsy to hjk a talonflame tho
|c|★BIGGSTEELIX|yep
|c|★BIGGSTEELIX|lol
|c|★specs smallpox|knew youd predict ttar
|c|★specs smallpox|have to make plays vs sash offense
|c|★specs smallpox|should have gone to ttar just now dam
|
|switch|p1a: STEELIX=DIX|Latias, F|348\/348
|turn|10
|
|move|p2a: Excadrill|Iron Head|p1a: STEELIX=DIX
|-damage|p1a: STEELIX=DIX|121\/348
|-damage|p2a: Excadrill|64\/361|[from] item: Life Orb
|move|p1a: STEELIX=DIX|Hidden Power|p2a: Excadrill
|-supereffective|p2a: Excadrill
|-damage|p2a: Excadrill|0 fnt
|faint|p2a: Excadrill
|
|-weather|Sandstorm|[upkeep]
|-damage|p1a: STEELIX=DIX|100\/348|[from] sandstorm
|-heal|p1a: STEELIX=DIX|121\/348|[from] item: Leftovers
|
|switch|p2a: Lopunny|Lopunny-Mega, F|200\/272
|turn|11
|
|switch|p1a: STEELIX=DIX|Bisharp, M|271\/271
|move|p2a: Lopunny|Return|p1a: STEELIX=DIX
|-resisted|p1a: STEELIX=DIX
|-damage|p1a: STEELIX=DIX|176\/271
|
|-weather|none
|turn|12
|
|move|p1a: STEELIX=DIX|Sucker Punch|p2a: Lopunny
|-resisted|p2a: Lopunny
|-damage|p2a: Lopunny|113\/272
|move|p2a: Lopunny|High Jump Kick|p1a: STEELIX=DIX
|-crit|p1a: STEELIX=DIX
|-supereffective|p1a: STEELIX=DIX
|-damage|p1a: STEELIX=DIX|0 fnt
|faint|p1a: STEELIX=DIX
|
|
|switch|p1a: STEELIX=DIX|Pinsir-Mega, F|112\/271
|turn|13
|c|★BIGGSTEELIX|when i try to do ballsy plays i lose
|
|switch|p2a: Ferrothorn|Ferrothorn, F|352\/352
|move|p1a: STEELIX=DIX|Quick Attack|p2a: Ferrothorn
|-crit|p2a: Ferrothorn
|-damage|p2a: Ferrothorn|247\/352
|-damage|p1a: STEELIX=DIX|79\/271|[from] ability: Iron Barbs|[of] p2a: Ferrothorn
|
|-heal|p2a: Ferrothorn|269\/352|[from] item: Leftovers
|turn|14
|c|★BIGGSTEELIX|but i lose to ballsy plays too
|c| RustyEspur|lol
|
|switch|p1a: STEELIX=DIX|Magnezone|234\/282
|move|p2a: Ferrothorn|Gyro Ball|p1a: STEELIX=DIX
|-resisted|p1a: STEELIX=DIX
|-damage|p1a: STEELIX=DIX|198\/282
|
|-heal|p2a: Ferrothorn|291\/352|[from] item: Leftovers
|turn|15
|
|move|p2a: Ferrothorn|Protect|p2a: Ferrothorn
|-singleturn|p2a: Ferrothorn|Protect
|move|p1a: STEELIX=DIX|Hidden Power|p2a: Ferrothorn
|-activate|p2a: Ferrothorn|Protect
|
|-heal|p2a: Ferrothorn|313\/352|[from] item: Leftovers
|turn|16
|
|move|p1a: STEELIX=DIX|Hidden Power|p2a: Ferrothorn
|-supereffective|p2a: Ferrothorn
|-damage|p2a: Ferrothorn|81\/352
|move|p2a: Ferrothorn|Leech Seed|p1a: STEELIX=DIX
|-start|p1a: STEELIX=DIX|move: Leech Seed
|
|-heal|p2a: Ferrothorn|103\/352|[from] item: Leftovers
|-damage|p1a: STEELIX=DIX|163\/282|[from] Leech Seed|[of] p2a: Ferrothorn
|-heal|p2a: Ferrothorn|138\/352|[silent]
|turn|17
|
|move|p2a: Ferrothorn|Protect|p2a: Ferrothorn
|-singleturn|p2a: Ferrothorn|Protect
|move|p1a: STEELIX=DIX|Hidden Power|p2a: Ferrothorn
|-activate|p2a: Ferrothorn|Protect
|
|-heal|p2a: Ferrothorn|160\/352|[from] item: Leftovers
|-damage|p1a: STEELIX=DIX|128\/282|[from] Leech Seed|[of] p2a: Ferrothorn
|-heal|p2a: Ferrothorn|195\/352|[silent]
|turn|18
|
|move|p2a: Ferrothorn|Protect|p2a: Ferrothorn
|-fail|p2a: Ferrothorn
|move|p1a: STEELIX=DIX|Hidden Power|p2a: Ferrothorn
|-supereffective|p2a: Ferrothorn
|-damage|p2a: Ferrothorn|0 fnt
|faint|p2a: Ferrothorn
|
|
|switch|p2a: Tyranitar|Tyranitar, M|353\/403
|-weather|Sandstorm
|turn|19
|
|move|p2a: Tyranitar|Pursuit|p1a: STEELIX=DIX|[from]Pursuit
|-damage|p1a: STEELIX=DIX|14\/282
|switch|p1a: STEELIX=DIX|Latias, F|121\/348
|
|-weather|Sandstorm|[upkeep]
|-damage|p1a: STEELIX=DIX|100\/348|[from] sandstorm
|-heal|p1a: STEELIX=DIX|121\/348|[from] item: Leftovers
|turn|20
|
|move|p1a: STEELIX=DIX|Healing Wish|p1a: STEELIX=DIX
|faint|p1a: STEELIX=DIX
|move|p2a: Tyranitar|Stealth Rock|p1: STEELIX=DIX
|-sidestart|p1: BIGGSTEELIX|move: Stealth Rock
|
|-weather|Sandstorm|[upkeep]
|c| RustyEspur|lol
|c|★BIGGSTEELIX|wow
|
|switch|p1a: STEELIX=DIX|Pinsir-Mega, F|79\/271
|-heal|p1a: STEELIX=DIX|271\/271|[from] move: Healing Wish
|-damage|p1a: STEELIX=DIX|136\/271|[from] Stealth Rock
|turn|21
|c| RustyEspur|wellll u still ended up with more hp
|
|move|p1a: STEELIX=DIX|Close Combat|p2a: Tyranitar
|-crit|p2a: Tyranitar
|-supereffective|p2a: Tyranitar
|-damage|p2a: Tyranitar|0 fnt
|-unboost|p1a: STEELIX=DIX|def|1
|-unboost|p1a: STEELIX=DIX|spd|1
|faint|p2a: Tyranitar
|
|-weather|Sandstorm|[upkeep]
|-damage|p1a: STEELIX=DIX|120\/271|[from] sandstorm
|
|switch|p2a: Lopunny|Lopunny-Mega, F|113\/272
|turn|22
|
|move|p2a: Lopunny|Fake Out|p1a: STEELIX=DIX
|-damage|p1a: STEELIX=DIX|33\/271
|cant|p1a: STEELIX=DIX|flinch
|
|-weather|Sandstorm|[upkeep]
|-damage|p2a: Lopunny|96\/272|[from] sandstorm
|-damage|p1a: STEELIX=DIX|17\/271|[from] sandstorm
|turn|23
|c|★specs smallpox|close in the end doe
|
|switch|p2a: Landorus|Landorus, M|319\/319
|move|p1a: STEELIX=DIX|Quick Attack|p2a: Landorus
|-damage|p2a: Landorus|199\/319
|
|-weather|Sandstorm|[upkeep]
|-damage|p1a: STEELIX=DIX|1\/271|[from] sandstorm
|turn|24
|c|★specs smallpox|gg
|c|★BIGGSTEELIX|gg
|
|move|p1a: STEELIX=DIX|Frustration|p2a: Landorus
|-damage|p2a: Landorus|0 fnt
|faint|p2a: Landorus
|
|-weather|Sandstorm|[upkeep]
|-damage|p1a: STEELIX=DIX|0 fnt|[from] sandstorm
|faint|p1a: STEELIX=DIX
|
|switch|p2a: Lopunny|Lopunny-Mega, F|96\/272
|switch|p1a: STEELIX=DIX|Magnezone|14\/282
|-damage|p1a: STEELIX=DIX|0 fnt|[from] Stealth Rock
|faint|p1a: STEELIX=DIX
|
|win|specs smallpox
|raw|Ladder updating...
|c| RustyEspur|nooooo
|leave|BIGGSTEELIX
|raw|BIGGSTEELIX's rating: 1482 &rarr; <strong>1468<\/strong><br \/>(-14 for losing)
|raw|specs smallpox's rating: 1597 &rarr; <strong>1611<\/strong><br \/>(+14 for winning)
|player|p1
|leave|RustyEspur