|join|CleanerThanRotom-W
|join|Tng
|player|p1|CleanerThanRotom-W|226
|player|p2|Tng|168
|gametype|singles
|gen|6
|tier|OU
|clearpoke
|poke|p1|Tyranitar, M
|poke|p1|Excadrill, F
|poke|p1|Clefable, F
|poke|p1|Keldeo
|poke|p1|Latios, M
|poke|p1|Charizard, M
|poke|p2|Scizor, M
|poke|p2|Gengar, M
|poke|p2|Tyranitar, F
|poke|p2|Keldeo
|poke|p2|Landorus, M
|poke|p2|Clefable, M
|rule|Swagger Clause: Swagger is banned
|rule|Baton Pass Clause: Limit one Pokémon knowing Baton Pass
|rule|Sleep Clause Mod: Limit one foe put to sleep
|rule|Species Clause: Limit one of each Pokémon
|rule|OHKO Clause: OHKO moves are banned
|rule|Moody Clause: Moody is banned
|rule|Evasion Moves Clause: Evasion moves are banned
|rule|Endless Battle Clause: Forcing endless battles is banned
|rule|HP Percentage Mod: HP is shown in percentages
|teampreview
|join|fingerscrossed
|c|★CleanerThanRotom-W|better?
|join|Bloodz
|c|+fingerscrossed|standard
|c|★Tng|no cancer
|c|★Tng|and
|c|★Tng|no aids
|c|★Tng|so ya
|c|★Tng|looks nice n healthy
|c|★Tng|gl
|c|★CleanerThanRotom-W|gl
|c|★CleanerThanRotom-W|LOL
|c|★CleanerThanRotom-W|k
|
|start
|switch|p1a: Delta|Keldeo|329\/329
|switch|p2a: Tyranitar|Tyranitar, F|359\/359
|-weather|Sandstorm
|turn|1
|c|★Tng|nuuu
|c|★Tng|turn 1 defeated
|c|+fingerscrossed|so many switch ins
|join|craing
|
|switch|p2a: Clefable|Clefable, M|394\/394
|move|p1a: Delta|Hydro Pump|p2a: Clefable|[miss]
|-miss|p1a: Delta|p2a: Clefable
|
|-weather|Sandstorm|[upkeep]
|-damage|p1a: Delta|309\/329|[from] sandstorm
|-damage|p2a: Clefable|370\/394|[from] sandstorm
|-heal|p2a: Clefable|394\/394|[from] item: Leftovers
|turn|2
|c|★CleanerThanRotom-W|nice n dodge
|c|+fingerscrossed|click your 1 of many switch ins joo
|c| craing|nice water resist
|
|switch|p1a: Gamma|Clefable, F|393\/393
|switch|p2a: Keldeo|Keldeo|323\/323
|
|-weather|Sandstorm|[upkeep]
|-damage|p2a: Keldeo|303\/323|[from] sandstorm
|turn|3
|c|★Tng|uh
|c|+fingerscrossed|water isnt the best offensive type anyway
|c|★Tng|what does clegfable
|c|★Tng|do to clefable
|c|+fingerscrossed|cm
|c|★CleanerThanRotom-W|swagger
|c|+fingerscrossed|or rocks
|
|switch|p2a: Clefable|Clefable, M|394\/394
|move|p1a: Gamma|Stealth Rock|p2a: Clefable
|-sidestart|p2: Tng|move: Stealth Rock
|
|-weather|Sandstorm|[upkeep]
|-damage|p2a: Clefable|370\/394|[from] sandstorm
|-heal|p2a: Clefable|394\/394|[from] item: Leftovers
|turn|4
|c|+fingerscrossed|its calm mind or unaware shit joo
|
|switch|p1a: Zeta|Charizard, M|297\/297
|move|p2a: Clefable|Stealth Rock|p1a: Zeta
|-sidestart|p1: CleanerThanRotom-W|move: Stealth Rock
|
|-weather|Sandstorm|[upkeep]
|-damage|p1a: Zeta|279\/297|[from] sandstorm
|-damage|p2a: Clefable|370\/394|[from] sandstorm
|-heal|p2a: Clefable|394\/394|[from] item: Leftovers
|turn|5
|c|★Tng|thats w ww w what
|c|★Tng|i am
|c|+fingerscrossed|is his magic guard rocks
|c|★Tng|smells like zard y
|c|+fingerscrossed|im assuming that's char Y with ttar as the pursusitttttttttttttttttttttttttttttttttt
|c|★Tng|wait if i go ttar
|c|+fingerscrossed|could be wrong doe.
|c|★Tng|does it become
|c|★Tng|sunny
|c|★Tng|or sand
|c|★Tng|if hes y zard
|c|★CleanerThanRotom-W|sunny
|c|★Tng|burnn
|
|switch|p2a: Scizor|Scizor, M|343\/343
|-damage|p2a: Scizor|301\/343|[from] Stealth Rock
|detailschange|p1a: Zeta|Charizard-Mega-Y, M
|-mega|p1a: Zeta|Charizard|Charizardite Y
|-weather|SunnyDay
|move|p1a: Zeta|Focus Blast|p2a: Scizor
|-crit|p2a: Scizor
|-damage|p2a: Scizor|68\/343
|
|-weather|SunnyDay|[upkeep]
|turn|6
|c|★Tng|nuuu
|c|★Tng|thats not solarbeam
|
|switch|p2a: Gengar|Gengar, M|261\/261
|-damage|p2a: Gengar|229\/261|[from] Stealth Rock
|move|p1a: Zeta|Fire Blast|p2a: Gengar
|-damage|p2a: Gengar|0 fnt
|faint|p2a: Gengar
|
|-weather|SunnyDay|[upkeep]
|c| craing|fblast agn
|c|★Tng|he
|c|★Tng|made the play
|c| craing|o gotm
|
|switch|p2a: Tyranitar|Tyranitar, F|359\/359
|-damage|p2a: Tyranitar|315\/359|[from] Stealth Rock
|-weather|Sandstorm
|turn|7
|c|+fingerscrossed|fuckin zard still puts in work
|
|move|p2a: Tyranitar|Pursuit|p1a: Zeta|[from]Pursuit
|-crit|p1a: Zeta
|-damage|p1a: Zeta|26\/297
|switch|p1a: Beta|Excadrill, F|362\/362
|-damage|p1a: Beta|351\/362|[from] Stealth Rock
|-item|p1a: Beta|Air Balloon
|
|-weather|Sandstorm|[upkeep]
|turn|8
|c|★CleanerThanRotom-W|nuu
|c|+fingerscrossed|i love how this mon just is always usable
|
|move|p1a: Beta|Rapid Spin|p2a: Tyranitar
|-resisted|p2a: Tyranitar
|-damage|p2a: Tyranitar|304\/359
|-sideend|p1: CleanerThanRotom-W|Stealth Rock|[from] move: Rapid Spin|[of] p1a: Beta
|move|p2a: Tyranitar|Superpower|p1a: Beta
|-supereffective|p1a: Beta
|-damage|p1a: Beta|0 fnt
|-enditem|p1a: Beta|Air Balloon
|-unboost|p2a: Tyranitar|atk|1
|-unboost|p2a: Tyranitar|def|1
|faint|p1a: Beta
|
|-weather|Sandstorm|[upkeep]
|c| craing|sd drill
|c| craing|wins
|c|★Tng|plot twist
|c| craing|o
|c|+fingerscrossed|yum
|
|switch|p1a: Zeta|Charizard-Mega-Y, M|26\/297
|-weather|SunnyDay
|turn|9
|c| craing|k den
|c|★Tng|were roseli berry
|
|move|p1a: Zeta|Roost|p1a: Zeta
|-heal|p1a: Zeta|175\/297
|move|p2a: Tyranitar|Stone Edge|p1a: Zeta
|-supereffective|p1a: Zeta
|-damage|p1a: Zeta|0 fnt
|faint|p1a: Zeta
|
|-weather|SunnyDay|[upkeep]
|
|switch|p1a: Delta|Keldeo|309\/329
|turn|10
|c| craing|oi watr u doin
|c|★Tng|keldeo in sub
|c|★CleanerThanRotom-W|what do i have for vlef now
|c|★CleanerThanRotom-W|,,
|c|+fingerscrossed|lol
|c| craing|just saccin mons left n right
|c|★Tng|craing: just saccin mons left n right
|
|switch|p2a: Clefable|Clefable, M|394\/394
|-damage|p2a: Clefable|345\/394|[from] Stealth Rock
|move|p1a: Delta|Secret Sword|p2a: Clefable
|-resisted|p2a: Clefable
|-damage|p2a: Clefable|241\/394
|
|-weather|SunnyDay|[upkeep]
|-heal|p2a: Clefable|265\/394|[from] item: Leftovers
|turn|11
|c|+fingerscrossed|joo catchin pLACE
|
|switch|p1a: Alpha|Tyranitar, M|341\/341
|-weather|Sandstorm
|move|p2a: Clefable|Stealth Rock|p1a: Alpha
|-sidestart|p1: CleanerThanRotom-W|move: Stealth Rock
|
|-weather|Sandstorm|[upkeep]
|-damage|p2a: Clefable|241\/394|[from] sandstorm
|-heal|p2a: Clefable|265\/394|[from] item: Leftovers
|turn|12
|
|switch|p2a: Tyranitar|Tyranitar, F|304\/359
|-damage|p2a: Tyranitar|260\/359|[from] Stealth Rock
|move|p1a: Alpha|Stone Edge|p2a: Tyranitar
|-damage|p2a: Tyranitar|101\/359
|
|-weather|Sandstorm|[upkeep]
|turn|13
|
|move|p1a: Alpha|Stone Edge|p2a: Tyranitar
|-damage|p2a: Tyranitar|0 fnt
|faint|p2a: Tyranitar
|
|-weather|Sandstorm|[upkeep]
|c|★Tng|hax
|
|switch|p2a: Keldeo|Keldeo|303\/323
|-damage|p2a: Keldeo|283\/323|[from] Stealth Rock
|turn|14
|c|★Tng|easiest icy wind
|c|+fingerscrossed|sub here
|c|★Tng|of my life
|c|+fingerscrossed|nah just sub
|
|move|p2a: Keldeo|Hydro Pump|p1a: Alpha
|-supereffective|p1a: Alpha
|-damage|p1a: Alpha|65\/341
|move|p1a: Alpha|Stone Edge|p2a: Keldeo|[miss]
|-miss|p1a: Alpha|p2a: Keldeo
|
|-weather|Sandstorm|[upkeep]
|-damage|p2a: Keldeo|263\/323|[from] sandstorm
|turn|15
|c|+fingerscrossed|horse
|
|move|p2a: Keldeo|Hydro Pump|p1a: Alpha|[miss]
|-miss|p2a: Keldeo|p1a: Alpha
|move|p1a: Alpha|Stone Edge|p2a: Keldeo
|-resisted|p2a: Keldeo
|-damage|p2a: Keldeo|169\/323
|
|-weather|none
|turn|16
|c|★Tng|nuuu
|
|move|p2a: Keldeo|Hydro Pump|p1a: Alpha
|-supereffective|p1a: Alpha
|-damage|p1a: Alpha|0 fnt
|faint|p1a: Alpha
|
|
|switch|p1a: Epsilon|Latios, M|301\/301
|-damage|p1a: Epsilon|264\/301|[from] Stealth Rock
|turn|17
|
|switch|p2a: Scizor|Scizor, M|68\/343
|-damage|p2a: Scizor|26\/343|[from] Stealth Rock
|move|p1a: Epsilon|Psyshock|p2a: Scizor
|-resisted|p2a: Scizor
|-damage|p2a: Scizor|0 fnt
|-damage|p1a: Epsilon|234\/301|[from] item: Life Orb
|faint|p2a: Scizor
|
|c|★Tng|i think we have le plan
|
|switch|p2a: Landorus|Landorus, M|319\/319
|-damage|p2a: Landorus|280\/319|[from] Stealth Rock
|turn|18
|
|switch|p2a: Keldeo|Keldeo|169\/323
|-damage|p2a: Keldeo|149\/323|[from] Stealth Rock
|move|p1a: Epsilon|Draco Meteor|p2a: Keldeo
|-damage|p2a: Keldeo|0 fnt
|-unboost|p1a: Epsilon|spa|2
|-damage|p1a: Epsilon|204\/301|[from] item: Life Orb
|faint|p2a: Keldeo
|
|
|switch|p2a: Landorus|Landorus, M|280\/319
|-damage|p2a: Landorus|241\/319|[from] Stealth Rock
|turn|19
|c|★Tng|bang
|
|switch|p1a: Gamma|Clefable, F|393\/393
|move|p2a: Landorus|Rock Polish|p2a: Landorus
|-boost|p2a: Landorus|spe|2
|
|turn|20
|c|★Tng|dun crit me
|
|move|p2a: Landorus|Sludge Wave|p1a: Gamma
|-supereffective|p1a: Gamma
|-damage|p1a: Gamma|58\/393
|move|p1a: Gamma|Moonblast|p2a: Landorus
|-damage|p2a: Landorus|115\/319
|
|-heal|p1a: Gamma|82\/393|[from] item: Leftovers
|turn|21
|c|★Tng|ggs
|
|move|p2a: Landorus|Sludge Wave|p1a: Gamma
|-supereffective|p1a: Gamma
|-damage|p1a: Gamma|0 fnt
|faint|p1a: Gamma
|
|
|switch|p1a: Epsilon|Latios, M|204\/301
|-damage|p1a: Epsilon|167\/301|[from] Stealth Rock
|turn|22
|
|move|p2a: Landorus|Sludge Wave|p1a: Epsilon
|-damage|p1a: Epsilon|0 fnt
|faint|p1a: Epsilon
|
|c|★CleanerThanRotom-W|gg
|
|switch|p1a: Delta|Keldeo|309\/329
|-damage|p1a: Delta|289\/329|[from] Stealth Rock
|turn|23
|c|★Tng|b03
|c|★CleanerThanRotom-W|k
|
|move|p2a: Landorus|Earth Power|p1a: Delta
|-damage|p1a: Delta|7\/329
|move|p1a: Delta|Hydro Pump|p2a: Landorus|[miss]
|-miss|p1a: Delta|p2a: Landorus
|
|turn|24
|c|★CleanerThanRotom-W|LOL
|c| craing|!!!!!!!!!!!!!!!!!!
|c|★CleanerThanRotom-W|LOL
|c|★CleanerThanRotom-W|LOL
|c|★Tng|comical
|c|★Tng|is that specs
|
|move|p2a: Landorus|Earth Power|p1a: Delta
|-damage|p1a: Delta|0 fnt
|faint|p1a: Delta
|
|win|Tng
|leave|CleanerThanRotom-W
|player|p1
|leave|Tng
|player|p2
|leave|Bloodz
|leave|fingerscrossed
|leave|craing