|join|CleanerThanRotom-W
|join|Patodragon.v2
|player|p1|CleanerThanRotom-W|33
|player|p2|Patodragon.v2|265
|gametype|singles
|gen|6
|tier|OU
|rated
|clearpoke
|poke|p1|Sableye, M
|poke|p1|Chansey, F
|poke|p1|Cresselia, F
|poke|p1|Gothitelle, M
|poke|p1|Skarmory, M
|poke|p1|Quagsire, F
|poke|p2|Lopunny, M
|poke|p2|Skarmory, M
|poke|p2|Breloom, F
|poke|p2|Azumarill, F
|poke|p2|Bisharp, M
|poke|p2|Gengar, F
|rule|Swagger Clause: Swagger is banned
|rule|Baton Pass Clause: Limit one Pokémon knowing Baton Pass
|rule|Sleep Clause Mod: Limit one foe put to sleep
|rule|Species Clause: Limit one of each Pokémon
|rule|OHKO Clause: OHKO moves are banned
|rule|Moody Clause: Moody is banned
|rule|Evasion Moves Clause: Evasion moves are banned
|rule|Endless Battle Clause: Forcing endless battles is banned
|rule|HP Percentage Mod: HP is shown in percentages
|teampreview
|
|start
|switch|p1a: Sableye|Sableye, M|303\/303
|switch|p2a: Lopunny|Lopunny, M|271\/271
|turn|1
|
|detailschange|p2a: Lopunny|Lopunny-Mega, M
|-mega|p2a: Lopunny|Lopunny|Lopunnite
|detailschange|p1a: Sableye|Sableye-Mega, M
|-mega|p1a: Sableye|Sableye|Sablenite
|move|p1a: Sableye|Will-O-Wisp|p2a: Lopunny
|-status|p2a: Lopunny|brn
|move|p2a: Lopunny|High Jump Kick|p1a: Sableye
|-supereffective|p1a: Sableye
|-damage|p1a: Sableye|111\/303
|
|-damage|p2a: Lopunny|238\/271 brn|[from] brn
|turn|2
|join|Uronym
|
|switch|p2a: Skarmory|Skarmory, M|271\/271
|switch|p1a: Skarmory|Skarmory, M|334\/334
|
|turn|3
|
|switch|p1a: Chansey|Chansey, F|703\/703
|move|p2a: Skarmory|Taunt|p1a: Chansey
|-start|p1a: Chansey|move: Taunt
|
|turn|4
|
|switch|p1a: Sableye|Sableye-Mega, M|111\/303
|move|p2a: Skarmory|Brave Bird|p1a: Sableye
|-damage|p1a: Sableye|0 fnt
|-damage|p2a: Skarmory|234\/271|[from] recoil|[of] p1a: Sableye
|faint|p1a: Sableye
|
|
|switch|p1a: Gothitelle|Gothitelle, M|301\/301
|turn|5
|
|move|p1a: Gothitelle|Trick|p2a: Skarmory
|-activate|p1a: Gothitelle|move: Trick|[of] p2a: Skarmory
|-item|p2a: Skarmory|Choice Scarf|[from] move: Trick
|-item|p1a: Gothitelle|Salac Berry|[from] move: Trick
|move|p2a: Skarmory|Stealth Rock|p1a: Gothitelle
|-sidestart|p1: CleanerThanRotom-W|move: Stealth Rock
|
|turn|6
|
|move|p2a: Skarmory|Stealth Rock|p1a: Gothitelle
|-fail|p1a: Gothitelle
|move|p1a: Gothitelle|Calm Mind|p1a: Gothitelle
|-boost|p1a: Gothitelle|spa|1
|-boost|p1a: Gothitelle|spd|1
|
|turn|7
|c|★Patodragon.v2|:(
|
|move|p2a: Skarmory|Stealth Rock|p1a: Gothitelle
|-fail|p1a: Gothitelle
|move|p1a: Gothitelle|Calm Mind|p1a: Gothitelle
|-boost|p1a: Gothitelle|spa|1
|-boost|p1a: Gothitelle|spd|1
|
|turn|8
|
|move|p2a: Skarmory|Stealth Rock|p1a: Gothitelle
|-fail|p1a: Gothitelle
|move|p1a: Gothitelle|Calm Mind|p1a: Gothitelle
|-boost|p1a: Gothitelle|spa|1
|-boost|p1a: Gothitelle|spd|1
|
|turn|9
|
|move|p2a: Skarmory|Stealth Rock|p1a: Gothitelle
|-fail|p1a: Gothitelle
|move|p1a: Gothitelle|Calm Mind|p1a: Gothitelle
|-boost|p1a: Gothitelle|spa|1
|-boost|p1a: Gothitelle|spd|1
|
|turn|10
|
|move|p2a: Skarmory|Stealth Rock|p1a: Gothitelle
|-fail|p1a: Gothitelle
|move|p1a: Gothitelle|Calm Mind|p1a: Gothitelle
|-boost|p1a: Gothitelle|spa|1
|-boost|p1a: Gothitelle|spd|1
|
|turn|11
|
|move|p2a: Skarmory|Stealth Rock|p1a: Gothitelle
|-fail|p1a: Gothitelle
|move|p1a: Gothitelle|Calm Mind|p1a: Gothitelle
|-boost|p1a: Gothitelle|spa|1
|-boost|p1a: Gothitelle|spd|1
|
|turn|12
|
|move|p2a: Skarmory|Stealth Rock|p1a: Gothitelle
|-fail|p1a: Gothitelle
|move|p1a: Gothitelle|Trick|p2a: Skarmory
|-activate|p1a: Gothitelle|move: Trick|[of] p2a: Skarmory
|-item|p2a: Skarmory|Salac Berry|[from] move: Trick
|-item|p1a: Gothitelle|Choice Scarf|[from] move: Trick
|
|turn|13
|
|move|p1a: Gothitelle|Psychic|p2a: Skarmory
|-resisted|p2a: Skarmory
|-damage|p2a: Skarmory|0 fnt
|faint|p2a: Skarmory
|
|
|switch|p2a: Bisharp|Bisharp, M|289\/289
|turn|14
|
|switch|p1a: Skarmory|Skarmory, M|334\/334
|-damage|p1a: Skarmory|293\/334|[from] Stealth Rock
|move|p2a: Bisharp|Swords Dance|p2a: Bisharp
|-boost|p2a: Bisharp|atk|2
|
|turn|15
|join|Albyness
|
|move|p2a: Bisharp|Knock Off|p1a: Skarmory
|-damage|p1a: Skarmory|28\/334
|-enditem|p1a: Skarmory|Shed Shell|[from] move: Knock Off|[of] p2a: Bisharp
|-damage|p2a: Bisharp|261\/289|[from] item: Life Orb
|move|p1a: Skarmory|Defog|p2a: Bisharp
|-unboost|p2a: Bisharp|evasion|1
|-boost|p2a: Bisharp|atk|2|[from] ability: Defiant
|-sideend|p1: CleanerThanRotom-W|Stealth Rock|[from] move: Defog|[of] p1a: Skarmory
|
|turn|16
|
|switch|p1a: Quagsire|Quagsire, F|393\/393
|move|p2a: Bisharp|Knock Off|p1a: Quagsire
|-damage|p1a: Quagsire|194\/393
|-enditem|p1a: Quagsire|Leftovers|[from] move: Knock Off|[of] p2a: Bisharp
|-damage|p2a: Bisharp|233\/289|[from] item: Life Orb
|
|turn|17
|join|thepack
|
|switch|p2a: Breloom|Breloom, F|261\/261
|move|p1a: Quagsire|Recover|p1a: Quagsire
|-heal|p1a: Quagsire|391\/393
|
|turn|18
|
|switch|p1a: Skarmory|Skarmory, M|28\/334
|move|p2a: Breloom|Spore|p1a: Skarmory
|-status|p1a: Skarmory|slp
|
|turn|19
|
|switch|p1a: Cresselia|Cresselia, F|444\/444
|move|p2a: Breloom|Rock Tomb|p1a: Cresselia
|-damage|p1a: Cresselia|361\/444
|-unboost|p1a: Cresselia|spe|1
|
|-heal|p1a: Cresselia|388\/444|[from] item: Leftovers
|turn|20
|
|move|p2a: Breloom|Bullet Seed|p1a: Cresselia
|-damage|p1a: Cresselia|333\/444
|-damage|p1a: Cresselia|276\/444
|-hitcount|p1a: Cresselia|2
|move|p1a: Cresselia|Psyshock|p2a: Breloom
|-supereffective|p2a: Breloom
|-damage|p2a: Breloom|67\/261
|
|-heal|p1a: Cresselia|303\/444|[from] item: Leftovers
|turn|21
|
|switch|p2a: Bisharp|Bisharp, M|233\/289
|move|p1a: Cresselia|Moonlight|p1a: Cresselia
|-heal|p1a: Cresselia|444\/444
|
|turn|22
|
|switch|p2a: Breloom|Breloom, F|67\/261
|switch|p1a: Quagsire|Quagsire, F|391\/393
|
|turn|23
|
|switch|p1a: Gothitelle|Gothitelle, M|301\/301
|move|p2a: Breloom|Bullet Seed|p1a: Gothitelle
|-damage|p1a: Gothitelle|231\/301
|-damage|p1a: Gothitelle|159\/301
|-hitcount|p1a: Gothitelle|2
|
|turn|24
|
|move|p2a: Breloom|Mach Punch|p1a: Gothitelle
|-resisted|p1a: Gothitelle
|-damage|p1a: Gothitelle|99\/301
|move|p1a: Gothitelle|Psychic|p2a: Breloom
|-supereffective|p2a: Breloom
|-damage|p2a: Breloom|0 fnt
|faint|p2a: Breloom
|
|leave|Albyness
|
|switch|p2a: Bisharp|Bisharp, M|233\/289
|turn|25
|
|switch|p1a: Quagsire|Quagsire, F|391\/393
|move|p2a: Bisharp|Iron Head|p1a: Quagsire
|-resisted|p1a: Quagsire
|-damage|p1a: Quagsire|308\/393
|-damage|p2a: Bisharp|205\/289|[from] item: Life Orb
|
|turn|26
|
|move|p2a: Bisharp|Sucker Punch|p1a: Quagsire
|-crit|p1a: Quagsire
|-damage|p1a: Quagsire|78\/393
|-damage|p2a: Bisharp|177\/289|[from] item: Life Orb
|move|p1a: Quagsire|Scald|p2a: Bisharp
|-damage|p2a: Bisharp|87\/289
|
|turn|27
|
|move|p2a: Bisharp|Iron Head|p1a: Quagsire
|-resisted|p1a: Quagsire
|-damage|p1a: Quagsire|5\/393
|-damage|p2a: Bisharp|59\/289|[from] item: Life Orb
|cant|p1a: Quagsire|flinch
|
|turn|28
|c|★Patodragon.v2|thank fuck
|
|move|p2a: Bisharp|Iron Head|p1a: Quagsire
|-resisted|p1a: Quagsire
|-damage|p1a: Quagsire|0 fnt
|-damage|p2a: Bisharp|31\/289|[from] item: Life Orb
|faint|p1a: Quagsire
|
|
|switch|p1a: Skarmory|Skarmory, M|28\/334 slp
|turn|29
|
|move|p2a: Bisharp|Knock Off|p1a: Skarmory
|-damage|p1a: Skarmory|0 fnt
|-damage|p2a: Bisharp|3\/289|[from] item: Life Orb
|faint|p1a: Skarmory
|
|
|switch|p1a: Gothitelle|Gothitelle, M|99\/301
|turn|30
|
|move|p2a: Bisharp|Sucker Punch|p1a: Gothitelle
|-supereffective|p1a: Gothitelle
|-damage|p1a: Gothitelle|0 fnt
|-damage|p2a: Bisharp|0 fnt|[from] item: Life Orb
|faint|p1a: Gothitelle
|faint|p2a: Bisharp
|
|
|switch|p2a: Gengar|Gengar, F|261\/261
|switch|p1a: Cresselia|Cresselia, F|444\/444
|turn|31
|
|move|p2a: Gengar|Taunt|p1a: Cresselia
|-start|p1a: Cresselia|move: Taunt
|move|p1a: Cresselia|Psyshock|p2a: Gengar
|-supereffective|p2a: Gengar
|-damage|p2a: Gengar|19\/261
|
|turn|32
|
|switch|p1a: Chansey|Chansey, F|703\/703
|move|p2a: Gengar|Shadow Ball|p1a: Chansey
|-immune|p1a: Chansey|[msg]
|
|turn|33
|
|move|p2a: Gengar|Taunt|p1a: Chansey
|-start|p1a: Chansey|move: Taunt
|cant|p1a: Chansey|move: Taunt|Stealth Rock
|
|turn|34
|
|switch|p1a: Cresselia|Cresselia, F|444\/444
|move|p2a: Gengar|Sludge Wave|p1a: Cresselia
|-damage|p1a: Cresselia|310\/444
|-damage|p2a: Gengar|0 fnt|[from] item: Life Orb
|faint|p2a: Gengar
|
|-heal|p1a: Cresselia|337\/444|[from] item: Leftovers
|
|switch|p2a: Azumarill|Azumarill, F|358\/358
|turn|35
|
|move|p1a: Cresselia|Skill Swap|p2a: Azumarill
|-activate|p1a: Cresselia|move: Skill Swap|Huge Power|Levitate|[of] p2a: Azumarill
|move|p2a: Azumarill|Belly Drum|p2a: Azumarill
|-damage|p2a: Azumarill|179\/358
|-setboost|p2a: Azumarill|atk|6|[from] move: Belly Drum
|-enditem|p2a: Azumarill|Sitrus Berry|[eat]
|-heal|p2a: Azumarill|268\/358|[from] item: Sitrus Berry
|
|-heal|p1a: Cresselia|364\/444|[from] item: Leftovers
|turn|36
|c|★CleanerThanRotom-W|ofc
|
|move|p1a: Cresselia|Toxic|p2a: Azumarill
|-status|p2a: Azumarill|tox
|move|p2a: Azumarill|Knock Off|p1a: Cresselia
|-supereffective|p1a: Cresselia
|-damage|p1a: Cresselia|0 fnt
|-enditem|p1a: Cresselia|Leftovers|[from] move: Knock Off|[of] p2a: Azumarill
|faint|p1a: Cresselia
|
|-damage|p2a: Azumarill|246\/358 tox|[from] psn
|
|switch|p1a: Chansey|Chansey, F|703\/703
|turn|37
|c|★Patodragon.v2|so fast
|c|★CleanerThanRotom-W|the one time i need my wuagsire
|c|★Patodragon.v2|:(
|c|★Patodragon.v2|lol
|c|★CleanerThanRotom-W|and its my no1 game too
|c|★Patodragon.v2|quagsire and sableye dick on my team
|c|★Patodragon.v2|for no1?
|c|★CleanerThanRotom-W|yep
|c|★Patodragon.v2|ouch
|c|★Patodragon.v2|sorry
|c|★Patodragon.v2|you haven't lost yet
|c|★Patodragon.v2|lopunny's burnt
|
|move|p2a: Azumarill|Knock Off|p1a: Chansey
|-damage|p1a: Chansey|339\/703
|-enditem|p1a: Chansey|Eviolite|[from] move: Knock Off|[of] p2a: Azumarill
|move|p1a: Chansey|Seismic Toss|p2a: Azumarill
|-damage|p2a: Azumarill|146\/358 tox
|
|-damage|p2a: Azumarill|102\/358 tox|[from] psn
|turn|38
|leave|Uronym
|
|move|p2a: Azumarill|Play Rough|p1a: Chansey
|-damage|p1a: Chansey|0 fnt
|faint|p1a: Chansey
|
|win|Patodragon.v2
|raw|Ladder updating...
|raw|CleanerThanRotom-W's rating: 1865 &rarr; <strong>1834<\/strong><br \/>(-31 for losing)
|raw|Patodragon.v2's rating: 1653 &rarr; <strong>1684<\/strong><br \/>(+31 for winning)
|leave|CleanerThanRotom-W
|player|p1
|c|★Patodragon.v2|gg
|leave|thepack