|join|Jon Bovi
|join|Osc
|player|p1|Jon Bovi|240
|player|p2|Osc|80
|gametype|singles
|gen|6
|tier|OU
|rated
|clearpoke
|poke|p1|Donphan, M
|poke|p1|Venusaur, M
|poke|p1|Talonflame, M
|poke|p1|Vaporeon, M
|poke|p1|Heatran, F
|poke|p1|Hydreigon, M
|poke|p2|Landorus, M
|poke|p2|Celebi
|poke|p2|Aegislash, M
|poke|p2|Heatran, F
|poke|p2|Garchomp, F
|poke|p2|Greninja, F
|rule|Swagger Clause: Swagger is banned
|rule|Baton Pass Clause: Limit one Pokémon knowing Baton Pass
|rule|Sleep Clause Mod: Limit one foe put to sleep
|rule|Species Clause: Limit one of each Pokémon
|rule|OHKO Clause: OHKO moves are banned
|rule|Moody Clause: Moody is banned
|rule|Evasion Moves Clause: Evasion moves are banned
|rule|Endless Battle Clause: Forcing endless battles is banned
|rule|HP Percentage Mod: HP is reported as percentages
|teampreview
|chat|Jon Bovi|Gl hf
|chat|Jon Bovi|again lol
|chat|Osc|lol
|
|start
|switch|p1a: Red of Boses|Venusaur, M|363\/363
|switch|p2a: Greninja|Greninja, F|286\/286
|turn|1
|
|detailschange|p1a: Red of Boses|Venusaur-Mega, M
|message|Venusaur has Mega Evolved into Mega Venusaur!
|move|p2a: Greninja|Extrasensory|p1a: Red of Boses
|-start|p2a: Greninja|typechange|Psychic|[from] Protean
|-supereffective|p1a: Red of Boses
|-damage|p1a: Red of Boses|95\/363
|-damage|p2a: Greninja|258\/286|[from] item: Life Orb
|move|p1a: Red of Boses|Synthesis|p1a: Red of Boses
|-heal|p1a: Red of Boses|276\/363
|
|turn|2
|
|switch|p1a: It's Ly Mife|Vaporeon, M|464\/464
|move|p2a: Greninja|Extrasensory|p1a: It's Ly Mife
|-damage|p1a: It's Ly Mife|300\/464
|-damage|p2a: Greninja|230\/286|[from] item: Life Orb
|
|-heal|p1a: It's Ly Mife|329\/464|[from] item: Leftovers
|turn|3
|
|switch|p2a: Celebi|Celebi|366\/366
|move|p1a: It's Ly Mife|Wish|p1a: It's Ly Mife
|
|-heal|p1a: It's Ly Mife|358\/464|[from] item: Leftovers
|turn|4
|
|switch|p1a: Red of Boses|Venusaur-Mega, M|276\/363
|move|p2a: Celebi|Calm Mind|p2a: Celebi
|-boost|p2a: Celebi|spa|1
|-boost|p2a: Celebi|spd|1
|
|-heal|p1a: Red of Boses|363\/363|[from] move: Wish|[wisher] It's Ly Mife
|turn|5
|
|move|p2a: Celebi|Psychic|p1a: Red of Boses
|-supereffective|p1a: Red of Boses
|-damage|p1a: Red of Boses|37\/363
|move|p1a: Red of Boses|Sludge Bomb|p2a: Celebi
|-supereffective|p2a: Celebi
|-damage|p2a: Celebi|232\/366
|-status|p2a: Celebi|psn
|
|-heal|p2a: Celebi|254\/366 psn|[from] item: Leftovers
|-damage|p2a: Celebi|209\/366 psn|[from] psn
|turn|6
|
|switch|p2a: Heatran|Heatran, F|349\/349
|move|p1a: Red of Boses|Sludge Bomb|p2a: Heatran
|-immune|p2a: Heatran|[msg]
|
|turn|7
|
|move|p1a: Red of Boses|Synthesis|p1a: Red of Boses
|-heal|p1a: Red of Boses|218\/363
|move|p2a: Heatran|Will-O-Wisp|p1a: Red of Boses|[miss]
|-miss|p2a: Heatran|p1a: Red of Boses
|
|turn|8
|
|move|p1a: Red of Boses|Sleep Powder|p2a: Heatran
|-status|p2a: Heatran|slp
|cant|p2a: Heatran|slp
|
|turn|9
|
|switch|p2a: Aegislash|Aegislash, M|324\/324
|move|p1a: Red of Boses|Synthesis|p1a: Red of Boses
|-heal|p1a: Red of Boses|363\/363
|
|turn|10
|
|switch|p1a: Mad Bedecine|Heatran, F|386\/386
|-formechange|p2a: Aegislash|Aegislash-Blade
|move|p2a: Aegislash|Shadow Ball|p1a: Mad Bedecine
|-damage|p1a: Mad Bedecine|286\/386
|
|-heal|p1a: Mad Bedecine|310\/386|[from] item: Leftovers
|turn|11
|
|switch|p2a: Garchomp|Garchomp, F|358\/358
|move|p1a: Mad Bedecine|Stealth Rock|p2a: Garchomp
|-sidestart|p2: Osc|move: Stealth Rock
|
|-heal|p1a: Mad Bedecine|334\/386|[from] item: Leftovers
|turn|12
|
|switch|p1a: Pivin on a Lrayer|Donphan, M|384\/384
|move|p2a: Garchomp|Stealth Rock|p1a: Pivin on a Lrayer
|-sidestart|p1: Jon Bovi|move: Stealth Rock
|
|turn|13
|
|switch|p2a: Greninja|Greninja, F|230\/286
|-damage|p2a: Greninja|195\/286|[from] Stealth Rock
|move|p1a: Pivin on a Lrayer|Earthquake|p2a: Greninja
|-damage|p2a: Greninja|0 fnt
|faint|p2a: Greninja
|
|
|switch|p2a: Celebi|Celebi|209\/366
|-damage|p2a: Celebi|164\/366|[from] Stealth Rock
|turn|14
|
|move|p2a: Celebi|Giga Drain|p1a: Pivin on a Lrayer
|-supereffective|p1a: Pivin on a Lrayer
|-damage|p1a: Pivin on a Lrayer|82\/384
|-heal|p2a: Celebi|315\/366|[from] drain|[of] p1a: Pivin on a Lrayer
|move|p1a: Pivin on a Lrayer|Rapid Spin|p2a: Celebi
|-damage|p2a: Celebi|289\/366
|-sideend|p1: Jon Bovi|Stealth Rock|[from] move: Rapid Spin|[of] p1a: Pivin on a Lrayer
|
|-heal|p2a: Celebi|311\/366|[from] item: Leftovers
|-heal|p1a: Pivin on a Lrayer|106\/384|[from] item: Leftovers
|turn|15
|
|switch|p1a: Host Lighway|Hydreigon, M|325\/325
|move|p2a: Celebi|Calm Mind|p2a: Celebi
|-boost|p2a: Celebi|spa|1
|-boost|p2a: Celebi|spd|1
|
|-heal|p2a: Celebi|333\/366|[from] item: Leftovers
|turn|16
|
|move|p1a: Host Lighway|U-turn|p2a: Celebi
|-supereffective|p2a: Celebi
|-damage|p2a: Celebi|137\/366
|
|switch|p1a: Glaze of Blory|Talonflame, M|309\/309
|move|p2a: Celebi|Giga Drain|p1a: Glaze of Blory
|-resisted|p1a: Glaze of Blory
|-damage|p1a: Glaze of Blory|255\/309
|-heal|p2a: Celebi|164\/366|[from] drain|[of] p1a: Glaze of Blory
|
|-heal|p2a: Celebi|186\/366|[from] item: Leftovers
|turn|17
|
|switch|p2a: Heatran|Heatran, F|349\/349 slp
|-damage|p2a: Heatran|306\/349 slp|[from] Stealth Rock
|move|p1a: Glaze of Blory|U-turn|p2a: Heatran
|-resisted|p2a: Heatran
|-damage|p2a: Heatran|281\/349 slp
|
|switch|p1a: Pivin on a Lrayer|Donphan, M|106\/384
|
|-heal|p2a: Heatran|302\/349 slp|[from] item: Leftovers
|-heal|p1a: Pivin on a Lrayer|130\/384|[from] item: Leftovers
|turn|18
|
|switch|p2a: Landorus|Landorus, M|320\/320
|-damage|p2a: Landorus|280\/320|[from] Stealth Rock
|move|p1a: Pivin on a Lrayer|Earthquake|p2a: Landorus
|-immune|p2a: Landorus|[msg]
|
|-heal|p1a: Pivin on a Lrayer|154\/384|[from] item: Leftovers
|turn|19
|
|switch|p1a: Host Lighway|Hydreigon, M|325\/325
|move|p2a: Landorus|Earth Power|p1a: Host Lighway
|-immune|p1a: Host Lighway|[msg]
|
|turn|20
|
|switch|p2a: Aegislash|Aegislash, M|324\/324
|-damage|p2a: Aegislash|304\/324|[from] Stealth Rock
|move|p1a: Host Lighway|Draco Meteor|p2a: Aegislash|[miss]
|-miss|p1a: Host Lighway|p2a: Aegislash
|
|-heal|p2a: Aegislash|324\/324|[from] item: Leftovers
|turn|21
|
|switch|p1a: Mad Bedecine|Heatran, F|334\/386
|-formechange|p2a: Aegislash|Aegislash-Blade
|move|p2a: Aegislash|Sacred Sword|p1a: Mad Bedecine
|-supereffective|p1a: Mad Bedecine
|-damage|p1a: Mad Bedecine|134\/386
|
|-heal|p1a: Mad Bedecine|158\/386|[from] item: Leftovers
|turn|22
|
|switch|p2a: Garchomp|Garchomp, F|358\/358
|-damage|p2a: Garchomp|336\/358|[from] Stealth Rock
|move|p1a: Mad Bedecine|Taunt|p2a: Garchomp
|-start|p2a: Garchomp|move: Taunt
|
|-heal|p1a: Mad Bedecine|182\/386|[from] item: Leftovers
|turn|23
|
|switch|p1a: Red of Boses|Venusaur-Mega, M|363\/363
|move|p2a: Garchomp|Earthquake|p1a: Red of Boses
|-damage|p1a: Red of Boses|207\/363
|-damage|p2a: Garchomp|301\/358|[from] item: Life Orb
|
|turn|24
|
|switch|p1a: Host Lighway|Hydreigon, M|325\/325
|move|p2a: Garchomp|Outrage|p1a: Host Lighway
|-supereffective|p1a: Host Lighway
|-damage|p1a: Host Lighway|0 fnt
|-damage|p2a: Garchomp|266\/358|[from] item: Life Orb
|faint|p1a: Host Lighway
|
|
|switch|p1a: It's Ly Mife|Vaporeon, M|358\/464
|turn|25
|
|move|p1a: It's Ly Mife|Protect|p1a: It's Ly Mife
|-singleturn|p1a: It's Ly Mife|Protect
|move|p2a: Garchomp|Outrage|p1a: It's Ly Mife
|-activate|p1a: It's Ly Mife|Protect
|
|-end|p2a: Garchomp|rampage
|-start|p2a: Garchomp|confusion
|-heal|p1a: It's Ly Mife|387\/464|[from] item: Leftovers
|-end|p2a: Garchomp|move: Taunt
|turn|26
|
|switch|p2a: Celebi|Celebi|186\/366
|-damage|p2a: Celebi|141\/366|[from] Stealth Rock
|move|p1a: It's Ly Mife|Wish|p1a: It's Ly Mife
|
|-heal|p2a: Celebi|163\/366|[from] item: Leftovers
|-heal|p1a: It's Ly Mife|416\/464|[from] item: Leftovers
|turn|27
|
|switch|p1a: Glaze of Blory|Talonflame, M|255\/309
|move|p2a: Celebi|Earth Power|p1a: Glaze of Blory
|-immune|p1a: Glaze of Blory|[msg]
|
|-heal|p1a: Glaze of Blory|309\/309|[from] move: Wish|[wisher] It's Ly Mife
|-heal|p2a: Celebi|185\/366|[from] item: Leftovers
|turn|28
|
|switch|p2a: Aegislash|Aegislash, M|324\/324
|-damage|p2a: Aegislash|304\/324|[from] Stealth Rock
|move|p1a: Glaze of Blory|U-turn|p2a: Aegislash
|-resisted|p2a: Aegislash
|-damage|p2a: Aegislash|286\/324
|
|switch|p1a: Mad Bedecine|Heatran, F|182\/386
|
|-heal|p1a: Mad Bedecine|206\/386|[from] item: Leftovers
|-heal|p2a: Aegislash|306\/324|[from] item: Leftovers
|turn|29
|
|switch|p1a: It's Ly Mife|Vaporeon, M|416\/464
|-formechange|p2a: Aegislash|Aegislash-Blade
|move|p2a: Aegislash|Sacred Sword|p1a: It's Ly Mife
|-damage|p1a: It's Ly Mife|309\/464
|
|-heal|p1a: It's Ly Mife|338\/464|[from] item: Leftovers
|-heal|p2a: Aegislash|324\/324|[from] item: Leftovers
|turn|30
|
|switch|p2a: Celebi|Celebi|185\/366
|-damage|p2a: Celebi|140\/366|[from] Stealth Rock
|move|p1a: It's Ly Mife|Wish|p1a: It's Ly Mife
|
|-heal|p2a: Celebi|162\/366|[from] item: Leftovers
|-heal|p1a: It's Ly Mife|367\/464|[from] item: Leftovers
|turn|31
|
|switch|p1a: Glaze of Blory|Talonflame, M|309\/309
|move|p2a: Celebi|Earth Power|p1a: Glaze of Blory
|-immune|p1a: Glaze of Blory|[msg]
|
|-heal|p2a: Celebi|184\/366|[from] item: Leftovers
|turn|32
|
|switch|p2a: Heatran|Heatran, F|302\/349 slp
|-damage|p2a: Heatran|259\/349 slp|[from] Stealth Rock
|move|p1a: Glaze of Blory|U-turn|p2a: Heatran
|-resisted|p2a: Heatran
|-damage|p2a: Heatran|235\/349 slp
|
|switch|p1a: Pivin on a Lrayer|Donphan, M|154\/384
|
|-heal|p2a: Heatran|256\/349 slp|[from] item: Leftovers
|-heal|p1a: Pivin on a Lrayer|178\/384|[from] item: Leftovers
|turn|33
|
|switch|p2a: Landorus|Landorus, M|280\/320
|-damage|p2a: Landorus|240\/320|[from] Stealth Rock
|move|p1a: Pivin on a Lrayer|Stone Edge|p2a: Landorus
|-damage|p2a: Landorus|102\/320
|
|-heal|p1a: Pivin on a Lrayer|202\/384|[from] item: Leftovers
|turn|34
|
|move|p1a: Pivin on a Lrayer|Ice Shard|p2a: Landorus
|-supereffective|p2a: Landorus
|-damage|p2a: Landorus|0 fnt
|faint|p2a: Landorus
|
|-heal|p1a: Pivin on a Lrayer|226\/384|[from] item: Leftovers
|
|switch|p2a: Celebi|Celebi|184\/366
|-damage|p2a: Celebi|139\/366|[from] Stealth Rock
|turn|35
|
|switch|p1a: Glaze of Blory|Talonflame, M|309\/309
|move|p2a: Celebi|Giga Drain|p1a: Glaze of Blory
|-resisted|p1a: Glaze of Blory
|-damage|p1a: Glaze of Blory|272\/309
|-heal|p2a: Celebi|158\/366|[from] drain|[of] p1a: Glaze of Blory
|
|-heal|p2a: Celebi|180\/366|[from] item: Leftovers
|turn|36
|-message|Osc forfeited.
|
|win|Jon Bovi
|raw|Ladder updating...
|leave|Osc
|player|p2
|raw|Jon Bovi's rating: 1831 &rarr; <strong>1848<\/strong><br \/>(+17 for winning)
|raw|Osc's rating: 1772 &rarr; <strong>1755<\/strong><br \/>(-17 for losing)
|chat|Jon Bovi|My 400th victory :)