|join|sea of clouds
|join|Jon Bovi
|player|p1|sea of clouds|126
|player|p2|Jon Bovi|240
|gametype|singles
|gen|6
|tier|OU
|rated
|clearpoke
|poke|p1|Breloom, M
|poke|p1|Mawile, M
|poke|p1|Thundurus, M
|poke|p1|Garchomp, F
|poke|p1|Aegislash, F
|poke|p1|Greninja, F
|poke|p2|Donphan, M
|poke|p2|Venusaur, M
|poke|p2|Aegislash, M
|poke|p2|Keldeo-Resolute
|poke|p2|Heatran, F
|poke|p2|Tornadus-Therian, M
|rule|Swagger Clause: Swagger is banned
|rule|Baton Pass Clause: Limit one Pokémon knowing Baton Pass
|rule|Sleep Clause Mod: Limit one foe put to sleep
|rule|Species Clause: Limit one of each Pokémon
|rule|OHKO Clause: OHKO moves are banned
|rule|Moody Clause: Moody is banned
|rule|Evasion Moves Clause: Evasion moves are banned
|rule|Endless Battle Clause: Forcing endless battles is banned
|rule|HP Percentage Mod: HP is reported as percentages
|teampreview
|
|start
|switch|p1a: Garchomp|Garchomp, F|357\/357
|switch|p2a: Donphan|Donphan, M|384\/384
|turn|1
|chat|Jon Bovi|Gl hf
|
|move|p1a: Garchomp|Earthquake|p2a: Donphan
|-damage|p2a: Donphan|180\/384
|-damage|p1a: Garchomp|322\/357|[from] item: Life Orb
|move|p2a: Donphan|Earthquake|p1a: Garchomp
|-damage|p1a: Garchomp|144\/357
|
|-heal|p2a: Donphan|204\/384|[from] item: Leftovers
|turn|2
|chat|sea of clouds|u2
|
|move|p2a: Donphan|Ice Shard|p1a: Garchomp
|-crit|p1a: Garchomp
|-supereffective|p1a: Garchomp
|-damage|p1a: Garchomp|0 fnt
|faint|p1a: Garchomp
|
|-heal|p2a: Donphan|228\/384|[from] item: Leftovers
|
|switch|p1a: Greninja|Greninja, F|286\/286
|turn|3
|
|switch|p2a: Aegislash|Aegislash, M|282\/282
|move|p1a: Greninja|Hydro Pump|p2a: Aegislash
|-start|p1a: Greninja|typechange|Water|[from] Protean
|-damage|p2a: Aegislash|134\/282
|-damage|p1a: Greninja|258\/286|[from] item: Life Orb
|
|-heal|p2a: Aegislash|151\/282|[from] item: Leftovers
|turn|4
|
|switch|p1a: Aegislash|Aegislash, F|261\/261
|move|p2a: Aegislash|King's Shield|p2a: Aegislash
|-fail|p2a: Aegislash
|
|-heal|p2a: Aegislash|168\/282|[from] item: Leftovers
|turn|5
|
|move|p2a: Aegislash|King's Shield|p2a: Aegislash
|-singleturn|p2a: Aegislash|Protect
|-formechange|p1a: Aegislash|Aegislash-Blade
|move|p1a: Aegislash|Shadow Ball|p2a: Aegislash
|-activate|p2a: Aegislash|Protect
|
|-heal|p2a: Aegislash|185\/282|[from] item: Leftovers
|turn|6
|
|switch|p2a: Heatran|Heatran, F|385\/385
|move|p1a: Aegislash|Shadow Ball|p2a: Heatran
|-damage|p2a: Heatran|239\/385
|-damage|p1a: Aegislash|235\/261|[from] item: Life Orb
|
|-heal|p2a: Heatran|263\/385|[from] item: Leftovers
|turn|7
|
|switch|p2a: Tornadus-Therian|Tornadus-Therian, M|332\/332
|move|p1a: Aegislash|Sacred Sword|p2a: Tornadus-Therian
|-resisted|p2a: Tornadus-Therian
|-damage|p2a: Tornadus-Therian|249\/332
|-damage|p1a: Aegislash|209\/261|[from] item: Life Orb
|
|turn|8
|
|switch|p1a: Mawile|Mawile, M|262\/262
|-ability|p1a: Mawile|Intimidate|[of] p2a: Tornadus-Therian
|-unboost|p2a: Tornadus-Therian|atk|1
|move|p2a: Tornadus-Therian|Knock Off|p1a: Mawile
|-resisted|p1a: Mawile
|-damage|p1a: Mawile|245\/262
|
|turn|9
|
|switch|p2a: Aegislash|Aegislash, M|185\/282
|switch|p1a: Greninja|Greninja, F|258\/286
|
|-heal|p2a: Aegislash|202\/282|[from] item: Leftovers
|turn|10
|
|switch|p1a: Aegislash|Aegislash, F|209\/261
|-formechange|p2a: Aegislash|Aegislash-Blade
|move|p2a: Aegislash|Iron Head|p1a: Aegislash
|-resisted|p1a: Aegislash
|-damage|p1a: Aegislash|158\/261
|
|-heal|p2a: Aegislash|219\/282|[from] item: Leftovers
|turn|11
|
|-formechange|p2a: Aegislash|Aegislash
|move|p2a: Aegislash|King's Shield|p2a: Aegislash
|-singleturn|p2a: Aegislash|Protect
|-formechange|p1a: Aegislash|Aegislash-Blade
|move|p1a: Aegislash|Shadow Ball|p2a: Aegislash
|-activate|p2a: Aegislash|Protect
|
|-heal|p2a: Aegislash|236\/282|[from] item: Leftovers
|turn|12
|
|switch|p2a: Tornadus-Therian|Tornadus-Therian, M|332\/332
|move|p1a: Aegislash|Shadow Ball|p2a: Tornadus-Therian
|-damage|p2a: Tornadus-Therian|172\/332
|-damage|p1a: Aegislash|132\/261|[from] item: Life Orb
|
|turn|13
|
|switch|p1a: Thundurus|Thundurus, M|300\/300
|move|p2a: Tornadus-Therian|U-turn|p1a: Thundurus
|-resisted|p1a: Thundurus
|-damage|p1a: Thundurus|269\/300
|
|switch|p2a: Aegislash|Aegislash, M|236\/282
|
|-heal|p2a: Aegislash|253\/282|[from] item: Leftovers
|turn|14
|chat|Jon Bovi|Donu know if aegislash got banned?
|chat|Jon Bovi|do u*
|
|move|p1a: Thundurus|Thunderbolt|p2a: Aegislash
|-damage|p2a: Aegislash|115\/282
|-damage|p1a: Thundurus|239\/300|[from] item: Life Orb
|-formechange|p2a: Aegislash|Aegislash-Blade
|move|p2a: Aegislash|Shadow Ball|p1a: Thundurus
|-damage|p1a: Thundurus|65\/300
|
|-heal|p2a: Aegislash|132\/282|[from] item: Leftovers
|turn|15
|chat|sea of clouds|it hasnt let 
|chat|sea of clouds|but it proberly will be
|
|move|p1a: Thundurus|Thunder Wave|p2a: Aegislash
|-status|p2a: Aegislash|par
|move|p2a: Aegislash|Shadow Sneak|p1a: Thundurus
|-damage|p1a: Thundurus|0 fnt
|faint|p1a: Thundurus
|
|-heal|p2a: Aegislash|149\/282 par|[from] item: Leftovers
|chat|Jon Bovi|Hope not
|
|switch|p1a: Aegislash|Aegislash, F|132\/261
|turn|16
|
|switch|p2a: Tornadus-Therian|Tornadus-Therian, M|282\/332
|-formechange|p1a: Aegislash|Aegislash-Blade
|move|p1a: Aegislash|Shadow Ball|p2a: Tornadus-Therian
|-damage|p2a: Tornadus-Therian|130\/332
|-damage|p1a: Aegislash|106\/261|[from] item: Life Orb
|
|turn|17
|
|move|p1a: Aegislash|Shadow Sneak|p2a: Tornadus-Therian
|-damage|p2a: Tornadus-Therian|27\/332
|-damage|p1a: Aegislash|80\/261|[from] item: Life Orb
|move|p2a: Tornadus-Therian|Knock Off|p1a: Aegislash
|-supereffective|p1a: Aegislash
|-damage|p1a: Aegislash|0 fnt
|-enditem|p1a: Aegislash|Life Orb|[from] move: Knock Off|[of] p2a: Tornadus-Therian
|faint|p1a: Aegislash
|
|
|switch|p1a: Mawile|Mawile, M|245\/262
|-ability|p1a: Mawile|Intimidate|[of] p2a: Tornadus-Therian
|-unboost|p2a: Tornadus-Therian|atk|1
|turn|18
|
|detailschange|p1a: Mawile|Mawile-Mega, M
|message|Mawile has Mega Evolved into Mega Mawile!
|move|p2a: Tornadus-Therian|Focus Blast|p1a: Mawile
|-damage|p1a: Mawile|124\/262
|move|p1a: Mawile|Swords Dance|p1a: Mawile
|-boost|p1a: Mawile|atk|2
|
|turn|19
|
|move|p1a: Mawile|Sucker Punch|p2a: Tornadus-Therian
|-damage|p2a: Tornadus-Therian|0 fnt
|faint|p2a: Tornadus-Therian
|
|
|switch|p2a: Keldeo-Resolute|Keldeo-Resolute|322\/322
|turn|20
|
|move|p1a: Mawile|Sucker Punch|p2a: Keldeo-Resolute
|-resisted|p2a: Keldeo-Resolute
|-damage|p2a: Keldeo-Resolute|140\/322
|-boost|p2a: Keldeo-Resolute|atk|1|[from] ability: Justified
|move|p2a: Keldeo-Resolute|Secret Sword|p1a: Mawile
|-damage|p1a: Mawile|0 fnt
|faint|p1a: Mawile
|
|
|switch|p1a: Breloom|Breloom, M|262\/262
|turn|21
|
|move|p2a: Keldeo-Resolute|Secret Sword|p1a: Breloom
|-enditem|p1a: Breloom|Focus Sash
|-damage|p1a: Breloom|1\/262
|move|p1a: Breloom|Bullet Seed|p2a: Keldeo-Resolute
|-supereffective|p2a: Keldeo-Resolute
|-damage|p2a: Keldeo-Resolute|6\/322
|-supereffective|p2a: Keldeo-Resolute
|-damage|p2a: Keldeo-Resolute|0 fnt
|-hitcount|p2a: Keldeo-Resolute|2
|faint|p2a: Keldeo-Resolute
|
|
|switch|p2a: Aegislash|Aegislash, M|149\/282 par
|turn|22
|
|-formechange|p2a: Aegislash|Aegislash-Blade
|move|p2a: Aegislash|Shadow Sneak|p1a: Breloom
|-damage|p1a: Breloom|0 fnt
|faint|p1a: Breloom
|
|-heal|p2a: Aegislash|166\/282 par|[from] item: Leftovers
|
|switch|p1a: Greninja|Greninja, F|258\/286
|turn|23
|
|switch|p2a: Heatran|Heatran, F|263\/385
|move|p1a: Greninja|Hydro Pump|p2a: Heatran
|-start|p1a: Greninja|typechange|Water|[from] Protean
|-supereffective|p2a: Heatran
|-damage|p2a: Heatran|0 fnt
|-damage|p1a: Greninja|230\/286|[from] item: Life Orb
|faint|p2a: Heatran
|
|
|switch|p2a: Venusaur|Venusaur, M|363\/363
|turn|24
|
|detailschange|p2a: Venusaur|Venusaur-Mega, M
|message|Venusaur has Mega Evolved into Mega Venusaur!
|move|p1a: Greninja|Extrasensory|p2a: Venusaur
|-start|p1a: Greninja|typechange|Psychic|[from] Protean
|-supereffective|p2a: Venusaur
|-damage|p2a: Venusaur|95\/363
|-damage|p1a: Greninja|202\/286|[from] item: Life Orb
|move|p2a: Venusaur|Sludge Bomb|p1a: Greninja
|-damage|p1a: Greninja|18\/286
|
|turn|25
|
|switch|p2a: Aegislash|Aegislash, M|166\/282 par
|move|p1a: Greninja|Extrasensory|p2a: Aegislash
|-resisted|p2a: Aegislash
|-damage|p2a: Aegislash|111\/282 par
|-damage|p1a: Greninja|0 fnt|[from] item: Life Orb
|faint|p1a: Greninja
|
|win|Jon Bovi
|raw|Ladder updating...
|raw|sea of clouds's rating: 1872 &rarr; <strong>1851<\/strong><br \/>(-21 for losing)
|raw|Jon Bovi's rating: 1854 &rarr; <strong>1875<\/strong><br \/>(+21 for winning)
|leave|sea of clouds
|player|p1