|join|Jon Bovi
|join|Magicblade
|player|p1|Jon Bovi|240
|player|p2|Magicblade|151
|gametype|singles
|gen|6
|tier|OU
|rated
|clearpoke
|poke|p1|Donphan, M
|poke|p1|Charizard, M
|poke|p1|Bisharp, M
|poke|p1|Keldeo
|poke|p1|Venusaur, M
|poke|p1|Clefable, F
|poke|p2|Landorus-Therian, M
|poke|p2|Zapdos
|poke|p2|Meloetta
|poke|p2|Charizard, M
|poke|p2|Bisharp, M
|poke|p2|Breloom, M
|rule|Swagger Clause: Swagger is banned
|rule|Baton Pass Clause: Limit one Pokémon knowing Baton Pass
|rule|Sleep Clause Mod: Limit one foe put to sleep
|rule|Species Clause: Limit one of each Pokémon
|rule|OHKO Clause: OHKO moves are banned
|rule|Moody Clause: Moody is banned
|rule|Evasion Moves Clause: Evasion moves are banned
|rule|Endless Battle Clause: Forcing endless battles is banned
|rule|HP Percentage Mod: HP is shown in percentages
|teampreview
|join|fuqgliscore
|c|★Jon Bovi|Gl hf
|c|★Magicblade|gl hf
|
|start
|switch|p1a: Charizard|Charizard, M|297\/297
|switch|p2a: Sage|Charizard, M|360\/360
|turn|1
|
|detailschange|p1a: Charizard|Charizard-Mega-Y, M
|message|Charizard has Mega Evolved into Mega Charizard!
|-weather|SunnyDay
|detailschange|p2a: Sage|Charizard-Mega-Y, M
|message|Charizard has Mega Evolved into Mega Charizard!
|move|p1a: Charizard|Fire Blast|p2a: Sage
|-resisted|p2a: Sage
|-damage|p2a: Sage|198\/360
|move|p2a: Sage|Flamethrower|p1a: Charizard
|-resisted|p1a: Charizard
|-damage|p1a: Charizard|183\/297
|
|-weather|SunnyDay|[upkeep]
|turn|2
|
|move|p2a: Sage|Roost|p2a: Sage
|-heal|p2a: Sage|360\/360
|move|p1a: Charizard|Roost|p1a: Charizard
|-heal|p1a: Charizard|297\/297
|
|-weather|SunnyDay|[upkeep]
|turn|3
|
|move|p1a: Charizard|Fire Blast|p2a: Sage
|-resisted|p2a: Sage
|-damage|p2a: Sage|203\/360
|move|p2a: Sage|Flamethrower|p1a: Charizard
|-resisted|p1a: Charizard
|-damage|p1a: Charizard|193\/297
|
|-weather|SunnyDay|[upkeep]
|turn|4
|
|move|p1a: Charizard|Fire Blast|p2a: Sage
|-resisted|p2a: Sage
|-damage|p2a: Sage|39\/360
|move|p2a: Sage|Roost|p2a: Sage
|-heal|p2a: Sage|219\/360
|
|-weather|SunnyDay|[upkeep]
|turn|5
|
|move|p2a: Sage|Roost|p2a: Sage
|-heal|p2a: Sage|360\/360
|move|p1a: Charizard|Roost|p1a: Charizard
|-heal|p1a: Charizard|297\/297
|
|-weather|none
|turn|6
|c|★Jon Bovi|Nothing happend lol
|
|switch|p1a: Clefable|Clefable, F|391\/391
|move|p2a: Sage|Flamethrower|p1a: Clefable
|-damage|p1a: Clefable|237\/391
|
|-heal|p1a: Clefable|261\/391|[from] item: Leftovers
|turn|7
|
|switch|p2a: Bishop|Bisharp, M|272\/272
|move|p1a: Clefable|Soft-Boiled|p1a: Clefable
|-heal|p1a: Clefable|391\/391
|
|turn|8
|
|switch|p1a: Keldeo|Keldeo|323\/323
|move|p2a: Bishop|Knock Off|p1a: Keldeo
|-resisted|p1a: Keldeo
|-damage|p1a: Keldeo|206\/323
|-boost|p1a: Keldeo|atk|1|[from] ability: Justified
|-enditem|p1a: Keldeo|Life Orb|[from] move: Knock Off|[of] p2a: Bishop
|-damage|p2a: Bishop|245\/272|[from] item: Life Orb
|
|turn|9
|
|switch|p2a: Raikiri|Zapdos|384\/384
|-ability|p2a: Raikiri|Pressure
|move|p1a: Keldeo|Hydro Pump|p2a: Raikiri
|-damage|p2a: Raikiri|212\/384
|
|-heal|p2a: Raikiri|236\/384|[from] item: Leftovers
|turn|10
|
|switch|p1a: Venusaur|Venusaur, M|319\/319
|move|p2a: Raikiri|Roost|p2a: Raikiri
|-heal|p2a: Raikiri|384\/384
|
|turn|11
|
|move|p1a: Venusaur|Sludge Bomb|p2a: Raikiri
|-damage|p2a: Raikiri|264\/384
|move|p2a: Raikiri|Heat Wave|p1a: Venusaur
|-supereffective|p1a: Venusaur
|-damage|p1a: Venusaur|139\/319
|
|-heal|p1a: Venusaur|158\/319|[from] item: Black Sludge
|-heal|p2a: Raikiri|288\/384|[from] item: Leftovers
|turn|12
|
|move|p1a: Venusaur|Synthesis|p1a: Venusaur
|-heal|p1a: Venusaur|317\/319
|move|p2a: Raikiri|Heat Wave|p1a: Venusaur
|-supereffective|p1a: Venusaur
|-damage|p1a: Venusaur|143\/319
|
|-heal|p1a: Venusaur|162\/319|[from] item: Black Sludge
|-heal|p2a: Raikiri|312\/384|[from] item: Leftovers
|turn|13
|
|switch|p1a: Clefable|Clefable, F|391\/391
|move|p2a: Raikiri|Heat Wave|p1a: Clefable
|-damage|p1a: Clefable|303\/391
|
|-heal|p2a: Raikiri|336\/384|[from] item: Leftovers
|-heal|p1a: Clefable|327\/391|[from] item: Leftovers
|turn|14
|
|switch|p2a: Sage|Charizard-Mega-Y, M|360\/360
|-weather|SunnyDay
|move|p1a: Clefable|Stealth Rock|p2a: Sage
|-sidestart|p2: Magicblade|move: Stealth Rock
|
|-weather|SunnyDay|[upkeep]
|-heal|p1a: Clefable|351\/391|[from] item: Leftovers
|turn|15
|
|switch|p1a: Charizard|Charizard-Mega-Y, M|297\/297
|move|p2a: Sage|Flamethrower|p1a: Charizard
|-resisted|p1a: Charizard
|-damage|p1a: Charizard|189\/297
|
|-weather|SunnyDay|[upkeep]
|turn|16
|
|move|p1a: Charizard|Roost|p1a: Charizard
|-heal|p1a: Charizard|297\/297
|move|p2a: Sage|Flamethrower|p1a: Charizard
|-resisted|p1a: Charizard
|-damage|p1a: Charizard|193\/297
|
|-weather|SunnyDay|[upkeep]
|turn|17
|
|move|p2a: Sage|Roost|p2a: Sage
|-fail|p2a: Sage
|move|p1a: Charizard|Roost|p1a: Charizard
|-heal|p1a: Charizard|297\/297
|
|-weather|SunnyDay|[upkeep]
|turn|18
|
|move|p2a: Sage|Flamethrower|p1a: Charizard
|-resisted|p1a: Charizard
|-damage|p1a: Charizard|201\/297
|move|p1a: Charizard|Solar Beam|p2a: Sage|[still]
|-prepare|p1a: Charizard|Solar Beam|p2a: Sage
|-anim|p1a: Charizard|Solar Beam|p2a: Sage
|-resisted|p2a: Sage
|-damage|p2a: Sage|325\/360
|
|-weather|none
|turn|19
|
|move|p2a: Sage|Roost|p2a: Sage
|-heal|p2a: Sage|360\/360
|move|p1a: Charizard|Fire Blast|p2a: Sage
|-resisted|p2a: Sage
|-damage|p2a: Sage|259\/360
|
|turn|20
|leave|fuqgliscore
|
|move|p1a: Charizard|Roost|p1a: Charizard
|-heal|p1a: Charizard|297\/297
|move|p2a: Sage|Roost|p2a: Sage
|-heal|p2a: Sage|360\/360
|
|turn|21
|
|move|p1a: Charizard|Focus Blast|p2a: Sage
|-resisted|p2a: Sage
|-damage|p2a: Sage|291\/360
|-unboost|p2a: Sage|spd|1
|move|p2a: Sage|Flamethrower|p1a: Charizard
|-resisted|p1a: Charizard
|-damage|p1a: Charizard|230\/297
|
|turn|22
|
|move|p2a: Sage|Will-O-Wisp|p1a: Charizard
|-fail|p1a: Charizard
|move|p1a: Charizard|Fire Blast|p2a: Sage
|-resisted|p2a: Sage
|-damage|p2a: Sage|127\/360
|
|turn|23
|
|move|p2a: Sage|Roost|p2a: Sage
|-heal|p2a: Sage|307\/360
|move|p1a: Charizard|Fire Blast|p2a: Sage|[miss]
|-miss|p1a: Charizard|p2a: Sage
|
|turn|24
|
|move|p2a: Sage|Roost|p2a: Sage
|-heal|p2a: Sage|360\/360
|move|p1a: Charizard|Roost|p1a: Charizard
|-heal|p1a: Charizard|297\/297
|
|turn|25
|
|switch|p1a: Keldeo|Keldeo|206\/323
|move|p2a: Sage|Roost|p2a: Sage
|-fail|p2a: Sage
|
|turn|26
|
|switch|p2a: Calamity|Meloetta|404\/404
|-damage|p2a: Calamity|354\/404|[from] Stealth Rock
|move|p1a: Keldeo|Calm Mind|p1a: Keldeo
|-boost|p1a: Keldeo|spa|1
|-boost|p1a: Keldeo|spd|1
|
|turn|27
|
|switch|p1a: Clefable|Clefable, F|351\/391
|move|p2a: Calamity|Psyshock|p1a: Clefable
|-damage|p1a: Clefable|188\/391
|
|-heal|p1a: Clefable|212\/391|[from] item: Leftovers
|turn|28
|
|move|p2a: Calamity|Psyshock|p1a: Clefable
|-damage|p1a: Clefable|37\/391
|move|p1a: Clefable|Soft-Boiled|p1a: Clefable
|-heal|p1a: Clefable|233\/391
|
|-heal|p1a: Clefable|257\/391|[from] item: Leftovers
|turn|29
|
|switch|p2a: Raikiri|Zapdos|336\/384
|-damage|p2a: Raikiri|240\/384|[from] Stealth Rock
|-ability|p2a: Raikiri|Pressure
|switch|p1a: Bisharp|Bisharp, M|287\/287
|
|-heal|p2a: Raikiri|264\/384|[from] item: Leftovers
|turn|30
|
|move|p2a: Raikiri|Defog|p1a: Bisharp
|-unboost|p1a: Bisharp|evasion|1
|-boost|p1a: Bisharp|atk|2|[from] ability: Defiant
|-sideend|p2: Magicblade|Stealth Rock|[from] move: Defog|[of] p2a: Raikiri
|move|p1a: Bisharp|Knock Off|p2a: Raikiri
|-damage|p2a: Raikiri|0 fnt
|-enditem|p2a: Raikiri|Leftovers|[from] move: Knock Off|[of] p1a: Bisharp
|faint|p2a: Raikiri
|
|
|switch|p2a: Detective|Breloom, M|262\/262
|turn|31
|
|switch|p1a: Venusaur|Venusaur, M|162\/319
|move|p2a: Detective|Spore|p1a: Venusaur
|-fail|p1a: Venusaur
|
|-heal|p1a: Venusaur|181\/319|[from] item: Black Sludge
|turn|32
|
|switch|p2a: Calamity|Meloetta|354\/404
|move|p1a: Venusaur|Synthesis|p1a: Venusaur
|-heal|p1a: Venusaur|319\/319
|
|turn|33
|
|switch|p1a: Bisharp|Bisharp, M|287\/287
|move|p2a: Calamity|Hidden Power|p1a: Bisharp
|-supereffective|p1a: Bisharp
|-damage|p1a: Bisharp|185\/287
|
|turn|34
|
|move|p1a: Bisharp|Pursuit|p2a: Calamity|[from]Pursuit
|-supereffective|p2a: Calamity
|-damage|p2a: Calamity|6\/404
|switch|p2a: Detective|Breloom, M|262\/262
|
|turn|35
|
|switch|p2a: Sage|Charizard-Mega-Y, M|360\/360
|-weather|SunnyDay
|switch|p1a: Venusaur|Venusaur, M|319\/319
|
|-weather|SunnyDay|[upkeep]
|turn|36
|
|switch|p1a: Charizard|Charizard-Mega-Y, M|297\/297
|move|p2a: Sage|Flamethrower|p1a: Charizard
|-resisted|p1a: Charizard
|-damage|p1a: Charizard|186\/297
|
|-weather|SunnyDay|[upkeep]
|turn|37
|
|move|p2a: Sage|Flamethrower|p1a: Charizard
|-resisted|p1a: Charizard
|-damage|p1a: Charizard|72\/297
|move|p1a: Charizard|Roost|p1a: Charizard
|-heal|p1a: Charizard|221\/297
|
|-weather|SunnyDay|[upkeep]
|turn|38
|
|move|p1a: Charizard|Roost|p1a: Charizard
|-heal|p1a: Charizard|297\/297
|move|p2a: Sage|Flamethrower|p1a: Charizard
|-resisted|p1a: Charizard
|-damage|p1a: Charizard|183\/297
|
|-weather|SunnyDay|[upkeep]
|turn|39
|
|move|p2a: Sage|Flamethrower|p1a: Charizard
|-resisted|p1a: Charizard
|-damage|p1a: Charizard|79\/297
|move|p1a: Charizard|Roost|p1a: Charizard
|-heal|p1a: Charizard|228\/297
|
|-weather|none
|turn|40
|
|move|p1a: Charizard|Roost|p1a: Charizard
|-heal|p1a: Charizard|297\/297
|move|p2a: Sage|Flamethrower|p1a: Charizard
|-resisted|p1a: Charizard
|-damage|p1a: Charizard|230\/297
|
|turn|41
|
|switch|p1a: Keldeo|Keldeo|206\/323
|move|p2a: Sage|Flamethrower|p1a: Keldeo
|-resisted|p1a: Keldeo
|-damage|p1a: Keldeo|127\/323
|
|turn|42
|
|switch|p2a: Detective|Breloom, M|262\/262
|move|p1a: Keldeo|Hydro Pump|p2a: Detective|[miss]
|-miss|p1a: Keldeo|p2a: Detective
|
|turn|43
|
|switch|p1a: Venusaur|Venusaur, M|319\/319
|switch|p2a: Bishop|Bisharp, M|245\/272
|
|turn|44
|join|AmazingxArcher
|
|move|p1a: Venusaur|Hidden Power|p2a: Bishop
|-supereffective|p2a: Bishop
|-damage|p2a: Bishop|91\/272
|move|p2a: Bishop|Iron Head|p1a: Venusaur
|-damage|p1a: Venusaur|92\/319
|-damage|p2a: Bishop|64\/272|[from] item: Life Orb
|
|-heal|p1a: Venusaur|111\/319|[from] item: Black Sludge
|turn|45
|
|move|p2a: Bishop|Sucker Punch|p1a: Venusaur
|-fail|p1a: Venusaur
|move|p1a: Venusaur|Synthesis|p1a: Venusaur
|-heal|p1a: Venusaur|270\/319
|
|-heal|p1a: Venusaur|289\/319|[from] item: Black Sludge
|turn|46
|
|move|p2a: Bishop|Sucker Punch|p1a: Venusaur
|-damage|p1a: Venusaur|81\/319
|-damage|p2a: Bishop|37\/272|[from] item: Life Orb
|move|p1a: Venusaur|Giga Drain|p2a: Bishop
|-resisted|p2a: Bishop
|-damage|p2a: Bishop|0 fnt
|-heal|p1a: Venusaur|100\/319|[from] drain|[of] p2a: Bishop
|faint|p2a: Bishop
|
|-heal|p1a: Venusaur|119\/319|[from] item: Black Sludge
|
|switch|p2a: Enten|Landorus-Therian, M|382\/382
|-ability|p2a: Enten|Intimidate|[of] p1a: Venusaur
|-unboost|p1a: Venusaur|atk|1
|turn|47
|
|switch|p1a: Pivin on a Lrayer|Donphan, M|384\/384
|move|p2a: Enten|Stealth Rock|p1a: Pivin on a Lrayer
|-sidestart|p1: Jon Bovi|move: Stealth Rock
|
|turn|48
|
|move|p2a: Enten|U-turn|p1a: Pivin on a Lrayer
|-damage|p1a: Pivin on a Lrayer|318\/384
|c|★Jon Bovi|Do u have an other account named calm stone?
|
|switch|p2a: Sage|Charizard-Mega-Y, M|360\/360
|-weather|SunnyDay
|move|p1a: Pivin on a Lrayer|Rapid Spin|p2a: Sage
|-damage|p2a: Sage|332\/360
|-sideend|p1: Jon Bovi|Stealth Rock|[from] move: Rapid Spin|[of] p1a: Pivin on a Lrayer
|
|-weather|SunnyDay|[upkeep]
|-heal|p1a: Pivin on a Lrayer|342\/384|[from] item: Leftovers
|turn|49
|c|★Magicblade|yes
|c|★Jon Bovi|Knew it lol
|c|★Jon Bovi|We've battled many times then
|c|★Magicblade|bc of this avatar
|c|★Magicblade|and the way I play
|
|switch|p1a: Charizard|Charizard-Mega-Y, M|230\/297
|move|p2a: Sage|Flamethrower|p1a: Charizard
|-resisted|p1a: Charizard
|-damage|p1a: Charizard|122\/297
|
|-weather|SunnyDay|[upkeep]
|turn|50
|
|switch|p2a: Enten|Landorus-Therian, M|382\/382
|-ability|p2a: Enten|Intimidate|[of] p1a: Charizard
|-unboost|p1a: Charizard|atk|1
|move|p1a: Charizard|Roost|p1a: Charizard
|-heal|p1a: Charizard|271\/297
|
|-weather|SunnyDay|[upkeep]
|turn|51
|
|switch|p1a: Pivin on a Lrayer|Donphan, M|342\/384
|switch|p2a: Sage|Charizard-Mega-Y, M|332\/360
|
|-weather|SunnyDay|[upkeep]
|-heal|p1a: Pivin on a Lrayer|366\/384|[from] item: Leftovers
|turn|52
|
|switch|p1a: Charizard|Charizard-Mega-Y, M|271\/297
|move|p2a: Sage|Flamethrower|p1a: Charizard
|-resisted|p1a: Charizard
|-damage|p1a: Charizard|168\/297
|
|-weather|none
|turn|53
|
|switch|p2a: Enten|Landorus-Therian, M|382\/382
|-ability|p2a: Enten|Intimidate|[of] p1a: Charizard
|-unboost|p1a: Charizard|atk|1
|move|p1a: Charizard|Roost|p1a: Charizard
|-heal|p1a: Charizard|297\/297
|
|turn|54
|
|switch|p1a: Pivin on a Lrayer|Donphan, M|366\/384
|move|p2a: Enten|Stealth Rock|p1a: Pivin on a Lrayer
|-sidestart|p1: Jon Bovi|move: Stealth Rock
|
|-heal|p1a: Pivin on a Lrayer|384\/384|[from] item: Leftovers
|turn|55
|leave|AmazingxArcher
|
|move|p2a: Enten|U-turn|p1a: Pivin on a Lrayer
|-damage|p1a: Pivin on a Lrayer|318\/384
|
|switch|p2a: Detective|Breloom, M|262\/262
|move|p1a: Pivin on a Lrayer|Rapid Spin|p2a: Detective
|-damage|p2a: Detective|234\/262
|-sideend|p1: Jon Bovi|Stealth Rock|[from] move: Rapid Spin|[of] p1a: Pivin on a Lrayer
|
|-heal|p1a: Pivin on a Lrayer|342\/384|[from] item: Leftovers
|turn|56
|
|switch|p1a: Clefable|Clefable, F|257\/391
|move|p2a: Detective|Swords Dance|p2a: Detective
|-boost|p2a: Detective|atk|2
|
|-heal|p1a: Clefable|281\/391|[from] item: Leftovers
|turn|57
|
|move|p2a: Detective|Bullet Seed|p1a: Clefable
|-damage|p1a: Clefable|102\/391
|-crit|p1a: Clefable
|-damage|p1a: Clefable|0 fnt
|-hitcount|p1a: Clefable|2
|-damage|p2a: Detective|208\/262|[from] item: Life Orb
|faint|p1a: Clefable
|
|
|switch|p1a: Charizard|Charizard-Mega-Y, M|297\/297
|-weather|SunnyDay
|turn|58
|
|switch|p2a: Sage|Charizard-Mega-Y, M|332\/360
|move|p1a: Charizard|Fire Blast|p2a: Sage
|-resisted|p2a: Sage
|-damage|p2a: Sage|182\/360
|
|-weather|SunnyDay|[upkeep]
|turn|59
|
|switch|p1a: Keldeo|Keldeo|127\/323
|move|p2a: Sage|Roost|p2a: Sage
|-heal|p2a: Sage|360\/360
|
|-weather|SunnyDay|[upkeep]
|turn|60
|
|move|p1a: Keldeo|Scald|p2a: Sage
|-supereffective|p2a: Sage
|-damage|p2a: Sage|226\/360
|move|p2a: Sage|Solar Beam|p1a: Keldeo|[still]
|-prepare|p2a: Sage|Solar Beam|p1a: Keldeo
|-anim|p2a: Sage|Solar Beam|p1a: Keldeo
|-crit|p1a: Keldeo
|-supereffective|p1a: Keldeo
|-damage|p1a: Keldeo|0 fnt
|faint|p1a: Keldeo
|
|-weather|SunnyDay|[upkeep]
|c|★Magicblade|lol
|join|themexicangamer
|
|switch|p1a: Venusaur|Venusaur, M|119\/319
|turn|61
|join|typewriter 2.0
|leave|themexicangamer
|
|move|p1a: Venusaur|Sludge Bomb|p2a: Sage
|-damage|p2a: Sage|117\/360
|move|p2a: Sage|Flamethrower|p1a: Venusaur
|-supereffective|p1a: Venusaur
|-damage|p1a: Venusaur|0 fnt
|faint|p1a: Venusaur
|
|-weather|SunnyDay|[upkeep]
|
|switch|p1a: Charizard|Charizard-Mega-Y, M|297\/297
|turn|62
|
|move|p1a: Charizard|Fire Blast|p2a: Sage
|-resisted|p2a: Sage
|-damage|p2a: Sage|0 fnt
|faint|p2a: Sage
|
|-weather|none
|
|switch|p2a: Enten|Landorus-Therian, M|382\/382
|-ability|p2a: Enten|Intimidate|[of] p1a: Charizard
|-unboost|p1a: Charizard|atk|1
|turn|63
|c|★Jon Bovi|Finally
|
|switch|p1a: Pivin on a Lrayer|Donphan, M|342\/384
|move|p2a: Enten|U-turn|p1a: Pivin on a Lrayer
|-damage|p1a: Pivin on a Lrayer|281\/384
|join|pokepals24
|
|switch|p2a: Detective|Breloom, M|208\/262
|
|-heal|p1a: Pivin on a Lrayer|305\/384|[from] item: Leftovers
|turn|64
|join|THUNDER soldier
|join|Chesse
|
|switch|p1a: Bisharp|Bisharp, M|185\/287
|move|p2a: Detective|Bullet Seed|p1a: Bisharp
|-resisted|p1a: Bisharp
|-damage|p1a: Bisharp|138\/287
|-resisted|p1a: Bisharp
|-damage|p1a: Bisharp|91\/287
|-hitcount|p1a: Bisharp|2
|-damage|p2a: Detective|182\/262|[from] item: Life Orb
|
|turn|65
|
|move|p2a: Detective|Mach Punch|p1a: Bisharp
|-supereffective|p1a: Bisharp
|-damage|p1a: Bisharp|0 fnt
|-damage|p2a: Detective|156\/262|[from] item: Life Orb
|faint|p1a: Bisharp
|
|
|switch|p1a: Charizard|Charizard-Mega-Y, M|297\/297
|-weather|SunnyDay
|turn|66
|join|Cauan
|
|switch|p2a: Calamity|Meloetta|6\/404
|move|p1a: Charizard|Focus Blast|p2a: Calamity
|-damage|p2a: Calamity|0 fnt
|faint|p2a: Calamity
|
|-weather|SunnyDay|[upkeep]
|
|switch|p2a: Enten|Landorus-Therian, M|382\/382
|-ability|p2a: Enten|Intimidate|[of] p1a: Charizard
|-unboost|p1a: Charizard|atk|1
|turn|67
|
|move|p1a: Charizard|Solar Beam|p2a: Enten|[still]
|-prepare|p1a: Charizard|Solar Beam|p2a: Enten
|-anim|p1a: Charizard|Solar Beam|p2a: Enten
|-crit|p2a: Enten
|-damage|p2a: Enten|58\/382
|move|p2a: Enten|Stone Edge|p1a: Charizard|[miss]
|-miss|p2a: Enten|p1a: Charizard
|
|-weather|SunnyDay|[upkeep]
|-heal|p2a: Enten|81\/382|[from] item: Leftovers
|turn|68
|join|granpastillfaps
|c|★Jon Bovi|Whoever wins
|c| granpastillfaps|yeah
|c|★Magicblade|lol
|c|★Magicblade|...
|c|★Jon Bovi|gg
|
|move|p1a: Charizard|Solar Beam|p2a: Enten|[still]
|-prepare|p1a: Charizard|Solar Beam|p2a: Enten
|-anim|p1a: Charizard|Solar Beam|p2a: Enten
|-damage|p2a: Enten|0 fnt
|faint|p2a: Enten
|
|-weather|SunnyDay|[upkeep]
|
|switch|p2a: Detective|Breloom, M|156\/262
|turn|69
|
|move|p1a: Charizard|Focus Blast|p2a: Detective|[miss]
|-miss|p1a: Charizard|p2a: Detective
|move|p2a: Detective|Spore|p1a: Charizard
|-status|p1a: Charizard|slp
|
|-weather|SunnyDay|[upkeep]
|turn|70
|
|switch|p1a: Pivin on a Lrayer|Donphan, M|305\/384
|move|p2a: Detective|Bullet Seed|p1a: Pivin on a Lrayer
|-supereffective|p1a: Pivin on a Lrayer
|-damage|p1a: Pivin on a Lrayer|157\/384
|-supereffective|p1a: Pivin on a Lrayer
|-damage|p1a: Pivin on a Lrayer|9\/384
|-supereffective|p1a: Pivin on a Lrayer
|-damage|p1a: Pivin on a Lrayer|0 fnt
|-hitcount|p1a: Pivin on a Lrayer|3
|-damage|p2a: Detective|130\/262|[from] item: Life Orb
|faint|p1a: Pivin on a Lrayer
|
|-weather|none
|join|Opalite
|join|dance1999
|c|★Magicblade|lol
|c| pokepals24|no flamethrower
|
|switch|p1a: Charizard|Charizard-Mega-Y, M|297\/297 slp
|-weather|SunnyDay
|turn|71
|c| granpastillfaps|aw yeah
|
|cant|p1a: Charizard|slp
|move|p2a: Detective|Swords Dance|p2a: Detective
|-boost|p2a: Detective|atk|2
|
|-weather|SunnyDay|[upkeep]
|turn|72
|c|★Magicblade|inb4 u wake up
|
|cant|p1a: Charizard|slp
|move|p2a: Detective|Bullet Seed|p1a: Charizard
|-resisted|p1a: Charizard
|-damage|p1a: Charizard|241\/297 slp
|-resisted|p1a: Charizard
|-damage|p1a: Charizard|193\/297 slp
|-resisted|p1a: Charizard
|-damage|p1a: Charizard|142\/297 slp
|-hitcount|p1a: Charizard|3
|-damage|p2a: Detective|104\/262|[from] item: Life Orb
|
|-weather|SunnyDay|[upkeep]
|turn|73
|
|move|p2a: Detective|Mach Punch|p1a: Charizard
|-resisted|p1a: Charizard
|-damage|p1a: Charizard|0 fnt
|-damage|p2a: Detective|78\/262|[from] item: Life Orb
|faint|p1a: Charizard
|
|win|Magicblade
|raw|Ladder updating...
|c|★Magicblade|gg
|raw|Jon Bovi's rating: 1826 &rarr; <strong>1806<\/strong><br \/>(-20 for losing)
|raw|Magicblade's rating: 1836 &rarr; <strong>1856<\/strong><br \/>(+20 for winning)
|c|★Jon Bovi|Shut
|leave|Cauan
|c|★Jon Bovi|shit
|c| granpastillfaps|lol
|leave|dance1999
|c|★Jon Bovi|gg
|leave|granpastillfaps
|leave|Opalite