|join|Jon Bovi
|join|Friytrr
|player|p1|Jon Bovi|240
|player|p2|Friytrr|2
|gametype|singles
|gen|6
|tier|OU
|rated
|clearpoke
|poke|p1|Donphan, M
|poke|p1|Zapdos
|poke|p1|Keldeo-Resolute
|poke|p1|Pinsir, M
|poke|p1|Metagross
|poke|p1|Celebi
|poke|p2|Chansey, F
|poke|p2|Skarmory, M
|poke|p2|Quagsire, M
|poke|p2|Clefable, M
|poke|p2|Gothitelle, F
|poke|p2|Amoonguss, M
|rule|Swagger Clause: Swagger is banned
|rule|Baton Pass Clause: Limit one Pokémon knowing Baton Pass
|rule|Sleep Clause Mod: Limit one foe put to sleep
|rule|Species Clause: Limit one of each Pokémon
|rule|OHKO Clause: OHKO moves are banned
|rule|Moody Clause: Moody is banned
|rule|Evasion Moves Clause: Evasion moves are banned
|rule|Endless Battle Clause: Forcing endless battles is banned
|rule|HP Percentage Mod: HP is shown in percentages
|teampreview
|c|★Friytrr|glhf
|join|guido2002
|c|★Jon Bovi|Ty u2
|
|start
|switch|p1a: Undefeated|Metagross|364\/364
|switch|p2a: Clefable|Clefable, M|394\/394
|turn|1
|
|switch|p2a: Skelotor|Skarmory, M|333\/333
|move|p1a: Undefeated|Stealth Rock|p2a: Skelotor
|-sidestart|p2: Friytrr|move: Stealth Rock
|
|turn|2
|
|switch|p1a: Pour sugar on me|Donphan, M|384\/384
|move|p2a: Skelotor|Defog|p1a: Pour sugar on me
|-unboost|p1a: Pour sugar on me|evasion|1
|-sideend|p2: Friytrr|Stealth Rock|[from] move: Defog|[of] p2a: Skelotor
|
|turn|3
|c|★Jon Bovi|No mega evolution
|c|★Jon Bovi|cool
|
|switch|p2a: Clefable|Clefable, M|394\/394
|move|p1a: Pour sugar on me|Knock Off|p2a: Clefable
|-resisted|p2a: Clefable
|-damage|p2a: Clefable|331\/394
|-enditem|p2a: Clefable|Leftovers|[from] move: Knock Off|[of] p1a: Pour sugar on me
|
|turn|4
|c|★Friytrr|Yeah I've been trying out a new team ^^
|c| guido2002|mega pinsir
|
|switch|p1a: Undefeated|Metagross|364\/364
|move|p2a: Clefable|Stealth Rock|p1a: Undefeated
|-sidestart|p1: Jon Bovi|move: Stealth Rock
|
|turn|5
|
|switch|p2a: I luv Mary|Quagsire, M|394\/394
|move|p1a: Undefeated|Stealth Rock|p2a: I luv Mary
|-sidestart|p2: Friytrr|move: Stealth Rock
|
|turn|6
|
|switch|p1a: Animal|Keldeo-Resolute|322\/322
|-damage|p1a: Animal|302\/322|[from] Stealth Rock
|switch|p2a: Skelotor|Skarmory, M|333\/333
|-damage|p2a: Skelotor|292\/333|[from] Stealth Rock
|
|turn|7
|
|switch|p2a: Clefable|Clefable, M|331\/394
|move|p1a: Animal|Scald|p2a: Clefable
|-damage|p2a: Clefable|153\/394
|
|turn|8
|
|switch|p1a: Undefeated|Metagross|364\/364
|-damage|p1a: Undefeated|342\/364|[from] Stealth Rock
|switch|p2a: Magic Johnson|Amoonguss, M|431\/431
|-damage|p2a: Magic Johnson|378\/431|[from] Stealth Rock
|
|-heal|p1a: Undefeated|364\/364|[from] item: Leftovers
|-heal|p2a: Magic Johnson|404\/431|[from] item: Black Sludge
|turn|9
|
|switch|p1a: Pour sugar on me|Donphan, M|384\/384
|-damage|p1a: Pour sugar on me|360\/384|[from] Stealth Rock
|move|p2a: Magic Johnson|Spore|p1a: Pour sugar on me
|-status|p1a: Pour sugar on me|slp
|
|-heal|p1a: Pour sugar on me|384\/384 slp|[from] item: Leftovers
|-heal|p2a: Magic Johnson|430\/431|[from] item: Black Sludge
|turn|10
|
|switch|p1a: Love bites|Celebi|404\/404
|-damage|p1a: Love bites|354\/404|[from] Stealth Rock
|move|p2a: Magic Johnson|Foul Play|p1a: Love bites
|-supereffective|p1a: Love bites
|-damage|p1a: Love bites|242\/404
|
|-heal|p1a: Love bites|267\/404|[from] item: Leftovers
|-heal|p2a: Magic Johnson|431\/431|[from] item: Black Sludge
|turn|11
|
|switch|p2a: Clefable|Clefable, M|153\/394
|move|p1a: Love bites|Heal Bell|p1a: Love bites
|-cureteam|p1a: Love bites|[from] move: HealBell
|
|-heal|p1a: Love bites|292\/404|[from] item: Leftovers
|turn|12
|
|move|p1a: Love bites|Thunder Wave|p2a: Clefable
|-status|p2a: Clefable|par
|move|p2a: Clefable|Fire Blast|p1a: Love bites
|-supereffective|p1a: Love bites
|-damage|p1a: Love bites|170\/404
|
|-heal|p1a: Love bites|195\/404|[from] item: Leftovers
|turn|13
|
|switch|p1a: Pour sugar on me|Donphan, M|384\/384
|-damage|p1a: Pour sugar on me|360\/384|[from] Stealth Rock
|move|p2a: Clefable|Soft-Boiled|p2a: Clefable
|-heal|p2a: Clefable|350\/394 par
|
|-heal|p1a: Pour sugar on me|384\/384|[from] item: Leftovers
|turn|14
|
|switch|p2a: Magic Johnson|Amoonguss, M|431\/431
|-damage|p2a: Magic Johnson|378\/431|[from] Stealth Rock
|move|p1a: Pour sugar on me|Rapid Spin|p2a: Magic Johnson
|-damage|p2a: Magic Johnson|349\/431
|-sideend|p1: Jon Bovi|Stealth Rock|[from] move: Rapid Spin|[of] p1a: Pour sugar on me
|
|-heal|p2a: Magic Johnson|375\/431|[from] item: Black Sludge
|turn|15
|
|move|p1a: Pour sugar on me|Knock Off|p2a: Magic Johnson
|-damage|p2a: Magic Johnson|236\/431
|-enditem|p2a: Magic Johnson|Black Sludge|[from] move: Knock Off|[of] p1a: Pour sugar on me
|move|p2a: Magic Johnson|Foul Play|p1a: Pour sugar on me
|-damage|p1a: Pour sugar on me|282\/384
|
|-heal|p1a: Pour sugar on me|306\/384|[from] item: Leftovers
|turn|16
|
|move|p1a: Pour sugar on me|Earthquake|p2a: Magic Johnson
|-damage|p2a: Magic Johnson|35\/431
|move|p2a: Magic Johnson|Giga Drain|p1a: Pour sugar on me
|-supereffective|p1a: Pour sugar on me
|-damage|p1a: Pour sugar on me|88\/384
|-heal|p2a: Magic Johnson|144\/431|[from] drain|[of] p1a: Pour sugar on me
|
|-heal|p1a: Pour sugar on me|112\/384|[from] item: Leftovers
|turn|17
|
|switch|p2a: Skelotor|Skarmory, M|292\/333
|-damage|p2a: Skelotor|251\/333|[from] Stealth Rock
|move|p1a: Pour sugar on me|Knock Off|p2a: Skelotor
|-damage|p2a: Skelotor|186\/333
|-enditem|p2a: Skelotor|Shed Shell|[from] move: Knock Off|[of] p1a: Pour sugar on me
|
|-heal|p1a: Pour sugar on me|136\/384|[from] item: Leftovers
|turn|18
|
|move|p2a: Skelotor|Defog|p1a: Pour sugar on me
|-unboost|p1a: Pour sugar on me|evasion|1
|-sideend|p2: Friytrr|Stealth Rock|[from] move: Defog|[of] p2a: Skelotor
|move|p1a: Pour sugar on me|Earthquake|p2a: Skelotor
|-immune|p2a: Skelotor|[msg]
|
|-heal|p1a: Pour sugar on me|160\/384|[from] item: Leftovers
|turn|19
|c| guido2002|PREDICT ROOST
|
|switch|p2a: I luv Mary|Quagsire, M|394\/394
|move|p1a: Pour sugar on me|Earthquake|p2a: I luv Mary
|-damage|p2a: I luv Mary|252\/394
|
|-heal|p1a: Pour sugar on me|184\/384|[from] item: Leftovers
|-heal|p2a: I luv Mary|276\/394|[from] item: Leftovers
|turn|20
|
|switch|p1a: Animal|Keldeo-Resolute|302\/322
|switch|p2a: Gothitelle|Gothitelle, F|301\/301
|
|turn|21
|
|move|p2a: Gothitelle|Psyshock|p1a: Animal
|-supereffective|p1a: Animal
|-damage|p1a: Animal|72\/322
|move|p1a: Animal|Hydro Pump|p2a: Gothitelle
|-damage|p2a: Gothitelle|34\/301
|
|turn|22
|c| guido2002|use specs gothitelle
|
|move|p2a: Gothitelle|Psyshock|p1a: Animal
|-supereffective|p1a: Animal
|-damage|p1a: Animal|0 fnt
|faint|p1a: Animal
|
|c| guido2002|252 speed 252 att sp. 4 hp modest
|
|switch|p1a: Armageddon it|Pinsir, M|271\/271
|turn|23
|c|★Friytrr|Yeah that's not a bad suggestion actually
|
|detailschange|p1a: Armageddon it|Pinsir-Mega, M
|-mega|p1a: Armageddon it|Pinsir|Pinsirite
|move|p1a: Armageddon it|Quick Attack|p2a: Gothitelle
|-damage|p2a: Gothitelle|0 fnt
|faint|p2a: Gothitelle
|
|
|switch|p2a: Skelotor|Skarmory, M|186\/333
|turn|24
|c|★Friytrr|Nice name :)
|c|★Jon Bovi|Ty haha
|c| guido2002|yes t
|
|move|p1a: Armageddon it|Swords Dance|p1a: Armageddon it
|-boost|p1a: Armageddon it|atk|2
|move|p2a: Skelotor|Roost|p2a: Skelotor
|-heal|p2a: Skelotor|333\/333
|
|turn|25
|
|switch|p1a: Photograph|Zapdos|384\/384
|-ability|p1a: Photograph|Pressure
|move|p2a: Skelotor|Counter|p1a: Photograph
|-fail|p1a: Photograph
|
|turn|26
|
|switch|p1a: Armageddon it|Pinsir-Mega, M|271\/271
|switch|p2a: Chansey|Chansey, F|642\/642
|
|turn|27
|
|switch|p2a: Skelotor|Skarmory, M|333\/333
|move|p1a: Armageddon it|Return|p2a: Skelotor
|-resisted|p2a: Skelotor
|-damage|p2a: Skelotor|259\/333
|
|turn|28
|leave|guido2002
|
|move|p1a: Armageddon it|Swords Dance|p1a: Armageddon it
|-boost|p1a: Armageddon it|atk|2
|move|p2a: Skelotor|Drill Peck|p1a: Armageddon it
|-supereffective|p1a: Armageddon it
|-damage|p1a: Armageddon it|145\/271
|
|turn|29
|c|★Jon Bovi|Wow
|
|switch|p1a: Photograph|Zapdos|384\/384
|-ability|p1a: Photograph|Pressure
|move|p2a: Skelotor|Roost|p2a: Skelotor
|-heal|p2a: Skelotor|333\/333
|
|turn|30
|c|★Friytrr|What is it?
|c|★Jon Bovi|Drill peck and counter
|c|★Jon Bovi|its new to me haha
|c|★Friytrr|It's pretty newb ><
|c|★Friytrr|But I hate Mega Heracross...
|
|switch|p1a: Armageddon it|Pinsir-Mega, M|145\/271
|switch|p2a: I luv Mary|Quagsire, M|276\/394
|
|-heal|p2a: I luv Mary|300\/394|[from] item: Leftovers
|turn|31
|c|★Jon Bovi|I can see that
|
|switch|p2a: Skelotor|Skarmory, M|333\/333
|move|p1a: Armageddon it|Return|p2a: Skelotor
|-crit|p2a: Skelotor
|-resisted|p2a: Skelotor
|-damage|p2a: Skelotor|216\/333
|
|turn|32
|
|switch|p1a: Undefeated|Metagross|364\/364
|move|p2a: Skelotor|Roost|p2a: Skelotor
|-heal|p2a: Skelotor|333\/333
|
|turn|33
|
|switch|p2a: I luv Mary|Quagsire, M|300\/394
|move|p1a: Undefeated|Stealth Rock|p2a: I luv Mary
|-sidestart|p2: Friytrr|move: Stealth Rock
|
|-heal|p2a: I luv Mary|324\/394|[from] item: Leftovers
|turn|34
|
|switch|p1a: Love bites|Celebi|195\/404
|move|p2a: I luv Mary|Scald|p1a: Love bites
|-resisted|p1a: Love bites
|-damage|p1a: Love bites|171\/404
|
|-heal|p1a: Love bites|196\/404|[from] item: Leftovers
|-heal|p2a: I luv Mary|348\/394|[from] item: Leftovers
|turn|35
|
|switch|p1a: Photograph|Zapdos|384\/384
|-ability|p1a: Photograph|Pressure
|switch|p2a: Chansey|Chansey, F|642\/642
|-damage|p2a: Chansey|562\/642|[from] Stealth Rock
|
|turn|36
|
|switch|p1a: Pour sugar on me|Donphan, M|184\/384
|move|p2a: Chansey|Seismic Toss|p1a: Pour sugar on me
|-damage|p1a: Pour sugar on me|84\/384
|
|-heal|p1a: Pour sugar on me|108\/384|[from] item: Leftovers
|turn|37
|
|switch|p2a: Clefable|Clefable, M|350\/394 par
|move|p1a: Pour sugar on me|Knock Off|p2a: Clefable
|-resisted|p2a: Clefable
|-damage|p2a: Clefable|306\/394 par
|
|-heal|p1a: Pour sugar on me|132\/384|[from] item: Leftovers
|turn|38
|
|switch|p1a: Undefeated|Metagross|364\/364
|cant|p2a: Clefable|par
|
|turn|39
|
|switch|p1a: Photograph|Zapdos|384\/384
|-ability|p1a: Photograph|Pressure
|switch|p2a: Skelotor|Skarmory, M|333\/333
|-damage|p2a: Skelotor|292\/333|[from] Stealth Rock
|
|turn|40
|
|switch|p1a: Armageddon it|Pinsir-Mega, M|145\/271
|switch|p2a: I luv Mary|Quagsire, M|348\/394
|-damage|p2a: I luv Mary|324\/394|[from] Stealth Rock
|
|-heal|p2a: I luv Mary|348\/394|[from] item: Leftovers
|turn|41
|
|move|p1a: Armageddon it|Return|p2a: I luv Mary
|-damage|p2a: I luv Mary|150\/394
|move|p2a: I luv Mary|Scald|p1a: Armageddon it
|-damage|p1a: Armageddon it|69\/271
|
|-heal|p2a: I luv Mary|174\/394|[from] item: Leftovers
|turn|42
|
|move|p1a: Armageddon it|Return|p2a: I luv Mary
|-damage|p2a: I luv Mary|0 fnt
|faint|p2a: I luv Mary
|
|
|switch|p2a: Skelotor|Skarmory, M|292\/333
|-damage|p2a: Skelotor|251\/333|[from] Stealth Rock
|turn|43
|
|switch|p1a: Undefeated|Metagross|364\/364
|move|p2a: Skelotor|Drill Peck|p1a: Undefeated
|-resisted|p1a: Undefeated
|-damage|p1a: Undefeated|333\/364
|
|-heal|p1a: Undefeated|355\/364|[from] item: Leftovers
|turn|44
|
|move|p2a: Skelotor|Defog|p1a: Undefeated
|-fail|p1a: Undefeated|unboost|[from] ability: Clear Body|[of] p1a: Undefeated
|-sideend|p2: Friytrr|Stealth Rock|[from] move: Defog|[of] p2a: Skelotor
|move|p1a: Undefeated|Meteor Mash|p2a: Skelotor
|-resisted|p2a: Skelotor
|-damage|p2a: Skelotor|195\/333
|
|-heal|p1a: Undefeated|364\/364|[from] item: Leftovers
|turn|45
|
|move|p1a: Undefeated|Meteor Mash|p2a: Skelotor|[miss]
|-miss|p1a: Undefeated|p2a: Skelotor
|move|p2a: Skelotor|Roost|p2a: Skelotor
|-heal|p2a: Skelotor|333\/333
|
|turn|46
|
|switch|p2a: Magic Johnson|Amoonguss, M|287\/431
|move|p1a: Undefeated|Meteor Mash|p2a: Magic Johnson|[miss]
|-miss|p1a: Undefeated|p2a: Magic Johnson
|
|turn|47
|c|★Jon Bovi|Omg
|c|★Friytrr|sorry
|
|switch|p2a: Skelotor|Skarmory, M|333\/333
|move|p1a: Undefeated|Meteor Mash|p2a: Skelotor
|-resisted|p2a: Skelotor
|-damage|p2a: Skelotor|279\/333
|
|turn|48
|
|switch|p2a: Magic Johnson|Amoonguss, M|430\/431
|move|p1a: Undefeated|Meteor Mash|p2a: Magic Johnson
|-damage|p2a: Magic Johnson|235\/431
|-boost|p1a: Undefeated|atk|1
|
|turn|49
|c|★Jon Bovi|Ah
|
|switch|p2a: Skelotor|Skarmory, M|279\/333
|move|p1a: Undefeated|Meteor Mash|p2a: Skelotor
|-resisted|p2a: Skelotor
|-damage|p2a: Skelotor|207\/333
|-boost|p1a: Undefeated|atk|1
|
|turn|50
|c|★Jon Bovi|Ah
|c|★Friytrr|bullocks
|c|★Friytrr|That makes up for the misses I guess
|
|move|p2a: Skelotor|Roost|p2a: Skelotor
|-heal|p2a: Skelotor|333\/333
|move|p1a: Undefeated|Stealth Rock|p2a: Skelotor
|-sidestart|p2: Friytrr|move: Stealth Rock
|
|turn|51
|c|★Jon Bovi|It does haha
|
|move|p2a: Skelotor|Defog|p1a: Undefeated
|-fail|p1a: Undefeated|unboost|[from] ability: Clear Body|[of] p1a: Undefeated
|-sideend|p2: Friytrr|Stealth Rock|[from] move: Defog|[of] p2a: Skelotor
|move|p1a: Undefeated|Meteor Mash|p2a: Skelotor
|-resisted|p2a: Skelotor
|-damage|p2a: Skelotor|228\/333
|
|turn|52
|
|move|p1a: Undefeated|Meteor Mash|p2a: Skelotor
|-resisted|p2a: Skelotor
|-damage|p2a: Skelotor|120\/333
|move|p2a: Skelotor|Counter|p1a: Undefeated
|-damage|p1a: Undefeated|148\/364
|
|-heal|p1a: Undefeated|170\/364|[from] item: Leftovers
|turn|53
|
|move|p1a: Undefeated|Earthquake|p2a: Skelotor
|-immune|p2a: Skelotor|[msg]
|move|p2a: Skelotor|Roost|p2a: Skelotor
|-heal|p2a: Skelotor|287\/333
|
|-heal|p1a: Undefeated|192\/364|[from] item: Leftovers
|turn|54
|c|★Jon Bovi|-.-
|
|move|p1a: Undefeated|Stealth Rock|p2a: Skelotor
|-sidestart|p2: Friytrr|move: Stealth Rock
|move|p2a: Skelotor|Counter|p1a: Undefeated
|-fail|p1a: Undefeated
|
|-heal|p1a: Undefeated|214\/364|[from] item: Leftovers
|turn|55
|c|★Friytrr|omg are we speed tie? ><
|c|★Jon Bovi|Yeah haha
|
|move|p1a: Undefeated|Meteor Mash|p2a: Skelotor
|-resisted|p2a: Skelotor
|-damage|p2a: Skelotor|187\/333
|move|p2a: Skelotor|Counter|p1a: Undefeated
|-damage|p1a: Undefeated|14\/364
|
|-heal|p1a: Undefeated|36\/364|[from] item: Leftovers
|turn|56
|c|★Friytrr|dabnabbit
|
|move|p1a: Undefeated|Meteor Mash|p2a: Skelotor
|-resisted|p2a: Skelotor
|-damage|p2a: Skelotor|79\/333
|move|p2a: Skelotor|Defog|p1a: Undefeated
|-fail|p1a: Undefeated|unboost|[from] ability: Clear Body|[of] p1a: Undefeated
|-sideend|p2: Friytrr|Stealth Rock|[from] move: Defog|[of] p2a: Skelotor
|
|-heal|p1a: Undefeated|58\/364|[from] item: Leftovers
|turn|57
|
|move|p2a: Skelotor|Roost|p2a: Skelotor
|-heal|p2a: Skelotor|246\/333
|move|p1a: Undefeated|Earthquake|p2a: Skelotor
|-supereffective|p2a: Skelotor
|-damage|p2a: Skelotor|0 fnt
|faint|p2a: Skelotor
|
|-heal|p1a: Undefeated|80\/364|[from] item: Leftovers
|c|★Friytrr|okay well guess I'm dead
|c|★Jon Bovi|Gg
|c|★Friytrr|gg
|
|switch|p2a: Chansey|Chansey, F|562\/642
|turn|58
|
|move|p1a: Undefeated|Meteor Mash|p2a: Chansey
|-damage|p2a: Chansey|81\/642
|move|p2a: Chansey|Seismic Toss|p1a: Undefeated
|-damage|p1a: Undefeated|0 fnt
|faint|p1a: Undefeated
|
|c|★Jon Bovi|Wow
|
|switch|p1a: Pour sugar on me|Donphan, M|132\/384
|turn|59
|c|★Jon Bovi|That bulk
|c|★Friytrr|yeah I know right? :D
|
|switch|p2a: Magic Johnson|Amoonguss, M|378\/431
|move|p1a: Pour sugar on me|Earthquake|p2a: Magic Johnson
|-damage|p2a: Magic Johnson|161\/431
|
|-heal|p1a: Pour sugar on me|156\/384|[from] item: Leftovers
|turn|60
|
|move|p1a: Pour sugar on me|Earthquake|p2a: Magic Johnson
|-damage|p2a: Magic Johnson|0 fnt
|faint|p2a: Magic Johnson
|
|-heal|p1a: Pour sugar on me|180\/384|[from] item: Leftovers
|
|switch|p2a: Chansey|Chansey, F|81\/642
|turn|61
|
|move|p1a: Pour sugar on me|Earthquake|p2a: Chansey
|-damage|p2a: Chansey|0 fnt
|faint|p2a: Chansey
|
|-heal|p1a: Pour sugar on me|204\/384|[from] item: Leftovers
|c|★Jon Bovi|Nice meeting u bro
|
|switch|p2a: Clefable|Clefable, M|306\/394 par
|turn|62
|c|★Jon Bovi|happy new year lol
|c|★Friytrr|Youo too :) well played
|c|★Friytrr|Haha, slowbro!
|
|move|p1a: Pour sugar on me|Earthquake|p2a: Clefable
|-damage|p2a: Clefable|101\/394 par
|move|p2a: Clefable|Moonblast|p1a: Pour sugar on me
|-damage|p1a: Pour sugar on me|48\/384
|-unboost|p1a: Pour sugar on me|spa|1
|
|-heal|p1a: Pour sugar on me|72\/384|[from] item: Leftovers
|turn|63
|c|★Friytrr|But yeah, happy holidays ^^
|c|★Jon Bovi|Cya around man
|
|move|p1a: Pour sugar on me|Earthquake|p2a: Clefable
|-damage|p2a: Clefable|0 fnt
|faint|p2a: Clefable
|
|win|Jon Bovi
|raw|Ladder updating...
|raw|Jon Bovi's rating: 1691 &rarr; <strong>1704<\/strong><br \/>(+13 for winning)
|raw|Friytrr's rating: 1564 &rarr; <strong>1551<\/strong><br \/>(-13 for losing)
|c|★Friytrr|bye ^^
|leave|Friytrr