|join|MegaRango
|join|BamItsRob
|player|p1|MegaRango|102
|player|p2|BamItsRob|17
|gametype|singles
|gen|6
|tier|UU
|rated
|rule|Sleep Clause Mod: Limit one foe put to sleep
|rule|Species Clause: Limit one of each Pokémon
|rule|OHKO Clause: OHKO moves are banned
|rule|Moody Clause: Moody is banned
|rule|Evasion Moves Clause: Evasion moves are banned
|rule|Endless Battle Clause: Forcing endless battles is banned
|rule|HP Percentage Mod: HP is shown in percentages
|clearpoke
|poke|p1|Sceptile, M
|poke|p1|Gligar, M
|poke|p1|Cofagrigus, M
|poke|p1|Umbreon, F
|poke|p1|Quagsire, F
|poke|p1|Chandelure, F, shiny
|poke|p2|Toxicroak, F, shiny
|poke|p2|Swampert, M
|poke|p2|Darmanitan, M
|poke|p2|Absol, M
|poke|p2|Florges, F
|poke|p2|Roserade, M
|rule|Swagger Clause: Swagger is banned
|rule|Baton Pass Clause: Limit one Pokémon knowing Baton Pass
|teampreview
|
|start
|switch|p1a: Sceptile 2.72|Sceptile, M|281\/281
|switch|p2a: Killjoy|Absol, M|271\/271
|-ability|p2a: Killjoy|Pressure
|turn|1
|
|switch|p2a: the bomb|Roserade, M|261\/261
|detailschange|p1a: Sceptile 2.72|Sceptile-Mega, M
|message|Sceptile has Mega Evolved into Mega Sceptile!
|move|p1a: Sceptile 2.72|Dragon Claw|p2a: the bomb
|-crit|p2a: the bomb
|-damage|p2a: the bomb|0 fnt
|faint|p2a: the bomb
|
|c|★BamItsRob|ok
|
|switch|p2a: SUNFLOWER|Florges, F|360\/360
|turn|2
|
|switch|p1a: Gligar 4.58|Gligar, M|334\/334
|move|p2a: SUNFLOWER|Wish|p2a: SUNFLOWER
|
|turn|3
|
|switch|p2a: Axolotl|Swampert, M|404\/404
|move|p1a: Gligar 4.58|Stealth Rock|p2a: Axolotl
|-sidestart|p2: BamItsRob|move: Stealth Rock
|
|turn|4
|
|switch|p1a: Chandelure 10.6|Chandelure, F, shiny|261\/261
|move|p2a: Axolotl|Stealth Rock|p1a: Chandelure 10.6
|-sidestart|p1: MegaRango|move: Stealth Rock
|
|turn|5
|
|switch|p2a: SUNFLOWER|Florges, F|360\/360
|-damage|p2a: SUNFLOWER|315\/360|[from] Stealth Rock
|move|p1a: Chandelure 10.6|Trick|p2a: SUNFLOWER
|-activate|p1a: Chandelure 10.6|move: Trick|[of] p2a: SUNFLOWER
|-item|p2a: SUNFLOWER|Choice Scarf|[from] move: Trick
|-item|p1a: Chandelure 10.6|Leftovers|[from] move: Trick
|
|turn|6
|
|switch|p2a: Axolotl|Swampert, M|404\/404
|-damage|p2a: Axolotl|379\/404|[from] Stealth Rock
|move|p1a: Chandelure 10.6|Fire Blast|p2a: Axolotl
|-resisted|p2a: Axolotl
|-damage|p2a: Axolotl|270\/404
|
|-heal|p2a: Axolotl|295\/404|[from] item: Leftovers
|turn|7
|
|move|p1a: Chandelure 10.6|Energy Ball|p2a: Axolotl
|-supereffective|p2a: Axolotl
|-damage|p2a: Axolotl|0 fnt
|faint|p2a: Axolotl
|
|-message|BamItsRob forfeited.
|
|win|MegaRango
|raw|Ladder updating...
|leave|BamItsRob
|player|p2
|raw|MegaRango's rating: 1483 &rarr; <strong>1490<\/strong><br \/>(+7 for winning)
|raw|BamItsRob's rating: 1210 &rarr; <strong>1201<\/strong><br \/>(-9 for losing)