|join|Damnosaur
|join|fssong
|player|p1|Damnosaur|266
|player|p2|fssong|101
|gametype|singles
|gen|6
|tier|UU
|rated
|rule|Sleep Clause Mod: Limit one foe put to sleep
|rule|Species Clause: Limit one of each Pokémon
|rule|OHKO Clause: OHKO moves are banned
|rule|Moody Clause: Moody is banned
|rule|Evasion Moves Clause: Evasion moves are banned
|rule|Endless Battle Clause: Forcing endless battles is banned
|rule|HP Percentage Mod: HP is shown in percentages
|clearpoke
|poke|p1|Arcanine, M
|poke|p1|Snorlax, F
|poke|p1|Nidoqueen, F
|poke|p1|Aerodactyl, M
|poke|p1|Florges, F
|poke|p1|Starmie
|poke|p2|Hitmonlee, M
|poke|p2|Hydreigon, M
|poke|p2|Nidoqueen, F
|poke|p2|Forretress, F
|poke|p2|Fletchinder, F
|poke|p2|Celebi
|rule|Swagger Clause: Swagger is banned
|rule|Baton Pass Clause: Limit one Pokémon knowing Baton Pass
|teampreview
|
|start
|switch|p1a: Arcanine|Arcanine, M|383\/383
|switch|p2a: Forretress|Forretress, F|354\/354
|-ability|p1a: Arcanine|Intimidate|[of] p2a: Forretress
|-unboost|p2a: Forretress|atk|1
|turn|1
|
|move|p1a: Arcanine|Will-O-Wisp|p2a: Forretress|[miss]
|-miss|p1a: Arcanine|p2a: Forretress
|move|p2a: Forretress|Spikes|p1a: Arcanine
|-sidestart|p1: Damnosaur|Spikes
|
|turn|2
|
|move|p1a: Arcanine|Will-O-Wisp|p2a: Forretress
|-status|p2a: Forretress|brn
|move|p2a: Forretress|Volt Switch|p1a: Arcanine
|-damage|p1a: Arcanine|337\/383
|
|switch|p2a: Nidoqueen|Nidoqueen, F|384\/384
|
|-heal|p1a: Arcanine|360\/383|[from] item: Leftovers
|turn|3
|
|switch|p1a: Snorlax|Snorlax, F|497\/497
|-damage|p1a: Snorlax|435\/497|[from] Spikes
|move|p2a: Nidoqueen|Earth Power|p1a: Snorlax
|-damage|p1a: Snorlax|297\/497
|
|-heal|p1a: Snorlax|328\/497|[from] item: Leftovers
|turn|4
|
|switch|p2a: Fletchinder|Fletchinder, F|266\/266
|move|p1a: Snorlax|Body Slam|p2a: Fletchinder
|-damage|p2a: Fletchinder|76\/266
|
|-heal|p1a: Snorlax|359\/497|[from] item: Leftovers
|turn|5
|
|switch|p1a: Arcanine|Arcanine, M|360\/383
|-damage|p1a: Arcanine|313\/383|[from] Spikes
|-ability|p1a: Arcanine|Intimidate|[of] p2a: Fletchinder
|-unboost|p2a: Fletchinder|atk|1
|move|p2a: Fletchinder|U-turn|p1a: Arcanine
|-resisted|p1a: Arcanine
|-damage|p1a: Arcanine|298\/383
|
|switch|p2a: Hydreigon|Hydreigon, M|325\/325
|
|-heal|p1a: Arcanine|321\/383|[from] item: Leftovers
|turn|6
|
|move|p2a: Hydreigon|Dark Pulse|p1a: Arcanine
|-damage|p1a: Arcanine|147\/383
|move|p1a: Arcanine|Flare Blitz|p2a: Hydreigon
|-resisted|p2a: Hydreigon
|-damage|p2a: Hydreigon|234\/325
|-status|p2a: Hydreigon|brn
|-damage|p1a: Arcanine|117\/383|[from] recoil|[of] p2a: Hydreigon
|
|-heal|p1a: Arcanine|140\/383|[from] item: Leftovers
|-damage|p2a: Hydreigon|194\/325 brn|[from] brn
|turn|7
|
|switch|p1a: Florges|Florges, F|360\/360
|-damage|p1a: Florges|315\/360|[from] Spikes
|move|p2a: Hydreigon|Dark Pulse|p1a: Florges
|-resisted|p1a: Florges
|-damage|p1a: Florges|269\/360
|
|-heal|p1a: Florges|291\/360|[from] item: Leftovers
|-damage|p2a: Hydreigon|154\/325 brn|[from] brn
|turn|8
|
|switch|p2a: Forretress|Forretress, F|354\/354 brn
|move|p1a: Florges|Wish|p1a: Florges
|
|-heal|p1a: Florges|313\/360|[from] item: Leftovers
|-damage|p2a: Forretress|310\/354 brn|[from] brn
|turn|9
|
|switch|p1a: Arcanine|Arcanine, M|140\/383
|-damage|p1a: Arcanine|93\/383|[from] Spikes
|-ability|p1a: Arcanine|Intimidate|[of] p2a: Forretress
|-unboost|p2a: Forretress|atk|1
|move|p2a: Forretress|Spikes|p1a: Arcanine
|-sidestart|p1: Damnosaur|Spikes
|
|-heal|p1a: Arcanine|273\/383|[from] move: Wish|[wisher] Florges
|-heal|p1a: Arcanine|296\/383|[from] item: Leftovers
|-damage|p2a: Forretress|266\/354 brn|[from] brn
|turn|10
|
|switch|p2a: Hydreigon|Hydreigon, M|154\/325 brn
|move|p1a: Arcanine|Flare Blitz|p2a: Hydreigon
|-resisted|p2a: Hydreigon
|-damage|p2a: Hydreigon|67\/325 brn
|-damage|p1a: Arcanine|267\/383|[from] recoil|[of] p2a: Hydreigon
|
|-heal|p1a: Arcanine|290\/383|[from] item: Leftovers
|-damage|p2a: Hydreigon|27\/325 brn|[from] brn
|turn|11
|
|move|p1a: Arcanine|Extreme Speed|p2a: Hydreigon
|-crit|p2a: Hydreigon
|-damage|p2a: Hydreigon|0 fnt
|faint|p2a: Hydreigon
|
|-heal|p1a: Arcanine|313\/383|[from] item: Leftovers
|
|switch|p2a: Nidoqueen|Nidoqueen, F|384\/384
|turn|12
|
|switch|p1a: Starmie|Starmie|261\/261
|-damage|p1a: Starmie|218\/261|[from] Spikes
|move|p2a: Nidoqueen|Stealth Rock|p1a: Starmie
|-sidestart|p1: Damnosaur|move: Stealth Rock
|
|-heal|p1a: Starmie|234\/261|[from] item: Leftovers
|turn|13
|
|switch|p2a: Hitmonlee|Hitmonlee, M|242\/242
|move|p1a: Starmie|Rapid Spin|p2a: Hitmonlee
|-damage|p2a: Hitmonlee|218\/242
|-sideend|p1: Damnosaur|Spikes|[from] move: Rapid Spin|[of] p1a: Starmie
|-sideend|p1: Damnosaur|Stealth Rock|[from] move: Rapid Spin|[of] p1a: Starmie
|
|-heal|p1a: Starmie|250\/261|[from] item: Leftovers
|turn|14
|
|move|p2a: Hitmonlee|Fake Out|p1a: Starmie
|-enditem|p2a: Hitmonlee|Normal Gem|[from] gem|[move] Fake Out
|-damage|p1a: Starmie|173\/261
|cant|p1a: Starmie|flinch
|
|-heal|p1a: Starmie|189\/261|[from] item: Leftovers
|turn|15
|
|move|p2a: Hitmonlee|Knock Off|p1a: Starmie
|-supereffective|p1a: Starmie
|-damage|p1a: Starmie|0 fnt
|-enditem|p1a: Starmie|Leftovers|[from] move: Knock Off|[of] p2a: Hitmonlee
|faint|p1a: Starmie
|
|
|switch|p1a: Arcanine|Arcanine, M|313\/383
|-ability|p1a: Arcanine|Intimidate|[of] p2a: Hitmonlee
|-unboost|p2a: Hitmonlee|atk|1
|turn|16
|
|move|p2a: Hitmonlee|Knock Off|p1a: Arcanine
|-damage|p1a: Arcanine|247\/383
|-enditem|p1a: Arcanine|Leftovers|[from] move: Knock Off|[of] p2a: Hitmonlee
|move|p1a: Arcanine|Will-O-Wisp|p2a: Hitmonlee
|-status|p2a: Hitmonlee|brn
|
|-damage|p2a: Hitmonlee|188\/242 brn|[from] brn
|turn|17
|
|move|p2a: Hitmonlee|Earthquake|p1a: Arcanine
|-supereffective|p1a: Arcanine
|-damage|p1a: Arcanine|179\/383
|move|p1a: Arcanine|Morning Sun|p1a: Arcanine
|-heal|p1a: Arcanine|370\/383
|
|-damage|p2a: Hitmonlee|158\/242 brn|[from] brn
|turn|18
|leave|fssong
|player|p2
|-message|fssong lost due to inactivity.
|
|win|Damnosaur
|raw|Ladder updating...
|raw|Ladder (probably) updated, but score could not be retrieved (timeout).
|raw|Ladder (probably) updated, but score could not be retrieved (Error: socket hang up).