|join|Damnosaur
|join|Cerealman
|player|p1|Damnosaur|167
|player|p2|Cerealman|115
|gametype|singles
|gen|6
|tier|UU
|rated
|rule|Sleep Clause Mod: Limit one foe put to sleep
|rule|Species Clause: Limit one of each Pokémon
|rule|OHKO Clause: OHKO moves are banned
|rule|Moody Clause: Moody is banned
|rule|Evasion Moves Clause: Evasion moves are banned
|rule|Endless Battle Clause: Forcing endless battles is banned
|rule|HP Percentage Mod: HP is reported as percentages
|clearpoke
|poke|p1|Archeops, M
|poke|p1|Delphox, F
|poke|p1|Eelektross, F
|poke|p1|Aromatisse, M
|poke|p1|Gligar, F
|poke|p1|Drapion, M
|poke|p2|Toxicroak, M, shiny
|poke|p2|Flygon, M, shiny
|poke|p2|Entei, shiny
|poke|p2|Celebi, shiny
|poke|p2|Blastoise, M, shiny
|poke|p2|Raikou, shiny
|rule|Swagger Clause: Swagger is banned
|rule|Baton Pass Clause: Limit three Pokémon knowing Baton Pass
|teampreview
|
|start
|switch|p1a: Eelektross|Eelektross, F|374\/374
|switch|p2a: Flygon|Flygon, M, shiny|301\/301
|turn|1
|
|move|p2a: Flygon|Outrage|p1a: Eelektross
|-damage|p1a: Eelektross|154\/374
|move|p1a: Eelektross|Knock Off|p2a: Flygon
|-damage|p2a: Flygon|192\/301
|-enditem|p2a: Flygon|Choice Scarf|[from] move: Knock Off|[of] p1a: Eelektross
|
|turn|2
|
|switch|p1a: Gligar|Gligar, F|333\/333
|move|p2a: Flygon|Outrage|p1a: Gligar
|-damage|p1a: Gligar|248\/333
|
|turn|3
|
|move|p2a: Flygon|Outrage|p1a: Gligar
|-damage|p1a: Gligar|158\/333
|move|p1a: Gligar|Stealth Rock|p2a: Flygon
|-sidestart|p2: Cerealman|move: Stealth Rock
|
|-end|p2a: Flygon|rampage
|-start|p2a: Flygon|confusion
|turn|4
|
|-activate|p2a: Flygon|confusion
|move|p2a: Flygon|U-turn|p1a: Gligar
|-resisted|p1a: Gligar
|-damage|p1a: Gligar|143\/333
|
|switch|p2a: Blastoise|Blastoise, M, shiny|362\/362
|-damage|p2a: Blastoise|317\/362|[from] Stealth Rock
|move|p1a: Gligar|Roost|p1a: Gligar
|-heal|p1a: Gligar|310\/333
|
|turn|5
|
|switch|p1a: Aromatisse|Aromatisse, M|406\/406
|detailschange|p2a: Blastoise|Blastoise-Mega, M, shiny
|message|Blastoise has Mega Evolved into Mega Blastoise!
|move|p2a: Blastoise|Rapid Spin|p1a: Aromatisse
|-damage|p1a: Aromatisse|386\/406
|-sideend|p2: Cerealman|Stealth Rock|[from] move: Rapid Spin|[of] p2a: Blastoise
|
|-heal|p1a: Aromatisse|406\/406|[from] item: Leftovers
|turn|6
|
|switch|p2a: Toxicroak|Toxicroak, M, shiny|370\/370
|move|p1a: Aromatisse|Wish|p1a: Aromatisse
|
|turn|7
|
|switch|p1a: Archeops|Archeops, M|291\/291
|move|p2a: Toxicroak|Bulk Up|p2a: Toxicroak
|-boost|p2a: Toxicroak|atk|1
|-boost|p2a: Toxicroak|def|1
|
|turn|8
|
|move|p2a: Toxicroak|Sucker Punch|p1a: Archeops
|-damage|p1a: Archeops|105\/291
|-status|p1a: Archeops|psn
|move|p1a: Archeops|Acrobatics|p2a: Toxicroak
|-supereffective|p2a: Toxicroak
|-damage|p2a: Toxicroak|164\/370
|
|-heal|p2a: Toxicroak|187\/370|[from] item: Black Sludge
|-damage|p1a: Archeops|69\/291 psn|[from] psn
|turn|9
|
|move|p1a: Archeops|Acrobatics|p2a: Toxicroak
|-supereffective|p2a: Toxicroak
|-damage|p2a: Toxicroak|0 fnt
|faint|p2a: Toxicroak
|
|-damage|p1a: Archeops|33\/291 psn|[from] psn
|
|switch|p2a: Flygon|Flygon, M, shiny|192\/301
|turn|10
|
|move|p1a: Archeops|Acrobatics|p2a: Flygon
|-damage|p2a: Flygon|72\/301
|move|p2a: Flygon|U-turn|p1a: Archeops
|-resisted|p1a: Archeops
|-damage|p1a: Archeops|0 fnt
|faint|p1a: Archeops
|
|switch|p2a: Raikou|Raikou, shiny|322\/322
|-ability|p2a: Raikou|Pressure
|
|
|switch|p1a: Aromatisse|Aromatisse, M|406\/406
|turn|11
|
|move|p2a: Raikou|Volt Switch|p1a: Aromatisse
|-damage|p1a: Aromatisse|309\/406
|
|switch|p2a: Flygon|Flygon, M, shiny|72\/301
|move|p1a: Aromatisse|Wish|p1a: Aromatisse
|
|-heal|p1a: Aromatisse|334\/406|[from] item: Leftovers
|turn|12
|
|move|p2a: Flygon|Outrage|p1a: Aromatisse
|-immune|p1a: Aromatisse|[msg]
|move|p1a: Aromatisse|Moonblast|p2a: Flygon
|-crit|p2a: Flygon
|-supereffective|p2a: Flygon
|-damage|p2a: Flygon|0 fnt
|faint|p2a: Flygon
|
|-heal|p1a: Aromatisse|406\/406|[from] move: Wish|[wisher] Aromatisse
|
|switch|p2a: Entei|Entei, shiny|372\/372
|-ability|p2a: Entei|Pressure
|-item|p2a: Entei|Air Balloon
|turn|13
|
|switch|p1a: Gligar|Gligar, F|310\/333
|move|p2a: Entei|Sacred Fire|p1a: Gligar
|-damage|p1a: Gligar|220\/333
|
|turn|14
|
|switch|p2a: Blastoise|Blastoise-Mega, M, shiny|317\/362
|move|p1a: Gligar|Stealth Rock|p2a: Blastoise
|-sidestart|p2: Cerealman|move: Stealth Rock
|
|turn|15
|
|move|p1a: Gligar|Roost|p1a: Gligar
|-heal|p1a: Gligar|333\/333
|move|p2a: Blastoise|Water Pulse|p1a: Gligar
|-supereffective|p1a: Gligar
|-damage|p1a: Gligar|0 fnt
|faint|p1a: Gligar
|
|
|switch|p1a: Eelektross|Eelektross, F|154\/374
|turn|16
|
|switch|p2a: Raikou|Raikou, shiny|322\/322
|-damage|p2a: Raikou|282\/322|[from] Stealth Rock
|-ability|p2a: Raikou|Pressure
|move|p1a: Eelektross|Giga Drain|p2a: Raikou
|-damage|p2a: Raikou|229\/322
|-heal|p1a: Eelektross|181\/374|[from] drain|[of] p2a: Raikou
|
|turn|17
|
|move|p2a: Raikou|Volt Switch|p1a: Eelektross
|-resisted|p1a: Eelektross
|-damage|p1a: Eelektross|135\/374
|
|switch|p2a: Celebi|Celebi, shiny|396\/396
|-damage|p2a: Celebi|347\/396|[from] Stealth Rock
|move|p1a: Eelektross|Knock Off|p2a: Celebi
|-supereffective|p2a: Celebi
|-damage|p2a: Celebi|183\/396
|-enditem|p2a: Celebi|Leftovers|[from] move: Knock Off|[of] p1a: Eelektross
|
|turn|18
|
|move|p2a: Celebi|Energy Ball|p1a: Eelektross
|-damage|p1a: Eelektross|17\/374
|move|p1a: Eelektross|Flamethrower|p2a: Celebi
|-supereffective|p2a: Celebi
|-damage|p2a: Celebi|0 fnt
|faint|p2a: Celebi
|
|
|switch|p2a: Entei|Entei, shiny|372\/372
|-damage|p2a: Entei|279\/372|[from] Stealth Rock
|-ability|p2a: Entei|Pressure
|-item|p2a: Entei|Air Balloon
|turn|19
|
|move|p2a: Entei|Flare Blitz|p1a: Eelektross
|-damage|p1a: Eelektross|0 fnt
|-damage|p2a: Entei|273\/372|[from] recoil|[of] p1a: Eelektross
|faint|p1a: Eelektross
|
|
|switch|p1a: Drapion|Drapion, M|344\/344
|turn|20
|
|move|p2a: Entei|Sacred Fire|p1a: Drapion
|-damage|p1a: Drapion|221\/344
|-status|p1a: Drapion|brn
|move|p1a: Drapion|Knock Off|p2a: Entei
|-damage|p2a: Entei|210\/372
|-enditem|p2a: Entei|Air Balloon
|
|-heal|p1a: Drapion|242\/344 brn|[from] item: Black Sludge
|-damage|p1a: Drapion|199\/344 brn|[from] brn
|turn|21
|
|switch|p2a: Blastoise|Blastoise-Mega, M, shiny|317\/362
|-damage|p2a: Blastoise|272\/362|[from] Stealth Rock
|move|p1a: Drapion|Toxic Spikes|p2a: Blastoise
|-sidestart|p2: Cerealman|move: Toxic Spikes
|
|-heal|p1a: Drapion|220\/344 brn|[from] item: Black Sludge
|-damage|p1a: Drapion|177\/344 brn|[from] brn
|turn|22
|
|switch|p1a: Aromatisse|Aromatisse, M|406\/406
|move|p2a: Blastoise|Rapid Spin|p1a: Aromatisse
|-damage|p1a: Aromatisse|388\/406
|-sideend|p2: Cerealman|Toxic Spikes|[from] move: Rapid Spin|[of] p2a: Blastoise
|-sideend|p2: Cerealman|Stealth Rock|[from] move: Rapid Spin|[of] p2a: Blastoise
|
|-heal|p1a: Aromatisse|406\/406|[from] item: Leftovers
|turn|23
|
|move|p2a: Blastoise|Water Pulse|p1a: Aromatisse
|-damage|p1a: Aromatisse|256\/406
|move|p1a: Aromatisse|Moonblast|p2a: Blastoise
|-damage|p2a: Blastoise|175\/362
|
|-heal|p1a: Aromatisse|281\/406|[from] item: Leftovers
|turn|24
|
|move|p2a: Blastoise|Water Pulse|p1a: Aromatisse
|-damage|p1a: Aromatisse|139\/406
|move|p1a: Aromatisse|Wish|p1a: Aromatisse
|
|-heal|p1a: Aromatisse|164\/406|[from] item: Leftovers
|turn|25
|
|switch|p2a: Entei|Entei, shiny|210\/372
|-ability|p2a: Entei|Pressure
|move|p1a: Aromatisse|Aromatherapy|p1a: Aromatisse
|-cureteam|p1a: Aromatisse|[from] move: Aromatherapy
|
|-heal|p1a: Aromatisse|367\/406|[from] move: Wish|[wisher] Aromatisse
|-heal|p1a: Aromatisse|392\/406|[from] item: Leftovers
|turn|26
|
|switch|p1a: Drapion|Drapion, M|177\/344
|move|p2a: Entei|Sacred Fire|p1a: Drapion
|-damage|p1a: Drapion|51\/344
|
|-heal|p1a: Drapion|72\/344|[from] item: Black Sludge
|turn|27
|
|move|p2a: Entei|Flare Blitz|p1a: Drapion
|-damage|p1a: Drapion|0 fnt
|-damage|p2a: Entei|186\/372|[from] recoil|[of] p1a: Drapion
|faint|p1a: Drapion
|
|
|switch|p1a: Delphox|Delphox, F|291\/291
|turn|28
|
|switch|p2a: Blastoise|Blastoise-Mega, M, shiny|175\/362
|move|p1a: Delphox|Psyshock|p2a: Blastoise
|-damage|p2a: Blastoise|31\/362
|-damage|p1a: Delphox|262\/291|[from] item: Life Orb
|
|turn|29
|
|move|p1a: Delphox|Psyshock|p2a: Blastoise
|-damage|p2a: Blastoise|0 fnt
|-damage|p1a: Delphox|233\/291|[from] item: Life Orb
|faint|p2a: Blastoise
|
|
|switch|p2a: Raikou|Raikou, shiny|229\/322
|-ability|p2a: Raikou|Pressure
|turn|30
|
|switch|p1a: Aromatisse|Aromatisse, M|392\/406
|move|p2a: Raikou|Thunderbolt|p1a: Aromatisse
|-damage|p1a: Aromatisse|283\/406
|-status|p1a: Aromatisse|par
|
|-heal|p1a: Aromatisse|308\/406 par|[from] item: Leftovers
|turn|31
|
|switch|p1a: Delphox|Delphox, F|233\/291
|move|p2a: Raikou|Thunderbolt|p1a: Delphox
|-damage|p1a: Delphox|83\/291
|
|turn|32
|
|switch|p1a: Aromatisse|Aromatisse, M|308\/406 par
|move|p2a: Raikou|Thunderbolt|p1a: Aromatisse
|-damage|p1a: Aromatisse|191\/406 par
|
|-heal|p1a: Aromatisse|216\/406 par|[from] item: Leftovers
|turn|33
|
|move|p2a: Raikou|Volt Switch|p1a: Aromatisse
|-damage|p1a: Aromatisse|128\/406 par
|
|switch|p2a: Entei|Entei, shiny|186\/372
|-ability|p2a: Entei|Pressure
|move|p1a: Aromatisse|Wish|p1a: Aromatisse
|
|-heal|p1a: Aromatisse|153\/406 par|[from] item: Leftovers
|turn|34
|
|move|p1a: Aromatisse|Protect|p1a: Aromatisse
|-singleturn|p1a: Aromatisse|Protect
|move|p2a: Entei|Stone Edge|p1a: Aromatisse
|-activate|p1a: Aromatisse|Protect
|
|-heal|p1a: Aromatisse|356\/406 par|[from] move: Wish|[wisher] Aromatisse
|-heal|p1a: Aromatisse|381\/406 par|[from] item: Leftovers
|turn|35
|
|move|p2a: Entei|Flare Blitz|p1a: Aromatisse
|-damage|p1a: Aromatisse|92\/406 par
|-damage|p2a: Entei|91\/372|[from] recoil|[of] p1a: Aromatisse
|cant|p1a: Aromatisse|par
|
|-heal|p1a: Aromatisse|117\/406 par|[from] item: Leftovers
|turn|36
|
|move|p1a: Aromatisse|Protect|p1a: Aromatisse
|-singleturn|p1a: Aromatisse|Protect
|move|p2a: Entei|Flare Blitz|p1a: Aromatisse
|-activate|p1a: Aromatisse|Protect
|
|-heal|p1a: Aromatisse|142\/406 par|[from] item: Leftovers
|turn|37
|
|switch|p1a: Delphox|Delphox, F|83\/291
|move|p2a: Entei|Flare Blitz|p1a: Delphox
|-resisted|p1a: Delphox
|-damage|p1a: Delphox|0 fnt
|-damage|p2a: Entei|64\/372|[from] recoil|[of] p1a: Delphox
|faint|p1a: Delphox
|
|
|switch|p1a: Aromatisse|Aromatisse, M|142\/406 par
|turn|38
|
|move|p2a: Entei|Flare Blitz|p1a: Aromatisse
|-damage|p1a: Aromatisse|0 fnt
|-damage|p2a: Entei|17\/372|[from] recoil|[of] p1a: Aromatisse
|faint|p1a: Aromatisse
|
|win|Cerealman
|raw|Ladder updating...
|raw|Damnosaur's rating: 1383 &rarr; <strong>1363<\/strong><br \/>(-20 for losing)
|raw|Cerealman's rating: 1381 &rarr; <strong>1401<\/strong><br \/>(+20 for winning)
|leave|Damnosaur
|player|p1