|join|Damnosaur
|join|KDogfire
|player|p1|Damnosaur|167
|player|p2|KDogfire|163
|gametype|singles
|gen|6
|tier|UU
|rated
|rule|Sleep Clause Mod: Limit one foe put to sleep
|rule|Species Clause: Limit one of each Pokémon
|rule|OHKO Clause: OHKO moves are banned
|rule|Moody Clause: Moody is banned
|rule|Evasion Moves Clause: Evasion moves are banned
|rule|Endless Battle Clause: Forcing endless battles is banned
|rule|HP Percentage Mod: HP is shown in percentages
|clearpoke
|poke|p1|Dragalge, F
|poke|p1|Beedrill, F
|poke|p1|Aerodactyl, F
|poke|p1|Zygarde
|poke|p1|Jirachi
|poke|p1|Suicune
|poke|p2|Cofagrigus, M
|poke|p2|Diancie
|poke|p2|Beedrill, F
|poke|p2|Tentacruel, M
|poke|p2|Galvantula, M
|poke|p2|Rotom-Heat
|rule|Swagger Clause: Swagger is banned
|rule|Baton Pass Clause: Limit one Pokémon knowing Baton Pass
|teampreview
|
|start
|switch|p1a: Jirachi|Jirachi|341\/341
|switch|p2a: Diancie|Diancie|304\/304
|turn|1
|
|switch|p2a: Rotom-Heat|Rotom-Heat|241\/241
|move|p1a: Jirachi|Iron Head|p2a: Rotom-Heat
|-resisted|p2a: Rotom-Heat
|-damage|p2a: Rotom-Heat|213\/241
|
|turn|2
|
|switch|p1a: Zygarde|Zygarde|358\/358
|-ability|p1a: Zygarde|Aura Break
|move|p2a: Rotom-Heat|Will-O-Wisp|p1a: Zygarde
|-status|p1a: Zygarde|brn
|-enditem|p1a: Zygarde|Lum Berry|[eat]
|-curestatus|p1a: Zygarde|brn
|
|turn|3
|
|switch|p1a: Dragalge|Dragalge, F|271\/271
|move|p2a: Rotom-Heat|Will-O-Wisp|p1a: Dragalge
|-status|p1a: Dragalge|brn
|
|-damage|p1a: Dragalge|238\/271 brn|[from] brn
|turn|4
|
|switch|p2a: Tentacruel|Tentacruel, M|301\/301
|move|p1a: Dragalge|Sludge Wave|p2a: Tentacruel
|-resisted|p2a: Tentacruel
|-damage|p2a: Tentacruel|213\/301
|
|-heal|p2a: Tentacruel|231\/301|[from] item: Leftovers
|-damage|p1a: Dragalge|205\/271 brn|[from] brn
|turn|5
|
|move|p2a: Tentacruel|Scald|p1a: Dragalge
|-resisted|p1a: Dragalge
|-damage|p1a: Dragalge|163\/271 brn
|move|p1a: Dragalge|Draco Meteor|p2a: Tentacruel
|-damage|p2a: Tentacruel|0 fnt
|-unboost|p1a: Dragalge|spa|2
|faint|p2a: Tentacruel
|
|-damage|p1a: Dragalge|130\/271 brn|[from] brn
|
|switch|p2a: Beedrill|Beedrill, F|271\/271
|turn|6
|
|switch|p1a: Suicune|Suicune|341\/341
|-ability|p1a: Suicune|Pressure
|detailschange|p2a: Beedrill|Beedrill-Mega, F
|-mega|p2a: Beedrill|Beedrill|Beedrillite
|move|p2a: Beedrill|U-turn|p1a: Suicune
|-damage|p1a: Suicune|189\/341
|
|switch|p2a: Galvantula|Galvantula, M|281\/281
|
|-heal|p1a: Suicune|210\/341|[from] item: Leftovers
|turn|7
|
|switch|p1a: Aerodactyl|Aerodactyl, F|301\/301
|-ability|p1a: Aerodactyl|Unnerve|p2: KDogfire
|move|p2a: Galvantula|Sticky Web|p1a: Aerodactyl
|-sidestart|p1: Damnosaur|move: Sticky Web
|
|turn|8
|
|switch|p2a: Diancie|Diancie|304\/304
|move|p1a: Aerodactyl|Stealth Rock|p2a: Diancie
|-sidestart|p2: KDogfire|move: Stealth Rock
|
|turn|9
|
|move|p1a: Aerodactyl|Taunt|p2a: Diancie
|-start|p2a: Diancie|move: Taunt
|cant|p2a: Diancie|move: Taunt|Stealth Rock
|
|turn|10
|
|switch|p1a: Jirachi|Jirachi|341\/341
|-activate|p1a: Jirachi|move: Sticky Web
|-unboost|p1a: Jirachi|spe|1
|move|p2a: Diancie|Diamond Storm|p1a: Jirachi
|-resisted|p1a: Jirachi
|-damage|p1a: Jirachi|281\/341
|-boost|p2a: Diancie|def|1
|
|turn|11
|
|switch|p2a: Rotom-Heat|Rotom-Heat|213\/241
|-damage|p2a: Rotom-Heat|153\/241|[from] Stealth Rock
|move|p1a: Jirachi|U-turn|p2a: Rotom-Heat
|-resisted|p2a: Rotom-Heat
|-damage|p2a: Rotom-Heat|121\/241
|
|switch|p1a: Aerodactyl|Aerodactyl, F|301\/301
|-ability|p1a: Aerodactyl|Unnerve|p2: KDogfire
|
|turn|12
|
|switch|p1a: Zygarde|Zygarde|358\/358
|-activate|p1a: Zygarde|move: Sticky Web
|-unboost|p1a: Zygarde|spe|1
|-ability|p1a: Zygarde|Aura Break
|move|p2a: Rotom-Heat|Volt Switch|p1a: Zygarde
|-immune|p1a: Zygarde|[msg]
|
|turn|13
|
|switch|p2a: Diancie|Diancie|304\/304
|-damage|p2a: Diancie|266\/304|[from] Stealth Rock
|move|p1a: Zygarde|Dragon Dance|p1a: Zygarde
|-boost|p1a: Zygarde|atk|1
|-boost|p1a: Zygarde|spe|1
|
|-heal|p2a: Diancie|285\/304|[from] item: Leftovers
|turn|14
|
|move|p1a: Zygarde|Earthquake|p2a: Diancie
|-supereffective|p2a: Diancie
|-damage|p2a: Diancie|0 fnt
|faint|p2a: Diancie
|
|
|switch|p2a: Cofagrigus|Cofagrigus, M|320\/320
|-damage|p2a: Cofagrigus|280\/320|[from] Stealth Rock
|turn|15
|
|move|p1a: Zygarde|Earthquake|p2a: Cofagrigus
|-damage|p2a: Cofagrigus|112\/320
|move|p2a: Cofagrigus|Will-O-Wisp|p1a: Zygarde
|-status|p1a: Zygarde|brn
|
|-heal|p2a: Cofagrigus|132\/320|[from] item: Leftovers
|-damage|p1a: Zygarde|314\/358 brn|[from] brn
|turn|16
|
|switch|p1a: Suicune|Suicune|210\/341
|-activate|p1a: Suicune|move: Sticky Web
|-unboost|p1a: Suicune|spe|1
|-ability|p1a: Suicune|Pressure
|switch|p2a: Rotom-Heat|Rotom-Heat|121\/241
|-damage|p2a: Rotom-Heat|61\/241|[from] Stealth Rock
|
|-heal|p1a: Suicune|231\/341|[from] item: Leftovers
|turn|17
|
|switch|p1a: Dragalge|Dragalge, F|130\/271 brn
|-activate|p1a: Dragalge|move: Sticky Web
|-unboost|p1a: Dragalge|spe|1
|move|p2a: Rotom-Heat|Trick|p1a: Dragalge
|-activate|p2a: Rotom-Heat|move: Trick|[of] p1a: Dragalge
|-item|p1a: Dragalge|Choice Scarf|[from] move: Trick
|-item|p2a: Rotom-Heat|Draco Plate|[from] move: Trick
|
|-damage|p1a: Dragalge|97\/271 brn|[from] brn
|turn|18
|-message|KDogfire forfeited.
|leave|KDogfire
|
|win|Damnosaur
|raw|Ladder updating...
|player|p2
|raw|Damnosaur's rating: 1241 &rarr; <strong>1259<\/strong><br \/>(+18 for winning)
|raw|KDogfire's rating: 1131 &rarr; <strong>1113<\/strong><br \/>(-18 for losing)