|join|El Venao
|join|Dumb bass
|player|p1|El Venao|282
|player|p2|Dumb bass|2
|gametype|singles
|gen|6
|tier|OU
|rated
|clearpoke
|poke|p1|Bisharp, M
|poke|p1|Heracross, M
|poke|p1|Delphox, M, shiny
|poke|p1|Blissey, F
|poke|p1|Scolipede, M, shiny
|poke|p1|Slowbro, M, shiny
|poke|p2|Excadrill, F
|poke|p2|Magnezone
|poke|p2|Tyranitar, M
|poke|p2|Charizard, M
|poke|p2|Cresselia, F
|poke|p2|Breloom, F
|rule|Swagger Clause: Swagger is banned
|rule|Baton Pass Clause: Limit one Pokémon knowing Baton Pass
|rule|Sleep Clause Mod: Limit one foe put to sleep
|rule|Species Clause: Limit one of each Pokémon
|rule|OHKO Clause: OHKO moves are banned
|rule|Moody Clause: Moody is banned
|rule|Evasion Moves Clause: Evasion moves are banned
|rule|Endless Battle Clause: Forcing endless battles is banned
|rule|HP Percentage Mod: HP is shown in percentages
|teampreview
|
|start
|switch|p1a: WannaBeOU|Scolipede, M, shiny|309\/309
|switch|p2a: Breloom|Breloom, F|324\/324
|turn|1
|
|move|p1a: WannaBeOU|Substitute|p1a: WannaBeOU
|-start|p1a: WannaBeOU|Substitute
|-damage|p1a: WannaBeOU|232\/309
|move|p2a: Breloom|Substitute|p2a: Breloom
|-start|p2a: Breloom|Substitute
|-damage|p2a: Breloom|243\/324
|
|-heal|p1a: WannaBeOU|251\/309|[from] item: Black Sludge
|-boost|p1a: WannaBeOU|spe|1|[from] ability: Speed Boost
|-status|p2a: Breloom|tox|[from] item: Toxic Orb
|turn|2
|
|move|p1a: WannaBeOU|Swords Dance|p1a: WannaBeOU
|-boost|p1a: WannaBeOU|atk|2
|move|p2a: Breloom|Drain Punch|p1a: WannaBeOU
|-resisted|p1a: WannaBeOU
|-activate|p1a: WannaBeOU|Substitute|[damage]
|-heal|p2a: Breloom|261\/324 tox|[from] drain|[of] p1a: WannaBeOU
|
|-heal|p1a: WannaBeOU|270\/309|[from] item: Black Sludge
|-heal|p2a: Breloom|301\/324 tox|[from] ability: Poison Heal
|-boost|p1a: WannaBeOU|spe|1|[from] ability: Speed Boost
|turn|3
|
|move|p1a: WannaBeOU|Swords Dance|p1a: WannaBeOU
|-boost|p1a: WannaBeOU|atk|2
|move|p2a: Breloom|Bullet Seed|p1a: WannaBeOU
|-resisted|p1a: WannaBeOU
|-activate|p1a: WannaBeOU|Substitute|[damage]
|-resisted|p1a: WannaBeOU
|-activate|p1a: WannaBeOU|Substitute|[damage]
|-resisted|p1a: WannaBeOU
|-activate|p1a: WannaBeOU|Substitute|[damage]
|-hitcount|p1a: WannaBeOU|3
|
|-heal|p1a: WannaBeOU|289\/309|[from] item: Black Sludge
|-heal|p2a: Breloom|324\/324 tox|[from] ability: Poison Heal
|-boost|p1a: WannaBeOU|spe|1|[from] ability: Speed Boost
|turn|4
|
|move|p1a: WannaBeOU|Swords Dance|p1a: WannaBeOU
|-boost|p1a: WannaBeOU|atk|2
|move|p2a: Breloom|Bullet Seed|p1a: WannaBeOU
|-resisted|p1a: WannaBeOU
|-end|p1a: WannaBeOU|Substitute
|-resisted|p1a: WannaBeOU
|-damage|p1a: WannaBeOU|276\/309
|-resisted|p1a: WannaBeOU
|-damage|p1a: WannaBeOU|264\/309
|-resisted|p1a: WannaBeOU
|-damage|p1a: WannaBeOU|252\/309
|-resisted|p1a: WannaBeOU
|-damage|p1a: WannaBeOU|239\/309
|-hitcount|p1a: WannaBeOU|5
|
|-heal|p1a: WannaBeOU|258\/309|[from] item: Black Sludge
|-boost|p1a: WannaBeOU|spe|1|[from] ability: Speed Boost
|turn|5
|
|switch|p2a: Charizard|Charizard, M|298\/298
|move|p1a: WannaBeOU|Substitute|p1a: WannaBeOU
|-start|p1a: WannaBeOU|Substitute
|-damage|p1a: WannaBeOU|181\/309
|
|-heal|p1a: WannaBeOU|200\/309|[from] item: Black Sludge
|-boost|p1a: WannaBeOU|spe|1|[from] ability: Speed Boost
|turn|6
|
|detailschange|p2a: Charizard|Charizard-Mega-X, M
|message|Charizard has Mega Evolved into Mega Charizard!
|move|p1a: WannaBeOU|Baton Pass|p1a: WannaBeOU
|
|switch|p1a: MyHusbando|Heracross, M|301\/301
|move|p2a: Charizard|Flare Blitz|p1a: MyHusbando
|-supereffective|p1a: MyHusbando
|-end|p1a: MyHusbando|Substitute
|-damage|p2a: Charizard|273\/298|[from] recoil|[of] p1a: MyHusbando
|
|turn|7
|
|detailschange|p1a: MyHusbando|Heracross-Mega, M
|message|Heracross has Mega Evolved into Mega Heracross!
|move|p1a: MyHusbando|Close Combat|p2a: Charizard
|-damage|p2a: Charizard|0 fnt
|-unboost|p1a: MyHusbando|def|1
|-unboost|p1a: MyHusbando|spd|1
|faint|p2a: Charizard
|
|c|★El Venao|well
|c|★El Venao|gg
|-message|Dumb bass forfeited.
|
|win|El Venao
|raw|Ladder updating...
|leave|Dumb bass
|player|p2
|raw|El Venao's rating: 1412 &rarr; <strong>1432<\/strong><br \/>(+20 for winning)
|raw|Dumb bass's rating: 1413 &rarr; <strong>1393<\/strong><br \/>(-20 for losing)