|join|Dumb bass
|join|lolegendaries
|player|p1|Dumb bass|23
|player|p2|lolegendaries|23
|gametype|singles
|gen|6
|tier|OU
|clearpoke
|poke|p1|Landorus-Therian, M
|poke|p1|Medicham, M
|poke|p1|Sharpedo, M
|poke|p1|Heatran, M
|poke|p1|Amoonguss, M
|poke|p1|Zapdos
|poke|p2|Magnezone
|poke|p2|Landorus-Therian, M
|poke|p2|Heatran, F, shiny
|poke|p2|Latios, M
|poke|p2|Keldeo
|poke|p2|Medicham, F
|rule|Swagger Clause: Swagger is banned
|rule|Baton Pass Clause: Limit one Pokémon knowing Baton Pass
|rule|Sleep Clause Mod: Limit one foe put to sleep
|rule|Species Clause: Limit one of each Pokémon
|rule|OHKO Clause: OHKO moves are banned
|rule|Moody Clause: Moody is banned
|rule|Evasion Moves Clause: Evasion moves are banned
|rule|Endless Battle Clause: Forcing endless battles is banned
|rule|HP Percentage Mod: HP is shown in percentages
|teampreview
|
|start
|switch|p1a: Landorus-Therian|Landorus-Therian, M|319\/319
|switch|p2a: Landorus-Therian|Landorus-Therian, M|320\/320
|-ability|p1a: Landorus-Therian|Intimidate|[of] p2a: Landorus-Therian
|-unboost|p2a: Landorus-Therian|atk|1
|-ability|p2a: Landorus-Therian|Intimidate|[of] p1a: Landorus-Therian
|-unboost|p1a: Landorus-Therian|atk|1
|turn|1
|
|move|p1a: Landorus-Therian|U-turn|p2a: Landorus-Therian
|-resisted|p2a: Landorus-Therian
|-damage|p2a: Landorus-Therian|284\/320
|
|switch|p1a: Medicham|Medicham, M|261\/261
|move|p2a: Landorus-Therian|U-turn|p1a: Medicham
|-damage|p1a: Medicham|179\/261
|
|switch|p2a: Medicham|Medicham, F|261\/261
|
|turn|2
|
|detailschange|p2a: Medicham|Medicham-Mega, F
|message|Medicham has Mega Evolved into Mega Medicham!
|detailschange|p1a: Medicham|Medicham-Mega, M
|message|Medicham has Mega Evolved into Mega Medicham!
|move|p1a: Medicham|Fake Out|p2a: Medicham
|-damage|p2a: Medicham|173\/261
|cant|p2a: Medicham|flinch
|
|turn|3
|
|switch|p1a: Landorus-Therian|Landorus-Therian, M|319\/319
|-ability|p1a: Landorus-Therian|Intimidate|[of] p2a: Medicham
|-unboost|p2a: Medicham|atk|1
|switch|p2a: Keldeo|Keldeo|323\/323
|
|turn|4
|
|switch|p1a: Amoonguss|Amoonguss, M|432\/432
|move|p2a: Keldeo|Scald|p1a: Amoonguss
|-resisted|p1a: Amoonguss
|-damage|p1a: Amoonguss|366\/432
|
|-heal|p1a: Amoonguss|393\/432|[from] item: Black Sludge
|turn|5
|
|switch|p2a: Heatran|Heatran, F, shiny|386\/386
|move|p1a: Amoonguss|Spore|p2a: Heatran
|-status|p2a: Heatran|slp
|
|-heal|p1a: Amoonguss|420\/432|[from] item: Black Sludge
|turn|6
|
|switch|p2a: Landorus-Therian|Landorus-Therian, M|284\/320
|-ability|p2a: Landorus-Therian|Intimidate|[of] p1a: Amoonguss
|-unboost|p1a: Amoonguss|atk|1
|switch|p1a: Medicham|Medicham-Mega, M|179\/261
|
|turn|7
|
|move|p1a: Medicham|Fake Out|p2a: Landorus-Therian
|-damage|p2a: Landorus-Therian|190\/320
|cant|p2a: Landorus-Therian|flinch
|
|turn|8
|
|switch|p1a: Zapdos|Zapdos|321\/321
|-ability|p1a: Zapdos|Pressure
|move|p2a: Landorus-Therian|Earthquake|p1a: Zapdos
|-immune|p1a: Zapdos|[msg]
|
|turn|9
|
|switch|p2a: Heatran|Heatran, F, shiny|386\/386 slp
|move|p1a: Zapdos|Volt Switch|p2a: Heatran
|-damage|p2a: Heatran|302\/386 slp
|
|switch|p1a: Heatran|Heatran, M|373\/373
|
|-heal|p2a: Heatran|326\/386 slp|[from] item: Leftovers
|turn|10
|
|switch|p2a: Medicham|Medicham-Mega, F|173\/261
|move|p1a: Heatran|Stealth Rock|p2a: Medicham
|-sidestart|p2: lolegendaries|move: Stealth Rock
|
|turn|11
|
|switch|p1a: Zapdos|Zapdos|321\/321
|-ability|p1a: Zapdos|Pressure
|move|p2a: Medicham|High Jump Kick|p1a: Zapdos
|-resisted|p1a: Zapdos
|-damage|p1a: Zapdos|113\/321
|
|-heal|p1a: Zapdos|133\/321|[from] item: Leftovers
|turn|12
|
|move|p2a: Medicham|High Jump Kick|p1a: Zapdos|[miss]
|-miss|p2a: Medicham|p1a: Zapdos
|-damage|p2a: Medicham|43\/261|[from] highjumpkick
|move|p1a: Zapdos|Volt Switch|p2a: Medicham
|-damage|p2a: Medicham|0 fnt
|faint|p2a: Medicham
|
|switch|p1a: Landorus-Therian|Landorus-Therian, M|319\/319
|
|
|switch|p2a: Keldeo|Keldeo|323\/323
|-damage|p2a: Keldeo|303\/323|[from] Stealth Rock
|turn|13
|
|switch|p1a: Amoonguss|Amoonguss, M|432\/432
|move|p2a: Keldeo|Scald|p1a: Amoonguss
|-resisted|p1a: Amoonguss
|-damage|p1a: Amoonguss|373\/432
|
|-heal|p1a: Amoonguss|400\/432|[from] item: Black Sludge
|turn|14
|
|switch|p2a: Heatran|Heatran, F, shiny|326\/386 slp
|-damage|p2a: Heatran|278\/386 slp|[from] Stealth Rock
|move|p1a: Amoonguss|Giga Drain|p2a: Heatran
|-resisted|p2a: Heatran
|-damage|p2a: Heatran|266\/386 slp
|-heal|p1a: Amoonguss|406\/432|[from] drain|[of] p2a: Heatran
|
|-heal|p2a: Heatran|290\/386 slp|[from] item: Leftovers
|-heal|p1a: Amoonguss|432\/432|[from] item: Black Sludge
|turn|15
|
|switch|p1a: Medicham|Medicham-Mega, M|179\/261
|cant|p2a: Heatran|slp
|
|-heal|p2a: Heatran|314\/386 slp|[from] item: Leftovers
|turn|16
|
|move|p1a: Medicham|Drain Punch|p2a: Heatran
|-supereffective|p2a: Heatran
|-damage|p2a: Heatran|0 fnt
|-heal|p1a: Medicham|261\/261|[from] drain|[of] p2a: Heatran
|faint|p2a: Heatran
|
|
|switch|p2a: Latios|Latios, M|302\/302
|-damage|p2a: Latios|265\/302|[from] Stealth Rock
|turn|17
|
|switch|p1a: Heatran|Heatran, M|373\/373
|move|p2a: Latios|Hidden Power|p1a: Heatran
|-supereffective|p1a: Heatran
|-damage|p1a: Heatran|201\/373
|-damage|p2a: Latios|235\/302|[from] item: Life Orb
|
|-heal|p1a: Heatran|224\/373|[from] item: Leftovers
|turn|18
|
|move|p2a: Latios|Hidden Power|p1a: Heatran
|-supereffective|p1a: Heatran
|-damage|p1a: Heatran|42\/373
|-damage|p2a: Latios|205\/302|[from] item: Life Orb
|move|p1a: Heatran|Flash Cannon|p2a: Latios
|-damage|p2a: Latios|96\/302
|
|-heal|p1a: Heatran|65\/373|[from] item: Leftovers
|turn|19
|
|switch|p1a: Landorus-Therian|Landorus-Therian, M|319\/319
|-ability|p1a: Landorus-Therian|Intimidate|[of] p2a: Latios
|-unboost|p2a: Latios|atk|1
|move|p2a: Latios|Hidden Power|p1a: Landorus-Therian
|-resisted|p1a: Landorus-Therian
|-damage|p1a: Landorus-Therian|267\/319
|-damage|p2a: Latios|66\/302|[from] item: Life Orb
|
|turn|20
|
|switch|p2a: Magnezone|Magnezone|324\/324
|-damage|p2a: Magnezone|304\/324|[from] Stealth Rock
|move|p1a: Landorus-Therian|U-turn|p2a: Magnezone
|-resisted|p2a: Magnezone
|-damage|p2a: Magnezone|268\/324
|
|switch|p1a: Heatran|Heatran, M|65\/373
|
|-heal|p1a: Heatran|88\/373|[from] item: Leftovers
|turn|21
|
|move|p1a: Heatran|Lava Plume|p2a: Magnezone
|-supereffective|p2a: Magnezone
|-damage|p2a: Magnezone|0 fnt
|faint|p2a: Magnezone
|
|-heal|p1a: Heatran|111\/373|[from] item: Leftovers
|
|switch|p2a: Keldeo|Keldeo|303\/323
|-damage|p2a: Keldeo|283\/323|[from] Stealth Rock
|turn|22
|
|switch|p1a: Amoonguss|Amoonguss, M|432\/432
|move|p2a: Keldeo|Hydro Pump|p1a: Amoonguss
|-resisted|p1a: Amoonguss
|-damage|p1a: Amoonguss|348\/432
|
|-heal|p1a: Amoonguss|375\/432|[from] item: Black Sludge
|turn|23
|
|switch|p2a: Landorus-Therian|Landorus-Therian, M|190\/320
|-damage|p2a: Landorus-Therian|150\/320|[from] Stealth Rock
|-ability|p2a: Landorus-Therian|Intimidate|[of] p1a: Amoonguss
|-unboost|p1a: Amoonguss|atk|1
|move|p1a: Amoonguss|Spore|p2a: Landorus-Therian
|-status|p2a: Landorus-Therian|slp
|
|-heal|p1a: Amoonguss|402\/432|[from] item: Black Sludge
|turn|24
|
|switch|p1a: Sharpedo|Sharpedo, M|281\/281
|cant|p2a: Landorus-Therian|slp
|
|turn|25
|
|switch|p2a: Keldeo|Keldeo|283\/323
|-damage|p2a: Keldeo|263\/323|[from] Stealth Rock
|move|p1a: Sharpedo|Protect|p1a: Sharpedo
|-fail|p1a: Sharpedo
|
|-boost|p1a: Sharpedo|spe|1|[from] ability: Speed Boost
|turn|26
|
|switch|p1a: Amoonguss|Amoonguss, M|432\/432
|move|p2a: Keldeo|Hidden Power|p1a: Amoonguss
|-resisted|p1a: Amoonguss
|-damage|p1a: Amoonguss|398\/432
|
|-heal|p1a: Amoonguss|425\/432|[from] item: Black Sludge
|turn|27
|
|switch|p2a: Landorus-Therian|Landorus-Therian, M|150\/320 slp
|-damage|p2a: Landorus-Therian|110\/320 slp|[from] Stealth Rock
|-ability|p2a: Landorus-Therian|Intimidate|[of] p1a: Amoonguss
|-unboost|p1a: Amoonguss|atk|1
|move|p1a: Amoonguss|Sludge Bomb|p2a: Landorus-Therian
|-resisted|p2a: Landorus-Therian
|-damage|p2a: Landorus-Therian|56\/320 slp
|
|-heal|p1a: Amoonguss|432\/432|[from] item: Black Sludge
|turn|28
|
|-curestatus|p2a: Landorus-Therian|slp
|move|p2a: Landorus-Therian|Knock Off|p1a: Amoonguss
|-damage|p1a: Amoonguss|235\/432
|-enditem|p1a: Amoonguss|Black Sludge|[from] move: Knock Off|[of] p2a: Landorus-Therian
|move|p1a: Amoonguss|Giga Drain|p2a: Landorus-Therian
|-damage|p2a: Landorus-Therian|0 fnt
|-heal|p1a: Amoonguss|263\/432|[from] drain|[of] p2a: Landorus-Therian
|faint|p2a: Landorus-Therian
|
|
|switch|p2a: Keldeo|Keldeo|263\/323
|-damage|p2a: Keldeo|243\/323|[from] Stealth Rock
|turn|29
|
|move|p2a: Keldeo|Scald|p1a: Amoonguss
|-resisted|p1a: Amoonguss
|-damage|p1a: Amoonguss|194\/432
|-status|p1a: Amoonguss|brn
|move|p1a: Amoonguss|Giga Drain|p2a: Keldeo
|-supereffective|p2a: Keldeo
|-damage|p2a: Keldeo|67\/323
|-heal|p1a: Amoonguss|282\/432 brn|[from] drain|[of] p2a: Keldeo
|
|-damage|p1a: Amoonguss|228\/432 brn|[from] brn
|turn|30
|
|move|p2a: Keldeo|Scald|p1a: Amoonguss
|-resisted|p1a: Amoonguss
|-damage|p1a: Amoonguss|165\/432 brn
|move|p1a: Amoonguss|Sludge Bomb|p2a: Keldeo
|-damage|p2a: Keldeo|0 fnt
|faint|p2a: Keldeo
|
|-damage|p1a: Amoonguss|111\/432 brn|[from] brn
|
|switch|p2a: Latios|Latios, M|66\/302
|-damage|p2a: Latios|29\/302|[from] Stealth Rock
|turn|31
|
|move|p2a: Latios|Psyshock|p1a: Amoonguss
|-supereffective|p1a: Amoonguss
|-damage|p1a: Amoonguss|0 fnt
|-damage|p2a: Latios|0 fnt|[from] item: Life Orb
|faint|p1a: Amoonguss
|faint|p2a: Latios
|
|win|Dumb bass
|leave|lolegendaries
|player|p2
|c|★Dumb bass|this on is for you henry