|join|BFoxy
|join|DarkNinja5
|player|p1|BFoxy|172
|player|p2|DarkNinja5|101
|gametype|singles
|gen|6
|tier|UU
|rated
|rule|Sleep Clause Mod: Limit one foe put to sleep
|rule|Species Clause: Limit one of each Pokémon
|rule|OHKO Clause: OHKO moves are banned
|rule|Moody Clause: Moody is banned
|rule|Evasion Moves Clause: Evasion moves are banned
|rule|Endless Battle Clause: Forcing endless battles is banned
|rule|HP Percentage Mod: HP is reported as percentages
|clearpoke
|poke|p1|Gothorita, F
|poke|p1|Blissey, F
|poke|p1|Gligar, M
|poke|p1|Alomomola, F
|poke|p1|Mew
|poke|p1|Kyurem, shiny
|poke|p2|Roserade, F
|poke|p2|Flygon, F
|poke|p2|Blastoise, M
|poke|p2|Victini, shiny
|poke|p2|Lucario, F
|poke|p2|Azelf
|rule|Swagger Clause: Swagger is banned
|rule|Baton Pass Clause: Limit three Pokémon knowing Baton Pass
|teampreview
|
|start
|switch|p1a: Mew|Mew|404\/404
|switch|p2a: Victini|Victini, shiny|341\/341
|turn|1
|
|switch|p1a: Clit|Alomomola, F|534\/534
|move|p2a: Victini|V-create|p1a: Clit
|-resisted|p1a: Clit
|-damage|p1a: Clit|360\/534
|-unboost|p2a: Victini|def|1
|-unboost|p2a: Victini|spd|1
|-unboost|p2a: Victini|spe|1
|
|-heal|p1a: Clit|393\/534|[from] item: Leftovers
|turn|2
|
|switch|p2a: Roserade|Roserade, F|324\/324
|move|p1a: Clit|Scald|p2a: Roserade
|-resisted|p2a: Roserade
|-damage|p2a: Roserade|307\/324
|
|-heal|p2a: Roserade|324\/324|[from] item: Black Sludge
|-heal|p1a: Clit|426\/534|[from] item: Leftovers
|turn|3
|
|switch|p1a: Mew|Mew|404\/404
|move|p2a: Roserade|Spikes|p1a: Mew
|-sidestart|p1: BFoxy|Spikes
|
|turn|4
|
|move|p1a: Mew|Defog|p2a: Roserade
|-unboost|p2a: Roserade|evasion|1
|-sideend|p1: BFoxy|Spikes|[from] move: Defog|[of] p1a: Mew
|move|p2a: Roserade|Spikes|p1a: Mew
|-sidestart|p1: BFoxy|Spikes
|
|turn|5
|
|move|p1a: Mew|Defog|p2a: Roserade
|-unboost|p2a: Roserade|evasion|1
|-sideend|p1: BFoxy|Spikes|[from] move: Defog|[of] p1a: Mew
|move|p2a: Roserade|Sludge Bomb|p1a: Mew
|-damage|p1a: Mew|317\/404
|
|-heal|p1a: Mew|342\/404|[from] item: Leftovers
|turn|6
|
|move|p1a: Mew|Psychic|p2a: Roserade
|-supereffective|p2a: Roserade
|-damage|p2a: Roserade|168\/324
|move|p2a: Roserade|Spikes|p1a: Mew
|-sidestart|p1: BFoxy|Spikes
|
|-heal|p1a: Mew|367\/404|[from] item: Leftovers
|-heal|p2a: Roserade|188\/324|[from] item: Black Sludge
|turn|7
|
|switch|p2a: Blastoise|Blastoise, M|362\/362
|move|p1a: Mew|Defog|p2a: Blastoise
|-unboost|p2a: Blastoise|evasion|1
|-sideend|p1: BFoxy|Spikes|[from] move: Defog|[of] p1a: Mew
|
|-heal|p1a: Mew|392\/404|[from] item: Leftovers
|turn|8
|
|detailschange|p2a: Blastoise|Blastoise-Mega, M
|message|Blastoise has Mega Evolved into Mega Blastoise!
|move|p1a: Mew|Will-O-Wisp|p2a: Blastoise
|-status|p2a: Blastoise|brn
|move|p2a: Blastoise|Dark Pulse|p1a: Mew
|-supereffective|p1a: Mew
|-damage|p1a: Mew|162\/404
|
|-heal|p1a: Mew|187\/404|[from] item: Leftovers
|-damage|p2a: Blastoise|317\/362 brn|[from] brn
|turn|9
|
|move|p1a: Mew|Roost|p1a: Mew
|-heal|p1a: Mew|389\/404
|move|p2a: Blastoise|Dark Pulse|p1a: Mew
|-supereffective|p1a: Mew
|-damage|p1a: Mew|159\/404
|
|-heal|p1a: Mew|184\/404|[from] item: Leftovers
|-damage|p2a: Blastoise|272\/362 brn|[from] brn
|turn|10
|
|switch|p2a: Victini|Victini, shiny|341\/341
|move|p1a: Mew|Roost|p1a: Mew
|-heal|p1a: Mew|386\/404
|
|-heal|p1a: Mew|404\/404|[from] item: Leftovers
|turn|11
|
|switch|p1a: Gligar|Gligar, M|334\/334
|move|p2a: Victini|Bolt Strike|p1a: Gligar
|-immune|p1a: Gligar|[msg]
|
|turn|12
|
|switch|p2a: Azelf|Azelf|291\/291
|move|p1a: Gligar|U-turn|p2a: Azelf
|-supereffective|p2a: Azelf
|-damage|p2a: Azelf|169\/291
|
|switch|p1a: Blissey|Blissey, F|652\/652
|
|turn|13
|
|switch|p2a: Flygon|Flygon, F|301\/301
|move|p1a: Blissey|Seismic Toss|p2a: Flygon
|-damage|p2a: Flygon|201\/301
|
|turn|14
|
|switch|p1a: Gligar|Gligar, M|334\/334
|move|p2a: Flygon|U-turn|p1a: Gligar
|-resisted|p1a: Gligar
|-damage|p1a: Gligar|317\/334
|
|switch|p2a: Victini|Victini, shiny|341\/341
|
|turn|15
|
|move|p2a: Victini|V-create|p1a: Gligar
|-damage|p1a: Gligar|131\/334
|-unboost|p2a: Victini|def|1
|-unboost|p2a: Victini|spd|1
|-unboost|p2a: Victini|spe|1
|move|p1a: Gligar|Roost|p1a: Gligar
|-heal|p1a: Gligar|298\/334
|
|turn|16
|
|switch|p2a: Azelf|Azelf|169\/291
|move|p1a: Gligar|Stealth Rock|p2a: Azelf
|-sidestart|p2: DarkNinja5|move: Stealth Rock
|
|turn|17
|
|move|p2a: Azelf|Nasty Plot|p2a: Azelf
|-boost|p2a: Azelf|spa|2
|move|p1a: Gligar|U-turn|p2a: Azelf
|-supereffective|p2a: Azelf
|-damage|p2a: Azelf|51\/291
|
|switch|p1a: Mew|Mew|404\/404
|
|turn|18
|
|move|p2a: Azelf|Fire Blast|p1a: Mew|[miss]
|-miss|p2a: Azelf|p1a: Mew
|move|p1a: Mew|Psychic|p2a: Azelf
|-resisted|p2a: Azelf
|-damage|p2a: Azelf|0 fnt
|faint|p2a: Azelf
|
|
|switch|p2a: Victini|Victini, shiny|341\/341
|-damage|p2a: Victini|256\/341|[from] Stealth Rock
|turn|19
|
|switch|p1a: Clit|Alomomola, F|534\/534
|move|p2a: Victini|Bolt Strike|p1a: Clit
|-supereffective|p1a: Clit
|-damage|p1a: Clit|214\/534
|
|-heal|p1a: Clit|247\/534|[from] item: Leftovers
|turn|20
|
|switch|p2a: Lucario|Lucario, F|281\/281
|-damage|p2a: Lucario|273\/281|[from] Stealth Rock
|switch|p1a: Gligar|Gligar, M|298\/334
|
|turn|21
|
|switch|p2a: Flygon|Flygon, F|201\/301
|-damage|p2a: Flygon|183\/301|[from] Stealth Rock
|move|p1a: Gligar|Earthquake|p2a: Flygon
|-immune|p2a: Flygon|[msg]
|
|turn|22
|
|move|p2a: Flygon|Outrage|p1a: Gligar
|-damage|p1a: Gligar|207\/334
|move|p1a: Gligar|U-turn|p2a: Flygon
|-damage|p2a: Flygon|135\/301
|
|switch|p1a: Clit|Alomomola, F|425\/534
|
|-heal|p1a: Clit|458\/534|[from] item: Leftovers
|turn|23
|
|move|p2a: Flygon|Outrage|p1a: Clit
|-damage|p1a: Clit|305\/534
|move|p1a: Clit|Wish|p1a: Clit
|
|-heal|p1a: Clit|338\/534|[from] item: Leftovers
|turn|24
|
|move|p2a: Flygon|Outrage|p1a: Clit
|-damage|p1a: Clit|200\/534
|move|p1a: Clit|Scald|p2a: Flygon
|-damage|p2a: Flygon|77\/301
|
|-end|p2a: Flygon|rampage
|-start|p2a: Flygon|confusion
|-heal|p1a: Clit|467\/534|[from] move: Wish|[wisher] Clit
|-heal|p1a: Clit|500\/534|[from] item: Leftovers
|turn|25
|
|switch|p1a: Mew|Mew|404\/404
|-activate|p2a: Flygon|confusion
|move|p2a: Flygon|Outrage|p1a: Mew
|-damage|p1a: Mew|215\/404
|
|-heal|p1a: Mew|240\/404|[from] item: Leftovers
|turn|26
|
|-activate|p2a: Flygon|confusion
|move|p2a: Flygon|Outrage|p1a: Mew
|-damage|p1a: Mew|71\/404
|move|p1a: Mew|Psychic|p2a: Flygon
|-damage|p2a: Flygon|0 fnt
|faint|p2a: Flygon
|
|-heal|p1a: Mew|96\/404|[from] item: Leftovers
|
|switch|p2a: Lucario|Lucario, F|273\/281
|-damage|p2a: Lucario|265\/281|[from] Stealth Rock
|turn|27
|
|move|p2a: Lucario|Swords Dance|p2a: Lucario
|-boost|p2a: Lucario|atk|2
|move|p1a: Mew|Will-O-Wisp|p2a: Lucario
|-status|p2a: Lucario|brn
|
|-heal|p1a: Mew|121\/404|[from] item: Leftovers
|-damage|p2a: Lucario|230\/281 brn|[from] brn
|turn|28
|-message|DarkNinja5 forfeited.
|
|win|BFoxy
|raw|Ladder updating...
|leave|DarkNinja5
|player|p2
|raw|BFoxy's rating: 1547 &rarr; <strong>1558<\/strong><br \/>(+11 for winning)
|raw|DarkNinja5's rating: 1376 &rarr; <strong>1365<\/strong><br \/>(-11 for losing)