|join|DarkNinja5
|join|Thisbemyalt
|player|p1|DarkNinja5|101
|player|p2|Thisbemyalt|101
|gametype|singles
|gen|6
|tier|UU
|rated
|rule|Sleep Clause Mod: Limit one foe put to sleep
|rule|Species Clause: Limit one of each Pokémon
|rule|OHKO Clause: OHKO moves are banned
|rule|Moody Clause: Moody is banned
|rule|Evasion Moves Clause: Evasion moves are banned
|rule|Endless Battle Clause: Forcing endless battles is banned
|rule|HP Percentage Mod: HP is reported as percentages
|clearpoke
|poke|p1|Roserade, F
|poke|p1|Blastoise, M
|poke|p1|Victini, shiny
|poke|p1|Porygon2
|poke|p1|Hydreigon, M
|poke|p1|Toxicroak, M
|poke|p2|Haxorus, M
|poke|p2|Arcanine, M
|poke|p2|Blissey, F
|poke|p2|Blastoise, M
|poke|p2|Chandelure, M
|poke|p2|Hydreigon, M
|rule|Swagger Clause: Swagger is banned
|rule|Baton Pass Clause: Limit one Pokémon knowing Baton Pass
|teampreview
|
|start
|switch|p1a: Hydreigon|Hydreigon, M|326\/326
|switch|p2a: Chandelure|Chandelure, M|323\/323
|turn|1
|
|switch|p2a: Blissey|Blissey, F|714\/714
|move|p1a: Hydreigon|Draco Meteor|p2a: Blissey
|-damage|p2a: Blissey|527\/714
|-unboost|p1a: Hydreigon|spa|2
|
|-heal|p2a: Blissey|571\/714|[from] item: Leftovers
|turn|2
|
|switch|p1a: Roserade|Roserade, F|324\/324
|move|p2a: Blissey|Toxic|p1a: Roserade
|-fail|p1a: Roserade
|
|-heal|p2a: Blissey|615\/714|[from] item: Leftovers
|turn|3
|
|switch|p2a: Chandelure|Chandelure, M|323\/323
|move|p1a: Roserade|Spikes|p2a: Chandelure
|-sidestart|p2: Thisbemyalt|Spikes
|
|turn|4
|
|move|p1a: Roserade|Sludge Bomb|p2a: Chandelure
|-crit|p2a: Chandelure
|-resisted|p2a: Chandelure
|-damage|p2a: Chandelure|215\/323
|move|p2a: Chandelure|Substitute|p2a: Chandelure
|-start|p2a: Chandelure|Substitute
|-damage|p2a: Chandelure|135\/323
|
|-heal|p2a: Chandelure|155\/323|[from] item: Leftovers
|turn|5
|
|switch|p1a: Porygon2|Porygon2|374\/374
|-ability|p1a: Porygon2|Infiltrator|[from] ability: Trace|[of] p2a: Chandelure
|move|p2a: Chandelure|Calm Mind|p2a: Chandelure
|-boost|p2a: Chandelure|spa|1
|-boost|p2a: Chandelure|spd|1
|
|-heal|p2a: Chandelure|175\/323|[from] item: Leftovers
|turn|6
|
|move|p2a: Chandelure|Flamethrower|p1a: Porygon2
|-damage|p1a: Porygon2|163\/374
|move|p1a: Porygon2|Thunderbolt|p2a: Chandelure
|-damage|p2a: Chandelure|123\/323
|
|-heal|p2a: Chandelure|143\/323|[from] item: Leftovers
|turn|7
|
|move|p2a: Chandelure|Flamethrower|p1a: Porygon2
|-damage|p1a: Porygon2|0 fnt
|faint|p1a: Porygon2
|
|-heal|p2a: Chandelure|163\/323|[from] item: Leftovers
|
|switch|p1a: Victini|Victini, shiny|341\/341
|turn|8
|
|move|p1a: Victini|U-turn|p2a: Chandelure
|-resisted|p2a: Chandelure
|-activate|p2a: Chandelure|Substitute|[damage]
|
|switch|p1a: Hydreigon|Hydreigon, M|326\/326
|move|p2a: Chandelure|Shadow Ball|p1a: Hydreigon
|-resisted|p1a: Hydreigon
|-damage|p1a: Hydreigon|178\/326
|
|-heal|p2a: Chandelure|183\/323|[from] item: Leftovers
|turn|9
|
|move|p1a: Hydreigon|U-turn|p2a: Chandelure
|-resisted|p2a: Chandelure
|-activate|p2a: Chandelure|Substitute|[damage]
|
|switch|p1a: Victini|Victini, shiny|341\/341
|move|p2a: Chandelure|Shadow Ball|p1a: Victini
|-supereffective|p1a: Victini
|-damage|p1a: Victini|0 fnt
|faint|p1a: Victini
|
|-heal|p2a: Chandelure|203\/323|[from] item: Leftovers
|
|switch|p1a: Blastoise|Blastoise, M|362\/362
|turn|10
|chat|Thisbemyalt|What are you doing
|
|detailschange|p1a: Blastoise|Blastoise-Mega, M
|message|Blastoise has Mega Evolved into Mega Blastoise!
|move|p2a: Chandelure|Shadow Ball|p1a: Blastoise
|-damage|p1a: Blastoise|151\/362
|move|p1a: Blastoise|Water Pulse|p2a: Chandelure
|-supereffective|p2a: Chandelure
|-end|p2a: Chandelure|Substitute
|
|-heal|p2a: Chandelure|223\/323|[from] item: Leftovers
|turn|11
|
|move|p2a: Chandelure|Shadow Ball|p1a: Blastoise
|-damage|p1a: Blastoise|0 fnt
|faint|p1a: Blastoise
|
|-heal|p2a: Chandelure|243\/323|[from] item: Leftovers
|
|switch|p1a: Hydreigon|Hydreigon, M|178\/326
|turn|12
|
|switch|p2a: Hydreigon|Hydreigon, M|325\/325
|move|p1a: Hydreigon|U-turn|p2a: Hydreigon
|-supereffective|p2a: Hydreigon
|-damage|p2a: Hydreigon|195\/325
|
|switch|p1a: Roserade|Roserade, F|324\/324
|
|turn|13
|
|switch|p1a: Hydreigon|Hydreigon, M|178\/326
|move|p2a: Hydreigon|Dragon Pulse|p1a: Hydreigon
|-supereffective|p1a: Hydreigon
|-damage|p1a: Hydreigon|0 fnt
|faint|p1a: Hydreigon
|
|
|switch|p1a: Toxicroak|Toxicroak, M|307\/307
|turn|14
|
|move|p2a: Hydreigon|Dragon Pulse|p1a: Toxicroak
|-damage|p1a: Toxicroak|111\/307
|move|p1a: Toxicroak|Swords Dance|p1a: Toxicroak
|-boost|p1a: Toxicroak|atk|2
|
|-heal|p1a: Toxicroak|130\/307|[from] item: Black Sludge
|turn|15
|
|move|p1a: Toxicroak|Sucker Punch|p2a: Hydreigon
|-resisted|p2a: Hydreigon
|-damage|p2a: Hydreigon|76\/325
|move|p2a: Hydreigon|Dragon Pulse|p1a: Toxicroak
|-damage|p1a: Toxicroak|0 fnt
|faint|p1a: Toxicroak
|
|
|switch|p1a: Roserade|Roserade, F|324\/324
|turn|16
|
|move|p2a: Hydreigon|Dragon Pulse|p1a: Roserade
|-damage|p1a: Roserade|222\/324
|move|p1a: Roserade|Giga Drain|p2a: Hydreigon
|-resisted|p2a: Hydreigon
|-damage|p2a: Hydreigon|16\/325
|-heal|p1a: Roserade|252\/324|[from] drain|[of] p2a: Hydreigon
|
|-heal|p1a: Roserade|272\/324|[from] item: Black Sludge
|turn|17
|
|move|p2a: Hydreigon|Dragon Pulse|p1a: Roserade
|-damage|p1a: Roserade|169\/324
|move|p1a: Roserade|Synthesis|p1a: Roserade
|-heal|p1a: Roserade|324\/324
|
|turn|18
|
|move|p2a: Hydreigon|Dragon Pulse|p1a: Roserade
|-damage|p1a: Roserade|222\/324
|move|p1a: Roserade|Sludge Bomb|p2a: Hydreigon
|-crit|p2a: Hydreigon
|-damage|p2a: Hydreigon|0 fnt
|faint|p2a: Hydreigon
|
|-heal|p1a: Roserade|242\/324|[from] item: Black Sludge
|
|switch|p2a: Chandelure|Chandelure, M|243\/323
|-damage|p2a: Chandelure|203\/323|[from] Spikes
|turn|19
|
|move|p1a: Roserade|Sludge Bomb|p2a: Chandelure
|-resisted|p2a: Chandelure
|-damage|p2a: Chandelure|128\/323
|move|p2a: Chandelure|Flamethrower|p1a: Roserade
|-supereffective|p1a: Roserade
|-damage|p1a: Roserade|0 fnt
|faint|p1a: Roserade
|
|win|Thisbemyalt
|raw|Ladder updating...
|raw|DarkNinja5's rating: 1367 &rarr; <strong>1351<\/strong><br \/>(-16 for losing)
|raw|Thisbemyalt's rating: 1423 &rarr; <strong>1440<\/strong><br \/>(+17 for winning)
|leave|DarkNinja5
|player|p1