|join|pokemonisfun
|join|Ploppy Senis
|player|p1|pokemonisfun|184
|player|p2|Ploppy Senis|170
|gametype|singles
|gen|6
|tier|UU
|rated
|rule|Sleep Clause Mod: Limit one foe put to sleep
|rule|Species Clause: Limit one of each Pokémon
|rule|OHKO Clause: OHKO moves are banned
|rule|Moody Clause: Moody is banned
|rule|Evasion Moves Clause: Evasion moves are banned
|rule|Endless Battle Clause: Forcing endless battles is banned
|rule|HP Percentage Mod: HP is shown in percentages
|clearpoke
|poke|p1|Blissey, F
|poke|p1|Swampert, M
|poke|p1|Granbull, M
|poke|p1|Alomomola, M
|poke|p1|Crobat, M
|poke|p1|Celebi
|poke|p2|Hydreigon, F
|poke|p2|Krookodile, F
|poke|p2|Celebi
|poke|p2|Blastoise, M
|poke|p2|Arcanine, F
|poke|p2|Raikou
|rule|Swagger Clause: Swagger is banned
|rule|Baton Pass Clause: Limit one Pokémon knowing Baton Pass
|teampreview
|c|★Ploppy Senis|disgusting.
|c|★pokemonisfun|huh
|
|start
|switch|p1a: bubblsy bubbles|Swampert, M|404\/404
|switch|p2a: Celebi|Celebi|341\/341
|turn|1
|
|switch|p1a: onion fairy god|Celebi|396\/396
|move|p2a: Celebi|Stealth Rock|p1a: onion fairy god
|-sidestart|p1: pokemonisfun|move: Stealth Rock
|
|turn|2
|
|move|p2a: Celebi|U-turn|p1a: onion fairy god
|-supereffective|p1a: onion fairy god
|-damage|p1a: onion fairy god|120\/396
|-damage|p2a: Celebi|307\/341|[from] item: Life Orb
|
|switch|p2a: Arcanine|Arcanine, F|383\/383
|-ability|p2a: Arcanine|Intimidate|[of] p1a: onion fairy god
|-unboost|p1a: onion fairy god|atk|1
|move|p1a: onion fairy god|Stealth Rock|p2a: Arcanine
|-sidestart|p2: Ploppy Senis|move: Stealth Rock
|
|-heal|p1a: onion fairy god|144\/396|[from] item: Leftovers
|turn|3
|
|switch|p1a: swimmy swim|Alomomola, M|471\/471
|-damage|p1a: swimmy swim|413\/471|[from] Stealth Rock
|move|p2a: Arcanine|Will-O-Wisp|p1a: swimmy swim
|-status|p1a: swimmy swim|brn
|
|-heal|p1a: swimmy swim|442\/471 brn|[from] item: Leftovers
|-damage|p1a: swimmy swim|384\/471 brn|[from] brn
|turn|4
|
|switch|p2a: Celebi|Celebi|307\/341
|-damage|p2a: Celebi|265\/341|[from] Stealth Rock
|move|p1a: swimmy swim|Toxic|p2a: Celebi
|-status|p2a: Celebi|tox
|
|-heal|p1a: swimmy swim|413\/471 brn|[from] item: Leftovers
|-damage|p2a: Celebi|244\/341 tox|[from] psn
|-damage|p1a: swimmy swim|355\/471 brn|[from] brn
|turn|5
|
|move|p1a: swimmy swim|Protect|p1a: swimmy swim
|-singleturn|p1a: swimmy swim|Protect
|move|p2a: Celebi|U-turn|p1a: swimmy swim
|-activate|p1a: swimmy swim|Protect
|
|-heal|p1a: swimmy swim|384\/471 brn|[from] item: Leftovers
|-damage|p2a: Celebi|202\/341 tox|[from] psn
|-damage|p1a: swimmy swim|326\/471 brn|[from] brn
|turn|6
|
|switch|p1a: woofy woof woof|Granbull, M|384\/384
|-damage|p1a: woofy woof woof|336\/384|[from] Stealth Rock
|-ability|p1a: woofy woof woof|Intimidate|[of] p2a: Celebi
|-unboost|p2a: Celebi|atk|1
|move|p2a: Celebi|Seed Bomb|p1a: woofy woof woof
|-damage|p1a: woofy woof woof|245\/384
|-damage|p2a: Celebi|168\/341 tox|[from] item: Life Orb
|
|-heal|p1a: woofy woof woof|269\/384|[from] item: Leftovers
|-damage|p2a: Celebi|105\/341 tox|[from] psn
|turn|7
|
|move|p2a: Celebi|U-turn|p1a: woofy woof woof
|-resisted|p1a: woofy woof woof
|-damage|p1a: woofy woof woof|242\/384
|-damage|p2a: Celebi|71\/341 tox|[from] item: Life Orb
|
|switch|p2a: Blastoise|Blastoise, M|343\/343
|-damage|p2a: Blastoise|301\/343|[from] Stealth Rock
|move|p1a: woofy woof woof|Play Rough|p2a: Blastoise
|-damage|p2a: Blastoise|205\/343
|
|-heal|p1a: woofy woof woof|266\/384|[from] item: Leftovers
|turn|8
|
|switch|p1a: Mega Chansey|Blissey, F|656\/656
|-damage|p1a: Mega Chansey|574\/656|[from] Stealth Rock
|detailschange|p2a: Blastoise|Blastoise-Mega, M
|-mega|p2a: Blastoise|Blastoise|Blastoisinite
|move|p2a: Blastoise|Rapid Spin|p1a: Mega Chansey
|-damage|p1a: Mega Chansey|550\/656
|-sideend|p2: Ploppy Senis|Stealth Rock|[from] move: Rapid Spin|[of] p2a: Blastoise
|
|-heal|p1a: Mega Chansey|591\/656|[from] item: Leftovers
|turn|9
|
|move|p2a: Blastoise|Aura Sphere|p1a: Mega Chansey
|-supereffective|p1a: Mega Chansey
|-damage|p1a: Mega Chansey|441\/656
|move|p1a: Mega Chansey|Toxic|p2a: Blastoise
|-status|p2a: Blastoise|tox
|
|-heal|p1a: Mega Chansey|482\/656|[from] item: Leftovers
|-damage|p2a: Blastoise|184\/343 tox|[from] psn
|turn|10
|
|switch|p2a: Krookodile|Krookodile, F|331\/331
|-ability|p2a: Krookodile|Intimidate|[of] p1a: Mega Chansey
|-unboost|p1a: Mega Chansey|atk|1
|move|p1a: Mega Chansey|Heal Bell|p1a: Mega Chansey
|-cureteam|p1a: Mega Chansey|[from] move: HealBell
|
|-heal|p1a: Mega Chansey|523\/656|[from] item: Leftovers
|turn|11
|
|switch|p1a: swimmy swim|Alomomola, M|471\/471
|-damage|p1a: swimmy swim|413\/471|[from] Stealth Rock
|move|p2a: Krookodile|Knock Off|p1a: swimmy swim
|-damage|p1a: swimmy swim|234\/471
|-enditem|p1a: swimmy swim|Leftovers|[from] move: Knock Off|[of] p2a: Krookodile
|-damage|p2a: Krookodile|298\/331|[from] item: Life Orb
|
|turn|12
|
|switch|p2a: Raikou|Raikou|321\/321
|-ability|p2a: Raikou|Pressure
|move|p1a: swimmy swim|Wish|p1a: swimmy swim
|
|turn|13
|
|move|p1a: swimmy swim|Protect|p1a: swimmy swim
|-singleturn|p1a: swimmy swim|Protect
|move|p2a: Raikou|Substitute|p2a: Raikou
|-start|p2a: Raikou|Substitute
|-damage|p2a: Raikou|241\/321
|
|-heal|p1a: swimmy swim|469\/471|[from] move: Wish|[wisher] swimmy swim
|-heal|p2a: Raikou|261\/321|[from] item: Leftovers
|turn|14
|
|switch|p1a: Mega Chansey|Blissey, F|523\/656
|-damage|p1a: Mega Chansey|441\/656|[from] Stealth Rock
|move|p2a: Raikou|Calm Mind|p2a: Raikou
|-boost|p2a: Raikou|spa|1
|-boost|p2a: Raikou|spd|1
|
|-heal|p2a: Raikou|281\/321|[from] item: Leftovers
|-heal|p1a: Mega Chansey|482\/656|[from] item: Leftovers
|turn|15
|
|move|p2a: Raikou|Calm Mind|p2a: Raikou
|-boost|p2a: Raikou|spa|1
|-boost|p2a: Raikou|spd|1
|move|p1a: Mega Chansey|Seismic Toss|p2a: Raikou
|-end|p2a: Raikou|Substitute
|
|-heal|p2a: Raikou|301\/321|[from] item: Leftovers
|-heal|p1a: Mega Chansey|523\/656|[from] item: Leftovers
|turn|16
|
|move|p2a: Raikou|Substitute|p2a: Raikou
|-start|p2a: Raikou|Substitute
|-damage|p2a: Raikou|221\/321
|move|p1a: Mega Chansey|Seismic Toss|p2a: Raikou
|-end|p2a: Raikou|Substitute
|
|-heal|p2a: Raikou|241\/321|[from] item: Leftovers
|-heal|p1a: Mega Chansey|564\/656|[from] item: Leftovers
|turn|17
|
|move|p2a: Raikou|Substitute|p2a: Raikou
|-start|p2a: Raikou|Substitute
|-damage|p2a: Raikou|161\/321
|move|p1a: Mega Chansey|Seismic Toss|p2a: Raikou
|-end|p2a: Raikou|Substitute
|
|-heal|p2a: Raikou|181\/321|[from] item: Leftovers
|-heal|p1a: Mega Chansey|605\/656|[from] item: Leftovers
|turn|18
|
|move|p2a: Raikou|Thunderbolt|p1a: Mega Chansey
|-damage|p1a: Mega Chansey|416\/656
|move|p1a: Mega Chansey|Seismic Toss|p2a: Raikou
|-damage|p2a: Raikou|81\/321
|
|-heal|p2a: Raikou|101\/321|[from] item: Leftovers
|-heal|p1a: Mega Chansey|457\/656|[from] item: Leftovers
|turn|19
|
|move|p2a: Raikou|Thunderbolt|p1a: Mega Chansey
|-damage|p1a: Mega Chansey|271\/656
|move|p1a: Mega Chansey|Seismic Toss|p2a: Raikou
|-damage|p2a: Raikou|1\/321
|
|-heal|p2a: Raikou|21\/321|[from] item: Leftovers
|-heal|p1a: Mega Chansey|312\/656|[from] item: Leftovers
|turn|20
|
|switch|p2a: Krookodile|Krookodile, F|298\/331
|-ability|p2a: Krookodile|Intimidate|[of] p1a: Mega Chansey
|-unboost|p1a: Mega Chansey|atk|1
|move|p1a: Mega Chansey|Soft-Boiled|p1a: Mega Chansey
|-heal|p1a: Mega Chansey|640\/656
|
|-heal|p1a: Mega Chansey|656\/656|[from] item: Leftovers
|turn|21
|
|switch|p1a: swimmy swim|Alomomola, M|471\/471
|-damage|p1a: swimmy swim|413\/471|[from] Stealth Rock
|move|p2a: Krookodile|Earthquake|p1a: swimmy swim
|-damage|p1a: swimmy swim|230\/471
|-damage|p2a: Krookodile|265\/331|[from] item: Life Orb
|
|turn|22
|
|move|p2a: Krookodile|Earthquake|p1a: swimmy swim
|-damage|p1a: swimmy swim|39\/471
|-damage|p2a: Krookodile|232\/331|[from] item: Life Orb
|move|p1a: swimmy swim|Wish|p1a: swimmy swim
|
|turn|23
|
|move|p1a: swimmy swim|Protect|p1a: swimmy swim
|-singleturn|p1a: swimmy swim|Protect
|move|p2a: Krookodile|Pursuit|p1a: swimmy swim
|-activate|p1a: swimmy swim|Protect
|
|-heal|p1a: swimmy swim|274\/471|[from] move: Wish|[wisher] swimmy swim
|turn|24
|
|move|p2a: Krookodile|Earthquake|p1a: swimmy swim
|-damage|p1a: swimmy swim|83\/471
|-damage|p2a: Krookodile|199\/331|[from] item: Life Orb
|move|p1a: swimmy swim|Wish|p1a: swimmy swim
|
|turn|25
|-message|Ploppy Senis forfeited.
|
|win|pokemonisfun
|raw|Ladder updating...
|leave|Ploppy Senis
|player|p2
|raw|pokemonisfun's rating: 1713 &rarr; <strong>1720<\/strong><br \/>(+7 for winning)
|raw|Ploppy Senis's rating: 1425 &rarr; <strong>1418<\/strong><br \/>(-7 for losing)