|join|Shaquillinite
|join|xMarth
|player|p1|Shaquillinite|289
|player|p2|xMarth|153
|gametype|singles
|gen|6
|tier|UU
|rated
|rule|Sleep Clause Mod: Limit one foe put to sleep
|rule|Species Clause: Limit one of each Pokémon
|rule|OHKO Clause: OHKO moves are banned
|rule|Moody Clause: Moody is banned
|rule|Evasion Moves Clause: Evasion moves are banned
|rule|Endless Battle Clause: Forcing endless battles is banned
|rule|HP Percentage Mod: HP is shown in percentages
|clearpoke
|poke|p1|Hydreigon, M, shiny
|poke|p1|Empoleon, F
|poke|p1|Aggron, F
|poke|p1|Tangrowth, M, shiny
|poke|p1|Yanmega, M
|poke|p1|Florges, F
|poke|p2|Lopunny, M
|poke|p2|Hydreigon, F
|poke|p2|Jirachi, shiny
|poke|p2|Tentacruel, M
|poke|p2|Gligar, F
|poke|p2|Umbreon, F
|rule|Swagger Clause: Swagger is banned
|rule|Baton Pass Clause: Limit one Pokémon knowing Baton Pass
|teampreview
|
|start
|switch|p1a: Hydreigon|Hydreigon, M, shiny|325\/325
|switch|p2a: Gligar|Gligar, F|334\/334
|turn|1
|
|move|p1a: Hydreigon|U-turn|p2a: Gligar
|-resisted|p2a: Gligar
|-damage|p2a: Gligar|321\/334
|
|switch|p1a: Empoleon|Empoleon, F|368\/368
|move|p2a: Gligar|Stealth Rock|p1a: Empoleon
|-sidestart|p1: Shaquillinite|move: Stealth Rock
|
|turn|2
|
|move|p2a: Gligar|U-turn|p1a: Empoleon
|-resisted|p1a: Empoleon
|-damage|p1a: Empoleon|342\/368
|join|emma bae
|
|switch|p2a: Lopunny|Lopunny, M|271\/271
|move|p1a: Empoleon|Scald|p2a: Lopunny
|-damage|p2a: Lopunny|168\/271
|
|-heal|p1a: Empoleon|365\/368|[from] item: Leftovers
|turn|3
|
|switch|p1a: Simon|Tangrowth, M, shiny|400\/400
|-damage|p1a: Simon|350\/400|[from] Stealth Rock
|detailschange|p2a: Lopunny|Lopunny-Mega, M
|message|Lopunny has Mega Evolved into Mega Lopunny!
|move|p2a: Lopunny|High Jump Kick|p1a: Simon
|-damage|p1a: Simon|208\/400
|
|-heal|p1a: Simon|233\/400|[from] item: Leftovers
|turn|4
|
|move|p2a: Lopunny|Substitute|p2a: Lopunny
|-start|p2a: Lopunny|Substitute
|-damage|p2a: Lopunny|101\/271
|move|p1a: Simon|Power Whip|p2a: Lopunny
|-crit|p2a: Lopunny
|-end|p2a: Lopunny|Substitute
|
|-heal|p1a: Simon|258\/400|[from] item: Leftovers
|turn|5
|join|Eyan
|join|Alldaalts
|join|Toenail Testing
|
|switch|p2a: Tentacruel|Tentacruel, M|364\/364
|move|p1a: Simon|Earthquake|p2a: Tentacruel
|-supereffective|p2a: Tentacruel
|-damage|p2a: Tentacruel|196\/364
|
|-heal|p2a: Tentacruel|218\/364|[from] item: Black Sludge
|-heal|p1a: Simon|283\/400|[from] item: Leftovers
|turn|6
|
|switch|p2a: Gligar|Gligar, F|321\/334
|switch|p1a: Empoleon|Empoleon, F|365\/368
|-damage|p1a: Empoleon|342\/368|[from] Stealth Rock
|
|-heal|p1a: Empoleon|365\/368|[from] item: Leftovers
|turn|7
|
|move|p2a: Gligar|U-turn|p1a: Empoleon
|-resisted|p1a: Empoleon
|-damage|p1a: Empoleon|340\/368
|
|switch|p2a: Umbreon|Umbreon, F|394\/394
|move|p1a: Empoleon|Defog|p2a: Umbreon
|-unboost|p2a: Umbreon|evasion|1
|-sideend|p1: Shaquillinite|Stealth Rock|[from] move: Defog|[of] p1a: Empoleon
|
|-heal|p1a: Empoleon|363\/368|[from] item: Leftovers
|turn|8
|
|move|p2a: Umbreon|Wish|p2a: Umbreon
|move|p1a: Empoleon|Toxic|p2a: Umbreon
|-status|p2a: Umbreon|tox
|
|-heal|p1a: Empoleon|368\/368|[from] item: Leftovers
|-damage|p2a: Umbreon|370\/394 tox|[from] psn
|turn|9
|join|Cell in a Hell
|
|move|p2a: Umbreon|Heal Bell|p2a: Umbreon
|-cureteam|p2a: Umbreon|[from] move: HealBell
|move|p1a: Empoleon|Scald|p2a: Umbreon
|-crit|p2a: Umbreon
|-damage|p2a: Umbreon|283\/394
|
|-heal|p2a: Umbreon|394\/394|[from] move: Wish|[wisher] Umbreon
|turn|10
|
|switch|p2a: Gligar|Gligar, F|321\/334
|switch|p1a: Yanmega|Yanmega, M|313\/313
|
|turn|11
|
|move|p1a: Yanmega|Bug Buzz|p2a: Gligar
|-resisted|p2a: Gligar
|-damage|p2a: Gligar|111\/334
|move|p2a: Gligar|Stealth Rock|p1a: Yanmega
|-sidestart|p1: Shaquillinite|move: Stealth Rock
|
|turn|12
|
|move|p1a: Yanmega|Bug Buzz|p2a: Gligar
|-resisted|p2a: Gligar
|-damage|p2a: Gligar|0 fnt
|faint|p2a: Gligar
|
|
|switch|p2a: Jirachi|Jirachi, shiny|341\/341
|turn|13
|
|switch|p1a: Empoleon|Empoleon, F|368\/368
|-damage|p1a: Empoleon|345\/368|[from] Stealth Rock
|move|p2a: Jirachi|Moonblast|p1a: Empoleon
|-crit|p1a: Empoleon
|-resisted|p1a: Empoleon
|-damage|p1a: Empoleon|296\/368
|
|-heal|p1a: Empoleon|319\/368|[from] item: Leftovers
|turn|14
|
|move|p2a: Jirachi|Substitute|p2a: Jirachi
|-start|p2a: Jirachi|Substitute
|-damage|p2a: Jirachi|256\/341
|move|p1a: Empoleon|Defog|p2a: Jirachi
|-sideend|p1: Shaquillinite|Stealth Rock|[from] move: Defog|[of] p1a: Empoleon
|
|-heal|p2a: Jirachi|277\/341|[from] item: Leftovers
|-heal|p1a: Empoleon|342\/368|[from] item: Leftovers
|turn|15
|
|move|p2a: Jirachi|Calm Mind|p2a: Jirachi
|-boost|p2a: Jirachi|spa|1
|-boost|p2a: Jirachi|spd|1
|move|p1a: Empoleon|Scald|p2a: Jirachi
|-activate|p2a: Jirachi|Substitute|[damage]
|
|-heal|p2a: Jirachi|298\/341|[from] item: Leftovers
|-heal|p1a: Empoleon|365\/368|[from] item: Leftovers
|turn|16
|
|switch|p1a: Aggron|Aggron, F|344\/344
|move|p2a: Jirachi|Calm Mind|p2a: Jirachi
|-boost|p2a: Jirachi|spa|1
|-boost|p2a: Jirachi|spd|1
|
|-heal|p2a: Jirachi|319\/341|[from] item: Leftovers
|turn|17
|
|detailschange|p1a: Aggron|Aggron-Mega, F
|message|Aggron has Mega Evolved into Mega Aggron!
|move|p2a: Jirachi|Moonblast|p1a: Aggron
|-resisted|p1a: Aggron
|-damage|p1a: Aggron|268\/344
|move|p1a: Aggron|Earthquake|p2a: Jirachi
|-supereffective|p2a: Jirachi
|-end|p2a: Jirachi|Substitute
|
|-heal|p2a: Jirachi|340\/341|[from] item: Leftovers
|turn|18
|
|switch|p2a: Hydreigon|Hydreigon, F|325\/325
|move|p1a: Aggron|Earthquake|p2a: Hydreigon
|-immune|p2a: Hydreigon|[msg]
|
|turn|19
|
|move|p2a: Hydreigon|U-turn|p1a: Aggron
|-resisted|p1a: Aggron
|-damage|p1a: Aggron|254\/344
|
|switch|p2a: Tentacruel|Tentacruel, M|218\/364
|move|p1a: Aggron|Thunder Wave|p2a: Tentacruel
|-status|p2a: Tentacruel|par
|
|-heal|p2a: Tentacruel|240\/364 par|[from] item: Black Sludge
|turn|20
|
|move|p1a: Aggron|Earthquake|p2a: Tentacruel
|-supereffective|p2a: Tentacruel
|-damage|p2a: Tentacruel|26\/364 par
|move|p2a: Tentacruel|Scald|p1a: Aggron
|-damage|p1a: Aggron|190\/344
|
|-heal|p2a: Tentacruel|48\/364 par|[from] item: Black Sludge
|turn|21
|
|switch|p2a: Hydreigon|Hydreigon, F|325\/325
|move|p1a: Aggron|Heavy Slam|p2a: Hydreigon
|-damage|p2a: Hydreigon|204\/325
|
|turn|22
|
|move|p2a: Hydreigon|U-turn|p1a: Aggron
|-resisted|p1a: Aggron
|-damage|p1a: Aggron|175\/344
|
|switch|p2a: Tentacruel|Tentacruel, M|48\/364 par
|move|p1a: Aggron|Stealth Rock|p2a: Tentacruel
|-sidestart|p2: xMarth|move: Stealth Rock
|
|-heal|p2a: Tentacruel|70\/364 par|[from] item: Black Sludge
|turn|23
|join|YMAS2
|
|move|p1a: Aggron|Earthquake|p2a: Tentacruel
|-supereffective|p2a: Tentacruel
|-damage|p2a: Tentacruel|0 fnt
|faint|p2a: Tentacruel
|
|leave|emma bae
|
|switch|p2a: Lopunny|Lopunny-Mega, M|101\/271
|-damage|p2a: Lopunny|85\/271|[from] Stealth Rock
|turn|24
|
|switch|p1a: Simon|Tangrowth, M, shiny|400\/400
|move|p2a: Lopunny|High Jump Kick|p1a: Simon
|-damage|p1a: Simon|255\/400
|
|-heal|p1a: Simon|280\/400|[from] item: Leftovers
|turn|25
|
|move|p2a: Lopunny|Substitute|p2a: Lopunny
|-start|p2a: Lopunny|Substitute
|-damage|p2a: Lopunny|18\/271
|move|p1a: Simon|Earthquake|p2a: Lopunny
|-end|p2a: Lopunny|Substitute
|
|-heal|p1a: Simon|305\/400|[from] item: Leftovers
|turn|26
|
|move|p2a: Lopunny|Encore|p1a: Simon
|-start|p1a: Simon|Encore
|move|p1a: Simon|Earthquake|p2a: Lopunny
|-damage|p2a: Lopunny|0 fnt
|faint|p2a: Lopunny
|
|-heal|p1a: Simon|330\/400|[from] item: Leftovers
|
|switch|p2a: Hydreigon|Hydreigon, F|204\/325
|-damage|p2a: Hydreigon|164\/325|[from] Stealth Rock
|turn|27
|leave|Eyan
|
|switch|p1a: Florges|Florges, F|360\/360
|move|p2a: Hydreigon|U-turn|p1a: Florges
|-resisted|p1a: Florges
|-damage|p1a: Florges|317\/360
|
|switch|p2a: Jirachi|Jirachi, shiny|340\/341
|-damage|p2a: Jirachi|319\/341|[from] Stealth Rock
|
|-heal|p2a: Jirachi|340\/341|[from] item: Leftovers
|-heal|p1a: Florges|339\/360|[from] item: Leftovers
|turn|28
|
|switch|p1a: Aggron|Aggron-Mega, F|175\/344
|move|p2a: Jirachi|Substitute|p2a: Jirachi
|-start|p2a: Jirachi|Substitute
|-damage|p2a: Jirachi|255\/341
|
|-heal|p2a: Jirachi|276\/341|[from] item: Leftovers
|turn|29
|
|move|p2a: Jirachi|Psyshock|p1a: Aggron
|-resisted|p1a: Aggron
|-damage|p1a: Aggron|148\/344
|move|p1a: Aggron|Earthquake|p2a: Jirachi
|-crit|p2a: Jirachi
|-supereffective|p2a: Jirachi
|-end|p2a: Jirachi|Substitute
|
|-heal|p2a: Jirachi|297\/341|[from] item: Leftovers
|turn|30
|
|switch|p2a: Umbreon|Umbreon, F|394\/394
|-damage|p2a: Umbreon|345\/394|[from] Stealth Rock
|move|p1a: Aggron|Earthquake|p2a: Umbreon
|-damage|p2a: Umbreon|248\/394
|
|-heal|p2a: Umbreon|272\/394|[from] item: Leftovers
|turn|31
|
|move|p2a: Umbreon|Wish|p2a: Umbreon
|move|p1a: Aggron|Heavy Slam|p2a: Umbreon
|-damage|p2a: Umbreon|112\/394
|
|-heal|p2a: Umbreon|136\/394|[from] item: Leftovers
|turn|32
|
|move|p2a: Umbreon|Protect|p2a: Umbreon
|-singleturn|p2a: Umbreon|Protect
|move|p1a: Aggron|Heavy Slam|p2a: Umbreon
|-activate|p2a: Umbreon|Protect
|
|-heal|p2a: Umbreon|333\/394|[from] move: Wish|[wisher] Umbreon
|-heal|p2a: Umbreon|357\/394|[from] item: Leftovers
|turn|33
|
|switch|p1a: Yanmega|Yanmega, M|313\/313
|move|p2a: Umbreon|Foul Play|p1a: Yanmega
|-damage|p1a: Yanmega|205\/313
|
|-heal|p2a: Umbreon|381\/394|[from] item: Leftovers
|turn|34
|
|move|p1a: Yanmega|Bug Buzz|p2a: Umbreon
|-supereffective|p2a: Umbreon
|-damage|p2a: Umbreon|93\/394
|move|p2a: Umbreon|Wish|p2a: Umbreon
|
|-heal|p2a: Umbreon|117\/394|[from] item: Leftovers
|turn|35
|
|move|p2a: Umbreon|Protect|p2a: Umbreon
|-singleturn|p2a: Umbreon|Protect
|move|p1a: Yanmega|Bug Buzz|p2a: Umbreon
|-activate|p2a: Umbreon|Protect
|
|-heal|p2a: Umbreon|314\/394|[from] move: Wish|[wisher] Umbreon
|-heal|p2a: Umbreon|338\/394|[from] item: Leftovers
|turn|36
|
|move|p1a: Yanmega|Bug Buzz|p2a: Umbreon
|-supereffective|p2a: Umbreon
|-damage|p2a: Umbreon|62\/394
|move|p2a: Umbreon|Foul Play|p1a: Yanmega
|-damage|p1a: Yanmega|99\/313
|
|-heal|p2a: Umbreon|86\/394|[from] item: Leftovers
|turn|37
|
|move|p1a: Yanmega|Bug Buzz|p2a: Umbreon
|-supereffective|p2a: Umbreon
|-damage|p2a: Umbreon|0 fnt
|faint|p2a: Umbreon
|
|
|switch|p2a: Jirachi|Jirachi, shiny|297\/341
|-damage|p2a: Jirachi|276\/341|[from] Stealth Rock
|turn|38
|
|move|p2a: Jirachi|Moonblast|p1a: Yanmega
|-damage|p1a: Yanmega|0 fnt
|faint|p1a: Yanmega
|
|-heal|p2a: Jirachi|297\/341|[from] item: Leftovers
|join|saf rimmons
|
|switch|p1a: Aggron|Aggron-Mega, F|148\/344
|turn|39
|
|switch|p2a: Hydreigon|Hydreigon, F|164\/325
|-damage|p2a: Hydreigon|124\/325|[from] Stealth Rock
|move|p1a: Aggron|Earthquake|p2a: Hydreigon
|-immune|p2a: Hydreigon|[msg]
|
|turn|40
|
|move|p2a: Hydreigon|Fire Blast|p1a: Aggron
|-supereffective|p1a: Aggron
|-damage|p1a: Aggron|0 fnt
|faint|p1a: Aggron
|
|
|switch|p1a: Empoleon|Empoleon, F|365\/368
|turn|41
|
|move|p2a: Hydreigon|Fire Blast|p1a: Empoleon
|-damage|p1a: Empoleon|281\/368
|move|p1a: Empoleon|Scald|p2a: Hydreigon
|-resisted|p2a: Hydreigon
|-damage|p2a: Hydreigon|64\/325
|
|-heal|p1a: Empoleon|304\/368|[from] item: Leftovers
|turn|42
|
|move|p2a: Hydreigon|Fire Blast|p1a: Empoleon
|-crit|p1a: Empoleon
|-damage|p1a: Empoleon|165\/368
|move|p1a: Empoleon|Scald|p2a: Hydreigon
|-resisted|p2a: Hydreigon
|-damage|p2a: Hydreigon|4\/325
|
|-heal|p1a: Empoleon|188\/368|[from] item: Leftovers
|turn|43
|
|switch|p1a: Hydreigon|Hydreigon, M, shiny|325\/325
|move|p2a: Hydreigon|Fire Blast|p1a: Hydreigon|[miss]
|-miss|p2a: Hydreigon|p1a: Hydreigon
|
|turn|44
|
|move|p2a: Hydreigon|Fire Blast|p1a: Hydreigon
|-resisted|p1a: Hydreigon
|-damage|p1a: Hydreigon|254\/325
|move|p1a: Hydreigon|Dark Pulse|p2a: Hydreigon
|-resisted|p2a: Hydreigon
|-damage|p2a: Hydreigon|0 fnt
|faint|p2a: Hydreigon
|
|
|switch|p2a: Jirachi|Jirachi, shiny|297\/341
|-damage|p2a: Jirachi|276\/341|[from] Stealth Rock
|turn|45
|
|move|p1a: Hydreigon|Dark Pulse|p2a: Jirachi
|-supereffective|p2a: Jirachi
|-damage|p2a: Jirachi|0 fnt
|faint|p2a: Jirachi
|
|win|Shaquillinite
|raw|Ladder updating...
|raw|Shaquillinite's rating: 1402 &rarr; <strong>1431<\/strong><br \/>(+29 for winning)
|raw|xMarth's rating: 1572 &rarr; <strong>1543<\/strong><br \/>(-29 for losing)
|leave|xMarth
|player|p2
|leave|Toenail Testing
|leave|Alldaalts
|leave|saf rimmons
|leave|Cell in a Hell