|join|xMarth
|join|Meruu
|player|p1|xMarth|153
|player|p2|Meruu|174
|gametype|singles
|gen|6
|tier|UU
|rated
|rule|Sleep Clause Mod: Limit one foe put to sleep
|rule|Species Clause: Limit one of each Pokémon
|rule|OHKO Clause: OHKO moves are banned
|rule|Moody Clause: Moody is banned
|rule|Evasion Moves Clause: Evasion moves are banned
|rule|Endless Battle Clause: Forcing endless battles is banned
|rule|HP Percentage Mod: HP is shown in percentages
|clearpoke
|poke|p1|Zygarde
|poke|p1|Jirachi
|poke|p1|Whimsicott, M
|poke|p1|Tentacruel, F
|poke|p1|Umbreon, M
|poke|p1|Gligar, F
|poke|p2|Vaporeon, F
|poke|p2|Aggron, M
|poke|p2|Crobat, M
|poke|p2|Whimsicott, M
|poke|p2|Krookodile, M
|poke|p2|Jirachi
|rule|Swagger Clause: Swagger is banned
|rule|Baton Pass Clause: Limit one Pokémon knowing Baton Pass
|teampreview
|c|★Meruu|lol
|join|epic4eternity
|c|★xMarth|hi
|c|★Meruu|this should be good
|c|★Meruu|:o
|c|★Meruu|imma prob lose tho
|
|start
|switch|p1a: Gligar|Gligar, F|333\/333
|switch|p2a: Jirachi|Jirachi|341\/341
|turn|1
|
|move|p2a: Jirachi|Trick|p1a: Gligar
|-activate|p2a: Jirachi|move: Trick|[of] p1a: Gligar
|-item|p1a: Gligar|Choice Scarf|[from] move: Trick
|-item|p2a: Jirachi|Eviolite|[from] move: Trick
|move|p1a: Gligar|Stealth Rock|p2a: Jirachi
|-sidestart|p2: Meruu|move: Stealth Rock
|
|turn|2
|
|switch|p1a: Tentacruel|Tentacruel, F|363\/363
|move|p2a: Jirachi|U-turn|p1a: Tentacruel
|-resisted|p1a: Tentacruel
|-damage|p1a: Tentacruel|331\/363
|
|switch|p2a: Krookodile|Krookodile, M|331\/331
|-damage|p2a: Krookodile|311\/331|[from] Stealth Rock
|-ability|p2a: Krookodile|Intimidate|[of] p1a: Tentacruel
|-unboost|p1a: Tentacruel|atk|1
|
|-heal|p1a: Tentacruel|353\/363|[from] item: Black Sludge
|turn|3
|c|+epic4eternity|when u used this team vs kratos was whims infiltrator or not? I assume no
|c|★Meruu|it was
|c|★Meruu|it has no support moves why would i use prankster
|
|move|p2a: Krookodile|Pursuit|p1a: Tentacruel|[from]Pursuit
|-damage|p1a: Tentacruel|169\/363
|switch|p1a: Gligar|Gligar, F|333\/333
|
|turn|4
|c|+epic4eternity|I didn't know what moves u had
|
|switch|p2a: Jirachi|Jirachi|341\/341
|-damage|p2a: Jirachi|320\/341|[from] Stealth Rock
|move|p1a: Gligar|U-turn|p2a: Jirachi
|-damage|p2a: Jirachi|275\/341
|
|switch|p1a: Tentacruel|Tentacruel, F|169\/363
|
|-heal|p1a: Tentacruel|191\/363|[from] item: Black Sludge
|turn|5
|c|★Meruu|also helps that
|c|★Meruu|xmarth has no mevo mons
|
|move|p2a: Jirachi|Trick|p1a: Tentacruel
|-activate|p2a: Jirachi|move: Trick|[of] p1a: Tentacruel
|-item|p1a: Tentacruel|Eviolite|[from] move: Trick
|-item|p2a: Jirachi|Black Sludge|[from] move: Trick
|move|p1a: Tentacruel|Toxic Spikes|p2a: Jirachi
|-sidestart|p2: Meruu|move: Toxic Spikes
|
|-damage|p2a: Jirachi|233\/341|[from] item: Black Sludge
|turn|6
|
|move|p2a: Jirachi|U-turn|p1a: Tentacruel
|-resisted|p1a: Tentacruel
|-damage|p1a: Tentacruel|160\/363
|
|switch|p2a: Crobat|Crobat, M|319\/319
|-damage|p2a: Crobat|240\/319|[from] Stealth Rock
|move|p1a: Tentacruel|Scald|p2a: Crobat
|-damage|p2a: Crobat|147\/319
|
|-heal|p2a: Crobat|166\/319|[from] item: Black Sludge
|turn|7
|
|move|p2a: Crobat|Defog|p1a: Tentacruel
|-unboost|p1a: Tentacruel|evasion|1
|-sideend|p2: Meruu|Toxic Spikes|[from] move: Defog|[of] p2a: Crobat
|-sideend|p2: Meruu|Stealth Rock|[from] move: Defog|[of] p2a: Crobat
|move|p1a: Tentacruel|Scald|p2a: Crobat
|-damage|p2a: Crobat|72\/319
|
|-heal|p2a: Crobat|91\/319|[from] item: Black Sludge
|turn|8
|join|LiberalLucario
|
|move|p2a: Crobat|Brave Bird|p1a: Tentacruel
|-damage|p1a: Tentacruel|0 fnt
|-damage|p2a: Crobat|38\/319|[from] recoil|[of] p1a: Tentacruel
|faint|p1a: Tentacruel
|
|-heal|p2a: Crobat|57\/319|[from] item: Black Sludge
|c|★Meruu|inb4 i still lose to zygy
|join|OG_Wanka
|
|switch|p1a: Jirachi|Jirachi|341\/341
|turn|9
|leave|OG_Wanka
|
|switch|p2a: Jirachi|Jirachi|233\/341
|move|p1a: Jirachi|Iron Head|p2a: Jirachi
|-resisted|p2a: Jirachi
|-damage|p2a: Jirachi|170\/341
|
|-damage|p2a: Jirachi|128\/341|[from] item: Black Sludge
|turn|10
|join|OG_Wanka
|leave|OG_Wanka
|
|switch|p2a: Krookodile|Krookodile, M|311\/331
|-ability|p2a: Krookodile|Intimidate|[of] p1a: Jirachi
|-unboost|p1a: Jirachi|atk|1
|move|p1a: Jirachi|Iron Head|p2a: Krookodile
|-damage|p2a: Krookodile|209\/331
|
|turn|11
|
|move|p1a: Jirachi|Iron Head|p2a: Krookodile
|-damage|p2a: Krookodile|116\/331
|cant|p2a: Krookodile|flinch
|
|turn|12
|
|switch|p2a: Aggron|Aggron, M|344\/344
|move|p1a: Jirachi|Iron Head|p2a: Aggron
|-crit|p2a: Aggron
|-damage|p2a: Aggron|239\/344
|
|turn|13
|
|switch|p1a: Gligar|Gligar, F|333\/333
|detailschange|p2a: Aggron|Aggron-Mega, M
|message|Aggron has Mega Evolved into Mega Aggron!
|move|p2a: Aggron|Stealth Rock|p1a: Gligar
|-sidestart|p1: xMarth|move: Stealth Rock
|
|turn|14
|
|switch|p2a: Crobat|Crobat, M|57\/319
|move|p1a: Gligar|Stealth Rock|p2a: Crobat
|-sidestart|p2: Meruu|move: Stealth Rock
|
|-heal|p2a: Crobat|76\/319|[from] item: Black Sludge
|turn|15
|
|switch|p1a: Jirachi|Jirachi|341\/341
|-damage|p1a: Jirachi|320\/341|[from] Stealth Rock
|move|p2a: Crobat|Defog|p1a: Jirachi
|-unboost|p1a: Jirachi|evasion|1
|-sideend|p1: xMarth|Stealth Rock|[from] move: Defog|[of] p1a: Jirachi
|-sideend|p2: Meruu|Stealth Rock|[from] move: Defog|[of] p2a: Crobat
|
|-heal|p2a: Crobat|95\/319|[from] item: Black Sludge
|turn|16
|
|switch|p2a: Vaporeon|Vaporeon, F|451\/451
|move|p1a: Jirachi|U-turn|p2a: Vaporeon
|-damage|p2a: Vaporeon|379\/451
|join|DrReuniclus3
|
|switch|p1a: Gligar|Gligar, F|333\/333
|
|-heal|p2a: Vaporeon|407\/451|[from] item: Leftovers
|turn|17
|
|switch|p2a: Crobat|Crobat, M|95\/319
|move|p1a: Gligar|Stealth Rock|p2a: Crobat
|-sidestart|p2: Meruu|move: Stealth Rock
|
|-heal|p2a: Crobat|114\/319|[from] item: Black Sludge
|turn|18
|
|switch|p1a: Jirachi|Jirachi|320\/341
|move|p2a: Crobat|Defog|p1a: Jirachi
|-unboost|p1a: Jirachi|evasion|1
|-sideend|p2: Meruu|Stealth Rock|[from] move: Defog|[of] p2a: Crobat
|
|-heal|p2a: Crobat|133\/319|[from] item: Black Sludge
|turn|19
|
|switch|p2a: Aggron|Aggron-Mega, M|239\/344
|move|p1a: Jirachi|Trick|p2a: Aggron
|-fail|p2a: Aggron
|
|turn|20
|
|switch|p1a: Gligar|Gligar, F|333\/333
|move|p2a: Aggron|Heavy Slam|p1a: Gligar
|-damage|p1a: Gligar|195\/333
|
|turn|21
|
|switch|p2a: Crobat|Crobat, M|133\/319
|move|p1a: Gligar|U-turn|p2a: Crobat
|-resisted|p2a: Crobat
|-damage|p2a: Crobat|120\/319
|c|★Meruu|lol
|
|switch|p1a: Jirachi|Jirachi|320\/341
|
|-heal|p2a: Crobat|139\/319|[from] item: Black Sludge
|turn|22
|
|switch|p2a: Aggron|Aggron-Mega, M|239\/344
|move|p1a: Jirachi|Fire Punch|p2a: Aggron
|-supereffective|p2a: Aggron
|-damage|p2a: Aggron|191\/344
|
|turn|23
|c|+epic4eternity|should done the same that you did vs kratos and stayed
|
|switch|p1a: Gligar|Gligar, F|195\/333
|switch|p2a: Vaporeon|Vaporeon, F|407\/451
|
|-heal|p2a: Vaporeon|435\/451|[from] item: Leftovers
|turn|24
|join|namehtmas
|
|switch|p2a: Crobat|Crobat, M|139\/319
|move|p1a: Gligar|U-turn|p2a: Crobat
|-resisted|p2a: Crobat
|-damage|p2a: Crobat|126\/319
|
|switch|p1a: Zygarde|Zygarde|405\/405
|-ability|p1a: Zygarde|Aura Break
|
|-heal|p2a: Crobat|145\/319|[from] item: Black Sludge
|turn|25
|c|★Meruu|i dont think he can win this
|c|★xMarth|prolly not
|c|★Meruu|you needed tenta
|
|move|p2a: Crobat|U-turn|p1a: Zygarde
|-damage|p1a: Zygarde|346\/405
|
|switch|p2a: Whimsicott|Whimsicott, M|261\/261
|move|p1a: Zygarde|Dragon Tail|p2a: Whimsicott
|-immune|p2a: Whimsicott|[msg]
|
|-heal|p1a: Zygarde|371\/405|[from] item: Leftovers
|turn|26
|
|switch|p1a: Gligar|Gligar, F|195\/333
|move|p2a: Whimsicott|Moonblast|p1a: Gligar
|-damage|p1a: Gligar|0 fnt
|faint|p1a: Gligar
|
|c|★Meruu|powurr
|
|switch|p1a: Jirachi|Jirachi|320\/341
|turn|27
|
|move|p1a: Jirachi|Fire Punch|p2a: Whimsicott
|-supereffective|p2a: Whimsicott
|-damage|p2a: Whimsicott|75\/261
|-status|p2a: Whimsicott|brn
|move|p2a: Whimsicott|U-turn|p1a: Jirachi
|-damage|p1a: Jirachi|300\/341
|
|switch|p2a: Krookodile|Krookodile, M|116\/331
|-ability|p2a: Krookodile|Intimidate|[of] p1a: Jirachi
|-unboost|p1a: Jirachi|atk|1
|
|turn|28
|
|move|p2a: Krookodile|Pursuit|p1a: Jirachi|[from]Pursuit
|-supereffective|p1a: Jirachi
|-damage|p1a: Jirachi|0 fnt
|faint|p1a: Jirachi
|
|c|+epic4eternity|back in 5th gen when we all thought offensive whims was a joke
|
|switch|p1a: Zygarde|Zygarde|371\/405
|-ability|p1a: Zygarde|Aura Break
|turn|29
|
|switch|p2a: Jirachi|Jirachi|128\/341
|move|p1a: Zygarde|Substitute|p1a: Zygarde
|-start|p1a: Zygarde|Substitute
|-damage|p1a: Zygarde|270\/405
|
|-damage|p2a: Jirachi|86\/341|[from] item: Black Sludge
|-heal|p1a: Zygarde|295\/405|[from] item: Leftovers
|turn|30
|
|move|p2a: Jirachi|Healing Wish|p2a: Jirachi
|faint|p2a: Jirachi
|move|p1a: Zygarde|Earthquake|p2: Jirachi|[notarget]
|-notarget
|
|-heal|p1a: Zygarde|320\/405|[from] item: Leftovers
|
|switch|p2a: Whimsicott|Whimsicott, M|75\/261 brn
|-heal|p2a: Whimsicott|261\/261|[from] move: Healing Wish
|turn|31
|c|★Meruu|lol
|c|★xMarth|lame
|c|★Meruu|tbh zygarde is what makes it
|join|Volbeatdown
|c|★Meruu|disgustingly viable
|
|move|p2a: Whimsicott|Moonblast|p1a: Zygarde
|-supereffective|p1a: Zygarde
|-damage|p1a: Zygarde|72\/405
|move|p1a: Zygarde|Earthquake|p2a: Whimsicott
|-resisted|p2a: Whimsicott
|-damage|p2a: Whimsicott|197\/261
|
|-heal|p1a: Zygarde|97\/405|[from] item: Leftovers
|turn|32
|c|★Meruu|also im trying out
|c|★Meruu|pixie plate
|c|★Meruu|:s
|c|★Meruu|but idk if I rly need it
|c|★xMarth|ah ok that was weak for specs
|
|move|p2a: Whimsicott|Moonblast|p1a: Zygarde
|-supereffective|p1a: Zygarde
|-damage|p1a: Zygarde|0 fnt
|faint|p1a: Zygarde
|
|
|switch|p1a: Whimsicott|Whimsicott, M|261\/261
|turn|33
|
|move|p1a: Whimsicott|Moonblast|p2a: Whimsicott
|-damage|p2a: Whimsicott|40\/261
|move|p2a: Whimsicott|Moonblast|p1a: Whimsicott
|-damage|p1a: Whimsicott|86\/261
|
|-heal|p1a: Whimsicott|102\/261|[from] item: Leftovers
|turn|34
|c|+epic4eternity|well it wasn't specs since it used u-turn
|c|+epic4eternity|after it moonblasted
|
|move|p2a: Whimsicott|Moonblast|p1a: Whimsicott
|-damage|p1a: Whimsicott|0 fnt
|faint|p1a: Whimsicott
|
|c|★Meruu|ya already revealed
|
|switch|p1a: Umbreon|Umbreon, M|394\/394
|turn|35
|c|★Meruu|pixie plate is
|c|★Meruu|just as good
|c|★Meruu|imo
|
|move|p2a: Whimsicott|Moonblast|p1a: Umbreon
|-supereffective|p1a: Umbreon
|-damage|p1a: Umbreon|208\/394
|-unboost|p1a: Umbreon|spa|1
|move|p1a: Umbreon|Wish|p1a: Umbreon
|
|-heal|p1a: Umbreon|232\/394|[from] item: Leftovers
|turn|36
|
|move|p2a: Whimsicott|U-turn|p1a: Umbreon
|-supereffective|p1a: Umbreon
|-damage|p1a: Umbreon|164\/394
|
|switch|p2a: Vaporeon|Vaporeon, F|435\/451
|move|p1a: Umbreon|Foul Play|p2a: Vaporeon
|-damage|p2a: Vaporeon|360\/451
|
|-heal|p1a: Umbreon|361\/394|[from] move: Wish|[wisher] Umbreon
|-heal|p1a: Umbreon|385\/394|[from] item: Leftovers
|-heal|p2a: Vaporeon|388\/451|[from] item: Leftovers
|turn|37
|
|move|p1a: Umbreon|Foul Play|p2a: Vaporeon
|-crit|p2a: Vaporeon
|-damage|p2a: Vaporeon|273\/451
|move|p2a: Vaporeon|Wish|p2a: Vaporeon
|
|-heal|p2a: Vaporeon|301\/451|[from] item: Leftovers
|-heal|p1a: Umbreon|394\/394|[from] item: Leftovers
|turn|38
|c|★xMarth|k gg
|c|★Meruu|thx for reminding me to lower my ivs
|
|switch|p2a: Aggron|Aggron-Mega, M|191\/344
|move|p1a: Umbreon|Foul Play|p2a: Aggron
|-damage|p2a: Aggron|127\/344
|
|-heal|p2a: Aggron|344\/344|[from] move: Wish|[wisher] Vaporeon
|turn|39
|c|★Meruu|also how much does this do 0_0
|
|move|p1a: Umbreon|Foul Play|p2a: Aggron
|-damage|p2a: Aggron|280\/344
|move|p2a: Aggron|Heavy Slam|p1a: Umbreon
|-damage|p1a: Umbreon|213\/394
|
|-heal|p1a: Umbreon|237\/394|[from] item: Leftovers
|turn|40
|c|★xMarth|oh alot lol
|
|move|p1a: Umbreon|Foul Play|p2a: Aggron
|-damage|p2a: Aggron|220\/344
|move|p2a: Aggron|Toxic|p1a: Umbreon
|-status|p1a: Umbreon|tox
|
|-heal|p1a: Umbreon|261\/394 tox|[from] item: Leftovers
|-damage|p1a: Umbreon|237\/394 tox|[from] psn
|turn|41
|
|move|p1a: Umbreon|Foul Play|p2a: Aggron
|-damage|p2a: Aggron|156\/344
|move|p2a: Aggron|Heavy Slam|p1a: Umbreon
|-damage|p1a: Umbreon|57\/394 tox
|
|-heal|p1a: Umbreon|81\/394 tox|[from] item: Leftovers
|-damage|p1a: Umbreon|33\/394 tox|[from] psn
|turn|42
|
|move|p1a: Umbreon|Foul Play|p2a: Aggron
|-damage|p2a: Aggron|92\/344
|move|p2a: Aggron|Heavy Slam|p1a: Umbreon
|-damage|p1a: Umbreon|0 fnt
|faint|p1a: Umbreon
|
|win|Meruu
|raw|Ladder updating...
|raw|xMarth's rating: 1686 &rarr; <strong>1669<\/strong><br \/>(-17 for losing)
|raw|Meruu's rating: 1729 &rarr; <strong>1746<\/strong><br \/>(+17 for winning)
|c|★Meruu|gg
|c|★xMarth|gg
|leave|xMarth
|player|p1
|leave|epic4eternity
|leave|Meruu
|leave|LiberalLucario
|player|p2
|leave|Volbeatdown
|join|bouff
|leave|bouff
|leave|DrReuniclus3
|join|DrReuniclus3
|join|I<3Magikarp
|leave|I<3Magikarp
|leave|DrReuniclus3
|join|DrReuniclus3
|leave|DrReuniclus3
|join|RowDog
|leave|RowDog
|join|BIG SCHLONG MCDONG