|join|Planet Hell
|join|unlimited b8work
|player|p1|Planet Hell|190
|player|p2|unlimited b8work|101
|gametype|singles
|gen|6
|tier|OU
|rated
|clearpoke
|poke|p1|Landorus-Therian, M
|poke|p1|Manectric, M
|poke|p1|Bisharp, M
|poke|p1|Tornadus-Therian, M
|poke|p1|Greninja, F
|poke|p1|Rotom-Wash
|poke|p2|Tornadus-Therian, M
|poke|p2|Chesnaught, M
|poke|p2|Slowbro, F
|poke|p2|Sableye, F
|poke|p2|Tentacruel, F
|poke|p2|Clefable, F
|rule|Swagger Clause: Swagger is banned
|rule|Baton Pass Clause: Limit one Pokémon knowing Baton Pass
|rule|Sleep Clause Mod: Limit one foe put to sleep
|rule|Species Clause: Limit one of each Pokémon
|rule|OHKO Clause: OHKO moves are banned
|rule|Moody Clause: Moody is banned
|rule|Evasion Moves Clause: Evasion moves are banned
|rule|Endless Battle Clause: Forcing endless battles is banned
|rule|HP Percentage Mod: HP is shown in percentages
|teampreview
|
|start
|switch|p1a: Manectric|Manectric, M|281\/281
|switch|p2a: Sableye|Sableye, F|304\/304
|turn|1
|
|detailschange|p1a: Manectric|Manectric-Mega, M
|message|Manectric has Mega Evolved into Mega Manectric!
|-ability|p1a: Manectric|Intimidate|[of] p2a: Sableye
|-unboost|p2a: Sableye|atk|1
|detailschange|p2a: Sableye|Sableye-Mega, F
|message|Sableye has Mega Evolved into Mega Sableye!
|move|p2a: Sableye|Calm Mind|p2a: Sableye
|-boost|p2a: Sableye|spa|1
|-boost|p2a: Sableye|spd|1
|move|p1a: Manectric|Volt Switch|p2a: Sableye
|-damage|p2a: Sableye|229\/304
|
|switch|p1a: Bisharp|Bisharp, M|271\/271
|
|turn|2
|
|move|p1a: Bisharp|Iron Head|p2a: Sableye
|-damage|p2a: Sableye|104\/304
|-damage|p1a: Bisharp|244\/271|[from] item: Life Orb
|move|p2a: Sableye|Will-O-Wisp|p1a: Bisharp
|-status|p1a: Bisharp|brn
|
|-damage|p1a: Bisharp|211\/271 brn|[from] brn
|turn|3
|
|move|p1a: Bisharp|Iron Head|p2a: Sableye
|-damage|p2a: Sableye|42\/304
|-damage|p1a: Bisharp|184\/271 brn|[from] item: Life Orb
|move|p2a: Sableye|Recover|p2a: Sableye
|-heal|p2a: Sableye|194\/304
|
|-damage|p1a: Bisharp|151\/271 brn|[from] brn
|turn|4
|
|move|p1a: Bisharp|Iron Head|p2a: Sableye
|-damage|p2a: Sableye|128\/304
|-damage|p1a: Bisharp|124\/271 brn|[from] item: Life Orb
|cant|p2a: Sableye|flinch
|
|-damage|p1a: Bisharp|91\/271 brn|[from] brn
|turn|5
|
|move|p1a: Bisharp|Iron Head|p2a: Sableye
|-damage|p2a: Sableye|64\/304
|-damage|p1a: Bisharp|64\/271 brn|[from] item: Life Orb
|move|p2a: Sableye|Recover|p2a: Sableye
|-heal|p2a: Sableye|216\/304
|
|-damage|p1a: Bisharp|31\/271 brn|[from] brn
|turn|6
|-message|Planet Hell forfeited.
|
|win|unlimited b8work
|raw|Ladder updating...
|leave|Planet Hell
|player|p1
|raw|Planet Hell's rating: 1706 &rarr; <strong>1680<\/strong><br \/>(-26 for losing)
|raw|unlimited b8work's rating: 1584 &rarr; <strong>1611<\/strong><br \/>(+27 for winning)