|join|Planet Hell
|join|wish killer
|player|p1|Planet Hell|190
|player|p2|wish killer|68
|gametype|singles
|gen|6
|tier|OU
|rated
|clearpoke
|poke|p1|Manectric, M
|poke|p1|Landorus-Therian, M
|poke|p1|Greninja, F
|poke|p1|Rotom-Wash
|poke|p1|Bisharp, F
|poke|p1|Latios, M
|poke|p2|Bisharp, F
|poke|p2|Venusaur, F
|poke|p2|Heatran, M
|poke|p2|Keldeo
|poke|p2|Chansey, F
|poke|p2|Skarmory, F
|rule|Swagger Clause: Swagger is banned
|rule|Baton Pass Clause: Limit one Pokémon knowing Baton Pass
|rule|Sleep Clause Mod: Limit one foe put to sleep
|rule|Species Clause: Limit one of each Pokémon
|rule|OHKO Clause: OHKO moves are banned
|rule|Moody Clause: Moody is banned
|rule|Evasion Moves Clause: Evasion moves are banned
|rule|Endless Battle Clause: Forcing endless battles is banned
|rule|HP Percentage Mod: HP is shown in percentages
|teampreview
|join|Zenzoh
|
|start
|switch|p1a: Alistar B. Jackson|Greninja, F|286\/286
|switch|p2a: Chansey|Chansey, F|684\/684
|turn|1
|
|move|p1a: Alistar B. Jackson|Spikes|p2a: Chansey
|-start|p1a: Alistar B. Jackson|typechange|Ground|[from] Protean
|-sidestart|p2: wish killer|Spikes
|move|p2a: Chansey|Seismic Toss|p1a: Alistar B. Jackson
|-damage|p1a: Alistar B. Jackson|186\/286
|
|turn|2
|
|switch|p1a: Robin G. Wilson|Rotom-Wash|304\/304
|move|p2a: Chansey|Seismic Toss|p1a: Robin G. Wilson
|-damage|p1a: Robin G. Wilson|204\/304
|
|-heal|p1a: Robin G. Wilson|223\/304|[from] item: Leftovers
|turn|3
|
|move|p1a: Robin G. Wilson|Will-O-Wisp|p2a: Chansey|[miss]
|-miss|p1a: Robin G. Wilson|p2a: Chansey
|move|p2a: Chansey|Seismic Toss|p1a: Robin G. Wilson
|-damage|p1a: Robin G. Wilson|123\/304
|
|-heal|p1a: Robin G. Wilson|142\/304|[from] item: Leftovers
|turn|4
|
|switch|p2a: Heatran|Heatran, M|340\/340
|-item|p2a: Heatran|Air Balloon
|move|p1a: Robin G. Wilson|Pain Split|p2a: Heatran
|-sethp|p2a: Heatran|241\/340|p1a: Robin G. Wilson|241\/304|[from] move: Pain Split
|
|-heal|p1a: Robin G. Wilson|260\/304|[from] item: Leftovers
|turn|5
|
|move|p2a: Heatran|Stealth Rock|p1a: Robin G. Wilson
|-sidestart|p1: Planet Hell|move: Stealth Rock
|move|p1a: Robin G. Wilson|Hydro Pump|p2a: Heatran
|-supereffective|p2a: Heatran
|-damage|p2a: Heatran|0 fnt
|-enditem|p2a: Heatran|Air Balloon
|faint|p2a: Heatran
|
|-heal|p1a: Robin G. Wilson|279\/304|[from] item: Leftovers
|
|switch|p2a: Venusaur|Venusaur, F|364\/364
|-damage|p2a: Venusaur|319\/364|[from] Spikes
|turn|6
|
|detailschange|p2a: Venusaur|Venusaur-Mega, F
|message|Venusaur has Mega Evolved into Mega Venusaur!
|move|p1a: Robin G. Wilson|Volt Switch|p2a: Venusaur
|-resisted|p2a: Venusaur
|-damage|p2a: Venusaur|283\/364
|
|switch|p1a: Andrew F. Mills|Latios, M|302\/302
|-damage|p1a: Andrew F. Mills|265\/302|[from] Stealth Rock
|move|p2a: Venusaur|Giga Drain|p1a: Andrew F. Mills
|-resisted|p1a: Andrew F. Mills
|-damage|p1a: Andrew F. Mills|220\/302
|-heal|p2a: Venusaur|306\/364|[from] drain|[of] p1a: Andrew F. Mills
|
|turn|7
|
|switch|p2a: Skarmory|Skarmory, F|334\/334
|move|p1a: Andrew F. Mills|Trick|p2a: Skarmory
|-activate|p1a: Andrew F. Mills|move: Trick|[of] p2a: Skarmory
|-item|p2a: Skarmory|Choice Scarf|[from] move: Trick
|-item|p1a: Andrew F. Mills|Rocky Helmet|[from] move: Trick
|
|turn|8
|
|move|p1a: Andrew F. Mills|Hidden Power|p2a: Skarmory
|-supereffective|p2a: Skarmory
|-damage|p2a: Skarmory|188\/334
|move|p2a: Skarmory|Spikes|p1a: Andrew F. Mills
|-sidestart|p1: Planet Hell|Spikes
|
|turn|9
|
|move|p1a: Andrew F. Mills|Hidden Power|p2a: Skarmory
|-supereffective|p2a: Skarmory
|-damage|p2a: Skarmory|32\/334
|move|p2a: Skarmory|Spikes|p1a: Andrew F. Mills
|-sidestart|p1: Planet Hell|Spikes
|
|turn|10
|
|move|p1a: Andrew F. Mills|Hidden Power|p2a: Skarmory
|-supereffective|p2a: Skarmory
|-damage|p2a: Skarmory|0 fnt
|faint|p2a: Skarmory
|
|
|switch|p2a: Bisharp|Bisharp, F|334\/334
|-damage|p2a: Bisharp|293\/334|[from] Spikes
|turn|11
|
|move|p2a: Bisharp|Sucker Punch|p1a: Andrew F. Mills
|-supereffective|p1a: Andrew F. Mills
|-damage|p1a: Andrew F. Mills|0 fnt
|-damage|p2a: Bisharp|238\/334|[from] item: Rocky Helmet|[of] p1a: Andrew F. Mills
|faint|p1a: Andrew F. Mills
|
|-heal|p2a: Bisharp|258\/334|[from] item: Leftovers
|
|switch|p1a: Jack D. Moore|Landorus-Therian, M|382\/382
|-damage|p1a: Jack D. Moore|335\/382|[from] Stealth Rock
|-ability|p1a: Jack D. Moore|Intimidate|[of] p2a: Bisharp
|-unboost|p2a: Bisharp|atk|1
|-boost|p2a: Bisharp|atk|2|[from] ability: Defiant
|turn|12
|
|move|p2a: Bisharp|Sucker Punch|p1a: Jack D. Moore
|-fail|p1a: Jack D. Moore
|move|p1a: Jack D. Moore|Stealth Rock|p2a: Bisharp
|-sidestart|p2: wish killer|move: Stealth Rock
|
|-heal|p1a: Jack D. Moore|358\/382|[from] item: Leftovers
|-heal|p2a: Bisharp|278\/334|[from] item: Leftovers
|turn|13
|
|move|p2a: Bisharp|Sucker Punch|p1a: Jack D. Moore
|-damage|p1a: Jack D. Moore|190\/382
|move|p1a: Jack D. Moore|Earthquake|p2a: Bisharp
|-supereffective|p2a: Bisharp
|-damage|p2a: Bisharp|0 fnt
|faint|p2a: Bisharp
|
|-heal|p1a: Jack D. Moore|213\/382|[from] item: Leftovers
|
|switch|p2a: Venusaur|Venusaur-Mega, F|306\/364
|-damage|p2a: Venusaur|261\/364|[from] Spikes
|-damage|p2a: Venusaur|216\/364|[from] Stealth Rock
|turn|14
|
|move|p1a: Jack D. Moore|Earthquake|p2a: Venusaur
|-damage|p2a: Venusaur|123\/364
|move|p2a: Venusaur|Giga Drain|p1a: Jack D. Moore
|-damage|p1a: Jack D. Moore|96\/382
|-heal|p2a: Venusaur|182\/364|[from] drain|[of] p1a: Jack D. Moore
|
|-heal|p1a: Jack D. Moore|119\/382|[from] item: Leftovers
|turn|15
|
|move|p1a: Jack D. Moore|Earthquake|p2a: Venusaur
|-damage|p2a: Venusaur|79\/364
|move|p2a: Venusaur|Synthesis|p2a: Venusaur
|-heal|p2a: Venusaur|261\/364
|
|-heal|p1a: Jack D. Moore|142\/382|[from] item: Leftovers
|turn|16
|
|move|p1a: Jack D. Moore|Earthquake|p2a: Venusaur
|-damage|p2a: Venusaur|155\/364
|move|p2a: Venusaur|Leech Seed|p1a: Jack D. Moore
|-start|p1a: Jack D. Moore|move: Leech Seed
|
|-heal|p1a: Jack D. Moore|165\/382|[from] item: Leftovers
|-damage|p1a: Jack D. Moore|118\/382|[from] Leech Seed|[of] p2a: Venusaur
|-heal|p2a: Venusaur|202\/364|[silent]
|turn|17
|
|move|p1a: Jack D. Moore|U-turn|p2a: Venusaur
|-damage|p2a: Venusaur|154\/364
|
|switch|p1a: Robin G. Wilson|Rotom-Wash|279\/304
|-damage|p1a: Robin G. Wilson|241\/304|[from] Stealth Rock
|move|p2a: Venusaur|Leech Seed|p1a: Robin G. Wilson
|-start|p1a: Robin G. Wilson|move: Leech Seed
|
|-heal|p1a: Robin G. Wilson|260\/304|[from] item: Leftovers
|-damage|p1a: Robin G. Wilson|222\/304|[from] Leech Seed|[of] p2a: Venusaur
|-heal|p2a: Venusaur|192\/364|[silent]
|turn|18
|join|i came from leddit
|
|move|p1a: Robin G. Wilson|Will-O-Wisp|p2a: Venusaur
|-status|p2a: Venusaur|brn
|move|p2a: Venusaur|Giga Drain|p1a: Robin G. Wilson
|-supereffective|p1a: Robin G. Wilson
|-damage|p1a: Robin G. Wilson|12\/304
|-heal|p2a: Venusaur|297\/364 brn|[from] drain|[of] p1a: Robin G. Wilson
|
|-heal|p1a: Robin G. Wilson|31\/304|[from] item: Leftovers
|-damage|p1a: Robin G. Wilson|0 fnt|[from] Leech Seed|[of] p2a: Venusaur
|-heal|p2a: Venusaur|328\/364 brn|[silent]
|-damage|p2a: Venusaur|283\/364 brn|[from] brn
|faint|p1a: Robin G. Wilson
|c| Zenzoh|n_n
|c| i came from leddit|n_n
|c| i came from leddit|idk where trice and cleaner have been :(
|
|switch|p1a: Bruce J. Carter|Bisharp, F|272\/272
|-damage|p1a: Bruce J. Carter|227\/272|[from] Spikes
|-damage|p1a: Bruce J. Carter|210\/272|[from] Stealth Rock
|turn|19
|
|switch|p2a: Keldeo|Keldeo|323\/323
|-damage|p2a: Keldeo|303\/323|[from] Stealth Rock
|-damage|p2a: Keldeo|263\/323|[from] Spikes
|move|p1a: Bruce J. Carter|Iron Head|p2a: Keldeo
|-resisted|p2a: Keldeo
|-damage|p2a: Keldeo|162\/323
|-damage|p1a: Bruce J. Carter|183\/272|[from] item: Life Orb
|
|-heal|p2a: Keldeo|182\/323|[from] item: Leftovers
|turn|20
|c| Zenzoh|cleaner is on vacation or something
|c| Zenzoh|he can only be on mobile
|c| i came from leddit|o i c
|
|switch|p1a: Alistar B. Jackson|Greninja, F|186\/286
|-damage|p1a: Alistar B. Jackson|151\/286|[from] Stealth Rock
|-damage|p1a: Alistar B. Jackson|104\/286|[from] Spikes
|move|p2a: Keldeo|Secret Sword|p1a: Alistar B. Jackson
|-supereffective|p1a: Alistar B. Jackson
|-damage|p1a: Alistar B. Jackson|0 fnt
|faint|p1a: Alistar B. Jackson
|
|-heal|p2a: Keldeo|202\/323|[from] item: Leftovers
|
|switch|p1a: Matthew R. Miller|Manectric, M|281\/281
|-damage|p1a: Matthew R. Miller|246\/281|[from] Stealth Rock
|-damage|p1a: Matthew R. Miller|200\/281|[from] Spikes
|turn|21
|
|switch|p2a: Chansey|Chansey, F|684\/684
|-damage|p2a: Chansey|599\/684|[from] Spikes
|-damage|p2a: Chansey|514\/684|[from] Stealth Rock
|detailschange|p1a: Matthew R. Miller|Manectric-Mega, M
|message|Manectric has Mega Evolved into Mega Manectric!
|-ability|p1a: Matthew R. Miller|Intimidate|[of] p2a: Chansey
|-unboost|p2a: Chansey|atk|1
|move|p1a: Matthew R. Miller|Volt Switch|p2a: Chansey
|-damage|p2a: Chansey|433\/684
|
|switch|p1a: Bruce J. Carter|Bisharp, F|183\/272
|-damage|p1a: Bruce J. Carter|166\/272|[from] Stealth Rock
|-damage|p1a: Bruce J. Carter|121\/272|[from] Spikes
|
|turn|22
|
|move|p1a: Bruce J. Carter|Knock Off|p2a: Chansey
|-damage|p2a: Chansey|128\/684
|-enditem|p2a: Chansey|Eviolite|[from] move: Knock Off|[of] p1a: Bruce J. Carter
|-damage|p1a: Bruce J. Carter|94\/272|[from] item: Life Orb
|move|p2a: Chansey|Seismic Toss|p1a: Bruce J. Carter
|-damage|p1a: Bruce J. Carter|0 fnt
|faint|p1a: Bruce J. Carter
|
|c| i came from leddit|rekt
|
|switch|p1a: Matthew R. Miller|Manectric-Mega, M|200\/281
|-damage|p1a: Matthew R. Miller|165\/281|[from] Stealth Rock
|-damage|p1a: Matthew R. Miller|119\/281|[from] Spikes
|-ability|p1a: Matthew R. Miller|Intimidate|[of] p2a: Chansey
|-unboost|p2a: Chansey|atk|1
|turn|23
|
|move|p1a: Matthew R. Miller|Thunderbolt|p2a: Chansey
|-damage|p2a: Chansey|0 fnt
|faint|p2a: Chansey
|
|
|switch|p2a: Venusaur|Venusaur-Mega, F|283\/364 brn
|-damage|p2a: Venusaur|238\/364 brn|[from] Stealth Rock
|-damage|p2a: Venusaur|193\/364 brn|[from] Spikes
|turn|24
|
|move|p1a: Matthew R. Miller|Flamethrower|p2a: Venusaur
|-supereffective|p2a: Venusaur
|-damage|p2a: Venusaur|103\/364 brn
|move|p2a: Venusaur|Synthesis|p2a: Venusaur
|-heal|p2a: Venusaur|285\/364 brn
|
|-damage|p2a: Venusaur|240\/364 brn|[from] brn
|turn|25
|
|move|p1a: Matthew R. Miller|Volt Switch|p2a: Venusaur
|-resisted|p2a: Venusaur
|-damage|p2a: Venusaur|184\/364 brn
|
|switch|p1a: Jack D. Moore|Landorus-Therian, M|118\/382
|-damage|p1a: Jack D. Moore|71\/382|[from] Stealth Rock
|-ability|p1a: Jack D. Moore|Intimidate|[of] p2a: Venusaur
|-unboost|p2a: Venusaur|atk|1
|move|p2a: Venusaur|Giga Drain|p1a: Jack D. Moore
|-damage|p1a: Jack D. Moore|0 fnt
|-heal|p2a: Venusaur|220\/364 brn|[from] drain|[of] p1a: Jack D. Moore
|faint|p1a: Jack D. Moore
|
|-damage|p2a: Venusaur|175\/364 brn|[from] brn
|
|switch|p1a: Matthew R. Miller|Manectric-Mega, M|119\/281
|-damage|p1a: Matthew R. Miller|84\/281|[from] Stealth Rock
|-damage|p1a: Matthew R. Miller|38\/281|[from] Spikes
|-ability|p1a: Matthew R. Miller|Intimidate|[of] p2a: Venusaur
|-unboost|p2a: Venusaur|atk|1
|turn|26
|
|move|p1a: Matthew R. Miller|Flamethrower|p2a: Venusaur
|-crit|p2a: Venusaur
|-supereffective|p2a: Venusaur
|-damage|p2a: Venusaur|23\/364 brn
|move|p2a: Venusaur|Giga Drain|p1a: Matthew R. Miller
|-damage|p1a: Matthew R. Miller|0 fnt
|-heal|p2a: Venusaur|42\/364 brn|[from] drain|[of] p1a: Matthew R. Miller
|faint|p1a: Matthew R. Miller
|
|win|wish killer
|raw|Ladder updating...
|raw|Planet Hell's rating: 1841 &rarr; <strong>1821<\/strong><br \/>(-20 for losing)
|raw|wish killer's rating: 1847 &rarr; <strong>1867<\/strong><br \/>(+20 for winning)
|leave|Planet Hell
|player|p1
|leave|i came from leddit
|leave|Zenzoh