|join|Planet Hell
|join|MegaMogwai
|player|p1|Planet Hell|190
|player|p2|MegaMogwai|101
|gametype|singles
|gen|6
|tier|OU
|rated
|clearpoke
|poke|p1|Rotom-Wash
|poke|p1|Greninja, M
|poke|p1|Landorus-Therian, M
|poke|p1|Empoleon, M
|poke|p1|Metagross
|poke|p1|Gengar, M
|poke|p2|Gyarados, F
|poke|p2|Dragalge, F
|poke|p2|Magnezone
|poke|p2|Landorus-Therian, M
|poke|p2|Togekiss, F
|poke|p2|Conkeldurr, M
|rule|Swagger Clause: Swagger is banned
|rule|Baton Pass Clause: Limit one Pokémon knowing Baton Pass
|rule|Sleep Clause Mod: Limit one foe put to sleep
|rule|Species Clause: Limit one of each Pokémon
|rule|OHKO Clause: OHKO moves are banned
|rule|Moody Clause: Moody is banned
|rule|Evasion Moves Clause: Evasion moves are banned
|rule|Endless Battle Clause: Forcing endless battles is banned
|rule|HP Percentage Mod: HP is shown in percentages
|teampreview
|
|start
|switch|p1a: Rotom-Wash|Rotom-Wash|304\/304
|switch|p2a: Landorus-Therian|Landorus-Therian, M|382\/382
|-ability|p2a: Landorus-Therian|Intimidate|[of] p1a: Rotom-Wash
|-unboost|p1a: Rotom-Wash|atk|1
|turn|1
|
|move|p2a: Landorus-Therian|U-turn|p1a: Rotom-Wash
|-damage|p1a: Rotom-Wash|251\/304
|
|switch|p2a: Conkeldurr|Conkeldurr, M|351\/351
|move|p1a: Rotom-Wash|Volt Switch|p2a: Conkeldurr
|-damage|p2a: Conkeldurr|287\/351
|
|switch|p1a: Metagross|Metagross|302\/302
|
|turn|2
|
|switch|p2a: Magnezone|Magnezone|281\/281
|detailschange|p1a: Metagross|Metagross-Mega
|message|Metagross has Mega Evolved into Mega Metagross!
|move|p1a: Metagross|Zen Headbutt|p2a: Magnezone
|-resisted|p2a: Magnezone
|-damage|p2a: Magnezone|188\/281
|
|turn|3
|
|move|p2a: Magnezone|Volt Switch|p1a: Metagross
|-damage|p1a: Metagross|193\/302
|
|switch|p2a: Landorus-Therian|Landorus-Therian, M|382\/382
|-ability|p2a: Landorus-Therian|Intimidate|[of] p1a: Metagross
|-unboost|p1a: Metagross|atk|1
|move|p1a: Metagross|Earthquake|p2a: Landorus-Therian
|-immune|p2a: Landorus-Therian|[msg]
|
|turn|4
|
|move|p1a: Metagross|Earthquake|p2a: Landorus-Therian
|-immune|p2a: Landorus-Therian|[msg]
|move|p2a: Landorus-Therian|U-turn|p1a: Metagross
|-damage|p1a: Metagross|142\/302
|
|switch|p2a: Magnezone|Magnezone|188\/281
|
|turn|5
|
|move|p2a: Magnezone|Thunderbolt|p1a: Metagross
|-damage|p1a: Metagross|0 fnt
|faint|p1a: Metagross
|
|
|switch|p1a: Landorus-Therian|Landorus-Therian, M|325\/325
|-ability|p1a: Landorus-Therian|Intimidate|[of] p2a: Magnezone
|-unboost|p2a: Magnezone|atk|1
|turn|6
|
|move|p1a: Landorus-Therian|U-turn|p2a: Magnezone
|-resisted|p2a: Magnezone
|-damage|p2a: Magnezone|151\/281
|
|switch|p1a: Rotom-Wash|Rotom-Wash|251\/304
|move|p2a: Magnezone|Thunderbolt|p1a: Rotom-Wash
|-damage|p1a: Rotom-Wash|107\/304
|
|-heal|p1a: Rotom-Wash|126\/304|[from] item: Leftovers
|turn|7
|
|move|p2a: Magnezone|Thunderbolt|p1a: Rotom-Wash
|-damage|p1a: Rotom-Wash|0 fnt
|faint|p1a: Rotom-Wash
|
|
|switch|p1a: Greninja|Greninja, M|285\/285
|turn|8
|
|switch|p2a: Togekiss|Togekiss, F|374\/374
|move|p1a: Greninja|Hydro Pump|p2a: Togekiss
|-start|p1a: Greninja|typechange|Water|[from] Protean
|-crit|p2a: Togekiss
|-damage|p2a: Togekiss|163\/374
|-damage|p1a: Greninja|257\/285|[from] item: Life Orb
|
|-heal|p2a: Togekiss|186\/374|[from] item: Leftovers
|turn|9
|
|switch|p2a: Conkeldurr|Conkeldurr, M|287\/351
|move|p1a: Greninja|Ice Beam|p2a: Conkeldurr
|-start|p1a: Greninja|typechange|Ice|[from] Protean
|-damage|p2a: Conkeldurr|165\/351
|-damage|p1a: Greninja|229\/285|[from] item: Life Orb
|
|turn|10
|
|switch|p1a: Gengar|Gengar, M|261\/261
|move|p2a: Conkeldurr|Knock Off|p1a: Gengar
|-supereffective|p1a: Gengar
|-damage|p1a: Gengar|0 fnt
|-enditem|p1a: Gengar|Life Orb|[from] move: Knock Off|[of] p2a: Conkeldurr
|faint|p1a: Gengar
|
|
|switch|p1a: Greninja|Greninja, M|229\/285
|turn|11
|
|move|p2a: Conkeldurr|Mach Punch|p1a: Greninja
|-supereffective|p1a: Greninja
|-damage|p1a: Greninja|0 fnt
|faint|p1a: Greninja
|
|-message|Planet Hell forfeited.
|
|win|MegaMogwai
|raw|Ladder updating...
|leave|Planet Hell
|player|p1
|raw|Planet Hell's rating: 1775 &rarr; <strong>1748<\/strong><br \/>(-27 for losing)
|raw|MegaMogwai's rating: 1631 &rarr; <strong>1659<\/strong><br \/>(+28 for winning)