|join|lil manaphy
|join|Planet Hell
|player|p1|lil manaphy|98
|player|p2|Planet Hell|190
|gametype|singles
|gen|6
|tier|OU
|rated
|clearpoke
|poke|p1|Lopunny, F
|poke|p1|Rotom-Wash
|poke|p1|Gothitelle, F
|poke|p1|Mandibuzz, F
|poke|p1|Heatran, M
|poke|p1|Celebi
|poke|p2|Rotom-Wash
|poke|p2|Greninja, F
|poke|p2|Landorus-Therian, M
|poke|p2|Empoleon, M
|poke|p2|Metagross
|poke|p2|Gengar, M
|rule|Swagger Clause: Swagger is banned
|rule|Baton Pass Clause: Limit one Pokémon knowing Baton Pass
|rule|Sleep Clause Mod: Limit one foe put to sleep
|rule|Species Clause: Limit one of each Pokémon
|rule|OHKO Clause: OHKO moves are banned
|rule|Moody Clause: Moody is banned
|rule|Evasion Moves Clause: Evasion moves are banned
|rule|Endless Battle Clause: Forcing endless battles is banned
|rule|HP Percentage Mod: HP is shown in percentages
|teampreview
|
|start
|switch|p1a: Rotom-Wash|Rotom-Wash|303\/303
|switch|p2a: Gengar|Gengar, M|261\/261
|turn|1
|
|move|p2a: Gengar|Sludge Wave|p1a: Rotom-Wash
|-damage|p1a: Rotom-Wash|96\/303
|-damage|p2a: Gengar|235\/261|[from] item: Life Orb
|move|p1a: Rotom-Wash|Volt Switch|p2a: Gengar
|-damage|p2a: Gengar|126\/261
|
|switch|p1a: Lopunny|Lopunny, F|271\/271
|
|turn|2
|
|detailschange|p1a: Lopunny|Lopunny-Mega, F
|message|Lopunny has Mega Evolved into Mega Lopunny!
|move|p1a: Lopunny|Fake Out|p2a: Gengar
|-damage|p2a: Gengar|9\/261
|cant|p2a: Gengar|flinch
|
|turn|3
|
|switch|p2a: Rotom-Wash|Rotom-Wash|304\/304
|move|p1a: Lopunny|Ice Punch|p2a: Rotom-Wash
|-resisted|p2a: Rotom-Wash
|-damage|p2a: Rotom-Wash|269\/304
|
|-heal|p2a: Rotom-Wash|288\/304|[from] item: Leftovers
|turn|4
|
|switch|p1a: Celebi|Celebi|404\/404
|move|p2a: Rotom-Wash|Volt Switch|p1a: Celebi
|-resisted|p1a: Celebi
|-damage|p1a: Celebi|374\/404
|
|switch|p2a: Landorus-Therian|Landorus-Therian, M|325\/325
|-ability|p2a: Landorus-Therian|Intimidate|[of] p1a: Celebi
|-unboost|p1a: Celebi|atk|1
|
|-heal|p1a: Celebi|399\/404|[from] item: Leftovers
|turn|5
|
|switch|p1a: Heatran|Heatran, M|386\/386
|move|p2a: Landorus-Therian|U-turn|p1a: Heatran
|-resisted|p1a: Heatran
|-damage|p1a: Heatran|363\/386
|
|switch|p2a: Greninja|Greninja, F|285\/285
|
|-heal|p1a: Heatran|386\/386|[from] item: Leftovers
|turn|6
|
|move|p2a: Greninja|Hydro Pump|p1a: Heatran|[miss]
|-start|p2a: Greninja|typechange|Water|[from] Protean
|-miss|p2a: Greninja|p1a: Heatran
|move|p1a: Heatran|Stealth Rock|p2a: Greninja
|-sidestart|p2: Planet Hell|move: Stealth Rock
|
|turn|7
|
|move|p2a: Greninja|Hydro Pump|p1a: Heatran
|-supereffective|p1a: Heatran
|-damage|p1a: Heatran|71\/386
|-damage|p2a: Greninja|257\/285|[from] item: Life Orb
|move|p1a: Heatran|Toxic|p2a: Greninja
|-status|p2a: Greninja|tox
|
|-heal|p1a: Heatran|95\/386|[from] item: Leftovers
|-damage|p2a: Greninja|240\/285 tox|[from] psn
|turn|8
|
|move|p1a: Heatran|Protect|p1a: Heatran
|-singleturn|p1a: Heatran|Protect
|move|p2a: Greninja|Spikes|p1a: Heatran
|-start|p2a: Greninja|typechange|Ground|[from] Protean
|-sidestart|p1: lil manaphy|Spikes
|
|-heal|p1a: Heatran|119\/386|[from] item: Leftovers
|-damage|p2a: Greninja|206\/285 tox|[from] psn
|turn|9
|
|switch|p1a: Rotom-Wash|Rotom-Wash|96\/303
|move|p2a: Greninja|Hydro Pump|p1a: Rotom-Wash|[miss]
|-start|p2a: Greninja|typechange|Water|[from] Protean
|-miss|p2a: Greninja|p1a: Rotom-Wash
|
|-heal|p1a: Rotom-Wash|114\/303|[from] item: Leftovers
|-damage|p2a: Greninja|155\/285 tox|[from] psn
|turn|10
|
|switch|p2a: Rotom-Wash|Rotom-Wash|288\/304
|-damage|p2a: Rotom-Wash|250\/304|[from] Stealth Rock
|move|p1a: Rotom-Wash|Volt Switch|p2a: Rotom-Wash
|-damage|p2a: Rotom-Wash|168\/304
|
|switch|p1a: Lopunny|Lopunny-Mega, F|271\/271
|-damage|p1a: Lopunny|238\/271|[from] Spikes
|
|-heal|p2a: Rotom-Wash|187\/304|[from] item: Leftovers
|turn|11
|
|switch|p2a: Metagross|Metagross|302\/302
|-damage|p2a: Metagross|284\/302|[from] Stealth Rock
|move|p1a: Lopunny|Fake Out|p2a: Metagross
|-crit|p2a: Metagross
|-resisted|p2a: Metagross
|-damage|p2a: Metagross|242\/302
|
|turn|12
|
|switch|p1a: Mandibuzz|Mandibuzz, F|424\/424
|detailschange|p2a: Metagross|Metagross-Mega
|message|Metagross has Mega Evolved into Mega Metagross!
|move|p2a: Metagross|Ice Punch|p1a: Mandibuzz
|-supereffective|p1a: Mandibuzz
|-damage|p1a: Mandibuzz|244\/424
|
|-heal|p1a: Mandibuzz|270\/424|[from] item: Leftovers
|turn|13
|
|switch|p2a: Empoleon|Empoleon, M|371\/371
|-damage|p2a: Empoleon|348\/371|[from] Stealth Rock
|move|p1a: Mandibuzz|Roost|p1a: Mandibuzz
|-heal|p1a: Mandibuzz|424\/424
|
|-heal|p2a: Empoleon|371\/371|[from] item: Leftovers
|turn|14
|
|switch|p1a: Gothitelle|Gothitelle, F|301\/301
|-damage|p1a: Gothitelle|264\/301|[from] Spikes
|move|p2a: Empoleon|Stealth Rock|p1a: Gothitelle
|-sidestart|p1: lil manaphy|move: Stealth Rock
|
|turn|15
|
|move|p1a: Gothitelle|Trick|p2a: Empoleon
|-activate|p1a: Gothitelle|move: Trick|[of] p2a: Empoleon
|-item|p2a: Empoleon|Choice Scarf|[from] move: Trick
|-item|p1a: Gothitelle|Leftovers|[from] move: Trick
|move|p2a: Empoleon|Roar|p1a: Gothitelle
|drag|p1a: Rotom-Wash|Rotom-Wash|114\/303
|-damage|p1a: Rotom-Wash|77\/303|[from] Stealth Rock
|
|-heal|p1a: Rotom-Wash|95\/303|[from] item: Leftovers
|turn|16
|
|switch|p2a: Landorus-Therian|Landorus-Therian, M|325\/325
|-damage|p2a: Landorus-Therian|285\/325|[from] Stealth Rock
|-ability|p2a: Landorus-Therian|Intimidate|[of] p1a: Rotom-Wash
|-unboost|p1a: Rotom-Wash|atk|1
|move|p1a: Rotom-Wash|Volt Switch|p2a: Landorus-Therian
|-immune|p2a: Landorus-Therian|[msg]
|
|-heal|p1a: Rotom-Wash|113\/303|[from] item: Leftovers
|turn|17
|
|move|p2a: Landorus-Therian|U-turn|p1a: Rotom-Wash
|-damage|p1a: Rotom-Wash|52\/303
|
|switch|p2a: Gengar|Gengar, M|9\/261
|-damage|p2a: Gengar|0 fnt|[from] Stealth Rock
|faint|p2a: Gengar
|move|p1a: Rotom-Wash|Volt Switch|p2: Gengar|[notarget]
|-notarget
|
|-heal|p1a: Rotom-Wash|70\/303|[from] item: Leftovers
|
|switch|p2a: Metagross|Metagross-Mega|242\/302
|-damage|p2a: Metagross|224\/302|[from] Stealth Rock
|turn|18
|
|switch|p2a: Rotom-Wash|Rotom-Wash|187\/304
|-damage|p2a: Rotom-Wash|149\/304|[from] Stealth Rock
|switch|p1a: Mandibuzz|Mandibuzz, F|424\/424
|-damage|p1a: Mandibuzz|318\/424|[from] Stealth Rock
|
|-heal|p2a: Rotom-Wash|168\/304|[from] item: Leftovers
|-heal|p1a: Mandibuzz|344\/424|[from] item: Leftovers
|turn|19
|
|move|p2a: Rotom-Wash|Volt Switch|p1a: Mandibuzz
|-supereffective|p1a: Mandibuzz
|-damage|p1a: Mandibuzz|176\/424
|
|switch|p2a: Greninja|Greninja, F|155\/285 tox
|-damage|p2a: Greninja|120\/285 tox|[from] Stealth Rock
|move|p1a: Mandibuzz|Defog|p2a: Greninja
|-unboost|p2a: Greninja|evasion|1
|-sideend|p2: Planet Hell|Stealth Rock|[from] move: Defog|[of] p2a: Greninja
|-sideend|p1: lil manaphy|Spikes|[from] move: Defog|[of] p1a: Mandibuzz
|-sideend|p1: lil manaphy|Stealth Rock|[from] move: Defog|[of] p1a: Mandibuzz
|
|-heal|p1a: Mandibuzz|202\/424|[from] item: Leftovers
|-damage|p2a: Greninja|103\/285 tox|[from] psn
|turn|20
|
|switch|p1a: Rotom-Wash|Rotom-Wash|70\/303
|move|p2a: Greninja|Spikes|p1a: Rotom-Wash
|-start|p2a: Greninja|typechange|Ground|[from] Protean
|-sidestart|p1: lil manaphy|Spikes
|
|-heal|p1a: Rotom-Wash|88\/303|[from] item: Leftovers
|-damage|p2a: Greninja|69\/285 tox|[from] psn
|turn|21
|
|move|p2a: Greninja|Hydro Pump|p1a: Rotom-Wash|[miss]
|-start|p2a: Greninja|typechange|Water|[from] Protean
|-miss|p2a: Greninja|p1a: Rotom-Wash
|move|p1a: Rotom-Wash|Hydro Pump|p2a: Greninja
|-resisted|p2a: Greninja
|-damage|p2a: Greninja|0 fnt
|faint|p2a: Greninja
|
|-heal|p1a: Rotom-Wash|106\/303|[from] item: Leftovers
|
|switch|p2a: Metagross|Metagross-Mega|224\/302
|turn|22
|
|move|p2a: Metagross|Zen Headbutt|p1a: Rotom-Wash
|-damage|p1a: Rotom-Wash|0 fnt
|faint|p1a: Rotom-Wash
|
|
|switch|p1a: Mandibuzz|Mandibuzz, F|202\/424
|turn|23
|
|switch|p2a: Rotom-Wash|Rotom-Wash|168\/304
|move|p1a: Mandibuzz|Roost|p1a: Mandibuzz
|-heal|p1a: Mandibuzz|414\/424
|
|-heal|p2a: Rotom-Wash|187\/304|[from] item: Leftovers
|-heal|p1a: Mandibuzz|424\/424|[from] item: Leftovers
|turn|24
|
|switch|p1a: Celebi|Celebi|399\/404
|-damage|p1a: Celebi|349\/404|[from] Spikes
|move|p2a: Rotom-Wash|Volt Switch|p1a: Celebi
|-resisted|p1a: Celebi
|-damage|p1a: Celebi|315\/404
|
|switch|p2a: Landorus-Therian|Landorus-Therian, M|285\/325
|-ability|p2a: Landorus-Therian|Intimidate|[of] p1a: Celebi
|-unboost|p1a: Celebi|atk|1
|
|-heal|p1a: Celebi|340\/404|[from] item: Leftovers
|turn|25
|
|switch|p1a: Gothitelle|Gothitelle, F|264\/301
|-damage|p1a: Gothitelle|227\/301|[from] Spikes
|move|p2a: Landorus-Therian|U-turn|p1a: Gothitelle
|-supereffective|p1a: Gothitelle
|-damage|p1a: Gothitelle|45\/301
|
|switch|p2a: Metagross|Metagross-Mega|224\/302
|
|-heal|p1a: Gothitelle|63\/301|[from] item: Leftovers
|turn|26
|
|move|p2a: Metagross|Meteor Mash|p1a: Gothitelle
|-crit|p1a: Gothitelle
|-damage|p1a: Gothitelle|0 fnt
|-boost|p2a: Metagross|atk|1
|faint|p1a: Gothitelle
|
|
|switch|p1a: Mandibuzz|Mandibuzz, F|424\/424
|turn|27
|
|switch|p2a: Rotom-Wash|Rotom-Wash|187\/304
|move|p1a: Mandibuzz|Foul Play|p2a: Rotom-Wash
|-damage|p2a: Rotom-Wash|148\/304
|
|-heal|p2a: Rotom-Wash|167\/304|[from] item: Leftovers
|turn|28
|
|move|p2a: Rotom-Wash|Pain Split|p1a: Mandibuzz
|-sethp|p1a: Mandibuzz|295\/424|p2a: Rotom-Wash|295\/304|[from] move: Pain Split
|move|p1a: Mandibuzz|Roost|p1a: Mandibuzz
|-heal|p1a: Mandibuzz|424\/424
|
|-heal|p2a: Rotom-Wash|304\/304|[from] item: Leftovers
|turn|29
|
|switch|p1a: Celebi|Celebi|340\/404
|-damage|p1a: Celebi|290\/404|[from] Spikes
|move|p2a: Rotom-Wash|Volt Switch|p1a: Celebi
|-resisted|p1a: Celebi
|-damage|p1a: Celebi|260\/404
|
|switch|p2a: Landorus-Therian|Landorus-Therian, M|285\/325
|-ability|p2a: Landorus-Therian|Intimidate|[of] p1a: Celebi
|-unboost|p1a: Celebi|atk|1
|
|-heal|p1a: Celebi|285\/404|[from] item: Leftovers
|turn|30
|
|switch|p1a: Lopunny|Lopunny-Mega, F|238\/271
|-damage|p1a: Lopunny|205\/271|[from] Spikes
|move|p2a: Landorus-Therian|U-turn|p1a: Lopunny
|-resisted|p1a: Lopunny
|-damage|p1a: Lopunny|154\/271
|
|switch|p2a: Rotom-Wash|Rotom-Wash|304\/304
|
|turn|31
|
|move|p1a: Lopunny|High Jump Kick|p2a: Rotom-Wash
|-damage|p2a: Rotom-Wash|124\/304
|move|p2a: Rotom-Wash|Volt Switch|p1a: Lopunny
|-damage|p1a: Lopunny|60\/271
|
|switch|p2a: Landorus-Therian|Landorus-Therian, M|285\/325
|-ability|p2a: Landorus-Therian|Intimidate|[of] p1a: Lopunny
|-unboost|p1a: Lopunny|atk|1
|
|turn|32
|
|move|p2a: Landorus-Therian|Superpower|p1a: Lopunny
|-supereffective|p1a: Lopunny
|-damage|p1a: Lopunny|0 fnt
|-unboost|p2a: Landorus-Therian|atk|1
|-unboost|p2a: Landorus-Therian|def|1
|faint|p1a: Lopunny
|
|
|switch|p1a: Mandibuzz|Mandibuzz, F|424\/424
|turn|33
|
|switch|p2a: Empoleon|Empoleon, M|371\/371
|move|p1a: Mandibuzz|Defog|p2a: Empoleon
|-unboost|p2a: Empoleon|evasion|1
|-sideend|p1: lil manaphy|Spikes|[from] move: Defog|[of] p1a: Mandibuzz
|
|turn|34
|
|switch|p1a: Heatran|Heatran, M|119\/386
|move|p2a: Empoleon|Toxic|p1a: Heatran
|-fail|p1a: Heatran
|
|-heal|p1a: Heatran|143\/386|[from] item: Leftovers
|turn|35
|
|switch|p2a: Landorus-Therian|Landorus-Therian, M|285\/325
|-ability|p2a: Landorus-Therian|Intimidate|[of] p1a: Heatran
|-unboost|p1a: Heatran|atk|1
|move|p1a: Heatran|Stealth Rock|p2a: Landorus-Therian
|-sidestart|p2: Planet Hell|move: Stealth Rock
|
|-heal|p1a: Heatran|167\/386|[from] item: Leftovers
|turn|36
|
|switch|p2a: Rotom-Wash|Rotom-Wash|124\/304
|-damage|p2a: Rotom-Wash|86\/304|[from] Stealth Rock
|move|p1a: Heatran|Protect|p1a: Heatran
|-fail|p1a: Heatran
|
|-heal|p2a: Rotom-Wash|105\/304|[from] item: Leftovers
|-heal|p1a: Heatran|191\/386|[from] item: Leftovers
|turn|37
|
|move|p1a: Heatran|Protect|p1a: Heatran
|-singleturn|p1a: Heatran|Protect
|move|p2a: Rotom-Wash|Hydro Pump|p1a: Heatran
|-activate|p1a: Heatran|Protect
|
|-heal|p2a: Rotom-Wash|124\/304|[from] item: Leftovers
|-heal|p1a: Heatran|215\/386|[from] item: Leftovers
|turn|38
|
|move|p2a: Rotom-Wash|Hydro Pump|p1a: Heatran|[miss]
|-miss|p2a: Rotom-Wash|p1a: Heatran
|move|p1a: Heatran|Toxic|p2a: Rotom-Wash
|-status|p2a: Rotom-Wash|tox
|
|-heal|p2a: Rotom-Wash|143\/304 tox|[from] item: Leftovers
|-heal|p1a: Heatran|239\/386|[from] item: Leftovers
|-damage|p2a: Rotom-Wash|124\/304 tox|[from] psn
|turn|39
|c|★Planet Hell|jesus
|
|move|p2a: Rotom-Wash|Hydro Pump|p1a: Heatran
|-supereffective|p1a: Heatran
|-damage|p1a: Heatran|35\/386
|move|p1a: Heatran|Lava Plume|p2a: Rotom-Wash
|-resisted|p2a: Rotom-Wash
|-damage|p2a: Rotom-Wash|68\/304 tox
|
|-heal|p2a: Rotom-Wash|87\/304 tox|[from] item: Leftovers
|-heal|p1a: Heatran|59\/386|[from] item: Leftovers
|-damage|p2a: Rotom-Wash|49\/304 tox|[from] psn
|turn|40
|
|switch|p2a: Empoleon|Empoleon, M|371\/371
|-damage|p2a: Empoleon|348\/371|[from] Stealth Rock
|move|p1a: Heatran|Protect|p1a: Heatran
|-fail|p1a: Heatran
|
|-heal|p1a: Heatran|83\/386|[from] item: Leftovers
|turn|41
|
|switch|p1a: Celebi|Celebi|285\/404
|move|p2a: Empoleon|Scald|p1a: Celebi
|-resisted|p1a: Celebi
|-damage|p1a: Celebi|245\/404
|
|-heal|p1a: Celebi|270\/404|[from] item: Leftovers
|turn|42
|
|switch|p2a: Landorus-Therian|Landorus-Therian, M|285\/325
|-damage|p2a: Landorus-Therian|245\/325|[from] Stealth Rock
|-ability|p2a: Landorus-Therian|Intimidate|[of] p1a: Celebi
|-unboost|p1a: Celebi|atk|1
|move|p1a: Celebi|Giga Drain|p2a: Landorus-Therian
|-damage|p2a: Landorus-Therian|133\/325
|-heal|p1a: Celebi|326\/404|[from] drain|[of] p2a: Landorus-Therian
|
|-heal|p1a: Celebi|351\/404|[from] item: Leftovers
|turn|43
|
|switch|p1a: Mandibuzz|Mandibuzz, F|424\/424
|move|p2a: Landorus-Therian|U-turn|p1a: Mandibuzz
|-damage|p1a: Mandibuzz|359\/424
|
|switch|p2a: Empoleon|Empoleon, M|348\/371
|-damage|p2a: Empoleon|325\/371|[from] Stealth Rock
|
|-heal|p1a: Mandibuzz|385\/424|[from] item: Leftovers
|turn|44
|
|switch|p1a: Celebi|Celebi|351\/404
|move|p2a: Empoleon|Stealth Rock|p1a: Celebi
|-sidestart|p1: lil manaphy|move: Stealth Rock
|
|-heal|p1a: Celebi|376\/404|[from] item: Leftovers
|turn|45
|
|switch|p2a: Metagross|Metagross-Mega|224\/302
|-damage|p2a: Metagross|206\/302|[from] Stealth Rock
|move|p1a: Celebi|Baton Pass|p1a: Celebi
|
|switch|p1a: Mandibuzz|Mandibuzz, F|385\/424
|-damage|p1a: Mandibuzz|279\/424|[from] Stealth Rock
|
|-heal|p1a: Mandibuzz|305\/424|[from] item: Leftovers
|turn|46
|
|switch|p2a: Rotom-Wash|Rotom-Wash|49\/304 tox
|-damage|p2a: Rotom-Wash|11\/304 tox|[from] Stealth Rock
|move|p1a: Mandibuzz|Foul Play|p2a: Rotom-Wash
|-damage|p2a: Rotom-Wash|0 fnt
|faint|p2a: Rotom-Wash
|
|-heal|p1a: Mandibuzz|331\/424|[from] item: Leftovers
|-message|Planet Hell forfeited.
|
|win|lil manaphy
|raw|Ladder updating...
|leave|Planet Hell
|player|p2
|raw|lil manaphy's rating: 1651 &rarr; <strong>1673<\/strong><br \/>(+22 for winning)
|raw|Planet Hell's rating: 1699 &rarr; <strong>1677<\/strong><br \/>(-22 for losing)