|join|PikachuCandyツ
|join|Planet Hell
|player|p1|PikachuCandyツ|179
|player|p2|Planet Hell|190
|gametype|singles
|gen|6
|tier|OU
|clearpoke
|poke|p1|Landorus-Therian, M
|poke|p1|Garchomp, M, shiny
|poke|p1|Mandibuzz, F
|poke|p1|Wobbuffet, M, shiny
|poke|p1|Kyurem-Black, shiny
|poke|p1|Greninja, M, shiny
|poke|p2|Rotom-Wash
|poke|p2|Greninja, F
|poke|p2|Landorus-Therian, M
|poke|p2|Empoleon, F
|poke|p2|Metagross
|poke|p2|Gengar, M
|rule|Swagger Clause: Swagger is banned
|rule|Baton Pass Clause: Limit one Pokémon knowing Baton Pass
|rule|Sleep Clause Mod: Limit one foe put to sleep
|rule|Species Clause: Limit one of each Pokémon
|rule|OHKO Clause: OHKO moves are banned
|rule|Moody Clause: Moody is banned
|rule|Evasion Moves Clause: Evasion moves are banned
|rule|Endless Battle Clause: Forcing endless battles is banned
|rule|HP Percentage Mod: HP is shown in percentages
|teampreview
|join|Aegislashed
|join|testingsumcrap
|c|★PikachuCandyツ|good god
|join|Orei
|c|★PikachuCandyツ|#5 on the ladder
|join|cheungknoodles
|c|★PikachuCandyツ|I have to put in a lot of work for this one
|c|★PikachuCandyツ|gl hf
|
|start
|switch|p1a: WishTail|Landorus-Therian, M|319\/319
|switch|p2a: Rotom-Wash|Rotom-Wash|304\/304
|-ability|p1a: WishTail|Intimidate|[of] p2a: Rotom-Wash
|-unboost|p2a: Rotom-Wash|atk|1
|turn|1
|
|move|p1a: WishTail|U-turn|p2a: Rotom-Wash
|-damage|p2a: Rotom-Wash|231\/304
|
|switch|p1a: BubbleTea|Wobbuffet, M, shiny|584\/584
|move|p2a: Rotom-Wash|Will-O-Wisp|p1a: BubbleTea
|-status|p1a: BubbleTea|brn
|
|-heal|p2a: Rotom-Wash|250\/304|[from] item: Leftovers
|-damage|p1a: BubbleTea|511\/584 brn|[from] brn
|turn|2
|join|Kuraineko2
|
|move|p2a: Rotom-Wash|Volt Switch|p1a: BubbleTea
|-damage|p1a: BubbleTea|426\/584 brn
|
|switch|p2a: Greninja|Greninja, F|285\/285
|move|p1a: BubbleTea|Encore|p2a: Greninja
|-fail|p2a: Greninja
|
|-heal|p1a: BubbleTea|462\/584 brn|[from] item: Leftovers
|-damage|p1a: BubbleTea|389\/584 brn|[from] brn
|turn|3
|c|★PikachuCandyツ|wrong play..
|
|move|p2a: Greninja|Spikes|p1a: BubbleTea
|-start|p2a: Greninja|typechange|Ground|[from] Protean
|-sidestart|p1: PikachuCandyツ|Spikes
|move|p1a: BubbleTea|Destiny Bond|p1a: BubbleTea
|-singlemove|p1a: BubbleTea|Destiny Bond
|
|-heal|p1a: BubbleTea|425\/584 brn|[from] item: Leftovers
|-damage|p1a: BubbleTea|352\/584 brn|[from] brn
|turn|4
|join|ItsPoopyTime
|
|move|p2a: Greninja|Spikes|p1a: BubbleTea
|-sidestart|p1: PikachuCandyツ|Spikes
|move|p1a: BubbleTea|Encore|p2a: Greninja
|-start|p2a: Greninja|Encore
|
|-heal|p1a: BubbleTea|388\/584 brn|[from] item: Leftovers
|-damage|p1a: BubbleTea|315\/584 brn|[from] brn
|turn|5
|
|switch|p1a: Teriyaki|Kyurem-Black, shiny|453\/453
|-damage|p1a: Teriyaki|378\/453|[from] Spikes
|-ability|p1a: Teriyaki|Teravolt
|move|p2a: Greninja|Spikes|p1a: Teriyaki
|-sidestart|p1: PikachuCandyツ|Spikes
|
|-heal|p1a: Teriyaki|406\/453|[from] item: Leftovers
|turn|6
|c|★PikachuCandyツ|I've seen spikes ninja before
|
|switch|p2a: Landorus-Therian|Landorus-Therian, M|325\/325
|-ability|p2a: Landorus-Therian|Intimidate|[of] p1a: Teriyaki
|-unboost|p1a: Teriyaki|atk|1
|move|p1a: Teriyaki|Substitute|p1a: Teriyaki
|-start|p1a: Teriyaki|Substitute
|-damage|p1a: Teriyaki|293\/453
|
|-heal|p1a: Teriyaki|321\/453|[from] item: Leftovers
|turn|7
|join|FrozenCold
|
|move|p2a: Landorus-Therian|U-turn|p1a: Teriyaki
|-activate|p1a: Teriyaki|Substitute|[damage]
|join|Politoed in Green
|c| FrozenCold|alot of watertypes
|c|★PikachuCandyツ|forgot from who tho
|
|switch|p2a: Empoleon|Empoleon, F|371\/371
|move|p1a: Teriyaki|Ice Beam|p2a: Empoleon
|-resisted|p2a: Empoleon
|-damage|p2a: Empoleon|339\/371
|-status|p2a: Empoleon|frz
|
|-heal|p1a: Teriyaki|349\/453|[from] item: Leftovers
|-heal|p2a: Empoleon|362\/371 frz|[from] item: Leftovers
|turn|8
|c| FrozenCold|spikes ninja is a set on randoms
|c|★PikachuCandyツ|hax god
|
|move|p1a: Teriyaki|Earth Power|p2a: Empoleon
|-supereffective|p2a: Empoleon
|-damage|p2a: Empoleon|216\/371 frz
|-curestatus|p2a: Empoleon|frz
|move|p2a: Empoleon|Roar|p1a: Teriyaki
|drag|p1a: BubbleTea|Wobbuffet, M, shiny|315\/584 brn
|-damage|p1a: BubbleTea|169\/584 brn|[from] Spikes
|
|-heal|p2a: Empoleon|239\/371|[from] item: Leftovers
|-heal|p1a: BubbleTea|205\/584 brn|[from] item: Leftovers
|-damage|p1a: BubbleTea|132\/584 brn|[from] brn
|turn|9
|c| FrozenCold|the niinja has sash in randoms
|c|★PikachuCandyツ|welp
|
|move|p1a: BubbleTea|Encore|p2a: Empoleon
|-start|p2a: Empoleon|Encore
|move|p2a: Empoleon|Roar|p1a: BubbleTea
|drag|p1a: WishTail|Landorus-Therian, M|319\/319
|-ability|p1a: WishTail|Intimidate|[of] p2a: Empoleon
|-unboost|p2a: Empoleon|atk|1
|
|-heal|p2a: Empoleon|262\/371|[from] item: Leftovers
|turn|10
|
|switch|p2a: Landorus-Therian|Landorus-Therian, M|325\/325
|-ability|p2a: Landorus-Therian|Intimidate|[of] p1a: WishTail
|-unboost|p1a: WishTail|atk|1
|move|p1a: WishTail|U-turn|p2a: Landorus-Therian
|-resisted|p2a: Landorus-Therian
|-damage|p2a: Landorus-Therian|291\/325
|
|switch|p1a: FredFlinstone|Mandibuzz, F|424\/424
|
|turn|11
|
|move|p2a: Landorus-Therian|U-turn|p1a: FredFlinstone
|-damage|p1a: FredFlinstone|362\/424
|
|switch|p2a: Greninja|Greninja, F|285\/285
|move|p1a: FredFlinstone|Defog|p2a: Greninja
|-unboost|p2a: Greninja|evasion|1
|-sideend|p1: PikachuCandyツ|Spikes|[from] move: Defog|[of] p1a: FredFlinstone
|
|-heal|p1a: FredFlinstone|388\/424|[from] item: Leftovers
|turn|12
|
|switch|p1a: BubbleTea|Wobbuffet, M, shiny|132\/584 brn
|move|p2a: Greninja|Spikes|p1a: BubbleTea
|-start|p2a: Greninja|typechange|Ground|[from] Protean
|-sidestart|p1: PikachuCandyツ|Spikes
|
|-heal|p1a: BubbleTea|168\/584 brn|[from] item: Leftovers
|-damage|p1a: BubbleTea|95\/584 brn|[from] brn
|turn|13
|
|move|p2a: Greninja|Ice Beam|p1a: BubbleTea
|-start|p2a: Greninja|typechange|Ice|[from] Protean
|-crit|p1a: BubbleTea
|-damage|p1a: BubbleTea|0 fnt
|-damage|p2a: Greninja|257\/285|[from] item: Life Orb
|faint|p1a: BubbleTea
|
|
|switch|p1a: WishTail|Landorus-Therian, M|319\/319
|-ability|p1a: WishTail|Intimidate|[of] p2a: Greninja
|-unboost|p2a: Greninja|atk|1
|turn|14
|c| FrozenCold|Gekoujja
|c|★PikachuCandyツ|nahh
|c|★PikachuCandyツ|gg
|c| FrozenCold|pretty sure close to japanese ninja
|c|★PikachuCandyツ|Don't feel ou today
|-message|PikachuCandyツ forfeited.
|
|win|Planet Hell
|c|★PikachuCandyツ|gg
|c|★Planet Hell|gg
|leave|PikachuCandyツ
|player|p1
|leave|Planet Hell
|player|p2
|leave|Kuraineko2
|leave|FrozenCold
|leave|ItsPoopyTime
|leave|testingsumcrap
|leave|cheungknoodles
|leave|Politoed in Green