|join|Planet Hell
|join|keroluxray
|player|p1|Planet Hell|190
|player|p2|keroluxray|126
|gametype|singles
|gen|6
|tier|OU
|rated
|clearpoke
|poke|p1|Rotom-Wash
|poke|p1|Greninja, F
|poke|p1|Landorus-Therian, M
|poke|p1|Empoleon, F
|poke|p1|Metagross
|poke|p1|Gengar, M
|poke|p2|Slowbro, M
|poke|p2|Heatran, F
|poke|p2|Lopunny, M
|poke|p2|Greninja, F
|poke|p2|Latias, F
|poke|p2|Landorus-Therian, M
|rule|Swagger Clause: Swagger is banned
|rule|Baton Pass Clause: Limit one Pokémon knowing Baton Pass
|rule|Sleep Clause Mod: Limit one foe put to sleep
|rule|Species Clause: Limit one of each Pokémon
|rule|OHKO Clause: OHKO moves are banned
|rule|Moody Clause: Moody is banned
|rule|Evasion Moves Clause: Evasion moves are banned
|rule|Endless Battle Clause: Forcing endless battles is banned
|rule|HP Percentage Mod: HP is shown in percentages
|teampreview
|
|start
|switch|p1a: Rotom-Wash|Rotom-Wash|304\/304
|switch|p2a: Lopunny|Lopunny, M|271\/271
|turn|1
|
|detailschange|p2a: Lopunny|Lopunny-Mega, M
|message|Lopunny has Mega Evolved into Mega Lopunny!
|move|p2a: Lopunny|Fake Out|p1a: Rotom-Wash
|-damage|p1a: Rotom-Wash|247\/304
|cant|p1a: Rotom-Wash|flinch
|
|-heal|p1a: Rotom-Wash|266\/304|[from] item: Leftovers
|turn|2
|
|switch|p2a: Latias|Latias, F|301\/301
|move|p1a: Rotom-Wash|Volt Switch|p2a: Latias
|-resisted|p2a: Latias
|-damage|p2a: Latias|268\/301
|
|switch|p1a: Greninja|Greninja, F|285\/285
|
|turn|3
|
|move|p2a: Latias|Draco Meteor|p1a: Greninja
|-damage|p1a: Greninja|0 fnt
|-unboost|p2a: Latias|spa|2
|faint|p1a: Greninja
|
|
|switch|p1a: Empoleon|Empoleon, F|371\/371
|turn|4
|
|switch|p2a: Lopunny|Lopunny-Mega, M|271\/271
|move|p1a: Empoleon|Stealth Rock|p2a: Lopunny
|-sidestart|p2: keroluxray|move: Stealth Rock
|
|turn|5
|
|switch|p1a: Landorus-Therian|Landorus-Therian, M|325\/325
|-ability|p1a: Landorus-Therian|Intimidate|[of] p2a: Lopunny
|-unboost|p2a: Lopunny|atk|1
|move|p2a: Lopunny|High Jump Kick|p1a: Landorus-Therian
|-resisted|p1a: Landorus-Therian
|-damage|p1a: Landorus-Therian|241\/325
|
|turn|6
|
|switch|p2a: Landorus-Therian|Landorus-Therian, M|319\/319
|-damage|p2a: Landorus-Therian|280\/319|[from] Stealth Rock
|-ability|p2a: Landorus-Therian|Intimidate|[of] p1a: Landorus-Therian
|-unboost|p1a: Landorus-Therian|atk|1
|move|p1a: Landorus-Therian|U-turn|p2a: Landorus-Therian
|-resisted|p2a: Landorus-Therian
|-damage|p2a: Landorus-Therian|244\/319
|
|switch|p1a: Rotom-Wash|Rotom-Wash|266\/304
|
|-heal|p1a: Rotom-Wash|285\/304|[from] item: Leftovers
|turn|7
|
|move|p2a: Landorus-Therian|U-turn|p1a: Rotom-Wash
|-damage|p1a: Rotom-Wash|214\/304
|
|switch|p2a: Latias|Latias, F|268\/301
|-damage|p2a: Latias|231\/301|[from] Stealth Rock
|move|p1a: Rotom-Wash|Volt Switch|p2a: Latias
|-resisted|p2a: Latias
|-damage|p2a: Latias|196\/301
|
|switch|p1a: Metagross|Metagross|302\/302
|
|turn|8
|
|switch|p2a: Slowbro|Slowbro, M|393\/393
|-damage|p2a: Slowbro|344\/393|[from] Stealth Rock
|switch|p1a: Gengar|Gengar, M|261\/261
|
|-heal|p2a: Slowbro|368\/393|[from] item: Leftovers
|turn|9
|
|move|p2a: Slowbro|Protect|p2a: Slowbro
|-singleturn|p2a: Slowbro|Protect
|move|p1a: Gengar|Focus Blast|p2a: Slowbro
|-activate|p2a: Slowbro|Protect
|
|-heal|p2a: Slowbro|392\/393|[from] item: Leftovers
|turn|10
|
|move|p1a: Gengar|Shadow Ball|p2a: Slowbro
|-supereffective|p2a: Slowbro
|-damage|p2a: Slowbro|0 fnt
|-damage|p1a: Gengar|235\/261|[from] item: Life Orb
|faint|p2a: Slowbro
|
|
|switch|p2a: Lopunny|Lopunny-Mega, M|271\/271
|-damage|p2a: Lopunny|255\/271|[from] Stealth Rock
|turn|11
|
|switch|p1a: Metagross|Metagross|302\/302
|move|p2a: Lopunny|Return|p1a: Metagross
|-resisted|p1a: Metagross
|-damage|p1a: Metagross|231\/302
|
|turn|12
|
|switch|p2a: Heatran|Heatran, F|385\/385
|-damage|p2a: Heatran|337\/385|[from] Stealth Rock
|-item|p2a: Heatran|Air Balloon
|detailschange|p1a: Metagross|Metagross-Mega
|message|Metagross has Mega Evolved into Mega Metagross!
|move|p1a: Metagross|Ice Punch|p2a: Heatran
|-resisted|p2a: Heatran
|-damage|p2a: Heatran|316\/385
|-enditem|p2a: Heatran|Air Balloon
|-status|p2a: Heatran|frz
|
|turn|13
|
|move|p1a: Metagross|Ice Punch|p2a: Heatran
|-crit|p2a: Heatran
|-resisted|p2a: Heatran
|-damage|p2a: Heatran|282\/385 frz
|cant|p2a: Heatran|frz
|
|turn|14
|
|move|p1a: Metagross|Earthquake|p2a: Heatran
|-supereffective|p2a: Heatran
|-damage|p2a: Heatran|0 fnt
|faint|p2a: Heatran
|
|
|switch|p2a: Landorus-Therian|Landorus-Therian, M|244\/319
|-damage|p2a: Landorus-Therian|205\/319|[from] Stealth Rock
|-ability|p2a: Landorus-Therian|Intimidate|[of] p1a: Metagross
|-unboost|p1a: Metagross|atk|1
|turn|15
|
|switch|p1a: Landorus-Therian|Landorus-Therian, M|241\/325
|-ability|p1a: Landorus-Therian|Intimidate|[of] p2a: Landorus-Therian
|-unboost|p2a: Landorus-Therian|atk|1
|move|p2a: Landorus-Therian|Knock Off|p1a: Landorus-Therian
|-damage|p1a: Landorus-Therian|135\/325
|-enditem|p1a: Landorus-Therian|Choice Scarf|[from] move: Knock Off|[of] p2a: Landorus-Therian
|
|turn|16
|
|switch|p2a: Lopunny|Lopunny-Mega, M|255\/271
|-damage|p2a: Lopunny|239\/271|[from] Stealth Rock
|move|p1a: Landorus-Therian|U-turn|p2a: Lopunny
|-resisted|p2a: Lopunny
|-damage|p2a: Lopunny|195\/271
|
|switch|p1a: Metagross|Metagross-Mega|231\/302
|
|turn|17
|
|move|p2a: Lopunny|High Jump Kick|p1a: Metagross
|-damage|p1a: Metagross|56\/302
|move|p1a: Metagross|Meteor Mash|p2a: Lopunny|[miss]
|-miss|p1a: Metagross|p2a: Lopunny
|
|turn|18
|
|move|p2a: Lopunny|High Jump Kick|p1a: Metagross
|-damage|p1a: Metagross|0 fnt
|faint|p1a: Metagross
|
|
|switch|p1a: Rotom-Wash|Rotom-Wash|214\/304
|turn|19
|
|switch|p2a: Latias|Latias, F|196\/301
|-damage|p2a: Latias|159\/301|[from] Stealth Rock
|move|p1a: Rotom-Wash|Hydro Pump|p2a: Latias
|-resisted|p2a: Latias
|-damage|p2a: Latias|104\/301
|
|-heal|p1a: Rotom-Wash|233\/304|[from] item: Leftovers
|turn|20
|
|switch|p1a: Empoleon|Empoleon, F|371\/371
|move|p2a: Latias|Trick|p1a: Empoleon
|-activate|p2a: Latias|move: Trick|[of] p1a: Empoleon
|-item|p1a: Empoleon|Choice Scarf|[from] move: Trick
|-item|p2a: Latias|Leftovers|[from] move: Trick
|
|-heal|p2a: Latias|122\/301|[from] item: Leftovers
|turn|21
|
|move|p2a: Latias|Draco Meteor|p1a: Empoleon
|-resisted|p1a: Empoleon
|-damage|p1a: Empoleon|289\/371
|-unboost|p2a: Latias|spa|2
|move|p1a: Empoleon|Scald|p2a: Latias
|-resisted|p2a: Latias
|-damage|p2a: Latias|81\/301
|
|-heal|p2a: Latias|99\/301|[from] item: Leftovers
|turn|22
|
|move|p2a: Latias|Draco Meteor|p1a: Empoleon
|-crit|p1a: Empoleon
|-resisted|p1a: Empoleon
|-damage|p1a: Empoleon|177\/371
|-unboost|p2a: Latias|spa|2
|move|p1a: Empoleon|Scald|p2a: Latias
|-resisted|p2a: Latias
|-damage|p2a: Latias|58\/301
|
|-heal|p2a: Latias|76\/301|[from] item: Leftovers
|turn|23
|
|move|p2a: Latias|Draco Meteor|p1a: Empoleon
|-resisted|p1a: Empoleon
|-damage|p1a: Empoleon|153\/371
|-unboost|p2a: Latias|spa|2
|move|p1a: Empoleon|Scald|p2a: Latias
|-crit|p2a: Latias
|-resisted|p2a: Latias
|-damage|p2a: Latias|16\/301
|-status|p2a: Latias|brn
|
|-heal|p2a: Latias|34\/301 brn|[from] item: Leftovers
|-damage|p2a: Latias|0 fnt|[from] brn
|faint|p2a: Latias
|
|switch|p2a: Greninja|Greninja, F|285\/285
|-damage|p2a: Greninja|250\/285|[from] Stealth Rock
|turn|24
|
|move|p2a: Greninja|Hidden Power|p1a: Empoleon
|-start|p2a: Greninja|typechange|Grass|[from] Protean
|-damage|p1a: Empoleon|66\/371
|-damage|p2a: Greninja|222\/285|[from] item: Life Orb
|move|p1a: Empoleon|Scald|p2a: Greninja
|-resisted|p2a: Greninja
|-damage|p2a: Greninja|122\/285
|
|turn|25
|
|move|p2a: Greninja|Hidden Power|p1a: Empoleon
|-damage|p1a: Empoleon|0 fnt
|-damage|p2a: Greninja|94\/285|[from] item: Life Orb
|faint|p1a: Empoleon
|
|
|switch|p1a: Gengar|Gengar, M|235\/261
|turn|26
|
|switch|p2a: Landorus-Therian|Landorus-Therian, M|205\/319
|-damage|p2a: Landorus-Therian|166\/319|[from] Stealth Rock
|-ability|p2a: Landorus-Therian|Intimidate|[of] p1a: Gengar
|-unboost|p1a: Gengar|atk|1
|move|p1a: Gengar|Sludge Wave|p2a: Landorus-Therian
|-resisted|p2a: Landorus-Therian
|-damage|p2a: Landorus-Therian|30\/319
|-damage|p1a: Gengar|209\/261|[from] item: Life Orb
|
|turn|27
|
|switch|p1a: Landorus-Therian|Landorus-Therian, M|135\/325
|-ability|p1a: Landorus-Therian|Intimidate|[of] p2a: Landorus-Therian
|-unboost|p2a: Landorus-Therian|atk|1
|move|p2a: Landorus-Therian|Knock Off|p1a: Landorus-Therian
|-damage|p1a: Landorus-Therian|65\/325
|
|turn|28
|
|move|p2a: Landorus-Therian|Knock Off|p1a: Landorus-Therian
|-damage|p1a: Landorus-Therian|0 fnt
|faint|p1a: Landorus-Therian
|
|
|switch|p1a: Rotom-Wash|Rotom-Wash|233\/304
|turn|29
|
|move|p2a: Landorus-Therian|Knock Off|p1a: Rotom-Wash
|-damage|p1a: Rotom-Wash|172\/304
|-enditem|p1a: Rotom-Wash|Leftovers|[from] move: Knock Off|[of] p2a: Landorus-Therian
|move|p1a: Rotom-Wash|Hydro Pump|p2a: Landorus-Therian
|-supereffective|p2a: Landorus-Therian
|-damage|p2a: Landorus-Therian|0 fnt
|faint|p2a: Landorus-Therian
|
|-message|Planet Hell forfeited.
|
|win|keroluxray
|raw|Ladder updating...
|leave|Planet Hell
|player|p1
|raw|Planet Hell's rating: 1774 &rarr; <strong>1743<\/strong><br \/>(-31 for losing)
|raw|keroluxray's rating: 1568 &rarr; <strong>1598<\/strong><br \/>(+30 for winning)