|join|req'd by crobro
|join|X TREE
|player|p1|req'd by crobro|144
|player|p2|X TREE|101
|gametype|singles
|gen|6
|tier|OU
|rated
|clearpoke
|poke|p1|Metagross
|poke|p1|Magnezone
|poke|p1|Slowbro, M
|poke|p1|Clefable, M
|poke|p1|Gliscor, F
|poke|p1|Zapdos
|poke|p2|Altaria, M, shiny
|poke|p2|Chesnaught, M, shiny
|poke|p2|Starmie, shiny
|poke|p2|Volcarona, F, shiny
|poke|p2|Chansey, F, shiny
|poke|p2|Hippowdon, F, shiny
|rule|Swagger Clause: Swagger is banned
|rule|Baton Pass Clause: Limit one Pokémon knowing Baton Pass
|rule|Sleep Clause Mod: Limit one foe put to sleep
|rule|Species Clause: Limit one of each Pokémon
|rule|OHKO Clause: OHKO moves are banned
|rule|Moody Clause: Moody is banned
|rule|Evasion Moves Clause: Evasion moves are banned
|rule|Endless Battle Clause: Forcing endless battles is banned
|rule|HP Percentage Mod: HP is shown in percentages
|teampreview
|
|start
|switch|p1a: Gliscor|Gliscor, F|353\/353
|switch|p2a: Volcarona|Volcarona, F, shiny|373\/373
|turn|1
|
|move|p2a: Volcarona|Quiver Dance|p2a: Volcarona
|-boost|p2a: Volcarona|spa|1
|-boost|p2a: Volcarona|spd|1
|-boost|p2a: Volcarona|spe|1
|move|p1a: Gliscor|Earthquake|p2a: Volcarona
|-damage|p2a: Volcarona|261\/373
|
|-heal|p2a: Volcarona|284\/373|[from] item: Leftovers
|-status|p1a: Gliscor|tox|[from] item: Toxic Orb
|turn|2
|
|move|p2a: Volcarona|Fiery Dance|p1a: Gliscor
|-damage|p1a: Gliscor|157\/353 tox
|-boost|p2a: Volcarona|spa|1
|move|p1a: Gliscor|Knock Off|p2a: Volcarona
|-damage|p2a: Volcarona|209\/373
|-enditem|p2a: Volcarona|Leftovers|[from] move: Knock Off|[of] p1a: Gliscor
|
|-heal|p1a: Gliscor|201\/353 tox|[from] ability: Poison Heal
|turn|3
|-message|req'd by crobro forfeited.
|leave|req'd by crobro
|
|move|p2a: Volcarona|Fiery Dance|p1a: Gliscor
|-damage|p1a: Gliscor|0 fnt
|faint|p1a: Gliscor
|
|
|win|X TREE
|raw|Ladder updating...
|player|p1