|join|qways
|join|TheMundane
|player|p1|qways|169
|player|p2|TheMundane|274
|gametype|singles
|gen|6
|tier|OU
|rated
|clearpoke
|poke|p1|Salamence, M
|poke|p1|Lanturn, F
|poke|p1|Clefable, F
|poke|p1|Landorus-Therian, M
|poke|p1|Weavile, F
|poke|p1|Heatran, F
|poke|p2|Greninja, F
|poke|p2|Gallade, M
|poke|p2|Rotom-Wash
|poke|p2|Clefable, M
|poke|p2|Landorus-Therian, M
|poke|p2|Empoleon, F
|rule|Swagger Clause: Swagger is banned
|rule|Baton Pass Clause: Limit one Pokémon knowing Baton Pass
|rule|Sleep Clause Mod: Limit one foe put to sleep
|rule|Species Clause: Limit one of each Pokémon
|rule|OHKO Clause: OHKO moves are banned
|rule|Moody Clause: Moody is banned
|rule|Evasion Moves Clause: Evasion moves are banned
|rule|Endless Battle Clause: Forcing endless battles is banned
|rule|HP Percentage Mod: HP is shown in percentages
|teampreview
|c|★TheMundane|glhf
|
|start
|switch|p1a: Landorus-Therian|Landorus-Therian, M|381\/381
|switch|p2a: Clefable|Clefable, M|394\/394
|-ability|p1a: Landorus-Therian|Intimidate|[of] p2a: Clefable
|-unboost|p2a: Clefable|atk|1
|turn|1
|
|move|p1a: Landorus-Therian|Stealth Rock|p2a: Clefable
|-sidestart|p2: TheMundane|move: Stealth Rock
|move|p2a: Clefable|Stealth Rock|p1a: Landorus-Therian
|-sidestart|p1: qways|move: Stealth Rock
|
|turn|2
|
|move|p1a: Landorus-Therian|U-turn|p2a: Clefable
|-resisted|p2a: Clefable
|-damage|p2a: Clefable|356\/394
|
|switch|p1a: Heatran|Heatran, F|385\/385
|-damage|p1a: Heatran|337\/385|[from] Stealth Rock
|move|p2a: Clefable|Moonblast|p1a: Heatran
|-resisted|p1a: Heatran
|-damage|p1a: Heatran|318\/385
|
|-heal|p1a: Heatran|342\/385|[from] item: Leftovers
|-heal|p2a: Clefable|380\/394|[from] item: Leftovers
|turn|3
|
|move|p1a: Heatran|Lava Plume|p2a: Clefable
|-damage|p2a: Clefable|272\/394
|move|p2a: Clefable|Moonblast|p1a: Heatran
|-resisted|p1a: Heatran
|-damage|p1a: Heatran|322\/385
|-unboost|p1a: Heatran|spa|1
|
|-heal|p1a: Heatran|346\/385|[from] item: Leftovers
|-heal|p2a: Clefable|296\/394|[from] item: Leftovers
|turn|4
|
|switch|p2a: Empoleon|Empoleon, F|372\/372
|-damage|p2a: Empoleon|349\/372|[from] Stealth Rock
|move|p1a: Heatran|Lava Plume|p2a: Empoleon
|-damage|p2a: Empoleon|271\/372
|
|-heal|p1a: Heatran|370\/385|[from] item: Leftovers
|-heal|p2a: Empoleon|294\/372|[from] item: Leftovers
|turn|5
|
|move|p1a: Heatran|Lava Plume|p2a: Empoleon
|-damage|p2a: Empoleon|222\/372
|-status|p2a: Empoleon|brn
|move|p2a: Empoleon|Roar|p1a: Heatran
|drag|p1a: Salamence|Salamence, M|331\/331
|-damage|p1a: Salamence|249\/331|[from] Stealth Rock
|-ability|p1a: Salamence|Intimidate|[of] p2a: Empoleon
|-unboost|p2a: Empoleon|atk|1
|
|-heal|p2a: Empoleon|245\/372 brn|[from] item: Leftovers
|-damage|p2a: Empoleon|199\/372 brn|[from] brn
|turn|6
|
|detailschange|p1a: Salamence|Salamence-Mega, M
|message|Salamence has Mega Evolved into Mega Salamence!
|move|p1a: Salamence|Double-Edge|p2a: Empoleon
|-resisted|p2a: Empoleon
|-damage|p2a: Empoleon|100\/372 brn
|-damage|p1a: Salamence|216\/331|[from] recoil|[of] p2a: Empoleon
|move|p2a: Empoleon|Ice Beam|p1a: Salamence
|-supereffective|p1a: Salamence
|-damage|p1a: Salamence|0 fnt
|faint|p1a: Salamence
|
|-heal|p2a: Empoleon|123\/372 brn|[from] item: Leftovers
|-damage|p2a: Empoleon|77\/372 brn|[from] brn
|
|switch|p1a: Clefable|Clefable, F|393\/393
|turn|7
|
|move|p1a: Clefable|Calm Mind|p1a: Clefable
|-boost|p1a: Clefable|spa|1
|-boost|p1a: Clefable|spd|1
|move|p2a: Empoleon|Roar|p1a: Clefable
|drag|p1a: Weavile|Weavile, F|281\/281
|-damage|p1a: Weavile|211\/281|[from] Stealth Rock
|-ability|p1a: Weavile|Pressure
|
|-heal|p2a: Empoleon|100\/372 brn|[from] item: Leftovers
|-damage|p2a: Empoleon|54\/372 brn|[from] brn
|turn|8
|
|move|p1a: Weavile|Low Kick|p2a: Empoleon
|-crit|p2a: Empoleon
|-supereffective|p2a: Empoleon
|-damage|p2a: Empoleon|0 fnt
|-damage|p1a: Weavile|183\/281|[from] item: Life Orb
|faint|p2a: Empoleon
|
|
|switch|p2a: Gallade|Gallade, M|277\/277
|-damage|p2a: Gallade|260\/277|[from] Stealth Rock
|turn|9
|
|detailschange|p2a: Gallade|Gallade-Mega, M
|message|Gallade has Mega Evolved into Mega Gallade!
|move|p1a: Weavile|Knock Off|p2a: Gallade
|-damage|p2a: Gallade|103\/277
|-damage|p1a: Weavile|155\/281|[from] item: Life Orb
|move|p2a: Gallade|Close Combat|p1a: Weavile
|-supereffective|p1a: Weavile
|-damage|p1a: Weavile|0 fnt
|-unboost|p2a: Gallade|def|1
|-unboost|p2a: Gallade|spd|1
|faint|p1a: Weavile
|
|
|switch|p1a: Clefable|Clefable, F|393\/393
|turn|10
|
|move|p2a: Gallade|Knock Off|p1a: Clefable
|-resisted|p1a: Clefable
|-damage|p1a: Clefable|329\/393
|-enditem|p1a: Clefable|Leftovers|[from] move: Knock Off|[of] p2a: Gallade
|move|p1a: Clefable|Moonblast|p2a: Gallade
|-supereffective|p2a: Gallade
|-damage|p2a: Gallade|0 fnt
|faint|p2a: Gallade
|
|
|switch|p2a: Greninja|Greninja, F|285\/285
|-damage|p2a: Greninja|250\/285|[from] Stealth Rock
|turn|11
|
|switch|p1a: Heatran|Heatran, F|370\/385
|-damage|p1a: Heatran|322\/385|[from] Stealth Rock
|move|p2a: Greninja|Gunk Shot|p1a: Heatran
|-start|p2a: Greninja|typechange|Poison|[from] Protean
|-immune|p1a: Heatran|[msg]
|
|-heal|p1a: Heatran|346\/385|[from] item: Leftovers
|turn|12
|
|switch|p2a: Rotom-Wash|Rotom-Wash|304\/304
|-damage|p2a: Rotom-Wash|266\/304|[from] Stealth Rock
|move|p1a: Heatran|Toxic|p2a: Rotom-Wash
|-status|p2a: Rotom-Wash|tox
|
|-heal|p2a: Rotom-Wash|285\/304 tox|[from] item: Leftovers
|-heal|p1a: Heatran|370\/385|[from] item: Leftovers
|-damage|p2a: Rotom-Wash|266\/304 tox|[from] psn
|turn|13
|
|switch|p2a: Landorus-Therian|Landorus-Therian, M|325\/325
|-damage|p2a: Landorus-Therian|285\/325|[from] Stealth Rock
|-ability|p2a: Landorus-Therian|Intimidate|[of] p1a: Heatran
|-unboost|p1a: Heatran|atk|1
|switch|p1a: Lanturn|Lanturn, F|416\/416
|-damage|p1a: Lanturn|364\/416|[from] Stealth Rock
|
|-heal|p1a: Lanturn|390\/416|[from] item: Leftovers
|turn|14
|
|switch|p1a: Landorus-Therian|Landorus-Therian, M|381\/381
|-damage|p1a: Landorus-Therian|334\/381|[from] Stealth Rock
|-ability|p1a: Landorus-Therian|Intimidate|[of] p2a: Landorus-Therian
|-unboost|p2a: Landorus-Therian|atk|1
|move|p2a: Landorus-Therian|U-turn|p1a: Landorus-Therian
|-resisted|p1a: Landorus-Therian
|-damage|p1a: Landorus-Therian|309\/381
|
|switch|p2a: Greninja|Greninja, F|250\/285
|-damage|p2a: Greninja|215\/285|[from] Stealth Rock
|
|-heal|p1a: Landorus-Therian|332\/381|[from] item: Leftovers
|turn|15
|
|switch|p1a: Lanturn|Lanturn, F|390\/416
|-damage|p1a: Lanturn|338\/416|[from] Stealth Rock
|move|p2a: Greninja|Ice Beam|p1a: Lanturn
|-start|p2a: Greninja|typechange|Ice|[from] Protean
|-resisted|p1a: Lanturn
|-damage|p1a: Lanturn|256\/416
|-damage|p2a: Greninja|187\/285|[from] item: Life Orb
|
|-heal|p1a: Lanturn|282\/416|[from] item: Leftovers
|turn|16
|
|switch|p2a: Rotom-Wash|Rotom-Wash|266\/304 tox
|-damage|p2a: Rotom-Wash|228\/304 tox|[from] Stealth Rock
|move|p1a: Lanturn|Scald|p2a: Rotom-Wash
|-resisted|p2a: Rotom-Wash
|-damage|p2a: Rotom-Wash|195\/304 tox
|
|-heal|p2a: Rotom-Wash|214\/304 tox|[from] item: Leftovers
|-heal|p1a: Lanturn|308\/416|[from] item: Leftovers
|-damage|p2a: Rotom-Wash|195\/304 tox|[from] psn
|turn|17
|
|move|p2a: Rotom-Wash|Volt Switch|p1a: Lanturn
|-heal|p1a: Lanturn|412\/416|[from] ability: Volt Absorb|[of] p2a: Rotom-Wash
|move|p1a: Lanturn|Heal Bell|p1a: Lanturn
|-cureteam|p1a: Lanturn|[from] move: HealBell
|
|-heal|p2a: Rotom-Wash|214\/304 tox|[from] item: Leftovers
|-heal|p1a: Lanturn|416\/416|[from] item: Leftovers
|-damage|p2a: Rotom-Wash|176\/304 tox|[from] psn
|turn|18
|
|move|p2a: Rotom-Wash|Pain Split|p1a: Lanturn
|-sethp|p1a: Lanturn|296\/416|p2a: Rotom-Wash|296\/304 tox|[from] move: Pain Split
|move|p1a: Lanturn|Volt Switch|p2a: Rotom-Wash
|-damage|p2a: Rotom-Wash|238\/304 tox
|
|switch|p1a: Clefable|Clefable, F|329\/393
|
|-heal|p2a: Rotom-Wash|257\/304 tox|[from] item: Leftovers
|-damage|p2a: Rotom-Wash|200\/304 tox|[from] psn
|turn|19
|
|move|p2a: Rotom-Wash|Volt Switch|p1a: Clefable
|-damage|p1a: Clefable|223\/393
|
|switch|p2a: Landorus-Therian|Landorus-Therian, M|285\/325
|-damage|p2a: Landorus-Therian|245\/325|[from] Stealth Rock
|-ability|p2a: Landorus-Therian|Intimidate|[of] p1a: Clefable
|-unboost|p1a: Clefable|atk|1
|move|p1a: Clefable|Moonblast|p2a: Landorus-Therian
|-damage|p2a: Landorus-Therian|97\/325
|-unboost|p2a: Landorus-Therian|spa|1
|
|turn|20
|
|move|p2a: Landorus-Therian|Earthquake|p1a: Clefable
|-damage|p1a: Clefable|67\/393
|move|p1a: Clefable|Soft-Boiled|p1a: Clefable
|-heal|p1a: Clefable|264\/393
|
|turn|21
|
|move|p2a: Landorus-Therian|Earthquake|p1a: Clefable
|-damage|p1a: Clefable|95\/393
|move|p1a: Clefable|Soft-Boiled|p1a: Clefable
|-heal|p1a: Clefable|292\/393
|
|turn|22
|
|switch|p1a: Landorus-Therian|Landorus-Therian, M|332\/381
|-damage|p1a: Landorus-Therian|285\/381|[from] Stealth Rock
|-ability|p1a: Landorus-Therian|Intimidate|[of] p2a: Landorus-Therian
|-unboost|p2a: Landorus-Therian|atk|1
|move|p2a: Landorus-Therian|Earthquake|p1a: Landorus-Therian
|-immune|p1a: Landorus-Therian|[msg]
|
|-heal|p1a: Landorus-Therian|308\/381|[from] item: Leftovers
|turn|23
|
|switch|p2a: Clefable|Clefable, M|296\/394
|move|p1a: Landorus-Therian|Stealth Rock|p2a: Clefable
|-fail|p2a: Clefable
|
|-heal|p1a: Landorus-Therian|331\/381|[from] item: Leftovers
|-heal|p2a: Clefable|320\/394|[from] item: Leftovers
|turn|24
|
|move|p1a: Landorus-Therian|U-turn|p2a: Clefable
|-crit|p2a: Clefable
|-resisted|p2a: Clefable
|-damage|p2a: Clefable|264\/394
|
|switch|p1a: Heatran|Heatran, F|370\/385
|-damage|p1a: Heatran|322\/385|[from] Stealth Rock
|move|p2a: Clefable|Moonblast|p1a: Heatran
|-resisted|p1a: Heatran
|-damage|p1a: Heatran|303\/385
|
|-heal|p1a: Heatran|327\/385|[from] item: Leftovers
|-heal|p2a: Clefable|288\/394|[from] item: Leftovers
|turn|25
|
|move|p1a: Heatran|Lava Plume|p2a: Clefable
|-damage|p2a: Clefable|189\/394
|move|p2a: Clefable|Moonblast|p1a: Heatran
|-crit|p1a: Heatran
|-resisted|p1a: Heatran
|-damage|p1a: Heatran|299\/385
|-unboost|p1a: Heatran|spa|1
|
|-heal|p1a: Heatran|323\/385|[from] item: Leftovers
|-heal|p2a: Clefable|213\/394|[from] item: Leftovers
|turn|26
|
|move|p1a: Heatran|Lava Plume|p2a: Clefable
|-damage|p2a: Clefable|147\/394
|-status|p2a: Clefable|brn
|move|p2a: Clefable|Soft-Boiled|p2a: Clefable
|-heal|p2a: Clefable|344\/394 brn
|
|-heal|p1a: Heatran|347\/385|[from] item: Leftovers
|-heal|p2a: Clefable|368\/394 brn|[from] item: Leftovers
|turn|27
|
|move|p1a: Heatran|Lava Plume|p2a: Clefable
|-damage|p2a: Clefable|302\/394 brn
|move|p2a: Clefable|Moonblast|p1a: Heatran
|-resisted|p1a: Heatran
|-damage|p1a: Heatran|329\/385
|-unboost|p1a: Heatran|spa|1
|
|-heal|p1a: Heatran|353\/385|[from] item: Leftovers
|-heal|p2a: Clefable|326\/394 brn|[from] item: Leftovers
|turn|28
|
|move|p2a: Clefable|Moonblast|p1a: Heatran
|-resisted|p1a: Heatran
|-damage|p1a: Heatran|336\/385
|move|p1a: Heatran|Roar|p2a: Clefable
|drag|p2a: Greninja|Greninja, F|187\/285
|-damage|p2a: Greninja|152\/285|[from] Stealth Rock
|
|-heal|p1a: Heatran|360\/385|[from] item: Leftovers
|turn|29
|
|move|p2a: Greninja|Low Kick|p1a: Heatran
|-start|p2a: Greninja|typechange|Fighting|[from] Protean
|-supereffective|p1a: Heatran
|-damage|p1a: Heatran|17\/385
|-damage|p2a: Greninja|124\/285|[from] item: Life Orb
|move|p1a: Heatran|Toxic|p2a: Greninja
|-status|p2a: Greninja|tox
|
|-heal|p1a: Heatran|41\/385|[from] item: Leftovers
|-damage|p2a: Greninja|107\/285 tox|[from] psn
|turn|30
|
|switch|p2a: Rotom-Wash|Rotom-Wash|200\/304 tox
|-damage|p2a: Rotom-Wash|162\/304 tox|[from] Stealth Rock
|switch|p1a: Landorus-Therian|Landorus-Therian, M|331\/381
|-damage|p1a: Landorus-Therian|284\/381|[from] Stealth Rock
|-ability|p1a: Landorus-Therian|Intimidate|[of] p2a: Rotom-Wash
|-unboost|p2a: Rotom-Wash|atk|1
|
|-heal|p2a: Rotom-Wash|181\/304 tox|[from] item: Leftovers
|-heal|p1a: Landorus-Therian|307\/381|[from] item: Leftovers
|-damage|p2a: Rotom-Wash|162\/304 tox|[from] psn
|turn|31
|
|switch|p1a: Heatran|Heatran, F|41\/385
|-damage|p1a: Heatran|0 fnt|[from] Stealth Rock
|faint|p1a: Heatran
|move|p2a: Rotom-Wash|Will-O-Wisp|p1: Heatran|[notarget]
|-notarget
|
|-heal|p2a: Rotom-Wash|181\/304 tox|[from] item: Leftovers
|-damage|p2a: Rotom-Wash|143\/304 tox|[from] psn
|
|switch|p1a: Clefable|Clefable, F|292\/393
|turn|32
|
|move|p2a: Rotom-Wash|Volt Switch|p1a: Clefable
|-damage|p1a: Clefable|186\/393
|
|switch|p2a: Clefable|Clefable, M|326\/394 brn
|move|p1a: Clefable|Soft-Boiled|p1a: Clefable
|-heal|p1a: Clefable|383\/393
|
|-heal|p2a: Clefable|350\/394 brn|[from] item: Leftovers
|turn|33
|
|switch|p2a: Landorus-Therian|Landorus-Therian, M|97\/325
|-damage|p2a: Landorus-Therian|57\/325|[from] Stealth Rock
|-ability|p2a: Landorus-Therian|Intimidate|[of] p1a: Clefable
|-unboost|p1a: Clefable|atk|1
|move|p1a: Clefable|Calm Mind|p1a: Clefable
|-boost|p1a: Clefable|spa|1
|-boost|p1a: Clefable|spd|1
|
|turn|34
|
|move|p2a: Landorus-Therian|Explosion|p1a: Clefable
|-damage|p1a: Clefable|124\/393
|faint|p2a: Landorus-Therian
|move|p1a: Clefable|Moonblast|p2: Landorus-Therian|[notarget]
|-notarget
|
|
|switch|p2a: Greninja|Greninja, F|107\/285 tox
|-damage|p2a: Greninja|72\/285 tox|[from] Stealth Rock
|turn|35
|
|switch|p1a: Landorus-Therian|Landorus-Therian, M|307\/381
|-damage|p1a: Landorus-Therian|260\/381|[from] Stealth Rock
|-ability|p1a: Landorus-Therian|Intimidate|[of] p2a: Greninja
|-unboost|p2a: Greninja|atk|1
|move|p2a: Greninja|Ice Beam|p1a: Landorus-Therian
|-start|p2a: Greninja|typechange|Ice|[from] Protean
|-supereffective|p1a: Landorus-Therian
|-damage|p1a: Landorus-Therian|0 fnt
|-damage|p2a: Greninja|44\/285 tox|[from] item: Life Orb
|faint|p1a: Landorus-Therian
|
|-damage|p2a: Greninja|27\/285 tox|[from] psn
|
|switch|p1a: Lanturn|Lanturn, F|296\/416
|-damage|p1a: Lanturn|244\/416|[from] Stealth Rock
|turn|36
|
|move|p2a: Greninja|Gunk Shot|p1a: Lanturn
|-start|p2a: Greninja|typechange|Poison|[from] Protean
|-damage|p1a: Lanturn|122\/416
|-status|p1a: Lanturn|psn
|-damage|p2a: Greninja|0 fnt|[from] item: Life Orb
|faint|p2a: Greninja
|move|p1a: Lanturn|Volt Switch|p2: Greninja|[notarget]
|-notarget
|
|-heal|p1a: Lanturn|148\/416 psn|[from] item: Leftovers
|-damage|p1a: Lanturn|96\/416 psn|[from] psn
|
|switch|p2a: Rotom-Wash|Rotom-Wash|143\/304 tox
|-damage|p2a: Rotom-Wash|105\/304 tox|[from] Stealth Rock
|turn|37
|
|move|p2a: Rotom-Wash|Hydro Pump|p1a: Lanturn
|-resisted|p1a: Lanturn
|-damage|p1a: Lanturn|24\/416 psn
|move|p1a: Lanturn|Heal Bell|p1a: Lanturn
|-cureteam|p1a: Lanturn|[from] move: HealBell
|
|-heal|p2a: Rotom-Wash|124\/304 tox|[from] item: Leftovers
|-heal|p1a: Lanturn|50\/416|[from] item: Leftovers
|-damage|p2a: Rotom-Wash|105\/304 tox|[from] psn
|turn|38
|
|move|p2a: Rotom-Wash|Hydro Pump|p1a: Lanturn
|-crit|p1a: Lanturn
|-resisted|p1a: Lanturn
|-damage|p1a: Lanturn|0 fnt
|faint|p1a: Lanturn
|
|-heal|p2a: Rotom-Wash|124\/304 tox|[from] item: Leftovers
|-damage|p2a: Rotom-Wash|86\/304 tox|[from] psn
|
|switch|p1a: Clefable|Clefable, F|124\/393
|turn|39
|
|move|p2a: Rotom-Wash|Hydro Pump|p1a: Clefable
|-damage|p1a: Clefable|0 fnt
|faint|p1a: Clefable
|
|win|TheMundane
|raw|Ladder updating...
|c|★TheMundane|gg
|raw|qways's rating: 1519 &rarr; <strong>1494<\/strong><br \/>(-25 for losing)
|raw|TheMundane's rating: 1421 &rarr; <strong>1447<\/strong><br \/>(+26 for winning)