|join|TheMundane
|join|illestt
|player|p1|TheMundane|238
|player|p2|illestt|144
|gametype|singles
|gen|6
|tier|OU
|rated
|clearpoke
|poke|p1|Landorus-Therian, M
|poke|p1|Empoleon, M
|poke|p1|Gengar, F
|poke|p1|Bisharp, M
|poke|p1|Rotom-Wash
|poke|p1|Lopunny, F
|poke|p2|Scrafty, M
|poke|p2|Slowbro, F
|poke|p2|Ferrothorn, M
|poke|p2|Keldeo
|poke|p2|Jirachi
|poke|p2|Garchomp, F
|rule|Swagger Clause: Swagger is banned
|rule|Baton Pass Clause: Limit one Pokémon knowing Baton Pass
|rule|Sleep Clause Mod: Limit one foe put to sleep
|rule|Species Clause: Limit one of each Pokémon
|rule|OHKO Clause: OHKO moves are banned
|rule|Moody Clause: Moody is banned
|rule|Evasion Moves Clause: Evasion moves are banned
|rule|Endless Battle Clause: Forcing endless battles is banned
|rule|HP Percentage Mod: HP is shown in percentages
|teampreview
|
|start
|switch|p1a: Lopunny|Lopunny, F|271\/271
|switch|p2a: Scrafty|Scrafty, M|334\/334
|turn|1
|
|switch|p2a: Garchomp|Garchomp, F|420\/420
|detailschange|p1a: Lopunny|Lopunny-Mega, F
|message|Lopunny has Mega Evolved into Mega Lopunny!
|move|p1a: Lopunny|High Jump Kick|p2a: Garchomp
|-damage|p2a: Garchomp|243\/420
|-damage|p1a: Lopunny|238\/271|[from] ability: Rough Skin|[of] p2a: Garchomp
|-damage|p1a: Lopunny|193\/271|[from] item: Rocky Helmet|[of] p2a: Garchomp
|
|turn|2
|
|move|p1a: Lopunny|Ice Punch|p2a: Garchomp
|-supereffective|p2a: Garchomp
|-damage|p2a: Garchomp|0 fnt
|-damage|p1a: Lopunny|160\/271|[from] ability: Rough Skin|[of] p2a: Garchomp
|-damage|p1a: Lopunny|115\/271|[from] item: Rocky Helmet|[of] p2a: Garchomp
|faint|p2a: Garchomp
|
|
|switch|p2a: Slowbro|Slowbro, F|394\/394
|turn|3
|
|switch|p1a: Gengar|Gengar, F|261\/261
|detailschange|p2a: Slowbro|Slowbro-Mega, F
|message|Slowbro has Mega Evolved into Mega Slowbro!
|move|p2a: Slowbro|Scald|p1a: Gengar
|-damage|p1a: Gengar|114\/261
|
|turn|4
|
|switch|p2a: Scrafty|Scrafty, M|334\/334
|move|p1a: Gengar|Focus Blast|p2a: Scrafty
|-supereffective|p2a: Scrafty
|-damage|p2a: Scrafty|90\/334
|-damage|p1a: Gengar|88\/261|[from] item: Life Orb
|
|-heal|p2a: Scrafty|110\/334|[from] item: Leftovers
|turn|5
|
|move|p1a: Gengar|Sludge Wave|p2a: Scrafty
|-damage|p2a: Scrafty|0 fnt
|-damage|p1a: Gengar|62\/261|[from] item: Life Orb
|faint|p2a: Scrafty
|
|
|switch|p2a: Keldeo|Keldeo|386\/386
|turn|6
|
|switch|p1a: Empoleon|Empoleon, M|372\/372
|move|p2a: Keldeo|Scald|p1a: Empoleon
|-resisted|p1a: Empoleon
|-damage|p1a: Empoleon|318\/372
|
|-heal|p1a: Empoleon|341\/372|[from] item: Leftovers
|turn|7
|
|switch|p1a: Gengar|Gengar, F|62\/261
|move|p2a: Keldeo|Substitute|p2a: Keldeo
|-start|p2a: Keldeo|Substitute
|-damage|p2a: Keldeo|290\/386
|
|-heal|p2a: Keldeo|314\/386|[from] item: Leftovers
|turn|8
|
|switch|p1a: Rotom-Wash|Rotom-Wash|304\/304
|move|p2a: Keldeo|Scald|p1a: Rotom-Wash
|-resisted|p1a: Rotom-Wash
|-damage|p1a: Rotom-Wash|248\/304
|-status|p1a: Rotom-Wash|brn
|
|-heal|p2a: Keldeo|338\/386|[from] item: Leftovers
|-heal|p1a: Rotom-Wash|267\/304 brn|[from] item: Leftovers
|-damage|p1a: Rotom-Wash|229\/304 brn|[from] brn
|turn|9
|
|move|p2a: Keldeo|Secret Sword|p1a: Rotom-Wash
|-damage|p1a: Rotom-Wash|141\/304 brn
|move|p1a: Rotom-Wash|Volt Switch|p2a: Keldeo
|-supereffective|p2a: Keldeo
|-end|p2a: Keldeo|Substitute
|join|guilhermeoss2
|
|switch|p1a: Lopunny|Lopunny-Mega, F|115\/271
|
|-heal|p2a: Keldeo|362\/386|[from] item: Leftovers
|turn|10
|
|switch|p2a: Slowbro|Slowbro-Mega, F|394\/394
|move|p1a: Lopunny|Fake Out|p2a: Slowbro
|-damage|p2a: Slowbro|360\/394
|
|turn|11
|leave|guilhermeoss2
|
|switch|p1a: Rotom-Wash|Rotom-Wash|141\/304 brn
|move|p2a: Slowbro|Scald|p1a: Rotom-Wash
|-resisted|p1a: Rotom-Wash
|-damage|p1a: Rotom-Wash|86\/304 brn
|
|-heal|p1a: Rotom-Wash|105\/304 brn|[from] item: Leftovers
|-damage|p1a: Rotom-Wash|67\/304 brn|[from] brn
|turn|12
|
|switch|p2a: Ferrothorn|Ferrothorn, M|352\/352
|move|p1a: Rotom-Wash|Pain Split|p2a: Ferrothorn
|-sethp|p2a: Ferrothorn|209\/352|p1a: Rotom-Wash|209\/304 brn|[from] move: Pain Split
|
|-heal|p1a: Rotom-Wash|228\/304 brn|[from] item: Leftovers
|-heal|p2a: Ferrothorn|231\/352|[from] item: Leftovers
|-damage|p1a: Rotom-Wash|190\/304 brn|[from] brn
|turn|13
|
|move|p1a: Rotom-Wash|Will-O-Wisp|p2a: Ferrothorn
|-status|p2a: Ferrothorn|brn
|move|p2a: Ferrothorn|Spikes|p1a: Rotom-Wash
|-sidestart|p1: TheMundane|Spikes
|
|-heal|p1a: Rotom-Wash|209\/304 brn|[from] item: Leftovers
|-heal|p2a: Ferrothorn|253\/352 brn|[from] item: Leftovers
|-damage|p1a: Rotom-Wash|171\/304 brn|[from] brn
|-damage|p2a: Ferrothorn|209\/352 brn|[from] brn
|turn|14
|
|move|p1a: Rotom-Wash|Volt Switch|p2a: Ferrothorn
|-resisted|p2a: Ferrothorn
|-damage|p2a: Ferrothorn|177\/352 brn
|
|switch|p1a: Empoleon|Empoleon, M|341\/372
|-damage|p1a: Empoleon|295\/372|[from] Spikes
|move|p2a: Ferrothorn|Leech Seed|p1a: Empoleon|[miss]
|-miss|p2a: Ferrothorn|p1a: Empoleon
|
|-heal|p1a: Empoleon|318\/372|[from] item: Leftovers
|-heal|p2a: Ferrothorn|199\/352 brn|[from] item: Leftovers
|-damage|p2a: Ferrothorn|155\/352 brn|[from] brn
|turn|15
|
|move|p1a: Empoleon|Defog|p2a: Ferrothorn
|-unboost|p2a: Ferrothorn|evasion|1
|-sideend|p1: TheMundane|Spikes|[from] move: Defog|[of] p1a: Empoleon
|move|p2a: Ferrothorn|Leech Seed|p1a: Empoleon
|-start|p1a: Empoleon|move: Leech Seed
|
|-heal|p1a: Empoleon|341\/372|[from] item: Leftovers
|-heal|p2a: Ferrothorn|177\/352 brn|[from] item: Leftovers
|-damage|p1a: Empoleon|295\/372|[from] Leech Seed|[of] p2a: Ferrothorn
|-heal|p2a: Ferrothorn|223\/352 brn|[silent]
|-damage|p2a: Ferrothorn|179\/352 brn|[from] brn
|turn|16
|
|switch|p1a: Gengar|Gengar, F|62\/261
|move|p2a: Ferrothorn|Leech Seed|p1a: Gengar
|-start|p1a: Gengar|move: Leech Seed
|
|-heal|p2a: Ferrothorn|201\/352 brn|[from] item: Leftovers
|-damage|p1a: Gengar|30\/261|[from] Leech Seed|[of] p2a: Ferrothorn
|-heal|p2a: Ferrothorn|233\/352 brn|[silent]
|-damage|p2a: Ferrothorn|189\/352 brn|[from] brn
|turn|17
|
|switch|p1a: Landorus-Therian|Landorus-Therian, M|319\/319
|-ability|p1a: Landorus-Therian|Intimidate|[of] p2a: Ferrothorn
|-unboost|p2a: Ferrothorn|atk|1
|move|p2a: Ferrothorn|Protect|p2a: Ferrothorn
|-fail|p2a: Ferrothorn
|
|-heal|p2a: Ferrothorn|211\/352 brn|[from] item: Leftovers
|-damage|p2a: Ferrothorn|167\/352 brn|[from] brn
|turn|18
|
|move|p1a: Landorus-Therian|Superpower|p2a: Ferrothorn
|-supereffective|p2a: Ferrothorn
|-damage|p2a: Ferrothorn|0 fnt
|-damage|p1a: Landorus-Therian|280\/319|[from] ability: Iron Barbs|[of] p2a: Ferrothorn
|-unboost|p1a: Landorus-Therian|atk|1
|-unboost|p1a: Landorus-Therian|def|1
|faint|p2a: Ferrothorn
|
|
|switch|p2a: Slowbro|Slowbro-Mega, F|360\/394
|turn|19
|
|switch|p1a: Rotom-Wash|Rotom-Wash|171\/304 brn
|move|p2a: Slowbro|Psyshock|p1a: Rotom-Wash
|-damage|p1a: Rotom-Wash|80\/304 brn
|
|-heal|p1a: Rotom-Wash|99\/304 brn|[from] item: Leftovers
|-damage|p1a: Rotom-Wash|61\/304 brn|[from] brn
|turn|20
|
|switch|p2a: Jirachi|Jirachi|404\/404
|move|p1a: Rotom-Wash|Pain Split|p2a: Jirachi
|-sethp|p2a: Jirachi|232\/404|p1a: Rotom-Wash|232\/304 brn|[from] move: Pain Split
|
|-heal|p2a: Jirachi|257\/404|[from] item: Leftovers
|-heal|p1a: Rotom-Wash|251\/304 brn|[from] item: Leftovers
|-damage|p1a: Rotom-Wash|213\/304 brn|[from] brn
|turn|21
|
|move|p2a: Jirachi|Iron Head|p1a: Rotom-Wash
|-resisted|p1a: Rotom-Wash
|-damage|p1a: Rotom-Wash|195\/304 brn
|cant|p1a: Rotom-Wash|flinch
|
|-heal|p2a: Jirachi|282\/404|[from] item: Leftovers
|-heal|p1a: Rotom-Wash|214\/304 brn|[from] item: Leftovers
|-damage|p1a: Rotom-Wash|176\/304 brn|[from] brn
|turn|22
|
|switch|p1a: Landorus-Therian|Landorus-Therian, M|280\/319
|-ability|p1a: Landorus-Therian|Intimidate|[of] p2a: Jirachi
|-unboost|p2a: Jirachi|atk|1
|move|p2a: Jirachi|Iron Head|p1a: Landorus-Therian
|-damage|p1a: Landorus-Therian|213\/319
|
|-heal|p2a: Jirachi|307\/404|[from] item: Leftovers
|turn|23
|
|move|p2a: Jirachi|Protect|p2a: Jirachi
|-singleturn|p2a: Jirachi|Protect
|move|p1a: Landorus-Therian|U-turn|p2a: Jirachi
|-activate|p2a: Jirachi|Protect
|
|-heal|p2a: Jirachi|332\/404|[from] item: Leftovers
|turn|24
|
|switch|p1a: Bisharp|Bisharp, M|271\/271
|move|p2a: Jirachi|Body Slam|p1a: Bisharp
|-resisted|p1a: Bisharp
|-damage|p1a: Bisharp|249\/271
|
|-heal|p2a: Jirachi|357\/404|[from] item: Leftovers
|turn|25
|
|move|p1a: Bisharp|Pursuit|p2a: Jirachi|[from]Pursuit
|-supereffective|p2a: Jirachi
|-damage|p2a: Jirachi|0 fnt
|-damage|p1a: Bisharp|222\/271|[from] item: Life Orb
|faint|p2a: Jirachi
|
|
|switch|p2a: Keldeo|Keldeo|362\/386
|turn|26
|
|move|p2a: Keldeo|Substitute|p2a: Keldeo
|-start|p2a: Keldeo|Substitute
|-damage|p2a: Keldeo|266\/386
|move|p1a: Bisharp|Aerial Ace|p2a: Keldeo
|-supereffective|p2a: Keldeo
|-end|p2a: Keldeo|Substitute
|-damage|p1a: Bisharp|195\/271|[from] item: Life Orb
|
|-heal|p2a: Keldeo|290\/386|[from] item: Leftovers
|turn|27
|
|switch|p1a: Empoleon|Empoleon, M|295\/372
|move|p2a: Keldeo|Secret Sword|p1a: Empoleon
|-supereffective|p1a: Empoleon
|-damage|p1a: Empoleon|97\/372
|
|-heal|p2a: Keldeo|314\/386|[from] item: Leftovers
|-heal|p1a: Empoleon|120\/372|[from] item: Leftovers
|turn|28
|
|move|p2a: Keldeo|Secret Sword|p1a: Empoleon
|-supereffective|p1a: Empoleon
|-damage|p1a: Empoleon|0 fnt
|faint|p1a: Empoleon
|
|-heal|p2a: Keldeo|338\/386|[from] item: Leftovers
|
|switch|p1a: Lopunny|Lopunny-Mega, F|115\/271
|turn|29
|
|switch|p1a: Gengar|Gengar, F|30\/261
|switch|p2a: Slowbro|Slowbro-Mega, F|360\/394
|
|turn|30
|
|move|p1a: Gengar|Shadow Ball|p2a: Slowbro
|-supereffective|p2a: Slowbro
|-damage|p2a: Slowbro|0 fnt
|-damage|p1a: Gengar|4\/261|[from] item: Life Orb
|faint|p2a: Slowbro
|
|
|switch|p2a: Keldeo|Keldeo|338\/386
|turn|31
|
|move|p1a: Gengar|Sludge Wave|p2a: Keldeo
|-damage|p2a: Keldeo|112\/386
|-status|p2a: Keldeo|psn
|-damage|p1a: Gengar|0 fnt|[from] item: Life Orb
|faint|p1a: Gengar
|move|p2a: Keldeo|Substitute|p2a: Keldeo
|-start|p2a: Keldeo|Substitute
|-damage|p2a: Keldeo|16\/386 psn
|
|-heal|p2a: Keldeo|40\/386 psn|[from] item: Leftovers
|-damage|p2a: Keldeo|0 fnt|[from] psn
|faint|p2a: Keldeo
|
|win|TheMundane
|raw|Ladder updating...
|raw|TheMundane's rating: 1539 &rarr; <strong>1560<\/strong><br \/>(+21 for winning)
|raw|illestt's rating: 1560 &rarr; <strong>1539<\/strong><br \/>(-21 for losing)
|c|★TheMundane|gg
|c|★illestt|lmao
|leave|illestt
|player|p2