|join|Bloodz
|join|TheMundane
|player|p1|Bloodz|80
|player|p2|TheMundane|224
|gametype|singles
|gen|6
|tier|OU
|clearpoke
|poke|p1|Virizion
|poke|p1|Tyranitar, M
|poke|p1|Charizard, F
|poke|p1|Starmie
|poke|p1|Clefable, F
|poke|p1|Landorus-Therian, M
|poke|p2|Landorus-Therian, M
|poke|p2|Heatran, M
|poke|p2|Slowking, F
|poke|p2|Togekiss, F
|poke|p2|Metagross
|poke|p2|Conkeldurr, M
|rule|Swagger Clause: Swagger is banned
|rule|Baton Pass Clause: Limit one Pokémon knowing Baton Pass
|rule|Sleep Clause Mod: Limit one foe put to sleep
|rule|Species Clause: Limit one of each Pokémon
|rule|OHKO Clause: OHKO moves are banned
|rule|Moody Clause: Moody is banned
|rule|Evasion Moves Clause: Evasion moves are banned
|rule|Endless Battle Clause: Forcing endless battles is banned
|rule|HP Percentage Mod: HP is shown in percentages
|teampreview
|join|vg11k
|join|filch
|c|★TheMundane|gl
|c|★Bloodz|same
|c|★TheMundane|nice Virizion
|join|I Iike Squirtles
|c|★Bloodz|Based Virizion
|c|★Bloodz|got dis
|
|start
|switch|p1a: Clefable|Clefable, F|394\/394
|switch|p2a: Slowking|Slowking, F|394\/394
|turn|1
|
|move|p1a: Clefable|Stealth Rock|p2a: Slowking
|-sidestart|p2: TheMundane|move: Stealth Rock
|move|p2a: Slowking|Thunder Wave|p1a: Clefable
|-status|p1a: Clefable|par
|
|turn|2
|
|switch|p2a: Landorus-Therian|Landorus-Therian, M|379\/379
|-damage|p2a: Landorus-Therian|332\/379|[from] Stealth Rock
|-ability|p2a: Landorus-Therian|Intimidate|[of] p1a: Clefable
|-unboost|p1a: Clefable|atk|1
|cant|p1a: Clefable|par
|
|-heal|p2a: Landorus-Therian|355\/379|[from] item: Leftovers
|turn|3
|join|The Havok Bringer
|join|MaybeI'mMamoswine
|
|move|p2a: Landorus-Therian|Stone Edge|p1a: Clefable
|-crit|p1a: Clefable
|-damage|p1a: Clefable|232\/394 par
|move|p1a: Clefable|Moonblast|p2a: Landorus-Therian
|-damage|p2a: Landorus-Therian|237\/379
|
|-heal|p2a: Landorus-Therian|260\/379|[from] item: Leftovers
|-heal|p1a: Clefable|256\/394 par|[from] item: Leftovers
|turn|4
|
|switch|p1a: Starmie|Starmie|323\/323
|move|p2a: Landorus-Therian|Stealth Rock|p1a: Starmie
|-sidestart|p1: Bloodz|move: Stealth Rock
|
|-heal|p2a: Landorus-Therian|283\/379|[from] item: Leftovers
|turn|5
|leave|MaybeI'mMamoswine
|
|move|p1a: Starmie|Scald|p2a: Landorus-Therian
|-supereffective|p2a: Landorus-Therian
|-damage|p2a: Landorus-Therian|55\/379
|move|p2a: Landorus-Therian|U-turn|p1a: Starmie
|-supereffective|p1a: Starmie
|-damage|p1a: Starmie|147\/323
|
|switch|p2a: Conkeldurr|Conkeldurr, M|351\/351
|-damage|p2a: Conkeldurr|330\/351|[from] Stealth Rock
|
|-heal|p1a: Starmie|167\/323|[from] item: Leftovers
|turn|6
|join|Aderfotita
|
|switch|p1a: Landorus-Therian|Landorus-Therian, M|319\/319
|-damage|p1a: Landorus-Therian|280\/319|[from] Stealth Rock
|-ability|p1a: Landorus-Therian|Intimidate|[of] p2a: Conkeldurr
|-unboost|p2a: Conkeldurr|atk|1
|move|p2a: Conkeldurr|Knock Off|p1a: Landorus-Therian
|-damage|p1a: Landorus-Therian|183\/319
|-enditem|p1a: Landorus-Therian|Choice Scarf|[from] move: Knock Off|[of] p2a: Conkeldurr
|
|turn|7
|c|★Bloodz|I keep making
|c|★Bloodz|the same mistake
|c|★Bloodz|zz
|
|move|p1a: Landorus-Therian|U-turn|p2a: Conkeldurr
|-resisted|p2a: Conkeldurr
|-damage|p2a: Conkeldurr|285\/351
|join|affsfsfds
|
|switch|p1a: Clefable|Clefable, F|256\/394 par
|move|p2a: Conkeldurr|Knock Off|p1a: Clefable
|-crit|p1a: Clefable
|-resisted|p1a: Clefable
|-damage|p1a: Clefable|154\/394 par
|-enditem|p1a: Clefable|Leftovers|[from] move: Knock Off|[of] p2a: Conkeldurr
|
|turn|8
|
|switch|p2a: Metagross|Metagross|301\/301
|-damage|p2a: Metagross|283\/301|[from] Stealth Rock
|move|p1a: Clefable|Soft-Boiled|p1a: Clefable
|-heal|p1a: Clefable|351\/394 par
|
|turn|9
|join|The Ess of Johan
|
|detailschange|p2a: Metagross|Metagross-Mega
|-mega|p2a: Metagross|Metagross|Metagrossite
|move|p2a: Metagross|Meteor Mash|p1a: Clefable
|-supereffective|p1a: Clefable
|-damage|p1a: Clefable|0 fnt
|faint|p1a: Clefable
|
|
|switch|p1a: Tyranitar|Tyranitar, M|381\/381
|-damage|p1a: Tyranitar|334\/381|[from] Stealth Rock
|-weather|Sandstorm
|turn|10
|
|move|p2a: Metagross|Meteor Mash|p1a: Tyranitar
|-supereffective|p1a: Tyranitar
|-damage|p1a: Tyranitar|0 fnt
|faint|p1a: Tyranitar
|
|-weather|Sandstorm|[upkeep]
|c|★Bloodz|didnt even scout for scasrf
|c|★Bloodz|k
|
|switch|p1a: Starmie|Starmie|167\/323
|-damage|p1a: Starmie|127\/323|[from] Stealth Rock
|turn|11
|c|★TheMundane|Meta is bluk
|
|move|p1a: Starmie|Recover|p1a: Starmie
|-heal|p1a: Starmie|289\/323
|move|p2a: Metagross|Meteor Mash|p1a: Starmie
|-resisted|p1a: Starmie
|-damage|p1a: Starmie|167\/323
|
|-weather|Sandstorm|[upkeep]
|-damage|p1a: Starmie|147\/323|[from] sandstorm
|-heal|p1a: Starmie|167\/323|[from] item: Leftovers
|turn|12
|c|★Bloodz|it takes
|c|★Bloodz|90
|c|★Bloodz|from crunch
|c|★Bloodz|lol
|c|★Bloodz|aka you die after rocks
|
|switch|p2a: Conkeldurr|Conkeldurr, M|285\/351
|-damage|p2a: Conkeldurr|264\/351|[from] Stealth Rock
|move|p1a: Starmie|Scald|p2a: Conkeldurr
|-damage|p2a: Conkeldurr|197\/351
|-status|p2a: Conkeldurr|brn
|
|-weather|Sandstorm|[upkeep]
|-damage|p1a: Starmie|147\/323|[from] sandstorm
|-damage|p2a: Conkeldurr|176\/351 brn|[from] sandstorm
|-heal|p1a: Starmie|167\/323|[from] item: Leftovers
|-damage|p2a: Conkeldurr|133\/351 brn|[from] brn
|turn|13
|
|move|p1a: Starmie|Rapid Spin|p2a: Conkeldurr
|-damage|p2a: Conkeldurr|122\/351 brn
|-sideend|p1: Bloodz|Stealth Rock|[from] move: Rapid Spin|[of] p1a: Starmie
|move|p2a: Conkeldurr|Drain Punch|p1a: Starmie
|-resisted|p1a: Starmie
|-damage|p1a: Starmie|38\/323
|-heal|p2a: Conkeldurr|187\/351 brn|[from] drain|[of] p1a: Starmie
|
|-weather|Sandstorm|[upkeep]
|-damage|p1a: Starmie|18\/323|[from] sandstorm
|-damage|p2a: Conkeldurr|166\/351 brn|[from] sandstorm
|-heal|p1a: Starmie|38\/323|[from] item: Leftovers
|-damage|p2a: Conkeldurr|123\/351 brn|[from] brn
|turn|14
|
|switch|p1a: Landorus-Therian|Landorus-Therian, M|183\/319
|-ability|p1a: Landorus-Therian|Intimidate|[of] p2a: Conkeldurr
|-unboost|p2a: Conkeldurr|atk|1
|move|p2a: Conkeldurr|Mach Punch|p1a: Landorus-Therian
|-resisted|p1a: Landorus-Therian
|-damage|p1a: Landorus-Therian|138\/319
|
|-weather|none
|-damage|p2a: Conkeldurr|80\/351 brn|[from] brn
|turn|15
|c| filch|conk be knockin off all the things
|
|move|p1a: Landorus-Therian|Earthquake|p2a: Conkeldurr
|-damage|p2a: Conkeldurr|0 fnt
|faint|p2a: Conkeldurr
|
|
|switch|p2a: Metagross|Metagross-Mega|283\/301
|-damage|p2a: Metagross|265\/301|[from] Stealth Rock
|turn|16
|c| I Iike Squirtles|ban this thing
|
|switch|p1a: Virizion|Virizion|323\/323
|move|p2a: Metagross|Meteor Mash|p1a: Virizion
|-damage|p1a: Virizion|22\/323
|-boost|p2a: Metagross|atk|1
|
|turn|17
|
|move|p2a: Metagross|Meteor Mash|p1a: Virizion
|-damage|p1a: Virizion|0 fnt
|faint|p1a: Virizion
|
|
|switch|p1a: Starmie|Starmie|38\/323
|turn|18
|join|ImpZarif
|
|move|p2a: Metagross|Bullet Punch|p1a: Starmie
|-resisted|p1a: Starmie
|-damage|p1a: Starmie|0 fnt
|faint|p1a: Starmie
|
|c| ImpZarif|based
|
|switch|p1a: Charizard|Charizard, F|297\/297
|turn|19
|c| ImpZarif|virizion
|
|detailschange|p1a: Charizard|Charizard-Mega-Y, F
|-mega|p1a: Charizard|Charizard|Charizardite Y
|-weather|SunnyDay
|move|p2a: Metagross|Zen Headbutt|p1a: Charizard
|-damage|p1a: Charizard|0 fnt
|faint|p1a: Charizard
|
|-weather|SunnyDay|[upkeep]
|c| ImpZarif|died
|
|switch|p1a: Landorus-Therian|Landorus-Therian, M|138\/319
|-ability|p1a: Landorus-Therian|Intimidate|[of] p2a: Metagross
|-unboost|p2a: Metagross|atk|1
|turn|20
|c| ImpZarif|+_+
|
|move|p2a: Metagross|Meteor Mash|p1a: Landorus-Therian
|-damage|p1a: Landorus-Therian|0 fnt
|faint|p1a: Landorus-Therian
|
|win|TheMundane
|c|★TheMundane|gg
|c| filch|ban it to ubers