|join|oh no oh no
|join|beancount
|player|p1|oh no oh no|157
|player|p2|beancount|2
|gametype|singles
|gen|6
|tier|UU
|rated
|rule|Sleep Clause Mod: Limit one foe put to sleep
|rule|Species Clause: Limit one of each Pokémon
|rule|OHKO Clause: OHKO moves are banned
|rule|Moody Clause: Moody is banned
|rule|Evasion Moves Clause: Evasion moves are banned
|rule|Endless Battle Clause: Forcing endless battles is banned
|rule|HP Percentage Mod: HP is shown in percentages
|clearpoke
|poke|p1|Chesnaught, M
|poke|p1|Donphan, F
|poke|p1|Chandelure, M
|poke|p1|Umbreon, F
|poke|p1|Blissey, F
|poke|p1|Suicune
|poke|p2|Porygon-Z
|poke|p2|Galvantula, F
|poke|p2|Beedrill, M
|poke|p2|Suicune
|poke|p2|Donphan, M
|poke|p2|Pawniard, M
|rule|Swagger Clause: Swagger is banned
|rule|Baton Pass Clause: Limit one Pokémon knowing Baton Pass
|teampreview
|
|start
|switch|p1a: Big Lez|Donphan, F|381\/381
|switch|p2a: Galvantula|Galvantula, F|281\/281
|turn|1
|
|move|p2a: Galvantula|Giga Drain|p1a: Big Lez
|-supereffective|p1a: Big Lez
|-damage|p1a: Big Lez|151\/381
|move|p1a: Big Lez|Stealth Rock|p2a: Galvantula
|-sidestart|p2: beancount|move: Stealth Rock
|
|-heal|p1a: Big Lez|174\/381|[from] item: Leftovers
|turn|2
|
|switch|p1a: Clarence|Chesnaught, M|377\/377
|move|p2a: Galvantula|Giga Drain|p1a: Clarence
|-resisted|p1a: Clarence
|-damage|p1a: Clarence|333\/377
|
|-heal|p1a: Clarence|356\/377|[from] item: Leftovers
|turn|3
|
|move|p2a: Galvantula|Bug Buzz|p1a: Clarence
|-damage|p1a: Clarence|182\/377
|move|p1a: Clarence|Leech Seed|p2a: Galvantula
|-start|p2a: Galvantula|move: Leech Seed
|
|-heal|p1a: Clarence|205\/377|[from] item: Leftovers
|-damage|p2a: Galvantula|246\/281|[from] Leech Seed|[of] p1a: Clarence
|-heal|p1a: Clarence|240\/377|[silent]
|turn|4
|
|move|p1a: Clarence|Spiky Shield|p1a: Clarence
|-singleturn|p1a: Clarence|move: Protect
|move|p2a: Galvantula|Sticky Web|p1a: Clarence
|-sidestart|p1: oh no oh no|move: Sticky Web
|
|-heal|p1a: Clarence|263\/377|[from] item: Leftovers
|-damage|p2a: Galvantula|211\/281|[from] Leech Seed|[of] p1a: Clarence
|-heal|p1a: Clarence|298\/377|[silent]
|turn|5
|
|switch|p2a: Donphan|Donphan, M|383\/383
|-damage|p2a: Donphan|360\/383|[from] Stealth Rock
|move|p1a: Clarence|Spikes|p2a: Donphan
|-sidestart|p2: beancount|Spikes
|
|-heal|p1a: Clarence|321\/377|[from] item: Leftovers
|turn|6
|
|move|p1a: Clarence|Leech Seed|p2a: Donphan
|-start|p2a: Donphan|move: Leech Seed
|move|p2a: Donphan|Rapid Spin|p1a: Clarence
|-damage|p1a: Clarence|304\/377
|-end|p2a: Donphan|Leech Seed|[from] move: Rapid Spin|[of] p2a: Donphan
|-sideend|p2: beancount|Spikes|[from] move: Rapid Spin|[of] p2a: Donphan
|-sideend|p2: beancount|Stealth Rock|[from] move: Rapid Spin|[of] p2a: Donphan
|
|-heal|p1a: Clarence|327\/377|[from] item: Leftovers
|turn|7
|
|switch|p2a: Beedrill|Beedrill, M|271\/271
|move|p1a: Clarence|Spikes|p2a: Beedrill
|-sidestart|p2: beancount|Spikes
|
|-heal|p1a: Clarence|350\/377|[from] item: Leftovers
|turn|8
|
|detailschange|p2a: Beedrill|Beedrill-Mega, M
|-mega|p2a: Beedrill|Beedrill|Beedrillite
|move|p2a: Beedrill|Swords Dance|p2a: Beedrill
|-boost|p2a: Beedrill|atk|2
|move|p1a: Clarence|Spikes|p2a: Beedrill
|-sidestart|p2: beancount|Spikes
|
|-heal|p1a: Clarence|373\/377|[from] item: Leftovers
|turn|9
|-message|oh no oh no forfeited.
|
|win|beancount
|raw|Ladder updating...
|leave|oh no oh no
|player|p1
|raw|oh no oh no's rating: 1563 &rarr; <strong>1531<\/strong><br \/>(-32 for losing)
|raw|beancount's rating: 1329 &rarr; <strong>1361<\/strong><br \/>(+32 for winning)