|join|feng
|join|oh no oh no
|player|p1|feng|23
|player|p2|oh no oh no|157
|gametype|singles
|gen|6
|tier|UU
|rated
|rule|Sleep Clause Mod: Limit one foe put to sleep
|rule|Species Clause: Limit one of each Pokémon
|rule|OHKO Clause: OHKO moves are banned
|rule|Moody Clause: Moody is banned
|rule|Evasion Moves Clause: Evasion moves are banned
|rule|Endless Battle Clause: Forcing endless battles is banned
|rule|HP Percentage Mod: HP is shown in percentages
|clearpoke
|poke|p1|Zygarde
|poke|p1|Jellicent, M
|poke|p1|Blissey, F
|poke|p1|Aromatisse, M
|poke|p1|Dragalge, M
|poke|p1|Forretress, F
|poke|p2|Weezing, F
|poke|p2|Forretress, F
|poke|p2|Suicune
|poke|p2|Celebi
|poke|p2|Blissey, F
|poke|p2|Spiritomb, F
|rule|Swagger Clause: Swagger is banned
|rule|Baton Pass Clause: Limit one Pokémon knowing Baton Pass
|teampreview
|
|start
|switch|p1a: Tau|Jellicent, M|394\/394
|switch|p2a: Lush Life|Celebi|403\/403
|turn|1
|
|switch|p1a: Delta|Dragalge, M|334\/334
|move|p2a: Lush Life|Stealth Rock|p1a: Delta
|-sidestart|p1: feng|move: Stealth Rock
|
|turn|2
|
|switch|p2a: Bitches Brew|Spiritomb, F|304\/304
|move|p1a: Delta|Toxic Spikes|p2a: Bitches Brew
|-sidestart|p2: oh no oh no|move: Toxic Spikes
|
|turn|3
|
|move|p1a: Delta|Draco Meteor|p2a: Bitches Brew
|-damage|p2a: Bitches Brew|176\/304
|-unboost|p1a: Delta|spa|2
|move|p2a: Bitches Brew|Will-O-Wisp|p1a: Delta|[miss]
|-miss|p2a: Bitches Brew|p1a: Delta
|
|-heal|p2a: Bitches Brew|195\/304|[from] item: Leftovers
|turn|4
|
|move|p2a: Bitches Brew|Will-O-Wisp|p1a: Delta
|-status|p1a: Delta|brn
|move|p1a: Delta|Dragon Tail|p2a: Bitches Brew
|-crit|p2a: Bitches Brew
|-damage|p2a: Bitches Brew|141\/304
|drag|p2a: Body and Soul|Forretress, F|354\/354
|
|-damage|p1a: Delta|293\/334 brn|[from] brn
|turn|5
|
|switch|p1a: Omnicron|Forretress, F|354\/354
|-damage|p1a: Omnicron|310\/354|[from] Stealth Rock
|move|p2a: Body and Soul|Spikes|p1a: Omnicron
|-sidestart|p1: feng|Spikes
|
|-heal|p1a: Omnicron|332\/354|[from] item: Leftovers
|turn|6
|
|switch|p2a: Bitches Brew|Spiritomb, F|141\/304
|-status|p2a: Bitches Brew|psn
|move|p1a: Omnicron|Volt Switch|p2a: Bitches Brew
|-damage|p2a: Bitches Brew|117\/304 psn
|
|switch|p1a: Tau|Jellicent, M|394\/394
|-damage|p1a: Tau|345\/394|[from] Stealth Rock
|-damage|p1a: Tau|296\/394|[from] Spikes
|
|-heal|p1a: Tau|320\/394|[from] item: Leftovers
|-heal|p2a: Bitches Brew|136\/304 psn|[from] item: Leftovers
|-damage|p2a: Bitches Brew|98\/304 psn|[from] psn
|turn|7
|
|switch|p2a: Lush Life|Celebi|403\/403
|-status|p2a: Lush Life|psn
|move|p1a: Tau|Taunt|p2a: Lush Life
|-start|p2a: Lush Life|move: Taunt
|
|-heal|p1a: Tau|344\/394|[from] item: Leftovers
|-damage|p2a: Lush Life|353\/403 psn|[from] psn
|turn|8
|join|Watfor
|
|switch|p1a: Omnicron|Forretress, F|332\/354
|-damage|p1a: Omnicron|288\/354|[from] Stealth Rock
|-damage|p1a: Omnicron|244\/354|[from] Spikes
|move|p2a: Lush Life|Giga Drain|p1a: Omnicron
|-resisted|p1a: Omnicron
|-damage|p1a: Omnicron|212\/354
|-heal|p2a: Lush Life|369\/403 psn|[from] drain|[of] p1a: Omnicron
|
|-heal|p2a: Lush Life|394\/403 psn|[from] item: Leftovers
|-heal|p1a: Omnicron|234\/354|[from] item: Leftovers
|-damage|p2a: Lush Life|344\/403 psn|[from] psn
|turn|9
|
|switch|p2a: Bitches Brew|Spiritomb, F|98\/304 psn
|move|p1a: Omnicron|Volt Switch|p2a: Bitches Brew
|-damage|p2a: Bitches Brew|72\/304 psn
|
|switch|p1a: Tau|Jellicent, M|344\/394
|-damage|p1a: Tau|295\/394|[from] Spikes
|-damage|p1a: Tau|246\/394|[from] Stealth Rock
|
|-heal|p1a: Tau|270\/394|[from] item: Leftovers
|-heal|p2a: Bitches Brew|91\/304 psn|[from] item: Leftovers
|-damage|p2a: Bitches Brew|53\/304 psn|[from] psn
|turn|10
|
|move|p1a: Tau|Taunt|p2a: Bitches Brew
|-start|p2a: Bitches Brew|move: Taunt
|move|p2a: Bitches Brew|Foul Play|p1a: Tau
|-supereffective|p1a: Tau
|-damage|p1a: Tau|180\/394
|
|-heal|p1a: Tau|204\/394|[from] item: Leftovers
|-heal|p2a: Bitches Brew|72\/304 psn|[from] item: Leftovers
|-damage|p2a: Bitches Brew|34\/304 psn|[from] psn
|turn|11
|join|DrReuniclus3
|join|secret kekleon
|
|switch|p2a: Lush Life|Celebi|344\/403
|-status|p2a: Lush Life|psn
|move|p1a: Tau|Recover|p1a: Tau
|-heal|p1a: Tau|394\/394
|
|-heal|p2a: Lush Life|369\/403 psn|[from] item: Leftovers
|-damage|p2a: Lush Life|319\/403 psn|[from] psn
|turn|12
|c| Watfor|bob what is your reun check
|
|switch|p2a: My Foolish Heart|Blissey, F|657\/657
|-status|p2a: My Foolish Heart|psn
|switch|p1a: Omnicron|Forretress, F|234\/354
|-damage|p1a: Omnicron|190\/354|[from] Spikes
|-damage|p1a: Omnicron|146\/354|[from] Stealth Rock
|
|-heal|p1a: Omnicron|168\/354|[from] item: Leftovers
|-damage|p2a: My Foolish Heart|575\/657 psn|[from] psn
|turn|13
|c| Watfor|bug bite forry?
|c|★feng|ofc
|c| Watfor|k
|
|switch|p2a: Bitches Brew|Spiritomb, F|34\/304 psn
|move|p1a: Omnicron|Stealth Rock|p2a: Bitches Brew
|-sidestart|p2: oh no oh no|move: Stealth Rock
|
|-heal|p1a: Omnicron|190\/354|[from] item: Leftovers
|-heal|p2a: Bitches Brew|53\/304 psn|[from] item: Leftovers
|-damage|p2a: Bitches Brew|15\/304 psn|[from] psn
|turn|14
|
|move|p1a: Omnicron|Volt Switch|p2a: Bitches Brew
|-damage|p2a: Bitches Brew|0 fnt
|faint|p2a: Bitches Brew
|
|switch|p1a: Rho|Blissey, F|714\/714
|-damage|p1a: Rho|625\/714|[from] Spikes
|-damage|p1a: Rho|536\/714|[from] Stealth Rock
|
|-heal|p1a: Rho|580\/714|[from] item: Leftovers
|c|★feng|gotem
|-message|oh no oh no forfeited.
|
|win|feng
|raw|Ladder updating...
|leave|oh no oh no
|player|p2
|raw|feng's rating: 1793 &rarr; <strong>1803<\/strong><br \/>(+10 for winning)
|raw|oh no oh no's rating: 1593 &rarr; <strong>1583<\/strong><br \/>(-10 for losing)
|c|★feng|ez
|leave|secret kekleon
|c| DrReuniclus3|broke 1800