|join|oh no oh no
|join|MS Gemgod
|player|p1|oh no oh no|265
|player|p2|MS Gemgod|40
|gametype|singles
|gen|6
|tier|UU
|rated
|rule|Sleep Clause Mod: Limit one foe put to sleep
|rule|Species Clause: Limit one of each Pokémon
|rule|OHKO Clause: OHKO moves are banned
|rule|Moody Clause: Moody is banned
|rule|Evasion Moves Clause: Evasion moves are banned
|rule|Endless Battle Clause: Forcing endless battles is banned
|rule|HP Percentage Mod: HP is shown in percentages
|clearpoke
|poke|p1|Blissey, F
|poke|p1|Chesnaught, F
|poke|p1|Uxie
|poke|p1|Tentacruel, F
|poke|p1|Rotom-Heat
|poke|p1|Suicune
|poke|p2|Celebi
|poke|p2|Pidgeot, F
|poke|p2|Avalugg, F
|poke|p2|Flygon, M, shiny
|poke|p2|Blissey, F, shiny
|poke|p2|Machamp, M
|rule|Swagger Clause: Swagger is banned
|rule|Baton Pass Clause: Limit one Pokémon knowing Baton Pass
|teampreview
|
|start
|switch|p1a: Uxie|Uxie|354\/354
|switch|p2a: Pidgeot|Pidgeot, F|308\/308
|turn|1
|
|switch|p2a: Flygon|Flygon, M, shiny|301\/301
|move|p1a: Uxie|Stealth Rock|p2a: Flygon
|-sidestart|p2: MS Gemgod|move: Stealth Rock
|
|turn|2
|
|switch|p1a: Chesnaught|Chesnaught, F|380\/380
|move|p2a: Flygon|U-turn|p1a: Chesnaught
|-damage|p1a: Chesnaught|334\/380
|
|switch|p2a: Pidgeot|Pidgeot, F|308\/308
|-damage|p2a: Pidgeot|231\/308|[from] Stealth Rock
|
|-heal|p1a: Chesnaught|357\/380|[from] item: Leftovers
|turn|3
|
|switch|p1a: Tentacruel|Tentacruel, F|361\/361
|detailschange|p2a: Pidgeot|Pidgeot-Mega, F
|message|Pidgeot has Mega Evolved into Mega Pidgeot!
|move|p2a: Pidgeot|Hurricane|p1a: Tentacruel
|-damage|p1a: Tentacruel|180\/361
|
|-heal|p1a: Tentacruel|202\/361|[from] item: Black Sludge
|turn|4
|
|switch|p2a: Avalugg|Avalugg, F|393\/393
|-damage|p2a: Avalugg|295\/393|[from] Stealth Rock
|switch|p1a: Blissey|Blissey, F|657\/657
|
|-heal|p2a: Avalugg|319\/393|[from] item: Leftovers
|turn|5
|
|move|p1a: Blissey|Toxic|p2a: Avalugg|[miss]
|-miss|p1a: Blissey|p2a: Avalugg
|move|p2a: Avalugg|Rapid Spin|p1a: Blissey
|-damage|p1a: Blissey|624\/657
|-sideend|p2: MS Gemgod|Stealth Rock|[from] move: Rapid Spin|[of] p2a: Avalugg
|
|-heal|p1a: Blissey|657\/657|[from] item: Leftovers
|-heal|p2a: Avalugg|343\/393|[from] item: Leftovers
|turn|6
|
|switch|p2a: Blissey|Blissey, F, shiny|714\/714
|move|p1a: Blissey|Toxic|p2a: Blissey
|-status|p2a: Blissey|tox
|
|-damage|p2a: Blissey|670\/714 tox|[from] psn
|turn|7
|
|switch|p1a: Uxie|Uxie|354\/354
|move|p2a: Blissey|Stealth Rock|p1a: Uxie
|-sidestart|p1: oh no oh no|move: Stealth Rock
|
|-heal|p2a: Blissey|714\/714 tox|[from] item: Leftovers
|-damage|p2a: Blissey|626\/714 tox|[from] psn
|turn|8
|
|move|p1a: Uxie|Stealth Rock|p2a: Blissey
|-sidestart|p2: MS Gemgod|move: Stealth Rock
|move|p2a: Blissey|Thunder Wave|p1a: Uxie
|-status|p1a: Uxie|par
|
|-heal|p2a: Blissey|670\/714 tox|[from] item: Leftovers
|-damage|p2a: Blissey|538\/714 tox|[from] psn
|turn|9
|
|switch|p2a: Avalugg|Avalugg, F|343\/393
|-damage|p2a: Avalugg|245\/393|[from] Stealth Rock
|switch|p1a: Blissey|Blissey, F|657\/657
|-damage|p1a: Blissey|575\/657|[from] Stealth Rock
|
|-heal|p1a: Blissey|616\/657|[from] item: Leftovers
|-heal|p2a: Avalugg|269\/393|[from] item: Leftovers
|turn|10
|
|move|p1a: Blissey|Toxic|p2a: Avalugg
|-status|p2a: Avalugg|tox
|move|p2a: Avalugg|Rapid Spin|p1a: Blissey
|-damage|p1a: Blissey|584\/657
|-sideend|p2: MS Gemgod|Stealth Rock|[from] move: Rapid Spin|[of] p2a: Avalugg
|
|-heal|p1a: Blissey|625\/657|[from] item: Leftovers
|-heal|p2a: Avalugg|293\/393 tox|[from] item: Leftovers
|-damage|p2a: Avalugg|269\/393 tox|[from] psn
|turn|11
|
|switch|p1a: Chesnaught|Chesnaught, F|357\/380
|-damage|p1a: Chesnaught|334\/380|[from] Stealth Rock
|switch|p2a: Machamp|Machamp, M|364\/364
|
|-heal|p1a: Chesnaught|357\/380|[from] item: Leftovers
|turn|12
|
|move|p2a: Machamp|Knock Off|p1a: Chesnaught
|-resisted|p1a: Chesnaught
|-damage|p1a: Chesnaught|315\/380
|-enditem|p1a: Chesnaught|Leftovers|[from] move: Knock Off|[of] p2a: Machamp
|move|p1a: Chesnaught|Spikes|p2a: Machamp
|-sidestart|p2: MS Gemgod|Spikes
|
|turn|13
|
|move|p2a: Machamp|Dynamic Punch|p1a: Chesnaught
|-crit|p1a: Chesnaught
|-damage|p1a: Chesnaught|140\/380
|-start|p1a: Chesnaught|confusion
|-activate|p1a: Chesnaught|confusion
|move|p1a: Chesnaught|Leech Seed|p2a: Machamp
|-start|p2a: Machamp|move: Leech Seed
|
|-damage|p2a: Machamp|319\/364|[from] Leech Seed|[of] p1a: Chesnaught
|-heal|p1a: Chesnaught|185\/380|[silent]
|turn|14
|
|switch|p2a: Pidgeot|Pidgeot-Mega, F|231\/308
|switch|p1a: Tentacruel|Tentacruel, F|202\/361
|-damage|p1a: Tentacruel|157\/361|[from] Stealth Rock
|
|-heal|p1a: Tentacruel|179\/361|[from] item: Black Sludge
|turn|15
|
|switch|p1a: Blissey|Blissey, F|625\/657
|-damage|p1a: Blissey|543\/657|[from] Stealth Rock
|move|p2a: Pidgeot|Hurricane|p1a: Blissey
|-damage|p1a: Blissey|407\/657
|
|-heal|p1a: Blissey|448\/657|[from] item: Leftovers
|turn|16
|
|switch|p2a: Avalugg|Avalugg, F|269\/393 tox
|-damage|p2a: Avalugg|220\/393 tox|[from] Spikes
|move|p1a: Blissey|Toxic|p2a: Avalugg
|-fail|p2a: Avalugg|tox
|
|-heal|p1a: Blissey|489\/657|[from] item: Leftovers
|-heal|p2a: Avalugg|244\/393 tox|[from] item: Leftovers
|-damage|p2a: Avalugg|220\/393 tox|[from] psn
|turn|17
|
|move|p1a: Blissey|Protect|p1a: Blissey
|-singleturn|p1a: Blissey|Protect
|move|p2a: Avalugg|Rapid Spin|p1a: Blissey
|-activate|p1a: Blissey|Protect
|
|-heal|p1a: Blissey|530\/657|[from] item: Leftovers
|-heal|p2a: Avalugg|244\/393 tox|[from] item: Leftovers
|-damage|p2a: Avalugg|196\/393 tox|[from] psn
|turn|18
|
|move|p1a: Blissey|Wish|p1a: Blissey
|move|p2a: Avalugg|Rapid Spin|p1a: Blissey
|-damage|p1a: Blissey|500\/657
|-sideend|p2: MS Gemgod|Spikes|[from] move: Rapid Spin|[of] p2a: Avalugg
|
|-heal|p1a: Blissey|541\/657|[from] item: Leftovers
|-heal|p2a: Avalugg|220\/393 tox|[from] item: Leftovers
|-damage|p2a: Avalugg|148\/393 tox|[from] psn
|turn|19
|
|switch|p1a: Chesnaught|Chesnaught, F|185\/380
|-damage|p1a: Chesnaught|162\/380|[from] Stealth Rock
|move|p2a: Avalugg|Roar|p1a: Chesnaught
|drag|p1a: Suicune|Suicune|404\/404
|-damage|p1a: Suicune|354\/404|[from] Stealth Rock
|-ability|p1a: Suicune|Pressure
|
|-heal|p1a: Suicune|404\/404|[from] move: Wish|[wisher] Blissey
|-heal|p2a: Avalugg|172\/393 tox|[from] item: Leftovers
|-damage|p2a: Avalugg|76\/393 tox|[from] psn
|turn|20
|
|switch|p2a: Celebi|Celebi|341\/341
|move|p1a: Suicune|Scald|p2a: Celebi
|-resisted|p2a: Celebi
|-damage|p2a: Celebi|295\/341
|
|turn|21
|
|switch|p1a: Blissey|Blissey, F|541\/657
|-damage|p1a: Blissey|459\/657|[from] Stealth Rock
|move|p2a: Celebi|Earth Power|p1a: Blissey
|-damage|p1a: Blissey|376\/657
|-damage|p2a: Celebi|261\/341|[from] item: Life Orb
|
|-heal|p1a: Blissey|417\/657|[from] item: Leftovers
|turn|22
|
|switch|p2a: Avalugg|Avalugg, F|76\/393 tox
|move|p1a: Blissey|Toxic|p2a: Avalugg
|-fail|p2a: Avalugg|tox
|
|-heal|p1a: Blissey|458\/657|[from] item: Leftovers
|-heal|p2a: Avalugg|100\/393 tox|[from] item: Leftovers
|-damage|p2a: Avalugg|76\/393 tox|[from] psn
|turn|23
|
|move|p1a: Blissey|Protect|p1a: Blissey
|-singleturn|p1a: Blissey|Protect
|move|p2a: Avalugg|Recover|p2a: Avalugg
|-heal|p2a: Avalugg|273\/393 tox
|
|-heal|p1a: Blissey|499\/657|[from] item: Leftovers
|-heal|p2a: Avalugg|297\/393 tox|[from] item: Leftovers
|-damage|p2a: Avalugg|249\/393 tox|[from] psn
|turn|24
|
|switch|p2a: Machamp|Machamp, M|319\/364
|move|p1a: Blissey|Wish|p1a: Blissey
|
|-heal|p1a: Blissey|540\/657|[from] item: Leftovers
|turn|25
|
|switch|p1a: Chesnaught|Chesnaught, F|162\/380
|-damage|p1a: Chesnaught|139\/380|[from] Stealth Rock
|move|p2a: Machamp|Dynamic Punch|p1a: Chesnaught
|-damage|p1a: Chesnaught|16\/380
|-start|p1a: Chesnaught|confusion
|
|-heal|p1a: Chesnaught|344\/380|[from] move: Wish|[wisher] Blissey
|turn|26
|
|switch|p2a: Celebi|Celebi|261\/341
|switch|p1a: Uxie|Uxie|354\/354 par
|-damage|p1a: Uxie|310\/354 par|[from] Stealth Rock
|
|-heal|p1a: Uxie|332\/354 par|[from] item: Leftovers
|turn|27
|
|move|p2a: Celebi|Leaf Storm|p1a: Uxie
|-damage|p1a: Uxie|112\/354 par
|-unboost|p2a: Celebi|spa|2
|-damage|p2a: Celebi|227\/341|[from] item: Life Orb
|cant|p1a: Uxie|par
|
|-heal|p1a: Uxie|134\/354 par|[from] item: Leftovers
|turn|28
|
|switch|p2a: Pidgeot|Pidgeot-Mega, F|231\/308
|move|p1a: Uxie|Heal Bell|p1a: Uxie
|-cureteam|p1a: Uxie|[from] move: HealBell
|
|-heal|p1a: Uxie|156\/354|[from] item: Leftovers
|turn|29
|
|switch|p1a: Blissey|Blissey, F|540\/657
|-damage|p1a: Blissey|458\/657|[from] Stealth Rock
|move|p2a: Pidgeot|Hurricane|p1a: Blissey
|-damage|p1a: Blissey|329\/657
|-start|p1a: Blissey|confusion
|
|-heal|p1a: Blissey|370\/657|[from] item: Leftovers
|turn|30
|
|switch|p2a: Avalugg|Avalugg, F|249\/393 tox
|-activate|p1a: Blissey|confusion
|-damage|p1a: Blissey|358\/657|[from] confusion
|
|-heal|p1a: Blissey|399\/657|[from] item: Leftovers
|-heal|p2a: Avalugg|273\/393 tox|[from] item: Leftovers
|-damage|p2a: Avalugg|249\/393 tox|[from] psn
|turn|31
|
|switch|p2a: Machamp|Machamp, M|319\/364
|-activate|p1a: Blissey|confusion
|-damage|p1a: Blissey|387\/657|[from] confusion
|
|-heal|p1a: Blissey|428\/657|[from] item: Leftovers
|turn|32
|
|switch|p1a: Chesnaught|Chesnaught, F|344\/380
|-damage|p1a: Chesnaught|321\/380|[from] Stealth Rock
|move|p2a: Machamp|Dynamic Punch|p1a: Chesnaught
|-damage|p1a: Chesnaught|200\/380
|-start|p1a: Chesnaught|confusion
|
|turn|33
|
|switch|p2a: Celebi|Celebi|227\/341
|-activate|p1a: Chesnaught|confusion
|-damage|p1a: Chesnaught|179\/380|[from] confusion
|
|turn|34
|
|switch|p1a: Blissey|Blissey, F|428\/657
|-damage|p1a: Blissey|346\/657|[from] Stealth Rock
|move|p2a: Celebi|Leaf Storm|p1a: Blissey
|-damage|p1a: Blissey|177\/657
|-unboost|p2a: Celebi|spa|2
|-damage|p2a: Celebi|193\/341|[from] item: Life Orb
|
|-heal|p1a: Blissey|218\/657|[from] item: Leftovers
|turn|35
|
|switch|p2a: Machamp|Machamp, M|319\/364
|move|p1a: Blissey|Wish|p1a: Blissey
|
|-heal|p1a: Blissey|259\/657|[from] item: Leftovers
|turn|36
|
|move|p1a: Blissey|Protect|p1a: Blissey
|-singleturn|p1a: Blissey|Protect
|move|p2a: Machamp|Dynamic Punch|p1a: Blissey
|-activate|p1a: Blissey|Protect
|
|-heal|p1a: Blissey|587\/657|[from] move: Wish|[wisher] Blissey
|-heal|p1a: Blissey|628\/657|[from] item: Leftovers
|turn|37
|
|switch|p1a: Uxie|Uxie|156\/354
|-damage|p1a: Uxie|112\/354|[from] Stealth Rock
|move|p2a: Machamp|Knock Off|p1a: Uxie
|-supereffective|p1a: Uxie
|-damage|p1a: Uxie|0 fnt
|-enditem|p1a: Uxie|Leftovers|[from] move: Knock Off|[of] p2a: Machamp
|faint|p1a: Uxie
|
|
|switch|p1a: Rotom-Heat|Rotom-Heat|304\/304
|-damage|p1a: Rotom-Heat|228\/304|[from] Stealth Rock
|turn|38
|c|★MS Gemgod|i hate playing stall teams
|
|move|p1a: Rotom-Heat|Volt Switch|p2a: Machamp
|-damage|p2a: Machamp|255\/364
|
|switch|p1a: Suicune|Suicune|404\/404
|-damage|p1a: Suicune|354\/404|[from] Stealth Rock
|-ability|p1a: Suicune|Pressure
|move|p2a: Machamp|Stone Edge|p1a: Suicune
|-damage|p1a: Suicune|264\/404
|
|-heal|p1a: Suicune|289\/404|[from] item: Leftovers
|turn|39
|
|move|p1a: Suicune|Scald|p2a: Machamp
|-damage|p2a: Machamp|194\/364
|move|p2a: Machamp|Knock Off|p1a: Suicune
|-damage|p1a: Suicune|201\/404
|-enditem|p1a: Suicune|Leftovers|[from] move: Knock Off|[of] p2a: Machamp
|
|turn|40
|
|switch|p2a: Blissey|Blissey, F, shiny|538\/714
|move|p1a: Suicune|Scald|p2a: Blissey
|-damage|p2a: Blissey|474\/714
|-status|p2a: Blissey|brn
|
|-heal|p2a: Blissey|518\/714 brn|[from] item: Leftovers
|-damage|p2a: Blissey|429\/714 brn|[from] brn
|turn|41
|
|move|p1a: Suicune|Rest|p1a: Suicune
|-status|p1a: Suicune|slp
|-heal|p1a: Suicune|404\/404 slp|[silent]
|-status|p1a: Suicune|slp|[from] move: Rest
|move|p2a: Blissey|Thunder Wave|p1a: Suicune
|-fail|p1a: Suicune
|
|-heal|p2a: Blissey|473\/714 brn|[from] item: Leftovers
|-damage|p2a: Blissey|384\/714 brn|[from] brn
|turn|42
|
|switch|p1a: Tentacruel|Tentacruel, F|179\/361
|-damage|p1a: Tentacruel|134\/361|[from] Stealth Rock
|switch|p2a: Celebi|Celebi|193\/341
|
|-heal|p1a: Tentacruel|156\/361|[from] item: Black Sludge
|turn|43
|
|switch|p1a: Blissey|Blissey, F|628\/657
|-damage|p1a: Blissey|546\/657|[from] Stealth Rock
|move|p2a: Celebi|Earth Power|p1a: Blissey
|-damage|p1a: Blissey|467\/657
|-damage|p2a: Celebi|159\/341|[from] item: Life Orb
|
|-heal|p1a: Blissey|508\/657|[from] item: Leftovers
|turn|44
|
|move|p2a: Celebi|Recover|p2a: Celebi
|-heal|p2a: Celebi|330\/341
|move|p1a: Blissey|Seismic Toss|p2a: Celebi
|-damage|p2a: Celebi|230\/341
|
|-heal|p1a: Blissey|549\/657|[from] item: Leftovers
|turn|45
|
|move|p2a: Celebi|Recover|p2a: Celebi
|-heal|p2a: Celebi|341\/341
|move|p1a: Blissey|Wish|p1a: Blissey
|
|-heal|p1a: Blissey|590\/657|[from] item: Leftovers
|turn|46
|
|switch|p1a: Rotom-Heat|Rotom-Heat|228\/304
|-damage|p1a: Rotom-Heat|152\/304|[from] Stealth Rock
|move|p2a: Celebi|Leaf Storm|p1a: Rotom-Heat
|-resisted|p1a: Rotom-Heat
|-damage|p1a: Rotom-Heat|44\/304
|-unboost|p2a: Celebi|spa|2
|-damage|p2a: Celebi|307\/341|[from] item: Life Orb
|
|-heal|p1a: Rotom-Heat|304\/304|[from] move: Wish|[wisher] Blissey
|turn|47
|
|switch|p2a: Blissey|Blissey, F, shiny|384\/714
|move|p1a: Rotom-Heat|Will-O-Wisp|p2a: Blissey
|-status|p2a: Blissey|brn
|
|-heal|p2a: Blissey|428\/714 brn|[from] item: Leftovers
|-damage|p2a: Blissey|339\/714 brn|[from] brn
|turn|48
|
|switch|p1a: Tentacruel|Tentacruel, F|156\/361
|-damage|p1a: Tentacruel|111\/361|[from] Stealth Rock
|move|p2a: Blissey|Soft-Boiled|p2a: Blissey
|-heal|p2a: Blissey|696\/714 brn
|
|-heal|p1a: Tentacruel|133\/361|[from] item: Black Sludge
|-heal|p2a: Blissey|714\/714 brn|[from] item: Leftovers
|-damage|p2a: Blissey|625\/714 brn|[from] brn
|turn|49
|
|move|p1a: Tentacruel|Rapid Spin|p2a: Blissey
|-damage|p2a: Blissey|604\/714 brn
|-sideend|p1: oh no oh no|Stealth Rock|[from] move: Rapid Spin|[of] p1a: Tentacruel
|move|p2a: Blissey|Seismic Toss|p1a: Tentacruel
|-damage|p1a: Tentacruel|33\/361
|
|-heal|p1a: Tentacruel|55\/361|[from] item: Black Sludge
|-heal|p2a: Blissey|648\/714 brn|[from] item: Leftovers
|-damage|p2a: Blissey|559\/714 brn|[from] brn
|turn|50
|
|switch|p1a: Chesnaught|Chesnaught, F|179\/380
|move|p2a: Blissey|Stealth Rock|p1a: Chesnaught
|-sidestart|p1: oh no oh no|move: Stealth Rock
|
|-heal|p2a: Blissey|603\/714 brn|[from] item: Leftovers
|-damage|p2a: Blissey|514\/714 brn|[from] brn
|turn|51
|
|switch|p2a: Celebi|Celebi|307\/341
|move|p1a: Chesnaught|Spikes|p2a: Celebi
|-sidestart|p2: MS Gemgod|Spikes
|
|turn|52
|
|move|p1a: Chesnaught|Spiky Shield|p1a: Chesnaught
|-singleturn|p1a: Chesnaught|move: Protect
|move|p2a: Celebi|Ancient Power|p1a: Chesnaught
|-activate|p1a: Chesnaught|move: Protect
|
|turn|53
|
|move|p2a: Celebi|Ancient Power|p1a: Chesnaught
|-resisted|p1a: Chesnaught
|-damage|p1a: Chesnaught|123\/380
|-damage|p2a: Celebi|273\/341|[from] item: Life Orb
|move|p1a: Chesnaught|Spikes|p2a: Celebi
|-sidestart|p2: MS Gemgod|Spikes
|
|turn|54
|
|move|p2a: Celebi|Ancient Power|p1a: Chesnaught
|-resisted|p1a: Chesnaught
|-damage|p1a: Chesnaught|67\/380
|-damage|p2a: Celebi|239\/341|[from] item: Life Orb
|move|p1a: Chesnaught|Spikes|p2a: Celebi
|-sidestart|p2: MS Gemgod|Spikes
|
|turn|55
|
|move|p1a: Chesnaught|Spiky Shield|p1a: Chesnaught
|-singleturn|p1a: Chesnaught|move: Protect
|move|p2a: Celebi|Leaf Storm|p1a: Chesnaught
|-activate|p1a: Chesnaught|move: Protect
|
|turn|56
|
|switch|p1a: Rotom-Heat|Rotom-Heat|304\/304
|-damage|p1a: Rotom-Heat|228\/304|[from] Stealth Rock
|move|p2a: Celebi|Leaf Storm|p1a: Rotom-Heat
|-resisted|p1a: Rotom-Heat
|-damage|p1a: Rotom-Heat|119\/304
|-unboost|p2a: Celebi|spa|2
|-damage|p2a: Celebi|205\/341|[from] item: Life Orb
|
|turn|57
|
|switch|p2a: Blissey|Blissey, F, shiny|514\/714
|-damage|p2a: Blissey|336\/714|[from] Spikes
|move|p1a: Rotom-Heat|Trick|p2a: Blissey
|-activate|p1a: Rotom-Heat|move: Trick|[of] p2a: Blissey
|-item|p2a: Blissey|Choice Scarf|[from] move: Trick
|-item|p1a: Rotom-Heat|Leftovers|[from] move: Trick
|
|-heal|p1a: Rotom-Heat|138\/304|[from] item: Leftovers
|turn|58
|
|move|p1a: Rotom-Heat|Volt Switch|p2a: Blissey
|-damage|p2a: Blissey|266\/714
|
|switch|p1a: Blissey|Blissey, F|590\/657
|-damage|p1a: Blissey|508\/657|[from] Stealth Rock
|move|p2a: Blissey|Soft-Boiled|p2a: Blissey
|-heal|p2a: Blissey|623\/714
|
|-heal|p1a: Blissey|549\/657|[from] item: Leftovers
|turn|59
|
|switch|p2a: Avalugg|Avalugg, F|249\/393 tox
|-damage|p2a: Avalugg|151\/393 tox|[from] Spikes
|move|p1a: Blissey|Wish|p1a: Blissey
|
|-heal|p1a: Blissey|590\/657|[from] item: Leftovers
|-heal|p2a: Avalugg|175\/393 tox|[from] item: Leftovers
|-damage|p2a: Avalugg|151\/393 tox|[from] psn
|turn|60
|
|move|p1a: Blissey|Seismic Toss|p2a: Avalugg
|-damage|p2a: Avalugg|51\/393 tox
|move|p2a: Avalugg|Rapid Spin|p1a: Blissey
|-damage|p1a: Blissey|556\/657
|-sideend|p2: MS Gemgod|Spikes|[from] move: Rapid Spin|[of] p2a: Avalugg
|
|-heal|p1a: Blissey|657\/657|[from] move: Wish|[wisher] Blissey
|-heal|p2a: Avalugg|75\/393 tox|[from] item: Leftovers
|-damage|p2a: Avalugg|27\/393 tox|[from] psn
|turn|61
|
|switch|p2a: Machamp|Machamp, M|194\/364
|move|p1a: Blissey|Seismic Toss|p2a: Machamp
|-damage|p2a: Machamp|94\/364
|
|turn|62
|
|switch|p1a: Tentacruel|Tentacruel, F|55\/361
|-damage|p1a: Tentacruel|10\/361|[from] Stealth Rock
|move|p2a: Machamp|Knock Off|p1a: Tentacruel
|-damage|p1a: Tentacruel|0 fnt
|-enditem|p1a: Tentacruel|Black Sludge|[from] move: Knock Off|[of] p2a: Machamp
|faint|p1a: Tentacruel
|
|
|switch|p1a: Suicune|Suicune|404\/404 slp
|-damage|p1a: Suicune|354\/404 slp|[from] Stealth Rock
|-ability|p1a: Suicune|Pressure
|turn|63
|
|switch|p2a: Celebi|Celebi|205\/341
|cant|p1a: Suicune|slp
|move|p1a: Suicune|Sleep Talk|p1a: Suicune
|move|p1a: Suicune|Rest|p1a: Suicune|[from]Sleep Talk
|-fail|p1a: Suicune
|
|turn|64
|
|switch|p2a: Flygon|Flygon, M, shiny|301\/301
|switch|p1a: Blissey|Blissey, F|657\/657
|-damage|p1a: Blissey|575\/657|[from] Stealth Rock
|
|-heal|p1a: Blissey|616\/657|[from] item: Leftovers
|turn|65
|
|move|p2a: Flygon|Outrage|p1a: Blissey
|-damage|p1a: Blissey|285\/657
|move|p1a: Blissey|Wish|p1a: Blissey
|
|-heal|p1a: Blissey|326\/657|[from] item: Leftovers
|turn|66
|
|move|p1a: Blissey|Protect|p1a: Blissey
|-singleturn|p1a: Blissey|Protect
|move|p2a: Flygon|Outrage|p1a: Blissey
|-activate|p1a: Blissey|Protect
|
|-heal|p1a: Blissey|654\/657|[from] move: Wish|[wisher] Blissey
|-heal|p1a: Blissey|657\/657|[from] item: Leftovers
|turn|67
|
|move|p2a: Flygon|Outrage|p1a: Blissey
|-damage|p1a: Blissey|360\/657
|move|p1a: Blissey|Wish|p1a: Blissey
|
|-heal|p1a: Blissey|401\/657|[from] item: Leftovers
|turn|68
|
|move|p2a: Flygon|Outrage|p1a: Blissey
|-damage|p1a: Blissey|83\/657
|move|p1a: Blissey|Toxic|p2a: Flygon
|-status|p2a: Flygon|tox
|
|-end|p2a: Flygon|rampage
|-start|p2a: Flygon|confusion
|-heal|p1a: Blissey|411\/657|[from] move: Wish|[wisher] Blissey
|-heal|p1a: Blissey|452\/657|[from] item: Leftovers
|-damage|p2a: Flygon|283\/301 tox|[from] psn
|turn|69
|
|switch|p2a: Pidgeot|Pidgeot-Mega, F|231\/308
|move|p1a: Blissey|Wish|p1a: Blissey
|
|-heal|p1a: Blissey|493\/657|[from] item: Leftovers
|turn|70
|
|move|p2a: Pidgeot|Hurricane|p1a: Blissey
|-damage|p1a: Blissey|358\/657
|-start|p1a: Blissey|confusion
|-activate|p1a: Blissey|confusion
|move|p1a: Blissey|Toxic|p2a: Pidgeot
|-status|p2a: Pidgeot|tox
|
|-heal|p1a: Blissey|657\/657|[from] move: Wish|[wisher] Blissey
|-damage|p2a: Pidgeot|212\/308 tox|[from] psn
|turn|71
|
|switch|p2a: Avalugg|Avalugg, F|27\/393 tox
|-activate|p1a: Blissey|confusion
|move|p1a: Blissey|Seismic Toss|p2a: Avalugg
|-damage|p2a: Avalugg|0 fnt
|faint|p2a: Avalugg
|
|
|switch|p2a: Machamp|Machamp, M|94\/364
|turn|72
|
|switch|p1a: Suicune|Suicune|354\/404 slp
|-damage|p1a: Suicune|304\/404 slp|[from] Stealth Rock
|-ability|p1a: Suicune|Pressure
|move|p2a: Machamp|Dynamic Punch|p1a: Suicune
|-damage|p1a: Suicune|181\/404 slp
|-start|p1a: Suicune|confusion
|
|turn|73
|
|cant|p1a: Suicune|slp
|-activate|p1a: Suicune|confusion
|-damage|p1a: Suicune|165\/404 slp|[from] confusion
|move|p2a: Machamp|Stone Edge|p1a: Suicune
|-damage|p1a: Suicune|72\/404 slp
|
|turn|74
|
|-curestatus|p1a: Suicune|slp
|-activate|p1a: Suicune|confusion
|-damage|p1a: Suicune|56\/404|[from] confusion
|move|p2a: Machamp|Stone Edge|p1a: Suicune
|-damage|p1a: Suicune|0 fnt
|faint|p1a: Suicune
|
|
|switch|p1a: Chesnaught|Chesnaught, F|67\/380
|-damage|p1a: Chesnaught|44\/380|[from] Stealth Rock
|turn|75
|
|move|p2a: Machamp|Bullet Punch|p1a: Chesnaught
|-damage|p1a: Chesnaught|9\/380
|move|p1a: Chesnaught|Spikes|p2a: Machamp
|-sidestart|p2: MS Gemgod|Spikes
|
|turn|76
|
|move|p1a: Chesnaught|Spiky Shield|p1a: Chesnaught
|-singleturn|p1a: Chesnaught|move: Protect
|move|p2a: Machamp|Bullet Punch|p1a: Chesnaught
|-activate|p1a: Chesnaught|move: Protect
|-damage|p2a: Machamp|49\/364|[from] Spiky Shield|[of] p1a: Chesnaught
|
|turn|77
|
|move|p2a: Machamp|Bullet Punch|p1a: Chesnaught
|-damage|p1a: Chesnaught|0 fnt
|faint|p1a: Chesnaught
|
|
|switch|p1a: Rotom-Heat|Rotom-Heat|138\/304
|-damage|p1a: Rotom-Heat|62\/304|[from] Stealth Rock
|turn|78
|
|move|p2a: Machamp|Bullet Punch|p1a: Rotom-Heat
|-resisted|p1a: Rotom-Heat
|-damage|p1a: Rotom-Heat|49\/304
|move|p1a: Rotom-Heat|Overheat|p2a: Machamp
|-damage|p2a: Machamp|0 fnt
|-unboost|p1a: Rotom-Heat|spa|2
|faint|p2a: Machamp
|
|-heal|p1a: Rotom-Heat|68\/304|[from] item: Leftovers
|
|switch|p2a: Flygon|Flygon, M, shiny|283\/301 tox
|turn|79
|
|move|p2a: Flygon|Outrage|p1a: Rotom-Heat
|-damage|p1a: Rotom-Heat|0 fnt
|faint|p1a: Rotom-Heat
|
|-damage|p2a: Flygon|265\/301 tox|[from] psn
|
|switch|p1a: Blissey|Blissey, F|657\/657
|-damage|p1a: Blissey|575\/657|[from] Stealth Rock
|turn|80
|
|move|p1a: Blissey|Protect|p1a: Blissey
|-singleturn|p1a: Blissey|Protect
|move|p2a: Flygon|Outrage|p1a: Blissey
|-activate|p1a: Blissey|Protect
|
|-end|p2a: Flygon|rampage
|-start|p2a: Flygon|confusion
|-heal|p1a: Blissey|616\/657|[from] item: Leftovers
|-damage|p2a: Flygon|229\/301 tox|[from] psn
|turn|81
|
|-activate|p2a: Flygon|confusion
|move|p2a: Flygon|Outrage|p1a: Blissey
|-damage|p1a: Blissey|292\/657
|move|p1a: Blissey|Wish|p1a: Blissey
|
|-heal|p1a: Blissey|333\/657|[from] item: Leftovers
|-damage|p2a: Flygon|175\/301 tox|[from] psn
|turn|82
|
|move|p1a: Blissey|Protect|p1a: Blissey
|-singleturn|p1a: Blissey|Protect
|-activate|p2a: Flygon|confusion
|move|p2a: Flygon|Outrage|p1a: Blissey
|-activate|p1a: Blissey|Protect
|
|-end|p2a: Flygon|rampage
|-heal|p1a: Blissey|657\/657|[from] move: Wish|[wisher] Blissey
|-damage|p2a: Flygon|103\/301 tox|[from] psn
|turn|83
|
|switch|p2a: Blissey|Blissey, F, shiny|623\/714
|-damage|p2a: Blissey|534\/714|[from] Spikes
|move|p1a: Blissey|Wish|p1a: Blissey
|
|turn|84
|
|move|p2a: Blissey|Thunder Wave|p1a: Blissey
|-status|p1a: Blissey|par
|cant|p1a: Blissey|par
|
|turn|85
|
|switch|p2a: Celebi|Celebi|205\/341
|-damage|p2a: Celebi|163\/341|[from] Spikes
|cant|p1a: Blissey|par
|
|turn|86
|
|move|p2a: Celebi|Recover|p2a: Celebi
|-heal|p2a: Celebi|334\/341
|move|p1a: Blissey|Toxic|p2a: Celebi
|-status|p2a: Celebi|tox
|
|-damage|p2a: Celebi|313\/341 tox|[from] psn
|turn|87
|c|★MS Gemgod|can u just forfeit?
|c|★MS Gemgod|its 2 am
|
|move|p2a: Celebi|Ancient Power|p1a: Blissey
|-damage|p1a: Blissey|605\/657 par
|-damage|p2a: Celebi|279\/341 tox|[from] item: Life Orb
|cant|p1a: Blissey|par
|
|-heal|p1a: Blissey|646\/657 par|[from] item: Leftovers
|-damage|p2a: Celebi|237\/341 tox|[from] psn
|turn|88
|
|move|p2a: Celebi|Earth Power|p1a: Blissey
|-damage|p1a: Blissey|568\/657 par
|-damage|p2a: Celebi|203\/341 tox|[from] item: Life Orb
|move|p1a: Blissey|Seismic Toss|p2a: Celebi
|-damage|p2a: Celebi|103\/341 tox
|
|-heal|p1a: Blissey|609\/657 par|[from] item: Leftovers
|-damage|p2a: Celebi|40\/341 tox|[from] psn
|turn|89
|
|switch|p2a: Blissey|Blissey, F, shiny|534\/714
|-damage|p2a: Blissey|445\/714|[from] Spikes
|cant|p1a: Blissey|par
|
|-heal|p1a: Blissey|650\/657 par|[from] item: Leftovers
|turn|90
|
|move|p2a: Blissey|Seismic Toss|p1a: Blissey
|-damage|p1a: Blissey|550\/657 par
|move|p1a: Blissey|Seismic Toss|p2a: Blissey
|-damage|p2a: Blissey|345\/714
|
|-heal|p1a: Blissey|591\/657 par|[from] item: Leftovers
|turn|91
|
|move|p2a: Blissey|Seismic Toss|p1a: Blissey
|-damage|p1a: Blissey|491\/657 par
|move|p1a: Blissey|Seismic Toss|p2a: Blissey
|-damage|p2a: Blissey|245\/714
|
|-heal|p1a: Blissey|532\/657 par|[from] item: Leftovers
|turn|92
|
|switch|p2a: Pidgeot|Pidgeot-Mega, F|212\/308 tox
|move|p1a: Blissey|Toxic|p2a: Pidgeot
|-fail|p2a: Pidgeot|tox
|
|-heal|p1a: Blissey|573\/657 par|[from] item: Leftovers
|-damage|p2a: Pidgeot|193\/308 tox|[from] psn
|turn|93
|
|move|p1a: Blissey|Protect|p1a: Blissey
|-singleturn|p1a: Blissey|Protect
|move|p2a: Pidgeot|Roost|p2a: Pidgeot
|-heal|p2a: Pidgeot|308\/308 tox
|
|-heal|p1a: Blissey|614\/657 par|[from] item: Leftovers
|-damage|p2a: Pidgeot|270\/308 tox|[from] psn
|turn|94
|
|switch|p2a: Celebi|Celebi|40\/341
|-damage|p2a: Celebi|0 fnt|[from] Spikes
|faint|p2a: Celebi
|move|p1a: Blissey|Seismic Toss|p2: Celebi|[notarget]
|-notarget
|
|-heal|p1a: Blissey|655\/657 par|[from] item: Leftovers
|
|switch|p2a: Pidgeot|Pidgeot-Mega, F|270\/308 tox
|turn|95
|
|move|p1a: Blissey|Protect|p1a: Blissey
|-singleturn|p1a: Blissey|Protect
|move|p2a: Pidgeot|Hurricane|p1a: Blissey
|-activate|p1a: Blissey|Protect
|
|-heal|p1a: Blissey|657\/657 par|[from] item: Leftovers
|-damage|p2a: Pidgeot|251\/308 tox|[from] psn
|turn|96
|
|switch|p2a: Blissey|Blissey, F, shiny|245\/714
|-damage|p2a: Blissey|156\/714|[from] Spikes
|move|p1a: Blissey|Seismic Toss|p2a: Blissey
|-damage|p2a: Blissey|56\/714
|
|turn|97
|
|move|p2a: Blissey|Soft-Boiled|p2a: Blissey
|-heal|p2a: Blissey|413\/714
|move|p1a: Blissey|Toxic|p2a: Blissey
|-status|p2a: Blissey|tox
|
|-damage|p2a: Blissey|369\/714 tox|[from] psn
|turn|98
|
|move|p2a: Blissey|Soft-Boiled|p2a: Blissey
|-heal|p2a: Blissey|714\/714 tox
|move|p1a: Blissey|Seismic Toss|p2a: Blissey
|-damage|p2a: Blissey|614\/714 tox
|
|-damage|p2a: Blissey|526\/714 tox|[from] psn
|turn|99
|
|switch|p2a: Pidgeot|Pidgeot-Mega, F|251\/308 tox
|move|p1a: Blissey|Seismic Toss|p2a: Pidgeot
|-damage|p2a: Pidgeot|151\/308 tox
|
|-damage|p2a: Pidgeot|132\/308 tox|[from] psn
|turn|100
|
|move|p2a: Pidgeot|Roost|p2a: Pidgeot
|-heal|p2a: Pidgeot|286\/308 tox
|cant|p1a: Blissey|par
|
|-damage|p2a: Pidgeot|248\/308 tox|[from] psn
|turn|101
|
|switch|p2a: Blissey|Blissey, F, shiny|526\/714
|-damage|p2a: Blissey|437\/714|[from] Spikes
|cant|p1a: Blissey|par
|
|turn|102
|
|move|p2a: Blissey|Soft-Boiled|p2a: Blissey
|-heal|p2a: Blissey|714\/714
|move|p1a: Blissey|Toxic|p2a: Blissey
|-status|p2a: Blissey|tox
|
|-damage|p2a: Blissey|670\/714 tox|[from] psn
|turn|103
|
|switch|p2a: Pidgeot|Pidgeot-Mega, F|248\/308 tox
|move|p1a: Blissey|Seismic Toss|p2a: Pidgeot
|-damage|p2a: Pidgeot|148\/308 tox
|
|-damage|p2a: Pidgeot|129\/308 tox|[from] psn
|turn|104
|
|switch|p2a: Blissey|Blissey, F, shiny|670\/714
|-damage|p2a: Blissey|581\/714|[from] Spikes
|move|p1a: Blissey|Seismic Toss|p2a: Blissey
|-damage|p2a: Blissey|481\/714
|
|turn|105
|
|move|p2a: Blissey|Soft-Boiled|p2a: Blissey
|-heal|p2a: Blissey|714\/714
|move|p1a: Blissey|Toxic|p2a: Blissey
|-status|p2a: Blissey|tox
|
|-damage|p2a: Blissey|670\/714 tox|[from] psn
|turn|106
|
|move|p2a: Blissey|Soft-Boiled|p2a: Blissey
|-heal|p2a: Blissey|714\/714 tox
|move|p1a: Blissey|Seismic Toss|p2a: Blissey
|-damage|p2a: Blissey|614\/714 tox
|
|-damage|p2a: Blissey|526\/714 tox|[from] psn
|turn|107
|
|move|p2a: Blissey|Soft-Boiled|p2a: Blissey
|-heal|p2a: Blissey|714\/714 tox
|cant|p1a: Blissey|par
|
|-damage|p2a: Blissey|582\/714 tox|[from] psn
|turn|108
|
|switch|p2a: Flygon|Flygon, M, shiny|103\/301 tox
|move|p1a: Blissey|Seismic Toss|p2a: Flygon
|-damage|p2a: Flygon|3\/301 tox
|
|-damage|p2a: Flygon|0 fnt|[from] psn
|faint|p2a: Flygon
|-message|MS Gemgod forfeited.
|
|win|oh no oh no
|raw|Ladder updating...
|leave|MS Gemgod
|player|p2
|raw|oh no oh no's rating: 1382 &rarr; <strong>1392<\/strong><br \/>(+10 for winning)
|raw|MS Gemgod's rating: 1197 &rarr; <strong>1184<\/strong><br \/>(-13 for losing)