|join|oh no oh no
|join|arnyyr
|player|p1|oh no oh no|157
|player|p2|arnyyr|211
|gametype|singles
|gen|6
|tier|UU
|rated
|rule|Sleep Clause Mod: Limit one foe put to sleep
|rule|Species Clause: Limit one of each Pokémon
|rule|OHKO Clause: OHKO moves are banned
|rule|Moody Clause: Moody is banned
|rule|Evasion Moves Clause: Evasion moves are banned
|rule|Endless Battle Clause: Forcing endless battles is banned
|rule|HP Percentage Mod: HP is shown in percentages
|clearpoke
|poke|p1|Weezing, M
|poke|p1|Forretress, M
|poke|p1|Suicune
|poke|p1|Celebi
|poke|p1|Blissey, F
|poke|p1|Spiritomb, M
|poke|p2|Infernape, M
|poke|p2|Krookodile, M
|poke|p2|Mienshao, F
|poke|p2|Ampharos, M
|poke|p2|Roserade, F
|poke|p2|Suicune
|rule|Swagger Clause: Swagger is banned
|rule|Baton Pass Clause: Limit one Pokémon knowing Baton Pass
|teampreview
|
|start
|switch|p1a: Nardis|Weezing, M|333\/333
|switch|p2a: Infernape|Infernape, M|355\/355
|turn|1
|
|switch|p1a: Blue in Green|Suicune|404\/404
|-ability|p1a: Blue in Green|Pressure
|move|p2a: Infernape|Taunt|p1a: Blue in Green
|-start|p1a: Blue in Green|move: Taunt
|
|turn|2
|
|switch|p2a: Roserade|Roserade, F|261\/261
|move|p1a: Blue in Green|Scald|p2a: Roserade
|-resisted|p2a: Roserade
|-damage|p2a: Roserade|221\/261
|
|-heal|p2a: Roserade|237\/261|[from] item: Black Sludge
|turn|3
|
|switch|p1a: Lush Life|Celebi|403\/403
|move|p2a: Roserade|Spikes|p1a: Lush Life
|-sidestart|p1: oh no oh no|Spikes
|
|-heal|p2a: Roserade|253\/261|[from] item: Black Sludge
|turn|4
|
|move|p2a: Roserade|Sludge Bomb|p1a: Lush Life
|-supereffective|p1a: Lush Life
|-damage|p1a: Lush Life|187\/403
|move|p1a: Lush Life|Psychic|p2a: Roserade
|-supereffective|p2a: Roserade
|-damage|p2a: Roserade|55\/261
|
|-heal|p2a: Roserade|71\/261|[from] item: Black Sludge
|-heal|p1a: Lush Life|212\/403|[from] item: Leftovers
|turn|5
|
|switch|p1a: Body and Soul|Forretress, M|354\/354
|-damage|p1a: Body and Soul|310\/354|[from] Spikes
|move|p2a: Roserade|Sludge Bomb|p1a: Body and Soul
|-immune|p1a: Body and Soul|[msg]
|
|-heal|p2a: Roserade|87\/261|[from] item: Black Sludge
|-heal|p1a: Body and Soul|332\/354|[from] item: Leftovers
|turn|6
|
|move|p2a: Roserade|Hidden Power|p1a: Body and Soul
|-supereffective|p1a: Body and Soul
|-damage|p1a: Body and Soul|0 fnt
|faint|p1a: Body and Soul
|
|-heal|p2a: Roserade|103\/261|[from] item: Black Sludge
|
|switch|p1a: Nardis|Weezing, M|333\/333
|turn|7
|
|switch|p2a: Infernape|Infernape, M|355\/355
|move|p1a: Nardis|Fire Blast|p2a: Infernape
|-resisted|p2a: Infernape
|-damage|p2a: Infernape|302\/355
|
|turn|8
|
|switch|p1a: Blue in Green|Suicune|404\/404
|-damage|p1a: Blue in Green|354\/404|[from] Spikes
|-ability|p1a: Blue in Green|Pressure
|move|p2a: Infernape|Stealth Rock|p1a: Blue in Green
|-sidestart|p1: oh no oh no|move: Stealth Rock
|
|-heal|p1a: Blue in Green|379\/404|[from] item: Leftovers
|turn|9
|
|move|p2a: Infernape|Taunt|p1a: Blue in Green
|-start|p1a: Blue in Green|move: Taunt
|move|p1a: Blue in Green|Scald|p2a: Infernape
|-supereffective|p2a: Infernape
|-damage|p2a: Infernape|62\/355
|
|-heal|p1a: Blue in Green|404\/404|[from] item: Leftovers
|turn|10
|
|move|p2a: Infernape|Endeavor|p1a: Blue in Green
|-damage|p1a: Blue in Green|62\/404
|move|p1a: Blue in Green|Scald|p2a: Infernape
|-supereffective|p2a: Infernape
|-damage|p2a: Infernape|0 fnt
|faint|p2a: Infernape
|
|-heal|p1a: Blue in Green|87\/404|[from] item: Leftovers
|
|switch|p2a: Roserade|Roserade, F|103\/261
|turn|11
|
|move|p2a: Roserade|Spikes|p1a: Blue in Green
|-sidestart|p1: oh no oh no|Spikes
|move|p1a: Blue in Green|Scald|p2a: Roserade
|-resisted|p2a: Roserade
|-damage|p2a: Roserade|64\/261
|-status|p2a: Roserade|brn
|
|-heal|p2a: Roserade|80\/261 brn|[from] item: Black Sludge
|-heal|p1a: Blue in Green|112\/404|[from] item: Leftovers
|-damage|p2a: Roserade|48\/261 brn|[from] brn
|-end|p1a: Blue in Green|move: Taunt
|turn|12
|
|move|p2a: Roserade|Giga Drain|p1a: Blue in Green
|-supereffective|p1a: Blue in Green
|-damage|p1a: Blue in Green|0 fnt
|-heal|p2a: Roserade|104\/261 brn|[from] drain|[of] p1a: Blue in Green
|faint|p1a: Blue in Green
|
|-heal|p2a: Roserade|120\/261 brn|[from] item: Black Sludge
|-damage|p2a: Roserade|88\/261 brn|[from] brn
|
|switch|p1a: My Foolish Heart|Blissey, F|657\/657
|-damage|p1a: My Foolish Heart|548\/657|[from] Spikes
|-damage|p1a: My Foolish Heart|466\/657|[from] Stealth Rock
|turn|13
|
|switch|p2a: Krookodile|Krookodile, M|331\/331
|-ability|p2a: Krookodile|Intimidate|[of] p1a: My Foolish Heart
|-unboost|p1a: My Foolish Heart|atk|1
|move|p1a: My Foolish Heart|Seismic Toss|p2a: Krookodile
|-damage|p2a: Krookodile|231\/331
|
|-heal|p1a: My Foolish Heart|507\/657|[from] item: Leftovers
|turn|14
|
|move|p1a: My Foolish Heart|Protect|p1a: My Foolish Heart
|-singleturn|p1a: My Foolish Heart|Protect
|move|p2a: Krookodile|Knock Off|p1a: My Foolish Heart
|-activate|p1a: My Foolish Heart|Protect
|
|-heal|p1a: My Foolish Heart|548\/657|[from] item: Leftovers
|turn|15
|
|switch|p1a: Nardis|Weezing, M|333\/333
|-damage|p1a: Nardis|292\/333|[from] Stealth Rock
|move|p2a: Krookodile|Knock Off|p1a: Nardis
|-damage|p1a: Nardis|165\/333
|-enditem|p1a: Nardis|Black Sludge|[from] move: Knock Off|[of] p2a: Krookodile
|
|turn|16
|
|switch|p2a: Ampharos|Ampharos, M|371\/371
|move|p1a: Nardis|Will-O-Wisp|p2a: Ampharos
|-status|p2a: Ampharos|brn
|
|-damage|p2a: Ampharos|325\/371 brn|[from] brn
|turn|17
|
|detailschange|p2a: Ampharos|Ampharos-Mega, M
|-mega|p2a: Ampharos|Ampharos|Ampharosite
|-ability|p2a: Ampharos|Mold Breaker
|move|p2a: Ampharos|Volt Switch|p1a: Nardis
|-damage|p1a: Nardis|0 fnt
|faint|p1a: Nardis
|
|switch|p2a: Roserade|Roserade, F|88\/261
|
|-heal|p2a: Roserade|104\/261|[from] item: Black Sludge
|
|switch|p1a: Bitches Brew|Spiritomb, M|304\/304
|-damage|p1a: Bitches Brew|266\/304|[from] Stealth Rock
|-damage|p1a: Bitches Brew|216\/304|[from] Spikes
|turn|18
|
|move|p2a: Roserade|Spikes|p1a: Bitches Brew
|-sidestart|p1: oh no oh no|Spikes
|move|p1a: Bitches Brew|Foul Play|p2a: Roserade
|-damage|p2a: Roserade|5\/261
|
|-heal|p2a: Roserade|21\/261|[from] item: Black Sludge
|-heal|p1a: Bitches Brew|235\/304|[from] item: Leftovers
|turn|19
|
|move|p2a: Roserade|Sludge Bomb|p1a: Bitches Brew
|-resisted|p1a: Bitches Brew
|-damage|p1a: Bitches Brew|180\/304
|-status|p1a: Bitches Brew|psn
|move|p1a: Bitches Brew|Will-O-Wisp|p2a: Roserade
|-status|p2a: Roserade|brn
|
|-heal|p2a: Roserade|37\/261 brn|[from] item: Black Sludge
|-heal|p1a: Bitches Brew|199\/304 psn|[from] item: Leftovers
|-damage|p2a: Roserade|5\/261 brn|[from] brn
|-damage|p1a: Bitches Brew|161\/304 psn|[from] psn
|turn|20
|
|move|p2a: Roserade|Giga Drain|p1a: Bitches Brew
|-damage|p1a: Bitches Brew|79\/304 psn
|-heal|p2a: Roserade|46\/261 brn|[from] drain|[of] p1a: Bitches Brew
|move|p1a: Bitches Brew|Rest|p1a: Bitches Brew
|-status|p1a: Bitches Brew|slp
|-heal|p1a: Bitches Brew|304\/304 slp|[silent]
|-status|p1a: Bitches Brew|slp|[from] move: Rest
|
|-heal|p2a: Roserade|62\/261 brn|[from] item: Black Sludge
|-damage|p2a: Roserade|30\/261 brn|[from] brn
|turn|21
|
|switch|p2a: Ampharos|Ampharos-Mega, M|325\/371 brn
|-ability|p2a: Ampharos|Mold Breaker
|cant|p1a: Bitches Brew|slp
|move|p1a: Bitches Brew|Sleep Talk|p1a: Bitches Brew
|move|p1a: Bitches Brew|Rest|p1a: Bitches Brew|[from]Sleep Talk
|-fail|p1a: Bitches Brew
|
|-damage|p2a: Ampharos|279\/371 brn|[from] brn
|turn|22
|
|move|p2a: Ampharos|Thunderbolt|p1a: Bitches Brew
|-damage|p1a: Bitches Brew|151\/304 slp
|cant|p1a: Bitches Brew|slp
|move|p1a: Bitches Brew|Sleep Talk|p1a: Bitches Brew
|move|p1a: Bitches Brew|Will-O-Wisp|p2a: Ampharos|[from]Sleep Talk
|-fail|p2a: Ampharos|brn
|
|-heal|p1a: Bitches Brew|170\/304 slp|[from] item: Leftovers
|-damage|p2a: Ampharos|233\/371 brn|[from] brn
|turn|23
|
|move|p2a: Ampharos|Thunderbolt|p1a: Bitches Brew
|-damage|p1a: Bitches Brew|26\/304 slp
|-curestatus|p1a: Bitches Brew|slp
|move|p1a: Bitches Brew|Rest|p1a: Bitches Brew
|-status|p1a: Bitches Brew|slp
|-heal|p1a: Bitches Brew|304\/304 slp|[silent]
|-status|p1a: Bitches Brew|slp|[from] move: Rest
|
|-damage|p2a: Ampharos|187\/371 brn|[from] brn
|turn|24
|
|move|p2a: Ampharos|Thunderbolt|p1a: Bitches Brew
|-damage|p1a: Bitches Brew|165\/304 slp
|cant|p1a: Bitches Brew|slp
|move|p1a: Bitches Brew|Sleep Talk|p1a: Bitches Brew
|move|p1a: Bitches Brew|Foul Play|p2a: Ampharos|[from]Sleep Talk
|-damage|p2a: Ampharos|100\/371 brn
|
|-heal|p1a: Bitches Brew|184\/304 slp|[from] item: Leftovers
|-damage|p2a: Ampharos|54\/371 brn|[from] brn
|turn|25
|
|move|p2a: Ampharos|Dragon Pulse|p1a: Bitches Brew
|-damage|p1a: Bitches Brew|42\/304 slp
|cant|p1a: Bitches Brew|slp
|move|p1a: Bitches Brew|Sleep Talk|p1a: Bitches Brew
|move|p1a: Bitches Brew|Rest|p1a: Bitches Brew|[from]Sleep Talk
|-fail|p1a: Bitches Brew
|
|-heal|p1a: Bitches Brew|61\/304 slp|[from] item: Leftovers
|-damage|p2a: Ampharos|8\/371 brn|[from] brn
|turn|26
|
|switch|p1a: My Foolish Heart|Blissey, F|548\/657
|-damage|p1a: My Foolish Heart|466\/657|[from] Stealth Rock
|-damage|p1a: My Foolish Heart|302\/657|[from] Spikes
|move|p2a: Ampharos|Volt Switch|p1a: My Foolish Heart
|-damage|p1a: My Foolish Heart|202\/657
|
|switch|p2a: Krookodile|Krookodile, M|231\/331
|-ability|p2a: Krookodile|Intimidate|[of] p1a: My Foolish Heart
|-unboost|p1a: My Foolish Heart|atk|1
|
|-heal|p1a: My Foolish Heart|243\/657|[from] item: Leftovers
|turn|27
|
|move|p1a: My Foolish Heart|Protect|p1a: My Foolish Heart
|-singleturn|p1a: My Foolish Heart|Protect
|move|p2a: Krookodile|Knock Off|p1a: My Foolish Heart
|-activate|p1a: My Foolish Heart|Protect
|
|-heal|p1a: My Foolish Heart|284\/657|[from] item: Leftovers
|turn|28
|c|★arnyyr|gg staller
|c|★arnyyr|u got owned
|
|switch|p1a: Bitches Brew|Spiritomb, M|61\/304 slp
|-damage|p1a: Bitches Brew|23\/304 slp|[from] Stealth Rock
|-damage|p1a: Bitches Brew|0 fnt|[from] Spikes
|faint|p1a: Bitches Brew
|move|p2a: Krookodile|Knock Off|p1: Bitches Brew|[notarget]
|-notarget
|
|-message|oh no oh no forfeited.
|
|win|arnyyr
|raw|Ladder updating...
|leave|oh no oh no
|player|p1
|raw|oh no oh no's rating: 1759 &rarr; <strong>1725<\/strong><br \/>(-34 for losing)
|raw|arnyyr's rating: 1467 &rarr; <strong>1501<\/strong><br \/>(+34 for winning)