|join|oh no oh no
|join|King UU
|player|p1|oh no oh no|157
|player|p2|King UU|22
|gametype|singles
|gen|6
|tier|UU
|rated
|rule|Sleep Clause Mod: Limit one foe put to sleep
|rule|Species Clause: Limit one of each Pokémon
|rule|OHKO Clause: OHKO moves are banned
|rule|Moody Clause: Moody is banned
|rule|Evasion Moves Clause: Evasion moves are banned
|rule|Endless Battle Clause: Forcing endless battles is banned
|rule|HP Percentage Mod: HP is shown in percentages
|clearpoke
|poke|p1|Weezing, M
|poke|p1|Forretress, F
|poke|p1|Suicune
|poke|p1|Celebi
|poke|p1|Blissey, F
|poke|p1|Spiritomb, F
|poke|p2|Aerodactyl, M
|poke|p2|Swampert, F
|poke|p2|Hydreigon, F
|poke|p2|Florges, F
|poke|p2|Forretress, F
|poke|p2|Toxicroak, M
|rule|Swagger Clause: Swagger is banned
|rule|Baton Pass Clause: Limit one Pokémon knowing Baton Pass
|teampreview
|
|start
|switch|p1a: Body and Soul|Forretress, F|354\/354
|switch|p2a: Hydreigon|Hydreigon, F|325\/325
|turn|1
|
|switch|p1a: Bitches Brew|Spiritomb, F|304\/304
|move|p2a: Hydreigon|Dark Pulse|p1a: Bitches Brew
|-damage|p1a: Bitches Brew|186\/304
|-damage|p2a: Hydreigon|293\/325|[from] item: Life Orb
|
|-heal|p1a: Bitches Brew|205\/304|[from] item: Leftovers
|turn|2
|
|move|p2a: Hydreigon|U-turn|p1a: Bitches Brew
|-damage|p1a: Bitches Brew|144\/304
|-damage|p2a: Hydreigon|261\/325|[from] item: Life Orb
|
|switch|p2a: Forretress|Forretress, F|354\/354
|move|p1a: Bitches Brew|Will-O-Wisp|p2a: Forretress
|-status|p2a: Forretress|brn
|
|-heal|p1a: Bitches Brew|163\/304|[from] item: Leftovers
|-damage|p2a: Forretress|310\/354 brn|[from] brn
|turn|3
|
|switch|p1a: Body and Soul|Forretress, F|354\/354
|move|p2a: Forretress|Volt Switch|p1a: Body and Soul
|-damage|p1a: Body and Soul|303\/354
|
|switch|p2a: Hydreigon|Hydreigon, F|261\/325
|
|-heal|p1a: Body and Soul|325\/354|[from] item: Leftovers
|turn|4
|
|switch|p1a: My Foolish Heart|Blissey, F|657\/657
|move|p2a: Hydreigon|Dark Pulse|p1a: My Foolish Heart
|-damage|p1a: My Foolish Heart|540\/657
|-damage|p2a: Hydreigon|229\/325|[from] item: Life Orb
|
|-heal|p1a: My Foolish Heart|581\/657|[from] item: Leftovers
|turn|5
|
|move|p1a: My Foolish Heart|Protect|p1a: My Foolish Heart
|-singleturn|p1a: My Foolish Heart|Protect
|move|p2a: Hydreigon|U-turn|p1a: My Foolish Heart
|-activate|p1a: My Foolish Heart|Protect
|
|-heal|p1a: My Foolish Heart|622\/657|[from] item: Leftovers
|turn|6
|
|move|p2a: Hydreigon|U-turn|p1a: My Foolish Heart
|-damage|p1a: My Foolish Heart|501\/657
|-damage|p2a: Hydreigon|197\/325|[from] item: Life Orb
|
|switch|p2a: Toxicroak|Toxicroak, M|307\/307
|move|p1a: My Foolish Heart|Wish|p1a: My Foolish Heart
|
|-heal|p1a: My Foolish Heart|542\/657|[from] item: Leftovers
|turn|7
|
|switch|p1a: Bitches Brew|Spiritomb, F|163\/304
|move|p2a: Toxicroak|Swords Dance|p2a: Toxicroak
|-boost|p2a: Toxicroak|atk|2
|
|-heal|p1a: Bitches Brew|304\/304|[from] move: Wish|[wisher] My Foolish Heart
|turn|8
|
|move|p2a: Toxicroak|Gunk Shot|p1a: Bitches Brew
|-resisted|p1a: Bitches Brew
|-damage|p1a: Bitches Brew|95\/304
|-damage|p2a: Toxicroak|277\/307|[from] item: Life Orb
|move|p1a: Bitches Brew|Foul Play|p2a: Toxicroak
|-resisted|p2a: Toxicroak
|-damage|p2a: Toxicroak|84\/307
|
|-heal|p1a: Bitches Brew|114\/304|[from] item: Leftovers
|turn|9
|
|switch|p1a: Nardis|Weezing, M|333\/333
|move|p2a: Toxicroak|Gunk Shot|p1a: Nardis|[miss]
|-miss|p2a: Toxicroak|p1a: Nardis
|
|turn|10
|
|move|p2a: Toxicroak|Drain Punch|p1a: Nardis
|-resisted|p1a: Nardis
|-damage|p1a: Nardis|243\/333
|-heal|p2a: Toxicroak|129\/307|[from] drain|[of] p1a: Nardis
|-damage|p2a: Toxicroak|99\/307|[from] item: Life Orb
|move|p1a: Nardis|Will-O-Wisp|p2a: Toxicroak|[miss]
|-miss|p1a: Nardis|p2a: Toxicroak
|
|-heal|p1a: Nardis|263\/333|[from] item: Black Sludge
|turn|11
|
|move|p2a: Toxicroak|Gunk Shot|p1a: Nardis
|-resisted|p1a: Nardis
|-damage|p1a: Nardis|110\/333
|-damage|p2a: Toxicroak|69\/307|[from] item: Life Orb
|move|p1a: Nardis|Fire Blast|p2a: Toxicroak
|-damage|p2a: Toxicroak|0 fnt
|faint|p2a: Toxicroak
|
|-heal|p1a: Nardis|130\/333|[from] item: Black Sludge
|
|switch|p2a: Swampert|Swampert, F|404\/404
|turn|12
|
|switch|p1a: Lush Life|Celebi|403\/403
|move|p2a: Swampert|Stealth Rock|p1a: Lush Life
|-sidestart|p1: oh no oh no|move: Stealth Rock
|
|turn|13
|
|switch|p2a: Aerodactyl|Aerodactyl, M|301\/301
|-ability|p2a: Aerodactyl|Pressure
|move|p1a: Lush Life|Stealth Rock|p2a: Aerodactyl
|-sidestart|p2: King UU|move: Stealth Rock
|
|turn|14
|
|detailschange|p2a: Aerodactyl|Aerodactyl-Mega, M
|-mega|p2a: Aerodactyl|Aerodactyl|Aerodactylite
|move|p2a: Aerodactyl|Pursuit|p1a: Lush Life|[from]Pursuit
|-supereffective|p1a: Lush Life
|-damage|p1a: Lush Life|155\/403
|switch|p1a: Blue in Green|Suicune|404\/404
|-damage|p1a: Blue in Green|354\/404|[from] Stealth Rock
|-ability|p1a: Blue in Green|Pressure
|
|-heal|p1a: Blue in Green|379\/404|[from] item: Leftovers
|turn|15
|
|move|p2a: Aerodactyl|Hone Claws|p2a: Aerodactyl
|-boost|p2a: Aerodactyl|atk|1
|-boost|p2a: Aerodactyl|accuracy|1
|move|p1a: Blue in Green|Scald|p2a: Aerodactyl
|-supereffective|p2a: Aerodactyl
|-damage|p2a: Aerodactyl|119\/301
|
|-heal|p1a: Blue in Green|404\/404|[from] item: Leftovers
|turn|16
|
|move|p2a: Aerodactyl|Stone Edge|p1a: Blue in Green
|-damage|p1a: Blue in Green|209\/404
|move|p1a: Blue in Green|Scald|p2a: Aerodactyl
|-supereffective|p2a: Aerodactyl
|-damage|p2a: Aerodactyl|0 fnt
|faint|p2a: Aerodactyl
|
|-heal|p1a: Blue in Green|234\/404|[from] item: Leftovers
|
|switch|p2a: Forretress|Forretress, F|310\/354 brn
|-damage|p2a: Forretress|266\/354 brn|[from] Stealth Rock
|turn|17
|
|switch|p1a: Body and Soul|Forretress, F|325\/354
|-damage|p1a: Body and Soul|281\/354|[from] Stealth Rock
|move|p2a: Forretress|Rapid Spin|p1a: Body and Soul
|-resisted|p1a: Body and Soul
|-damage|p1a: Body and Soul|279\/354
|-sideend|p2: King UU|Stealth Rock|[from] move: Rapid Spin|[of] p2a: Forretress
|
|-heal|p2a: Forretress|288\/354 brn|[from] item: Leftovers
|-heal|p1a: Body and Soul|301\/354|[from] item: Leftovers
|-damage|p2a: Forretress|244\/354 brn|[from] brn
|turn|18
|
|move|p2a: Forretress|Volt Switch|p1a: Body and Soul
|-damage|p1a: Body and Soul|250\/354
|
|switch|p2a: Swampert|Swampert, F|404\/404
|move|p1a: Body and Soul|Rapid Spin|p2a: Swampert
|-damage|p2a: Swampert|391\/404
|-sideend|p1: oh no oh no|Stealth Rock|[from] move: Rapid Spin|[of] p1a: Body and Soul
|
|-heal|p2a: Swampert|404\/404|[from] item: Leftovers
|-heal|p1a: Body and Soul|272\/354|[from] item: Leftovers
|turn|19
|
|switch|p1a: Lush Life|Celebi|155\/403
|move|p2a: Swampert|Scald|p1a: Lush Life
|-resisted|p1a: Lush Life
|-damage|p1a: Lush Life|124\/403
|
|-heal|p1a: Lush Life|149\/403|[from] item: Leftovers
|turn|20
|
|move|p1a: Lush Life|Recover|p1a: Lush Life
|-heal|p1a: Lush Life|351\/403
|move|p2a: Swampert|Stealth Rock|p1a: Lush Life
|-sidestart|p1: oh no oh no|move: Stealth Rock
|
|-heal|p1a: Lush Life|376\/403|[from] item: Leftovers
|turn|21
|
|switch|p2a: Hydreigon|Hydreigon, F|197\/325
|move|p1a: Lush Life|Stealth Rock|p2a: Hydreigon
|-sidestart|p2: King UU|move: Stealth Rock
|
|-heal|p1a: Lush Life|401\/403|[from] item: Leftovers
|turn|22
|
|switch|p1a: My Foolish Heart|Blissey, F|542\/657
|-damage|p1a: My Foolish Heart|460\/657|[from] Stealth Rock
|move|p2a: Hydreigon|Dark Pulse|p1a: My Foolish Heart
|-damage|p1a: My Foolish Heart|351\/657
|-damage|p2a: Hydreigon|165\/325|[from] item: Life Orb
|
|-heal|p1a: My Foolish Heart|392\/657|[from] item: Leftovers
|turn|23
|
|move|p2a: Hydreigon|Roost|p2a: Hydreigon
|-heal|p2a: Hydreigon|325\/325
|move|p1a: My Foolish Heart|Wish|p1a: My Foolish Heart
|
|-heal|p1a: My Foolish Heart|433\/657|[from] item: Leftovers
|turn|24
|
|move|p2a: Hydreigon|U-turn|p1a: My Foolish Heart
|-damage|p1a: My Foolish Heart|304\/657
|-damage|p2a: Hydreigon|293\/325|[from] item: Life Orb
|
|switch|p2a: Swampert|Swampert, F|404\/404
|-damage|p2a: Swampert|379\/404|[from] Stealth Rock
|move|p1a: My Foolish Heart|Seismic Toss|p2a: Swampert
|-damage|p2a: Swampert|279\/404
|
|-heal|p1a: My Foolish Heart|632\/657|[from] move: Wish|[wisher] My Foolish Heart
|-heal|p1a: My Foolish Heart|657\/657|[from] item: Leftovers
|-heal|p2a: Swampert|304\/404|[from] item: Leftovers
|turn|25
|
|move|p1a: My Foolish Heart|Toxic|p2a: Swampert
|-status|p2a: Swampert|tox
|move|p2a: Swampert|Earthquake|p1a: My Foolish Heart
|-damage|p1a: My Foolish Heart|422\/657
|
|-heal|p1a: My Foolish Heart|463\/657|[from] item: Leftovers
|-heal|p2a: Swampert|329\/404 tox|[from] item: Leftovers
|-damage|p2a: Swampert|304\/404 tox|[from] psn
|turn|26
|
|move|p1a: My Foolish Heart|Wish|p1a: My Foolish Heart
|move|p2a: Swampert|Earthquake|p1a: My Foolish Heart
|-damage|p1a: My Foolish Heart|225\/657
|
|-heal|p1a: My Foolish Heart|266\/657|[from] item: Leftovers
|-heal|p2a: Swampert|329\/404 tox|[from] item: Leftovers
|-damage|p2a: Swampert|279\/404 tox|[from] psn
|turn|27
|
|move|p1a: My Foolish Heart|Seismic Toss|p2a: Swampert
|-damage|p2a: Swampert|179\/404 tox
|move|p2a: Swampert|Roar|p1a: My Foolish Heart
|drag|p1a: Body and Soul|Forretress, F|272\/354
|-damage|p1a: Body and Soul|228\/354|[from] Stealth Rock
|
|-heal|p1a: Body and Soul|354\/354|[from] move: Wish|[wisher] My Foolish Heart
|-heal|p2a: Swampert|204\/404 tox|[from] item: Leftovers
|-damage|p2a: Swampert|129\/404 tox|[from] psn
|turn|28
|
|switch|p2a: Hydreigon|Hydreigon, F|293\/325
|-damage|p2a: Hydreigon|253\/325|[from] Stealth Rock
|move|p1a: Body and Soul|Rapid Spin|p2a: Hydreigon
|-damage|p2a: Hydreigon|238\/325
|-sideend|p1: oh no oh no|Stealth Rock|[from] move: Rapid Spin|[of] p1a: Body and Soul
|
|turn|29
|
|switch|p1a: My Foolish Heart|Blissey, F|266\/657
|move|p2a: Hydreigon|Dark Pulse|p1a: My Foolish Heart
|-crit|p1a: My Foolish Heart
|-damage|p1a: My Foolish Heart|102\/657
|-damage|p2a: Hydreigon|206\/325|[from] item: Life Orb
|
|-heal|p1a: My Foolish Heart|143\/657|[from] item: Leftovers
|turn|30
|
|move|p1a: My Foolish Heart|Protect|p1a: My Foolish Heart
|-singleturn|p1a: My Foolish Heart|Protect
|move|p2a: Hydreigon|Draco Meteor|p1a: My Foolish Heart
|-activate|p1a: My Foolish Heart|Protect
|
|-heal|p1a: My Foolish Heart|184\/657|[from] item: Leftovers
|turn|31
|
|switch|p1a: Lush Life|Celebi|401\/403
|move|p2a: Hydreigon|Dark Pulse|p1a: Lush Life
|-supereffective|p1a: Lush Life
|-damage|p1a: Lush Life|120\/403
|-damage|p2a: Hydreigon|174\/325|[from] item: Life Orb
|
|-heal|p1a: Lush Life|145\/403|[from] item: Leftovers
|turn|32
|
|switch|p1a: Nardis|Weezing, M|130\/333
|move|p2a: Hydreigon|Dark Pulse|p1a: Nardis
|-damage|p1a: Nardis|0 fnt
|-damage|p2a: Hydreigon|142\/325|[from] item: Life Orb
|faint|p1a: Nardis
|
|
|switch|p1a: My Foolish Heart|Blissey, F|184\/657
|turn|33
|
|move|p1a: My Foolish Heart|Protect|p1a: My Foolish Heart
|-singleturn|p1a: My Foolish Heart|Protect
|move|p2a: Hydreigon|Draco Meteor|p1a: My Foolish Heart
|-activate|p1a: My Foolish Heart|Protect
|
|-heal|p1a: My Foolish Heart|225\/657|[from] item: Leftovers
|turn|34
|
|move|p2a: Hydreigon|Draco Meteor|p1a: My Foolish Heart
|-damage|p1a: My Foolish Heart|46\/657
|-unboost|p2a: Hydreigon|spa|2
|-damage|p2a: Hydreigon|110\/325|[from] item: Life Orb
|move|p1a: My Foolish Heart|Wish|p1a: My Foolish Heart
|
|-heal|p1a: My Foolish Heart|87\/657|[from] item: Leftovers
|turn|35
|
|move|p1a: My Foolish Heart|Protect|p1a: My Foolish Heart
|-singleturn|p1a: My Foolish Heart|Protect
|move|p2a: Hydreigon|Roost|p2a: Hydreigon
|-heal|p2a: Hydreigon|273\/325
|
|-heal|p1a: My Foolish Heart|415\/657|[from] move: Wish|[wisher] My Foolish Heart
|-heal|p1a: My Foolish Heart|456\/657|[from] item: Leftovers
|turn|36
|
|move|p2a: Hydreigon|U-turn|p1a: My Foolish Heart
|-damage|p1a: My Foolish Heart|331\/657
|-damage|p2a: Hydreigon|241\/325|[from] item: Life Orb
|
|switch|p2a: Forretress|Forretress, F|244\/354 brn
|-damage|p2a: Forretress|200\/354 brn|[from] Stealth Rock
|move|p1a: My Foolish Heart|Wish|p1a: My Foolish Heart
|
|-heal|p1a: My Foolish Heart|372\/657|[from] item: Leftovers
|-heal|p2a: Forretress|222\/354 brn|[from] item: Leftovers
|-damage|p2a: Forretress|178\/354 brn|[from] brn
|turn|37
|
|move|p1a: My Foolish Heart|Seismic Toss|p2a: Forretress
|-damage|p2a: Forretress|78\/354 brn
|move|p2a: Forretress|Rapid Spin|p1a: My Foolish Heart
|-damage|p1a: My Foolish Heart|359\/657
|-sideend|p2: King UU|Stealth Rock|[from] move: Rapid Spin|[of] p2a: Forretress
|
|-heal|p1a: My Foolish Heart|657\/657|[from] move: Wish|[wisher] My Foolish Heart
|-heal|p2a: Forretress|100\/354 brn|[from] item: Leftovers
|-damage|p2a: Forretress|56\/354 brn|[from] brn
|turn|38
|
|switch|p2a: Hydreigon|Hydreigon, F|241\/325
|move|p1a: My Foolish Heart|Seismic Toss|p2a: Hydreigon
|-damage|p2a: Hydreigon|141\/325
|
|turn|39
|
|move|p2a: Hydreigon|Roost|p2a: Hydreigon
|-heal|p2a: Hydreigon|304\/325
|move|p1a: My Foolish Heart|Seismic Toss|p2a: Hydreigon
|-damage|p2a: Hydreigon|204\/325
|
|turn|40
|
|move|p2a: Hydreigon|U-turn|p1a: My Foolish Heart
|-damage|p1a: My Foolish Heart|545\/657
|-damage|p2a: Hydreigon|172\/325|[from] item: Life Orb
|
|switch|p2a: Florges|Florges, F|360\/360
|move|p1a: My Foolish Heart|Toxic|p2a: Florges
|-status|p2a: Florges|tox
|
|-heal|p1a: My Foolish Heart|586\/657|[from] item: Leftovers
|-damage|p2a: Florges|338\/360 tox|[from] psn
|turn|41
|
|switch|p1a: Lush Life|Celebi|145\/403
|move|p2a: Florges|Aromatherapy|p2a: Florges
|-cureteam|p2a: Florges|[from] move: Aromatherapy
|
|-heal|p1a: Lush Life|170\/403|[from] item: Leftovers
|-heal|p2a: Florges|360\/360|[from] item: Leftovers
|turn|42
|
|move|p1a: Lush Life|Stealth Rock|p2a: Florges
|-sidestart|p2: King UU|move: Stealth Rock
|move|p2a: Florges|Wish|p2a: Florges
|
|-heal|p1a: Lush Life|195\/403|[from] item: Leftovers
|turn|43
|
|switch|p2a: Swampert|Swampert, F|129\/404
|-damage|p2a: Swampert|104\/404|[from] Stealth Rock
|move|p1a: Lush Life|Psychic|p2a: Swampert
|-damage|p2a: Swampert|0 fnt
|faint|p2a: Swampert
|
|-heal|p1a: Lush Life|220\/403|[from] item: Leftovers
|c|★King UU|gg
|c|★oh no oh no|gg
|-message|King UU forfeited.
|leave|King UU
|
|win|oh no oh no
|raw|Ladder updating...
|player|p2
|raw|oh no oh no's rating: 1636 &rarr; <strong>1654<\/strong><br \/>(+18 for winning)
|raw|King UU's rating: 1602 &rarr; <strong>1584<\/strong><br \/>(-18 for losing)