|join|U mum fgt
|join|Plozimo
|player|p1|U mum fgt|130
|player|p2|Plozimo|1
|gametype|singles
|gen|6
|tier|UU
|rated
|rule|Sleep Clause Mod: Limit one foe put to sleep
|rule|Species Clause: Limit one of each Pokémon
|rule|OHKO Clause: OHKO moves are banned
|rule|Moody Clause: Moody is banned
|rule|Evasion Moves Clause: Evasion moves are banned
|rule|Endless Battle Clause: Forcing endless battles is banned
|rule|HP Percentage Mod: HP is shown in percentages
|clearpoke
|poke|p1|Beedrill, M
|poke|p1|Chesnaught, M
|poke|p1|Aerodactyl, M
|poke|p1|Starmie
|poke|p1|Doublade, F
|poke|p1|Yanmega, M
|poke|p2|Slurpuff, M
|poke|p2|Magneton
|poke|p2|Alakazam, F
|poke|p2|Donphan, F
|poke|p2|Crobat, F
|poke|p2|Vaporeon, M
|rule|Swagger Clause: Swagger is banned
|rule|Baton Pass Clause: Limit one Pokémon knowing Baton Pass
|teampreview
|
|start
|switch|p1a: Aerodactyl|Aerodactyl, M|301\/301
|switch|p2a: Alakazam|Alakazam, F|251\/251
|-ability|p1a: Aerodactyl|Unnerve|p2: Plozimo
|turn|1
|
|move|p1a: Aerodactyl|Stone Edge|p2a: Alakazam
|-enditem|p2a: Alakazam|Focus Sash
|-damage|p2a: Alakazam|1\/251
|move|p2a: Alakazam|Psyshock|p1a: Aerodactyl
|-damage|p1a: Aerodactyl|108\/301
|
|turn|2
|
|switch|p2a: Donphan|Donphan, F|384\/384
|move|p1a: Aerodactyl|Toxic|p2a: Donphan
|-status|p2a: Donphan|tox
|
|-damage|p2a: Donphan|360\/384 tox|[from] psn
|turn|3
|
|switch|p1a: Starmie|Starmie|324\/324
|move|p2a: Donphan|Stealth Rock|p1a: Starmie
|-sidestart|p1: U mum fgt|move: Stealth Rock
|
|-heal|p2a: Donphan|384\/384 tox|[from] item: Leftovers
|-damage|p2a: Donphan|336\/384 tox|[from] psn
|turn|4
|
|switch|p2a: Magneton|Magneton|241\/241
|move|p1a: Starmie|Rapid Spin|p2a: Magneton
|-resisted|p2a: Magneton
|-damage|p2a: Magneton|235\/241
|-sideend|p1: U mum fgt|Stealth Rock|[from] move: Rapid Spin|[of] p1a: Starmie
|
|turn|5
|
|move|p1a: Starmie|Reflect Type|p2a: Magneton
|-start|p1a: Starmie|typechange|[from] move: Reflect Type|[of] p2a: Magneton
|move|p2a: Magneton|Thunderbolt|p1a: Starmie
|-resisted|p1a: Starmie
|-damage|p1a: Starmie|188\/324
|
|-heal|p1a: Starmie|208\/324|[from] item: Leftovers
|turn|6
|
|move|p1a: Starmie|Scald|p2a: Magneton
|-crit|p2a: Magneton
|-damage|p2a: Magneton|116\/241
|-status|p2a: Magneton|brn
|move|p2a: Magneton|Thunderbolt|p1a: Starmie
|-resisted|p1a: Starmie
|-damage|p1a: Starmie|85\/324
|
|-heal|p1a: Starmie|105\/324|[from] item: Leftovers
|-damage|p2a: Magneton|86\/241 brn|[from] brn
|turn|7
|
|switch|p2a: Alakazam|Alakazam, F|1\/251
|move|p1a: Starmie|Recover|p1a: Starmie
|-heal|p1a: Starmie|267\/324
|
|-heal|p1a: Starmie|287\/324|[from] item: Leftovers
|turn|8
|
|switch|p1a: Yanmega|Yanmega, M|313\/313
|move|p2a: Alakazam|Focus Blast|p1a: Yanmega|[miss]
|-miss|p2a: Alakazam|p1a: Yanmega
|
|turn|9
|
|move|p1a: Yanmega|Protect|p1a: Yanmega
|-singleturn|p1a: Yanmega|Protect
|move|p2a: Alakazam|Psyshock|p1a: Yanmega
|-activate|p1a: Yanmega|Protect
|
|-boost|p1a: Yanmega|spe|1|[from] ability: Speed Boost
|turn|10
|-message|Plozimo forfeited.
|
|win|U mum fgt
|raw|Ladder updating...
|raw|U mum fgt's rating: 1241 &rarr; <strong>1260<\/strong><br \/>(+19 for winning)
|raw|Plozimo's rating: 1158 &rarr; <strong>1139<\/strong><br \/>(-19 for losing)