|join|hifriends
|join|arnelo2012
|player|p1|hifriends|130
|player|p2|arnelo2012|43
|gametype|singles
|gen|6
|tier|OU
|rated
|clearpoke
|poke|p1|Talonflame, F
|poke|p1|Greninja, M
|poke|p1|Latias, F
|poke|p1|Heracross, M
|poke|p1|Landorus-Therian, M
|poke|p1|Bisharp, M
|poke|p2|Ferrothorn, F, shiny
|poke|p2|Gyarados, F, shiny
|poke|p2|Excadrill, F, shiny
|poke|p2|Thundurus, M, shiny
|poke|p2|Gengar, M, shiny
|poke|p2|Talonflame, F, shiny
|rule|Swagger Clause: Swagger is banned
|rule|Baton Pass Clause: Limit one Pokémon knowing Baton Pass
|rule|Sleep Clause Mod: Limit one foe put to sleep
|rule|Species Clause: Limit one of each Pokémon
|rule|OHKO Clause: OHKO moves are banned
|rule|Moody Clause: Moody is banned
|rule|Evasion Moves Clause: Evasion moves are banned
|rule|Endless Battle Clause: Forcing endless battles is banned
|rule|HP Percentage Mod: HP is reported as percentages
|teampreview
|
|start
|switch|p1a: Latias|Latias, F|301\/301
|switch|p2a: Zapdos v2.0|Thundurus, M, shiny|299\/299
|turn|1
|
|switch|p1a: Heracross|Heracross, M|311\/311
|move|p2a: Zapdos v2.0|Hidden Power|p1a: Heracross
|-damage|p1a: Heracross|240\/311
|
|turn|2
|
|detailschange|p1a: Heracross|Heracross-Mega, M
|message|Heracross has Mega Evolved into Mega Heracross!
|move|p2a: Zapdos v2.0|Thunderbolt|p1a: Heracross
|-damage|p1a: Heracross|99\/311
|move|p1a: Heracross|Rock Blast|p2a: Zapdos v2.0
|-supereffective|p2a: Zapdos v2.0
|-damage|p2a: Zapdos v2.0|187\/299
|-supereffective|p2a: Zapdos v2.0
|-damage|p2a: Zapdos v2.0|75\/299
|-supereffective|p2a: Zapdos v2.0
|-damage|p2a: Zapdos v2.0|0 fnt
|-hitcount|p2a: Zapdos v2.0|3
|faint|p2a: Zapdos v2.0
|
|
|switch|p2a: CatchMeIfYouCan|Talonflame, F, shiny|298\/298
|turn|3
|
|switch|p1a: Landorus-Therian|Landorus-Therian, M|382\/382
|-ability|p1a: Landorus-Therian|Intimidate|[of] p2a: CatchMeIfYouCan
|-unboost|p2a: CatchMeIfYouCan|atk|1
|move|p2a: CatchMeIfYouCan|Brave Bird|p1a: Landorus-Therian
|-damage|p1a: Landorus-Therian|288\/382
|-damage|p2a: CatchMeIfYouCan|267\/298|[from] recoil|[of] p1a: Landorus-Therian
|-damage|p2a: CatchMeIfYouCan|238\/298|[from] item: Life Orb
|
|-heal|p1a: Landorus-Therian|311\/382|[from] item: Leftovers
|turn|4
|
|switch|p2a: Ferrothorn|Ferrothorn, F, shiny|352\/352
|move|p1a: Landorus-Therian|Stealth Rock|p2a: Ferrothorn
|-sidestart|p2: arnelo2012|move: Stealth Rock
|
|-heal|p1a: Landorus-Therian|334\/382|[from] item: Leftovers
|turn|5
|
|switch|p1a: Talonflame|Talonflame, F|297\/297
|move|p2a: Ferrothorn|Stealth Rock|p1a: Talonflame
|-sidestart|p1: hifriends|move: Stealth Rock
|
|turn|6
|
|switch|p2a: Imadragon|Gyarados, F, shiny|331\/331
|-damage|p2a: Imadragon|249\/331|[from] Stealth Rock
|-ability|p2a: Imadragon|Intimidate|[of] p1a: Talonflame
|-unboost|p1a: Talonflame|atk|1
|move|p1a: Talonflame|Swords Dance|p1a: Talonflame
|-boost|p1a: Talonflame|atk|2
|
|turn|7
|
|detailschange|p2a: Imadragon|Gyarados-Mega, F, shiny
|message|Gyarados has Mega Evolved into Mega Gyarados!
|-ability|p2a: Imadragon|Mold Breaker
|move|p1a: Talonflame|Brave Bird|p2a: Imadragon
|-damage|p2a: Imadragon|0 fnt
|-damage|p1a: Talonflame|215\/297|[from] recoil|[of] p2a: Imadragon
|faint|p2a: Imadragon
|
|
|switch|p2a: CatchMeIfYouCan|Talonflame, F, shiny|238\/298
|-damage|p2a: CatchMeIfYouCan|89\/298|[from] Stealth Rock
|turn|8
|
|move|p2a: CatchMeIfYouCan|Brave Bird|p1a: Talonflame
|-damage|p1a: Talonflame|0 fnt
|-damage|p2a: CatchMeIfYouCan|18\/298|[from] recoil|[of] p1a: Talonflame
|-damage|p2a: CatchMeIfYouCan|0 fnt|[from] item: Life Orb
|faint|p1a: Talonflame
|faint|p2a: CatchMeIfYouCan
|
|
|switch|p1a: Greninja|Greninja, M|285\/285
|-damage|p1a: Greninja|250\/285|[from] Stealth Rock
|switch|p2a: Ferrothorn|Ferrothorn, F, shiny|352\/352
|-damage|p2a: Ferrothorn|330\/352|[from] Stealth Rock
|turn|9
|
|switch|p1a: Heracross|Heracross-Mega, M|99\/311
|-damage|p1a: Heracross|61\/311|[from] Stealth Rock
|move|p2a: Ferrothorn|Spikes|p1a: Heracross
|-sidestart|p1: hifriends|Spikes
|
|-heal|p2a: Ferrothorn|352\/352|[from] item: Leftovers
|turn|10
|
|move|p1a: Heracross|Close Combat|p2a: Ferrothorn
|-supereffective|p2a: Ferrothorn
|-damage|p2a: Ferrothorn|4\/352
|-damage|p1a: Heracross|23\/311|[from] ability: Iron Barbs|[of] p2a: Ferrothorn
|-unboost|p1a: Heracross|def|1
|-unboost|p1a: Heracross|spd|1
|move|p2a: Ferrothorn|Spikes|p1a: Heracross
|-sidestart|p1: hifriends|Spikes
|
|-heal|p2a: Ferrothorn|26\/352|[from] item: Leftovers
|turn|11
|
|switch|p2a: Spookymeister|Gengar, M, shiny|262\/262
|-damage|p2a: Spookymeister|230\/262|[from] Stealth Rock
|move|p1a: Heracross|Rock Blast|p2a: Spookymeister
|-damage|p2a: Spookymeister|163\/262
|-damage|p2a: Spookymeister|102\/262
|-damage|p2a: Spookymeister|38\/262
|-damage|p2a: Spookymeister|0 fnt
|-hitcount|p2a: Spookymeister|4
|faint|p2a: Spookymeister
|
|
|switch|p2a: Ferrothorn|Ferrothorn, F, shiny|26\/352
|-damage|p2a: Ferrothorn|4\/352|[from] Stealth Rock
|turn|12
|
|move|p1a: Heracross|Pin Missile|p2a: Ferrothorn
|-damage|p2a: Ferrothorn|0 fnt
|-hitcount|p2a: Ferrothorn|1
|faint|p2a: Ferrothorn
|
|
|switch|p2a: Excadrill|Excadrill, F, shiny|362\/362
|-damage|p2a: Excadrill|351\/362|[from] Stealth Rock
|-ability|p2a: Excadrill|Mold Breaker
|turn|13
|
|move|p2a: Excadrill|Iron Head|p1a: Heracross
|-damage|p1a: Heracross|0 fnt
|faint|p1a: Heracross
|
|
|switch|p1a: Landorus-Therian|Landorus-Therian, M|334\/382
|-damage|p1a: Landorus-Therian|287\/382|[from] Stealth Rock
|-ability|p1a: Landorus-Therian|Intimidate|[of] p2a: Excadrill
|-unboost|p2a: Excadrill|atk|1
|turn|14
|
|move|p2a: Excadrill|Iron Head|p1a: Landorus-Therian
|-damage|p1a: Landorus-Therian|217\/382
|move|p1a: Landorus-Therian|Earthquake|p2a: Excadrill
|-supereffective|p2a: Excadrill
|-damage|p2a: Excadrill|0 fnt
|faint|p2a: Excadrill
|
|win|hifriends
|raw|Ladder updating...
|raw|hifriends's rating: 1573 &rarr; <strong>1593<\/strong><br \/>(+20 for winning)
|raw|arnelo2012's rating: 1574 &rarr; <strong>1554<\/strong><br \/>(-20 for losing)
|leave|arnelo2012
|player|p2