|join|Rockerhmk
|join|taw
|player|p1|Rockerhmk|290
|player|p2|taw|101
|gametype|singles
|gen|6
|tier|OU
|rated
|clearpoke
|poke|p1|Umbreon, M
|poke|p1|Vaporeon, F
|poke|p1|Sylveon, F
|poke|p1|Jolteon, M
|poke|p1|Flareon, M
|poke|p1|Espeon, M
|poke|p2|Rotom-Wash
|poke|p2|Landorus-Therian, M
|poke|p2|Clefable, F
|poke|p2|Talonflame, F
|poke|p2|Lopunny, M
|poke|p2|Starmie
|rule|Swagger Clause: Swagger is banned
|rule|Baton Pass Clause: Limit one Pokémon knowing Baton Pass
|rule|Sleep Clause Mod: Limit one foe put to sleep
|rule|Species Clause: Limit one of each Pokémon
|rule|OHKO Clause: OHKO moves are banned
|rule|Moody Clause: Moody is banned
|rule|Evasion Moves Clause: Evasion moves are banned
|rule|Endless Battle Clause: Forcing endless battles is banned
|rule|HP Percentage Mod: HP is shown in percentages
|teampreview
|c|★taw|lol
|c|★Rockerhmk|:]
|c|★taw|no glacion?
|
|start
|switch|p1a: Aria|Vaporeon, F|464\/464
|switch|p2a: Landorus-Therian|Landorus-Therian, M|382\/382
|-ability|p2a: Landorus-Therian|Intimidate|[of] p1a: Aria
|-unboost|p1a: Aria|atk|1
|turn|1
|c|★taw|it's my favorite
|
|switch|p2a: Rotom-Wash|Rotom-Wash|304\/304
|move|p1a: Aria|Toxic|p2a: Rotom-Wash
|-status|p2a: Rotom-Wash|tox
|
|-damage|p2a: Rotom-Wash|285\/304 tox|[from] psn
|turn|2
|
|move|p2a: Rotom-Wash|Hydro Pump|p1a: Aria
|-immune|p1a: Aria|[msg]
|move|p1a: Aria|Wish|p1a: Aria
|
|-heal|p2a: Rotom-Wash|304\/304 tox|[from] item: Leftovers
|-damage|p2a: Rotom-Wash|266\/304 tox|[from] psn
|turn|3
|
|switch|p1a: Dende|Jolteon, M|271\/271
|move|p2a: Rotom-Wash|Will-O-Wisp|p1a: Dende
|-status|p1a: Dende|brn
|
|-heal|p2a: Rotom-Wash|285\/304 tox|[from] item: Leftovers
|-damage|p1a: Dende|238\/271 brn|[from] brn
|-damage|p2a: Rotom-Wash|228\/304 tox|[from] psn
|turn|4
|
|switch|p2a: Clefable|Clefable, F|394\/394
|move|p1a: Dende|Volt Switch|p2a: Clefable
|-damage|p2a: Clefable|274\/394
|
|switch|p1a: Buster|Flareon, M|333\/333
|
|-heal|p2a: Clefable|298\/394|[from] item: Leftovers
|-status|p1a: Buster|tox|[from] item: Toxic Orb
|turn|5
|
|switch|p2a: Landorus-Therian|Landorus-Therian, M|382\/382
|-ability|p2a: Landorus-Therian|Intimidate|[of] p1a: Buster
|-unboost|p1a: Buster|atk|1
|move|p1a: Buster|Flare Blitz|p2a: Landorus-Therian
|-crit|p2a: Landorus-Therian
|-damage|p2a: Landorus-Therian|0 fnt
|-damage|p1a: Buster|207\/333 tox|[from] recoil|[of] p2a: Landorus-Therian
|faint|p2a: Landorus-Therian
|
|-damage|p1a: Buster|187\/333 tox|[from] psn
|c|★Rockerhmk|srry
|c|★taw|happens
|
|switch|p2a: Lopunny|Lopunny, M|271\/271
|turn|6
|
|switch|p1a: Aria|Vaporeon, F|464\/464
|detailschange|p2a: Lopunny|Lopunny-Mega, M
|-mega|p2a: Lopunny|Lopunny|Lopunnite
|move|p2a: Lopunny|Fake Out|p1a: Aria
|-damage|p1a: Aria|395\/464
|
|-heal|p1a: Aria|424\/464|[from] item: Leftovers
|turn|7
|
|switch|p2a: Clefable|Clefable, F|298\/394
|move|p1a: Aria|Toxic|p2a: Clefable
|-status|p2a: Clefable|tox
|
|-heal|p1a: Aria|453\/464|[from] item: Leftovers
|-heal|p2a: Clefable|322\/394 tox|[from] item: Leftovers
|turn|8
|
|move|p1a: Aria|Wish|p1a: Aria
|move|p2a: Clefable|Calm Mind|p2a: Clefable
|-boost|p2a: Clefable|spa|1
|-boost|p2a: Clefable|spd|1
|
|-heal|p1a: Aria|464\/464|[from] item: Leftovers
|-heal|p2a: Clefable|346\/394 tox|[from] item: Leftovers
|turn|9
|
|switch|p1a: Buster|Flareon, M|187\/333 tox
|move|p2a: Clefable|Moonblast|p1a: Buster
|-resisted|p1a: Buster
|-damage|p1a: Buster|117\/333 tox
|
|-heal|p1a: Buster|333\/333 tox|[from] move: Wish|[wisher] Aria
|-heal|p2a: Clefable|370\/394 tox|[from] item: Leftovers
|-damage|p1a: Buster|313\/333 tox|[from] psn
|turn|10
|
|move|p1a: Buster|Flare Blitz|p2a: Clefable
|-damage|p2a: Clefable|0 fnt
|-damage|p1a: Buster|191\/333 tox|[from] recoil|[of] p2a: Clefable
|faint|p2a: Clefable
|
|-damage|p1a: Buster|151\/333 tox|[from] psn
|
|switch|p2a: Talonflame|Talonflame, F|297\/297
|turn|11
|
|switch|p1a: Aria|Vaporeon, F|464\/464
|move|p2a: Talonflame|Swords Dance|p2a: Talonflame
|-boost|p2a: Talonflame|atk|2
|
|turn|12
|
|move|p2a: Talonflame|Brave Bird|p1a: Aria
|-damage|p1a: Aria|77\/464
|-damage|p2a: Talonflame|169\/297|[from] recoil|[of] p1a: Aria
|move|p1a: Aria|Toxic|p2a: Talonflame|[miss]
|-miss|p1a: Aria|p2a: Talonflame
|
|-heal|p1a: Aria|106\/464|[from] item: Leftovers
|turn|13
|
|move|p2a: Talonflame|Brave Bird|p1a: Aria
|-damage|p1a: Aria|0 fnt
|-damage|p2a: Talonflame|134\/297|[from] recoil|[of] p1a: Aria
|faint|p1a: Aria
|
|
|switch|p1a: Shades|Umbreon, M|394\/394
|turn|14
|
|move|p2a: Talonflame|Roost|p2a: Talonflame
|-heal|p2a: Talonflame|283\/297
|move|p1a: Shades|Foul Play|p2a: Talonflame
|-damage|p2a: Talonflame|0 fnt
|faint|p2a: Talonflame
|
|
|switch|p2a: Lopunny|Lopunny-Mega, M|271\/271
|turn|15
|
|move|p2a: Lopunny|High Jump Kick|p1a: Shades
|-supereffective|p1a: Shades
|-damage|p1a: Shades|56\/394
|move|p1a: Shades|Toxic|p2a: Lopunny
|-status|p2a: Lopunny|tox
|
|-heal|p1a: Shades|80\/394|[from] item: Leftovers
|-damage|p2a: Lopunny|255\/271 tox|[from] psn
|turn|16
|
|move|p2a: Lopunny|Frustration|p1a: Shades
|-damage|p1a: Shades|0 fnt
|faint|p1a: Shades
|
|-damage|p2a: Lopunny|223\/271 tox|[from] psn
|
|switch|p1a: BubbleGum|Sylveon, F|394\/394
|turn|17
|
|switch|p2a: Starmie|Starmie|261\/261
|move|p1a: BubbleGum|Protect|p1a: BubbleGum
|-fail|p1a: BubbleGum
|
|turn|18
|
|move|p2a: Starmie|Trick|p1a: BubbleGum
|-activate|p2a: Starmie|move: Trick|[of] p1a: BubbleGum
|-item|p1a: BubbleGum|Choice Specs|[from] move: Trick
|-item|p2a: Starmie|Leftovers|[from] move: Trick
|move|p1a: BubbleGum|Wish|p1a: BubbleGum
|
|turn|19
|
|switch|p1a: Dende|Jolteon, M|238\/271 brn
|move|p2a: Starmie|Hydro Pump|p1a: Dende
|-damage|p1a: Dende|33\/271 brn
|
|-heal|p1a: Dende|230\/271 brn|[from] move: Wish|[wisher] BubbleGum
|-damage|p1a: Dende|197\/271 brn|[from] brn
|turn|20
|
|switch|p2a: Rotom-Wash|Rotom-Wash|228\/304 tox
|move|p1a: Dende|Volt Switch|p2a: Rotom-Wash
|-damage|p2a: Rotom-Wash|75\/304 tox
|
|switch|p1a: ESPN|Espeon, M|271\/271
|
|-heal|p2a: Rotom-Wash|94\/304 tox|[from] item: Leftovers
|-damage|p2a: Rotom-Wash|75\/304 tox|[from] psn
|turn|21
|
|move|p1a: ESPN|Psyshock|p2a: Rotom-Wash
|-damage|p2a: Rotom-Wash|0 fnt
|-damage|p1a: ESPN|244\/271|[from] item: Life Orb
|faint|p2a: Rotom-Wash
|
|
|switch|p2a: Lopunny|Lopunny-Mega, M|223\/271 tox
|turn|22
|
|move|p2a: Lopunny|Fake Out|p1a: ESPN
|-damage|p1a: ESPN|136\/271
|cant|p1a: ESPN|flinch
|
|-damage|p2a: Lopunny|207\/271 tox|[from] psn
|turn|23
|
|move|p2a: Lopunny|Frustration|p1a: ESPN
|-damage|p1a: ESPN|0 fnt
|faint|p1a: ESPN
|
|-damage|p2a: Lopunny|175\/271 tox|[from] psn
|
|switch|p1a: BubbleGum|Sylveon, F|394\/394
|turn|24
|
|switch|p2a: Starmie|Starmie|261\/261
|move|p1a: BubbleGum|Wish|p1a: BubbleGum
|
|turn|25
|
|switch|p1a: Dende|Jolteon, M|197\/271 brn
|move|p2a: Starmie|Hydro Pump|p1a: Dende
|-damage|p1a: Dende|0 fnt
|faint|p1a: Dende
|
|
|switch|p1a: BubbleGum|Sylveon, F|394\/394
|turn|26
|
|move|p2a: Starmie|Hydro Pump|p1a: BubbleGum|[miss]
|-miss|p2a: Starmie|p1a: BubbleGum
|move|p1a: BubbleGum|Hyper Voice|p2a: Starmie
|-damage|p2a: Starmie|0 fnt
|faint|p2a: Starmie
|
|
|switch|p2a: Lopunny|Lopunny-Mega, M|175\/271 tox
|turn|27
|
|switch|p1a: Buster|Flareon, M|151\/333 tox
|move|p2a: Lopunny|Fake Out|p1a: Buster
|-damage|p1a: Buster|31\/333 tox
|
|-damage|p2a: Lopunny|159\/271 tox|[from] psn
|-damage|p1a: Buster|11\/333 tox|[from] psn
|turn|28
|
|move|p1a: Buster|Protect|p1a: Buster
|-singleturn|p1a: Buster|Protect
|move|p2a: Lopunny|Frustration|p1a: Buster
|-activate|p1a: Buster|Protect
|
|-damage|p2a: Lopunny|127\/271 tox|[from] psn
|-damage|p1a: Buster|0 fnt|[from] psn
|faint|p1a: Buster
|c|★taw|time for my payback crit ?
|c|★taw|:D
|
|switch|p1a: BubbleGum|Sylveon, F|394\/394
|turn|29
|
|move|p2a: Lopunny|Frustration|p1a: BubbleGum
|-damage|p1a: BubbleGum|115\/394
|move|p1a: BubbleGum|Hyper Voice|p2a: Lopunny
|-supereffective|p2a: Lopunny
|-damage|p2a: Lopunny|0 fnt
|faint|p2a: Lopunny
|
|win|Rockerhmk
|raw|Ladder updating...
|raw|Rockerhmk's rating: 1462 &rarr; <strong>1481<\/strong><br \/>(+19 for winning)
|raw|taw's rating: 1439 &rarr; <strong>1423<\/strong><br \/>(-16 for losing)
|c|★taw|gg
|leave|taw
|player|p2