|join|WeirdNick504
|join|cadeskjl2
|player|p1|WeirdNick504|80
|player|p2|cadeskjl2|2
|gametype|singles
|gen|6
|tier|OU
|rated
|clearpoke
|poke|p1|Diancie
|poke|p1|Ferrothorn, M
|poke|p1|Latias, F
|poke|p1|Magnezone
|poke|p1|Azumarill, M
|poke|p1|Gliscor, M
|poke|p2|Dragonite, M
|poke|p2|Excadrill, M
|poke|p2|Landorus, M
|poke|p2|Bisharp, F
|poke|p2|Rotom-Wash
|poke|p2|Venusaur, F
|rule|Swagger Clause: Swagger is banned
|rule|Baton Pass Clause: Limit one Pokémon knowing Baton Pass
|rule|Sleep Clause Mod: Limit one foe put to sleep
|rule|Species Clause: Limit one of each Pokémon
|rule|OHKO Clause: OHKO moves are banned
|rule|Moody Clause: Moody is banned
|rule|Evasion Moves Clause: Evasion moves are banned
|rule|Endless Battle Clause: Forcing endless battles is banned
|rule|HP Percentage Mod: HP is shown in percentages
|teampreview
|
|start
|switch|p1a: Latias|Latias, F|301\/301
|switch|p2a: Excadrill|Excadrill, M|423\/423
|-ability|p2a: Excadrill|Mold Breaker
|-item|p2a: Excadrill|Air Balloon
|turn|1
|join|Know My Pain
|
|switch|p1a: Gliscor|Gliscor, M|353\/353
|switch|p2a: Rotom-Wash|Rotom-Wash|304\/304
|
|-status|p1a: Gliscor|tox|[from] item: Toxic Orb
|turn|2
|
|move|p1a: Gliscor|Substitute|p1a: Gliscor
|-start|p1a: Gliscor|Substitute
|-damage|p1a: Gliscor|265\/353 tox
|move|p2a: Rotom-Wash|Hydro Pump|p1a: Gliscor|[miss]
|-miss|p2a: Rotom-Wash|p1a: Gliscor
|
|-heal|p1a: Gliscor|309\/353 tox|[from] ability: Poison Heal
|turn|3
|
|move|p1a: Gliscor|Toxic|p2a: Rotom-Wash
|-status|p2a: Rotom-Wash|tox
|move|p2a: Rotom-Wash|Hydro Pump|p1a: Gliscor
|-supereffective|p1a: Gliscor
|-end|p1a: Gliscor|Substitute
|
|-heal|p1a: Gliscor|353\/353 tox|[from] ability: Poison Heal
|-damage|p2a: Rotom-Wash|285\/304 tox|[from] psn
|turn|4
|
|switch|p2a: Venusaur|Venusaur, F|301\/301
|move|p1a: Gliscor|Substitute|p1a: Gliscor
|-start|p1a: Gliscor|Substitute
|-damage|p1a: Gliscor|265\/353 tox
|
|-heal|p1a: Gliscor|309\/353 tox|[from] ability: Poison Heal
|turn|5
|
|switch|p1a: Latias|Latias, F|301\/301
|detailschange|p2a: Venusaur|Venusaur-Mega, F
|-mega|p2a: Venusaur|Venusaur|Venusaurite
|move|p2a: Venusaur|Giga Drain|p1a: Latias
|-resisted|p1a: Latias
|-damage|p1a: Latias|247\/301
|
|turn|6
|c|★WeirdNick504|this thing is a problem
|
|switch|p1a: Magnezone|Magnezone|281\/281
|switch|p2a: Bisharp|Bisharp, F|333\/333
|
|turn|7
|
|move|p1a: Magnezone|Thunderbolt|p2a: Bisharp
|-damage|p2a: Bisharp|113\/333
|move|p2a: Bisharp|Knock Off|p1a: Magnezone
|-damage|p1a: Magnezone|103\/281
|-enditem|p1a: Magnezone|Choice Scarf|[from] move: Knock Off|[of] p2a: Bisharp
|
|turn|8
|
|move|p2a: Bisharp|Sucker Punch|p1a: Magnezone
|-damage|p1a: Magnezone|0 fnt
|faint|p1a: Magnezone
|
|
|switch|p1a: Azumarill|Azumarill, M|403\/403
|turn|9
|
|move|p2a: Bisharp|Stealth Rock|p1a: Azumarill
|-sidestart|p1: WeirdNick504|move: Stealth Rock
|move|p1a: Azumarill|Waterfall|p2a: Bisharp
|-damage|p2a: Bisharp|0 fnt
|faint|p2a: Bisharp
|
|
|switch|p2a: Venusaur|Venusaur-Mega, F|301\/301
|turn|10
|
|switch|p2a: Rotom-Wash|Rotom-Wash|285\/304 tox
|switch|p1a: Ferrothorn|Ferrothorn, M|352\/352
|-damage|p1a: Ferrothorn|330\/352|[from] Stealth Rock
|
|-heal|p2a: Rotom-Wash|304\/304 tox|[from] item: Leftovers
|-heal|p1a: Ferrothorn|352\/352|[from] item: Leftovers
|-damage|p2a: Rotom-Wash|285\/304 tox|[from] psn
|turn|11
|
|move|p2a: Rotom-Wash|Will-O-Wisp|p1a: Ferrothorn
|-status|p1a: Ferrothorn|brn
|move|p1a: Ferrothorn|Stealth Rock|p2a: Rotom-Wash
|-sidestart|p2: cadeskjl2|move: Stealth Rock
|
|-heal|p2a: Rotom-Wash|304\/304 tox|[from] item: Leftovers
|-damage|p2a: Rotom-Wash|266\/304 tox|[from] psn
|-damage|p1a: Ferrothorn|308\/352 brn|[from] brn
|turn|12
|
|move|p2a: Rotom-Wash|Volt Switch|p1a: Ferrothorn
|-crit|p1a: Ferrothorn
|-resisted|p1a: Ferrothorn
|-damage|p1a: Ferrothorn|264\/352 brn
|
|switch|p2a: Venusaur|Venusaur-Mega, F|301\/301
|-damage|p2a: Venusaur|264\/301|[from] Stealth Rock
|move|p1a: Ferrothorn|Leech Seed|p2a: Venusaur
|-immune|p2a: Venusaur|[msg]
|
|-heal|p1a: Ferrothorn|286\/352 brn|[from] item: Leftovers
|-damage|p1a: Ferrothorn|242\/352 brn|[from] brn
|turn|13
|
|move|p2a: Venusaur|Leech Seed|p1a: Ferrothorn
|-immune|p1a: Ferrothorn|[msg]
|move|p1a: Ferrothorn|Gyro Ball|p2a: Venusaur
|-damage|p2a: Venusaur|189\/301
|
|-heal|p1a: Ferrothorn|264\/352 brn|[from] item: Leftovers
|-damage|p1a: Ferrothorn|220\/352 brn|[from] brn
|turn|14
|
|move|p2a: Venusaur|Synthesis|p2a: Venusaur
|-heal|p2a: Venusaur|301\/301
|move|p1a: Ferrothorn|Gyro Ball|p2a: Venusaur
|-damage|p2a: Venusaur|231\/301
|
|-heal|p1a: Ferrothorn|242\/352 brn|[from] item: Leftovers
|-damage|p1a: Ferrothorn|198\/352 brn|[from] brn
|turn|15
|
|move|p2a: Venusaur|Giga Drain|p1a: Ferrothorn
|-resisted|p1a: Ferrothorn
|-damage|p1a: Ferrothorn|173\/352 brn
|-heal|p2a: Venusaur|244\/301|[from] drain|[of] p1a: Ferrothorn
|move|p1a: Ferrothorn|Gyro Ball|p2a: Venusaur
|-damage|p2a: Venusaur|177\/301
|
|-heal|p1a: Ferrothorn|195\/352 brn|[from] item: Leftovers
|-damage|p1a: Ferrothorn|151\/352 brn|[from] brn
|turn|16
|
|switch|p1a: Latias|Latias, F|247\/301
|-damage|p1a: Latias|210\/301|[from] Stealth Rock
|move|p2a: Venusaur|Synthesis|p2a: Venusaur
|-heal|p2a: Venusaur|301\/301
|
|turn|17
|
|switch|p2a: Rotom-Wash|Rotom-Wash|266\/304 tox
|-damage|p2a: Rotom-Wash|228\/304 tox|[from] Stealth Rock
|move|p1a: Latias|Draco Meteor|p2a: Rotom-Wash
|-damage|p2a: Rotom-Wash|36\/304 tox
|-unboost|p1a: Latias|spa|2
|-damage|p1a: Latias|180\/301|[from] item: Life Orb
|
|-heal|p2a: Rotom-Wash|55\/304 tox|[from] item: Leftovers
|-damage|p2a: Rotom-Wash|36\/304 tox|[from] psn
|turn|18
|
|switch|p1a: Gliscor|Gliscor, M|309\/353 tox
|-damage|p1a: Gliscor|265\/353 tox|[from] Stealth Rock
|switch|p2a: Excadrill|Excadrill, M|423\/423
|-damage|p2a: Excadrill|410\/423|[from] Stealth Rock
|-ability|p2a: Excadrill|Mold Breaker
|-item|p2a: Excadrill|Air Balloon
|
|-heal|p1a: Gliscor|309\/353 tox|[from] ability: Poison Heal
|turn|19
|
|switch|p1a: Azumarill|Azumarill, M|403\/403
|-damage|p1a: Azumarill|353\/403|[from] Stealth Rock
|move|p2a: Excadrill|Rapid Spin|p1a: Azumarill
|-damage|p1a: Azumarill|321\/403
|-sideend|p2: cadeskjl2|Stealth Rock|[from] move: Rapid Spin|[of] p2a: Excadrill
|
|turn|20
|
|switch|p2a: Venusaur|Venusaur-Mega, F|301\/301
|switch|p1a: Latias|Latias, F|180\/301
|-damage|p1a: Latias|143\/301|[from] Stealth Rock
|
|turn|21
|
|switch|p2a: Rotom-Wash|Rotom-Wash|36\/304 tox
|move|p1a: Latias|Psyshock|p2a: Rotom-Wash
|-damage|p2a: Rotom-Wash|0 fnt
|-damage|p1a: Latias|113\/301|[from] item: Life Orb
|faint|p2a: Rotom-Wash
|
|
|switch|p2a: Landorus|Landorus, M|319\/319
|turn|22
|
|switch|p1a: Ferrothorn|Ferrothorn, M|151\/352 brn
|-damage|p1a: Ferrothorn|129\/352 brn|[from] Stealth Rock
|move|p2a: Landorus|U-turn|p1a: Ferrothorn
|-damage|p1a: Ferrothorn|78\/352 brn
|-damage|p2a: Landorus|280\/319|[from] ability: Iron Barbs|[of] p1a: Ferrothorn
|
|switch|p2a: Dragonite|Dragonite, M|323\/323
|
|-heal|p1a: Ferrothorn|100\/352 brn|[from] item: Leftovers
|-damage|p1a: Ferrothorn|56\/352 brn|[from] brn
|turn|23
|
|move|p2a: Dragonite|Fire Punch|p1a: Ferrothorn
|-supereffective|p1a: Ferrothorn
|-damage|p1a: Ferrothorn|0 fnt
|-damage|p2a: Dragonite|283\/323|[from] ability: Iron Barbs|[of] p1a: Ferrothorn
|faint|p1a: Ferrothorn
|
|
|switch|p1a: Gliscor|Gliscor, M|309\/353 tox
|-damage|p1a: Gliscor|265\/353 tox|[from] Stealth Rock
|turn|24
|
|move|p2a: Dragonite|Dragon Dance|p2a: Dragonite
|-boost|p2a: Dragonite|atk|1
|-boost|p2a: Dragonite|spe|1
|move|p1a: Gliscor|Toxic|p2a: Dragonite
|-status|p2a: Dragonite|tox
|-enditem|p2a: Dragonite|Lum Berry|[eat]
|-curestatus|p2a: Dragonite|tox
|
|-heal|p1a: Gliscor|309\/353 tox|[from] ability: Poison Heal
|turn|25
|
|move|p2a: Dragonite|Dragon Claw|p1a: Gliscor
|-damage|p1a: Gliscor|161\/353 tox
|move|p1a: Gliscor|Toxic|p2a: Dragonite
|-status|p2a: Dragonite|tox
|
|-damage|p2a: Dragonite|263\/323 tox|[from] psn
|-heal|p1a: Gliscor|205\/353 tox|[from] ability: Poison Heal
|turn|26
|
|switch|p2a: Venusaur|Venusaur-Mega, F|301\/301
|move|p1a: Gliscor|Roost|p1a: Gliscor
|-heal|p1a: Gliscor|353\/353 tox
|
|turn|27
|
|move|p2a: Venusaur|Leech Seed|p1a: Gliscor|[miss]
|-miss|p2a: Venusaur|p1a: Gliscor
|move|p1a: Gliscor|Substitute|p1a: Gliscor
|-start|p1a: Gliscor|Substitute
|-damage|p1a: Gliscor|265\/353 tox
|
|-heal|p1a: Gliscor|309\/353 tox|[from] ability: Poison Heal
|turn|28
|
|move|p2a: Venusaur|Giga Drain|p1a: Gliscor
|-end|p1a: Gliscor|Substitute
|move|p1a: Gliscor|Earthquake|p2a: Venusaur
|-damage|p2a: Venusaur|205\/301
|
|-heal|p1a: Gliscor|353\/353 tox|[from] ability: Poison Heal
|turn|29
|
|move|p2a: Venusaur|Giga Drain|p1a: Gliscor
|-damage|p1a: Gliscor|182\/353 tox
|-heal|p2a: Venusaur|291\/301|[from] drain|[of] p1a: Gliscor
|move|p1a: Gliscor|Earthquake|p2a: Venusaur
|-damage|p2a: Venusaur|201\/301
|
|-heal|p1a: Gliscor|226\/353 tox|[from] ability: Poison Heal
|turn|30
|
|switch|p1a: Latias|Latias, F|113\/301
|-damage|p1a: Latias|76\/301|[from] Stealth Rock
|move|p2a: Venusaur|Giga Drain|p1a: Latias
|-resisted|p1a: Latias
|-damage|p1a: Latias|17\/301
|-heal|p2a: Venusaur|231\/301|[from] drain|[of] p1a: Latias
|
|turn|31
|
|switch|p2a: Excadrill|Excadrill, M|410\/423
|-ability|p2a: Excadrill|Mold Breaker
|-item|p2a: Excadrill|Air Balloon
|move|p1a: Latias|Defog|p2a: Excadrill
|-unboost|p2a: Excadrill|evasion|1
|-sideend|p1: WeirdNick504|Stealth Rock|[from] move: Defog|[of] p1a: Latias
|
|turn|32
|
|switch|p1a: Azumarill|Azumarill, M|321\/403
|move|p2a: Excadrill|Iron Head|p1a: Azumarill
|-damage|p1a: Azumarill|131\/403
|
|turn|33
|
|switch|p2a: Venusaur|Venusaur-Mega, F|231\/301
|move|p1a: Azumarill|Knock Off|p2a: Venusaur
|-crit|p2a: Venusaur
|-damage|p2a: Venusaur|104\/301
|
|turn|34
|
|switch|p1a: Latias|Latias, F|17\/301
|move|p2a: Venusaur|Synthesis|p2a: Venusaur
|-heal|p2a: Venusaur|254\/301
|
|turn|35
|
|switch|p2a: Dragonite|Dragonite, M|263\/323 tox
|move|p1a: Latias|Psyshock|p2a: Dragonite
|-damage|p2a: Dragonite|99\/323 tox
|-damage|p1a: Latias|0 fnt|[from] item: Life Orb
|faint|p1a: Latias
|
|-damage|p2a: Dragonite|79\/323 tox|[from] psn
|
|switch|p1a: Gliscor|Gliscor, M|226\/353 tox
|turn|36
|
|switch|p2a: Venusaur|Venusaur-Mega, F|254\/301
|move|p1a: Gliscor|Roost|p1a: Gliscor
|-heal|p1a: Gliscor|353\/353 tox
|
|turn|37
|
|move|p2a: Venusaur|Giga Drain|p1a: Gliscor
|-damage|p1a: Gliscor|175\/353 tox
|-heal|p2a: Venusaur|301\/301|[from] drain|[of] p1a: Gliscor
|move|p1a: Gliscor|Earthquake|p2a: Venusaur
|-damage|p2a: Venusaur|208\/301
|
|-heal|p1a: Gliscor|219\/353 tox|[from] ability: Poison Heal
|turn|38
|
|move|p2a: Venusaur|Giga Drain|p1a: Gliscor
|-damage|p1a: Gliscor|35\/353 tox
|-heal|p2a: Venusaur|300\/301|[from] drain|[of] p1a: Gliscor
|move|p1a: Gliscor|Earthquake|p2a: Venusaur
|-damage|p2a: Venusaur|209\/301
|
|-heal|p1a: Gliscor|79\/353 tox|[from] ability: Poison Heal
|turn|39
|
|move|p2a: Venusaur|Giga Drain|p1a: Gliscor
|-damage|p1a: Gliscor|0 fnt
|-heal|p2a: Venusaur|249\/301|[from] drain|[of] p1a: Gliscor
|faint|p1a: Gliscor
|
|
|switch|p1a: Diancie|Diancie|241\/241
|turn|40
|
|detailschange|p1a: Diancie|Diancie-Mega
|-mega|p1a: Diancie|Diancie|Diancite
|move|p2a: Venusaur|Giga Drain|p1a: Diancie
|-supereffective|p1a: Diancie
|-damage|p1a: Diancie|0 fnt
|-heal|p2a: Venusaur|301\/301|[from] drain|[of] p1a: Diancie
|faint|p1a: Diancie
|
|
|switch|p1a: Azumarill|Azumarill, M|131\/403
|turn|41
|c|★cadeskjl2|gg
|c|★WeirdNick504|gg
|
|move|p2a: Venusaur|Sludge Bomb|p1a: Azumarill
|-supereffective|p1a: Azumarill
|-damage|p1a: Azumarill|0 fnt
|faint|p1a: Azumarill
|
|win|cadeskjl2
|raw|Ladder updating...
|raw|WeirdNick504's rating: 1379 &rarr; <strong>1361<\/strong><br \/>(-18 for losing)
|raw|cadeskjl2's rating: 1400 &rarr; <strong>1418<\/strong><br \/>(+18 for winning)