|join|noccliolinee
|join|With No Survivors
|player|p1|noccliolinee|203
|player|p2|With No Survivors|248
|gametype|singles
|gen|6
|tier|OU
|rated
|clearpoke
|poke|p1|Suicune
|poke|p1|Clefable, F
|poke|p1|Skarmory, M
|poke|p1|Sceptile, F
|poke|p1|Breloom, M
|poke|p1|Landorus-Therian, M
|poke|p2|Lopunny, M
|poke|p2|Greninja, F
|poke|p2|Probopass, F
|poke|p2|Gothitelle, M
|poke|p2|Scizor, F
|poke|p2|Excadrill, F
|rule|Swagger Clause: Swagger is banned
|rule|Baton Pass Clause: Limit one Pokémon knowing Baton Pass
|rule|Sleep Clause Mod: Limit one foe put to sleep
|rule|Species Clause: Limit one of each Pokémon
|rule|OHKO Clause: OHKO moves are banned
|rule|Moody Clause: Moody is banned
|rule|Evasion Moves Clause: Evasion moves are banned
|rule|Endless Battle Clause: Forcing endless battles is banned
|rule|HP Percentage Mod: HP is shown in percentages
|teampreview
|
|start
|switch|p1a: Breloom|Breloom, M|261\/261
|switch|p2a: Lopunny|Lopunny, M|272\/272
|turn|1
|
|switch|p1a: Skarmory|Skarmory, M|334\/334
|detailschange|p2a: Lopunny|Lopunny-Mega, M
|message|Lopunny has Mega Evolved into Mega Lopunny!
|move|p2a: Lopunny|Fake Out|p1a: Skarmory
|-resisted|p1a: Skarmory
|-damage|p1a: Skarmory|314\/334
|
|turn|2
|
|switch|p2a: Probopass|Probopass, F|324\/324
|move|p1a: Skarmory|Stealth Rock|p2a: Probopass
|-sidestart|p2: With No Survivors|move: Stealth Rock
|
|turn|3
|
|switch|p1a: Breloom|Breloom, M|261\/261
|move|p2a: Probopass|Taunt|p1a: Breloom
|-start|p1a: Breloom|move: Taunt
|
|-status|p1a: Breloom|tox|[from] item: Toxic Orb
|turn|4
|
|switch|p2a: Gothitelle|Gothitelle, M|344\/344
|-damage|p2a: Gothitelle|301\/344|[from] Stealth Rock
|move|p1a: Breloom|Bullet Seed|p2a: Gothitelle
|-damage|p2a: Gothitelle|255\/344
|-crit|p2a: Gothitelle
|-damage|p2a: Gothitelle|182\/344
|-damage|p2a: Gothitelle|136\/344
|-damage|p2a: Gothitelle|87\/344
|-damage|p2a: Gothitelle|38\/344
|-hitcount|p2a: Gothitelle|5
|
|turn|5
|c|★With No Survivors|wow
|
|move|p1a: Breloom|Mach Punch|p2a: Gothitelle
|-resisted|p2a: Gothitelle
|-damage|p2a: Gothitelle|1\/344
|move|p2a: Gothitelle|Psychic|p1a: Breloom
|-supereffective|p1a: Breloom
|-damage|p1a: Breloom|0 fnt
|faint|p1a: Breloom
|
|
|switch|p1a: Clefable|Clefable, F|394\/394
|turn|6
|
|switch|p2a: Excadrill|Excadrill, F|362\/362
|-damage|p2a: Excadrill|351\/362|[from] Stealth Rock
|-ability|p2a: Excadrill|Mold Breaker
|move|p1a: Clefable|Cosmic Power|p1a: Clefable
|-boost|p1a: Clefable|def|1
|-boost|p1a: Clefable|spd|1
|
|turn|7
|
|move|p2a: Excadrill|Rapid Spin|p1a: Clefable
|-crit|p1a: Clefable
|-damage|p1a: Clefable|352\/394
|-sideend|p2: With No Survivors|Stealth Rock|[from] move: Rapid Spin|[of] p2a: Excadrill
|move|p1a: Clefable|Cosmic Power|p1a: Clefable
|-boost|p1a: Clefable|def|1
|-boost|p1a: Clefable|spd|1
|
|-heal|p1a: Clefable|376\/394|[from] item: Leftovers
|turn|8
|
|move|p2a: Excadrill|Iron Head|p1a: Clefable
|-supereffective|p1a: Clefable
|-damage|p1a: Clefable|218\/394
|move|p1a: Clefable|Cosmic Power|p1a: Clefable
|-boost|p1a: Clefable|def|1
|-boost|p1a: Clefable|spd|1
|
|-heal|p1a: Clefable|242\/394|[from] item: Leftovers
|turn|9
|
|move|p2a: Excadrill|Iron Head|p1a: Clefable
|-supereffective|p1a: Clefable
|-damage|p1a: Clefable|104\/394
|move|p1a: Clefable|Soft-Boiled|p1a: Clefable
|-heal|p1a: Clefable|301\/394
|
|-heal|p1a: Clefable|325\/394|[from] item: Leftovers
|turn|10
|
|move|p2a: Excadrill|Iron Head|p1a: Clefable
|-supereffective|p1a: Clefable
|-damage|p1a: Clefable|197\/394
|move|p1a: Clefable|Flamethrower|p2a: Excadrill
|-supereffective|p2a: Excadrill
|-damage|p2a: Excadrill|221\/362
|
|-heal|p1a: Clefable|221\/394|[from] item: Leftovers
|turn|11
|
|move|p2a: Excadrill|Iron Head|p1a: Clefable
|-supereffective|p1a: Clefable
|-damage|p1a: Clefable|93\/394
|move|p1a: Clefable|Soft-Boiled|p1a: Clefable
|-heal|p1a: Clefable|290\/394
|
|-heal|p1a: Clefable|314\/394|[from] item: Leftovers
|turn|12
|
|move|p2a: Excadrill|Iron Head|p1a: Clefable
|-supereffective|p1a: Clefable
|-damage|p1a: Clefable|188\/394
|move|p1a: Clefable|Cosmic Power|p1a: Clefable
|-boost|p1a: Clefable|def|1
|-boost|p1a: Clefable|spd|1
|
|-heal|p1a: Clefable|212\/394|[from] item: Leftovers
|turn|13
|
|move|p2a: Excadrill|Iron Head|p1a: Clefable
|-supereffective|p1a: Clefable
|-damage|p1a: Clefable|110\/394
|move|p1a: Clefable|Soft-Boiled|p1a: Clefable
|-heal|p1a: Clefable|307\/394
|
|-heal|p1a: Clefable|331\/394|[from] item: Leftovers
|turn|14
|
|move|p2a: Excadrill|Iron Head|p1a: Clefable
|-supereffective|p1a: Clefable
|-damage|p1a: Clefable|221\/394
|move|p1a: Clefable|Cosmic Power|p1a: Clefable
|-boost|p1a: Clefable|def|1
|-boost|p1a: Clefable|spd|1
|
|-heal|p1a: Clefable|245\/394|[from] item: Leftovers
|turn|15
|
|move|p2a: Excadrill|Iron Head|p1a: Clefable
|-supereffective|p1a: Clefable
|-damage|p1a: Clefable|159\/394
|move|p1a: Clefable|Cosmic Power|p1a: Clefable
|-boost|p1a: Clefable|def|1
|-boost|p1a: Clefable|spd|1
|
|-heal|p1a: Clefable|183\/394|[from] item: Leftovers
|turn|16
|
|move|p2a: Excadrill|Iron Head|p1a: Clefable
|-supereffective|p1a: Clefable
|-damage|p1a: Clefable|105\/394
|move|p1a: Clefable|Soft-Boiled|p1a: Clefable
|-heal|p1a: Clefable|302\/394
|
|-heal|p1a: Clefable|326\/394|[from] item: Leftovers
|turn|17
|
|move|p2a: Excadrill|Iron Head|p1a: Clefable
|-supereffective|p1a: Clefable
|-damage|p1a: Clefable|248\/394
|move|p1a: Clefable|Soft-Boiled|p1a: Clefable
|-heal|p1a: Clefable|394\/394
|
|turn|18
|
|move|p2a: Excadrill|Iron Head|p1a: Clefable
|-crit|p1a: Clefable
|-supereffective|p1a: Clefable
|-damage|p1a: Clefable|0 fnt
|faint|p1a: Clefable
|
|
|switch|p1a: Landorus-Therian|Landorus-Therian, M|319\/319
|-ability|p1a: Landorus-Therian|Intimidate|[of] p2a: Excadrill
|-unboost|p2a: Excadrill|atk|1
|turn|19
|
|switch|p2a: Gothitelle|Gothitelle, M|1\/344
|move|p1a: Landorus-Therian|Earthquake|p2a: Gothitelle
|-damage|p2a: Gothitelle|0 fnt
|faint|p2a: Gothitelle
|
|
|switch|p2a: Greninja|Greninja, F|286\/286
|turn|20
|
|move|p1a: Landorus-Therian|Earthquake|p2a: Greninja
|-damage|p2a: Greninja|40\/286
|move|p2a: Greninja|Ice Beam|p1a: Landorus-Therian
|-start|p2a: Greninja|typechange|Ice|[from] Protean
|-supereffective|p1a: Landorus-Therian
|-damage|p1a: Landorus-Therian|0 fnt
|-damage|p2a: Greninja|12\/286|[from] item: Life Orb
|faint|p1a: Landorus-Therian
|
|
|switch|p1a: Skarmory|Skarmory, M|314\/334
|turn|21
|
|move|p2a: Greninja|Taunt|p1a: Skarmory
|-start|p2a: Greninja|typechange|Dark|[from] Protean
|-start|p1a: Skarmory|move: Taunt
|cant|p1a: Skarmory|move: Taunt|Stealth Rock
|
|turn|22
|
|switch|p2a: Scizor|Scizor, F|344\/344
|switch|p1a: Suicune|Suicune|404\/404
|-ability|p1a: Suicune|Pressure
|
|turn|23
|
|move|p1a: Suicune|Scald|p2a: Scizor
|-damage|p2a: Scizor|269\/344
|move|p2a: Scizor|U-turn|p1a: Suicune
|-damage|p1a: Suicune|313\/404
|
|switch|p2a: Lopunny|Lopunny-Mega, M|272\/272
|
|-heal|p1a: Suicune|338\/404|[from] item: Leftovers
|turn|24
|
|move|p2a: Lopunny|High Jump Kick|p1a: Suicune
|-damage|p1a: Suicune|179\/404
|move|p1a: Suicune|Scald|p2a: Lopunny
|-damage|p2a: Lopunny|185\/272
|
|-heal|p1a: Suicune|204\/404|[from] item: Leftovers
|turn|25
|
|move|p2a: Lopunny|Thunder Punch|p1a: Suicune
|-supereffective|p1a: Suicune
|-damage|p1a: Suicune|74\/404
|-status|p1a: Suicune|par
|move|p1a: Suicune|Rest|p1a: Suicune
|-status|p1a: Suicune|slp
|-heal|p1a: Suicune|404\/404 slp|[silent]
|-status|p1a: Suicune|slp|[from] move: Rest
|
|turn|26
|
|move|p2a: Lopunny|High Jump Kick|p1a: Suicune
|-damage|p1a: Suicune|241\/404 slp
|cant|p1a: Suicune|slp
|move|p1a: Suicune|Sleep Talk|p1a: Suicune
|move|p1a: Suicune|Roar|p2a: Lopunny|[from]Sleep Talk
|drag|p2a: Scizor|Scizor, F|269\/344
|
|-heal|p1a: Suicune|266\/404 slp|[from] item: Leftovers
|turn|27
|
|cant|p1a: Suicune|slp
|move|p1a: Suicune|Sleep Talk|p1a: Suicune
|move|p1a: Suicune|Rest|p1a: Suicune|[from]Sleep Talk
|-fail|p1a: Suicune
|move|p2a: Scizor|U-turn|p1a: Suicune
|-damage|p1a: Suicune|170\/404 slp
|
|switch|p2a: Lopunny|Lopunny-Mega, M|185\/272
|
|-heal|p1a: Suicune|195\/404 slp|[from] item: Leftovers
|turn|28
|
|move|p2a: Lopunny|Fake Out|p1a: Suicune
|-damage|p1a: Suicune|141\/404 slp
|-curestatus|p1a: Suicune|slp
|cant|p1a: Suicune|flinch
|
|-heal|p1a: Suicune|166\/404|[from] item: Leftovers
|turn|29
|
|move|p2a: Lopunny|High Jump Kick|p1a: Suicune
|-damage|p1a: Suicune|22\/404
|move|p1a: Suicune|Rest|p1a: Suicune
|-status|p1a: Suicune|slp
|-heal|p1a: Suicune|404\/404 slp|[silent]
|-status|p1a: Suicune|slp|[from] move: Rest
|
|turn|30
|
|move|p2a: Lopunny|High Jump Kick|p1a: Suicune
|-damage|p1a: Suicune|238\/404 slp
|cant|p1a: Suicune|slp
|move|p1a: Suicune|Sleep Talk|p1a: Suicune
|move|p1a: Suicune|Rest|p1a: Suicune|[from]Sleep Talk
|-fail|p1a: Suicune
|
|-heal|p1a: Suicune|263\/404 slp|[from] item: Leftovers
|turn|31
|
|move|p2a: Lopunny|High Jump Kick|p1a: Suicune
|-damage|p1a: Suicune|100\/404 slp
|cant|p1a: Suicune|slp
|move|p1a: Suicune|Sleep Talk|p1a: Suicune
|move|p1a: Suicune|Rest|p1a: Suicune|[from]Sleep Talk
|-fail|p1a: Suicune
|
|-heal|p1a: Suicune|125\/404 slp|[from] item: Leftovers
|turn|32
|
|switch|p1a: Skarmory|Skarmory, M|314\/334
|move|p2a: Lopunny|High Jump Kick|p1a: Skarmory
|-damage|p1a: Skarmory|188\/334
|
|turn|33
|
|move|p2a: Lopunny|Thunder Punch|p1a: Skarmory
|-supereffective|p1a: Skarmory
|-damage|p1a: Skarmory|88\/334
|move|p1a: Skarmory|Stealth Rock|p2a: Lopunny
|-sidestart|p2: With No Survivors|move: Stealth Rock
|
|turn|34
|
|move|p2a: Lopunny|Thunder Punch|p1a: Skarmory
|-supereffective|p1a: Skarmory
|-damage|p1a: Skarmory|0 fnt
|faint|p1a: Skarmory
|
|
|switch|p1a: Sceptile|Sceptile, F|281\/281
|turn|35
|
|detailschange|p1a: Sceptile|Sceptile-Mega, F
|message|Sceptile has Mega Evolved into Mega Sceptile!
|move|p2a: Lopunny|High Jump Kick|p1a: Sceptile|[miss]
|-miss|p2a: Lopunny|p1a: Sceptile
|-damage|p2a: Lopunny|49\/272|[from] highjumpkick
|move|p1a: Sceptile|Dragon Pulse|p2a: Lopunny
|-damage|p2a: Lopunny|0 fnt
|faint|p2a: Lopunny
|
|
|switch|p2a: Scizor|Scizor, F|269\/344
|-damage|p2a: Scizor|226\/344|[from] Stealth Rock
|turn|36
|
|move|p1a: Sceptile|Hidden Power|p2a: Scizor
|-supereffective|p2a: Scizor
|-damage|p2a: Scizor|0 fnt
|faint|p2a: Scizor
|
|
|switch|p2a: Probopass|Probopass, F|324\/324
|-damage|p2a: Probopass|304\/324|[from] Stealth Rock
|turn|37
|
|move|p1a: Sceptile|Leaf Storm|p2a: Probopass
|-damage|p2a: Probopass|133\/324
|-unboost|p1a: Sceptile|spa|2
|move|p2a: Probopass|Power Gem|p1a: Sceptile
|-damage|p1a: Sceptile|199\/281
|
|-heal|p2a: Probopass|153\/324|[from] item: Leftovers
|turn|38
|
|move|p1a: Sceptile|Earthquake|p2a: Probopass
|-supereffective|p2a: Probopass
|-damage|p2a: Probopass|0 fnt
|faint|p2a: Probopass
|
|
|switch|p2a: Excadrill|Excadrill, F|221\/362
|-damage|p2a: Excadrill|210\/362|[from] Stealth Rock
|-ability|p2a: Excadrill|Mold Breaker
|turn|39
|
|switch|p1a: Suicune|Suicune|125\/404 slp
|-ability|p1a: Suicune|Pressure
|move|p2a: Excadrill|Earthquake|p1a: Suicune
|-damage|p1a: Suicune|2\/404 slp
|
|-heal|p1a: Suicune|27\/404 slp|[from] item: Leftovers
|turn|40
|
|move|p2a: Excadrill|Earthquake|p1a: Suicune
|-crit|p1a: Suicune
|-damage|p1a: Suicune|0 fnt
|faint|p1a: Suicune
|
|
|switch|p1a: Sceptile|Sceptile-Mega, F|199\/281
|turn|41
|
|move|p1a: Sceptile|Hidden Power|p2a: Excadrill
|-supereffective|p2a: Excadrill
|-damage|p2a: Excadrill|74\/362
|move|p2a: Excadrill|Iron Head|p1a: Sceptile
|-damage|p1a: Sceptile|0 fnt
|faint|p1a: Sceptile
|
|win|With No Survivors
|raw|Ladder updating...
|c|★With No Survivors|gg
|leave|noccliolinee
|player|p1
|raw|noccliolinee's rating: 1491 &rarr; <strong>1472<\/strong><br \/>(-19 for losing)
|raw|With No Survivors's rating: 1512 &rarr; <strong>1531<\/strong><br \/>(+19 for winning)