|join|22mustafa
|join|silverwind841
|player|p1|22mustafa|194
|player|p2|silverwind841|290
|gametype|singles
|gen|6
|tier|UU
|rated
|rule|Sleep Clause Mod: Limit one foe put to sleep
|rule|Species Clause: Limit one of each Pokémon
|rule|OHKO Clause: OHKO moves are banned
|rule|Moody Clause: Moody is banned
|rule|Evasion Moves Clause: Evasion moves are banned
|rule|Endless Battle Clause: Forcing endless battles is banned
|rule|HP Percentage Mod: HP is shown in percentages
|clearpoke
|poke|p1|Alomomola, M
|poke|p1|Ampharos, M
|poke|p1|Jirachi
|poke|p1|Crobat, F
|poke|p1|Florges, F
|poke|p1|Nidoqueen, F
|poke|p2|Celebi
|poke|p2|Toxicroak, F
|poke|p2|Suicune
|poke|p2|Sharpedo, F
|poke|p2|Alakazam, M
|poke|p2|Haxorus, M
|rule|Swagger Clause: Swagger is banned
|rule|Baton Pass Clause: Limit one Pokémon knowing Baton Pass
|teampreview
|join|Classy Gengar
|
|start
|switch|p1a: Jirachi|Jirachi|366\/366
|switch|p2a: Sharpedo|Sharpedo, F|281\/281
|turn|1
|
|move|p2a: Sharpedo|Protect|p2a: Sharpedo
|-singleturn|p2a: Sharpedo|Protect
|move|p1a: Jirachi|Substitute|p1a: Jirachi
|-start|p1a: Jirachi|Substitute
|-damage|p1a: Jirachi|275\/366
|
|-heal|p1a: Jirachi|297\/366|[from] item: Leftovers
|-boost|p2a: Sharpedo|spe|1|[from] ability: Speed Boost
|turn|2
|
|move|p2a: Sharpedo|Crunch|p1a: Jirachi
|-supereffective|p1a: Jirachi
|-end|p1a: Jirachi|Substitute
|move|p1a: Jirachi|U-turn|p2a: Sharpedo
|-supereffective|p2a: Sharpedo
|-damage|p2a: Sharpedo|5\/281
|
|switch|p1a: Alomomola|Alomomola, M|534\/534
|
|-boost|p2a: Sharpedo|spe|1|[from] ability: Speed Boost
|turn|3
|
|detailschange|p2a: Sharpedo|Sharpedo-Mega, F
|message|Sharpedo has Mega Evolved into Mega Sharpedo!
|move|p2a: Sharpedo|Crunch|p1a: Alomomola
|-damage|p1a: Alomomola|348\/534
|-unboost|p1a: Alomomola|def|1
|move|p1a: Alomomola|Wish|p1a: Alomomola
|
|-heal|p1a: Alomomola|381\/534|[from] item: Leftovers
|turn|4
|
|move|p2a: Sharpedo|Crunch|p1a: Alomomola
|-damage|p1a: Alomomola|71\/534
|-unboost|p1a: Alomomola|def|1
|move|p1a: Alomomola|Scald|p2a: Sharpedo
|-resisted|p2a: Sharpedo
|-damage|p2a: Sharpedo|0 fnt
|faint|p2a: Sharpedo
|
|-heal|p1a: Alomomola|338\/534|[from] move: Wish|[wisher] Alomomola
|-heal|p1a: Alomomola|371\/534|[from] item: Leftovers
|
|switch|p2a: Toxicroak|Toxicroak, F|370\/370
|turn|5
|
|switch|p1a: Crobat|Crobat, F|331\/331
|move|p2a: Toxicroak|Poison Jab|p1a: Crobat
|-resisted|p1a: Crobat
|-damage|p1a: Crobat|247\/331
|
|turn|6
|
|switch|p2a: Suicune|Suicune|404\/404
|-ability|p2a: Suicune|Pressure
|move|p1a: Crobat|Brave Bird|p2a: Suicune
|-damage|p2a: Suicune|280\/404
|-damage|p1a: Crobat|206\/331|[from] recoil|[of] p2a: Suicune
|
|-heal|p2a: Suicune|305\/404|[from] item: Leftovers
|turn|7
|
|switch|p1a: Ampharos|Ampharos, M|354\/354
|move|p2a: Suicune|Calm Mind|p2a: Suicune
|-boost|p2a: Suicune|spa|1
|-boost|p2a: Suicune|spd|1
|
|-heal|p2a: Suicune|330\/404|[from] item: Leftovers
|turn|8
|
|switch|p2a: Celebi|Celebi|404\/404
|detailschange|p1a: Ampharos|Ampharos-Mega, M
|message|Ampharos has Mega Evolved into Mega Ampharos!
|-ability|p1a: Ampharos|Mold Breaker
|move|p1a: Ampharos|Thunderbolt|p2a: Celebi
|-resisted|p2a: Celebi
|-damage|p2a: Celebi|323\/404
|
|-heal|p2a: Celebi|348\/404|[from] item: Leftovers
|turn|9
|
|switch|p1a: Florges|Florges, F|360\/360
|move|p2a: Celebi|Perish Song|p2a: Celebi
|-fieldactivate|move: Perish Song
|
|-start|p2a: Celebi|perish3
|-start|p1a: Florges|perish3
|-heal|p2a: Celebi|373\/404|[from] item: Leftovers
|turn|10
|
|switch|p1a: Nidoqueen|Nidoqueen, F|353\/353
|move|p2a: Celebi|U-turn|p1a: Nidoqueen
|-resisted|p1a: Nidoqueen
|-damage|p1a: Nidoqueen|321\/353
|
|switch|p2a: Alakazam|Alakazam, M|252\/252
|
|turn|11
|
|switch|p1a: Florges|Florges, F|360\/360
|move|p2a: Alakazam|Psyshock|p1a: Florges
|-damage|p1a: Florges|174\/360
|
|-heal|p1a: Florges|196\/360|[from] item: Leftovers
|turn|12
|
|switch|p2a: Toxicroak|Toxicroak, F|370\/370
|switch|p1a: Jirachi|Jirachi|297\/366
|
|-heal|p1a: Jirachi|319\/366|[from] item: Leftovers
|turn|13
|
|move|p2a: Toxicroak|Sucker Punch|p1a: Jirachi
|-supereffective|p1a: Jirachi
|-damage|p1a: Jirachi|131\/366
|move|p1a: Jirachi|Iron Head|p2a: Toxicroak
|-crit|p2a: Toxicroak
|-damage|p2a: Toxicroak|121\/370
|
|-heal|p1a: Jirachi|153\/366|[from] item: Leftovers
|turn|14
|
|switch|p2a: Suicune|Suicune|330\/404
|-ability|p2a: Suicune|Pressure
|move|p1a: Jirachi|Substitute|p1a: Jirachi
|-start|p1a: Jirachi|Substitute
|-damage|p1a: Jirachi|62\/366
|
|-heal|p1a: Jirachi|84\/366|[from] item: Leftovers
|-heal|p2a: Suicune|355\/404|[from] item: Leftovers
|turn|15
|
|move|p1a: Jirachi|Toxic|p2a: Suicune
|-status|p2a: Suicune|tox
|move|p2a: Suicune|Scald|p1a: Jirachi
|-activate|p1a: Jirachi|Substitute|[damage]
|
|-heal|p1a: Jirachi|106\/366|[from] item: Leftovers
|-heal|p2a: Suicune|380\/404 tox|[from] item: Leftovers
|-damage|p2a: Suicune|355\/404 tox|[from] psn
|turn|16
|
|move|p1a: Jirachi|Iron Head|p2a: Suicune
|-resisted|p2a: Suicune
|-damage|p2a: Suicune|319\/404 tox
|cant|p2a: Suicune|flinch
|
|-heal|p1a: Jirachi|128\/366|[from] item: Leftovers
|-heal|p2a: Suicune|344\/404 tox|[from] item: Leftovers
|-damage|p2a: Suicune|294\/404 tox|[from] psn
|turn|17
|
|move|p1a: Jirachi|Iron Head|p2a: Suicune
|-resisted|p2a: Suicune
|-damage|p2a: Suicune|260\/404 tox
|cant|p2a: Suicune|flinch
|
|-heal|p1a: Jirachi|150\/366|[from] item: Leftovers
|-heal|p2a: Suicune|285\/404 tox|[from] item: Leftovers
|-damage|p2a: Suicune|210\/404 tox|[from] psn
|turn|18
|
|move|p1a: Jirachi|Iron Head|p2a: Suicune
|-resisted|p2a: Suicune
|-damage|p2a: Suicune|174\/404 tox
|cant|p2a: Suicune|flinch
|
|-heal|p1a: Jirachi|172\/366|[from] item: Leftovers
|-heal|p2a: Suicune|199\/404 tox|[from] item: Leftovers
|-damage|p2a: Suicune|99\/404 tox|[from] psn
|turn|19
|
|move|p1a: Jirachi|Iron Head|p2a: Suicune
|-crit|p2a: Suicune
|-resisted|p2a: Suicune
|-damage|p2a: Suicune|47\/404 tox
|cant|p2a: Suicune|flinch
|
|-heal|p1a: Jirachi|194\/366|[from] item: Leftovers
|-heal|p2a: Suicune|72\/404 tox|[from] item: Leftovers
|-damage|p2a: Suicune|0 fnt|[from] psn
|faint|p2a: Suicune
|
|switch|p2a: Haxorus|Haxorus, M|302\/302
|-ability|p2a: Haxorus|Mold Breaker
|turn|20
|
|move|p2a: Haxorus|Dragon Dance|p2a: Haxorus
|-boost|p2a: Haxorus|atk|1
|-boost|p2a: Haxorus|spe|1
|move|p1a: Jirachi|Toxic|p2a: Haxorus|[miss]
|-miss|p1a: Jirachi|p2a: Haxorus
|
|-heal|p1a: Jirachi|216\/366|[from] item: Leftovers
|turn|21
|
|move|p2a: Haxorus|Earthquake|p1a: Jirachi
|-supereffective|p1a: Jirachi
|-end|p1a: Jirachi|Substitute
|move|p1a: Jirachi|Toxic|p2a: Haxorus
|-status|p2a: Haxorus|tox
|-enditem|p2a: Haxorus|Lum Berry|[eat]
|-curestatus|p2a: Haxorus|tox
|
|-heal|p1a: Jirachi|238\/366|[from] item: Leftovers
|turn|22
|
|move|p2a: Haxorus|Earthquake|p1a: Jirachi
|-supereffective|p1a: Jirachi
|-damage|p1a: Jirachi|0 fnt
|faint|p1a: Jirachi
|
|
|switch|p1a: Alomomola|Alomomola, M|534\/534
|turn|23
|
|move|p2a: Haxorus|Dragon Claw|p1a: Alomomola
|-damage|p1a: Alomomola|308\/534
|move|p1a: Alomomola|Scald|p2a: Haxorus
|-resisted|p2a: Haxorus
|-damage|p2a: Haxorus|269\/302
|
|-heal|p1a: Alomomola|341\/534|[from] item: Leftovers
|turn|24
|
|move|p2a: Haxorus|Dragon Claw|p1a: Alomomola
|-damage|p1a: Alomomola|118\/534
|move|p1a: Alomomola|Toxic|p2a: Haxorus
|-status|p2a: Haxorus|tox
|
|-heal|p1a: Alomomola|151\/534|[from] item: Leftovers
|-damage|p2a: Haxorus|251\/302 tox|[from] psn
|turn|25
|
|switch|p1a: Florges|Florges, F|196\/360
|move|p2a: Haxorus|Dragon Claw|p1a: Florges
|-immune|p1a: Florges|[msg]
|
|-heal|p1a: Florges|218\/360|[from] item: Leftovers
|-damage|p2a: Haxorus|215\/302 tox|[from] psn
|turn|26
|
|switch|p1a: Crobat|Crobat, F|206\/331
|move|p2a: Haxorus|Poison Jab|p1a: Crobat
|-resisted|p1a: Crobat
|-damage|p1a: Crobat|109\/331
|
|-damage|p2a: Haxorus|161\/302 tox|[from] psn
|turn|27
|
|move|p1a: Crobat|Brave Bird|p2a: Haxorus
|-damage|p2a: Haxorus|0 fnt
|-damage|p1a: Crobat|56\/331|[from] recoil|[of] p2a: Haxorus
|faint|p2a: Haxorus
|
|
|switch|p2a: Toxicroak|Toxicroak, F|121\/370
|turn|28
|
|switch|p1a: Alomomola|Alomomola, M|329\/534
|move|p2a: Toxicroak|Sucker Punch|p1a: Alomomola
|-fail|p1a: Alomomola
|
|-heal|p1a: Alomomola|362\/534|[from] item: Leftovers
|turn|29
|
|switch|p1a: Ampharos|Ampharos-Mega, M|354\/354
|-ability|p1a: Ampharos|Mold Breaker
|move|p2a: Toxicroak|Drain Punch|p1a: Ampharos
|-damage|p1a: Ampharos|225\/354
|-heal|p2a: Toxicroak|186\/370|[from] drain|[of] p1a: Ampharos
|
|turn|30
|
|move|p2a: Toxicroak|Drain Punch|p1a: Ampharos
|-damage|p1a: Ampharos|95\/354
|-heal|p2a: Toxicroak|251\/370|[from] drain|[of] p1a: Ampharos
|move|p1a: Ampharos|Thunderbolt|p2a: Toxicroak
|-damage|p2a: Toxicroak|58\/370
|
|turn|31
|
|move|p2a: Toxicroak|Drain Punch|p1a: Ampharos
|-damage|p1a: Ampharos|0 fnt
|-heal|p2a: Toxicroak|106\/370|[from] drain|[of] p1a: Ampharos
|faint|p1a: Ampharos
|
|
|switch|p1a: Nidoqueen|Nidoqueen, F|321\/353
|turn|32
|
|switch|p2a: Celebi|Celebi|373\/404
|move|p1a: Nidoqueen|Earth Power|p2a: Celebi
|-crit|p2a: Celebi
|-resisted|p2a: Celebi
|-damage|p2a: Celebi|260\/404
|
|-heal|p2a: Celebi|285\/404|[from] item: Leftovers
|turn|33
|
|switch|p1a: Crobat|Crobat, F|56\/331
|move|p2a: Celebi|Perish Song|p2a: Celebi
|-fieldactivate|move: Perish Song
|
|-start|p1a: Crobat|perish3
|-start|p2a: Celebi|perish3
|-heal|p2a: Celebi|310\/404|[from] item: Leftovers
|turn|34
|
|move|p1a: Crobat|Brave Bird|p2a: Celebi
|-supereffective|p2a: Celebi
|-damage|p2a: Celebi|0 fnt
|-damage|p1a: Crobat|0 fnt|[from] recoil|[of] p2a: Celebi
|faint|p2a: Celebi
|faint|p1a: Crobat
|
|
|switch|p2a: Alakazam|Alakazam, M|252\/252
|switch|p1a: Nidoqueen|Nidoqueen, F|321\/353
|turn|35
|
|switch|p1a: Florges|Florges, F|218\/360
|move|p2a: Alakazam|Psyshock|p1a: Florges
|-damage|p1a: Florges|7\/360
|
|-heal|p1a: Florges|29\/360|[from] item: Leftovers
|turn|36
|
|move|p2a: Alakazam|Psyshock|p1a: Florges
|-crit|p1a: Florges
|-damage|p1a: Florges|0 fnt
|faint|p1a: Florges
|
|
|switch|p1a: Alomomola|Alomomola, M|534\/534
|turn|37
|
|move|p2a: Alakazam|Energy Ball|p1a: Alomomola
|-supereffective|p1a: Alomomola
|-damage|p1a: Alomomola|158\/534
|move|p1a: Alomomola|Scald|p2a: Alakazam
|-damage|p2a: Alakazam|204\/252
|
|-heal|p1a: Alomomola|191\/534|[from] item: Leftovers
|turn|38
|-message|22mustafa forfeited.
|
|win|silverwind841
|raw|Ladder updating...
|leave|22mustafa
|player|p1
|raw|22mustafa's rating: 1255 &rarr; <strong>1233<\/strong><br \/>(-22 for losing)
|raw|silverwind841's rating: 1299 &rarr; <strong>1320<\/strong><br \/>(+21 for winning)
|leave|Classy Gengar