|join|Admiral Arcanine
|join|22Mustafa
|player|p1|Admiral Arcanine|160
|player|p2|22Mustafa|80
|gametype|singles
|gen|6
|tier|UU
|rated
|rule|Sleep Clause Mod: Limit one foe put to sleep
|rule|Species Clause: Limit one of each Pokémon
|rule|OHKO Clause: OHKO moves are banned
|rule|Moody Clause: Moody is banned
|rule|Evasion Moves Clause: Evasion moves are banned
|rule|Endless Battle Clause: Forcing endless battles is banned
|rule|HP Percentage Mod: HP is shown in percentages
|clearpoke
|poke|p1|Arcanine, M
|poke|p1|Houndoom, F
|poke|p1|Espeon, F
|poke|p1|Flygon, F
|poke|p1|Mienshao, F
|poke|p1|Nidoking, M
|poke|p2|Rotom-Heat
|poke|p2|Crobat, M
|poke|p2|Ampharos, M
|poke|p2|Florges, F
|poke|p2|Metagross
|poke|p2|Mienshao, F
|rule|Swagger Clause: Swagger is banned
|rule|Baton Pass Clause: Limit one Pokémon knowing Baton Pass
|teampreview
|
|start
|switch|p1a: Mienshao|Mienshao, F|271\/271
|switch|p2a: Rotom-Heat|Rotom-Heat|304\/304
|turn|1
|
|move|p1a: Mienshao|Stone Edge|p2a: Rotom-Heat|[miss]
|-miss|p1a: Mienshao|p2a: Rotom-Heat
|move|p2a: Rotom-Heat|Volt Switch|p1a: Mienshao
|-damage|p1a: Mienshao|91\/271
|
|switch|p2a: Metagross|Metagross|364\/364
|
|turn|2
|
|switch|p1a: Arcanine|Arcanine, M|384\/384
|-ability|p1a: Arcanine|Intimidate|[of] p2a: Metagross
|-fail|p2a: Metagross|unboost|[from] ability: Clear Body|[of] p2a: Metagross
|move|p2a: Metagross|Meteor Mash|p1a: Arcanine
|-resisted|p1a: Arcanine
|-damage|p1a: Arcanine|276\/384
|-boost|p2a: Metagross|atk|1
|
|-heal|p1a: Arcanine|300\/384|[from] item: Leftovers
|turn|3
|
|switch|p2a: Rotom-Heat|Rotom-Heat|304\/304
|move|p1a: Arcanine|Will-O-Wisp|p2a: Rotom-Heat
|-fail|p2a: Rotom-Heat
|
|-heal|p1a: Arcanine|324\/384|[from] item: Leftovers
|turn|4
|
|switch|p1a: Flygon|Flygon, F|301\/301
|move|p2a: Rotom-Heat|Trick|p1a: Flygon
|-activate|p2a: Rotom-Heat|move: Trick|[of] p1a: Flygon
|-item|p1a: Flygon|Choice Specs|[from] move: Trick
|-item|p2a: Rotom-Heat|Choice Band|[from] move: Trick
|
|turn|5
|
|switch|p2a: Florges|Florges, F|360\/360
|move|p1a: Flygon|Dragon Claw|p2a: Florges
|-immune|p2a: Florges|[msg]
|
|turn|6
|
|switch|p1a: Espeon|Espeon, F|330\/330
|move|p2a: Florges|Wish|p2a: Florges
|
|turn|7
|
|switch|p2a: Crobat|Crobat, M|322\/322
|move|p1a: Espeon|Calm Mind|p1a: Espeon
|-boost|p1a: Espeon|spa|1
|-boost|p1a: Espeon|spd|1
|
|turn|8
|
|move|p2a: Crobat|Brave Bird|p1a: Espeon
|-damage|p1a: Espeon|81\/330
|-damage|p2a: Crobat|240\/322|[from] recoil|[of] p1a: Espeon
|move|p1a: Espeon|Psyshock|p2a: Crobat
|-supereffective|p2a: Crobat
|-damage|p2a: Crobat|0 fnt
|faint|p2a: Crobat
|
|-heal|p1a: Espeon|101\/330|[from] item: Leftovers
|
|switch|p2a: Mienshao|Mienshao, F|271\/271
|turn|9
|
|switch|p1a: Flygon|Flygon, F|301\/301
|move|p2a: Mienshao|U-turn|p1a: Flygon
|-damage|p1a: Flygon|202\/301
|
|switch|p2a: Florges|Florges, F|360\/360
|
|turn|10
|
|move|p1a: Flygon|Earthquake|p2a: Florges
|-damage|p2a: Florges|224\/360
|move|p2a: Florges|Moonblast|p1a: Flygon
|-supereffective|p1a: Flygon
|-damage|p1a: Flygon|0 fnt
|faint|p1a: Flygon
|
|-heal|p2a: Florges|246\/360|[from] item: Leftovers
|
|switch|p1a: Nidoking|Nidoking, M|303\/303
|turn|11
|
|switch|p2a: Rotom-Heat|Rotom-Heat|304\/304
|move|p1a: Nidoking|Sludge Wave|p2a: Rotom-Heat
|-damage|p2a: Rotom-Heat|143\/304
|
|turn|12
|
|switch|p1a: Houndoom|Houndoom, F|291\/291
|move|p2a: Rotom-Heat|Overheat|p1a: Houndoom
|-start|p1a: Houndoom|ability: Flash Fire
|
|turn|13
|
|switch|p2a: Florges|Florges, F|246\/360
|detailschange|p1a: Houndoom|Houndoom-Mega, F
|message|Houndoom has Mega Evolved into Mega Houndoom!
|move|p1a: Houndoom|Nasty Plot|p1a: Houndoom
|-boost|p1a: Houndoom|spa|2
|
|-heal|p2a: Florges|268\/360|[from] item: Leftovers
|turn|14
|
|move|p1a: Houndoom|Flamethrower|p2a: Florges
|-damage|p2a: Florges|0 fnt
|faint|p2a: Florges
|
|
|switch|p2a: Mienshao|Mienshao, F|271\/271
|turn|15
|
|move|p2a: Mienshao|High Jump Kick|p1a: Houndoom
|-supereffective|p1a: Houndoom
|-damage|p1a: Houndoom|0 fnt
|faint|p1a: Houndoom
|
|
|switch|p1a: Arcanine|Arcanine, M|324\/384
|-ability|p1a: Arcanine|Intimidate|[of] p2a: Mienshao
|-unboost|p2a: Mienshao|atk|1
|turn|16
|
|switch|p2a: Rotom-Heat|Rotom-Heat|143\/304
|switch|p1a: Mienshao|Mienshao, F|181\/271
|
|turn|17
|
|move|p1a: Mienshao|High Jump Kick|p2a: Rotom-Heat
|-damage|p2a: Rotom-Heat|0 fnt
|faint|p2a: Rotom-Heat
|
|
|switch|p2a: Metagross|Metagross|364\/364
|turn|18
|
|move|p1a: Mienshao|High Jump Kick|p2a: Metagross
|-damage|p2a: Metagross|166\/364
|move|p2a: Metagross|Earthquake|p1a: Mienshao
|-damage|p1a: Mienshao|0 fnt
|faint|p1a: Mienshao
|
|
|switch|p1a: Arcanine|Arcanine, M|324\/384
|-ability|p1a: Arcanine|Intimidate|[of] p2a: Metagross
|-fail|p2a: Metagross|unboost|[from] ability: Clear Body|[of] p2a: Metagross
|turn|19
|
|move|p1a: Arcanine|Will-O-Wisp|p2a: Metagross
|-status|p2a: Metagross|brn
|move|p2a: Metagross|Earthquake|p1a: Arcanine
|-supereffective|p1a: Arcanine
|-damage|p1a: Arcanine|142\/384
|
|-heal|p1a: Arcanine|166\/384|[from] item: Leftovers
|-damage|p2a: Metagross|121\/364 brn|[from] brn
|turn|20
|
|move|p1a: Arcanine|Morning Sun|p1a: Arcanine
|-heal|p1a: Arcanine|358\/384
|move|p2a: Metagross|Earthquake|p1a: Arcanine
|-supereffective|p1a: Arcanine
|-damage|p1a: Arcanine|196\/384
|
|-heal|p1a: Arcanine|220\/384|[from] item: Leftovers
|-damage|p2a: Metagross|76\/364 brn|[from] brn
|turn|21
|
|move|p1a: Arcanine|Morning Sun|p1a: Arcanine
|-heal|p1a: Arcanine|384\/384
|move|p2a: Metagross|Earthquake|p1a: Arcanine
|-supereffective|p1a: Arcanine
|-damage|p1a: Arcanine|230\/384
|
|-heal|p1a: Arcanine|254\/384|[from] item: Leftovers
|-damage|p2a: Metagross|31\/364 brn|[from] brn
|turn|22
|
|move|p1a: Arcanine|Flare Blitz|p2a: Metagross
|-supereffective|p2a: Metagross
|-damage|p2a: Metagross|0 fnt
|-damage|p1a: Arcanine|244\/384|[from] recoil|[of] p2a: Metagross
|faint|p2a: Metagross
|
|-heal|p1a: Arcanine|268\/384|[from] item: Leftovers
|
|switch|p2a: Ampharos|Ampharos, M|322\/322
|turn|23
|
|switch|p1a: Nidoking|Nidoking, M|303\/303
|detailschange|p2a: Ampharos|Ampharos-Mega, M
|message|Ampharos has Mega Evolved into Mega Ampharos!
|-ability|p2a: Ampharos|Mold Breaker
|move|p2a: Ampharos|Dragon Pulse|p1a: Nidoking
|-damage|p1a: Nidoking|32\/303
|
|turn|24
|
|move|p1a: Nidoking|Earth Power|p2a: Ampharos
|-supereffective|p2a: Ampharos
|-damage|p2a: Ampharos|0 fnt
|faint|p2a: Ampharos
|
|
|switch|p2a: Mienshao|Mienshao, F|271\/271
|turn|25
|
|move|p2a: Mienshao|High Jump Kick|p1a: Nidoking
|-resisted|p1a: Nidoking
|-damage|p1a: Nidoking|0 fnt
|faint|p1a: Nidoking
|
|
|switch|p1a: Arcanine|Arcanine, M|268\/384
|-ability|p1a: Arcanine|Intimidate|[of] p2a: Mienshao
|-unboost|p2a: Mienshao|atk|1
|turn|26
|
|switch|p1a: Espeon|Espeon, F|101\/330
|move|p2a: Mienshao|High Jump Kick|p1a: Espeon
|-crit|p1a: Espeon
|-resisted|p1a: Espeon
|-damage|p1a: Espeon|0 fnt
|faint|p1a: Espeon
|
|
|switch|p1a: Arcanine|Arcanine, M|268\/384
|-ability|p1a: Arcanine|Intimidate|[of] p2a: Mienshao
|-unboost|p2a: Mienshao|atk|1
|turn|27
|
|move|p2a: Mienshao|High Jump Kick|p1a: Arcanine
|-damage|p1a: Arcanine|163\/384
|move|p1a: Arcanine|Will-O-Wisp|p2a: Mienshao
|-status|p2a: Mienshao|brn
|
|-heal|p1a: Arcanine|187\/384|[from] item: Leftovers
|-damage|p2a: Mienshao|238\/271 brn|[from] brn
|turn|28
|-message|22Mustafa forfeited.
|
|win|Admiral Arcanine
|raw|Ladder updating...
|leave|22Mustafa
|player|p2
|raw|Admiral Arcanine's rating: 1287 &rarr; <strong>1316<\/strong><br \/>(+29 for winning)
|raw|22Mustafa's rating: 1348 &rarr; <strong>1324<\/strong><br \/>(-24 for losing)