|join|Lizardons
|join|Sharpteeth
|player|p1|Lizardons|101
|player|p2|Sharpteeth|266
|gametype|singles
|gen|6
|tier|OU
|rated
|clearpoke
|poke|p1|Venusaur, M
|poke|p1|Blissey, F
|poke|p1|Gliscor, F
|poke|p1|Slowbro, M
|poke|p1|Zapdos
|poke|p1|Jirachi
|poke|p2|Keldeo
|poke|p2|Mamoswine, M
|poke|p2|Manectric, F
|poke|p2|Toxicroak, M
|poke|p2|Landorus-Therian, M
|poke|p2|Gengar, M
|rule|Swagger Clause: Swagger is banned
|rule|Baton Pass Clause: Limit one Pokémon knowing Baton Pass
|rule|Sleep Clause Mod: Limit one foe put to sleep
|rule|Species Clause: Limit one of each Pokémon
|rule|OHKO Clause: OHKO moves are banned
|rule|Moody Clause: Moody is banned
|rule|Evasion Moves Clause: Evasion moves are banned
|rule|Endless Battle Clause: Forcing endless battles is banned
|rule|HP Percentage Mod: HP is shown in percentages
|teampreview
|
|start
|switch|p1a: Wayno|Slowbro, M|394\/394
|switch|p2a: Mamoswine|Mamoswine, M|361\/361
|turn|1
|
|move|p2a: Mamoswine|Stealth Rock|p1a: Wayno
|-sidestart|p1: Lizardons|move: Stealth Rock
|move|p1a: Wayno|Scald|p2a: Mamoswine
|-crit|p2a: Mamoswine
|-supereffective|p2a: Mamoswine
|-enditem|p2a: Mamoswine|Focus Sash
|-damage|p2a: Mamoswine|1\/361
|-status|p2a: Mamoswine|brn
|
|-damage|p2a: Mamoswine|0 fnt|[from] brn
|faint|p2a: Mamoswine
|
|switch|p2a: Manectric|Manectric, F|281\/281
|turn|2
|join|Omegasization
|
|switch|p1a: FatTony|Blissey, F|714\/714
|-damage|p1a: FatTony|625\/714|[from] Stealth Rock
|detailschange|p2a: Manectric|Manectric-Mega, F
|message|Manectric has Mega Evolved into Mega Manectric!
|-ability|p2a: Manectric|Intimidate|[of] p1a: FatTony
|-unboost|p1a: FatTony|atk|1
|move|p2a: Manectric|Volt Switch|p1a: FatTony
|-damage|p1a: FatTony|534\/714
|
|switch|p2a: Gengar|Gengar, M|322\/322
|
|-heal|p1a: FatTony|578\/714|[from] item: Leftovers
|turn|3
|
|move|p1a: FatTony|Protect|p1a: FatTony
|-singleturn|p1a: FatTony|Protect
|move|p2a: Gengar|Taunt|p1a: FatTony
|-activate|p1a: FatTony|Protect
|
|-heal|p1a: FatTony|622\/714|[from] item: Leftovers
|turn|4
|
|switch|p1a: BatMan|Gliscor, F|354\/354
|-damage|p1a: BatMan|310\/354|[from] Stealth Rock
|move|p2a: Gengar|Taunt|p1a: BatMan
|-start|p1a: BatMan|move: Taunt
|
|-status|p1a: BatMan|tox|[from] item: Toxic Orb
|turn|5
|
|move|p2a: Gengar|Substitute|p2a: Gengar
|-start|p2a: Gengar|Substitute
|-damage|p2a: Gengar|242\/322
|move|p1a: BatMan|Knock Off|p2a: Gengar
|-supereffective|p2a: Gengar
|-end|p2a: Gengar|Substitute
|
|-heal|p2a: Gengar|262\/322|[from] item: Black Sludge
|-heal|p1a: BatMan|354\/354 tox|[from] ability: Poison Heal
|turn|6
|
|switch|p2a: Landorus-Therian|Landorus-Therian, M|320\/320
|-ability|p2a: Landorus-Therian|Intimidate|[of] p1a: BatMan
|-unboost|p1a: BatMan|atk|1
|move|p1a: BatMan|Knock Off|p2a: Landorus-Therian
|-damage|p2a: Landorus-Therian|267\/320
|-enditem|p2a: Landorus-Therian|Choice Scarf|[from] move: Knock Off|[of] p1a: BatMan
|
|turn|7
|
|switch|p1a: Wayno|Slowbro, M|394\/394
|-damage|p1a: Wayno|345\/394|[from] Stealth Rock
|move|p2a: Landorus-Therian|Knock Off|p1a: Wayno
|-supereffective|p1a: Wayno
|-damage|p1a: Wayno|177\/394
|-enditem|p1a: Wayno|Leftovers|[from] move: Knock Off|[of] p2a: Landorus-Therian
|
|turn|8
|
|move|p2a: Landorus-Therian|U-turn|p1a: Wayno
|-supereffective|p1a: Wayno
|-damage|p1a: Wayno|57\/394
|
|switch|p2a: Manectric|Manectric-Mega, F|281\/281
|-ability|p2a: Manectric|Intimidate|[of] p1a: Wayno
|-unboost|p1a: Wayno|atk|1
|move|p1a: Wayno|Slack Off|p1a: Wayno
|-heal|p1a: Wayno|254\/394
|
|turn|9
|
|switch|p1a: BatMan|Gliscor, F|354\/354 tox
|-damage|p1a: BatMan|310\/354 tox|[from] Stealth Rock
|move|p2a: Manectric|Volt Switch|p1a: BatMan
|-immune|p1a: BatMan|[msg]
|
|-heal|p1a: BatMan|354\/354 tox|[from] ability: Poison Heal
|turn|10
|
|switch|p1a: KingOfHax|Jirachi|404\/404
|-damage|p1a: KingOfHax|379\/404|[from] Stealth Rock
|move|p2a: Manectric|Volt Switch|p1a: KingOfHax
|-damage|p1a: KingOfHax|280\/404
|
|switch|p2a: Landorus-Therian|Landorus-Therian, M|267\/320
|-ability|p2a: Landorus-Therian|Intimidate|[of] p1a: KingOfHax
|-unboost|p1a: KingOfHax|atk|1
|
|-heal|p1a: KingOfHax|305\/404|[from] item: Leftovers
|turn|11
|
|switch|p1a: BatMan|Gliscor, F|354\/354 tox
|-damage|p1a: BatMan|310\/354 tox|[from] Stealth Rock
|move|p2a: Landorus-Therian|U-turn|p1a: BatMan
|-resisted|p1a: BatMan
|-damage|p1a: BatMan|283\/354 tox
|
|switch|p2a: Keldeo|Keldeo|322\/322
|
|-heal|p1a: BatMan|327\/354 tox|[from] ability: Poison Heal
|turn|12
|
|move|p1a: BatMan|Protect|p1a: BatMan
|-singleturn|p1a: BatMan|Protect
|move|p2a: Keldeo|Scald|p1a: BatMan
|-activate|p1a: BatMan|Protect
|
|-heal|p1a: BatMan|354\/354 tox|[from] ability: Poison Heal
|turn|13
|
|switch|p1a: RootRoot|Venusaur, M|364\/364
|-damage|p1a: RootRoot|319\/364|[from] Stealth Rock
|move|p2a: Keldeo|Scald|p1a: RootRoot
|-resisted|p1a: RootRoot
|-damage|p1a: RootRoot|210\/364
|
|turn|14
|
|detailschange|p1a: RootRoot|Venusaur-Mega, M
|message|Venusaur has Mega Evolved into Mega Venusaur!
|move|p2a: Keldeo|Scald|p1a: RootRoot
|-resisted|p1a: RootRoot
|-damage|p1a: RootRoot|126\/364
|move|p1a: RootRoot|Sleep Powder|p2a: Keldeo
|-status|p2a: Keldeo|slp
|
|turn|15
|
|switch|p2a: Gengar|Gengar, M|262\/322
|move|p1a: RootRoot|Synthesis|p1a: RootRoot
|-heal|p1a: RootRoot|308\/364
|
|-heal|p2a: Gengar|282\/322|[from] item: Black Sludge
|turn|16
|
|switch|p1a: BatMan|Gliscor, F|354\/354 tox
|-damage|p1a: BatMan|310\/354 tox|[from] Stealth Rock
|move|p2a: Gengar|Shadow Ball|p1a: BatMan
|-damage|p1a: BatMan|160\/354 tox
|-unboost|p1a: BatMan|spd|1
|
|-heal|p2a: Gengar|302\/322|[from] item: Black Sludge
|-heal|p1a: BatMan|204\/354 tox|[from] ability: Poison Heal
|turn|17
|
|move|p1a: BatMan|Protect|p1a: BatMan
|-singleturn|p1a: BatMan|Protect
|move|p2a: Gengar|Substitute|p2a: Gengar
|-start|p2a: Gengar|Substitute
|-damage|p2a: Gengar|222\/322
|
|-heal|p2a: Gengar|242\/322|[from] item: Black Sludge
|-heal|p1a: BatMan|248\/354 tox|[from] ability: Poison Heal
|turn|18
|
|switch|p1a: FatTony|Blissey, F|622\/714
|-damage|p1a: FatTony|533\/714|[from] Stealth Rock
|move|p2a: Gengar|Taunt|p1a: FatTony
|-start|p1a: FatTony|move: Taunt
|
|-heal|p2a: Gengar|262\/322|[from] item: Black Sludge
|-heal|p1a: FatTony|577\/714|[from] item: Leftovers
|turn|19
|
|move|p2a: Gengar|Shadow Ball|p1a: FatTony
|-immune|p1a: FatTony|[msg]
|move|p1a: FatTony|Seismic Toss|p2a: Gengar
|-immune|p2a: Gengar|[msg]
|
|-heal|p2a: Gengar|282\/322|[from] item: Black Sludge
|-heal|p1a: FatTony|621\/714|[from] item: Leftovers
|turn|20
|
|move|p2a: Gengar|Will-O-Wisp|p1a: FatTony
|-status|p1a: FatTony|brn
|move|p1a: FatTony|Seismic Toss|p2a: Gengar
|-immune|p2a: Gengar|[msg]
|
|-heal|p2a: Gengar|302\/322|[from] item: Black Sludge
|-heal|p1a: FatTony|665\/714 brn|[from] item: Leftovers
|-damage|p1a: FatTony|576\/714 brn|[from] brn
|turn|21
|
|move|p2a: Gengar|Shadow Ball|p1a: FatTony
|-immune|p1a: FatTony|[msg]
|move|p1a: FatTony|Seismic Toss|p2a: Gengar
|-immune|p2a: Gengar|[msg]
|
|-heal|p2a: Gengar|322\/322|[from] item: Black Sludge
|-heal|p1a: FatTony|620\/714 brn|[from] item: Leftovers
|-damage|p1a: FatTony|531\/714 brn|[from] brn
|-end|p1a: FatTony|move: Taunt
|turn|22
|
|switch|p1a: BatMan|Gliscor, F|248\/354 tox
|-damage|p1a: BatMan|204\/354 tox|[from] Stealth Rock
|move|p2a: Gengar|Shadow Ball|p1a: BatMan
|-damage|p1a: BatMan|54\/354 tox
|
|-heal|p1a: BatMan|98\/354 tox|[from] ability: Poison Heal
|turn|23
|
|move|p1a: BatMan|Protect|p1a: BatMan
|-singleturn|p1a: BatMan|Protect
|move|p2a: Gengar|Taunt|p1a: BatMan
|-activate|p1a: BatMan|Protect
|
|-heal|p1a: BatMan|142\/354 tox|[from] ability: Poison Heal
|turn|24
|leave|Omegasization
|
|switch|p1a: FatTony|Blissey, F|531\/714
|-damage|p1a: FatTony|442\/714|[from] Stealth Rock
|move|p2a: Gengar|Shadow Ball|p1a: FatTony
|-immune|p1a: FatTony|[msg]
|
|-heal|p1a: FatTony|486\/714|[from] item: Leftovers
|turn|25
|
|move|p1a: FatTony|Protect|p1a: FatTony
|-singleturn|p1a: FatTony|Protect
|move|p2a: Gengar|Taunt|p1a: FatTony
|-activate|p1a: FatTony|Protect
|
|-heal|p1a: FatTony|530\/714|[from] item: Leftovers
|turn|26
|
|switch|p1a: BatMan|Gliscor, F|142\/354 tox
|-damage|p1a: BatMan|98\/354 tox|[from] Stealth Rock
|move|p2a: Gengar|Taunt|p1a: BatMan
|-start|p1a: BatMan|move: Taunt
|
|-heal|p1a: BatMan|142\/354 tox|[from] ability: Poison Heal
|turn|27
|
|switch|p1a: FatTony|Blissey, F|530\/714
|-damage|p1a: FatTony|441\/714|[from] Stealth Rock
|move|p2a: Gengar|Will-O-Wisp|p1a: FatTony|[miss]
|-miss|p2a: Gengar|p1a: FatTony
|
|-heal|p1a: FatTony|485\/714|[from] item: Leftovers
|turn|28
|
|move|p1a: FatTony|Protect|p1a: FatTony
|-singleturn|p1a: FatTony|Protect
|move|p2a: Gengar|Will-O-Wisp|p1a: FatTony
|-activate|p1a: FatTony|Protect
|
|-heal|p1a: FatTony|529\/714|[from] item: Leftovers
|turn|29
|
|move|p2a: Gengar|Taunt|p1a: FatTony
|-start|p1a: FatTony|move: Taunt
|cant|p1a: FatTony|move: Taunt|Wish
|
|-heal|p1a: FatTony|573\/714|[from] item: Leftovers
|turn|30
|
|move|p2a: Gengar|Will-O-Wisp|p1a: FatTony|[miss]
|-miss|p2a: Gengar|p1a: FatTony
|move|p1a: FatTony|Seismic Toss|p2a: Gengar
|-immune|p2a: Gengar|[msg]
|
|-heal|p1a: FatTony|617\/714|[from] item: Leftovers
|turn|31
|
|move|p2a: Gengar|Will-O-Wisp|p1a: FatTony
|-status|p1a: FatTony|brn
|move|p1a: FatTony|Seismic Toss|p2a: Gengar
|-immune|p2a: Gengar|[msg]
|
|-heal|p1a: FatTony|661\/714 brn|[from] item: Leftovers
|-damage|p1a: FatTony|572\/714 brn|[from] brn
|-end|p1a: FatTony|move: Taunt
|turn|32
|
|switch|p1a: BatMan|Gliscor, F|142\/354 tox
|-damage|p1a: BatMan|98\/354 tox|[from] Stealth Rock
|move|p2a: Gengar|Taunt|p1a: BatMan
|-start|p1a: BatMan|move: Taunt
|
|-heal|p1a: BatMan|142\/354 tox|[from] ability: Poison Heal
|turn|33
|
|switch|p1a: FatTony|Blissey, F|572\/714
|-damage|p1a: FatTony|483\/714|[from] Stealth Rock
|move|p2a: Gengar|Shadow Ball|p1a: FatTony
|-immune|p1a: FatTony|[msg]
|
|-heal|p1a: FatTony|527\/714|[from] item: Leftovers
|turn|34
|
|move|p1a: FatTony|Protect|p1a: FatTony
|-singleturn|p1a: FatTony|Protect
|move|p2a: Gengar|Taunt|p1a: FatTony
|-activate|p1a: FatTony|Protect
|
|-heal|p1a: FatTony|571\/714|[from] item: Leftovers
|turn|35
|
|switch|p1a: Zues|Zapdos|384\/384
|-damage|p1a: Zues|288\/384|[from] Stealth Rock
|-ability|p1a: Zues|Pressure
|move|p2a: Gengar|Taunt|p1a: Zues
|-start|p1a: Zues|move: Taunt
|
|-heal|p1a: Zues|312\/384|[from] item: Leftovers
|turn|36
|
|switch|p1a: FatTony|Blissey, F|571\/714
|-damage|p1a: FatTony|482\/714|[from] Stealth Rock
|move|p2a: Gengar|Will-O-Wisp|p1a: FatTony
|-status|p1a: FatTony|brn
|
|-heal|p1a: FatTony|526\/714 brn|[from] item: Leftovers
|-damage|p1a: FatTony|437\/714 brn|[from] brn
|turn|37
|
|switch|p1a: Zues|Zapdos|312\/384
|-damage|p1a: Zues|216\/384|[from] Stealth Rock
|-ability|p1a: Zues|Pressure
|move|p2a: Gengar|Taunt|p1a: Zues
|-start|p1a: Zues|move: Taunt
|
|-heal|p1a: Zues|240\/384|[from] item: Leftovers
|turn|38
|
|move|p2a: Gengar|Will-O-Wisp|p1a: Zues
|-status|p1a: Zues|brn
|move|p1a: Zues|Volt Switch|p2a: Gengar
|-end|p2a: Gengar|Substitute
|
|switch|p1a: BatMan|Gliscor, F|142\/354 tox
|-damage|p1a: BatMan|98\/354 tox|[from] Stealth Rock
|
|-heal|p1a: BatMan|142\/354 tox|[from] ability: Poison Heal
|turn|39
|
|move|p2a: Gengar|Shadow Ball|p1a: BatMan
|-damage|p1a: BatMan|0 fnt
|faint|p1a: BatMan
|
|
|switch|p1a: Wayno|Slowbro, M|385\/394
|-damage|p1a: Wayno|336\/394|[from] Stealth Rock
|turn|40
|
|switch|p2a: Manectric|Manectric-Mega, F|281\/281
|-ability|p2a: Manectric|Intimidate|[of] p1a: Wayno
|-unboost|p1a: Wayno|atk|1
|move|p1a: Wayno|Scald|p2a: Manectric
|-damage|p2a: Manectric|166\/281
|
|turn|41
|
|switch|p1a: RootRoot|Venusaur-Mega, M|308\/364
|-damage|p1a: RootRoot|263\/364|[from] Stealth Rock
|move|p2a: Manectric|Volt Switch|p1a: RootRoot
|-resisted|p1a: RootRoot
|-damage|p1a: RootRoot|207\/364
|
|switch|p2a: Gengar|Gengar, M|322\/322
|
|turn|42
|
|switch|p1a: Wayno|Slowbro, M|394\/394
|-damage|p1a: Wayno|345\/394|[from] Stealth Rock
|move|p2a: Gengar|Substitute|p2a: Gengar
|-start|p2a: Gengar|Substitute
|-damage|p2a: Gengar|242\/322
|
|-heal|p2a: Gengar|262\/322|[from] item: Black Sludge
|turn|43
|
|switch|p1a: FatTony|Blissey, F|437\/714
|-damage|p1a: FatTony|348\/714|[from] Stealth Rock
|move|p2a: Gengar|Will-O-Wisp|p1a: FatTony
|-status|p1a: FatTony|brn
|
|-heal|p2a: Gengar|282\/322|[from] item: Black Sludge
|-heal|p1a: FatTony|392\/714 brn|[from] item: Leftovers
|-damage|p1a: FatTony|303\/714 brn|[from] brn
|turn|44
|
|switch|p1a: Wayno|Slowbro, M|394\/394
|-damage|p1a: Wayno|345\/394|[from] Stealth Rock
|move|p2a: Gengar|Taunt|p1a: Wayno
|-start|p1a: Wayno|move: Taunt
|
|-heal|p2a: Gengar|302\/322|[from] item: Black Sludge
|turn|45
|
|switch|p1a: FatTony|Blissey, F|303\/714
|-damage|p1a: FatTony|214\/714|[from] Stealth Rock
|move|p2a: Gengar|Will-O-Wisp|p1a: FatTony
|-status|p1a: FatTony|brn
|
|-heal|p2a: Gengar|322\/322|[from] item: Black Sludge
|-heal|p1a: FatTony|258\/714 brn|[from] item: Leftovers
|-damage|p1a: FatTony|169\/714 brn|[from] brn
|turn|46
|-message|Lizardons forfeited.
|
|win|Sharpteeth
|raw|Ladder updating...
|leave|Lizardons
|player|p1
|raw|Lizardons's rating: 1890 &rarr; <strong>1863<\/strong><br \/>(-27 for losing)
|raw|Sharpteeth's rating: 1765 &rarr; <strong>1792<\/strong><br \/>(+27 for winning)