|join|Antenna Management
|join|Kishin Asura
|player|p1|Antenna Management|268
|player|p2|Kishin Asura|290
|gametype|singles
|gen|6
|tier|UU
|rated
|rule|Sleep Clause Mod: Limit one foe put to sleep
|rule|Species Clause: Limit one of each Pokémon
|rule|OHKO Clause: OHKO moves are banned
|rule|Moody Clause: Moody is banned
|rule|Evasion Moves Clause: Evasion moves are banned
|rule|Endless Battle Clause: Forcing endless battles is banned
|rule|HP Percentage Mod: HP is shown in percentages
|clearpoke
|poke|p1|Pangoro, F, shiny
|poke|p1|Hydreigon, M
|poke|p1|Crobat, F
|poke|p1|Beedrill, M
|poke|p1|Swampert, F
|poke|p1|Jirachi
|poke|p2|Jellicent, M
|poke|p2|Chesnaught, F
|poke|p2|Jirachi
|poke|p2|Rotom-Heat
|poke|p2|Beedrill, M
|poke|p2|Noivern, F
|rule|Swagger Clause: Swagger is banned
|rule|Baton Pass Clause: Limit one Pokémon knowing Baton Pass
|teampreview
|
|start
|switch|p1a: Beedrill|Beedrill, M|271\/271
|switch|p2a: Noivern|Noivern, F|374\/374
|turn|1
|
|detailschange|p1a: Beedrill|Beedrill-Mega, M
|-mega|p1a: Beedrill|Beedrill|Beedrillite
|move|p1a: Beedrill|Protect|p1a: Beedrill
|-singleturn|p1a: Beedrill|Protect
|move|p2a: Noivern|Super Fang|p1a: Beedrill
|-activate|p1a: Beedrill|Protect
|
|turn|2
|
|move|p1a: Beedrill|U-turn|p2a: Noivern
|-resisted|p2a: Noivern
|-damage|p2a: Noivern|270\/374
|
|switch|p1a: Crobat|Crobat, F|373\/373
|move|p2a: Noivern|Super Fang|p1a: Crobat
|-damage|p1a: Crobat|187\/373
|
|-heal|p1a: Crobat|210\/373|[from] item: Black Sludge
|-heal|p2a: Noivern|293\/374|[from] item: Leftovers
|turn|3
|
|move|p1a: Crobat|Roost|p1a: Crobat
|-heal|p1a: Crobat|373\/373
|move|p2a: Noivern|Taunt|p1a: Crobat
|-start|p1a: Crobat|move: Taunt
|
|-heal|p2a: Noivern|316\/374|[from] item: Leftovers
|turn|4
|
|move|p1a: Crobat|Brave Bird|p2a: Noivern
|-damage|p2a: Noivern|148\/374
|-damage|p1a: Crobat|318\/373|[from] recoil|[of] p2a: Noivern
|move|p2a: Noivern|Super Fang|p1a: Crobat
|-damage|p1a: Crobat|159\/373
|
|-heal|p1a: Crobat|182\/373|[from] item: Black Sludge
|-heal|p2a: Noivern|171\/374|[from] item: Leftovers
|turn|5
|
|switch|p2a: Jirachi|Jirachi|404\/404
|move|p1a: Crobat|Brave Bird|p2a: Jirachi
|-resisted|p2a: Jirachi
|-damage|p2a: Jirachi|329\/404
|-damage|p1a: Crobat|157\/373|[from] recoil|[of] p2a: Jirachi
|
|-heal|p1a: Crobat|180\/373|[from] item: Black Sludge
|-heal|p2a: Jirachi|354\/404|[from] item: Leftovers
|turn|6
|
|move|p1a: Crobat|Brave Bird|p2a: Jirachi
|-resisted|p2a: Jirachi
|-damage|p2a: Jirachi|285\/404
|-damage|p1a: Crobat|157\/373|[from] recoil|[of] p2a: Jirachi
|move|p2a: Jirachi|Stealth Rock|p1a: Crobat
|-sidestart|p1: Antenna Management|move: Stealth Rock
|
|-heal|p1a: Crobat|180\/373|[from] item: Black Sludge
|-heal|p2a: Jirachi|310\/404|[from] item: Leftovers
|-end|p1a: Crobat|move: Taunt
|turn|7
|
|move|p1a: Crobat|Roost|p1a: Crobat
|-heal|p1a: Crobat|367\/373
|move|p2a: Jirachi|Thunder Wave|p1a: Crobat
|-status|p1a: Crobat|par
|
|-heal|p2a: Jirachi|335\/404|[from] item: Leftovers
|-heal|p1a: Crobat|373\/373 par|[from] item: Black Sludge
|turn|8
|
|move|p2a: Jirachi|Iron Head|p1a: Crobat
|-damage|p1a: Crobat|258\/373 par
|cant|p1a: Crobat|par
|
|-heal|p2a: Jirachi|360\/404|[from] item: Leftovers
|-heal|p1a: Crobat|281\/373 par|[from] item: Black Sludge
|turn|9
|
|move|p2a: Jirachi|Iron Head|p1a: Crobat
|-damage|p1a: Crobat|167\/373 par
|cant|p1a: Crobat|par
|
|-heal|p2a: Jirachi|385\/404|[from] item: Leftovers
|-heal|p1a: Crobat|190\/373 par|[from] item: Black Sludge
|turn|10
|
|move|p2a: Jirachi|Iron Head|p1a: Crobat
|-crit|p1a: Crobat
|-damage|p1a: Crobat|10\/373 par
|cant|p1a: Crobat|flinch
|
|-heal|p2a: Jirachi|404\/404|[from] item: Leftovers
|-heal|p1a: Crobat|33\/373 par|[from] item: Black Sludge
|turn|11
|
|switch|p1a: Hydreigon|Hydreigon, M|325\/325
|-damage|p1a: Hydreigon|285\/325|[from] Stealth Rock
|move|p2a: Jirachi|Iron Head|p1a: Hydreigon
|-damage|p1a: Hydreigon|188\/325
|
|turn|12
|
|switch|p2a: Noivern|Noivern, F|171\/374
|move|p1a: Hydreigon|Dark Pulse|p2a: Noivern
|-damage|p2a: Noivern|0 fnt
|faint|p2a: Noivern
|
|
|switch|p2a: Chesnaught|Chesnaught, F|369\/369
|turn|13
|
|switch|p1a: Crobat|Crobat, F|33\/373 par
|-damage|p1a: Crobat|0 fnt|[from] Stealth Rock
|faint|p1a: Crobat
|move|p2a: Chesnaught|Leech Seed|p1: Crobat|[notarget]
|-notarget
|
|
|switch|p1a: Beedrill|Beedrill-Mega, M|271\/271
|-damage|p1a: Beedrill|204\/271|[from] Stealth Rock
|turn|14
|
|move|p1a: Beedrill|Swords Dance|p1a: Beedrill
|-boost|p1a: Beedrill|atk|2
|move|p2a: Chesnaught|Leech Seed|p1a: Beedrill
|-start|p1a: Beedrill|move: Leech Seed
|
|-damage|p1a: Beedrill|171\/271|[from] Leech Seed|[of] p2a: Chesnaught
|turn|15
|
|move|p2a: Chesnaught|Spiky Shield|p2a: Chesnaught
|-singleturn|p2a: Chesnaught|move: Protect
|move|p1a: Beedrill|Swords Dance|p1a: Beedrill
|-boost|p1a: Beedrill|atk|2
|
|-damage|p1a: Beedrill|138\/271|[from] Leech Seed|[of] p2a: Chesnaught
|turn|16
|
|move|p1a: Beedrill|Poison Jab|p2a: Chesnaught
|-crit|p2a: Chesnaught
|-supereffective|p2a: Chesnaught
|-damage|p2a: Chesnaught|0 fnt
|faint|p2a: Chesnaught
|
|
|switch|p2a: Beedrill|Beedrill, M|272\/272
|turn|17
|
|detailschange|p2a: Beedrill|Beedrill-Mega, M
|-mega|p2a: Beedrill|Beedrill|Beedrillite
|move|p2a: Beedrill|Protect|p2a: Beedrill
|-singleturn|p2a: Beedrill|Protect
|move|p1a: Beedrill|Poison Jab|p2a: Beedrill
|-activate|p2a: Beedrill|Protect
|
|-damage|p1a: Beedrill|105\/271|[from] Leech Seed|[of] p2a: Beedrill
|turn|18
|
|move|p1a: Beedrill|Poison Jab|p2a: Beedrill
|-crit|p2a: Beedrill
|-resisted|p2a: Beedrill
|-damage|p2a: Beedrill|0 fnt
|faint|p2a: Beedrill
|
|-message|Kishin Asura forfeited.
|
|win|Antenna Management
|raw|Ladder updating...