|join|Antenna Management
|join|Lord of popcorn
|player|p1|Antenna Management|268
|player|p2|Lord of popcorn|170
|gametype|singles
|gen|6
|tier|UU
|rated
|rule|Sleep Clause Mod: Limit one foe put to sleep
|rule|Species Clause: Limit one of each Pokémon
|rule|OHKO Clause: OHKO moves are banned
|rule|Moody Clause: Moody is banned
|rule|Evasion Moves Clause: Evasion moves are banned
|rule|Endless Battle Clause: Forcing endless battles is banned
|rule|HP Percentage Mod: HP is shown in percentages
|clearpoke
|poke|p1|Serperior, F
|poke|p1|Emboar, F
|poke|p1|Suicune
|poke|p1|Jirachi
|poke|p1|Aerodactyl, M
|poke|p1|Nidoqueen, F
|poke|p2|Aerodactyl, F
|poke|p2|Mienshao, F
|poke|p2|Alakazam, F
|poke|p2|Jirachi, shiny
|poke|p2|Tentacruel, F
|poke|p2|Nidoking, M
|rule|Swagger Clause: Swagger is banned
|rule|Baton Pass Clause: Limit one Pokémon knowing Baton Pass
|teampreview
|
|start
|switch|p1a: dog|Suicune|404\/404
|switch|p2a: Mienshao|Mienshao, F|271\/271
|-ability|p1a: dog|Pressure
|turn|1
|
|move|p2a: Mienshao|U-turn|p1a: dog
|-damage|p1a: dog|328\/404
|
|switch|p2a: Tentacruel|Tentacruel, F|364\/364
|move|p1a: dog|Scald|p2a: Tentacruel
|-resisted|p2a: Tentacruel
|-damage|p2a: Tentacruel|325\/364
|
|-heal|p1a: dog|353\/404|[from] item: Leftovers
|-heal|p2a: Tentacruel|347\/364|[from] item: Black Sludge
|turn|2
|join|Mega Pidgeotto
|join|ahyueah
|
|move|p1a: dog|Substitute|p1a: dog
|-start|p1a: dog|Substitute
|-damage|p1a: dog|252\/404
|move|p2a: Tentacruel|Toxic Spikes|p1a: dog
|-sidestart|p1: Antenna Management|move: Toxic Spikes
|
|-heal|p1a: dog|277\/404|[from] item: Leftovers
|-heal|p2a: Tentacruel|364\/364|[from] item: Black Sludge
|turn|3
|join|Tipsy Russian
|
|move|p1a: dog|Scald|p2a: Tentacruel
|-resisted|p2a: Tentacruel
|-damage|p2a: Tentacruel|329\/364
|-status|p2a: Tentacruel|brn
|move|p2a: Tentacruel|Scald|p1a: dog
|-resisted|p1a: dog
|-activate|p1a: dog|Substitute|[damage]
|
|-heal|p1a: dog|302\/404|[from] item: Leftovers
|-heal|p2a: Tentacruel|351\/364 brn|[from] item: Black Sludge
|-damage|p2a: Tentacruel|306\/364 brn|[from] brn
|turn|4
|
|move|p1a: dog|Calm Mind|p1a: dog
|-boost|p1a: dog|spa|1
|-boost|p1a: dog|spd|1
|move|p2a: Tentacruel|Scald|p1a: dog
|-resisted|p1a: dog
|-activate|p1a: dog|Substitute|[damage]
|
|-heal|p1a: dog|327\/404|[from] item: Leftovers
|-heal|p2a: Tentacruel|328\/364 brn|[from] item: Black Sludge
|-damage|p2a: Tentacruel|283\/364 brn|[from] brn
|turn|5
|
|move|p1a: dog|Calm Mind|p1a: dog
|-boost|p1a: dog|spa|1
|-boost|p1a: dog|spd|1
|move|p2a: Tentacruel|Haze|p2a: Tentacruel
|-clearallboost
|
|-heal|p1a: dog|352\/404|[from] item: Leftovers
|-heal|p2a: Tentacruel|305\/364 brn|[from] item: Black Sludge
|-damage|p2a: Tentacruel|260\/364 brn|[from] brn
|turn|6
|join|Gogoplata
|
|switch|p2a: Mienshao|Mienshao, F|271\/271
|move|p1a: dog|Calm Mind|p1a: dog
|-boost|p1a: dog|spa|1
|-boost|p1a: dog|spd|1
|
|-heal|p1a: dog|377\/404|[from] item: Leftovers
|turn|7
|c| Tipsy Russian|the counter
|
|move|p2a: Mienshao|U-turn|p1a: dog
|-end|p1a: dog|Substitute
|
|switch|p2a: Alakazam|Alakazam, F|251\/251
|move|p1a: dog|Scald|p2a: Alakazam
|-damage|p2a: Alakazam|118\/251
|
|-heal|p1a: dog|402\/404|[from] item: Leftovers
|turn|8
|
|move|p2a: Alakazam|Psyshock|p1a: dog
|-damage|p1a: dog|263\/404
|move|p1a: dog|Scald|p2a: Alakazam
|-damage|p2a: Alakazam|0 fnt
|faint|p2a: Alakazam
|
|-heal|p1a: dog|288\/404|[from] item: Leftovers
|join|QueenOfLuvdiscs
|
|switch|p2a: Aerodactyl|Aerodactyl, F|301\/301
|-ability|p2a: Aerodactyl|Pressure
|turn|9
|
|detailschange|p2a: Aerodactyl|Aerodactyl-Mega, F
|-mega|p2a: Aerodactyl|Aerodactyl|Aerodactylite
|move|p2a: Aerodactyl|Earthquake|p1a: dog
|-damage|p1a: dog|178\/404
|move|p1a: dog|Scald|p2a: Aerodactyl
|-supereffective|p2a: Aerodactyl
|-damage|p2a: Aerodactyl|19\/301
|-status|p2a: Aerodactyl|brn
|
|-heal|p1a: dog|203\/404|[from] item: Leftovers
|-damage|p2a: Aerodactyl|0 fnt|[from] brn
|faint|p2a: Aerodactyl
|
|switch|p2a: Mienshao|Mienshao, F|271\/271
|turn|10
|
|move|p2a: Mienshao|High Jump Kick|p1a: dog
|-damage|p1a: dog|0 fnt
|faint|p1a: dog
|
|
|switch|p1a: sbb|Nidoqueen, F|351\/351
|-sideend|p1: Antenna Management|move: Toxic Spikes|[of] p1a: sbb
|turn|11
|c|★Antenna Management|lag tes
|c|★Antenna Management|t
|
|switch|p2a: Tentacruel|Tentacruel, F|260\/364 brn
|move|p1a: sbb|Stealth Rock|p2a: Tentacruel
|-sidestart|p2: Lord of popcorn|move: Stealth Rock
|
|-heal|p2a: Tentacruel|282\/364 brn|[from] item: Black Sludge
|-damage|p2a: Tentacruel|237\/364 brn|[from] brn
|turn|12
|
|move|p2a: Tentacruel|Scald|p1a: sbb
|-supereffective|p1a: sbb
|-damage|p1a: sbb|163\/351
|move|p1a: sbb|Earth Power|p2a: Tentacruel
|-supereffective|p2a: Tentacruel
|-damage|p2a: Tentacruel|0 fnt
|faint|p2a: Tentacruel
|
|
|switch|p2a: Mienshao|Mienshao, F|271\/271
|-damage|p2a: Mienshao|255\/271|[from] Stealth Rock
|turn|13
|
|move|p2a: Mienshao|High Jump Kick|p1a: sbb
|-resisted|p1a: sbb
|-damage|p1a: sbb|24\/351
|move|p1a: sbb|Earth Power|p2a: Mienshao
|-damage|p2a: Mienshao|0 fnt
|faint|p2a: Mienshao
|
|
|switch|p2a: Jirachi|Jirachi, shiny|404\/404
|-damage|p2a: Jirachi|379\/404|[from] Stealth Rock
|turn|14
|join|sirdoucheman
|
|move|p2a: Jirachi|Psyshock|p1a: sbb
|-supereffective|p1a: sbb
|-damage|p1a: sbb|0 fnt
|faint|p1a: sbb
|
|-heal|p2a: Jirachi|404\/404|[from] item: Leftovers
|
|switch|p1a: snake|Serperior, F|291\/291
|turn|15
|
|move|p1a: snake|Glare|p2a: Jirachi
|-status|p2a: Jirachi|par
|move|p2a: Jirachi|Moonblast|p1a: snake
|-damage|p1a: snake|207\/291
|-boost|p1a: snake|spa|1
|
|turn|16
|join|Shit User
|
|move|p1a: snake|Leaf Storm|p2a: Jirachi
|-resisted|p2a: Jirachi
|-damage|p2a: Jirachi|303\/404 par
|-boost|p1a: snake|spa|2
|move|p2a: Jirachi|Psyshock|p1a: snake
|-damage|p1a: snake|114\/291
|
|-heal|p2a: Jirachi|328\/404 par|[from] item: Leftovers
|turn|17
|c| sirdoucheman|lol
|c| Shit User|\/me lord
|join|CaptainBravo
|
|move|p1a: snake|Synthesis|p1a: snake
|-heal|p1a: snake|259\/291
|move|p2a: Jirachi|Psyshock|p1a: snake
|-damage|p1a: snake|166\/291
|
|-heal|p2a: Jirachi|353\/404 par|[from] item: Leftovers
|turn|18
|join|K-Man3
|c|★Lord of popcorn|I had nothing for suicune, then I misclicked on moon blast.
|c|★Lord of popcorn|Take the wi
|c|★Lord of popcorn|*win
|-message|Lord of popcorn forfeited.
|leave|Lord of popcorn
|leave|sirdoucheman
|leave|K-Man3
|leave|CaptainBravo
|leave|Gogoplata
|
|win|Antenna Management
|raw|Ladder updating...
|player|p2
|leave|Antenna Management
|leave|Tipsy Russian
|raw|Antenna Management's rating: 1513 &rarr; <strong>1525<\/strong><br \/>(+12 for winning)
|raw|Lord of popcorn's rating: 1375 &rarr; <strong>1362<\/strong><br \/>(-13 for losing)
|player|p1
|join|Antenna Management
|leave|Antenna Management
|leave|Shit User
|leave|Mega Pidgeotto