|join|Robert Edward Lee
|join|TR Eraser Rain
|player|p1|Robert Edward Lee|214
|player|p2|TR Eraser Rain|102
|gametype|singles
|gen|6
|tier|OU
|rated
|clearpoke
|poke|p1|Azumarill, M
|poke|p1|Heatran, F
|poke|p1|Mamoswine, F
|poke|p1|Latios, M
|poke|p1|Heracross, M
|poke|p1|Thundurus, M
|poke|p2|Gardevoir, F
|poke|p2|Kyurem-Black
|poke|p2|Garchomp, M
|poke|p2|Heatran, M
|poke|p2|Slowbro, F
|poke|p2|Azumarill, F
|rule|Swagger Clause: Swagger is banned
|rule|Baton Pass Clause: Limit one Pokémon knowing Baton Pass
|rule|Sleep Clause Mod: Limit one foe put to sleep
|rule|Species Clause: Limit one of each Pokémon
|rule|OHKO Clause: OHKO moves are banned
|rule|Moody Clause: Moody is banned
|rule|Evasion Moves Clause: Evasion moves are banned
|rule|Endless Battle Clause: Forcing endless battles is banned
|rule|HP Percentage Mod: HP is shown in percentages
|teampreview
|
|start
|switch|p1a: Dovahkiin|Azumarill, M|401\/401
|switch|p2a: Heatran|Heatran, M|386\/386
|turn|1
|
|switch|p1a: The Red Terror|Heatran, F|362\/362
|-item|p1a: The Red Terror|Air Balloon
|move|p2a: Heatran|Stealth Rock|p1a: The Red Terror
|-sidestart|p1: Robert Edward Lee|move: Stealth Rock
|
|turn|2
|-message|Robert Edward Lee forfeited.
|
|win|TR Eraser Rain
|raw|Ladder updating...
|leave|Robert Edward Lee
|player|p1
|raw|Robert Edward Lee's rating: 1605 &rarr; <strong>1584<\/strong><br \/>(-21 for losing)
|raw|TR Eraser Rain's rating: 1581 &rarr; <strong>1602<\/strong><br \/>(+21 for winning)