|join|WECAMEASROMANS
|join|Robert Edward Lee
|player|p1|WECAMEASROMANS|102
|player|p2|Robert Edward Lee|214
|gametype|singles
|gen|6
|tier|OU
|rated
|clearpoke
|poke|p1|Garchomp, F
|poke|p1|Talonflame, M
|poke|p1|Tyranitar, M
|poke|p1|Excadrill, F
|poke|p1|Thundurus, M
|poke|p1|Azumarill, F
|poke|p2|Scizor, M
|poke|p2|Kyurem-Black, shiny
|poke|p2|Azumarill, F, shiny
|poke|p2|Heatran, F
|poke|p2|Latios, M
|poke|p2|Landorus, M
|rule|Swagger Clause: Swagger is banned
|rule|Baton Pass Clause: Limit one Pokémon knowing Baton Pass
|rule|Sleep Clause Mod: Limit one foe put to sleep
|rule|Species Clause: Limit one of each Pokémon
|rule|OHKO Clause: OHKO moves are banned
|rule|Moody Clause: Moody is banned
|rule|Evasion Moves Clause: Evasion moves are banned
|rule|Endless Battle Clause: Forcing endless battles is banned
|rule|HP Percentage Mod: HP is reported as percentages
|teampreview
|chat|Robert Edward Lee|;-;
|chat|Robert Edward Lee|im facing wcar
|chat|Robert Edward Lee|gl hf
|chat|WECAMEASROMANS|you too
|
|start
|switch|p1a: Azumarill|Azumarill, F|397\/397
|switch|p2a: Lil Cuzzin Terio|Azumarill, F, shiny|403\/403
|turn|1
|
|switch|p2a: Father Lenin|Scizor, M|343\/343
|move|p1a: Azumarill|Play Rough|p2a: Father Lenin
|-resisted|p2a: Father Lenin
|-damage|p2a: Father Lenin|255\/343
|
|turn|2
|
|switch|p1a: Talonflame|Talonflame, M|324\/324
|detailschange|p2a: Father Lenin|Scizor-Mega, M
|message|Scizor has Mega Evolved into Mega Scizor!
|move|p2a: Father Lenin|Knock Off|p1a: Talonflame
|-damage|p1a: Talonflame|167\/324
|-enditem|p1a: Talonflame|Sharp Beak|[from] move: Knock Off|[of] p2a: Father Lenin
|
|turn|3
|
|switch|p1a: Azumarill|Azumarill, F|397\/397
|switch|p2a: The Red Terror|Heatran, F|362\/362
|-item|p2a: The Red Terror|Air Balloon
|
|turn|4
|
|move|p1a: Azumarill|Waterfall|p2a: The Red Terror
|-supereffective|p2a: The Red Terror
|-damage|p2a: The Red Terror|18\/362
|-enditem|p2a: The Red Terror|Air Balloon
|move|p2a: The Red Terror|Roar|p1a: Azumarill
|drag|p1a: Excadrill|Excadrill, F|359\/359
|
|turn|5
|
|switch|p1a: Tyranitar|Tyranitar, M|399\/399
|-weather|Sandstorm
|move|p2a: The Red Terror|Stealth Rock|p1a: Tyranitar
|-sidestart|p1: WECAMEASROMANS|move: Stealth Rock
|
|-weather|Sandstorm|[upkeep]
|turn|6
|
|move|p2a: The Red Terror|Earth Power|p1a: Tyranitar
|-supereffective|p1a: Tyranitar
|-damage|p1a: Tyranitar|249\/399
|move|p1a: Tyranitar|Stealth Rock|p2a: The Red Terror
|-sidestart|p2: Robert Edward Lee|move: Stealth Rock
|
|-weather|Sandstorm|[upkeep]
|turn|7
|
|move|p2a: The Red Terror|Earth Power|p1a: Tyranitar
|-supereffective|p1a: Tyranitar
|-damage|p1a: Tyranitar|111\/399
|move|p1a: Tyranitar|Pursuit|p2a: The Red Terror
|-damage|p2a: The Red Terror|0 fnt
|faint|p2a: The Red Terror
|
|-weather|Sandstorm|[upkeep]
|
|switch|p2a: Lil Cuzzin Terio|Azumarill, F, shiny|403\/403
|-damage|p2a: Lil Cuzzin Terio|353\/403|[from] Stealth Rock
|turn|8
|
|move|p2a: Lil Cuzzin Terio|Aqua Jet|p1a: Tyranitar
|-supereffective|p1a: Tyranitar
|-damage|p1a: Tyranitar|0 fnt
|faint|p1a: Tyranitar
|
|-weather|Sandstorm|[upkeep]
|-damage|p2a: Lil Cuzzin Terio|328\/403|[from] sandstorm
|
|switch|p1a: Thundurus|Thundurus, M|299\/299
|-damage|p1a: Thundurus|225\/299|[from] Stealth Rock
|turn|9
|
|switch|p2a: Trotsky|Latios, M|299\/299
|-damage|p2a: Trotsky|262\/299|[from] Stealth Rock
|move|p1a: Thundurus|Thunderbolt|p2a: Trotsky
|-resisted|p2a: Trotsky
|-damage|p2a: Trotsky|165\/299
|-damage|p1a: Thundurus|196\/299|[from] item: Life Orb
|
|-weather|Sandstorm|[upkeep]
|-damage|p1a: Thundurus|178\/299|[from] sandstorm
|-damage|p2a: Trotsky|147\/299|[from] sandstorm
|turn|10
|
|switch|p1a: Excadrill|Excadrill, F|359\/359
|-damage|p1a: Excadrill|348\/359|[from] Stealth Rock
|move|p2a: Trotsky|Draco Meteor|p1a: Excadrill
|-crit|p1a: Excadrill
|-resisted|p1a: Excadrill
|-damage|p1a: Excadrill|17\/359
|-unboost|p2a: Trotsky|spa|2
|-damage|p2a: Trotsky|118\/299|[from] item: Life Orb
|
|-weather|Sandstorm|[upkeep]
|-damage|p2a: Trotsky|100\/299|[from] sandstorm
|turn|11
|
|move|p1a: Excadrill|Iron Head|p2a: Trotsky
|-damage|p2a: Trotsky|0 fnt
|-damage|p1a: Excadrill|0 fnt|[from] item: Life Orb
|faint|p2a: Trotsky
|faint|p1a: Excadrill
|
|-weather|Sandstorm|[upkeep]
|
|switch|p1a: Garchomp|Garchomp, F|376\/376
|-damage|p1a: Garchomp|353\/376|[from] Stealth Rock
|switch|p2a: Lil Cuzzin Terio|Azumarill, F, shiny|328\/403
|-damage|p2a: Lil Cuzzin Terio|278\/403|[from] Stealth Rock
|turn|12
|
|switch|p2a: The Regulator|Landorus, M|319\/319
|-damage|p2a: The Regulator|280\/319|[from] Stealth Rock
|detailschange|p1a: Garchomp|Garchomp-Mega, F
|message|Garchomp has Mega Evolved into Mega Garchomp!
|move|p1a: Garchomp|Earthquake|p2a: The Regulator
|-immune|p2a: The Regulator|[msg]
|
|-weather|none
|turn|13
|
|switch|p1a: Azumarill|Azumarill, F|397\/397
|-damage|p1a: Azumarill|348\/397|[from] Stealth Rock
|move|p2a: The Regulator|Psychic|p1a: Azumarill
|-damage|p1a: Azumarill|206\/397
|
|turn|14
|
|move|p2a: The Regulator|Psychic|p1a: Azumarill
|-damage|p1a: Azumarill|79\/397
|move|p1a: Azumarill|Knock Off|p2a: The Regulator
|-damage|p2a: The Regulator|124\/319
|-enditem|p2a: The Regulator|Life Orb|[from] move: Knock Off|[of] p1a: Azumarill
|
|turn|15
|
|switch|p2a: Father Lenin|Scizor-Mega, M|255\/343
|-damage|p2a: Father Lenin|213\/343|[from] Stealth Rock
|move|p1a: Azumarill|Aqua Jet|p2a: Father Lenin
|-damage|p2a: Father Lenin|152\/343
|
|turn|16
|
|switch|p1a: Garchomp|Garchomp-Mega, F|353\/376
|-damage|p1a: Garchomp|330\/376|[from] Stealth Rock
|move|p2a: Father Lenin|Roost|p2a: Father Lenin
|-heal|p2a: Father Lenin|324\/343
|
|turn|17
|
|switch|p2a: Lil Cuzzin Terio|Azumarill, F, shiny|278\/403
|-damage|p2a: Lil Cuzzin Terio|228\/403|[from] Stealth Rock
|move|p1a: Garchomp|Fire Blast|p2a: Lil Cuzzin Terio
|-resisted|p2a: Lil Cuzzin Terio
|-damage|p2a: Lil Cuzzin Terio|184\/403
|
|turn|18
|join|Murkrow Jupiter
|
|move|p1a: Garchomp|Earthquake|p2a: Lil Cuzzin Terio
|-crit|p2a: Lil Cuzzin Terio
|-damage|p2a: Lil Cuzzin Terio|0 fnt
|faint|p2a: Lil Cuzzin Terio
|
|
|switch|p2a: The Regulator|Landorus, M|124\/319
|-damage|p2a: The Regulator|85\/319|[from] Stealth Rock
|turn|19
|
|switch|p1a: Azumarill|Azumarill, F|79\/397
|-damage|p1a: Azumarill|30\/397|[from] Stealth Rock
|move|p2a: The Regulator|Earth Power|p1a: Azumarill
|-damage|p1a: Azumarill|0 fnt
|faint|p1a: Azumarill
|
|
|switch|p1a: Talonflame|Talonflame, M|167\/324
|-damage|p1a: Talonflame|5\/324|[from] Stealth Rock
|turn|20
|
|move|p1a: Talonflame|Roost|p1a: Talonflame
|-heal|p1a: Talonflame|167\/324
|move|p2a: The Regulator|Psychic|p1a: Talonflame
|-damage|p1a: Talonflame|0 fnt
|faint|p1a: Talonflame
|
|
|switch|p1a: Thundurus|Thundurus, M|178\/299
|-damage|p1a: Thundurus|104\/299|[from] Stealth Rock
|turn|21
|
|switch|p2a: Father Lenin|Scizor-Mega, M|324\/343
|-damage|p2a: Father Lenin|282\/343|[from] Stealth Rock
|move|p1a: Thundurus|Thunderbolt|p2a: Father Lenin
|-damage|p2a: Father Lenin|103\/343
|-damage|p1a: Thundurus|75\/299|[from] item: Life Orb
|
|turn|22
|
|switch|p1a: Garchomp|Garchomp-Mega, F|330\/376
|-damage|p1a: Garchomp|307\/376|[from] Stealth Rock
|move|p2a: Father Lenin|Bullet Punch|p1a: Garchomp
|-damage|p1a: Garchomp|210\/376
|
|turn|23
|
|switch|p2a: Siberia|Kyurem-Black, shiny|389\/389
|-damage|p2a: Siberia|292\/389|[from] Stealth Rock
|-ability|p2a: Siberia|Teravolt
|move|p1a: Garchomp|Earthquake|p2a: Siberia
|-damage|p2a: Siberia|63\/389
|
|turn|24
|
|move|p2a: Siberia|Ice Beam|p1a: Garchomp
|-supereffective|p1a: Garchomp
|-damage|p1a: Garchomp|0 fnt
|-damage|p2a: Siberia|25\/389|[from] item: Life Orb
|faint|p1a: Garchomp
|
|
|switch|p1a: Thundurus|Thundurus, M|75\/299
|-damage|p1a: Thundurus|1\/299|[from] Stealth Rock
|turn|25
|
|move|p1a: Thundurus|Thunderbolt|p2a: Siberia
|-resisted|p2a: Siberia
|-damage|p2a: Siberia|0 fnt
|-damage|p1a: Thundurus|0 fnt|[from] item: Life Orb
|faint|p2a: Siberia
|faint|p1a: Thundurus
|
|win|Robert Edward Lee
|raw|Ladder updating...
|raw|WECAMEASROMANS's rating: 1849 &rarr; <strong>1818<\/strong><br \/>(-31 for losing)
|raw|Robert Edward Lee's rating: 1647 &rarr; <strong>1678<\/strong><br \/>(+31 for winning)
|leave|WECAMEASROMANS
|chat|Robert Edward Lee|gg
|chat|Robert Edward Lee|wait
|player|p1
|chat|Robert Edward Lee|;-;
|chat|Robert Edward Lee|i has question
|leave|Robert Edward Lee
|player|p2
|chat|Murkrow Jupiter|no tailwind tho?