|join|Reverb
|join|Robert Edward Lee
|player|p1|Reverb|#reverb
|player|p2|Robert Edward Lee|214
|gametype|singles
|gen|6
|tier|OU
|rated
|clearpoke
|poke|p1|Empoleon, M
|poke|p1|Tyranitar, F
|poke|p1|Charizard, F
|poke|p1|Keldeo
|poke|p1|Kyurem-Black
|poke|p1|Landorus-Therian, M
|poke|p2|Heracross, M
|poke|p2|Mamoswine, M
|poke|p2|Breloom, F, shiny
|poke|p2|Rotom-Wash
|poke|p2|Heatran, F
|poke|p2|Latios, M
|rule|Swagger Clause: Swagger is banned
|rule|Baton Pass Clause: Limit one Pokémon knowing Baton Pass
|rule|Sleep Clause Mod: Limit one foe put to sleep
|rule|Species Clause: Limit one of each Pokémon
|rule|OHKO Clause: OHKO moves are banned
|rule|Moody Clause: Moody is banned
|rule|Evasion Moves Clause: Evasion moves are banned
|rule|Endless Battle Clause: Forcing endless battles is banned
|rule|HP Percentage Mod: HP is shown in percentages
|teampreview
|c|★Robert Edward Lee|hf
|join|Squirrelll
|join|K1ngdr4
|c|★Robert Edward Lee|lemme call my mom so she can watch
|join|Starmaster
|join|A2tehBR
|c|★Reverb|...
|join|Escavalier
|join|Cranham
|
|start
|switch|p1a: Keldeo|Keldeo|323\/323
|switch|p2a: The Red Terror|Heatran, F|323\/323
|turn|1
|join|Mighty Dagon
|
|switch|p2a: Moist Nugget|Latios, M|301\/301
|move|p1a: Keldeo|Secret Sword|p2a: Moist Nugget
|-resisted|p2a: Moist Nugget
|-damage|p2a: Moist Nugget|174\/301
|
|turn|2
|join|Gizmo∞
|
|switch|p2a: Heracross|Heracross, M|307\/307
|switch|p1a: Empoleon|Empoleon, M|372\/372
|
|turn|3
|c| Gizmo∞|oh.
|
|switch|p1a: Landorus-Therian|Landorus-Therian, M|327\/327
|-ability|p1a: Landorus-Therian|Intimidate|[of] p2a: Heracross
|-unboost|p2a: Heracross|atk|1
|detailschange|p2a: Heracross|Heracross-Mega, M
|message|Heracross has Mega Evolved into Mega Heracross!
|move|p2a: Heracross|Close Combat|p1a: Landorus-Therian
|-resisted|p1a: Landorus-Therian
|-damage|p1a: Landorus-Therian|212\/327
|-unboost|p2a: Heracross|def|1
|-unboost|p2a: Heracross|spd|1
|
|turn|4
|join|Yuttt.ttttt
|
|switch|p2a: Rotom-Wash|Rotom-Wash|304\/304
|move|p1a: Landorus-Therian|U-turn|p2a: Rotom-Wash
|-damage|p2a: Rotom-Wash|241\/304
|
|switch|p1a: Charizard|Charizard, F|297\/297
|
|turn|5
|
|switch|p2a: The Red Terror|Heatran, F|323\/323
|detailschange|p1a: Charizard|Charizard-Mega-Y, F
|message|Charizard has Mega Evolved into Mega Charizard!
|-weather|SunnyDay
|move|p1a: Charizard|Earthquake|p2a: The Red Terror
|-supereffective|p2a: The Red Terror
|-damage|p2a: The Red Terror|31\/323
|
|-weather|SunnyDay|[upkeep]
|turn|6
|
|switch|p1a: Tyranitar|Tyranitar, F|383\/383
|-weather|Sandstorm
|move|p2a: The Red Terror|Stone Edge|p1a: Tyranitar
|-damage|p1a: Tyranitar|320\/383
|
|-weather|Sandstorm|[upkeep]
|turn|7
|
|switch|p1a: Landorus-Therian|Landorus-Therian, M|212\/327
|-ability|p1a: Landorus-Therian|Intimidate|[of] p2a: The Red Terror
|-unboost|p2a: The Red Terror|atk|1
|move|p2a: The Red Terror|Stone Edge|p1a: Landorus-Therian|[miss]
|-miss|p2a: The Red Terror|p1a: Landorus-Therian
|
|-weather|Sandstorm|[upkeep]
|turn|8
|
|move|p1a: Landorus-Therian|U-turn|p2a: The Red Terror
|-resisted|p2a: The Red Terror
|-damage|p2a: The Red Terror|11\/323
|
|switch|p1a: Empoleon|Empoleon, M|372\/372
|move|p2a: The Red Terror|Stone Edge|p1a: Empoleon
|-resisted|p1a: Empoleon
|-damage|p1a: Empoleon|355\/372
|
|-weather|Sandstorm|[upkeep]
|-heal|p1a: Empoleon|372\/372|[from] item: Leftovers
|turn|9
|
|switch|p2a: Annoying|Breloom, F, shiny|259\/259
|move|p1a: Empoleon|Stealth Rock|p2a: Annoying
|-sidestart|p2: Robert Edward Lee|move: Stealth Rock
|
|-weather|Sandstorm|[upkeep]
|-damage|p2a: Annoying|243\/259|[from] sandstorm
|turn|10
|
|move|p2a: Annoying|Spore|p1a: Empoleon
|-status|p1a: Empoleon|slp
|cant|p1a: Empoleon|slp
|
|-weather|none
|turn|11
|
|switch|p2a: The Red Terror|Heatran, F|11\/323
|-damage|p2a: The Red Terror|0 fnt|[from] Stealth Rock
|faint|p2a: The Red Terror
|switch|p1a: Landorus-Therian|Landorus-Therian, M|212\/327
|
|
|switch|p2a: Siberia|Mamoswine, M|359\/359
|-damage|p2a: Siberia|315\/359|[from] Stealth Rock
|turn|12
|join|onceupon
|
|move|p1a: Landorus-Therian|Explosion|p2a: Siberia
|-damage|p2a: Siberia|0 fnt
|faint|p1a: Landorus-Therian
|faint|p2a: Siberia
|
|
|switch|p2a: Moist Nugget|Latios, M|174\/301
|switch|p1a: Kyurem-Black|Kyurem-Black|391\/391
|-damage|p2a: Moist Nugget|137\/301|[from] Stealth Rock
|-ability|p1a: Kyurem-Black|Teravolt
|turn|13
|c| Mighty Dagon|the boom is real
|
|move|p2a: Moist Nugget|Draco Meteor|p1a: Kyurem-Black
|-crit|p1a: Kyurem-Black
|-supereffective|p1a: Kyurem-Black
|-damage|p1a: Kyurem-Black|0 fnt
|-unboost|p2a: Moist Nugget|spa|2
|faint|p1a: Kyurem-Black
|
|c|★Reverb|tf
|c| Yuttt.ttttt|scref
|join|Code Learner
|c| Squirrelll|lol def tried to snipe you
|c|★Robert Edward Lee|no....
|
|switch|p1a: Charizard|Charizard-Mega-Y, F|297\/297
|-weather|SunnyDay
|turn|14
|c|★Robert Edward Lee|ive had this team
|c|★Robert Edward Lee|longer than reverb has had his
|
|switch|p2a: Rotom-Wash|Rotom-Wash|241\/304
|-damage|p2a: Rotom-Wash|203\/304|[from] Stealth Rock
|move|p1a: Charizard|Solar Beam|p2a: Rotom-Wash|[still]
|-prepare|p1a: Charizard|Solar Beam|p2a: Rotom-Wash
|-anim|p1a: Charizard|Solar Beam|p2a: Rotom-Wash
|-supereffective|p2a: Rotom-Wash
|-damage|p2a: Rotom-Wash|0 fnt
|faint|p2a: Rotom-Wash
|
|-weather|SunnyDay|[upkeep]
|
|switch|p2a: Moist Nugget|Latios, M|137\/301
|-damage|p2a: Moist Nugget|100\/301|[from] Stealth Rock
|turn|15
|c| Squirrelll|that doesnt mean much lol
|join|Srn
|
|switch|p1a: Tyranitar|Tyranitar, F|320\/383
|-weather|Sandstorm
|move|p2a: Moist Nugget|Psyshock|p1a: Tyranitar
|-immune|p1a: Tyranitar|[msg]
|
|-weather|Sandstorm|[upkeep]
|-damage|p2a: Moist Nugget|82\/301|[from] sandstorm
|turn|16
|c| Gizmo∞|didn't haba lose anyways
|c| Gizmo∞|what am i missing
|join|CleanerThanRotom-W
|
|move|p2a: Moist Nugget|Psyshock|p1a: Tyranitar
|-immune|p1a: Tyranitar|[msg]
|move|p1a: Tyranitar|Crunch|p2a: Moist Nugget
|-supereffective|p2a: Moist Nugget
|-damage|p2a: Moist Nugget|0 fnt
|faint|p2a: Moist Nugget
|
|-weather|Sandstorm|[upkeep]
|c| Squirrelll|yeah its ova jsut those sets are p redic
|
|switch|p2a: Heracross|Heracross-Mega, M|307\/307
|-damage|p2a: Heracross|269\/307|[from] Stealth Rock
|turn|17
|
|move|p2a: Heracross|Substitute|p2a: Heracross
|-start|p2a: Heracross|Substitute
|-damage|p2a: Heracross|193\/307
|move|p1a: Tyranitar|Crunch|p2a: Heracross
|-resisted|p2a: Heracross
|-end|p2a: Heracross|Substitute
|
|-weather|Sandstorm|[upkeep]
|-damage|p2a: Heracross|174\/307|[from] sandstorm
|turn|18
|join|Chillingtildawn
|c| Escavalier|aw
|
|move|p2a: Heracross|Pin Missile|p1a: Tyranitar
|-supereffective|p1a: Tyranitar
|-damage|p1a: Tyranitar|188\/383
|-supereffective|p1a: Tyranitar
|-damage|p1a: Tyranitar|60\/383
|-supereffective|p1a: Tyranitar
|-damage|p1a: Tyranitar|0 fnt
|-hitcount|p1a: Tyranitar|3
|faint|p1a: Tyranitar
|
|-weather|Sandstorm|[upkeep]
|-damage|p2a: Heracross|155\/307|[from] sandstorm
|c|★Robert Edward Lee|yeah very redic
|c| Escavalier|that would've been sick
|
|switch|p1a: Charizard|Charizard-Mega-Y, F|297\/297
|-weather|SunnyDay
|turn|19
|c|★Robert Edward Lee|uncommon scarf lati
|c| Gizmo∞|fire miss
|c|★Reverb|gg
|c|★Robert Edward Lee|uncommon tran
|
|move|p1a: Charizard|Flamethrower|p2a: Heracross
|-supereffective|p2a: Heracross
|-damage|p2a: Heracross|0 fnt
|faint|p2a: Heracross
|
|-weather|SunnyDay|[upkeep]
|c|★Robert Edward Lee|gg
|
|switch|p2a: Annoying|Breloom, F, shiny|243\/259
|-damage|p2a: Annoying|227\/259|[from] Stealth Rock
|turn|20
|c| Squirrelll|chesto rotom-w?
|
|move|p2a: Annoying|Mach Punch|p1a: Charizard
|-resisted|p1a: Charizard
|-damage|p1a: Charizard|205\/297
|-damage|p2a: Annoying|202\/259|[from] item: Life Orb
|move|p1a: Charizard|Flamethrower|p2a: Annoying
|-crit|p2a: Annoying
|-supereffective|p2a: Annoying
|-damage|p2a: Annoying|0 fnt
|faint|p2a: Annoying
|
|win|Reverb
|raw|Ladder updating...
|raw|Reverb's rating: 1820 &rarr; <strong>1832<\/strong><br \/>(+12 for winning)
|raw|Robert Edward Lee's rating: 1688 &rarr; <strong>1675<\/strong><br \/>(-13 for losing)
|c|★Robert Edward Lee|yeah
|leave|Gizmo∞
|leave|Escavalier
|leave|Chillingtildawn
|leave|Robert Edward Lee
|player|p2
|leave|Mighty Dagon