|join|youngjake93
|join|Robert Edward Lee
|player|p1|youngjake93|1
|player|p2|Robert Edward Lee|214
|gametype|singles
|gen|4
|tier|[Gen 4] OU
|rule|Sleep Clause Mod: Limit one foe put to sleep
|rule|Species Clause: Limit one of each Pokémon
|rule|OHKO Clause: OHKO moves are banned
|rule|Moody Clause: Moody is banned
|rule|Evasion Moves Clause: Evasion moves are banned
|rule|Endless Battle Clause: Forcing endless battles is banned
|rule|HP Percentage Mod: HP is shown in percentages
|
|start
|switch|p1a: Swampert|Swampert, M|341\/341
|switch|p2a: Metagross|Metagross|364\/364
|turn|1
|join|the pdc show
|c|★Robert Edward Lee|hf
|leave|the pdc show
|c|★youngjake93|u2
|
|move|p1a: Swampert|Stealth Rock|p2a: Metagross
|-sidestart|p2: Robert Edward Lee|move: Stealth Rock
|move|p2a: Metagross|Meteor Mash|p1a: Swampert|[miss]
|-miss|p2a: Metagross|p1a: Swampert
|
|turn|2
|join|Prankster
|
|move|p1a: Swampert|Earthquake|p2a: Metagross
|-supereffective|p2a: Metagross
|-damage|p2a: Metagross|20\/364
|-damage|p1a: Swampert|307\/341|[from] item: Life Orb
|move|p2a: Metagross|Meteor Mash|p1a: Swampert
|-resisted|p1a: Swampert
|-damage|p1a: Swampert|194\/341
|
|turn|3
|
|switch|p1a: Forretress|Forretress, F|354\/354
|move|p2a: Metagross|Bullet Punch|p1a: Forretress
|-resisted|p1a: Forretress
|-damage|p1a: Forretress|328\/354
|
|-heal|p1a: Forretress|350\/354|[from] item: Leftovers
|turn|4
|
|move|p2a: Metagross|Explosion|p1a: Forretress
|-resisted|p1a: Forretress
|-damage|p1a: Forretress|159\/354
|faint|p2a: Metagross
|move|p1a: Forretress|Spikes|p2: Metagross
|-sidestart|p2: Robert Edward Lee|Spikes
|
|-heal|p1a: Forretress|181\/354|[from] item: Leftovers
|
|switch|p2a: Starmie|Starmie|309\/309
|-damage|p2a: Starmie|271\/309|[from] Stealth Rock
|-damage|p2a: Starmie|233\/309|[from] Spikes
|turn|5
|join|flcl
|
|switch|p1a: Rotom-Wash|Rotom-Wash|304\/304
|move|p2a: Starmie|Surf|p1a: Rotom-Wash
|-damage|p1a: Rotom-Wash|198\/304
|
|-heal|p2a: Starmie|252\/309|[from] item: Leftovers
|-heal|p1a: Rotom-Wash|217\/304|[from] item: Leftovers
|turn|6
|leave|flcl
|
|switch|p2a: Swampert|Swampert, M|391\/391
|-damage|p2a: Swampert|343\/391|[from] Spikes
|-damage|p2a: Swampert|319\/391|[from] Stealth Rock
|move|p1a: Rotom-Wash|Will-O-Wisp|p2a: Swampert
|-status|p2a: Swampert|brn
|
|-heal|p1a: Rotom-Wash|236\/304|[from] item: Leftovers
|-heal|p2a: Swampert|343\/391 brn|[from] item: Leftovers
|-damage|p2a: Swampert|295\/391 brn|[from] brn
|turn|7
|
|switch|p1a: Celebi|Celebi|404\/404
|move|p2a: Swampert|Ice Beam|p1a: Celebi
|-supereffective|p1a: Celebi
|-damage|p1a: Celebi|270\/404
|
|-heal|p1a: Celebi|295\/404|[from] item: Leftovers
|-heal|p2a: Swampert|319\/391 brn|[from] item: Leftovers
|-damage|p2a: Swampert|271\/391 brn|[from] brn
|turn|8
|
|switch|p2a: Dragonite|Dragonite, M|323\/323
|-damage|p2a: Dragonite|243\/323|[from] Stealth Rock
|move|p1a: Celebi|Leech Seed|p2a: Dragonite
|-start|p2a: Dragonite|move: Leech Seed
|
|-heal|p1a: Celebi|320\/404|[from] item: Leftovers
|-damage|p2a: Dragonite|203\/323|[from] Leech Seed|[of] p1a: Celebi
|-heal|p1a: Celebi|360\/404|[silent]
|turn|9
|
|move|p1a: Celebi|Substitute|p1a: Celebi
|-start|p1a: Celebi|Substitute
|-damage|p1a: Celebi|259\/404
|move|p2a: Dragonite|Fire Blast|p1a: Celebi
|-supereffective|p1a: Celebi
|-end|p1a: Celebi|Substitute
|
|-heal|p1a: Celebi|284\/404|[from] item: Leftovers
|-damage|p2a: Dragonite|163\/323|[from] Leech Seed|[of] p1a: Celebi
|-heal|p1a: Celebi|324\/404|[silent]
|turn|10
|
|switch|p2a: Scizor|Scizor, M|333\/333
|-damage|p2a: Scizor|292\/333|[from] Spikes
|-damage|p2a: Scizor|251\/333|[from] Stealth Rock
|move|p1a: Celebi|Substitute|p1a: Celebi
|-start|p1a: Celebi|Substitute
|-damage|p1a: Celebi|223\/404
|
|-heal|p1a: Celebi|248\/404|[from] item: Leftovers
|turn|11
|
|move|p2a: Scizor|Bullet Punch|p1a: Celebi
|-end|p1a: Celebi|Substitute
|move|p1a: Celebi|Leech Seed|p2a: Scizor
|-start|p2a: Scizor|move: Leech Seed
|
|-heal|p1a: Celebi|273\/404|[from] item: Leftovers
|-damage|p2a: Scizor|210\/333|[from] Leech Seed|[of] p1a: Celebi
|-heal|p1a: Celebi|314\/404|[silent]
|turn|12
|join|kektus
|
|switch|p1a: Heatran|Heatran, M|323\/323
|switch|p2a: Infernape|Infernape, M|296\/296
|-damage|p2a: Infernape|259\/296|[from] Spikes
|-damage|p2a: Infernape|222\/296|[from] Stealth Rock
|
|turn|13
|
|switch|p2a: Dragonite|Dragonite, M|163\/323
|-damage|p2a: Dragonite|83\/323|[from] Stealth Rock
|switch|p1a: Dragonite|Dragonite, F|386\/386
|
|turn|14
|
|move|p2a: Dragonite|Extreme Speed|p1a: Dragonite
|-damage|p1a: Dragonite|248\/386
|-damage|p2a: Dragonite|51\/323|[from] item: Life Orb
|move|p1a: Dragonite|Dragon Dance|p1a: Dragonite
|-boost|p1a: Dragonite|atk|1
|-boost|p1a: Dragonite|spe|1
|
|turn|15
|
|move|p2a: Dragonite|Extreme Speed|p1a: Dragonite
|-damage|p1a: Dragonite|107\/386
|-damage|p2a: Dragonite|19\/323|[from] item: Life Orb
|move|p1a: Dragonite|Dragon Claw|p2a: Dragonite
|-supereffective|p2a: Dragonite
|-damage|p2a: Dragonite|0 fnt
|-damage|p1a: Dragonite|69\/386|[from] item: Life Orb
|faint|p2a: Dragonite
|
|
|switch|p2a: Scizor|Scizor, M|210\/333
|-damage|p2a: Scizor|169\/333|[from] Stealth Rock
|-damage|p2a: Scizor|128\/333|[from] Spikes
|turn|16
|
|move|p2a: Scizor|Bullet Punch|p1a: Dragonite
|-damage|p1a: Dragonite|0 fnt
|faint|p1a: Dragonite
|
|
|switch|p1a: Heatran|Heatran, M|323\/323
|turn|17
|
|switch|p2a: Swampert|Swampert, M|271\/391 brn
|-damage|p2a: Swampert|223\/391 brn|[from] Spikes
|-damage|p2a: Swampert|199\/391 brn|[from] Stealth Rock
|move|p1a: Heatran|Substitute|p1a: Heatran
|-start|p1a: Heatran|Substitute
|-damage|p1a: Heatran|243\/323
|
|-heal|p1a: Heatran|263\/323|[from] item: Leftovers
|-heal|p2a: Swampert|223\/391 brn|[from] item: Leftovers
|-damage|p2a: Swampert|175\/391 brn|[from] brn
|turn|18
|
|move|p1a: Heatran|Earth Power|p2a: Swampert
|-damage|p2a: Swampert|61\/391 brn
|move|p2a: Swampert|Stealth Rock|p1a: Heatran
|-sidestart|p1: youngjake93|move: Stealth Rock
|
|-heal|p1a: Heatran|283\/323|[from] item: Leftovers
|-heal|p2a: Swampert|85\/391 brn|[from] item: Leftovers
|-damage|p2a: Swampert|37\/391 brn|[from] brn
|turn|19
|
|move|p1a: Heatran|Earth Power|p2a: Swampert
|-damage|p2a: Swampert|0 fnt
|faint|p2a: Swampert
|
|-heal|p1a: Heatran|303\/323|[from] item: Leftovers
|
|switch|p2a: Starmie|Starmie|252\/309
|-damage|p2a: Starmie|214\/309|[from] Stealth Rock
|-damage|p2a: Starmie|176\/309|[from] Spikes
|turn|20
|
|move|p2a: Starmie|Surf|p1a: Heatran
|-supereffective|p1a: Heatran
|-end|p1a: Heatran|Substitute
|move|p1a: Heatran|Earth Power|p2a: Starmie
|-damage|p2a: Starmie|50\/309
|
|-heal|p2a: Starmie|69\/309|[from] item: Leftovers
|-heal|p1a: Heatran|323\/323|[from] item: Leftovers
|turn|21
|
|switch|p1a: Celebi|Celebi|314\/404
|-damage|p1a: Celebi|264\/404|[from] Stealth Rock
|move|p2a: Starmie|Rapid Spin|p1a: Celebi
|-damage|p1a: Celebi|253\/404
|-sideend|p2: Robert Edward Lee|Spikes|[from] move: Rapid Spin|[of] p2a: Starmie
|-sideend|p2: Robert Edward Lee|Stealth Rock|[from] move: Rapid Spin|[of] p2a: Starmie
|
|-heal|p1a: Celebi|278\/404|[from] item: Leftovers
|-heal|p2a: Starmie|88\/309|[from] item: Leftovers
|turn|22
|
|switch|p2a: Scizor|Scizor, M|128\/333
|move|p1a: Celebi|Leech Seed|p2a: Scizor
|-start|p2a: Scizor|move: Leech Seed
|
|-heal|p1a: Celebi|303\/404|[from] item: Leftovers
|-damage|p2a: Scizor|87\/333|[from] Leech Seed|[of] p1a: Celebi
|-heal|p1a: Celebi|344\/404|[silent]
|turn|23
|
|move|p1a: Celebi|Substitute|p1a: Celebi
|-start|p1a: Celebi|Substitute
|-damage|p1a: Celebi|243\/404
|move|p2a: Scizor|U-turn|p1a: Celebi
|-supereffective|p1a: Celebi
|-end|p1a: Celebi|Substitute
|
|switch|p2a: Infernape|Infernape, M|222\/296
|
|-heal|p1a: Celebi|268\/404|[from] item: Leftovers
|turn|24
|
|move|p2a: Infernape|Flamethrower|p1a: Celebi
|-supereffective|p1a: Celebi
|-damage|p1a: Celebi|0 fnt
|-damage|p2a: Infernape|193\/296|[from] item: Life Orb
|faint|p1a: Celebi
|
|
|switch|p1a: Swampert|Swampert, M|194\/341
|-damage|p1a: Swampert|173\/341|[from] Stealth Rock
|turn|25
|
|move|p2a: Infernape|Grass Knot|p1a: Swampert
|-supereffective|p1a: Swampert
|-damage|p1a: Swampert|0 fnt
|-damage|p2a: Infernape|164\/296|[from] item: Life Orb
|faint|p1a: Swampert
|
|
|switch|p1a: Heatran|Heatran, M|323\/323
|-damage|p1a: Heatran|283\/323|[from] Stealth Rock
|turn|26
|
|move|p2a: Infernape|Close Combat|p1a: Heatran
|-supereffective|p1a: Heatran
|-damage|p1a: Heatran|0 fnt
|-unboost|p2a: Infernape|def|1
|-unboost|p2a: Infernape|spd|1
|-damage|p2a: Infernape|135\/296|[from] item: Life Orb
|faint|p1a: Heatran
|
|
|switch|p1a: Rotom-Wash|Rotom-Wash|236\/304
|-damage|p1a: Rotom-Wash|198\/304|[from] Stealth Rock
|turn|27
|join|Bloodz
|
|move|p2a: Infernape|Flamethrower|p1a: Rotom-Wash
|-damage|p1a: Rotom-Wash|32\/304
|-damage|p2a: Infernape|106\/296|[from] item: Life Orb
|move|p1a: Rotom-Wash|Thunderbolt|p2a: Infernape
|-damage|p2a: Infernape|0 fnt
|faint|p2a: Infernape
|
|-heal|p1a: Rotom-Wash|51\/304|[from] item: Leftovers
|
|switch|p2a: Scizor|Scizor, M|87\/333
|turn|28
|leave|Bloodz
|
|move|p1a: Rotom-Wash|Hydro Pump|p2a: Scizor
|-damage|p2a: Scizor|0 fnt
|faint|p2a: Scizor
|
|-heal|p1a: Rotom-Wash|70\/304|[from] item: Leftovers
|
|switch|p2a: Starmie|Starmie|88\/309
|turn|29
|join|BKC
|
|move|p2a: Starmie|Surf|p1a: Rotom-Wash
|-damage|p1a: Rotom-Wash|0 fnt
|faint|p1a: Rotom-Wash
|
|-heal|p2a: Starmie|107\/309|[from] item: Leftovers
|join|OPM Saitama
|
|switch|p1a: Forretress|Forretress, F|181\/354
|-damage|p1a: Forretress|137\/354|[from] Stealth Rock
|turn|30
|
|move|p2a: Starmie|Recover|p2a: Starmie
|-heal|p2a: Starmie|262\/309
|move|p1a: Forretress|Explosion|p2a: Starmie
|-damage|p2a: Starmie|0 fnt
|faint|p2a: Starmie
|faint|p1a: Forretress
|
|win|youngjake93
|leave|BKC
|c|★Robert Edward Lee|wut
|c|★youngjake93|yay
|c|★Robert Edward Lee|wait
|c|★youngjake93|I win
|c|★Robert Edward Lee|wait
|c|★Robert Edward Lee|hold up
|c|★Robert Edward Lee|arent u supposed to faint first?
|c|★youngjake93|no
|c|★Robert Edward Lee|ah ok
|leave|Prankster
|c|★Robert Edward Lee|gg
|leave|Robert Edward Lee
|player|p2