|join|jjrn
|join|azxcvbnm
|player|p1|jjrn|101
|player|p2|azxcvbnm|170
|gametype|singles
|gen|6
|tier|OU
|rated
|clearpoke
|poke|p1|Breloom, M
|poke|p1|Medicham, M
|poke|p1|Azumarill, M
|poke|p1|Heatran, F
|poke|p1|Latios, M
|poke|p1|Kyurem-Black
|poke|p2|Mew
|poke|p2|Chansey, F
|poke|p2|Gliscor, F
|poke|p2|Clefable, M
|poke|p2|Skarmory, F
|poke|p2|Slowbro, F
|rule|Swagger Clause: Swagger is banned
|rule|Baton Pass Clause: Limit one Pokémon knowing Baton Pass
|rule|Sleep Clause Mod: Limit one foe put to sleep
|rule|Species Clause: Limit one of each Pokémon
|rule|OHKO Clause: OHKO moves are banned
|rule|Moody Clause: Moody is banned
|rule|Evasion Moves Clause: Evasion moves are banned
|rule|Endless Battle Clause: Forcing endless battles is banned
|rule|HP Percentage Mod: HP is shown in percentages
|teampreview
|
|start
|switch|p1a: Breloom|Breloom, M|261\/261
|switch|p2a: Gliscor|Gliscor, F|354\/354
|turn|1
|
|switch|p1a: Medicham|Medicham, M|261\/261
|move|p2a: Gliscor|Stealth Rock|p1a: Medicham
|-sidestart|p1: jjrn|move: Stealth Rock
|
|-status|p2a: Gliscor|tox|[from] item: Toxic Orb
|turn|2
|
|switch|p2a: Slowbro|Slowbro, F|394\/394
|detailschange|p1a: Medicham|Medicham-Mega, M
|message|Medicham has Mega Evolved into Mega Medicham!
|move|p1a: Medicham|Ice Punch|p2a: Slowbro
|-resisted|p2a: Slowbro
|-damage|p2a: Slowbro|343\/394
|
|-heal|p2a: Slowbro|367\/394|[from] item: Leftovers
|turn|3
|
|switch|p1a: Breloom|Breloom, M|261\/261
|-damage|p1a: Breloom|245\/261|[from] Stealth Rock
|move|p2a: Slowbro|Scald|p1a: Breloom
|-resisted|p1a: Breloom
|-damage|p1a: Breloom|170\/261
|-status|p1a: Breloom|brn
|
|-heal|p2a: Slowbro|391\/394|[from] item: Leftovers
|-damage|p1a: Breloom|138\/261 brn|[from] brn
|turn|4
|-message|jjrn forfeited.
|
|win|azxcvbnm
|raw|Ladder updating...
|leave|jjrn
|player|p1
|raw|jjrn's rating: 1737 &rarr; <strong>1705<\/strong><br \/>(-32 for losing)
|raw|azxcvbnm's rating: 1475 &rarr; <strong>1508<\/strong><br \/>(+33 for winning)