|join|LT8A Tricking
|join|jjrn
|player|p1|LT8A Tricking|170
|player|p2|jjrn|169
|gametype|singles
|gen|6
|tier|OU
|rated
|clearpoke
|poke|p1|Jirachi
|poke|p1|Ferrothorn, M
|poke|p1|Landorus-Therian, M
|poke|p1|Keldeo
|poke|p1|Rotom-Wash
|poke|p1|Manectric, F
|poke|p2|Breloom, M
|poke|p2|Medicham, F
|poke|p2|Azumarill, M
|poke|p2|Heatran, F
|poke|p2|Latios, M
|poke|p2|Kyurem-Black
|rule|Swagger Clause: Swagger is banned
|rule|Baton Pass Clause: Limit one Pokémon knowing Baton Pass
|rule|Sleep Clause Mod: Limit one foe put to sleep
|rule|Species Clause: Limit one of each Pokémon
|rule|OHKO Clause: OHKO moves are banned
|rule|Moody Clause: Moody is banned
|rule|Evasion Moves Clause: Evasion moves are banned
|rule|Endless Battle Clause: Forcing endless battles is banned
|rule|HP Percentage Mod: HP is shown in percentages
|teampreview
|
|start
|switch|p1a: Landorus-Therian|Landorus-Therian, M|382\/382
|switch|p2a: Kyurem-Black|Kyurem-Black|391\/391
|-ability|p2a: Kyurem-Black|Teravolt
|-ability|p1a: Landorus-Therian|Intimidate|[of] p2a: Kyurem-Black
|-unboost|p2a: Kyurem-Black|atk|1
|turn|1
|
|switch|p2a: Medicham|Medicham, F|261\/261
|switch|p1a: Jirachi|Jirachi|404\/404
|
|turn|2
|
|detailschange|p2a: Medicham|Medicham-Mega, F
|message|Medicham has Mega Evolved into Mega Medicham!
|move|p2a: Medicham|Fake Out|p1a: Jirachi
|-resisted|p1a: Jirachi
|-damage|p1a: Jirachi|362\/404
|cant|p1a: Jirachi|flinch
|
|-heal|p1a: Jirachi|387\/404|[from] item: Leftovers
|turn|3
|
|move|p1a: Jirachi|Protect|p1a: Jirachi
|-singleturn|p1a: Jirachi|Protect
|move|p2a: Medicham|Drain Punch|p1a: Jirachi
|-activate|p1a: Jirachi|Protect
|
|-heal|p1a: Jirachi|404\/404|[from] item: Leftovers
|turn|4
|
|switch|p1a: Landorus-Therian|Landorus-Therian, M|382\/382
|-ability|p1a: Landorus-Therian|Intimidate|[of] p2a: Medicham
|-unboost|p2a: Medicham|atk|1
|move|p2a: Medicham|Drain Punch|p1a: Landorus-Therian
|-resisted|p1a: Landorus-Therian
|-damage|p1a: Landorus-Therian|319\/382
|
|-heal|p1a: Landorus-Therian|342\/382|[from] item: Leftovers
|turn|5
|
|move|p2a: Medicham|Ice Punch|p1a: Landorus-Therian
|-supereffective|p1a: Landorus-Therian
|-damage|p1a: Landorus-Therian|26\/382
|move|p1a: Landorus-Therian|Stealth Rock|p2a: Medicham
|-sidestart|p2: jjrn|move: Stealth Rock
|
|-heal|p1a: Landorus-Therian|49\/382|[from] item: Leftovers
|turn|6
|
|move|p2a: Medicham|Drain Punch|p1a: Landorus-Therian
|-resisted|p1a: Landorus-Therian
|-damage|p1a: Landorus-Therian|0 fnt
|faint|p1a: Landorus-Therian
|
|
|switch|p1a: Rotom-Wash|Rotom-Wash|304\/304
|turn|7
|
|switch|p2a: Heatran|Heatran, F|323\/323
|-damage|p2a: Heatran|283\/323|[from] Stealth Rock
|-item|p2a: Heatran|Air Balloon
|move|p1a: Rotom-Wash|Will-O-Wisp|p2a: Heatran
|-start|p2a: Heatran|ability: Flash Fire
|
|turn|8
|
|move|p1a: Rotom-Wash|Hydro Pump|p2a: Heatran
|-supereffective|p2a: Heatran
|-damage|p2a: Heatran|17\/323
|-enditem|p2a: Heatran|Air Balloon
|move|p2a: Heatran|Stealth Rock|p1a: Rotom-Wash
|-sidestart|p1: LT8A Tricking|move: Stealth Rock
|
|turn|9
|
|move|p1a: Rotom-Wash|Volt Switch|p2a: Heatran
|-damage|p2a: Heatran|0 fnt
|faint|p2a: Heatran
|
|switch|p1a: Keldeo|Keldeo|323\/323
|-damage|p1a: Keldeo|303\/323|[from] Stealth Rock
|
|-heal|p1a: Keldeo|323\/323|[from] item: Leftovers
|
|switch|p2a: Latios|Latios, M|301\/301
|-damage|p2a: Latios|264\/301|[from] Stealth Rock
|turn|10
|
|switch|p1a: Jirachi|Jirachi|404\/404
|-damage|p1a: Jirachi|379\/404|[from] Stealth Rock
|move|p2a: Latios|Psychic|p1a: Jirachi
|-resisted|p1a: Jirachi
|-damage|p1a: Jirachi|339\/404
|-damage|p2a: Latios|234\/301|[from] item: Life Orb
|
|-heal|p1a: Jirachi|364\/404|[from] item: Leftovers
|turn|11
|
|move|p2a: Latios|Shadow Ball|p1a: Jirachi
|-supereffective|p1a: Jirachi
|-damage|p1a: Jirachi|174\/404
|-damage|p2a: Latios|204\/301|[from] item: Life Orb
|move|p1a: Jirachi|U-turn|p2a: Latios
|-supereffective|p2a: Latios
|-damage|p2a: Latios|68\/301
|
|switch|p1a: Ferrothorn|Ferrothorn, M|352\/352
|-damage|p1a: Ferrothorn|330\/352|[from] Stealth Rock
|
|-heal|p1a: Ferrothorn|352\/352|[from] item: Leftovers
|turn|12
|
|switch|p1a: Rotom-Wash|Rotom-Wash|304\/304
|-damage|p1a: Rotom-Wash|266\/304|[from] Stealth Rock
|move|p2a: Latios|Hidden Power|p1a: Rotom-Wash
|-resisted|p1a: Rotom-Wash
|-damage|p1a: Rotom-Wash|235\/304
|-damage|p2a: Latios|38\/301|[from] item: Life Orb
|
|-heal|p1a: Rotom-Wash|254\/304|[from] item: Leftovers
|turn|13
|
|switch|p1a: Jirachi|Jirachi|174\/404
|-damage|p1a: Jirachi|149\/404|[from] Stealth Rock
|move|p2a: Latios|Recover|p2a: Latios
|-heal|p2a: Latios|189\/301
|
|-heal|p1a: Jirachi|174\/404|[from] item: Leftovers
|turn|14
|
|move|p1a: Jirachi|Protect|p1a: Jirachi
|-singleturn|p1a: Jirachi|Protect
|move|p2a: Latios|Shadow Ball|p1a: Jirachi
|-activate|p1a: Jirachi|Protect
|
|-heal|p1a: Jirachi|199\/404|[from] item: Leftovers
|turn|15
|
|move|p2a: Latios|Shadow Ball|p1a: Jirachi
|-supereffective|p1a: Jirachi
|-damage|p1a: Jirachi|4\/404
|-unboost|p1a: Jirachi|spd|1
|-damage|p2a: Latios|159\/301|[from] item: Life Orb
|move|p1a: Jirachi|U-turn|p2a: Latios
|-supereffective|p2a: Latios
|-damage|p2a: Latios|41\/301
|
|switch|p1a: Ferrothorn|Ferrothorn, M|352\/352
|-damage|p1a: Ferrothorn|330\/352|[from] Stealth Rock
|
|-heal|p1a: Ferrothorn|352\/352|[from] item: Leftovers
|turn|16
|
|switch|p1a: Rotom-Wash|Rotom-Wash|254\/304
|-damage|p1a: Rotom-Wash|216\/304|[from] Stealth Rock
|move|p2a: Latios|Hidden Power|p1a: Rotom-Wash
|-resisted|p1a: Rotom-Wash
|-damage|p1a: Rotom-Wash|180\/304
|-damage|p2a: Latios|11\/301|[from] item: Life Orb
|
|-heal|p1a: Rotom-Wash|199\/304|[from] item: Leftovers
|turn|17
|
|move|p2a: Latios|Recover|p2a: Latios
|-heal|p2a: Latios|162\/301
|move|p1a: Rotom-Wash|Volt Switch|p2a: Latios
|-resisted|p2a: Latios
|-damage|p2a: Latios|122\/301
|
|switch|p1a: Manectric|Manectric, F|281\/281
|-damage|p1a: Manectric|246\/281|[from] Stealth Rock
|
|turn|18
|
|detailschange|p1a: Manectric|Manectric-Mega, F
|message|Manectric has Mega Evolved into Mega Manectric!
|-ability|p1a: Manectric|Intimidate|[of] p2a: Latios
|-unboost|p2a: Latios|atk|1
|move|p2a: Latios|Psychic|p1a: Manectric
|-damage|p1a: Manectric|7\/281
|-damage|p2a: Latios|92\/301|[from] item: Life Orb
|move|p1a: Manectric|Hidden Power|p2a: Latios
|-supereffective|p2a: Latios
|-damage|p2a: Latios|0 fnt
|faint|p2a: Latios
|
|
|switch|p2a: Medicham|Medicham-Mega, F|261\/261
|-damage|p2a: Medicham|245\/261|[from] Stealth Rock
|turn|19
|
|move|p2a: Medicham|Fake Out|p1a: Manectric
|-damage|p1a: Manectric|0 fnt
|faint|p1a: Manectric
|
|
|switch|p1a: Rotom-Wash|Rotom-Wash|199\/304
|-damage|p1a: Rotom-Wash|161\/304|[from] Stealth Rock
|turn|20
|
|move|p2a: Medicham|Drain Punch|p1a: Rotom-Wash
|-damage|p1a: Rotom-Wash|0 fnt
|-heal|p2a: Medicham|261\/261|[from] drain|[of] p1a: Rotom-Wash
|faint|p1a: Rotom-Wash
|
|
|switch|p1a: Keldeo|Keldeo|323\/323
|-damage|p1a: Keldeo|303\/323|[from] Stealth Rock
|turn|21
|c|★LT8A Tricking|gg
|
|switch|p2a: Azumarill|Azumarill, M|341\/341
|-damage|p2a: Azumarill|299\/341|[from] Stealth Rock
|move|p1a: Keldeo|Scald|p2a: Azumarill
|-resisted|p2a: Azumarill
|-damage|p2a: Azumarill|247\/341
|
|-heal|p1a: Keldeo|323\/323|[from] item: Leftovers
|turn|22
|
|switch|p1a: Jirachi|Jirachi|4\/404
|-damage|p1a: Jirachi|0 fnt|[from] Stealth Rock
|faint|p1a: Jirachi
|move|p2a: Azumarill|Knock Off|p1: Jirachi|[notarget]
|-notarget
|
|
|switch|p1a: Ferrothorn|Ferrothorn, M|352\/352
|-damage|p1a: Ferrothorn|330\/352|[from] Stealth Rock
|turn|23
|
|switch|p2a: Breloom|Breloom, M|261\/261
|-damage|p2a: Breloom|245\/261|[from] Stealth Rock
|move|p1a: Ferrothorn|Thunder Wave|p2a: Breloom
|-status|p2a: Breloom|par
|
|-heal|p1a: Ferrothorn|352\/352|[from] item: Leftovers
|turn|24
|
|move|p1a: Ferrothorn|Spikes|p2a: Breloom
|-sidestart|p2: jjrn|Spikes
|cant|p2a: Breloom|par
|
|turn|25
|
|move|p1a: Ferrothorn|Spikes|p2a: Breloom
|-sidestart|p2: jjrn|Spikes
|cant|p2a: Breloom|par
|
|turn|26
|
|move|p1a: Ferrothorn|Spikes|p2a: Breloom
|-sidestart|p2: jjrn|Spikes
|move|p2a: Breloom|Drain Punch|p1a: Ferrothorn
|-supereffective|p1a: Ferrothorn
|-damage|p1a: Ferrothorn|164\/352
|-heal|p2a: Breloom|261\/261 par|[from] drain|[of] p1a: Ferrothorn
|-damage|p2a: Breloom|229\/261 par|[from] ability: Iron Barbs|[of] p1a: Ferrothorn
|
|-heal|p1a: Ferrothorn|186\/352|[from] item: Leftovers
|turn|27
|
|switch|p1a: Keldeo|Keldeo|323\/323
|-damage|p1a: Keldeo|303\/323|[from] Stealth Rock
|cant|p2a: Breloom|par
|
|-heal|p1a: Keldeo|323\/323|[from] item: Leftovers
|turn|28
|
|switch|p2a: Azumarill|Azumarill, M|247\/341
|-damage|p2a: Azumarill|205\/341|[from] Stealth Rock
|-damage|p2a: Azumarill|120\/341|[from] Spikes
|move|p1a: Keldeo|Secret Sword|p2a: Azumarill
|-resisted|p2a: Azumarill
|-damage|p2a: Azumarill|43\/341
|
|turn|29
|
|move|p2a: Azumarill|Aqua Jet|p1a: Keldeo
|-resisted|p1a: Keldeo
|-damage|p1a: Keldeo|274\/323
|move|p1a: Keldeo|Secret Sword|p2a: Azumarill
|-resisted|p2a: Azumarill
|-damage|p2a: Azumarill|0 fnt
|faint|p2a: Azumarill
|
|-heal|p1a: Keldeo|294\/323|[from] item: Leftovers
|
|switch|p2a: Kyurem-Black|Kyurem-Black|391\/391
|-damage|p2a: Kyurem-Black|294\/391|[from] Spikes
|-damage|p2a: Kyurem-Black|197\/391|[from] Stealth Rock
|-ability|p2a: Kyurem-Black|Teravolt
|turn|30
|join|fran17 )
|
|switch|p1a: Ferrothorn|Ferrothorn, M|186\/352
|-damage|p1a: Ferrothorn|164\/352|[from] Stealth Rock
|move|p2a: Kyurem-Black|Fusion Bolt|p1a: Ferrothorn
|-resisted|p1a: Ferrothorn
|-damage|p1a: Ferrothorn|117\/352
|
|-heal|p1a: Ferrothorn|139\/352|[from] item: Leftovers
|turn|31
|
|switch|p2a: Breloom|Breloom, M|229\/261 par
|-damage|p2a: Breloom|213\/261 par|[from] Stealth Rock
|-damage|p2a: Breloom|148\/261 par|[from] Spikes
|move|p1a: Ferrothorn|Thunder Wave|p2a: Breloom
|-fail|p2a: Breloom|par
|
|-heal|p1a: Ferrothorn|161\/352|[from] item: Leftovers
|turn|32
|
|switch|p1a: Keldeo|Keldeo|294\/323
|-damage|p1a: Keldeo|274\/323|[from] Stealth Rock
|cant|p2a: Breloom|par
|
|-heal|p1a: Keldeo|294\/323|[from] item: Leftovers
|turn|33
|c|★LT8A Tricking|they call me skilled
|c|★LT8A Tricking|n_n
|
|move|p1a: Keldeo|Substitute|p1a: Keldeo
|-start|p1a: Keldeo|Substitute
|-damage|p1a: Keldeo|214\/323
|move|p2a: Breloom|Drain Punch|p1a: Keldeo
|-end|p1a: Keldeo|Substitute
|-heal|p2a: Breloom|188\/261 par|[from] drain|[of] p1a: Keldeo
|
|-heal|p1a: Keldeo|234\/323|[from] item: Leftovers
|turn|34
|c| fran17 )|chi ti chiama così
|c| fran17 )|tua nonna?
|
|move|p1a: Keldeo|Substitute|p1a: Keldeo
|-start|p1a: Keldeo|Substitute
|-damage|p1a: Keldeo|154\/323
|move|p2a: Breloom|Bullet Seed|p1a: Keldeo
|-supereffective|p1a: Keldeo
|-end|p1a: Keldeo|Substitute
|-supereffective|p1a: Keldeo
|-damage|p1a: Keldeo|2\/323
|-hitcount|p1a: Keldeo|2
|
|-heal|p1a: Keldeo|22\/323|[from] item: Leftovers
|turn|35
|c|★LT8A Tricking|solo un para
|c|★LT8A Tricking|SOLO UNO
|c| fran17 )|L2P
|c|★LT8A Tricking|zio can
|c| fran17 )|MADONNA
|
|move|p1a: Keldeo|Secret Sword|p2a: Breloom
|-damage|p2a: Breloom|14\/261 par
|move|p2a: Breloom|Bullet Seed|p1a: Keldeo
|-supereffective|p1a: Keldeo
|-damage|p1a: Keldeo|0 fnt
|-hitcount|p1a: Keldeo|1
|faint|p1a: Keldeo
|
|c| fran17 )|CHE È STA SKILL
|
|switch|p1a: Ferrothorn|Ferrothorn, M|161\/352
|-damage|p1a: Ferrothorn|139\/352|[from] Stealth Rock
|turn|36
|-message|LT8A Tricking forfeited.
|
|win|jjrn
|raw|Ladder updating...
|raw|LT8A Tricking's rating: 1771 &rarr; <strong>1748<\/strong><br \/>(-23 for losing)
|raw|jjrn's rating: 1715 &rarr; <strong>1738<\/strong><br \/>(+23 for winning)