|join|jjrn
|join|Fenix Right
|player|p1|jjrn|169
|player|p2|Fenix Right|25
|gametype|singles
|gen|6
|tier|OU
|rated
|clearpoke
|poke|p1|Dragonite, M
|poke|p1|Manectric, M
|poke|p1|Togekiss, M
|poke|p1|Ferrothorn, F
|poke|p1|Conkeldurr, M
|poke|p1|Landorus-Therian, M
|poke|p2|Steelix, M
|poke|p2|Cresselia, F, shiny
|poke|p2|Landorus-Therian, M
|poke|p2|Gardevoir, F
|poke|p2|Gallade, M, shiny
|poke|p2|Greninja, M
|rule|Swagger Clause: Swagger is banned
|rule|Baton Pass Clause: Limit one Pokémon knowing Baton Pass
|rule|Sleep Clause Mod: Limit one foe put to sleep
|rule|Species Clause: Limit one of each Pokémon
|rule|OHKO Clause: OHKO moves are banned
|rule|Moody Clause: Moody is banned
|rule|Evasion Moves Clause: Evasion moves are banned
|rule|Endless Battle Clause: Forcing endless battles is banned
|rule|HP Percentage Mod: HP is shown in percentages
|teampreview
|
|start
|switch|p1a: Manectric|Manectric, M|281\/281
|switch|p2a: Adder|Steelix, M|354\/354
|-item|p2a: Adder|Air Balloon
|turn|1
|
|detailschange|p1a: Manectric|Manectric-Mega, M
|message|Manectric has Mega Evolved into Mega Manectric!
|-ability|p1a: Manectric|Intimidate|[of] p2a: Adder
|-unboost|p2a: Adder|atk|1
|move|p1a: Manectric|Flamethrower|p2a: Adder
|-supereffective|p2a: Adder
|-damage|p2a: Adder|34\/354
|-enditem|p2a: Adder|Air Balloon
|move|p2a: Adder|Stealth Rock|p1a: Manectric
|-sidestart|p1: jjrn|move: Stealth Rock
|
|turn|2
|
|move|p1a: Manectric|Flamethrower|p2a: Adder
|-supereffective|p2a: Adder
|-damage|p2a: Adder|0 fnt
|faint|p2a: Adder
|
|
|switch|p2a: Simba|Landorus-Therian, M|320\/320
|-ability|p2a: Simba|Intimidate|[of] p1a: Manectric
|-unboost|p1a: Manectric|atk|1
|turn|3
|
|move|p2a: Simba|Earthquake|p1a: Manectric
|-supereffective|p1a: Manectric
|-damage|p1a: Manectric|0 fnt
|faint|p1a: Manectric
|
|
|switch|p1a: Dragonite|Dragonite, M|323\/323
|-damage|p1a: Dragonite|243\/323|[from] Stealth Rock
|turn|4
|
|switch|p2a: Galactica|Cresselia, F, shiny|443\/443
|move|p1a: Dragonite|Dragon Dance|p1a: Dragonite
|-boost|p1a: Dragonite|atk|1
|-boost|p1a: Dragonite|spe|1
|
|turn|5
|
|move|p1a: Dragonite|Dragon Claw|p2a: Galactica
|-damage|p2a: Galactica|311\/443
|move|p2a: Galactica|Moonblast|p1a: Dragonite
|-supereffective|p1a: Dragonite
|-damage|p1a: Dragonite|125\/323
|
|-heal|p2a: Galactica|338\/443|[from] item: Leftovers
|turn|6
|
|move|p1a: Dragonite|Dragon Dance|p1a: Dragonite
|-boost|p1a: Dragonite|atk|1
|-boost|p1a: Dragonite|spe|1
|move|p2a: Galactica|Calm Mind|p2a: Galactica
|-boost|p2a: Galactica|spa|1
|-boost|p2a: Galactica|spd|1
|
|-heal|p2a: Galactica|365\/443|[from] item: Leftovers
|turn|7
|
|move|p1a: Dragonite|Dragon Claw|p2a: Galactica
|-damage|p2a: Galactica|194\/443
|move|p2a: Galactica|Moonblast|p1a: Dragonite
|-supereffective|p1a: Dragonite
|-damage|p1a: Dragonite|0 fnt
|faint|p1a: Dragonite
|
|-heal|p2a: Galactica|221\/443|[from] item: Leftovers
|
|switch|p1a: Conkeldurr|Conkeldurr, M|351\/351
|-damage|p1a: Conkeldurr|330\/351|[from] Stealth Rock
|turn|8
|
|move|p2a: Galactica|Moonblast|p1a: Conkeldurr
|-supereffective|p1a: Conkeldurr
|-damage|p1a: Conkeldurr|84\/351
|-unboost|p1a: Conkeldurr|spa|1
|move|p1a: Conkeldurr|Knock Off|p2a: Galactica
|-supereffective|p2a: Galactica
|-damage|p2a: Galactica|61\/443
|-enditem|p2a: Galactica|Leftovers|[from] move: Knock Off|[of] p1a: Conkeldurr
|
|-status|p1a: Conkeldurr|brn|[from] item: Flame Orb
|turn|9
|
|move|p1a: Conkeldurr|Mach Punch|p2a: Galactica
|-resisted|p2a: Galactica
|-damage|p2a: Galactica|20\/443
|move|p2a: Galactica|Moonlight|p2a: Galactica
|-heal|p2a: Galactica|241\/443
|
|-damage|p1a: Conkeldurr|41\/351 brn|[from] brn
|turn|10
|
|move|p2a: Galactica|Moonblast|p1a: Conkeldurr
|-supereffective|p1a: Conkeldurr
|-damage|p1a: Conkeldurr|0 fnt
|faint|p1a: Conkeldurr
|
|
|switch|p1a: Togekiss|Togekiss, M|311\/311
|-damage|p1a: Togekiss|234\/311|[from] Stealth Rock
|turn|11
|
|move|p1a: Togekiss|Thunder Wave|p2a: Galactica
|-status|p2a: Galactica|par
|move|p2a: Galactica|Calm Mind|p2a: Galactica
|-boost|p2a: Galactica|spa|1
|-boost|p2a: Galactica|spd|1
|
|-heal|p1a: Togekiss|253\/311|[from] item: Leftovers
|turn|12
|
|move|p1a: Togekiss|Air Slash|p2a: Galactica
|-damage|p2a: Galactica|189\/443 par
|move|p2a: Galactica|Substitute|p2a: Galactica
|-start|p2a: Galactica|Substitute
|-damage|p2a: Galactica|79\/443 par
|
|-heal|p1a: Togekiss|272\/311|[from] item: Leftovers
|turn|13
|
|move|p1a: Togekiss|Air Slash|p2a: Galactica
|-activate|p2a: Galactica|Substitute|[damage]
|move|p2a: Galactica|Moonlight|p2a: Galactica
|-heal|p2a: Galactica|300\/443 par
|
|-heal|p1a: Togekiss|291\/311|[from] item: Leftovers
|turn|14
|
|switch|p1a: Landorus-Therian|Landorus-Therian, M|319\/319
|-damage|p1a: Landorus-Therian|280\/319|[from] Stealth Rock
|-activate|p2a: Galactica|Substitute|ability: Intimidate|[of] p1a: Landorus-Therian
|move|p2a: Galactica|Calm Mind|p2a: Galactica
|-boost|p2a: Galactica|spa|1
|-boost|p2a: Galactica|spd|1
|
|turn|15
|
|move|p1a: Landorus-Therian|Knock Off|p2a: Galactica
|-supereffective|p2a: Galactica
|-end|p2a: Galactica|Substitute
|move|p2a: Galactica|Moonblast|p1a: Landorus-Therian
|-damage|p1a: Landorus-Therian|106\/319
|
|turn|16
|
|move|p1a: Landorus-Therian|Knock Off|p2a: Galactica
|-supereffective|p2a: Galactica
|-damage|p2a: Galactica|184\/443 par
|move|p2a: Galactica|Moonblast|p1a: Landorus-Therian
|-damage|p1a: Landorus-Therian|0 fnt
|faint|p1a: Landorus-Therian
|
|-message|jjrn forfeited.
|
|win|Fenix Right
|raw|Ladder updating...
|leave|jjrn
|player|p1
|raw|jjrn's rating: 1376 &rarr; <strong>1356<\/strong><br \/>(-20 for losing)
|raw|Fenix Right's rating: 1367 &rarr; <strong>1388<\/strong><br \/>(+21 for winning)