|join|jjrn
|join|N4f33z
|player|p1|jjrn|101
|player|p2|N4f33z|52
|gametype|singles
|gen|6
|tier|OU
|rated
|clearpoke
|poke|p1|Magnezone
|poke|p1|Breloom, F
|poke|p1|Azumarill, F
|poke|p1|Latios, M
|poke|p1|Metagross
|poke|p1|Landorus-Therian, M
|poke|p2|Cloyster, F
|poke|p2|Wobbuffet, F
|poke|p2|Rotom-Wash
|poke|p2|Espeon, F
|poke|p2|Pinsir, F
|poke|p2|Zygarde
|rule|Swagger Clause: Swagger is banned
|rule|Baton Pass Clause: Limit one Pokémon knowing Baton Pass
|rule|Sleep Clause Mod: Limit one foe put to sleep
|rule|Species Clause: Limit one of each Pokémon
|rule|OHKO Clause: OHKO moves are banned
|rule|Moody Clause: Moody is banned
|rule|Evasion Moves Clause: Evasion moves are banned
|rule|Endless Battle Clause: Forcing endless battles is banned
|rule|HP Percentage Mod: HP is shown in percentages
|teampreview
|
|start
|switch|p1a: Landorus-Therian|Landorus-Therian, M|319\/319
|switch|p2a: Rotom-Wash|Rotom-Wash|276\/276
|-ability|p1a: Landorus-Therian|Intimidate|[of] p2a: Rotom-Wash
|-unboost|p2a: Rotom-Wash|atk|1
|turn|1
|
|move|p2a: Rotom-Wash|Hydro Pump|p1a: Landorus-Therian
|-supereffective|p1a: Landorus-Therian
|-damage|p1a: Landorus-Therian|0 fnt
|faint|p1a: Landorus-Therian
|
|
|switch|p1a: Breloom|Breloom, F|261\/261
|turn|2
|
|switch|p2a: Pinsir|Pinsir, F|272\/272
|move|p1a: Breloom|Rock Tomb|p2a: Pinsir|[miss]
|-miss|p1a: Breloom|p2a: Pinsir
|
|turn|3
|
|switch|p2a: Rotom-Wash|Rotom-Wash|276\/276
|move|p1a: Breloom|Rock Tomb|p2a: Rotom-Wash
|-damage|p2a: Rotom-Wash|158\/276
|-unboost|p2a: Rotom-Wash|spe|1
|
|turn|4
|
|switch|p1a: Latios|Latios, M|301\/301
|move|p2a: Rotom-Wash|Volt Switch|p1a: Latios
|-resisted|p1a: Latios
|-damage|p1a: Latios|252\/301
|
|switch|p2a: Wobbuffet|Wobbuffet, F|584\/584
|
|turn|5
|
|move|p1a: Latios|Trick|p2a: Wobbuffet
|-activate|p1a: Latios|move: Trick|[of] p2a: Wobbuffet
|-item|p2a: Wobbuffet|Choice Scarf|[from] move: Trick
|-item|p1a: Latios|Leftovers|[from] move: Trick
|move|p2a: Wobbuffet|Mirror Coat|p1a: Latios
|-fail|p1a: Latios
|
|-heal|p1a: Latios|270\/301|[from] item: Leftovers
|turn|6
|
|move|p1a: Latios|Trick|p2a: Wobbuffet
|-activate|p1a: Latios|move: Trick|[of] p2a: Wobbuffet
|-item|p2a: Wobbuffet|Leftovers|[from] move: Trick
|-item|p1a: Latios|Choice Scarf|[from] move: Trick
|move|p2a: Wobbuffet|Mirror Coat|p1a: Latios
|-fail|p1a: Latios
|
|turn|7
|
|move|p1a: Latios|Trick|p2a: Wobbuffet
|-activate|p1a: Latios|move: Trick|[of] p2a: Wobbuffet
|-item|p2a: Wobbuffet|Choice Scarf|[from] move: Trick
|-item|p1a: Latios|Leftovers|[from] move: Trick
|move|p2a: Wobbuffet|Encore|p1a: Latios
|-start|p1a: Latios|Encore
|
|-heal|p1a: Latios|288\/301|[from] item: Leftovers
|turn|8
|
|switch|p2a: Pinsir|Pinsir, F|272\/272
|move|p1a: Latios|Trick|p2a: Pinsir
|-fail|p2a: Pinsir
|
|-heal|p1a: Latios|301\/301|[from] item: Leftovers
|turn|9
|
|switch|p1a: Magnezone|Magnezone|281\/281
|detailschange|p2a: Pinsir|Pinsir-Mega, F
|-mega|p2a: Pinsir|Pinsir|Pinsirite
|move|p2a: Pinsir|Swords Dance|p2a: Pinsir
|-boost|p2a: Pinsir|atk|2
|
|turn|10
|
|switch|p2a: Zygarde|Zygarde|358\/358
|-ability|p2a: Zygarde|Aura Break
|switch|p1a: Latios|Latios, M|301\/301
|
|turn|11
|
|switch|p2a: Wobbuffet|Wobbuffet, F|584\/584
|move|p1a: Latios|Draco Meteor|p2a: Wobbuffet
|-damage|p2a: Wobbuffet|320\/584
|-unboost|p1a: Latios|spa|2
|
|turn|12
|
|move|p1a: Latios|Trick|p2a: Wobbuffet
|-activate|p1a: Latios|move: Trick|[of] p2a: Wobbuffet
|-item|p2a: Wobbuffet|Leftovers|[from] move: Trick
|-item|p1a: Latios|Choice Scarf|[from] move: Trick
|move|p2a: Wobbuffet|Mirror Coat|p1a: Latios
|-fail|p1a: Latios
|
|-heal|p2a: Wobbuffet|356\/584|[from] item: Leftovers
|turn|13
|
|switch|p2a: Pinsir|Pinsir-Mega, F|272\/272
|move|p1a: Latios|Trick|p2a: Pinsir
|-fail|p2a: Pinsir
|
|turn|14
|
|switch|p1a: Magnezone|Magnezone|281\/281
|move|p2a: Pinsir|Earthquake|p1a: Magnezone
|-supereffective|p1a: Magnezone
|-damage|p1a: Magnezone|0 fnt
|faint|p1a: Magnezone
|
|
|switch|p1a: Latios|Latios, M|301\/301
|turn|15
|
|move|p1a: Latios|Ice Beam|p2a: Pinsir
|-supereffective|p2a: Pinsir
|-damage|p2a: Pinsir|6\/272
|move|p2a: Pinsir|Return|p1a: Latios
|-damage|p1a: Latios|0 fnt
|faint|p1a: Latios
|
|
|switch|p1a: Azumarill|Azumarill, F|341\/341
|turn|16
|
|switch|p2a: Rotom-Wash|Rotom-Wash|158\/276
|move|p1a: Azumarill|Play Rough|p2a: Rotom-Wash
|-damage|p2a: Rotom-Wash|0 fnt
|faint|p2a: Rotom-Wash
|
|
|switch|p2a: Wobbuffet|Wobbuffet, F|356\/584
|turn|17
|
|move|p1a: Azumarill|Knock Off|p2a: Wobbuffet
|-supereffective|p2a: Wobbuffet
|-damage|p2a: Wobbuffet|0 fnt
|-enditem|p2a: Wobbuffet|Leftovers|[from] move: Knock Off|[of] p1a: Azumarill
|faint|p2a: Wobbuffet
|
|
|switch|p2a: Cloyster|Cloyster, F|242\/242
|turn|18
|
|move|p2a: Cloyster|Razor Shell|p1a: Azumarill
|-resisted|p1a: Azumarill
|-damage|p1a: Azumarill|276\/341
|-unboost|p1a: Azumarill|def|1
|move|p1a: Azumarill|Play Rough|p2a: Cloyster
|-crit|p2a: Cloyster
|-damage|p2a: Cloyster|82\/242
|
|turn|19
|
|move|p2a: Cloyster|Icicle Spear|p1a: Azumarill
|-crit|p1a: Azumarill
|-resisted|p1a: Azumarill
|-damage|p1a: Azumarill|223\/341
|-resisted|p1a: Azumarill
|-damage|p1a: Azumarill|189\/341
|-resisted|p1a: Azumarill
|-damage|p1a: Azumarill|152\/341
|-resisted|p1a: Azumarill
|-damage|p1a: Azumarill|114\/341
|-resisted|p1a: Azumarill
|-damage|p1a: Azumarill|78\/341
|-hitcount|p1a: Azumarill|5
|move|p1a: Azumarill|Play Rough|p2a: Cloyster
|-damage|p2a: Cloyster|0 fnt
|faint|p2a: Cloyster
|
|
|switch|p2a: Zygarde|Zygarde|358\/358
|-ability|p2a: Zygarde|Aura Break
|turn|20
|
|move|p2a: Zygarde|Earthquake|p1a: Azumarill
|-damage|p1a: Azumarill|0 fnt
|faint|p1a: Azumarill
|
|
|switch|p1a: Metagross|Metagross|301\/301
|turn|21
|
|detailschange|p1a: Metagross|Metagross-Mega
|-mega|p1a: Metagross|Metagross|Metagrossite
|move|p2a: Zygarde|Earthquake|p1a: Metagross
|-supereffective|p1a: Metagross
|-damage|p1a: Metagross|89\/301
|move|p1a: Metagross|Ice Punch|p2a: Zygarde
|-supereffective|p2a: Zygarde
|-damage|p2a: Zygarde|0 fnt
|faint|p2a: Zygarde
|
|
|switch|p2a: Espeon|Espeon, F|271\/271
|turn|22
|
|move|p2a: Espeon|Signal Beam|p1a: Metagross
|-damage|p1a: Metagross|0 fnt
|faint|p1a: Metagross
|
|
|switch|p1a: Breloom|Breloom, F|261\/261
|turn|23
|
|move|p2a: Espeon|Signal Beam|p1a: Breloom
|-damage|p1a: Breloom|67\/261
|-start|p1a: Breloom|confusion
|-activate|p1a: Breloom|confusion
|move|p1a: Breloom|Rock Tomb|p2a: Espeon
|-damage|p2a: Espeon|85\/271
|-unboost|p2a: Espeon|spe|1
|
|turn|24
|
|-activate|p1a: Breloom|confusion
|move|p1a: Breloom|Drain Punch|p2a: Espeon
|-resisted|p2a: Espeon
|-damage|p2a: Espeon|0 fnt
|-heal|p1a: Breloom|110\/261|[from] drain|[of] p2a: Espeon
|faint|p2a: Espeon
|
|
|switch|p2a: Pinsir|Pinsir-Mega, F|6\/272
|turn|25
|
|move|p2a: Pinsir|Quick Attack|p1a: Breloom
|-supereffective|p1a: Breloom
|-damage|p1a: Breloom|0 fnt
|faint|p1a: Breloom
|
|win|N4f33z
|raw|Ladder updating...
|raw|jjrn's rating: 1721 &rarr; <strong>1693<\/strong><br \/>(-28 for losing)
|raw|N4f33z's rating: 1566 &rarr; <strong>1594<\/strong><br \/>(+28 for winning)