|join|jjrn
|join|blackwing zero
|player|p1|jjrn|101
|player|p2|blackwing zero|170
|gametype|singles
|gen|6
|tier|OU
|rated
|clearpoke
|poke|p1|Magnezone
|poke|p1|Breloom, F
|poke|p1|Azumarill, F
|poke|p1|Latios, M
|poke|p1|Metagross
|poke|p1|Landorus-Therian, M
|poke|p2|Serperior, F
|poke|p2|Bisharp, M
|poke|p2|Keldeo
|poke|p2|Azumarill, F
|poke|p2|Skarmory, F
|poke|p2|Metagross
|rule|Swagger Clause: Swagger is banned
|rule|Baton Pass Clause: Limit one Pokémon knowing Baton Pass
|rule|Sleep Clause Mod: Limit one foe put to sleep
|rule|Species Clause: Limit one of each Pokémon
|rule|OHKO Clause: OHKO moves are banned
|rule|Moody Clause: Moody is banned
|rule|Evasion Moves Clause: Evasion moves are banned
|rule|Endless Battle Clause: Forcing endless battles is banned
|rule|HP Percentage Mod: HP is shown in percentages
|teampreview
|
|start
|switch|p1a: Landorus-Therian|Landorus-Therian, M|319\/319
|switch|p2a: Serperior|Serperior, F|291\/291
|-ability|p1a: Landorus-Therian|Intimidate|[of] p2a: Serperior
|-boost|p2a: Serperior|atk|1
|turn|1
|
|move|p1a: Landorus-Therian|U-turn|p2a: Serperior
|-supereffective|p2a: Serperior
|-damage|p2a: Serperior|77\/291
|
|switch|p1a: Latios|Latios, M|301\/301
|move|p2a: Serperior|Leaf Storm|p1a: Latios
|-resisted|p1a: Latios
|-damage|p1a: Latios|209\/301
|-boost|p2a: Serperior|spa|2
|-damage|p2a: Serperior|48\/291|[from] item: Life Orb
|
|turn|2
|
|move|p1a: Latios|Ice Beam|p2a: Serperior
|-supereffective|p2a: Serperior
|-damage|p2a: Serperior|0 fnt
|faint|p2a: Serperior
|
|
|switch|p2a: Skarmory|Skarmory, F|271\/271
|turn|3
|
|switch|p1a: Magnezone|Magnezone|281\/281
|move|p2a: Skarmory|Stealth Rock|p1a: Magnezone
|-sidestart|p1: jjrn|move: Stealth Rock
|
|turn|4
|
|move|p1a: Magnezone|Thunderbolt|p2a: Skarmory
|-supereffective|p2a: Skarmory
|-activate|p2a: Skarmory|Sturdy
|-damage|p2a: Skarmory|1\/271
|move|p2a: Skarmory|Spikes|p1a: Magnezone
|-sidestart|p1: jjrn|Spikes
|
|turn|5
|
|move|p1a: Magnezone|Thunderbolt|p2a: Skarmory
|-supereffective|p2a: Skarmory
|-damage|p2a: Skarmory|0 fnt
|faint|p2a: Skarmory
|
|
|switch|p2a: Metagross|Metagross|301\/301
|turn|6
|
|detailschange|p2a: Metagross|Metagross-Mega
|-mega|p2a: Metagross|Metagross|Metagrossite
|move|p1a: Magnezone|Thunderbolt|p2a: Metagross
|-damage|p2a: Metagross|139\/301
|move|p2a: Metagross|Hammer Arm|p1a: Magnezone
|-supereffective|p1a: Magnezone
|-damage|p1a: Magnezone|0 fnt
|-unboost|p2a: Metagross|spe|1
|faint|p1a: Magnezone
|
|
|switch|p1a: Landorus-Therian|Landorus-Therian, M|319\/319
|-damage|p1a: Landorus-Therian|280\/319|[from] Stealth Rock
|-ability|p1a: Landorus-Therian|Intimidate|[of] p2a: Metagross
|-unboost|p2a: Metagross|atk|1
|turn|7
|
|switch|p2a: Keldeo|Keldeo|323\/323
|move|p1a: Landorus-Therian|Earthquake|p2a: Keldeo
|-damage|p2a: Keldeo|107\/323
|
|turn|8
|
|switch|p1a: Latios|Latios, M|209\/301
|-damage|p1a: Latios|172\/301|[from] Stealth Rock
|move|p2a: Keldeo|Icy Wind|p1a: Latios
|-supereffective|p1a: Latios
|-damage|p1a: Latios|26\/301
|-unboost|p1a: Latios|spe|1
|-damage|p2a: Keldeo|75\/323|[from] item: Life Orb
|
|turn|9
|
|switch|p2a: Bisharp|Bisharp, M|271\/271
|move|p1a: Latios|Draco Meteor|p2a: Bisharp
|-resisted|p2a: Bisharp
|-damage|p2a: Bisharp|102\/271
|-unboost|p1a: Latios|spa|2
|
|turn|10
|
|move|p1a: Latios|Draco Meteor|p2a: Bisharp
|-resisted|p2a: Bisharp
|-damage|p2a: Bisharp|21\/271
|-unboost|p1a: Latios|spa|2
|move|p2a: Bisharp|Swords Dance|p2a: Bisharp
|-boost|p2a: Bisharp|atk|2
|
|turn|11
|
|move|p1a: Latios|Draco Meteor|p2a: Bisharp|[miss]
|-miss|p1a: Latios|p2a: Bisharp
|move|p2a: Bisharp|Swords Dance|p2a: Bisharp
|-boost|p2a: Bisharp|atk|2
|
|turn|12
|
|move|p2a: Bisharp|Sucker Punch|p1a: Latios
|-supereffective|p1a: Latios
|-damage|p1a: Latios|0 fnt
|faint|p1a: Latios
|
|
|switch|p1a: Azumarill|Azumarill, F|341\/341
|-damage|p1a: Azumarill|299\/341|[from] Spikes
|-damage|p1a: Azumarill|257\/341|[from] Stealth Rock
|turn|13
|
|switch|p2a: Keldeo|Keldeo|75\/323
|move|p1a: Azumarill|Aqua Jet|p2a: Keldeo
|-resisted|p2a: Keldeo
|-damage|p2a: Keldeo|30\/323
|
|turn|14
|
|move|p1a: Azumarill|Aqua Jet|p2a: Keldeo
|-resisted|p2a: Keldeo
|-damage|p2a: Keldeo|0 fnt
|faint|p2a: Keldeo
|
|
|switch|p2a: Metagross|Metagross-Mega|139\/301
|turn|15
|
|move|p1a: Azumarill|Aqua Jet|p2a: Metagross
|-damage|p2a: Metagross|73\/301
|move|p2a: Metagross|Meteor Mash|p1a: Azumarill
|-damage|p1a: Azumarill|0 fnt
|faint|p1a: Azumarill
|
|
|switch|p1a: Landorus-Therian|Landorus-Therian, M|280\/319
|-damage|p1a: Landorus-Therian|241\/319|[from] Stealth Rock
|-ability|p1a: Landorus-Therian|Intimidate|[of] p2a: Metagross
|-unboost|p2a: Metagross|atk|1
|turn|16
|
|move|p1a: Landorus-Therian|U-turn|p2a: Metagross
|-damage|p2a: Metagross|0 fnt
|faint|p2a: Metagross
|
|switch|p1a: Breloom|Breloom, F|261\/261
|-damage|p1a: Breloom|245\/261|[from] Stealth Rock
|-damage|p1a: Breloom|213\/261|[from] Spikes
|
|-message|blackwing zero forfeited.
|
|win|jjrn
|raw|Ladder updating...
|raw|jjrn's rating: 1704 &rarr; <strong>1721<\/strong><br \/>(+17 for winning)
|raw|blackwing zero's rating: 1646 &rarr; <strong>1630<\/strong><br \/>(-16 for losing)