|join|Blackfenix19
|join|M51
|player|p1|Blackfenix19|2
|player|p2|M51|130
|gametype|singles
|gen|6
|tier|OU
|rated
|clearpoke
|poke|p1|Darmanitan, F
|poke|p1|Beedrill, F
|poke|p1|Donphan, M
|poke|p1|Sylveon, F
|poke|p1|Cacturne, F
|poke|p1|Mamoswine, M
|poke|p2|Metagross
|poke|p2|Staraptor, F
|poke|p2|Azumarill, F
|poke|p2|Nidoking, M
|poke|p2|Volcarona, F
|poke|p2|Magnezone
|rule|Swagger Clause: Swagger is banned
|rule|Baton Pass Clause: Limit one Pokémon knowing Baton Pass
|rule|Sleep Clause Mod: Limit one foe put to sleep
|rule|Species Clause: Limit one of each Pokémon
|rule|OHKO Clause: OHKO moves are banned
|rule|Moody Clause: Moody is banned
|rule|Evasion Moves Clause: Evasion moves are banned
|rule|Endless Battle Clause: Forcing endless battles is banned
|rule|HP Percentage Mod: HP is shown in percentages
|teampreview
|
|start
|switch|p1a: Donphan|Donphan, M|384\/384
|switch|p2a: Nidoking|Nidoking, M|304\/304
|turn|1
|
|move|p2a: Nidoking|Stealth Rock|p1a: Donphan
|-sidestart|p1: Blackfenix19|move: Stealth Rock
|move|p1a: Donphan|Stealth Rock|p2a: Nidoking
|-sidestart|p2: M51|move: Stealth Rock
|
|turn|2
|
|move|p2a: Nidoking|Earth Power|p1a: Donphan
|-damage|p1a: Donphan|63\/384
|move|p1a: Donphan|Earthquake|p2a: Nidoking
|-supereffective|p2a: Nidoking
|-damage|p2a: Nidoking|0 fnt
|faint|p2a: Nidoking
|
|
|switch|p2a: Metagross|Metagross|321\/321
|-damage|p2a: Metagross|301\/321|[from] Stealth Rock
|turn|3
|
|detailschange|p2a: Metagross|Metagross-Mega
|message|Metagross has Mega Evolved into Mega Metagross!
|move|p2a: Metagross|Earthquake|p1a: Donphan
|-crit|p1a: Donphan
|-damage|p1a: Donphan|0 fnt
|faint|p1a: Donphan
|
|
|switch|p1a: Beedrill|Beedrill, F|271\/271
|-damage|p1a: Beedrill|204\/271|[from] Stealth Rock
|turn|4
|
|detailschange|p1a: Beedrill|Beedrill-Mega, F
|message|Beedrill has Mega Evolved into Mega Beedrill!
|move|p2a: Metagross|Bullet Punch|p1a: Beedrill
|-damage|p1a: Beedrill|0 fnt
|faint|p1a: Beedrill
|
|
|switch|p1a: Cacturne|Cacturne, F|281\/281
|-damage|p1a: Cacturne|246\/281|[from] Stealth Rock
|turn|5
|
|switch|p2a: Azumarill|Azumarill, F|404\/404
|-damage|p2a: Azumarill|354\/404|[from] Stealth Rock
|move|p1a: Cacturne|Sucker Punch|p2a: Azumarill
|-fail|p2a: Azumarill
|
|turn|6
|
|move|p1a: Cacturne|Seed Bomb|p2a: Azumarill
|-boost|p2a: Azumarill|atk|1|[from] ability: Sap Sipper
|move|p2a: Azumarill|Belly Drum|p2a: Azumarill
|-damage|p2a: Azumarill|152\/404
|-setboost|p2a: Azumarill|atk|6|[from] move: Belly Drum
|-enditem|p2a: Azumarill|Sitrus Berry|[eat]
|-heal|p2a: Azumarill|253\/404|[from] item: Sitrus Berry
|
|turn|7
|
|move|p1a: Cacturne|Sucker Punch|p2a: Azumarill
|-resisted|p2a: Azumarill
|-damage|p2a: Azumarill|135\/404
|-damage|p1a: Cacturne|218\/281|[from] item: Life Orb
|move|p2a: Azumarill|Play Rough|p1a: Cacturne
|-supereffective|p1a: Cacturne
|-damage|p1a: Cacturne|0 fnt
|faint|p1a: Cacturne
|
|
|switch|p1a: Sylveon|Sylveon, F|394\/394
|-damage|p1a: Sylveon|345\/394|[from] Stealth Rock
|turn|8
|
|move|p1a: Sylveon|Hyper Voice|p2a: Azumarill
|-damage|p2a: Azumarill|0 fnt
|faint|p2a: Azumarill
|
|-heal|p1a: Sylveon|369\/394|[from] item: Leftovers
|
|switch|p2a: Magnezone|Magnezone|344\/344
|-damage|p2a: Magnezone|323\/344|[from] Stealth Rock
|turn|9
|
|move|p2a: Magnezone|Flash Cannon|p1a: Sylveon
|-supereffective|p1a: Sylveon
|-damage|p1a: Sylveon|117\/394
|move|p1a: Sylveon|Hidden Power|p2a: Magnezone
|-supereffective|p2a: Magnezone
|-damage|p2a: Magnezone|229\/344
|
|-heal|p1a: Sylveon|141\/394|[from] item: Leftovers
|turn|10
|
|move|p1a: Sylveon|Hidden Power|p2a: Magnezone
|-supereffective|p2a: Magnezone
|-damage|p2a: Magnezone|123\/344
|move|p2a: Magnezone|Flash Cannon|p1a: Sylveon
|-supereffective|p1a: Sylveon
|-damage|p1a: Sylveon|0 fnt
|faint|p1a: Sylveon
|
|
|switch|p1a: Darmanitan|Darmanitan, F|352\/352
|-damage|p1a: Darmanitan|264\/352|[from] Stealth Rock
|turn|11
|
|move|p1a: Darmanitan|Flare Blitz|p2a: Magnezone
|-supereffective|p2a: Magnezone
|-damage|p2a: Magnezone|0 fnt
|-damage|p1a: Darmanitan|223\/352|[from] recoil|[of] p2a: Magnezone
|faint|p2a: Magnezone
|
|
|switch|p2a: Staraptor|Staraptor, F|312\/312
|-damage|p2a: Staraptor|234\/312|[from] Stealth Rock
|turn|12
|
|move|p1a: Darmanitan|Flare Blitz|p2a: Staraptor
|-damage|p2a: Staraptor|0 fnt
|-damage|p1a: Darmanitan|146\/352|[from] recoil|[of] p2a: Staraptor
|faint|p2a: Staraptor
|
|
|switch|p2a: Volcarona|Volcarona, F|374\/374
|-damage|p2a: Volcarona|187\/374|[from] Stealth Rock
|turn|13
|
|move|p1a: Darmanitan|Flare Blitz|p2a: Volcarona
|-damage|p2a: Volcarona|0 fnt
|-damage|p1a: Darmanitan|84\/352|[from] recoil|[of] p2a: Volcarona
|faint|p2a: Volcarona
|
|
|switch|p2a: Metagross|Metagross-Mega|301\/321
|-damage|p2a: Metagross|281\/321|[from] Stealth Rock
|turn|14
|c|★M51|gg
|
|move|p2a: Metagross|Bullet Punch|p1a: Darmanitan
|-resisted|p1a: Darmanitan
|-damage|p1a: Darmanitan|7\/352
|move|p1a: Darmanitan|Flare Blitz|p2a: Metagross
|-supereffective|p2a: Metagross
|-damage|p2a: Metagross|0 fnt
|-damage|p1a: Darmanitan|0 fnt|[from] recoil|[of] p2a: Metagross
|faint|p2a: Metagross
|faint|p1a: Darmanitan
|
|win|Blackfenix19
|raw|Ladder updating...
|raw|Blackfenix19's rating: 1312 &rarr; <strong>1331<\/strong><br \/>(+19 for winning)
|raw|M51's rating: 1278 &rarr; <strong>1256<\/strong><br \/>(-22 for losing)
|c|★Blackfenix19|gg
|leave|M51
|player|p2