|join|Gary Oak 76
|join|Blackfenix19
|player|p1|Gary Oak 76|265
|player|p2|Blackfenix19|101
|gametype|singles
|gen|6
|tier|OU
|rated
|clearpoke
|poke|p1|Charizard, M
|poke|p1|Talonflame, F
|poke|p1|Cloyster, M
|poke|p1|Ferrothorn, M
|poke|p1|Azumarill, F
|poke|p1|Snorlax, M
|poke|p2|Wartortle, F
|poke|p2|Typhlosion, M
|poke|p2|Cacturne, M
|poke|p2|Abomasnow, M
|poke|p2|Crustle, F
|poke|p2|Electivire, F
|rule|Swagger Clause: Swagger is banned
|rule|Baton Pass Clause: Limit one Pokémon knowing Baton Pass
|rule|Sleep Clause Mod: Limit one foe put to sleep
|rule|Species Clause: Limit one of each Pokémon
|rule|OHKO Clause: OHKO moves are banned
|rule|Moody Clause: Moody is banned
|rule|Evasion Moves Clause: Evasion moves are banned
|rule|Endless Battle Clause: Forcing endless battles is banned
|rule|HP Percentage Mod: HP is shown in percentages
|teampreview
|
|start
|switch|p1a: Talonflame|Talonflame, F|298\/298
|switch|p2a: Typhlosion|Typhlosion, M|297\/297
|turn|1
|
|switch|p2a: Crustle|Crustle, F|281\/281
|move|p1a: Talonflame|Tailwind|p1a: Talonflame
|-sidestart|p1: Gary Oak 76|move: Tailwind
|
|turn|2
|
|move|p1a: Talonflame|U-turn|p2a: Crustle
|-damage|p2a: Crustle|212\/281
|-damage|p1a: Talonflame|269\/298|[from] item: Life Orb
|
|switch|p1a: Azumarill|Azumarill, F|404\/404
|move|p2a: Crustle|Shell Smash|p2a: Crustle
|-boost|p2a: Crustle|atk|2
|-boost|p2a: Crustle|spa|2
|-boost|p2a: Crustle|spe|2
|-unboost|p2a: Crustle|def|1
|-unboost|p2a: Crustle|spd|1
|-enditem|p2a: Crustle|White Herb
|-restoreboost|p2a: Crustle|[silent]
|
|turn|3
|
|move|p1a: Azumarill|Aqua Jet|p2a: Crustle
|-supereffective|p2a: Crustle
|-damage|p2a: Crustle|72\/281
|move|p2a: Crustle|Rock Slide|p1a: Azumarill
|-damage|p1a: Azumarill|146\/404
|-enditem|p1a: Azumarill|Sitrus Berry|[eat]
|-heal|p1a: Azumarill|247\/404|[from] item: Sitrus Berry
|
|turn|4
|
|move|p1a: Azumarill|Aqua Jet|p2a: Crustle
|-supereffective|p2a: Crustle
|-damage|p2a: Crustle|0 fnt
|faint|p2a: Crustle
|
|-sideend|p1: Gary Oak 76|move: Tailwind
|
|switch|p2a: Electivire|Electivire, F|354\/354
|turn|5
|
|switch|p1a: Ferrothorn|Ferrothorn, M|352\/352
|move|p2a: Electivire|Wild Charge|p1a: Ferrothorn
|-resisted|p1a: Ferrothorn
|-damage|p1a: Ferrothorn|301\/352
|-damage|p2a: Electivire|310\/354|[from] ability: Iron Barbs|[of] p1a: Ferrothorn
|-damage|p2a: Electivire|251\/354|[from] item: Rocky Helmet|[of] p1a: Ferrothorn
|-damage|p2a: Electivire|238\/354|[from] recoil|[of] p1a: Ferrothorn
|
|turn|6
|
|move|p2a: Electivire|Cross Chop|p1a: Ferrothorn
|-supereffective|p1a: Ferrothorn
|-damage|p1a: Ferrothorn|139\/352
|-damage|p2a: Electivire|194\/354|[from] ability: Iron Barbs|[of] p1a: Ferrothorn
|-damage|p2a: Electivire|135\/354|[from] item: Rocky Helmet|[of] p1a: Ferrothorn
|move|p1a: Ferrothorn|Stealth Rock|p2a: Electivire
|-sidestart|p2: Blackfenix19|move: Stealth Rock
|
|turn|7
|
|move|p2a: Electivire|Cross Chop|p1a: Ferrothorn
|-supereffective|p1a: Ferrothorn
|-damage|p1a: Ferrothorn|0 fnt
|-damage|p2a: Electivire|91\/354|[from] ability: Iron Barbs|[of] p1a: Ferrothorn
|-damage|p2a: Electivire|32\/354|[from] item: Rocky Helmet|[of] p1a: Ferrothorn
|faint|p1a: Ferrothorn
|
|
|switch|p1a: Talonflame|Talonflame, F|269\/298
|turn|8
|
|move|p1a: Talonflame|Flare Blitz|p2a: Electivire
|-damage|p2a: Electivire|0 fnt
|-damage|p1a: Talonflame|258\/298|[from] recoil|[of] p2a: Electivire
|-damage|p1a: Talonflame|229\/298|[from] item: Life Orb
|faint|p2a: Electivire
|
|
|switch|p2a: Wartortle|Wartortle, F|317\/317
|-damage|p2a: Wartortle|278\/317|[from] Stealth Rock
|turn|9
|
|move|p1a: Talonflame|Tailwind|p1a: Talonflame
|-sidestart|p1: Gary Oak 76|move: Tailwind
|move|p2a: Wartortle|Rapid Spin|p1a: Talonflame
|-damage|p1a: Talonflame|216\/298
|-sideend|p2: Blackfenix19|Stealth Rock|[from] move: Rapid Spin|[of] p2a: Wartortle
|
|turn|10
|
|move|p1a: Talonflame|Brave Bird|p2a: Wartortle
|-damage|p2a: Wartortle|149\/317
|-damage|p1a: Talonflame|173\/298|[from] recoil|[of] p2a: Wartortle
|-damage|p1a: Talonflame|144\/298|[from] item: Life Orb
|move|p2a: Wartortle|Scald|p1a: Talonflame
|-supereffective|p1a: Talonflame
|-damage|p1a: Talonflame|0 fnt
|faint|p1a: Talonflame
|
|
|switch|p1a: Charizard|Charizard, M|298\/298
|turn|11
|
|detailschange|p1a: Charizard|Charizard-Mega-Y, M
|message|Charizard has Mega Evolved into Mega Charizard!
|-weather|SunnyDay
|move|p1a: Charizard|Solar Beam|p2a: Wartortle|[still]
|-prepare|p1a: Charizard|Solar Beam|p2a: Wartortle
|-anim|p1a: Charizard|Solar Beam|p2a: Wartortle
|-supereffective|p2a: Wartortle
|-damage|p2a: Wartortle|0 fnt
|faint|p2a: Wartortle
|
|-weather|SunnyDay|[upkeep]
|
|switch|p2a: Abomasnow|Abomasnow, M|384\/384
|turn|12
|
|detailschange|p2a: Abomasnow|Abomasnow-Mega, M
|message|Abomasnow has Mega Evolved into Mega Abomasnow!
|-weather|Hail
|move|p2a: Abomasnow|Ice Shard|p1a: Charizard
|-damage|p1a: Charizard|199\/298
|move|p1a: Charizard|Flamethrower|p2a: Abomasnow
|-supereffective|p2a: Abomasnow
|-damage|p2a: Abomasnow|0 fnt
|faint|p2a: Abomasnow
|
|-weather|Hail|[upkeep]
|-damage|p1a: Charizard|181\/298|[from] hail
|-sideend|p1: Gary Oak 76|move: Tailwind
|
|switch|p2a: Typhlosion|Typhlosion, M|297\/297
|turn|13
|
|switch|p1a: Cloyster|Cloyster, M|242\/242
|move|p2a: Typhlosion|Rock Slide|p1a: Cloyster
|-supereffective|p1a: Cloyster
|-damage|p1a: Cloyster|176\/242
|
|-weather|Hail|[upkeep]
|-damage|p2a: Typhlosion|279\/297|[from] hail
|turn|14
|
|move|p2a: Typhlosion|Rock Slide|p1a: Cloyster
|-supereffective|p1a: Cloyster
|-damage|p1a: Cloyster|118\/242
|cant|p1a: Cloyster|flinch
|
|-weather|Hail|[upkeep]
|-damage|p2a: Typhlosion|261\/297|[from] hail
|turn|15
|
|move|p2a: Typhlosion|Rock Slide|p1a: Cloyster
|-supereffective|p1a: Cloyster
|-damage|p1a: Cloyster|56\/242
|cant|p1a: Cloyster|flinch
|
|-weather|Hail|[upkeep]
|-damage|p2a: Typhlosion|243\/297|[from] hail
|turn|16
|
|move|p2a: Typhlosion|Rock Slide|p1a: Cloyster
|-miss|p2a: Typhlosion|p1a: Cloyster
|move|p1a: Cloyster|Rock Blast|p2a: Typhlosion|[miss]
|-miss|p1a: Cloyster|p2a: Typhlosion
|
|-weather|none
|turn|17
|
|move|p2a: Typhlosion|Rock Slide|p1a: Cloyster
|-supereffective|p1a: Cloyster
|-damage|p1a: Cloyster|0 fnt
|faint|p1a: Cloyster
|
|
|switch|p1a: Azumarill|Azumarill, F|247\/404
|turn|18
|
|move|p1a: Azumarill|Aqua Jet|p2a: Typhlosion
|-supereffective|p2a: Typhlosion
|-damage|p2a: Typhlosion|15\/297
|move|p2a: Typhlosion|Rock Slide|p1a: Azumarill
|-damage|p1a: Azumarill|180\/404
|
|turn|19
|
|switch|p2a: Cacturne|Cacturne, M|344\/344
|move|p1a: Azumarill|Aqua Jet|p2a: Cacturne
|-resisted|p2a: Cacturne
|-damage|p2a: Cacturne|283\/344
|
|turn|20
|
|move|p2a: Cacturne|Seed Bomb|p1a: Azumarill
|-supereffective|p1a: Azumarill
|-damage|p1a: Azumarill|0 fnt
|-damage|p2a: Cacturne|249\/344|[from] item: Life Orb
|faint|p1a: Azumarill
|
|
|switch|p1a: Charizard|Charizard-Mega-Y, M|181\/298
|-weather|SunnyDay
|turn|21
|
|move|p2a: Cacturne|Sucker Punch|p1a: Charizard
|-damage|p1a: Charizard|0 fnt
|-damage|p2a: Cacturne|215\/344|[from] item: Life Orb
|faint|p1a: Charizard
|
|-weather|SunnyDay|[upkeep]
|
|switch|p1a: Snorlax|Snorlax, M|524\/524
|turn|22
|
|move|p2a: Cacturne|Drain Punch|p1a: Snorlax
|-supereffective|p1a: Snorlax
|-damage|p1a: Snorlax|295\/524
|-heal|p2a: Cacturne|330\/344|[from] drain|[of] p1a: Snorlax
|-damage|p2a: Cacturne|296\/344|[from] item: Life Orb
|move|p1a: Snorlax|Stockpile|p1a: Snorlax
|-start|p1a: Snorlax|stockpile1
|-boost|p1a: Snorlax|def|1
|-boost|p1a: Snorlax|spd|1
|
|-weather|SunnyDay|[upkeep]
|turn|23
|
|move|p2a: Cacturne|Swords Dance|p2a: Cacturne
|-boost|p2a: Cacturne|atk|2
|move|p1a: Snorlax|Rest|p1a: Snorlax
|-status|p1a: Snorlax|slp
|-heal|p1a: Snorlax|524\/524 slp|[silent]
|-status|p1a: Snorlax|slp|[from] move: Rest
|-enditem|p1a: Snorlax|Chesto Berry|[eat]
|-curestatus|p1a: Snorlax|slp
|
|-weather|SunnyDay|[upkeep]
|turn|24
|
|move|p2a: Cacturne|Drain Punch|p1a: Snorlax
|-supereffective|p1a: Snorlax
|-damage|p1a: Snorlax|199\/524
|-heal|p2a: Cacturne|344\/344|[from] drain|[of] p1a: Snorlax
|-damage|p2a: Cacturne|310\/344|[from] item: Life Orb
|move|p1a: Snorlax|Stockpile|p1a: Snorlax
|-start|p1a: Snorlax|stockpile2
|-boost|p1a: Snorlax|def|1
|-boost|p1a: Snorlax|spd|1
|
|-weather|SunnyDay|[upkeep]
|turn|25
|
|move|p2a: Cacturne|Drain Punch|p1a: Snorlax
|-supereffective|p1a: Snorlax
|-damage|p1a: Snorlax|0 fnt
|-heal|p2a: Cacturne|344\/344|[from] drain|[of] p1a: Snorlax
|-damage|p2a: Cacturne|310\/344|[from] item: Life Orb
|faint|p1a: Snorlax
|
|win|Blackfenix19
|raw|Ladder updating...
|raw|Gary Oak 76's rating: 1287 &rarr; <strong>1264<\/strong><br \/>(-23 for losing)
|raw|Blackfenix19's rating: 1317 &rarr; <strong>1335<\/strong><br \/>(+18 for winning)
|leave|Gary Oak 76
|player|p1