|join|Blackfenix19
|join|Ice Triad Acro
|player|p1|Blackfenix19|101
|player|p2|Ice Triad Acro|267
|gametype|singles
|gen|6
|tier|OU
|rated
|clearpoke
|poke|p1|Politoed, F
|poke|p1|Sceptile, M
|poke|p1|Swampert, F
|poke|p1|Conkeldurr, M
|poke|p1|Cryogonal
|poke|p1|Ludicolo, F
|poke|p2|Froslass, F
|poke|p2|Togekiss, M
|poke|p2|Greninja, F
|poke|p2|Pinsir, M
|poke|p2|Avalugg, F
|poke|p2|Lapras, F
|rule|Swagger Clause: Swagger is banned
|rule|Baton Pass Clause: Limit one Pokémon knowing Baton Pass
|rule|Sleep Clause Mod: Limit one foe put to sleep
|rule|Species Clause: Limit one of each Pokémon
|rule|OHKO Clause: OHKO moves are banned
|rule|Moody Clause: Moody is banned
|rule|Evasion Moves Clause: Evasion moves are banned
|rule|Endless Battle Clause: Forcing endless battles is banned
|rule|HP Percentage Mod: HP is shown in percentages
|teampreview
|
|start
|switch|p1a: Politoed|Politoed, F|384\/384
|switch|p2a: Froslass|Froslass, F|344\/344
|-weather|RainDance
|turn|1
|
|switch|p1a: Swampert|Swampert, F|404\/404
|move|p2a: Froslass|Taunt|p1a: Swampert
|-start|p1a: Swampert|move: Taunt
|
|-weather|RainDance|[upkeep]
|turn|2
|
|move|p2a: Froslass|Confuse Ray|p1a: Swampert
|-start|p1a: Swampert|confusion
|-activate|p1a: Swampert|confusion
|-damage|p1a: Swampert|375\/404|[from] confusion
|
|-weather|RainDance|[upkeep]
|turn|3
|join|JUmba Wumba
|
|move|p2a: Froslass|Shadow Ball|p1a: Swampert
|-damage|p1a: Swampert|290\/404
|-activate|p1a: Swampert|confusion
|move|p1a: Swampert|Earthquake|p2a: Froslass
|-crit|p2a: Froslass
|-damage|p2a: Froslass|100\/344
|
|-weather|RainDance|[upkeep]
|turn|4
|
|move|p2a: Froslass|Shadow Ball|p1a: Swampert
|-damage|p1a: Swampert|199\/404
|-activate|p1a: Swampert|confusion
|move|p1a: Swampert|Scald|p2a: Froslass
|-damage|p2a: Froslass|0 fnt
|faint|p2a: Froslass
|
|-weather|RainDance|[upkeep]
|-end|p1a: Swampert|move: Taunt
|
|switch|p2a: Lapras|Lapras, F|402\/402
|turn|5
|
|move|p2a: Lapras|Dragon Dance|p2a: Lapras
|-boost|p2a: Lapras|atk|1
|-boost|p2a: Lapras|spe|1
|-activate|p1a: Swampert|confusion
|move|p1a: Swampert|Stealth Rock|p2a: Lapras
|-sidestart|p2: Ice Triad Acro|move: Stealth Rock
|
|-weather|RainDance|[upkeep]
|turn|6
|
|move|p2a: Lapras|Waterfall|p1a: Swampert
|-damage|p1a: Swampert|0 fnt
|-damage|p2a: Lapras|335\/402|[from] item: Rocky Helmet|[of] p1a: Swampert
|faint|p1a: Swampert
|
|-weather|RainDance|[upkeep]
|
|switch|p1a: Sceptile|Sceptile, M|281\/281
|turn|7
|leave|JUmba Wumba
|
|detailschange|p1a: Sceptile|Sceptile-Mega, M
|message|Sceptile has Mega Evolved into Mega Sceptile!
|move|p2a: Lapras|Ice Shard|p1a: Sceptile
|-supereffective|p1a: Sceptile
|-damage|p1a: Sceptile|0 fnt
|faint|p1a: Sceptile
|
|-weather|RainDance|[upkeep]
|
|switch|p1a: Conkeldurr|Conkeldurr, M|414\/414
|turn|8
|
|move|p2a: Lapras|Waterfall|p1a: Conkeldurr
|-damage|p1a: Conkeldurr|137\/414
|move|p1a: Conkeldurr|Knock Off|p2a: Lapras
|-damage|p2a: Lapras|177\/402
|-enditem|p2a: Lapras|Weakness Policy|[from] move: Knock Off|[of] p1a: Conkeldurr
|
|-weather|none
|turn|9
|
|move|p2a: Lapras|Ice Shard|p1a: Conkeldurr
|-damage|p1a: Conkeldurr|50\/414
|move|p1a: Conkeldurr|Mach Punch|p2a: Lapras
|-supereffective|p2a: Lapras
|-damage|p2a: Lapras|0 fnt
|faint|p2a: Lapras
|
|
|switch|p2a: Avalugg|Avalugg, F|394\/394
|-damage|p2a: Avalugg|296\/394|[from] Stealth Rock
|turn|10
|
|move|p1a: Conkeldurr|Drain Punch|p2a: Avalugg
|-supereffective|p2a: Avalugg
|-damage|p2a: Avalugg|116\/394
|-heal|p1a: Conkeldurr|140\/414|[from] drain|[of] p2a: Avalugg
|-damage|p1a: Conkeldurr|71\/414|[from] item: Rocky Helmet|[of] p2a: Avalugg
|move|p2a: Avalugg|Recover|p2a: Avalugg
|-heal|p2a: Avalugg|313\/394
|
|turn|11
|
|move|p1a: Conkeldurr|Drain Punch|p2a: Avalugg
|-supereffective|p2a: Avalugg
|-damage|p2a: Avalugg|145\/394
|-heal|p1a: Conkeldurr|155\/414|[from] drain|[of] p2a: Avalugg
|-damage|p1a: Conkeldurr|86\/414|[from] item: Rocky Helmet|[of] p2a: Avalugg
|move|p2a: Avalugg|Curse|p2a: Avalugg
|-boost|p2a: Avalugg|atk|1
|-boost|p2a: Avalugg|def|1
|-unboost|p2a: Avalugg|spe|1
|
|turn|12
|
|move|p1a: Conkeldurr|Drain Punch|p2a: Avalugg
|-supereffective|p2a: Avalugg
|-damage|p2a: Avalugg|29\/394
|-heal|p1a: Conkeldurr|144\/414|[from] drain|[of] p2a: Avalugg
|-damage|p1a: Conkeldurr|75\/414|[from] item: Rocky Helmet|[of] p2a: Avalugg
|move|p2a: Avalugg|Recover|p2a: Avalugg
|-heal|p2a: Avalugg|226\/394
|
|turn|13
|
|move|p1a: Conkeldurr|Knock Off|p2a: Avalugg
|-damage|p2a: Avalugg|175\/394
|-damage|p1a: Conkeldurr|6\/414|[from] item: Rocky Helmet|[of] p2a: Avalugg
|-enditem|p2a: Avalugg|Rocky Helmet|[from] move: Knock Off|[of] p1a: Conkeldurr
|move|p2a: Avalugg|Recover|p2a: Avalugg
|-heal|p2a: Avalugg|372\/394
|
|turn|14
|
|move|p1a: Conkeldurr|Drain Punch|p2a: Avalugg
|-supereffective|p2a: Avalugg
|-damage|p2a: Avalugg|252\/394
|-heal|p1a: Conkeldurr|66\/414|[from] drain|[of] p2a: Avalugg
|move|p2a: Avalugg|Curse|p2a: Avalugg
|-boost|p2a: Avalugg|atk|1
|-boost|p2a: Avalugg|def|1
|-unboost|p2a: Avalugg|spe|1
|
|turn|15
|
|move|p1a: Conkeldurr|Drain Punch|p2a: Avalugg
|-supereffective|p2a: Avalugg
|-damage|p2a: Avalugg|172\/394
|-heal|p1a: Conkeldurr|106\/414|[from] drain|[of] p2a: Avalugg
|move|p2a: Avalugg|Avalanche|p1a: Conkeldurr
|-damage|p1a: Conkeldurr|0 fnt
|faint|p1a: Conkeldurr
|
|
|switch|p1a: Politoed|Politoed, F|384\/384
|-weather|RainDance
|turn|16
|
|move|p1a: Politoed|Hydro Pump|p2a: Avalugg
|-damage|p2a: Avalugg|0 fnt
|faint|p2a: Avalugg
|
|-weather|RainDance|[upkeep]
|
|switch|p2a: Greninja|Greninja, F|286\/286
|-damage|p2a: Greninja|251\/286|[from] Stealth Rock
|turn|17
|
|switch|p1a: Cryogonal|Cryogonal|344\/344
|move|p2a: Greninja|Substitute|p2a: Greninja
|-start|p2a: Greninja|typechange|Normal|[from] Protean
|-start|p2a: Greninja|Substitute
|-damage|p2a: Greninja|180\/286
|
|-weather|RainDance|[upkeep]
|turn|18
|
|move|p2a: Greninja|Scald|p1a: Cryogonal
|-start|p2a: Greninja|typechange|Water|[from] Protean
|-damage|p1a: Cryogonal|209\/344
|move|p1a: Cryogonal|Freeze-Dry|p2a: Greninja
|-supereffective|p2a: Greninja
|-end|p2a: Greninja|Substitute
|
|-weather|RainDance|[upkeep]
|-heal|p1a: Cryogonal|230\/344|[from] item: Leftovers
|turn|19
|
|move|p2a: Greninja|Dark Pulse|p1a: Cryogonal
|-start|p2a: Greninja|typechange|Dark|[from] Protean
|-damage|p1a: Cryogonal|139\/344
|move|p1a: Cryogonal|Freeze-Dry|p2a: Greninja
|-damage|p2a: Greninja|48\/286
|
|-weather|RainDance|[upkeep]
|-heal|p1a: Cryogonal|160\/344|[from] item: Leftovers
|turn|20
|
|move|p2a: Greninja|Extrasensory|p1a: Cryogonal
|-start|p2a: Greninja|typechange|Psychic|[from] Protean
|-damage|p1a: Cryogonal|70\/344
|cant|p1a: Cryogonal|flinch
|
|-weather|RainDance|[upkeep]
|-heal|p1a: Cryogonal|91\/344|[from] item: Leftovers
|turn|21
|
|move|p2a: Greninja|Dark Pulse|p1a: Cryogonal
|-start|p2a: Greninja|typechange|Dark|[from] Protean
|-damage|p1a: Cryogonal|9\/344
|move|p1a: Cryogonal|Recover|p1a: Cryogonal
|-heal|p1a: Cryogonal|181\/344
|
|-weather|RainDance|[upkeep]
|-heal|p1a: Cryogonal|202\/344|[from] item: Leftovers
|turn|22
|
|move|p2a: Greninja|Extrasensory|p1a: Cryogonal
|-start|p2a: Greninja|typechange|Psychic|[from] Protean
|-damage|p1a: Cryogonal|117\/344
|move|p1a: Cryogonal|Confuse Ray|p2a: Greninja
|-start|p2a: Greninja|confusion
|
|-weather|RainDance|[upkeep]
|-heal|p1a: Cryogonal|138\/344|[from] item: Leftovers
|turn|23
|
|-activate|p2a: Greninja|confusion
|move|p2a: Greninja|Dark Pulse|p1a: Cryogonal
|-start|p2a: Greninja|typechange|Dark|[from] Protean
|-damage|p1a: Cryogonal|47\/344
|move|p1a: Cryogonal|Recover|p1a: Cryogonal
|-heal|p1a: Cryogonal|219\/344
|
|-weather|none
|-heal|p1a: Cryogonal|240\/344|[from] item: Leftovers
|turn|24
|
|-activate|p2a: Greninja|confusion
|-damage|p2a: Greninja|7\/286|[from] confusion
|move|p1a: Cryogonal|Recover|p1a: Cryogonal
|-heal|p1a: Cryogonal|344\/344
|
|turn|25
|
|-activate|p2a: Greninja|confusion
|move|p2a: Greninja|Extrasensory|p1a: Cryogonal
|-start|p2a: Greninja|typechange|Psychic|[from] Protean
|-damage|p1a: Cryogonal|262\/344
|move|p1a: Cryogonal|Freeze-Dry|p2a: Greninja
|-damage|p2a: Greninja|0 fnt
|faint|p2a: Greninja
|
|-heal|p1a: Cryogonal|283\/344|[from] item: Leftovers
|
|switch|p2a: Pinsir|Pinsir, M|334\/334
|-damage|p2a: Pinsir|251\/334|[from] Stealth Rock
|-ability|p2a: Pinsir|Mold Breaker
|turn|26
|
|move|p1a: Cryogonal|Confuse Ray|p2a: Pinsir
|-start|p2a: Pinsir|confusion
|-activate|p2a: Pinsir|confusion
|-damage|p2a: Pinsir|197\/334|[from] confusion
|
|-heal|p1a: Cryogonal|304\/344|[from] item: Leftovers
|turn|27
|
|detailschange|p2a: Pinsir|Pinsir-Mega, M
|message|Pinsir has Mega Evolved into Mega Pinsir!
|move|p1a: Cryogonal|Freeze-Dry|p2a: Pinsir
|-supereffective|p2a: Pinsir
|-damage|p2a: Pinsir|0 fnt
|faint|p2a: Pinsir
|
|-heal|p1a: Cryogonal|325\/344|[from] item: Leftovers
|
|switch|p2a: Togekiss|Togekiss, M|374\/374
|-damage|p2a: Togekiss|281\/374|[from] Stealth Rock
|turn|28
|
|move|p1a: Cryogonal|Freeze-Dry|p2a: Togekiss
|-supereffective|p2a: Togekiss
|-damage|p2a: Togekiss|99\/374
|move|p2a: Togekiss|Aura Sphere|p1a: Cryogonal
|-supereffective|p1a: Cryogonal
|-damage|p1a: Cryogonal|185\/344
|
|-heal|p1a: Cryogonal|206\/344|[from] item: Leftovers
|-heal|p2a: Togekiss|122\/374|[from] item: Leftovers
|turn|29
|
|move|p1a: Cryogonal|Freeze-Dry|p2a: Togekiss
|-supereffective|p2a: Togekiss
|-damage|p2a: Togekiss|0 fnt
|faint|p2a: Togekiss
|
|win|Blackfenix19
|raw|Ladder updating...