|join|zwdish00
|join|Blackfenix19
|player|p1|zwdish00|283
|player|p2|Blackfenix19|2
|gametype|singles
|gen|6
|tier|OU
|rated
|clearpoke
|poke|p1|Garchomp, F
|poke|p1|Keldeo
|poke|p1|Klefki, F
|poke|p1|Rotom-Wash
|poke|p1|Volcarona, F
|poke|p1|Azumarill, M
|poke|p2|Gardevoir, F
|poke|p2|Charizard, M
|poke|p2|Breloom, F
|poke|p2|Volcarona, F, shiny
|poke|p2|Empoleon, F
|poke|p2|Crobat, M
|rule|Swagger Clause: Swagger is banned
|rule|Baton Pass Clause: Limit one Pokémon knowing Baton Pass
|rule|Sleep Clause Mod: Limit one foe put to sleep
|rule|Species Clause: Limit one of each Pokémon
|rule|OHKO Clause: OHKO moves are banned
|rule|Moody Clause: Moody is banned
|rule|Evasion Moves Clause: Evasion moves are banned
|rule|Endless Battle Clause: Forcing endless battles is banned
|rule|HP Percentage Mod: HP is shown in percentages
|teampreview
|
|start
|switch|p1a: Garchomp|Garchomp, F|358\/358
|switch|p2a: Gardevoir|Gardevoir, F|278\/278
|-ability|p2a: Gardevoir|Rough Skin|[from] ability: Trace|[of] p1a: Garchomp
|turn|1
|
|switch|p1a: Volcarona|Volcarona, F|374\/374
|move|p2a: Gardevoir|Moonblast|p1a: Volcarona
|-resisted|p1a: Volcarona
|-damage|p1a: Volcarona|295\/374
|
|turn|2
|
|switch|p2a: Empoleon|Empoleon, F|372\/372
|move|p1a: Volcarona|Quiver Dance|p1a: Volcarona
|-boost|p1a: Volcarona|spa|1
|-boost|p1a: Volcarona|spd|1
|-boost|p1a: Volcarona|spe|1
|
|turn|3
|
|move|p1a: Volcarona|Fiery Dance|p2a: Empoleon
|-damage|p2a: Empoleon|200\/372
|-boost|p1a: Volcarona|spa|1
|move|p2a: Empoleon|Drill Peck|p1a: Volcarona
|-supereffective|p1a: Volcarona
|-damage|p1a: Volcarona|95\/374
|-status|p2a: Empoleon|brn
|-damage|p2a: Empoleon|163\/372 brn|[from] item: Life Orb
|
|-damage|p2a: Empoleon|117\/372 brn|[from] brn
|turn|4
|
|move|p2a: Empoleon|Aqua Jet|p1a: Volcarona
|-supereffective|p1a: Volcarona
|-damage|p1a: Volcarona|14\/374
|-damage|p2a: Empoleon|80\/372 brn|[from] item: Life Orb
|move|p1a: Volcarona|Fiery Dance|p2a: Empoleon
|-damage|p2a: Empoleon|0 fnt
|-boost|p1a: Volcarona|spa|1
|faint|p2a: Empoleon
|
|
|switch|p2a: Breloom|Breloom, F|261\/261
|turn|5
|
|switch|p2a: Crobat|Crobat, M|374\/374
|move|p1a: Volcarona|Roost|p1a: Volcarona
|-heal|p1a: Volcarona|201\/374
|
|turn|6
|
|move|p2a: Crobat|Super Fang|p1a: Volcarona
|-damage|p1a: Volcarona|101\/374
|move|p1a: Volcarona|Fiery Dance|p2a: Crobat
|-damage|p2a: Crobat|26\/374
|
|-heal|p2a: Crobat|49\/374|[from] item: Black Sludge
|turn|7
|
|move|p2a: Crobat|Toxic|p1a: Volcarona
|-status|p1a: Volcarona|tox
|-enditem|p1a: Volcarona|Lum Berry|[eat]
|-curestatus|p1a: Volcarona|tox
|move|p1a: Volcarona|Roost|p1a: Volcarona
|-heal|p1a: Volcarona|288\/374
|
|-heal|p2a: Crobat|72\/374|[from] item: Black Sludge
|turn|8
|
|move|p2a: Crobat|Toxic|p1a: Volcarona
|-status|p1a: Volcarona|tox
|move|p1a: Volcarona|Quiver Dance|p1a: Volcarona
|-boost|p1a: Volcarona|spa|1
|-boost|p1a: Volcarona|spd|1
|-boost|p1a: Volcarona|spe|1
|
|-heal|p2a: Crobat|95\/374|[from] item: Black Sludge
|-damage|p1a: Volcarona|265\/374 tox|[from] psn
|turn|9
|
|move|p1a: Volcarona|Fiery Dance|p2a: Crobat
|-damage|p2a: Crobat|0 fnt
|faint|p2a: Crobat
|
|-damage|p1a: Volcarona|219\/374 tox|[from] psn
|
|switch|p2a: Volcarona|Volcarona, F, shiny|374\/374
|turn|10
|
|move|p1a: Volcarona|Fiery Dance|p2a: Volcarona
|-damage|p2a: Volcarona|20\/374
|move|p2a: Volcarona|Quiver Dance|p2a: Volcarona
|-boost|p2a: Volcarona|spa|1
|-boost|p2a: Volcarona|spd|1
|-boost|p2a: Volcarona|spe|1
|
|-damage|p1a: Volcarona|150\/374 tox|[from] psn
|turn|11
|
|move|p1a: Volcarona|Fiery Dance|p2a: Volcarona
|-damage|p2a: Volcarona|0 fnt
|-boost|p1a: Volcarona|spa|1
|faint|p2a: Volcarona
|
|-damage|p1a: Volcarona|58\/374 tox|[from] psn
|
|switch|p2a: Charizard|Charizard, M|360\/360
|turn|12
|
|detailschange|p2a: Charizard|Charizard-Mega-X, M
|message|Charizard has Mega Evolved into Mega Charizard!
|move|p1a: Volcarona|Roost|p1a: Volcarona
|-heal|p1a: Volcarona|245\/374 tox
|move|p2a: Charizard|Dragon Dance|p2a: Charizard
|-boost|p2a: Charizard|atk|1
|-boost|p2a: Charizard|spe|1
|
|-damage|p1a: Volcarona|130\/374 tox|[from] psn
|turn|13
|
|move|p1a: Volcarona|Bug Buzz|p2a: Charizard
|-resisted|p2a: Charizard
|-damage|p2a: Charizard|88\/360
|move|p2a: Charizard|Dragon Dance|p2a: Charizard
|-boost|p2a: Charizard|atk|1
|-boost|p2a: Charizard|spe|1
|
|-damage|p1a: Volcarona|0 fnt|[from] psn
|faint|p1a: Volcarona
|
|switch|p1a: Garchomp|Garchomp, F|358\/358
|turn|14
|
|switch|p1a: Klefki|Klefki, F|318\/318
|move|p2a: Charizard|Dragon Claw|p1a: Klefki
|-immune|p1a: Klefki|[msg]
|
|turn|15
|
|move|p1a: Klefki|Reflect|p1a: Klefki
|-sidestart|p1: zwdish00|Reflect
|move|p2a: Charizard|Earthquake|p1a: Klefki
|-supereffective|p1a: Klefki
|-damage|p1a: Klefki|120\/318
|
|turn|16
|
|move|p1a: Klefki|Thunder Wave|p2a: Charizard
|-status|p2a: Charizard|par
|cant|p2a: Charizard|par
|
|turn|17
|
|move|p1a: Klefki|Light Screen|p1a: Klefki
|-sidestart|p1: zwdish00|move: Light Screen
|move|p2a: Charizard|Earthquake|p1a: Klefki
|-supereffective|p1a: Klefki
|-damage|p1a: Klefki|0 fnt
|faint|p1a: Klefki
|
|
|switch|p1a: Garchomp|Garchomp, F|358\/358
|turn|18
|
|move|p1a: Garchomp|Substitute|p1a: Garchomp
|-start|p1a: Garchomp|Substitute
|-damage|p1a: Garchomp|269\/358
|move|p2a: Charizard|Dragon Claw|p1a: Garchomp
|-crit|p1a: Garchomp
|-supereffective|p1a: Garchomp
|-end|p1a: Garchomp|Substitute
|
|-heal|p1a: Garchomp|291\/358|[from] item: Leftovers
|turn|19
|
|move|p1a: Garchomp|Dragon Claw|p2a: Charizard
|-supereffective|p2a: Charizard
|-damage|p2a: Charizard|0 fnt
|faint|p2a: Charizard
|
|-heal|p1a: Garchomp|313\/358|[from] item: Leftovers
|
|switch|p2a: Gardevoir|Gardevoir, F|278\/278
|-ability|p2a: Gardevoir|Rough Skin|[from] ability: Trace|[of] p1a: Garchomp
|turn|20
|
|move|p2a: Gardevoir|Moonblast|p1a: Garchomp
|-crit|p1a: Garchomp
|-supereffective|p1a: Garchomp
|-damage|p1a: Garchomp|0 fnt
|faint|p1a: Garchomp
|
|
|switch|p1a: Rotom-Wash|Rotom-Wash|304\/304
|turn|21
|
|move|p2a: Gardevoir|Moonblast|p1a: Rotom-Wash
|-damage|p1a: Rotom-Wash|248\/304
|move|p1a: Rotom-Wash|Hydro Pump|p2a: Gardevoir|[miss]
|-miss|p1a: Rotom-Wash|p2a: Gardevoir
|
|-heal|p1a: Rotom-Wash|267\/304|[from] item: Leftovers
|turn|22
|
|move|p2a: Gardevoir|Moonblast|p1a: Rotom-Wash
|-damage|p1a: Rotom-Wash|213\/304
|move|p1a: Rotom-Wash|Hydro Pump|p2a: Gardevoir|[miss]
|-miss|p1a: Rotom-Wash|p2a: Gardevoir
|
|-heal|p1a: Rotom-Wash|232\/304|[from] item: Leftovers
|-sideend|p1: zwdish00|Reflect
|turn|23
|
|switch|p2a: Breloom|Breloom, F|261\/261
|move|p1a: Rotom-Wash|Hydro Pump|p2a: Breloom|[miss]
|-miss|p1a: Rotom-Wash|p2a: Breloom
|
|-heal|p1a: Rotom-Wash|251\/304|[from] item: Leftovers
|-status|p2a: Breloom|tox|[from] item: Toxic Orb
|turn|24
|
|switch|p1a: Keldeo|Keldeo|323\/323
|move|p2a: Breloom|Spore|p1a: Keldeo
|-status|p1a: Keldeo|slp
|
|-sideend|p1: zwdish00|move: Light Screen
|turn|25
|
|switch|p1a: Azumarill|Azumarill, M|404\/404
|move|p2a: Breloom|Seed Bomb|p1a: Azumarill
|-supereffective|p1a: Azumarill
|-damage|p1a: Azumarill|32\/404
|-enditem|p1a: Azumarill|Sitrus Berry|[eat]
|-heal|p1a: Azumarill|133\/404|[from] item: Sitrus Berry
|
|turn|26
|
|move|p2a: Breloom|Seed Bomb|p1a: Azumarill
|-supereffective|p1a: Azumarill
|-damage|p1a: Azumarill|0 fnt
|faint|p1a: Azumarill
|
|
|switch|p1a: Keldeo|Keldeo|323\/323 slp
|turn|27
|
|cant|p1a: Keldeo|slp
|move|p2a: Breloom|Seed Bomb|p1a: Keldeo
|-supereffective|p1a: Keldeo
|-damage|p1a: Keldeo|0 fnt
|faint|p1a: Keldeo
|
|
|switch|p1a: Rotom-Wash|Rotom-Wash|251\/304
|turn|28
|
|move|p2a: Breloom|Seed Bomb|p1a: Rotom-Wash
|-supereffective|p1a: Rotom-Wash
|-damage|p1a: Rotom-Wash|0 fnt
|faint|p1a: Rotom-Wash
|
|win|Blackfenix19
|raw|Ladder updating...
|raw|zwdish00's rating: 1289 &rarr; <strong>1264<\/strong><br \/>(-25 for losing)
|raw|Blackfenix19's rating: 1295 &rarr; <strong>1319<\/strong><br \/>(+24 for winning)
|leave|zwdish00
|player|p1