|join|EbonysBlaze
|join|Suicuninite
|player|p1|EbonysBlaze|130
|player|p2|Suicuninite|92
|gametype|singles
|gen|6
|tier|OU
|rated
|clearpoke
|poke|p1|Charizard, M
|poke|p1|Skarmory, M
|poke|p1|Chansey, F
|poke|p1|Amoonguss, F
|poke|p1|Gothitelle, F
|poke|p1|Quagsire, F
|poke|p2|Galvantula, M
|poke|p2|Gengar, M
|poke|p2|Landorus-Therian, M, shiny
|poke|p2|Pinsir, F, shiny
|poke|p2|Espeon, M
|poke|p2|Kyurem-Black, shiny
|rule|Sleep Clause Mod: Limit one foe put to sleep
|rule|Species Clause: Limit one of each Pokemon
|rule|OHKO Clause: OHKO moves are banned
|rule|Moody Clause: Moody is banned
|rule|Evasion Moves Clause: Evasion moves are banned
|rule|Endless Battle Clause: Forcing endless battles is banned.
|rule|HP Percentage Mod: HP is reported as percentages
|teampreview
|
|start
|switch|p1a: Amy Lee|Gothitelle, F|301\/301
|switch|p2a: Galvantula|Galvantula, M|281\/281
|turn|1
|
|move|p1a: Amy Lee|Trick|p2a: Galvantula
|-activate|p1a: Amy Lee|move: Trick|[of] p2a: Galvantula
|-item|p2a: Galvantula|Choice Scarf|[from] move: Trick
|-item|p1a: Amy Lee|Focus Sash|[from] move: Trick
|move|p2a: Galvantula|Bug Buzz|p1a: Amy Lee
|-supereffective|p1a: Amy Lee
|-damage|p1a: Amy Lee|43\/301
|-unboost|p1a: Amy Lee|spd|1
|
|turn|2
|
|switch|p1a: First Strike|Charizard, M|360\/360
|move|p2a: Galvantula|Bug Buzz|p1a: First Strike
|-resisted|p1a: First Strike
|-damage|p1a: First Strike|324\/360
|
|turn|3
|
|switch|p2a: Landorus-Therian|Landorus-Therian, M, shiny|361\/361
|-ability|p2a: Landorus-Therian|Intimidate|[of] p1a: First Strike
|-unboost|p1a: First Strike|atk|1
|-weather|SunnyDay
|detailschange|p1a: First Strike|Charizard-Mega-Y, M
|message|Charizard has Mega Evolved into Mega Charizard!
|move|p1a: First Strike|Flamethrower|p2a: Landorus-Therian
|-damage|p2a: Landorus-Therian|0 fnt
|faint|p2a: Landorus-Therian
|
|-weather|SunnyDay|[upkeep]
|-message|Suicuninite forfeited.
|
|win|EbonysBlaze
|raw|Ladder updating...
|leave|Suicuninite
|player|p2
|raw|EbonysBlaze's rating: 1512 &rarr; <strong>1533<\/strong><br \/>(+21 for winning)
|raw|Suicuninite's rating: 1519 &rarr; <strong>1499<\/strong><br \/>(-20 for losing)