|join|oelfre
|join|Richizen
|player|p1|oelfre|279
|player|p2|Richizen|1
|gametype|singles
|gen|6
|tier|OU
|rated
|clearpoke
|poke|p1|Conkeldurr, F
|poke|p1|Heatran, M
|poke|p1|Slowbro, M
|poke|p1|Landorus-Therian, M
|poke|p1|Latias, F
|poke|p1|Metagross
|poke|p2|Politoed, M
|poke|p2|Ferrothorn, M
|poke|p2|Scizor, M
|poke|p2|Vaporeon, F
|poke|p2|Volcarona, F
|poke|p2|Swampert, M
|rule|Swagger Clause: Swagger is banned
|rule|Baton Pass Clause: Limit one Pokémon knowing Baton Pass
|rule|Sleep Clause Mod: Limit one foe put to sleep
|rule|Species Clause: Limit one of each Pokémon
|rule|OHKO Clause: OHKO moves are banned
|rule|Moody Clause: Moody is banned
|rule|Evasion Moves Clause: Evasion moves are banned
|rule|Endless Battle Clause: Forcing endless battles is banned
|rule|HP Percentage Mod: HP is shown in percentages
|teampreview
|
|start
|switch|p1a: Conkeldurr|Conkeldurr, F|351\/351
|switch|p2a: Politoed|Politoed, M|384\/384
|-weather|RainDance
|turn|1
|
|move|p2a: Politoed|Hypnosis|p1a: Conkeldurr
|-status|p1a: Conkeldurr|slp
|cant|p1a: Conkeldurr|slp
|
|-weather|RainDance|[upkeep]
|turn|2
|
|switch|p2a: Swampert|Swampert, M|367\/367
|switch|p1a: Latias|Latias, F|326\/326
|
|-weather|RainDance|[upkeep]
|turn|3
|
|detailschange|p2a: Swampert|Swampert-Mega, M
|message|Swampert has Mega Evolved into Mega Swampert!
|move|p1a: Latias|Draco Meteor|p2a: Swampert
|-damage|p2a: Swampert|201\/367
|-unboost|p1a: Latias|spa|2
|move|p2a: Swampert|Ice Punch|p1a: Latias
|-supereffective|p1a: Latias
|-damage|p1a: Latias|98\/326
|
|-weather|RainDance|[upkeep]
|-heal|p1a: Latias|118\/326|[from] item: Leftovers
|turn|4
|
|switch|p2a: Volcarona|Volcarona, F|320\/320
|switch|p1a: Slowbro|Slowbro, M|394\/394
|
|-weather|RainDance|[upkeep]
|turn|5
|
|move|p2a: Volcarona|Quiver Dance|p2a: Volcarona
|-boost|p2a: Volcarona|spa|1
|-boost|p2a: Volcarona|spd|1
|-boost|p2a: Volcarona|spe|1
|move|p1a: Slowbro|Scald|p2a: Volcarona
|-supereffective|p2a: Volcarona
|-damage|p2a: Volcarona|152\/320
|
|-weather|RainDance|[upkeep]
|-heal|p2a: Volcarona|172\/320|[from] item: Leftovers
|turn|6
|
|switch|p1a: Heatran|Heatran, M|386\/386
|move|p2a: Volcarona|Giga Drain|p1a: Heatran
|-resisted|p1a: Heatran
|-damage|p1a: Heatran|362\/386
|-heal|p2a: Volcarona|184\/320|[from] drain|[of] p1a: Heatran
|
|-weather|RainDance|[upkeep]
|-heal|p2a: Volcarona|204\/320|[from] item: Leftovers
|-heal|p1a: Heatran|386\/386|[from] item: Leftovers
|turn|7
|
|move|p2a: Volcarona|Giga Drain|p1a: Heatran
|-resisted|p1a: Heatran
|-damage|p1a: Heatran|361\/386
|-heal|p2a: Volcarona|217\/320|[from] drain|[of] p1a: Heatran
|move|p1a: Heatran|Stealth Rock|p2a: Volcarona
|-sidestart|p2: Richizen|move: Stealth Rock
|
|-weather|RainDance|[upkeep]
|-heal|p2a: Volcarona|237\/320|[from] item: Leftovers
|-heal|p1a: Heatran|385\/386|[from] item: Leftovers
|turn|8
|
|move|p2a: Volcarona|Hurricane|p1a: Heatran
|-resisted|p1a: Heatran
|-damage|p1a: Heatran|310\/386
|-start|p1a: Heatran|confusion
|-activate|p1a: Heatran|confusion
|move|p1a: Heatran|Toxic|p2a: Volcarona|[miss]
|-miss|p1a: Heatran|p2a: Volcarona
|
|-weather|none
|-heal|p2a: Volcarona|257\/320|[from] item: Leftovers
|-heal|p1a: Heatran|334\/386|[from] item: Leftovers
|turn|9
|
|switch|p2a: Politoed|Politoed, M|384\/384
|-damage|p2a: Politoed|336\/384|[from] Stealth Rock
|-weather|RainDance
|-activate|p1a: Heatran|confusion
|move|p1a: Heatran|Protect|p1a: Heatran
|-fail|p1a: Heatran
|
|-weather|RainDance|[upkeep]
|-heal|p1a: Heatran|358\/386|[from] item: Leftovers
|turn|10
|
|switch|p1a: Conkeldurr|Conkeldurr, F|351\/351 slp
|move|p2a: Politoed|Hydro Pump|p1a: Conkeldurr
|-damage|p1a: Conkeldurr|167\/351 slp
|
|-weather|RainDance|[upkeep]
|turn|11
|
|move|p2a: Politoed|Hydro Pump|p1a: Conkeldurr
|-damage|p1a: Conkeldurr|4\/351 slp
|cant|p1a: Conkeldurr|slp
|
|-weather|RainDance|[upkeep]
|turn|12
|
|-curestatus|p1a: Conkeldurr|slp
|move|p1a: Conkeldurr|Mach Punch|p2a: Politoed
|-damage|p2a: Politoed|222\/384
|move|p2a: Politoed|Ice Beam|p1a: Conkeldurr
|-damage|p1a: Conkeldurr|0 fnt
|faint|p1a: Conkeldurr
|
|-weather|RainDance|[upkeep]
|
|switch|p1a: Landorus-Therian|Landorus-Therian, M|320\/320
|-ability|p1a: Landorus-Therian|Intimidate|[of] p2a: Politoed
|-unboost|p2a: Politoed|atk|1
|turn|13
|
|move|p1a: Landorus-Therian|U-turn|p2a: Politoed
|-damage|p2a: Politoed|113\/384
|
|switch|p1a: Slowbro|Slowbro, M|394\/394
|move|p2a: Politoed|Hydro Pump|p1a: Slowbro|[miss]
|-miss|p2a: Politoed|p1a: Slowbro
|
|-weather|RainDance|[upkeep]
|turn|14
|
|move|p2a: Politoed|Hypnosis|p1a: Slowbro
|-status|p1a: Slowbro|slp
|cant|p1a: Slowbro|slp
|
|-weather|RainDance|[upkeep]
|turn|15
|
|switch|p2a: Ferrothorn|Ferrothorn, M|352\/352
|-damage|p2a: Ferrothorn|330\/352|[from] Stealth Rock
|cant|p1a: Slowbro|slp
|
|-weather|RainDance|[upkeep]
|-heal|p2a: Ferrothorn|352\/352|[from] item: Leftovers
|turn|16
|
|switch|p1a: Heatran|Heatran, M|358\/386
|move|p2a: Ferrothorn|Stealth Rock|p1a: Heatran
|-sidestart|p1: oelfre|move: Stealth Rock
|
|-weather|none
|-heal|p1a: Heatran|382\/386|[from] item: Leftovers
|turn|17
|
|switch|p2a: Politoed|Politoed, M|113\/384
|-damage|p2a: Politoed|65\/384|[from] Stealth Rock
|-weather|RainDance
|move|p1a: Heatran|Toxic|p2a: Politoed
|-status|p2a: Politoed|tox
|
|-weather|RainDance|[upkeep]
|-heal|p1a: Heatran|386\/386|[from] item: Leftovers
|-damage|p2a: Politoed|41\/384 tox|[from] psn
|turn|18
|
|switch|p2a: Swampert|Swampert-Mega, M|201\/367
|-damage|p2a: Swampert|179\/367|[from] Stealth Rock
|move|p1a: Heatran|Protect|p1a: Heatran
|-fail|p1a: Heatran
|
|-weather|RainDance|[upkeep]
|turn|19
|
|move|p1a: Heatran|Protect|p1a: Heatran
|-singleturn|p1a: Heatran|Protect
|move|p2a: Swampert|Waterfall|p1a: Heatran
|-activate|p1a: Heatran|Protect
|
|-weather|RainDance|[upkeep]
|turn|20
|
|switch|p1a: Slowbro|Slowbro, M|394\/394 slp
|-damage|p1a: Slowbro|345\/394 slp|[from] Stealth Rock
|move|p2a: Swampert|Waterfall|p1a: Slowbro
|-resisted|p1a: Slowbro
|-damage|p1a: Slowbro|255\/394 slp
|
|-weather|RainDance|[upkeep]
|-heal|p1a: Slowbro|279\/394 slp|[from] item: Leftovers
|turn|21
|
|move|p2a: Swampert|Earthquake|p1a: Slowbro
|-damage|p1a: Slowbro|141\/394 slp
|-curestatus|p1a: Slowbro|slp
|move|p1a: Slowbro|Scald|p2a: Swampert
|-damage|p2a: Swampert|50\/367
|-status|p2a: Swampert|brn
|
|-weather|RainDance|[upkeep]
|-heal|p1a: Slowbro|165\/394|[from] item: Leftovers
|-damage|p2a: Swampert|5\/367 brn|[from] brn
|turn|22
|
|move|p2a: Swampert|Waterfall|p1a: Slowbro
|-resisted|p1a: Slowbro
|-damage|p1a: Slowbro|121\/394
|move|p1a: Slowbro|Slack Off|p1a: Slowbro
|-heal|p1a: Slowbro|318\/394
|
|-weather|RainDance|[upkeep]
|-heal|p1a: Slowbro|342\/394|[from] item: Leftovers
|-damage|p2a: Swampert|0 fnt|[from] brn
|faint|p2a: Swampert
|
|switch|p2a: Ferrothorn|Ferrothorn, M|352\/352
|-damage|p2a: Ferrothorn|330\/352|[from] Stealth Rock
|turn|23
|
|move|p1a: Slowbro|Thunder Wave|p2a: Ferrothorn
|-status|p2a: Ferrothorn|par
|move|p2a: Ferrothorn|Leech Seed|p1a: Slowbro
|-start|p1a: Slowbro|move: Leech Seed
|
|-weather|RainDance|[upkeep]
|-heal|p1a: Slowbro|366\/394|[from] item: Leftovers
|-heal|p2a: Ferrothorn|352\/352 par|[from] item: Leftovers
|-damage|p1a: Slowbro|317\/394|[from] Leech Seed|[of] p2a: Ferrothorn
|turn|24
|
|switch|p1a: Heatran|Heatran, M|386\/386
|-damage|p1a: Heatran|338\/386|[from] Stealth Rock
|cant|p2a: Ferrothorn|par
|
|-weather|none
|-heal|p1a: Heatran|362\/386|[from] item: Leftovers
|turn|25
|
|switch|p2a: Politoed|Politoed, M|41\/384 tox
|-damage|p2a: Politoed|0 fnt|[from] Stealth Rock
|faint|p2a: Politoed
|move|p1a: Heatran|Lava Plume|p2: Politoed|[notarget]
|-notarget
|
|-heal|p1a: Heatran|386\/386|[from] item: Leftovers
|
|switch|p2a: Vaporeon|Vaporeon, F|448\/448
|-damage|p2a: Vaporeon|392\/448|[from] Stealth Rock
|turn|26
|
|move|p1a: Heatran|Toxic|p2a: Vaporeon
|-status|p2a: Vaporeon|tox
|move|p2a: Vaporeon|Scald|p1a: Heatran
|-supereffective|p1a: Heatran
|-damage|p1a: Heatran|234\/386
|
|-heal|p1a: Heatran|258\/386|[from] item: Leftovers
|-heal|p2a: Vaporeon|420\/448 tox|[from] item: Leftovers
|-damage|p2a: Vaporeon|392\/448 tox|[from] psn
|turn|27
|
|move|p1a: Heatran|Protect|p1a: Heatran
|-singleturn|p1a: Heatran|Protect
|move|p2a: Vaporeon|Heal Bell|p2a: Vaporeon
|-cureteam|p2a: Vaporeon|[from] move: HealBell
|
|-heal|p1a: Heatran|282\/386|[from] item: Leftovers
|-heal|p2a: Vaporeon|420\/448|[from] item: Leftovers
|turn|28
|
|switch|p1a: Latias|Latias, F|118\/326
|-damage|p1a: Latias|78\/326|[from] Stealth Rock
|move|p2a: Vaporeon|Scald|p1a: Latias
|-resisted|p1a: Latias
|-damage|p1a: Latias|38\/326
|-status|p1a: Latias|brn
|
|-heal|p1a: Latias|58\/326 brn|[from] item: Leftovers
|-heal|p2a: Vaporeon|448\/448|[from] item: Leftovers
|-damage|p1a: Latias|18\/326 brn|[from] brn
|turn|29
|
|move|p1a: Latias|Roost|p1a: Latias
|-heal|p1a: Latias|181\/326 brn
|move|p2a: Vaporeon|Wish|p2a: Vaporeon
|
|-heal|p1a: Latias|201\/326 brn|[from] item: Leftovers
|-damage|p1a: Latias|161\/326 brn|[from] brn
|turn|30
|
|move|p1a: Latias|Draco Meteor|p2a: Vaporeon
|-damage|p2a: Vaporeon|264\/448
|-unboost|p1a: Latias|spa|2
|move|p2a: Vaporeon|Ice Beam|p1a: Latias
|-supereffective|p1a: Latias
|-damage|p1a: Latias|49\/326 brn
|
|-heal|p2a: Vaporeon|448\/448|[from] move: Wish|[wisher] Vaporeon
|-heal|p1a: Latias|69\/326 brn|[from] item: Leftovers
|-damage|p1a: Latias|29\/326 brn|[from] brn
|turn|31
|
|move|p1a: Latias|Roost|p1a: Latias
|-heal|p1a: Latias|192\/326 brn
|move|p2a: Vaporeon|Ice Beam|p1a: Latias
|-supereffective|p1a: Latias
|-damage|p1a: Latias|60\/326 brn
|
|-heal|p1a: Latias|80\/326 brn|[from] item: Leftovers
|-damage|p1a: Latias|40\/326 brn|[from] brn
|turn|32
|
|switch|p1a: Slowbro|Slowbro, M|394\/394
|-damage|p1a: Slowbro|345\/394|[from] Stealth Rock
|move|p2a: Vaporeon|Ice Beam|p1a: Slowbro
|-resisted|p1a: Slowbro
|-damage|p1a: Slowbro|302\/394
|
|-heal|p1a: Slowbro|326\/394|[from] item: Leftovers
|turn|33
|
|switch|p2a: Ferrothorn|Ferrothorn, M|352\/352
|-damage|p2a: Ferrothorn|330\/352|[from] Stealth Rock
|move|p1a: Slowbro|Thunder Wave|p2a: Ferrothorn
|-status|p2a: Ferrothorn|par
|
|-heal|p1a: Slowbro|350\/394|[from] item: Leftovers
|-heal|p2a: Ferrothorn|352\/352 par|[from] item: Leftovers
|turn|34
|
|switch|p1a: Heatran|Heatran, M|282\/386
|-damage|p1a: Heatran|234\/386|[from] Stealth Rock
|move|p2a: Ferrothorn|Leech Seed|p1a: Heatran
|-start|p1a: Heatran|move: Leech Seed
|
|-heal|p1a: Heatran|258\/386|[from] item: Leftovers
|-damage|p1a: Heatran|210\/386|[from] Leech Seed|[of] p2a: Ferrothorn
|turn|35
|
|switch|p2a: Vaporeon|Vaporeon, F|448\/448
|-damage|p2a: Vaporeon|392\/448|[from] Stealth Rock
|move|p1a: Heatran|Lava Plume|p2a: Vaporeon
|-resisted|p2a: Vaporeon
|-damage|p2a: Vaporeon|338\/448
|-status|p2a: Vaporeon|brn
|
|-heal|p1a: Heatran|234\/386|[from] item: Leftovers
|-heal|p2a: Vaporeon|366\/448 brn|[from] item: Leftovers
|-damage|p1a: Heatran|186\/386|[from] Leech Seed|[of] p2a: Vaporeon
|-heal|p2a: Vaporeon|414\/448 brn|[silent]
|-damage|p2a: Vaporeon|358\/448 brn|[from] brn
|turn|36
|
|switch|p1a: Metagross|Metagross|302\/302
|-damage|p1a: Metagross|284\/302|[from] Stealth Rock
|move|p2a: Vaporeon|Heal Bell|p2a: Vaporeon
|-cureteam|p2a: Vaporeon|[from] move: HealBell
|
|-heal|p2a: Vaporeon|386\/448|[from] item: Leftovers
|turn|37
|
|detailschange|p1a: Metagross|Metagross-Mega
|message|Metagross has Mega Evolved into Mega Metagross!
|move|p1a: Metagross|Earthquake|p2a: Vaporeon
|-damage|p2a: Vaporeon|254\/448
|move|p2a: Vaporeon|Wish|p2a: Vaporeon
|
|-heal|p2a: Vaporeon|282\/448|[from] item: Leftovers
|turn|38
|
|move|p1a: Metagross|Meteor Mash|p2a: Vaporeon
|-resisted|p2a: Vaporeon
|-damage|p2a: Vaporeon|177\/448
|move|p2a: Vaporeon|Scald|p1a: Metagross
|-damage|p1a: Metagross|194\/302
|
|-heal|p2a: Vaporeon|401\/448|[from] move: Wish|[wisher] Vaporeon
|-heal|p2a: Vaporeon|429\/448|[from] item: Leftovers
|turn|39
|
|move|p1a: Metagross|Earthquake|p2a: Vaporeon
|-damage|p2a: Vaporeon|296\/448
|move|p2a: Vaporeon|Scald|p1a: Metagross
|-crit|p1a: Metagross
|-damage|p1a: Metagross|58\/302
|
|-heal|p2a: Vaporeon|324\/448|[from] item: Leftovers
|turn|40
|
|move|p1a: Metagross|Earthquake|p2a: Vaporeon
|-damage|p2a: Vaporeon|192\/448
|move|p2a: Vaporeon|Wish|p2a: Vaporeon
|
|-heal|p2a: Vaporeon|220\/448|[from] item: Leftovers
|turn|41
|
|move|p1a: Metagross|Earthquake|p2a: Vaporeon
|-damage|p2a: Vaporeon|85\/448
|move|p2a: Vaporeon|Scald|p1a: Metagross
|-damage|p1a: Metagross|0 fnt
|faint|p1a: Metagross
|
|-heal|p2a: Vaporeon|309\/448|[from] move: Wish|[wisher] Vaporeon
|-heal|p2a: Vaporeon|337\/448|[from] item: Leftovers
|
|switch|p1a: Landorus-Therian|Landorus-Therian, M|320\/320
|-damage|p1a: Landorus-Therian|280\/320|[from] Stealth Rock
|-ability|p1a: Landorus-Therian|Intimidate|[of] p2a: Vaporeon
|-unboost|p2a: Vaporeon|atk|1
|turn|42
|
|move|p1a: Landorus-Therian|Earthquake|p2a: Vaporeon
|-damage|p2a: Vaporeon|133\/448
|move|p2a: Vaporeon|Ice Beam|p1a: Landorus-Therian
|-supereffective|p1a: Landorus-Therian
|-damage|p1a: Landorus-Therian|0 fnt
|faint|p1a: Landorus-Therian
|
|-heal|p2a: Vaporeon|161\/448|[from] item: Leftovers
|-message|oelfre forfeited.
|
|win|Richizen
|raw|Ladder updating...
|leave|oelfre
|player|p1