|join|Signet of Souls
|join|BenTheDemon
|player|p1|Signet of Souls|217
|player|p2|BenTheDemon|53
|gametype|singles
|gen|6
|tier|OU
|rated
|clearpoke
|poke|p1|Alakazam, M
|poke|p1|Forretress, F
|poke|p1|Bisharp, M
|poke|p1|Garchomp, F
|poke|p1|Toxicroak, M
|poke|p1|Zapdos
|poke|p2|Dragonite, M, shiny
|poke|p2|Greninja, M, shiny
|poke|p2|Metagross, shiny
|poke|p2|Excadrill, M
|poke|p2|Gliscor, M
|poke|p2|Gengar, M, shiny
|rule|Swagger Clause: Swagger is banned
|rule|Baton Pass Clause: Limit one Pokémon knowing Baton Pass
|rule|Sleep Clause Mod: Limit one foe put to sleep
|rule|Species Clause: Limit one of each Pokémon
|rule|OHKO Clause: OHKO moves are banned
|rule|Moody Clause: Moody is banned
|rule|Evasion Moves Clause: Evasion moves are banned
|rule|Endless Battle Clause: Forcing endless battles is banned
|rule|HP Percentage Mod: HP is shown in percentages
|teampreview
|
|start
|switch|p1a: Garchomp|Garchomp, F|357\/357
|switch|p2a: Ground Man|Gliscor, M|354\/354
|turn|1
|
|switch|p1a: Forretress|Forretress, F|354\/354
|move|p2a: Ground Man|Stealth Rock|p1a: Forretress
|-sidestart|p1: Signet of Souls|move: Stealth Rock
|
|-status|p2a: Ground Man|tox|[from] item: Toxic Orb
|turn|2
|
|switch|p2a: Shade Man|Gengar, M, shiny|268\/268
|move|p1a: Forretress|Spikes|p2a: Shade Man
|-sidestart|p2: BenTheDemon|Spikes
|
|turn|3
|
|move|p2a: Shade Man|Taunt|p1a: Forretress
|-start|p1a: Forretress|move: Taunt
|move|p1a: Forretress|Gyro Ball|p2a: Shade Man
|-damage|p2a: Shade Man|63\/268
|
|-heal|p2a: Shade Man|79\/268|[from] item: Black Sludge
|turn|4
|
|move|p2a: Shade Man|Will-O-Wisp|p1a: Forretress|[miss]
|-miss|p2a: Shade Man|p1a: Forretress
|move|p1a: Forretress|Volt Switch|p2a: Shade Man
|-crit|p2a: Shade Man
|-damage|p2a: Shade Man|18\/268
|
|switch|p1a: Zapdos|Zapdos|321\/321
|-damage|p1a: Zapdos|241\/321|[from] Stealth Rock
|-ability|p1a: Zapdos|Pressure
|
|-heal|p2a: Shade Man|34\/268|[from] item: Black Sludge
|turn|5
|
|move|p1a: Zapdos|Heat Wave|p2a: Shade Man
|-damage|p2a: Shade Man|0 fnt
|faint|p2a: Shade Man
|
|
|switch|p2a: Ground Man|Gliscor, M|354\/354 tox
|turn|6
|
|switch|p1a: Forretress|Forretress, F|354\/354
|-damage|p1a: Forretress|310\/354|[from] Stealth Rock
|move|p2a: Ground Man|Toxic|p1a: Forretress|[miss]
|-miss|p2a: Ground Man|p1a: Forretress
|
|-heal|p1a: Forretress|332\/354|[from] item: Leftovers
|turn|7
|
|switch|p2a: Drill Man|Excadrill, M|391\/391
|-damage|p2a: Drill Man|343\/391|[from] Spikes
|-ability|p2a: Drill Man|Mold Breaker
|move|p1a: Forretress|Rapid Spin|p2a: Drill Man
|-resisted|p2a: Drill Man
|-damage|p2a: Drill Man|331\/391
|-sideend|p1: Signet of Souls|Stealth Rock|[from] move: Rapid Spin|[of] p1a: Forretress
|
|-heal|p1a: Forretress|354\/354|[from] item: Leftovers
|turn|8
|
|move|p2a: Drill Man|Rapid Spin|p1a: Forretress
|-resisted|p1a: Forretress
|-damage|p1a: Forretress|347\/354
|-sideend|p2: BenTheDemon|Spikes|[from] move: Rapid Spin|[of] p2a: Drill Man
|move|p1a: Forretress|Gyro Ball|p2a: Drill Man
|-crit|p2a: Drill Man
|-resisted|p2a: Drill Man
|-damage|p2a: Drill Man|238\/391
|
|-heal|p1a: Forretress|354\/354|[from] item: Leftovers
|turn|9
|
|switch|p2a: Bubble Man|Greninja, M, shiny|286\/286
|move|p1a: Forretress|Spikes|p2a: Bubble Man
|-sidestart|p2: BenTheDemon|Spikes
|
|turn|10
|
|move|p2a: Bubble Man|Hidden Power|p1a: Forretress
|-start|p2a: Bubble Man|typechange|Fire|[from] Protean
|-crit|p1a: Forretress
|-supereffective|p1a: Forretress
|-activate|p1a: Forretress|Sturdy
|-damage|p1a: Forretress|1\/354
|-damage|p2a: Bubble Man|258\/286|[from] item: Life Orb
|move|p1a: Forretress|Volt Switch|p2a: Bubble Man
|-damage|p2a: Bubble Man|206\/286
|
|switch|p1a: Zapdos|Zapdos|241\/321
|-ability|p1a: Zapdos|Pressure
|
|turn|11
|
|switch|p2a: Drill Man|Excadrill, M|238\/391
|-damage|p2a: Drill Man|190\/391|[from] Spikes
|-ability|p2a: Drill Man|Mold Breaker
|move|p1a: Zapdos|Volt Switch|p2a: Drill Man
|-immune|p2a: Drill Man|[msg]
|
|turn|12
|
|switch|p1a: Garchomp|Garchomp, F|357\/357
|move|p2a: Drill Man|Rapid Spin|p1a: Garchomp
|-damage|p1a: Garchomp|328\/357
|-damage|p2a: Drill Man|142\/391|[from] ability: Rough Skin|[of] p1a: Garchomp
|-sideend|p2: BenTheDemon|Spikes|[from] move: Rapid Spin|[of] p2a: Drill Man
|
|turn|13
|
|switch|p2a: Ground Man|Gliscor, M|354\/354 tox
|move|p1a: Garchomp|Fire Blast|p2a: Ground Man
|-damage|p2a: Ground Man|297\/354 tox
|
|-heal|p2a: Ground Man|341\/354 tox|[from] ability: Poison Heal
|turn|14
|
|switch|p1a: Forretress|Forretress, F|1\/354
|switch|p2a: Metal Man|Metagross, shiny|321\/321
|
|-heal|p1a: Forretress|23\/354|[from] item: Leftovers
|turn|15
|
|detailschange|p2a: Metal Man|Metagross-Mega, shiny
|message|Metagross has Mega Evolved into Mega Metagross!
|move|p2a: Metal Man|Rock Polish|p2a: Metal Man
|-boost|p2a: Metal Man|spe|2
|move|p1a: Forretress|Spikes|p2a: Metal Man
|-sidestart|p2: BenTheDemon|Spikes
|
|-heal|p1a: Forretress|45\/354|[from] item: Leftovers
|turn|16
|
|move|p2a: Metal Man|Earthquake|p1a: Forretress
|-damage|p1a: Forretress|0 fnt
|faint|p1a: Forretress
|
|
|switch|p1a: Zapdos|Zapdos|241\/321
|-ability|p1a: Zapdos|Pressure
|turn|17
|
|move|p2a: Metal Man|Zen Headbutt|p1a: Zapdos
|-damage|p1a: Zapdos|0 fnt
|faint|p1a: Zapdos
|
|
|switch|p1a: Bisharp|Bisharp, M|334\/334
|turn|18
|
|move|p1a: Bisharp|Sucker Punch|p2a: Metal Man
|-crit|p2a: Metal Man
|-supereffective|p2a: Metal Man
|-damage|p2a: Metal Man|0 fnt
|faint|p2a: Metal Man
|
|
|switch|p2a: Green Devil|Dragonite, M, shiny|324\/324
|turn|19
|
|move|p2a: Green Devil|Dragon Dance|p2a: Green Devil
|-boost|p2a: Green Devil|atk|1
|-boost|p2a: Green Devil|spe|1
|move|p1a: Bisharp|Knock Off|p2a: Green Devil
|-damage|p2a: Green Devil|227\/324
|-enditem|p2a: Green Devil|Lum Berry|[from] move: Knock Off|[of] p1a: Bisharp
|
|turn|20
|
|move|p2a: Green Devil|Dragon Dance|p2a: Green Devil
|-boost|p2a: Green Devil|atk|1
|-boost|p2a: Green Devil|spe|1
|move|p1a: Bisharp|Iron Head|p2a: Green Devil
|-damage|p2a: Green Devil|82\/324
|
|turn|21
|
|move|p2a: Green Devil|Extreme Speed|p1a: Bisharp
|-resisted|p1a: Bisharp
|-damage|p1a: Bisharp|222\/334
|move|p1a: Bisharp|Sucker Punch|p2a: Green Devil
|-fail|p2a: Green Devil
|
|-heal|p1a: Bisharp|242\/334|[from] item: Leftovers
|turn|22
|
|move|p1a: Bisharp|Sucker Punch|p2a: Green Devil
|-damage|p2a: Green Devil|0 fnt
|faint|p2a: Green Devil
|
|-heal|p1a: Bisharp|262\/334|[from] item: Leftovers
|
|switch|p2a: Bubble Man|Greninja, M, shiny|206\/286
|-damage|p2a: Bubble Man|171\/286|[from] Spikes
|turn|23
|
|move|p1a: Bisharp|Sucker Punch|p2a: Bubble Man
|-resisted|p2a: Bubble Man
|-damage|p2a: Bubble Man|72\/286
|move|p2a: Bubble Man|Hidden Power|p1a: Bisharp
|-start|p2a: Bubble Man|typechange|Fire|[from] Protean
|-supereffective|p1a: Bisharp
|-damage|p1a: Bisharp|0 fnt
|-damage|p2a: Bubble Man|44\/286|[from] item: Life Orb
|faint|p1a: Bisharp
|
|
|switch|p1a: Toxicroak|Toxicroak, M|368\/368
|turn|24
|
|switch|p2a: Drill Man|Excadrill, M|142\/391
|-damage|p2a: Drill Man|94\/391|[from] Spikes
|-ability|p2a: Drill Man|Mold Breaker
|move|p1a: Toxicroak|Sucker Punch|p2a: Drill Man
|-fail|p2a: Drill Man
|
|turn|25
|
|move|p1a: Toxicroak|Drain Punch|p2a: Drill Man
|-supereffective|p2a: Drill Man
|-damage|p2a: Drill Man|0 fnt
|faint|p2a: Drill Man
|
|-message|BenTheDemon forfeited.
|
|win|Signet of Souls
|raw|Ladder updating...
|leave|BenTheDemon
|player|p2
|raw|Signet of Souls's rating: 1415 &rarr; <strong>1432<\/strong><br \/>(+17 for winning)
|raw|BenTheDemon's rating: 1373 &rarr; <strong>1355<\/strong><br \/>(-18 for losing)