|join|ULT Specs Cranidos
|join|ULT DaSpoofy
|c|★ULT DaSpoofy|my god
|c|★ULT DaSpoofy|i lost
|player|p1|ULT Specs Cranidos|54
|player|p2|ULT DaSpoofy|252
|gametype|singles
|gen|6
|tier|UU
|rated
|rule|Sleep Clause Mod: Limit one foe put to sleep
|rule|Species Clause: Limit one of each Pokémon
|rule|OHKO Clause: OHKO moves are banned
|rule|Moody Clause: Moody is banned
|rule|Evasion Moves Clause: Evasion moves are banned
|rule|Endless Battle Clause: Forcing endless battles is banned
|rule|HP Percentage Mod: HP is shown in percentages
|clearpoke
|poke|p1|Pidgeot, F
|poke|p1|Doublade, F
|poke|p1|Swampert, F
|poke|p1|Mienshao, M
|poke|p1|Suicune
|poke|p1|Forretress, M
|poke|p2|Stunfisk, F
|poke|p2|Tangrowth, F
|poke|p2|Empoleon, M
|poke|p2|Absol, F
|poke|p2|Yanmega, M
|poke|p2|Entei, shiny
|rule|Swagger Clause: Swagger is banned
|rule|Baton Pass Clause: Limit one Pokémon knowing Baton Pass
|teampreview
|c|★ULT Specs Cranidos|glhf
|c|★ULT DaSpoofy|u2
|
|start
|switch|p1a: Forretress|Forretress, M|353\/353
|switch|p2a: Entei|Entei, shiny|371\/371
|-ability|p2a: Entei|Pressure
|turn|1
|
|switch|p1a: Swampert|Swampert, F|403\/403
|move|p2a: Entei|Sacred Fire|p1a: Swampert
|-resisted|p1a: Swampert
|-damage|p1a: Swampert|268\/403
|-status|p1a: Swampert|brn
|
|-heal|p1a: Swampert|293\/403 brn|[from] item: Leftovers
|-damage|p1a: Swampert|243\/403 brn|[from] brn
|turn|2
|
|switch|p2a: Yanmega|Yanmega, M|313\/313
|move|p1a: Swampert|Stealth Rock|p2a: Yanmega
|-sidestart|p2: ULT DaSpoofy|move: Stealth Rock
|
|-heal|p1a: Swampert|268\/403 brn|[from] item: Leftovers
|-damage|p1a: Swampert|218\/403 brn|[from] brn
|turn|3
|
|switch|p2a: Empoleon|Empoleon, M|372\/372
|-damage|p2a: Empoleon|349\/372|[from] Stealth Rock
|switch|p1a: Forretress|Forretress, M|353\/353
|
|-heal|p2a: Empoleon|372\/372|[from] item: Leftovers
|turn|4
|
|move|p2a: Empoleon|Defog|p1a: Forretress
|-unboost|p1a: Forretress|evasion|1
|-sideend|p2: ULT DaSpoofy|Stealth Rock|[from] move: Defog|[of] p2a: Empoleon
|move|p1a: Forretress|Volt Switch|p2a: Empoleon
|-supereffective|p2a: Empoleon
|-damage|p2a: Empoleon|318\/372
|
|switch|p1a: Mienshao|Mienshao, M|271\/271
|
|-heal|p2a: Empoleon|341\/372|[from] item: Leftovers
|turn|5
|
|switch|p2a: Stunfisk|Stunfisk, F|422\/422
|move|p1a: Mienshao|High Jump Kick|p2a: Stunfisk
|-damage|p2a: Stunfisk|202\/422
|-damage|p1a: Mienshao|226\/271|[from] item: Rocky Helmet|[of] p2a: Stunfisk
|
|turn|6
|
|switch|p1a: Swampert|Swampert, F|218\/403 brn
|move|p2a: Stunfisk|Scald|p1a: Swampert
|-damage|p1a: Swampert|180\/403 brn
|
|-heal|p1a: Swampert|205\/403 brn|[from] item: Leftovers
|-damage|p1a: Swampert|155\/403 brn|[from] brn
|turn|7
|
|move|p1a: Swampert|Stealth Rock|p2a: Stunfisk
|-sidestart|p2: ULT DaSpoofy|move: Stealth Rock
|move|p2a: Stunfisk|Earth Power|p1a: Swampert
|-damage|p1a: Swampert|80\/403 brn
|
|-heal|p1a: Swampert|105\/403 brn|[from] item: Leftovers
|-damage|p1a: Swampert|55\/403 brn|[from] brn
|turn|8
|
|switch|p2a: Tangrowth|Tangrowth, F|404\/404
|-damage|p2a: Tangrowth|354\/404|[from] Stealth Rock
|move|p1a: Swampert|Scald|p2a: Tangrowth
|-resisted|p2a: Tangrowth
|-damage|p2a: Tangrowth|255\/404
|
|-heal|p1a: Swampert|80\/403 brn|[from] item: Leftovers
|-heal|p2a: Tangrowth|280\/404|[from] item: Leftovers
|-damage|p1a: Swampert|30\/403 brn|[from] brn
|turn|9
|
|move|p1a: Swampert|Scald|p2a: Tangrowth
|-resisted|p2a: Tangrowth
|-damage|p2a: Tangrowth|168\/404
|-status|p2a: Tangrowth|brn
|move|p2a: Tangrowth|Knock Off|p1a: Swampert
|-damage|p1a: Swampert|0 fnt
|-enditem|p1a: Swampert|Leftovers|[from] move: Knock Off|[of] p2a: Tangrowth
|faint|p1a: Swampert
|
|-heal|p2a: Tangrowth|193\/404 brn|[from] item: Leftovers
|-damage|p2a: Tangrowth|143\/404 brn|[from] brn
|
|switch|p1a: Pidgeot|Pidgeot, F|307\/307
|turn|10
|
|switch|p2a: Empoleon|Empoleon, M|341\/372
|-damage|p2a: Empoleon|318\/372|[from] Stealth Rock
|detailschange|p1a: Pidgeot|Pidgeot-Mega, F
|-mega|p1a: Pidgeot|Pidgeot|Pidgeotite
|move|p1a: Pidgeot|U-turn|p2a: Empoleon
|-resisted|p2a: Empoleon
|-damage|p2a: Empoleon|290\/372
|
|switch|p1a: Mienshao|Mienshao, M|226\/271
|
|-heal|p2a: Empoleon|313\/372|[from] item: Leftovers
|turn|11
|
|switch|p2a: Stunfisk|Stunfisk, F|202\/422
|-damage|p2a: Stunfisk|176\/422|[from] Stealth Rock
|move|p1a: Mienshao|High Jump Kick|p2a: Stunfisk
|-damage|p2a: Stunfisk|0 fnt
|-damage|p1a: Mienshao|181\/271|[from] item: Rocky Helmet|[of] p2a: Stunfisk
|faint|p2a: Stunfisk
|
|
|switch|p2a: Yanmega|Yanmega, M|313\/313
|-damage|p2a: Yanmega|157\/313|[from] Stealth Rock
|turn|12
|
|switch|p1a: Doublade|Doublade, F|311\/311
|switch|p2a: Entei|Entei, shiny|371\/371
|-damage|p2a: Entei|279\/371|[from] Stealth Rock
|-ability|p2a: Entei|Pressure
|
|turn|13
|
|move|p2a: Entei|Sacred Fire|p1a: Doublade
|-supereffective|p1a: Doublade
|-damage|p1a: Doublade|69\/311
|move|p1a: Doublade|Shadow Claw|p2a: Entei
|-damage|p2a: Entei|140\/371
|
|turn|14
|
|move|p1a: Doublade|Shadow Sneak|p2a: Entei
|-damage|p2a: Entei|65\/371
|move|p2a: Entei|Sacred Fire|p1a: Doublade
|-supereffective|p1a: Doublade
|-damage|p1a: Doublade|0 fnt
|faint|p1a: Doublade
|
|c|★ULT DaSpoofy|you are a smart man
|
|switch|p1a: Mienshao|Mienshao, M|181\/271
|turn|15
|c|★ULT Specs Cranidos|why
|
|move|p1a: Mienshao|High Jump Kick|p2a: Entei
|-crit|p2a: Entei
|-damage|p2a: Entei|0 fnt
|faint|p2a: Entei
|
|c|★ULT DaSpoofy|you dont want my e speed prioity around so you sack doublade
|
|switch|p2a: Tangrowth|Tangrowth, F|277\/404 brn
|-damage|p2a: Tangrowth|227\/404 brn|[from] Stealth Rock
|turn|16
|
|switch|p1a: Pidgeot|Pidgeot-Mega, F|307\/307
|move|p2a: Tangrowth|Sleep Powder|p1a: Pidgeot
|-status|p1a: Pidgeot|slp
|
|-heal|p2a: Tangrowth|252\/404 brn|[from] item: Leftovers
|-damage|p2a: Tangrowth|202\/404 brn|[from] brn
|turn|17
|
|switch|p2a: Empoleon|Empoleon, M|313\/372
|-damage|p2a: Empoleon|290\/372|[from] Stealth Rock
|cant|p1a: Pidgeot|slp
|
|-heal|p2a: Empoleon|313\/372|[from] item: Leftovers
|turn|18
|
|cant|p1a: Pidgeot|slp
|move|p2a: Empoleon|Scald|p1a: Pidgeot
|-damage|p1a: Pidgeot|172\/307 slp
|
|-heal|p2a: Empoleon|336\/372|[from] item: Leftovers
|turn|19
|
|cant|p1a: Pidgeot|slp
|move|p2a: Empoleon|Defog|p1a: Pidgeot
|-unboost|p1a: Pidgeot|evasion|1
|-sideend|p2: ULT DaSpoofy|Stealth Rock|[from] move: Defog|[of] p2a: Empoleon
|
|-heal|p2a: Empoleon|359\/372|[from] item: Leftovers
|turn|20
|
|switch|p1a: Forretress|Forretress, M|353\/353
|move|p2a: Empoleon|Scald|p1a: Forretress
|-crit|p1a: Forretress
|-damage|p1a: Forretress|197\/353
|
|-heal|p2a: Empoleon|372\/372|[from] item: Leftovers
|-heal|p1a: Forretress|219\/353|[from] item: Leftovers
|turn|21
|
|move|p2a: Empoleon|Scald|p1a: Forretress
|-damage|p1a: Forretress|108\/353
|-status|p1a: Forretress|brn
|move|p1a: Forretress|Volt Switch|p2a: Empoleon
|-supereffective|p2a: Empoleon
|-damage|p2a: Empoleon|314\/372
|
|switch|p1a: Mienshao|Mienshao, M|181\/271
|
|-heal|p2a: Empoleon|337\/372|[from] item: Leftovers
|turn|22
|
|switch|p2a: Yanmega|Yanmega, M|157\/313
|move|p1a: Mienshao|High Jump Kick|p2a: Yanmega
|-resisted|p2a: Yanmega
|-damage|p2a: Yanmega|87\/313
|
|turn|23
|
|switch|p1a: Forretress|Forretress, M|108\/353 brn
|move|p2a: Yanmega|Air Slash|p1a: Forretress
|-damage|p1a: Forretress|0 fnt
|-damage|p2a: Yanmega|56\/313|[from] item: Life Orb
|faint|p1a: Forretress
|
|-boost|p2a: Yanmega|spe|1|[from] ability: Speed Boost
|
|switch|p1a: Suicune|Suicune|374\/374
|-ability|p1a: Suicune|Pressure
|turn|24
|
|move|p2a: Yanmega|Air Slash|p1a: Suicune
|-damage|p1a: Suicune|228\/374
|-damage|p2a: Yanmega|25\/313|[from] item: Life Orb
|move|p1a: Suicune|Substitute|p1a: Suicune
|-start|p1a: Suicune|Substitute
|-damage|p1a: Suicune|135\/374
|
|-heal|p1a: Suicune|158\/374|[from] item: Leftovers
|-boost|p2a: Yanmega|spe|1|[from] ability: Speed Boost
|turn|25
|
|move|p2a: Yanmega|Bug Buzz|p1a: Suicune
|-damage|p1a: Suicune|0 fnt
|-damage|p2a: Yanmega|0 fnt|[from] item: Life Orb
|faint|p1a: Suicune
|faint|p2a: Yanmega
|
|
|switch|p1a: Pidgeot|Pidgeot-Mega, F|172\/307 slp
|switch|p2a: Absol|Absol, F|271\/271
|turn|26
|
|switch|p2a: Empoleon|Empoleon, M|337\/372
|-curestatus|p1a: Pidgeot|slp
|move|p1a: Pidgeot|Roost|p1a: Pidgeot
|-heal|p1a: Pidgeot|307\/307
|
|-heal|p2a: Empoleon|360\/372|[from] item: Leftovers
|turn|27
|c|★ULT Specs Cranidos|gg
|c|★ULT DaSpoofy|gg
|
|move|p1a: Pidgeot|Heat Wave|p2a: Empoleon
|-damage|p2a: Empoleon|278\/372
|move|p2a: Empoleon|Scald|p1a: Pidgeot
|-damage|p1a: Pidgeot|169\/307
|
|-heal|p2a: Empoleon|301\/372|[from] item: Leftovers
|turn|28
|
|switch|p1a: Mienshao|Mienshao, M|181\/271
|move|p2a: Empoleon|Scald|p1a: Mienshao
|-damage|p1a: Mienshao|34\/271
|
|-heal|p2a: Empoleon|324\/372|[from] item: Leftovers
|turn|29
|
|switch|p2a: Tangrowth|Tangrowth, F|336\/404 brn
|move|p1a: Mienshao|High Jump Kick|p2a: Tangrowth
|-damage|p2a: Tangrowth|158\/404 brn
|
|-heal|p2a: Tangrowth|183\/404 brn|[from] item: Leftovers
|-damage|p2a: Tangrowth|133\/404 brn|[from] brn
|turn|30
|
|move|p1a: Mienshao|High Jump Kick|p2a: Tangrowth
|-damage|p2a: Tangrowth|0 fnt
|faint|p2a: Tangrowth
|
|
|switch|p2a: Absol|Absol, F|271\/271
|turn|31
|
|switch|p1a: Pidgeot|Pidgeot-Mega, F|169\/307
|detailschange|p2a: Absol|Absol-Mega, F
|-mega|p2a: Absol|Absol|Absolite
|move|p2a: Absol|Sucker Punch|p1a: Pidgeot
|-fail|p2a: Absol
|
|turn|32
|
|switch|p2a: Empoleon|Empoleon, M|324\/372
|move|p1a: Pidgeot|Roost|p1a: Pidgeot
|-heal|p1a: Pidgeot|307\/307
|
|-heal|p2a: Empoleon|347\/372|[from] item: Leftovers
|turn|33
|c|★ULT Specs Cranidos|OMFG
|c|★ULT Specs Cranidos|LAG
|c|★ULT Specs Cranidos|I LOVE U
|c|★ULT Specs Cranidos|i doubled..
|c|★ULT DaSpoofy|damn
|
|move|p1a: Pidgeot|Heat Wave|p2a: Empoleon
|-damage|p2a: Empoleon|262\/372
|move|p2a: Empoleon|Scald|p1a: Pidgeot
|-damage|p1a: Pidgeot|172\/307
|
|-heal|p2a: Empoleon|285\/372|[from] item: Leftovers
|turn|34
|c|★ULT DaSpoofy|that was your only way\
|c|★ULT Specs Cranidos|gg
|c|★ULT DaSpoofy|gg
|-message|ULT Specs Cranidos forfeited.
|leave|ULT Specs Cranidos
|
|win|ULT DaSpoofy
|raw|Ladder updating...
|player|p1
|raw|ULT Specs Cranidos's rating: 1277 &rarr; <strong>1258<\/strong><br \/>(-19 for losing)
|raw|ULT DaSpoofy's rating: 1366 &rarr; <strong>1381<\/strong><br \/>(+15 for winning)