|join|ULT DaSpoofy
|join|CookieMeMan111
|player|p1|ULT DaSpoofy|252
|player|p2|CookieMeMan111|200
|gametype|singles
|gen|6
|tier|UU
|rated
|rule|Sleep Clause Mod: Limit one foe put to sleep
|rule|Species Clause: Limit one of each Pokémon
|rule|OHKO Clause: OHKO moves are banned
|rule|Moody Clause: Moody is banned
|rule|Evasion Moves Clause: Evasion moves are banned
|rule|Endless Battle Clause: Forcing endless battles is banned
|rule|HP Percentage Mod: HP is shown in percentages
|clearpoke
|poke|p1|Galvantula, M
|poke|p1|Machamp, M
|poke|p1|Arcanine, M
|poke|p1|Honchkrow, M
|poke|p1|Empoleon, M
|poke|p1|Darmanitan, F
|poke|p2|Arcanine, M, shiny
|poke|p2|Donphan, M
|poke|p2|Feraligatr, F, shiny
|poke|p2|Regice, shiny
|poke|p2|Pidgeot, M, shiny
|poke|p2|Goodra, M, shiny
|rule|Swagger Clause: Swagger is banned
|rule|Baton Pass Clause: Limit one Pokémon knowing Baton Pass
|teampreview
|
|start
|switch|p1a: Machamp|Machamp, M|380\/380
|switch|p2a: Goodra|Goodra, M, shiny|384\/384
|turn|1
|
|move|p1a: Machamp|Dynamic Punch|p2a: Goodra
|-damage|p2a: Goodra|192\/384
|-start|p2a: Goodra|confusion
|-activate|p2a: Goodra|confusion
|-damage|p2a: Goodra|132\/384|[from] confusion
|
|-heal|p2a: Goodra|156\/384|[from] item: Leftovers
|turn|2
|
|move|p1a: Machamp|Dynamic Punch|p2a: Goodra
|-damage|p2a: Goodra|0 fnt
|faint|p2a: Goodra
|
|
|switch|p2a: Pidgeot|Pidgeot, M, shiny|307\/307
|turn|3
|
|switch|p1a: Empoleon|Empoleon, M|369\/369
|detailschange|p2a: Pidgeot|Pidgeot-Mega, M, shiny
|-mega|p2a: Pidgeot|Pidgeot|Pidgeotite
|move|p2a: Pidgeot|Air Slash|p1a: Empoleon
|-resisted|p1a: Empoleon
|-damage|p1a: Empoleon|321\/369
|
|-heal|p1a: Empoleon|344\/369|[from] item: Leftovers
|turn|4
|
|switch|p2a: Feraligatr|Feraligatr, F, shiny|311\/311
|move|p1a: Empoleon|Scald|p2a: Feraligatr
|-resisted|p2a: Feraligatr
|-damage|p2a: Feraligatr|251\/311
|
|-heal|p1a: Empoleon|367\/369|[from] item: Leftovers
|turn|5
|
|move|p2a: Feraligatr|Waterfall|p1a: Empoleon
|-resisted|p1a: Empoleon
|-damage|p1a: Empoleon|281\/369
|-damage|p2a: Feraligatr|220\/311|[from] item: Life Orb
|move|p1a: Empoleon|Roar|p2a: Feraligatr
|drag|p2a: Regice|Regice, shiny|363\/363
|
|-heal|p1a: Empoleon|304\/369|[from] item: Leftovers
|turn|6
|
|move|p1a: Empoleon|Stealth Rock|p2a: Regice
|-sidestart|p2: CookieMeMan111|move: Stealth Rock
|move|p2a: Regice|Thunderbolt|p1a: Empoleon
|-supereffective|p1a: Empoleon
|-damage|p1a: Empoleon|166\/369
|
|-heal|p1a: Empoleon|189\/369|[from] item: Leftovers
|turn|7
|
|switch|p1a: Machamp|Machamp, M|380\/380
|move|p2a: Regice|Thunderbolt|p1a: Machamp
|-damage|p1a: Machamp|261\/380
|
|-heal|p1a: Machamp|284\/380|[from] item: Leftovers
|turn|8
|
|move|p1a: Machamp|Dynamic Punch|p2a: Regice
|-supereffective|p2a: Regice
|-damage|p2a: Regice|63\/363
|-start|p2a: Regice|confusion
|-activate|p2a: Regice|confusion
|-damage|p2a: Regice|46\/363|[from] confusion
|
|-heal|p1a: Machamp|307\/380|[from] item: Leftovers
|turn|9
|
|switch|p2a: Arcanine|Arcanine, M, shiny|383\/383
|-damage|p2a: Arcanine|288\/383|[from] Stealth Rock
|-ability|p2a: Arcanine|Intimidate|[of] p1a: Machamp
|-unboost|p1a: Machamp|atk|1
|move|p1a: Machamp|Knock Off|p2a: Arcanine
|-crit|p2a: Arcanine
|-damage|p2a: Arcanine|124\/383
|-enditem|p2a: Arcanine|Muscle Band|[from] move: Knock Off|[of] p1a: Machamp
|
|-heal|p1a: Machamp|330\/380|[from] item: Leftovers
|turn|10
|
|move|p2a: Arcanine|Morning Sun|p2a: Arcanine
|-heal|p2a: Arcanine|315\/383
|move|p1a: Machamp|Dynamic Punch|p2a: Arcanine
|-damage|p2a: Arcanine|201\/383
|-start|p2a: Arcanine|confusion
|
|-heal|p1a: Machamp|353\/380|[from] item: Leftovers
|turn|11
|
|switch|p1a: Darmanitan|Darmanitan, F|351\/351
|-activate|p2a: Arcanine|confusion
|-damage|p2a: Arcanine|145\/383|[from] confusion
|
|turn|12
|
|move|p1a: Darmanitan|Rock Slide|p2a: Arcanine
|-supereffective|p2a: Arcanine
|-damage|p2a: Arcanine|0 fnt
|faint|p2a: Arcanine
|
|
|switch|p2a: Feraligatr|Feraligatr, F, shiny|220\/311
|-damage|p2a: Feraligatr|182\/311|[from] Stealth Rock
|turn|13
|
|switch|p1a: Machamp|Machamp, M|353\/380
|move|p2a: Feraligatr|Waterfall|p1a: Machamp
|-damage|p1a: Machamp|228\/380
|-damage|p2a: Feraligatr|151\/311|[from] item: Life Orb
|
|-heal|p1a: Machamp|251\/380|[from] item: Leftovers
|turn|14
|
|move|p2a: Feraligatr|Waterfall|p1a: Machamp
|-damage|p1a: Machamp|122\/380
|-damage|p2a: Feraligatr|120\/311|[from] item: Life Orb
|move|p1a: Machamp|Dynamic Punch|p2a: Feraligatr
|-damage|p2a: Feraligatr|0 fnt
|faint|p2a: Feraligatr
|
|-heal|p1a: Machamp|145\/380|[from] item: Leftovers
|c|★CookieMeMan111|machamps never flinch alll day
|c|★CookieMeMan111|everyday
|
|switch|p2a: Pidgeot|Pidgeot-Mega, M, shiny|307\/307
|-damage|p2a: Pidgeot|231\/307|[from] Stealth Rock
|turn|15
|
|switch|p1a: Empoleon|Empoleon, M|189\/369
|move|p2a: Pidgeot|Air Slash|p1a: Empoleon
|-resisted|p1a: Empoleon
|-damage|p1a: Empoleon|140\/369
|
|-heal|p1a: Empoleon|163\/369|[from] item: Leftovers
|turn|16
|
|switch|p2a: Donphan|Donphan, M|383\/383
|-damage|p2a: Donphan|360\/383|[from] Stealth Rock
|move|p1a: Empoleon|Scald|p2a: Donphan
|-supereffective|p2a: Donphan
|-damage|p2a: Donphan|144\/383
|
|-heal|p1a: Empoleon|186\/369|[from] item: Leftovers
|-heal|p2a: Donphan|167\/383|[from] item: Leftovers
|turn|17
|
|move|p1a: Empoleon|Scald|p2a: Donphan
|-supereffective|p2a: Donphan
|-damage|p2a: Donphan|0 fnt
|faint|p2a: Donphan
|
|-heal|p1a: Empoleon|209\/369|[from] item: Leftovers
|
|switch|p2a: Pidgeot|Pidgeot-Mega, M, shiny|231\/307
|-damage|p2a: Pidgeot|155\/307|[from] Stealth Rock
|turn|18
|
|move|p2a: Pidgeot|Hyper Beam|p1a: Empoleon
|-crit|p1a: Empoleon
|-resisted|p1a: Empoleon
|-damage|p1a: Empoleon|74\/369
|move|p1a: Empoleon|Scald|p2a: Pidgeot
|-damage|p2a: Pidgeot|0 fnt
|faint|p2a: Pidgeot
|
|-heal|p1a: Empoleon|97\/369|[from] item: Leftovers
|
|switch|p2a: Regice|Regice, shiny|46\/363
|-damage|p2a: Regice|0 fnt|[from] Stealth Rock
|faint|p2a: Regice
|
|win|ULT DaSpoofy
|raw|Ladder updating...
|raw|ULT DaSpoofy's rating: 1079 &rarr; <strong>1103<\/strong><br \/>(+24 for winning)
|raw|CookieMeMan111's rating: 1034 &rarr; <strong>1020<\/strong><br \/>(-14 for losing)
|c|★CookieMeMan111|gg
|c|★ULT DaSpoofy|gg
|leave|CookieMeMan111
|player|p2