|join|tbh js imo
|join|subzeromk
|player|p1|tbh js imo|33
|player|p2|subzeromk|20
|gametype|singles
|gen|6
|tier|OU
|rated
|clearpoke
|poke|p1|Lopunny, F
|poke|p1|Victini
|poke|p1|Gengar, F
|poke|p1|Ferrothorn, M
|poke|p1|Azumarill, M
|poke|p1|Garchomp, M
|poke|p2|Azumarill, F
|poke|p2|Garchomp, F
|poke|p2|Latias, F
|poke|p2|Gardevoir, F
|poke|p2|Celebi
|poke|p2|Bisharp, M
|rule|Swagger Clause: Swagger is banned
|rule|Baton Pass Clause: Limit one Pokémon knowing Baton Pass
|rule|Sleep Clause Mod: Limit one foe put to sleep
|rule|Species Clause: Limit one of each Pokémon
|rule|OHKO Clause: OHKO moves are banned
|rule|Moody Clause: Moody is banned
|rule|Evasion Moves Clause: Evasion moves are banned
|rule|Endless Battle Clause: Forcing endless battles is banned
|rule|HP Percentage Mod: HP is shown in percentages
|teampreview
|
|start
|switch|p1a: Garchomp|Garchomp, M|419\/419
|switch|p2a: Azumarill|Azumarill, F|363\/363
|turn|1
|
|move|p1a: Garchomp|Stealth Rock|p2a: Azumarill
|-sidestart|p2: subzeromk|move: Stealth Rock
|move|p2a: Azumarill|Superpower|p1a: Garchomp
|-damage|p1a: Garchomp|227\/419
|-damage|p2a: Azumarill|318\/363|[from] ability: Rough Skin|[of] p1a: Garchomp
|-damage|p2a: Azumarill|258\/363|[from] item: Rocky Helmet|[of] p1a: Garchomp
|-unboost|p2a: Azumarill|atk|1
|-unboost|p2a: Azumarill|def|1
|
|turn|2
|
|switch|p2a: Latias|Latias, F|319\/319
|-damage|p2a: Latias|280\/319|[from] Stealth Rock
|move|p1a: Garchomp|Dragon Claw|p2a: Latias
|-supereffective|p2a: Latias
|-damage|p2a: Latias|14\/319
|
|turn|3
|
|move|p2a: Latias|Psyshock|p1a: Garchomp
|-damage|p1a: Garchomp|109\/419
|-damage|p2a: Latias|0 fnt|[from] item: Life Orb
|faint|p2a: Latias
|move|p1a: Garchomp|Dragon Claw|p2: Latias|[notarget]
|-notarget
|
|join|stone kick m8
|
|switch|p2a: Garchomp|Garchomp, F|419\/419
|-damage|p2a: Garchomp|393\/419|[from] Stealth Rock
|turn|4
|join|lindomar
|c| lindomar|YO MY SQUAD WASUP
|
|move|p1a: Garchomp|Dragon Claw|p2a: Garchomp
|-supereffective|p2a: Garchomp
|-damage|p2a: Garchomp|219\/419
|-damage|p1a: Garchomp|57\/419|[from] ability: Rough Skin|[of] p2a: Garchomp
|-damage|p1a: Garchomp|0 fnt|[from] item: Rocky Helmet|[of] p2a: Garchomp
|faint|p1a: Garchomp
|move|p2a: Garchomp|Stealth Rock|p1: Garchomp
|-sidestart|p1: tbh js imo|move: Stealth Rock
|
|c| stone kick m8|That's a victini right there <3
|join|Dark380
|
|switch|p1a: Gengar|Gengar, F|261\/261
|-damage|p1a: Gengar|229\/261|[from] Stealth Rock
|turn|5
|
|move|p1a: Gengar|Shadow Ball|p2a: Garchomp
|-damage|p2a: Garchomp|0 fnt
|-damage|p1a: Gengar|203\/261|[from] item: Life Orb
|faint|p2a: Garchomp
|
|
|switch|p2a: Bisharp|Bisharp, M|272\/272
|-damage|p2a: Bisharp|255\/272|[from] Stealth Rock
|turn|6
|join|Mitchhhhhh
|
|move|p1a: Gengar|Focus Blast|p2a: Bisharp
|-supereffective|p2a: Bisharp
|-damage|p2a: Bisharp|0 fnt
|-damage|p1a: Gengar|177\/261|[from] item: Life Orb
|faint|p2a: Bisharp
|
|-message|subzeromk forfeited.
|leave|subzeromk
|
|win|tbh js imo
|raw|Ladder updating...
|player|p2
|raw|tbh js imo's rating: 1653 &rarr; <strong>1676<\/strong><br \/>(+23 for winning)
|raw|subzeromk's rating: 1698 &rarr; <strong>1676<\/strong><br \/>(-22 for losing)
|c| stone kick m8|intimmidation
|leave|Mitchhhhhh