|join|overpowered mess
|join|Kitten.exe
|player|p1|overpowered mess|92
|player|p2|Kitten.exe|120
|gametype|singles
|gen|6
|tier|OU
|rated
|clearpoke
|poke|p1|Scizor, F
|poke|p1|Conkeldurr, F
|poke|p1|Magnezone
|poke|p1|Azumarill, M
|poke|p1|Kyurem-Black
|poke|p1|Heatran, M
|poke|p2|Lopunny, F
|poke|p2|Breloom, M
|poke|p2|Thundurus, M
|poke|p2|Excadrill, F
|poke|p2|Latios, M
|poke|p2|Heatran, F
|rule|Swagger Clause: Swagger is banned
|rule|Baton Pass Clause: Limit one Pokémon knowing Baton Pass
|rule|Sleep Clause Mod: Limit one foe put to sleep
|rule|Species Clause: Limit one of each Pokémon
|rule|OHKO Clause: OHKO moves are banned
|rule|Moody Clause: Moody is banned
|rule|Evasion Moves Clause: Evasion moves are banned
|rule|Endless Battle Clause: Forcing endless battles is banned
|rule|HP Percentage Mod: HP is shown in percentages
|teampreview
|
|start
|switch|p1a: Conkeldurr|Conkeldurr, F|378\/378
|switch|p2a: Lopunny|Lopunny, F|271\/271
|turn|1
|
|detailschange|p2a: Lopunny|Lopunny-Mega, F
|-mega|p2a: Lopunny|Lopunny|Lopunnite
|move|p2a: Lopunny|Fake Out|p1a: Conkeldurr
|-damage|p1a: Conkeldurr|311\/378
|cant|p1a: Conkeldurr|flinch
|
|turn|2
|
|move|p2a: Lopunny|High Jump Kick|p1a: Conkeldurr|[miss]
|-miss|p2a: Lopunny|p1a: Conkeldurr
|-damage|p2a: Lopunny|136\/271|[from] highjumpkick
|move|p1a: Conkeldurr|Knock Off|p2a: Lopunny
|-resisted|p2a: Lopunny
|-damage|p2a: Lopunny|91\/271
|
|turn|3
|
|switch|p2a: Latios|Latios, M|301\/301
|move|p1a: Conkeldurr|Mach Punch|p2a: Latios
|-crit|p2a: Latios
|-resisted|p2a: Latios
|-damage|p2a: Latios|229\/301
|
|turn|4
|
|move|p2a: Latios|Trick|p1a: Conkeldurr
|-activate|p2a: Latios|move: Trick|[of] p1a: Conkeldurr
|-item|p1a: Conkeldurr|Choice Scarf|[from] move: Trick
|-item|p2a: Latios|Assault Vest|[from] move: Trick
|move|p1a: Conkeldurr|Knock Off|p2a: Latios
|-supereffective|p2a: Latios
|-damage|p2a: Latios|0 fnt
|-enditem|p2a: Latios|Assault Vest|[from] move: Knock Off|[of] p1a: Conkeldurr
|faint|p2a: Latios
|
|
|switch|p2a: Lopunny|Lopunny-Mega, F|91\/271
|turn|5
|
|move|p2a: Lopunny|Return|p1a: Conkeldurr
|-damage|p1a: Conkeldurr|131\/378
|move|p1a: Conkeldurr|Knock Off|p2a: Lopunny
|-resisted|p2a: Lopunny
|-damage|p2a: Lopunny|47\/271
|
|turn|6
|
|move|p2a: Lopunny|High Jump Kick|p1a: Conkeldurr|[miss]
|-miss|p2a: Lopunny|p1a: Conkeldurr
|-damage|p2a: Lopunny|0 fnt|[from] highjumpkick
|faint|p2a: Lopunny
|move|p1a: Conkeldurr|Knock Off|p2: Lopunny|[notarget]
|-notarget
|
|c|★overpowered mess|suicide
|
|switch|p2a: Breloom|Breloom, M|261\/261
|turn|7
|
|move|p2a: Breloom|Bullet Seed|p1a: Conkeldurr
|-damage|p1a: Conkeldurr|68\/378
|-damage|p1a: Conkeldurr|5\/378
|-hitcount|p1a: Conkeldurr|2
|move|p1a: Conkeldurr|Knock Off|p2a: Breloom
|-resisted|p2a: Breloom
|-damage|p2a: Breloom|191\/261
|-enditem|p2a: Breloom|Focus Sash|[from] move: Knock Off|[of] p1a: Conkeldurr
|
|turn|8
|join|AllAttack
|
|move|p2a: Breloom|Bullet Seed|p1a: Conkeldurr
|-damage|p1a: Conkeldurr|0 fnt
|-hitcount|p1a: Conkeldurr|1
|faint|p1a: Conkeldurr
|
|c| AllAttack|oml
|c| AllAttack|hax
|c|★Kitten.exe|How have none of my games been good luck
|c|★overpowered mess|there has been many
|c|★Kitten.exe|I tilted 100 in 15 minutes
|
|switch|p1a: Heatran|Heatran, M|385\/385
|-item|p1a: Heatran|Air Balloon
|turn|9
|c| AllAttack|:o
|
|move|p2a: Breloom|Spore|p1a: Heatran
|-status|p1a: Heatran|slp
|cant|p1a: Heatran|slp
|
|turn|10
|
|move|p2a: Breloom|Rock Tomb|p1a: Heatran
|-damage|p1a: Heatran|286\/385 slp
|-enditem|p1a: Heatran|Air Balloon
|-unboost|p1a: Heatran|spe|1
|-curestatus|p1a: Heatran|slp
|move|p1a: Heatran|Stealth Rock|p2a: Breloom
|-sidestart|p2: Kitten.exe|move: Stealth Rock
|
|turn|11
|c| AllAttack|speaking of which, imma ladder :\/
|
|move|p2a: Breloom|Spore|p1a: Heatran
|-status|p1a: Heatran|slp
|cant|p1a: Heatran|slp
|
|turn|12
|
|switch|p2a: Heatran|Heatran, F|337\/337
|-damage|p2a: Heatran|295\/337|[from] Stealth Rock
|cant|p1a: Heatran|slp
|
|turn|13
|
|switch|p1a: Kyurem-Black|Kyurem-Black|392\/392
|-ability|p1a: Kyurem-Black|Teravolt
|move|p2a: Heatran|Earth Power|p1a: Kyurem-Black
|-damage|p1a: Kyurem-Black|244\/392
|
|turn|14
|
|move|p2a: Heatran|Protect|p2a: Heatran
|-singleturn|p2a: Heatran|Protect
|move|p1a: Kyurem-Black|Earth Power|p2a: Heatran
|-activate|p2a: Heatran|Protect
|
|turn|15
|
|move|p1a: Kyurem-Black|Outrage|p2a: Heatran
|-crit|p2a: Heatran
|-resisted|p2a: Heatran
|-damage|p2a: Heatran|61\/337
|-damage|p1a: Kyurem-Black|205\/392|[from] item: Life Orb
|move|p2a: Heatran|Flash Cannon|p1a: Kyurem-Black
|-supereffective|p1a: Kyurem-Black
|-damage|p1a: Kyurem-Black|0 fnt
|faint|p1a: Kyurem-Black
|
|
|switch|p1a: Azumarill|Azumarill, M|403\/403
|turn|16
|
|move|p2a: Heatran|Lava Plume|p1a: Azumarill
|-resisted|p1a: Azumarill
|-damage|p1a: Azumarill|311\/403
|-status|p1a: Azumarill|brn
|move|p1a: Azumarill|Belly Drum|p1a: Azumarill
|-damage|p1a: Azumarill|110\/403 brn
|-setboost|p1a: Azumarill|atk|6|[from] move: Belly Drum
|-enditem|p1a: Azumarill|Sitrus Berry|[eat]
|-heal|p1a: Azumarill|210\/403 brn|[from] item: Sitrus Berry
|
|-damage|p1a: Azumarill|160\/403 brn|[from] brn
|turn|17
|c| AllAttack|lol
|
|move|p2a: Heatran|Protect|p2a: Heatran
|-singleturn|p2a: Heatran|Protect
|move|p1a: Azumarill|Aqua Jet|p2a: Heatran
|-activate|p2a: Heatran|Protect
|
|-damage|p1a: Azumarill|110\/403 brn|[from] brn
|turn|18
|c|★Kitten.exe|Thank you... Finally showdown...
|
|move|p2a: Heatran|Protect|p2a: Heatran
|-singleturn|p2a: Heatran|Protect
|move|p1a: Azumarill|Aqua Jet|p2a: Heatran
|-activate|p2a: Heatran|Protect
|
|-damage|p1a: Azumarill|60\/403 brn|[from] brn
|turn|19
|c|★Kitten.exe|About time showdown...
|
|move|p2a: Heatran|Protect|p2a: Heatran
|-fail|p2a: Heatran
|move|p1a: Azumarill|Aqua Jet|p2a: Heatran
|-supereffective|p2a: Heatran
|-damage|p2a: Heatran|0 fnt
|faint|p2a: Heatran
|
|-damage|p1a: Azumarill|10\/403 brn|[from] brn
|c| AllAttack|triple
|c| AllAttack|:[
|
|switch|p2a: Breloom|Breloom, M|191\/261
|-damage|p2a: Breloom|175\/261|[from] Stealth Rock
|turn|20
|c|★overpowered mess|whAT is happening
|
|move|p2a: Breloom|Mach Punch|p1a: Azumarill
|-resisted|p1a: Azumarill
|-damage|p1a: Azumarill|0 fnt
|faint|p1a: Azumarill
|
|
|switch|p1a: Scizor|Scizor, F|319\/319
|turn|21
|
|detailschange|p1a: Scizor|Scizor-Mega, F
|-mega|p1a: Scizor|Scizor|Scizorite
|move|p2a: Breloom|Spore|p1a: Scizor
|-message|Sleep Clause Mod activated.
|-fail|p1a: Scizor
|move|p1a: Scizor|Swords Dance|p1a: Scizor
|-boost|p1a: Scizor|atk|2
|
|turn|22
|c|★Kitten.exe|Oh right
|c|★Kitten.exe|Oops
|
|move|p2a: Breloom|Mach Punch|p1a: Scizor
|-damage|p1a: Scizor|231\/319
|move|p1a: Scizor|Knock Off|p2a: Breloom
|-resisted|p2a: Breloom
|-damage|p2a: Breloom|62\/261
|
|turn|23
|
|move|p2a: Breloom|Mach Punch|p1a: Scizor
|-damage|p1a: Scizor|152\/319
|move|p1a: Scizor|Bullet Punch|p2a: Breloom
|-damage|p2a: Breloom|0 fnt
|faint|p2a: Breloom
|
|c| AllAttack|:\/
|
|switch|p2a: Thundurus|Thundurus, M|299\/299
|-damage|p2a: Thundurus|225\/299|[from] Stealth Rock
|turn|24
|
|move|p1a: Scizor|Bullet Punch|p2a: Thundurus
|-resisted|p2a: Thundurus
|-damage|p2a: Thundurus|58\/299
|move|p2a: Thundurus|Thunderbolt|p1a: Scizor
|-damage|p1a: Scizor|0 fnt
|-damage|p2a: Thundurus|29\/299|[from] item: Life Orb
|faint|p1a: Scizor
|
|c|★Kitten.exe|Gg, its my win
|
|switch|p1a: Magnezone|Magnezone|281\/281
|turn|25
|c| AllAttack|f blast
|c| AllAttack|?
|c|★overpowered mess|i have played too carelessly
|
|move|p1a: Magnezone|Volt Switch|p2a: Thundurus
|-damage|p2a: Thundurus|0 fnt
|faint|p2a: Thundurus
|
|switch|p1a: Heatran|Heatran, M|286\/385 slp
|
|
|switch|p2a: Excadrill|Excadrill, F|361\/361
|-damage|p2a: Excadrill|350\/361|[from] Stealth Rock
|-ability|p2a: Excadrill|Mold Breaker
|turn|26
|
|move|p2a: Excadrill|Earthquake|p1a: Heatran
|-supereffective|p1a: Heatran
|-damage|p1a: Heatran|0 fnt
|faint|p1a: Heatran
|
|c|★Kitten.exe|Yep Gg
|
|switch|p1a: Magnezone|Magnezone|281\/281
|turn|27
|
|move|p2a: Excadrill|Earthquake|p1a: Magnezone
|-supereffective|p1a: Magnezone
|-damage|p1a: Magnezone|0 fnt
|faint|p1a: Magnezone
|
|win|Kitten.exe
|raw|Ladder updating...
|raw|overpowered mess's rating: 1456 &rarr; <strong>1439<\/strong><br \/>(-17 for losing)
|raw|Kitten.exe's rating: 1500 &rarr; <strong>1517<\/strong><br \/>(+17 for winning)
|c|★Kitten.exe|Never thought scarfed exca was gonna help one day
|leave|overpowered mess
|player|p1
|leave|AllAttack