|join|Exemption
|join|ULT BiG BiRD
|player|p1|Exemption|293
|player|p2|ULT BiG BiRD|79
|gametype|singles
|gen|6
|tier|UU
|rated
|rule|Sleep Clause Mod: Limit one foe put to sleep
|rule|Species Clause: Limit one of each Pokémon
|rule|OHKO Clause: OHKO moves are banned
|rule|Moody Clause: Moody is banned
|rule|Evasion Moves Clause: Evasion moves are banned
|rule|Endless Battle Clause: Forcing endless battles is banned
|rule|HP Percentage Mod: HP is shown in percentages
|clearpoke
|poke|p1|Swampert, M
|poke|p1|Porygon-Z
|poke|p1|Entei, shiny
|poke|p1|Medicham, F
|poke|p1|Crobat, F
|poke|p1|Florges, F
|poke|p2|Cobalion
|poke|p2|Honchkrow, F
|poke|p2|Kingdra, F
|poke|p2|Nidoqueen, F
|poke|p2|Slurpuff, F
|poke|p2|Aerodactyl, F
|rule|Swagger Clause: Swagger is banned
|rule|Baton Pass Clause: Limit one Pokémon knowing Baton Pass
|teampreview
|c|★Exemption|gl hf
|c|★ULT BiG BiRD|u2
|
|start
|switch|p1a: Team Player|Swampert, M|401\/401
|switch|p2a: Nidoqueen|Nidoqueen, F|331\/331
|turn|1
|
|move|p2a: Nidoqueen|Stealth Rock|p1a: Team Player
|-sidestart|p1: Exemption|move: Stealth Rock
|move|p1a: Team Player|Stealth Rock|p2a: Nidoqueen
|-sidestart|p2: ULT BiG BiRD|move: Stealth Rock
|
|turn|2
|
|move|p2a: Nidoqueen|Ice Beam|p1a: Team Player
|-damage|p1a: Team Player|246\/401
|move|p1a: Team Player|Scald|p2a: Nidoqueen
|-supereffective|p2a: Nidoqueen
|-damage|p2a: Nidoqueen|137\/331
|
|-heal|p1a: Team Player|271\/401|[from] item: Leftovers
|turn|3
|
|move|p2a: Nidoqueen|Ice Beam|p1a: Team Player
|-crit|p1a: Team Player
|-damage|p1a: Team Player|58\/401
|move|p1a: Team Player|Scald|p2a: Nidoqueen
|-supereffective|p2a: Nidoqueen
|-damage|p2a: Nidoqueen|0 fnt
|faint|p2a: Nidoqueen
|
|-heal|p1a: Team Player|83\/401|[from] item: Leftovers
|
|switch|p2a: Aerodactyl|Aerodactyl, F|311\/311
|-damage|p2a: Aerodactyl|234\/311|[from] Stealth Rock
|-ability|p2a: Aerodactyl|Unnerve|p1: Exemption
|turn|4
|
|detailschange|p2a: Aerodactyl|Aerodactyl-Mega, F
|-mega|p2a: Aerodactyl|Aerodactyl|Aerodactylite
|move|p2a: Aerodactyl|Aerial Ace|p1a: Team Player
|-damage|p1a: Team Player|0 fnt
|faint|p1a: Team Player
|
|
|switch|p1a: Entei|Entei, shiny|371\/371
|-damage|p1a: Entei|279\/371|[from] Stealth Rock
|-ability|p1a: Entei|Pressure
|turn|5
|
|move|p2a: Aerodactyl|Stone Edge|p1a: Entei
|-supereffective|p1a: Entei
|-damage|p1a: Entei|0 fnt
|faint|p1a: Entei
|
|
|switch|p1a: Porygon-Z|Porygon-Z|311\/311
|-damage|p1a: Porygon-Z|273\/311|[from] Stealth Rock
|turn|6
|
|move|p2a: Aerodactyl|Aerial Ace|p1a: Porygon-Z
|-damage|p1a: Porygon-Z|72\/311
|move|p1a: Porygon-Z|Thunderbolt|p2a: Aerodactyl
|-crit|p2a: Aerodactyl
|-supereffective|p2a: Aerodactyl
|-damage|p2a: Aerodactyl|0 fnt
|faint|p2a: Aerodactyl
|
|
|switch|p2a: Cobalion|Cobalion|323\/323
|-damage|p2a: Cobalion|313\/323|[from] Stealth Rock
|turn|7
|
|switch|p1a: Ban this|Medicham, F|261\/261
|-damage|p1a: Ban this|245\/261|[from] Stealth Rock
|move|p2a: Cobalion|Swords Dance|p2a: Cobalion
|-boost|p2a: Cobalion|atk|2
|
|turn|8
|
|detailschange|p1a: Ban this|Medicham-Mega, F
|-mega|p1a: Ban this|Medicham|Medichamite
|move|p2a: Cobalion|Iron Head|p1a: Ban this
|-damage|p1a: Ban this|13\/261
|move|p1a: Ban this|Drain Punch|p2a: Cobalion
|-supereffective|p2a: Cobalion
|-damage|p2a: Cobalion|0 fnt
|-heal|p1a: Ban this|170\/261|[from] drain|[of] p2a: Cobalion
|faint|p2a: Cobalion
|
|
|switch|p2a: Slurpuff|Slurpuff, F|324\/324
|-damage|p2a: Slurpuff|284\/324|[from] Stealth Rock
|turn|9
|
|switch|p1a: CoolStoryBrobat|Crobat, F|373\/373
|-damage|p1a: CoolStoryBrobat|280\/373|[from] Stealth Rock
|move|p2a: Slurpuff|Belly Drum|p2a: Slurpuff
|-damage|p2a: Slurpuff|122\/324
|-setboost|p2a: Slurpuff|atk|6|[from] move: Belly Drum
|-enditem|p2a: Slurpuff|Sitrus Berry|[eat]
|-heal|p2a: Slurpuff|203\/324|[from] item: Sitrus Berry
|
|-heal|p1a: CoolStoryBrobat|303\/373|[from] item: Black Sludge
|turn|10
|
|move|p2a: Slurpuff|Return|p1a: CoolStoryBrobat
|-crit|p1a: CoolStoryBrobat
|-damage|p1a: CoolStoryBrobat|0 fnt
|faint|p1a: CoolStoryBrobat
|
|c|★ULT BiG BiRD|:[
|
|switch|p1a: Porygon-Z|Porygon-Z|72\/311
|-damage|p1a: Porygon-Z|34\/311|[from] Stealth Rock
|turn|11
|c|★Exemption|gg
|
|move|p2a: Slurpuff|Drain Punch|p1a: Porygon-Z
|-supereffective|p1a: Porygon-Z
|-damage|p1a: Porygon-Z|0 fnt
|-heal|p2a: Slurpuff|220\/324|[from] drain|[of] p1a: Porygon-Z
|faint|p1a: Porygon-Z
|
|
|switch|p1a: Florges|Florges, F|360\/360
|-damage|p1a: Florges|315\/360|[from] Stealth Rock
|turn|12
|c|★ULT BiG BiRD|252 Atk Pure Power Mega Medicham Zen Headbutt vs. 76 HP \/ 0 Def Slurpuff: 247-292 (76.2 - 90.1%) -- 18.8% chance to OHKO after Stealth Rock
|
|move|p1a: Florges|Protect|p1a: Florges
|-singleturn|p1a: Florges|Protect
|move|p2a: Slurpuff|Play Rough|p1a: Florges
|-activate|p1a: Florges|Protect
|
|-heal|p1a: Florges|337\/360|[from] item: Leftovers
|turn|13
|c|★Exemption|dont have it
|c|★ULT BiG BiRD|o.o
|c|★Exemption|and your faster anyway
|c|★Exemption|!dt unburden
|c|~|\/data-ability Unburden
|raw|<font size="1"><\/font>
|c|★ULT BiG BiRD|not @ first
|
|move|p2a: Slurpuff|Play Rough|p1a: Florges
|-damage|p1a: Florges|0 fnt
|faint|p1a: Florges
|
|
|switch|p1a: Ban this|Medicham-Mega, F|170\/261
|-damage|p1a: Ban this|154\/261|[from] Stealth Rock
|turn|14
|c|★ULT BiG BiRD|whyd u switch out
|c|★Exemption|267x2=550
|c|★Exemption|dont have zen
|c|★Exemption|OH SHIT
|c|★Exemption|i have poison jab
|c|★ULT BiG BiRD|turn 9
|c|★Exemption|FUCK
|
|move|p2a: Slurpuff|Return|p1a: Ban this
|-damage|p1a: Ban this|0 fnt
|faint|p1a: Ban this
|
|win|ULT BiG BiRD
|raw|Ladder updating...
|c|★ULT BiG BiRD|wtf
|raw|Exemption's rating: 1379 &rarr; <strong>1362<\/strong><br \/>(-17 for losing)
|raw|ULT BiG BiRD's rating: 1426 &rarr; <strong>1443<\/strong><br \/>(+17 for winning)
|c|★ULT BiG BiRD|jesus lol
|c|★ULT BiG BiRD|gg?