|join|ULT BiG BiRD
|join|Twerk it for me
|player|p1|ULT BiG BiRD|79
|player|p2|Twerk it for me|241
|gametype|singles
|gen|6
|tier|UU
|rated
|rule|Sleep Clause Mod: Limit one foe put to sleep
|rule|Species Clause: Limit one of each Pokémon
|rule|OHKO Clause: OHKO moves are banned
|rule|Moody Clause: Moody is banned
|rule|Evasion Moves Clause: Evasion moves are banned
|rule|Endless Battle Clause: Forcing endless battles is banned
|rule|HP Percentage Mod: HP is shown in percentages
|clearpoke
|poke|p1|Qwilfish, M
|poke|p1|Celebi
|poke|p1|Kingdra, M
|poke|p1|Cobalion
|poke|p1|Aerodactyl, M
|poke|p1|Raikou
|poke|p2|Scrafty, M
|poke|p2|Donphan, F
|poke|p2|Rotom-Heat
|poke|p2|Suicune
|poke|p2|Beedrill, F
|poke|p2|Kyurem
|rule|Swagger Clause: Swagger is banned
|rule|Baton Pass Clause: Limit one Pokémon knowing Baton Pass
|teampreview
|
|start
|switch|p1a: Aerodactyl|Aerodactyl, M|311\/311
|switch|p2a: Rotom-Heat|Rotom-Heat|303\/303
|-ability|p1a: Aerodactyl|Unnerve|p2: Twerk it for me
|turn|1
|
|switch|p1a: Celebi|Celebi|403\/403
|move|p2a: Rotom-Heat|Volt Switch|p1a: Celebi
|-resisted|p1a: Celebi
|-damage|p1a: Celebi|370\/403
|
|switch|p2a: Beedrill|Beedrill, F|271\/271
|
|-heal|p1a: Celebi|395\/403|[from] item: Leftovers
|turn|2
|
|switch|p1a: Qwilfish|Qwilfish, M|333\/333
|-ability|p1a: Qwilfish|Intimidate|[of] p2a: Beedrill
|-unboost|p2a: Beedrill|atk|1
|detailschange|p2a: Beedrill|Beedrill-Mega, F
|-mega|p2a: Beedrill|Beedrill|Beedrillite
|move|p2a: Beedrill|U-turn|p1a: Qwilfish
|-resisted|p1a: Qwilfish
|-damage|p1a: Qwilfish|276\/333
|
|switch|p2a: Rotom-Heat|Rotom-Heat|303\/303
|
|-heal|p1a: Qwilfish|296\/333|[from] item: Leftovers
|turn|3
|
|switch|p1a: Celebi|Celebi|395\/403
|move|p2a: Rotom-Heat|Volt Switch|p1a: Celebi
|-resisted|p1a: Celebi
|-damage|p1a: Celebi|362\/403
|
|switch|p2a: Beedrill|Beedrill-Mega, F|271\/271
|
|-heal|p1a: Celebi|387\/403|[from] item: Leftovers
|turn|4
|c|★ULT BiG BiRD|._.
|c|★ULT BiG BiRD|i can do nothing!
|c|★Twerk it for me|you can switch in something else
|c|★Twerk it for me|like cobalion
|c|★Twerk it for me|and volt switch with it
|c|★Twerk it for me|to get initative
|
|switch|p1a: Aerodactyl|Aerodactyl, M|311\/311
|-ability|p1a: Aerodactyl|Unnerve|p2: Twerk it for me
|move|p2a: Beedrill|Knock Off|p1a: Aerodactyl
|-damage|p1a: Aerodactyl|192\/311
|
|turn|5
|
|detailschange|p1a: Aerodactyl|Aerodactyl-Mega, M
|-mega|p1a: Aerodactyl|Aerodactyl|Aerodactylite
|move|p2a: Beedrill|U-turn|p1a: Aerodactyl
|-resisted|p1a: Aerodactyl
|-damage|p1a: Aerodactyl|83\/311
|
|switch|p2a: Donphan|Donphan, F|383\/383
|move|p1a: Aerodactyl|Aqua Tail|p2a: Donphan
|-supereffective|p2a: Donphan
|-damage|p2a: Donphan|189\/383
|
|-heal|p2a: Donphan|212\/383|[from] item: Leftovers
|turn|6
|
|move|p2a: Donphan|Ice Shard|p1a: Aerodactyl
|-supereffective|p1a: Aerodactyl
|-damage|p1a: Aerodactyl|0 fnt
|faint|p1a: Aerodactyl
|
|-heal|p2a: Donphan|235\/383|[from] item: Leftovers
|
|switch|p1a: Kingdra|Kingdra, M|297\/297
|turn|7
|
|switch|p2a: Suicune|Suicune|404\/404
|-ability|p2a: Suicune|Pressure
|move|p1a: Kingdra|Substitute|p1a: Kingdra
|-start|p1a: Kingdra|Substitute
|-damage|p1a: Kingdra|223\/297
|
|turn|8
|
|move|p1a: Kingdra|Dragon Dance|p1a: Kingdra
|-boost|p1a: Kingdra|atk|1
|-boost|p1a: Kingdra|spe|1
|move|p2a: Suicune|Calm Mind|p2a: Suicune
|-boost|p2a: Suicune|spa|1
|-boost|p2a: Suicune|spd|1
|
|turn|9
|
|move|p1a: Kingdra|Dragon Dance|p1a: Kingdra
|-boost|p1a: Kingdra|atk|1
|-boost|p1a: Kingdra|spe|1
|move|p2a: Suicune|Calm Mind|p2a: Suicune
|-boost|p2a: Suicune|spa|1
|-boost|p2a: Suicune|spd|1
|
|turn|10
|c|★Twerk it for me|this is very dumb
|
|move|p1a: Kingdra|Dragon Dance|p1a: Kingdra
|-boost|p1a: Kingdra|atk|1
|-boost|p1a: Kingdra|spe|1
|move|p2a: Suicune|Calm Mind|p2a: Suicune
|-boost|p2a: Suicune|spa|1
|-boost|p2a: Suicune|spd|1
|
|turn|11
|
|move|p1a: Kingdra|Dragon Dance|p1a: Kingdra
|-boost|p1a: Kingdra|atk|1
|-boost|p1a: Kingdra|spe|1
|move|p2a: Suicune|Calm Mind|p2a: Suicune
|-boost|p2a: Suicune|spa|1
|-boost|p2a: Suicune|spd|1
|
|turn|12
|c|★Twerk it for me|im dead
|
|move|p1a: Kingdra|Dragon Dance|p1a: Kingdra
|-boost|p1a: Kingdra|atk|1
|-boost|p1a: Kingdra|spe|1
|move|p2a: Suicune|Scald|p1a: Kingdra
|-resisted|p1a: Kingdra
|-activate|p1a: Kingdra|Substitute|[damage]
|
|turn|13
|c|★ULT BiG BiRD|lol
|c|★Twerk it for me|lol
|
|move|p1a: Kingdra|Dragon Dance|p1a: Kingdra
|-boost|p1a: Kingdra|atk|1
|-boost|p1a: Kingdra|spe|1
|move|p2a: Suicune|Scald|p1a: Kingdra
|-resisted|p1a: Kingdra
|-end|p1a: Kingdra|Substitute
|
|turn|14
|c|★ULT BiG BiRD|nb
|
|move|p1a: Kingdra|Substitute|p1a: Kingdra
|-start|p1a: Kingdra|Substitute
|-damage|p1a: Kingdra|149\/297
|move|p2a: Suicune|Scald|p1a: Kingdra
|-resisted|p1a: Kingdra
|-activate|p1a: Kingdra|Substitute|[damage]
|
|turn|15
|
|move|p1a: Kingdra|Outrage|p2a: Suicune
|-damage|p2a: Suicune|0 fnt
|faint|p2a: Suicune
|
|
|switch|p2a: Donphan|Donphan, F|235\/383
|turn|16
|
|move|p2a: Donphan|Ice Shard|p1a: Kingdra
|-end|p1a: Kingdra|Substitute
|move|p1a: Kingdra|Outrage|p2a: Donphan
|-damage|p2a: Donphan|0 fnt
|faint|p2a: Donphan
|
|
|switch|p2a: Rotom-Heat|Rotom-Heat|303\/303
|turn|17
|
|move|p1a: Kingdra|Outrage|p2a: Rotom-Heat
|-damage|p2a: Rotom-Heat|0 fnt
|faint|p2a: Rotom-Heat
|
|-end|p1a: Kingdra|rampage
|-start|p1a: Kingdra|confusion
|
|switch|p2a: Kyurem|Kyurem|453\/453
|-enditem|p1a: Kingdra|Lum Berry|[eat]
|-end|p1a: Kingdra|confusion
|-ability|p2a: Kyurem|Pressure
|turn|18
|c|★Twerk it for me|damnit
|
|move|p1a: Kingdra|Outrage|p2a: Kyurem
|-supereffective|p2a: Kyurem
|-damage|p2a: Kyurem|0 fnt
|faint|p2a: Kyurem
|
|
|switch|p2a: Beedrill|Beedrill-Mega, F|271\/271
|turn|19
|
|move|p1a: Kingdra|Outrage|p2a: Beedrill
|-damage|p2a: Beedrill|0 fnt
|faint|p2a: Beedrill
|
|-end|p1a: Kingdra|rampage
|-start|p1a: Kingdra|confusion
|
|switch|p2a: Scrafty|Scrafty, M|333\/333
|turn|20
|c|★Twerk it for me|CMON
|
|-activate|p1a: Kingdra|confusion
|move|p1a: Kingdra|Outrage|p2a: Scrafty
|-damage|p2a: Scrafty|0 fnt
|faint|p2a: Scrafty
|
|win|ULT BiG BiRD
|raw|Ladder updating...
|raw|ULT BiG BiRD's rating: 1482 &rarr; <strong>1499<\/strong><br \/>(+17 for winning)
|raw|Twerk it for me's rating: 1426 &rarr; <strong>1409<\/strong><br \/>(-17 for losing)
|c|★ULT BiG BiRD|ahhh
|c|★Twerk it for me|damn
|c|★Twerk it for me|gg