|join|ULT BiG BiRD
|join|Yellow Skarmory
|player|p1|ULT BiG BiRD|79
|player|p2|Yellow Skarmory|120
|gametype|singles
|gen|6
|tier|UU
|rule|Sleep Clause Mod: Limit one foe put to sleep
|rule|Species Clause: Limit one of each Pokémon
|rule|OHKO Clause: OHKO moves are banned
|rule|Moody Clause: Moody is banned
|rule|Evasion Moves Clause: Evasion moves are banned
|rule|Endless Battle Clause: Forcing endless battles is banned
|rule|HP Percentage Mod: HP is shown in percentages
|clearpoke
|poke|p1|Abomasnow, F
|poke|p1|Entei, shiny
|poke|p1|Gligar, M
|poke|p1|Starmie
|poke|p1|Cobalion
|poke|p1|Raikou
|poke|p2|Yanmega, M
|poke|p2|Celebi
|poke|p2|Blastoise, F
|poke|p2|Machamp, F
|poke|p2|Nidoqueen, F
|poke|p2|Florges, F
|rule|Swagger Clause: Swagger is banned
|rule|Baton Pass Clause: Limit one Pokémon knowing Baton Pass
|teampreview
|join|Primal Whimsicott
|
|start
|switch|p1a: Entei|Entei, shiny|371\/371
|switch|p2a: Nidoqueen|Nidoqueen, F|321\/321
|-ability|p1a: Entei|Pressure
|turn|1
|
|move|p1a: Entei|Sacred Fire|p2a: Nidoqueen
|-damage|p2a: Nidoqueen|44\/321
|-status|p2a: Nidoqueen|brn
|move|p2a: Nidoqueen|Earth Power|p1a: Entei
|-crit|p1a: Entei
|-supereffective|p1a: Entei
|-damage|p1a: Entei|0 fnt
|faint|p1a: Entei
|
|-damage|p2a: Nidoqueen|4\/321 brn|[from] brn
|join|Ult Narcotics
|leave|Ult Narcotics
|join|eEnigma
|join|7th January 2015
|c|★Yellow Skarmory|rest in pieces
|c|★ULT BiG BiRD|v dead
|
|switch|p1a: Gligar|Gligar, M|333\/333
|turn|2
|
|move|p2a: Nidoqueen|Ice Beam|p1a: Gligar
|-supereffective|p1a: Gligar
|-damage|p1a: Gligar|0 fnt
|faint|p1a: Gligar
|
|-damage|p2a: Nidoqueen|0 fnt|[from] brn
|faint|p2a: Nidoqueen
|c|★ULT BiG BiRD|wtf
|c|★ULT BiG BiRD|how much speed
|c|★ULT BiG BiRD|jesus
|c|★Yellow Skarmory|umm... max speed
|c|★ULT BiG BiRD|o.o
|
|switch|p1a: Starmie|Starmie|323\/323
|switch|p2a: Yanmega|Yanmega, M|313\/313
|turn|3
|
|switch|p1a: Raikou|Raikou|321\/321
|-ability|p1a: Raikou|Pressure
|move|p2a: Yanmega|Protect|p2a: Yanmega
|-fail|p2a: Yanmega
|
|-boost|p2a: Yanmega|spe|1|[from] ability: Speed Boost
|turn|4
|
|switch|p2a: Celebi|Celebi|404\/404
|move|p1a: Raikou|Thunderbolt|p2a: Celebi
|-resisted|p2a: Celebi
|-damage|p2a: Celebi|329\/404
|
|turn|5
|
|move|p1a: Raikou|Volt Switch|p2a: Celebi
|-resisted|p2a: Celebi
|-damage|p2a: Celebi|272\/404
|
|switch|p1a: Abomasnow|Abomasnow, F|323\/323
|-weather|Hail
|move|p2a: Celebi|Baton Pass|p2a: Celebi
|
|switch|p2a: Machamp|Machamp, F|321\/321
|
|-weather|Hail|[upkeep]
|-damage|p2a: Machamp|301\/321|[from] hail
|turn|6
|
|switch|p1a: Starmie|Starmie|323\/323
|move|p2a: Machamp|Close Combat|p1a: Starmie
|-resisted|p1a: Starmie
|-damage|p1a: Starmie|164\/323
|-unboost|p2a: Machamp|def|1
|-unboost|p2a: Machamp|spd|1
|
|-weather|Hail|[upkeep]
|-damage|p1a: Starmie|144\/323|[from] hail
|-damage|p2a: Machamp|281\/321|[from] hail
|-heal|p1a: Starmie|164\/323|[from] item: Leftovers
|turn|7
|
|switch|p2a: Yanmega|Yanmega, M|313\/313
|move|p1a: Starmie|Recover|p1a: Starmie
|-heal|p1a: Starmie|323\/323
|
|-weather|Hail|[upkeep]
|-damage|p1a: Starmie|303\/323|[from] hail
|-damage|p2a: Yanmega|294\/313|[from] hail
|-heal|p1a: Starmie|323\/323|[from] item: Leftovers
|turn|8
|
|switch|p1a: Raikou|Raikou|321\/321
|-ability|p1a: Raikou|Pressure
|move|p2a: Yanmega|Protect|p2a: Yanmega
|-fail|p2a: Yanmega
|
|-weather|Hail|[upkeep]
|-damage|p1a: Raikou|301\/321|[from] hail
|-damage|p2a: Yanmega|275\/313|[from] hail
|-boost|p2a: Yanmega|spe|1|[from] ability: Speed Boost
|turn|9
|
|switch|p2a: Celebi|Celebi|272\/404
|move|p1a: Raikou|Thunderbolt|p2a: Celebi
|-resisted|p2a: Celebi
|-damage|p2a: Celebi|202\/404
|
|-weather|none
|turn|10
|
|move|p1a: Raikou|Shadow Ball|p2a: Celebi
|-supereffective|p2a: Celebi
|-damage|p2a: Celebi|20\/404
|-enditem|p2a: Celebi|Weakness Policy
|-boost|p2a: Celebi|atk|2|[from] item: Weakness Policy
|-boost|p2a: Celebi|spa|2|[from] item: Weakness Policy
|move|p2a: Celebi|Baton Pass|p2a: Celebi
|c|★ULT BiG BiRD|oml
|
|switch|p2a: Yanmega|Yanmega, M|275\/313
|
|turn|11
|
|move|p2a: Yanmega|Protect|p2a: Yanmega
|-singleturn|p2a: Yanmega|Protect
|move|p1a: Raikou|Thunderbolt|p2a: Yanmega
|-activate|p2a: Yanmega|Protect
|
|-boost|p2a: Yanmega|spe|1|[from] ability: Speed Boost
|turn|12
|
|move|p2a: Yanmega|Bug Buzz|p1a: Raikou
|-crit|p1a: Raikou
|-damage|p1a: Raikou|0 fnt
|-damage|p2a: Yanmega|244\/313|[from] item: Life Orb
|faint|p1a: Raikou
|
|-boost|p2a: Yanmega|spe|1|[from] ability: Speed Boost
|c|★Yellow Skarmory|i was worried there
|c|★Yellow Skarmory|i tried to look up which outsped
|c|★ULT BiG BiRD|+2 252+ SpA Life Orb Yanmega Bug Buzz vs. 0 HP \/ 4 SpD Assault Vest Raikou: 259-305 (80.6 - 95%) -- guaranteed 2HKO
|c|★ULT BiG BiRD|zzz
|c|★ULT BiG BiRD|gg
|
|switch|p1a: Abomasnow|Abomasnow, F|323\/323
|-weather|Hail
|turn|13
|
|detailschange|p1a: Abomasnow|Abomasnow-Mega, F
|-mega|p1a: Abomasnow|Abomasnow|Abomasite
|move|p1a: Abomasnow|Ice Shard|p2a: Yanmega
|-supereffective|p2a: Yanmega
|-damage|p2a: Yanmega|106\/313
|move|p2a: Yanmega|Bug Buzz|p1a: Abomasnow
|-supereffective|p1a: Abomasnow
|-damage|p1a: Abomasnow|0 fnt
|-damage|p2a: Yanmega|75\/313|[from] item: Life Orb
|faint|p1a: Abomasnow
|
|-weather|Hail|[upkeep]
|-damage|p2a: Yanmega|56\/313|[from] hail
|-boost|p2a: Yanmega|spe|1|[from] ability: Speed Boost
|
|switch|p1a: Starmie|Starmie|323\/323
|turn|14
|c|★Yellow Skarmory|as long as hax doesnt come back at me, gg
|
|move|p2a: Yanmega|Bug Buzz|p1a: Starmie
|-supereffective|p1a: Starmie
|-damage|p1a: Starmie|0 fnt
|-damage|p2a: Yanmega|25\/313|[from] item: Life Orb
|faint|p1a: Starmie
|
|-weather|Hail|[upkeep]
|-damage|p2a: Yanmega|6\/313|[from] hail
|-boost|p2a: Yanmega|spe|1|[from] ability: Speed Boost
|c|★ULT BiG BiRD|lol
|join|Frostykewl
|
|switch|p1a: Cobalion|Cobalion|323\/323
|turn|15
|c| Frostykewl|hi skarm
|
|move|p2a: Yanmega|Air Slash|p1a: Cobalion|[miss]
|-miss|p2a: Yanmega|p1a: Cobalion
|move|p1a: Cobalion|Swords Dance|p1a: Cobalion
|-boost|p1a: Cobalion|atk|2
|
|-weather|Hail|[upkeep]
|-damage|p2a: Yanmega|0 fnt|[from] hail
|-damage|p1a: Cobalion|303\/323|[from] hail
|faint|p2a: Yanmega
|c|★Yellow Skarmory|yep
|c| Frostykewl|lol
|c| Frostykewl|predicted
|c|★Yellow Skarmory|i knew it
|c|★ULT BiG BiRD|ahhh
|c|★ULT BiG BiRD|nb
|
|switch|p2a: Blastoise|Blastoise, F|313\/313
|turn|16
|
|detailschange|p2a: Blastoise|Blastoise-Mega, F
|-mega|p2a: Blastoise|Blastoise|Blastoisinite
|move|p1a: Cobalion|Swords Dance|p1a: Cobalion
|-boost|p1a: Cobalion|atk|2
|move|p2a: Blastoise|Scald|p1a: Cobalion
|-damage|p1a: Cobalion|110\/323
|
|-weather|Hail|[upkeep]
|-damage|p1a: Cobalion|90\/323|[from] hail
|-damage|p2a: Blastoise|294\/313|[from] hail
|turn|17
|
|move|p1a: Cobalion|Close Combat|p2a: Blastoise
|-damage|p2a: Blastoise|0 fnt
|-unboost|p1a: Cobalion|def|1
|-unboost|p1a: Cobalion|spd|1
|faint|p2a: Blastoise
|
|-weather|none
|c| Frostykewl|cobalion clutch?
|c|★ULT BiG BiRD|cb bp
|c|★ULT BiG BiRD|mebe?
|
|switch|p2a: Celebi|Celebi|20\/404
|turn|18
|
|move|p2a: Celebi|Sucker Punch|p1a: Cobalion
|-resisted|p1a: Cobalion
|-damage|p1a: Cobalion|53\/323
|-boost|p1a: Cobalion|atk|1|[from] ability: Justified
|move|p1a: Cobalion|Iron Head|p2a: Celebi
|-damage|p2a: Celebi|0 fnt
|faint|p2a: Celebi
|
|c|★Yellow Skarmory|welp
|c| Frostykewl|ooooooohhhh
|c|★Yellow Skarmory|too late now
|
|switch|p2a: Florges|Florges, F|360\/360
|turn|19
|
|move|p1a: Cobalion|Iron Head|p2a: Florges
|-supereffective|p2a: Florges
|-damage|p2a: Florges|0 fnt
|faint|p2a: Florges
|
|c| Frostykewl|kekekekekke
|
|switch|p2a: Machamp|Machamp, F|281\/321
|turn|20
|
|move|p1a: Cobalion|Iron Head|p2a: Machamp
|-damage|p2a: Machamp|0 fnt
|faint|p2a: Machamp
|
|win|ULT BiG BiRD