|join|ult celsius
|join|ULT BiG BiRD
|player|p1|ult celsius|294
|player|p2|ULT BiG BiRD|79
|gametype|singles
|gen|6
|tier|UU
|rated
|rule|Sleep Clause Mod: Limit one foe put to sleep
|rule|Species Clause: Limit one of each Pokémon
|rule|OHKO Clause: OHKO moves are banned
|rule|Moody Clause: Moody is banned
|rule|Evasion Moves Clause: Evasion moves are banned
|rule|Endless Battle Clause: Forcing endless battles is banned
|rule|HP Percentage Mod: HP is shown in percentages
|clearpoke
|poke|p1|Azelf
|poke|p1|Cobalion
|poke|p1|Aerodactyl, M
|poke|p1|Kingdra, M
|poke|p1|Toxicroak, F
|poke|p1|Slurpuff, F
|poke|p2|Celebi
|poke|p2|Glalie, F
|poke|p2|Sharpedo, F
|poke|p2|Jirachi
|poke|p2|Virizion
|poke|p2|Suicune
|rule|Swagger Clause: Swagger is banned
|rule|Baton Pass Clause: Limit one Pokémon knowing Baton Pass
|teampreview
|
|start
|switch|p1a: Azelf|Azelf|354\/354
|switch|p2a: Celebi|Celebi|403\/403
|turn|1
|
|move|p1a: Azelf|Taunt|p2a: Celebi
|-start|p2a: Celebi|move: Taunt
|cant|p2a: Celebi|move: Taunt|Swords Dance
|
|turn|2
|
|move|p1a: Azelf|Reflect|p1a: Azelf
|-sidestart|p1: ult celsius|Reflect
|move|p2a: Celebi|Seed Bomb|p1a: Azelf
|-crit|p1a: Azelf
|-damage|p1a: Azelf|165\/354
|
|turn|3
|
|switch|p2a: Suicune|Suicune|403\/403
|-ability|p2a: Suicune|Pressure
|move|p1a: Azelf|Stealth Rock|p2a: Suicune
|-sidestart|p2: ULT BiG BiRD|move: Stealth Rock
|
|turn|4
|
|move|p1a: Azelf|Light Screen|p1a: Azelf
|-sidestart|p1: ult celsius|move: Light Screen
|move|p2a: Suicune|Toxic|p1a: Azelf
|-status|p1a: Azelf|tox
|
|-damage|p1a: Azelf|143\/354 tox|[from] psn
|turn|5
|
|switch|p1a: Toxicroak|Toxicroak, F|307\/307
|move|p2a: Suicune|Toxic|p1a: Toxicroak|[miss]
|-miss|p2a: Suicune|p1a: Toxicroak
|
|turn|6
|
|move|p1a: Toxicroak|Nasty Plot|p1a: Toxicroak
|-boost|p1a: Toxicroak|spa|2
|move|p2a: Suicune|Roar|p1a: Toxicroak
|drag|p1a: Aerodactyl|Aerodactyl, M|301\/301
|
|turn|7
|
|switch|p1a: Azelf|Azelf|143\/354 tox
|move|p2a: Suicune|Scald|p1a: Azelf
|-damage|p1a: Azelf|82\/354 tox
|
|-damage|p1a: Azelf|60\/354 tox|[from] psn
|turn|8
|
|switch|p2a: Glalie|Glalie, F|301\/301
|-damage|p2a: Glalie|226\/301|[from] Stealth Rock
|move|p1a: Azelf|Taunt|p2a: Glalie
|-start|p2a: Glalie|move: Taunt
|
|-damage|p1a: Azelf|16\/354 tox|[from] psn
|turn|9
|
|switch|p1a: Cobalion|Cobalion|323\/323
|detailschange|p2a: Glalie|Glalie-Mega, F
|-mega|p2a: Glalie|Glalie|Glalitite
|move|p2a: Glalie|Ice Shard|p1a: Cobalion
|-resisted|p1a: Cobalion
|-damage|p1a: Cobalion|310\/323
|
|-sideend|p1: ult celsius|Reflect
|turn|10
|
|switch|p2a: Suicune|Suicune|403\/403
|-damage|p2a: Suicune|353\/403|[from] Stealth Rock
|-ability|p2a: Suicune|Pressure
|move|p1a: Cobalion|Swords Dance|p1a: Cobalion
|-boost|p1a: Cobalion|atk|2
|
|-heal|p2a: Suicune|378\/403|[from] item: Leftovers
|turn|11
|
|move|p1a: Cobalion|Close Combat|p2a: Suicune
|-damage|p2a: Suicune|155\/403
|-unboost|p1a: Cobalion|def|1
|-unboost|p1a: Cobalion|spd|1
|move|p2a: Suicune|Roar|p1a: Cobalion
|drag|p1a: Azelf|Azelf|16\/354 tox
|
|-heal|p2a: Suicune|180\/403|[from] item: Leftovers
|-damage|p1a: Azelf|0 fnt|[from] psn
|-sideend|p1: ult celsius|move: Light Screen
|faint|p1a: Azelf
|
|switch|p1a: Toxicroak|Toxicroak, F|307\/307
|turn|12
|
|switch|p2a: Jirachi|Jirachi|403\/403
|-damage|p2a: Jirachi|378\/403|[from] Stealth Rock
|move|p1a: Toxicroak|Focus Blast|p2a: Jirachi|[miss]
|-miss|p1a: Toxicroak|p2a: Jirachi
|
|-heal|p2a: Jirachi|403\/403|[from] item: Leftovers
|turn|13
|
|switch|p1a: Cobalion|Cobalion|310\/323
|move|p2a: Jirachi|Thunder Wave|p1a: Cobalion
|-status|p1a: Cobalion|par
|-enditem|p1a: Cobalion|Lum Berry|[eat]
|-curestatus|p1a: Cobalion|par
|
|turn|14
|
|move|p1a: Cobalion|Swords Dance|p1a: Cobalion
|-boost|p1a: Cobalion|atk|2
|move|p2a: Jirachi|Thunder Wave|p1a: Cobalion
|-status|p1a: Cobalion|par
|
|turn|15
|
|move|p2a: Jirachi|Stealth Rock|p1a: Cobalion
|-sidestart|p1: ult celsius|move: Stealth Rock
|move|p1a: Cobalion|Swords Dance|p1a: Cobalion
|-boost|p1a: Cobalion|atk|2
|
|turn|16
|
|move|p2a: Jirachi|Iron Head|p1a: Cobalion
|-resisted|p1a: Cobalion
|-damage|p1a: Cobalion|267\/323 par
|cant|p1a: Cobalion|flinch
|
|turn|17
|
|move|p2a: Jirachi|Iron Head|p1a: Cobalion
|-resisted|p1a: Cobalion
|-damage|p1a: Cobalion|224\/323 par
|cant|p1a: Cobalion|par
|
|turn|18
|
|move|p2a: Jirachi|Iron Head|p1a: Cobalion
|-resisted|p1a: Cobalion
|-damage|p1a: Cobalion|180\/323 par
|cant|p1a: Cobalion|par
|
|turn|19
|
|move|p2a: Jirachi|U-turn|p1a: Cobalion
|-resisted|p1a: Cobalion
|-damage|p1a: Cobalion|169\/323 par
|
|switch|p2a: Suicune|Suicune|180\/403
|-damage|p2a: Suicune|130\/403|[from] Stealth Rock
|-ability|p2a: Suicune|Pressure
|cant|p1a: Cobalion|par
|
|-heal|p2a: Suicune|155\/403|[from] item: Leftovers
|turn|20
|
|cant|p1a: Cobalion|par
|move|p2a: Suicune|Roar|p1a: Cobalion
|drag|p1a: Toxicroak|Toxicroak, F|307\/307
|-damage|p1a: Toxicroak|288\/307|[from] Stealth Rock
|
|-heal|p2a: Suicune|180\/403|[from] item: Leftovers
|turn|21
|c|★ult celsius|-_-
|c|★ULT BiG BiRD|sry man
|
|move|p1a: Toxicroak|Focus Blast|p2a: Suicune
|-damage|p2a: Suicune|0 fnt
|-damage|p1a: Toxicroak|258\/307|[from] item: Life Orb
|faint|p2a: Suicune
|
|
|switch|p2a: Jirachi|Jirachi|403\/403
|-damage|p2a: Jirachi|378\/403|[from] Stealth Rock
|turn|22
|
|switch|p1a: Cobalion|Cobalion|169\/323 par
|-damage|p1a: Cobalion|159\/323 par|[from] Stealth Rock
|move|p2a: Jirachi|Thunder Wave|p1a: Cobalion
|-fail|p1a: Cobalion|par
|
|-heal|p2a: Jirachi|403\/403|[from] item: Leftovers
|turn|23
|
|move|p2a: Jirachi|Iron Head|p1a: Cobalion
|-resisted|p1a: Cobalion
|-damage|p1a: Cobalion|120\/323 par
|move|p1a: Cobalion|Swords Dance|p1a: Cobalion
|-boost|p1a: Cobalion|atk|2
|
|turn|24
|
|move|p2a: Jirachi|Iron Head|p1a: Cobalion
|-crit|p1a: Cobalion
|-resisted|p1a: Cobalion
|-damage|p1a: Cobalion|54\/323 par
|cant|p1a: Cobalion|par
|
|turn|25
|
|move|p2a: Jirachi|Iron Head|p1a: Cobalion
|-resisted|p1a: Cobalion
|-damage|p1a: Cobalion|13\/323 par
|cant|p1a: Cobalion|par
|
|turn|26
|
|move|p2a: Jirachi|U-turn|p1a: Cobalion
|-resisted|p1a: Cobalion
|-damage|p1a: Cobalion|1\/323 par
|
|switch|p2a: Virizion|Virizion|323\/323
|-damage|p2a: Virizion|303\/323|[from] Stealth Rock
|move|p1a: Cobalion|Iron Head|p2a: Virizion
|-damage|p2a: Virizion|20\/323
|
|turn|27
|
|move|p2a: Virizion|Giga Drain|p1a: Cobalion
|-resisted|p1a: Cobalion
|-damage|p1a: Cobalion|0 fnt
|-heal|p2a: Virizion|21\/323|[from] drain|[of] p1a: Cobalion
|-damage|p2a: Virizion|0 fnt|[from] item: Life Orb
|faint|p1a: Cobalion
|faint|p2a: Virizion
|
|
|switch|p2a: Glalie|Glalie-Mega, F|226\/301
|switch|p1a: Kingdra|Kingdra, M|292\/292
|-damage|p2a: Glalie|151\/301|[from] Stealth Rock
|-damage|p1a: Kingdra|256\/292|[from] Stealth Rock
|turn|28
|
|move|p2a: Glalie|Explosion|p1a: Kingdra
|-damage|p1a: Kingdra|0 fnt
|faint|p2a: Glalie
|faint|p1a: Kingdra
|
|
|switch|p1a: Aerodactyl|Aerodactyl, M|301\/301
|switch|p2a: Jirachi|Jirachi|403\/403
|-damage|p1a: Aerodactyl|226\/301|[from] Stealth Rock
|-damage|p2a: Jirachi|378\/403|[from] Stealth Rock
|turn|29
|
|detailschange|p1a: Aerodactyl|Aerodactyl-Mega, M
|-mega|p1a: Aerodactyl|Aerodactyl|Aerodactylite
|move|p1a: Aerodactyl|Aqua Tail|p2a: Jirachi
|-damage|p2a: Jirachi|226\/403
|move|p2a: Jirachi|Thunder Wave|p1a: Aerodactyl
|-status|p1a: Aerodactyl|par
|
|-heal|p2a: Jirachi|251\/403|[from] item: Leftovers
|turn|30
|
|move|p2a: Jirachi|Iron Head|p1a: Aerodactyl
|-supereffective|p1a: Aerodactyl
|-damage|p1a: Aerodactyl|0 fnt
|faint|p1a: Aerodactyl
|
|-heal|p2a: Jirachi|276\/403|[from] item: Leftovers
|
|switch|p1a: Toxicroak|Toxicroak, F|258\/307
|-damage|p1a: Toxicroak|239\/307|[from] Stealth Rock
|turn|31
|
|move|p2a: Jirachi|Iron Head|p1a: Toxicroak
|-damage|p1a: Toxicroak|89\/307
|cant|p1a: Toxicroak|flinch
|
|-heal|p2a: Jirachi|301\/403|[from] item: Leftovers
|turn|32
|c|★ULT BiG BiRD|sry man
|c|★ult celsius|well
|c|★ult celsius|gg
|c|★ULT BiG BiRD|not ur game
|-message|ult celsius forfeited.
|
|win|ULT BiG BiRD
|raw|Ladder updating...
|leave|ult celsius
|player|p1
|raw|ult celsius's rating: 1574 &rarr; <strong>1546<\/strong><br \/>(-28 for losing)
|raw|ULT BiG BiRD's rating: 1440 &rarr; <strong>1468<\/strong><br \/>(+28 for winning)