|join|Century Express
|join|LiberalLucario
|player|p1|Century Express|145
|player|p2|LiberalLucario|290
|gametype|singles
|gen|6
|tier|UU
|rated
|rule|Sleep Clause Mod: Limit one foe put to sleep
|rule|Species Clause: Limit one of each Pokémon
|rule|OHKO Clause: OHKO moves are banned
|rule|Moody Clause: Moody is banned
|rule|Evasion Moves Clause: Evasion moves are banned
|rule|Endless Battle Clause: Forcing endless battles is banned
|rule|HP Percentage Mod: HP is shown in percentages
|clearpoke
|poke|p1|Alakazam, F
|poke|p1|Suicune
|poke|p1|Crobat, M
|poke|p1|Umbreon, M
|poke|p1|Nidoqueen, F
|poke|p1|Jirachi
|poke|p2|Rotom-Mow
|poke|p2|Machamp, M
|poke|p2|Suicune
|poke|p2|Entei, shiny
|poke|p2|Aggron, M
|poke|p2|Gligar, F
|rule|Swagger Clause: Swagger is banned
|rule|Baton Pass Clause: Limit one Pokémon knowing Baton Pass
|teampreview
|
|start
|switch|p1a: Aquatarkus|Suicune|399\/399
|switch|p2a: Suicune|Suicune|404\/404
|-ability|p1a: Aquatarkus|Pressure
|-ability|p2a: Suicune|Pressure
|turn|1
|
|switch|p1a: Shadowplay|Umbreon, M|390\/390
|switch|p2a: Machamp|Machamp, M|344\/344
|
|turn|2
|
|move|p1a: Shadowplay|Protect|p1a: Shadowplay
|-singleturn|p1a: Shadowplay|Protect
|move|p2a: Machamp|Knock Off|p1a: Shadowplay
|-activate|p1a: Shadowplay|Protect
|
|turn|3
|
|switch|p1a: Purple Haze|Crobat, M|355\/355
|move|p2a: Machamp|Close Combat|p1a: Purple Haze
|-resisted|p1a: Purple Haze
|-damage|p1a: Purple Haze|285\/355
|-unboost|p2a: Machamp|def|1
|-unboost|p2a: Machamp|spd|1
|
|turn|4
|
|switch|p1a: Czarina|Nidoqueen, F|360\/360
|switch|p2a: Aggron|Aggron, M|344\/344
|
|turn|5
|
|switch|p2a: Suicune|Suicune|404\/404
|-ability|p2a: Suicune|Pressure
|move|p1a: Czarina|Stealth Rock|p2a: Suicune
|-sidestart|p2: LiberalLucario|move: Stealth Rock
|
|turn|6
|
|switch|p1a: Aquatarkus|Suicune|399\/399
|-ability|p1a: Aquatarkus|Pressure
|move|p2a: Suicune|Scald|p1a: Aquatarkus
|-resisted|p1a: Aquatarkus
|-damage|p1a: Aquatarkus|343\/399
|-status|p1a: Aquatarkus|brn
|
|-heal|p1a: Aquatarkus|367\/399 brn|[from] item: Leftovers
|-damage|p1a: Aquatarkus|318\/399 brn|[from] brn
|turn|7
|
|move|p1a: Aquatarkus|Scald|p2a: Suicune
|-resisted|p2a: Suicune
|-damage|p2a: Suicune|364\/404
|move|p2a: Suicune|Substitute|p2a: Suicune
|-start|p2a: Suicune|Substitute
|-damage|p2a: Suicune|263\/404
|
|-heal|p1a: Aquatarkus|342\/399 brn|[from] item: Leftovers
|-heal|p2a: Suicune|288\/404|[from] item: Leftovers
|-damage|p1a: Aquatarkus|293\/399 brn|[from] brn
|turn|8
|
|move|p2a: Suicune|Calm Mind|p2a: Suicune
|-boost|p2a: Suicune|spa|1
|-boost|p2a: Suicune|spd|1
|move|p1a: Aquatarkus|Roar|p2a: Suicune
|drag|p2a: Gligar|Gligar, F|334\/334
|-damage|p2a: Gligar|293\/334|[from] Stealth Rock
|
|-heal|p1a: Aquatarkus|317\/399 brn|[from] item: Leftovers
|-damage|p1a: Aquatarkus|268\/399 brn|[from] brn
|turn|9
|
|switch|p2a: Rotom-Mow|Rotom-Mow|241\/241
|-damage|p2a: Rotom-Mow|211\/241|[from] Stealth Rock
|move|p1a: Aquatarkus|Ice Beam|p2a: Rotom-Mow
|-supereffective|p2a: Rotom-Mow
|-damage|p2a: Rotom-Mow|79\/241
|
|-heal|p1a: Aquatarkus|292\/399 brn|[from] item: Leftovers
|-damage|p1a: Aquatarkus|243\/399 brn|[from] brn
|turn|10
|
|switch|p1a: Shoot Star|Jirachi|341\/341
|move|p2a: Rotom-Mow|Leaf Storm|p1a: Shoot Star
|-resisted|p1a: Shoot Star
|-damage|p1a: Shoot Star|198\/341
|-unboost|p2a: Rotom-Mow|spa|2
|
|turn|11
|
|switch|p2a: Aggron|Aggron, M|344\/344
|-damage|p2a: Aggron|323\/344|[from] Stealth Rock
|move|p1a: Shoot Star|U-turn|p2a: Aggron
|-resisted|p2a: Aggron
|-damage|p2a: Aggron|304\/344
|
|switch|p1a: Czarina|Nidoqueen, F|360\/360
|
|turn|12
|
|switch|p2a: Suicune|Suicune|288\/404
|-damage|p2a: Suicune|238\/404|[from] Stealth Rock
|-ability|p2a: Suicune|Pressure
|move|p1a: Czarina|Earth Power|p2a: Suicune
|-damage|p2a: Suicune|53\/404
|
|-heal|p2a: Suicune|78\/404|[from] item: Leftovers
|turn|13
|
|move|p1a: Czarina|Sludge Wave|p2a: Suicune
|-damage|p2a: Suicune|0 fnt
|faint|p2a: Suicune
|
|
|switch|p2a: Rotom-Mow|Rotom-Mow|79\/241
|-damage|p2a: Rotom-Mow|49\/241|[from] Stealth Rock
|turn|14
|
|switch|p1a: Shoot Star|Jirachi|198\/341
|move|p2a: Rotom-Mow|Volt Switch|p1a: Shoot Star
|-damage|p1a: Shoot Star|33\/341
|
|switch|p2a: Aggron|Aggron, M|304\/344
|-damage|p2a: Aggron|283\/344|[from] Stealth Rock
|
|turn|15
|
|detailschange|p2a: Aggron|Aggron-Mega, M
|-mega|p2a: Aggron|Aggron|Aggronite
|move|p1a: Shoot Star|U-turn|p2a: Aggron
|-resisted|p2a: Aggron
|-damage|p2a: Aggron|268\/344
|
|switch|p1a: Aquatarkus|Suicune|243\/399 brn
|-ability|p1a: Aquatarkus|Pressure
|move|p2a: Aggron|Stealth Rock|p1a: Aquatarkus
|-sidestart|p1: Century Express|move: Stealth Rock
|
|-heal|p1a: Aquatarkus|267\/399 brn|[from] item: Leftovers
|-damage|p1a: Aquatarkus|218\/399 brn|[from] brn
|turn|16
|
|switch|p2a: Machamp|Machamp, M|344\/344
|-damage|p2a: Machamp|323\/344|[from] Stealth Rock
|move|p1a: Aquatarkus|Scald|p2a: Machamp
|-damage|p2a: Machamp|254\/344
|
|-heal|p1a: Aquatarkus|242\/399 brn|[from] item: Leftovers
|-damage|p1a: Aquatarkus|193\/399 brn|[from] brn
|turn|17
|
|switch|p1a: Purple Haze|Crobat, M|285\/355
|-damage|p1a: Purple Haze|197\/355|[from] Stealth Rock
|move|p2a: Machamp|Knock Off|p1a: Purple Haze
|-damage|p1a: Purple Haze|91\/355
|
|turn|18
|
|switch|p2a: Aggron|Aggron-Mega, M|268\/344
|-damage|p2a: Aggron|247\/344|[from] Stealth Rock
|move|p1a: Purple Haze|Acrobatics|p2a: Aggron
|-resisted|p2a: Aggron
|-damage|p2a: Aggron|220\/344
|
|turn|19
|
|switch|p1a: Shadowplay|Umbreon, M|390\/390
|-damage|p1a: Shadowplay|342\/390|[from] Stealth Rock
|move|p2a: Aggron|Heavy Slam|p1a: Shadowplay
|-damage|p1a: Shadowplay|162\/390
|
|-heal|p1a: Shadowplay|186\/390|[from] item: Leftovers
|turn|20
|
|move|p1a: Shadowplay|Wish|p1a: Shadowplay
|move|p2a: Aggron|Heavy Slam|p1a: Shadowplay
|-damage|p1a: Shadowplay|3\/390
|
|-heal|p1a: Shadowplay|27\/390|[from] item: Leftovers
|turn|21
|
|switch|p1a: Czarina|Nidoqueen, F|360\/360
|-damage|p1a: Czarina|338\/360|[from] Stealth Rock
|move|p2a: Aggron|Roar|p1a: Czarina
|drag|p1a: Shoot Star|Jirachi|33\/341
|-damage|p1a: Shoot Star|12\/341|[from] Stealth Rock
|
|-heal|p1a: Shoot Star|207\/341|[from] move: Wish|[wisher] Shadowplay
|turn|22
|
|move|p1a: Shoot Star|U-turn|p2a: Aggron
|-resisted|p2a: Aggron
|-damage|p2a: Aggron|205\/344
|
|switch|p1a: Shadowplay|Umbreon, M|27\/390
|-damage|p1a: Shadowplay|0 fnt|[from] Stealth Rock
|faint|p1a: Shadowplay
|move|p2a: Aggron|Earthquake|p1: Shadowplay|[notarget]
|-notarget
|
|
|switch|p1a: Czarina|Nidoqueen, F|338\/360
|-damage|p1a: Czarina|316\/360|[from] Stealth Rock
|turn|23
|
|switch|p2a: Rotom-Mow|Rotom-Mow|49\/241
|-damage|p2a: Rotom-Mow|19\/241|[from] Stealth Rock
|move|p1a: Czarina|Earth Power|p2a: Rotom-Mow
|-immune|p2a: Rotom-Mow|[msg]
|
|turn|24
|
|switch|p1a: Purple Haze|Crobat, M|91\/355
|-damage|p1a: Purple Haze|3\/355|[from] Stealth Rock
|move|p2a: Rotom-Mow|Trick|p1a: Purple Haze
|-activate|p2a: Rotom-Mow|move: Trick|[of] p1a: Purple Haze
|-item|p1a: Purple Haze|Choice Specs|[from] move: Trick
|
|turn|25
|
|move|p1a: Purple Haze|Acrobatics|p2a: Rotom-Mow
|-damage|p2a: Rotom-Mow|0 fnt
|faint|p2a: Rotom-Mow
|
|
|switch|p2a: Gligar|Gligar, F|293\/334
|-damage|p2a: Gligar|252\/334|[from] Stealth Rock
|turn|26
|
|move|p1a: Purple Haze|Acrobatics|p2a: Gligar
|-crit|p2a: Gligar
|-damage|p2a: Gligar|191\/334
|move|p2a: Gligar|Defog|p1a: Purple Haze
|-unboost|p1a: Purple Haze|evasion|1
|-sideend|p1: Century Express|Stealth Rock|[from] move: Defog|[of] p1a: Purple Haze
|-sideend|p2: LiberalLucario|Stealth Rock|[from] move: Defog|[of] p2a: Gligar
|
|turn|27
|
|switch|p1a: Spoon Waltz|Alakazam, F|274\/274
|move|p2a: Gligar|U-turn|p1a: Spoon Waltz
|-supereffective|p1a: Spoon Waltz
|-damage|p1a: Spoon Waltz|122\/274
|
|switch|p2a: Entei|Entei, shiny|371\/371
|-ability|p2a: Entei|Pressure
|
|turn|28
|join|finnigans wake
|
|switch|p1a: Purple Haze|Crobat, M|3\/355
|move|p2a: Entei|Extreme Speed|p1a: Purple Haze
|-damage|p1a: Purple Haze|0 fnt
|faint|p1a: Purple Haze
|
|
|switch|p1a: Shoot Star|Jirachi|207\/341
|turn|29
|
|move|p2a: Entei|Extreme Speed|p1a: Shoot Star
|-resisted|p1a: Shoot Star
|-damage|p1a: Shoot Star|129\/341
|move|p1a: Shoot Star|Healing Wish|p1a: Shoot Star
|faint|p1a: Shoot Star
|
|
|switch|p1a: Aquatarkus|Suicune|193\/399 brn
|-heal|p1a: Aquatarkus|399\/399|[from] move: Healing Wish
|-ability|p1a: Aquatarkus|Pressure
|turn|30
|
|switch|p2a: Machamp|Machamp, M|254\/344
|move|p1a: Aquatarkus|Scald|p2a: Machamp
|-damage|p2a: Machamp|190\/344
|
|turn|31
|
|switch|p1a: Czarina|Nidoqueen, F|316\/360
|move|p2a: Machamp|Close Combat|p1a: Czarina
|-resisted|p1a: Czarina
|-damage|p1a: Czarina|176\/360
|-unboost|p2a: Machamp|def|1
|-unboost|p2a: Machamp|spd|1
|
|turn|32
|
|switch|p2a: Gligar|Gligar, F|191\/334
|move|p1a: Czarina|Ice Beam|p2a: Gligar
|-crit|p2a: Gligar
|-supereffective|p2a: Gligar
|-damage|p2a: Gligar|0 fnt
|faint|p2a: Gligar
|
|
|switch|p2a: Entei|Entei, shiny|371\/371
|-ability|p2a: Entei|Pressure
|turn|33
|
|switch|p2a: Machamp|Machamp, M|190\/344
|switch|p1a: Spoon Waltz|Alakazam, F|122\/274
|
|turn|34
|
|switch|p2a: Aggron|Aggron-Mega, M|205\/344
|detailschange|p1a: Spoon Waltz|Alakazam-Mega, F
|-mega|p1a: Spoon Waltz|Alakazam|Alakazite
|-ability|p1a: Spoon Waltz|Filter|[from] ability: Trace|[of] p2a: Aggron
|move|p1a: Spoon Waltz|Psyshock|p2a: Aggron
|-resisted|p2a: Aggron
|-damage|p2a: Aggron|167\/344
|
|turn|35
|
|move|p1a: Spoon Waltz|Focus Blast|p2a: Aggron
|-supereffective|p2a: Aggron
|-damage|p2a: Aggron|0 fnt
|faint|p2a: Aggron
|
|
|switch|p2a: Entei|Entei, shiny|371\/371
|-ability|p2a: Entei|Pressure
|turn|36
|
|move|p2a: Entei|Extreme Speed|p1a: Spoon Waltz
|-damage|p1a: Spoon Waltz|0 fnt
|faint|p1a: Spoon Waltz
|
|
|switch|p1a: Aquatarkus|Suicune|399\/399
|-ability|p1a: Aquatarkus|Pressure
|turn|37
|join|canboma
|
|switch|p2a: Machamp|Machamp, M|190\/344
|move|p1a: Aquatarkus|Scald|p2a: Machamp
|-damage|p2a: Machamp|127\/344
|-status|p2a: Machamp|brn
|
|-damage|p2a: Machamp|84\/344 brn|[from] brn
|turn|38
|
|switch|p1a: Czarina|Nidoqueen, F|176\/360
|move|p2a: Machamp|Close Combat|p1a: Czarina
|-resisted|p1a: Czarina
|-damage|p1a: Czarina|0 fnt
|-unboost|p2a: Machamp|def|1
|-unboost|p2a: Machamp|spd|1
|faint|p1a: Czarina
|
|-damage|p2a: Machamp|41\/344 brn|[from] brn
|
|switch|p1a: Aquatarkus|Suicune|399\/399
|-ability|p1a: Aquatarkus|Pressure
|turn|39
|
|move|p1a: Aquatarkus|Scald|p2a: Machamp
|-damage|p2a: Machamp|0 fnt
|faint|p2a: Machamp
|
|
|switch|p2a: Entei|Entei, shiny|371\/371
|-ability|p2a: Entei|Pressure
|turn|40
|
|move|p2a: Entei|Stone Edge|p1a: Aquatarkus
|-damage|p1a: Aquatarkus|285\/399
|move|p1a: Aquatarkus|Scald|p2a: Entei
|-supereffective|p2a: Entei
|-damage|p2a: Entei|153\/371
|
|-heal|p1a: Aquatarkus|309\/399|[from] item: Leftovers
|turn|41
|-message|LiberalLucario forfeited.
|leave|LiberalLucario
|leave|canboma
|
|win|Century Express
|raw|Ladder updating...
|player|p2
|raw|Century Express's rating: 1596 &rarr; <strong>1612<\/strong><br \/>(+16 for winning)
|raw|LiberalLucario's rating: 1530 &rarr; <strong>1514<\/strong><br \/>(-16 for losing)