|join|StrifeDEATH
|join|LiberalLucario
|player|p1|StrifeDEATH|265
|player|p2|LiberalLucario|290
|gametype|singles
|gen|6
|tier|UU
|rated
|rule|Sleep Clause Mod: Limit one foe put to sleep
|rule|Species Clause: Limit one of each Pokémon
|rule|OHKO Clause: OHKO moves are banned
|rule|Moody Clause: Moody is banned
|rule|Evasion Moves Clause: Evasion moves are banned
|rule|Endless Battle Clause: Forcing endless battles is banned
|rule|HP Percentage Mod: HP is shown in percentages
|clearpoke
|poke|p1|Chesnaught, M
|poke|p1|Empoleon, M
|poke|p1|Entei, shiny
|poke|p1|Florges, F
|poke|p1|Haxorus, M
|poke|p1|Jolteon, M
|poke|p2|Ampharos, M
|poke|p2|Whimsicott, M
|poke|p2|Nidoqueen, F
|poke|p2|Vaporeon, F
|poke|p2|Jirachi
|poke|p2|Crobat, M
|rule|Swagger Clause: Swagger is banned
|rule|Baton Pass Clause: Limit one Pokémon knowing Baton Pass
|teampreview
|c|★StrifeDEATH|gl hf
|c|★LiberalLucario|u2
|join|Shit User
|c|★LiberalLucario|shit user
|c|★LiberalLucario|tell me queen counters
|
|start
|switch|p1a: Entei|Entei, shiny|371\/371
|switch|p2a: Nidoqueen|Nidoqueen, F|346\/346
|-ability|p1a: Entei|Pressure
|turn|1
|c| Shit User|balloon empoleon
|
|switch|p2a: Vaporeon|Vaporeon, F|451\/451
|move|p1a: Entei|Sacred Fire|p2a: Vaporeon
|-resisted|p2a: Vaporeon
|-damage|p2a: Vaporeon|303\/451
|
|-heal|p2a: Vaporeon|331\/451|[from] item: Leftovers
|turn|2
|c| Shit User|i love how banded entei does scarf darm damage
|c|★LiberalLucario|lol
|
|switch|p1a: Chesnaught|Chesnaught, M|380\/380
|move|p2a: Vaporeon|Baton Pass|p2a: Vaporeon
|c| Shit User|i guess muh burn
|c|★LiberalLucario|rip something
|c|★LiberalLucario|on ur team
|
|switch|p2a: Ampharos|Ampharos, M|372\/372
|
|turn|3
|c|★LiberalLucario|fuq
|c|★LiberalLucario|misclicks
|c| Shit User|n-n-nice
|c|★LiberalLucario|whatever
|
|switch|p1a: Florges|Florges, F|359\/359
|detailschange|p2a: Ampharos|Ampharos-Mega, M
|-mega|p2a: Ampharos|Ampharos|Ampharosite
|-ability|p2a: Ampharos|Mold Breaker
|move|p2a: Ampharos|Dragon Pulse|p1a: Florges
|-immune|p1a: Florges|[msg]
|
|turn|4
|
|switch|p2a: Nidoqueen|Nidoqueen, F|346\/346
|move|p1a: Florges|Moonblast|p2a: Nidoqueen
|-resisted|p2a: Nidoqueen
|-damage|p2a: Nidoqueen|225\/346
|-damage|p1a: Florges|324\/359|[from] item: Life Orb
|
|turn|5
|c|★LiberalLucario|ouch
|c| Shit User|o
|c| Shit User|kek
|c|★LiberalLucario|mfw life orb florges
|join|Cell in a Hell
|
|switch|p2a: Jirachi|Jirachi|341\/341
|switch|p1a: Empoleon|Empoleon, M|372\/372
|
|turn|6
|
|move|p2a: Jirachi|Trick|p1a: Empoleon
|-activate|p2a: Jirachi|move: Trick|[of] p1a: Empoleon
|-item|p1a: Empoleon|Choice Scarf|[from] move: Trick
|-item|p2a: Jirachi|Leftovers|[from] move: Trick
|move|p1a: Empoleon|Stealth Rock|p2a: Jirachi
|-sidestart|p2: LiberalLucario|move: Stealth Rock
|
|turn|7
|c| Shit User|how do u beat jolteon now :[
|
|switch|p1a: Chesnaught|Chesnaught, M|380\/380
|move|p2a: Jirachi|U-turn|p1a: Chesnaught
|-damage|p1a: Chesnaught|334\/380
|c|★LiberalLucario|lel
|c| Shit User|u hav to keep queen healthy
|
|switch|p2a: Crobat|Crobat, M|363\/363
|-damage|p2a: Crobat|273\/363|[from] Stealth Rock
|
|-heal|p2a: Crobat|295\/363|[from] item: Black Sludge
|-heal|p1a: Chesnaught|357\/380|[from] item: Leftovers
|turn|8
|
|move|p2a: Crobat|Defog|p1a: Chesnaught
|-unboost|p1a: Chesnaught|evasion|1
|-sideend|p2: LiberalLucario|Stealth Rock|[from] move: Defog|[of] p2a: Crobat
|move|p1a: Chesnaught|Spikes|p2a: Crobat
|-sidestart|p2: LiberalLucario|Spikes
|
|-heal|p2a: Crobat|317\/363|[from] item: Black Sludge
|-heal|p1a: Chesnaught|380\/380|[from] item: Leftovers
|turn|9
|c|★LiberalLucario|lol
|
|move|p2a: Crobat|Defog|p1a: Chesnaught
|-unboost|p1a: Chesnaught|evasion|1
|-sideend|p2: LiberalLucario|Spikes|[from] move: Defog|[of] p2a: Crobat
|move|p1a: Chesnaught|Leech Seed|p2a: Crobat
|-start|p2a: Crobat|move: Leech Seed
|
|-heal|p2a: Crobat|339\/363|[from] item: Black Sludge
|-damage|p2a: Crobat|294\/363|[from] Leech Seed|[of] p1a: Chesnaught
|turn|10
|
|switch|p2a: Whimsicott|Whimsicott, M|261\/261
|move|p1a: Chesnaught|Spikes|p2a: Whimsicott
|-sidestart|p2: LiberalLucario|Spikes
|
|turn|11
|
|switch|p1a: Entei|Entei, shiny|371\/371
|-ability|p1a: Entei|Pressure
|move|p2a: Whimsicott|U-turn|p1a: Entei
|-resisted|p1a: Entei
|-damage|p1a: Entei|349\/371
|
|switch|p2a: Vaporeon|Vaporeon, F|331\/451
|-damage|p2a: Vaporeon|275\/451|[from] Spikes
|
|-heal|p2a: Vaporeon|303\/451|[from] item: Leftovers
|turn|12
|
|move|p1a: Entei|Sacred Fire|p2a: Vaporeon
|-resisted|p2a: Vaporeon
|-damage|p2a: Vaporeon|166\/451
|move|p2a: Vaporeon|Wish|p2a: Vaporeon
|
|-heal|p2a: Vaporeon|194\/451|[from] item: Leftovers
|turn|13
|
|switch|p1a: Jolteon|Jolteon, M|271\/271
|move|p2a: Vaporeon|Scald|p1a: Jolteon
|-damage|p1a: Jolteon|156\/271
|
|-heal|p2a: Vaporeon|419\/451|[from] move: Wish|[wisher] Vaporeon
|-heal|p2a: Vaporeon|447\/451|[from] item: Leftovers
|turn|14
|
|switch|p1a: Haxorus|Haxorus, M|293\/293
|-ability|p1a: Haxorus|Mold Breaker
|move|p2a: Vaporeon|Protect|p2a: Vaporeon
|-fail|p2a: Vaporeon
|
|-heal|p2a: Vaporeon|451\/451|[from] item: Leftovers
|turn|15
|
|switch|p2a: Whimsicott|Whimsicott, M|261\/261
|-damage|p2a: Whimsicott|229\/261|[from] Spikes
|move|p1a: Haxorus|Outrage|p2a: Whimsicott
|-immune|p2a: Whimsicott|[msg]
|
|-heal|p2a: Whimsicott|245\/261|[from] item: Leftovers
|turn|16
|c|★LiberalLucario|rip u
|
|switch|p1a: Empoleon|Empoleon, M|372\/372
|move|p2a: Whimsicott|U-turn|p1a: Empoleon
|-resisted|p1a: Empoleon
|-damage|p1a: Empoleon|351\/372
|c| Shit User|got em
|c|★LiberalLucario|#gotem
|
|switch|p2a: Nidoqueen|Nidoqueen, F|225\/346
|-damage|p2a: Nidoqueen|182\/346|[from] Spikes
|
|turn|17
|c| Shit User|hes gonna eat this
|c| Shit User|so easily
|c| Shit User|and take u out
|c| Shit User|bad play imo
|c|★LiberalLucario|is this gonna
|
|move|p1a: Empoleon|Ice Beam|p2a: Nidoqueen
|-supereffective|p2a: Nidoqueen
|-damage|p2a: Nidoqueen|10\/346
|move|p2a: Nidoqueen|Earth Power|p1a: Empoleon
|-supereffective|p1a: Empoleon
|-damage|p1a: Empoleon|60\/372
|
|turn|18
|c|★LiberalLucario|outspeed me
|c|★LiberalLucario|o
|c| Shit User|LOL
|c| Shit User|DAT
|c| Shit User|SCARF
|c|★LiberalLucario|it actually
|c|★LiberalLucario|ate that
|c| Shit User|well obvs
|c| Shit User|hes sp def
|c|★LiberalLucario|the other one died
|
|switch|p2a: Jirachi|Jirachi|341\/341
|-damage|p2a: Jirachi|299\/341|[from] Spikes
|move|p1a: Empoleon|Ice Beam|p2a: Jirachi
|-resisted|p2a: Jirachi
|-damage|p2a: Jirachi|261\/341
|
|-heal|p2a: Jirachi|282\/341|[from] item: Leftovers
|turn|19
|c|★LiberalLucario|last game
|c| Shit User|frz
|c| Shit User|was he worn down
|
|switch|p1a: Chesnaught|Chesnaught, M|380\/380
|move|p2a: Jirachi|U-turn|p1a: Chesnaught
|-damage|p1a: Chesnaught|336\/380
|c| Shit User|its obvs gonna eat one hit from queen
|c| Shit User|tho
|c|★LiberalLucario|he was at like 88%
|
|switch|p2a: Crobat|Crobat, M|294\/363
|
|-heal|p2a: Crobat|316\/363|[from] item: Black Sludge
|-heal|p1a: Chesnaught|359\/380|[from] item: Leftovers
|turn|20
|c| Shit User|you cant even wish pass to queen now
|c|★LiberalLucario|i can wish slow bp pass to it
|c| Shit User|u might  lose to jolt if you dont keep amph healthy
|c|★LiberalLucario|on like entei
|c|★LiberalLucario|or something
|c| Shit User|oh yeah u have bp
|c| Shit User|i forgot about that shit kek
|
|move|p2a: Crobat|Defog|p1a: Chesnaught
|-unboost|p1a: Chesnaught|evasion|1
|-sideend|p2: LiberalLucario|Spikes|[from] move: Defog|[of] p2a: Crobat
|move|p1a: Chesnaught|Spikes|p2a: Crobat
|-sidestart|p2: LiberalLucario|Spikes
|
|-heal|p2a: Crobat|338\/363|[from] item: Black Sludge
|-heal|p1a: Chesnaught|380\/380|[from] item: Leftovers
|turn|21
|c| Shit User|he got u
|
|move|p2a: Crobat|Brave Bird|p1a: Chesnaught
|-supereffective|p1a: Chesnaught
|-damage|p1a: Chesnaught|0 fnt
|-damage|p2a: Crobat|213\/363|[from] recoil|[of] p1a: Chesnaught
|faint|p1a: Chesnaught
|
|-heal|p2a: Crobat|235\/363|[from] item: Black Sludge
|c|★LiberalLucario|i mean
|c|★LiberalLucario|ok
|c|★LiberalLucario|sacking ur chesnaught for no reason is god
|
|switch|p1a: Jolteon|Jolteon, M|156\/271
|turn|22
|c|★StrifeDEATH|for what do i need it?
|c| Shit User|vaporeon
|
|switch|p2a: Ampharos|Ampharos-Mega, M|372\/372
|-damage|p2a: Ampharos|326\/372|[from] Spikes
|-ability|p2a: Ampharos|Mold Breaker
|move|p1a: Jolteon|Thunderbolt|p2a: Ampharos
|-resisted|p2a: Ampharos
|-damage|p2a: Ampharos|280\/372
|
|turn|23
|c| Shit User|rachi
|
|switch|p1a: Florges|Florges, F|324\/359
|move|p2a: Ampharos|Volt Switch|p1a: Florges
|-damage|p1a: Florges|209\/359
|c| Shit User|so yeah
|
|switch|p2a: Vaporeon|Vaporeon, F|451\/451
|-damage|p2a: Vaporeon|395\/451|[from] Spikes
|
|-heal|p2a: Vaporeon|423\/451|[from] item: Leftovers
|turn|24
|c| Shit User|xD
|
|move|p1a: Florges|Wish|p1a: Florges
|move|p2a: Vaporeon|Wish|p2a: Vaporeon
|
|-heal|p2a: Vaporeon|451\/451|[from] item: Leftovers
|turn|25
|c|★LiberalLucario|sigh
|c|★LiberalLucario|free queen pass
|c|★LiberalLucario|,
|c| Shit User|n
|
|switch|p1a: Empoleon|Empoleon, M|60\/372
|move|p2a: Vaporeon|Baton Pass|p2a: Vaporeon
|c|★LiberalLucario|ez
|c| Shit User|bat
|
|switch|p2a: Nidoqueen|Nidoqueen, F|10\/346
|-damage|p2a: Nidoqueen|0 fnt|[from] Spikes
|faint|p2a: Nidoqueen
|
|-heal|p1a: Empoleon|239\/372|[from] move: Wish|[wisher] Florges
|c| Shit User|WSIT
|c|★LiberalLucario|OH
|c| Shit User|WTF
|c|★LiberalLucario|WAIT
|c| Shit User|UR STUPID
|c|★LiberalLucario|i um
|c| Shit User|I EVEN
|c|★LiberalLucario|oops
|c| Shit User|SAID
|c| Shit User|UR
|c| Shit User|STUPID
|c| Shit User|STUPID
|c| Shit User|STUPID
|c| Shit User|STUPID
|raw|<div class="broadcast-red"><b>Moderated chat was set to +!<\/b><br \/>Only users of rank + and higher can talk.<\/div>
|
|switch|p2a: Vaporeon|Vaporeon, F|451\/451
|-damage|p2a: Vaporeon|395\/451|[from] Spikes
|turn|26
|raw|<div class="broadcast-blue"><b>Moderated chat was disabled!<\/b><br \/>Anyone may talk now.<\/div>
|
|move|p1a: Empoleon|Stealth Rock|p2a: Vaporeon
|-sidestart|p2: LiberalLucario|move: Stealth Rock
|move|p2a: Vaporeon|Wish|p2a: Vaporeon
|
|-heal|p2a: Vaporeon|423\/451|[from] item: Leftovers
|turn|27
|c| Shit User|What was that
|c|★LiberalLucario|me being dumb
|c| Shit User|;_;
|c| Shit User|i even said
|
|switch|p1a: Florges|Florges, F|209\/359
|move|p2a: Vaporeon|Baton Pass|p2a: Vaporeon
|
|switch|p2a: Crobat|Crobat, M|235\/363
|-damage|p2a: Crobat|145\/363|[from] Stealth Rock
|
|-heal|p2a: Crobat|363\/363|[from] move: Wish|[wisher] Vaporeon
|turn|28
|
|switch|p1a: Entei|Entei, shiny|349\/371
|-ability|p1a: Entei|Pressure
|move|p2a: Crobat|Defog|p1a: Entei
|-unboost|p1a: Entei|evasion|1
|-sideend|p2: LiberalLucario|Spikes|[from] move: Defog|[of] p2a: Crobat
|-sideend|p2: LiberalLucario|Stealth Rock|[from] move: Defog|[of] p2a: Crobat
|
|turn|29
|
|switch|p1a: Jolteon|Jolteon, M|156\/271
|move|p2a: Crobat|U-turn|p1a: Jolteon
|-damage|p1a: Jolteon|71\/271
|c| Shit User|yes wear down ur jolteon
|
|switch|p2a: Whimsicott|Whimsicott, M|245\/261
|
|-heal|p2a: Whimsicott|261\/261|[from] item: Leftovers
|turn|30
|
|move|p1a: Jolteon|Volt Switch|p2a: Whimsicott
|-resisted|p2a: Whimsicott
|-damage|p2a: Whimsicott|141\/261
|c|★LiberalLucario|ouch
|join|Alldaalts
|
|switch|p1a: Florges|Florges, F|209\/359
|move|p2a: Whimsicott|Moonblast|p1a: Florges
|-damage|p1a: Florges|128\/359
|
|-heal|p2a: Whimsicott|157\/261|[from] item: Leftovers
|turn|31
|
|move|p2a: Whimsicott|U-turn|p1a: Florges
|-resisted|p1a: Florges
|-damage|p1a: Florges|101\/359
|
|switch|p2a: Jirachi|Jirachi|282\/341
|move|p1a: Florges|Wish|p1a: Florges
|
|-heal|p2a: Jirachi|303\/341|[from] item: Leftovers
|turn|32
|c| Shit User|i would use something else instead of mega amph
|c| Shit User|on ur team
|c|★LiberalLucario|i like mega amph
|
|move|p1a: Florges|Protect|p1a: Florges
|-singleturn|p1a: Florges|Protect
|move|p2a: Jirachi|U-turn|p1a: Florges
|-activate|p1a: Florges|Protect
|
|-heal|p1a: Florges|280\/359|[from] move: Wish|[wisher] Florges
|-heal|p2a: Jirachi|324\/341|[from] item: Leftovers
|turn|33
|c|★LiberalLucario|it was the original core i built around
|c|★LiberalLucario|mega amph + whims
|
|switch|p1a: Entei|Entei, shiny|349\/371
|-ability|p1a: Entei|Pressure
|move|p2a: Jirachi|Iron Head|p1a: Entei
|-resisted|p1a: Entei
|-damage|p1a: Entei|281\/371
|
|-heal|p2a: Jirachi|341\/341|[from] item: Leftovers
|turn|34
|c|★LiberalLucario|and if i didnt have it i would lose to crocune
|
|move|p2a: Jirachi|U-turn|p1a: Entei
|-resisted|p1a: Entei
|-damage|p1a: Entei|238\/371
|
|switch|p2a: Vaporeon|Vaporeon, F|423\/451
|move|p1a: Entei|Stone Edge|p2a: Vaporeon|[miss]
|-miss|p1a: Entei|p2a: Vaporeon
|
|-heal|p2a: Vaporeon|451\/451|[from] item: Leftovers
|turn|35
|
|switch|p1a: Florges|Florges, F|280\/359
|move|p2a: Vaporeon|Baton Pass|p2a: Vaporeon
|
|switch|p2a: Jirachi|Jirachi|341\/341
|
|turn|36
|
|move|p2a: Jirachi|Iron Head|p1a: Florges
|-supereffective|p1a: Florges
|-damage|p1a: Florges|0 fnt
|faint|p1a: Florges
|
|
|switch|p1a: Haxorus|Haxorus, M|293\/293
|-ability|p1a: Haxorus|Mold Breaker
|turn|37
|
|move|p2a: Jirachi|Iron Head|p1a: Haxorus
|-crit|p1a: Haxorus
|-damage|p1a: Haxorus|103\/293
|cant|p1a: Haxorus|flinch
|
|turn|38
|
|move|p2a: Jirachi|Iron Head|p1a: Haxorus
|-damage|p1a: Haxorus|0 fnt
|faint|p1a: Haxorus
|
|
|switch|p1a: Jolteon|Jolteon, M|71\/271
|turn|39
|
|move|p1a: Jolteon|Thunderbolt|p2a: Jirachi
|-damage|p2a: Jirachi|125\/341
|move|p2a: Jirachi|U-turn|p1a: Jolteon
|-damage|p1a: Jolteon|0 fnt
|faint|p1a: Jolteon
|c|★LiberalLucario|k
|
|switch|p2a: Ampharos|Ampharos-Mega, M|280\/372
|-ability|p2a: Ampharos|Mold Breaker
|
|join|Another fanboy
|
|switch|p1a: Entei|Entei, shiny|238\/371
|-ability|p1a: Entei|Pressure
|turn|40
|
|move|p1a: Entei|Extreme Speed|p2a: Ampharos
|-damage|p2a: Ampharos|142\/372
|move|p2a: Ampharos|Volt Switch|p1a: Entei
|-damage|p1a: Entei|39\/371
|
|switch|p2a: Jirachi|Jirachi|125\/341
|
|-heal|p2a: Jirachi|146\/341|[from] item: Leftovers
|turn|41
|
|move|p1a: Entei|Extreme Speed|p2a: Jirachi
|-resisted|p2a: Jirachi
|-damage|p2a: Jirachi|75\/341
|move|p2a: Jirachi|Iron Head|p1a: Entei
|-resisted|p1a: Entei
|-damage|p1a: Entei|0 fnt
|faint|p1a: Entei
|
|-heal|p2a: Jirachi|96\/341|[from] item: Leftovers
|
|switch|p1a: Empoleon|Empoleon, M|239\/372
|turn|42
|
|move|p2a: Jirachi|Healing Wish|p2a: Jirachi
|faint|p2a: Jirachi
|move|p1a: Empoleon|Ice Beam|p2: Jirachi|[notarget]
|-notarget
|
|c|★StrifeDEATH|gg
|c|★LiberalLucario|gg
|
|switch|p2a: Ampharos|Ampharos-Mega, M|142\/372
|-heal|p2a: Ampharos|372\/372|[from] move: Healing Wish
|-ability|p2a: Ampharos|Mold Breaker
|turn|43
|
|move|p1a: Empoleon|Ice Beam|p2a: Ampharos
|-supereffective|p2a: Ampharos
|-damage|p2a: Ampharos|238\/372
|move|p2a: Ampharos|Volt Switch|p1a: Empoleon
|-supereffective|p1a: Empoleon
|-damage|p1a: Empoleon|23\/372
|leave|Another fanboy
|
|switch|p2a: Crobat|Crobat, M|363\/363
|
|turn|44
|
|move|p2a: Crobat|Brave Bird|p1a: Empoleon
|-resisted|p1a: Empoleon
|-damage|p1a: Empoleon|0 fnt
|-damage|p2a: Crobat|355\/363|[from] recoil|[of] p1a: Empoleon
|faint|p1a: Empoleon
|
|win|LiberalLucario
|raw|Ladder updating...
|raw|StrifeDEATH's rating: 1325 &rarr; <strong>1311<\/strong><br \/>(-14 for losing)
|raw|LiberalLucario's rating: 1424 &rarr; <strong>1438<\/strong><br \/>(+14 for winning)