|join|Cartographer Wes
|join|LiberalLucario
|player|p1|Cartographer Wes|2
|player|p2|LiberalLucario|69
|gametype|singles
|gen|6
|tier|UU
|rated
|rule|Sleep Clause Mod: Limit one foe put to sleep
|rule|Species Clause: Limit one of each Pokémon
|rule|OHKO Clause: OHKO moves are banned
|rule|Moody Clause: Moody is banned
|rule|Evasion Moves Clause: Evasion moves are banned
|rule|Endless Battle Clause: Forcing endless battles is banned
|rule|HP Percentage Mod: HP is shown in percentages
|clearpoke
|poke|p1|Empoleon, M
|poke|p1|Hydreigon, F
|poke|p1|Florges, F
|poke|p1|Rotom-Heat
|poke|p1|Chesnaught, M
|poke|p1|Mienshao, M
|poke|p2|Krookodile, F
|poke|p2|Ampharos, M
|poke|p2|Escavalier, F
|poke|p2|Crobat, M
|poke|p2|Suicune
|poke|p2|Reuniclus, M
|rule|Swagger Clause: Swagger is banned
|rule|Baton Pass Clause: Limit one Pokémon knowing Baton Pass
|teampreview
|
|start
|switch|p1a: Hydreigon|Hydreigon, F|326\/326
|switch|p2a: Ampharos|Ampharos, M|354\/354
|turn|1
|
|switch|p2a: Escavalier|Escavalier, F|324\/324
|move|p1a: Hydreigon|Draco Meteor|p2a: Escavalier
|-resisted|p2a: Escavalier
|-damage|p2a: Escavalier|257\/324
|-unboost|p1a: Hydreigon|spa|2
|
|turn|2
|
|switch|p1a: Rotom-Heat|Rotom-Heat|241\/241
|move|p2a: Escavalier|Knock Off|p1a: Rotom-Heat
|-damage|p1a: Rotom-Heat|127\/241
|-enditem|p1a: Rotom-Heat|Choice Specs|[from] move: Knock Off|[of] p2a: Escavalier
|
|turn|3
|
|switch|p2a: Reuniclus|Reuniclus, M|424\/424
|move|p1a: Rotom-Heat|Volt Switch|p2a: Reuniclus
|-damage|p2a: Reuniclus|304\/424
|
|switch|p1a: Hydreigon|Hydreigon, F|326\/326
|
|-heal|p2a: Reuniclus|330\/424|[from] item: Leftovers
|turn|4
|
|move|p1a: Hydreigon|U-turn|p2a: Reuniclus
|-crit|p2a: Reuniclus
|-supereffective|p2a: Reuniclus
|-damage|p2a: Reuniclus|196\/424
|
|switch|p1a: Empoleon|Empoleon, M|372\/372
|move|p2a: Reuniclus|Recover|p2a: Reuniclus
|-heal|p2a: Reuniclus|408\/424
|
|-heal|p2a: Reuniclus|424\/424|[from] item: Leftovers
|turn|5
|
|move|p1a: Empoleon|Stealth Rock|p2a: Reuniclus
|-sidestart|p2: LiberalLucario|move: Stealth Rock
|move|p2a: Reuniclus|Calm Mind|p2a: Reuniclus
|-boost|p2a: Reuniclus|spa|1
|-boost|p2a: Reuniclus|spd|1
|
|turn|6
|
|move|p2a: Reuniclus|Focus Blast|p1a: Empoleon
|-supereffective|p1a: Empoleon
|-damage|p1a: Empoleon|116\/372
|move|p1a: Empoleon|Roar|p2a: Reuniclus
|drag|p2a: Ampharos|Ampharos, M|354\/354
|-damage|p2a: Ampharos|310\/354|[from] Stealth Rock
|
|-heal|p1a: Empoleon|139\/372|[from] item: Leftovers
|turn|7
|
|switch|p1a: Chesnaught|Chesnaught, M|380\/380
|detailschange|p2a: Ampharos|Ampharos-Mega, M
|-mega|p2a: Ampharos|Ampharos|Ampharosite
|-ability|p2a: Ampharos|Mold Breaker
|move|p2a: Ampharos|Volt Switch|p1a: Chesnaught
|-resisted|p1a: Chesnaught
|-damage|p1a: Chesnaught|274\/380
|
|switch|p2a: Crobat|Crobat, M|373\/373
|-damage|p2a: Crobat|280\/373|[from] Stealth Rock
|
|-heal|p1a: Chesnaught|297\/380|[from] item: Leftovers
|turn|8
|
|switch|p1a: Rotom-Heat|Rotom-Heat|127\/241
|move|p2a: Crobat|Defog|p1a: Rotom-Heat
|-unboost|p1a: Rotom-Heat|evasion|1
|-sideend|p2: LiberalLucario|Stealth Rock|[from] move: Defog|[of] p2a: Crobat
|
|turn|9
|
|move|p2a: Crobat|Roost|p2a: Crobat
|-heal|p2a: Crobat|373\/373
|move|p1a: Rotom-Heat|Volt Switch|p2a: Crobat
|-crit|p2a: Crobat
|-damage|p2a: Crobat|166\/373
|
|switch|p1a: Mienshao|Mienshao, M|271\/271
|
|turn|10
|
|switch|p2a: Suicune|Suicune|368\/368
|-ability|p2a: Suicune|Pressure
|move|p1a: Mienshao|Fake Out|p2a: Suicune
|-damage|p2a: Suicune|308\/368
|-damage|p1a: Mienshao|244\/271|[from] item: Life Orb
|
|-heal|p2a: Suicune|331\/368|[from] item: Leftovers
|turn|11
|
|move|p1a: Mienshao|Knock Off|p2a: Suicune
|-damage|p2a: Suicune|193\/368
|-enditem|p2a: Suicune|Leftovers|[from] move: Knock Off|[of] p1a: Mienshao
|-damage|p1a: Mienshao|217\/271|[from] item: Life Orb
|move|p2a: Suicune|Scald|p1a: Mienshao
|-damage|p1a: Mienshao|49\/271
|
|turn|12
|
|switch|p2a: Crobat|Crobat, M|166\/373
|move|p1a: Mienshao|U-turn|p2a: Crobat
|-resisted|p2a: Crobat
|-damage|p2a: Crobat|132\/373
|-damage|p1a: Mienshao|22\/271|[from] item: Life Orb
|
|switch|p1a: Empoleon|Empoleon, M|139\/372
|
|-heal|p1a: Empoleon|162\/372|[from] item: Leftovers
|turn|13
|
|move|p2a: Crobat|U-turn|p1a: Empoleon
|-resisted|p1a: Empoleon
|-damage|p1a: Empoleon|134\/372
|
|switch|p2a: Ampharos|Ampharos-Mega, M|310\/354
|-ability|p2a: Ampharos|Mold Breaker
|move|p1a: Empoleon|Stealth Rock|p2a: Ampharos
|-sidestart|p2: LiberalLucario|move: Stealth Rock
|
|-heal|p1a: Empoleon|157\/372|[from] item: Leftovers
|turn|14
|
|switch|p1a: Florges|Florges, F|360\/360
|move|p2a: Ampharos|Volt Switch|p1a: Florges
|-damage|p1a: Florges|239\/360
|
|switch|p2a: Crobat|Crobat, M|132\/373
|-damage|p2a: Crobat|39\/373|[from] Stealth Rock
|
|-heal|p1a: Florges|261\/360|[from] item: Leftovers
|turn|15
|join|Snowballin
|
|move|p2a: Crobat|Roost|p2a: Crobat
|-heal|p2a: Crobat|226\/373
|move|p1a: Florges|Moonblast|p2a: Crobat
|-resisted|p2a: Crobat
|-damage|p2a: Crobat|150\/373
|
|-heal|p1a: Florges|283\/360|[from] item: Leftovers
|turn|16
|
|move|p2a: Crobat|Defog|p1a: Florges
|-unboost|p1a: Florges|evasion|1
|-sideend|p2: LiberalLucario|Stealth Rock|[from] move: Defog|[of] p2a: Crobat
|move|p1a: Florges|Wish|p1a: Florges
|
|-heal|p1a: Florges|305\/360|[from] item: Leftovers
|turn|17
|
|switch|p1a: Empoleon|Empoleon, M|157\/372
|move|p2a: Crobat|Roost|p2a: Crobat
|-heal|p2a: Crobat|337\/373
|
|-heal|p1a: Empoleon|337\/372|[from] move: Wish|[wisher] Florges
|-heal|p1a: Empoleon|360\/372|[from] item: Leftovers
|turn|18
|
|move|p2a: Crobat|U-turn|p1a: Empoleon
|-resisted|p1a: Empoleon
|-damage|p1a: Empoleon|330\/372
|
|switch|p2a: Ampharos|Ampharos-Mega, M|310\/354
|-ability|p2a: Ampharos|Mold Breaker
|move|p1a: Empoleon|Scald|p2a: Ampharos
|-resisted|p2a: Ampharos
|-damage|p2a: Ampharos|261\/354
|
|-heal|p1a: Empoleon|353\/372|[from] item: Leftovers
|turn|19
|
|switch|p1a: Florges|Florges, F|305\/360
|move|p2a: Ampharos|Volt Switch|p1a: Florges
|-damage|p1a: Florges|197\/360
|
|switch|p2a: Escavalier|Escavalier, F|257\/324
|
|-heal|p1a: Florges|219\/360|[from] item: Leftovers
|turn|20
|
|move|p1a: Florges|Protect|p1a: Florges
|-singleturn|p1a: Florges|Protect
|move|p2a: Escavalier|Iron Head|p1a: Florges
|-activate|p1a: Florges|Protect
|
|-heal|p1a: Florges|241\/360|[from] item: Leftovers
|turn|21
|
|switch|p1a: Empoleon|Empoleon, M|353\/372
|move|p2a: Escavalier|Iron Head|p1a: Empoleon
|-resisted|p1a: Empoleon
|-damage|p1a: Empoleon|309\/372
|
|-heal|p1a: Empoleon|332\/372|[from] item: Leftovers
|turn|22
|
|switch|p2a: Ampharos|Ampharos-Mega, M|261\/354
|-ability|p2a: Ampharos|Mold Breaker
|move|p1a: Empoleon|Stealth Rock|p2a: Ampharos
|-sidestart|p2: LiberalLucario|move: Stealth Rock
|
|-heal|p1a: Empoleon|355\/372|[from] item: Leftovers
|turn|23
|
|switch|p1a: Chesnaught|Chesnaught, M|297\/380
|move|p2a: Ampharos|Volt Switch|p1a: Chesnaught
|-resisted|p1a: Chesnaught
|-damage|p1a: Chesnaught|189\/380
|
|switch|p2a: Reuniclus|Reuniclus, M|424\/424
|
|-heal|p1a: Chesnaught|212\/380|[from] item: Leftovers
|turn|24
|
|switch|p1a: Hydreigon|Hydreigon, F|326\/326
|move|p2a: Reuniclus|Calm Mind|p2a: Reuniclus
|-boost|p2a: Reuniclus|spa|1
|-boost|p2a: Reuniclus|spd|1
|
|turn|25
|
|move|p1a: Hydreigon|Dark Pulse|p2a: Reuniclus
|-supereffective|p2a: Reuniclus
|-damage|p2a: Reuniclus|230\/424
|move|p2a: Reuniclus|Focus Blast|p1a: Hydreigon
|-supereffective|p1a: Hydreigon
|-damage|p1a: Hydreigon|0 fnt
|faint|p1a: Hydreigon
|
|-heal|p2a: Reuniclus|256\/424|[from] item: Leftovers
|
|switch|p1a: Mienshao|Mienshao, M|112\/271
|turn|26
|
|switch|p2a: Crobat|Crobat, M|337\/373
|-damage|p2a: Crobat|244\/373|[from] Stealth Rock
|move|p1a: Mienshao|Knock Off|p2a: Crobat
|-damage|p2a: Crobat|128\/373
|-damage|p1a: Mienshao|85\/271|[from] item: Life Orb
|
|turn|27
|
|switch|p1a: Empoleon|Empoleon, M|355\/372
|move|p2a: Crobat|Roost|p2a: Crobat
|-heal|p2a: Crobat|315\/373
|
|-heal|p1a: Empoleon|372\/372|[from] item: Leftovers
|turn|28
|
|move|p2a: Crobat|U-turn|p1a: Empoleon
|-resisted|p1a: Empoleon
|-damage|p1a: Empoleon|342\/372
|
|switch|p2a: Reuniclus|Reuniclus, M|256\/424
|move|p1a: Empoleon|Scald|p2a: Reuniclus
|-damage|p2a: Reuniclus|141\/424
|-status|p2a: Reuniclus|brn
|
|-heal|p1a: Empoleon|365\/372|[from] item: Leftovers
|-heal|p2a: Reuniclus|167\/424 brn|[from] item: Leftovers
|turn|29
|
|switch|p1a: Florges|Florges, F|241\/360
|move|p2a: Reuniclus|Recover|p2a: Reuniclus
|-heal|p2a: Reuniclus|379\/424 brn
|
|-heal|p1a: Florges|263\/360|[from] item: Leftovers
|-heal|p2a: Reuniclus|405\/424 brn|[from] item: Leftovers
|turn|30
|
|move|p1a: Florges|Wish|p1a: Florges
|move|p2a: Reuniclus|Calm Mind|p2a: Reuniclus
|-boost|p2a: Reuniclus|spa|1
|-boost|p2a: Reuniclus|spd|1
|
|-heal|p1a: Florges|285\/360|[from] item: Leftovers
|-heal|p2a: Reuniclus|424\/424 brn|[from] item: Leftovers
|turn|31
|
|switch|p1a: Rotom-Heat|Rotom-Heat|127\/241
|move|p2a: Reuniclus|Psyshock|p1a: Rotom-Heat
|-damage|p1a: Rotom-Heat|0 fnt
|faint|p1a: Rotom-Heat
|
|
|switch|p1a: Empoleon|Empoleon, M|365\/372
|turn|32
|
|move|p2a: Reuniclus|Focus Blast|p1a: Empoleon|[miss]
|-miss|p2a: Reuniclus|p1a: Empoleon
|move|p1a: Empoleon|Roar|p2a: Reuniclus
|drag|p2a: Escavalier|Escavalier, F|257\/324
|-damage|p2a: Escavalier|217\/324|[from] Stealth Rock
|
|-heal|p1a: Empoleon|372\/372|[from] item: Leftovers
|turn|33
|
|switch|p1a: Mienshao|Mienshao, M|175\/271
|move|p2a: Escavalier|Knock Off|p1a: Mienshao
|-resisted|p1a: Mienshao
|-damage|p1a: Mienshao|84\/271
|-enditem|p1a: Mienshao|Life Orb|[from] move: Knock Off|[of] p2a: Escavalier
|
|turn|34
|
|move|p1a: Mienshao|Fake Out|p2a: Escavalier
|-resisted|p2a: Escavalier
|-damage|p2a: Escavalier|194\/324
|cant|p2a: Escavalier|flinch
|
|turn|35
|
|move|p1a: Mienshao|U-turn|p2a: Escavalier
|-resisted|p2a: Escavalier
|-damage|p2a: Escavalier|158\/324
|
|switch|p1a: Chesnaught|Chesnaught, M|212\/380
|move|p2a: Escavalier|Iron Head|p1a: Chesnaught
|-damage|p1a: Chesnaught|103\/380
|
|-heal|p1a: Chesnaught|126\/380|[from] item: Leftovers
|turn|36
|
|switch|p2a: Reuniclus|Reuniclus, M|424\/424 brn
|move|p1a: Chesnaught|Synthesis|p1a: Chesnaught
|-heal|p1a: Chesnaught|316\/380
|
|-heal|p1a: Chesnaught|339\/380|[from] item: Leftovers
|turn|37
|-message|Cartographer Wes forfeited.
|leave|Cartographer Wes
|
|win|LiberalLucario
|raw|Ladder updating...
|player|p1
|raw|Cartographer Wes's rating: 1346 &rarr; <strong>1329<\/strong><br \/>(-17 for losing)
|raw|LiberalLucario's rating: 1396 &rarr; <strong>1413<\/strong><br \/>(+17 for winning)