|join|LiberalLucario
|join|BarbatimHatesKappa
|player|p1|LiberalLucario|290
|player|p2|BarbatimHatesKappa|65
|gametype|singles
|gen|6
|tier|UU
|rated
|rule|Sleep Clause Mod: Limit one foe put to sleep
|rule|Species Clause: Limit one of each Pokémon
|rule|OHKO Clause: OHKO moves are banned
|rule|Moody Clause: Moody is banned
|rule|Evasion Moves Clause: Evasion moves are banned
|rule|Endless Battle Clause: Forcing endless battles is banned
|rule|HP Percentage Mod: HP is shown in percentages
|clearpoke
|poke|p1|Sigilyph, M
|poke|p1|Krookodile, M
|poke|p1|Whimsicott, F
|poke|p1|Tentacruel, F
|poke|p1|Jirachi
|poke|p1|Ampharos, M
|poke|p2|Arcanine, F
|poke|p2|Crobat, F
|poke|p2|Serperior, F
|poke|p2|Nidoqueen, F
|poke|p2|Absol, F
|poke|p2|Milotic, M
|rule|Swagger Clause: Swagger is banned
|rule|Baton Pass Clause: Limit one Pokémon knowing Baton Pass
|teampreview
|
|start
|switch|p1a: Krookodile|Krookodile, M|331\/331
|switch|p2a: Edelweiss|Nidoqueen, F|364\/364
|-ability|p1a: Krookodile|Intimidate|[of] p2a: Edelweiss
|-unboost|p2a: Edelweiss|atk|1
|turn|1
|
|switch|p2a: Crobat|Crobat, F|373\/373
|move|p1a: Krookodile|Stealth Rock|p2a: Crobat
|-sidestart|p2: BarbatimHatesKappa|move: Stealth Rock
|
|turn|2
|
|move|p2a: Crobat|Defog|p1a: Krookodile
|-unboost|p1a: Krookodile|evasion|1
|-sideend|p2: BarbatimHatesKappa|Stealth Rock|[from] move: Defog|[of] p2a: Crobat
|move|p1a: Krookodile|Knock Off|p2a: Crobat
|-damage|p2a: Crobat|192\/373
|-enditem|p2a: Crobat|Black Sludge|[from] move: Knock Off|[of] p1a: Krookodile
|
|turn|3
|
|move|p2a: Crobat|U-turn|p1a: Krookodile
|-supereffective|p1a: Krookodile
|-damage|p1a: Krookodile|207\/331
|
|switch|p2a: Potimax|Arcanine, F|384\/384
|-ability|p2a: Potimax|Intimidate|[of] p1a: Krookodile
|-unboost|p1a: Krookodile|atk|1
|move|p1a: Krookodile|Stealth Rock|p2a: Potimax
|-sidestart|p2: BarbatimHatesKappa|move: Stealth Rock
|
|-heal|p1a: Krookodile|227\/331|[from] item: Leftovers
|turn|4
|
|switch|p1a: Tentacruel|Tentacruel, F|364\/364
|move|p2a: Potimax|Will-O-Wisp|p1a: Tentacruel
|-status|p1a: Tentacruel|brn
|
|-damage|p1a: Tentacruel|319\/364 brn|[from] brn
|turn|5
|
|switch|p2a: Milotic|Milotic, M|394\/394
|-damage|p2a: Milotic|345\/394|[from] Stealth Rock
|move|p1a: Tentacruel|Scald|p2a: Milotic
|-resisted|p2a: Milotic
|-damage|p2a: Milotic|318\/394
|-status|p2a: Milotic|brn
|
|-heal|p1a: Tentacruel|341\/364 brn|[from] item: Leftovers
|-heal|p2a: Milotic|342\/394 brn|[from] item: Leftovers
|-damage|p1a: Tentacruel|296\/364 brn|[from] brn
|-damage|p2a: Milotic|293\/394 brn|[from] brn
|turn|6
|
|move|p1a: Tentacruel|Toxic Spikes|p2a: Milotic
|-sidestart|p2: BarbatimHatesKappa|move: Toxic Spikes
|move|p2a: Milotic|Scald|p1a: Tentacruel
|-resisted|p1a: Tentacruel
|-damage|p1a: Tentacruel|257\/364 brn
|
|-heal|p1a: Tentacruel|279\/364 brn|[from] item: Leftovers
|-heal|p2a: Milotic|317\/394 brn|[from] item: Leftovers
|-damage|p1a: Tentacruel|234\/364 brn|[from] brn
|-damage|p2a: Milotic|268\/394 brn|[from] brn
|turn|7
|
|switch|p1a: Sigilyph|Sigilyph, M|285\/285
|switch|p2a: Crobat|Crobat, F|192\/373
|-damage|p2a: Crobat|99\/373|[from] Stealth Rock
|
|turn|8
|
|move|p2a: Crobat|Defog|p1a: Sigilyph
|-unboost|p1a: Sigilyph|evasion|1
|-sideend|p2: BarbatimHatesKappa|Toxic Spikes|[from] move: Defog|[of] p2a: Crobat
|-sideend|p2: BarbatimHatesKappa|Stealth Rock|[from] move: Defog|[of] p2a: Crobat
|move|p1a: Sigilyph|Psyshock|p2a: Crobat
|-supereffective|p2a: Crobat
|-damage|p2a: Crobat|0 fnt
|faint|p2a: Crobat
|
|
|switch|p2a: Edelweiss|Nidoqueen, F|364\/364
|turn|9
|
|move|p1a: Sigilyph|Calm Mind|p1a: Sigilyph
|-boost|p1a: Sigilyph|spa|1
|-boost|p1a: Sigilyph|spd|1
|move|p2a: Edelweiss|Ice Beam|p1a: Sigilyph
|-supereffective|p1a: Sigilyph
|-damage|p1a: Sigilyph|80\/285
|
|turn|10
|
|switch|p2a: Absol|Absol, F|271\/271
|move|p1a: Sigilyph|Psyshock|p2a: Absol
|-immune|p2a: Absol|[msg]
|
|turn|11
|
|switch|p1a: Ampharos|Ampharos, M|369\/369
|detailschange|p2a: Absol|Absol-Mega, F
|-mega|p2a: Absol|Absol|Absolite
|move|p2a: Absol|Knock Off|p1a: Ampharos
|-damage|p1a: Ampharos|216\/369
|-status|p2a: Absol|par
|
|turn|12
|
|switch|p2a: Rangu|Serperior, F|291\/291
|detailschange|p1a: Ampharos|Ampharos-Mega, M
|-mega|p1a: Ampharos|Ampharos|Ampharosite
|-ability|p1a: Ampharos|Mold Breaker
|move|p1a: Ampharos|Dragon Pulse|p2a: Rangu
|-damage|p2a: Rangu|75\/291
|
|-heal|p2a: Rangu|93\/291|[from] item: Leftovers
|turn|13
|
|switch|p1a: Jirachi|Jirachi|341\/341
|move|p2a: Rangu|Leaf Storm|p1a: Jirachi
|-resisted|p1a: Jirachi
|-damage|p1a: Jirachi|257\/341
|-boost|p2a: Rangu|spa|2
|
|-heal|p2a: Rangu|111\/291|[from] item: Leftovers
|turn|14
|
|switch|p2a: Potimax|Arcanine, F|384\/384
|-ability|p2a: Potimax|Intimidate|[of] p1a: Jirachi
|-unboost|p1a: Jirachi|atk|1
|move|p1a: Jirachi|U-turn|p2a: Potimax
|-resisted|p2a: Potimax
|-damage|p2a: Potimax|363\/384
|-damage|p1a: Jirachi|201\/341|[from] item: Rocky Helmet|[of] p2a: Potimax
|
|switch|p1a: Sigilyph|Sigilyph, M|80\/285
|
|turn|15
|
|move|p1a: Sigilyph|Roost|p1a: Sigilyph
|-heal|p1a: Sigilyph|223\/285
|move|p2a: Potimax|Flare Blitz|p1a: Sigilyph
|-damage|p1a: Sigilyph|39\/285
|-damage|p2a: Potimax|302\/384|[from] recoil|[of] p1a: Sigilyph
|
|turn|16
|
|switch|p1a: Tentacruel|Tentacruel, F|234\/364 brn
|move|p2a: Potimax|Flare Blitz|p1a: Tentacruel
|-resisted|p1a: Tentacruel
|-damage|p1a: Tentacruel|161\/364 brn
|-damage|p2a: Potimax|278\/384|[from] recoil|[of] p1a: Tentacruel
|
|-heal|p1a: Tentacruel|183\/364 brn|[from] item: Leftovers
|-damage|p1a: Tentacruel|138\/364 brn|[from] brn
|turn|17
|
|switch|p2a: Milotic|Milotic, M|268\/394 brn
|move|p1a: Tentacruel|Scald|p2a: Milotic
|-resisted|p2a: Milotic
|-damage|p2a: Milotic|241\/394 brn
|
|-heal|p1a: Tentacruel|160\/364 brn|[from] item: Leftovers
|-heal|p2a: Milotic|265\/394 brn|[from] item: Leftovers
|-damage|p1a: Tentacruel|115\/364 brn|[from] brn
|-damage|p2a: Milotic|216\/394 brn|[from] brn
|turn|18
|
|move|p1a: Tentacruel|Toxic Spikes|p2a: Milotic
|-sidestart|p2: BarbatimHatesKappa|move: Toxic Spikes
|move|p2a: Milotic|Recover|p2a: Milotic
|-heal|p2a: Milotic|394\/394 brn
|
|-heal|p1a: Tentacruel|137\/364 brn|[from] item: Leftovers
|-damage|p1a: Tentacruel|92\/364 brn|[from] brn
|-damage|p2a: Milotic|345\/394 brn|[from] brn
|turn|19
|
|switch|p1a: Sigilyph|Sigilyph, M|39\/285
|move|p2a: Milotic|Scald|p1a: Sigilyph
|-damage|p1a: Sigilyph|0 fnt
|faint|p1a: Sigilyph
|
|-heal|p2a: Milotic|369\/394 brn|[from] item: Leftovers
|-damage|p2a: Milotic|320\/394 brn|[from] brn
|
|switch|p1a: Ampharos|Ampharos-Mega, M|216\/369
|-ability|p1a: Ampharos|Mold Breaker
|turn|20
|
|move|p2a: Milotic|Ice Beam|p1a: Ampharos
|-supereffective|p1a: Ampharos
|-damage|p1a: Ampharos|80\/369
|move|p1a: Ampharos|Dragon Pulse|p2a: Milotic
|-damage|p2a: Milotic|176\/394 brn
|
|-heal|p2a: Milotic|200\/394 brn|[from] item: Leftovers
|-damage|p2a: Milotic|151\/394 brn|[from] brn
|turn|21
|
|move|p2a: Milotic|Ice Beam|p1a: Ampharos
|-supereffective|p1a: Ampharos
|-damage|p1a: Ampharos|0 fnt
|faint|p1a: Ampharos
|
|-heal|p2a: Milotic|175\/394 brn|[from] item: Leftovers
|-damage|p2a: Milotic|126\/394 brn|[from] brn
|
|switch|p1a: Whimsicott|Whimsicott, F|261\/261
|turn|22
|
|move|p1a: Whimsicott|Giga Drain|p2a: Milotic
|-supereffective|p2a: Milotic
|-damage|p2a: Milotic|0 fnt
|faint|p2a: Milotic
|
|
|switch|p2a: Edelweiss|Nidoqueen, F|364\/364
|-sideend|p2: BarbatimHatesKappa|move: Toxic Spikes|[of] p2a: Edelweiss
|turn|23
|
|move|p1a: Whimsicott|U-turn|p2a: Edelweiss
|-resisted|p2a: Edelweiss
|-damage|p2a: Edelweiss|344\/364
|
|switch|p1a: Tentacruel|Tentacruel, F|92\/364 brn
|move|p2a: Edelweiss|Stealth Rock|p1a: Tentacruel
|-sidestart|p1: LiberalLucario|move: Stealth Rock
|
|-heal|p1a: Tentacruel|114\/364 brn|[from] item: Leftovers
|-damage|p1a: Tentacruel|69\/364 brn|[from] brn
|turn|24
|
|move|p1a: Tentacruel|Rapid Spin|p2a: Edelweiss
|-damage|p2a: Edelweiss|337\/364
|-sideend|p1: LiberalLucario|Stealth Rock|[from] move: Rapid Spin|[of] p1a: Tentacruel
|move|p2a: Edelweiss|Earth Power|p1a: Tentacruel
|-supereffective|p1a: Tentacruel
|-damage|p1a: Tentacruel|0 fnt
|faint|p1a: Tentacruel
|
|
|switch|p1a: Krookodile|Krookodile, M|227\/331
|-ability|p1a: Krookodile|Intimidate|[of] p2a: Edelweiss
|-unboost|p2a: Edelweiss|atk|1
|turn|25
|
|switch|p2a: Rangu|Serperior, F|111\/291
|move|p1a: Krookodile|Earthquake|p2a: Rangu
|-resisted|p2a: Rangu
|-damage|p2a: Rangu|27\/291
|
|-heal|p2a: Rangu|45\/291|[from] item: Leftovers
|-heal|p1a: Krookodile|247\/331|[from] item: Leftovers
|turn|26
|
|switch|p1a: Jirachi|Jirachi|201\/341
|move|p2a: Rangu|Leaf Storm|p1a: Jirachi
|-resisted|p1a: Jirachi
|-damage|p1a: Jirachi|120\/341
|-boost|p2a: Rangu|spa|2
|
|-heal|p2a: Rangu|63\/291|[from] item: Leftovers
|turn|27
|
|switch|p2a: Potimax|Arcanine, F|278\/384
|-ability|p2a: Potimax|Intimidate|[of] p1a: Jirachi
|-unboost|p1a: Jirachi|atk|1
|move|p1a: Jirachi|U-turn|p2a: Potimax
|-resisted|p2a: Potimax
|-damage|p2a: Potimax|260\/384
|-damage|p1a: Jirachi|64\/341|[from] item: Rocky Helmet|[of] p2a: Potimax
|join|Flashsearch Week
|
|switch|p1a: Krookodile|Krookodile, M|247\/331
|-ability|p1a: Krookodile|Intimidate|[of] p2a: Potimax
|-unboost|p2a: Potimax|atk|1
|
|-heal|p1a: Krookodile|267\/331|[from] item: Leftovers
|turn|28
|join|Uniterflash
|c| Uniterflash|hello
|
|switch|p2a: Absol|Absol-Mega, F|271\/271 par
|move|p1a: Krookodile|Earthquake|p2a: Absol
|-damage|p2a: Absol|28\/271 par
|
|-heal|p1a: Krookodile|287\/331|[from] item: Leftovers
|turn|29
|
|move|p2a: Absol|Sucker Punch|p1a: Krookodile
|-resisted|p1a: Krookodile
|-damage|p1a: Krookodile|186\/331
|move|p1a: Krookodile|Earthquake|p2a: Absol
|-damage|p2a: Absol|0 fnt
|faint|p2a: Absol
|
|-heal|p1a: Krookodile|206\/331|[from] item: Leftovers
|
|switch|p2a: Rangu|Serperior, F|63\/291
|turn|30
|
|switch|p1a: Whimsicott|Whimsicott, F|261\/261
|move|p2a: Rangu|Leaf Storm|p1a: Whimsicott
|-resisted|p1a: Whimsicott
|-damage|p1a: Whimsicott|156\/261
|-boost|p2a: Rangu|spa|2
|
|-heal|p1a: Whimsicott|172\/261|[from] item: Leftovers
|-heal|p2a: Rangu|81\/291|[from] item: Leftovers
|turn|31
|
|switch|p2a: Edelweiss|Nidoqueen, F|337\/364
|move|p1a: Whimsicott|Moonblast|p2a: Edelweiss
|-resisted|p2a: Edelweiss
|-damage|p2a: Edelweiss|272\/364
|
|-heal|p1a: Whimsicott|188\/261|[from] item: Leftovers
|turn|32
|
|move|p1a: Whimsicott|Giga Drain|p2a: Edelweiss
|-damage|p2a: Edelweiss|164\/364
|-heal|p1a: Whimsicott|242\/261|[from] drain|[of] p2a: Edelweiss
|move|p2a: Edelweiss|Ice Beam|p1a: Whimsicott
|-supereffective|p1a: Whimsicott
|-damage|p1a: Whimsicott|0 fnt
|faint|p1a: Whimsicott
|
|
|switch|p1a: Krookodile|Krookodile, M|206\/331
|-ability|p1a: Krookodile|Intimidate|[of] p2a: Edelweiss
|-unboost|p2a: Edelweiss|atk|1
|turn|33
|
|move|p1a: Krookodile|Knock Off|p2a: Edelweiss
|-damage|p2a: Edelweiss|0 fnt
|-enditem|p2a: Edelweiss|Life Orb|[from] move: Knock Off|[of] p1a: Krookodile
|faint|p2a: Edelweiss
|
|-heal|p1a: Krookodile|226\/331|[from] item: Leftovers
|
|switch|p2a: Rangu|Serperior, F|81\/291
|turn|34
|
|move|p2a: Rangu|Substitute|p2a: Rangu
|-start|p2a: Rangu|Substitute
|-damage|p2a: Rangu|9\/291
|move|p1a: Krookodile|Knock Off|p2a: Rangu
|-end|p2a: Rangu|Substitute
|
|-heal|p2a: Rangu|27\/291|[from] item: Leftovers
|-heal|p1a: Krookodile|246\/331|[from] item: Leftovers
|turn|35
|c| Uniterflash|pssssssst
|
|move|p2a: Rangu|Leaf Storm|p1a: Krookodile
|-crit|p1a: Krookodile
|-supereffective|p1a: Krookodile
|-damage|p1a: Krookodile|0 fnt
|-boost|p2a: Rangu|spa|2
|faint|p1a: Krookodile
|
|-heal|p2a: Rangu|45\/291|[from] item: Leftovers
|c| Uniterflash|hi libluc
|
|switch|p1a: Jirachi|Jirachi|64\/341
|turn|36
|
|move|p1a: Jirachi|Trick|p2a: Rangu
|-activate|p1a: Jirachi|move: Trick|[of] p2a: Rangu
|-item|p2a: Rangu|Choice Scarf|[from] move: Trick
|-item|p1a: Jirachi|Leftovers|[from] move: Trick
|move|p2a: Rangu|Hidden Power|p1a: Jirachi
|-supereffective|p1a: Jirachi
|-damage|p1a: Jirachi|0 fnt
|faint|p1a: Jirachi
|
|win|BarbatimHatesKappa
|raw|Ladder updating...
|c|★BarbatimHatesKappa|gg
|leave|LiberalLucario
|player|p1
|raw|LiberalLucario's rating: 1361 &rarr; <strong>1335<\/strong><br \/>(-26 for losing)
|raw|BarbatimHatesKappa's rating: 1252 &rarr; <strong>1285<\/strong><br \/>(+33 for winning)