|join|LiberalLucario
|join|thfcspur
|player|p1|LiberalLucario|134
|player|p2|thfcspur|102
|gametype|singles
|gen|6
|tier|UU
|rated
|rule|Sleep Clause Mod: Limit one foe put to sleep
|rule|Species Clause: Limit one of each Pokémon
|rule|OHKO Clause: OHKO moves are banned
|rule|Moody Clause: Moody is banned
|rule|Evasion Moves Clause: Evasion moves are banned
|rule|Endless Battle Clause: Forcing endless battles is banned
|rule|HP Percentage Mod: HP is shown in percentages
|clearpoke
|poke|p1|Hydreigon, F
|poke|p1|Doublade, F
|poke|p1|Vaporeon, F
|poke|p1|Camerupt, M, shiny
|poke|p1|Whimsicott, M
|poke|p1|Toxicroak, M
|poke|p2|Swampert, M
|poke|p2|Amoonguss, F
|poke|p2|Blastoise, M
|poke|p2|Goodra, F
|poke|p2|Noivern, F
|poke|p2|Raikou, shiny
|rule|Swagger Clause: Swagger is banned
|rule|Baton Pass Clause: Limit one Pokémon knowing Baton Pass
|teampreview
|join|xShiba
|join|Snowballin
|leave|xShiba
|c| Snowballin|o
|
|start
|switch|p1a: LessThanThreeMan|Camerupt, M, shiny|343\/343
|switch|p2a: Amoonguss|Amoonguss, F|432\/432
|turn|1
|c| Snowballin|Noivern bout to drop a mixtape on you
|c| Snowballin|lel
|c|★LiberalLucario|o-ok
|
|switch|p2a: Swampert|Swampert, M|342\/342
|detailschange|p1a: LessThanThreeMan|Camerupt-Mega, M, shiny
|-mega|p1a: LessThanThreeMan|Camerupt|Cameruptite
|move|p1a: LessThanThreeMan|Stealth Rock|p2a: Swampert
|-sidestart|p2: thfcspur|move: Stealth Rock
|
|turn|2
|c| Snowballin|ey
|
|switch|p1a: dodmen|Whimsicott, M|261\/261
|detailschange|p2a: Swampert|Swampert-Mega, M
|-mega|p2a: Swampert|Swampert|Swampertite
|move|p2a: Swampert|Stealth Rock|p1a: dodmen
|-sidestart|p1: LiberalLucario|move: Stealth Rock
|
|turn|3
|c| Snowballin|That nickname is wrong
|c|★LiberalLucario|?
|c| Snowballin|do !dt camerupt mega
|
|switch|p2a: Amoonguss|Amoonguss, F|432\/432
|-damage|p2a: Amoonguss|378\/432|[from] Stealth Rock
|move|p1a: dodmen|U-turn|p2a: Amoonguss
|-damage|p2a: Amoonguss|341\/432
|c|★LiberalLucario|why
|c|★LiberalLucario|!dt camerupt-mega
|c|~|\/data-pokemon Camerupt-Mega
|raw|<font size="1"><font color=#585858>Dex#:<\/font> 323&nbsp;|&ThickSpace;<font color=#585858>Height:<\/font> 2.5 m&nbsp;|&ThickSpace;<font color=#585858>Weight:<\/font> 320.5 kg <em>(120 BP)<\/em>&nbsp;|&ThickSpace;<font color=#585858>Dex Colour:<\/font> Red&nbsp;|&ThickSpace;<font color=#585858>Egg Group(s):<\/font> Field&nbsp;|&ThickSpace;<font color=#585858><font color=#585858>Does Not Evolve<\/font><\/font><\/font>
|c| Snowballin|Camerupt is more than 3 man
|c| Snowballin|look at that weight.
|c|★LiberalLucario|lol,,
|
|switch|p1a: Meruu|Hydreigon, F|388\/388
|-damage|p1a: Meruu|340\/388|[from] Stealth Rock
|
|-heal|p1a: Meruu|364\/388|[from] item: Leftovers
|turn|4
|
|switch|p2a: Goodra|Goodra, F|384\/384
|-damage|p2a: Goodra|336\/384|[from] Stealth Rock
|move|p1a: Meruu|Taunt|p2a: Goodra
|-start|p2a: Goodra|move: Taunt
|
|-heal|p1a: Meruu|388\/388|[from] item: Leftovers
|turn|5
|
|switch|p1a: King UU|Vaporeon, F|451\/451
|-damage|p1a: King UU|395\/451|[from] Stealth Rock
|switch|p2a: Blastoise|Blastoise, M|362\/362
|-damage|p2a: Blastoise|317\/362|[from] Stealth Rock
|
|-heal|p2a: Blastoise|339\/362|[from] item: Leftovers
|-heal|p1a: King UU|423\/451|[from] item: Leftovers
|turn|6
|
|move|p2a: Blastoise|Rain Dance|p2a: Blastoise
|-weather|RainDance
|move|p1a: King UU|Scald|p2a: Blastoise
|-resisted|p2a: Blastoise
|-damage|p2a: Blastoise|264\/362
|-status|p2a: Blastoise|brn
|
|-weather|RainDance|[upkeep]
|-heal|p2a: Blastoise|286\/362 brn|[from] ability: Rain Dish
|-heal|p2a: Blastoise|308\/362 brn|[from] item: Leftovers
|-heal|p1a: King UU|451\/451|[from] item: Leftovers
|-damage|p2a: Blastoise|263\/362 brn|[from] brn
|turn|7
|
|move|p2a: Blastoise|Rapid Spin|p1a: King UU
|-crit|p1a: King UU
|-damage|p1a: King UU|440\/451
|-sideend|p2: thfcspur|Stealth Rock|[from] move: Rapid Spin|[of] p2a: Blastoise
|move|p1a: King UU|Scald|p2a: Blastoise
|-resisted|p2a: Blastoise
|-damage|p2a: Blastoise|186\/362 brn
|
|-weather|RainDance|[upkeep]
|-heal|p2a: Blastoise|208\/362 brn|[from] ability: Rain Dish
|-heal|p2a: Blastoise|230\/362 brn|[from] item: Leftovers
|-heal|p1a: King UU|451\/451|[from] item: Leftovers
|-damage|p2a: Blastoise|185\/362 brn|[from] brn
|turn|8
|c|★LiberalLucario|topkek
|
|switch|p2a: Goodra|Goodra, F|336\/384
|move|p1a: King UU|Scald|p2a: Goodra
|-resisted|p2a: Goodra
|-damage|p2a: Goodra|287\/384
|
|-weather|RainDance|[upkeep]
|turn|9
|
|move|p2a: Goodra|Thunder|p1a: King UU
|-supereffective|p1a: King UU
|-damage|p1a: King UU|261\/451
|-status|p1a: King UU|par
|cant|p1a: King UU|par
|
|-weather|RainDance|[upkeep]
|-heal|p1a: King UU|289\/451 par|[from] item: Leftovers
|turn|10
|c|★LiberalLucario|,,
|
|switch|p2a: Amoonguss|Amoonguss, F|432\/432
|cant|p1a: King UU|par
|
|-weather|none
|-heal|p1a: King UU|317\/451 par|[from] item: Leftovers
|turn|11
|
|switch|p1a: LessThanThreeMan|Camerupt-Mega, M, shiny|343\/343
|-damage|p1a: LessThanThreeMan|301\/343|[from] Stealth Rock
|move|p2a: Amoonguss|Rain Dance|p2a: Amoonguss
|-weather|RainDance
|
|-weather|RainDance|[upkeep]
|turn|12
|
|switch|p2a: Swampert|Swampert-Mega, M|342\/342
|move|p1a: LessThanThreeMan|Stealth Rock|p2a: Swampert
|-sidestart|p2: thfcspur|move: Stealth Rock
|
|-weather|RainDance|[upkeep]
|turn|13
|c|★thfcspur|EQ or waterfall
|c|★thfcspur|hmmmm
|
|switch|p1a: Meruu|Hydreigon, F|388\/388
|-damage|p1a: Meruu|340\/388|[from] Stealth Rock
|move|p2a: Swampert|Ice Punch|p1a: Meruu
|-supereffective|p1a: Meruu
|-damage|p1a: Meruu|106\/388
|-status|p1a: Meruu|frz
|
|-weather|RainDance|[upkeep]
|-heal|p1a: Meruu|130\/388 frz|[from] item: Leftovers
|turn|14
|c|★LiberalLucario|nice freezes mate
|c| Snowballin|lefties
|c|★LiberalLucario|yes
|c| Snowballin|stallbreak?
|c|★LiberalLucario|yes
|
|switch|p1a: King UU|Vaporeon, F|317\/451 par
|-damage|p1a: King UU|261\/451 par|[from] Stealth Rock
|move|p2a: Swampert|Ice Punch|p1a: King UU
|-resisted|p1a: King UU
|-damage|p1a: King UU|205\/451 par
|
|-weather|RainDance|[upkeep]
|-heal|p1a: King UU|233\/451 par|[from] item: Leftovers
|turn|15
|c| Snowballin|cool
|
|switch|p2a: Raikou|Raikou, shiny|322\/322
|-damage|p2a: Raikou|282\/322|[from] Stealth Rock
|-ability|p2a: Raikou|Pressure
|move|p1a: King UU|Protect|p1a: King UU
|-fail|p1a: King UU
|
|-weather|RainDance|[upkeep]
|-heal|p1a: King UU|261\/451 par|[from] item: Leftovers
|turn|16
|
|switch|p1a: LessThanThreeMan|Camerupt-Mega, M, shiny|301\/343
|-damage|p1a: LessThanThreeMan|259\/343|[from] Stealth Rock
|move|p2a: Raikou|Volt Switch|p1a: LessThanThreeMan
|-immune|p1a: LessThanThreeMan|[msg]
|
|-weather|RainDance|[upkeep]
|turn|17
|
|switch|p2a: Noivern|Noivern, F|312\/312
|-damage|p2a: Noivern|234\/312|[from] Stealth Rock
|move|p1a: LessThanThreeMan|Will-O-Wisp|p2a: Noivern
|-status|p2a: Noivern|brn
|
|-weather|RainDance|[upkeep]
|-damage|p2a: Noivern|195\/312 brn|[from] brn
|turn|18
|
|switch|p1a: dingbat|Doublade, F|321\/321
|-damage|p1a: dingbat|301\/321|[from] Stealth Rock
|move|p2a: Noivern|Hurricane|p1a: dingbat
|-resisted|p1a: dingbat
|-damage|p1a: dingbat|154\/321
|-start|p1a: dingbat|confusion
|
|-weather|none
|-damage|p2a: Noivern|156\/312 brn|[from] brn
|turn|19
|
|switch|p2a: Amoonguss|Amoonguss, F|432\/432
|-damage|p2a: Amoonguss|378\/432|[from] Stealth Rock
|switch|p1a: King UU|Vaporeon, F|261\/451 par
|-damage|p1a: King UU|205\/451 par|[from] Stealth Rock
|
|-heal|p1a: King UU|233\/451 par|[from] item: Leftovers
|turn|20
|
|move|p2a: Amoonguss|Rain Dance|p2a: Amoonguss
|-weather|RainDance
|move|p1a: King UU|Wish|p1a: King UU
|
|-weather|RainDance|[upkeep]
|-heal|p1a: King UU|261\/451 par|[from] item: Leftovers
|turn|21
|
|switch|p2a: Raikou|Raikou, shiny|282\/322
|-damage|p2a: Raikou|242\/322|[from] Stealth Rock
|-ability|p2a: Raikou|Pressure
|move|p1a: King UU|Heal Bell|p1a: King UU
|-cureteam|p1a: King UU|[from] move: HealBell
|
|-weather|RainDance|[upkeep]
|-heal|p1a: King UU|451\/451|[from] move: Wish|[wisher] King UU
|turn|22
|
|move|p1a: King UU|Protect|p1a: King UU
|-singleturn|p1a: King UU|Protect
|move|p2a: Raikou|Weather Ball|p1a: King UU
|-activate|p1a: King UU|Protect
|
|-weather|RainDance|[upkeep]
|turn|23
|
|switch|p2a: Blastoise|Blastoise, M|185\/362 brn
|-damage|p2a: Blastoise|140\/362 brn|[from] Stealth Rock
|move|p1a: King UU|Wish|p1a: King UU
|
|-weather|RainDance|[upkeep]
|-heal|p2a: Blastoise|162\/362 brn|[from] ability: Rain Dish
|-heal|p2a: Blastoise|184\/362 brn|[from] item: Leftovers
|-damage|p2a: Blastoise|139\/362 brn|[from] brn
|turn|24
|join|Dracp
|c|★LiberalLucario|this nigga actually has a weather ball water type raikou
|
|move|p2a: Blastoise|Scald|p1a: King UU
|-immune|p1a: King UU|[msg]
|move|p1a: King UU|Scald|p2a: Blastoise
|-resisted|p2a: Blastoise
|-damage|p2a: Blastoise|70\/362 brn
|
|-weather|RainDance|[upkeep]
|-heal|p2a: Blastoise|92\/362 brn|[from] ability: Rain Dish
|-heal|p2a: Blastoise|114\/362 brn|[from] item: Leftovers
|-damage|p2a: Blastoise|69\/362 brn|[from] brn
|turn|25
|c| Snowballin|o
|c| Snowballin|LOL
|c| Snowballin|real
|
|move|p2a: Blastoise|Rapid Spin|p1a: King UU
|-damage|p1a: King UU|444\/451
|-sideend|p2: thfcspur|Stealth Rock|[from] move: Rapid Spin|[of] p2a: Blastoise
|move|p1a: King UU|Scald|p2a: Blastoise
|-resisted|p2a: Blastoise
|-damage|p2a: Blastoise|0 fnt
|faint|p2a: Blastoise
|
|-weather|RainDance|[upkeep]
|-heal|p1a: King UU|451\/451|[from] item: Leftovers
|c|★LiberalLucario|the realest you've ever seen
|c|★thfcspur|assuming you were switching for a wish
|c| Dracp|Why dont i see noivern more..
|c|★thfcspur|not gonna let you spin block with doubled and heal
|
|switch|p2a: Noivern|Noivern, F|156\/312 brn
|turn|26
|c|★LiberalLucario|yeah i know what you were doing
|
|switch|p2a: Amoonguss|Amoonguss, F|432\/432
|move|p1a: King UU|Wish|p1a: King UU
|
|-weather|RainDance|[upkeep]
|turn|27
|
|switch|p1a: LessThanThreeMan|Camerupt-Mega, M, shiny|259\/343
|-damage|p1a: LessThanThreeMan|217\/343|[from] Stealth Rock
|move|p2a: Amoonguss|Spore|p1a: LessThanThreeMan
|-status|p1a: LessThanThreeMan|slp
|
|-weather|none
|-heal|p1a: LessThanThreeMan|343\/343 slp|[from] move: Wish|[wisher] King UU
|turn|28
|
|switch|p1a: King UU|Vaporeon, F|451\/451
|-damage|p1a: King UU|395\/451|[from] Stealth Rock
|move|p2a: Amoonguss|Rain Dance|p2a: Amoonguss
|-weather|RainDance
|
|-weather|RainDance|[upkeep]
|-heal|p1a: King UU|423\/451|[from] item: Leftovers
|turn|29
|
|switch|p2a: Swampert|Swampert-Mega, M|342\/342
|move|p1a: King UU|Heal Bell|p1a: King UU
|-cureteam|p1a: King UU|[from] move: HealBell
|
|-weather|RainDance|[upkeep]
|-heal|p1a: King UU|451\/451|[from] item: Leftovers
|turn|30
|
|move|p2a: Swampert|Earthquake|p1a: King UU
|-damage|p1a: King UU|196\/451
|move|p1a: King UU|Scald|p2a: Swampert
|-damage|p2a: Swampert|203\/342
|
|-weather|RainDance|[upkeep]
|-heal|p1a: King UU|224\/451|[from] item: Leftovers
|turn|31
|
|switch|p2a: Goodra|Goodra, F|287\/384
|move|p1a: King UU|Protect|p1a: King UU
|-fail|p1a: King UU
|
|-weather|RainDance|[upkeep]
|-heal|p1a: King UU|252\/451|[from] item: Leftovers
|turn|32
|
|move|p1a: King UU|Protect|p1a: King UU
|-singleturn|p1a: King UU|Protect
|move|p2a: Goodra|Thunder|p1a: King UU
|-activate|p1a: King UU|Protect
|
|-weather|RainDance|[upkeep]
|-heal|p1a: King UU|280\/451|[from] item: Leftovers
|turn|33
|
|move|p2a: Goodra|Thunder|p1a: King UU
|-supereffective|p1a: King UU
|-damage|p1a: King UU|62\/451
|-status|p1a: King UU|par
|move|p1a: King UU|Wish|p1a: King UU
|
|-weather|RainDance|[upkeep]
|-heal|p1a: King UU|90\/451 par|[from] item: Leftovers
|turn|34
|
|switch|p2a: Swampert|Swampert-Mega, M|203\/342
|cant|p1a: King UU|par
|
|-weather|RainDance|[upkeep]
|-heal|p1a: King UU|315\/451 par|[from] move: Wish|[wisher] King UU
|-heal|p1a: King UU|343\/451 par|[from] item: Leftovers
|turn|35
|
|move|p2a: Swampert|Earthquake|p1a: King UU
|-damage|p1a: King UU|91\/451 par
|cant|p1a: King UU|par
|
|-weather|none
|-heal|p1a: King UU|119\/451 par|[from] item: Leftovers
|turn|36
|
|switch|p1a: dodmen|Whimsicott, M|261\/261
|-damage|p1a: dodmen|229\/261|[from] Stealth Rock
|move|p2a: Swampert|Earthquake|p1a: dodmen
|-resisted|p1a: dodmen
|-damage|p1a: dodmen|106\/261
|
|-heal|p1a: dodmen|122\/261|[from] item: Leftovers
|turn|37
|
|switch|p2a: Amoonguss|Amoonguss, F|432\/432
|move|p1a: dodmen|U-turn|p2a: Amoonguss
|-damage|p2a: Amoonguss|398\/432
|
|switch|p1a: Meruu|Hydreigon, F|130\/388
|-damage|p1a: Meruu|82\/388|[from] Stealth Rock
|
|-heal|p1a: Meruu|106\/388|[from] item: Leftovers
|turn|38
|
|switch|p2a: Goodra|Goodra, F|287\/384
|move|p1a: Meruu|Roost|p1a: Meruu
|-heal|p1a: Meruu|300\/388
|
|-heal|p1a: Meruu|324\/388|[from] item: Leftovers
|turn|39
|
|move|p1a: Meruu|Toxic|p2a: Goodra
|-status|p2a: Goodra|tox
|move|p2a: Goodra|Draco Meteor|p1a: Meruu
|-supereffective|p1a: Meruu
|-damage|p1a: Meruu|0 fnt
|-unboost|p2a: Goodra|spa|2
|faint|p1a: Meruu
|
|-damage|p2a: Goodra|263\/384 tox|[from] psn
|
|switch|p1a: hairy toenail|Toxicroak, M|307\/307
|-damage|p1a: hairy toenail|288\/307|[from] Stealth Rock
|turn|40
|
|switch|p2a: Raikou|Raikou, shiny|242\/322
|-ability|p2a: Raikou|Pressure
|move|p1a: hairy toenail|Swords Dance|p1a: hairy toenail
|-boost|p1a: hairy toenail|atk|2
|
|turn|41
|
|move|p1a: hairy toenail|Sucker Punch|p2a: Raikou
|-damage|p2a: Raikou|0 fnt
|-damage|p1a: hairy toenail|258\/307|[from] item: Life Orb
|faint|p2a: Raikou
|
|
|switch|p2a: Goodra|Goodra, F|263\/384 tox
|turn|42
|
|move|p1a: hairy toenail|Drain Punch|p2a: Goodra
|-damage|p2a: Goodra|0 fnt
|-heal|p1a: hairy toenail|307\/307|[from] drain|[of] p2a: Goodra
|-damage|p1a: hairy toenail|277\/307|[from] item: Life Orb
|faint|p2a: Goodra
|
|
|switch|p2a: Amoonguss|Amoonguss, F|432\/432
|turn|43
|
|move|p1a: hairy toenail|Gunk Shot|p2a: Amoonguss
|-damage|p2a: Amoonguss|0 fnt
|-damage|p1a: hairy toenail|247\/307|[from] item: Life Orb
|faint|p2a: Amoonguss
|
|c|★thfcspur|really
|c|★thfcspur|max defense
|
|switch|p2a: Swampert|Swampert-Mega, M|203\/342
|turn|44
|c|★LiberalLucario|yeah
|c|★LiberalLucario|well
|c|★LiberalLucario|that's a 120 bp stab off of 342 attack at +2 life orb
|c| Snowballin|max attack
|c| Snowballin|lel
|c|★LiberalLucario|lol amoonguss isn't living that
|
|move|p1a: hairy toenail|Drain Punch|p2a: Swampert
|-damage|p2a: Swampert|0 fnt
|-heal|p1a: hairy toenail|307\/307|[from] drain|[of] p2a: Swampert
|-damage|p1a: hairy toenail|277\/307|[from] item: Life Orb
|faint|p2a: Swampert
|
|c|★thfcspur|man that bastard is cheap
|
|switch|p2a: Noivern|Noivern, F|156\/312 brn
|turn|45
|c|★LiberalLucario|:]
|
|move|p1a: hairy toenail|Sucker Punch|p2a: Noivern
|-damage|p2a: Noivern|0 fnt
|-damage|p1a: hairy toenail|247\/307|[from] item: Life Orb
|faint|p2a: Noivern
|
|win|LiberalLucario
|raw|Ladder updating...
|raw|LiberalLucario's rating: 1570 &rarr; <strong>1575<\/strong><br \/>(+5 for winning)
|raw|thfcspur's rating: 1247 &rarr; <strong>1240<\/strong><br \/>(-7 for losing)
|c| Snowballin|run doublade if you wanna stop it
|c| Snowballin|:]