|join|Dilou
|join|Vlado Vladimir
|player|p1|Dilou|281
|player|p2|Vlado Vladimir|101
|gametype|singles
|gen|6
|tier|OU
|clearpoke
|poke|p1|Aggron, M
|poke|p1|Heatran, F
|poke|p1|Excadrill, F
|poke|p1|Metagross
|poke|p1|Bisharp, F
|poke|p1|Magnezone
|poke|p2|Magnezone
|poke|p2|Conkeldurr, F
|poke|p2|Heatran, F
|poke|p2|Greninja, F
|poke|p2|Mew
|poke|p2|Lopunny, F
|rule|Swagger Clause: Swagger is banned
|rule|Baton Pass Clause: Limit one Pokémon knowing Baton Pass
|rule|Sleep Clause Mod: Limit one foe put to sleep
|rule|Species Clause: Limit one of each Pokémon
|rule|OHKO Clause: OHKO moves are banned
|rule|Moody Clause: Moody is banned
|rule|Evasion Moves Clause: Evasion moves are banned
|rule|Endless Battle Clause: Forcing endless battles is banned
|rule|HP Percentage Mod: HP is shown in percentages
|teampreview
|c|★Vlado Vladimir|Listo
|c|★Vlado Vladimir|suerte!
|c|★Dilou|igual.
|c|★Dilou|Hm.
|c|★Vlado Vladimir|Wow
|c|★Vlado Vladimir|No tienes a Skarmory
|c|★Vlado Vladimir|Esto si que es un hyperoffensive monotype
|
|start
|switch|p1a: Heatran|Heatran, F|386\/386
|switch|p2a: Lopunny|Lopunny, F|272\/272
|turn|1
|c|★Dilou|Seh, a veces digo que es demasiado ofensivo.
|
|detailschange|p2a: Lopunny|Lopunny-Mega, F
|message|Lopunny has Mega Evolved into Mega Lopunny!
|move|p2a: Lopunny|Fake Out|p1a: Heatran
|-resisted|p1a: Heatran
|-damage|p1a: Heatran|352\/386
|cant|p1a: Heatran|flinch
|
|-heal|p1a: Heatran|376\/386|[from] item: Leftovers
|turn|2
|c|★Vlado Vladimir|Así parece
|
|switch|p2a: Heatran|Heatran, F|375\/375
|-item|p2a: Heatran|Air Balloon
|move|p1a: Heatran|Stealth Rock|p2a: Heatran
|-sidestart|p2: Vlado Vladimir|move: Stealth Rock
|
|-heal|p1a: Heatran|386\/386|[from] item: Leftovers
|turn|3
|c|★Vlado Vladimir|oh
|
|move|p2a: Heatran|Roar|p1a: Heatran
|drag|p1a: Bisharp|Bisharp, F|271\/271
|
|turn|4
|c|★Vlado Vladimir|Olvidé que le quite el preciado earth power
|c|★Vlado Vladimir|Para la regla de sólo un ataque super eficaz al tipo acer
|c|★Vlado Vladimir|*acero
|
|move|p1a: Bisharp|Swords Dance|p1a: Bisharp
|-boost|p1a: Bisharp|atk|2
|move|p2a: Heatran|Lava Plume|p1a: Bisharp
|-supereffective|p1a: Bisharp
|-enditem|p1a: Bisharp|Focus Sash
|-damage|p1a: Bisharp|1\/271
|
|turn|5
|
|move|p1a: Bisharp|Sucker Punch|p2a: Heatran
|-damage|p2a: Heatran|69\/375
|-enditem|p2a: Heatran|Air Balloon
|move|p2a: Heatran|Dark Pulse|p1a: Bisharp
|-resisted|p1a: Bisharp
|-damage|p1a: Bisharp|0 fnt
|faint|p1a: Bisharp
|
|
|switch|p1a: Excadrill|Excadrill, F|362\/362
|-ability|p1a: Excadrill|Mold Breaker
|turn|6
|
|move|p1a: Excadrill|Earthquake|p2a: Heatran
|-supereffective|p2a: Heatran
|-damage|p2a: Heatran|0 fnt
|faint|p2a: Heatran
|
|
|switch|p2a: Conkeldurr|Conkeldurr, F|365\/365
|-damage|p2a: Conkeldurr|343\/365|[from] Stealth Rock
|turn|7
|
|switch|p1a: Metagross|Metagross|302\/302
|move|p2a: Conkeldurr|Drain Punch|p1a: Metagross
|-damage|p1a: Metagross|178\/302
|-heal|p2a: Conkeldurr|365\/365|[from] drain|[of] p1a: Metagross
|
|turn|8
|
|switch|p2a: Mew|Mew|391\/391
|-damage|p2a: Mew|343\/391|[from] Stealth Rock
|detailschange|p1a: Metagross|Metagross-Mega
|message|Metagross has Mega Evolved into Mega Metagross!
|move|p1a: Metagross|Zen Headbutt|p2a: Mew
|-resisted|p2a: Mew
|-damage|p2a: Mew|238\/391
|
|-heal|p2a: Mew|262\/391|[from] item: Leftovers
|turn|9
|
|move|p1a: Metagross|Meteor Mash|p2a: Mew
|-damage|p2a: Mew|13\/391
|-boost|p1a: Metagross|atk|1
|move|p2a: Mew|Will-O-Wisp|p1a: Metagross|[miss]
|-miss|p2a: Mew|p1a: Metagross
|
|-heal|p2a: Mew|37\/391|[from] item: Leftovers
|turn|10
|
|move|p1a: Metagross|Meteor Mash|p2a: Mew
|-damage|p2a: Mew|0 fnt
|faint|p2a: Mew
|
|c|★Dilou|Ufff...
|c|★Vlado Vladimir|:\/
|
|switch|p2a: Magnezone|Magnezone|282\/282
|-damage|p2a: Magnezone|265\/282|[from] Stealth Rock
|turn|11
|
|move|p2a: Magnezone|Volt Switch|p1a: Metagross
|-damage|p1a: Metagross|55\/302
|
|switch|p2a: Greninja|Greninja, F|285\/285
|-damage|p2a: Greninja|250\/285|[from] Stealth Rock
|move|p1a: Metagross|Earthquake|p2a: Greninja
|-damage|p2a: Greninja|0 fnt
|faint|p2a: Greninja
|
|
|switch|p2a: Conkeldurr|Conkeldurr, F|365\/365
|-damage|p2a: Conkeldurr|343\/365|[from] Stealth Rock
|turn|12
|c|★Vlado Vladimir|diablos
|c|★Dilou|Wow.
|c|★Vlado Vladimir|Olvidé que hize lo mismo con Conkel
|c|★Dilou|Me va bastante bien.
|
|move|p1a: Metagross|Zen Headbutt|p2a: Conkeldurr
|-supereffective|p2a: Conkeldurr
|-damage|p2a: Conkeldurr|0 fnt
|faint|p2a: Conkeldurr
|
|
|switch|p2a: Lopunny|Lopunny-Mega, F|272\/272
|-damage|p2a: Lopunny|255\/272|[from] Stealth Rock
|turn|13
|
|move|p2a: Lopunny|Fake Out|p1a: Metagross
|-resisted|p1a: Metagross
|-damage|p1a: Metagross|28\/302
|cant|p1a: Metagross|flinch
|
|turn|14
|
|move|p2a: Lopunny|Return|p1a: Metagross
|-resisted|p1a: Metagross
|-damage|p1a: Metagross|0 fnt
|faint|p1a: Metagross
|
|
|switch|p1a: Aggron|Aggron, M|281\/281
|turn|15
|join|BurritoCat
|
|move|p2a: Lopunny|High Jump Kick|p1a: Aggron
|-crit|p1a: Aggron
|-supereffective|p1a: Aggron
|-enditem|p1a: Aggron|Focus Sash
|-damage|p1a: Aggron|1\/281
|move|p1a: Aggron|Earthquake|p2a: Lopunny
|-damage|p2a: Lopunny|141\/272
|
|turn|16
|c|★Dilou|Burritokato.
|
|move|p2a: Lopunny|Return|p1a: Aggron
|-resisted|p1a: Aggron
|-damage|p1a: Aggron|0 fnt
|faint|p1a: Aggron
|
|
|switch|p1a: Magnezone|Magnezone|282\/282
|turn|17
|c|★Vlado Vladimir|por un momento pensé que usarias counter o metal burst
|c|★Vlado Vladimir|Y que moriría ahi
|c|★Dilou|Seh.
|
|move|p2a: Lopunny|High Jump Kick|p1a: Magnezone
|-supereffective|p1a: Magnezone
|-activate|p1a: Magnezone|Sturdy
|-damage|p1a: Magnezone|1\/282
|move|p1a: Magnezone|Volt Switch|p2a: Lopunny
|-damage|p2a: Lopunny|0 fnt
|faint|p2a: Lopunny
|c|★Dilou|Casi nunca puedo usar eso.
|c|★Vlado Vladimir|Wow
|
|switch|p1a: Excadrill|Excadrill, F|362\/362
|-ability|p1a: Excadrill|Mold Breaker
|
|c|★Vlado Vladimir|por qué Sturdy en vez de magnet pull?
|
|switch|p2a: Magnezone|Magnezone|265\/282
|-damage|p2a: Magnezone|248\/282|[from] Stealth Rock
|turn|18
|c|★Dilou|Porque.
|c|★Vlado Vladimir|Gg
|c|★Vlado Vladimir|I:
|c|★Dilou|Es inutil a mi parecer.
|
|move|p1a: Excadrill|Earthquake|p2a: Magnezone
|-supereffective|p2a: Magnezone
|-damage|p2a: Magnezone|0 fnt
|faint|p2a: Magnezone
|
|win|Dilou
|c|★Vlado Vladimir|Con eso
|c|★Vlado Vladimir|matas Skarms
|c|★Vlado Vladimir|Y
|c|★Dilou|Perfecto juego.
|c|★Vlado Vladimir|Scizors
|c|★Vlado Vladimir|Y
|c|★Dilou|Meh.
|c|★Vlado Vladimir|Ferrothorns
|c|★Dilou|Casi no me los topo
|c|★Vlado Vladimir|hahaha, está bien
|c|★Vlado Vladimir|buen juego
|c|★Vlado Vladimir|No me esperaba algo tan ofensivo
|c|★Vlado Vladimir|Espero encontrarte mañana con un team más preparado
|leave|Vlado Vladimir
|player|p2
|c| BurritoCat|>Mas preparado
|c|★Dilou|Qué te parece Kat?
|c| BurritoCat|kkkk
|c| BurritoCat|Op
|c|★Dilou|No maté con Aggron.
|c|★Dilou|He fallado.
|c| BurritoCat|qq.
|leave|BurritoCat