|join|invert4o
|join|Where Dey At Doe
|player|p1|invert4o|265
|player|p2|Where Dey At Doe|270
|gametype|singles
|gen|6
|tier|OU
|rated
|clearpoke
|poke|p1|Sableye, F
|poke|p1|Excadrill, M
|poke|p1|Manaphy
|poke|p1|Gliscor, M
|poke|p1|Talonflame, F
|poke|p1|Clefable, M
|poke|p2|Metagross, shiny
|poke|p2|Keldeo-Resolute, shiny
|poke|p2|Victini
|poke|p2|Chansey, F, shiny
|poke|p2|Zapdos
|poke|p2|Rotom-Wash, shiny
|rule|Swagger Clause: Swagger is banned
|rule|Baton Pass Clause: Limit one Pokémon knowing Baton Pass
|rule|Sleep Clause Mod: Limit one foe put to sleep
|rule|Species Clause: Limit one of each Pokémon
|rule|OHKO Clause: OHKO moves are banned
|rule|Moody Clause: Moody is banned
|rule|Evasion Moves Clause: Evasion moves are banned
|rule|Endless Battle Clause: Forcing endless battles is banned
|rule|HP Percentage Mod: HP is shown in percentages
|teampreview
|
|start
|switch|p1a: Sableye|Sableye, F|304\/304
|switch|p2a: Keldeo-Resolute|Keldeo-Resolute, shiny|324\/324
|turn|1
|
|detailschange|p1a: Sableye|Sableye-Mega, F
|message|Sableye has Mega Evolved into Mega Sableye!
|move|p2a: Keldeo-Resolute|Scald|p1a: Sableye
|-damage|p1a: Sableye|202\/304
|move|p1a: Sableye|Knock Off|p2a: Keldeo-Resolute
|-resisted|p2a: Keldeo-Resolute
|-damage|p2a: Keldeo-Resolute|269\/324
|-boost|p2a: Keldeo-Resolute|atk|1|[from] ability: Justified
|-enditem|p2a: Keldeo-Resolute|Expert Belt|[from] move: Knock Off|[of] p1a: Sableye
|
|turn|2
|
|move|p2a: Keldeo-Resolute|Scald|p1a: Sableye
|-damage|p1a: Sableye|108\/304
|move|p1a: Sableye|Recover|p1a: Sableye
|-heal|p1a: Sableye|260\/304
|
|turn|3
|
|move|p2a: Keldeo-Resolute|Scald|p1a: Sableye
|-damage|p1a: Sableye|172\/304
|move|p1a: Sableye|Will-O-Wisp|p2a: Keldeo-Resolute|[miss]
|-miss|p1a: Sableye|p2a: Keldeo-Resolute
|
|turn|4
|
|move|p2a: Keldeo-Resolute|Scald|p1a: Sableye
|-damage|p1a: Sableye|79\/304
|move|p1a: Sableye|Recover|p1a: Sableye
|-heal|p1a: Sableye|231\/304
|
|turn|5
|
|move|p2a: Keldeo-Resolute|Scald|p1a: Sableye
|-damage|p1a: Sableye|143\/304
|move|p1a: Sableye|Recover|p1a: Sableye
|-heal|p1a: Sableye|295\/304
|
|turn|6
|
|move|p2a: Keldeo-Resolute|Scald|p1a: Sableye
|-damage|p1a: Sableye|196\/304
|move|p1a: Sableye|Will-O-Wisp|p2a: Keldeo-Resolute
|-status|p2a: Keldeo-Resolute|brn
|
|-damage|p2a: Keldeo-Resolute|229\/324 brn|[from] brn
|turn|7
|
|switch|p2a: Victini|Victini|355\/355
|move|p1a: Sableye|Recover|p1a: Sableye
|-heal|p1a: Sableye|304\/304
|
|turn|8
|
|switch|p1a: Gliscor|Gliscor, M|354\/354
|move|p2a: Victini|V-create|p1a: Gliscor
|-damage|p1a: Gliscor|78\/354
|-unboost|p2a: Victini|def|1
|-unboost|p2a: Victini|spd|1
|-unboost|p2a: Victini|spe|1
|
|-status|p1a: Gliscor|tox|[from] item: Toxic Orb
|turn|9
|
|switch|p2a: Keldeo-Resolute|Keldeo-Resolute, shiny|229\/324 brn
|move|p1a: Gliscor|Stealth Rock|p2a: Keldeo-Resolute
|-sidestart|p2: Where Dey At Doe|move: Stealth Rock
|
|-damage|p2a: Keldeo-Resolute|189\/324 brn|[from] brn
|-heal|p1a: Gliscor|122\/354 tox|[from] ability: Poison Heal
|turn|10
|
|switch|p1a: Manaphy|Manaphy|404\/404
|move|p2a: Keldeo-Resolute|Scald|p1a: Manaphy
|-resisted|p1a: Manaphy
|-damage|p1a: Manaphy|350\/404
|
|-heal|p1a: Manaphy|375\/404|[from] item: Leftovers
|-damage|p2a: Keldeo-Resolute|149\/324 brn|[from] brn
|turn|11
|
|switch|p2a: Zapdos|Zapdos|384\/384
|-damage|p2a: Zapdos|288\/384|[from] Stealth Rock
|-ability|p2a: Zapdos|Pressure
|move|p1a: Manaphy|U-turn|p2a: Zapdos
|-resisted|p2a: Zapdos
|-damage|p2a: Zapdos|266\/384
|
|switch|p1a: Sableye|Sableye-Mega, F|304\/304
|
|-heal|p2a: Zapdos|290\/384|[from] item: Leftovers
|turn|12
|
|move|p2a: Zapdos|Defog|p1a: Sableye
|move|p1a: Sableye|Defog|p2a: Zapdos|[from]Magic Bounce
|-unboost|p2a: Zapdos|evasion|1
|-sideend|p2: Where Dey At Doe|Stealth Rock|[from] move: Defog|[of] p2a: Zapdos
|move|p1a: Sableye|Knock Off|p2a: Zapdos
|-damage|p2a: Zapdos|197\/384
|-enditem|p2a: Zapdos|Leftovers|[from] move: Knock Off|[of] p1a: Sableye
|
|turn|13
|
|switch|p2a: Keldeo-Resolute|Keldeo-Resolute, shiny|149\/324 brn
|move|p1a: Sableye|Will-O-Wisp|p2a: Keldeo-Resolute
|-fail|p2a: Keldeo-Resolute|brn
|
|-damage|p2a: Keldeo-Resolute|109\/324 brn|[from] brn
|turn|14
|
|switch|p1a: Manaphy|Manaphy|375\/404
|move|p2a: Keldeo-Resolute|Scald|p1a: Manaphy
|-resisted|p1a: Manaphy
|-damage|p1a: Manaphy|326\/404
|
|-heal|p1a: Manaphy|351\/404|[from] item: Leftovers
|-damage|p2a: Keldeo-Resolute|69\/324 brn|[from] brn
|turn|15
|
|move|p2a: Keldeo-Resolute|Secret Sword|p1a: Manaphy
|-damage|p1a: Manaphy|188\/404
|move|p1a: Manaphy|U-turn|p2a: Keldeo-Resolute
|-resisted|p2a: Keldeo-Resolute
|-damage|p2a: Keldeo-Resolute|42\/324 brn
|
|switch|p1a: Talonflame|Talonflame, F|341\/341
|
|-damage|p2a: Keldeo-Resolute|2\/324 brn|[from] brn
|turn|16
|
|move|p1a: Talonflame|Brave Bird|p2a: Keldeo-Resolute
|-supereffective|p2a: Keldeo-Resolute
|-damage|p2a: Keldeo-Resolute|0 fnt
|-damage|p1a: Talonflame|340\/341|[from] recoil|[of] p2a: Keldeo-Resolute
|faint|p2a: Keldeo-Resolute
|
|-heal|p1a: Talonflame|341\/341|[from] item: Leftovers
|
|switch|p2a: Rotom-Wash|Rotom-Wash, shiny|304\/304
|turn|17
|
|switch|p1a: Sableye|Sableye-Mega, F|304\/304
|move|p2a: Rotom-Wash|Volt Switch|p1a: Sableye
|-damage|p1a: Sableye|246\/304
|
|switch|p2a: Victini|Victini|355\/355
|
|turn|18
|
|switch|p1a: Talonflame|Talonflame, F|341\/341
|move|p2a: Victini|V-create|p1a: Talonflame
|-resisted|p1a: Talonflame
|-damage|p1a: Talonflame|62\/341
|-unboost|p2a: Victini|def|1
|-unboost|p2a: Victini|spd|1
|-unboost|p2a: Victini|spe|1
|
|-heal|p1a: Talonflame|83\/341|[from] item: Leftovers
|turn|19
|
|switch|p2a: Rotom-Wash|Rotom-Wash, shiny|304\/304
|move|p1a: Talonflame|Brave Bird|p2a: Rotom-Wash
|-resisted|p2a: Rotom-Wash
|-damage|p2a: Rotom-Wash|244\/304
|-damage|p1a: Talonflame|63\/341|[from] recoil|[of] p2a: Rotom-Wash
|
|-heal|p1a: Talonflame|84\/341|[from] item: Leftovers
|-heal|p2a: Rotom-Wash|263\/304|[from] item: Leftovers
|turn|20
|
|move|p1a: Talonflame|Roost|p1a: Talonflame
|-heal|p1a: Talonflame|255\/341
|move|p2a: Rotom-Wash|Hydro Pump|p1a: Talonflame
|-supereffective|p1a: Talonflame
|-damage|p1a: Talonflame|0 fnt
|faint|p1a: Talonflame
|
|-heal|p2a: Rotom-Wash|282\/304|[from] item: Leftovers
|
|switch|p1a: Excadrill|Excadrill, M|424\/424
|-ability|p1a: Excadrill|Mold Breaker
|turn|21
|
|move|p1a: Excadrill|Earthquake|p2a: Rotom-Wash
|-supereffective|p2a: Rotom-Wash
|-damage|p2a: Rotom-Wash|60\/304
|move|p2a: Rotom-Wash|Will-O-Wisp|p1a: Excadrill
|-status|p1a: Excadrill|brn
|
|-heal|p2a: Rotom-Wash|79\/304|[from] item: Leftovers
|-damage|p1a: Excadrill|371\/424 brn|[from] brn
|turn|22
|
|switch|p2a: Zapdos|Zapdos|197\/384
|-ability|p2a: Zapdos|Pressure
|move|p1a: Excadrill|Earthquake|p2a: Zapdos
|-immune|p2a: Zapdos|[msg]
|
|-heal|p1a: Excadrill|397\/424 brn|[from] item: Leftovers
|-damage|p1a: Excadrill|344\/424 brn|[from] brn
|turn|23
|
|switch|p2a: Metagross|Metagross, shiny|301\/301
|move|p1a: Excadrill|Toxic|p2a: Metagross
|-fail|p2a: Metagross
|
|-heal|p1a: Excadrill|370\/424 brn|[from] item: Leftovers
|-damage|p1a: Excadrill|317\/424 brn|[from] brn
|turn|24
|
|detailschange|p2a: Metagross|Metagross-Mega, shiny
|message|Metagross has Mega Evolved into Mega Metagross!
|move|p2a: Metagross|Earthquake|p1a: Excadrill
|-supereffective|p1a: Excadrill
|-damage|p1a: Excadrill|0 fnt
|faint|p1a: Excadrill
|
|
|switch|p1a: Manaphy|Manaphy|188\/404
|turn|25
|
|move|p2a: Metagross|Zen Headbutt|p1a: Manaphy
|-damage|p1a: Manaphy|0 fnt
|faint|p1a: Manaphy
|
|
|switch|p1a: Gliscor|Gliscor, M|122\/354 tox
|turn|26
|
|move|p2a: Metagross|Meteor Mash|p1a: Gliscor
|-damage|p1a: Gliscor|0 fnt
|faint|p1a: Gliscor
|
|c|★invert4o|fuck you nab
|-message|invert4o forfeited.
|
|win|Where Dey At Doe
|raw|Ladder updating...
|leave|invert4o
|player|p1