|join|lil manaphy
|join|Where dey At doe
|player|p1|lil manaphy|9
|player|p2|Where dey At doe|270
|gametype|singles
|gen|6
|tier|OU
|rated
|clearpoke
|poke|p1|Gardevoir, M
|poke|p1|Keldeo
|poke|p1|Amoonguss, M
|poke|p1|Chansey, F
|poke|p1|Mandibuzz, F
|poke|p1|Landorus-Therian, M
|poke|p2|Altaria, F, shiny
|poke|p2|Gliscor, M
|poke|p2|Magnezone, shiny
|poke|p2|Celebi
|poke|p2|Heatran, F, shiny
|poke|p2|Tornadus-Therian, M, shiny
|rule|Swagger Clause: Swagger is banned
|rule|Baton Pass Clause: Limit one Pokémon knowing Baton Pass
|rule|Sleep Clause Mod: Limit one foe put to sleep
|rule|Species Clause: Limit one of each Pokémon
|rule|OHKO Clause: OHKO moves are banned
|rule|Moody Clause: Moody is banned
|rule|Evasion Moves Clause: Evasion moves are banned
|rule|Endless Battle Clause: Forcing endless battles is banned
|rule|HP Percentage Mod: HP is shown in percentages
|teampreview
|
|start
|switch|p1a: Gardevoir|Gardevoir, M|277\/277
|switch|p2a: Heatran|Heatran, F, shiny|386\/386
|-ability|p1a: Gardevoir|Flash Fire|[from] ability: Trace|[of] p2a: Heatran
|turn|1
|
|move|p1a: Gardevoir|Taunt|p2a: Heatran
|-start|p2a: Heatran|move: Taunt
|move|p2a: Heatran|Lava Plume|p1a: Gardevoir
|-start|p1a: Gardevoir|ability: Flash Fire
|
|turn|2
|
|move|p1a: Gardevoir|Focus Blast|p2a: Heatran
|-crit|p2a: Heatran
|-supereffective|p2a: Heatran
|-damage|p2a: Heatran|62\/386
|move|p2a: Heatran|Earth Power|p1a: Gardevoir
|-damage|p1a: Gardevoir|200\/277
|
|-heal|p2a: Heatran|86\/386|[from] item: Leftovers
|turn|3
|
|move|p1a: Gardevoir|Psyshock|p2a: Heatran
|-resisted|p2a: Heatran
|-damage|p2a: Heatran|20\/386
|move|p2a: Heatran|Earth Power|p1a: Gardevoir
|-damage|p1a: Gardevoir|123\/277
|
|-heal|p2a: Heatran|44\/386|[from] item: Leftovers
|-end|p2a: Heatran|move: Taunt
|turn|4
|
|detailschange|p1a: Gardevoir|Gardevoir-Mega, M
|-mega|p1a: Gardevoir|Gardevoir|Gardevoirite
|move|p1a: Gardevoir|Psyshock|p2a: Heatran
|-resisted|p2a: Heatran
|-damage|p2a: Heatran|0 fnt
|faint|p2a: Heatran
|
|
|switch|p2a: Tornadus-Therian|Tornadus-Therian, M, shiny|327\/327
|turn|5
|
|switch|p1a: Chansey|Chansey, F|703\/703
|move|p2a: Tornadus-Therian|Hurricane|p1a: Chansey
|-damage|p1a: Chansey|589\/703
|
|turn|6
|
|switch|p1a: Landorus-Therian|Landorus-Therian, M|382\/382
|-ability|p1a: Landorus-Therian|Intimidate|[of] p2a: Tornadus-Therian
|-unboost|p2a: Tornadus-Therian|atk|1
|move|p2a: Tornadus-Therian|Knock Off|p1a: Landorus-Therian
|-damage|p1a: Landorus-Therian|346\/382
|-enditem|p1a: Landorus-Therian|Leftovers|[from] move: Knock Off|[of] p2a: Tornadus-Therian
|
|turn|7
|
|move|p2a: Tornadus-Therian|Hurricane|p1a: Landorus-Therian
|-crit|p1a: Landorus-Therian
|-damage|p1a: Landorus-Therian|33\/382
|move|p1a: Landorus-Therian|Stealth Rock|p2a: Tornadus-Therian
|-sidestart|p2: Where dey At doe|move: Stealth Rock
|
|turn|8
|
|switch|p1a: Chansey|Chansey, F|589\/703
|move|p2a: Tornadus-Therian|Heat Wave|p1a: Chansey
|-damage|p1a: Chansey|524\/703
|
|turn|9
|
|move|p2a: Tornadus-Therian|Knock Off|p1a: Chansey
|-damage|p1a: Chansey|462\/703
|-enditem|p1a: Chansey|Eviolite|[from] move: Knock Off|[of] p2a: Tornadus-Therian
|move|p1a: Chansey|Soft-Boiled|p1a: Chansey
|-heal|p1a: Chansey|703\/703
|
|turn|10
|
|move|p2a: Tornadus-Therian|U-turn|p1a: Chansey
|-damage|p1a: Chansey|633\/703
|
|switch|p2a: Celebi|Celebi|404\/404
|-damage|p2a: Celebi|354\/404|[from] Stealth Rock
|move|p1a: Chansey|Seismic Toss|p2a: Celebi
|-damage|p2a: Celebi|254\/404
|
|-heal|p2a: Celebi|279\/404|[from] item: Leftovers
|turn|11
|
|switch|p1a: Gardevoir|Gardevoir-Mega, M|123\/277
|move|p2a: Celebi|Substitute|p2a: Celebi
|-start|p2a: Celebi|Substitute
|-damage|p2a: Celebi|178\/404
|
|-heal|p2a: Celebi|203\/404|[from] item: Leftovers
|turn|12
|
|switch|p2a: Magnezone|Magnezone, shiny|282\/282
|-damage|p2a: Magnezone|265\/282|[from] Stealth Rock
|move|p1a: Gardevoir|Hyper Voice|p2a: Magnezone
|-resisted|p2a: Magnezone
|-damage|p2a: Magnezone|125\/282
|
|turn|13
|
|switch|p1a: Landorus-Therian|Landorus-Therian, M|33\/382
|-ability|p1a: Landorus-Therian|Intimidate|[of] p2a: Magnezone
|-unboost|p2a: Magnezone|atk|1
|move|p2a: Magnezone|Flash Cannon|p1a: Landorus-Therian
|-damage|p1a: Landorus-Therian|0 fnt
|faint|p1a: Landorus-Therian
|
|
|switch|p1a: Keldeo|Keldeo|323\/323
|turn|14
|
|switch|p2a: Celebi|Celebi|203\/404
|-damage|p2a: Celebi|153\/404|[from] Stealth Rock
|move|p1a: Keldeo|Scald|p2a: Celebi
|-resisted|p2a: Celebi
|-damage|p2a: Celebi|103\/404
|
|-heal|p2a: Celebi|128\/404|[from] item: Leftovers
|turn|15
|
|switch|p1a: Gardevoir|Gardevoir-Mega, M|123\/277
|move|p2a: Celebi|Recover|p2a: Celebi
|-heal|p2a: Celebi|330\/404
|
|-heal|p2a: Celebi|355\/404|[from] item: Leftovers
|turn|16
|
|move|p1a: Gardevoir|Hyper Voice|p2a: Celebi
|-damage|p2a: Celebi|168\/404
|move|p2a: Celebi|Giga Drain|p1a: Gardevoir
|-damage|p1a: Gardevoir|54\/277
|-heal|p2a: Celebi|203\/404|[from] drain|[of] p1a: Gardevoir
|
|-heal|p2a: Celebi|228\/404|[from] item: Leftovers
|turn|17
|
|move|p1a: Gardevoir|Hyper Voice|p2a: Celebi
|-damage|p2a: Celebi|35\/404
|move|p2a: Celebi|Recover|p2a: Celebi
|-heal|p2a: Celebi|237\/404
|
|-heal|p2a: Celebi|262\/404|[from] item: Leftovers
|turn|18
|
|switch|p1a: Mandibuzz|Mandibuzz, F|423\/423
|move|p2a: Celebi|Recover|p2a: Celebi
|-heal|p2a: Celebi|404\/404
|
|turn|19
|
|move|p2a: Celebi|Substitute|p2a: Celebi
|-start|p2a: Celebi|Substitute
|-damage|p2a: Celebi|303\/404
|move|p1a: Mandibuzz|Foul Play|p2a: Celebi
|-supereffective|p2a: Celebi
|-end|p2a: Celebi|Substitute
|
|-heal|p2a: Celebi|328\/404|[from] item: Leftovers
|turn|20
|
|move|p2a: Celebi|Baton Pass|p2a: Celebi
|
|switch|p2a: Magnezone|Magnezone, shiny|125\/282
|-damage|p2a: Magnezone|108\/282|[from] Stealth Rock
|move|p1a: Mandibuzz|Foul Play|p2a: Magnezone
|-damage|p2a: Magnezone|56\/282
|
|turn|21
|
|switch|p1a: Amoonguss|Amoonguss, M|432\/432
|move|p2a: Magnezone|Volt Switch|p1a: Amoonguss
|-resisted|p1a: Amoonguss
|-damage|p1a: Amoonguss|354\/432
|
|switch|p2a: Gliscor|Gliscor, M|354\/354
|-damage|p2a: Gliscor|310\/354|[from] Stealth Rock
|
|-heal|p1a: Amoonguss|381\/432|[from] item: Black Sludge
|-status|p2a: Gliscor|tox|[from] item: Toxic Orb
|turn|22
|
|switch|p1a: Keldeo|Keldeo|323\/323
|move|p2a: Gliscor|Earthquake|p1a: Keldeo
|-damage|p1a: Keldeo|203\/323
|
|-heal|p1a: Keldeo|223\/323|[from] item: Leftovers
|-heal|p2a: Gliscor|354\/354 tox|[from] ability: Poison Heal
|turn|23
|
|switch|p2a: Celebi|Celebi|328\/404
|-damage|p2a: Celebi|278\/404|[from] Stealth Rock
|move|p1a: Keldeo|Scald|p2a: Celebi
|-resisted|p2a: Celebi
|-damage|p2a: Celebi|228\/404
|
|-heal|p1a: Keldeo|243\/323|[from] item: Leftovers
|-heal|p2a: Celebi|253\/404|[from] item: Leftovers
|turn|24
|
|move|p1a: Keldeo|Scald|p2a: Celebi
|-resisted|p2a: Celebi
|-damage|p2a: Celebi|196\/404
|-status|p2a: Celebi|brn
|move|p2a: Celebi|Giga Drain|p1a: Keldeo
|-supereffective|p1a: Keldeo
|-damage|p1a: Keldeo|67\/323
|-heal|p2a: Celebi|284\/404 brn|[from] drain|[of] p1a: Keldeo
|
|-heal|p1a: Keldeo|87\/323|[from] item: Leftovers
|-heal|p2a: Celebi|309\/404 brn|[from] item: Leftovers
|-damage|p2a: Celebi|259\/404 brn|[from] brn
|turn|25
|
|switch|p1a: Mandibuzz|Mandibuzz, F|423\/423
|move|p2a: Celebi|Giga Drain|p1a: Mandibuzz
|-resisted|p1a: Mandibuzz
|-damage|p1a: Mandibuzz|375\/423
|-heal|p2a: Celebi|283\/404 brn|[from] drain|[of] p1a: Mandibuzz
|
|-heal|p2a: Celebi|308\/404 brn|[from] item: Leftovers
|-damage|p2a: Celebi|258\/404 brn|[from] brn
|turn|26
|
|move|p2a: Celebi|Recover|p2a: Celebi
|-heal|p2a: Celebi|404\/404 brn
|move|p1a: Mandibuzz|Foul Play|p2a: Celebi
|-supereffective|p2a: Celebi
|-damage|p2a: Celebi|224\/404 brn
|
|-heal|p2a: Celebi|249\/404 brn|[from] item: Leftovers
|-damage|p2a: Celebi|199\/404 brn|[from] brn
|turn|27
|
|switch|p2a: Altaria|Altaria, F, shiny|354\/354
|-damage|p2a: Altaria|266\/354|[from] Stealth Rock
|move|p1a: Mandibuzz|Foul Play|p2a: Altaria
|-damage|p2a: Altaria|196\/354
|
|turn|28
|
|switch|p1a: Amoonguss|Amoonguss, M|432\/432
|detailschange|p2a: Altaria|Altaria-Mega, F, shiny
|-mega|p2a: Altaria|Altaria|Altarianite
|move|p2a: Altaria|Roost|p2a: Altaria
|-heal|p2a: Altaria|354\/354
|
|turn|29
|
|switch|p2a: Celebi|Celebi|199\/404
|-damage|p2a: Celebi|149\/404|[from] Stealth Rock
|move|p1a: Amoonguss|Clear Smog|p2a: Celebi
|-supereffective|p2a: Celebi
|-damage|p2a: Celebi|75\/404
|-clearboost|p2a: Celebi
|
|-heal|p2a: Celebi|100\/404|[from] item: Leftovers
|turn|30
|
|switch|p1a: Mandibuzz|Mandibuzz, F|375\/423
|move|p2a: Celebi|Recover|p2a: Celebi
|-heal|p2a: Celebi|302\/404
|
|-heal|p2a: Celebi|327\/404|[from] item: Leftovers
|turn|31
|
|switch|p2a: Magnezone|Magnezone, shiny|56\/282
|-damage|p2a: Magnezone|39\/282|[from] Stealth Rock
|move|p1a: Mandibuzz|Foul Play|p2a: Magnezone
|-damage|p2a: Magnezone|0 fnt
|faint|p2a: Magnezone
|
|
|switch|p2a: Altaria|Altaria-Mega, F, shiny|354\/354
|-damage|p2a: Altaria|310\/354|[from] Stealth Rock
|turn|32
|
|switch|p2a: Celebi|Celebi|327\/404
|-damage|p2a: Celebi|277\/404|[from] Stealth Rock
|switch|p1a: Amoonguss|Amoonguss, M|432\/432
|
|-heal|p2a: Celebi|302\/404|[from] item: Leftovers
|turn|33
|
|switch|p1a: Mandibuzz|Mandibuzz, F|375\/423
|move|p2a: Celebi|Substitute|p2a: Celebi
|-start|p2a: Celebi|Substitute
|-damage|p2a: Celebi|201\/404
|
|-heal|p2a: Celebi|226\/404|[from] item: Leftovers
|turn|34
|
|move|p2a: Celebi|Baton Pass|p2a: Celebi
|
|switch|p2a: Altaria|Altaria-Mega, F, shiny|310\/354
|-damage|p2a: Altaria|266\/354|[from] Stealth Rock
|move|p1a: Mandibuzz|Foul Play|p2a: Altaria
|-resisted|p2a: Altaria
|-activate|p2a: Altaria|Substitute|[damage]
|
|turn|35
|
|switch|p1a: Amoonguss|Amoonguss, M|432\/432
|move|p2a: Altaria|Dragon Dance|p2a: Altaria
|-boost|p2a: Altaria|atk|1
|-boost|p2a: Altaria|spe|1
|
|turn|36
|
|move|p2a: Altaria|Earthquake|p1a: Amoonguss
|-damage|p1a: Amoonguss|330\/432
|move|p1a: Amoonguss|Clear Smog|p2a: Altaria
|-crit|p2a: Altaria
|-supereffective|p2a: Altaria
|-end|p2a: Altaria|Substitute
|
|-heal|p1a: Amoonguss|357\/432|[from] item: Black Sludge
|turn|37
|
|switch|p2a: Gliscor|Gliscor, M|354\/354 tox
|-damage|p2a: Gliscor|310\/354 tox|[from] Stealth Rock
|move|p1a: Amoonguss|Clear Smog|p2a: Gliscor
|-resisted|p2a: Gliscor
|-damage|p2a: Gliscor|289\/354 tox
|-clearboost|p2a: Gliscor
|
|-heal|p1a: Amoonguss|384\/432|[from] item: Black Sludge
|-heal|p2a: Gliscor|333\/354 tox|[from] ability: Poison Heal
|turn|38
|
|move|p2a: Gliscor|Knock Off|p1a: Amoonguss
|-damage|p1a: Amoonguss|312\/432
|-enditem|p1a: Amoonguss|Black Sludge|[from] move: Knock Off|[of] p2a: Gliscor
|move|p1a: Amoonguss|Giga Drain|p2a: Gliscor
|-damage|p2a: Gliscor|263\/354 tox
|-heal|p1a: Amoonguss|347\/432|[from] drain|[of] p2a: Gliscor
|
|-heal|p2a: Gliscor|307\/354 tox|[from] ability: Poison Heal
|turn|39
|
|move|p2a: Gliscor|Swords Dance|p2a: Gliscor
|-boost|p2a: Gliscor|atk|2
|move|p1a: Amoonguss|Giga Drain|p2a: Gliscor
|-damage|p2a: Gliscor|235\/354 tox
|-heal|p1a: Amoonguss|383\/432|[from] drain|[of] p2a: Gliscor
|
|-heal|p2a: Gliscor|279\/354 tox|[from] ability: Poison Heal
|turn|40
|
|switch|p1a: Mandibuzz|Mandibuzz, F|375\/423
|move|p2a: Gliscor|Earthquake|p1a: Mandibuzz
|-immune|p1a: Mandibuzz|[msg]
|
|-heal|p2a: Gliscor|323\/354 tox|[from] ability: Poison Heal
|turn|41
|
|switch|p2a: Altaria|Altaria-Mega, F, shiny|266\/354
|-damage|p2a: Altaria|222\/354|[from] Stealth Rock
|move|p1a: Mandibuzz|Foul Play|p2a: Altaria
|-resisted|p2a: Altaria
|-damage|p2a: Altaria|180\/354
|
|turn|42
|
|switch|p1a: Gardevoir|Gardevoir-Mega, M|54\/277
|move|p2a: Altaria|Roost|p2a: Altaria
|-heal|p2a: Altaria|354\/354
|
|turn|43
|
|switch|p2a: Tornadus-Therian|Tornadus-Therian, M, shiny|327\/327
|-damage|p2a: Tornadus-Therian|246\/327|[from] Stealth Rock
|move|p1a: Gardevoir|Hyper Voice|p2a: Tornadus-Therian
|-damage|p2a: Tornadus-Therian|69\/327
|
|turn|44
|
|switch|p1a: Chansey|Chansey, F|633\/703
|move|p2a: Tornadus-Therian|Hurricane|p1a: Chansey
|-damage|p1a: Chansey|489\/703
|-start|p1a: Chansey|confusion
|
|turn|45
|
|move|p2a: Tornadus-Therian|U-turn|p1a: Chansey
|-damage|p1a: Chansey|384\/703
|
|switch|p2a: Celebi|Celebi|226\/404
|-damage|p2a: Celebi|176\/404|[from] Stealth Rock
|-activate|p1a: Chansey|confusion
|move|p1a: Chansey|Soft-Boiled|p1a: Chansey
|-heal|p1a: Chansey|703\/703
|
|-heal|p2a: Celebi|201\/404|[from] item: Leftovers
|turn|46
|
|switch|p1a: Mandibuzz|Mandibuzz, F|375\/423
|move|p2a: Celebi|Recover|p2a: Celebi
|-heal|p2a: Celebi|403\/404
|
|-heal|p2a: Celebi|404\/404|[from] item: Leftovers
|turn|47
|
|move|p2a: Celebi|Baton Pass|p2a: Celebi
|
|switch|p2a: Altaria|Altaria-Mega, F, shiny|354\/354
|-damage|p2a: Altaria|310\/354|[from] Stealth Rock
|move|p1a: Mandibuzz|Foul Play|p2a: Altaria
|-resisted|p2a: Altaria
|-damage|p2a: Altaria|268\/354
|
|turn|48
|
|switch|p1a: Amoonguss|Amoonguss, M|432\/432
|move|p2a: Altaria|Dragon Dance|p2a: Altaria
|-boost|p2a: Altaria|atk|1
|-boost|p2a: Altaria|spe|1
|
|turn|49
|
|move|p2a: Altaria|Earthquake|p1a: Amoonguss
|-damage|p1a: Amoonguss|335\/432
|move|p1a: Amoonguss|Spore|p2a: Altaria
|-status|p2a: Altaria|slp
|
|turn|50
|
|cant|p2a: Altaria|slp
|move|p1a: Amoonguss|Clear Smog|p2a: Altaria
|-supereffective|p2a: Altaria
|-damage|p2a: Altaria|172\/354 slp
|-clearboost|p2a: Altaria
|
|turn|51
|
|-curestatus|p2a: Altaria|slp
|move|p2a: Altaria|Roost|p2a: Altaria
|-heal|p2a: Altaria|349\/354
|move|p1a: Amoonguss|Spore|p2a: Altaria
|-status|p2a: Altaria|slp
|
|turn|52
|
|switch|p2a: Celebi|Celebi|404\/404
|-damage|p2a: Celebi|354\/404|[from] Stealth Rock
|switch|p1a: Gardevoir|Gardevoir-Mega, M|54\/277
|
|-heal|p2a: Celebi|379\/404|[from] item: Leftovers
|turn|53
|
|switch|p1a: Mandibuzz|Mandibuzz, F|375\/423
|move|p2a: Celebi|Substitute|p2a: Celebi
|-start|p2a: Celebi|Substitute
|-damage|p2a: Celebi|278\/404
|
|-heal|p2a: Celebi|303\/404|[from] item: Leftovers
|turn|54
|
|move|p2a: Celebi|Baton Pass|p2a: Celebi
|
|switch|p2a: Altaria|Altaria-Mega, F, shiny|349\/354 slp
|-damage|p2a: Altaria|305\/354 slp|[from] Stealth Rock
|move|p1a: Mandibuzz|Taunt|p2a: Altaria
|-start|p2a: Altaria|move: Taunt
|
|turn|55
|
|switch|p2a: Tornadus-Therian|Tornadus-Therian, M, shiny|178\/327
|-damage|p2a: Tornadus-Therian|97\/327|[from] Stealth Rock
|switch|p1a: Gardevoir|Gardevoir-Mega, M|54\/277
|
|turn|56
|
|switch|p1a: Chansey|Chansey, F|703\/703
|move|p2a: Tornadus-Therian|U-turn|p1a: Chansey
|-crit|p1a: Chansey
|-damage|p1a: Chansey|548\/703
|
|switch|p2a: Gliscor|Gliscor, M|323\/354 tox
|-damage|p2a: Gliscor|279\/354 tox|[from] Stealth Rock
|
|-heal|p2a: Gliscor|323\/354 tox|[from] ability: Poison Heal
|turn|57
|
|switch|p1a: Mandibuzz|Mandibuzz, F|375\/423
|move|p2a: Gliscor|Knock Off|p1a: Mandibuzz
|-resisted|p1a: Mandibuzz
|-damage|p1a: Mandibuzz|352\/423
|-damage|p2a: Gliscor|264\/354 tox|[from] item: Rocky Helmet|[of] p1a: Mandibuzz
|-enditem|p1a: Mandibuzz|Rocky Helmet|[from] move: Knock Off|[of] p2a: Gliscor
|
|-heal|p2a: Gliscor|308\/354 tox|[from] ability: Poison Heal
|turn|58
|
|switch|p2a: Altaria|Altaria-Mega, F, shiny|305\/354 slp
|-damage|p2a: Altaria|261\/354 slp|[from] Stealth Rock
|move|p1a: Mandibuzz|Foul Play|p2a: Altaria
|-crit|p2a: Altaria
|-resisted|p2a: Altaria
|-damage|p2a: Altaria|198\/354 slp
|
|turn|59
|
|switch|p2a: Tornadus-Therian|Tornadus-Therian, M, shiny|206\/327
|-damage|p2a: Tornadus-Therian|125\/327|[from] Stealth Rock
|switch|p1a: Gardevoir|Gardevoir-Mega, M|54\/277
|
|turn|60
|
|switch|p1a: Chansey|Chansey, F|548\/703
|move|p2a: Tornadus-Therian|Hurricane|p1a: Chansey
|-damage|p1a: Chansey|391\/703
|
|turn|61
|
|move|p2a: Tornadus-Therian|U-turn|p1a: Chansey
|-damage|p1a: Chansey|275\/703
|
|switch|p2a: Celebi|Celebi|303\/404
|-damage|p2a: Celebi|253\/404|[from] Stealth Rock
|move|p1a: Chansey|Soft-Boiled|p1a: Chansey
|-heal|p1a: Chansey|627\/703
|
|-heal|p2a: Celebi|278\/404|[from] item: Leftovers
|turn|62
|
|switch|p1a: Mandibuzz|Mandibuzz, F|352\/423
|move|p2a: Celebi|Baton Pass|p2a: Celebi
|
|switch|p2a: Altaria|Altaria-Mega, F, shiny|198\/354 slp
|-damage|p2a: Altaria|154\/354 slp|[from] Stealth Rock
|
|turn|63
|
|cant|p2a: Altaria|slp
|move|p1a: Mandibuzz|Foul Play|p2a: Altaria
|-resisted|p2a: Altaria
|-damage|p2a: Altaria|113\/354 slp
|
|turn|64
|
|switch|p1a: Gardevoir|Gardevoir-Mega, M|54\/277
|-curestatus|p2a: Altaria|slp
|move|p2a: Altaria|Frustration|p1a: Gardevoir
|-damage|p1a: Gardevoir|0 fnt
|faint|p1a: Gardevoir
|
|
|switch|p1a: Amoonguss|Amoonguss, M|432\/432
|turn|65
|
|switch|p2a: Celebi|Celebi|278\/404
|-damage|p2a: Celebi|228\/404|[from] Stealth Rock
|move|p1a: Amoonguss|Clear Smog|p2a: Celebi
|-supereffective|p2a: Celebi
|-damage|p2a: Celebi|154\/404
|-clearboost|p2a: Celebi
|
|-heal|p2a: Celebi|179\/404|[from] item: Leftovers
|turn|66
|
|move|p2a: Celebi|Recover|p2a: Celebi
|-heal|p2a: Celebi|381\/404
|move|p1a: Amoonguss|Clear Smog|p2a: Celebi
|-supereffective|p2a: Celebi
|-damage|p2a: Celebi|307\/404
|-clearboost|p2a: Celebi
|
|-heal|p2a: Celebi|332\/404|[from] item: Leftovers
|turn|67
|
|switch|p1a: Mandibuzz|Mandibuzz, F|352\/423
|move|p2a: Celebi|Substitute|p2a: Celebi
|-start|p2a: Celebi|Substitute
|-damage|p2a: Celebi|231\/404
|
|-heal|p2a: Celebi|256\/404|[from] item: Leftovers
|turn|68
|
|move|p2a: Celebi|Baton Pass|p2a: Celebi
|
|switch|p2a: Altaria|Altaria-Mega, F, shiny|113\/354
|-damage|p2a: Altaria|69\/354|[from] Stealth Rock
|move|p1a: Mandibuzz|Taunt|p2a: Altaria
|-start|p2a: Altaria|move: Taunt
|
|turn|69
|
|switch|p1a: Amoonguss|Amoonguss, M|432\/432
|move|p2a: Altaria|Frustration|p1a: Amoonguss
|-resisted|p1a: Amoonguss
|-damage|p1a: Amoonguss|366\/432
|
|turn|70
|
|move|p2a: Altaria|Frustration|p1a: Amoonguss
|-resisted|p1a: Amoonguss
|-damage|p1a: Amoonguss|297\/432
|move|p1a: Amoonguss|Clear Smog|p2a: Altaria
|-supereffective|p2a: Altaria
|-end|p2a: Altaria|Substitute
|
|turn|71
|
|switch|p2a: Celebi|Celebi|256\/404
|-damage|p2a: Celebi|206\/404|[from] Stealth Rock
|move|p1a: Amoonguss|Clear Smog|p2a: Celebi
|-supereffective|p2a: Celebi
|-damage|p2a: Celebi|120\/404
|-clearboost|p2a: Celebi
|
|-heal|p2a: Celebi|145\/404|[from] item: Leftovers
|turn|72
|
|move|p2a: Celebi|Recover|p2a: Celebi
|-heal|p2a: Celebi|347\/404
|move|p1a: Amoonguss|Clear Smog|p2a: Celebi
|-supereffective|p2a: Celebi
|-damage|p2a: Celebi|269\/404
|-clearboost|p2a: Celebi
|
|-heal|p2a: Celebi|294\/404|[from] item: Leftovers
|turn|73
|
|switch|p1a: Mandibuzz|Mandibuzz, F|352\/423
|move|p2a: Celebi|Giga Drain|p1a: Mandibuzz
|-resisted|p1a: Mandibuzz
|-damage|p1a: Mandibuzz|304\/423
|-heal|p2a: Celebi|318\/404|[from] drain|[of] p1a: Mandibuzz
|
|-heal|p2a: Celebi|343\/404|[from] item: Leftovers
|turn|74
|
|switch|p2a: Gliscor|Gliscor, M|308\/354 tox
|-damage|p2a: Gliscor|264\/354 tox|[from] Stealth Rock
|move|p1a: Mandibuzz|Foul Play|p2a: Gliscor
|-damage|p2a: Gliscor|176\/354 tox
|
|-heal|p2a: Gliscor|220\/354 tox|[from] ability: Poison Heal
|turn|75
|
|move|p2a: Gliscor|Roost|p2a: Gliscor
|-heal|p2a: Gliscor|354\/354 tox
|move|p1a: Mandibuzz|Foul Play|p2a: Gliscor
|-damage|p2a: Gliscor|260\/354 tox
|
|-heal|p2a: Gliscor|304\/354 tox|[from] ability: Poison Heal
|turn|76
|
|move|p2a: Gliscor|Knock Off|p1a: Mandibuzz
|-resisted|p1a: Mandibuzz
|-damage|p1a: Mandibuzz|288\/423
|move|p1a: Mandibuzz|Taunt|p2a: Gliscor
|-start|p2a: Gliscor|move: Taunt
|
|-heal|p2a: Gliscor|348\/354 tox|[from] ability: Poison Heal
|turn|77
|
|move|p2a: Gliscor|Knock Off|p1a: Mandibuzz
|-resisted|p1a: Mandibuzz
|-damage|p1a: Mandibuzz|272\/423
|move|p1a: Mandibuzz|Taunt|p2a: Gliscor
|-fail|p2a: Gliscor
|
|-heal|p2a: Gliscor|354\/354 tox|[from] ability: Poison Heal
|turn|78
|
|move|p2a: Gliscor|Earthquake|p1a: Mandibuzz
|-immune|p1a: Mandibuzz|[msg]
|move|p1a: Mandibuzz|Foul Play|p2a: Gliscor
|-damage|p2a: Gliscor|267\/354 tox
|
|-heal|p2a: Gliscor|311\/354 tox|[from] ability: Poison Heal
|turn|79
|
|move|p2a: Gliscor|Knock Off|p1a: Mandibuzz
|-resisted|p1a: Mandibuzz
|-damage|p1a: Mandibuzz|255\/423
|move|p1a: Mandibuzz|Roost|p1a: Mandibuzz
|-heal|p1a: Mandibuzz|423\/423
|
|-heal|p2a: Gliscor|354\/354 tox|[from] ability: Poison Heal
|-end|p2a: Gliscor|move: Taunt
|turn|80
|
|switch|p2a: Altaria|Altaria-Mega, F, shiny|69\/354
|-damage|p2a: Altaria|25\/354|[from] Stealth Rock
|move|p1a: Mandibuzz|Taunt|p2a: Altaria
|-start|p2a: Altaria|move: Taunt
|
|turn|81
|-message|Where dey At doe forfeited.
|
|win|lil manaphy
|raw|Ladder updating...
|leave|Where dey At doe
|player|p2
|raw|lil manaphy's rating: 1705 &rarr; <strong>1714<\/strong><br \/>(+9 for winning)
|raw|Where dey At doe's rating: 1506 &rarr; <strong>1497<\/strong><br \/>(-9 for losing)