|join|superpascal
|join|Truhax
|player|p1|superpascal|161
|player|p2|Truhax|1
|gametype|singles
|gen|6
|tier|OU
|rated
|clearpoke
|poke|p1|Manaphy
|poke|p1|Garchomp, F
|poke|p1|Ferrothorn, M
|poke|p1|Rotom-Wash
|poke|p1|Gyarados, F
|poke|p1|Thundurus-Therian, M
|poke|p2|Landorus-Therian, M
|poke|p2|Metagross
|poke|p2|Clefable, M
|poke|p2|Magnezone
|poke|p2|Conkeldurr, F
|poke|p2|Greninja, F
|rule|Swagger Clause: Swagger is banned
|rule|Baton Pass Clause: Limit one Pokémon knowing Baton Pass
|rule|Sleep Clause Mod: Limit one foe put to sleep
|rule|Species Clause: Limit one of each Pokémon
|rule|OHKO Clause: OHKO moves are banned
|rule|Moody Clause: Moody is banned
|rule|Evasion Moves Clause: Evasion moves are banned
|rule|Endless Battle Clause: Forcing endless battles is banned
|rule|HP Percentage Mod: HP is shown in percentages
|teampreview
|c|★superpascal|have fun
|
|start
|switch|p1a: Laveuse|Rotom-Wash|304\/304
|switch|p2a: Not Banned Yet|Greninja, F|285\/285
|turn|1
|c|★Truhax|good luck
|
|move|p2a: Not Banned Yet|Dark Pulse|p1a: Laveuse
|-start|p2a: Not Banned Yet|typechange|Dark|[from] Protean
|-damage|p1a: Laveuse|162\/304
|-damage|p2a: Not Banned Yet|257\/285|[from] item: Life Orb
|move|p1a: Laveuse|Volt Switch|p2a: Not Banned Yet
|-damage|p2a: Not Banned Yet|140\/285
|
|switch|p1a: Toque|Ferrothorn, M|352\/352
|
|turn|2
|
|switch|p2a: Magnezone|Magnezone|324\/324
|move|p1a: Toque|Leech Seed|p2a: Magnezone
|-start|p2a: Magnezone|move: Leech Seed
|
|-damage|p2a: Magnezone|284\/324|[from] Leech Seed|[of] p1a: Toque
|turn|3
|
|move|p2a: Magnezone|Hidden Power|p1a: Toque
|-supereffective|p1a: Toque
|-damage|p1a: Toque|48\/352
|move|p1a: Toque|Stealth Rock|p2a: Magnezone
|-sidestart|p2: Truhax|move: Stealth Rock
|
|-heal|p1a: Toque|70\/352|[from] item: Leftovers
|-damage|p2a: Magnezone|244\/324|[from] Leech Seed|[of] p1a: Toque
|-heal|p1a: Toque|110\/352|[silent]
|turn|4
|
|move|p2a: Magnezone|Hidden Power|p1a: Toque
|-supereffective|p1a: Toque
|-damage|p1a: Toque|0 fnt
|faint|p1a: Toque
|
|
|switch|p1a: Garry Oak|Gyarados, F|341\/341
|-ability|p1a: Garry Oak|Intimidate|[of] p2a: Magnezone
|-unboost|p2a: Magnezone|atk|1
|turn|5
|
|switch|p2a: Landorus-Therian|Landorus-Therian, M|381\/381
|-damage|p2a: Landorus-Therian|334\/381|[from] Stealth Rock
|-ability|p2a: Landorus-Therian|Intimidate|[of] p1a: Garry Oak
|-unboost|p1a: Garry Oak|atk|1
|move|p1a: Garry Oak|Dragon Dance|p1a: Garry Oak
|-boost|p1a: Garry Oak|atk|1
|-boost|p1a: Garry Oak|spe|1
|
|turn|6
|
|move|p1a: Garry Oak|Dragon Dance|p1a: Garry Oak
|-boost|p1a: Garry Oak|atk|1
|-boost|p1a: Garry Oak|spe|1
|move|p2a: Landorus-Therian|Stone Edge|p1a: Garry Oak
|-supereffective|p1a: Garry Oak
|-damage|p1a: Garry Oak|81\/341
|
|turn|7
|
|move|p1a: Garry Oak|Waterfall|p2a: Landorus-Therian
|-supereffective|p2a: Landorus-Therian
|-damage|p2a: Landorus-Therian|0 fnt
|-damage|p1a: Garry Oak|25\/341|[from] item: Rocky Helmet|[of] p2a: Landorus-Therian
|faint|p2a: Landorus-Therian
|
|
|switch|p2a: Conkeldurr|Conkeldurr, F|351\/351
|-damage|p2a: Conkeldurr|330\/351|[from] Stealth Rock
|turn|8
|
|move|p2a: Conkeldurr|Mach Punch|p1a: Garry Oak
|-resisted|p1a: Garry Oak
|-damage|p1a: Garry Oak|0 fnt
|faint|p1a: Garry Oak
|
|
|switch|p1a: Zip Zap|Thundurus-Therian, M|299\/299
|turn|9
|
|move|p1a: Zip Zap|Hidden Power|p2a: Conkeldurr
|-supereffective|p2a: Conkeldurr
|-damage|p2a: Conkeldurr|168\/351
|move|p2a: Conkeldurr|Knock Off|p1a: Zip Zap
|-damage|p1a: Zip Zap|118\/299
|-enditem|p1a: Zip Zap|Lum Berry|[from] move: Knock Off|[of] p2a: Conkeldurr
|
|turn|10
|
|switch|p2a: Metagross|Metagross|301\/301
|-damage|p2a: Metagross|283\/301|[from] Stealth Rock
|move|p1a: Zip Zap|Hidden Power|p2a: Metagross
|-resisted|p2a: Metagross
|-damage|p2a: Metagross|221\/301
|
|turn|11
|
|detailschange|p2a: Metagross|Metagross-Mega
|-mega|p2a: Metagross|Metagross|Metagrossite
|move|p1a: Zip Zap|Thunderbolt|p2a: Metagross
|-damage|p2a: Metagross|62\/301
|move|p2a: Metagross|Zen Headbutt|p1a: Zip Zap
|-damage|p1a: Zip Zap|0 fnt
|faint|p1a: Zip Zap
|
|
|switch|p1a: Chompitychomp|Garchomp, F|409\/409
|turn|12
|
|move|p1a: Chompitychomp|Earthquake|p2a: Metagross
|-supereffective|p2a: Metagross
|-damage|p2a: Metagross|0 fnt
|faint|p2a: Metagross
|
|
|switch|p2a: Clefable|Clefable, M|394\/394
|-damage|p2a: Clefable|345\/394|[from] Stealth Rock
|turn|13
|
|switch|p1a: Laveuse|Rotom-Wash|162\/304
|move|p2a: Clefable|Moonblast|p1a: Laveuse
|-damage|p1a: Laveuse|68\/304
|
|-heal|p2a: Clefable|369\/394|[from] item: Leftovers
|turn|14
|
|switch|p2a: Not Banned Yet|Greninja, F|140\/285
|-damage|p2a: Not Banned Yet|105\/285|[from] Stealth Rock
|move|p1a: Laveuse|Rest|p1a: Laveuse
|-status|p1a: Laveuse|slp
|-heal|p1a: Laveuse|304\/304 slp|[silent]
|-status|p1a: Laveuse|slp|[from] move: Rest
|-enditem|p1a: Laveuse|Chesto Berry|[eat]
|-curestatus|p1a: Laveuse|slp
|
|turn|15
|
|switch|p2a: Conkeldurr|Conkeldurr, F|168\/351
|-damage|p2a: Conkeldurr|147\/351|[from] Stealth Rock
|move|p1a: Laveuse|Volt Switch|p2a: Conkeldurr
|-damage|p2a: Conkeldurr|87\/351
|
|switch|p1a: Chompitychomp|Garchomp, F|409\/409
|
|turn|16
|
|move|p2a: Conkeldurr|Mach Punch|p1a: Chompitychomp
|-damage|p1a: Chompitychomp|321\/409
|-damage|p2a: Conkeldurr|44\/351|[from] ability: Rough Skin|[of] p1a: Chompitychomp
|move|p1a: Chompitychomp|Earthquake|p2a: Conkeldurr
|-damage|p2a: Conkeldurr|0 fnt
|faint|p2a: Conkeldurr
|
|
|switch|p2a: Clefable|Clefable, M|369\/394
|-damage|p2a: Clefable|320\/394|[from] Stealth Rock
|turn|17
|
|switch|p1a: Laveuse|Rotom-Wash|304\/304
|move|p2a: Clefable|Moonblast|p1a: Laveuse
|-damage|p1a: Laveuse|201\/304
|
|-heal|p2a: Clefable|344\/394|[from] item: Leftovers
|turn|18
|
|move|p1a: Laveuse|Will-O-Wisp|p2a: Clefable
|-status|p2a: Clefable|brn
|move|p2a: Clefable|Moonblast|p1a: Laveuse
|-damage|p1a: Laveuse|96\/304
|
|-heal|p2a: Clefable|368\/394 brn|[from] item: Leftovers
|-damage|p2a: Clefable|319\/394 brn|[from] brn
|turn|19
|
|move|p1a: Laveuse|Volt Switch|p2a: Clefable
|-damage|p2a: Clefable|222\/394 brn
|
|switch|p1a: Claire|Manaphy|400\/400
|move|p2a: Clefable|Moonblast|p1a: Claire
|-damage|p1a: Claire|289\/400
|
|-heal|p1a: Claire|314\/400|[from] item: Leftovers
|-heal|p2a: Clefable|246\/394 brn|[from] item: Leftovers
|-damage|p2a: Clefable|197\/394 brn|[from] brn
|turn|20
|
|move|p1a: Claire|Surf|p2a: Clefable
|-damage|p2a: Clefable|44\/394 brn
|move|p2a: Clefable|Thunder Wave|p1a: Claire
|-status|p1a: Claire|par
|
|-heal|p2a: Clefable|68\/394 brn|[from] item: Leftovers
|-heal|p1a: Claire|339\/400 par|[from] item: Leftovers
|-damage|p2a: Clefable|19\/394 brn|[from] brn
|turn|21
|
|move|p2a: Clefable|Wish|p2a: Clefable
|cant|p1a: Claire|par
|
|-heal|p2a: Clefable|43\/394 brn|[from] item: Leftovers
|-heal|p1a: Claire|364\/400 par|[from] item: Leftovers
|-damage|p2a: Clefable|0 fnt|[from] brn
|faint|p2a: Clefable
|
|switch|p2a: Not Banned Yet|Greninja, F|105\/285
|-damage|p2a: Not Banned Yet|70\/285|[from] Stealth Rock
|turn|22
|
|move|p2a: Not Banned Yet|Gunk Shot|p1a: Claire
|-start|p2a: Not Banned Yet|typechange|Poison|[from] Protean
|-damage|p1a: Claire|179\/400 par
|-damage|p2a: Not Banned Yet|42\/285|[from] item: Life Orb
|move|p1a: Claire|Energy Ball|p2a: Not Banned Yet
|-resisted|p2a: Not Banned Yet
|-damage|p2a: Not Banned Yet|0 fnt
|faint|p2a: Not Banned Yet
|
|-heal|p1a: Claire|204\/400 par|[from] item: Leftovers
|c|★Truhax|gg
|c|★superpascal|gg
|-message|Truhax forfeited.
|leave|Truhax
|
|win|superpascal
|raw|Ladder updating...
|player|p2
|raw|superpascal's rating: 1654 &rarr; <strong>1668<\/strong><br \/>(+14 for winning)
|raw|Truhax's rating: 1554 &rarr; <strong>1540<\/strong><br \/>(-14 for losing)