|join|lil manaphy
|join|Jack41
|player|p1|lil manaphy|272
|player|p2|Jack41|17
|gametype|singles
|gen|6
|tier|OU
|rated
|clearpoke
|poke|p1|Lopunny, F
|poke|p1|Manaphy
|poke|p1|Scizor, M
|poke|p1|Celebi
|poke|p1|Heatran, F
|poke|p1|Mandibuzz, F
|poke|p2|Thundurus, M
|poke|p2|Azumarill, M
|poke|p2|Medicham, F
|poke|p2|Tyranitar, M
|poke|p2|Excadrill, M
|poke|p2|Volcarona, M
|rule|Swagger Clause: Swagger is banned
|rule|Baton Pass Clause: Limit one Pokémon knowing Baton Pass
|rule|Sleep Clause Mod: Limit one foe put to sleep
|rule|Species Clause: Limit one of each Pokémon
|rule|OHKO Clause: OHKO moves are banned
|rule|Moody Clause: Moody is banned
|rule|Evasion Moves Clause: Evasion moves are banned
|rule|Endless Battle Clause: Forcing endless battles is banned
|rule|HP Percentage Mod: HP is shown in percentages
|teampreview
|join|rocky helmut lang
|join|y4
|
|start
|switch|p1a: Lopunny|Lopunny, F|271\/271
|switch|p2a: Tyranitar|Tyranitar, M|403\/403
|-weather|Sandstorm
|turn|1
|
|switch|p2a: Azumarill|Azumarill, M|398\/398
|detailschange|p1a: Lopunny|Lopunny-Mega, F
|-mega|p1a: Lopunny|Lopunny|Lopunnite
|move|p1a: Lopunny|Power-Up Punch|p2a: Azumarill
|-resisted|p2a: Azumarill
|-damage|p2a: Azumarill|356\/398
|-boost|p1a: Lopunny|atk|1
|
|-weather|Sandstorm|[upkeep]
|-damage|p1a: Lopunny|255\/271|[from] sandstorm
|-damage|p2a: Azumarill|332\/398|[from] sandstorm
|turn|2
|join|smogon test123
|
|move|p1a: Lopunny|Return|p2a: Azumarill
|-damage|p2a: Azumarill|0 fnt
|faint|p2a: Azumarill
|
|-weather|Sandstorm|[upkeep]
|-damage|p1a: Lopunny|239\/271|[from] sandstorm
|
|switch|p2a: Excadrill|Excadrill, M|361\/361
|turn|3
|
|switch|p2a: Tyranitar|Tyranitar, M|403\/403
|switch|p1a: Mandibuzz|Mandibuzz, F|423\/423
|
|-weather|Sandstorm|[upkeep]
|turn|4
|join|dstwo
|
|switch|p1a: Lopunny|Lopunny-Mega, F|239\/271
|move|p2a: Tyranitar|Stealth Rock|p1a: Lopunny
|-sidestart|p1: lil manaphy|move: Stealth Rock
|
|-weather|Sandstorm|[upkeep]
|-damage|p1a: Lopunny|223\/271|[from] sandstorm
|turn|5
|
|switch|p2a: Medicham|Medicham, F|261\/261
|move|p1a: Lopunny|Drain Punch|p2a: Medicham
|-resisted|p2a: Medicham
|-damage|p2a: Medicham|169\/261
|-heal|p1a: Lopunny|269\/271|[from] drain|[of] p2a: Medicham
|
|-weather|Sandstorm|[upkeep]
|-damage|p1a: Lopunny|253\/271|[from] sandstorm
|-damage|p2a: Medicham|153\/261|[from] sandstorm
|turn|6
|
|detailschange|p2a: Medicham|Medicham-Mega, F
|-mega|p2a: Medicham|Medicham|Medichamite
|move|p2a: Medicham|Fake Out|p1a: Lopunny
|-damage|p1a: Lopunny|163\/271
|cant|p1a: Lopunny|flinch
|
|-weather|Sandstorm|[upkeep]
|-damage|p1a: Lopunny|147\/271|[from] sandstorm
|-damage|p2a: Medicham|137\/261|[from] sandstorm
|turn|7
|
|move|p1a: Lopunny|Return|p2a: Medicham
|-damage|p2a: Medicham|0 fnt
|faint|p2a: Medicham
|
|-weather|Sandstorm|[upkeep]
|-damage|p1a: Lopunny|131\/271|[from] sandstorm
|
|switch|p2a: Excadrill|Excadrill, M|361\/361
|turn|8
|
|switch|p2a: Thundurus|Thundurus, M|299\/299
|switch|p1a: Scizor|Scizor, M|343\/343
|-damage|p1a: Scizor|301\/343|[from] Stealth Rock
|
|-weather|none
|turn|9
|
|move|p2a: Thundurus|Thunderbolt|p1a: Scizor
|-damage|p1a: Scizor|55\/343
|-damage|p2a: Thundurus|270\/299|[from] item: Life Orb
|move|p1a: Scizor|U-turn|p2a: Thundurus
|-resisted|p2a: Thundurus
|-damage|p2a: Thundurus|135\/299
|join|DOGE EBINEST
|join|smogon test123
|
|switch|p1a: Lopunny|Lopunny-Mega, F|131\/271
|-damage|p1a: Lopunny|115\/271|[from] Stealth Rock
|
|turn|10
|
|move|p1a: Lopunny|Fake Out|p2a: Thundurus
|-damage|p2a: Thundurus|30\/299
|cant|p2a: Thundurus|flinch
|
|turn|11
|
|move|p2a: Thundurus|Thunder Wave|p1a: Lopunny
|-status|p1a: Lopunny|par
|cant|p1a: Lopunny|par
|
|turn|12
|
|move|p2a: Thundurus|Thunderbolt|p1a: Lopunny
|-damage|p1a: Lopunny|0 fnt
|-damage|p2a: Thundurus|1\/299|[from] item: Life Orb
|faint|p1a: Lopunny
|
|
|switch|p1a: Scizor|Scizor, M|55\/343
|-damage|p1a: Scizor|13\/343|[from] Stealth Rock
|turn|13
|
|switch|p2a: Volcarona|Volcarona, M|311\/311
|move|p1a: Scizor|Bullet Punch|p2a: Volcarona
|-resisted|p2a: Volcarona
|-damage|p2a: Volcarona|190\/311
|
|turn|14
|
|move|p1a: Scizor|Bullet Punch|p2a: Volcarona
|-resisted|p2a: Volcarona
|-damage|p2a: Volcarona|61\/311
|-status|p1a: Scizor|brn
|move|p2a: Volcarona|Giga Drain|p1a: Scizor
|-resisted|p1a: Scizor
|-damage|p1a: Scizor|0 fnt
|-heal|p2a: Volcarona|68\/311|[from] drain|[of] p1a: Scizor
|faint|p1a: Scizor
|
|
|switch|p1a: small|Manaphy|341\/341
|-damage|p1a: small|299\/341|[from] Stealth Rock
|turn|15
|join|Druides
|
|move|p2a: Volcarona|Giga Drain|p1a: small
|-crit|p1a: small
|-supereffective|p1a: small
|-damage|p1a: small|23\/341
|-heal|p2a: Volcarona|206\/311|[from] drain|[of] p1a: small
|move|p1a: small|Scald|p2a: Volcarona
|-supereffective|p2a: Volcarona
|-damage|p2a: Volcarona|0 fnt
|faint|p2a: Volcarona
|
|-heal|p1a: small|44\/341|[from] item: Leftovers
|
|switch|p2a: Tyranitar|Tyranitar, M|403\/403
|-weather|Sandstorm
|turn|16
|join|doge ebinest
|join|smogon test123
|
|move|p1a: small|Scald|p2a: Tyranitar
|-supereffective|p2a: Tyranitar
|-damage|p2a: Tyranitar|223\/403
|move|p2a: Tyranitar|Pursuit|p1a: small
|-damage|p1a: small|0 fnt
|faint|p1a: small
|
|-weather|Sandstorm|[upkeep]
|
|switch|p1a: Heatran|Heatran, F|386\/386
|-damage|p1a: Heatran|338\/386|[from] Stealth Rock
|turn|17
|
|move|p1a: Heatran|Toxic|p2a: Tyranitar
|-status|p2a: Tyranitar|tox
|move|p2a: Tyranitar|Earthquake|p1a: Heatran
|-supereffective|p1a: Heatran
|-damage|p1a: Heatran|0 fnt
|faint|p1a: Heatran
|
|-weather|Sandstorm|[upkeep]
|-damage|p2a: Tyranitar|198\/403 tox|[from] psn
|
|switch|p1a: Celebi|Celebi|404\/404
|-damage|p1a: Celebi|354\/404|[from] Stealth Rock
|turn|18
|
|move|p1a: Celebi|Giga Drain|p2a: Tyranitar
|-crit|p2a: Tyranitar
|-supereffective|p2a: Tyranitar
|-damage|p2a: Tyranitar|18\/403 tox
|-heal|p1a: Celebi|404\/404|[from] drain|[of] p2a: Tyranitar
|move|p2a: Tyranitar|Pursuit|p1a: Celebi
|-supereffective|p1a: Celebi
|-damage|p1a: Celebi|270\/404
|
|-weather|Sandstorm|[upkeep]
|-damage|p1a: Celebi|245\/404|[from] sandstorm
|-heal|p1a: Celebi|270\/404|[from] item: Leftovers
|-damage|p2a: Tyranitar|0 fnt|[from] psn
|faint|p2a: Tyranitar
|
|switch|p2a: Excadrill|Excadrill, M|361\/361
|turn|19
|
|move|p2a: Excadrill|Iron Head|p1a: Celebi
|-damage|p1a: Celebi|91\/404
|-damage|p2a: Excadrill|325\/361|[from] item: Life Orb
|move|p1a: Celebi|Recover|p1a: Celebi
|-heal|p1a: Celebi|293\/404
|
|-weather|Sandstorm|[upkeep]
|-damage|p1a: Celebi|268\/404|[from] sandstorm
|-heal|p1a: Celebi|293\/404|[from] item: Leftovers
|turn|20
|
|move|p2a: Excadrill|Iron Head|p1a: Celebi
|-damage|p1a: Celebi|112\/404
|-damage|p2a: Excadrill|289\/361|[from] item: Life Orb
|move|p1a: Celebi|Recover|p1a: Celebi
|-heal|p1a: Celebi|314\/404
|
|-weather|Sandstorm|[upkeep]
|-damage|p1a: Celebi|289\/404|[from] sandstorm
|-heal|p1a: Celebi|314\/404|[from] item: Leftovers
|turn|21
|
|move|p2a: Excadrill|Iron Head|p1a: Celebi
|-damage|p1a: Celebi|115\/404
|-damage|p2a: Excadrill|253\/361|[from] item: Life Orb
|cant|p1a: Celebi|flinch
|
|-weather|Sandstorm|[upkeep]
|-damage|p1a: Celebi|90\/404|[from] sandstorm
|-heal|p1a: Celebi|115\/404|[from] item: Leftovers
|turn|22
|
|switch|p1a: Mandibuzz|Mandibuzz, F|423\/423
|-damage|p1a: Mandibuzz|318\/423|[from] Stealth Rock
|move|p2a: Excadrill|Iron Head|p1a: Mandibuzz
|-damage|p1a: Mandibuzz|189\/423
|-damage|p2a: Excadrill|193\/361|[from] item: Rocky Helmet|[of] p1a: Mandibuzz
|-damage|p2a: Excadrill|157\/361|[from] item: Life Orb
|
|-weather|Sandstorm|[upkeep]
|turn|23
|
|move|p2a: Excadrill|Rock Slide|p1a: Mandibuzz
|-supereffective|p1a: Mandibuzz
|-damage|p1a: Mandibuzz|28\/423
|-damage|p2a: Excadrill|121\/361|[from] item: Life Orb
|cant|p1a: Mandibuzz|flinch
|
|-weather|none
|turn|24
|-message|lil manaphy forfeited.
|leave|lil manaphy
|
|win|Jack41
|raw|Ladder updating...
|player|p1
|raw|lil manaphy's rating: 1681 &rarr; <strong>1652<\/strong><br \/>(-29 for losing)
|raw|Jack41's rating: 1527 &rarr; <strong>1556<\/strong><br \/>(+29 for winning)