|join|adolin
|join|jack41
|player|p1|adolin|265
|player|p2|jack41|17
|gametype|singles
|gen|6
|tier|OU
|rated
|clearpoke
|poke|p1|Thundurus, M, shiny
|poke|p1|Ferrothorn, F
|poke|p1|Landorus, M
|poke|p1|Garchomp, M
|poke|p1|Keldeo
|poke|p1|Scizor, M
|poke|p2|Diancie
|poke|p2|Garchomp, F
|poke|p2|Bisharp, F
|poke|p2|Talonflame, F
|poke|p2|Dragonite, F
|poke|p2|Starmie
|rule|Swagger Clause: Swagger is banned
|rule|Baton Pass Clause: Limit one Pokémon knowing Baton Pass
|rule|Sleep Clause Mod: Limit one foe put to sleep
|rule|Species Clause: Limit one of each Pokémon
|rule|OHKO Clause: OHKO moves are banned
|rule|Moody Clause: Moody is banned
|rule|Evasion Moves Clause: Evasion moves are banned
|rule|Endless Battle Clause: Forcing endless battles is banned
|rule|HP Percentage Mod: HP is shown in percentages
|teampreview
|
|start
|switch|p1a: Garchomp|Garchomp, M|357\/357
|switch|p2a: Talonflame|Talonflame, F|297\/297
|turn|1
|
|switch|p2a: Starmie|Starmie|261\/261
|move|p1a: Garchomp|Outrage|p2a: Starmie
|-damage|p2a: Starmie|0 fnt
|-damage|p1a: Garchomp|322\/357|[from] item: Life Orb
|faint|p2a: Starmie
|
|
|switch|p2a: Diancie|Diancie|257\/257
|turn|2
|
|detailschange|p2a: Diancie|Diancie-Mega
|-mega|p2a: Diancie|Diancie|Diancite
|move|p1a: Garchomp|Outrage|p2a: Diancie
|-immune|p2a: Diancie|[msg]
|move|p2a: Diancie|Moonblast|p1a: Garchomp
|-supereffective|p1a: Garchomp
|-damage|p1a: Garchomp|0 fnt
|faint|p1a: Garchomp
|
|
|switch|p1a: Ferrothorn|Ferrothorn, F|352\/352
|turn|3
|
|switch|p2a: Talonflame|Talonflame, F|297\/297
|move|p1a: Ferrothorn|Stealth Rock|p2a: Talonflame
|-sidestart|p2: jack41|move: Stealth Rock
|
|turn|4
|
|move|p2a: Talonflame|Swords Dance|p2a: Talonflame
|-boost|p2a: Talonflame|atk|2
|move|p1a: Ferrothorn|Leech Seed|p2a: Talonflame
|-start|p2a: Talonflame|move: Leech Seed
|
|-damage|p2a: Talonflame|260\/297|[from] Leech Seed|[of] p1a: Ferrothorn
|turn|5
|
|switch|p1a: Master Bolt|Thundurus, M, shiny|299\/299
|move|p2a: Talonflame|Swords Dance|p2a: Talonflame
|-boost|p2a: Talonflame|atk|2
|
|-damage|p2a: Talonflame|223\/297|[from] Leech Seed|[of] p1a: Master Bolt
|turn|6
|
|move|p2a: Talonflame|Brave Bird|p1a: Master Bolt
|-resisted|p1a: Master Bolt
|-damage|p1a: Master Bolt|0 fnt
|-damage|p2a: Talonflame|124\/297|[from] recoil|[of] p1a: Master Bolt
|faint|p1a: Master Bolt
|
|
|switch|p1a: Kelsier|Keldeo|323\/323
|turn|7
|
|switch|p1a: Ferrothorn|Ferrothorn, F|352\/352
|move|p2a: Talonflame|Brave Bird|p1a: Ferrothorn
|-damage|p1a: Ferrothorn|40\/352
|-damage|p2a: Talonflame|87\/297|[from] ability: Iron Barbs|[of] p1a: Ferrothorn
|-damage|p2a: Talonflame|0 fnt|[from] recoil|[of] p1a: Ferrothorn
|faint|p2a: Talonflame
|
|-heal|p1a: Ferrothorn|62\/352|[from] item: Leftovers
|
|switch|p2a: Diancie|Diancie-Mega|257\/257
|-damage|p2a: Diancie|225\/257|[from] Stealth Rock
|turn|8
|
|move|p2a: Diancie|Moonblast|p1a: Ferrothorn
|-resisted|p1a: Ferrothorn
|-damage|p1a: Ferrothorn|0 fnt
|faint|p1a: Ferrothorn
|
|
|switch|p1a: The King's Slayer|Scizor, M|343\/343
|turn|9
|
|switch|p2a: Garchomp|Garchomp, F|357\/357
|-damage|p2a: Garchomp|335\/357|[from] Stealth Rock
|detailschange|p1a: The King's Slayer|Scizor-Mega, M
|-mega|p1a: The King's Slayer|Scizor|Scizorite
|move|p1a: The King's Slayer|Bullet Punch|p2a: Garchomp
|-damage|p2a: Garchomp|196\/357
|-damage|p1a: The King's Slayer|301\/343|[from] ability: Rough Skin|[of] p2a: Garchomp
|
|turn|10
|
|switch|p1a: Kelsier|Keldeo|323\/323
|move|p2a: Garchomp|Earthquake|p1a: Kelsier
|-damage|p1a: Kelsier|121\/323
|
|-heal|p1a: Kelsier|141\/323|[from] item: Leftovers
|turn|11
|
|move|p1a: Kelsier|Surf|p2a: Garchomp
|-damage|p2a: Garchomp|10\/357
|move|p2a: Garchomp|Earthquake|p1a: Kelsier
|-damage|p1a: Kelsier|0 fnt
|faint|p1a: Kelsier
|
|
|switch|p1a: The King's Slayer|Scizor-Mega, M|301\/343
|turn|12
|
|move|p1a: The King's Slayer|Bullet Punch|p2a: Garchomp
|-damage|p2a: Garchomp|0 fnt
|-damage|p1a: The King's Slayer|259\/343|[from] ability: Rough Skin|[of] p2a: Garchomp
|faint|p2a: Garchomp
|
|c|★jack41|u should name ur scizor Jaime
|
|switch|p2a: Dragonite|Dragonite, F|323\/323
|-damage|p2a: Dragonite|243\/323|[from] Stealth Rock
|turn|13
|
|move|p1a: The King's Slayer|Bullet Punch|p2a: Dragonite
|-damage|p2a: Dragonite|105\/323
|move|p2a: Dragonite|Dragon Dance|p2a: Dragonite
|-boost|p2a: Dragonite|atk|1
|-boost|p2a: Dragonite|spe|1
|
|turn|14
|
|move|p2a: Dragonite|Extreme Speed|p1a: The King's Slayer
|-resisted|p1a: The King's Slayer
|-damage|p1a: The King's Slayer|194\/343
|move|p1a: The King's Slayer|Bullet Punch|p2a: Dragonite
|-damage|p2a: Dragonite|0 fnt
|faint|p2a: Dragonite
|
|
|switch|p2a: Bisharp|Bisharp, F|271\/271
|-damage|p2a: Bisharp|255\/271|[from] Stealth Rock
|turn|15
|
|move|p2a: Bisharp|Swords Dance|p2a: Bisharp
|-boost|p2a: Bisharp|atk|2
|move|p1a: The King's Slayer|Bug Bite|p2a: Bisharp
|-damage|p2a: Bisharp|48\/271
|
|turn|16
|
|move|p2a: Bisharp|Knock Off|p1a: The King's Slayer
|-damage|p1a: The King's Slayer|0 fnt
|faint|p1a: The King's Slayer
|
|
|switch|p1a: Priest|Landorus, M|320\/320
|turn|17
|
|move|p2a: Bisharp|Sucker Punch|p1a: Priest
|-fail|p1a: Priest
|move|p1a: Priest|Rock Polish|p1a: Priest
|-boost|p1a: Priest|spe|2
|
|turn|18
|
|move|p2a: Bisharp|Sucker Punch|p1a: Priest
|-damage|p1a: Priest|7\/320
|move|p1a: Priest|Earth Power|p2a: Bisharp
|-supereffective|p2a: Bisharp
|-damage|p2a: Bisharp|0 fnt
|faint|p2a: Bisharp
|
|c|★adolin|gg
|c|★jack41|nooo
|c|★jack41|gg
|
|switch|p2a: Diancie|Diancie-Mega|225\/257
|-damage|p2a: Diancie|193\/257|[from] Stealth Rock
|turn|19
|
|move|p1a: Priest|Earth Power|p2a: Diancie
|-supereffective|p2a: Diancie
|-damage|p2a: Diancie|0 fnt
|faint|p2a: Diancie
|
|win|adolin
|raw|Ladder updating...
|raw|adolin's rating: 1612 &rarr; <strong>1633<\/strong><br \/>(+21 for winning)
|raw|jack41's rating: 1634 &rarr; <strong>1613<\/strong><br \/>(-21 for losing)
|leave|jack41
|player|p2