|join|trythroughwalls
|join|canusurvive
|player|p1|trythroughwalls|169
|player|p2|canusurvive|130
|gametype|singles
|gen|6
|tier|OU
|rated
|clearpoke
|poke|p1|Quagsire, M
|poke|p1|Amoonguss, F
|poke|p1|Skarmory, F
|poke|p1|Sableye, M
|poke|p1|Chansey, F
|poke|p1|Clefable, M
|poke|p2|Landorus-Therian, M
|poke|p2|Sharpedo, M
|poke|p2|Scizor, F
|poke|p2|Klefki, F
|poke|p2|Raikou
|poke|p2|Latios, M
|rule|Swagger Clause: Swagger is banned
|rule|Baton Pass Clause: Limit one Pokémon knowing Baton Pass
|rule|Sleep Clause Mod: Limit one foe put to sleep
|rule|Species Clause: Limit one of each Pokémon
|rule|OHKO Clause: OHKO moves are banned
|rule|Moody Clause: Moody is banned
|rule|Evasion Moves Clause: Evasion moves are banned
|rule|Endless Battle Clause: Forcing endless battles is banned
|rule|HP Percentage Mod: HP is shown in percentages
|teampreview
|
|start
|switch|p1a: Sableye|Sableye, M|304\/304
|switch|p2a: Raikou|Raikou|321\/321
|-ability|p2a: Raikou|Pressure
|turn|1
|
|detailschange|p1a: Sableye|Sableye-Mega, M
|-mega|p1a: Sableye|Sableye|Sablenite
|move|p2a: Raikou|Thunderbolt|p1a: Sableye
|-damage|p1a: Sableye|135\/304
|move|p1a: Sableye|Knock Off|p2a: Raikou
|-damage|p2a: Raikou|210\/321
|-enditem|p2a: Raikou|Choice Specs|[from] move: Knock Off|[of] p1a: Sableye
|
|turn|2
|
|move|p2a: Raikou|Thunderbolt|p1a: Sableye
|-damage|p1a: Sableye|23\/304
|move|p1a: Sableye|Recover|p1a: Sableye
|-heal|p1a: Sableye|175\/304
|
|turn|3
|
|move|p2a: Raikou|Thunderbolt|p1a: Sableye
|-damage|p1a: Sableye|64\/304
|move|p1a: Sableye|Recover|p1a: Sableye
|-heal|p1a: Sableye|216\/304
|
|turn|4
|
|move|p2a: Raikou|Thunderbolt|p1a: Sableye
|-damage|p1a: Sableye|105\/304
|move|p1a: Sableye|Recover|p1a: Sableye
|-heal|p1a: Sableye|257\/304
|
|turn|5
|
|move|p2a: Raikou|Thunderbolt|p1a: Sableye
|-damage|p1a: Sableye|148\/304
|move|p1a: Sableye|Recover|p1a: Sableye
|-heal|p1a: Sableye|300\/304
|
|turn|6
|
|move|p2a: Raikou|Thunderbolt|p1a: Sableye
|-damage|p1a: Sableye|185\/304
|move|p1a: Sableye|Toxic|p2a: Raikou
|-status|p2a: Raikou|tox
|
|-damage|p2a: Raikou|190\/321 tox|[from] psn
|turn|7
|
|move|p2a: Raikou|Thunderbolt|p1a: Sableye
|-damage|p1a: Sableye|56\/304
|-status|p1a: Sableye|par
|move|p1a: Sableye|Recover|p1a: Sableye
|-heal|p1a: Sableye|208\/304 par
|
|-damage|p2a: Raikou|150\/321 tox|[from] psn
|turn|8
|
|switch|p1a: Chansey|Chansey, F|703\/703
|move|p2a: Raikou|Thunderbolt|p1a: Chansey
|-damage|p1a: Chansey|607\/703
|
|-damage|p2a: Raikou|90\/321 tox|[from] psn
|turn|9
|
|move|p2a: Raikou|Volt Switch|p1a: Chansey
|-damage|p1a: Chansey|522\/703
|
|switch|p2a: Scizor|Scizor, F|289\/289
|move|p1a: Chansey|Stealth Rock|p2a: Scizor
|-sidestart|p2: canusurvive|move: Stealth Rock
|
|turn|10
|
|switch|p1a: Amoonguss|Amoonguss, F|432\/432
|move|p2a: Scizor|Swords Dance|p2a: Scizor
|-boost|p2a: Scizor|atk|2
|
|turn|11
|
|switch|p1a: Quagsire|Quagsire, M|394\/394
|move|p2a: Scizor|Bug Bite|p1a: Quagsire
|-damage|p1a: Quagsire|222\/394
|-damage|p2a: Scizor|261\/289|[from] item: Life Orb
|
|-heal|p1a: Quagsire|246\/394|[from] item: Leftovers
|turn|12
|
|move|p2a: Scizor|Bug Bite|p1a: Quagsire
|-damage|p1a: Quagsire|65\/394
|-damage|p2a: Scizor|233\/289|[from] item: Life Orb
|move|p1a: Quagsire|Recover|p1a: Quagsire
|-heal|p1a: Quagsire|262\/394
|
|-heal|p1a: Quagsire|286\/394|[from] item: Leftovers
|turn|13
|
|switch|p2a: Raikou|Raikou|90\/321 tox
|-damage|p2a: Raikou|50\/321 tox|[from] Stealth Rock
|-ability|p2a: Raikou|Pressure
|move|p1a: Quagsire|Recover|p1a: Quagsire
|-heal|p1a: Quagsire|394\/394
|
|-damage|p2a: Raikou|30\/321 tox|[from] psn
|turn|14
|
|move|p2a: Raikou|Shadow Ball|p1a: Quagsire
|-damage|p1a: Quagsire|248\/394
|-unboost|p1a: Quagsire|spd|1
|move|p1a: Quagsire|Recover|p1a: Quagsire
|-heal|p1a: Quagsire|394\/394
|
|-damage|p2a: Raikou|0 fnt|[from] psn
|faint|p2a: Raikou
|
|switch|p2a: Latios|Latios, M|309\/309
|-damage|p2a: Latios|271\/309|[from] Stealth Rock
|turn|15
|
|switch|p1a: Chansey|Chansey, F|522\/703
|move|p2a: Latios|Calm Mind|p2a: Latios
|-boost|p2a: Latios|spa|1
|-boost|p2a: Latios|spd|1
|
|turn|16
|
|move|p2a: Latios|Psyshock|p1a: Chansey
|-damage|p1a: Chansey|163\/703
|-damage|p2a: Latios|241\/309|[from] item: Life Orb
|move|p1a: Chansey|Soft-Boiled|p1a: Chansey
|-heal|p1a: Chansey|515\/703
|
|turn|17
|
|move|p2a: Latios|Calm Mind|p2a: Latios
|-boost|p2a: Latios|spa|1
|-boost|p2a: Latios|spd|1
|move|p1a: Chansey|Soft-Boiled|p1a: Chansey
|-heal|p1a: Chansey|703\/703
|
|turn|18
|
|switch|p1a: Clefable|Clefable, M|393\/393
|move|p2a: Latios|Psyshock|p1a: Clefable
|-damage|p1a: Clefable|224\/393
|-damage|p2a: Latios|211\/309|[from] item: Life Orb
|
|-heal|p1a: Clefable|248\/393|[from] item: Leftovers
|turn|19
|
|move|p2a: Latios|Psyshock|p1a: Clefable
|-crit|p1a: Clefable
|-damage|p1a: Clefable|0 fnt
|-damage|p2a: Latios|181\/309|[from] item: Life Orb
|faint|p1a: Clefable
|
|
|switch|p1a: Quagsire|Quagsire, M|394\/394
|turn|20
|
|move|p2a: Latios|Draco Meteor|p1a: Quagsire
|-damage|p1a: Quagsire|8\/394
|-unboost|p2a: Latios|spa|2
|-damage|p2a: Latios|151\/309|[from] item: Life Orb
|move|p1a: Quagsire|Toxic|p2a: Latios
|-status|p2a: Latios|tox
|
|-heal|p1a: Quagsire|32\/394|[from] item: Leftovers
|-damage|p2a: Latios|132\/309 tox|[from] psn
|turn|21
|
|switch|p1a: Sableye|Sableye-Mega, M|208\/304 par
|move|p2a: Latios|Psyshock|p1a: Sableye
|-immune|p1a: Sableye|[msg]
|
|-damage|p2a: Latios|94\/309 tox|[from] psn
|turn|22
|
|switch|p1a: Chansey|Chansey, F|703\/703
|move|p2a: Latios|Recover|p2a: Latios
|-heal|p2a: Latios|249\/309 tox
|
|-damage|p2a: Latios|192\/309 tox|[from] psn
|turn|23
|
|switch|p2a: Landorus-Therian|Landorus-Therian, M|337\/337
|-damage|p2a: Landorus-Therian|295\/337|[from] Stealth Rock
|-ability|p2a: Landorus-Therian|Intimidate|[of] p1a: Chansey
|-unboost|p1a: Chansey|atk|1
|move|p1a: Chansey|Seismic Toss|p2a: Landorus-Therian
|-damage|p2a: Landorus-Therian|195\/337
|
|turn|24
|
|switch|p1a: Amoonguss|Amoonguss, F|432\/432
|move|p2a: Landorus-Therian|Stealth Rock|p1a: Amoonguss
|-sidestart|p1: trythroughwalls|move: Stealth Rock
|
|turn|25
|
|move|p2a: Landorus-Therian|Earthquake|p1a: Amoonguss
|-damage|p1a: Amoonguss|174\/432
|move|p1a: Amoonguss|Payback|p2a: Landorus-Therian
|-damage|p2a: Landorus-Therian|119\/337
|
|-heal|p1a: Amoonguss|201\/432|[from] item: Black Sludge
|turn|26
|
|switch|p1a: Skarmory|Skarmory, F|333\/333
|-damage|p1a: Skarmory|292\/333|[from] Stealth Rock
|move|p2a: Landorus-Therian|Earthquake|p1a: Skarmory
|-immune|p1a: Skarmory|[msg]
|
|turn|27
|
|move|p2a: Landorus-Therian|Smack Down|p1a: Skarmory
|-crit|p1a: Skarmory
|-damage|p1a: Skarmory|218\/333
|-start|p1a: Skarmory|Smack Down
|move|p1a: Skarmory|Defog|p2a: Landorus-Therian
|-unboost|p2a: Landorus-Therian|evasion|1
|-sideend|p2: canusurvive|Stealth Rock|[from] move: Defog|[of] p2a: Landorus-Therian
|-sideend|p1: trythroughwalls|Stealth Rock|[from] move: Defog|[of] p1a: Skarmory
|
|turn|28
|
|switch|p1a: Amoonguss|Amoonguss, F|345\/432
|move|p2a: Landorus-Therian|Earthquake|p1a: Amoonguss
|-damage|p1a: Amoonguss|63\/432
|
|-heal|p1a: Amoonguss|90\/432|[from] item: Black Sludge
|turn|29
|
|switch|p1a: Chansey|Chansey, F|703\/703
|move|p2a: Landorus-Therian|Smack Down|p1a: Chansey
|-crit|p1a: Chansey
|-damage|p1a: Chansey|554\/703
|
|turn|30
|
|move|p2a: Landorus-Therian|Stealth Rock|p1a: Chansey
|-sidestart|p1: trythroughwalls|move: Stealth Rock
|move|p1a: Chansey|Soft-Boiled|p1a: Chansey
|-heal|p1a: Chansey|703\/703
|
|turn|31
|
|move|p2a: Landorus-Therian|Earthquake|p1a: Chansey
|-crit|p1a: Chansey
|-damage|p1a: Chansey|196\/703
|move|p1a: Chansey|Seismic Toss|p2a: Landorus-Therian
|-damage|p2a: Landorus-Therian|19\/337
|
|turn|32
|-message|trythroughwalls forfeited.
|
|win|canusurvive
|raw|Ladder updating...
|leave|trythroughwalls
|player|p1
|raw|trythroughwalls's rating: 1669 &rarr; <strong>1647<\/strong><br \/>(-22 for losing)
|raw|canusurvive's rating: 1635 &rarr; <strong>1657<\/strong><br \/>(+22 for winning)