|join|red lttm
|join|BashinTosh
|player|p1|red lttm|10
|player|p2|BashinTosh|101
|gametype|singles
|gen|6
|tier|UU
|rated
|rule|Sleep Clause Mod: Limit one foe put to sleep
|rule|Species Clause: Limit one of each Pokémon
|rule|OHKO Clause: OHKO moves are banned
|rule|Moody Clause: Moody is banned
|rule|Evasion Moves Clause: Evasion moves are banned
|rule|Endless Battle Clause: Forcing endless battles is banned
|rule|HP Percentage Mod: HP is shown in percentages
|clearpoke
|poke|p1|Celebi
|poke|p1|Cobalion
|poke|p1|Ampharos, F
|poke|p1|Swampert, F
|poke|p1|Crobat, F
|poke|p1|Mienshao, M
|poke|p2|Sceptile, F
|poke|p2|Galvantula, M
|poke|p2|Honchkrow, M
|poke|p2|Mienshao, F
|poke|p2|Suicune
|poke|p2|Darmanitan, F
|rule|Swagger Clause: Swagger is banned
|rule|Baton Pass Clause: Limit one Pokémon knowing Baton Pass
|teampreview
|
|start
|switch|p1a: Crobat|Crobat, F|321\/321
|switch|p2a: Sceptile|Sceptile, F|281\/281
|turn|1
|
|switch|p2a: Suicune|Suicune|404\/404
|-ability|p2a: Suicune|Pressure
|move|p1a: Crobat|Acrobatics|p2a: Suicune
|-damage|p2a: Suicune|310\/404
|
|-heal|p2a: Suicune|335\/404|[from] item: Leftovers
|turn|2
|
|move|p1a: Crobat|Taunt|p2a: Suicune
|-start|p2a: Suicune|move: Taunt
|move|p2a: Suicune|Scald|p1a: Crobat
|-damage|p1a: Crobat|216\/321
|
|-heal|p2a: Suicune|360\/404|[from] item: Leftovers
|turn|3
|
|switch|p1a: Celebi|Celebi|341\/341
|switch|p2a: Honchkrow|Honchkrow, M|341\/341
|
|turn|4
|join|RowDog
|join|watfor
|c| watfor|riiip
|
|move|p1a: Celebi|Nasty Plot|p1a: Celebi
|-boost|p1a: Celebi|spa|2
|move|p2a: Honchkrow|Pursuit|p1a: Celebi
|-supereffective|p1a: Celebi
|-damage|p1a: Celebi|130\/341
|-damage|p2a: Honchkrow|307\/341|[from] item: Life Orb
|
|-heal|p1a: Celebi|151\/341|[from] item: Leftovers
|turn|5
|
|move|p1a: Celebi|Nasty Plot|p1a: Celebi
|-boost|p1a: Celebi|spa|2
|move|p2a: Honchkrow|Pursuit|p1a: Celebi
|-supereffective|p1a: Celebi
|-damage|p1a: Celebi|0 fnt
|-damage|p2a: Honchkrow|273\/341|[from] item: Life Orb
|faint|p1a: Celebi
|-boost|p2a: Honchkrow|atk|1|[from] ability: Moxie
|
|c|★BashinTosh|lol
|join|wolfenstein
|leave|wolfenstein
|leave|RowDog
|c|★red lttm|that was p real
|c|★red lttm|I had d gleam
|
|switch|p1a: Mienshao|Mienshao, M|271\/271
|turn|6
|c| watfor|sucker crit will kill here
|c| watfor|risk it imo
|c| watfor|:^]]]
|c|★red lttm|shh
|
|switch|p2a: Suicune|Suicune|360\/404
|-ability|p2a: Suicune|Pressure
|move|p1a: Mienshao|High Jump Kick|p2a: Suicune
|-crit|p2a: Suicune
|-damage|p2a: Suicune|75\/404
|
|-heal|p2a: Suicune|100\/404|[from] item: Leftovers
|turn|7
|
|move|p1a: Mienshao|High Jump Kick|p2a: Suicune
|-damage|p2a: Suicune|0 fnt
|faint|p2a: Suicune
|
|
|switch|p2a: Honchkrow|Honchkrow, M|273\/341
|turn|8
|
|move|p2a: Honchkrow|Sucker Punch|p1a: Mienshao
|-resisted|p1a: Mienshao
|-damage|p1a: Mienshao|116\/271
|-damage|p2a: Honchkrow|239\/341|[from] item: Life Orb
|move|p1a: Mienshao|High Jump Kick|p2a: Honchkrow
|-damage|p2a: Honchkrow|0 fnt
|faint|p2a: Honchkrow
|
|
|switch|p2a: Sceptile|Sceptile, F|281\/281
|turn|9
|
|detailschange|p2a: Sceptile|Sceptile-Mega, F
|-mega|p2a: Sceptile|Sceptile|Sceptilite
|move|p1a: Mienshao|High Jump Kick|p2a: Sceptile
|-damage|p2a: Sceptile|0 fnt
|faint|p2a: Sceptile
|
|
|switch|p2a: Galvantula|Galvantula, M|281\/281
|turn|10
|
|move|p1a: Mienshao|High Jump Kick|p2a: Galvantula
|-resisted|p2a: Galvantula
|-damage|p2a: Galvantula|83\/281
|move|p2a: Galvantula|Bug Buzz|p1a: Mienshao
|-resisted|p1a: Mienshao
|-damage|p1a: Mienshao|20\/271
|
|turn|11
|
|move|p1a: Mienshao|High Jump Kick|p2a: Galvantula
|-resisted|p2a: Galvantula
|-damage|p2a: Galvantula|0 fnt
|faint|p2a: Galvantula
|
|
|switch|p2a: Mienshao|Mienshao, F|271\/271
|turn|12
|
|switch|p1a: Crobat|Crobat, F|216\/321
|move|p2a: Mienshao|Fake Out|p1a: Crobat
|-damage|p1a: Crobat|143\/321
|-damage|p2a: Mienshao|244\/271|[from] item: Life Orb
|
|turn|13
|
|switch|p2a: Darmanitan|Darmanitan, F|351\/351
|move|p1a: Crobat|Acrobatics|p2a: Darmanitan
|-damage|p2a: Darmanitan|84\/351
|
|turn|14
|
|switch|p1a: Swampert|Swampert, F|404\/404
|move|p2a: Darmanitan|U-turn|p1a: Swampert
|-damage|p1a: Swampert|334\/404
|
|switch|p2a: Mienshao|Mienshao, F|271\/271
|
|-heal|p1a: Swampert|359\/404|[from] item: Leftovers
|turn|15
|
|switch|p1a: Cobalion|Cobalion|323\/323
|move|p2a: Mienshao|Fake Out|p1a: Cobalion
|-resisted|p1a: Cobalion
|-damage|p1a: Cobalion|300\/323
|-damage|p2a: Mienshao|244\/271|[from] item: Life Orb
|
|-heal|p1a: Cobalion|320\/323|[from] item: Leftovers
|turn|16
|
|move|p1a: Cobalion|Close Combat|p2a: Mienshao
|-damage|p2a: Mienshao|3\/271
|-unboost|p1a: Cobalion|def|1
|-unboost|p1a: Cobalion|spd|1
|move|p2a: Mienshao|High Jump Kick|p1a: Cobalion|[miss]
|-miss|p2a: Mienshao|p1a: Cobalion
|-damage|p2a: Mienshao|0 fnt|[from] highjumpkick
|faint|p2a: Mienshao
|
|-heal|p1a: Cobalion|323\/323|[from] item: Leftovers
|c|★BashinTosh|im done lol
|
|switch|p2a: Darmanitan|Darmanitan, F|84\/351
|turn|17
|-message|BashinTosh forfeited.
|
|win|red lttm
|raw|Ladder updating...
|leave|BashinTosh
|player|p2
|raw|red lttm's rating: 1260 &rarr; <strong>1279<\/strong><br \/>(+19 for winning)
|raw|BashinTosh's rating: 1186 &rarr; <strong>1166<\/strong><br \/>(-20 for losing)
|c|★red lttm|LOL
|c| watfor|g_g
|c| watfor|:^]
|leave|watfor
|leave|red lttm
|player|p1
|join|red lttm