|join|Red LTTM
|join|Nappy
|player|p1|Red LTTM|10
|player|p2|Nappy|170
|gametype|singles
|gen|6
|tier|UU
|rated
|rule|Sleep Clause Mod: Limit one foe put to sleep
|rule|Species Clause: Limit one of each Pokémon
|rule|OHKO Clause: OHKO moves are banned
|rule|Moody Clause: Moody is banned
|rule|Evasion Moves Clause: Evasion moves are banned
|rule|Endless Battle Clause: Forcing endless battles is banned
|rule|HP Percentage Mod: HP is shown in percentages
|clearpoke
|poke|p1|Nidoqueen, F
|poke|p1|Jirachi
|poke|p1|Alakazam, M
|poke|p1|Hydreigon, M
|poke|p1|Krookodile, F
|poke|p1|Ampharos, F
|poke|p2|Honchkrow, M
|poke|p2|Vivillon, M, shiny
|poke|p2|Flygon, M, shiny
|poke|p2|Azelf
|poke|p2|Florges, F
|poke|p2|Aggron, M
|rule|Swagger Clause: Swagger is banned
|rule|Baton Pass Clause: Limit one Pokémon knowing Baton Pass
|teampreview
|c|★Nappy|glhf
|
|start
|switch|p1a: Jirachi|Jirachi|341\/341
|switch|p2a: Azelf|Azelf|292\/292
|turn|1
|c|★Red LTTM|you too man
|
|move|p1a: Jirachi|Iron Head|p2a: Azelf
|-damage|p2a: Azelf|127\/292
|cant|p2a: Azelf|flinch
|
|turn|2
|leave|Nappy
|player|p2
|c|★Red LTTM|LOL
|-message|nappy lost due to inactivity.
|
|win|Red LTTM
|raw|Ladder updating...
|raw|Red LTTM's rating: 1250 &rarr; <strong>1272<\/strong><br \/>(+22 for winning)
|raw|Nappy's rating: 1213 &rarr; <strong>1190<\/strong><br \/>(-23 for losing)