|join|red lttm
|join|zoid's warhorse
|player|p1|red lttm|10
|player|p2|zoid's warhorse|188
|gametype|singles
|gen|6
|tier|UU
|rated
|rule|Sleep Clause Mod: Limit one foe put to sleep
|rule|Species Clause: Limit one of each Pokémon
|rule|OHKO Clause: OHKO moves are banned
|rule|Moody Clause: Moody is banned
|rule|Evasion Moves Clause: Evasion moves are banned
|rule|Endless Battle Clause: Forcing endless battles is banned
|rule|HP Percentage Mod: HP is shown in percentages
|clearpoke
|poke|p1|Celebi
|poke|p1|Entei, shiny
|poke|p1|Ampharos, F
|poke|p1|Swampert, M
|poke|p1|Crobat, M
|poke|p1|Mienshao, M
|poke|p2|Aerodactyl, F
|poke|p2|Azelf
|poke|p2|Dragalge, M
|poke|p2|Lucario, F
|poke|p2|Magneton
|poke|p2|Serperior, F
|rule|Swagger Clause: Swagger is banned
|rule|Baton Pass Clause: Limit one Pokémon knowing Baton Pass
|teampreview
|
|start
|switch|p1a: Mienshao|Mienshao, M|271\/271
|switch|p2a: Azelf|Azelf|291\/291
|turn|1
|
|move|p1a: Mienshao|U-turn|p2a: Azelf
|-supereffective|p2a: Azelf
|-damage|p2a: Azelf|73\/291
|
|switch|p1a: Entei|Entei, shiny|371\/371
|-ability|p1a: Entei|Pressure
|move|p2a: Azelf|Stealth Rock|p1a: Entei
|-sidestart|p1: red lttm|move: Stealth Rock
|
|turn|2
|
|switch|p2a: Dragalge|Dragalge, M|317\/317
|move|p1a: Entei|Extreme Speed|p2a: Dragalge
|-damage|p2a: Dragalge|154\/317
|
|turn|3
|
|switch|p2a: Magneton|Magneton|303\/303
|move|p1a: Entei|Extreme Speed|p2a: Magneton
|-resisted|p2a: Magneton
|-damage|p2a: Magneton|250\/303
|
|turn|4
|
|switch|p1a: Ampharos|Ampharos, F|347\/347
|-damage|p1a: Ampharos|304\/347|[from] Stealth Rock
|move|p2a: Magneton|Volt Switch|p1a: Ampharos
|-resisted|p1a: Ampharos
|-damage|p1a: Ampharos|233\/347
|
|switch|p2a: Azelf|Azelf|73\/291
|
|turn|5
|
|detailschange|p1a: Ampharos|Ampharos-Mega, F
|-mega|p1a: Ampharos|Ampharos|Ampharosite
|-ability|p1a: Ampharos|Mold Breaker
|move|p2a: Azelf|Explosion|p1a: Ampharos
|-damage|p1a: Ampharos|0 fnt
|faint|p2a: Azelf
|faint|p1a: Ampharos
|
|
|switch|p1a: Mienshao|Mienshao, M|271\/271
|switch|p2a: Magneton|Magneton|250\/303
|-damage|p1a: Mienshao|255\/271|[from] Stealth Rock
|turn|6
|
|move|p1a: Mienshao|High Jump Kick|p2a: Magneton
|-supereffective|p2a: Magneton
|-damage|p2a: Magneton|0 fnt
|faint|p2a: Magneton
|
|
|switch|p2a: Dragalge|Dragalge, M|154\/317
|turn|7
|
|switch|p1a: Celebi|Celebi|341\/341
|-damage|p1a: Celebi|299\/341|[from] Stealth Rock
|move|p2a: Dragalge|Sludge Wave|p1a: Celebi
|-supereffective|p1a: Celebi
|-damage|p1a: Celebi|0 fnt
|faint|p1a: Celebi
|
|
|switch|p1a: Crobat|Crobat, M|321\/321
|-damage|p1a: Crobat|241\/321|[from] Stealth Rock
|turn|8
|
|switch|p2a: Aerodactyl|Aerodactyl, F|302\/302
|-ability|p2a: Aerodactyl|Unnerve|p1: red lttm
|move|p1a: Crobat|Acrobatics|p2a: Aerodactyl
|-crit|p2a: Aerodactyl
|-resisted|p2a: Aerodactyl
|-damage|p2a: Aerodactyl|126\/302
|
|turn|9
|
|switch|p1a: Swampert|Swampert, M|404\/404
|-damage|p1a: Swampert|379\/404|[from] Stealth Rock
|detailschange|p2a: Aerodactyl|Aerodactyl-Mega, F
|-mega|p2a: Aerodactyl|Aerodactyl|Aerodactylite
|move|p2a: Aerodactyl|Aerial Ace|p1a: Swampert
|-damage|p1a: Swampert|274\/404
|
|-heal|p1a: Swampert|299\/404|[from] item: Leftovers
|turn|10
|
|switch|p2a: Serperior|Serperior, F|296\/296
|move|p1a: Swampert|Stealth Rock|p2a: Serperior
|-sidestart|p2: zoid's warhorse|move: Stealth Rock
|
|-heal|p1a: Swampert|324\/404|[from] item: Leftovers
|turn|11
|
|switch|p1a: Crobat|Crobat, M|241\/321
|-damage|p1a: Crobat|161\/321|[from] Stealth Rock
|move|p2a: Serperior|Leaf Storm|p1a: Crobat|[miss]
|-miss|p2a: Serperior|p1a: Crobat
|
|turn|12
|
|move|p1a: Crobat|Acrobatics|p2a: Serperior
|-supereffective|p2a: Serperior
|-damage|p2a: Serperior|0 fnt
|faint|p2a: Serperior
|
|
|switch|p2a: Lucario|Lucario, F|289\/289
|-damage|p2a: Lucario|280\/289|[from] Stealth Rock
|turn|13
|
|move|p1a: Crobat|Acrobatics|p2a: Lucario
|-damage|p2a: Lucario|70\/289
|move|p2a: Lucario|Swords Dance|p2a: Lucario
|-boost|p2a: Lucario|atk|2
|
|turn|14
|
|move|p2a: Lucario|Extreme Speed|p1a: Crobat
|-crit|p1a: Crobat
|-damage|p1a: Crobat|0 fnt
|-damage|p2a: Lucario|42\/289|[from] item: Life Orb
|faint|p1a: Crobat
|
|
|switch|p1a: Entei|Entei, shiny|371\/371
|-damage|p1a: Entei|279\/371|[from] Stealth Rock
|-ability|p1a: Entei|Pressure
|turn|15
|
|move|p1a: Entei|Extreme Speed|p2a: Lucario
|-resisted|p2a: Lucario
|-damage|p2a: Lucario|0 fnt
|faint|p2a: Lucario
|
|
|switch|p2a: Aerodactyl|Aerodactyl-Mega, F|126\/302
|-damage|p2a: Aerodactyl|51\/302|[from] Stealth Rock
|turn|16
|
|move|p1a: Entei|Extreme Speed|p2a: Aerodactyl
|-resisted|p2a: Aerodactyl
|-damage|p2a: Aerodactyl|0 fnt
|faint|p2a: Aerodactyl
|
|
|switch|p2a: Dragalge|Dragalge, M|154\/317
|-damage|p2a: Dragalge|115\/317|[from] Stealth Rock
|turn|17
|
|move|p1a: Entei|Extreme Speed|p2a: Dragalge
|-damage|p2a: Dragalge|0 fnt
|faint|p2a: Dragalge
|
|win|red lttm
|raw|Ladder updating...
|raw|red lttm's rating: 1328 &rarr; <strong>1343<\/strong><br \/>(+15 for winning)
|raw|zoid&apos;s warhorse's rating: 1227 &rarr; <strong>1209<\/strong><br \/>(-18 for losing)
|c|★zoid's warhorse|gg