|join|juancartested
|join|ult rh156
|player|p1|juancartested|144
|player|p2|ult rh156|25
|gametype|singles
|gen|6
|tier|UU
|rated
|rule|Sleep Clause Mod: Limit one foe put to sleep
|rule|Species Clause: Limit one of each Pokémon
|rule|OHKO Clause: OHKO moves are banned
|rule|Moody Clause: Moody is banned
|rule|Evasion Moves Clause: Evasion moves are banned
|rule|Endless Battle Clause: Forcing endless battles is banned
|rule|HP Percentage Mod: HP is shown in percentages
|clearpoke
|poke|p1|Forretress, M
|poke|p1|Chandelure, M, shiny
|poke|p1|Chesnaught, M
|poke|p1|Jirachi
|poke|p1|Vaporeon, F
|poke|p1|Mienshao, M
|poke|p2|Reuniclus, F
|poke|p2|Hippowdon, F
|poke|p2|Stoutland, F
|poke|p2|Jirachi
|poke|p2|Dragalge, M
|poke|p2|Aerodactyl, F
|rule|Swagger Clause: Swagger is banned
|rule|Baton Pass Clause: Limit one Pokémon knowing Baton Pass
|teampreview
|
|start
|switch|p1a: Vaporeon|Vaporeon, F|464\/464
|switch|p2a: Aerodactyl|Aerodactyl, F|311\/311
|-ability|p2a: Aerodactyl|Pressure
|turn|1
|
|switch|p2a: Reuniclus|Reuniclus, F|416\/416
|move|p1a: Vaporeon|Scald|p2a: Reuniclus
|-damage|p2a: Reuniclus|307\/416
|
|-heal|p2a: Reuniclus|333\/416|[from] item: Leftovers
|turn|2
|
|switch|p1a: Chandelure|Chandelure, M, shiny|279\/279
|switch|p2a: Dragalge|Dragalge, M|333\/333
|
|turn|3
|
|move|p1a: Chandelure|Substitute|p1a: Chandelure
|-start|p1a: Chandelure|Substitute
|-damage|p1a: Chandelure|210\/279
|move|p2a: Dragalge|Toxic Spikes|p1a: Chandelure
|-sidestart|p1: juancartested|move: Toxic Spikes
|
|-heal|p1a: Chandelure|227\/279|[from] item: Leftovers
|turn|4
|
|move|p1a: Chandelure|Calm Mind|p1a: Chandelure
|-boost|p1a: Chandelure|spa|1
|-boost|p1a: Chandelure|spd|1
|move|p2a: Dragalge|Haze|p2a: Dragalge
|-clearallboost
|
|-heal|p1a: Chandelure|244\/279|[from] item: Leftovers
|turn|5
|join|Snowballin
|join|ult toenail
|
|switch|p2a: Hippowdon|Hippowdon, F|419\/419
|-weather|Sandstorm
|move|p1a: Chandelure|Shadow Ball|p2a: Hippowdon
|-damage|p2a: Hippowdon|290\/419
|
|-weather|Sandstorm|[upkeep]
|-damage|p1a: Chandelure|227\/279|[from] sandstorm
|-heal|p1a: Chandelure|244\/279|[from] item: Leftovers
|turn|6
|
|move|p1a: Chandelure|Flamethrower|p2a: Hippowdon
|-damage|p2a: Hippowdon|152\/419
|-status|p2a: Hippowdon|brn
|move|p2a: Hippowdon|Earthquake|p1a: Chandelure
|-supereffective|p1a: Chandelure
|-end|p1a: Chandelure|Substitute
|
|-weather|Sandstorm|[upkeep]
|-damage|p1a: Chandelure|227\/279|[from] sandstorm
|-heal|p1a: Chandelure|244\/279|[from] item: Leftovers
|-damage|p2a: Hippowdon|100\/419 brn|[from] brn
|turn|7
|join|gobosox
|leave|gobosox
|
|switch|p2a: Aerodactyl|Aerodactyl, F|311\/311
|-ability|p2a: Aerodactyl|Pressure
|move|p1a: Chandelure|Shadow Ball|p2a: Aerodactyl
|-damage|p2a: Aerodactyl|191\/311
|
|-weather|Sandstorm|[upkeep]
|-damage|p1a: Chandelure|227\/279|[from] sandstorm
|-heal|p1a: Chandelure|244\/279|[from] item: Leftovers
|turn|8
|
|switch|p2a: Jirachi|Jirachi|404\/404
|switch|p1a: Forretress|Forretress, M|353\/353
|
|-weather|Sandstorm|[upkeep]
|turn|9
|
|move|p2a: Jirachi|Fire Punch|p1a: Forretress
|-supereffective|p1a: Forretress
|-damage|p1a: Forretress|209\/353
|move|p1a: Forretress|Rapid Spin|p2a: Jirachi
|-resisted|p2a: Jirachi
|-damage|p2a: Jirachi|398\/404
|-sideend|p1: juancartested|Toxic Spikes|[from] move: Rapid Spin|[of] p1a: Forretress
|
|-weather|Sandstorm|[upkeep]
|-heal|p2a: Jirachi|404\/404|[from] item: Leftovers
|-heal|p1a: Forretress|231\/353|[from] item: Leftovers
|turn|10
|
|move|p2a: Jirachi|Substitute|p2a: Jirachi
|-start|p2a: Jirachi|Substitute
|-damage|p2a: Jirachi|303\/404
|move|p1a: Forretress|Stealth Rock|p2a: Jirachi
|-sidestart|p2: ult rh156|move: Stealth Rock
|
|-weather|Sandstorm|[upkeep]
|-heal|p2a: Jirachi|328\/404|[from] item: Leftovers
|-heal|p1a: Forretress|253\/353|[from] item: Leftovers
|turn|11
|
|switch|p1a: Chandelure|Chandelure, M, shiny|244\/279
|move|p2a: Jirachi|Fire Punch|p1a: Chandelure
|-start|p1a: Chandelure|ability: Flash Fire
|
|-weather|Sandstorm|[upkeep]
|-damage|p1a: Chandelure|227\/279|[from] sandstorm
|-heal|p2a: Jirachi|353\/404|[from] item: Leftovers
|-heal|p1a: Chandelure|244\/279|[from] item: Leftovers
|turn|12
|c|★ult rh156|phew no infiltrator
|
|move|p2a: Jirachi|Toxic|p1a: Chandelure
|-status|p1a: Chandelure|tox
|move|p1a: Chandelure|Substitute|p1a: Chandelure
|-start|p1a: Chandelure|Substitute
|-damage|p1a: Chandelure|175\/279 tox
|
|-weather|none
|-heal|p2a: Jirachi|378\/404|[from] item: Leftovers
|-heal|p1a: Chandelure|192\/279 tox|[from] item: Leftovers
|-damage|p1a: Chandelure|175\/279 tox|[from] psn
|turn|13
|c|★juancartested|nop:S
|c|★juancartested|oh so quickly
|
|move|p2a: Jirachi|Iron Head|p1a: Chandelure
|-resisted|p1a: Chandelure
|-activate|p1a: Chandelure|Substitute|[damage]
|move|p1a: Chandelure|Flamethrower|p2a: Jirachi
|-supereffective|p2a: Jirachi
|-end|p2a: Jirachi|Substitute
|
|-heal|p2a: Jirachi|403\/404|[from] item: Leftovers
|-heal|p1a: Chandelure|192\/279 tox|[from] item: Leftovers
|-damage|p1a: Chandelure|158\/279 tox|[from] psn
|turn|14
|
|move|p2a: Jirachi|Substitute|p2a: Jirachi
|-start|p2a: Jirachi|Substitute
|-damage|p2a: Jirachi|302\/404
|move|p1a: Chandelure|Flamethrower|p2a: Jirachi
|-supereffective|p2a: Jirachi
|-end|p2a: Jirachi|Substitute
|
|-heal|p2a: Jirachi|327\/404|[from] item: Leftovers
|-heal|p1a: Chandelure|175\/279 tox|[from] item: Leftovers
|-damage|p1a: Chandelure|124\/279 tox|[from] psn
|turn|15
|
|move|p2a: Jirachi|Substitute|p2a: Jirachi
|-start|p2a: Jirachi|Substitute
|-damage|p2a: Jirachi|226\/404
|move|p1a: Chandelure|Shadow Ball|p2a: Jirachi
|-supereffective|p2a: Jirachi
|-end|p2a: Jirachi|Substitute
|
|-heal|p2a: Jirachi|251\/404|[from] item: Leftovers
|-heal|p1a: Chandelure|141\/279 tox|[from] item: Leftovers
|-damage|p1a: Chandelure|73\/279 tox|[from] psn
|turn|16
|
|move|p2a: Jirachi|Substitute|p2a: Jirachi
|-start|p2a: Jirachi|Substitute
|-damage|p2a: Jirachi|150\/404
|move|p1a: Chandelure|Flamethrower|p2a: Jirachi
|-supereffective|p2a: Jirachi
|-end|p2a: Jirachi|Substitute
|
|-heal|p2a: Jirachi|175\/404|[from] item: Leftovers
|-heal|p1a: Chandelure|90\/279 tox|[from] item: Leftovers
|-damage|p1a: Chandelure|5\/279 tox|[from] psn
|turn|17
|
|move|p2a: Jirachi|Substitute|p2a: Jirachi
|-start|p2a: Jirachi|Substitute
|-damage|p2a: Jirachi|74\/404
|move|p1a: Chandelure|Flamethrower|p2a: Jirachi
|-supereffective|p2a: Jirachi
|-end|p2a: Jirachi|Substitute
|
|-heal|p2a: Jirachi|99\/404|[from] item: Leftovers
|-heal|p1a: Chandelure|22\/279 tox|[from] item: Leftovers
|-damage|p1a: Chandelure|0 fnt|[from] psn
|faint|p1a: Chandelure
|
|switch|p1a: Mienshao|Mienshao, M|271\/271
|turn|18
|
|switch|p2a: Dragalge|Dragalge, M|333\/333
|-damage|p2a: Dragalge|292\/333|[from] Stealth Rock
|move|p1a: Mienshao|U-turn|p2a: Dragalge
|-resisted|p2a: Dragalge
|-damage|p2a: Dragalge|249\/333
|-damage|p1a: Mienshao|244\/271|[from] item: Life Orb
|
|switch|p1a: Jirachi|Jirachi|341\/341
|
|-heal|p2a: Dragalge|269\/333|[from] item: Black Sludge
|turn|19
|
|move|p1a: Jirachi|Iron Head|p2a: Dragalge
|-damage|p2a: Dragalge|178\/333
|cant|p2a: Dragalge|flinch
|
|-heal|p2a: Dragalge|198\/333|[from] item: Black Sludge
|turn|20
|
|move|p1a: Jirachi|Iron Head|p2a: Dragalge
|-damage|p2a: Dragalge|92\/333
|cant|p2a: Dragalge|flinch
|
|-heal|p2a: Dragalge|112\/333|[from] item: Black Sludge
|turn|21
|
|switch|p2a: Hippowdon|Hippowdon, F|100\/419 brn
|-damage|p2a: Hippowdon|74\/419 brn|[from] Stealth Rock
|-weather|Sandstorm
|move|p1a: Jirachi|Iron Head|p2a: Hippowdon
|-damage|p2a: Hippowdon|0 fnt
|faint|p2a: Hippowdon
|
|-weather|Sandstorm|[upkeep]
|
|switch|p2a: Stoutland|Stoutland, F|315\/315
|-damage|p2a: Stoutland|276\/315|[from] Stealth Rock
|turn|22
|
|switch|p1a: Chesnaught|Chesnaught, M|380\/380
|move|p2a: Stoutland|Crunch|p1a: Chesnaught
|-resisted|p1a: Chesnaught
|-damage|p1a: Chesnaught|334\/380
|
|-weather|Sandstorm|[upkeep]
|-damage|p1a: Chesnaught|311\/380|[from] sandstorm
|-heal|p1a: Chesnaught|334\/380|[from] item: Leftovers
|turn|23
|
|switch|p2a: Reuniclus|Reuniclus, F|333\/416
|move|p1a: Chesnaught|Spikes|p2a: Reuniclus
|-sidestart|p2: ult rh156|Spikes
|
|-weather|Sandstorm|[upkeep]
|-damage|p1a: Chesnaught|311\/380|[from] sandstorm
|-heal|p1a: Chesnaught|334\/380|[from] item: Leftovers
|-heal|p2a: Reuniclus|359\/416|[from] item: Leftovers
|turn|24
|
|switch|p1a: Vaporeon|Vaporeon, F|464\/464
|move|p2a: Reuniclus|Calm Mind|p2a: Reuniclus
|-boost|p2a: Reuniclus|spa|1
|-boost|p2a: Reuniclus|spd|1
|
|-weather|Sandstorm|[upkeep]
|-damage|p1a: Vaporeon|435\/464|[from] sandstorm
|-heal|p1a: Vaporeon|464\/464|[from] item: Leftovers
|-heal|p2a: Reuniclus|385\/416|[from] item: Leftovers
|turn|25
|
|move|p2a: Reuniclus|Psyshock|p1a: Vaporeon
|-damage|p1a: Vaporeon|209\/464
|move|p1a: Vaporeon|Roar|p2a: Reuniclus
|drag|p2a: Dragalge|Dragalge, M|112\/333
|-damage|p2a: Dragalge|71\/333|[from] Stealth Rock
|-damage|p2a: Dragalge|30\/333|[from] Spikes
|
|-weather|Sandstorm|[upkeep]
|-damage|p1a: Vaporeon|180\/464|[from] sandstorm
|-damage|p2a: Dragalge|10\/333|[from] sandstorm
|-heal|p1a: Vaporeon|209\/464|[from] item: Leftovers
|-heal|p2a: Dragalge|30\/333|[from] item: Black Sludge
|turn|26
|
|move|p1a: Vaporeon|Scald|p2a: Dragalge
|-resisted|p2a: Dragalge
|-damage|p2a: Dragalge|0 fnt
|faint|p2a: Dragalge
|
|-weather|Sandstorm|[upkeep]
|-damage|p1a: Vaporeon|180\/464|[from] sandstorm
|-heal|p1a: Vaporeon|209\/464|[from] item: Leftovers
|
|switch|p2a: Stoutland|Stoutland, F|276\/315
|-damage|p2a: Stoutland|237\/315|[from] Stealth Rock
|-damage|p2a: Stoutland|198\/315|[from] Spikes
|turn|27
|
|move|p1a: Vaporeon|Protect|p1a: Vaporeon
|-singleturn|p1a: Vaporeon|Protect
|move|p2a: Stoutland|Frustration|p1a: Vaporeon
|-activate|p1a: Vaporeon|Protect
|
|-weather|Sandstorm|[upkeep]
|-damage|p1a: Vaporeon|180\/464|[from] sandstorm
|-heal|p1a: Vaporeon|209\/464|[from] item: Leftovers
|turn|28
|
|switch|p1a: Forretress|Forretress, M|253\/353
|move|p2a: Stoutland|Frustration|p1a: Forretress
|-resisted|p1a: Forretress
|-damage|p1a: Forretress|180\/353
|
|-weather|none
|-heal|p1a: Forretress|202\/353|[from] item: Leftovers
|turn|29
|
|switch|p2a: Reuniclus|Reuniclus, F|385\/416
|move|p1a: Forretress|Volt Switch|p2a: Reuniclus
|-damage|p2a: Reuniclus|341\/416
|
|switch|p1a: Mienshao|Mienshao, M|271\/271
|
|-heal|p2a: Reuniclus|367\/416|[from] item: Leftovers
|turn|30
|
|move|p1a: Mienshao|Knock Off|p2a: Reuniclus
|-supereffective|p2a: Reuniclus
|-damage|p2a: Reuniclus|112\/416
|-enditem|p2a: Reuniclus|Leftovers|[from] move: Knock Off|[of] p1a: Mienshao
|-damage|p1a: Mienshao|244\/271|[from] item: Life Orb
|move|p2a: Reuniclus|Recover|p2a: Reuniclus
|-heal|p2a: Reuniclus|320\/416
|
|turn|31
|
|move|p1a: Mienshao|U-turn|p2a: Reuniclus
|-supereffective|p2a: Reuniclus
|-damage|p2a: Reuniclus|141\/416
|-damage|p1a: Mienshao|217\/271|[from] item: Life Orb
|
|switch|p1a: Jirachi|Jirachi|341\/341
|move|p2a: Reuniclus|Recover|p2a: Reuniclus
|-heal|p2a: Reuniclus|349\/416
|
|turn|32
|
|switch|p2a: Jirachi|Jirachi|99\/404
|-damage|p2a: Jirachi|74\/404|[from] Stealth Rock
|-damage|p2a: Jirachi|24\/404|[from] Spikes
|move|p1a: Jirachi|U-turn|p2a: Jirachi
|-damage|p2a: Jirachi|0 fnt
|faint|p2a: Jirachi
|join|so dynamic
|
|switch|p1a: Vaporeon|Vaporeon, F|209\/464
|
|-heal|p1a: Vaporeon|238\/464|[from] item: Leftovers
|
|switch|p2a: Reuniclus|Reuniclus, F|349\/416
|turn|33
|join|Bob the Bro
|
|move|p2a: Reuniclus|Calm Mind|p2a: Reuniclus
|-boost|p2a: Reuniclus|spa|1
|-boost|p2a: Reuniclus|spd|1
|move|p1a: Vaporeon|Roar|p2a: Reuniclus
|drag|p2a: Aerodactyl|Aerodactyl, F|191\/311
|-damage|p2a: Aerodactyl|114\/311|[from] Stealth Rock
|-ability|p2a: Aerodactyl|Pressure
|
|-heal|p1a: Vaporeon|267\/464|[from] item: Leftovers
|turn|34
|c|★ult rh156|gg
|-message|ult rh156 forfeited.
|leave|ult rh156
|c|★juancartested|gg
|
|win|juancartested
|raw|Ladder updating...
|
|player|p2
|raw|juancartested's rating: 1511 &rarr; <strong>1537<\/strong><br \/>(+26 for winning)
|raw|ult rh156's rating: 1611 &rarr; <strong>1586<\/strong><br \/>(-25 for losing)
|leave|ult toenail
|leave|juancartested
|player|p1
|leave|so dynamic
|leave|Bob the Bro