|join|ult rh156
|join|ult lowgock
|player|p1|ult rh156|14
|player|p2|ult lowgock|2
|gametype|singles
|gen|6
|tier|UU
|rated
|rule|Sleep Clause Mod: Limit one foe put to sleep
|rule|Species Clause: Limit one of each Pokémon
|rule|OHKO Clause: OHKO moves are banned
|rule|Moody Clause: Moody is banned
|rule|Evasion Moves Clause: Evasion moves are banned
|rule|Endless Battle Clause: Forcing endless battles is banned
|rule|HP Percentage Mod: HP is shown in percentages
|clearpoke
|poke|p1|Infernape, M
|poke|p1|Absol, F
|poke|p1|Jirachi
|poke|p1|Barbaracle, M, shiny
|poke|p1|Celebi
|poke|p1|Gligar, M
|poke|p2|Slurpuff, F
|poke|p2|Kingdra, M
|poke|p2|Aerodactyl, M
|poke|p2|Nidoqueen, F
|poke|p2|Cobalion
|poke|p2|Honchkrow, M
|rule|Swagger Clause: Swagger is banned
|rule|Baton Pass Clause: Limit one Pokémon knowing Baton Pass
|teampreview
|c|★ult rh156|AH
|c|★ult rh156|can't we just tie
|c|★ult rh156|.___.
|c|★ult lowgock|not possible here lol
|c|★ult rh156|fk
|
|start
|switch|p1a: Gligar|Gligar, M|333\/333
|switch|p2a: Honchkrow|Honchkrow, M|341\/341
|turn|1
|
|move|p2a: Honchkrow|Brave Bird|p1a: Gligar
|-damage|p1a: Gligar|133\/333
|-damage|p2a: Honchkrow|275\/341|[from] recoil|[of] p1a: Gligar
|-damage|p2a: Honchkrow|241\/341|[from] item: Life Orb
|move|p1a: Gligar|Stealth Rock|p2a: Honchkrow
|-sidestart|p2: ult lowgock|move: Stealth Rock
|
|turn|2
|
|move|p2a: Honchkrow|Brave Bird|p1a: Gligar
|-damage|p1a: Gligar|0 fnt
|-damage|p2a: Honchkrow|197\/341|[from] recoil|[of] p1a: Gligar
|-damage|p2a: Honchkrow|163\/341|[from] item: Life Orb
|faint|p1a: Gligar
|-boost|p2a: Honchkrow|atk|1|[from] ability: Moxie
|
|
|switch|p1a: Absol|Absol, F|271\/271
|turn|3
|
|switch|p2a: Cobalion|Cobalion|323\/323
|-damage|p2a: Cobalion|313\/323|[from] Stealth Rock
|detailschange|p1a: Absol|Absol-Mega, F
|-mega|p1a: Absol|Absol|Absolite
|move|p1a: Absol|Sucker Punch|p2a: Cobalion
|-fail|p2a: Cobalion
|
|turn|4
|
|switch|p1a: Celebi|Celebi|401\/401
|move|p2a: Cobalion|Swords Dance|p2a: Cobalion
|-boost|p2a: Cobalion|atk|2
|
|turn|5
|
|switch|p1a: Jirachi|Jirachi|341\/341
|move|p2a: Cobalion|Iron Head|p1a: Jirachi
|-resisted|p1a: Jirachi
|-damage|p1a: Jirachi|239\/341
|
|turn|6
|
|switch|p2a: Honchkrow|Honchkrow, M|163\/341
|-damage|p2a: Honchkrow|78\/341|[from] Stealth Rock
|move|p1a: Jirachi|Trick|p2a: Honchkrow
|-activate|p1a: Jirachi|move: Trick|[of] p2a: Honchkrow
|-item|p2a: Honchkrow|Choice Scarf|[from] move: Trick
|-item|p1a: Jirachi|Life Orb|[from] move: Trick
|
|turn|7
|c|★ult rh156|uh oh
|
|move|p2a: Honchkrow|Pursuit|p1a: Jirachi|[from]Pursuit
|-supereffective|p1a: Jirachi
|-damage|p1a: Jirachi|0 fnt
|faint|p1a: Jirachi
|-boost|p2a: Honchkrow|atk|1|[from] ability: Moxie
|
|
|switch|p1a: Barbaracle|Barbaracle, M, shiny|289\/289
|turn|8
|
|move|p2a: Honchkrow|Pursuit|p1a: Barbaracle
|-damage|p1a: Barbaracle|183\/289
|move|p1a: Barbaracle|Shell Smash|p1a: Barbaracle
|-boost|p1a: Barbaracle|atk|2
|-boost|p1a: Barbaracle|spa|2
|-boost|p1a: Barbaracle|spe|2
|-unboost|p1a: Barbaracle|def|1
|-unboost|p1a: Barbaracle|spd|1
|
|turn|9
|
|move|p1a: Barbaracle|X-Scissor|p2a: Honchkrow
|-damage|p2a: Honchkrow|0 fnt
|faint|p2a: Honchkrow
|
|
|switch|p2a: Kingdra|Kingdra, M|301\/301
|-damage|p2a: Kingdra|264\/301|[from] Stealth Rock
|turn|10
|
|move|p1a: Barbaracle|X-Scissor|p2a: Kingdra
|-damage|p2a: Kingdra|27\/301
|move|p2a: Kingdra|Outrage|p1a: Barbaracle
|-damage|p1a: Barbaracle|0 fnt
|faint|p1a: Barbaracle
|
|c|★ult rh156|dam.
|
|switch|p1a: Celebi|Celebi|401\/401
|turn|11
|join|Wat For
|
|move|p2a: Kingdra|Outrage|p1a: Celebi
|-damage|p1a: Celebi|284\/401
|move|p1a: Celebi|Swords Dance|p1a: Celebi
|-boost|p1a: Celebi|atk|2
|
|-heal|p1a: Celebi|309\/401|[from] item: Leftovers
|turn|12
|
|move|p2a: Kingdra|Outrage|p1a: Celebi
|-damage|p1a: Celebi|189\/401
|move|p1a: Celebi|Swords Dance|p1a: Celebi
|-boost|p1a: Celebi|atk|2
|
|-end|p2a: Kingdra|rampage
|-start|p2a: Kingdra|confusion
|-heal|p1a: Celebi|214\/401|[from] item: Leftovers
|-enditem|p2a: Kingdra|Lum Berry|[eat]
|-end|p2a: Kingdra|confusion
|turn|13
|
|move|p2a: Kingdra|Dragon Dance|p2a: Kingdra
|-boost|p2a: Kingdra|atk|1
|-boost|p2a: Kingdra|spe|1
|move|p1a: Celebi|Recover|p1a: Celebi
|-heal|p1a: Celebi|401\/401
|
|turn|14
|
|move|p2a: Kingdra|Dragon Dance|p2a: Kingdra
|-boost|p2a: Kingdra|atk|1
|-boost|p2a: Kingdra|spe|1
|move|p1a: Celebi|Swords Dance|p1a: Celebi
|-boost|p1a: Celebi|atk|2
|
|turn|15
|
|move|p2a: Kingdra|Outrage|p1a: Celebi
|-damage|p1a: Celebi|167\/401
|move|p1a: Celebi|Baton Pass|p1a: Celebi
|
|switch|p1a: Absol|Absol-Mega, F|271\/271
|
|turn|16
|
|move|p1a: Absol|Sucker Punch|p2a: Kingdra
|-damage|p2a: Kingdra|0 fnt
|faint|p2a: Kingdra
|
|join|Snowballin
|
|switch|p2a: Cobalion|Cobalion|313\/323
|-damage|p2a: Cobalion|303\/323|[from] Stealth Rock
|turn|17
|
|move|p1a: Absol|Play Rough|p2a: Cobalion|[miss]
|-miss|p1a: Absol|p2a: Cobalion
|move|p2a: Cobalion|Close Combat|p1a: Absol
|-supereffective|p1a: Absol
|-damage|p1a: Absol|0 fnt
|-unboost|p2a: Cobalion|def|1
|-unboost|p2a: Cobalion|spd|1
|faint|p1a: Absol
|
|c|★ult rh156|NO
|c|★ult rh156|gg
|
|switch|p1a: Infernape|Infernape, M|293\/293
|turn|18
|c| Wat For|rip
|
|switch|p2a: Nidoqueen|Nidoqueen, F|345\/345
|-damage|p2a: Nidoqueen|324\/345|[from] Stealth Rock
|move|p1a: Infernape|Close Combat|p2a: Nidoqueen
|-resisted|p2a: Nidoqueen
|-damage|p2a: Nidoqueen|221\/345
|-unboost|p1a: Infernape|def|1
|-unboost|p1a: Infernape|spd|1
|-damage|p1a: Infernape|264\/293|[from] item: Life Orb
|
|turn|19
|
|move|p1a: Infernape|Fire Blast|p2a: Nidoqueen
|-damage|p2a: Nidoqueen|0 fnt
|-damage|p1a: Infernape|235\/293|[from] item: Life Orb
|faint|p2a: Nidoqueen
|
|
|switch|p2a: Aerodactyl|Aerodactyl, M|301\/301
|-damage|p2a: Aerodactyl|226\/301|[from] Stealth Rock
|turn|20
|
|detailschange|p2a: Aerodactyl|Aerodactyl-Mega, M
|-mega|p2a: Aerodactyl|Aerodactyl|Aerodactylite
|move|p1a: Infernape|Vacuum Wave|p2a: Aerodactyl
|-damage|p2a: Aerodactyl|147\/301
|-damage|p1a: Infernape|206\/293|[from] item: Life Orb
|move|p2a: Aerodactyl|Aerial Ace|p1a: Infernape
|-supereffective|p1a: Infernape
|-damage|p1a: Infernape|0 fnt
|faint|p1a: Infernape
|
|
|switch|p1a: Celebi|Celebi|167\/401
|turn|21
|join|mouse de frank
|
|move|p2a: Aerodactyl|Aerial Ace|p1a: Celebi
|-supereffective|p1a: Celebi
|-damage|p1a: Celebi|0 fnt
|faint|p1a: Celebi
|
|win|ult lowgock
|raw|Ladder updating...