|join|ult rh156
|join|ULT Drookez
|player|p1|ult rh156|105
|player|p2|ULT Drookez|102
|gametype|singles
|gen|6
|tier|UU
|rated
|rule|Sleep Clause Mod: Limit one foe put to sleep
|rule|Species Clause: Limit one of each Pokémon
|rule|OHKO Clause: OHKO moves are banned
|rule|Moody Clause: Moody is banned
|rule|Evasion Moves Clause: Evasion moves are banned
|rule|Endless Battle Clause: Forcing endless battles is banned
|rule|HP Percentage Mod: HP is shown in percentages
|clearpoke
|poke|p1|Infernape, M
|poke|p1|Absol, F
|poke|p1|Jirachi
|poke|p1|Barbaracle, M, shiny
|poke|p1|Celebi
|poke|p1|Gligar, M
|poke|p2|Froslass, F
|poke|p2|Honchkrow, F
|poke|p2|Blastoise, M
|poke|p2|Jirachi
|poke|p2|Chesnaught, M
|poke|p2|Raikou
|rule|Swagger Clause: Swagger is banned
|rule|Baton Pass Clause: Limit one Pokémon knowing Baton Pass
|teampreview
|
|start
|switch|p1a: Absol|Absol, F|271\/271
|switch|p2a: Froslass|Froslass, F|282\/282
|turn|1
|
|detailschange|p1a: Absol|Absol-Mega, F
|-mega|p1a: Absol|Absol|Absolite
|move|p2a: Froslass|Ice Beam|p1a: Absol
|-damage|p1a: Absol|109\/271
|-status|p1a: Absol|frz
|cant|p1a: Absol|frz
|
|turn|2
|
|switch|p1a: Jirachi|Jirachi|341\/341
|move|p2a: Froslass|Ice Beam|p1a: Jirachi
|-resisted|p1a: Jirachi
|-damage|p1a: Jirachi|281\/341
|
|turn|3
|
|move|p1a: Jirachi|U-turn|p2a: Froslass
|-resisted|p2a: Froslass
|-damage|p2a: Froslass|234\/282
|
|switch|p1a: Absol|Absol-Mega, F|109\/271 frz
|move|p2a: Froslass|Spikes|p1a: Absol
|move|p1a: Absol|Spikes|p2a: Froslass|[from]Magic Bounce
|-sidestart|p2: ULT Drookez|Spikes
|
|turn|4
|
|cant|p1a: Absol|frz
|move|p2a: Froslass|Ice Beam|p1a: Absol
|-damage|p1a: Absol|0 fnt
|faint|p1a: Absol
|
|
|switch|p1a: Jirachi|Jirachi|281\/341
|turn|5
|
|switch|p2a: Blastoise|Blastoise, M|362\/362
|-damage|p2a: Blastoise|317\/362|[from] Spikes
|move|p1a: Jirachi|U-turn|p2a: Blastoise
|-damage|p2a: Blastoise|251\/362
|
|switch|p1a: Celebi|Celebi|401\/401
|
|turn|6
|
|switch|p2a: Honchkrow|Honchkrow, F|341\/341
|move|p1a: Celebi|Seed Bomb|p2a: Honchkrow
|-resisted|p2a: Honchkrow
|-damage|p2a: Honchkrow|257\/341
|
|turn|7
|
|move|p1a: Celebi|Baton Pass|p1a: Celebi
|
|switch|p1a: Barbaracle|Barbaracle, M, shiny|289\/289
|move|p2a: Honchkrow|Brave Bird|p1a: Barbaracle
|-resisted|p1a: Barbaracle
|-damage|p1a: Barbaracle|153\/289
|-damage|p2a: Honchkrow|212\/341|[from] recoil|[of] p1a: Barbaracle
|-damage|p2a: Honchkrow|178\/341|[from] item: Life Orb
|
|turn|8
|
|switch|p1a: Infernape|Infernape, M|293\/293
|move|p2a: Honchkrow|Sucker Punch|p1a: Infernape
|-fail|p1a: Infernape
|
|turn|9
|
|switch|p2a: Froslass|Froslass, F|234\/282
|-damage|p2a: Froslass|199\/282|[from] Spikes
|move|p1a: Infernape|Fire Blast|p2a: Froslass
|-supereffective|p2a: Froslass
|-damage|p2a: Froslass|0 fnt
|-start|p1a: Infernape|Disable|Fire Blast
|-damage|p1a: Infernape|264\/293|[from] item: Life Orb
|faint|p2a: Froslass
|
|
|switch|p2a: Honchkrow|Honchkrow, F|178\/341
|turn|10
|
|move|p1a: Infernape|Close Combat|p2a: Honchkrow
|-damage|p2a: Honchkrow|0 fnt
|-unboost|p1a: Infernape|def|1
|-unboost|p1a: Infernape|spd|1
|-damage|p1a: Infernape|235\/293|[from] item: Life Orb
|faint|p2a: Honchkrow
|
|
|switch|p2a: Raikou|Raikou|321\/321
|-damage|p2a: Raikou|281\/321|[from] Spikes
|-ability|p2a: Raikou|Pressure
|turn|11
|
|switch|p1a: Jirachi|Jirachi|281\/341
|move|p2a: Raikou|Hidden Power|p1a: Jirachi
|-resisted|p1a: Jirachi
|-damage|p1a: Jirachi|232\/341
|
|turn|12
|
|switch|p2a: Blastoise|Blastoise, M|251\/362
|-damage|p2a: Blastoise|206\/362|[from] Spikes
|move|p1a: Jirachi|U-turn|p2a: Blastoise
|-damage|p2a: Blastoise|134\/362
|
|switch|p1a: Infernape|Infernape, M|235\/293
|
|turn|13
|
|detailschange|p2a: Blastoise|Blastoise-Mega, M
|-mega|p2a: Blastoise|Blastoise|Blastoisinite
|move|p1a: Infernape|Close Combat|p2a: Blastoise
|-damage|p2a: Blastoise|0 fnt
|-unboost|p1a: Infernape|def|1
|-unboost|p1a: Infernape|spd|1
|-damage|p1a: Infernape|206\/293|[from] item: Life Orb
|faint|p2a: Blastoise
|
|-message|ULT Drookez forfeited.
|leave|ULT Drookez
|
|win|ult rh156
|raw|Ladder updating...
|player|p2
|raw|ult rh156's rating: 1606 &rarr; <strong>1615<\/strong><br \/>(+9 for winning)
|raw|ULT Drookez's rating: 1403 &rarr; <strong>1393<\/strong><br \/>(-10 for losing)
|leave|ult rh156
|player|p1
|join|ult rh156