|join|JusticeIsServed
|join|Lay Rewis
|player|p1|JusticeIsServed|234
|player|p2|Lay Rewis|176
|gametype|singles
|gen|6
|tier|UU
|rated
|rule|Sleep Clause Mod: Limit one foe put to sleep
|rule|Species Clause: Limit one of each Pokémon
|rule|OHKO Clause: OHKO moves are banned
|rule|Moody Clause: Moody is banned
|rule|Evasion Moves Clause: Evasion moves are banned
|rule|Endless Battle Clause: Forcing endless battles is banned
|rule|HP Percentage Mod: HP is shown in percentages
|clearpoke
|poke|p1|Sharpedo, M
|poke|p1|Slowking, M
|poke|p1|Honchkrow, F
|poke|p1|Forretress, F
|poke|p1|Flygon, M
|poke|p1|Amoonguss, F
|poke|p2|Pidgeot, M
|poke|p2|Entei, shiny
|poke|p2|Chesnaught, M
|poke|p2|Empoleon, F
|poke|p2|Flygon, F
|poke|p2|Porygon-Z
|rule|Swagger Clause: Swagger is banned
|rule|Baton Pass Clause: Limit one Pokémon knowing Baton Pass
|teampreview
|
|start
|switch|p1a: BAE|Flygon, M|301\/301
|switch|p2a: Chesnaught|Chesnaught, M|380\/380
|turn|1
|
|move|p1a: BAE|U-turn|p2a: Chesnaught
|-damage|p2a: Chesnaught|338\/380
|
|switch|p1a: Goomba|Amoonguss, F|411\/411
|move|p2a: Chesnaught|Spikes|p1a: Goomba
|-sidestart|p1: JusticeIsServed|Spikes
|
|-heal|p2a: Chesnaught|361\/380|[from] item: Leftovers
|turn|2
|
|move|p2a: Chesnaught|Spikes|p1a: Goomba
|-sidestart|p1: JusticeIsServed|Spikes
|move|p1a: Goomba|Sludge Bomb|p2a: Chesnaught
|-immune|p2a: Chesnaught|[msg]|[from] Bulletproof
|
|-heal|p2a: Chesnaught|380\/380|[from] item: Leftovers
|turn|3
|
|move|p2a: Chesnaught|Spikes|p1a: Goomba
|-sidestart|p1: JusticeIsServed|Spikes
|move|p1a: Goomba|Hidden Power|p2a: Chesnaught
|-supereffective|p2a: Chesnaught
|-damage|p2a: Chesnaught|224\/380
|
|-heal|p2a: Chesnaught|247\/380|[from] item: Leftovers
|turn|4
|
|switch|p2a: Empoleon|Empoleon, F|372\/372
|move|p1a: Goomba|Hidden Power|p2a: Empoleon
|-damage|p2a: Empoleon|331\/372
|
|-heal|p2a: Empoleon|354\/372|[from] item: Leftovers
|turn|5
|
|move|p2a: Empoleon|Stealth Rock|p1a: Goomba
|-sidestart|p1: JusticeIsServed|move: Stealth Rock
|move|p1a: Goomba|Giga Drain|p2a: Empoleon
|-damage|p2a: Empoleon|281\/372
|
|-heal|p2a: Empoleon|304\/372|[from] item: Leftovers
|turn|6
|
|switch|p1a: The McRib|Forretress, F|354\/354
|-damage|p1a: The McRib|266\/354|[from] Spikes
|-damage|p1a: The McRib|222\/354|[from] Stealth Rock
|move|p2a: Empoleon|Ice Beam|p1a: The McRib
|-resisted|p1a: The McRib
|-damage|p1a: The McRib|159\/354
|
|-heal|p2a: Empoleon|327\/372|[from] item: Leftovers
|turn|7
|
|move|p2a: Empoleon|Scald|p1a: The McRib
|-damage|p1a: The McRib|14\/354
|move|p1a: The McRib|Rapid Spin|p2a: Empoleon
|-resisted|p2a: Empoleon
|-damage|p2a: Empoleon|319\/372
|-sideend|p1: JusticeIsServed|Spikes|[from] move: Rapid Spin|[of] p1a: The McRib
|-sideend|p1: JusticeIsServed|Stealth Rock|[from] move: Rapid Spin|[of] p1a: The McRib
|
|-heal|p2a: Empoleon|342\/372|[from] item: Leftovers
|turn|8
|
|move|p2a: Empoleon|Stealth Rock|p1a: The McRib
|-sidestart|p1: JusticeIsServed|move: Stealth Rock
|move|p1a: The McRib|Stealth Rock|p2a: Empoleon
|-sidestart|p2: Lay Rewis|move: Stealth Rock
|
|-heal|p2a: Empoleon|365\/372|[from] item: Leftovers
|turn|9
|
|move|p2a: Empoleon|Scald|p1a: The McRib
|-damage|p1a: The McRib|0 fnt
|faint|p1a: The McRib
|
|-heal|p2a: Empoleon|372\/372|[from] item: Leftovers
|
|switch|p1a: BAE|Flygon, M|301\/301
|-damage|p1a: BAE|283\/301|[from] Stealth Rock
|turn|10
|
|move|p1a: BAE|U-turn|p2a: Empoleon
|-resisted|p2a: Empoleon
|-damage|p2a: Empoleon|336\/372
|
|switch|p1a: Rawr Ima Dino|Slowking, M|394\/394
|-damage|p1a: Rawr Ima Dino|345\/394|[from] Stealth Rock
|move|p2a: Empoleon|Ice Beam|p1a: Rawr Ima Dino
|-resisted|p1a: Rawr Ima Dino
|-damage|p1a: Rawr Ima Dino|311\/394
|
|-heal|p2a: Empoleon|359\/372|[from] item: Leftovers
|-heal|p1a: Rawr Ima Dino|335\/394|[from] item: Leftovers
|turn|11
|
|move|p2a: Empoleon|Toxic|p1a: Rawr Ima Dino
|-status|p1a: Rawr Ima Dino|tox
|move|p1a: Rawr Ima Dino|Calm Mind|p1a: Rawr Ima Dino
|-boost|p1a: Rawr Ima Dino|spa|1
|-boost|p1a: Rawr Ima Dino|spd|1
|
|-heal|p2a: Empoleon|372\/372|[from] item: Leftovers
|-heal|p1a: Rawr Ima Dino|359\/394 tox|[from] item: Leftovers
|-damage|p1a: Rawr Ima Dino|335\/394 tox|[from] psn
|turn|12
|
|move|p2a: Empoleon|Scald|p1a: Rawr Ima Dino
|-resisted|p1a: Rawr Ima Dino
|-damage|p1a: Rawr Ima Dino|303\/394 tox
|move|p1a: Rawr Ima Dino|Calm Mind|p1a: Rawr Ima Dino
|-boost|p1a: Rawr Ima Dino|spa|1
|-boost|p1a: Rawr Ima Dino|spd|1
|
|-heal|p1a: Rawr Ima Dino|327\/394 tox|[from] item: Leftovers
|-damage|p1a: Rawr Ima Dino|279\/394 tox|[from] psn
|turn|13
|
|move|p2a: Empoleon|Scald|p1a: Rawr Ima Dino
|-resisted|p1a: Rawr Ima Dino
|-damage|p1a: Rawr Ima Dino|257\/394 tox
|move|p1a: Rawr Ima Dino|Fire Blast|p2a: Empoleon
|-damage|p2a: Empoleon|254\/372
|
|-heal|p2a: Empoleon|277\/372|[from] item: Leftovers
|-heal|p1a: Rawr Ima Dino|281\/394 tox|[from] item: Leftovers
|-damage|p1a: Rawr Ima Dino|209\/394 tox|[from] psn
|turn|14
|
|move|p2a: Empoleon|Scald|p1a: Rawr Ima Dino
|-resisted|p1a: Rawr Ima Dino
|-damage|p1a: Rawr Ima Dino|185\/394 tox
|move|p1a: Rawr Ima Dino|Scald|p2a: Empoleon
|-resisted|p2a: Empoleon
|-damage|p2a: Empoleon|213\/372
|-status|p2a: Empoleon|brn
|
|-heal|p2a: Empoleon|236\/372 brn|[from] item: Leftovers
|-heal|p1a: Rawr Ima Dino|209\/394 tox|[from] item: Leftovers
|-damage|p2a: Empoleon|190\/372 brn|[from] brn
|-damage|p1a: Rawr Ima Dino|113\/394 tox|[from] psn
|turn|15
|
|switch|p1a: Sharknado|Sharpedo, M|281\/281
|-damage|p1a: Sharknado|246\/281|[from] Stealth Rock
|move|p2a: Empoleon|Scald|p1a: Sharknado
|-crit|p1a: Sharknado
|-resisted|p1a: Sharknado
|-damage|p1a: Sharknado|87\/281
|-status|p1a: Sharknado|brn
|
|-heal|p2a: Empoleon|213\/372 brn|[from] item: Leftovers
|-damage|p1a: Sharknado|52\/281 brn|[from] brn
|-damage|p2a: Empoleon|167\/372 brn|[from] brn
|turn|16
|
|switch|p2a: Chesnaught|Chesnaught, M|247\/380
|-damage|p2a: Chesnaught|224\/380|[from] Stealth Rock
|move|p1a: Sharknado|Protect|p1a: Sharknado
|-fail|p1a: Sharknado
|
|-heal|p2a: Chesnaught|247\/380|[from] item: Leftovers
|-damage|p1a: Sharknado|17\/281 brn|[from] brn
|-boost|p1a: Sharknado|spe|1|[from] ability: Speed Boost
|turn|17
|
|detailschange|p1a: Sharknado|Sharpedo-Mega, M
|-mega|p1a: Sharknado|Sharpedo|Sharpedonite
|move|p1a: Sharknado|Poison Jab|p2a: Chesnaught
|-supereffective|p2a: Chesnaught
|-damage|p2a: Chesnaught|173\/380
|-status|p2a: Chesnaught|psn
|move|p2a: Chesnaught|Spikes|p1a: Sharknado
|-sidestart|p1: JusticeIsServed|Spikes
|
|-heal|p2a: Chesnaught|196\/380 psn|[from] item: Leftovers
|-damage|p1a: Sharknado|0 fnt|[from] brn
|-damage|p2a: Chesnaught|149\/380 psn|[from] psn
|faint|p1a: Sharknado
|
|switch|p1a: Gandolf|Honchkrow, F|341\/341
|-damage|p1a: Gandolf|256\/341|[from] Stealth Rock
|turn|18
|
|move|p1a: Gandolf|Brave Bird|p2a: Chesnaught
|-supereffective|p2a: Chesnaught
|-damage|p2a: Chesnaught|0 fnt
|-damage|p1a: Gandolf|207\/341|[from] recoil|[of] p2a: Chesnaught
|faint|p2a: Chesnaught
|-boost|p1a: Gandolf|atk|1|[from] ability: Moxie
|
|-heal|p1a: Gandolf|228\/341|[from] item: Leftovers
|
|switch|p2a: Empoleon|Empoleon, F|167\/372 brn
|-damage|p2a: Empoleon|144\/372 brn|[from] Stealth Rock
|turn|19
|
|move|p1a: Gandolf|Brave Bird|p2a: Empoleon
|-resisted|p2a: Empoleon
|-damage|p2a: Empoleon|0 fnt
|-damage|p1a: Gandolf|180\/341|[from] recoil|[of] p2a: Empoleon
|faint|p2a: Empoleon
|-boost|p1a: Gandolf|atk|1|[from] ability: Moxie
|
|-heal|p1a: Gandolf|201\/341|[from] item: Leftovers
|
|switch|p2a: Pidgeot|Pidgeot, M|307\/307
|-damage|p2a: Pidgeot|231\/307|[from] Stealth Rock
|turn|20
|
|detailschange|p2a: Pidgeot|Pidgeot-Mega, M
|-mega|p2a: Pidgeot|Pidgeot|Pidgeotite
|move|p1a: Gandolf|Sucker Punch|p2a: Pidgeot
|-damage|p2a: Pidgeot|0 fnt
|faint|p2a: Pidgeot
|-boost|p1a: Gandolf|atk|1|[from] ability: Moxie
|
|-heal|p1a: Gandolf|222\/341|[from] item: Leftovers
|
|switch|p2a: Flygon|Flygon, F|301\/301
|-damage|p2a: Flygon|283\/301|[from] Stealth Rock
|turn|21
|
|move|p1a: Gandolf|Sucker Punch|p2a: Flygon
|-damage|p2a: Flygon|0 fnt
|faint|p2a: Flygon
|-boost|p1a: Gandolf|atk|1|[from] ability: Moxie
|
|-heal|p1a: Gandolf|243\/341|[from] item: Leftovers
|-message|Lay Rewis forfeited.
|
|win|JusticeIsServed
|raw|Ladder updating...
|leave|Lay Rewis
|player|p2
|raw|JusticeIsServed's rating: 1309 &rarr; <strong>1330<\/strong><br \/>(+21 for winning)
|raw|Lay Rewis's rating: 1323 &rarr; <strong>1302<\/strong><br \/>(-21 for losing)