|join|Red Eye ZaZa
|join|Lay Rewis
|player|p1|Red Eye ZaZa|153
|player|p2|Lay Rewis|176
|gametype|singles
|gen|6
|tier|UU
|rated
|rule|Sleep Clause Mod: Limit one foe put to sleep
|rule|Species Clause: Limit one of each Pokémon
|rule|OHKO Clause: OHKO moves are banned
|rule|Moody Clause: Moody is banned
|rule|Evasion Moves Clause: Evasion moves are banned
|rule|Endless Battle Clause: Forcing endless battles is banned
|rule|HP Percentage Mod: HP is shown in percentages
|clearpoke
|poke|p1|Regirock, shiny
|poke|p1|Azelf
|poke|p1|Snorlax, M
|poke|p1|Vaporeon, F
|poke|p1|Machamp, F
|poke|p1|Aerodactyl, F, shiny
|poke|p2|Porygon-Z
|poke|p2|Entei, shiny
|poke|p2|Vaporeon, F
|poke|p2|Shuckle, M, shiny
|poke|p2|Haxorus, M, shiny
|poke|p2|Nidoking, M, shiny
|rule|Swagger Clause: Swagger is banned
|rule|Baton Pass Clause: Limit one Pokémon knowing Baton Pass
|teampreview
|
|start
|switch|p1a: Legolas|Aerodactyl, F, shiny|302\/302
|switch|p2a: Shmuckle|Shuckle, M, shiny|244\/244
|-ability|p1a: Legolas|Pressure
|turn|1
|
|detailschange|p1a: Legolas|Aerodactyl-Mega, F, shiny
|message|Aerodactyl has Mega Evolved into Mega Aerodactyl!
|move|p1a: Legolas|Hone Claws|p1a: Legolas
|-boost|p1a: Legolas|atk|1
|-boost|p1a: Legolas|accuracy|1
|move|p2a: Shmuckle|Encore|p1a: Legolas
|-start|p1a: Legolas|Encore
|
|turn|2
|
|move|p1a: Legolas|Hone Claws|p1a: Legolas
|-boost|p1a: Legolas|atk|1
|-boost|p1a: Legolas|accuracy|1
|move|p2a: Shmuckle|Stealth Rock|p1a: Legolas
|-sidestart|p1: Red Eye ZaZa|move: Stealth Rock
|
|turn|3
|
|switch|p2a: Vapure|Vaporeon, F|464\/464
|move|p1a: Legolas|Hone Claws|p1a: Legolas
|-boost|p1a: Legolas|atk|1
|-boost|p1a: Legolas|accuracy|1
|
|turn|4
|
|switch|p1a: Water King|Vaporeon, F|464\/464
|-damage|p1a: Water King|406\/464|[from] Stealth Rock
|move|p2a: Vapure|Scald|p1a: Water King
|-heal|p1a: Water King|464\/464|[from] ability: Water Absorb|[of] p2a: Vapure
|
|turn|5
|
|move|p2a: Vapure|Toxic|p1a: Water King
|-status|p1a: Water King|tox
|move|p1a: Water King|Curse|p1a: Water King
|-boost|p1a: Water King|atk|1
|-boost|p1a: Water King|def|1
|-unboost|p1a: Water King|spe|1
|
|-damage|p1a: Water King|435\/464 tox|[from] psn
|turn|6
|
|switch|p2a: Shmuckle|Shuckle, M, shiny|244\/244
|move|p1a: Water King|Curse|p1a: Water King
|-boost|p1a: Water King|atk|1
|-boost|p1a: Water King|def|1
|-unboost|p1a: Water King|spe|1
|
|-heal|p1a: Water King|464\/464 tox|[from] item: Leftovers
|-damage|p1a: Water King|406\/464 tox|[from] psn
|turn|7
|
|move|p1a: Water King|Baton Pass|p1a: Water King
|
|switch|p1a: Above&Beyond|Snorlax, M|524\/524
|-damage|p1a: Above&Beyond|459\/524|[from] Stealth Rock
|move|p2a: Shmuckle|Infestation|p1a: Above&Beyond
|-damage|p1a: Above&Beyond|456\/524
|-activate|p1a: Above&Beyond|move: Infestation|[of] p2a: Shmuckle
|
|-damage|p1a: Above&Beyond|391\/524|[from] move: Infestation|[partiallytrapped]
|turn|8
|
|move|p1a: Above&Beyond|Earthquake|p2a: Shmuckle
|-damage|p2a: Shmuckle|155\/244
|move|p2a: Shmuckle|Encore|p1a: Above&Beyond
|-start|p1a: Above&Beyond|Encore
|
|-heal|p2a: Shmuckle|170\/244|[from] item: Leftovers
|-damage|p1a: Above&Beyond|326\/524|[from] move: Infestation|[partiallytrapped]
|turn|9
|
|move|p1a: Above&Beyond|Earthquake|p2a: Shmuckle
|-damage|p2a: Shmuckle|91\/244
|move|p2a: Shmuckle|Sticky Web|p1a: Above&Beyond
|-sidestart|p1: Red Eye ZaZa|move: Sticky Web
|
|-heal|p2a: Shmuckle|106\/244|[from] item: Leftovers
|-damage|p1a: Above&Beyond|261\/524|[from] move: Infestation|[partiallytrapped]
|turn|10
|
|move|p1a: Above&Beyond|Earthquake|p2a: Shmuckle
|-damage|p2a: Shmuckle|18\/244
|move|p2a: Shmuckle|Infestation|p1a: Above&Beyond
|-damage|p1a: Above&Beyond|258\/524
|
|-heal|p2a: Shmuckle|33\/244|[from] item: Leftovers
|-damage|p1a: Above&Beyond|193\/524|[from] move: Infestation|[partiallytrapped]
|turn|11
|
|move|p1a: Above&Beyond|Earthquake|p2a: Shmuckle
|-damage|p2a: Shmuckle|0 fnt
|faint|p2a: Shmuckle
|
|-end|p1a: Above&Beyond|Infestation|[partiallytrapped]
|-end|p1a: Above&Beyond|Encore
|
|switch|p2a: Nidoking|Nidoking, M, shiny|304\/304
|turn|12
|
|move|p2a: Nidoking|Earth Power|p1a: Above&Beyond
|-damage|p1a: Above&Beyond|106\/524
|move|p1a: Above&Beyond|Earthquake|p2a: Nidoking
|-supereffective|p2a: Nidoking
|-damage|p2a: Nidoking|0 fnt
|faint|p2a: Nidoking
|
|
|switch|p2a: Vapure|Vaporeon, F|464\/464
|turn|13
|
|move|p2a: Vapure|Protect|p2a: Vapure
|-singleturn|p2a: Vapure|Protect
|move|p1a: Above&Beyond|Body Slam|p2a: Vapure
|-activate|p2a: Vapure|Protect
|
|turn|14
|
|move|p2a: Vapure|Scald|p1a: Above&Beyond
|-damage|p1a: Above&Beyond|60\/524
|move|p1a: Above&Beyond|Body Slam|p2a: Vapure
|-damage|p2a: Vapure|265\/464
|
|-heal|p2a: Vapure|294\/464|[from] item: Leftovers
|turn|15
|
|move|p2a: Vapure|Scald|p1a: Above&Beyond
|-damage|p1a: Above&Beyond|17\/524
|-status|p1a: Above&Beyond|brn
|move|p1a: Above&Beyond|Body Slam|p2a: Vapure
|-damage|p2a: Vapure|189\/464
|
|-heal|p2a: Vapure|218\/464|[from] item: Leftovers
|-damage|p1a: Above&Beyond|0 fnt|[from] brn
|faint|p1a: Above&Beyond
|
|switch|p1a: Wing Chun|Machamp, F|384\/384
|-activate|p1a: Wing Chun|move: Sticky Web
|-unboost|p1a: Wing Chun|spe|1
|-damage|p1a: Wing Chun|360\/384|[from] Stealth Rock
|turn|16
|
|move|p2a: Vapure|Scald|p1a: Wing Chun|[miss]
|-miss|p2a: Vapure|p1a: Wing Chun
|move|p1a: Wing Chun|Close Combat|p2a: Vapure
|-damage|p2a: Vapure|26\/464
|-unboost|p1a: Wing Chun|def|1
|-unboost|p1a: Wing Chun|spd|1
|
|-heal|p2a: Vapure|55\/464|[from] item: Leftovers
|turn|17
|c|★Lay Rewis|wut
|c|★Lay Rewis|how did scald miss?
|
|move|p2a: Vapure|Scald|p1a: Wing Chun
|-damage|p1a: Wing Chun|189\/384
|move|p1a: Wing Chun|Knock Off|p2a: Vapure
|-damage|p2a: Vapure|0 fnt
|-enditem|p2a: Vapure|Leftovers|[from] move: Knock Off|[of] p1a: Wing Chun
|faint|p2a: Vapure
|
|
|switch|p2a: Zedd|Porygon-Z|312\/312
|turn|18
|
|move|p2a: Zedd|Trick|p1a: Wing Chun
|-activate|p2a: Zedd|move: Trick|[of] p1a: Wing Chun
|-item|p1a: Wing Chun|Choice Specs|[from] move: Trick
|-item|p2a: Zedd|BrightPowder|[from] move: Trick
|move|p1a: Wing Chun|Close Combat|p2a: Zedd
|-crit|p2a: Zedd
|-supereffective|p2a: Zedd
|-damage|p2a: Zedd|0 fnt
|-unboost|p1a: Wing Chun|def|1
|-unboost|p1a: Wing Chun|spd|1
|faint|p2a: Zedd
|
|
|switch|p2a: Mufasa|Entei, shiny|371\/371
|-ability|p2a: Mufasa|Pressure
|turn|19
|
|switch|p1a: Water King|Vaporeon, F|406\/464 tox
|-activate|p1a: Water King|move: Sticky Web
|-unboost|p1a: Water King|spe|1
|-damage|p1a: Water King|348\/464 tox|[from] Stealth Rock
|move|p2a: Mufasa|Bulldoze|p1a: Water King
|-damage|p1a: Water King|199\/464 tox
|-unboost|p1a: Water King|spe|1
|
|-heal|p1a: Water King|228\/464 tox|[from] item: Leftovers
|-damage|p1a: Water King|199\/464 tox|[from] psn
|turn|20
|
|move|p2a: Mufasa|Bulldoze|p1a: Water King
|-damage|p1a: Water King|31\/464 tox
|-unboost|p1a: Water King|spe|1
|move|p1a: Water King|Scald|p2a: Mufasa
|-supereffective|p2a: Mufasa
|-damage|p2a: Mufasa|89\/371
|
|-heal|p1a: Water King|60\/464 tox|[from] item: Leftovers
|-damage|p1a: Water King|2\/464 tox|[from] psn
|turn|21
|
|move|p2a: Mufasa|Bulldoze|p1a: Water King
|-damage|p1a: Water King|0 fnt
|faint|p1a: Water King
|
|
|switch|p1a: Medium|Azelf|291\/291
|-damage|p1a: Medium|255\/291|[from] Stealth Rock
|turn|22
|
|move|p1a: Medium|Nasty Plot|p1a: Medium
|-boost|p1a: Medium|spa|2
|move|p2a: Mufasa|Bulldoze|p1a: Medium
|-immune|p1a: Medium|[msg]
|
|turn|23
|
|move|p1a: Medium|Psyshock|p2a: Mufasa
|-damage|p2a: Mufasa|0 fnt
|-damage|p1a: Medium|226\/291|[from] item: Life Orb
|faint|p2a: Mufasa
|
|
|switch|p2a: Haxorus|Haxorus, M, shiny|297\/297
|-ability|p2a: Haxorus|Mold Breaker
|turn|24
|
|move|p1a: Medium|Dazzling Gleam|p2a: Haxorus
|-supereffective|p2a: Haxorus
|-damage|p2a: Haxorus|0 fnt
|-damage|p1a: Medium|197\/291|[from] item: Life Orb
|faint|p2a: Haxorus
|
|win|Red Eye ZaZa
|raw|Ladder updating...
|raw|Red Eye ZaZa's rating: 1240 &rarr; <strong>1273<\/strong><br \/>(+33 for winning)
|raw|Lay Rewis's rating: 1349 &rarr; <strong>1323<\/strong><br \/>(-26 for losing)
|leave|Lay Rewis
|player|p2