|join|Colette Brunel
|join|BroBro98
|player|p1|Colette Brunel|81
|player|p2|BroBro98|154
|gametype|singles
|gen|6
|tier|UU
|rated
|rule|Sleep Clause Mod: Limit one foe put to sleep
|rule|Species Clause: Limit one of each Pokémon
|rule|OHKO Clause: OHKO moves are banned
|rule|Moody Clause: Moody is banned
|rule|Evasion Moves Clause: Evasion moves are banned
|rule|Endless Battle Clause: Forcing endless battles is banned
|rule|HP Percentage Mod: HP is shown in percentages
|clearpoke
|poke|p1|Ampharos, M, shiny
|poke|p1|Umbreon, F, shiny
|poke|p1|Cloyster, M
|poke|p1|Registeel, shiny
|poke|p1|Mienshao, F, shiny
|poke|p1|Victini
|poke|p2|Infernape, F
|poke|p2|Chesnaught, F
|poke|p2|Empoleon, F
|poke|p2|Honchkrow, M
|poke|p2|Raikou
|poke|p2|Nidoking, M
|rule|Swagger Clause: Swagger is banned
|rule|Baton Pass Clause: Limit one Pokémon knowing Baton Pass
|teampreview
|
|start
|switch|p1a: Presea|Mienshao, F, shiny|272\/272
|switch|p2a: Empoleon|Empoleon, F|372\/372
|turn|1
|
|switch|p2a: roasted|Chesnaught, F|380\/380
|move|p1a: Presea|High Jump Kick|p2a: roasted
|-damage|p2a: roasted|177\/380
|-damage|p1a: Presea|245\/272|[from] item: Life Orb
|
|-heal|p2a: roasted|200\/380|[from] item: Leftovers
|turn|2
|
|switch|p1a: MithosTheHero|Victini|342\/342
|move|p2a: roasted|Spiky Shield|p2a: roasted
|-fail|p2a: roasted
|
|-heal|p2a: roasted|223\/380|[from] item: Leftovers
|turn|3
|
|move|p2a: roasted|Spiky Shield|p2a: roasted
|-singleturn|p2a: roasted|move: Protect
|move|p1a: MithosTheHero|Will-O-Wisp|p2a: roasted
|-activate|p2a: roasted|move: Protect
|
|-heal|p2a: roasted|246\/380|[from] item: Leftovers
|turn|4
|
|switch|p2a: Raikou|Raikou|321\/321
|-ability|p2a: Raikou|Pressure
|move|p1a: MithosTheHero|V-create|p2a: Raikou
|-damage|p2a: Raikou|0 fnt
|-unboost|p1a: MithosTheHero|def|1
|-unboost|p1a: MithosTheHero|spd|1
|-unboost|p1a: MithosTheHero|spe|1
|faint|p2a: Raikou
|
|
|switch|p2a: Honchkrow|Honchkrow, M|341\/341
|turn|5
|
|move|p2a: Honchkrow|Brave Bird|p1a: MithosTheHero
|-damage|p1a: MithosTheHero|0 fnt
|-damage|p2a: Honchkrow|228\/341|[from] recoil|[of] p1a: MithosTheHero
|-damage|p2a: Honchkrow|194\/341|[from] item: Life Orb
|faint|p1a: MithosTheHero
|-boost|p2a: Honchkrow|atk|1|[from] ability: Moxie
|
|
|switch|p1a: Lord.Magnius|Cloyster, M|251\/251
|turn|6
|
|switch|p2a: Empoleon|Empoleon, F|372\/372
|move|p1a: Lord.Magnius|Icicle Spear|p2a: Empoleon
|-resisted|p2a: Empoleon
|-damage|p2a: Empoleon|361\/372
|-resisted|p2a: Empoleon
|-damage|p2a: Empoleon|350\/372
|-resisted|p2a: Empoleon
|-damage|p2a: Empoleon|339\/372
|-resisted|p2a: Empoleon
|-damage|p2a: Empoleon|329\/372
|-resisted|p2a: Empoleon
|-damage|p2a: Empoleon|317\/372
|-hitcount|p2a: Empoleon|5
|
|-heal|p2a: Empoleon|340\/372|[from] item: Leftovers
|turn|7
|
|switch|p1a: Presea|Mienshao, F, shiny|272\/272
|move|p2a: Empoleon|Stealth Rock|p1a: Presea
|-sidestart|p1: Colette Brunel|move: Stealth Rock
|
|-heal|p2a: Empoleon|363\/372|[from] item: Leftovers
|turn|8
|
|switch|p2a: Nidoking|Nidoking, M|303\/303
|move|p1a: Presea|High Jump Kick|p2a: Nidoking
|-resisted|p2a: Nidoking
|-damage|p2a: Nidoking|100\/303
|-damage|p1a: Presea|245\/272|[from] item: Life Orb
|
|turn|9
|
|move|p1a: Presea|Knock Off|p2a: Nidoking
|-damage|p2a: Nidoking|0 fnt
|-enditem|p2a: Nidoking|Life Orb|[from] move: Knock Off|[of] p1a: Presea
|-damage|p1a: Presea|218\/272|[from] item: Life Orb
|faint|p2a: Nidoking
|
|
|switch|p2a: roasted|Chesnaught, F|246\/380
|turn|10
|
|move|p1a: Presea|Fake Out|p2a: roasted
|-message|(Fake Out only works your first turn out.)
|-fail|p2a: roasted
|move|p2a: roasted|Body Slam|p1a: Presea
|-damage|p1a: Presea|106\/272
|
|-heal|p2a: roasted|269\/380|[from] item: Leftovers
|turn|11
|
|switch|p1a: Lord.Magnius|Cloyster, M|251\/251
|-damage|p1a: Lord.Magnius|189\/251|[from] Stealth Rock
|move|p2a: roasted|Body Slam|p1a: Lord.Magnius
|-damage|p1a: Lord.Magnius|143\/251
|-status|p1a: Lord.Magnius|par
|
|-heal|p2a: roasted|292\/380|[from] item: Leftovers
|turn|12
|
|switch|p2a: gerald|Infernape, F|293\/293
|switch|p1a: Presea|Mienshao, F, shiny|196\/272
|-damage|p1a: Presea|179\/272|[from] Stealth Rock
|
|turn|13
|
|switch|p2a: roasted|Chesnaught, F|292\/380
|move|p1a: Presea|Fake Out|p2a: roasted
|-damage|p2a: roasted|249\/380
|-damage|p1a: Presea|152\/272|[from] item: Life Orb
|
|-heal|p2a: roasted|272\/380|[from] item: Leftovers
|turn|14
|
|move|p1a: Presea|High Jump Kick|p2a: roasted
|-damage|p2a: roasted|64\/380
|-damage|p1a: Presea|125\/272|[from] item: Life Orb
|move|p2a: roasted|Body Slam|p1a: Presea
|-damage|p1a: Presea|20\/272
|
|-heal|p2a: roasted|87\/380|[from] item: Leftovers
|turn|15
|
|switch|p1a: Colette|Umbreon, F, shiny|394\/394
|-damage|p1a: Colette|345\/394|[from] Stealth Rock
|move|p2a: roasted|Spiky Shield|p2a: roasted
|-fail|p2a: roasted
|
|-heal|p1a: Colette|369\/394|[from] item: Leftovers
|-heal|p2a: roasted|110\/380|[from] item: Leftovers
|turn|16
|
|move|p1a: Colette|Wish|p1a: Colette
|move|p2a: roasted|Substitute|p2a: roasted
|-start|p2a: roasted|Substitute
|-damage|p2a: roasted|15\/380
|
|-heal|p1a: Colette|393\/394|[from] item: Leftovers
|-heal|p2a: roasted|38\/380|[from] item: Leftovers
|turn|17
|
|move|p1a: Colette|Foul Play|p2a: roasted
|-resisted|p2a: roasted
|-activate|p2a: roasted|Substitute|[damage]
|move|p2a: roasted|Leech Seed|p1a: Colette
|-start|p1a: Colette|move: Leech Seed
|
|-heal|p1a: Colette|394\/394|[from] move: Wish|[wisher] Colette
|-heal|p2a: roasted|61\/380|[from] item: Leftovers
|-damage|p1a: Colette|345\/394|[from] Leech Seed|[of] p2a: roasted
|-heal|p2a: roasted|110\/380|[silent]
|turn|18
|
|switch|p1a: Lord.Magnius|Cloyster, M|143\/251 par
|-damage|p1a: Lord.Magnius|81\/251 par|[from] Stealth Rock
|move|p2a: roasted|Body Slam|p1a: Lord.Magnius
|-damage|p1a: Lord.Magnius|40\/251 par
|
|-heal|p2a: roasted|133\/380|[from] item: Leftovers
|turn|19
|
|cant|p1a: Lord.Magnius|par
|move|p2a: roasted|Body Slam|p1a: Lord.Magnius
|-damage|p1a: Lord.Magnius|0 fnt
|faint|p1a: Lord.Magnius
|
|-heal|p2a: roasted|156\/380|[from] item: Leftovers
|
|switch|p1a: Presea|Mienshao, F, shiny|110\/272
|-damage|p1a: Presea|93\/272|[from] Stealth Rock
|turn|20
|
|move|p2a: roasted|Spiky Shield|p2a: roasted
|-singleturn|p2a: roasted|move: Protect
|move|p1a: Presea|Fake Out|p2a: roasted
|-activate|p2a: roasted|move: Protect
|-damage|p1a: Presea|59\/272|[from] Spiky Shield|[of] p2a: roasted
|
|-heal|p2a: roasted|179\/380|[from] item: Leftovers
|turn|21
|-message|Colette Brunel forfeited.
|
|win|BroBro98
|raw|Ladder updating...
|leave|Colette Brunel
|player|p1
|raw|Colette Brunel's rating: 1098 &rarr; <strong>1080<\/strong><br \/>(-18 for losing)
|raw|BroBro98's rating: 1199 &rarr; <strong>1217<\/strong><br \/>(+18 for winning)