|join|lzy
|join|TimeTravel_3
|player|p1|lzy|40
|player|p2|TimeTravel_3|170
|gametype|singles
|gen|6
|tier|OU
|rated
|clearpoke
|poke|p1|Greninja, M, shiny
|poke|p1|Charizard, M
|poke|p1|Infernape, M
|poke|p1|Dragonite, F
|poke|p1|Azumarill, F, shiny
|poke|p1|Scizor, M
|poke|p2|Politoed, M
|poke|p2|Swampert, F
|poke|p2|Kingdra, M
|poke|p2|Klefki, F
|poke|p2|Thundurus, M
|poke|p2|Breloom, F
|rule|Swagger Clause: Swagger is banned
|rule|Baton Pass Clause: Limit one Pokémon knowing Baton Pass
|rule|Sleep Clause Mod: Limit one foe put to sleep
|rule|Species Clause: Limit one of each Pokémon
|rule|OHKO Clause: OHKO moves are banned
|rule|Moody Clause: Moody is banned
|rule|Evasion Moves Clause: Evasion moves are banned
|rule|Endless Battle Clause: Forcing endless battles is banned
|rule|HP Percentage Mod: HP is shown in percentages
|teampreview
|
|start
|switch|p1a: Lancer|Infernape, M|293\/293
|switch|p2a: Breloom|Breloom, F|261\/261
|turn|1
|
|switch|p2a: Politoed|Politoed, M|383\/383
|-weather|RainDance
|move|p1a: Lancer|Fire Blast|p2a: Politoed
|-resisted|p2a: Politoed
|-damage|p2a: Politoed|340\/383
|
|-weather|RainDance|[upkeep]
|turn|2
|
|move|p1a: Lancer|Stealth Rock|p2a: Politoed
|-sidestart|p2: TimeTravel_3|move: Stealth Rock
|move|p2a: Politoed|Scald|p1a: Lancer
|-supereffective|p1a: Lancer
|-enditem|p1a: Lancer|Focus Sash
|-damage|p1a: Lancer|1\/293
|
|-weather|RainDance|[upkeep]
|turn|3
|
|switch|p2a: Klefki|Klefki, F|318\/318
|-damage|p2a: Klefki|299\/318|[from] Stealth Rock
|move|p1a: Lancer|Endeavor|p2a: Klefki
|-damage|p2a: Klefki|1\/318
|
|-weather|RainDance|[upkeep]
|turn|4
|
|move|p1a: Lancer|Vacuum Wave|p2a: Klefki
|-damage|p2a: Klefki|0 fnt
|faint|p2a: Klefki
|
|-weather|RainDance|[upkeep]
|
|switch|p2a: Kingdra|Kingdra, M|291\/291
|-damage|p2a: Kingdra|255\/291|[from] Stealth Rock
|turn|5
|
|switch|p1a: Rider|Azumarill, F, shiny|403\/403
|move|p2a: Kingdra|Waterfall|p1a: Rider
|-resisted|p1a: Rider
|-damage|p1a: Rider|286\/403
|-damage|p2a: Kingdra|226\/291|[from] item: Life Orb
|
|-weather|RainDance|[upkeep]
|turn|6
|
|move|p2a: Kingdra|Hydro Pump|p1a: Rider
|-resisted|p1a: Rider
|-damage|p1a: Rider|91\/403
|-damage|p2a: Kingdra|197\/291|[from] item: Life Orb
|move|p1a: Rider|Play Rough|p2a: Kingdra
|-supereffective|p2a: Kingdra
|-damage|p2a: Kingdra|0 fnt
|faint|p2a: Kingdra
|
|-weather|RainDance|[upkeep]
|
|switch|p2a: Swampert|Swampert, F|341\/341
|-damage|p2a: Swampert|320\/341|[from] Stealth Rock
|turn|7
|
|switch|p1a: Saber|Dragonite, F|323\/323
|detailschange|p2a: Swampert|Swampert-Mega, F
|message|Swampert has Mega Evolved into Mega Swampert!
|move|p2a: Swampert|Stealth Rock|p1a: Saber
|-sidestart|p1: lzy|move: Stealth Rock
|
|-weather|RainDance|[upkeep]
|turn|8
|
|move|p2a: Swampert|Ice Punch|p1a: Saber
|-supereffective|p1a: Saber
|-damage|p1a: Saber|89\/323
|move|p1a: Saber|Draco Meteor|p2a: Swampert
|-damage|p2a: Swampert|65\/341
|-unboost|p1a: Saber|spa|2
|-damage|p1a: Saber|57\/323|[from] item: Life Orb
|
|-weather|none
|turn|9
|
|switch|p2a: Politoed|Politoed, M|340\/383
|-damage|p2a: Politoed|293\/383|[from] Stealth Rock
|-weather|RainDance
|move|p1a: Saber|Extreme Speed|p2a: Politoed
|-damage|p2a: Politoed|189\/383
|-damage|p1a: Saber|25\/323|[from] item: Life Orb
|
|-weather|RainDance|[upkeep]
|turn|10
|
|move|p1a: Saber|Extreme Speed|p2a: Politoed
|-damage|p2a: Politoed|75\/383
|-damage|p1a: Saber|0 fnt|[from] item: Life Orb
|faint|p1a: Saber
|move|p2a: Politoed|Scald|p1: Saber|[notarget]
|-notarget
|
|-weather|RainDance|[upkeep]
|
|switch|p1a: Assassin|Greninja, M, shiny|285\/285
|-damage|p1a: Assassin|250\/285|[from] Stealth Rock
|turn|11
|
|move|p1a: Assassin|Extrasensory|p2a: Politoed
|-start|p1a: Assassin|typechange|Psychic|[from] Protean
|-damage|p2a: Politoed|0 fnt
|-damage|p1a: Assassin|222\/285|[from] item: Life Orb
|faint|p2a: Politoed
|
|-weather|RainDance|[upkeep]
|
|switch|p2a: Swampert|Swampert-Mega, F|65\/341
|-damage|p2a: Swampert|44\/341|[from] Stealth Rock
|turn|12
|
|move|p1a: Assassin|Shadow Sneak|p2a: Swampert
|-start|p1a: Assassin|typechange|Ghost|[from] Protean
|-damage|p2a: Swampert|0 fnt
|-damage|p1a: Assassin|194\/285|[from] item: Life Orb
|faint|p2a: Swampert
|
|-weather|RainDance|[upkeep]
|
|switch|p2a: Thundurus|Thundurus, M|299\/299
|-damage|p2a: Thundurus|225\/299|[from] Stealth Rock
|turn|13
|
|move|p1a: Assassin|Ice Beam|p2a: Thundurus
|-start|p1a: Assassin|typechange|Ice|[from] Protean
|-supereffective|p2a: Thundurus
|-damage|p2a: Thundurus|0 fnt
|-damage|p1a: Assassin|166\/285|[from] item: Life Orb
|faint|p2a: Thundurus
|
|-weather|RainDance|[upkeep]
|-message|TimeTravel_3 forfeited.
|
|win|lzy
|raw|Ladder updating...
|leave|TimeTravel_3
|player|p2
|raw|lzy's rating: 1599 &rarr; <strong>1624<\/strong><br \/>(+25 for winning)
|raw|TimeTravel_3's rating: 1695 &rarr; <strong>1669<\/strong><br \/>(-26 for losing)