|join|Brandonna
|join|Kloputzer
|player|p1|Brandonna|101
|player|p2|Kloputzer|72
|gametype|singles
|gen|6
|tier|OU
|rated
|clearpoke
|poke|p1|Landorus-Therian, M
|poke|p1|Manectric, M
|poke|p1|Keldeo-Resolute
|poke|p1|Ferrothorn, M
|poke|p1|Magnezone
|poke|p1|Weavile, M
|poke|p2|Bisharp, F
|poke|p2|Clefable, F
|poke|p2|Venusaur, F
|poke|p2|Heatran, M
|poke|p2|Terrakion
|poke|p2|Greninja, M
|rule|Swagger Clause: Swagger is banned
|rule|Baton Pass Clause: Limit one Pokémon knowing Baton Pass
|rule|Sleep Clause Mod: Limit one foe put to sleep
|rule|Species Clause: Limit one of each Pokémon
|rule|OHKO Clause: OHKO moves are banned
|rule|Moody Clause: Moody is banned
|rule|Evasion Moves Clause: Evasion moves are banned
|rule|Endless Battle Clause: Forcing endless battles is banned
|rule|HP Percentage Mod: HP is shown in percentages
|teampreview
|
|start
|switch|p1a: Landorus-Therian|Landorus-Therian, M|320\/320
|switch|p2a: Clefable|Clefable, F|394\/394
|-ability|p1a: Landorus-Therian|Intimidate|[of] p2a: Clefable
|-unboost|p2a: Clefable|atk|1
|turn|1
|
|move|p1a: Landorus-Therian|U-turn|p2a: Clefable
|-resisted|p2a: Clefable
|-damage|p2a: Clefable|344\/394
|
|switch|p1a: Magnezone|Magnezone|312\/312
|move|p2a: Clefable|Calm Mind|p2a: Clefable
|-boost|p2a: Clefable|spa|1
|-boost|p2a: Clefable|spd|1
|
|-heal|p2a: Clefable|368\/394|[from] item: Leftovers
|turn|2
|
|move|p1a: Magnezone|Flash Cannon|p2a: Clefable
|-supereffective|p2a: Clefable
|-damage|p2a: Clefable|170\/394
|move|p2a: Clefable|Soft-Boiled|p2a: Clefable
|-heal|p2a: Clefable|367\/394
|
|-heal|p2a: Clefable|391\/394|[from] item: Leftovers
|turn|3
|
|move|p1a: Magnezone|Flash Cannon|p2a: Clefable
|-supereffective|p2a: Clefable
|-damage|p2a: Clefable|199\/394
|move|p2a: Clefable|Calm Mind|p2a: Clefable
|-boost|p2a: Clefable|spa|1
|-boost|p2a: Clefable|spd|1
|
|-heal|p2a: Clefable|223\/394|[from] item: Leftovers
|turn|4
|
|switch|p1a: Landorus-Therian|Landorus-Therian, M|320\/320
|-ability|p1a: Landorus-Therian|Intimidate|[of] p2a: Clefable
|-unboost|p2a: Clefable|atk|1
|move|p2a: Clefable|Soft-Boiled|p2a: Clefable
|-heal|p2a: Clefable|394\/394
|
|turn|5
|
|move|p1a: Landorus-Therian|Earthquake|p2a: Clefable
|-damage|p2a: Clefable|192\/394
|move|p2a: Clefable|Moonblast|p1a: Landorus-Therian
|-damage|p1a: Landorus-Therian|67\/320
|-unboost|p1a: Landorus-Therian|spa|1
|
|-heal|p2a: Clefable|216\/394|[from] item: Leftovers
|turn|6
|
|switch|p2a: Heatran|Heatran, M|386\/386
|-item|p2a: Heatran|Air Balloon
|move|p1a: Landorus-Therian|Earthquake|p2a: Heatran
|-immune|p2a: Heatran|[msg]
|
|turn|7
|
|switch|p1a: Keldeo-Resolute|Keldeo-Resolute|323\/323
|move|p2a: Heatran|Stealth Rock|p1a: Keldeo-Resolute
|-sidestart|p1: Brandonna|move: Stealth Rock
|
|turn|8
|
|switch|p2a: Venusaur|Venusaur, F|364\/364
|move|p1a: Keldeo-Resolute|Scald|p2a: Venusaur
|-resisted|p2a: Venusaur
|-damage|p2a: Venusaur|280\/364
|
|turn|9
|
|switch|p1a: Ferrothorn|Ferrothorn, M|352\/352
|-damage|p1a: Ferrothorn|330\/352|[from] Stealth Rock
|detailschange|p2a: Venusaur|Venusaur-Mega, F
|message|Venusaur has Mega Evolved into Mega Venusaur!
|move|p2a: Venusaur|Hidden Power|p1a: Ferrothorn
|-supereffective|p1a: Ferrothorn
|-damage|p1a: Ferrothorn|118\/352
|
|-heal|p1a: Ferrothorn|140\/352|[from] item: Leftovers
|turn|10
|
|move|p2a: Venusaur|Hidden Power|p1a: Ferrothorn
|-supereffective|p1a: Ferrothorn
|-damage|p1a: Ferrothorn|0 fnt
|faint|p1a: Ferrothorn
|
|-message|Brandonna forfeited.
|
|win|Kloputzer
|raw|Ladder updating...
|leave|Brandonna
|player|p1
|raw|Brandonna's rating: 1766 &rarr; <strong>1746<\/strong><br \/>(-20 for losing)
|raw|Kloputzer's rating: 1758 &rarr; <strong>1779<\/strong><br \/>(+21 for winning)