|join|fatd
|join|theslothmaster98
|player|p1|fatd|278
|player|p2|theslothmaster98|137
|gametype|singles
|gen|6
|tier|OU
|rated
|clearpoke
|poke|p1|Latias, F
|poke|p1|Azumarill, F
|poke|p1|Kyurem-Black
|poke|p1|Landorus-Therian, M
|poke|p1|Magnezone
|poke|p1|Altaria, M
|poke|p2|Metagross, shiny
|poke|p2|Greninja, M, shiny
|poke|p2|Landorus-Therian, M
|poke|p2|Clefable, M
|poke|p2|Garchomp, M
|poke|p2|Rotom-Wash
|rule|Swagger Clause: Swagger is banned
|rule|Baton Pass Clause: Limit one Pokémon knowing Baton Pass
|rule|Sleep Clause Mod: Limit one foe put to sleep
|rule|Species Clause: Limit one of each Pokémon
|rule|OHKO Clause: OHKO moves are banned
|rule|Moody Clause: Moody is banned
|rule|Evasion Moves Clause: Evasion moves are banned
|rule|Endless Battle Clause: Forcing endless battles is banned
|rule|HP Percentage Mod: HP is shown in percentages
|teampreview
|
|start
|switch|p1a: Bruh|Kyurem-Black|428\/428
|switch|p2a: Landorus-Therian|Landorus-Therian, M|382\/382
|-ability|p1a: Bruh|Teravolt
|-ability|p2a: Landorus-Therian|Intimidate|[of] p1a: Bruh
|-unboost|p1a: Bruh|atk|1
|turn|1
|
|switch|p2a: Clefable|Clefable, M|394\/394
|move|p1a: Bruh|Ice Beam|p2a: Clefable
|-damage|p2a: Clefable|283\/394
|
|-heal|p2a: Clefable|307\/394|[from] item: Leftovers
|turn|2
|
|switch|p1a: Zonin|Magnezone|282\/282
|move|p2a: Clefable|Calm Mind|p2a: Clefable
|-boost|p2a: Clefable|spa|1
|-boost|p2a: Clefable|spd|1
|
|-heal|p2a: Clefable|331\/394|[from] item: Leftovers
|turn|3
|
|move|p1a: Zonin|Flash Cannon|p2a: Clefable
|-supereffective|p2a: Clefable
|-damage|p2a: Clefable|173\/394
|move|p2a: Clefable|Soft-Boiled|p2a: Clefable
|-heal|p2a: Clefable|370\/394
|
|-heal|p2a: Clefable|394\/394|[from] item: Leftovers
|turn|4
|
|move|p1a: Zonin|Flash Cannon|p2a: Clefable
|-supereffective|p2a: Clefable
|-damage|p2a: Clefable|232\/394
|move|p2a: Clefable|Flamethrower|p1a: Zonin
|-supereffective|p1a: Zonin
|-damage|p1a: Zonin|72\/282
|
|-heal|p2a: Clefable|256\/394|[from] item: Leftovers
|turn|5
|
|move|p1a: Zonin|Flash Cannon|p2a: Clefable
|-supereffective|p2a: Clefable
|-damage|p2a: Clefable|100\/394
|move|p2a: Clefable|Soft-Boiled|p2a: Clefable
|-heal|p2a: Clefable|297\/394
|
|-heal|p2a: Clefable|321\/394|[from] item: Leftovers
|turn|6
|
|switch|p2a: Rotom-Wash|Rotom-Wash|304\/304
|move|p1a: Zonin|Flash Cannon|p2a: Rotom-Wash
|-resisted|p2a: Rotom-Wash
|-damage|p2a: Rotom-Wash|281\/304
|
|-heal|p2a: Rotom-Wash|300\/304|[from] item: Leftovers
|turn|7
|
|switch|p1a: Bruh|Kyurem-Black|428\/428
|-ability|p1a: Bruh|Teravolt
|move|p2a: Rotom-Wash|Will-O-Wisp|p1a: Bruh
|-status|p1a: Bruh|brn
|
|-heal|p2a: Rotom-Wash|304\/304|[from] item: Leftovers
|-damage|p1a: Bruh|375\/428 brn|[from] brn
|turn|8
|
|move|p1a: Bruh|Earth Power|p2a: Rotom-Wash
|-supereffective|p2a: Rotom-Wash
|-damage|p2a: Rotom-Wash|188\/304
|move|p2a: Rotom-Wash|Volt Switch|p1a: Bruh
|-resisted|p1a: Bruh
|-damage|p1a: Bruh|346\/428 brn
|
|switch|p2a: Clefable|Clefable, M|321\/394
|
|-heal|p2a: Clefable|345\/394|[from] item: Leftovers
|-damage|p1a: Bruh|293\/428 brn|[from] brn
|turn|9
|
|switch|p1a: Zonin|Magnezone|72\/282
|move|p2a: Clefable|Calm Mind|p2a: Clefable
|-boost|p2a: Clefable|spa|1
|-boost|p2a: Clefable|spd|1
|
|-heal|p2a: Clefable|369\/394|[from] item: Leftovers
|turn|10
|
|move|p1a: Zonin|Flash Cannon|p2a: Clefable
|-supereffective|p2a: Clefable
|-damage|p2a: Clefable|207\/394
|move|p2a: Clefable|Soft-Boiled|p2a: Clefable
|-heal|p2a: Clefable|394\/394
|
|turn|11
|
|move|p1a: Zonin|Flash Cannon|p2a: Clefable
|-supereffective|p2a: Clefable
|-damage|p2a: Clefable|244\/394
|move|p2a: Clefable|Flamethrower|p1a: Zonin
|-supereffective|p1a: Zonin
|-damage|p1a: Zonin|0 fnt
|faint|p1a: Zonin
|
|-heal|p2a: Clefable|268\/394|[from] item: Leftovers
|
|switch|p1a: tehehe|Azumarill, F|404\/404
|turn|12
|
|switch|p2a: Landorus-Therian|Landorus-Therian, M|382\/382
|-ability|p2a: Landorus-Therian|Intimidate|[of] p1a: tehehe
|-unboost|p1a: tehehe|atk|1
|move|p1a: tehehe|Play Rough|p2a: Landorus-Therian
|-damage|p2a: Landorus-Therian|231\/382
|
|-heal|p2a: Landorus-Therian|254\/382|[from] item: Leftovers
|turn|13
|
|switch|p2a: Rotom-Wash|Rotom-Wash|188\/304
|switch|p1a: ShitBalls|Landorus-Therian, M|382\/382
|-ability|p1a: ShitBalls|Intimidate|[of] p2a: Rotom-Wash
|-unboost|p2a: Rotom-Wash|atk|1
|
|-heal|p2a: Rotom-Wash|207\/304|[from] item: Leftovers
|turn|14
|
|move|p1a: ShitBalls|U-turn|p2a: Rotom-Wash
|-damage|p2a: Rotom-Wash|133\/304
|
|switch|p1a: Bruh|Kyurem-Black|293\/428 brn
|-ability|p1a: Bruh|Teravolt
|move|p2a: Rotom-Wash|Will-O-Wisp|p1a: Bruh
|-fail|p1a: Bruh|brn
|
|-heal|p2a: Rotom-Wash|152\/304|[from] item: Leftovers
|-damage|p1a: Bruh|240\/428 brn|[from] brn
|turn|15
|
|switch|p2a: Landorus-Therian|Landorus-Therian, M|254\/382
|-ability|p2a: Landorus-Therian|Intimidate|[of] p1a: Bruh
|-unboost|p1a: Bruh|atk|1
|move|p1a: Bruh|Ice Beam|p2a: Landorus-Therian
|-supereffective|p2a: Landorus-Therian
|-damage|p2a: Landorus-Therian|0 fnt
|faint|p2a: Landorus-Therian
|
|-damage|p1a: Bruh|187\/428 brn|[from] brn
|
|switch|p2a: Metagross|Metagross, shiny|301\/301
|turn|16
|
|detailschange|p2a: Metagross|Metagross-Mega, shiny
|message|Metagross has Mega Evolved into Mega Metagross!
|move|p2a: Metagross|Bullet Punch|p1a: Bruh
|-supereffective|p1a: Bruh
|-damage|p1a: Bruh|0 fnt
|faint|p1a: Bruh
|
|
|switch|p1a: ShitBalls|Landorus-Therian, M|382\/382
|-ability|p1a: ShitBalls|Intimidate|[of] p2a: Metagross
|-unboost|p2a: Metagross|atk|1
|turn|17
|
|switch|p2a: Clefable|Clefable, M|268\/394
|move|p1a: ShitBalls|U-turn|p2a: Clefable
|-resisted|p2a: Clefable
|-damage|p2a: Clefable|218\/394
|
|switch|p1a: tehehe|Azumarill, F|404\/404
|
|-heal|p2a: Clefable|242\/394|[from] item: Leftovers
|turn|18
|
|move|p2a: Clefable|Moonblast|p1a: tehehe
|-damage|p1a: tehehe|322\/404
|move|p1a: tehehe|Play Rough|p2a: Clefable
|-damage|p2a: Clefable|0 fnt
|faint|p2a: Clefable
|
|
|switch|p2a: Greninja|Greninja, M, shiny|285\/285
|turn|19
|
|move|p2a: Greninja|Gunk Shot|p1a: tehehe
|-start|p2a: Greninja|typechange|Poison|[from] Protean
|-supereffective|p1a: tehehe
|-damage|p1a: tehehe|0 fnt
|-damage|p2a: Greninja|257\/285|[from] item: Life Orb
|faint|p1a: tehehe
|
|
|switch|p1a: ShitBalls|Landorus-Therian, M|382\/382
|-ability|p1a: ShitBalls|Intimidate|[of] p2a: Greninja
|-unboost|p2a: Greninja|atk|1
|turn|20
|
|switch|p2a: Rotom-Wash|Rotom-Wash|152\/304
|move|p1a: ShitBalls|U-turn|p2a: Rotom-Wash
|-damage|p2a: Rotom-Wash|76\/304
|
|switch|p1a: iggy azalea|Altaria, M|317\/317
|
|-heal|p2a: Rotom-Wash|95\/304|[from] item: Leftovers
|turn|21
|
|move|p1a: iggy azalea|Dragon Dance|p1a: iggy azalea
|-boost|p1a: iggy azalea|atk|1
|-boost|p1a: iggy azalea|spe|1
|move|p2a: Rotom-Wash|Will-O-Wisp|p1a: iggy azalea
|-status|p1a: iggy azalea|brn
|
|-heal|p2a: Rotom-Wash|114\/304|[from] item: Leftovers
|-damage|p1a: iggy azalea|278\/317 brn|[from] brn
|turn|22
|
|move|p1a: iggy azalea|Dragon Dance|p1a: iggy azalea
|-boost|p1a: iggy azalea|atk|1
|-boost|p1a: iggy azalea|spe|1
|move|p2a: Rotom-Wash|Pain Split|p1a: iggy azalea
|-sethp|p1a: iggy azalea|196\/317 brn|p2a: Rotom-Wash|196\/304|[from] move: Pain Split
|
|-heal|p2a: Rotom-Wash|215\/304|[from] item: Leftovers
|-damage|p1a: iggy azalea|157\/317 brn|[from] brn
|turn|23
|
|move|p1a: iggy azalea|Dragon Dance|p1a: iggy azalea
|-boost|p1a: iggy azalea|atk|1
|-boost|p1a: iggy azalea|spe|1
|move|p2a: Rotom-Wash|Volt Switch|p1a: iggy azalea
|-damage|p1a: iggy azalea|79\/317 brn
|
|switch|p2a: Metagross|Metagross-Mega, shiny|301\/301
|
|-damage|p1a: iggy azalea|40\/317 brn|[from] brn
|turn|24
|
|switch|p1a: ShitBalls|Landorus-Therian, M|382\/382
|-ability|p1a: ShitBalls|Intimidate|[of] p2a: Metagross
|-unboost|p2a: Metagross|atk|1
|move|p2a: Metagross|Bullet Punch|p1a: ShitBalls
|-damage|p1a: ShitBalls|330\/382
|-damage|p2a: Metagross|251\/301|[from] item: Rocky Helmet|[of] p1a: ShitBalls
|
|turn|25
|
|switch|p2a: Rotom-Wash|Rotom-Wash|215\/304
|move|p1a: ShitBalls|U-turn|p2a: Rotom-Wash
|-damage|p2a: Rotom-Wash|141\/304
|
|switch|p1a: Sis|Latias, F|301\/301
|
|-heal|p2a: Rotom-Wash|160\/304|[from] item: Leftovers
|turn|26
|
|move|p1a: Sis|Draco Meteor|p2a: Rotom-Wash
|-damage|p2a: Rotom-Wash|0 fnt
|-unboost|p1a: Sis|spa|2
|-damage|p1a: Sis|271\/301|[from] item: Life Orb
|faint|p2a: Rotom-Wash
|
|
|switch|p2a: Greninja|Greninja, M, shiny|257\/285
|turn|27
|
|move|p2a: Greninja|Ice Beam|p1a: Sis
|-start|p2a: Greninja|typechange|Ice|[from] Protean
|-supereffective|p1a: Sis
|-damage|p1a: Sis|0 fnt
|-damage|p2a: Greninja|229\/285|[from] item: Life Orb
|faint|p1a: Sis
|
|
|switch|p1a: ShitBalls|Landorus-Therian, M|330\/382
|-ability|p1a: ShitBalls|Intimidate|[of] p2a: Greninja
|-unboost|p2a: Greninja|atk|1
|turn|28
|c|★theslothmaster98|gg
|c|★fatd|gg
|
|move|p2a: Greninja|Ice Beam|p1a: ShitBalls
|-supereffective|p1a: ShitBalls
|-damage|p1a: ShitBalls|0 fnt
|-damage|p2a: Greninja|201\/285|[from] item: Life Orb
|faint|p1a: ShitBalls
|
|-message|fatd forfeited.
|
|win|theslothmaster98
|raw|Ladder updating...
|leave|fatd
|player|p1
|raw|fatd's rating: 1560 &rarr; <strong>1536<\/strong><br \/>(-24 for losing)
|raw|theslothmaster98's rating: 1485 &rarr; <strong>1509<\/strong><br \/>(+24 for winning)