|join|WECAMEASROMANS
|join|fatd
|player|p1|WECAMEASROMANS|169
|player|p2|fatd|278
|gametype|singles
|gen|6
|tier|OU
|rated
|clearpoke
|poke|p1|Slowbro, M
|poke|p1|Chesnaught, M
|poke|p1|Raikou
|poke|p1|Heatran, M
|poke|p1|Dragonite, F
|poke|p1|Clefable, F
|poke|p2|Latias, F
|poke|p2|Breloom, F
|poke|p2|Kyurem-Black
|poke|p2|Landorus-Therian, M
|poke|p2|Magnezone
|poke|p2|Gardevoir, L50, F
|rule|Swagger Clause: Swagger is banned
|rule|Baton Pass Clause: Limit one Pokémon knowing Baton Pass
|rule|Sleep Clause Mod: Limit one foe put to sleep
|rule|Species Clause: Limit one of each Pokémon
|rule|OHKO Clause: OHKO moves are banned
|rule|Moody Clause: Moody is banned
|rule|Evasion Moves Clause: Evasion moves are banned
|rule|Endless Battle Clause: Forcing endless battles is banned
|rule|HP Percentage Mod: HP is shown in percentages
|teampreview
|join|Rektosaurus
|c| Rektosaurus|imma watch
|join|jake5
|
|start
|switch|p1a: Chesnaught|Chesnaught, M|379\/379
|switch|p2a: Bruh|Kyurem-Black|428\/428
|-ability|p2a: Bruh|Teravolt
|turn|1
|c| jake5|is that cbb nite lol
|c| Rektosaurus|if u were #1 :D
|
|switch|p1a: Heatran|Heatran, M|337\/337
|move|p2a: Bruh|Iron Head|p1a: Heatran
|-resisted|p1a: Heatran
|-damage|p1a: Heatran|310\/337
|
|-heal|p1a: Heatran|331\/337|[from] item: Leftovers
|turn|2
|
|move|p2a: Bruh|Earth Power|p1a: Heatran
|-supereffective|p1a: Heatran
|-damage|p1a: Heatran|11\/337
|move|p1a: Heatran|Stealth Rock|p2a: Bruh
|-sidestart|p2: fatd|move: Stealth Rock
|
|-heal|p1a: Heatran|32\/337|[from] item: Leftovers
|turn|3
|
|switch|p1a: Clefable|Clefable, F|393\/393
|move|p2a: Bruh|Fusion Bolt|p1a: Clefable
|-damage|p1a: Clefable|272\/393
|
|-heal|p1a: Clefable|296\/393|[from] item: Leftovers
|turn|4
|leave|jake5
|
|move|p2a: Bruh|Iron Head|p1a: Clefable
|-supereffective|p1a: Clefable
|-damage|p1a: Clefable|84\/393
|move|p1a: Clefable|Moonblast|p2a: Bruh
|-supereffective|p2a: Bruh
|-damage|p2a: Bruh|266\/428
|-unboost|p2a: Bruh|spa|1
|
|-heal|p1a: Clefable|108\/393|[from] item: Leftovers
|turn|5
|
|move|p2a: Bruh|Ice Beam|p1a: Clefable
|-damage|p1a: Clefable|17\/393
|move|p1a: Clefable|Moonblast|p2a: Bruh
|-supereffective|p2a: Bruh
|-damage|p2a: Bruh|110\/428
|
|-heal|p1a: Clefable|41\/393|[from] item: Leftovers
|turn|6
|
|move|p2a: Bruh|Iron Head|p1a: Clefable
|-supereffective|p1a: Clefable
|-damage|p1a: Clefable|0 fnt
|faint|p1a: Clefable
|
|
|switch|p1a: fun|Slowbro, M|393\/393
|turn|7
|c| Rektosaurus|here we go...
|
|switch|p2a: Sis|Latias, F|319\/319
|-damage|p2a: Sis|280\/319|[from] Stealth Rock
|detailschange|p1a: fun|Slowbro-Mega, M
|-mega|p1a: fun|Slowbro|Slowbronite
|move|p1a: fun|Iron Defense|p1a: fun
|-boost|p1a: fun|def|2
|
|turn|8
|
|move|p2a: Sis|Defog|p1a: fun
|-unboost|p1a: fun|evasion|1
|-sideend|p2: fatd|Stealth Rock|[from] move: Defog|[of] p2a: Sis
|move|p1a: fun|Calm Mind|p1a: fun
|-boost|p1a: fun|spa|1
|-boost|p1a: fun|spd|1
|
|turn|9
|c| Rektosaurus|sweep
|c| Rektosaurus|:O
|
|switch|p2a: Bitch pls|Gardevoir, L50, F|150\/150
|move|p1a: fun|Calm Mind|p1a: fun
|-boost|p1a: fun|spa|1
|-boost|p1a: fun|spd|1
|
|turn|10
|c|★fatd|fuck this thing is at level 50
|c| Rektosaurus|l50
|
|detailschange|p2a: Bitch pls|Gardevoir-Mega, L50, F
|-mega|p2a: Bitch pls|Gardevoir|Gardevoirite
|move|p2a: Bitch pls|Hyper Voice|p1a: fun
|-damage|p1a: fun|357\/393
|move|p1a: fun|Scald|p2a: Bitch pls
|-damage|p2a: Bitch pls|0 fnt
|faint|p2a: Bitch pls
|
|-message|fatd forfeited.
|leave|fatd
|
|win|WECAMEASROMANS
|raw|Ladder updating...
|player|p2
|raw|WECAMEASROMANS's rating: 1618 &rarr; <strong>1631<\/strong><br \/>(+13 for winning)
|raw|fatd's rating: 1509 &rarr; <strong>1495<\/strong><br \/>(-14 for losing)