|join|tayutau
|join|Tyty307
|player|p1|tayutau|20
|player|p2|Tyty307|101
|gametype|singles
|gen|6
|tier|UU
|rated
|rule|Sleep Clause Mod: Limit one foe put to sleep
|rule|Species Clause: Limit one of each Pokémon
|rule|OHKO Clause: OHKO moves are banned
|rule|Moody Clause: Moody is banned
|rule|Evasion Moves Clause: Evasion moves are banned
|rule|Endless Battle Clause: Forcing endless battles is banned
|rule|HP Percentage Mod: HP is shown in percentages
|clearpoke
|poke|p1|Raikou
|poke|p1|Victini
|poke|p1|Gligar, M
|poke|p1|Empoleon, M
|poke|p1|Hydreigon, F
|poke|p1|Absol, M
|poke|p2|Abomasnow, M
|poke|p2|Mienshao, M
|poke|p2|Slowbro, F
|poke|p2|Florges, F
|poke|p2|Jirachi
|poke|p2|Raikou
|rule|Swagger Clause: Swagger is banned
|rule|Baton Pass Clause: Limit one Pokémon knowing Baton Pass
|teampreview
|
|start
|switch|p1a: Victini|Victini|341\/341
|switch|p2a: Mienshao|Mienshao, M|271\/271
|turn|1
|
|switch|p2a: Slowbro|Slowbro, F|394\/394
|move|p1a: Victini|Bolt Strike|p2a: Slowbro|[miss]
|-miss|p1a: Victini|p2a: Slowbro
|
|turn|2
|
|switch|p1a: Raikou|Raikou|322\/322
|-ability|p1a: Raikou|Pressure
|move|p2a: Slowbro|Scald|p1a: Raikou
|-damage|p1a: Raikou|229\/322
|
|turn|3
|
|switch|p2a: Abomasnow|Abomasnow, M|321\/321
|-weather|Hail
|move|p1a: Raikou|Volt Switch|p2a: Abomasnow
|-resisted|p2a: Abomasnow
|-damage|p2a: Abomasnow|219\/321
|
|switch|p1a: Victini|Victini|341\/341
|
|-weather|Hail|[upkeep]
|-damage|p1a: Victini|320\/341|[from] hail
|turn|4
|
|switch|p2a: Slowbro|Slowbro, F|394\/394
|move|p1a: Victini|U-turn|p2a: Slowbro
|-supereffective|p2a: Slowbro
|-damage|p2a: Slowbro|260\/394
|
|switch|p1a: Raikou|Raikou|229\/322
|-ability|p1a: Raikou|Pressure
|
|-weather|Hail|[upkeep]
|-damage|p1a: Raikou|209\/322|[from] hail
|-damage|p2a: Slowbro|236\/394|[from] hail
|-heal|p2a: Slowbro|260\/394|[from] item: Leftovers
|turn|5
|
|switch|p2a: Raikou|Raikou|322\/322
|-ability|p2a: Raikou|Pressure
|move|p1a: Raikou|Volt Switch|p2a: Raikou
|-resisted|p2a: Raikou
|-damage|p2a: Raikou|241\/322
|
|switch|p1a: Hydreigon|Hydreigon, F|325\/325
|
|-weather|Hail|[upkeep]
|-damage|p1a: Hydreigon|305\/325|[from] hail
|-damage|p2a: Raikou|221\/322|[from] hail
|-heal|p2a: Raikou|241\/322|[from] item: Leftovers
|turn|6
|
|move|p1a: Hydreigon|Draco Meteor|p2a: Raikou|[miss]
|-miss|p1a: Hydreigon|p2a: Raikou
|move|p2a: Raikou|Hidden Power|p1a: Hydreigon
|-supereffective|p1a: Hydreigon
|-damage|p1a: Hydreigon|171\/325
|
|-weather|Hail|[upkeep]
|-damage|p1a: Hydreigon|151\/325|[from] hail
|-damage|p2a: Raikou|221\/322|[from] hail
|-heal|p2a: Raikou|241\/322|[from] item: Leftovers
|turn|7
|
|switch|p1a: Empoleon|Empoleon, M|337\/337
|switch|p2a: Jirachi|Jirachi|404\/404
|
|-weather|none
|turn|8
|
|move|p2a: Jirachi|Stealth Rock|p1a: Empoleon
|-sidestart|p1: tayutau|move: Stealth Rock
|move|p1a: Empoleon|Stealth Rock|p2a: Jirachi
|-sidestart|p2: Tyty307|move: Stealth Rock
|
|turn|9
|
|move|p2a: Jirachi|U-turn|p1a: Empoleon
|-resisted|p1a: Empoleon
|-damage|p1a: Empoleon|307\/337
|
|switch|p2a: Mienshao|Mienshao, M|271\/271
|-damage|p2a: Mienshao|255\/271|[from] Stealth Rock
|move|p1a: Empoleon|Scald|p2a: Mienshao
|-damage|p2a: Mienshao|63\/271
|
|-heal|p1a: Empoleon|328\/337|[from] item: Leftovers
|turn|10
|
|move|p2a: Mienshao|U-turn|p1a: Empoleon
|-crit|p1a: Empoleon
|-resisted|p1a: Empoleon
|-damage|p1a: Empoleon|238\/337
|-damage|p2a: Mienshao|36\/271|[from] item: Life Orb
|
|switch|p2a: Slowbro|Slowbro, F|391\/394
|-damage|p2a: Slowbro|342\/394|[from] Stealth Rock
|move|p1a: Empoleon|Scald|p2a: Slowbro
|-resisted|p2a: Slowbro
|-damage|p2a: Slowbro|261\/394
|-status|p2a: Slowbro|brn
|
|-heal|p1a: Empoleon|259\/337|[from] item: Leftovers
|-heal|p2a: Slowbro|285\/394 brn|[from] item: Leftovers
|-damage|p2a: Slowbro|236\/394 brn|[from] brn
|turn|11
|
|move|p1a: Empoleon|Grass Knot|p2a: Slowbro
|-supereffective|p2a: Slowbro
|-damage|p2a: Slowbro|6\/394 brn
|move|p2a: Slowbro|Light Screen|p2a: Slowbro
|-sidestart|p2: Tyty307|move: Light Screen
|
|-heal|p1a: Empoleon|280\/337|[from] item: Leftovers
|-heal|p2a: Slowbro|30\/394 brn|[from] item: Leftovers
|-damage|p2a: Slowbro|0 fnt|[from] brn
|faint|p2a: Slowbro
|
|switch|p2a: Mienshao|Mienshao, M|126\/271
|-damage|p2a: Mienshao|110\/271|[from] Stealth Rock
|turn|12
|
|switch|p1a: Gligar|Gligar, M|334\/334
|-damage|p1a: Gligar|293\/334|[from] Stealth Rock
|move|p2a: Mienshao|High Jump Kick|p1a: Gligar
|-resisted|p1a: Gligar
|-damage|p1a: Gligar|227\/334
|-damage|p2a: Mienshao|83\/271|[from] item: Life Orb
|
|turn|13
|
|move|p2a: Mienshao|U-turn|p1a: Gligar
|-resisted|p1a: Gligar
|-damage|p1a: Gligar|202\/334
|-damage|p2a: Mienshao|56\/271|[from] item: Life Orb
|
|switch|p2a: Florges|Florges, F|360\/360
|-damage|p2a: Florges|315\/360|[from] Stealth Rock
|move|p1a: Gligar|U-turn|p2a: Florges
|-crit|p2a: Florges
|-resisted|p2a: Florges
|-damage|p2a: Florges|282\/360
|
|switch|p1a: Victini|Victini|320\/341
|-damage|p1a: Victini|235\/341|[from] Stealth Rock
|
|-heal|p2a: Florges|304\/360|[from] item: Leftovers
|turn|14
|
|move|p2a: Florges|Protect|p2a: Florges
|-singleturn|p2a: Florges|Protect
|move|p1a: Victini|V-create|p2a: Florges
|-activate|p2a: Florges|Protect
|
|-heal|p2a: Florges|326\/360|[from] item: Leftovers
|turn|15
|
|move|p1a: Victini|V-create|p2a: Florges
|-damage|p2a: Florges|0 fnt
|-unboost|p1a: Victini|def|1
|-unboost|p1a: Victini|spd|1
|-unboost|p1a: Victini|spe|1
|faint|p2a: Florges
|
|-sideend|p2: Tyty307|move: Light Screen
|
|switch|p2a: Mienshao|Mienshao, M|146\/271
|-damage|p2a: Mienshao|130\/271|[from] Stealth Rock
|turn|16
|
|switch|p1a: Gligar|Gligar, M|202\/334
|-damage|p1a: Gligar|161\/334|[from] Stealth Rock
|move|p2a: Mienshao|Knock Off|p1a: Gligar
|-damage|p1a: Gligar|90\/334
|-enditem|p1a: Gligar|Eviolite|[from] move: Knock Off|[of] p2a: Mienshao
|-damage|p2a: Mienshao|103\/271|[from] item: Life Orb
|
|turn|17
|
|move|p2a: Mienshao|Stone Edge|p1a: Gligar
|-crit|p1a: Gligar
|-damage|p1a: Gligar|0 fnt
|-damage|p2a: Mienshao|76\/271|[from] item: Life Orb
|faint|p1a: Gligar
|
|
|switch|p1a: Raikou|Raikou|209\/322
|-damage|p1a: Raikou|169\/322|[from] Stealth Rock
|-ability|p1a: Raikou|Pressure
|turn|18
|
|switch|p2a: Jirachi|Jirachi|404\/404
|-damage|p2a: Jirachi|379\/404|[from] Stealth Rock
|move|p1a: Raikou|Volt Switch|p2a: Jirachi
|-damage|p2a: Jirachi|250\/404
|
|switch|p1a: Absol|Absol, M|271\/271
|-damage|p1a: Absol|238\/271|[from] Stealth Rock
|
|-heal|p2a: Jirachi|275\/404|[from] item: Leftovers
|turn|19
|
|switch|p2a: Mienshao|Mienshao, M|166\/271
|-damage|p2a: Mienshao|150\/271|[from] Stealth Rock
|detailschange|p1a: Absol|Absol-Mega, M
|message|Absol has Mega Evolved into Mega Absol!
|move|p1a: Absol|Knock Off|p2a: Mienshao
|-resisted|p2a: Mienshao
|-damage|p2a: Mienshao|15\/271
|-enditem|p2a: Mienshao|Life Orb|[from] move: Knock Off|[of] p1a: Absol
|
|turn|20
|
|move|p1a: Absol|Sucker Punch|p2a: Mienshao
|-resisted|p2a: Mienshao
|-damage|p2a: Mienshao|0 fnt
|faint|p2a: Mienshao
|
|-message|Tyty307 forfeited.
|
|win|tayutau
|raw|Ladder updating...
|leave|Tyty307
|player|p2
|raw|tayutau's rating: 1373 &rarr; <strong>1393<\/strong><br \/>(+20 for winning)
|raw|Tyty307's rating: 1382 &rarr; <strong>1361<\/strong><br \/>(-21 for losing)