|join|Chillicorn
|join|Tyty307
|player|p1|Chillicorn|266
|player|p2|Tyty307|2
|gametype|singles
|gen|6
|tier|UU
|rated
|rule|Sleep Clause Mod: Limit one foe put to sleep
|rule|Species Clause: Limit one of each Pokémon
|rule|OHKO Clause: OHKO moves are banned
|rule|Moody Clause: Moody is banned
|rule|Evasion Moves Clause: Evasion moves are banned
|rule|Endless Battle Clause: Forcing endless battles is banned
|rule|HP Percentage Mod: HP is reported as percentages
|clearpoke
|poke|p1|Hippowdon, F
|poke|p1|Roserade, M
|poke|p1|Jellicent, F
|poke|p1|Stoutland, F
|poke|p1|Aerodactyl, F
|poke|p1|Ambipom, F
|poke|p2|Jolteon, M
|poke|p2|Entei, shiny
|poke|p2|Crobat, F
|poke|p2|Hydreigon, F
|poke|p2|Machamp, F
|poke|p2|Aggron, M
|rule|Swagger Clause: Swagger is banned
|rule|Baton Pass Clause: Limit one Pokémon knowing Baton Pass
|teampreview
|
|start
|switch|p1a: Gel electropho|Jellicent, F|403\/403
|switch|p2a: Aggron|Aggron, M|344\/344
|turn|1
|
|detailschange|p2a: Aggron|Aggron-Mega, M
|message|Aggron has Mega Evolved into Mega Aggron!
|move|p1a: Gel electropho|Taunt|p2a: Aggron
|-start|p2a: Aggron|move: Taunt
|cant|p2a: Aggron|move: Taunt|Stealth Rock
|
|turn|2
|
|switch|p2a: Crobat|Crobat, F|374\/374
|move|p1a: Gel electropho|Scald|p2a: Crobat
|-damage|p2a: Crobat|271\/374
|
|-heal|p2a: Crobat|294\/374|[from] item: Black Sludge
|turn|3
|
|move|p2a: Crobat|U-turn|p1a: Gel electropho
|-resisted|p1a: Gel electropho
|-damage|p1a: Gel electropho|378\/403
|
|switch|p2a: Hydreigon|Hydreigon, F|347\/347
|move|p1a: Gel electropho|Will-O-Wisp|p2a: Hydreigon
|-status|p2a: Hydreigon|brn
|
|-heal|p1a: Gel electropho|403\/403|[from] item: Leftovers
|-damage|p2a: Hydreigon|304\/347 brn|[from] brn
|turn|4
|
|switch|p1a: P-POW!|Hippowdon, F|420\/420
|-weather|Sandstorm
|move|p2a: Hydreigon|Dark Pulse|p1a: P-POW!
|-damage|p1a: P-POW!|256\/420
|-damage|p2a: Hydreigon|270\/347 brn|[from] item: Life Orb
|
|-weather|Sandstorm|[upkeep]
|-damage|p2a: Hydreigon|249\/347 brn|[from] sandstorm
|-damage|p2a: Hydreigon|206\/347 brn|[from] brn
|turn|5
|
|move|p2a: Hydreigon|Draco Meteor|p1a: P-POW!
|-damage|p1a: P-POW!|0 fnt
|-unboost|p2a: Hydreigon|spa|2
|-damage|p2a: Hydreigon|172\/347 brn|[from] item: Life Orb
|faint|p1a: P-POW!
|
|-weather|Sandstorm|[upkeep]
|-damage|p2a: Hydreigon|151\/347 brn|[from] sandstorm
|-damage|p2a: Hydreigon|108\/347 brn|[from] brn
|
|switch|p1a: Tentacles|Ambipom, F|291\/291
|turn|6
|
|switch|p2a: Aggron|Aggron-Mega, M|344\/344
|move|p1a: Tentacles|U-turn|p2a: Aggron
|-resisted|p2a: Aggron
|-damage|p2a: Aggron|325\/344
|-damage|p1a: Tentacles|262\/291|[from] item: Life Orb
|
|switch|p1a: Gel electropho|Jellicent, F|403\/403
|
|-weather|Sandstorm|[upkeep]
|-damage|p1a: Gel electropho|378\/403|[from] sandstorm
|-heal|p1a: Gel electropho|403\/403|[from] item: Leftovers
|turn|7
|
|switch|p2a: Jolteon|Jolteon, M|272\/272
|move|p1a: Gel electropho|Taunt|p2a: Jolteon
|-start|p2a: Jolteon|move: Taunt
|
|-weather|Sandstorm|[upkeep]
|-damage|p2a: Jolteon|255\/272|[from] sandstorm
|-damage|p1a: Gel electropho|378\/403|[from] sandstorm
|-heal|p1a: Gel electropho|403\/403|[from] item: Leftovers
|turn|8
|
|switch|p1a: Mah Boy!|Stoutland, F|311\/311
|move|p2a: Jolteon|Thunderbolt|p1a: Mah Boy!
|-damage|p1a: Mah Boy!|107\/311
|-damage|p2a: Jolteon|228\/272|[from] item: Life Orb
|
|-weather|Sandstorm|[upkeep]
|-damage|p2a: Jolteon|211\/272|[from] sandstorm
|turn|9
|
|move|p1a: Mah Boy!|Return|p2a: Jolteon
|-damage|p2a: Jolteon|0 fnt
|faint|p2a: Jolteon
|
|-weather|Sandstorm|[upkeep]
|
|switch|p2a: Aggron|Aggron-Mega, M|325\/344
|turn|10
|
|switch|p1a: Spongey|Roserade, M|324\/324
|move|p2a: Aggron|Thunder Wave|p1a: Spongey
|-status|p1a: Spongey|par
|
|-weather|Sandstorm|[upkeep]
|-damage|p1a: Spongey|304\/324 par|[from] sandstorm
|-heal|p1a: Spongey|324\/324 par|[from] item: Black Sludge
|turn|11
|
|move|p2a: Aggron|Iron Head|p1a: Spongey
|-damage|p1a: Spongey|123\/324 par
|cant|p1a: Spongey|par
|
|-weather|none
|-heal|p1a: Spongey|143\/324 par|[from] item: Black Sludge
|turn|12
|
|switch|p1a: Gel electropho|Jellicent, F|403\/403
|move|p2a: Aggron|Iron Head|p1a: Gel electropho
|-crit|p1a: Gel electropho
|-resisted|p1a: Gel electropho
|-damage|p1a: Gel electropho|299\/403
|
|-heal|p1a: Gel electropho|324\/403|[from] item: Leftovers
|turn|13
|
|move|p1a: Gel electropho|Scald|p2a: Aggron
|-damage|p2a: Aggron|222\/344
|move|p2a: Aggron|Stealth Rock|p1a: Gel electropho
|-sidestart|p1: Chillicorn|move: Stealth Rock
|
|-heal|p1a: Gel electropho|349\/403|[from] item: Leftovers
|turn|14
|
|move|p1a: Gel electropho|Scald|p2a: Aggron
|-damage|p2a: Aggron|117\/344
|move|p2a: Aggron|Thunder Wave|p1a: Gel electropho
|-status|p1a: Gel electropho|par
|
|-heal|p1a: Gel electropho|374\/403 par|[from] item: Leftovers
|turn|15
|
|switch|p2a: Hydreigon|Hydreigon, F|108\/347 brn
|cant|p1a: Gel electropho|par
|
|-heal|p1a: Gel electropho|399\/403 par|[from] item: Leftovers
|-damage|p2a: Hydreigon|65\/347 brn|[from] brn
|turn|16
|
|move|p2a: Hydreigon|Draco Meteor|p1a: Gel electropho
|-damage|p1a: Gel electropho|136\/403 par
|-unboost|p2a: Hydreigon|spa|2
|-damage|p2a: Hydreigon|31\/347 brn|[from] item: Life Orb
|move|p1a: Gel electropho|Scald|p2a: Hydreigon
|-resisted|p2a: Hydreigon
|-damage|p2a: Hydreigon|0 fnt
|faint|p2a: Hydreigon
|
|-heal|p1a: Gel electropho|161\/403 par|[from] item: Leftovers
|
|switch|p2a: Machamp|Machamp, F|384\/384
|turn|17
|
|move|p2a: Machamp|Knock Off|p1a: Gel electropho
|-supereffective|p1a: Gel electropho
|-damage|p1a: Gel electropho|0 fnt
|-enditem|p1a: Gel electropho|Leftovers|[from] move: Knock Off|[of] p2a: Machamp
|faint|p1a: Gel electropho
|
|
|switch|p1a: Spongey|Roserade, M|143\/324
|-damage|p1a: Spongey|103\/324|[from] Stealth Rock
|turn|18
|
|switch|p2a: Crobat|Crobat, F|294\/374
|move|p1a: Spongey|Spikes|p2a: Crobat
|-sidestart|p2: Tyty307|Spikes
|
|-heal|p2a: Crobat|317\/374|[from] item: Black Sludge
|-heal|p1a: Spongey|123\/324|[from] item: Black Sludge
|turn|19
|
|move|p2a: Crobat|Brave Bird|p1a: Spongey
|-supereffective|p1a: Spongey
|-damage|p1a: Spongey|0 fnt
|-damage|p2a: Crobat|276\/374|[from] recoil|[of] p1a: Spongey
|faint|p1a: Spongey
|
|-heal|p2a: Crobat|299\/374|[from] item: Black Sludge
|
|switch|p1a: Tentacles|Ambipom, F|262\/291
|-damage|p1a: Tentacles|226\/291|[from] Stealth Rock
|turn|20
|
|move|p1a: Tentacles|Fake Out|p2a: Crobat
|-damage|p2a: Crobat|147\/374
|-damage|p1a: Tentacles|197\/291|[from] item: Life Orb
|cant|p2a: Crobat|flinch
|
|-heal|p2a: Crobat|170\/374|[from] item: Black Sludge
|turn|21
|
|move|p2a: Crobat|Brave Bird|p1a: Tentacles
|-damage|p1a: Tentacles|8\/291
|-damage|p2a: Crobat|108\/374|[from] recoil|[of] p1a: Tentacles
|move|p1a: Tentacles|U-turn|p2a: Crobat
|-resisted|p2a: Crobat
|-damage|p2a: Crobat|82\/374
|-damage|p1a: Tentacles|0 fnt|[from] item: Life Orb
|faint|p1a: Tentacles
|
|-heal|p2a: Crobat|105\/374|[from] item: Black Sludge
|
|switch|p1a: Miss again|Aerodactyl, F|301\/301
|-damage|p1a: Miss again|226\/301|[from] Stealth Rock
|-ability|p1a: Miss again|Pressure
|turn|22
|
|detailschange|p1a: Miss again|Aerodactyl-Mega, F
|message|Aerodactyl has Mega Evolved into Mega Aerodactyl!
|move|p2a: Crobat|Taunt|p1a: Miss again
|-start|p1a: Miss again|move: Taunt
|move|p1a: Miss again|Fire Fang|p2a: Crobat
|-damage|p2a: Crobat|0 fnt
|faint|p2a: Crobat
|
|
|switch|p2a: Aggron|Aggron-Mega, M|117\/344
|-damage|p2a: Aggron|74\/344|[from] Spikes
|turn|23
|
|move|p1a: Miss again|Fire Fang|p2a: Aggron
|-supereffective|p2a: Aggron
|-damage|p2a: Aggron|0 fnt
|faint|p2a: Aggron
|
|
|switch|p2a: Machamp|Machamp, F|384\/384
|-damage|p2a: Machamp|336\/384|[from] Spikes
|turn|24
|
|move|p1a: Miss again|Aerial Ace|p2a: Machamp
|-supereffective|p2a: Machamp
|-damage|p2a: Machamp|0 fnt
|faint|p2a: Machamp
|
|-end|p1a: Miss again|move: Taunt
|
|switch|p2a: Entei|Entei, shiny|372\/372
|-damage|p2a: Entei|326\/372|[from] Spikes
|-ability|p2a: Entei|Pressure
|turn|25
|
|move|p1a: Miss again|Stone Edge|p2a: Entei|[miss]
|-miss|p1a: Miss again|p2a: Entei
|move|p2a: Entei|Stone Edge|p1a: Miss again
|-crit|p1a: Miss again
|-supereffective|p1a: Miss again
|-damage|p1a: Miss again|0 fnt
|faint|p1a: Miss again
|
|chat|Chillicorn|figures
|
|switch|p1a: Mah Boy!|Stoutland, F|107\/311
|-damage|p1a: Mah Boy!|69\/311|[from] Stealth Rock
|turn|26
|
|move|p2a: Entei|Stone Edge|p1a: Mah Boy!
|-damage|p1a: Mah Boy!|0 fnt
|faint|p1a: Mah Boy!
|
|win|Tyty307
|raw|Ladder updating...
|raw|Chillicorn's rating: 1400 &rarr; <strong>1376<\/strong><br \/>(-24 for losing)
|raw|Tyty307's rating: 1330 &rarr; <strong>1354<\/strong><br \/>(+24 for winning)
|leave|Tyty307
|player|p2