|join|Cienight
|join|okcoolyo
|player|p1|Cienight|75
|player|p2|okcoolyo|266
|gametype|singles
|gen|6
|tier|OU
|rated
|clearpoke
|poke|p1|Azumarill, F
|poke|p1|Ferrothorn, M
|poke|p1|Landorus-Therian, M, shiny
|poke|p1|Latias, F
|poke|p1|Charizard, M
|poke|p1|Mew
|poke|p2|Mew
|poke|p2|Tyranitar, F
|poke|p2|Skarmory, M
|poke|p2|Heatran, M
|poke|p2|Keldeo
|poke|p2|Venusaur, M
|rule|Swagger Clause: Swagger is banned
|rule|Baton Pass Clause: Limit one Pokémon knowing Baton Pass
|rule|Sleep Clause Mod: Limit one foe put to sleep
|rule|Species Clause: Limit one of each Pokémon
|rule|OHKO Clause: OHKO moves are banned
|rule|Moody Clause: Moody is banned
|rule|Evasion Moves Clause: Evasion moves are banned
|rule|Endless Battle Clause: Forcing endless battles is banned
|rule|HP Percentage Mod: HP is shown in percentages
|teampreview
|
|start
|switch|p1a: Landorus-Therian|Landorus-Therian, M, shiny|325\/325
|switch|p2a: Keldeo|Keldeo|323\/323
|-ability|p1a: Landorus-Therian|Intimidate|[of] p2a: Keldeo
|-unboost|p2a: Keldeo|atk|1
|turn|1
|
|switch|p1a: Latias|Latias, F|301\/301
|move|p2a: Keldeo|Hydro Pump|p1a: Latias
|-crit|p1a: Latias
|-resisted|p1a: Latias
|-damage|p1a: Latias|193\/301
|
|turn|2
|
|switch|p1a: Azumarill|Azumarill, F|381\/381
|move|p2a: Keldeo|Hydro Pump|p1a: Azumarill
|-resisted|p1a: Azumarill
|-damage|p1a: Azumarill|272\/381
|
|turn|3
|
|switch|p2a: Venusaur|Venusaur, M|361\/361
|move|p1a: Azumarill|Waterfall|p2a: Venusaur
|-resisted|p2a: Venusaur
|-damage|p2a: Venusaur|216\/361
|
|turn|4
|
|switch|p1a: Ferrothorn|Ferrothorn, M|349\/349
|detailschange|p2a: Venusaur|Venusaur-Mega, M
|message|Venusaur has Mega Evolved into Mega Venusaur!
|move|p2a: Venusaur|Sleep Powder|p1a: Ferrothorn|[miss]
|-miss|p2a: Venusaur|p1a: Ferrothorn
|
|turn|5
|
|switch|p2a: Heatran|Heatran, M|381\/381
|move|p1a: Ferrothorn|Stealth Rock|p2a: Heatran
|-sidestart|p2: okcoolyo|move: Stealth Rock
|
|turn|6
|
|switch|p1a: Azumarill|Azumarill, F|272\/381
|move|p2a: Heatran|Stealth Rock|p1a: Azumarill
|-sidestart|p1: Cienight|move: Stealth Rock
|
|turn|7
|
|move|p2a: Heatran|Will-O-Wisp|p1a: Azumarill
|-status|p1a: Azumarill|brn
|move|p1a: Azumarill|Waterfall|p2a: Heatran
|-supereffective|p2a: Heatran
|-damage|p2a: Heatran|133\/381
|
|-heal|p2a: Heatran|156\/381|[from] item: Leftovers
|-damage|p1a: Azumarill|225\/381 brn|[from] brn
|turn|8
|
|switch|p2a: Venusaur|Venusaur-Mega, M|216\/361
|-damage|p2a: Venusaur|171\/361|[from] Stealth Rock
|move|p1a: Azumarill|Waterfall|p2a: Venusaur
|-resisted|p2a: Venusaur
|-damage|p2a: Venusaur|113\/361
|
|-damage|p1a: Azumarill|178\/381 brn|[from] brn
|turn|9
|
|switch|p1a: Mew|Mew|403\/403
|-damage|p1a: Mew|353\/403|[from] Stealth Rock
|move|p2a: Venusaur|Synthesis|p2a: Venusaur
|-heal|p2a: Venusaur|293\/361
|
|-heal|p1a: Mew|378\/403|[from] item: Leftovers
|turn|10
|
|switch|p2a: Heatran|Heatran, M|156\/381
|-damage|p2a: Heatran|109\/381|[from] Stealth Rock
|move|p1a: Mew|Taunt|p2a: Heatran
|-start|p2a: Heatran|move: Taunt
|
|-heal|p1a: Mew|403\/403|[from] item: Leftovers
|-heal|p2a: Heatran|132\/381|[from] item: Leftovers
|turn|11
|
|move|p1a: Mew|Knock Off|p2a: Heatran
|-damage|p2a: Heatran|57\/381
|-enditem|p2a: Heatran|Leftovers|[from] move: Knock Off|[of] p1a: Mew
|move|p2a: Heatran|Lava Plume|p1a: Mew
|-damage|p1a: Mew|303\/403
|
|-heal|p1a: Mew|328\/403|[from] item: Leftovers
|turn|12
|
|move|p1a: Mew|Knock Off|p2a: Heatran
|-damage|p2a: Heatran|7\/381
|move|p2a: Heatran|Lava Plume|p1a: Mew
|-damage|p1a: Mew|234\/403
|
|-heal|p1a: Mew|259\/403|[from] item: Leftovers
|turn|13
|
|move|p1a: Mew|Knock Off|p2a: Heatran
|-damage|p2a: Heatran|0 fnt
|faint|p2a: Heatran
|
|-heal|p1a: Mew|284\/403|[from] item: Leftovers
|
|switch|p2a: Mew|Mew|404\/404
|-damage|p2a: Mew|354\/404|[from] Stealth Rock
|turn|14
|
|move|p1a: Mew|Taunt|p2a: Mew
|-start|p2a: Mew|move: Taunt
|cant|p2a: Mew|move: Taunt|Will-O-Wisp
|
|-heal|p1a: Mew|309\/403|[from] item: Leftovers
|-heal|p2a: Mew|379\/404|[from] item: Leftovers
|turn|15
|
|switch|p2a: Venusaur|Venusaur-Mega, M|293\/361
|-damage|p2a: Venusaur|248\/361|[from] Stealth Rock
|move|p1a: Mew|Knock Off|p2a: Venusaur
|-damage|p2a: Venusaur|209\/361
|
|-heal|p1a: Mew|334\/403|[from] item: Leftovers
|turn|16
|
|move|p1a: Mew|Taunt|p2a: Venusaur
|-start|p2a: Venusaur|move: Taunt
|move|p2a: Venusaur|Sludge Bomb|p1a: Mew
|-damage|p1a: Mew|228\/403
|
|-heal|p1a: Mew|253\/403|[from] item: Leftovers
|turn|17
|
|switch|p2a: Mew|Mew|379\/404
|-damage|p2a: Mew|329\/404|[from] Stealth Rock
|move|p1a: Mew|Will-O-Wisp|p2a: Mew
|-status|p2a: Mew|brn
|-status|p1a: Mew|brn
|
|-heal|p1a: Mew|278\/403 brn|[from] item: Leftovers
|-heal|p2a: Mew|354\/404 brn|[from] item: Leftovers
|-damage|p1a: Mew|228\/403 brn|[from] brn
|-damage|p2a: Mew|304\/404 brn|[from] brn
|turn|18
|
|move|p1a: Mew|Roost|p1a: Mew
|-heal|p1a: Mew|403\/403 brn
|move|p2a: Mew|Soft-Boiled|p2a: Mew
|-heal|p2a: Mew|404\/404 brn
|
|-damage|p1a: Mew|353\/403 brn|[from] brn
|-damage|p2a: Mew|354\/404 brn|[from] brn
|turn|19
|
|move|p1a: Mew|Taunt|p2a: Mew
|-start|p2a: Mew|move: Taunt
|cant|p2a: Mew|move: Taunt|Taunt
|
|-heal|p1a: Mew|378\/403 brn|[from] item: Leftovers
|-heal|p2a: Mew|379\/404 brn|[from] item: Leftovers
|-damage|p1a: Mew|328\/403 brn|[from] brn
|-damage|p2a: Mew|329\/404 brn|[from] brn
|turn|20
|c|★okcoolyo|always thought 20 speed evs was enough
|c|★okcoolyo|guess now
|c|★okcoolyo|not
|
|move|p1a: Mew|Knock Off|p2a: Mew
|-supereffective|p2a: Mew
|-damage|p2a: Mew|247\/404 brn
|-enditem|p2a: Mew|Leftovers|[from] move: Knock Off|[of] p1a: Mew
|move|p2a: Mew|Psychic|p1a: Mew
|-resisted|p1a: Mew
|-damage|p1a: Mew|280\/403 brn
|
|-heal|p1a: Mew|305\/403 brn|[from] item: Leftovers
|-damage|p1a: Mew|255\/403 brn|[from] brn
|-damage|p2a: Mew|197\/404 brn|[from] brn
|turn|21
|
|move|p1a: Mew|Roost|p1a: Mew
|-heal|p1a: Mew|403\/403 brn
|move|p2a: Mew|Psychic|p1a: Mew
|-resisted|p1a: Mew
|-damage|p1a: Mew|360\/403 brn
|
|-heal|p1a: Mew|385\/403 brn|[from] item: Leftovers
|-damage|p1a: Mew|335\/403 brn|[from] brn
|-damage|p2a: Mew|147\/404 brn|[from] brn
|-end|p2a: Mew|move: Taunt
|turn|22
|
|switch|p2a: Keldeo|Keldeo|323\/323
|-damage|p2a: Keldeo|303\/323|[from] Stealth Rock
|move|p1a: Mew|Taunt|p2a: Keldeo
|-start|p2a: Keldeo|move: Taunt
|
|-heal|p2a: Keldeo|323\/323|[from] item: Leftovers
|-heal|p1a: Mew|360\/403 brn|[from] item: Leftovers
|-damage|p1a: Mew|310\/403 brn|[from] brn
|turn|23
|
|switch|p1a: Ferrothorn|Ferrothorn, M|349\/349
|-damage|p1a: Ferrothorn|328\/349|[from] Stealth Rock
|move|p2a: Keldeo|Hydro Pump|p1a: Ferrothorn
|-resisted|p1a: Ferrothorn
|-damage|p1a: Ferrothorn|255\/349
|
|-heal|p1a: Ferrothorn|276\/349|[from] item: Leftovers
|turn|24
|
|move|p2a: Keldeo|Secret Sword|p1a: Ferrothorn
|-supereffective|p1a: Ferrothorn
|-damage|p1a: Ferrothorn|88\/349
|move|p1a: Ferrothorn|Gyro Ball|p2a: Keldeo
|-resisted|p2a: Keldeo
|-damage|p2a: Keldeo|226\/323
|
|-heal|p2a: Keldeo|246\/323|[from] item: Leftovers
|-heal|p1a: Ferrothorn|109\/349|[from] item: Leftovers
|turn|25
|
|switch|p1a: Latias|Latias, F|193\/301
|-damage|p1a: Latias|156\/301|[from] Stealth Rock
|move|p2a: Keldeo|Secret Sword|p1a: Latias
|-crit|p1a: Latias
|-resisted|p1a: Latias
|-damage|p1a: Latias|36\/301
|
|-heal|p2a: Keldeo|266\/323|[from] item: Leftovers
|-end|p2a: Keldeo|move: Taunt
|turn|26
|
|switch|p2a: Mew|Mew|147\/404 brn
|-damage|p2a: Mew|97\/404 brn|[from] Stealth Rock
|move|p1a: Latias|Healing Wish|p1a: Latias
|faint|p1a: Latias
|
|-damage|p2a: Mew|47\/404 brn|[from] brn
|
|switch|p1a: Azumarill|Azumarill, F|178\/381 brn
|-heal|p1a: Azumarill|381\/381|[from] move: Healing Wish
|-damage|p1a: Azumarill|334\/381|[from] Stealth Rock
|turn|27
|
|move|p1a: Azumarill|Aqua Jet|p2a: Mew
|-damage|p2a: Mew|0 fnt
|faint|p2a: Mew
|
|
|switch|p2a: Venusaur|Venusaur-Mega, M|209\/361
|-damage|p2a: Venusaur|164\/361|[from] Stealth Rock
|turn|28
|
|switch|p1a: Ferrothorn|Ferrothorn, M|109\/349
|-damage|p1a: Ferrothorn|88\/349|[from] Stealth Rock
|move|p2a: Venusaur|Synthesis|p2a: Venusaur
|-heal|p2a: Venusaur|344\/361
|
|-heal|p1a: Ferrothorn|109\/349|[from] item: Leftovers
|turn|29
|
|switch|p2a: Keldeo|Keldeo|266\/323
|-damage|p2a: Keldeo|246\/323|[from] Stealth Rock
|move|p1a: Ferrothorn|Gyro Ball|p2a: Keldeo
|-resisted|p2a: Keldeo
|-damage|p2a: Keldeo|156\/323
|
|-heal|p2a: Keldeo|176\/323|[from] item: Leftovers
|-heal|p1a: Ferrothorn|130\/349|[from] item: Leftovers
|turn|30
|
|switch|p1a: Azumarill|Azumarill, F|334\/381
|-damage|p1a: Azumarill|287\/381|[from] Stealth Rock
|move|p2a: Keldeo|Secret Sword|p1a: Azumarill
|-resisted|p1a: Azumarill
|-damage|p1a: Azumarill|202\/381
|
|-heal|p2a: Keldeo|196\/323|[from] item: Leftovers
|turn|31
|
|switch|p2a: Venusaur|Venusaur-Mega, M|344\/361
|-damage|p2a: Venusaur|299\/361|[from] Stealth Rock
|move|p1a: Azumarill|Play Rough|p2a: Venusaur|[miss]
|-miss|p1a: Azumarill|p2a: Venusaur
|
|turn|32
|
|switch|p2a: Keldeo|Keldeo|196\/323
|-damage|p2a: Keldeo|176\/323|[from] Stealth Rock
|switch|p1a: Ferrothorn|Ferrothorn, M|130\/349
|-damage|p1a: Ferrothorn|109\/349|[from] Stealth Rock
|
|-heal|p2a: Keldeo|196\/323|[from] item: Leftovers
|-heal|p1a: Ferrothorn|130\/349|[from] item: Leftovers
|turn|33
|
|move|p2a: Keldeo|Secret Sword|p1a: Ferrothorn
|-supereffective|p1a: Ferrothorn
|-damage|p1a: Ferrothorn|0 fnt
|faint|p1a: Ferrothorn
|
|-heal|p2a: Keldeo|216\/323|[from] item: Leftovers
|
|switch|p1a: Landorus-Therian|Landorus-Therian, M, shiny|325\/325
|-damage|p1a: Landorus-Therian|285\/325|[from] Stealth Rock
|-ability|p1a: Landorus-Therian|Intimidate|[of] p2a: Keldeo
|-unboost|p2a: Keldeo|atk|1
|turn|34
|
|switch|p2a: Skarmory|Skarmory, M|334\/334
|-damage|p2a: Skarmory|293\/334|[from] Stealth Rock
|move|p1a: Landorus-Therian|Earthquake|p2a: Skarmory
|-immune|p2a: Skarmory|[msg]
|
|turn|35
|
|switch|p1a: Charizard|Charizard, M|315\/315
|-damage|p1a: Charizard|158\/315|[from] Stealth Rock
|switch|p2a: Keldeo|Keldeo|216\/323
|-damage|p2a: Keldeo|196\/323|[from] Stealth Rock
|
|-heal|p2a: Keldeo|216\/323|[from] item: Leftovers
|turn|36
|
|detailschange|p1a: Charizard|Charizard-Mega-X, M
|message|Charizard has Mega Evolved into Mega Charizard!
|move|p2a: Keldeo|Hydro Pump|p1a: Charizard
|-damage|p1a: Charizard|0 fnt
|faint|p1a: Charizard
|
|-heal|p2a: Keldeo|236\/323|[from] item: Leftovers
|
|switch|p1a: Azumarill|Azumarill, F|202\/381
|-damage|p1a: Azumarill|155\/381|[from] Stealth Rock
|turn|37
|
|switch|p2a: Venusaur|Venusaur-Mega, M|299\/361
|-damage|p2a: Venusaur|254\/361|[from] Stealth Rock
|move|p1a: Azumarill|Play Rough|p2a: Venusaur
|-resisted|p2a: Venusaur
|-damage|p2a: Venusaur|138\/361
|
|turn|38
|
|switch|p1a: Mew|Mew|310\/403 brn
|-damage|p1a: Mew|260\/403 brn|[from] Stealth Rock
|move|p2a: Venusaur|Sleep Powder|p1a: Mew
|-fail|p1a: Mew
|
|-heal|p1a: Mew|285\/403 brn|[from] item: Leftovers
|-damage|p1a: Mew|235\/403 brn|[from] brn
|turn|39
|
|move|p1a: Mew|Will-O-Wisp|p2a: Venusaur
|-status|p2a: Venusaur|brn
|move|p2a: Venusaur|Giga Drain|p1a: Mew
|-damage|p1a: Mew|150\/403 brn
|-heal|p2a: Venusaur|181\/361 brn|[from] drain|[of] p1a: Mew
|
|-heal|p1a: Mew|175\/403 brn|[from] item: Leftovers
|-damage|p1a: Mew|125\/403 brn|[from] brn
|-damage|p2a: Venusaur|136\/361 brn|[from] brn
|turn|40
|
|move|p1a: Mew|Roost|p1a: Mew
|-heal|p1a: Mew|327\/403 brn
|move|p2a: Venusaur|Synthesis|p2a: Venusaur
|-heal|p2a: Venusaur|316\/361 brn
|
|-heal|p1a: Mew|352\/403 brn|[from] item: Leftovers
|-damage|p1a: Mew|302\/403 brn|[from] brn
|-damage|p2a: Venusaur|271\/361 brn|[from] brn
|turn|41
|
|switch|p2a: Keldeo|Keldeo|236\/323
|-damage|p2a: Keldeo|216\/323|[from] Stealth Rock
|move|p1a: Mew|Taunt|p2a: Keldeo
|-start|p2a: Keldeo|move: Taunt
|
|-heal|p2a: Keldeo|236\/323|[from] item: Leftovers
|-heal|p1a: Mew|327\/403 brn|[from] item: Leftovers
|-damage|p1a: Mew|277\/403 brn|[from] brn
|turn|42
|
|move|p2a: Keldeo|Hydro Pump|p1a: Mew|[miss]
|-miss|p2a: Keldeo|p1a: Mew
|move|p1a: Mew|Roost|p1a: Mew
|-heal|p1a: Mew|403\/403 brn
|
|-heal|p2a: Keldeo|256\/323|[from] item: Leftovers
|-damage|p1a: Mew|353\/403 brn|[from] brn
|turn|43
|c|★okcoolyo|fuck
|
|move|p2a: Keldeo|Hydro Pump|p1a: Mew|[miss]
|-miss|p2a: Keldeo|p1a: Mew
|move|p1a: Mew|Will-O-Wisp|p2a: Keldeo
|-status|p2a: Keldeo|brn
|
|-heal|p2a: Keldeo|276\/323 brn|[from] item: Leftovers
|-heal|p1a: Mew|378\/403 brn|[from] item: Leftovers
|-damage|p2a: Keldeo|236\/323 brn|[from] brn
|-damage|p1a: Mew|328\/403 brn|[from] brn
|turn|44
|c|★okcoolyo|ya
|
|move|p2a: Keldeo|Icy Wind|p1a: Mew
|-damage|p1a: Mew|274\/403 brn
|-unboost|p1a: Mew|spe|1
|move|p1a: Mew|Roost|p1a: Mew
|-heal|p1a: Mew|403\/403 brn
|
|-heal|p2a: Keldeo|256\/323 brn|[from] item: Leftovers
|-damage|p2a: Keldeo|216\/323 brn|[from] brn
|-damage|p1a: Mew|353\/403 brn|[from] brn
|-end|p2a: Keldeo|move: Taunt
|turn|45
|
|move|p2a: Keldeo|Calm Mind|p2a: Keldeo
|-boost|p2a: Keldeo|spa|1
|-boost|p2a: Keldeo|spd|1
|move|p1a: Mew|Knock Off|p2a: Keldeo
|-resisted|p2a: Keldeo
|-damage|p2a: Keldeo|195\/323 brn
|-boost|p2a: Keldeo|atk|1|[from] ability: Justified
|-enditem|p2a: Keldeo|Leftovers|[from] move: Knock Off|[of] p1a: Mew
|
|-heal|p1a: Mew|378\/403 brn|[from] item: Leftovers
|-damage|p2a: Keldeo|155\/323 brn|[from] brn
|-damage|p1a: Mew|328\/403 brn|[from] brn
|turn|46
|
|move|p2a: Keldeo|Calm Mind|p2a: Keldeo
|-boost|p2a: Keldeo|spa|1
|-boost|p2a: Keldeo|spd|1
|move|p1a: Mew|Roost|p1a: Mew
|-heal|p1a: Mew|403\/403 brn
|
|-damage|p2a: Keldeo|115\/323 brn|[from] brn
|-damage|p1a: Mew|353\/403 brn|[from] brn
|turn|47
|
|switch|p1a: Azumarill|Azumarill, F|155\/381
|-damage|p1a: Azumarill|108\/381|[from] Stealth Rock
|move|p2a: Keldeo|Calm Mind|p2a: Keldeo
|-boost|p2a: Keldeo|spa|1
|-boost|p2a: Keldeo|spd|1
|
|-damage|p2a: Keldeo|75\/323 brn|[from] brn
|turn|48
|
|switch|p2a: Venusaur|Venusaur-Mega, M|271\/361 brn
|-damage|p2a: Venusaur|226\/361 brn|[from] Stealth Rock
|move|p1a: Azumarill|Aqua Jet|p2a: Venusaur
|-resisted|p2a: Venusaur
|-damage|p2a: Venusaur|172\/361 brn
|
|-damage|p2a: Venusaur|127\/361 brn|[from] brn
|turn|49
|
|switch|p1a: Mew|Mew|353\/403 brn
|-damage|p1a: Mew|303\/403 brn|[from] Stealth Rock
|move|p2a: Venusaur|Sludge Bomb|p1a: Mew
|-damage|p1a: Mew|207\/403 brn
|
|-heal|p1a: Mew|232\/403 brn|[from] item: Leftovers
|-damage|p1a: Mew|182\/403 brn|[from] brn
|-damage|p2a: Venusaur|82\/361 brn|[from] brn
|turn|50
|
|move|p1a: Mew|Taunt|p2a: Venusaur
|-start|p2a: Venusaur|move: Taunt
|move|p2a: Venusaur|Sludge Bomb|p1a: Mew
|-damage|p1a: Mew|79\/403 brn
|
|-heal|p1a: Mew|104\/403 brn|[from] item: Leftovers
|-damage|p1a: Mew|54\/403 brn|[from] brn
|-damage|p2a: Venusaur|37\/361 brn|[from] brn
|turn|51
|
|switch|p2a: Tyranitar|Tyranitar, F|341\/341
|-damage|p2a: Tyranitar|299\/341|[from] Stealth Rock
|-weather|Sandstorm
|move|p1a: Mew|Roost|p1a: Mew
|-heal|p1a: Mew|256\/403 brn
|
|-weather|Sandstorm|[upkeep]
|-damage|p1a: Mew|231\/403 brn|[from] sandstorm
|-heal|p1a: Mew|256\/403 brn|[from] item: Leftovers
|-damage|p1a: Mew|206\/403 brn|[from] brn
|turn|52
|
|move|p2a: Tyranitar|Rock Slide|p1a: Mew
|-crit|p1a: Mew
|-damage|p1a: Mew|19\/403 brn
|cant|p1a: Mew|flinch
|
|-weather|Sandstorm|[upkeep]
|-damage|p1a: Mew|0 fnt|[from] sandstorm
|faint|p1a: Mew
|c|★Cienight|no comments.
|c|★okcoolyo|my only hope was that rofl
|c|★okcoolyo|im sorry
|c|★Cienight|seriously
|c|★Cienight|if you're sorry forfeit.
|c|★okcoolyo|yea nooo this happens all the time
|c|★okcoolyo|its pokemon dude
|
|switch|p1a: Landorus-Therian|Landorus-Therian, M, shiny|285\/325
|-damage|p1a: Landorus-Therian|245\/325|[from] Stealth Rock
|-ability|p1a: Landorus-Therian|Intimidate|[of] p2a: Tyranitar
|-unboost|p2a: Tyranitar|atk|1
|turn|53
|c|★Cienight|then dont say you're sorry
|
|switch|p2a: Skarmory|Skarmory, M|293\/334
|-damage|p2a: Skarmory|252\/334|[from] Stealth Rock
|move|p1a: Landorus-Therian|Superpower|p2a: Skarmory
|-damage|p2a: Skarmory|156\/334
|-damage|p1a: Landorus-Therian|191\/325|[from] item: Rocky Helmet|[of] p2a: Skarmory
|-unboost|p1a: Landorus-Therian|atk|1
|-unboost|p1a: Landorus-Therian|def|1
|
|-weather|Sandstorm|[upkeep]
|turn|54
|c|★okcoolyo|dude its a game chill
|c|★Cienight|you're retarded
|c|★Cienight|for sure
|c|★okcoolyo|are you mad?
|
|switch|p1a: Azumarill|Azumarill, F|108\/381
|-damage|p1a: Azumarill|61\/381|[from] Stealth Rock
|move|p2a: Skarmory|Roost|p2a: Skarmory
|-heal|p2a: Skarmory|323\/334
|
|-weather|Sandstorm|[upkeep]
|-damage|p1a: Azumarill|38\/381|[from] sandstorm
|turn|55
|c|★Cienight|I'm
|c|★Cienight|cause retarded people make me mad
|join|lolJD
|
|move|p2a: Skarmory|Brave Bird|p1a: Azumarill
|-crit|p1a: Azumarill
|-damage|p1a: Azumarill|0 fnt
|-damage|p2a: Skarmory|310\/334|[from] recoil|[of] p1a: Azumarill
|faint|p1a: Azumarill
|
|-weather|none
|join|alexruss95
|
|switch|p1a: Landorus-Therian|Landorus-Therian, M, shiny|191\/325
|-damage|p1a: Landorus-Therian|151\/325|[from] Stealth Rock
|-ability|p1a: Landorus-Therian|Intimidate|[of] p2a: Skarmory
|-unboost|p2a: Skarmory|atk|1
|turn|56
|join|testingh12
|leave|alexruss95
|join|DeltaMercy
|join|ZapZapMotherfucker
|join|Dread Arceus
|
|move|p1a: Landorus-Therian|Stone Edge|p2a: Skarmory
|-damage|p2a: Skarmory|237\/334
|move|p2a: Skarmory|Brave Bird|p1a: Landorus-Therian
|-damage|p1a: Landorus-Therian|66\/325
|-damage|p2a: Skarmory|209\/334|[from] recoil|[of] p1a: Landorus-Therian
|
|turn|57
|join|howkawaiiofyou
|join|mynameisbrndn
|
|move|p1a: Landorus-Therian|Stone Edge|p2a: Skarmory
|-damage|p2a: Skarmory|133\/334
|move|p2a: Skarmory|Roost|p2a: Skarmory
|-heal|p2a: Skarmory|300\/334
|
|turn|58
|c| lolJD|lol
|-message|Cienight forfeited.
|
|win|okcoolyo
|raw|Ladder updating...
|leave|Cienight
|player|p1
|join|bloody luna
|raw|Cienight's rating: 1642 &rarr; <strong>1616<\/strong><br \/>(-26 for losing)
|raw|okcoolyo's rating: 1536 &rarr; <strong>1562<\/strong><br \/>(+26 for winning)
|leave|DeltaMercy
|join|nope never again
|join|Specs Fake-Out
|join|dgtrjsj
|leave|nope never again
|c| howkawaiiofyou|where is the gravity rp lando-t
|c| howkawaiiofyou|smh