|join|Hachimaki98
|join|KUNG FU TANGA
|join|Tricking
|player|p1|Hachimaki98|265
|player|p2|KUNG FU TANGA|124
|gametype|singles
|gen|6
|tier|OU
|clearpoke
|poke|p1|Diancie
|poke|p1|Crawdaunt, F
|poke|p1|Latios, M
|poke|p1|Landorus-Therian, M
|poke|p1|Keldeo
|poke|p1|Talonflame, M
|poke|p2|Alomomola, M
|poke|p2|Hawlucha, M, shiny
|poke|p2|Altaria, F
|poke|p2|Togekiss, M
|poke|p2|Pachirisu, F, shiny
|poke|p2|Celebi
|rule|Swagger Clause: Swagger is banned
|rule|Baton Pass Clause: Limit one Pokémon knowing Baton Pass
|rule|Sleep Clause Mod: Limit one foe put to sleep
|rule|Species Clause: Limit one of each Pokémon
|rule|OHKO Clause: OHKO moves are banned
|rule|Moody Clause: Moody is banned
|rule|Evasion Moves Clause: Evasion moves are banned
|rule|Endless Battle Clause: Forcing endless battles is banned
|rule|HP Percentage Mod: HP is shown in percentages
|teampreview
|join|lord ledian
|
|start
|switch|p1a: Landorus-Therian|Landorus-Therian, M|319\/319
|switch|p2a: TRILLY|Celebi|401\/401
|-ability|p1a: Landorus-Therian|Intimidate|[of] p2a: TRILLY
|-unboost|p2a: TRILLY|atk|1
|turn|1
|join|I Need A TwiiXx
|c|★Hachimaki98|Non era necessario >,<
|
|switch|p2a: ANGELKISS|Togekiss, M|369\/369
|move|p1a: Landorus-Therian|Stone Edge|p2a: ANGELKISS
|-supereffective|p2a: ANGELKISS
|-damage|p2a: ANGELKISS|157\/369
|
|-heal|p2a: ANGELKISS|180\/369|[from] item: Leftovers
|turn|2
|join|silver97
|join|OTKike
|c| silver97|lol
|
|switch|p1a: Diancie|Diancie|241\/241
|move|p2a: ANGELKISS|Roost|p2a: ANGELKISS
|-heal|p2a: ANGELKISS|365\/369
|
|-heal|p2a: ANGELKISS|369\/369|[from] item: Leftovers
|turn|3
|
|switch|p2a: TRILLY|Celebi|401\/401
|detailschange|p1a: Diancie|Diancie-Mega
|-mega|p1a: Diancie|Diancie|Diancite
|move|p1a: Diancie|Stealth Rock|p2a: TRILLY
|-sidestart|p2: KUNG FU TANGA|move: Stealth Rock
|
|turn|4
|
|move|p1a: Diancie|Protect|p1a: Diancie
|-singleturn|p1a: Diancie|Protect
|move|p2a: TRILLY|Stealth Rock|p1a: Diancie
|move|p1a: Diancie|Stealth Rock|p2a: TRILLY|[from]Magic Bounce
|-fail|p2a: TRILLY
|
|turn|5
|
|move|p1a: Diancie|Moonblast|p2a: TRILLY
|-damage|p2a: TRILLY|221\/401
|move|p2a: TRILLY|Stealth Rock|p1a: Diancie
|move|p1a: Diancie|Stealth Rock|p2a: TRILLY|[from]Magic Bounce
|-fail|p2a: TRILLY
|
|-heal|p2a: TRILLY|246\/401|[from] item: Leftovers
|turn|6
|
|move|p1a: Diancie|Moonblast|p2a: TRILLY
|-damage|p2a: TRILLY|68\/401
|move|p2a: TRILLY|Giga Drain|p1a: Diancie
|-supereffective|p1a: Diancie
|-damage|p1a: Diancie|77\/241
|-heal|p2a: TRILLY|150\/401|[from] drain|[of] p1a: Diancie
|
|-heal|p2a: TRILLY|175\/401|[from] item: Leftovers
|turn|7
|
|move|p1a: Diancie|Moonblast|p2a: TRILLY
|-damage|p2a: TRILLY|0 fnt
|faint|p2a: TRILLY
|
|
|switch|p2a: MOMOLY|Alomomola, M|533\/533
|-damage|p2a: MOMOLY|467\/533|[from] Stealth Rock
|turn|8
|
|move|p1a: Diancie|Moonblast|p2a: MOMOLY
|-damage|p2a: MOMOLY|79\/533
|move|p2a: MOMOLY|Toxic|p1a: Diancie
|move|p1a: Diancie|Toxic|p2a: MOMOLY|[from]Magic Bounce
|-status|p2a: MOMOLY|tox
|
|-heal|p2a: MOMOLY|112\/533 tox|[from] item: Leftovers
|-damage|p2a: MOMOLY|79\/533 tox|[from] psn
|turn|9
|c|★KUNG FU TANGA|Missclic
|c|★KUNG FU TANGA|avevo premuto scald
|c|★KUNG FU TANGA|lel
|c|★KUNG FU TANGA|tua
|c|★KUNG FU TANGA|gg
|c|★Hachimaki98|Ma..
|c|★Hachimaki98|A questo punto rifacciamo
|c|★Hachimaki98|ewe
|c|★KUNG FU TANGA|No vabbè
|c|★KUNG FU TANGA|non importa
|c|★KUNG FU TANGA|'-'
|leave|OTKike
|-message|KUNG FU TANGA forfeited.
|
|win|Hachimaki98
|leave|Hachimaki98
|player|p1
|leave|lord ledian
|leave|Tricking
|leave|I Need A TwiiXx
|join|lord ledian
|leave|lord ledian