|join|Adel Dazim
|join|Christo m8
|player|p1|Adel Dazim|78
|player|p2|Christo m8|142
|gametype|singles
|gen|6
|tier|UU
|rated
|rule|Sleep Clause Mod: Limit one foe put to sleep
|rule|Species Clause: Limit one of each Pokémon
|rule|OHKO Clause: OHKO moves are banned
|rule|Moody Clause: Moody is banned
|rule|Evasion Moves Clause: Evasion moves are banned
|rule|Endless Battle Clause: Forcing endless battles is banned
|rule|HP Percentage Mod: HP is shown in percentages
|clearpoke
|poke|p1|Donphan, F
|poke|p1|Quagsire, F
|poke|p1|Florges, F
|poke|p1|Aggron, F
|poke|p1|Raikou
|poke|p1|Infernape, M
|poke|p2|Nidoqueen, F
|poke|p2|Chesnaught, F
|poke|p2|Raikou
|poke|p2|Honchkrow, F
|poke|p2|Aerodactyl, F
|poke|p2|Tentacruel, F
|rule|Swagger Clause: Swagger is banned
|rule|Baton Pass Clause: Limit one Pokémon knowing Baton Pass
|teampreview
|
|start
|switch|p1a: Donald|Donphan, F|363\/363
|switch|p2a: Nidoqueen|Nidoqueen, F|322\/322
|turn|1
|
|move|p2a: Nidoqueen|Ice Beam|p1a: Donald
|-supereffective|p1a: Donald
|-damage|p1a: Donald|61\/363
|move|p1a: Donald|Earthquake|p2a: Nidoqueen
|-supereffective|p2a: Nidoqueen
|-damage|p2a: Nidoqueen|0 fnt
|faint|p2a: Nidoqueen
|
|c|★Christo m8|AV
|
|switch|p2a: Tentacruel|Tentacruel, F|359\/359
|turn|2
|c|★Adel Dazim|no safety goggles
|
|move|p2a: Tentacruel|Scald|p1a: Donald
|-supereffective|p1a: Donald
|-damage|p1a: Donald|0 fnt
|faint|p1a: Donald
|
|
|switch|p1a: Puff The Magic Cat|Raikou|321\/321
|-ability|p1a: Puff The Magic Cat|Pressure
|turn|3
|
|move|p1a: Puff The Magic Cat|Substitute|p1a: Puff The Magic Cat
|-start|p1a: Puff The Magic Cat|Substitute
|-damage|p1a: Puff The Magic Cat|241\/321
|move|p2a: Tentacruel|Toxic Spikes|p1a: Puff The Magic Cat
|-sidestart|p1: Adel Dazim|move: Toxic Spikes
|
|-heal|p1a: Puff The Magic Cat|261\/321|[from] item: Leftovers
|turn|4
|
|move|p1a: Puff The Magic Cat|Calm Mind|p1a: Puff The Magic Cat
|-boost|p1a: Puff The Magic Cat|spa|1
|-boost|p1a: Puff The Magic Cat|spd|1
|move|p2a: Tentacruel|Sludge Wave|p1a: Puff The Magic Cat
|-crit|p1a: Puff The Magic Cat
|-end|p1a: Puff The Magic Cat|Substitute
|
|-heal|p1a: Puff The Magic Cat|281\/321|[from] item: Leftovers
|turn|5
|c|★Christo m8|gg
|c|★Adel Dazim|lag
|
|switch|p2a: Raikou|Raikou|322\/322
|-ability|p2a: Raikou|Pressure
|move|p1a: Puff The Magic Cat|Substitute|p1a: Puff The Magic Cat
|-start|p1a: Puff The Magic Cat|Substitute
|-damage|p1a: Puff The Magic Cat|201\/321
|
|-heal|p1a: Puff The Magic Cat|221\/321|[from] item: Leftovers
|turn|6
|
|move|p1a: Puff The Magic Cat|Hidden Power|p2a: Raikou
|-damage|p2a: Raikou|232\/322
|move|p2a: Raikou|Extrasensory|p1a: Puff The Magic Cat
|-end|p1a: Puff The Magic Cat|Substitute
|
|-heal|p1a: Puff The Magic Cat|241\/321|[from] item: Leftovers
|turn|7
|
|move|p2a: Raikou|Extrasensory|p1a: Puff The Magic Cat
|-damage|p1a: Puff The Magic Cat|158\/321
|move|p1a: Puff The Magic Cat|Calm Mind|p1a: Puff The Magic Cat
|-boost|p1a: Puff The Magic Cat|spa|1
|-boost|p1a: Puff The Magic Cat|spd|1
|
|-heal|p1a: Puff The Magic Cat|178\/321|[from] item: Leftovers
|turn|8
|
|move|p1a: Puff The Magic Cat|Substitute|p1a: Puff The Magic Cat
|-start|p1a: Puff The Magic Cat|Substitute
|-damage|p1a: Puff The Magic Cat|98\/321
|move|p2a: Raikou|Extrasensory|p1a: Puff The Magic Cat
|-activate|p1a: Puff The Magic Cat|Substitute|[damage]
|
|-heal|p1a: Puff The Magic Cat|118\/321|[from] item: Leftovers
|turn|9
|
|move|p1a: Puff The Magic Cat|Calm Mind|p1a: Puff The Magic Cat
|-boost|p1a: Puff The Magic Cat|spa|1
|-boost|p1a: Puff The Magic Cat|spd|1
|move|p2a: Raikou|Extrasensory|p1a: Puff The Magic Cat
|-end|p1a: Puff The Magic Cat|Substitute
|
|-heal|p1a: Puff The Magic Cat|138\/321|[from] item: Leftovers
|turn|10
|c|★Christo m8|every damn speed tie...
|
|move|p1a: Puff The Magic Cat|Substitute|p1a: Puff The Magic Cat
|-start|p1a: Puff The Magic Cat|Substitute
|-damage|p1a: Puff The Magic Cat|58\/321
|move|p2a: Raikou|Extrasensory|p1a: Puff The Magic Cat
|-activate|p1a: Puff The Magic Cat|Substitute|[damage]
|
|-heal|p1a: Puff The Magic Cat|78\/321|[from] item: Leftovers
|turn|11
|c|★Christo m8|ffs
|
|move|p1a: Puff The Magic Cat|Thunderbolt|p2a: Raikou
|-resisted|p2a: Raikou
|-damage|p2a: Raikou|62\/322
|move|p2a: Raikou|Extrasensory|p1a: Puff The Magic Cat
|-end|p1a: Puff The Magic Cat|Substitute
|
|-heal|p1a: Puff The Magic Cat|98\/321|[from] item: Leftovers
|turn|12
|c|★Christo m8|every single one
|
|move|p1a: Puff The Magic Cat|Substitute|p1a: Puff The Magic Cat
|-start|p1a: Puff The Magic Cat|Substitute
|-damage|p1a: Puff The Magic Cat|18\/321
|move|p2a: Raikou|Extrasensory|p1a: Puff The Magic Cat
|-activate|p1a: Puff The Magic Cat|Substitute|[damage]
|
|-heal|p1a: Puff The Magic Cat|38\/321|[from] item: Leftovers
|turn|13
|c|★Christo m8|smh
|c|★Adel Dazim|its cause im quick claw
|
|move|p1a: Puff The Magic Cat|Thunderbolt|p2a: Raikou
|-resisted|p2a: Raikou
|-damage|p2a: Raikou|0 fnt
|faint|p2a: Raikou
|
|-heal|p1a: Puff The Magic Cat|58\/321|[from] item: Leftovers
|c|★Christo m8|what doesnt guarantee u outspeed
|c|★Adel Dazim|wut
|
|switch|p2a: Honchkrow|Honchkrow, F|342\/342
|turn|14
|c|★Christo m8|!data quick claw
|c|~|\/data-item Quick Claw

|
|move|p2a: Honchkrow|Sucker Punch|p1a: Puff The Magic Cat
|-crit|p1a: Puff The Magic Cat
|-end|p1a: Puff The Magic Cat|Substitute
|-damage|p2a: Honchkrow|308\/342|[from] item: Life Orb
|move|p1a: Puff The Magic Cat|Thunderbolt|p2a: Honchkrow
|-supereffective|p2a: Honchkrow
|-damage|p2a: Honchkrow|0 fnt
|faint|p2a: Honchkrow
|
|-heal|p1a: Puff The Magic Cat|78\/321|[from] item: Leftovers
|
|switch|p2a: Aerodactyl|Aerodactyl, F|302\/302
|turn|15
|
|detailschange|p2a: Aerodactyl|Aerodactyl-Mega, F
|-mega|p2a: Aerodactyl|Aerodactyl|Aerodactylite
|move|p1a: Puff The Magic Cat|Thunderbolt|p2a: Aerodactyl
|-supereffective|p2a: Aerodactyl
|-damage|p2a: Aerodactyl|0 fnt
|faint|p2a: Aerodactyl
|
|-heal|p1a: Puff The Magic Cat|98\/321|[from] item: Leftovers
|c|★Christo m8|smh
|c|★Christo m8|must be nice
|-message|Christo m8 forfeited.
|leave|Christo m8
|
|win|Adel Dazim
|raw|Ladder updating...
|raw|Adel Dazim's rating: 1466 &rarr; <strong>1487<\/strong><br \/>(+21 for winning)
|raw|Christo m8's rating: 1473 &rarr; <strong>1452<\/strong><br \/>(-21 for losing)
|player|p2