|join|zoid's warhorse
|join|Christo m8
|player|p1|zoid's warhorse|188
|player|p2|Christo m8|169
|gametype|singles
|gen|6
|tier|UU
|rated
|rule|Sleep Clause Mod: Limit one foe put to sleep
|rule|Species Clause: Limit one of each Pokémon
|rule|OHKO Clause: OHKO moves are banned
|rule|Moody Clause: Moody is banned
|rule|Evasion Moves Clause: Evasion moves are banned
|rule|Endless Battle Clause: Forcing endless battles is banned
|rule|HP Percentage Mod: HP is shown in percentages
|clearpoke
|poke|p1|Aerodactyl, M
|poke|p1|Azelf
|poke|p1|Dragalge, M
|poke|p1|Lucario, M
|poke|p1|Magneton
|poke|p1|Serperior, M
|poke|p2|Hydreigon, F
|poke|p2|Pidgeot, M
|poke|p2|Jirachi
|poke|p2|Doublade, M
|poke|p2|Machamp, F
|poke|p2|Nidoqueen, F
|rule|Swagger Clause: Swagger is banned
|rule|Baton Pass Clause: Limit one Pokémon knowing Baton Pass
|teampreview
|
|start
|switch|p1a: Azelf|Azelf|291\/291
|switch|p2a: Jirachi|Jirachi|341\/341
|turn|1
|
|move|p2a: Jirachi|Iron Head|p1a: Azelf
|-damage|p1a: Azelf|117\/291
|cant|p1a: Azelf|flinch
|
|turn|2
|
|switch|p2a: Machamp|Machamp, F|374\/374
|switch|p1a: Magneton|Magneton|303\/303
|
|turn|3
|
|move|p1a: Magneton|Volt Switch|p2a: Machamp
|-damage|p2a: Machamp|268\/374
|
|switch|p1a: Dragalge|Dragalge, M|283\/283
|move|p2a: Machamp|Dynamic Punch|p1a: Dragalge
|-resisted|p1a: Dragalge
|-damage|p1a: Dragalge|187\/283
|-start|p1a: Dragalge|confusion
|
|turn|4
|
|move|p2a: Machamp|Knock Off|p1a: Dragalge
|-damage|p1a: Dragalge|64\/283
|-enditem|p1a: Dragalge|Choice Specs|[from] move: Knock Off|[of] p2a: Machamp
|-activate|p1a: Dragalge|confusion
|-damage|p1a: Dragalge|43\/283|[from] confusion
|
|turn|5
|
|move|p2a: Machamp|Knock Off|p1a: Dragalge
|-damage|p1a: Dragalge|0 fnt
|faint|p1a: Dragalge
|
|
|switch|p1a: Aerodactyl|Aerodactyl, M|302\/302
|-ability|p1a: Aerodactyl|Unnerve|p2: Christo m8
|turn|6
|
|switch|p2a: Doublade|Doublade, M|319\/319
|detailschange|p1a: Aerodactyl|Aerodactyl-Mega, M
|-mega|p1a: Aerodactyl|Aerodactyl|Aerodactylite
|move|p1a: Aerodactyl|Aerial Ace|p2a: Doublade
|-resisted|p2a: Doublade
|-damage|p2a: Doublade|283\/319
|
|turn|7
|
|switch|p1a: Magneton|Magneton|303\/303
|move|p2a: Doublade|Swords Dance|p2a: Doublade
|-boost|p2a: Doublade|atk|2
|
|turn|8
|
|move|p2a: Doublade|Shadow Sneak|p1a: Magneton
|-damage|p1a: Magneton|213\/303
|move|p1a: Magneton|Thunderbolt|p2a: Doublade
|-damage|p2a: Doublade|94\/319
|
|turn|9
|
|move|p2a: Doublade|Shadow Sneak|p1a: Magneton
|-damage|p1a: Magneton|110\/303
|move|p1a: Magneton|Flash Cannon|p2a: Doublade
|-resisted|p2a: Doublade
|-damage|p2a: Doublade|12\/319
|
|turn|10
|
|move|p2a: Doublade|Shadow Sneak|p1a: Magneton
|-damage|p1a: Magneton|8\/303
|move|p1a: Magneton|Flash Cannon|p2a: Doublade
|-resisted|p2a: Doublade
|-damage|p2a: Doublade|0 fnt
|faint|p2a: Doublade
|
|
|switch|p2a: Pidgeot|Pidgeot, M|308\/308
|turn|11
|
|detailschange|p2a: Pidgeot|Pidgeot-Mega, M
|-mega|p2a: Pidgeot|Pidgeot|Pidgeotite
|move|p2a: Pidgeot|Hurricane|p1a: Magneton
|-resisted|p1a: Magneton
|-damage|p1a: Magneton|0 fnt
|faint|p1a: Magneton
|
|
|switch|p1a: Aerodactyl|Aerodactyl-Mega, M|302\/302
|turn|12
|
|switch|p2a: Jirachi|Jirachi|341\/341
|move|p1a: Aerodactyl|Stone Edge|p2a: Jirachi
|-resisted|p2a: Jirachi
|-damage|p2a: Jirachi|255\/341
|
|turn|13
|
|switch|p1a: Azelf|Azelf|117\/291
|move|p2a: Jirachi|U-turn|p1a: Azelf
|-crit|p1a: Azelf
|-supereffective|p1a: Azelf
|-damage|p1a: Azelf|0 fnt
|faint|p1a: Azelf
|
|switch|p2a: Nidoqueen|Nidoqueen, F|330\/330
|
|
|switch|p1a: Lucario|Lucario, M|279\/279
|turn|14
|
|move|p1a: Lucario|Earthquake|p2a: Nidoqueen
|-supereffective|p2a: Nidoqueen
|-damage|p2a: Nidoqueen|0 fnt
|-damage|p1a: Lucario|252\/279|[from] item: Life Orb
|faint|p2a: Nidoqueen
|
|c|★Christo m8|?
|c|★Christo m8|oh
|
|switch|p2a: Pidgeot|Pidgeot-Mega, M|308\/308
|turn|15
|c|★Christo m8|weird u run EQ
|
|move|p1a: Lucario|Bullet Punch|p2a: Pidgeot
|-damage|p2a: Pidgeot|207\/308
|-damage|p1a: Lucario|225\/279|[from] item: Life Orb
|move|p2a: Pidgeot|Hurricane|p1a: Lucario
|-damage|p1a: Lucario|0 fnt
|faint|p1a: Lucario
|
|
|switch|p1a: Aerodactyl|Aerodactyl-Mega, M|302\/302
|turn|16
|
|switch|p2a: Machamp|Machamp, F|268\/374
|move|p1a: Aerodactyl|Stone Edge|p2a: Machamp
|-resisted|p2a: Machamp
|-damage|p2a: Machamp|162\/374
|
|turn|17
|
|move|p2a: Machamp|Bullet Punch|p1a: Aerodactyl
|-supereffective|p1a: Aerodactyl
|-damage|p1a: Aerodactyl|170\/302
|move|p1a: Aerodactyl|Aerial Ace|p2a: Machamp
|-supereffective|p2a: Machamp
|-damage|p2a: Machamp|0 fnt
|faint|p2a: Machamp
|
|
|switch|p2a: Jirachi|Jirachi|255\/341
|turn|18
|
|move|p2a: Jirachi|Iron Head|p1a: Aerodactyl
|-supereffective|p1a: Aerodactyl
|-damage|p1a: Aerodactyl|0 fnt
|faint|p1a: Aerodactyl
|
|
|switch|p1a: Serperior|Serperior, M|303\/303
|turn|19
|
|move|p2a: Jirachi|Iron Head|p1a: Serperior
|-damage|p1a: Serperior|182\/303
|move|p1a: Serperior|Glare|p2a: Jirachi
|-status|p2a: Jirachi|par
|
|turn|20
|
|move|p1a: Serperior|Leaf Storm|p2a: Jirachi|[miss]
|-miss|p1a: Serperior|p2a: Jirachi
|move|p2a: Jirachi|Iron Head|p1a: Serperior
|-damage|p1a: Serperior|73\/303
|
|turn|21
|
|move|p1a: Serperior|Leaf Storm|p2a: Jirachi
|-crit|p2a: Jirachi
|-resisted|p2a: Jirachi
|-damage|p2a: Jirachi|157\/341 par
|-boost|p1a: Serperior|spa|2
|move|p2a: Jirachi|Iron Head|p1a: Serperior
|-damage|p1a: Serperior|0 fnt
|faint|p1a: Serperior
|
|win|Christo m8
|raw|Ladder updating...
|c|★zoid's warhorse|gg
|raw|zoid&apos;s warhorse's rating: 1496 &rarr; <strong>1472<\/strong><br \/>(-24 for losing)
|raw|Christo m8's rating: 1422 &rarr; <strong>1446<\/strong><br \/>(+24 for winning)
|c|★Christo m8|gg