|join|Christo m8
|join|iplaytennislol
|join|Eren Swaeger
|join|so dynamic
|player|p1|Christo m8|1
|player|p2|iplaytennislol|175
|gametype|singles
|gen|6
|tier|UU
|rule|Sleep Clause Mod: Limit one foe put to sleep
|rule|Species Clause: Limit one of each Pokémon
|rule|OHKO Clause: OHKO moves are banned
|rule|Moody Clause: Moody is banned
|rule|Evasion Moves Clause: Evasion moves are banned
|rule|Endless Battle Clause: Forcing endless battles is banned
|rule|HP Percentage Mod: HP is shown in percentages
|clearpoke
|poke|p1|Hydreigon, M
|poke|p1|Pidgeot, F
|poke|p1|Jirachi
|poke|p1|Doublade, F
|poke|p1|Machamp, M
|poke|p1|Nidoqueen, F
|poke|p2|Trevenant, F, shiny
|poke|p2|Mienshao, F
|poke|p2|Ampharos, M
|poke|p2|Shuckle, M, shiny
|poke|p2|Lucario, F
|poke|p2|Nidoking, M
|rule|Swagger Clause: Swagger is banned
|rule|Baton Pass Clause: Limit one Pokémon knowing Baton Pass
|teampreview
|join|Dad's Dad
|join|Frickett
|c| so dynamic|the original cathy team
|
|start
|switch|p1a: Machamp|Machamp, M|362\/362
|switch|p2a: ShuckieMyDick|Shuckle, M, shiny|230\/230
|turn|1
|c|★iplaytennislol|minus victini ;_;
|c| Dad's Dad|riptini
|join|BurstStream
|
|move|p1a: Machamp|Dynamic Punch|p2a: ShuckieMyDick
|-damage|p2a: ShuckieMyDick|139\/230
|-start|p2a: ShuckieMyDick|confusion
|-activate|p2a: ShuckieMyDick|confusion
|move|p2a: ShuckieMyDick|Sticky Web|p1a: Machamp
|-sidestart|p1: Christo m8|move: Sticky Web
|
|turn|2
|c| so dynamic|rest in peace victini
|c| BurstStream|why your team
|c| BurstStream|sounds like
|c| BurstStream|one those things
|
|move|p1a: Machamp|Dynamic Punch|p2a: ShuckieMyDick
|-damage|p2a: ShuckieMyDick|45\/230
|-end|p2a: ShuckieMyDick|confusion
|move|p2a: ShuckieMyDick|Stealth Rock|p1a: Machamp
|-sidestart|p1: Christo m8|move: Stealth Rock
|
|turn|3
|c| BurstStream|you face on low ladder
|c|★iplaytennislol|ez
|c|★iplaytennislol|pz
|c| BurstStream|I Play tennis
|join|Demxer
|
|move|p1a: Machamp|Knock Off|p2a: ShuckieMyDick
|-damage|p2a: ShuckieMyDick|0 fnt
|-enditem|p2a: ShuckieMyDick|Mental Herb|[from] move: Knock Off|[of] p1a: Machamp
|faint|p2a: ShuckieMyDick
|
|c| BurstStream|also dynamic how would you rate
|
|switch|p2a: jump up jump up|Mienshao, F|271\/271
|turn|4
|
|move|p2a: jump up jump up|U-turn|p1a: Machamp
|-resisted|p1a: Machamp
|-damage|p1a: Machamp|310\/362
|c| BurstStream|the general skill lvl of my oponents in tourys
|c| BurstStream|considering that game
|
|switch|p2a: Cathy|Trevenant, F, shiny|312\/312
|move|p1a: Machamp|Knock Off|p2a: Cathy
|-supereffective|p2a: Cathy
|-damage|p2a: Cathy|0 fnt
|-enditem|p2a: Cathy|Starf Berry|[from] move: Knock Off|[of] p1a: Machamp
|faint|p2a: Cathy
|
|c| BurstStream|and let me se If I find
|c|★iplaytennislol|HELLO
|c| BurstStream|that odd gem
|c|★Christo m8|gone
|c| Dad's Dad|OML
|c|★iplaytennislol|WHO MAKES THAT PLAY
|c| Demxer|rip cathy
|c|★Christo m8|me
|c|★iplaytennislol|UR SO BAD
|c|★Christo m8|lmao
|join|QueenOfLuvdiscs
|c| Demxer|good player alert
|c| Demxer|:^)
|join|THEiTodd
|c| so dynamic|um
|c| BurstStream|http:\/\/replay.pokemonshowdown.com\/uu-205147864
|c| QueenOfLuvdiscs|good player strats
|c| THEiTodd|Machamp knocked off the opposing Cathy's Starf Berry!
|c| THEiTodd|you monster
|c| so dynamic|2\/10
|c| BurstStream|ehh
|c| BurstStream|I think its lower
|
|switch|p2a: jump up jump up|Mienshao, F|271\/271
|turn|5
|c| BurstStream|-2\/10
|c| BurstStream|would be my guess
|c|★Christo m8|i get made fun of for making a read
|c|★iplaytennislol|no
|c|★iplaytennislol|you get made fun of for being bad
|join|LessThanThreeMan
|
|move|p2a: jump up jump up|High Jump Kick|p1a: Machamp
|-damage|p1a: Machamp|0 fnt
|faint|p1a: Machamp
|
|c|★iplaytennislol|see
|c|★iplaytennislol|thats stupid
|c|★iplaytennislol|you have a fucking doublade
|c|★iplaytennislol|zzzzz
|c|★Christo m8|i have a fucking doublade chillin in the back
|c| Demxer|its ok
|c| Demxer|tennis is just salty af
|c|★iplaytennislol|,,
|c| BurstStream|also tennis
|join|ChibiSonic
|c| BurstStream|why your team
|c| BurstStream|just loses to dreigon
|
|switch|p1a: Nidoqueen|Nidoqueen, F|330\/330
|-activate|p1a: Nidoqueen|move: Sticky Web
|-unboost|p1a: Nidoqueen|spe|1
|-damage|p1a: Nidoqueen|310\/330|[from] Stealth Rock
|turn|6
|c| BurstStream|if luc doesn`t set up
|c| LessThanThreeMan|it is cathy and has a scarf dreigon
|c| LessThanThreeMan|*scarf shao
|c| LessThanThreeMan|lol
|c| BurstStream|wait
|
|move|p2a: jump up jump up|High Jump Kick|p1a: Nidoqueen
|-resisted|p1a: Nidoqueen
|-damage|p1a: Nidoqueen|151\/330
|move|p1a: Nidoqueen|Earth Power|p2a: jump up jump up
|-damage|p2a: jump up jump up|0 fnt
|faint|p2a: jump up jump up
|
|c| BurstStream|why exactly
|c| Dad's Dad|its ok no one uses dreigon
|c| BurstStream|you have
|c| BurstStream|Scarf Shao
|c| Demxer|>nidoking
|c| BurstStream|on SW
|c|★Christo m8|gone
|leave|Frickett
|c| BurstStream|that is fucking
|c| LessThanThreeMan|for dreigon
|c| LessThanThreeMan|obv
|c| BurstStream|Not at all
|c| BurstStream|manly
|c| BurstStream|if you want to deal wiht Dreigon
|
|switch|p2a: Dance Dance Dance|Lucario, F|281\/281
|turn|7
|c| BurstStream|on SW
|c| BurstStream|you go the manly way
|c| Dad's Dad|slurpuff?
|c| Demxer|crunch here
|c| BurstStream|and use a shiny Slurpuff
|
|move|p2a: Dance Dance Dance|Flash Cannon|p1a: Nidoqueen
|-damage|p1a: Nidoqueen|0 fnt
|-damage|p2a: Dance Dance Dance|253\/281|[from] item: Life Orb
|faint|p1a: Nidoqueen
|
|c| Dad's Dad|hehehe
|c| Dad's Dad|WHY DOES NO ONE RUN FIRE PUNCH SLURPUFF
|c| so dynamic|!!!!
|c| Dad's Dad|it hits lots of things drain punch doesnt
|c| BurstStream|because
|
|switch|p1a: Jirachi|Jirachi|341\/341
|-activate|p1a: Jirachi|move: Sticky Web
|-unboost|p1a: Jirachi|spe|1
|-damage|p1a: Jirachi|320\/341|[from] Stealth Rock
|turn|8
|c| BurstStream|Poeple
|leave|THEiTodd
|c| BurstStream|think return is betta
|c| so dynamic|wait i didnt even know it got fire punch
|
|move|p1a: Jirachi|Zen Headbutt|p2a: Dance Dance Dance
|-damage|p2a: Dance Dance Dance|99\/281
|move|p2a: Dance Dance Dance|Nasty Plot|p2a: Dance Dance Dance
|-boost|p2a: Dance Dance Dance|spa|2
|
|turn|9
|c| Demxer|reveal the eq
|c| so dynamic|until now
|c| Demxer|oml
|c| LessThanThreeMan|it doesn't get fire punch
|c| LessThanThreeMan|that is the joke
|
|move|p2a: Dance Dance Dance|Vacuum Wave|p1a: Jirachi
|-damage|p1a: Jirachi|143\/341
|-damage|p2a: Dance Dance Dance|71\/281|[from] item: Life Orb
|move|p1a: Jirachi|Zen Headbutt|p2a: Dance Dance Dance
|-damage|p2a: Dance Dance Dance|0 fnt
|faint|p2a: Dance Dance Dance
|
|c| so dynamic|o
|c| LessThanThreeMan|it got drain punch in oras
|
|switch|p2a: Ampharos|Ampharos, M|358\/358
|turn|10
|c| LessThanThreeMan|that is it really
|c| so dynamic|yh ik that
|c| LessThanThreeMan|lol
|c| Dad's Dad|it doesnt get fire punch?
|c| Dad's Dad|oml im so dumb
|c| Dad's Dad|gonna kill myself
|
|detailschange|p2a: Ampharos|Ampharos-Mega, M
|-mega|p2a: Ampharos|Ampharos|Ampharosite
|-ability|p2a: Ampharos|Mold Breaker
|move|p1a: Jirachi|Zen Headbutt|p2a: Ampharos
|-damage|p2a: Ampharos|244\/358
|move|p2a: Ampharos|Thunderbolt|p1a: Jirachi
|-damage|p1a: Jirachi|0 fnt
|faint|p1a: Jirachi
|
|c| Demxer|choose life dad
|c| Demxer|:[[[[
|c| BurstStream|no
|c| BurstStream|choose Being a Zombie
|
|switch|p1a: Hydreigon|Hydreigon, M|325\/325
|-damage|p1a: Hydreigon|285\/325|[from] Stealth Rock
|turn|11
|c| BurstStream|not being alive
|c| BurstStream|neither Dead
|c| BurstStream|is the best path
|
|move|p1a: Hydreigon|Dark Pulse|p2a: Ampharos
|-damage|p2a: Ampharos|60\/358
|move|p2a: Ampharos|Dragon Pulse|p1a: Hydreigon
|-supereffective|p1a: Hydreigon
|-damage|p1a: Hydreigon|0 fnt
|faint|p1a: Hydreigon
|
|c| Demxer|wot
|c| BurstStream|Imb4
|
|switch|p1a: Pidgeot|Pidgeot, F|308\/308
|-damage|p1a: Pidgeot|231\/308|[from] Stealth Rock
|turn|12
|c| BurstStream|he predicted
|c| BurstStream|Draco Missing
|c| Demxer|inb4scarf nidoking
|
|detailschange|p1a: Pidgeot|Pidgeot-Mega, F
|-mega|p1a: Pidgeot|Pidgeot|Pidgeotite
|move|p1a: Pidgeot|Hurricane|p2a: Ampharos
|-resisted|p2a: Ampharos
|-damage|p2a: Ampharos|0 fnt
|faint|p2a: Ampharos
|
|
|switch|p2a: King UU|Nidoking, M|303\/303
|turn|13
|
|move|p1a: Pidgeot|Hurricane|p2a: King UU
|-damage|p2a: King UU|35\/303
|-start|p2a: King UU|confusion
|-activate|p2a: King UU|confusion
|-damage|p2a: King UU|0 fnt|[from] confusion
|faint|p2a: King UU
|
|win|Christo m8
|c|★Christo m8|easiest win of my life
|leave|iplaytennislol
|c| Demxer|LOL
|player|p2