|join|chimpact
|join|Christo m8
|player|p1|chimpact|234
|player|p2|Christo m8|142
|gametype|singles
|gen|6
|tier|UU
|rule|Sleep Clause Mod: Limit one foe put to sleep
|rule|Species Clause: Limit one of each Pokémon
|rule|OHKO Clause: OHKO moves are banned
|rule|Moody Clause: Moody is banned
|rule|Evasion Moves Clause: Evasion moves are banned
|rule|Endless Battle Clause: Forcing endless battles is banned
|rule|HP Percentage Mod: HP is shown in percentages
|clearpoke
|poke|p1|Abomasnow, M
|poke|p1|Jirachi
|poke|p1|Gligar, M
|poke|p1|Infernape, F
|poke|p1|Suicune
|poke|p1|Hydreigon, F
|poke|p2|Hydreigon, F
|poke|p2|Jirachi
|poke|p2|Raikou
|poke|p2|Machamp, M
|poke|p2|Pidgeot, F
|poke|p2|Nidoqueen, F
|rule|Swagger Clause: Swagger is banned
|rule|Baton Pass Clause: Limit one Pokémon knowing Baton Pass
|teampreview
|join|Carpal
|join|chumped
|join|pokeaim
|join|JustB1az3
|join|pokemasterroyale
|join|GIMJr
|join|Acrokid098
|join|ItsRias
|join|looking 4 ctc
|join|M0XI3 B00ST
|join|CS ebola
|join|gokuxnatsu
|c| Acrokid098|hey chimp! xD
|join|THE ONLY WAY TO GO
|c| GIMJr|I hope that is Defog Hydreigon
|
|start
|switch|p1a: Suicune|Suicune|351\/351
|switch|p2a: Nidoqueen|Nidoqueen, F|330\/330
|-ability|p1a: Suicune|Pressure
|turn|1
|c| M0XI3 B00ST|wow joey
|
|switch|p2a: Raikou|Raikou|321\/321
|-ability|p2a: Raikou|Pressure
|move|p1a: Suicune|Hydro Pump|p2a: Raikou
|-damage|p2a: Raikou|165\/321
|
|-heal|p2a: Raikou|185\/321|[from] item: Leftovers
|turn|2
|c| gokuxnatsu|AYe pokeaim
|
|switch|p1a: Gligar|Gligar, M|333\/333
|move|p2a: Raikou|Calm Mind|p2a: Raikou
|-boost|p2a: Raikou|spa|1
|-boost|p2a: Raikou|spd|1
|
|-heal|p2a: Raikou|205\/321|[from] item: Leftovers
|turn|3
|c| JustB1az3|chimp get predikted
|
|switch|p1a: Abomasnow|Abomasnow, M|381\/381
|-weather|Hail
|move|p2a: Raikou|Hidden Power|p1a: Abomasnow
|-damage|p1a: Abomasnow|277\/381
|
|-weather|Hail|[upkeep]
|-damage|p2a: Raikou|185\/321|[from] hail
|-heal|p2a: Raikou|205\/321|[from] item: Leftovers
|turn|4
|
|switch|p2a: Jirachi|Jirachi|341\/341
|detailschange|p1a: Abomasnow|Abomasnow-Mega, M
|-mega|p1a: Abomasnow|Abomasnow|Abomasite
|move|p1a: Abomasnow|Earthquake|p2a: Jirachi
|-supereffective|p2a: Jirachi
|-damage|p2a: Jirachi|85\/341
|
|-weather|Hail|[upkeep]
|-damage|p2a: Jirachi|64\/341|[from] hail
|turn|5
|c| M0XI3 B00ST|predicted
|c| M0XI3 B00ST|sd
|c| M0XI3 B00ST|its killz
|
|switch|p1a: Infernape|Infernape, F|293\/293
|move|p2a: Jirachi|U-turn|p1a: Infernape
|-resisted|p1a: Infernape
|-damage|p1a: Infernape|271\/293
|
|switch|p2a: Pidgeot|Pidgeot, F|308\/308
|
|-weather|Hail|[upkeep]
|-damage|p1a: Infernape|253\/293|[from] hail
|-damage|p2a: Pidgeot|289\/308|[from] hail
|turn|6
|c| M0XI3 B00ST|w\/ gator
|join|Sir Alcain
|
|detailschange|p2a: Pidgeot|Pidgeot-Mega, F
|-mega|p2a: Pidgeot|Pidgeot|Pidgeotite
|move|p2a: Pidgeot|Protect|p2a: Pidgeot
|-singleturn|p2a: Pidgeot|Protect
|move|p1a: Infernape|U-turn|p2a: Pidgeot
|-activate|p2a: Pidgeot|Protect
|
|-weather|Hail|[upkeep]
|-damage|p1a: Infernape|235\/293|[from] hail
|-damage|p2a: Pidgeot|270\/308|[from] hail
|turn|7
|
|switch|p1a: Suicune|Suicune|351\/351
|-ability|p1a: Suicune|Pressure
|move|p2a: Pidgeot|Heat Wave|p1a: Suicune
|-resisted|p1a: Suicune
|-damage|p1a: Suicune|304\/351
|
|-weather|none
|-heal|p1a: Suicune|325\/351|[from] item: Leftovers
|turn|8
|c| M0XI3 B00ST|You should use circle throw smeargle with a krookodile when Krook gets hit with a crit it maxes its attack with one of its abilities
|c| M0XI3 B00ST|next level strats
|c| Baselord CTC|its storm throw retard
|
|switch|p1a: Jirachi|Jirachi|404\/404
|move|p2a: Pidgeot|Hurricane|p1a: Jirachi
|-resisted|p1a: Jirachi
|-damage|p1a: Jirachi|311\/404
|-start|p1a: Jirachi|confusion
|
|-heal|p1a: Jirachi|336\/404|[from] item: Leftovers
|turn|9
|c| M0XI3 B00ST|;-;
|c| M0XI3 B00ST|im sry
|c| looking 4 ctc|looking 4 ctc
|c| M0XI3 B00ST|joey do you like it when i ask questions
|
|move|p2a: Pidgeot|Hurricane|p1a: Jirachi
|-resisted|p1a: Jirachi
|-damage|p1a: Jirachi|231\/404
|-activate|p1a: Jirachi|confusion
|move|p1a: Jirachi|Stealth Rock|p2a: Pidgeot
|-sidestart|p2: Christo m8|move: Stealth Rock
|
|-heal|p1a: Jirachi|256\/404|[from] item: Leftovers
|turn|10
|c| pokemasterroyale|he turns off spectaters
|c|★Christo m8|that was just an average play
|
|move|p2a: Pidgeot|Heat Wave|p1a: Jirachi
|-crit|p1a: Jirachi
|-supereffective|p1a: Jirachi
|-damage|p1a: Jirachi|0 fnt
|faint|p1a: Jirachi
|
|c|★Christo m8|oh it must be nice damn
|leave|Sir Alcain
|join|Pomman
|
|switch|p1a: Infernape|Infernape, F|235\/293
|turn|11
|
|move|p1a: Infernape|Flare Blitz|p2a: Pidgeot
|-damage|p2a: Pidgeot|42\/308
|-damage|p1a: Infernape|160\/293|[from] recoil|[of] p2a: Pidgeot
|move|p2a: Pidgeot|Hurricane|p1a: Infernape
|-supereffective|p1a: Infernape
|-damage|p1a: Infernape|0 fnt
|faint|p1a: Infernape
|
|
|switch|p1a: Abomasnow|Abomasnow-Mega, M|277\/381
|-weather|Hail
|turn|12
|join|rohep.exe
|
|move|p1a: Abomasnow|Ice Shard|p2a: Pidgeot
|-supereffective|p2a: Pidgeot
|-damage|p2a: Pidgeot|0 fnt
|faint|p2a: Pidgeot
|
|-weather|Hail|[upkeep]
|c| rohep.exe|solid abomasnow
|
|switch|p2a: Machamp|Machamp, M|364\/364
|-damage|p2a: Machamp|342\/364|[from] Stealth Rock
|turn|13
|
|switch|p1a: Gligar|Gligar, M|333\/333
|move|p2a: Machamp|Dynamic Punch|p1a: Gligar
|-crit|p1a: Gligar
|-resisted|p1a: Gligar
|-damage|p1a: Gligar|234\/333
|-start|p1a: Gligar|confusion
|
|-weather|Hail|[upkeep]
|-damage|p1a: Gligar|214\/333|[from] hail
|-damage|p2a: Machamp|320\/364|[from] hail
|turn|14
|join|leremyju
|
|switch|p2a: Hydreigon|Hydreigon, F|325\/325
|-damage|p2a: Hydreigon|285\/325|[from] Stealth Rock
|-activate|p1a: Gligar|confusion
|move|p1a: Gligar|Earthquake|p2a: Hydreigon
|-immune|p2a: Hydreigon|[msg]
|
|-weather|Hail|[upkeep]
|-damage|p2a: Hydreigon|265\/325|[from] hail
|-damage|p1a: Gligar|194\/333|[from] hail
|turn|15
|c| GIMJr|Played
|
|move|p2a: Hydreigon|Dark Pulse|p1a: Gligar
|-damage|p1a: Gligar|70\/333
|-end|p1a: Gligar|confusion
|move|p1a: Gligar|U-turn|p2a: Hydreigon
|-supereffective|p2a: Hydreigon
|-damage|p2a: Hydreigon|171\/325
|c| leremyju|Hold on how is chimp taking challenges
|c| leremyju|do I donate to pk
|c| CS ebola|yes
|leave|Pomman
|
|switch|p1a: Suicune|Suicune|325\/351
|-ability|p1a: Suicune|Pressure
|
|-weather|Hail|[upkeep]
|-damage|p2a: Hydreigon|151\/325|[from] hail
|-damage|p1a: Suicune|304\/351|[from] hail
|-heal|p1a: Suicune|325\/351|[from] item: Leftovers
|turn|16
|
|switch|p2a: Jirachi|Jirachi|64\/341
|-damage|p2a: Jirachi|43\/341|[from] Stealth Rock
|move|p1a: Suicune|Calm Mind|p1a: Suicune
|-boost|p1a: Suicune|spa|1
|-boost|p1a: Suicune|spd|1
|
|-weather|none
|-heal|p1a: Suicune|346\/351|[from] item: Leftovers
|turn|17
|join|DoubleThunder
|
|switch|p1a: Abomasnow|Abomasnow-Mega, M|277\/381
|-weather|Hail
|move|p2a: Jirachi|Iron Head|p1a: Abomasnow
|-supereffective|p1a: Abomasnow
|-damage|p1a: Abomasnow|31\/381
|
|-weather|Hail|[upkeep]
|-damage|p2a: Jirachi|22\/341|[from] hail
|turn|18
|c| rohep.exe|**for the game**
|c|★Christo m8|go ahead and catch that
|c| DoubleThunder|oooh; was going on?
|c| CS ebola|smogon tour grand finals
|c| leremyju|wth
|c| leremyju|smog tour ended
|c| leremyju|and so did Smogon grand slam
|
|switch|p2a: Nidoqueen|Nidoqueen, F|330\/330
|-damage|p2a: Nidoqueen|310\/330|[from] Stealth Rock
|move|p1a: Abomasnow|Ice Shard|p2a: Nidoqueen
|-supereffective|p2a: Nidoqueen
|-damage|p2a: Nidoqueen|130\/330
|
|-weather|Hail|[upkeep]
|-damage|p2a: Nidoqueen|110\/330|[from] hail
|turn|19
|
|move|p1a: Abomasnow|Ice Shard|p2a: Nidoqueen
|-supereffective|p2a: Nidoqueen
|-damage|p2a: Nidoqueen|0 fnt
|faint|p2a: Nidoqueen
|
|-weather|Hail|[upkeep]
|
|switch|p2a: Machamp|Machamp, M|320\/364
|-damage|p2a: Machamp|298\/364|[from] Stealth Rock
|turn|20
|c| leremyju|This is the Smogon Bench league
|c| leremyju|I wonder of u live recorded ur match for SPL
|
|switch|p1a: Gligar|Gligar, M|70\/333
|move|p2a: Machamp|Bullet Punch|p1a: Gligar
|-damage|p1a: Gligar|36\/333
|
|-weather|Hail|[upkeep]
|-damage|p1a: Gligar|16\/333|[from] hail
|-damage|p2a: Machamp|276\/364|[from] hail
|turn|21
|join|Avossk
|
|switch|p1a: Hydreigon|Hydreigon, F|325\/325
|move|p2a: Machamp|Bullet Punch|p1a: Hydreigon
|-damage|p1a: Hydreigon|266\/325
|
|-weather|none
|turn|22
|c| rohep.exe|it wont kill
|c| rohep.exe|i'm waiting for it :^)
|
|move|p1a: Hydreigon|Draco Meteor|p2a: Machamp
|-damage|p2a: Machamp|42\/364
|-unboost|p1a: Hydreigon|spa|2
|-damage|p1a: Hydreigon|234\/325|[from] item: Life Orb
|move|p2a: Machamp|Dynamic Punch|p1a: Hydreigon
|-supereffective|p1a: Hydreigon
|-damage|p1a: Hydreigon|0 fnt
|faint|p1a: Hydreigon
|
|c| DoubleThunder|ice shard tho
|
|switch|p1a: Suicune|Suicune|346\/351
|-ability|p1a: Suicune|Pressure
|turn|23
|
|move|p1a: Suicune|Hydro Pump|p2a: Machamp
|-damage|p2a: Machamp|0 fnt
|faint|p2a: Machamp
|
|-heal|p1a: Suicune|351\/351|[from] item: Leftovers
|c| leremyju|Lol
|c| leremyju|machamp outspeeds
|c| leremyju|tf
|c| DoubleThunder|lol
|c| DoubleThunder|o
|
|switch|p2a: Hydreigon|Hydreigon, F|151\/325
|-damage|p2a: Hydreigon|111\/325|[from] Stealth Rock
|turn|24
|c| leremyju|chimp is lucky n bad but when he doesn't get hax
|c| leremyju|he loses
|
|move|p2a: Hydreigon|Draco Meteor|p1a: Suicune
|-damage|p1a: Suicune|47\/351
|-unboost|p2a: Hydreigon|spa|2
|move|p1a: Suicune|Calm Mind|p1a: Suicune
|-boost|p1a: Suicune|spa|1
|-boost|p1a: Suicune|spd|1
|
|-heal|p1a: Suicune|68\/351|[from] item: Leftovers
|turn|25
|
|switch|p1a: Gligar|Gligar, M|16\/333
|move|p2a: Hydreigon|Draco Meteor|p1a: Gligar
|-damage|p1a: Gligar|0 fnt
|-unboost|p2a: Hydreigon|spa|2
|faint|p1a: Gligar
|
|c| leremyju|Wth chimp
|c| rohep.exe|chimp
|c| rohep.exe|m8
|c| M0XI3 B00ST|wat a play
|c| leremyju|he's pimping
|
|switch|p1a: Suicune|Suicune|68\/351
|-ability|p1a: Suicune|Pressure
|turn|26
|c| M0XI3 B00ST|sd
|
|move|p2a: Hydreigon|Draco Meteor|p1a: Suicune
|-damage|p1a: Suicune|0 fnt
|-unboost|p2a: Hydreigon|spa|2
|faint|p1a: Suicune
|
|
|switch|p1a: Abomasnow|Abomasnow-Mega, M|31\/381
|-weather|Hail
|turn|27
|c| M0XI3 B00ST|miss
|leave|gokuxnatsu
|c| M0XI3 B00ST|miss
|c| M0XI3 B00ST|miss
|c| M0XI3 B00ST|;-;
|
|move|p2a: Hydreigon|Draco Meteor|p1a: Abomasnow
|-damage|p1a: Abomasnow|0 fnt
|faint|p1a: Abomasnow
|
|win|Christo m8
|c|★Christo m8|gg
|c|★chimpact|gg
|c| DoubleThunder|ice shard?
|leave|chimpact
|leave|Christo m8
|player|p1
|leave|pokeaim
|leave|Carpal
|player|p2
|leave|M0XI3 B00ST
|leave|rohep.exe
|leave|leremyju
|leave|CS ebola
|leave|DoubleThunder
|leave|Avossk
|leave|GIMJr
|leave|Acrokid098
|leave|Baselord CTC
|join|Christo m8