|join|Earthes
|join|zmj23
|player|p1|Earthes|248
|player|p2|zmj23|265
|gametype|singles
|gen|6
|tier|UU
|rated
|rule|Sleep Clause Mod: Limit one foe put to sleep
|rule|Species Clause: Limit one of each Pokémon
|rule|OHKO Clause: OHKO moves are banned
|rule|Moody Clause: Moody is banned
|rule|Evasion Moves Clause: Evasion moves are banned
|rule|Endless Battle Clause: Forcing endless battles is banned
|rule|HP Percentage Mod: HP is shown in percentages
|clearpoke
|poke|p1|Sharpedo, M
|poke|p1|Florges, F
|poke|p1|Claydol
|poke|p1|Toxicroak, M
|poke|p1|Noivern, F
|poke|p1|Darmanitan, M
|poke|p2|Donphan, F
|poke|p2|Entei, shiny
|poke|p2|Beedrill, F
|poke|p2|Florges, F
|poke|p2|Empoleon, M
|poke|p2|Celebi
|rule|Swagger Clause: Swagger is banned
|rule|Baton Pass Clause: Limit one Pokémon knowing Baton Pass
|teampreview
|
|start
|switch|p1a: Rick Addison|Darmanitan, M|351\/351
|switch|p2a: Beedrill|Beedrill, F|271\/271
|turn|1
|
|detailschange|p2a: Beedrill|Beedrill-Mega, F
|-mega|p2a: Beedrill|Beedrill|Beedrillite
|move|p2a: Beedrill|Protect|p2a: Beedrill
|-singleturn|p2a: Beedrill|Protect
|move|p1a: Rick Addison|Flare Blitz|p2a: Beedrill
|-activate|p2a: Beedrill|Protect
|
|turn|2
|
|switch|p2a: Entei|Entei, shiny|371\/371
|-ability|p2a: Entei|Pressure
|move|p1a: Rick Addison|Flare Blitz|p2a: Entei
|-resisted|p2a: Entei
|-damage|p2a: Entei|209\/371
|-damage|p1a: Rick Addison|298\/351|[from] recoil|[of] p2a: Entei
|
|turn|3
|
|switch|p1a: 3G|Claydol|323\/323
|move|p2a: Entei|Sacred Fire|p1a: 3G
|-damage|p1a: 3G|178\/323
|
|turn|4
|
|move|p2a: Entei|Flare Blitz|p1a: 3G
|-damage|p1a: 3G|25\/323
|-damage|p2a: Entei|148\/371|[from] item: Rocky Helmet|[of] p1a: 3G
|-damage|p2a: Entei|98\/371|[from] recoil|[of] p1a: 3G
|move|p1a: 3G|Stealth Rock|p2a: Entei
|-sidestart|p2: zmj23|move: Stealth Rock
|
|turn|5
|
|move|p2a: Entei|Sacred Fire|p1a: 3G
|-damage|p1a: 3G|0 fnt
|faint|p1a: 3G
|
|
|switch|p1a: Rick Addison|Darmanitan, M|298\/351
|turn|6
|
|move|p2a: Entei|Extreme Speed|p1a: Rick Addison
|-damage|p1a: Rick Addison|147\/351
|move|p1a: Rick Addison|Flare Blitz|p2a: Entei
|-resisted|p2a: Entei
|-damage|p2a: Entei|0 fnt
|-damage|p1a: Rick Addison|115\/351|[from] recoil|[of] p2a: Entei
|faint|p2a: Entei
|
|
|switch|p2a: Donphan|Donphan, F|384\/384
|-damage|p2a: Donphan|360\/384|[from] Stealth Rock
|turn|7
|
|switch|p1a: Senhime|Noivern, F|311\/311
|move|p2a: Donphan|Rapid Spin|p1a: Senhime
|-crit|p1a: Senhime
|-damage|p1a: Senhime|272\/311
|-sideend|p2: zmj23|Stealth Rock|[from] move: Rapid Spin|[of] p2a: Donphan
|
|-heal|p2a: Donphan|384\/384|[from] item: Leftovers
|turn|8
|
|switch|p2a: Empoleon|Empoleon, M|372\/372
|move|p1a: Senhime|U-turn|p2a: Empoleon
|-resisted|p2a: Empoleon
|-damage|p2a: Empoleon|350\/372
|
|switch|p1a: Dokuganryuu|Toxicroak, M|370\/370
|
|-heal|p2a: Empoleon|372\/372|[from] item: Leftovers
|turn|9
|
|switch|p2a: Donphan|Donphan, F|384\/384
|move|p1a: Dokuganryuu|Swords Dance|p1a: Dokuganryuu
|-boost|p1a: Dokuganryuu|atk|2
|
|turn|10
|
|switch|p1a: Senhime|Noivern, F|272\/311
|move|p2a: Donphan|Earthquake|p1a: Senhime
|-immune|p1a: Senhime|[msg]
|
|turn|11
|
|move|p2a: Donphan|Ice Shard|p1a: Senhime
|-supereffective|p1a: Senhime
|-damage|p1a: Senhime|80\/311
|move|p1a: Senhime|Draco Meteor|p2a: Donphan
|-crit|p2a: Donphan
|-activate|p2a: Donphan|Sturdy
|-damage|p2a: Donphan|1\/384
|-unboost|p1a: Senhime|spa|2
|
|-heal|p2a: Donphan|25\/384|[from] item: Leftovers
|turn|12
|
|switch|p1a: Sill Plain|Florges, F|360\/360
|move|p2a: Donphan|Ice Shard|p1a: Sill Plain
|-crit|p1a: Sill Plain
|-damage|p1a: Sill Plain|278\/360
|
|-heal|p1a: Sill Plain|300\/360|[from] item: Leftovers
|-heal|p2a: Donphan|49\/384|[from] item: Leftovers
|turn|13
|
|switch|p1a: Dokuganryuu|Toxicroak, M|370\/370
|switch|p2a: Empoleon|Empoleon, M|372\/372
|
|turn|14
|
|move|p1a: Dokuganryuu|Swords Dance|p1a: Dokuganryuu
|-boost|p1a: Dokuganryuu|atk|2
|move|p2a: Empoleon|Stealth Rock|p1a: Dokuganryuu
|-sidestart|p1: Earthes|move: Stealth Rock
|
|turn|15
|
|move|p1a: Dokuganryuu|Swords Dance|p1a: Dokuganryuu
|-boost|p1a: Dokuganryuu|atk|2
|move|p2a: Empoleon|Roar|p1a: Dokuganryuu
|drag|p1a: Senhime|Noivern, F|80\/311
|-damage|p1a: Senhime|3\/311|[from] Stealth Rock
|
|turn|16
|
|move|p1a: Senhime|Draco Meteor|p2a: Empoleon
|-resisted|p2a: Empoleon
|-damage|p2a: Empoleon|265\/372
|-unboost|p1a: Senhime|spa|2
|move|p2a: Empoleon|Knock Off|p1a: Senhime
|-damage|p1a: Senhime|0 fnt
|-enditem|p1a: Senhime|Choice Specs|[from] move: Knock Off|[of] p2a: Empoleon
|faint|p1a: Senhime
|
|-heal|p2a: Empoleon|288\/372|[from] item: Leftovers
|
|switch|p1a: Dokuganryuu|Toxicroak, M|370\/370
|-damage|p1a: Dokuganryuu|347\/370|[from] Stealth Rock
|turn|17
|
|move|p1a: Dokuganryuu|Drain Punch|p2a: Empoleon
|-supereffective|p2a: Empoleon
|-damage|p2a: Empoleon|22\/372
|-heal|p1a: Dokuganryuu|370\/370|[from] drain|[of] p2a: Empoleon
|move|p2a: Empoleon|Roar|p1a: Dokuganryuu
|drag|p1a: Sill Plain|Florges, F|300\/360
|-damage|p1a: Sill Plain|255\/360|[from] Stealth Rock
|
|-heal|p1a: Sill Plain|277\/360|[from] item: Leftovers
|-heal|p2a: Empoleon|45\/372|[from] item: Leftovers
|turn|18
|
|switch|p1a: Dokuganryuu|Toxicroak, M|370\/370
|-damage|p1a: Dokuganryuu|347\/370|[from] Stealth Rock
|move|p2a: Empoleon|Knock Off|p1a: Dokuganryuu
|-resisted|p1a: Dokuganryuu
|-damage|p1a: Dokuganryuu|301\/370
|-enditem|p1a: Dokuganryuu|Black Sludge|[from] move: Knock Off|[of] p2a: Empoleon
|
|-heal|p2a: Empoleon|68\/372|[from] item: Leftovers
|turn|19
|
|move|p1a: Dokuganryuu|Drain Punch|p2a: Empoleon
|-supereffective|p2a: Empoleon
|-damage|p2a: Empoleon|0 fnt
|-heal|p1a: Dokuganryuu|335\/370|[from] drain|[of] p2a: Empoleon
|faint|p2a: Empoleon
|
|
|switch|p2a: Celebi|Celebi|341\/341
|turn|20
|
|switch|p1a: Sill Plain|Florges, F|277\/360
|-damage|p1a: Sill Plain|232\/360|[from] Stealth Rock
|move|p2a: Celebi|Zen Headbutt|p1a: Sill Plain
|-damage|p1a: Sill Plain|60\/360
|
|-heal|p1a: Sill Plain|82\/360|[from] item: Leftovers
|turn|21
|
|move|p2a: Celebi|Seed Bomb|p1a: Sill Plain
|-damage|p1a: Sill Plain|0 fnt
|faint|p1a: Sill Plain
|
|
|switch|p1a: Rick Addison|Darmanitan, M|115\/351
|-damage|p1a: Rick Addison|28\/351|[from] Stealth Rock
|turn|22
|
|switch|p2a: Beedrill|Beedrill-Mega, F|271\/271
|move|p1a: Rick Addison|Flare Blitz|p2a: Beedrill
|-supereffective|p2a: Beedrill
|-damage|p2a: Beedrill|0 fnt
|-damage|p1a: Rick Addison|0 fnt|[from] recoil|[of] p2a: Beedrill
|faint|p2a: Beedrill
|faint|p1a: Rick Addison
|
|
|switch|p2a: Celebi|Celebi|341\/341
|switch|p1a: Rance|Sharpedo, M|281\/281
|-damage|p1a: Rance|246\/281|[from] Stealth Rock
|turn|23
|
|move|p1a: Rance|Protect|p1a: Rance
|-singleturn|p1a: Rance|Protect
|move|p2a: Celebi|Baton Pass|p2a: Celebi
|
|switch|p2a: Florges|Florges, F|360\/360
|
|-boost|p1a: Rance|spe|1|[from] ability: Speed Boost
|turn|24
|
|switch|p1a: Dokuganryuu|Toxicroak, M|335\/370
|-damage|p1a: Dokuganryuu|312\/370|[from] Stealth Rock
|move|p2a: Florges|Moonblast|p1a: Dokuganryuu
|-damage|p1a: Dokuganryuu|149\/370
|
|turn|25
|
|switch|p2a: Donphan|Donphan, F|49\/384
|move|p1a: Dokuganryuu|Gunk Shot|p2a: Donphan
|-resisted|p2a: Donphan
|-damage|p2a: Donphan|0 fnt
|faint|p2a: Donphan
|
|
|switch|p2a: Celebi|Celebi|341\/341
|turn|26
|
|switch|p1a: Rance|Sharpedo, M|246\/281
|-damage|p1a: Rance|211\/281|[from] Stealth Rock
|move|p2a: Celebi|Zen Headbutt|p1a: Rance
|-immune|p1a: Rance|[msg]
|
|turn|27
|
|move|p2a: Celebi|Baton Pass|p2a: Celebi
|
|switch|p2a: Florges|Florges, F|360\/360
|move|p1a: Rance|Waterfall|p2a: Florges
|-damage|p2a: Florges|168\/360
|
|-heal|p2a: Florges|190\/360|[from] item: Leftovers
|-boost|p1a: Rance|spe|1|[from] ability: Speed Boost
|turn|28
|
|detailschange|p1a: Rance|Sharpedo-Mega, M
|-mega|p1a: Rance|Sharpedo|Sharpedonite
|move|p2a: Florges|Protect|p2a: Florges
|-singleturn|p2a: Florges|Protect
|move|p1a: Rance|Waterfall|p2a: Florges
|-activate|p2a: Florges|Protect
|
|-heal|p2a: Florges|212\/360|[from] item: Leftovers
|turn|29
|
|move|p1a: Rance|Waterfall|p2a: Florges
|-damage|p2a: Florges|1\/360
|cant|p2a: Florges|flinch
|
|-heal|p2a: Florges|23\/360|[from] item: Leftovers
|turn|30
|
|move|p1a: Rance|Waterfall|p2a: Florges
|-damage|p2a: Florges|0 fnt
|faint|p2a: Florges
|
|
|switch|p2a: Celebi|Celebi|341\/341
|turn|31
|
|move|p1a: Rance|Crunch|p2a: Celebi
|-supereffective|p2a: Celebi
|-damage|p2a: Celebi|0 fnt
|faint|p2a: Celebi
|
|win|Earthes
|raw|Ladder updating...
|raw|Ladder (probably) updated, but score could not be retrieved (Error: read ECONNRESET).
|c|★Earthes|bg
|c|★Earthes|kill yourself
|c|★Earthes|die
|c|★Earthes|die
|leave|zmj23
|c|★Earthes|die
|player|p2
|c|★Earthes|die