|join|mastermind15
|join|hardpuzzle
|player|p1|mastermind15|33
|player|p2|hardpuzzle|101
|gametype|singles
|gen|6
|tier|OU
|rated
|clearpoke
|poke|p1|Slowbro, M, shiny
|poke|p1|Gliscor, M
|poke|p1|Tyranitar, F
|poke|p1|Sableye, M
|poke|p1|Amoonguss, F
|poke|p1|Gothitelle, F, shiny
|poke|p2|Amoonguss, M
|poke|p2|Tyranitar, F
|poke|p2|Gliscor, F
|poke|p2|Slowbro, F
|poke|p2|Chansey, F
|poke|p2|Clefable, F
|rule|Swagger Clause: Swagger is banned
|rule|Baton Pass Clause: Limit one Pokémon knowing Baton Pass
|rule|Sleep Clause Mod: Limit one foe put to sleep
|rule|Species Clause: Limit one of each Pokémon
|rule|OHKO Clause: OHKO moves are banned
|rule|Moody Clause: Moody is banned
|rule|Evasion Moves Clause: Evasion moves are banned
|rule|Endless Battle Clause: Forcing endless battles is banned
|rule|HP Percentage Mod: HP is shown in percentages
|teampreview
|
|start
|switch|p1a: Jacob|Sableye, M|304\/304
|switch|p2a: Clefable|Clefable, F|392\/392
|turn|1
|
|switch|p1a: Theresa|Gothitelle, F, shiny|281\/281
|move|p2a: Clefable|Calm Mind|p2a: Clefable
|-boost|p2a: Clefable|spa|1
|-boost|p2a: Clefable|spd|1
|
|turn|2
|
|switch|p2a: Tyranitar|Tyranitar, F|342\/342
|-weather|Sandstorm
|move|p1a: Theresa|Trick|p2a: Tyranitar
|-activate|p1a: Theresa|move: Trick|[of] p2a: Tyranitar
|-item|p2a: Tyranitar|Choice Scarf|[from] move: Trick
|-item|p1a: Theresa|Choice Scarf|[from] move: Trick
|
|-weather|Sandstorm|[upkeep]
|-damage|p1a: Theresa|264\/281|[from] sandstorm
|turn|3
|c|★mastermind15|how did you switch?
|c|★hardpuzzle|I'm a Master Pokemon
|c|★hardpuzzle|;)
|c|★mastermind15|seriously, how did you switch?
|c|★hardpuzzle|it's easy for me
|
|move|p2a: Tyranitar|Pursuit|p1a: Theresa|[from]Pursuit
|-supereffective|p1a: Theresa
|-damage|p1a: Theresa|0 fnt
|faint|p1a: Theresa
|
|-weather|Sandstorm|[upkeep]
|c|★hardpuzzle|gg
|c|★mastermind15|how did you switch honestly?
|c|★hardpuzzle|my clefable is god no more
|c|★mastermind15|i will forfeit once i get an answer from you
|c|★hardpuzzle|loL
|c|★hardpuzzle|really ?
|c|★hardpuzzle|'¬'
|c|★mastermind15|just tell me how you were able to switch
|
|switch|p1a: Jacob|Sableye, M|304\/304
|turn|4
|
|switch|p2a: Clefable|Clefable, F|392\/392
|detailschange|p1a: Jacob|Sableye-Mega, M
|message|Sableye has Mega Evolved into Mega Sableye!
|move|p1a: Jacob|Knock Off|p2a: Clefable
|-resisted|p2a: Clefable
|-damage|p2a: Clefable|349\/392
|-enditem|p2a: Clefable|Shed Shell|[from] move: Knock Off|[of] p1a: Jacob
|
|-weather|Sandstorm|[upkeep]
|-damage|p1a: Jacob|285\/304|[from] sandstorm
|turn|5
|c|★hardpuzzle|hm
|c|★hardpuzzle|loL
|c|★hardpuzzle|. . .
|c|★mastermind15|honestly, why would you run shed shell?
|
|switch|p1a: Penelope|Amoonguss, F|432\/432
|move|p2a: Clefable|Knock Off|p1a: Penelope
|-damage|p1a: Penelope|384\/432
|-enditem|p1a: Penelope|Black Sludge|[from] move: Knock Off|[of] p2a: Clefable
|
|-weather|Sandstorm|[upkeep]
|-damage|p1a: Penelope|357\/432|[from] sandstorm
|turn|6
|c|★hardpuzzle|satisfied now?
|
|switch|p2a: Amoonguss|Amoonguss, M|430\/430
|switch|p1a: Ivan|Gliscor, M|342\/342
|
|-weather|none
|-status|p1a: Ivan|tox|[from] item: Toxic Orb
|turn|7
|
|switch|p2a: Clefable|Clefable, F|349\/392
|move|p1a: Ivan|Taunt|p2a: Clefable
|-start|p2a: Clefable|move: Taunt
|
|turn|8
|
|switch|p2a: Gliscor|Gliscor, F|350\/350
|move|p1a: Ivan|Earthquake|p2a: Gliscor
|-immune|p2a: Gliscor|[msg]
|
|-status|p2a: Gliscor|tox|[from] item: Toxic Orb
|turn|9
|
|move|p2a: Gliscor|U-turn|p1a: Ivan
|-resisted|p1a: Ivan
|-damage|p1a: Ivan|324\/342 tox
|
|switch|p2a: Clefable|Clefable, F|349\/392
|move|p1a: Ivan|Taunt|p2a: Clefable
|-start|p2a: Clefable|move: Taunt
|
|-heal|p1a: Ivan|342\/342 tox|[from] ability: Poison Heal
|turn|10
|c|★mastermind15|are you that scared of goth? isn't lefties or life orb superior?
|
|move|p1a: Ivan|U-turn|p2a: Clefable
|-resisted|p2a: Clefable
|-damage|p2a: Clefable|328\/392
|
|switch|p1a: Penelope|Amoonguss, F|432\/432
|move|p2a: Clefable|Knock Off|p1a: Penelope
|-damage|p1a: Penelope|396\/432
|
|turn|11
|c|★hardpuzzle|I won matchs like this
|c|★hardpuzzle|bc shed shell. . .
|
|switch|p2a: Amoonguss|Amoonguss, M|430\/430
|move|p1a: Penelope|Clear Smog|p2a: Amoonguss
|-damage|p2a: Amoonguss|373\/430
|-clearboost|p2a: Amoonguss
|
|-heal|p2a: Amoonguss|399\/430|[from] item: Black Sludge
|turn|12
|c|★mastermind15|it's still really weird
|
|switch|p2a: Gliscor|Gliscor, F|350\/350 tox
|switch|p1a: Ivan|Gliscor, M|342\/342 tox
|
|turn|13
|c|★hardpuzzle|yeah
|c|★hardpuzzle|is my clefable.
|c|★mastermind15|the only thing it's for is trapping goth with trick
|
|move|p2a: Gliscor|U-turn|p1a: Ivan
|-resisted|p1a: Ivan
|-damage|p1a: Ivan|324\/342 tox
|
|switch|p2a: Amoonguss|Amoonguss, M|430\/430
|move|p1a: Ivan|Taunt|p2a: Amoonguss
|-start|p2a: Amoonguss|move: Taunt
|
|-heal|p1a: Ivan|342\/342 tox|[from] ability: Poison Heal
|turn|14
|
|switch|p2a: Gliscor|Gliscor, F|350\/350 tox
|move|p1a: Ivan|Earthquake|p2a: Gliscor
|-immune|p2a: Gliscor|[msg]
|
|turn|15
|
|move|p2a: Gliscor|U-turn|p1a: Ivan
|-resisted|p1a: Ivan
|-damage|p1a: Ivan|325\/342 tox
|
|switch|p2a: Amoonguss|Amoonguss, M|430\/430
|move|p1a: Ivan|Taunt|p2a: Amoonguss
|-start|p2a: Amoonguss|move: Taunt
|
|-heal|p1a: Ivan|342\/342 tox|[from] ability: Poison Heal
|turn|16
|c|★hardpuzzle|haha
|
|switch|p2a: Gliscor|Gliscor, F|350\/350 tox
|move|p1a: Ivan|U-turn|p2a: Gliscor
|-resisted|p2a: Gliscor
|-damage|p2a: Gliscor|331\/350 tox
|
|switch|p1a: Bill|Slowbro, M, shiny|394\/394
|
|-heal|p2a: Gliscor|350\/350 tox|[from] ability: Poison Heal
|turn|17
|
|move|p2a: Gliscor|U-turn|p1a: Bill
|-supereffective|p1a: Bill
|-damage|p1a: Bill|324\/394
|
|switch|p2a: Chansey|Chansey, F|670\/670
|move|p1a: Bill|Ice Beam|p2a: Chansey
|-crit|p2a: Chansey
|-damage|p2a: Chansey|606\/670
|
|turn|18
|
|switch|p2a: Clefable|Clefable, F|328\/392
|switch|p1a: Jacob|Sableye-Mega, M|285\/304
|
|turn|19
|
|switch|p1a: Penelope|Amoonguss, F|432\/432
|move|p2a: Clefable|Calm Mind|p2a: Clefable
|-boost|p2a: Clefable|spa|1
|-boost|p2a: Clefable|spd|1
|
|turn|20
|
|switch|p2a: Gliscor|Gliscor, F|350\/350 tox
|move|p1a: Penelope|Clear Smog|p2a: Gliscor
|-resisted|p2a: Gliscor
|-damage|p2a: Gliscor|320\/350 tox
|-clearboost|p2a: Gliscor
|
|-heal|p2a: Gliscor|350\/350 tox|[from] ability: Poison Heal
|turn|21
|
|switch|p1a: Ivan|Gliscor, M|342\/342 tox
|move|p2a: Gliscor|U-turn|p1a: Ivan
|-crit|p1a: Ivan
|-resisted|p1a: Ivan
|-damage|p1a: Ivan|316\/342 tox
|
|switch|p2a: Slowbro|Slowbro, F|390\/390
|
|-heal|p1a: Ivan|342\/342 tox|[from] ability: Poison Heal
|turn|22
|
|switch|p2a: Gliscor|Gliscor, F|350\/350 tox
|move|p1a: Ivan|U-turn|p2a: Gliscor
|-resisted|p2a: Gliscor
|-damage|p2a: Gliscor|332\/350 tox
|
|switch|p1a: Bill|Slowbro, M, shiny|394\/394
|
|-heal|p2a: Gliscor|350\/350 tox|[from] ability: Poison Heal
|turn|23
|c|★hardpuzzle|loL
|
|move|p2a: Gliscor|U-turn|p1a: Bill
|-supereffective|p1a: Bill
|-damage|p1a: Bill|316\/394
|
|switch|p2a: Clefable|Clefable, F|328\/392
|move|p1a: Bill|Scald|p2a: Clefable
|-damage|p2a: Clefable|229\/392
|
|turn|24
|
|switch|p1a: Ivan|Gliscor, M|342\/342 tox
|move|p2a: Clefable|Moonblast|p1a: Ivan
|-damage|p1a: Ivan|225\/342 tox
|-unboost|p1a: Ivan|spa|1
|
|-heal|p1a: Ivan|267\/342 tox|[from] ability: Poison Heal
|turn|25
|
|move|p1a: Ivan|Taunt|p2a: Clefable
|-start|p2a: Clefable|move: Taunt
|move|p2a: Clefable|Knock Off|p1a: Ivan
|-damage|p1a: Ivan|233\/342 tox
|-enditem|p1a: Ivan|Toxic Orb|[from] move: Knock Off|[of] p2a: Clefable
|
|-heal|p1a: Ivan|275\/342 tox|[from] ability: Poison Heal
|turn|26
|
|switch|p2a: Gliscor|Gliscor, F|350\/350 tox
|move|p1a: Ivan|U-turn|p2a: Gliscor
|-resisted|p2a: Gliscor
|-damage|p2a: Gliscor|334\/350 tox
|
|switch|p1a: Bill|Slowbro, M, shiny|394\/394
|
|-heal|p2a: Gliscor|350\/350 tox|[from] ability: Poison Heal
|turn|27
|
|move|p2a: Gliscor|U-turn|p1a: Bill
|-supereffective|p1a: Bill
|-damage|p1a: Bill|326\/394
|
|switch|p2a: Clefable|Clefable, F|229\/392
|move|p1a: Bill|Ice Beam|p2a: Clefable
|-crit|p2a: Clefable
|-damage|p2a: Clefable|110\/392
|
|turn|28
|
|switch|p1a: Ivan|Gliscor, M|275\/342 tox
|move|p2a: Clefable|Soft-Boiled|p2a: Clefable
|-heal|p2a: Clefable|306\/392
|
|-heal|p1a: Ivan|317\/342 tox|[from] ability: Poison Heal
|turn|29
|
|switch|p2a: Gliscor|Gliscor, F|350\/350 tox
|move|p1a: Ivan|U-turn|p2a: Gliscor
|-resisted|p2a: Gliscor
|-damage|p2a: Gliscor|333\/350 tox
|
|switch|p1a: Bill|Slowbro, M, shiny|394\/394
|
|-heal|p2a: Gliscor|350\/350 tox|[from] ability: Poison Heal
|turn|30
|
|switch|p1a: Ivan|Gliscor, M|317\/342 tox
|move|p2a: Gliscor|U-turn|p1a: Ivan
|-resisted|p1a: Ivan
|-damage|p1a: Ivan|302\/342 tox
|
|switch|p2a: Slowbro|Slowbro, F|390\/390
|
|-heal|p1a: Ivan|342\/342 tox|[from] ability: Poison Heal
|turn|31
|
|move|p1a: Ivan|U-turn|p2a: Slowbro
|-supereffective|p2a: Slowbro
|-damage|p2a: Slowbro|316\/390
|
|switch|p1a: Penelope|Amoonguss, F|432\/432
|move|p2a: Slowbro|Scald|p1a: Penelope
|-resisted|p1a: Penelope
|-damage|p1a: Penelope|383\/432
|
|turn|32
|
|move|p1a: Penelope|Giga Drain|p2a: Slowbro
|-supereffective|p2a: Slowbro
|-damage|p2a: Slowbro|140\/390
|-heal|p1a: Penelope|432\/432|[from] drain|[of] p2a: Slowbro
|move|p2a: Slowbro|Scald|p1a: Penelope
|-resisted|p1a: Penelope
|-damage|p1a: Penelope|387\/432
|
|turn|33
|
|switch|p2a: Amoonguss|Amoonguss, M|430\/430
|move|p1a: Penelope|Giga Drain|p2a: Amoonguss
|-resisted|p2a: Amoonguss
|-damage|p2a: Amoonguss|406\/430
|-heal|p1a: Penelope|399\/432|[from] drain|[of] p2a: Amoonguss
|
|-heal|p2a: Amoonguss|430\/430|[from] item: Black Sludge
|turn|34
|
|switch|p2a: Slowbro|Slowbro, F|270\/390
|move|p1a: Penelope|Foul Play|p2a: Slowbro
|-supereffective|p2a: Slowbro
|-damage|p2a: Slowbro|200\/390
|
|turn|35
|
|switch|p1a: Sam|Tyranitar, F|341\/341
|-weather|Sandstorm
|switch|p2a: Amoonguss|Amoonguss, M|430\/430
|
|-weather|Sandstorm|[upkeep]
|-damage|p2a: Amoonguss|404\/430|[from] sandstorm
|-heal|p2a: Amoonguss|430\/430|[from] item: Black Sludge
|turn|36
|
|switch|p1a: Penelope|Amoonguss, F|432\/432
|move|p2a: Amoonguss|Spore|p1a: Penelope
|-fail|p1a: Penelope
|
|-weather|Sandstorm|[upkeep]
|-damage|p2a: Amoonguss|404\/430|[from] sandstorm
|-damage|p1a: Penelope|405\/432|[from] sandstorm
|-heal|p2a: Amoonguss|430\/430|[from] item: Black Sludge
|turn|37
|
|switch|p2a: Gliscor|Gliscor, F|350\/350 tox
|switch|p1a: Ivan|Gliscor, M|342\/342 tox
|
|-weather|Sandstorm|[upkeep]
|turn|38
|
|switch|p2a: Slowbro|Slowbro, F|330\/390
|move|p1a: Ivan|U-turn|p2a: Slowbro
|-supereffective|p2a: Slowbro
|-damage|p2a: Slowbro|252\/390
|
|switch|p1a: Sam|Tyranitar, F|341\/341
|
|-weather|Sandstorm|[upkeep]
|-damage|p2a: Slowbro|228\/390|[from] sandstorm
|turn|39
|
|move|p1a: Sam|Pursuit|p2a: Slowbro
|-supereffective|p2a: Slowbro
|-damage|p2a: Slowbro|124\/390
|move|p2a: Slowbro|Slack Off|p2a: Slowbro
|-heal|p2a: Slowbro|319\/390
|
|-weather|none
|turn|40
|
|move|p1a: Sam|Crunch|p2a: Slowbro
|-supereffective|p2a: Slowbro
|-damage|p2a: Slowbro|103\/390
|move|p2a: Slowbro|Scald|p1a: Sam
|-supereffective|p1a: Sam
|-damage|p1a: Sam|243\/341
|-status|p1a: Sam|brn
|
|-damage|p1a: Sam|201\/341 brn|[from] brn
|turn|41
|
|switch|p2a: Gliscor|Gliscor, F|350\/350 tox
|move|p1a: Sam|Crunch|p2a: Gliscor
|-damage|p2a: Gliscor|299\/350 tox
|
|-heal|p2a: Gliscor|342\/350 tox|[from] ability: Poison Heal
|-damage|p1a: Sam|159\/341 brn|[from] brn
|turn|42
|-message|mastermind15 forfeited.
|
|win|hardpuzzle
|raw|Ladder updating...
|leave|mastermind15
|player|p1
|raw|mastermind15's rating: 1817 &rarr; <strong>1793<\/strong><br \/>(-24 for losing)
|raw|hardpuzzle's rating: 1739 &rarr; <strong>1764<\/strong><br \/>(+25 for winning)