|join|mastermind15
|join|NickenSoodleChoop
|player|p1|mastermind15|33
|player|p2|NickenSoodleChoop|265
|gametype|singles
|gen|6
|tier|OU
|clearpoke
|poke|p1|Slowbro, M, shiny
|poke|p1|Gliscor, M
|poke|p1|Amoonguss, F, shiny
|poke|p1|Tyranitar, M
|poke|p1|Zapdos
|poke|p1|Metagross
|poke|p2|Heracross, M
|poke|p2|Kyurem-Black
|poke|p2|Tyranitar, M
|poke|p2|Clefable, F
|poke|p2|Gengar, F
|poke|p2|Greninja, F
|rule|Swagger Clause: Swagger is banned
|rule|Baton Pass Clause: Limit one Pokémon knowing Baton Pass
|rule|Sleep Clause Mod: Limit one foe put to sleep
|rule|Species Clause: Limit one of each Pokémon
|rule|OHKO Clause: OHKO moves are banned
|rule|Moody Clause: Moody is banned
|rule|Evasion Moves Clause: Evasion moves are banned
|rule|Endless Battle Clause: Forcing endless battles is banned
|rule|HP Percentage Mod: HP is shown in percentages
|teampreview
|join|MegaStarUniverse
|join|SweepinatorX
|join|Edwardo M
|leave|MegaStarUniverse
|leave|SweepinatorX
|
|start
|switch|p1a: Sebastian|Metagross|301\/301
|switch|p2a: Heracross|Heracross, M|302\/302
|turn|1
|join|Zagmzp
|join|badassninja
|
|detailschange|p1a: Sebastian|Metagross-Mega
|message|Metagross has Mega Evolved into Mega Metagross!
|move|p2a: Heracross|Earthquake|p1a: Sebastian
|-supereffective|p1a: Sebastian
|-damage|p1a: Sebastian|129\/301
|move|p1a: Sebastian|Zen Headbutt|p2a: Heracross
|-supereffective|p2a: Heracross
|-damage|p2a: Heracross|0 fnt
|faint|p2a: Heracross
|
|
|switch|p2a: Greninja|Greninja, F|285\/285
|turn|2
|
|switch|p1a: Penelope|Amoonguss, F, shiny|432\/432
|move|p2a: Greninja|Dark Pulse|p1a: Penelope
|-start|p2a: Greninja|typechange|Dark|[from] Protean
|-damage|p1a: Penelope|290\/432
|-damage|p2a: Greninja|257\/285|[from] item: Life Orb
|
|-heal|p1a: Penelope|317\/432|[from] item: Black Sludge
|turn|3
|join|Exiline
|
|switch|p1a: Sam|Tyranitar, M|341\/341
|-weather|Sandstorm
|move|p2a: Greninja|Ice Beam|p1a: Sam
|-start|p2a: Greninja|typechange|Ice|[from] Protean
|-damage|p1a: Sam|285\/341
|-damage|p2a: Greninja|229\/285|[from] item: Life Orb
|
|-weather|Sandstorm|[upkeep]
|-damage|p2a: Greninja|212\/285|[from] sandstorm
|turn|4
|
|move|p2a: Greninja|Low Kick|p1a: Sam
|-start|p2a: Greninja|typechange|Fighting|[from] Protean
|-supereffective|p1a: Sam
|-damage|p1a: Sam|0 fnt
|-damage|p2a: Greninja|184\/285|[from] item: Life Orb
|faint|p1a: Sam
|
|-weather|Sandstorm|[upkeep]
|-damage|p2a: Greninja|167\/285|[from] sandstorm
|c|★NickenSoodleChoop|:]
|c| badassninja|greninja reks that team lol
|c|★NickenSoodleChoop|lol
|c|★mastermind15|yeah
|c|★NickenSoodleChoop|oh yeah, gl hf sir
|
|switch|p1a: Penelope|Amoonguss, F, shiny|432\/432
|turn|5
|c|★NickenSoodleChoop|almost forgot the tradition
|
|switch|p2a: Clefable|Clefable, F|394\/394
|move|p1a: Penelope|Spore|p2a: Clefable
|-status|p2a: Clefable|slp
|
|-weather|Sandstorm|[upkeep]
|-damage|p1a: Penelope|405\/432|[from] sandstorm
|-heal|p1a: Penelope|432\/432|[from] item: Black Sludge
|turn|6
|
|switch|p2a: Kyurem-Black|Kyurem-Black|454\/454
|-ability|p2a: Kyurem-Black|Teravolt
|switch|p1a: Sebastian|Metagross-Mega|129\/301
|
|-weather|Sandstorm|[upkeep]
|-damage|p2a: Kyurem-Black|426\/454|[from] sandstorm
|turn|7
|
|switch|p1a: Bill|Slowbro, M, shiny|394\/394
|move|p2a: Kyurem-Black|Fusion Bolt|p1a: Bill
|-supereffective|p1a: Bill
|-damage|p1a: Bill|90\/394
|
|-weather|none
|turn|8
|
|switch|p1a: Ivan|Gliscor, M|352\/352
|move|p2a: Kyurem-Black|Fusion Bolt|p1a: Ivan
|-immune|p1a: Ivan|[msg]
|
|-status|p1a: Ivan|tox|[from] item: Toxic Orb
|turn|9
|c|★NickenSoodleChoop|...
|
|switch|p1a: Bill|Slowbro, M, shiny|221\/394
|switch|p2a: Clefable|Clefable, F|394\/394 slp
|
|turn|10
|
|cant|p2a: Clefable|slp
|move|p1a: Bill|Scald|p2a: Clefable
|-damage|p2a: Clefable|291\/394 slp
|
|-heal|p2a: Clefable|315\/394 slp|[from] item: Leftovers
|turn|11
|
|switch|p1a: Sebastian|Metagross-Mega|129\/301
|-curestatus|p2a: Clefable|slp
|move|p2a: Clefable|Calm Mind|p2a: Clefable
|-boost|p2a: Clefable|spa|1
|-boost|p2a: Clefable|spd|1
|
|-heal|p2a: Clefable|339\/394|[from] item: Leftovers
|turn|12
|c| badassninja|agility ftw??
|
|move|p1a: Sebastian|Meteor Mash|p2a: Clefable
|-supereffective|p2a: Clefable
|-damage|p2a: Clefable|0 fnt
|-boost|p1a: Sebastian|atk|1
|faint|p2a: Clefable
|
|
|switch|p2a: Greninja|Greninja, F|167\/285
|turn|13
|c|★NickenSoodleChoop|apparently not
|c|★NickenSoodleChoop|not even rock polish lol
|
|switch|p1a: Penelope|Amoonguss, F, shiny|432\/432
|move|p2a: Greninja|Dark Pulse|p1a: Penelope
|-start|p2a: Greninja|typechange|Dark|[from] Protean
|-damage|p1a: Penelope|296\/432
|-damage|p2a: Greninja|139\/285|[from] item: Life Orb
|
|-heal|p1a: Penelope|323\/432|[from] item: Black Sludge
|turn|14
|
|switch|p1a: Bill|Slowbro, M, shiny|352\/394
|move|p2a: Greninja|Ice Beam|p1a: Bill
|-start|p2a: Greninja|typechange|Ice|[from] Protean
|-resisted|p1a: Bill
|-damage|p1a: Bill|278\/394
|-damage|p2a: Greninja|111\/285|[from] item: Life Orb
|
|turn|15
|c|★NickenSoodleChoop|such lo damage
|
|switch|p1a: Larry|Zapdos|383\/383
|-ability|p1a: Larry|Pressure
|move|p2a: Greninja|Dark Pulse|p1a: Larry
|-start|p2a: Greninja|typechange|Dark|[from] Protean
|-damage|p1a: Larry|223\/383
|-damage|p2a: Greninja|83\/285|[from] item: Life Orb
|
|-heal|p1a: Larry|246\/383|[from] item: Leftovers
|turn|16
|
|switch|p1a: Bill|Slowbro, M, shiny|394\/394
|move|p2a: Greninja|Dark Pulse|p1a: Bill
|-supereffective|p1a: Bill
|-damage|p1a: Bill|121\/394
|-damage|p2a: Greninja|55\/285|[from] item: Life Orb
|
|turn|17
|join|UBERPYRO
|
|switch|p2a: Kyurem-Black|Kyurem-Black|426\/454
|-ability|p2a: Kyurem-Black|Teravolt
|switch|p1a: Penelope|Amoonguss, F, shiny|432\/432
|
|turn|18
|c| UBERPYRO|Hurry up mastermind ur holding up the thour
|join|Irina Shayk
|c| badassninja|lol
|
|switch|p1a: Bill|Slowbro, M, shiny|252\/394
|move|p2a: Kyurem-Black|Outrage|p1a: Bill
|-damage|p1a: Bill|0 fnt
|faint|p1a: Bill
|
|c|★NickenSoodleChoop|byeeeee
|c| UBERPYRO|I'm way ahead
|leave|Zagmzp
|
|switch|p1a: Sebastian|Metagross-Mega|129\/301
|turn|19
|
|move|p1a: Sebastian|Meteor Mash|p2a: Kyurem-Black
|-crit|p2a: Kyurem-Black
|-supereffective|p2a: Kyurem-Black
|-damage|p2a: Kyurem-Black|0 fnt
|faint|p2a: Kyurem-Black
|
|c| UBERPYRO|and I'm runnin gstall
|c| UBERPYRO|and I'm still way ahead
|
|switch|p2a: Greninja|Greninja, F|55\/285
|turn|20
|
|switch|p1a: Penelope|Amoonguss, F, shiny|432\/432
|move|p2a: Greninja|Ice Beam|p1a: Penelope
|-start|p2a: Greninja|typechange|Ice|[from] Protean
|-supereffective|p1a: Penelope
|-damage|p1a: Penelope|120\/432
|-damage|p2a: Greninja|27\/285|[from] item: Life Orb
|
|-heal|p1a: Penelope|147\/432|[from] item: Black Sludge
|turn|21
|
|switch|p1a: Larry|Zapdos|246\/383
|-ability|p1a: Larry|Pressure
|move|p2a: Greninja|Dark Pulse|p1a: Larry
|-start|p2a: Greninja|typechange|Dark|[from] Protean
|-damage|p1a: Larry|86\/383
|-damage|p2a: Greninja|0 fnt|[from] item: Life Orb
|faint|p2a: Greninja
|
|-heal|p1a: Larry|109\/383|[from] item: Leftovers
|
|switch|p2a: Tyranitar|Tyranitar, M|342\/342
|-weather|Sandstorm
|turn|22
|c|★mastermind15|yess
|c|★NickenSoodleChoop|i may have blown a win
|leave|UBERPYRO
|c|★NickenSoodleChoop|maybe
|
|switch|p1a: Ivan|Gliscor, M|352\/352 tox
|detailschange|p2a: Tyranitar|Tyranitar-Mega, M
|message|Tyranitar has Mega Evolved into Mega Tyranitar!
|move|p2a: Tyranitar|Dragon Dance|p2a: Tyranitar
|-boost|p2a: Tyranitar|atk|1
|-boost|p2a: Tyranitar|spe|1
|
|-weather|Sandstorm|[upkeep]
|turn|23
|c| badassninja|damn mega ttar
|c|★NickenSoodleChoop|:]
|c| badassninja|haven't seen it in months
|c|★NickenSoodleChoop|me neither lol
|
|move|p2a: Tyranitar|Stone Edge|p1a: Ivan
|-damage|p1a: Ivan|117\/352 tox
|move|p1a: Ivan|Earthquake|p2a: Tyranitar
|-supereffective|p2a: Tyranitar
|-damage|p2a: Tyranitar|180\/342
|
|-weather|Sandstorm|[upkeep]
|-heal|p1a: Ivan|161\/352 tox|[from] ability: Poison Heal
|turn|24
|
|move|p2a: Tyranitar|Stone Edge|p1a: Ivan
|-damage|p1a: Ivan|0 fnt
|faint|p1a: Ivan
|
|-weather|Sandstorm|[upkeep]
|
|switch|p1a: Penelope|Amoonguss, F, shiny|291\/432
|turn|25
|
|move|p2a: Tyranitar|Stone Edge|p1a: Penelope
|-damage|p1a: Penelope|0 fnt
|faint|p1a: Penelope
|
|-weather|Sandstorm|[upkeep]
|
|switch|p1a: Sebastian|Metagross-Mega|129\/301
|turn|26
|c| badassninja|accurate
|c|★NickenSoodleChoop|aww sheit
|c| Exiline|u have not ice punch ?
|
|move|p2a: Tyranitar|Crunch|p1a: Sebastian
|-supereffective|p1a: Sebastian
|-damage|p1a: Sebastian|0 fnt
|faint|p1a: Sebastian
|
|-weather|none
|c|★NickenSoodleChoop|naw
|
|switch|p1a: Larry|Zapdos|109\/383
|-ability|p1a: Larry|Pressure
|turn|27
|c| Exiline|gg
|
|move|p2a: Tyranitar|Crunch|p1a: Larry
|-damage|p1a: Larry|0 fnt
|faint|p1a: Larry
|
|win|NickenSoodleChoop
|c|★NickenSoodleChoop|gg
|c|★mastermind15|gg
|leave|NickenSoodleChoop
|player|p2
|leave|badassninja
|leave|Exiline
|leave|Irina Shayk
|leave|Edwardo M
|join|Edwardo M
|leave|Edwardo M