|join|mastermind15
|join|Latiooss
|player|p1|mastermind15|33
|player|p2|Latiooss|257
|gametype|singles
|gen|6
|tier|OU
|clearpoke
|poke|p1|Slowbro, M, shiny
|poke|p1|Zapdos
|poke|p1|Tyranitar, F
|poke|p1|Diancie
|poke|p1|Amoonguss, F
|poke|p1|Gothitelle, F, shiny
|poke|p2|Metagross
|poke|p2|Landorus-Therian, M
|poke|p2|Keldeo-Resolute
|poke|p2|Heatran, M
|poke|p2|Breloom, M
|poke|p2|Latias, F
|rule|Swagger Clause: Swagger is banned
|rule|Baton Pass Clause: Limit one Pokémon knowing Baton Pass
|rule|Sleep Clause Mod: Limit one foe put to sleep
|rule|Species Clause: Limit one of each Pokémon
|rule|OHKO Clause: OHKO moves are banned
|rule|Moody Clause: Moody is banned
|rule|Evasion Moves Clause: Evasion moves are banned
|rule|Endless Battle Clause: Forcing endless battles is banned
|rule|HP Percentage Mod: HP is shown in percentages
|teampreview
|c|★Latiooss|wow
|c|★Latiooss|didn't expect this
|c|★mastermind15|what?
|c|★Latiooss|bulky offense\/stall
|
|start
|switch|p1a: Elizabeth|Diancie|241\/241
|switch|p2a: Landorus-Therian|Landorus-Therian, M|319\/319
|-ability|p2a: Landorus-Therian|Intimidate|[of] p1a: Elizabeth
|-fail|p1a: Elizabeth|unboost|[from] ability: Clear Body|[of] p1a: Elizabeth
|turn|1
|c|★mastermind15|lol, this is full stall
|c|★Latiooss|it could be bulky offense if you wanted
|c|★Latiooss|stall <>
|c|★Latiooss|<
|
|switch|p1a: Bill|Slowbro, M, shiny|394\/394
|move|p2a: Landorus-Therian|U-turn|p1a: Bill
|-supereffective|p1a: Bill
|-damage|p1a: Bill|268\/394
|
|switch|p2a: Breloom|Breloom, M|261\/261
|
|turn|2
|
|switch|p2a: Heatran|Heatran, M|386\/386
|switch|p1a: Penelope|Amoonguss, F|432\/432
|
|turn|3
|
|switch|p1a: Bill|Slowbro, M, shiny|394\/394
|move|p2a: Heatran|Taunt|p1a: Bill
|-start|p1a: Bill|move: Taunt
|
|turn|4
|
|move|p2a: Heatran|Stealth Rock|p1a: Bill
|-sidestart|p1: mastermind15|move: Stealth Rock
|move|p1a: Bill|Scald|p2a: Heatran
|-supereffective|p2a: Heatran
|-damage|p2a: Heatran|252\/386
|
|-heal|p2a: Heatran|276\/386|[from] item: Leftovers
|turn|5
|
|switch|p2a: Latias|Latias, F|301\/301
|move|p1a: Bill|Scald|p2a: Latias
|-resisted|p2a: Latias
|-damage|p2a: Latias|264\/301
|
|turn|6
|
|switch|p1a: Sam|Tyranitar, F|341\/341
|-damage|p1a: Sam|299\/341|[from] Stealth Rock
|-weather|Sandstorm
|move|p2a: Latias|Draco Meteor|p1a: Sam
|-damage|p1a: Sam|209\/341
|-unboost|p2a: Latias|spa|2
|-damage|p2a: Latias|234\/301|[from] item: Life Orb
|
|-weather|Sandstorm|[upkeep]
|-damage|p2a: Latias|216\/301|[from] sandstorm
|turn|7
|
|move|p2a: Latias|Healing Wish|p2a: Latias
|faint|p2a: Latias
|move|p1a: Sam|Pursuit|p2: Latias|[notarget]
|-notarget
|
|-weather|Sandstorm|[upkeep]
|c|★Latiooss|i like the nickname :]
|
|switch|p2a: Heatran|Heatran, M|276\/386
|-heal|p2a: Heatran|386\/386|[from] move: Healing Wish
|turn|8
|c|★mastermind15|thanks
|
|switch|p2a: Landorus-Therian|Landorus-Therian, M|319\/319
|-ability|p2a: Landorus-Therian|Intimidate|[of] p1a: Sam
|-unboost|p1a: Sam|atk|1
|move|p1a: Sam|Superpower|p2a: Landorus-Therian
|-resisted|p2a: Landorus-Therian
|-damage|p2a: Landorus-Therian|268\/319
|-unboost|p1a: Sam|atk|1
|-unboost|p1a: Sam|def|1
|
|-weather|Sandstorm|[upkeep]
|turn|9
|
|switch|p1a: Penelope|Amoonguss, F|432\/432
|-damage|p1a: Penelope|378\/432|[from] Stealth Rock
|move|p2a: Landorus-Therian|Knock Off|p1a: Penelope
|-damage|p1a: Penelope|251\/432
|-enditem|p1a: Penelope|Black Sludge|[from] move: Knock Off|[of] p2a: Landorus-Therian
|
|-weather|Sandstorm|[upkeep]
|-damage|p1a: Penelope|224\/432|[from] sandstorm
|turn|10
|
|switch|p2a: Breloom|Breloom, M|261\/261
|switch|p1a: Bill|Slowbro, M, shiny|394\/394
|-damage|p1a: Bill|345\/394|[from] Stealth Rock
|
|-weather|none
|turn|11
|
|switch|p1a: Penelope|Amoonguss, F|368\/432
|-damage|p1a: Penelope|314\/432|[from] Stealth Rock
|move|p2a: Breloom|Bullet Seed|p1a: Penelope
|-resisted|p1a: Penelope
|-damage|p1a: Penelope|297\/432
|-resisted|p1a: Penelope
|-damage|p1a: Penelope|281\/432
|-resisted|p1a: Penelope
|-damage|p1a: Penelope|264\/432
|-resisted|p1a: Penelope
|-damage|p1a: Penelope|247\/432
|-hitcount|p1a: Penelope|4
|
|turn|12
|
|move|p2a: Breloom|Rock Tomb|p1a: Penelope
|-damage|p1a: Penelope|137\/432
|-unboost|p1a: Penelope|spe|1
|move|p1a: Penelope|Spore|p2a: Breloom
|-fail|p2a: Breloom
|
|turn|13
|
|switch|p1a: Theresa|Gothitelle, F, shiny|281\/281
|-damage|p1a: Theresa|246\/281|[from] Stealth Rock
|move|p2a: Breloom|Rock Tomb|p1a: Theresa
|-damage|p1a: Theresa|128\/281
|-unboost|p1a: Theresa|spe|1
|
|turn|14
|
|move|p2a: Breloom|Spore|p1a: Theresa
|-status|p1a: Theresa|slp
|cant|p1a: Theresa|slp
|
|turn|15
|
|switch|p1a: Penelope|Amoonguss, F|281\/432
|-damage|p1a: Penelope|227\/432|[from] Stealth Rock
|move|p2a: Breloom|Rock Tomb|p1a: Penelope
|-crit|p1a: Penelope
|-damage|p1a: Penelope|49\/432
|-unboost|p1a: Penelope|spe|1
|
|turn|16
|
|switch|p1a: Theresa|Gothitelle, F, shiny|128\/281 slp
|-damage|p1a: Theresa|93\/281 slp|[from] Stealth Rock
|move|p2a: Breloom|Bullet Seed|p1a: Theresa
|-damage|p1a: Theresa|20\/281 slp
|-damage|p1a: Theresa|0 fnt
|-hitcount|p1a: Theresa|2
|faint|p1a: Theresa
|
|
|switch|p1a: Penelope|Amoonguss, F|193\/432
|-damage|p1a: Penelope|139\/432|[from] Stealth Rock
|turn|17
|
|move|p2a: Breloom|Rock Tomb|p1a: Penelope
|-damage|p1a: Penelope|37\/432
|-unboost|p1a: Penelope|spe|1
|move|p1a: Penelope|Clear Smog|p2a: Breloom
|-supereffective|p2a: Breloom
|-damage|p2a: Breloom|109\/261
|-clearboost|p2a: Breloom
|
|turn|18
|
|switch|p1a: Sam|Tyranitar, F|209\/341
|-damage|p1a: Sam|167\/341|[from] Stealth Rock
|-weather|Sandstorm
|move|p2a: Breloom|Rock Tomb|p1a: Sam
|-damage|p1a: Sam|66\/341
|-unboost|p1a: Sam|spe|1
|
|-weather|Sandstorm|[upkeep]
|-damage|p2a: Breloom|93\/261|[from] sandstorm
|turn|19
|
|move|p2a: Breloom|Bullet Seed|p1a: Sam
|-crit|p1a: Sam
|-supereffective|p1a: Sam
|-damage|p1a: Sam|0 fnt
|-hitcount|p1a: Sam|1
|faint|p1a: Sam
|
|-weather|Sandstorm|[upkeep]
|-damage|p2a: Breloom|77\/261|[from] sandstorm
|c|★Latiooss|the pressure is here
|
|switch|p1a: Penelope|Amoonguss, F|181\/432
|-damage|p1a: Penelope|127\/432|[from] Stealth Rock
|turn|20
|c|★Latiooss|crit
|
|switch|p2a: Metagross|Metagross|301\/301
|move|p1a: Penelope|Clear Smog|p2a: Metagross
|-immune|p2a: Metagross|[msg]
|
|-weather|Sandstorm|[upkeep]
|-damage|p1a: Penelope|100\/432|[from] sandstorm
|turn|21
|
|detailschange|p2a: Metagross|Metagross-Mega
|-mega|p2a: Metagross|Metagross|Metagrossite
|move|p2a: Metagross|Pursuit|p1a: Penelope|[from]Pursuit
|-crit|p1a: Penelope
|-damage|p1a: Penelope|0 fnt
|faint|p1a: Penelope
|
|-weather|Sandstorm|[upkeep]
|c|★Latiooss|zen
|c|★Latiooss|time
|c|★Latiooss|not bad
|c|★Latiooss|did you switch
|c|★Latiooss|?
|
|switch|p1a: Larry|Zapdos|383\/383
|-damage|p1a: Larry|288\/383|[from] Stealth Rock
|-ability|p1a: Larry|Pressure
|turn|22
|c|★mastermind15|yes
|c|★Latiooss|didn't matter than
|c|★Latiooss|then
|
|switch|p2a: Heatran|Heatran, M|386\/386
|move|p1a: Larry|Defog|p2a: Heatran
|-unboost|p2a: Heatran|evasion|1
|-sideend|p1: mastermind15|Stealth Rock|[from] move: Defog|[of] p1a: Larry
|
|-weather|none
|-heal|p1a: Larry|311\/383|[from] item: Leftovers
|turn|23
|join|Kitten.exe
|
|switch|p1a: Elizabeth|Diancie|241\/241
|move|p2a: Heatran|Stealth Rock|p1a: Elizabeth
|-sidestart|p1: mastermind15|move: Stealth Rock
|
|turn|24
|
|switch|p2a: Landorus-Therian|Landorus-Therian, M|268\/319
|-ability|p2a: Landorus-Therian|Intimidate|[of] p1a: Elizabeth
|-fail|p1a: Elizabeth|unboost|[from] ability: Clear Body|[of] p1a: Elizabeth
|detailschange|p1a: Elizabeth|Diancie-Mega
|-mega|p1a: Elizabeth|Diancie|Diancite
|move|p1a: Elizabeth|Earth Power|p2a: Landorus-Therian
|-immune|p2a: Landorus-Therian|[msg]
|
|turn|25
|c|★Latiooss|Kitten,, herrow
|
|move|p2a: Landorus-Therian|Earthquake|p1a: Elizabeth
|-supereffective|p1a: Elizabeth
|-damage|p1a: Elizabeth|0 fnt
|faint|p1a: Elizabeth
|
|c| Kitten.exe|Hi
|c|★mastermind15|gg
|c|★Latiooss|gg
|-message|mastermind15 forfeited.
|leave|mastermind15
|
|win|Latiooss
|leave|Kitten.exe
|player|p1