|join|aaaaallen
|join|noggah
|player|p1|aaaaallen|25
|player|p2|noggah|272
|gametype|singles
|gen|6
|tier|OU
|rated
|clearpoke
|poke|p1|Heatran, F
|poke|p1|Latias, F
|poke|p1|Azumarill, M
|poke|p1|Landorus-Therian, M
|poke|p1|Lopunny, F
|poke|p1|Bisharp, F
|poke|p2|Lopunny, F
|poke|p2|Skarmory, M
|poke|p2|Breloom, M
|poke|p2|Azumarill, M
|poke|p2|Bisharp, F
|poke|p2|Gengar, M
|rule|Swagger Clause: Swagger is banned
|rule|Baton Pass Clause: Limit one Pokémon knowing Baton Pass
|rule|Sleep Clause Mod: Limit one foe put to sleep
|rule|Species Clause: Limit one of each Pokémon
|rule|OHKO Clause: OHKO moves are banned
|rule|Moody Clause: Moody is banned
|rule|Evasion Moves Clause: Evasion moves are banned
|rule|Endless Battle Clause: Forcing endless battles is banned
|rule|HP Percentage Mod: HP is shown in percentages
|teampreview
|
|start
|switch|p1a: Bisharp|Bisharp, F|271\/271
|switch|p2a: Skarmory|Skarmory, M|271\/271
|turn|1
|
|move|p2a: Skarmory|Stealth Rock|p1a: Bisharp
|-sidestart|p1: aaaaallen|move: Stealth Rock
|move|p1a: Bisharp|Knock Off|p2a: Skarmory
|-damage|p2a: Skarmory|102\/271
|-enditem|p2a: Skarmory|Salac Berry|[from] move: Knock Off|[of] p1a: Bisharp
|-damage|p1a: Bisharp|244\/271|[from] item: Life Orb
|
|turn|2
|
|move|p2a: Skarmory|Spikes|p1a: Bisharp
|-sidestart|p1: aaaaallen|Spikes
|move|p1a: Bisharp|Knock Off|p2a: Skarmory
|-damage|p2a: Skarmory|0 fnt
|-damage|p1a: Bisharp|217\/271|[from] item: Life Orb
|faint|p2a: Skarmory
|
|
|switch|p2a: Breloom|Breloom, M|261\/261
|turn|3
|
|move|p2a: Breloom|Mach Punch|p1a: Bisharp
|-supereffective|p1a: Bisharp
|-damage|p1a: Bisharp|0 fnt
|faint|p1a: Bisharp
|
|
|switch|p1a: Latias|Latias, F|319\/319
|-damage|p1a: Latias|280\/319|[from] Stealth Rock
|turn|4
|
|switch|p2a: Bisharp|Bisharp, F|272\/272
|move|p1a: Latias|Defog|p2a: Bisharp
|-unboost|p2a: Bisharp|evasion|1
|-boost|p2a: Bisharp|atk|2|[from] ability: Defiant
|-sideend|p1: aaaaallen|Spikes|[from] move: Defog|[of] p1a: Latias
|-sideend|p1: aaaaallen|Stealth Rock|[from] move: Defog|[of] p1a: Latias
|
|turn|5
|
|switch|p1a: Azumarill|Azumarill, M|401\/401
|move|p2a: Bisharp|Knock Off|p1a: Azumarill
|-resisted|p1a: Azumarill
|-damage|p1a: Azumarill|109\/401
|-enditem|p1a: Azumarill|Assault Vest|[from] move: Knock Off|[of] p2a: Bisharp
|-damage|p2a: Bisharp|245\/272|[from] item: Life Orb
|
|turn|6
|
|move|p1a: Azumarill|Aqua Jet|p2a: Bisharp
|-damage|p2a: Bisharp|155\/272
|move|p2a: Bisharp|Iron Head|p1a: Azumarill
|-damage|p1a: Azumarill|0 fnt
|-damage|p2a: Bisharp|128\/272|[from] item: Life Orb
|faint|p1a: Azumarill
|
|
|switch|p1a: Lopunny|Lopunny, F|271\/271
|turn|7
|
|detailschange|p1a: Lopunny|Lopunny-Mega, F
|-mega|p1a: Lopunny|Lopunny|Lopunnite
|move|p1a: Lopunny|Fake Out|p2a: Bisharp
|-resisted|p2a: Bisharp
|-damage|p2a: Bisharp|92\/272
|cant|p2a: Bisharp|flinch
|
|turn|8
|
|move|p1a: Lopunny|Drain Punch|p2a: Bisharp
|-supereffective|p2a: Bisharp
|-damage|p2a: Bisharp|0 fnt
|faint|p2a: Bisharp
|
|
|switch|p2a: Breloom|Breloom, M|261\/261
|turn|9
|
|switch|p1a: Landorus-Therian|Landorus-Therian, M|382\/382
|-ability|p1a: Landorus-Therian|Intimidate|[of] p2a: Breloom
|-unboost|p2a: Breloom|atk|1
|move|p2a: Breloom|Rock Tomb|p1a: Landorus-Therian
|-damage|p1a: Landorus-Therian|328\/382
|-unboost|p1a: Landorus-Therian|spe|1
|
|-heal|p1a: Landorus-Therian|351\/382|[from] item: Leftovers
|turn|10
|
|move|p2a: Breloom|Spore|p1a: Landorus-Therian
|-status|p1a: Landorus-Therian|slp
|cant|p1a: Landorus-Therian|slp
|
|-heal|p1a: Landorus-Therian|374\/382 slp|[from] item: Leftovers
|turn|11
|
|switch|p2a: Azumarill|Azumarill, M|358\/358
|cant|p1a: Landorus-Therian|slp
|
|-heal|p1a: Landorus-Therian|382\/382 slp|[from] item: Leftovers
|turn|12
|
|move|p2a: Azumarill|Knock Off|p1a: Landorus-Therian
|-damage|p1a: Landorus-Therian|274\/382 slp
|-enditem|p1a: Landorus-Therian|Leftovers|[from] move: Knock Off|[of] p2a: Azumarill
|-curestatus|p1a: Landorus-Therian|slp
|move|p1a: Landorus-Therian|Stealth Rock|p2a: Azumarill
|-sidestart|p2: noggah|move: Stealth Rock
|
|turn|13
|
|move|p2a: Azumarill|Aqua Jet|p1a: Landorus-Therian
|-supereffective|p1a: Landorus-Therian
|-damage|p1a: Landorus-Therian|148\/382
|move|p1a: Landorus-Therian|Stone Edge|p2a: Azumarill
|-damage|p2a: Azumarill|227\/358
|
|turn|14
|
|switch|p1a: Latias|Latias, F|280\/319
|move|p2a: Azumarill|Knock Off|p1a: Latias
|-supereffective|p1a: Latias
|-damage|p1a: Latias|0 fnt
|-enditem|p1a: Latias|Life Orb|[from] move: Knock Off|[of] p2a: Azumarill
|faint|p1a: Latias
|
|
|switch|p1a: Lopunny|Lopunny-Mega, F|271\/271
|turn|15
|
|move|p1a: Lopunny|Fake Out|p2a: Azumarill
|-damage|p2a: Azumarill|139\/358
|-enditem|p2a: Azumarill|Sitrus Berry|[eat]
|-heal|p2a: Azumarill|228\/358|[from] item: Sitrus Berry
|cant|p2a: Azumarill|flinch
|
|turn|16
|
|switch|p1a: Landorus-Therian|Landorus-Therian, M|148\/382
|-ability|p1a: Landorus-Therian|Intimidate|[of] p2a: Azumarill
|-unboost|p2a: Azumarill|atk|1
|move|p2a: Azumarill|Aqua Jet|p1a: Landorus-Therian
|-supereffective|p1a: Landorus-Therian
|-damage|p1a: Landorus-Therian|64\/382
|
|turn|17
|
|move|p2a: Azumarill|Aqua Jet|p1a: Landorus-Therian
|-crit|p1a: Landorus-Therian
|-supereffective|p1a: Landorus-Therian
|-damage|p1a: Landorus-Therian|0 fnt
|faint|p1a: Landorus-Therian
|
|
|switch|p1a: Lopunny|Lopunny-Mega, F|271\/271
|turn|18
|
|move|p1a: Lopunny|Fake Out|p2a: Azumarill
|-damage|p2a: Azumarill|147\/358
|cant|p2a: Azumarill|flinch
|
|turn|19
|
|move|p2a: Azumarill|Aqua Jet|p1a: Lopunny
|-damage|p1a: Lopunny|204\/271
|move|p1a: Lopunny|Return|p2a: Azumarill
|-crit|p2a: Azumarill
|-damage|p2a: Azumarill|0 fnt
|faint|p2a: Azumarill
|
|
|switch|p2a: Breloom|Breloom, M|261\/261
|-damage|p2a: Breloom|245\/261|[from] Stealth Rock
|turn|20
|
|move|p2a: Breloom|Mach Punch|p1a: Lopunny
|-supereffective|p1a: Lopunny
|-damage|p1a: Lopunny|0 fnt
|faint|p1a: Lopunny
|
|
|switch|p1a: Heatran|Heatran, F|323\/323
|turn|21
|
|move|p2a: Breloom|Mach Punch|p1a: Heatran
|-supereffective|p1a: Heatran
|-damage|p1a: Heatran|125\/323
|move|p1a: Heatran|Overheat|p2a: Breloom
|-supereffective|p2a: Breloom
|-damage|p2a: Breloom|0 fnt
|-unboost|p1a: Heatran|spa|2
|faint|p2a: Breloom
|
|
|switch|p2a: Lopunny|Lopunny, F|271\/271
|-damage|p2a: Lopunny|238\/271|[from] Stealth Rock
|turn|22
|
|detailschange|p2a: Lopunny|Lopunny-Mega, F
|-mega|p2a: Lopunny|Lopunny|Lopunnite
|move|p2a: Lopunny|Fake Out|p1a: Heatran
|-resisted|p1a: Heatran
|-damage|p1a: Heatran|89\/323
|cant|p1a: Heatran|flinch
|
|turn|23
|
|move|p2a: Lopunny|High Jump Kick|p1a: Heatran
|-supereffective|p1a: Heatran
|-damage|p1a: Heatran|0 fnt
|faint|p1a: Heatran
|
|win|noggah
|raw|Ladder updating...
|raw|aaaaallen's rating: 1305 &rarr; <strong>1282<\/strong><br \/>(-23 for losing)
|raw|noggah's rating: 1259 &rarr; <strong>1287<\/strong><br \/>(+28 for winning)
|leave|noggah
|player|p2