|join|CleanerThanRotom-W
|join|Adirat_cuz_Negat
|player|p1|CleanerThanRotom-W|226
|player|p2|Adirat_cuz_Negat|246
|gametype|singles
|gen|6
|tier|OU
|rated
|clearpoke
|poke|p1|Sableye, M
|poke|p1|Chansey, F
|poke|p1|Cresselia, F
|poke|p1|Gothitelle, F
|poke|p1|Skarmory, M
|poke|p1|Quagsire, F
|poke|p2|Beedrill, M
|poke|p2|Magnezone
|poke|p2|Talonflame, M
|poke|p2|Celebi
|poke|p2|Starmie
|poke|p2|Landorus-Therian, M
|rule|Swagger Clause: Swagger is banned
|rule|Baton Pass Clause: Limit one Pokémon knowing Baton Pass
|rule|Sleep Clause Mod: Limit one foe put to sleep
|rule|Species Clause: Limit one of each Pokémon
|rule|OHKO Clause: OHKO moves are banned
|rule|Moody Clause: Moody is banned
|rule|Evasion Moves Clause: Evasion moves are banned
|rule|Endless Battle Clause: Forcing endless battles is banned
|rule|HP Percentage Mod: HP is shown in percentages
|teampreview
|
|start
|switch|p1a: Sableye|Sableye, M|303\/303
|switch|p2a: Celebi|Celebi|359\/359
|turn|1
|
|detailschange|p1a: Sableye|Sableye-Mega, M
|-mega|p1a: Sableye|Sableye|Sablenite
|move|p2a: Celebi|Swords Dance|p2a: Celebi
|-boost|p2a: Celebi|atk|2
|move|p1a: Sableye|Snarl|p2a: Celebi
|-supereffective|p2a: Celebi
|-damage|p2a: Celebi|243\/359
|-unboost|p2a: Celebi|spa|1
|
|-heal|p2a: Celebi|265\/359|[from] item: Leftovers
|turn|2
|
|switch|p1a: Skarmory|Skarmory, M|334\/334
|move|p2a: Celebi|Seed Bomb|p1a: Skarmory
|-resisted|p1a: Skarmory
|-damage|p1a: Skarmory|301\/334
|
|-heal|p2a: Celebi|287\/359|[from] item: Leftovers
|turn|3
|
|move|p2a: Celebi|Zen Headbutt|p1a: Skarmory|[miss]
|-miss|p2a: Celebi|p1a: Skarmory
|move|p1a: Skarmory|Spikes|p2a: Celebi
|-sidestart|p2: Adirat_cuz_Negat|Spikes
|
|-heal|p2a: Celebi|309\/359|[from] item: Leftovers
|turn|4
|
|switch|p1a: Cresselia|Cresselia, F|444\/444
|move|p2a: Celebi|Swords Dance|p2a: Celebi
|-boost|p2a: Celebi|atk|2
|
|-heal|p2a: Celebi|331\/359|[from] item: Leftovers
|turn|5
|
|move|p2a: Celebi|Seed Bomb|p1a: Cresselia
|-damage|p1a: Cresselia|182\/444
|move|p1a: Cresselia|Toxic|p2a: Celebi
|-status|p2a: Celebi|tox
|
|-heal|p2a: Celebi|353\/359 tox|[from] item: Leftovers
|-heal|p1a: Cresselia|209\/444|[from] item: Leftovers
|-damage|p2a: Celebi|331\/359 tox|[from] psn
|turn|6
|
|switch|p1a: Skarmory|Skarmory, M|301\/334
|move|p2a: Celebi|Seed Bomb|p1a: Skarmory
|-resisted|p1a: Skarmory
|-damage|p1a: Skarmory|252\/334
|
|-heal|p2a: Celebi|353\/359 tox|[from] item: Leftovers
|-damage|p2a: Celebi|309\/359 tox|[from] psn
|turn|7
|
|move|p2a: Celebi|Zen Headbutt|p1a: Skarmory
|-resisted|p1a: Skarmory
|-damage|p1a: Skarmory|156\/334
|cant|p1a: Skarmory|flinch
|
|-heal|p2a: Celebi|331\/359 tox|[from] item: Leftovers
|-damage|p2a: Celebi|265\/359 tox|[from] psn
|turn|8
|
|move|p2a: Celebi|Baton Pass|p2a: Celebi
|
|switch|p2a: Magnezone|Magnezone|281\/281
|-damage|p2a: Magnezone|246\/281|[from] Spikes
|move|p1a: Skarmory|Roost|p1a: Skarmory
|-heal|p1a: Skarmory|323\/334
|
|turn|9
|
|switch|p1a: Quagsire|Quagsire, F|393\/393
|move|p2a: Magnezone|Volt Switch|p1a: Quagsire
|-immune|p1a: Quagsire|[msg]
|
|turn|10
|
|switch|p2a: Landorus-Therian|Landorus-Therian, M|368\/368
|-ability|p2a: Landorus-Therian|Intimidate|[of] p1a: Quagsire
|-unboost|p1a: Quagsire|atk|1
|switch|p1a: Gothitelle|Gothitelle, F|301\/301
|
|turn|11
|
|switch|p1a: Skarmory|Skarmory, M|323\/334
|move|p2a: Landorus-Therian|Knock Off|p1a: Skarmory
|-damage|p1a: Skarmory|262\/334
|-enditem|p1a: Skarmory|Shed Shell|[from] move: Knock Off|[of] p2a: Landorus-Therian
|
|turn|12
|
|switch|p1a: Quagsire|Quagsire, F|393\/393
|move|p2a: Landorus-Therian|U-turn|p1a: Quagsire
|-damage|p1a: Quagsire|333\/393
|
|switch|p2a: Celebi|Celebi|265\/359
|-damage|p2a: Celebi|221\/359|[from] Spikes
|
|-heal|p2a: Celebi|243\/359|[from] item: Leftovers
|-heal|p1a: Quagsire|357\/393|[from] item: Leftovers
|turn|13
|
|switch|p1a: Gothitelle|Gothitelle, F|301\/301
|move|p2a: Celebi|Baton Pass|p2a: Celebi
|
|switch|p2a: Beedrill|Beedrill, M|271\/271
|-damage|p2a: Beedrill|238\/271|[from] Spikes
|
|turn|14
|
|detailschange|p2a: Beedrill|Beedrill-Mega, M
|-mega|p2a: Beedrill|Beedrill|Beedrillite
|move|p2a: Beedrill|Protect|p2a: Beedrill
|-singleturn|p2a: Beedrill|Protect
|move|p1a: Gothitelle|Psychic|p2a: Beedrill
|-activate|p2a: Beedrill|Protect
|
|turn|15
|
|switch|p1a: Chansey|Chansey, F|703\/703
|move|p2a: Beedrill|U-turn|p1a: Chansey
|-damage|p1a: Chansey|465\/703
|
|switch|p2a: Landorus-Therian|Landorus-Therian, M|368\/368
|-ability|p2a: Landorus-Therian|Intimidate|[of] p1a: Chansey
|-unboost|p1a: Chansey|atk|1
|
|turn|16
|
|move|p2a: Landorus-Therian|U-turn|p1a: Chansey
|-damage|p1a: Chansey|353\/703
|
|switch|p2a: Beedrill|Beedrill-Mega, M|238\/271
|-damage|p2a: Beedrill|205\/271|[from] Spikes
|move|p1a: Chansey|Stealth Rock|p2a: Beedrill
|-sidestart|p2: Adirat_cuz_Negat|move: Stealth Rock
|
|turn|17
|
|move|p2a: Beedrill|Poison Jab|p1a: Chansey
|-damage|p1a: Chansey|77\/703
|move|p1a: Chansey|Soft-Boiled|p1a: Chansey
|-heal|p1a: Chansey|429\/703
|
|turn|18
|
|move|p2a: Beedrill|Poison Jab|p1a: Chansey
|-damage|p1a: Chansey|153\/703
|-status|p1a: Chansey|psn
|move|p1a: Chansey|Soft-Boiled|p1a: Chansey
|-heal|p1a: Chansey|505\/703 psn
|
|-damage|p1a: Chansey|418\/703 psn|[from] psn
|turn|19
|
|switch|p1a: Skarmory|Skarmory, M|262\/334
|move|p2a: Beedrill|Poison Jab|p1a: Skarmory
|-immune|p1a: Skarmory|[msg]
|
|turn|20
|
|move|p2a: Beedrill|U-turn|p1a: Skarmory
|-crit|p1a: Skarmory
|-resisted|p1a: Skarmory
|-damage|p1a: Skarmory|222\/334
|
|switch|p2a: Magnezone|Magnezone|246\/281
|-damage|p2a: Magnezone|211\/281|[from] Spikes
|-damage|p2a: Magnezone|194\/281|[from] Stealth Rock
|move|p1a: Skarmory|Spikes|p2a: Magnezone
|-sidestart|p2: Adirat_cuz_Negat|Spikes
|
|turn|21
|
|move|p2a: Magnezone|Volt Switch|p1a: Skarmory
|-supereffective|p1a: Skarmory
|-damage|p1a: Skarmory|0 fnt
|faint|p1a: Skarmory
|
|switch|p2a: Beedrill|Beedrill-Mega, M|205\/271
|-damage|p2a: Beedrill|160\/271|[from] Spikes
|-damage|p2a: Beedrill|93\/271|[from] Stealth Rock
|
|
|switch|p1a: Quagsire|Quagsire, F|357\/393
|turn|22
|
|move|p2a: Beedrill|U-turn|p1a: Quagsire
|-damage|p1a: Quagsire|205\/393
|
|switch|p2a: Starmie|Starmie|259\/259
|-damage|p2a: Starmie|216\/259|[from] Spikes
|-damage|p2a: Starmie|184\/259|[from] Stealth Rock
|move|p1a: Quagsire|Recover|p1a: Quagsire
|-heal|p1a: Quagsire|393\/393
|
|turn|23
|
|switch|p1a: Sableye|Sableye-Mega, M|303\/303
|move|p2a: Starmie|Hydro Pump|p1a: Sableye
|-damage|p1a: Sableye|107\/303
|-damage|p2a: Starmie|159\/259|[from] item: Life Orb
|
|turn|24
|
|switch|p1a: Chansey|Chansey, F|418\/703
|move|p2a: Starmie|Hydro Pump|p1a: Chansey
|-damage|p1a: Chansey|230\/703
|-damage|p2a: Starmie|134\/259|[from] item: Life Orb
|
|turn|25
|
|switch|p1a: Sableye|Sableye-Mega, M|107\/303
|move|p2a: Starmie|Rapid Spin|p1a: Sableye
|-immune|p1a: Sableye|[msg]
|
|turn|26
|
|switch|p1a: Cresselia|Cresselia, F|209\/444
|move|p2a: Starmie|Hydro Pump|p1a: Cresselia
|-crit|p1a: Cresselia
|-damage|p1a: Cresselia|0 fnt
|-damage|p2a: Starmie|109\/259|[from] item: Life Orb
|faint|p1a: Cresselia
|
|
|switch|p1a: Gothitelle|Gothitelle, F|301\/301
|turn|27
|
|move|p2a: Starmie|Rapid Spin|p1a: Gothitelle
|-damage|p1a: Gothitelle|285\/301
|-sideend|p2: Adirat_cuz_Negat|Spikes|[from] move: Rapid Spin|[of] p2a: Starmie
|-sideend|p2: Adirat_cuz_Negat|Stealth Rock|[from] move: Rapid Spin|[of] p2a: Starmie
|-damage|p2a: Starmie|84\/259|[from] item: Life Orb
|move|p1a: Gothitelle|Trick|p2a: Starmie
|-activate|p1a: Gothitelle|move: Trick|[of] p2a: Starmie
|-item|p2a: Starmie|Choice Scarf|[from] move: Trick
|-item|p1a: Gothitelle|Life Orb|[from] move: Trick
|
|turn|28
|
|move|p2a: Starmie|Hydro Pump|p1a: Gothitelle
|-damage|p1a: Gothitelle|131\/301
|move|p1a: Gothitelle|Psychic|p2a: Starmie
|-resisted|p2a: Starmie
|-damage|p2a: Starmie|0 fnt
|-damage|p1a: Gothitelle|101\/301|[from] item: Life Orb
|faint|p2a: Starmie
|
|
|switch|p2a: Beedrill|Beedrill-Mega, M|93\/271
|turn|29
|
|switch|p1a: Sableye|Sableye-Mega, M|107\/303
|move|p2a: Beedrill|U-turn|p1a: Sableye
|-damage|p1a: Sableye|0 fnt
|faint|p1a: Sableye
|
|switch|p2a: Celebi|Celebi|243\/359
|
|-heal|p2a: Celebi|265\/359|[from] item: Leftovers
|
|switch|p1a: Gothitelle|Gothitelle, F|101\/301
|turn|30
|
|move|p2a: Celebi|Seed Bomb|p1a: Gothitelle
|-damage|p1a: Gothitelle|0 fnt
|faint|p1a: Gothitelle
|
|-heal|p2a: Celebi|287\/359|[from] item: Leftovers
|
|switch|p1a: Chansey|Chansey, F|230\/703
|turn|31
|
|move|p2a: Celebi|Swords Dance|p2a: Celebi
|-boost|p2a: Celebi|atk|2
|move|p1a: Chansey|Soft-Boiled|p1a: Chansey
|-heal|p1a: Chansey|582\/703
|
|-heal|p2a: Celebi|309\/359|[from] item: Leftovers
|turn|32
|
|move|p2a: Celebi|Swords Dance|p2a: Celebi
|-boost|p2a: Celebi|atk|2
|move|p1a: Chansey|Stealth Rock|p2a: Celebi
|-sidestart|p2: Adirat_cuz_Negat|move: Stealth Rock
|
|-heal|p2a: Celebi|331\/359|[from] item: Leftovers
|turn|33
|-message|CleanerThanRotom-W forfeited.
|
|move|p2a: Celebi|Zen Headbutt|p1a: Chansey
|-crit|p1a: Chansey
|-damage|p1a: Chansey|0 fnt
|faint|p1a: Chansey
|
|-heal|p2a: Celebi|353\/359|[from] item: Leftovers
|leave|CleanerThanRotom-W
|
|win|Adirat_cuz_Negat
|raw|Ladder updating...
|player|p1