|join|SmashBrosBrawl
|join|DONGER MANAGEMENT
|player|p1|SmashBrosBrawl|265
|player|p2|DONGER MANAGEMENT|171
|gametype|singles
|gen|6
|tier|UU
|rule|Sleep Clause Mod: Limit one foe put to sleep
|rule|Species Clause: Limit one of each Pokémon
|rule|OHKO Clause: OHKO moves are banned
|rule|Moody Clause: Moody is banned
|rule|Evasion Moves Clause: Evasion moves are banned
|rule|Endless Battle Clause: Forcing endless battles is banned
|rule|HP Percentage Mod: HP is shown in percentages
|clearpoke
|poke|p1|Gallade, M
|poke|p1|Suicune
|poke|p1|Jirachi
|poke|p1|Whimsicott, M
|poke|p1|Raikou
|poke|p1|Nidoqueen, F
|poke|p2|Beedrill, M
|poke|p2|Magneton
|poke|p2|Hydreigon, M
|poke|p2|Swampert, F
|poke|p2|Virizion
|poke|p2|Crobat, M
|rule|Swagger Clause: Swagger is banned
|rule|Baton Pass Clause: Limit one Pokémon knowing Baton Pass
|teampreview
|join|THE_iTodd
|c|★SmashBrosBrawl|todd
|c| THE_iTodd|hi
|c|★SmashBrosBrawl|help me here
|c| THE_iTodd|oh
|c|★DONGER MANAGEMENT|i'm telling meruu
|join|sniperaim
|c| THE_iTodd|wht happened
|join|So Dynamic
|join|Gay Otter
|join|AnglesEverywhere
|
|start
|switch|p1a: Nidoqueen|Nidoqueen, F|327\/327
|switch|p2a: Swampert|Swampert, F|401\/401
|turn|1
|
|move|p1a: Nidoqueen|Earth Power|p2a: Swampert
|-damage|p2a: Swampert|162\/401
|move|p2a: Swampert|Earthquake|p1a: Nidoqueen
|-supereffective|p1a: Nidoqueen
|-damage|p1a: Nidoqueen|27\/327
|
|-heal|p2a: Swampert|187\/401|[from] item: Leftovers
|turn|2
|join|watfor
|
|move|p1a: Nidoqueen|Stealth Rock|p2a: Swampert
|-sidestart|p2: DONGER MANAGEMENT|move: Stealth Rock
|move|p2a: Swampert|Stealth Rock|p1a: Nidoqueen
|-sidestart|p1: SmashBrosBrawl|move: Stealth Rock
|
|-heal|p2a: Swampert|212\/401|[from] item: Leftovers
|turn|3
|
|move|p1a: Nidoqueen|Earth Power|p2a: Swampert
|-damage|p2a: Swampert|0 fnt
|faint|p2a: Swampert
|
|
|switch|p2a: Beedrill|Beedrill, M|271\/271
|-damage|p2a: Beedrill|204\/271|[from] Stealth Rock
|turn|4
|
|detailschange|p2a: Beedrill|Beedrill-Mega, M
|message|Beedrill has Mega Evolved into Mega Beedrill!
|move|p2a: Beedrill|Knock Off|p1a: Nidoqueen
|-damage|p1a: Nidoqueen|0 fnt
|-enditem|p1a: Nidoqueen|Life Orb|[from] move: Knock Off|[of] p2a: Beedrill
|faint|p1a: Nidoqueen
|
|
|switch|p1a: Suicune|Suicune|356\/356
|-damage|p1a: Suicune|312\/356|[from] Stealth Rock
|-ability|p1a: Suicune|Pressure
|turn|5
|
|move|p2a: Beedrill|U-turn|p1a: Suicune
|-damage|p1a: Suicune|134\/356
|
|switch|p2a: Virizion|Virizion|323\/323
|-damage|p2a: Virizion|303\/323|[from] Stealth Rock
|move|p1a: Suicune|Tailwind|p1a: Suicune
|-sidestart|p1: SmashBrosBrawl|move: Tailwind
|
|-heal|p1a: Suicune|156\/356|[from] item: Leftovers
|turn|6
|
|switch|p1a: Whimsicott|Whimsicott, M|261\/261
|-damage|p1a: Whimsicott|229\/261|[from] Stealth Rock
|switch|p2a: Magneton|Magneton|261\/261
|-damage|p2a: Magneton|245\/261|[from] Stealth Rock
|
|turn|7
|join|4trackboy
|
|switch|p1a: Raikou|Raikou|321\/321
|-damage|p1a: Raikou|281\/321|[from] Stealth Rock
|-ability|p1a: Raikou|Pressure
|move|p2a: Magneton|Flash Cannon|p1a: Raikou
|-resisted|p1a: Raikou
|-damage|p1a: Raikou|209\/321
|
|turn|8
|
|move|p1a: Raikou|Thunderbolt|p2a: Magneton
|-resisted|p2a: Magneton
|-damage|p2a: Magneton|166\/261
|-damage|p1a: Raikou|177\/321|[from] item: Life Orb
|move|p2a: Magneton|Volt Switch|p1a: Raikou
|-crit|p1a: Raikou
|-resisted|p1a: Raikou
|-damage|p1a: Raikou|86\/321
|join|Moniker
|c|★SmashBrosBrawl|wtf is that eviolite
|c|★SmashBrosBrawl|rofl
|
|switch|p2a: Beedrill|Beedrill-Mega, M|204\/271
|-damage|p2a: Beedrill|137\/271|[from] Stealth Rock
|
|-sideend|p1: SmashBrosBrawl|move: Tailwind
|turn|9
|join|Starmie Sweep
|
|move|p2a: Beedrill|U-turn|p1a: Raikou
|-damage|p1a: Raikou|0 fnt
|faint|p1a: Raikou
|
|switch|p2a: Crobat|Crobat, M|321\/321
|-damage|p2a: Crobat|241\/321|[from] Stealth Rock
|
|-heal|p2a: Crobat|261\/321|[from] item: Black Sludge
|
|switch|p1a: Jirachi|Jirachi|341\/341
|-damage|p1a: Jirachi|320\/341|[from] Stealth Rock
|turn|10
|c| Starmie Sweep|Bulky Magneton, best Magneton.
|
|move|p1a: Jirachi|Iron Head|p2a: Crobat
|-damage|p2a: Crobat|113\/321
|move|p2a: Crobat|Roost|p2a: Crobat
|-heal|p2a: Crobat|274\/321
|
|-heal|p2a: Crobat|294\/321|[from] item: Black Sludge
|turn|11
|
|switch|p2a: Magneton|Magneton|166\/261
|-damage|p2a: Magneton|150\/261|[from] Stealth Rock
|move|p1a: Jirachi|Iron Head|p2a: Magneton
|-resisted|p2a: Magneton
|-damage|p2a: Magneton|130\/261
|
|turn|12
|
|move|p1a: Jirachi|Iron Head|p2a: Magneton
|-resisted|p2a: Magneton
|-damage|p2a: Magneton|110\/261
|move|p2a: Magneton|Thunderbolt|p1a: Jirachi
|-damage|p1a: Jirachi|146\/341
|
|turn|13
|join|Fluvial
|
|move|p1a: Jirachi|Iron Head|p2a: Magneton
|-resisted|p2a: Magneton
|-damage|p2a: Magneton|88\/261
|cant|p2a: Magneton|flinch
|
|turn|14
|
|move|p1a: Jirachi|Iron Head|p2a: Magneton
|-resisted|p2a: Magneton
|-damage|p2a: Magneton|66\/261
|move|p2a: Magneton|Thunderbolt|p1a: Jirachi
|-crit|p1a: Jirachi
|-damage|p1a: Jirachi|0 fnt
|faint|p1a: Jirachi
|
|
|switch|p1a: Suicune|Suicune|156\/356
|-damage|p1a: Suicune|112\/356|[from] Stealth Rock
|-ability|p1a: Suicune|Pressure
|turn|15
|join|Last Earth
|
|move|p1a: Suicune|Hydro Pump|p2a: Magneton
|-damage|p2a: Magneton|0 fnt
|faint|p2a: Magneton
|
|-heal|p1a: Suicune|134\/356|[from] item: Leftovers
|
|switch|p2a: Crobat|Crobat, M|294\/321
|-damage|p2a: Crobat|214\/321|[from] Stealth Rock
|turn|16
|
|move|p2a: Crobat|Brave Bird|p1a: Suicune
|-damage|p1a: Suicune|0 fnt
|-damage|p2a: Crobat|170\/321|[from] recoil|[of] p1a: Suicune
|faint|p1a: Suicune
|
|-heal|p2a: Crobat|190\/321|[from] item: Black Sludge
|
|switch|p1a: Whimsicott|Whimsicott, M|229\/261
|-damage|p1a: Whimsicott|197\/261|[from] Stealth Rock
|turn|17
|
|move|p1a: Whimsicott|Tailwind|p1a: Whimsicott
|-sidestart|p1: SmashBrosBrawl|move: Tailwind
|move|p2a: Crobat|Roost|p2a: Crobat
|-heal|p2a: Crobat|321\/321
|
|turn|18
|
|switch|p2a: Virizion|Virizion|303\/323
|-damage|p2a: Virizion|283\/323|[from] Stealth Rock
|move|p1a: Whimsicott|Memento|p2a: Virizion
|-unboost|p2a: Virizion|atk|2
|-unboost|p2a: Virizion|spa|2
|faint|p1a: Whimsicott
|
|
|switch|p1a: Gallade|Gallade, M|277\/277
|-damage|p1a: Gallade|260\/277|[from] Stealth Rock
|turn|19
|
|detailschange|p1a: Gallade|Gallade-Mega, M
|message|Gallade has Mega Evolved into Mega Gallade!
|move|p1a: Gallade|Zen Headbutt|p2a: Virizion
|-supereffective|p2a: Virizion
|-damage|p2a: Virizion|0 fnt
|faint|p2a: Virizion
|
|
|switch|p2a: Hydreigon|Hydreigon, M|325\/325
|-damage|p2a: Hydreigon|285\/325|[from] Stealth Rock
|turn|20
|
|move|p1a: Gallade|Close Combat|p2a: Hydreigon
|-supereffective|p2a: Hydreigon
|-damage|p2a: Hydreigon|0 fnt
|-unboost|p1a: Gallade|def|1
|-unboost|p1a: Gallade|spd|1
|faint|p2a: Hydreigon
|
|-sideend|p1: SmashBrosBrawl|move: Tailwind
|
|switch|p2a: Beedrill|Beedrill-Mega, M|137\/271
|-damage|p2a: Beedrill|70\/271|[from] Stealth Rock
|turn|21
|
|move|p2a: Beedrill|Poison Jab|p1a: Gallade
|-damage|p1a: Gallade|0 fnt
|faint|p1a: Gallade
|
|win|DONGER MANAGEMENT