|join|Gerald Eugene III
|join|DONGER MANAGEMENT
|player|p1|Gerald Eugene III|203
|player|p2|DONGER MANAGEMENT|171
|gametype|singles
|gen|6
|tier|UU
|rule|Sleep Clause Mod: Limit one foe put to sleep
|rule|Species Clause: Limit one of each Pokémon
|rule|OHKO Clause: OHKO moves are banned
|rule|Moody Clause: Moody is banned
|rule|Evasion Moves Clause: Evasion moves are banned
|rule|Endless Battle Clause: Forcing endless battles is banned
|rule|HP Percentage Mod: HP is shown in percentages
|clearpoke
|poke|p1|Forretress, F
|poke|p1|Whimsicott, F
|poke|p1|Swampert, F
|poke|p1|Lucario, M
|poke|p1|Rotom-Heat
|poke|p1|Lopunny, F
|poke|p2|Beedrill, F
|poke|p2|Magneton
|poke|p2|Hydreigon, F
|poke|p2|Swampert, M
|poke|p2|Virizion
|poke|p2|Crobat, M
|rule|Swagger Clause: Swagger is banned
|rule|Baton Pass Clause: Limit one Pokémon knowing Baton Pass
|teampreview
|join|PLOF
|join|SmashBrosBrawl
|join|Last Earth
|join|DrReuniclus3
|join|Frickett
|join|watfor
|join|Fluvial
|join|Moniker
|join|Selphiel
|c|+SmashBrosBrawl|if u lose with this ebola voltturn i dont even
|c|★Gerald Eugene III|glhf
|join|VivifiedVoltage
|c|★DONGER MANAGEMENT|hf
|join|britneybaby
|join|0kay
|join|Living Proof
|join|THE_iTodd
|join|SecretlyaBidoof
|
|start
|switch|p1a: Swampert|Swampert, F|404\/404
|switch|p2a: Crobat|Crobat, M|321\/321
|turn|1
|c| THE_iTodd|>hf
|c| THE_iTodd|>glhf
|
|move|p2a: Crobat|Taunt|p1a: Swampert
|-start|p1a: Swampert|move: Taunt
|cant|p1a: Swampert|move: Taunt|Stealth Rock
|
|turn|2
|c| THE_iTodd|fukn nice
|
|switch|p1a: Rotom-Heat|Rotom-Heat|304\/304
|move|p2a: Crobat|U-turn|p1a: Rotom-Heat
|-resisted|p1a: Rotom-Heat
|-damage|p1a: Rotom-Heat|275\/304
|c| THE_iTodd|i hope you get haxed
|c|+SmashBrosBrawl|not even scald
|
|switch|p2a: Hydreigon|Hydreigon, F|325\/325
|
|-heal|p1a: Rotom-Heat|294\/304|[from] item: Leftovers
|turn|3
|join|CoolTrainerGary
|
|move|p2a: Hydreigon|Draco Meteor|p1a: Rotom-Heat
|-damage|p1a: Rotom-Heat|135\/304
|-unboost|p2a: Hydreigon|spa|2
|move|p1a: Rotom-Heat|Pain Split|p2a: Hydreigon
|-sethp|p2a: Hydreigon|230\/325|p1a: Rotom-Heat|230\/304|[from] move: Pain Split
|
|-heal|p1a: Rotom-Heat|249\/304|[from] item: Leftovers
|turn|4
|c|★DONGER MANAGEMENT|jesus
|c|+SmashBrosBrawl|0
|
|switch|p2a: Swampert|Swampert, M|401\/401
|switch|p1a: Whimsicott|Whimsicott, F|261\/261
|
|turn|5
|c| THE_iTodd|fukn
|c| THE_iTodd|bulked
|c|+SmashBrosBrawl|if this thing has wow
|c|+SmashBrosBrawl|ure fucked
|
|switch|p2a: Crobat|Crobat, M|321\/321
|move|p1a: Whimsicott|U-turn|p2a: Crobat
|-resisted|p2a: Crobat
|-damage|p2a: Crobat|309\/321
|-damage|p1a: Whimsicott|235\/261|[from] item: Life Orb
|c| THE_iTodd|and
|c| THE_iTodd|bodied
|
|switch|p1a: Rotom-Heat|Rotom-Heat|249\/304
|
|-heal|p2a: Crobat|321\/321|[from] item: Black Sludge
|-heal|p1a: Rotom-Heat|268\/304|[from] item: Leftovers
|turn|6
|c|+SmashBrosBrawl|wow here
|
|move|p2a: Crobat|U-turn|p1a: Rotom-Heat
|-resisted|p1a: Rotom-Heat
|-damage|p1a: Rotom-Heat|237\/304
|c| CoolTrainerGary|hp grass
|
|switch|p2a: Swampert|Swampert, M|401\/401
|move|p1a: Rotom-Heat|Volt Switch|p2a: Swampert
|-immune|p2a: Swampert|[msg]
|
|-heal|p1a: Rotom-Heat|256\/304|[from] item: Leftovers
|turn|7
|c| VivifiedVoltage|Them Uturns
|c|+SmashBrosBrawl|wow
|c|+SmashBrosBrawl|u fuk
|c|★Gerald Eugene III|I was expecting the taunt man
|c| VivifiedVoltage|Too fkin much
|
|move|p1a: Rotom-Heat|Will-O-Wisp|p2a: Swampert
|-status|p2a: Swampert|brn
|move|p2a: Swampert|Scald|p1a: Rotom-Heat
|-supereffective|p1a: Rotom-Heat
|-damage|p1a: Rotom-Heat|140\/304
|
|-heal|p1a: Rotom-Heat|159\/304|[from] item: Leftovers
|-damage|p2a: Swampert|351\/401 brn|[from] brn
|turn|8
|c|+SmashBrosBrawl|rofl
|
|move|p1a: Rotom-Heat|Pain Split|p2a: Swampert
|-sethp|p2a: Swampert|255\/401 brn|p1a: Rotom-Heat|255\/304|[from] move: Pain Split
|move|p2a: Swampert|Stealth Rock|p1a: Rotom-Heat
|-sidestart|p1: Gerald Eugene III|move: Stealth Rock
|
|-heal|p1a: Rotom-Heat|274\/304|[from] item: Leftovers
|-heal|p2a: Swampert|280\/401 brn|[from] item: Leftovers
|-damage|p2a: Swampert|230\/401 brn|[from] brn
|turn|9
|c|+SmashBrosBrawl|entire team
|c|+SmashBrosBrawl|walled
|c| CoolTrainerGary|spdef r-heat straight working u
|c| Living Proof|Rotom-H the threat
|c|+SmashBrosBrawl|nah dw
|c|+SmashBrosBrawl|virizion willl crt
|c| Living Proof|Spam Roar
|c|+SmashBrosBrawl|at some point
|
|switch|p2a: Beedrill|Beedrill, F|271\/271
|move|p1a: Rotom-Heat|Volt Switch|p2a: Beedrill
|-damage|p2a: Beedrill|159\/271
|c| Living Proof|to the moon
|
|switch|p1a: Lucario|Lucario, M|281\/281
|-damage|p1a: Lucario|273\/281|[from] Stealth Rock
|
|turn|10
|c|★DONGER MANAGEMENT|o
|join|0rbital
|c|+SmashBrosBrawl|bop
|c| PLOF|inb4 stone edge virizion
|c| DrReuniclus3|n
|c| DrReuniclus3|b
|
|switch|p2a: Crobat|Crobat, M|321\/321
|move|p1a: Lucario|Extreme Speed|p2a: Crobat
|-damage|p2a: Crobat|185\/321
|-damage|p1a: Lucario|245\/281|[from] item: Life Orb
|
|-heal|p2a: Crobat|205\/321|[from] item: Black Sludge
|turn|11
|c| CoolTrainerGary|ice punch here
|c| Living Proof|>Doesn't take heed to my advise
|c| Living Proof|For shame
|c| VivifiedVoltage|Scarf
|leave|SecretlyaBidoof
|join|SecretlyaBidoof
|c|★Gerald Eugene III|It doesn't outspeed lol
|c| VivifiedVoltage|For real
|
|switch|p1a: Swampert|Swampert, F|404\/404
|-damage|p1a: Swampert|379\/404|[from] Stealth Rock
|move|p2a: Crobat|Brave Bird|p1a: Swampert
|-damage|p1a: Swampert|240\/404
|-damage|p2a: Crobat|159\/321|[from] recoil|[of] p1a: Swampert
|
|-heal|p2a: Crobat|179\/321|[from] item: Black Sludge
|-heal|p1a: Swampert|265\/404|[from] item: Leftovers
|turn|12
|
|move|p2a: Crobat|U-turn|p1a: Swampert
|-damage|p1a: Swampert|212\/404
|
|switch|p2a: Virizion|Virizion|323\/323
|move|p1a: Swampert|Scald|p2a: Virizion
|-resisted|p2a: Virizion
|-damage|p2a: Virizion|288\/323
|-status|p2a: Virizion|brn
|-enditem|p2a: Virizion|Lum Berry|[eat]
|-curestatus|p2a: Virizion|brn
|
|-heal|p1a: Swampert|237\/404|[from] item: Leftovers
|turn|13
|c|+SmashBrosBrawl|ice punch here
|join|AnglesEverywhere
|leave|SecretlyaBidoof
|c|+SmashBrosBrawl|mfw
|c|+SmashBrosBrawl|wheres the rocks
|c|★Gerald Eugene III|lum berry :o
|c|★Gerald Eugene III|He has taunt.
|c|+SmashBrosBrawl|.
|c|+SmashBrosBrawl|what do you lose
|c| 0rbital|nice punch here
|c|+SmashBrosBrawl|by going to sr
|
|switch|p1a: Sanjori|Forretress, F|354\/354
|-damage|p1a: Sanjori|310\/354|[from] Stealth Rock
|move|p2a: Virizion|Leaf Blade|p1a: Sanjori
|-resisted|p1a: Sanjori
|-damage|p1a: Sanjori|286\/354
|
|-heal|p1a: Sanjori|308\/354|[from] item: Leftovers
|turn|14
|c| THE_iTodd|.
|join|PersuasionSwag
|c|+SmashBrosBrawl|and then scalding
|c| Living Proof|Sub now
|c| 0kay|stealth rock here
|c| 0kay|then rapid spin
|
|switch|p2a: Magneton|Magneton|261\/261
|move|p1a: Sanjori|Spikes|p2a: Magneton
|-sidestart|p2: DONGER MANAGEMENT|Spikes
|
|-heal|p1a: Sanjori|330\/354|[from] item: Leftovers
|turn|15
|c| CoolTrainerGary|volt switch
|c| CoolTrainerGary|.....
|c|+SmashBrosBrawl|oml
|c|+SmashBrosBrawl|the spin
|c| CoolTrainerGary|u fucker
|c| Living Proof|#Ded
|c| PLOF|#Ded
|join|Starmie Sweep
|c|★Gerald Eugene III|Forry
|c|★Gerald Eugene III|It was nice knowing you
|c|★DONGER MANAGEMENT|idt i can win lol
|
|move|p2a: Magneton|Thunderbolt|p1a: Sanjori
|-damage|p1a: Sanjori|161\/354
|move|p1a: Sanjori|Rapid Spin|p2a: Magneton
|-resisted|p2a: Magneton
|-damage|p2a: Magneton|256\/261
|-sideend|p1: Gerald Eugene III|Stealth Rock|[from] move: Rapid Spin|[of] p1a: Sanjori
|
|-heal|p1a: Sanjori|183\/354|[from] item: Leftovers
|turn|16
|c|★Gerald Eugene III|sike bitches
|c| PLOF|no hp fire
|c| PLOF|gg
|c|+SmashBrosBrawl|not even
|c|+SmashBrosBrawl|hp fire
|c| 0kay|ummmm wut
|c| Living Proof|^
|c|+SmashBrosBrawl|ew
|
|move|p2a: Magneton|Thunderbolt|p1a: Sanjori
|-damage|p1a: Sanjori|30\/354
|move|p1a: Sanjori|Volt Switch|p2a: Magneton
|-resisted|p2a: Magneton
|-damage|p2a: Magneton|239\/261
|c|+SmashBrosBrawl|.
|c| CoolTrainerGary|scarf...?
|
|switch|p1a: Swampert|Swampert, F|237\/404
|
|-heal|p1a: Swampert|262\/404|[from] item: Leftovers
|turn|17
|
|switch|p2a: Virizion|Virizion|288\/323
|-damage|p2a: Virizion|248\/323|[from] Spikes
|switch|p1a: Rotom-Heat|Rotom-Heat|274\/304
|
|-heal|p1a: Rotom-Heat|293\/304|[from] item: Leftovers
|turn|18
|c| PLOF|and the bagworm gets out alive!
|c|+SmashBrosBrawl|outplayed
|c| Living Proof|Nice double
|c| britneybaby|@ Please Leave Or Forfeit
|
|move|p2a: Virizion|Stone Edge|p1a: Rotom-Heat
|-crit|p1a: Rotom-Heat
|-supereffective|p1a: Rotom-Heat
|-damage|p1a: Rotom-Heat|41\/304
|move|p1a: Rotom-Heat|Will-O-Wisp|p2a: Virizion
|-status|p2a: Virizion|brn
|
|-heal|p1a: Rotom-Heat|60\/304|[from] item: Leftovers
|-damage|p2a: Virizion|208\/323 brn|[from] brn
|turn|19
|c|+SmashBrosBrawl|fuck
|c|★Gerald Eugene III|:]
|c|★DONGER MANAGEMENT|sbb predicted it
|c| PLOF|called it
|c| Living Proof|Even better crit
|c| 0kay|he was right with the crit
|c|+SmashBrosBrawl|luckbadman
|c|★Gerald Eugene III|Survival
|c|★DONGER MANAGEMENT|it's not hax
|c| PLOF|i freaking called it
|c|★DONGER MANAGEMENT|+SmashBrosBrawl: virizion willl crt
|join|Unaturallife
|c|+SmashBrosBrawl|i said it would crt at some point
|c|+SmashBrosBrawl|nb
|c| CoolTrainerGary|if no crit he could pain live both
|
|switch|p1a: Sanjori|Forretress, F|30\/354
|move|p2a: Virizion|Stone Edge|p1a: Sanjori
|-damage|p1a: Sanjori|0 fnt
|faint|p1a: Sanjori
|
|-damage|p2a: Virizion|168\/323 brn|[from] brn
|
|switch|p1a: Whimsicott|Whimsicott, F|235\/261
|turn|20
|c| PLOF|inb4 psychic
|
|move|p1a: Whimsicott|U-turn|p2a: Virizion
|-crit|p2a: Virizion
|-damage|p2a: Virizion|97\/323 brn
|-damage|p1a: Whimsicott|209\/261|[from] item: Life Orb
|c|+SmashBrosBrawl|o
|
|switch|p1a: Rotom-Heat|Rotom-Heat|60\/304
|move|p2a: Virizion|Stone Edge|p1a: Rotom-Heat
|-supereffective|p1a: Rotom-Heat
|-damage|p1a: Rotom-Heat|0 fnt
|faint|p1a: Rotom-Heat
|
|-damage|p2a: Virizion|57\/323 brn|[from] brn
|c|+SmashBrosBrawl|NO
|c|+SmashBrosBrawl|NIGGA
|c| Unaturallife|que mission impossible music
|c| CoolTrainerGary|u shoudlve gone into loppunny there
|c|+SmashBrosBrawl|oml why would u sack
|c|+SmashBrosBrawl|oven
|c| CoolTrainerGary|instead of whimsi
|c|+SmashBrosBrawl|ye that
|
|switch|p1a: Lucario|Lucario, M|245\/281
|turn|21
|c|+SmashBrosBrawl|fake out lop
|c| Living Proof|He sac'd oven because the toast was done
|
|move|p1a: Lucario|Extreme Speed|p2a: Virizion
|-damage|p2a: Virizion|0 fnt
|-damage|p1a: Lucario|217\/281|[from] item: Life Orb
|faint|p2a: Virizion
|
|c| CoolTrainerGary|lop outspeed and he ha no counters
|c|+SmashBrosBrawl|there was no reasont
|c| 0kay|complete dumby
|c|+SmashBrosBrawl|to sack anything
|c| britneybaby|well @ smashBros, you sacked your entire team it seems against Donger too....
|c| THE_iTodd|>making toast in oven
|c|★Gerald Eugene III|Tbh
|c|★Gerald Eugene III|lop
|c| THE_iTodd|you disgust me
|
|switch|p2a: Crobat|Crobat, M|179\/321
|turn|22
|c|★Gerald Eugene III|Would've died
|c|★Gerald Eugene III|lol
|c| THE_iTodd|living proof
|c| 0kay|britney lmao xD
|c| PLOF|to stone edge?
|c| Living Proof|He's a toaster oven tho
|c| CoolTrainerGary|how.....
|c|+SmashBrosBrawl|xDDDDDDDDDDDD
|c|+SmashBrosBrawl|xDDDDDDDDDDDDDDDDDDDDDDDD
|
|move|p1a: Lucario|Extreme Speed|p2a: Crobat
|-damage|p2a: Crobat|50\/321
|-damage|p1a: Lucario|189\/281|[from] item: Life Orb
|move|p2a: Crobat|Roost|p2a: Crobat
|-heal|p2a: Crobat|211\/321
|
|-heal|p2a: Crobat|231\/321|[from] item: Black Sludge
|turn|23
|c| CoolTrainerGary|fake out+ return ez
|
|move|p2a: Crobat|Brave Bird|p1a: Lucario
|-crit|p1a: Lucario
|-damage|p1a: Lucario|0 fnt
|-damage|p2a: Crobat|169\/321|[from] recoil|[of] p1a: Lucario
|faint|p1a: Lucario
|
|-heal|p2a: Crobat|189\/321|[from] item: Black Sludge
|c|★DONGER MANAGEMENT|bop
|c| THE_iTodd|yumm
|c| THE_iTodd|y
|
|switch|p1a: Whimsicott|Whimsicott, F|209\/261
|turn|24
|c|+SmashBrosBrawl|why tf
|join|Riches to Rags
|c|+SmashBrosBrawl|isnt lop coming in
|join|aqbf
|c| Living Proof|More accurately an Easybake
|c| THE_iTodd|nah
|
|switch|p2a: Magneton|Magneton|239\/261
|-damage|p2a: Magneton|207\/261|[from] Spikes
|move|p1a: Whimsicott|Tailwind|p1a: Whimsicott
|-sidestart|p1: Gerald Eugene III|move: Tailwind
|
|turn|25
|c|+SmashBrosBrawl|and killing everything
|c| THE_iTodd|m8y
|c| PLOF|how are you losing? D:
|c| 0kay|why are you such an idiot.......
|c| THE_iTodd|whim is ez burd bat counter
|
|move|p1a: Whimsicott|U-turn|p2a: Magneton
|-resisted|p2a: Magneton
|-damage|p2a: Magneton|195\/261
|-damage|p1a: Whimsicott|183\/261|[from] item: Life Orb
|
|switch|p1a: Lopunny|Lopunny, F|271\/271
|move|p2a: Magneton|Thunderbolt|p1a: Lopunny
|-damage|p1a: Lopunny|88\/271
|
|turn|26
|c|+SmashBrosBrawl|,
|c| THE_iTodd|r
|c| 0kay|NOW
|c| THE_iTodd|i
|c| THE_iTodd|p
|c| Living Proof|Welp
|c| Last Earth|...
|c| 0kay|YOU BRING IT IN NOW
|c| CoolTrainerGary|now u switch it in...
|c| Living Proof|Nothing to see here
|c| 0kay|WTF IS WRONG WITH YOU
|
|switch|p2a: Swampert|Swampert, M|230\/401 brn
|-damage|p2a: Swampert|180\/401 brn|[from] Spikes
|detailschange|p1a: Lopunny|Lopunny-Mega, F
|message|Lopunny has Mega Evolved into Mega Lopunny!
|move|p1a: Lopunny|Drain Punch|p2a: Swampert
|-damage|p2a: Swampert|69\/401 brn
|-heal|p1a: Lopunny|144\/271|[from] drain|[of] p2a: Swampert
|
|-heal|p2a: Swampert|94\/401 brn|[from] item: Leftovers
|-damage|p2a: Swampert|44\/401 brn|[from] brn
|turn|27
|c| PLOF|retarded af
|c|+SmashBrosBrawl|.
|
|move|p1a: Lopunny|Drain Punch|p2a: Swampert
|-crit|p2a: Swampert
|-damage|p2a: Swampert|0 fnt
|-heal|p1a: Lopunny|166\/271|[from] drain|[of] p2a: Swampert
|faint|p2a: Swampert
|
|-sideend|p1: Gerald Eugene III|move: Tailwind
|c|★Gerald Eugene III|everyone calm down lol
|c| CoolTrainerGary|>no fake out
|c|+SmashBrosBrawl|nice and
|
|switch|p2a: Crobat|Crobat, M|189\/321
|turn|28
|c|+SmashBrosBrawl|moveset
|
|move|p1a: Lopunny|Frustration|p2a: Crobat
|-damage|p2a: Crobat|0 fnt
|faint|p2a: Crobat
|
|c| Unaturallife|no not nppy
|c|★DONGER MANAGEMENT|oh right
|c| THE_iTodd|ez
|c|+SmashBrosBrawl|nice
|c|★DONGER MANAGEMENT|forgot
|c|+SmashBrosBrawl|dod
|
|switch|p2a: Hydreigon|Hydreigon, F|230\/325
|turn|29
|c|★Gerald Eugene III|is this scarf
|c| PLOF|live draco pls
|c|★Gerald Eugene III|shit.
|c| Living Proof|Drain Punch for the kill?
|c| 0kay|SACK SWAMP
|c| 0kay|NOT LOP
|c|+SmashBrosBrawl|no
|c|+SmashBrosBrawl|dont sack swamp
|c|+SmashBrosBrawl|nigga
|c| 0rbital|>tailwind
|c| PLOF|whimsi
|c|★Gerald Eugene III|I have tailwind though
|c|+SmashBrosBrawl|fine sack it
|c|★Gerald Eugene III|I won.
|c| PLOF|Your team's tailwind petered out!
|c| PLOF|nein
|
|switch|p1a: Swampert|Swampert, F|262\/404
|move|p2a: Hydreigon|Draco Meteor|p1a: Swampert
|-damage|p1a: Swampert|28\/404
|-unboost|p2a: Hydreigon|spa|2
|
|-heal|p1a: Swampert|53\/404|[from] item: Leftovers
|turn|30
|c|★Gerald Eugene III|survival
|
|switch|p1a: Whimsicott|Whimsicott, F|183\/261
|move|p2a: Hydreigon|Draco Meteor|p1a: Whimsicott
|-immune|p1a: Whimsicott|[msg]
|
|turn|31
|c| Living Proof|Why
|c| Living Proof|Not go into Whim?
|c| Living Proof|In the first place?
|c|★Gerald Eugene III|Cause.
|c|★Gerald Eugene III|Fire blast possibly
|
|move|p1a: Whimsicott|Tailwind|p1a: Whimsicott
|-sidestart|p1: Gerald Eugene III|move: Tailwind
|move|p2a: Hydreigon|Draco Meteor|p1a: Whimsicott
|-immune|p1a: Whimsicott|[msg]
|
|turn|32
|
|switch|p2a: Magneton|Magneton|195\/261
|-damage|p2a: Magneton|163\/261|[from] Spikes
|move|p1a: Whimsicott|Moonblast|p2a: Magneton
|-resisted|p2a: Magneton
|-damage|p2a: Magneton|89\/261
|-damage|p1a: Whimsicott|157\/261|[from] item: Life Orb
|
|turn|33
|c|+SmashBrosBrawl|k
|c|+SmashBrosBrawl|now what
|c|+SmashBrosBrawl|nice
|c|+SmashBrosBrawl|uturn
|
|switch|p1a: Swampert|Swampert, F|53\/404
|move|p2a: Magneton|Flash Cannon|p1a: Swampert
|-crit|p1a: Swampert
|-resisted|p1a: Swampert
|-damage|p1a: Swampert|0 fnt
|faint|p1a: Swampert
|
|leave|VivifiedVoltage
|
|switch|p1a: Lopunny|Lopunny-Mega, F|166\/271
|turn|34
|
|move|p1a: Lopunny|Drain Punch|p2a: Magneton
|-supereffective|p2a: Magneton
|-damage|p2a: Magneton|0 fnt
|-heal|p1a: Lopunny|211\/271|[from] drain|[of] p2a: Magneton
|faint|p2a: Magneton
|
|-sideend|p1: Gerald Eugene III|move: Tailwind
|c| THE_iTodd|ezj
|c| THE_iTodd|pz
|c|+SmashBrosBrawl|...
|
|switch|p2a: Hydreigon|Hydreigon, F|230\/325
|turn|35
|c|+SmashBrosBrawl|...
|c| THE_iTodd|tailwind
|c|+SmashBrosBrawl|...
|c|+SmashBrosBrawl|...
|c| THE_iTodd|sacking
|c|+SmashBrosBrawl|why arent u going
|c|+SmashBrosBrawl|to beedrill
|join|TheDfalc
|c|★DONGER MANAGEMENT|sekrets
|c| 0kay|because they're both complete numbskulls
|
|switch|p1a: Whimsicott|Whimsicott, F|157\/261
|move|p2a: Hydreigon|U-turn|p1a: Whimsicott
|-damage|p1a: Whimsicott|90\/261
|c| 0kay|imo
|
|switch|p2a: Beedrill|Beedrill, F|159\/271
|-damage|p2a: Beedrill|126\/271|[from] Spikes
|
|turn|36
|c| Riches to Rags|.
|c| PLOF|nice n gg
|c|★DONGER MANAGEMENT|rip
|
|detailschange|p2a: Beedrill|Beedrill-Mega, F
|message|Beedrill has Mega Evolved into Mega Beedrill!
|move|p1a: Whimsicott|Tailwind|p1a: Whimsicott
|-sidestart|p1: Gerald Eugene III|move: Tailwind
|move|p2a: Beedrill|Knock Off|p1a: Whimsicott
|-resisted|p1a: Whimsicott
|-damage|p1a: Whimsicott|20\/261
|-enditem|p1a: Whimsicott|Life Orb|[from] move: Knock Off|[of] p2a: Beedrill
|
|turn|37
|c|★Gerald Eugene III|I won though
|c| Riches to Rags|pranksters a thing
|c|+SmashBrosBrawl|no you didnt
|c|+SmashBrosBrawl|nigga
|c|★Gerald Eugene III|-_-
|c|+SmashBrosBrawl|win now
|c|+SmashBrosBrawl|i dare you
|c| 0kay|lmao
|c|★DONGER MANAGEMENT|i wish i had protect
|c|★DONGER MANAGEMENT|:[
|c|+SmashBrosBrawl|you do
|c| THE_iTodd|:[
|c|★DONGER MANAGEMENT|n
|c| 0kay|he has fucking protect
|c|+SmashBrosBrawl|oml
|c| Last Earth|this game
|c| Riches to Rags|protect is too
|
|move|p1a: Whimsicott|Moonblast|p2a: Beedrill
|-resisted|p2a: Beedrill
|-damage|p2a: Beedrill|60\/271
|move|p2a: Beedrill|Knock Off|p1a: Whimsicott
|-resisted|p1a: Whimsicott
|-damage|p1a: Whimsicott|0 fnt
|faint|p1a: Whimsicott
|
|
|switch|p1a: Lopunny|Lopunny-Mega, F|211\/271
|turn|38
|c| 0kay|YOU CAN'T LIE LIKE JOEY SO STOP TRYING
|c|+SmashBrosBrawl|win
|c|+SmashBrosBrawl|where
|c| THE_iTodd|win
|c|+SmashBrosBrawl|he didnt even poison jab
|c| THE_iTodd|here
|c| THE_iTodd|he's wasting
|c| THE_iTodd|tailwind turns
|c| THE_iTodd|imo
|c| 0kay|there's that
|c| 0kay|or
|
|move|p1a: Lopunny|Encore|p2a: Beedrill
|-start|p2a: Beedrill|Encore
|move|p2a: Beedrill|Knock Off|p1a: Lopunny
|-resisted|p1a: Lopunny
|-damage|p1a: Lopunny|162\/271
|
|turn|39
|c|★DONGER MANAGEMENT|LOL
|c|★Gerald Eugene III|:]
|c|+SmashBrosBrawl|lol
|c|★Gerald Eugene III|I win
|c| THE_iTodd|um?
|c| THE_iTodd|kek?
|c| 0kay|he's an idiot
|c| Living Proof|RIP
|c|+SmashBrosBrawl|waste your own tailwind turns
|c| Riches to Rags|choke
|c|+SmashBrosBrawl|epic
|c| PLOF|tailwind...
|leave|0rbital
|c| THE_iTodd|tbh
|c|★Gerald Eugene III|You guys
|c| Moniker|sub?
|c| 0kay|YOU'RE WASTING YOUR OWN TAILWING TURNS YOU FUCKING IDIOT
|c|★Gerald Eugene III|lol
|
|switch|p2a: Hydreigon|Hydreigon, F|230\/325
|move|p1a: Lopunny|Substitute|p1a: Lopunny
|-start|p1a: Lopunny|Substitute
|-damage|p1a: Lopunny|95\/271
|
|-sideend|p1: Gerald Eugene III|move: Tailwind
|turn|40
|c| THE_iTodd|this is the easiest
|c| THE_iTodd|draco meteor miss
|join|0rbital
|c|+SmashBrosBrawl|.
|c|+SmashBrosBrawl|.
|c| THE_iTodd|of his life
|c|+SmashBrosBrawl|.
|c|★DONGER MANAGEMENT|GOT
|c|+SmashBrosBrawl|.
|c|+SmashBrosBrawl|.
|c|★DONGER MANAGEMENT|EM
|c|+SmashBrosBrawl|.
|c| 0kay|WHY
|c|+SmashBrosBrawl|.
|c|+SmashBrosBrawl|.
|c|+SmashBrosBrawl|..
|c|+SmashBrosBrawl|.
|c| 0kay|WHY
|c|+SmashBrosBrawl|.
|c|+SmashBrosBrawl|.
|
|move|p2a: Hydreigon|Dragon Pulse|p1a: Lopunny
|-end|p1a: Lopunny|Substitute
|move|p1a: Lopunny|Drain Punch|p2a: Hydreigon
|-supereffective|p2a: Hydreigon
|-damage|p2a: Hydreigon|0 fnt
|-heal|p1a: Lopunny|210\/271|[from] drain|[of] p2a: Hydreigon
|faint|p2a: Hydreigon
|
|c|+SmashBrosBrawl|.
|c|+SmashBrosBrawl|ure both
|c|+SmashBrosBrawl|fgts
|c| 0kay|WHAT THE FUCK IS WRONG WITH YOU
|c|★Gerald Eugene III|Dying
|
|switch|p2a: Beedrill|Beedrill-Mega, F|60\/271
|-damage|p2a: Beedrill|27\/271|[from] Spikes
|turn|41
|c|★Gerald Eugene III|of laughter
|
|move|p2a: Beedrill|Poison Jab|p1a: Lopunny
|-damage|p1a: Lopunny|0 fnt
|faint|p1a: Lopunny
|
|win|DONGER MANAGEMENT
|c| Riches to Rags|choke
|c|★DONGER MANAGEMENT|EPIC
|c|★Gerald Eugene III|LOL
|c|+SmashBrosBrawl|EPIC
|c| 0kay|YOU'RE AN IDIOT
|leave|THE_iTodd
|c| britneybaby|oooooo
|leave|watfor
|c| britneybaby|hhhh
|c| 0kay|FUCKING DUMBASS
|c|★Gerald Eugene III|lol
|c| britneybaby|killem
|c| Living Proof|lol
|leave|Unaturallife
|c| PLOF|so much salt
|leave|DrReuniclus3
|leave|SmashBrosBrawl
|leave|0kay
|c| PLOF|not even the players lol
|c| Riches to Rags|gg
|leave|Frickett
|leave|Riches to Rags
|leave|Living Proof
|leave|TheDfalc
|leave|PLOF
|leave|Moniker
|leave|CoolTrainerGary
|leave|0rbital
|leave|Fluvial
|leave|Last Earth
|leave|Gerald Eugene III
|player|p1
|leave|AnglesEverywhere
|leave|britneybaby