|join|Bumfrumhell
|join|donger management
|player|p1|Bumfrumhell|170
|player|p2|donger management|171
|gametype|singles
|gen|6
|tier|UU
|rated
|rule|Sleep Clause Mod: Limit one foe put to sleep
|rule|Species Clause: Limit one of each Pokémon
|rule|OHKO Clause: OHKO moves are banned
|rule|Moody Clause: Moody is banned
|rule|Evasion Moves Clause: Evasion moves are banned
|rule|Endless Battle Clause: Forcing endless battles is banned
|rule|HP Percentage Mod: HP is shown in percentages
|clearpoke
|poke|p1|Absol, F
|poke|p1|Hydreigon, M
|poke|p1|Beedrill, M
|poke|p1|Crobat, M
|poke|p1|Umbreon, F
|poke|p1|Trevenant, F
|poke|p2|Sharpedo, M
|poke|p2|Infernape, M
|poke|p2|Azelf
|poke|p2|Krookodile, M
|poke|p2|Dragalge, F
|poke|p2|Suicune
|rule|Swagger Clause: Swagger is banned
|rule|Baton Pass Clause: Limit one Pokémon knowing Baton Pass
|teampreview
|join|SmashBrosBrawl
|
|start
|switch|p1a: Absol|Absol, F|334\/334
|switch|p2a: Azelf|Azelf|291\/291
|turn|1
|
|move|p1a: Absol|Pursuit|p2a: Azelf|[from]Pursuit
|-supereffective|p2a: Azelf
|-damage|p2a: Azelf|0 fnt
|-damage|p1a: Absol|301\/334|[from] item: Life Orb
|faint|p2a: Azelf
|
|
|switch|p2a: Infernape|Infernape, M|293\/293
|turn|2
|
|switch|p1a: Crobat|Crobat, M|374\/374
|move|p2a: Infernape|Flare Blitz|p1a: Crobat
|-damage|p1a: Crobat|72\/374
|-damage|p2a: Infernape|193\/293|[from] recoil|[of] p1a: Crobat
|-damage|p2a: Infernape|164\/293|[from] item: Life Orb
|
|-heal|p1a: Crobat|95\/374|[from] item: Black Sludge
|turn|3
|
|switch|p2a: Krookodile|Krookodile, M|331\/331
|-ability|p2a: Krookodile|Intimidate|[of] p1a: Crobat
|-unboost|p1a: Crobat|atk|1
|move|p1a: Crobat|Air Slash|p2a: Krookodile
|-damage|p2a: Krookodile|240\/331
|
|-heal|p1a: Crobat|118\/374|[from] item: Black Sludge
|turn|4
|c|+SmashBrosBrawl|dam
|join|ChuffedTeapot
|c| ChuffedTeapot|pls moar air slash
|c| ChuffedTeapot|air slash is my lyphe
|join|uunubnub
|c|+SmashBrosBrawl|normal absol
|
|switch|p1a: Hydreigon|Hydreigon, M|325\/325
|move|p2a: Krookodile|Knock Off|p1a: Hydreigon
|-resisted|p1a: Hydreigon
|-damage|p1a: Hydreigon|223\/325
|-enditem|p1a: Hydreigon|Choice Scarf|[from] move: Knock Off|[of] p2a: Krookodile
|
|turn|5
|c|+SmashBrosBrawl|or normal beedril
|c|★donger management|lo absol
|c| ChuffedTeapot|pls normal absol
|join|Reverend
|
|move|p2a: Krookodile|Knock Off|p1a: Hydreigon
|-resisted|p1a: Hydreigon
|-damage|p1a: Hydreigon|148\/325
|move|p1a: Hydreigon|Draco Meteor|p2a: Krookodile
|-damage|p2a: Krookodile|0 fnt
|-unboost|p1a: Hydreigon|spa|2
|faint|p2a: Krookodile
|
|c| ChuffedTeapot|*normal bee
|join|Mrs King
|c|+SmashBrosBrawl|modest hydra
|
|switch|p2a: Infernape|Infernape, M|164\/293
|turn|6
|
|move|p2a: Infernape|Close Combat|p1a: Hydreigon
|-supereffective|p1a: Hydreigon
|-damage|p1a: Hydreigon|0 fnt
|-unboost|p2a: Infernape|def|1
|-unboost|p2a: Infernape|spd|1
|-damage|p2a: Infernape|135\/293|[from] item: Life Orb
|faint|p1a: Hydreigon
|
|
|switch|p1a: Crobat|Crobat, M|118\/374
|turn|7
|c| ChuffedTeapot|LO Infernape is so fucking scary
|
|switch|p2a: Suicune|Suicune|401\/401
|-ability|p2a: Suicune|Pressure
|move|p1a: Crobat|Roost|p1a: Crobat
|-heal|p1a: Crobat|305\/374
|
|-heal|p1a: Crobat|328\/374|[from] item: Black Sludge
|turn|8
|
|switch|p1a: Trevenant|Trevenant, F|372\/372
|move|p2a: Suicune|Scald|p1a: Trevenant
|-resisted|p1a: Trevenant
|-damage|p1a: Trevenant|323\/372
|
|turn|9
|
|switch|p2a: Dragalge|Dragalge, F|292\/292
|move|p1a: Trevenant|Leech Seed|p2a: Dragalge|[miss]
|-miss|p1a: Trevenant|p2a: Dragalge
|
|turn|10
|
|move|p2a: Dragalge|Draco Meteor|p1a: Trevenant
|-damage|p1a: Trevenant|0 fnt
|-unboost|p2a: Dragalge|spa|2
|faint|p1a: Trevenant
|
|c| ChuffedTeapot|dragalge man...
|c| ChuffedTeapot|that shit destroys
|c| ChuffedTeapot|.-.
|
|switch|p1a: Beedrill|Beedrill, M|271\/271
|turn|11
|
|detailschange|p1a: Beedrill|Beedrill-Mega, M
|-mega|p1a: Beedrill|Beedrill|Beedrillite
|move|p1a: Beedrill|Drill Run|p2a: Dragalge
|-supereffective|p2a: Dragalge
|-damage|p2a: Dragalge|52\/292
|move|p2a: Dragalge|Dragon Tail|p1a: Beedrill
|-damage|p1a: Beedrill|81\/271
|drag|p1a: Absol|Absol, F|301\/334
|
|turn|12
|
|move|p1a: Absol|Substitute|p1a: Absol
|-start|p1a: Absol|Substitute
|-damage|p1a: Absol|218\/334
|move|p2a: Dragalge|Toxic Spikes|p1a: Absol
|-sidestart|p1: Bumfrumhell|move: Toxic Spikes
|
|turn|13
|c|+SmashBrosBrawl|gg
|join|OmletteDuFromage
|leave|OmletteDuFromage
|
|move|p1a: Absol|Swords Dance|p1a: Absol
|-boost|p1a: Absol|atk|2
|move|p2a: Dragalge|Sludge Bomb|p1a: Absol
|-end|p1a: Absol|Substitute
|
|turn|14
|
|move|p1a: Absol|Pursuit|p2a: Dragalge
|-crit|p2a: Dragalge
|-damage|p2a: Dragalge|0 fnt
|-damage|p1a: Absol|185\/334|[from] item: Life Orb
|faint|p2a: Dragalge
|
|
|switch|p2a: Infernape|Infernape, M|135\/293
|turn|15
|c|+SmashBrosBrawl|go to crobat
|
|move|p2a: Infernape|Mach Punch|p1a: Absol
|-supereffective|p1a: Absol
|-damage|p1a: Absol|0 fnt
|-damage|p2a: Infernape|106\/293|[from] item: Life Orb
|faint|p1a: Absol
|
|c|+SmashBrosBrawl|nub
|c| ChuffedTeapot|oooooooo
|c|+SmashBrosBrawl|i fucking
|c|+SmashBrosBrawl|ghosted u
|
|switch|p1a: Crobat|Crobat, M|328\/374
|turn|16
|c| ChuffedTeapot|u warned him to XD
|c| ChuffedTeapot|it was predictable
|
|switch|p2a: Suicune|Suicune|401\/401
|-ability|p2a: Suicune|Pressure
|move|p1a: Crobat|Air Slash|p2a: Suicune
|-crit|p2a: Suicune
|-damage|p2a: Suicune|301\/401
|
|-heal|p1a: Crobat|351\/374|[from] item: Black Sludge
|-heal|p2a: Suicune|326\/401|[from] item: Leftovers
|turn|17
|c|+SmashBrosBrawl|does that even kill infernape
|c|★donger management|lol
|c| ChuffedTeapot|a +2? it should tbh
|c| ChuffedTeapot|with LO which it did
|
|switch|p1a: Umbreon|Umbreon, F|394\/394
|-status|p1a: Umbreon|psn
|move|p2a: Suicune|Calm Mind|p2a: Suicune
|-boost|p2a: Suicune|spa|1
|-boost|p2a: Suicune|spd|1
|
|-heal|p2a: Suicune|351\/401|[from] item: Leftovers
|-damage|p1a: Umbreon|345\/394 psn|[from] psn
|turn|18
|join|ANGER MANAGEMENT
|c| ChuffedTeapot|damn why not beedrill then umbreon u-turn
|
|move|p2a: Suicune|Calm Mind|p2a: Suicune
|-boost|p2a: Suicune|spa|1
|-boost|p2a: Suicune|spd|1
|move|p1a: Umbreon|Toxic|p2a: Suicune
|-status|p2a: Suicune|tox
|
|-heal|p2a: Suicune|376\/401 tox|[from] item: Leftovers
|-heal|p1a: Umbreon|369\/394 psn|[from] item: Leftovers
|-damage|p2a: Suicune|351\/401 tox|[from] psn
|-damage|p1a: Umbreon|320\/394 psn|[from] psn
|turn|19
|c|+SmashBrosBrawl|its over anyway
|c| ChuffedTeapot|o well
|c| ChuffedTeapot|gee gee
|
|move|p2a: Suicune|Rest|p2a: Suicune
|-status|p2a: Suicune|slp
|-heal|p2a: Suicune|401\/401 slp|[silent]
|-status|p2a: Suicune|slp|[from] move: Rest
|move|p1a: Umbreon|Heal Bell|p1a: Umbreon
|-cureteam|p1a: Umbreon|[from] move: HealBell
|
|-heal|p1a: Umbreon|344\/394|[from] item: Leftovers
|turn|20
|c| ChuffedTeapot|oh. That rest *does swagger dance*
|
|cant|p2a: Suicune|slp
|move|p2a: Suicune|Sleep Talk|p2a: Suicune
|move|p2a: Suicune|Rest|p2a: Suicune|[from]Sleep Talk
|-fail|p2a: Suicune
|move|p1a: Umbreon|Foul Play|p2a: Suicune
|-damage|p2a: Suicune|347\/401 slp
|
|-heal|p2a: Suicune|372\/401 slp|[from] item: Leftovers
|-heal|p1a: Umbreon|368\/394|[from] item: Leftovers
|turn|21
|c| ChuffedTeapot|Bumfrumhell aim for the horn!
|
|switch|p1a: Crobat|Crobat, M|351\/374
|cant|p2a: Suicune|slp
|move|p2a: Suicune|Sleep Talk|p2a: Suicune
|move|p2a: Suicune|Scald|p1a: Crobat|[from]Sleep Talk
|-damage|p1a: Crobat|146\/374
|
|-heal|p1a: Crobat|169\/374|[from] item: Black Sludge
|-heal|p2a: Suicune|397\/401 slp|[from] item: Leftovers
|turn|22
|c| ChuffedTeapot|oh. He just went there *does swagger dance*
|join|Gay Bear Sex
|
|move|p1a: Crobat|Nasty Plot|p1a: Crobat
|-boost|p1a: Crobat|spa|2
|-curestatus|p2a: Suicune|slp
|move|p2a: Suicune|Scald|p1a: Crobat
|-damage|p1a: Crobat|0 fnt
|faint|p1a: Crobat
|
|-heal|p2a: Suicune|401\/401|[from] item: Leftovers
|c| ChuffedTeapot|next level meta that shield dust
|leave|Bumfrumhell
|c| ChuffedTeapot|strongest mon in game
|leave|SmashBrosBrawl
|player|p1
|c| ChuffedTeapot|oooooo can i have room voice
|c| ChuffedTeapot|XD
|-message|bumfrumhell lost due to inactivity.
|
|win|donger management
|raw|Ladder updating...
|raw|Bumfrumhell's rating: 1332 &rarr; <strong>1320<\/strong><br \/>(-12 for losing)
|raw|donger management's rating: 1471 &rarr; <strong>1484<\/strong><br \/>(+13 for winning)
|leave|ANGER MANAGEMENT
|leave|uunubnub
|leave|Gay Bear Sex