|join|UUST DaSpoofeh
|join|DONGER MANAGEMENT
|join|SmashBrosBrawl
|player|p1|UUST DaSpoofeh|290
|player|p2|DONGER MANAGEMENT|171
|gametype|singles
|gen|6
|tier|UU
|rule|Sleep Clause Mod: Limit one foe put to sleep
|rule|Species Clause: Limit one of each Pokémon
|rule|OHKO Clause: OHKO moves are banned
|rule|Moody Clause: Moody is banned
|rule|Evasion Moves Clause: Evasion moves are banned
|rule|Endless Battle Clause: Forcing endless battles is banned
|rule|HP Percentage Mod: HP is shown in percentages
|clearpoke
|poke|p1|Goodra, M
|poke|p1|Arcanine, M
|poke|p1|Whimsicott, F
|poke|p1|Empoleon, M
|poke|p1|Nidoking, M
|poke|p1|Galvantula, M
|poke|p2|Tyrantrum, F
|poke|p2|Infernape, M
|poke|p2|Azelf
|poke|p2|Krookodile, M
|poke|p2|Crobat, F
|poke|p2|Suicune
|rule|Swagger Clause: Swagger is banned
|rule|Baton Pass Clause: Limit one Pokémon knowing Baton Pass
|teampreview
|c|★UUST DaSpoofeh|congrats for making it this far
|join|Dad's Dad
|c| Dad's Dad|LMAO GALVANTULA
|join|LiberalLucario
|c|+SmashBrosBrawl|>empoleon
|
|start
|switch|p1a: Galvantula|Galvantula, M|281\/281
|switch|p2a: QT|Azelf|291\/291
|turn|1
|c|+SmashBrosBrawl|>
|c|+SmashBrosBrawl|>
|c| Dad's Dad|yo does tyrantrum have rock head
|c|+SmashBrosBrawl|are you going to
|c|+SmashBrosBrawl|defog
|c|+SmashBrosBrawl|if he setups rocks
|c|+SmashBrosBrawl|are you
|c| Dad's Dad|or is that just innovation
|c|+SmashBrosBrawl|ARE YOU
|c|★UUST DaSpoofeh|lol
|
|move|p2a: QT|Fire Blast|p1a: Galvantula
|-supereffective|p1a: Galvantula
|-enditem|p1a: Galvantula|Focus Sash
|-damage|p1a: Galvantula|1\/281
|move|p1a: Galvantula|Bug Buzz|p2a: QT
|-supereffective|p2a: QT
|-enditem|p2a: QT|Focus Sash
|-damage|p2a: QT|1\/291
|
|turn|2
|c| Dad's Dad|hehe nice web
|c| Dad's Dad|fuckboy
|c|+SmashBrosBrawl|not a single web
|c|+SmashBrosBrawl|was laid
|
|switch|p1a: Arcanine|Arcanine, M|321\/321
|-ability|p1a: Arcanine|Intimidate|[of] p2a: QT
|-unboost|p2a: QT|atk|1
|move|p2a: QT|Fire Blast|p1a: Arcanine
|-resisted|p1a: Arcanine
|-damage|p1a: Arcanine|254\/321
|
|-heal|p1a: Arcanine|274\/321|[from] item: Leftovers
|turn|3
|c| Dad's Dad|NICE LINE lmao
|c|+SmashBrosBrawl|nice sr
|c|+SmashBrosBrawl|dodmun
|c|★DONGER MANAGEMENT|why would i
|c|+SmashBrosBrawl|because many reasons
|c|+SmashBrosBrawl|now he exspeeds u
|join|Demxer
|c|+SmashBrosBrawl|fuking denied
|
|switch|p2a: fegit|Suicune|401\/401
|-ability|p2a: fegit|Pressure
|move|p1a: Arcanine|Extreme Speed|p2a: fegit
|-damage|p2a: fegit|340\/401
|
|-heal|p1a: Arcanine|294\/321|[from] item: Leftovers
|-heal|p2a: fegit|365\/401|[from] item: Leftovers
|turn|4
|c|★DONGER MANAGEMENT|he doesn't have it
|c|+SmashBrosBrawl|ooo
|leave|Demxer
|c|+SmashBrosBrawl|idk wahts worse
|c|+SmashBrosBrawl|defog webs
|
|switch|p1a: Empoleon|Empoleon, M|369\/369
|switch|p2a: QT|Azelf|1\/291
|
|turn|5
|c|+SmashBrosBrawl|or defog HO
|
|move|p2a: QT|Stealth Rock|p1a: Empoleon
|-sidestart|p1: UUST DaSpoofeh|move: Stealth Rock
|move|p1a: Empoleon|Knock Off|p2a: QT
|-supereffective|p2a: QT
|-damage|p2a: QT|0 fnt
|faint|p2a: QT
|
|join|I Only Nami
|
|switch|p2a: RECKLESS|Infernape, M|293\/293
|turn|6
|
|switch|p1a: Arcanine|Arcanine, M|294\/321
|-damage|p1a: Arcanine|214\/321|[from] Stealth Rock
|-ability|p1a: Arcanine|Intimidate|[of] p2a: RECKLESS
|-unboost|p2a: RECKLESS|atk|1
|move|p2a: RECKLESS|Close Combat|p1a: Arcanine
|-damage|p1a: Arcanine|11\/321
|-unboost|p2a: RECKLESS|def|1
|-unboost|p2a: RECKLESS|spd|1
|-damage|p2a: RECKLESS|264\/293|[from] item: Life Orb
|
|-heal|p1a: Arcanine|31\/321|[from] item: Leftovers
|turn|7
|
|move|p2a: RECKLESS|Close Combat|p1a: Arcanine
|-crit|p1a: Arcanine
|-damage|p1a: Arcanine|0 fnt
|-unboost|p2a: RECKLESS|def|1
|-unboost|p2a: RECKLESS|spd|1
|-damage|p2a: RECKLESS|235\/293|[from] item: Life Orb
|faint|p1a: Arcanine
|
|
|switch|p1a: Goodra|Goodra, M|384\/384
|-damage|p1a: Goodra|336\/384|[from] Stealth Rock
|turn|8
|join|thymetime
|
|move|p2a: RECKLESS|Close Combat|p1a: Goodra
|-damage|p1a: Goodra|116\/384
|-unboost|p2a: RECKLESS|def|1
|-unboost|p2a: RECKLESS|spd|1
|-damage|p2a: RECKLESS|206\/293|[from] item: Life Orb
|move|p1a: Goodra|Curse|p1a: Goodra
|-boost|p1a: Goodra|atk|1
|-boost|p1a: Goodra|def|1
|-unboost|p1a: Goodra|spe|1
|
|-heal|p1a: Goodra|140\/384|[from] item: Leftovers
|turn|9
|c|+SmashBrosBrawl|cursed
|
|move|p2a: RECKLESS|Swords Dance|p2a: RECKLESS
|-boost|p2a: RECKLESS|atk|2
|move|p1a: Goodra|Rest|p1a: Goodra
|-status|p1a: Goodra|slp
|-heal|p1a: Goodra|384\/384 slp|[silent]
|-status|p1a: Goodra|slp|[from] move: Rest
|
|turn|10
|join|Volbeatdown
|
|move|p2a: RECKLESS|Close Combat|p1a: Goodra
|-damage|p1a: Goodra|55\/384 slp
|-unboost|p2a: RECKLESS|def|1
|-unboost|p2a: RECKLESS|spd|1
|-damage|p2a: RECKLESS|177\/293|[from] item: Life Orb
|cant|p1a: Goodra|slp
|move|p1a: Goodra|Sleep Talk|p1a: Goodra
|move|p1a: Goodra|Dragon Tail|p2a: RECKLESS|[from]Sleep Talk
|-damage|p2a: RECKLESS|0 fnt
|faint|p2a: RECKLESS
|
|-heal|p1a: Goodra|79\/384 slp|[from] item: Leftovers
|leave|Volbeatdown
|c|★DONGER MANAGEMENT|i wonder how many times infernape died right there
|
|switch|p2a: SHADED|Krookodile, M|331\/331
|-ability|p2a: SHADED|Intimidate|[of] p1a: Goodra
|-unboost|p1a: Goodra|atk|1
|turn|11
|leave|thymetime
|
|move|p2a: SHADED|Knock Off|p1a: Goodra
|-damage|p1a: Goodra|0 fnt
|-enditem|p1a: Goodra|Leftovers|[from] move: Knock Off|[of] p2a: SHADED
|faint|p1a: Goodra
|
|
|switch|p1a: Whimsicott|Whimsicott, F|324\/324
|-damage|p1a: Whimsicott|284\/324|[from] Stealth Rock
|turn|12
|
|switch|p2a: TIRED OF FLYING|Crobat, F|341\/341
|move|p1a: Whimsicott|U-turn|p2a: TIRED OF FLYING
|-resisted|p2a: TIRED OF FLYING
|-damage|p2a: TIRED OF FLYING|332\/341
|
|switch|p1a: Empoleon|Empoleon, M|369\/369
|-damage|p1a: Empoleon|346\/369|[from] Stealth Rock
|
|-heal|p1a: Empoleon|369\/369|[from] item: Leftovers
|turn|13
|leave|Krispy Kreme II
|
|move|p2a: TIRED OF FLYING|U-turn|p1a: Empoleon
|-resisted|p1a: Empoleon
|-damage|p1a: Empoleon|347\/369
|
|switch|p2a: WIDE LEFT|Tyrantrum, F|315\/315
|move|p1a: Empoleon|Defog|p2a: WIDE LEFT
|-unboost|p2a: WIDE LEFT|evasion|1
|-sideend|p1: UUST DaSpoofeh|Stealth Rock|[from] move: Defog|[of] p1a: Empoleon
|
|-heal|p1a: Empoleon|369\/369|[from] item: Leftovers
|turn|14
|
|move|p2a: WIDE LEFT|Crunch|p1a: Empoleon
|-damage|p1a: Empoleon|233\/369
|-unboost|p1a: Empoleon|def|1
|-damage|p2a: WIDE LEFT|284\/315|[from] item: Life Orb
|move|p1a: Empoleon|Scald|p2a: WIDE LEFT
|-damage|p2a: WIDE LEFT|136\/315
|
|-heal|p1a: Empoleon|256\/369|[from] item: Leftovers
|turn|15
|
|switch|p1a: Whimsicott|Whimsicott, F|284\/324
|move|p2a: WIDE LEFT|Stone Edge|p1a: Whimsicott|[miss]
|-miss|p2a: WIDE LEFT|p1a: Whimsicott
|
|-heal|p1a: Whimsicott|304\/324|[from] item: Leftovers
|turn|16
|c|★DONGER MANAGEMENT|wide
|c|★DONGER MANAGEMENT|left
|c|★UUST DaSpoofeh|:P
|c|★DONGER MANAGEMENT|why make plays
|
|switch|p2a: TIRED OF FLYING|Crobat, F|332\/341
|move|p1a: Whimsicott|Moonblast|p2a: TIRED OF FLYING
|-resisted|p2a: TIRED OF FLYING
|-damage|p2a: TIRED OF FLYING|279\/341
|
|-heal|p1a: Whimsicott|324\/324|[from] item: Leftovers
|turn|17
|
|move|p1a: Whimsicott|Leech Seed|p2a: TIRED OF FLYING
|-start|p2a: TIRED OF FLYING|move: Leech Seed
|move|p2a: TIRED OF FLYING|U-turn|p1a: Whimsicott
|-damage|p1a: Whimsicott|255\/324
|join|UUST Stanford
|c|★UUST DaSpoofeh|crap stupid cancel button
|
|switch|p2a: fegit|Suicune|365\/401
|-ability|p2a: fegit|Pressure
|
|-heal|p1a: Whimsicott|275\/324|[from] item: Leftovers
|-heal|p2a: fegit|390\/401|[from] item: Leftovers
|turn|18
|join|Futurefusion
|
|switch|p2a: TIRED OF FLYING|Crobat, F|279\/341
|move|p1a: Whimsicott|U-turn|p2a: TIRED OF FLYING
|-resisted|p2a: TIRED OF FLYING
|-damage|p2a: TIRED OF FLYING|269\/341
|
|switch|p1a: Empoleon|Empoleon, M|256\/369
|
|-heal|p1a: Empoleon|279\/369|[from] item: Leftovers
|turn|19
|
|move|p2a: TIRED OF FLYING|U-turn|p1a: Empoleon
|-resisted|p1a: Empoleon
|-damage|p1a: Empoleon|255\/369
|
|switch|p2a: fegit|Suicune|390\/401
|-ability|p2a: fegit|Pressure
|move|p1a: Empoleon|Knock Off|p2a: fegit
|-crit|p2a: fegit
|-damage|p2a: fegit|321\/401
|-enditem|p2a: fegit|Leftovers|[from] move: Knock Off|[of] p1a: Empoleon
|
|-heal|p1a: Empoleon|278\/369|[from] item: Leftovers
|turn|20
|
|move|p2a: fegit|Scald|p1a: Empoleon
|-crit|p1a: Empoleon
|-resisted|p1a: Empoleon
|-damage|p1a: Empoleon|213\/369
|-status|p1a: Empoleon|brn
|move|p1a: Empoleon|Stealth Rock|p2a: fegit
|-sidestart|p2: DONGER MANAGEMENT|move: Stealth Rock
|
|-heal|p1a: Empoleon|236\/369 brn|[from] item: Leftovers
|-damage|p1a: Empoleon|190\/369 brn|[from] brn
|turn|21
|
|switch|p1a: Whimsicott|Whimsicott, F|275\/324
|move|p2a: fegit|Scald|p1a: Whimsicott
|-resisted|p1a: Whimsicott
|-damage|p1a: Whimsicott|218\/324
|-status|p1a: Whimsicott|brn
|
|-heal|p1a: Whimsicott|238\/324 brn|[from] item: Leftovers
|-damage|p1a: Whimsicott|198\/324 brn|[from] brn
|turn|22
|
|move|p1a: Whimsicott|U-turn|p2a: fegit
|-damage|p2a: fegit|308\/401
|
|switch|p1a: Empoleon|Empoleon, M|190\/369 brn
|move|p2a: fegit|Scald|p1a: Empoleon
|-resisted|p1a: Empoleon
|-damage|p1a: Empoleon|146\/369 brn
|
|-heal|p1a: Empoleon|169\/369 brn|[from] item: Leftovers
|-damage|p1a: Empoleon|123\/369 brn|[from] brn
|turn|23
|
|move|p2a: fegit|Scald|p1a: Empoleon
|-resisted|p1a: Empoleon
|-damage|p1a: Empoleon|78\/369 brn
|move|p1a: Empoleon|Scald|p2a: fegit
|-resisted|p2a: fegit
|-damage|p2a: fegit|239\/401
|
|-heal|p1a: Empoleon|101\/369 brn|[from] item: Leftovers
|-damage|p1a: Empoleon|55\/369 brn|[from] brn
|turn|24
|
|move|p2a: fegit|Calm Mind|p2a: fegit
|-boost|p2a: fegit|spa|1
|-boost|p2a: fegit|spd|1
|move|p1a: Empoleon|Scald|p2a: fegit
|-resisted|p2a: fegit
|-damage|p2a: fegit|197\/401
|
|-heal|p1a: Empoleon|78\/369 brn|[from] item: Leftovers
|-damage|p1a: Empoleon|32\/369 brn|[from] brn
|turn|25
|
|move|p2a: fegit|Scald|p1a: Empoleon
|-resisted|p1a: Empoleon
|-damage|p1a: Empoleon|0 fnt
|faint|p1a: Empoleon
|
|
|switch|p1a: Galvantula|Galvantula, M|1\/281
|turn|26
|
|move|p1a: Galvantula|Thunder|p2a: fegit
|-supereffective|p2a: fegit
|-damage|p2a: fegit|0 fnt
|faint|p2a: fegit
|
|c|★DONGER MANAGEMENT|mfw
|c|★DONGER MANAGEMENT|highest
|c|★DONGER MANAGEMENT|of high rolls
|
|switch|p2a: TIRED OF FLYING|Crobat, F|269\/341
|-damage|p2a: TIRED OF FLYING|184\/341|[from] Stealth Rock
|turn|27
|
|switch|p1a: Whimsicott|Whimsicott, F|198\/324 brn
|move|p2a: TIRED OF FLYING|Brave Bird|p1a: Whimsicott
|-supereffective|p1a: Whimsicott
|-damage|p1a: Whimsicott|0 fnt
|-damage|p2a: TIRED OF FLYING|119\/341|[from] recoil|[of] p1a: Whimsicott
|faint|p1a: Whimsicott
|
|
|switch|p1a: Nidoking|Nidoking, M|303\/303
|turn|28
|
|switch|p2a: WIDE LEFT|Tyrantrum, F|136\/315
|-damage|p2a: WIDE LEFT|97\/315|[from] Stealth Rock
|move|p1a: Nidoking|Ice Beam|p2a: WIDE LEFT
|-supereffective|p2a: WIDE LEFT
|-damage|p2a: WIDE LEFT|0 fnt
|faint|p2a: WIDE LEFT
|
|c|★UUST DaSpoofeh|damn gg
|
|switch|p2a: SHADED|Krookodile, M|331\/331
|-damage|p2a: SHADED|311\/331|[from] Stealth Rock
|-ability|p2a: SHADED|Intimidate|[of] p1a: Nidoking
|-unboost|p1a: Nidoking|atk|1
|turn|29
|join|HUGESTEELIX
|
|move|p2a: SHADED|Earthquake|p1a: Nidoking
|-supereffective|p1a: Nidoking
|-damage|p1a: Nidoking|0 fnt
|faint|p1a: Nidoking
|
|
|switch|p1a: Galvantula|Galvantula, M|1\/281
|turn|30
|c|★DONGER MANAGEMENT|gg
|c|★UUST DaSpoofeh|ggg
|
|move|p1a: Galvantula|Bug Buzz|p2a: SHADED
|-supereffective|p2a: SHADED
|-damage|p2a: SHADED|0 fnt
|faint|p2a: SHADED
|
|leave|HUGESTEELIX
|c|★UUST DaSpoofeh|jk im scarfed
|
|switch|p2a: TIRED OF FLYING|Crobat, F|119\/341
|-damage|p2a: TIRED OF FLYING|34\/341|[from] Stealth Rock
|turn|31
|c|★DONGER MANAGEMENT|!learn galvantula, sucker punch
|raw|<div class="infobox">Galvantula <span class="message-learn-canlearn">can<\/span> learn Sucker Punch<\/ul><\/div>
|
|move|p2a: TIRED OF FLYING|Brave Bird|p1a: Galvantula
|-damage|p1a: Galvantula|0 fnt
|-damage|p2a: TIRED OF FLYING|33\/341|[from] recoil|[of] p1a: Galvantula
|faint|p1a: Galvantula
|
|win|DONGER MANAGEMENT
|c|★UUST DaSpoofeh|lol.'
|leave|DONGER MANAGEMENT
|c|★UUST DaSpoofeh|really good game