|join|Wrath748
|join|CyndaKillSH
|player|p1|Wrath748|2
|player|p2|CyndaKillSH|161
|gametype|singles
|gen|6
|tier|OU
|rated
|clearpoke
|poke|p1|Landorus-Therian, M
|poke|p1|Rotom-Wash
|poke|p1|Breloom, M
|poke|p1|Talonflame, F
|poke|p1|Excadrill, M
|poke|p1|Gardevoir, F
|poke|p2|Volcarona, M, shiny
|poke|p2|Landorus-Therian, M, shiny
|poke|p2|Charizard, M, shiny
|poke|p2|Terrakion, shiny
|poke|p2|Venusaur, M, shiny
|poke|p2|Latios, M, shiny
|rule|Swagger Clause: Swagger is banned
|rule|Baton Pass Clause: Limit one Pokémon knowing Baton Pass
|rule|Sleep Clause Mod: Limit one foe put to sleep
|rule|Species Clause: Limit one of each Pokémon
|rule|OHKO Clause: OHKO moves are banned
|rule|Moody Clause: Moody is banned
|rule|Evasion Moves Clause: Evasion moves are banned
|rule|Endless Battle Clause: Forcing endless battles is banned
|rule|HP Percentage Mod: HP is shown in percentages
|teampreview
|
|start
|switch|p1a: Rotom-Wash|Rotom-Wash|303\/303
|switch|p2a: Demeteros|Landorus-Therian, M, shiny|320\/320
|-ability|p2a: Demeteros|Intimidate|[of] p1a: Rotom-Wash
|-unboost|p1a: Rotom-Wash|atk|1
|turn|1
|
|move|p2a: Demeteros|Stealth Rock|p1a: Rotom-Wash
|-sidestart|p1: Wrath748|move: Stealth Rock
|move|p1a: Rotom-Wash|Hydro Pump|p2a: Demeteros|[miss]
|-miss|p1a: Rotom-Wash|p2a: Demeteros
|
|turn|2
|
|move|p2a: Demeteros|U-turn|p1a: Rotom-Wash
|-damage|p1a: Rotom-Wash|241\/303
|
|switch|p2a: Latios|Latios, M, shiny|302\/302
|move|p1a: Rotom-Wash|Volt Switch|p2a: Latios
|-resisted|p2a: Latios
|-damage|p2a: Latios|263\/302
|
|switch|p1a: Gardevoir|Gardevoir, F|277\/277
|-damage|p1a: Gardevoir|243\/277|[from] Stealth Rock
|-ability|p1a: Gardevoir|Levitate|[from] ability: Trace|[of] p2a: Latios
|
|turn|3
|
|switch|p2a: Dracaufeu|Charizard, M, shiny|297\/297
|detailschange|p1a: Gardevoir|Gardevoir-Mega, F
|-mega|p1a: Gardevoir|Gardevoir|Gardevoirite
|move|p1a: Gardevoir|Hyper Voice|p2a: Dracaufeu
|-resisted|p2a: Dracaufeu
|-damage|p2a: Dracaufeu|134\/297
|
|turn|4
|
|switch|p1a: Rotom-Wash|Rotom-Wash|241\/303
|-damage|p1a: Rotom-Wash|204\/303|[from] Stealth Rock
|detailschange|p2a: Dracaufeu|Charizard-Mega-Y, M, shiny
|-mega|p2a: Dracaufeu|Charizard|Charizardite Y
|-weather|SunnyDay
|move|p2a: Dracaufeu|Flamethrower|p1a: Rotom-Wash
|-resisted|p1a: Rotom-Wash
|-damage|p1a: Rotom-Wash|75\/303
|
|-weather|SunnyDay|[upkeep]
|-heal|p1a: Rotom-Wash|93\/303|[from] item: Leftovers
|turn|5
|
|move|p2a: Dracaufeu|Flamethrower|p1a: Rotom-Wash
|-resisted|p1a: Rotom-Wash
|-damage|p1a: Rotom-Wash|0 fnt
|faint|p1a: Rotom-Wash
|
|-weather|SunnyDay|[upkeep]
|
|switch|p1a: Excadrill|Excadrill, M|361\/361
|-damage|p1a: Excadrill|350\/361|[from] Stealth Rock
|-ability|p1a: Excadrill|Mold Breaker
|turn|6
|
|switch|p2a: Demeteros|Landorus-Therian, M, shiny|320\/320
|-ability|p2a: Demeteros|Intimidate|[of] p1a: Excadrill
|-unboost|p1a: Excadrill|atk|1
|move|p1a: Excadrill|Rock Slide|p2a: Demeteros
|-damage|p2a: Demeteros|254\/320
|
|-weather|SunnyDay|[upkeep]
|turn|7
|
|switch|p1a: Landorus-Therian|Landorus-Therian, M|382\/382
|-damage|p1a: Landorus-Therian|335\/382|[from] Stealth Rock
|-ability|p1a: Landorus-Therian|Intimidate|[of] p2a: Demeteros
|-unboost|p2a: Demeteros|atk|1
|move|p2a: Demeteros|U-turn|p1a: Landorus-Therian
|-resisted|p1a: Landorus-Therian
|-damage|p1a: Landorus-Therian|313\/382
|
|switch|p2a: Florizarre|Venusaur, M, shiny|319\/319
|
|-weather|SunnyDay|[upkeep]
|-heal|p1a: Landorus-Therian|336\/382|[from] item: Leftovers
|turn|8
|
|move|p2a: Florizarre|Hidden Power|p1a: Landorus-Therian
|-supereffective|p1a: Landorus-Therian
|-damage|p1a: Landorus-Therian|0 fnt
|-damage|p2a: Florizarre|288\/319|[from] item: Life Orb
|faint|p1a: Landorus-Therian
|
|-weather|none
|
|switch|p1a: Excadrill|Excadrill, M|350\/361
|-damage|p1a: Excadrill|339\/361|[from] Stealth Rock
|-ability|p1a: Excadrill|Mold Breaker
|turn|9
|
|switch|p2a: Demeteros|Landorus-Therian, M, shiny|254\/320
|-ability|p2a: Demeteros|Intimidate|[of] p1a: Excadrill
|-unboost|p1a: Excadrill|atk|1
|move|p1a: Excadrill|Rapid Spin|p2a: Demeteros
|-crit|p2a: Demeteros
|-damage|p2a: Demeteros|214\/320
|-sideend|p1: Wrath748|Stealth Rock|[from] move: Rapid Spin|[of] p1a: Excadrill
|
|turn|10
|
|switch|p1a: Breloom|Breloom, M|293\/293
|move|p2a: Demeteros|Stealth Rock|p1a: Breloom
|-sidestart|p1: Wrath748|move: Stealth Rock
|
|-status|p1a: Breloom|tox|[from] item: Toxic Orb
|turn|11
|
|move|p2a: Demeteros|U-turn|p1a: Breloom
|-damage|p1a: Breloom|193\/293 tox
|
|switch|p2a: Florizarre|Venusaur, M, shiny|288\/319
|move|p1a: Breloom|Substitute|p1a: Breloom
|-start|p1a: Breloom|Substitute
|-damage|p1a: Breloom|120\/293 tox
|
|-heal|p1a: Breloom|156\/293 tox|[from] ability: Poison Heal
|turn|12
|
|-singleturn|p1a: Breloom|move: Focus Punch
|move|p2a: Florizarre|Sludge Bomb|p1a: Breloom
|-supereffective|p1a: Breloom
|-end|p1a: Breloom|Substitute
|-damage|p2a: Florizarre|257\/319|[from] item: Life Orb
|move|p1a: Breloom|Focus Punch|p2a: Florizarre
|-resisted|p2a: Florizarre
|-damage|p2a: Florizarre|89\/319
|
|-heal|p1a: Breloom|192\/293 tox|[from] ability: Poison Heal
|turn|13
|
|switch|p1a: Excadrill|Excadrill, M|339\/361
|-damage|p1a: Excadrill|328\/361|[from] Stealth Rock
|-ability|p1a: Excadrill|Mold Breaker
|move|p2a: Florizarre|Sludge Bomb|p1a: Excadrill
|-immune|p1a: Excadrill|[msg]
|
|turn|14
|
|move|p1a: Excadrill|Rapid Spin|p2a: Florizarre
|-damage|p2a: Florizarre|62\/319
|-sideend|p1: Wrath748|Stealth Rock|[from] move: Rapid Spin|[of] p1a: Excadrill
|move|p2a: Florizarre|Giga Drain|p1a: Excadrill
|-damage|p1a: Excadrill|85\/361
|-heal|p2a: Florizarre|184\/319|[from] drain|[of] p1a: Excadrill
|-damage|p2a: Florizarre|153\/319|[from] item: Life Orb
|
|turn|15
|
|move|p1a: Excadrill|Rapid Spin|p2a: Florizarre
|-damage|p2a: Florizarre|125\/319
|move|p2a: Florizarre|Substitute|p2a: Florizarre
|-start|p2a: Florizarre|Substitute
|-damage|p2a: Florizarre|46\/319
|
|turn|16
|
|switch|p1a: Talonflame|Talonflame, F|297\/297
|move|p2a: Florizarre|Sludge Bomb|p1a: Talonflame
|-damage|p1a: Talonflame|31\/297
|-damage|p2a: Florizarre|15\/319|[from] item: Life Orb
|
|turn|17
|
|move|p1a: Talonflame|U-turn|p2a: Florizarre
|-end|p2a: Florizarre|Substitute
|
|switch|p1a: Excadrill|Excadrill, M|85\/361
|-ability|p1a: Excadrill|Mold Breaker
|move|p2a: Florizarre|Giga Drain|p1a: Excadrill
|-damage|p1a: Excadrill|0 fnt
|-heal|p2a: Florizarre|58\/319|[from] drain|[of] p1a: Excadrill
|-damage|p2a: Florizarre|27\/319|[from] item: Life Orb
|faint|p1a: Excadrill
|
|
|switch|p1a: Talonflame|Talonflame, F|31\/297
|turn|18
|
|switch|p2a: Demeteros|Landorus-Therian, M, shiny|214\/320
|-ability|p2a: Demeteros|Intimidate|[of] p1a: Talonflame
|-unboost|p1a: Talonflame|atk|1
|move|p1a: Talonflame|U-turn|p2a: Demeteros
|-resisted|p2a: Demeteros
|-damage|p2a: Demeteros|181\/320
|
|switch|p1a: Breloom|Breloom, M|192\/293 tox
|
|-heal|p1a: Breloom|228\/293 tox|[from] ability: Poison Heal
|turn|19
|
|switch|p1a: Talonflame|Talonflame, F|31\/297
|move|p2a: Demeteros|U-turn|p1a: Talonflame
|-resisted|p1a: Talonflame
|-damage|p1a: Talonflame|0 fnt
|faint|p1a: Talonflame
|
|switch|p2a: Terrakium|Terrakion, shiny|323\/323
|
|
|switch|p1a: Breloom|Breloom, M|228\/293 tox
|turn|20
|
|move|p2a: Terrakium|Close Combat|p1a: Breloom
|-damage|p1a: Breloom|0 fnt
|-unboost|p2a: Terrakium|def|1
|-unboost|p2a: Terrakium|spd|1
|faint|p1a: Breloom
|
|
|switch|p1a: Gardevoir|Gardevoir-Mega, F|243\/277
|turn|21
|
|move|p2a: Terrakium|Poison Jab|p1a: Gardevoir
|-supereffective|p1a: Gardevoir
|-damage|p1a: Gardevoir|0 fnt
|faint|p1a: Gardevoir
|
|win|CyndaKillSH
|raw|Ladder updating...
|raw|Wrath748's rating: 1489 &rarr; <strong>1467<\/strong><br \/>(-22 for losing)
|raw|CyndaKillSH's rating: 1463 &rarr; <strong>1484<\/strong><br \/>(+21 for winning)
|leave|Wrath748
|player|p1