|join|SandzoBoy
|join|CyndaKillSH
|player|p1|SandzoBoy|1
|player|p2|CyndaKillSH|161
|gametype|singles
|gen|6
|tier|OU
|rated
|clearpoke
|poke|p1|Altaria, F, shiny
|poke|p1|Scizor, M
|poke|p1|Donphan, F
|poke|p1|Rotom-Heat
|poke|p1|Gengar, F
|poke|p1|Greninja, M
|poke|p2|Volcarona, M, shiny
|poke|p2|Landorus-Therian, M, shiny
|poke|p2|Charizard, M, shiny
|poke|p2|Terrakion, shiny
|poke|p2|Venusaur, M, shiny
|poke|p2|Latios, M, shiny
|rule|Swagger Clause: Swagger is banned
|rule|Baton Pass Clause: Limit one Pokémon knowing Baton Pass
|rule|Sleep Clause Mod: Limit one foe put to sleep
|rule|Species Clause: Limit one of each Pokémon
|rule|OHKO Clause: OHKO moves are banned
|rule|Moody Clause: Moody is banned
|rule|Evasion Moves Clause: Evasion moves are banned
|rule|Endless Battle Clause: Forcing endless battles is banned
|rule|HP Percentage Mod: HP is shown in percentages
|teampreview
|
|start
|switch|p1a: Greninja|Greninja, M|285\/285
|switch|p2a: Dracaufeu|Charizard, M, shiny|298\/298
|turn|1
|
|detailschange|p2a: Dracaufeu|Charizard-Mega-Y, M, shiny
|-mega|p2a: Dracaufeu|Charizard|Charizardite Y
|-weather|SunnyDay
|move|p1a: Greninja|Ice Beam|p2a: Dracaufeu
|-start|p1a: Greninja|typechange|Ice|[from] Protean
|-damage|p2a: Dracaufeu|129\/298
|move|p2a: Dracaufeu|Solar Beam|p1a: Greninja|[still]
|-prepare|p2a: Dracaufeu|Solar Beam|p1a: Greninja
|-anim|p2a: Dracaufeu|Solar Beam|p1a: Greninja
|-damage|p1a: Greninja|78\/285
|
|-weather|SunnyDay|[upkeep]
|turn|2
|
|switch|p2a: Pyrax|Volcarona, M, shiny|374\/374
|move|p1a: Greninja|Ice Beam|p2a: Pyrax
|-resisted|p2a: Pyrax
|-damage|p2a: Pyrax|281\/374
|
|-weather|SunnyDay|[upkeep]
|turn|3
|
|switch|p1a: Donphan|Donphan, F|384\/384
|move|p2a: Pyrax|Quiver Dance|p2a: Pyrax
|-boost|p2a: Pyrax|spa|1
|-boost|p2a: Pyrax|spd|1
|-boost|p2a: Pyrax|spe|1
|
|-weather|SunnyDay|[upkeep]
|turn|4
|
|move|p2a: Pyrax|Giga Drain|p1a: Donphan
|-supereffective|p1a: Donphan
|-damage|p1a: Donphan|50\/384
|-heal|p2a: Pyrax|374\/374|[from] drain|[of] p1a: Donphan
|move|p1a: Donphan|Earthquake|p2a: Pyrax
|-damage|p2a: Pyrax|194\/374
|
|-weather|SunnyDay|[upkeep]
|turn|5
|
|move|p1a: Donphan|Ice Shard|p2a: Pyrax
|-resisted|p2a: Pyrax
|-damage|p2a: Pyrax|169\/374
|-enditem|p2a: Pyrax|Sitrus Berry|[eat]
|-heal|p2a: Pyrax|262\/374|[from] item: Sitrus Berry
|move|p2a: Pyrax|Fiery Dance|p1a: Donphan
|-damage|p1a: Donphan|0 fnt
|faint|p1a: Donphan
|
|-weather|none
|
|switch|p1a: Greninja|Greninja, M|78\/285
|turn|6
|
|move|p2a: Pyrax|Giga Drain|p1a: Greninja
|-supereffective|p1a: Greninja
|-damage|p1a: Greninja|0 fnt
|-heal|p2a: Pyrax|301\/374|[from] drain|[of] p1a: Greninja
|faint|p1a: Greninja
|
|
|switch|p1a: Gengar|Gengar, F|261\/261
|turn|7
|
|move|p2a: Pyrax|Fiery Dance|p1a: Gengar
|-damage|p1a: Gengar|44\/261
|-boost|p2a: Pyrax|spa|1
|move|p1a: Gengar|Sludge Wave|p2a: Pyrax
|-damage|p2a: Pyrax|193\/374
|
|turn|8
|
|move|p2a: Pyrax|Giga Drain|p1a: Gengar
|-resisted|p1a: Gengar
|-damage|p1a: Gengar|0 fnt
|-heal|p2a: Pyrax|215\/374|[from] drain|[of] p1a: Gengar
|faint|p1a: Gengar
|
|
|switch|p1a: Rotom-Heat|Rotom-Heat|304\/304
|turn|9
|
|move|p2a: Pyrax|Bug Buzz|p1a: Rotom-Heat
|-resisted|p1a: Rotom-Heat
|-damage|p1a: Rotom-Heat|202\/304
|move|p1a: Rotom-Heat|Volt Switch|p2a: Pyrax
|-damage|p2a: Pyrax|161\/374
|
|switch|p1a: Altaria|Altaria, F, shiny|291\/291
|
|turn|10
|
|detailschange|p1a: Altaria|Altaria-Mega, F, shiny
|-mega|p1a: Altaria|Altaria|Altarianite
|move|p2a: Pyrax|Fiery Dance|p1a: Altaria
|-resisted|p1a: Altaria
|-damage|p1a: Altaria|155\/291
|-boost|p2a: Pyrax|spa|1
|move|p1a: Altaria|Return|p2a: Pyrax
|-resisted|p2a: Pyrax
|-damage|p2a: Pyrax|47\/374
|-status|p1a: Altaria|brn
|
|-damage|p1a: Altaria|119\/291 brn|[from] brn
|turn|11
|
|move|p2a: Pyrax|Fiery Dance|p1a: Altaria
|-resisted|p1a: Altaria
|-damage|p1a: Altaria|0 fnt
|-boost|p2a: Pyrax|spa|1
|faint|p1a: Altaria
|
|
|switch|p1a: Scizor|Scizor, M|343\/343
|turn|12
|
|move|p1a: Scizor|Bullet Punch|p2a: Pyrax
|-resisted|p2a: Pyrax
|-damage|p2a: Pyrax|0 fnt
|-status|p1a: Scizor|brn
|faint|p2a: Pyrax
|
|-damage|p1a: Scizor|301\/343 brn|[from] brn
|
|switch|p2a: Dracaufeu|Charizard-Mega-Y, M, shiny|129\/298
|-weather|SunnyDay
|turn|13
|c|★SandzoBoy|130% that burn xD
|
|move|p1a: Scizor|Bullet Punch|p2a: Dracaufeu
|-resisted|p2a: Dracaufeu
|-damage|p2a: Dracaufeu|75\/298
|move|p2a: Dracaufeu|Flamethrower|p1a: Scizor
|-supereffective|p1a: Scizor
|-damage|p1a: Scizor|0 fnt
|faint|p1a: Scizor
|
|-weather|SunnyDay|[upkeep]
|c|★SandzoBoy|gg
|c|★CyndaKillSH|gg
|
|switch|p1a: Rotom-Heat|Rotom-Heat|202\/304
|turn|14
|
|move|p2a: Dracaufeu|Flamethrower|p1a: Rotom-Heat
|-resisted|p1a: Rotom-Heat
|-damage|p1a: Rotom-Heat|103\/304
|move|p1a: Rotom-Heat|Volt Switch|p2a: Dracaufeu
|-supereffective|p2a: Dracaufeu
|-damage|p2a: Dracaufeu|0 fnt
|faint|p2a: Dracaufeu
|
|-weather|SunnyDay|[upkeep]
|-heal|p1a: Rotom-Heat|122\/304|[from] item: Leftovers
|
|switch|p2a: Terrakium|Terrakion, shiny|323\/323
|turn|15
|
|move|p2a: Terrakium|Rock Slide|p1a: Rotom-Heat
|-supereffective|p1a: Rotom-Heat
|-damage|p1a: Rotom-Heat|0 fnt
|faint|p1a: Rotom-Heat
|
|win|CyndaKillSH
|raw|Ladder updating...
|raw|SandzoBoy's rating: 1353 &rarr; <strong>1332<\/strong><br \/>(-21 for losing)
|raw|CyndaKillSH's rating: 1336 &rarr; <strong>1357<\/strong><br \/>(+21 for winning)
|leave|SandzoBoy
|player|p1