|join|purrl
|join|Angel Management
|player|p1|purrl|8
|player|p2|Angel Management|211
|gametype|singles
|gen|6
|tier|UU
|rated
|rule|Sleep Clause Mod: Limit one foe put to sleep
|rule|Species Clause: Limit one of each Pokémon
|rule|OHKO Clause: OHKO moves are banned
|rule|Moody Clause: Moody is banned
|rule|Evasion Moves Clause: Evasion moves are banned
|rule|Endless Battle Clause: Forcing endless battles is banned
|rule|HP Percentage Mod: HP is shown in percentages
|clearpoke
|poke|p1|Gallade, M
|poke|p1|Suicune
|poke|p1|Jirachi
|poke|p1|Whimsicott, F
|poke|p1|Raikou
|poke|p1|Nidoqueen, F
|poke|p2|Slowking, M
|poke|p2|Lopunny, F
|poke|p2|Zygarde
|poke|p2|Tornadus, M, shiny
|poke|p2|Azelf, shiny
|poke|p2|Fletchinder, M
|rule|Swagger Clause: Swagger is banned
|rule|Baton Pass Clause: Limit one Pokémon knowing Baton Pass
|teampreview
|join|sadadsasdwedwed
|
|start
|switch|p1a: Raikou|Raikou|321\/321
|switch|p2a: Dudeman130498|Azelf, shiny|291\/291
|-ability|p1a: Raikou|Pressure
|turn|1
|
|move|p1a: Raikou|Volt Switch|p2a: Dudeman130498
|-damage|p2a: Dudeman130498|80\/291
|-damage|p1a: Raikou|289\/321|[from] item: Life Orb
|
|switch|p1a: Jirachi|Jirachi|341\/341
|move|p2a: Dudeman130498|Stealth Rock|p1a: Jirachi
|-sidestart|p1: purrl|move: Stealth Rock
|
|turn|2
|
|move|p1a: Jirachi|U-turn|p2a: Dudeman130498
|-supereffective|p2a: Dudeman130498
|-damage|p2a: Dudeman130498|0 fnt
|faint|p2a: Dudeman130498
|
|switch|p1a: Raikou|Raikou|289\/321
|-damage|p1a: Raikou|249\/321|[from] Stealth Rock
|-ability|p1a: Raikou|Pressure
|
|
|switch|p2a: DMT|Lopunny, F|271\/271
|turn|3
|
|switch|p1a: Jirachi|Jirachi|341\/341
|-damage|p1a: Jirachi|320\/341|[from] Stealth Rock
|detailschange|p2a: DMT|Lopunny-Mega, F
|message|Lopunny has Mega Evolved into Mega Lopunny!
|move|p2a: DMT|Frustration|p1a: Jirachi
|-resisted|p1a: Jirachi
|-damage|p1a: Jirachi|229\/341
|
|turn|4
|
|move|p1a: Jirachi|U-turn|p2a: DMT
|-resisted|p2a: DMT
|-damage|p2a: DMT|233\/271
|
|switch|p1a: Whimsicott|Whimsicott, F|261\/261
|-damage|p1a: Whimsicott|229\/261|[from] Stealth Rock
|move|p2a: DMT|High Jump Kick|p1a: Whimsicott
|-resisted|p1a: Whimsicott
|-damage|p1a: Whimsicott|91\/261
|
|turn|5
|
|move|p1a: Whimsicott|Stun Spore|p2a: DMT
|-status|p2a: DMT|par
|cant|p2a: DMT|par
|
|turn|6
|
|switch|p2a: sniperaim|Fletchinder, M|291\/291
|move|p1a: Whimsicott|Moonblast|p2a: sniperaim
|-resisted|p2a: sniperaim
|-damage|p2a: sniperaim|152\/291
|-unboost|p2a: sniperaim|spa|1
|-damage|p1a: Whimsicott|65\/261|[from] item: Life Orb
|
|turn|7
|
|switch|p1a: Jirachi|Jirachi|229\/341
|-damage|p1a: Jirachi|208\/341|[from] Stealth Rock
|move|p2a: sniperaim|Acrobatics|p1a: Jirachi
|-resisted|p1a: Jirachi
|-damage|p1a: Jirachi|136\/341
|
|turn|8
|
|switch|p2a: DMT|Lopunny-Mega, F|233\/271 par
|move|p1a: Jirachi|Trick|p2a: DMT
|-fail|p2a: DMT
|
|turn|9
|
|switch|p1a: Nidoqueen|Nidoqueen, F|327\/327
|-damage|p1a: Nidoqueen|307\/327|[from] Stealth Rock
|switch|p2a: xMarth|Zygarde|359\/359
|-ability|p2a: xMarth|Aura Break
|
|turn|10
|
|switch|p1a: Suicune|Suicune|391\/391
|-damage|p1a: Suicune|343\/391|[from] Stealth Rock
|-ability|p1a: Suicune|Pressure
|move|p2a: xMarth|Earthquake|p1a: Suicune
|-damage|p1a: Suicune|151\/391
|-damage|p2a: xMarth|324\/359|[from] item: Life Orb
|
|-heal|p1a: Suicune|175\/391|[from] item: Leftovers
|turn|11
|
|move|p2a: xMarth|Earthquake|p1a: Suicune
|-damage|p1a: Suicune|0 fnt
|-damage|p2a: xMarth|289\/359|[from] item: Life Orb
|faint|p1a: Suicune
|
|
|switch|p1a: Raikou|Raikou|249\/321
|-damage|p1a: Raikou|209\/321|[from] Stealth Rock
|-ability|p1a: Raikou|Pressure
|turn|12
|
|switch|p2a: King UU|Slowking, M|394\/394
|move|p1a: Raikou|Hidden Power|p2a: King UU
|-crit|p2a: King UU
|-resisted|p2a: King UU
|-damage|p2a: King UU|336\/394
|-damage|p1a: Raikou|177\/321|[from] item: Life Orb
|
|-heal|p2a: King UU|360\/394|[from] item: Leftovers
|turn|13
|
|switch|p2a: DMT|Lopunny-Mega, F|233\/271 par
|move|p1a: Raikou|Volt Switch|p2a: DMT
|-damage|p2a: DMT|89\/271 par
|-damage|p1a: Raikou|145\/321|[from] item: Life Orb
|
|switch|p1a: Nidoqueen|Nidoqueen, F|307\/327
|-damage|p1a: Nidoqueen|287\/327|[from] Stealth Rock
|
|turn|14
|
|move|p1a: Nidoqueen|Stealth Rock|p2a: DMT
|-sidestart|p2: Angel Management|move: Stealth Rock
|move|p2a: DMT|Encore|p1a: Nidoqueen
|-start|p1a: Nidoqueen|Encore
|
|turn|15
|
|switch|p1a: Jirachi|Jirachi|136\/341
|-damage|p1a: Jirachi|115\/341|[from] Stealth Rock
|move|p2a: DMT|Frustration|p1a: Jirachi
|-resisted|p1a: Jirachi
|-damage|p1a: Jirachi|23\/341
|
|turn|16
|
|move|p1a: Jirachi|Iron Head|p2a: DMT
|-damage|p2a: DMT|0 fnt
|faint|p2a: DMT
|
|
|switch|p2a: King UU|Slowking, M|394\/394
|-damage|p2a: King UU|345\/394|[from] Stealth Rock
|turn|17
|
|switch|p1a: Whimsicott|Whimsicott, F|65\/261
|-damage|p1a: Whimsicott|33\/261|[from] Stealth Rock
|move|p2a: King UU|Trick Room|p2a: King UU
|-fieldstart|move: Trick Room|[of] p2a: King UU
|
|-heal|p2a: King UU|369\/394|[from] item: Leftovers
|turn|18
|
|switch|p2a: Technosis|Tornadus, M, shiny|299\/299
|-damage|p2a: Technosis|225\/299|[from] Stealth Rock
|move|p1a: Whimsicott|Stun Spore|p2a: Technosis
|-status|p2a: Technosis|par
|
|turn|19
|
|switch|p1a: Jirachi|Jirachi|23\/341
|-damage|p1a: Jirachi|2\/341|[from] Stealth Rock
|move|p2a: Technosis|Acrobatics|p1a: Jirachi
|-resisted|p1a: Jirachi
|-damage|p1a: Jirachi|0 fnt
|faint|p1a: Jirachi
|
|
|switch|p1a: Raikou|Raikou|145\/321
|-damage|p1a: Raikou|105\/321|[from] Stealth Rock
|-ability|p1a: Raikou|Pressure
|turn|20
|
|move|p2a: Technosis|Knock Off|p1a: Raikou
|-damage|p1a: Raikou|0 fnt
|-enditem|p1a: Raikou|Life Orb|[from] move: Knock Off|[of] p2a: Technosis
|faint|p1a: Raikou
|
|
|switch|p1a: Nidoqueen|Nidoqueen, F|287\/327
|-damage|p1a: Nidoqueen|267\/327|[from] Stealth Rock
|turn|21
|
|cant|p2a: Technosis|par
|move|p1a: Nidoqueen|Sludge Wave|p2a: Technosis
|-damage|p2a: Technosis|0 fnt
|faint|p2a: Technosis
|
|-fieldend|move: Trick Room
|
|switch|p2a: xMarth|Zygarde|289\/359
|-damage|p2a: xMarth|267\/359|[from] Stealth Rock
|-ability|p2a: xMarth|Aura Break
|turn|22
|
|move|p2a: xMarth|Earthquake|p1a: Nidoqueen
|-supereffective|p1a: Nidoqueen
|-damage|p1a: Nidoqueen|0 fnt
|-damage|p2a: xMarth|232\/359|[from] item: Life Orb
|faint|p1a: Nidoqueen
|
|
|switch|p1a: Whimsicott|Whimsicott, F|33\/261
|-damage|p1a: Whimsicott|1\/261|[from] Stealth Rock
|turn|23
|
|move|p2a: xMarth|Extreme Speed|p1a: Whimsicott
|-damage|p1a: Whimsicott|0 fnt
|-damage|p2a: xMarth|197\/359|[from] item: Life Orb
|faint|p1a: Whimsicott
|
|
|switch|p1a: Gallade|Gallade, M|277\/277
|-damage|p1a: Gallade|260\/277|[from] Stealth Rock
|turn|24
|
|detailschange|p1a: Gallade|Gallade-Mega, M
|message|Gallade has Mega Evolved into Mega Gallade!
|move|p2a: xMarth|Earthquake|p1a: Gallade
|-damage|p1a: Gallade|21\/277
|-damage|p2a: xMarth|162\/359|[from] item: Life Orb
|move|p1a: Gallade|Close Combat|p2a: xMarth
|-damage|p2a: xMarth|0 fnt
|-unboost|p1a: Gallade|def|1
|-unboost|p1a: Gallade|spd|1
|faint|p2a: xMarth
|
|
|switch|p2a: King UU|Slowking, M|394\/394
|-damage|p2a: King UU|345\/394|[from] Stealth Rock
|turn|25
|
|move|p1a: Gallade|Knock Off|p2a: King UU
|-supereffective|p2a: King UU
|-damage|p2a: King UU|13\/394
|-enditem|p2a: King UU|Leftovers|[from] move: Knock Off|[of] p1a: Gallade
|move|p2a: King UU|Scald|p1a: Gallade
|-damage|p1a: Gallade|0 fnt
|faint|p1a: Gallade
|
|win|Angel Management
|raw|Ladder updating...
|raw|purrl's rating: 1611 &rarr; <strong>1585<\/strong><br \/>(-26 for losing)
|raw|Angel Management's rating: 1510 &rarr; <strong>1536<\/strong><br \/>(+26 for winning)
|c|★Angel Management|gg
|c|★purrl|gg
|leave|purrl
|player|p1
|leave|sadadsasdwedwed
|join|sadadsasdwedwed
|leave|sadadsasdwedwed