|join|Kabuchops
|join|Arpee
|player|p1|Kabuchops|266
|player|p2|Arpee|102
|gametype|singles
|gen|6
|tier|OU
|clearpoke
|poke|p1|Landorus-Therian, M, shiny
|poke|p1|Jirachi, shiny
|poke|p1|Latios, M, shiny
|poke|p1|Victini
|poke|p1|Raikou
|poke|p1|Gyarados, M, shiny
|poke|p2|Landorus-Therian, M
|poke|p2|Rotom-Wash
|poke|p2|Jirachi
|poke|p2|Weavile, M
|poke|p2|Latios, M
|poke|p2|Manectric, M
|rule|Swagger Clause: Swagger is banned
|rule|Baton Pass Clause: Limit one Pokémon knowing Baton Pass
|rule|Sleep Clause Mod: Limit one foe put to sleep
|rule|Species Clause: Limit one of each Pokémon
|rule|OHKO Clause: OHKO moves are banned
|rule|Moody Clause: Moody is banned
|rule|Evasion Moves Clause: Evasion moves are banned
|rule|Endless Battle Clause: Forcing endless battles is banned
|rule|HP Percentage Mod: HP is shown in percentages
|teampreview
|c|★Kabuchops|hf
|c|★Arpee|you too
|
|start
|switch|p1a: Raikou|Raikou|329\/329
|switch|p2a: Rotom-Wash|Rotom-Wash|304\/304
|-ability|p1a: Raikou|Pressure
|turn|1
|
|switch|p2a: Jirachi|Jirachi|404\/404
|move|p1a: Raikou|Shadow Ball|p2a: Jirachi
|-supereffective|p2a: Jirachi
|-damage|p2a: Jirachi|274\/404
|
|-heal|p2a: Jirachi|299\/404|[from] item: Leftovers
|turn|2
|
|move|p1a: Raikou|Shadow Ball|p2a: Jirachi
|-supereffective|p2a: Jirachi
|-damage|p2a: Jirachi|177\/404
|move|p2a: Jirachi|Stealth Rock|p1a: Raikou
|-sidestart|p1: Kabuchops|move: Stealth Rock
|
|-heal|p2a: Jirachi|202\/404|[from] item: Leftovers
|turn|3
|
|switch|p2a: Weavile|Weavile, M|282\/282
|-ability|p2a: Weavile|Pressure
|move|p1a: Raikou|Volt Switch|p2a: Weavile
|-damage|p2a: Weavile|162\/282
|
|switch|p1a: CLOUD KITTY|Landorus-Therian, M, shiny|319\/319
|-damage|p1a: CLOUD KITTY|280\/319|[from] Stealth Rock
|-ability|p1a: CLOUD KITTY|Intimidate|[of] p2a: Weavile
|-unboost|p2a: Weavile|atk|1
|
|turn|4
|c|★Kabuchops|smh
|join|Pavlos23
|
|switch|p2a: Landorus-Therian|Landorus-Therian, M|320\/320
|-ability|p2a: Landorus-Therian|Intimidate|[of] p1a: CLOUD KITTY
|-unboost|p1a: CLOUD KITTY|atk|1
|move|p1a: CLOUD KITTY|Stone Edge|p2a: Landorus-Therian
|-damage|p2a: Landorus-Therian|222\/320
|
|turn|5
|
|switch|p1a: Gyarados|Gyarados, M, shiny|337\/337
|-damage|p1a: Gyarados|253\/337|[from] Stealth Rock
|-ability|p1a: Gyarados|Intimidate|[of] p2a: Landorus-Therian
|-unboost|p2a: Landorus-Therian|atk|1
|move|p2a: Landorus-Therian|Knock Off|p1a: Gyarados
|-damage|p1a: Gyarados|185\/337
|
|turn|6
|
|switch|p2a: Manectric|Manectric, M|281\/281
|detailschange|p1a: Gyarados|Gyarados-Mega, M, shiny
|message|Gyarados has Mega Evolved into Mega Gyarados!
|-ability|p1a: Gyarados|Mold Breaker
|move|p1a: Gyarados|Dragon Dance|p1a: Gyarados
|-boost|p1a: Gyarados|atk|1
|-boost|p1a: Gyarados|spe|1
|
|turn|7
|
|detailschange|p2a: Manectric|Manectric-Mega, M
|message|Manectric has Mega Evolved into Mega Manectric!
|-ability|p2a: Manectric|Intimidate|[of] p1a: Gyarados
|-unboost|p1a: Gyarados|atk|1
|move|p1a: Gyarados|Substitute|p1a: Gyarados
|-start|p1a: Gyarados|Substitute
|-damage|p1a: Gyarados|101\/337
|move|p2a: Manectric|Thunderbolt|p1a: Gyarados
|-supereffective|p1a: Gyarados
|-end|p1a: Gyarados|Substitute
|
|turn|8
|c|★Kabuchops|k that was silly
|
|move|p2a: Manectric|Thunderbolt|p1a: Gyarados
|-supereffective|p1a: Gyarados
|-damage|p1a: Gyarados|0 fnt
|faint|p1a: Gyarados
|
|
|switch|p1a: ;-;|Jirachi, shiny|404\/404
|-damage|p1a: ;-;|379\/404|[from] Stealth Rock
|turn|9
|join|Manos
|
|switch|p1a: Raikou|Raikou|329\/329
|-damage|p1a: Raikou|288\/329|[from] Stealth Rock
|-ability|p1a: Raikou|Pressure
|move|p2a: Manectric|Overheat|p1a: Raikou
|-damage|p1a: Raikou|183\/329
|-unboost|p2a: Manectric|spa|2
|
|turn|10
|
|move|p2a: Manectric|Volt Switch|p1a: Raikou
|-resisted|p1a: Raikou
|-damage|p1a: Raikou|162\/329
|
|switch|p2a: Jirachi|Jirachi|202\/404
|move|p1a: Raikou|Hidden Power|p2a: Jirachi
|-resisted|p2a: Jirachi
|-damage|p2a: Jirachi|176\/404
|
|-heal|p2a: Jirachi|201\/404|[from] item: Leftovers
|turn|11
|
|move|p1a: Raikou|Shadow Ball|p2a: Jirachi
|-supereffective|p2a: Jirachi
|-damage|p2a: Jirachi|71\/404
|move|p2a: Jirachi|Wish|p2a: Jirachi
|
|-heal|p2a: Jirachi|96\/404|[from] item: Leftovers
|turn|12
|
|switch|p2a: Manectric|Manectric-Mega, M|281\/281
|-ability|p2a: Manectric|Intimidate|[of] p1a: Raikou
|-unboost|p1a: Raikou|atk|1
|move|p1a: Raikou|Volt Switch|p2a: Manectric
|-resisted|p2a: Manectric
|-damage|p2a: Manectric|217\/281
|
|switch|p1a: CLOUD KITTY|Landorus-Therian, M, shiny|280\/319
|-damage|p1a: CLOUD KITTY|241\/319|[from] Stealth Rock
|-ability|p1a: CLOUD KITTY|Intimidate|[of] p2a: Manectric
|-unboost|p2a: Manectric|atk|1
|
|-heal|p2a: Manectric|281\/281|[from] move: Wish|[wisher] Jirachi
|turn|13
|
|move|p1a: CLOUD KITTY|Earthquake|p2a: Manectric
|-supereffective|p2a: Manectric
|-damage|p2a: Manectric|0 fnt
|faint|p2a: Manectric
|
|
|switch|p2a: Weavile|Weavile, M|162\/282
|-ability|p2a: Weavile|Pressure
|turn|14
|
|switch|p1a: ;-;|Jirachi, shiny|379\/404
|-damage|p1a: ;-;|354\/404|[from] Stealth Rock
|move|p2a: Weavile|Ice Shard|p1a: ;-;
|-resisted|p1a: ;-;
|-damage|p1a: ;-;|307\/404
|-damage|p2a: Weavile|134\/282|[from] item: Life Orb
|
|-heal|p1a: ;-;|332\/404|[from] item: Leftovers
|turn|15
|
|move|p2a: Weavile|Knock Off|p1a: ;-;
|-supereffective|p1a: ;-;
|-damage|p1a: ;-;|0 fnt
|-enditem|p1a: ;-;|Leftovers|[from] move: Knock Off|[of] p2a: Weavile
|-damage|p2a: Weavile|106\/282|[from] item: Life Orb
|faint|p1a: ;-;
|
|
|switch|p1a: Raikou|Raikou|162\/329
|-damage|p1a: Raikou|121\/329|[from] Stealth Rock
|-ability|p1a: Raikou|Pressure
|turn|16
|
|move|p2a: Weavile|Knock Off|p1a: Raikou
|-damage|p1a: Raikou|0 fnt
|-enditem|p1a: Raikou|Assault Vest|[from] move: Knock Off|[of] p2a: Weavile
|-damage|p2a: Weavile|78\/282|[from] item: Life Orb
|faint|p1a: Raikou
|
|
|switch|p1a: Victory!|Victini|365\/365
|-damage|p1a: Victory!|274\/365|[from] Stealth Rock
|turn|17
|
|move|p2a: Weavile|Knock Off|p1a: Victory!
|-supereffective|p1a: Victory!
|-damage|p1a: Victory!|0 fnt
|-enditem|p1a: Victory!|Leftovers|[from] move: Knock Off|[of] p2a: Weavile
|-damage|p2a: Weavile|50\/282|[from] item: Life Orb
|faint|p1a: Victory!
|
|
|switch|p1a: CLOUD KITTY|Landorus-Therian, M, shiny|241\/319
|-damage|p1a: CLOUD KITTY|202\/319|[from] Stealth Rock
|-ability|p1a: CLOUD KITTY|Intimidate|[of] p2a: Weavile
|-unboost|p2a: Weavile|atk|1
|turn|18
|
|switch|p2a: Landorus-Therian|Landorus-Therian, M|222\/320
|-ability|p2a: Landorus-Therian|Intimidate|[of] p1a: CLOUD KITTY
|-unboost|p1a: CLOUD KITTY|atk|1
|move|p1a: CLOUD KITTY|U-turn|p2a: Landorus-Therian
|-resisted|p2a: Landorus-Therian
|-damage|p2a: Landorus-Therian|188\/320
|
|switch|p1a: The Work Horse|Latios, M, shiny|301\/301
|-damage|p1a: The Work Horse|264\/301|[from] Stealth Rock
|
|turn|19
|
|move|p2a: Landorus-Therian|Knock Off|p1a: The Work Horse
|-supereffective|p1a: The Work Horse
|-damage|p1a: The Work Horse|0 fnt
|-enditem|p1a: The Work Horse|Life Orb|[from] move: Knock Off|[of] p2a: Landorus-Therian
|faint|p1a: The Work Horse
|
|
|switch|p1a: CLOUD KITTY|Landorus-Therian, M, shiny|202\/319
|-damage|p1a: CLOUD KITTY|163\/319|[from] Stealth Rock
|-ability|p1a: CLOUD KITTY|Intimidate|[of] p2a: Landorus-Therian
|-unboost|p2a: Landorus-Therian|atk|1
|turn|20
|c|★Kabuchops|haha GG
|-message|Kabuchops forfeited.
|
|win|Arpee
|c|★Kabuchops|:)
|c|★Arpee|gg
|leave|Manos
|leave|Kabuchops
|player|p1
|leave|Pavlos23