|join|sassysliggoo
|join|Kabuchops
|player|p1|sassysliggoo|288
|player|p2|Kabuchops|266
|gametype|singles
|gen|6
|tier|OU
|clearpoke
|poke|p1|Crawdaunt, F
|poke|p1|Diancie
|poke|p1|Porygon2
|poke|p1|Ampharos, F
|poke|p1|Conkeldurr, M
|poke|p1|Talonflame, F
|poke|p2|Diancie
|poke|p2|Crawdaunt, F
|poke|p2|Victini
|poke|p2|Cresselia, F
|poke|p2|Heracross, F
|poke|p2|Cofagrigus, M
|rule|Swagger Clause: Swagger is banned
|rule|Baton Pass Clause: Limit one Pokémon knowing Baton Pass
|rule|Sleep Clause Mod: Limit one foe put to sleep
|rule|Species Clause: Limit one of each Pokémon
|rule|OHKO Clause: OHKO moves are banned
|rule|Moody Clause: Moody is banned
|rule|Evasion Moves Clause: Evasion moves are banned
|rule|Endless Battle Clause: Forcing endless battles is banned
|rule|HP Percentage Mod: HP is shown in percentages
|teampreview
|
|start
|switch|p1a: the pain|Diancie|241\/241
|switch|p2a: Cofagrigus|Cofagrigus, M|319\/319
|turn|1
|
|move|p1a: the pain|Stealth Rock|p2a: Cofagrigus
|-sidestart|p2: Kabuchops|move: Stealth Rock
|move|p2a: Cofagrigus|Nasty Plot|p2a: Cofagrigus
|-boost|p2a: Cofagrigus|spa|2
|
|turn|2
|
|move|p1a: the pain|Diamond Storm|p2a: Cofagrigus
|-crit|p2a: Cofagrigus
|-damage|p2a: Cofagrigus|97\/319
|-damage|p1a: the pain|217\/241|[from] item: Life Orb
|move|p2a: Cofagrigus|Nasty Plot|p2a: Cofagrigus
|-boost|p2a: Cofagrigus|spa|2
|
|-heal|p2a: Cofagrigus|116\/319|[from] item: Leftovers
|turn|3
|
|move|p1a: the pain|Diamond Storm|p2a: Cofagrigus
|-damage|p2a: Cofagrigus|0 fnt
|-damage|p1a: the pain|193\/241|[from] item: Life Orb
|faint|p2a: Cofagrigus
|
|
|switch|p2a: Heracross|Heracross, F|363\/363
|-damage|p2a: Heracross|318\/363|[from] Stealth Rock
|turn|4
|
|detailschange|p2a: Heracross|Heracross-Mega, F
|message|Heracross has Mega Evolved into Mega Heracross!
|move|p2a: Heracross|Bullet Seed|p1a: the pain
|-supereffective|p1a: the pain
|-damage|p1a: the pain|139\/241
|-supereffective|p1a: the pain
|-damage|p1a: the pain|83\/241
|-supereffective|p1a: the pain
|-damage|p1a: the pain|27\/241
|-crit|p1a: the pain
|-supereffective|p1a: the pain
|-damage|p1a: the pain|0 fnt
|-hitcount|p1a: the pain|4
|faint|p1a: the pain
|
|
|switch|p1a: lorde|Talonflame, F|360\/360
|turn|5
|
|switch|p2a: Diancie|Diancie|304\/304
|-damage|p2a: Diancie|266\/304|[from] Stealth Rock
|move|p1a: lorde|Brave Bird|p2a: Diancie
|-resisted|p2a: Diancie
|-damage|p2a: Diancie|206\/304
|-damage|p1a: lorde|340\/360|[from] recoil|[of] p2a: Diancie
|
|turn|6
|
|move|p1a: lorde|Will-O-Wisp|p2a: Diancie
|-status|p2a: Diancie|brn
|move|p2a: Diancie|Diamond Storm|p1a: lorde
|-supereffective|p1a: lorde
|-damage|p1a: lorde|24\/360
|-boost|p2a: Diancie|def|1
|
|-damage|p2a: Diancie|168\/304 brn|[from] brn
|turn|7
|
|move|p1a: lorde|Roost|p1a: lorde
|-heal|p1a: lorde|204\/360
|move|p2a: Diancie|Stealth Rock|p1a: lorde
|-sidestart|p1: sassysliggoo|move: Stealth Rock
|
|-damage|p2a: Diancie|130\/304 brn|[from] brn
|turn|8
|
|move|p1a: lorde|U-turn|p2a: Diancie
|-resisted|p2a: Diancie
|-damage|p2a: Diancie|119\/304 brn
|
|switch|p1a: grrrr|Conkeldurr, M|414\/414
|-damage|p1a: grrrr|389\/414|[from] Stealth Rock
|move|p2a: Diancie|Explosion|p1a: grrrr
|-damage|p1a: grrrr|199\/414
|faint|p2a: Diancie
|
|
|switch|p2a: Heracross|Heracross-Mega, F|318\/363
|-damage|p2a: Heracross|273\/363|[from] Stealth Rock
|turn|9
|
|move|p2a: Heracross|Bullet Seed|p1a: grrrr
|-damage|p1a: grrrr|151\/414
|-damage|p1a: grrrr|107\/414
|-damage|p1a: grrrr|64\/414
|-damage|p1a: grrrr|16\/414
|-damage|p1a: grrrr|0 fnt
|-hitcount|p1a: grrrr|5
|faint|p1a: grrrr
|
|
|switch|p1a: lorde|Talonflame, F|204\/360
|-damage|p1a: lorde|24\/360|[from] Stealth Rock
|turn|10
|
|move|p1a: lorde|Brave Bird|p2a: Heracross
|-supereffective|p2a: Heracross
|-damage|p2a: Heracross|0 fnt
|-damage|p1a: lorde|0 fnt|[from] recoil|[of] p2a: Heracross
|faint|p2a: Heracross
|faint|p1a: lorde
|
|
|switch|p2a: Victini|Victini|404\/404
|-damage|p2a: Victini|303\/404|[from] Stealth Rock
|switch|p1a: quacklemore|Porygon2|374\/374
|-damage|p1a: quacklemore|328\/374|[from] Stealth Rock
|-ability|p1a: quacklemore|Victory Star|[from] ability: Trace|[of] p2a: Victini
|turn|11
|
|move|p2a: Victini|Final Gambit|p1a: quacklemore
|-damage|p1a: quacklemore|25\/374
|faint|p2a: Victini
|move|p1a: quacklemore|Toxic|p2: Victini|[notarget]
|-notarget
|
|
|switch|p2a: Crawdaunt|Crawdaunt, F|329\/329
|-damage|p2a: Crawdaunt|288\/329|[from] Stealth Rock
|turn|12
|
|move|p2a: Crawdaunt|Aqua Jet|p1a: quacklemore
|-damage|p1a: quacklemore|0 fnt
|-damage|p2a: Crawdaunt|256\/329|[from] item: Life Orb
|faint|p1a: quacklemore
|
|
|switch|p1a: Dr fabulous|Ampharos, F|384\/384
|-damage|p1a: Dr fabulous|336\/384|[from] Stealth Rock
|turn|13
|
|switch|p2a: Cresselia|Cresselia, F|444\/444
|-damage|p2a: Cresselia|389\/444|[from] Stealth Rock
|detailschange|p1a: Dr fabulous|Ampharos-Mega, F
|message|Ampharos has Mega Evolved into Mega Ampharos!
|-ability|p1a: Dr fabulous|Mold Breaker
|move|p1a: Dr fabulous|Signal Beam|p2a: Cresselia
|-supereffective|p2a: Cresselia
|-damage|p2a: Cresselia|245\/444
|
|turn|14
|
|move|p2a: Cresselia|Ice Beam|p1a: Dr fabulous
|-supereffective|p1a: Dr fabulous
|-damage|p1a: Dr fabulous|238\/384
|move|p1a: Dr fabulous|Signal Beam|p2a: Cresselia
|-supereffective|p2a: Cresselia
|-damage|p2a: Cresselia|103\/444
|
|turn|15
|
|move|p2a: Cresselia|Lunar Dance|p2a: Cresselia
|faint|p2a: Cresselia
|move|p1a: Dr fabulous|Signal Beam|p2: Cresselia|[notarget]
|-notarget
|
|
|switch|p2a: Crawdaunt|Crawdaunt, F|256\/329
|-heal|p2a: Crawdaunt|329\/329|[from] move: Lunar Dance
|-damage|p2a: Crawdaunt|288\/329|[from] Stealth Rock
|turn|16
|
|move|p2a: Crawdaunt|Knock Off|p1a: Dr fabulous
|-damage|p1a: Dr fabulous|43\/384
|-damage|p2a: Crawdaunt|256\/329|[from] item: Life Orb
|move|p1a: Dr fabulous|Thunderbolt|p2a: Crawdaunt
|-supereffective|p2a: Crawdaunt
|-damage|p2a: Crawdaunt|0 fnt
|faint|p2a: Crawdaunt
|
|win|sassysliggoo
|c|★sassysliggoo|gg
|c|★Kabuchops|Sam
|c|★Kabuchops|\/\/me sucks your balls
|c|★sassysliggoo|\/me files for a restraining order
|c|★sassysliggoo|\/me needs a stiff drink
|c|★Kabuchops|\/me sucks the dick
|c|★sassysliggoo|\/me forgives satan
|c|★Kabuchops|\/me becomes the antilulla
|c|★sassysliggoo|@ThomasSanders
|leave|sassysliggoo
|player|p1
|join|Meteordash
|c|+Meteordash|uhh
|leave|Meteordash