|join|who can say
|join|DeathWave
|player|p1|who can say|238
|player|p2|DeathWave|30
|gametype|singles
|gen|6
|tier|OU
|rated
|clearpoke
|poke|p1|Serperior, M
|poke|p1|Gyarados, F
|poke|p1|Talonflame, M
|poke|p1|Bisharp, F
|poke|p1|Aerodactyl, F
|poke|p1|Latias, F
|poke|p2|Zapdos
|poke|p2|Lopunny, M
|poke|p2|Heatran, M
|poke|p2|Landorus, M
|poke|p2|Breloom, F
|poke|p2|Azumarill, F
|rule|Swagger Clause: Swagger is banned
|rule|Baton Pass Clause: Limit one Pokémon knowing Baton Pass
|rule|Sleep Clause Mod: Limit one foe put to sleep
|rule|Species Clause: Limit one of each Pokémon
|rule|OHKO Clause: OHKO moves are banned
|rule|Moody Clause: Moody is banned
|rule|Evasion Moves Clause: Evasion moves are banned
|rule|Endless Battle Clause: Forcing endless battles is banned
|rule|HP Percentage Mod: HP is shown in percentages
|teampreview
|
|start
|switch|p1a: ActuallyArcheops|Aerodactyl, F|301\/301
|switch|p2a: Lopunny|Lopunny, M|271\/271
|-ability|p1a: ActuallyArcheops|Pressure
|turn|1
|
|switch|p1a: Gyaratwo|Gyarados, F|331\/331
|-ability|p1a: Gyaratwo|Intimidate|[of] p2a: Lopunny
|-unboost|p2a: Lopunny|atk|1
|detailschange|p2a: Lopunny|Lopunny-Mega, M
|-mega|p2a: Lopunny|Lopunny|Lopunnite
|move|p2a: Lopunny|Fake Out|p1a: Gyaratwo
|-damage|p1a: Gyaratwo|270\/331
|
|turn|2
|
|switch|p1a: ActuallyArcheops|Aerodactyl, F|301\/301
|-ability|p1a: ActuallyArcheops|Pressure
|move|p2a: Lopunny|Return|p1a: ActuallyArcheops
|-resisted|p1a: ActuallyArcheops
|-damage|p1a: ActuallyArcheops|205\/301
|
|turn|3
|
|switch|p1a: SecretCharizard|Talonflame, M|320\/320
|move|p2a: Lopunny|Ice Punch|p1a: SecretCharizard
|-damage|p1a: SecretCharizard|234\/320
|
|-heal|p1a: SecretCharizard|254\/320|[from] item: Leftovers
|turn|4
|
|switch|p2a: Zapdos|Zapdos|384\/384
|-ability|p2a: Zapdos|Pressure
|move|p1a: SecretCharizard|Swords Dance|p1a: SecretCharizard
|-boost|p1a: SecretCharizard|atk|2
|
|-heal|p1a: SecretCharizard|274\/320|[from] item: Leftovers
|turn|5
|
|move|p1a: SecretCharizard|Flare Blitz|p2a: Zapdos
|-damage|p2a: Zapdos|117\/384
|-damage|p1a: SecretCharizard|186\/320|[from] recoil|[of] p2a: Zapdos
|move|p2a: Zapdos|Discharge|p1a: SecretCharizard
|-supereffective|p1a: SecretCharizard
|-damage|p1a: SecretCharizard|0 fnt
|faint|p1a: SecretCharizard
|
|-heal|p2a: Zapdos|141\/384|[from] item: Leftovers
|
|switch|p1a: ActuallyArcheops|Aerodactyl, F|205\/301
|-ability|p1a: ActuallyArcheops|Pressure
|turn|6
|
|move|p1a: ActuallyArcheops|Stealth Rock|p2a: Zapdos
|-sidestart|p2: DeathWave|move: Stealth Rock
|move|p2a: Zapdos|Defog|p1a: ActuallyArcheops
|-unboost|p1a: ActuallyArcheops|evasion|1
|-sideend|p2: DeathWave|Stealth Rock|[from] move: Defog|[of] p2a: Zapdos
|
|-heal|p2a: Zapdos|165\/384|[from] item: Leftovers
|turn|7
|
|move|p1a: ActuallyArcheops|Stealth Rock|p2a: Zapdos
|-sidestart|p2: DeathWave|move: Stealth Rock
|move|p2a: Zapdos|Discharge|p1a: ActuallyArcheops
|-supereffective|p1a: ActuallyArcheops
|-damage|p1a: ActuallyArcheops|0 fnt
|faint|p1a: ActuallyArcheops
|
|-heal|p2a: Zapdos|189\/384|[from] item: Leftovers
|
|switch|p1a: GenderBenderLatios|Latias, F|301\/301
|turn|8
|
|switch|p2a: Heatran|Heatran, M|374\/374
|-damage|p2a: Heatran|328\/374|[from] Stealth Rock
|move|p1a: GenderBenderLatios|Draco Meteor|p2a: Heatran
|-resisted|p2a: Heatran
|-damage|p2a: Heatran|242\/374
|-unboost|p1a: GenderBenderLatios|spa|2
|-damage|p1a: GenderBenderLatios|271\/301|[from] item: Life Orb
|
|-heal|p2a: Heatran|265\/374|[from] item: Leftovers
|turn|9
|
|move|p1a: GenderBenderLatios|Earthquake|p2a: Heatran
|-supereffective|p2a: Heatran
|-damage|p2a: Heatran|0 fnt
|-damage|p1a: GenderBenderLatios|241\/301|[from] item: Life Orb
|faint|p2a: Heatran
|
|
|switch|p2a: Zapdos|Zapdos|189\/384
|-damage|p2a: Zapdos|93\/384|[from] Stealth Rock
|-ability|p2a: Zapdos|Pressure
|turn|10
|
|move|p1a: GenderBenderLatios|Draco Meteor|p2a: Zapdos
|-damage|p2a: Zapdos|0 fnt
|-unboost|p1a: GenderBenderLatios|spa|2
|-damage|p1a: GenderBenderLatios|211\/301|[from] item: Life Orb
|faint|p2a: Zapdos
|
|c|★who can say|oml
|c|★who can say|latias a hero
|c|★who can say|heroine*
|
|switch|p2a: Lopunny|Lopunny-Mega, M|271\/271
|-damage|p2a: Lopunny|255\/271|[from] Stealth Rock
|turn|11
|
|move|p2a: Lopunny|Return|p1a: GenderBenderLatios
|-damage|p1a: GenderBenderLatios|4\/301
|move|p1a: GenderBenderLatios|Draco Meteor|p2a: Lopunny
|-damage|p2a: Lopunny|168\/271
|-unboost|p1a: GenderBenderLatios|spa|2
|-damage|p1a: GenderBenderLatios|0 fnt|[from] item: Life Orb
|faint|p1a: GenderBenderLatios
|
|
|switch|p1a: Darude-Leafstorm|Serperior, M|291\/291
|turn|12
|
|move|p1a: Darude-Leafstorm|Leaf Storm|p2a: Lopunny
|-damage|p2a: Lopunny|12\/271
|-boost|p1a: Darude-Leafstorm|spa|2
|move|p2a: Lopunny|Ice Punch|p1a: Darude-Leafstorm
|-supereffective|p1a: Darude-Leafstorm
|-damage|p1a: Darude-Leafstorm|105\/291
|
|turn|13
|
|move|p1a: Darude-Leafstorm|Leaf Storm|p2a: Lopunny
|-damage|p2a: Lopunny|0 fnt
|-boost|p1a: Darude-Leafstorm|spa|2
|faint|p2a: Lopunny
|
|c|★who can say|dang that didnt do very much
|
|switch|p2a: Breloom|Breloom, F|261\/261
|-damage|p2a: Breloom|245\/261|[from] Stealth Rock
|turn|14
|
|move|p2a: Breloom|Mach Punch|p1a: Darude-Leafstorm
|-damage|p1a: Darude-Leafstorm|0 fnt
|faint|p1a: Darude-Leafstorm
|
|-heal|p2a: Breloom|261\/261|[from] item: Leftovers
|c|★who can say|annnd i let talon die
|c|★who can say|gg
|c|★DeathWave|gg
|
|switch|p1a: Gyaratwo|Gyarados, F|270\/331
|-ability|p1a: Gyaratwo|Intimidate|[of] p2a: Breloom
|-unboost|p2a: Breloom|atk|1
|turn|15
|
|switch|p1a: I'm using sucker p|Bisharp, F|272\/272
|switch|p2a: Azumarill|Azumarill, F|404\/404
|-damage|p2a: Azumarill|354\/404|[from] Stealth Rock
|
|turn|16
|
|move|p1a: I'm using sucker p|Iron Head|p2a: Azumarill
|-damage|p2a: Azumarill|165\/404
|cant|p2a: Azumarill|flinch
|
|turn|17
|
|move|p1a: I'm using sucker p|Iron Head|p2a: Azumarill
|-damage|p2a: Azumarill|0 fnt
|faint|p2a: Azumarill
|
|
|switch|p2a: Landorus|Landorus, M|319\/319
|-damage|p2a: Landorus|280\/319|[from] Stealth Rock
|turn|18
|
|move|p1a: I'm using sucker p|Sucker Punch|p2a: Landorus
|-crit|p2a: Landorus
|-damage|p2a: Landorus|0 fnt
|faint|p2a: Landorus
|
|c|★DeathWave|...
|
|switch|p2a: Breloom|Breloom, F|261\/261
|-damage|p2a: Breloom|245\/261|[from] Stealth Rock
|turn|19
|
|switch|p1a: Gyaratwo|Gyarados, F|270\/331
|-ability|p1a: Gyaratwo|Intimidate|[of] p2a: Breloom
|-unboost|p2a: Breloom|atk|1
|move|p2a: Breloom|Spore|p1a: Gyaratwo
|-status|p1a: Gyaratwo|slp
|
|-heal|p2a: Breloom|261\/261|[from] item: Leftovers
|turn|20
|
|switch|p1a: I'm using sucker p|Bisharp, F|272\/272
|move|p2a: Breloom|Rock Tomb|p1a: I'm using sucker p
|-resisted|p1a: I'm using sucker p
|-damage|p1a: I'm using sucker p|235\/272
|-unboost|p1a: I'm using sucker p|spe|1
|-boost|p1a: I'm using sucker p|atk|2|[from] ability: Defiant
|
|turn|21
|
|switch|p1a: Gyaratwo|Gyarados, F|270\/331 slp
|-ability|p1a: Gyaratwo|Intimidate|[of] p2a: Breloom
|-unboost|p2a: Breloom|atk|1
|move|p2a: Breloom|Mach Punch|p1a: Gyaratwo
|-resisted|p1a: Gyaratwo
|-damage|p1a: Gyaratwo|234\/331 slp
|
|turn|22
|c|★DeathWave|hax hax hax
|
|cant|p1a: Gyaratwo|slp
|move|p2a: Breloom|Bullet Seed|p1a: Gyaratwo
|-damage|p1a: Gyaratwo|197\/331 slp
|-damage|p1a: Gyaratwo|160\/331 slp
|-hitcount|p1a: Gyaratwo|2
|
|turn|23
|
|switch|p1a: I'm using sucker p|Bisharp, F|235\/272
|move|p2a: Breloom|Rock Tomb|p1a: I'm using sucker p
|-resisted|p1a: I'm using sucker p
|-damage|p1a: I'm using sucker p|208\/272
|-unboost|p1a: I'm using sucker p|spe|1
|-boost|p1a: I'm using sucker p|atk|2|[from] ability: Defiant
|
|turn|24
|
|move|p2a: Breloom|Mach Punch|p1a: I'm using sucker p
|-supereffective|p1a: I'm using sucker p
|-damage|p1a: I'm using sucker p|0 fnt
|faint|p1a: I'm using sucker p
|
|
|switch|p1a: Gyaratwo|Gyarados, F|160\/331 slp
|-ability|p1a: Gyaratwo|Intimidate|[of] p2a: Breloom
|-unboost|p2a: Breloom|atk|1
|turn|25
|
|cant|p1a: Gyaratwo|slp
|move|p2a: Breloom|Rock Tomb|p1a: Gyaratwo
|-supereffective|p1a: Gyaratwo
|-damage|p1a: Gyaratwo|60\/331 slp
|-unboost|p1a: Gyaratwo|spe|1
|
|turn|26
|
|move|p2a: Breloom|Bullet Seed|p1a: Gyaratwo
|-damage|p1a: Gyaratwo|29\/331 slp
|-damage|p1a: Gyaratwo|0 fnt
|-hitcount|p1a: Gyaratwo|2
|faint|p1a: Gyaratwo
|
|win|DeathWave
|raw|Ladder updating...
|c|★who can say|its ok u still win
|raw|who can say's rating: 1769 &rarr; <strong>1740<\/strong><br \/>(-29 for losing)
|raw|DeathWave's rating: 1592 &rarr; <strong>1621<\/strong><br \/>(+29 for winning)
|c|★who can say|gg
|c|★DeathWave|gg