|join|Sweet Symphony
|join|naolembro
|player|p1|Sweet Symphony|290
|player|p2|naolembro|161
|gametype|singles
|gen|6
|tier|OU
|rated
|clearpoke
|poke|p1|Bronzong
|poke|p1|Tyranitar, F
|poke|p1|Mawile, M
|poke|p1|Conkeldurr, F
|poke|p1|Dusclops, M
|poke|p1|Ferrothorn, F
|poke|p2|Tyranitar, F
|poke|p2|Chansey, F
|poke|p2|Medicham, M
|poke|p2|Latios, M
|poke|p2|Donphan, F
|poke|p2|Skarmory, F
|rule|Swagger Clause: Swagger is banned
|rule|Baton Pass Clause: Limit one Pokémon knowing Baton Pass
|rule|Sleep Clause Mod: Limit one foe put to sleep
|rule|Species Clause: Limit one of each Pokémon
|rule|OHKO Clause: OHKO moves are banned
|rule|Moody Clause: Moody is banned
|rule|Evasion Moves Clause: Evasion moves are banned
|rule|Endless Battle Clause: Forcing endless battles is banned
|rule|HP Percentage Mod: HP is shown in percentages
|teampreview
|
|start
|switch|p1a: Bronzong|Bronzong|338\/338
|switch|p2a: Donphan|Donphan, F|384\/384
|turn|1
|
|switch|p1a: Dusclops|Dusclops, M|284\/284
|-ability|p1a: Dusclops|Pressure
|move|p2a: Donphan|Knock Off|p1a: Dusclops
|-supereffective|p1a: Dusclops
|-damage|p1a: Dusclops|162\/284
|-enditem|p1a: Dusclops|Eviolite|[from] move: Knock Off|[of] p2a: Donphan
|
|turn|2
|chat|Sweet Symphony|XD
|
|move|p2a: Donphan|Earthquake|p1a: Dusclops
|-damage|p1a: Dusclops|36\/284
|move|p1a: Dusclops|Will-O-Wisp|p2a: Donphan|[miss]
|-miss|p1a: Dusclops|p2a: Donphan
|
|turn|3
|chat|Sweet Symphony|7n7
|
|move|p2a: Donphan|Knock Off|p1a: Dusclops
|-crit|p1a: Dusclops
|-supereffective|p1a: Dusclops
|-damage|p1a: Dusclops|0 fnt
|faint|p1a: Dusclops
|
|
|switch|p1a: Ferrothorn|Ferrothorn, F|352\/352
|turn|4
|
|move|p2a: Donphan|Knock Off|p1a: Ferrothorn
|-damage|p1a: Ferrothorn|257\/352
|-damage|p2a: Donphan|336\/384|[from] ability: Iron Barbs|[of] p1a: Ferrothorn
|-enditem|p1a: Ferrothorn|Leftovers|[from] move: Knock Off|[of] p2a: Donphan
|move|p1a: Ferrothorn|Swords Dance|p1a: Ferrothorn
|-boost|p1a: Ferrothorn|atk|2
|
|-heal|p2a: Donphan|360\/384|[from] item: Leftovers
|turn|5
|
|switch|p2a: Skarmory|Skarmory, F|334\/334
|move|p1a: Ferrothorn|Seed Bomb|p2a: Skarmory
|-resisted|p2a: Skarmory
|-damage|p2a: Skarmory|299\/334
|
|turn|6
|
|switch|p1a: Tyranitar|Tyranitar, F|404\/404
|-weather|Sandstorm
|move|p2a: Skarmory|Stealth Rock|p1a: Tyranitar
|-sidestart|p1: Sweet Symphony|move: Stealth Rock
|
|-weather|Sandstorm|[upkeep]
|turn|7
|
|move|p2a: Skarmory|Spikes|p1a: Tyranitar
|-sidestart|p1: Sweet Symphony|Spikes
|move|p1a: Tyranitar|Fire Blast|p2a: Skarmory
|-supereffective|p2a: Skarmory
|-damage|p2a: Skarmory|43\/334
|-status|p2a: Skarmory|brn
|
|-weather|Sandstorm|[upkeep]
|-damage|p2a: Skarmory|2\/334 brn|[from] brn
|turn|8
|
|move|p2a: Skarmory|Spikes|p1a: Tyranitar
|-sidestart|p1: Sweet Symphony|Spikes
|move|p1a: Tyranitar|Fire Blast|p2a: Skarmory
|-supereffective|p2a: Skarmory
|-damage|p2a: Skarmory|0 fnt
|faint|p2a: Skarmory
|
|-weather|Sandstorm|[upkeep]
|
|switch|p2a: Donphan|Donphan, F|360\/384
|turn|9
|
|move|p2a: Donphan|Earthquake|p1a: Tyranitar
|-supereffective|p1a: Tyranitar
|-damage|p1a: Tyranitar|68\/404
|move|p1a: Tyranitar|Ice Beam|p2a: Donphan
|-supereffective|p2a: Donphan
|-damage|p2a: Donphan|130\/384
|-status|p2a: Donphan|frz
|
|-weather|Sandstorm|[upkeep]
|-heal|p2a: Donphan|154\/384 frz|[from] item: Leftovers
|turn|10
|
|switch|p2a: Chansey|Chansey, F|704\/704
|move|p1a: Tyranitar|Ice Beam|p2a: Chansey
|-damage|p2a: Chansey|660\/704
|
|-weather|none
|turn|11
|
|move|p2a: Chansey|Aromatherapy|p2a: Chansey
|-cureteam|p2a: Chansey|[from] move: Aromatherapy
|move|p1a: Tyranitar|Superpower|p2a: Chansey
|-supereffective|p2a: Chansey
|-damage|p2a: Chansey|242\/704
|-unboost|p1a: Tyranitar|atk|1
|-unboost|p1a: Tyranitar|def|1
|
|turn|12
|
|move|p2a: Chansey|Soft-Boiled|p2a: Chansey
|-heal|p2a: Chansey|594\/704
|move|p1a: Tyranitar|Superpower|p2a: Chansey
|-supereffective|p2a: Chansey
|-damage|p2a: Chansey|316\/704
|-unboost|p1a: Tyranitar|atk|1
|-unboost|p1a: Tyranitar|def|1
|
|turn|13
|
|switch|p1a: Bronzong|Bronzong|338\/338
|-damage|p1a: Bronzong|317\/338|[from] Stealth Rock
|move|p2a: Chansey|Soft-Boiled|p2a: Chansey
|-heal|p2a: Chansey|668\/704
|
|turn|14
|
|move|p2a: Chansey|Seismic Toss|p1a: Bronzong
|-damage|p1a: Bronzong|217\/338
|move|p1a: Bronzong|Stealth Rock|p2a: Chansey
|-sidestart|p2: naolembro|move: Stealth Rock
|
|turn|15
|
|move|p2a: Chansey|Seismic Toss|p1a: Bronzong
|-damage|p1a: Bronzong|117\/338
|move|p1a: Bronzong|Trick Room|p1a: Bronzong
|-fieldstart|move: Trick Room|[of] p1a: Bronzong
|
|turn|16
|
|move|p1a: Bronzong|Explosion|p2a: Chansey
|-damage|p2a: Chansey|427\/704
|faint|p1a: Bronzong
|move|p2a: Chansey|Seismic Toss|p1: Bronzong|[notarget]
|-notarget
|
|
|switch|p1a: Mawile|Mawile, M|304\/304
|-damage|p1a: Mawile|285\/304|[from] Stealth Rock
|-damage|p1a: Mawile|235\/304|[from] Spikes
|-ability|p1a: Mawile|Intimidate|[of] p2a: Chansey
|-unboost|p2a: Chansey|atk|1
|turn|17
|
|detailschange|p1a: Mawile|Mawile-Mega, M
|message|Mawile has Mega Evolved into Mega Mawile!
|move|p1a: Mawile|Play Rough|p2a: Chansey
|-damage|p2a: Chansey|0 fnt
|faint|p2a: Chansey
|
|
|switch|p2a: Medicham|Medicham, M|261\/261
|-damage|p2a: Medicham|245\/261|[from] Stealth Rock
|turn|18
|
|detailschange|p2a: Medicham|Medicham-Mega, M
|message|Medicham has Mega Evolved into Mega Medicham!
|move|p2a: Medicham|Fake Out|p1a: Mawile
|-resisted|p1a: Mawile
|-damage|p1a: Mawile|205\/304
|cant|p1a: Mawile|flinch
|
|turn|19
|
|switch|p2a: Tyranitar|Tyranitar, F|404\/404
|-damage|p2a: Tyranitar|354\/404|[from] Stealth Rock
|-weather|Sandstorm
|move|p1a: Mawile|Play Rough|p2a: Tyranitar
|-supereffective|p2a: Tyranitar
|-damage|p2a: Tyranitar|0 fnt
|faint|p2a: Tyranitar
|
|-weather|Sandstorm|[upkeep]
|-fieldend|move: Trick Room
|
|switch|p2a: Medicham|Medicham-Mega, M|245\/261
|-damage|p2a: Medicham|229\/261|[from] Stealth Rock
|turn|20
|
|switch|p1a: Ferrothorn|Ferrothorn, F|257\/352
|-damage|p1a: Ferrothorn|235\/352|[from] Stealth Rock
|-damage|p1a: Ferrothorn|177\/352|[from] Spikes
|move|p2a: Medicham|High Jump Kick|p1a: Ferrothorn
|-supereffective|p1a: Ferrothorn
|-damage|p1a: Ferrothorn|0 fnt
|-damage|p2a: Medicham|197\/261|[from] ability: Iron Barbs|[of] p1a: Ferrothorn
|faint|p1a: Ferrothorn
|
|-weather|Sandstorm|[upkeep]
|-damage|p2a: Medicham|181\/261|[from] sandstorm
|
|switch|p1a: Mawile|Mawile-Mega, M|205\/304
|-damage|p1a: Mawile|186\/304|[from] Stealth Rock
|-damage|p1a: Mawile|136\/304|[from] Spikes
|turn|21
|
|move|p1a: Mawile|Sucker Punch|p2a: Medicham
|-damage|p2a: Medicham|0 fnt
|faint|p2a: Medicham
|
|-weather|Sandstorm|[upkeep]
|
|switch|p2a: Donphan|Donphan, F|154\/384
|-damage|p2a: Donphan|130\/384|[from] Stealth Rock
|turn|22
|
|move|p1a: Mawile|Sucker Punch|p2a: Donphan
|-damage|p2a: Donphan|0 fnt
|faint|p2a: Donphan
|
|-weather|Sandstorm|[upkeep]
|
|switch|p2a: Latios|Latios, M|302\/302
|-damage|p2a: Latios|265\/302|[from] Stealth Rock
|turn|23
|-message|naolembro forfeited.
|
|win|Sweet Symphony
|raw|Ladder updating...
|leave|naolembro
|player|p2
|raw|Sweet Symphony's rating: 1783 &rarr; <strong>1805<\/strong><br \/>(+22 for winning)
|raw|naolembro's rating: 1819 &rarr; <strong>1797<\/strong><br \/>(-22 for losing)