|join|lil manaphy
|join|Sweet Symphony
|player|p1|lil manaphy|34
|player|p2|Sweet Symphony|114
|gametype|singles
|gen|6
|tier|OU
|rated
|clearpoke
|poke|p1|Gardevoir, F, shiny
|poke|p1|Mandibuzz, F
|poke|p1|Amoonguss, F
|poke|p1|Chansey, F
|poke|p1|Keldeo
|poke|p1|Landorus-Therian, M
|poke|p2|Gardevoir, F
|poke|p2|Garchomp, F
|poke|p2|Alakazam, F
|poke|p2|Zapdos
|poke|p2|Quagsire, F
|poke|p2|Conkeldurr, F
|rule|Swagger Clause: Swagger is banned
|rule|Baton Pass Clause: Limit one Pokémon knowing Baton Pass
|rule|Sleep Clause Mod: Limit one foe put to sleep
|rule|Species Clause: Limit one of each Pokémon
|rule|OHKO Clause: OHKO moves are banned
|rule|Moody Clause: Moody is banned
|rule|Evasion Moves Clause: Evasion moves are banned
|rule|Endless Battle Clause: Forcing endless battles is banned
|rule|HP Percentage Mod: HP is reported as percentages
|teampreview
|join|MixedCalibur
|
|start
|switch|p1a: Misty day|Gardevoir, F, shiny|277\/277
|switch|p2a: TK Human|Zapdos|384\/384
|-ability|p1a: Misty day|Pressure|[from] ability: Trace|[of] p2a: TK Human
|-ability|p1a: Misty day|Pressure
|-ability|p2a: TK Human|Pressure
|turn|1
|
|detailschange|p1a: Misty day|Gardevoir-Mega, F, shiny
|message|Gardevoir has Mega Evolved into Mega Gardevoir!
|move|p1a: Misty day|Hyper Voice|p2a: TK Human
|-damage|p2a: TK Human|204\/384
|move|p2a: TK Human|Volt Switch|p1a: Misty day
|-damage|p1a: Misty day|198\/277
|join|River2
|
|switch|p2a: STIUTK Gotye|Garchomp, F|358\/358
|
|turn|2
|
|switch|p1a: Laveau|Mandibuzz, F|424\/424
|move|p2a: STIUTK Gotye|Stealth Rock|p1a: Laveau
|-sidestart|p1: lil manaphy|move: Stealth Rock
|
|turn|3
|
|switch|p2a: TK Human|Zapdos|204\/384
|-ability|p2a: TK Human|Pressure
|move|p1a: Laveau|Defog|p2a: TK Human
|-unboost|p2a: TK Human|evasion|1
|-sideend|p1: lil manaphy|Stealth Rock|[from] move: Defog|[of] p1a: Laveau
|
|-heal|p2a: TK Human|228\/384|[from] item: Leftovers
|turn|4
|
|switch|p1a: Landorus-Therian|Landorus-Therian, M|382\/382
|-ability|p1a: Landorus-Therian|Intimidate|[of] p2a: TK Human
|-unboost|p2a: TK Human|atk|1
|move|p2a: TK Human|Volt Switch|p1a: Landorus-Therian
|-immune|p1a: Landorus-Therian|[msg]
|
|-heal|p2a: TK Human|252\/384|[from] item: Leftovers
|turn|5
|
|move|p2a: TK Human|Hidden Power|p1a: Landorus-Therian
|-supereffective|p1a: Landorus-Therian
|-damage|p1a: Landorus-Therian|94\/382
|move|p1a: Landorus-Therian|U-turn|p2a: TK Human
|-resisted|p2a: TK Human
|-damage|p2a: TK Human|212\/384
|
|switch|p1a: Misty day|Gardevoir-Mega, F, shiny|198\/277
|
|-heal|p2a: TK Human|236\/384|[from] item: Leftovers
|turn|6
|
|move|p1a: Misty day|Hyper Voice|p2a: TK Human
|-damage|p2a: TK Human|46\/384
|move|p2a: TK Human|Roost|p2a: TK Human
|-heal|p2a: TK Human|238\/384
|
|-heal|p2a: TK Human|262\/384|[from] item: Leftovers
|turn|7
|
|move|p1a: Misty day|Hyper Voice|p2a: TK Human
|-damage|p2a: TK Human|58\/384
|move|p2a: TK Human|Roost|p2a: TK Human
|-heal|p2a: TK Human|250\/384
|
|-heal|p2a: TK Human|274\/384|[from] item: Leftovers
|turn|8
|
|switch|p1a: Zoe|Amoonguss, F|432\/432
|move|p2a: TK Human|Roost|p2a: TK Human
|-heal|p2a: TK Human|384\/384
|
|turn|9
|
|move|p2a: TK Human|Volt Switch|p1a: Zoe
|-resisted|p1a: Zoe
|-damage|p1a: Zoe|369\/432
|
|switch|p2a: BSS Verve|Quagsire, F|394\/394
|move|p1a: Zoe|Spore|p2a: BSS Verve
|-status|p2a: BSS Verve|slp
|
|-heal|p1a: Zoe|396\/432|[from] item: Black Sludge
|turn|10
|
|switch|p2a: TK Human|Zapdos|384\/384
|-ability|p2a: TK Human|Pressure
|switch|p1a: Misty day|Gardevoir-Mega, F, shiny|198\/277
|
|turn|11
|
|switch|p1a: Chansey|Chansey, F|704\/704
|move|p2a: TK Human|Volt Switch|p1a: Chansey
|-crit|p1a: Chansey
|-damage|p1a: Chansey|604\/704
|
|switch|p2a: Conkeldurr|Conkeldurr, F|386\/386
|
|turn|12
|
|switch|p1a: Zoe|Amoonguss, F|432\/432
|move|p2a: Conkeldurr|Ice Punch|p1a: Zoe
|-supereffective|p1a: Zoe
|-damage|p1a: Zoe|128\/432
|
|-heal|p1a: Zoe|155\/432|[from] item: Black Sludge
|turn|13
|
|switch|p1a: Laveau|Mandibuzz, F|424\/424
|move|p2a: Conkeldurr|Ice Punch|p1a: Laveau
|-supereffective|p1a: Laveau
|-damage|p1a: Laveau|198\/424
|
|-heal|p1a: Laveau|224\/424|[from] item: Leftovers
|turn|14
|
|move|p1a: Laveau|Roost|p1a: Laveau
|-heal|p1a: Laveau|424\/424
|move|p2a: Conkeldurr|Hammer Arm|p1a: Laveau
|-supereffective|p1a: Laveau
|-damage|p1a: Laveau|70\/424
|-unboost|p2a: Conkeldurr|spe|1
|-damage|p2a: Conkeldurr|348\/386|[from] item: Life Orb
|
|-heal|p1a: Laveau|96\/424|[from] item: Leftovers
|turn|15
|-message|lil manaphy forfeited.
|
|win|Sweet Symphony
|raw|Ladder updating...
|leave|lil manaphy
|player|p1
|raw|lil manaphy's rating: 1849 &rarr; <strong>1820<\/strong><br \/>(-29 for losing)
|raw|Sweet Symphony's rating: 1681 &rarr; <strong>1710<\/strong><br \/>(+29 for winning)