|join|HollowHead
|join|Robin Mahfood
|player|p1|HollowHead|80
|player|p2|Robin Mahfood|226
|gametype|singles
|gen|6
|tier|OU
|rated
|clearpoke
|poke|p1|Klefki, F
|poke|p1|Thundurus, M
|poke|p1|Alakazam, M
|poke|p1|Gengar, M
|poke|p1|Mamoswine, M
|poke|p1|Bisharp, M
|poke|p2|Chansey, F
|poke|p2|Slowbro, M
|poke|p2|Zapdos
|poke|p2|Mawile, F
|poke|p2|Keldeo
|poke|p2|Landorus-Therian, M
|rule|Swagger Clause: Swagger is banned
|rule|Baton Pass Clause: Limit one Pokémon knowing Baton Pass
|rule|Sleep Clause Mod: Limit one foe put to sleep
|rule|Species Clause: Limit one of each Pokémon
|rule|OHKO Clause: OHKO moves are banned
|rule|Moody Clause: Moody is banned
|rule|Evasion Moves Clause: Evasion moves are banned
|rule|Endless Battle Clause: Forcing endless battles is banned
|rule|HP Percentage Mod: HP is shown in percentages
|teampreview
|
|start
|switch|p1a: Gengar|Gengar, M|262\/262
|switch|p2a: Landorus-Therian|Landorus-Therian, M|382\/382
|-ability|p2a: Landorus-Therian|Intimidate|[of] p1a: Gengar
|-unboost|p1a: Gengar|atk|1
|turn|1
|
|move|p1a: Gengar|Will-O-Wisp|p2a: Landorus-Therian
|-status|p2a: Landorus-Therian|brn
|move|p2a: Landorus-Therian|U-turn|p1a: Gengar
|-resisted|p1a: Gengar
|-damage|p1a: Gengar|247\/262
|
|switch|p2a: Keldeo|Keldeo|323\/323
|
|-heal|p1a: Gengar|262\/262|[from] item: Black Sludge
|turn|2
|
|switch|p1a: Klefki|Klefki, F|318\/318
|move|p2a: Keldeo|Scald|p1a: Klefki
|-damage|p1a: Klefki|185\/318
|
|-heal|p1a: Klefki|204\/318|[from] item: Leftovers
|turn|3
|
|switch|p2a: Mawile|Mawile, F|303\/303
|-ability|p2a: Mawile|Intimidate|[of] p1a: Klefki
|-unboost|p1a: Klefki|atk|1
|move|p1a: Klefki|Thunder Wave|p2a: Mawile
|-status|p2a: Mawile|par
|
|-heal|p1a: Klefki|223\/318|[from] item: Leftovers
|turn|4
|
|detailschange|p2a: Mawile|Mawile-Mega, F
|message|Mawile has Mega Evolved into Mega Mawile!
|move|p1a: Klefki|Spikes|p2a: Mawile
|-sidestart|p2: Robin Mahfood|Spikes
|move|p2a: Mawile|Play Rough|p1a: Klefki
|-resisted|p1a: Klefki
|-damage|p1a: Klefki|88\/318
|
|-heal|p1a: Klefki|107\/318|[from] item: Leftovers
|turn|5
|
|move|p1a: Klefki|Foul Play|p2a: Mawile
|-resisted|p2a: Mawile
|-damage|p2a: Mawile|259\/303 par
|move|p2a: Mawile|Play Rough|p1a: Klefki
|-resisted|p1a: Klefki
|-damage|p1a: Klefki|0 fnt
|faint|p1a: Klefki
|
|
|switch|p1a: Mamoswine|Mamoswine, M|362\/362
|turn|6
|
|switch|p2a: Slowbro|Slowbro, M|394\/394
|-damage|p2a: Slowbro|345\/394|[from] Spikes
|move|p1a: Mamoswine|Earthquake|p2a: Slowbro
|-damage|p2a: Slowbro|231\/394
|
|-heal|p2a: Slowbro|255\/394|[from] item: Leftovers
|turn|7
|
|switch|p1a: Alakazam|Alakazam, M|252\/252
|move|p2a: Slowbro|Scald|p1a: Alakazam
|-damage|p1a: Alakazam|152\/252
|
|-heal|p2a: Slowbro|279\/394|[from] item: Leftovers
|turn|8
|
|switch|p2a: Chansey|Chansey, F|643\/643
|-damage|p2a: Chansey|563\/643|[from] Spikes
|detailschange|p1a: Alakazam|Alakazam-Mega, M
|message|Alakazam has Mega Evolved into Mega Alakazam!
|-ability|p1a: Alakazam|Natural Cure|[from] ability: Trace|[of] p2a: Chansey
|move|p1a: Alakazam|Shadow Ball|p2a: Chansey
|-immune|p2a: Chansey|[msg]
|
|turn|9
|
|switch|p1a: Bisharp|Bisharp, M|272\/272
|move|p2a: Chansey|Wish|p2a: Chansey
|
|turn|10
|
|switch|p2a: Keldeo|Keldeo|323\/323
|-damage|p2a: Keldeo|283\/323|[from] Spikes
|move|p1a: Bisharp|Swords Dance|p1a: Bisharp
|-boost|p1a: Bisharp|atk|2
|
|-heal|p2a: Keldeo|323\/323|[from] move: Wish|[wisher] Chansey
|turn|11
|
|move|p1a: Bisharp|Sucker Punch|p2a: Keldeo
|-resisted|p2a: Keldeo
|-damage|p2a: Keldeo|140\/323
|-boost|p2a: Keldeo|atk|1|[from] ability: Justified
|-damage|p1a: Bisharp|245\/272|[from] item: Life Orb
|move|p2a: Keldeo|Secret Sword|p1a: Bisharp
|-crit|p1a: Bisharp
|-supereffective|p1a: Bisharp
|-damage|p1a: Bisharp|0 fnt
|faint|p1a: Bisharp
|
|-heal|p2a: Keldeo|160\/323|[from] item: Leftovers
|
|switch|p1a: Thundurus|Thundurus, M|299\/299
|turn|12
|
|switch|p2a: Chansey|Chansey, F|563\/643
|-damage|p2a: Chansey|483\/643|[from] Spikes
|move|p1a: Thundurus|Nasty Plot|p1a: Thundurus
|-boost|p1a: Thundurus|spa|2
|
|turn|13
|
|move|p1a: Thundurus|Focus Blast|p2a: Chansey|[miss]
|-miss|p1a: Thundurus|p2a: Chansey
|move|p2a: Chansey|Soft-Boiled|p2a: Chansey
|-heal|p2a: Chansey|643\/643
|
|turn|14
|
|move|p1a: Thundurus|Nasty Plot|p1a: Thundurus
|-boost|p1a: Thundurus|spa|2
|move|p2a: Chansey|Seismic Toss|p1a: Thundurus
|-damage|p1a: Thundurus|199\/299
|
|turn|15
|
|move|p1a: Thundurus|Focus Blast|p2a: Chansey|[miss]
|-miss|p1a: Thundurus|p2a: Chansey
|move|p2a: Chansey|Seismic Toss|p1a: Thundurus
|-damage|p1a: Thundurus|99\/299
|
|turn|16
|
|move|p1a: Thundurus|Focus Blast|p2a: Chansey
|-supereffective|p2a: Chansey
|-damage|p2a: Chansey|133\/643
|-damage|p1a: Thundurus|70\/299|[from] item: Life Orb
|move|p2a: Chansey|Seismic Toss|p1a: Thundurus
|-damage|p1a: Thundurus|0 fnt
|faint|p1a: Thundurus
|
|
|switch|p1a: Gengar|Gengar, M|262\/262
|turn|17
|
|move|p1a: Gengar|Taunt|p2a: Chansey
|-start|p2a: Chansey|move: Taunt
|cant|p2a: Chansey|move: Taunt|Soft-Boiled
|
|turn|18
|
|move|p1a: Gengar|Substitute|p1a: Gengar
|-start|p1a: Gengar|Substitute
|-damage|p1a: Gengar|197\/262
|move|p2a: Chansey|Seismic Toss|p1a: Gengar
|-immune|p1a: Gengar|[msg]
|
|-heal|p1a: Gengar|213\/262|[from] item: Black Sludge
|turn|19
|
|move|p1a: Gengar|Will-O-Wisp|p2a: Chansey
|-status|p2a: Chansey|brn
|move|p2a: Chansey|Seismic Toss|p1a: Gengar
|-immune|p1a: Gengar|[msg]
|
|-heal|p1a: Gengar|229\/262|[from] item: Black Sludge
|-damage|p2a: Chansey|53\/643 brn|[from] brn
|-end|p2a: Chansey|move: Taunt
|turn|20
|
|move|p1a: Gengar|Taunt|p2a: Chansey
|-start|p2a: Chansey|move: Taunt
|cant|p2a: Chansey|move: Taunt|Soft-Boiled
|
|-heal|p1a: Gengar|245\/262|[from] item: Black Sludge
|-damage|p2a: Chansey|0 fnt|[from] brn
|faint|p2a: Chansey
|
|switch|p2a: Zapdos|Zapdos|384\/384
|-ability|p2a: Zapdos|Pressure
|turn|21
|
|move|p1a: Gengar|Shadow Ball|p2a: Zapdos
|-damage|p2a: Zapdos|239\/384
|-unboost|p2a: Zapdos|spd|1
|move|p2a: Zapdos|Discharge|p1a: Gengar
|-crit|p1a: Gengar
|-end|p1a: Gengar|Substitute
|
|-heal|p1a: Gengar|261\/262|[from] item: Black Sludge
|-heal|p2a: Zapdos|263\/384|[from] item: Leftovers
|turn|22
|
|switch|p2a: Keldeo|Keldeo|160\/323
|-damage|p2a: Keldeo|120\/323|[from] Spikes
|move|p1a: Gengar|Shadow Ball|p2a: Keldeo
|-damage|p2a: Keldeo|0 fnt
|faint|p2a: Keldeo
|
|-heal|p1a: Gengar|262\/262|[from] item: Black Sludge
|
|switch|p2a: Zapdos|Zapdos|263\/384
|-ability|p2a: Zapdos|Pressure
|turn|23
|
|move|p1a: Gengar|Taunt|p2a: Zapdos
|-start|p2a: Zapdos|move: Taunt
|move|p2a: Zapdos|Discharge|p1a: Gengar
|-damage|p1a: Gengar|121\/262
|
|-heal|p1a: Gengar|137\/262|[from] item: Black Sludge
|-heal|p2a: Zapdos|287\/384|[from] item: Leftovers
|turn|24
|
|move|p1a: Gengar|Shadow Ball|p2a: Zapdos
|-damage|p2a: Zapdos|124\/384
|-unboost|p2a: Zapdos|spd|1
|move|p2a: Zapdos|Discharge|p1a: Gengar
|-crit|p1a: Gengar
|-damage|p1a: Gengar|0 fnt
|faint|p1a: Gengar
|
|-heal|p2a: Zapdos|148\/384|[from] item: Leftovers
|
|switch|p1a: Alakazam|Alakazam-Mega, M|152\/252
|-ability|p1a: Alakazam|Pressure|[from] ability: Trace|[of] p2a: Zapdos
|-ability|p1a: Alakazam|Pressure
|turn|25
|
|move|p1a: Alakazam|Psychic|p2a: Zapdos
|-crit|p2a: Zapdos
|-damage|p2a: Zapdos|0 fnt
|faint|p2a: Zapdos
|
|join|LordGamer453
|
|switch|p2a: Mawile|Mawile-Mega, F|259\/303 par
|-damage|p2a: Mawile|222\/303 par|[from] Spikes
|turn|26
|
|switch|p1a: Mamoswine|Mamoswine, M|362\/362
|cant|p2a: Mawile|par
|
|turn|27
|
|switch|p2a: Slowbro|Slowbro, M|394\/394
|-damage|p2a: Slowbro|345\/394|[from] Spikes
|move|p1a: Mamoswine|Earthquake|p2a: Slowbro
|-damage|p2a: Slowbro|218\/394
|
|-heal|p2a: Slowbro|242\/394|[from] item: Leftovers
|turn|28
|
|switch|p1a: Alakazam|Alakazam-Mega, M|152\/252
|-ability|p1a: Alakazam|Regenerator|[from] ability: Trace|[of] p2a: Slowbro
|move|p2a: Slowbro|Thunder Wave|p1a: Alakazam
|-status|p1a: Alakazam|par
|
|-heal|p2a: Slowbro|266\/394|[from] item: Leftovers
|turn|29
|
|switch|p2a: Landorus-Therian|Landorus-Therian, M|382\/382 brn
|-ability|p2a: Landorus-Therian|Intimidate|[of] p1a: Alakazam
|-unboost|p1a: Alakazam|atk|1
|move|p1a: Alakazam|Shadow Ball|p2a: Landorus-Therian
|-damage|p2a: Landorus-Therian|235\/382 brn
|
|-heal|p2a: Landorus-Therian|258\/382 brn|[from] item: Leftovers
|-damage|p2a: Landorus-Therian|211\/382 brn|[from] brn
|turn|30
|
|move|p2a: Landorus-Therian|Stealth Rock|p1a: Alakazam
|-sidestart|p1: HollowHead|move: Stealth Rock
|move|p1a: Alakazam|Shadow Ball|p2a: Landorus-Therian
|-damage|p2a: Landorus-Therian|65\/382 brn
|
|-heal|p2a: Landorus-Therian|88\/382 brn|[from] item: Leftovers
|-damage|p2a: Landorus-Therian|41\/382 brn|[from] brn
|turn|31
|
|switch|p1a: Mamoswine|Mamoswine, M|362\/362
|-damage|p1a: Mamoswine|317\/362|[from] Stealth Rock
|move|p2a: Landorus-Therian|Earthquake|p1a: Mamoswine
|-damage|p1a: Mamoswine|226\/362
|
|-heal|p2a: Landorus-Therian|64\/382 brn|[from] item: Leftovers
|-damage|p2a: Landorus-Therian|17\/382 brn|[from] brn
|turn|32
|
|switch|p2a: Slowbro|Slowbro, M|394\/394
|-damage|p2a: Slowbro|345\/394|[from] Spikes
|move|p1a: Mamoswine|Stealth Rock|p2a: Slowbro
|-sidestart|p2: Robin Mahfood|move: Stealth Rock
|
|-heal|p2a: Slowbro|369\/394|[from] item: Leftovers
|turn|33
|
|switch|p1a: Alakazam|Alakazam-Mega, M|236\/252 par
|-damage|p1a: Alakazam|205\/252 par|[from] Stealth Rock
|-ability|p1a: Alakazam|Regenerator|[from] ability: Trace|[of] p2a: Slowbro
|move|p2a: Slowbro|Scald|p1a: Alakazam
|-damage|p1a: Alakazam|100\/252 par
|
|-heal|p2a: Slowbro|393\/394|[from] item: Leftovers
|turn|34
|
|move|p1a: Alakazam|Shadow Ball|p2a: Slowbro
|-supereffective|p2a: Slowbro
|-damage|p2a: Slowbro|55\/394
|move|p2a: Slowbro|Scald|p1a: Alakazam
|-damage|p1a: Alakazam|1\/252 par
|
|-heal|p2a: Slowbro|79\/394|[from] item: Leftovers
|turn|35
|
|switch|p2a: Landorus-Therian|Landorus-Therian, M|17\/382 brn
|-damage|p2a: Landorus-Therian|0 fnt|[from] Stealth Rock
|faint|p2a: Landorus-Therian
|move|p1a: Alakazam|Shadow Ball|p2: Landorus-Therian|[notarget]
|-notarget
|
|
|switch|p2a: Mawile|Mawile-Mega, F|222\/303 par
|-damage|p2a: Mawile|185\/303 par|[from] Spikes
|-damage|p2a: Mawile|167\/303 par|[from] Stealth Rock
|turn|36
|
|move|p1a: Alakazam|Hidden Power|p2a: Mawile
|-supereffective|p2a: Mawile
|-damage|p2a: Mawile|0 fnt
|faint|p2a: Mawile
|
|
|switch|p2a: Slowbro|Slowbro, M|210\/394
|-damage|p2a: Slowbro|161\/394|[from] Stealth Rock
|-damage|p2a: Slowbro|112\/394|[from] Spikes
|turn|37
|
|cant|p1a: Alakazam|par
|move|p2a: Slowbro|Scald|p1a: Alakazam
|-damage|p1a: Alakazam|0 fnt
|faint|p1a: Alakazam
|
|-heal|p2a: Slowbro|136\/394|[from] item: Leftovers
|
|switch|p1a: Mamoswine|Mamoswine, M|226\/362
|-damage|p1a: Mamoswine|181\/362|[from] Stealth Rock
|turn|38
|
|move|p1a: Mamoswine|Earthquake|p2a: Slowbro
|-damage|p2a: Slowbro|4\/394
|move|p2a: Slowbro|Scald|p1a: Mamoswine
|-supereffective|p1a: Mamoswine
|-damage|p1a: Mamoswine|0 fnt
|faint|p1a: Mamoswine
|
|win|Robin Mahfood
|raw|Ladder updating...
|raw|HollowHead's rating: 1754 &rarr; <strong>1727<\/strong><br \/>(-27 for losing)
|raw|Robin Mahfood's rating: 1631 &rarr; <strong>1658<\/strong><br \/>(+27 for winning)
|chat|HollowHead|I was getting too lucky for it to last.
|chat|HollowHead|gg.
|chat|Robin Mahfood|GG
|leave|HollowHead
|player|p1