|join|Paul Gilbert
|join|HollowHead
|player|p1|Paul Gilbert|267
|player|p2|HollowHead|80
|gametype|singles
|gen|6
|tier|OU
|rated
|clearpoke
|poke|p1|Landorus-Therian, M
|poke|p1|Conkeldurr, M
|poke|p1|Magnezone
|poke|p1|Azumarill, M
|poke|p1|Pinsir, M
|poke|p1|Empoleon, M
|poke|p2|Klefki, M
|poke|p2|Gyarados, F
|poke|p2|Alakazam, F
|poke|p2|Trevenant, M
|poke|p2|Thundurus, M
|poke|p2|Garchomp, F
|rule|Swagger Clause: Swagger is banned
|rule|Baton Pass Clause: Limit one Pokémon knowing Baton Pass
|rule|Sleep Clause Mod: Limit one foe put to sleep
|rule|Species Clause: Limit one of each Pokémon
|rule|OHKO Clause: OHKO moves are banned
|rule|Moody Clause: Moody is banned
|rule|Evasion Moves Clause: Evasion moves are banned
|rule|Endless Battle Clause: Forcing endless battles is banned
|rule|HP Percentage Mod: HP is reported as percentages
|teampreview
|
|start
|switch|p1a: Landorus-Therian|Landorus-Therian, M|328\/328
|switch|p2a: Garchomp|Garchomp, F|357\/357
|-ability|p1a: Landorus-Therian|Intimidate|[of] p2a: Garchomp
|-unboost|p2a: Garchomp|atk|1
|turn|1
|join|Riles
|
|move|p1a: Landorus-Therian|U-turn|p2a: Garchomp
|-damage|p2a: Garchomp|263\/357
|-damage|p1a: Landorus-Therian|287\/328|[from] ability: Rough Skin|[of] p2a: Garchomp
|
|switch|p1a: Azumarill|Azumarill, M|349\/349
|move|p2a: Garchomp|Stealth Rock|p1a: Azumarill
|-sidestart|p1: Paul Gilbert|move: Stealth Rock
|
|turn|2
|
|switch|p2a: Trevenant|Trevenant, M|374\/374
|move|p1a: Azumarill|Waterfall|p2a: Trevenant
|-resisted|p2a: Trevenant
|-damage|p2a: Trevenant|255\/374
|
|turn|3
|
|switch|p1a: Conkeldurr|Conkeldurr, M|365\/365
|-damage|p1a: Conkeldurr|343\/365|[from] Stealth Rock
|move|p2a: Trevenant|Will-O-Wisp|p1a: Conkeldurr
|-status|p1a: Conkeldurr|brn
|
|-damage|p1a: Conkeldurr|298\/365 brn|[from] brn
|turn|4
|
|switch|p2a: Gyarados|Gyarados, F|393\/393
|-ability|p2a: Gyarados|Intimidate|[of] p1a: Conkeldurr
|-unboost|p1a: Conkeldurr|atk|1
|move|p1a: Conkeldurr|Stone Edge|p2a: Gyarados|[miss]
|-miss|p1a: Conkeldurr|p2a: Gyarados
|
|-damage|p1a: Conkeldurr|253\/365 brn|[from] brn
|turn|5
|chat|Paul Gilbert|....
|
|switch|p2a: Klefki|Klefki, M|318\/318
|move|p1a: Conkeldurr|Stone Edge|p2a: Klefki
|-resisted|p2a: Klefki
|-damage|p2a: Klefki|260\/318
|
|-heal|p2a: Klefki|279\/318|[from] item: Leftovers
|-damage|p1a: Conkeldurr|208\/365 brn|[from] brn
|turn|6
|
|switch|p1a: Magnezone|Magnezone|301\/301
|-damage|p1a: Magnezone|283\/301|[from] Stealth Rock
|move|p2a: Klefki|Dazzling Gleam|p1a: Magnezone
|-resisted|p1a: Magnezone
|-damage|p1a: Magnezone|244\/301
|
|-heal|p2a: Klefki|298\/318|[from] item: Leftovers
|turn|7
|
|move|p2a: Klefki|Spikes|p1a: Magnezone
|-sidestart|p1: Paul Gilbert|Spikes
|move|p1a: Magnezone|Flash Cannon|p2a: Klefki
|-damage|p2a: Klefki|81\/318
|
|-heal|p2a: Klefki|100\/318|[from] item: Leftovers
|turn|8
|
|switch|p1a: Empoleon|Empoleon, M|371\/371
|-damage|p1a: Empoleon|348\/371|[from] Stealth Rock
|-damage|p1a: Empoleon|302\/371|[from] Spikes
|move|p2a: Klefki|Spikes|p1a: Empoleon
|-sidestart|p1: Paul Gilbert|Spikes
|
|-heal|p2a: Klefki|119\/318|[from] item: Leftovers
|-heal|p1a: Empoleon|325\/371|[from] item: Leftovers
|turn|9
|
|switch|p2a: Thundurus|Thundurus, M|299\/299
|move|p1a: Empoleon|Defog|p2a: Thundurus
|-unboost|p2a: Thundurus|evasion|1
|-boost|p2a: Thundurus|atk|2|[from] ability: Defiant
|-sideend|p1: Paul Gilbert|Spikes|[from] move: Defog|[of] p1a: Empoleon
|-sideend|p1: Paul Gilbert|Stealth Rock|[from] move: Defog|[of] p1a: Empoleon
|
|-heal|p1a: Empoleon|348\/371|[from] item: Leftovers
|turn|10
|
|switch|p1a: Landorus-Therian|Landorus-Therian, M|287\/328
|-ability|p1a: Landorus-Therian|Intimidate|[of] p2a: Thundurus
|-unboost|p2a: Thundurus|atk|1
|-boost|p2a: Thundurus|atk|2|[from] ability: Defiant
|move|p2a: Thundurus|Hidden Power|p1a: Landorus-Therian
|-supereffective|p1a: Landorus-Therian
|-damage|p1a: Landorus-Therian|0 fnt
|-damage|p2a: Thundurus|270\/299|[from] item: Life Orb
|faint|p1a: Landorus-Therian
|
|
|switch|p1a: Conkeldurr|Conkeldurr, M|208\/365 brn
|turn|11
|
|move|p1a: Conkeldurr|Mach Punch|p2a: Thundurus
|-resisted|p2a: Thundurus
|-damage|p2a: Thundurus|183\/299
|move|p2a: Thundurus|Thunderbolt|p1a: Conkeldurr
|-damage|p1a: Conkeldurr|55\/365 brn
|-damage|p2a: Thundurus|154\/299|[from] item: Life Orb
|
|-damage|p1a: Conkeldurr|10\/365 brn|[from] brn
|turn|12
|
|move|p2a: Thundurus|Thunderbolt|p1a: Conkeldurr
|-damage|p1a: Conkeldurr|0 fnt
|-damage|p2a: Thundurus|125\/299|[from] item: Life Orb
|faint|p1a: Conkeldurr
|
|join|PEEKHO
|
|switch|p1a: Azumarill|Azumarill, M|349\/349
|turn|13
|
|move|p1a: Azumarill|Aqua Jet|p2a: Thundurus
|-damage|p2a: Thundurus|0 fnt
|faint|p2a: Thundurus
|
|chat|Paul Gilbert|I lose due to lose edge missing
|chat|Paul Gilbert|stone
|chat|Paul Gilbert|*
|
|switch|p2a: Trevenant|Trevenant, M|255\/374
|turn|14
|
|switch|p1a: Magnezone|Magnezone|244\/301
|move|p2a: Trevenant|Will-O-Wisp|p1a: Magnezone
|-status|p1a: Magnezone|brn
|
|-damage|p1a: Magnezone|207\/301 brn|[from] brn
|turn|15
|
|switch|p2a: Gyarados|Gyarados, F|393\/393
|-ability|p2a: Gyarados|Intimidate|[of] p1a: Magnezone
|-unboost|p1a: Magnezone|atk|1
|move|p1a: Magnezone|Flash Cannon|p2a: Gyarados
|-resisted|p2a: Gyarados
|-damage|p2a: Gyarados|285\/393
|
|-heal|p2a: Gyarados|309\/393|[from] item: Leftovers
|-damage|p1a: Magnezone|170\/301 brn|[from] brn
|turn|16
|
|switch|p1a: Azumarill|Azumarill, M|349\/349
|move|p2a: Gyarados|Waterfall|p1a: Azumarill
|-crit|p1a: Azumarill
|-resisted|p1a: Azumarill
|-damage|p1a: Azumarill|263\/349
|
|-heal|p2a: Gyarados|333\/393|[from] item: Leftovers
|turn|17
|
|switch|p2a: Klefki|Klefki, M|119\/318
|move|p1a: Azumarill|Play Rough|p2a: Klefki
|-resisted|p2a: Klefki
|-damage|p2a: Klefki|7\/318
|
|-heal|p2a: Klefki|26\/318|[from] item: Leftovers
|turn|18
|chat|PEEKHO|that has to be mega kazam
|
|switch|p1a: Empoleon|Empoleon, M|348\/371
|move|p2a: Klefki|Spikes|p1a: Empoleon
|-sidestart|p1: Paul Gilbert|Spikes
|
|-heal|p2a: Klefki|45\/318|[from] item: Leftovers
|-heal|p1a: Empoleon|371\/371|[from] item: Leftovers
|turn|19
|join|gogeta478
|
|move|p2a: Klefki|Thunder Wave|p1a: Empoleon
|-status|p1a: Empoleon|par
|cant|p1a: Empoleon|par
|
|-heal|p2a: Klefki|64\/318|[from] item: Leftovers
|turn|20
|
|switch|p2a: Garchomp|Garchomp, F|263\/357
|move|p1a: Empoleon|Scald|p2a: Garchomp
|-damage|p2a: Garchomp|142\/357
|
|turn|21
|chat|PEEKHO|what a stupid pokemon design
|
|move|p2a: Garchomp|Earthquake|p1a: Empoleon
|-supereffective|p1a: Empoleon
|-damage|p1a: Empoleon|87\/371 par
|move|p1a: Empoleon|Scald|p2a: Garchomp
|-damage|p2a: Garchomp|0 fnt
|faint|p2a: Garchomp
|
|-heal|p1a: Empoleon|110\/371 par|[from] item: Leftovers
|
|switch|p2a: Alakazam|Alakazam, F|252\/252
|turn|22
|
|detailschange|p2a: Alakazam|Alakazam-Mega, F
|message|Alakazam has Mega Evolved into Mega Alakazam!
|-ability|p2a: Alakazam|Torrent|[from] ability: Trace|[of] p1a: Empoleon
|move|p2a: Alakazam|Focus Blast|p1a: Empoleon
|-supereffective|p1a: Empoleon
|-damage|p1a: Empoleon|0 fnt
|faint|p1a: Empoleon
|
|chat|Paul Gilbert|You can hit focus blast but I can't hit stone edge
|chat|Paul Gilbert|when its a game decider
|chat|PEEKHO|lol'
|chat|gogeta478|heh
|
|switch|p1a: Azumarill|Azumarill, M|263\/349
|-damage|p1a: Azumarill|220\/349|[from] Spikes
|turn|23
|chat|HollowHead|Dude, calm down, gyarados does shit to your team
|chat|Paul Gilbert|Still Makes a difference
|
|switch|p2a: Klefki|Klefki, M|64\/318
|move|p1a: Azumarill|Aqua Jet|p2a: Klefki
|-damage|p2a: Klefki|0 fnt
|faint|p2a: Klefki
|
|
|switch|p2a: Trevenant|Trevenant, M|255\/374
|turn|24
|
|switch|p1a: Magnezone|Magnezone|170\/301 brn
|-damage|p1a: Magnezone|133\/301 brn|[from] Spikes
|move|p2a: Trevenant|Rest|p2a: Trevenant
|-status|p2a: Trevenant|slp
|-heal|p2a: Trevenant|374\/374 slp|[silent]
|-status|p2a: Trevenant|slp|[from] move: Rest
|-enditem|p2a: Trevenant|Lum Berry|[eat]
|-curestatus|p2a: Trevenant|slp
|
|-damage|p1a: Magnezone|96\/301 brn|[from] brn
|-item|p2a: Trevenant|Lum Berry|[from] ability: Harvest
|turn|25
|
|move|p1a: Magnezone|Flash Cannon|p2a: Trevenant
|-crit|p2a: Trevenant
|-damage|p2a: Trevenant|0 fnt
|faint|p2a: Trevenant
|
|-damage|p1a: Magnezone|59\/301 brn|[from] brn
|chat|PEEKHO|yessss
|
|switch|p2a: Alakazam|Alakazam-Mega, F|252\/252
|-ability|p2a: Alakazam|Magnet Pull|[from] ability: Trace|[of] p1a: Magnezone
|turn|26
|chat|Paul Gilbert|Thats not good for me
|chat|Paul Gilbert|I actually Didn't want that to de
|
|move|p2a: Alakazam|Hidden Power|p1a: Magnezone
|-supereffective|p1a: Magnezone
|-damage|p1a: Magnezone|0 fnt
|faint|p1a: Magnezone
|
|join|Bavid Dowie
|
|switch|p1a: Pinsir|Pinsir, M|271\/271
|-damage|p1a: Pinsir|238\/271|[from] Spikes
|turn|27
|
|detailschange|p1a: Pinsir|Pinsir-Mega, M
|message|Pinsir has Mega Evolved into Mega Pinsir!
|move|p2a: Alakazam|Psychic|p1a: Pinsir
|-damage|p1a: Pinsir|15\/271
|move|p1a: Pinsir|Return|p2a: Alakazam
|-damage|p2a: Alakazam|0 fnt
|faint|p2a: Alakazam
|
|chat|PEEKHO|oh,yeah i forgot ur pinsir is that set
|
|switch|p2a: Gyarados|Gyarados, F|333\/393
|-ability|p2a: Gyarados|Intimidate|[of] p1a: Pinsir
|-unboost|p1a: Pinsir|atk|1
|turn|28
|
|move|p1a: Pinsir|Return|p2a: Gyarados
|-damage|p2a: Gyarados|185\/393
|move|p2a: Gyarados|Waterfall|p1a: Pinsir
|-damage|p1a: Pinsir|0 fnt
|faint|p1a: Pinsir
|
|-heal|p2a: Gyarados|209\/393|[from] item: Leftovers
|
|switch|p1a: Azumarill|Azumarill, M|220\/349
|-damage|p1a: Azumarill|177\/349|[from] Spikes
|turn|29
|
|move|p2a: Gyarados|Rest|p2a: Gyarados
|-status|p2a: Gyarados|slp
|-heal|p2a: Gyarados|393\/393 slp|[silent]
|-status|p2a: Gyarados|slp|[from] move: Rest
|move|p1a: Azumarill|Play Rough|p2a: Gyarados|[miss]
|-miss|p1a: Azumarill|p2a: Gyarados
|
|turn|30
|chat|PEEKHO|inb4 miss
|
|cant|p2a: Gyarados|slp
|move|p2a: Gyarados|Sleep Talk|p2a: Gyarados
|move|p2a: Gyarados|Dragon Tail|p1a: Azumarill|[from]Sleep Talk
|-immune|p1a: Azumarill|[msg]
|move|p1a: Azumarill|Play Rough|p2a: Gyarados
|-damage|p2a: Gyarados|155\/393 slp
|
|-heal|p2a: Gyarados|179\/393 slp|[from] item: Leftovers
|turn|31
|chat|PEEKHO|loll
|chat|PEEKHO|loll
|join|muh aegis
|chat|HollowHead|gg
|join|desert treasure
|
|cant|p2a: Gyarados|slp
|move|p2a: Gyarados|Sleep Talk|p2a: Gyarados
|move|p2a: Gyarados|Rest|p2a: Gyarados|[from]Sleep Talk
|-fail|p2a: Gyarados
|move|p1a: Azumarill|Play Rough|p2a: Gyarados
|-damage|p2a: Gyarados|0 fnt
|faint|p2a: Gyarados
|
|win|Paul Gilbert
|raw|Ladder updating...
|raw|Paul Gilbert's rating: 1908 &rarr; <strong>1925<\/strong><br \/>(+17 for winning)
|raw|HollowHead's rating: 1856 &rarr; <strong>1839<\/strong><br \/>(-17 for losing)
|chat|PEEKHO|gg
|chat|HollowHead|See, didn't matter
|chat|Paul Gilbert|Phewwww
|leave|HollowHead
|player|p2
|chat|PEEKHO|yo paul
|chat|PEEKHO|congrats
|leave|Bavid Dowie
|chat|PEEKHO|top 20
|leave|desert treasure
|chat|PEEKHO|i mean top 10
|chat|Paul Gilbert|Thats not good lol
|chat|Paul Gilbert|I need top 5 before im happy
|chat|PEEKHO|lol
|chat|PEEKHO|gl
|chat|Paul Gilbert|cheers
|leave|PEEKHO
|leave|Paul Gilbert
|player|p1
|join|desert treasure