|join|lucar26
|join|HollowHead
|player|p1|lucar26|281
|player|p2|HollowHead|80
|gametype|singles
|gen|6
|tier|OU
|rated
|clearpoke
|poke|p1|Breloom, F
|poke|p1|Manectric, M, shiny
|poke|p1|Tyranitar, F
|poke|p1|Skarmory, M
|poke|p1|Gastrodon, M
|poke|p1|Talonflame, F
|poke|p2|Klefki, F
|poke|p2|Quagsire, M
|poke|p2|Alakazam, M
|poke|p2|Gengar, M
|poke|p2|Mamoswine, F
|poke|p2|Bisharp, M
|rule|Swagger Clause: Swagger is banned
|rule|Baton Pass Clause: Limit one Pokémon knowing Baton Pass
|rule|Sleep Clause Mod: Limit one foe put to sleep
|rule|Species Clause: Limit one of each Pokémon
|rule|OHKO Clause: OHKO moves are banned
|rule|Moody Clause: Moody is banned
|rule|Evasion Moves Clause: Evasion moves are banned
|rule|Endless Battle Clause: Forcing endless battles is banned
|rule|HP Percentage Mod: HP is shown in percentages
|teampreview
|
|start
|switch|p1a: Breloom|Breloom, F|261\/261
|switch|p2a: Alakazam|Alakazam, M|252\/252
|turn|1
|
|detailschange|p2a: Alakazam|Alakazam-Mega, M
|message|Alakazam has Mega Evolved into Mega Alakazam!
|-ability|p2a: Alakazam|Technician|[from] ability: Trace|[of] p1a: Breloom
|move|p2a: Alakazam|Psychic|p1a: Breloom
|-supereffective|p1a: Breloom
|-enditem|p1a: Breloom|Focus Sash
|-damage|p1a: Breloom|1\/261
|move|p1a: Breloom|Bullet Seed|p2a: Alakazam
|-damage|p2a: Alakazam|140\/252
|-damage|p2a: Alakazam|46\/252
|-crit|p2a: Alakazam
|-damage|p2a: Alakazam|0 fnt
|-hitcount|p2a: Alakazam|3
|faint|p2a: Alakazam
|
|
|switch|p2a: Gengar|Gengar, M|262\/262
|turn|2
|
|move|p2a: Gengar|Shadow Ball|p1a: Breloom
|-damage|p1a: Breloom|0 fnt
|faint|p1a: Breloom
|
|
|switch|p1a: Tyranitar|Tyranitar, F|403\/403
|-weather|Sandstorm
|turn|3
|
|move|p1a: Tyranitar|Pursuit|p2a: Gengar|[from]Pursuit
|-supereffective|p2a: Gengar
|-damage|p2a: Gengar|0 fnt
|faint|p2a: Gengar
|
|-weather|Sandstorm|[upkeep]
|
|switch|p2a: Bisharp|Bisharp, M|272\/272
|turn|4
|
|switch|p1a: Gastrodon|Gastrodon, M|425\/425
|move|p2a: Bisharp|Swords Dance|p2a: Bisharp
|-boost|p2a: Bisharp|atk|2
|
|-weather|Sandstorm|[upkeep]
|turn|5
|
|move|p2a: Bisharp|Knock Off|p1a: Gastrodon
|-damage|p1a: Gastrodon|38\/425
|-enditem|p1a: Gastrodon|Leftovers|[from] move: Knock Off|[of] p2a: Bisharp
|-damage|p2a: Bisharp|245\/272|[from] item: Life Orb
|move|p1a: Gastrodon|Scald|p2a: Bisharp
|-damage|p2a: Bisharp|127\/272
|
|-weather|Sandstorm|[upkeep]
|turn|6
|
|move|p2a: Bisharp|Knock Off|p1a: Gastrodon
|-damage|p1a: Gastrodon|0 fnt
|-damage|p2a: Bisharp|100\/272|[from] item: Life Orb
|faint|p1a: Gastrodon
|
|-weather|Sandstorm|[upkeep]
|
|switch|p1a: Talonflame|Talonflame, F|317\/317
|turn|7
|
|switch|p2a: Quagsire|Quagsire, M|394\/394
|move|p1a: Talonflame|Brave Bird|p2a: Quagsire
|-damage|p2a: Quagsire|213\/394
|-damage|p1a: Talonflame|257\/317|[from] recoil|[of] p2a: Quagsire
|-damage|p1a: Talonflame|226\/317|[from] item: Life Orb
|
|-weather|none
|-heal|p2a: Quagsire|237\/394|[from] item: Leftovers
|turn|8
|
|switch|p1a: Skarmory|Skarmory, M|333\/333
|move|p2a: Quagsire|Scald|p1a: Skarmory
|-damage|p1a: Skarmory|273\/333
|-status|p1a: Skarmory|brn
|
|-heal|p2a: Quagsire|261\/394|[from] item: Leftovers
|-damage|p1a: Skarmory|232\/333 brn|[from] brn
|turn|9
|
|switch|p2a: Mamoswine|Mamoswine, F|362\/362
|move|p1a: Skarmory|Stealth Rock|p2a: Mamoswine
|-sidestart|p2: HollowHead|move: Stealth Rock
|
|-damage|p1a: Skarmory|191\/333 brn|[from] brn
|turn|10
|
|move|p2a: Mamoswine|Stealth Rock|p1a: Skarmory
|-sidestart|p1: lucar26|move: Stealth Rock
|move|p1a: Skarmory|Iron Head|p2a: Mamoswine
|-supereffective|p2a: Mamoswine
|-damage|p2a: Mamoswine|272\/362
|
|-damage|p1a: Skarmory|150\/333 brn|[from] brn
|turn|11
|
|move|p2a: Mamoswine|Icicle Crash|p1a: Skarmory
|-damage|p1a: Skarmory|30\/333 brn
|cant|p1a: Skarmory|flinch
|
|-damage|p1a: Skarmory|0 fnt|[from] brn
|faint|p1a: Skarmory
|
|switch|p1a: Manectric|Manectric, M, shiny|282\/282
|-damage|p1a: Manectric|247\/282|[from] Stealth Rock
|turn|12
|
|detailschange|p1a: Manectric|Manectric-Mega, M, shiny
|message|Manectric has Mega Evolved into Mega Manectric!
|-ability|p1a: Manectric|Intimidate|[of] p2a: Mamoswine
|-unboost|p2a: Mamoswine|atk|1
|move|p1a: Manectric|Flamethrower|p2a: Mamoswine
|-supereffective|p2a: Mamoswine
|-damage|p2a: Mamoswine|110\/362
|-status|p2a: Mamoswine|brn
|move|p2a: Mamoswine|Earthquake|p1a: Manectric
|-supereffective|p1a: Manectric
|-damage|p1a: Manectric|109\/282
|
|-damage|p2a: Mamoswine|65\/362 brn|[from] brn
|turn|13
|
|move|p2a: Mamoswine|Ice Shard|p1a: Manectric
|-damage|p1a: Manectric|79\/282
|move|p1a: Manectric|Flamethrower|p2a: Mamoswine
|-supereffective|p2a: Mamoswine
|-damage|p2a: Mamoswine|0 fnt
|faint|p2a: Mamoswine
|
|
|switch|p2a: Quagsire|Quagsire, M|261\/394
|-damage|p2a: Quagsire|237\/394|[from] Stealth Rock
|turn|14
|
|move|p1a: Manectric|Flamethrower|p2a: Quagsire
|-resisted|p2a: Quagsire
|-damage|p2a: Quagsire|154\/394
|move|p2a: Quagsire|Recover|p2a: Quagsire
|-heal|p2a: Quagsire|351\/394
|
|-heal|p2a: Quagsire|375\/394|[from] item: Leftovers
|turn|15
|
|switch|p1a: Tyranitar|Tyranitar, F|403\/403
|-damage|p1a: Tyranitar|353\/403|[from] Stealth Rock
|-weather|Sandstorm
|move|p2a: Quagsire|Earthquake|p1a: Tyranitar
|-supereffective|p1a: Tyranitar
|-damage|p1a: Tyranitar|179\/403
|
|-weather|Sandstorm|[upkeep]
|-heal|p2a: Quagsire|394\/394|[from] item: Leftovers
|turn|16
|
|switch|p2a: Klefki|Klefki, F|318\/318
|-damage|p2a: Klefki|299\/318|[from] Stealth Rock
|move|p1a: Tyranitar|Rock Slide|p2a: Klefki
|-resisted|p2a: Klefki
|-damage|p2a: Klefki|212\/318
|
|-weather|Sandstorm|[upkeep]
|-heal|p2a: Klefki|231\/318|[from] item: Leftovers
|turn|17
|
|switch|p1a: Manectric|Manectric-Mega, M, shiny|79\/282
|-damage|p1a: Manectric|44\/282|[from] Stealth Rock
|-ability|p1a: Manectric|Intimidate|[of] p2a: Klefki
|-unboost|p2a: Klefki|atk|1
|move|p2a: Klefki|Spikes|p1a: Manectric
|-sidestart|p1: lucar26|Spikes
|
|-weather|Sandstorm|[upkeep]
|-damage|p1a: Manectric|27\/282|[from] sandstorm
|-heal|p2a: Klefki|250\/318|[from] item: Leftovers
|turn|18
|
|move|p2a: Klefki|Spikes|p1a: Manectric
|-sidestart|p1: lucar26|Spikes
|move|p1a: Manectric|Flamethrower|p2a: Klefki
|-supereffective|p2a: Klefki
|-damage|p2a: Klefki|30\/318
|-status|p2a: Klefki|brn
|
|-weather|Sandstorm|[upkeep]
|-damage|p1a: Manectric|10\/282|[from] sandstorm
|-heal|p2a: Klefki|49\/318 brn|[from] item: Leftovers
|-damage|p2a: Klefki|10\/318 brn|[from] brn
|turn|19
|c|★HollowHead|flamethrower burn rate 100 percent confirmed
|
|move|p2a: Klefki|Spikes|p1a: Manectric
|-sidestart|p1: lucar26|Spikes
|move|p1a: Manectric|Flamethrower|p2a: Klefki
|-supereffective|p2a: Klefki
|-damage|p2a: Klefki|0 fnt
|faint|p2a: Klefki
|
|-weather|none
|
|switch|p2a: Quagsire|Quagsire, M|394\/394
|-damage|p2a: Quagsire|370\/394|[from] Stealth Rock
|turn|20
|
|move|p1a: Manectric|Flamethrower|p2a: Quagsire
|-resisted|p2a: Quagsire
|-damage|p2a: Quagsire|289\/394
|move|p2a: Quagsire|Scald|p1a: Manectric
|-damage|p1a: Manectric|0 fnt
|faint|p1a: Manectric
|
|-heal|p2a: Quagsire|313\/394|[from] item: Leftovers
|
|switch|p1a: Tyranitar|Tyranitar, F|179\/403
|-damage|p1a: Tyranitar|129\/403|[from] Stealth Rock
|-damage|p1a: Tyranitar|29\/403|[from] Spikes
|-weather|Sandstorm
|turn|21
|
|switch|p2a: Bisharp|Bisharp, M|100\/272
|-damage|p2a: Bisharp|83\/272|[from] Stealth Rock
|move|p1a: Tyranitar|Superpower|p2a: Bisharp
|-supereffective|p2a: Bisharp
|-damage|p2a: Bisharp|0 fnt
|-unboost|p1a: Tyranitar|atk|1
|-unboost|p1a: Tyranitar|def|1
|faint|p2a: Bisharp
|
|-weather|Sandstorm|[upkeep]
|
|switch|p2a: Quagsire|Quagsire, M|313\/394
|-damage|p2a: Quagsire|289\/394|[from] Stealth Rock
|turn|22
|
|move|p1a: Tyranitar|Superpower|p2a: Quagsire
|-damage|p2a: Quagsire|81\/394
|-unboost|p1a: Tyranitar|atk|1
|-unboost|p1a: Tyranitar|def|1
|move|p2a: Quagsire|Recover|p2a: Quagsire
|-heal|p2a: Quagsire|278\/394
|
|-weather|Sandstorm|[upkeep]
|-heal|p2a: Quagsire|302\/394|[from] item: Leftovers
|turn|23
|
|move|p1a: Tyranitar|Superpower|p2a: Quagsire
|-damage|p2a: Quagsire|126\/394
|-unboost|p1a: Tyranitar|atk|1
|-unboost|p1a: Tyranitar|def|1
|move|p2a: Quagsire|Recover|p2a: Quagsire
|-heal|p2a: Quagsire|323\/394
|
|-weather|Sandstorm|[upkeep]
|-heal|p2a: Quagsire|347\/394|[from] item: Leftovers
|turn|24
|
|move|p1a: Tyranitar|Superpower|p2a: Quagsire
|-damage|p2a: Quagsire|142\/394
|-unboost|p1a: Tyranitar|atk|1
|-unboost|p1a: Tyranitar|def|1
|move|p2a: Quagsire|Scald|p1a: Tyranitar
|-supereffective|p1a: Tyranitar
|-damage|p1a: Tyranitar|0 fnt
|faint|p1a: Tyranitar
|
|-weather|Sandstorm|[upkeep]
|-heal|p2a: Quagsire|166\/394|[from] item: Leftovers
|
|switch|p1a: Talonflame|Talonflame, F|226\/317
|-damage|p1a: Talonflame|68\/317|[from] Stealth Rock
|turn|25
|
|move|p1a: Talonflame|Brave Bird|p2a: Quagsire
|-damage|p2a: Quagsire|0 fnt
|-damage|p1a: Talonflame|13\/317|[from] recoil|[of] p2a: Quagsire
|-damage|p1a: Talonflame|0 fnt|[from] item: Life Orb
|faint|p2a: Quagsire
|faint|p1a: Talonflame
|
|win|lucar26
|raw|Ladder updating...
|raw|lucar26's rating: 1622 &rarr; <strong>1643<\/strong><br \/>(+21 for winning)
|raw|HollowHead's rating: 1635 &rarr; <strong>1615<\/strong><br \/>(-20 for losing)
|c|★HollowHead|gg
|leave|HollowHead
|player|p2