|join|RSMessiii
|join|Though Guy
|player|p1|RSMessiii|101
|player|p2|Though Guy|110
|gametype|singles
|gen|6
|tier|OU
|rated
|clearpoke
|poke|p1|Gliscor, M
|poke|p1|Clefable, M
|poke|p1|Chansey, F
|poke|p1|Slowbro, F
|poke|p1|Scizor, F
|poke|p1|Celebi
|poke|p2|Machamp, F
|poke|p2|Metagross
|poke|p2|Talonflame, F
|poke|p2|Landorus-Therian, M
|poke|p2|Scolipede, M
|poke|p2|Clefable, F
|rule|Swagger Clause: Swagger is banned
|rule|Baton Pass Clause: Limit one Pokémon knowing Baton Pass
|rule|Sleep Clause Mod: Limit one foe put to sleep
|rule|Species Clause: Limit one of each Pokémon
|rule|OHKO Clause: OHKO moves are banned
|rule|Moody Clause: Moody is banned
|rule|Evasion Moves Clause: Evasion moves are banned
|rule|Endless Battle Clause: Forcing endless battles is banned
|rule|HP Percentage Mod: HP is shown in percentages
|teampreview
|
|start
|switch|p1a: Scizor|Scizor, F|343\/343
|switch|p2a: Eohhh|Scolipede, M|324\/324
|turn|1
|
|detailschange|p1a: Scizor|Scizor-Mega, F
|message|Scizor has Mega Evolved into Mega Scizor!
|move|p2a: Eohhh|Iron Defense|p2a: Eohhh
|-boost|p2a: Eohhh|def|2
|move|p1a: Scizor|U-turn|p2a: Eohhh
|-crit|p2a: Eohhh
|-resisted|p2a: Eohhh
|-damage|p2a: Eohhh|231\/324
|
|switch|p1a: Celebi|Celebi|404\/404
|
|-boost|p2a: Eohhh|spe|1|[from] ability: Speed Boost
|turn|2
|
|move|p2a: Eohhh|Toxic Spikes|p1a: Celebi
|-sidestart|p1: RSMessiii|move: Toxic Spikes
|move|p1a: Celebi|Perish Song|p1a: Celebi
|-fieldactivate|move: Perish Song
|
|-start|p2a: Eohhh|perish3
|-start|p1a: Celebi|perish3
|-boost|p2a: Eohhh|spe|1|[from] ability: Speed Boost
|turn|3
|
|switch|p2a: Voo quente|Talonflame, F|359\/359
|switch|p1a: Scizor|Scizor-Mega, F|343\/343
|
|turn|4
|
|switch|p1a: Slowbro|Slowbro, F|393\/393
|-status|p1a: Slowbro|psn
|move|p2a: Voo quente|Flamethrower|p1a: Slowbro
|-resisted|p1a: Slowbro
|-damage|p1a: Slowbro|339\/393 psn
|
|-heal|p1a: Slowbro|363\/393 psn|[from] item: Leftovers
|-damage|p1a: Slowbro|314\/393 psn|[from] psn
|turn|5
|
|switch|p2a: Eohhh|Scolipede, M|231\/324
|move|p1a: Slowbro|Scald|p2a: Eohhh
|-damage|p2a: Eohhh|128\/324
|-status|p2a: Eohhh|brn
|
|-heal|p1a: Slowbro|338\/393 psn|[from] item: Leftovers
|-damage|p2a: Eohhh|88\/324 brn|[from] brn
|-damage|p1a: Slowbro|289\/393 psn|[from] psn
|turn|6
|
|switch|p1a: Scizor|Scizor-Mega, F|343\/343
|move|p2a: Eohhh|Swords Dance|p2a: Eohhh
|-boost|p2a: Eohhh|atk|2
|
|-damage|p2a: Eohhh|48\/324 brn|[from] brn
|-boost|p2a: Eohhh|spe|1|[from] ability: Speed Boost
|turn|7
|
|move|p1a: Scizor|Bullet Punch|p2a: Eohhh
|-damage|p2a: Eohhh|0 fnt
|faint|p2a: Eohhh
|
|
|switch|p2a: Voo quente|Talonflame, F|359\/359
|turn|8
|
|switch|p1a: Slowbro|Slowbro, F|393\/393 psn
|move|p2a: Voo quente|Flamethrower|p1a: Slowbro
|-resisted|p1a: Slowbro
|-damage|p1a: Slowbro|333\/393 psn
|
|-heal|p1a: Slowbro|357\/393 psn|[from] item: Leftovers
|-damage|p1a: Slowbro|308\/393 psn|[from] psn
|turn|9
|
|switch|p2a: THE MAN|Machamp, F|384\/384
|move|p1a: Slowbro|Scald|p2a: THE MAN
|-damage|p2a: THE MAN|270\/384
|
|-heal|p2a: THE MAN|294\/384|[from] item: Leftovers
|-heal|p1a: Slowbro|332\/393 psn|[from] item: Leftovers
|-damage|p1a: Slowbro|283\/393 psn|[from] psn
|turn|10
|
|switch|p1a: Clefable|Clefable, M|393\/393
|-status|p1a: Clefable|psn
|move|p2a: THE MAN|Dynamic Punch|p1a: Clefable
|-resisted|p1a: Clefable
|-damage|p1a: Clefable|333\/393 psn
|-start|p1a: Clefable|confusion
|
|-heal|p2a: THE MAN|318\/384|[from] item: Leftovers
|-heal|p1a: Clefable|357\/393 psn|[from] item: Leftovers
|-damage|p1a: Clefable|308\/393 psn|[from] psn
|turn|11
|
|switch|p2a: Arachnotron|Metagross|364\/364
|-activate|p1a: Clefable|confusion
|move|p1a: Clefable|Heal Bell|p1a: Clefable
|-cureteam|p1a: Clefable|[from] move: HealBell
|
|-heal|p1a: Clefable|332\/393|[from] item: Leftovers
|turn|12
|
|detailschange|p2a: Arachnotron|Metagross-Mega
|message|Metagross has Mega Evolved into Mega Metagross!
|-activate|p1a: Clefable|confusion
|-damage|p1a: Clefable|311\/393|[from] confusion
|move|p2a: Arachnotron|Meteor Mash|p1a: Clefable
|-supereffective|p1a: Clefable
|-damage|p1a: Clefable|0 fnt
|faint|p1a: Clefable
|
|
|switch|p1a: Slowbro|Slowbro, F|393\/393
|-status|p1a: Slowbro|psn
|turn|13
|
|switch|p2a: THE MAN|Machamp, F|318\/384
|move|p1a: Slowbro|Scald|p2a: THE MAN
|-damage|p2a: THE MAN|215\/384
|-status|p2a: THE MAN|brn
|
|-heal|p2a: THE MAN|239\/384 brn|[from] item: Leftovers
|-damage|p2a: THE MAN|191\/384 brn|[from] brn
|-damage|p1a: Slowbro|344\/393 psn|[from] psn
|turn|14
|
|move|p2a: THE MAN|Fire Blast|p1a: Slowbro
|-crit|p1a: Slowbro
|-resisted|p1a: Slowbro
|-damage|p1a: Slowbro|264\/393 psn
|move|p1a: Slowbro|Scald|p2a: THE MAN
|-damage|p2a: THE MAN|91\/384 brn
|
|-heal|p2a: THE MAN|115\/384 brn|[from] item: Leftovers
|-heal|p1a: Slowbro|288\/393 psn|[from] item: Leftovers
|-damage|p2a: THE MAN|67\/384 brn|[from] brn
|-damage|p1a: Slowbro|239\/393 psn|[from] psn
|turn|15
|
|move|p2a: THE MAN|Dynamic Punch|p1a: Slowbro
|-resisted|p1a: Slowbro
|-damage|p1a: Slowbro|218\/393 psn
|-start|p1a: Slowbro|confusion
|-activate|p1a: Slowbro|confusion
|move|p1a: Slowbro|Slack Off|p1a: Slowbro
|-heal|p1a: Slowbro|393\/393 psn
|
|-heal|p2a: THE MAN|91\/384 brn|[from] item: Leftovers
|-damage|p2a: THE MAN|43\/384 brn|[from] brn
|-damage|p1a: Slowbro|344\/393 psn|[from] psn
|turn|16
|
|move|p2a: THE MAN|Dynamic Punch|p1a: Slowbro
|-resisted|p1a: Slowbro
|-damage|p1a: Slowbro|322\/393 psn
|-activate|p1a: Slowbro|confusion
|move|p1a: Slowbro|Scald|p2a: THE MAN
|-damage|p2a: THE MAN|0 fnt
|faint|p2a: THE MAN
|
|-heal|p1a: Slowbro|346\/393 psn|[from] item: Leftovers
|-damage|p1a: Slowbro|297\/393 psn|[from] psn
|
|switch|p2a: Arachnotron|Metagross-Mega|364\/364
|turn|17
|
|switch|p1a: Scizor|Scizor-Mega, F|343\/343
|move|p2a: Arachnotron|Meteor Mash|p1a: Scizor
|-resisted|p1a: Scizor
|-damage|p1a: Scizor|286\/343
|
|turn|18
|
|move|p2a: Arachnotron|Meteor Mash|p1a: Scizor
|-resisted|p1a: Scizor
|-damage|p1a: Scizor|226\/343
|move|p1a: Scizor|Defog|p2a: Arachnotron
|-unboost|p2a: Arachnotron|evasion|1
|-sideend|p1: RSMessiii|Toxic Spikes|[from] move: Defog|[of] p1a: Scizor
|
|turn|19
|
|move|p2a: Arachnotron|Meteor Mash|p1a: Scizor
|-resisted|p1a: Scizor
|-damage|p1a: Scizor|171\/343
|move|p1a: Scizor|Roost|p1a: Scizor
|-heal|p1a: Scizor|343\/343
|
|turn|20
|
|move|p2a: Arachnotron|Meteor Mash|p1a: Scizor
|-resisted|p1a: Scizor
|-damage|p1a: Scizor|279\/343
|-boost|p2a: Arachnotron|atk|1
|move|p1a: Scizor|U-turn|p2a: Arachnotron
|-damage|p2a: Arachnotron|279\/364
|
|switch|p1a: Slowbro|Slowbro, F|393\/393 psn
|
|-damage|p1a: Slowbro|344\/393 psn|[from] psn
|turn|21
|
|move|p2a: Arachnotron|Meteor Mash|p1a: Slowbro
|-resisted|p1a: Slowbro
|-damage|p1a: Slowbro|244\/393 psn
|-boost|p2a: Arachnotron|atk|1
|move|p1a: Slowbro|Scald|p2a: Arachnotron
|-damage|p2a: Arachnotron|212\/364
|
|-heal|p1a: Slowbro|268\/393 psn|[from] item: Leftovers
|-damage|p1a: Slowbro|219\/393 psn|[from] psn
|turn|22
|
|move|p2a: Arachnotron|Meteor Mash|p1a: Slowbro
|-resisted|p1a: Slowbro
|-damage|p1a: Slowbro|67\/393 psn
|move|p1a: Slowbro|Scald|p2a: Arachnotron
|-damage|p2a: Arachnotron|145\/364
|
|-heal|p1a: Slowbro|91\/393 psn|[from] item: Leftovers
|-damage|p1a: Slowbro|42\/393 psn|[from] psn
|turn|23
|
|switch|p1a: Celebi|Celebi|404\/404
|move|p2a: Arachnotron|Ice Punch|p1a: Celebi
|-supereffective|p1a: Celebi
|-damage|p1a: Celebi|0 fnt
|faint|p1a: Celebi
|
|
|switch|p1a: Scizor|Scizor-Mega, F|279\/343
|turn|24
|
|move|p2a: Arachnotron|Brick Break|p1a: Scizor
|-damage|p1a: Scizor|147\/343
|move|p1a: Scizor|U-turn|p2a: Arachnotron
|-damage|p2a: Arachnotron|67\/364
|
|switch|p1a: Slowbro|Slowbro, F|173\/393 psn
|
|-heal|p1a: Slowbro|197\/393 psn|[from] item: Leftovers
|-damage|p1a: Slowbro|148\/393 psn|[from] psn
|turn|25
|
|switch|p1a: Scizor|Scizor-Mega, F|147\/343
|move|p2a: Arachnotron|Meteor Mash|p1a: Scizor
|-resisted|p1a: Scizor
|-damage|p1a: Scizor|21\/343
|
|turn|26
|
|move|p1a: Scizor|Bullet Punch|p2a: Arachnotron
|-crit|p2a: Arachnotron
|-resisted|p2a: Arachnotron
|-damage|p2a: Arachnotron|10\/364
|move|p2a: Arachnotron|Meteor Mash|p1a: Scizor
|-resisted|p1a: Scizor
|-damage|p1a: Scizor|0 fnt
|faint|p1a: Scizor
|
|
|switch|p1a: Slowbro|Slowbro, F|279\/393 psn
|turn|27
|
|move|p2a: Arachnotron|Meteor Mash|p1a: Slowbro
|-resisted|p1a: Slowbro
|-damage|p1a: Slowbro|136\/393 psn
|-boost|p2a: Arachnotron|atk|1
|move|p1a: Slowbro|Scald|p2a: Arachnotron
|-damage|p2a: Arachnotron|0 fnt
|faint|p2a: Arachnotron
|
|-heal|p1a: Slowbro|160\/393 psn|[from] item: Leftovers
|-damage|p1a: Slowbro|111\/393 psn|[from] psn
|
|switch|p2a: Hug me|Clefable, F|394\/394
|turn|28
|
|switch|p1a: Chansey|Chansey, F|703\/703
|move|p2a: Hug me|Calm Mind|p2a: Hug me
|-boost|p2a: Hug me|spa|1
|-boost|p2a: Hug me|spd|1
|
|turn|29
|
|switch|p1a: Gliscor|Gliscor, M|353\/353
|move|p2a: Hug me|Calm Mind|p2a: Hug me
|-boost|p2a: Hug me|spa|1
|-boost|p2a: Hug me|spd|1
|
|-status|p1a: Gliscor|tox|[from] item: Toxic Orb
|turn|30
|
|move|p1a: Gliscor|Taunt|p2a: Hug me
|-start|p2a: Hug me|move: Taunt
|move|p2a: Hug me|Moonblast|p1a: Gliscor
|-damage|p1a: Gliscor|140\/353 tox
|
|-heal|p1a: Gliscor|184\/353 tox|[from] ability: Poison Heal
|turn|31
|
|move|p1a: Gliscor|Roost|p1a: Gliscor
|-heal|p1a: Gliscor|353\/353 tox
|move|p2a: Hug me|Moonblast|p1a: Gliscor
|-damage|p1a: Gliscor|149\/353 tox
|-unboost|p1a: Gliscor|spa|1
|
|-heal|p1a: Gliscor|193\/353 tox|[from] ability: Poison Heal
|turn|32
|
|move|p1a: Gliscor|Roost|p1a: Gliscor
|-heal|p1a: Gliscor|353\/353 tox
|move|p2a: Hug me|Stored Power|p1a: Gliscor
|-damage|p1a: Gliscor|223\/353 tox
|
|-heal|p1a: Gliscor|267\/353 tox|[from] ability: Poison Heal
|-end|p2a: Hug me|move: Taunt
|turn|33
|
|move|p1a: Gliscor|Knock Off|p2a: Hug me
|-resisted|p2a: Hug me
|-damage|p2a: Hug me|360\/394
|-enditem|p2a: Hug me|Leftovers|[from] move: Knock Off|[of] p1a: Gliscor
|move|p2a: Hug me|Moonblast|p1a: Gliscor
|-damage|p1a: Gliscor|69\/353 tox
|-unboost|p1a: Gliscor|spa|1
|
|-heal|p1a: Gliscor|113\/353 tox|[from] ability: Poison Heal
|turn|34
|
|move|p1a: Gliscor|Roost|p1a: Gliscor
|-heal|p1a: Gliscor|290\/353 tox
|move|p2a: Hug me|Moonblast|p1a: Gliscor
|-damage|p1a: Gliscor|85\/353 tox
|
|-heal|p1a: Gliscor|129\/353 tox|[from] ability: Poison Heal
|turn|35
|
|move|p1a: Gliscor|Roost|p1a: Gliscor
|-heal|p1a: Gliscor|306\/353 tox
|move|p2a: Hug me|Moonblast|p1a: Gliscor
|-crit|p1a: Gliscor
|-damage|p1a: Gliscor|20\/353 tox
|
|-heal|p1a: Gliscor|64\/353 tox|[from] ability: Poison Heal
|turn|36
|
|move|p1a: Gliscor|Roost|p1a: Gliscor
|-heal|p1a: Gliscor|241\/353 tox
|move|p2a: Hug me|Calm Mind|p2a: Hug me
|-boost|p2a: Hug me|spa|1
|-boost|p2a: Hug me|spd|1
|
|-heal|p1a: Gliscor|285\/353 tox|[from] ability: Poison Heal
|turn|37
|
|move|p1a: Gliscor|Earthquake|p2a: Hug me
|-damage|p2a: Hug me|245\/394
|move|p2a: Hug me|Stored Power|p1a: Gliscor
|-damage|p1a: Gliscor|61\/353 tox
|
|-heal|p1a: Gliscor|105\/353 tox|[from] ability: Poison Heal
|turn|38
|
|move|p1a: Gliscor|Roost|p1a: Gliscor
|-heal|p1a: Gliscor|282\/353 tox
|move|p2a: Hug me|Moonblast|p1a: Gliscor
|-damage|p1a: Gliscor|24\/353 tox
|
|-heal|p1a: Gliscor|68\/353 tox|[from] ability: Poison Heal
|turn|39
|
|move|p1a: Gliscor|Taunt|p2a: Hug me
|-start|p2a: Hug me|move: Taunt
|move|p2a: Hug me|Moonblast|p1a: Gliscor
|-damage|p1a: Gliscor|0 fnt
|faint|p1a: Gliscor
|
|
|switch|p1a: Chansey|Chansey, F|703\/703
|turn|40
|
|switch|p2a: Gwargh|Landorus-Therian, M|382\/382
|-ability|p2a: Gwargh|Intimidate|[of] p1a: Chansey
|-unboost|p1a: Chansey|atk|1
|move|p1a: Chansey|Seismic Toss|p2a: Gwargh
|-damage|p2a: Gwargh|282\/382
|
|turn|41
|
|move|p2a: Gwargh|Stealth Rock|p1a: Chansey
|-sidestart|p1: RSMessiii|move: Stealth Rock
|move|p1a: Chansey|Stealth Rock|p2a: Gwargh
|-sidestart|p2: Though Guy|move: Stealth Rock
|
|turn|42
|
|move|p2a: Gwargh|Earthquake|p1a: Chansey
|-damage|p1a: Chansey|472\/703
|move|p1a: Chansey|Toxic|p2a: Gwargh
|-status|p2a: Gwargh|tox
|-enditem|p2a: Gwargh|Lum Berry|[eat]
|-curestatus|p2a: Gwargh|tox
|
|turn|43
|
|move|p2a: Gwargh|Superpower|p1a: Chansey
|-supereffective|p1a: Chansey
|-damage|p1a: Chansey|106\/703
|-unboost|p2a: Gwargh|atk|1
|-unboost|p2a: Gwargh|def|1
|move|p1a: Chansey|Soft-Boiled|p1a: Chansey
|-heal|p1a: Chansey|458\/703
|
|turn|44
|
|switch|p2a: Hug me|Clefable, F|245\/394
|move|p1a: Chansey|Toxic|p2a: Hug me
|-status|p2a: Hug me|tox
|
|turn|45
|
|move|p2a: Hug me|Soft-Boiled|p2a: Hug me
|-heal|p2a: Hug me|394\/394 tox
|move|p1a: Chansey|Seismic Toss|p2a: Hug me
|-damage|p2a: Hug me|294\/394 tox
|
|turn|46
|
|move|p2a: Hug me|Calm Mind|p2a: Hug me
|-boost|p2a: Hug me|spa|1
|-boost|p2a: Hug me|spd|1
|move|p1a: Chansey|Seismic Toss|p2a: Hug me
|-damage|p2a: Hug me|194\/394 tox
|
|turn|47
|
|move|p2a: Hug me|Calm Mind|p2a: Hug me
|-boost|p2a: Hug me|spa|1
|-boost|p2a: Hug me|spd|1
|move|p1a: Chansey|Seismic Toss|p2a: Hug me
|-damage|p2a: Hug me|94\/394 tox
|
|turn|48
|
|move|p2a: Hug me|Soft-Boiled|p2a: Hug me
|-heal|p2a: Hug me|291\/394 tox
|move|p1a: Chansey|Soft-Boiled|p1a: Chansey
|-heal|p1a: Chansey|703\/703
|
|turn|49
|
|move|p2a: Hug me|Calm Mind|p2a: Hug me
|-boost|p2a: Hug me|spa|1
|-boost|p2a: Hug me|spd|1
|move|p1a: Chansey|Seismic Toss|p2a: Hug me
|-damage|p2a: Hug me|191\/394 tox
|
|turn|50
|
|move|p2a: Hug me|Calm Mind|p2a: Hug me
|-boost|p2a: Hug me|spa|1
|-boost|p2a: Hug me|spd|1
|move|p1a: Chansey|Seismic Toss|p2a: Hug me
|-damage|p2a: Hug me|91\/394 tox
|
|turn|51
|
|move|p2a: Hug me|Soft-Boiled|p2a: Hug me
|-heal|p2a: Hug me|288\/394 tox
|move|p1a: Chansey|Seismic Toss|p2a: Hug me
|-damage|p2a: Hug me|188\/394 tox
|
|turn|52
|
|move|p2a: Hug me|Soft-Boiled|p2a: Hug me
|-heal|p2a: Hug me|385\/394 tox
|move|p1a: Chansey|Seismic Toss|p2a: Hug me
|-damage|p2a: Hug me|285\/394 tox
|
|turn|53
|
|move|p2a: Hug me|Calm Mind|p2a: Hug me
|-boost|p2a: Hug me|spa|1
|-boost|p2a: Hug me|spd|1
|move|p1a: Chansey|Seismic Toss|p2a: Hug me
|-damage|p2a: Hug me|185\/394 tox
|
|turn|54
|
|move|p2a: Hug me|Soft-Boiled|p2a: Hug me
|-heal|p2a: Hug me|382\/394 tox
|move|p1a: Chansey|Seismic Toss|p2a: Hug me
|-damage|p2a: Hug me|282\/394 tox
|
|turn|55
|
|move|p2a: Hug me|Calm Mind|p2a: Hug me
|-boost|p2a: Hug me|spa|1
|-boost|p2a: Hug me|spd|1
|move|p1a: Chansey|Seismic Toss|p2a: Hug me
|-damage|p2a: Hug me|182\/394 tox
|
|turn|56
|
|move|p2a: Hug me|Stored Power|p1a: Chansey
|-damage|p1a: Chansey|282\/703
|move|p1a: Chansey|Seismic Toss|p2a: Hug me
|-damage|p2a: Hug me|82\/394 tox
|
|turn|57
|
|move|p2a: Hug me|Stored Power|p1a: Chansey
|-damage|p1a: Chansey|0 fnt
|faint|p1a: Chansey
|
|c|★Though Guy|gg
|
|switch|p1a: Slowbro|Slowbro, F|242\/393 psn
|-damage|p1a: Slowbro|193\/393 psn|[from] Stealth Rock
|turn|58
|
|move|p2a: Hug me|Moonblast|p1a: Slowbro
|-damage|p1a: Slowbro|0 fnt
|faint|p1a: Slowbro
|
|win|Though Guy
|raw|Ladder updating...
|raw|RSMessiii's rating: 1616 &rarr; <strong>1587<\/strong><br \/>(-29 for losing)
|raw|Though Guy's rating: 1450 &rarr; <strong>1479<\/strong><br \/>(+29 for winning)