|join|ULT Lapraz
|join|ULT ktan
|player|p1|ULT Lapraz|157
|player|p2|ULT ktan|275
|gametype|singles
|gen|6
|tier|UU
|rated
|rule|Sleep Clause Mod: Limit one foe put to sleep
|rule|Species Clause: Limit one of each Pokémon
|rule|OHKO Clause: OHKO moves are banned
|rule|Moody Clause: Moody is banned
|rule|Evasion Moves Clause: Evasion moves are banned
|rule|Endless Battle Clause: Forcing endless battles is banned
|rule|HP Percentage Mod: HP is shown in percentages
|clearpoke
|poke|p1|Moltres
|poke|p1|Tentacruel, M
|poke|p1|Celebi
|poke|p1|Blissey, F
|poke|p1|Granbull, F
|poke|p1|Gligar, F
|poke|p2|Medicham, M
|poke|p2|Suicune
|poke|p2|Jirachi
|poke|p2|Kecleon, F
|poke|p2|Crobat, F
|poke|p2|Infernape, F
|rule|Swagger Clause: Swagger is banned
|rule|Baton Pass Clause: Limit one Pokémon knowing Baton Pass
|teampreview
|join|BiG BiRD SQUAD
|
|start
|switch|p1a: loltres|Moltres|384\/384
|switch|p2a: Infernape|Infernape, F|293\/293
|-ability|p1a: loltres|Pressure
|turn|1
|
|switch|p2a: Jirachi|Jirachi|341\/341
|move|p1a: loltres|Air Slash|p2a: Jirachi
|-resisted|p2a: Jirachi
|-damage|p2a: Jirachi|292\/341
|
|turn|2
|
|switch|p1a: Tentacruel|Tentacruel, M|364\/364
|move|p2a: Jirachi|U-turn|p1a: Tentacruel
|-resisted|p1a: Tentacruel
|-damage|p1a: Tentacruel|332\/364
|
|switch|p2a: Medicham|Medicham, M|261\/261
|
|-heal|p1a: Tentacruel|354\/364|[from] item: Black Sludge
|turn|3
|
|switch|p2a: Infernape|Infernape, F|293\/293
|switch|p1a: Granbull|Granbull, F|384\/384
|-ability|p1a: Granbull|Intimidate|[of] p2a: Infernape
|-unboost|p2a: Infernape|atk|1
|
|turn|4
|
|switch|p1a: loltres|Moltres|384\/384
|-ability|p1a: loltres|Pressure
|move|p2a: Infernape|Nasty Plot|p2a: Infernape
|-boost|p2a: Infernape|spa|2
|
|turn|5
|
|move|p2a: Infernape|Fire Blast|p1a: loltres
|-resisted|p1a: loltres
|-damage|p1a: loltres|238\/384
|move|p1a: loltres|Air Slash|p2a: Infernape
|-supereffective|p2a: Infernape
|-enditem|p2a: Infernape|Focus Sash
|-damage|p2a: Infernape|1\/293
|
|-heal|p1a: loltres|262\/384|[from] item: Leftovers
|turn|6
|
|move|p2a: Infernape|Fire Blast|p1a: loltres
|-resisted|p1a: loltres
|-damage|p1a: loltres|48\/384
|move|p1a: loltres|Air Slash|p2a: Infernape
|-supereffective|p2a: Infernape
|-damage|p2a: Infernape|0 fnt
|faint|p2a: Infernape
|
|-heal|p1a: loltres|72\/384|[from] item: Leftovers
|
|switch|p2a: Medicham|Medicham, M|261\/261
|turn|7
|
|switch|p1a: Granbull|Granbull, F|384\/384
|-ability|p1a: Granbull|Intimidate|[of] p2a: Medicham
|-unboost|p2a: Medicham|atk|1
|detailschange|p2a: Medicham|Medicham-Mega, M
|-mega|p2a: Medicham|Medicham|Medichamite
|move|p2a: Medicham|High Jump Kick|p1a: Granbull
|-resisted|p1a: Granbull
|-damage|p1a: Granbull|275\/384
|
|-heal|p1a: Granbull|299\/384|[from] item: Leftovers
|turn|8
|
|switch|p2a: Crobat|Crobat, F|373\/373
|move|p1a: Granbull|Play Rough|p2a: Crobat
|-crit|p2a: Crobat
|-resisted|p2a: Crobat
|-damage|p2a: Crobat|259\/373
|
|-heal|p2a: Crobat|282\/373|[from] item: Black Sludge
|-heal|p1a: Granbull|323\/384|[from] item: Leftovers
|turn|9
|
|switch|p1a: nyaaaa|Gligar, F|334\/334
|move|p2a: Crobat|U-turn|p1a: nyaaaa
|-resisted|p1a: nyaaaa
|-damage|p1a: nyaaaa|322\/334
|
|switch|p2a: Medicham|Medicham-Mega, M|261\/261
|
|turn|10
|
|move|p2a: Medicham|Substitute|p2a: Medicham
|-start|p2a: Medicham|Substitute
|-damage|p2a: Medicham|196\/261
|move|p1a: nyaaaa|Earthquake|p2a: Medicham
|-end|p2a: Medicham|Substitute
|
|turn|11
|
|move|p2a: Medicham|Ice Punch|p1a: nyaaaa
|-supereffective|p1a: nyaaaa
|-damage|p1a: nyaaaa|58\/334
|move|p1a: nyaaaa|Earthquake|p2a: Medicham
|-damage|p2a: Medicham|88\/261
|
|turn|12
|
|switch|p1a: Granbull|Granbull, F|323\/384
|-ability|p1a: Granbull|Intimidate|[of] p2a: Medicham
|-unboost|p2a: Medicham|atk|1
|move|p2a: Medicham|High Jump Kick|p1a: Granbull
|-resisted|p1a: Granbull
|-damage|p1a: Granbull|218\/384
|
|-heal|p1a: Granbull|242\/384|[from] item: Leftovers
|turn|13
|
|switch|p2a: Suicune|Suicune|404\/404
|-ability|p2a: Suicune|Pressure
|move|p1a: Granbull|Play Rough|p2a: Suicune
|-damage|p2a: Suicune|328\/404
|
|-heal|p2a: Suicune|353\/404|[from] item: Leftovers
|-heal|p1a: Granbull|266\/384|[from] item: Leftovers
|turn|14
|
|switch|p1a: loltres|Moltres|72\/384
|-ability|p1a: loltres|Pressure
|move|p2a: Suicune|Scald|p1a: loltres
|-supereffective|p1a: loltres
|-damage|p1a: loltres|0 fnt
|faint|p1a: loltres
|
|-heal|p2a: Suicune|378\/404|[from] item: Leftovers
|
|switch|p1a: Tentacruel|Tentacruel, M|354\/364
|turn|15
|
|move|p1a: Tentacruel|Knock Off|p2a: Suicune
|-damage|p2a: Suicune|345\/404
|-enditem|p2a: Suicune|Leftovers|[from] move: Knock Off|[of] p1a: Tentacruel
|move|p2a: Suicune|Calm Mind|p2a: Suicune
|-boost|p2a: Suicune|spa|1
|-boost|p2a: Suicune|spd|1
|
|-heal|p1a: Tentacruel|364\/364|[from] item: Black Sludge
|turn|16
|
|move|p1a: Tentacruel|Toxic|p2a: Suicune
|-status|p2a: Suicune|tox
|move|p2a: Suicune|Calm Mind|p2a: Suicune
|-boost|p2a: Suicune|spa|1
|-boost|p2a: Suicune|spd|1
|
|-damage|p2a: Suicune|320\/404 tox|[from] psn
|turn|17
|
|switch|p1a: Blissey|Blissey, F|657\/657
|move|p2a: Suicune|Calm Mind|p2a: Suicune
|-boost|p2a: Suicune|spa|1
|-boost|p2a: Suicune|spd|1
|
|-damage|p2a: Suicune|270\/404 tox|[from] psn
|turn|18
|
|switch|p1a: Celebi|Celebi|403\/403
|move|p2a: Suicune|Scald|p1a: Celebi
|-resisted|p1a: Celebi
|-damage|p1a: Celebi|324\/403
|-status|p1a: Celebi|brn
|
|-heal|p1a: Celebi|349\/403 brn|[from] item: Leftovers
|-damage|p1a: Celebi|299\/403 brn|[from] brn
|-damage|p2a: Suicune|195\/404 tox|[from] psn
|turn|19
|
|switch|p1a: Blissey|Blissey, F|657\/657
|move|p2a: Suicune|Rest|p2a: Suicune
|-status|p2a: Suicune|slp
|-heal|p2a: Suicune|404\/404 slp|[silent]
|-status|p2a: Suicune|slp|[from] move: Rest
|
|turn|20
|
|switch|p1a: Celebi|Celebi|299\/403
|cant|p2a: Suicune|slp
|move|p2a: Suicune|Sleep Talk|p2a: Suicune
|move|p2a: Suicune|Rest|p2a: Suicune|[from]Sleep Talk
|-fail|p2a: Suicune
|
|-heal|p1a: Celebi|324\/403|[from] item: Leftovers
|turn|21
|
|switch|p1a: Blissey|Blissey, F|657\/657
|cant|p2a: Suicune|slp
|move|p2a: Suicune|Sleep Talk|p2a: Suicune
|move|p2a: Suicune|Scald|p1a: Blissey|[from]Sleep Talk
|-damage|p1a: Blissey|506\/657
|
|-heal|p1a: Blissey|547\/657|[from] item: Leftovers
|turn|22
|
|switch|p1a: Celebi|Celebi|324\/403
|-curestatus|p2a: Suicune|slp
|move|p2a: Suicune|Calm Mind|p2a: Suicune
|-boost|p2a: Suicune|spa|1
|-boost|p2a: Suicune|spd|1
|
|-heal|p1a: Celebi|349\/403|[from] item: Leftovers
|turn|23
|
|switch|p1a: Blissey|Blissey, F|547\/657
|move|p2a: Suicune|Calm Mind|p2a: Suicune
|-boost|p2a: Suicune|spa|1
|-boost|p2a: Suicune|spd|1
|
|-heal|p1a: Blissey|588\/657|[from] item: Leftovers
|turn|24
|
|switch|p1a: Celebi|Celebi|349\/403
|move|p2a: Suicune|Calm Mind|p2a: Suicune
|-boost|p2a: Suicune|spa|1
|-boost|p2a: Suicune|spd|1
|
|-heal|p1a: Celebi|374\/403|[from] item: Leftovers
|turn|25
|
|switch|p1a: Blissey|Blissey, F|588\/657
|move|p2a: Suicune|Scald|p1a: Blissey
|-crit|p1a: Blissey
|-damage|p1a: Blissey|249\/657
|-status|p1a: Blissey|brn
|
|-heal|p1a: Blissey|290\/657 brn|[from] item: Leftovers
|-damage|p1a: Blissey|208\/657 brn|[from] brn
|turn|26
|
|switch|p1a: Celebi|Celebi|374\/403
|move|p2a: Suicune|Scald|p1a: Celebi
|-resisted|p1a: Celebi
|-damage|p1a: Celebi|253\/403
|
|-heal|p1a: Celebi|278\/403|[from] item: Leftovers
|turn|27
|
|move|p1a: Celebi|Perish Song|p1a: Celebi
|-fieldactivate|move: Perish Song
|move|p2a: Suicune|Scald|p1a: Celebi
|-resisted|p1a: Celebi
|-damage|p1a: Celebi|159\/403
|-status|p1a: Celebi|brn
|
|-start|p1a: Celebi|perish3
|-start|p2a: Suicune|perish3
|-heal|p1a: Celebi|184\/403 brn|[from] item: Leftovers
|-damage|p1a: Celebi|134\/403 brn|[from] brn
|turn|28
|
|move|p1a: Celebi|Recover|p1a: Celebi
|-heal|p1a: Celebi|336\/403 brn
|move|p2a: Suicune|Scald|p1a: Celebi
|-resisted|p1a: Celebi
|-damage|p1a: Celebi|207\/403 brn
|
|-start|p1a: Celebi|perish2
|-start|p2a: Suicune|perish2
|-heal|p1a: Celebi|232\/403 brn|[from] item: Leftovers
|-damage|p1a: Celebi|182\/403 brn|[from] brn
|turn|29
|
|switch|p2a: Jirachi|Jirachi|292\/341
|move|p1a: Celebi|Recover|p1a: Celebi
|-heal|p1a: Celebi|384\/403 brn
|
|-start|p1a: Celebi|perish1
|-heal|p1a: Celebi|403\/403 brn|[from] item: Leftovers
|-damage|p1a: Celebi|353\/403 brn|[from] brn
|turn|30
|
|switch|p1a: Tentacruel|Tentacruel, M|364\/364
|move|p2a: Jirachi|U-turn|p1a: Tentacruel
|-resisted|p1a: Tentacruel
|-damage|p1a: Tentacruel|331\/364
|
|switch|p2a: Medicham|Medicham-Mega, M|88\/261
|
|-heal|p1a: Tentacruel|353\/364|[from] item: Black Sludge
|turn|31
|
|switch|p1a: Celebi|Celebi|353\/403
|move|p2a: Medicham|Psycho Cut|p1a: Celebi
|-resisted|p1a: Celebi
|-damage|p1a: Celebi|250\/403
|
|-heal|p1a: Celebi|275\/403|[from] item: Leftovers
|turn|32
|
|switch|p2a: Jirachi|Jirachi|292\/341
|switch|p1a: Granbull|Granbull, F|266\/384
|-ability|p1a: Granbull|Intimidate|[of] p2a: Jirachi
|-unboost|p2a: Jirachi|atk|1
|
|-heal|p1a: Granbull|290\/384|[from] item: Leftovers
|turn|33
|
|switch|p1a: Tentacruel|Tentacruel, M|353\/364
|move|p2a: Jirachi|Iron Head|p1a: Tentacruel
|-resisted|p1a: Tentacruel
|-damage|p1a: Tentacruel|316\/364
|
|-heal|p1a: Tentacruel|338\/364|[from] item: Black Sludge
|turn|34
|
|switch|p2a: Suicune|Suicune|404\/404
|-ability|p2a: Suicune|Pressure
|move|p1a: Tentacruel|Knock Off|p2a: Suicune
|-damage|p2a: Suicune|381\/404
|
|-heal|p1a: Tentacruel|360\/364|[from] item: Black Sludge
|turn|35
|
|switch|p2a: Jirachi|Jirachi|292\/341
|move|p1a: Tentacruel|Toxic|p2a: Jirachi
|-fail|p2a: Jirachi
|
|-heal|p1a: Tentacruel|364\/364|[from] item: Black Sludge
|turn|36
|
|move|p2a: Jirachi|Trick|p1a: Tentacruel
|-activate|p2a: Jirachi|move: Trick|[of] p1a: Tentacruel
|-item|p1a: Tentacruel|Choice Scarf|[from] move: Trick
|-item|p2a: Jirachi|Black Sludge|[from] move: Trick
|move|p1a: Tentacruel|Knock Off|p2a: Jirachi
|-supereffective|p2a: Jirachi
|-damage|p2a: Jirachi|196\/341
|-enditem|p2a: Jirachi|Black Sludge|[from] move: Knock Off|[of] p1a: Tentacruel
|
|turn|37
|
|move|p1a: Tentacruel|Knock Off|p2a: Jirachi
|-supereffective|p2a: Jirachi
|-damage|p2a: Jirachi|128\/341
|move|p2a: Jirachi|U-turn|p1a: Tentacruel
|-resisted|p1a: Tentacruel
|-damage|p1a: Tentacruel|330\/364
|
|switch|p2a: Crobat|Crobat, F|282\/373
|
|-heal|p2a: Crobat|305\/373|[from] item: Black Sludge
|turn|38
|
|move|p2a: Crobat|U-turn|p1a: Tentacruel
|-resisted|p1a: Tentacruel
|-damage|p1a: Tentacruel|305\/364
|
|switch|p2a: Suicune|Suicune|381\/404
|-ability|p2a: Suicune|Pressure
|move|p1a: Tentacruel|Knock Off|p2a: Suicune
|-damage|p2a: Suicune|359\/404
|
|turn|39
|
|switch|p1a: Blissey|Blissey, F|208\/657
|switch|p2a: Jirachi|Jirachi|128\/341
|
|-heal|p1a: Blissey|249\/657|[from] item: Leftovers
|turn|40
|
|move|p1a: Blissey|Protect|p1a: Blissey
|-singleturn|p1a: Blissey|Protect
|move|p2a: Jirachi|Iron Head|p1a: Blissey
|-activate|p1a: Blissey|Protect
|
|-heal|p1a: Blissey|290\/657|[from] item: Leftovers
|turn|41
|
|switch|p1a: Tentacruel|Tentacruel, M|305\/364
|move|p2a: Jirachi|Iron Head|p1a: Tentacruel
|-resisted|p1a: Tentacruel
|-damage|p1a: Tentacruel|248\/364
|
|turn|42
|
|move|p1a: Tentacruel|Scald|p2a: Jirachi
|-damage|p2a: Jirachi|49\/341
|-status|p2a: Jirachi|brn
|move|p2a: Jirachi|Iron Head|p1a: Tentacruel
|-resisted|p1a: Tentacruel
|-damage|p1a: Tentacruel|221\/364
|
|-damage|p2a: Jirachi|7\/341 brn|[from] brn
|turn|43
|
|switch|p2a: Suicune|Suicune|359\/404
|-ability|p2a: Suicune|Pressure
|move|p1a: Tentacruel|Scald|p2a: Suicune
|-resisted|p2a: Suicune
|-damage|p2a: Suicune|327\/404
|
|turn|44
|
|switch|p1a: Blissey|Blissey, F|290\/657
|move|p2a: Suicune|Calm Mind|p2a: Suicune
|-boost|p2a: Suicune|spa|1
|-boost|p2a: Suicune|spd|1
|
|-heal|p1a: Blissey|331\/657|[from] item: Leftovers
|turn|45
|
|move|p2a: Suicune|Calm Mind|p2a: Suicune
|-boost|p2a: Suicune|spa|1
|-boost|p2a: Suicune|spd|1
|move|p1a: Blissey|Toxic|p2a: Suicune
|-status|p2a: Suicune|tox
|
|-heal|p1a: Blissey|372\/657|[from] item: Leftovers
|-damage|p2a: Suicune|302\/404 tox|[from] psn
|turn|46
|
|move|p2a: Suicune|Scald|p1a: Blissey
|-damage|p1a: Blissey|260\/657
|move|p1a: Blissey|Seismic Toss|p2a: Suicune
|-damage|p2a: Suicune|202\/404 tox
|
|-heal|p1a: Blissey|301\/657|[from] item: Leftovers
|-damage|p2a: Suicune|152\/404 tox|[from] psn
|turn|47
|
|move|p2a: Suicune|Rest|p2a: Suicune
|-status|p2a: Suicune|slp
|-heal|p2a: Suicune|404\/404 slp|[silent]
|-status|p2a: Suicune|slp|[from] move: Rest
|move|p1a: Blissey|Wish|p1a: Blissey
|
|-heal|p1a: Blissey|342\/657|[from] item: Leftovers
|turn|48
|
|switch|p2a: Crobat|Crobat, F|305\/373
|move|p1a: Blissey|Protect|p1a: Blissey
|-fail|p1a: Blissey
|
|-heal|p1a: Blissey|657\/657|[from] move: Wish|[wisher] Blissey
|-heal|p2a: Crobat|328\/373|[from] item: Black Sludge
|turn|49
|
|switch|p1a: Granbull|Granbull, F|290\/384
|-ability|p1a: Granbull|Intimidate|[of] p2a: Crobat
|-unboost|p2a: Crobat|atk|1
|move|p2a: Crobat|U-turn|p1a: Granbull
|-resisted|p1a: Granbull
|-damage|p1a: Granbull|275\/384
|
|switch|p2a: Suicune|Suicune|404\/404 slp
|-ability|p2a: Suicune|Pressure
|
|-heal|p1a: Granbull|299\/384|[from] item: Leftovers
|turn|50
|
|switch|p1a: Blissey|Blissey, F|657\/657
|cant|p2a: Suicune|slp
|move|p2a: Suicune|Sleep Talk|p2a: Suicune
|move|p2a: Suicune|Calm Mind|p2a: Suicune|[from]Sleep Talk
|-boost|p2a: Suicune|spa|1
|-boost|p2a: Suicune|spd|1
|
|turn|51
|
|cant|p2a: Suicune|slp
|move|p2a: Suicune|Sleep Talk|p2a: Suicune
|move|p2a: Suicune|Calm Mind|p2a: Suicune|[from]Sleep Talk
|-boost|p2a: Suicune|spa|1
|-boost|p2a: Suicune|spd|1
|move|p1a: Blissey|Wish|p1a: Blissey
|
|turn|52
|
|switch|p1a: Tentacruel|Tentacruel, M|221\/364
|-curestatus|p2a: Suicune|slp
|move|p2a: Suicune|Calm Mind|p2a: Suicune
|-boost|p2a: Suicune|spa|1
|-boost|p2a: Suicune|spd|1
|
|-heal|p1a: Tentacruel|364\/364|[from] move: Wish|[wisher] Blissey
|turn|53
|
|switch|p1a: Celebi|Celebi|275\/403
|move|p2a: Suicune|Scald|p1a: Celebi
|-resisted|p1a: Celebi
|-damage|p1a: Celebi|202\/403
|
|-heal|p1a: Celebi|227\/403|[from] item: Leftovers
|turn|54
|
|move|p1a: Celebi|Recover|p1a: Celebi
|-heal|p1a: Celebi|403\/403
|move|p2a: Suicune|Scald|p1a: Celebi
|-resisted|p1a: Celebi
|-damage|p1a: Celebi|324\/403
|
|-heal|p1a: Celebi|349\/403|[from] item: Leftovers
|turn|55
|
|switch|p2a: Crobat|Crobat, F|328\/373
|move|p1a: Celebi|Perish Song|p1a: Celebi
|-fieldactivate|move: Perish Song
|
|-start|p2a: Crobat|perish3
|-start|p1a: Celebi|perish3
|-heal|p2a: Crobat|351\/373|[from] item: Black Sludge
|-heal|p1a: Celebi|374\/403|[from] item: Leftovers
|turn|56
|
|switch|p1a: Granbull|Granbull, F|299\/384
|-ability|p1a: Granbull|Intimidate|[of] p2a: Crobat
|-unboost|p2a: Crobat|atk|1
|move|p2a: Crobat|U-turn|p1a: Granbull
|-crit|p1a: Granbull
|-resisted|p1a: Granbull
|-damage|p1a: Granbull|262\/384
|
|switch|p2a: Kecleon|Kecleon, F|263\/263
|
|-heal|p1a: Granbull|286\/384|[from] item: Leftovers
|turn|57
|
|switch|p1a: nyaaaa|Gligar, F|58\/334
|move|p2a: Kecleon|Fake Out|p1a: nyaaaa
|-damage|p1a: nyaaaa|30\/334
|
|turn|58
|
|move|p2a: Kecleon|Shadow Sneak|p1a: nyaaaa
|-start|p2a: Kecleon|typechange|Ghost|[from] Protean
|-damage|p1a: nyaaaa|0 fnt
|faint|p1a: nyaaaa
|
|c|★ULT ktan|omg
|c|★ULT ktan|lol
|
|switch|p1a: Granbull|Granbull, F|286\/384
|-ability|p1a: Granbull|Intimidate|[of] p2a: Kecleon
|-unboost|p2a: Kecleon|atk|1
|turn|59
|
|switch|p2a: Suicune|Suicune|404\/404
|-ability|p2a: Suicune|Pressure
|move|p1a: Granbull|Play Rough|p2a: Suicune
|-crit|p2a: Suicune
|-damage|p2a: Suicune|284\/404
|-unboost|p2a: Suicune|atk|1
|
|-heal|p1a: Granbull|310\/384|[from] item: Leftovers
|turn|60
|
|switch|p2a: Crobat|Crobat, F|351\/373
|switch|p1a: Blissey|Blissey, F|657\/657
|
|-heal|p2a: Crobat|373\/373|[from] item: Black Sludge
|turn|61
|
|move|p2a: Crobat|Taunt|p1a: Blissey
|-start|p1a: Blissey|move: Taunt
|move|p1a: Blissey|Seismic Toss|p2a: Crobat
|-damage|p2a: Crobat|273\/373
|
|-heal|p2a: Crobat|296\/373|[from] item: Black Sludge
|turn|62
|
|move|p2a: Crobat|U-turn|p1a: Blissey
|-damage|p1a: Blissey|557\/657
|
|switch|p2a: Kecleon|Kecleon, F|263\/263
|move|p1a: Blissey|Seismic Toss|p2a: Kecleon
|-damage|p2a: Kecleon|163\/263
|
|-heal|p1a: Blissey|598\/657|[from] item: Leftovers
|turn|63
|
|switch|p1a: Granbull|Granbull, F|310\/384
|-ability|p1a: Granbull|Intimidate|[of] p2a: Kecleon
|-unboost|p2a: Kecleon|atk|1
|move|p2a: Kecleon|Drain Punch|p1a: Granbull
|-start|p2a: Kecleon|typechange|Fighting|[from] Protean
|-resisted|p1a: Granbull
|-damage|p1a: Granbull|277\/384
|-heal|p2a: Kecleon|180\/263|[from] drain|[of] p1a: Granbull
|
|-heal|p1a: Granbull|301\/384|[from] item: Leftovers
|turn|64
|
|switch|p1a: Celebi|Celebi|374\/403
|switch|p2a: Crobat|Crobat, F|296\/373
|
|-heal|p2a: Crobat|319\/373|[from] item: Black Sludge
|-heal|p1a: Celebi|399\/403|[from] item: Leftovers
|turn|65
|
|switch|p1a: Granbull|Granbull, F|301\/384
|-ability|p1a: Granbull|Intimidate|[of] p2a: Crobat
|-unboost|p2a: Crobat|atk|1
|move|p2a: Crobat|Brave Bird|p1a: Granbull
|-damage|p1a: Granbull|213\/384
|-damage|p2a: Crobat|290\/373|[from] recoil|[of] p1a: Granbull
|
|-heal|p2a: Crobat|313\/373|[from] item: Black Sludge
|-heal|p1a: Granbull|237\/384|[from] item: Leftovers
|turn|66
|
|move|p2a: Crobat|Brave Bird|p1a: Granbull
|-crit|p1a: Granbull
|-damage|p1a: Granbull|47\/384
|-damage|p2a: Crobat|250\/373|[from] recoil|[of] p1a: Granbull
|move|p1a: Granbull|Rest|p1a: Granbull
|-status|p1a: Granbull|slp
|-heal|p1a: Granbull|384\/384 slp|[silent]
|-status|p1a: Granbull|slp|[from] move: Rest
|
|-heal|p2a: Crobat|273\/373|[from] item: Black Sludge
|turn|67
|
|move|p2a: Crobat|U-turn|p1a: Granbull
|-resisted|p1a: Granbull
|-damage|p1a: Granbull|368\/384 slp
|
|switch|p2a: Medicham|Medicham-Mega, M|88\/261
|cant|p1a: Granbull|slp
|
|-heal|p1a: Granbull|384\/384 slp|[from] item: Leftovers
|turn|68
|
|switch|p1a: Celebi|Celebi|399\/403
|move|p2a: Medicham|Substitute|p2a: Medicham
|-start|p2a: Medicham|Substitute
|-damage|p2a: Medicham|23\/261
|
|-heal|p1a: Celebi|403\/403|[from] item: Leftovers
|turn|69
|
|move|p2a: Medicham|Ice Punch|p1a: Celebi
|-supereffective|p1a: Celebi
|-damage|p1a: Celebi|121\/403
|move|p1a: Celebi|Psychic|p2a: Medicham
|-end|p2a: Medicham|Substitute
|
|-heal|p1a: Celebi|146\/403|[from] item: Leftovers
|turn|70
|
|switch|p1a: Granbull|Granbull, F|384\/384 slp
|-ability|p1a: Granbull|Intimidate|[of] p2a: Medicham
|-unboost|p2a: Medicham|atk|1
|move|p2a: Medicham|High Jump Kick|p1a: Granbull
|-resisted|p1a: Granbull
|-damage|p1a: Granbull|269\/384 slp
|
|-heal|p1a: Granbull|293\/384 slp|[from] item: Leftovers
|turn|71
|
|switch|p2a: Crobat|Crobat, F|273\/373
|cant|p1a: Granbull|slp
|move|p1a: Granbull|Sleep Talk|p1a: Granbull
|move|p1a: Granbull|Rest|p1a: Granbull|[from]Sleep Talk
|-fail|p1a: Granbull
|
|-heal|p2a: Crobat|296\/373|[from] item: Black Sludge
|-heal|p1a: Granbull|317\/384 slp|[from] item: Leftovers
|turn|72
|
|switch|p1a: Tentacruel|Tentacruel, M|364\/364
|move|p2a: Crobat|Taunt|p1a: Tentacruel
|-start|p1a: Tentacruel|move: Taunt
|
|-heal|p2a: Crobat|319\/373|[from] item: Black Sludge
|turn|73
|
|move|p2a: Crobat|U-turn|p1a: Tentacruel
|-resisted|p1a: Tentacruel
|-damage|p1a: Tentacruel|340\/364
|
|switch|p2a: Suicune|Suicune|284\/404
|-ability|p2a: Suicune|Pressure
|move|p1a: Tentacruel|Knock Off|p2a: Suicune
|-damage|p2a: Suicune|261\/404
|
|turn|74
|
|switch|p1a: Celebi|Celebi|146\/403
|switch|p2a: Crobat|Crobat, F|319\/373
|
|-heal|p2a: Crobat|342\/373|[from] item: Black Sludge
|-heal|p1a: Celebi|171\/403|[from] item: Leftovers
|turn|75
|
|switch|p1a: Tentacruel|Tentacruel, M|340\/364
|move|p2a: Crobat|U-turn|p1a: Tentacruel
|-resisted|p1a: Tentacruel
|-damage|p1a: Tentacruel|313\/364
|
|switch|p2a: Medicham|Medicham-Mega, M|23\/261
|
|turn|76
|
|switch|p1a: Granbull|Granbull, F|317\/384 slp
|-ability|p1a: Granbull|Intimidate|[of] p2a: Medicham
|-unboost|p2a: Medicham|atk|1
|move|p2a: Medicham|Psycho Cut|p1a: Granbull
|-damage|p1a: Granbull|190\/384 slp
|
|-heal|p1a: Granbull|214\/384 slp|[from] item: Leftovers
|turn|77
|
|switch|p2a: Crobat|Crobat, F|342\/373
|-curestatus|p1a: Granbull|slp
|move|p1a: Granbull|Play Rough|p2a: Crobat
|-resisted|p2a: Crobat
|-damage|p2a: Crobat|265\/373
|
|-heal|p2a: Crobat|288\/373|[from] item: Black Sludge
|-heal|p1a: Granbull|238\/384|[from] item: Leftovers
|turn|78
|
|switch|p1a: Tentacruel|Tentacruel, M|313\/364
|move|p2a: Crobat|Taunt|p1a: Tentacruel
|-start|p1a: Tentacruel|move: Taunt
|
|-heal|p2a: Crobat|311\/373|[from] item: Black Sludge
|turn|79
|
|move|p2a: Crobat|Brave Bird|p1a: Tentacruel
|-damage|p1a: Tentacruel|177\/364
|-damage|p2a: Crobat|266\/373|[from] recoil|[of] p1a: Tentacruel
|move|p1a: Tentacruel|Scald|p2a: Crobat
|-damage|p2a: Crobat|169\/373
|
|-heal|p2a: Crobat|192\/373|[from] item: Black Sludge
|turn|80
|
|switch|p1a: Blissey|Blissey, F|598\/657
|move|p2a: Crobat|U-turn|p1a: Blissey
|-damage|p1a: Blissey|498\/657
|
|switch|p2a: Kecleon|Kecleon, F|180\/263
|
|-heal|p1a: Blissey|539\/657|[from] item: Leftovers
|turn|81
|
|switch|p1a: Granbull|Granbull, F|238\/384
|-ability|p1a: Granbull|Intimidate|[of] p2a: Kecleon
|-unboost|p2a: Kecleon|atk|1
|switch|p2a: Crobat|Crobat, F|192\/373
|
|-heal|p2a: Crobat|215\/373|[from] item: Black Sludge
|-heal|p1a: Granbull|262\/384|[from] item: Leftovers
|turn|82
|
|switch|p1a: Blissey|Blissey, F|539\/657
|move|p2a: Crobat|Brave Bird|p1a: Blissey
|-damage|p1a: Blissey|289\/657
|-damage|p2a: Crobat|132\/373|[from] recoil|[of] p1a: Blissey
|
|-heal|p2a: Crobat|155\/373|[from] item: Black Sludge
|-heal|p1a: Blissey|330\/657|[from] item: Leftovers
|turn|83
|
|move|p2a: Crobat|Taunt|p1a: Blissey
|-start|p1a: Blissey|move: Taunt
|move|p1a: Blissey|Seismic Toss|p2a: Crobat
|-damage|p2a: Crobat|55\/373
|
|-heal|p2a: Crobat|78\/373|[from] item: Black Sludge
|-heal|p1a: Blissey|371\/657|[from] item: Leftovers
|turn|84
|
|switch|p1a: Tentacruel|Tentacruel, M|177\/364
|move|p2a: Crobat|Roost|p2a: Crobat
|-heal|p2a: Crobat|265\/373
|
|-heal|p2a: Crobat|288\/373|[from] item: Black Sludge
|turn|85
|
|move|p2a: Crobat|U-turn|p1a: Tentacruel
|-resisted|p1a: Tentacruel
|-damage|p1a: Tentacruel|153\/364
|
|switch|p2a: Kecleon|Kecleon, F|180\/263
|move|p1a: Tentacruel|Knock Off|p2a: Kecleon
|-damage|p2a: Kecleon|107\/263
|-enditem|p2a: Kecleon|Assault Vest|[from] move: Knock Off|[of] p1a: Tentacruel
|
|turn|86
|
|switch|p1a: Granbull|Granbull, F|262\/384
|-ability|p1a: Granbull|Intimidate|[of] p2a: Kecleon
|-unboost|p2a: Kecleon|atk|1
|move|p2a: Kecleon|Fake Out|p1a: Granbull
|-damage|p1a: Granbull|229\/384
|
|-heal|p1a: Granbull|253\/384|[from] item: Leftovers
|turn|87
|
|switch|p1a: Tentacruel|Tentacruel, M|153\/364
|switch|p2a: Crobat|Crobat, F|288\/373
|
|-heal|p2a: Crobat|311\/373|[from] item: Black Sludge
|turn|88
|
|move|p2a: Crobat|U-turn|p1a: Tentacruel
|-resisted|p1a: Tentacruel
|-damage|p1a: Tentacruel|127\/364
|
|switch|p2a: Kecleon|Kecleon, F|107\/263
|move|p1a: Tentacruel|Knock Off|p2a: Kecleon
|-damage|p2a: Kecleon|60\/263
|
|turn|89
|
|switch|p1a: Granbull|Granbull, F|253\/384
|-ability|p1a: Granbull|Intimidate|[of] p2a: Kecleon
|-unboost|p2a: Kecleon|atk|1
|move|p2a: Kecleon|Fake Out|p1a: Granbull
|-damage|p1a: Granbull|219\/384
|
|-heal|p1a: Granbull|243\/384|[from] item: Leftovers
|turn|90
|
|switch|p1a: Blissey|Blissey, F|371\/657
|switch|p2a: Crobat|Crobat, F|311\/373
|
|-heal|p2a: Crobat|334\/373|[from] item: Black Sludge
|-heal|p1a: Blissey|412\/657|[from] item: Leftovers
|turn|91
|
|move|p2a: Crobat|Taunt|p1a: Blissey
|-start|p1a: Blissey|move: Taunt
|cant|p1a: Blissey|move: Taunt|Wish
|
|-heal|p2a: Crobat|357\/373|[from] item: Black Sludge
|-heal|p1a: Blissey|453\/657|[from] item: Leftovers
|turn|92
|
|switch|p1a: Granbull|Granbull, F|243\/384
|-ability|p1a: Granbull|Intimidate|[of] p2a: Crobat
|-unboost|p2a: Crobat|atk|1
|move|p2a: Crobat|Brave Bird|p1a: Granbull
|-damage|p1a: Granbull|167\/384
|-damage|p2a: Crobat|332\/373|[from] recoil|[of] p1a: Granbull
|
|-heal|p2a: Crobat|355\/373|[from] item: Black Sludge
|-heal|p1a: Granbull|191\/384|[from] item: Leftovers
|turn|93
|
|move|p2a: Crobat|Taunt|p1a: Granbull
|-start|p1a: Granbull|move: Taunt
|cant|p1a: Granbull|move: Taunt|Rest
|
|-heal|p2a: Crobat|373\/373|[from] item: Black Sludge
|-heal|p1a: Granbull|215\/384|[from] item: Leftovers
|turn|94
|
|switch|p1a: Blissey|Blissey, F|453\/657
|move|p2a: Crobat|U-turn|p1a: Blissey
|-damage|p1a: Blissey|389\/657
|
|switch|p2a: Kecleon|Kecleon, F|60\/263
|
|-heal|p1a: Blissey|430\/657|[from] item: Leftovers
|turn|95
|
|move|p1a: Blissey|Protect|p1a: Blissey
|-singleturn|p1a: Blissey|Protect
|move|p2a: Kecleon|Drain Punch|p1a: Blissey
|-start|p2a: Kecleon|typechange|Fighting|[from] Protean
|-activate|p1a: Blissey|Protect
|
|-heal|p1a: Blissey|471\/657|[from] item: Leftovers
|turn|96
|join|DrReuniclus3
|
|switch|p1a: Granbull|Granbull, F|215\/384
|-ability|p1a: Granbull|Intimidate|[of] p2a: Kecleon
|-unboost|p2a: Kecleon|atk|1
|move|p2a: Kecleon|Drain Punch|p1a: Granbull
|-resisted|p1a: Granbull
|-damage|p1a: Granbull|182\/384
|-heal|p2a: Kecleon|77\/263|[from] drain|[of] p1a: Granbull
|
|-heal|p1a: Granbull|206\/384|[from] item: Leftovers
|turn|97
|
|move|p1a: Granbull|Rest|p1a: Granbull
|-status|p1a: Granbull|slp
|-heal|p1a: Granbull|384\/384 slp|[silent]
|-status|p1a: Granbull|slp|[from] move: Rest
|move|p2a: Kecleon|Drain Punch|p1a: Granbull
|-resisted|p1a: Granbull
|-damage|p1a: Granbull|351\/384 slp
|-heal|p2a: Kecleon|94\/263|[from] drain|[of] p1a: Granbull
|
|-heal|p1a: Granbull|375\/384 slp|[from] item: Leftovers
|turn|98
|
|switch|p2a: Crobat|Crobat, F|373\/373
|cant|p1a: Granbull|slp
|move|p1a: Granbull|Sleep Talk|p1a: Granbull
|move|p1a: Granbull|Play Rough|p2a: Crobat|[from]Sleep Talk
|-resisted|p2a: Crobat
|-damage|p2a: Crobat|295\/373
|
|-heal|p2a: Crobat|318\/373|[from] item: Black Sludge
|-heal|p1a: Granbull|384\/384 slp|[from] item: Leftovers
|turn|99
|
|move|p2a: Crobat|Brave Bird|p1a: Granbull
|-damage|p1a: Granbull|261\/384 slp
|-damage|p2a: Crobat|277\/373|[from] recoil|[of] p1a: Granbull
|cant|p1a: Granbull|slp
|
|-heal|p2a: Crobat|300\/373|[from] item: Black Sludge
|-heal|p1a: Granbull|285\/384 slp|[from] item: Leftovers
|turn|100
|c|★ULT ktan|ur a very good player lol
|
|switch|p1a: Blissey|Blissey, F|471\/657
|move|p2a: Crobat|Taunt|p1a: Blissey
|-start|p1a: Blissey|move: Taunt
|
|-heal|p2a: Crobat|323\/373|[from] item: Black Sludge
|-heal|p1a: Blissey|512\/657|[from] item: Leftovers
|turn|101
|c|★ULT ktan|good team
|c|★ULT Lapraz|thanks
|c|★ULT Lapraz|but i think you've got this
|
|switch|p1a: Granbull|Granbull, F|285\/384 slp
|-ability|p1a: Granbull|Intimidate|[of] p2a: Crobat
|-unboost|p2a: Crobat|atk|1
|move|p2a: Crobat|U-turn|p1a: Granbull
|-resisted|p1a: Granbull
|-damage|p1a: Granbull|268\/384 slp
|
|switch|p2a: Kecleon|Kecleon, F|94\/263
|
|-heal|p1a: Granbull|292\/384 slp|[from] item: Leftovers
|turn|102
|c|★ULT ktan|idk man
|
|move|p2a: Kecleon|Fake Out|p1a: Granbull
|-damage|p1a: Granbull|243\/384 slp
|-curestatus|p1a: Granbull|slp
|cant|p1a: Granbull|flinch
|
|-heal|p1a: Granbull|267\/384|[from] item: Leftovers
|turn|103
|
|move|p1a: Granbull|Play Rough|p2a: Kecleon
|-damage|p2a: Kecleon|0 fnt
|faint|p2a: Kecleon
|
|-heal|p1a: Granbull|291\/384|[from] item: Leftovers
|
|switch|p2a: Jirachi|Jirachi|7\/341 brn
|turn|104
|
|switch|p1a: Blissey|Blissey, F|512\/657
|move|p2a: Jirachi|Healing Wish|p2a: Jirachi
|faint|p2a: Jirachi
|
|-heal|p1a: Blissey|553\/657|[from] item: Leftovers
|
|switch|p2a: Medicham|Medicham-Mega, M|23\/261
|-heal|p2a: Medicham|261\/261|[from] move: Healing Wish
|turn|105
|
|switch|p2a: Crobat|Crobat, F|323\/373
|switch|p1a: Granbull|Granbull, F|291\/384
|-ability|p1a: Granbull|Intimidate|[of] p2a: Crobat
|-unboost|p2a: Crobat|atk|1
|
|-heal|p2a: Crobat|346\/373|[from] item: Black Sludge
|-heal|p1a: Granbull|315\/384|[from] item: Leftovers
|turn|106
|
|switch|p1a: Blissey|Blissey, F|553\/657
|move|p2a: Crobat|Taunt|p1a: Blissey
|-start|p1a: Blissey|move: Taunt
|
|-heal|p2a: Crobat|369\/373|[from] item: Black Sludge
|-heal|p1a: Blissey|594\/657|[from] item: Leftovers
|turn|107
|
|move|p2a: Crobat|U-turn|p1a: Blissey
|-damage|p1a: Blissey|525\/657
|
|switch|p2a: Suicune|Suicune|261\/404
|-ability|p2a: Suicune|Pressure
|move|p1a: Blissey|Seismic Toss|p2a: Suicune
|-damage|p2a: Suicune|161\/404
|
|-heal|p1a: Blissey|566\/657|[from] item: Leftovers
|turn|108
|
|switch|p2a: Crobat|Crobat, F|369\/373
|move|p1a: Blissey|Seismic Toss|p2a: Crobat
|-damage|p2a: Crobat|269\/373
|
|-heal|p2a: Crobat|292\/373|[from] item: Black Sludge
|-heal|p1a: Blissey|607\/657|[from] item: Leftovers
|turn|109
|
|switch|p1a: Granbull|Granbull, F|315\/384
|-ability|p1a: Granbull|Intimidate|[of] p2a: Crobat
|-unboost|p2a: Crobat|atk|1
|move|p2a: Crobat|Brave Bird|p1a: Granbull
|-damage|p1a: Granbull|240\/384
|-damage|p2a: Crobat|267\/373|[from] recoil|[of] p1a: Granbull
|
|-heal|p2a: Crobat|290\/373|[from] item: Black Sludge
|-heal|p1a: Granbull|264\/384|[from] item: Leftovers
|turn|110
|
|move|p2a: Crobat|U-turn|p1a: Granbull
|-resisted|p1a: Granbull
|-damage|p1a: Granbull|248\/384
|
|switch|p2a: Medicham|Medicham-Mega, M|261\/261
|move|p1a: Granbull|Rest|p1a: Granbull
|-status|p1a: Granbull|slp
|-heal|p1a: Granbull|384\/384 slp|[silent]
|-status|p1a: Granbull|slp|[from] move: Rest
|
|turn|111
|
|move|p2a: Medicham|Psycho Cut|p1a: Granbull
|-damage|p1a: Granbull|218\/384 slp
|cant|p1a: Granbull|slp
|move|p1a: Granbull|Sleep Talk|p1a: Granbull
|move|p1a: Granbull|Rest|p1a: Granbull|[from]Sleep Talk
|-fail|p1a: Granbull
|
|-heal|p1a: Granbull|242\/384 slp|[from] item: Leftovers
|turn|112
|
|switch|p1a: Celebi|Celebi|171\/403
|move|p2a: Medicham|Psycho Cut|p1a: Celebi
|-resisted|p1a: Celebi
|-damage|p1a: Celebi|72\/403
|
|-heal|p1a: Celebi|97\/403|[from] item: Leftovers
|turn|113
|
|switch|p1a: Granbull|Granbull, F|242\/384 slp
|-ability|p1a: Granbull|Intimidate|[of] p2a: Medicham
|-unboost|p2a: Medicham|atk|1
|move|p2a: Medicham|Ice Punch|p1a: Granbull
|-damage|p1a: Granbull|162\/384 slp
|
|-heal|p1a: Granbull|186\/384 slp|[from] item: Leftovers
|turn|114
|
|move|p2a: Medicham|Psycho Cut|p1a: Granbull
|-damage|p1a: Granbull|62\/384 slp
|cant|p1a: Granbull|slp
|move|p1a: Granbull|Sleep Talk|p1a: Granbull
|move|p1a: Granbull|Rest|p1a: Granbull|[from]Sleep Talk
|-fail|p1a: Granbull
|
|-heal|p1a: Granbull|86\/384 slp|[from] item: Leftovers
|turn|115
|
|switch|p1a: Celebi|Celebi|97\/403
|move|p2a: Medicham|Psycho Cut|p1a: Celebi
|-resisted|p1a: Celebi
|-damage|p1a: Celebi|29\/403
|
|-heal|p1a: Celebi|54\/403|[from] item: Leftovers
|turn|116
|
|switch|p1a: Granbull|Granbull, F|86\/384 slp
|-ability|p1a: Granbull|Intimidate|[of] p2a: Medicham
|-unboost|p2a: Medicham|atk|1
|move|p2a: Medicham|Ice Punch|p1a: Granbull
|-damage|p1a: Granbull|26\/384 slp
|
|-heal|p1a: Granbull|50\/384 slp|[from] item: Leftovers
|turn|117
|
|switch|p1a: Blissey|Blissey, F|607\/657
|move|p2a: Medicham|Psycho Cut|p1a: Blissey
|-damage|p1a: Blissey|412\/657
|
|-heal|p1a: Blissey|453\/657|[from] item: Leftovers
|turn|118
|
|switch|p1a: Granbull|Granbull, F|50\/384 slp
|-ability|p1a: Granbull|Intimidate|[of] p2a: Medicham
|-unboost|p2a: Medicham|atk|1
|move|p2a: Medicham|High Jump Kick|p1a: Granbull
|-resisted|p1a: Granbull
|-damage|p1a: Granbull|0 fnt
|faint|p1a: Granbull
|
|
|switch|p1a: Celebi|Celebi|54\/403
|turn|119
|
|move|p2a: Medicham|Ice Punch|p1a: Celebi
|-supereffective|p1a: Celebi
|-damage|p1a: Celebi|0 fnt
|faint|p1a: Celebi
|
|
|switch|p1a: Tentacruel|Tentacruel, M|127\/364
|turn|120
|c|★ULT ktan|wow
|c|★ULT ktan|gg
|
|move|p1a: Tentacruel|Scald|p2a: Medicham
|-crit|p2a: Medicham
|-damage|p2a: Medicham|131\/261
|move|p2a: Medicham|Psycho Cut|p1a: Tentacruel
|-crit|p1a: Tentacruel
|-supereffective|p1a: Tentacruel
|-damage|p1a: Tentacruel|0 fnt
|faint|p1a: Tentacruel
|
|
|switch|p1a: Blissey|Blissey, F|453\/657
|turn|121
|c|★ULT Lapraz|gg
|
|move|p1a: Blissey|Protect|p1a: Blissey
|-singleturn|p1a: Blissey|Protect
|move|p2a: Medicham|High Jump Kick|p1a: Blissey
|-activate|p1a: Blissey|Protect
|-damage|p2a: Medicham|1\/261|[from] highjumpkick
|
|-heal|p1a: Blissey|494\/657|[from] item: Leftovers
|turn|122
|
|move|p2a: Medicham|High Jump Kick|p1a: Blissey
|-supereffective|p1a: Blissey
|-damage|p1a: Blissey|0 fnt
|faint|p1a: Blissey
|
|win|ULT ktan
|raw|Ladder updating...
|raw|ULT Lapraz's rating: 1459 &rarr; <strong>1441<\/strong><br \/>(-18 for losing)
|raw|ULT ktan's rating: 1495 &rarr; <strong>1513<\/strong><br \/>(+18 for winning)
|c|★ULT Lapraz|gg
|c|★ULT ktan|omg
|c|★ULT ktan|nice game
|c|★ULT ktan|respect
|c|★ULT Lapraz|lol
|c|★ULT Lapraz|wp
|leave|ULT Lapraz
|player|p1