|join|Prof.Celsius
|join|lord ledian
|player|p1|Prof.Celsius|288
|player|p2|lord ledian|291
|gametype|singles
|gen|6
|tier|UU
|rated
|rule|Sleep Clause Mod: Limit one foe put to sleep
|rule|Species Clause: Limit one of each Pokémon
|rule|OHKO Clause: OHKO moves are banned
|rule|Moody Clause: Moody is banned
|rule|Evasion Moves Clause: Evasion moves are banned
|rule|Endless Battle Clause: Forcing endless battles is banned
|rule|HP Percentage Mod: HP is shown in percentages
|clearpoke
|poke|p1|Camerupt, F
|poke|p1|Diancie
|poke|p1|Chesnaught, F
|poke|p1|Honchkrow, M
|poke|p1|Snorlax, F
|poke|p1|Slowking, M
|poke|p2|Lucario, F
|poke|p2|Florges, F
|poke|p2|Hydreigon, F
|poke|p2|Crobat, F
|poke|p2|Rhyperior, F
|poke|p2|Shaymin
|rule|Swagger Clause: Swagger is banned
|rule|Baton Pass Clause: Limit one Pokémon knowing Baton Pass
|teampreview
|
|start
|switch|p1a: Diancie|Diancie|304\/304
|switch|p2a: Hydreigon|Hydreigon, F|325\/325
|turn|1
|
|move|p2a: Hydreigon|U-turn|p1a: Diancie
|-resisted|p1a: Diancie
|-damage|p1a: Diancie|283\/304
|
|switch|p2a: Crobat|Crobat, F|311\/311
|move|p1a: Diancie|Stealth Rock|p2a: Crobat
|-sidestart|p2: lord ledian|move: Stealth Rock
|
|-heal|p1a: Diancie|302\/304|[from] item: Leftovers
|turn|2
|
|move|p2a: Crobat|Defog|p1a: Diancie
|-fail|p1a: Diancie|unboost|[from] ability: Clear Body|[of] p1a: Diancie
|-sideend|p2: lord ledian|Stealth Rock|[from] move: Defog|[of] p2a: Crobat
|move|p1a: Diancie|Trick Room|p1a: Diancie
|-fieldstart|move: Trick Room|[of] p1a: Diancie
|
|-heal|p1a: Diancie|304\/304|[from] item: Leftovers
|turn|3
|
|switch|p2a: Rhyperior|Rhyperior, F|433\/433
|move|p1a: Diancie|Stealth Rock|p2a: Rhyperior
|-sidestart|p2: lord ledian|move: Stealth Rock
|
|turn|4
|
|move|p1a: Diancie|Moonblast|p2a: Rhyperior
|-damage|p2a: Rhyperior|166\/433
|move|p2a: Rhyperior|Stealth Rock|p1a: Diancie
|-sidestart|p1: Prof.Celsius|move: Stealth Rock
|
|-heal|p2a: Rhyperior|193\/433|[from] item: Leftovers
|turn|5
|
|switch|p2a: Florges|Florges, F|359\/359
|-damage|p2a: Florges|315\/359|[from] Stealth Rock
|move|p1a: Diancie|Moonblast|p2a: Florges
|-damage|p2a: Florges|210\/359
|-unboost|p2a: Florges|spa|1
|
|-heal|p2a: Florges|232\/359|[from] item: Leftovers
|turn|6
|
|move|p2a: Florges|Protect|p2a: Florges
|-singleturn|p2a: Florges|Protect
|move|p1a: Diancie|Moonblast|p2a: Florges
|-activate|p2a: Florges|Protect
|
|-heal|p2a: Florges|254\/359|[from] item: Leftovers
|-fieldend|move: Trick Room
|turn|7
|
|move|p2a: Florges|Wish|p2a: Florges
|move|p1a: Diancie|Trick Room|p1a: Diancie
|-fieldstart|move: Trick Room|[of] p1a: Diancie
|
|-heal|p2a: Florges|276\/359|[from] item: Leftovers
|turn|8
|
|switch|p1a: Slowking|Slowking, M|393\/393
|-damage|p1a: Slowking|344\/393|[from] Stealth Rock
|move|p2a: Florges|Moonblast|p1a: Slowking
|-damage|p1a: Slowking|265\/393
|-unboost|p1a: Slowking|spa|1
|
|-heal|p2a: Florges|359\/359|[from] move: Wish|[wisher] Florges
|-heal|p1a: Slowking|289\/393|[from] item: Leftovers
|turn|9
|
|move|p2a: Florges|Protect|p2a: Florges
|-singleturn|p2a: Florges|Protect
|move|p1a: Slowking|Nasty Plot|p1a: Slowking
|-boost|p1a: Slowking|spa|2
|
|-heal|p1a: Slowking|313\/393|[from] item: Leftovers
|turn|10
|
|move|p1a: Slowking|Psyshock|p2a: Florges
|-damage|p2a: Florges|173\/359
|move|p2a: Florges|Wish|p2a: Florges
|
|-heal|p1a: Slowking|337\/393|[from] item: Leftovers
|-heal|p2a: Florges|195\/359|[from] item: Leftovers
|turn|11
|
|switch|p2a: Hydreigon|Hydreigon, F|325\/325
|-damage|p2a: Hydreigon|285\/325|[from] Stealth Rock
|move|p1a: Slowking|Nasty Plot|p1a: Slowking
|-boost|p1a: Slowking|spa|2
|
|-heal|p2a: Hydreigon|325\/325|[from] move: Wish|[wisher] Florges
|-heal|p1a: Slowking|361\/393|[from] item: Leftovers
|-fieldend|move: Trick Room
|turn|12
|
|switch|p1a: Chesnaught|Chesnaught, F|380\/380
|-damage|p1a: Chesnaught|357\/380|[from] Stealth Rock
|move|p2a: Hydreigon|Dark Pulse|p1a: Chesnaught
|-resisted|p1a: Chesnaught
|-damage|p1a: Chesnaught|290\/380
|
|-heal|p1a: Chesnaught|313\/380|[from] item: Leftovers
|turn|13
|
|-singleturn|p1a: Chesnaught|move: Focus Punch
|switch|p2a: Shaymin|Shaymin|341\/341
|-damage|p2a: Shaymin|299\/341|[from] Stealth Rock
|move|p1a: Chesnaught|Focus Punch|p2a: Shaymin
|-damage|p2a: Shaymin|127\/341
|
|-heal|p1a: Chesnaught|336\/380|[from] item: Leftovers
|turn|14
|
|switch|p1a: Snorlax|Snorlax, F|497\/497
|-damage|p1a: Snorlax|435\/497|[from] Stealth Rock
|move|p2a: Shaymin|Air Slash|p1a: Snorlax
|-damage|p1a: Snorlax|370\/497
|-damage|p2a: Shaymin|93\/341|[from] item: Life Orb
|
|-heal|p1a: Snorlax|401\/497|[from] item: Leftovers
|turn|15
|
|switch|p1a: Chesnaught|Chesnaught, F|336\/380
|-damage|p1a: Chesnaught|313\/380|[from] Stealth Rock
|move|p2a: Shaymin|Rest|p2a: Shaymin
|-status|p2a: Shaymin|slp
|-heal|p2a: Shaymin|341\/341 slp|[silent]
|-status|p2a: Shaymin|slp|[from] move: Rest
|
|-heal|p1a: Chesnaught|336\/380|[from] item: Leftovers
|turn|16
|
|switch|p2a: Crobat|Crobat, F|311\/311
|-damage|p2a: Crobat|234\/311|[from] Stealth Rock
|move|p1a: Chesnaught|Leech Seed|p2a: Crobat
|-start|p2a: Crobat|move: Leech Seed
|
|-heal|p2a: Crobat|253\/311|[from] item: Black Sludge
|-heal|p1a: Chesnaught|359\/380|[from] item: Leftovers
|-damage|p2a: Crobat|215\/311|[from] Leech Seed|[of] p1a: Chesnaught
|-heal|p1a: Chesnaught|380\/380|[silent]
|turn|17
|
|switch|p1a: Slowking|Slowking, M|393\/393
|-damage|p1a: Slowking|344\/393|[from] Stealth Rock
|move|p2a: Crobat|Defog|p1a: Slowking
|-unboost|p1a: Slowking|evasion|1
|-sideend|p1: Prof.Celsius|Stealth Rock|[from] move: Defog|[of] p1a: Slowking
|-sideend|p2: lord ledian|Stealth Rock|[from] move: Defog|[of] p2a: Crobat
|
|-heal|p2a: Crobat|234\/311|[from] item: Black Sludge
|-heal|p1a: Slowking|368\/393|[from] item: Leftovers
|-damage|p2a: Crobat|196\/311|[from] Leech Seed|[of] p1a: Slowking
|-heal|p1a: Slowking|393\/393|[silent]
|turn|18
|
|move|p2a: Crobat|U-turn|p1a: Slowking
|-supereffective|p1a: Slowking
|-damage|p1a: Slowking|245\/393
|
|switch|p2a: Hydreigon|Hydreigon, F|325\/325
|move|p1a: Slowking|Scald|p2a: Hydreigon
|-resisted|p2a: Hydreigon
|-damage|p2a: Hydreigon|257\/325
|
|-heal|p1a: Slowking|269\/393|[from] item: Leftovers
|turn|19
|
|switch|p1a: Chesnaught|Chesnaught, F|380\/380
|move|p2a: Hydreigon|U-turn|p1a: Chesnaught
|-damage|p1a: Chesnaught|333\/380
|
|switch|p2a: Shaymin|Shaymin|341\/341
|
|-heal|p1a: Chesnaught|356\/380|[from] item: Leftovers
|turn|20
|
|switch|p1a: Snorlax|Snorlax, F|401\/497
|move|p2a: Shaymin|Seed Flare|p1a: Snorlax
|-damage|p1a: Snorlax|232\/497
|-damage|p2a: Shaymin|307\/341|[from] item: Life Orb
|
|-heal|p1a: Snorlax|263\/497|[from] item: Leftovers
|turn|21
|
|switch|p2a: Rhyperior|Rhyperior, F|193\/433
|move|p1a: Snorlax|Rest|p1a: Snorlax
|-status|p1a: Snorlax|slp
|-heal|p1a: Snorlax|497\/497 slp|[silent]
|-status|p1a: Snorlax|slp|[from] move: Rest
|
|-heal|p2a: Rhyperior|220\/433|[from] item: Leftovers
|turn|22
|
|move|p2a: Rhyperior|Stealth Rock|p1a: Snorlax
|-sidestart|p1: Prof.Celsius|move: Stealth Rock
|cant|p1a: Snorlax|slp
|move|p1a: Snorlax|Sleep Talk|p1a: Snorlax
|move|p1a: Snorlax|Rest|p1a: Snorlax|[from]Sleep Talk
|-fail|p1a: Snorlax
|
|-heal|p2a: Rhyperior|247\/433|[from] item: Leftovers
|turn|23
|
|switch|p1a: Chesnaught|Chesnaught, F|356\/380
|-damage|p1a: Chesnaught|333\/380|[from] Stealth Rock
|move|p2a: Rhyperior|Earthquake|p1a: Chesnaught
|-resisted|p1a: Chesnaught
|-damage|p1a: Chesnaught|278\/380
|
|-heal|p1a: Chesnaught|301\/380|[from] item: Leftovers
|-heal|p2a: Rhyperior|274\/433|[from] item: Leftovers
|turn|24
|
|-singleturn|p1a: Chesnaught|move: Focus Punch
|switch|p2a: Crobat|Crobat, F|196\/311
|move|p1a: Chesnaught|Focus Punch|p2a: Crobat
|-resisted|p2a: Crobat
|-damage|p2a: Crobat|143\/311
|
|-heal|p2a: Crobat|162\/311|[from] item: Black Sludge
|-heal|p1a: Chesnaught|324\/380|[from] item: Leftovers
|turn|25
|
|move|p2a: Crobat|Brave Bird|p1a: Chesnaught
|-supereffective|p1a: Chesnaught
|-damage|p1a: Chesnaught|0 fnt
|-damage|p2a: Crobat|55\/311|[from] recoil|[of] p1a: Chesnaught
|faint|p1a: Chesnaught
|
|-heal|p2a: Crobat|74\/311|[from] item: Black Sludge
|
|switch|p1a: Diancie|Diancie|304\/304
|-damage|p1a: Diancie|266\/304|[from] Stealth Rock
|turn|26
|
|move|p2a: Crobat|Roost|p2a: Crobat
|-heal|p2a: Crobat|230\/311
|move|p1a: Diancie|Stealth Rock|p2a: Crobat
|-sidestart|p2: lord ledian|move: Stealth Rock
|
|-heal|p2a: Crobat|249\/311|[from] item: Black Sludge
|-heal|p1a: Diancie|285\/304|[from] item: Leftovers
|turn|27
|
|move|p2a: Crobat|U-turn|p1a: Diancie
|-crit|p1a: Diancie
|-resisted|p1a: Diancie
|-damage|p1a: Diancie|250\/304
|
|switch|p2a: Florges|Florges, F|195\/359
|-damage|p2a: Florges|151\/359|[from] Stealth Rock
|move|p1a: Diancie|Moonblast|p2a: Florges
|-damage|p2a: Florges|36\/359
|-unboost|p2a: Florges|spa|1
|
|-heal|p2a: Florges|58\/359|[from] item: Leftovers
|-heal|p1a: Diancie|269\/304|[from] item: Leftovers
|turn|28
|
|move|p2a: Florges|Moonblast|p1a: Diancie
|-damage|p1a: Diancie|214\/304
|move|p1a: Diancie|Moonblast|p2a: Florges
|-damage|p2a: Florges|0 fnt
|faint|p2a: Florges
|
|-heal|p1a: Diancie|233\/304|[from] item: Leftovers
|
|switch|p2a: Shaymin|Shaymin|307\/341
|-damage|p2a: Shaymin|265\/341|[from] Stealth Rock
|turn|29
|
|switch|p1a: Honchkrow|Honchkrow, M|341\/341
|-damage|p1a: Honchkrow|256\/341|[from] Stealth Rock
|move|p2a: Shaymin|Seed Flare|p1a: Honchkrow
|-resisted|p1a: Honchkrow
|-damage|p1a: Honchkrow|65\/341
|-unboost|p1a: Honchkrow|spd|2
|-damage|p2a: Shaymin|231\/341|[from] item: Life Orb
|
|turn|30
|
|switch|p2a: Rhyperior|Rhyperior, F|274\/433
|-damage|p2a: Rhyperior|247\/433|[from] Stealth Rock
|move|p1a: Honchkrow|Sucker Punch|p2a: Rhyperior
|-fail|p2a: Rhyperior
|
|-heal|p2a: Rhyperior|274\/433|[from] item: Leftovers
|turn|31
|
|move|p1a: Honchkrow|Sucker Punch|p2a: Rhyperior
|-damage|p2a: Rhyperior|157\/433
|-damage|p1a: Honchkrow|31\/341|[from] item: Life Orb
|move|p2a: Rhyperior|Rock Blast|p1a: Honchkrow
|-crit|p1a: Honchkrow
|-supereffective|p1a: Honchkrow
|-damage|p1a: Honchkrow|0 fnt
|-hitcount|p1a: Honchkrow|1
|faint|p1a: Honchkrow
|
|-heal|p2a: Rhyperior|184\/433|[from] item: Leftovers
|
|switch|p1a: Diancie|Diancie|233\/304
|-damage|p1a: Diancie|195\/304|[from] Stealth Rock
|turn|32
|
|move|p2a: Rhyperior|Earthquake|p1a: Diancie
|-supereffective|p1a: Diancie
|-damage|p1a: Diancie|0 fnt
|faint|p1a: Diancie
|
|-heal|p2a: Rhyperior|211\/433|[from] item: Leftovers
|
|switch|p1a: Slowking|Slowking, M|393\/393
|-damage|p1a: Slowking|344\/393|[from] Stealth Rock
|turn|33
|
|move|p2a: Rhyperior|Earthquake|p1a: Slowking
|-damage|p1a: Slowking|149\/393
|move|p1a: Slowking|Trick Room|p1a: Slowking
|-fieldstart|move: Trick Room|[of] p1a: Slowking
|
|-heal|p1a: Slowking|173\/393|[from] item: Leftovers
|-heal|p2a: Rhyperior|238\/433|[from] item: Leftovers
|turn|34
|
|switch|p2a: Crobat|Crobat, F|249\/311
|-damage|p2a: Crobat|172\/311|[from] Stealth Rock
|move|p1a: Slowking|Scald|p2a: Crobat
|-damage|p2a: Crobat|21\/311
|
|-heal|p1a: Slowking|197\/393|[from] item: Leftovers
|-heal|p2a: Crobat|40\/311|[from] item: Black Sludge
|turn|35
|
|move|p1a: Slowking|Nasty Plot|p1a: Slowking
|-boost|p1a: Slowking|spa|2
|move|p2a: Crobat|U-turn|p1a: Slowking
|-supereffective|p1a: Slowking
|-damage|p1a: Slowking|41\/393
|
|switch|p2a: Lucario|Lucario, F|281\/281
|-damage|p2a: Lucario|273\/281|[from] Stealth Rock
|
|-heal|p1a: Slowking|65\/393|[from] item: Leftovers
|turn|36
|
|switch|p1a: Camerupt|Camerupt, F|343\/343
|-damage|p1a: Camerupt|301\/343|[from] Stealth Rock
|move|p2a: Lucario|Extreme Speed|p1a: Camerupt
|-damage|p1a: Camerupt|128\/343
|-damage|p2a: Lucario|245\/281|[from] item: Life Orb
|
|turn|37
|
|detailschange|p1a: Camerupt|Camerupt-Mega, F
|-mega|p1a: Camerupt|Camerupt|Cameruptite
|move|p2a: Lucario|Extreme Speed|p1a: Camerupt
|-damage|p1a: Camerupt|2\/343
|-damage|p2a: Lucario|217\/281|[from] item: Life Orb
|move|p1a: Camerupt|Earth Power|p2a: Lucario
|-supereffective|p2a: Lucario
|-damage|p2a: Lucario|0 fnt
|faint|p2a: Lucario
|
|-fieldend|move: Trick Room
|
|switch|p2a: Hydreigon|Hydreigon, F|257\/325
|-damage|p2a: Hydreigon|217\/325|[from] Stealth Rock
|turn|38
|
|move|p2a: Hydreigon|U-turn|p1a: Camerupt
|-resisted|p1a: Camerupt
|-damage|p1a: Camerupt|0 fnt
|faint|p1a: Camerupt
|
|switch|p2a: Shaymin|Shaymin|231\/341
|-damage|p2a: Shaymin|189\/341|[from] Stealth Rock
|
|
|switch|p1a: Snorlax|Snorlax, F|497\/497 slp
|-damage|p1a: Snorlax|435\/497 slp|[from] Stealth Rock
|turn|39
|
|move|p2a: Shaymin|Seed Flare|p1a: Snorlax
|-damage|p1a: Snorlax|267\/497 slp
|-unboost|p1a: Snorlax|spd|2
|-damage|p2a: Shaymin|155\/341|[from] item: Life Orb
|cant|p1a: Snorlax|slp
|move|p1a: Snorlax|Sleep Talk|p1a: Snorlax
|move|p1a: Snorlax|Rest|p1a: Snorlax|[from]Sleep Talk
|-fail|p1a: Snorlax
|
|-heal|p1a: Snorlax|298\/497 slp|[from] item: Leftovers
|turn|40
|
|switch|p1a: Slowking|Slowking, M|196\/393
|-damage|p1a: Slowking|147\/393|[from] Stealth Rock
|move|p2a: Shaymin|Seed Flare|p1a: Slowking
|-supereffective|p1a: Slowking
|-damage|p1a: Slowking|0 fnt
|-damage|p2a: Shaymin|121\/341|[from] item: Life Orb
|faint|p1a: Slowking
|
|
|switch|p1a: Snorlax|Snorlax, F|298\/497 slp
|-damage|p1a: Snorlax|236\/497 slp|[from] Stealth Rock
|turn|41
|
|move|p2a: Shaymin|Seed Flare|p1a: Snorlax
|-damage|p1a: Snorlax|67\/497 slp
|-damage|p2a: Shaymin|87\/341|[from] item: Life Orb
|-curestatus|p1a: Snorlax|slp
|move|p1a: Snorlax|Rest|p1a: Snorlax
|-status|p1a: Snorlax|slp
|-heal|p1a: Snorlax|497\/497 slp|[silent]
|-status|p1a: Snorlax|slp|[from] move: Rest
|
|turn|42
|
|move|p2a: Shaymin|Seed Flare|p1a: Snorlax
|-damage|p1a: Snorlax|332\/497 slp
|-damage|p2a: Shaymin|53\/341|[from] item: Life Orb
|cant|p1a: Snorlax|slp
|move|p1a: Snorlax|Sleep Talk|p1a: Snorlax
|move|p1a: Snorlax|Curse|p1a: Snorlax|[from]Sleep Talk
|-boost|p1a: Snorlax|atk|1
|-boost|p1a: Snorlax|def|1
|-unboost|p1a: Snorlax|spe|1
|
|-heal|p1a: Snorlax|363\/497 slp|[from] item: Leftovers
|turn|43
|
|move|p2a: Shaymin|Seed Flare|p1a: Snorlax
|-damage|p1a: Snorlax|195\/497 slp
|-damage|p2a: Shaymin|19\/341|[from] item: Life Orb
|cant|p1a: Snorlax|slp
|move|p1a: Snorlax|Sleep Talk|p1a: Snorlax
|move|p1a: Snorlax|Curse|p1a: Snorlax|[from]Sleep Talk
|-boost|p1a: Snorlax|atk|1
|-boost|p1a: Snorlax|def|1
|-unboost|p1a: Snorlax|spe|1
|
|-heal|p1a: Snorlax|226\/497 slp|[from] item: Leftovers
|turn|44
|
|move|p2a: Shaymin|Seed Flare|p1a: Snorlax
|-damage|p1a: Snorlax|73\/497 slp
|-damage|p2a: Shaymin|0 fnt|[from] item: Life Orb
|faint|p2a: Shaymin
|-curestatus|p1a: Snorlax|slp
|move|p1a: Snorlax|Rest|p1a: Snorlax
|-status|p1a: Snorlax|slp
|-heal|p1a: Snorlax|497\/497 slp|[silent]
|-status|p1a: Snorlax|slp|[from] move: Rest
|
|
|switch|p2a: Rhyperior|Rhyperior, F|238\/433
|-damage|p2a: Rhyperior|211\/433|[from] Stealth Rock
|turn|45
|
|move|p2a: Rhyperior|Earthquake|p1a: Snorlax
|-damage|p1a: Snorlax|412\/497 slp
|cant|p1a: Snorlax|slp
|move|p1a: Snorlax|Sleep Talk|p1a: Snorlax
|move|p1a: Snorlax|Curse|p1a: Snorlax|[from]Sleep Talk
|-boost|p1a: Snorlax|atk|1
|-boost|p1a: Snorlax|def|1
|-unboost|p1a: Snorlax|spe|1
|
|-heal|p2a: Rhyperior|238\/433|[from] item: Leftovers
|-heal|p1a: Snorlax|443\/497 slp|[from] item: Leftovers
|turn|46
|
|move|p2a: Rhyperior|Rock Blast|p1a: Snorlax
|-damage|p1a: Snorlax|425\/497 slp
|-damage|p1a: Snorlax|404\/497 slp
|-hitcount|p1a: Snorlax|2
|cant|p1a: Snorlax|slp
|move|p1a: Snorlax|Sleep Talk|p1a: Snorlax
|move|p1a: Snorlax|Curse|p1a: Snorlax|[from]Sleep Talk
|-boost|p1a: Snorlax|atk|1
|-boost|p1a: Snorlax|def|1
|-unboost|p1a: Snorlax|spe|1
|
|-heal|p2a: Rhyperior|265\/433|[from] item: Leftovers
|-heal|p1a: Snorlax|435\/497 slp|[from] item: Leftovers
|turn|47
|
|move|p2a: Rhyperior|Rock Blast|p1a: Snorlax
|-damage|p1a: Snorlax|419\/497 slp
|-damage|p1a: Snorlax|404\/497 slp
|-hitcount|p1a: Snorlax|2
|-curestatus|p1a: Snorlax|slp
|move|p1a: Snorlax|Body Slam|p2a: Rhyperior
|-resisted|p2a: Rhyperior
|-damage|p2a: Rhyperior|172\/433
|-status|p2a: Rhyperior|par
|
|-heal|p1a: Snorlax|435\/497|[from] item: Leftovers
|-heal|p2a: Rhyperior|199\/433 par|[from] item: Leftovers
|turn|48
|
|move|p1a: Snorlax|Body Slam|p2a: Rhyperior
|-resisted|p2a: Rhyperior
|-damage|p2a: Rhyperior|100\/433 par
|move|p2a: Rhyperior|Earthquake|p1a: Snorlax
|-damage|p1a: Snorlax|375\/497
|
|-heal|p1a: Snorlax|406\/497|[from] item: Leftovers
|-heal|p2a: Rhyperior|127\/433 par|[from] item: Leftovers
|turn|49
|
|move|p1a: Snorlax|Body Slam|p2a: Rhyperior
|-resisted|p2a: Rhyperior
|-damage|p2a: Rhyperior|33\/433 par
|move|p2a: Rhyperior|Earthquake|p1a: Snorlax
|-damage|p1a: Snorlax|349\/497
|
|-heal|p1a: Snorlax|380\/497|[from] item: Leftovers
|-heal|p2a: Rhyperior|60\/433 par|[from] item: Leftovers
|turn|50
|
|move|p1a: Snorlax|Body Slam|p2a: Rhyperior
|-resisted|p2a: Rhyperior
|-damage|p2a: Rhyperior|0 fnt
|faint|p2a: Rhyperior
|
|-heal|p1a: Snorlax|411\/497|[from] item: Leftovers
|
|switch|p2a: Crobat|Crobat, F|40\/311
|-damage|p2a: Crobat|0 fnt|[from] Stealth Rock
|faint|p2a: Crobat
|
|switch|p2a: Hydreigon|Hydreigon, F|217\/325
|-damage|p2a: Hydreigon|177\/325|[from] Stealth Rock
|turn|51
|
|move|p2a: Hydreigon|Draco Meteor|p1a: Snorlax
|-damage|p1a: Snorlax|261\/497
|-unboost|p2a: Hydreigon|spa|2
|move|p1a: Snorlax|Body Slam|p2a: Hydreigon
|-damage|p2a: Hydreigon|0 fnt
|faint|p2a: Hydreigon
|
|win|Prof.Celsius
|raw|Ladder updating...
|raw|Prof.Celsius's rating: 1452 &rarr; <strong>1462<\/strong><br \/>(+10 for winning)
|raw|lord ledian's rating: 1262 &rarr; <strong>1250<\/strong><br \/>(-12 for losing)
|c|★Prof.Celsius|gg
|leave|lord ledian
|player|p2