|join|Charfan
|join|sean1993
|player|p1|Charfan|167
|player|p2|sean1993|1
|gametype|singles
|gen|6
|tier|OU
|rated
|clearpoke
|poke|p1|Tyranitar, F
|poke|p1|Azumarill, M
|poke|p1|Excadrill, M
|poke|p1|Gengar, M
|poke|p1|Pinsir, M
|poke|p1|Mew
|poke|p2|Suicune
|poke|p2|Victini
|poke|p2|Medicham, F
|poke|p2|Excadrill, M
|poke|p2|Landorus-Therian, M
|poke|p2|Clefable, M
|rule|Swagger Clause: Swagger is banned
|rule|Baton Pass Clause: Limit one Pokémon knowing Baton Pass
|rule|Sleep Clause Mod: Limit one foe put to sleep
|rule|Species Clause: Limit one of each Pokémon
|rule|OHKO Clause: OHKO moves are banned
|rule|Moody Clause: Moody is banned
|rule|Evasion Moves Clause: Evasion moves are banned
|rule|Endless Battle Clause: Forcing endless battles is banned
|rule|HP Percentage Mod: HP is shown in percentages
|teampreview
|
|start
|switch|p1a: Mew|Mew|404\/404
|switch|p2a: Medicham|Medicham, F|261\/261
|turn|1
|
|detailschange|p2a: Medicham|Medicham-Mega, F
|message|Medicham has Mega Evolved into Mega Medicham!
|move|p2a: Medicham|Fake Out|p1a: Mew
|-damage|p1a: Mew|343\/404
|cant|p1a: Mew|flinch
|
|-heal|p1a: Mew|368\/404|[from] item: Leftovers
|turn|2
|
|switch|p2a: Clefable|Clefable, M|394\/394
|move|p1a: Mew|Knock Off|p2a: Clefable
|-resisted|p2a: Clefable
|-damage|p2a: Clefable|354\/394
|-enditem|p2a: Clefable|Leftovers|[from] move: Knock Off|[of] p1a: Mew
|
|-heal|p1a: Mew|393\/404|[from] item: Leftovers
|turn|3
|
|switch|p1a: Gengar|Gengar, M|262\/262
|move|p2a: Clefable|Stealth Rock|p1a: Gengar
|-sidestart|p1: Charfan|move: Stealth Rock
|
|turn|4
|
|switch|p2a: Excadrill|Excadrill, M|361\/361
|-ability|p2a: Excadrill|Mold Breaker
|move|p1a: Gengar|Shadow Ball|p2a: Excadrill
|-damage|p2a: Excadrill|96\/361
|-damage|p1a: Gengar|236\/262|[from] item: Life Orb
|
|turn|5
|
|switch|p1a: Mew|Mew|393\/404
|-damage|p1a: Mew|343\/404|[from] Stealth Rock
|move|p2a: Excadrill|Earthquake|p1a: Mew
|-damage|p1a: Mew|198\/404
|
|-heal|p1a: Mew|223\/404|[from] item: Leftovers
|turn|6
|
|switch|p2a: Clefable|Clefable, M|354\/394
|move|p1a: Mew|Soft-Boiled|p1a: Mew
|-heal|p1a: Mew|404\/404
|
|turn|7
|
|move|p1a: Mew|Defog|p2a: Clefable
|-unboost|p2a: Clefable|evasion|1
|-sideend|p1: Charfan|Stealth Rock|[from] move: Defog|[of] p1a: Mew
|move|p2a: Clefable|Flamethrower|p1a: Mew
|-damage|p1a: Mew|342\/404
|
|-heal|p1a: Mew|367\/404|[from] item: Leftovers
|turn|8
|
|move|p1a: Mew|Will-O-Wisp|p2a: Clefable
|-status|p2a: Clefable|brn
|move|p2a: Clefable|Flamethrower|p1a: Mew
|-damage|p1a: Mew|303\/404
|
|-heal|p1a: Mew|328\/404|[from] item: Leftovers
|turn|9
|
|switch|p1a: Gengar|Gengar, M|236\/262
|move|p2a: Clefable|Flamethrower|p1a: Gengar
|-damage|p1a: Gengar|151\/262
|
|turn|10
|
|move|p1a: Gengar|Sludge Bomb|p2a: Clefable
|-supereffective|p2a: Clefable
|-damage|p2a: Clefable|0 fnt
|-damage|p1a: Gengar|125\/262|[from] item: Life Orb
|faint|p2a: Clefable
|
|
|switch|p2a: Suicune|Suicune|403\/403
|-ability|p2a: Suicune|Pressure
|turn|11
|
|move|p1a: Gengar|Sludge Bomb|p2a: Suicune
|-damage|p2a: Suicune|224\/403
|-damage|p1a: Gengar|99\/262|[from] item: Life Orb
|move|p2a: Suicune|Calm Mind|p2a: Suicune
|-boost|p2a: Suicune|spa|1
|-boost|p2a: Suicune|spd|1
|
|-heal|p2a: Suicune|249\/403|[from] item: Leftovers
|turn|12
|
|move|p1a: Gengar|Taunt|p2a: Suicune
|-start|p2a: Suicune|move: Taunt
|move|p2a: Suicune|Scald|p1a: Gengar
|-damage|p1a: Gengar|0 fnt
|faint|p1a: Gengar
|
|-heal|p2a: Suicune|274\/403|[from] item: Leftovers
|
|switch|p1a: Pinsir|Pinsir, M|271\/271
|turn|13
|
|detailschange|p1a: Pinsir|Pinsir-Mega, M
|message|Pinsir has Mega Evolved into Mega Pinsir!
|move|p1a: Pinsir|Return|p2a: Suicune
|-damage|p2a: Suicune|75\/403
|move|p2a: Suicune|Scald|p1a: Pinsir
|-damage|p1a: Pinsir|130\/271
|
|-heal|p2a: Suicune|100\/403|[from] item: Leftovers
|turn|14
|
|switch|p2a: Landorus-Therian|Landorus-Therian, M|382\/382
|-ability|p2a: Landorus-Therian|Intimidate|[of] p1a: Pinsir
|-unboost|p1a: Pinsir|atk|1
|move|p1a: Pinsir|Return|p2a: Landorus-Therian
|-damage|p2a: Landorus-Therian|208\/382
|
|-heal|p2a: Landorus-Therian|231\/382|[from] item: Leftovers
|turn|15
|
|switch|p1a: Mew|Mew|328\/404
|move|p2a: Landorus-Therian|U-turn|p1a: Mew
|-supereffective|p1a: Mew
|-damage|p1a: Mew|198\/404
|
|switch|p2a: Victini|Victini|341\/341
|
|-heal|p1a: Mew|223\/404|[from] item: Leftovers
|turn|16
|
|move|p2a: Victini|U-turn|p1a: Mew
|-supereffective|p1a: Mew
|-damage|p1a: Mew|111\/404
|
|switch|p2a: Medicham|Medicham-Mega, F|261\/261
|move|p1a: Mew|Knock Off|p2a: Medicham
|-damage|p2a: Medicham|206\/261
|
|-heal|p1a: Mew|136\/404|[from] item: Leftovers
|turn|17
|
|move|p2a: Medicham|Fake Out|p1a: Mew
|-damage|p1a: Mew|75\/404
|cant|p1a: Mew|flinch
|
|-heal|p1a: Mew|100\/404|[from] item: Leftovers
|turn|18
|
|move|p2a: Medicham|Zen Headbutt|p1a: Mew
|-resisted|p1a: Mew
|-damage|p1a: Mew|0 fnt
|faint|p1a: Mew
|
|
|switch|p1a: Pinsir|Pinsir-Mega, M|130\/271
|turn|19
|
|switch|p2a: Landorus-Therian|Landorus-Therian, M|231\/382
|-ability|p2a: Landorus-Therian|Intimidate|[of] p1a: Pinsir
|-unboost|p1a: Pinsir|atk|1
|move|p1a: Pinsir|Quick Attack|p2a: Landorus-Therian
|-damage|p2a: Landorus-Therian|161\/382
|
|-heal|p2a: Landorus-Therian|184\/382|[from] item: Leftovers
|turn|20
|
|switch|p1a: Azumarill|Azumarill, M|404\/404
|move|p2a: Landorus-Therian|U-turn|p1a: Azumarill
|-resisted|p1a: Azumarill
|-damage|p1a: Azumarill|354\/404
|
|switch|p2a: Victini|Victini|341\/341
|
|turn|21
|
|switch|p1a: Excadrill|Excadrill, M|362\/362
|move|p2a: Victini|V-create|p1a: Excadrill
|-supereffective|p1a: Excadrill
|-damage|p1a: Excadrill|0 fnt
|-unboost|p2a: Victini|def|1
|-unboost|p2a: Victini|spd|1
|-unboost|p2a: Victini|spe|1
|faint|p1a: Excadrill
|
|
|switch|p1a: Pinsir|Pinsir-Mega, M|130\/271
|turn|22
|
|move|p2a: Victini|V-create|p1a: Pinsir
|-supereffective|p1a: Pinsir
|-damage|p1a: Pinsir|0 fnt
|-unboost|p2a: Victini|def|1
|-unboost|p2a: Victini|spd|1
|-unboost|p2a: Victini|spe|1
|faint|p1a: Pinsir
|
|
|switch|p1a: Azumarill|Azumarill, M|354\/404
|turn|23
|
|switch|p2a: Landorus-Therian|Landorus-Therian, M|184\/382
|-ability|p2a: Landorus-Therian|Intimidate|[of] p1a: Azumarill
|-unboost|p1a: Azumarill|atk|1
|move|p1a: Azumarill|Knock Off|p2a: Landorus-Therian
|-damage|p2a: Landorus-Therian|100\/382
|-enditem|p2a: Landorus-Therian|Leftovers|[from] move: Knock Off|[of] p1a: Azumarill
|
|turn|24
|
|move|p1a: Azumarill|Aqua Jet|p2a: Landorus-Therian
|-supereffective|p2a: Landorus-Therian
|-damage|p2a: Landorus-Therian|8\/382
|move|p2a: Landorus-Therian|Earthquake|p1a: Azumarill
|-crit|p1a: Azumarill
|-damage|p1a: Azumarill|54\/404
|
|turn|25
|-message|Charfan forfeited.
|
|win|sean1993
|raw|Ladder updating...
|raw|Charfan's rating: 1772 &rarr; <strong>1751<\/strong><br \/>(-21 for losing)
|raw|sean1993's rating: 1747 &rarr; <strong>1769<\/strong><br \/>(+22 for winning)
|leave|Charfan
|player|p1