|join|sean1993
|join|mojogojo
|player|p1|sean1993|1
|player|p2|mojogojo|265
|gametype|singles
|gen|6
|tier|OU
|rated
|clearpoke
|poke|p1|Azumarill, F
|poke|p1|Amoonguss, F
|poke|p1|Heatran, F
|poke|p1|Conkeldurr, F
|poke|p1|Pinsir, M
|poke|p1|Landorus-Therian, M
|poke|p2|Breloom, M
|poke|p2|Gothitelle, F
|poke|p2|Gyarados, M
|poke|p2|Tyranitar, F
|poke|p2|Excadrill, F
|poke|p2|Terrakion
|rule|Swagger Clause: Swagger is banned
|rule|Baton Pass Clause: Limit one Pokémon knowing Baton Pass
|rule|Sleep Clause Mod: Limit one foe put to sleep
|rule|Species Clause: Limit one of each Pokémon
|rule|OHKO Clause: OHKO moves are banned
|rule|Moody Clause: Moody is banned
|rule|Evasion Moves Clause: Evasion moves are banned
|rule|Endless Battle Clause: Forcing endless battles is banned
|rule|HP Percentage Mod: HP is shown in percentages
|teampreview
|
|start
|switch|p1a: Amoonguss|Amoonguss, F|432\/432
|switch|p2a: Breloom|Breloom, M|262\/262
|turn|1
|
|switch|p2a: Gothitelle|Gothitelle, F|302\/302
|move|p1a: Amoonguss|Spore|p2a: Gothitelle
|-status|p2a: Gothitelle|slp
|
|turn|2
|
|cant|p2a: Gothitelle|slp
|move|p1a: Amoonguss|Foul Play|p2a: Gothitelle
|-supereffective|p2a: Gothitelle
|-damage|p2a: Gothitelle|216\/302 slp
|
|turn|3
|
|cant|p2a: Gothitelle|slp
|move|p1a: Amoonguss|Foul Play|p2a: Gothitelle
|-supereffective|p2a: Gothitelle
|-damage|p2a: Gothitelle|128\/302 slp
|
|turn|4
|
|-curestatus|p2a: Gothitelle|slp
|move|p2a: Gothitelle|Psychic|p1a: Amoonguss
|-supereffective|p1a: Amoonguss
|-damage|p1a: Amoonguss|0 fnt
|faint|p1a: Amoonguss
|
|
|switch|p1a: Heatran|Heatran, F|385\/385
|turn|5
|
|switch|p2a: Tyranitar|Tyranitar, F|403\/403
|-weather|Sandstorm
|move|p1a: Heatran|Stealth Rock|p2a: Tyranitar
|-sidestart|p2: mojogojo|move: Stealth Rock
|
|-weather|Sandstorm|[upkeep]
|turn|6
|
|move|p2a: Tyranitar|Stealth Rock|p1a: Heatran
|-sidestart|p1: sean1993|move: Stealth Rock
|move|p1a: Heatran|Roar|p2a: Tyranitar
|drag|p2a: Terrakion|Terrakion|323\/323
|-damage|p2a: Terrakion|303\/323|[from] Stealth Rock
|
|-weather|Sandstorm|[upkeep]
|turn|7
|
|switch|p1a: Azumarill|Azumarill, F|382\/382
|-damage|p1a: Azumarill|335\/382|[from] Stealth Rock
|move|p2a: Terrakion|Close Combat|p1a: Azumarill
|-resisted|p1a: Azumarill
|-damage|p1a: Azumarill|171\/382
|-unboost|p2a: Terrakion|def|1
|-unboost|p2a: Terrakion|spd|1
|-damage|p2a: Terrakion|271\/323|[from] item: Life Orb
|
|-weather|Sandstorm|[upkeep]
|-damage|p1a: Azumarill|148\/382|[from] sandstorm
|turn|8
|
|switch|p2a: Tyranitar|Tyranitar, F|403\/403
|-damage|p2a: Tyranitar|353\/403|[from] Stealth Rock
|move|p1a: Azumarill|Aqua Jet|p2a: Tyranitar
|-supereffective|p2a: Tyranitar
|-damage|p2a: Tyranitar|167\/403
|
|-weather|Sandstorm|[upkeep]
|-damage|p1a: Azumarill|125\/382|[from] sandstorm
|turn|9
|
|move|p1a: Azumarill|Aqua Jet|p2a: Tyranitar
|-supereffective|p2a: Tyranitar
|-damage|p2a: Tyranitar|0 fnt
|faint|p2a: Tyranitar
|
|-weather|Sandstorm|[upkeep]
|-damage|p1a: Azumarill|102\/382|[from] sandstorm
|
|switch|p2a: Excadrill|Excadrill, F|362\/362
|-damage|p2a: Excadrill|351\/362|[from] Stealth Rock
|turn|10
|
|move|p1a: Azumarill|Aqua Jet|p2a: Excadrill
|-supereffective|p2a: Excadrill
|-damage|p2a: Excadrill|0 fnt
|faint|p2a: Excadrill
|
|-weather|Sandstorm|[upkeep]
|-damage|p1a: Azumarill|79\/382|[from] sandstorm
|
|switch|p2a: Gyarados|Gyarados, M|332\/332
|-damage|p2a: Gyarados|249\/332|[from] Stealth Rock
|turn|11
|
|switch|p1a: Landorus-Therian|Landorus-Therian, M|319\/319
|-damage|p1a: Landorus-Therian|280\/319|[from] Stealth Rock
|-ability|p1a: Landorus-Therian|Intimidate|[of] p2a: Gyarados
|-unboost|p2a: Gyarados|atk|1
|move|p2a: Gyarados|Dragon Dance|p2a: Gyarados
|-boost|p2a: Gyarados|atk|1
|-boost|p2a: Gyarados|spe|1
|
|-weather|Sandstorm|[upkeep]
|-damage|p2a: Gyarados|229\/332|[from] sandstorm
|turn|12
|
|detailschange|p2a: Gyarados|Gyarados-Mega, M
|message|Gyarados has Mega Evolved into Mega Gyarados!
|-ability|p2a: Gyarados|Mold Breaker
|move|p1a: Landorus-Therian|Explosion|p2a: Gyarados
|-damage|p2a: Gyarados|0 fnt
|faint|p1a: Landorus-Therian
|faint|p2a: Gyarados
|
|-weather|none
|
|switch|p2a: Breloom|Breloom, M|262\/262
|-damage|p2a: Breloom|246\/262|[from] Stealth Rock
|switch|p1a: Conkeldurr|Conkeldurr, F|351\/351
|-damage|p1a: Conkeldurr|330\/351|[from] Stealth Rock
|turn|13
|
|move|p1a: Conkeldurr|Mach Punch|p2a: Breloom
|-damage|p2a: Breloom|146\/262
|move|p2a: Breloom|Spore|p1a: Conkeldurr
|-status|p1a: Conkeldurr|slp
|
|turn|14
|
|switch|p1a: Heatran|Heatran, F|385\/385
|-damage|p1a: Heatran|337\/385|[from] Stealth Rock
|move|p2a: Breloom|Rock Tomb|p1a: Heatran|[miss]
|-miss|p2a: Breloom|p1a: Heatran
|
|-heal|p1a: Heatran|361\/385|[from] item: Leftovers
|turn|15
|c|★mojogojo|really?
|c|★sean1993|im not the idiot
|c|★mojogojo|???
|
|switch|p2a: Gothitelle|Gothitelle, F|128\/302
|-damage|p2a: Gothitelle|91\/302|[from] Stealth Rock
|switch|p1a: Azumarill|Azumarill, F|79\/382
|-damage|p1a: Azumarill|32\/382|[from] Stealth Rock
|
|turn|16
|
|move|p1a: Azumarill|Aqua Jet|p2a: Gothitelle
|-damage|p2a: Gothitelle|0 fnt
|faint|p2a: Gothitelle
|
|c|★sean1993|sacking the heatran
|
|switch|p2a: Breloom|Breloom, M|146\/262
|-damage|p2a: Breloom|130\/262|[from] Stealth Rock
|turn|17
|c|★sean1993|you got played son
|
|move|p2a: Breloom|Mach Punch|p1a: Azumarill
|-resisted|p1a: Azumarill
|-damage|p1a: Azumarill|0 fnt
|faint|p1a: Azumarill
|
|c|★mojogojo|how did you know I was your son?
|
|switch|p1a: Pinsir|Pinsir, M|271\/271
|-damage|p1a: Pinsir|204\/271|[from] Stealth Rock
|turn|18
|
|detailschange|p1a: Pinsir|Pinsir-Mega, M
|message|Pinsir has Mega Evolved into Mega Pinsir!
|move|p1a: Pinsir|Quick Attack|p2a: Breloom
|-supereffective|p2a: Breloom
|-damage|p2a: Breloom|0 fnt
|faint|p2a: Breloom
|
|
|switch|p2a: Terrakion|Terrakion|271\/323
|-damage|p2a: Terrakion|251\/323|[from] Stealth Rock
|turn|19
|
|move|p1a: Pinsir|Quick Attack|p2a: Terrakion
|-damage|p2a: Terrakion|134\/323
|move|p2a: Terrakion|Stone Edge|p1a: Pinsir
|-supereffective|p1a: Pinsir
|-damage|p1a: Pinsir|0 fnt
|-damage|p2a: Terrakion|102\/323|[from] item: Life Orb
|faint|p1a: Pinsir
|
|
|switch|p1a: Heatran|Heatran, F|361\/385
|-damage|p1a: Heatran|313\/385|[from] Stealth Rock
|turn|20
|
|move|p2a: Terrakion|Close Combat|p1a: Heatran
|-supereffective|p1a: Heatran
|-damage|p1a: Heatran|0 fnt
|-unboost|p2a: Terrakion|def|1
|-unboost|p2a: Terrakion|spd|1
|-damage|p2a: Terrakion|70\/323|[from] item: Life Orb
|faint|p1a: Heatran
|
|
|switch|p1a: Conkeldurr|Conkeldurr, F|330\/351 slp
|-damage|p1a: Conkeldurr|309\/351 slp|[from] Stealth Rock
|turn|21
|c|★mojogojo|it all comes down to if he wakes up or not
|c|★mojogojo|flip a coin
|
|cant|p1a: Conkeldurr|slp
|move|p2a: Terrakion|Close Combat|p1a: Conkeldurr
|-damage|p1a: Conkeldurr|36\/351 slp
|-unboost|p2a: Terrakion|def|1
|-unboost|p2a: Terrakion|spd|1
|-damage|p2a: Terrakion|38\/323|[from] item: Life Orb
|
|turn|22
|c|★mojogojo|gg
|
|cant|p1a: Conkeldurr|slp
|move|p2a: Terrakion|Close Combat|p1a: Conkeldurr
|-damage|p1a: Conkeldurr|0 fnt
|-unboost|p2a: Terrakion|def|1
|-unboost|p2a: Terrakion|spd|1
|-damage|p2a: Terrakion|6\/323|[from] item: Life Orb
|faint|p1a: Conkeldurr
|
|win|mojogojo
|raw|Ladder updating...
|raw|sean1993's rating: 1578 &rarr; <strong>1557<\/strong><br \/>(-21 for losing)
|raw|mojogojo's rating: 1562 &rarr; <strong>1582<\/strong><br \/>(+20 for winning)
|leave|sean1993
|player|p1