|join|Tom's Harry Dick
|join|Angina Management
|player|p1|Tom's Harry Dick|85
|player|p2|Angina Management|243
|gametype|singles
|gen|6
|tier|UU
|rated
|rule|Sleep Clause Mod: Limit one foe put to sleep
|rule|Species Clause: Limit one of each Pokémon
|rule|OHKO Clause: OHKO moves are banned
|rule|Moody Clause: Moody is banned
|rule|Evasion Moves Clause: Evasion moves are banned
|rule|Endless Battle Clause: Forcing endless battles is banned
|rule|HP Percentage Mod: HP is shown in percentages
|clearpoke
|poke|p1|Escavalier, M
|poke|p1|Spiritomb, F
|poke|p1|Amoonguss, M
|poke|p1|Alomomola, F
|poke|p1|Granbull, F
|poke|p1|Blissey, F
|poke|p2|Suicune
|poke|p2|Zygarde
|poke|p2|Florges, F
|poke|p2|Forretress, M
|poke|p2|Crobat, M
|poke|p2|Alakazam, F
|rule|Swagger Clause: Swagger is banned
|rule|Baton Pass Clause: Limit one Pokémon knowing Baton Pass
|teampreview
|join|Bob the Bro
|
|start
|switch|p1a: Spiritomb|Spiritomb, F|304\/304
|switch|p2a: Crobat|Crobat, M|311\/311
|turn|1
|
|switch|p1a: Alomomola|Alomomola, F|534\/534
|move|p2a: Crobat|U-turn|p1a: Alomomola
|-damage|p1a: Alomomola|477\/534
|-damage|p2a: Crobat|260\/311|[from] item: Rocky Helmet|[of] p1a: Alomomola
|
|switch|p2a: Forretress|Forretress, M|354\/354
|
|turn|2
|
|move|p1a: Alomomola|Scald|p2a: Forretress
|-damage|p2a: Forretress|308\/354
|move|p2a: Forretress|Stealth Rock|p1a: Alomomola
|-sidestart|p1: Tom's Harry Dick|move: Stealth Rock
|
|-heal|p2a: Forretress|330\/354|[from] item: Leftovers
|turn|3
|
|move|p1a: Alomomola|Scald|p2a: Forretress
|-damage|p2a: Forretress|281\/354
|-status|p2a: Forretress|brn
|move|p2a: Forretress|Volt Switch|p1a: Alomomola
|-supereffective|p1a: Alomomola
|-damage|p1a: Alomomola|339\/534
|
|switch|p2a: Florges|Florges, F|360\/360
|
|turn|4
|
|switch|p1a: Blissey|Blissey, F|714\/714
|-damage|p1a: Blissey|625\/714|[from] Stealth Rock
|move|p2a: Florges|Aromatherapy|p2a: Florges
|-cureteam|p2a: Florges|[from] move: Aromatherapy
|
|-heal|p1a: Blissey|669\/714|[from] item: Leftovers
|turn|5
|c| Bob the Bro|rip
|c|★Angina Management|rip u
|c| Bob the Bro|i hate you
|join|Shit User
|c|★Angina Management|lol
|
|switch|p2a: Forretress|Forretress, M|281\/354
|move|p1a: Blissey|Stealth Rock|p2a: Forretress
|-sidestart|p2: Angina Management|move: Stealth Rock
|
|-heal|p1a: Blissey|713\/714|[from] item: Leftovers
|-heal|p2a: Forretress|303\/354|[from] item: Leftovers
|turn|6
|
|move|p1a: Blissey|Seismic Toss|p2a: Forretress
|-damage|p2a: Forretress|203\/354
|move|p2a: Forretress|Volt Switch|p1a: Blissey
|-damage|p1a: Blissey|686\/714
|
|switch|p2a: low ladder farm|Zygarde|417\/417
|-damage|p2a: low ladder farm|391\/417|[from] Stealth Rock
|-ability|p2a: low ladder farm|Aura Break
|
|-heal|p2a: low ladder farm|417\/417|[from] item: Leftovers
|-heal|p1a: Blissey|714\/714|[from] item: Leftovers
|turn|7
|
|switch|p1a: Granbull|Granbull, F|384\/384
|-damage|p1a: Granbull|336\/384|[from] Stealth Rock
|-ability|p1a: Granbull|Intimidate|[of] p2a: low ladder farm
|-unboost|p2a: low ladder farm|atk|1
|move|p2a: low ladder farm|Dragon Tail|p1a: Granbull
|-immune|p1a: Granbull|[msg]
|
|turn|8
|join|DiGiTAL WiNG
|c| Shit User|what is this
|
|switch|p2a: low ladder farm|Suicune|401\/401
|-damage|p2a: low ladder farm|351\/401|[from] Stealth Rock
|-ability|p2a: low ladder farm|Pressure
|move|p1a: Granbull|Play Rough|p2a: low ladder farm
|-damage|p2a: low ladder farm|272\/401
|
|-heal|p2a: low ladder farm|297\/401|[from] item: Leftovers
|turn|9
|c| Shit User|stall twam
|c| Shit User|team
|c|★Angina Management|I can't win tbh
|c|★Angina Management|but w\/e
|c| Shit User|how many hazards on forrey
|c|★Angina Management|should have brought pidgeot
|c| Shit User|kek
|
|switch|p1a: Amoonguss|Amoonguss, M|397\/397
|-damage|p1a: Amoonguss|348\/397|[from] Stealth Rock
|move|p2a: low ladder farm|Scald|p1a: Amoonguss
|-resisted|p1a: Amoonguss
|-damage|p1a: Amoonguss|298\/397
|
|-heal|p2a: low ladder farm|322\/401|[from] item: Leftovers
|turn|10
|
|move|p2a: low ladder farm|Calm Mind|p2a: low ladder farm
|-boost|p2a: low ladder farm|spa|1
|-boost|p2a: low ladder farm|spd|1
|move|p1a: Amoonguss|Giga Drain|p2a: low ladder farm
|-supereffective|p2a: low ladder farm
|-damage|p2a: low ladder farm|214\/401
|-heal|p1a: Amoonguss|352\/397|[from] drain|[of] p2a: low ladder farm
|
|-heal|p2a: low ladder farm|239\/401|[from] item: Leftovers
|turn|11
|c| Shit User|what item amoon
|
|move|p2a: low ladder farm|Scald|p1a: Amoonguss
|-resisted|p1a: Amoonguss
|-damage|p1a: Amoonguss|269\/397
|move|p1a: Amoonguss|Clear Smog|p2a: low ladder farm
|-damage|p2a: low ladder farm|202\/401
|-clearboost|p2a: low ladder farm
|
|-heal|p2a: low ladder farm|227\/401|[from] item: Leftovers
|turn|12
|
|move|p2a: low ladder farm|Calm Mind|p2a: low ladder farm
|-boost|p2a: low ladder farm|spa|1
|-boost|p2a: low ladder farm|spd|1
|move|p1a: Amoonguss|Giga Drain|p2a: low ladder farm
|-supereffective|p2a: low ladder farm
|-damage|p2a: low ladder farm|117\/401
|-heal|p1a: Amoonguss|324\/397|[from] drain|[of] p2a: low ladder farm
|
|-heal|p2a: low ladder farm|142\/401|[from] item: Leftovers
|turn|13
|
|move|p2a: low ladder farm|Scald|p1a: Amoonguss
|-resisted|p1a: Amoonguss
|-damage|p1a: Amoonguss|252\/397
|move|p1a: Amoonguss|Giga Drain|p2a: low ladder farm
|-supereffective|p2a: low ladder farm
|-damage|p2a: low ladder farm|28\/401
|-heal|p1a: Amoonguss|309\/397|[from] drain|[of] p2a: low ladder farm
|
|-heal|p2a: low ladder farm|53\/401|[from] item: Leftovers
|turn|14
|
|move|p2a: low ladder farm|Rest|p2a: low ladder farm
|-status|p2a: low ladder farm|slp
|-heal|p2a: low ladder farm|401\/401 slp|[silent]
|-status|p2a: low ladder farm|slp|[from] move: Rest
|move|p1a: Amoonguss|Giga Drain|p2a: low ladder farm
|-supereffective|p2a: low ladder farm
|-damage|p2a: low ladder farm|297\/401 slp
|-heal|p1a: Amoonguss|361\/397|[from] drain|[of] p2a: low ladder farm
|
|-heal|p2a: low ladder farm|322\/401 slp|[from] item: Leftovers
|turn|15
|
|cant|p2a: low ladder farm|slp
|move|p2a: low ladder farm|Sleep Talk|p2a: low ladder farm
|move|p2a: low ladder farm|Calm Mind|p2a: low ladder farm|[from]Sleep Talk
|-boost|p2a: low ladder farm|spa|1
|-boost|p2a: low ladder farm|spd|1
|move|p1a: Amoonguss|Clear Smog|p2a: low ladder farm
|-damage|p2a: low ladder farm|294\/401 slp
|-clearboost|p2a: low ladder farm
|
|-heal|p2a: low ladder farm|319\/401 slp|[from] item: Leftovers
|turn|16
|
|switch|p1a: Escavalier|Escavalier, M|344\/344
|-damage|p1a: Escavalier|301\/344|[from] Stealth Rock
|cant|p2a: low ladder farm|slp
|move|p2a: low ladder farm|Sleep Talk|p2a: low ladder farm
|move|p2a: low ladder farm|Calm Mind|p2a: low ladder farm|[from]Sleep Talk
|-boost|p2a: low ladder farm|spa|1
|-boost|p2a: low ladder farm|spd|1
|
|-heal|p2a: low ladder farm|344\/401 slp|[from] item: Leftovers
|turn|17
|
|-curestatus|p2a: low ladder farm|slp
|move|p2a: low ladder farm|Scald|p1a: Escavalier
|-damage|p1a: Escavalier|222\/344
|move|p1a: Escavalier|Knock Off|p2a: low ladder farm
|-damage|p2a: low ladder farm|260\/401
|-enditem|p2a: low ladder farm|Leftovers|[from] move: Knock Off|[of] p1a: Escavalier
|
|turn|18
|
|move|p2a: low ladder farm|Calm Mind|p2a: low ladder farm
|-boost|p2a: low ladder farm|spa|1
|-boost|p2a: low ladder farm|spd|1
|move|p1a: Escavalier|Megahorn|p2a: low ladder farm
|-damage|p2a: low ladder farm|91\/401
|
|turn|19
|
|move|p2a: low ladder farm|Rest|p2a: low ladder farm
|-status|p2a: low ladder farm|slp
|-heal|p2a: low ladder farm|401\/401 slp|[silent]
|-status|p2a: low ladder farm|slp|[from] move: Rest
|move|p1a: Escavalier|Megahorn|p2a: low ladder farm
|-damage|p2a: low ladder farm|226\/401 slp
|
|turn|20
|
|cant|p2a: low ladder farm|slp
|move|p2a: low ladder farm|Sleep Talk|p2a: low ladder farm
|move|p2a: low ladder farm|Calm Mind|p2a: low ladder farm|[from]Sleep Talk
|-boost|p2a: low ladder farm|spa|1
|-boost|p2a: low ladder farm|spd|1
|move|p1a: Escavalier|Megahorn|p2a: low ladder farm
|-crit|p2a: low ladder farm
|-damage|p2a: low ladder farm|0 fnt
|faint|p2a: low ladder farm
|
|c|★Angina Management|o well
|
|switch|p2a: low ladder farm|Zygarde|417\/417
|-damage|p2a: low ladder farm|391\/417|[from] Stealth Rock
|-ability|p2a: low ladder farm|Aura Break
|turn|21
|
|move|p2a: low ladder farm|Coil|p2a: low ladder farm
|-boost|p2a: low ladder farm|atk|1
|-boost|p2a: low ladder farm|def|1
|-boost|p2a: low ladder farm|accuracy|1
|move|p1a: Escavalier|Knock Off|p2a: low ladder farm
|-damage|p2a: low ladder farm|315\/417
|-enditem|p2a: low ladder farm|Leftovers|[from] move: Knock Off|[of] p1a: Escavalier
|
|turn|22
|
|switch|p1a: Granbull|Granbull, F|336\/384
|-damage|p1a: Granbull|288\/384|[from] Stealth Rock
|-ability|p1a: Granbull|Intimidate|[of] p2a: low ladder farm
|-unboost|p2a: low ladder farm|atk|1
|move|p2a: low ladder farm|Coil|p2a: low ladder farm
|-boost|p2a: low ladder farm|atk|1
|-boost|p2a: low ladder farm|def|1
|-boost|p2a: low ladder farm|accuracy|1
|
|turn|23
|c| Shit User|why isnt he running a good set
|c| Shit User|like
|c| Shit User|rest talk
|
|move|p2a: low ladder farm|Earthquake|p1a: Granbull
|-damage|p1a: Granbull|149\/384
|move|p1a: Granbull|Roar|p2a: low ladder farm
|drag|p2a: Florges|Florges, F|360\/360
|-damage|p2a: Florges|315\/360|[from] Stealth Rock
|
|-heal|p2a: Florges|337\/360|[from] item: Leftovers
|turn|24
|c| Shit User|sd iron head
|c|★Angina Management|lol
|c| Shit User|wait what the fuck
|c|★Angina Management|that set rapes this team is the ironic thing
|c| Shit User|that stall team has no hazard removal
|
|switch|p1a: Alomomola|Alomomola, F|517\/534
|-damage|p1a: Alomomola|451\/534|[from] Stealth Rock
|move|p2a: Florges|Moonblast|p1a: Alomomola
|-damage|p1a: Alomomola|240\/534
|-unboost|p1a: Alomomola|spa|1
|
|-heal|p2a: Florges|359\/360|[from] item: Leftovers
|turn|25
|
|move|p2a: Florges|Moonblast|p1a: Alomomola
|-damage|p1a: Alomomola|24\/534
|-unboost|p1a: Alomomola|spa|1
|move|p1a: Alomomola|Wish|p1a: Alomomola
|
|-heal|p2a: Florges|360\/360|[from] item: Leftovers
|turn|26
|
|switch|p1a: Escavalier|Escavalier, M|222\/344
|-damage|p1a: Escavalier|179\/344|[from] Stealth Rock
|move|p2a: Florges|Wish|p2a: Florges
|
|-heal|p1a: Escavalier|344\/344|[from] move: Wish|[wisher] Alomomola
|turn|27
|
|switch|p2a: Forretress|Forretress, M|203\/354
|-damage|p2a: Forretress|159\/354|[from] Stealth Rock
|move|p1a: Escavalier|Knock Off|p2a: Forretress
|-damage|p2a: Forretress|66\/354
|-enditem|p2a: Forretress|Leftovers|[from] move: Knock Off|[of] p1a: Escavalier
|
|-heal|p2a: Forretress|246\/354|[from] move: Wish|[wisher] Florges
|turn|28
|
|move|p2a: Forretress|Volt Switch|p1a: Escavalier
|-damage|p1a: Escavalier|322\/344
|c| Shit User|spikes forrey imo
|
|switch|p2a: low ladder farm|Zygarde|315\/417
|-damage|p2a: low ladder farm|289\/417|[from] Stealth Rock
|-ability|p2a: low ladder farm|Aura Break
|move|p1a: Escavalier|Megahorn|p2a: low ladder farm
|-damage|p2a: low ladder farm|75\/417
|
|turn|29
|
|move|p2a: low ladder farm|Earthquake|p1a: Escavalier
|-damage|p1a: Escavalier|208\/344
|move|p1a: Escavalier|Iron Head|p2a: low ladder farm
|-damage|p2a: low ladder farm|0 fnt
|faint|p2a: low ladder farm
|
|join|Emma bae
|
|switch|p2a: Forretress|Forretress, M|246\/354
|-damage|p2a: Forretress|202\/354|[from] Stealth Rock
|turn|30
|
|move|p2a: Forretress|Rapid Spin|p1a: Escavalier
|-resisted|p1a: Escavalier
|-damage|p1a: Escavalier|202\/344
|-sideend|p2: Angina Management|Stealth Rock|[from] move: Rapid Spin|[of] p2a: Forretress
|move|p1a: Escavalier|Iron Head|p2a: Forretress
|-resisted|p2a: Forretress
|-damage|p2a: Forretress|149\/354
|
|turn|31
|
|move|p2a: Forretress|Volt Switch|p1a: Escavalier
|-damage|p1a: Escavalier|177\/344
|
|switch|p2a: Crobat|Crobat, M|260\/311
|move|p1a: Escavalier|Iron Head|p2a: Crobat
|-damage|p2a: Crobat|55\/311
|
|turn|32
|
|move|p2a: Crobat|Brave Bird|p1a: Escavalier
|-crit|p1a: Escavalier
|-damage|p1a: Escavalier|0 fnt
|-damage|p2a: Crobat|0 fnt|[from] recoil|[of] p1a: Escavalier
|faint|p1a: Escavalier
|faint|p2a: Crobat
|
|
|switch|p1a: Blissey|Blissey, F|714\/714
|switch|p2a: Forretress|Forretress, M|149\/354
|-damage|p1a: Blissey|625\/714|[from] Stealth Rock
|turn|33
|-message|Angina Management forfeited.
|
|win|Tom's Harry Dick
|raw|Ladder updating...
|leave|Angina Management
|player|p2
|raw|Tom&apos;s Harry Dick's rating: 1481 &rarr; <strong>1493<\/strong><br \/>(+12 for winning)
|raw|Angina Management's rating: 1324 &rarr; <strong>1312<\/strong><br \/>(-12 for losing)
|leave|Emma bae
|c|★Tom's Harry Dick|gg
|join|Moniker