|join|gobosox
|join|Count Bleck
|player|p1|gobosox|#cpgtan
|player|p2|Count Bleck|238
|gametype|singles
|gen|6
|tier|UU
|rule|Sleep Clause Mod: Limit one foe put to sleep
|rule|Species Clause: Limit one of each Pokémon
|rule|OHKO Clause: OHKO moves are banned
|rule|Moody Clause: Moody is banned
|rule|Evasion Moves Clause: Evasion moves are banned
|rule|Endless Battle Clause: Forcing endless battles is banned
|rule|HP Percentage Mod: HP is shown in percentages
|clearpoke
|poke|p1|Espeon, M
|poke|p1|Swampert, F
|poke|p1|Ludicolo, M
|poke|p1|Kabutops, F
|poke|p1|Poliwrath, M
|poke|p1|Tornadus, M
|poke|p2|Audino, M
|poke|p2|Escavalier, M
|poke|p2|Cofagrigus, M
|poke|p2|Raikou
|poke|p2|Umbreon, F
|poke|p2|Rotom-Heat
|rule|Swagger Clause: Swagger is banned
|rule|Baton Pass Clause: Limit one Pokémon knowing Baton Pass
|teampreview
|join|LessThanThreeMan
|
|start
|switch|p1a: Espeon|Espeon, M|334\/334
|switch|p2a: COVERS|Cofagrigus, M|320\/320
|turn|1
|c|★Count Bleck|oh
|c|★Count Bleck|nice avatar
|
|switch|p2a: Hoto Iwata|Umbreon, F|394\/394
|move|p1a: Espeon|Rain Dance|p1a: Espeon
|-weather|RainDance
|
|-weather|RainDance|[upkeep]
|turn|2
|
|move|p1a: Espeon|Work Up|p1a: Espeon
|-boost|p1a: Espeon|atk|1
|-boost|p1a: Espeon|spa|1
|move|p2a: Hoto Iwata|Toxic|p1a: Espeon
|move|p1a: Espeon|Toxic|p2a: Hoto Iwata|[from]Magic Bounce
|-status|p2a: Hoto Iwata|tox
|-status|p1a: Espeon|tox
|
|-weather|RainDance|[upkeep]
|-damage|p1a: Espeon|314\/334 tox|[from] psn
|-damage|p2a: Hoto Iwata|370\/394 tox|[from] psn
|turn|3
|
|move|p1a: Espeon|Baton Pass|p1a: Espeon
|
|switch|p1a: Swampert|Swampert, F|341\/341
|move|p2a: Hoto Iwata|Foul Play|p1a: Swampert
|-damage|p1a: Swampert|58\/341
|
|-weather|RainDance|[upkeep]
|-heal|p2a: Hoto Iwata|394\/394 tox|[from] item: Leftovers
|-damage|p2a: Hoto Iwata|346\/394 tox|[from] psn
|turn|4
|
|detailschange|p1a: Swampert|Swampert-Mega, F
|message|Swampert has Mega Evolved into Mega Swampert!
|move|p1a: Swampert|Waterfall|p2a: Hoto Iwata
|-damage|p2a: Hoto Iwata|0 fnt
|faint|p2a: Hoto Iwata
|
|-weather|RainDance|[upkeep]
|
|switch|p2a: COVERS|Cofagrigus, M|320\/320
|turn|5
|
|move|p1a: Swampert|Earthquake|p2a: COVERS
|-damage|p2a: COVERS|139\/320
|-enditem|p2a: COVERS|Red Card|[of] p1a: Swampert
|drag|p1a: Second Amendment|Poliwrath, M|322\/322
|move|p2a: COVERS|Night Shade|p1a: Second Amendment
|-damage|p1a: Second Amendment|222\/322
|
|-weather|RainDance|[upkeep]
|turn|6
|
|switch|p1a: Turn Up|Ludicolo, M|301\/301
|move|p2a: COVERS|Toxic Spikes|p1a: Turn Up
|-sidestart|p1: gobosox|move: Toxic Spikes
|
|-weather|RainDance|[upkeep]
|turn|7
|
|move|p1a: Turn Up|Surf|p2a: COVERS
|-damage|p2a: COVERS|0 fnt
|-damage|p1a: Turn Up|271\/301|[from] item: Life Orb
|faint|p2a: COVERS
|
|-weather|RainDance|[upkeep]
|
|switch|p2a: Nui Harime|Audino, M|410\/410
|turn|8
|
|switch|p1a: Espeon|Espeon, M|314\/334 tox
|detailschange|p2a: Nui Harime|Audino-Mega, M
|message|Audino has Mega Evolved into Mega Audino!
|move|p2a: Nui Harime|Calm Mind|p2a: Nui Harime
|-boost|p2a: Nui Harime|spa|1
|-boost|p2a: Nui Harime|spd|1
|
|-weather|none
|-damage|p1a: Espeon|294\/334 tox|[from] psn
|turn|9
|
|move|p1a: Espeon|Work Up|p1a: Espeon
|-boost|p1a: Espeon|atk|1
|-boost|p1a: Espeon|spa|1
|move|p2a: Nui Harime|Calm Mind|p2a: Nui Harime
|-boost|p2a: Nui Harime|spa|1
|-boost|p2a: Nui Harime|spd|1
|
|-damage|p1a: Espeon|254\/334 tox|[from] psn
|turn|10
|
|move|p1a: Espeon|Rain Dance|p1a: Espeon
|-weather|RainDance
|move|p2a: Nui Harime|Dazzling Gleam|p1a: Espeon
|-damage|p1a: Espeon|79\/334 tox
|
|-weather|RainDance|[upkeep]
|-damage|p1a: Espeon|19\/334 tox|[from] psn
|turn|11
|
|move|p1a: Espeon|Baton Pass|p1a: Espeon
|
|switch|p1a: Satan Dome|Kabutops, F|261\/261
|-status|p1a: Satan Dome|psn
|move|p2a: Nui Harime|Wish|p2a: Nui Harime
|
|-weather|RainDance|[upkeep]
|-damage|p1a: Satan Dome|229\/261 psn|[from] psn
|turn|12
|
|move|p1a: Satan Dome|Waterfall|p2a: Nui Harime
|-damage|p2a: Nui Harime|175\/410
|-damage|p1a: Satan Dome|203\/261 psn|[from] item: Life Orb
|move|p2a: Nui Harime|Dazzling Gleam|p1a: Satan Dome
|-damage|p1a: Satan Dome|0 fnt
|faint|p1a: Satan Dome
|
|-weather|RainDance|[upkeep]
|-heal|p2a: Nui Harime|380\/410|[from] move: Wish|[wisher] Nui Harime
|
|switch|p1a: Second Amendment|Poliwrath, M|222\/322
|-status|p1a: Second Amendment|psn
|turn|13
|
|move|p1a: Second Amendment|Belly Drum|p1a: Second Amendment
|-damage|p1a: Second Amendment|61\/322 psn
|-setboost|p1a: Second Amendment|atk|6|[from] move: Belly Drum
|-enditem|p1a: Second Amendment|Sitrus Berry|[eat]
|-heal|p1a: Second Amendment|141\/322 psn|[from] item: Sitrus Berry
|move|p2a: Nui Harime|Dazzling Gleam|p1a: Second Amendment
|-supereffective|p1a: Second Amendment
|-damage|p1a: Second Amendment|0 fnt
|faint|p1a: Second Amendment
|
|-weather|RainDance|[upkeep]
|c|★gobosox|rip
|-message|gobosox forfeited.
|
|win|Count Bleck
|leave|gobosox
|player|p1