|join|gobosox
|join|no nazi kek
|player|p1|gobosox|#cpgtan
|player|p2|no nazi kek|233
|gametype|singles
|gen|6
|tier|UU
|rule|Sleep Clause Mod: Limit one foe put to sleep
|rule|Species Clause: Limit one of each Pokémon
|rule|OHKO Clause: OHKO moves are banned
|rule|Moody Clause: Moody is banned
|rule|Evasion Moves Clause: Evasion moves are banned
|rule|Endless Battle Clause: Forcing endless battles is banned
|rule|HP Percentage Mod: HP is shown in percentages
|clearpoke
|poke|p1|Accelgor, M
|poke|p1|Swampert, F
|poke|p1|Ludicolo, M
|poke|p1|Kabutops, M
|poke|p1|Poliwrath, M
|poke|p1|Tornadus, M
|poke|p2|Abomasnow, F
|poke|p2|Rotom-Frost
|poke|p2|Kyurem
|poke|p2|Froslass, F
|poke|p2|Articuno
|poke|p2|Aromatisse, F
|rule|Swagger Clause: Swagger is banned
|rule|Baton Pass Clause: Limit one Pokémon knowing Baton Pass
|teampreview
|c|★no nazi kek|i have
|c|★no nazi kek|rel rain team
|c|★no nazi kek|never use
|c|★no nazi kek|cus
|c|★gobosox|ewwwwwwwwwwwwwwwwwwww
|c|★no nazi kek|borin
|c|★gobosox|ewwwwwwwwwwwwwwwwwwww
|c|★gobosox|ewwwwwwwwwwwwwwwwwwww
|c|★gobosox|ewwwwwwwwwwwwwwwwwwww
|c|★gobosox|ewwwwwwwwwwwwwwwwwwww
|c|★gobosox|ewwwwwwwwwwwwwwwwwwww
|c|★gobosox|ewwwwwwwwwwwwwwwwwwww
|c|★gobosox|ewwwwwwwwwwwwwwwwwwww
|c|★gobosox|ewwwwwwwwwwwwwwwwwwww
|c|★gobosox|ewwwwwwwwwwwwwwwwwwww
|c|★no nazi kek|k
|c|★gobosox|ewwwwwwwwwwwwwwwwwwww
|c|★no nazi kek|e
|c|★gobosox|ewwwwwwwwwwwwwwwwwwww
|c|★no nazi kek|k
|c|★gobosox|ewwwwwwwwwwwwwwwwwwww
|c|★gobosox|ewwwwwwwwwwwwwwwwwwww
|c|★gobosox|ewwwwwwwwwwwwwwwwwwww
|c|★gobosox|ewwwwwwwwwwwwwwwwwwww
|c|★gobosox|ewwwwwwwwwwwwwwwwwwww
|c|★gobosox|ewwwwwwwwwwwwwwwwwwww
|c|★gobosox|ewwwwwwwwwwwwwwwwwwww
|c|★gobosox|ewwwwwwwwwwwwwwwwwwww
|c|★gobosox|ewwwwwwwwwwwwwwwwwwww
|c|★gobosox|ewwwwwwwwwwwwwwwwwwww
|c|★gobosox|ewwwwwwwwwwwwwwwwwwww
|c|★gobosox|that team
|c|★gobosox|is disgusting
|
|start
|switch|p1a: Satan Dome|Kabutops, M|319\/319
|switch|p2a: Abomasnow|Abomasnow, F|383\/383
|-weather|Hail
|turn|1
|
|detailschange|p2a: Abomasnow|Abomasnow-Mega, F
|-mega|p2a: Abomasnow|Abomasnow|Abomasite
|move|p1a: Satan Dome|Stone Edge|p2a: Abomasnow
|-crit|p2a: Abomasnow
|-supereffective|p2a: Abomasnow
|-damage|p2a: Abomasnow|0 fnt
|-damage|p1a: Satan Dome|288\/319|[from] item: Life Orb
|faint|p2a: Abomasnow
|
|-weather|Hail|[upkeep]
|-damage|p1a: Satan Dome|269\/319|[from] hail
|c|★no nazi kek|clit
|
|switch|p2a: Froslass|Froslass, F|281\/281
|turn|2
|c|★gobosox|i dont think that mattered
|c|★no nazi kek|it didn't
|
|switch|p1a: NASCAR|Accelgor, M|364\/364
|move|p2a: Froslass|Taunt|p1a: NASCAR
|-start|p1a: NASCAR|move: Taunt
|
|-weather|Hail|[upkeep]
|-damage|p1a: NASCAR|342\/364|[from] hail
|turn|3
|c|★no nazi kek|i was
|c|★no nazi kek|expecting
|c|★no nazi kek|u 2 predict switch
|c|★no nazi kek|and then
|c|★no nazi kek|i was gonna bop u
|c|★no nazi kek|with giga
|c|★no nazi kek|while you sd
|join|Emma Bae
|
|move|p1a: NASCAR|U-turn|p2a: Froslass
|-resisted|p2a: Froslass
|-damage|p2a: Froslass|243\/281
|-start|p1a: NASCAR|Disable|U-turn
|
|switch|p1a: Twistah|Tornadus, M|362\/362
|move|p2a: Froslass|Blizzard|p1a: Twistah
|-supereffective|p1a: Twistah
|-damage|p1a: Twistah|12\/362
|
|-weather|Hail|[upkeep]
|-damage|p1a: Twistah|0 fnt|[from] hail
|faint|p1a: Twistah
|join|newfren
|c|★no nazi kek|kek
|
|switch|p1a: NASCAR|Accelgor, M|342\/364
|turn|4
|
|move|p1a: NASCAR|Rain Dance|p1a: NASCAR
|-weather|RainDance
|move|p2a: Froslass|Spikes|p1a: NASCAR
|-sidestart|p1: gobosox|Spikes
|
|-weather|RainDance|[upkeep]
|turn|5
|join|Armored Skarmory
|
|move|p1a: NASCAR|U-turn|p2a: Froslass
|-resisted|p2a: Froslass
|-damage|p2a: Froslass|203\/281
|-start|p1a: NASCAR|Disable|U-turn
|c|★gobosox|i hope you have more setters
|c|★no nazi kek|nah
|
|switch|p1a: Satan Dome|Kabutops, M|269\/319
|-damage|p1a: Satan Dome|230\/319|[from] Spikes
|move|p2a: Froslass|Spikes|p1a: Satan Dome
|-sidestart|p1: gobosox|Spikes
|
|-weather|RainDance|[upkeep]
|turn|6
|join|trevor ellis
|c| Armored Skarmory|articuno
|c| Armored Skarmory|yay
|
|move|p1a: Satan Dome|Waterfall|p2a: Froslass
|-damage|p2a: Froslass|0 fnt
|-damage|p1a: Satan Dome|199\/319|[from] item: Life Orb
|faint|p2a: Froslass
|
|-weather|RainDance|[upkeep]
|
|switch|p2a: Articuno|Articuno|383\/383
|-ability|p2a: Articuno|Pressure
|turn|7
|join|Donphantastic
|c| newfren|this is going to be
|c|★no nazi kek|sweeptastic
|c| newfren|embarrassingly quick
|c|★no nazi kek|y
|c|★no nazi kek|cus
|c| Armored Skarmory|Articuno GO!
|c|★no nazi kek|i cba
|c| Armored Skarmory|I BELIVE IN YOU!
|c|★no nazi kek|i miss
|c|★no nazi kek|gen 5
|c|★no nazi kek|stall
|c|★no nazi kek|hail
|c|★no nazi kek|:^)
|
|move|p1a: Satan Dome|Stone Edge|p2a: Articuno
|-supereffective|p2a: Articuno
|-damage|p2a: Articuno|0 fnt
|-damage|p1a: Satan Dome|168\/319|[from] item: Life Orb
|faint|p2a: Articuno
|
|-weather|RainDance|[upkeep]
|
|switch|p2a: Rotom-Frost|Rotom-Frost|241\/241
|turn|8
|c|★gobosox|catch this death
|c| Armored Skarmory|REST IN PEACE
|
|move|p1a: Satan Dome|Stone Edge|p2a: Rotom-Frost|[miss]
|-miss|p1a: Satan Dome|p2a: Rotom-Frost
|move|p2a: Rotom-Frost|Volt Switch|p1a: Satan Dome
|-supereffective|p1a: Satan Dome
|-damage|p1a: Satan Dome|0 fnt
|faint|p1a: Satan Dome
|c| newfren|I ran hail stall
|c| newfren|with
|c|★no nazi kek|noice
|c| Armored Skarmory|lol
|c| newfren|shelgon
|c|★no nazi kek|n miss
|c|★gobosox|your shit kabutops
|
|switch|p2a: Kyurem|Kyurem|441\/441
|-ability|p2a: Kyurem|Pressure
|
|-weather|RainDance|[upkeep]
|c|★gobosox|and i hate you
|c| Armored Skarmory|revenge
|c|★no nazi kek|shejgon
|c|★no nazi kek|shelgon
|c|★no nazi kek|is a god
|c|★no nazi kek|tho
|c|★no nazi kek|so
|c| Armored Skarmory|REVENGE!
|
|switch|p1a: Swampert|Swampert, F|341\/341
|-damage|p1a: Swampert|285\/341|[from] Spikes
|turn|9
|c|★no nazi kek|he doesn't count
|c| Armored Skarmory|\/me uses revenge
|c| newfren|I was so bad in gen5
|
|detailschange|p1a: Swampert|Swampert-Mega, F
|-mega|p1a: Swampert|Swampert|Swampertite
|move|p2a: Kyurem|Substitute|p2a: Kyurem
|-start|p2a: Kyurem|Substitute
|-damage|p2a: Kyurem|331\/441
|move|p1a: Swampert|Earthquake|p2a: Kyurem
|-end|p2a: Kyurem|Substitute
|
|-weather|RainDance|[upkeep]
|turn|10
|
|switch|p2a: Rotom-Frost|Rotom-Frost|241\/241
|move|p1a: Swampert|Earthquake|p2a: Rotom-Frost
|-immune|p2a: Rotom-Frost|[msg]
|
|-weather|RainDance|[upkeep]
|turn|11
|c| Armored Skarmory|i wasn't even into pokemon in gen 5
|
|move|p1a: Swampert|Waterfall|p2a: Rotom-Frost
|-damage|p2a: Rotom-Frost|0 fnt
|faint|p2a: Rotom-Frost
|
|-weather|none
|
|switch|p2a: Kyurem|Kyurem|331\/441
|-ability|p2a: Kyurem|Pressure
|turn|12
|c|★gobosox|d e d
|c|★no nazi kek|nice n slow now
|
|switch|p1a: Turn Up|Ludicolo, M|301\/301
|-damage|p1a: Turn Up|251\/301|[from] Spikes
|move|p2a: Kyurem|Draco Meteor|p1a: Turn Up
|-damage|p1a: Turn Up|0 fnt
|-unboost|p2a: Kyurem|spa|2
|-damage|p2a: Kyurem|287\/441|[from] item: Life Orb
|faint|p1a: Turn Up
|
|c| Armored Skarmory|the only thing i knew about it was the cards
|
|switch|p1a: NASCAR|Accelgor, M|342\/364
|-damage|p1a: NASCAR|282\/364|[from] Spikes
|turn|13
|
|switch|p2a: Aromatisse|Aromatisse, F|406\/406
|move|p1a: NASCAR|Rain Dance|p1a: NASCAR
|-weather|RainDance
|
|-weather|RainDance|[upkeep]
|turn|14
|
|move|p1a: NASCAR|Final Gambit|p2a: Aromatisse
|-damage|p2a: Aromatisse|124\/406
|faint|p1a: NASCAR
|move|p2a: Aromatisse|Wish|p2a: Aromatisse
|
|-weather|RainDance|[upkeep]
|-heal|p2a: Aromatisse|149\/406|[from] item: Leftovers
|
|switch|p1a: Second Amendment|Poliwrath, M|321\/321
|-damage|p1a: Second Amendment|268\/321|[from] Spikes
|turn|15
|
|move|p1a: Second Amendment|Belly Drum|p1a: Second Amendment
|-damage|p1a: Second Amendment|108\/321
|-setboost|p1a: Second Amendment|atk|6|[from] move: Belly Drum
|-enditem|p1a: Second Amendment|Sitrus Berry|[eat]
|-heal|p1a: Second Amendment|188\/321|[from] item: Sitrus Berry
|move|p2a: Aromatisse|Moonblast|p1a: Second Amendment
|-supereffective|p1a: Second Amendment
|-damage|p1a: Second Amendment|0 fnt
|faint|p1a: Second Amendment
|
|-weather|RainDance|[upkeep]
|-heal|p2a: Aromatisse|352\/406|[from] move: Wish|[wisher] Aromatisse
|-heal|p2a: Aromatisse|377\/406|[from] item: Leftovers
|c| newfren|FAST LIKE NASCAR
|c|★gobosox|why
|c|★no nazi kek|gobogreed
|c|★gobosox|did
|c|★gobosox|you
|c|★no nazi kek|typical
|c| Armored Skarmory|rekt
|c|★gobosox|not
|c|★gobosox|protect
|c|★no nazi kek|cause
|
|switch|p1a: Swampert|Swampert-Mega, F|285\/341
|-damage|p1a: Swampert|229\/341|[from] Spikes
|turn|16
|c|★no nazi kek|i knew
|c| Armored Skarmory|because
|c|★no nazi kek|gobogreed
|c| newfren|bdrum
|c| newfren|was obv
|c| Armored Skarmory|predictions
|c|★gobosox|are you king europe
|c| Armored Skarmory|are
|c|★gobosox|are you king europe
|c| Armored Skarmory|too
|c|★gobosox|are you king europe
|c|★gobosox|are you king europe
|c| Armored Skarmory|good
|c|★gobosox|are you king europe
|c|★no nazi kek|if it was anyone else
|c|★gobosox|are you king europe
|c|★gobosox|are you king europe
|c|★gobosox|are you king europe
|c|★gobosox|are you king europe
|c|★gobosox|are you king europe
|c|★gobosox|are you king europe
|c|★gobosox|are you king europe
|c|★no nazi kek|then I woulda
|c|★gobosox|are you king europe
|c|★no nazi kek|tect
|c|★gobosox|are you king europe
|c| Armored Skarmory|who?
|c|★no nazi kek|but
|c|★gobosox|are you king europe
|c|★gobosox|are you king europe
|c|★no nazi kek|ur
|c|★gobosox|are you king europe
|c|★gobosox|are you king europe
|c|★no nazi kek|gobo
|c|★gobosox|are you king europe
|c|★gobosox|are you king europe
|c|★no nazi kek|greed
|c|★gobosox|are you king europe
|c|★gobosox|are you king europe
|c|★gobosox|are you king europe
|c|★gobosox|are you king europe
|c|★gobosox|are you king europe
|c|★gobosox|are you king europe
|c|★gobosox|are you king europe
|
|move|p2a: Aromatisse|Protect|p2a: Aromatisse
|-singleturn|p2a: Aromatisse|Protect
|move|p1a: Swampert|Earthquake|p2a: Aromatisse
|-activate|p2a: Aromatisse|Protect
|
|-weather|RainDance|[upkeep]
|-heal|p2a: Aromatisse|402\/406|[from] item: Leftovers
|turn|17
|c|★no nazi kek|nice n choke
|
|move|p1a: Swampert|Waterfall|p2a: Aromatisse
|-damage|p2a: Aromatisse|62\/406
|cant|p2a: Aromatisse|flinch
|
|-weather|RainDance|[upkeep]
|-heal|p2a: Aromatisse|87\/406|[from] item: Leftovers
|turn|18
|c|★gobosox|DED
|c|★no nazi kek|fuck
|c|★no nazi kek|fuck
|c|★no nazi kek|fuck
|c|★no nazi kek|fuck
|c|★no nazi kek|fuck
|c|★gobosox|DED
|c|★no nazi kek|fuck
|
|move|p2a: Aromatisse|Protect|p2a: Aromatisse
|-singleturn|p2a: Aromatisse|Protect
|move|p1a: Swampert|Waterfall|p2a: Aromatisse
|-activate|p2a: Aromatisse|Protect
|
|-weather|RainDance|[upkeep]
|-heal|p2a: Aromatisse|112\/406|[from] item: Leftovers
|turn|19
|c|★no nazi kek|fuck
|c|★gobosox|DED
|c|★no nazi kek|fuck
|c|★gobosox|DED
|c|★no nazi kek|fuckzarel
|c|★gobosox|DED
|c|★gobosox|DED
|c|★gobosox|DED
|c|★gobosox|DED
|c|★no nazi kek|bailing you out
|c|★gobosox|DED
|c| Armored Skarmory|ggoggobbobboggrrggrreeeeeeeedddd
|c|★gobosox|DED
|c|★gobosox|DED
|c|★no nazi kek|zzzzz
|c|★gobosox|DED
|c|★gobosox|DED
|c|★gobosox|DED
|c|★gobosox|DED
|c|★gobosox|DED
|c|★gobosox|DED
|c|★gobosox|DED
|c|★gobosox|DED
|
|move|p2a: Aromatisse|Protect|p2a: Aromatisse
|-fail|p2a: Aromatisse
|move|p1a: Swampert|Waterfall|p2a: Aromatisse
|-damage|p2a: Aromatisse|0 fnt
|faint|p2a: Aromatisse
|
|-weather|RainDance|[upkeep]
|
|switch|p2a: Kyurem|Kyurem|287\/441
|-ability|p2a: Kyurem|Pressure
|turn|20
|c|★no nazi kek|fuck zarel
|
|move|p1a: Swampert|Earthquake|p2a: Kyurem
|-damage|p2a: Kyurem|40\/441
|move|p2a: Kyurem|Draco Meteor|p1a: Swampert
|-damage|p1a: Swampert|0 fnt
|-unboost|p2a: Kyurem|spa|2
|-damage|p2a: Kyurem|0 fnt|[from] item: Life Orb
|faint|p1a: Swampert
|faint|p2a: Kyurem
|
|win|no nazi kek
|c|★no nazi kek|KEK
|c|★no nazi kek|KEKKEKEKE
|c|★no nazi kek|BALK
|c|★no nazi kek|KEKEKKE
|c| Armored Skarmory|lloll
|c|★no nazi kek|KEK
|c|★gobosox|NO
|c|★gobosox|NO
|c| Armored Skarmory|illuminati confirmed
|c|★gobosox|NO
|c|★gobosox|NO
|c|★gobosox|NO
|c|★gobosox|NO
|c|★gobosox|NO
|c| Armored Skarmory|illuminati confirmed
|c|★gobosox|NO
|c|★gobosox|NO
|leave|newfren
|c|★gobosox|NO
|c| Armored Skarmory|illuminati confirmed
|c|★gobosox|NO
|c|★gobosox|NO
|c|★gobosox|NO
|c|★gobosox|NO
|c|★gobosox|NO
|c|★gobosox|NO
|c|★gobosox|NO
|c|★gobosox|NO
|c|★gobosox|NO