|join|Zhaf
|join|gobosox
|join|ANGER MANAGEMENT
|join|Shit user
|player|p1|Zhaf|69
|player|p2|gobosox|#cpgtan
|gametype|singles
|gen|6
|tier|UU
|rule|Sleep Clause Mod: Limit one foe put to sleep
|rule|Species Clause: Limit one of each Pokémon
|rule|OHKO Clause: OHKO moves are banned
|rule|Moody Clause: Moody is banned
|rule|Evasion Moves Clause: Evasion moves are banned
|rule|Endless Battle Clause: Forcing endless battles is banned
|rule|HP Percentage Mod: HP is shown in percentages
|clearpoke
|poke|p1|Toxicroak, M
|poke|p1|Tangrowth, M
|poke|p1|Darmanitan, M
|poke|p1|Aerodactyl, F
|poke|p1|Empoleon, F
|poke|p1|Raikou
|poke|p2|Eelektross, F
|poke|p2|Jirachi
|poke|p2|Aerodactyl, M
|poke|p2|Krookodile, F
|poke|p2|Alomomola, F
|poke|p2|Whimsicott, F
|rule|Swagger Clause: Swagger is banned
|rule|Baton Pass Clause: Limit one Pokémon knowing Baton Pass
|teampreview
|c|★Zhaf|Gl Hf man
|join|Kushalos
|join|SmashBrosBrawl
|c|★gobosox|same
|c| Shit user|n_n
|
|start
|switch|p1a: Vinesauce|Tangrowth, M|404\/404
|switch|p2a: Aerodactyl|Aerodactyl, M|309\/309
|turn|1
|join|LessThanThreeMan
|join|pif
|
|detailschange|p2a: Aerodactyl|Aerodactyl-Mega, M
|-mega|p2a: Aerodactyl|Aerodactyl|Aerodactylite
|move|p2a: Aerodactyl|Stealth Rock|p1a: Vinesauce
|-sidestart|p1: Zhaf|move: Stealth Rock
|move|p1a: Vinesauce|Giga Drain|p2a: Aerodactyl
|-damage|p2a: Aerodactyl|215\/309
|
|turn|2
|c| LessThanThreeMan|gobo that isn't rain
|c| LessThanThreeMan|!!
|c| Shit user|lol its not the real gobo
|c|+SmashBrosBrawl|rain dance alom
|c| pif|getting bodied by tangrowth
|c|+SmashBrosBrawl|thunder eel
|c| Shit user|who is this fag imposter
|c|+SmashBrosBrawl|pif how do you beat
|
|switch|p2a: Eelektross|Eelektross, F|374\/374
|move|p1a: Vinesauce|Sleep Powder|p2a: Eelektross
|-status|p2a: Eelektross|slp
|
|turn|3
|c|+SmashBrosBrawl|rock slide tang
|c|+SmashBrosBrawl|!_!
|c| pif|um
|c| pif|uh
|c|+SmashBrosBrawl|!_!
|c| pif|oh right
|c| Shit user|xd
|c|+SmashBrosBrawl|xd
|c| pif|overheat granbull
|
|switch|p2a: Whimsicott|Whimsicott, F|261\/261
|move|p1a: Vinesauce|Knock Off|p2a: Whimsicott
|-resisted|p2a: Whimsicott
|-damage|p2a: Whimsicott|220\/261
|-enditem|p2a: Whimsicott|Leftovers|[from] move: Knock Off|[of] p1a: Vinesauce
|
|turn|4
|c|+SmashBrosBrawl|n
|join|itsmymaine
|c|+SmashBrosBrawl|occa berry
|c| pif|o
|join|ManOfMany23
|c| pif|sunny day over heat granbull
|c|+SmashBrosBrawl|o
|c|+SmashBrosBrawl|innovation
|c| pif|:]
|
|move|p2a: Whimsicott|Moonblast|p1a: Vinesauce
|-damage|p1a: Vinesauce|215\/404
|-unboost|p1a: Vinesauce|spa|1
|move|p1a: Vinesauce|Hidden Power|p2a: Whimsicott
|-supereffective|p2a: Whimsicott
|-damage|p2a: Whimsicott|128\/261
|
|turn|5
|c|+SmashBrosBrawl|pif
|c|+SmashBrosBrawl|are you ou god
|c|+SmashBrosBrawl|the one that will break the staleness
|c| pif|ou is bad
|
|switch|p1a: Sir Rowland|Empoleon, F|372\/372
|-damage|p1a: Sir Rowland|349\/372|[from] Stealth Rock
|move|p2a: Whimsicott|Moonblast|p1a: Sir Rowland
|-resisted|p1a: Sir Rowland
|-damage|p1a: Sir Rowland|310\/372
|-unboost|p1a: Sir Rowland|spa|1
|
|-heal|p1a: Sir Rowland|333\/372|[from] item: Leftovers
|turn|6
|c| pif|dont think i played it since gen4
|c|+SmashBrosBrawl|>not defiant
|c|★Zhaf|Obv
|c|★gobosox|rip
|c|+SmashBrosBrawl|defiant sd empy
|c|★gobosox|i need elektross
|c|+SmashBrosBrawl|would win right here
|c| pif|i did make rain stalls in gen5
|c| pif|that was fun
|
|switch|p2a: Eelektross|Eelektross, F|374\/374 slp
|move|p1a: Sir Rowland|Scald|p2a: Eelektross
|-damage|p2a: Eelektross|290\/374 slp
|
|-heal|p1a: Sir Rowland|356\/372|[from] item: Leftovers
|-heal|p2a: Eelektross|313\/374 slp|[from] item: Leftovers
|turn|7
|join|Alldaalts
|c| pif|is eelektross a good uu pokemon
|c|+SmashBrosBrawl|n
|c|★gobosox|idk
|
|move|p1a: Sir Rowland|Defog|p2a: Eelektross
|-unboost|p2a: Eelektross|evasion|1
|-sideend|p1: Zhaf|Stealth Rock|[from] move: Defog|[of] p1a: Sir Rowland
|cant|p2a: Eelektross|slp
|
|-heal|p1a: Sir Rowland|372\/372|[from] item: Leftovers
|-heal|p2a: Eelektross|336\/374 slp|[from] item: Leftovers
|turn|8
|c| pif|it gets fire moves
|c| pif|what if raikou got flamethrower
|c|+SmashBrosBrawl|then it would be uber
|leave|ManOfMany23
|
|switch|p1a: Mah Liger|Raikou|321\/321
|-ability|p1a: Mah Liger|Pressure
|cant|p2a: Eelektross|slp
|
|-heal|p2a: Eelektross|359\/374 slp|[from] item: Leftovers
|turn|9
|c| pif|what if it got close combat
|
|move|p1a: Mah Liger|Substitute|p1a: Mah Liger
|-start|p1a: Mah Liger|Substitute
|-damage|p1a: Mah Liger|241\/321
|cant|p2a: Eelektross|slp
|
|-heal|p1a: Mah Liger|261\/321|[from] item: Leftovers
|-heal|p2a: Eelektross|374\/374 slp|[from] item: Leftovers
|turn|10
|join|ManOfMany23
|c|+SmashBrosBrawl|Anything Goes
|c| ManOfMany23|too bad, I like eel
|
|move|p1a: Mah Liger|Calm Mind|p1a: Mah Liger
|-boost|p1a: Mah Liger|spa|1
|-boost|p1a: Mah Liger|spd|1
|-curestatus|p2a: Eelektross|slp
|move|p2a: Eelektross|Super Fang|p1a: Mah Liger
|-end|p1a: Mah Liger|Substitute
|
|-heal|p1a: Mah Liger|281\/321|[from] item: Leftovers
|turn|11
|c| pif|innovation
|c|★Zhaf|That eel is lazy af tho..
|
|move|p1a: Mah Liger|Substitute|p1a: Mah Liger
|-start|p1a: Mah Liger|Substitute
|-damage|p1a: Mah Liger|201\/321
|move|p2a: Eelektross|Super Fang|p1a: Mah Liger
|-end|p1a: Mah Liger|Substitute
|
|-heal|p1a: Mah Liger|221\/321|[from] item: Leftovers
|turn|12
|c| pif|do vaginas look like eelektross' mouth
|c|+SmashBrosBrawl|no
|c| pif|thats really scary stuff
|c|+SmashBrosBrawl|that would be creepy
|join|UM1Dtv
|c| pif|o
|c|+SmashBrosBrawl|they look like a cave
|
|switch|p1a: Vinesauce|Tangrowth, M|349\/404
|move|p2a: Eelektross|Volt Switch|p1a: Vinesauce
|-resisted|p1a: Vinesauce
|-damage|p1a: Vinesauce|247\/404
|join|Snowballin
|c| pif|women are terrifying
|
|switch|p2a: Whimsicott|Whimsicott, F|128\/261
|
|turn|13
|join|newfren
|c| ManOfMany23|how did eel not lose health? I'm confused
|
|move|p2a: Whimsicott|U-turn|p1a: Vinesauce
|-crit|p1a: Vinesauce
|-supereffective|p1a: Vinesauce
|-damage|p1a: Vinesauce|177\/404
|-damage|p2a: Whimsicott|85\/261|[from] item: Rocky Helmet|[of] p1a: Vinesauce
|c| newfren|it has magic guard
|c|★Zhaf|Not contact move.
|
|switch|p2a: Eelektross|Eelektross, F|374\/374
|move|p1a: Vinesauce|Hidden Power|p2a: Eelektross
|-damage|p2a: Eelektross|308\/374
|
|-heal|p2a: Eelektross|331\/374|[from] item: Leftovers
|turn|14
|
|switch|p1a: Raw Raw|Darmanitan, M|351\/351
|move|p2a: Eelektross|Flamethrower|p1a: Raw Raw
|-resisted|p1a: Raw Raw
|-damage|p1a: Raw Raw|270\/351
|
|-heal|p2a: Eelektross|354\/374|[from] item: Leftovers
|turn|15
|join|KaiT12
|
|switch|p2a: Alomomola|Alomomola, F|533\/533
|move|p1a: Raw Raw|U-turn|p2a: Alomomola
|-damage|p2a: Alomomola|465\/533
|-damage|p1a: Raw Raw|212\/351|[from] item: Rocky Helmet|[of] p2a: Alomomola
|
|switch|p1a: Yorick|Toxicroak, M|307\/307
|
|turn|16
|
|switch|p2a: Krookodile|Krookodile, F|354\/354
|move|p1a: Yorick|Swords Dance|p1a: Yorick
|-boost|p1a: Yorick|atk|2
|
|turn|17
|leave|Alldaalts
|c|+SmashBrosBrawl|gobo
|c|+SmashBrosBrawl|pursuit
|c|+SmashBrosBrawl|right here
|c|★Zhaf|Agh
|c| newfren|sucker probably kills
|c| newfren|dw
|c| Shit user|hi newfren
|c| Shit user|can u be billtodamax pls
|c| pif|hi newfren
|c| newfren|n
|c| Shit user|pls
|c| Shit user|pls
|c| newfren|have you been talking to
|c| Shit user|pls
|c| LessThanThreeMan|reveal vacuum wave imo
|c| newfren|ah yueah
|c| Shit user|n
|c| Shit user|billtodamax is better
|c| newfren|don't lie to me
|c| pif|shuca berry drain punch wins here
|c| pif|by the way
|
|switch|p2a: Eelektross|Eelektross, F|354\/374
|move|p1a: Yorick|Drain Punch|p2a: Eelektross
|-damage|p2a: Eelektross|30\/374
|
|-heal|p2a: Eelektross|53\/374|[from] item: Leftovers
|turn|18
|c| Shit user|i would never lie to you i love you how dare u accuse me of lying to you
|c|★Zhaf|Why..
|c| pif|he was shuca
|c| newfren|toxicroak the krook counter
|c| LessThanThreeMan|not afraid
|c| Shit user|e
|c| Shit user|b
|c|+SmashBrosBrawl|thats sash
|c| Shit user|i
|c| Shit user|c
|c|★gobosox|why didnt you switch to aero
|c|★gobosox|fuckkkk
|c| Shit user|LOL
|leave|KaiT12
|
|switch|p2a: Alomomola|Alomomola, F|533\/533
|move|p1a: Yorick|Sucker Punch|p2a: Alomomola
|-fail|p2a: Alomomola
|
|turn|19
|c| Shit user|in all fairness lol
|c| Shit user|hes right
|c| newfren|ah yes
|c| Shit user|youre playing
|c| Shit user|badly
|c| ANGER MANAGEMENT|eh
|c| newfren|this isn't set up fodder
|c| pif|lol
|c|★gobosox|who me or him
|c| pif|sucker punch
|
|move|p1a: Yorick|Swords Dance|p1a: Yorick
|-boost|p1a: Yorick|atk|2
|move|p2a: Alomomola|Wish|p2a: Alomomola
|
|turn|20
|c| ANGER MANAGEMENT|gobo wtf are you doing
|c| Shit user|you have a million krook switches
|c| Shit user|and gobo is stupid
|c| pif|whats going on
|join|Frontie Ace3.0
|c| Shit user|he sucker punched the eel...
|c| Shit user|like why
|c|★gobosox|why was that stupid lol
|
|switch|p2a: Aerodactyl|Aerodactyl-Mega, M|215\/309
|move|p1a: Yorick|Swords Dance|p1a: Yorick
|-boost|p1a: Yorick|atk|2
|
|-heal|p2a: Aerodactyl|309\/309|[from] move: Wish|[wisher] Alomomola
|turn|21
|c|★gobosox|he has one or two krook switches
|c| Shit user|,,,,
|c| pif|sd again
|c| ANGER MANAGEMENT|you should have just sacced the eel
|c| pif|get to +5
|c| Shit user|0 REASON TO GREED
|c| ANGER MANAGEMENT|and revenged w\/ krook
|c| pif|x5*
|c| Shit user|HE STILL GREEDS
|c| Shit user|oml
|c|★gobosox|i need eel
|c|★Zhaf|Eel has 180 speed amrite. And priority.
|c| Shit user|no prio
|c| Shit user|and slow as hell
|c|★Zhaf|Espeed eel is a thing shit..
|c| ManOfMany23|game over
|c| Shit user|yes and sucker punch out prios espeed ecks dee
|
|move|p1a: Yorick|Sucker Punch|p2a: Aerodactyl
|-damage|p2a: Aerodactyl|0 fnt
|faint|p2a: Aerodactyl
|
|c| ManOfMany23|unless scarfed krook
|
|switch|p2a: Krookodile|Krookodile, F|354\/354
|turn|22
|c| newfren|sucker might kill?
|c| ManOfMany23|not at all
|c|★Zhaf|Tru, y am i so garb.
|c| Shit user|no it wont
|c| Shit user|he should switch out
|c| ManOfMany23|sucker is 60-70%
|c| newfren|at +6
|
|move|p2a: Krookodile|Earthquake|p1a: Yorick
|-supereffective|p1a: Yorick
|-enditem|p1a: Yorick|Focus Sash
|-damage|p1a: Yorick|1\/307
|move|p1a: Yorick|Drain Punch|p2a: Krookodile
|-crit|p2a: Krookodile
|-supereffective|p2a: Krookodile
|-damage|p2a: Krookodile|0 fnt
|-heal|p1a: Yorick|178\/307|[from] drain|[of] p2a: Krookodile
|faint|p2a: Krookodile
|
|c| newfren|o wow
|c| Shit user|sash
|c| Shit user|t
|c| Shit user|o
|c| newfren|doesn't matter
|c| Shit user|c
|c| Shit user|oh
|c| Shit user|my
|c| pif|nice shuca
|c| Shit user|lord
|c|★gobosox|....................
|c| Shit user|LOL
|c| ManOfMany23|\O\/
|c| LessThanThreeMan|he showed not life orb
|c| LessThanThreeMan|:^]
|c| Shit user|i assumed like
|c| Shit user|lefties
|c| Shit user|or some shit
|c| newfren|you have
|c| Shit user|sludge*
|c| newfren|so many counters now
|c| newfren|gobo
|c| ManOfMany23|this is why u set hazards
|c| Shit user|u tell him
|c| Shit user|man
|c| LessThanThreeMan|this is why you don't play with threats
|c| ManOfMany23|no
|leave|Frontie Ace3.0
|c| Shit user|lessthanthreeman he p much lost anyway to sash croak
|c| Shit user|unless hes like
|
|switch|p2a: Jirachi|Jirachi|404\/404
|turn|23
|join|willwolf
|leave|UM1Dtv
|c| Shit user|offesnive whims
|c| newfren|tricking
|c| ManOfMany23|although why didn't you switch to whimsicott?
|c| newfren|here
|c| LessThanThreeMan|I mean eq when it was +2
|join|Volbeatdown
|c| Shit user|yeah ofc
|c| newfren|wait he's probs not scarf
|c| LessThanThreeMan|and revenge with whim?
|c| ManOfMany23|doesn't it outspeed?
|c| pif|use trick
|leave|Volbeatdown
|c| pif|use trick
|leave|willwolf
|c| Shit user|he gets back to the same amount of hp
|c| pif|use trick
|c| LessThanThreeMan|oh ehh idk if whim can kill
|c| Shit user|and if whims cant k o from 58
|c| ANGER MANAGEMENT|someone timer
|c| newfren|use sr
|c| ManOfMany23|oh I forgot moonblast isn't SE
|c| newfren|get those hazards up
|
|move|p1a: Yorick|Sucker Punch|p2a: Jirachi
|-fail|p2a: Jirachi
|move|p2a: Jirachi|Substitute|p2a: Jirachi
|-start|p2a: Jirachi|Substitute
|-damage|p2a: Jirachi|303\/404
|
|-heal|p2a: Jirachi|328\/404|[from] item: Leftovers
|turn|24
|c| LessThanThreeMan|yeah but he wouldn't be +6 and would have an aero still lol
|c| Shit user|e
|c| Shit user|b
|c| Shit user|i
|c| LessThanThreeMan|o
|c| pif|rofl
|c| Shit user|c
|c| LessThanThreeMan|counter
|c| LessThanThreeMan|inc
|c| pif|check
|c| Shit user|sucker here
|c| pif|mate
|
|move|p1a: Yorick|Sucker Punch|p2a: Jirachi
|-supereffective|p2a: Jirachi
|-end|p2a: Jirachi|Substitute
|move|p2a: Jirachi|Body Slam|p1a: Yorick
|-damage|p1a: Yorick|59\/307
|-status|p1a: Yorick|par
|
|-heal|p2a: Jirachi|353\/404|[from] item: Leftovers
|turn|25
|c| pif|cm on sucker
|c| newfren|pif confirmed chess god
|c| pif|i am chess expert
|c| LessThanThreeMan|oh not
|c| LessThanThreeMan|sub cm
|
|move|p2a: Jirachi|Substitute|p2a: Jirachi
|-start|p2a: Jirachi|Substitute
|-damage|p2a: Jirachi|252\/404
|cant|p1a: Yorick|par
|
|-heal|p2a: Jirachi|277\/404|[from] item: Leftovers
|turn|26
|c| pif|rating 2k
|c| Shit user|XD
|c| LessThanThreeMan|ez
|c| ManOfMany23|switch to tangrowth
|c| pif|except not really
|c| Shit user|why r u not sub toxic u rek this nerd
|join|UM1Dtv
|c| newfren|gobo this is the most cancer set
|c| pif|keep toxicroak
|
|move|p1a: Yorick|Sucker Punch|p2a: Jirachi
|-supereffective|p2a: Jirachi
|-end|p2a: Jirachi|Substitute
|move|p2a: Jirachi|Body Slam|p1a: Yorick
|-damage|p1a: Yorick|0 fnt
|faint|p1a: Yorick
|
|-heal|p2a: Jirachi|302\/404|[from] item: Leftovers
|join|futurefusion
|c| pif|counters alo
|c| newfren|I've ever seen
|c| ManOfMany23|and this is why thunder-wave is overpowered
|c| pif|>thunderwave
|join|Over Under Used
|c| pif|The opposing Jirachi used Body Slam!
|c| pif|The opposing Jirachi used Body Slam!
|c| pif|The opposing Jirachi used Body Slam!
|c| pif|The opposing Jirachi used Body Slam!
|c| ManOfMany23|the lower speed is enough, it doesn't also need 25% chance of full paralysis
|
|switch|p1a: Mah Liger|Raikou|221\/321
|-ability|p1a: Mah Liger|Pressure
|turn|27
|c| pif|i think a body slam from jirachi would be cute and fuzzy
|c| LessThanThreeMan|so if body slam paras
|
|move|p1a: Mah Liger|Thunderbolt|p2a: Jirachi
|-damage|p2a: Jirachi|160\/404
|move|p2a: Jirachi|Toxic|p1a: Mah Liger
|-status|p1a: Mah Liger|tox
|
|-heal|p1a: Mah Liger|241\/321 tox|[from] item: Leftovers
|-heal|p2a: Jirachi|185\/404|[from] item: Leftovers
|-damage|p1a: Mah Liger|221\/321 tox|[from] psn
|turn|28
|c| LessThanThreeMan|does it have like
|c| LessThanThreeMan|a 30
|c| LessThanThreeMan|%
|c|★Zhaf|Enough to para you.
|c| LessThanThreeMan|chance to breaks it's spine?
|c| LessThanThreeMan|:^]
|c| pif|ouch
|c| ManOfMany23|jirachi doesn't look too fuzzy, try a body slam from teddiursa
|c| newfren|sub tox body slam
|c| newfren|what the fuk
|c| LessThanThreeMan|it's p brutal
|c| newfren|is this set
|c| Over Under Used|60% chance to para
|
|switch|p2a: Whimsicott|Whimsicott, F|85\/261
|move|p1a: Mah Liger|Thunderbolt|p2a: Whimsicott
|-resisted|p2a: Whimsicott
|-damage|p2a: Whimsicott|0 fnt
|faint|p2a: Whimsicott
|
|-heal|p1a: Mah Liger|241\/321 tox|[from] item: Leftovers
|-damage|p1a: Mah Liger|201\/321 tox|[from] psn
|c| pif|gobosox innovator
|c| pif|wow whimisi is shit
|c| newfren|3 much innovation 5 me
|c| ManOfMany23|if body slam paras, then toxic can't
|
|switch|p2a: Alomomola|Alomomola, F|533\/533
|turn|29
|c| ManOfMany23|veby rad
|
|switch|p1a: Vinesauce|Tangrowth, M|311\/404
|move|p2a: Alomomola|Wish|p2a: Alomomola
|
|turn|30
|
|switch|p2a: Eelektross|Eelektross, F|53\/374
|move|p1a: Vinesauce|Knock Off|p2a: Eelektross
|-damage|p2a: Eelektross|0 fnt
|-enditem|p2a: Eelektross|Leftovers|[from] move: Knock Off|[of] p1a: Vinesauce
|faint|p2a: Eelektross
|
|
|switch|p2a: Jirachi|Jirachi|185\/404
|turn|31
|
|switch|p1a: Sir Rowland|Empoleon, F|372\/372
|move|p2a: Jirachi|Toxic|p1a: Sir Rowland
|-fail|p1a: Sir Rowland
|
|-heal|p2a: Jirachi|210\/404|[from] item: Leftovers
|turn|32
|
|move|p2a: Jirachi|Body Slam|p1a: Sir Rowland
|-resisted|p1a: Sir Rowland
|-damage|p1a: Sir Rowland|328\/372
|-status|p1a: Sir Rowland|par
|move|p1a: Sir Rowland|Scald|p2a: Jirachi
|-damage|p2a: Jirachi|102\/404
|-status|p2a: Jirachi|brn
|
|-heal|p2a: Jirachi|127\/404 brn|[from] item: Leftovers
|-heal|p1a: Sir Rowland|351\/372 par|[from] item: Leftovers
|-damage|p2a: Jirachi|77\/404 brn|[from] brn
|turn|33
|join|OsamaBinBallin
|c|★gobosox|gg
|-message|gobosox forfeited.
|c|★Zhaf|gg
|leave|OsamaBinBallin
|leave|ANGER MANAGEMENT
|leave|gobosox
|
|win|Zhaf
|leave|newfren
|player|p2
|leave|LessThanThreeMan
|leave|Over Under Used
|leave|UM1Dtv