|join|Slurpuffite
|join|d-nice93
|player|p1|Slurpuffite|266
|player|p2|d-nice93|209
|gametype|singles
|gen|6
|tier|UU
|rated
|rule|Sleep Clause Mod: Limit one foe put to sleep
|rule|Species Clause: Limit one of each Pokémon
|rule|OHKO Clause: OHKO moves are banned
|rule|Moody Clause: Moody is banned
|rule|Evasion Moves Clause: Evasion moves are banned
|rule|Endless Battle Clause: Forcing endless battles is banned
|rule|HP Percentage Mod: HP is shown in percentages
|clearpoke
|poke|p1|Sharpedo, F
|poke|p1|Shaymin
|poke|p1|Rotom-Heat
|poke|p1|Krookodile, M
|poke|p1|Nidoking, M
|poke|p1|Jirachi
|poke|p2|Blastoise, M, shiny
|poke|p2|Zygarde
|poke|p2|Aromatisse, F
|poke|p2|Porygon2
|poke|p2|Azelf
|poke|p2|Rotom-Heat
|rule|Swagger Clause: Swagger is banned
|rule|Baton Pass Clause: Limit one Pokémon knowing Baton Pass
|teampreview
|
|start
|switch|p1a: Jirachi|Jirachi|341\/341
|switch|p2a: Azelf|Azelf|291\/291
|turn|1
|
|move|p1a: Jirachi|U-turn|p2a: Azelf
|-supereffective|p2a: Azelf
|-damage|p2a: Azelf|115\/291
|
|switch|p1a: Krookodile|Krookodile, M|394\/394
|-ability|p1a: Krookodile|Intimidate|[of] p2a: Azelf
|-unboost|p2a: Azelf|atk|1
|move|p2a: Azelf|Stealth Rock|p1a: Krookodile
|-sidestart|p1: Slurpuffite|move: Stealth Rock
|
|turn|2
|
|move|p2a: Azelf|Explosion|p1a: Krookodile
|-damage|p1a: Krookodile|242\/394
|faint|p2a: Azelf
|move|p1a: Krookodile|Stealth Rock|p2: Azelf
|-sidestart|p2: d-nice93|move: Stealth Rock
|
|-heal|p1a: Krookodile|266\/394|[from] item: Leftovers
|
|switch|p2a: Blastoise|Blastoise, M, shiny|358\/358
|-damage|p2a: Blastoise|314\/358|[from] Stealth Rock
|turn|3
|
|detailschange|p2a: Blastoise|Blastoise-Mega, M, shiny
|message|Blastoise has Mega Evolved into Mega Blastoise!
|move|p1a: Krookodile|Protect|p1a: Krookodile
|-singleturn|p1a: Krookodile|Protect
|move|p2a: Blastoise|Rapid Spin|p1a: Krookodile
|-activate|p1a: Krookodile|Protect
|
|-heal|p1a: Krookodile|290\/394|[from] item: Leftovers
|turn|4
|
|switch|p1a: Shaymin|Shaymin|403\/403
|-damage|p1a: Shaymin|353\/403|[from] Stealth Rock
|move|p2a: Blastoise|Aura Sphere|p1a: Shaymin
|-damage|p1a: Shaymin|188\/403
|
|-heal|p1a: Shaymin|213\/403|[from] item: Leftovers
|turn|5
|
|switch|p2a: Porygon2|Porygon2|373\/373
|-damage|p2a: Porygon2|327\/373|[from] Stealth Rock
|-boost|p2a: Porygon2|atk|1|[from] ability: Download
|move|p1a: Shaymin|Seed Flare|p2a: Porygon2
|-damage|p2a: Porygon2|225\/373
|-unboost|p2a: Porygon2|spd|2
|
|-heal|p1a: Shaymin|238\/403|[from] item: Leftovers
|turn|6
|
|move|p1a: Shaymin|Seed Flare|p2a: Porygon2
|-damage|p2a: Porygon2|29\/373
|move|p2a: Porygon2|Ice Beam|p1a: Shaymin
|-supereffective|p1a: Shaymin
|-damage|p1a: Shaymin|102\/403
|-status|p1a: Shaymin|frz
|
|-heal|p1a: Shaymin|127\/403 frz|[from] item: Leftovers
|turn|7
|
|switch|p1a: Jirachi|Jirachi|341\/341
|-damage|p1a: Jirachi|320\/341|[from] Stealth Rock
|move|p2a: Porygon2|Recover|p2a: Porygon2
|-heal|p2a: Porygon2|216\/373
|
|turn|8
|
|switch|p2a: Blastoise|Blastoise-Mega, M, shiny|314\/358
|-damage|p2a: Blastoise|270\/358|[from] Stealth Rock
|move|p1a: Jirachi|U-turn|p2a: Blastoise
|-damage|p2a: Blastoise|209\/358
|
|switch|p1a: Shaymin|Shaymin|127\/403
|-damage|p1a: Shaymin|77\/403|[from] Stealth Rock
|
|-heal|p1a: Shaymin|102\/403|[from] item: Leftovers
|turn|9
|
|switch|p2a: Rotom-Heat|Rotom-Heat|241\/241
|-damage|p2a: Rotom-Heat|181\/241|[from] Stealth Rock
|move|p1a: Shaymin|Rest|p1a: Shaymin
|-status|p1a: Shaymin|slp
|-heal|p1a: Shaymin|403\/403 slp|[silent]
|-status|p1a: Shaymin|slp|[from] move: Rest
|
|turn|10
|
|switch|p1a: Rotom-Heat|Rotom-Heat|303\/303
|-damage|p1a: Rotom-Heat|228\/303|[from] Stealth Rock
|move|p2a: Rotom-Heat|Volt Switch|p1a: Rotom-Heat
|-resisted|p1a: Rotom-Heat
|-damage|p1a: Rotom-Heat|190\/303
|
|switch|p2a: Zygarde|Zygarde|387\/387
|-damage|p2a: Zygarde|363\/387|[from] Stealth Rock
|-ability|p2a: Zygarde|Aura Break
|
|-heal|p2a: Zygarde|387\/387|[from] item: Leftovers
|-heal|p1a: Rotom-Heat|208\/303|[from] item: Leftovers
|turn|11
|
|switch|p1a: Shaymin|Shaymin|403\/403
|-damage|p1a: Shaymin|353\/403|[from] Stealth Rock
|move|p2a: Zygarde|Substitute|p2a: Zygarde
|-start|p2a: Zygarde|Substitute
|-damage|p2a: Zygarde|291\/387
|
|-heal|p2a: Zygarde|315\/387|[from] item: Leftovers
|-heal|p1a: Shaymin|378\/403|[from] item: Leftovers
|turn|12
|
|move|p2a: Zygarde|Dragon Dance|p2a: Zygarde
|-boost|p2a: Zygarde|atk|1
|-boost|p2a: Zygarde|spe|1
|move|p1a: Shaymin|Earth Power|p2a: Zygarde
|-end|p2a: Zygarde|Substitute
|
|-heal|p2a: Zygarde|339\/387|[from] item: Leftovers
|-heal|p1a: Shaymin|403\/403|[from] item: Leftovers
|turn|13
|
|move|p2a: Zygarde|Dragon Dance|p2a: Zygarde
|-boost|p2a: Zygarde|atk|1
|-boost|p2a: Zygarde|spe|1
|move|p1a: Shaymin|Seed Flare|p2a: Zygarde
|-damage|p2a: Zygarde|125\/387
|
|-heal|p2a: Zygarde|149\/387|[from] item: Leftovers
|turn|14
|
|move|p2a: Zygarde|Outrage|p1a: Shaymin
|-crit|p1a: Shaymin
|-damage|p1a: Shaymin|0 fnt
|faint|p1a: Shaymin
|
|-heal|p2a: Zygarde|173\/387|[from] item: Leftovers
|
|switch|p1a: Jirachi|Jirachi|320\/341
|-damage|p1a: Jirachi|299\/341|[from] Stealth Rock
|turn|15
|
|move|p2a: Zygarde|Outrage|p1a: Jirachi
|-resisted|p1a: Jirachi
|-damage|p1a: Jirachi|107\/341
|move|p1a: Jirachi|Iron Head|p2a: Zygarde
|-damage|p2a: Zygarde|79\/387
|
|-heal|p2a: Zygarde|103\/387|[from] item: Leftovers
|turn|16
|
|move|p2a: Zygarde|Outrage|p1a: Jirachi
|-resisted|p1a: Jirachi
|-damage|p1a: Jirachi|0 fnt
|faint|p1a: Jirachi
|
|-end|p2a: Zygarde|rampage
|-start|p2a: Zygarde|confusion
|-heal|p2a: Zygarde|127\/387|[from] item: Leftovers
|
|switch|p1a: Krookodile|Krookodile, M|290\/394
|-damage|p1a: Krookodile|266\/394|[from] Stealth Rock
|-ability|p1a: Krookodile|Intimidate|[of] p2a: Zygarde
|-unboost|p2a: Zygarde|atk|1
|turn|17
|
|-activate|p2a: Zygarde|confusion
|move|p2a: Zygarde|Earthquake|p1a: Krookodile
|-damage|p1a: Krookodile|46\/394
|move|p1a: Krookodile|Knock Off|p2a: Zygarde
|-damage|p2a: Zygarde|22\/387
|-enditem|p2a: Zygarde|Leftovers|[from] move: Knock Off|[of] p1a: Krookodile
|
|-heal|p1a: Krookodile|70\/394|[from] item: Leftovers
|turn|18
|
|move|p1a: Krookodile|Protect|p1a: Krookodile
|-singleturn|p1a: Krookodile|Protect
|-activate|p2a: Zygarde|confusion
|move|p2a: Zygarde|Outrage|p1a: Krookodile
|-activate|p1a: Krookodile|Protect
|
|-heal|p1a: Krookodile|94\/394|[from] item: Leftovers
|turn|19
|
|-activate|p2a: Zygarde|confusion
|-damage|p2a: Zygarde|0 fnt|[from] confusion
|faint|p2a: Zygarde
|move|p1a: Krookodile|Earthquake|p2: Zygarde|[notarget]
|-notarget
|
|-heal|p1a: Krookodile|118\/394|[from] item: Leftovers
|
|switch|p2a: Blastoise|Blastoise-Mega, M, shiny|209\/358
|-damage|p2a: Blastoise|165\/358|[from] Stealth Rock
|turn|20
|
|move|p1a: Krookodile|Protect|p1a: Krookodile
|-singleturn|p1a: Krookodile|Protect
|move|p2a: Blastoise|Water Pulse|p1a: Krookodile
|-activate|p1a: Krookodile|Protect
|
|-heal|p1a: Krookodile|142\/394|[from] item: Leftovers
|turn|21
|
|move|p1a: Krookodile|Knock Off|p2a: Blastoise
|-damage|p2a: Blastoise|93\/358
|move|p2a: Blastoise|Water Pulse|p1a: Krookodile
|-supereffective|p1a: Krookodile
|-damage|p1a: Krookodile|0 fnt
|faint|p1a: Krookodile
|
|
|switch|p1a: Sharpedo|Sharpedo, F|281\/281
|-damage|p1a: Sharpedo|246\/281|[from] Stealth Rock
|turn|22
|
|switch|p2a: Aromatisse|Aromatisse, F|406\/406
|-damage|p2a: Aromatisse|356\/406|[from] Stealth Rock
|detailschange|p1a: Sharpedo|Sharpedo-Mega, F
|message|Sharpedo has Mega Evolved into Mega Sharpedo!
|move|p1a: Sharpedo|Crunch|p2a: Aromatisse
|-resisted|p2a: Aromatisse
|-damage|p2a: Aromatisse|253\/406
|
|-heal|p2a: Aromatisse|278\/406|[from] item: Leftovers
|turn|23
|
|switch|p1a: Nidoking|Nidoking, M|304\/304
|-damage|p1a: Nidoking|285\/304|[from] Stealth Rock
|move|p2a: Aromatisse|Wish|p2a: Aromatisse
|
|-heal|p2a: Aromatisse|303\/406|[from] item: Leftovers
|turn|24
|
|switch|p2a: Porygon2|Porygon2|216\/373
|-damage|p2a: Porygon2|170\/373|[from] Stealth Rock
|-boost|p2a: Porygon2|spa|1|[from] ability: Download
|move|p1a: Nidoking|Sludge Wave|p2a: Porygon2
|-damage|p2a: Porygon2|65\/373
|
|-heal|p2a: Porygon2|268\/373|[from] move: Wish|[wisher] Aromatisse
|turn|25
|
|switch|p1a: Rotom-Heat|Rotom-Heat|208\/303
|-damage|p1a: Rotom-Heat|133\/303|[from] Stealth Rock
|move|p2a: Porygon2|Ice Beam|p1a: Rotom-Heat
|-resisted|p1a: Rotom-Heat
|-damage|p1a: Rotom-Heat|93\/303
|
|-heal|p1a: Rotom-Heat|111\/303|[from] item: Leftovers
|turn|26
|
|move|p1a: Rotom-Heat|Will-O-Wisp|p2a: Porygon2
|-status|p2a: Porygon2|brn
|move|p2a: Porygon2|Toxic|p1a: Rotom-Heat
|-status|p1a: Rotom-Heat|tox
|
|-heal|p1a: Rotom-Heat|129\/303 tox|[from] item: Leftovers
|-damage|p1a: Rotom-Heat|111\/303 tox|[from] psn
|-damage|p2a: Porygon2|222\/373 brn|[from] brn
|turn|27
|
|move|p1a: Rotom-Heat|Pain Split|p2a: Porygon2
|-sethp|p2a: Porygon2|166\/373 brn|p1a: Rotom-Heat|166\/303 tox|[from] move: Pain Split
|move|p2a: Porygon2|Recover|p2a: Porygon2
|-heal|p2a: Porygon2|353\/373 brn
|
|-heal|p1a: Rotom-Heat|184\/303 tox|[from] item: Leftovers
|-damage|p1a: Rotom-Heat|148\/303 tox|[from] psn
|-damage|p2a: Porygon2|307\/373 brn|[from] brn
|turn|28
|
|move|p1a: Rotom-Heat|Pain Split|p2a: Porygon2
|-sethp|p2a: Porygon2|227\/373 brn|p1a: Rotom-Heat|227\/303 tox|[from] move: Pain Split
|move|p2a: Porygon2|Recover|p2a: Porygon2
|-heal|p2a: Porygon2|373\/373 brn
|
|-heal|p1a: Rotom-Heat|245\/303 tox|[from] item: Leftovers
|-damage|p1a: Rotom-Heat|191\/303 tox|[from] psn
|-damage|p2a: Porygon2|327\/373 brn|[from] brn
|turn|29
|
|move|p1a: Rotom-Heat|Pain Split|p2a: Porygon2
|-sethp|p2a: Porygon2|259\/373 brn|p1a: Rotom-Heat|259\/303 tox|[from] move: Pain Split
|move|p2a: Porygon2|Discharge|p1a: Rotom-Heat
|-resisted|p1a: Rotom-Heat
|-damage|p1a: Rotom-Heat|223\/303 tox
|
|-heal|p1a: Rotom-Heat|241\/303 tox|[from] item: Leftovers
|-damage|p1a: Rotom-Heat|169\/303 tox|[from] psn
|-damage|p2a: Porygon2|213\/373 brn|[from] brn
|turn|30
|
|move|p1a: Rotom-Heat|Volt Switch|p2a: Porygon2
|-crit|p2a: Porygon2
|-damage|p2a: Porygon2|141\/373 brn
|
|switch|p1a: Sharpedo|Sharpedo-Mega, F|246\/281
|-damage|p1a: Sharpedo|211\/281|[from] Stealth Rock
|move|p2a: Porygon2|Recover|p2a: Porygon2
|-heal|p2a: Porygon2|328\/373 brn
|
|-damage|p2a: Porygon2|282\/373 brn|[from] brn
|turn|31
|
|move|p1a: Sharpedo|Protect|p1a: Sharpedo
|-singleturn|p1a: Sharpedo|Protect
|move|p2a: Porygon2|Discharge|p1a: Sharpedo
|-activate|p1a: Sharpedo|Protect
|
|-damage|p2a: Porygon2|236\/373 brn|[from] brn
|turn|32
|
|switch|p1a: Rotom-Heat|Rotom-Heat|169\/303 tox
|-damage|p1a: Rotom-Heat|94\/303 tox|[from] Stealth Rock
|move|p2a: Porygon2|Recover|p2a: Porygon2
|-heal|p2a: Porygon2|373\/373 brn
|
|-heal|p1a: Rotom-Heat|112\/303 tox|[from] item: Leftovers
|-damage|p1a: Rotom-Heat|94\/303 tox|[from] psn
|-damage|p2a: Porygon2|327\/373 brn|[from] brn
|turn|33
|
|move|p1a: Rotom-Heat|Pain Split|p2a: Porygon2
|-sethp|p2a: Porygon2|210\/373 brn|p1a: Rotom-Heat|210\/303 tox|[from] move: Pain Split
|move|p2a: Porygon2|Recover|p2a: Porygon2
|-heal|p2a: Porygon2|373\/373 brn
|
|-heal|p1a: Rotom-Heat|228\/303 tox|[from] item: Leftovers
|-damage|p1a: Rotom-Heat|192\/303 tox|[from] psn
|-damage|p2a: Porygon2|327\/373 brn|[from] brn
|turn|34
|
|move|p1a: Rotom-Heat|Overheat|p2a: Porygon2
|-damage|p2a: Porygon2|240\/373 brn
|-unboost|p1a: Rotom-Heat|spa|2
|move|p2a: Porygon2|Recover|p2a: Porygon2
|-heal|p2a: Porygon2|373\/373 brn
|
|-heal|p1a: Rotom-Heat|210\/303 tox|[from] item: Leftovers
|-damage|p1a: Rotom-Heat|156\/303 tox|[from] psn
|-damage|p2a: Porygon2|327\/373 brn|[from] brn
|turn|35
|
|move|p1a: Rotom-Heat|Pain Split|p2a: Porygon2
|-sethp|p2a: Porygon2|241\/373 brn|p1a: Rotom-Heat|241\/303 tox|[from] move: Pain Split
|move|p2a: Porygon2|Discharge|p1a: Rotom-Heat
|-resisted|p1a: Rotom-Heat
|-damage|p1a: Rotom-Heat|206\/303 tox
|
|-heal|p1a: Rotom-Heat|224\/303 tox|[from] item: Leftovers
|-damage|p1a: Rotom-Heat|152\/303 tox|[from] psn
|-damage|p2a: Porygon2|195\/373 brn|[from] brn
|turn|36
|
|move|p1a: Rotom-Heat|Volt Switch|p2a: Porygon2
|-damage|p2a: Porygon2|174\/373 brn
|
|switch|p1a: Nidoking|Nidoking, M|285\/304
|-damage|p1a: Nidoking|266\/304|[from] Stealth Rock
|move|p2a: Porygon2|Recover|p2a: Porygon2
|-heal|p2a: Porygon2|361\/373 brn
|
|-damage|p2a: Porygon2|315\/373 brn|[from] brn
|turn|37
|
|switch|p1a: Rotom-Heat|Rotom-Heat|152\/303 tox
|-damage|p1a: Rotom-Heat|77\/303 tox|[from] Stealth Rock
|move|p2a: Porygon2|Ice Beam|p1a: Rotom-Heat
|-resisted|p1a: Rotom-Heat
|-damage|p1a: Rotom-Heat|37\/303 tox
|
|-heal|p1a: Rotom-Heat|55\/303 tox|[from] item: Leftovers
|-damage|p1a: Rotom-Heat|37\/303 tox|[from] psn
|-damage|p2a: Porygon2|269\/373 brn|[from] brn
|turn|38
|
|switch|p2a: Rotom-Heat|Rotom-Heat|181\/241
|-damage|p2a: Rotom-Heat|121\/241|[from] Stealth Rock
|move|p1a: Rotom-Heat|Pain Split|p2a: Rotom-Heat
|-sethp|p2a: Rotom-Heat|79\/241|p1a: Rotom-Heat|79\/303 tox|[from] move: Pain Split
|
|-heal|p1a: Rotom-Heat|97\/303 tox|[from] item: Leftovers
|-damage|p1a: Rotom-Heat|61\/303 tox|[from] psn
|turn|39
|
|switch|p1a: Nidoking|Nidoking, M|266\/304
|-damage|p1a: Nidoking|247\/304|[from] Stealth Rock
|move|p2a: Rotom-Heat|Volt Switch|p1a: Nidoking
|-immune|p1a: Nidoking|[msg]
|
|turn|40
|
|move|p2a: Rotom-Heat|Volt Switch|p1a: Nidoking
|-immune|p1a: Nidoking|[msg]
|move|p1a: Nidoking|Sludge Wave|p2a: Rotom-Heat
|-damage|p2a: Rotom-Heat|0 fnt
|faint|p2a: Rotom-Heat
|
|
|switch|p2a: Porygon2|Porygon2|269\/373 brn
|-damage|p2a: Porygon2|223\/373 brn|[from] Stealth Rock
|-boost|p2a: Porygon2|spa|1|[from] ability: Download
|turn|41
|
|move|p1a: Nidoking|Sludge Wave|p2a: Porygon2
|-damage|p2a: Porygon2|110\/373 brn
|move|p2a: Porygon2|Recover|p2a: Porygon2
|-heal|p2a: Porygon2|297\/373 brn
|
|-damage|p2a: Porygon2|251\/373 brn|[from] brn
|turn|42
|
|switch|p1a: Sharpedo|Sharpedo-Mega, F|211\/281
|-damage|p1a: Sharpedo|176\/281|[from] Stealth Rock
|move|p2a: Porygon2|Recover|p2a: Porygon2
|-heal|p2a: Porygon2|373\/373 brn
|
|-damage|p2a: Porygon2|327\/373 brn|[from] brn
|turn|43
|
|move|p1a: Sharpedo|Protect|p1a: Sharpedo
|-singleturn|p1a: Sharpedo|Protect
|move|p2a: Porygon2|Discharge|p1a: Sharpedo
|-activate|p1a: Sharpedo|Protect
|
|-damage|p2a: Porygon2|281\/373 brn|[from] brn
|turn|44
|
|move|p1a: Sharpedo|Crunch|p2a: Porygon2
|-damage|p2a: Porygon2|100\/373 brn
|move|p2a: Porygon2|Recover|p2a: Porygon2
|-heal|p2a: Porygon2|287\/373 brn
|
|-damage|p2a: Porygon2|241\/373 brn|[from] brn
|turn|45
|
|move|p1a: Sharpedo|Protect|p1a: Sharpedo
|-singleturn|p1a: Sharpedo|Protect
|move|p2a: Porygon2|Discharge|p1a: Sharpedo
|-activate|p1a: Sharpedo|Protect
|
|-damage|p2a: Porygon2|195\/373 brn|[from] brn
|turn|46
|
|switch|p2a: Aromatisse|Aromatisse, F|303\/406
|-damage|p2a: Aromatisse|253\/406|[from] Stealth Rock
|move|p1a: Sharpedo|Crunch|p2a: Aromatisse
|-resisted|p2a: Aromatisse
|-damage|p2a: Aromatisse|136\/406
|
|-heal|p2a: Aromatisse|161\/406|[from] item: Leftovers
|turn|47
|
|move|p1a: Sharpedo|Waterfall|p2a: Aromatisse
|-damage|p2a: Aromatisse|7\/406
|move|p2a: Aromatisse|Wish|p2a: Aromatisse
|
|-heal|p2a: Aromatisse|32\/406|[from] item: Leftovers
|turn|48
|
|move|p2a: Aromatisse|Protect|p2a: Aromatisse
|-singleturn|p2a: Aromatisse|Protect
|move|p1a: Sharpedo|Crunch|p2a: Aromatisse
|-activate|p2a: Aromatisse|Protect
|
|-heal|p2a: Aromatisse|235\/406|[from] move: Wish|[wisher] Aromatisse
|-heal|p2a: Aromatisse|260\/406|[from] item: Leftovers
|turn|49
|
|switch|p1a: Nidoking|Nidoking, M|247\/304
|-damage|p1a: Nidoking|228\/304|[from] Stealth Rock
|move|p2a: Aromatisse|Moonblast|p1a: Nidoking
|-resisted|p1a: Nidoking
|-damage|p1a: Nidoking|162\/304
|
|-heal|p2a: Aromatisse|285\/406|[from] item: Leftovers
|turn|50
|
|move|p2a: Aromatisse|Protect|p2a: Aromatisse
|-singleturn|p2a: Aromatisse|Protect
|move|p1a: Nidoking|Sludge Wave|p2a: Aromatisse
|-activate|p2a: Aromatisse|Protect
|
|-heal|p2a: Aromatisse|310\/406|[from] item: Leftovers
|turn|51
|
|switch|p2a: Blastoise|Blastoise-Mega, M, shiny|93\/358
|-damage|p2a: Blastoise|49\/358|[from] Stealth Rock
|move|p1a: Nidoking|Sludge Wave|p2a: Blastoise
|-damage|p2a: Blastoise|0 fnt
|faint|p2a: Blastoise
|
|
|switch|p2a: Porygon2|Porygon2|195\/373 brn
|-damage|p2a: Porygon2|149\/373 brn|[from] Stealth Rock
|-boost|p2a: Porygon2|spa|1|[from] ability: Download
|turn|52
|
|move|p1a: Nidoking|Sludge Wave|p2a: Porygon2
|-damage|p2a: Porygon2|39\/373 brn
|move|p2a: Porygon2|Recover|p2a: Porygon2
|-heal|p2a: Porygon2|226\/373 brn
|
|-damage|p2a: Porygon2|180\/373 brn|[from] brn
|turn|53
|
|switch|p1a: Rotom-Heat|Rotom-Heat|61\/303 tox
|-damage|p1a: Rotom-Heat|0 fnt|[from] Stealth Rock
|faint|p1a: Rotom-Heat
|move|p2a: Porygon2|Recover|p2a: Porygon2
|-heal|p2a: Porygon2|367\/373 brn
|
|-damage|p2a: Porygon2|321\/373 brn|[from] brn
|
|switch|p1a: Sharpedo|Sharpedo-Mega, F|176\/281
|-damage|p1a: Sharpedo|141\/281|[from] Stealth Rock
|turn|54
|
|move|p1a: Sharpedo|Protect|p1a: Sharpedo
|-singleturn|p1a: Sharpedo|Protect
|move|p2a: Porygon2|Recover|p2a: Porygon2
|-heal|p2a: Porygon2|373\/373 brn
|
|-damage|p2a: Porygon2|327\/373 brn|[from] brn
|turn|55
|
|move|p1a: Sharpedo|Crunch|p2a: Porygon2
|-damage|p2a: Porygon2|140\/373 brn
|-unboost|p2a: Porygon2|def|1
|move|p2a: Porygon2|Discharge|p1a: Sharpedo
|-supereffective|p1a: Sharpedo
|-damage|p1a: Sharpedo|0 fnt
|faint|p1a: Sharpedo
|
|-damage|p2a: Porygon2|94\/373 brn|[from] brn
|
|switch|p1a: Nidoking|Nidoking, M|162\/304
|-damage|p1a: Nidoking|143\/304|[from] Stealth Rock
|turn|56
|
|move|p1a: Nidoking|Sludge Wave|p2a: Porygon2
|-damage|p2a: Porygon2|0 fnt
|faint|p2a: Porygon2
|
|
|switch|p2a: Aromatisse|Aromatisse, F|310\/406
|-damage|p2a: Aromatisse|260\/406|[from] Stealth Rock
|turn|57
|
|move|p1a: Nidoking|Sludge Wave|p2a: Aromatisse
|-crit|p2a: Aromatisse
|-supereffective|p2a: Aromatisse
|-damage|p2a: Aromatisse|0 fnt
|faint|p2a: Aromatisse
|
|win|Slurpuffite
|raw|Ladder updating...
|raw|Slurpuffite's rating: 1598 &rarr; <strong>1609<\/strong><br \/>(+11 for winning)
|raw|d-nice93's rating: 1425 &rarr; <strong>1414<\/strong><br \/>(-11 for losing)
|leave|d-nice93
|player|p2
|leave|Slurpuffite
|player|p1
|join|Slurpuffite
|leave|Slurpuffite
|join|Slurpuffite