|join|Slurpuffite
|join|IcyFireDelta
|player|p1|Slurpuffite|101
|player|p2|IcyFireDelta|2
|gametype|singles
|gen|6
|tier|UU
|rated
|rule|Sleep Clause Mod: Limit one foe put to sleep
|rule|Species Clause: Limit one of each Pokémon
|rule|OHKO Clause: OHKO moves are banned
|rule|Moody Clause: Moody is banned
|rule|Evasion Moves Clause: Evasion moves are banned
|rule|Endless Battle Clause: Forcing endless battles is banned
|rule|HP Percentage Mod: HP is shown in percentages
|clearpoke
|poke|p1|Lopunny, M
|poke|p1|Uxie
|poke|p1|Slurpuff, M
|poke|p1|Krookodile, F
|poke|p1|Nidoking, M
|poke|p1|Jirachi
|poke|p2|Magneton
|poke|p2|Goodra, F
|poke|p2|Alakazam, F
|poke|p2|Hydreigon, M
|poke|p2|Zygarde
|poke|p2|Azelf
|rule|Swagger Clause: Swagger is banned
|rule|Baton Pass Clause: Limit one Pokémon knowing Baton Pass
|teampreview
|
|start
|switch|p1a: Krookodile|Krookodile, F|394\/394
|switch|p2a: Azelf|Azelf|292\/292
|-ability|p1a: Krookodile|Intimidate|[of] p2a: Azelf
|-unboost|p2a: Azelf|atk|1
|turn|1
|
|move|p2a: Azelf|U-turn|p1a: Krookodile
|-supereffective|p1a: Krookodile
|-damage|p1a: Krookodile|310\/394
|
|switch|p2a: Hydreigon|Hydreigon, M|388\/388
|move|p1a: Krookodile|Stealth Rock|p2a: Hydreigon
|-sidestart|p2: IcyFireDelta|move: Stealth Rock
|
|-heal|p1a: Krookodile|334\/394|[from] item: Leftovers
|turn|2
|
|move|p1a: Krookodile|Protect|p1a: Krookodile
|-singleturn|p1a: Krookodile|Protect
|move|p2a: Hydreigon|Thunder Wave|p1a: Krookodile
|-immune|p1a: Krookodile|[msg]
|
|-heal|p1a: Krookodile|358\/394|[from] item: Leftovers
|turn|3
|
|move|p2a: Hydreigon|Substitute|p2a: Hydreigon
|-start|p2a: Hydreigon|Substitute
|-damage|p2a: Hydreigon|291\/388
|move|p1a: Krookodile|Knock Off|p2a: Hydreigon
|-resisted|p2a: Hydreigon
|-activate|p2a: Hydreigon|Substitute|[damage]
|
|-heal|p2a: Hydreigon|315\/388|[from] item: Leftovers
|-heal|p1a: Krookodile|382\/394|[from] item: Leftovers
|turn|4
|
|move|p2a: Hydreigon|Dark Pulse|p1a: Krookodile
|-resisted|p1a: Krookodile
|-damage|p1a: Krookodile|301\/394
|move|p1a: Krookodile|Knock Off|p2a: Hydreigon
|-resisted|p2a: Hydreigon
|-end|p2a: Hydreigon|Substitute
|
|-heal|p2a: Hydreigon|339\/388|[from] item: Leftovers
|-heal|p1a: Krookodile|325\/394|[from] item: Leftovers
|turn|5
|
|switch|p1a: Nidoking|Nidoking, M|304\/304
|move|p2a: Hydreigon|Substitute|p2a: Hydreigon
|-start|p2a: Hydreigon|Substitute
|-damage|p2a: Hydreigon|242\/388
|
|-heal|p2a: Hydreigon|266\/388|[from] item: Leftovers
|turn|6
|
|move|p1a: Nidoking|Ice Beam|p2a: Hydreigon
|-supereffective|p2a: Hydreigon
|-end|p2a: Hydreigon|Substitute
|move|p2a: Hydreigon|Dark Pulse|p1a: Nidoking
|-damage|p1a: Nidoking|168\/304
|
|-heal|p2a: Hydreigon|290\/388|[from] item: Leftovers
|turn|7
|
|switch|p2a: Goodra|Goodra, F|371\/371
|-damage|p2a: Goodra|325\/371|[from] Stealth Rock
|move|p1a: Nidoking|Ice Beam|p2a: Goodra
|-supereffective|p2a: Goodra
|-damage|p2a: Goodra|185\/371
|
|turn|8
|
|switch|p1a: Krookodile|Krookodile, F|325\/394
|-ability|p1a: Krookodile|Intimidate|[of] p2a: Goodra
|-unboost|p2a: Goodra|atk|1
|move|p2a: Goodra|Earthquake|p1a: Krookodile
|-damage|p1a: Krookodile|261\/394
|
|-heal|p1a: Krookodile|285\/394|[from] item: Leftovers
|turn|9
|
|move|p1a: Krookodile|Knock Off|p2a: Goodra
|-damage|p2a: Goodra|0 fnt
|-enditem|p2a: Goodra|Assault Vest|[from] move: Knock Off|[of] p1a: Krookodile
|faint|p2a: Goodra
|
|-heal|p1a: Krookodile|309\/394|[from] item: Leftovers
|
|switch|p2a: Zygarde|Zygarde|420\/420
|-damage|p2a: Zygarde|394\/420|[from] Stealth Rock
|-ability|p2a: Zygarde|Aura Break
|turn|10
|
|switch|p1a: Nidoking|Nidoking, M|168\/304
|move|p2a: Zygarde|Dragon Dance|p2a: Zygarde
|-boost|p2a: Zygarde|atk|1
|-boost|p2a: Zygarde|spe|1
|
|turn|11
|
|switch|p1a: Uxie|Uxie|354\/354
|move|p2a: Zygarde|Earthquake|p1a: Uxie
|-immune|p1a: Uxie|[msg]
|
|turn|12
|
|move|p2a: Zygarde|Dragon Dance|p2a: Zygarde
|-boost|p2a: Zygarde|atk|1
|-boost|p2a: Zygarde|spe|1
|move|p1a: Uxie|Reflect|p1a: Uxie
|-sidestart|p1: Slurpuffite|Reflect
|
|turn|13
|
|move|p2a: Zygarde|Dragon Dance|p2a: Zygarde
|-boost|p2a: Zygarde|atk|1
|-boost|p2a: Zygarde|spe|1
|move|p1a: Uxie|Memento|p2a: Zygarde
|-unboost|p2a: Zygarde|atk|2
|-unboost|p2a: Zygarde|spa|2
|faint|p1a: Uxie
|
|
|switch|p1a: Jirachi|Jirachi|341\/341
|turn|14
|
|move|p2a: Zygarde|Earthquake|p1a: Jirachi
|-supereffective|p1a: Jirachi
|-damage|p1a: Jirachi|76\/341
|move|p1a: Jirachi|Trick|p2a: Zygarde
|-activate|p1a: Jirachi|move: Trick|[of] p2a: Zygarde
|-item|p2a: Zygarde|Choice Scarf|[from] move: Trick
|-item|p1a: Jirachi|Lum Berry|[from] move: Trick
|
|turn|15
|
|move|p2a: Zygarde|Earthquake|p1a: Jirachi
|-crit|p1a: Jirachi
|-supereffective|p1a: Jirachi
|-damage|p1a: Jirachi|0 fnt
|faint|p1a: Jirachi
|
|
|switch|p1a: Krookodile|Krookodile, F|309\/394
|-ability|p1a: Krookodile|Intimidate|[of] p2a: Zygarde
|-unboost|p2a: Zygarde|atk|1
|turn|16
|
|move|p2a: Zygarde|Earthquake|p1a: Krookodile
|-crit|p1a: Krookodile
|-damage|p1a: Krookodile|108\/394
|move|p1a: Krookodile|Earthquake|p2a: Zygarde
|-damage|p2a: Zygarde|276\/420
|
|-heal|p1a: Krookodile|132\/394|[from] item: Leftovers
|turn|17
|
|move|p2a: Zygarde|Earthquake|p1a: Krookodile
|-damage|p1a: Krookodile|58\/394
|move|p1a: Krookodile|Earthquake|p2a: Zygarde
|-damage|p2a: Zygarde|167\/420
|
|-heal|p1a: Krookodile|82\/394|[from] item: Leftovers
|turn|18
|
|move|p1a: Krookodile|Protect|p1a: Krookodile
|-singleturn|p1a: Krookodile|Protect
|move|p2a: Zygarde|Earthquake|p1a: Krookodile
|-activate|p1a: Krookodile|Protect
|
|-heal|p1a: Krookodile|106\/394|[from] item: Leftovers
|turn|19
|
|switch|p2a: Azelf|Azelf|292\/292
|-damage|p2a: Azelf|256\/292|[from] Stealth Rock
|move|p1a: Krookodile|Earthquake|p2a: Azelf
|-immune|p2a: Azelf|[msg]
|
|-heal|p1a: Krookodile|130\/394|[from] item: Leftovers
|-sideend|p1: Slurpuffite|Reflect
|turn|20
|
|move|p1a: Krookodile|Protect|p1a: Krookodile
|-singleturn|p1a: Krookodile|Protect
|move|p2a: Azelf|U-turn|p1a: Krookodile
|-activate|p1a: Krookodile|Protect
|
|-heal|p1a: Krookodile|154\/394|[from] item: Leftovers
|turn|21
|
|move|p2a: Azelf|U-turn|p1a: Krookodile
|-supereffective|p1a: Krookodile
|-damage|p1a: Krookodile|8\/394
|
|switch|p2a: Hydreigon|Hydreigon, M|290\/388
|-damage|p2a: Hydreigon|242\/388|[from] Stealth Rock
|move|p1a: Krookodile|Knock Off|p2a: Hydreigon
|-resisted|p2a: Hydreigon
|-damage|p2a: Hydreigon|194\/388
|-enditem|p2a: Hydreigon|Leftovers|[from] move: Knock Off|[of] p1a: Krookodile
|
|-heal|p1a: Krookodile|32\/394|[from] item: Leftovers
|turn|22
|
|switch|p1a: Lopunny|Lopunny, M|271\/271
|move|p2a: Hydreigon|Roost|p2a: Hydreigon
|-heal|p2a: Hydreigon|388\/388
|
|turn|23
|
|detailschange|p1a: Lopunny|Lopunny-Mega, M
|message|Lopunny has Mega Evolved into Mega Lopunny!
|move|p1a: Lopunny|Encore|p2a: Hydreigon
|-start|p2a: Hydreigon|Encore
|move|p2a: Hydreigon|Roost|p2a: Hydreigon
|-fail|p2a: Hydreigon
|
|turn|24
|
|move|p1a: Lopunny|Return|p2a: Hydreigon
|-damage|p2a: Hydreigon|246\/388
|move|p2a: Hydreigon|Roost|p2a: Hydreigon
|-heal|p2a: Hydreigon|388\/388
|
|turn|25
|
|move|p1a: Lopunny|High Jump Kick|p2a: Hydreigon
|-supereffective|p2a: Hydreigon
|-damage|p2a: Hydreigon|16\/388
|move|p2a: Hydreigon|Roost|p2a: Hydreigon
|-heal|p2a: Hydreigon|210\/388
|
|-end|p2a: Hydreigon|Encore
|turn|26
|
|move|p1a: Lopunny|High Jump Kick|p2a: Hydreigon
|-supereffective|p2a: Hydreigon
|-damage|p2a: Hydreigon|0 fnt
|faint|p2a: Hydreigon
|
|
|switch|p2a: Alakazam|Alakazam, F|252\/252
|turn|27
|
|switch|p1a: Krookodile|Krookodile, F|32\/394
|-ability|p1a: Krookodile|Intimidate|[of] p2a: Alakazam
|-unboost|p2a: Alakazam|atk|1
|move|p2a: Alakazam|Psyshock|p1a: Krookodile
|-immune|p1a: Krookodile|[msg]
|
|-heal|p1a: Krookodile|56\/394|[from] item: Leftovers
|turn|28
|
|move|p1a: Krookodile|Protect|p1a: Krookodile
|-singleturn|p1a: Krookodile|Protect
|move|p2a: Alakazam|Energy Ball|p1a: Krookodile
|-activate|p1a: Krookodile|Protect
|
|-heal|p1a: Krookodile|80\/394|[from] item: Leftovers
|turn|29
|
|switch|p1a: Nidoking|Nidoking, M|168\/304
|move|p2a: Alakazam|Energy Ball|p1a: Nidoking
|-damage|p1a: Nidoking|6\/304
|
|turn|30
|
|move|p2a: Alakazam|Energy Ball|p1a: Nidoking
|-damage|p1a: Nidoking|0 fnt
|faint|p1a: Nidoking
|
|
|switch|p1a: Slurpuff|Slurpuff, M|306\/306
|turn|31
|
|move|p2a: Alakazam|Psyshock|p1a: Slurpuff
|-damage|p1a: Slurpuff|119\/306
|-enditem|p1a: Slurpuff|Sitrus Berry|[eat]
|-heal|p1a: Slurpuff|195\/306|[from] item: Sitrus Berry
|move|p1a: Slurpuff|Frustration|p2a: Alakazam
|-damage|p2a: Alakazam|74\/252
|
|turn|32
|
|move|p1a: Slurpuff|Belly Drum|p1a: Slurpuff
|-damage|p1a: Slurpuff|42\/306
|-setboost|p1a: Slurpuff|atk|6|[from] move: Belly Drum
|move|p2a: Alakazam|Psyshock|p1a: Slurpuff
|-damage|p1a: Slurpuff|0 fnt
|faint|p1a: Slurpuff
|
|
|switch|p1a: Lopunny|Lopunny-Mega, M|271\/271
|turn|33
|
|move|p1a: Lopunny|Return|p2a: Alakazam
|-damage|p2a: Alakazam|0 fnt
|faint|p2a: Alakazam
|
|
|switch|p2a: Azelf|Azelf|256\/292
|-damage|p2a: Azelf|220\/292|[from] Stealth Rock
|turn|34
|
|switch|p1a: Krookodile|Krookodile, F|80\/394
|-ability|p1a: Krookodile|Intimidate|[of] p2a: Azelf
|-unboost|p2a: Azelf|atk|1
|move|p2a: Azelf|Zen Headbutt|p1a: Krookodile
|-immune|p1a: Krookodile|[msg]
|
|-heal|p1a: Krookodile|104\/394|[from] item: Leftovers
|turn|35
|
|switch|p2a: Zygarde|Zygarde|167\/420
|-damage|p2a: Zygarde|141\/420|[from] Stealth Rock
|-ability|p2a: Zygarde|Aura Break
|move|p1a: Krookodile|Earthquake|p2a: Zygarde
|-damage|p2a: Zygarde|35\/420
|
|-heal|p1a: Krookodile|128\/394|[from] item: Leftovers
|turn|36
|
|move|p1a: Krookodile|Protect|p1a: Krookodile
|-singleturn|p1a: Krookodile|Protect
|move|p2a: Zygarde|Outrage|p1a: Krookodile
|-activate|p1a: Krookodile|Protect
|
|-heal|p1a: Krookodile|152\/394|[from] item: Leftovers
|turn|37
|c|★IcyFireDelta|so much stalling. for what dude?
|
|switch|p1a: Lopunny|Lopunny-Mega, M|271\/271
|move|p2a: Zygarde|Outrage|p1a: Lopunny
|-damage|p1a: Lopunny|57\/271
|
|turn|38
|
|switch|p1a: Krookodile|Krookodile, F|152\/394
|-ability|p1a: Krookodile|Intimidate|[of] p2a: Zygarde
|-unboost|p2a: Zygarde|atk|1
|move|p2a: Zygarde|Outrage|p1a: Krookodile
|-crit|p1a: Krookodile
|-damage|p1a: Krookodile|0 fnt
|faint|p1a: Krookodile
|
|c|★Slurpuffite|ah D:
|c|★Slurpuffite|gg
|
|switch|p1a: Lopunny|Lopunny-Mega, M|57\/271
|turn|39
|
|move|p1a: Lopunny|Return|p2a: Zygarde
|-damage|p2a: Zygarde|0 fnt
|faint|p2a: Zygarde
|
|c|★Slurpuffite|D:
|c|★IcyFireDelta|its shits like you that annoy people
|
|switch|p2a: Azelf|Azelf|220\/292
|-damage|p2a: Azelf|184\/292|[from] Stealth Rock
|turn|40
|c|★Slurpuffite|i was faster
|c|★Slurpuffite|gg
|
|move|p2a: Azelf|Ice Punch|p1a: Lopunny
|-damage|p1a: Lopunny|0 fnt
|faint|p1a: Lopunny
|
|win|IcyFireDelta
|raw|Ladder updating...
|raw|Slurpuffite's rating: 1488 &rarr; <strong>1454<\/strong><br \/>(-34 for losing)
|raw|IcyFireDelta's rating: 1207 &rarr; <strong>1249<\/strong><br \/>(+42 for winning)