|join|Slurpuffite
|join|goatsly
|player|p1|Slurpuffite|101
|player|p2|goatsly|93
|gametype|singles
|gen|6
|tier|UU
|rated
|rule|Sleep Clause Mod: Limit one foe put to sleep
|rule|Species Clause: Limit one of each Pokémon
|rule|OHKO Clause: OHKO moves are banned
|rule|Moody Clause: Moody is banned
|rule|Evasion Moves Clause: Evasion moves are banned
|rule|Endless Battle Clause: Forcing endless battles is banned
|rule|HP Percentage Mod: HP is shown in percentages
|clearpoke
|poke|p1|Lopunny, M
|poke|p1|Uxie
|poke|p1|Slurpuff, M
|poke|p1|Krookodile, F
|poke|p1|Nidoking, M
|poke|p1|Jirachi
|poke|p2|Swampert, M
|poke|p2|Scrafty, M, shiny
|poke|p2|Toxicroak, F, shiny
|poke|p2|Cloyster, F
|poke|p2|Infernape, M
|poke|p2|Zygarde
|rule|Swagger Clause: Swagger is banned
|rule|Baton Pass Clause: Limit one Pokémon knowing Baton Pass
|teampreview
|
|start
|switch|p1a: Nidoking|Nidoking, M|304\/304
|switch|p2a: Cloyster|Cloyster, F|241\/241
|turn|1
|
|switch|p1a: Jirachi|Jirachi|341\/341
|move|p2a: Cloyster|Toxic Spikes|p1a: Jirachi
|-sidestart|p1: Slurpuffite|move: Toxic Spikes
|
|turn|2
|
|move|p1a: Jirachi|Trick|p2a: Cloyster
|-activate|p1a: Jirachi|move: Trick|[of] p2a: Cloyster
|-item|p2a: Cloyster|Choice Scarf|[from] move: Trick
|-item|p1a: Jirachi|Focus Sash|[from] move: Trick
|move|p2a: Cloyster|Toxic Spikes|p1a: Jirachi
|-sidestart|p1: Slurpuffite|move: Toxic Spikes
|
|turn|3
|
|switch|p2a: Zygarde|Zygarde|387\/387
|-ability|p2a: Zygarde|Aura Break
|move|p1a: Jirachi|U-turn|p2a: Zygarde
|-damage|p2a: Zygarde|329\/387
|
|switch|p1a: Nidoking|Nidoking, M|304\/304
|-sideend|p1: Slurpuffite|move: Toxic Spikes|[of] p1a: Nidoking
|
|turn|4
|
|move|p1a: Nidoking|Earth Power|p2a: Zygarde
|-damage|p2a: Zygarde|121\/387
|move|p2a: Zygarde|Earthquake|p1a: Nidoking
|-supereffective|p1a: Nidoking
|-damage|p1a: Nidoking|0 fnt
|faint|p1a: Nidoking
|
|
|switch|p1a: Lopunny|Lopunny, M|271\/271
|turn|5
|
|detailschange|p1a: Lopunny|Lopunny-Mega, M
|message|Lopunny has Mega Evolved into Mega Lopunny!
|move|p1a: Lopunny|Return|p2a: Zygarde
|-damage|p2a: Zygarde|0 fnt
|faint|p2a: Zygarde
|
|
|switch|p2a: Cloyster|Cloyster, F|241\/241
|turn|6
|
|move|p1a: Lopunny|High Jump Kick|p2a: Cloyster|[miss]
|-miss|p1a: Lopunny|p2a: Cloyster
|-damage|p1a: Lopunny|136\/271|[from] highjumpkick
|move|p2a: Cloyster|Toxic Spikes|p1a: Lopunny
|-sidestart|p1: Slurpuffite|move: Toxic Spikes
|
|turn|7
|
|move|p1a: Lopunny|High Jump Kick|p2a: Cloyster
|-supereffective|p2a: Cloyster
|-damage|p2a: Cloyster|0 fnt
|faint|p2a: Cloyster
|
|
|switch|p2a: Swampert|Swampert, M|362\/362
|turn|8
|
|move|p1a: Lopunny|High Jump Kick|p2a: Swampert
|-damage|p2a: Swampert|128\/362
|move|p2a: Swampert|Earthquake|p1a: Lopunny
|-damage|p1a: Lopunny|0 fnt
|faint|p1a: Lopunny
|
|
|switch|p1a: Krookodile|Krookodile, F|394\/394
|-status|p1a: Krookodile|psn
|-ability|p1a: Krookodile|Intimidate|[of] p2a: Swampert
|-unboost|p2a: Swampert|atk|1
|turn|9
|
|detailschange|p2a: Swampert|Swampert-Mega, M
|message|Swampert has Mega Evolved into Mega Swampert!
|move|p1a: Krookodile|Stealth Rock|p2a: Swampert
|-sidestart|p2: goatsly|move: Stealth Rock
|move|p2a: Swampert|Waterfall|p1a: Krookodile
|-supereffective|p1a: Krookodile
|-damage|p1a: Krookodile|208\/394 psn
|
|-heal|p1a: Krookodile|232\/394 psn|[from] item: Leftovers
|-damage|p1a: Krookodile|183\/394 psn|[from] psn
|turn|10
|
|move|p1a: Krookodile|Earthquake|p2a: Swampert
|-crit|p2a: Swampert
|-damage|p2a: Swampert|0 fnt
|faint|p2a: Swampert
|
|-heal|p1a: Krookodile|207\/394 psn|[from] item: Leftovers
|-damage|p1a: Krookodile|158\/394 psn|[from] psn
|
|switch|p2a: Infernape|Infernape, M|293\/293
|-damage|p2a: Infernape|257\/293|[from] Stealth Rock
|turn|11
|
|move|p2a: Infernape|Grass Knot|p1a: Krookodile
|-supereffective|p1a: Krookodile
|-damage|p1a: Krookodile|0 fnt
|-damage|p2a: Infernape|228\/293|[from] item: Life Orb
|faint|p1a: Krookodile
|
|
|switch|p1a: Uxie|Uxie|354\/354
|turn|12
|
|move|p2a: Infernape|Fire Blast|p1a: Uxie
|-damage|p1a: Uxie|216\/354
|-damage|p2a: Infernape|199\/293|[from] item: Life Orb
|move|p1a: Uxie|Light Screen|p1a: Uxie
|-sidestart|p1: Slurpuffite|move: Light Screen
|
|turn|13
|
|move|p2a: Infernape|Close Combat|p1a: Uxie
|-resisted|p1a: Uxie
|-damage|p1a: Uxie|120\/354
|-unboost|p2a: Infernape|def|1
|-unboost|p2a: Infernape|spd|1
|-damage|p2a: Infernape|170\/293|[from] item: Life Orb
|move|p1a: Uxie|Reflect|p1a: Uxie
|-sidestart|p1: Slurpuffite|Reflect
|
|turn|14
|
|move|p2a: Infernape|Fire Blast|p1a: Uxie
|-damage|p1a: Uxie|50\/354
|-damage|p2a: Infernape|141\/293|[from] item: Life Orb
|move|p1a: Uxie|Safeguard|p1a: Uxie
|-sidestart|p1: Slurpuffite|Safeguard
|
|turn|15
|
|move|p2a: Infernape|Fire Blast|p1a: Uxie
|-damage|p1a: Uxie|0 fnt
|-damage|p2a: Infernape|112\/293|[from] item: Life Orb
|faint|p1a: Uxie
|
|
|switch|p1a: Slurpuff|Slurpuff, M|306\/306
|turn|16
|
|move|p2a: Infernape|Earthquake|p1a: Slurpuff
|-damage|p1a: Slurpuff|238\/306
|-damage|p2a: Infernape|83\/293|[from] item: Life Orb
|move|p1a: Slurpuff|Belly Drum|p1a: Slurpuff
|-damage|p1a: Slurpuff|85\/306
|-setboost|p1a: Slurpuff|atk|6|[from] move: Belly Drum
|-enditem|p1a: Slurpuff|Sitrus Berry|[eat]
|-heal|p1a: Slurpuff|161\/306|[from] item: Sitrus Berry
|
|turn|17
|
|move|p1a: Slurpuff|Drain Punch|p2a: Infernape
|-damage|p2a: Infernape|0 fnt
|-heal|p1a: Slurpuff|203\/306|[from] drain|[of] p2a: Infernape
|faint|p2a: Infernape
|
|
|switch|p2a: Toxicroak|Toxicroak, F, shiny|307\/307
|-damage|p2a: Toxicroak|288\/307|[from] Stealth Rock
|turn|18
|
|move|p2a: Toxicroak|Sucker Punch|p1a: Slurpuff
|-resisted|p1a: Slurpuff
|-damage|p1a: Slurpuff|179\/306
|move|p1a: Slurpuff|Frustration|p2a: Toxicroak
|-damage|p2a: Toxicroak|0 fnt
|faint|p2a: Toxicroak
|
|-sideend|p1: Slurpuffite|Safeguard
|
|switch|p2a: Scrafty|Scrafty, M, shiny|334\/334
|-damage|p2a: Scrafty|314\/334|[from] Stealth Rock
|turn|19
|
|move|p1a: Slurpuff|Drain Punch|p2a: Scrafty
|-supereffective|p2a: Scrafty
|-damage|p2a: Scrafty|0 fnt
|-heal|p1a: Slurpuff|306\/306|[from] drain|[of] p2a: Scrafty
|faint|p2a: Scrafty
|
|win|Slurpuffite
|raw|Ladder updating...