|join|Slurpuffite
|join|RowDog
|player|p1|Slurpuffite|266
|player|p2|RowDog|80
|gametype|singles
|gen|6
|tier|UU
|rated
|rule|Sleep Clause Mod: Limit one foe put to sleep
|rule|Species Clause: Limit one of each Pokémon
|rule|OHKO Clause: OHKO moves are banned
|rule|Moody Clause: Moody is banned
|rule|Evasion Moves Clause: Evasion moves are banned
|rule|Endless Battle Clause: Forcing endless battles is banned
|rule|HP Percentage Mod: HP is shown in percentages
|clearpoke
|poke|p1|Sharpedo, F
|poke|p1|Shaymin
|poke|p1|Rotom-Heat
|poke|p1|Krookodile, F
|poke|p1|Nidoking, M
|poke|p1|Jirachi
|poke|p2|Sharpedo, M
|poke|p2|Accelgor, F
|poke|p2|Spiritomb, M
|poke|p2|Swampert, F
|poke|p2|Roserade, F
|poke|p2|Jirachi
|rule|Swagger Clause: Swagger is banned
|rule|Baton Pass Clause: Limit one Pokémon knowing Baton Pass
|teampreview
|
|start
|switch|p1a: Krookodile|Krookodile, F|394\/394
|switch|p2a: Bob the Boob|Accelgor, F|364\/364
|-ability|p1a: Krookodile|Intimidate|[of] p2a: Bob the Boob
|-unboost|p2a: Bob the Boob|atk|1
|turn|1
|
|move|p2a: Bob the Boob|Spikes|p1a: Krookodile
|-sidestart|p1: Slurpuffite|Spikes
|move|p1a: Krookodile|Stealth Rock|p2a: Bob the Boob
|-sidestart|p2: RowDog|move: Stealth Rock
|
|turn|2
|
|move|p2a: Bob the Boob|Encore|p1a: Krookodile
|-start|p1a: Krookodile|Encore
|move|p1a: Krookodile|Stealth Rock|p2a: Bob the Boob
|-fail|p2a: Bob the Boob
|
|turn|3
|
|switch|p1a: Rotom-Heat|Rotom-Heat|303\/303
|move|p2a: Bob the Boob|Spikes|p1a: Rotom-Heat
|-sidestart|p1: Slurpuffite|Spikes
|
|turn|4
|
|move|p2a: Bob the Boob|Final Gambit|p1a: Rotom-Heat
|-damage|p1a: Rotom-Heat|0 fnt
|faint|p2a: Bob the Boob
|faint|p1a: Rotom-Heat
|
|
|switch|p2a: Haxy Bob|Jirachi|341\/341
|switch|p1a: Shaymin|Shaymin|403\/403
|-damage|p2a: Haxy Bob|320\/341|[from] Stealth Rock
|-damage|p1a: Shaymin|336\/403|[from] Spikes
|turn|5
|
|move|p2a: Haxy Bob|U-turn|p1a: Shaymin
|-supereffective|p1a: Shaymin
|-damage|p1a: Shaymin|186\/403
|
|switch|p2a: Bob the Bitch|Spiritomb, M|304\/304
|-damage|p2a: Bob the Bitch|266\/304|[from] Stealth Rock
|move|p1a: Shaymin|Rest|p1a: Shaymin
|-status|p1a: Shaymin|slp
|-heal|p1a: Shaymin|403\/403 slp|[silent]
|-status|p1a: Shaymin|slp|[from] move: Rest
|
|turn|6
|
|cant|p1a: Shaymin|slp
|move|p2a: Bob the Bitch|Pursuit|p1a: Shaymin
|-crit|p1a: Shaymin
|-damage|p1a: Shaymin|295\/403 slp
|
|-heal|p1a: Shaymin|320\/403 slp|[from] item: Leftovers
|turn|7
|
|switch|p1a: Jirachi|Jirachi|341\/341
|-damage|p1a: Jirachi|285\/341|[from] Spikes
|switch|p2a: Bob the Bub|Roserade, F|262\/262
|-damage|p2a: Bob the Bub|230\/262|[from] Stealth Rock
|
|turn|8
|
|switch|p2a: Haxy Bob|Jirachi|320\/341
|-damage|p2a: Haxy Bob|299\/341|[from] Stealth Rock
|move|p1a: Jirachi|Iron Head|p2a: Haxy Bob
|-resisted|p2a: Haxy Bob
|-damage|p2a: Haxy Bob|236\/341
|
|turn|9
|
|move|p1a: Jirachi|Iron Head|p2a: Haxy Bob
|-resisted|p2a: Haxy Bob
|-damage|p2a: Haxy Bob|179\/341
|move|p2a: Haxy Bob|U-turn|p1a: Jirachi
|-damage|p1a: Jirachi|212\/341
|
|switch|p2a: Fenggot|Swampert, F|404\/404
|-damage|p2a: Fenggot|379\/404|[from] Stealth Rock
|
|-heal|p2a: Fenggot|404\/404|[from] item: Leftovers
|turn|10
|
|move|p1a: Jirachi|Iron Head|p2a: Fenggot
|-resisted|p2a: Fenggot
|-damage|p2a: Fenggot|361\/404
|cant|p2a: Fenggot|flinch
|
|-heal|p2a: Fenggot|386\/404|[from] item: Leftovers
|turn|11
|
|switch|p1a: Shaymin|Shaymin|320\/403
|-damage|p1a: Shaymin|253\/403|[from] Spikes
|move|p2a: Fenggot|Roar|p1a: Shaymin
|drag|p1a: Jirachi|Jirachi|212\/341
|-damage|p1a: Jirachi|156\/341|[from] Spikes
|
|-heal|p2a: Fenggot|404\/404|[from] item: Leftovers
|turn|12
|
|move|p1a: Jirachi|Trick|p2a: Fenggot
|-activate|p1a: Jirachi|move: Trick|[of] p2a: Fenggot
|-item|p2a: Fenggot|Choice Scarf|[from] move: Trick
|-item|p1a: Jirachi|Leftovers|[from] move: Trick
|move|p2a: Fenggot|Stealth Rock|p1a: Jirachi
|-sidestart|p1: Slurpuffite|move: Stealth Rock
|
|-heal|p1a: Jirachi|177\/341|[from] item: Leftovers
|turn|13
|
|switch|p2a: Haxy Bob|Jirachi|179\/341
|-damage|p2a: Haxy Bob|158\/341|[from] Stealth Rock
|move|p1a: Jirachi|Iron Head|p2a: Haxy Bob
|-resisted|p2a: Haxy Bob
|-damage|p2a: Haxy Bob|93\/341
|
|-heal|p1a: Jirachi|198\/341|[from] item: Leftovers
|turn|14
|
|move|p2a: Haxy Bob|U-turn|p1a: Jirachi
|-damage|p1a: Jirachi|129\/341
|
|switch|p2a: Bob the Bitch|Spiritomb, M|266\/304
|-damage|p2a: Bob the Bitch|228\/304|[from] Stealth Rock
|move|p1a: Jirachi|U-turn|p2a: Bob the Bitch
|-damage|p2a: Bob the Bitch|160\/304
|
|switch|p1a: Shaymin|Shaymin|253\/403
|-damage|p1a: Shaymin|203\/403|[from] Stealth Rock
|-damage|p1a: Shaymin|136\/403|[from] Spikes
|
|-heal|p1a: Shaymin|161\/403|[from] item: Leftovers
|turn|15
|
|move|p2a: Bob the Bitch|Sucker Punch|p1a: Shaymin
|-damage|p1a: Shaymin|4\/403
|move|p1a: Shaymin|Psychic|p2a: Bob the Bitch
|-immune|p2a: Bob the Bitch|[msg]
|
|-heal|p1a: Shaymin|29\/403|[from] item: Leftovers
|turn|16
|
|move|p2a: Bob the Bitch|Shadow Sneak|p1a: Shaymin
|-damage|p1a: Shaymin|0 fnt
|faint|p1a: Shaymin
|
|
|switch|p1a: Nidoking|Nidoking, M|304\/304
|-damage|p1a: Nidoking|254\/304|[from] Spikes
|-damage|p1a: Nidoking|235\/304|[from] Stealth Rock
|turn|17
|
|move|p2a: Bob the Bitch|Sucker Punch|p1a: Nidoking
|-damage|p1a: Nidoking|52\/304
|move|p1a: Nidoking|Earth Power|p2a: Bob the Bitch
|-damage|p2a: Bob the Bitch|0 fnt
|faint|p2a: Bob the Bitch
|
|
|switch|p2a: Bob the Bub|Roserade, F|230\/262
|-damage|p2a: Bob the Bub|198\/262|[from] Stealth Rock
|turn|18
|
|move|p2a: Bob the Bub|Hidden Power|p1a: Nidoking
|-damage|p1a: Nidoking|0 fnt
|faint|p1a: Nidoking
|
|
|switch|p1a: Sharpedo|Sharpedo, F|281\/281
|-damage|p1a: Sharpedo|235\/281|[from] Spikes
|-damage|p1a: Sharpedo|200\/281|[from] Stealth Rock
|turn|19
|
|move|p1a: Sharpedo|Protect|p1a: Sharpedo
|-singleturn|p1a: Sharpedo|Protect
|move|p2a: Bob the Bub|Hidden Power|p1a: Sharpedo
|-activate|p1a: Sharpedo|Protect
|
|-boost|p1a: Sharpedo|spe|1|[from] ability: Speed Boost
|turn|20
|
|move|p2a: Bob the Bub|Hidden Power|p1a: Sharpedo
|-resisted|p1a: Sharpedo
|-damage|p1a: Sharpedo|104\/281
|move|p1a: Sharpedo|Ice Fang|p2a: Bob the Bub
|-supereffective|p2a: Bob the Bub
|-damage|p2a: Bob the Bub|0 fnt
|faint|p2a: Bob the Bub
|
|-boost|p1a: Sharpedo|spe|1|[from] ability: Speed Boost
|
|switch|p2a: Fenggot|Swampert, F|404\/404
|-damage|p2a: Fenggot|379\/404|[from] Stealth Rock
|turn|21
|
|detailschange|p1a: Sharpedo|Sharpedo-Mega, F
|message|Sharpedo has Mega Evolved into Mega Sharpedo!
|move|p1a: Sharpedo|Crunch|p2a: Fenggot
|-damage|p2a: Fenggot|186\/404
|move|p2a: Fenggot|Earthquake|p1a: Sharpedo
|-damage|p1a: Sharpedo|0 fnt
|faint|p1a: Sharpedo
|
|
|switch|p1a: Jirachi|Jirachi|129\/341
|-damage|p1a: Jirachi|108\/341|[from] Stealth Rock
|-damage|p1a: Jirachi|52\/341|[from] Spikes
|turn|22
|
|move|p1a: Jirachi|Zen Headbutt|p2a: Fenggot|[miss]
|-miss|p1a: Jirachi|p2a: Fenggot
|move|p2a: Fenggot|Earthquake|p1a: Jirachi
|-supereffective|p1a: Jirachi
|-damage|p1a: Jirachi|0 fnt
|faint|p1a: Jirachi
|
|c|★Slurpuffite|row
|c|★RowDog|?
|c|★Slurpuffite|i need just this win to win my brother challenge and gotta sleep @_@
|c|★Slurpuffite|could you help me? D:
|
|switch|p1a: Krookodile|Krookodile, F|394\/394
|-damage|p1a: Krookodile|370\/394|[from] Stealth Rock
|-damage|p1a: Krookodile|305\/394|[from] Spikes
|-ability|p1a: Krookodile|Intimidate|[of] p2a: Fenggot
|-unboost|p2a: Fenggot|atk|1
|turn|23
|c|★RowDog|no >:(
|c|★Slurpuffite|please man ;-;
|
|move|p1a: Krookodile|Protect|p1a: Krookodile
|-singleturn|p1a: Krookodile|Protect
|move|p2a: Fenggot|Earthquake|p1a: Krookodile
|-activate|p1a: Krookodile|Protect
|
|-heal|p1a: Krookodile|329\/394|[from] item: Leftovers
|turn|24
|c|★RowDog|I need the win too
|c|★RowDog|:(
|join|beancount
|c|★Slurpuffite|but i need just this win, if i lose, i'll need 5 or 6 more wins
|c|★RowDog|If this was a test account I might have
|c|★Slurpuffite|bean knows it
|c|★RowDog|but not on my main
|c|★RowDog|soz
|c|★Slurpuffite|he almost forfeit too D:
|c|★Slurpuffite|i need to sleep @_@
|
|move|p1a: Krookodile|Earthquake|p2a: Fenggot
|-damage|p2a: Fenggot|78\/404
|move|p2a: Fenggot|Earthquake|p1a: Krookodile
|-damage|p1a: Krookodile|260\/394
|
|-heal|p1a: Krookodile|284\/394|[from] item: Leftovers
|turn|25
|
|move|p1a: Krookodile|Protect|p1a: Krookodile
|-singleturn|p1a: Krookodile|Protect
|move|p2a: Fenggot|Earthquake|p1a: Krookodile
|-activate|p1a: Krookodile|Protect
|
|-heal|p1a: Krookodile|308\/394|[from] item: Leftovers
|turn|26
|
|move|p1a: Krookodile|Earthquake|p2a: Fenggot
|-damage|p2a: Fenggot|0 fnt
|faint|p2a: Fenggot
|
|-heal|p1a: Krookodile|332\/394|[from] item: Leftovers
|
|switch|p2a: Bob the Bad|Sharpedo, M|281\/281
|-damage|p2a: Bob the Bad|246\/281|[from] Stealth Rock
|turn|27
|
|move|p2a: Bob the Bad|Protect|p2a: Bob the Bad
|-singleturn|p2a: Bob the Bad|Protect
|move|p1a: Krookodile|Protect|p1a: Krookodile
|-fail|p1a: Krookodile
|
|-heal|p1a: Krookodile|356\/394|[from] item: Leftovers
|-boost|p2a: Bob the Bad|spe|1|[from] ability: Speed Boost
|turn|28
|
|detailschange|p2a: Bob the Bad|Sharpedo-Mega, M
|message|Sharpedo has Mega Evolved into Mega Sharpedo!
|move|p1a: Krookodile|Protect|p1a: Krookodile
|-singleturn|p1a: Krookodile|Protect
|move|p2a: Bob the Bad|Waterfall|p1a: Krookodile
|-activate|p1a: Krookodile|Protect
|
|-heal|p1a: Krookodile|380\/394|[from] item: Leftovers
|turn|29
|c|★Slurpuffite|really, please D:
|c| beancount|yes
|c|★Slurpuffite|if u lose, you'll lose fewer points in ladder, i don't
|c| beancount|he really did need
|c| beancount|for the sake of rmt
|c|★Slurpuffite|in 1 or 2 battles you recover, i 'don't D:
|c| beancount|appreciate if u could spare a battle
|c|★RowDog|1 elo off 1600 Q_Q
|c|★RowDog|ugh
|c|★RowDog|maybe he didn’t deserve it?
|c| beancount|well
|c|★Slurpuffite|man, it's 6:49 am here D:
|c| beancount|its the holiday of sharing :)
|c|★RowDog|we’ll ask the UU room
|c| beancount|lol
|c|★Slurpuffite|.-.
|join|watfor
|c|★RowDog|the UU room has spoken
|join|newfren
|join|DerpaniteX
|join|waivfu
|c|★Slurpuffite|rofl
|c| beancount|whats that for
|c| beancount|lol
|c| waivfu|lol
|c| waivfu|row
|c| waivfu|don't lose
|c| waivfu|on purpose
|c| beancount|they cant help u make the  decision
|c| waivfu|defeats the whole purpose
|c|★Slurpuffite|well, whaterver so
|c| beancount|lol
|c| waivfu|-_-
|c|★Slurpuffite|whatever*
|
|move|p2a: Bob the Bad|Waterfall|p1a: Krookodile
|-supereffective|p1a: Krookodile
|-damage|p1a: Krookodile|116\/394
|move|p1a: Krookodile|Earthquake|p2a: Bob the Bad
|-damage|p2a: Bob the Bad|60\/281
|
|-heal|p1a: Krookodile|140\/394|[from] item: Leftovers
|turn|30
|
|move|p1a: Krookodile|Protect|p1a: Krookodile
|-singleturn|p1a: Krookodile|Protect
|move|p2a: Bob the Bad|Waterfall|p1a: Krookodile
|-activate|p1a: Krookodile|Protect
|
|-heal|p1a: Krookodile|164\/394|[from] item: Leftovers
|turn|31
|c|★RowDog|g_g
|c|★Slurpuffite|maybe 6 protects in a row make me win
|
|move|p1a: Krookodile|Protect|p1a: Krookodile
|-fail|p1a: Krookodile
|move|p2a: Bob the Bad|Waterfall|p1a: Krookodile
|-crit|p1a: Krookodile
|-supereffective|p1a: Krookodile
|-damage|p1a: Krookodile|0 fnt
|faint|p1a: Krookodile
|
|win|RowDog
|raw|Ladder updating...
|raw|Slurpuffite's rating: 1599 &rarr; <strong>1569<\/strong><br \/>(-30 for losing)
|raw|RowDog's rating: 1398 &rarr; <strong>1429<\/strong><br \/>(+31 for winning)
|leave|Slurpuffite
|player|p1
|leave|DerpaniteX
|c| beancount|maybe sharp is ou material
|c|★RowDog|Rip elo
|leave|newfren
|leave|RowDog
|player|p2
|join|RowDog
|c|★RowDog|lets save this lol