|join|satsuki121
|join|Slurpuffite
|player|p1|satsuki121|116
|player|p2|Slurpuffite|1
|gametype|singles
|gen|6
|tier|UU
|rated
|rule|Sleep Clause Mod: Limit one foe put to sleep
|rule|Species Clause: Limit one of each Pokémon
|rule|OHKO Clause: OHKO moves are banned
|rule|Moody Clause: Moody is banned
|rule|Evasion Moves Clause: Evasion moves are banned
|rule|Endless Battle Clause: Forcing endless battles is banned
|rule|HP Percentage Mod: HP is shown in percentages
|clearpoke
|poke|p1|Shaymin
|poke|p1|Suicune
|poke|p1|Florges, F
|poke|p1|Forretress, F, shiny
|poke|p1|Aerodactyl, M
|poke|p1|Flygon, M
|poke|p2|Sharpedo, M
|poke|p2|Shaymin
|poke|p2|Granbull, F
|poke|p2|Krookodile, M
|poke|p2|Nidoking, M
|poke|p2|Jirachi
|rule|Swagger Clause: Swagger is banned
|rule|Baton Pass Clause: Limit one Pokémon knowing Baton Pass
|teampreview
|
|start
|switch|p1a: Flygon|Flygon, M|301\/301
|switch|p2a: Jirachi|Jirachi|341\/341
|turn|1
|
|move|p2a: Jirachi|U-turn|p1a: Flygon
|-damage|p1a: Flygon|210\/301
|
|switch|p2a: Krookodile|Krookodile, M|394\/394
|-ability|p2a: Krookodile|Intimidate|[of] p1a: Flygon
|-unboost|p1a: Flygon|atk|1
|move|p1a: Flygon|U-turn|p2a: Krookodile
|-crit|p2a: Krookodile
|-supereffective|p2a: Krookodile
|-damage|p2a: Krookodile|210\/394
|c|★Slurpuffite|>.>
|
|switch|p1a: Suicune|Suicune|404\/404
|-ability|p1a: Suicune|Pressure
|
|-heal|p2a: Krookodile|234\/394|[from] item: Leftovers
|turn|2
|
|switch|p2a: Shaymin|Shaymin|403\/403
|move|p1a: Suicune|Scald|p2a: Shaymin
|-resisted|p2a: Shaymin
|-damage|p2a: Shaymin|361\/403
|-status|p2a: Shaymin|brn
|
|-heal|p2a: Shaymin|386\/403 brn|[from] item: Leftovers
|-damage|p2a: Shaymin|336\/403 brn|[from] brn
|turn|3
|
|switch|p2a: Nidoking|Nidoking, M|304\/304
|switch|p1a: Forretress|Forretress, F, shiny|353\/353
|
|turn|4
|
|switch|p1a: Flygon|Flygon, M|210\/301
|move|p2a: Nidoking|Earth Power|p1a: Flygon
|-immune|p1a: Flygon|[msg]
|
|turn|5
|
|switch|p2a: Granbull|Granbull, F|383\/383
|-ability|p2a: Granbull|Intimidate|[of] p1a: Flygon
|-unboost|p1a: Flygon|atk|1
|move|p1a: Flygon|U-turn|p2a: Granbull
|-resisted|p2a: Granbull
|-damage|p2a: Granbull|363\/383
|
|switch|p1a: Forretress|Forretress, F, shiny|353\/353
|
|-heal|p2a: Granbull|383\/383|[from] item: Leftovers
|turn|6
|
|move|p2a: Granbull|Thunder Wave|p1a: Forretress
|-status|p1a: Forretress|par
|move|p1a: Forretress|Stealth Rock|p2a: Granbull
|-sidestart|p2: Slurpuffite|move: Stealth Rock
|
|turn|7
|
|switch|p2a: Krookodile|Krookodile, M|234\/394
|-damage|p2a: Krookodile|210\/394|[from] Stealth Rock
|-ability|p2a: Krookodile|Intimidate|[of] p1a: Forretress
|-unboost|p1a: Forretress|atk|1
|move|p1a: Forretress|Gyro Ball|p2a: Krookodile
|-damage|p2a: Krookodile|126\/394
|
|-heal|p2a: Krookodile|150\/394|[from] item: Leftovers
|turn|8
|
|switch|p1a: Suicune|Suicune|404\/404
|-ability|p1a: Suicune|Pressure
|move|p2a: Krookodile|Knock Off|p1a: Suicune
|-damage|p1a: Suicune|319\/404
|-enditem|p1a: Suicune|Leftovers|[from] move: Knock Off|[of] p2a: Krookodile
|
|-heal|p2a: Krookodile|174\/394|[from] item: Leftovers
|turn|9
|
|move|p2a: Krookodile|Protect|p2a: Krookodile
|-singleturn|p2a: Krookodile|Protect
|move|p1a: Suicune|Scald|p2a: Krookodile
|-activate|p2a: Krookodile|Protect
|
|-heal|p2a: Krookodile|198\/394|[from] item: Leftovers
|turn|10
|
|switch|p2a: Shaymin|Shaymin|336\/403
|-damage|p2a: Shaymin|286\/403|[from] Stealth Rock
|move|p1a: Suicune|Scald|p2a: Shaymin
|-resisted|p2a: Shaymin
|-damage|p2a: Shaymin|244\/403
|
|-heal|p2a: Shaymin|269\/403|[from] item: Leftovers
|turn|11
|
|switch|p1a: Aerodactyl|Aerodactyl, M|301\/301
|move|p2a: Shaymin|Seed Flare|p1a: Aerodactyl
|-damage|p1a: Aerodactyl|51\/301
|
|-heal|p2a: Shaymin|294\/403|[from] item: Leftovers
|turn|12
|
|switch|p2a: Granbull|Granbull, F|383\/383
|-damage|p2a: Granbull|336\/383|[from] Stealth Rock
|-ability|p2a: Granbull|Intimidate|[of] p1a: Aerodactyl
|-unboost|p1a: Aerodactyl|atk|1
|detailschange|p1a: Aerodactyl|Aerodactyl-Mega, M
|-mega|p1a: Aerodactyl|Aerodactyl|Aerodactylite
|move|p1a: Aerodactyl|Aerial Ace|p2a: Granbull
|-damage|p2a: Granbull|243\/383
|
|-heal|p2a: Granbull|266\/383|[from] item: Leftovers
|turn|13
|
|switch|p1a: Suicune|Suicune|319\/404
|-ability|p1a: Suicune|Pressure
|switch|p2a: Krookodile|Krookodile, M|198\/394
|-damage|p2a: Krookodile|174\/394|[from] Stealth Rock
|-ability|p2a: Krookodile|Intimidate|[of] p1a: Suicune
|-unboost|p1a: Suicune|atk|1
|
|-heal|p2a: Krookodile|198\/394|[from] item: Leftovers
|turn|14
|
|move|p2a: Krookodile|Stealth Rock|p1a: Suicune
|-sidestart|p1: satsuki121|move: Stealth Rock
|move|p1a: Suicune|Scald|p2a: Krookodile
|-supereffective|p2a: Krookodile
|-damage|p2a: Krookodile|0 fnt
|faint|p2a: Krookodile
|
|
|switch|p2a: Shaymin|Shaymin|294\/403
|-damage|p2a: Shaymin|244\/403|[from] Stealth Rock
|turn|15
|
|switch|p2a: Nidoking|Nidoking, M|304\/304
|-damage|p2a: Nidoking|285\/304|[from] Stealth Rock
|switch|p1a: Shaymin|Shaymin|341\/341
|-damage|p1a: Shaymin|299\/341|[from] Stealth Rock
|
|turn|16
|
|move|p1a: Shaymin|Earth Power|p2a: Nidoking
|-crit|p2a: Nidoking
|-supereffective|p2a: Nidoking
|-damage|p2a: Nidoking|0 fnt
|-damage|p1a: Shaymin|265\/341|[from] item: Life Orb
|faint|p2a: Nidoking
|
|c|★Slurpuffite|pqp
|
|switch|p2a: Jirachi|Jirachi|341\/341
|-damage|p2a: Jirachi|320\/341|[from] Stealth Rock
|turn|17
|
|switch|p1a: Forretress|Forretress, F, shiny|353\/353 par
|-damage|p1a: Forretress|309\/353 par|[from] Stealth Rock
|move|p2a: Jirachi|U-turn|p1a: Forretress
|-resisted|p1a: Forretress
|-damage|p1a: Forretress|290\/353 par
|
|switch|p2a: Sharpedo|Sharpedo, M|281\/281
|-damage|p2a: Sharpedo|246\/281|[from] Stealth Rock
|
|-heal|p1a: Forretress|312\/353 par|[from] item: Leftovers
|turn|18
|
|move|p2a: Sharpedo|Waterfall|p1a: Forretress
|-crit|p1a: Forretress
|-damage|p1a: Forretress|174\/353 par
|cant|p1a: Forretress|flinch
|
|-heal|p1a: Forretress|196\/353 par|[from] item: Leftovers
|-boost|p2a: Sharpedo|spe|1|[from] ability: Speed Boost
|turn|19
|
|move|p2a: Sharpedo|Waterfall|p1a: Forretress
|-damage|p1a: Forretress|115\/353 par
|cant|p1a: Forretress|par
|
|-heal|p1a: Forretress|137\/353 par|[from] item: Leftovers
|-boost|p2a: Sharpedo|spe|1|[from] ability: Speed Boost
|turn|20
|
|detailschange|p2a: Sharpedo|Sharpedo-Mega, M
|-mega|p2a: Sharpedo|Sharpedo|Sharpedonite
|move|p2a: Sharpedo|Crunch|p1a: Forretress
|-damage|p1a: Forretress|7\/353 par
|move|p1a: Forretress|Rapid Spin|p2a: Sharpedo
|-damage|p2a: Sharpedo|225\/281
|-sideend|p1: satsuki121|Stealth Rock|[from] move: Rapid Spin|[of] p1a: Forretress
|
|-heal|p1a: Forretress|29\/353 par|[from] item: Leftovers
|turn|21
|
|move|p2a: Sharpedo|Waterfall|p1a: Forretress
|-damage|p1a: Forretress|0 fnt
|faint|p1a: Forretress
|
|
|switch|p1a: Florges|Florges, F|360\/360
|turn|22
|
|move|p2a: Sharpedo|Waterfall|p1a: Florges
|-damage|p1a: Florges|168\/360
|cant|p1a: Florges|flinch
|
|-heal|p1a: Florges|190\/360|[from] item: Leftovers
|turn|23
|
|move|p1a: Florges|Protect|p1a: Florges
|-singleturn|p1a: Florges|Protect
|move|p2a: Sharpedo|Waterfall|p1a: Florges
|-activate|p1a: Florges|Protect
|
|-heal|p1a: Florges|212\/360|[from] item: Leftovers
|turn|24
|
|move|p2a: Sharpedo|Waterfall|p1a: Florges
|-crit|p1a: Florges
|-damage|p1a: Florges|0 fnt
|faint|p1a: Florges
|
|
|switch|p1a: Suicune|Suicune|319\/404
|-ability|p1a: Suicune|Pressure
|turn|25
|
|move|p2a: Sharpedo|Crunch|p1a: Suicune
|-crit|p1a: Suicune
|-damage|p1a: Suicune|84\/404
|move|p1a: Suicune|Scald|p2a: Sharpedo
|-resisted|p2a: Sharpedo
|-damage|p2a: Sharpedo|161\/281
|
|turn|26
|c|★satsuki121|bg
|-message|satsuki121 forfeited.
|leave|satsuki121
|c|★Slurpuffite|hahaha
|
|win|Slurpuffite
|raw|Ladder updating...
|player|p1
|raw|satsuki121's rating: 1465 &rarr; <strong>1447<\/strong><br \/>(-18 for losing)
|raw|Slurpuffite's rating: 1507 &rarr; <strong>1525<\/strong><br \/>(+18 for winning)