|join|DMT
|join|CoolStoryBrobat
|player|p1|DMT|184
|player|p2|CoolStoryBrobat|#coolstorybrobat
|gametype|singles
|gen|6
|tier|UU
|rule|Sleep Clause Mod: Limit one foe put to sleep
|rule|Species Clause: Limit one of each Pokémon
|rule|OHKO Clause: OHKO moves are banned
|rule|Moody Clause: Moody is banned
|rule|Evasion Moves Clause: Evasion moves are banned
|rule|Endless Battle Clause: Forcing endless battles is banned
|rule|HP Percentage Mod: HP is shown in percentages
|clearpoke
|poke|p1|Vaporeon, M
|poke|p1|Sceptile, M
|poke|p1|Donphan, F
|poke|p1|Jirachi
|poke|p1|Chandelure, M
|poke|p1|Nidoqueen, F
|poke|p2|Abomasnow, M
|poke|p2|Alakazam, M
|poke|p2|Suicune
|poke|p2|Crobat, M
|poke|p2|Umbreon, F
|poke|p2|Hippowdon, F
|rule|Swagger Clause: Swagger is banned
|rule|Baton Pass Clause: Limit one Pokémon knowing Baton Pass
|teampreview
|c|★DMT|Just finishing up my one game
|c|★CoolStoryBrobat|Hm
|join|SW4GILYPH
|c|★CoolStoryBrobat|Hmmmm...
|join|Living Proof
|join|psychotic
|join|nbhgfdrt
|join|thunderkid blitz
|c| Living Proof|I'm rooting for CSB
|c|★CoolStoryBrobat|\/me rubs chin inquisitively while awaiting DMT to finish his match
|c| Living Proof|Solely for Abomasnow
|join|LessThanThreeMan
|join|THE_iTodd
|c|★CoolStoryBrobat|My Aboma is pro
|c| THE_iTodd|HYPE
|c|★CoolStoryBrobat|No one makes it hail like this
|c| THE_iTodd|start time
|join|Imbored69
|c| Living Proof|And because black
|c| THE_iTodd|then force change dmt's name
|c| psychotic|nice aboma homie
|c| Living Proof|:>
|c| THE_iTodd|easiest #1 on ladder
|c| THE_iTodd|of your life
|c|★CoolStoryBrobat|Thanks brah
|c| Living Proof|#Blackpower
|c| nbhgfdrt|aboma literally hits every mon supereffectively vs DMT
|c|★CoolStoryBrobat|It's a strong matchup
|c| LessThanThreeMan|__hype__
|join|CSI DoucheBag
|c|★CoolStoryBrobat|But Sceptile is an issue
|c| psychotic|nice aboma switchins homie
|c|★DMT|Ok lets see
|c| Living Proof|Umbreon soaks up Sceptile, assuming Special
|
|start
|switch|p1a: Donphan|Donphan, F|384\/384
|switch|p2a: Suicune|Suicune|368\/368
|-ability|p2a: Suicune|Pressure
|turn|1
|c|★DMT|welp
|c| Living Proof|Don't trust Focus Blast hitting
|join|join choir
|leave|Imbored69
|
|move|p2a: Suicune|Substitute|p2a: Suicune
|-start|p2a: Suicune|Substitute
|-damage|p2a: Suicune|276\/368
|move|p1a: Donphan|Knock Off|p2a: Suicune
|-end|p2a: Suicune|Substitute
|
|-heal|p2a: Suicune|299\/368|[from] item: Leftovers
|turn|2
|
|switch|p1a: Jirachi|Jirachi|341\/341
|move|p2a: Suicune|Scald|p1a: Jirachi
|-damage|p1a: Jirachi|221\/341
|
|-heal|p2a: Suicune|322\/368|[from] item: Leftovers
|turn|3
|c| Living Proof|Strong Knock Off
|c| join choir|predicting the aboma predicting the vap nice nice
|
|switch|p2a: Hippowdon|Hippowdon, F|420\/420
|move|p1a: Jirachi|U-turn|p2a: Hippowdon
|-damage|p2a: Hippowdon|378\/420
|raw|<div class="broadcast-red"><b>Moderated chat was set to +!<\/b><br \/>Only users of rank + and higher can talk.<\/div>
|
|switch|p1a: Sceptile|Sceptile, M|281\/281
|
|-heal|p2a: Hippowdon|404\/420|[from] item: Leftovers
|turn|4
|join|newfren
|c|★DMT|I have -4 things for umbreon
|c|★CoolStoryBrobat|Let's see how well you can Sceptile
|
|switch|p1a: Nidoqueen|Nidoqueen, F|384\/384
|switch|p2a: Umbreon|Umbreon, F|394\/394
|
|turn|5
|join|Bob the Bae
|join|ZvZ
|join|Colbrushie
|
|switch|p2a: Abomasnow|Abomasnow, M|321\/321
|-weather|Hail
|move|p1a: Nidoqueen|Stealth Rock|p2a: Abomasnow
|-sidestart|p2: CoolStoryBrobat|move: Stealth Rock
|
|-weather|Hail|[upkeep]
|-damage|p1a: Nidoqueen|360\/384|[from] hail
|turn|6
|join|ChewbaccaFlocka
|
|switch|p2a: Umbreon|Umbreon, F|394\/394
|-damage|p2a: Umbreon|345\/394|[from] Stealth Rock
|move|p1a: Nidoqueen|Sludge Wave|p2a: Umbreon
|-damage|p2a: Umbreon|223\/394
|
|-weather|Hail|[upkeep]
|-damage|p1a: Nidoqueen|336\/384|[from] hail
|-damage|p2a: Umbreon|199\/394|[from] hail
|-heal|p2a: Umbreon|223\/394|[from] item: Leftovers
|turn|7
|join|SmashBrosBrawl
|
|move|p1a: Nidoqueen|Sludge Wave|p2a: Umbreon
|-damage|p2a: Umbreon|81\/394
|move|p2a: Umbreon|Wish|p2a: Umbreon
|
|-weather|Hail|[upkeep]
|-damage|p1a: Nidoqueen|312\/384|[from] hail
|-damage|p2a: Umbreon|57\/394|[from] hail
|-heal|p2a: Umbreon|81\/394|[from] item: Leftovers
|turn|8
|c|+SmashBrosBrawl|,
|
|switch|p1a: Donphan|Donphan, F|384\/384
|move|p2a: Umbreon|Protect|p2a: Umbreon
|-fail|p2a: Umbreon
|
|-weather|Hail|[upkeep]
|-damage|p2a: Umbreon|57\/394|[from] hail
|-damage|p1a: Donphan|360\/384|[from] hail
|-heal|p2a: Umbreon|254\/394|[from] move: Wish|[wisher] Umbreon
|-heal|p2a: Umbreon|278\/394|[from] item: Leftovers
|turn|9
|
|move|p2a: Umbreon|Foul Play|p1a: Donphan
|-damage|p1a: Donphan|222\/384
|move|p1a: Donphan|Earthquake|p2a: Umbreon
|-damage|p2a: Umbreon|107\/394
|
|-weather|none
|-heal|p2a: Umbreon|131\/394|[from] item: Leftovers
|turn|10
|leave|CSI DoucheBag
|join|Nintega-soft
|
|move|p2a: Umbreon|Protect|p2a: Umbreon
|-singleturn|p2a: Umbreon|Protect
|move|p1a: Donphan|Knock Off|p2a: Umbreon
|-activate|p2a: Umbreon|Protect
|
|-heal|p2a: Umbreon|155\/394|[from] item: Leftovers
|turn|11
|c|+SmashBrosBrawl|that did
|c|+SmashBrosBrawl|too much
|c|★CoolStoryBrobat|Hey..
|c|★CoolStoryBrobat|shh..
|join|DatLatias
|c|★DMT|if that's mega zam
|c|★DMT|and you're using regular aboma
|c|+SmashBrosBrawl|.
|c|★DMT|I luv you
|join|fvgbhjnmk
|c|★CoolStoryBrobat|Well....
|
|switch|p2a: Hippowdon|Hippowdon, F|404\/420
|-damage|p2a: Hippowdon|378\/420|[from] Stealth Rock
|move|p1a: Donphan|Knock Off|p2a: Hippowdon
|-damage|p2a: Hippowdon|307\/420
|-enditem|p2a: Hippowdon|Leftovers|[from] move: Knock Off|[of] p1a: Donphan
|
|turn|12
|
|switch|p1a: Vaporeon|Vaporeon, M|464\/464
|move|p2a: Hippowdon|Ice Fang|p1a: Vaporeon
|-resisted|p1a: Vaporeon
|-damage|p1a: Vaporeon|438\/464
|
|-heal|p1a: Vaporeon|464\/464|[from] item: Leftovers
|turn|13
|join|dodmen
|leave|DatLatias
|c|★DMT|oo
|c|+SmashBrosBrawl|mfw
|
|switch|p2a: Abomasnow|Abomasnow, M|321\/321
|-damage|p2a: Abomasnow|241\/321|[from] Stealth Rock
|-weather|Hail
|move|p1a: Vaporeon|Baton Pass|p1a: Vaporeon
|c|+SmashBrosBrawl|the lure
|c|+SmashBrosBrawl|is here
|
|switch|p1a: Nidoqueen|Nidoqueen, F|312\/384
|
|-weather|Hail|[upkeep]
|-damage|p1a: Nidoqueen|288\/384|[from] hail
|turn|14
|join|Erasthamus
|c|★DMT|I think I can
|c|★DMT|I think I can
|c|+SmashBrosBrawl|confirmed scarf abomasnow
|c|★DMT|I think I can
|c|★DMT|I think I can
|c|★DMT|I think I can
|c|+SmashBrosBrawl|scarf
|c|★DMT|I think I can
|c|+SmashBrosBrawl|scarf
|join|test232423423
|
|switch|p2a: Umbreon|Umbreon, F|155\/394
|-damage|p2a: Umbreon|106\/394|[from] Stealth Rock
|move|p1a: Nidoqueen|Sludge Wave|p2a: Umbreon
|-damage|p2a: Umbreon|0 fnt
|faint|p2a: Umbreon
|
|-weather|Hail|[upkeep]
|-damage|p1a: Nidoqueen|264\/384|[from] hail
|
|switch|p2a: Alakazam|Alakazam, M|251\/251
|turn|15
|join|D a d 's' D a d
|
|switch|p1a: Jirachi|Jirachi|221\/341
|detailschange|p2a: Alakazam|Alakazam-Mega, M
|message|Alakazam has Mega Evolved into Mega Alakazam!
|-ability|p2a: Alakazam|Serene Grace|[from] ability: Trace|[of] p1a: Jirachi
|move|p2a: Alakazam|Substitute|p2a: Alakazam
|-start|p2a: Alakazam|Substitute
|-damage|p2a: Alakazam|189\/251
|
|-weather|Hail|[upkeep]
|-damage|p1a: Jirachi|200\/341|[from] hail
|-damage|p2a: Alakazam|174\/251|[from] hail
|turn|16
|leave|test232423423
|c|★DMT|not
|c|★DMT|good
|join|test232423423
|c|+SmashBrosBrawl|see
|c|+SmashBrosBrawl|it was
|c|+SmashBrosBrawl|scarf
|c|+SmashBrosBrawl|epic
|join|meek is murder
|c|★CoolStoryBrobat|Tfw Serene Grace Focus Blast
|
|move|p1a: Jirachi|U-turn|p2a: Alakazam
|-supereffective|p2a: Alakazam
|-end|p2a: Alakazam|Substitute
|
|switch|p1a: Donphan|Donphan, F|222\/384
|move|p2a: Alakazam|Shadow Ball|p1a: Donphan
|-damage|p1a: Donphan|92\/384
|-unboost|p1a: Donphan|spd|1
|
|-weather|Hail|[upkeep]
|-damage|p2a: Alakazam|159\/251|[from] hail
|-damage|p1a: Donphan|68\/384|[from] hail
|turn|17
|c|+dodmen|a
|c|+SmashBrosBrawl|lol
|c|+dodmen|v
|c|+dodmen|d
|c|+dodmen|o
|c|+dodmen|n
|c|+dodmen|p
|c|+dodmen|h
|leave|test232423423
|c|+dodmen|a
|c|+SmashBrosBrawl|a
|c|+dodmen|n
|c|+SmashBrosBrawl|v
|c|+SmashBrosBrawl|d
|c|+SmashBrosBrawl|o
|c|+SmashBrosBrawl|n
|c|+SmashBrosBrawl|p
|c|+SmashBrosBrawl|h
|c|+SmashBrosBrawl|an
|join|test232423423
|
|move|p1a: Donphan|Ice Shard|p2a: Alakazam
|-damage|p2a: Alakazam|87\/251
|move|p2a: Alakazam|Shadow Ball|p1a: Donphan
|-damage|p1a: Donphan|0 fnt
|faint|p1a: Donphan
|
|-weather|none
|
|switch|p1a: Jirachi|Jirachi|200\/341
|turn|18
|
|switch|p2a: Brobat|Crobat, M|335\/335
|-damage|p2a: Brobat|252\/335|[from] Stealth Rock
|move|p1a: Jirachi|U-turn|p2a: Brobat
|-resisted|p2a: Brobat
|-damage|p2a: Brobat|232\/335
|
|switch|p1a: Nidoqueen|Nidoqueen, F|264\/384
|
|-heal|p2a: Brobat|252\/335|[from] item: Black Sludge
|turn|19
|leave|Nintega-soft
|leave|psychotic
|
|move|p2a: Brobat|Defog|p1a: Nidoqueen
|-unboost|p1a: Nidoqueen|evasion|1
|-sideend|p2: CoolStoryBrobat|Stealth Rock|[from] move: Defog|[of] p2a: Brobat
|move|p1a: Nidoqueen|Thunderbolt|p2a: Brobat
|-supereffective|p2a: Brobat
|-damage|p2a: Brobat|0 fnt
|faint|p2a: Brobat
|
|
|switch|p2a: Alakazam|Alakazam-Mega, M|87\/251
|-ability|p2a: Alakazam|Sheer Force|[from] ability: Trace|[of] p1a: Nidoqueen
|turn|20
|c|★DMT|this
|c|★DMT|is also scary
|c|+dodmen|yum
|c|+SmashBrosBrawl|go to rachi
|c|+SmashBrosBrawl|here
|c|★CoolStoryBrobat|The stuff nightmares are made out of
|c|+SmashBrosBrawl|lol zam is so fucking broken
|c|+SmashBrosBrawl|jesus christ
|c|★CoolStoryBrobat|EVERYTHING is broken to you
|c|+SmashBrosBrawl|n
|c|+SmashBrosBrawl|this is legit broke
|c|★CoolStoryBrobat|Get a new pair of glasses
|join|MARCU5theBAW5
|c|+SmashBrosBrawl|and u know it
|
|move|p2a: Alakazam|Psyshock|p1a: Nidoqueen
|-crit|p1a: Nidoqueen
|-supereffective|p1a: Nidoqueen
|-damage|p1a: Nidoqueen|0 fnt
|faint|p1a: Nidoqueen
|
|c|+SmashBrosBrawl|thats why u use it
|
|switch|p1a: Jirachi|Jirachi|200\/341
|turn|21
|c|+SmashBrosBrawl|you dont have cmind
|leave|meek is murder
|c|★CoolStoryBrobat|This is the first and only team I have ever used Zam on
|c|+SmashBrosBrawl|whats the point of shock
|c|★DMT|hitting things
|c|★DMT|on the physical side
|c|+SmashBrosBrawl|like
|c|★DMT|instead of the special side
|c|+SmashBrosBrawl|like
|
|switch|p2a: Hippowdon|Hippowdon, F|307\/420
|move|p1a: Jirachi|U-turn|p2a: Hippowdon
|-damage|p2a: Hippowdon|264\/420
|c|★DMT|would be my best guess
|c|★DMT|like umm
|c|+SmashBrosBrawl|ummm
|c|★DMT|idk nothing comes to mind
|
|switch|p1a: Sceptile|Sceptile, M|281\/281
|
|turn|22
|c|+dodmen|predict hp electric
|c|+dodmen|go to zam
|
|detailschange|p1a: Sceptile|Sceptile-Mega, M
|message|Sceptile has Mega Evolved into Mega Sceptile!
|move|p1a: Sceptile|Substitute|p1a: Sceptile
|-start|p1a: Sceptile|Substitute
|-damage|p1a: Sceptile|211\/281
|move|p2a: Hippowdon|Ice Fang|p1a: Sceptile
|-supereffective|p1a: Sceptile
|-end|p1a: Sceptile|Substitute
|
|turn|23
|c|+dodmen|trace lightningrod
|c|+dodmen|ez
|c|★DMT|oh right
|c|+SmashBrosBrawl|epic
|c|+SmashBrosBrawl|nice
|c|+SmashBrosBrawl|wasting
|c|+SmashBrosBrawl|25% health
|c|★DMT|thanks!
|
|switch|p2a: Abomasnow|Abomasnow, M|241\/321
|-weather|Hail
|move|p1a: Sceptile|Substitute|p1a: Sceptile
|-start|p1a: Sceptile|Substitute
|-damage|p1a: Sceptile|141\/281
|
|-weather|Hail|[upkeep]
|-damage|p1a: Sceptile|124\/281|[from] hail
|turn|24
|c|+SmashBrosBrawl|np
|c|+SmashBrosBrawl|he did it again
|
|move|p2a: Abomasnow|Ice Shard|p1a: Sceptile
|-supereffective|p1a: Sceptile
|-end|p1a: Sceptile|Substitute
|-damage|p2a: Abomasnow|209\/321|[from] item: Life Orb
|move|p1a: Sceptile|Hidden Power|p2a: Abomasnow
|-supereffective|p2a: Abomasnow
|-damage|p2a: Abomasnow|0 fnt
|faint|p2a: Abomasnow
|
|-weather|Hail|[upkeep]
|-damage|p1a: Sceptile|107\/281|[from] hail
|join|MrGatr
|c|+SmashBrosBrawl|but now it works
|
|switch|p2a: Alakazam|Alakazam-Mega, M|87\/251
|-ability|p2a: Alakazam|Lightning Rod|[from] ability: Trace|[of] p1a: Sceptile
|turn|25
|c|+SmashBrosBrawl|lol
|c|+SmashBrosBrawl|lo tree
|c|+SmashBrosBrawl|u wot
|
|switch|p1a: Chandelure|Chandelure, M|261\/261
|move|p2a: Alakazam|Shadow Ball|p1a: Chandelure
|-supereffective|p1a: Chandelure
|-damage|p1a: Chandelure|0 fnt
|faint|p1a: Chandelure
|
|-weather|Hail|[upkeep]
|-damage|p2a: Alakazam|72\/251|[from] hail
|join|Dolph The Showoff
|
|switch|p1a: Jirachi|Jirachi|200\/341
|turn|26
|c|★DMT|i leo
|
|switch|p2a: Hippowdon|Hippowdon, F|264\/420
|move|p1a: Jirachi|U-turn|p2a: Hippowdon
|-damage|p2a: Hippowdon|221\/420
|c|+SmashBrosBrawl|g_g
|
|switch|p1a: Sceptile|Sceptile-Mega, M|107\/281
|
|-weather|Hail|[upkeep]
|-damage|p1a: Sceptile|90\/281|[from] hail
|-damage|p2a: Hippowdon|195\/420|[from] hail
|turn|27
|
|move|p1a: Sceptile|Giga Drain|p2a: Hippowdon
|-crit|p2a: Hippowdon
|-supereffective|p2a: Hippowdon
|-damage|p2a: Hippowdon|0 fnt
|-heal|p1a: Sceptile|188\/281|[from] drain|[of] p2a: Hippowdon
|faint|p2a: Hippowdon
|
|-weather|none
|
|switch|p2a: Alakazam|Alakazam-Mega, M|72\/251
|-ability|p2a: Alakazam|Lightning Rod|[from] ability: Trace|[of] p1a: Sceptile
|turn|28
|c|★DMT|tbh
|c|+SmashBrosBrawl|dont even
|c|★DMT|icebeam cune
|c|+SmashBrosBrawl|predict
|join|Ajna
|c|+SmashBrosBrawl|sack this
|c|+SmashBrosBrawl|trick suicune
|c|+SmashBrosBrawl|go to vap
|c|+SmashBrosBrawl|win
|c|★CoolStoryBrobat|And if he's Healing Wish?
|c|+SmashBrosBrawl|he isnt real
|leave|Ajna
|
|move|p2a: Alakazam|Psyshock|p1a: Sceptile
|-damage|p1a: Sceptile|0 fnt
|faint|p1a: Sceptile
|
|
|switch|p1a: Vaporeon|Vaporeon, M|464\/464
|turn|29
|c|+SmashBrosBrawl|,
|
|switch|p2a: Suicune|Suicune|322\/368
|-ability|p2a: Suicune|Pressure
|move|p1a: Vaporeon|Baton Pass|p1a: Vaporeon
|leave|THE_iTodd
|
|switch|p1a: Jirachi|Jirachi|200\/341
|
|-heal|p2a: Suicune|345\/368|[from] item: Leftovers
|turn|30
|c|★DMT|50
|c|★DMT|50
|c|+dodmen|whut
|
|switch|p2a: Alakazam|Alakazam-Mega, M|72\/251
|-ability|p2a: Alakazam|Serene Grace|[from] ability: Trace|[of] p1a: Jirachi
|move|p1a: Jirachi|Trick|p2a: Alakazam
|-fail|p2a: Alakazam
|
|turn|31
|c|★DMT|oops
|c|+dodmen|BROBAT
|c|+SmashBrosBrawl|,
|c|+dodmen|IS
|join|Heimerdinger Farms
|c|+dodmen|A
|c|+dodmen|GOD
|c|★CoolStoryBrobat|Guhuhuhuhahahaha
|c|+SmashBrosBrawl|o
|c|+SmashBrosBrawl|p
|c|+SmashBrosBrawl|s
|c|+SmashBrosBrawl|o
|c|+SmashBrosBrawl|p
|c|+SmashBrosBrawl|s
|c|★DMT|I can still
|c|★DMT|flinch cune down
|c|★DMT|I have a chance
|c|★CoolStoryBrobat|Serene Grace Shadow Ball says nein
|
|switch|p1a: Vaporeon|Vaporeon, M|464\/464
|move|p2a: Alakazam|Shadow Ball|p1a: Vaporeon
|-damage|p1a: Vaporeon|334\/464
|-unboost|p1a: Vaporeon|spd|1
|
|-heal|p1a: Vaporeon|363\/464|[from] item: Leftovers
|turn|32
|c|+SmashBrosBrawl|mfw
|c|+dodmen|welp
|c|+dodmen|that did
|c|+SmashBrosBrawl|lucky
|c|+SmashBrosBrawl|bp
|c|+SmashBrosBrawl|bp
|c|+SmashBrosBrawl|bp
|c|★DMT|burn
|c|+SmashBrosBrawl|bp
|c|★DMT|burn
|c|★DMT|burn
|c|★DMT|burn
|c|★DMT|burn
|c|+SmashBrosBrawl|bp
|c|+SmashBrosBrawl|bp
|c|+SmashBrosBrawl|bp
|c|+SmashBrosBrawl|bp
|
|move|p2a: Alakazam|Psyshock|p1a: Vaporeon
|-crit|p1a: Vaporeon
|-damage|p1a: Vaporeon|99\/464
|move|p1a: Vaporeon|Scald|p2a: Alakazam
|-crit|p2a: Alakazam
|-damage|p2a: Alakazam|0 fnt
|faint|p2a: Alakazam
|
|-heal|p1a: Vaporeon|128\/464|[from] item: Leftovers
|
|switch|p2a: Suicune|Suicune|345\/368
|-ability|p2a: Suicune|Pressure
|turn|33
|c|+SmashBrosBrawl|brobat
|c|+SmashBrosBrawl|stop
|c|+SmashBrosBrawl|hacking
|join|KouBi
|join|Cyndequil
|
|move|p2a: Suicune|Substitute|p2a: Suicune
|-start|p2a: Suicune|Substitute
|-damage|p2a: Suicune|253\/368
|move|p1a: Vaporeon|Scald|p2a: Suicune
|-resisted|p2a: Suicune
|-activate|p2a: Suicune|Substitute|[damage]
|
|-heal|p2a: Suicune|276\/368|[from] item: Leftovers
|-heal|p1a: Vaporeon|157\/464|[from] item: Leftovers
|turn|34
|c|+dodmen|that
|c|+SmashBrosBrawl|dmt
|
|move|p2a: Suicune|Calm Mind|p2a: Suicune
|-boost|p2a: Suicune|spa|1
|-boost|p2a: Suicune|spd|1
|move|p1a: Vaporeon|Baton Pass|p1a: Vaporeon
|c|+SmashBrosBrawl|wtf
|c|+SmashBrosBrawl|u didnt bp
|c|+dodmen|is awkward
|
|switch|p1a: Jirachi|Jirachi|200\/341
|
|-heal|p2a: Suicune|299\/368|[from] item: Leftovers
|turn|35
|c|+SmashBrosBrawl|gr8
|c|★CoolStoryBrobat|BPing the -1
|c|+SmashBrosBrawl|now wat
|c|★CoolStoryBrobat|lol
|
|switch|p1a: Vaporeon|Vaporeon, M|157\/464
|move|p2a: Suicune|Calm Mind|p2a: Suicune
|-boost|p2a: Suicune|spa|1
|-boost|p2a: Suicune|spd|1
|
|-heal|p2a: Suicune|322\/368|[from] item: Leftovers
|-heal|p1a: Vaporeon|186\/464|[from] item: Leftovers
|turn|36
|
|move|p2a: Suicune|Calm Mind|p2a: Suicune
|-boost|p2a: Suicune|spa|1
|-boost|p2a: Suicune|spd|1
|move|p1a: Vaporeon|Scald|p2a: Suicune
|-resisted|p2a: Suicune
|-activate|p2a: Suicune|Substitute|[damage]
|
|-heal|p2a: Suicune|345\/368|[from] item: Leftovers
|-heal|p1a: Vaporeon|215\/464|[from] item: Leftovers
|turn|37
|
|move|p2a: Suicune|Ice Beam|p1a: Vaporeon
|-resisted|p1a: Vaporeon
|-damage|p1a: Vaporeon|102\/464
|move|p1a: Vaporeon|Baton Pass|p1a: Vaporeon
|c|+SmashBrosBrawl|rofl
|
|switch|p1a: Jirachi|Jirachi|200\/341
|
|-heal|p2a: Suicune|368\/368|[from] item: Leftovers
|turn|38
|leave|test232423423
|c|+SmashBrosBrawl|live
|c|+SmashBrosBrawl|live
|
|move|p1a: Jirachi|Healing Wish|p1a: Jirachi
|faint|p1a: Jirachi
|move|p2a: Suicune|Ice Beam|p1: Jirachi|[notarget]
|-notarget
|
|c|+SmashBrosBrawl|,
|
|switch|p1a: Vaporeon|Vaporeon, M|102\/464
|-heal|p1a: Vaporeon|464\/464|[from] move: Healing Wish
|turn|39
|c|★CoolStoryBrobat|Trick + HW
|c|★CoolStoryBrobat|ok
|
|move|p2a: Suicune|Calm Mind|p2a: Suicune
|-boost|p2a: Suicune|spa|1
|-boost|p2a: Suicune|spd|1
|move|p1a: Vaporeon|Wish|p1a: Vaporeon
|
|turn|40
|c|+SmashBrosBrawl|not even
|
|move|p2a: Suicune|Calm Mind|p2a: Suicune
|-boost|p2a: Suicune|spa|1
|-boost|p2a: Suicune|spd|1
|move|p1a: Vaporeon|Baton Pass|p1a: Vaporeon
|-fail|p1a: Vaporeon
|
|turn|41
|join|Gerald Eugene III
|c|+SmashBrosBrawl|zen headbutt
|c|+dodmen|is this some modchat shit or something
|c|★DMT|ya
|c|+SmashBrosBrawl|dmt stop stalling
|c|+SmashBrosBrawl|neiger
|c|+dodmen|o
|c|★CoolStoryBrobat|Does Healing Wish restore PP
|c|★CoolStoryBrobat|Or is it just Lunar Dance
|
|move|p2a: Suicune|Calm Mind|p2a: Suicune
|-boost|p2a: Suicune|spa|1
|-boost|p2a: Suicune|spd|1
|move|p1a: Vaporeon|Baton Pass|p1a: Vaporeon
|-fail|p1a: Vaporeon
|
|turn|42
|c|+SmashBrosBrawl|!Data lunar dance
|c|~|\/data-move Lunar Dance

|
|move|p2a: Suicune|Ice Beam|p1a: Vaporeon
|-resisted|p1a: Vaporeon
|-damage|p1a: Vaporeon|261\/464
|-status|p1a: Vaporeon|frz
|-curestatus|p1a: Vaporeon|frz
|move|p1a: Vaporeon|Scald|p2a: Suicune
|-crit|p2a: Suicune
|-resisted|p2a: Suicune
|-end|p2a: Suicune|Substitute
|
|-heal|p1a: Vaporeon|290\/464|[from] item: Leftovers
|turn|43
|c|+SmashBrosBrawl|!healing wish
|c|+dodmen|ez
|
|move|p2a: Suicune|Ice Beam|p1a: Vaporeon
|-resisted|p1a: Vaporeon
|-damage|p1a: Vaporeon|93\/464
|move|p1a: Vaporeon|Wish|p1a: Vaporeon
|
|-heal|p1a: Vaporeon|122\/464|[from] item: Leftovers
|turn|44
|c|+dodmen|ez
|c|+SmashBrosBrawl|!data healing wis
No Pokemon, item, move, ability or nature named 'healing wis' was found. Showing the data of 'Healing Wish' instead.
|c|~|\/data-move Healing Wish

|c|+SmashBrosBrawl|n0
|
|move|p1a: Vaporeon|Protect|p1a: Vaporeon
|-singleturn|p1a: Vaporeon|Protect
|move|p2a: Suicune|Ice Beam|p1a: Vaporeon
|-activate|p1a: Vaporeon|Protect
|
|-heal|p1a: Vaporeon|354\/464|[from] move: Wish|[wisher] Vaporeon
|-heal|p1a: Vaporeon|383\/464|[from] item: Leftovers
|turn|45
|
|move|p2a: Suicune|Ice Beam|p1a: Vaporeon
|-resisted|p1a: Vaporeon
|-damage|p1a: Vaporeon|196\/464
|move|p1a: Vaporeon|Scald|p2a: Suicune
|-resisted|p2a: Suicune
|-damage|p2a: Suicune|357\/368
|
|-heal|p2a: Suicune|368\/368|[from] item: Leftovers
|-heal|p1a: Vaporeon|225\/464|[from] item: Leftovers
|turn|46
|c|★DMT|burn
|c|★DMT|plz
|c|★CoolStoryBrobat|Gonna freeze you before you can pull this
|c|★DMT|fuuuuuuuuuuuuuuuuuuuuuuuck
|
|move|p2a: Suicune|Substitute|p2a: Suicune
|-start|p2a: Suicune|Substitute
|-damage|p2a: Suicune|276\/368
|move|p1a: Vaporeon|Wish|p1a: Vaporeon
|
|-heal|p2a: Suicune|299\/368|[from] item: Leftovers
|-heal|p1a: Vaporeon|254\/464|[from] item: Leftovers
|turn|47
|
|move|p2a: Suicune|Ice Beam|p1a: Vaporeon
|-resisted|p1a: Vaporeon
|-damage|p1a: Vaporeon|67\/464
|move|p1a: Vaporeon|Scald|p2a: Suicune
|-resisted|p2a: Suicune
|-activate|p2a: Suicune|Substitute|[damage]
|
|-heal|p1a: Vaporeon|299\/464|[from] move: Wish|[wisher] Vaporeon
|-heal|p2a: Suicune|322\/368|[from] item: Leftovers
|-heal|p1a: Vaporeon|328\/464|[from] item: Leftovers
|turn|48
|c|★DMT|crut
|c|+SmashBrosBrawl|SUB
|
|move|p2a: Suicune|Ice Beam|p1a: Vaporeon
|-resisted|p1a: Vaporeon
|-damage|p1a: Vaporeon|144\/464
|move|p1a: Vaporeon|Wish|p1a: Vaporeon
|
|-heal|p2a: Suicune|345\/368|[from] item: Leftovers
|-heal|p1a: Vaporeon|173\/464|[from] item: Leftovers
|turn|49
|
|move|p1a: Vaporeon|Protect|p1a: Vaporeon
|-singleturn|p1a: Vaporeon|Protect
|move|p2a: Suicune|Ice Beam|p1a: Vaporeon
|-activate|p1a: Vaporeon|Protect
|
|-heal|p1a: Vaporeon|405\/464|[from] move: Wish|[wisher] Vaporeon
|-heal|p2a: Suicune|368\/368|[from] item: Leftovers
|-heal|p1a: Vaporeon|434\/464|[from] item: Leftovers
|turn|50
|
|move|p2a: Suicune|Ice Beam|p1a: Vaporeon
|-resisted|p1a: Vaporeon
|-damage|p1a: Vaporeon|235\/464
|move|p1a: Vaporeon|Wish|p1a: Vaporeon
|
|-heal|p1a: Vaporeon|264\/464|[from] item: Leftovers
|turn|51
|c|★DMT|I feel like
|leave|MARCU5theBAW5
|c|+dodmen|conserve iec beams pls
|c|★DMT|had there have been a burn there
|
|move|p2a: Suicune|Scald|p1a: Vaporeon
|-heal|p1a: Vaporeon|380\/464|[from] ability: Water Absorb|[of] p2a: Suicune
|move|p1a: Vaporeon|Scald|p2a: Suicune
|-resisted|p2a: Suicune
|-activate|p2a: Suicune|Substitute|[damage]
|
|-heal|p1a: Vaporeon|464\/464|[from] move: Wish|[wisher] Vaporeon
|turn|52
|
|move|p2a: Suicune|Ice Beam|p1a: Vaporeon
|-crit|p1a: Vaporeon
|-resisted|p1a: Vaporeon
|-damage|p1a: Vaporeon|184\/464
|move|p1a: Vaporeon|Scald|p2a: Suicune
|-crit|p2a: Suicune
|-resisted|p2a: Suicune
|-end|p2a: Suicune|Substitute
|
|-heal|p1a: Vaporeon|213\/464|[from] item: Leftovers
|turn|53
|c|+SmashBrosBrawl|yes if you had burned
|c|+dodmen|e
|c|+SmashBrosBrawl|brobat wouldve lost
|c|+dodmen|z
|c|+SmashBrosBrawl|like a tard
|
|move|p2a: Suicune|Ice Beam|p1a: Vaporeon
|-resisted|p1a: Vaporeon
|-damage|p1a: Vaporeon|29\/464
|move|p1a: Vaporeon|Scald|p2a: Suicune
|-resisted|p2a: Suicune
|-damage|p2a: Suicune|356\/368
|
|-heal|p2a: Suicune|368\/368|[from] item: Leftovers
|-heal|p1a: Vaporeon|58\/464|[from] item: Leftovers
|turn|54
|c|★DMT|burn
|c|★DMT|HNGGGGGGGGGGG
|c|★CoolStoryBrobat|Freeze
|c|★DMT|gg
|
|move|p2a: Suicune|Ice Beam|p1a: Vaporeon
|-resisted|p1a: Vaporeon
|-damage|p1a: Vaporeon|0 fnt
|faint|p1a: Vaporeon
|
|win|CoolStoryBrobat
|c|★CoolStoryBrobat|gg
|leave|Erasthamus
|c|+SmashBrosBrawl|hp
|c|+SmashBrosBrawl|electric
|leave|newfren
|c|+SmashBrosBrawl|here
|c|+dodmen|i am sorry for shitting up the chat
|leave|SmashBrosBrawl
|c|+dodmen|when you had modchaton
|leave|Gerald Eugene III
|leave|dodmen
|join|LiberalLucario
|leave|Bob the Bae
|leave|SW4GILYPH
|leave|CoolStoryBrobat
|player|p2
|leave|LessThanThreeMan
|join|Gerald Eugene III
|leave|Living Proof
|leave|fvgbhjnmk
|leave|LiberalLucario
|leave|Gerald Eugene III
|leave|ChewbaccaFlocka
|join|ChewbaccaFlocka
|leave|Heimerdinger Farms
|leave|D a d 's' D a d
|leave|ChewbaccaFlocka
|join|ChewbaccaFlocka
|leave|ChewbaccaFlocka
|leave|Colbrushie
|join|Gay Bear Sex
|join|ChewbaccaFlocka
|leave|ChewbaccaFlocka
|join|ChewbaccaFlocka
|join|Colbrushie
|leave|ChewbaccaFlocka
|leave|ZvZ
|leave|Gay Bear Sex
|leave|Cyndequil
|leave|MrGatr
|join|Bob the Bae
|leave|Bob the Bae
|leave|Dolph The Showoff