|join|Meruu
|join|CoolStoryBrobat
|player|p1|Meruu|174
|player|p2|CoolStoryBrobat|#coolstorybrobat
|gametype|singles
|gen|6
|tier|UU
|rule|Sleep Clause Mod: Limit one foe put to sleep
|rule|Species Clause: Limit one of each Pokémon
|rule|OHKO Clause: OHKO moves are banned
|rule|Moody Clause: Moody is banned
|rule|Evasion Moves Clause: Evasion moves are banned
|rule|Endless Battle Clause: Forcing endless battles is banned
|rule|HP Percentage Mod: HP is shown in percentages
|clearpoke
|poke|p1|Lucario, M
|poke|p1|Zygarde
|poke|p1|Mienshao, M
|poke|p1|Azelf
|poke|p1|Celebi
|poke|p1|Raikou
|poke|p2|Swampert, M
|poke|p2|Tornadus, M
|poke|p2|Goodra, F
|poke|p2|Jirachi
|poke|p2|Tentacruel, M
|poke|p2|Whimsicott, F
|rule|Swagger Clause: Swagger is banned
|rule|Baton Pass Clause: Limit one Pokémon knowing Baton Pass
|teampreview
|join|Kyla's Nightmare
|join|LiberalLucario
|join|ahyueah
|c| LiberalLucario|oh this is your
|
|start
|switch|p1a: Zygarde|Zygarde|367\/367
|switch|p2a: Jirachi|Jirachi|404\/404
|-ability|p1a: Zygarde|Aura Break
|turn|1
|c| LiberalLucario|espeed espeed scarf team
|
|move|p1a: Zygarde|Earthquake|p2a: Jirachi
|-supereffective|p2a: Jirachi
|-damage|p2a: Jirachi|30\/404
|-damage|p1a: Zygarde|331\/367|[from] item: Life Orb
|move|p2a: Jirachi|U-turn|p1a: Zygarde
|-damage|p1a: Zygarde|287\/367
|join|BasedAaron
|join|UrNemesis357
|
|switch|p2a: Whimsicott|Whimsicott, F|261\/261
|
|turn|2
|c|★Meruu|ewww non max spe
|
|switch|p1a: Celebi|Celebi|357\/357
|move|p2a: Whimsicott|Moonblast|p1a: Celebi
|-damage|p1a: Celebi|228\/357
|
|turn|3
|
|move|p2a: Whimsicott|Moonblast|p1a: Celebi
|-damage|p1a: Celebi|111\/357
|-unboost|p1a: Celebi|spa|1
|move|p1a: Celebi|Seed Bomb|p2a: Whimsicott
|-resisted|p2a: Whimsicott
|-damage|p2a: Whimsicott|195\/261
|
|turn|4
|join|some weird shit
|
|move|p1a: Celebi|Sucker Punch|p2a: Whimsicott
|-resisted|p2a: Whimsicott
|-damage|p2a: Whimsicott|150\/261
|move|p2a: Whimsicott|Moonblast|p1a: Celebi
|-damage|p1a: Celebi|0 fnt
|faint|p1a: Celebi
|
|c|★Meruu|im weak to specs whims
|c|★Meruu|:[
|join|SmashBrosBrawl
|
|switch|p1a: Azelf|Azelf|291\/291
|turn|5
|
|move|p2a: Whimsicott|U-turn|p1a: Azelf
|-supereffective|p1a: Azelf
|-damage|p1a: Azelf|171\/291
|c| ahyueah|stop being weak to mons
|c|★CoolStoryBrobat|specs huh
|c|★Meruu|or pixie plate
|c|★Meruu|w \/ e
|
|switch|p2a: Jirachi|Jirachi|30\/404
|move|p1a: Azelf|Fire Blast|p2a: Jirachi|[miss]
|-miss|p1a: Azelf|p2a: Jirachi
|
|-heal|p2a: Jirachi|55\/404|[from] item: Leftovers
|turn|6
|
|move|p1a: Azelf|Stealth Rock|p2a: Jirachi
|-sidestart|p2: CoolStoryBrobat|move: Stealth Rock
|move|p2a: Jirachi|U-turn|p1a: Azelf
|-supereffective|p1a: Azelf
|-damage|p1a: Azelf|21\/291
|
|switch|p2a: Whimsicott|Whimsicott, F|150\/261
|-damage|p2a: Whimsicott|118\/261|[from] Stealth Rock
|
|turn|7
|
|move|p2a: Whimsicott|U-turn|p1a: Azelf
|-supereffective|p1a: Azelf
|-damage|p1a: Azelf|0 fnt
|faint|p1a: Azelf
|join|Lady Ciaran
|
|switch|p2a: Jirachi|Jirachi|55\/404
|-damage|p2a: Jirachi|30\/404|[from] Stealth Rock
|
|-heal|p2a: Jirachi|55\/404|[from] item: Leftovers
|join|sniperaim
|
|switch|p1a: Zygarde|Zygarde|287\/367
|-ability|p1a: Zygarde|Aura Break
|turn|8
|c|★Meruu|idk why u did that
|
|move|p1a: Zygarde|Dragon Dance|p1a: Zygarde
|-boost|p1a: Zygarde|atk|1
|-boost|p1a: Zygarde|spe|1
|move|p2a: Jirachi|U-turn|p1a: Zygarde
|-damage|p1a: Zygarde|242\/367
|
|switch|p2a: Wheaties|Swampert, M|344\/344
|-damage|p2a: Wheaties|323\/344|[from] Stealth Rock
|
|turn|9
|
|detailschange|p2a: Wheaties|Swampert-Mega, M
|message|Swampert has Mega Evolved into Mega Swampert!
|move|p1a: Zygarde|Earthquake|p2a: Wheaties
|-damage|p2a: Wheaties|50\/344
|-damage|p1a: Zygarde|206\/367|[from] item: Life Orb
|move|p2a: Wheaties|Ice Punch|p1a: Zygarde
|-supereffective|p1a: Zygarde
|-damage|p1a: Zygarde|0 fnt
|faint|p1a: Zygarde
|
|
|switch|p1a: Mienshao|Mienshao, M|271\/271
|turn|10
|
|switch|p2a: Jirachi|Jirachi|55\/404
|-damage|p2a: Jirachi|30\/404|[from] Stealth Rock
|move|p1a: Mienshao|U-turn|p2a: Jirachi
|-damage|p2a: Jirachi|0 fnt
|faint|p2a: Jirachi
|
|switch|p1a: Raikou|Raikou|321\/321
|-ability|p1a: Raikou|Pressure
|
|
|switch|p2a: Goodra|Goodra, F|374\/374
|-damage|p2a: Goodra|328\/374|[from] Stealth Rock
|turn|11
|
|move|p1a: Raikou|Volt Switch|p2a: Goodra
|-resisted|p2a: Goodra
|-damage|p2a: Goodra|271\/374
|-damage|p1a: Raikou|289\/321|[from] item: Life Orb
|leave|sniperaim
|
|switch|p1a: Mienshao|Mienshao, M|271\/271
|move|p2a: Goodra|Earthquake|p1a: Mienshao
|-damage|p1a: Mienshao|20\/271
|
|turn|12
|
|move|p1a: Mienshao|High Jump Kick|p2a: Goodra
|-crit|p2a: Goodra
|-damage|p2a: Goodra|0 fnt
|faint|p2a: Goodra
|
|
|switch|p2a: Tornadus|Tornadus, M|299\/299
|-damage|p2a: Tornadus|225\/299|[from] Stealth Rock
|turn|13
|
|move|p1a: Mienshao|High Jump Kick|p2a: Tornadus|[miss]
|-miss|p1a: Mienshao|p2a: Tornadus
|-damage|p1a: Mienshao|0 fnt|[from] highjumpkick
|faint|p1a: Mienshao
|move|p2a: Tornadus|Superpower|p1: Mienshao|[notarget]
|-notarget
|
|c|★Meruu|l0l
|
|switch|p1a: Raikou|Raikou|289\/321
|-ability|p1a: Raikou|Pressure
|turn|14
|c| Lady Ciaran|Mfw no Jump kick
|c|★CoolStoryBrobat|It's not like letting it be alive would matter much
|c|★Meruu|would rather not have to take LO recoil
|c|★Meruu|but w\/e
|
|move|p2a: Tornadus|Rain Dance|p2a: Tornadus
|-weather|RainDance
|move|p1a: Raikou|Volt Switch|p2a: Tornadus
|-supereffective|p2a: Tornadus
|-damage|p2a: Tornadus|0 fnt
|-damage|p1a: Raikou|257\/321|[from] item: Life Orb
|faint|p2a: Tornadus
|
|switch|p1a: Lucario|Lucario, M|281\/281
|
|-weather|RainDance|[upkeep]
|
|switch|p2a: Tentacruel|Tentacruel, M|363\/363
|-damage|p2a: Tentacruel|318\/363|[from] Stealth Rock
|turn|15
|
|switch|p1a: Raikou|Raikou|257\/321
|-ability|p1a: Raikou|Pressure
|move|p2a: Tentacruel|Scald|p1a: Raikou
|-damage|p1a: Raikou|149\/321
|
|-weather|RainDance|[upkeep]
|-heal|p2a: Tentacruel|340\/363|[from] item: Black Sludge
|turn|16
|leave|LiberalLucario
|c|★Meruu|no rain dish?
|c|★CoolStoryBrobat|Nah not 100% dedicated rain
|c|★Meruu|but it's still
|c|★Meruu|good enough
|c|★CoolStoryBrobat|I like keeping Clear Body to ignore webs
|join|MegaShuckle2015
|c|★Meruu|o
|c|★Meruu|ya otherwise webs a shit
|
|switch|p2a: Whimsicott|Whimsicott, F|118\/261
|-damage|p2a: Whimsicott|86\/261|[from] Stealth Rock
|move|p1a: Raikou|Extrasensory|p2a: Whimsicott
|-damage|p2a: Whimsicott|0 fnt
|-damage|p1a: Raikou|117\/321|[from] item: Life Orb
|faint|p2a: Whimsicott
|
|-weather|RainDance|[upkeep]
|
|switch|p2a: Wheaties|Swampert-Mega, M|50\/344
|-damage|p2a: Wheaties|29\/344|[from] Stealth Rock
|turn|17
|
|move|p2a: Wheaties|Earthquake|p1a: Raikou
|-supereffective|p1a: Raikou
|-damage|p1a: Raikou|0 fnt
|faint|p1a: Raikou
|
|-weather|RainDance|[upkeep]
|
|switch|p1a: Lucario|Lucario, M|281\/281
|turn|18
|
|move|p1a: Lucario|Extreme Speed|p2a: Wheaties
|-damage|p2a: Wheaties|0 fnt
|-damage|p1a: Lucario|253\/281|[from] item: Life Orb
|faint|p2a: Wheaties
|
|-weather|none
|
|switch|p2a: Tentacruel|Tentacruel, M|340\/363
|-damage|p2a: Tentacruel|295\/363|[from] Stealth Rock
|turn|19
|
|move|p1a: Lucario|Swords Dance|p1a: Lucario
|-boost|p1a: Lucario|atk|2
|move|p2a: Tentacruel|Scald|p1a: Lucario
|-damage|p1a: Lucario|150\/281
|
|-heal|p2a: Tentacruel|317\/363|[from] item: Black Sludge
|turn|20
|
|move|p1a: Lucario|Extreme Speed|p2a: Tentacruel
|-damage|p2a: Tentacruel|90\/363
|-damage|p1a: Lucario|122\/281|[from] item: Life Orb
|move|p2a: Tentacruel|Scald|p1a: Lucario
|-damage|p1a: Lucario|17\/281
|
|-heal|p2a: Tentacruel|112\/363|[from] item: Black Sludge
|turn|21
|c|★Meruu|hue
|c|★Meruu|gg
|c|★CoolStoryBrobat|oh well
|leave|UrNemesis357
|c|★CoolStoryBrobat|My Scalds typically have a 10% burn rate as opposed to 90%
|c|★CoolStoryBrobat|gg
|c|★Meruu|torn + swamp in general
|
|move|p1a: Lucario|Close Combat|p2a: Tentacruel
|-resisted|p2a: Tentacruel
|-damage|p2a: Tentacruel|0 fnt
|-unboost|p1a: Lucario|def|1
|-unboost|p1a: Lucario|spd|1
|-damage|p1a: Lucario|0 fnt|[from] item: Life Orb
|faint|p2a: Tentacruel
|faint|p1a: Lucario
|
|win|Meruu
|c|★Meruu|is rly good
|c|★Meruu|i was actually gonna make a team with it too
|leave|SmashBrosBrawl
|join|watfor
|c|★Meruu|o.o