|join|CoolStoryBrobat
|join|fallgaze
|player|p1|CoolStoryBrobat|#coolstorybrobat
|player|p2|fallgaze|183
|gametype|singles
|gen|6
|tier|UU
|rule|Sleep Clause Mod: Limit one foe put to sleep
|rule|Species Clause: Limit one of each Pokémon
|rule|OHKO Clause: OHKO moves are banned
|rule|Moody Clause: Moody is banned
|rule|Evasion Moves Clause: Evasion moves are banned
|rule|Endless Battle Clause: Forcing endless battles is banned
|rule|HP Percentage Mod: HP is shown in percentages
|clearpoke
|poke|p1|Suicune
|poke|p1|Chesnaught, M
|poke|p1|Donphan, M
|poke|p1|Aerodactyl, F
|poke|p1|Machamp, F
|poke|p1|Jirachi
|poke|p2|Shaymin, shiny
|poke|p2|Jirachi, shiny
|poke|p2|Infernape, F
|poke|p2|Absol, M, shiny
|poke|p2|Starmie
|poke|p2|Toxicroak, M, shiny
|rule|Swagger Clause: Swagger is banned
|rule|Baton Pass Clause: Limit one Pokémon knowing Baton Pass
|teampreview
|join|dodmen
|join|RowDog
|c|+dodmen|dang brobat didn't we build a team once that looked a lot like this
|
|start
|switch|p1a: Machamp|Machamp, F|364\/364
|switch|p2a: Kiddy Dang|Infernape, F|293\/293
|turn|1
|c|★CoolStoryBrobat|Kinda
|c|★CoolStoryBrobat|It was involuntary though
|c|+dodmen|ye
|join|piolo9
|c|★CoolStoryBrobat|I was pulling stuff together on a whim
|
|move|p2a: Kiddy Dang|Fake Out|p1a: Machamp
|-damage|p1a: Machamp|315\/364
|cant|p1a: Machamp|flinch
|
|turn|2
|
|move|p2a: Kiddy Dang|Stealth Rock|p1a: Machamp
|-sidestart|p1: CoolStoryBrobat|move: Stealth Rock
|move|p1a: Machamp|Knock Off|p2a: Kiddy Dang
|-resisted|p2a: Kiddy Dang
|-damage|p2a: Kiddy Dang|215\/293
|-enditem|p2a: Kiddy Dang|Focus Sash|[from] move: Knock Off|[of] p1a: Machamp
|
|turn|3
|join|Tipsy Russian
|join|mzcxxcv
|
|move|p2a: Kiddy Dang|Close Combat|p1a: Machamp
|-damage|p1a: Machamp|80\/364
|-unboost|p2a: Kiddy Dang|def|1
|-unboost|p2a: Kiddy Dang|spd|1
|move|p1a: Machamp|Close Combat|p2a: Kiddy Dang
|-damage|p2a: Kiddy Dang|0 fnt
|-unboost|p1a: Machamp|def|1
|-unboost|p1a: Machamp|spd|1
|faint|p2a: Kiddy Dang
|
|
|switch|p2a: Kowaii|Shaymin, shiny|341\/341
|turn|4
|
|move|p2a: Kowaii|Seed Flare|p1a: Machamp
|-damage|p1a: Machamp|0 fnt
|faint|p1a: Machamp
|
|
|switch|p1a: Jirachi|Jirachi|404\/404
|-damage|p1a: Jirachi|379\/404|[from] Stealth Rock
|turn|5
|
|move|p2a: Kowaii|Protect|p2a: Kowaii
|-singleturn|p2a: Kowaii|Protect
|move|p1a: Jirachi|Iron Head|p2a: Kowaii
|-activate|p2a: Kowaii|Protect
|
|-heal|p1a: Jirachi|404\/404|[from] item: Leftovers
|turn|6
|
|move|p2a: Kowaii|Leech Seed|p1a: Jirachi
|-start|p1a: Jirachi|move: Leech Seed
|move|p1a: Jirachi|Iron Head|p2a: Kowaii
|-damage|p2a: Kowaii|248\/341
|
|-heal|p2a: Kowaii|269\/341|[from] item: Leftovers
|-damage|p1a: Jirachi|354\/404|[from] Leech Seed|[of] p2a: Kowaii
|-heal|p2a: Kowaii|319\/341|[silent]
|turn|7
|
|switch|p2a: Wishful Thinking|Jirachi, shiny|341\/341
|move|p1a: Jirachi|Toxic|p2a: Wishful Thinking
|-fail|p2a: Wishful Thinking
|
|-heal|p1a: Jirachi|379\/404|[from] item: Leftovers
|-damage|p1a: Jirachi|329\/404|[from] Leech Seed|[of] p2a: Wishful Thinking
|turn|8
|
|switch|p1a: Chesnaught|Chesnaught, M|379\/379
|-damage|p1a: Chesnaught|356\/379|[from] Stealth Rock
|move|p2a: Wishful Thinking|Iron Head|p1a: Chesnaught
|-damage|p1a: Chesnaught|272\/379
|
|-heal|p1a: Chesnaught|295\/379|[from] item: Leftovers
|turn|9
|
|move|p2a: Wishful Thinking|Iron Head|p1a: Chesnaught
|-damage|p1a: Chesnaught|205\/379
|move|p1a: Chesnaught|Spikes|p2a: Wishful Thinking
|-sidestart|p2: fallgaze|Spikes
|
|-heal|p1a: Chesnaught|228\/379|[from] item: Leftovers
|turn|10
|
|switch|p1a: Donphan|Donphan, M|364\/364
|-damage|p1a: Donphan|342\/364|[from] Stealth Rock
|move|p2a: Wishful Thinking|Iron Head|p1a: Donphan
|-damage|p1a: Donphan|240\/364
|
|-heal|p1a: Donphan|262\/364|[from] item: Leftovers
|turn|11
|
|switch|p2a: Kowaii|Shaymin, shiny|319\/341
|-damage|p2a: Kowaii|277\/341|[from] Spikes
|move|p1a: Donphan|Earthquake|p2a: Kowaii
|-resisted|p2a: Kowaii
|-damage|p2a: Kowaii|188\/341
|
|-heal|p2a: Kowaii|209\/341|[from] item: Leftovers
|-heal|p1a: Donphan|284\/364|[from] item: Leftovers
|turn|12
|
|switch|p1a: Chesnaught|Chesnaught, M|228\/379
|-damage|p1a: Chesnaught|205\/379|[from] Stealth Rock
|move|p2a: Kowaii|Leech Seed|p1a: Chesnaught
|-immune|p1a: Chesnaught|[msg]
|
|-heal|p2a: Kowaii|230\/341|[from] item: Leftovers
|-heal|p1a: Chesnaught|228\/379|[from] item: Leftovers
|turn|13
|
|switch|p1a: Aerodactyl|Aerodactyl, F|311\/311
|-damage|p1a: Aerodactyl|234\/311|[from] Stealth Rock
|move|p2a: Kowaii|Air Slash|p1a: Aerodactyl
|-resisted|p1a: Aerodactyl
|-damage|p1a: Aerodactyl|186\/311
|
|-heal|p2a: Kowaii|251\/341|[from] item: Leftovers
|turn|14
|
|switch|p2a: Rei Mu|Absol, M, shiny|271\/271
|-damage|p2a: Rei Mu|238\/271|[from] Spikes
|detailschange|p1a: Aerodactyl|Aerodactyl-Mega, F
|-mega|p1a: Aerodactyl|Aerodactyl|Aerodactylite
|move|p1a: Aerodactyl|Aerial Ace|p2a: Rei Mu
|-damage|p2a: Rei Mu|9\/271
|
|turn|15
|join|Frickett
|
|detailschange|p2a: Rei Mu|Absol-Mega, M, shiny
|-mega|p2a: Rei Mu|Absol|Absolite
|move|p2a: Rei Mu|Sucker Punch|p1a: Aerodactyl
|-fail|p2a: Rei Mu
|move|p1a: Aerodactyl|Hone Claws|p1a: Aerodactyl
|-boost|p1a: Aerodactyl|atk|1
|-boost|p1a: Aerodactyl|accuracy|1
|
|turn|16
|
|move|p2a: Rei Mu|Sucker Punch|p1a: Aerodactyl
|-fail|p2a: Rei Mu
|move|p1a: Aerodactyl|Hone Claws|p1a: Aerodactyl
|-boost|p1a: Aerodactyl|atk|1
|-boost|p1a: Aerodactyl|accuracy|1
|
|turn|17
|
|move|p1a: Aerodactyl|Hone Claws|p1a: Aerodactyl
|-boost|p1a: Aerodactyl|atk|1
|-boost|p1a: Aerodactyl|accuracy|1
|move|p2a: Rei Mu|Knock Off|p1a: Aerodactyl
|-damage|p1a: Aerodactyl|33\/311
|
|turn|18
|join|InnovativeUsername
|
|move|p2a: Rei Mu|Sucker Punch|p1a: Aerodactyl
|-fail|p2a: Rei Mu
|move|p1a: Aerodactyl|Hone Claws|p1a: Aerodactyl
|-boost|p1a: Aerodactyl|atk|1
|-boost|p1a: Aerodactyl|accuracy|1
|
|turn|19
|
|move|p1a: Aerodactyl|Aerial Ace|p2a: Rei Mu
|-crit|p2a: Rei Mu
|-damage|p2a: Rei Mu|0 fnt
|faint|p2a: Rei Mu
|
|
|switch|p2a: Wishful Thinking|Jirachi, shiny|341\/341
|-damage|p2a: Wishful Thinking|299\/341|[from] Spikes
|turn|20
|
|switch|p1a: Donphan|Donphan, M|284\/364
|-damage|p1a: Donphan|262\/364|[from] Stealth Rock
|move|p2a: Wishful Thinking|U-turn|p1a: Donphan
|-damage|p1a: Donphan|205\/364
|leave|Frickett
|
|switch|p2a: Starring Me|Starmie|324\/324
|-damage|p2a: Starring Me|284\/324|[from] Spikes
|
|-heal|p2a: Starring Me|304\/324|[from] item: Leftovers
|-heal|p1a: Donphan|227\/364|[from] item: Leftovers
|turn|21
|
|move|p2a: Starring Me|Rapid Spin|p1a: Donphan
|-damage|p1a: Donphan|216\/364
|-sideend|p2: fallgaze|Spikes|[from] move: Rapid Spin|[of] p2a: Starring Me
|move|p1a: Donphan|Rapid Spin|p2a: Starring Me
|-damage|p2a: Starring Me|275\/324
|-sideend|p1: CoolStoryBrobat|Stealth Rock|[from] move: Rapid Spin|[of] p1a: Donphan
|
|-heal|p2a: Starring Me|295\/324|[from] item: Leftovers
|-heal|p1a: Donphan|238\/364|[from] item: Leftovers
|turn|22
|
|switch|p1a: Suicune|Suicune|404\/404
|-ability|p1a: Suicune|Pressure
|move|p2a: Starring Me|Scald|p1a: Suicune
|-crit|p1a: Suicune
|-resisted|p1a: Suicune
|-damage|p1a: Suicune|341\/404
|-status|p1a: Suicune|brn
|
|-heal|p2a: Starring Me|315\/324|[from] item: Leftovers
|-heal|p1a: Suicune|366\/404 brn|[from] item: Leftovers
|-damage|p1a: Suicune|316\/404 brn|[from] brn
|turn|23
|
|switch|p2a: Kowaii|Shaymin, shiny|251\/341
|move|p1a: Suicune|Scald|p2a: Kowaii
|-crit|p2a: Kowaii
|-resisted|p2a: Kowaii
|-damage|p2a: Kowaii|181\/341
|
|-heal|p2a: Kowaii|202\/341|[from] item: Leftovers
|-heal|p1a: Suicune|341\/404 brn|[from] item: Leftovers
|-damage|p1a: Suicune|291\/404 brn|[from] brn
|turn|24
|
|switch|p1a: Chesnaught|Chesnaught, M|228\/379
|move|p2a: Kowaii|Seed Flare|p1a: Chesnaught
|-resisted|p1a: Chesnaught
|-damage|p1a: Chesnaught|113\/379
|
|-heal|p2a: Kowaii|223\/341|[from] item: Leftovers
|-heal|p1a: Chesnaught|136\/379|[from] item: Leftovers
|turn|25
|
|move|p2a: Kowaii|Air Slash|p1a: Chesnaught
|-supereffective|p1a: Chesnaught
|-damage|p1a: Chesnaught|0 fnt
|faint|p1a: Chesnaught
|
|-heal|p2a: Kowaii|244\/341|[from] item: Leftovers
|
|switch|p1a: Aerodactyl|Aerodactyl-Mega, F|33\/311
|turn|26
|
|move|p2a: Kowaii|Protect|p2a: Kowaii
|-singleturn|p2a: Kowaii|Protect
|move|p1a: Aerodactyl|Earthquake|p2a: Kowaii
|-activate|p2a: Kowaii|Protect
|
|-heal|p2a: Kowaii|265\/341|[from] item: Leftovers
|turn|27
|
|switch|p2a: Starring Me|Starmie|315\/324
|move|p1a: Aerodactyl|Aerial Ace|p2a: Starring Me
|-damage|p2a: Starring Me|156\/324
|
|-heal|p2a: Starring Me|176\/324|[from] item: Leftovers
|turn|28
|
|move|p1a: Aerodactyl|Stone Edge|p2a: Starring Me|[miss]
|-miss|p1a: Aerodactyl|p2a: Starring Me
|move|p2a: Starring Me|Scald|p1a: Aerodactyl
|-supereffective|p1a: Aerodactyl
|-damage|p1a: Aerodactyl|0 fnt
|faint|p1a: Aerodactyl
|
|-heal|p2a: Starring Me|196\/324|[from] item: Leftovers
|c|★fallgaze|lucked out
|-message|CoolStoryBrobat forfeited.
|
|win|fallgaze
|leave|CoolStoryBrobat
|player|p1
|leave|dodmen