|join|subzeromkx
|join|bellicose
|player|p1|subzeromkx|20
|player|p2|bellicose|102
|gametype|singles
|gen|6
|tier|OU
|rated
|clearpoke
|poke|p1|Breloom, F
|poke|p1|Gardevoir, M
|poke|p1|Gengar, F
|poke|p1|Bisharp, M
|poke|p1|Latias, F
|poke|p1|Garchomp, F
|poke|p2|Azelf
|poke|p2|Landorus-Therian, M
|poke|p2|Ferrothorn, M
|poke|p2|Keldeo
|poke|p2|Sableye, F
|poke|p2|Heatran, F
|rule|Swagger Clause: Swagger is banned
|rule|Baton Pass Clause: Limit one Pokémon knowing Baton Pass
|rule|Sleep Clause Mod: Limit one foe put to sleep
|rule|Species Clause: Limit one of each Pokémon
|rule|OHKO Clause: OHKO moves are banned
|rule|Moody Clause: Moody is banned
|rule|Evasion Moves Clause: Evasion moves are banned
|rule|Endless Battle Clause: Forcing endless battles is banned
|rule|HP Percentage Mod: HP is shown in percentages
|teampreview
|c|★bellicose|My old friend
|c|★bellicose|!
|c|★subzeromkx|stfu
|c|★bellicose|Hows the ladder treating you
|c|★subzeromkx|who even are you
|c|★bellicose|since I last caused you a tilt
|join|Denis Alves
|c|★subzeromkx|?
|join|crappy gxe
|join|Updated Kanto
|c| crappy gxe|stfu with dignity
|join|Altilt
|join|Ebinola
|
|start
|switch|p1a: Gengar|Gengar, F|261\/261
|switch|p2a: Landorus-Therian|Landorus-Therian, M|319\/319
|-ability|p2a: Landorus-Therian|Intimidate|[of] p1a: Gengar
|-unboost|p1a: Gengar|atk|1
|turn|1
|c| crappy gxe|with dignity
|c| crappy gxe|with dignity
|
|switch|p1a: Kisame|Garchomp, F|420\/420
|move|p2a: Landorus-Therian|Knock Off|p1a: Kisame
|-damage|p1a: Kisame|323\/420
|-damage|p2a: Landorus-Therian|280\/319|[from] ability: Rough Skin|[of] p1a: Kisame
|-damage|p2a: Landorus-Therian|227\/319|[from] item: Rocky Helmet|[of] p1a: Kisame
|-enditem|p1a: Kisame|Rocky Helmet|[from] move: Knock Off|[of] p2a: Landorus-Therian
|
|turn|2
|join|PDC on the Youtube
|c| PDC on the Youtube|im recordin' this
|
|switch|p2a: Keldeo|Keldeo|323\/323
|move|p1a: Kisame|Stealth Rock|p2a: Keldeo
|-sidestart|p2: bellicose|move: Stealth Rock
|
|turn|3
|c| Ebinola|APOLOGIZE WITH DIGNITY
|join|Pmma
|
|switch|p1a: Latias|Latias, F|301\/301
|move|p2a: Keldeo|Scald|p1a: Latias
|-resisted|p1a: Latias
|-damage|p1a: Latias|216\/301
|-status|p1a: Latias|brn
|
|-damage|p1a: Latias|179\/301 brn|[from] brn
|turn|4
|
|switch|p1a: Bisharp|Bisharp, M|272\/272
|switch|p2a: Ferrothorn|Ferrothorn, M|352\/352
|-damage|p2a: Ferrothorn|330\/352|[from] Stealth Rock
|
|-heal|p2a: Ferrothorn|352\/352|[from] item: Leftovers
|turn|5
|
|move|p1a: Bisharp|Swords Dance|p1a: Bisharp
|-boost|p1a: Bisharp|atk|2
|move|p2a: Ferrothorn|Stealth Rock|p1a: Bisharp
|-sidestart|p1: subzeromkx|move: Stealth Rock
|
|turn|6
|
|move|p1a: Bisharp|Knock Off|p2a: Ferrothorn
|-damage|p2a: Ferrothorn|19\/352
|-damage|p1a: Bisharp|238\/272|[from] ability: Iron Barbs|[of] p2a: Ferrothorn
|-enditem|p2a: Ferrothorn|Leftovers|[from] move: Knock Off|[of] p1a: Bisharp
|-damage|p1a: Bisharp|211\/272|[from] item: Life Orb
|move|p2a: Ferrothorn|Leech Seed|p1a: Bisharp|[miss]
|-miss|p2a: Ferrothorn|p1a: Bisharp
|
|turn|7
|join|DOGE EBINEST
|
|move|p1a: Bisharp|Knock Off|p2a: Ferrothorn
|-damage|p2a: Ferrothorn|0 fnt
|-damage|p1a: Bisharp|177\/272|[from] ability: Iron Barbs|[of] p2a: Ferrothorn
|-damage|p1a: Bisharp|150\/272|[from] item: Life Orb
|faint|p2a: Ferrothorn
|
|
|switch|p2a: Keldeo|Keldeo|323\/323
|-damage|p2a: Keldeo|303\/323|[from] Stealth Rock
|turn|8
|
|switch|p1a: Latias|Latias, F|179\/301 brn
|-damage|p1a: Latias|142\/301 brn|[from] Stealth Rock
|move|p2a: Keldeo|Scald|p1a: Latias
|-resisted|p1a: Latias
|-damage|p1a: Latias|59\/301 brn
|
|-damage|p1a: Latias|22\/301 brn|[from] brn
|turn|9
|
|switch|p2a: Heatran|Heatran, F|386\/386
|-damage|p2a: Heatran|338\/386|[from] Stealth Rock
|move|p1a: Latias|Healing Wish|p1a: Latias
|faint|p1a: Latias
|
|-heal|p2a: Heatran|362\/386|[from] item: Leftovers
|
|switch|p1a: Bisharp|Bisharp, M|150\/272
|-heal|p1a: Bisharp|272\/272|[from] move: Healing Wish
|-damage|p1a: Bisharp|255\/272|[from] Stealth Rock
|turn|10
|
|switch|p1a: Kisame|Garchomp, F|323\/420
|-damage|p1a: Kisame|297\/420|[from] Stealth Rock
|move|p2a: Heatran|Lava Plume|p1a: Kisame
|-resisted|p1a: Kisame
|-damage|p1a: Kisame|222\/420
|
|-heal|p2a: Heatran|386\/386|[from] item: Leftovers
|turn|11
|
|move|p2a: Heatran|Will-O-Wisp|p1a: Kisame
|-status|p1a: Kisame|brn
|move|p1a: Kisame|Hidden Power|p2a: Heatran
|-resisted|p2a: Heatran
|-damage|p2a: Heatran|377\/386
|
|-heal|p2a: Heatran|386\/386|[from] item: Leftovers
|-damage|p1a: Kisame|170\/420 brn|[from] brn
|turn|12
|c|★bellicose|Stinky kid
|join|nidvikie
|
|switch|p2a: Keldeo|Keldeo|303\/323
|-damage|p2a: Keldeo|283\/323|[from] Stealth Rock
|move|p1a: Kisame|Earthquake|p2a: Keldeo
|-damage|p2a: Keldeo|208\/323
|
|-damage|p1a: Kisame|118\/420 brn|[from] brn
|turn|13
|leave|nidvikie
|join|Vaporeon for UU
|
|move|p2a: Keldeo|Icy Wind|p1a: Kisame
|-miss|p2a: Keldeo|p1a: Kisame
|move|p1a: Kisame|Earthquake|p2a: Keldeo
|-damage|p2a: Keldeo|129\/323
|
|-damage|p1a: Kisame|66\/420 brn|[from] brn
|turn|14
|
|switch|p2a: Landorus-Therian|Landorus-Therian, M|227\/319
|-damage|p2a: Landorus-Therian|188\/319|[from] Stealth Rock
|-ability|p2a: Landorus-Therian|Intimidate|[of] p1a: Kisame
|-unboost|p1a: Kisame|atk|1
|move|p1a: Kisame|Earthquake|p2a: Landorus-Therian
|-immune|p2a: Landorus-Therian|[msg]
|
|-damage|p1a: Kisame|14\/420 brn|[from] brn
|turn|15
|
|move|p2a: Landorus-Therian|U-turn|p1a: Kisame
|-damage|p1a: Kisame|0 fnt
|-damage|p2a: Landorus-Therian|149\/319|[from] ability: Rough Skin|[of] p1a: Kisame
|faint|p1a: Kisame
|
|switch|p2a: Heatran|Heatran, F|386\/386
|-damage|p2a: Heatran|338\/386|[from] Stealth Rock
|
|-heal|p2a: Heatran|362\/386|[from] item: Leftovers
|
|switch|p1a: Gengar|Gengar, F|261\/261
|-damage|p1a: Gengar|229\/261|[from] Stealth Rock
|turn|16
|
|move|p1a: Gengar|Substitute|p1a: Gengar
|-start|p1a: Gengar|Substitute
|-damage|p1a: Gengar|164\/261
|move|p2a: Heatran|Lava Plume|p1a: Gengar
|-end|p1a: Gengar|Substitute
|
|-heal|p2a: Heatran|386\/386|[from] item: Leftovers
|turn|17
|
|switch|p2a: Azelf|Azelf|291\/291
|-damage|p2a: Azelf|255\/291|[from] Stealth Rock
|move|p1a: Gengar|Focus Blast|p2a: Azelf
|-resisted|p2a: Azelf
|-damage|p2a: Azelf|137\/291
|-damage|p1a: Gengar|138\/261|[from] item: Life Orb
|
|turn|18
|
|move|p2a: Azelf|Fire Blast|p1a: Gengar
|-damage|p1a: Gengar|0 fnt
|faint|p1a: Gengar
|
|
|switch|p1a: Bisharp|Bisharp, M|255\/272
|-damage|p1a: Bisharp|238\/272|[from] Stealth Rock
|turn|19
|
|switch|p2a: Sableye|Sableye, F|303\/303
|-damage|p2a: Sableye|266\/303|[from] Stealth Rock
|move|p1a: Bisharp|Sucker Punch|p2a: Sableye
|-fail|p2a: Sableye
|
|turn|20
|
|switch|p1a: Gardevoir|Gardevoir, M|314\/314
|-damage|p1a: Gardevoir|275\/314|[from] Stealth Rock
|-ability|p1a: Gardevoir|Prankster|[from] ability: Trace|[of] p2a: Sableye
|move|p2a: Sableye|Will-O-Wisp|p1a: Gardevoir
|-status|p1a: Gardevoir|brn
|
|-damage|p1a: Gardevoir|236\/314 brn|[from] brn
|turn|21
|
|detailschange|p1a: Gardevoir|Gardevoir-Mega, M
|-mega|p1a: Gardevoir|Gardevoir|Gardevoirite
|move|p2a: Sableye|Calm Mind|p2a: Sableye
|-boost|p2a: Sableye|spa|1
|-boost|p2a: Sableye|spd|1
|move|p1a: Gardevoir|Hyper Voice|p2a: Sableye
|-supereffective|p2a: Sableye
|-damage|p2a: Sableye|0 fnt
|faint|p2a: Sableye
|
|-damage|p1a: Gardevoir|197\/314 brn|[from] brn
|
|switch|p2a: Landorus-Therian|Landorus-Therian, M|149\/319
|-damage|p2a: Landorus-Therian|110\/319|[from] Stealth Rock
|-ability|p2a: Landorus-Therian|Intimidate|[of] p1a: Gardevoir
|-unboost|p1a: Gardevoir|atk|1
|turn|22
|
|move|p2a: Landorus-Therian|Earthquake|p1a: Gardevoir
|-damage|p1a: Gardevoir|0 fnt
|faint|p1a: Gardevoir
|
|join|volcarno129
|
|switch|p1a: Breloom|Breloom, F|262\/262
|-damage|p1a: Breloom|246\/262|[from] Stealth Rock
|turn|23
|
|move|p2a: Landorus-Therian|Earthquake|p1a: Breloom
|-resisted|p1a: Breloom
|-damage|p1a: Breloom|129\/262
|move|p1a: Breloom|Swords Dance|p1a: Breloom
|-boost|p1a: Breloom|atk|2
|
|turn|24
|join|bouff
|leave|bouff
|
|move|p1a: Breloom|Mach Punch|p2a: Landorus-Therian
|-resisted|p2a: Landorus-Therian
|-damage|p2a: Landorus-Therian|0 fnt
|-damage|p1a: Breloom|103\/262|[from] item: Life Orb
|faint|p2a: Landorus-Therian
|
|leave|crappy gxe
|
|switch|p2a: Heatran|Heatran, F|386\/386
|-damage|p2a: Heatran|338\/386|[from] Stealth Rock
|turn|25
|
|move|p1a: Breloom|Mach Punch|p2a: Heatran
|-supereffective|p2a: Heatran
|-damage|p2a: Heatran|0 fnt
|-damage|p1a: Breloom|77\/262|[from] item: Life Orb
|faint|p2a: Heatran
|
|
|switch|p2a: Keldeo|Keldeo|129\/323
|-damage|p2a: Keldeo|109\/323|[from] Stealth Rock
|turn|26
|c|★bellicose|el gg
|leave|Altilt
|-message|bellicose forfeited.
|
|win|subzeromkx
|raw|Ladder updating...
|leave|volcarno129
|c|★subzeromkx|Idk why these idiots even follow you. You're so full of yourself
|leave|Updated Kanto
|raw|subzeromkx's rating: 1589 &rarr; <strong>1611<\/strong><br \/>(+22 for winning)
|raw|bellicose's rating: 1623 &rarr; <strong>1601<\/strong><br \/>(-22 for losing)
|leave|subzeromkx
|leave|bellicose
|player|p1
|player|p2