|join|wish killer
|join|subzeromkx
|player|p1|wish killer|1
|player|p2|subzeromkx|20
|gametype|singles
|gen|6
|tier|OU
|rated
|clearpoke
|poke|p1|Bisharp, M
|poke|p1|Venusaur, F
|poke|p1|Heatran, F
|poke|p1|Keldeo
|poke|p1|Chansey, F
|poke|p1|Skarmory, M
|poke|p2|Breloom, F
|poke|p2|Gardevoir, M
|poke|p2|Thundurus, M
|poke|p2|Bisharp, M
|poke|p2|Sylveon, M
|poke|p2|Garchomp, F
|rule|Swagger Clause: Swagger is banned
|rule|Baton Pass Clause: Limit one Pokémon knowing Baton Pass
|rule|Sleep Clause Mod: Limit one foe put to sleep
|rule|Species Clause: Limit one of each Pokémon
|rule|OHKO Clause: OHKO moves are banned
|rule|Moody Clause: Moody is banned
|rule|Evasion Moves Clause: Evasion moves are banned
|rule|Endless Battle Clause: Forcing endless battles is banned
|rule|HP Percentage Mod: HP is shown in percentages
|teampreview
|join|i came from leddit
|c| i came from leddit|5-0?
|c|★wish killer|mega gardevoir now
|
|start
|switch|p1a: Chansey|Chansey, F|684\/684
|switch|p2a: Gardevoir|Gardevoir, M|314\/314
|turn|1
|c| i came from leddit|lol
|
|switch|p2a: Kisame|Garchomp, F|420\/420
|switch|p1a: Heatran|Heatran, F|340\/340
|-item|p1a: Heatran|Air Balloon
|
|turn|2
|
|move|p1a: Heatran|Stealth Rock|p2a: Kisame
|-sidestart|p2: subzeromkx|move: Stealth Rock
|move|p2a: Kisame|Hidden Power|p1a: Heatran
|-crit|p1a: Heatran
|-resisted|p1a: Heatran
|-damage|p1a: Heatran|325\/340
|-enditem|p1a: Heatran|Air Balloon
|
|turn|3
|
|switch|p1a: Chansey|Chansey, F|684\/684
|move|p2a: Kisame|Stealth Rock|p1a: Chansey
|-sidestart|p1: wish killer|move: Stealth Rock
|
|turn|4
|join|Dayanne
|
|switch|p2a: Bisharp|Bisharp, M|272\/272
|-damage|p2a: Bisharp|255\/272|[from] Stealth Rock
|move|p1a: Chansey|Seismic Toss|p2a: Bisharp
|-damage|p2a: Bisharp|155\/272
|
|turn|5
|
|switch|p1a: Heatran|Heatran, F|325\/340
|-damage|p1a: Heatran|283\/340|[from] Stealth Rock
|move|p2a: Bisharp|Knock Off|p1a: Heatran
|-damage|p1a: Heatran|143\/340
|-damage|p2a: Bisharp|128\/272|[from] item: Life Orb
|
|turn|6
|
|move|p2a: Bisharp|Sucker Punch|p1a: Heatran
|-damage|p1a: Heatran|0 fnt
|-damage|p2a: Bisharp|101\/272|[from] item: Life Orb
|faint|p1a: Heatran
|
|
|switch|p1a: Keldeo|Keldeo|323\/323
|-damage|p1a: Keldeo|303\/323|[from] Stealth Rock
|turn|7
|
|switch|p2a: Sylveon|Sylveon, M|332\/332
|-damage|p2a: Sylveon|291\/332|[from] Stealth Rock
|move|p1a: Keldeo|Scald|p2a: Sylveon
|-damage|p2a: Sylveon|183\/332
|-status|p2a: Sylveon|brn
|
|-heal|p1a: Keldeo|323\/323|[from] item: Leftovers
|-damage|p2a: Sylveon|142\/332 brn|[from] brn
|turn|8
|
|switch|p2a: Bisharp|Bisharp, M|101\/272
|-damage|p2a: Bisharp|84\/272|[from] Stealth Rock
|move|p1a: Keldeo|Scald|p2a: Bisharp
|-damage|p2a: Bisharp|0 fnt
|faint|p2a: Bisharp
|
|
|switch|p2a: Gardevoir|Gardevoir, M|314\/314
|-damage|p2a: Gardevoir|275\/314|[from] Stealth Rock
|turn|9
|
|switch|p1a: Chansey|Chansey, F|684\/684
|-damage|p1a: Chansey|599\/684|[from] Stealth Rock
|detailschange|p2a: Gardevoir|Gardevoir-Mega, M
|-mega|p2a: Gardevoir|Gardevoir|Gardevoirite
|move|p2a: Gardevoir|Hyper Voice|p1a: Chansey
|-damage|p1a: Chansey|433\/684
|
|turn|10
|
|switch|p2a: Kisame|Garchomp, F|420\/420
|-damage|p2a: Kisame|394\/420|[from] Stealth Rock
|move|p1a: Chansey|Seismic Toss|p2a: Kisame
|-damage|p2a: Kisame|294\/420
|-damage|p1a: Chansey|348\/684|[from] ability: Rough Skin|[of] p2a: Kisame
|-damage|p1a: Chansey|234\/684|[from] item: Rocky Helmet|[of] p2a: Kisame
|
|turn|11
|
|switch|p2a: Thundurus|Thundurus, M|298\/298
|-damage|p2a: Thundurus|224\/298|[from] Stealth Rock
|move|p1a: Chansey|Soft-Boiled|p1a: Chansey
|-heal|p1a: Chansey|576\/684
|
|turn|12
|
|move|p2a: Thundurus|Thunder Wave|p1a: Chansey
|-status|p1a: Chansey|par
|move|p1a: Chansey|Soft-Boiled|p1a: Chansey
|-heal|p1a: Chansey|684\/684 par
|
|turn|13
|
|move|p2a: Thundurus|Superpower|p1a: Chansey
|-supereffective|p1a: Chansey
|-damage|p1a: Chansey|333\/684 par
|-unboost|p2a: Thundurus|atk|1
|-unboost|p2a: Thundurus|def|1
|-damage|p2a: Thundurus|195\/298|[from] item: Life Orb
|move|p1a: Chansey|Soft-Boiled|p1a: Chansey
|-heal|p1a: Chansey|675\/684 par
|
|turn|14
|
|switch|p2a: Breloom|Breloom, F|262\/262
|-damage|p2a: Breloom|246\/262|[from] Stealth Rock
|move|p1a: Chansey|Seismic Toss|p2a: Breloom
|-damage|p2a: Breloom|146\/262
|
|turn|15
|
|switch|p2a: Gardevoir|Gardevoir-Mega, M|275\/314
|-damage|p2a: Gardevoir|236\/314|[from] Stealth Rock
|switch|p1a: Venusaur|Venusaur, F|364\/364
|-damage|p1a: Venusaur|319\/364|[from] Stealth Rock
|
|turn|16
|
|switch|p1a: Chansey|Chansey, F|675\/684
|-damage|p1a: Chansey|590\/684|[from] Stealth Rock
|move|p2a: Gardevoir|Hyper Voice|p1a: Chansey
|-crit|p1a: Chansey
|-damage|p1a: Chansey|334\/684
|
|turn|17
|
|move|p2a: Gardevoir|Psyshock|p1a: Chansey
|-damage|p1a: Chansey|66\/684
|move|p1a: Chansey|Seismic Toss|p2a: Gardevoir
|-damage|p2a: Gardevoir|136\/314
|
|turn|18
|join|Venom3000
|
|move|p2a: Gardevoir|Hyper Voice|p1a: Chansey
|-damage|p1a: Chansey|0 fnt
|faint|p1a: Chansey
|
|
|switch|p1a: Skarmory|Skarmory, M|334\/334
|-damage|p1a: Skarmory|293\/334|[from] Stealth Rock
|turn|19
|
|switch|p2a: Sylveon|Sylveon, M|142\/332 brn
|-damage|p2a: Sylveon|101\/332 brn|[from] Stealth Rock
|move|p1a: Skarmory|Brave Bird|p2a: Sylveon
|-damage|p2a: Sylveon|0 fnt
|-damage|p1a: Skarmory|260\/334|[from] recoil|[of] p2a: Sylveon
|faint|p2a: Sylveon
|
|
|switch|p2a: Thundurus|Thundurus, M|195\/298
|-damage|p2a: Thundurus|121\/298|[from] Stealth Rock
|turn|20
|
|switch|p1a: Venusaur|Venusaur, F|319\/364
|-damage|p1a: Venusaur|274\/364|[from] Stealth Rock
|move|p2a: Thundurus|Thunderbolt|p1a: Venusaur
|-resisted|p1a: Venusaur
|-damage|p1a: Venusaur|179\/364
|-damage|p2a: Thundurus|92\/298|[from] item: Life Orb
|
|turn|21
|
|detailschange|p1a: Venusaur|Venusaur-Mega, F
|-mega|p1a: Venusaur|Venusaur|Venusaurite
|move|p2a: Thundurus|Thunder Wave|p1a: Venusaur
|-status|p1a: Venusaur|par
|move|p1a: Venusaur|Synthesis|p1a: Venusaur
|-heal|p1a: Venusaur|361\/364 par
|
|turn|22
|
|move|p2a: Thundurus|Hidden Power|p1a: Venusaur
|-crit|p1a: Venusaur
|-supereffective|p1a: Venusaur
|-damage|p1a: Venusaur|234\/364 par
|-damage|p2a: Thundurus|63\/298|[from] item: Life Orb
|move|p1a: Venusaur|Giga Drain|p2a: Thundurus
|-resisted|p2a: Thundurus
|-damage|p2a: Thundurus|0 fnt
|-heal|p1a: Venusaur|266\/364 par|[from] drain|[of] p2a: Thundurus
|faint|p2a: Thundurus
|
|
|switch|p2a: Gardevoir|Gardevoir-Mega, M|136\/314
|-damage|p2a: Gardevoir|97\/314|[from] Stealth Rock
|turn|23
|
|switch|p1a: Skarmory|Skarmory, M|260\/334
|-damage|p1a: Skarmory|219\/334|[from] Stealth Rock
|move|p2a: Gardevoir|Hyper Voice|p1a: Skarmory
|-resisted|p1a: Skarmory
|-damage|p1a: Skarmory|74\/334
|
|turn|24
|c| i came from leddit|u got venu'd what els
|
|move|p2a: Gardevoir|Hyper Voice|p1a: Skarmory
|-resisted|p1a: Skarmory
|-damage|p1a: Skarmory|0 fnt
|faint|p1a: Skarmory
|
|
|switch|p1a: Keldeo|Keldeo|323\/323
|-damage|p1a: Keldeo|303\/323|[from] Stealth Rock
|turn|25
|c| i came from leddit|keldeo'd what els*
|
|move|p1a: Keldeo|Scald|p2a: Gardevoir
|-damage|p2a: Gardevoir|0 fnt
|faint|p2a: Gardevoir
|
|-heal|p1a: Keldeo|323\/323|[from] item: Leftovers
|-message|subzeromkx forfeited.
|
|win|wish killer
|raw|Ladder updating...
|leave|subzeromkx
|player|p2
|raw|wish killer's rating: 1853 &rarr; <strong>1868<\/strong><br \/>(+15 for winning)
|raw|subzeromkx's rating: 1758 &rarr; <strong>1744<\/strong><br \/>(-14 for losing)
|c| i came from leddit|rekt