|join|subzeromkx
|join|Aka DH
|player|p1|subzeromkx|20
|player|p2|Aka DH|1
|gametype|singles
|gen|6
|tier|OU
|rated
|clearpoke
|poke|p1|Breloom, M
|poke|p1|Gardevoir, F
|poke|p1|Thundurus, M
|poke|p1|Bisharp, F
|poke|p1|Latias, F
|poke|p1|Garchomp, F
|poke|p2|Bisharp, M
|poke|p2|Venusaur, F
|poke|p2|Heatran, F
|poke|p2|Keldeo
|poke|p2|Chansey, F
|poke|p2|Skarmory, M
|rule|Swagger Clause: Swagger is banned
|rule|Baton Pass Clause: Limit one Pokémon knowing Baton Pass
|rule|Sleep Clause Mod: Limit one foe put to sleep
|rule|Species Clause: Limit one of each Pokémon
|rule|OHKO Clause: OHKO moves are banned
|rule|Moody Clause: Moody is banned
|rule|Evasion Moves Clause: Evasion moves are banned
|rule|Endless Battle Clause: Forcing endless battles is banned
|rule|HP Percentage Mod: HP is shown in percentages
|teampreview
|
|start
|switch|p1a: Gardevoir|Gardevoir, F|314\/314
|switch|p2a: Heatran|Heatran, F|340\/340
|-item|p2a: Heatran|Air Balloon
|-ability|p1a: Gardevoir|Flash Fire|[from] ability: Trace|[of] p2a: Heatran
|turn|1
|
|switch|p2a: Chansey|Chansey, F|684\/684
|detailschange|p1a: Gardevoir|Gardevoir-Mega, F
|-mega|p1a: Gardevoir|Gardevoir|Gardevoirite
|move|p1a: Gardevoir|Hyper Voice|p2a: Chansey
|-damage|p2a: Chansey|515\/684
|
|turn|2
|join|i came from leddit
|
|move|p1a: Gardevoir|Psyshock|p2a: Chansey
|-damage|p2a: Chansey|247\/684
|move|p2a: Chansey|Soft-Boiled|p2a: Chansey
|-heal|p2a: Chansey|589\/684
|
|turn|3
|c| i came from leddit|6-0?
|
|move|p1a: Gardevoir|Psyshock|p2a: Chansey
|-damage|p2a: Chansey|330\/684
|move|p2a: Chansey|Thunder Wave|p1a: Gardevoir
|-status|p1a: Gardevoir|par
|
|turn|4
|
|switch|p1a: Kisame|Garchomp, F|420\/420
|move|p2a: Chansey|Soft-Boiled|p2a: Chansey
|-heal|p2a: Chansey|672\/684
|
|turn|5
|
|switch|p2a: Heatran|Heatran, F|340\/340
|-item|p2a: Heatran|Air Balloon
|move|p1a: Kisame|Stealth Rock|p2a: Heatran
|-sidestart|p2: Aka DH|move: Stealth Rock
|
|turn|6
|
|move|p2a: Heatran|Stealth Rock|p1a: Kisame
|-sidestart|p1: subzeromkx|move: Stealth Rock
|move|p1a: Kisame|Hidden Power|p2a: Heatran
|-resisted|p2a: Heatran
|-damage|p2a: Heatran|331\/340
|-enditem|p2a: Heatran|Air Balloon
|
|turn|7
|
|switch|p2a: Chansey|Chansey, F|672\/684
|-damage|p2a: Chansey|587\/684|[from] Stealth Rock
|switch|p1a: Bisharp|Bisharp, F|272\/272
|-damage|p1a: Bisharp|255\/272|[from] Stealth Rock
|
|turn|8
|
|switch|p2a: Heatran|Heatran, F|331\/340
|-damage|p2a: Heatran|289\/340|[from] Stealth Rock
|move|p1a: Bisharp|Knock Off|p2a: Heatran
|-damage|p2a: Heatran|159\/340
|-damage|p1a: Bisharp|228\/272|[from] item: Life Orb
|
|turn|9
|
|move|p1a: Bisharp|Sucker Punch|p2a: Heatran
|-fail|p2a: Heatran
|move|p2a: Heatran|Toxic|p1a: Bisharp
|-fail|p1a: Bisharp
|
|turn|10
|
|move|p1a: Bisharp|Sucker Punch|p2a: Heatran
|-damage|p2a: Heatran|11\/340
|-damage|p1a: Bisharp|201\/272|[from] item: Life Orb
|move|p2a: Heatran|Fire Blast|p1a: Bisharp
|-supereffective|p1a: Bisharp
|-damage|p1a: Bisharp|0 fnt
|faint|p1a: Bisharp
|
|
|switch|p1a: Latias|Latias, F|301\/301
|-damage|p1a: Latias|264\/301|[from] Stealth Rock
|turn|11
|
|switch|p2a: Chansey|Chansey, F|587\/684
|-damage|p2a: Chansey|502\/684|[from] Stealth Rock
|move|p1a: Latias|Psyshock|p2a: Chansey
|-damage|p2a: Chansey|299\/684
|-damage|p1a: Latias|234\/301|[from] item: Life Orb
|
|turn|12
|
|move|p1a: Latias|Healing Wish|p1a: Latias
|faint|p1a: Latias
|move|p2a: Chansey|Soft-Boiled|p2a: Chansey
|-heal|p2a: Chansey|641\/684
|
|
|switch|p1a: Gardevoir|Gardevoir-Mega, F|314\/314 par
|-heal|p1a: Gardevoir|314\/314|[from] move: Healing Wish
|-damage|p1a: Gardevoir|275\/314|[from] Stealth Rock
|turn|13
|
|switch|p1a: Breloom|Breloom, M|262\/262
|-damage|p1a: Breloom|246\/262|[from] Stealth Rock
|move|p2a: Chansey|Seismic Toss|p1a: Breloom
|-damage|p1a: Breloom|146\/262
|
|turn|14
|
|switch|p1a: Thundurus|Thundurus, M|298\/298
|-damage|p1a: Thundurus|224\/298|[from] Stealth Rock
|switch|p2a: Venusaur|Venusaur, F|364\/364
|-damage|p2a: Venusaur|319\/364|[from] Stealth Rock
|
|turn|15
|
|detailschange|p2a: Venusaur|Venusaur-Mega, F
|-mega|p2a: Venusaur|Venusaur|Venusaurite
|move|p1a: Thundurus|Thunder Wave|p2a: Venusaur
|-status|p2a: Venusaur|par
|move|p2a: Venusaur|Leech Seed|p1a: Thundurus
|-start|p1a: Thundurus|move: Leech Seed
|
|-damage|p1a: Thundurus|187\/298|[from] Leech Seed|[of] p2a: Venusaur
|-heal|p2a: Venusaur|356\/364 par|[silent]
|turn|16
|
|move|p1a: Thundurus|Hidden Power|p2a: Venusaur
|-crit|p2a: Venusaur
|-supereffective|p2a: Venusaur
|-damage|p2a: Venusaur|21\/364 par
|-damage|p1a: Thundurus|158\/298|[from] item: Life Orb
|cant|p2a: Venusaur|par
|
|-damage|p1a: Thundurus|121\/298|[from] Leech Seed|[of] p2a: Venusaur
|-heal|p2a: Venusaur|58\/364 par|[silent]
|turn|17
|
|switch|p2a: Chansey|Chansey, F|641\/684
|-damage|p2a: Chansey|556\/684|[from] Stealth Rock
|move|p1a: Thundurus|Superpower|p2a: Chansey
|-supereffective|p2a: Chansey
|-damage|p2a: Chansey|213\/684
|-unboost|p1a: Thundurus|atk|1
|-unboost|p1a: Thundurus|def|1
|-damage|p1a: Thundurus|92\/298|[from] item: Life Orb
|
|-damage|p1a: Thundurus|55\/298|[from] Leech Seed|[of] p2a: Chansey
|-heal|p2a: Chansey|250\/684|[silent]
|turn|18
|
|switch|p1a: Breloom|Breloom, M|146\/262
|-damage|p1a: Breloom|130\/262|[from] Stealth Rock
|move|p2a: Chansey|Soft-Boiled|p2a: Chansey
|-heal|p2a: Chansey|592\/684
|
|turn|19
|
|switch|p2a: Heatran|Heatran, F|11\/340
|-damage|p2a: Heatran|0 fnt|[from] Stealth Rock
|faint|p2a: Heatran
|move|p1a: Breloom|Spore|p2: Heatran|[notarget]
|-notarget
|
|
|switch|p2a: Keldeo|Keldeo|323\/323
|-damage|p2a: Keldeo|303\/323|[from] Stealth Rock
|turn|20
|
|switch|p1a: Thundurus|Thundurus, M|55\/298
|-damage|p1a: Thundurus|0 fnt|[from] Stealth Rock
|faint|p1a: Thundurus
|move|p2a: Keldeo|Secret Sword|p1: Thundurus|[notarget]
|-notarget
|
|-heal|p2a: Keldeo|323\/323|[from] item: Leftovers
|
|switch|p1a: Gardevoir|Gardevoir-Mega, F|275\/314
|-damage|p1a: Gardevoir|236\/314|[from] Stealth Rock
|turn|21
|
|switch|p2a: Venusaur|Venusaur-Mega, F|58\/364 par
|-damage|p2a: Venusaur|13\/364 par|[from] Stealth Rock
|move|p1a: Gardevoir|Psyshock|p2a: Venusaur
|-supereffective|p2a: Venusaur
|-damage|p2a: Venusaur|0 fnt
|faint|p2a: Venusaur
|
|
|switch|p2a: Chansey|Chansey, F|592\/684
|-damage|p2a: Chansey|507\/684|[from] Stealth Rock
|turn|22
|
|move|p1a: Gardevoir|Psyshock|p2a: Chansey
|-damage|p2a: Chansey|258\/684
|move|p2a: Chansey|Soft-Boiled|p2a: Chansey
|-heal|p2a: Chansey|600\/684
|
|turn|23
|
|switch|p1a: Kisame|Garchomp, F|420\/420
|-damage|p1a: Kisame|394\/420|[from] Stealth Rock
|move|p2a: Chansey|Seismic Toss|p1a: Kisame
|-damage|p1a: Kisame|294\/420
|-damage|p2a: Chansey|515\/684|[from] ability: Rough Skin|[of] p1a: Kisame
|-damage|p2a: Chansey|401\/684|[from] item: Rocky Helmet|[of] p1a: Kisame
|
|turn|24
|
|switch|p1a: Breloom|Breloom, M|130\/262
|-damage|p1a: Breloom|114\/262|[from] Stealth Rock
|move|p2a: Chansey|Soft-Boiled|p2a: Chansey
|-heal|p2a: Chansey|684\/684
|
|turn|25
|
|switch|p2a: Keldeo|Keldeo|323\/323
|-damage|p2a: Keldeo|303\/323|[from] Stealth Rock
|move|p1a: Breloom|Spore|p2a: Keldeo
|-status|p2a: Keldeo|slp
|
|-heal|p2a: Keldeo|323\/323 slp|[from] item: Leftovers
|turn|26
|
|switch|p2a: Skarmory|Skarmory, M|334\/334
|-damage|p2a: Skarmory|293\/334|[from] Stealth Rock
|move|p1a: Breloom|Swords Dance|p1a: Breloom
|-boost|p1a: Breloom|atk|2
|
|turn|27
|
|move|p1a: Breloom|Mach Punch|p2a: Skarmory
|-damage|p2a: Skarmory|128\/334
|-damage|p1a: Breloom|71\/262|[from] item: Rocky Helmet|[of] p2a: Skarmory
|-damage|p1a: Breloom|45\/262|[from] item: Life Orb
|move|p2a: Skarmory|Brave Bird|p1a: Breloom
|-supereffective|p1a: Breloom
|-damage|p1a: Breloom|0 fnt
|-damage|p2a: Skarmory|113\/334|[from] recoil|[of] p1a: Breloom
|faint|p1a: Breloom
|
|
|switch|p1a: Gardevoir|Gardevoir-Mega, F|236\/314
|-damage|p1a: Gardevoir|197\/314|[from] Stealth Rock
|turn|28
|
|move|p1a: Gardevoir|Hyper Voice|p2a: Skarmory
|-resisted|p2a: Skarmory
|-damage|p2a: Skarmory|0 fnt
|faint|p2a: Skarmory
|
|
|switch|p2a: Chansey|Chansey, F|684\/684
|-damage|p2a: Chansey|599\/684|[from] Stealth Rock
|turn|29
|
|move|p1a: Gardevoir|Taunt|p2a: Chansey
|-start|p2a: Chansey|move: Taunt
|cant|p2a: Chansey|move: Taunt|Thunder Wave
|
|turn|30
|
|move|p1a: Gardevoir|Psyshock|p2a: Chansey
|-damage|p2a: Chansey|361\/684
|move|p2a: Chansey|Seismic Toss|p1a: Gardevoir
|-damage|p1a: Gardevoir|97\/314
|
|turn|31
|
|move|p1a: Gardevoir|Psyshock|p2a: Chansey
|-damage|p2a: Chansey|133\/684
|move|p2a: Chansey|Seismic Toss|p1a: Gardevoir
|-damage|p1a: Gardevoir|0 fnt
|faint|p1a: Gardevoir
|
|-end|p2a: Chansey|move: Taunt
|
|switch|p1a: Kisame|Garchomp, F|294\/420
|-damage|p1a: Kisame|268\/420|[from] Stealth Rock
|turn|32
|
|move|p1a: Kisame|Earthquake|p2a: Chansey
|-damage|p2a: Chansey|0 fnt
|faint|p2a: Chansey
|
|
|switch|p2a: Keldeo|Keldeo|323\/323 slp
|-damage|p2a: Keldeo|303\/323 slp|[from] Stealth Rock
|turn|33
|
|cant|p2a: Keldeo|slp
|move|p1a: Kisame|Earthquake|p2a: Keldeo
|-damage|p2a: Keldeo|137\/323 slp
|
|-heal|p2a: Keldeo|157\/323 slp|[from] item: Leftovers
|turn|34
|
|-curestatus|p2a: Keldeo|slp
|move|p2a: Keldeo|Icy Wind|p1a: Kisame
|-supereffective|p1a: Kisame
|-damage|p1a: Kisame|0 fnt
|faint|p1a: Kisame
|
|win|Aka DH
|raw|Ladder updating...
|raw|subzeromkx's rating: 1763 &rarr; <strong>1742<\/strong><br \/>(-21 for losing)
|raw|Aka DH's rating: 1738 &rarr; <strong>1759<\/strong><br \/>(+21 for winning)
|leave|subzeromkx
|player|p1
|c| i came from leddit|:]
|c| i came from leddit|rekt
|c|★Aka DH|no way bro