|join|FIREEEE
|join|duck my sick 45
|player|p1|FIREEEE|23
|player|p2|duck my sick 45|265
|gametype|singles
|gen|6
|tier|OU
|rated
|clearpoke
|poke|p1|Charizard, F
|poke|p1|Excadrill, F
|poke|p1|Tyranitar, F
|poke|p1|Rotom-Wash
|poke|p1|Mew
|poke|p1|Landorus-Therian, M
|poke|p2|Scizor, M
|poke|p2|Hydreigon, F
|poke|p2|Reuniclus, M
|poke|p2|Talonflame, M
|poke|p2|Hippowdon, M
|poke|p2|Keldeo
|rule|Swagger Clause: Swagger is banned
|rule|Baton Pass Clause: Limit one Pokémon knowing Baton Pass
|rule|Sleep Clause Mod: Limit one foe put to sleep
|rule|Species Clause: Limit one of each Pokémon
|rule|OHKO Clause: OHKO moves are banned
|rule|Moody Clause: Moody is banned
|rule|Evasion Moves Clause: Evasion moves are banned
|rule|Endless Battle Clause: Forcing endless battles is banned
|rule|HP Percentage Mod: HP is shown in percentages
|teampreview
|
|start
|switch|p1a: I vex and hax|Mew|404\/404
|switch|p2a: Scizor|Scizor, M|344\/344
|turn|1
|
|switch|p2a: Hippowdon|Hippowdon, M|420\/420
|-weather|Sandstorm
|move|p1a: I vex and hax|Will-O-Wisp|p2a: Hippowdon
|-status|p2a: Hippowdon|brn
|
|-weather|Sandstorm|[upkeep]
|-damage|p1a: I vex and hax|379\/404|[from] sandstorm
|-heal|p1a: I vex and hax|404\/404|[from] item: Leftovers
|-damage|p2a: Hippowdon|368\/420 brn|[from] brn
|turn|2
|
|move|p1a: I vex and hax|Taunt|p2a: Hippowdon
|-start|p2a: Hippowdon|move: Taunt
|cant|p2a: Hippowdon|move: Taunt|Toxic
|
|-weather|Sandstorm|[upkeep]
|-damage|p1a: I vex and hax|379\/404|[from] sandstorm
|-heal|p1a: I vex and hax|404\/404|[from] item: Leftovers
|-heal|p2a: Hippowdon|394\/420 brn|[from] item: Leftovers
|-damage|p2a: Hippowdon|342\/420 brn|[from] brn
|turn|3
|
|switch|p2a: Hydreigon|Hydreigon, F|325\/325
|move|p1a: I vex and hax|Stealth Rock|p2a: Hydreigon
|-sidestart|p2: duck my sick 45|move: Stealth Rock
|
|-weather|Sandstorm|[upkeep]
|-damage|p1a: I vex and hax|379\/404|[from] sandstorm
|-damage|p2a: Hydreigon|305\/325|[from] sandstorm
|-heal|p1a: I vex and hax|404\/404|[from] item: Leftovers
|turn|4
|
|switch|p1a: I punch and crunch|Tyranitar, F|341\/341
|move|p2a: Hydreigon|Focus Blast|p1a: I punch and crunch
|-supereffective|p1a: I punch and crunch
|-damage|p1a: I punch and crunch|0 fnt
|faint|p1a: I punch and crunch
|
|-weather|Sandstorm|[upkeep]
|-damage|p2a: Hydreigon|285\/325|[from] sandstorm
|
|switch|p1a: I bite and fight|Landorus-Therian, M|344\/344
|-ability|p1a: I bite and fight|Intimidate|[of] p2a: Hydreigon
|-unboost|p2a: Hydreigon|atk|1
|turn|5
|
|switch|p2a: Scizor|Scizor, M|344\/344
|-damage|p2a: Scizor|301\/344|[from] Stealth Rock
|move|p1a: I bite and fight|U-turn|p2a: Scizor
|-resisted|p2a: Scizor
|-damage|p2a: Scizor|252\/344
|
|switch|p1a: I stall and wall|Rotom-Wash|242\/242
|
|-weather|none
|turn|6
|
|switch|p2a: Hippowdon|Hippowdon, M|342\/420 brn
|-damage|p2a: Hippowdon|316\/420 brn|[from] Stealth Rock
|-weather|Sandstorm
|move|p1a: I stall and wall|Hydro Pump|p2a: Hippowdon
|-supereffective|p2a: Hippowdon
|-damage|p2a: Hippowdon|0 fnt
|faint|p2a: Hippowdon
|
|-weather|Sandstorm|[upkeep]
|-damage|p1a: I stall and wall|227\/242|[from] sandstorm
|
|switch|p2a: Hydreigon|Hydreigon, F|285\/325
|-damage|p2a: Hydreigon|245\/325|[from] Stealth Rock
|turn|7
|
|switch|p1a: I spin and win|Excadrill, F|361\/361
|-item|p1a: I spin and win|Air Balloon
|move|p2a: Hydreigon|Draco Meteor|p1a: I spin and win|[miss]
|-miss|p2a: Hydreigon|p1a: I spin and win
|
|-weather|Sandstorm|[upkeep]
|-damage|p2a: Hydreigon|225\/325|[from] sandstorm
|turn|8
|
|switch|p2a: Scizor|Scizor, M|252\/344
|-damage|p2a: Scizor|209\/344|[from] Stealth Rock
|move|p1a: I spin and win|Iron Head|p2a: Scizor
|-resisted|p2a: Scizor
|-damage|p2a: Scizor|123\/344
|
|-weather|Sandstorm|[upkeep]
|turn|9
|
|detailschange|p2a: Scizor|Scizor-Mega, M
|message|Scizor has Mega Evolved into Mega Scizor!
|move|p1a: I spin and win|Earthquake|p2a: Scizor
|-damage|p2a: Scizor|0 fnt
|faint|p2a: Scizor
|
|-weather|Sandstorm|[upkeep]
|
|switch|p2a: Keldeo|Keldeo|323\/323
|-damage|p2a: Keldeo|303\/323|[from] Stealth Rock
|turn|10
|
|move|p1a: I spin and win|Earthquake|p2a: Keldeo
|-damage|p2a: Keldeo|89\/323
|move|p2a: Keldeo|Scald|p1a: I spin and win
|-supereffective|p1a: I spin and win
|-damage|p1a: I spin and win|0 fnt
|-enditem|p1a: I spin and win|Air Balloon
|faint|p1a: I spin and win
|
|-weather|none
|
|switch|p1a: I stall and wall|Rotom-Wash|227\/242
|turn|11
|
|move|p2a: Keldeo|Scald|p1a: I stall and wall
|-resisted|p1a: I stall and wall
|-damage|p1a: I stall and wall|162\/242
|move|p1a: I stall and wall|Volt Switch|p2a: Keldeo
|-supereffective|p2a: Keldeo
|-damage|p2a: Keldeo|0 fnt
|faint|p2a: Keldeo
|
|switch|p1a: I chip and rip|Charizard, F|360\/360
|
|
|switch|p2a: Hydreigon|Hydreigon, F|225\/325
|-damage|p2a: Hydreigon|185\/325|[from] Stealth Rock
|turn|12
|
|move|p2a: Hydreigon|Draco Meteor|p1a: I chip and rip
|-damage|p1a: I chip and rip|0 fnt
|-unboost|p2a: Hydreigon|spa|2
|faint|p1a: I chip and rip
|
|
|switch|p1a: I stall and wall|Rotom-Wash|162\/242
|turn|13
|
|move|p2a: Hydreigon|Draco Meteor|p1a: I stall and wall
|-damage|p1a: I stall and wall|0 fnt
|-unboost|p2a: Hydreigon|spa|2
|faint|p1a: I stall and wall
|
|
|switch|p1a: I bite and fight|Landorus-Therian, M|344\/344
|-ability|p1a: I bite and fight|Intimidate|[of] p2a: Hydreigon
|-unboost|p2a: Hydreigon|atk|1
|turn|14
|
|switch|p2a: Talonflame|Talonflame, M|360\/360
|-damage|p2a: Talonflame|180\/360|[from] Stealth Rock
|move|p1a: I bite and fight|Knock Off|p2a: Talonflame
|-damage|p2a: Talonflame|0 fnt
|-enditem|p2a: Talonflame|Sharp Beak|[from] move: Knock Off|[of] p1a: I bite and fight
|faint|p2a: Talonflame
|
|
|switch|p2a: Hydreigon|Hydreigon, F|185\/325
|-damage|p2a: Hydreigon|145\/325|[from] Stealth Rock
|turn|15
|
|switch|p1a: I vex and hax|Mew|404\/404
|move|p2a: Hydreigon|Draco Meteor|p1a: I vex and hax
|-damage|p1a: I vex and hax|71\/404
|-unboost|p2a: Hydreigon|spa|2
|
|-heal|p1a: I vex and hax|96\/404|[from] item: Leftovers
|turn|16
|
|move|p1a: I vex and hax|Will-O-Wisp|p2a: Hydreigon
|-status|p2a: Hydreigon|brn
|move|p2a: Hydreigon|Draco Meteor|p1a: I vex and hax
|-damage|p1a: I vex and hax|0 fnt
|-unboost|p2a: Hydreigon|spa|2
|faint|p1a: I vex and hax
|
|-damage|p2a: Hydreigon|105\/325 brn|[from] brn
|
|switch|p1a: I bite and fight|Landorus-Therian, M|344\/344
|-ability|p1a: I bite and fight|Intimidate|[of] p2a: Hydreigon
|-unboost|p2a: Hydreigon|atk|1
|turn|17
|
|move|p1a: I bite and fight|Knock Off|p2a: Hydreigon
|-resisted|p2a: Hydreigon
|-damage|p2a: Hydreigon|35\/325 brn
|-enditem|p2a: Hydreigon|Choice Specs|[from] move: Knock Off|[of] p1a: I bite and fight
|move|p2a: Hydreigon|Draco Meteor|p1a: I bite and fight
|-damage|p1a: I bite and fight|250\/344
|-unboost|p2a: Hydreigon|spa|2
|
|-damage|p2a: Hydreigon|0 fnt|[from] brn
|faint|p2a: Hydreigon
|
|switch|p2a: Reuniclus|Reuniclus, M|424\/424
|turn|18
|
|move|p1a: I bite and fight|Knock Off|p2a: Reuniclus
|-supereffective|p2a: Reuniclus
|-damage|p2a: Reuniclus|200\/424
|-enditem|p2a: Reuniclus|Leftovers|[from] move: Knock Off|[of] p1a: I bite and fight
|move|p2a: Reuniclus|Recover|p2a: Reuniclus
|-heal|p2a: Reuniclus|412\/424
|
|turn|19
|c|★FIREEEE|nice bulk
|
|move|p1a: I bite and fight|Knock Off|p2a: Reuniclus
|-supereffective|p2a: Reuniclus
|-damage|p2a: Reuniclus|258\/424
|move|p2a: Reuniclus|Calm Mind|p2a: Reuniclus
|-boost|p2a: Reuniclus|spa|1
|-boost|p2a: Reuniclus|spd|1
|
|turn|20
|
|move|p1a: I bite and fight|Knock Off|p2a: Reuniclus
|-supereffective|p2a: Reuniclus
|-damage|p2a: Reuniclus|114\/424
|move|p2a: Reuniclus|Recover|p2a: Reuniclus
|-heal|p2a: Reuniclus|326\/424
|
|turn|21
|
|move|p1a: I bite and fight|Knock Off|p2a: Reuniclus
|-supereffective|p2a: Reuniclus
|-damage|p2a: Reuniclus|188\/424
|move|p2a: Reuniclus|Recover|p2a: Reuniclus
|-heal|p2a: Reuniclus|400\/424
|
|turn|22
|
|move|p1a: I bite and fight|Knock Off|p2a: Reuniclus
|-supereffective|p2a: Reuniclus
|-damage|p2a: Reuniclus|254\/424
|move|p2a: Reuniclus|Psyshock|p1a: I bite and fight
|-damage|p1a: I bite and fight|61\/344
|
|turn|23
|
|move|p1a: I bite and fight|Knock Off|p2a: Reuniclus
|-supereffective|p2a: Reuniclus
|-damage|p2a: Reuniclus|96\/424
|move|p2a: Reuniclus|Psyshock|p1a: I bite and fight
|-damage|p1a: I bite and fight|0 fnt
|faint|p1a: I bite and fight
|
|win|duck my sick 45
|raw|Ladder updating...
|raw|FIREEEE's rating: 1536 &rarr; <strong>1514<\/strong><br \/>(-22 for losing)
|raw|duck my sick 45's rating: 1491 &rarr; <strong>1513<\/strong><br \/>(+22 for winning)
|c|★duck my sick 45|gg
|c|★FIREEEE|gg