|join|DreamScream
|join|GoldFalcon
|c|★DreamScream|gl hf
|player|p1|DreamScream|1
|player|p2|GoldFalcon|293
|gametype|singles
|gen|6
|tier|OU
|rated
|clearpoke
|poke|p1|Diggersby, M
|poke|p1|Azumarill, M
|poke|p1|Alakazam, M
|poke|p1|Talonflame, F
|poke|p1|Scizor, F
|poke|p1|Rotom-Wash
|poke|p2|Manectric, M
|poke|p2|Landorus-Therian, M
|poke|p2|Manaphy
|poke|p2|Ferrothorn, F
|poke|p2|Heatran, M
|poke|p2|Azumarill, M
|rule|Swagger Clause: Swagger is banned
|rule|Baton Pass Clause: Limit one Pokémon knowing Baton Pass
|rule|Sleep Clause Mod: Limit one foe put to sleep
|rule|Species Clause: Limit one of each Pokémon
|rule|OHKO Clause: OHKO moves are banned
|rule|Moody Clause: Moody is banned
|rule|Evasion Moves Clause: Evasion moves are banned
|rule|Endless Battle Clause: Forcing endless battles is banned
|rule|HP Percentage Mod: HP is shown in percentages
|teampreview
|c|★GoldFalcon|same
|
|start
|switch|p1a: Rotom-Wash|Rotom-Wash|304\/304
|switch|p2a: Yannick|Ferrothorn, F|352\/352
|turn|1
|
|move|p1a: Rotom-Wash|Will-O-Wisp|p2a: Yannick
|-status|p2a: Yannick|brn
|move|p2a: Yannick|Stealth Rock|p1a: Rotom-Wash
|-sidestart|p1: DreamScream|move: Stealth Rock
|
|-damage|p2a: Yannick|308\/352 brn|[from] brn
|turn|2
|
|switch|p1a: Steel Yo Girl|Scizor, F|343\/343
|-damage|p1a: Steel Yo Girl|301\/343|[from] Stealth Rock
|move|p2a: Yannick|Leech Seed|p1a: Steel Yo Girl
|-start|p1a: Steel Yo Girl|move: Leech Seed
|
|-heal|p1a: Steel Yo Girl|322\/343|[from] item: Leftovers
|-heal|p2a: Yannick|330\/352 brn|[from] item: Leftovers
|-damage|p1a: Steel Yo Girl|280\/343|[from] Leech Seed|[of] p2a: Yannick
|-heal|p2a: Yannick|352\/352 brn|[silent]
|-damage|p2a: Yannick|308\/352 brn|[from] brn
|turn|3
|
|switch|p2a: Ahn Tuan|Landorus-Therian, M|319\/319
|-ability|p2a: Ahn Tuan|Intimidate|[of] p1a: Steel Yo Girl
|-unboost|p1a: Steel Yo Girl|atk|1
|move|p1a: Steel Yo Girl|Defog|p2a: Ahn Tuan
|-unboost|p2a: Ahn Tuan|evasion|1
|-sideend|p1: DreamScream|Stealth Rock|[from] move: Defog|[of] p1a: Steel Yo Girl
|
|-heal|p1a: Steel Yo Girl|301\/343|[from] item: Leftovers
|-damage|p1a: Steel Yo Girl|259\/343|[from] Leech Seed|[of] p2a: Ahn Tuan
|turn|4
|
|move|p2a: Ahn Tuan|U-turn|p1a: Steel Yo Girl
|-resisted|p1a: Steel Yo Girl
|-damage|p1a: Steel Yo Girl|229\/343
|
|switch|p2a: LeMoche38|Heatran, M|385\/385
|move|p1a: Steel Yo Girl|U-turn|p2a: LeMoche38
|-resisted|p2a: LeMoche38
|-damage|p2a: LeMoche38|369\/385
|
|switch|p1a: Doug|Diggersby, M|311\/311
|
|-heal|p2a: LeMoche38|385\/385|[from] item: Leftovers
|turn|5
|
|move|p2a: LeMoche38|Protect|p2a: LeMoche38
|-singleturn|p2a: LeMoche38|Protect
|move|p1a: Doug|Ice Punch|p2a: LeMoche38
|-activate|p2a: LeMoche38|Protect
|
|turn|6
|
|move|p1a: Doug|Earthquake|p2a: LeMoche38
|-supereffective|p2a: LeMoche38
|-damage|p2a: LeMoche38|0 fnt
|faint|p2a: LeMoche38
|
|
|switch|p2a: Yannick|Ferrothorn, F|308\/352 brn
|turn|7
|
|move|p1a: Doug|Fire Punch|p2a: Yannick
|-supereffective|p2a: Yannick
|-damage|p2a: Yannick|0 fnt
|-damage|p1a: Doug|273\/311|[from] ability: Iron Barbs|[of] p2a: Yannick
|faint|p2a: Yannick
|
|c|★GoldFalcon|??
|c|★GoldFalcon|shit
|c|★DreamScream|wall killer diggersby
|
|switch|p2a: Ouf(Malade)|Manaphy|365\/365
|turn|8
|c|★GoldFalcon|job done
|c|★DreamScream|haha
|
|switch|p1a: Marshawn|Azumarill, M|403\/403
|move|p2a: Ouf(Malade)|Tail Glow|p2a: Ouf(Malade)
|-boost|p2a: Ouf(Malade)|spa|3
|
|turn|9
|c|★GoldFalcon|nice set
|c|★DreamScream|thx
|
|move|p2a: Ouf(Malade)|Energy Ball|p1a: Marshawn
|-supereffective|p1a: Marshawn
|-damage|p1a: Marshawn|51\/403
|move|p1a: Marshawn|Play Rough|p2a: Ouf(Malade)
|-damage|p2a: Ouf(Malade)|161\/365
|
|-heal|p2a: Ouf(Malade)|183\/365|[from] item: Leftovers
|turn|10
|c|★DreamScream|i made an rmt for this team and everyone hates on this set
|c|★DreamScream|i think it works really well
|
|move|p1a: Marshawn|Aqua Jet|p2a: Ouf(Malade)
|-resisted|p2a: Ouf(Malade)
|-damage|p2a: Ouf(Malade)|136\/365
|move|p2a: Ouf(Malade)|Surf|p1a: Marshawn
|-resisted|p1a: Marshawn
|-damage|p1a: Marshawn|0 fnt
|faint|p1a: Marshawn
|
|-heal|p2a: Ouf(Malade)|158\/365|[from] item: Leftovers
|c|★GoldFalcon|oh could you give it to me (at the end of the match of course ^^)
|
|switch|p1a: Wing Man|Talonflame, F|297\/297
|turn|11
|
|switch|p2a: Ahn Tuan|Landorus-Therian, M|319\/319
|-ability|p2a: Ahn Tuan|Intimidate|[of] p1a: Wing Man
|-unboost|p1a: Wing Man|atk|1
|move|p1a: Wing Man|Brave Bird|p2a: Ahn Tuan
|-damage|p2a: Ahn Tuan|192\/319
|-damage|p1a: Wing Man|255\/297|[from] recoil|[of] p2a: Ahn Tuan
|
|turn|12
|
|switch|p1a: Steel Yo Girl|Scizor, F|229\/343
|move|p2a: Ahn Tuan|Knock Off|p1a: Steel Yo Girl
|-damage|p1a: Steel Yo Girl|143\/343
|-enditem|p1a: Steel Yo Girl|Leftovers|[from] move: Knock Off|[of] p2a: Ahn Tuan
|
|turn|13
|
|switch|p2a: Bolt|Manectric, M|281\/281
|move|p1a: Steel Yo Girl|U-turn|p2a: Bolt
|-damage|p2a: Bolt|118\/281
|
|switch|p1a: Magic Man|Alakazam, M|261\/261
|
|turn|14
|
|detailschange|p1a: Magic Man|Alakazam-Mega, M
|-mega|p1a: Magic Man|Alakazam|Alakazite
|-ability|p1a: Magic Man|Lightning Rod|[from] ability: Trace|[of] p2a: Bolt
|detailschange|p2a: Bolt|Manectric-Mega, M
|-mega|p2a: Bolt|Manectric|Manectite
|-ability|p2a: Bolt|Intimidate|[of] p1a: Magic Man
|-unboost|p1a: Magic Man|atk|1
|move|p1a: Magic Man|Psyshock|p2a: Bolt
|-damage|p2a: Bolt|0 fnt
|faint|p2a: Bolt
|
|
|switch|p2a: Azumarill|Azumarill, M|401\/401
|turn|15
|
|move|p1a: Magic Man|Psyshock|p2a: Azumarill
|-crit|p2a: Azumarill
|-damage|p2a: Azumarill|89\/401
|move|p2a: Azumarill|Play Rough|p1a: Magic Man
|-damage|p1a: Magic Man|0 fnt
|faint|p1a: Magic Man
|
|
|switch|p1a: Wing Man|Talonflame, F|255\/297
|turn|16
|
|move|p1a: Wing Man|Brave Bird|p2a: Azumarill
|-crit|p2a: Azumarill
|-damage|p2a: Azumarill|0 fnt
|-damage|p1a: Wing Man|226\/297|[from] recoil|[of] p2a: Azumarill
|faint|p2a: Azumarill
|
|
|switch|p2a: Ahn Tuan|Landorus-Therian, M|192\/319
|-ability|p2a: Ahn Tuan|Intimidate|[of] p1a: Wing Man
|-unboost|p1a: Wing Man|atk|1
|turn|17
|
|switch|p1a: Steel Yo Girl|Scizor, F|143\/343
|move|p2a: Ahn Tuan|Earthquake|p1a: Steel Yo Girl
|-damage|p1a: Steel Yo Girl|0 fnt
|faint|p1a: Steel Yo Girl
|
|
|switch|p1a: Rotom-Wash|Rotom-Wash|304\/304
|turn|18
|
|switch|p2a: Ouf(Malade)|Manaphy|158\/365
|move|p1a: Rotom-Wash|Volt Switch|p2a: Ouf(Malade)
|-supereffective|p2a: Ouf(Malade)
|-damage|p2a: Ouf(Malade)|0 fnt
|faint|p2a: Ouf(Malade)
|c|★DreamScream|gg
|
|switch|p1a: Doug|Diggersby, M|273\/311
|
|c|★GoldFalcon|gg
|
|switch|p2a: Ahn Tuan|Landorus-Therian, M|192\/319
|-ability|p2a: Ahn Tuan|Intimidate|[of] p1a: Doug
|-unboost|p1a: Doug|atk|1
|turn|19
|c|★GoldFalcon|can't do anything
|
|move|p2a: Ahn Tuan|Stone Edge|p1a: Doug|[miss]
|-miss|p2a: Ahn Tuan|p1a: Doug
|move|p1a: Doug|Ice Punch|p2a: Ahn Tuan
|-supereffective|p2a: Ahn Tuan
|-damage|p2a: Ahn Tuan|0 fnt
|faint|p2a: Ahn Tuan
|
|win|DreamScream
|raw|Ladder updating...
|c|★DreamScream|witness the power of diggersby
|raw|DreamScream's rating: 1466 &rarr; <strong>1482<\/strong><br \/>(+16 for winning)
|raw|GoldFalcon's rating: 1393 &rarr; <strong>1377<\/strong><br \/>(-16 for losing)