|join|Alvadora
|join|Hellfire♣Rakehell
|player|p1|Alvadora|256
|player|p2|Hellfire♣Rakehell|290
|gametype|singles
|gen|6
|tier|OU
|rated
|clearpoke
|poke|p1|Charizard, M
|poke|p1|Tyranitar, F
|poke|p1|Excadrill, M
|poke|p1|Rotom-Wash
|poke|p1|Gengar, F
|poke|p1|Breloom, M
|poke|p2|Mamoswine, M
|poke|p2|Bisharp, M
|poke|p2|Gyarados, M
|poke|p2|Aerodactyl, M
|poke|p2|Thundurus, M
|poke|p2|Gothitelle, M
|rule|Swagger Clause: Swagger is banned
|rule|Baton Pass Clause: Limit one Pokémon knowing Baton Pass
|rule|Sleep Clause Mod: Limit one foe put to sleep
|rule|Species Clause: Limit one of each Pokémon
|rule|OHKO Clause: OHKO moves are banned
|rule|Moody Clause: Moody is banned
|rule|Evasion Moves Clause: Evasion moves are banned
|rule|Endless Battle Clause: Forcing endless battles is banned
|rule|HP Percentage Mod: HP is shown in percentages
|teampreview
|
|start
|switch|p1a: Rotom-Wash|Rotom-Wash|304\/304
|switch|p2a: Aerodactyl|Aerodactyl, M|301\/301
|-ability|p2a: Aerodactyl|Pressure
|turn|1
|join|Hellfire♣Chainy
|
|move|p2a: Aerodactyl|Stealth Rock|p1a: Rotom-Wash
|-sidestart|p1: Alvadora|move: Stealth Rock
|move|p1a: Rotom-Wash|Volt Switch|p2a: Aerodactyl
|-supereffective|p2a: Aerodactyl
|-damage|p2a: Aerodactyl|95\/301
|
|switch|p1a: Tyranitar|Tyranitar, F|403\/403
|-damage|p1a: Tyranitar|353\/403|[from] Stealth Rock
|-weather|Sandstorm
|
|-weather|Sandstorm|[upkeep]
|turn|2
|join|Hellfire♣Yum
|join|LostInShortBus
|
|switch|p1a: Excadrill|Excadrill, M|359\/359
|-damage|p1a: Excadrill|348\/359|[from] Stealth Rock
|move|p2a: Aerodactyl|Stone Edge|p1a: Excadrill
|-resisted|p1a: Excadrill
|-damage|p1a: Excadrill|295\/359
|
|-weather|Sandstorm|[upkeep]
|turn|3
|
|move|p1a: Excadrill|Iron Head|p2a: Aerodactyl
|-supereffective|p2a: Aerodactyl
|-damage|p2a: Aerodactyl|0 fnt
|-damage|p1a: Excadrill|260\/359|[from] item: Life Orb
|faint|p2a: Aerodactyl
|
|-weather|Sandstorm|[upkeep]
|
|switch|p2a: Bisharp|Bisharp, M|271\/271
|turn|4
|
|switch|p1a: Breloom|Breloom, M|262\/262
|-damage|p1a: Breloom|246\/262|[from] Stealth Rock
|move|p2a: Bisharp|Knock Off|p1a: Breloom
|-resisted|p1a: Breloom
|-damage|p1a: Breloom|103\/262
|-enditem|p1a: Breloom|Focus Sash|[from] move: Knock Off|[of] p2a: Bisharp
|-damage|p2a: Bisharp|244\/271|[from] item: Life Orb
|
|-weather|Sandstorm|[upkeep]
|-damage|p1a: Breloom|87\/262|[from] sandstorm
|turn|5
|
|move|p2a: Bisharp|Iron Head|p1a: Breloom
|-crit|p1a: Breloom
|-damage|p1a: Breloom|0 fnt
|-damage|p2a: Bisharp|217\/271|[from] item: Life Orb
|faint|p1a: Breloom
|
|-weather|Sandstorm|[upkeep]
|c|★Alvadora|.......
|c| Hellfire♣Yum|you have balls!
|
|switch|p1a: Charizard|Charizard, M|297\/297
|-damage|p1a: Charizard|149\/297|[from] Stealth Rock
|turn|6
|c|★Alvadora|too much balls
|c| Hellfire♣Yum|everyone does
|c| Hellfire♣Yum|what you did
|c| Hellfire♣Yum|everyone hits spore
|c| Hellfire♣Yum|for some reason
|c| Hellfire♣Yum|XD
|
|switch|p2a: Gothitelle|Gothitelle, M|281\/281
|detailschange|p1a: Charizard|Charizard-Mega-Y, M
|message|Charizard has Mega Evolved into Mega Charizard!
|-weather|SunnyDay
|move|p1a: Charizard|Flamethrower|p2a: Gothitelle
|-damage|p2a: Gothitelle|0 fnt
|faint|p2a: Gothitelle
|
|-weather|SunnyDay|[upkeep]
|
|switch|p2a: Thundurus|Thundurus, M|298\/298
|turn|7
|
|switch|p1a: Tyranitar|Tyranitar, F|353\/403
|-damage|p1a: Tyranitar|303\/403|[from] Stealth Rock
|-weather|Sandstorm
|move|p2a: Thundurus|Superpower|p1a: Tyranitar
|-supereffective|p1a: Tyranitar
|-damage|p1a: Tyranitar|0 fnt
|-unboost|p2a: Thundurus|atk|1
|-unboost|p2a: Thundurus|def|1
|-damage|p2a: Thundurus|269\/298|[from] item: Life Orb
|faint|p1a: Tyranitar
|
|-weather|Sandstorm|[upkeep]
|-damage|p2a: Thundurus|251\/298|[from] sandstorm
|
|switch|p1a: Excadrill|Excadrill, M|260\/359
|-damage|p1a: Excadrill|249\/359|[from] Stealth Rock
|turn|8
|
|move|p1a: Excadrill|Earthquake|p2a: Thundurus
|-immune|p2a: Thundurus|[msg]
|move|p2a: Thundurus|Superpower|p1a: Excadrill
|-supereffective|p1a: Excadrill
|-damage|p1a: Excadrill|0 fnt
|-unboost|p2a: Thundurus|atk|1
|-unboost|p2a: Thundurus|def|1
|-damage|p2a: Thundurus|222\/298|[from] item: Life Orb
|faint|p1a: Excadrill
|
|-weather|Sandstorm|[upkeep]
|-damage|p2a: Thundurus|204\/298|[from] sandstorm
|c|★Alvadora|eh
|c|★Alvadora|i thought i clicked rock slide
|c| Hellfire♣Chainy|predicted
|c| Hellfire♣Yum|i am a prediction
|c|★Alvadora|hahahahahafuck
|c| Hellfire♣Yum|GOD
|c| LostInShortBus|LOL
|join|Jefo
|c|★Alvadora|i thought that was rock slide
|c| LostInShortBus|★Alvadora: i thought i clicked rock slide
|c|★Alvadora|it was the same color
|c| LostInShortBus|★Alvadora: i thought i clicked rock slide
|join|jake5
|c|★Alvadora|oml
|-message|Alvadora forfeited.
|
|win|Hellfire♣Rakehell
|raw|Ladder updating...
|raw|Alvadora's rating: 1603 &rarr; <strong>1579<\/strong><br \/>(-24 for losing)
|raw|Hellfire♣Rakehell's rating: 1523 &rarr; <strong>1548<\/strong><br \/>(+25 for winning)
|c| Hellfire♣Chainy|stop lying
|leave|Alvadora
|player|p1
|leave|Hellfire♣Yum
|leave|LostInShortBus
|leave|Hellfire♣Rakehell
|player|p2
|leave|Jefo