|join|Alvadora
|join|TheEnder
|player|p1|Alvadora|256
|player|p2|TheEnder|249
|gametype|singles
|gen|6
|tier|OU
|clearpoke
|poke|p1|Ludicolo, M, shiny
|poke|p1|Politoed, F
|poke|p1|Kingdra, M
|poke|p1|Tornadus-Therian, M
|poke|p1|Swampert, M
|poke|p1|Skarmory, F
|poke|p2|Hawlucha, F
|poke|p2|Ferrothorn, M
|poke|p2|Suicune
|poke|p2|Landorus-Therian, M
|poke|p2|Latios, M
|poke|p2|Diancie
|rule|Swagger Clause: Swagger is banned
|rule|Baton Pass Clause: Limit one Pokémon knowing Baton Pass
|rule|Sleep Clause Mod: Limit one foe put to sleep
|rule|Species Clause: Limit one of each Pokémon
|rule|OHKO Clause: OHKO moves are banned
|rule|Moody Clause: Moody is banned
|rule|Evasion Moves Clause: Evasion moves are banned
|rule|Endless Battle Clause: Forcing endless battles is banned
|rule|HP Percentage Mod: HP is shown in percentages
|teampreview
|join|Cork Bottle
|c|★Alvadora|oh hi
|join|kullhadd hekk
|join|daftmau5
|c|★TheEnder|helo
|join|TheNiceOne
|join|JohnxYiu
|join|CauseICan
|
|start
|switch|p1a: Skarmory|Skarmory, F|334\/334
|switch|p2a: Latios|Latios, M|299\/299
|turn|1
|
|move|p2a: Latios|Hidden Power|p1a: Skarmory
|-supereffective|p1a: Skarmory
|-damage|p1a: Skarmory|69\/334
|-damage|p2a: Latios|270\/299|[from] item: Life Orb
|move|p1a: Skarmory|Stealth Rock|p2a: Latios
|-sidestart|p2: TheEnder|move: Stealth Rock
|
|turn|2
|
|switch|p1a: Tornadus-Therian|Tornadus-Therian, M|334\/334
|move|p2a: Latios|Hidden Power|p1a: Tornadus-Therian
|-damage|p1a: Tornadus-Therian|270\/334
|-damage|p2a: Latios|241\/299|[from] item: Life Orb
|
|turn|3
|
|move|p1a: Tornadus-Therian|Knock Off|p2a: Latios
|-supereffective|p2a: Latios
|-damage|p2a: Latios|83\/299
|-enditem|p2a: Latios|Life Orb|[from] move: Knock Off|[of] p1a: Tornadus-Therian
|move|p2a: Latios|Roost|p2a: Latios
|-heal|p2a: Latios|233\/299
|
|turn|4
|join|NNR for ubers
|join|ollopa
|join|AlaskanTerrier
|
|move|p1a: Tornadus-Therian|Hurricane|p2a: Latios
|-damage|p2a: Latios|95\/299
|-start|p2a: Latios|confusion
|-activate|p2a: Latios|confusion
|-damage|p2a: Latios|67\/299|[from] confusion
|
|turn|5
|join|Lidist
|c|★TheEnder|o well
|c| JohnxYiu|lol
|c|★Alvadora|sorry
|join|noish
|c|★TheEnder|wincon is gone
|c|★TheEnder|now i just lose
|c|★TheEnder|ripp
|join|troller67890
|
|move|p1a: Tornadus-Therian|Knock Off|p2a: Latios
|-supereffective|p2a: Latios
|-damage|p2a: Latios|0 fnt
|faint|p2a: Latios
|
|join|Joshuamos
|
|switch|p2a: Diancie|Diancie|257\/257
|-damage|p2a: Diancie|225\/257|[from] Stealth Rock
|turn|6
|join|SuperDudePro123
|c| Lidist|latios was your WC?
|c| troller67890|nnr i created the acc a week ago doesnt mean i pkay everyday like u tard
|join|LordBeric
|join|tfukfi
|c|★TheEnder|yeah it beat 6 out of 6 mons
|c|★TheEnder|1v1
|c| NNR for ubers|i don't play everyday
|
|detailschange|p2a: Diancie|Diancie-Mega
|message|Diancie has Mega Evolved into Mega Diancie!
|move|p1a: Tornadus-Therian|U-turn|p2a: Diancie
|-resisted|p2a: Diancie
|-damage|p2a: Diancie|204\/257
|
|switch|p1a: Politoed|Politoed, F|384\/384
|-weather|RainDance
|move|p2a: Diancie|Moonblast|p1a: Politoed
|-damage|p1a: Politoed|162\/384
|
|-weather|RainDance|[upkeep]
|turn|7
|
|switch|p1a: Skarmory|Skarmory, F|69\/334
|move|p2a: Diancie|Moonblast|p1a: Skarmory
|-resisted|p1a: Skarmory
|-damage|p1a: Skarmory|0 fnt
|faint|p1a: Skarmory
|
|-weather|RainDance|[upkeep]
|c| NNR for ubers|lmfao you're already butthurt?
|c|★Alvadora|ho lee
|c| Lidist|RP
|c|★Alvadora|that dmg
|c| Lidist|or not
|c| troller67890|lul lame
|c| Lidist|shoulda rped there
|
|switch|p1a: Ludicolo|Ludicolo, M, shiny|309\/309
|turn|8
|c|★TheEnder|NNR for ubers: lmfao you're already butthurt?
|c| Lidist|rock polish
|c| Lidist|if you had i
|c|★TheEnder|?_?
|c| Lidist|it
|
|switch|p2a: Ferrothorn|Ferrothorn, M|352\/352
|-damage|p2a: Ferrothorn|330\/352|[from] Stealth Rock
|move|p1a: Ludicolo|Hydro Pump|p2a: Ferrothorn
|-resisted|p2a: Ferrothorn
|-damage|p2a: Ferrothorn|194\/352
|-damage|p1a: Ludicolo|279\/309|[from] item: Life Orb
|
|-weather|RainDance|[upkeep]
|-heal|p2a: Ferrothorn|216\/352|[from] item: Leftovers
|turn|9
|c| NNR for ubers|not you thender
|
|move|p2a: Ferrothorn|Protect|p2a: Ferrothorn
|-singleturn|p2a: Ferrothorn|Protect
|move|p1a: Ludicolo|Focus Blast|p2a: Ferrothorn
|-activate|p2a: Ferrothorn|Protect
|
|-weather|RainDance|[upkeep]
|-heal|p2a: Ferrothorn|238\/352|[from] item: Leftovers
|turn|10
|c| NNR for ubers|theEnder*
|c|★TheEnder|o ok
|
|switch|p2a: Hawlucha|Hawlucha, F|304\/304
|-damage|p2a: Hawlucha|266\/304|[from] Stealth Rock
|move|p1a: Ludicolo|Focus Blast|p2a: Hawlucha
|-resisted|p2a: Hawlucha
|-damage|p2a: Hawlucha|144\/304
|-damage|p1a: Ludicolo|249\/309|[from] item: Life Orb
|-enditem|p2a: Hawlucha|Sitrus Berry|[eat]
|-heal|p2a: Hawlucha|220\/304|[from] item: Sitrus Berry
|
|-weather|RainDance|[upkeep]
|turn|11
|join|min min
|c|★Alvadora|pls connect
|c|★Alvadora|oml
|c|★Alvadora|noooo
|c| daftmau5|lucha god
|
|switch|p1a: Tornadus-Therian|Tornadus-Therian, M|334\/334
|move|p2a: Hawlucha|Substitute|p2a: Hawlucha
|-start|p2a: Hawlucha|Substitute
|-damage|p2a: Hawlucha|144\/304
|
|-weather|RainDance|[upkeep]
|turn|12
|c|★TheEnder|n_n
|c| Lidist|ayyyyy lmao
|c| troller67890|u had crits don complsin
|join|Neo_08ms
|
|move|p2a: Hawlucha|Swords Dance|p2a: Hawlucha
|-boost|p2a: Hawlucha|atk|2
|move|p1a: Tornadus-Therian|Hurricane|p2a: Hawlucha
|-supereffective|p2a: Hawlucha
|-end|p2a: Hawlucha|Substitute
|
|-weather|RainDance|[upkeep]
|turn|13
|c| daftmau5|snack wrapped
|join|FardinFromPB
|
|move|p2a: Hawlucha|Acrobatics|p1a: Tornadus-Therian
|-damage|p1a: Tornadus-Therian|0 fnt
|faint|p1a: Tornadus-Therian
|
|-weather|none
|c|★Alvadora|i think im screwed
|c|★Alvadora|lucha wins
|c| daftmau5|swampert
|
|switch|p1a: Politoed|Politoed, F|162\/384
|-weather|RainDance
|turn|14
|c| daftmau5|can it acheive
|c| JohnxYiu|rekt
|
|move|p2a: Hawlucha|Acrobatics|p1a: Politoed
|-damage|p1a: Politoed|0 fnt
|faint|p1a: Politoed
|
|-weather|RainDance|[upkeep]
|c| daftmau5|*achieve
|c|★TheEnder|prolly lol
|
|switch|p1a: Swampert|Swampert, M|342\/342
|turn|15
|c| Lidist|i was gonna say lucha was wc
|
|detailschange|p1a: Swampert|Swampert-Mega, M
|message|Swampert has Mega Evolved into Mega Swampert!
|move|p2a: Hawlucha|High Jump Kick|p1a: Swampert
|-damage|p1a: Swampert|30\/342
|move|p1a: Swampert|Waterfall|p2a: Hawlucha
|-damage|p2a: Hawlucha|0 fnt
|faint|p2a: Hawlucha
|
|-weather|RainDance|[upkeep]
|c| daftmau5|shiet
|c| Lidist|BULK
|c| Neo_08ms|swampert kills alrdy
|c|★Alvadora|PERTTTTT
|c| min min|ohhhhhh
|c| Lidist|BULK IS REAL
|c| Neo_08ms|shudve swampert a long time ago
|c| Lidist|its fine ender
|c| NNR for ubers|^
|c| Lidist|you got this
|
|switch|p2a: Ferrothorn|Ferrothorn, M|238\/352
|-damage|p2a: Ferrothorn|216\/352|[from] Stealth Rock
|turn|16
|
|move|p2a: Ferrothorn|Protect|p2a: Ferrothorn
|-singleturn|p2a: Ferrothorn|Protect
|move|p1a: Swampert|Superpower|p2a: Ferrothorn
|-activate|p2a: Ferrothorn|Protect
|
|-weather|RainDance|[upkeep]
|-heal|p2a: Ferrothorn|238\/352|[from] item: Leftovers
|turn|17
|c| Lidist|u took out poopyhead frog
|c| min min|hammer aaaarm
|c| JohnxYiu|gg
|c| min min|or that
|c| Lidist|low kick
|c| NNR for ubers|superpower O o
|
|switch|p2a: Landorus-Therian|Landorus-Therian, M|368\/368
|-damage|p2a: Landorus-Therian|322\/368|[from] Stealth Rock
|-ability|p2a: Landorus-Therian|Intimidate|[of] p1a: Swampert
|-unboost|p1a: Swampert|atk|1
|move|p1a: Swampert|Superpower|p2a: Landorus-Therian
|-resisted|p2a: Landorus-Therian
|-damage|p2a: Landorus-Therian|274\/368
|-unboost|p1a: Swampert|atk|1
|-unboost|p1a: Swampert|def|1
|
|-weather|RainDance|[upkeep]
|-heal|p2a: Landorus-Therian|297\/368|[from] item: Leftovers
|turn|18
|c| Lidist|he might have LK
|c| JohnxYiu|he's stalling out the rain
|c| NNR for ubers|^
|
|switch|p2a: Ferrothorn|Ferrothorn, M|238\/352
|-damage|p2a: Ferrothorn|216\/352|[from] Stealth Rock
|move|p1a: Swampert|Superpower|p2a: Ferrothorn
|-supereffective|p2a: Ferrothorn
|-damage|p2a: Ferrothorn|96\/352
|-damage|p1a: Swampert|0 fnt|[from] ability: Iron Barbs|[of] p2a: Ferrothorn
|faint|p1a: Swampert
|
|-weather|RainDance|[upkeep]
|-heal|p2a: Ferrothorn|118\/352|[from] item: Leftovers
|c| Lidist|specs kinda scurry
|
|switch|p1a: Ludicolo|Ludicolo, M, shiny|249\/309
|turn|19
|c|★Alvadora|i lose to diancie once rain ends
|c| Lidist|Kingdra
|c| JohnxYiu|and protect
|
|move|p2a: Ferrothorn|Protect|p2a: Ferrothorn
|-singleturn|p2a: Ferrothorn|Protect
|move|p1a: Ludicolo|Focus Blast|p2a: Ferrothorn
|-activate|p2a: Ferrothorn|Protect
|
|-weather|RainDance|[upkeep]
|-heal|p2a: Ferrothorn|140\/352|[from] item: Leftovers
|turn|20
|c|★Alvadora|so yup gg
|c| Lidist|gg
|
|switch|p2a: Landorus-Therian|Landorus-Therian, M|297\/368
|-damage|p2a: Landorus-Therian|251\/368|[from] Stealth Rock
|-ability|p2a: Landorus-Therian|Intimidate|[of] p1a: Ludicolo
|-unboost|p1a: Ludicolo|atk|1
|move|p1a: Ludicolo|Hydro Pump|p2a: Landorus-Therian
|-supereffective|p2a: Landorus-Therian
|-damage|p2a: Landorus-Therian|0 fnt
|-damage|p1a: Ludicolo|219\/309|[from] item: Life Orb
|faint|p2a: Landorus-Therian
|
|-weather|RainDance|[upkeep]
|c| troller67890|lol deserved winner
|
|switch|p2a: Ferrothorn|Ferrothorn, M|140\/352
|-damage|p2a: Ferrothorn|118\/352|[from] Stealth Rock
|turn|21
|
|move|p1a: Ludicolo|Focus Blast|p2a: Ferrothorn
|-supereffective|p2a: Ferrothorn
|-damage|p2a: Ferrothorn|0 fnt
|-damage|p1a: Ludicolo|189\/309|[from] item: Life Orb
|faint|p2a: Ferrothorn
|
|-weather|none
|
|switch|p2a: Diancie|Diancie-Mega|204\/257
|-damage|p2a: Diancie|172\/257|[from] Stealth Rock
|turn|22
|
|move|p2a: Diancie|Moonblast|p1a: Ludicolo
|-damage|p1a: Ludicolo|0 fnt
|faint|p1a: Ludicolo
|
|c|★Alvadora|doesnt live it :[
|
|switch|p1a: Kingdra|Kingdra, M|297\/297
|turn|23
|c|★Alvadora|gg
|
|move|p2a: Diancie|Moonblast|p1a: Kingdra
|-supereffective|p1a: Kingdra
|-damage|p1a: Kingdra|0 fnt
|faint|p1a: Kingdra
|
|win|TheEnder
|c|★TheEnder|gg
|leave|Cork Bottle
|c| troller67890|bye
|leave|Alvadora
|player|p1
|leave|min min
|leave|TheEnder
|player|p2
|leave|troller67890
|leave|AlaskanTerrier
|leave|Neo_08ms
|leave|JohnxYiu
|leave|Lidist
|leave|TheNiceOne
|leave|Joshuamos