|join|That fishing guy
|join|Alvadora
|player|p1|That fishing guy|198
|player|p2|Alvadora|256
|gametype|singles
|gen|6
|tier|OU
|clearpoke
|poke|p1|Metagross
|poke|p1|Garchomp, F
|poke|p1|Greninja, M
|poke|p1|Talonflame, F, shiny
|poke|p1|Dragonite, M
|poke|p1|Azumarill, F, shiny
|poke|p2|Charizard, M
|poke|p2|Tyranitar, F
|poke|p2|Excadrill, M
|poke|p2|Rotom-Wash
|poke|p2|Greninja, M, shiny
|poke|p2|Breloom, M
|rule|Swagger Clause: Swagger is banned
|rule|Baton Pass Clause: Limit one Pokémon knowing Baton Pass
|rule|Sleep Clause Mod: Limit one foe put to sleep
|rule|Species Clause: Limit one of each Pokémon
|rule|OHKO Clause: OHKO moves are banned
|rule|Moody Clause: Moody is banned
|rule|Evasion Moves Clause: Evasion moves are banned
|rule|Endless Battle Clause: Forcing endless battles is banned
|rule|HP Percentage Mod: HP is shown in percentages
|teampreview
|join|Sweqfeq
|join|Gay Bear Sex
|join|DerpaniteX
|join|Qubae
|join|misc alll day
|join|5th
|join|brrhavto
|join|crazyme931
|join|LifePotion
|c| Sweqfeq|1st
|join|Invok3r
|join|jolieboyxp
|join|PLEASE MURDER ME
|c| Sweqfeq|yung blks
|join|pr0phetic
|c| Invok3r|alvadora is nub
|join|Tzu Yu Sun
|c| Invok3r|why no raikou
|c| Sweqfeq|bois
|c| Invok3r|n_n
|join|Sephiroth VII
|c|★Alvadora|lol
|
|start
|switch|p1a: Garchomp|Garchomp, F|357\/357
|switch|p2a: Tyranitar|Tyranitar, F|404\/404
|-weather|Sandstorm
|turn|1
|join|DrakeGeo
|join|shartruce2
|join|Reddragonn
|join|VagSlayer420
|
|move|p1a: Garchomp|Earthquake|p2a: Tyranitar
|-supereffective|p2a: Tyranitar
|-damage|p2a: Tyranitar|98\/404
|move|p2a: Tyranitar|Stealth Rock|p1a: Garchomp
|-sidestart|p1: That fishing guy|move: Stealth Rock
|
|-weather|Sandstorm|[upkeep]
|turn|2
|c| DrakeGeo|go the fishing guy!
|
|switch|p2a: Rotom-Wash|Rotom-Wash|304\/304
|move|p1a: Garchomp|Stealth Rock|p2a: Rotom-Wash
|-sidestart|p2: Alvadora|move: Stealth Rock
|
|-weather|Sandstorm|[upkeep]
|-damage|p2a: Rotom-Wash|285\/304|[from] sandstorm
|-heal|p2a: Rotom-Wash|304\/304|[from] item: Leftovers
|turn|3
|c| DrakeGeo|you're so badass!
|c| Invok3r|go ur mum!
|
|move|p1a: Garchomp|Dragon Claw|p2a: Rotom-Wash
|-damage|p2a: Rotom-Wash|207\/304
|move|p2a: Rotom-Wash|Will-O-Wisp|p1a: Garchomp
|-status|p1a: Garchomp|brn
|
|-weather|Sandstorm|[upkeep]
|-damage|p2a: Rotom-Wash|188\/304|[from] sandstorm
|-heal|p2a: Rotom-Wash|207\/304|[from] item: Leftovers
|-damage|p1a: Garchomp|313\/357 brn|[from] brn
|turn|4
|c|★Alvadora|ma, im a bad player
|c| Tzu Yu Sun|now it's time to steal his team
|join|Biz
|join|Alex The Chief
|
|move|p1a: Garchomp|Dragon Claw|p2a: Rotom-Wash
|-crit|p2a: Rotom-Wash
|-damage|p2a: Rotom-Wash|123\/304
|move|p2a: Rotom-Wash|Hydro Pump|p1a: Garchomp
|-damage|p1a: Garchomp|154\/357 brn
|
|-weather|Sandstorm|[upkeep]
|-damage|p2a: Rotom-Wash|104\/304|[from] sandstorm
|-heal|p2a: Rotom-Wash|123\/304|[from] item: Leftovers
|-damage|p1a: Garchomp|110\/357 brn|[from] brn
|turn|5
|
|move|p1a: Garchomp|Dragon Claw|p2a: Rotom-Wash
|-damage|p2a: Rotom-Wash|69\/304
|move|p2a: Rotom-Wash|Hydro Pump|p1a: Garchomp|[miss]
|-miss|p2a: Rotom-Wash|p1a: Garchomp
|
|-weather|Sandstorm|[upkeep]
|-damage|p2a: Rotom-Wash|50\/304|[from] sandstorm
|-heal|p2a: Rotom-Wash|69\/304|[from] item: Leftovers
|-damage|p1a: Garchomp|66\/357 brn|[from] brn
|turn|6
|c| Sweqfeq|alvok u used this team thruout or
|c|★Alvadora|ya
|c| misc alll day|sand veil
|
|move|p1a: Garchomp|Dragon Claw|p2a: Rotom-Wash
|-damage|p2a: Rotom-Wash|17\/304
|move|p2a: Rotom-Wash|Hydro Pump|p1a: Garchomp
|-damage|p1a: Garchomp|0 fnt
|faint|p1a: Garchomp
|
|-weather|Sandstorm|[upkeep]
|-damage|p2a: Rotom-Wash|0 fnt|[from] sandstorm
|faint|p2a: Rotom-Wash
|c|★Alvadora|i think so too
|c| Invok3r|why no sd lum
|c| Invok3r|git gud
|c| Sweqfeq|t flame
|c| Sweqfeq|lookin sweet
|c| Tzu Yu Sun|^
|
|switch|p2a: Excadrill|Excadrill, M|359\/359
|switch|p1a: Metagross|Metagross|302\/302
|-damage|p2a: Excadrill|348\/359|[from] Stealth Rock
|-damage|p1a: Metagross|284\/302|[from] Stealth Rock
|turn|7
|
|detailschange|p1a: Metagross|Metagross-Mega
|message|Metagross has Mega Evolved into Mega Metagross!
|move|p2a: Excadrill|Rapid Spin|p1a: Metagross
|-resisted|p1a: Metagross
|-damage|p1a: Metagross|271\/302
|-sideend|p2: Alvadora|Stealth Rock|[from] move: Rapid Spin|[of] p2a: Excadrill
|-damage|p2a: Excadrill|313\/359|[from] item: Life Orb
|move|p1a: Metagross|Earthquake|p2a: Excadrill
|-supereffective|p2a: Excadrill
|-damage|p2a: Excadrill|0 fnt
|faint|p2a: Excadrill
|
|-weather|Sandstorm|[upkeep]
|c| Tzu Yu Sun|moar swog
|c|★Alvadora|EQ SPAM
|c|★Alvadora|LETS GO
|c|★Alvadora|ohmy
|c|★Alvadora|he stayed
|c|★Alvadora|fml
|
|switch|p2a: Greninja|Greninja, M, shiny|285\/285
|turn|8
|c| pr0phetic|lol
|c| Invok3r|u r good
|c|★Alvadora|im bad
|c| Alex The Chief|yolo
|
|move|p2a: Greninja|Dark Pulse|p1a: Metagross
|-start|p2a: Greninja|typechange|Dark|[from] Protean
|-supereffective|p1a: Metagross
|-damage|p1a: Metagross|0 fnt
|-damage|p2a: Greninja|257\/285|[from] item: Life Orb
|faint|p1a: Metagross
|
|-weather|none
|c| pr0phetic|I woulda EQed
|c| Sweqfeq|uh
|join|l123
|c| Tzu Yu Sun|av azu
|
|switch|p1a: Talonflame|Talonflame, F, shiny|298\/298
|-damage|p1a: Talonflame|149\/298|[from] Stealth Rock
|turn|9
|c| Sweqfeq|tflame!??!
|c| Tzu Yu Sun|yaaa
|
|switch|p2a: Tyranitar|Tyranitar, F|98\/404
|-weather|Sandstorm
|move|p1a: Talonflame|U-turn|p2a: Tyranitar
|-supereffective|p2a: Tyranitar
|-damage|p2a: Tyranitar|0 fnt
|faint|p2a: Tyranitar
|c| Invok3r|sd liechie
|c|★Alvadora|lol u-turn
|c| Sweqfeq|.
|c| misc alll day|??
|c| Invok3r|LMAO
|c| Invok3r|LMAO
|c| Invok3r|LMAO
|
|switch|p1a: Greninja|Greninja, M|286\/286
|-damage|p1a: Greninja|251\/286|[from] Stealth Rock
|
|-weather|Sandstorm|[upkeep]
|-damage|p1a: Greninja|234\/286|[from] sandstorm
|c| Sweqfeq|is d nite his defogger?
|c|★Alvadora|with even number hp
|c|★Alvadora|hahaha
|c| Gay Bear Sex|greninja speed tie
|c| pr0phetic|well that bird is dead
|join|r65tfyguhj
|
|switch|p2a: Breloom|Breloom, M|262\/262
|turn|10
|c| Gay Bear Sex|ftw
|c| Invok3r|nice hp bro
|
|switch|p1a: Talonflame|Talonflame, F, shiny|149\/298
|-damage|p1a: Talonflame|0 fnt|[from] Stealth Rock
|faint|p1a: Talonflame
|move|p2a: Breloom|Mach Punch|p1: Talonflame|[notarget]
|-notarget
|
|-weather|Sandstorm|[upkeep]
|-damage|p2a: Breloom|246\/262|[from] sandstorm
|c| Sweqfeq|..
|join|craing _;
|c| pr0phetic|lol.
|c| Sweqfeq|the win con
|c| Alex The Chief|is this the final?
|c| Sweqfeq|gone
|c| Invok3r|thinkin long term
|c| Tzu Yu Sun|even numbered hp
|c| Invok3r|now go to dd lum
|c| 5th|Dnite gonna clutch it again
|
|switch|p1a: Dragonite|Dragonite, M|324\/324
|-damage|p1a: Dragonite|243\/324|[from] Stealth Rock
|turn|11
|c| Invok3r|miss rock tomb
|c| Tzu Yu Sun|\/\/ noob mistake
|c| Invok3r|obviously
|
|move|p1a: Dragonite|Dragon Dance|p1a: Dragonite
|-boost|p1a: Dragonite|atk|1
|-boost|p1a: Dragonite|spe|1
|move|p2a: Breloom|Rock Tomb|p1a: Dragonite
|-supereffective|p1a: Dragonite
|-damage|p1a: Dragonite|0 fnt
|faint|p1a: Dragonite
|
|-weather|Sandstorm|[upkeep]
|-damage|p2a: Breloom|230\/262|[from] sandstorm
|c|★Alvadora|bopped
|c| Sweqfeq|hahahhaha
|join|TheJFrenzy1
|c| Invok3r|gg alvadora
|
|switch|p1a: Azumarill|Azumarill, F, shiny|404\/404
|-damage|p1a: Azumarill|354\/404|[from] Stealth Rock
|turn|12
|c|★Alvadora|gg
|c| misc alll day|oalwd
|c| VagSlayer420|lol
|c| Invok3r|i see you out here
|c| Sweqfeq|gege
|c| 5th|reveal scarf
|
|move|p2a: Breloom|Spore|p1a: Azumarill
|-status|p1a: Azumarill|slp
|cant|p1a: Azumarill|slp
|
|-weather|Sandstorm|[upkeep]
|-damage|p2a: Breloom|214\/262|[from] sandstorm
|-damage|p1a: Azumarill|329\/404 slp|[from] sandstorm
|turn|13
|c| Sweqfeq|>sap sipper
|c| pr0phetic|welp
|
|move|p2a: Breloom|Bullet Seed|p1a: Azumarill
|-supereffective|p1a: Azumarill
|-damage|p1a: Azumarill|149\/404 slp
|-enditem|p1a: Azumarill|Sitrus Berry|[eat]
|-heal|p1a: Azumarill|250\/404 slp|[from] item: Sitrus Berry
|-supereffective|p1a: Azumarill
|-damage|p1a: Azumarill|70\/404 slp
|-hitcount|p1a: Azumarill|2
|cant|p1a: Azumarill|slp
|
|-weather|Sandstorm|[upkeep]
|-damage|p2a: Breloom|198\/262|[from] sandstorm
|-damage|p1a: Azumarill|45\/404 slp|[from] sandstorm
|turn|14
|c| DrakeGeo|oh sap sipper
|leave|Invok3r
|join|Anonymous Mask Man
|c| DrakeGeo|where are you?
|c|★Alvadora|gg :]
|
|-curestatus|p1a: Azumarill|slp
|move|p1a: Azumarill|Aqua Jet|p2a: Breloom
|-resisted|p2a: Breloom
|-damage|p2a: Breloom|150\/262
|move|p2a: Breloom|Bullet Seed|p1a: Azumarill
|-supereffective|p1a: Azumarill
|-damage|p1a: Azumarill|0 fnt
|-hitcount|p1a: Azumarill|1
|faint|p1a: Azumarill
|
|-weather|Sandstorm|[upkeep]
|-damage|p2a: Breloom|134\/262|[from] sandstorm
|c| Sweqfeq|14 turns
|
|switch|p1a: Greninja|Greninja, M|234\/286
|-damage|p1a: Greninja|199\/286|[from] Stealth Rock
|turn|15
|c| misc alll day|u turn
|c| Sweqfeq|and its over
|c| Sweqfeq|top kek
|join|mr. lilitho
|c| pr0phetic|alrght Gren do work
|
|move|p2a: Breloom|Mach Punch|p1a: Greninja
|-supereffective|p1a: Greninja
|-damage|p1a: Greninja|0 fnt
|faint|p1a: Greninja
|
|win|Alvadora
|c| 5th|Your line got tangled, m8
|leave|Reddragonn
|c| pr0phetic|lol
|leave|Sweqfeq
|c|★That fishing guy|rip
|c|★Alvadora|gg
|leave|crazyme931
|leave|5th
|leave|Tzu Yu Sun
|leave|Anonymous Mask Man
|leave|That fishing guy
|player|p1
|leave|pr0phetic
|leave|TheJFrenzy1
|leave|VagSlayer420
|leave|Sephiroth VII
|leave|brrhavto
|leave|Biz
|leave|mr. lilitho
|leave|DrakeGeo
|leave|r65tfyguhj
|leave|LifePotion
|leave|shartruce2
|leave|jolieboyxp
|leave|l123
|leave|Alex The Chief
|join|shartruce2
|leave|shartruce2
|leave|DerpaniteX
|leave|misc alll day