|join|OldJ
|join|DumberThanSlowpoke
|player|p1|OldJ|1
|player|p2|DumberThanSlowpoke|168
|gametype|singles
|gen|6
|tier|OU
|rated
|clearpoke
|poke|p1|Azelf
|poke|p1|Bisharp, M
|poke|p1|Gothitelle, M
|poke|p1|Gyarados, F
|poke|p1|Mamoswine, F
|poke|p1|Thundurus, M
|poke|p2|Diggersby, F
|poke|p2|Magnezone
|poke|p2|Venusaur, M
|poke|p2|Latias, F
|poke|p2|Bisharp, F
|poke|p2|Azumarill, M
|rule|Swagger Clause: Swagger is banned
|rule|Baton Pass Clause: Limit one Pokémon knowing Baton Pass
|rule|Sleep Clause Mod: Limit one foe put to sleep
|rule|Species Clause: Limit one of each Pokémon
|rule|OHKO Clause: OHKO moves are banned
|rule|Moody Clause: Moody is banned
|rule|Evasion Moves Clause: Evasion moves are banned
|rule|Endless Battle Clause: Forcing endless battles is banned
|rule|HP Percentage Mod: HP is shown in percentages
|teampreview
|
|start
|switch|p1a: Azelf|Azelf|291\/291
|switch|p2a: Bisharp|Bisharp, F|272\/272
|turn|1
|
|move|p1a: Azelf|Stealth Rock|p2a: Bisharp
|-sidestart|p2: DumberThanSlowpoke|move: Stealth Rock
|move|p2a: Bisharp|Knock Off|p1a: Azelf
|-supereffective|p1a: Azelf
|-damage|p1a: Azelf|0 fnt
|-enditem|p1a: Azelf|Mental Herb|[from] move: Knock Off|[of] p2a: Bisharp
|faint|p1a: Azelf
|
|
|switch|p1a: Mamoswine|Mamoswine, F|359\/359
|turn|2
|
|move|p2a: Bisharp|Sucker Punch|p1a: Mamoswine
|-damage|p1a: Mamoswine|157\/359
|move|p1a: Mamoswine|Earthquake|p2a: Bisharp
|-supereffective|p2a: Bisharp
|-damage|p2a: Bisharp|0 fnt
|-damage|p1a: Mamoswine|122\/359|[from] item: Life Orb
|faint|p2a: Bisharp
|
|
|switch|p2a: Azumarill|Azumarill, M|363\/363
|-damage|p2a: Azumarill|318\/363|[from] Stealth Rock
|turn|3
|
|move|p2a: Azumarill|Aqua Jet|p1a: Mamoswine
|-supereffective|p1a: Mamoswine
|-damage|p1a: Mamoswine|0 fnt
|faint|p1a: Mamoswine
|
|
|switch|p1a: Gyarados|Gyarados, F|331\/331
|-ability|p1a: Gyarados|Intimidate|[of] p2a: Azumarill
|-unboost|p2a: Azumarill|atk|1
|turn|4
|
|switch|p2a: Magnezone|Magnezone|324\/324
|-damage|p2a: Magnezone|304\/324|[from] Stealth Rock
|move|p1a: Gyarados|Dragon Dance|p1a: Gyarados
|-boost|p1a: Gyarados|atk|1
|-boost|p1a: Gyarados|spe|1
|
|turn|5
|
|move|p1a: Gyarados|Waterfall|p2a: Magnezone
|-damage|p2a: Magnezone|117\/324
|move|p2a: Magnezone|Volt Switch|p1a: Gyarados
|-supereffective|p1a: Gyarados
|-damage|p1a: Gyarados|0 fnt
|faint|p1a: Gyarados
|
|switch|p2a: Diggersby|Diggersby, F|311\/311
|-damage|p2a: Diggersby|292\/311|[from] Stealth Rock
|
|
|switch|p1a: Thundurus|Thundurus, M|299\/299
|turn|6
|
|switch|p2a: Magnezone|Magnezone|117\/324
|-damage|p2a: Magnezone|97\/324|[from] Stealth Rock
|move|p1a: Thundurus|Superpower|p2a: Magnezone
|-supereffective|p2a: Magnezone
|-damage|p2a: Magnezone|0 fnt
|-unboost|p1a: Thundurus|atk|1
|-unboost|p1a: Thundurus|def|1
|-damage|p1a: Thundurus|270\/299|[from] item: Life Orb
|faint|p2a: Magnezone
|
|
|switch|p2a: Diggersby|Diggersby, F|292\/311
|-damage|p2a: Diggersby|273\/311|[from] Stealth Rock
|turn|7
|
|move|p2a: Diggersby|Quick Attack|p1a: Thundurus
|-damage|p1a: Thundurus|44\/299
|-damage|p2a: Diggersby|242\/311|[from] item: Life Orb
|move|p1a: Thundurus|Superpower|p2a: Diggersby
|-supereffective|p2a: Diggersby
|-damage|p2a: Diggersby|26\/311
|-unboost|p1a: Thundurus|atk|1
|-unboost|p1a: Thundurus|def|1
|-damage|p1a: Thundurus|15\/299|[from] item: Life Orb
|
|turn|8
|
|move|p1a: Thundurus|Thunderbolt|p2a: Diggersby
|-immune|p2a: Diggersby|[msg]
|move|p2a: Diggersby|Earthquake|p1a: Thundurus
|-immune|p1a: Thundurus|[msg]
|
|turn|9
|c|★DumberThanSlowpoke|lol
|
|move|p1a: Thundurus|Thunderbolt|p2a: Diggersby
|-immune|p2a: Diggersby|[msg]
|move|p2a: Diggersby|Earthquake|p1a: Thundurus
|-immune|p1a: Thundurus|[msg]
|
|turn|10
|
|move|p2a: Diggersby|Quick Attack|p1a: Thundurus
|-damage|p1a: Thundurus|0 fnt
|-damage|p2a: Diggersby|0 fnt|[from] item: Life Orb
|faint|p1a: Thundurus
|faint|p2a: Diggersby
|
|
|switch|p1a: Gothitelle|Gothitelle, M|289\/289
|switch|p2a: Azumarill|Azumarill, M|318\/363
|-damage|p2a: Azumarill|273\/363|[from] Stealth Rock
|turn|11
|
|move|p1a: Gothitelle|Energy Ball|p2a: Azumarill
|-supereffective|p2a: Azumarill
|-damage|p2a: Azumarill|0 fnt
|faint|p2a: Azumarill
|
|
|switch|p2a: Venusaur|Venusaur, M|359\/359
|-damage|p2a: Venusaur|315\/359|[from] Stealth Rock
|turn|12
|
|detailschange|p2a: Venusaur|Venusaur-Mega, M
|-mega|p2a: Venusaur|Venusaur|Venusaurite
|move|p1a: Gothitelle|Energy Ball|p2a: Venusaur
|-resisted|p2a: Venusaur
|-damage|p2a: Venusaur|285\/359
|-unboost|p2a: Venusaur|spd|1
|move|p2a: Venusaur|Hidden Power|p1a: Gothitelle
|-damage|p1a: Gothitelle|222\/289
|
|turn|13
|
|move|p1a: Gothitelle|Energy Ball|p2a: Venusaur
|-resisted|p2a: Venusaur
|-damage|p2a: Venusaur|243\/359
|move|p2a: Venusaur|Hidden Power|p1a: Gothitelle
|-damage|p1a: Gothitelle|153\/289
|
|turn|14
|
|move|p1a: Gothitelle|Energy Ball|p2a: Venusaur
|-resisted|p2a: Venusaur
|-damage|p2a: Venusaur|202\/359
|move|p2a: Venusaur|Synthesis|p2a: Venusaur
|-heal|p2a: Venusaur|359\/359
|
|turn|15
|
|move|p1a: Gothitelle|Energy Ball|p2a: Venusaur
|-resisted|p2a: Venusaur
|-damage|p2a: Venusaur|317\/359
|move|p2a: Venusaur|Hidden Power|p1a: Gothitelle
|-damage|p1a: Gothitelle|87\/289
|
|turn|16
|
|move|p1a: Gothitelle|Energy Ball|p2a: Venusaur
|-resisted|p2a: Venusaur
|-damage|p2a: Venusaur|272\/359
|move|p2a: Venusaur|Hidden Power|p1a: Gothitelle
|-damage|p1a: Gothitelle|20\/289
|
|turn|17
|
|switch|p1a: Bisharp|Bisharp, M|271\/271
|move|p2a: Venusaur|Synthesis|p2a: Venusaur
|-heal|p2a: Venusaur|359\/359
|
|turn|18
|
|move|p1a: Bisharp|Swords Dance|p1a: Bisharp
|-boost|p1a: Bisharp|atk|2
|move|p2a: Venusaur|Hidden Power|p1a: Bisharp
|-supereffective|p1a: Bisharp
|-damage|p1a: Bisharp|69\/271
|
|turn|19
|
|move|p1a: Bisharp|Iron Head|p2a: Venusaur
|-damage|p2a: Venusaur|110\/359
|cant|p2a: Venusaur|flinch
|
|turn|20
|
|move|p1a: Bisharp|Iron Head|p2a: Venusaur
|-damage|p2a: Venusaur|0 fnt
|faint|p2a: Venusaur
|
|
|switch|p2a: Latias|Latias, F|319\/319
|-damage|p2a: Latias|280\/319|[from] Stealth Rock
|turn|21
|
|move|p1a: Bisharp|Sucker Punch|p2a: Latias
|-supereffective|p2a: Latias
|-damage|p2a: Latias|0 fnt
|faint|p2a: Latias
|
|win|OldJ
|raw|Ladder updating...
|raw|OldJ's rating: 1442 &rarr; <strong>1460<\/strong><br \/>(+18 for winning)
|raw|DumberThanSlowpoke's rating: 1402 &rarr; <strong>1384<\/strong><br \/>(-18 for losing)
|c|★OldJ|gg