|join|Appreciation
|join|Casual Tester
|player|p1|Appreciation|68
|player|p2|Casual Tester|1
|gametype|singles
|gen|6
|tier|OU
|rated
|clearpoke
|poke|p1|Beedrill, M
|poke|p1|Latios, M
|poke|p1|Keldeo
|poke|p1|Landorus-Therian, M
|poke|p1|Excadrill, F
|poke|p1|Tyranitar, M
|poke|p2|Landorus, M
|poke|p2|Metagross
|poke|p2|Tyranitar, M
|poke|p2|Togekiss, F
|poke|p2|Rotom-Wash
|poke|p2|Dragonite, F
|rule|Swagger Clause: Swagger is banned
|rule|Baton Pass Clause: Limit one Pokémon knowing Baton Pass
|rule|Sleep Clause Mod: Limit one foe put to sleep
|rule|Species Clause: Limit one of each Pokémon
|rule|OHKO Clause: OHKO moves are banned
|rule|Moody Clause: Moody is banned
|rule|Evasion Moves Clause: Evasion moves are banned
|rule|Endless Battle Clause: Forcing endless battles is banned
|rule|HP Percentage Mod: HP is shown in percentages
|teampreview
|join|greninja free zone
|c| greninja free zone|casual
|c| greninja free zone|XDDdXDxdX
|c|★Appreciation|his team looks strong....fuck
|
|start
|switch|p1a: Beedrill|Beedrill, M|272\/272
|switch|p2a: Togekiss|Togekiss, F|311\/311
|turn|1
|
|switch|p2a: Landorus|Landorus, M|319\/319
|detailschange|p1a: Beedrill|Beedrill-Mega, M
|-mega|p1a: Beedrill|Beedrill|Beedrillite
|move|p1a: Beedrill|Poison Jab|p2a: Landorus
|-resisted|p2a: Landorus
|-damage|p2a: Landorus|193\/319
|
|turn|2
|c|★Appreciation|xxlovebeedrillxx
|c| greninja free zone|lol
|
|move|p1a: Beedrill|U-turn|p2a: Landorus
|-resisted|p2a: Landorus
|-damage|p2a: Landorus|89\/319
|join|cosine180
|
|switch|p1a: Latios|Latios, M|301\/301
|move|p2a: Landorus|Knock Off|p1a: Latios
|-supereffective|p1a: Latios
|-damage|p1a: Latios|0 fnt
|-enditem|p1a: Latios|Life Orb|[from] move: Knock Off|[of] p2a: Landorus
|-damage|p2a: Landorus|58\/319|[from] item: Life Orb
|faint|p1a: Latios
|
|c| greninja free zone|rekt
|c|★Appreciation|what a
|c|★Appreciation|play
|
|switch|p1a: Beedrill|Beedrill-Mega, M|272\/272
|turn|3
|
|move|p1a: Beedrill|Poison Jab|p2a: Landorus
|-resisted|p2a: Landorus
|-damage|p2a: Landorus|0 fnt
|faint|p2a: Landorus
|
|
|switch|p2a: Metagross|Metagross|301\/301
|turn|4
|
|detailschange|p2a: Metagross|Metagross-Mega
|-mega|p2a: Metagross|Metagross|Metagrossite
|move|p1a: Beedrill|U-turn|p2a: Metagross
|-damage|p2a: Metagross|155\/301
|c| cosine180|nice hp fire lati
|c| cosine180|jaja
|c|★Appreciation|its not
|c|★Appreciation|hp FIAR
|c| cosine180|then
|
|switch|p1a: Landorus-Therian|Landorus-Therian, M|319\/319
|-ability|p1a: Landorus-Therian|Intimidate|[of] p2a: Metagross
|-unboost|p2a: Metagross|atk|1
|move|p2a: Metagross|Ice Punch|p1a: Landorus-Therian
|-supereffective|p1a: Landorus-Therian
|-damage|p1a: Landorus-Therian|0 fnt
|faint|p1a: Landorus-Therian
|
|c| cosine180|how do u beat
|c| cosine180|ferro
|c| greninja free zone|ok
|c|★Appreciation|i dont
|c| cosine180|LOL
|c| greninja free zone|gg
|c| cosine180|this guy
|
|switch|p1a: Beedrill|Beedrill-Mega, M|272\/272
|turn|5
|c| cosine180|thinks he's good or smth
|
|switch|p2a: Dragonite|Dragonite, F|323\/323
|move|p1a: Beedrill|Knock Off|p2a: Dragonite
|-damage|p2a: Dragonite|256\/323
|-enditem|p2a: Dragonite|Choice Band|[from] move: Knock Off|[of] p1a: Beedrill
|
|turn|6
|c| greninja free zone|bop
|c|★Appreciation|ok
|c| cosine180|yet he remains a casual
|c| cosine180|:\/
|
|move|p1a: Beedrill|U-turn|p2a: Dragonite
|-resisted|p2a: Dragonite
|-damage|p2a: Dragonite|147\/323
|c| cosine180|balloon drill gogogo
|
|switch|p1a: Keldeo|Keldeo|323\/323
|move|p2a: Dragonite|Earthquake|p1a: Keldeo
|-damage|p1a: Keldeo|167\/323
|
|turn|7
|c|★Appreciation|donked
|c| greninja free zone|get played like a piano
|
|switch|p2a: Rotom-Wash|Rotom-Wash|304\/304
|move|p1a: Keldeo|Icy Wind|p2a: Rotom-Wash
|-resisted|p2a: Rotom-Wash
|-damage|p2a: Rotom-Wash|272\/304
|-unboost|p2a: Rotom-Wash|spe|1
|
|-heal|p2a: Rotom-Wash|291\/304|[from] item: Leftovers
|turn|8
|
|move|p1a: Keldeo|Secret Sword|p2a: Rotom-Wash
|-damage|p2a: Rotom-Wash|185\/304
|move|p2a: Rotom-Wash|Will-O-Wisp|p1a: Keldeo
|-status|p1a: Keldeo|brn
|
|-heal|p2a: Rotom-Wash|204\/304|[from] item: Leftovers
|-damage|p1a: Keldeo|127\/323 brn|[from] brn
|turn|9
|c| cosine180|also
|c| cosine180|how do u beat rotom
|c|★Appreciation|ok nice
|c| cosine180|:P
|c| greninja free zone|plays.com
|
|move|p1a: Keldeo|Secret Sword|p2a: Rotom-Wash
|-damage|p2a: Rotom-Wash|93\/304
|move|p2a: Rotom-Wash|Volt Switch|p1a: Keldeo
|-supereffective|p1a: Keldeo
|-damage|p1a: Keldeo|0 fnt
|faint|p1a: Keldeo
|c|★Appreciation|like this
|c|★Appreciation|breh
|
|switch|p2a: Dragonite|Dragonite, F|147\/323
|
|c| cosine180|lol
|
|switch|p1a: Beedrill|Beedrill-Mega, M|272\/272
|turn|10
|c| cosine180|scarftar sweep y\/n
|
|move|p2a: Dragonite|Extreme Speed|p1a: Beedrill
|-damage|p1a: Beedrill|52\/272
|move|p1a: Beedrill|Poison Jab|p2a: Dragonite
|-damage|p2a: Dragonite|0 fnt
|faint|p2a: Dragonite
|
|c|★Appreciation|o shit
|c|★Appreciation|that did a lot
|c|★Appreciation|woops
|c| greninja free zone|...
|c|★Appreciation|didnt expect this..............
|
|switch|p2a: Rotom-Wash|Rotom-Wash|93\/304
|turn|11
|c| greninja free zone|hello, d u know its def
|c| cosine180|its k he's not bp
|c| greninja free zone|u nerd
|c| cosine180|yup
|
|move|p1a: Beedrill|Poison Jab|p2a: Rotom-Wash
|-damage|p2a: Rotom-Wash|0 fnt
|faint|p2a: Rotom-Wash
|
|c| cosine180|u win
|c|★Appreciation|im the breast
|
|switch|p2a: Tyranitar|Tyranitar, M|389\/389
|-weather|Sandstorm
|turn|12
|c| cosine180|actually
|
|move|p1a: Beedrill|U-turn|p2a: Tyranitar
|-supereffective|p2a: Tyranitar
|-damage|p2a: Tyranitar|33\/389
|c| cosine180|pursuit
|c| cosine180|here
|c| cosine180|,,
|
|switch|p1a: Tyranitar|Tyranitar, M|403\/403
|move|p2a: Tyranitar|Stealth Rock|p1a: Tyranitar
|-sidestart|p1: Appreciation|move: Stealth Rock
|
|-weather|Sandstorm|[upkeep]
|-heal|p2a: Tyranitar|57\/389|[from] item: Leftovers
|turn|13
|c| cosine180|wtf
|c| greninja free zone|its k
|c|★Appreciation|fak imo
|c| greninja free zone|driller got dis
|c| cosine180|ye idk why he sacked rotom
|c| cosine180|wth
|c|★Appreciation|idk what to do here!
|c| cosine180|stone edge
|c| greninja free zone|ya
|
|switch|p2a: Metagross|Metagross-Mega|155\/301
|move|p1a: Tyranitar|Crunch|p2a: Metagross
|-supereffective|p2a: Metagross
|-damage|p2a: Metagross|0 fnt
|faint|p2a: Metagross
|
|-weather|Sandstorm|[upkeep]
|c| cosine180|ah
|c| greninja free zone|B
|c| cosine180|gotem
|c|★Appreciation|lel
|c| cosine180|ez
|c| greninja free zone|O
|c| greninja free zone|P
|
|switch|p2a: Togekiss|Togekiss, F|311\/311
|turn|14
|c| cosine180|stone edge wouldve been fine tho
|
|switch|p1a: Beedrill|Beedrill-Mega, M|52\/272
|-damage|p1a: Beedrill|0 fnt|[from] Stealth Rock
|faint|p1a: Beedrill
|move|p2a: Togekiss|Dazzling Gleam|p1: Beedrill|[notarget]
|-notarget
|
|-weather|Sandstorm|[upkeep]
|-damage|p2a: Togekiss|292\/311|[from] sandstorm
|
|switch|p1a: Excadrill|Excadrill, F|361\/361
|-damage|p1a: Excadrill|350\/361|[from] Stealth Rock
|turn|15
|c| greninja free zone|GG.
|
|move|p1a: Excadrill|Iron Head|p2a: Togekiss
|-supereffective|p2a: Togekiss
|-damage|p2a: Togekiss|0 fnt
|-damage|p1a: Excadrill|314\/361|[from] item: Life Orb
|faint|p2a: Togekiss
|
|-weather|Sandstorm|[upkeep]
|c| cosine180|GG.
|-message|Casual Tester forfeited.
|
|win|Appreciation
|raw|Ladder updating...
|leave|Casual Tester
|player|p2
|raw|Appreciation's rating: 1537 &rarr; <strong>1556<\/strong><br \/>(+19 for winning)
|raw|Casual Tester's rating: 1518 &rarr; <strong>1499<\/strong><br \/>(-19 for losing)
|c|★Appreciation|ayy lmao
|c|★Appreciation|GG.