|join|Appreciation
|join|Ryuk97
|player|p1|Appreciation|68
|player|p2|Ryuk97|99
|gametype|singles
|gen|6
|tier|OU
|rated
|clearpoke
|poke|p1|Scizor, F
|poke|p1|Crawdaunt, M
|poke|p1|Diggersby, M
|poke|p1|Garchomp, F
|poke|p1|Latios, M
|poke|p1|Gengar, M
|poke|p2|Diggersby, M
|poke|p2|Raikou
|poke|p2|Scizor, M
|poke|p2|Alakazam, M
|poke|p2|Slowbro, M
|poke|p2|Terrakion
|rule|Swagger Clause: Swagger is banned
|rule|Baton Pass Clause: Limit one Pokémon knowing Baton Pass
|rule|Sleep Clause Mod: Limit one foe put to sleep
|rule|Species Clause: Limit one of each Pokémon
|rule|OHKO Clause: OHKO moves are banned
|rule|Moody Clause: Moody is banned
|rule|Evasion Moves Clause: Evasion moves are banned
|rule|Endless Battle Clause: Forcing endless battles is banned
|rule|HP Percentage Mod: HP is shown in percentages
|teampreview
Appreciation turned on modjoin.
|raw|<div class="broadcast-red"><b>Moderated chat was set to +!<\/b><br \/>Only users of rank + and higher can talk.<\/div>
Appreciation made this room hidden.
|
|start
|switch|p1a: Garchomp|Garchomp, F|357\/357
|switch|p2a: Terrakion|Terrakion|323\/323
|turn|1
|
|move|p2a: Terrakion|Taunt|p1a: Garchomp
|-start|p1a: Garchomp|move: Taunt
|move|p1a: Garchomp|Earthquake|p2a: Terrakion
|-supereffective|p2a: Terrakion
|-enditem|p2a: Terrakion|Focus Sash
|-damage|p2a: Terrakion|1\/323
|
|turn|2
|
|move|p2a: Terrakion|Stealth Rock|p1a: Garchomp
|-sidestart|p1: Appreciation|move: Stealth Rock
|move|p1a: Garchomp|Earthquake|p2a: Terrakion
|-supereffective|p2a: Terrakion
|-damage|p2a: Terrakion|0 fnt
|faint|p2a: Terrakion
|
|
|switch|p2a: Slowbro|Slowbro, M|394\/394
|turn|3
|
|move|p1a: Garchomp|Earthquake|p2a: Slowbro
|-damage|p2a: Slowbro|268\/394
|move|p2a: Slowbro|Scald|p1a: Garchomp
|-damage|p1a: Garchomp|257\/357
|-status|p1a: Garchomp|brn
|-enditem|p1a: Garchomp|Lum Berry|[eat]
|-curestatus|p1a: Garchomp|brn
|
|-heal|p2a: Slowbro|292\/394|[from] item: Leftovers
|-end|p1a: Garchomp|move: Taunt
|turn|4
|
|switch|p2a: Raikou|Raikou|321\/321
|-ability|p2a: Raikou|Pressure
|move|p1a: Garchomp|Stealth Rock|p2a: Raikou
|-sidestart|p2: Ryuk97|move: Stealth Rock
|
|turn|5
|
|move|p2a: Raikou|Hidden Power|p1a: Garchomp
|-supereffective|p1a: Garchomp
|-damage|p1a: Garchomp|0 fnt
|faint|p1a: Garchomp
|
|c|★Appreciation|what if i eqd here
|c|★Appreciation|what kind of awful play was that
|c|★Appreciation|lol
|
|switch|p1a: Scizor|Scizor, F|282\/282
|-damage|p1a: Scizor|247\/282|[from] Stealth Rock
|turn|6
|
|switch|p2a: Diggersby|Diggersby, M|311\/311
|-damage|p2a: Diggersby|292\/311|[from] Stealth Rock
|detailschange|p1a: Scizor|Scizor-Mega, F
|-mega|p1a: Scizor|Scizor|Scizorite
|move|p1a: Scizor|Swords Dance|p1a: Scizor
|-boost|p1a: Scizor|atk|2
|
|turn|7
|c|★Ryuk97|i know you go for sr
|c|★Appreciation|it was too risky tho
|
|move|p1a: Scizor|Bullet Punch|p2a: Diggersby
|-damage|p2a: Diggersby|0 fnt
|faint|p2a: Diggersby
|
|
|switch|p2a: Raikou|Raikou|321\/321
|-damage|p2a: Raikou|281\/321|[from] Stealth Rock
|-ability|p2a: Raikou|Pressure
|turn|8
|
|move|p2a: Raikou|Thunderbolt|p1a: Scizor
|-damage|p1a: Scizor|43\/282
|move|p1a: Scizor|Bug Bite|p2a: Raikou
|-damage|p2a: Raikou|0 fnt
|faint|p2a: Raikou
|
|
|switch|p2a: Scizor|Scizor, M|343\/343
|-damage|p2a: Scizor|301\/343|[from] Stealth Rock
|turn|9
|
|move|p2a: Scizor|Bullet Punch|p1a: Scizor
|-resisted|p1a: Scizor
|-damage|p1a: Scizor|0 fnt
|faint|p1a: Scizor
|
|
|switch|p1a: Crawdaunt|Crawdaunt, M|268\/268
|-damage|p1a: Crawdaunt|235\/268|[from] Stealth Rock
|turn|10
|
|switch|p2a: Slowbro|Slowbro, M|394\/394
|-damage|p2a: Slowbro|345\/394|[from] Stealth Rock
|move|p1a: Crawdaunt|Knock Off|p2a: Slowbro
|-supereffective|p2a: Slowbro
|-damage|p2a: Slowbro|0 fnt
|-enditem|p2a: Slowbro|Leftovers|[from] move: Knock Off|[of] p1a: Crawdaunt
|-damage|p1a: Crawdaunt|209\/268|[from] item: Life Orb
|faint|p2a: Slowbro
|
|
|switch|p2a: Scizor|Scizor, M|301\/343
|-damage|p2a: Scizor|259\/343|[from] Stealth Rock
|turn|11
|
|move|p1a: Crawdaunt|Crabhammer|p2a: Scizor
|-damage|p2a: Scizor|0 fnt
|-damage|p1a: Crawdaunt|183\/268|[from] item: Life Orb
|faint|p2a: Scizor
|
|
|switch|p2a: Alakazam|Alakazam, M|251\/251
|turn|12
|
|detailschange|p2a: Alakazam|Alakazam-Mega, M
|-mega|p2a: Alakazam|Alakazam|Alakazite
|-ability|p2a: Alakazam|Adaptability|[from] ability: Trace|[of] p1a: Crawdaunt
|move|p1a: Crawdaunt|Aqua Jet|p2a: Alakazam
|-damage|p2a: Alakazam|82\/251
|-damage|p1a: Crawdaunt|157\/268|[from] item: Life Orb
|move|p2a: Alakazam|Focus Blast|p1a: Crawdaunt|[miss]
|-miss|p2a: Alakazam|p1a: Crawdaunt
|
|turn|13
|
|move|p1a: Crawdaunt|Aqua Jet|p2a: Alakazam
|-damage|p2a: Alakazam|0 fnt
|-damage|p1a: Crawdaunt|131\/268|[from] item: Life Orb
|faint|p2a: Alakazam
|
|win|Appreciation
|raw|Ladder updating...
|raw|Appreciation's rating: 1673 &rarr; <strong>1690<\/strong><br \/>(+17 for winning)
|raw|Ryuk97's rating: 1619 &rarr; <strong>1603<\/strong><br \/>(-16 for losing)
|leave|Ryuk97