|join|Gaet-Kun06
|join|traveloka
|player|p1|Gaet-Kun06|163
|player|p2|traveloka|233
|gametype|singles
|gen|6
|tier|OU
|rated
|clearpoke
|poke|p1|Bisharp, M
|poke|p1|Venusaur, F
|poke|p1|Landorus, M
|poke|p1|Ditto
|poke|p1|Seismitoad, M
|poke|p1|Mandibuzz, F
|poke|p2|Excadrill, F
|poke|p2|Tyranitar, F
|poke|p2|Landorus, M
|poke|p2|Zapdos
|poke|p2|Venusaur, F
|poke|p2|Keldeo-Resolute
|rule|Swagger Clause: Swagger is banned
|rule|Baton Pass Clause: Limit one Pokémon knowing Baton Pass
|rule|Sleep Clause Mod: Limit one foe put to sleep
|rule|Species Clause: Limit one of each Pokémon
|rule|OHKO Clause: OHKO moves are banned
|rule|Moody Clause: Moody is banned
|rule|Evasion Moves Clause: Evasion moves are banned
|rule|Endless Battle Clause: Forcing endless battles is banned
|rule|HP Percentage Mod: HP is shown in percentages
|teampreview
|
|start
|switch|p1a: Seismitoad|Seismitoad, M|414\/414
|switch|p2a: Tyranitar|Tyranitar, F|404\/404
|-weather|Sandstorm
|turn|1
|
|move|p1a: Seismitoad|Earthquake|p2a: Tyranitar
|-supereffective|p2a: Tyranitar
|-damage|p2a: Tyranitar|198\/404
|move|p2a: Tyranitar|Stealth Rock|p1a: Seismitoad
|-sidestart|p1: Gaet-Kun06|move: Stealth Rock
|
|-weather|Sandstorm|[upkeep]
|turn|2
|
|switch|p2a: Venusaur|Venusaur, F|364\/364
|move|p1a: Seismitoad|Stealth Rock|p2a: Venusaur
|-sidestart|p2: traveloka|move: Stealth Rock
|
|-weather|Sandstorm|[upkeep]
|-damage|p2a: Venusaur|342\/364|[from] sandstorm
|turn|3
|
|switch|p1a: Mandibuzz|Mandibuzz, F|423\/423
|-damage|p1a: Mandibuzz|318\/423|[from] Stealth Rock
|detailschange|p2a: Venusaur|Venusaur-Mega, F
|message|Venusaur has Mega Evolved into Mega Venusaur!
|move|p2a: Venusaur|Knock Off|p1a: Mandibuzz
|-resisted|p1a: Mandibuzz
|-damage|p1a: Mandibuzz|292\/423
|-enditem|p1a: Mandibuzz|Leftovers|[from] move: Knock Off|[of] p2a: Venusaur
|
|-weather|Sandstorm|[upkeep]
|-damage|p2a: Venusaur|320\/364|[from] sandstorm
|turn|4
|
|switch|p2a: Tyranitar|Tyranitar, F|198\/404
|-damage|p2a: Tyranitar|148\/404|[from] Stealth Rock
|move|p1a: Mandibuzz|Taunt|p2a: Tyranitar
|-start|p2a: Tyranitar|move: Taunt
|
|-weather|Sandstorm|[upkeep]
|turn|5
|
|move|p1a: Mandibuzz|Defog|p2a: Tyranitar
|-unboost|p2a: Tyranitar|evasion|1
|-sideend|p2: traveloka|Stealth Rock|[from] move: Defog|[of] p2a: Tyranitar
|-sideend|p1: Gaet-Kun06|Stealth Rock|[from] move: Defog|[of] p1a: Mandibuzz
|move|p2a: Tyranitar|Ice Beam|p1a: Mandibuzz
|-supereffective|p1a: Mandibuzz
|-damage|p1a: Mandibuzz|84\/423
|
|-weather|Sandstorm|[upkeep]
|turn|6
|
|switch|p1a: Seismitoad|Seismitoad, M|414\/414
|switch|p2a: Keldeo-Resolute|Keldeo-Resolute|322\/322
|
|-weather|Sandstorm|[upkeep]
|-damage|p2a: Keldeo-Resolute|302\/322|[from] sandstorm
|turn|7
|
|move|p2a: Keldeo-Resolute|Secret Sword|p1a: Seismitoad
|-damage|p1a: Seismitoad|236\/414
|move|p1a: Seismitoad|Scald|p2a: Keldeo-Resolute
|-resisted|p2a: Keldeo-Resolute
|-damage|p2a: Keldeo-Resolute|260\/322
|
|-weather|Sandstorm|[upkeep]
|-damage|p2a: Keldeo-Resolute|240\/322|[from] sandstorm
|-heal|p1a: Seismitoad|261\/414|[from] item: Leftovers
|turn|8
|
|switch|p2a: Venusaur|Venusaur-Mega, F|320\/364
|move|p1a: Seismitoad|Scald|p2a: Venusaur
|-resisted|p2a: Venusaur
|-damage|p2a: Venusaur|288\/364
|
|-weather|none
|-heal|p1a: Seismitoad|286\/414|[from] item: Leftovers
|turn|9
|
|switch|p2a: Zapdos|Zapdos|384\/384
|-ability|p2a: Zapdos|Pressure
|switch|p1a: Venusaur|Venusaur, F|364\/364
|
|turn|10
|
|detailschange|p1a: Venusaur|Venusaur-Mega, F
|message|Venusaur has Mega Evolved into Mega Venusaur!
|move|p2a: Zapdos|Discharge|p1a: Venusaur
|-resisted|p1a: Venusaur
|-damage|p1a: Venusaur|319\/364
|-status|p1a: Venusaur|par
|move|p1a: Venusaur|Sludge Bomb|p2a: Zapdos
|-damage|p2a: Zapdos|282\/384
|
|-heal|p2a: Zapdos|306\/384|[from] item: Leftovers
|turn|11
|
|move|p2a: Zapdos|U-turn|p1a: Venusaur
|-damage|p1a: Venusaur|283\/364 par
|
|switch|p2a: Landorus|Landorus, M|319\/319
|move|p1a: Venusaur|Sludge Bomb|p2a: Landorus
|-resisted|p2a: Landorus
|-damage|p2a: Landorus|238\/319
|-status|p2a: Landorus|psn
|
|-damage|p2a: Landorus|199\/319 psn|[from] psn
|turn|12
|
|switch|p1a: Seismitoad|Seismitoad, M|286\/414
|move|p2a: Landorus|Earth Power|p1a: Seismitoad
|-damage|p1a: Seismitoad|68\/414
|
|-heal|p1a: Seismitoad|93\/414|[from] item: Leftovers
|-damage|p2a: Landorus|160\/319 psn|[from] psn
|turn|13
|
|move|p2a: Landorus|Hidden Power|p1a: Seismitoad
|-damage|p1a: Seismitoad|18\/414
|-damage|p2a: Landorus|129\/319 psn|[from] item: Life Orb
|move|p1a: Seismitoad|Stealth Rock|p2a: Landorus
|-sidestart|p2: traveloka|move: Stealth Rock
|
|-heal|p1a: Seismitoad|43\/414|[from] item: Leftovers
|-damage|p2a: Landorus|90\/319 psn|[from] psn
|turn|14
|
|move|p2a: Landorus|Hidden Power|p1a: Seismitoad
|-damage|p1a: Seismitoad|0 fnt
|-damage|p2a: Landorus|59\/319 psn|[from] item: Life Orb
|faint|p1a: Seismitoad
|
|-damage|p2a: Landorus|20\/319 psn|[from] psn
|
|switch|p1a: Ditto|Ditto|300\/300
|-transform|p1a: Ditto|p2a: Landorus
|turn|15
|
|move|p1a: Ditto|Psychic|p2a: Landorus
|-damage|p2a: Landorus|0 fnt
|faint|p2a: Landorus
|
|
|switch|p2a: Tyranitar|Tyranitar, F|148\/404
|-damage|p2a: Tyranitar|98\/404|[from] Stealth Rock
|-weather|Sandstorm
|turn|16
|
|switch|p1a: Venusaur|Venusaur-Mega, F|283\/364 par
|move|p2a: Tyranitar|Stealth Rock|p1a: Venusaur
|-sidestart|p1: Gaet-Kun06|move: Stealth Rock
|
|-weather|Sandstorm|[upkeep]
|-damage|p1a: Venusaur|261\/364 par|[from] sandstorm
|turn|17
|
|switch|p2a: Zapdos|Zapdos|306\/384
|-damage|p2a: Zapdos|210\/384|[from] Stealth Rock
|-ability|p2a: Zapdos|Pressure
|switch|p1a: Bisharp|Bisharp, M|272\/272
|-damage|p1a: Bisharp|255\/272|[from] Stealth Rock
|
|-weather|Sandstorm|[upkeep]
|-damage|p2a: Zapdos|186\/384|[from] sandstorm
|-heal|p2a: Zapdos|210\/384|[from] item: Leftovers
|turn|18
|
|move|p1a: Bisharp|Sucker Punch|p2a: Zapdos
|-damage|p2a: Zapdos|0 fnt
|-damage|p1a: Bisharp|228\/272|[from] item: Life Orb
|faint|p2a: Zapdos
|
|-weather|Sandstorm|[upkeep]
|
|switch|p2a: Excadrill|Excadrill, F|362\/362
|-damage|p2a: Excadrill|351\/362|[from] Stealth Rock
|-item|p2a: Excadrill|Air Balloon
|turn|19
|
|switch|p2a: Keldeo-Resolute|Keldeo-Resolute|240\/322
|-damage|p2a: Keldeo-Resolute|220\/322|[from] Stealth Rock
|move|p1a: Bisharp|Sucker Punch|p2a: Keldeo-Resolute
|-fail|p2a: Keldeo-Resolute
|
|-weather|Sandstorm|[upkeep]
|-damage|p2a: Keldeo-Resolute|200\/322|[from] sandstorm
|turn|20
|
|switch|p1a: Venusaur|Venusaur-Mega, F|261\/364 par
|-damage|p1a: Venusaur|216\/364 par|[from] Stealth Rock
|move|p2a: Keldeo-Resolute|Secret Sword|p1a: Venusaur
|-resisted|p1a: Venusaur
|-damage|p1a: Venusaur|167\/364 par
|
|-weather|Sandstorm|[upkeep]
|-damage|p2a: Keldeo-Resolute|180\/322|[from] sandstorm
|-damage|p1a: Venusaur|145\/364 par|[from] sandstorm
|turn|21
|
|switch|p2a: Venusaur|Venusaur-Mega, F|288\/364
|-damage|p2a: Venusaur|243\/364|[from] Stealth Rock
|move|p1a: Venusaur|Synthesis|p1a: Venusaur
|-heal|p1a: Venusaur|236\/364 par
|
|-weather|Sandstorm|[upkeep]
|-damage|p2a: Venusaur|221\/364|[from] sandstorm
|-damage|p1a: Venusaur|214\/364 par|[from] sandstorm
|turn|22
|
|switch|p2a: Excadrill|Excadrill, F|351\/362
|-damage|p2a: Excadrill|340\/362|[from] Stealth Rock
|-item|p2a: Excadrill|Air Balloon
|move|p1a: Venusaur|Sludge Bomb|p2a: Excadrill
|-immune|p2a: Excadrill|[msg]
|
|-weather|Sandstorm|[upkeep]
|-damage|p1a: Venusaur|192\/364 par|[from] sandstorm
|turn|23
|
|move|p2a: Excadrill|Iron Head|p1a: Venusaur
|-damage|p1a: Venusaur|69\/364 par
|cant|p1a: Venusaur|flinch
|
|-weather|none
|turn|24
|
|move|p2a: Excadrill|Iron Head|p1a: Venusaur
|-damage|p1a: Venusaur|0 fnt
|faint|p1a: Venusaur
|
|
|switch|p1a: Landorus|Landorus, M|319\/319
|-damage|p1a: Landorus|280\/319|[from] Stealth Rock
|turn|25
|
|switch|p2a: Tyranitar|Tyranitar, F|98\/404
|-damage|p2a: Tyranitar|48\/404|[from] Stealth Rock
|-weather|Sandstorm
|move|p1a: Landorus|Focus Blast|p2a: Tyranitar|[miss]
|-miss|p1a: Landorus|p2a: Tyranitar
|
|-weather|Sandstorm|[upkeep]
|turn|26
|
|move|p1a: Landorus|Earth Power|p2a: Tyranitar
|-supereffective|p2a: Tyranitar
|-damage|p2a: Tyranitar|0 fnt
|faint|p2a: Tyranitar
|
|-weather|Sandstorm|[upkeep]
|
|switch|p2a: Keldeo-Resolute|Keldeo-Resolute|180\/322
|-damage|p2a: Keldeo-Resolute|160\/322|[from] Stealth Rock
|turn|27
|
|switch|p1a: Mandibuzz|Mandibuzz, F|84\/423
|-damage|p1a: Mandibuzz|0 fnt|[from] Stealth Rock
|faint|p1a: Mandibuzz
|move|p2a: Keldeo-Resolute|Scald|p1: Mandibuzz|[notarget]
|-notarget
|
|-weather|Sandstorm|[upkeep]
|-damage|p2a: Keldeo-Resolute|140\/322|[from] sandstorm
|
|switch|p1a: Ditto|Ditto|300\/300
|-damage|p1a: Ditto|263\/300|[from] Stealth Rock
|-transform|p1a: Ditto|p2a: Keldeo-Resolute
|turn|28
|
|switch|p2a: Venusaur|Venusaur-Mega, F|221\/364
|-damage|p2a: Venusaur|176\/364|[from] Stealth Rock
|switch|p1a: Landorus|Landorus, M|280\/319
|-damage|p1a: Landorus|241\/319|[from] Stealth Rock
|
|-weather|Sandstorm|[upkeep]
|-damage|p2a: Venusaur|154\/364|[from] sandstorm
|turn|29
|
|move|p1a: Landorus|Psychic|p2a: Venusaur
|-supereffective|p2a: Venusaur
|-damage|p2a: Venusaur|0 fnt
|faint|p2a: Venusaur
|
|-weather|Sandstorm|[upkeep]
|
|switch|p2a: Excadrill|Excadrill, F|340\/362
|-damage|p2a: Excadrill|329\/362|[from] Stealth Rock
|-item|p2a: Excadrill|Air Balloon
|turn|30
|
|switch|p1a: Bisharp|Bisharp, M|228\/272
|-damage|p1a: Bisharp|211\/272|[from] Stealth Rock
|move|p2a: Excadrill|Earthquake|p1a: Bisharp
|-supereffective|p1a: Bisharp
|-damage|p1a: Bisharp|0 fnt
|faint|p1a: Bisharp
|
|-weather|Sandstorm|[upkeep]
|
|switch|p1a: Ditto|Ditto|263\/300
|-damage|p1a: Ditto|226\/300|[from] Stealth Rock
|-transform|p1a: Ditto|p2a: Excadrill
|turn|31
|
|move|p1a: Ditto|Iron Head|p2a: Excadrill
|-resisted|p2a: Excadrill
|-damage|p2a: Excadrill|203\/362
|-enditem|p2a: Excadrill|Air Balloon
|cant|p2a: Excadrill|flinch
|
|-weather|Sandstorm|[upkeep]
|turn|32
|
|switch|p1a: Landorus|Landorus, M|241\/319
|-damage|p1a: Landorus|202\/319|[from] Stealth Rock
|move|p2a: Excadrill|Iron Head|p1a: Landorus
|-crit|p1a: Landorus
|-damage|p1a: Landorus|0 fnt
|faint|p1a: Landorus
|
|-weather|none
|
|switch|p1a: Ditto|Ditto|226\/300
|-damage|p1a: Ditto|189\/300|[from] Stealth Rock
|-transform|p1a: Ditto|p2a: Excadrill
|turn|33
|c|★traveloka|PLAY
|
|move|p1a: Ditto|Earthquake|p2a: Excadrill
|-supereffective|p2a: Excadrill
|-damage|p2a: Excadrill|0 fnt
|faint|p2a: Excadrill
|
|
|switch|p2a: Keldeo-Resolute|Keldeo-Resolute|140\/322
|-damage|p2a: Keldeo-Resolute|120\/322|[from] Stealth Rock
|turn|34
|
|move|p2a: Keldeo-Resolute|Scald|p1a: Ditto
|-supereffective|p1a: Ditto
|-damage|p1a: Ditto|0 fnt
|faint|p1a: Ditto
|
|win|traveloka
|raw|Ladder updating...
|raw|Gaet-Kun06's rating: 1615 &rarr; <strong>1598<\/strong><br \/>(-17 for losing)
|raw|traveloka's rating: 1670 &rarr; <strong>1687<\/strong><br \/>(+17 for winning)
|leave|Gaet-Kun06
|player|p1