|join|Gaet-Kun06
|join|Vaesier
|player|p1|Gaet-Kun06|163
|player|p2|Vaesier|190
|gametype|singles
|gen|6
|tier|OU
|rated
|clearpoke
|poke|p1|Gallade, M
|poke|p1|Gengar, M
|poke|p1|Starmie
|poke|p1|Bisharp, M
|poke|p1|Raikou
|poke|p1|Heatran, F
|poke|p2|Serperior, F
|poke|p2|Heatran, M
|poke|p2|Gyarados, F
|poke|p2|Landorus-Therian, M
|poke|p2|Metagross
|poke|p2|Conkeldurr, F
|rule|Swagger Clause: Swagger is banned
|rule|Baton Pass Clause: Limit one Pokémon knowing Baton Pass
|rule|Sleep Clause Mod: Limit one foe put to sleep
|rule|Species Clause: Limit one of each Pokémon
|rule|OHKO Clause: OHKO moves are banned
|rule|Moody Clause: Moody is banned
|rule|Evasion Moves Clause: Evasion moves are banned
|rule|Endless Battle Clause: Forcing endless battles is banned
|rule|HP Percentage Mod: HP is shown in percentages
|teampreview
|
|start
|switch|p1a: Heatran|Heatran, F|324\/324
|switch|p2a: Landorus-Therian|Landorus-Therian, M|319\/319
|-ability|p2a: Landorus-Therian|Intimidate|[of] p1a: Heatran
|-unboost|p1a: Heatran|atk|1
|-item|p1a: Heatran|Air Balloon
|turn|1
|
|move|p2a: Landorus-Therian|U-turn|p1a: Heatran
|-resisted|p1a: Heatran
|-damage|p1a: Heatran|300\/324
|-enditem|p1a: Heatran|Air Balloon
|
|switch|p2a: Gyarados|Gyarados, F|353\/353
|-ability|p2a: Gyarados|Intimidate|[of] p1a: Heatran
|-unboost|p1a: Heatran|atk|1
|move|p1a: Heatran|Stealth Rock|p2a: Gyarados
|-sidestart|p2: Vaesier|move: Stealth Rock
|
|turn|2
|
|move|p1a: Heatran|Taunt|p2a: Gyarados
|-start|p2a: Gyarados|move: Taunt
|cant|p2a: Gyarados|move: Taunt|Substitute
|
|turn|3
|
|switch|p1a: Starmie|Starmie|323\/323
|move|p2a: Gyarados|Waterfall|p1a: Starmie
|-resisted|p1a: Starmie
|-damage|p1a: Starmie|250\/323
|
|-heal|p1a: Starmie|270\/323|[from] item: Leftovers
|turn|4
|
|move|p1a: Starmie|Psyshock|p2a: Gyarados
|-damage|p2a: Gyarados|233\/353
|move|p2a: Gyarados|Bounce|p1a: Starmie|[still]
|-prepare|p2a: Gyarados|Bounce|p1a: Starmie
|
|-heal|p1a: Starmie|290\/323|[from] item: Leftovers
|-heal|p2a: Gyarados|255\/353|[from] item: Leftovers
|-end|p2a: Gyarados|move: Taunt
|turn|5
|
|switch|p1a: Raikou|Raikou|322\/322
|-ability|p1a: Raikou|Pressure
|move|p2a: Gyarados|Bounce|p1a: Raikou
|-resisted|p1a: Raikou
|-damage|p1a: Raikou|227\/322
|
|-heal|p2a: Gyarados|277\/353|[from] item: Leftovers
|turn|6
|
|switch|p2a: Landorus-Therian|Landorus-Therian, M|319\/319
|-damage|p2a: Landorus-Therian|280\/319|[from] Stealth Rock
|-ability|p2a: Landorus-Therian|Intimidate|[of] p1a: Raikou
|-unboost|p1a: Raikou|atk|1
|move|p1a: Raikou|Hidden Power|p2a: Landorus-Therian
|-supereffective|p2a: Landorus-Therian
|-damage|p2a: Landorus-Therian|0 fnt
|faint|p2a: Landorus-Therian
|
|
|switch|p2a: Heatran|Heatran, M|385\/385
|-damage|p2a: Heatran|337\/385|[from] Stealth Rock
|turn|7
|
|move|p1a: Raikou|Volt Switch|p2a: Heatran
|-damage|p2a: Heatran|253\/385
|
|switch|p1a: Starmie|Starmie|290\/323
|move|p2a: Heatran|Stealth Rock|p1a: Starmie
|-sidestart|p1: Gaet-Kun06|move: Stealth Rock
|
|-heal|p1a: Starmie|310\/323|[from] item: Leftovers
|-heal|p2a: Heatran|277\/385|[from] item: Leftovers
|turn|8
|
|move|p1a: Starmie|Scald|p2a: Heatran
|-supereffective|p2a: Heatran
|-damage|p2a: Heatran|143\/385
|move|p2a: Heatran|Toxic|p1a: Starmie
|-status|p1a: Starmie|tox
|
|-heal|p1a: Starmie|323\/323 tox|[from] item: Leftovers
|-heal|p2a: Heatran|167\/385|[from] item: Leftovers
|-damage|p1a: Starmie|303\/323 tox|[from] psn
|turn|9
|
|switch|p1a: Gallade|Gallade, M|277\/277
|-damage|p1a: Gallade|260\/277|[from] Stealth Rock
|switch|p2a: Conkeldurr|Conkeldurr, F|351\/351
|-damage|p2a: Conkeldurr|330\/351|[from] Stealth Rock
|
|turn|10
|
|detailschange|p1a: Gallade|Gallade-Mega, M
|-mega|p1a: Gallade|Gallade|Galladite
|move|p1a: Gallade|Psycho Cut|p2a: Conkeldurr
|-supereffective|p2a: Conkeldurr
|-damage|p2a: Conkeldurr|28\/351
|move|p2a: Conkeldurr|Poison Jab|p1a: Gallade
|-damage|p1a: Gallade|135\/277
|
|turn|11
|
|move|p2a: Conkeldurr|Mach Punch|p1a: Gallade
|-resisted|p1a: Gallade
|-damage|p1a: Gallade|89\/277
|move|p1a: Gallade|Poison Jab|p2a: Conkeldurr
|-damage|p2a: Conkeldurr|0 fnt
|faint|p2a: Conkeldurr
|
|
|switch|p2a: Metagross|Metagross|301\/301
|-damage|p2a: Metagross|283\/301|[from] Stealth Rock
|turn|12
|
|detailschange|p2a: Metagross|Metagross-Mega
|-mega|p2a: Metagross|Metagross|Metagrossite
|move|p1a: Gallade|Close Combat|p2a: Metagross
|-damage|p2a: Metagross|94\/301
|-unboost|p1a: Gallade|def|1
|-unboost|p1a: Gallade|spd|1
|move|p2a: Metagross|Earthquake|p1a: Gallade
|-damage|p1a: Gallade|0 fnt
|faint|p1a: Gallade
|
|
|switch|p1a: Raikou|Raikou|227\/322
|-damage|p1a: Raikou|187\/322|[from] Stealth Rock
|-ability|p1a: Raikou|Pressure
|turn|13
|
|move|p1a: Raikou|Shadow Ball|p2a: Metagross
|-supereffective|p2a: Metagross
|-damage|p2a: Metagross|0 fnt
|faint|p2a: Metagross
|
|
|switch|p2a: Heatran|Heatran, M|167\/385
|-damage|p2a: Heatran|119\/385|[from] Stealth Rock
|turn|14
|
|move|p1a: Raikou|Thunderbolt|p2a: Heatran
|-damage|p2a: Heatran|19\/385
|move|p2a: Heatran|Earth Power|p1a: Raikou
|-supereffective|p1a: Raikou
|-damage|p1a: Raikou|59\/322
|
|-heal|p2a: Heatran|43\/385|[from] item: Leftovers
|turn|15
|
|switch|p2a: Serperior|Serperior, F|291\/291
|-damage|p2a: Serperior|255\/291|[from] Stealth Rock
|move|p1a: Raikou|Thunderbolt|p2a: Serperior
|-resisted|p2a: Serperior
|-damage|p2a: Serperior|180\/291
|
|turn|16
|
|move|p1a: Raikou|Volt Switch|p2a: Serperior
|-resisted|p2a: Serperior
|-damage|p2a: Serperior|126\/291
|
|switch|p1a: Heatran|Heatran, F|300\/324
|-damage|p1a: Heatran|260\/324|[from] Stealth Rock
|move|p2a: Serperior|Leaf Storm|p1a: Heatran
|-resisted|p1a: Heatran
|-damage|p1a: Heatran|213\/324
|-boost|p2a: Serperior|spa|2
|-damage|p2a: Serperior|97\/291|[from] item: Life Orb
|
|turn|17
|
|move|p2a: Serperior|Leaf Storm|p1a: Heatran|[miss]
|-miss|p2a: Serperior|p1a: Heatran
|move|p1a: Heatran|Fire Blast|p2a: Serperior
|-crit|p2a: Serperior
|-supereffective|p2a: Serperior
|-damage|p2a: Serperior|0 fnt
|faint|p2a: Serperior
|
|
|switch|p2a: Gyarados|Gyarados, F|277\/353
|-damage|p2a: Gyarados|189\/353|[from] Stealth Rock
|-ability|p2a: Gyarados|Intimidate|[of] p1a: Heatran
|-unboost|p1a: Heatran|atk|1
|turn|18
|
|move|p1a: Heatran|Taunt|p2a: Gyarados
|-start|p2a: Gyarados|move: Taunt
|cant|p2a: Gyarados|move: Taunt|Dragon Dance
|
|-heal|p2a: Gyarados|211\/353|[from] item: Leftovers
|turn|19
|
|move|p1a: Heatran|Stone Edge|p2a: Gyarados
|-supereffective|p2a: Gyarados
|-damage|p2a: Gyarados|91\/353
|move|p2a: Gyarados|Waterfall|p1a: Heatran
|-supereffective|p1a: Heatran
|-damage|p1a: Heatran|0 fnt
|faint|p1a: Heatran
|
|-heal|p2a: Gyarados|113\/353|[from] item: Leftovers
|
|switch|p1a: Gengar|Gengar, M|261\/261
|-damage|p1a: Gengar|229\/261|[from] Stealth Rock
|turn|20
|
|move|p1a: Gengar|Shadow Ball|p2a: Gyarados
|-damage|p2a: Gyarados|0 fnt
|-damage|p1a: Gengar|203\/261|[from] item: Life Orb
|faint|p2a: Gyarados
|
|leave|Vaesier
|player|p2
|-message|vaesier lost due to inactivity.
|
|win|Gaet-Kun06
|raw|Ladder updating...
|raw|Gaet-Kun06's rating: 1598 &rarr; <strong>1616<\/strong><br \/>(+18 for winning)
|raw|Vaesier's rating: 1551 &rarr; <strong>1533<\/strong><br \/>(-18 for losing)