|join|Bob the Senpai
|join|Mister Mason
|player|p1|Bob the Senpai|23
|player|p2|Mister Mason|209
|gametype|singles
|gen|6
|tier|UU
|rated
|rule|Sleep Clause Mod: Limit one foe put to sleep
|rule|Species Clause: Limit one of each Pokémon
|rule|OHKO Clause: OHKO moves are banned
|rule|Moody Clause: Moody is banned
|rule|Evasion Moves Clause: Evasion moves are banned
|rule|Endless Battle Clause: Forcing endless battles is banned
|rule|HP Percentage Mod: HP is shown in percentages
|clearpoke
|poke|p1|Shedinja
|poke|p1|Blissey, F
|poke|p1|Zygarde
|poke|p1|Aggron, M
|poke|p1|Tentacruel, F
|poke|p1|Togetic, M
|poke|p2|Celebi
|poke|p2|Honchkrow, F
|poke|p2|Forretress, F
|poke|p2|Goodra, F
|poke|p2|Quagsire, F
|poke|p2|Yanmega, M
|rule|Swagger Clause: Swagger is banned
|rule|Baton Pass Clause: Limit one Pokémon knowing Baton Pass
|teampreview
|
|start
|switch|p1a: Aggron|Aggron, M|344\/344
|switch|p2a: Forretress|Forretress, F|354\/354
|turn|1
|
|switch|p1a: Tentacruel|Tentacruel, F|364\/364
|move|p2a: Forretress|Toxic Spikes|p1a: Tentacruel
|-sidestart|p1: Bob the Senpai|move: Toxic Spikes
|
|turn|2
|
|switch|p2a: Celebi|Celebi|404\/404
|move|p1a: Tentacruel|Toxic Spikes|p2a: Celebi
|-sidestart|p2: Mister Mason|move: Toxic Spikes
|
|turn|3
|
|switch|p1a: Aggron|Aggron, M|344\/344
|move|p2a: Celebi|Leech Seed|p1a: Aggron
|-start|p1a: Aggron|move: Leech Seed
|
|-damage|p1a: Aggron|301\/344|[from] Leech Seed|[of] p2a: Celebi
|turn|4
|
|detailschange|p1a: Aggron|Aggron-Mega, M
|message|Aggron has Mega Evolved into Mega Aggron!
|move|p2a: Celebi|Psychic|p1a: Aggron
|-resisted|p1a: Aggron
|-damage|p1a: Aggron|256\/344
|move|p1a: Aggron|Heavy Slam|p2a: Celebi
|-damage|p2a: Celebi|220\/404
|
|-heal|p2a: Celebi|245\/404|[from] item: Leftovers
|-damage|p1a: Aggron|213\/344|[from] Leech Seed|[of] p2a: Celebi
|-heal|p2a: Celebi|288\/404|[silent]
|turn|5
|
|switch|p2a: Forretress|Forretress, F|354\/354
|switch|p1a: Tentacruel|Tentacruel, F|364\/364
|-sideend|p1: Bob the Senpai|move: Toxic Spikes|[of] p1a: Tentacruel
|
|turn|6
|
|move|p1a: Tentacruel|Scald|p2a: Forretress
|-damage|p2a: Forretress|227\/354
|move|p2a: Forretress|Stealth Rock|p1a: Tentacruel
|-sidestart|p1: Bob the Senpai|move: Stealth Rock
|
|turn|7
|
|switch|p2a: Goodra|Goodra, F|381\/381
|-status|p2a: Goodra|psn
|move|p1a: Tentacruel|Scald|p2a: Goodra
|-resisted|p2a: Goodra
|-damage|p2a: Goodra|357\/381 psn
|
|-heal|p2a: Goodra|380\/381 psn|[from] item: Leftovers
|-damage|p2a: Goodra|333\/381 psn|[from] psn
|turn|8
|
|switch|p1a: Blissey|Blissey, F|714\/714
|-damage|p1a: Blissey|625\/714|[from] Stealth Rock
|move|p2a: Goodra|Ice Beam|p1a: Blissey
|-damage|p1a: Blissey|569\/714
|
|-heal|p2a: Goodra|356\/381 psn|[from] item: Leftovers
|-heal|p1a: Blissey|613\/714|[from] item: Leftovers
|-damage|p2a: Goodra|309\/381 psn|[from] psn
|turn|9
|
|switch|p2a: Forretress|Forretress, F|227\/354
|move|p1a: Blissey|Wish|p1a: Blissey
|
|-heal|p1a: Blissey|657\/714|[from] item: Leftovers
|turn|10
|
|switch|p1a: Aggron|Aggron-Mega, M|213\/344
|-damage|p1a: Aggron|192\/344|[from] Stealth Rock
|move|p2a: Forretress|Rapid Spin|p1a: Aggron
|-resisted|p1a: Aggron
|-damage|p1a: Aggron|188\/344
|-sideend|p2: Mister Mason|Toxic Spikes|[from] move: Rapid Spin|[of] p2a: Forretress
|
|-heal|p1a: Aggron|344\/344|[from] move: Wish|[wisher] Blissey
|turn|11
|
|switch|p1a: Zygarde|Zygarde|404\/404
|-damage|p1a: Zygarde|379\/404|[from] Stealth Rock
|-ability|p1a: Zygarde|Aura Break
|switch|p2a: Celebi|Celebi|288\/404
|
|-heal|p1a: Zygarde|404\/404|[from] item: Leftovers
|-heal|p2a: Celebi|313\/404|[from] item: Leftovers
|turn|12
|
|switch|p1a: Aggron|Aggron-Mega, M|344\/344
|-damage|p1a: Aggron|323\/344|[from] Stealth Rock
|move|p2a: Celebi|Leech Seed|p1a: Aggron
|-start|p1a: Aggron|move: Leech Seed
|
|-heal|p2a: Celebi|338\/404|[from] item: Leftovers
|-damage|p1a: Aggron|280\/344|[from] Leech Seed|[of] p2a: Celebi
|-heal|p2a: Celebi|381\/404|[silent]
|turn|13
|
|move|p2a: Celebi|Heal Bell|p2a: Celebi
|-cureteam|p2a: Celebi|[from] move: HealBell
|move|p1a: Aggron|Heavy Slam|p2a: Celebi
|-damage|p2a: Celebi|194\/404
|
|-heal|p2a: Celebi|219\/404|[from] item: Leftovers
|-damage|p1a: Aggron|237\/344|[from] Leech Seed|[of] p2a: Celebi
|-heal|p2a: Celebi|262\/404|[silent]
|turn|14
|
|switch|p2a: Forretress|Forretress, F|227\/354
|move|p1a: Aggron|Heavy Slam|p2a: Forretress
|-resisted|p2a: Forretress
|-damage|p2a: Forretress|189\/354
|-damage|p1a: Aggron|180\/344|[from] item: Rocky Helmet|[of] p2a: Forretress
|
|-damage|p1a: Aggron|137\/344|[from] Leech Seed|[of] p2a: Forretress
|-heal|p2a: Forretress|232\/354|[silent]
|turn|15
|
|switch|p1a: Zygarde|Zygarde|404\/404
|-damage|p1a: Zygarde|379\/404|[from] Stealth Rock
|-ability|p1a: Zygarde|Aura Break
|move|p2a: Forretress|Gyro Ball|p1a: Zygarde
|-crit|p1a: Zygarde
|-damage|p1a: Zygarde|279\/404
|
|-heal|p1a: Zygarde|304\/404|[from] item: Leftovers
|turn|16
|
|switch|p2a: Quagsire|Quagsire, F|394\/394
|move|p1a: Zygarde|Substitute|p1a: Zygarde
|-start|p1a: Zygarde|Substitute
|-damage|p1a: Zygarde|203\/404
|
|-heal|p1a: Zygarde|228\/404|[from] item: Leftovers
|turn|17
|
|move|p2a: Quagsire|Encore|p1a: Zygarde
|-start|p1a: Zygarde|Encore
|move|p1a: Zygarde|Substitute|p1a: Zygarde
|-fail|p1a: Zygarde|move: Substitute
|
|-heal|p1a: Zygarde|253\/404|[from] item: Leftovers
|turn|18
|
|switch|p1a: Blissey|Blissey, F|657\/714
|-damage|p1a: Blissey|568\/714|[from] Stealth Rock
|move|p2a: Quagsire|Ice Punch|p1a: Blissey
|-damage|p1a: Blissey|475\/714
|
|-heal|p1a: Blissey|519\/714|[from] item: Leftovers
|turn|19
|
|switch|p2a: Forretress|Forretress, F|232\/354
|move|p1a: Blissey|Wish|p1a: Blissey
|
|-heal|p1a: Blissey|563\/714|[from] item: Leftovers
|turn|20
|
|move|p1a: Blissey|Seismic Toss|p2a: Forretress
|-damage|p2a: Forretress|132\/354
|-damage|p1a: Blissey|444\/714|[from] item: Rocky Helmet|[of] p2a: Forretress
|move|p2a: Forretress|Gyro Ball|p1a: Blissey
|-damage|p1a: Blissey|360\/714
|
|-heal|p1a: Blissey|714\/714|[from] move: Wish|[wisher] Blissey
|turn|21
|
|switch|p2a: Honchkrow|Honchkrow, F|343\/343
|move|p1a: Blissey|Wish|p1a: Blissey
|
|turn|22
|join|Swagilyph
|
|move|p2a: Honchkrow|Superpower|p1a: Blissey
|-supereffective|p1a: Blissey
|-damage|p1a: Blissey|172\/714
|-unboost|p2a: Honchkrow|atk|1
|-unboost|p2a: Honchkrow|def|1
|move|p1a: Blissey|Counter|p2a: Honchkrow
|-damage|p2a: Honchkrow|0 fnt
|faint|p2a: Honchkrow
|
|-heal|p1a: Blissey|529\/714|[from] move: Wish|[wisher] Blissey
|-heal|p1a: Blissey|573\/714|[from] item: Leftovers
|c|★Bob the Senpai|hi
|c| Swagilyph|no blands nick names
|c| Swagilyph|0\/10
|
|switch|p2a: Quagsire|Quagsire, F|394\/394
|turn|23
|c|★Bob the Senpai|i had them nick'd on my other computer
|c|★Bob the Senpai|pls spare me
|
|move|p1a: Blissey|Wish|p1a: Blissey
|move|p2a: Quagsire|Ice Punch|p1a: Blissey
|-damage|p1a: Blissey|476\/714
|
|-heal|p1a: Blissey|520\/714|[from] item: Leftovers
|turn|24
|c| Swagilyph|ZERO OUT OF TEN, BOB
|c|★Bob the Senpai|fkn rude m8
|c| Swagilyph|why does that quagsire have ice punch
|join|meowiekins
|c|★Bob the Senpai|encore quag
|c|★Bob the Senpai|based zyg counter
|c| meowiekins|O_O
|c| Swagilyph|right
|
|switch|p1a: Aggron|Aggron-Mega, M|137\/344
|-damage|p1a: Aggron|116\/344|[from] Stealth Rock
|move|p2a: Quagsire|Toxic|p1a: Aggron|[miss]
|-miss|p2a: Quagsire|p1a: Aggron
|
|-heal|p1a: Aggron|344\/344|[from] move: Wish|[wisher] Blissey
|turn|25
|c| Swagilyph|sure
|
|switch|p2a: Forretress|Forretress, F|132\/354
|move|p1a: Aggron|Toxic|p2a: Forretress
|-fail|p2a: Forretress
|
|turn|26
|
|switch|p1a: Tentacruel|Tentacruel, F|364\/364
|-damage|p1a: Tentacruel|319\/364|[from] Stealth Rock
|move|p2a: Forretress|Gyro Ball|p1a: Tentacruel
|-resisted|p1a: Tentacruel
|-damage|p1a: Tentacruel|286\/364
|
|-heal|p1a: Tentacruel|308\/364|[from] item: Black Sludge
|turn|27
|
|switch|p2a: Goodra|Goodra, F|309\/381
|move|p1a: Tentacruel|Rapid Spin|p2a: Goodra
|-damage|p2a: Goodra|296\/381
|-sideend|p1: Bob the Senpai|Stealth Rock|[from] move: Rapid Spin|[of] p1a: Tentacruel
|
|-heal|p1a: Tentacruel|330\/364|[from] item: Black Sludge
|-heal|p2a: Goodra|319\/381|[from] item: Leftovers
|turn|28
|
|move|p1a: Tentacruel|Toxic|p2a: Goodra
|-status|p2a: Goodra|tox
|move|p2a: Goodra|Substitute|p2a: Goodra
|-start|p2a: Goodra|Substitute
|-damage|p2a: Goodra|224\/381 tox
|
|-heal|p1a: Tentacruel|352\/364|[from] item: Black Sludge
|-heal|p2a: Goodra|247\/381 tox|[from] item: Leftovers
|-damage|p2a: Goodra|224\/381 tox|[from] psn
|turn|29
|c|★Mister Mason|evening fellas
|
|switch|p2a: Celebi|Celebi|262\/404
|move|p1a: Tentacruel|Toxic Spikes|p2a: Celebi
|-sidestart|p2: Mister Mason|move: Toxic Spikes
|
|-heal|p2a: Celebi|287\/404|[from] item: Leftovers
|-heal|p1a: Tentacruel|364\/364|[from] item: Black Sludge
|turn|30
|
|move|p2a: Celebi|Leech Seed|p1a: Tentacruel|[miss]
|-miss|p2a: Celebi|p1a: Tentacruel
|move|p1a: Tentacruel|Toxic Spikes|p2a: Celebi
|-sidestart|p2: Mister Mason|move: Toxic Spikes
|
|-heal|p2a: Celebi|312\/404|[from] item: Leftovers
|turn|31
|
|switch|p1a: Aggron|Aggron-Mega, M|344\/344
|move|p2a: Celebi|Psychic|p1a: Aggron
|-resisted|p1a: Aggron
|-damage|p1a: Aggron|299\/344
|-unboost|p1a: Aggron|spd|1
|
|-heal|p2a: Celebi|337\/404|[from] item: Leftovers
|turn|32
|
|move|p2a: Celebi|U-turn|p1a: Aggron
|-resisted|p1a: Aggron
|-damage|p1a: Aggron|287\/344
|
|switch|p2a: Forretress|Forretress, F|132\/354
|move|p1a: Aggron|Heavy Slam|p2a: Forretress
|-resisted|p2a: Forretress
|-damage|p2a: Forretress|96\/354
|-damage|p1a: Aggron|230\/344|[from] item: Rocky Helmet|[of] p2a: Forretress
|
|turn|33
|
|switch|p1a: Shedinja|Shedinja|1\/1
|move|p2a: Forretress|Rapid Spin|p1a: Shedinja
|-immune|p1a: Shedinja|[msg]
|
|turn|34
|
|switch|p1a: Aggron|Aggron-Mega, M|230\/344
|switch|p2a: Yanmega|Yanmega, M|313\/313
|
|turn|35
|
|move|p2a: Yanmega|Air Slash|p1a: Aggron
|-crit|p1a: Aggron
|-resisted|p1a: Aggron
|-damage|p1a: Aggron|104\/344
|move|p1a: Aggron|Stealth Rock|p2a: Yanmega
|-sidestart|p2: Mister Mason|move: Stealth Rock
|
|-boost|p2a: Yanmega|spe|1|[from] ability: Speed Boost
|turn|36
|
|switch|p1a: Blissey|Blissey, F|520\/714
|move|p2a: Yanmega|Air Slash|p1a: Blissey
|-damage|p1a: Blissey|367\/714
|
|-heal|p1a: Blissey|411\/714|[from] item: Leftovers
|-boost|p2a: Yanmega|spe|1|[from] ability: Speed Boost
|turn|37
|
|move|p2a: Yanmega|Air Slash|p1a: Blissey
|-crit|p1a: Blissey
|-damage|p1a: Blissey|183\/714
|move|p1a: Blissey|Wish|p1a: Blissey
|
|-heal|p1a: Blissey|227\/714|[from] item: Leftovers
|-boost|p2a: Yanmega|spe|1|[from] ability: Speed Boost
|turn|38
|c|★Bob the Senpai|mfw specs speed boost
|c| meowiekins|wow
|c| meowiekins|no crit flinch
|
|move|p2a: Yanmega|Air Slash|p1a: Blissey
|-damage|p1a: Blissey|70\/714
|move|p1a: Blissey|Seismic Toss|p2a: Yanmega
|-damage|p2a: Yanmega|213\/313
|
|-heal|p1a: Blissey|427\/714|[from] move: Wish|[wisher] Blissey
|-heal|p1a: Blissey|471\/714|[from] item: Leftovers
|-boost|p2a: Yanmega|spe|1|[from] ability: Speed Boost
|turn|39
|c| meowiekins|fkn hax
|
|switch|p2a: Celebi|Celebi|337\/404
|-status|p2a: Celebi|tox
|-damage|p2a: Celebi|287\/404 tox|[from] Stealth Rock
|move|p1a: Blissey|Wish|p1a: Blissey
|
|-heal|p2a: Celebi|312\/404 tox|[from] item: Leftovers
|-heal|p1a: Blissey|515\/714|[from] item: Leftovers
|-damage|p2a: Celebi|287\/404 tox|[from] psn
|turn|40
|join|Helloooo
|
|switch|p1a: Aggron|Aggron-Mega, M|104\/344
|move|p2a: Celebi|Heal Bell|p2a: Celebi
|-cureteam|p2a: Celebi|[from] move: HealBell
|
|-heal|p1a: Aggron|344\/344|[from] move: Wish|[wisher] Blissey
|-heal|p2a: Celebi|312\/404|[from] item: Leftovers
|turn|41
|
|move|p2a: Celebi|Leech Seed|p1a: Aggron
|-start|p1a: Aggron|move: Leech Seed
|move|p1a: Aggron|Heavy Slam|p2a: Celebi
|-damage|p2a: Celebi|123\/404
|
|-heal|p2a: Celebi|148\/404|[from] item: Leftovers
|-damage|p1a: Aggron|301\/344|[from] Leech Seed|[of] p2a: Celebi
|-heal|p2a: Celebi|191\/404|[silent]
|turn|42
|
|switch|p2a: Forretress|Forretress, F|96\/354
|-damage|p2a: Forretress|52\/354|[from] Stealth Rock
|move|p1a: Aggron|Roar|p2a: Forretress
|drag|p2a: Quagsire|Quagsire, F|394\/394
|-status|p2a: Quagsire|tox
|-damage|p2a: Quagsire|370\/394 tox|[from] Stealth Rock
|
|-heal|p2a: Quagsire|394\/394 tox|[from] item: Leftovers
|-damage|p1a: Aggron|258\/344|[from] Leech Seed|[of] p2a: Quagsire
|-damage|p2a: Quagsire|370\/394 tox|[from] psn
|turn|43
|
|switch|p1a: Blissey|Blissey, F|515\/714
|switch|p2a: Yanmega|Yanmega, M|213\/313
|-damage|p2a: Yanmega|57\/313|[from] Stealth Rock
|
|-heal|p1a: Blissey|559\/714|[from] item: Leftovers
|turn|44
|
|move|p2a: Yanmega|Bug Buzz|p1a: Blissey
|-damage|p1a: Blissey|378\/714
|move|p1a: Blissey|Wish|p1a: Blissey
|
|-heal|p1a: Blissey|422\/714|[from] item: Leftovers
|-boost|p2a: Yanmega|spe|1|[from] ability: Speed Boost
|turn|45
|
|move|p2a: Yanmega|Bug Buzz|p1a: Blissey
|-damage|p1a: Blissey|229\/714
|move|p1a: Blissey|Seismic Toss|p2a: Yanmega
|-damage|p2a: Yanmega|0 fnt
|faint|p2a: Yanmega
|
|-heal|p1a: Blissey|586\/714|[from] move: Wish|[wisher] Blissey
|-heal|p1a: Blissey|630\/714|[from] item: Leftovers
|
|switch|p2a: Celebi|Celebi|191\/404
|-damage|p2a: Celebi|141\/404|[from] Stealth Rock
|-status|p2a: Celebi|tox
|turn|46
|leave|Swagilyph
|
|move|p2a: Celebi|Heal Bell|p2a: Celebi
|-cureteam|p2a: Celebi|[from] move: HealBell
|move|p1a: Blissey|Seismic Toss|p2a: Celebi
|-damage|p2a: Celebi|41\/404
|
|-heal|p2a: Celebi|66\/404|[from] item: Leftovers
|-heal|p1a: Blissey|674\/714|[from] item: Leftovers
|turn|47
|
|move|p2a: Celebi|U-turn|p1a: Blissey
|-damage|p1a: Blissey|586\/714
|
|switch|p2a: Quagsire|Quagsire, F|370\/394
|-status|p2a: Quagsire|tox
|-damage|p2a: Quagsire|346\/394 tox|[from] Stealth Rock
|move|p1a: Blissey|Seismic Toss|p2a: Quagsire
|-damage|p2a: Quagsire|246\/394 tox
|
|-heal|p1a: Blissey|630\/714|[from] item: Leftovers
|-heal|p2a: Quagsire|270\/394 tox|[from] item: Leftovers
|-damage|p2a: Quagsire|246\/394 tox|[from] psn
|turn|48
|c|★Mister Mason|nothing i can do against stall
|
|move|p1a: Blissey|Seismic Toss|p2a: Quagsire
|-damage|p2a: Quagsire|146\/394 tox
|move|p2a: Quagsire|Ice Punch|p1a: Blissey
|-crit|p1a: Blissey
|-damage|p1a: Blissey|493\/714
|
|-heal|p1a: Blissey|537\/714|[from] item: Leftovers
|-heal|p2a: Quagsire|170\/394 tox|[from] item: Leftovers
|-damage|p2a: Quagsire|122\/394 tox|[from] psn
|turn|49
|
|move|p1a: Blissey|Seismic Toss|p2a: Quagsire
|-damage|p2a: Quagsire|22\/394 tox
|move|p2a: Quagsire|Recover|p2a: Quagsire
|-heal|p2a: Quagsire|219\/394 tox
|
|-heal|p1a: Blissey|581\/714|[from] item: Leftovers
|-heal|p2a: Quagsire|243\/394 tox|[from] item: Leftovers
|-damage|p2a: Quagsire|171\/394 tox|[from] psn
|turn|50
|
|switch|p2a: Forretress|Forretress, F|52\/354
|-damage|p2a: Forretress|8\/354|[from] Stealth Rock
|move|p1a: Blissey|Seismic Toss|p2a: Forretress
|-damage|p2a: Forretress|0 fnt
|-damage|p1a: Blissey|462\/714|[from] item: Rocky Helmet|[of] p2a: Forretress
|faint|p2a: Forretress
|
|-heal|p1a: Blissey|506\/714|[from] item: Leftovers
|leave|meowiekins
|
|switch|p2a: Celebi|Celebi|66\/404
|-damage|p2a: Celebi|16\/404|[from] Stealth Rock
|-status|p2a: Celebi|tox
|turn|51
|
|move|p2a: Celebi|Leech Seed|p1a: Blissey
|-start|p1a: Blissey|move: Leech Seed
|move|p1a: Blissey|Seismic Toss|p2a: Celebi
|-damage|p2a: Celebi|0 fnt
|faint|p2a: Celebi
|
|-heal|p1a: Blissey|550\/714|[from] item: Leftovers
|
|switch|p2a: Goodra|Goodra, F|224\/381
|-damage|p2a: Goodra|177\/381|[from] Stealth Rock
|-status|p2a: Goodra|tox
|turn|52
|
|switch|p1a: Aggron|Aggron-Mega, M|258\/344
|move|p2a: Goodra|Sludge Bomb|p1a: Aggron
|-immune|p1a: Aggron|[msg]
|
|-heal|p2a: Goodra|200\/381 tox|[from] item: Leftovers
|-damage|p2a: Goodra|177\/381 tox|[from] psn
|turn|53
|c|★Mister Mason|idc im just gonna let you kill them
|
|move|p2a: Goodra|Sludge Bomb|p1a: Aggron
|-immune|p1a: Aggron|[msg]
|move|p1a: Aggron|Heavy Slam|p2a: Goodra
|-damage|p2a: Goodra|71\/381 tox
|
|-heal|p2a: Goodra|94\/381 tox|[from] item: Leftovers
|-damage|p2a: Goodra|48\/381 tox|[from] psn
|turn|54
|
|move|p2a: Goodra|Sludge Bomb|p1a: Aggron
|-immune|p1a: Aggron|[msg]
|move|p1a: Aggron|Heavy Slam|p2a: Goodra
|-damage|p2a: Goodra|0 fnt
|faint|p2a: Goodra
|
|
|switch|p2a: Quagsire|Quagsire, F|171\/394 tox
|-damage|p2a: Quagsire|147\/394 tox|[from] Stealth Rock
|turn|55
|
|move|p1a: Aggron|Heavy Slam|p2a: Quagsire
|-resisted|p2a: Quagsire
|-damage|p2a: Quagsire|60\/394 tox
|move|p2a: Quagsire|Toxic|p1a: Aggron|[miss]
|-miss|p2a: Quagsire|p1a: Aggron
|
|-heal|p2a: Quagsire|84\/394 tox|[from] item: Leftovers
|-damage|p2a: Quagsire|60\/394 tox|[from] psn
|turn|56
|
|move|p1a: Aggron|Heavy Slam|p2a: Quagsire
|-crit|p2a: Quagsire
|-resisted|p2a: Quagsire
|-damage|p2a: Quagsire|0 fnt
|faint|p2a: Quagsire
|
|win|Bob the Senpai
|raw|Ladder updating...
|leave|Mister Mason
|player|p2