|join|Bob the Senpai
|join|SleepLadder2
|player|p1|Bob the Senpai|23
|player|p2|SleepLadder2|169
|gametype|singles
|gen|6
|tier|UU
|rated
|rule|Sleep Clause Mod: Limit one foe put to sleep
|rule|Species Clause: Limit one of each Pokémon
|rule|OHKO Clause: OHKO moves are banned
|rule|Moody Clause: Moody is banned
|rule|Evasion Moves Clause: Evasion moves are banned
|rule|Endless Battle Clause: Forcing endless battles is banned
|rule|HP Percentage Mod: HP is shown in percentages
|clearpoke
|poke|p1|Shedinja
|poke|p1|Blissey, F
|poke|p1|Tentacruel, M
|poke|p1|Zygarde
|poke|p1|Aggron, F
|poke|p1|Togetic, F
|poke|p2|Bronzong
|poke|p2|Zygarde
|poke|p2|Tentacruel, M
|poke|p2|Lopunny, M
|poke|p2|Gligar, F
|poke|p2|Florges, F
|rule|Swagger Clause: Swagger is banned
|rule|Baton Pass Clause: Limit one Pokémon knowing Baton Pass
|teampreview
|c|★SleepLadder2|oh damn, scary team:o
|
|start
|switch|p1a: Kraken|Tentacruel, M|364\/364
|switch|p2a: GyroRocks|Bronzong|338\/338
|turn|1
|
|move|p1a: Kraken|Scald|p2a: GyroRocks
|-damage|p2a: GyroRocks|287\/338
|-status|p2a: GyroRocks|brn
|move|p2a: GyroRocks|Stealth Rock|p1a: Kraken
|-sidestart|p1: Bob the Senpai|move: Stealth Rock
|
|-heal|p2a: GyroRocks|308\/338 brn|[from] item: Leftovers
|-damage|p2a: GyroRocks|266\/338 brn|[from] brn
|turn|2
|
|switch|p2a: IronHead|Zygarde|401\/401
|-ability|p2a: IronHead|Aura Break
|move|p1a: Kraken|Scald|p2a: IronHead
|-damage|p2a: IronHead|317\/401
|-status|p2a: IronHead|brn
|
|-heal|p2a: IronHead|342\/401 brn|[from] item: Leftovers
|-damage|p2a: IronHead|292\/401 brn|[from] brn
|turn|3
|
|move|p2a: IronHead|Earthquake|p1a: Kraken
|-crit|p1a: Kraken
|-supereffective|p1a: Kraken
|-damage|p1a: Kraken|134\/364
|move|p1a: Kraken|Rapid Spin|p2a: IronHead
|-damage|p2a: IronHead|282\/401 brn
|-sideend|p1: Bob the Senpai|Stealth Rock|[from] move: Rapid Spin|[of] p1a: Kraken
|
|-heal|p2a: IronHead|307\/401 brn|[from] item: Leftovers
|-heal|p1a: Kraken|156\/364|[from] item: Black Sludge
|-damage|p2a: IronHead|257\/401 brn|[from] brn
|turn|4
|
|switch|p2a: IwasN.1|Florges, F|358\/358
|switch|p1a: Freyja|Togetic, F|314\/314
|
|turn|5
|
|switch|p1a: Archilles|Aggron, F|344\/344
|move|p2a: IwasN.1|Aromatherapy|p2a: IwasN.1
|-cureteam|p2a: IwasN.1|[from] move: Aromatherapy
|
|turn|6
|
|switch|p2a: Defog or SR|Gligar, F|274\/274
|detailschange|p1a: Archilles|Aggron-Mega, F
|message|Aggron has Mega Evolved into Mega Aggron!
|move|p1a: Archilles|Stealth Rock|p2a: Defog or SR
|-sidestart|p2: SleepLadder2|move: Stealth Rock
|
|turn|7
|
|switch|p1a: Serpentine|Zygarde|404\/404
|-ability|p1a: Serpentine|Aura Break
|move|p2a: Defog or SR|Swords Dance|p2a: Defog or SR
|-boost|p2a: Defog or SR|atk|2
|
|turn|8
|
|move|p2a: Defog or SR|Earthquake|p1a: Serpentine
|-damage|p1a: Serpentine|260\/404
|move|p1a: Serpentine|Dragon Tail|p2a: Defog or SR
|-crit|p2a: Defog or SR
|-damage|p2a: Defog or SR|225\/274
|drag|p2a: GyroRocks|Bronzong|266\/338
|-damage|p2a: GyroRocks|245\/338|[from] Stealth Rock
|
|-heal|p1a: Serpentine|285\/404|[from] item: Leftovers
|-heal|p2a: GyroRocks|266\/338|[from] item: Leftovers
|turn|9
|
|move|p1a: Serpentine|Substitute|p1a: Serpentine
|-start|p1a: Serpentine|Substitute
|-damage|p1a: Serpentine|184\/404
|move|p2a: GyroRocks|Stealth Rock|p1a: Serpentine
|-sidestart|p1: Bob the Senpai|move: Stealth Rock
|
|-heal|p1a: Serpentine|209\/404|[from] item: Leftovers
|-heal|p2a: GyroRocks|287\/338|[from] item: Leftovers
|turn|10
|
|move|p1a: Serpentine|Coil|p1a: Serpentine
|-boost|p1a: Serpentine|atk|1
|-boost|p1a: Serpentine|def|1
|-boost|p1a: Serpentine|accuracy|1
|move|p2a: GyroRocks|Hidden Power|p1a: Serpentine
|-supereffective|p1a: Serpentine
|-end|p1a: Serpentine|Substitute
|
|-heal|p1a: Serpentine|234\/404|[from] item: Leftovers
|-heal|p2a: GyroRocks|308\/338|[from] item: Leftovers
|turn|11
|c|★Bob the Senpai|oh
|
|switch|p1a: Venus|Blissey, F|714\/714
|-damage|p1a: Venus|625\/714|[from] Stealth Rock
|move|p2a: GyroRocks|Hidden Power|p1a: Venus
|-damage|p1a: Venus|596\/714
|
|-heal|p1a: Venus|640\/714|[from] item: Leftovers
|-heal|p2a: GyroRocks|329\/338|[from] item: Leftovers
|turn|12
|
|switch|p2a: MegaKick|Lopunny, M|272\/272
|-damage|p2a: MegaKick|238\/272|[from] Stealth Rock
|move|p1a: Venus|Wish|p1a: Venus
|
|-heal|p1a: Venus|684\/714|[from] item: Leftovers
|turn|13
|
|switch|p1a: Freyja|Togetic, F|314\/314
|-damage|p1a: Freyja|236\/314|[from] Stealth Rock
|detailschange|p2a: MegaKick|Lopunny-Mega, M
|message|Lopunny has Mega Evolved into Mega Lopunny!
|move|p2a: MegaKick|Return|p1a: Freyja
|-damage|p1a: Freyja|130\/314
|
|-heal|p1a: Freyja|314\/314|[from] move: Wish|[wisher] Venus
|turn|14
|
|switch|p2a: SpinnySpinny|Tentacruel, M|363\/363
|-damage|p2a: SpinnySpinny|318\/363|[from] Stealth Rock
|move|p1a: Freyja|Dazzling Gleam|p2a: SpinnySpinny
|-resisted|p2a: SpinnySpinny
|-damage|p2a: SpinnySpinny|282\/363
|
|-heal|p2a: SpinnySpinny|304\/363|[from] item: Black Sludge
|turn|15
|
|move|p2a: SpinnySpinny|Rapid Spin|p1a: Freyja
|-damage|p1a: Freyja|307\/314
|-sideend|p2: SleepLadder2|Stealth Rock|[from] move: Rapid Spin|[of] p2a: SpinnySpinny
|move|p1a: Freyja|Defog|p2a: SpinnySpinny
|-unboost|p2a: SpinnySpinny|evasion|1
|-sideend|p1: Bob the Senpai|Stealth Rock|[from] move: Defog|[of] p1a: Freyja
|
|-heal|p2a: SpinnySpinny|326\/363|[from] item: Black Sludge
|turn|16
|
|switch|p1a: Venus|Blissey, F|684\/714
|move|p2a: SpinnySpinny|Toxic Spikes|p1a: Venus
|-sidestart|p1: Bob the Senpai|move: Toxic Spikes
|
|-heal|p2a: SpinnySpinny|348\/363|[from] item: Black Sludge
|-heal|p1a: Venus|714\/714|[from] item: Leftovers
|turn|17
|
|switch|p2a: Defog or SR|Gligar, F|225\/274
|move|p1a: Venus|Wish|p1a: Venus
|
|turn|18
|
|move|p2a: Defog or SR|Swords Dance|p2a: Defog or SR
|-boost|p2a: Defog or SR|atk|2
|move|p1a: Venus|Counter|p2a: Defog or SR
|-fail|p2a: Defog or SR
|
|turn|19
|
|switch|p1a: Freyja|Togetic, F|307\/314
|move|p2a: Defog or SR|Swords Dance|p2a: Defog or SR
|-boost|p2a: Defog or SR|atk|2
|
|turn|20
|
|move|p2a: Defog or SR|Swords Dance|p2a: Defog or SR
|-boost|p2a: Defog or SR|atk|2
|move|p1a: Freyja|Defog|p2a: Defog or SR
|-unboost|p2a: Defog or SR|evasion|1
|-sideend|p1: Bob the Senpai|Toxic Spikes|[from] move: Defog|[of] p1a: Freyja
|
|turn|21
|
|move|p2a: Defog or SR|Baton Pass|p2a: Defog or SR
|
|switch|p2a: GyroRocks|Bronzong|329\/338
|move|p1a: Freyja|Dazzling Gleam|p2a: GyroRocks
|-resisted|p2a: GyroRocks
|-damage|p2a: GyroRocks|301\/338
|
|-heal|p2a: GyroRocks|322\/338|[from] item: Leftovers
|turn|22
|
|switch|p1a: Archilles|Aggron-Mega, F|344\/344
|move|p2a: GyroRocks|Stealth Rock|p1a: Archilles
|-sidestart|p1: Bob the Senpai|move: Stealth Rock
|
|-heal|p2a: GyroRocks|338\/338|[from] item: Leftovers
|turn|23
|
|move|p1a: Archilles|Stealth Rock|p2a: GyroRocks
|-sidestart|p2: SleepLadder2|move: Stealth Rock
|move|p2a: GyroRocks|Gyro Ball|p1a: Archilles
|-resisted|p1a: Archilles
|-damage|p1a: Archilles|287\/344
|
|turn|24
|c|★SleepLadder2|weak
|
|switch|p2a: Defog or SR|Gligar, F|225\/274
|-damage|p2a: Defog or SR|191\/274|[from] Stealth Rock
|move|p1a: Archilles|Roar|p2a: Defog or SR
|drag|p2a: SpinnySpinny|Tentacruel, M|348\/363
|-damage|p2a: SpinnySpinny|303\/363|[from] Stealth Rock
|
|-heal|p2a: SpinnySpinny|325\/363|[from] item: Black Sludge
|turn|25
|
|switch|p1a: Venus|Blissey, F|714\/714
|-damage|p1a: Venus|625\/714|[from] Stealth Rock
|move|p2a: SpinnySpinny|Scald|p1a: Venus
|-damage|p1a: Venus|565\/714
|-status|p1a: Venus|brn
|
|-heal|p2a: SpinnySpinny|347\/363|[from] item: Black Sludge
|-heal|p1a: Venus|609\/714 brn|[from] item: Leftovers
|-damage|p1a: Venus|520\/714 brn|[from] brn
|turn|26
|
|switch|p2a: Defog or SR|Gligar, F|191\/274
|-damage|p2a: Defog or SR|157\/274|[from] Stealth Rock
|move|p1a: Venus|Wish|p1a: Venus
|
|-heal|p1a: Venus|564\/714 brn|[from] item: Leftovers
|-damage|p1a: Venus|475\/714 brn|[from] brn
|turn|27
|
|switch|p1a: Serpentine|Zygarde|234\/404
|-damage|p1a: Serpentine|209\/404|[from] Stealth Rock
|-ability|p1a: Serpentine|Aura Break
|move|p2a: Defog or SR|Roost|p2a: Defog or SR
|-heal|p2a: Defog or SR|274\/274
|
|-heal|p1a: Serpentine|404\/404|[from] move: Wish|[wisher] Venus
|turn|28
|
|move|p2a: Defog or SR|Earthquake|p1a: Serpentine
|-damage|p1a: Serpentine|317\/404
|move|p1a: Serpentine|Dragon Tail|p2a: Defog or SR
|-damage|p2a: Defog or SR|237\/274
|drag|p2a: IronHead|Zygarde|257\/401
|-damage|p2a: IronHead|232\/401|[from] Stealth Rock
|-ability|p2a: IronHead|Aura Break
|
|-heal|p2a: IronHead|257\/401|[from] item: Leftovers
|-heal|p1a: Serpentine|342\/404|[from] item: Leftovers
|turn|29
|join|watfor
|
|switch|p2a: IwasN.1|Florges, F|358\/358
|-damage|p2a: IwasN.1|314\/358|[from] Stealth Rock
|move|p1a: Serpentine|Dragon Tail|p2a: IwasN.1
|-immune|p2a: IwasN.1|[msg]
|
|-heal|p1a: Serpentine|367\/404|[from] item: Leftovers
|-heal|p2a: IwasN.1|336\/358|[from] item: Leftovers
|turn|30
|
|switch|p1a: Venus|Blissey, F|475\/714
|-damage|p1a: Venus|386\/714|[from] Stealth Rock
|move|p2a: IwasN.1|Moonblast|p1a: Venus
|-damage|p1a: Venus|283\/714
|
|-heal|p2a: IwasN.1|358\/358|[from] item: Leftovers
|-heal|p1a: Venus|327\/714|[from] item: Leftovers
|turn|31
|
|move|p2a: IwasN.1|Calm Mind|p2a: IwasN.1
|-boost|p2a: IwasN.1|spa|1
|-boost|p2a: IwasN.1|spd|1
|move|p1a: Venus|Wish|p1a: Venus
|
|-heal|p1a: Venus|371\/714|[from] item: Leftovers
|turn|32
|c| watfor|cm florges with hp fire
|c| watfor|lgi
|
|move|p2a: IwasN.1|Moonblast|p1a: Venus
|-crit|p1a: Venus
|-damage|p1a: Venus|173\/714
|-unboost|p1a: Venus|spa|1
|move|p1a: Venus|Seismic Toss|p2a: IwasN.1
|-damage|p2a: IwasN.1|258\/358
|
|-heal|p1a: Venus|530\/714|[from] move: Wish|[wisher] Venus
|-heal|p2a: IwasN.1|280\/358|[from] item: Leftovers
|-heal|p1a: Venus|574\/714|[from] item: Leftovers
|turn|33
|
|move|p2a: IwasN.1|Calm Mind|p2a: IwasN.1
|-boost|p2a: IwasN.1|spa|1
|-boost|p2a: IwasN.1|spd|1
|move|p1a: Venus|Wish|p1a: Venus
|
|-heal|p2a: IwasN.1|302\/358|[from] item: Leftovers
|-heal|p1a: Venus|618\/714|[from] item: Leftovers
|turn|34
|c|★SleepLadder2|If anything, hp ground seems alot better
|c|★Bob the Senpai|hp fire reveal
|
|switch|p1a: Archilles|Aggron-Mega, F|287\/344
|-damage|p1a: Archilles|266\/344|[from] Stealth Rock
|move|p2a: IwasN.1|Moonblast|p1a: Archilles
|-resisted|p1a: Archilles
|-damage|p1a: Archilles|159\/344
|-unboost|p1a: Archilles|spa|1
|
|-heal|p1a: Archilles|344\/344|[from] move: Wish|[wisher] Venus
|-heal|p2a: IwasN.1|324\/358|[from] item: Leftovers
|turn|35
|
|switch|p2a: Defog or SR|Gligar, F|237\/274
|-damage|p2a: Defog or SR|203\/274|[from] Stealth Rock
|move|p1a: Archilles|Heavy Slam|p2a: Defog or SR
|-damage|p2a: Defog or SR|116\/274
|
|turn|36
|c| watfor|it was a joke lol
|
|move|p2a: Defog or SR|Roost|p2a: Defog or SR
|-heal|p2a: Defog or SR|253\/274
|move|p1a: Archilles|Heavy Slam|p2a: Defog or SR
|-crit|p2a: Defog or SR
|-damage|p2a: Defog or SR|123\/274
|
|turn|37
|c| watfor|hp fire was to hit sheddy :^]
|
|move|p2a: Defog or SR|Roost|p2a: Defog or SR
|-heal|p2a: Defog or SR|260\/274
|move|p1a: Archilles|Heavy Slam|p2a: Defog or SR
|-damage|p2a: Defog or SR|178\/274
|
|turn|38
|
|move|p2a: Defog or SR|Earthquake|p1a: Archilles
|-supereffective|p1a: Archilles
|-damage|p1a: Archilles|281\/344
|move|p1a: Archilles|Heavy Slam|p2a: Defog or SR
|-damage|p2a: Defog or SR|85\/274
|
|turn|39
|c|★SleepLadder2|!dt heavy slam
|c|~|\/data-move Heavy Slam
|raw|<font size="1"><font color=#585858>Priority:<\/font> 0&nbsp;|&ThickSpace;<font color=#585858><font color=black>&#10003; Contact<\/font><\/font>&nbsp;|&ThickSpace;<font color=#585858>Target:<\/font> Adjacent Pokemon<\/font>
|
|move|p2a: Defog or SR|Roost|p2a: Defog or SR
|-heal|p2a: Defog or SR|222\/274
|move|p1a: Archilles|Toxic|p2a: Defog or SR
|-fail|p2a: Defog or SR
|
|turn|40
|c| watfor|bop
|
|switch|p1a: Freyja|Togetic, F|307\/314
|-damage|p1a: Freyja|229\/314|[from] Stealth Rock
|move|p2a: Defog or SR|Earthquake|p1a: Freyja
|-immune|p1a: Freyja|[msg]
|
|turn|41
|
|switch|p2a: SpinnySpinny|Tentacruel, M|347\/363
|-damage|p2a: SpinnySpinny|302\/363|[from] Stealth Rock
|move|p1a: Freyja|Defog|p2a: SpinnySpinny
|-unboost|p2a: SpinnySpinny|evasion|1
|-sideend|p2: SleepLadder2|Stealth Rock|[from] move: Defog|[of] p2a: SpinnySpinny
|-sideend|p1: Bob the Senpai|Stealth Rock|[from] move: Defog|[of] p1a: Freyja
|
|-heal|p2a: SpinnySpinny|324\/363|[from] item: Black Sludge
|turn|42
|c| watfor|bob
|c|★Bob the Senpai|?
|
|switch|p1a: Venus|Blissey, F|618\/714
|move|p2a: SpinnySpinny|Toxic Spikes|p1a: Venus
|-sidestart|p1: Bob the Senpai|move: Toxic Spikes
|
|-heal|p2a: SpinnySpinny|346\/363|[from] item: Black Sludge
|-heal|p1a: Venus|662\/714|[from] item: Leftovers
|turn|43
|c| watfor|you are nasty pass to sheddy
|c| watfor|am i rite
|c|★Bob the Senpai|ofc
|c| watfor|you have solid nasty pass sweepers in
|c| watfor|hyper voice blissey
|
|switch|p2a: MegaKick|Lopunny-Mega, M|238\/272
|move|p1a: Venus|Wish|p1a: Venus
|
|-heal|p1a: Venus|706\/714|[from] item: Leftovers
|turn|44
|c| watfor|and lo sheddy
|c| watfor|y\/y
|c|★Bob the Senpai|does it even get that
|c| watfor|yes
|c| watfor|and bolt beam
|c|★Bob the Senpai|nb
|c|★Bob the Senpai|lol
|c| watfor|blissey is a god
|
|switch|p2a: SpinnySpinny|Tentacruel, M|346\/363
|switch|p1a: Freyja|Togetic, F|229\/314
|
|-heal|p1a: Freyja|314\/314|[from] move: Wish|[wisher] Venus
|-heal|p2a: SpinnySpinny|363\/363|[from] item: Black Sludge
|turn|45
|
|switch|p1a: Kraken|Tentacruel, M|156\/364
|-sideend|p1: Bob the Senpai|move: Toxic Spikes|[of] p1a: Kraken
|move|p2a: SpinnySpinny|Sludge Wave|p1a: Kraken
|-crit|p1a: Kraken
|-resisted|p1a: Kraken
|-damage|p1a: Kraken|101\/364
|
|-heal|p1a: Kraken|123\/364|[from] item: Black Sludge
|turn|46
|
|switch|p1a: Venus|Blissey, F|706\/714
|move|p2a: SpinnySpinny|Toxic Spikes|p1a: Venus
|-sidestart|p1: Bob the Senpai|move: Toxic Spikes
|
|-heal|p1a: Venus|714\/714|[from] item: Leftovers
|turn|47
|
|switch|p2a: GyroRocks|Bronzong|338\/338
|move|p1a: Venus|Seismic Toss|p2a: GyroRocks
|-damage|p2a: GyroRocks|238\/338
|
|-heal|p2a: GyroRocks|259\/338|[from] item: Leftovers
|turn|48
|
|move|p1a: Venus|Wish|p1a: Venus
|move|p2a: GyroRocks|Stealth Rock|p1a: Venus
|-sidestart|p1: Bob the Senpai|move: Stealth Rock
|
|-heal|p2a: GyroRocks|280\/338|[from] item: Leftovers
|turn|49
|
|switch|p2a: IronHead|Zygarde|257\/401
|-ability|p2a: IronHead|Aura Break
|move|p1a: Venus|Counter|p2a: IronHead
|-fail|p2a: IronHead
|
|-heal|p2a: IronHead|282\/401|[from] item: Leftovers
|turn|50
|
|switch|p1a: Freyja|Togetic, F|314\/314
|-damage|p1a: Freyja|236\/314|[from] Stealth Rock
|move|p2a: IronHead|Earthquake|p1a: Freyja
|-immune|p1a: Freyja|[msg]
|
|-heal|p2a: IronHead|307\/401|[from] item: Leftovers
|turn|51
|
|switch|p2a: GyroRocks|Bronzong|280\/338
|move|p1a: Freyja|Defog|p2a: GyroRocks
|-unboost|p2a: GyroRocks|evasion|1
|-sideend|p1: Bob the Senpai|Toxic Spikes|[from] move: Defog|[of] p1a: Freyja
|-sideend|p1: Bob the Senpai|Stealth Rock|[from] move: Defog|[of] p1a: Freyja
|
|-heal|p2a: GyroRocks|301\/338|[from] item: Leftovers
|turn|52
|c| watfor|reveal coil iron tail zygarde
|
|switch|p1a: Kraken|Tentacruel, M|123\/364
|move|p2a: GyroRocks|Stealth Rock|p1a: Kraken
|-sidestart|p1: Bob the Senpai|move: Stealth Rock
|
|-heal|p1a: Kraken|145\/364|[from] item: Black Sludge
|-heal|p2a: GyroRocks|322\/338|[from] item: Leftovers
|turn|53
|
|switch|p2a: IronHead|Zygarde|307\/401
|-ability|p2a: IronHead|Aura Break
|move|p1a: Kraken|Scald|p2a: IronHead
|-damage|p2a: IronHead|220\/401
|
|-heal|p2a: IronHead|245\/401|[from] item: Leftovers
|-heal|p1a: Kraken|167\/364|[from] item: Black Sludge
|turn|54
|
|switch|p1a: Freyja|Togetic, F|236\/314
|-damage|p1a: Freyja|158\/314|[from] Stealth Rock
|move|p2a: IronHead|Earthquake|p1a: Freyja
|-immune|p1a: Freyja|[msg]
|
|-heal|p2a: IronHead|270\/401|[from] item: Leftovers
|turn|55
|
|switch|p2a: GyroRocks|Bronzong|322\/338
|move|p1a: Freyja|Roost|p1a: Freyja
|-heal|p1a: Freyja|314\/314
|
|-heal|p2a: GyroRocks|338\/338|[from] item: Leftovers
|turn|56
|
|switch|p1a: Venus|Blissey, F|714\/714
|-damage|p1a: Venus|625\/714|[from] Stealth Rock
|move|p2a: GyroRocks|Gyro Ball|p1a: Venus
|-damage|p1a: Venus|520\/714
|
|-heal|p1a: Venus|564\/714|[from] item: Leftovers
|turn|57
|
|switch|p2a: Defog or SR|Gligar, F|222\/274
|move|p1a: Venus|Wish|p1a: Venus
|
|-heal|p1a: Venus|608\/714|[from] item: Leftovers
|turn|58
|
|move|p2a: Defog or SR|Swords Dance|p2a: Defog or SR
|-boost|p2a: Defog or SR|atk|2
|move|p1a: Venus|Counter|p2a: Defog or SR
|-fail|p2a: Defog or SR
|
|-heal|p1a: Venus|714\/714|[from] move: Wish|[wisher] Venus
|turn|59
|
|switch|p1a: Freyja|Togetic, F|314\/314
|-damage|p1a: Freyja|236\/314|[from] Stealth Rock
|move|p2a: Defog or SR|Swords Dance|p2a: Defog or SR
|-boost|p2a: Defog or SR|atk|2
|
|turn|60
|
|move|p2a: Defog or SR|Baton Pass|p2a: Defog or SR
|
|switch|p2a: MegaKick|Lopunny-Mega, M|238\/272
|move|p1a: Freyja|Defog|p2a: MegaKick
|-unboost|p2a: MegaKick|evasion|1
|-sideend|p1: Bob the Senpai|Stealth Rock|[from] move: Defog|[of] p1a: Freyja
|
|turn|61
|c| watfor|welp
|c|★SleepLadder2|nice
|c| watfor|glad we have
|c| watfor|the counter
|c| watfor|lol
|
|switch|p2a: GyroRocks|Bronzong|338\/338
|switch|p1a: Hades|Shedinja|1\/1
|
|turn|62
|
|switch|p1a: Kraken|Tentacruel, M|167\/364
|move|p2a: GyroRocks|Stealth Rock|p1a: Kraken
|-sidestart|p1: Bob the Senpai|move: Stealth Rock
|
|-heal|p1a: Kraken|189\/364|[from] item: Black Sludge
|turn|63
|
|switch|p2a: IwasN.1|Florges, F|324\/358
|move|p1a: Kraken|Scald|p2a: IwasN.1
|-damage|p2a: IwasN.1|272\/358
|
|-heal|p1a: Kraken|211\/364|[from] item: Black Sludge
|-heal|p2a: IwasN.1|294\/358|[from] item: Leftovers
|turn|64
|
|move|p1a: Kraken|Rapid Spin|p2a: IwasN.1
|-damage|p2a: IwasN.1|284\/358
|-sideend|p1: Bob the Senpai|Stealth Rock|[from] move: Rapid Spin|[of] p1a: Kraken
|move|p2a: IwasN.1|Moonblast|p1a: Kraken
|-resisted|p1a: Kraken
|-damage|p1a: Kraken|156\/364
|
|-heal|p1a: Kraken|178\/364|[from] item: Black Sludge
|-heal|p2a: IwasN.1|306\/358|[from] item: Leftovers
|turn|65
|
|switch|p2a: SpinnySpinny|Tentacruel, M|363\/363
|move|p1a: Kraken|Toxic|p2a: SpinnySpinny
|-fail|p2a: SpinnySpinny
|
|-heal|p1a: Kraken|200\/364|[from] item: Black Sludge
|turn|66
|
|switch|p1a: Venus|Blissey, F|714\/714
|move|p2a: SpinnySpinny|Scald|p1a: Venus
|-damage|p1a: Venus|657\/714
|
|-heal|p1a: Venus|701\/714|[from] item: Leftovers
|turn|67
|
|move|p2a: SpinnySpinny|Toxic Spikes|p1a: Venus
|-sidestart|p1: Bob the Senpai|move: Toxic Spikes
|move|p1a: Venus|Seismic Toss|p2a: SpinnySpinny
|-damage|p2a: SpinnySpinny|263\/363
|
|-heal|p2a: SpinnySpinny|285\/363|[from] item: Black Sludge
|-heal|p1a: Venus|714\/714|[from] item: Leftovers
|turn|68
|
|switch|p2a: Defog or SR|Gligar, F|222\/274
|move|p1a: Venus|Seismic Toss|p2a: Defog or SR
|-damage|p2a: Defog or SR|122\/274
|
|turn|69
|join|RowDog
|
|move|p2a: Defog or SR|Roost|p2a: Defog or SR
|-heal|p2a: Defog or SR|259\/274
|move|p1a: Venus|Seismic Toss|p2a: Defog or SR
|-damage|p2a: Defog or SR|159\/274
|
|turn|70
|
|switch|p1a: Freyja|Togetic, F|236\/314
|move|p2a: Defog or SR|Swords Dance|p2a: Defog or SR
|-boost|p2a: Defog or SR|atk|2
|
|turn|71
|
|move|p2a: Defog or SR|Swords Dance|p2a: Defog or SR
|-boost|p2a: Defog or SR|atk|2
|move|p1a: Freyja|Defog|p2a: Defog or SR
|-unboost|p2a: Defog or SR|evasion|1
|-sideend|p1: Bob the Senpai|Toxic Spikes|[from] move: Defog|[of] p1a: Freyja
|
|turn|72
|c| RowDog|Red Card Togetic
|c| watfor|heyy rowdog
|
|move|p2a: Defog or SR|Roost|p2a: Defog or SR
|-heal|p2a: Defog or SR|274\/274
|move|p1a: Freyja|Dazzling Gleam|p2a: Defog or SR
|-damage|p2a: Defog or SR|202\/274
|
|turn|73
|c| watfor|fren
|c|★Bob the Senpai|do you not see the counters
|c| RowDog|hello :3
|c| watfor|reveal taunt togetic
|c| watfor|:3
|
|move|p2a: Defog or SR|Baton Pass|p2a: Defog or SR
|c| RowDog|does it get whirlwind?
|
|switch|p2a: SpinnySpinny|Tentacruel, M|285\/363
|move|p1a: Freyja|Dazzling Gleam|p2a: SpinnySpinny
|-resisted|p2a: SpinnySpinny
|-damage|p2a: SpinnySpinny|251\/363
|
|-heal|p2a: SpinnySpinny|273\/363|[from] item: Black Sludge
|turn|74
|c| RowDog|lame
|c| RowDog|it doesn't
|
|switch|p1a: Hades|Shedinja|1\/1
|move|p2a: SpinnySpinny|Scald|p1a: Hades
|-activate|p1a: Hades|ability: Wonder Guard
|
|-heal|p2a: SpinnySpinny|295\/363|[from] item: Black Sludge
|turn|75
|
|move|p2a: SpinnySpinny|Toxic Spikes|p1a: Hades
|-sidestart|p1: Bob the Senpai|move: Toxic Spikes
|move|p1a: Hades|Will-O-Wisp|p2a: SpinnySpinny
|-status|p2a: SpinnySpinny|brn
|
|-heal|p2a: SpinnySpinny|317\/363 brn|[from] item: Black Sludge
|-damage|p2a: SpinnySpinny|272\/363 brn|[from] brn
|turn|76
|join|Baesharp
|c|★Bob the Senpai|wait
|
|switch|p2a: GyroRocks|Bronzong|338\/338
|move|p1a: Hades|Swords Dance|p1a: Hades
|-boost|p1a: Hades|atk|2
|
|turn|77
|c| RowDog|What does he actually have to kill Shed?
|c|★SleepLadder2|nothing:)
|c|★Bob the Senpai|idk if this has toxic
|c| RowDog|other than hazards and Toxic?
|c| RowDog|probs does
|
|switch|p1a: Kraken|Tentacruel, M|200\/364
|-sideend|p1: Bob the Senpai|move: Toxic Spikes|[of] p1a: Kraken
|move|p2a: GyroRocks|Stealth Rock|p1a: Kraken
|-sidestart|p1: Bob the Senpai|move: Stealth Rock
|
|-heal|p1a: Kraken|222\/364|[from] item: Black Sludge
|turn|78
|
|switch|p2a: IronHead|Zygarde|270\/401
|-ability|p2a: IronHead|Aura Break
|move|p1a: Kraken|Rapid Spin|p2a: IronHead
|-damage|p2a: IronHead|259\/401
|-sideend|p1: Bob the Senpai|Stealth Rock|[from] move: Rapid Spin|[of] p1a: Kraken
|
|-heal|p2a: IronHead|284\/401|[from] item: Leftovers
|-heal|p1a: Kraken|244\/364|[from] item: Black Sludge
|turn|79
|
|switch|p2a: SpinnySpinny|Tentacruel, M|272\/363 brn
|switch|p1a: Freyja|Togetic, F|236\/314
|
|-heal|p2a: SpinnySpinny|294\/363 brn|[from] item: Black Sludge
|-damage|p2a: SpinnySpinny|249\/363 brn|[from] brn
|turn|80
|c|★Bob the Senpai|rox\/hp ice\/gyro
|c|★Bob the Senpai|and something
|
|switch|p1a: Hades|Shedinja|1\/1
|move|p2a: SpinnySpinny|Toxic Spikes|p1a: Hades
|-sidestart|p1: Bob the Senpai|move: Toxic Spikes
|
|-heal|p2a: SpinnySpinny|271\/363 brn|[from] item: Black Sludge
|-damage|p2a: SpinnySpinny|226\/363 brn|[from] brn
|turn|81
|c|★SleepLadder2|Well, I'll tell you a secret
|c| Baesharp|hp  ice isnt super effective dum dum
|c|★SleepLadder2|the fourth is Protect
|c|★SleepLadder2|so no Toxic
|c|★SleepLadder2|gg
|c|★Bob the Senpai|oh
|-message|SleepLadder2 forfeited.
|
|win|Bob the Senpai
|raw|Ladder updating...
|leave|SleepLadder2
|player|p2
|raw|Bob the Senpai's rating: 1489 &rarr; <strong>1502<\/strong><br \/>(+13 for winning)
|raw|SleepLadder2's rating: 1374 &rarr; <strong>1360<\/strong><br \/>(-14 for losing)
|c| Baesharp|Kkek
|leave|watfor
|c|★Bob the Senpai|81 wasted turns
|c|★Bob the Senpai|when i could have swept turn 1
|c| Baesharp|aahahahahaahahaha