|join|Bob the Senpai
|join|Lord_Zyrador
|player|p1|Bob the Senpai|23
|player|p2|Lord_Zyrador|110
|gametype|singles
|gen|6
|tier|UU
|rated
|rule|Sleep Clause Mod: Limit one foe put to sleep
|rule|Species Clause: Limit one of each Pokémon
|rule|OHKO Clause: OHKO moves are banned
|rule|Moody Clause: Moody is banned
|rule|Evasion Moves Clause: Evasion moves are banned
|rule|Endless Battle Clause: Forcing endless battles is banned
|rule|HP Percentage Mod: HP is shown in percentages
|clearpoke
|poke|p1|Shedinja
|poke|p1|Blissey, F
|poke|p1|Tentacruel, F
|poke|p1|Zygarde
|poke|p1|Aggron, F
|poke|p1|Togetic, F
|poke|p2|Yanmega, M
|poke|p2|Jirachi
|poke|p2|Vaporeon, M
|poke|p2|Nidoking, M
|poke|p2|Machamp, F
|poke|p2|Donphan, M
|rule|Swagger Clause: Swagger is banned
|rule|Baton Pass Clause: Limit one Pokémon knowing Baton Pass
|teampreview
|
|start
|switch|p1a: Archilles|Aggron, F|344\/344
|switch|p2a: Eisenhauer|Machamp, F|372\/372
|turn|1
|
|switch|p1a: Freyja|Togetic, F|314\/314
|move|p2a: Eisenhauer|Substitute|p2a: Eisenhauer
|-start|p2a: Eisenhauer|Substitute
|-damage|p2a: Eisenhauer|279\/372
|
|-heal|p2a: Eisenhauer|302\/372|[from] item: Leftovers
|turn|2
|
|move|p2a: Eisenhauer|Stone Edge|p1a: Freyja
|-supereffective|p1a: Freyja
|-damage|p1a: Freyja|188\/314
|move|p1a: Freyja|Dazzling Gleam|p2a: Eisenhauer
|-supereffective|p2a: Eisenhauer
|-end|p2a: Eisenhauer|Substitute
|
|-heal|p2a: Eisenhauer|325\/372|[from] item: Leftovers
|turn|3
|
|switch|p2a: Fallen|Jirachi|341\/341
|switch|p1a: Kraken|Tentacruel, F|364\/364
|
|turn|4
|
|move|p2a: Fallen|U-turn|p1a: Kraken
|-resisted|p1a: Kraken
|-damage|p1a: Kraken|330\/364
|
|switch|p2a: Nidoking|Nidoking, M|303\/303
|move|p1a: Kraken|Toxic|p2a: Nidoking
|-fail|p2a: Nidoking
|
|-heal|p1a: Kraken|352\/364|[from] item: Black Sludge
|turn|5
|
|switch|p2a: Donphan|Donphan, M|384\/384
|switch|p1a: Venus|Blissey, F|714\/714
|
|turn|6
|
|move|p1a: Venus|Wish|p1a: Venus
|move|p2a: Donphan|Stealth Rock|p1a: Venus
|-sidestart|p1: Bob the Senpai|move: Stealth Rock
|
|turn|7
|
|switch|p1a: Freyja|Togetic, F|188\/314
|-damage|p1a: Freyja|110\/314|[from] Stealth Rock
|switch|p2a: Nidoking|Nidoking, M|303\/303
|
|-heal|p1a: Freyja|314\/314|[from] move: Wish|[wisher] Venus
|turn|8
|
|switch|p2a: Fallen|Jirachi|341\/341
|switch|p1a: Venus|Blissey, F|714\/714
|-damage|p1a: Venus|625\/714|[from] Stealth Rock
|
|-heal|p1a: Venus|669\/714|[from] item: Leftovers
|turn|9
|
|move|p1a: Venus|Protect|p1a: Venus
|-singleturn|p1a: Venus|Protect
|move|p2a: Fallen|Trick|p1a: Venus
|-activate|p1a: Venus|Protect
|
|-heal|p1a: Venus|713\/714|[from] item: Leftovers
|turn|10
|
|switch|p2a: Eisenhauer|Machamp, F|325\/372
|switch|p1a: Archilles|Aggron, F|344\/344
|-damage|p1a: Archilles|323\/344|[from] Stealth Rock
|
|-heal|p2a: Eisenhauer|348\/372|[from] item: Leftovers
|turn|11
|
|detailschange|p1a: Archilles|Aggron-Mega, F
|message|Aggron has Mega Evolved into Mega Aggron!
|move|p2a: Eisenhauer|Substitute|p2a: Eisenhauer
|-start|p2a: Eisenhauer|Substitute
|-damage|p2a: Eisenhauer|255\/372
|move|p1a: Archilles|Toxic|p2a: Eisenhauer
|
|-heal|p2a: Eisenhauer|278\/372|[from] item: Leftovers
|turn|12
|
|move|p2a: Eisenhauer|Dynamic Punch|p1a: Archilles
|-supereffective|p1a: Archilles
|-damage|p1a: Archilles|188\/344
|-start|p1a: Archilles|confusion
|-activate|p1a: Archilles|confusion
|-damage|p1a: Archilles|168\/344|[from] confusion
|
|-heal|p2a: Eisenhauer|301\/372|[from] item: Leftovers
|turn|13
|
|switch|p1a: Kraken|Tentacruel, F|352\/364
|-damage|p1a: Kraken|307\/364|[from] Stealth Rock
|move|p2a: Eisenhauer|Dynamic Punch|p1a: Kraken
|-crit|p1a: Kraken
|-resisted|p1a: Kraken
|-damage|p1a: Kraken|161\/364
|-start|p1a: Kraken|confusion
|
|-heal|p1a: Kraken|183\/364|[from] item: Black Sludge
|-heal|p2a: Eisenhauer|324\/372|[from] item: Leftovers
|turn|14
|
|-activate|p1a: Kraken|confusion
|-damage|p1a: Kraken|161\/364|[from] confusion
|move|p2a: Eisenhauer|Stone Edge|p1a: Kraken
|-damage|p1a: Kraken|31\/364
|
|-heal|p1a: Kraken|53\/364|[from] item: Black Sludge
|-heal|p2a: Eisenhauer|347\/372|[from] item: Leftovers
|turn|15
|
|-activate|p1a: Kraken|confusion
|-damage|p1a: Kraken|34\/364|[from] confusion
|move|p2a: Eisenhauer|Stone Edge|p1a: Kraken
|-damage|p1a: Kraken|0 fnt
|faint|p1a: Kraken
|
|-heal|p2a: Eisenhauer|370\/372|[from] item: Leftovers
|
|switch|p1a: Freyja|Togetic, F|314\/314
|-damage|p1a: Freyja|236\/314|[from] Stealth Rock
|turn|16
|
|move|p2a: Eisenhauer|Stone Edge|p1a: Freyja
|-supereffective|p1a: Freyja
|-damage|p1a: Freyja|108\/314
|move|p1a: Freyja|Roost|p1a: Freyja
|-heal|p1a: Freyja|265\/314
|
|-heal|p2a: Eisenhauer|372\/372|[from] item: Leftovers
|turn|17
|
|move|p2a: Eisenhauer|Dynamic Punch|p1a: Freyja
|-resisted|p1a: Freyja
|-damage|p1a: Freyja|240\/314
|-start|p1a: Freyja|confusion
|-activate|p1a: Freyja|confusion
|-damage|p1a: Freyja|233\/314|[from] confusion
|
|turn|18
|
|switch|p1a: Serpentine|Zygarde|404\/404
|-damage|p1a: Serpentine|379\/404|[from] Stealth Rock
|-ability|p1a: Serpentine|Aura Break
|move|p2a: Eisenhauer|Stone Edge|p1a: Serpentine
|-resisted|p1a: Serpentine
|-damage|p1a: Serpentine|321\/404
|
|-heal|p1a: Serpentine|346\/404|[from] item: Leftovers
|turn|19
|
|move|p1a: Serpentine|Coil|p1a: Serpentine
|-boost|p1a: Serpentine|atk|1
|-boost|p1a: Serpentine|def|1
|-boost|p1a: Serpentine|accuracy|1
|move|p2a: Eisenhauer|Dynamic Punch|p1a: Serpentine
|-damage|p1a: Serpentine|240\/404
|-start|p1a: Serpentine|confusion
|
|-heal|p1a: Serpentine|265\/404|[from] item: Leftovers
|turn|20
|
|-activate|p1a: Serpentine|confusion
|-damage|p1a: Serpentine|236\/404|[from] confusion
|move|p2a: Eisenhauer|Dynamic Punch|p1a: Serpentine
|-damage|p1a: Serpentine|133\/404
|
|-heal|p1a: Serpentine|158\/404|[from] item: Leftovers
|turn|21
|c|★Lord_Zyrador|sorry bout the hax
|c|★Lord_Zyrador|that must be pretty annoying
|
|-end|p1a: Serpentine|confusion
|move|p1a: Serpentine|Coil|p1a: Serpentine
|-boost|p1a: Serpentine|atk|1
|-boost|p1a: Serpentine|def|1
|-boost|p1a: Serpentine|accuracy|1
|move|p2a: Eisenhauer|Dynamic Punch|p1a: Serpentine
|-crit|p1a: Serpentine
|-damage|p1a: Serpentine|0 fnt
|faint|p1a: Serpentine
|
|c|★Lord_Zyrador|sorry :\/
|
|switch|p1a: Freyja|Togetic, F|233\/314
|-damage|p1a: Freyja|155\/314|[from] Stealth Rock
|turn|22
|
|move|p2a: Eisenhauer|Stone Edge|p1a: Freyja
|-crit|p1a: Freyja
|-supereffective|p1a: Freyja
|-damage|p1a: Freyja|0 fnt
|faint|p1a: Freyja
|
|c|★Lord_Zyrador|:\/
|
|switch|p1a: Venus|Blissey, F|713\/714
|-damage|p1a: Venus|624\/714|[from] Stealth Rock
|turn|23
|
|move|p1a: Venus|Protect|p1a: Venus
|-singleturn|p1a: Venus|Protect
|move|p2a: Eisenhauer|Stone Edge|p1a: Venus
|-activate|p1a: Venus|Protect
|
|-heal|p1a: Venus|668\/714|[from] item: Leftovers
|turn|24
|
|switch|p1a: Hades|Shedinja|1\/1
|-damage|p1a: Hades|0 fnt|[from] Stealth Rock
|faint|p1a: Hades
|move|p2a: Eisenhauer|Bullet Punch|p1: Hades|[notarget]
|-notarget
|
|
|switch|p1a: Venus|Blissey, F|668\/714
|-damage|p1a: Venus|579\/714|[from] Stealth Rock
|turn|25
|
|move|p2a: Eisenhauer|Bullet Punch|p1a: Venus
|-damage|p1a: Venus|478\/714
|move|p1a: Venus|Wish|p1a: Venus
|
|-heal|p1a: Venus|522\/714|[from] item: Leftovers
|turn|26
|
|move|p2a: Eisenhauer|Bullet Punch|p1a: Venus
|-damage|p1a: Venus|437\/714
|move|p1a: Venus|Seismic Toss|p2a: Eisenhauer
|-end|p2a: Eisenhauer|Substitute
|
|-heal|p1a: Venus|714\/714|[from] move: Wish|[wisher] Venus
|turn|27
|
|move|p2a: Eisenhauer|Substitute|p2a: Eisenhauer
|-start|p2a: Eisenhauer|Substitute
|-damage|p2a: Eisenhauer|279\/372
|move|p1a: Venus|Counter|p2a: Eisenhauer
|-fail|p2a: Eisenhauer
|
|-heal|p2a: Eisenhauer|302\/372|[from] item: Leftovers
|turn|28
|
|move|p2a: Eisenhauer|Bullet Punch|p1a: Venus
|-damage|p1a: Venus|628\/714
|move|p1a: Venus|Seismic Toss|p2a: Eisenhauer
|-end|p2a: Eisenhauer|Substitute
|
|-heal|p2a: Eisenhauer|325\/372|[from] item: Leftovers
|-heal|p1a: Venus|672\/714|[from] item: Leftovers
|turn|29
|
|move|p1a: Venus|Protect|p1a: Venus
|-singleturn|p1a: Venus|Protect
|move|p2a: Eisenhauer|Substitute|p2a: Eisenhauer
|-start|p2a: Eisenhauer|Substitute
|-damage|p2a: Eisenhauer|232\/372
|
|-heal|p2a: Eisenhauer|255\/372|[from] item: Leftovers
|-heal|p1a: Venus|714\/714|[from] item: Leftovers
|turn|30
|
|move|p2a: Eisenhauer|Dynamic Punch|p1a: Venus
|-supereffective|p1a: Venus
|-damage|p1a: Venus|0 fnt
|faint|p1a: Venus
|
|-heal|p2a: Eisenhauer|278\/372|[from] item: Leftovers
|c|★Lord_Zyrador|gg
|c|★Bob the Senpai|nah not really
|
|switch|p1a: Archilles|Aggron-Mega, F|168\/344
|-damage|p1a: Archilles|147\/344|[from] Stealth Rock
|turn|31
|c|★Lord_Zyrador|Im sorry
|
|move|p2a: Eisenhauer|Dynamic Punch|p1a: Archilles
|-supereffective|p1a: Archilles
|-damage|p1a: Archilles|3\/344
|-start|p1a: Archilles|confusion
|-activate|p1a: Archilles|confusion
|move|p1a: Archilles|Heavy Slam|p2a: Eisenhauer
|-end|p2a: Eisenhauer|Substitute
|
|-heal|p2a: Eisenhauer|301\/372|[from] item: Leftovers
|turn|32
|
|move|p2a: Eisenhauer|Bullet Punch|p1a: Archilles
|-resisted|p1a: Archilles
|-damage|p1a: Archilles|0 fnt
|faint|p1a: Archilles
|
|win|Lord_Zyrador
|raw|Ladder updating...
|raw|Bob the Senpai's rating: 1531 &rarr; <strong>1506<\/strong><br \/>(-25 for losing)
|raw|Lord_Zyrador's rating: 1446 &rarr; <strong>1471<\/strong><br \/>(+25 for winning)