|join|Rusia's Guest
|join|soTsoT
|player|p1|Rusia's Guest|99
|player|p2|soTsoT|267
|gametype|singles
|gen|6
|tier|OU
|rated
|clearpoke
|poke|p1|Altaria, F
|poke|p1|Infernape, M
|poke|p1|Landorus, M
|poke|p1|Latios, M
|poke|p1|Rotom-Wash
|poke|p1|Ferrothorn, F
|poke|p2|Gyarados, F
|poke|p2|Raikou, shiny
|poke|p2|Conkeldurr, M
|poke|p2|Gothitelle, M
|poke|p2|Scizor, F
|poke|p2|Garchomp, F
|rule|Swagger Clause: Swagger is banned
|rule|Baton Pass Clause: Limit one Pokémon knowing Baton Pass
|rule|Sleep Clause Mod: Limit one foe put to sleep
|rule|Species Clause: Limit one of each Pokémon
|rule|OHKO Clause: OHKO moves are banned
|rule|Moody Clause: Moody is banned
|rule|Evasion Moves Clause: Evasion moves are banned
|rule|Endless Battle Clause: Forcing endless battles is banned
|rule|HP Percentage Mod: HP is shown in percentages
|teampreview
|
|start
|switch|p1a: Jew in flames|Infernape, M|293\/293
|switch|p2a: Garchomp|Garchomp, F|357\/357
|turn|1
|join|Fahrrad Bang
|c| Fahrrad Bang|huge fan
|
|move|p1a: Jew in flames|Stealth Rock|p2a: Garchomp
|-sidestart|p2: soTsoT|move: Stealth Rock
|move|p2a: Garchomp|Stealth Rock|p1a: Jew in flames
|-sidestart|p1: Rusia's Guest|move: Stealth Rock
|
|turn|2
|c| Fahrrad Bang|plz win sotsot
|c|★soTsoT|ich sehs
|
|move|p1a: Jew in flames|Vacuum Wave|p2a: Garchomp
|-crit|p2a: Garchomp
|-damage|p2a: Garchomp|234\/357
|move|p2a: Garchomp|Earthquake|p1a: Jew in flames
|-supereffective|p1a: Jew in flames
|-enditem|p1a: Jew in flames|Focus Sash
|-damage|p1a: Jew in flames|1\/293
|
|turn|3
|c| Fahrrad Bang|hast du skype tos
|c|★soTsoT|ja
|
|move|p1a: Jew in flames|Endeavor|p2a: Garchomp
|-damage|p2a: Garchomp|1\/357
|-damage|p1a: Jew in flames|0 fnt|[from] ability: Rough Skin|[of] p2a: Garchomp
|faint|p1a: Jew in flames
|move|p2a: Garchomp|Dragon Claw|p1: Jew in flames|[notarget]
|-notarget
|
|c| Fahrrad Bang|wie heißte
|c|★soTsoT|:x
|c| Fahrrad Bang|:3
|c| Fahrrad Bang|keine sorge
|
|switch|p1a: ubers noob|Latios, M|301\/301
|-damage|p1a: ubers noob|264\/301|[from] Stealth Rock
|turn|4
|c| Fahrrad Bang|ich sage bestimmt nicht im lobbychat:
|c| Fahrrad Bang|**HI MY SKYPE IS SOTSOT123 PLZ ADD ME**
|
|move|p1a: ubers noob|Psyshock|p2a: Garchomp
|-damage|p2a: Garchomp|0 fnt
|-damage|p1a: ubers noob|234\/301|[from] item: Life Orb
|faint|p2a: Garchomp
|
|
|switch|p2a: Scizor|Scizor, F|344\/344
|-damage|p2a: Scizor|301\/344|[from] Stealth Rock
|turn|5
|c| Fahrrad Bang|gib schon :x
|
|switch|p1a: te la lavo toa 3|Rotom-Wash|303\/303
|-damage|p1a: te la lavo toa 3|266\/303|[from] Stealth Rock
|move|p2a: Scizor|U-turn|p1a: te la lavo toa 3
|-damage|p1a: te la lavo toa 3|125\/303
|c|★soTsoT|nö
|
|switch|p2a: Raikou|Raikou, shiny|321\/321
|-damage|p2a: Raikou|281\/321|[from] Stealth Rock
|-ability|p2a: Raikou|Pressure
|
|-heal|p1a: te la lavo toa 3|143\/303|[from] item: Leftovers
|turn|6
|
|switch|p1a: human a cloud fuck|Landorus, M|319\/319
|-damage|p1a: human a cloud fuck|280\/319|[from] Stealth Rock
|move|p2a: Raikou|Shadow Ball|p1a: human a cloud fuck
|-damage|p1a: human a cloud fuck|115\/319
|-unboost|p1a: human a cloud fuck|spd|1
|
|turn|7
|
|switch|p1a: senky|Ferrothorn, F|351\/351
|-damage|p1a: senky|330\/351|[from] Stealth Rock
|move|p2a: Raikou|Shadow Ball|p1a: senky
|-damage|p1a: senky|232\/351
|
|-heal|p1a: senky|253\/351|[from] item: Leftovers
|turn|8
|c| Fahrrad Bang|hast du nen ava auf skype
|c| Fahrrad Bang|mit gelben haaren?
|c|★soTsoT|nein
|
|switch|p2a: Conkeldurr|Conkeldurr, M|414\/414
|-damage|p2a: Conkeldurr|389\/414|[from] Stealth Rock
|move|p1a: senky|Spikes|p2a: Conkeldurr
|-sidestart|p2: soTsoT|Spikes
|
|-heal|p1a: senky|274\/351|[from] item: Leftovers
|turn|9
|c| Fahrrad Bang|schade
|c| Fahrrad Bang|auf skype gibts echt nen sotsot123
|
|move|p1a: senky|Protect|p1a: senky
|-singleturn|p1a: senky|Protect
|move|p2a: Conkeldurr|Drain Punch|p1a: senky
|-activate|p1a: senky|Protect
|
|-heal|p1a: senky|295\/351|[from] item: Leftovers
|turn|10
|
|switch|p1a: te la lavo toa 3|Rotom-Wash|143\/303
|-damage|p1a: te la lavo toa 3|106\/303|[from] Stealth Rock
|move|p2a: Conkeldurr|Drain Punch|p1a: te la lavo toa 3
|-damage|p1a: te la lavo toa 3|0 fnt
|-heal|p2a: Conkeldurr|414\/414|[from] drain|[of] p1a: te la lavo toa 3
|faint|p1a: te la lavo toa 3
|
|
|switch|p1a: bird a cloud fuck|Altaria, F|291\/291
|-damage|p1a: bird a cloud fuck|219\/291|[from] Stealth Rock
|turn|11
|
|detailschange|p1a: bird a cloud fuck|Altaria-Mega, F
|-mega|p1a: bird a cloud fuck|Altaria|Altarianite
|move|p1a: bird a cloud fuck|Hyper Voice|p2a: Conkeldurr
|-supereffective|p2a: Conkeldurr
|-damage|p2a: Conkeldurr|76\/414
|move|p2a: Conkeldurr|Ice Punch|p1a: bird a cloud fuck
|-supereffective|p1a: bird a cloud fuck
|-damage|p1a: bird a cloud fuck|41\/291
|
|turn|12
|
|move|p2a: Conkeldurr|Mach Punch|p1a: bird a cloud fuck
|-resisted|p1a: bird a cloud fuck
|-damage|p1a: bird a cloud fuck|4\/291
|move|p1a: bird a cloud fuck|Roost|p1a: bird a cloud fuck
|-heal|p1a: bird a cloud fuck|150\/291
|
|turn|13
|c| Fahrrad Bang|hääääääääääääääääääääx
|
|move|p1a: bird a cloud fuck|Hyper Voice|p2a: Conkeldurr
|-supereffective|p2a: Conkeldurr
|-damage|p2a: Conkeldurr|0 fnt
|faint|p2a: Conkeldurr
|
|
|switch|p2a: Gothitelle|Gothitelle, M|344\/344
|-damage|p2a: Gothitelle|301\/344|[from] Stealth Rock
|-damage|p2a: Gothitelle|258\/344|[from] Spikes
|turn|14
|
|move|p1a: bird a cloud fuck|Roost|p1a: bird a cloud fuck
|-heal|p1a: bird a cloud fuck|291\/291
|move|p2a: Gothitelle|Psyshock|p1a: bird a cloud fuck
|-damage|p1a: bird a cloud fuck|102\/291
|
|turn|15
|
|move|p1a: bird a cloud fuck|Hyper Voice|p2a: Gothitelle
|-damage|p2a: Gothitelle|89\/344
|move|p2a: Gothitelle|Psyshock|p1a: bird a cloud fuck
|-damage|p1a: bird a cloud fuck|0 fnt
|faint|p1a: bird a cloud fuck
|
|c| Fahrrad Bang|#GITGUD
|
|switch|p1a: senky|Ferrothorn, F|295\/351
|-damage|p1a: senky|274\/351|[from] Stealth Rock
|turn|16
|
|switch|p2a: Scizor|Scizor, F|301\/344
|-damage|p2a: Scizor|258\/344|[from] Stealth Rock
|-damage|p2a: Scizor|215\/344|[from] Spikes
|move|p1a: senky|Leech Seed|p2a: Scizor|[miss]
|-miss|p1a: senky|p2a: Scizor
|
|-heal|p1a: senky|295\/351|[from] item: Leftovers
|turn|17
|
|move|p1a: senky|Protect|p1a: senky
|-singleturn|p1a: senky|Protect
|move|p2a: Scizor|Superpower|p1a: senky
|-activate|p1a: senky|Protect
|
|-heal|p1a: senky|316\/351|[from] item: Leftovers
|turn|18
|
|switch|p1a: ubers noob|Latios, M|234\/301
|-damage|p1a: ubers noob|197\/301|[from] Stealth Rock
|move|p2a: Scizor|Superpower|p1a: ubers noob
|-resisted|p1a: ubers noob
|-damage|p1a: ubers noob|66\/301
|-unboost|p2a: Scizor|atk|1
|-unboost|p2a: Scizor|def|1
|
|turn|19
|c| Fahrrad Bang|kennst du das
|
|switch|p2a: Gothitelle|Gothitelle, M|89\/344
|-damage|p2a: Gothitelle|46\/344|[from] Stealth Rock
|-damage|p2a: Gothitelle|3\/344|[from] Spikes
|move|p1a: ubers noob|Roost|p1a: ubers noob
|-heal|p1a: ubers noob|217\/301
|
|turn|20
|c| Fahrrad Bang|du siehst iwo was über nen anime
|
|move|p1a: ubers noob|Psyshock|p2a: Gothitelle
|-resisted|p2a: Gothitelle
|-damage|p2a: Gothitelle|0 fnt
|-damage|p1a: ubers noob|187\/301|[from] item: Life Orb
|faint|p2a: Gothitelle
|
|c| Fahrrad Bang|willst kurz reinschnuppern in den anime worums geht
|c| Fahrrad Bang|und dann hast du an 1 abend den ganen anime geschaut
|
|switch|p2a: Gyarados|Gyarados, F|332\/332
|-damage|p2a: Gyarados|249\/332|[from] Stealth Rock
|-ability|p2a: Gyarados|Intimidate|[of] p1a: ubers noob
|-unboost|p1a: ubers noob|atk|1
|turn|21
|c|★soTsoT|nicht wirklich
|c| Fahrrad Bang|:x
|
|detailschange|p2a: Gyarados|Gyarados-Mega, F
|-mega|p2a: Gyarados|Gyarados|Gyaradosite
|-ability|p2a: Gyarados|Mold Breaker
|move|p1a: ubers noob|Draco Meteor|p2a: Gyarados
|-damage|p2a: Gyarados|25\/332
|-unboost|p1a: ubers noob|spa|2
|-damage|p1a: ubers noob|157\/301|[from] item: Life Orb
|move|p2a: Gyarados|Crunch|p1a: ubers noob
|-supereffective|p1a: ubers noob
|-damage|p1a: ubers noob|0 fnt
|faint|p1a: ubers noob
|
|
|switch|p1a: senky|Ferrothorn, F|316\/351
|-damage|p1a: senky|295\/351|[from] Stealth Rock
|turn|22
|c| Fahrrad Bang|bist du dumm?
|c| Fahrrad Bang|gerade kp zahl?
|c| Fahrrad Bang|XDDDDDDD
|
|move|p2a: Gyarados|Crunch|p1a: senky
|-damage|p1a: senky|166\/351
|-damage|p2a: Gyarados|0 fnt|[from] ability: Iron Barbs|[of] p1a: senky
|faint|p2a: Gyarados
|move|p1a: senky|Leech Seed|p2: Gyarados|[notarget]
|-notarget
|
|-heal|p1a: senky|187\/351|[from] item: Leftovers
|
|switch|p2a: Scizor|Scizor, F|215\/344
|-damage|p2a: Scizor|172\/344|[from] Stealth Rock
|-damage|p2a: Scizor|129\/344|[from] Spikes
|turn|23
|c| Fahrrad Bang|scheiß auf 4 subs oder
|
|move|p1a: senky|Protect|p1a: senky
|-singleturn|p1a: senky|Protect
|move|p2a: Scizor|Superpower|p1a: senky
|-activate|p1a: senky|Protect
|
|-heal|p1a: senky|208\/351|[from] item: Leftovers
|turn|24
|c| Fahrrad Bang|ignorier mich nicht T,T
|
|switch|p1a: human a cloud fuck|Landorus, M|115\/319
|-damage|p1a: human a cloud fuck|76\/319|[from] Stealth Rock
|move|p2a: Scizor|Superpower|p1a: human a cloud fuck
|-resisted|p1a: human a cloud fuck
|-damage|p1a: human a cloud fuck|0 fnt
|-unboost|p2a: Scizor|atk|1
|-unboost|p2a: Scizor|def|1
|faint|p1a: human a cloud fuck
|
|
|switch|p1a: senky|Ferrothorn, F|208\/351
|-damage|p1a: senky|187\/351|[from] Stealth Rock
|turn|25
|c|★soTsoT|gleich mal geändert
|c| Fahrrad Bang|kk
|
|switch|p2a: Raikou|Raikou, shiny|281\/321
|-damage|p2a: Raikou|241\/321|[from] Stealth Rock
|-damage|p2a: Raikou|201\/321|[from] Spikes
|-ability|p2a: Raikou|Pressure
|move|p1a: senky|Protect|p1a: senky
|-fail|p1a: senky
|
|-heal|p1a: senky|208\/351|[from] item: Leftovers
|turn|26
|c| Fahrrad Bang|#baueristnett
|
|move|p2a: Raikou|Shadow Ball|p1a: senky
|-damage|p1a: senky|115\/351
|move|p1a: senky|Leech Seed|p2a: Raikou
|-start|p2a: Raikou|move: Leech Seed
|
|-heal|p1a: senky|136\/351|[from] item: Leftovers
|-damage|p2a: Raikou|161\/321|[from] Leech Seed|[of] p1a: senky
|-heal|p1a: senky|176\/351|[silent]
|turn|27
|c| Fahrrad Bang|#bistdudumm?
|c| Fahrrad Bang|#ok
|
|move|p2a: Raikou|Shadow Ball|p1a: senky
|-damage|p1a: senky|77\/351
|-unboost|p1a: senky|spd|1
|move|p1a: senky|Gyro Ball|p2a: Raikou
|-resisted|p2a: Raikou
|-damage|p2a: Raikou|54\/321
|
|-heal|p1a: senky|98\/351|[from] item: Leftovers
|-damage|p2a: Raikou|14\/321|[from] Leech Seed|[of] p1a: senky
|-heal|p1a: senky|138\/351|[silent]
|turn|28
|c| Fahrrad Bang|#dankefürdentippbauer
|
|move|p1a: senky|Protect|p1a: senky
|-singleturn|p1a: senky|Protect
|move|p2a: Raikou|Shadow Ball|p1a: senky
|-activate|p1a: senky|Protect
|
|-heal|p1a: senky|159\/351|[from] item: Leftovers
|-damage|p2a: Raikou|0 fnt|[from] Leech Seed|[of] p1a: senky
|-heal|p1a: senky|173\/351|[silent]
|faint|p2a: Raikou
|c| Fahrrad Bang|np mach ich doch gern
|
|switch|p2a: Scizor|Scizor, F|129\/344
|-damage|p2a: Scizor|86\/344|[from] Stealth Rock
|-damage|p2a: Scizor|43\/344|[from] Spikes
|turn|29
|c|★Rusia's Guest|i lose for leech seed miss
|c|★Rusia's Guest|...
|
|move|p2a: Scizor|Superpower|p1a: senky
|-supereffective|p1a: senky
|-damage|p1a: senky|0 fnt
|-damage|p2a: Scizor|0 fnt|[from] ability: Iron Barbs|[of] p1a: senky
|faint|p2a: Scizor
|faint|p1a: senky
|
|win|Rusia's Guest
|raw|Ladder updating...
|raw|Rusia&apos;s Guest's rating: 1515 &rarr; <strong>1537<\/strong><br \/>(+22 for winning)
|raw|soTsoT's rating: 1551 &rarr; <strong>1529<\/strong><br \/>(-22 for losing)
|c|★Rusia's Guest|lol
|c|★Rusia's Guest|GG
|c|★Rusia's Guest|HAHAHAHAH
|leave|Rusia's Guest
|c|★soTsoT|lol was
|c| Fahrrad Bang|wieso nicht beim protect geswitcht
|player|p1
|c|★soTsoT|wieso sollte ich
|c| Fahrrad Bang|deshalb
|c|★soTsoT|wenn ich eigentlich gewinnen
|c|★soTsoT|*n
|c| Fahrrad Bang|hättest gewonnen mit raikou
|c| Fahrrad Bang|und wie zum fick sollte ferro sciz killen
|c|★soTsoT|ich muss das mal Ingame testen iwie
|c|★soTsoT|ob das wirklich so läuft
|c| Fahrrad Bang|;\/
|c| Fahrrad Bang|ja