|join|dark08
|join|crackedhades
|player|p1|dark08|153
|player|p2|crackedhades|2
|gametype|singles
|gen|6
|tier|OU
|rated
|clearpoke
|poke|p1|Lucario, F
|poke|p1|Latios, M
|poke|p1|Espeon, M
|poke|p1|Umbreon, M
|poke|p1|Staraptor, F
|poke|p1|Scizor, M
|poke|p2|Conkeldurr, F
|poke|p2|Lopunny, M
|poke|p2|Thundurus, M
|poke|p2|Bisharp, M
|poke|p2|Latias, F
|poke|p2|Landorus-Therian, M
|rule|Swagger Clause: Swagger is banned
|rule|Baton Pass Clause: Limit one Pokémon knowing Baton Pass
|rule|Sleep Clause Mod: Limit one foe put to sleep
|rule|Species Clause: Limit one of each Pokémon
|rule|OHKO Clause: OHKO moves are banned
|rule|Moody Clause: Moody is banned
|rule|Evasion Moves Clause: Evasion moves are banned
|rule|Endless Battle Clause: Forcing endless battles is banned
|rule|HP Percentage Mod: HP is shown in percentages
|teampreview
|
|start
|switch|p1a: Latios|Latios, M|302\/302
|switch|p2a: Landorus-Therian|Landorus-Therian, M|381\/381
|-ability|p2a: Landorus-Therian|Intimidate|[of] p1a: Latios
|-unboost|p1a: Latios|atk|1
|turn|1
|
|move|p1a: Latios|Surf|p2a: Landorus-Therian
|-supereffective|p2a: Landorus-Therian
|-damage|p2a: Landorus-Therian|5\/381
|move|p2a: Landorus-Therian|U-turn|p1a: Latios
|-supereffective|p1a: Latios
|-damage|p1a: Latios|108\/302
|
|switch|p2a: Lopunny|Lopunny, M|272\/272
|
|turn|2
|
|switch|p1a: Scizor|Scizor, M|343\/343
|detailschange|p2a: Lopunny|Lopunny-Mega, M
|-mega|p2a: Lopunny|Lopunny|Lopunnite
|move|p2a: Lopunny|Fake Out|p1a: Scizor
|-resisted|p1a: Scizor
|-damage|p1a: Scizor|309\/343
|
|turn|3
|
|switch|p2a: Landorus-Therian|Landorus-Therian, M|5\/381
|-ability|p2a: Landorus-Therian|Intimidate|[of] p1a: Scizor
|-unboost|p1a: Scizor|atk|1
|detailschange|p1a: Scizor|Scizor-Mega, M
|-mega|p1a: Scizor|Scizor|Scizorite
|move|p1a: Scizor|Bullet Punch|p2a: Landorus-Therian
|-damage|p2a: Landorus-Therian|0 fnt
|faint|p2a: Landorus-Therian
|
|
|switch|p2a: Lopunny|Lopunny-Mega, M|272\/272
|turn|4
|
|move|p2a: Lopunny|High Jump Kick|p1a: Scizor
|-damage|p1a: Scizor|144\/343
|move|p1a: Scizor|Swords Dance|p1a: Scizor
|-boost|p1a: Scizor|atk|2
|
|turn|5
|
|move|p1a: Scizor|Bullet Punch|p2a: Lopunny
|-damage|p2a: Lopunny|52\/272
|move|p2a: Lopunny|High Jump Kick|p1a: Scizor
|-damage|p1a: Scizor|0 fnt
|faint|p1a: Scizor
|
|
|switch|p1a: Lucario|Lucario, F|282\/282
|turn|6
|
|switch|p2a: Thundurus|Thundurus, M|300\/300
|move|p1a: Lucario|Extreme Speed|p2a: Thundurus
|-damage|p2a: Thundurus|132\/300
|-damage|p1a: Lucario|254\/282|[from] item: Life Orb
|
|turn|7
|
|move|p1a: Lucario|Extreme Speed|p2a: Thundurus
|-damage|p2a: Thundurus|0 fnt
|-damage|p1a: Lucario|226\/282|[from] item: Life Orb
|faint|p2a: Thundurus
|
|
|switch|p2a: Conkeldurr|Conkeldurr, F|413\/413
|turn|8
|
|switch|p1a: Staraptor|Staraptor, F|312\/312
|move|p2a: Conkeldurr|Knock Off|p1a: Staraptor
|-damage|p1a: Staraptor|122\/312
|-enditem|p1a: Staraptor|Choice Scarf|[from] move: Knock Off|[of] p2a: Conkeldurr
|
|turn|9
|
|switch|p2a: Latias|Latias, F|302\/302
|move|p1a: Staraptor|Brave Bird|p2a: Latias
|-damage|p2a: Latias|10\/302
|-damage|p1a: Staraptor|26\/312|[from] recoil|[of] p2a: Latias
|
|turn|10
|
|switch|p1a: Umbreon|Umbreon, M|394\/394
|move|p2a: Latias|Draco Meteor|p1a: Umbreon
|-damage|p1a: Umbreon|172\/394
|-unboost|p2a: Latias|spa|2
|-damage|p2a: Latias|0 fnt|[from] item: Life Orb
|faint|p2a: Latias
|
|-heal|p1a: Umbreon|196\/394|[from] item: Leftovers
|
|switch|p2a: Conkeldurr|Conkeldurr, F|413\/413
|turn|11
|
|move|p1a: Umbreon|Wish|p1a: Umbreon
|move|p2a: Conkeldurr|Drain Punch|p1a: Umbreon
|-supereffective|p1a: Umbreon
|-damage|p1a: Umbreon|0 fnt
|faint|p1a: Umbreon
|
|
|switch|p1a: Staraptor|Staraptor, F|26\/312
|turn|12
|
|switch|p1a: Latios|Latios, M|108\/302
|move|p2a: Conkeldurr|Mach Punch|p1a: Latios
|-resisted|p1a: Latios
|-damage|p1a: Latios|60\/302
|
|-heal|p1a: Latios|257\/302|[from] move: Wish|[wisher] Umbreon
|turn|13
|
|move|p1a: Latios|Psyshock|p2a: Conkeldurr
|-crit|p2a: Conkeldurr
|-supereffective|p2a: Conkeldurr
|-damage|p2a: Conkeldurr|0 fnt
|faint|p2a: Conkeldurr
|
|
|switch|p2a: Bisharp|Bisharp, M|271\/271
|turn|14
|
|switch|p1a: Staraptor|Staraptor, F|26\/312
|move|p2a: Bisharp|Swords Dance|p2a: Bisharp
|-boost|p2a: Bisharp|atk|2
|
|turn|15
|
|move|p2a: Bisharp|Sucker Punch|p1a: Staraptor
|-damage|p1a: Staraptor|0 fnt
|faint|p1a: Staraptor
|
|
|switch|p1a: Lucario|Lucario, F|226\/282
|turn|16
|
|move|p1a: Lucario|Close Combat|p2a: Bisharp
|-supereffective|p2a: Bisharp
|-enditem|p2a: Bisharp|Focus Sash
|-damage|p2a: Bisharp|1\/271
|-unboost|p1a: Lucario|def|1
|-unboost|p1a: Lucario|spd|1
|-damage|p1a: Lucario|198\/282|[from] item: Life Orb
|move|p2a: Bisharp|Knock Off|p1a: Lucario
|-crit|p1a: Lucario
|-resisted|p1a: Lucario
|-damage|p1a: Lucario|0 fnt
|-enditem|p1a: Lucario|Life Orb|[from] move: Knock Off|[of] p2a: Bisharp
|faint|p1a: Lucario
|
|
|switch|p1a: Latios|Latios, M|257\/302
|turn|17
|c|★dark08|nice
|
|move|p2a: Bisharp|Sucker Punch|p1a: Latios
|-fail|p1a: Latios
|move|p1a: Latios|Trick|p2a: Bisharp
|-activate|p1a: Latios|move: Trick|[of] p2a: Bisharp
|-item|p2a: Bisharp|Choice Specs|[from] move: Trick
|
|turn|18
|
|switch|p1a: Espeon|Espeon, M|272\/272
|move|p2a: Bisharp|Sucker Punch|p1a: Espeon
|-fail|p1a: Espeon
|
|turn|19
|
|move|p2a: Bisharp|Sucker Punch|p1a: Espeon
|-fail|p1a: Espeon
|move|p1a: Espeon|Calm Mind|p1a: Espeon
|-boost|p1a: Espeon|spa|1
|-boost|p1a: Espeon|spd|1
|
|turn|20
|
|switch|p2a: Lopunny|Lopunny-Mega, M|52\/272
|move|p1a: Espeon|Dazzling Gleam|p2a: Lopunny
|-supereffective|p2a: Lopunny
|-damage|p2a: Lopunny|0 fnt
|-damage|p1a: Espeon|245\/272|[from] item: Life Orb
|faint|p2a: Lopunny
|
|
|switch|p2a: Bisharp|Bisharp, M|1\/271
|turn|21
|
|move|p2a: Bisharp|Sucker Punch|p1a: Espeon
|-fail|p1a: Espeon
|move|p1a: Espeon|Calm Mind|p1a: Espeon
|-boost|p1a: Espeon|spa|1
|-boost|p1a: Espeon|spd|1
|
|turn|22
|c|★crackedhades|Gg
|
|move|p2a: Bisharp|Sucker Punch|p1a: Espeon
|-fail|p1a: Espeon
|move|p1a: Espeon|Calm Mind|p1a: Espeon
|-boost|p1a: Espeon|spa|1
|-boost|p1a: Espeon|spd|1
|
|turn|23
|c|★dark08|gg
|-message|crackedhades forfeited.
|leave|crackedhades
|
|win|dark08
|raw|Ladder updating...
|player|p2
|raw|dark08's rating: 1530 &rarr; <strong>1553<\/strong><br \/>(+23 for winning)
|raw|crackedhades's rating: 1588 &rarr; <strong>1564<\/strong><br \/>(-24 for losing)