|join|FlashyZoey
|join|Gaet-Kun06
|player|p1|FlashyZoey|33
|player|p2|Gaet-Kun06|163
|gametype|singles
|gen|6
|tier|OU
|rated
|clearpoke
|poke|p1|Clefable, F
|poke|p1|Keldeo
|poke|p1|Hydreigon, M
|poke|p1|Rotom-Wash
|poke|p1|Landorus-Therian, M
|poke|p1|Gardevoir, F, shiny
|poke|p2|Raikou
|poke|p2|Gliscor, F
|poke|p2|Kyurem-Black
|poke|p2|Mandibuzz, F
|poke|p2|Talonflame, M
|poke|p2|Mawile, M, shiny
|rule|Swagger Clause: Swagger is banned
|rule|Baton Pass Clause: Limit one Pokémon knowing Baton Pass
|rule|Sleep Clause Mod: Limit one foe put to sleep
|rule|Species Clause: Limit one of each Pokémon
|rule|OHKO Clause: OHKO moves are banned
|rule|Moody Clause: Moody is banned
|rule|Evasion Moves Clause: Evasion moves are banned
|rule|Endless Battle Clause: Forcing endless battles is banned
|rule|HP Percentage Mod: HP is reported as percentages
|teampreview
|
|start
|switch|p1a: Lupin|Landorus-Therian, M|381\/381
|switch|p2a: Gliscor|Gliscor, F|353\/353
|-ability|p1a: Lupin|Intimidate|[of] p2a: Gliscor
|-unboost|p2a: Gliscor|atk|1
|turn|1
|
|move|p2a: Gliscor|Taunt|p1a: Lupin
|-start|p1a: Lupin|move: Taunt
|cant|p1a: Lupin|move: Taunt|Stealth Rock
|
|-status|p2a: Gliscor|tox|[from] item: Toxic Orb
|turn|2
|
|move|p2a: Gliscor|Stealth Rock|p1a: Lupin
|-sidestart|p1: FlashyZoey|move: Stealth Rock
|move|p1a: Lupin|U-turn|p2a: Gliscor
|-resisted|p2a: Gliscor
|-damage|p2a: Gliscor|325\/353 tox
|
|switch|p1a: Bass|Keldeo|323\/323
|-damage|p1a: Bass|303\/323|[from] Stealth Rock
|
|-heal|p2a: Gliscor|353\/353 tox|[from] ability: Poison Heal
|turn|3
|
|switch|p2a: Kyurem-Black|Kyurem-Black|391\/391
|-ability|p2a: Kyurem-Black|Teravolt
|move|p1a: Bass|Scald|p2a: Kyurem-Black
|-resisted|p2a: Kyurem-Black
|-damage|p2a: Kyurem-Black|307\/391
|
|turn|4
|
|move|p1a: Bass|Secret Sword|p2a: Kyurem-Black
|-supereffective|p2a: Kyurem-Black
|-damage|p2a: Kyurem-Black|0 fnt
|faint|p2a: Kyurem-Black
|
|
|switch|p2a: Raikou|Raikou|321\/321
|-ability|p2a: Raikou|Pressure
|turn|5
|
|switch|p1a: Watson|Rotom-Wash|303\/303
|-damage|p1a: Watson|266\/303|[from] Stealth Rock
|move|p2a: Raikou|Volt Switch|p1a: Watson
|-damage|p1a: Watson|182\/303
|
|switch|p2a: Talonflame|Talonflame, M|297\/297
|
|-heal|p1a: Watson|200\/303|[from] item: Leftovers
|turn|6
|
|move|p2a: Talonflame|U-turn|p1a: Watson
|-damage|p1a: Watson|105\/303
|
|switch|p2a: Raikou|Raikou|321\/321
|-ability|p2a: Raikou|Pressure
|move|p1a: Watson|Hydro Pump|p2a: Raikou|[miss]
|-miss|p1a: Watson|p2a: Raikou
|
|-heal|p1a: Watson|123\/303|[from] item: Leftovers
|turn|7
|
|move|p2a: Raikou|Thunderbolt|p1a: Watson
|-damage|p1a: Watson|23\/303
|move|p1a: Watson|Pain Split|p2a: Raikou
|-sethp|p2a: Raikou|172\/321|p1a: Watson|172\/303|[from] move: Pain Split
|
|-heal|p1a: Watson|190\/303|[from] item: Leftovers
|turn|8
|
|move|p2a: Raikou|Volt Switch|p1a: Watson
|-damage|p1a: Watson|117\/303
|
|switch|p2a: Mandibuzz|Mandibuzz, F|423\/423
|move|p1a: Watson|Hydro Pump|p2a: Mandibuzz
|-crit|p2a: Mandibuzz
|-damage|p2a: Mandibuzz|219\/423
|
|-heal|p1a: Watson|135\/303|[from] item: Leftovers
|-heal|p2a: Mandibuzz|245\/423|[from] item: Leftovers
|turn|9
|
|move|p1a: Watson|Will-O-Wisp|p2a: Mandibuzz
|-status|p2a: Mandibuzz|brn
|move|p2a: Mandibuzz|Knock Off|p1a: Watson
|-damage|p1a: Watson|98\/303
|-enditem|p1a: Watson|Leftovers|[from] move: Knock Off|[of] p2a: Mandibuzz
|
|-heal|p2a: Mandibuzz|271\/423 brn|[from] item: Leftovers
|-damage|p2a: Mandibuzz|219\/423 brn|[from] brn
|turn|10
|
|move|p1a: Watson|Pain Split|p2a: Mandibuzz
|-sethp|p2a: Mandibuzz|158\/423 brn|p1a: Watson|158\/303|[from] move: Pain Split
|move|p2a: Mandibuzz|Roost|p2a: Mandibuzz
|-heal|p2a: Mandibuzz|370\/423 brn
|
|-heal|p2a: Mandibuzz|396\/423 brn|[from] item: Leftovers
|-damage|p2a: Mandibuzz|344\/423 brn|[from] brn
|turn|11
|
|move|p1a: Watson|Volt Switch|p2a: Mandibuzz
|-supereffective|p2a: Mandibuzz
|-damage|p2a: Mandibuzz|164\/423 brn
|
|switch|p1a: Lupin|Landorus-Therian, M|381\/381
|-damage|p1a: Lupin|334\/381|[from] Stealth Rock
|-ability|p1a: Lupin|Intimidate|[of] p2a: Mandibuzz
|-unboost|p2a: Mandibuzz|atk|1
|move|p2a: Mandibuzz|Taunt|p1a: Lupin
|-start|p1a: Lupin|move: Taunt
|
|-heal|p1a: Lupin|357\/381|[from] item: Leftovers
|-heal|p2a: Mandibuzz|190\/423 brn|[from] item: Leftovers
|-damage|p2a: Mandibuzz|138\/423 brn|[from] brn
|turn|12
|
|move|p1a: Lupin|Stone Edge|p2a: Mandibuzz|[miss]
|-miss|p1a: Lupin|p2a: Mandibuzz
|move|p2a: Mandibuzz|Roost|p2a: Mandibuzz
|-heal|p2a: Mandibuzz|350\/423 brn
|
|-heal|p1a: Lupin|380\/381|[from] item: Leftovers
|-heal|p2a: Mandibuzz|376\/423 brn|[from] item: Leftovers
|-damage|p2a: Mandibuzz|324\/423 brn|[from] brn
|turn|13
|
|switch|p2a: Gliscor|Gliscor, F|353\/353 tox
|move|p1a: Lupin|U-turn|p2a: Gliscor
|-resisted|p2a: Gliscor
|-damage|p2a: Gliscor|321\/353 tox
|
|switch|p1a: Bass|Keldeo|303\/323
|-damage|p1a: Bass|283\/323|[from] Stealth Rock
|
|-heal|p2a: Gliscor|353\/353 tox|[from] ability: Poison Heal
|turn|14
|
|switch|p2a: Mandibuzz|Mandibuzz, F|324\/423 brn
|move|p1a: Bass|Scald|p2a: Mandibuzz
|-damage|p2a: Mandibuzz|180\/423 brn
|
|-heal|p2a: Mandibuzz|206\/423 brn|[from] item: Leftovers
|-damage|p2a: Mandibuzz|154\/423 brn|[from] brn
|turn|15
|
|move|p1a: Bass|Calm Mind|p1a: Bass
|-boost|p1a: Bass|spa|1
|-boost|p1a: Bass|spd|1
|move|p2a: Mandibuzz|Knock Off|p1a: Bass
|-resisted|p1a: Bass
|-damage|p1a: Bass|262\/323
|-boost|p1a: Bass|atk|1|[from] ability: Justified
|-enditem|p1a: Bass|Lum Berry|[from] move: Knock Off|[of] p2a: Mandibuzz
|
|-heal|p2a: Mandibuzz|180\/423 brn|[from] item: Leftovers
|-damage|p2a: Mandibuzz|128\/423 brn|[from] brn
|turn|16
|
|move|p1a: Bass|Scald|p2a: Mandibuzz
|-damage|p2a: Mandibuzz|0 fnt
|faint|p2a: Mandibuzz
|
|
|switch|p2a: Talonflame|Talonflame, M|297\/297
|turn|17
|
|switch|p1a: Lupin|Landorus-Therian, M|380\/381
|-damage|p1a: Lupin|333\/381|[from] Stealth Rock
|-ability|p1a: Lupin|Intimidate|[of] p2a: Talonflame
|-unboost|p2a: Talonflame|atk|1
|move|p2a: Talonflame|U-turn|p1a: Lupin
|-resisted|p1a: Lupin
|-damage|p1a: Lupin|310\/381
|
|switch|p2a: Raikou|Raikou|172\/321
|-ability|p2a: Raikou|Pressure
|
|-heal|p1a: Lupin|333\/381|[from] item: Leftovers
|turn|18
|
|switch|p1a: Zoey|Clefable, F|393\/393
|-damage|p1a: Zoey|344\/393|[from] Stealth Rock
|move|p2a: Raikou|Hidden Power|p1a: Zoey
|-damage|p1a: Zoey|267\/393
|
|-heal|p1a: Zoey|291\/393|[from] item: Leftovers
|turn|19
|
|move|p2a: Raikou|Volt Switch|p1a: Zoey
|-damage|p1a: Zoey|176\/393
|
|switch|p2a: Mawile|Mawile, M, shiny|303\/303
|-ability|p2a: Mawile|Intimidate|[of] p1a: Zoey
|-unboost|p1a: Zoey|atk|1
|move|p1a: Zoey|Calm Mind|p1a: Zoey
|-boost|p1a: Zoey|spa|1
|-boost|p1a: Zoey|spd|1
|
|-heal|p1a: Zoey|200\/393|[from] item: Leftovers
|turn|20
|
|switch|p1a: Lupin|Landorus-Therian, M|333\/381
|-damage|p1a: Lupin|286\/381|[from] Stealth Rock
|-ability|p1a: Lupin|Intimidate|[of] p2a: Mawile
|-unboost|p2a: Mawile|atk|1
|detailschange|p2a: Mawile|Mawile-Mega, M, shiny
|message|Mawile has Mega Evolved into Mega Mawile!
|move|p2a: Mawile|Iron Head|p1a: Lupin
|-damage|p1a: Lupin|162\/381
|
|-heal|p1a: Lupin|185\/381|[from] item: Leftovers
|turn|21
|
|move|p1a: Lupin|Stealth Rock|p2a: Mawile
|-sidestart|p2: Gaet-Kun06|move: Stealth Rock
|move|p2a: Mawile|Play Rough|p1a: Lupin
|-damage|p1a: Lupin|44\/381
|
|-heal|p1a: Lupin|67\/381|[from] item: Leftovers
|turn|22
|
|switch|p1a: Zoey|Clefable, F|200\/393
|-damage|p1a: Zoey|151\/393|[from] Stealth Rock
|move|p2a: Mawile|Sucker Punch|p1a: Zoey
|-fail|p1a: Zoey
|
|-heal|p1a: Zoey|175\/393|[from] item: Leftovers
|turn|23
|
|move|p1a: Zoey|Moonlight|p1a: Zoey
|-heal|p1a: Zoey|371\/393
|move|p2a: Mawile|Iron Head|p1a: Zoey
|-supereffective|p1a: Zoey
|-damage|p1a: Zoey|0 fnt
|faint|p1a: Zoey
|
|
|switch|p1a: Watson|Rotom-Wash|158\/303
|-damage|p1a: Watson|121\/303|[from] Stealth Rock
|turn|24
|
|-singleturn|p2a: Mawile|move: Focus Punch
|move|p1a: Watson|Will-O-Wisp|p2a: Mawile
|-status|p2a: Mawile|brn
|move|p2a: Mawile|Focus Punch|p1a: Watson
|-damage|p1a: Watson|18\/303
|
|-damage|p2a: Mawile|266\/303 brn|[from] brn
|turn|25
|
|move|p1a: Watson|Pain Split|p2a: Mawile
|-sethp|p2a: Mawile|142\/303 brn|p1a: Watson|142\/303|[from] move: Pain Split
|move|p2a: Mawile|Play Rough|p1a: Watson|[miss]
|-miss|p2a: Mawile|p1a: Watson
|
|-damage|p2a: Mawile|105\/303 brn|[from] brn
|turn|26
|
|switch|p2a: Raikou|Raikou|172\/321
|-damage|p2a: Raikou|132\/321|[from] Stealth Rock
|-ability|p2a: Raikou|Pressure
|move|p1a: Watson|Hydro Pump|p2a: Raikou
|-damage|p2a: Raikou|36\/321
|
|turn|27
|
|switch|p1a: Ace|Hydreigon, M|349\/349
|-damage|p1a: Ace|306\/349|[from] Stealth Rock
|move|p2a: Raikou|Thunderbolt|p1a: Ace
|-resisted|p1a: Ace
|-damage|p1a: Ace|225\/349
|
|turn|28
|
|switch|p2a: Gliscor|Gliscor, F|353\/353 tox
|-damage|p2a: Gliscor|309\/353 tox|[from] Stealth Rock
|move|p1a: Ace|U-turn|p2a: Gliscor
|-resisted|p2a: Gliscor
|-damage|p2a: Gliscor|288\/353 tox
|
|switch|p1a: Bass|Keldeo|262\/323
|-damage|p1a: Bass|242\/323|[from] Stealth Rock
|
|-heal|p2a: Gliscor|332\/353 tox|[from] ability: Poison Heal
|turn|29
|
|switch|p2a: Mawile|Mawile-Mega, M, shiny|105\/303 brn
|-damage|p2a: Mawile|87\/303 brn|[from] Stealth Rock
|move|p1a: Bass|Scald|p2a: Mawile
|-damage|p2a: Mawile|0 fnt
|faint|p2a: Mawile
|
|
|switch|p2a: Raikou|Raikou|36\/321
|-damage|p2a: Raikou|0 fnt|[from] Stealth Rock
|faint|p2a: Raikou
|
|switch|p2a: Talonflame|Talonflame, M|297\/297
|-damage|p2a: Talonflame|149\/297|[from] Stealth Rock
|turn|30
|
|switch|p1a: Scarlet|Gardevoir, F, shiny|277\/277
|-damage|p1a: Scarlet|243\/277|[from] Stealth Rock
|-ability|p1a: Scarlet|Gale Wings|[from] ability: Trace|[of] p2a: Talonflame
|move|p2a: Talonflame|Brave Bird|p1a: Scarlet
|-damage|p1a: Scarlet|0 fnt
|-damage|p2a: Talonflame|69\/297|[from] recoil|[of] p1a: Scarlet
|faint|p1a: Scarlet
|
|
|switch|p1a: Lupin|Landorus-Therian, M|67\/381
|-damage|p1a: Lupin|20\/381|[from] Stealth Rock
|-ability|p1a: Lupin|Intimidate|[of] p2a: Talonflame
|-unboost|p2a: Talonflame|atk|1
|turn|31
|
|move|p2a: Talonflame|Brave Bird|p1a: Lupin
|-damage|p1a: Lupin|0 fnt
|-damage|p2a: Talonflame|62\/297|[from] recoil|[of] p1a: Lupin
|faint|p1a: Lupin
|
|
|switch|p1a: Watson|Rotom-Wash|142\/303
|-damage|p1a: Watson|105\/303|[from] Stealth Rock
|turn|32
|
|move|p2a: Talonflame|Brave Bird|p1a: Watson
|-resisted|p1a: Watson
|-damage|p1a: Watson|22\/303
|-damage|p2a: Talonflame|35\/297|[from] recoil|[of] p1a: Watson
|move|p1a: Watson|Volt Switch|p2a: Talonflame
|-supereffective|p2a: Talonflame
|-damage|p2a: Talonflame|0 fnt
|faint|p2a: Talonflame
|
|switch|p1a: Bass|Keldeo|242\/323
|-damage|p1a: Bass|222\/323|[from] Stealth Rock
|
|
|switch|p2a: Gliscor|Gliscor, F|332\/353 tox
|-damage|p2a: Gliscor|288\/353 tox|[from] Stealth Rock
|turn|33
|
|move|p1a: Bass|Scald|p2a: Gliscor
|-supereffective|p2a: Gliscor
|-damage|p2a: Gliscor|0 fnt
|faint|p2a: Gliscor
|
|win|FlashyZoey
|raw|Ladder updating...
|raw|FlashyZoey's rating: 1730 &rarr; <strong>1751<\/strong><br \/>(+21 for winning)
|raw|Gaet-Kun06's rating: 1745 &rarr; <strong>1724<\/strong><br \/>(-21 for losing)
|chat|FlashyZoey|gg
|chat|Gaet-Kun06|GG :)
|leave|Gaet-Kun06
|player|p2