|join|IDGAF 69
|join|Gaet-Kun06
|player|p1|IDGAF 69|99
|player|p2|Gaet-Kun06|163
|gametype|singles
|gen|6
|tier|OU
|rated
|clearpoke
|poke|p1|Mamoswine, M
|poke|p1|Ferrothorn, M
|poke|p1|Rotom-Wash
|poke|p1|Landorus-Therian, M
|poke|p1|Latios, M
|poke|p1|Gardevoir, F
|poke|p2|Lopunny, F
|poke|p2|Ferrothorn, M
|poke|p2|Greninja, F, shiny
|poke|p2|Slowbro, M
|poke|p2|Landorus, M
|poke|p2|Raikou
|rule|Swagger Clause: Swagger is banned
|rule|Baton Pass Clause: Limit one Pokémon knowing Baton Pass
|rule|Sleep Clause Mod: Limit one foe put to sleep
|rule|Species Clause: Limit one of each Pokémon
|rule|OHKO Clause: OHKO moves are banned
|rule|Moody Clause: Moody is banned
|rule|Evasion Moves Clause: Evasion moves are banned
|rule|Endless Battle Clause: Forcing endless battles is banned
|rule|HP Percentage Mod: HP is shown in percentages
|teampreview
|
|start
|switch|p1a: Landorus-Therian|Landorus-Therian, M|320\/320
|switch|p2a: Lopunny|Lopunny, F|272\/272
|-ability|p1a: Landorus-Therian|Intimidate|[of] p2a: Lopunny
|-unboost|p2a: Lopunny|atk|1
|turn|1
|
|switch|p1a: Ferrothorn|Ferrothorn, M|352\/352
|detailschange|p2a: Lopunny|Lopunny-Mega, F
|message|Lopunny has Mega Evolved into Mega Lopunny!
|move|p2a: Lopunny|Fake Out|p1a: Ferrothorn
|-resisted|p1a: Ferrothorn
|-damage|p1a: Ferrothorn|338\/352
|-damage|p2a: Lopunny|238\/272|[from] ability: Iron Barbs|[of] p1a: Ferrothorn
|-damage|p2a: Lopunny|193\/272|[from] item: Rocky Helmet|[of] p1a: Ferrothorn
|
|turn|2
|
|switch|p2a: Landorus|Landorus, M|319\/319
|switch|p1a: Mamoswine|Mamoswine, M|424\/424
|
|turn|3
|
|switch|p2a: Slowbro|Slowbro, M|394\/394
|move|p1a: Mamoswine|Ice Shard|p2a: Slowbro
|-resisted|p2a: Slowbro
|-damage|p2a: Slowbro|368\/394
|
|turn|4
|
|move|p1a: Mamoswine|Stealth Rock|p2a: Slowbro
|-sidestart|p2: Gaet-Kun06|move: Stealth Rock
|move|p2a: Slowbro|Scald|p1a: Mamoswine
|-supereffective|p1a: Mamoswine
|-damage|p1a: Mamoswine|152\/424
|
|turn|5
|
|switch|p1a: Ferrothorn|Ferrothorn, M|338\/352
|move|p2a: Slowbro|Scald|p1a: Ferrothorn
|-resisted|p1a: Ferrothorn
|-damage|p1a: Ferrothorn|293\/352
|
|turn|6
|
|switch|p2a: Landorus|Landorus, M|319\/319
|-damage|p2a: Landorus|280\/319|[from] Stealth Rock
|move|p1a: Ferrothorn|Toxic|p2a: Landorus|[miss]
|-miss|p1a: Ferrothorn|p2a: Landorus
|
|turn|7
|
|move|p2a: Landorus|Focus Blast|p1a: Ferrothorn
|-supereffective|p1a: Ferrothorn
|-damage|p1a: Ferrothorn|0 fnt
|faint|p1a: Ferrothorn
|
|
|switch|p1a: Mamoswine|Mamoswine, M|152\/424
|turn|8
|
|switch|p2a: Slowbro|Slowbro, M|394\/394
|-damage|p2a: Slowbro|345\/394|[from] Stealth Rock
|move|p1a: Mamoswine|Ice Shard|p2a: Slowbro
|-resisted|p2a: Slowbro
|-damage|p2a: Slowbro|316\/394
|
|turn|9
|
|switch|p1a: Rotom-Wash|Rotom-Wash|304\/304
|move|p2a: Slowbro|Scald|p1a: Rotom-Wash
|-resisted|p1a: Rotom-Wash
|-damage|p1a: Rotom-Wash|274\/304
|
|-heal|p1a: Rotom-Wash|293\/304|[from] item: Leftovers
|turn|10
|
|switch|p2a: Raikou|Raikou|322\/322
|-damage|p2a: Raikou|282\/322|[from] Stealth Rock
|-ability|p2a: Raikou|Pressure
|move|p1a: Rotom-Wash|Will-O-Wisp|p2a: Raikou
|-status|p2a: Raikou|brn
|
|-heal|p1a: Rotom-Wash|304\/304|[from] item: Leftovers
|-damage|p2a: Raikou|242\/322 brn|[from] brn
|turn|11
|
|move|p2a: Raikou|Hidden Power|p1a: Rotom-Wash
|-resisted|p1a: Rotom-Wash
|-damage|p1a: Rotom-Wash|281\/304
|move|p1a: Rotom-Wash|Volt Switch|p2a: Raikou
|-resisted|p2a: Raikou
|-damage|p2a: Raikou|213\/322 brn
|
|switch|p1a: Gardevoir|Gardevoir, F|277\/277
|
|-damage|p2a: Raikou|173\/322 brn|[from] brn
|turn|12
|
|detailschange|p1a: Gardevoir|Gardevoir-Mega, F
|message|Gardevoir has Mega Evolved into Mega Gardevoir!
|move|p2a: Raikou|Volt Switch|p1a: Gardevoir
|-damage|p1a: Gardevoir|186\/277
|
|switch|p2a: Ferrothorn|Ferrothorn, M|352\/352
|-damage|p2a: Ferrothorn|330\/352|[from] Stealth Rock
|move|p1a: Gardevoir|Hyper Voice|p2a: Ferrothorn
|-resisted|p2a: Ferrothorn
|-damage|p2a: Ferrothorn|227\/352
|
|turn|13
|
|move|p1a: Gardevoir|Hidden Power|p2a: Ferrothorn
|-supereffective|p2a: Ferrothorn
|-damage|p2a: Ferrothorn|0 fnt
|faint|p2a: Ferrothorn
|
|
|switch|p2a: Greninja|Greninja, F, shiny|285\/285
|-damage|p2a: Greninja|250\/285|[from] Stealth Rock
|turn|14
|
|switch|p1a: Mamoswine|Mamoswine, M|152\/424
|move|p2a: Greninja|Gunk Shot|p1a: Mamoswine
|-start|p2a: Greninja|typechange|Poison|[from] Protean
|-resisted|p1a: Mamoswine
|-damage|p1a: Mamoswine|39\/424
|-status|p1a: Mamoswine|psn
|-damage|p2a: Greninja|222\/285|[from] item: Life Orb
|
|-damage|p1a: Mamoswine|0 fnt|[from] psn
|faint|p1a: Mamoswine
|
|switch|p1a: Landorus-Therian|Landorus-Therian, M|320\/320
|-ability|p1a: Landorus-Therian|Intimidate|[of] p2a: Greninja
|-unboost|p2a: Greninja|atk|1
|turn|15
|
|switch|p2a: Slowbro|Slowbro, M|394\/394
|-damage|p2a: Slowbro|345\/394|[from] Stealth Rock
|move|p1a: Landorus-Therian|U-turn|p2a: Slowbro
|-supereffective|p2a: Slowbro
|-damage|p2a: Slowbro|211\/394
|-damage|p1a: Landorus-Therian|267\/320|[from] item: Rocky Helmet|[of] p2a: Slowbro
|
|switch|p1a: Gardevoir|Gardevoir-Mega, F|186\/277
|
|turn|16
|
|move|p1a: Gardevoir|Hyper Voice|p2a: Slowbro
|-damage|p2a: Slowbro|0 fnt
|faint|p2a: Slowbro
|
|
|switch|p2a: Landorus|Landorus, M|280\/319
|-damage|p2a: Landorus|241\/319|[from] Stealth Rock
|turn|17
|
|switch|p1a: Latios|Latios, M|302\/302
|move|p2a: Landorus|Knock Off|p1a: Latios
|-crit|p1a: Latios
|-supereffective|p1a: Latios
|-damage|p1a: Latios|0 fnt
|-enditem|p1a: Latios|Life Orb|[from] move: Knock Off|[of] p2a: Landorus
|-damage|p2a: Landorus|210\/319|[from] item: Life Orb
|faint|p1a: Latios
|
|
|switch|p1a: Rotom-Wash|Rotom-Wash|281\/304
|turn|18
|
|switch|p2a: Raikou|Raikou|173\/322 brn
|-damage|p2a: Raikou|133\/322 brn|[from] Stealth Rock
|-ability|p2a: Raikou|Pressure
|move|p1a: Rotom-Wash|Hydro Pump|p2a: Raikou
|-damage|p2a: Raikou|49\/322 brn
|
|-heal|p1a: Rotom-Wash|300\/304|[from] item: Leftovers
|-damage|p2a: Raikou|9\/322 brn|[from] brn
|turn|19
|
|switch|p1a: Landorus-Therian|Landorus-Therian, M|267\/320
|-ability|p1a: Landorus-Therian|Intimidate|[of] p2a: Raikou
|-unboost|p2a: Raikou|atk|1
|move|p2a: Raikou|Hidden Power|p1a: Landorus-Therian
|-supereffective|p1a: Landorus-Therian
|-damage|p1a: Landorus-Therian|0 fnt
|faint|p1a: Landorus-Therian
|
|-damage|p2a: Raikou|0 fnt|[from] brn
|faint|p2a: Raikou
|
|switch|p2a: Greninja|Greninja, F, shiny|222\/285
|switch|p1a: Rotom-Wash|Rotom-Wash|300\/304
|-damage|p2a: Greninja|187\/285|[from] Stealth Rock
|turn|20
|
|move|p2a: Greninja|Dark Pulse|p1a: Rotom-Wash
|-start|p2a: Greninja|typechange|Dark|[from] Protean
|-damage|p1a: Rotom-Wash|193\/304
|-damage|p2a: Greninja|159\/285|[from] item: Life Orb
|move|p1a: Rotom-Wash|Hydro Pump|p2a: Greninja
|-damage|p2a: Greninja|0 fnt
|faint|p2a: Greninja
|
|-heal|p1a: Rotom-Wash|212\/304|[from] item: Leftovers
|
|switch|p2a: Lopunny|Lopunny-Mega, F|193\/272
|-damage|p2a: Lopunny|176\/272|[from] Stealth Rock
|turn|21
|
|move|p2a: Lopunny|Fake Out|p1a: Rotom-Wash
|-damage|p1a: Rotom-Wash|139\/304
|cant|p1a: Rotom-Wash|flinch
|
|-heal|p1a: Rotom-Wash|158\/304|[from] item: Leftovers
|turn|22
|
|move|p2a: Lopunny|High Jump Kick|p1a: Rotom-Wash
|-damage|p1a: Rotom-Wash|0 fnt
|faint|p1a: Rotom-Wash
|
|
|switch|p1a: Gardevoir|Gardevoir-Mega, F|186\/277
|turn|23
|
|move|p2a: Lopunny|Return|p1a: Gardevoir
|-damage|p1a: Gardevoir|0 fnt
|faint|p1a: Gardevoir
|
|win|Gaet-Kun06
|raw|Ladder updating...
|leave|IDGAF 69
|player|p1
|raw|IDGAF 69's rating: 1462 &rarr; <strong>1444<\/strong><br \/>(-18 for losing)
|raw|Gaet-Kun06's rating: 1494 &rarr; <strong>1512<\/strong><br \/>(+18 for winning)