|join|Call me 911
|join|Louisxd
|player|p1|Call me 911|239
|player|p2|Louisxd|165
|gametype|singles
|gen|6
|tier|OU
|rated
|clearpoke
|poke|p1|Landorus-Therian, M
|poke|p1|Hydreigon, F
|poke|p1|Gardevoir, F
|poke|p1|Rotom-Wash
|poke|p1|Conkeldurr, F
|poke|p1|Jirachi
|poke|p2|Bisharp, M
|poke|p2|Keldeo
|poke|p2|Gardevoir, F
|poke|p2|Ferrothorn, M
|poke|p2|Gliscor, M
|poke|p2|Zapdos
|rule|Swagger Clause: Swagger is banned
|rule|Baton Pass Clause: Limit one Pokémon knowing Baton Pass
|rule|Sleep Clause Mod: Limit one foe put to sleep
|rule|Species Clause: Limit one of each Pokémon
|rule|OHKO Clause: OHKO moves are banned
|rule|Moody Clause: Moody is banned
|rule|Evasion Moves Clause: Evasion moves are banned
|rule|Endless Battle Clause: Forcing endless battles is banned
|rule|HP Percentage Mod: HP is shown in percentages
|teampreview
|
|start
|switch|p1a: MACHA-NO|Conkeldurr, F|401\/401
|switch|p2a: Drug addicted|Gliscor, M|352\/352
|turn|1
|
|switch|p2a: Thorny|Ferrothorn, M|352\/352
|move|p1a: MACHA-NO|Ice Punch|p2a: Thorny
|-damage|p2a: Thorny|286\/352
|-damage|p1a: MACHA-NO|351\/401|[from] ability: Iron Barbs|[of] p2a: Thorny
|
|-heal|p2a: Thorny|308\/352|[from] item: Leftovers
|turn|2
|
|switch|p2a: Gardevoir|Gardevoir, F|277\/277
|-ability|p2a: Gardevoir|Guts|[from] ability: Trace|[of] p1a: MACHA-NO
|move|p1a: MACHA-NO|Drain Punch|p2a: Gardevoir
|-resisted|p2a: Gardevoir
|-damage|p2a: Gardevoir|229\/277
|-heal|p1a: MACHA-NO|375\/401|[from] drain|[of] p2a: Gardevoir
|
|turn|3
|
|switch|p1a: Jirachi|Jirachi|371\/371
|detailschange|p2a: Gardevoir|Gardevoir-Mega, F
|message|Gardevoir has Mega Evolved into Mega Gardevoir!
|move|p2a: Gardevoir|Psyshock|p1a: Jirachi
|-resisted|p1a: Jirachi
|-damage|p1a: Jirachi|327\/371
|
|-heal|p1a: Jirachi|350\/371|[from] item: Leftovers
|turn|4
|
|switch|p2a: Thorny|Ferrothorn, M|308\/352
|move|p1a: Jirachi|Stealth Rock|p2a: Thorny
|-sidestart|p2: Louisxd|move: Stealth Rock
|
|-heal|p1a: Jirachi|371\/371|[from] item: Leftovers
|-heal|p2a: Thorny|330\/352|[from] item: Leftovers
|turn|5
|
|switch|p1a: Trident|Hydreigon, F|325\/325
|move|p2a: Thorny|Stealth Rock|p1a: Trident
|-sidestart|p1: Call me 911|move: Stealth Rock
|
|-heal|p2a: Thorny|352\/352|[from] item: Leftovers
|turn|6
|
|switch|p2a: Keldeo|Keldeo|323\/323
|-damage|p2a: Keldeo|303\/323|[from] Stealth Rock
|move|p1a: Trident|Fire Blast|p2a: Keldeo
|-resisted|p2a: Keldeo
|-damage|p2a: Keldeo|209\/323
|-damage|p1a: Trident|293\/325|[from] item: Life Orb
|
|turn|7
|
|switch|p1a: BubbleD|Rotom-Wash|293\/293
|-damage|p1a: BubbleD|257\/293|[from] Stealth Rock
|move|p2a: Keldeo|Secret Sword|p1a: BubbleD
|-damage|p1a: BubbleD|109\/293
|
|-heal|p1a: BubbleD|127\/293|[from] item: Leftovers
|turn|8
|
|switch|p2a: Drug addicted|Gliscor, M|352\/352
|-damage|p2a: Drug addicted|308\/352|[from] Stealth Rock
|move|p1a: BubbleD|Volt Switch|p2a: Drug addicted
|-immune|p2a: Drug addicted|[msg]
|
|-heal|p1a: BubbleD|145\/293|[from] item: Leftovers
|-status|p2a: Drug addicted|tox|[from] item: Toxic Orb
|turn|9
|
|switch|p2a: Thorny|Ferrothorn, M|352\/352
|-damage|p2a: Thorny|330\/352|[from] Stealth Rock
|move|p1a: BubbleD|Pain Split|p2a: Thorny
|-sethp|p2a: Thorny|237\/352|p1a: BubbleD|237\/293|[from] move: Pain Split
|
|-heal|p1a: BubbleD|255\/293|[from] item: Leftovers
|-heal|p2a: Thorny|259\/352|[from] item: Leftovers
|turn|10
|
|move|p1a: BubbleD|Will-O-Wisp|p2a: Thorny|[miss]
|-miss|p1a: BubbleD|p2a: Thorny
|move|p2a: Thorny|Leech Seed|p1a: BubbleD
|-start|p1a: BubbleD|move: Leech Seed
|
|-heal|p1a: BubbleD|273\/293|[from] item: Leftovers
|-heal|p2a: Thorny|281\/352|[from] item: Leftovers
|-damage|p1a: BubbleD|237\/293|[from] Leech Seed|[of] p2a: Thorny
|-heal|p2a: Thorny|317\/352|[silent]
|turn|11
|
|move|p2a: Thorny|Protect|p2a: Thorny
|-singleturn|p2a: Thorny|Protect
|move|p1a: BubbleD|Volt Switch|p2a: Thorny
|-activate|p2a: Thorny|Protect
|
|-heal|p1a: BubbleD|255\/293|[from] item: Leftovers
|-heal|p2a: Thorny|339\/352|[from] item: Leftovers
|-damage|p1a: BubbleD|219\/293|[from] Leech Seed|[of] p2a: Thorny
|-heal|p2a: Thorny|352\/352|[silent]
|turn|12
|
|switch|p1a: Trident|Hydreigon, F|293\/325
|-damage|p1a: Trident|253\/325|[from] Stealth Rock
|switch|p2a: Drug addicted|Gliscor, M|308\/352 tox
|-damage|p2a: Drug addicted|264\/352 tox|[from] Stealth Rock
|
|-heal|p2a: Drug addicted|308\/352 tox|[from] ability: Poison Heal
|turn|13
|
|move|p1a: Trident|Dark Pulse|p2a: Drug addicted
|-damage|p2a: Drug addicted|143\/352 tox
|-damage|p1a: Trident|221\/325|[from] item: Life Orb
|move|p2a: Drug addicted|Roost|p2a: Drug addicted
|-heal|p2a: Drug addicted|319\/352 tox
|
|-heal|p2a: Drug addicted|352\/352 tox|[from] ability: Poison Heal
|turn|14
|
|move|p1a: Trident|Dark Pulse|p2a: Drug addicted
|-damage|p2a: Drug addicted|179\/352 tox
|-damage|p1a: Trident|189\/325|[from] item: Life Orb
|move|p2a: Drug addicted|Roost|p2a: Drug addicted
|-heal|p2a: Drug addicted|352\/352 tox
|
|turn|15
|
|switch|p1a: MACHA-NO|Conkeldurr, F|375\/401
|-damage|p1a: MACHA-NO|350\/401|[from] Stealth Rock
|move|p2a: Drug addicted|Toxic|p1a: MACHA-NO
|-status|p1a: MACHA-NO|tox
|
|-damage|p1a: MACHA-NO|325\/401 tox|[from] psn
|turn|16
|
|switch|p2a: Thorny|Ferrothorn, M|352\/352
|-damage|p2a: Thorny|330\/352|[from] Stealth Rock
|move|p1a: MACHA-NO|Ice Punch|p2a: Thorny
|-damage|p2a: Thorny|228\/352
|-damage|p1a: MACHA-NO|275\/401 tox|[from] ability: Iron Barbs|[of] p2a: Thorny
|
|-heal|p2a: Thorny|250\/352|[from] item: Leftovers
|-damage|p1a: MACHA-NO|225\/401 tox|[from] psn
|turn|17
|
|switch|p1a: Trident|Hydreigon, F|189\/325
|-damage|p1a: Trident|149\/325|[from] Stealth Rock
|move|p2a: Thorny|Protect|p2a: Thorny
|-fail|p2a: Thorny
|
|-heal|p2a: Thorny|272\/352|[from] item: Leftovers
|turn|18
|
|switch|p2a: Keldeo|Keldeo|209\/323
|-damage|p2a: Keldeo|189\/323|[from] Stealth Rock
|move|p1a: Trident|Draco Meteor|p2a: Keldeo
|-damage|p2a: Keldeo|0 fnt
|-unboost|p1a: Trident|spa|2
|-damage|p1a: Trident|117\/325|[from] item: Life Orb
|faint|p2a: Keldeo
|
|
|switch|p2a: Gardevoir|Gardevoir-Mega, F|229\/277
|-damage|p2a: Gardevoir|195\/277|[from] Stealth Rock
|turn|19
|
|switch|p1a: Jirachi|Jirachi|371\/371
|-damage|p1a: Jirachi|348\/371|[from] Stealth Rock
|move|p2a: Gardevoir|Hyper Voice|p1a: Jirachi
|-resisted|p1a: Jirachi
|-damage|p1a: Jirachi|258\/371
|
|-heal|p1a: Jirachi|281\/371|[from] item: Leftovers
|turn|20
|
|switch|p2a: Bisharp|Bisharp, M|271\/271
|-damage|p2a: Bisharp|255\/271|[from] Stealth Rock
|switch|p1a: MACHA-NO|Conkeldurr, F|225\/401 tox
|-damage|p1a: MACHA-NO|200\/401 tox|[from] Stealth Rock
|
|-damage|p1a: MACHA-NO|175\/401 tox|[from] psn
|turn|21
|
|switch|p2a: Zapdos|Zapdos|384\/384
|-damage|p2a: Zapdos|288\/384|[from] Stealth Rock
|-ability|p2a: Zapdos|Pressure
|move|p1a: MACHA-NO|Ice Punch|p2a: Zapdos
|-supereffective|p2a: Zapdos
|-damage|p2a: Zapdos|26\/384
|
|-heal|p2a: Zapdos|50\/384|[from] item: Leftovers
|-damage|p1a: MACHA-NO|125\/401 tox|[from] psn
|turn|22
|join|OO-GOON
|
|move|p2a: Zapdos|Roost|p2a: Zapdos
|-heal|p2a: Zapdos|242\/384
|move|p1a: MACHA-NO|Drain Punch|p2a: Zapdos
|-damage|p2a: Zapdos|44\/384
|-heal|p1a: MACHA-NO|224\/401 tox|[from] drain|[of] p2a: Zapdos
|
|-heal|p2a: Zapdos|68\/384|[from] item: Leftovers
|-damage|p1a: MACHA-NO|149\/401 tox|[from] psn
|turn|23
|
|move|p2a: Zapdos|Defog|p1a: MACHA-NO
|-unboost|p1a: MACHA-NO|evasion|1
|-sideend|p1: Call me 911|Stealth Rock|[from] move: Defog|[of] p1a: MACHA-NO
|-sideend|p2: Louisxd|Stealth Rock|[from] move: Defog|[of] p2a: Zapdos
|move|p1a: MACHA-NO|Drain Punch|p2a: Zapdos
|-resisted|p2a: Zapdos
|-damage|p2a: Zapdos|0 fnt
|-heal|p1a: MACHA-NO|183\/401 tox|[from] drain|[of] p2a: Zapdos
|faint|p2a: Zapdos
|
|-damage|p1a: MACHA-NO|83\/401 tox|[from] psn
|
|switch|p2a: Gardevoir|Gardevoir-Mega, F|195\/277
|turn|24
|
|switch|p2a: Bisharp|Bisharp, M|255\/271
|move|p1a: MACHA-NO|Drain Punch|p2a: Bisharp
|-supereffective|p2a: Bisharp
|-damage|p2a: Bisharp|0 fnt
|-heal|p1a: MACHA-NO|211\/401 tox|[from] drain|[of] p2a: Bisharp
|faint|p2a: Bisharp
|
|-damage|p1a: MACHA-NO|86\/401 tox|[from] psn
|
|switch|p2a: Gardevoir|Gardevoir-Mega, F|195\/277
|turn|25
|
|switch|p1a: Jirachi|Jirachi|281\/371
|move|p2a: Gardevoir|Focus Blast|p1a: Jirachi
|-damage|p1a: Jirachi|155\/371
|
|-heal|p1a: Jirachi|178\/371|[from] item: Leftovers
|turn|26
|
|move|p2a: Gardevoir|Hyper Voice|p1a: Jirachi
|-crit|p1a: Jirachi
|-resisted|p1a: Jirachi
|-damage|p1a: Jirachi|38\/371
|move|p1a: Jirachi|U-turn|p2a: Gardevoir
|-damage|p2a: Gardevoir|109\/277
|
|switch|p1a: Manditory in OU|Landorus-Therian, M|321\/321
|-ability|p1a: Manditory in OU|Intimidate|[of] p2a: Gardevoir
|-unboost|p2a: Gardevoir|atk|1
|
|turn|27
|
|switch|p2a: Thorny|Ferrothorn, M|272\/352
|move|p1a: Manditory in OU|Earthquake|p2a: Thorny
|-damage|p2a: Thorny|131\/352
|
|-heal|p2a: Thorny|153\/352|[from] item: Leftovers
|turn|28
|
|move|p1a: Manditory in OU|Earthquake|p2a: Thorny
|-damage|p2a: Thorny|6\/352
|move|p2a: Thorny|Stealth Rock|p1a: Manditory in OU
|-sidestart|p1: Call me 911|move: Stealth Rock
|
|-heal|p2a: Thorny|28\/352|[from] item: Leftovers
|turn|29
|
|switch|p1a: Trident|Hydreigon, F|117\/325
|-damage|p1a: Trident|77\/325|[from] Stealth Rock
|switch|p2a: Drug addicted|Gliscor, M|352\/352 tox
|
|turn|30
|
|move|p1a: Trident|Dark Pulse|p2a: Drug addicted
|-crit|p2a: Drug addicted
|-damage|p2a: Drug addicted|89\/352 tox
|-damage|p1a: Trident|45\/325|[from] item: Life Orb
|move|p2a: Drug addicted|Toxic|p1a: Trident
|-status|p1a: Trident|tox
|
|-damage|p1a: Trident|25\/325 tox|[from] psn
|-heal|p2a: Drug addicted|133\/352 tox|[from] ability: Poison Heal
|turn|31
|
|switch|p2a: Thorny|Ferrothorn, M|28\/352
|move|p1a: Trident|Dark Pulse|p2a: Thorny
|-crit|p2a: Thorny
|-damage|p2a: Thorny|0 fnt
|-damage|p1a: Trident|0 fnt|[from] item: Life Orb
|faint|p2a: Thorny
|faint|p1a: Trident
|
|
|switch|p2a: Gardevoir|Gardevoir-Mega, F|109\/277
|switch|p1a: Lenny|Gardevoir, F|277\/277
|-damage|p1a: Lenny|243\/277|[from] Stealth Rock
|-ability|p1a: Lenny|Pixilate|[from] ability: Trace|[of] p2a: Gardevoir
|turn|32
|
|detailschange|p1a: Lenny|Gardevoir-Mega, F
|message|Gardevoir has Mega Evolved into Mega Gardevoir!
|move|p2a: Gardevoir|Hyper Voice|p1a: Lenny
|-damage|p1a: Lenny|62\/277
|move|p1a: Lenny|Hyper Voice|p2a: Gardevoir
|-damage|p2a: Gardevoir|0 fnt
|faint|p2a: Gardevoir
|
|
|switch|p2a: Drug addicted|Gliscor, M|133\/352 tox
|turn|33
|
|move|p1a: Lenny|Hyper Voice|p2a: Drug addicted
|-damage|p2a: Drug addicted|0 fnt
|faint|p2a: Drug addicted
|
|win|Call me 911
|raw|Ladder updating...
|raw|Call me 911's rating: 1604 &rarr; <strong>1626<\/strong><br \/>(+22 for winning)
|raw|Louisxd's rating: 1633 &rarr; <strong>1611<\/strong><br \/>(-22 for losing)
|c|★Call me 911|gg