|join|smrb4fegs
|join|Louisxd
|player|p1|smrb4fegs|239
|player|p2|Louisxd|165
|gametype|singles
|gen|6
|tier|OU
|rated
|clearpoke
|poke|p1|Manectric, M
|poke|p1|Keldeo
|poke|p1|Celebi
|poke|p1|Talonflame, F
|poke|p1|Landorus, M, shiny
|poke|p1|Scizor, F
|poke|p2|Hippowdon, M
|poke|p2|Tyranitar, M
|poke|p2|Garchomp, M
|poke|p2|Excadrill, M
|poke|p2|Azumarill, F
|poke|p2|Ferrothorn, M
|rule|Swagger Clause: Swagger is banned
|rule|Baton Pass Clause: Limit one Pokémon knowing Baton Pass
|rule|Sleep Clause Mod: Limit one foe put to sleep
|rule|Species Clause: Limit one of each Pokémon
|rule|OHKO Clause: OHKO moves are banned
|rule|Moody Clause: Moody is banned
|rule|Evasion Moves Clause: Evasion moves are banned
|rule|Endless Battle Clause: Forcing endless battles is banned
|rule|HP Percentage Mod: HP is shown in percentages
|teampreview
|chat|smrb4fegs|gl hf
|chat|Louisxd|u2
|
|start
|switch|p1a: Keldeo|Keldeo|323\/323
|switch|p2a: Azumarill|Azumarill, F|388\/388
|turn|1
|
|switch|p1a: Celebi|Celebi|404\/404
|switch|p2a: Pumba|Hippowdon, M|420\/420
|-weather|Sandstorm
|
|-weather|Sandstorm|[upkeep]
|-damage|p1a: Celebi|379\/404|[from] sandstorm
|-heal|p1a: Celebi|404\/404|[from] item: Leftovers
|turn|2
|
|move|p1a: Celebi|Stealth Rock|p2a: Pumba
|-sidestart|p2: Louisxd|move: Stealth Rock
|move|p2a: Pumba|Stealth Rock|p1a: Celebi
|-sidestart|p1: smrb4fegs|move: Stealth Rock
|
|-weather|Sandstorm|[upkeep]
|-damage|p1a: Celebi|379\/404|[from] sandstorm
|-heal|p1a: Celebi|404\/404|[from] item: Leftovers
|turn|3
|
|switch|p2a: Jaws|Garchomp, M|381\/381
|-damage|p2a: Jaws|358\/381|[from] Stealth Rock
|move|p1a: Celebi|Calm Mind|p1a: Celebi
|-boost|p1a: Celebi|spa|1
|-boost|p1a: Celebi|spd|1
|
|-weather|Sandstorm|[upkeep]
|-damage|p1a: Celebi|379\/404|[from] sandstorm
|-heal|p1a: Celebi|404\/404|[from] item: Leftovers
|turn|4
|
|detailschange|p2a: Jaws|Garchomp-Mega, M
|message|Garchomp has Mega Evolved into Mega Garchomp!
|move|p2a: Jaws|Stone Edge|p1a: Celebi
|-damage|p1a: Celebi|257\/404
|move|p1a: Celebi|Giga Drain|p2a: Jaws
|-damage|p2a: Jaws|192\/381
|-heal|p1a: Celebi|340\/404|[from] drain|[of] p2a: Jaws
|
|-weather|Sandstorm|[upkeep]
|-damage|p1a: Celebi|315\/404|[from] sandstorm
|-heal|p1a: Celebi|340\/404|[from] item: Leftovers
|turn|5
|
|move|p2a: Jaws|Fire Blast|p1a: Celebi
|-crit|p1a: Celebi
|-supereffective|p1a: Celebi
|-damage|p1a: Celebi|48\/404
|move|p1a: Celebi|Baton Pass|p1a: Celebi
|
|switch|p1a: Landorus|Landorus, M, shiny|319\/319
|-damage|p1a: Landorus|280\/319|[from] Stealth Rock
|
|-weather|Sandstorm|[upkeep]
|turn|6
|
|switch|p2a: Santoryu|Excadrill, M|374\/374
|-damage|p2a: Santoryu|363\/374|[from] Stealth Rock
|-item|p2a: Santoryu|Air Balloon
|move|p1a: Landorus|Earth Power|p2a: Santoryu
|-immune|p2a: Santoryu|[msg]
|
|-weather|Sandstorm|[upkeep]
|turn|7
|
|switch|p2a: Thorny|Ferrothorn, M|352\/352
|-damage|p2a: Thorny|330\/352|[from] Stealth Rock
|move|p1a: Landorus|Superpower|p2a: Thorny
|-supereffective|p2a: Thorny
|-damage|p2a: Thorny|143\/352
|-damage|p1a: Landorus|241\/319|[from] ability: Iron Barbs|[of] p2a: Thorny
|-unboost|p1a: Landorus|atk|1
|-unboost|p1a: Landorus|def|1
|-damage|p1a: Landorus|210\/319|[from] item: Life Orb
|
|-weather|Sandstorm|[upkeep]
|-heal|p2a: Thorny|165\/352|[from] item: Leftovers
|turn|8
|
|move|p1a: Landorus|Earth Power|p2a: Thorny
|-damage|p2a: Thorny|0 fnt
|faint|p2a: Thorny
|
|-weather|none
|
|switch|p2a: Azumarill|Azumarill, F|388\/388
|-damage|p2a: Azumarill|340\/388|[from] Stealth Rock
|turn|9
|
|switch|p1a: Celebi|Celebi|48\/404
|-damage|p1a: Celebi|0 fnt|[from] Stealth Rock
|faint|p1a: Celebi
|move|p2a: Azumarill|Aqua Jet|p1: Celebi|[notarget]
|-notarget
|
|
|switch|p1a: Manectric|Manectric, M|281\/281
|-damage|p1a: Manectric|246\/281|[from] Stealth Rock
|turn|10
|
|switch|p1a: Landorus|Landorus, M, shiny|210\/319
|-damage|p1a: Landorus|171\/319|[from] Stealth Rock
|switch|p2a: Pumba|Hippowdon, M|420\/420
|-damage|p2a: Pumba|394\/420|[from] Stealth Rock
|-weather|Sandstorm
|
|-weather|Sandstorm|[upkeep]
|turn|11
|
|move|p1a: Landorus|Earth Power|p2a: Pumba
|-damage|p2a: Pumba|43\/420
|move|p2a: Pumba|Toxic|p1a: Landorus
|-status|p1a: Landorus|tox
|
|-weather|Sandstorm|[upkeep]
|-damage|p1a: Landorus|152\/319 tox|[from] psn
|turn|12
|
|move|p1a: Landorus|Hidden Power|p2a: Pumba
|-supereffective|p2a: Pumba
|-damage|p2a: Pumba|0 fnt
|-damage|p1a: Landorus|121\/319 tox|[from] item: Life Orb
|faint|p2a: Pumba
|
|-weather|Sandstorm|[upkeep]
|-damage|p1a: Landorus|83\/319 tox|[from] psn
|
|switch|p2a: Santoryu|Excadrill, M|363\/374
|-damage|p2a: Santoryu|352\/374|[from] Stealth Rock
|-item|p2a: Santoryu|Air Balloon
|turn|13
|
|switch|p1a: Scizor|Scizor, F|333\/333
|-damage|p1a: Scizor|292\/333|[from] Stealth Rock
|move|p2a: Santoryu|Iron Head|p1a: Scizor
|-resisted|p1a: Scizor
|-damage|p1a: Scizor|214\/333
|
|-weather|Sandstorm|[upkeep]
|-heal|p1a: Scizor|234\/333|[from] item: Leftovers
|turn|14
|
|switch|p2a: Jaws|Garchomp-Mega, M|192\/381
|-damage|p2a: Jaws|169\/381|[from] Stealth Rock
|move|p1a: Scizor|Bullet Punch|p2a: Jaws
|-damage|p2a: Jaws|63\/381
|
|-weather|Sandstorm|[upkeep]
|-heal|p1a: Scizor|254\/333|[from] item: Leftovers
|turn|15
|
|move|p1a: Scizor|Bullet Punch|p2a: Jaws
|-damage|p2a: Jaws|0 fnt
|faint|p2a: Jaws
|
|-weather|Sandstorm|[upkeep]
|-heal|p1a: Scizor|274\/333|[from] item: Leftovers
|
|switch|p2a: Santoryu|Excadrill, M|352\/374
|-damage|p2a: Santoryu|341\/374|[from] Stealth Rock
|-item|p2a: Santoryu|Air Balloon
|turn|16
|
|move|p1a: Scizor|Bullet Punch|p2a: Santoryu
|-resisted|p2a: Santoryu
|-damage|p2a: Santoryu|254\/374
|-enditem|p2a: Santoryu|Air Balloon
|move|p2a: Santoryu|Earthquake|p1a: Scizor
|-damage|p1a: Scizor|82\/333
|
|-weather|Sandstorm|[upkeep]
|-heal|p1a: Scizor|102\/333|[from] item: Leftovers
|turn|17
|
|move|p1a: Scizor|Bullet Punch|p2a: Santoryu
|-resisted|p2a: Santoryu
|-damage|p2a: Santoryu|173\/374
|move|p2a: Santoryu|Earthquake|p1a: Scizor
|-damage|p1a: Scizor|0 fnt
|faint|p1a: Scizor
|
|-weather|none
|
|switch|p1a: Landorus|Landorus, M, shiny|83\/319 tox
|-damage|p1a: Landorus|44\/319 tox|[from] Stealth Rock
|turn|18
|
|switch|p2a: Azumarill|Azumarill, F|340\/388
|-damage|p2a: Azumarill|292\/388|[from] Stealth Rock
|move|p1a: Landorus|Earth Power|p2a: Azumarill
|-damage|p2a: Azumarill|104\/388
|
|-damage|p1a: Landorus|25\/319 tox|[from] psn
|turn|19
|
|move|p2a: Azumarill|Aqua Jet|p1a: Landorus
|-supereffective|p1a: Landorus
|-damage|p1a: Landorus|0 fnt
|faint|p1a: Landorus
|
|
|switch|p1a: Manectric|Manectric, M|246\/281
|-damage|p1a: Manectric|211\/281|[from] Stealth Rock
|turn|20
|
|detailschange|p1a: Manectric|Manectric-Mega, M
|message|Manectric has Mega Evolved into Mega Manectric!
|-ability|p1a: Manectric|Intimidate|[of] p2a: Azumarill
|-unboost|p2a: Azumarill|atk|1
|move|p2a: Azumarill|Aqua Jet|p1a: Manectric
|-damage|p1a: Manectric|138\/281
|move|p1a: Manectric|Volt Switch|p2a: Azumarill
|-supereffective|p2a: Azumarill
|-damage|p2a: Azumarill|0 fnt
|faint|p2a: Azumarill
|
|switch|p1a: Talonflame|Talonflame, F|297\/297
|-damage|p1a: Talonflame|149\/297|[from] Stealth Rock
|
|
|switch|p2a: Godzilla|Tyranitar, M|342\/342
|-damage|p2a: Godzilla|300\/342|[from] Stealth Rock
|-weather|Sandstorm
|turn|21
|
|move|p1a: Talonflame|Tailwind|p1a: Talonflame
|-sidestart|p1: smrb4fegs|move: Tailwind
|move|p2a: Godzilla|Rock Slide|p1a: Talonflame
|-supereffective|p1a: Talonflame
|-damage|p1a: Talonflame|0 fnt
|faint|p1a: Talonflame
|
|-weather|Sandstorm|[upkeep]
|
|switch|p1a: Keldeo|Keldeo|323\/323
|-damage|p1a: Keldeo|303\/323|[from] Stealth Rock
|turn|22
|
|move|p1a: Keldeo|Secret Sword|p2a: Godzilla
|-supereffective|p2a: Godzilla
|-damage|p2a: Godzilla|0 fnt
|-damage|p1a: Keldeo|271\/323|[from] item: Life Orb
|faint|p2a: Godzilla
|
|-weather|Sandstorm|[upkeep]
|-damage|p1a: Keldeo|251\/323|[from] sandstorm
|
|switch|p2a: Santoryu|Excadrill, M|173\/374
|-damage|p2a: Santoryu|162\/374|[from] Stealth Rock
|turn|23
|
|move|p1a: Keldeo|Secret Sword|p2a: Santoryu
|-supereffective|p2a: Santoryu
|-damage|p2a: Santoryu|0 fnt
|-damage|p1a: Keldeo|219\/323|[from] item: Life Orb
|faint|p2a: Santoryu
|
|win|smrb4fegs
|raw|Ladder updating...
|raw|smrb4fegs's rating: 1648 &rarr; <strong>1668<\/strong><br \/>(+20 for winning)
|raw|Louisxd's rating: 1659 &rarr; <strong>1638<\/strong><br \/>(-21 for losing)
|chat|smrb4fegs|gg
|chat|Louisxd|gg
|leave|Louisxd
|player|p2