|join|Bundy
|join|xShiba
|player|p1|Bundy|264
|player|p2|xShiba|260
|gametype|singles
|gen|6
|tier|UU
|rated
|rule|Sleep Clause Mod: Limit one foe put to sleep
|rule|Species Clause: Limit one of each Pokémon
|rule|OHKO Clause: OHKO moves are banned
|rule|Moody Clause: Moody is banned
|rule|Evasion Moves Clause: Evasion moves are banned
|rule|Endless Battle Clause: Forcing endless battles is banned
|rule|HP Percentage Mod: HP is shown in percentages
|clearpoke
|poke|p1|Sceptile, M
|poke|p1|Feraligatr, M
|poke|p1|Infernape, M
|poke|p1|Noivern, M
|poke|p1|Milotic, F
|poke|p1|Jirachi
|poke|p2|Aerodactyl, M
|poke|p2|Hydreigon, M, shiny
|poke|p2|Porygon-Z, shiny
|poke|p2|Mienshao, M
|poke|p2|Starmie, shiny
|poke|p2|Celebi
|rule|Swagger Clause: Swagger is banned
|rule|Baton Pass Clause: Limit one Pokémon knowing Baton Pass
|teampreview
|
|start
|switch|p1a: Devil Child Robin|Milotic, F|393\/393
|switch|p2a: Floppy The God|Mienshao, M|271\/271
|turn|1
|
|move|p2a: Floppy The God|U-turn|p1a: Devil Child Robin
|-damage|p1a: Devil Child Robin|329\/393
|
|switch|p2a: Wrecking Face|Porygon-Z, shiny|311\/311
|move|p1a: Devil Child Robin|Scald|p2a: Wrecking Face
|-damage|p2a: Wrecking Face|182\/311
|
|-heal|p1a: Devil Child Robin|353\/393|[from] item: Leftovers
|turn|2
|
|switch|p1a: Tony Tony Choppah|Jirachi|404\/404
|move|p2a: Wrecking Face|Tri Attack|p1a: Tony Tony Choppah
|-resisted|p1a: Tony Tony Choppah
|-damage|p1a: Tony Tony Choppah|296\/404
|
|-heal|p1a: Tony Tony Choppah|321\/404|[from] item: Leftovers
|turn|3
|
|switch|p2a: 5-Star'd|Starmie, shiny|324\/324
|move|p1a: Tony Tony Choppah|Body Slam|p2a: 5-Star'd
|-damage|p2a: 5-Star'd|269\/324
|-status|p2a: 5-Star'd|par
|
|-heal|p1a: Tony Tony Choppah|346\/404|[from] item: Leftovers
|-heal|p2a: 5-Star'd|289\/324 par|[from] item: Leftovers
|turn|4
|
|switch|p1a: Pirate Hunter Zoro|Sceptile, M|282\/282
|cant|p2a: 5-Star'd|par
|
|-heal|p2a: 5-Star'd|309\/324 par|[from] item: Leftovers
|turn|5
|
|switch|p2a: Healthy Diet|Celebi|404\/404
|detailschange|p1a: Pirate Hunter Zoro|Sceptile-Mega, M
|message|Sceptile has Mega Evolved into Mega Sceptile!
|move|p1a: Pirate Hunter Zoro|Dragon Pulse|p2a: Healthy Diet
|-damage|p2a: Healthy Diet|272\/404
|
|turn|6
|
|move|p1a: Pirate Hunter Zoro|Dragon Pulse|p2a: Healthy Diet
|-crit|p2a: Healthy Diet
|-damage|p2a: Healthy Diet|77\/404
|move|p2a: Healthy Diet|Stealth Rock|p1a: Pirate Hunter Zoro
|-sidestart|p1: Bundy|move: Stealth Rock
|
|turn|7
|
|switch|p2a: 5-Star'd|Starmie, shiny|309\/324
|move|p1a: Pirate Hunter Zoro|Dragon Pulse|p2a: 5-Star'd
|-damage|p2a: 5-Star'd|102\/324
|
|-heal|p2a: 5-Star'd|122\/324|[from] item: Leftovers
|turn|8
|
|move|p1a: Pirate Hunter Zoro|Giga Drain|p2a: 5-Star'd
|-supereffective|p2a: 5-Star'd
|-damage|p2a: 5-Star'd|0 fnt
|faint|p2a: 5-Star'd
|
|
|switch|p2a: Floppy The God|Mienshao, M|271\/271
|turn|9
|
|switch|p1a: Devil Child Robin|Milotic, F|353\/393
|-damage|p1a: Devil Child Robin|304\/393|[from] Stealth Rock
|move|p2a: Floppy The God|U-turn|p1a: Devil Child Robin
|-damage|p1a: Devil Child Robin|235\/393
|
|switch|p2a: Healthy Diet|Celebi|77\/404
|
|-heal|p1a: Devil Child Robin|259\/393|[from] item: Leftovers
|turn|10
|
|move|p2a: Healthy Diet|Recover|p2a: Healthy Diet
|-heal|p2a: Healthy Diet|279\/404
|move|p1a: Devil Child Robin|Ice Beam|p2a: Healthy Diet
|-crit|p2a: Healthy Diet
|-supereffective|p2a: Healthy Diet
|-damage|p2a: Healthy Diet|127\/404
|-enditem|p2a: Healthy Diet|Weakness Policy
|-boost|p2a: Healthy Diet|atk|2|[from] item: Weakness Policy
|-boost|p2a: Healthy Diet|spa|2|[from] item: Weakness Policy
|
|-heal|p1a: Devil Child Robin|283\/393|[from] item: Leftovers
|turn|11
|
|switch|p1a: Thousand Sunny|Noivern, M|311\/311
|-damage|p1a: Thousand Sunny|234\/311|[from] Stealth Rock
|move|p2a: Healthy Diet|Baton Pass|p2a: Healthy Diet
|
|switch|p2a: Ultimate Terror|Aerodactyl, M|301\/301
|-ability|p2a: Ultimate Terror|Unnerve|p1: Bundy
|
|turn|12
|
|detailschange|p2a: Ultimate Terror|Aerodactyl-Mega, M
|message|Aerodactyl has Mega Evolved into Mega Aerodactyl!
|move|p1a: Thousand Sunny|Draco Meteor|p2a: Ultimate Terror
|-damage|p2a: Ultimate Terror|118\/301
|-unboost|p1a: Thousand Sunny|spa|2
|move|p2a: Ultimate Terror|Ice Fang|p1a: Thousand Sunny
|-supereffective|p1a: Thousand Sunny
|-damage|p1a: Thousand Sunny|0 fnt
|faint|p1a: Thousand Sunny
|
|
|switch|p1a: Devil Child Robin|Milotic, F|283\/393
|-damage|p1a: Devil Child Robin|234\/393|[from] Stealth Rock
|turn|13
|
|move|p2a: Ultimate Terror|Aerial Ace|p1a: Devil Child Robin
|-damage|p1a: Devil Child Robin|2\/393
|move|p1a: Devil Child Robin|Scald|p2a: Ultimate Terror
|-supereffective|p2a: Ultimate Terror
|-damage|p2a: Ultimate Terror|0 fnt
|faint|p2a: Ultimate Terror
|
|-heal|p1a: Devil Child Robin|26\/393|[from] item: Leftovers
|
|switch|p2a: Floppy The God|Mienshao, M|271\/271
|turn|14
|
|move|p2a: Floppy The God|U-turn|p1a: Devil Child Robin
|-damage|p1a: Devil Child Robin|0 fnt
|faint|p1a: Devil Child Robin
|
|switch|p2a: Healthy Diet|Celebi|127\/404
|
|
|switch|p1a: Pirate Hunter Zoro|Sceptile-Mega, M|282\/282
|-damage|p1a: Pirate Hunter Zoro|247\/282|[from] Stealth Rock
|turn|15
|
|move|p1a: Pirate Hunter Zoro|Dragon Pulse|p2a: Healthy Diet
|-damage|p2a: Healthy Diet|0 fnt
|faint|p2a: Healthy Diet
|
|
|switch|p2a: Floppy The God|Mienshao, M|271\/271
|turn|16
|
|switch|p1a: Tony Tony Choppah|Jirachi|346\/404
|-damage|p1a: Tony Tony Choppah|321\/404|[from] Stealth Rock
|move|p2a: Floppy The God|High Jump Kick|p1a: Tony Tony Choppah
|-damage|p1a: Tony Tony Choppah|35\/404
|
|-heal|p1a: Tony Tony Choppah|60\/404|[from] item: Leftovers
|turn|17
|
|move|p2a: Floppy The God|High Jump Kick|p1a: Tony Tony Choppah
|-damage|p1a: Tony Tony Choppah|0 fnt
|faint|p1a: Tony Tony Choppah
|
|
|switch|p1a: Black Leg Sanji|Feraligatr, M|318\/318
|-damage|p1a: Black Leg Sanji|279\/318|[from] Stealth Rock
|turn|18
|
|switch|p2a: Hail Hydra|Hydreigon, M, shiny|325\/325
|move|p1a: Black Leg Sanji|Waterfall|p2a: Hail Hydra
|-resisted|p2a: Hail Hydra
|-damage|p2a: Hail Hydra|231\/325
|-damage|p1a: Black Leg Sanji|248\/318|[from] item: Life Orb
|
|turn|19
|
|move|p2a: Hail Hydra|Draco Meteor|p1a: Black Leg Sanji
|-damage|p1a: Black Leg Sanji|0 fnt
|-unboost|p2a: Hail Hydra|spa|2
|-damage|p2a: Hail Hydra|199\/325|[from] item: Life Orb
|faint|p1a: Black Leg Sanji
|
|
|switch|p1a: Pirate Hunter Zoro|Sceptile-Mega, M|247\/282
|-damage|p1a: Pirate Hunter Zoro|212\/282|[from] Stealth Rock
|turn|20
|
|move|p1a: Pirate Hunter Zoro|Substitute|p1a: Pirate Hunter Zoro
|-start|p1a: Pirate Hunter Zoro|Substitute
|-damage|p1a: Pirate Hunter Zoro|142\/282
|move|p2a: Hail Hydra|Draco Meteor|p1a: Pirate Hunter Zoro
|-supereffective|p1a: Pirate Hunter Zoro
|-end|p1a: Pirate Hunter Zoro|Substitute
|-unboost|p2a: Hail Hydra|spa|2
|-damage|p2a: Hail Hydra|167\/325|[from] item: Life Orb
|
|turn|21
|
|move|p1a: Pirate Hunter Zoro|Substitute|p1a: Pirate Hunter Zoro
|-start|p1a: Pirate Hunter Zoro|Substitute
|-damage|p1a: Pirate Hunter Zoro|72\/282
|move|p2a: Hail Hydra|Draco Meteor|p1a: Pirate Hunter Zoro
|-supereffective|p1a: Pirate Hunter Zoro
|-end|p1a: Pirate Hunter Zoro|Substitute
|-unboost|p2a: Hail Hydra|spa|2
|-damage|p2a: Hail Hydra|135\/325|[from] item: Life Orb
|
|turn|22
|
|move|p1a: Pirate Hunter Zoro|Substitute|p1a: Pirate Hunter Zoro
|-start|p1a: Pirate Hunter Zoro|Substitute
|-damage|p1a: Pirate Hunter Zoro|2\/282
|move|p2a: Hail Hydra|Draco Meteor|p1a: Pirate Hunter Zoro
|-supereffective|p1a: Pirate Hunter Zoro
|-end|p1a: Pirate Hunter Zoro|Substitute
|-damage|p2a: Hail Hydra|103\/325|[from] item: Life Orb
|
|turn|23
|
|move|p1a: Pirate Hunter Zoro|Dragon Pulse|p2a: Hail Hydra
|-crit|p2a: Hail Hydra
|-supereffective|p2a: Hail Hydra
|-damage|p2a: Hail Hydra|0 fnt
|faint|p2a: Hail Hydra
|
|
|switch|p2a: Floppy The God|Mienshao, M|271\/271
|turn|24
|
|move|p2a: Floppy The God|U-turn|p1a: Pirate Hunter Zoro
|-supereffective|p1a: Pirate Hunter Zoro
|-damage|p1a: Pirate Hunter Zoro|0 fnt
|faint|p1a: Pirate Hunter Zoro
|
|switch|p2a: Wrecking Face|Porygon-Z, shiny|182\/311
|
|
|switch|p1a: Monkey D. Luffy|Infernape, M|293\/293
|-damage|p1a: Monkey D. Luffy|257\/293|[from] Stealth Rock
|turn|25
|
|move|p1a: Monkey D. Luffy|Mach Punch|p2a: Wrecking Face
|-supereffective|p2a: Wrecking Face
|-damage|p2a: Wrecking Face|0 fnt
|-damage|p1a: Monkey D. Luffy|228\/293|[from] item: Life Orb
|faint|p2a: Wrecking Face
|
|
|switch|p2a: Floppy The God|Mienshao, M|271\/271
|turn|26
|
|move|p2a: Floppy The God|High Jump Kick|p1a: Monkey D. Luffy
|-damage|p1a: Monkey D. Luffy|0 fnt
|faint|p1a: Monkey D. Luffy
|
|win|xShiba
|raw|Ladder updating...
|c|★xShiba|gg