|join|IDerpy
|join|xShiba
|player|p1|IDerpy|201
|player|p2|xShiba|260
|gametype|singles
|gen|6
|tier|UU
|rule|Sleep Clause Mod: Limit one foe put to sleep
|rule|Species Clause: Limit one of each Pokémon
|rule|OHKO Clause: OHKO moves are banned
|rule|Moody Clause: Moody is banned
|rule|Evasion Moves Clause: Evasion moves are banned
|rule|Endless Battle Clause: Forcing endless battles is banned
|rule|HP Percentage Mod: HP is shown in percentages
|clearpoke
|poke|p1|Shaymin
|poke|p1|Swampert, F
|poke|p1|Crobat, M
|poke|p1|Hydreigon, F
|poke|p1|Rotom-Heat
|poke|p1|Diancie
|poke|p2|Celebi
|poke|p2|Sharpedo, M, shiny
|poke|p2|Jirachi, shiny
|poke|p2|Yanmega, M, shiny
|poke|p2|Donphan, F
|poke|p2|Vaporeon, F
|rule|Swagger Clause: Swagger is banned
|rule|Baton Pass Clause: Limit one Pokémon knowing Baton Pass
|teampreview
|join|BIG SEAN'S ADLIBS
|join|mashonem
|join|DerpaniteX
|join|DeerayYoDaddy
|c|★IDerpy|hey
|c| DerpaniteX|derp!
|join|spuun
|join|finnigans wake
|c|★xShiba|that battle took way too long
|join|DrReunitickles
|c| spuun|worst match last round
|c|★IDerpy|werent you in one of my battles?
|c| DeerayYoDaddy|wow this was a big tourney
|c| spuun|shiba better win :(
|join|Dad's Dad
|join|pi3garb
|join|Starmie Sweep
|c|★IDerpy|idk anymore
|join|C-glehawk
|c| Dad's Dad|Shiba is bad lol
|c| DeerayYoDaddy|sucks i missed it
|join|epic4eternity
|c|★xShiba|I dont change my team
|c|★IDerpy|glhf
|c|★xShiba|scouting doesnt matter
|c|★xShiba|lmao
|c| C-glehawk|oh shit
|
|start
|switch|p1a: Diancie|Diancie|304\/304
|switch|p2a: Steve|Donphan, F|322\/322
|turn|1
|c| pi3garb|i hope he misses draco
|c| C-glehawk|ooh
|join|poonHunter (DD)
|join|Eppy
|c| Starmie Sweep|Shiba's team best team.
|c|★IDerpy|;-;
|
|move|p2a: Steve|Stealth Rock|p1a: Diancie
|-sidestart|p1: IDerpy|move: Stealth Rock
|move|p1a: Diancie|Stealth Rock|p2a: Steve
|-sidestart|p2: xShiba|move: Stealth Rock
|
|turn|2
|c| C-glehawk|first turn diancie shenanigans
|c| DrReunitickles|ey we got a nice diancie out here :)
|join|Straight Bear Sex
|c|★IDerpy|alredy got haters?
|join|DatGuyChuck
|c|★IDerpy|noice
|c| C-glehawk|spoiler: It's gonna mega evolve
|c|★xShiba|Diancie
|c|★xShiba|is
|c| Starmie Sweep|Donphantastic play m8!
|c|★xShiba|so bad
|join|I'm Bi...sharp
|c|★IDerpy|you sure?
|join|zebra.k
|c| DerpaniteX|inb4 moonblast crit
|
|switch|p1a: Lil Bastard|Shaymin|341\/341
|-damage|p1a: Lil Bastard|299\/341|[from] Stealth Rock
|move|p2a: Steve|Earthquake|p1a: Lil Bastard
|-resisted|p1a: Lil Bastard
|-damage|p1a: Lil Bastard|218\/341
|
|turn|3
|c| DrReunitickles|ez weakness policy tr sweep
|join|MegaShuckle2015
|c| DeerayYoDaddy|like pedo
|c| C-glehawk|xshiba it's so bad that he might pull a surprise set KOs shit like no tomorrow
|c| DeerayYoDaddy|destroys you
|join|zippleclopper
|c|★xShiba|lmao
|c|★IDerpy|;-;
|
|switch|p2a: Healthy Diet|Celebi|404\/404
|-damage|p2a: Healthy Diet|354\/404|[from] Stealth Rock
|move|p1a: Lil Bastard|Synthesis|p1a: Lil Bastard
|-heal|p1a: Lil Bastard|341\/341
|
|turn|4
|c|★IDerpy|these haters
|c| DerpaniteX|it would be so funny if it actually was weaness policy tr lol
|c| DeerayYoDaddy|sharpedo basically just wins
|c| DeerayYoDaddy|tbh
|c|★IDerpy|i got mah hater blockers redy
|c| DrReunitickles|I mean its a fun diancie set
|c|★IDerpy|and y that i mean
|c| C-glehawk|iderpy has speed boost swampert
|c|★IDerpy|.\/modchat +
|c| C-glehawk|no worries
|c| DrReunitickles|o
|c| C-glehawk|o
|c|★IDerpy|wow
|c|★IDerpy|spoilers
|c|★IDerpy|;)
|c| C-glehawk|IDerpy deal with it.
|c| poonHunter (DD)|u guys take so long
|c| C-glehawk|This is what we call
|
|switch|p1a: Hot Pockets|Rotom-Heat|241\/241
|-damage|p1a: Hot Pockets|181\/241|[from] Stealth Rock
|move|p2a: Healthy Diet|Swords Dance|p2a: Healthy Diet
|-boost|p2a: Healthy Diet|atk|2
|
|turn|5
|c| DrReunitickles|Shiba is using natural cure celebi :)
|c| C-glehawk|**FINALS HYPE**
|c| DeerayYoDaddy|252+ Atk Strong Jaw Mega Sharpedo Ice Fang vs. 0 HP \/ 0 Def Hydreigon: 268-316 (82.4 - 97.2%) -- 62.5% chance to OHKO after Stealth Rock
|c| C-glehawk|i mean
|c| pi3garb|flinched my suicune and missed draco
|c| C-glehawk|**HINALS FYPE**
|c| pi3garb|didnt say sorry :[
|c| DeerayYoDaddy|if that is mega Pedo
|c| pi3garb|fucken trash
|
|move|p1a: Hot Pockets|Overheat|p2a: Healthy Diet
|-supereffective|p2a: Healthy Diet
|-damage|p2a: Healthy Diet|76\/404
|-enditem|p2a: Healthy Diet|Weakness Policy
|-boost|p2a: Healthy Diet|atk|2|[from] item: Weakness Policy
|-boost|p2a: Healthy Diet|spa|2|[from] item: Weakness Policy
|-unboost|p1a: Hot Pockets|spa|2
|move|p2a: Healthy Diet|Baton Pass|p2a: Healthy Diet
|c| DeerayYoDaddy|this game is over
|c| DrReunitickles|gg
|c|★IDerpy|this is final?
|c|★xShiba|gg
|c| DrReunitickles|gg
|c|★xShiba|gg
|c| DrReunitickles|g
|c| DrReunitickles|g
|c| poonHunter (DD)|gg
|c| DerpaniteX|oml
|c| DrReunitickles|g
|c| poonHunter (DD)|g
|c| poonHunter (DD)|g
|c| finnigans wake|bop
|c|★IDerpy|gg
|c| DrReunitickles|g
|c| poonHunter (DD)|g
|c| DrReunitickles|g
|c| poonHunter (DD)|g
|c| poonHunter (DD)|g
|c| Starmie Sweep|gg
|
|switch|p2a: Fuccboii|Sharpedo, M, shiny|281\/281
|-damage|p2a: Fuccboii|246\/281|[from] Stealth Rock
|
|turn|6
|c| poonHunter (DD)|g
|c| poonHunter (DD)|g
|c| C-glehawk|ggggg
|c| poonHunter (DD)|gg
|c| poonHunter (DD)|g
|c| poonHunter (DD)|g
|c| poonHunter (DD)|g
|c| pi3garb|bg
|c| poonHunter (DD)|ggg
|c| poonHunter (DD)|g
|c| DeerayYoDaddy|yep
|c| poonHunter (DD)|ggg
|c| DeerayYoDaddy|gg
|c| poonHunter (DD)|g
|c| poonHunter (DD)|gg
|c| poonHunter (DD)|g
|c| DrReunitickles|I beat u to it shiba
|c| poonHunter (DD)|gg
|c| Starmie Sweep|Your life is over.
|c| poonHunter (DD)|g
|c| poonHunter (DD)|g
|c| poonHunter (DD)|g
|c| poonHunter (DD)|gggggg
|c| poonHunter (DD)|g
|c| poonHunter (DD)|g
|c| poonHunter (DD)|g
|c| C-glehawk|**ᕙ༼ຈل͜ຈ༽ᕗSTEAMROLLᕙ༼ຈل͜ຈ༽ᕗ**
|raw|<div class="broadcast-red"><b>Moderated chat was set to +!<\/b><br \/>Only users of rank + and higher can talk.<\/div>
|c|★IDerpy|stfu
|
|move|p2a: Fuccboii|Protect|p2a: Fuccboii
|-singleturn|p2a: Fuccboii|Protect
|move|p1a: Hot Pockets|Overheat|p2a: Fuccboii
|-activate|p2a: Fuccboii|Protect
|
|-boost|p2a: Fuccboii|spe|1|[from] ability: Speed Boost
|turn|7
C-glehawk was promoted to Room Voice by xShiba.
poonHunter (DD) was promoted to Room Voice by xShiba.
|c|+poonHunter (DD)|g
|c|+poonHunter (DD)|g
|c|+poonHunter (DD)|g
|c|+poonHunter (DD)|g
|c|+poonHunter (DD)|g
|c|+poonHunter (DD)|g
|c|+poonHunter (DD)|g
|c|★IDerpy|why
|c|+poonHunter (DD)|g
|c|+poonHunter (DD)|g
|c|+poonHunter (DD)|g
|c|★xShiba|stahp
|c|+poonHunter (DD)|ggg
|c|+C-glehawk|**ᕙ༼ຈل͜ຈ༽ᕗSTEAMROLLᕙ༼ຈل͜ຈ༽ᕗ**
|c|+poonHunter (DD)|g
|c|★xShiba|kek
|c|+poonHunter (DD)|gg
|join|LiberalLucario
|c|+C-glehawk|**ᕙ༼ຈل͜ຈ༽ᕗSTEAMROLLᕙ༼ຈل͜ຈ༽ᕗ**
|c|+poonHunter (DD)|g
|c|+C-glehawk|**ᕙ༼ຈل͜ຈ༽ᕗSTEAMROLLᕙ༼ຈل͜ຈ༽ᕗ**
|c|+poonHunter (DD)|sorry
|c|+C-glehawk|**ᕙ༼ຈل͜ຈ༽ᕗSTEAMROLLᕙ༼ຈل͜ຈ༽ᕗ**
|c|+C-glehawk|**ᕙ༼ຈل͜ຈ༽ᕗSTEAMROLLᕙ༼ຈل͜ຈ༽ᕗ**
|c|+C-glehawk|**ᕙ༼ຈل͜ຈ༽ᕗSTEAMROLLᕙ༼ຈل͜ຈ༽ᕗ**
|c|+C-glehawk|**ᕙ༼ຈل͜ຈ༽ᕗSTEAMROLLᕙ༼ຈل͜ຈ༽ᕗ**
|c|+C-glehawk|**ᕙ༼ຈل͜ຈ༽ᕗSTEAMROLLᕙ༼ຈل͜ຈ༽ᕗ**
|c|+C-glehawk|**ᕙ༼ຈل͜ຈ༽ᕗSTEAMROLLᕙ༼ຈل͜ຈ༽ᕗ**
|c|+C-glehawk|**ᕙ༼ຈل͜ຈ༽ᕗSTEAMROLLᕙ༼ຈل͜ຈ༽ᕗ**
|c|+C-glehawk|**ᕙ༼ຈل͜ຈ༽ᕗSTEAMROLLᕙ༼ຈل͜ຈ༽ᕗ**
|c|+C-glehawk|**ᕙ༼ຈل͜ຈ༽ᕗSTEAMROLLᕙ༼ຈل͜ຈ༽ᕗ**
|c|+C-glehawk|**ᕙ༼ຈل͜ຈ༽ᕗSTEAMROLLᕙ༼ຈل͜ຈ༽ᕗ**
|
|move|p1a: Hot Pockets|Overheat|p2a: Fuccboii
|-resisted|p2a: Fuccboii
|-damage|p2a: Fuccboii|143\/281
|-unboost|p1a: Hot Pockets|spa|2
|move|p2a: Fuccboii|Waterfall|p1a: Hot Pockets
|-supereffective|p1a: Hot Pockets
|-damage|p1a: Hot Pockets|0 fnt
|faint|p1a: Hot Pockets
|
|-boost|p2a: Fuccboii|spe|1|[from] ability: Speed Boost
|
|switch|p1a: Idk|Swampert, F|341\/341
|-damage|p1a: Idk|320\/341|[from] Stealth Rock
|turn|8
|c|★IDerpy|just no
|
|detailschange|p2a: Fuccboii|Sharpedo-Mega, M, shiny
|-mega|p2a: Fuccboii|Sharpedo|Sharpedonite
|detailschange|p1a: Idk|Swampert-Mega, F
|-mega|p1a: Idk|Swampert|Swampertite
|move|p2a: Fuccboii|Crunch|p1a: Idk
|-damage|p1a: Idk|0 fnt
|faint|p1a: Idk
|
|join|trevor ellis
|c|+C-glehawk|**ᕙ༼ຈل͜ຈ༽ᕗSTEAMROLLᕙ༼ຈل͜ຈ༽ᕗ**
|c|+C-glehawk|**ᕙ༼ຈل͜ຈ༽ᕗSTEAMROLLᕙ༼ຈل͜ຈ༽ᕗ**
|c|+C-glehawk|**ᕙ༼ຈل͜ຈ༽ᕗSTEAMROLLᕙ༼ຈل͜ຈ༽ᕗ**
|c|+C-glehawk|**ᕙ༼ຈل͜ຈ༽ᕗSTEAMROLLᕙ༼ຈل͜ຈ༽ᕗ**
|c|★xShiba|C-glehawk
|c|★xShiba|pls
|join|VBD OTR
|c|★xShiba|no
|c|+C-glehawk|fine
|leave|Straight Bear Sex
|c|★xShiba|Im lagging my ass off
|
|switch|p1a: fatbat|Crobat, M|311\/311
|-damage|p1a: fatbat|234\/311|[from] Stealth Rock
|turn|9
|c|★xShiba|lmao
|c|+C-glehawk|i learned my lesson before
|c|+C-glehawk|if i spam dongers
|c|★IDerpy|i was about to demote u >.>
|c|+C-glehawk|lady ciaran will call global admin
|c|+C-glehawk|and lock my ass
Dad's Dad was promoted to Room Voice by xShiba.
|c|+C-glehawk|hi dad
|c|★IDerpy|but gg xShiba
LiberalLucario was promoted to Room Voice by xShiba.
|c|★IDerpy|goood strat
|
|move|p2a: Fuccboii|Crunch|p1a: fatbat
|-crit|p1a: fatbat
|-damage|p1a: fatbat|0 fnt
|faint|p1a: fatbat
|
|c|+LiberalLucario|thanks!!!!!!!!
|c|+LiberalLucario|i was waiting!!!
|c|★IDerpy|i liek it
|c|★xShiba|finish the match
|
|switch|p1a: Darkness|Hydreigon, F|325\/325
|-damage|p1a: Darkness|285\/325|[from] Stealth Rock
|turn|10
|c|★xShiba|if real
|c|+LiberalLucario|fkin
|c|★IDerpy|oh
|c|+LiberalLucario|rip in peace
|c|★IDerpy|imreal
|c|+C-glehawk|rescquiat in paz
|c|★IDerpy|sure ill take the humiliation of my life :D
|
|move|p2a: Fuccboii|Ice Fang|p1a: Darkness
|-supereffective|p1a: Darkness
|-damage|p1a: Darkness|0 fnt
|faint|p1a: Darkness
|
|
|switch|p1a: Lil Bastard|Shaymin|341\/341
|-damage|p1a: Lil Bastard|299\/341|[from] Stealth Rock
|turn|11
|c|★IDerpy|imma modchat off
|c|★xShiba|okey
|c|★IDerpy|when battle is over
|
|move|p2a: Fuccboii|Crunch|p1a: Lil Bastard
|-damage|p1a: Lil Bastard|0 fnt
|faint|p1a: Lil Bastard
|
|leave|DerpaniteX
|c|★IDerpy|so i can receive
|raw|<div class="broadcast-blue"><b>Moderated chat was disabled!<\/b><br \/>Anyone may talk now.<\/div>
|c|★IDerpy|what you call
|c|★xShiba|:^)
|c| DrReunitickles|hi
|c| poonHunter (DD)|g
|c| pi3garb|thanks for taking his soul for me
|c|+C-glehawk|all the dongers
|c|+C-glehawk|**ᕙ༼ຈل͜ຈ༽ᕗSTEAMROLLᕙ༼ຈل͜ຈ༽ᕗ**
|c| epic4eternity|bs no miss on ice fang
|
|switch|p1a: Diancie|Diancie|304\/304
|-damage|p1a: Diancie|266\/304|[from] Stealth Rock
|turn|12
|c| poonHunter (DD)|g
|c| poonHunter (DD)|g
|c|+C-glehawk|**ᕙ༼ຈل͜ຈ༽ᕗSTEAMROLLᕙ༼ຈل͜ຈ༽ᕗ**
|c|+C-glehawk|**ᕙ༼ຈل͜ຈ༽ᕗSTEAMROLLᕙ༼ຈل͜ຈ༽ᕗ**
|c| poonHunter (DD)|g
|c| finnigans wake|ez 6-0
|c| poonHunter (DD)|g
|c| pi3garb|fucking garbage haxing sack of aids
|c|+C-glehawk|**ᕙ༼ຈل͜ຈ༽ᕗSTEAMROLLᕙ༼ຈل͜ຈ༽ᕗ**
|c| poonHunter (DD)|g
|
|move|p2a: Fuccboii|Waterfall|p1a: Diancie
|-supereffective|p1a: Diancie
|-damage|p1a: Diancie|0 fnt
|faint|p1a: Diancie
|
|win|xShiba
|c| poonHunter (DD)|g
|c|+C-glehawk|**ᕙ༼ຈل͜ຈ༽ᕗSTEAMROLLᕙ༼ຈل͜ຈ༽ᕗ**
|c| poonHunter (DD)|g
|c|+C-glehawk|**ᕙ༼ຈل͜ຈ༽ᕗSTEAMROLLᕙ༼ຈل͜ຈ༽ᕗ**
|c| DeerayYoDaddy|bruh...
|c|+C-glehawk|**ᕙ༼ຈل͜ຈ༽ᕗSTEAMROLLᕙ༼ຈل͜ຈ༽ᕗ**
|c| poonHunter (DD)|g
|c| Starmie Sweep|Exodia: OBLITERATE
|c|★IDerpy|gg
|c| DeerayYoDaddy|chill
|c| poonHunter (DD)|g
|c|+C-glehawk|**ᕙ༼ຈل͜ຈ༽ᕗSTEAMROLLᕙ༼ຈل͜ຈ༽ᕗ**
|c| poonHunter (DD)|g
|c|+C-glehawk|**ᕙ༼ຈل͜ຈ༽ᕗSTEAMROLLᕙ༼ຈل͜ຈ༽ᕗ**
|c| poonHunter (DD)|g
|leave|xShiba
|c|+C-glehawk|**ᕙ༼ຈل͜ຈ༽ᕗSTEAMROLLᕙ༼ຈل͜ຈ༽ᕗ**
|c| poonHunter (DD)|g
|player|p2
|c|+C-glehawk|**ᕙ༼ຈل͜ຈ༽ᕗSTEAMROLLᕙ༼ຈل͜ຈ༽ᕗ**
|c| poonHunter (DD)|g
|c| poonHunter (DD)|g
|leave|IDerpy
|c| poonHunter (DD)|g
|c|+C-glehawk|**ᕙ༼ຈل͜ຈ༽ᕗSTEAMROLLᕙ༼ຈل͜ຈ༽ᕗ**
|leave|epic4eternity
|leave|DeerayYoDaddy
|c| poonHunter (DD)|g
|player|p1
|c|+C-glehawk|**ᕙ༼ຈل͜ຈ༽ᕗSTEAMROLLᕙ༼ຈل͜ຈ༽ᕗ**
|c| poonHunter (DD)|g
|c|+C-glehawk|**ᕙ༼ຈل͜ຈ༽ᕗSTEAMROLLᕙ༼ຈل͜ຈ༽ᕗ**
|c| poonHunter (DD)|g
|c| poonHunter (DD)|g
|c|+C-glehawk|**ᕙ༼ຈل͜ຈ༽ᕗSTEAMROLLᕙ༼ຈل͜ຈ༽ᕗ**
|c| poonHunter (DD)|g
|c|+C-glehawk|**ᕙ༼ຈل͜ຈ༽ᕗSTEAMROLLᕙ༼ຈل͜ຈ༽ᕗ**
|c| poonHunter (DD)|g
|c| poonHunter (DD)|g
|c|+C-glehawk|**ᕙ༼ຈل͜ຈ༽ᕗSTEAMROLLᕙ༼ຈل͜ຈ༽ᕗ**
|c| poonHunter (DD)|g
|c|+C-glehawk|**ᕙ༼ຈل͜ຈ༽ᕗSTEAMROLLᕙ༼ຈل͜ຈ༽ᕗ**
|c| poonHunter (DD)|g
|c|+C-glehawk|**ᕙ༼ຈل͜ຈ༽ᕗSTEAMROLLᕙ༼ຈل͜ຈ༽ᕗ**
|c| poonHunter (DD)|g
|c| poonHunter (DD)|g
|c|+C-glehawk|**ᕙ༼ຈل͜ຈ༽ᕗSTEAMROLLᕙ༼ຈل͜ຈ༽ᕗ**
|c| poonHunter (DD)|g
|c| poonHunter (DD)|g
|c|+C-glehawk|**ᕙ༼ຈل͜ຈ༽ᕗSTEAMROLLᕙ༼ຈل͜ຈ༽ᕗ**
|c| poonHunter (DD)|g
|leave|Starmie Sweep
|c|+C-glehawk|**ᕙ༼ຈل͜ຈ༽ᕗSTEAMROLLᕙ༼ຈل͜ຈ༽ᕗ**
|leave|LiberalLucario
|c| poonHunter (DD)|g
|c| poonHunter (DD)|g
|c|+C-glehawk|**ᕙ༼ຈل͜ຈ༽ᕗSTEAMROLLᕙ༼ຈل͜ຈ༽ᕗ**
|c| poonHunter (DD)|g
|leave|Dad's Dad
|c| poonHunter (DD)|g
|leave|DrReunitickles
|c|+C-glehawk|**ᕙ༼ຈل͜ຈ༽ᕗSTEAMROLLᕙ༼ຈل͜ຈ༽ᕗ**
|leave|zippleclopper
|c|+C-glehawk|**ᕙ༼ຈل͜ຈ༽ᕗSTEAMROLLᕙ༼ຈل͜ຈ༽ᕗ**
|leave|poonHunter (DD)
|leave|C-glehawk
|leave|spuun
|leave|VBD OTR