|join|IDerpy
|join|xShiba
|join|Chillicorn
|join|Specs Cranidos
|c|★xShiba|lets try this again
|player|p1|IDerpy|201
|player|p2|xShiba|260
|gametype|singles
|gen|6
|tier|UU
|rule|Sleep Clause Mod: Limit one foe put to sleep
|rule|Species Clause: Limit one of each Pokémon
|rule|OHKO Clause: OHKO moves are banned
|rule|Moody Clause: Moody is banned
|rule|Evasion Moves Clause: Evasion moves are banned
|rule|Endless Battle Clause: Forcing endless battles is banned
|rule|HP Percentage Mod: HP is shown in percentages
|clearpoke
|poke|p1|Infernape, M
|poke|p1|Tentacruel, M
|poke|p1|Hydreigon, M
|poke|p1|Aggron, M
|poke|p1|Florges, F
|poke|p1|Celebi
|poke|p2|Celebi
|poke|p2|Sharpedo, M, shiny
|poke|p2|Jirachi, shiny
|poke|p2|Yanmega, M, shiny
|poke|p2|Donphan, M
|poke|p2|Vaporeon, F
|rule|Swagger Clause: Swagger is banned
|rule|Baton Pass Clause: Limit one Pokémon knowing Baton Pass
|teampreview
|c|★xShiba|shall we?
|join|Bik Krit
|c|★xShiba|:^)
|c|★IDerpy|im scurred
|c|★IDerpy|but
|c|★IDerpy|lets go
|join|Ariana Granbull
|c|★IDerpy|my body is ready
|c|★xShiba|this time
|c|★IDerpy|is urs?
|c|★xShiba|im getting rocks up
|c|★xShiba|lmao
|c|★IDerpy|lol
|join|CactusCooIer
|join|FUQ GLISCORE
|c|★IDerpy|i renamed my Celebi
|
|start
|switch|p1a: Satanic|Celebi|341\/341
|switch|p2a: Steve|Donphan, M|364\/364
|turn|1
|c|★IDerpy|lmoa
|
|move|p1a: Satanic|Giga Drain|p2a: Steve
|-crit|p2a: Steve
|-supereffective|p2a: Steve
|-activate|p2a: Steve|Sturdy
|-damage|p2a: Steve|1\/364
|move|p2a: Steve|Stealth Rock|p1a: Satanic
|-sidestart|p1: IDerpy|move: Stealth Rock
|
|-heal|p2a: Steve|23\/364|[from] item: Leftovers
|turn|2
|join|Frickett
|
|switch|p2a: Fuccboii 2.0|Jirachi, shiny|341\/341
|move|p1a: Satanic|Giga Drain|p2a: Fuccboii 2.0
|-resisted|p2a: Fuccboii 2.0
|-damage|p2a: Fuccboii 2.0|290\/341
|
|turn|3
|c|★IDerpy|oh forgot to say
|c|★IDerpy|**HINALS FYPE**
|join|ULT Rain in Pants
|
|switch|p1a: Hentai|Tentacruel, M|301\/301
|-damage|p1a: Hentai|264\/301|[from] Stealth Rock
|move|p2a: Fuccboii 2.0|Iron Head|p1a: Hentai
|-resisted|p1a: Hentai
|-damage|p1a: Hentai|205\/301
|
|-heal|p1a: Hentai|223\/301|[from] item: Black Sludge
|turn|4
|
|move|p2a: Fuccboii 2.0|Iron Head|p1a: Hentai
|-resisted|p1a: Hentai
|-damage|p1a: Hentai|163\/301
|cant|p1a: Hentai|flinch
|
|-heal|p1a: Hentai|181\/301|[from] item: Black Sludge
|turn|5
|
|move|p2a: Fuccboii 2.0|Iron Head|p1a: Hentai
|-resisted|p1a: Hentai
|-damage|p1a: Hentai|121\/301
|move|p1a: Hentai|Scald|p2a: Fuccboii 2.0
|-damage|p2a: Fuccboii 2.0|193\/341
|-status|p2a: Fuccboii 2.0|brn
|
|-heal|p1a: Hentai|139\/301|[from] item: Black Sludge
|-damage|p2a: Fuccboii 2.0|151\/341 brn|[from] brn
|turn|6
|c|★xShiba|mfw
|c| ULT Rain in Pants|lol
|c|★IDerpy|u played woth fire
|c|★IDerpy|with*
|c|★IDerpy|u got burned
|c|★IDerpy|lol
|c|★IDerpy|im so weak
|c|★IDerpy|;-;
|c| ULT Rain in Pants|^
|
|switch|p2a: Ay Der Cune|Vaporeon, F|452\/452
|move|p1a: Hentai|Rapid Spin|p2a: Ay Der Cune
|-damage|p2a: Ay Der Cune|438\/452
|-sideend|p1: IDerpy|Stealth Rock|[from] move: Rapid Spin|[of] p1a: Hentai
|
|-heal|p1a: Hentai|157\/301|[from] item: Black Sludge
|-heal|p2a: Ay Der Cune|452\/452|[from] item: Leftovers
|turn|7
|c| ULT Rain in Pants|Can't feel my sides
|c|★IDerpy|lol
|c|★IDerpy|oh
|
|move|p1a: Hentai|Sludge Bomb|p2a: Ay Der Cune
|-crit|p2a: Ay Der Cune
|-damage|p2a: Ay Der Cune|281\/452
|move|p2a: Ay Der Cune|Heal Bell|p2a: Ay Der Cune
|-cureteam|p2a: Ay Der Cune|[from] move: HealBell
|
|-heal|p1a: Hentai|175\/301|[from] item: Black Sludge
|-heal|p2a: Ay Der Cune|309\/452|[from] item: Leftovers
|turn|8
|c|★IDerpy|heal bell
|join|ULT Narcotics
|
|move|p1a: Hentai|Knock Off|p2a: Ay Der Cune
|-damage|p2a: Ay Der Cune|250\/452
|-enditem|p2a: Ay Der Cune|Leftovers|[from] move: Knock Off|[of] p1a: Hentai
|move|p2a: Ay Der Cune|Wish|p2a: Ay Der Cune
|
|-heal|p1a: Hentai|193\/301|[from] item: Black Sludge
|turn|9
|leave|CactusCooIer
|
|move|p1a: Hentai|Knock Off|p2a: Ay Der Cune
|-damage|p2a: Ay Der Cune|205\/452
|move|p2a: Ay Der Cune|Scald|p1a: Hentai
|-crit|p1a: Hentai
|-resisted|p1a: Hentai
|-damage|p1a: Hentai|124\/301
|
|-heal|p2a: Ay Der Cune|431\/452|[from] move: Wish|[wisher] Ay Der Cune
|-heal|p1a: Hentai|142\/301|[from] item: Black Sludge
|turn|10
|
|move|p1a: Hentai|Sludge Bomb|p2a: Ay Der Cune
|-damage|p2a: Ay Der Cune|331\/452
|move|p2a: Ay Der Cune|Wish|p2a: Ay Der Cune
|
|-heal|p1a: Hentai|160\/301|[from] item: Black Sludge
|turn|11
|
|move|p1a: Hentai|Knock Off|p2a: Ay Der Cune
|-damage|p2a: Ay Der Cune|291\/452
|move|p2a: Ay Der Cune|Scald|p1a: Hentai
|-resisted|p1a: Hentai
|-damage|p1a: Hentai|120\/301
|-status|p1a: Hentai|brn
|
|-heal|p2a: Ay Der Cune|452\/452|[from] move: Wish|[wisher] Ay Der Cune
|-heal|p1a: Hentai|138\/301 brn|[from] item: Black Sludge
|-damage|p1a: Hentai|101\/301 brn|[from] brn
|turn|12
|
|switch|p1a: Kylas Nightmare|Florges, F|360\/360
|move|p2a: Ay Der Cune|Wish|p2a: Ay Der Cune
|
|turn|13
|
|switch|p2a: Fuccboii 2.0|Jirachi, shiny|151\/341
|move|p1a: Kylas Nightmare|Wish|p1a: Kylas Nightmare
|
|-heal|p2a: Fuccboii 2.0|341\/341|[from] move: Wish|[wisher] Ay Der Cune
|turn|14
|leave|FUQ GLISCORE
|join|The Ess of Johan
|join|BurstStream
|join|kyla-kylls
|
|switch|p1a: Shiny Armor|Aggron, M|344\/344
|move|p2a: Fuccboii 2.0|U-turn|p1a: Shiny Armor
|-resisted|p1a: Shiny Armor
|-damage|p1a: Shiny Armor|326\/344
|c|★IDerpy|mhm
|c|★IDerpy|i can feel something different
|
|switch|p2a: Ay Der Cune|Vaporeon, F|452\/452
|
|-heal|p1a: Shiny Armor|344\/344|[from] move: Wish|[wisher] Kylas Nightmare
|turn|15
|c|★IDerpy|about this one
|c|★IDerpy|ur more concentrated
|
|switch|p1a: Satanic|Celebi|341\/341
|move|p2a: Ay Der Cune|Scald|p1a: Satanic
|-resisted|p1a: Satanic
|-damage|p1a: Satanic|293\/341
|-status|p1a: Satanic|brn
|
|-damage|p1a: Satanic|251\/341 brn|[from] brn
|turn|16
|c|★xShiba|eh
|
|switch|p2a: Fuccboii 2.0|Jirachi, shiny|341\/341
|move|p1a: Satanic|Nasty Plot|p1a: Satanic
|-boost|p1a: Satanic|spa|2
|
|-damage|p1a: Satanic|209\/341 brn|[from] brn
|turn|17
|
|switch|p1a: Hentai|Tentacruel, M|101\/301 brn
|move|p2a: Fuccboii 2.0|Iron Head|p1a: Hentai
|-resisted|p1a: Hentai
|-damage|p1a: Hentai|47\/301 brn
|
|-heal|p1a: Hentai|65\/301 brn|[from] item: Black Sludge
|-damage|p1a: Hentai|28\/301 brn|[from] brn
|turn|18
|
|move|p2a: Fuccboii 2.0|Iron Head|p1a: Hentai
|-resisted|p1a: Hentai
|-damage|p1a: Hentai|0 fnt
|faint|p1a: Hentai
|
|
|switch|p1a: Shiny Armor|Aggron, M|344\/344
|turn|19
|join|susanoo12
|
|switch|p2a: Ay Der Cune|Vaporeon, F|452\/452
|detailschange|p1a: Shiny Armor|Aggron-Mega, M
|-mega|p1a: Shiny Armor|Aggron|Aggronite
|move|p1a: Shiny Armor|Thunder Wave|p2a: Ay Der Cune
|-status|p2a: Ay Der Cune|par
|
|turn|20
|join|GetSauced
|
|switch|p1a: Satanic|Celebi|209\/341
|move|p2a: Ay Der Cune|Heal Bell|p2a: Ay Der Cune
|-cureteam|p2a: Ay Der Cune|[from] move: HealBell
|
|turn|21
|join|UniterFlash
|join|IncogRito
kyla-kylls was promoted to Room Voice by xShiba.
|c|+kyla-kylls|:^}
|c|★xShiba|theres like 0 spectators
|c|★xShiba|lmao
Specs Cranidos was promoted to Room Voice by xShiba.
|c|+Specs Cranidos|nb
|join|Hariyana Grande
|join|FUQ GLISCORE
|join|iKillzone
|c| FUQ GLISCORE|lol.
|c|★IDerpy|oh ood
|c|★IDerpy|?
|
|switch|p2a: Fuccboii 2.0|Jirachi, shiny|341\/341
|move|p1a: Satanic|Giga Drain|p2a: Fuccboii 2.0
|-resisted|p2a: Fuccboii 2.0
|-damage|p2a: Fuccboii 2.0|290\/341
|-heal|p1a: Satanic|235\/341|[from] drain|[of] p2a: Fuccboii 2.0
|
|turn|22
|c|★IDerpy|i disconnected
|c|★xShiba|o
|c|★IDerpy|sorry
|
|switch|p1a: Shiny Armor|Aggron-Mega, M|344\/344
|move|p2a: Fuccboii 2.0|Iron Head|p1a: Shiny Armor
|-resisted|p1a: Shiny Armor
|-damage|p1a: Shiny Armor|319\/344
|
|turn|23
|leave|FUQ GLISCORE
|
|switch|p2a: Ay Der Cune|Vaporeon, F|452\/452
|move|p1a: Shiny Armor|Thunder Wave|p2a: Ay Der Cune
|-status|p2a: Ay Der Cune|par
|
|turn|24
|
|move|p1a: Shiny Armor|Stealth Rock|p2a: Ay Der Cune
|-sidestart|p2: xShiba|move: Stealth Rock
|cant|p2a: Ay Der Cune|par
|
|turn|25
|
|switch|p1a: Satanic|Celebi|235\/341
|move|p2a: Ay Der Cune|Heal Bell|p2a: Ay Der Cune
|-cureteam|p2a: Ay Der Cune|[from] move: HealBell
|
|turn|26
|
|switch|p1a: Shiny Armor|Aggron-Mega, M|319\/344
|switch|p2a: Fuccboii 2.0|Jirachi, shiny|290\/341
|-damage|p2a: Fuccboii 2.0|269\/341|[from] Stealth Rock
|
|turn|27
|
|move|p2a: Fuccboii 2.0|U-turn|p1a: Shiny Armor
|-crit|p1a: Shiny Armor
|-resisted|p1a: Shiny Armor
|-damage|p1a: Shiny Armor|293\/344
|
|switch|p2a: Ay Der Cune|Vaporeon, F|452\/452
|-damage|p2a: Ay Der Cune|396\/452|[from] Stealth Rock
|move|p1a: Shiny Armor|Earthquake|p2a: Ay Der Cune
|-damage|p2a: Ay Der Cune|275\/452
|
|turn|28
|
|switch|p1a: Satanic|Celebi|235\/341
|move|p2a: Ay Der Cune|Wish|p2a: Ay Der Cune
|
|turn|29
|join|ManOfMany23
|
|switch|p2a: Steve|Donphan, M|23\/364
|-damage|p2a: Steve|1\/364|[from] Stealth Rock
|move|p1a: Satanic|Nasty Plot|p1a: Satanic
|-boost|p1a: Satanic|spa|2
|
|-heal|p2a: Steve|227\/364|[from] move: Wish|[wisher] Ay Der Cune
|-heal|p2a: Steve|249\/364|[from] item: Leftovers
|turn|30
|
|switch|p2a: Fuccboii 2.0|Jirachi, shiny|269\/341
|-damage|p2a: Fuccboii 2.0|248\/341|[from] Stealth Rock
|move|p1a: Satanic|Giga Drain|p2a: Fuccboii 2.0
|-resisted|p2a: Fuccboii 2.0
|-damage|p2a: Fuccboii 2.0|143\/341
|-heal|p1a: Satanic|288\/341|[from] drain|[of] p2a: Fuccboii 2.0
|
|turn|31
|
|switch|p1a: Shiny Armor|Aggron-Mega, M|293\/344
|move|p2a: Fuccboii 2.0|Iron Head|p1a: Shiny Armor
|-resisted|p1a: Shiny Armor
|-damage|p1a: Shiny Armor|265\/344
|
|turn|32
|leave|BurstStream
|
|switch|p2a: Steve|Donphan, M|249\/364
|-damage|p2a: Steve|227\/364|[from] Stealth Rock
|move|p1a: Shiny Armor|Earthquake|p2a: Steve
|-damage|p2a: Steve|123\/364
|
|-heal|p2a: Steve|145\/364|[from] item: Leftovers
|turn|33
|
|move|p2a: Steve|Rapid Spin|p1a: Shiny Armor
|-resisted|p1a: Shiny Armor
|-damage|p1a: Shiny Armor|260\/344
|-sideend|p2: xShiba|Stealth Rock|[from] move: Rapid Spin|[of] p2a: Steve
|move|p1a: Shiny Armor|Heavy Slam|p2a: Steve
|-damage|p2a: Steve|33\/364
|
|-heal|p2a: Steve|55\/364|[from] item: Leftovers
|turn|34
|
|switch|p2a: Healthy Diet|Celebi|404\/404
|move|p1a: Shiny Armor|Earthquake|p2a: Healthy Diet
|-resisted|p2a: Healthy Diet
|-damage|p2a: Healthy Diet|351\/404
|
|turn|35
|join|ULT LibLuc
|
|move|p2a: Healthy Diet|Swords Dance|p2a: Healthy Diet
|-boost|p2a: Healthy Diet|atk|2
|move|p1a: Shiny Armor|Thunder Wave|p2a: Healthy Diet
|-status|p2a: Healthy Diet|par
|
|turn|36
|c|★IDerpy|btw
|c|★IDerpy|whats your 4th move?
|join|ChibiSonic
|
|move|p1a: Shiny Armor|Stealth Rock|p2a: Healthy Diet
|-sidestart|p2: xShiba|move: Stealth Rock
|move|p2a: Healthy Diet|Swords Dance|p2a: Healthy Diet
|-boost|p2a: Healthy Diet|atk|2
|
|turn|37
|c|★xShiba|which ones do you know
|c|★IDerpy|sd
|c|★IDerpy|bp
|c|★IDerpy|seed
|c|★IDerpy|bomg
|
|move|p1a: Shiny Armor|Heavy Slam|p2a: Healthy Diet
|-damage|p2a: Healthy Diet|143\/404 par
|move|p2a: Healthy Diet|Baton Pass|p2a: Healthy Diet
|c|★xShiba|oh
|c|★xShiba|recover
|c|★IDerpy|oh yeah
|
|switch|p2a: Steve|Donphan, M|55\/364
|-damage|p2a: Steve|33\/364|[from] Stealth Rock
|
|-heal|p2a: Steve|55\/364|[from] item: Leftovers
|turn|38
|c|★IDerpy|o
|c|★xShiba|something dies here
|c|★xShiba|y\/n
|c|★IDerpy|something died
|c|★IDerpy|dies*
|c|★IDerpy|if
|c|★IDerpy|u pick the right move
|c|★IDerpy|nvm
|leave|IncogRito
|c|★IDerpy|ice sard
|
|switch|p1a: Kylas Nightmare|Florges, F|360\/360
|move|p2a: Steve|Earthquake|p1a: Kylas Nightmare
|-damage|p1a: Kylas Nightmare|0 fnt
|faint|p1a: Kylas Nightmare
|
|-heal|p2a: Steve|77\/364|[from] item: Leftovers
|join|dodmen
|c|+dodmen|wait
|c|+dodmen|what
|join|Choke69LoL
|c|+dodmen|+4 donphan nb
|c|★xShiba|stronk
|c|★xShiba|imo
dodmen was promoted to Room Voice by xShiba.
|c|★xShiba|:^)
|
|switch|p1a: Mojo Jojo|Infernape, M|293\/293
|turn|39
|c|★IDerpy|min max dmg roll here
|
|move|p1a: Mojo Jojo|Mach Punch|p2a: Steve
|-damage|p2a: Steve|20\/364
|move|p2a: Steve|Ice Shard|p1a: Mojo Jojo
|-crit|p1a: Mojo Jojo
|-resisted|p1a: Mojo Jojo
|-damage|p1a: Mojo Jojo|160\/293
|
|-heal|p2a: Steve|42\/364|[from] item: Leftovers
|turn|40
|c|★IDerpy|plz get max
|c|★IDerpy|nope
|join|SmashBrosBrawl
|join|cityfolk
|c|+SmashBrosBrawl|shiba
|
|move|p1a: Mojo Jojo|Mach Punch|p2a: Steve
|-damage|p2a: Steve|0 fnt
|faint|p2a: Steve
|
|c|+SmashBrosBrawl|stop using
|c|+SmashBrosBrawl|the exact
|join|BurstStream
|c|+SmashBrosBrawl|same
|c|+SmashBrosBrawl|team
|join|so dynamic
|c|★xShiba|I used a different one
|c|★xShiba|last game
|c|★IDerpy|^
|c| BurstStream|he still
|c| BurstStream|had
|join|the fun in this
|c| BurstStream|the Celebi
|join|fmvkxcvlmz
|c| BurstStream|SD Pass
|c|★xShiba|nah
|c|★xShiba|I didnt have celepass last game
|c| BurstStream|because Skilless win con or I`m prolly just drunk
|
|switch|p2a: Zoom Zoom|Yanmega, M, shiny|313\/313
|-damage|p2a: Zoom Zoom|157\/313|[from] Stealth Rock
|turn|41
|
|switch|p1a: Shiny Armor|Aggron-Mega, M|260\/344
|move|p2a: Zoom Zoom|Protect|p2a: Zoom Zoom
|-fail|p2a: Zoom Zoom
|
|-boost|p2a: Zoom Zoom|spe|1|[from] ability: Speed Boost
|turn|42
|c|★IDerpy|i think shiba won
|
|move|p2a: Zoom Zoom|Bug Buzz|p1a: Shiny Armor
|-resisted|p1a: Shiny Armor
|-damage|p1a: Shiny Armor|142\/344
|-damage|p2a: Zoom Zoom|126\/313|[from] item: Life Orb
|move|p1a: Shiny Armor|Heavy Slam|p2a: Zoom Zoom
|-damage|p2a: Zoom Zoom|0 fnt
|faint|p2a: Zoom Zoom
|
|c| ULT Rain in Pants|o.o
|c|★IDerpy|this battle
|c| ULT Rain in Pants|No
|c|★IDerpy|is too intense
|c|★IDerpy|for my liing
|
|switch|p2a: Ay Der Cune|Vaporeon, F|275\/452
|-damage|p2a: Ay Der Cune|219\/452|[from] Stealth Rock
|turn|43
|
|switch|p1a: Satanic|Celebi|288\/341
|move|p2a: Ay Der Cune|Wish|p2a: Ay Der Cune
|
|turn|44
|join|r0ady
|
|switch|p2a: Fuccboii 2.0|Jirachi, shiny|143\/341
|-damage|p2a: Fuccboii 2.0|122\/341|[from] Stealth Rock
|move|p1a: Satanic|Baton Pass|p1a: Satanic
|
|switch|p1a: Shiny Armor|Aggron-Mega, M|142\/344
|
|-heal|p2a: Fuccboii 2.0|341\/341|[from] move: Wish|[wisher] Ay Der Cune
|turn|45
|c|★IDerpy|3 flinches
|c|★IDerpy|and im ded
|c|★IDerpy|u wanna play?
|c|★xShiba|nah
|c|★IDerpy|:^)
|c|★IDerpy|kk
|
|move|p2a: Fuccboii 2.0|U-turn|p1a: Shiny Armor
|-resisted|p1a: Shiny Armor
|-damage|p1a: Shiny Armor|125\/344
|
|switch|p2a: Healthy Diet|Celebi|143\/404
|-damage|p2a: Healthy Diet|93\/404|[from] Stealth Rock
|move|p1a: Shiny Armor|Earthquake|p2a: Healthy Diet
|-resisted|p2a: Healthy Diet
|-damage|p2a: Healthy Diet|39\/404
|
|turn|46
|
|move|p2a: Healthy Diet|Recover|p2a: Healthy Diet
|-heal|p2a: Healthy Diet|241\/404
|move|p1a: Shiny Armor|Earthquake|p2a: Healthy Diet
|-resisted|p2a: Healthy Diet
|-damage|p2a: Healthy Diet|188\/404
|
|turn|47
|
|move|p2a: Healthy Diet|Recover|p2a: Healthy Diet
|-heal|p2a: Healthy Diet|390\/404
|move|p1a: Shiny Armor|Thunder Wave|p2a: Healthy Diet
|-status|p2a: Healthy Diet|par
|
|turn|48
|
|switch|p1a: Darkness|Hydreigon, M|326\/326
|cant|p2a: Healthy Diet|par
|
|turn|49
|c|+SmashBrosBrawl|implying hydreigon counters wpolicy celebi
|
|move|p1a: Darkness|Dark Pulse|p2a: Healthy Diet
|-supereffective|p2a: Healthy Diet
|-damage|p2a: Healthy Diet|186\/404 par
|-enditem|p2a: Healthy Diet|Weakness Policy
|-boost|p2a: Healthy Diet|atk|2|[from] item: Weakness Policy
|-boost|p2a: Healthy Diet|spa|2|[from] item: Weakness Policy
|move|p2a: Healthy Diet|Baton Pass|p2a: Healthy Diet
|c|★IDerpy|y did i do that
|leave|the fun in this
|c|+SmashBrosBrawl|what else
|c| BurstStream|Smash
|c|+SmashBrosBrawl|could u do
|c| BurstStream|thats why
|c| BurstStream|you use
|c|★IDerpy|draco
|c| BurstStream|Scarf Taunt
|c| Ariana Granbull|does para pass on?
|c|★IDerpy|so she couldnt get wp
|c|+SmashBrosBrawl|no
|c|+SmashBrosBrawl|lol
|leave|iKillzone
|c|+SmashBrosBrawl|shiba is a guy
|c| Ariana Granbull|:[]
|c|+dodmen|he has mach ape
|c|+dodmen|nigs
|c|+SmashBrosBrawl|dodmen
|c|★IDerpy|i do
|c|+SmashBrosBrawl|tyrnatrum
|
|switch|p2a: Fuccboii 2.0|Jirachi, shiny|341\/341
|-damage|p2a: Fuccboii 2.0|320\/341|[from] Stealth Rock
|
|turn|50
|c|+SmashBrosBrawl|was delayed
|c| ULT Narcotics|banded ? :p
|c|★IDerpy|but i dont think it kills
|c|★IDerpy|sharpedo
|c| ULT Narcotics|not if scarfed
|c|★IDerpy|shiba
|
|switch|p1a: Shiny Armor|Aggron-Mega, M|125\/344
|move|p2a: Fuccboii 2.0|Iron Head|p1a: Shiny Armor
|-resisted|p1a: Shiny Armor
|-damage|p1a: Shiny Armor|72\/344
|
|turn|51
|c|★IDerpy|plz
|c| ULT Narcotics|+2 vaacum wave from lucario doesnt kill :'(
|
|move|p2a: Fuccboii 2.0|Iron Head|p1a: Shiny Armor
|-resisted|p1a: Shiny Armor
|-damage|p1a: Shiny Armor|21\/344
|cant|p1a: Shiny Armor|flinch
|
|turn|52
|c| Ariana Granbull|kek
|c|★IDerpy|oh no
|
|move|p2a: Fuccboii 2.0|Iron Head|p1a: Shiny Armor
|-resisted|p1a: Shiny Armor
|-damage|p1a: Shiny Armor|0 fnt
|faint|p1a: Shiny Armor
|
|c|★xShiba|its double elim so theres another game after this
|c|★xShiba|>_>
|
|switch|p1a: Darkness|Hydreigon, M|326\/326
|turn|53
|c|★xShiba|if i win
|c|★IDerpy|oh
|c|+SmashBrosBrawl|wait thats
|c|+SmashBrosBrawl|the same tour
|c|+SmashBrosBrawl|before i left
|c| Ariana Granbull|mhm
|
|move|p2a: Fuccboii 2.0|Iron Head|p1a: Darkness
|-damage|p1a: Darkness|88\/326
|move|p1a: Darkness|Fire Blast|p2a: Fuccboii 2.0
|-supereffective|p2a: Fuccboii 2.0
|-damage|p2a: Fuccboii 2.0|54\/341
|
|turn|54
|c| Ariana Granbull|why
|c| Ariana Granbull|did
|c| Ariana Granbull|u
|c| Ariana Granbull|not
|c|★IDerpy|yeah i lost this one
|c|+dodmen|mach
|
|move|p2a: Fuccboii 2.0|Iron Head|p1a: Darkness
|-damage|p1a: Darkness|0 fnt
|faint|p1a: Darkness
|
|c|★IDerpy|does mach kill?
|
|switch|p1a: Mojo Jojo|Infernape, M|160\/293
|turn|55
|
|switch|p2a: Healthy Diet|Celebi|186\/404
|-damage|p2a: Healthy Diet|136\/404|[from] Stealth Rock
|move|p1a: Mojo Jojo|Mach Punch|p2a: Healthy Diet
|-resisted|p2a: Healthy Diet
|-damage|p2a: Healthy Diet|105\/404
|
|turn|56
|
|move|p1a: Mojo Jojo|Close Combat|p2a: Healthy Diet
|-crit|p2a: Healthy Diet
|-resisted|p2a: Healthy Diet
|-damage|p2a: Healthy Diet|0 fnt
|-unboost|p1a: Mojo Jojo|def|1
|-unboost|p1a: Mojo Jojo|spd|1
|faint|p2a: Healthy Diet
|
|c|★IDerpy|wait
|c|★IDerpy|yeah
|c|★IDerpy|sharp won
|c| Ariana Granbull|8 Atk Life Orb Iron Fist Infernape Mach Punch vs. 0 HP \/ 0 Def Jirachi: 71-86 (20.8 - 25.2%) -- 0% chance to 4HKO
|
|switch|p2a: Fuccboii|Sharpedo, M, shiny|281\/281
|-damage|p2a: Fuccboii|246\/281|[from] Stealth Rock
|turn|57
|c|+SmashBrosBrawl|nape
|c|+SmashBrosBrawl|wins
|c| Ariana Granbull|switch
|
|move|p2a: Fuccboii|Protect|p2a: Fuccboii
|-singleturn|p2a: Fuccboii|Protect
|move|p1a: Mojo Jojo|Mach Punch|p2a: Fuccboii
|-activate|p2a: Fuccboii|Protect
|
|-boost|p2a: Fuccboii|spe|1|[from] ability: Speed Boost
|turn|58
|c| Ariana Granbull|to celibi
|c|★IDerpy|does it?
|c| Ariana Granbull|why u no switch
|c| BurstStream|no
|c| BurstStream|he is lying
|c|+SmashBrosBrawl|wait
|c|+SmashBrosBrawl|that aint
|c|+SmashBrosBrawl|scarf ape
|c|+SmashBrosBrawl|bad
|c| BurstStream|to kill you
|c|★IDerpy|cuz crunch
|c|★IDerpy|and waterfall?
|c|+SmashBrosBrawl|BAD
|join|xShibo
|c| The Ess of Johan|if sharpenis can survive this
|c|★IDerpy|LMAO
|c|★xShiba|xShibo
|c|★xShiba|lmao
|c|★IDerpy|XSHIBO
|c|★IDerpy|i
|c|★IDerpy|i cant
|c|★xShiba|SBB
|c|+SmashBrosBrawl|wtf
|c|+SmashBrosBrawl|is this item
|c|★xShiba|Ill bring a different team next time
|c|★IDerpy|sash
|c|+SmashBrosBrawl|u cant
|c|★xShiba|just for you
|c|★xShiba|n_n
|c|★IDerpy|<3
|
|detailschange|p2a: Fuccboii|Sharpedo-Mega, M, shiny
|-mega|p2a: Fuccboii|Sharpedo|Sharpedonite
|move|p1a: Mojo Jojo|Mach Punch|p2a: Fuccboii
|-supereffective|p2a: Fuccboii
|-damage|p2a: Fuccboii|76\/281
|move|p2a: Fuccboii|Waterfall|p1a: Mojo Jojo
|-supereffective|p1a: Mojo Jojo
|-damage|p1a: Mojo Jojo|0 fnt
|faint|p1a: Mojo Jojo
|
|c|★IDerpy|damn
|
|switch|p1a: Satanic|Celebi|288\/341
|turn|59
|c|★IDerpy|at leats a crit
|c|★IDerpy|;-;
|c|★IDerpy|gg
|
|move|p2a: Fuccboii|Crunch|p1a: Satanic
|-supereffective|p1a: Satanic
|-damage|p1a: Satanic|0 fnt
|faint|p1a: Satanic
|
|win|xShiba
|c| Ariana Granbull|lol
|leave|xShiba
|c| Ariana Granbull|Get def
|leave|SmashBrosBrawl
|player|p2
|leave|IDerpy
|player|p1
|leave|Ariana Granbull
|leave|fmvkxcvlmz
|join|Ariana Granbull
|leave|The Ess of Johan
|leave|dodmen
|leave|Bik Krit
|leave|GetSauced
|leave|ULT LibLuc
|leave|ULT Narcotics
|join|Duskt70
|leave|Duskt70
|leave|xShibo
|leave|cityfolk
|leave|ChibiSonic
|leave|Specs Cranidos
|leave|Ariana Granbull
|leave|Frickett
|leave|r0ady
|leave|Hariyana Grande
|leave|so dynamic
|leave|BurstStream
|leave|ManOfMany23