|join|xShiba
|join|Vaporeon for Ubers
|player|p1|xShiba|260
|player|p2|Vaporeon for Ubers|168
|gametype|singles
|gen|6
|tier|UU
|rule|Sleep Clause Mod: Limit one foe put to sleep
|rule|Species Clause: Limit one of each Pokémon
|rule|OHKO Clause: OHKO moves are banned
|rule|Moody Clause: Moody is banned
|rule|Evasion Moves Clause: Evasion moves are banned
|rule|Endless Battle Clause: Forcing endless battles is banned
|rule|HP Percentage Mod: HP is shown in percentages
|clearpoke
|poke|p1|Celebi
|poke|p1|Sharpedo, M, shiny
|poke|p1|Jirachi, shiny
|poke|p1|Yanmega, M, shiny
|poke|p1|Donphan, M
|poke|p1|Vaporeon, F
|poke|p2|Medicham, M
|poke|p2|Jirachi
|poke|p2|Vaporeon, F
|poke|p2|Crobat, F
|poke|p2|Hydreigon, F
|poke|p2|Nidoqueen, F
|rule|Swagger Clause: Swagger is banned
|rule|Baton Pass Clause: Limit one Pokémon knowing Baton Pass
|teampreview
|join|zebra.k
|join|tecado
|join|Technosis
|c|★Vaporeon for Ubers|i uh
|join|Kuza
|join|SPEBSQSA
|c|★Vaporeon for Ubers|put haze
|join|InnovativeUsername
|c|★Vaporeon for Ubers|on my vapo
|c|★Vaporeon for Ubers|js
|join|THEiTodd
|c|★xShiba|u fkn nerd
|c|★xShiba|did you really
|c|★Vaporeon for Ubers|no lmao
|c|★xShiba|n_n
|leave|Technosis
|c|★Vaporeon for Ubers|that would be pretty ebin tho
|c|★Vaporeon for Ubers|ngl
|c|★xShiba|!learn vaporeon, haze
|raw|<div class="infobox">Vaporeon <span class="message-learn-canlearn">can<\/span> learn Haze<\/ul><\/div>
|join|sniperaim
|join|uutestest
|
|start
|switch|p1a: Steve|Donphan, M|364\/364
|switch|p2a: double priority|Medicham, M|261\/261
|turn|1
|join|The Ess of Johan
|
|switch|p1a: Zoom Zoom|Yanmega, M, shiny|313\/313
|detailschange|p2a: double priority|Medicham-Mega, M
|-mega|p2a: double priority|Medicham|Medichamite
|move|p2a: double priority|Ice Punch|p1a: Zoom Zoom
|-supereffective|p1a: Zoom Zoom
|-damage|p1a: Zoom Zoom|0 fnt
|faint|p1a: Zoom Zoom
|
|c|★Vaporeon for Ubers|ok
|leave|Kuza
|c|★Vaporeon for Ubers|:^]
|c|★xShiba|asdgasdgasd
|c|★xShiba|xcbxcb
|c|★xShiba|asdgadg
|c|★xShiba|wqtweqwgds
|c|★xShiba|g
|c|★xShiba|but
|c|★xShiba|fake out
|c|★xShiba|;_;
|c|★Vaporeon for Ubers|why would i fake out
|join|Docreunii
|c|★Vaporeon for Ubers|you think im one of those low ladder kids
|c|★xShiba|break sturdy
|c| THEiTodd|RIP
|c|★xShiba|wtf
|c|★Vaporeon for Ubers|that clicks fake out at any opportunity
|c| THEiTodd|mega medicham wins now
|c|★Vaporeon for Ubers|I couldnt kill you in one hit
|c|★Vaporeon for Ubers|anyways
|c|★xShiba|HJK OHKOs donphan tho
|c|★Vaporeon for Ubers|Like fake out + hjk doesnt kill
|c|★Vaporeon for Ubers|are you like
|c|★Vaporeon for Ubers|offensive
|c| THEiTodd|weakness policy celebi
|c| THEiTodd|dazzling gleam
|c|★xShiba|240+ Atk Pure Power Mega Medicham High Jump Kick vs. 172 HP \/ 0 Def Donphan: 330-388 (90.6 - 106.5%) -- 43.8% chance to OHKO
|c| THEiTodd|here
|c|★xShiba|after
|c|★xShiba|fake out
|c|★Vaporeon for Ubers|>implying adamant
|c|★xShiba|I mean
|c|★Vaporeon for Ubers|how bad do you think i am
|c|★xShiba|maybe
|c|★xShiba|>_>
|c|★Vaporeon for Ubers|:^[
|
|switch|p1a: Steve|Donphan, M|364\/364
|turn|2
|
|move|p2a: double priority|Ice Punch|p1a: Steve
|-crit|p1a: Steve
|-supereffective|p1a: Steve
|-activate|p1a: Steve|Sturdy
|-damage|p1a: Steve|1\/364
|move|p1a: Steve|Stealth Rock|p2a: double priority
|-sidestart|p2: Vaporeon for Ubers|move: Stealth Rock
|
|-heal|p1a: Steve|23\/364|[from] item: Leftovers
|turn|3
|
|move|p1a: Steve|Ice Shard|p2a: double priority
|-damage|p2a: double priority|208\/261
|move|p2a: double priority|Ice Punch|p1a: Steve
|-supereffective|p1a: Steve
|-damage|p1a: Steve|0 fnt
|faint|p1a: Steve
|
|join|Shaaymin
|c|★xShiba|currently hating my life
|
|switch|p1a: Fuccboii 2.0|Jirachi, shiny|341\/341
|turn|4
|c| Shaaymin|medicham op
|join|CD56
|c| sniperaim|why is medicham mega uu
|
|move|p1a: Fuccboii 2.0|U-turn|p2a: double priority
|-damage|p2a: double priority|127\/261
|c|★Vaporeon for Ubers|no clue
|c|★xShiba|fk
|c|★Vaporeon for Ubers|but im gonna abuse the fuck out of it
|c| sniperaim|lolol!
|c|★Vaporeon for Ubers|also somethings gonna eat this up
|
|switch|p1a: Ay Der Cune|Vaporeon, F|452\/452
|move|p2a: double priority|Ice Punch|p1a: Ay Der Cune
|-resisted|p1a: Ay Der Cune
|-damage|p1a: Ay Der Cune|357\/452
|
|-heal|p1a: Ay Der Cune|385\/452|[from] item: Leftovers
|turn|5
|c|★xShiba|miss
|c|★xShiba|o
|c|★Vaporeon for Ubers|damn
|c|★xShiba|nice HJK
|c|★xShiba|n3rd
|c|★Vaporeon for Ubers|thanks
|c| Shaaymin|apparently not good enough to bein ou
|c|★xShiba|;^)
|
|move|p2a: double priority|Zen Headbutt|p1a: Ay Der Cune
|-damage|p1a: Ay Der Cune|91\/452
|move|p1a: Ay Der Cune|Scald|p2a: double priority
|-damage|p2a: double priority|16\/261
|-status|p2a: double priority|brn
|
|-heal|p1a: Ay Der Cune|119\/452|[from] item: Leftovers
|-damage|p2a: double priority|0 fnt|[from] brn
|faint|p2a: double priority
|c|★Vaporeon for Ubers|SICK
|c|★Vaporeon for Ubers|BURN
|c|★Vaporeon for Ubers|KID
|join|GyNmdAce
|c|★xShiba|thx fren
|c|★xShiba|:^)
|c|★Vaporeon for Ubers|that literally
|c|★Vaporeon for Ubers|just lost me the match
|c|★Vaporeon for Ubers|LOL
|c|★xShiba|Shark
|c|★xShiba|shark
|c|★xShiba|shark
|c|★xShiba|shark
|c|★xShiba|shark
|c|★Vaporeon for Ubers|LITERALLY
|c|★xShiba|shark
|c|★xShiba|shark
|c|★xShiba|shark
|c|★Vaporeon for Ubers|LOST ME THE MATCH
|c|★xShiba|!!!
|raw|<div class="broadcast-red"><b>Moderated chat was set to +!<\/b><br \/>Only users of rank + and higher can talk.<\/div>
THEiTodd was promoted to Room Voice by xShiba.
|raw|<div class="broadcast-blue"><b>Moderated chat was disabled!<\/b><br \/>Anyone may talk now.<\/div>
|join|Mighty Dagon
|
|switch|p2a: wanna yiff|Hydreigon, F|325\/325
|-damage|p2a: wanna yiff|285\/325|[from] Stealth Rock
|turn|6
|join|TheLatiosWarrior
|c| TheLatiosWarrior|yay
|
|move|p1a: Ay Der Cune|Protect|p1a: Ay Der Cune
|-singleturn|p1a: Ay Der Cune|Protect
|move|p2a: wanna yiff|Dark Pulse|p1a: Ay Der Cune
|-activate|p1a: Ay Der Cune|Protect
|
|-heal|p1a: Ay Der Cune|147\/452|[from] item: Leftovers
|turn|7
|c|★xShiba|are you specs
|c|★Vaporeon for Ubers|how to be a fuck boy ft xShiba
|c|★Vaporeon for Ubers|idk
|
|move|p2a: wanna yiff|Dark Pulse|p1a: Ay Der Cune
|-damage|p1a: Ay Der Cune|0 fnt
|faint|p1a: Ay Der Cune
|
|c|★Vaporeon for Ubers|yes
|
|switch|p1a: Healthy Diet|Celebi|404\/404
|turn|8
|c|★xShiba|hit me
|c|★Vaporeon for Ubers|I mean
|c|★Vaporeon for Ubers|it doesnt kill
|c|★Vaporeon for Ubers|since youre like full fucking spdef
|c|★xShiba|hit me
|c|★xShiba|pls
|c|★xShiba|I like dark attacks
|
|move|p2a: wanna yiff|Dark Pulse|p1a: Healthy Diet
|-supereffective|p1a: Healthy Diet
|-damage|p1a: Healthy Diet|104\/404
|-enditem|p1a: Healthy Diet|Weakness Policy
|-boost|p1a: Healthy Diet|atk|2|[from] item: Weakness Policy
|-boost|p1a: Healthy Diet|spa|2|[from] item: Weakness Policy
|move|p1a: Healthy Diet|Baton Pass|p1a: Healthy Diet
|c|★Vaporeon for Ubers|oml
|c|★Vaporeon for Ubers|last time
|c|★Vaporeon for Ubers|you fucking
|c|★Vaporeon for Ubers|sd'd
|c|★Vaporeon for Ubers|on my rachi switch
|
|switch|p1a: Fuccboii|Sharpedo, M, shiny|281\/281
|
|turn|9
|c|★Vaporeon for Ubers|why didnt you do that this time
|c|★Vaporeon for Ubers|are you bad
|c|★Vaporeon for Ubers|or something
|c|★xShiba|:^)
|
|move|p1a: Fuccboii|Protect|p1a: Fuccboii
|-singleturn|p1a: Fuccboii|Protect
|move|p2a: wanna yiff|Dark Pulse|p1a: Fuccboii
|-activate|p1a: Fuccboii|Protect
|
|-boost|p1a: Fuccboii|spe|1|[from] ability: Speed Boost
|turn|10
|c|★xShiba|this isnt ladder
|c|★xShiba|I make plays on ladder
|c|★xShiba|obv
|
|move|p1a: Fuccboii|Ice Fang|p2a: wanna yiff
|-supereffective|p2a: wanna yiff
|-damage|p2a: wanna yiff|0 fnt
|faint|p2a: wanna yiff
|
|-boost|p1a: Fuccboii|spe|1|[from] ability: Speed Boost
|c|★Vaporeon for Ubers|nah you made a nice play with the uh
|c|★Vaporeon for Ubers|scald burn
|-message|Vaporeon for Ubers forfeited.
|leave|Vaporeon for Ubers
|
|win|xShiba
|player|p2
|leave|zebra.k
|leave|xShiba
|leave|tecado