|join|Grievous_Gamer
|join|dukevesper
|player|p1|Grievous_Gamer|153
|player|p2|dukevesper|169
|gametype|singles
|gen|6
|tier|OU
|rated
|clearpoke
|poke|p1|Tyranitar, M
|poke|p1|Garchomp, M
|poke|p1|Charizard, M
|poke|p1|Dragonite, M
|poke|p1|Latios, M
|poke|p1|Metagross
|poke|p2|Breloom, F
|poke|p2|Manectric, M
|poke|p2|Landorus-Therian, M
|poke|p2|Slowbro, M
|poke|p2|Greninja, M
|poke|p2|Tyranitar, F
|rule|Swagger Clause: Swagger is banned
|rule|Baton Pass Clause: Limit one Pokémon knowing Baton Pass
|rule|Sleep Clause Mod: Limit one foe put to sleep
|rule|Species Clause: Limit one of each Pokémon
|rule|OHKO Clause: OHKO moves are banned
|rule|Moody Clause: Moody is banned
|rule|Evasion Moves Clause: Evasion moves are banned
|rule|Endless Battle Clause: Forcing endless battles is banned
|rule|HP Percentage Mod: HP is shown in percentages
|teampreview
|
|start
|switch|p1a: Tyranitar|Tyranitar, M|341\/341
|switch|p2a: Landorus-Therian|Landorus-Therian, M|382\/382
|-ability|p2a: Landorus-Therian|Intimidate|[of] p1a: Tyranitar
|-unboost|p1a: Tyranitar|atk|1
|-weather|Sandstorm
|turn|1
|
|move|p2a: Landorus-Therian|Stealth Rock|p1a: Tyranitar
|-sidestart|p1: Grievous_Gamer|move: Stealth Rock
|move|p1a: Tyranitar|Stealth Rock|p2a: Landorus-Therian
|-sidestart|p2: dukevesper|move: Stealth Rock
|
|-weather|Sandstorm|[upkeep]
|turn|2
|
|move|p2a: Landorus-Therian|Earthquake|p1a: Tyranitar
|-supereffective|p1a: Tyranitar
|-damage|p1a: Tyranitar|35\/341
|move|p1a: Tyranitar|Toxic|p2a: Landorus-Therian
|-status|p2a: Landorus-Therian|tox
|
|-weather|Sandstorm|[upkeep]
|-heal|p1a: Tyranitar|56\/341|[from] item: Leftovers
|-damage|p2a: Landorus-Therian|359\/382 tox|[from] psn
|turn|3
|
|move|p2a: Landorus-Therian|U-turn|p1a: Tyranitar
|-supereffective|p1a: Tyranitar
|-damage|p1a: Tyranitar|0 fnt
|faint|p1a: Tyranitar
|
|switch|p2a: Tyranitar|Tyranitar, F|342\/342
|-damage|p2a: Tyranitar|300\/342|[from] Stealth Rock
|
|-weather|Sandstorm|[upkeep]
|
|switch|p1a: Garchomp|Garchomp, M|358\/358
|-damage|p1a: Garchomp|336\/358|[from] Stealth Rock
|turn|4
|
|move|p1a: Garchomp|Earthquake|p2a: Tyranitar
|-supereffective|p2a: Tyranitar
|-damage|p2a: Tyranitar|0 fnt
|faint|p2a: Tyranitar
|
|-weather|Sandstorm|[upkeep]
|
|switch|p2a: Slowbro|Slowbro, M|394\/394
|-damage|p2a: Slowbro|345\/394|[from] Stealth Rock
|turn|5
|
|switch|p1a: Latios|Latios, M|302\/302
|-damage|p1a: Latios|265\/302|[from] Stealth Rock
|move|p2a: Slowbro|Scald|p1a: Latios
|-resisted|p1a: Latios
|-damage|p1a: Latios|222\/302
|
|-weather|none
|-heal|p2a: Slowbro|369\/394|[from] item: Leftovers
|turn|6
|
|move|p1a: Latios|Trick|p2a: Slowbro
|-activate|p1a: Latios|move: Trick|[of] p2a: Slowbro
|-item|p2a: Slowbro|Choice Scarf|[from] move: Trick
|-item|p1a: Latios|Leftovers|[from] move: Trick
|move|p2a: Slowbro|Slack Off|p2a: Slowbro
|-heal|p2a: Slowbro|394\/394
|
|-heal|p1a: Latios|240\/302|[from] item: Leftovers
|turn|7
|
|move|p1a: Latios|Energy Ball|p2a: Slowbro
|-supereffective|p2a: Slowbro
|-damage|p2a: Slowbro|120\/394
|move|p2a: Slowbro|Slack Off|p2a: Slowbro
|-heal|p2a: Slowbro|317\/394
|
|-heal|p1a: Latios|258\/302|[from] item: Leftovers
|turn|8
|
|move|p1a: Latios|Energy Ball|p2a: Slowbro
|-supereffective|p2a: Slowbro
|-damage|p2a: Slowbro|51\/394
|move|p2a: Slowbro|Slack Off|p2a: Slowbro
|-heal|p2a: Slowbro|248\/394
|
|-heal|p1a: Latios|276\/302|[from] item: Leftovers
|turn|9
|
|move|p1a: Latios|Energy Ball|p2a: Slowbro
|-crit|p2a: Slowbro
|-supereffective|p2a: Slowbro
|-damage|p2a: Slowbro|0 fnt
|faint|p2a: Slowbro
|
|-heal|p1a: Latios|294\/302|[from] item: Leftovers
|
|switch|p2a: Greninja|Greninja, M|286\/286
|-damage|p2a: Greninja|251\/286|[from] Stealth Rock
|turn|10
|
|switch|p1a: Metagross|Metagross|337\/337
|-damage|p1a: Metagross|316\/337|[from] Stealth Rock
|move|p2a: Greninja|Ice Beam|p1a: Metagross
|-start|p2a: Greninja|typechange|Ice|[from] Protean
|-resisted|p1a: Metagross
|-damage|p1a: Metagross|254\/337
|-status|p1a: Metagross|frz
|-damage|p2a: Greninja|223\/286|[from] item: Life Orb
|
|turn|11
|
|cant|p1a: Metagross|frz
|move|p2a: Greninja|Dark Pulse|p1a: Metagross
|-start|p2a: Greninja|typechange|Dark|[from] Protean
|-supereffective|p1a: Metagross
|-damage|p1a: Metagross|25\/337 frz
|-damage|p2a: Greninja|195\/286|[from] item: Life Orb
|
|turn|12
|
|switch|p2a: Landorus-Therian|Landorus-Therian, M|359\/382 tox
|-damage|p2a: Landorus-Therian|312\/382 tox|[from] Stealth Rock
|-ability|p2a: Landorus-Therian|Intimidate|[of] p1a: Metagross
|-fail|p1a: Metagross|unboost|[from] ability: Clear Body|[of] p1a: Metagross
|-curestatus|p1a: Metagross|frz
|move|p1a: Metagross|Bullet Punch|p2a: Landorus-Therian
|-damage|p2a: Landorus-Therian|224\/382 tox
|
|-heal|p2a: Landorus-Therian|247\/382 tox|[from] item: Leftovers
|-damage|p2a: Landorus-Therian|224\/382 tox|[from] psn
|turn|13
|
|move|p1a: Metagross|Bullet Punch|p2a: Landorus-Therian
|-damage|p2a: Landorus-Therian|137\/382 tox
|move|p2a: Landorus-Therian|U-turn|p1a: Metagross
|-damage|p1a: Metagross|0 fnt
|faint|p1a: Metagross
|
|switch|p2a: Manectric|Manectric, M|281\/281
|-damage|p2a: Manectric|246\/281|[from] Stealth Rock
|
|
|switch|p1a: Garchomp|Garchomp, M|336\/358
|-damage|p1a: Garchomp|314\/358|[from] Stealth Rock
|turn|14
|
|switch|p2a: Landorus-Therian|Landorus-Therian, M|137\/382 tox
|-damage|p2a: Landorus-Therian|90\/382 tox|[from] Stealth Rock
|-ability|p2a: Landorus-Therian|Intimidate|[of] p1a: Garchomp
|-unboost|p1a: Garchomp|atk|1
|move|p1a: Garchomp|Earthquake|p2a: Landorus-Therian
|-immune|p2a: Landorus-Therian|[msg]
|
|-heal|p2a: Landorus-Therian|113\/382 tox|[from] item: Leftovers
|-damage|p2a: Landorus-Therian|90\/382 tox|[from] psn
|turn|15
|
|switch|p1a: Dragonite|Dragonite, M|323\/323
|-damage|p1a: Dragonite|243\/323|[from] Stealth Rock
|move|p2a: Landorus-Therian|Knock Off|p1a: Dragonite
|-damage|p1a: Dragonite|99\/323
|-enditem|p1a: Dragonite|Lum Berry|[from] move: Knock Off|[of] p2a: Landorus-Therian
|
|-heal|p2a: Landorus-Therian|113\/382 tox|[from] item: Leftovers
|-damage|p2a: Landorus-Therian|67\/382 tox|[from] psn
|turn|16
|
|move|p1a: Dragonite|Extreme Speed|p2a: Landorus-Therian
|-damage|p2a: Landorus-Therian|0 fnt
|faint|p2a: Landorus-Therian
|
|
|switch|p2a: Manectric|Manectric, M|246\/281
|-damage|p2a: Manectric|211\/281|[from] Stealth Rock
|turn|17
|
|detailschange|p2a: Manectric|Manectric-Mega, M
|message|Manectric has Mega Evolved into Mega Manectric!
|-ability|p2a: Manectric|Intimidate|[of] p1a: Dragonite
|-unboost|p1a: Dragonite|atk|1
|move|p1a: Dragonite|Extreme Speed|p2a: Manectric
|-damage|p2a: Manectric|129\/281
|move|p2a: Manectric|Thunderbolt|p1a: Dragonite
|-damage|p1a: Dragonite|0 fnt
|faint|p1a: Dragonite
|
|
|switch|p1a: Garchomp|Garchomp, M|314\/358
|-damage|p1a: Garchomp|292\/358|[from] Stealth Rock
|turn|18
|
|switch|p2a: Breloom|Breloom, F|262\/262
|-damage|p2a: Breloom|246\/262|[from] Stealth Rock
|move|p1a: Garchomp|Earthquake|p2a: Breloom
|-resisted|p2a: Breloom
|-damage|p2a: Breloom|132\/262
|
|turn|19
|
|switch|p1a: Charizard|Charizard, M|297\/297
|-damage|p1a: Charizard|149\/297|[from] Stealth Rock
|move|p2a: Breloom|Spore|p1a: Charizard
|-status|p1a: Charizard|slp
|
|turn|20
|
|detailschange|p1a: Charizard|Charizard-Mega-Y, M
|message|Charizard has Mega Evolved into Mega Charizard!
|-weather|SunnyDay
|cant|p1a: Charizard|slp
|move|p2a: Breloom|Swords Dance|p2a: Breloom
|-boost|p2a: Breloom|atk|2
|
|-weather|SunnyDay|[upkeep]
|turn|21
|
|cant|p1a: Charizard|slp
|move|p2a: Breloom|Swords Dance|p2a: Breloom
|-boost|p2a: Breloom|atk|2
|
|-weather|SunnyDay|[upkeep]
|turn|22
|
|-curestatus|p1a: Charizard|slp
|move|p1a: Charizard|Flamethrower|p2a: Breloom
|-supereffective|p2a: Breloom
|-damage|p2a: Breloom|0 fnt
|faint|p2a: Breloom
|
|-weather|SunnyDay|[upkeep]
|c|★dukevesper|gg
|
|switch|p2a: Manectric|Manectric-Mega, M|129\/281
|-damage|p2a: Manectric|94\/281|[from] Stealth Rock
|-ability|p2a: Manectric|Intimidate|[of] p1a: Charizard
|-unboost|p1a: Charizard|atk|1
|turn|23
|c|★Grievous_Gamer|gg
|
|move|p2a: Manectric|Hidden Power|p1a: Charizard
|-damage|p1a: Charizard|87\/297
|move|p1a: Charizard|Flamethrower|p2a: Manectric
|-damage|p2a: Manectric|0 fnt
|faint|p2a: Manectric
|
|-weather|SunnyDay|[upkeep]
|-message|dukevesper forfeited.
|
|win|Grievous_Gamer
|raw|Ladder updating...
|leave|dukevesper
|player|p2
|raw|Grievous_Gamer's rating: 1439 &rarr; <strong>1461<\/strong><br \/>(+22 for winning)
|raw|dukevesper's rating: 1483 &rarr; <strong>1460<\/strong><br \/>(-23 for losing)
|leave|Grievous_Gamer
|player|p1
|join|Grievous_Gamer