|join|Giant Steps
|join|dukevesper
|player|p1|Giant Steps|76
|player|p2|dukevesper|102
|gametype|singles
|gen|6
|tier|OU
|rated
|clearpoke
|poke|p1|Rhyperior, M
|poke|p1|Heracross, M
|poke|p1|Landorus-Therian, M
|poke|p1|Gyarados, M
|poke|p1|Starmie
|poke|p1|Terrakion
|poke|p2|Azumarill, M
|poke|p2|Tyranitar, M
|poke|p2|Breloom, F
|poke|p2|Thundurus, M
|poke|p2|Landorus-Therian, M
|poke|p2|Clefable, M
|rule|Swagger Clause: Swagger is banned
|rule|Baton Pass Clause: Limit one Pokémon knowing Baton Pass
|rule|Sleep Clause Mod: Limit one foe put to sleep
|rule|Species Clause: Limit one of each Pokémon
|rule|OHKO Clause: OHKO moves are banned
|rule|Moody Clause: Moody is banned
|rule|Evasion Moves Clause: Evasion moves are banned
|rule|Endless Battle Clause: Forcing endless battles is banned
|rule|HP Percentage Mod: HP is shown in percentages
|teampreview
|
|start
|switch|p1a: Terrakion|Terrakion|323\/323
|switch|p2a: Colleen|Clefable, M|394\/394
|turn|1
|
|move|p1a: Terrakion|Taunt|p2a: Colleen
|-start|p2a: Colleen|move: Taunt
|cant|p2a: Colleen|move: Taunt|Cosmic Power
|
|turn|2
|
|move|p1a: Terrakion|Stealth Rock|p2a: Colleen
|-sidestart|p2: dukevesper|move: Stealth Rock
|move|p2a: Colleen|Moonblast|p1a: Terrakion
|-supereffective|p1a: Terrakion
|-damage|p1a: Terrakion|81\/323
|
|turn|3
|
|move|p1a: Terrakion|Stone Edge|p2a: Colleen
|-damage|p2a: Colleen|235\/394
|move|p2a: Colleen|Moonblast|p1a: Terrakion
|-supereffective|p1a: Terrakion
|-damage|p1a: Terrakion|0 fnt
|faint|p1a: Terrakion
|
|-heal|p2a: Colleen|259\/394|[from] item: Leftovers
|-end|p2a: Colleen|move: Taunt
|
|switch|p1a: Heracross|Heracross, M|311\/311
|turn|4
|
|detailschange|p1a: Heracross|Heracross-Mega, M
|message|Heracross has Mega Evolved into Mega Heracross!
|move|p1a: Heracross|Rock Blast|p2a: Colleen
|-damage|p2a: Colleen|223\/394
|-damage|p2a: Colleen|181\/394
|-damage|p2a: Colleen|146\/394
|-damage|p2a: Colleen|110\/394
|-crit|p2a: Colleen
|-damage|p2a: Colleen|49\/394
|-hitcount|p2a: Colleen|5
|move|p2a: Colleen|Soft-Boiled|p2a: Colleen
|-heal|p2a: Colleen|246\/394
|
|-heal|p2a: Colleen|270\/394|[from] item: Leftovers
|turn|5
|
|move|p1a: Heracross|Rock Blast|p2a: Colleen
|-damage|p2a: Colleen|234\/394
|-damage|p2a: Colleen|199\/394
|-damage|p2a: Colleen|163\/394
|-damage|p2a: Colleen|126\/394
|-damage|p2a: Colleen|89\/394
|-hitcount|p2a: Colleen|5
|move|p2a: Colleen|Moonblast|p1a: Heracross
|-supereffective|p1a: Heracross
|-damage|p1a: Heracross|87\/311
|
|-heal|p2a: Colleen|113\/394|[from] item: Leftovers
|turn|6
|
|move|p1a: Heracross|Rock Blast|p2a: Colleen
|-damage|p2a: Colleen|77\/394
|-damage|p2a: Colleen|41\/394
|-damage|p2a: Colleen|0 fnt
|-hitcount|p2a: Colleen|3
|faint|p2a: Colleen
|
|
|switch|p2a: Bubblebutt|Azumarill, M|401\/401
|-damage|p2a: Bubblebutt|351\/401|[from] Stealth Rock
|turn|7
|
|switch|p1a: Gyarados|Gyarados, M|393\/393
|-ability|p1a: Gyarados|Intimidate|[of] p2a: Bubblebutt
|-unboost|p2a: Bubblebutt|atk|1
|move|p2a: Bubblebutt|Aqua Jet|p1a: Gyarados
|-resisted|p1a: Gyarados
|-damage|p1a: Gyarados|358\/393
|
|-heal|p1a: Gyarados|382\/393|[from] item: Leftovers
|turn|8
|
|switch|p1a: Landorus-Therian|Landorus-Therian, M|320\/320
|-ability|p1a: Landorus-Therian|Intimidate|[of] p2a: Bubblebutt
|-unboost|p2a: Bubblebutt|atk|1
|move|p2a: Bubblebutt|Knock Off|p1a: Landorus-Therian
|-damage|p1a: Landorus-Therian|236\/320
|-enditem|p1a: Landorus-Therian|Choice Scarf|[from] move: Knock Off|[of] p2a: Bubblebutt
|
|turn|9
|
|move|p1a: Landorus-Therian|U-turn|p2a: Bubblebutt
|-resisted|p2a: Bubblebutt
|-damage|p2a: Bubblebutt|298\/401
|
|switch|p1a: Gyarados|Gyarados, M|382\/393
|-ability|p1a: Gyarados|Intimidate|[of] p2a: Bubblebutt
|-unboost|p2a: Bubblebutt|atk|1
|move|p2a: Bubblebutt|Play Rough|p1a: Gyarados
|-damage|p1a: Gyarados|283\/393
|
|-heal|p1a: Gyarados|307\/393|[from] item: Leftovers
|turn|10
|
|switch|p2a: Megure|Landorus-Therian, M|320\/320
|-damage|p2a: Megure|280\/320|[from] Stealth Rock
|-ability|p2a: Megure|Intimidate|[of] p1a: Gyarados
|-unboost|p1a: Gyarados|atk|1
|move|p1a: Gyarados|Dragon Dance|p1a: Gyarados
|-boost|p1a: Gyarados|atk|1
|-boost|p1a: Gyarados|spe|1
|
|-heal|p1a: Gyarados|331\/393|[from] item: Leftovers
|turn|11
|chat|dukevesper|crap
|
|move|p2a: Megure|Stone Edge|p1a: Gyarados
|-supereffective|p1a: Gyarados
|-damage|p1a: Gyarados|19\/393
|move|p1a: Gyarados|Waterfall|p2a: Megure
|-supereffective|p2a: Megure
|-damage|p2a: Megure|0 fnt
|faint|p2a: Megure
|
|-heal|p1a: Gyarados|43\/393|[from] item: Leftovers
|
|switch|p2a: Seedfolks|Breloom, F|262\/262
|-damage|p2a: Seedfolks|246\/262|[from] Stealth Rock
|turn|12
|
|move|p2a: Seedfolks|Mach Punch|p1a: Gyarados
|-resisted|p1a: Gyarados
|-damage|p1a: Gyarados|0 fnt
|faint|p1a: Gyarados
|
|
|switch|p1a: Landorus-Therian|Landorus-Therian, M|236\/320
|-ability|p1a: Landorus-Therian|Intimidate|[of] p2a: Seedfolks
|-unboost|p2a: Seedfolks|atk|1
|turn|13
|
|move|p1a: Landorus-Therian|U-turn|p2a: Seedfolks
|-damage|p2a: Seedfolks|141\/262
|
|switch|p1a: Heracross|Heracross-Mega, M|87\/311
|move|p2a: Seedfolks|Bullet Seed|p1a: Heracross
|-resisted|p1a: Heracross
|-damage|p1a: Heracross|69\/311
|-resisted|p1a: Heracross
|-damage|p1a: Heracross|50\/311
|-resisted|p1a: Heracross
|-damage|p1a: Heracross|32\/311
|-hitcount|p1a: Heracross|3
|
|turn|14
|
|switch|p1a: Landorus-Therian|Landorus-Therian, M|236\/320
|-ability|p1a: Landorus-Therian|Intimidate|[of] p2a: Seedfolks
|-unboost|p2a: Seedfolks|atk|1
|move|p2a: Seedfolks|Mach Punch|p1a: Landorus-Therian
|-resisted|p1a: Landorus-Therian
|-damage|p1a: Landorus-Therian|209\/320
|
|turn|15
|
|switch|p2a: Bubblebutt|Azumarill, M|298\/401
|-damage|p2a: Bubblebutt|248\/401|[from] Stealth Rock
|move|p1a: Landorus-Therian|U-turn|p2a: Bubblebutt
|-resisted|p2a: Bubblebutt
|-damage|p2a: Bubblebutt|193\/401
|
|switch|p1a: Starmie|Starmie|261\/261
|
|turn|16
|
|move|p1a: Starmie|Psyshock|p2a: Bubblebutt
|-damage|p2a: Bubblebutt|0 fnt
|-damage|p1a: Starmie|235\/261|[from] item: Life Orb
|faint|p2a: Bubblebutt
|
|
|switch|p2a: Darude|Tyranitar, M|342\/342
|-damage|p2a: Darude|300\/342|[from] Stealth Rock
|-weather|Sandstorm
|turn|17
|
|switch|p1a: Landorus-Therian|Landorus-Therian, M|209\/320
|-ability|p1a: Landorus-Therian|Intimidate|[of] p2a: Darude
|-unboost|p2a: Darude|atk|1
|detailschange|p2a: Darude|Tyranitar-Mega, M
|message|Tyranitar has Mega Evolved into Mega Tyranitar!
|move|p2a: Darude|Dragon Dance|p2a: Darude
|-boost|p2a: Darude|atk|1
|-boost|p2a: Darude|spe|1
|
|-weather|Sandstorm|[upkeep]
|turn|18
|
|move|p2a: Darude|Ice Punch|p1a: Landorus-Therian
|-supereffective|p1a: Landorus-Therian
|-damage|p1a: Landorus-Therian|0 fnt
|faint|p1a: Landorus-Therian
|
|-weather|Sandstorm|[upkeep]
|
|switch|p1a: Rhyperior|Rhyperior, M|372\/372
|turn|19
|
|move|p2a: Darude|Ice Punch|p1a: Rhyperior
|-supereffective|p1a: Rhyperior
|-damage|p1a: Rhyperior|252\/372
|-enditem|p1a: Rhyperior|Weakness Policy
|-boost|p1a: Rhyperior|atk|2|[from] item: Weakness Policy
|-boost|p1a: Rhyperior|spa|2|[from] item: Weakness Policy
|move|p1a: Rhyperior|Rock Polish|p1a: Rhyperior
|-boost|p1a: Rhyperior|spe|2
|
|-weather|Sandstorm|[upkeep]
|turn|20
|
|move|p2a: Darude|Ice Punch|p1a: Rhyperior
|-supereffective|p1a: Rhyperior
|-damage|p1a: Rhyperior|129\/372
|move|p1a: Rhyperior|Earthquake|p2a: Darude
|-supereffective|p2a: Darude
|-damage|p2a: Darude|0 fnt
|faint|p2a: Darude
|
|-weather|Sandstorm|[upkeep]
|
|switch|p2a: Cumulus|Thundurus, M|300\/300
|-damage|p2a: Cumulus|225\/300|[from] Stealth Rock
|turn|21
|
|move|p1a: Rhyperior|Stone Edge|p2a: Cumulus
|-supereffective|p2a: Cumulus
|-damage|p2a: Cumulus|0 fnt
|faint|p2a: Cumulus
|
|-weather|none
|
|switch|p2a: Seedfolks|Breloom, F|141\/262
|-damage|p2a: Seedfolks|125\/262|[from] Stealth Rock
|turn|22
|
|move|p2a: Seedfolks|Mach Punch|p1a: Rhyperior
|-crit|p1a: Rhyperior
|-supereffective|p1a: Rhyperior
|-damage|p1a: Rhyperior|0 fnt
|faint|p1a: Rhyperior
|
|
|switch|p1a: Starmie|Starmie|235\/261
|turn|23
|
|move|p1a: Starmie|Psyshock|p2a: Seedfolks
|-supereffective|p2a: Seedfolks
|-damage|p2a: Seedfolks|0 fnt
|-damage|p1a: Starmie|209\/261|[from] item: Life Orb
|faint|p2a: Seedfolks
|
|win|Giant Steps
|raw|Ladder updating...
|raw|Giant Steps's rating: 1546 &rarr; <strong>1564<\/strong><br \/>(+18 for winning)
|raw|dukevesper's rating: 1504 &rarr; <strong>1487<\/strong><br \/>(-17 for losing)
|chat|Giant Steps|gg