|join|Test one two three
|join|RIPCharlie
|player|p1|Test one two three|101
|player|p2|RIPCharlie|2
|gametype|singles
|gen|6
|tier|OU
|rated
|clearpoke
|poke|p1|Pinsir, M
|poke|p1|Conkeldurr, M
|poke|p1|Latias, F
|poke|p1|Clefable, F
|poke|p1|Heatran, M
|poke|p1|Landorus-Therian, M
|poke|p2|Starmie
|poke|p2|Quagsire, M
|poke|p2|Amoonguss, M
|poke|p2|Skarmory, M
|poke|p2|Sableye, M
|poke|p2|Chansey, F
|rule|Swagger Clause: Swagger is banned
|rule|Baton Pass Clause: Limit one Pokémon knowing Baton Pass
|rule|Sleep Clause Mod: Limit one foe put to sleep
|rule|Species Clause: Limit one of each Pokémon
|rule|OHKO Clause: OHKO moves are banned
|rule|Moody Clause: Moody is banned
|rule|Evasion Moves Clause: Evasion moves are banned
|rule|Endless Battle Clause: Forcing endless battles is banned
|rule|HP Percentage Mod: HP is shown in percentages
|teampreview
|
|start
|switch|p1a: Landorus-Therian|Landorus-Therian, M|319\/319
|switch|p2a: Sableye|Sableye, M|304\/304
|-ability|p1a: Landorus-Therian|Intimidate|[of] p2a: Sableye
|-unboost|p2a: Sableye|atk|1
|turn|1
|
|switch|p1a: Clefable|Clefable, F|390\/390
|detailschange|p2a: Sableye|Sableye-Mega, M
|-mega|p2a: Sableye|Sableye|Sablenite
|move|p2a: Sableye|Knock Off|p1a: Clefable
|-resisted|p1a: Clefable
|-damage|p1a: Clefable|363\/390
|-enditem|p1a: Clefable|Leftovers|[from] move: Knock Off|[of] p2a: Sableye
|
|turn|2
|
|switch|p2a: Amoonguss|Amoonguss, M|432\/432
|move|p1a: Clefable|Moonblast|p2a: Amoonguss
|-resisted|p2a: Amoonguss
|-damage|p2a: Amoonguss|378\/432
|-unboost|p2a: Amoonguss|spa|1
|
|-heal|p2a: Amoonguss|405\/432|[from] item: Black Sludge
|turn|3
|join|Vazhura
|
|switch|p1a: Conkeldurr|Conkeldurr, M|351\/351
|switch|p2a: Sableye|Sableye-Mega, M|304\/304
|
|turn|4
|
|switch|p1a: Clefable|Clefable, F|363\/390
|move|p2a: Sableye|Toxic|p1a: Clefable
|-status|p1a: Clefable|tox
|
|turn|5
|
|switch|p2a: Amoonguss|Amoonguss, M|432\/432
|move|p1a: Clefable|Moonblast|p2a: Amoonguss
|-resisted|p2a: Amoonguss
|-damage|p2a: Amoonguss|373\/432
|
|-heal|p2a: Amoonguss|400\/432|[from] item: Black Sludge
|turn|6
|
|switch|p1a: Conkeldurr|Conkeldurr, M|351\/351
|move|p2a: Amoonguss|Clear Smog|p1a: Conkeldurr
|-damage|p1a: Conkeldurr|317\/351
|-clearboost|p1a: Conkeldurr
|
|-heal|p2a: Amoonguss|427\/432|[from] item: Black Sludge
|turn|7
|
|switch|p2a: Sableye|Sableye-Mega, M|304\/304
|move|p1a: Conkeldurr|Ice Punch|p2a: Sableye
|-damage|p2a: Sableye|227\/304
|
|turn|8
|
|switch|p1a: Clefable|Clefable, F|363\/390 tox
|move|p2a: Sableye|Recover|p2a: Sableye
|-heal|p2a: Sableye|304\/304
|
|turn|9
|
|switch|p2a: Skarmory|Skarmory, M|333\/333
|move|p1a: Clefable|Calm Mind|p1a: Clefable
|-boost|p1a: Clefable|spa|1
|-boost|p1a: Clefable|spd|1
|
|turn|10
|
|move|p2a: Skarmory|Iron Head|p1a: Clefable
|-supereffective|p1a: Clefable
|-damage|p1a: Clefable|225\/390 tox
|move|p1a: Clefable|Flamethrower|p2a: Skarmory
|-supereffective|p2a: Skarmory
|-damage|p2a: Skarmory|143\/333
|
|turn|11
|
|move|p2a: Skarmory|Roost|p2a: Skarmory
|-heal|p2a: Skarmory|310\/333
|move|p1a: Clefable|Flamethrower|p2a: Skarmory
|-supereffective|p2a: Skarmory
|-damage|p2a: Skarmory|96\/333
|
|turn|12
|
|switch|p2a: Chansey|Chansey, F|703\/703
|move|p1a: Clefable|Flamethrower|p2a: Chansey
|-damage|p2a: Chansey|638\/703
|
|turn|13
|
|switch|p1a: Conkeldurr|Conkeldurr, M|317\/351
|move|p2a: Chansey|Stealth Rock|p1a: Conkeldurr
|-sidestart|p1: Test one two three|move: Stealth Rock
|
|turn|14
|
|switch|p2a: Sableye|Sableye-Mega, M|304\/304
|move|p1a: Conkeldurr|Drain Punch|p2a: Sableye
|-immune|p2a: Sableye|[msg]
|
|turn|15
|
|switch|p1a: Heatran|Heatran, M|385\/385
|-damage|p1a: Heatran|337\/385|[from] Stealth Rock
|switch|p2a: Skarmory|Skarmory, M|96\/333
|
|-heal|p1a: Heatran|361\/385|[from] item: Leftovers
|turn|16
|
|switch|p2a: Starmie|Starmie|324\/324
|move|p1a: Heatran|Lava Plume|p2a: Starmie
|-resisted|p2a: Starmie
|-damage|p2a: Starmie|252\/324
|
|-heal|p1a: Heatran|385\/385|[from] item: Leftovers
|turn|17
|
|switch|p1a: Latias|Latias, F|319\/319
|-damage|p1a: Latias|280\/319|[from] Stealth Rock
|move|p2a: Starmie|Trick|p1a: Latias
|-activate|p2a: Starmie|move: Trick|[of] p1a: Latias
|-item|p1a: Latias|Choice Scarf|[from] move: Trick
|-item|p2a: Starmie|Life Orb|[from] move: Trick
|
|turn|18
|
|switch|p2a: Chansey|Chansey, F|638\/703
|move|p1a: Latias|Defog|p2a: Chansey
|-unboost|p2a: Chansey|evasion|1
|-sideend|p1: Test one two three|Stealth Rock|[from] move: Defog|[of] p1a: Latias
|
|turn|19
|
|switch|p1a: Conkeldurr|Conkeldurr, M|317\/351
|move|p2a: Chansey|Stealth Rock|p1a: Conkeldurr
|-sidestart|p1: Test one two three|move: Stealth Rock
|
|turn|20
|
|switch|p2a: Sableye|Sableye-Mega, M|304\/304
|move|p1a: Conkeldurr|Drain Punch|p2a: Sableye
|-immune|p2a: Sableye|[msg]
|
|turn|21
|
|move|p1a: Conkeldurr|Ice Punch|p2a: Sableye
|-damage|p2a: Sableye|232\/304
|move|p2a: Sableye|Knock Off|p1a: Conkeldurr
|-resisted|p1a: Conkeldurr
|-damage|p1a: Conkeldurr|273\/351
|-enditem|p1a: Conkeldurr|Assault Vest|[from] move: Knock Off|[of] p2a: Sableye
|
|turn|22
|
|move|p1a: Conkeldurr|Ice Punch|p2a: Sableye
|-damage|p2a: Sableye|155\/304
|move|p2a: Sableye|Recover|p2a: Sableye
|-heal|p2a: Sableye|304\/304
|
|turn|23
|
|move|p1a: Conkeldurr|Ice Punch|p2a: Sableye
|-damage|p2a: Sableye|235\/304
|move|p2a: Sableye|Toxic|p1a: Conkeldurr
|-status|p1a: Conkeldurr|tox
|
|-damage|p1a: Conkeldurr|252\/351 tox|[from] psn
|turn|24
|
|switch|p1a: Clefable|Clefable, F|225\/390 tox
|move|p2a: Sableye|Recover|p2a: Sableye
|-heal|p2a: Sableye|304\/304
|
|turn|25
|
|switch|p2a: Skarmory|Skarmory, M|96\/333
|move|p1a: Clefable|Soft-Boiled|p1a: Clefable
|-heal|p1a: Clefable|390\/390 tox
|
|turn|26
|
|move|p2a: Skarmory|Roost|p2a: Skarmory
|-heal|p2a: Skarmory|263\/333
|move|p1a: Clefable|Flamethrower|p2a: Skarmory
|-supereffective|p2a: Skarmory
|-damage|p2a: Skarmory|115\/333
|
|turn|27
|
|move|p2a: Skarmory|Roost|p2a: Skarmory
|-heal|p2a: Skarmory|282\/333
|move|p1a: Clefable|Flamethrower|p2a: Skarmory
|-supereffective|p2a: Skarmory
|-damage|p2a: Skarmory|142\/333
|
|turn|28
|
|move|p2a: Skarmory|Roost|p2a: Skarmory
|-heal|p2a: Skarmory|309\/333
|move|p1a: Clefable|Calm Mind|p1a: Clefable
|-boost|p1a: Clefable|spa|1
|-boost|p1a: Clefable|spd|1
|
|turn|29
|
|switch|p2a: Chansey|Chansey, F|638\/703
|move|p1a: Clefable|Flamethrower|p2a: Chansey
|-damage|p2a: Chansey|578\/703
|
|turn|30
|
|switch|p1a: Heatran|Heatran, M|385\/385
|-damage|p1a: Heatran|337\/385|[from] Stealth Rock
|switch|p2a: Amoonguss|Amoonguss, M|432\/432
|
|-heal|p1a: Heatran|361\/385|[from] item: Leftovers
|turn|31
|
|switch|p2a: Starmie|Starmie|252\/324
|move|p1a: Heatran|Stealth Rock|p2a: Starmie
|-sidestart|p2: RIPCharlie|move: Stealth Rock
|
|-heal|p1a: Heatran|385\/385|[from] item: Leftovers
|turn|32
|
|move|p2a: Starmie|Rapid Spin|p1a: Heatran
|-resisted|p1a: Heatran
|-damage|p1a: Heatran|377\/385
|-sideend|p2: RIPCharlie|Stealth Rock|[from] move: Rapid Spin|[of] p2a: Starmie
|-damage|p2a: Starmie|220\/324|[from] item: Life Orb
|move|p1a: Heatran|Toxic|p2a: Starmie
|-status|p2a: Starmie|tox
|
|-heal|p1a: Heatran|385\/385|[from] item: Leftovers
|-damage|p2a: Starmie|200\/324 tox|[from] psn
|turn|33
|
|move|p2a: Starmie|Recover|p2a: Starmie
|-heal|p2a: Starmie|324\/324 tox
|move|p1a: Heatran|Stealth Rock|p2a: Starmie
|-sidestart|p2: RIPCharlie|move: Stealth Rock
|
|-damage|p2a: Starmie|284\/324 tox|[from] psn
|turn|34
|
|move|p2a: Starmie|Rapid Spin|p1a: Heatran
|-resisted|p1a: Heatran
|-damage|p1a: Heatran|379\/385
|-sideend|p2: RIPCharlie|Stealth Rock|[from] move: Rapid Spin|[of] p2a: Starmie
|-damage|p2a: Starmie|252\/324 tox|[from] item: Life Orb
|move|p1a: Heatran|Lava Plume|p2a: Starmie
|-resisted|p2a: Starmie
|-damage|p2a: Starmie|187\/324 tox
|
|-heal|p1a: Heatran|385\/385|[from] item: Leftovers
|-damage|p2a: Starmie|127\/324 tox|[from] psn
|turn|35
|
|switch|p2a: Sableye|Sableye-Mega, M|304\/304
|move|p1a: Heatran|Stealth Rock|p2a: Sableye
|move|p2a: Sableye|Stealth Rock|p1a: Heatran|[from]Magic Bounce
|-fail|p1a: Heatran
|
|turn|36
|
|switch|p2a: Starmie|Starmie|127\/324
|move|p1a: Heatran|Lava Plume|p2a: Starmie
|-resisted|p2a: Starmie
|-damage|p2a: Starmie|62\/324
|
|turn|37
|
|move|p2a: Starmie|Trick|p1a: Heatran
|-activate|p2a: Starmie|move: Trick|[of] p1a: Heatran
|-item|p1a: Heatran|Life Orb|[from] move: Trick
|-item|p2a: Starmie|Leftovers|[from] move: Trick
|move|p1a: Heatran|Stealth Rock|p2a: Starmie
|-sidestart|p2: RIPCharlie|move: Stealth Rock
|
|-heal|p2a: Starmie|82\/324|[from] item: Leftovers
|turn|38
|
|move|p2a: Starmie|Recover|p2a: Starmie
|-heal|p2a: Starmie|244\/324
|move|p1a: Heatran|Toxic|p2a: Starmie
|-status|p2a: Starmie|tox
|
|-heal|p2a: Starmie|264\/324 tox|[from] item: Leftovers
|-damage|p2a: Starmie|244\/324 tox|[from] psn
|turn|39
|
|move|p2a: Starmie|Rapid Spin|p1a: Heatran
|-crit|p1a: Heatran
|-resisted|p1a: Heatran
|-damage|p1a: Heatran|377\/385
|-sideend|p2: RIPCharlie|Stealth Rock|[from] move: Rapid Spin|[of] p2a: Starmie
|move|p1a: Heatran|Lava Plume|p2a: Starmie
|-resisted|p2a: Starmie
|-damage|p2a: Starmie|156\/324 tox
|-damage|p1a: Heatran|339\/385|[from] item: Life Orb
|
|-heal|p2a: Starmie|176\/324 tox|[from] item: Leftovers
|-damage|p2a: Starmie|136\/324 tox|[from] psn
|turn|40
|
|move|p2a: Starmie|Recover|p2a: Starmie
|-heal|p2a: Starmie|298\/324 tox
|move|p1a: Heatran|Lava Plume|p2a: Starmie
|-resisted|p2a: Starmie
|-damage|p2a: Starmie|217\/324 tox
|-damage|p1a: Heatran|301\/385|[from] item: Life Orb
|
|-heal|p2a: Starmie|237\/324 tox|[from] item: Leftovers
|-damage|p2a: Starmie|177\/324 tox|[from] psn
|turn|41
|
|switch|p2a: Sableye|Sableye-Mega, M|304\/304
|move|p1a: Heatran|Stealth Rock|p2a: Sableye
|move|p2a: Sableye|Stealth Rock|p1a: Heatran|[from]Magic Bounce
|-fail|p1a: Heatran
|
|turn|42
|
|move|p1a: Heatran|Stealth Rock|p2a: Sableye
|move|p2a: Sableye|Stealth Rock|p1a: Heatran|[from]Magic Bounce
|-fail|p1a: Heatran
|move|p2a: Sableye|Knock Off|p1a: Heatran
|-damage|p1a: Heatran|219\/385
|-enditem|p1a: Heatran|Life Orb|[from] move: Knock Off|[of] p2a: Sableye
|
|turn|43
|
|switch|p2a: Starmie|Starmie|177\/324
|move|p1a: Heatran|Lava Plume|p2a: Starmie
|-resisted|p2a: Starmie
|-damage|p2a: Starmie|114\/324
|
|-heal|p2a: Starmie|134\/324|[from] item: Leftovers
|turn|44
|
|move|p2a: Starmie|Scald|p1a: Heatran
|-supereffective|p1a: Heatran
|-damage|p1a: Heatran|81\/385
|move|p1a: Heatran|Stealth Rock|p2a: Starmie
|-sidestart|p2: RIPCharlie|move: Stealth Rock
|
|-heal|p2a: Starmie|154\/324|[from] item: Leftovers
|turn|45
|
|switch|p1a: Latias|Latias, F|280\/319
|-damage|p1a: Latias|241\/319|[from] Stealth Rock
|move|p2a: Starmie|Rapid Spin|p1a: Latias
|-damage|p1a: Latias|228\/319
|-sideend|p2: RIPCharlie|Stealth Rock|[from] move: Rapid Spin|[of] p2a: Starmie
|
|-heal|p2a: Starmie|174\/324|[from] item: Leftovers
|turn|46
|
|switch|p2a: Chansey|Chansey, F|578\/703
|move|p1a: Latias|Draco Meteor|p2a: Chansey
|-damage|p2a: Chansey|452\/703
|-unboost|p1a: Latias|spa|2
|
|turn|47
|
|switch|p1a: Conkeldurr|Conkeldurr, M|252\/351 tox
|-damage|p1a: Conkeldurr|231\/351 tox|[from] Stealth Rock
|move|p2a: Chansey|Soft-Boiled|p2a: Chansey
|-heal|p2a: Chansey|703\/703
|
|-damage|p1a: Conkeldurr|210\/351 tox|[from] psn
|turn|48
|
|switch|p2a: Skarmory|Skarmory, M|309\/333
|move|p1a: Conkeldurr|Poison Jab|p2a: Skarmory
|-immune|p2a: Skarmory|[msg]
|
|-damage|p1a: Conkeldurr|168\/351 tox|[from] psn
|turn|49
|
|switch|p1a: Heatran|Heatran, M|81\/385
|-damage|p1a: Heatran|33\/385|[from] Stealth Rock
|move|p2a: Skarmory|Spikes|p1a: Heatran
|-sidestart|p1: Test one two three|Spikes
|
|turn|50
|
|switch|p2a: Sableye|Sableye-Mega, M|304\/304
|move|p1a: Heatran|Lava Plume|p2a: Sableye
|-damage|p2a: Sableye|210\/304
|
|turn|51
|
|move|p1a: Heatran|Lava Plume|p2a: Sableye
|-damage|p2a: Sableye|128\/304
|-status|p2a: Sableye|brn
|move|p2a: Sableye|Recover|p2a: Sableye
|-heal|p2a: Sableye|280\/304 brn
|
|-damage|p2a: Sableye|242\/304 brn|[from] brn
|turn|52
|
|move|p1a: Heatran|Lava Plume|p2a: Sableye
|-damage|p2a: Sableye|157\/304 brn
|move|p2a: Sableye|Recover|p2a: Sableye
|-heal|p2a: Sableye|304\/304 brn
|
|-damage|p2a: Sableye|266\/304 brn|[from] brn
|turn|53
|
|move|p1a: Heatran|Lava Plume|p2a: Sableye
|-damage|p2a: Sableye|184\/304 brn
|move|p2a: Sableye|Knock Off|p1a: Heatran
|-damage|p1a: Heatran|5\/385
|
|-damage|p2a: Sableye|146\/304 brn|[from] brn
|turn|54
|
|move|p1a: Heatran|Lava Plume|p2a: Sableye
|-damage|p2a: Sableye|62\/304 brn
|move|p2a: Sableye|Recover|p2a: Sableye
|-heal|p2a: Sableye|214\/304 brn
|
|-damage|p2a: Sableye|176\/304 brn|[from] brn
|turn|55
|
|move|p1a: Heatran|Lava Plume|p2a: Sableye
|-damage|p2a: Sableye|89\/304 brn
|move|p2a: Sableye|Recover|p2a: Sableye
|-heal|p2a: Sableye|241\/304 brn
|
|-damage|p2a: Sableye|203\/304 brn|[from] brn
|turn|56
|
|move|p1a: Heatran|Lava Plume|p2a: Sableye
|-damage|p2a: Sableye|118\/304 brn
|move|p2a: Sableye|Recover|p2a: Sableye
|-heal|p2a: Sableye|270\/304 brn
|
|-damage|p2a: Sableye|232\/304 brn|[from] brn
|turn|57
|
|move|p1a: Heatran|Lava Plume|p2a: Sableye
|-damage|p2a: Sableye|145\/304 brn
|move|p2a: Sableye|Recover|p2a: Sableye
|-heal|p2a: Sableye|297\/304 brn
|
|-damage|p2a: Sableye|259\/304 brn|[from] brn
|turn|58
|
|switch|p1a: Latias|Latias, F|228\/319
|-damage|p1a: Latias|189\/319|[from] Stealth Rock
|switch|p2a: Starmie|Starmie|174\/324
|
|-heal|p2a: Starmie|194\/324|[from] item: Leftovers
|turn|59
|
|switch|p2a: Chansey|Chansey, F|703\/703
|move|p1a: Latias|Defog|p2a: Chansey
|-unboost|p2a: Chansey|evasion|1
|-sideend|p1: Test one two three|Spikes|[from] move: Defog|[of] p1a: Latias
|-sideend|p1: Test one two three|Stealth Rock|[from] move: Defog|[of] p1a: Latias
|
|turn|60
|
|switch|p1a: Pinsir|Pinsir, M|271\/271
|move|p2a: Chansey|Stealth Rock|p1a: Pinsir
|-sidestart|p1: Test one two three|move: Stealth Rock
|
|turn|61
|
|switch|p2a: Skarmory|Skarmory, M|309\/333
|detailschange|p1a: Pinsir|Pinsir-Mega, M
|-mega|p1a: Pinsir|Pinsir|Pinsirite
|move|p1a: Pinsir|Swords Dance|p1a: Pinsir
|-boost|p1a: Pinsir|atk|2
|
|turn|62
|
|move|p1a: Pinsir|Frustration|p2a: Skarmory
|-resisted|p2a: Skarmory
|-damage|p2a: Skarmory|118\/333
|move|p2a: Skarmory|Whirlwind|p1a: Pinsir
|drag|p1a: Landorus-Therian|Landorus-Therian, M|319\/319
|-damage|p1a: Landorus-Therian|280\/319|[from] Stealth Rock
|-ability|p1a: Landorus-Therian|Intimidate|[of] p2a: Skarmory
|-unboost|p2a: Skarmory|atk|1
|
|turn|63
|
|move|p1a: Landorus-Therian|Knock Off|p2a: Skarmory
|-damage|p2a: Skarmory|30\/333
|-enditem|p2a: Skarmory|Shed Shell|[from] move: Knock Off|[of] p1a: Landorus-Therian
|move|p2a: Skarmory|Roost|p2a: Skarmory
|-heal|p2a: Skarmory|197\/333
|
|turn|64
|
|switch|p1a: Latias|Latias, F|189\/319
|-damage|p1a: Latias|150\/319|[from] Stealth Rock
|move|p2a: Skarmory|Roost|p2a: Skarmory
|-heal|p2a: Skarmory|333\/333
|
|turn|65
|
|switch|p1a: Clefable|Clefable, F|390\/390 tox
|move|p2a: Skarmory|Spikes|p1a: Clefable
|-sidestart|p1: Test one two three|Spikes
|
|turn|66
|
|switch|p2a: Chansey|Chansey, F|703\/703
|move|p1a: Clefable|Calm Mind|p1a: Clefable
|-boost|p1a: Clefable|spa|1
|-boost|p1a: Clefable|spd|1
|
|turn|67
|
|move|p1a: Clefable|Calm Mind|p1a: Clefable
|-boost|p1a: Clefable|spa|1
|-boost|p1a: Clefable|spd|1
|move|p2a: Chansey|Heal Bell|p2a: Chansey
|-cureteam|p2a: Chansey|[from] move: HealBell
|
|turn|68
|
|switch|p2a: Amoonguss|Amoonguss, M|432\/432
|move|p1a: Clefable|Calm Mind|p1a: Clefable
|-boost|p1a: Clefable|spa|1
|-boost|p1a: Clefable|spd|1
|
|turn|69
|
|move|p1a: Clefable|Flamethrower|p2a: Amoonguss
|-supereffective|p2a: Amoonguss
|-damage|p2a: Amoonguss|100\/432
|move|p2a: Amoonguss|Clear Smog|p1a: Clefable
|-supereffective|p1a: Clefable
|-damage|p1a: Clefable|342\/390 tox
|-clearboost|p1a: Clefable
|
|-heal|p2a: Amoonguss|127\/432|[from] item: Black Sludge
|turn|70
|
|switch|p2a: Chansey|Chansey, F|703\/703
|move|p1a: Clefable|Flamethrower|p2a: Chansey
|-damage|p2a: Chansey|659\/703
|
|turn|71
|
|switch|p2a: Amoonguss|Amoonguss, M|271\/432
|move|p1a: Clefable|Calm Mind|p1a: Clefable
|-boost|p1a: Clefable|spa|1
|-boost|p1a: Clefable|spd|1
|
|-heal|p2a: Amoonguss|298\/432|[from] item: Black Sludge
|turn|72
|
|move|p1a: Clefable|Flamethrower|p2a: Amoonguss
|-supereffective|p2a: Amoonguss
|-damage|p2a: Amoonguss|78\/432
|move|p2a: Amoonguss|Clear Smog|p1a: Clefable
|-supereffective|p1a: Clefable
|-damage|p1a: Clefable|274\/390 tox
|-clearboost|p1a: Clefable
|
|-heal|p2a: Amoonguss|105\/432|[from] item: Black Sludge
|turn|73
|
|move|p1a: Clefable|Calm Mind|p1a: Clefable
|-boost|p1a: Clefable|spa|1
|-boost|p1a: Clefable|spd|1
|move|p2a: Amoonguss|Giga Drain|p1a: Clefable
|-damage|p1a: Clefable|217\/390 tox
|-heal|p2a: Amoonguss|134\/432|[from] drain|[of] p1a: Clefable
|
|-heal|p2a: Amoonguss|161\/432|[from] item: Black Sludge
|turn|74
|
|switch|p2a: Chansey|Chansey, F|659\/703
|move|p1a: Clefable|Flamethrower|p2a: Chansey
|-damage|p2a: Chansey|596\/703
|
|turn|75
|
|move|p1a: Clefable|Soft-Boiled|p1a: Clefable
|-heal|p1a: Clefable|390\/390 tox
|move|p2a: Chansey|Seismic Toss|p1a: Clefable
|-damage|p1a: Clefable|290\/390 tox
|
|turn|76
|
|switch|p2a: Amoonguss|Amoonguss, M|305\/432
|move|p1a: Clefable|Calm Mind|p1a: Clefable
|-boost|p1a: Clefable|spa|1
|-boost|p1a: Clefable|spd|1
|
|-heal|p2a: Amoonguss|332\/432|[from] item: Black Sludge
|turn|77
|
|move|p1a: Clefable|Flamethrower|p2a: Amoonguss
|-supereffective|p2a: Amoonguss
|-damage|p2a: Amoonguss|66\/432
|move|p2a: Amoonguss|Clear Smog|p1a: Clefable
|-supereffective|p1a: Clefable
|-damage|p1a: Clefable|236\/390 tox
|-clearboost|p1a: Clefable
|
|-heal|p2a: Amoonguss|93\/432|[from] item: Black Sludge
|turn|78
|
|switch|p2a: Chansey|Chansey, F|596\/703
|move|p1a: Clefable|Flamethrower|p2a: Chansey
|-damage|p2a: Chansey|551\/703
|
|turn|79
|
|switch|p2a: Amoonguss|Amoonguss, M|237\/432
|move|p1a: Clefable|Soft-Boiled|p1a: Clefable
|-heal|p1a: Clefable|390\/390 tox
|
|-heal|p2a: Amoonguss|264\/432|[from] item: Black Sludge
|turn|80
|
|switch|p2a: Chansey|Chansey, F|551\/703
|move|p1a: Clefable|Calm Mind|p1a: Clefable
|-boost|p1a: Clefable|spa|1
|-boost|p1a: Clefable|spd|1
|
|turn|81
|
|switch|p2a: Amoonguss|Amoonguss, M|408\/432
|move|p1a: Clefable|Calm Mind|p1a: Clefable
|-boost|p1a: Clefable|spa|1
|-boost|p1a: Clefable|spd|1
|
|-heal|p2a: Amoonguss|432\/432|[from] item: Black Sludge
|turn|82
|c|★Test one two three|damn more than 80 turns and not one pokemon has fainted
|
|move|p1a: Clefable|Flamethrower|p2a: Amoonguss
|-supereffective|p2a: Amoonguss
|-damage|p2a: Amoonguss|134\/432
|move|p2a: Amoonguss|Clear Smog|p1a: Clefable
|-supereffective|p1a: Clefable
|-damage|p1a: Clefable|330\/390 tox
|-clearboost|p1a: Clefable
|
|-heal|p2a: Amoonguss|161\/432|[from] item: Black Sludge
|turn|83
|
|switch|p2a: Quagsire|Quagsire, M|394\/394
|move|p1a: Clefable|Flamethrower|p2a: Quagsire
|-crit|p2a: Quagsire
|-resisted|p2a: Quagsire
|-damage|p2a: Quagsire|324\/394
|
|-heal|p2a: Quagsire|348\/394|[from] item: Leftovers
|turn|84
|c|★RIPCharlie|your gonna faint soon
|
|move|p1a: Clefable|Moonblast|p2a: Quagsire
|-damage|p2a: Quagsire|186\/394
|move|p2a: Quagsire|Encore|p1a: Clefable
|-start|p1a: Clefable|Encore
|
|-heal|p2a: Quagsire|210\/394|[from] item: Leftovers
|turn|85
|
|move|p1a: Clefable|Moonblast|p2a: Quagsire
|-damage|p2a: Quagsire|51\/394
|move|p2a: Quagsire|Recover|p2a: Quagsire
|-heal|p2a: Quagsire|248\/394
|
|-heal|p2a: Quagsire|272\/394|[from] item: Leftovers
|turn|86
|
|move|p1a: Clefable|Moonblast|p2a: Quagsire
|-damage|p2a: Quagsire|128\/394
|move|p2a: Quagsire|Recover|p2a: Quagsire
|-heal|p2a: Quagsire|325\/394
|
|-heal|p2a: Quagsire|349\/394|[from] item: Leftovers
|turn|87
|
|switch|p2a: Amoonguss|Amoonguss, M|305\/432
|move|p1a: Clefable|Moonblast|p2a: Amoonguss
|-crit|p2a: Amoonguss
|-resisted|p2a: Amoonguss
|-damage|p2a: Amoonguss|225\/432
|
|-heal|p2a: Amoonguss|252\/432|[from] item: Black Sludge
|-end|p1a: Clefable|Encore
|turn|88
|
|move|p1a: Clefable|Calm Mind|p1a: Clefable
|-boost|p1a: Clefable|spa|1
|-boost|p1a: Clefable|spd|1
|move|p2a: Amoonguss|Giga Drain|p1a: Clefable
|-damage|p1a: Clefable|276\/390 tox
|-heal|p2a: Amoonguss|279\/432|[from] drain|[of] p1a: Clefable
|
|-heal|p2a: Amoonguss|306\/432|[from] item: Black Sludge
|turn|89
|
|switch|p2a: Quagsire|Quagsire, M|349\/394
|move|p1a: Clefable|Moonblast|p2a: Quagsire
|-damage|p2a: Quagsire|195\/394
|
|-heal|p2a: Quagsire|219\/394|[from] item: Leftovers
|turn|90
|
|move|p1a: Clefable|Moonblast|p2a: Quagsire
|-crit|p2a: Quagsire
|-damage|p2a: Quagsire|0 fnt
|faint|p2a: Quagsire
|
|
|switch|p2a: Skarmory|Skarmory, M|333\/333
|turn|91
|c| Vazhura|ups
|
|move|p2a: Skarmory|Iron Head|p1a: Clefable
|-supereffective|p1a: Clefable
|-damage|p1a: Clefable|126\/390 tox
|move|p1a: Clefable|Soft-Boiled|p1a: Clefable
|-heal|p1a: Clefable|321\/390 tox
|
|turn|92
|c|★RIPCharlie|dat crit
|
|move|p2a: Skarmory|Iron Head|p1a: Clefable
|-supereffective|p1a: Clefable
|-damage|p1a: Clefable|177\/390 tox
|move|p1a: Clefable|Flamethrower|p2a: Skarmory
|-supereffective|p2a: Skarmory
|-damage|p2a: Skarmory|129\/333
|
|turn|93
|
|move|p2a: Skarmory|Iron Head|p1a: Clefable
|-supereffective|p1a: Clefable
|-damage|p1a: Clefable|25\/390 tox
|move|p1a: Clefable|Soft-Boiled|p1a: Clefable
|-heal|p1a: Clefable|220\/390 tox
|
|turn|94
|
|move|p2a: Skarmory|Iron Head|p1a: Clefable
|-supereffective|p1a: Clefable
|-damage|p1a: Clefable|74\/390 tox
|move|p1a: Clefable|Soft-Boiled|p1a: Clefable
|-heal|p1a: Clefable|269\/390 tox
|
|turn|95
|
|move|p2a: Skarmory|Iron Head|p1a: Clefable
|-crit|p1a: Clefable
|-supereffective|p1a: Clefable
|-damage|p1a: Clefable|45\/390 tox
|move|p1a: Clefable|Soft-Boiled|p1a: Clefable
|-heal|p1a: Clefable|240\/390 tox
|
|turn|96
|
|move|p2a: Skarmory|Iron Head|p1a: Clefable
|-supereffective|p1a: Clefable
|-damage|p1a: Clefable|100\/390 tox
|move|p1a: Clefable|Soft-Boiled|p1a: Clefable
|-heal|p1a: Clefable|295\/390 tox
|
|turn|97
|
|move|p2a: Skarmory|Iron Head|p1a: Clefable
|-supereffective|p1a: Clefable
|-damage|p1a: Clefable|149\/390 tox
|move|p1a: Clefable|Flamethrower|p2a: Skarmory
|-supereffective|p2a: Skarmory
|-damage|p2a: Skarmory|0 fnt
|faint|p2a: Skarmory
|
|
|switch|p2a: Amoonguss|Amoonguss, M|432\/432
|turn|98
|
|move|p1a: Clefable|Soft-Boiled|p1a: Clefable
|-heal|p1a: Clefable|344\/390 tox
|move|p2a: Amoonguss|Clear Smog|p1a: Clefable
|-supereffective|p1a: Clefable
|-damage|p1a: Clefable|272\/390 tox
|-clearboost|p1a: Clefable
|
|turn|99
|
|move|p1a: Clefable|Soft-Boiled|p1a: Clefable
|-heal|p1a: Clefable|390\/390 tox
|move|p2a: Amoonguss|Giga Drain|p1a: Clefable
|-damage|p1a: Clefable|306\/390 tox
|
|turn|100
|
|move|p1a: Clefable|Calm Mind|p1a: Clefable
|-boost|p1a: Clefable|spa|1
|-boost|p1a: Clefable|spd|1
|move|p2a: Amoonguss|Clear Smog|p1a: Clefable
|-supereffective|p1a: Clefable
|-damage|p1a: Clefable|240\/390 tox
|-clearboost|p1a: Clefable
|
|turn|101
|
|move|p1a: Clefable|Soft-Boiled|p1a: Clefable
|-heal|p1a: Clefable|390\/390 tox
|move|p2a: Amoonguss|Spore|p1a: Clefable
|-fail|p1a: Clefable
|
|turn|102
|
|move|p1a: Clefable|Flamethrower|p2a: Amoonguss
|-supereffective|p2a: Amoonguss
|-damage|p2a: Amoonguss|302\/432
|move|p2a: Amoonguss|Clear Smog|p1a: Clefable
|-supereffective|p1a: Clefable
|-damage|p1a: Clefable|274\/390 tox
|-clearboost|p1a: Clefable
|
|-heal|p2a: Amoonguss|329\/432|[from] item: Black Sludge
|turn|103
|
|switch|p1a: Latias|Latias, F|150\/319
|-damage|p1a: Latias|111\/319|[from] Stealth Rock
|move|p2a: Amoonguss|Giga Drain|p1a: Latias
|-resisted|p1a: Latias
|-damage|p1a: Latias|78\/319
|-heal|p2a: Amoonguss|346\/432|[from] drain|[of] p1a: Latias
|
|-heal|p2a: Amoonguss|373\/432|[from] item: Black Sludge
|turn|104
|
|move|p1a: Latias|Defog|p2a: Amoonguss
|-unboost|p2a: Amoonguss|evasion|1
|-sideend|p1: Test one two three|Spikes|[from] move: Defog|[of] p1a: Latias
|-sideend|p1: Test one two three|Stealth Rock|[from] move: Defog|[of] p1a: Latias
|move|p2a: Amoonguss|Payback|p1a: Latias
|-supereffective|p1a: Latias
|-damage|p1a: Latias|0 fnt
|faint|p1a: Latias
|
|-heal|p2a: Amoonguss|400\/432|[from] item: Black Sludge
|c|★RIPCharlie|without that crit
|
|switch|p1a: Pinsir|Pinsir-Mega, M|271\/271
|turn|105
|c|★RIPCharlie|u lost
|c|★Test one two three|You can't possibly know that
|c|★Test one two three|and you counted on a crit as well with skarmory
|c|★RIPCharlie|lol i'm sure of it
|c|★Test one two three|so it is part of the game
|
|move|p1a: Pinsir|Frustration|p2a: Amoonguss
|-supereffective|p2a: Amoonguss
|-damage|p2a: Amoonguss|0 fnt
|faint|p2a: Amoonguss
|
|-message|RIPCharlie forfeited.
|
|win|Test one two three
|raw|Ladder updating...
|leave|RIPCharlie
|player|p2
|raw|Test one two three's rating: 1443 &rarr; <strong>1464<\/strong><br \/>(+21 for winning)
|raw|RIPCharlie's rating: 1456 &rarr; <strong>1435<\/strong><br \/>(-21 for losing)
|leave|Vazhura