|join|nintendistagamer
|join|RIPCharlie
|player|p1|nintendistagamer|137
|player|p2|RIPCharlie|170
|gametype|singles
|gen|6
|tier|OU
|rated
|clearpoke
|poke|p1|Beedrill, M
|poke|p1|Magnezone
|poke|p1|Landorus-Therian, M
|poke|p1|Talonflame, M
|poke|p1|Rotom-Wash
|poke|p1|Forretress, F
|poke|p2|Tangrowth, M
|poke|p2|Quagsire, M
|poke|p2|Chansey, F
|poke|p2|Sableye, M
|poke|p2|Skarmory, F
|poke|p2|Starmie
|rule|Swagger Clause: Swagger is banned
|rule|Baton Pass Clause: Limit one Pokémon knowing Baton Pass
|rule|Sleep Clause Mod: Limit one foe put to sleep
|rule|Species Clause: Limit one of each Pokémon
|rule|OHKO Clause: OHKO moves are banned
|rule|Moody Clause: Moody is banned
|rule|Evasion Moves Clause: Evasion moves are banned
|rule|Endless Battle Clause: Forcing endless battles is banned
|rule|HP Percentage Mod: HP is shown in percentages
|teampreview
|
|start
|switch|p1a: Beedrill|Beedrill, M|271\/271
|switch|p2a: Sableye|Sableye, M|304\/304
|turn|1
|
|detailschange|p1a: Beedrill|Beedrill-Mega, M
|-mega|p1a: Beedrill|Beedrill|Beedrillite
|move|p1a: Beedrill|Protect|p1a: Beedrill
|-singleturn|p1a: Beedrill|Protect
|move|p2a: Sableye|Fake Out|p1a: Beedrill
|-activate|p1a: Beedrill|Protect
|
|turn|2
|
|switch|p1a: Talonflame|Talonflame, M|297\/297
|detailschange|p2a: Sableye|Sableye-Mega, M
|-mega|p2a: Sableye|Sableye|Sablenite
|move|p2a: Sableye|Will-O-Wisp|p1a: Talonflame|[miss]
|-miss|p2a: Sableye|p1a: Talonflame
|
|turn|3
|
|move|p1a: Talonflame|Flare Blitz|p2a: Sableye
|-damage|p2a: Sableye|144\/304
|-damage|p1a: Talonflame|244\/297|[from] recoil|[of] p2a: Sableye
|move|p2a: Sableye|Recover|p2a: Sableye
|-heal|p2a: Sableye|296\/304
|
|turn|4
|
|switch|p1a: Forretress|Forretress, F|354\/354
|move|p2a: Sableye|Metal Burst|p1a: Forretress
|-fail|p1a: Forretress
|
|turn|5
|
|move|p1a: Forretress|Volt Switch|p2a: Sableye
|-damage|p2a: Sableye|269\/304
|
|switch|p1a: Talonflame|Talonflame, M|244\/297
|move|p2a: Sableye|Will-O-Wisp|p1a: Talonflame
|-fail|p1a: Talonflame
|
|turn|6
|
|move|p1a: Talonflame|U-turn|p2a: Sableye
|-damage|p2a: Sableye|200\/304
|
|switch|p1a: Beedrill|Beedrill-Mega, M|271\/271
|move|p2a: Sableye|Recover|p2a: Sableye
|-heal|p2a: Sableye|304\/304
|
|turn|7
|
|move|p1a: Beedrill|U-turn|p2a: Sableye
|-damage|p2a: Sableye|178\/304
|
|switch|p1a: Talonflame|Talonflame, M|244\/297
|move|p2a: Sableye|Metal Burst|p1a: Talonflame
|-damage|p1a: Talonflame|55\/297
|
|turn|8
|
|move|p1a: Talonflame|Flare Blitz|p2a: Sableye
|-damage|p2a: Sableye|0 fnt
|-damage|p1a: Talonflame|0 fnt|[from] recoil|[of] p2a: Sableye
|faint|p2a: Sableye
|faint|p1a: Talonflame
|
|-message|RIPCharlie forfeited.
|
|win|nintendistagamer
|raw|Ladder updating...
|leave|RIPCharlie
|player|p2
|raw|nintendistagamer's rating: 1583 &rarr; <strong>1605<\/strong><br \/>(+22 for winning)
|raw|RIPCharlie's rating: 1618 &rarr; <strong>1596<\/strong><br \/>(-22 for losing)