|join|hj regicide
|join|vane0706
|player|p1|hj regicide|46
|player|p2|vane0706|101
|gametype|singles
|gen|6
|tier|OU
|rated
|clearpoke
|poke|p1|Gliscor, F
|poke|p1|Gardevoir, M
|poke|p1|Heatran, F
|poke|p1|Ferrothorn, F
|poke|p1|Latias, F
|poke|p1|Gyarados, M
|poke|p2|Tyranitar, F
|poke|p2|Excadrill, F
|poke|p2|Greninja, M
|poke|p2|Pinsir, F
|poke|p2|Talonflame, M
|poke|p2|Dragonite, F
|rule|Swagger Clause: Swagger is banned
|rule|Baton Pass Clause: Limit one Pokémon knowing Baton Pass
|rule|Sleep Clause Mod: Limit one foe put to sleep
|rule|Species Clause: Limit one of each Pokémon
|rule|OHKO Clause: OHKO moves are banned
|rule|Moody Clause: Moody is banned
|rule|Evasion Moves Clause: Evasion moves are banned
|rule|Endless Battle Clause: Forcing endless battles is banned
|rule|HP Percentage Mod: HP is shown in percentages
|teampreview
|
|start
|switch|p1a: Gardevoir|Gardevoir, M|277\/277
|switch|p2a: Tyranitar|Tyranitar, F|341\/341
|-ability|p1a: Gardevoir|Sand Stream|[from] ability: Trace|[of] p2a: Tyranitar
|-weather|Sandstorm
|turn|1
|
|detailschange|p1a: Gardevoir|Gardevoir-Mega, M
|message|Gardevoir has Mega Evolved into Mega Gardevoir!
|move|p1a: Gardevoir|Taunt|p2a: Tyranitar
|-start|p2a: Tyranitar|move: Taunt
|cant|p2a: Tyranitar|move: Taunt|Stealth Rock
|
|-weather|Sandstorm|[upkeep]
|-damage|p1a: Gardevoir|260\/277|[from] sandstorm
|turn|2
|join|Baka-Skippy
|
|switch|p2a: Excadrill|Excadrill, F|371\/371
|move|p1a: Gardevoir|Hyper Voice|p2a: Excadrill
|-resisted|p2a: Excadrill
|-damage|p2a: Excadrill|182\/371
|
|-weather|Sandstorm|[upkeep]
|-damage|p1a: Gardevoir|243\/277|[from] sandstorm
|turn|3
|
|switch|p1a: Gliscor|Gliscor, F|352\/352
|move|p2a: Excadrill|Iron Head|p1a: Gliscor
|-damage|p1a: Gliscor|188\/352
|-damage|p2a: Excadrill|145\/371|[from] item: Life Orb
|
|-weather|Sandstorm|[upkeep]
|-status|p1a: Gliscor|tox|[from] item: Toxic Orb
|turn|4
|
|switch|p2a: Tyranitar|Tyranitar, F|341\/341
|move|p1a: Gliscor|Roost|p1a: Gliscor
|-heal|p1a: Gliscor|352\/352 tox
|
|-weather|Sandstorm|[upkeep]
|turn|5
|
|move|p1a: Gliscor|Earthquake|p2a: Tyranitar
|-supereffective|p2a: Tyranitar
|-damage|p2a: Tyranitar|135\/341
|move|p2a: Tyranitar|Ice Beam|p1a: Gliscor
|-supereffective|p1a: Gliscor
|-damage|p1a: Gliscor|28\/352 tox
|
|-weather|none
|-heal|p1a: Gliscor|72\/352 tox|[from] ability: Poison Heal
|turn|6
|
|move|p1a: Gliscor|Toxic|p2a: Tyranitar
|-status|p2a: Tyranitar|tox
|move|p2a: Tyranitar|Stealth Rock|p1a: Gliscor
|-sidestart|p1: hj regicide|move: Stealth Rock
|
|-heal|p1a: Gliscor|116\/352 tox|[from] ability: Poison Heal
|-damage|p2a: Tyranitar|114\/341 tox|[from] psn
|turn|7
|
|switch|p2a: Talonflame|Talonflame, M|309\/309
|move|p1a: Gliscor|Roost|p1a: Gliscor
|-heal|p1a: Gliscor|292\/352 tox
|
|-heal|p1a: Gliscor|336\/352 tox|[from] ability: Poison Heal
|turn|8
|
|move|p2a: Talonflame|U-turn|p1a: Gliscor
|-crit|p1a: Gliscor
|-resisted|p1a: Gliscor
|-damage|p1a: Gliscor|270\/352 tox
|
|switch|p2a: Tyranitar|Tyranitar, F|114\/341 tox
|-weather|Sandstorm
|move|p1a: Gliscor|Toxic|p2a: Tyranitar
|-fail|p2a: Tyranitar|tox
|
|-weather|Sandstorm|[upkeep]
|-heal|p1a: Gliscor|314\/352 tox|[from] ability: Poison Heal
|-damage|p2a: Tyranitar|93\/341 tox|[from] psn
|turn|9
|
|move|p1a: Gliscor|Earthquake|p2a: Tyranitar
|-supereffective|p2a: Tyranitar
|-damage|p2a: Tyranitar|0 fnt
|faint|p2a: Tyranitar
|
|-weather|Sandstorm|[upkeep]
|-heal|p1a: Gliscor|352\/352 tox|[from] ability: Poison Heal
|
|switch|p2a: Excadrill|Excadrill, F|145\/371
|turn|10
|
|move|p2a: Excadrill|Iron Head|p1a: Gliscor
|-damage|p1a: Gliscor|180\/352 tox
|-damage|p2a: Excadrill|108\/371|[from] item: Life Orb
|move|p1a: Gliscor|Earthquake|p2a: Excadrill
|-supereffective|p2a: Excadrill
|-damage|p2a: Excadrill|0 fnt
|faint|p2a: Excadrill
|
|-weather|Sandstorm|[upkeep]
|-heal|p1a: Gliscor|224\/352 tox|[from] ability: Poison Heal
|
|switch|p2a: Greninja|Greninja, M|286\/286
|turn|11
|
|switch|p1a: Gyarados|Gyarados, M|393\/393
|-damage|p1a: Gyarados|295\/393|[from] Stealth Rock
|-ability|p1a: Gyarados|Intimidate|[of] p2a: Greninja
|-unboost|p2a: Greninja|atk|1
|move|p2a: Greninja|Hydro Pump|p1a: Gyarados
|-start|p2a: Greninja|typechange|Water|[from] Protean
|-resisted|p1a: Gyarados
|-damage|p1a: Gyarados|222\/393
|-damage|p2a: Greninja|258\/286|[from] item: Life Orb
|
|-weather|Sandstorm|[upkeep]
|-damage|p2a: Greninja|241\/286|[from] sandstorm
|-damage|p1a: Gyarados|198\/393|[from] sandstorm
|-heal|p1a: Gyarados|222\/393|[from] item: Leftovers
|turn|12
|
|move|p2a: Greninja|Hidden Power|p1a: Gyarados
|-start|p2a: Greninja|typechange|Grass|[from] Protean
|-damage|p1a: Gyarados|139\/393
|-damage|p2a: Greninja|213\/286|[from] item: Life Orb
|move|p1a: Gyarados|Rest|p1a: Gyarados
|-status|p1a: Gyarados|slp
|-heal|p1a: Gyarados|393\/393 slp|[silent]
|-status|p1a: Gyarados|slp|[from] move: Rest
|
|-weather|none
|turn|13
|
|move|p2a: Greninja|Ice Beam|p1a: Gyarados
|-start|p2a: Greninja|typechange|Ice|[from] Protean
|-damage|p1a: Gyarados|271\/393 slp
|-damage|p2a: Greninja|185\/286|[from] item: Life Orb
|cant|p1a: Gyarados|slp
|move|p1a: Gyarados|Sleep Talk|p1a: Gyarados
|move|p1a: Gyarados|Rest|p1a: Gyarados|[from]Sleep Talk
|-fail|p1a: Gyarados
|
|-heal|p1a: Gyarados|295\/393 slp|[from] item: Leftovers
|turn|14
|
|switch|p2a: Pinsir|Pinsir, F|271\/271
|cant|p1a: Gyarados|slp
|move|p1a: Gyarados|Sleep Talk|p1a: Gyarados
|move|p1a: Gyarados|Waterfall|p2a: Pinsir|[from]Sleep Talk
|-damage|p2a: Pinsir|162\/271
|
|-heal|p1a: Gyarados|319\/393 slp|[from] item: Leftovers
|turn|15
|
|switch|p1a: Heatran|Heatran, F|323\/323
|-damage|p1a: Heatran|283\/323|[from] Stealth Rock
|detailschange|p2a: Pinsir|Pinsir-Mega, F
|message|Pinsir has Mega Evolved into Mega Pinsir!
|move|p2a: Pinsir|Swords Dance|p2a: Pinsir
|-boost|p2a: Pinsir|atk|2
|
|turn|16
|
|move|p1a: Heatran|Ancient Power|p2a: Pinsir
|-supereffective|p2a: Pinsir
|-damage|p2a: Pinsir|0 fnt
|faint|p2a: Pinsir
|
|
|switch|p2a: Greninja|Greninja, M|185\/286
|turn|17
|
|switch|p1a: Gyarados|Gyarados, M|319\/393 slp
|-damage|p1a: Gyarados|221\/393 slp|[from] Stealth Rock
|-ability|p1a: Gyarados|Intimidate|[of] p2a: Greninja
|-unboost|p2a: Greninja|atk|1
|move|p2a: Greninja|Hydro Pump|p1a: Gyarados
|-start|p2a: Greninja|typechange|Water|[from] Protean
|-resisted|p1a: Gyarados
|-damage|p1a: Gyarados|140\/393 slp
|-damage|p2a: Greninja|157\/286|[from] item: Life Orb
|
|-heal|p1a: Gyarados|164\/393 slp|[from] item: Leftovers
|turn|18
|
|move|p2a: Greninja|Ice Beam|p1a: Gyarados
|-start|p2a: Greninja|typechange|Ice|[from] Protean
|-damage|p1a: Gyarados|46\/393 slp
|-damage|p2a: Greninja|129\/286|[from] item: Life Orb
|-curestatus|p1a: Gyarados|slp
|move|p1a: Gyarados|Rest|p1a: Gyarados
|-status|p1a: Gyarados|slp
|-heal|p1a: Gyarados|393\/393 slp|[silent]
|-status|p1a: Gyarados|slp|[from] move: Rest
|
|turn|19
|
|move|p2a: Greninja|Ice Beam|p1a: Gyarados
|-damage|p1a: Gyarados|268\/393 slp
|-damage|p2a: Greninja|101\/286|[from] item: Life Orb
|cant|p1a: Gyarados|slp
|move|p1a: Gyarados|Sleep Talk|p1a: Gyarados
|move|p1a: Gyarados|Roar|p2a: Greninja|[from]Sleep Talk
|drag|p2a: Dragonite|Dragonite, F|323\/323
|
|-heal|p1a: Gyarados|292\/393 slp|[from] item: Leftovers
|turn|20
|
|move|p2a: Dragonite|Fire Punch|p1a: Gyarados
|-resisted|p1a: Gyarados
|-damage|p1a: Gyarados|201\/393 slp
|cant|p1a: Gyarados|slp
|move|p1a: Gyarados|Sleep Talk|p1a: Gyarados
|move|p1a: Gyarados|Roar|p2a: Dragonite|[from]Sleep Talk
|drag|p2a: Greninja|Greninja, M|101\/286
|
|-heal|p1a: Gyarados|225\/393 slp|[from] item: Leftovers
|turn|21
|
|move|p2a: Greninja|Ice Beam|p1a: Gyarados
|-start|p2a: Greninja|typechange|Ice|[from] Protean
|-damage|p1a: Gyarados|96\/393 slp
|-damage|p2a: Greninja|73\/286|[from] item: Life Orb
|-curestatus|p1a: Gyarados|slp
|move|p1a: Gyarados|Rest|p1a: Gyarados
|-status|p1a: Gyarados|slp
|-heal|p1a: Gyarados|393\/393 slp|[silent]
|-status|p1a: Gyarados|slp|[from] move: Rest
|
|turn|22
|join|hjfdjh
|
|switch|p2a: Dragonite|Dragonite, F|323\/323
|cant|p1a: Gyarados|slp
|move|p1a: Gyarados|Sleep Talk|p1a: Gyarados
|move|p1a: Gyarados|Rest|p1a: Gyarados|[from]Sleep Talk
|-fail|p1a: Gyarados
|
|turn|23
|
|switch|p1a: Ferrothorn|Ferrothorn, F|352\/352
|-damage|p1a: Ferrothorn|330\/352|[from] Stealth Rock
|move|p2a: Dragonite|Extreme Speed|p1a: Ferrothorn
|-resisted|p1a: Ferrothorn
|-damage|p1a: Ferrothorn|272\/352
|-damage|p2a: Dragonite|283\/323|[from] ability: Iron Barbs|[of] p1a: Ferrothorn
|
|-heal|p1a: Ferrothorn|294\/352|[from] item: Leftovers
|turn|24
|
|switch|p2a: Talonflame|Talonflame, M|309\/309
|switch|p1a: Heatran|Heatran, F|283\/323
|-damage|p1a: Heatran|243\/323|[from] Stealth Rock
|
|turn|25
|
|switch|p2a: Dragonite|Dragonite, F|283\/323
|move|p1a: Heatran|Ancient Power|p2a: Dragonite
|-supereffective|p2a: Dragonite
|-damage|p2a: Dragonite|129\/323
|-boost|p1a: Heatran|atk|1
|-boost|p1a: Heatran|def|1
|-boost|p1a: Heatran|spa|1
|-boost|p1a: Heatran|spd|1
|-boost|p1a: Heatran|spe|1
|
|turn|26
|-message|vane0706 forfeited.
|
|win|hj regicide
|raw|Ladder updating...
|leave|vane0706
|player|p2
|raw|hj regicide's rating: 1797 &rarr; <strong>1820<\/strong><br \/>(+23 for winning)
|raw|vane0706's rating: 1837 &rarr; <strong>1814<\/strong><br \/>(-23 for losing)
|leave|Baka-Skippy