|join|LT7X A0M
|join|hj regicide
|player|p1|LT7X A0M|2
|player|p2|hj regicide|46
|gametype|singles
|gen|6
|tier|OU
|rated
|clearpoke
|poke|p1|Politoed, M
|poke|p1|Kingdra, F, shiny
|poke|p1|Kabutops, F
|poke|p1|Latias, F
|poke|p1|Heracross, M
|poke|p1|Ferrothorn, M
|poke|p2|Latios, M
|poke|p2|Chesnaught, F
|poke|p2|Hippowdon, M
|poke|p2|Rotom-Wash
|poke|p2|Clefable, M
|poke|p2|Scizor, M
|rule|Swagger Clause: Swagger is banned
|rule|Baton Pass Clause: Limit one Pokémon knowing Baton Pass
|rule|Sleep Clause Mod: Limit one foe put to sleep
|rule|Species Clause: Limit one of each Pokémon
|rule|OHKO Clause: OHKO moves are banned
|rule|Moody Clause: Moody is banned
|rule|Evasion Moves Clause: Evasion moves are banned
|rule|Endless Battle Clause: Forcing endless battles is banned
|rule|HP Percentage Mod: HP is shown in percentages
|teampreview
|
|start
|switch|p1a: Heracross|Heracross, M|331\/331
|switch|p2a: Rotom-Wash|Rotom-Wash|304\/304
|turn|1
|
|detailschange|p1a: Heracross|Heracross-Mega, M
|message|Heracross has Mega Evolved into Mega Heracross!
|move|p1a: Heracross|Bullet Seed|p2a: Rotom-Wash
|-supereffective|p2a: Rotom-Wash
|-damage|p2a: Rotom-Wash|240\/304
|-supereffective|p2a: Rotom-Wash
|-damage|p2a: Rotom-Wash|178\/304
|-supereffective|p2a: Rotom-Wash
|-damage|p2a: Rotom-Wash|116\/304
|-supereffective|p2a: Rotom-Wash
|-damage|p2a: Rotom-Wash|60\/304
|-supereffective|p2a: Rotom-Wash
|-damage|p2a: Rotom-Wash|2\/304
|-hitcount|p2a: Rotom-Wash|5
|move|p2a: Rotom-Wash|Will-O-Wisp|p1a: Heracross
|-status|p1a: Heracross|brn
|
|-heal|p2a: Rotom-Wash|21\/304|[from] item: Leftovers
|-damage|p1a: Heracross|290\/331 brn|[from] brn
|turn|2
|c|★LT7X A0M|awesome...
|
|switch|p2a: Clefable|Clefable, M|394\/394
|move|p1a: Heracross|Pin Missile|p2a: Clefable
|-resisted|p2a: Clefable
|-damage|p2a: Clefable|378\/394
|-resisted|p2a: Clefable
|-damage|p2a: Clefable|362\/394
|-resisted|p2a: Clefable
|-damage|p2a: Clefable|347\/394
|-resisted|p2a: Clefable
|-damage|p2a: Clefable|331\/394
|-resisted|p2a: Clefable
|-damage|p2a: Clefable|315\/394
|-hitcount|p2a: Clefable|5
|
|-heal|p2a: Clefable|339\/394|[from] item: Leftovers
|-damage|p1a: Heracross|249\/331 brn|[from] brn
|turn|3
|
|switch|p1a: Politoed|Politoed, M|383\/383
|-weather|RainDance
|move|p2a: Clefable|Calm Mind|p2a: Clefable
|-boost|p2a: Clefable|spa|1
|-boost|p2a: Clefable|spd|1
|
|-weather|RainDance|[upkeep]
|-heal|p2a: Clefable|363\/394|[from] item: Leftovers
|turn|4
|
|move|p1a: Politoed|Encore|p2a: Clefable
|-start|p2a: Clefable|Encore
|move|p2a: Clefable|Calm Mind|p2a: Clefable
|-boost|p2a: Clefable|spa|1
|-boost|p2a: Clefable|spd|1
|
|-weather|RainDance|[upkeep]
|-heal|p2a: Clefable|387\/394|[from] item: Leftovers
|turn|5
|
|switch|p1a: Kabutops|Kabutops, F|259\/259
|move|p2a: Clefable|Calm Mind|p2a: Clefable
|-boost|p2a: Clefable|spa|1
|-boost|p2a: Clefable|spd|1
|
|-weather|RainDance|[upkeep]
|-heal|p2a: Clefable|394\/394|[from] item: Leftovers
|turn|6
|
|switch|p2a: Chesnaught|Chesnaught, F|380\/380
|move|p1a: Kabutops|Waterfall|p2a: Chesnaught
|-resisted|p2a: Chesnaught
|-damage|p2a: Chesnaught|297\/380
|-damage|p1a: Kabutops|234\/259|[from] item: Life Orb
|
|-weather|RainDance|[upkeep]
|-heal|p2a: Chesnaught|320\/380|[from] item: Leftovers
|turn|7
|
|switch|p1a: Latias|Latias, F|319\/319
|move|p2a: Chesnaught|Spikes|p1a: Latias
|-sidestart|p1: LT7X A0M|Spikes
|
|-weather|RainDance|[upkeep]
|-heal|p2a: Chesnaught|343\/380|[from] item: Leftovers
|turn|8
|
|move|p2a: Chesnaught|Spiky Shield|p2a: Chesnaught
|-singleturn|p2a: Chesnaught|move: Protect
|move|p1a: Latias|Psyshock|p2a: Chesnaught
|-activate|p2a: Chesnaught|move: Protect
|
|-weather|RainDance|[upkeep]
|-heal|p2a: Chesnaught|366\/380|[from] item: Leftovers
|turn|9
|
|switch|p2a: Clefable|Clefable, M|394\/394
|move|p1a: Latias|Draco Meteor|p2a: Clefable
|-immune|p2a: Clefable|[msg]
|
|-weather|RainDance|[upkeep]
|turn|10
|
|move|p1a: Latias|Defog|p2a: Clefable
|-unboost|p2a: Clefable|evasion|1
|-sideend|p1: LT7X A0M|Spikes|[from] move: Defog|[of] p1a: Latias
|move|p2a: Clefable|Moonblast|p1a: Latias
|-supereffective|p1a: Latias
|-damage|p1a: Latias|149\/319
|-unboost|p1a: Latias|spa|1
|
|-weather|none
|turn|11
|
|switch|p1a: Politoed|Politoed, M|383\/383
|-weather|RainDance
|move|p2a: Clefable|Calm Mind|p2a: Clefable
|-boost|p2a: Clefable|spa|1
|-boost|p2a: Clefable|spd|1
|
|-weather|RainDance|[upkeep]
|turn|12
|
|switch|p2a: Rotom-Wash|Rotom-Wash|21\/304
|move|p1a: Politoed|Encore|p2a: Rotom-Wash
|-fail|p2a: Rotom-Wash
|
|-weather|RainDance|[upkeep]
|-heal|p2a: Rotom-Wash|40\/304|[from] item: Leftovers
|turn|13
|
|switch|p1a: Latias|Latias, F|149\/319
|move|p2a: Rotom-Wash|Pain Split|p1a: Latias
|-sethp|p1a: Latias|94\/319|p2a: Rotom-Wash|94\/304|[from] move: Pain Split
|
|-weather|RainDance|[upkeep]
|-heal|p2a: Rotom-Wash|113\/304|[from] item: Leftovers
|turn|14
|
|switch|p2a: Scizor|Scizor, M|291\/291
|move|p1a: Latias|Healing Wish|p1a: Latias
|faint|p1a: Latias
|
|-weather|RainDance|[upkeep]
|
|switch|p1a: Heracross|Heracross-Mega, M|249\/331 brn
|-heal|p1a: Heracross|331\/331|[from] move: Healing Wish
|turn|15
|
|detailschange|p2a: Scizor|Scizor-Mega, M
|message|Scizor has Mega Evolved into Mega Scizor!
|move|p2a: Scizor|Bullet Punch|p1a: Heracross
|-damage|p1a: Heracross|228\/331
|move|p1a: Heracross|Rock Blast|p2a: Scizor
|-damage|p2a: Scizor|259\/291
|-damage|p2a: Scizor|226\/291
|-damage|p2a: Scizor|194\/291
|-damage|p2a: Scizor|159\/291
|-damage|p2a: Scizor|128\/291
|-hitcount|p2a: Scizor|5
|
|-weather|RainDance|[upkeep]
|turn|16
|
|move|p2a: Scizor|Bullet Punch|p1a: Heracross
|-damage|p1a: Heracross|122\/331
|move|p1a: Heracross|Close Combat|p2a: Scizor
|-damage|p2a: Scizor|0 fnt
|-unboost|p1a: Heracross|def|1
|-unboost|p1a: Heracross|spd|1
|faint|p2a: Scizor
|
|-weather|RainDance|[upkeep]
|
|switch|p2a: Latios|Latios, M|302\/302
|turn|17
|
|switch|p2a: Clefable|Clefable, M|394\/394
|switch|p1a: Ferrothorn|Ferrothorn, M|349\/349
|
|-weather|RainDance|[upkeep]
|turn|18
|
|switch|p1a: Kingdra|Kingdra, F, shiny|297\/297
|move|p2a: Clefable|Calm Mind|p2a: Clefable
|-boost|p2a: Clefable|spa|1
|-boost|p2a: Clefable|spd|1
|
|-weather|none
|turn|19
|
|switch|p1a: Heracross|Heracross-Mega, M|122\/331
|move|p2a: Clefable|Moonblast|p1a: Heracross
|-supereffective|p1a: Heracross
|-damage|p1a: Heracross|0 fnt
|faint|p1a: Heracross
|
|
|switch|p1a: Politoed|Politoed, M|383\/383
|-weather|RainDance
|turn|20
|
|move|p1a: Politoed|Encore|p2a: Clefable
|-start|p2a: Clefable|Encore
|move|p2a: Clefable|Moonblast|p1a: Politoed
|-damage|p1a: Politoed|232\/383
|
|-weather|RainDance|[upkeep]
|turn|21
|
|switch|p1a: Ferrothorn|Ferrothorn, M|349\/349
|switch|p2a: Rotom-Wash|Rotom-Wash|113\/304
|
|-weather|RainDance|[upkeep]
|-heal|p2a: Rotom-Wash|132\/304|[from] item: Leftovers
|turn|22
|
|move|p2a: Rotom-Wash|Will-O-Wisp|p1a: Ferrothorn
|-status|p1a: Ferrothorn|brn
|move|p1a: Ferrothorn|Leech Seed|p2a: Rotom-Wash
|-start|p2a: Rotom-Wash|move: Leech Seed
|
|-weather|RainDance|[upkeep]
|-heal|p2a: Rotom-Wash|151\/304|[from] item: Leftovers
|-damage|p2a: Rotom-Wash|113\/304|[from] Leech Seed|[of] p1a: Ferrothorn
|-damage|p1a: Ferrothorn|306\/349 brn|[from] brn
|turn|23
|
|move|p1a: Ferrothorn|Protect|p1a: Ferrothorn
|-singleturn|p1a: Ferrothorn|Protect
|move|p2a: Rotom-Wash|Pain Split|p1a: Ferrothorn
|-activate|p1a: Ferrothorn|Protect
|
|-weather|RainDance|[upkeep]
|-heal|p2a: Rotom-Wash|132\/304|[from] item: Leftovers
|-heal|p1a: Ferrothorn|327\/349 brn|[from] item: Leftovers
|-damage|p2a: Rotom-Wash|94\/304|[from] Leech Seed|[of] p1a: Ferrothorn
|-heal|p1a: Ferrothorn|349\/349 brn|[silent]
|-damage|p1a: Ferrothorn|306\/349 brn|[from] brn
|turn|24
|
|switch|p1a: Politoed|Politoed, M|232\/383
|move|p2a: Rotom-Wash|Volt Switch|p1a: Politoed
|-supereffective|p1a: Politoed
|-damage|p1a: Politoed|62\/383
|
|switch|p2a: Latios|Latios, M|302\/302
|
|-weather|RainDance|[upkeep]
|turn|25
|
|switch|p2a: Clefable|Clefable, M|394\/394
|switch|p1a: Ferrothorn|Ferrothorn, M|306\/349 brn
|
|-weather|RainDance|[upkeep]
|-heal|p1a: Ferrothorn|327\/349 brn|[from] item: Leftovers
|-damage|p1a: Ferrothorn|284\/349 brn|[from] brn
|turn|26
|
|switch|p1a: Kabutops|Kabutops, F|234\/259
|move|p2a: Clefable|Calm Mind|p2a: Clefable
|-boost|p2a: Clefable|spa|1
|-boost|p2a: Clefable|spd|1
|
|-weather|RainDance|[upkeep]
|turn|27
|
|switch|p2a: Chesnaught|Chesnaught, F|366\/380
|move|p1a: Kabutops|Waterfall|p2a: Chesnaught
|-resisted|p2a: Chesnaught
|-damage|p2a: Chesnaught|284\/380
|-damage|p1a: Kabutops|209\/259|[from] item: Life Orb
|
|-weather|none
|-heal|p2a: Chesnaught|307\/380|[from] item: Leftovers
|turn|28
|
|switch|p1a: Kingdra|Kingdra, F, shiny|297\/297
|move|p2a: Chesnaught|Hammer Arm|p1a: Kingdra
|-damage|p1a: Kingdra|177\/297
|-unboost|p2a: Chesnaught|spe|1
|
|-heal|p2a: Chesnaught|330\/380|[from] item: Leftovers
|turn|29
|
|move|p2a: Chesnaught|Spiky Shield|p2a: Chesnaught
|-singleturn|p2a: Chesnaught|move: Protect
|move|p1a: Kingdra|Hydro Pump|p2a: Chesnaught
|-activate|p2a: Chesnaught|move: Protect
|
|-heal|p2a: Chesnaught|353\/380|[from] item: Leftovers
|turn|30
|-message|LT7X A0M forfeited.
|
|win|hj regicide
|raw|Ladder updating...
|leave|LT7X A0M
|player|p1
|raw|LT7X A0M's rating: 1631 &rarr; <strong>1612<\/strong><br \/>(-19 for losing)
|raw|hj regicide's rating: 1645 &rarr; <strong>1664<\/strong><br \/>(+19 for winning)