|join|lt7g rewer
|join|hj regicide
|player|p1|lt7g rewer|287
|player|p2|hj regicide|46
|gametype|singles
|gen|6
|tier|OU
|rated
|clearpoke
|poke|p1|Scizor, F
|poke|p1|Terrakion
|poke|p1|Greninja, F
|poke|p1|Latios, M
|poke|p1|Diggersby, M
|poke|p1|Dragonite, M
|poke|p2|Latios, M
|poke|p2|Chesnaught, M
|poke|p2|Hippowdon, F
|poke|p2|Rotom-Wash
|poke|p2|Clefable, M
|poke|p2|Scizor, F
|rule|Swagger Clause: Swagger is banned
|rule|Baton Pass Clause: Limit one Pokémon knowing Baton Pass
|rule|Sleep Clause Mod: Limit one foe put to sleep
|rule|Species Clause: Limit one of each Pokémon
|rule|OHKO Clause: OHKO moves are banned
|rule|Moody Clause: Moody is banned
|rule|Evasion Moves Clause: Evasion moves are banned
|rule|Endless Battle Clause: Forcing endless battles is banned
|rule|HP Percentage Mod: HP is shown in percentages
|teampreview
|
|start
|switch|p1a: Terrakion|Terrakion|323\/323
|switch|p2a: Latios|Latios, M|302\/302
|turn|1
|
|move|p2a: Latios|Psyshock|p1a: Terrakion
|-supereffective|p1a: Terrakion
|-enditem|p1a: Terrakion|Focus Sash
|-damage|p1a: Terrakion|1\/323
|-damage|p2a: Latios|272\/302|[from] item: Life Orb
|move|p1a: Terrakion|Stealth Rock|p2a: Latios
|-sidestart|p2: hj regicide|move: Stealth Rock
|
|turn|2
|
|move|p2a: Latios|Defog|p1a: Terrakion
|-unboost|p1a: Terrakion|evasion|1
|-sideend|p2: hj regicide|Stealth Rock|[from] move: Defog|[of] p2a: Latios
|move|p1a: Terrakion|Stone Edge|p2a: Latios
|-damage|p2a: Latios|46\/302
|
|turn|3
|
|switch|p1a: Scizor|Scizor, F|299\/299
|move|p2a: Latios|Roost|p2a: Latios
|-heal|p2a: Latios|197\/302
|
|turn|4
|
|switch|p2a: Scizor|Scizor, F|291\/291
|switch|p1a: Greninja|Greninja, F|286\/286
|
|turn|5
|
|detailschange|p2a: Scizor|Scizor-Mega, F
|message|Scizor has Mega Evolved into Mega Scizor!
|move|p1a: Greninja|Hydro Pump|p2a: Scizor
|-start|p1a: Greninja|typechange|Water|[from] Protean
|-damage|p2a: Scizor|61\/291
|-damage|p1a: Greninja|258\/286|[from] item: Life Orb
|move|p2a: Scizor|Bug Bite|p1a: Greninja
|-damage|p1a: Greninja|6\/286
|
|turn|6
|
|switch|p1a: Scizor|Scizor, F|299\/299
|move|p2a: Scizor|Bullet Punch|p1a: Scizor
|-resisted|p1a: Scizor
|-damage|p1a: Scizor|233\/299
|
|turn|7
|
|detailschange|p1a: Scizor|Scizor-Mega, F
|message|Scizor has Mega Evolved into Mega Scizor!
|move|p2a: Scizor|Roost|p2a: Scizor
|-heal|p2a: Scizor|207\/291
|move|p1a: Scizor|Swords Dance|p1a: Scizor
|-boost|p1a: Scizor|atk|2
|
|turn|8
|
|switch|p2a: Latios|Latios, M|197\/302
|move|p1a: Scizor|Superpower|p2a: Latios
|-crit|p2a: Latios
|-resisted|p2a: Latios
|-damage|p2a: Latios|0 fnt
|-unboost|p1a: Scizor|atk|1
|-unboost|p1a: Scizor|def|1
|faint|p2a: Latios
|
|
|switch|p2a: Rotom-Wash|Rotom-Wash|304\/304
|turn|9
|
|switch|p1a: Latios|Latios, M|301\/301
|move|p2a: Rotom-Wash|Will-O-Wisp|p1a: Latios
|-status|p1a: Latios|brn
|
|-damage|p1a: Latios|264\/301 brn|[from] brn
|turn|10
|
|move|p1a: Latios|Draco Meteor|p2a: Rotom-Wash
|-damage|p2a: Rotom-Wash|27\/304
|-unboost|p1a: Latios|spa|2
|-damage|p1a: Latios|234\/301 brn|[from] item: Life Orb
|move|p2a: Rotom-Wash|Volt Switch|p1a: Latios
|-resisted|p1a: Latios
|-damage|p1a: Latios|194\/301 brn
|
|switch|p2a: Scizor|Scizor-Mega, F|207\/291
|
|-damage|p1a: Latios|157\/301 brn|[from] brn
|turn|11
|
|move|p1a: Latios|Hidden Power|p2a: Scizor
|-supereffective|p2a: Scizor
|-damage|p2a: Scizor|4\/291
|-damage|p1a: Latios|127\/301 brn|[from] item: Life Orb
|move|p2a: Scizor|Roost|p2a: Scizor
|-heal|p2a: Scizor|150\/291
|
|-damage|p1a: Latios|90\/301 brn|[from] brn
|turn|12
|
|switch|p1a: Dragonite|Dragonite, M|329\/329
|move|p2a: Scizor|Bullet Punch|p1a: Dragonite
|-damage|p1a: Dragonite|258\/329
|
|turn|13
|
|switch|p1a: Diggersby|Diggersby, M|311\/311
|move|p2a: Scizor|Bullet Punch|p1a: Diggersby
|-damage|p1a: Diggersby|146\/311
|
|turn|14
|c|★lt7g rewer|why
|
|switch|p1a: Greninja|Greninja, F|6\/286
|move|p2a: Scizor|Bullet Punch|p1a: Greninja
|-resisted|p1a: Greninja
|-damage|p1a: Greninja|0 fnt
|faint|p1a: Greninja
|
|
|switch|p1a: Dragonite|Dragonite, M|258\/329
|turn|15
|
|switch|p2a: Rotom-Wash|Rotom-Wash|27\/304
|move|p1a: Dragonite|Fire Punch|p2a: Rotom-Wash
|-resisted|p2a: Rotom-Wash
|-damage|p2a: Rotom-Wash|0 fnt
|faint|p2a: Rotom-Wash
|
|
|switch|p2a: Hippowdon|Hippowdon, F|420\/420
|-weather|Sandstorm
|turn|16
|
|switch|p1a: Terrakion|Terrakion|1\/323
|move|p2a: Hippowdon|Earthquake|p1a: Terrakion
|-supereffective|p1a: Terrakion
|-damage|p1a: Terrakion|0 fnt
|faint|p1a: Terrakion
|
|-weather|Sandstorm|[upkeep]
|
|switch|p1a: Latios|Latios, M|90\/301 brn
|turn|17
|
|move|p1a: Latios|Roost|p1a: Latios
|-heal|p1a: Latios|241\/301 brn
|move|p2a: Hippowdon|Slack Off|p2a: Hippowdon
|-fail|p2a: Hippowdon
|
|-weather|Sandstorm|[upkeep]
|-damage|p1a: Latios|223\/301 brn|[from] sandstorm
|-damage|p1a: Latios|186\/301 brn|[from] brn
|turn|18
|
|move|p1a: Latios|Draco Meteor|p2a: Hippowdon
|-damage|p2a: Hippowdon|107\/420
|-unboost|p1a: Latios|spa|2
|-damage|p1a: Latios|156\/301 brn|[from] item: Life Orb
|move|p2a: Hippowdon|Stealth Rock|p1a: Latios
|-sidestart|p1: lt7g rewer|move: Stealth Rock
|
|-weather|Sandstorm|[upkeep]
|-damage|p1a: Latios|138\/301 brn|[from] sandstorm
|-heal|p2a: Hippowdon|133\/420|[from] item: Leftovers
|-damage|p1a: Latios|101\/301 brn|[from] brn
|turn|19
|
|switch|p2a: Clefable|Clefable, M|394\/394
|move|p1a: Latios|Roost|p1a: Latios
|-heal|p1a: Latios|252\/301 brn
|
|-weather|Sandstorm|[upkeep]
|-damage|p1a: Latios|234\/301 brn|[from] sandstorm
|-damage|p1a: Latios|197\/301 brn|[from] brn
|turn|20
|
|switch|p1a: Scizor|Scizor-Mega, F|233\/299
|-damage|p1a: Scizor|196\/299|[from] Stealth Rock
|move|p2a: Clefable|Moonblast|p1a: Scizor
|-resisted|p1a: Scizor
|-damage|p1a: Scizor|139\/299
|
|-weather|none
|turn|21
|
|move|p1a: Scizor|Bullet Punch|p2a: Clefable
|-supereffective|p2a: Clefable
|-damage|p2a: Clefable|122\/394
|move|p2a: Clefable|Flamethrower|p1a: Scizor
|-supereffective|p1a: Scizor
|-damage|p1a: Scizor|0 fnt
|faint|p1a: Scizor
|
|-heal|p2a: Clefable|146\/394|[from] item: Leftovers
|
|switch|p1a: Diggersby|Diggersby, M|146\/311
|-damage|p1a: Diggersby|127\/311|[from] Stealth Rock
|turn|22
|
|move|p1a: Diggersby|Earthquake|p2a: Clefable
|-damage|p2a: Clefable|0 fnt
|-damage|p1a: Diggersby|96\/311|[from] item: Life Orb
|faint|p2a: Clefable
|
|
|switch|p2a: Scizor|Scizor-Mega, F|150\/291
|turn|23
|
|move|p1a: Diggersby|Quick Attack|p2a: Scizor
|-crit|p2a: Scizor
|-resisted|p2a: Scizor
|-damage|p2a: Scizor|92\/291
|-damage|p1a: Diggersby|65\/311|[from] item: Life Orb
|move|p2a: Scizor|Bullet Punch|p1a: Diggersby
|-damage|p1a: Diggersby|0 fnt
|faint|p1a: Diggersby
|
|
|switch|p1a: Latios|Latios, M|197\/301 brn
|-damage|p1a: Latios|160\/301 brn|[from] Stealth Rock
|turn|24
|
|switch|p2a: Hippowdon|Hippowdon, F|133\/420
|-weather|Sandstorm
|move|p1a: Latios|Hidden Power|p2a: Hippowdon
|-damage|p2a: Hippowdon|19\/420
|-damage|p1a: Latios|130\/301 brn|[from] item: Life Orb
|
|-weather|Sandstorm|[upkeep]
|-damage|p1a: Latios|112\/301 brn|[from] sandstorm
|-heal|p2a: Hippowdon|45\/420|[from] item: Leftovers
|-damage|p1a: Latios|75\/301 brn|[from] brn
|turn|25
|
|move|p1a: Latios|Roost|p1a: Latios
|-heal|p1a: Latios|226\/301 brn
|move|p2a: Hippowdon|Slack Off|p2a: Hippowdon
|-heal|p2a: Hippowdon|255\/420
|
|-weather|Sandstorm|[upkeep]
|-damage|p1a: Latios|208\/301 brn|[from] sandstorm
|-heal|p2a: Hippowdon|281\/420|[from] item: Leftovers
|-damage|p1a: Latios|171\/301 brn|[from] brn
|turn|26
|
|move|p1a: Latios|Roost|p1a: Latios
|-heal|p1a: Latios|301\/301 brn
|move|p2a: Hippowdon|Slack Off|p2a: Hippowdon
|-heal|p2a: Hippowdon|420\/420
|
|-weather|Sandstorm|[upkeep]
|-damage|p1a: Latios|283\/301 brn|[from] sandstorm
|-damage|p1a: Latios|246\/301 brn|[from] brn
|turn|27
|join|Piexplode(づ◕‿‿◕)づ
|
|move|p1a: Latios|Psyshock|p2a: Hippowdon
|-damage|p2a: Hippowdon|282\/420
|-damage|p1a: Latios|216\/301 brn|[from] item: Life Orb
|move|p2a: Hippowdon|Stealth Rock|p1a: Latios
|-fail|p1a: Latios
|
|-weather|Sandstorm|[upkeep]
|-damage|p1a: Latios|198\/301 brn|[from] sandstorm
|-heal|p2a: Hippowdon|308\/420|[from] item: Leftovers
|-damage|p1a: Latios|161\/301 brn|[from] brn
|turn|28
|
|move|p1a: Latios|Roost|p1a: Latios
|-heal|p1a: Latios|301\/301 brn
|move|p2a: Hippowdon|Slack Off|p2a: Hippowdon
|-heal|p2a: Hippowdon|420\/420
|
|-weather|none
|-damage|p1a: Latios|264\/301 brn|[from] brn
|turn|29
|
|move|p1a: Latios|Psyshock|p2a: Hippowdon
|-damage|p2a: Hippowdon|286\/420
|-damage|p1a: Latios|234\/301 brn|[from] item: Life Orb
|move|p2a: Hippowdon|Rock Slide|p1a: Latios
|-damage|p1a: Latios|161\/301 brn
|
|-heal|p2a: Hippowdon|312\/420|[from] item: Leftovers
|-damage|p1a: Latios|124\/301 brn|[from] brn
|turn|30
|
|move|p1a: Latios|Roost|p1a: Latios
|-heal|p1a: Latios|275\/301 brn
|move|p2a: Hippowdon|Rock Slide|p1a: Latios
|-damage|p1a: Latios|191\/301 brn
|
|-heal|p2a: Hippowdon|338\/420|[from] item: Leftovers
|-damage|p1a: Latios|154\/301 brn|[from] brn
|turn|31
|
|move|p1a: Latios|Roost|p1a: Latios
|-heal|p1a: Latios|301\/301 brn
|move|p2a: Hippowdon|Rock Slide|p1a: Latios
|-damage|p1a: Latios|219\/301 brn
|
|-heal|p2a: Hippowdon|364\/420|[from] item: Leftovers
|-damage|p1a: Latios|182\/301 brn|[from] brn
|turn|32
|
|move|p1a: Latios|Psyshock|p2a: Hippowdon
|-damage|p2a: Hippowdon|246\/420
|-damage|p1a: Latios|152\/301 brn|[from] item: Life Orb
|move|p2a: Hippowdon|Rock Slide|p1a: Latios
|-damage|p1a: Latios|73\/301 brn
|
|-heal|p2a: Hippowdon|272\/420|[from] item: Leftovers
|-damage|p1a: Latios|36\/301 brn|[from] brn
|turn|33
|
|switch|p2a: Scizor|Scizor-Mega, F|92\/291
|move|p1a: Latios|Roost|p1a: Latios
|-heal|p1a: Latios|187\/301 brn
|
|-damage|p1a: Latios|150\/301 brn|[from] brn
|turn|34
|
|move|p2a: Scizor|Bullet Punch|p1a: Latios
|-damage|p1a: Latios|0 fnt
|faint|p1a: Latios
|
|
|switch|p1a: Dragonite|Dragonite, M|258\/329
|-damage|p1a: Dragonite|176\/329|[from] Stealth Rock
|turn|35
|
|move|p2a: Scizor|Bullet Punch|p1a: Dragonite
|-damage|p1a: Dragonite|40\/329
|move|p1a: Dragonite|Outrage|p2a: Scizor
|-resisted|p2a: Scizor
|-damage|p2a: Scizor|0 fnt
|faint|p2a: Scizor
|
|
|switch|p2a: Hippowdon|Hippowdon, F|272\/420
|-weather|Sandstorm
|turn|36
|
|move|p1a: Dragonite|Outrage|p2a: Hippowdon
|-damage|p2a: Hippowdon|31\/420
|move|p2a: Hippowdon|Slack Off|p2a: Hippowdon
|-heal|p2a: Hippowdon|241\/420
|
|-weather|Sandstorm|[upkeep]
|-damage|p1a: Dragonite|20\/329|[from] sandstorm
|-heal|p2a: Hippowdon|267\/420|[from] item: Leftovers
|turn|37
|-message|lt7g rewer forfeited.
|
|win|hj regicide
|raw|Ladder updating...
|leave|lt7g rewer
|player|p1
|raw|lt7g rewer's rating: 1852 &rarr; <strong>1828<\/strong><br \/>(-24 for losing)
|raw|hj regicide's rating: 1770 &rarr; <strong>1795<\/strong><br \/>(+25 for winning)
|leave|Piexplode(づ◕‿‿◕)づ
|leave|hj regicide
|player|p2
|join|hj regicide
|c|★hj regicide|Wait 
|leave|hj regicide
|join|hj regicide