|join|EBOLA BASEDGOD
|join|hj regicide
|player|p1|EBOLA BASEDGOD|75
|player|p2|hj regicide|46
|gametype|singles
|gen|6
|tier|OU
|rated
|clearpoke
|poke|p1|Hippowdon, M
|poke|p1|Alakazam, M
|poke|p1|Rotom-Wash
|poke|p1|Landorus-Therian, M
|poke|p1|Ferrothorn, F
|poke|p1|Latios, M
|poke|p2|Latios, M
|poke|p2|Chesnaught, F
|poke|p2|Hippowdon, F
|poke|p2|Rotom-Wash
|poke|p2|Clefable, F
|poke|p2|Scizor, M
|rule|Swagger Clause: Swagger is banned
|rule|Baton Pass Clause: Limit one Pokémon knowing Baton Pass
|rule|Sleep Clause Mod: Limit one foe put to sleep
|rule|Species Clause: Limit one of each Pokémon
|rule|OHKO Clause: OHKO moves are banned
|rule|Moody Clause: Moody is banned
|rule|Evasion Moves Clause: Evasion moves are banned
|rule|Endless Battle Clause: Forcing endless battles is banned
|rule|HP Percentage Mod: HP is shown in percentages
|teampreview
|
|start
|switch|p1a: Rotom-W|Rotom-Wash|303\/303
|switch|p2a: Clefable|Clefable, F|394\/394
|turn|1
|
|move|p1a: Rotom-W|Volt Switch|p2a: Clefable
|-damage|p2a: Clefable|318\/394
|
|switch|p1a: Fugazy.|Alakazam, M|252\/252
|move|p2a: Clefable|Calm Mind|p2a: Clefable
|-boost|p2a: Clefable|spa|1
|-boost|p2a: Clefable|spd|1
|
|-heal|p2a: Clefable|342\/394|[from] item: Leftovers
|turn|2
|
|move|p1a: Fugazy.|Psychic|p2a: Clefable
|-damage|p2a: Clefable|233\/394
|move|p2a: Clefable|Moonblast|p1a: Fugazy.
|-crit|p1a: Fugazy.
|-damage|p1a: Fugazy.|0 fnt
|faint|p1a: Fugazy.
|
|-heal|p2a: Clefable|257\/394|[from] item: Leftovers
|
|switch|p1a: Landorus-Therian|Landorus-Therian, M|327\/327
|-ability|p1a: Landorus-Therian|Intimidate|[of] p2a: Clefable
|-unboost|p2a: Clefable|atk|1
|turn|3
|
|switch|p2a: Rotom-Wash|Rotom-Wash|304\/304
|move|p1a: Landorus-Therian|Earthquake|p2a: Rotom-Wash
|-immune|p2a: Rotom-Wash|[msg]
|
|turn|4
|
|switch|p1a: Latios|Latios, M|302\/302
|move|p2a: Rotom-Wash|Volt Switch|p1a: Latios
|-resisted|p1a: Latios
|-damage|p1a: Latios|260\/302
|
|switch|p2a: Clefable|Clefable, F|257\/394
|
|-heal|p2a: Clefable|281\/394|[from] item: Leftovers
|turn|5
|
|move|p1a: Latios|Psyshock|p2a: Clefable
|-damage|p2a: Clefable|70\/394
|-damage|p1a: Latios|230\/302|[from] item: Life Orb
|move|p2a: Clefable|Soft-Boiled|p2a: Clefable
|-heal|p2a: Clefable|267\/394
|
|-heal|p2a: Clefable|291\/394|[from] item: Leftovers
|turn|6
|
|switch|p1a: Landorus-Therian|Landorus-Therian, M|327\/327
|-ability|p1a: Landorus-Therian|Intimidate|[of] p2a: Clefable
|-unboost|p2a: Clefable|atk|1
|move|p2a: Clefable|Soft-Boiled|p2a: Clefable
|-heal|p2a: Clefable|394\/394
|
|turn|7
|
|move|p1a: Landorus-Therian|Knock Off|p2a: Clefable
|-crit|p2a: Clefable
|-resisted|p2a: Clefable
|-damage|p2a: Clefable|303\/394
|-enditem|p2a: Clefable|Leftovers|[from] move: Knock Off|[of] p1a: Landorus-Therian
|move|p2a: Clefable|Moonblast|p1a: Landorus-Therian
|-damage|p1a: Landorus-Therian|195\/327
|
|turn|8
|
|switch|p1a: Rotom-W|Rotom-Wash|303\/303
|move|p2a: Clefable|Calm Mind|p2a: Clefable
|-boost|p2a: Clefable|spa|1
|-boost|p2a: Clefable|spd|1
|
|turn|9
|
|move|p1a: Rotom-W|Volt Switch|p2a: Clefable
|-damage|p2a: Clefable|260\/394
|
|switch|p1a: Flocker.|Hippowdon, M|420\/420
|-weather|Sandstorm
|move|p2a: Clefable|Moonblast|p1a: Flocker.
|-damage|p1a: Flocker.|239\/420
|
|-weather|Sandstorm|[upkeep]
|-heal|p1a: Flocker.|265\/420|[from] item: Leftovers
|turn|10
|
|move|p2a: Clefable|Soft-Boiled|p2a: Clefable
|-heal|p2a: Clefable|394\/394
|move|p1a: Flocker.|Stealth Rock|p2a: Clefable
|-sidestart|p2: hj regicide|move: Stealth Rock
|
|-weather|Sandstorm|[upkeep]
|-heal|p1a: Flocker.|291\/420|[from] item: Leftovers
|turn|11
|
|move|p2a: Clefable|Moonblast|p1a: Flocker.
|-damage|p1a: Flocker.|117\/420
|-unboost|p1a: Flocker.|spa|1
|move|p1a: Flocker.|Slack Off|p1a: Flocker.
|-heal|p1a: Flocker.|327\/420
|
|-weather|Sandstorm|[upkeep]
|-heal|p1a: Flocker.|353\/420|[from] item: Leftovers
|turn|12
|
|move|p2a: Clefable|Calm Mind|p2a: Clefable
|-boost|p2a: Clefable|spa|1
|-boost|p2a: Clefable|spd|1
|move|p1a: Flocker.|Slack Off|p1a: Flocker.
|-heal|p1a: Flocker.|420\/420
|
|-weather|Sandstorm|[upkeep]
|turn|13
|
|move|p2a: Clefable|Moonblast|p1a: Flocker.
|-damage|p1a: Flocker.|182\/420
|move|p1a: Flocker.|Earthquake|p2a: Clefable
|-damage|p2a: Clefable|250\/394
|
|-weather|none
|-heal|p1a: Flocker.|208\/420|[from] item: Leftovers
|turn|14
|
|switch|p1a: Ferrothorn|Ferrothorn, F|352\/352
|move|p2a: Clefable|Moonblast|p1a: Ferrothorn
|-resisted|p1a: Ferrothorn
|-damage|p1a: Ferrothorn|275\/352
|
|-heal|p1a: Ferrothorn|297\/352|[from] item: Leftovers
|turn|15
|
|switch|p1a: Latios|Latios, M|230\/302
|move|p2a: Clefable|Flamethrower|p1a: Latios
|-resisted|p1a: Latios
|-damage|p1a: Latios|169\/302
|
|turn|16
|
|move|p1a: Latios|Psyshock|p2a: Clefable
|-damage|p2a: Clefable|42\/394
|-damage|p1a: Latios|139\/302|[from] item: Life Orb
|move|p2a: Clefable|Soft-Boiled|p2a: Clefable
|-heal|p2a: Clefable|239\/394
|
|turn|17
|
|switch|p2a: Scizor|Scizor, M|291\/291
|-damage|p2a: Scizor|255\/291|[from] Stealth Rock
|move|p1a: Latios|Psyshock|p2a: Scizor
|-resisted|p2a: Scizor
|-damage|p2a: Scizor|165\/291
|-damage|p1a: Latios|109\/302|[from] item: Life Orb
|
|turn|18
|
|switch|p1a: Landorus-Therian|Landorus-Therian, M|195\/327
|-ability|p1a: Landorus-Therian|Intimidate|[of] p2a: Scizor
|-unboost|p2a: Scizor|atk|1
|detailschange|p2a: Scizor|Scizor-Mega, M
|message|Scizor has Mega Evolved into Mega Scizor!
|move|p2a: Scizor|Roost|p2a: Scizor
|-heal|p2a: Scizor|291\/291
|
|turn|19
|
|switch|p1a: Rotom-W|Rotom-Wash|303\/303
|move|p2a: Scizor|Swords Dance|p2a: Scizor
|-boost|p2a: Scizor|atk|2
|
|turn|20
|
|switch|p2a: Clefable|Clefable, F|239\/394
|move|p1a: Rotom-W|Will-O-Wisp|p2a: Clefable|[miss]
|-miss|p1a: Rotom-W|p2a: Clefable
|
|turn|21
|
|move|p1a: Rotom-W|Volt Switch|p2a: Clefable
|-damage|p2a: Clefable|169\/394
|
|switch|p1a: Landorus-Therian|Landorus-Therian, M|195\/327
|-ability|p1a: Landorus-Therian|Intimidate|[of] p2a: Clefable
|-unboost|p2a: Clefable|atk|1
|move|p2a: Clefable|Soft-Boiled|p2a: Clefable
|-heal|p2a: Clefable|366\/394
|
|turn|22
|
|move|p1a: Landorus-Therian|Earthquake|p2a: Clefable
|-damage|p2a: Clefable|165\/394
|move|p2a: Clefable|Moonblast|p1a: Landorus-Therian
|-crit|p1a: Landorus-Therian
|-damage|p1a: Landorus-Therian|17\/327
|
|turn|23
|
|switch|p1a: Latios|Latios, M|109\/302
|switch|p2a: Hippowdon|Hippowdon, F|420\/420
|-damage|p2a: Hippowdon|394\/420|[from] Stealth Rock
|-weather|Sandstorm
|
|-weather|Sandstorm|[upkeep]
|-damage|p1a: Latios|91\/302|[from] sandstorm
|-heal|p2a: Hippowdon|420\/420|[from] item: Leftovers
|turn|24
|
|move|p1a: Latios|Roost|p1a: Latios
|-heal|p1a: Latios|242\/302
|move|p2a: Hippowdon|Slack Off|p2a: Hippowdon
|-fail|p2a: Hippowdon
|
|-weather|Sandstorm|[upkeep]
|-damage|p1a: Latios|224\/302|[from] sandstorm
|turn|25
|
|switch|p1a: Rotom-W|Rotom-Wash|303\/303
|move|p2a: Hippowdon|Stealth Rock|p1a: Rotom-W
|-sidestart|p1: EBOLA BASEDGOD|move: Stealth Rock
|
|-weather|Sandstorm|[upkeep]
|-damage|p1a: Rotom-W|285\/303|[from] sandstorm
|-heal|p1a: Rotom-W|303\/303|[from] item: Leftovers
|turn|26
|
|switch|p2a: Rotom-Wash|Rotom-Wash|304\/304
|-damage|p2a: Rotom-Wash|266\/304|[from] Stealth Rock
|move|p1a: Rotom-W|Volt Switch|p2a: Rotom-Wash
|-crit|p2a: Rotom-Wash
|-damage|p2a: Rotom-Wash|149\/304
|
|switch|p1a: Latios|Latios, M|224\/302
|-damage|p1a: Latios|187\/302|[from] Stealth Rock
|
|-weather|Sandstorm|[upkeep]
|-damage|p1a: Latios|169\/302|[from] sandstorm
|-damage|p2a: Rotom-Wash|130\/304|[from] sandstorm
|-heal|p2a: Rotom-Wash|149\/304|[from] item: Leftovers
|turn|27
|
|move|p1a: Latios|Psyshock|p2a: Rotom-Wash
|-damage|p2a: Rotom-Wash|23\/304
|-damage|p1a: Latios|139\/302|[from] item: Life Orb
|move|p2a: Rotom-Wash|Volt Switch|p1a: Latios
|-crit|p1a: Latios
|-resisted|p1a: Latios
|-damage|p1a: Latios|76\/302
|
|switch|p2a: Scizor|Scizor-Mega, M|291\/291
|-damage|p2a: Scizor|255\/291|[from] Stealth Rock
|
|-weather|none
|turn|28
|
|switch|p1a: Rotom-W|Rotom-Wash|303\/303
|-damage|p1a: Rotom-W|266\/303|[from] Stealth Rock
|move|p2a: Scizor|Swords Dance|p2a: Scizor
|-boost|p2a: Scizor|atk|2
|
|-heal|p1a: Rotom-W|284\/303|[from] item: Leftovers
|turn|29
|
|move|p2a: Scizor|Bug Bite|p1a: Rotom-W
|-damage|p1a: Rotom-W|17\/303
|move|p1a: Rotom-W|Volt Switch|p2a: Scizor
|-damage|p2a: Scizor|179\/291
|
|switch|p1a: Ferrothorn|Ferrothorn, F|297\/352
|-damage|p1a: Ferrothorn|275\/352|[from] Stealth Rock
|
|-heal|p1a: Ferrothorn|297\/352|[from] item: Leftovers
|turn|30
|
|move|p1a: Ferrothorn|Protect|p1a: Ferrothorn
|-singleturn|p1a: Ferrothorn|Protect
|move|p2a: Scizor|Bug Bite|p1a: Ferrothorn
|-activate|p1a: Ferrothorn|Protect
|
|-heal|p1a: Ferrothorn|319\/352|[from] item: Leftovers
|turn|31
|
|move|p2a: Scizor|Swords Dance|p2a: Scizor
|-boost|p2a: Scizor|atk|2
|move|p1a: Ferrothorn|Leech Seed|p2a: Scizor
|-start|p2a: Scizor|move: Leech Seed
|
|-heal|p1a: Ferrothorn|341\/352|[from] item: Leftovers
|-damage|p2a: Scizor|143\/291|[from] Leech Seed|[of] p1a: Ferrothorn
|-heal|p1a: Ferrothorn|352\/352|[silent]
|turn|32
|
|move|p2a: Scizor|Roost|p2a: Scizor
|-heal|p2a: Scizor|289\/291
|move|p1a: Ferrothorn|Power Whip|p2a: Scizor
|-resisted|p2a: Scizor
|-damage|p2a: Scizor|262\/291
|
|-damage|p2a: Scizor|226\/291|[from] Leech Seed|[of] p1a: Ferrothorn
|turn|33
|
|move|p2a: Scizor|Swords Dance|p2a: Scizor
|-boost|p2a: Scizor|atk|2
|move|p1a: Ferrothorn|Gyro Ball|p2a: Scizor
|-crit|p2a: Scizor
|-resisted|p2a: Scizor
|-damage|p2a: Scizor|136\/291
|
|-damage|p2a: Scizor|100\/291|[from] Leech Seed|[of] p1a: Ferrothorn
|turn|34
|
|move|p1a: Ferrothorn|Protect|p1a: Ferrothorn
|-singleturn|p1a: Ferrothorn|Protect
|move|p2a: Scizor|Roost|p2a: Scizor
|-heal|p2a: Scizor|246\/291
|
|-damage|p2a: Scizor|210\/291|[from] Leech Seed|[of] p1a: Ferrothorn
|turn|35
|
|move|p2a: Scizor|Bug Bite|p1a: Ferrothorn
|-damage|p1a: Ferrothorn|0 fnt
|-damage|p2a: Scizor|174\/291|[from] ability: Iron Barbs|[of] p1a: Ferrothorn
|faint|p1a: Ferrothorn
|
|-message|EBOLA BASEDGOD forfeited.
|
|win|hj regicide
|raw|Ladder updating...
|leave|EBOLA BASEDGOD
|player|p1
|raw|EBOLA BASEDGOD's rating: 1796 &rarr; <strong>1769<\/strong><br \/>(-27 for losing)
|raw|hj regicide's rating: 1663 &rarr; <strong>1690<\/strong><br \/>(+27 for winning)