|join|HJ regicide
|join|Doodle Dai
|player|p1|HJ regicide|46
|player|p2|Doodle Dai|289
|gametype|singles
|gen|6
|tier|OU
|rated
|clearpoke
|poke|p1|Gliscor, F
|poke|p1|Gardevoir, M
|poke|p1|Heatran, F
|poke|p1|Ferrothorn, F
|poke|p1|Latias, F
|poke|p1|Gyarados, F
|poke|p2|Keldeo
|poke|p2|Tyranitar, M, shiny
|poke|p2|Landorus-Therian, M
|poke|p2|Bisharp, M, shiny
|poke|p2|Heatran, M
|poke|p2|Latios, M
|rule|Swagger Clause: Swagger is banned
|rule|Baton Pass Clause: Limit one Pokémon knowing Baton Pass
|rule|Sleep Clause Mod: Limit one foe put to sleep
|rule|Species Clause: Limit one of each Pokémon
|rule|OHKO Clause: OHKO moves are banned
|rule|Moody Clause: Moody is banned
|rule|Evasion Moves Clause: Evasion moves are banned
|rule|Endless Battle Clause: Forcing endless battles is banned
|rule|HP Percentage Mod: HP is shown in percentages
|teampreview
|
|start
|switch|p1a: Ferrothorn|Ferrothorn, F|352\/352
|switch|p2a: Keldeo|Keldeo|324\/324
|turn|1
|
|switch|p2a: Landorus-Therian|Landorus-Therian, M|374\/374
|-ability|p2a: Landorus-Therian|Intimidate|[of] p1a: Ferrothorn
|-unboost|p1a: Ferrothorn|atk|1
|move|p1a: Ferrothorn|Protect|p1a: Ferrothorn
|-fail|p1a: Ferrothorn
|
|turn|2
|
|move|p2a: Landorus-Therian|Stealth Rock|p1a: Ferrothorn
|-sidestart|p1: HJ regicide|move: Stealth Rock
|move|p1a: Ferrothorn|Stealth Rock|p2a: Landorus-Therian
|-sidestart|p2: Doodle Dai|move: Stealth Rock
|
|turn|3
|
|move|p2a: Landorus-Therian|Knock Off|p1a: Ferrothorn
|-damage|p1a: Ferrothorn|278\/352
|-damage|p2a: Landorus-Therian|328\/374|[from] ability: Iron Barbs|[of] p1a: Ferrothorn
|-enditem|p1a: Ferrothorn|Leftovers|[from] move: Knock Off|[of] p2a: Landorus-Therian
|move|p1a: Ferrothorn|Leech Seed|p2a: Landorus-Therian|[miss]
|-miss|p1a: Ferrothorn|p2a: Landorus-Therian
|
|-heal|p2a: Landorus-Therian|351\/374|[from] item: Leftovers
|turn|4
|
|move|p2a: Landorus-Therian|Earthquake|p1a: Ferrothorn
|-damage|p1a: Ferrothorn|161\/352
|move|p1a: Ferrothorn|Leech Seed|p2a: Landorus-Therian
|-start|p2a: Landorus-Therian|move: Leech Seed
|
|-heal|p2a: Landorus-Therian|374\/374|[from] item: Leftovers
|-damage|p2a: Landorus-Therian|328\/374|[from] Leech Seed|[of] p1a: Ferrothorn
|-heal|p1a: Ferrothorn|207\/352|[silent]
|turn|5
|
|switch|p2a: Heatran|Heatran, M|386\/386
|-damage|p2a: Heatran|338\/386|[from] Stealth Rock
|move|p1a: Ferrothorn|Leech Seed|p2a: Heatran
|-start|p2a: Heatran|move: Leech Seed
|
|-heal|p2a: Heatran|362\/386|[from] item: Leftovers
|-damage|p2a: Heatran|314\/386|[from] Leech Seed|[of] p1a: Ferrothorn
|-heal|p1a: Ferrothorn|255\/352|[silent]
|turn|6
|
|switch|p2a: Landorus-Therian|Landorus-Therian, M|328\/374
|-damage|p2a: Landorus-Therian|282\/374|[from] Stealth Rock
|-ability|p2a: Landorus-Therian|Intimidate|[of] p1a: Ferrothorn
|-unboost|p1a: Ferrothorn|atk|1
|move|p1a: Ferrothorn|Protect|p1a: Ferrothorn
|-fail|p1a: Ferrothorn
|
|-heal|p2a: Landorus-Therian|305\/374|[from] item: Leftovers
|turn|7
|
|move|p2a: Landorus-Therian|Earthquake|p1a: Ferrothorn
|-damage|p1a: Ferrothorn|131\/352
|move|p1a: Ferrothorn|Leech Seed|p2a: Landorus-Therian
|-start|p2a: Landorus-Therian|move: Leech Seed
|
|-heal|p2a: Landorus-Therian|328\/374|[from] item: Leftovers
|-damage|p2a: Landorus-Therian|282\/374|[from] Leech Seed|[of] p1a: Ferrothorn
|-heal|p1a: Ferrothorn|177\/352|[silent]
|turn|8
|
|switch|p2a: Heatran|Heatran, M|314\/386
|-damage|p2a: Heatran|266\/386|[from] Stealth Rock
|move|p1a: Ferrothorn|Leech Seed|p2a: Heatran
|-start|p2a: Heatran|move: Leech Seed
|
|-heal|p2a: Heatran|290\/386|[from] item: Leftovers
|-damage|p2a: Heatran|242\/386|[from] Leech Seed|[of] p1a: Ferrothorn
|-heal|p1a: Ferrothorn|225\/352|[silent]
|turn|9
|
|move|p1a: Ferrothorn|Protect|p1a: Ferrothorn
|-singleturn|p1a: Ferrothorn|Protect
|move|p2a: Heatran|Lava Plume|p1a: Ferrothorn
|-activate|p1a: Ferrothorn|Protect
|
|-heal|p2a: Heatran|266\/386|[from] item: Leftovers
|-damage|p2a: Heatran|218\/386|[from] Leech Seed|[of] p1a: Ferrothorn
|-heal|p1a: Ferrothorn|273\/352|[silent]
|turn|10
|
|switch|p2a: Landorus-Therian|Landorus-Therian, M|282\/374
|-damage|p2a: Landorus-Therian|236\/374|[from] Stealth Rock
|-ability|p2a: Landorus-Therian|Intimidate|[of] p1a: Ferrothorn
|-unboost|p1a: Ferrothorn|atk|1
|switch|p1a: Gliscor|Gliscor, F|352\/352
|-damage|p1a: Gliscor|308\/352|[from] Stealth Rock
|
|-heal|p2a: Landorus-Therian|259\/374|[from] item: Leftovers
|-status|p1a: Gliscor|tox|[from] item: Toxic Orb
|turn|11
|
|move|p1a: Gliscor|Toxic|p2a: Landorus-Therian
|-status|p2a: Landorus-Therian|tox
|move|p2a: Landorus-Therian|Knock Off|p1a: Gliscor
|-damage|p1a: Gliscor|221\/352 tox
|-enditem|p1a: Gliscor|Toxic Orb|[from] move: Knock Off|[of] p2a: Landorus-Therian
|
|-heal|p2a: Landorus-Therian|282\/374 tox|[from] item: Leftovers
|-heal|p1a: Gliscor|265\/352 tox|[from] ability: Poison Heal
|-damage|p2a: Landorus-Therian|259\/374 tox|[from] psn
|turn|12
|
|switch|p2a: Heatran|Heatran, M|218\/386
|-damage|p2a: Heatran|170\/386|[from] Stealth Rock
|move|p1a: Gliscor|Knock Off|p2a: Heatran
|-damage|p2a: Heatran|102\/386
|-enditem|p2a: Heatran|Leftovers|[from] move: Knock Off|[of] p1a: Gliscor
|
|-heal|p1a: Gliscor|309\/352 tox|[from] ability: Poison Heal
|turn|13
|
|move|p1a: Gliscor|Earthquake|p2a: Heatran
|-supereffective|p2a: Heatran
|-damage|p2a: Heatran|0 fnt
|faint|p2a: Heatran
|
|-heal|p1a: Gliscor|352\/352 tox|[from] ability: Poison Heal
|
|switch|p2a: Keldeo|Keldeo|324\/324
|-damage|p2a: Keldeo|304\/324|[from] Stealth Rock
|turn|14
|
|switch|p1a: Gyarados|Gyarados, F|393\/393
|-damage|p1a: Gyarados|295\/393|[from] Stealth Rock
|-ability|p1a: Gyarados|Intimidate|[of] p2a: Keldeo
|-unboost|p2a: Keldeo|atk|1
|move|p2a: Keldeo|Icy Wind|p1a: Gyarados
|-damage|p1a: Gyarados|246\/393
|-unboost|p1a: Gyarados|spe|1
|
|-heal|p1a: Gyarados|270\/393|[from] item: Leftovers
|turn|15
|
|switch|p2a: Landorus-Therian|Landorus-Therian, M|259\/374 tox
|-damage|p2a: Landorus-Therian|213\/374 tox|[from] Stealth Rock
|-ability|p2a: Landorus-Therian|Intimidate|[of] p1a: Gyarados
|-unboost|p1a: Gyarados|atk|1
|move|p1a: Gyarados|Waterfall|p2a: Landorus-Therian
|-supereffective|p2a: Landorus-Therian
|-damage|p2a: Landorus-Therian|99\/374 tox
|
|-heal|p2a: Landorus-Therian|122\/374 tox|[from] item: Leftovers
|-heal|p1a: Gyarados|294\/393|[from] item: Leftovers
|-damage|p2a: Landorus-Therian|99\/374 tox|[from] psn
|turn|16
|
|switch|p1a: Gliscor|Gliscor, F|352\/352 tox
|-damage|p1a: Gliscor|308\/352 tox|[from] Stealth Rock
|move|p2a: Landorus-Therian|Knock Off|p1a: Gliscor
|-damage|p1a: Gliscor|246\/352 tox
|
|-heal|p2a: Landorus-Therian|122\/374 tox|[from] item: Leftovers
|-heal|p1a: Gliscor|290\/352 tox|[from] ability: Poison Heal
|-damage|p2a: Landorus-Therian|76\/374 tox|[from] psn
|turn|17
|
|move|p1a: Gliscor|Knock Off|p2a: Landorus-Therian
|-damage|p2a: Landorus-Therian|23\/374 tox
|-enditem|p2a: Landorus-Therian|Leftovers|[from] move: Knock Off|[of] p1a: Gliscor
|move|p2a: Landorus-Therian|Knock Off|p1a: Gliscor
|-damage|p1a: Gliscor|229\/352 tox
|
|-heal|p1a: Gliscor|273\/352 tox|[from] ability: Poison Heal
|-damage|p2a: Landorus-Therian|0 fnt|[from] psn
|faint|p2a: Landorus-Therian
|
|switch|p2a: Keldeo|Keldeo|304\/324
|-damage|p2a: Keldeo|284\/324|[from] Stealth Rock
|turn|18
|
|switch|p1a: Gyarados|Gyarados, F|294\/393
|-damage|p1a: Gyarados|196\/393|[from] Stealth Rock
|-ability|p1a: Gyarados|Intimidate|[of] p2a: Keldeo
|-unboost|p2a: Keldeo|atk|1
|move|p2a: Keldeo|Scald|p1a: Gyarados
|-resisted|p1a: Gyarados
|-damage|p1a: Gyarados|139\/393
|
|-heal|p1a: Gyarados|163\/393|[from] item: Leftovers
|turn|19
|
|move|p2a: Keldeo|Scald|p1a: Gyarados
|-resisted|p1a: Gyarados
|-damage|p1a: Gyarados|110\/393
|move|p1a: Gyarados|Rest|p1a: Gyarados
|-status|p1a: Gyarados|slp
|-heal|p1a: Gyarados|393\/393 slp|[silent]
|-status|p1a: Gyarados|slp|[from] move: Rest
|
|turn|20
|
|switch|p2a: Tyranitar|Tyranitar, M, shiny|342\/342
|-damage|p2a: Tyranitar|300\/342|[from] Stealth Rock
|-weather|Sandstorm
|cant|p1a: Gyarados|slp
|move|p1a: Gyarados|Sleep Talk|p1a: Gyarados
|move|p1a: Gyarados|Waterfall|p2a: Tyranitar|[from]Sleep Talk
|-supereffective|p2a: Tyranitar
|-damage|p2a: Tyranitar|88\/342
|
|-weather|Sandstorm|[upkeep]
|-damage|p1a: Gyarados|369\/393 slp|[from] sandstorm
|-heal|p1a: Gyarados|393\/393 slp|[from] item: Leftovers
|turn|21
|-message|Doodle Dai forfeited.
|leave|Doodle Dai
|
|win|HJ regicide
|raw|Ladder updating...
|player|p2
|raw|HJ regicide's rating: 1826 &rarr; <strong>1839<\/strong><br \/>(+13 for winning)
|raw|Doodle Dai's rating: 1695 &rarr; <strong>1682<\/strong><br \/>(-13 for losing)