|join|hj regicide
|join|lil manaphy
|player|p1|hj regicide|46
|player|p2|lil manaphy|6
|gametype|singles
|gen|6
|tier|OU
|rated
|clearpoke
|poke|p1|Charizard, F
|poke|p1|Mienshao, M
|poke|p1|Latios, M
|poke|p1|Raikou
|poke|p1|Ferrothorn, M
|poke|p1|Landorus-Therian, M
|poke|p2|Scizor, M
|poke|p2|Gothitelle, M
|poke|p2|Chansey, F
|poke|p2|Alomomola, M
|poke|p2|Cresselia, F
|poke|p2|Zapdos
|rule|Swagger Clause: Swagger is banned
|rule|Baton Pass Clause: Limit one Pokémon knowing Baton Pass
|rule|Sleep Clause Mod: Limit one foe put to sleep
|rule|Species Clause: Limit one of each Pokémon
|rule|OHKO Clause: OHKO moves are banned
|rule|Moody Clause: Moody is banned
|rule|Evasion Moves Clause: Evasion moves are banned
|rule|Endless Battle Clause: Forcing endless battles is banned
|rule|HP Percentage Mod: HP is shown in percentages
|teampreview
|
|start
|switch|p1a: Charizard|Charizard, F|319\/319
|switch|p2a: Chansey|Chansey, F|704\/704
|turn|1
|join|lt6x mistaken
|join|McMann
|
|detailschange|p1a: Charizard|Charizard-Mega-X, F
|message|Charizard has Mega Evolved into Mega Charizard!
|move|p1a: Charizard|Dragon Dance|p1a: Charizard
|-boost|p1a: Charizard|atk|1
|-boost|p1a: Charizard|spe|1
|move|p2a: Chansey|Toxic|p1a: Charizard
|-status|p1a: Charizard|tox
|
|-damage|p1a: Charizard|300\/319 tox|[from] psn
|turn|2
|
|switch|p2a: Alomomola|Alomomola, M|530\/530
|move|p1a: Charizard|Dragon Dance|p1a: Charizard
|-boost|p1a: Charizard|atk|1
|-boost|p1a: Charizard|spe|1
|
|-damage|p1a: Charizard|262\/319 tox|[from] psn
|turn|3
|
|move|p1a: Charizard|Outrage|p2a: Alomomola
|-damage|p2a: Alomomola|0 fnt
|faint|p2a: Alomomola
|
|-damage|p1a: Charizard|205\/319 tox|[from] psn
|
|switch|p2a: Scizor|Scizor, M|344\/344
|turn|4
|
|detailschange|p2a: Scizor|Scizor-Mega, M
|message|Scizor has Mega Evolved into Mega Scizor!
|move|p1a: Charizard|Outrage|p2a: Scizor
|-resisted|p2a: Scizor
|-damage|p2a: Scizor|157\/344
|move|p2a: Scizor|Superpower|p1a: Charizard
|-damage|p1a: Charizard|79\/319 tox
|-unboost|p2a: Scizor|atk|1
|-unboost|p2a: Scizor|def|1
|
|-end|p1a: Charizard|rampage
|-start|p1a: Charizard|confusion
|-damage|p1a: Charizard|3\/319 tox|[from] psn
|turn|5
|join|I am Nikki Mirai
|c| McMann|that ohko'ed?
|c| McMann|how
|c| McMann|surprising
|join|Eazy Duz It
|c|★lil manaphy|it only had abt a 30% chance to
|
|switch|p1a: Landorus-Therian|Landorus-Therian, M|325\/325
|-ability|p1a: Landorus-Therian|Intimidate|[of] p2a: Scizor
|-unboost|p2a: Scizor|atk|1
|move|p2a: Scizor|Bullet Punch|p1a: Landorus-Therian
|-damage|p1a: Landorus-Therian|264\/325
|
|turn|6
|c| McMann|i see.
|join|JasonsBetter
|
|switch|p2a: Zapdos|Zapdos|384\/384
|-ability|p2a: Zapdos|Pressure
|move|p1a: Landorus-Therian|U-turn|p2a: Zapdos
|-resisted|p2a: Zapdos
|-damage|p2a: Zapdos|345\/384
|
|switch|p1a: Charizard|Charizard-Mega-X, F|3\/319 tox
|
|-heal|p2a: Zapdos|369\/384|[from] item: Leftovers
|-damage|p1a: Charizard|0 fnt|[from] psn
|faint|p1a: Charizard
|join|G Herbo
|
|switch|p1a: Raikou|Raikou|321\/321
|-ability|p1a: Raikou|Pressure
|turn|7
|
|switch|p2a: Chansey|Chansey, F|704\/704
|move|p1a: Raikou|Volt Switch|p2a: Chansey
|-damage|p2a: Chansey|598\/704
|
|switch|p1a: Mienshao|Mienshao, M|279\/279
|
|turn|8
|
|switch|p2a: Gothitelle|Gothitelle, M|301\/301
|move|p1a: Mienshao|U-turn|p2a: Gothitelle
|-supereffective|p2a: Gothitelle
|-damage|p2a: Gothitelle|83\/301
|-damage|p1a: Mienshao|252\/279|[from] item: Life Orb
|
|switch|p1a: Landorus-Therian|Landorus-Therian, M|264\/325
|-ability|p1a: Landorus-Therian|Intimidate|[of] p2a: Gothitelle
|-unboost|p2a: Gothitelle|atk|1
|
|turn|9
|join|NuB Central
|
|switch|p2a: Zapdos|Zapdos|369\/384
|-ability|p2a: Zapdos|Pressure
|move|p1a: Landorus-Therian|U-turn|p2a: Zapdos
|-resisted|p2a: Zapdos
|-damage|p2a: Zapdos|334\/384
|join|crabappl
|join|Draeden
|join|Rooo
|
|switch|p1a: Raikou|Raikou|321\/321
|-ability|p1a: Raikou|Pressure
|
|-heal|p2a: Zapdos|358\/384|[from] item: Leftovers
|turn|10
|join|qwertyuiop12321
|
|move|p1a: Raikou|Volt Switch|p2a: Zapdos
|-damage|p2a: Zapdos|171\/384
|
|switch|p1a: Landorus-Therian|Landorus-Therian, M|264\/325
|-ability|p1a: Landorus-Therian|Intimidate|[of] p2a: Zapdos
|-unboost|p2a: Zapdos|atk|1
|move|p2a: Zapdos|Roost|p2a: Zapdos
|-heal|p2a: Zapdos|363\/384
|
|-heal|p2a: Zapdos|384\/384|[from] item: Leftovers
|turn|11
|
|switch|p2a: Gothitelle|Gothitelle, M|83\/301
|move|p1a: Landorus-Therian|U-turn|p2a: Gothitelle
|-supereffective|p2a: Gothitelle
|-damage|p2a: Gothitelle|0 fnt
|faint|p2a: Gothitelle
|
|switch|p1a: Mienshao|Mienshao, M|279\/279
|
|
|switch|p2a: Cresselia|Cresselia, F|444\/444
|turn|12
|join|AnglesFoDayz
|
|move|p1a: Mienshao|Fake Out|p2a: Cresselia
|-damage|p2a: Cresselia|395\/444
|-damage|p1a: Mienshao|252\/279|[from] item: Life Orb
|cant|p2a: Cresselia|flinch
|
|-heal|p2a: Cresselia|422\/444|[from] item: Leftovers
|turn|13
|
|move|p1a: Mienshao|U-turn|p2a: Cresselia
|-supereffective|p2a: Cresselia
|-damage|p2a: Cresselia|232\/444
|-damage|p1a: Mienshao|225\/279|[from] item: Life Orb
|
|switch|p1a: Landorus-Therian|Landorus-Therian, M|264\/325
|-ability|p1a: Landorus-Therian|Intimidate|[of] p2a: Cresselia
|-unboost|p2a: Cresselia|atk|1
|move|p2a: Cresselia|Psyshock|p1a: Landorus-Therian
|-damage|p1a: Landorus-Therian|174\/325
|
|-heal|p2a: Cresselia|259\/444|[from] item: Leftovers
|turn|14
|
|move|p1a: Landorus-Therian|U-turn|p2a: Cresselia
|-supereffective|p2a: Cresselia
|-damage|p2a: Cresselia|103\/444
|c| McMann|volt turn has got to be the... easiest strategy ever. zero skill involved.
|
|switch|p1a: Ferrothorn|Ferrothorn, M|352\/352
|move|p2a: Cresselia|Moonlight|p2a: Cresselia
|-heal|p2a: Cresselia|325\/444
|
|-heal|p2a: Cresselia|352\/444|[from] item: Leftovers
|turn|15
|
|switch|p2a: Scizor|Scizor-Mega, M|157\/344
|switch|p1a: Raikou|Raikou|321\/321
|-ability|p1a: Raikou|Pressure
|
|turn|16
|leave|I am Nikki Mirai
|
|switch|p2a: Chansey|Chansey, F|598\/704
|move|p1a: Raikou|Volt Switch|p2a: Chansey
|-damage|p2a: Chansey|487\/704
|c| NuB Central|no mcmanning is a way noobier playstyle imo
|
|switch|p1a: Mienshao|Mienshao, M|279\/279
|
|turn|17
|
|switch|p2a: Zapdos|Zapdos|384\/384
|-ability|p2a: Zapdos|Pressure
|move|p1a: Mienshao|High Jump Kick|p2a: Zapdos|[miss]
|-miss|p1a: Mienshao|p2a: Zapdos
|-damage|p1a: Mienshao|140\/279|[from] highjumpkick
|
|turn|18
|
|move|p1a: Mienshao|U-turn|p2a: Zapdos
|-resisted|p2a: Zapdos
|-damage|p2a: Zapdos|344\/384
|-damage|p1a: Mienshao|113\/279|[from] item: Life Orb
|
|switch|p1a: Raikou|Raikou|321\/321
|-ability|p1a: Raikou|Pressure
|move|p2a: Zapdos|Heat Wave|p1a: Raikou
|-crit|p1a: Raikou
|-damage|p1a: Raikou|189\/321
|
|-heal|p2a: Zapdos|368\/384|[from] item: Leftovers
|turn|19
|
|move|p1a: Raikou|Volt Switch|p2a: Zapdos
|-damage|p2a: Zapdos|169\/384
|
|switch|p1a: Latios|Latios, M|301\/301
|move|p2a: Zapdos|Roost|p2a: Zapdos
|-heal|p2a: Zapdos|361\/384
|
|-heal|p2a: Zapdos|384\/384|[from] item: Leftovers
|turn|20
|
|switch|p2a: Cresselia|Cresselia, F|352\/444
|move|p1a: Latios|Psyshock|p2a: Cresselia
|-resisted|p2a: Cresselia
|-damage|p2a: Cresselia|270\/444
|-damage|p1a: Latios|271\/301|[from] item: Life Orb
|
|-heal|p2a: Cresselia|297\/444|[from] item: Leftovers
|turn|21
|
|switch|p1a: Ferrothorn|Ferrothorn, M|352\/352
|move|p2a: Cresselia|Moonlight|p2a: Cresselia
|-heal|p2a: Cresselia|444\/444
|
|turn|22
|c| NuB Central|manaphy
|
|switch|p2a: Zapdos|Zapdos|384\/384
|-ability|p2a: Zapdos|Pressure
|move|p1a: Ferrothorn|Stealth Rock|p2a: Zapdos
|-sidestart|p2: lil manaphy|move: Stealth Rock
|
|turn|23
|c| NuB Central|u get rekt by bisharp
|
|switch|p1a: Latios|Latios, M|271\/301
|move|p2a: Zapdos|Defog|p1a: Latios
|-unboost|p1a: Latios|evasion|1
|-sideend|p2: lil manaphy|Stealth Rock|[from] move: Defog|[of] p2a: Zapdos
|
|turn|24
|c|★lil manaphy|if u say so
|
|switch|p2a: Cresselia|Cresselia, F|444\/444
|move|p1a: Latios|Draco Meteor|p2a: Cresselia
|-damage|p2a: Cresselia|275\/444
|-unboost|p1a: Latios|spa|2
|-damage|p1a: Latios|241\/301|[from] item: Life Orb
|
|-heal|p2a: Cresselia|302\/444|[from] item: Leftovers
|turn|25
|c| McMann|what a dumbass
|c| McMann|lol
|
|switch|p1a: Mienshao|Mienshao, M|206\/279
|switch|p2a: Scizor|Scizor-Mega, M|157\/344
|
|turn|26
|c| NuB Central|mcpoopyhead no ones talking to you
|join|bloody gods
|
|move|p2a: Scizor|Bullet Punch|p1a: Mienshao
|-damage|p1a: Mienshao|50\/279
|move|p1a: Mienshao|High Jump Kick|p2a: Scizor
|-damage|p2a: Scizor|0 fnt
|-damage|p1a: Mienshao|23\/279|[from] item: Life Orb
|faint|p2a: Scizor
|
|
|switch|p2a: Zapdos|Zapdos|384\/384
|-ability|p2a: Zapdos|Pressure
|turn|27
|
|switch|p1a: Latios|Latios, M|241\/301
|move|p2a: Zapdos|Heat Wave|p1a: Latios
|-resisted|p1a: Latios
|-damage|p1a: Latios|199\/301
|
|turn|28
|
|switch|p1a: Landorus-Therian|Landorus-Therian, M|174\/325
|-ability|p1a: Landorus-Therian|Intimidate|[of] p2a: Zapdos
|-unboost|p2a: Zapdos|atk|1
|move|p2a: Zapdos|Roost|p2a: Zapdos
|-fail|p2a: Zapdos
|
|turn|29
|
|move|p1a: Landorus-Therian|Knock Off|p2a: Zapdos
|-damage|p2a: Zapdos|283\/384
|-enditem|p2a: Zapdos|Leftovers|[from] move: Knock Off|[of] p1a: Landorus-Therian
|move|p2a: Zapdos|Heat Wave|p1a: Landorus-Therian
|-damage|p1a: Landorus-Therian|56\/325
|
|turn|30
|
|switch|p1a: Raikou|Raikou|189\/321
|-ability|p1a: Raikou|Pressure
|move|p2a: Zapdos|Roost|p2a: Zapdos
|-heal|p2a: Zapdos|384\/384
|
|turn|31
|c| McMann|the biggest threat to mana's team imo is a volt turn core with pursuit ttar.
|
|move|p1a: Raikou|Volt Switch|p2a: Zapdos
|-damage|p2a: Zapdos|183\/384
|c| McMann|or any pursuit heavy hitters
|
|switch|p1a: Latios|Latios, M|199\/301
|move|p2a: Zapdos|Roost|p2a: Zapdos
|-heal|p2a: Zapdos|375\/384
|
|turn|32
|join|MoB Barley
|
|switch|p1a: Landorus-Therian|Landorus-Therian, M|56\/325
|-ability|p1a: Landorus-Therian|Intimidate|[of] p2a: Zapdos
|-unboost|p2a: Zapdos|atk|1
|switch|p2a: Chansey|Chansey, F|487\/704
|
|turn|33
|c| MoB Barley|bisharp is a huge weakness mid to late game
|c| MoB Barley|if you deny that
|c| McMann|true
|c| MoB Barley|prob just give up 
|c| McMann|i can agree with that
|
|move|p1a: Landorus-Therian|Knock Off|p2a: Chansey
|-damage|p2a: Chansey|332\/704
|-enditem|p2a: Chansey|Eviolite|[from] move: Knock Off|[of] p1a: Landorus-Therian
|move|p2a: Chansey|Stealth Rock|p1a: Landorus-Therian
|-sidestart|p1: hj regicide|move: Stealth Rock
|
|turn|34
|
|move|p1a: Landorus-Therian|Knock Off|p2a: Chansey
|-damage|p2a: Chansey|178\/704
|move|p2a: Chansey|Soft-Boiled|p2a: Chansey
|-heal|p2a: Chansey|530\/704
|
|turn|35
|
|switch|p1a: Latios|Latios, M|199\/301
|-damage|p1a: Latios|162\/301|[from] Stealth Rock
|move|p2a: Chansey|Seismic Toss|p1a: Latios
|-damage|p1a: Latios|62\/301
|
|turn|36
|
|move|p1a: Latios|Psyshock|p2a: Chansey
|-damage|p2a: Chansey|139\/704
|-damage|p1a: Latios|32\/301|[from] item: Life Orb
|move|p2a: Chansey|Toxic|p1a: Latios
|-status|p1a: Latios|tox
|
|-damage|p1a: Latios|14\/301 tox|[from] psn
|turn|37
|c| MoB Barley|dracooooo
|
|move|p1a: Latios|Draco Meteor|p2a: Chansey
|-damage|p2a: Chansey|0 fnt
|-unboost|p1a: Latios|spa|2
|-damage|p1a: Latios|0 fnt|[from] item: Life Orb
|faint|p2a: Chansey
|faint|p1a: Latios
|
|
|switch|p1a: Raikou|Raikou|189\/321
|-damage|p1a: Raikou|149\/321|[from] Stealth Rock
|switch|p2a: Cresselia|Cresselia, F|302\/444
|-ability|p1a: Raikou|Pressure
|turn|38
|join|I am Nikki Mirai
|
|move|p1a: Raikou|Shadow Ball|p2a: Cresselia
|-supereffective|p2a: Cresselia
|-damage|p2a: Cresselia|156\/444
|-unboost|p2a: Cresselia|spd|1
|move|p2a: Cresselia|Moonlight|p2a: Cresselia
|-heal|p2a: Cresselia|378\/444
|
|-heal|p2a: Cresselia|405\/444|[from] item: Leftovers
|turn|39
|
|switch|p2a: Zapdos|Zapdos|375\/384
|-ability|p2a: Zapdos|Pressure
|move|p1a: Raikou|Shadow Ball|p2a: Zapdos
|-damage|p2a: Zapdos|228\/384
|-unboost|p2a: Zapdos|spd|1
|
|turn|40
|c| McMann|raikou with shadow ball?
|c| McMann|first ive seen
|join|loserbaby
|
|switch|p2a: Cresselia|Cresselia, F|405\/444
|move|p1a: Raikou|Shadow Ball|p2a: Cresselia
|-supereffective|p2a: Cresselia
|-damage|p2a: Cresselia|255\/444
|
|-heal|p2a: Cresselia|282\/444|[from] item: Leftovers
|turn|41
|
|switch|p1a: Ferrothorn|Ferrothorn, M|352\/352
|-damage|p1a: Ferrothorn|330\/352|[from] Stealth Rock
|move|p2a: Cresselia|Moonlight|p2a: Cresselia
|-heal|p2a: Cresselia|444\/444
|
|-heal|p1a: Ferrothorn|352\/352|[from] item: Leftovers
|turn|42
|
|switch|p2a: Zapdos|Zapdos|228\/384
|-ability|p2a: Zapdos|Pressure
|move|p1a: Ferrothorn|Stealth Rock|p2a: Zapdos
|-sidestart|p2: lil manaphy|move: Stealth Rock
|
|turn|43
|
|switch|p1a: Landorus-Therian|Landorus-Therian, M|56\/325
|-damage|p1a: Landorus-Therian|16\/325|[from] Stealth Rock
|-ability|p1a: Landorus-Therian|Intimidate|[of] p2a: Zapdos
|-unboost|p2a: Zapdos|atk|1
|move|p2a: Zapdos|Heat Wave|p1a: Landorus-Therian
|-damage|p1a: Landorus-Therian|0 fnt
|faint|p1a: Landorus-Therian
|
|leave|Draeden
|leave|Eazy Duz It
|
|switch|p1a: Raikou|Raikou|149\/321
|-damage|p1a: Raikou|109\/321|[from] Stealth Rock
|-ability|p1a: Raikou|Pressure
|turn|44
|
|switch|p2a: Cresselia|Cresselia, F|444\/444
|-damage|p2a: Cresselia|389\/444|[from] Stealth Rock
|move|p1a: Raikou|Volt Switch|p2a: Cresselia
|-damage|p2a: Cresselia|295\/444
|
|switch|p1a: Mienshao|Mienshao, M|116\/279
|-damage|p1a: Mienshao|99\/279|[from] Stealth Rock
|
|-heal|p2a: Cresselia|322\/444|[from] item: Leftovers
|turn|45
|
|move|p1a: Mienshao|Fake Out|p2a: Cresselia
|-damage|p2a: Cresselia|274\/444
|-damage|p1a: Mienshao|72\/279|[from] item: Life Orb
|cant|p2a: Cresselia|flinch
|
|-heal|p2a: Cresselia|301\/444|[from] item: Leftovers
|turn|46
|
|move|p1a: Mienshao|U-turn|p2a: Cresselia
|-crit|p2a: Cresselia
|-supereffective|p2a: Cresselia
|-damage|p2a: Cresselia|38\/444
|-damage|p1a: Mienshao|45\/279|[from] item: Life Orb
|
|switch|p1a: Ferrothorn|Ferrothorn, M|352\/352
|-damage|p1a: Ferrothorn|330\/352|[from] Stealth Rock
|move|p2a: Cresselia|Moonlight|p2a: Cresselia
|-heal|p2a: Cresselia|260\/444
|
|-heal|p2a: Cresselia|287\/444|[from] item: Leftovers
|-heal|p1a: Ferrothorn|352\/352|[from] item: Leftovers
|turn|47
|
|move|p2a: Cresselia|Psyshock|p1a: Ferrothorn
|-resisted|p1a: Ferrothorn
|-damage|p1a: Ferrothorn|325\/352
|move|p1a: Ferrothorn|Leech Seed|p2a: Cresselia
|-start|p2a: Cresselia|move: Leech Seed
|
|-heal|p2a: Cresselia|314\/444|[from] item: Leftovers
|-heal|p1a: Ferrothorn|347\/352|[from] item: Leftovers
|-damage|p2a: Cresselia|259\/444|[from] Leech Seed|[of] p1a: Ferrothorn
|-heal|p1a: Ferrothorn|352\/352|[silent]
|turn|48
|
|move|p2a: Cresselia|Moonlight|p2a: Cresselia
|-heal|p2a: Cresselia|444\/444
|move|p1a: Ferrothorn|Leech Seed|p2a: Cresselia
|-fail|p2a: Cresselia
|
|-damage|p2a: Cresselia|389\/444|[from] Leech Seed|[of] p1a: Ferrothorn
|turn|49
|c| MoB Barley|go to raikooooo
|
|move|p2a: Cresselia|Psyshock|p1a: Ferrothorn
|-resisted|p1a: Ferrothorn
|-damage|p1a: Ferrothorn|326\/352
|move|p1a: Ferrothorn|Leech Seed|p2a: Cresselia|[miss]
|-miss|p1a: Ferrothorn|p2a: Cresselia
|
|-heal|p2a: Cresselia|416\/444|[from] item: Leftovers
|-heal|p1a: Ferrothorn|348\/352|[from] item: Leftovers
|-damage|p2a: Cresselia|361\/444|[from] Leech Seed|[of] p1a: Ferrothorn
|-heal|p1a: Ferrothorn|352\/352|[silent]
|turn|50
|
|move|p2a: Cresselia|Psyshock|p1a: Ferrothorn
|-resisted|p1a: Ferrothorn
|-damage|p1a: Ferrothorn|326\/352
|move|p1a: Ferrothorn|Gyro Ball|p2a: Cresselia
|-damage|p2a: Cresselia|246\/444
|
|-heal|p2a: Cresselia|273\/444|[from] item: Leftovers
|-heal|p1a: Ferrothorn|348\/352|[from] item: Leftovers
|-damage|p2a: Cresselia|218\/444|[from] Leech Seed|[of] p1a: Ferrothorn
|-heal|p1a: Ferrothorn|352\/352|[silent]
|turn|51
|
|switch|p2a: Zapdos|Zapdos|228\/384
|-damage|p2a: Zapdos|132\/384|[from] Stealth Rock
|-ability|p2a: Zapdos|Pressure
|move|p1a: Ferrothorn|Leech Seed|p2a: Zapdos
|-start|p2a: Zapdos|move: Leech Seed
|
|-damage|p2a: Zapdos|84\/384|[from] Leech Seed|[of] p1a: Ferrothorn
|turn|52
|
|switch|p1a: Raikou|Raikou|109\/321
|-damage|p1a: Raikou|69\/321|[from] Stealth Rock
|-ability|p1a: Raikou|Pressure
|move|p2a: Zapdos|Roost|p2a: Zapdos
|-heal|p2a: Zapdos|276\/384
|
|-damage|p2a: Zapdos|228\/384|[from] Leech Seed|[of] p1a: Raikou
|-heal|p1a: Raikou|117\/321|[silent]
|turn|53
|c| MoB Barley|s ball
|
|move|p1a: Raikou|Thunderbolt|p2a: Zapdos
|-damage|p2a: Zapdos|0 fnt
|faint|p2a: Zapdos
|
|c| MoB Barley|noo
|-message|lil manaphy forfeited.
|
|win|hj regicide
|raw|Ladder updating...
|leave|lil manaphy
|player|p2
|leave|MoB Barley
|raw|hj regicide's rating: 1812 &rarr; <strong>1840<\/strong><br \/>(+28 for winning)
|raw|lil manaphy's rating: 1965 &rarr; <strong>1937<\/strong><br \/>(-28 for losing)
|leave|I am Nikki Mirai
|c| McMann|many mistakes.
|leave|AnglesFoDayz
|leave|crabappl
|leave|Rooo
|leave|hj regicide
|player|p1
|leave|JasonsBetter
|join|hj regicide
|leave|bloody gods
|leave|hj regicide
|join|hj regicide