|join|hj regicide
|join|sashimi9999
|player|p1|hj regicide|293
|player|p2|sashimi9999|109
|gametype|singles
|gen|6
|tier|OU
|rated
|clearpoke
|poke|p1|Heracross, F
|poke|p1|Hippowdon, F
|poke|p1|Heatran, M
|poke|p1|Tornadus-Therian, M
|poke|p1|Venusaur, M
|poke|p1|Starmie
|poke|p2|Pinsir, F
|poke|p2|Breloom, M
|poke|p2|Excadrill, F
|poke|p2|Keldeo
|poke|p2|Talonflame, M
|poke|p2|Infernape, F
|rule|Swagger Clause: Swagger is banned
|rule|Baton Pass Clause: Limit one Pokémon knowing Baton Pass
|rule|Sleep Clause Mod: Limit one foe put to sleep
|rule|Species Clause: Limit one of each Pokémon
|rule|OHKO Clause: OHKO moves are banned
|rule|Moody Clause: Moody is banned
|rule|Evasion Moves Clause: Evasion moves are banned
|rule|Endless Battle Clause: Forcing endless battles is banned
|rule|HP Percentage Mod: HP is shown in percentages
|teampreview
|
|start
|switch|p1a: Tornadus-Therian|Tornadus-Therian, M|332\/332
|switch|p2a: Keldeo|Keldeo|323\/323
|turn|1
|
|move|p2a: Keldeo|Scald|p1a: Tornadus-Therian
|-damage|p1a: Tornadus-Therian|220\/332
|move|p1a: Tornadus-Therian|Hurricane|p2a: Keldeo
|-supereffective|p2a: Keldeo
|-damage|p2a: Keldeo|0 fnt
|faint|p2a: Keldeo
|
|
|switch|p2a: Breloom|Breloom, M|261\/261
|turn|2
|
|move|p1a: Tornadus-Therian|U-turn|p2a: Breloom
|-damage|p2a: Breloom|203\/261
|
|switch|p1a: Venusaur|Venusaur, M|357\/357
|move|p2a: Breloom|Rock Tomb|p1a: Venusaur
|-damage|p1a: Venusaur|221\/357
|-unboost|p1a: Venusaur|spe|1
|
|turn|3
|
|switch|p2a: Pinsir|Pinsir, F|271\/271
|detailschange|p1a: Venusaur|Venusaur-Mega, M
|-mega|p1a: Venusaur|Venusaur|Venusaurite
|move|p1a: Venusaur|Sludge Bomb|p2a: Pinsir
|-damage|p2a: Pinsir|60\/271
|-status|p2a: Pinsir|psn
|
|-damage|p2a: Pinsir|27\/271 psn|[from] psn
|turn|4
|
|switch|p1a: Hippowdon|Hippowdon, F|420\/420
|-weather|Sandstorm
|move|p2a: Pinsir|Earthquake|p1a: Hippowdon
|-damage|p1a: Hippowdon|347\/420
|
|-weather|Sandstorm|[upkeep]
|-damage|p2a: Pinsir|11\/271 psn|[from] sandstorm
|-heal|p1a: Hippowdon|373\/420|[from] item: Leftovers
|-damage|p2a: Pinsir|0 fnt|[from] psn
|faint|p2a: Pinsir
|
|switch|p2a: Breloom|Breloom, M|203\/261
|turn|5
|
|switch|p1a: Venusaur|Venusaur-Mega, M|221\/357
|move|p2a: Breloom|Bullet Seed|p1a: Venusaur
|-resisted|p1a: Venusaur
|-damage|p1a: Venusaur|207\/357
|-resisted|p1a: Venusaur
|-damage|p1a: Venusaur|194\/357
|-hitcount|p1a: Venusaur|2
|
|-weather|Sandstorm|[upkeep]
|-damage|p2a: Breloom|187\/261|[from] sandstorm
|-damage|p1a: Venusaur|172\/357|[from] sandstorm
|turn|6
|
|move|p2a: Breloom|Rock Tomb|p1a: Venusaur
|-damage|p1a: Venusaur|88\/357
|-unboost|p1a: Venusaur|spe|1
|move|p1a: Venusaur|Sludge Bomb|p2a: Breloom
|-crit|p2a: Breloom
|-supereffective|p2a: Breloom
|-damage|p2a: Breloom|0 fnt
|faint|p2a: Breloom
|
|-weather|Sandstorm|[upkeep]
|-damage|p1a: Venusaur|66\/357|[from] sandstorm
|
|switch|p2a: Infernape|Infernape, F|294\/294
|turn|7
|
|switch|p1a: Tornadus-Therian|Tornadus-Therian, M|330\/332
|move|p2a: Infernape|Stealth Rock|p1a: Tornadus-Therian
|-sidestart|p1: hj regicide|move: Stealth Rock
|
|-weather|Sandstorm|[upkeep]
|-damage|p1a: Tornadus-Therian|310\/332|[from] sandstorm
|-damage|p2a: Infernape|276\/294|[from] sandstorm
|turn|8
|
|switch|p2a: Excadrill|Excadrill, F|362\/362
|-ability|p2a: Excadrill|Mold Breaker
|move|p1a: Tornadus-Therian|Hurricane|p2a: Excadrill
|-resisted|p2a: Excadrill
|-damage|p2a: Excadrill|249\/362
|
|-weather|none
|turn|9
|
|move|p2a: Excadrill|Rock Slide|p1a: Tornadus-Therian
|-supereffective|p1a: Tornadus-Therian
|-damage|p1a: Tornadus-Therian|74\/332
|cant|p1a: Tornadus-Therian|flinch
|
|turn|10
|
|switch|p1a: Hippowdon|Hippowdon, F|373\/420
|-damage|p1a: Hippowdon|347\/420|[from] Stealth Rock
|-weather|Sandstorm
|move|p2a: Excadrill|Rock Slide|p1a: Hippowdon
|-crit|p1a: Hippowdon
|-resisted|p1a: Hippowdon
|-damage|p1a: Hippowdon|302\/420
|
|-weather|Sandstorm|[upkeep]
|-heal|p1a: Hippowdon|328\/420|[from] item: Leftovers
|turn|11
|
|switch|p2a: Talonflame|Talonflame, M|297\/297
|move|p1a: Hippowdon|Stealth Rock|p2a: Talonflame
|-sidestart|p2: sashimi9999|move: Stealth Rock
|
|-weather|Sandstorm|[upkeep]
|-damage|p2a: Talonflame|279\/297|[from] sandstorm
|-heal|p1a: Hippowdon|354\/420|[from] item: Leftovers
|turn|12
|
|move|p2a: Talonflame|U-turn|p1a: Hippowdon
|-damage|p1a: Hippowdon|291\/420
|
|switch|p2a: Infernape|Infernape, F|276\/294
|-damage|p2a: Infernape|240\/294|[from] Stealth Rock
|move|p1a: Hippowdon|Rock Slide|p2a: Infernape
|-damage|p2a: Infernape|148\/294
|
|-weather|Sandstorm|[upkeep]
|-damage|p2a: Infernape|130\/294|[from] sandstorm
|-heal|p1a: Hippowdon|317\/420|[from] item: Leftovers
|turn|13
|
|switch|p1a: Starmie|Starmie|324\/324
|-damage|p1a: Starmie|284\/324|[from] Stealth Rock
|move|p2a: Infernape|Endeavor|p1a: Starmie
|-damage|p1a: Starmie|130\/324
|
|-weather|Sandstorm|[upkeep]
|-damage|p1a: Starmie|110\/324|[from] sandstorm
|-damage|p2a: Infernape|112\/294|[from] sandstorm
|-heal|p1a: Starmie|130\/324|[from] item: Leftovers
|turn|14
|
|move|p2a: Infernape|Mach Punch|p1a: Starmie
|-resisted|p1a: Starmie
|-damage|p1a: Starmie|85\/324
|move|p1a: Starmie|Scald|p2a: Infernape
|-supereffective|p2a: Infernape
|-damage|p2a: Infernape|0 fnt
|faint|p2a: Infernape
|
|-weather|none
|-heal|p1a: Starmie|105\/324|[from] item: Leftovers
|
|switch|p2a: Excadrill|Excadrill, F|249\/362
|-damage|p2a: Excadrill|238\/362|[from] Stealth Rock
|-ability|p2a: Excadrill|Mold Breaker
|turn|15
|
|switch|p1a: Hippowdon|Hippowdon, F|317\/420
|-damage|p1a: Hippowdon|291\/420|[from] Stealth Rock
|-weather|Sandstorm
|move|p2a: Excadrill|Earthquake|p1a: Hippowdon
|-damage|p1a: Hippowdon|182\/420
|
|-weather|Sandstorm|[upkeep]
|-heal|p1a: Hippowdon|208\/420|[from] item: Leftovers
|turn|16
|-message|sashimi9999 forfeited.
|leave|sashimi9999
|
|win|hj regicide
|raw|Ladder updating...
|raw|hj regicide's rating: 1453 &rarr; <strong>1471<\/strong><br \/>(+18 for winning)
|raw|sashimi9999's rating: 1426 &rarr; <strong>1408<\/strong><br \/>(-18 for losing)
|player|p2