|join|kanvas
|join|Louisxd
|player|p1|kanvas|159
|player|p2|Louisxd|165
|gametype|singles
|gen|6
|tier|OU
|rated
|clearpoke
|poke|p1|Mew, shiny
|poke|p1|Landorus-Therian, M
|poke|p1|Entei, shiny
|poke|p1|Raikou
|poke|p1|Suicune
|poke|p1|Gardevoir, M, shiny
|poke|p2|Heracross, M
|poke|p2|Diancie
|poke|p2|Cresselia, F
|poke|p2|Victini
|poke|p2|Crawdaunt, M
|poke|p2|Slowbro, M
|rule|Swagger Clause: Swagger is banned
|rule|Baton Pass Clause: Limit one Pokémon knowing Baton Pass
|rule|Sleep Clause Mod: Limit one foe put to sleep
|rule|Species Clause: Limit one of each Pokémon
|rule|OHKO Clause: OHKO moves are banned
|rule|Moody Clause: Moody is banned
|rule|Evasion Moves Clause: Evasion moves are banned
|rule|Endless Battle Clause: Forcing endless battles is banned
|rule|HP Percentage Mod: HP is shown in percentages
|teampreview
|
|start
|switch|p1a: Gardevoir|Gardevoir, M, shiny|278\/278
|switch|p2a: Diancie|Diancie|304\/304
|-ability|p1a: Gardevoir|Clear Body|[from] ability: Trace|[of] p2a: Diancie
|turn|1
|
|detailschange|p1a: Gardevoir|Gardevoir-Mega, M, shiny
|message|Gardevoir has Mega Evolved into Mega Gardevoir!
|move|p1a: Gardevoir|Taunt|p2a: Diancie
|-start|p2a: Diancie|move: Taunt
|cant|p2a: Diancie|move: Taunt|Stealth Rock
|
|turn|2
|
|switch|p1a: Landorus-Therian|Landorus-Therian, M|381\/381
|-ability|p1a: Landorus-Therian|Intimidate|[of] p2a: Diancie
|-fail|p2a: Diancie|unboost|[from] ability: Clear Body|[of] p2a: Diancie
|switch|p2a: Cresselia|Cresselia, F|444\/444
|
|turn|3
|
|move|p1a: Landorus-Therian|Stealth Rock|p2a: Cresselia
|-sidestart|p2: Louisxd|move: Stealth Rock
|move|p2a: Cresselia|Trick Room|p2a: Cresselia
|-fieldstart|move: Trick Room|[of] p2a: Cresselia
|
|turn|4
|
|switch|p2a: Heracross|Heracross, M|364\/364
|-damage|p2a: Heracross|319\/364|[from] Stealth Rock
|move|p1a: Landorus-Therian|U-turn|p2a: Heracross
|-resisted|p2a: Heracross
|-damage|p2a: Heracross|271\/364
|
|switch|p1a: Suicune|Suicune|345\/345
|-ability|p1a: Suicune|Pressure
|
|turn|5
|
|detailschange|p2a: Heracross|Heracross-Mega, M
|message|Heracross has Mega Evolved into Mega Heracross!
|move|p2a: Heracross|Pin Missile|p1a: Suicune
|-damage|p1a: Suicune|291\/345
|-damage|p1a: Suicune|230\/345
|-damage|p1a: Suicune|178\/345
|-damage|p1a: Suicune|120\/345
|-damage|p1a: Suicune|62\/345
|-hitcount|p1a: Suicune|5
|move|p1a: Suicune|Hydro Pump|p2a: Heracross|[miss]
|-miss|p1a: Suicune|p2a: Heracross
|
|-heal|p1a: Suicune|83\/345|[from] item: Leftovers
|turn|6
|
|move|p2a: Heracross|Pin Missile|p1a: Suicune
|-damage|p1a: Suicune|26\/345
|-damage|p1a: Suicune|0 fnt
|-hitcount|p1a: Suicune|2
|faint|p1a: Suicune
|
|
|switch|p1a: Landorus-Therian|Landorus-Therian, M|381\/381
|-ability|p1a: Landorus-Therian|Intimidate|[of] p2a: Heracross
|-unboost|p2a: Heracross|atk|1
|turn|7
|
|move|p2a: Heracross|Rock Blast|p1a: Landorus-Therian
|-damage|p1a: Landorus-Therian|356\/381
|-damage|p1a: Landorus-Therian|328\/381
|-damage|p1a: Landorus-Therian|303\/381
|-damage|p1a: Landorus-Therian|276\/381
|-damage|p1a: Landorus-Therian|247\/381
|-hitcount|p1a: Landorus-Therian|5
|move|p1a: Landorus-Therian|Earthquake|p2a: Heracross
|-resisted|p2a: Heracross
|-damage|p2a: Heracross|199\/364
|
|-heal|p1a: Landorus-Therian|270\/381|[from] item: Leftovers
|-fieldend|move: Trick Room
|turn|8
|
|move|p1a: Landorus-Therian|Earthquake|p2a: Heracross
|-resisted|p2a: Heracross
|-damage|p2a: Heracross|118\/364
|move|p2a: Heracross|Rock Blast|p1a: Landorus-Therian
|-damage|p1a: Landorus-Therian|241\/381
|-damage|p1a: Landorus-Therian|217\/381
|-damage|p1a: Landorus-Therian|191\/381
|-damage|p1a: Landorus-Therian|165\/381
|-damage|p1a: Landorus-Therian|140\/381
|-hitcount|p1a: Landorus-Therian|5
|
|-heal|p1a: Landorus-Therian|163\/381|[from] item: Leftovers
|turn|9
|
|switch|p2a: Cresselia|Cresselia, F|444\/444
|-damage|p2a: Cresselia|389\/444|[from] Stealth Rock
|move|p1a: Landorus-Therian|Knock Off|p2a: Cresselia
|-supereffective|p2a: Cresselia
|-damage|p2a: Cresselia|187\/444
|-enditem|p2a: Cresselia|Leftovers|[from] move: Knock Off|[of] p1a: Landorus-Therian
|
|-heal|p1a: Landorus-Therian|186\/381|[from] item: Leftovers
|turn|10
|
|move|p1a: Landorus-Therian|U-turn|p2a: Cresselia
|-supereffective|p2a: Cresselia
|-damage|p2a: Cresselia|53\/444
|
|switch|p1a: Entei|Entei, shiny|404\/404
|-ability|p1a: Entei|Pressure
|move|p2a: Cresselia|Trick Room|p2a: Cresselia
|-fieldstart|move: Trick Room|[of] p2a: Cresselia
|
|turn|11
|
|move|p2a: Cresselia|Lunar Dance|p2a: Cresselia
|faint|p2a: Cresselia
|move|p1a: Entei|Substitute|p1a: Entei
|-start|p1a: Entei|Substitute
|-damage|p1a: Entei|303\/404
|
|-heal|p1a: Entei|328\/404|[from] item: Leftovers
|
|switch|p2a: Heracross|Heracross-Mega, M|118\/364
|-heal|p2a: Heracross|364\/364|[from] move: Lunar Dance
|-damage|p2a: Heracross|319\/364|[from] Stealth Rock
|turn|12
|
|move|p2a: Heracross|Rock Blast|p1a: Entei
|-supereffective|p1a: Entei
|-end|p1a: Entei|Substitute
|-supereffective|p1a: Entei
|-damage|p1a: Entei|222\/404
|-crit|p1a: Entei
|-supereffective|p1a: Entei
|-damage|p1a: Entei|76\/404
|-supereffective|p1a: Entei
|-damage|p1a: Entei|0 fnt
|-hitcount|p1a: Entei|4
|faint|p1a: Entei
|
|
|switch|p1a: Landorus-Therian|Landorus-Therian, M|186\/381
|-ability|p1a: Landorus-Therian|Intimidate|[of] p2a: Heracross
|-unboost|p2a: Heracross|atk|1
|turn|13
|
|move|p2a: Heracross|Substitute|p2a: Heracross
|-start|p2a: Heracross|Substitute
|-damage|p2a: Heracross|228\/364
|move|p1a: Landorus-Therian|Earthquake|p2a: Heracross
|-crit|p2a: Heracross
|-resisted|p2a: Heracross
|-end|p2a: Heracross|Substitute
|
|-heal|p1a: Landorus-Therian|209\/381|[from] item: Leftovers
|turn|14
|
|move|p2a: Heracross|Substitute|p2a: Heracross
|-start|p2a: Heracross|Substitute
|-damage|p2a: Heracross|137\/364
|move|p1a: Landorus-Therian|Earthquake|p2a: Heracross
|-crit|p2a: Heracross
|-resisted|p2a: Heracross
|-end|p2a: Heracross|Substitute
|
|-heal|p1a: Landorus-Therian|232\/381|[from] item: Leftovers
|-fieldend|move: Trick Room
|turn|15
|c|★Louisxd|LEL
|c|★kanvas|i should say lel when i missed hpump
|c|★kanvas|-__
|
|move|p1a: Landorus-Therian|Earthquake|p2a: Heracross
|-crit|p2a: Heracross
|-resisted|p2a: Heracross
|-damage|p2a: Heracross|20\/364
|move|p2a: Heracross|Rock Blast|p1a: Landorus-Therian
|-damage|p1a: Landorus-Therian|208\/381
|-damage|p1a: Landorus-Therian|181\/381
|-damage|p1a: Landorus-Therian|156\/381
|-damage|p1a: Landorus-Therian|129\/381
|-damage|p1a: Landorus-Therian|104\/381
|-hitcount|p1a: Landorus-Therian|5
|
|-heal|p1a: Landorus-Therian|127\/381|[from] item: Leftovers
|turn|16
|c|★kanvas|lol
|c|★kanvas|inb4 critical again
|c|★Louisxd|sure
|
|move|p1a: Landorus-Therian|U-turn|p2a: Heracross
|-crit|p2a: Heracross
|-resisted|p2a: Heracross
|-damage|p2a: Heracross|0 fnt
|faint|p2a: Heracross
|c|★kanvas|LOL
|c|★Louisxd|well
|c|★kanvas|does i press the critical button
|c|★kanvas|somewhere
|c|★kanvas|do*
|c|★Louisxd|4 hits 4 crits thats something for the books
|
|switch|p1a: Gardevoir|Gardevoir-Mega, M, shiny|278\/278
|
|
|switch|p2a: Victini|Victini|404\/404
|-damage|p2a: Victini|303\/404|[from] Stealth Rock
|turn|17
|c|★kanvas|and i still don't have a chance of win
|
|move|p1a: Gardevoir|Hidden Power|p2a: Victini
|-supereffective|p2a: Victini
|-damage|p2a: Victini|103\/404
|move|p2a: Victini|Trick Room|p2a: Victini
|-fieldstart|move: Trick Room|[of] p2a: Victini
|
|turn|18
|c|★Louisxd|mfw
|
|switch|p1a: Landorus-Therian|Landorus-Therian, M|127\/381
|-ability|p1a: Landorus-Therian|Intimidate|[of] p2a: Victini
|-unboost|p2a: Victini|atk|1
|move|p2a: Victini|V-create|p1a: Landorus-Therian
|-damage|p1a: Landorus-Therian|0 fnt
|-unboost|p2a: Victini|def|1
|-unboost|p2a: Victini|spd|1
|-unboost|p2a: Victini|spe|1
|-damage|p2a: Victini|63\/404|[from] item: Life Orb
|faint|p1a: Landorus-Therian
|
|c|★Louisxd|hp what lel
|c|★kanvas|ground for heatrans
|c|★Louisxd|oh yes
|
|switch|p1a: Mew|Mew, shiny|404\/404
|turn|19
|
|move|p2a: Victini|V-create|p1a: Mew
|-crit|p1a: Mew
|-damage|p1a: Mew|0 fnt
|-unboost|p2a: Victini|def|1
|-unboost|p2a: Victini|spd|1
|-unboost|p2a: Victini|spe|1
|-damage|p2a: Victini|23\/404|[from] item: Life Orb
|faint|p1a: Mew
|
|c|★kanvas|no
|c|★Louisxd|AEOHH the crits revenga
|
|switch|p1a: Raikou|Raikou|322\/322
|-ability|p1a: Raikou|Pressure
|turn|20
|
|move|p2a: Victini|V-create|p1a: Raikou
|-damage|p1a: Raikou|14\/322
|-unboost|p2a: Victini|def|1
|-unboost|p2a: Victini|spd|1
|-unboost|p2a: Victini|spe|1
|-damage|p2a: Victini|0 fnt|[from] item: Life Orb
|faint|p2a: Victini
|move|p1a: Raikou|Hidden Power|p2: Victini|[notarget]
|-notarget
|
|c|★Louisxd|._.
|c|★kanvas|this is not supposed to happen
|
|switch|p2a: Crawdaunt|Crawdaunt, M|330\/330
|-damage|p2a: Crawdaunt|289\/330|[from] Stealth Rock
|turn|21
|c|★kanvas|o.o
|
|move|p2a: Crawdaunt|Knock Off|p1a: Raikou
|-damage|p1a: Raikou|0 fnt
|-enditem|p1a: Raikou|Assault Vest|[from] move: Knock Off|[of] p2a: Crawdaunt
|-damage|p2a: Crawdaunt|256\/330|[from] item: Life Orb
|faint|p1a: Raikou
|
|-fieldend|move: Trick Room
|
|switch|p1a: Gardevoir|Gardevoir-Mega, M, shiny|278\/278
|turn|22
|
|move|p2a: Crawdaunt|Aqua Jet|p1a: Gardevoir
|-damage|p1a: Gardevoir|106\/278
|-damage|p2a: Crawdaunt|223\/330|[from] item: Life Orb
|move|p1a: Gardevoir|Hyper Voice|p2a: Crawdaunt
|-supereffective|p2a: Crawdaunt
|-damage|p2a: Crawdaunt|0 fnt
|faint|p2a: Crawdaunt
|
|c|★kanvas|inb4 more crits
|
|switch|p2a: Diancie|Diancie|304\/304
|-damage|p2a: Diancie|266\/304|[from] Stealth Rock
|turn|23
|
|move|p1a: Gardevoir|Psyshock|p2a: Diancie
|-damage|p2a: Diancie|145\/304
|move|p2a: Diancie|Explosion|p1a: Gardevoir
|-damage|p1a: Gardevoir|0 fnt
|faint|p2a: Diancie
|faint|p1a: Gardevoir
|
|win|Louisxd
|raw|Ladder updating...
|raw|kanvas's rating: 1794 &rarr; <strong>1775<\/strong><br \/>(-19 for losing)
|raw|Louisxd's rating: 1821 &rarr; <strong>1839<\/strong><br \/>(+18 for winning)
|c|★Louisxd|gg
|c|★kanvas|gg