|join|SWAGCOLFO
|join|Louisxd
|player|p1|SWAGCOLFO|80
|player|p2|Louisxd|165
|gametype|singles
|gen|6
|tier|OU
|rated
|clearpoke
|poke|p1|Heracross, F
|poke|p1|Heatran, F
|poke|p1|Slowbro, M
|poke|p1|Kyurem-Black
|poke|p1|Landorus-Therian, M
|poke|p1|Latios, M
|poke|p2|Slowbro, M
|poke|p2|Gliscor, M
|poke|p2|Clefable, F
|poke|p2|Latios, M
|poke|p2|Scizor, M
|poke|p2|Talonflame, M
|rule|Swagger Clause: Swagger is banned
|rule|Baton Pass Clause: Limit one Pokémon knowing Baton Pass
|rule|Sleep Clause Mod: Limit one foe put to sleep
|rule|Species Clause: Limit one of each Pokémon
|rule|OHKO Clause: OHKO moves are banned
|rule|Moody Clause: Moody is banned
|rule|Evasion Moves Clause: Evasion moves are banned
|rule|Endless Battle Clause: Forcing endless battles is banned
|rule|HP Percentage Mod: HP is shown in percentages
|teampreview
|
|start
|switch|p1a: Kyurem-Black|Kyurem-Black|391\/391
|switch|p2a: Le old fairy|Clefable, F|394\/394
|-ability|p1a: Kyurem-Black|Teravolt
|turn|1
|
|switch|p1a: Heatran|Heatran, F|386\/386
|move|p2a: Le old fairy|Stealth Rock|p1a: Heatran
|-sidestart|p1: SWAGCOLFO|move: Stealth Rock
|
|turn|2
|
|switch|p2a: Drug addicted|Gliscor, M|352\/352
|move|p1a: Heatran|Stealth Rock|p2a: Drug addicted
|-sidestart|p2: Louisxd|move: Stealth Rock
|
|-status|p2a: Drug addicted|tox|[from] item: Toxic Orb
|turn|3
|
|switch|p1a: Latios|Latios, M|302\/302
|-damage|p1a: Latios|265\/302|[from] Stealth Rock
|move|p2a: Drug addicted|Knock Off|p1a: Latios
|-supereffective|p1a: Latios
|-damage|p1a: Latios|99\/302
|-enditem|p1a: Latios|Life Orb|[from] move: Knock Off|[of] p2a: Drug addicted
|
|turn|4
|
|move|p1a: Latios|Surf|p2a: Drug addicted
|-supereffective|p2a: Drug addicted
|-damage|p2a: Drug addicted|152\/352 tox
|move|p2a: Drug addicted|Knock Off|p1a: Latios
|-supereffective|p1a: Latios
|-damage|p1a: Latios|0 fnt
|faint|p1a: Latios
|
|-heal|p2a: Drug addicted|196\/352 tox|[from] ability: Poison Heal
|
|switch|p1a: Kyurem-Black|Kyurem-Black|391\/391
|-damage|p1a: Kyurem-Black|294\/391|[from] Stealth Rock
|-ability|p1a: Kyurem-Black|Teravolt
|turn|5
|
|switch|p2a: Retarded fella|Slowbro, M|394\/394
|-damage|p2a: Retarded fella|345\/394|[from] Stealth Rock
|move|p1a: Kyurem-Black|Draco Meteor|p2a: Retarded fella
|-damage|p2a: Retarded fella|63\/394
|-unboost|p1a: Kyurem-Black|spa|2
|
|turn|6
|c|★Louisxd|lol
|
|switch|p2a: Le old fairy|Clefable, F|394\/394
|move|p1a: Kyurem-Black|Draco Meteor|p2a: Le old fairy
|-immune|p2a: Le old fairy|[msg]
|
|turn|7
|
|switch|p1a: Heatran|Heatran, F|386\/386
|-damage|p1a: Heatran|338\/386|[from] Stealth Rock
|switch|p2a: Retarded fella|Slowbro, M|194\/394
|-damage|p2a: Retarded fella|145\/394|[from] Stealth Rock
|
|-heal|p1a: Heatran|362\/386|[from] item: Leftovers
|turn|8
|
|switch|p2a: Drug addicted|Gliscor, M|196\/352 tox
|-damage|p2a: Drug addicted|152\/352 tox|[from] Stealth Rock
|move|p1a: Heatran|Earth Power|p2a: Drug addicted
|-immune|p2a: Drug addicted|[msg]
|
|-heal|p1a: Heatran|386\/386|[from] item: Leftovers
|-heal|p2a: Drug addicted|196\/352 tox|[from] ability: Poison Heal
|turn|9
|
|switch|p1a: Heracross|Heracross, F|301\/301
|-damage|p1a: Heracross|264\/301|[from] Stealth Rock
|move|p2a: Drug addicted|Earthquake|p1a: Heracross
|-resisted|p1a: Heracross
|-damage|p1a: Heracross|186\/301
|
|-heal|p2a: Drug addicted|240\/352 tox|[from] ability: Poison Heal
|turn|10
|
|detailschange|p1a: Heracross|Heracross-Mega, F
|message|Heracross has Mega Evolved into Mega Heracross!
|move|p1a: Heracross|Bullet Seed|p2a: Drug addicted
|-damage|p2a: Drug addicted|209\/352 tox
|-damage|p2a: Drug addicted|179\/352 tox
|-damage|p2a: Drug addicted|149\/352 tox
|-damage|p2a: Drug addicted|114\/352 tox
|-damage|p2a: Drug addicted|82\/352 tox
|-hitcount|p2a: Drug addicted|5
|move|p2a: Drug addicted|Roost|p2a: Drug addicted
|-heal|p2a: Drug addicted|258\/352 tox
|
|-heal|p2a: Drug addicted|302\/352 tox|[from] ability: Poison Heal
|turn|11
|
|move|p1a: Heracross|Bullet Seed|p2a: Drug addicted
|-damage|p2a: Drug addicted|272\/352 tox
|-damage|p2a: Drug addicted|238\/352 tox
|-damage|p2a: Drug addicted|204\/352 tox
|-damage|p2a: Drug addicted|171\/352 tox
|-damage|p2a: Drug addicted|136\/352 tox
|-hitcount|p2a: Drug addicted|5
|move|p2a: Drug addicted|Earthquake|p1a: Heracross
|-resisted|p1a: Heracross
|-damage|p1a: Heracross|132\/301
|
|-heal|p2a: Drug addicted|180\/352 tox|[from] ability: Poison Heal
|turn|12
|
|switch|p2a: Le old fairy|Clefable, F|394\/394
|move|p1a: Heracross|Bullet Seed|p2a: Le old fairy
|-damage|p2a: Le old fairy|349\/394
|-damage|p2a: Le old fairy|309\/394
|-damage|p2a: Le old fairy|268\/394
|-damage|p2a: Le old fairy|226\/394
|-damage|p2a: Le old fairy|181\/394
|-hitcount|p2a: Le old fairy|5
|
|-heal|p2a: Le old fairy|205\/394|[from] item: Leftovers
|turn|13
|
|move|p1a: Heracross|Bullet Seed|p2a: Le old fairy
|-damage|p2a: Le old fairy|160\/394
|-damage|p2a: Le old fairy|115\/394
|-damage|p2a: Le old fairy|76\/394
|-damage|p2a: Le old fairy|33\/394
|-damage|p2a: Le old fairy|0 fnt
|-hitcount|p2a: Le old fairy|5
|faint|p2a: Le old fairy
|
|
|switch|p2a: Latios|Latios, M|301\/301
|-damage|p2a: Latios|264\/301|[from] Stealth Rock
|turn|14
|
|switch|p1a: Landorus-Therian|Landorus-Therian, M|320\/320
|-damage|p1a: Landorus-Therian|280\/320|[from] Stealth Rock
|-ability|p1a: Landorus-Therian|Intimidate|[of] p2a: Latios
|-unboost|p2a: Latios|atk|1
|move|p2a: Latios|Defog|p1a: Landorus-Therian
|-unboost|p1a: Landorus-Therian|evasion|1
|-sideend|p1: SWAGCOLFO|Stealth Rock|[from] move: Defog|[of] p1a: Landorus-Therian
|-sideend|p2: Louisxd|Stealth Rock|[from] move: Defog|[of] p2a: Latios
|
|turn|15
|
|switch|p2a: Drug addicted|Gliscor, M|180\/352 tox
|move|p1a: Landorus-Therian|U-turn|p2a: Drug addicted
|-resisted|p2a: Drug addicted
|-damage|p2a: Drug addicted|141\/352 tox
|
|switch|p1a: Heracross|Heracross-Mega, F|132\/301
|
|-heal|p2a: Drug addicted|185\/352 tox|[from] ability: Poison Heal
|turn|16
|
|switch|p2a: Talonflame|Talonflame, M|319\/319
|move|p1a: Heracross|Rock Blast|p2a: Talonflame
|-supereffective|p2a: Talonflame
|-damage|p2a: Talonflame|123\/319
|-supereffective|p2a: Talonflame
|-damage|p2a: Talonflame|0 fnt
|-hitcount|p2a: Talonflame|2
|faint|p2a: Talonflame
|
|
|switch|p2a: Scizor|Scizor, M|289\/289
|turn|17
|
|switch|p1a: Heatran|Heatran, F|386\/386
|move|p2a: Scizor|Swords Dance|p2a: Scizor
|-boost|p2a: Scizor|atk|2
|
|turn|18
|
|move|p2a: Scizor|Superpower|p1a: Heatran
|-supereffective|p1a: Heatran
|-damage|p1a: Heatran|0 fnt
|-unboost|p2a: Scizor|atk|1
|-unboost|p2a: Scizor|def|1
|-damage|p2a: Scizor|261\/289|[from] item: Life Orb
|faint|p1a: Heatran
|
|
|switch|p1a: Landorus-Therian|Landorus-Therian, M|280\/320
|-ability|p1a: Landorus-Therian|Intimidate|[of] p2a: Scizor
|-unboost|p2a: Scizor|atk|1
|turn|19
|
|switch|p2a: Drug addicted|Gliscor, M|185\/352 tox
|move|p1a: Landorus-Therian|U-turn|p2a: Drug addicted
|-resisted|p2a: Drug addicted
|-damage|p2a: Drug addicted|149\/352 tox
|
|switch|p1a: Heracross|Heracross-Mega, F|132\/301
|
|-heal|p2a: Drug addicted|193\/352 tox|[from] ability: Poison Heal
|turn|20
|
|move|p1a: Heracross|Bullet Seed|p2a: Drug addicted
|-damage|p2a: Drug addicted|160\/352 tox
|-damage|p2a: Drug addicted|124\/352 tox
|-damage|p2a: Drug addicted|94\/352 tox
|-damage|p2a: Drug addicted|60\/352 tox
|-damage|p2a: Drug addicted|30\/352 tox
|-hitcount|p2a: Drug addicted|5
|move|p2a: Drug addicted|Roost|p2a: Drug addicted
|-heal|p2a: Drug addicted|206\/352 tox
|
|-heal|p2a: Drug addicted|250\/352 tox|[from] ability: Poison Heal
|turn|21
|
|switch|p1a: Kyurem-Black|Kyurem-Black|294\/391
|-ability|p1a: Kyurem-Black|Teravolt
|move|p2a: Drug addicted|Roost|p2a: Drug addicted
|-heal|p2a: Drug addicted|352\/352 tox
|
|turn|22
|
|move|p1a: Kyurem-Black|Ice Beam|p2a: Drug addicted
|-supereffective|p2a: Drug addicted
|-damage|p2a: Drug addicted|0 fnt
|faint|p2a: Drug addicted
|
|
|switch|p2a: Scizor|Scizor, M|261\/289
|turn|23
|
|move|p1a: Kyurem-Black|Ice Beam|p2a: Scizor
|-resisted|p2a: Scizor
|-damage|p2a: Scizor|162\/289
|move|p2a: Scizor|Swords Dance|p2a: Scizor
|-boost|p2a: Scizor|atk|2
|
|turn|24
|
|move|p2a: Scizor|Bullet Punch|p1a: Kyurem-Black
|-supereffective|p1a: Kyurem-Black
|-damage|p1a: Kyurem-Black|0 fnt
|-damage|p2a: Scizor|134\/289|[from] item: Life Orb
|faint|p1a: Kyurem-Black
|
|
|switch|p1a: Landorus-Therian|Landorus-Therian, M|280\/320
|-ability|p1a: Landorus-Therian|Intimidate|[of] p2a: Scizor
|-unboost|p2a: Scizor|atk|1
|turn|25
|
|move|p1a: Landorus-Therian|Earthquake|p2a: Scizor
|-damage|p2a: Scizor|0 fnt
|faint|p2a: Scizor
|
|
|switch|p2a: Retarded fella|Slowbro, M|276\/394
|turn|26
|
|switch|p1a: Heracross|Heracross-Mega, F|132\/301
|switch|p2a: Latios|Latios, M|264\/301
|
|turn|27
|
|switch|p1a: Slowbro|Slowbro, M|394\/394
|move|p2a: Latios|Draco Meteor|p1a: Slowbro
|-damage|p1a: Slowbro|135\/394
|-unboost|p2a: Latios|spa|2
|
|-heal|p1a: Slowbro|159\/394|[from] item: Leftovers
|turn|28
|
|switch|p2a: Retarded fella|Slowbro, M|394\/394
|move|p1a: Slowbro|Scald|p2a: Retarded fella
|-resisted|p2a: Retarded fella
|-damage|p2a: Retarded fella|334\/394
|
|-heal|p1a: Slowbro|183\/394|[from] item: Leftovers
|turn|29
|
|detailschange|p2a: Retarded fella|Slowbro-Mega, M
|message|Slowbro has Mega Evolved into Mega Slowbro!
|move|p2a: Retarded fella|Psyshock|p1a: Slowbro
|-resisted|p1a: Slowbro
|-damage|p1a: Slowbro|141\/394
|move|p1a: Slowbro|Thunder Wave|p2a: Retarded fella
|-status|p2a: Retarded fella|par
|
|-heal|p1a: Slowbro|165\/394|[from] item: Leftovers
|turn|30
|
|move|p1a: Slowbro|Scald|p2a: Retarded fella
|-resisted|p2a: Retarded fella
|-damage|p2a: Retarded fella|280\/394 par
|move|p2a: Retarded fella|Psyshock|p1a: Slowbro
|-resisted|p1a: Slowbro
|-damage|p1a: Slowbro|123\/394
|
|-heal|p1a: Slowbro|147\/394|[from] item: Leftovers
|turn|31
|
|move|p1a: Slowbro|Scald|p2a: Retarded fella
|-resisted|p2a: Retarded fella
|-damage|p2a: Retarded fella|225\/394 par
|move|p2a: Retarded fella|Calm Mind|p2a: Retarded fella
|-boost|p2a: Retarded fella|spa|1
|-boost|p2a: Retarded fella|spd|1
|
|-heal|p1a: Slowbro|171\/394|[from] item: Leftovers
|turn|32
|
|switch|p1a: Heracross|Heracross-Mega, F|132\/301
|cant|p2a: Retarded fella|par
|
|turn|33
|
|move|p1a: Heracross|Pin Missile|p2a: Retarded fella
|-supereffective|p2a: Retarded fella
|-damage|p2a: Retarded fella|175\/394 par
|-supereffective|p2a: Retarded fella
|-damage|p2a: Retarded fella|121\/394 par
|-supereffective|p2a: Retarded fella
|-damage|p2a: Retarded fella|67\/394 par
|-supereffective|p2a: Retarded fella
|-damage|p2a: Retarded fella|11\/394 par
|-supereffective|p2a: Retarded fella
|-damage|p2a: Retarded fella|0 fnt
|-hitcount|p2a: Retarded fella|5
|faint|p2a: Retarded fella
|
|
|switch|p2a: Latios|Latios, M|264\/301
|turn|34
|
|move|p2a: Latios|Trick|p1a: Heracross
|-fail|p1a: Heracross
|move|p1a: Heracross|Pin Missile|p2a: Latios
|-supereffective|p2a: Latios
|-damage|p2a: Latios|114\/301
|-supereffective|p2a: Latios
|-damage|p2a: Latios|0 fnt
|-hitcount|p2a: Latios|2
|faint|p2a: Latios
|
|win|SWAGCOLFO
|raw|Ladder updating...
|raw|SWAGCOLFO's rating: 1437 &rarr; <strong>1457<\/strong><br \/>(+20 for winning)
|raw|Louisxd's rating: 1433 &rarr; <strong>1414<\/strong><br \/>(-19 for losing)
|c|★Louisxd|good hax
|leave|Louisxd
|player|p2
|c|★SWAGCOLFO|LOL