|join|Louisxd
|join|Weelee
|player|p1|Louisxd|165
|player|p2|Weelee|92
|gametype|singles
|gen|6
|tier|OU
|rated
|clearpoke
|poke|p1|Bisharp, M
|poke|p1|Keldeo
|poke|p1|Gardevoir, F
|poke|p1|Ferrothorn, M
|poke|p1|Gliscor, M
|poke|p1|Zapdos
|poke|p2|Abomasnow, M, shiny
|poke|p2|Mandibuzz, F
|poke|p2|Victini
|poke|p2|Rotom-Wash
|poke|p2|Landorus-Therian, M
|poke|p2|Magnezone
|rule|Swagger Clause: Swagger is banned
|rule|Baton Pass Clause: Limit one Pokémon knowing Baton Pass
|rule|Sleep Clause Mod: Limit one foe put to sleep
|rule|Species Clause: Limit one of each Pokémon
|rule|OHKO Clause: OHKO moves are banned
|rule|Moody Clause: Moody is banned
|rule|Evasion Moves Clause: Evasion moves are banned
|rule|Endless Battle Clause: Forcing endless battles is banned
|rule|HP Percentage Mod: HP is shown in percentages
|teampreview
|
|start
|switch|p1a: Drug addicted|Gliscor, M|352\/352
|switch|p2a: Rotom-Wash|Rotom-Wash|303\/303
|turn|1
|
|move|p1a: Drug addicted|Taunt|p2a: Rotom-Wash
|-start|p2a: Rotom-Wash|move: Taunt
|cant|p2a: Rotom-Wash|move: Taunt|Will-O-Wisp
|
|-status|p1a: Drug addicted|tox|[from] item: Toxic Orb
|turn|2
|
|move|p1a: Drug addicted|Toxic|p2a: Rotom-Wash|[miss]
|-miss|p1a: Drug addicted|p2a: Rotom-Wash
|move|p2a: Rotom-Wash|Hydro Pump|p1a: Drug addicted
|-supereffective|p1a: Drug addicted
|-damage|p1a: Drug addicted|88\/352 tox
|
|-heal|p1a: Drug addicted|132\/352 tox|[from] ability: Poison Heal
|turn|3
|
|switch|p1a: Thorny|Ferrothorn, M|352\/352
|move|p2a: Rotom-Wash|Volt Switch|p1a: Thorny
|-resisted|p1a: Thorny
|-damage|p1a: Thorny|319\/352
|c|★Weelee|RIP
|
|switch|p2a: Magnezone|Magnezone|281\/281
|
|-heal|p1a: Thorny|341\/352|[from] item: Leftovers
|turn|4
|
|move|p2a: Magnezone|Hidden Power|p1a: Thorny
|-supereffective|p1a: Thorny
|-damage|p1a: Thorny|153\/352
|move|p1a: Thorny|Stealth Rock|p2a: Magnezone
|-sidestart|p2: Weelee|move: Stealth Rock
|
|-heal|p1a: Thorny|175\/352|[from] item: Leftovers
|turn|5
|
|move|p1a: Thorny|Protect|p1a: Thorny
|-singleturn|p1a: Thorny|Protect
|move|p2a: Magnezone|Hidden Power|p1a: Thorny
|-activate|p1a: Thorny|Protect
|
|-heal|p1a: Thorny|197\/352|[from] item: Leftovers
|turn|6
|
|move|p2a: Magnezone|Hidden Power|p1a: Thorny
|-crit|p1a: Thorny
|-supereffective|p1a: Thorny
|-damage|p1a: Thorny|0 fnt
|faint|p1a: Thorny
|
|
|switch|p1a: Gardevoir|Gardevoir, F|277\/277
|-ability|p1a: Gardevoir|Magnet Pull|[from] ability: Trace|[of] p2a: Magnezone
|turn|7
|
|detailschange|p1a: Gardevoir|Gardevoir-Mega, F
|message|Gardevoir has Mega Evolved into Mega Gardevoir!
|move|p1a: Gardevoir|Hyper Voice|p2a: Magnezone
|-resisted|p2a: Magnezone
|-damage|p2a: Magnezone|208\/281
|move|p2a: Magnezone|Flash Cannon|p1a: Gardevoir
|-supereffective|p1a: Gardevoir
|-damage|p1a: Gardevoir|97\/277
|
|turn|8
|
|move|p1a: Gardevoir|Focus Blast|p2a: Magnezone|[miss]
|-miss|p1a: Gardevoir|p2a: Magnezone
|move|p2a: Magnezone|Volt Switch|p1a: Gardevoir
|-damage|p1a: Gardevoir|19\/277
|
|switch|p2a: Victini|Victini|341\/341
|-damage|p2a: Victini|256\/341|[from] Stealth Rock
|
|turn|9
|
|switch|p1a: Zapdos|Zapdos|384\/384
|-ability|p1a: Zapdos|Pressure
|move|p2a: Victini|U-turn|p1a: Zapdos
|-resisted|p1a: Zapdos
|-damage|p1a: Zapdos|354\/384
|
|switch|p2a: Mandibuzz|Mandibuzz, F|423\/423
|-damage|p2a: Mandibuzz|318\/423|[from] Stealth Rock
|
|-heal|p1a: Zapdos|378\/384|[from] item: Leftovers
|-heal|p2a: Mandibuzz|344\/423|[from] item: Leftovers
|turn|10
|
|move|p1a: Zapdos|Volt Switch|p2a: Mandibuzz
|-supereffective|p2a: Mandibuzz
|-damage|p2a: Mandibuzz|114\/423
|
|switch|p1a: Gardevoir|Gardevoir-Mega, F|19\/277
|move|p2a: Mandibuzz|Defog|p1a: Gardevoir
|-unboost|p1a: Gardevoir|evasion|1
|-sideend|p2: Weelee|Stealth Rock|[from] move: Defog|[of] p2a: Mandibuzz
|
|-heal|p2a: Mandibuzz|140\/423|[from] item: Leftovers
|turn|11
|
|switch|p2a: Victini|Victini|256\/341
|move|p1a: Gardevoir|Hyper Voice|p2a: Victini
|-resisted|p2a: Victini
|-damage|p2a: Victini|125\/341
|
|turn|12
|
|switch|p1a: Zapdos|Zapdos|378\/384
|-ability|p1a: Zapdos|Pressure
|move|p2a: Victini|U-turn|p1a: Zapdos
|-resisted|p1a: Zapdos
|-damage|p1a: Zapdos|345\/384
|
|switch|p2a: Landorus-Therian|Landorus-Therian, M|381\/381
|-ability|p2a: Landorus-Therian|Intimidate|[of] p1a: Zapdos
|-unboost|p1a: Zapdos|atk|1
|
|-heal|p1a: Zapdos|369\/384|[from] item: Leftovers
|turn|13
|
|switch|p1a: Gardevoir|Gardevoir-Mega, F|19\/277
|move|p2a: Landorus-Therian|Stealth Rock|p1a: Gardevoir
|-sidestart|p1: Louisxd|move: Stealth Rock
|
|turn|14
|
|switch|p2a: Magnezone|Magnezone|208\/281
|move|p1a: Gardevoir|Hyper Voice|p2a: Magnezone
|-resisted|p2a: Magnezone
|-damage|p2a: Magnezone|138\/281
|
|turn|15
|
|move|p1a: Gardevoir|Focus Blast|p2a: Magnezone
|-supereffective|p2a: Magnezone
|-damage|p2a: Magnezone|0 fnt
|faint|p2a: Magnezone
|
|
|switch|p2a: Victini|Victini|125\/341
|turn|16
|
|switch|p1a: Drug addicted|Gliscor, M|132\/352 tox
|-damage|p1a: Drug addicted|88\/352 tox|[from] Stealth Rock
|move|p2a: Victini|U-turn|p1a: Drug addicted
|-resisted|p1a: Drug addicted
|-damage|p1a: Drug addicted|55\/352 tox
|
|switch|p2a: Abomasnow|Abomasnow, M, shiny|321\/321
|-weather|Hail
|
|-weather|Hail|[upkeep]
|-damage|p1a: Drug addicted|33\/352 tox|[from] hail
|-heal|p1a: Drug addicted|77\/352 tox|[from] ability: Poison Heal
|turn|17
|
|detailschange|p2a: Abomasnow|Abomasnow-Mega, M, shiny
|message|Abomasnow has Mega Evolved into Mega Abomasnow!
|move|p1a: Drug addicted|Toxic|p2a: Abomasnow|[miss]
|-miss|p1a: Drug addicted|p2a: Abomasnow
|move|p2a: Abomasnow|Blizzard|p1a: Drug addicted
|-crit|p1a: Drug addicted
|-supereffective|p1a: Drug addicted
|-damage|p1a: Drug addicted|0 fnt
|faint|p1a: Drug addicted
|
|-weather|Hail|[upkeep]
|
|switch|p1a: Bisharp|Bisharp, M|271\/271
|-damage|p1a: Bisharp|255\/271|[from] Stealth Rock
|turn|18
|
|switch|p2a: Rotom-Wash|Rotom-Wash|303\/303
|move|p1a: Bisharp|Iron Head|p2a: Rotom-Wash
|-resisted|p2a: Rotom-Wash
|-damage|p2a: Rotom-Wash|268\/303
|-damage|p1a: Bisharp|228\/271|[from] item: Life Orb
|
|-weather|Hail|[upkeep]
|-damage|p1a: Bisharp|212\/271|[from] hail
|-damage|p2a: Rotom-Wash|250\/303|[from] hail
|-heal|p2a: Rotom-Wash|268\/303|[from] item: Leftovers
|turn|19
|
|switch|p1a: Zapdos|Zapdos|369\/384
|-damage|p1a: Zapdos|273\/384|[from] Stealth Rock
|-ability|p1a: Zapdos|Pressure
|move|p2a: Rotom-Wash|Volt Switch|p1a: Zapdos
|-damage|p1a: Zapdos|179\/384
|
|switch|p2a: Victini|Victini|125\/341
|
|-weather|Hail|[upkeep]
|-damage|p2a: Victini|104\/341|[from] hail
|-damage|p1a: Zapdos|155\/384|[from] hail
|-heal|p1a: Zapdos|179\/384|[from] item: Leftovers
|turn|20
|
|move|p2a: Victini|V-create|p1a: Zapdos
|-damage|p1a: Zapdos|0 fnt
|-unboost|p2a: Victini|def|1
|-unboost|p2a: Victini|spd|1
|-unboost|p2a: Victini|spe|1
|faint|p1a: Zapdos
|
|-weather|none
|
|switch|p1a: Bisharp|Bisharp, M|212\/271
|-damage|p1a: Bisharp|196\/271|[from] Stealth Rock
|turn|21
|
|switch|p2a: Mandibuzz|Mandibuzz, F|140\/423
|move|p1a: Bisharp|Sucker Punch|p2a: Mandibuzz
|-fail|p2a: Mandibuzz
|
|-heal|p2a: Mandibuzz|166\/423|[from] item: Leftovers
|turn|22
|
|move|p1a: Bisharp|Swords Dance|p1a: Bisharp
|-boost|p1a: Bisharp|atk|2
|move|p2a: Mandibuzz|Roost|p2a: Mandibuzz
|-heal|p2a: Mandibuzz|378\/423
|
|-heal|p2a: Mandibuzz|404\/423|[from] item: Leftovers
|turn|23
|
|move|p1a: Bisharp|Iron Head|p2a: Mandibuzz
|-damage|p2a: Mandibuzz|143\/423
|-damage|p1a: Bisharp|169\/271|[from] item: Life Orb
|move|p2a: Mandibuzz|Foul Play|p1a: Bisharp
|-resisted|p1a: Bisharp
|-damage|p1a: Bisharp|0 fnt
|faint|p1a: Bisharp
|
|-heal|p2a: Mandibuzz|169\/423|[from] item: Leftovers
|
|switch|p1a: Keldeo|Keldeo|323\/323
|-damage|p1a: Keldeo|303\/323|[from] Stealth Rock
|turn|24
|
|move|p1a: Keldeo|Secret Sword|p2a: Mandibuzz
|-damage|p2a: Mandibuzz|4\/423
|move|p2a: Mandibuzz|U-turn|p1a: Keldeo
|-resisted|p1a: Keldeo
|-damage|p1a: Keldeo|280\/323
|
|switch|p2a: Victini|Victini|104\/341
|
|turn|25
|
|move|p2a: Victini|Zen Headbutt|p1a: Keldeo
|-supereffective|p1a: Keldeo
|-damage|p1a: Keldeo|0 fnt
|faint|p1a: Keldeo
|
|-message|Louisxd forfeited.
|
|win|Weelee
|raw|Ladder updating...
|leave|Louisxd
|player|p1
|raw|Louisxd's rating: 1643 &rarr; <strong>1625<\/strong><br \/>(-18 for losing)
|raw|Weelee's rating: 1685 &rarr; <strong>1702<\/strong><br \/>(+17 for winning)