|join|louisxd
|join|Based Godfish
|player|p1|louisxd|165
|player|p2|Based Godfish|144
|gametype|singles
|gen|6
|tier|OU
|clearpoke
|poke|p1|Dragalge, M
|poke|p1|Scizor, M
|poke|p1|Slowbro, M
|poke|p1|Landorus, M
|poke|p1|Latios, M
|poke|p1|Clefable, F
|poke|p2|Azelf
|poke|p2|Sharpedo, M
|poke|p2|Landorus, M
|poke|p2|Thundurus, M
|poke|p2|Bisharp, F
|poke|p2|Gengar, F
|rule|Swagger Clause: Swagger is banned
|rule|Baton Pass Clause: Limit one Pokémon knowing Baton Pass
|rule|Sleep Clause Mod: Limit one foe put to sleep
|rule|Species Clause: Limit one of each Pokémon
|rule|OHKO Clause: OHKO moves are banned
|rule|Moody Clause: Moody is banned
|rule|Evasion Moves Clause: Evasion moves are banned
|rule|Endless Battle Clause: Forcing endless battles is banned
|rule|HP Percentage Mod: HP is shown in percentages
|teampreview
|join|Sepulchure II
|join|Maiora
|c|★Based Godfish|gl
|join|Sike2303
|join|Alvok
|join|Lilac Vaporeon
|c|★louisxd|4u2
|join|IwG
|join|wfn4po4
|c| Sike2303|inresting machtup here ;)
|join|asdfCookie
|join|Supah Glitch
|c| Supah Glitch|im not rooting for the f a g got
|c|★louisxd|who is the poopyhead ?
|c| Supah Glitch|all of latios
|c| Supah Glitch|*all for latios
|c| Supah Glitch|oh the other guy
|c| Supah Glitch|lol
|
|start
|switch|p1a: Meiko|Clefable, F|394\/394
|switch|p2a: Azelf|Azelf|291\/291
|turn|1
|c|★Based Godfish|...
|join|aweonaoMoore
|c|★Based Godfish|how am i a f@ggot again?
|
|move|p2a: Azelf|Taunt|p1a: Meiko
|-start|p1a: Meiko|move: Taunt
|move|p1a: Meiko|Moonblast|p2a: Azelf
|-damage|p2a: Azelf|131\/291
|
|turn|2
|
|move|p2a: Azelf|Stealth Rock|p1a: Meiko
|-sidestart|p1: louisxd|move: Stealth Rock
|move|p1a: Meiko|Moonblast|p2a: Azelf
|-damage|p2a: Azelf|0 fnt
|faint|p2a: Azelf
|
|
|switch|p2a: Gengar|Gengar, F|261\/261
|turn|3
|
|switch|p1a: Edward Elric|Scizor, M|343\/343
|-damage|p1a: Edward Elric|301\/343|[from] Stealth Rock
|move|p2a: Gengar|Shadow Ball|p1a: Edward Elric
|-damage|p1a: Edward Elric|126\/343
|-unboost|p1a: Edward Elric|spd|1
|-damage|p2a: Gengar|235\/261|[from] item: Life Orb
|
|turn|4
|
|switch|p2a: Thundurus|Thundurus, M|299\/299
|detailschange|p1a: Edward Elric|Scizor-Mega, M
|-mega|p1a: Edward Elric|Scizor|Scizorite
|move|p1a: Edward Elric|Bullet Punch|p2a: Thundurus
|-resisted|p2a: Thundurus
|-damage|p2a: Thundurus|218\/299
|
|turn|5
|c|★louisxd|damn
|
|switch|p1a: Meiko|Clefable, F|394\/394
|move|p2a: Thundurus|Thunderbolt|p1a: Meiko
|-damage|p1a: Meiko|219\/394
|-damage|p2a: Thundurus|189\/299|[from] item: Life Orb
|
|-heal|p1a: Meiko|243\/394|[from] item: Leftovers
|turn|6
|
|switch|p2a: Gengar|Gengar, F|235\/261
|switch|p1a: Sakuragi|Landorus, M|319\/319
|-damage|p1a: Sakuragi|280\/319|[from] Stealth Rock
|
|turn|7
|
|move|p2a: Gengar|Shadow Ball|p1a: Sakuragi
|-damage|p1a: Sakuragi|54\/319
|-unboost|p1a: Sakuragi|spd|1
|-damage|p2a: Gengar|209\/261|[from] item: Life Orb
|move|p1a: Sakuragi|Psychic|p2a: Gengar
|-supereffective|p2a: Gengar
|-damage|p2a: Gengar|0 fnt
|faint|p2a: Gengar
|
|
|switch|p2a: Sharpedo|Sharpedo, M|281\/281
|turn|8
|join|riraiteu
|
|move|p1a: Sakuragi|Stealth Rock|p2a: Sharpedo
|-sidestart|p2: Based Godfish|move: Stealth Rock
|move|p2a: Sharpedo|Waterfall|p1a: Sakuragi
|-supereffective|p1a: Sakuragi
|-damage|p1a: Sakuragi|0 fnt
|faint|p1a: Sakuragi
|
|-boost|p2a: Sharpedo|spe|1|[from] ability: Speed Boost
|c|★louisxd|well
|c|★louisxd|:[
|join|yung sensei
|
|switch|p1a: Hikari Picasso|Latios, M|301\/301
|-damage|p1a: Hikari Picasso|264\/301|[from] Stealth Rock
|turn|9
|c| Sike2303|that might be geegee sir
|
|detailschange|p2a: Sharpedo|Sharpedo-Mega, M
|-mega|p2a: Sharpedo|Sharpedo|Sharpedonite
|move|p1a: Hikari Picasso|Draco Meteor|p2a: Sharpedo
|-damage|p2a: Sharpedo|0 fnt
|-unboost|p1a: Hikari Picasso|spa|2
|faint|p2a: Sharpedo
|
|c| asdfCookie|oooh
|c|★Based Godfish|ofc
|c| Sike2303|o nvm
|c| asdfCookie|bop
|c|★Based Godfish|scarf lati
|c| Sike2303|da scarf
|
|switch|p2a: Bisharp|Bisharp, F|271\/271
|-damage|p2a: Bisharp|255\/271|[from] Stealth Rock
|turn|10
|c| asdfCookie|scarf latios <3
|
|move|p2a: Bisharp|Pursuit|p1a: Hikari Picasso|[from]Pursuit
|-supereffective|p1a: Hikari Picasso
|-damage|p1a: Hikari Picasso|0 fnt
|-damage|p2a: Bisharp|228\/271|[from] item: Life Orb
|faint|p1a: Hikari Picasso
|
|c|★Based Godfish|aids sets are aids
|c|★Based Godfish|doe
|c|★Based Godfish|:]
|
|switch|p1a: Edward Elric|Scizor-Mega, M|126\/343
|-damage|p1a: Edward Elric|84\/343|[from] Stealth Rock
|turn|11
|
|move|p2a: Bisharp|Knock Off|p1a: Edward Elric
|-damage|p1a: Edward Elric|0 fnt
|-damage|p2a: Bisharp|201\/271|[from] item: Life Orb
|faint|p1a: Edward Elric
|
|c| Alvok|how is scarf latios ever aids lol
|
|switch|p1a: Mori Buntarou|Dragalge, M|305\/305
|-damage|p1a: Mori Buntarou|267\/305|[from] Stealth Rock
|turn|12
|c|★Based Godfish|its not
|c|★Based Godfish|im just messing
|c|★Based Godfish|:]
|c| Sike2303|it raped his team giving it aids
|
|switch|p2a: Landorus|Landorus, M|344\/344
|-damage|p2a: Landorus|301\/344|[from] Stealth Rock
|move|p1a: Mori Buntarou|Hidden Power|p2a: Landorus
|-damage|p2a: Landorus|186\/344
|
|turn|13
|
|switch|p1a: Hikaru|Slowbro, M|394\/394
|-damage|p1a: Hikaru|345\/394|[from] Stealth Rock
|move|p2a: Landorus|Earth Power|p1a: Hikaru
|-damage|p1a: Hikaru|28\/394
|
|-heal|p1a: Hikaru|52\/394|[from] item: Leftovers
|turn|14
|c| Sike2303|dragalge es eww
|
|move|p2a: Landorus|Earth Power|p1a: Hikaru
|-damage|p1a: Hikaru|0 fnt
|faint|p1a: Hikaru
|
|
|switch|p1a: Meiko|Clefable, F|243\/394
|turn|15
|c|★Based Godfish|it gets adapatability
|c|★Based Godfish|so it doesn't suck as much
|c|★Based Godfish|:]
|c| Sike2303|ik
|
|move|p2a: Landorus|Sludge Wave|p1a: Meiko
|-supereffective|p1a: Meiko
|-damage|p1a: Meiko|0 fnt
|faint|p1a: Meiko
|
|c|★louisxd|gg :]
|
|switch|p1a: Mori Buntarou|Dragalge, M|267\/305
|-damage|p1a: Mori Buntarou|229\/305|[from] Stealth Rock
|turn|16
|c|★Based Godfish|gg man
|c|★Based Godfish|:]
|
|move|p2a: Landorus|Earth Power|p1a: Mori Buntarou
|-supereffective|p1a: Mori Buntarou
|-damage|p1a: Mori Buntarou|0 fnt
|faint|p1a: Mori Buntarou
|
|win|Based Godfish
|leave|louisxd
|leave|aweonaoMoore
|player|p1
|leave|Based Godfish
|player|p2
|leave|Lilac Vaporeon
|leave|Sike2303
|leave|yung sensei
|leave|Maiora