|join|Louisxd
|join|Pyro's Apprentice
|player|p1|Louisxd|165
|player|p2|Pyro's Apprentice|25
|gametype|singles
|gen|6
|tier|OU
|rated
|clearpoke
|poke|p1|Slowbro, M
|poke|p1|Gliscor, M
|poke|p1|Clefable, F
|poke|p1|Latios, M
|poke|p1|Scizor, M
|poke|p1|Talonflame, M
|poke|p2|Scizor, F
|poke|p2|Lopunny, M
|poke|p2|Rotom-Wash
|poke|p2|Gothitelle, F
|poke|p2|Clefable, F
|poke|p2|Garchomp, F
|rule|Swagger Clause: Swagger is banned
|rule|Baton Pass Clause: Limit one Pokémon knowing Baton Pass
|rule|Sleep Clause Mod: Limit one foe put to sleep
|rule|Species Clause: Limit one of each Pokémon
|rule|OHKO Clause: OHKO moves are banned
|rule|Moody Clause: Moody is banned
|rule|Evasion Moves Clause: Evasion moves are banned
|rule|Endless Battle Clause: Forcing endless battles is banned
|rule|HP Percentage Mod: HP is shown in percentages
|teampreview
|
|start
|switch|p1a: Le old fairy|Clefable, F|394\/394
|switch|p2a: Gothitelle|Gothitelle, F|281\/281
|turn|1
|
|move|p2a: Gothitelle|Psyshock|p1a: Le old fairy
|-damage|p1a: Le old fairy|193\/394
|move|p1a: Le old fairy|Stealth Rock|p2a: Gothitelle
|-sidestart|p2: Pyro's Apprentice|move: Stealth Rock
|
|-heal|p1a: Le old fairy|217\/394|[from] item: Leftovers
|turn|2
|
|move|p2a: Gothitelle|Psyshock|p1a: Le old fairy
|-crit|p1a: Le old fairy
|-damage|p1a: Le old fairy|0 fnt
|faint|p1a: Le old fairy
|
|
|switch|p1a: Scizor|Scizor, M|289\/289
|turn|3
|
|switch|p2a: Rotom-Wash|Rotom-Wash|304\/304
|-damage|p2a: Rotom-Wash|266\/304|[from] Stealth Rock
|move|p1a: Scizor|Swords Dance|p1a: Scizor
|-boost|p1a: Scizor|atk|2
|
|turn|4
|
|move|p1a: Scizor|Bug Bite|p2a: Rotom-Wash
|-damage|p2a: Rotom-Wash|0 fnt
|-enditem|p2a: Rotom-Wash|Chesto Berry|[from] stealeat|[move] Bug Bite|[of] p1a: Scizor
|-damage|p1a: Scizor|261\/289|[from] item: Life Orb
|faint|p2a: Rotom-Wash
|
|
|switch|p2a: Garchomp|Garchomp, F|357\/357
|-damage|p2a: Garchomp|335\/357|[from] Stealth Rock
|turn|5
|
|switch|p1a: Latios|Latios, M|301\/301
|move|p2a: Garchomp|Fire Fang|p1a: Latios
|-resisted|p1a: Latios
|-damage|p1a: Latios|253\/301
|
|turn|6
|
|switch|p2a: Scizor|Scizor, F|344\/344
|-damage|p2a: Scizor|301\/344|[from] Stealth Rock
|move|p1a: Latios|Trick|p2a: Scizor
|-activate|p1a: Latios|move: Trick|[of] p2a: Scizor
|-item|p2a: Scizor|Choice Scarf|[from] move: Trick
|-item|p1a: Latios|Assault Vest|[from] move: Trick
|
|turn|7
|c|★Louisxd|hm
|c|★Louisxd|fak
|
|switch|p1a: Drug addicted|Gliscor, M|352\/352
|move|p2a: Scizor|U-turn|p1a: Drug addicted
|-resisted|p1a: Drug addicted
|-damage|p1a: Drug addicted|300\/352
|
|switch|p2a: Garchomp|Garchomp, F|335\/357
|-damage|p2a: Garchomp|313\/357|[from] Stealth Rock
|
|-status|p1a: Drug addicted|tox|[from] item: Toxic Orb
|turn|8
|
|move|p2a: Garchomp|Swords Dance|p2a: Garchomp
|-boost|p2a: Garchomp|atk|2
|move|p1a: Drug addicted|Taunt|p2a: Garchomp
|-start|p2a: Garchomp|move: Taunt
|
|-heal|p1a: Drug addicted|344\/352 tox|[from] ability: Poison Heal
|turn|9
|
|move|p2a: Garchomp|Dragon Claw|p1a: Drug addicted
|-damage|p1a: Drug addicted|125\/352 tox
|move|p1a: Drug addicted|Knock Off|p2a: Garchomp
|-damage|p2a: Garchomp|231\/357
|-damage|p1a: Drug addicted|81\/352 tox|[from] ability: Rough Skin|[of] p2a: Garchomp
|-enditem|p2a: Garchomp|Lum Berry|[from] move: Knock Off|[of] p1a: Drug addicted
|
|-heal|p1a: Drug addicted|125\/352 tox|[from] ability: Poison Heal
|turn|10
|
|switch|p1a: Scizor|Scizor, M|261\/289
|move|p2a: Garchomp|Dragon Claw|p1a: Scizor
|-resisted|p1a: Scizor
|-damage|p1a: Scizor|123\/289
|
|turn|11
|
|move|p1a: Scizor|Bullet Punch|p2a: Garchomp
|-damage|p2a: Garchomp|75\/357
|-damage|p1a: Scizor|87\/289|[from] ability: Rough Skin|[of] p2a: Garchomp
|-damage|p1a: Scizor|59\/289|[from] item: Life Orb
|move|p2a: Garchomp|Dragon Claw|p1a: Scizor
|-resisted|p1a: Scizor
|-damage|p1a: Scizor|0 fnt
|faint|p1a: Scizor
|
|-end|p2a: Garchomp|move: Taunt
|
|switch|p1a: Latios|Latios, M|253\/301
|turn|12
|
|switch|p2a: Clefable|Clefable, F|394\/394
|move|p1a: Latios|Psyshock|p2a: Clefable
|-crit|p2a: Clefable
|-damage|p2a: Clefable|150\/394
|
|-heal|p2a: Clefable|174\/394|[from] item: Leftovers
|turn|13
|
|switch|p1a: Drug addicted|Gliscor, M|125\/352 tox
|move|p2a: Clefable|Soft-Boiled|p2a: Clefable
|-heal|p2a: Clefable|371\/394
|
|-heal|p2a: Clefable|394\/394|[from] item: Leftovers
|-heal|p1a: Drug addicted|169\/352 tox|[from] ability: Poison Heal
|turn|14
|
|switch|p2a: Garchomp|Garchomp, F|75\/357
|-damage|p2a: Garchomp|53\/357|[from] Stealth Rock
|move|p1a: Drug addicted|Taunt|p2a: Garchomp
|-start|p2a: Garchomp|move: Taunt
|
|-heal|p1a: Drug addicted|213\/352 tox|[from] ability: Poison Heal
|turn|15
|
|move|p2a: Garchomp|Dragon Claw|p1a: Drug addicted
|-damage|p1a: Drug addicted|95\/352 tox
|move|p1a: Drug addicted|Earthquake|p2a: Garchomp
|-damage|p2a: Garchomp|0 fnt
|faint|p2a: Garchomp
|
|-heal|p1a: Drug addicted|139\/352 tox|[from] ability: Poison Heal
|
|switch|p2a: Lopunny|Lopunny, M|271\/271
|-damage|p2a: Lopunny|238\/271|[from] Stealth Rock
|turn|16
|
|switch|p1a: Retarded fella|Slowbro, M|394\/394
|detailschange|p2a: Lopunny|Lopunny-Mega, M
|message|Lopunny has Mega Evolved into Mega Lopunny!
|move|p2a: Lopunny|Fake Out|p1a: Retarded fella
|-damage|p1a: Retarded fella|345\/394
|
|turn|17
|
|switch|p2a: Gothitelle|Gothitelle, F|281\/281
|-damage|p2a: Gothitelle|246\/281|[from] Stealth Rock
|switch|p1a: Latios|Latios, M|253\/301
|
|turn|18
|
|switch|p2a: Scizor|Scizor, F|301\/344
|-damage|p2a: Scizor|258\/344|[from] Stealth Rock
|move|p1a: Latios|Draco Meteor|p2a: Scizor
|-resisted|p2a: Scizor
|-damage|p2a: Scizor|114\/344
|-unboost|p1a: Latios|spa|2
|
|turn|19
|
|move|p2a: Scizor|Pursuit|p1a: Latios|[from]Pursuit
|-supereffective|p1a: Latios
|-damage|p1a: Latios|0 fnt
|faint|p1a: Latios
|
|
|switch|p1a: Talonflame|Talonflame, M|319\/319
|turn|20
|
|move|p1a: Talonflame|Swords Dance|p1a: Talonflame
|-boost|p1a: Talonflame|atk|2
|move|p2a: Scizor|Pursuit|p1a: Talonflame
|-damage|p1a: Talonflame|222\/319
|
|turn|21
|
|move|p1a: Talonflame|Swords Dance|p1a: Talonflame
|-boost|p1a: Talonflame|atk|2
|move|p2a: Scizor|Pursuit|p1a: Talonflame
|-damage|p1a: Talonflame|109\/319
|
|turn|22
|
|move|p1a: Talonflame|Roost|p1a: Talonflame
|-heal|p1a: Talonflame|269\/319
|move|p2a: Scizor|Pursuit|p1a: Talonflame
|-damage|p1a: Talonflame|161\/319
|
|turn|23
|
|move|p1a: Talonflame|Roost|p1a: Talonflame
|-heal|p1a: Talonflame|319\/319
|move|p2a: Scizor|Pursuit|p1a: Talonflame
|-damage|p1a: Talonflame|219\/319
|
|turn|24
|
|move|p1a: Talonflame|Brave Bird|p2a: Scizor
|-damage|p2a: Scizor|0 fnt
|-damage|p1a: Talonflame|181\/319|[from] recoil|[of] p2a: Scizor
|faint|p2a: Scizor
|
|
|switch|p2a: Lopunny|Lopunny-Mega, M|238\/271
|-damage|p2a: Lopunny|222\/271|[from] Stealth Rock
|turn|25
|
|move|p2a: Lopunny|Fake Out|p1a: Talonflame
|-damage|p1a: Talonflame|82\/319
|cant|p1a: Talonflame|flinch
|
|turn|26
|
|switch|p2a: Gothitelle|Gothitelle, F|246\/281
|-damage|p2a: Gothitelle|211\/281|[from] Stealth Rock
|move|p1a: Talonflame|Roost|p1a: Talonflame
|-heal|p1a: Talonflame|242\/319
|
|turn|27
|
|switch|p2a: Clefable|Clefable, F|394\/394
|move|p1a: Talonflame|Brave Bird|p2a: Clefable
|-crit|p2a: Clefable
|-damage|p2a: Clefable|0 fnt
|-damage|p1a: Talonflame|112\/319|[from] recoil|[of] p2a: Clefable
|faint|p2a: Clefable
|
|
|switch|p2a: Lopunny|Lopunny-Mega, M|222\/271
|-damage|p2a: Lopunny|206\/271|[from] Stealth Rock
|turn|28
|
|move|p2a: Lopunny|Fake Out|p1a: Talonflame
|-damage|p1a: Talonflame|13\/319
|cant|p1a: Talonflame|flinch
|
|turn|29
|
|switch|p2a: Gothitelle|Gothitelle, F|211\/281
|-damage|p2a: Gothitelle|176\/281|[from] Stealth Rock
|move|p1a: Talonflame|Brave Bird|p2a: Gothitelle
|-crit|p2a: Gothitelle
|-damage|p2a: Gothitelle|0 fnt
|-damage|p1a: Talonflame|0 fnt|[from] recoil|[of] p2a: Gothitelle
|faint|p2a: Gothitelle
|faint|p1a: Talonflame
|
|c|★Louisxd|nah
|c|★Pyro's Apprentice|gg
|c|★Louisxd|you had a change w\/ goth
|c|★Louisxd|gg
|
|switch|p2a: Lopunny|Lopunny-Mega, M|206\/271
|switch|p1a: Retarded fella|Slowbro, M|394\/394
|-damage|p2a: Lopunny|190\/271|[from] Stealth Rock
|turn|30
|
|detailschange|p1a: Retarded fella|Slowbro-Mega, M
|message|Slowbro has Mega Evolved into Mega Slowbro!
|move|p2a: Lopunny|Return|p1a: Retarded fella
|-damage|p1a: Retarded fella|309\/394
|move|p1a: Retarded fella|Psyshock|p2a: Lopunny
|-crit|p2a: Lopunny
|-supereffective|p2a: Lopunny
|-damage|p2a: Lopunny|0 fnt
|faint|p2a: Lopunny
|
|win|Louisxd
|raw|Ladder updating...
|leave|Pyro's Apprentice
|player|p2
|raw|Louisxd's rating: 1398 &rarr; <strong>1420<\/strong><br \/>(+22 for winning)
|raw|Pyro&apos;s Apprentice's rating: 1437 &rarr; <strong>1415<\/strong><br \/>(-22 for losing)