|join|JohnxYiu
|join|louisxd
|player|p1|JohnxYiu|20
|player|p2|louisxd|101
|gametype|singles
|gen|6
|tier|OU
|clearpoke
|poke|p1|Gallade, M
|poke|p1|Bisharp, M
|poke|p1|Sylveon, M
|poke|p1|Heatran, M
|poke|p1|Rotom-Wash
|poke|p1|Landorus, M
|poke|p2|Slowbro, M
|poke|p2|Gliscor, M
|poke|p2|Clefable, F
|poke|p2|Latios, M
|poke|p2|Scizor, M
|poke|p2|Talonflame, M
|rule|Swagger Clause: Swagger is banned
|rule|Baton Pass Clause: Limit one Pokémon knowing Baton Pass
|rule|Sleep Clause Mod: Limit one foe put to sleep
|rule|Species Clause: Limit one of each Pokémon
|rule|OHKO Clause: OHKO moves are banned
|rule|Moody Clause: Moody is banned
|rule|Evasion Moves Clause: Evasion moves are banned
|rule|Endless Battle Clause: Forcing endless battles is banned
|rule|HP Percentage Mod: HP is shown in percentages
|teampreview
|join|Bloodz
|c| Bloodz|john got dis
|join|Mistaken
|c|★JohnxYiu|lol
|c| Bloodz|if I'm not mistaken ofc
|c|★JohnxYiu|im not really serious
|c| Bloodz|;~;
|c|★JohnxYiu|i was thinking of quitting the farm league
|c| Bloodz|its a nice train
|c| Bloodz|for OST
|c|★JohnxYiu|;_;
|c|★JohnxYiu|yes
|c|★JohnxYiu|this is my new team
|c|★JohnxYiu|just played 3 games
|c|★JohnxYiu|lol
|c|★JohnxYiu|just to have fun
|
|start
|switch|p1a: Sylveon|Sylveon, M|391\/391
|switch|p2a: Gliscor|Gliscor, M|352\/352
|turn|1
|
|move|p2a: Gliscor|Earthquake|p1a: Sylveon
|-damage|p1a: Sylveon|234\/391
|move|p1a: Sylveon|Hyper Voice|p2a: Gliscor
|-damage|p2a: Gliscor|81\/352
|
|-status|p2a: Gliscor|tox|[from] item: Toxic Orb
|turn|2
|join|Yuttt.annual
|
|switch|p2a: Scizor|Scizor, M|289\/289
|move|p1a: Sylveon|Hyper Voice|p2a: Scizor
|-resisted|p2a: Scizor
|-damage|p2a: Scizor|112\/289
|
|turn|3
|
|switch|p1a: Heatran|Heatran, M|385\/385
|move|p2a: Scizor|Superpower|p1a: Heatran
|-supereffective|p1a: Heatran
|-damage|p1a: Heatran|0 fnt
|-unboost|p2a: Scizor|atk|1
|-unboost|p2a: Scizor|def|1
|-damage|p2a: Scizor|84\/289|[from] item: Life Orb
|faint|p1a: Heatran
|
|c| Bloodz|nice switch in
|c| Bloodz|meant for sylveon
|c| Bloodz|e.e
|c|★JohnxYiu|:)
|c| Mistaken|rock polish and swee
|c| Mistaken|with grass knot
|
|switch|p1a: Sylveon|Sylveon, M|234\/391
|turn|4
|c|★JohnxYiu|shoot
|c|★JohnxYiu|misclick
|c|★JohnxYiu|lol
|join|SwaggBoi
|c| Bloodz|something is still getting nuked tho
|c|★JohnxYiu|haha
|
|switch|p1a: Rotom-Wash|Rotom-Wash|303\/303
|move|p2a: Scizor|Bullet Punch|p1a: Rotom-Wash
|-resisted|p1a: Rotom-Wash
|-damage|p1a: Rotom-Wash|287\/303
|-damage|p2a: Scizor|56\/289|[from] item: Life Orb
|
|-heal|p1a: Rotom-Wash|303\/303|[from] item: Leftovers
|turn|5
|c|★JohnxYiu|misclikc :(
|
|switch|p2a: Gliscor|Gliscor, M|81\/352 tox
|move|p1a: Rotom-Wash|Volt Switch|p2a: Gliscor
|-immune|p2a: Gliscor|[msg]
|
|-heal|p2a: Gliscor|125\/352 tox|[from] ability: Poison Heal
|turn|6
|
|switch|p2a: Clefable|Clefable, F|394\/394
|move|p1a: Rotom-Wash|Volt Switch|p2a: Clefable
|-damage|p2a: Clefable|322\/394
|
|switch|p1a: Bisharp|Bisharp, M|271\/271
|
|-heal|p2a: Clefable|346\/394|[from] item: Leftovers
|turn|7
|
|move|p1a: Bisharp|Iron Head|p2a: Clefable
|-supereffective|p2a: Clefable
|-damage|p2a: Clefable|0 fnt
|-damage|p1a: Bisharp|244\/271|[from] item: Life Orb
|faint|p2a: Clefable
|
|
|switch|p2a: Slowbro|Slowbro, M|394\/394
|turn|8
|join|i came from leddit
|
|detailschange|p2a: Slowbro|Slowbro-Mega, M
|-mega|p2a: Slowbro|Slowbro|Slowbronite
|move|p1a: Bisharp|Knock Off|p2a: Slowbro
|-supereffective|p2a: Slowbro
|-damage|p2a: Slowbro|246\/394
|-damage|p1a: Bisharp|217\/271|[from] item: Life Orb
|move|p2a: Slowbro|Scald|p1a: Bisharp
|-damage|p1a: Bisharp|63\/271
|
|turn|9
|leave|SwaggBoi
|
|move|p1a: Bisharp|Knock Off|p2a: Slowbro
|-supereffective|p2a: Slowbro
|-damage|p2a: Slowbro|103\/394
|-damage|p1a: Bisharp|36\/271|[from] item: Life Orb
|move|p2a: Slowbro|Slack Off|p2a: Slowbro
|-heal|p2a: Slowbro|300\/394
|
|turn|10
|
|move|p1a: Bisharp|Swords Dance|p1a: Bisharp
|-boost|p1a: Bisharp|atk|2
|move|p2a: Slowbro|Slack Off|p2a: Slowbro
|-heal|p2a: Slowbro|394\/394
|
|turn|11
|
|switch|p2a: Gliscor|Gliscor, M|125\/352 tox
|move|p1a: Bisharp|Sucker Punch|p2a: Gliscor
|-fail|p2a: Gliscor
|
|-heal|p2a: Gliscor|169\/352 tox|[from] ability: Poison Heal
|turn|12
|
|move|p2a: Gliscor|Roost|p2a: Gliscor
|-heal|p2a: Gliscor|345\/352 tox
|move|p1a: Bisharp|Knock Off|p2a: Gliscor
|-damage|p2a: Gliscor|0 fnt
|-enditem|p2a: Gliscor|Toxic Orb|[from] move: Knock Off|[of] p1a: Bisharp
|-damage|p1a: Bisharp|9\/271|[from] item: Life Orb
|faint|p2a: Gliscor
|
|
|switch|p2a: Talonflame|Talonflame, M|319\/319
|turn|13
|
|switch|p1a: Rotom-Wash|Rotom-Wash|303\/303
|move|p2a: Talonflame|Brave Bird|p1a: Rotom-Wash
|-resisted|p1a: Rotom-Wash
|-damage|p1a: Rotom-Wash|242\/303
|-damage|p2a: Talonflame|299\/319|[from] recoil|[of] p1a: Rotom-Wash
|
|-heal|p1a: Rotom-Wash|260\/303|[from] item: Leftovers
|turn|14
|join|thepowerlurker
|leave|thepowerlurker
|
|switch|p2a: Jet|Latios, M|301\/301
|move|p1a: Rotom-Wash|Volt Switch|p2a: Jet
|-crit|p2a: Jet
|-resisted|p2a: Jet
|-damage|p2a: Jet|238\/301
|
|switch|p1a: Sylveon|Sylveon, M|234\/391
|
|turn|15
|join|Squirrelll
|
|move|p2a: Jet|Psyshock|p1a: Sylveon
|-crit|p1a: Sylveon
|-damage|p1a: Sylveon|0 fnt
|faint|p1a: Sylveon
|
|c|★JohnxYiu|nooooo
|c| Bloodz|dont think it matered
|c|★louisxd|sorry
|c| Bloodz|oh wait he isnt LO
|
|switch|p1a: Landorus|Landorus, M|319\/319
|turn|16
|c|★JohnxYiu|it mattered
|join|CleanerThanRotom-W
|c| Yuttt.annual|spex
|
|move|p2a: Jet|Psyshock|p1a: Landorus
|-damage|p1a: Landorus|159\/319
|move|p1a: Landorus|U-turn|p2a: Jet
|-supereffective|p2a: Jet
|-damage|p2a: Jet|68\/301
|
|switch|p1a: Gallade|Gallade, M|277\/277
|
|turn|17
|c| Yuttt.annual|i literally
|c| Yuttt.annual|have no clue
|c| Yuttt.annual|what you are doing
|c|★JohnxYiu|im not taking it serious man
|c| Mistaken|yuttt he has protec
|
|switch|p2a: Slowbro|Slowbro-Mega, M|394\/394
|switch|p1a: Bisharp|Bisharp, M|9\/271
|
|turn|18
|leave|CleanerThanRotom-W
|
|move|p1a: Bisharp|Sucker Punch|p2a: Slowbro
|-supereffective|p2a: Slowbro
|-damage|p2a: Slowbro|196\/394
|-damage|p1a: Bisharp|0 fnt|[from] item: Life Orb
|faint|p1a: Bisharp
|move|p2a: Slowbro|Scald|p1: Bisharp|[notarget]
|-notarget
|
|
|switch|p1a: Gallade|Gallade, M|277\/277
|turn|19
|leave|i came from leddit
|c|★JohnxYiu|252 SpA Latios Psyshock vs. 244 HP \/ 0 Def Sylveon: 186-220 (47.4 - 56.1%) -- 82.4% chance to 2HKO
|c|★JohnxYiu|i should've lived
|c| Bloodz|y thought he was LO
|c|★JohnxYiu|and i need that to beat slowbro
|c| Mistaken|he is modest
|c|★JohnxYiu|he wasnt
|c|★JohnxYiu|ok
|c|★JohnxYiu|hahaha
|c| Bloodz|he knew ur spread
|c| Bloodz|didnt matter
|c|★JohnxYiu|hehe
|c| Mistaken|John he had soul dew
|
|detailschange|p1a: Gallade|Gallade-Mega, M
|-mega|p1a: Gallade|Gallade|Galladite
|move|p1a: Gallade|Swords Dance|p1a: Gallade
|-boost|p1a: Gallade|atk|2
|move|p2a: Slowbro|Slack Off|p2a: Slowbro
|-heal|p2a: Slowbro|393\/394
|
|turn|20
|c|★JohnxYiu|nice
|
|move|p1a: Gallade|Swords Dance|p1a: Gallade
|-boost|p1a: Gallade|atk|2
|move|p2a: Slowbro|Scald|p1a: Gallade
|-damage|p1a: Gallade|178\/277
|
|turn|21
|c| Mistaken|inb4 iron defense
|c| Bloodz|Knock Off will do like 10%
|c| Bloodz|fuck this bulky ass shit
|c| Mistaken|thunder punch
|
|move|p1a: Gallade|Knock Off|p2a: Slowbro
|-supereffective|p2a: Slowbro
|-damage|p2a: Slowbro|141\/394
|move|p2a: Slowbro|Scald|p1a: Gallade
|-damage|p1a: Gallade|72\/277
|
|turn|22
|c|★JohnxYiu|just dont burn
|c|★JohnxYiu|:)
|c| Bloodz|o.o
|c| Bloodz|aye
|c| Bloodz|dont you lose to lati
|c| Bloodz|tho
|
|move|p1a: Gallade|Knock Off|p2a: Slowbro
|-supereffective|p2a: Slowbro
|-damage|p2a: Slowbro|0 fnt
|faint|p2a: Slowbro
|
|c| Mistaken|why would u not sack scizor
|c|★JohnxYiu|ha
|
|switch|p2a: Jet|Latios, M|68\/301
|turn|23
|c| Mistaken|i just realized this is a tele team
|c|★JohnxYiu|really?
|c|★louisxd|no its no
|
|move|p2a: Jet|Psyshock|p1a: Gallade
|-damage|p1a: Gallade|0 fnt
|faint|p1a: Gallade
|
|c| Mistaken|well it looks like a tele team
|c| Bloodz|tele uses slowbro chansey and zor
|c| Bloodz|in msot of his teams
|c| Mistaken|he doesn't use chansey
|c| Bloodz|needs more keldeo tho mistaken
|c| Mistaken|yeah
|c|★louisxd|lel
|
|switch|p1a: Landorus|Landorus, M|159\/319
|turn|24
|
|switch|p2a: Talonflame|Talonflame, M|299\/319
|move|p1a: Landorus|U-turn|p2a: Talonflame
|-resisted|p2a: Talonflame
|-damage|p2a: Talonflame|277\/319
|
|switch|p1a: Rotom-Wash|Rotom-Wash|260\/303
|
|-heal|p1a: Rotom-Wash|278\/303|[from] item: Leftovers
|turn|25
|
|switch|p2a: Scizor|Scizor, M|56\/289
|move|p1a: Rotom-Wash|Volt Switch|p2a: Scizor
|-damage|p2a: Scizor|0 fnt
|faint|p2a: Scizor
|
|switch|p1a: Landorus|Landorus, M|159\/319
|
|
|switch|p2a: Jet|Latios, M|68\/301
|turn|26
|c| Bloodz|miss
|c| Bloodz|imo
|c|★louisxd|would be just fair
|c|★JohnxYiu|will miss
|c| Bloodz|actually
|c| Bloodz|rotom might win
|
|move|p2a: Jet|Draco Meteor|p1a: Landorus
|-crit|p1a: Landorus
|-damage|p1a: Landorus|0 fnt
|-unboost|p2a: Jet|spa|2
|faint|p1a: Landorus
|
|c| Mistaken|Go for surf
|
|switch|p1a: Rotom-Wash|Rotom-Wash|278\/303
|turn|27
|c|★JohnxYiu|im not winning
|c|★JohnxYiu|lol
|
|switch|p2a: Talonflame|Talonflame, M|277\/319
|move|p1a: Rotom-Wash|Hydro Pump|p2a: Talonflame
|-supereffective|p2a: Talonflame
|-damage|p2a: Talonflame|0 fnt
|faint|p2a: Talonflame
|
|-heal|p1a: Rotom-Wash|296\/303|[from] item: Leftovers
|
|switch|p2a: Jet|Latios, M|68\/301
|turn|28
|join|westernICE
|join|troller67890
|c| Mistaken|miss 2 dracos
|c| troller67890|2 shit players
|c| Mistaken|ez
|c|★JohnxYiu|this man has come
|c|★JohnxYiu|LOL
|c|★JohnxYiu|hahahaha
|c| troller67890|stfu johnxyiu
|leave|Bloodz
|c|★JohnxYiu|xd
|
|move|p2a: Jet|Draco Meteor|p1a: Rotom-Wash
|-damage|p1a: Rotom-Wash|74\/303
|-unboost|p2a: Jet|spa|2
|move|p1a: Rotom-Wash|Volt Switch|p2a: Jet
|-resisted|p2a: Jet
|-damage|p2a: Jet|29\/301
|
|-heal|p1a: Rotom-Wash|92\/303|[from] item: Leftovers
|turn|29
|c| troller67890|dont miss
|c|★JohnxYiu|:)
|
|move|p2a: Jet|Draco Meteor|p1a: Rotom-Wash
|-damage|p1a: Rotom-Wash|0 fnt
|-unboost|p2a: Jet|spa|2
|faint|p1a: Rotom-Wash
|
|win|louisxd
|c|★JohnxYiu|gg
|c| troller67890|bb noob
|leave|JohnxYiu
|c|★louisxd|gg sorry for the crit
|c| troller67890|noob shit mod
|player|p1
|leave|westernICE
|c| troller67890|no need for apologies
|leave|Mistaken
|leave|troller67890
|leave|Yuttt.annual
|join|JohnxYiu