|join|Savage Alby
|join|pain in my neck
|player|p1|Savage Alby|44
|player|p2|pain in my neck|2
|gametype|singles
|gen|6
|tier|OU
|rated
|clearpoke
|poke|p1|Scizor, M
|poke|p1|Thundurus, M
|poke|p1|Bisharp, F, shiny
|poke|p1|Keldeo
|poke|p1|Dragonite, F
|poke|p1|Mamoswine, F
|poke|p2|Keldeo-Resolute
|poke|p2|Latias, F
|poke|p2|Garchomp, M
|poke|p2|Ferrothorn, M
|poke|p2|Tyranitar, F
|poke|p2|Clefable, F
|rule|Swagger Clause: Swagger is banned
|rule|Baton Pass Clause: Limit one Pokémon knowing Baton Pass
|rule|Sleep Clause Mod: Limit one foe put to sleep
|rule|Species Clause: Limit one of each Pokémon
|rule|OHKO Clause: OHKO moves are banned
|rule|Moody Clause: Moody is banned
|rule|Evasion Moves Clause: Evasion moves are banned
|rule|Endless Battle Clause: Forcing endless battles is banned
|rule|HP Percentage Mod: HP is shown in percentages
|teampreview
|
|start
|switch|p1a: Thundurus|Thundurus, M|299\/299
|switch|p2a: Keldeo-Resolute|Keldeo-Resolute|323\/323
|turn|1
|
|switch|p2a: Tyranitar|Tyranitar, F|341\/341
|-weather|Sandstorm
|move|p1a: Thundurus|Thunder Wave|p2a: Tyranitar
|-status|p2a: Tyranitar|par
|
|-weather|Sandstorm|[upkeep]
|-damage|p1a: Thundurus|281\/299|[from] sandstorm
|-heal|p1a: Thundurus|299\/299|[from] item: Leftovers
|turn|2
|
|switch|p1a: Mamoswine|Mamoswine, F|361\/361
|cant|p2a: Tyranitar|par
|
|-weather|Sandstorm|[upkeep]
|turn|3
|
|move|p1a: Mamoswine|Earthquake|p2a: Tyranitar
|-crit|p2a: Tyranitar
|-supereffective|p2a: Tyranitar
|-damage|p2a: Tyranitar|0 fnt
|-damage|p1a: Mamoswine|325\/361|[from] item: Life Orb
|faint|p2a: Tyranitar
|
|-weather|Sandstorm|[upkeep]
|
|switch|p2a: Keldeo-Resolute|Keldeo-Resolute|323\/323
|turn|4
|
|switch|p1a: Dragonite|Dragonite, F|323\/323
|move|p2a: Keldeo-Resolute|Scald|p1a: Dragonite
|-resisted|p1a: Dragonite
|-damage|p1a: Dragonite|238\/323
|-status|p1a: Dragonite|brn
|
|-weather|Sandstorm|[upkeep]
|-damage|p2a: Keldeo-Resolute|303\/323|[from] sandstorm
|-damage|p1a: Dragonite|218\/323 brn|[from] sandstorm
|-heal|p2a: Keldeo-Resolute|323\/323|[from] item: Leftovers
|-damage|p1a: Dragonite|178\/323 brn|[from] brn
|turn|5
|
|switch|p2a: Garchomp|Garchomp, M|420\/420
|move|p1a: Dragonite|Flamethrower|p2a: Garchomp
|-resisted|p2a: Garchomp
|-damage|p2a: Garchomp|350\/420
|-damage|p1a: Dragonite|146\/323 brn|[from] item: Life Orb
|
|-weather|none
|-damage|p1a: Dragonite|106\/323 brn|[from] brn
|turn|6
|
|move|p2a: Garchomp|Stealth Rock|p1a: Dragonite
|-sidestart|p1: Savage Alby|move: Stealth Rock
|move|p1a: Dragonite|Draco Meteor|p2a: Garchomp
|-supereffective|p2a: Garchomp
|-damage|p2a: Garchomp|0 fnt
|-unboost|p1a: Dragonite|spa|2
|-damage|p1a: Dragonite|74\/323 brn|[from] item: Life Orb
|faint|p2a: Garchomp
|
|-damage|p1a: Dragonite|34\/323 brn|[from] brn
|
|switch|p2a: Latias|Latias, F|363\/363
|turn|7
|
|detailschange|p2a: Latias|Latias-Mega, F
|message|Latias has Mega Evolved into Mega Latias!
|move|p2a: Latias|Stored Power|p1a: Dragonite
|-damage|p1a: Dragonite|0 fnt
|faint|p1a: Dragonite
|
|
|switch|p1a: Mamoswine|Mamoswine, F|325\/361
|-damage|p1a: Mamoswine|280\/361|[from] Stealth Rock
|turn|8
|
|switch|p2a: Keldeo-Resolute|Keldeo-Resolute|323\/323
|move|p1a: Mamoswine|Stealth Rock|p2a: Keldeo-Resolute
|-sidestart|p2: pain in my neck|move: Stealth Rock
|
|turn|9
|
|move|p2a: Keldeo-Resolute|Secret Sword|p1a: Mamoswine
|-crit|p1a: Mamoswine
|-supereffective|p1a: Mamoswine
|-damage|p1a: Mamoswine|0 fnt
|faint|p1a: Mamoswine
|
|
|switch|p1a: Thundurus|Thundurus, M|299\/299
|-damage|p1a: Thundurus|225\/299|[from] Stealth Rock
|turn|10
|
|switch|p2a: Ferrothorn|Ferrothorn, M|352\/352
|-damage|p2a: Ferrothorn|330\/352|[from] Stealth Rock
|move|p1a: Thundurus|Thunder Wave|p2a: Ferrothorn
|-status|p2a: Ferrothorn|par
|
|-heal|p1a: Thundurus|243\/299|[from] item: Leftovers
|turn|11
|
|switch|p1a: Bisharp|Bisharp, F, shiny|271\/271
|-damage|p1a: Bisharp|255\/271|[from] Stealth Rock
|cant|p2a: Ferrothorn|par
|
|turn|12
|
|move|p1a: Bisharp|Knock Off|p2a: Ferrothorn
|-damage|p2a: Ferrothorn|204\/352 par
|-damage|p1a: Bisharp|222\/271|[from] ability: Iron Barbs|[of] p2a: Ferrothorn
|-damage|p1a: Bisharp|177\/271|[from] item: Rocky Helmet|[of] p2a: Ferrothorn
|-enditem|p2a: Ferrothorn|Rocky Helmet|[from] move: Knock Off|[of] p1a: Bisharp
|move|p2a: Ferrothorn|Leech Seed|p1a: Bisharp
|-start|p1a: Bisharp|move: Leech Seed
|
|-damage|p1a: Bisharp|144\/271|[from] Leech Seed|[of] p2a: Ferrothorn
|-heal|p2a: Ferrothorn|237\/352 par|[silent]
|turn|13
|
|switch|p1a: Scizor|Scizor, M|307\/307
|-damage|p1a: Scizor|269\/307|[from] Stealth Rock
|move|p2a: Ferrothorn|Spikes|p1a: Scizor
|-sidestart|p1: Savage Alby|Spikes
|
|turn|14
|
|detailschange|p1a: Scizor|Scizor-Mega, M
|message|Scizor has Mega Evolved into Mega Scizor!
|move|p1a: Scizor|Superpower|p2a: Ferrothorn
|-supereffective|p2a: Ferrothorn
|-damage|p2a: Ferrothorn|0 fnt
|-damage|p1a: Scizor|231\/307|[from] ability: Iron Barbs|[of] p2a: Ferrothorn
|-unboost|p1a: Scizor|atk|1
|-unboost|p1a: Scizor|def|1
|faint|p2a: Ferrothorn
|
|
|switch|p2a: Clefable|Clefable, F|394\/394
|turn|15
|
|switch|p1a: Keldeo|Keldeo|323\/323
|-damage|p1a: Keldeo|303\/323|[from] Stealth Rock
|-damage|p1a: Keldeo|263\/323|[from] Spikes
|move|p2a: Clefable|Flamethrower|p1a: Keldeo
|-resisted|p1a: Keldeo
|-damage|p1a: Keldeo|229\/323
|
|turn|16
|
|move|p1a: Keldeo|Substitute|p1a: Keldeo
|-start|p1a: Keldeo|Substitute
|-damage|p1a: Keldeo|149\/323
|move|p2a: Clefable|Soft-Boiled|p2a: Clefable
|-fail|p2a: Clefable
|
|turn|17
|
|move|p1a: Keldeo|Scald|p2a: Clefable
|-damage|p2a: Clefable|250\/394
|move|p2a: Clefable|Moonblast|p1a: Keldeo
|-supereffective|p1a: Keldeo
|-end|p1a: Keldeo|Substitute
|
|-heal|p2a: Clefable|274\/394|[from] item: Leftovers
|turn|18
|
|move|p1a: Keldeo|Substitute|p1a: Keldeo
|-start|p1a: Keldeo|Substitute
|-damage|p1a: Keldeo|69\/323
|-enditem|p1a: Keldeo|Salac Berry|[eat]
|-boost|p1a: Keldeo|spe|1|[from] item: Salac Berry
|move|p2a: Clefable|Soft-Boiled|p2a: Clefable
|-heal|p2a: Clefable|394\/394
|
|turn|19
|
|move|p1a: Keldeo|Endeavor|p2a: Clefable
|-damage|p2a: Clefable|69\/394
|move|p2a: Clefable|Moonblast|p1a: Keldeo
|-supereffective|p1a: Keldeo
|-end|p1a: Keldeo|Substitute
|
|-heal|p2a: Clefable|93\/394|[from] item: Leftovers
|turn|20
|
|move|p1a: Keldeo|Scald|p2a: Clefable
|-damage|p2a: Clefable|0 fnt
|faint|p2a: Clefable
|
|
|switch|p2a: Latias|Latias-Mega, F|363\/363
|-damage|p2a: Latias|318\/363|[from] Stealth Rock
|turn|21
|
|move|p1a: Keldeo|Endeavor|p2a: Latias
|-damage|p2a: Latias|69\/363
|move|p2a: Latias|Stored Power|p1a: Keldeo
|-supereffective|p1a: Keldeo
|-damage|p1a: Keldeo|0 fnt
|faint|p1a: Keldeo
|
|
|switch|p1a: Thundurus|Thundurus, M|243\/299
|-damage|p1a: Thundurus|169\/299|[from] Stealth Rock
|turn|22
|
|move|p1a: Thundurus|Hidden Power|p2a: Latias
|-supereffective|p2a: Latias
|-damage|p2a: Latias|0 fnt
|faint|p2a: Latias
|
|-heal|p1a: Thundurus|187\/299|[from] item: Leftovers
|
|switch|p2a: Keldeo-Resolute|Keldeo-Resolute|323\/323
|-damage|p2a: Keldeo-Resolute|303\/323|[from] Stealth Rock
|turn|23
|
|move|p1a: Thundurus|Thunderbolt|p2a: Keldeo-Resolute
|-supereffective|p2a: Keldeo-Resolute
|-damage|p2a: Keldeo-Resolute|0 fnt
|faint|p2a: Keldeo-Resolute
|
|win|Savage Alby
|raw|Ladder updating...
|raw|Savage Alby's rating: 1762 &rarr; <strong>1778<\/strong><br \/>(+16 for winning)
|raw|pain in my neck's rating: 1692 &rarr; <strong>1676<\/strong><br \/>(-16 for losing)
|leave|pain in my neck
|player|p2