|join|Adamantx
|join|Savage Alby
|player|p1|Adamantx|283
|player|p2|Savage Alby|44
|gametype|singles
|gen|6
|tier|OU
|rated
|clearpoke
|poke|p1|Alakazam, F
|poke|p1|Terrakion
|poke|p1|Rotom-Wash
|poke|p1|Landorus-Therian, M
|poke|p1|Scizor, M
|poke|p1|Sylveon, M
|poke|p2|Scizor, M
|poke|p2|Thundurus, M
|poke|p2|Bisharp, F, shiny
|poke|p2|Keldeo
|poke|p2|Dragonite, F
|poke|p2|Mamoswine, F
|rule|Swagger Clause: Swagger is banned
|rule|Baton Pass Clause: Limit one Pokémon knowing Baton Pass
|rule|Sleep Clause Mod: Limit one foe put to sleep
|rule|Species Clause: Limit one of each Pokémon
|rule|OHKO Clause: OHKO moves are banned
|rule|Moody Clause: Moody is banned
|rule|Evasion Moves Clause: Evasion moves are banned
|rule|Endless Battle Clause: Forcing endless battles is banned
|rule|HP Percentage Mod: HP is shown in percentages
|teampreview
|
|start
|switch|p1a: Scizor|Scizor, M|291\/291
|switch|p2a: Bisharp|Bisharp, F, shiny|271\/271
|turn|1
|
|switch|p2a: Keldeo|Keldeo|323\/323
|move|p1a: Scizor|Superpower|p2a: Keldeo
|-damage|p2a: Keldeo|105\/323
|-unboost|p1a: Scizor|atk|1
|-unboost|p1a: Scizor|def|1
|-damage|p1a: Scizor|262\/291|[from] item: Life Orb
|
|turn|2
|
|switch|p1a: Sylveon|Sylveon, M|372\/372
|move|p2a: Keldeo|Endeavor|p1a: Sylveon
|-damage|p1a: Sylveon|105\/372
|
|turn|3
|
|move|p2a: Keldeo|Scald|p1a: Sylveon
|-damage|p1a: Sylveon|0 fnt
|faint|p1a: Sylveon
|
|
|switch|p1a: Alakazam|Alakazam, F|252\/252
|turn|4
|
|switch|p2a: Thundurus|Thundurus, M|299\/299
|detailschange|p1a: Alakazam|Alakazam-Mega, F
|message|Alakazam has Mega Evolved into Mega Alakazam!
|-ability|p1a: Alakazam|Prankster|[from] ability: Trace|[of] p2a: Thundurus
|move|p1a: Alakazam|Focus Blast|p2a: Thundurus
|-resisted|p2a: Thundurus
|-damage|p2a: Thundurus|193\/299
|
|-heal|p2a: Thundurus|211\/299|[from] item: Leftovers
|turn|5
|
|switch|p1a: Rotom-Wash|Rotom-Wash|304\/304
|move|p2a: Thundurus|Substitute|p2a: Thundurus
|-start|p2a: Thundurus|Substitute
|-damage|p2a: Thundurus|137\/299
|
|-heal|p2a: Thundurus|155\/299|[from] item: Leftovers
|turn|6
|
|move|p2a: Thundurus|Thunderbolt|p1a: Rotom-Wash
|-damage|p1a: Rotom-Wash|150\/304
|move|p1a: Rotom-Wash|Volt Switch|p2a: Thundurus
|-end|p2a: Thundurus|Substitute
|
|switch|p1a: Landorus-Therian|Landorus-Therian, M|319\/319
|-ability|p1a: Landorus-Therian|Intimidate|[of] p2a: Thundurus
|-unboost|p2a: Thundurus|atk|1
|
|-heal|p2a: Thundurus|173\/299|[from] item: Leftovers
|turn|7
|
|move|p2a: Thundurus|Substitute|p2a: Thundurus
|-start|p2a: Thundurus|Substitute
|-damage|p2a: Thundurus|99\/299
|move|p1a: Landorus-Therian|Stone Edge|p2a: Thundurus
|-supereffective|p2a: Thundurus
|-end|p2a: Thundurus|Substitute
|
|-heal|p2a: Thundurus|117\/299|[from] item: Leftovers
|turn|8
|
|move|p2a: Thundurus|Substitute|p2a: Thundurus
|-start|p2a: Thundurus|Substitute
|-damage|p2a: Thundurus|43\/299
|move|p1a: Landorus-Therian|Stone Edge|p2a: Thundurus|[miss]
|-miss|p1a: Landorus-Therian|p2a: Thundurus
|
|-heal|p2a: Thundurus|61\/299|[from] item: Leftovers
|turn|9
|
|move|p1a: Landorus-Therian|Stone Edge|p2a: Thundurus
|-supereffective|p2a: Thundurus
|-end|p2a: Thundurus|Substitute
|move|p2a: Thundurus|Hidden Power|p1a: Landorus-Therian
|-supereffective|p1a: Landorus-Therian
|-damage|p1a: Landorus-Therian|0 fnt
|faint|p1a: Landorus-Therian
|
|-heal|p2a: Thundurus|79\/299|[from] item: Leftovers
|
|switch|p1a: Terrakion|Terrakion|323\/323
|turn|10
|
|move|p2a: Thundurus|Substitute|p2a: Thundurus
|-start|p2a: Thundurus|Substitute
|-damage|p2a: Thundurus|5\/299
|move|p1a: Terrakion|Stone Edge|p2a: Thundurus
|-supereffective|p2a: Thundurus
|-end|p2a: Thundurus|Substitute
|
|-heal|p2a: Thundurus|23\/299|[from] item: Leftovers
|turn|11
|
|move|p2a: Thundurus|Thunder Wave|p1a: Terrakion
|-status|p1a: Terrakion|par
|-enditem|p1a: Terrakion|Lum Berry|[eat]
|-curestatus|p1a: Terrakion|par
|move|p1a: Terrakion|Close Combat|p2a: Thundurus
|-resisted|p2a: Thundurus
|-damage|p2a: Thundurus|0 fnt
|-unboost|p1a: Terrakion|def|1
|-unboost|p1a: Terrakion|spd|1
|faint|p2a: Thundurus
|
|
|switch|p2a: Scizor|Scizor, M|307\/307
|turn|12
|
|switch|p1a: Scizor|Scizor, M|262\/291
|detailschange|p2a: Scizor|Scizor-Mega, M
|message|Scizor has Mega Evolved into Mega Scizor!
|move|p2a: Scizor|Swords Dance|p2a: Scizor
|-boost|p2a: Scizor|atk|2
|
|turn|13
|
|move|p2a: Scizor|Superpower|p1a: Scizor
|-damage|p1a: Scizor|0 fnt
|-unboost|p2a: Scizor|atk|1
|-unboost|p2a: Scizor|def|1
|faint|p1a: Scizor
|
|
|switch|p1a: Rotom-Wash|Rotom-Wash|150\/304
|turn|14
|
|move|p2a: Scizor|Bug Bite|p1a: Rotom-Wash
|-damage|p1a: Rotom-Wash|0 fnt
|-enditem|p1a: Rotom-Wash|Chesto Berry|[from] stealeat|[move] Bug Bite|[of] p2a: Scizor
|faint|p1a: Rotom-Wash
|
|-message|Adamantx forfeited.
|
|win|Savage Alby
|raw|Ladder updating...
|leave|Adamantx
|player|p1
|raw|Adamantx's rating: 1658 &rarr; <strong>1638<\/strong><br \/>(-20 for losing)
|raw|Savage Alby's rating: 1642 &rarr; <strong>1663<\/strong><br \/>(+21 for winning)