|join|presidentstyle
|join|Savage Alby
|player|p1|presidentstyle|238
|player|p2|Savage Alby|44
|gametype|singles
|gen|6
|tier|OU
|rated
|clearpoke
|poke|p1|Chansey, F
|poke|p1|Skarmory, M
|poke|p1|Medicham, M
|poke|p1|Garchomp, M
|poke|p1|Galvantula, F
|poke|p1|Greninja, M
|poke|p2|Sableye, F
|poke|p2|Rotom-Wash
|poke|p2|Landorus, M
|poke|p2|Latios, M
|poke|p2|Jirachi
|poke|p2|Bisharp, F, shiny
|rule|Swagger Clause: Swagger is banned
|rule|Baton Pass Clause: Limit one Pokémon knowing Baton Pass
|rule|Sleep Clause Mod: Limit one foe put to sleep
|rule|Species Clause: Limit one of each Pokémon
|rule|OHKO Clause: OHKO moves are banned
|rule|Moody Clause: Moody is banned
|rule|Evasion Moves Clause: Evasion moves are banned
|rule|Endless Battle Clause: Forcing endless battles is banned
|rule|HP Percentage Mod: HP is shown in percentages
|teampreview
|
|start
|switch|p1a: Ungoliant|Galvantula, F|282\/282
|switch|p2a: Sableye|Sableye, F|304\/304
|turn|1
|
|detailschange|p2a: Sableye|Sableye-Mega, F
|message|Sableye has Mega Evolved into Mega Sableye!
|move|p2a: Sableye|Will-O-Wisp|p1a: Ungoliant
|-status|p1a: Ungoliant|brn
|move|p1a: Ungoliant|Thunder|p2a: Sableye
|-damage|p2a: Sableye|177\/304
|
|-damage|p1a: Ungoliant|247\/282 brn|[from] brn
|turn|2
|
|move|p1a: Ungoliant|Thunder|p2a: Sableye
|-damage|p2a: Sableye|45\/304
|-status|p2a: Sableye|par
|move|p2a: Sableye|Recover|p2a: Sableye
|-heal|p2a: Sableye|197\/304 par
|
|-damage|p1a: Ungoliant|212\/282 brn|[from] brn
|turn|3
|
|switch|p2a: Latios|Latios, M|302\/302
|move|p1a: Ungoliant|Bug Buzz|p2a: Latios
|-supereffective|p2a: Latios
|-damage|p2a: Latios|60\/302
|-unboost|p2a: Latios|spd|1
|
|-damage|p1a: Ungoliant|177\/282 brn|[from] brn
|turn|4
|
|switch|p1a: Comandu'|Chansey, F|704\/704
|move|p2a: Latios|Trick|p1a: Comandu'
|-activate|p2a: Latios|move: Trick|[of] p1a: Comandu'
|-item|p1a: Comandu'|Choice Scarf|[from] move: Trick
|-item|p2a: Latios|Eviolite|[from] move: Trick
|
|turn|5
|
|switch|p2a: Jirachi|Jirachi|403\/403
|move|p1a: Comandu'|Seismic Toss|p2a: Jirachi
|-damage|p2a: Jirachi|303\/403
|
|-heal|p2a: Jirachi|328\/403|[from] item: Leftovers
|turn|6
|
|switch|p1a: Roc|Skarmory, M|334\/334
|move|p2a: Jirachi|Stealth Rock|p1a: Roc
|-sidestart|p1: presidentstyle|move: Stealth Rock
|
|-heal|p2a: Jirachi|353\/403|[from] item: Leftovers
|turn|7
|
|switch|p2a: Bisharp|Bisharp, F, shiny|271\/271
|move|p1a: Roc|Stealth Rock|p2a: Bisharp
|-sidestart|p2: Savage Alby|move: Stealth Rock
|
|turn|8
|
|move|p2a: Bisharp|Taunt|p1a: Roc
|-start|p1a: Roc|move: Taunt
|cant|p1a: Roc|move: Taunt|Whirlwind
|
|turn|9
|
|switch|p1a: Comandu'|Chansey, F|704\/704
|-damage|p1a: Comandu'|616\/704|[from] Stealth Rock
|move|p2a: Bisharp|Knock Off|p1a: Comandu'
|-damage|p1a: Comandu'|286\/704
|-enditem|p1a: Comandu'|Choice Scarf|[from] move: Knock Off|[of] p2a: Bisharp
|
|turn|10
|
|move|p2a: Bisharp|Iron Head|p1a: Comandu'
|-damage|p1a: Comandu'|0 fnt
|faint|p1a: Comandu'
|
|
|switch|p1a: Ares|Medicham, M|262\/262
|-damage|p1a: Ares|246\/262|[from] Stealth Rock
|turn|11
|
|switch|p2a: Sableye|Sableye-Mega, F|197\/304 par
|-damage|p2a: Sableye|159\/304 par|[from] Stealth Rock
|detailschange|p1a: Ares|Medicham-Mega, M
|message|Medicham has Mega Evolved into Mega Medicham!
|move|p1a: Ares|Drain Punch|p2a: Sableye
|-immune|p2a: Sableye|[msg]
|
|turn|12
|
|move|p1a: Ares|Ice Punch|p2a: Sableye
|-damage|p2a: Sableye|68\/304 par
|move|p2a: Sableye|Recover|p2a: Sableye
|-heal|p2a: Sableye|220\/304 par
|
|turn|13
|
|switch|p1a: Ungoliant|Galvantula, F|177\/282 brn
|-damage|p1a: Ungoliant|107\/282 brn|[from] Stealth Rock
|cant|p2a: Sableye|par
|
|-damage|p1a: Ungoliant|72\/282 brn|[from] brn
|turn|14
|
|move|p1a: Ungoliant|Thunder|p2a: Sableye|[miss]
|-miss|p1a: Ungoliant|p2a: Sableye
|move|p2a: Sableye|Recover|p2a: Sableye
|-heal|p2a: Sableye|304\/304 par
|
|-damage|p1a: Ungoliant|37\/282 brn|[from] brn
|turn|15
|
|move|p1a: Ungoliant|Hidden Power|p2a: Sableye
|-damage|p2a: Sableye|257\/304 par
|move|p2a: Sableye|Recover|p2a: Sableye
|-heal|p2a: Sableye|304\/304 par
|
|-damage|p1a: Ungoliant|2\/282 brn|[from] brn
|turn|16
|
|move|p1a: Ungoliant|Bug Buzz|p2a: Sableye
|-crit|p2a: Sableye
|-damage|p2a: Sableye|147\/304 par
|-unboost|p2a: Sableye|spd|1
|cant|p2a: Sableye|par
|
|-damage|p1a: Ungoliant|0 fnt|[from] brn
|faint|p1a: Ungoliant
|
|switch|p1a: Suijin|Greninja, M|286\/286
|-damage|p1a: Suijin|251\/286|[from] Stealth Rock
|turn|17
|
|switch|p2a: Rotom-Wash|Rotom-Wash|303\/303
|-damage|p2a: Rotom-Wash|266\/303|[from] Stealth Rock
|move|p1a: Suijin|Scald|p2a: Rotom-Wash
|-start|p1a: Suijin|typechange|Water|[from] Protean
|-resisted|p2a: Rotom-Wash
|-damage|p2a: Rotom-Wash|212\/303
|
|-heal|p2a: Rotom-Wash|230\/303|[from] item: Leftovers
|turn|18
|
|switch|p1a: Fafnir|Garchomp, M|358\/358
|-damage|p1a: Fafnir|336\/358|[from] Stealth Rock
|move|p2a: Rotom-Wash|Thunder Wave|p1a: Fafnir
|-immune|p1a: Fafnir|[msg]
|
|-heal|p2a: Rotom-Wash|248\/303|[from] item: Leftovers
|turn|19
|
|move|p1a: Fafnir|Swords Dance|p1a: Fafnir
|-boost|p1a: Fafnir|atk|2
|move|p2a: Rotom-Wash|Hydro Pump|p1a: Fafnir|[miss]
|-miss|p2a: Rotom-Wash|p1a: Fafnir
|
|-heal|p2a: Rotom-Wash|266\/303|[from] item: Leftovers
|turn|20
|
|move|p1a: Fafnir|Dragon Claw|p2a: Rotom-Wash
|-damage|p2a: Rotom-Wash|50\/303
|move|p2a: Rotom-Wash|Hydro Pump|p1a: Fafnir|[miss]
|-miss|p2a: Rotom-Wash|p1a: Fafnir
|
|-heal|p2a: Rotom-Wash|68\/303|[from] item: Leftovers
|turn|21
|
|move|p1a: Fafnir|Dragon Claw|p2a: Rotom-Wash
|-crit|p2a: Rotom-Wash
|-damage|p2a: Rotom-Wash|0 fnt
|faint|p2a: Rotom-Wash
|
|
|switch|p2a: Latios|Latios, M|60\/302
|-damage|p2a: Latios|23\/302|[from] Stealth Rock
|turn|22
|
|switch|p2a: Jirachi|Jirachi|353\/403
|-damage|p2a: Jirachi|328\/403|[from] Stealth Rock
|switch|p1a: Roc|Skarmory, M|334\/334
|-damage|p1a: Roc|293\/334|[from] Stealth Rock
|
|-heal|p2a: Jirachi|353\/403|[from] item: Leftovers
|turn|23
|
|move|p2a: Jirachi|Healing Wish|p2a: Jirachi
|faint|p2a: Jirachi
|move|p1a: Roc|Whirlwind|p2: Jirachi|[notarget]
|-notarget
|
|
|switch|p2a: Latios|Latios, M|23\/302
|-heal|p2a: Latios|302\/302|[from] move: Healing Wish
|-damage|p2a: Latios|265\/302|[from] Stealth Rock
|turn|24
|
|move|p2a: Latios|Trick|p1a: Roc
|-activate|p2a: Latios|move: Trick|[of] p1a: Roc
|-item|p1a: Roc|Eviolite|[from] move: Trick
|-item|p2a: Latios|Rocky Helmet|[from] move: Trick
|move|p1a: Roc|Brave Bird|p2a: Latios
|-damage|p2a: Latios|130\/302
|-damage|p1a: Roc|238\/334|[from] item: Rocky Helmet|[of] p2a: Latios
|-damage|p1a: Roc|193\/334|[from] recoil|[of] p2a: Latios
|
|turn|25
|
|move|p2a: Latios|Defog|p1a: Roc
|-unboost|p1a: Roc|evasion|1
|-sideend|p1: presidentstyle|Stealth Rock|[from] move: Defog|[of] p1a: Roc
|-sideend|p2: Savage Alby|Stealth Rock|[from] move: Defog|[of] p2a: Latios
|move|p1a: Roc|Brave Bird|p2a: Latios
|-damage|p2a: Latios|0 fnt
|-damage|p1a: Roc|138\/334|[from] item: Rocky Helmet|[of] p2a: Latios
|-damage|p1a: Roc|95\/334|[from] recoil|[of] p2a: Latios
|faint|p2a: Latios
|
|
|switch|p2a: Landorus|Landorus, M|331\/331
|turn|26
|
|move|p2a: Landorus|Rock Polish|p2a: Landorus
|-boost|p2a: Landorus|spe|2
|move|p1a: Roc|Stealth Rock|p2a: Landorus
|-sidestart|p2: Savage Alby|move: Stealth Rock
|
|turn|27
|
|move|p2a: Landorus|Psychic|p1a: Roc
|-resisted|p1a: Roc
|-damage|p1a: Roc|0 fnt
|faint|p1a: Roc
|
|
|switch|p1a: Fafnir|Garchomp, M|336\/358
|turn|28
|
|move|p2a: Landorus|Earth Power|p1a: Fafnir
|-damage|p1a: Fafnir|36\/358
|move|p1a: Fafnir|Poison Jab|p2a: Landorus
|-resisted|p2a: Landorus
|-damage|p2a: Landorus|282\/331
|
|turn|29
|
|move|p2a: Landorus|Earth Power|p1a: Fafnir
|-damage|p1a: Fafnir|0 fnt
|faint|p1a: Fafnir
|
|
|switch|p1a: Suijin|Greninja, M|251\/286
|turn|30
|
|move|p2a: Landorus|Earth Power|p1a: Suijin
|-damage|p1a: Suijin|0 fnt
|faint|p1a: Suijin
|
|
|switch|p1a: Ares|Medicham-Mega, M|246\/262
|turn|31
|
|move|p2a: Landorus|Earth Power|p1a: Ares
|-damage|p1a: Ares|0 fnt
|faint|p1a: Ares
|
|win|Savage Alby
|raw|Ladder updating...
|leave|presidentstyle
|player|p1
|raw|presidentstyle's rating: 1635 &rarr; <strong>1610<\/strong><br \/>(-25 for losing)
|raw|Savage Alby's rating: 1555 &rarr; <strong>1580<\/strong><br \/>(+25 for winning)