|join|reze1
|join|Savage ALBY
|player|p1|reze1|70
|player|p2|Savage ALBY|266
|gametype|singles
|gen|6
|tier|OU
|rated
|clearpoke
|poke|p1|Dragalge, F
|poke|p1|Galvantula, F
|poke|p1|Gengar, F
|poke|p1|Latias, F
|poke|p1|Forretress, M
|poke|p1|Bronzong
|poke|p2|Scizor, M
|poke|p2|Latias, F
|poke|p2|Kabutops, F
|poke|p2|Politoed, M
|poke|p2|Klefki, F
|poke|p2|Mamoswine, M
|rule|Swagger Clause: Swagger is banned
|rule|Baton Pass Clause: Limit one Pokémon knowing Baton Pass
|rule|Sleep Clause Mod: Limit one foe put to sleep
|rule|Species Clause: Limit one of each Pokémon
|rule|OHKO Clause: OHKO moves are banned
|rule|Moody Clause: Moody is banned
|rule|Evasion Moves Clause: Evasion moves are banned
|rule|Endless Battle Clause: Forcing endless battles is banned
|rule|HP Percentage Mod: HP is shown in percentages
|teampreview
|c|★reze1|gl
|
|start
|switch|p1a: Galvantula|Galvantula, F|281\/281
|switch|p2a: Politoed|Politoed, M|383\/383
|-weather|RainDance
|turn|1
|
|move|p1a: Galvantula|Sticky Web|p2a: Politoed
|-sidestart|p2: Savage ALBY|move: Sticky Web
|move|p2a: Politoed|Scald|p1a: Galvantula
|-damage|p1a: Galvantula|103\/281
|
|-weather|RainDance|[upkeep]
|turn|2
|
|switch|p2a: Latias|Latias, F|301\/301
|move|p1a: Galvantula|Thunder|p2a: Latias
|-resisted|p2a: Latias
|-damage|p2a: Latias|241\/301
|
|-weather|RainDance|[upkeep]
|turn|3
|
|move|p2a: Latias|Defog|p1a: Galvantula
|-unboost|p1a: Galvantula|evasion|1
|-sideend|p2: Savage ALBY|Sticky Web|[from] move: Defog|[of] p2a: Latias
|move|p1a: Galvantula|Thunder Wave|p2a: Latias
|-status|p2a: Latias|par
|
|-weather|RainDance|[upkeep]
|turn|4
|
|move|p1a: Galvantula|Sticky Web|p2a: Latias
|-sidestart|p2: Savage ALBY|move: Sticky Web
|move|p2a: Latias|Psyshock|p1a: Galvantula
|-damage|p1a: Galvantula|0 fnt
|-damage|p2a: Latias|211\/301 par|[from] item: Life Orb
|faint|p1a: Galvantula
|
|-weather|RainDance|[upkeep]
|
|switch|p1a: Latias|Latias, F|325\/325
|turn|5
|
|switch|p2a: Klefki|Klefki, F|317\/317
|-activate|p2a: Klefki|move: Sticky Web
|-unboost|p2a: Klefki|spe|1
|move|p1a: Latias|Draco Meteor|p2a: Klefki
|-immune|p2a: Klefki|[msg]
|
|-weather|RainDance|[upkeep]
|turn|6
|
|switch|p1a: Bronzong|Bronzong|338\/338
|-item|p1a: Bronzong|Air Balloon
|move|p2a: Klefki|Calm Mind|p2a: Klefki
|-boost|p2a: Klefki|spa|1
|-boost|p2a: Klefki|spd|1
|
|-weather|RainDance|[upkeep]
|turn|7
|
|move|p2a: Klefki|Substitute|p2a: Klefki
|-start|p2a: Klefki|Substitute
|-damage|p2a: Klefki|238\/317
|move|p1a: Bronzong|Stealth Rock|p2a: Klefki
|-sidestart|p2: Savage ALBY|move: Stealth Rock
|
|-weather|RainDance|[upkeep]
|-heal|p2a: Klefki|257\/317|[from] item: Leftovers
|turn|8
|
|move|p2a: Klefki|Calm Mind|p2a: Klefki
|-boost|p2a: Klefki|spa|1
|-boost|p2a: Klefki|spd|1
|move|p1a: Bronzong|Earthquake|p2a: Klefki
|-supereffective|p2a: Klefki
|-end|p2a: Klefki|Substitute
|
|-weather|none
|-heal|p2a: Klefki|276\/317|[from] item: Leftovers
|turn|9
|
|move|p2a: Klefki|Magnet Rise|p2a: Klefki
|-start|p2a: Klefki|Magnet Rise
|move|p1a: Bronzong|Earthquake|p2a: Klefki
|-immune|p2a: Klefki|[msg]
|
|-heal|p2a: Klefki|295\/317|[from] item: Leftovers
|turn|10
|
|move|p2a: Klefki|Substitute|p2a: Klefki
|-start|p2a: Klefki|Substitute
|-damage|p2a: Klefki|216\/317
|move|p1a: Bronzong|Explosion|p2a: Klefki
|-resisted|p2a: Klefki
|-end|p2a: Klefki|Substitute
|faint|p1a: Bronzong
|
|-heal|p2a: Klefki|235\/317|[from] item: Leftovers
|
|switch|p1a: Dragalge|Dragalge, F|301\/301
|turn|11
|
|move|p1a: Dragalge|Scald|p2a: Klefki
|-damage|p2a: Klefki|161\/317
|move|p2a: Klefki|Draining Kiss|p1a: Dragalge
|-damage|p1a: Dragalge|220\/301
|-heal|p2a: Klefki|222\/317|[from] drain|[of] p1a: Dragalge
|
|-heal|p2a: Klefki|241\/317|[from] item: Leftovers
|turn|12
|-message|reze1 forfeited.
|
|win|Savage ALBY
|raw|Ladder updating...
|leave|reze1
|player|p1
|raw|reze1's rating: 1099 &rarr; <strong>1075<\/strong><br \/>(-24 for losing)
|raw|Savage ALBY's rating: 1106 &rarr; <strong>1130<\/strong><br \/>(+24 for winning)