|join|SableyeStall
|join|oml it's too ez
|join|F U BP
|player|p1|SableyeStall|169
|player|p2|oml it's too ez|2
|gametype|singles
|gen|6
|tier|OU
|clearpoke
|poke|p1|Diancie
|poke|p1|Magnezone
|poke|p1|Talonflame, F
|poke|p1|Rotom-Wash
|poke|p1|Chansey, F
|poke|p1|Latias, F
|poke|p2|Mew
|poke|p2|Lopunny, M
|poke|p2|Greninja, F
|poke|p2|Dragonite, M
|poke|p2|Ferrothorn, M
|poke|p2|Rotom-Wash
|rule|Swagger Clause: Swagger is banned
|rule|Baton Pass Clause: Limit one Pokémon knowing Baton Pass
|rule|Sleep Clause Mod: Limit one foe put to sleep
|rule|Species Clause: Limit one of each Pokémon
|rule|OHKO Clause: OHKO moves are banned
|rule|Moody Clause: Moody is banned
|rule|Evasion Moves Clause: Evasion moves are banned
|rule|Endless Battle Clause: Forcing endless battles is banned
|rule|HP Percentage Mod: HP is shown in percentages
|teampreview
|
|start
|switch|p1a: Talonflame|Talonflame, F|297\/297
|switch|p2a: Rotom-Wash|Rotom-Wash|304\/304
|turn|1
|
|move|p1a: Talonflame|U-turn|p2a: Rotom-Wash
|-damage|p2a: Rotom-Wash|242\/304
|
|switch|p1a: Chansey|Chansey, F|641\/641
|move|p2a: Rotom-Wash|Volt Switch|p1a: Chansey
|-crit|p1a: Chansey
|-damage|p1a: Chansey|577\/641
|
|switch|p2a: Lopunny|Lopunny, M|272\/272
|
|turn|2
|
|switch|p1a: Rotom-Wash|Rotom-Wash|304\/304
|detailschange|p2a: Lopunny|Lopunny-Mega, M
|-mega|p2a: Lopunny|Lopunny|Lopunnite
|move|p2a: Lopunny|Return|p1a: Rotom-Wash
|-damage|p1a: Rotom-Wash|169\/304
|
|-heal|p1a: Rotom-Wash|188\/304|[from] item: Leftovers
|turn|3
|c|★oml it's too ez|goddammit jolt y arent u running sub on this thing lol jkjk
|c|★SableyeStall|damn
|c|★SableyeStall|that damage tho
|c|★oml it's too ez|yeah i dont have high jump kick
|
|switch|p2a: Mew|Mew|404\/404
|move|p1a: Rotom-Wash|Will-O-Wisp|p2a: Mew
|-status|p2a: Mew|brn
|-status|p1a: Rotom-Wash|brn
|
|-heal|p1a: Rotom-Wash|207\/304 brn|[from] item: Leftovers
|-damage|p2a: Mew|354\/404 brn|[from] brn
|-damage|p1a: Rotom-Wash|169\/304 brn|[from] brn
|turn|4
|
|switch|p2a: Rotom-Wash|Rotom-Wash|242\/304
|move|p1a: Rotom-Wash|Volt Switch|p2a: Rotom-Wash
|-damage|p2a: Rotom-Wash|154\/304
|
|switch|p1a: Diancie|Diancie|241\/241
|
|-heal|p2a: Rotom-Wash|173\/304|[from] item: Leftovers
|turn|5
|c|★SableyeStall|oh
|c|★SableyeStall|I cant focus right now
|c|★SableyeStall|im arguing with shii
|
|switch|p2a: Ferrothorn|Ferrothorn, M|352\/352
|switch|p1a: Chansey|Chansey, F|577\/641
|
|turn|6
|c|★oml it's too ez|dont wry u'll still crush me
|
|switch|p1a: Magnezone|Magnezone|281\/281
|switch|p2a: Lopunny|Lopunny-Mega, M|272\/272
|
|turn|7
|
|switch|p1a: Talonflame|Talonflame, F|297\/297
|move|p2a: Lopunny|High Jump Kick|p1a: Talonflame
|-resisted|p1a: Talonflame
|-damage|p1a: Talonflame|138\/297
|
|turn|8
|c| F U BP|hjks 4 days...
|
|move|p1a: Talonflame|Brave Bird|p2a: Lopunny
|-supereffective|p2a: Lopunny
|-damage|p2a: Lopunny|0 fnt
|-damage|p1a: Talonflame|48\/297|[from] recoil|[of] p2a: Lopunny
|faint|p2a: Lopunny
|
|c|★oml it's too ez|fudge y i play risky
|c|★SableyeStall|thank god
|c|★SableyeStall|I focused enough
|c|★SableyeStall|to fucking know
|c|★oml it's too ez|y u no uturn
|c|★oml it's too ez|laggg
|
|switch|p2a: Rotom-Wash|Rotom-Wash|173\/304
|turn|9
|c|★SableyeStall|because I win predictions
|
|switch|p1a: Chansey|Chansey, F|577\/641
|move|p2a: Rotom-Wash|Volt Switch|p1a: Chansey
|-damage|p1a: Chansey|532\/641
|
|switch|p2a: Dragonite|Dragonite, M|363\/363
|
|turn|10
|
|switch|p2a: Greninja|Greninja, F|285\/285
|move|p1a: Chansey|Toxic|p2a: Greninja
|-status|p2a: Greninja|tox
|
|-damage|p2a: Greninja|268\/285 tox|[from] psn
|turn|11
|
|switch|p2a: Ferrothorn|Ferrothorn, M|352\/352
|move|p1a: Chansey|Stealth Rock|p2a: Ferrothorn
|-sidestart|p2: oml it's too ez|move: Stealth Rock
|
|turn|12
|
|switch|p1a: Magnezone|Magnezone|281\/281
|move|p2a: Ferrothorn|Stealth Rock|p1a: Magnezone
|-sidestart|p1: SableyeStall|move: Stealth Rock
|
|turn|13
|
|move|p1a: Magnezone|Hidden Power|p2a: Ferrothorn
|-supereffective|p2a: Ferrothorn
|-damage|p2a: Ferrothorn|124\/352
|move|p2a: Ferrothorn|Leech Seed|p1a: Magnezone
|-start|p1a: Magnezone|move: Leech Seed
|
|-heal|p2a: Ferrothorn|146\/352|[from] item: Leftovers
|-damage|p1a: Magnezone|246\/281|[from] Leech Seed|[of] p2a: Ferrothorn
|-heal|p2a: Ferrothorn|181\/352|[silent]
|turn|14
|
|move|p1a: Magnezone|Hidden Power|p2a: Ferrothorn
|-crit|p2a: Ferrothorn
|-supereffective|p2a: Ferrothorn
|-damage|p2a: Ferrothorn|0 fnt
|faint|p2a: Ferrothorn
|
|
|switch|p2a: Dragonite|Dragonite, M|363\/363
|-damage|p2a: Dragonite|273\/363|[from] Stealth Rock
|turn|15
|
|switch|p1a: Latias|Latias, F|301\/301
|-damage|p1a: Latias|264\/301|[from] Stealth Rock
|move|p2a: Dragonite|Outrage|p1a: Latias
|-supereffective|p1a: Latias
|-damage|p1a: Latias|0 fnt
|faint|p1a: Latias
|
|c|★oml it's too ez|fuuuu
|
|switch|p1a: Diancie|Diancie|241\/241
|-damage|p1a: Diancie|211\/241|[from] Stealth Rock
|turn|16
|c|★SableyeStall|:)
|
|detailschange|p1a: Diancie|Diancie-Mega
|-mega|p1a: Diancie|Diancie|Diancite
|move|p2a: Dragonite|Outrage|p1a: Diancie
|-immune|p1a: Diancie|[msg]
|move|p1a: Diancie|Rock Polish|p1a: Diancie
|-boost|p1a: Diancie|spe|2
|
|-end|p2a: Dragonite|rampage
|-start|p2a: Dragonite|confusion
|turn|17
|c|★SableyeStall|fuuu
|c|★oml it's too ez|calm down
|
|switch|p2a: Mew|Mew|354\/404 brn
|-damage|p2a: Mew|304\/404 brn|[from] Stealth Rock
|move|p1a: Diancie|Moonblast|p2a: Mew
|-damage|p2a: Mew|132\/404 brn
|
|-heal|p2a: Mew|157\/404 brn|[from] item: Leftovers
|-damage|p2a: Mew|107\/404 brn|[from] brn
|turn|18
|c|★oml it's too ez|its gg
|
|move|p1a: Diancie|Moonblast|p2a: Mew
|-damage|p2a: Mew|0 fnt
|faint|p2a: Mew
|
|c|★oml it's too ez|i cant touch u
|
|switch|p2a: Rotom-Wash|Rotom-Wash|173\/304
|-damage|p2a: Rotom-Wash|135\/304|[from] Stealth Rock
|turn|19
|
|move|p1a: Diancie|Moonblast|p2a: Rotom-Wash
|-damage|p2a: Rotom-Wash|0 fnt
|faint|p2a: Rotom-Wash
|
|c|★SableyeStall|gg
|
|switch|p2a: Dragonite|Dragonite, M|273\/363
|-damage|p2a: Dragonite|183\/363|[from] Stealth Rock
|turn|20
|-message|oml it's too ez forfeited.
|-message|oml it's too ez forfeited.
|leave|oml it's too ez
|
|win|SableyeStall
|player|p2