|join|Reverb
|join|fifa2
|player|p1|Reverb|#reverb
|player|p2|fifa2|257
|gametype|singles
|gen|6
|tier|OU
|rated
|clearpoke
|poke|p1|Empoleon, F
|poke|p1|Tyranitar, M
|poke|p1|Charizard, F
|poke|p1|Keldeo
|poke|p1|Kyurem-Black
|poke|p1|Landorus-Therian, M
|poke|p2|Ninetales, F
|poke|p2|Donphan, F
|poke|p2|Heatran, M
|poke|p2|Gyarados, F
|poke|p2|Venusaur, M
|poke|p2|Dragonite, M
|rule|Swagger Clause: Swagger is banned
|rule|Baton Pass Clause: Limit one Pokémon knowing Baton Pass
|rule|Sleep Clause Mod: Limit one foe put to sleep
|rule|Species Clause: Limit one of each Pokémon
|rule|OHKO Clause: OHKO moves are banned
|rule|Moody Clause: Moody is banned
|rule|Evasion Moves Clause: Evasion moves are banned
|rule|Endless Battle Clause: Forcing endless battles is banned
|rule|HP Percentage Mod: HP is shown in percentages
|teampreview
|
|start
|switch|p1a: Tyranitar|Tyranitar, M|383\/383
|switch|p2a: Ninetales|Ninetales, F|287\/287
|-weather|SunnyDay
|-weather|Sandstorm
|turn|1
|
|move|p2a: Ninetales|Will-O-Wisp|p1a: Tyranitar
|-status|p1a: Tyranitar|brn
|move|p1a: Tyranitar|Pursuit|p2a: Ninetales
|-damage|p2a: Ninetales|214\/287
|
|-weather|Sandstorm|[upkeep]
|-damage|p2a: Ninetales|197\/287|[from] sandstorm
|-damage|p1a: Tyranitar|336\/383 brn|[from] brn
|turn|2
|
|move|p2a: Ninetales|Energy Ball|p1a: Tyranitar
|-supereffective|p1a: Tyranitar
|-damage|p1a: Tyranitar|232\/383 brn
|move|p1a: Tyranitar|Pursuit|p2a: Ninetales
|-crit|p2a: Ninetales
|-damage|p2a: Ninetales|91\/287
|
|-weather|Sandstorm|[upkeep]
|-damage|p2a: Ninetales|74\/287|[from] sandstorm
|-damage|p1a: Tyranitar|185\/383 brn|[from] brn
|turn|3
|
|move|p2a: Ninetales|Energy Ball|p1a: Tyranitar
|-supereffective|p1a: Tyranitar
|-damage|p1a: Tyranitar|83\/383 brn
|move|p1a: Tyranitar|Pursuit|p2a: Ninetales
|-damage|p2a: Ninetales|0 fnt
|faint|p2a: Ninetales
|
|-weather|Sandstorm|[upkeep]
|-damage|p1a: Tyranitar|36\/383 brn|[from] brn
|
|switch|p2a: Heatran|Heatran, M|386\/386
|turn|4
|
|switch|p1a: Empoleon|Empoleon, F|372\/372
|move|p2a: Heatran|Stealth Rock|p1a: Empoleon
|-sidestart|p1: Reverb|move: Stealth Rock
|
|-weather|Sandstorm|[upkeep]
|turn|5
|
|move|p2a: Heatran|Earth Power|p1a: Empoleon
|-supereffective|p1a: Empoleon
|-damage|p1a: Empoleon|202\/372
|move|p1a: Empoleon|Defog|p2a: Heatran
|-unboost|p2a: Heatran|evasion|1
|-sideend|p1: Reverb|Stealth Rock|[from] move: Defog|[of] p1a: Empoleon
|
|-weather|none
|-heal|p1a: Empoleon|225\/372|[from] item: Leftovers
|turn|6
|
|move|p2a: Heatran|Earth Power|p1a: Empoleon
|-supereffective|p1a: Empoleon
|-damage|p1a: Empoleon|45\/372
|move|p1a: Empoleon|Scald|p2a: Heatran
|-supereffective|p2a: Heatran
|-damage|p2a: Heatran|170\/386
|
|-heal|p2a: Heatran|194\/386|[from] item: Leftovers
|-heal|p1a: Empoleon|68\/372|[from] item: Leftovers
|turn|7
|
|move|p2a: Heatran|Lava Plume|p1a: Empoleon
|-damage|p1a: Empoleon|0 fnt
|faint|p1a: Empoleon
|
|-heal|p2a: Heatran|218\/386|[from] item: Leftovers
|
|switch|p1a: Keldeo|Keldeo|323\/323
|turn|8
|
|switch|p2a: Gyarados|Gyarados, F|394\/394
|-ability|p2a: Gyarados|Intimidate|[of] p1a: Keldeo
|-unboost|p1a: Keldeo|atk|1
|move|p1a: Keldeo|Scald|p2a: Gyarados
|-resisted|p2a: Gyarados
|-damage|p2a: Gyarados|289\/394
|
|-heal|p2a: Gyarados|313\/394|[from] item: Leftovers
|turn|9
|
|switch|p1a: Kyurem-Black|Kyurem-Black|391\/391
|-ability|p1a: Kyurem-Black|Teravolt
|move|p2a: Gyarados|Dragon Tail|p1a: Kyurem-Black
|-supereffective|p1a: Kyurem-Black
|-damage|p1a: Kyurem-Black|285\/391
|drag|p1a: Keldeo|Keldeo|323\/323
|
|-heal|p2a: Gyarados|337\/394|[from] item: Leftovers
|turn|10
|join|RS Swept
|
|move|p1a: Keldeo|Scald|p2a: Gyarados
|-resisted|p2a: Gyarados
|-damage|p2a: Gyarados|227\/394
|-status|p2a: Gyarados|brn
|move|p2a: Gyarados|Waterfall|p1a: Keldeo
|-resisted|p1a: Keldeo
|-damage|p1a: Keldeo|293\/323
|
|-heal|p2a: Gyarados|251\/394 brn|[from] item: Leftovers
|-damage|p2a: Gyarados|202\/394 brn|[from] brn
|turn|11
|join|i came from leddit
|join|DisAintFalco
|leave|i came from leddit
|
|move|p1a: Keldeo|Scald|p2a: Gyarados
|-resisted|p2a: Gyarados
|-damage|p2a: Gyarados|97\/394 brn
|move|p2a: Gyarados|Rest|p2a: Gyarados
|-status|p2a: Gyarados|slp
|-heal|p2a: Gyarados|394\/394 slp|[silent]
|-status|p2a: Gyarados|slp|[from] move: Rest
|
|turn|12
|join|Druides
|
|move|p1a: Keldeo|Scald|p2a: Gyarados
|-resisted|p2a: Gyarados
|-damage|p2a: Gyarados|292\/394 slp
|cant|p2a: Gyarados|slp
|move|p2a: Gyarados|Sleep Talk|p2a: Gyarados
|move|p2a: Gyarados|Dragon Tail|p1a: Keldeo|[from]Sleep Talk
|-damage|p1a: Keldeo|230\/323
|drag|p1a: Tyranitar|Tyranitar, M|36\/383 brn
|-weather|Sandstorm
|
|-weather|Sandstorm|[upkeep]
|-damage|p2a: Gyarados|268\/394 slp|[from] sandstorm
|-heal|p2a: Gyarados|292\/394 slp|[from] item: Leftovers
|-damage|p1a: Tyranitar|0 fnt|[from] brn
|faint|p1a: Tyranitar
|
|switch|p1a: Charizard|Charizard, F|297\/297
|turn|13
|
|switch|p2a: Heatran|Heatran, M|218\/386
|detailschange|p1a: Charizard|Charizard-Mega-Y, F
|message|Charizard has Mega Evolved into Mega Charizard!
|-weather|SunnyDay
|move|p1a: Charizard|Solar Beam|p2a: Heatran|[still]
|-prepare|p1a: Charizard|Solar Beam|p2a: Heatran
|-anim|p1a: Charizard|Solar Beam|p2a: Heatran
|-resisted|p2a: Heatran
|-damage|p2a: Heatran|187\/386
|
|-weather|SunnyDay|[upkeep]
|-heal|p2a: Heatran|211\/386|[from] item: Leftovers
|turn|14
|
|move|p1a: Charizard|Focus Blast|p2a: Heatran
|-supereffective|p2a: Heatran
|-damage|p2a: Heatran|0 fnt
|faint|p2a: Heatran
|
|-weather|SunnyDay|[upkeep]
|leave|DisAintFalco
|
|switch|p2a: Donphan|Donphan, F|361\/361
|turn|15
|
|move|p1a: Charizard|Solar Beam|p2a: Donphan|[still]
|-prepare|p1a: Charizard|Solar Beam|p2a: Donphan
|-anim|p1a: Charizard|Solar Beam|p2a: Donphan
|-supereffective|p2a: Donphan
|-activate|p2a: Donphan|Sturdy
|-damage|p2a: Donphan|1\/361
|move|p2a: Donphan|Head Smash|p1a: Charizard|[miss]
|-miss|p2a: Donphan|p1a: Charizard
|
|-weather|SunnyDay|[upkeep]
|-heal|p2a: Donphan|23\/361|[from] item: Leftovers
|turn|16
|c|★fifa2|ur too lucky
|
|move|p2a: Donphan|Ice Shard|p1a: Charizard
|-damage|p1a: Charizard|233\/297
|move|p1a: Charizard|Solar Beam|p2a: Donphan|[still]
|-prepare|p1a: Charizard|Solar Beam|p2a: Donphan
|-anim|p1a: Charizard|Solar Beam|p2a: Donphan
|-supereffective|p2a: Donphan
|-damage|p2a: Donphan|0 fnt
|faint|p2a: Donphan
|
|-weather|SunnyDay|[upkeep]
|
|switch|p2a: Dragonite|Dragonite, M|323\/323
|turn|17
|
|switch|p1a: Landorus-Therian|Landorus-Therian, M|327\/327
|-ability|p1a: Landorus-Therian|Intimidate|[of] p2a: Dragonite
|-unboost|p2a: Dragonite|atk|1
|move|p2a: Dragonite|Dragon Dance|p2a: Dragonite
|-boost|p2a: Dragonite|atk|1
|-boost|p2a: Dragonite|spe|1
|
|-weather|none
|turn|18
|
|move|p1a: Landorus-Therian|U-turn|p2a: Dragonite
|-resisted|p2a: Dragonite
|-damage|p2a: Dragonite|302\/323
|
|switch|p1a: Charizard|Charizard-Mega-Y, F|233\/297
|-weather|SunnyDay
|move|p2a: Dragonite|Dragon Dance|p2a: Dragonite
|-boost|p2a: Dragonite|atk|1
|-boost|p2a: Dragonite|spe|1
|
|-weather|SunnyDay|[upkeep]
|turn|19
|join|craing _;
|join|Squirrelll
|
|move|p2a: Dragonite|Dragon Dance|p2a: Dragonite
|-boost|p2a: Dragonite|atk|1
|-boost|p2a: Dragonite|spe|1
|move|p1a: Charizard|Fire Blast|p2a: Dragonite
|-resisted|p2a: Dragonite
|-damage|p2a: Dragonite|113\/323
|
|-weather|SunnyDay|[upkeep]
|turn|20
|
|move|p2a: Dragonite|Outrage|p1a: Charizard
|-damage|p1a: Charizard|0 fnt
|faint|p1a: Charizard
|
|-weather|SunnyDay|[upkeep]
|
|switch|p1a: Landorus-Therian|Landorus-Therian, M|327\/327
|-ability|p1a: Landorus-Therian|Intimidate|[of] p2a: Dragonite
|-unboost|p2a: Dragonite|atk|1
|turn|21
|
|switch|p1a: Keldeo|Keldeo|230\/323
|move|p2a: Dragonite|Outrage|p1a: Keldeo
|-damage|p1a: Keldeo|0 fnt
|faint|p1a: Keldeo
|
|-weather|SunnyDay|[upkeep]
|
|switch|p1a: Landorus-Therian|Landorus-Therian, M|327\/327
|-ability|p1a: Landorus-Therian|Intimidate|[of] p2a: Dragonite
|-unboost|p2a: Dragonite|atk|1
|turn|22
|
|move|p2a: Dragonite|Outrage|p1a: Landorus-Therian
|-damage|p1a: Landorus-Therian|53\/327
|move|p1a: Landorus-Therian|Explosion|p2a: Dragonite
|-damage|p2a: Dragonite|0 fnt
|faint|p1a: Landorus-Therian
|faint|p2a: Dragonite
|
|-weather|none
|
|switch|p1a: Kyurem-Black|Kyurem-Black|285\/391
|switch|p2a: Venusaur|Venusaur, M|338\/338
|-ability|p1a: Kyurem-Black|Teravolt
|turn|23
|
|detailschange|p2a: Venusaur|Venusaur-Mega, M
|message|Venusaur has Mega Evolved into Mega Venusaur!
|move|p1a: Kyurem-Black|Ice Beam|p2a: Venusaur
|-supereffective|p2a: Venusaur
|-damage|p2a: Venusaur|144\/338
|move|p2a: Venusaur|Sludge Bomb|p1a: Kyurem-Black
|-damage|p1a: Kyurem-Black|80\/391
|-status|p1a: Kyurem-Black|psn
|
|-damage|p1a: Kyurem-Black|32\/391 psn|[from] psn
|turn|24
|c|★Reverb|gg
|-message|Reverb forfeited.
|
|win|fifa2
|raw|Ladder updating...
|raw|Reverb's rating: 1700 &rarr; <strong>1677<\/strong><br \/>(-23 for losing)
|raw|fifa2's rating: 1654 &rarr; <strong>1677<\/strong><br \/>(+23 for winning)
|leave|Druides
|leave|Reverb
|player|p1
|leave|Squirrelll
|leave|RS Swept
|leave|fifa2
|player|p2
|leave|craing _;