|join|newbie123
|join|fifa2
|player|p1|newbie123|252
|player|p2|fifa2|257
|gametype|singles
|gen|6
|tier|OU
|rated
|clearpoke
|poke|p1|Gyarados, M
|poke|p1|Dragonite, F
|poke|p1|Tyranitar, F
|poke|p1|Excadrill, F
|poke|p1|Greninja, F
|poke|p1|Talonflame, F
|poke|p2|Ninetales, F
|poke|p2|Donphan, F
|poke|p2|Heatran, M
|poke|p2|Gyarados, F
|poke|p2|Venusaur, M
|poke|p2|Dragonite, M
|rule|Swagger Clause: Swagger is banned
|rule|Baton Pass Clause: Limit one Pokémon knowing Baton Pass
|rule|Sleep Clause Mod: Limit one foe put to sleep
|rule|Species Clause: Limit one of each Pokémon
|rule|OHKO Clause: OHKO moves are banned
|rule|Moody Clause: Moody is banned
|rule|Evasion Moves Clause: Evasion moves are banned
|rule|Endless Battle Clause: Forcing endless battles is banned
|rule|HP Percentage Mod: HP is shown in percentages
|teampreview
|
|start
|switch|p1a: Tyranitar|Tyranitar, F|404\/404
|switch|p2a: Donphan|Donphan, F|361\/361
|-weather|Sandstorm
|turn|1
|
|move|p2a: Donphan|Earthquake|p1a: Tyranitar
|-supereffective|p1a: Tyranitar
|-damage|p1a: Tyranitar|54\/404
|move|p1a: Tyranitar|Ice Beam|p2a: Donphan
|-supereffective|p2a: Donphan
|-damage|p2a: Donphan|163\/361
|
|-weather|Sandstorm|[upkeep]
|-heal|p2a: Donphan|185\/361|[from] item: Leftovers
|turn|2
|join|miklas
|
|move|p2a: Donphan|Earthquake|p1a: Tyranitar
|-supereffective|p1a: Tyranitar
|-damage|p1a: Tyranitar|0 fnt
|faint|p1a: Tyranitar
|
|-weather|Sandstorm|[upkeep]
|-heal|p2a: Donphan|207\/361|[from] item: Leftovers
|
|switch|p1a: Talonflame|Talonflame, F|319\/319
|turn|3
|
|switch|p2a: Gyarados|Gyarados, F|394\/394
|-ability|p2a: Gyarados|Intimidate|[of] p1a: Talonflame
|-unboost|p1a: Talonflame|atk|1
|move|p1a: Talonflame|Swords Dance|p1a: Talonflame
|-boost|p1a: Talonflame|atk|2
|
|-weather|Sandstorm|[upkeep]
|-damage|p1a: Talonflame|300\/319|[from] sandstorm
|-damage|p2a: Gyarados|370\/394|[from] sandstorm
|-heal|p2a: Gyarados|394\/394|[from] item: Leftovers
|turn|4
|
|move|p1a: Talonflame|Brave Bird|p2a: Gyarados
|-damage|p2a: Gyarados|177\/394
|-damage|p1a: Talonflame|228\/319|[from] recoil|[of] p2a: Gyarados
|move|p2a: Gyarados|Waterfall|p1a: Talonflame
|-supereffective|p1a: Talonflame
|-damage|p1a: Talonflame|0 fnt
|faint|p1a: Talonflame
|
|-weather|Sandstorm|[upkeep]
|-damage|p2a: Gyarados|153\/394|[from] sandstorm
|-heal|p2a: Gyarados|177\/394|[from] item: Leftovers
|
|switch|p1a: Gyarados|Gyarados, M|332\/332
|-ability|p1a: Gyarados|Intimidate|[of] p2a: Gyarados
|-unboost|p2a: Gyarados|atk|1
|turn|5
|
|move|p1a: Gyarados|Dragon Dance|p1a: Gyarados
|-boost|p1a: Gyarados|atk|1
|-boost|p1a: Gyarados|spe|1
|move|p2a: Gyarados|Dragon Tail|p1a: Gyarados
|-damage|p1a: Gyarados|289\/332
|drag|p1a: Excadrill|Excadrill, F|362\/362
|-item|p1a: Excadrill|Air Balloon
|
|-weather|Sandstorm|[upkeep]
|-damage|p2a: Gyarados|153\/394|[from] sandstorm
|-heal|p2a: Gyarados|177\/394|[from] item: Leftovers
|turn|6
|
|switch|p2a: Donphan|Donphan, F|207\/361
|move|p1a: Excadrill|Return|p2a: Donphan
|-damage|p2a: Donphan|96\/361
|
|-weather|Sandstorm|[upkeep]
|-heal|p2a: Donphan|118\/361|[from] item: Leftovers
|turn|7
|
|switch|p2a: Gyarados|Gyarados, F|177\/394
|-ability|p2a: Gyarados|Intimidate|[of] p1a: Excadrill
|-unboost|p1a: Excadrill|atk|1
|move|p1a: Excadrill|Iron Head|p2a: Gyarados
|-resisted|p2a: Gyarados
|-damage|p2a: Gyarados|131\/394
|
|-weather|Sandstorm|[upkeep]
|-damage|p2a: Gyarados|107\/394|[from] sandstorm
|-heal|p2a: Gyarados|131\/394|[from] item: Leftovers
|turn|8
|
|switch|p1a: Greninja|Greninja, F|285\/285
|move|p2a: Gyarados|Rest|p2a: Gyarados
|-status|p2a: Gyarados|slp
|-heal|p2a: Gyarados|394\/394 slp|[silent]
|-status|p2a: Gyarados|slp|[from] move: Rest
|
|-weather|none
|turn|9
|
|move|p1a: Greninja|Ice Beam|p2a: Gyarados
|-start|p1a: Greninja|typechange|Ice|[from] Protean
|-damage|p2a: Gyarados|225\/394 slp
|-damage|p1a: Greninja|257\/285|[from] item: Life Orb
|cant|p2a: Gyarados|slp
|move|p2a: Gyarados|Sleep Talk|p2a: Gyarados
|move|p2a: Gyarados|Rest|p2a: Gyarados|[from]Sleep Talk
|-fail|p2a: Gyarados
|
|-heal|p2a: Gyarados|249\/394 slp|[from] item: Leftovers
|turn|10
|
|switch|p2a: Ninetales|Ninetales, F|287\/287
|-weather|SunnyDay
|move|p1a: Greninja|Ice Beam|p2a: Ninetales
|-resisted|p2a: Ninetales
|-damage|p2a: Ninetales|197\/287
|-damage|p1a: Greninja|229\/285|[from] item: Life Orb
|
|-weather|SunnyDay|[upkeep]
|turn|11
|
|switch|p1a: Gyarados|Gyarados, M|289\/332
|-ability|p1a: Gyarados|Intimidate|[of] p2a: Ninetales
|-unboost|p2a: Ninetales|atk|1
|switch|p2a: Heatran|Heatran, M|385\/385
|
|-weather|SunnyDay|[upkeep]
|turn|12
|
|switch|p2a: Gyarados|Gyarados, F|249\/394 slp
|-ability|p2a: Gyarados|Intimidate|[of] p1a: Gyarados
|-unboost|p1a: Gyarados|atk|1
|move|p1a: Gyarados|Dragon Dance|p1a: Gyarados
|-boost|p1a: Gyarados|atk|1
|-boost|p1a: Gyarados|spe|1
|
|-weather|SunnyDay|[upkeep]
|-heal|p2a: Gyarados|273\/394 slp|[from] item: Leftovers
|turn|13
|
|detailschange|p1a: Gyarados|Gyarados-Mega, M
|message|Gyarados has Mega Evolved into Mega Gyarados!
|-ability|p1a: Gyarados|Mold Breaker
|move|p1a: Gyarados|Crunch|p2a: Gyarados
|-damage|p2a: Gyarados|125\/394 slp
|cant|p2a: Gyarados|slp
|move|p2a: Gyarados|Sleep Talk|p2a: Gyarados
|move|p2a: Gyarados|Waterfall|p1a: Gyarados|[from]Sleep Talk
|-resisted|p1a: Gyarados
|-damage|p1a: Gyarados|264\/332
|
|-weather|SunnyDay|[upkeep]
|-heal|p2a: Gyarados|149\/394 slp|[from] item: Leftovers
|turn|14
|
|move|p1a: Gyarados|Crunch|p2a: Gyarados
|-damage|p2a: Gyarados|23\/394 slp
|-unboost|p2a: Gyarados|def|1
|-curestatus|p2a: Gyarados|slp
|move|p2a: Gyarados|Dragon Tail|p1a: Gyarados
|-damage|p1a: Gyarados|211\/332
|drag|p1a: Dragonite|Dragonite, F|324\/324
|
|-weather|SunnyDay|[upkeep]
|-heal|p2a: Gyarados|47\/394|[from] item: Leftovers
|turn|15
|
|move|p1a: Dragonite|Extreme Speed|p2a: Gyarados
|-damage|p2a: Gyarados|0 fnt
|faint|p2a: Gyarados
|
|-weather|SunnyDay|[upkeep]
|
|switch|p2a: Venusaur|Venusaur, M|338\/338
|turn|16
|
|detailschange|p2a: Venusaur|Venusaur-Mega, M
|message|Venusaur has Mega Evolved into Mega Venusaur!
|move|p2a: Venusaur|Sludge Bomb|p1a: Dragonite
|-damage|p1a: Dragonite|238\/324
|-status|p1a: Dragonite|psn
|-enditem|p1a: Dragonite|Lum Berry|[eat]
|-curestatus|p1a: Dragonite|psn
|move|p1a: Dragonite|Dragon Dance|p1a: Dragonite
|-boost|p1a: Dragonite|atk|1
|-boost|p1a: Dragonite|spe|1
|
|-weather|SunnyDay|[upkeep]
|turn|17
|
|move|p1a: Dragonite|Fire Punch|p2a: Venusaur
|-supereffective|p2a: Venusaur
|-damage|p2a: Venusaur|152\/338
|move|p2a: Venusaur|Sludge Bomb|p1a: Dragonite
|-damage|p1a: Dragonite|61\/324
|
|-weather|none
|turn|18
|
|switch|p2a: Heatran|Heatran, M|385\/385
|move|p1a: Dragonite|Outrage|p2a: Heatran
|-resisted|p2a: Heatran
|-damage|p2a: Heatran|208\/385
|
|-heal|p2a: Heatran|232\/385|[from] item: Leftovers
|turn|19
|
|move|p1a: Dragonite|Outrage|p2a: Heatran
|-resisted|p2a: Heatran
|-damage|p2a: Heatran|68\/385
|move|p2a: Heatran|Stealth Rock|p1a: Dragonite
|-sidestart|p1: newbie123|move: Stealth Rock
|
|-heal|p2a: Heatran|92\/385|[from] item: Leftovers
|turn|20
|
|move|p1a: Dragonite|Outrage|p2a: Heatran
|-resisted|p2a: Heatran
|-damage|p2a: Heatran|0 fnt
|faint|p2a: Heatran
|
|-end|p1a: Dragonite|rampage
|-start|p1a: Dragonite|confusion
|
|switch|p2a: Donphan|Donphan, F|118\/361
|turn|21
|
|-activate|p1a: Dragonite|confusion
|-damage|p1a: Dragonite|0 fnt|[from] confusion
|faint|p1a: Dragonite
|move|p2a: Donphan|Ice Shard|p1: Dragonite|[notarget]
|-notarget
|
|-heal|p2a: Donphan|140\/361|[from] item: Leftovers
|
|switch|p1a: Excadrill|Excadrill, F|362\/362
|-damage|p1a: Excadrill|351\/362|[from] Stealth Rock
|-item|p1a: Excadrill|Air Balloon
|turn|22
|
|switch|p2a: Ninetales|Ninetales, F|197\/287
|-weather|SunnyDay
|move|p1a: Excadrill|Iron Head|p2a: Ninetales
|-resisted|p2a: Ninetales
|-damage|p2a: Ninetales|100\/287
|
|-weather|SunnyDay|[upkeep]
|turn|23
|
|move|p2a: Ninetales|Overheat|p1a: Excadrill
|-supereffective|p1a: Excadrill
|-damage|p1a: Excadrill|0 fnt
|-enditem|p1a: Excadrill|Air Balloon
|-unboost|p2a: Ninetales|spa|2
|faint|p1a: Excadrill
|
|-weather|SunnyDay|[upkeep]
|
|switch|p1a: Gyarados|Gyarados-Mega, M|211\/332
|-damage|p1a: Gyarados|170\/332|[from] Stealth Rock
|-ability|p1a: Gyarados|Mold Breaker
|turn|24
|
|move|p2a: Ninetales|Will-O-Wisp|p1a: Gyarados
|-status|p1a: Gyarados|brn
|move|p1a: Gyarados|Dragon Dance|p1a: Gyarados
|-boost|p1a: Gyarados|atk|1
|-boost|p1a: Gyarados|spe|1
|
|-weather|SunnyDay|[upkeep]
|-damage|p1a: Gyarados|129\/332 brn|[from] brn
|turn|25
|
|move|p1a: Gyarados|Crunch|p2a: Ninetales
|-damage|p2a: Ninetales|0 fnt
|faint|p2a: Ninetales
|
|-weather|SunnyDay|[upkeep]
|-damage|p1a: Gyarados|88\/332 brn|[from] brn
|
|switch|p2a: Dragonite|Dragonite, M|323\/323
|turn|26
|
|move|p1a: Gyarados|Crunch|p2a: Dragonite
|-damage|p2a: Dragonite|203\/323
|move|p2a: Dragonite|Dragon Dance|p2a: Dragonite
|-boost|p2a: Dragonite|atk|1
|-boost|p2a: Dragonite|spe|1
|
|-weather|SunnyDay|[upkeep]
|-damage|p1a: Gyarados|47\/332 brn|[from] brn
|turn|27
|
|move|p1a: Gyarados|Crunch|p2a: Dragonite
|-damage|p2a: Dragonite|77\/323
|move|p2a: Dragonite|Earthquake|p1a: Gyarados
|-damage|p1a: Gyarados|0 fnt
|faint|p1a: Gyarados
|
|-weather|SunnyDay|[upkeep]
|
|switch|p1a: Greninja|Greninja, F|229\/285
|-damage|p1a: Greninja|194\/285|[from] Stealth Rock
|turn|28
|
|move|p2a: Dragonite|Outrage|p1a: Greninja
|-damage|p1a: Greninja|0 fnt
|faint|p1a: Greninja
|
|win|fifa2
|raw|Ladder updating...
|raw|newbie123's rating: 1654 &rarr; <strong>1637<\/strong><br \/>(-17 for losing)
|raw|fifa2's rating: 1707 &rarr; <strong>1724<\/strong><br \/>(+17 for winning)
|leave|newbie123
|player|p1
|leave|fifa2
|player|p2