|join|Nedor
|join|USELESSTEAMS
|player|p1|Nedor|102
|player|p2|USELESSTEAMS|285
|gametype|singles
|gen|6
|tier|OU
|rated
|clearpoke
|poke|p1|Pinsir, M
|poke|p1|Magnezone
|poke|p1|Rotom-Wash
|poke|p1|Latias, F
|poke|p1|Conkeldurr, F
|poke|p1|Landorus-Therian, M
|poke|p2|Manectric, F
|poke|p2|Landorus-Therian, M
|poke|p2|Azumarill, M
|poke|p2|Breloom, M
|poke|p2|Heatran, F
|poke|p2|Latios, M
|rule|Swagger Clause: Swagger is banned
|rule|Baton Pass Clause: Limit one Pokémon knowing Baton Pass
|rule|Sleep Clause Mod: Limit one foe put to sleep
|rule|Species Clause: Limit one of each Pokémon
|rule|OHKO Clause: OHKO moves are banned
|rule|Moody Clause: Moody is banned
|rule|Evasion Moves Clause: Evasion moves are banned
|rule|Endless Battle Clause: Forcing endless battles is banned
|rule|HP Percentage Mod: HP is shown in percentages
|teampreview
|join|Ghostlyy ♫
|
|start
|switch|p1a: Scrotom.|Rotom-Wash|303\/303
|switch|p2a: EXPLOSIVE|Manectric, F|281\/281
|turn|1
|
|detailschange|p2a: EXPLOSIVE|Manectric-Mega, F
|message|Manectric has Mega Evolved into Mega Manectric!
|-ability|p2a: EXPLOSIVE|Intimidate|[of] p1a: Scrotom.
|-unboost|p1a: Scrotom.|atk|1
|move|p2a: EXPLOSIVE|Volt Switch|p1a: Scrotom.
|-damage|p1a: Scrotom.|176\/303
|
|switch|p2a: Bigbrother|Latios, M|302\/302
|move|p1a: Scrotom.|Will-O-Wisp|p2a: Bigbrother
|-status|p2a: Bigbrother|brn
|
|-damage|p2a: Bigbrother|265\/302 brn|[from] brn
|turn|2
|
|switch|p1a: Omw To Steal Yo Gi|Magnezone|282\/282
|move|p2a: Bigbrother|Earthquake|p1a: Omw To Steal Yo Gi
|-supereffective|p1a: Omw To Steal Yo Gi
|-damage|p1a: Omw To Steal Yo Gi|126\/282
|-damage|p2a: Bigbrother|235\/302 brn|[from] item: Life Orb
|
|-damage|p2a: Bigbrother|198\/302 brn|[from] brn
|turn|3
|
|switch|p2a: EXPLOSIVE|Manectric-Mega, F|281\/281
|-ability|p2a: EXPLOSIVE|Intimidate|[of] p1a: Omw To Steal Yo Gi
|-unboost|p1a: Omw To Steal Yo Gi|atk|1
|move|p1a: Omw To Steal Yo Gi|Volt Switch|p2a: EXPLOSIVE
|-resisted|p2a: EXPLOSIVE
|-damage|p2a: EXPLOSIVE|212\/281
|
|switch|p1a: FuckingClownThing|Conkeldurr, F|351\/351
|
|turn|4
|
|move|p2a: EXPLOSIVE|Volt Switch|p1a: FuckingClownThing
|-damage|p1a: FuckingClownThing|237\/351
|
|switch|p2a: Nice|Azumarill, M|404\/404
|move|p1a: FuckingClownThing|Poison Jab|p2a: Nice
|-supereffective|p2a: Nice
|-damage|p2a: Nice|148\/404
|-enditem|p2a: Nice|Sitrus Berry|[eat]
|-heal|p2a: Nice|249\/404|[from] item: Sitrus Berry
|
|turn|5
|
|switch|p2a: EXPLOSIVE|Manectric-Mega, F|212\/281
|-ability|p2a: EXPLOSIVE|Intimidate|[of] p1a: FuckingClownThing
|-unboost|p1a: FuckingClownThing|atk|1
|switch|p1a: Fabio|Landorus-Therian, M|319\/319
|-ability|p1a: Fabio|Intimidate|[of] p2a: EXPLOSIVE
|-unboost|p2a: EXPLOSIVE|atk|1
|
|turn|6
|
|switch|p1a: FuckingClownThing|Conkeldurr, F|237\/351
|move|p2a: EXPLOSIVE|Hidden Power|p1a: FuckingClownThing
|-crit|p1a: FuckingClownThing
|-damage|p1a: FuckingClownThing|128\/351
|
|turn|7
|
|switch|p1a: Again|Latias, F|319\/319
|move|p2a: EXPLOSIVE|Flamethrower|p1a: Again
|-crit|p1a: Again
|-resisted|p1a: Again
|-damage|p1a: Again|250\/319
|
|turn|8
|chat|Nedor|stop critting :(
|
|move|p2a: EXPLOSIVE|Volt Switch|p1a: Again
|-resisted|p1a: Again
|-damage|p1a: Again|196\/319
|chat|USELESSTEAMS|Ehm x
|chat|USELESSTEAMS|xD* Sorry 
|
|switch|p2a: Froggy|Heatran, F|386\/386
|move|p1a: Again|Dragon Pulse|p2a: Froggy
|-resisted|p2a: Froggy
|-damage|p2a: Froggy|328\/386
|-damage|p1a: Again|165\/319|[from] item: Life Orb
|
|-heal|p2a: Froggy|352\/386|[from] item: Leftovers
|turn|9
|
|move|p1a: Again|Healing Wish|p1a: Again
|faint|p1a: Again
|move|p2a: Froggy|Stealth Rock|p1: Again
|-sidestart|p1: Nedor|move: Stealth Rock
|
|-heal|p2a: Froggy|376\/386|[from] item: Leftovers
|
|switch|p1a: FuckingClownThing|Conkeldurr, F|128\/351
|-heal|p1a: FuckingClownThing|351\/351|[from] move: Healing Wish
|-damage|p1a: FuckingClownThing|330\/351|[from] Stealth Rock
|turn|10
|
|switch|p2a: DA TAIGA|Landorus-Therian, M|320\/320
|-ability|p2a: DA TAIGA|Intimidate|[of] p1a: FuckingClownThing
|-unboost|p1a: FuckingClownThing|atk|1
|move|p1a: FuckingClownThing|Ice Punch|p2a: DA TAIGA
|-supereffective|p2a: DA TAIGA
|-damage|p2a: DA TAIGA|4\/320
|
|turn|11
|chat|USELESSTEAMS|You have a strange movepool on this
|chat|Nedor|No
|chat|Nedor|I dont.
|chat|Ghostlyy ♫|lul
|chat|Nedor|Just poison jab is diff.
|chat|USELESSTEAMS|Poison Jab\/Ice Punch\/Drain Punch\/Mach punch xD
|chat|USELESSTEAMS|Right
|chat|Nedor|Thats not uncommon.
|chat|Nedor|:p
|chat|USELESSTEAMS|Yes it is xD But it's a nice choice
|chat|Ghostlyy ♫|P-Jab is always something that's overlooked
|chat|Ghostlyy ♫|Puts down ghost types
|chat|Ghostlyy ♫|oops
|chat|Ghostlyy ♫|Fairy*
|
|switch|p2a: EXPLOSIVE|Manectric-Mega, F|212\/281
|-ability|p2a: EXPLOSIVE|Intimidate|[of] p1a: FuckingClownThing
|-unboost|p1a: FuckingClownThing|atk|1
|move|p1a: FuckingClownThing|Poison Jab|p2a: EXPLOSIVE
|-crit|p2a: EXPLOSIVE
|-damage|p2a: EXPLOSIVE|19\/281
|
|turn|12
|chat|Nedor|heh
|
|move|p1a: FuckingClownThing|Mach Punch|p2a: EXPLOSIVE
|-damage|p2a: EXPLOSIVE|0 fnt
|faint|p2a: EXPLOSIVE
|
|
|switch|p2a: Bigbrother|Latios, M|198\/302 brn
|turn|13
|
|switch|p1a: Scrotom.|Rotom-Wash|176\/303
|-damage|p1a: Scrotom.|139\/303|[from] Stealth Rock
|move|p2a: Bigbrother|Psyshock|p1a: Scrotom.
|-damage|p1a: Scrotom.|0 fnt
|-damage|p2a: Bigbrother|168\/302 brn|[from] item: Life Orb
|faint|p1a: Scrotom.
|
|-damage|p2a: Bigbrother|131\/302 brn|[from] brn
|
|switch|p1a: Omw To Steal Yo Gi|Magnezone|126\/282
|-damage|p1a: Omw To Steal Yo Gi|109\/282|[from] Stealth Rock
|turn|14
|chat|Ghostlyy ♫|I didn't think that people had to run the same move pools....
|chat|USELESSTEAMS|Well, i've never said that man ^^
|
|move|p1a: Omw To Steal Yo Gi|Volt Switch|p2a: Bigbrother
|-resisted|p2a: Bigbrother
|-damage|p2a: Bigbrother|75\/302 brn
|chat|Nedor|YOU STAYED IN.
|chat|Nedor|My lord.
|
|switch|p1a: Fabio|Landorus-Therian, M|319\/319
|-damage|p1a: Fabio|280\/319|[from] Stealth Rock
|-ability|p1a: Fabio|Intimidate|[of] p2a: Bigbrother
|-unboost|p2a: Bigbrother|atk|1
|move|p2a: Bigbrother|Earthquake|p1a: Fabio
|-immune|p1a: Fabio|[msg]
|
|-heal|p1a: Fabio|299\/319|[from] item: Leftovers
|-damage|p2a: Bigbrother|38\/302 brn|[from] brn
|turn|15
|chat|Ghostlyy ♫|Then what were you implying with "You have a strange" move pool"
|
|move|p2a: Bigbrother|Draco Meteor|p1a: Fabio
|-damage|p1a: Fabio|0 fnt
|-unboost|p2a: Bigbrother|spa|2
|-damage|p2a: Bigbrother|8\/302 brn|[from] item: Life Orb
|faint|p1a: Fabio
|
|-damage|p2a: Bigbrother|0 fnt|[from] brn
|faint|p2a: Bigbrother
|chat|USELESSTEAMS|Nah xD
|chat|Nedor|dayum.
|chat|Nedor|:\/
|chat|USELESSTEAMS|Strange for the usual gamer
|
|switch|p2a: DA TAIGA|Landorus-Therian, M|4\/320
|switch|p1a: Omw To Steal Yo Gi|Magnezone|109\/282
|-damage|p1a: Omw To Steal Yo Gi|92\/282|[from] Stealth Rock
|-ability|p2a: DA TAIGA|Intimidate|[of] p1a: Omw To Steal Yo Gi
|-unboost|p1a: Omw To Steal Yo Gi|atk|1
|turn|16
|chat|Ghostlyy ♫|So not the same as what people run on average
|chat|Ghostlyy ♫|lul
|chat|USELESSTEAMS|Well, sounds better like this :)
|
|move|p2a: DA TAIGA|Earthquake|p1a: Omw To Steal Yo Gi
|-supereffective|p1a: Omw To Steal Yo Gi
|-damage|p1a: Omw To Steal Yo Gi|0 fnt
|faint|p1a: Omw To Steal Yo Gi
|
|chat|Nedor|fack.
|chat|Nedor|gg.
|chat|Nedor|:\/
|
|switch|p1a: FuckingClownThing|Conkeldurr, F|330\/351
|-damage|p1a: FuckingClownThing|309\/351|[from] Stealth Rock
|turn|17
|chat|Ghostlyy ♫|Sounds the same when it comes down to it;
|chat|USELESSTEAMS|gg? Not so fast i think
|chat|Nedor|It might be
|chat|USELESSTEAMS|Might xD
|chat|Nedor|azu 
|chat|Nedor|I need a check to azu
|chat|Nedor|on dis team
|
|switch|p2a: Phalloides|Breloom, M|262\/262
|move|p1a: FuckingClownThing|Mach Punch|p2a: Phalloides
|-crit|p2a: Phalloides
|-damage|p2a: Phalloides|111\/262
|
|turn|18
|chat|Ghostlyy ♫|Azu's faster base speed
|chat|Ghostlyy ♫|heh
|
|move|p1a: FuckingClownThing|Mach Punch|p2a: Phalloides
|-damage|p2a: Phalloides|18\/262
|move|p2a: Phalloides|Spore|p1a: FuckingClownThing
|-status|p1a: FuckingClownThing|slp
|
|turn|19
|
|cant|p1a: FuckingClownThing|slp
|move|p2a: Phalloides|Bullet Seed|p1a: FuckingClownThing
|-damage|p1a: FuckingClownThing|235\/351 slp
|-damage|p1a: FuckingClownThing|161\/351 slp
|-hitcount|p1a: FuckingClownThing|2
|-damage|p2a: Phalloides|0 fnt|[from] item: Life Orb
|faint|p2a: Phalloides
|
|
|switch|p2a: Nice|Azumarill, M|249\/404
|turn|20
|chat|Nedor|plz dont belly.
|chat|Nedor|plzzzz.
|
|move|p2a: Nice|Play Rough|p1a: FuckingClownThing
|-supereffective|p1a: FuckingClownThing
|-damage|p1a: FuckingClownThing|0 fnt
|faint|p1a: FuckingClownThing
|
|
|switch|p1a: White Girl.|Pinsir, M|272\/272
|-damage|p1a: White Girl.|204\/272|[from] Stealth Rock
|turn|21
|chat|Nedor|gg no re.
|chat|Ghostlyy ♫|LOL
|chat|Nedor|I am victorious.
|chat|Nedor|now such my dick.
|chat|Nedor|waht...
|chat|USELESSTEAMS|...Really kind ^^
|chat|Ghostlyy ♫|Ohshit
|chat|Nedor|thanks.
|chat|Ghostlyy ♫|LOL
|chat|Nedor|:\/
|
|detailschange|p1a: White Girl.|Pinsir-Mega, M
|message|Pinsir has Mega Evolved into Mega Pinsir!
|move|p2a: Nice|Aqua Jet|p1a: White Girl.
|-damage|p1a: White Girl.|126\/272
|move|p1a: White Girl.|Return|p2a: Nice
|-damage|p2a: Nice|0 fnt
|faint|p2a: Nice
|
|chat|Ghostlyy ♫|Return Quick Attack
|chat|Ghostlyy ♫|HUE
|chat|Ghostlyy ♫|HUE HUE HUE
|chat|Nedor|EQ
|chat|Nedor|FOR TRAN
|chat|Ghostlyy ♫|LEL
|chat|Nedor|:]
|chat|Nedor|gg doe.
|chat|Ghostlyy ♫|unless he keeps switching
|chat|USELESSTEAMS|gg but you can't say gg
|chat|Ghostlyy ♫|lol
|chat|USELESSTEAMS|and say those things
|
|switch|p2a: DA TAIGA|Landorus-Therian, M|4\/320
|-ability|p2a: DA TAIGA|Intimidate|[of] p1a: White Girl.
|-unboost|p1a: White Girl.|atk|1
|turn|22
|chat|Nedor|Im sorry, just having fun. :\/
|chat|Ghostlyy ♫|Nothing wrong with having fun on pokemon hue
|chat|USELESSTEAMS|It's not having fun saying something like that man
|chat|USELESSTEAMS|^_^
|chat|Nedor|why not.
|chat|Nedor|:[
|chat|Ghostlyy ♫|It is for the person saying it
|chat|Nedor|ye.
|chat|USELESSTEAMS|Suck my dick? Really a gentle person
|chat|Nedor|ik
|chat|Nedor|:]
|
|switch|p2a: Froggy|Heatran, F|376\/386
|move|p1a: White Girl.|Quick Attack|p2a: Froggy
|-resisted|p2a: Froggy
|-damage|p2a: Froggy|341\/386
|
|-heal|p2a: Froggy|365\/386|[from] item: Leftovers
|turn|23
|chat|Ghostlyy ♫|Ofc
|chat|Nedor|you might win\/
|
|switch|p2a: DA TAIGA|Landorus-Therian, M|4\/320
|-ability|p2a: DA TAIGA|Intimidate|[of] p1a: White Girl.
|-unboost|p1a: White Girl.|atk|1
|move|p1a: White Girl.|Earthquake|p2a: DA TAIGA
|-immune|p2a: DA TAIGA|[msg]
|
|turn|24
|
|move|p2a: DA TAIGA|Stone Edge|p1a: White Girl.
|-supereffective|p1a: White Girl.
|-damage|p1a: White Girl.|0 fnt
|faint|p1a: White Girl.
|
|win|USELESSTEAMS
|raw|Ladder updating...
|raw|Nedor's rating: 1460 &rarr; <strong>1437<\/strong><br \/>(-23 for losing)
|raw|USELESSTEAMS's rating: 1416 &rarr; <strong>1438<\/strong><br \/>(+22 for winning)
|chat|Nedor|fuck
|chat|USELESSTEAMS|Sorry man
|chat|Nedor|ha wp
|leave|Ghostlyy ♫
|chat|USELESSTEAMS|But you are very Unpolite.
|leave|Nedor
|player|p1