|join|Nedor
|join|Daraku Archer
|player|p1|Nedor|2
|player|p2|Daraku Archer|290
|gametype|singles
|gen|6
|tier|OU
|rated
|clearpoke
|poke|p1|Terrakion, shiny
|poke|p1|Charizard, M, shiny
|poke|p1|Ferrothorn, F, shiny
|poke|p1|Landorus-Therian, M
|poke|p1|Clefable, F
|poke|p1|Latios, M, shiny
|poke|p2|Honchkrow, M
|poke|p2|Gallade, M, shiny
|poke|p2|Porygon2
|poke|p2|Rotom-Wash
|poke|p2|Scizor, F
|poke|p2|Heatran, F
|rule|Swagger Clause: Swagger is banned
|rule|Baton Pass Clause: Limit one Pokémon knowing Baton Pass
|rule|Sleep Clause Mod: Limit one foe put to sleep
|rule|Species Clause: Limit one of each Pokémon
|rule|OHKO Clause: OHKO moves are banned
|rule|Moody Clause: Moody is banned
|rule|Evasion Moves Clause: Evasion moves are banned
|rule|Endless Battle Clause: Forcing endless battles is banned
|rule|HP Percentage Mod: HP is shown in percentages
|teampreview
|
|start
|switch|p1a: PoopTail|Landorus-Therian, M|354\/354
|switch|p2a: FuckEarthquake|Heatran, F|386\/386
|-ability|p1a: PoopTail|Intimidate|[of] p2a: FuckEarthquake
|-unboost|p2a: FuckEarthquake|atk|1
|-item|p2a: FuckEarthquake|Air Balloon
|turn|1
|
|move|p1a: PoopTail|U-turn|p2a: FuckEarthquake
|-resisted|p2a: FuckEarthquake
|-damage|p2a: FuckEarthquake|366\/386
|-enditem|p2a: FuckEarthquake|Air Balloon
|
|switch|p1a: MotorBoat|Terrakion, shiny|323\/323
|move|p2a: FuckEarthquake|Stealth Rock|p1a: MotorBoat
|-sidestart|p1: Nedor|move: Stealth Rock
|
|turn|2
|
|move|p1a: MotorBoat|Substitute|p1a: MotorBoat
|-start|p1a: MotorBoat|Substitute
|-damage|p1a: MotorBoat|243\/323
|move|p2a: FuckEarthquake|Roar|p1a: MotorBoat
|drag|p1a: PoopTail|Landorus-Therian, M|354\/354
|-damage|p1a: PoopTail|310\/354|[from] Stealth Rock
|-ability|p1a: PoopTail|Intimidate|[of] p2a: FuckEarthquake
|-unboost|p2a: FuckEarthquake|atk|1
|
|turn|3
|
|switch|p2a: CrazyLaundry|Rotom-Wash|241\/241
|move|p1a: PoopTail|U-turn|p2a: CrazyLaundry
|-damage|p2a: CrazyLaundry|169\/241
|
|switch|p1a: SpikyTesticles|Ferrothorn, F, shiny|352\/352
|-damage|p1a: SpikyTesticles|330\/352|[from] Stealth Rock
|
|-heal|p1a: SpikyTesticles|352\/352|[from] item: Leftovers
|turn|4
|
|move|p2a: CrazyLaundry|Trick|p1a: SpikyTesticles
|-activate|p2a: CrazyLaundry|move: Trick|[of] p1a: SpikyTesticles
|-item|p1a: SpikyTesticles|Choice Scarf|[from] move: Trick
|-item|p2a: CrazyLaundry|Leftovers|[from] move: Trick
|move|p1a: SpikyTesticles|Stealth Rock|p2a: CrazyLaundry
|-sidestart|p2: Daraku Archer|move: Stealth Rock
|
|-heal|p2a: CrazyLaundry|184\/241|[from] item: Leftovers
|turn|5
|
|switch|p1a: ScizorComeHere|Clefable, F|394\/394
|-damage|p1a: ScizorComeHere|345\/394|[from] Stealth Rock
|move|p2a: CrazyLaundry|Hydro Pump|p1a: ScizorComeHere
|-damage|p1a: ScizorComeHere|128\/394
|
|-heal|p2a: CrazyLaundry|199\/241|[from] item: Leftovers
|-heal|p1a: ScizorComeHere|152\/394|[from] item: Leftovers
|turn|6
|c|★Nedor|jesus fuck.
|
|switch|p1a: JetThing|Latios, M, shiny|302\/302
|-damage|p1a: JetThing|265\/302|[from] Stealth Rock
|move|p2a: CrazyLaundry|Hydro Pump|p1a: JetThing
|-resisted|p1a: JetThing
|-damage|p1a: JetThing|172\/302
|
|-heal|p2a: CrazyLaundry|214\/241|[from] item: Leftovers
|turn|7
|
|switch|p1a: PoopTail|Landorus-Therian, M|310\/354
|-damage|p1a: PoopTail|266\/354|[from] Stealth Rock
|-ability|p1a: PoopTail|Intimidate|[of] p2a: CrazyLaundry
|-unboost|p2a: CrazyLaundry|atk|1
|move|p2a: CrazyLaundry|Volt Switch|p1a: PoopTail
|-immune|p1a: PoopTail|[msg]
|
|-heal|p2a: CrazyLaundry|229\/241|[from] item: Leftovers
|turn|8
|
|move|p1a: PoopTail|U-turn|p2a: CrazyLaundry
|-damage|p2a: CrazyLaundry|157\/241
|
|switch|p1a: SpikyTesticles|Ferrothorn, F, shiny|352\/352
|-damage|p1a: SpikyTesticles|330\/352|[from] Stealth Rock
|move|p2a: CrazyLaundry|Hydro Pump|p1a: SpikyTesticles|[miss]
|-miss|p2a: CrazyLaundry|p1a: SpikyTesticles
|
|-heal|p2a: CrazyLaundry|172\/241|[from] item: Leftovers
|turn|9
|
|move|p2a: CrazyLaundry|Pain Split|p1a: SpikyTesticles
|-sethp|p1a: SpikyTesticles|251\/352|p2a: CrazyLaundry|241\/241|[from] move: Pain Split
|move|p1a: SpikyTesticles|Thunder Wave|p2a: CrazyLaundry
|-fail|p2a: CrazyLaundry
|
|turn|10
|c|★Daraku Archer|>electric type
|
|move|p2a: CrazyLaundry|Hydro Pump|p1a: SpikyTesticles
|-resisted|p1a: SpikyTesticles
|-damage|p1a: SpikyTesticles|179\/352
|move|p1a: SpikyTesticles|Thunder Wave|p2a: CrazyLaundry
|-fail|p2a: CrazyLaundry
|
|turn|11
|c|★Nedor|ik. predicted siwthc
|c|★Nedor|switch
|c|★Nedor|double
|c|★Nedor|ahain
|c|★Nedor|fuck
|c|★Nedor|dont need ferro
|
|move|p2a: CrazyLaundry|Hydro Pump|p1a: SpikyTesticles
|-resisted|p1a: SpikyTesticles
|-damage|p1a: SpikyTesticles|104\/352
|move|p1a: SpikyTesticles|Thunder Wave|p2a: CrazyLaundry
|-fail|p2a: CrazyLaundry
|
|turn|12
|
|move|p2a: CrazyLaundry|Volt Switch|p1a: SpikyTesticles
|-resisted|p1a: SpikyTesticles
|-damage|p1a: SpikyTesticles|56\/352
|
|switch|p2a: El Flaco|Gallade, M, shiny|278\/278
|-damage|p2a: El Flaco|261\/278|[from] Stealth Rock
|move|p1a: SpikyTesticles|Thunder Wave|p2a: El Flaco
|-status|p2a: El Flaco|par
|-enditem|p2a: El Flaco|Lum Berry|[eat]
|-curestatus|p2a: El Flaco|par
|
|turn|13
|
|move|p2a: El Flaco|Close Combat|p1a: SpikyTesticles
|-supereffective|p1a: SpikyTesticles
|-damage|p1a: SpikyTesticles|0 fnt
|-damage|p2a: El Flaco|227\/278|[from] ability: Iron Barbs|[of] p1a: SpikyTesticles
|-unboost|p2a: El Flaco|def|1
|-unboost|p2a: El Flaco|spd|1
|faint|p1a: SpikyTesticles
|
|
|switch|p1a: PoopTail|Landorus-Therian, M|266\/354
|-damage|p1a: PoopTail|222\/354|[from] Stealth Rock
|-ability|p1a: PoopTail|Intimidate|[of] p2a: El Flaco
|-unboost|p2a: El Flaco|atk|1
|turn|14
|
|switch|p2a: DaPriority|Scizor, F|344\/344
|-damage|p2a: DaPriority|301\/344|[from] Stealth Rock
|move|p1a: PoopTail|Earthquake|p2a: DaPriority
|-damage|p2a: DaPriority|99\/344
|
|turn|15
|
|detailschange|p2a: DaPriority|Scizor-Mega, F
|message|Scizor has Mega Evolved into Mega Scizor!
|move|p2a: DaPriority|Bullet Punch|p1a: PoopTail
|-damage|p1a: PoopTail|81\/354
|move|p1a: PoopTail|Earthquake|p2a: DaPriority
|-crit|p2a: DaPriority
|-damage|p2a: DaPriority|0 fnt
|faint|p2a: DaPriority
|
|
|switch|p2a: Capone|Honchkrow, M|404\/404
|-damage|p2a: Capone|303\/404|[from] Stealth Rock
|turn|16
|
|switch|p1a: ScizorComeHere|Clefable, F|152\/394
|-damage|p1a: ScizorComeHere|103\/394|[from] Stealth Rock
|move|p2a: Capone|Sucker Punch|p1a: ScizorComeHere
|-fail|p1a: ScizorComeHere
|
|-heal|p1a: ScizorComeHere|127\/394|[from] item: Leftovers
|turn|17
|
|move|p1a: ScizorComeHere|Protect|p1a: ScizorComeHere
|-singleturn|p1a: ScizorComeHere|Protect
|move|p2a: Capone|Brave Bird|p1a: ScizorComeHere
|-activate|p1a: ScizorComeHere|Protect
|
|-heal|p1a: ScizorComeHere|151\/394|[from] item: Leftovers
|turn|18
|
|move|p2a: Capone|Sucker Punch|p1a: ScizorComeHere
|-fail|p1a: ScizorComeHere
|move|p1a: ScizorComeHere|Wish|p1a: ScizorComeHere
|
|-heal|p1a: ScizorComeHere|175\/394|[from] item: Leftovers
|turn|19
|
|move|p1a: ScizorComeHere|Protect|p1a: ScizorComeHere
|-singleturn|p1a: ScizorComeHere|Protect
|move|p2a: Capone|Roost|p2a: Capone
|-heal|p2a: Capone|404\/404
|
|-heal|p1a: ScizorComeHere|372\/394|[from] move: Wish|[wisher] ScizorComeHere
|-heal|p1a: ScizorComeHere|394\/394|[from] item: Leftovers
|turn|20
|
|move|p2a: Capone|Brave Bird|p1a: ScizorComeHere
|-damage|p1a: ScizorComeHere|128\/394
|-damage|p2a: Capone|316\/404|[from] recoil|[of] p1a: ScizorComeHere
|-damage|p2a: Capone|276\/404|[from] item: Life Orb
|move|p1a: ScizorComeHere|Wish|p1a: ScizorComeHere
|
|-heal|p1a: ScizorComeHere|152\/394|[from] item: Leftovers
|turn|21
|
|switch|p2a: El Flaco|Gallade, M, shiny|227\/278
|-damage|p2a: El Flaco|210\/278|[from] Stealth Rock
|switch|p1a: MotorBoat|Terrakion, shiny|243\/323
|-damage|p1a: MotorBoat|223\/323|[from] Stealth Rock
|
|-heal|p1a: MotorBoat|323\/323|[from] move: Wish|[wisher] ScizorComeHere
|turn|22
|
|switch|p1a: JetThing|Latios, M, shiny|172\/302
|-damage|p1a: JetThing|135\/302|[from] Stealth Rock
|move|p2a: El Flaco|Close Combat|p1a: JetThing
|-resisted|p1a: JetThing
|-damage|p1a: JetThing|9\/302
|-unboost|p2a: El Flaco|def|1
|-unboost|p2a: El Flaco|spd|1
|
|turn|23
|
|move|p2a: El Flaco|Shadow Sneak|p1a: JetThing
|-supereffective|p1a: JetThing
|-damage|p1a: JetThing|0 fnt
|faint|p1a: JetThing
|
|
|switch|p1a: Hmmm...Which|Charizard, M, shiny|360\/360
|-damage|p1a: Hmmm...Which|180\/360|[from] Stealth Rock
|turn|24
|
|switch|p2a: FuckEarthquake|Heatran, F|366\/386
|-damage|p2a: FuckEarthquake|318\/386|[from] Stealth Rock
|detailschange|p1a: Hmmm...Which|Charizard-Mega-Y, M, shiny
|message|Charizard has Mega Evolved into Mega Charizard!
|-weather|SunnyDay
|move|p1a: Hmmm...Which|Roost|p1a: Hmmm...Which
|-heal|p1a: Hmmm...Which|360\/360
|
|-weather|SunnyDay|[upkeep]
|turn|25
|
|move|p1a: Hmmm...Which|Focus Blast|p2a: FuckEarthquake|[miss]
|-miss|p1a: Hmmm...Which|p2a: FuckEarthquake
|move|p2a: FuckEarthquake|Lava Plume|p1a: Hmmm...Which
|-resisted|p1a: Hmmm...Which
|-damage|p1a: Hmmm...Which|259\/360
|
|-weather|SunnyDay|[upkeep]
|turn|26
|
|move|p1a: Hmmm...Which|Focus Blast|p2a: FuckEarthquake|[miss]
|-miss|p1a: Hmmm...Which|p2a: FuckEarthquake
|move|p2a: FuckEarthquake|Lava Plume|p1a: Hmmm...Which
|-resisted|p1a: Hmmm...Which
|-damage|p1a: Hmmm...Which|156\/360
|
|-weather|SunnyDay|[upkeep]
|turn|27
|c|★Nedor|bruh.
|
|move|p1a: Hmmm...Which|Roost|p1a: Hmmm...Which
|-heal|p1a: Hmmm...Which|336\/360
|move|p2a: FuckEarthquake|Earth Power|p1a: Hmmm...Which
|-supereffective|p1a: Hmmm...Which
|-damage|p1a: Hmmm...Which|114\/360
|
|-weather|SunnyDay|[upkeep]
|turn|28
|
|move|p1a: Hmmm...Which|Focus Blast|p2a: FuckEarthquake|[miss]
|-miss|p1a: Hmmm...Which|p2a: FuckEarthquake
|move|p2a: FuckEarthquake|Lava Plume|p1a: Hmmm...Which
|-resisted|p1a: Hmmm...Which
|-damage|p1a: Hmmm...Which|10\/360
|
|-weather|none
|turn|29
|c|★Nedor|I wanna die.
|
|move|p1a: Hmmm...Which|Focus Blast|p2a: FuckEarthquake|[miss]
|-miss|p1a: Hmmm...Which|p2a: FuckEarthquake
|move|p2a: FuckEarthquake|Lava Plume|p1a: Hmmm...Which
|-resisted|p1a: Hmmm...Which
|-damage|p1a: Hmmm...Which|0 fnt
|faint|p1a: Hmmm...Which
|
|c|★Daraku Archer|dude
|
|switch|p1a: MotorBoat|Terrakion, shiny|323\/323
|-damage|p1a: MotorBoat|303\/323|[from] Stealth Rock
|turn|30
|c|★Daraku Archer|it's (un)focus fucking blast.
|c|★Nedor|I get that. but 4 misses.
|c|★Nedor|:\/
|
|move|p1a: MotorBoat|Substitute|p1a: MotorBoat
|-start|p1a: MotorBoat|Substitute
|-damage|p1a: MotorBoat|223\/323
|move|p2a: FuckEarthquake|Earth Power|p1a: MotorBoat
|-supereffective|p1a: MotorBoat
|-end|p1a: MotorBoat|Substitute
|
|turn|31
|
|move|p1a: MotorBoat|Close Combat|p2a: FuckEarthquake
|-supereffective|p2a: FuckEarthquake
|-damage|p2a: FuckEarthquake|0 fnt
|-unboost|p1a: MotorBoat|def|1
|-unboost|p1a: MotorBoat|spd|1
|faint|p2a: FuckEarthquake
|
|
|switch|p2a: CrazyLaundry|Rotom-Wash|241\/241
|-damage|p2a: CrazyLaundry|211\/241|[from] Stealth Rock
|turn|32
|
|switch|p1a: ScizorComeHere|Clefable, F|152\/394
|-damage|p1a: ScizorComeHere|103\/394|[from] Stealth Rock
|move|p2a: CrazyLaundry|Hydro Pump|p1a: ScizorComeHere
|-crit|p1a: ScizorComeHere
|-damage|p1a: ScizorComeHere|0 fnt
|faint|p1a: ScizorComeHere
|
|-heal|p2a: CrazyLaundry|226\/241|[from] item: Leftovers
|
|switch|p1a: PoopTail|Landorus-Therian, M|81\/354
|-damage|p1a: PoopTail|37\/354|[from] Stealth Rock
|-ability|p1a: PoopTail|Intimidate|[of] p2a: CrazyLaundry
|-unboost|p2a: CrazyLaundry|atk|1
|turn|33
|
|move|p1a: PoopTail|Stone Edge|p2a: CrazyLaundry|[miss]
|-miss|p1a: PoopTail|p2a: CrazyLaundry
|move|p2a: CrazyLaundry|Hydro Pump|p1a: PoopTail
|-supereffective|p1a: PoopTail
|-damage|p1a: PoopTail|0 fnt
|faint|p1a: PoopTail
|
|-heal|p2a: CrazyLaundry|241\/241|[from] item: Leftovers
|
|switch|p1a: MotorBoat|Terrakion, shiny|223\/323
|-damage|p1a: MotorBoat|203\/323|[from] Stealth Rock
|turn|34
|
|move|p1a: MotorBoat|Close Combat|p2a: CrazyLaundry
|-damage|p2a: CrazyLaundry|60\/241
|-unboost|p1a: MotorBoat|def|1
|-unboost|p1a: MotorBoat|spd|1
|move|p2a: CrazyLaundry|Hydro Pump|p1a: MotorBoat
|-crit|p1a: MotorBoat
|-supereffective|p1a: MotorBoat
|-damage|p1a: MotorBoat|0 fnt
|faint|p1a: MotorBoat
|
|win|Daraku Archer
|raw|Ladder updating...
|raw|Nedor's rating: 1555 &rarr; <strong>1530<\/strong><br \/>(-25 for losing)
|raw|Daraku Archer's rating: 1452 &rarr; <strong>1478<\/strong><br \/>(+26 for winning)