|join|LT1A Masterclass
|join|Nedor
|player|p1|LT1A Masterclass|2
|player|p2|Nedor|292
|gametype|singles
|gen|6
|tier|OU
|rated
|clearpoke
|poke|p1|Alakazam, F, shiny
|poke|p1|Ferrothorn, F
|poke|p1|Manaphy, shiny
|poke|p1|Kyurem-Black
|poke|p1|Landorus-Therian, M
|poke|p1|Zapdos
|poke|p2|Heracross, F
|poke|p2|Thundurus, M
|poke|p2|Keldeo-Resolute
|poke|p2|Latias, F
|poke|p2|Heatran, F
|poke|p2|Magnezone
|rule|Swagger Clause: Swagger is banned
|rule|Baton Pass Clause: Limit one Pokémon knowing Baton Pass
|rule|Sleep Clause Mod: Limit one foe put to sleep
|rule|Species Clause: Limit one of each Pokémon
|rule|OHKO Clause: OHKO moves are banned
|rule|Moody Clause: Moody is banned
|rule|Evasion Moves Clause: Evasion moves are banned
|rule|Endless Battle Clause: Forcing endless battles is banned
|rule|HP Percentage Mod: HP is shown in percentages
|teampreview
|join|doge ebinest
|join|lce Kyub
|join|y4
|join|Mecha Insect
|join|Breeloom
|join|SAGA
|join|chumped
|join|Sugar K Leonard
|join|TOTEMO
|c|★Nedor|Why so many people .
|
|start
|switch|p1a: Alakazam|Alakazam, F, shiny|251\/251
|switch|p2a: High Unicorn|Keldeo-Resolute|322\/322
|turn|1
|c| y4|i'm shofu
|c| Sugar K Leonard|shofuj
|c|+TOTEMO|scarf keld
|c| Breeloom|shofu
|c|+TOTEMO|y\/n
|join|sofa king cool
|c| y4|y
|join|LT1A Salad
|c| SAGA|we are from \/r\/ pokemon
|c|★Nedor|YOO.
|join|bro flst
|join|sugarhigh
|c| y4|WHAT UP REDDIT!
|c|★Nedor|Love ya shofu, gl.
|c| doge ebinest|lmao
|c|★LT1A Masterclass|bro flst
|c| doge ebinest|epic
|c|★LT1A Masterclass|is that the real you
|
|switch|p2a: Verlis is Aids|Heatran, F|385\/385
|switch|p1a: Manaphy|Manaphy, shiny|403\/403
|
|turn|2
|join|reddit gold user
|c| Breeloom|that was only a play shofu could make
|
|switch|p2a: Period Blood|Latias, F|302\/302
|move|p1a: Manaphy|Rain Dance|p1a: Manaphy
|-weather|RainDance
|
|-weather|RainDance|[upkeep]
|turn|3
|
|switch|p1a: Ferrothorn|Ferrothorn, F|351\/351
|move|p2a: Period Blood|Psyshock|p1a: Ferrothorn
|-crit|p1a: Ferrothorn
|-resisted|p1a: Ferrothorn
|-damage|p1a: Ferrothorn|294\/351
|
|-weather|RainDance|[upkeep]
|-heal|p1a: Ferrothorn|315\/351|[from] item: Leftovers
|turn|4
|join|LT1X Nuanda92
|c| LT1A Salad|Nedor fancies the shit out of you shofu
|c| y4|GEE...
|c| y4|I WONDER IF HE'LL GO MAG...
|
|switch|p2a: hehe bye bitch|Magnezone|282\/282
|move|p1a: Ferrothorn|Leech Seed|p2a: hehe bye bitch
|-start|p2a: hehe bye bitch|move: Leech Seed
|
|-weather|RainDance|[upkeep]
|-heal|p1a: Ferrothorn|336\/351|[from] item: Leftovers
|-damage|p2a: hehe bye bitch|247\/282|[from] Leech Seed|[of] p1a: Ferrothorn
|-heal|p1a: Ferrothorn|351\/351|[silent]
|turn|5
|join|Ned Kelly
|
|move|p1a: Ferrothorn|Protect|p1a: Ferrothorn
|-singleturn|p1a: Ferrothorn|Protect
|move|p2a: hehe bye bitch|Hidden Power|p1a: Ferrothorn
|-activate|p1a: Ferrothorn|Protect
|
|-weather|RainDance|[upkeep]
|-damage|p2a: hehe bye bitch|212\/282|[from] Leech Seed|[of] p1a: Ferrothorn
|turn|6
|c| y4|u got MAGNEZONE'D!
|join|Inflikted
|c| doge ebinest|heh
|
|switch|p2a: Verlis is Aids|Heatran, F|385\/385
|move|p1a: Ferrothorn|Stealth Rock|p2a: Verlis is Aids
|-sidestart|p2: Nedor|move: Stealth Rock
|
|-weather|none
|turn|7
|c| y4|ok cya
|join|Sinclair
|
|switch|p1a: Manaphy|Manaphy, shiny|403\/403
|move|p2a: Verlis is Aids|Stealth Rock|p1a: Manaphy
|-sidestart|p1: LT1A Masterclass|move: Stealth Rock
|
|turn|8
|
|switch|p2a: Period Blood|Latias, F|302\/302
|-damage|p2a: Period Blood|265\/302|[from] Stealth Rock
|move|p1a: Manaphy|Rain Dance|p1a: Manaphy
|-weather|RainDance
|
|-weather|RainDance|[upkeep]
|-heal|p2a: Period Blood|283\/302|[from] item: Leftovers
|turn|9
|join|MegaRed1
|
|move|p2a: Period Blood|Draco Meteor|p1a: Manaphy
|-damage|p1a: Manaphy|180\/403
|-unboost|p2a: Period Blood|spa|2
|move|p1a: Manaphy|Tail Glow|p1a: Manaphy
|-boost|p1a: Manaphy|spa|3
|
|-weather|RainDance|[upkeep]
|-heal|p2a: Period Blood|301\/302|[from] item: Leftovers
|-heal|p1a: Manaphy|205\/403|[from] item: Leftovers
|turn|10
|join|haunter
|
|switch|p2a: Verlis is Aids|Heatran, F|385\/385
|-damage|p2a: Verlis is Aids|337\/385|[from] Stealth Rock
|move|p1a: Manaphy|Scald|p2a: Verlis is Aids
|-supereffective|p2a: Verlis is Aids
|-damage|p2a: Verlis is Aids|0 fnt
|faint|p2a: Verlis is Aids
|
|-weather|RainDance|[upkeep]
|-heal|p1a: Manaphy|230\/403|[from] item: Leftovers
|c| Breeloom|magne__owned__
|
|switch|p2a: hehe bye bitch|Magnezone|212\/282
|-damage|p2a: hehe bye bitch|195\/282|[from] Stealth Rock
|turn|11
|
|switch|p1a: Ferrothorn|Ferrothorn, F|351\/351
|-damage|p1a: Ferrothorn|330\/351|[from] Stealth Rock
|move|p2a: hehe bye bitch|Volt Switch|p1a: Ferrothorn
|-resisted|p1a: Ferrothorn
|-damage|p1a: Ferrothorn|278\/351
|join|sunny le canard
|
|switch|p2a: High Unicorn|Keldeo-Resolute|322\/322
|-damage|p2a: High Unicorn|302\/322|[from] Stealth Rock
|
|-weather|RainDance|[upkeep]
|-heal|p1a: Ferrothorn|299\/351|[from] item: Leftovers
|turn|12
|
|move|p1a: Ferrothorn|Protect|p1a: Ferrothorn
|-singleturn|p1a: Ferrothorn|Protect
|move|p2a: High Unicorn|Secret Sword|p1a: Ferrothorn
|-activate|p1a: Ferrothorn|Protect
|
|-weather|none
|-heal|p1a: Ferrothorn|320\/351|[from] item: Leftovers
|turn|13
|
|switch|p1a: Zapdos|Zapdos|383\/383
|-damage|p1a: Zapdos|288\/383|[from] Stealth Rock
|-ability|p1a: Zapdos|Pressure
|move|p2a: High Unicorn|Secret Sword|p1a: Zapdos
|-resisted|p1a: Zapdos
|-damage|p1a: Zapdos|188\/383
|
|-heal|p1a: Zapdos|211\/383|[from] item: Leftovers
|turn|14
|join|MushMunkey
|join|ghdxs
|
|move|p2a: High Unicorn|Secret Sword|p1a: Zapdos
|-resisted|p1a: Zapdos
|-damage|p1a: Zapdos|109\/383
|move|p1a: Zapdos|Roost|p1a: Zapdos
|-heal|p1a: Zapdos|301\/383
|
|-heal|p1a: Zapdos|324\/383|[from] item: Leftovers
|turn|15
|c|★LT1A Masterclass|breh
|c|★LT1A Masterclass|you supposed to switch
|
|switch|p2a: Period Blood|Latias, F|301\/302
|-damage|p2a: Period Blood|264\/302|[from] Stealth Rock
|move|p1a: Zapdos|Discharge|p2a: Period Blood
|-resisted|p2a: Period Blood
|-damage|p2a: Period Blood|219\/302
|-status|p2a: Period Blood|par
|
|-heal|p1a: Zapdos|347\/383|[from] item: Leftovers
|-heal|p2a: Period Blood|237\/302 par|[from] item: Leftovers
|turn|16
|join|LT1A dekzeh
|c|★Nedor|thought defog.
|c|★LT1A Masterclass|whats defog
|c|★LT1A Masterclass|?
|c| LT1A Salad|^^
|c| LT1A dekzeh|masterclass is new
|
|switch|p2a: Thug .|Heracross, F|311\/311
|-damage|p2a: Thug .|273\/311|[from] Stealth Rock
|move|p1a: Zapdos|Defog|p2a: Thug .
|-unboost|p2a: Thug .|evasion|1
|-sideend|p2: Nedor|Stealth Rock|[from] move: Defog|[of] p2a: Thug .
|-sideend|p1: LT1A Masterclass|Stealth Rock|[from] move: Defog|[of] p1a: Zapdos
|
|-heal|p1a: Zapdos|370\/383|[from] item: Leftovers
|turn|17
|c| LT1A dekzeh|n_n
|c| sunny le canard|lol
|join|i came from leddit
|
|move|p2a: Thug .|Rock Blast|p1a: Zapdos
|-supereffective|p1a: Zapdos
|-damage|p1a: Zapdos|314\/383
|-supereffective|p1a: Zapdos
|-damage|p1a: Zapdos|262\/383
|-hitcount|p1a: Zapdos|2
|move|p1a: Zapdos|Heat Wave|p2a: Thug .
|-supereffective|p2a: Thug .
|-damage|p2a: Thug .|83\/311
|
|-heal|p1a: Zapdos|285\/383|[from] item: Leftovers
|turn|18
|c|★Nedor|FUCK
|c|★LT1A Masterclass|who needs da mega
|c| LT1A dekzeh|why bother megaevolving right
|c|★Nedor|CANCEL BUTTON
|c|★Nedor|CAN FUCK ITSELF.
|
|detailschange|p2a: Thug .|Heracross-Mega, F
|message|Heracross has Mega Evolved into Mega Heracross!
|move|p2a: Thug .|Rock Blast|p1a: Zapdos
|-supereffective|p1a: Zapdos
|-damage|p1a: Zapdos|215\/383
|-supereffective|p1a: Zapdos
|-damage|p1a: Zapdos|143\/383
|-supereffective|p1a: Zapdos
|-damage|p1a: Zapdos|73\/383
|-supereffective|p1a: Zapdos
|-damage|p1a: Zapdos|0 fnt
|-hitcount|p1a: Zapdos|4
|faint|p1a: Zapdos
|
|c|★LT1A Masterclass|its ok man i did the same in spl
|join|z0mOG
|
|switch|p1a: Alakazam|Alakazam, F, shiny|251\/251
|turn|19
|
|switch|p2a: hehe bye bitch|Magnezone|195\/282
|detailschange|p1a: Alakazam|Alakazam-Mega, F, shiny
|message|Alakazam has Mega Evolved into Mega Alakazam!
|-ability|p1a: Alakazam|Magnet Pull|[from] ability: Trace|[of] p2a: hehe bye bitch
|move|p1a: Alakazam|Shadow Ball|p2a: hehe bye bitch
|-damage|p2a: hehe bye bitch|47\/282
|
|turn|20
|c| Sinclair|trapped.
|
|move|p1a: Alakazam|Shadow Ball|p2a: hehe bye bitch
|-crit|p2a: hehe bye bitch
|-damage|p2a: hehe bye bitch|0 fnt
|faint|p2a: hehe bye bitch
|
|join|Ferb
|c|★LT1A Masterclass|I felt cornered
|
|switch|p2a: High Unicorn|Keldeo-Resolute|302\/322
|turn|21
|c|★LT1A Masterclass|thats so not scarf
|c|★LT1A Masterclass|this is a bluff
|c|★Nedor|mk.
|join|Henry
|c| Sugar K Leonard|Not very good at poker
|c|★LT1A Masterclass|its a fuckin bluff
|
|switch|p1a: Ferrothorn|Ferrothorn, F|320\/351
|move|p2a: High Unicorn|Scald|p1a: Ferrothorn
|-resisted|p1a: Ferrothorn
|-damage|p1a: Ferrothorn|233\/351
|
|-heal|p1a: Ferrothorn|254\/351|[from] item: Leftovers
|turn|22
|join|Luis Henrique PS
|
|switch|p2a: Dildo Tail|Thundurus, M|299\/299
|move|p1a: Ferrothorn|Gyro Ball|p2a: Dildo Tail
|-resisted|p2a: Dildo Tail
|-damage|p2a: Dildo Tail|184\/299
|
|-heal|p1a: Ferrothorn|275\/351|[from] item: Leftovers
|turn|23
|join|y00n
|c|★LT1A Masterclass|thats not life orb
|c|★LT1A Masterclass|you're bluffing
|c|★Nedor|nope.
|
|switch|p1a: Landorus-Therian|Landorus-Therian, M|319\/319
|-ability|p1a: Landorus-Therian|Intimidate|[of] p2a: Dildo Tail
|-unboost|p2a: Dildo Tail|atk|1
|move|p2a: Dildo Tail|Taunt|p1a: Landorus-Therian
|-start|p1a: Landorus-Therian|move: Taunt
|
|turn|24
|c| Sinclair|why u gotta name it dildo tail
|c| LT1A Salad|y0 the types of PM i've had... ''you think you're all cool with your clan''
|c|★LT1A Masterclass|knock off
|c| Sinclair|not even anal beeds
|c| LT1A Salad|nigga
|c|★LT1A Masterclass|or stone edge
|c| Sinclair|or somethin
|c|★LT1A Masterclass|ill let the fans choose
|c| Henry|use eq
|c| bro flst|sinclair is gay
|c| Henry|predicr the magnezone
|c| Sinclair|bro flst is mexican
|c| Henry|and heatran
|c| LT1A Salad|Use Psychic
|c| Paralyshit|eq if real
|join|LT1A sugarhigh
|c| MegaRed1|knock off
|join|a spirit of steel
|c|★LT1A Masterclass|these ngigas darin me
|join|aicrum
|
|switch|p2a: High Unicorn|Keldeo-Resolute|302\/322
|move|p1a: Landorus-Therian|Earthquake|p2a: High Unicorn
|-damage|p2a: High Unicorn|89\/322
|
|turn|25
|c| Sinclair|nigga
|c| Sinclair|uturn
|c| Sinclair|dam
|c|★LT1A Masterclass|they fuckin dared me tho
|c|★Nedor|ay.
|join|y00n
|c| Henry|HAHAHAHAA
|c| Sinclair|2pro
|join|Basedlord CTC
|c|★Nedor|CTC.
|c|★Nedor|FUCK.
|c| Paralyshit|omfg
|c| Sinclair|who?
|c|★LT1A Masterclass|who
|c|★LT1A Masterclass|?
|c| LT1A Salad|shit just got real
|c| Sinclair|gotm
|
|switch|p1a: Manaphy|Manaphy, shiny|230\/403
|move|p2a: High Unicorn|Scald|p1a: Manaphy
|-resisted|p1a: Manaphy
|-damage|p1a: Manaphy|129\/403
|-status|p1a: Manaphy|brn
|
|-heal|p1a: Manaphy|154\/403 brn|[from] item: Leftovers
|-damage|p1a: Manaphy|104\/403 brn|[from] brn
|turn|26
|join|LT1A Luis Henrique
|
|move|p2a: High Unicorn|Scald|p1a: Manaphy
|-resisted|p1a: Manaphy
|-damage|p1a: Manaphy|0 fnt
|faint|p1a: Manaphy
|
|c|★LT1A Masterclass|wait
|join|bch nga
|c|★LT1A Masterclass|that can't be
|c|★LT1A Masterclass|scarf damage
|c|★LT1A Masterclass|can it
|leave|z0mOG
|join|chimpact
|c| Sinclair|idk it did kind of a lot to ferro
|c| Henry|did u keep
|c| Henry|evs
|leave|LT1A sugarhigh
|c| Sinclair|idk ur evs tho
|c| LT1A dekzeh|do u want us to ghost u
|c| LT1A dekzeh|come on man
|
|switch|p1a: Alakazam|Alakazam-Mega, F, shiny|251\/251
|-ability|p1a: Alakazam|Justified|[from] ability: Trace|[of] p2a: High Unicorn
|turn|27
|c|★Nedor|chimpact. fjdfpojdee all these people.. i watch all of your shit
|c|★LT1A Masterclass|that aint scarf
|c|★LT1A Masterclass|bs
|c| LT1A dekzeh|is this going on youtube sweep
|c| y00n|nothing in his team is scarf.
|c| LT1A Salad|ghost=banned no gengars alowed
|leave|Basedlord CTC
|
|switch|p2a: Period Blood|Latias, F|237\/302 par
|move|p1a: Alakazam|Psychic|p2a: Period Blood
|-resisted|p2a: Period Blood
|-damage|p2a: Period Blood|147\/302 par
|
|-heal|p2a: Period Blood|165\/302 par|[from] item: Leftovers
|turn|28
|c|★LT1A Masterclass|no
|c|★LT1A Masterclass|dekzeh
|c|★LT1A Masterclass|i planned
|c|★LT1A Masterclass|to make
|c| LT1A dekzeh|damn
|leave|LT1A Luis Henrique
|c|★LT1A Masterclass|Lt1b for youtubve
|c|★LT1A Masterclass|but
|c|★LT1A Masterclass|i fucked p something
|c|★LT1A Masterclass|so
|c|★LT1A Masterclass|LT1C
|c|★LT1A Masterclass|will be for youtube
|c|★LT1A Masterclass|;]
|join|LT1A LzrGunPewPew
|
|move|p1a: Alakazam|Shadow Ball|p2a: Period Blood
|-supereffective|p2a: Period Blood
|-damage|p2a: Period Blood|0 fnt
|faint|p2a: Period Blood
|
|leave|Breeloom
|
|switch|p2a: Dildo Tail|Thundurus, M|184\/299
|turn|29
|join|LT1A teamsnickers
|c| y00n|sweep alakazam
|join|LOLJOEY 22
|
|switch|p1a: Landorus-Therian|Landorus-Therian, M|319\/319
|-ability|p1a: Landorus-Therian|Intimidate|[of] p2a: Dildo Tail
|-unboost|p2a: Dildo Tail|atk|1
|move|p2a: Dildo Tail|Thunder Wave|p1a: Landorus-Therian
|-immune|p1a: Landorus-Therian|[msg]
|
|turn|30
|c| LT1A Salad|Look, Nedor. Alakazam so strong ;)
|c|★LT1A Masterclass|ok
|c| LT1A teamsnickers|**NICE**
|c|★LT1A Masterclass|choose the move.
|c| LT1A teamsnickers|**TWAVE**
|c| LT1A teamsnickers|**mate**
|
|switch|p1a: Alakazam|Alakazam-Mega, F, shiny|251\/251
|-ability|p1a: Alakazam|Prankster|[from] ability: Trace|[of] p2a: Dildo Tail
|move|p2a: Dildo Tail|Hidden Power|p1a: Alakazam
|-damage|p1a: Alakazam|164\/251
|-damage|p2a: Dildo Tail|155\/299|[from] item: Life Orb
|
|turn|31
|c| LT1A teamsnickers|**nice hp ice**
|c| LT1A teamsnickers|**mate**
|c|★LT1A Masterclass|fuck
|join|Basedlord CTC
|c|★LT1A Masterclass|why didn't you switch
|c|★Nedor|hp flying.
|leave|sofa king cool
|c| LT1A teamsnickers|master
|c|★Nedor|no switch ins. :\/
|c| LT1A teamsnickers|tbh you should stay in
|c| LT1A teamsnickers|or sack cube
|c|★LT1A Masterclass|no shit teamsnickers.
|
|move|p1a: Alakazam|Substitute|p1a: Alakazam
|-start|p1a: Alakazam|Substitute
|-damage|p1a: Alakazam|102\/251
|move|p2a: Dildo Tail|Thunder Wave|p1a: Alakazam
|
|turn|32
|c| LT1A teamsnickers|kek
|c|★LT1A Masterclass|i only switched to
|c|★LT1A Masterclass|zam
|c|★LT1A Masterclass|for this
|c|★Nedor|gg
|c| LT1A teamsnickers|nice
|c|★Nedor|i suck.
|c|★LT1A Masterclass|had to do it
|c| LT1A teamsnickers|he really did
|c| Paralyshit|omg prankster
|c| LOLJOEY 22|lol no prankster
|c| LT1A dekzeh|clever
|
|move|p1a: Alakazam|Psychic|p2a: Dildo Tail
|-damage|p2a: Dildo Tail|0 fnt
|faint|p2a: Dildo Tail
|
|c| Henry|LOLJOEY 22: lol no prankster
|c| y00n|oml
|
|switch|p2a: High Unicorn|Keldeo-Resolute|89\/322
|turn|33
|c| Henry|idiot
|c|★LT1A Masterclass|it just makes zam look useful
|c| LT1A LzrGunPewPew|LOLJOEY 22
|c| y00n|playz
|c| Paralyshit|zam doin them mind games
|c| LT1A LzrGunPewPew|trace
|c| LT1A LzrGunPewPew|:(
|
|move|p1a: Alakazam|Focus Blast|p2a: High Unicorn|[miss]
|-miss|p1a: Alakazam|p2a: High Unicorn
|move|p2a: High Unicorn|Scald|p1a: Alakazam
|-end|p1a: Alakazam|Substitute
|
|turn|34
|c|★Nedor|real af
|c| LOLJOEY 22|i said he traced prankster
|
|move|p1a: Alakazam|Focus Blast|p2a: High Unicorn|[miss]
|-miss|p1a: Alakazam|p2a: High Unicorn
|move|p2a: High Unicorn|Scald|p1a: Alakazam
|-damage|p1a: Alakazam|0 fnt
|faint|p1a: Alakazam
|
|c|★LT1A Masterclass|the fuck is that
|c| LT1A teamsnickers|i luv how master does that like  i do sometime
|c| LT1A teamsnickers|s
|c|★Nedor|the skillfull dodge
|c| LT1A Salad|the showoff?
|c| LT1A teamsnickers|just have fun when u already won
|
|switch|p1a: Landorus-Therian|Landorus-Therian, M|319\/319
|-ability|p1a: Landorus-Therian|Intimidate|[of] p2a: High Unicorn
|-unboost|p2a: High Unicorn|atk|1
|turn|35
|c| LT1A teamsnickers|it is a game after all
|join|LT1A cosine180
|c| LT1A dekzeh|endure salac keldeos weep imo
|
|move|p1a: Landorus-Therian|Earthquake|p2a: High Unicorn
|-damage|p2a: High Unicorn|0 fnt
|faint|p2a: High Unicorn
|
|leave|Basedlord CTC
|
|switch|p2a: Thug .|Heracross-Mega, F|83\/311
|turn|36
|c| LT1A dekzeh|damn
|
|move|p1a: Landorus-Therian|Earthquake|p2a: Thug .
|-resisted|p2a: Thug .
|-damage|p2a: Thug .|3\/311
|move|p2a: Thug .|Rock Blast|p1a: Landorus-Therian
|-damage|p1a: Landorus-Therian|268\/319
|-damage|p1a: Landorus-Therian|219\/319
|-damage|p1a: Landorus-Therian|172\/319
|-damage|p1a: Landorus-Therian|124\/319
|-damage|p1a: Landorus-Therian|74\/319
|-hitcount|p1a: Landorus-Therian|5
|
|turn|37
|c|★LT1A Masterclass|are you kidding me
|c| LT1A teamsnickers|nb
|c| LT1A LzrGunPewPew|miss eq here
|c|★Nedor|gg. honour. :\/
|c|★LT1A Masterclass|well ferro is the only one who didnt get a kill
|
|switch|p1a: Ferrothorn|Ferrothorn, F|275\/351
|move|p2a: Thug .|Rock Blast|p1a: Ferrothorn
|-resisted|p1a: Ferrothorn
|-damage|p1a: Ferrothorn|262\/351
|-resisted|p1a: Ferrothorn
|-damage|p1a: Ferrothorn|248\/351
|-resisted|p1a: Ferrothorn
|-damage|p1a: Ferrothorn|234\/351
|-resisted|p1a: Ferrothorn
|-damage|p1a: Ferrothorn|221\/351
|-resisted|p1a: Ferrothorn
|-damage|p1a: Ferrothorn|207\/351
|-hitcount|p1a: Ferrothorn|5
|
|-heal|p1a: Ferrothorn|228\/351|[from] item: Leftovers
|turn|38
|c| LT1A dekzeh|sacrifice for the kill
|join|LT1A BLUNDER
|
|move|p2a: Thug .|Pin Missile|p1a: Ferrothorn
|-damage|p1a: Ferrothorn|188\/351
|-damage|p1a: Ferrothorn|143\/351
|-damage|p1a: Ferrothorn|103\/351
|-damage|p1a: Ferrothorn|64\/351
|-damage|p1a: Ferrothorn|22\/351
|-hitcount|p1a: Ferrothorn|5
|move|p1a: Ferrothorn|Stealth Rock|p2a: Thug .
|-sidestart|p2: Nedor|move: Stealth Rock
|
|-heal|p1a: Ferrothorn|43\/351|[from] item: Leftovers
|turn|39
|c|★LT1A Masterclass|yes
|c|★LT1A Masterclass|dis nigga
|c|★LT1A Masterclass|like an arab
|join|LT1A Qwil
|c|★LT1A Masterclass|fuck.
|c| Henry|haaaaaaaaaa
|c| LT1A LzrGunPewPew|lmao
|
|move|p1a: Ferrothorn|Protect|p1a: Ferrothorn
|-singleturn|p1a: Ferrothorn|Protect
|move|p2a: Thug .|Rock Blast|p1a: Ferrothorn
|-activate|p1a: Ferrothorn|Protect
|
|-heal|p1a: Ferrothorn|64\/351|[from] item: Leftovers
|turn|40
|
|move|p1a: Ferrothorn|Protect|p1a: Ferrothorn
|-fail|p1a: Ferrothorn
|move|p2a: Thug .|Pin Missile|p1a: Ferrothorn
|-damage|p1a: Ferrothorn|25\/351
|-damage|p1a: Ferrothorn|0 fnt
|-hitcount|p1a: Ferrothorn|2
|faint|p1a: Ferrothorn
|
|
|switch|p1a: Kyurem-Black|Kyurem-Black|405\/405
|-ability|p1a: Kyurem-Black|Teravolt
|turn|41
|join|Austin
|c| y00n|yeah
|
|move|p1a: Kyurem-Black|Earth Power|p2a: Thug .
|-resisted|p2a: Thug .
|-damage|p2a: Thug .|0 fnt
|-damage|p1a: Kyurem-Black|365\/405|[from] item: Life Orb
|faint|p2a: Thug .
|
|win|LT1A Masterclass
|raw|Ladder updating...
|raw|LT1A Masterclass's rating: 1828 &rarr; <strong>1844<\/strong><br \/>(+16 for winning)
|raw|Nedor's rating: 1741 &rarr; <strong>1726<\/strong><br \/>(-15 for losing)
|leave|LT1A Masterclass
|player|p1
|c| y00n|i know u lost to Kratos now.
|leave|haunter
|leave|Nedor
|leave|MegaRed1
|leave|LT1A cosine180
|leave|SAGA
|leave|Sinclair
|leave|LT1A dekzeh
|leave|Ned Kelly
|player|p2
|leave|Henry
|leave|aicrum
|leave|LT1A LzrGunPewPew
|c| Austin|Gg
|leave|LT1A Salad
|leave|y00n
|leave|sunny le canard
|leave|i came from leddit
|leave|LT1A Qwil