|join|CoolStoryBrobat
|join|DM35
|join|Oregon Ducks
|join|Shit User
|join|poland46
|join|Mike Hunts
|player|p1|CoolStoryBrobat|212
|player|p2|DM35|266
|gametype|singles
|gen|6
|tier|UU
|rule|Sleep Clause Mod: Limit one foe put to sleep
|rule|Species Clause: Limit one of each Pokémon
|rule|OHKO Clause: OHKO moves are banned
|rule|Moody Clause: Moody is banned
|rule|Evasion Moves Clause: Evasion moves are banned
|rule|Endless Battle Clause: Forcing endless battles is banned
|rule|HP Percentage Mod: HP is shown in percentages
|clearpoke
|poke|p1|Pidgeot, F
|poke|p1|Zygarde
|poke|p1|Entei, shiny
|poke|p1|Suicune
|poke|p1|Crobat, M
|poke|p1|Hippowdon, M
|poke|p2|Sceptile, M, shiny
|poke|p2|Empoleon, M
|poke|p2|Rotom-Heat
|poke|p2|Crobat, F
|poke|p2|Hippowdon, F
|poke|p2|Umbreon, M
|rule|Swagger Clause: Swagger is banned
|rule|Baton Pass Clause: Limit one Pokémon knowing Baton Pass
|teampreview
|join|weepeverybattle
|c|★DM35|gl
|c|★CoolStoryBrobat|In order to maintain my clarity and move forward in life...I have to slay you
|c|★CoolStoryBrobat|Have fun
|join|swordofspheals
|join|baenail
|c| poland46|the next typ eof ost showdown should get for battles is the zinnia one
|c| swordofspheals|your teams look similar
|c| swordofspheals|but not really
|
|start
|switch|p1a: Zygarde|Zygarde|357\/357
|switch|p2a: Rotom-Heat|Rotom-Heat|241\/241
|-ability|p1a: Zygarde|Aura Break
|turn|1
|c|★CoolStoryBrobat|We both got the Hippo + Bat combo
|join|Cell in a Hell
|c| swordofspheals|and a fire and water type
|
|move|p2a: Rotom-Heat|Will-O-Wisp|p1a: Zygarde|[miss]
|-miss|p2a: Rotom-Heat|p1a: Zygarde
|move|p1a: Zygarde|Stone Edge|p2a: Rotom-Heat
|-supereffective|p2a: Rotom-Heat
|-damage|p2a: Rotom-Heat|0 fnt
|-damage|p1a: Zygarde|322\/357|[from] item: Life Orb
|faint|p2a: Rotom-Heat
|
|c|★CoolStoryBrobat|Scarf WoW rotom
|c| poland46|DAYUM
|c|★CoolStoryBrobat|Despicable
|c|★DM35|mmm
|c| poland46|that stone edge kill
|c|★CoolStoryBrobat|★DM35: gl
|
|switch|p2a: Hippowdon|Hippowdon, F|419\/419
|turn|2
|c| swordofspheals|you never say gl
|
|switch|p1a: Suicune|Suicune|368\/368
|-ability|p1a: Suicune|Pressure
|move|p2a: Hippowdon|Stealth Rock|p1a: Suicune
|-sidestart|p1: CoolStoryBrobat|move: Stealth Rock
|
|turn|3
|c| swordofspheals|i always jusy say hf
|c| poland46|DM35 sure did give brobat that miss luck
|
|switch|p2a: Sceptile|Sceptile, M, shiny|281\/281
|move|p1a: Suicune|Scald|p2a: Sceptile
|-resisted|p2a: Sceptile
|-damage|p2a: Sceptile|216\/281
|
|turn|4
|c| swordofspheals|.-.
|
|switch|p1a: Brobat|Crobat, M|373\/373
|-damage|p1a: Brobat|280\/373|[from] Stealth Rock
|detailschange|p2a: Sceptile|Sceptile-Mega, M, shiny
|-mega|p2a: Sceptile|Sceptile|Sceptilite
|move|p2a: Sceptile|Dragon Pulse|p1a: Brobat
|-damage|p1a: Brobat|91\/373
|
|-heal|p1a: Brobat|114\/373|[from] item: Black Sludge
|turn|5
|c| baenail|>not av bat
|c| Shit User|hi
|c| swordofspheals|hi
|c| swordofspheals|how r u ?
|c| Shit User|im ok u
|c| swordofspheals|good
|c| swordofspheals|well
|
|switch|p1a: Hippowdon|Hippowdon, M|420\/420
|-damage|p1a: Hippowdon|394\/420|[from] Stealth Rock
|move|p2a: Sceptile|Dragon Pulse|p1a: Hippowdon
|-damage|p1a: Hippowdon|258\/420
|
|-heal|p1a: Hippowdon|284\/420|[from] item: Leftovers
|turn|6
|c| poland46|mega shiny sceptile looks like has an illness
|c|★CoolStoryBrobat|Show me your realness Hippowdon
|c| weepeverybattle|Mega shiny sceptile hangs out with mega shiny zygarde
|
|move|p2a: Sceptile|Giga Drain|p1a: Hippowdon
|-supereffective|p1a: Hippowdon
|-damage|p1a: Hippowdon|48\/420
|-heal|p2a: Sceptile|281\/281|[from] drain|[of] p1a: Hippowdon
|move|p1a: Hippowdon|Ice Fang|p2a: Sceptile
|-supereffective|p2a: Sceptile
|-damage|p2a: Sceptile|1\/281
|
|-heal|p1a: Hippowdon|74\/420|[from] item: Leftovers
|turn|7
|c| weepeverybattle|bubblegum buddies.
|c|★CoolStoryBrobat|SHOW ME YOUR REALNESSS
|c| Shit User|LOL
|c| swordofspheals|and they share mint gum
|c| baenail|LOL
|c| Shit User|nice
|c| Shit User|and
|c| swordofspheals|XD
|c| Shit User|real
|c|★DM35|so real
|c| Shit User|xd
|c| poland46|that was real right there
|c|★CoolStoryBrobat|invisible sash game on lock
|c| Shit User|run 4 atk
|c|★CoolStoryBrobat|:[
|c| Shit User|hiipo
|c| Shit User|noob
|c| swordofspheals|neeeds more attack evs
|c|★CoolStoryBrobat|0 Atk Hippowdon Ice Fang vs. 0 HP \/ 0 Def Mega Sceptile: 264-312 (93.9 - 111%) -- 56.3% chance to OHKO
|c|★DM35|you got that evasive zygarde on lock tho :[
|c| swordofspheals|to take out m-sceptile at 77%
|c|★CoolStoryBrobat|4 Atk Hippowdon Ice Fang vs. 0 HP \/ 0 Def Mega Sceptile: 264-312 (93.9 - 111%) -- 56.3% chance to OHKO
|join|Lucipurrr
|c| swordofspheals|inb4 running 4 defense
|
|move|p2a: Sceptile|Giga Drain|p1a: Hippowdon
|-supereffective|p1a: Hippowdon
|-damage|p1a: Hippowdon|0 fnt
|-heal|p2a: Sceptile|38\/281|[from] drain|[of] p1a: Hippowdon
|faint|p1a: Hippowdon
|
|c|★CoolStoryBrobat|Shoulda run 248 HP and 8 Atk
|c| Shit User|i meant 4 on top of the 4 you already have duh...
|join|Exeggutor
|c|★CoolStoryBrobat|It's kool doe
|join|gamerguy1123
|
|switch|p1a: Zygarde|Zygarde|322\/357
|-damage|p1a: Zygarde|300\/357|[from] Stealth Rock
|-ability|p1a: Zygarde|Aura Break
|turn|8
|leave|baenail
|c| swordofspheals|espeed on entei?
|join|xMarth
|join|YgtCC
|c| weepeverybattle|0+ Atk Hippowdon Ice Fang vs. 0 HP \/ 0 Def Mega Sceptile: 288-340 (102.4 - 120.9%) -- guaranteed OHKO
|c| weepeverybattle|get rid of the nature imo.
|c|★CoolStoryBrobat|fk dat
|c|★CoolStoryBrobat|I woulda died
|
|switch|p2a: Hippowdon|Hippowdon, F|419\/419
|move|p1a: Zygarde|Extreme Speed|p2a: Hippowdon
|-damage|p2a: Hippowdon|346\/419
|-damage|p1a: Zygarde|265\/357|[from] item: Life Orb
|
|-heal|p2a: Hippowdon|372\/419|[from] item: Leftovers
|turn|9
|c| weepeverybattle|LOL
|leave|YgtCC
|
|switch|p1a: Suicune|Suicune|368\/368
|-damage|p1a: Suicune|322\/368|[from] Stealth Rock
|-ability|p1a: Suicune|Pressure
|move|p2a: Hippowdon|Whirlwind|p1a: Suicune
|drag|p1a: Zygarde|Zygarde|265\/357
|-damage|p1a: Zygarde|243\/357|[from] Stealth Rock
|-ability|p1a: Zygarde|Aura Break
|
|-heal|p2a: Hippowdon|398\/419|[from] item: Leftovers
|turn|10
|c|★CoolStoryBrobat|\/me drinks that salt
|
|move|p1a: Zygarde|Earthquake|p2a: Hippowdon
|-damage|p2a: Hippowdon|277\/419
|-damage|p1a: Zygarde|208\/357|[from] item: Life Orb
|move|p2a: Hippowdon|Earthquake|p1a: Zygarde
|-damage|p1a: Zygarde|106\/357
|
|-heal|p2a: Hippowdon|303\/419|[from] item: Leftovers
|turn|11
|
|switch|p1a: Suicune|Suicune|322\/368
|-damage|p1a: Suicune|276\/368|[from] Stealth Rock
|-ability|p1a: Suicune|Pressure
|move|p2a: Hippowdon|Slack Off|p2a: Hippowdon
|-heal|p2a: Hippowdon|419\/419
|
|-heal|p1a: Suicune|299\/368|[from] item: Leftovers
|turn|12
|join|useless luck
|c| Shit User|umbreon walls cune
|join|bgbdxb
|
|move|p1a: Suicune|Substitute|p1a: Suicune
|-start|p1a: Suicune|Substitute
|-damage|p1a: Suicune|207\/368
|move|p2a: Hippowdon|Whirlwind|p1a: Suicune
|drag|p1a: Entei|Entei, shiny|371\/371
|-damage|p1a: Entei|279\/371|[from] Stealth Rock
|-ability|p1a: Entei|Pressure
|
|turn|13
|c|★CoolStoryBrobat|Don't believe the folly of his errant lies
|c|★DM35|hehe
|c| Shit User|you keep getting played
|c| Shit User|xd
|
|move|p1a: Entei|Sacred Fire|p2a: Hippowdon
|-damage|p2a: Hippowdon|244\/419
|move|p2a: Hippowdon|Whirlwind|p1a: Entei
|drag|p1a: Suicune|Suicune|207\/368
|-damage|p1a: Suicune|161\/368|[from] Stealth Rock
|-ability|p1a: Suicune|Pressure
|
|-heal|p1a: Suicune|184\/368|[from] item: Leftovers
|-heal|p2a: Hippowdon|270\/419|[from] item: Leftovers
|turn|14
|leave|Exeggutor
|join|Beefcake Emperor
|join|chechote
|
|switch|p2a: Crobat|Crobat, F|373\/373
|move|p1a: Suicune|Scald|p2a: Crobat
|-damage|p2a: Crobat|234\/373
|-status|p2a: Crobat|brn
|
|-heal|p2a: Crobat|257\/373 brn|[from] item: Black Sludge
|-heal|p1a: Suicune|207\/368|[from] item: Leftovers
|-damage|p2a: Crobat|211\/373 brn|[from] brn
|turn|15
|join|Zhaf
|c| poland46|that burn
|
|switch|p1a: Zygarde|Zygarde|106\/357
|-damage|p1a: Zygarde|84\/357|[from] Stealth Rock
|-ability|p1a: Zygarde|Aura Break
|move|p2a: Crobat|Taunt|p1a: Zygarde
|-start|p1a: Zygarde|move: Taunt
|
|-heal|p2a: Crobat|234\/373 brn|[from] item: Black Sludge
|-damage|p2a: Crobat|188\/373 brn|[from] brn
|turn|16
|join|Mega Luffy
|
|switch|p2a: Hippowdon|Hippowdon, F|270\/419
|move|p1a: Zygarde|Extreme Speed|p2a: Hippowdon
|-damage|p2a: Hippowdon|204\/419
|-damage|p1a: Zygarde|49\/357|[from] item: Life Orb
|
|-heal|p2a: Hippowdon|230\/419|[from] item: Leftovers
|turn|17
|
|move|p1a: Zygarde|Earthquake|p2a: Hippowdon
|-damage|p2a: Hippowdon|96\/419
|-damage|p1a: Zygarde|14\/357|[from] item: Life Orb
|move|p2a: Hippowdon|Slack Off|p2a: Hippowdon
|-heal|p2a: Hippowdon|306\/419
|
|-heal|p2a: Hippowdon|332\/419|[from] item: Leftovers
|turn|18
|join|Kek's Kek
|c| swordofspheals|No ice fang on that hippowdown
|
|move|p1a: Zygarde|Earthquake|p2a: Hippowdon
|-damage|p2a: Hippowdon|207\/419
|-damage|p1a: Zygarde|0 fnt|[from] item: Life Orb
|faint|p1a: Zygarde
|move|p2a: Hippowdon|Slack Off|p2a: Hippowdon
|-heal|p2a: Hippowdon|417\/419
|
|-heal|p2a: Hippowdon|419\/419|[from] item: Leftovers
|leave|Beefcake Emperor
|join|xShiba
|leave|chechote
|
|switch|p1a: Pidgeot|Pidgeot, F|321\/321
|-damage|p1a: Pidgeot|241\/321|[from] Stealth Rock
|turn|19
|c| Shit User|umbreon
|c| Shit User|walls
|c|★CoolStoryBrobat|Stop giving him advice jegus :[
|
|switch|p2a: Empoleon|Empoleon, M|372\/372
|detailschange|p1a: Pidgeot|Pidgeot-Mega, F
|-mega|p1a: Pidgeot|Pidgeot|Pidgeotite
|move|p1a: Pidgeot|Hurricane|p2a: Empoleon
|-resisted|p2a: Empoleon
|-damage|p2a: Empoleon|286\/372
|
|-heal|p2a: Empoleon|309\/372|[from] item: Leftovers
|turn|20
|c| Shit User|wait
|c| Shit User|it actually does
|c| Shit User|kek
|c| Zhaf|Lol
|c| xShiba|252+ Atk Choice Band Entei Sacred Fire vs. 252 HP \/ 4 Def Umbreon: 226-267 (57.3 - 67.7%) -- guaranteed 2HKO after Leftovers recovery
|
|move|p1a: Pidgeot|Work Up|p1a: Pidgeot
|-boost|p1a: Pidgeot|atk|1
|-boost|p1a: Pidgeot|spa|1
|move|p2a: Empoleon|Toxic|p1a: Pidgeot
|-status|p1a: Pidgeot|tox
|
|-heal|p2a: Empoleon|332\/372|[from] item: Leftovers
|-damage|p1a: Pidgeot|221\/321 tox|[from] psn
|turn|21
|c| Shit User|he
|c| Shit User|got u
|c| swordofspheals|how do we know its choice banded
|c| swordofspheals|plz
|join|Beefcake Emperor
|c|★CoolStoryBrobat|Yeah AV Entei is a decent pivot
|
|move|p1a: Pidgeot|Refresh|p1a: Pidgeot
|-curestatus|p1a: Pidgeot|tox
|move|p2a: Empoleon|Scald|p1a: Pidgeot
|-damage|p1a: Pidgeot|106\/321
|
|-heal|p2a: Empoleon|355\/372|[from] item: Leftovers
|turn|22
|c| Shit User|:[
|c| xMarth|but we saw it hit hippo for 40%
|c| Beefcake Emperor|>>Refresh
|c| weepeverybattle|Bird Jesus's power of healing is too good.
|c| Kek's Kek|this set
|c| weepeverybattle|:]
|c| poland46|this pidgeot is prepared for a lot of stuff
|c| Kek's Kek|is innovation
|c| Beefcake Emperor|Are we using XD: GoD moves?
|c| swordofspheals|needs roost
|
|move|p1a: Pidgeot|Roost|p1a: Pidgeot
|-heal|p1a: Pidgeot|267\/321
|move|p2a: Empoleon|Scald|p1a: Pidgeot
|-damage|p1a: Pidgeot|150\/321
|
|-heal|p2a: Empoleon|372\/372|[from] item: Leftovers
|turn|23
|c| Kek's Kek|ofc it has roost
|c| swordofspheals|it has roost
|c| swordofspheals|k
|c| poland46|BroGeot
|
|move|p1a: Pidgeot|Roost|p1a: Pidgeot
|-heal|p1a: Pidgeot|311\/321
|move|p2a: Empoleon|Scald|p1a: Pidgeot
|-damage|p1a: Pidgeot|194\/321
|-status|p1a: Pidgeot|brn
|
|-damage|p1a: Pidgeot|154\/321 brn|[from] brn
|turn|24
|
|move|p1a: Pidgeot|Refresh|p1a: Pidgeot
|-curestatus|p1a: Pidgeot|brn
|move|p2a: Empoleon|Scald|p1a: Pidgeot
|-damage|p1a: Pidgeot|22\/321
|-status|p1a: Pidgeot|brn
|
|-damage|p1a: Pidgeot|0 fnt|[from] brn
|faint|p1a: Pidgeot
|c| Zhaf|Burngeot
|c|★DM35|__crit__
|c| Kek's Kek|nice
|
|switch|p1a: Entei|Entei, shiny|279\/371
|-damage|p1a: Entei|187\/371|[from] Stealth Rock
|-ability|p1a: Entei|Pressure
|turn|25
|c| xMarth|needs bulk
|c| poland46|roost then refresh imo
|c|★CoolStoryBrobat|I put a little bulk on it after the last game but still
|c| Kek's Kek|how much bulk were you running csb
|c| Kek's Kek|oh
|
|move|p1a: Entei|Flare Blitz|p2a: Empoleon
|-damage|p2a: Empoleon|71\/372
|-damage|p1a: Entei|88\/371|[from] recoil|[of] p2a: Empoleon
|move|p2a: Empoleon|Scald|p1a: Entei
|-supereffective|p1a: Entei
|-damage|p1a: Entei|0 fnt
|faint|p1a: Entei
|
|-heal|p2a: Empoleon|94\/372|[from] item: Leftovers
|c| Shit User|weak
|c| swordofspheals|uh
|c|★CoolStoryBrobat|should've hit it with at least 1 Hurricane
|
|switch|p1a: Suicune|Suicune|207\/368
|-damage|p1a: Suicune|161\/368|[from] Stealth Rock
|-ability|p1a: Suicune|Pressure
|turn|26
|c| Shit User|if you were darm hed be ded
|c| swordofspheals|darms usually run earthquake or sp
|leave|gamerguy1123
|
|switch|p2a: Hippowdon|Hippowdon, F|419\/419
|move|p1a: Suicune|Scald|p2a: Hippowdon
|-crit|p2a: Hippowdon
|-supereffective|p2a: Hippowdon
|-damage|p2a: Hippowdon|0 fnt
|faint|p2a: Hippowdon
|
|-heal|p1a: Suicune|184\/368|[from] item: Leftovers
|c| Shit User|they dont run
|c| Shit User|flare blitz
|c| Shit User|ur rite
|c| poland46|lol
|c| xMarth|clits
|
|switch|p2a: Sceptile|Sceptile-Mega, M, shiny|38\/281
|turn|27
|join|Villager B
|c| Zhaf|clits for days
|
|move|p2a: Sceptile|Giga Drain|p1a: Suicune
|-supereffective|p1a: Suicune
|-damage|p1a: Suicune|0 fnt
|-heal|p2a: Sceptile|130\/281|[from] drain|[of] p1a: Suicune
|faint|p1a: Suicune
|
|
|switch|p1a: Brobat|Crobat, M|114\/373
|-damage|p1a: Brobat|21\/373|[from] Stealth Rock
|turn|28
|c|★CoolStoryBrobat|Welp
|c|★DM35|gg
|c| swordofspheals|scarfbat
|c|★CoolStoryBrobat|Time to go back to that mountain for the 50th time this week
|c| poland46|u-turn might kill
|c| Kek's Kek|he outspeeds
|
|move|p2a: Sceptile|Dragon Pulse|p1a: Brobat
|-damage|p1a: Brobat|0 fnt
|faint|p1a: Brobat
|
|win|DM35
|c| poland46|o true
|leave|CoolStoryBrobat
|leave|Kek's Kek
|c| swordofspheals|gg
|leave|xShiba