|join|juancartested
|join|Malefic
|player|p1|juancartested|144
|player|p2|Malefic|2
|gametype|singles
|gen|6
|tier|UU
|rated
|rule|Sleep Clause Mod: Limit one foe put to sleep
|rule|Species Clause: Limit one of each Pokémon
|rule|OHKO Clause: OHKO moves are banned
|rule|Moody Clause: Moody is banned
|rule|Evasion Moves Clause: Evasion moves are banned
|rule|Endless Battle Clause: Forcing endless battles is banned
|rule|HP Percentage Mod: HP is shown in percentages
|clearpoke
|poke|p1|Forretress, M
|poke|p1|Chandelure, M, shiny
|poke|p1|Chesnaught, M
|poke|p1|Jirachi
|poke|p1|Vaporeon, F
|poke|p1|Mienshao, F, shiny
|poke|p2|Florges, F
|poke|p2|Jellicent, F
|poke|p2|Gligar, F
|poke|p2|Audino, F
|poke|p2|Tentacruel, M
|poke|p2|Aggron, M
|rule|Swagger Clause: Swagger is banned
|rule|Baton Pass Clause: Limit one Pokémon knowing Baton Pass
|teampreview
|
|start
|switch|p1a: Jirachi|Jirachi|341\/341
|switch|p2a: Gligar|Gligar, F|331\/331
|turn|1
|
|switch|p1a: Vaporeon|Vaporeon, F|464\/464
|move|p2a: Gligar|Knock Off|p1a: Vaporeon
|-damage|p1a: Vaporeon|381\/464
|-enditem|p1a: Vaporeon|Leftovers|[from] move: Knock Off|[of] p2a: Gligar
|
|turn|2
|
|switch|p2a: Jellicent|Jellicent, F|391\/391
|move|p1a: Vaporeon|Toxic|p2a: Jellicent
|-status|p2a: Jellicent|tox
|
|-damage|p2a: Jellicent|367\/391 tox|[from] psn
|turn|3
|
|switch|p2a: Florges|Florges, F|359\/359
|switch|p1a: Chesnaught|Chesnaught, M|380\/380
|
|turn|4
|
|switch|p1a: Forretress|Forretress, M|353\/353
|move|p2a: Florges|Aromatherapy|p2a: Florges
|-cureteam|p2a: Florges|[from] move: Aromatherapy
|
|turn|5
|
|move|p2a: Florges|Moonblast|p1a: Forretress
|-resisted|p1a: Forretress
|-damage|p1a: Forretress|268\/353
|move|p1a: Forretress|Stealth Rock|p2a: Florges
|-sidestart|p2: Malefic|move: Stealth Rock
|
|-heal|p1a: Forretress|290\/353|[from] item: Leftovers
|turn|6
|
|switch|p2a: Gligar|Gligar, F|331\/331
|-damage|p2a: Gligar|290\/331|[from] Stealth Rock
|move|p1a: Forretress|Volt Switch|p2a: Gligar
|-immune|p2a: Gligar|[msg]
|
|-heal|p1a: Forretress|312\/353|[from] item: Leftovers
|turn|7
|
|move|p2a: Gligar|Defog|p1a: Forretress
|-unboost|p1a: Forretress|evasion|1
|-sideend|p2: Malefic|Stealth Rock|[from] move: Defog|[of] p2a: Gligar
|move|p1a: Forretress|Toxic|p2a: Gligar
|-status|p2a: Gligar|tox
|
|-heal|p1a: Forretress|334\/353|[from] item: Leftovers
|-damage|p2a: Gligar|270\/331 tox|[from] psn
|turn|8
|
|move|p2a: Gligar|Knock Off|p1a: Forretress
|-damage|p1a: Forretress|298\/353
|-enditem|p1a: Forretress|Leftovers|[from] move: Knock Off|[of] p2a: Gligar
|move|p1a: Forretress|Stealth Rock|p2a: Gligar
|-sidestart|p2: Malefic|move: Stealth Rock
|
|-damage|p2a: Gligar|230\/331 tox|[from] psn
|turn|9
|
|switch|p2a: Tentacruel|Tentacruel, M|361\/361
|-damage|p2a: Tentacruel|316\/361|[from] Stealth Rock
|move|p1a: Forretress|Volt Switch|p2a: Tentacruel
|-supereffective|p2a: Tentacruel
|-damage|p2a: Tentacruel|250\/361
|
|switch|p1a: Jirachi|Jirachi|341\/341
|
|-heal|p2a: Tentacruel|272\/361|[from] item: Black Sludge
|turn|10
|
|switch|p2a: Aggron|Aggron, M|344\/344
|-damage|p2a: Aggron|323\/344|[from] Stealth Rock
|move|p1a: Jirachi|Zen Headbutt|p2a: Aggron
|-resisted|p2a: Aggron
|-damage|p2a: Aggron|293\/344
|
|turn|11
|
|switch|p1a: Forretress|Forretress, M|298\/353
|detailschange|p2a: Aggron|Aggron-Mega, M
|-mega|p2a: Aggron|Aggron|Aggronite
|move|p2a: Aggron|Stealth Rock|p1a: Forretress
|-sidestart|p1: juancartested|move: Stealth Rock
|
|turn|12
|
|switch|p2a: Florges|Florges, F|359\/359
|-damage|p2a: Florges|315\/359|[from] Stealth Rock
|move|p1a: Forretress|Volt Switch|p2a: Florges
|-damage|p2a: Florges|288\/359
|
|switch|p1a: Chandelure|Chandelure, M, shiny|279\/279
|-damage|p1a: Chandelure|210\/279|[from] Stealth Rock
|
|-heal|p1a: Chandelure|227\/279|[from] item: Leftovers
|-heal|p2a: Florges|310\/359|[from] item: Leftovers
|turn|13
|
|move|p1a: Chandelure|Substitute|p1a: Chandelure
|-start|p1a: Chandelure|Substitute
|-damage|p1a: Chandelure|158\/279
|move|p2a: Florges|Calm Mind|p2a: Florges
|-boost|p2a: Florges|spa|1
|-boost|p2a: Florges|spd|1
|
|-heal|p1a: Chandelure|175\/279|[from] item: Leftovers
|-heal|p2a: Florges|332\/359|[from] item: Leftovers
|turn|14
|
|move|p1a: Chandelure|Calm Mind|p1a: Chandelure
|-boost|p1a: Chandelure|spa|1
|-boost|p1a: Chandelure|spd|1
|move|p2a: Florges|Calm Mind|p2a: Florges
|-boost|p2a: Florges|spa|1
|-boost|p2a: Florges|spd|1
|
|-heal|p1a: Chandelure|192\/279|[from] item: Leftovers
|-heal|p2a: Florges|354\/359|[from] item: Leftovers
|turn|15
|
|move|p1a: Chandelure|Calm Mind|p1a: Chandelure
|-boost|p1a: Chandelure|spa|1
|-boost|p1a: Chandelure|spd|1
|move|p2a: Florges|Moonblast|p1a: Chandelure
|-crit|p1a: Chandelure
|-resisted|p1a: Chandelure
|-end|p1a: Chandelure|Substitute
|
|-heal|p1a: Chandelure|209\/279|[from] item: Leftovers
|-heal|p2a: Florges|359\/359|[from] item: Leftovers
|turn|16
|
|move|p1a: Chandelure|Substitute|p1a: Chandelure
|-start|p1a: Chandelure|Substitute
|-damage|p1a: Chandelure|140\/279
|move|p2a: Florges|Calm Mind|p2a: Florges
|-boost|p2a: Florges|spa|1
|-boost|p2a: Florges|spd|1
|
|-heal|p1a: Chandelure|157\/279|[from] item: Leftovers
|turn|17
|
|move|p1a: Chandelure|Calm Mind|p1a: Chandelure
|-boost|p1a: Chandelure|spa|1
|-boost|p1a: Chandelure|spd|1
|move|p2a: Florges|Calm Mind|p2a: Florges
|-boost|p2a: Florges|spa|1
|-boost|p2a: Florges|spd|1
|
|-heal|p1a: Chandelure|174\/279|[from] item: Leftovers
|turn|18
|
|move|p1a: Chandelure|Calm Mind|p1a: Chandelure
|-boost|p1a: Chandelure|spa|1
|-boost|p1a: Chandelure|spd|1
|move|p2a: Florges|Calm Mind|p2a: Florges
|-boost|p2a: Florges|spa|1
|-boost|p2a: Florges|spd|1
|
|-heal|p1a: Chandelure|191\/279|[from] item: Leftovers
|turn|19
|
|move|p1a: Chandelure|Calm Mind|p1a: Chandelure
|-boost|p1a: Chandelure|spa|1
|-boost|p1a: Chandelure|spd|1
|move|p2a: Florges|Moonblast|p1a: Chandelure
|-resisted|p1a: Chandelure
|-activate|p1a: Chandelure|Substitute|[damage]
|
|-heal|p1a: Chandelure|208\/279|[from] item: Leftovers
|turn|20
|
|move|p1a: Chandelure|Calm Mind|p1a: Chandelure
|-boost|p1a: Chandelure|spa|1
|-boost|p1a: Chandelure|spd|1
|move|p2a: Florges|Calm Mind|p2a: Florges
|-boost|p2a: Florges|spa|1
|-boost|p2a: Florges|spd|1
|
|-heal|p1a: Chandelure|225\/279|[from] item: Leftovers
|turn|21
|c|★juancartested|if florges die, you lose:S
|
|move|p1a: Chandelure|Shadow Ball|p2a: Florges
|-damage|p2a: Florges|265\/359
|move|p2a: Florges|Moonblast|p1a: Chandelure
|-resisted|p1a: Chandelure
|-end|p1a: Chandelure|Substitute
|
|-heal|p1a: Chandelure|242\/279|[from] item: Leftovers
|-heal|p2a: Florges|287\/359|[from] item: Leftovers
|turn|22
|
|move|p1a: Chandelure|Substitute|p1a: Chandelure
|-start|p1a: Chandelure|Substitute
|-damage|p1a: Chandelure|173\/279
|move|p2a: Florges|Moonblast|p1a: Chandelure
|-resisted|p1a: Chandelure
|-activate|p1a: Chandelure|Substitute|[damage]
|
|-heal|p1a: Chandelure|190\/279|[from] item: Leftovers
|-heal|p2a: Florges|309\/359|[from] item: Leftovers
|turn|23
|
|move|p1a: Chandelure|Flamethrower|p2a: Florges
|-damage|p2a: Florges|195\/359
|move|p2a: Florges|Moonblast|p1a: Chandelure
|-crit|p1a: Chandelure
|-resisted|p1a: Chandelure
|-end|p1a: Chandelure|Substitute
|
|-heal|p1a: Chandelure|207\/279|[from] item: Leftovers
|-heal|p2a: Florges|217\/359|[from] item: Leftovers
|turn|24
|c|★juancartested|2 crits- 0 crits
|
|move|p1a: Chandelure|Flamethrower|p2a: Florges
|-damage|p2a: Florges|108\/359
|move|p2a: Florges|Moonblast|p1a: Chandelure
|-resisted|p1a: Chandelure
|-damage|p1a: Chandelure|134\/279
|
|-heal|p1a: Chandelure|151\/279|[from] item: Leftovers
|-heal|p2a: Florges|130\/359|[from] item: Leftovers
|turn|25
|
|move|p1a: Chandelure|Flamethrower|p2a: Florges
|-damage|p2a: Florges|12\/359
|move|p2a: Florges|Synthesis|p2a: Florges
|-heal|p2a: Florges|191\/359
|
|-heal|p1a: Chandelure|168\/279|[from] item: Leftovers
|-heal|p2a: Florges|213\/359|[from] item: Leftovers
|turn|26
|
|move|p1a: Chandelure|Shadow Ball|p2a: Florges
|-damage|p2a: Florges|113\/359
|move|p2a: Florges|Synthesis|p2a: Florges
|-heal|p2a: Florges|292\/359
|
|-heal|p1a: Chandelure|185\/279|[from] item: Leftovers
|-heal|p2a: Florges|314\/359|[from] item: Leftovers
|turn|27
|
|move|p1a: Chandelure|Shadow Ball|p2a: Florges
|-damage|p2a: Florges|211\/359
|move|p2a: Florges|Moonblast|p1a: Chandelure
|-resisted|p1a: Chandelure
|-damage|p1a: Chandelure|112\/279
|
|-heal|p1a: Chandelure|129\/279|[from] item: Leftovers
|-heal|p2a: Florges|233\/359|[from] item: Leftovers
|turn|28
|
|move|p1a: Chandelure|Shadow Ball|p2a: Florges
|-damage|p2a: Florges|131\/359
|move|p2a: Florges|Synthesis|p2a: Florges
|-heal|p2a: Florges|310\/359
|
|-heal|p1a: Chandelure|146\/279|[from] item: Leftovers
|-heal|p2a: Florges|332\/359|[from] item: Leftovers
|turn|29
|c|★juancartested|no drop
|
|move|p1a: Chandelure|Shadow Ball|p2a: Florges
|-damage|p2a: Florges|229\/359
|move|p2a: Florges|Moonblast|p1a: Chandelure
|-resisted|p1a: Chandelure
|-damage|p1a: Chandelure|84\/279
|
|-heal|p1a: Chandelure|101\/279|[from] item: Leftovers
|-heal|p2a: Florges|251\/359|[from] item: Leftovers
|turn|30
|c|★Malefic|me neither
|c|★Malefic|lol
|
|move|p1a: Chandelure|Shadow Ball|p2a: Florges
|-damage|p2a: Florges|155\/359
|move|p2a: Florges|Synthesis|p2a: Florges
|-heal|p2a: Florges|334\/359
|
|-heal|p1a: Chandelure|118\/279|[from] item: Leftovers
|-heal|p2a: Florges|356\/359|[from] item: Leftovers
|turn|31
|c|★juancartested|omg
|
|move|p1a: Chandelure|Shadow Ball|p2a: Florges
|-crit|p2a: Florges
|-damage|p2a: Florges|0 fnt
|faint|p2a: Florges
|
|-heal|p1a: Chandelure|135\/279|[from] item: Leftovers
|c|★juancartested|goodbyee
|
|switch|p2a: Audino|Audino, F|409\/409
|-damage|p2a: Audino|358\/409|[from] Stealth Rock
|turn|32
|c|★juancartested|flowerbitch
|
|move|p1a: Chandelure|Flamethrower|p2a: Audino
|-damage|p2a: Audino|0 fnt
|faint|p2a: Audino
|
|-heal|p1a: Chandelure|152\/279|[from] item: Leftovers
|join|Aqua's Swirlix
|c| Aqua's Swirlix|:]
|
|switch|p2a: Aggron|Aggron-Mega, M|293\/344
|-damage|p2a: Aggron|272\/344|[from] Stealth Rock
|turn|33
|leave|Aqua's Swirlix
|c|★juancartested|stupid stall teamsTT
|
|move|p1a: Chandelure|Flamethrower|p2a: Aggron
|-supereffective|p2a: Aggron
|-damage|p2a: Aggron|0 fnt
|faint|p2a: Aggron
|
|-heal|p1a: Chandelure|169\/279|[from] item: Leftovers
|-message|Malefic forfeited.
|leave|Malefic
|
|win|juancartested
|raw|Ladder updating...
|player|p2
|raw|juancartested's rating: 1532 &rarr; <strong>1551<\/strong><br \/>(+19 for winning)
|raw|Malefic's rating: 1522 &rarr; <strong>1502<\/strong><br \/>(-20 for losing)