|join|Plzdontragequit
|join|Politoed's Wrath
|player|p1|Plzdontragequit|165
|player|p2|Politoed's Wrath|247
|gametype|singles
|gen|6
|tier|OU
|rated
|clearpoke
|poke|p1|Charizard, M, shiny
|poke|p1|Azumarill, F
|poke|p1|Ferrothorn, F
|poke|p1|Gengar, M
|poke|p1|Landorus-Therian, M
|poke|p1|Latios, M
|poke|p2|Metagross
|poke|p2|Rotom-Wash
|poke|p2|Clefable, F
|poke|p2|Landorus-Therian, M
|poke|p2|Conkeldurr, M
|poke|p2|Ferrothorn, F
|rule|Swagger Clause: Swagger is banned
|rule|Baton Pass Clause: Limit one Pokémon knowing Baton Pass
|rule|Sleep Clause Mod: Limit one foe put to sleep
|rule|Species Clause: Limit one of each Pokémon
|rule|OHKO Clause: OHKO moves are banned
|rule|Moody Clause: Moody is banned
|rule|Evasion Moves Clause: Evasion moves are banned
|rule|Endless Battle Clause: Forcing endless battles is banned
|rule|HP Percentage Mod: HP is shown in percentages
|teampreview
|
|start
|switch|p1a: Touch Me Harder|Ferrothorn, F|352\/352
|switch|p2a: Landorus-Therian|Landorus-Therian, M|319\/319
|-ability|p2a: Landorus-Therian|Intimidate|[of] p1a: Touch Me Harder
|-unboost|p1a: Touch Me Harder|atk|1
|turn|1
|
|switch|p1a: Salamander|Charizard, M, shiny|337\/337
|move|p2a: Landorus-Therian|U-turn|p1a: Salamander
|-resisted|p1a: Salamander
|-damage|p1a: Salamander|307\/337
|
|switch|p2a: Rotom-Wash|Rotom-Wash|304\/304
|
|turn|2
|
|detailschange|p1a: Salamander|Charizard-Mega-X, M, shiny
|-mega|p1a: Salamander|Charizard|Charizardite X
|move|p1a: Salamander|Dragon Claw|p2a: Rotom-Wash
|-damage|p2a: Rotom-Wash|106\/304
|move|p2a: Rotom-Wash|Volt Switch|p1a: Salamander
|-resisted|p1a: Salamander
|-damage|p1a: Salamander|256\/337
|
|switch|p2a: Landorus-Therian|Landorus-Therian, M|319\/319
|-ability|p2a: Landorus-Therian|Intimidate|[of] p1a: Salamander
|-unboost|p1a: Salamander|atk|1
|
|turn|3
|join|Ghost of Grief
|
|move|p2a: Landorus-Therian|U-turn|p1a: Salamander
|-resisted|p1a: Salamander
|-damage|p1a: Salamander|211\/337
|
|switch|p2a: Clefable|Clefable, F|394\/394
|move|p1a: Salamander|Dragon Dance|p1a: Salamander
|-boost|p1a: Salamander|atk|1
|-boost|p1a: Salamander|spe|1
|
|turn|4
|
|move|p1a: Salamander|Dragon Dance|p1a: Salamander
|-boost|p1a: Salamander|atk|1
|-boost|p1a: Salamander|spe|1
|move|p2a: Clefable|Moonblast|p1a: Salamander
|-damage|p1a: Salamander|81\/337
|
|turn|5
|
|switch|p2a: Rotom-Wash|Rotom-Wash|106\/304
|move|p1a: Salamander|Roost|p1a: Salamander
|-heal|p1a: Salamander|250\/337
|
|-heal|p2a: Rotom-Wash|125\/304|[from] item: Leftovers
|turn|6
|
|move|p1a: Salamander|Dragon Dance|p1a: Salamander
|-boost|p1a: Salamander|atk|1
|-boost|p1a: Salamander|spe|1
|move|p2a: Rotom-Wash|Pain Split|p1a: Salamander
|-sethp|p1a: Salamander|187\/337|p2a: Rotom-Wash|187\/304|[from] move: Pain Split
|
|-heal|p2a: Rotom-Wash|206\/304|[from] item: Leftovers
|turn|7
|
|switch|p2a: Ferrothorn|Ferrothorn, F|352\/352
|move|p1a: Salamander|Roost|p1a: Salamander
|-heal|p1a: Salamander|337\/337
|
|turn|8
|
|move|p1a: Salamander|Flare Blitz|p2a: Ferrothorn
|-supereffective|p2a: Ferrothorn
|-damage|p2a: Ferrothorn|0 fnt
|-damage|p1a: Salamander|295\/337|[from] ability: Iron Barbs|[of] p2a: Ferrothorn
|-damage|p1a: Salamander|179\/337|[from] recoil|[of] p2a: Ferrothorn
|faint|p2a: Ferrothorn
|
|
|switch|p2a: Metagross|Metagross|301\/301
|turn|9
|
|detailschange|p2a: Metagross|Metagross-Mega
|-mega|p2a: Metagross|Metagross|Metagrossite
|move|p1a: Salamander|Flare Blitz|p2a: Metagross
|-supereffective|p2a: Metagross
|-damage|p2a: Metagross|0 fnt
|-damage|p1a: Salamander|80\/337|[from] recoil|[of] p2a: Metagross
|faint|p2a: Metagross
|
|
|switch|p2a: Conkeldurr|Conkeldurr, M|413\/413
|turn|10
|
|switch|p1a: Jet|Latios, M|301\/301
|move|p2a: Conkeldurr|Drain Punch|p1a: Jet
|-resisted|p1a: Jet
|-damage|p1a: Jet|200\/301
|
|turn|11
|
|move|p1a: Jet|Psyshock|p2a: Conkeldurr
|-crit|p2a: Conkeldurr
|-supereffective|p2a: Conkeldurr
|-damage|p2a: Conkeldurr|0 fnt
|-damage|p1a: Jet|170\/301|[from] item: Life Orb
|faint|p2a: Conkeldurr
|
|
|switch|p2a: Landorus-Therian|Landorus-Therian, M|319\/319
|-ability|p2a: Landorus-Therian|Intimidate|[of] p1a: Jet
|-unboost|p1a: Jet|atk|1
|turn|12
|
|switch|p1a: Joker|Gengar, M|261\/261
|move|p2a: Landorus-Therian|U-turn|p1a: Joker
|-resisted|p1a: Joker
|-damage|p1a: Joker|227\/261
|
|switch|p2a: Clefable|Clefable, F|394\/394
|
|turn|13
|
|switch|p2a: Landorus-Therian|Landorus-Therian, M|319\/319
|-ability|p2a: Landorus-Therian|Intimidate|[of] p1a: Joker
|-unboost|p1a: Joker|atk|1
|move|p1a: Joker|Sludge Wave|p2a: Landorus-Therian
|-resisted|p2a: Landorus-Therian
|-damage|p2a: Landorus-Therian|188\/319
|-damage|p1a: Joker|201\/261|[from] item: Life Orb
|
|turn|14
|
|switch|p1a: Energizer|Azumarill, F|401\/401
|move|p2a: Landorus-Therian|U-turn|p1a: Energizer
|-resisted|p1a: Energizer
|-damage|p1a: Energizer|343\/401
|
|switch|p2a: Rotom-Wash|Rotom-Wash|206\/304
|
|-heal|p2a: Rotom-Wash|225\/304|[from] item: Leftovers
|turn|15
|
|move|p2a: Rotom-Wash|Will-O-Wisp|p1a: Energizer|[miss]
|-miss|p2a: Rotom-Wash|p1a: Energizer
|move|p1a: Energizer|Knock Off|p2a: Rotom-Wash
|-damage|p2a: Rotom-Wash|102\/304
|-enditem|p2a: Rotom-Wash|Leftovers|[from] move: Knock Off|[of] p1a: Energizer
|
|turn|16
|-message|Politoed's Wrath forfeited.
|
|win|Plzdontragequit
|raw|Ladder updating...
|leave|Politoed's Wrath
|player|p2
|raw|Plzdontragequit's rating: 1584 &rarr; <strong>1603<\/strong><br \/>(+19 for winning)
|raw|Politoed&apos;s Wrath's rating: 1575 &rarr; <strong>1555<\/strong><br \/>(-20 for losing)