|join|pure indifference
|join|rirao
|player|p1|pure indifference|101
|player|p2|rirao|162
|gametype|singles
|gen|6
|tier|OU
|rated
|clearpoke
|poke|p1|Tornadus-Therian, M
|poke|p1|Manectric, M
|poke|p1|Landorus-Therian, M
|poke|p1|Sylveon, M
|poke|p1|Empoleon, M
|poke|p1|Talonflame, M
|poke|p2|Tyranitar, M
|poke|p2|Gyarados, M, shiny
|poke|p2|Mew
|poke|p2|Latios, M
|poke|p2|Metagross
|poke|p2|Scizor, M
|rule|Swagger Clause: Swagger is banned
|rule|Baton Pass Clause: Limit one Pokémon knowing Baton Pass
|rule|Sleep Clause Mod: Limit one foe put to sleep
|rule|Species Clause: Limit one of each Pokémon
|rule|OHKO Clause: OHKO moves are banned
|rule|Moody Clause: Moody is banned
|rule|Evasion Moves Clause: Evasion moves are banned
|rule|Endless Battle Clause: Forcing endless battles is banned
|rule|HP Percentage Mod: HP is shown in percentages
|teampreview
|
|start
|switch|p1a: Tornadus-Therian|Tornadus-Therian, M|309\/309
|switch|p2a: Mew|Mew|404\/404
|turn|1
|
|move|p1a: Tornadus-Therian|U-turn|p2a: Mew
|-supereffective|p2a: Mew
|-damage|p2a: Mew|296\/404
|
|switch|p1a: Talonflame|Talonflame, M|359\/359
|move|p2a: Mew|Stealth Rock|p1a: Talonflame
|-sidestart|p1: pure indifference|move: Stealth Rock
|
|-heal|p2a: Mew|321\/404|[from] item: Leftovers
|turn|2
|
|move|p1a: Talonflame|Taunt|p2a: Mew
|-start|p2a: Mew|move: Taunt
|cant|p2a: Mew|move: Taunt|Soft-Boiled
|
|-heal|p2a: Mew|346\/404|[from] item: Leftovers
|turn|3
|
|move|p1a: Talonflame|Will-O-Wisp|p2a: Mew
|-status|p2a: Mew|brn
|move|p2a: Mew|Knock Off|p1a: Talonflame
|-damage|p1a: Talonflame|304\/359
|-enditem|p1a: Talonflame|Leftovers|[from] move: Knock Off|[of] p2a: Mew
|
|-heal|p2a: Mew|371\/404 brn|[from] item: Leftovers
|-damage|p2a: Mew|321\/404 brn|[from] brn
|turn|4
|
|move|p1a: Talonflame|Will-O-Wisp|p2a: Mew
|-fail|p2a: Mew|brn
|move|p2a: Mew|Knock Off|p1a: Talonflame
|-damage|p1a: Talonflame|268\/359
|
|-heal|p2a: Mew|346\/404 brn|[from] item: Leftovers
|-damage|p2a: Mew|296\/404 brn|[from] brn
|-end|p2a: Mew|move: Taunt
|turn|5
|
|move|p1a: Talonflame|Will-O-Wisp|p2a: Mew|[miss]
|-miss|p1a: Talonflame|p2a: Mew
|move|p2a: Mew|Knock Off|p1a: Talonflame
|-damage|p1a: Talonflame|232\/359
|
|-heal|p2a: Mew|321\/404 brn|[from] item: Leftovers
|-damage|p2a: Mew|271\/404 brn|[from] brn
|turn|6
|
|switch|p2a: Latios|Latios, M|302\/302
|move|p1a: Talonflame|Taunt|p2a: Latios
|-start|p2a: Latios|move: Taunt
|
|turn|7
|
|switch|p1a: Empoleon|Empoleon, M|371\/371
|-damage|p1a: Empoleon|348\/371|[from] Stealth Rock
|move|p2a: Latios|Thunderbolt|p1a: Empoleon
|-supereffective|p1a: Empoleon
|-damage|p1a: Empoleon|196\/371
|
|-heal|p1a: Empoleon|219\/371|[from] item: Leftovers
|turn|8
|
|move|p2a: Latios|Thunderbolt|p1a: Empoleon
|-supereffective|p1a: Empoleon
|-damage|p1a: Empoleon|45\/371
|-status|p1a: Empoleon|par
|move|p1a: Empoleon|Defog|p2a: Latios
|-unboost|p2a: Latios|evasion|1
|-sideend|p1: pure indifference|Stealth Rock|[from] move: Defog|[of] p1a: Empoleon
|
|-heal|p1a: Empoleon|68\/371 par|[from] item: Leftovers
|turn|9
|
|switch|p1a: Manectric|Manectric, M|281\/281
|move|p2a: Latios|Thunderbolt|p1a: Manectric
|-boost|p1a: Manectric|spa|1|[from] ability: Lightning Rod
|
|-end|p2a: Latios|move: Taunt
|turn|10
|
|switch|p2a: Mew|Mew|271\/404 brn
|detailschange|p1a: Manectric|Manectric-Mega, M
|message|Manectric has Mega Evolved into Mega Manectric!
|-ability|p1a: Manectric|Intimidate|[of] p2a: Mew
|-unboost|p2a: Mew|atk|1
|move|p1a: Manectric|Volt Switch|p2a: Mew
|-damage|p2a: Mew|123\/404 brn
|
|switch|p1a: Landorus-Therian|Landorus-Therian, M|321\/321
|-ability|p1a: Landorus-Therian|Intimidate|[of] p2a: Mew
|-unboost|p2a: Mew|atk|1
|
|-heal|p2a: Mew|148\/404 brn|[from] item: Leftovers
|-damage|p2a: Mew|98\/404 brn|[from] brn
|turn|11
|
|move|p1a: Landorus-Therian|U-turn|p2a: Mew
|-supereffective|p2a: Mew
|-damage|p2a: Mew|0 fnt
|faint|p2a: Mew
|
|switch|p1a: Empoleon|Empoleon, M|68\/371 par
|
|-heal|p1a: Empoleon|91\/371 par|[from] item: Leftovers
|
|switch|p2a: Gyaratres|Gyarados, M, shiny|332\/332
|turn|12
|
|switch|p1a: Manectric|Manectric-Mega, M|281\/281
|-ability|p1a: Manectric|Intimidate|[of] p2a: Gyaratres
|-unboost|p2a: Gyaratres|atk|1
|move|p2a: Gyaratres|Substitute|p2a: Gyaratres
|-start|p2a: Gyaratres|Substitute
|-damage|p2a: Gyaratres|249\/332
|
|-heal|p2a: Gyaratres|269\/332|[from] item: Leftovers
|turn|13
|
|move|p1a: Manectric|Thunderbolt|p2a: Gyaratres
|-supereffective|p2a: Gyaratres
|-end|p2a: Gyaratres|Substitute
|move|p2a: Gyaratres|Waterfall|p1a: Manectric
|-damage|p1a: Manectric|149\/281
|
|-heal|p2a: Gyaratres|289\/332|[from] item: Leftovers
|turn|14
|
|switch|p2a: Latios|Latios, M|302\/302
|move|p1a: Manectric|Volt Switch|p2a: Latios
|-resisted|p2a: Latios
|-damage|p2a: Latios|248\/302
|
|switch|p1a: Tornadus-Therian|Tornadus-Therian, M|309\/309
|
|turn|15
|
|switch|p2a: Sizzler|Scizor, M|344\/344
|move|p1a: Tornadus-Therian|U-turn|p2a: Sizzler
|-resisted|p2a: Sizzler
|-damage|p2a: Sizzler|321\/344
|
|switch|p1a: Manectric|Manectric-Mega, M|149\/281
|-ability|p1a: Manectric|Intimidate|[of] p2a: Sizzler
|-unboost|p2a: Sizzler|atk|1
|
|turn|16
|
|move|p2a: Sizzler|Quick Attack|p1a: Manectric
|-damage|p1a: Manectric|53\/281
|move|p1a: Manectric|Volt Switch|p2a: Sizzler
|-damage|p2a: Sizzler|173\/344
|
|switch|p1a: Empoleon|Empoleon, M|91\/371 par
|
|-heal|p1a: Empoleon|114\/371 par|[from] item: Leftovers
|turn|17
|
|switch|p2a: Gyaratres|Gyarados, M, shiny|289\/332
|move|p1a: Empoleon|Stealth Rock|p2a: Gyaratres
|-sidestart|p2: rirao|move: Stealth Rock
|
|-heal|p2a: Gyaratres|309\/332|[from] item: Leftovers
|-heal|p1a: Empoleon|137\/371 par|[from] item: Leftovers
|turn|18
|
|move|p2a: Gyaratres|Substitute|p2a: Gyaratres
|-start|p2a: Gyaratres|Substitute
|-damage|p2a: Gyaratres|226\/332
|move|p1a: Empoleon|Roar|p2a: Gyaratres
|drag|p2a: Latios|Latios, M|248\/302
|-damage|p2a: Latios|211\/302|[from] Stealth Rock
|
|-heal|p1a: Empoleon|160\/371 par|[from] item: Leftovers
|turn|19
|
|switch|p1a: Sylveon|Sylveon, M|393\/393
|move|p2a: Latios|Thunderbolt|p1a: Sylveon
|-crit|p1a: Sylveon
|-damage|p1a: Sylveon|267\/393
|
|-heal|p1a: Sylveon|291\/393|[from] item: Leftovers
|turn|20
|
|switch|p2a: Sizzler|Scizor, M|173\/344
|-damage|p2a: Sizzler|130\/344|[from] Stealth Rock
|switch|p1a: Manectric|Manectric-Mega, M|53\/281
|-ability|p1a: Manectric|Intimidate|[of] p2a: Sizzler
|-unboost|p2a: Sizzler|atk|1
|
|turn|21
|
|switch|p1a: Empoleon|Empoleon, M|160\/371 par
|move|p2a: Sizzler|Quick Attack|p1a: Empoleon
|-resisted|p1a: Empoleon
|-damage|p1a: Empoleon|115\/371 par
|
|-heal|p1a: Empoleon|138\/371 par|[from] item: Leftovers
|turn|22
|
|switch|p1a: Manectric|Manectric-Mega, M|53\/281
|-ability|p1a: Manectric|Intimidate|[of] p2a: Sizzler
|-unboost|p2a: Sizzler|atk|1
|move|p2a: Sizzler|Quick Attack|p1a: Manectric
|-crit|p1a: Manectric
|-damage|p1a: Manectric|0 fnt
|faint|p1a: Manectric
|
|
|switch|p1a: Talonflame|Talonflame, M|232\/359
|turn|23
|
|move|p2a: Sizzler|Quick Attack|p1a: Talonflame
|-damage|p1a: Talonflame|154\/359
|move|p1a: Talonflame|Will-O-Wisp|p2a: Sizzler
|-status|p2a: Sizzler|brn
|
|-damage|p2a: Sizzler|87\/344 brn|[from] brn
|turn|24
|
|switch|p2a: Latios|Latios, M|211\/302
|-damage|p2a: Latios|174\/302|[from] Stealth Rock
|move|p1a: Talonflame|Roost|p1a: Talonflame
|-heal|p1a: Talonflame|334\/359
|
|turn|25
|
|move|p1a: Talonflame|Roost|p1a: Talonflame
|-heal|p1a: Talonflame|359\/359
|move|p2a: Latios|Thunderbolt|p1a: Talonflame
|-damage|p1a: Talonflame|259\/359
|
|turn|26
|
|move|p2a: Latios|Thunderbolt|p1a: Talonflame
|-crit|p1a: Talonflame
|-supereffective|p1a: Talonflame
|-damage|p1a: Talonflame|0 fnt
|faint|p1a: Talonflame
|
|c|★pure indifference|shit
|
|switch|p1a: Landorus-Therian|Landorus-Therian, M|321\/321
|-ability|p1a: Landorus-Therian|Intimidate|[of] p2a: Latios
|-unboost|p2a: Latios|atk|1
|turn|27
|
|switch|p2a: Sizzler|Scizor, M|87\/344 brn
|-damage|p2a: Sizzler|44\/344 brn|[from] Stealth Rock
|move|p1a: Landorus-Therian|U-turn|p2a: Sizzler
|-resisted|p2a: Sizzler
|-damage|p2a: Sizzler|1\/344 brn
|
|switch|p1a: Tornadus-Therian|Tornadus-Therian, M|309\/309
|
|-damage|p2a: Sizzler|0 fnt|[from] brn
|faint|p2a: Sizzler
|
|switch|p2a: Reptar|Tyranitar, M|342\/342
|-damage|p2a: Reptar|300\/342|[from] Stealth Rock
|-weather|Sandstorm
|turn|28
|
|move|p1a: Tornadus-Therian|Focus Blast|p2a: Reptar|[miss]
|-miss|p1a: Tornadus-Therian|p2a: Reptar
|move|p2a: Reptar|Stone Edge|p1a: Tornadus-Therian
|-supereffective|p1a: Tornadus-Therian
|-damage|p1a: Tornadus-Therian|0 fnt
|faint|p1a: Tornadus-Therian
|
|-weather|Sandstorm|[upkeep]
|c|★pure indifference|ah
|c|★pure indifference|stop
|
|switch|p1a: Landorus-Therian|Landorus-Therian, M|321\/321
|-ability|p1a: Landorus-Therian|Intimidate|[of] p2a: Reptar
|-unboost|p2a: Reptar|atk|1
|turn|29
|
|switch|p2a: Gyaratres|Gyarados, M, shiny|226\/332
|-damage|p2a: Gyaratres|143\/332|[from] Stealth Rock
|move|p1a: Landorus-Therian|Superpower|p2a: Gyaratres
|-resisted|p2a: Gyaratres
|-damage|p2a: Gyaratres|43\/332
|-unboost|p1a: Landorus-Therian|atk|1
|-unboost|p1a: Landorus-Therian|def|1
|
|-weather|Sandstorm|[upkeep]
|-damage|p2a: Gyaratres|23\/332|[from] sandstorm
|-heal|p2a: Gyaratres|43\/332|[from] item: Leftovers
|turn|30
|
|move|p1a: Landorus-Therian|Superpower|p2a: Gyaratres
|-resisted|p2a: Gyaratres
|-damage|p2a: Gyaratres|0 fnt
|-unboost|p1a: Landorus-Therian|atk|1
|-unboost|p1a: Landorus-Therian|def|1
|faint|p2a: Gyaratres
|
|-weather|Sandstorm|[upkeep]
|
|switch|p2a: Lancelot|Metagross|301\/301
|-damage|p2a: Lancelot|283\/301|[from] Stealth Rock
|turn|31
|
|switch|p1a: Empoleon|Empoleon, M|138\/371 par
|move|p2a: Lancelot|Meteor Mash|p1a: Empoleon
|-resisted|p1a: Empoleon
|-damage|p1a: Empoleon|90\/371 par
|
|-weather|Sandstorm|[upkeep]
|-heal|p1a: Empoleon|113\/371 par|[from] item: Leftovers
|turn|32
|
|move|p2a: Lancelot|Thunder Punch|p1a: Empoleon
|-supereffective|p1a: Empoleon
|-damage|p1a: Empoleon|0 fnt
|faint|p1a: Empoleon
|
|-weather|none
|
|switch|p1a: Landorus-Therian|Landorus-Therian, M|321\/321
|-ability|p1a: Landorus-Therian|Intimidate|[of] p2a: Lancelot
|-fail|p2a: Lancelot|unboost|[from] ability: Clear Body|[of] p2a: Lancelot
|turn|33
|
|detailschange|p2a: Lancelot|Metagross-Mega
|message|Metagross has Mega Evolved into Mega Metagross!
|move|p1a: Landorus-Therian|Earthquake|p2a: Lancelot
|-supereffective|p2a: Lancelot
|-damage|p2a: Lancelot|0 fnt
|faint|p2a: Lancelot
|
|
|switch|p2a: Latios|Latios, M|174\/302
|-damage|p2a: Latios|137\/302|[from] Stealth Rock
|turn|34
|
|switch|p2a: Reptar|Tyranitar, M|300\/342
|-damage|p2a: Reptar|258\/342|[from] Stealth Rock
|-weather|Sandstorm
|move|p1a: Landorus-Therian|Earthquake|p2a: Reptar
|-supereffective|p2a: Reptar
|-damage|p2a: Reptar|0 fnt
|faint|p2a: Reptar
|
|-weather|Sandstorm|[upkeep]
|
|switch|p2a: Latios|Latios, M|137\/302
|-damage|p2a: Latios|100\/302|[from] Stealth Rock
|turn|35
|
|move|p2a: Latios|Psyshock|p1a: Landorus-Therian
|-damage|p1a: Landorus-Therian|152\/321
|move|p1a: Landorus-Therian|Earthquake|p2a: Latios
|-immune|p2a: Latios|[msg]
|
|-weather|Sandstorm|[upkeep]
|-damage|p2a: Latios|82\/302|[from] sandstorm
|turn|36
|
|move|p2a: Latios|Psyshock|p1a: Landorus-Therian
|-damage|p1a: Landorus-Therian|0 fnt
|faint|p1a: Landorus-Therian
|
|-weather|Sandstorm|[upkeep]
|-damage|p2a: Latios|64\/302|[from] sandstorm
|
|switch|p1a: Sylveon|Sylveon, M|291\/393
|turn|37
|
|move|p2a: Latios|Psyshock|p1a: Sylveon
|-damage|p1a: Sylveon|150\/393
|move|p1a: Sylveon|Hyper Voice|p2a: Latios
|-supereffective|p2a: Latios
|-damage|p2a: Latios|0 fnt
|faint|p2a: Latios
|
|win|pure indifference
|raw|Ladder updating...