|join|Wruce Bayne
|join|Coltestes
|player|p1|Wruce Bayne|161
|player|p2|Coltestes|122
|gametype|singles
|gen|6
|tier|UU
|rated
|rule|Sleep Clause Mod: Limit one foe put to sleep
|rule|Species Clause: Limit one of each Pokémon
|rule|OHKO Clause: OHKO moves are banned
|rule|Moody Clause: Moody is banned
|rule|Evasion Moves Clause: Evasion moves are banned
|rule|Endless Battle Clause: Forcing endless battles is banned
|rule|HP Percentage Mod: HP is shown in percentages
|clearpoke
|poke|p1|Beedrill, F
|poke|p1|Darmanitan, M
|poke|p1|Flygon, M, shiny
|poke|p1|Rotom-Heat, shiny
|poke|p1|Jirachi, shiny
|poke|p1|Swampert, M
|poke|p2|Lucario, M
|poke|p2|Zygarde
|poke|p2|Celebi
|poke|p2|Fletchinder, M
|poke|p2|Azelf
|poke|p2|Entei, shiny
|rule|Swagger Clause: Swagger is banned
|rule|Baton Pass Clause: Limit one Pokémon knowing Baton Pass
|teampreview
|
|start
|switch|p1a: Beedrill|Beedrill, F|271\/271
|switch|p2a: Azelf|Azelf|291\/291
|turn|1
|
|detailschange|p1a: Beedrill|Beedrill-Mega, F
|message|Beedrill has Mega Evolved into Mega Beedrill!
|move|p1a: Beedrill|Protect|p1a: Beedrill
|-singleturn|p1a: Beedrill|Protect
|move|p2a: Azelf|Stealth Rock|p1a: Beedrill
|-sidestart|p1: Wruce Bayne|move: Stealth Rock
|
|turn|2
|
|move|p1a: Beedrill|U-turn|p2a: Azelf
|-supereffective|p2a: Azelf
|-enditem|p2a: Azelf|Focus Sash
|-damage|p2a: Azelf|1\/291
|
|switch|p1a: Jirachi|Jirachi, shiny|404\/404
|-damage|p1a: Jirachi|379\/404|[from] Stealth Rock
|move|p2a: Azelf|Knock Off|p1a: Jirachi
|-supereffective|p1a: Jirachi
|-damage|p1a: Jirachi|173\/404
|-enditem|p1a: Jirachi|Leftovers|[from] move: Knock Off|[of] p2a: Azelf
|
|turn|3
|
|move|p2a: Azelf|Explosion|p1a: Jirachi
|-resisted|p1a: Jirachi
|-damage|p1a: Jirachi|32\/404
|faint|p2a: Azelf
|move|p1a: Jirachi|Psyshock|p2: Azelf|[notarget]
|-notarget
|
|
|switch|p2a: Lucario|Lucario, M|281\/281
|turn|4
|
|move|p1a: Jirachi|Moonblast|p2a: Lucario
|-damage|p2a: Lucario|175\/281
|-unboost|p2a: Lucario|spa|1
|move|p2a: Lucario|Swords Dance|p2a: Lucario
|-boost|p2a: Lucario|atk|2
|
|turn|5
|
|move|p1a: Jirachi|Psyshock|p2a: Lucario
|-damage|p2a: Lucario|54\/281
|move|p2a: Lucario|Swords Dance|p2a: Lucario
|-boost|p2a: Lucario|atk|2
|
|turn|6
|
|move|p2a: Lucario|Extreme Speed|p1a: Jirachi
|-resisted|p1a: Jirachi
|-damage|p1a: Jirachi|0 fnt
|-damage|p2a: Lucario|26\/281|[from] item: Life Orb
|faint|p1a: Jirachi
|
|
|switch|p1a: Darmanitan|Darmanitan, M|351\/351
|-damage|p1a: Darmanitan|264\/351|[from] Stealth Rock
|turn|7
|
|move|p2a: Lucario|Extreme Speed|p1a: Darmanitan
|-damage|p1a: Darmanitan|0 fnt
|-damage|p2a: Lucario|0 fnt|[from] item: Life Orb
|faint|p1a: Darmanitan
|faint|p2a: Lucario
|
|
|switch|p1a: Flygon|Flygon, M, shiny|301\/301
|switch|p2a: Entei|Entei, shiny|372\/372
|-damage|p1a: Flygon|283\/301|[from] Stealth Rock
|-ability|p2a: Entei|Pressure
|turn|8
|
|switch|p2a: Fletchinder|Fletchinder, M|289\/289
|move|p1a: Flygon|Defog|p2a: Fletchinder
|-unboost|p2a: Fletchinder|evasion|1
|-sideend|p1: Wruce Bayne|Stealth Rock|[from] move: Defog|[of] p1a: Flygon
|
|-heal|p1a: Flygon|301\/301|[from] item: Leftovers
|turn|9
|
|switch|p1a: Rotom-Heat|Rotom-Heat, shiny|303\/303
|move|p2a: Fletchinder|Acrobatics|p1a: Rotom-Heat
|-resisted|p1a: Rotom-Heat
|-damage|p1a: Rotom-Heat|240\/303
|
|-heal|p1a: Rotom-Heat|258\/303|[from] item: Leftovers
|turn|10
|
|switch|p2a: Entei|Entei, shiny|372\/372
|-ability|p2a: Entei|Pressure
|move|p1a: Rotom-Heat|Volt Switch|p2a: Entei
|-damage|p2a: Entei|263\/372
|
|switch|p1a: Swampert|Swampert, M|404\/404
|
|turn|11
|
|move|p2a: Entei|Sacred Fire|p1a: Swampert
|-resisted|p1a: Swampert
|-damage|p1a: Swampert|305\/404
|move|p1a: Swampert|Stealth Rock|p2a: Entei
|-sidestart|p2: Coltestes|move: Stealth Rock
|
|-heal|p1a: Swampert|330\/404|[from] item: Leftovers
|turn|12
|
|move|p2a: Entei|Sacred Fire|p1a: Swampert|[miss]
|-miss|p2a: Entei|p1a: Swampert
|move|p1a: Swampert|Earthquake|p2a: Entei
|-supereffective|p2a: Entei
|-damage|p2a: Entei|0 fnt
|faint|p2a: Entei
|
|-heal|p1a: Swampert|355\/404|[from] item: Leftovers
|
|switch|p2a: Celebi|Celebi|358\/358
|-damage|p2a: Celebi|314\/358|[from] Stealth Rock
|turn|13
|
|switch|p1a: Flygon|Flygon, M, shiny|301\/301
|move|p2a: Celebi|Swords Dance|p2a: Celebi
|-boost|p2a: Celebi|atk|2
|
|turn|14
|
|move|p1a: Flygon|U-turn|p2a: Celebi
|-supereffective|p2a: Celebi
|-damage|p2a: Celebi|50\/358
|
|switch|p1a: Rotom-Heat|Rotom-Heat, shiny|258\/303
|move|p2a: Celebi|Baton Pass|p2a: Celebi
|
|switch|p2a: Zygarde|Zygarde|420\/420
|-damage|p2a: Zygarde|394\/420|[from] Stealth Rock
|-ability|p2a: Zygarde|Aura Break
|
|-heal|p2a: Zygarde|420\/420|[from] item: Leftovers
|-heal|p1a: Rotom-Heat|276\/303|[from] item: Leftovers
|turn|15
|
|switch|p1a: Swampert|Swampert, M|355\/404
|move|p2a: Zygarde|Substitute|p2a: Zygarde
|-start|p2a: Zygarde|Substitute
|-damage|p2a: Zygarde|315\/420
|
|-heal|p2a: Zygarde|341\/420|[from] item: Leftovers
|-heal|p1a: Swampert|380\/404|[from] item: Leftovers
|turn|16
|
|move|p2a: Zygarde|Dragon Tail|p1a: Swampert
|-damage|p1a: Swampert|265\/404
|drag|p1a: Beedrill|Beedrill-Mega, F|271\/271
|
|-heal|p2a: Zygarde|367\/420|[from] item: Leftovers
|turn|17
|
|move|p1a: Beedrill|U-turn|p2a: Zygarde
|-end|p2a: Zygarde|Substitute
|
|switch|p1a: Swampert|Swampert, M|265\/404
|move|p2a: Zygarde|Coil|p2a: Zygarde
|-boost|p2a: Zygarde|atk|1
|-boost|p2a: Zygarde|def|1
|-boost|p2a: Zygarde|accuracy|1
|
|-heal|p2a: Zygarde|393\/420|[from] item: Leftovers
|-heal|p1a: Swampert|290\/404|[from] item: Leftovers
|turn|18
|
|move|p2a: Zygarde|Substitute|p2a: Zygarde
|-start|p2a: Zygarde|Substitute
|-damage|p2a: Zygarde|288\/420
|move|p1a: Swampert|Scald|p2a: Zygarde
|-activate|p2a: Zygarde|Substitute|[damage]
|
|-heal|p2a: Zygarde|314\/420|[from] item: Leftovers
|-heal|p1a: Swampert|315\/404|[from] item: Leftovers
|turn|19
|c|★Wruce Bayne|oml
|
|move|p1a: Swampert|Scald|p2a: Zygarde
|-end|p2a: Zygarde|Substitute
|move|p2a: Zygarde|Dragon Tail|p1a: Swampert
|-damage|p1a: Swampert|171\/404
|drag|p1a: Flygon|Flygon, M, shiny|301\/301
|
|-heal|p2a: Zygarde|340\/420|[from] item: Leftovers
|turn|20
|
|move|p1a: Flygon|Dragon Claw|p2a: Zygarde
|-supereffective|p2a: Zygarde
|-damage|p2a: Zygarde|196\/420
|move|p2a: Zygarde|Dragon Tail|p1a: Flygon
|-supereffective|p1a: Flygon
|-damage|p1a: Flygon|0 fnt
|faint|p1a: Flygon
|
|-heal|p2a: Zygarde|222\/420|[from] item: Leftovers
|
|switch|p1a: Swampert|Swampert, M|171\/404
|turn|21
|
|move|p2a: Zygarde|Earthquake|p1a: Swampert
|-damage|p1a: Swampert|0 fnt
|faint|p1a: Swampert
|
|-heal|p2a: Zygarde|248\/420|[from] item: Leftovers
|c|★Wruce Bayne|nice baton pass win
|c|★Wruce Bayne|get gud
|-message|Wruce Bayne forfeited.
|
|win|Coltestes
|raw|Ladder updating...
|leave|Wruce Bayne
|player|p1
|raw|Wruce Bayne's rating: 1476 &rarr; <strong>1448<\/strong><br \/>(-28 for losing)
|raw|Coltestes's rating: 1336 &rarr; <strong>1363<\/strong><br \/>(+27 for winning)