|join|DennisEG
|join|Jefo
|join|LMay
|join|Viperking7
|join|TheLaughingCats
|join|the dingus account
|join|bluri
|join|Demandred
|join|Riful the Zangoose
|join|Padapos the retard
|join|Terra Olympus
|join|Kasher
|join|Boikachu
|player|p1|DennisEG|76
|player|p2|Jefo|266
|gametype|singles
|gen|6
|tier|OU
|clearpoke
|poke|p1|Diggersby, M
|poke|p1|Amoonguss, M
|poke|p1|Slowbro, M
|poke|p1|Tyranitar, F
|poke|p1|Goodra, M
|poke|p1|Heatran, M
|poke|p2|Diancie
|poke|p2|Azumarill, F
|poke|p2|Latios, M
|poke|p2|Landorus, M
|poke|p2|Ferrothorn, M
|poke|p2|Slowbro, F
|rule|Swagger Clause: Swagger is banned
|rule|Baton Pass Clause: Limit one Pokémon knowing Baton Pass
|rule|Sleep Clause Mod: Limit one foe put to sleep
|rule|Species Clause: Limit one of each Pokémon
|rule|OHKO Clause: OHKO moves are banned
|rule|Moody Clause: Moody is banned
|rule|Evasion Moves Clause: Evasion moves are banned
|rule|Endless Battle Clause: Forcing endless battles is banned
|rule|HP Percentage Mod: HP is shown in percentages
|teampreview
|join|Lirica
|join|Notorious544d
|join|boltsandbombers
|join|GrandBlack
|join|trillyntruly
|c| the dingus account|goodz cores
|join|SummertimeSadnesss
|c| Viperking7|that diancie tho
|c| LMay|diggersby thoooo
|c| trillyntruly|ah lookin like early xy over here nice
|c| Viperking7|nah that diance
|join|uranium74
|join|will i lose
|c| trillyntruly|diggersby bout to go in
|leave|Boikachu
|c| will i lose|**GO DENNIS**
|c| the dingus account|mega bro tho
|join|Rosa Parks
|c| the dingus account|not xy
|c| trillyntruly|standard bro
|c| trillyntruly|i was talking about dennis's side bruv
|c| the dingus account|ik
|join|The Ess of Johan
|c| the dingus account|not mega ttar right?
|join|yoorofl
|c| Kasher|n
|join|Erzkrieger
|
|start
|switch|p1a: Diggersby|Diggersby, M|311\/311
|switch|p2a: Landorus|Landorus, M|319\/319
|turn|1
|c| trillyntruly|almost certainly bro
|c| Viperking7|this is one nice match and not a talon flame or rotom wash or landorus t in sight what is this maginificient battle!!!"
|c| trillyntruly|i thought you were referencing jefo's bro
|c| the dingus account|oh
|c| trillyntruly|which is normal
|c| the dingus account|lol
|
|switch|p1a: Goodra|Goodra, M|361\/361
|move|p2a: Landorus|Earth Power|p1a: Goodra
|-damage|p1a: Goodra|232\/361
|
|turn|2
|c| will i lose|what a wall
|c| Viperking7|yh goodra rapes if used right
|c| the dingus account|^
|join|crawdauntite
|c| will i lose|150 spd helps
|c| Viperking7|its like a dragonite kidna hurts you every now and again but once used propelly jesus
|c| the dingus account|?
|c| trillyntruly|i can't tell if this goodra is offensive with AV or spDef with less investment than normal?
|join|abcdefghitony
|c| trillyntruly|it took a lot from EP
|c| Viperking7|less spd than normal
|c| the dingus account|or hydration rest
|join|RayDalio
|leave|TheLaughingCats
|
|switch|p2a: Azumarill|Azumarill, F|384\/384
|move|p1a: Goodra|Earthquake|p2a: Azumarill
|-damage|p2a: Azumarill|296\/384
|
|turn|3
|c| will i lose|252 SpA Life Orb Sheer Force Landorus Earth Power vs. 248 HP \/ 8 SpD Assault Vest Goodra: 107-126 (27.9 - 32.8%) -- guaranteed 4HKO
|c| Viperking7|???
|c| Viperking7|wow
|join|veliki kurac
|
|switch|p1a: Amoonguss|Amoonguss, M|423\/423
|switch|p2a: Landorus|Landorus, M|319\/319
|
|turn|4
|
|move|p2a: Landorus|Psychic|p1a: Amoonguss
|-supereffective|p1a: Amoonguss
|-damage|p1a: Amoonguss|85\/423
|move|p1a: Amoonguss|Spore|p2a: Landorus
|-status|p2a: Landorus|slp
|
|-heal|p1a: Amoonguss|111\/423|[from] item: Black Sludge
|turn|5
|c| trillyntruly|ah nice regen core puttin in werk already
|
|switch|p2a: Latios|Latios, M|301\/301
|switch|p1a: Goodra|Goodra, M|232\/361
|
|turn|6
|c| the dingus account|bromoontran
|
|switch|p2a: Diancie|Diancie|241\/241
|switch|p1a: Heatran|Heatran, M|380\/380
|
|turn|7
|c| the dingus account|is that what its called?
|c| Viperking7|bromoontran?
|c| trillyntruly|i think he's referencing the core
|c| trillyntruly|of slowbro
|c| trillyntruly|amoongus
|c| trillyntruly|tran
|c| Viperking7|oh
|
|switch|p2a: Slowbro|Slowbro, F|394\/394
|switch|p1a: Diggersby|Diggersby, M|311\/311
|
|turn|8
|c| trillyntruly|the core is actually called
|c| trillyntruly|a hot bro
|c| Erzkrieger|and eq latios reqs em all
|
|move|p1a: Diggersby|U-turn|p2a: Slowbro
|-crit|p2a: Slowbro
|-supereffective|p2a: Slowbro
|-damage|p2a: Slowbro|168\/394
|join|king of spycrabs
|join|belgrade
|c| Viperking7|ouch
|c| will i lose|This is gonna either end fast or take forever
|c| trillyntruly|disgusting damage
|c| the dingus account|eq lati isnt common
|
|switch|p1a: Goodra|Goodra, M|232\/361
|move|p2a: Slowbro|Scald|p1a: Goodra
|-resisted|p1a: Goodra
|-damage|p1a: Goodra|209\/361
|
|-heal|p2a: Slowbro|192\/394|[from] item: Leftovers
|turn|9
|c| trillyntruly|it also has ttar to worry about
|c| Erzkrieger|eq m venu reqs em 2
|c| Viperking7|people run it for heatran
|c| trillyntruly|i think tar shrugs off lati eqs
|c| trillyntruly|pretty well
|c| the dingus account|it is a really steady team tho
|leave|Terra Olympus
|
|switch|p2a: Diancie|Diancie|241\/241
|move|p1a: Goodra|Thunderbolt|p2a: Diancie
|-damage|p2a: Diancie|165\/241
|
|turn|10
|c| Erzkrieger|yep the team is pretty god, but the core u were talkin about isnt that good xD
|c| trillyntruly|this diancie tho
|c| Viperking7|^^
|c| yoorofl|i feel like mega diancie is going to be mad hard to deal with
|
|detailschange|p2a: Diancie|Diancie-Mega
|-mega|p2a: Diancie|Diancie|Diancite
|move|p2a: Diancie|Diamond Storm|p1a: Goodra
|-damage|p1a: Goodra|11\/361
|-boost|p2a: Diancie|def|1
|move|p1a: Goodra|Earthquake|p2a: Diancie
|-supereffective|p2a: Diancie
|-damage|p2a: Diancie|59\/241
|
|turn|11
|c| the dingus account|amoonbrotran is pretty good
|c| Viperking7|jeus *faints*
|join|ButterLettuceParty
|
|move|p2a: Diancie|Moonblast|p1a: Goodra
|-supereffective|p1a: Goodra
|-damage|p1a: Goodra|0 fnt
|faint|p1a: Goodra
|
|c| the dingus account|even though its old
|c| trillyntruly|well actually, a healthy bro and amoonguss should be able to deal with it
|c| trillyntruly|especially weakened
|
|switch|p1a: Slowbro|Slowbro, M|394\/394
|turn|12
|
|move|p2a: Diancie|Moonblast|p1a: Slowbro
|-damage|p1a: Slowbro|172\/394
|move|p1a: Slowbro|Scald|p2a: Diancie
|-supereffective|p2a: Diancie
|-damage|p2a: Diancie|0 fnt
|faint|p2a: Diancie
|
|-heal|p1a: Slowbro|196\/394|[from] item: Leftovers
|c| Viperking7|way to go trill
|c|★Jefo|fucking cancel
|c| Viperking7|way to go
|c|★Jefo|;_;
|c| trillyntruly|.-. wat i do
|
|switch|p2a: Azumarill|Azumarill, F|296\/384
|turn|13
|c| ButterLettuceParty|rip in peace sweet prince
|c| Viperking7|the cancel button is some serious aids
|c| trillyntruly|it truly is
|
|switch|p1a: Amoonguss|Amoonguss, M|252\/423
|move|p2a: Azumarill|Play Rough|p1a: Amoonguss
|-resisted|p1a: Amoonguss
|-damage|p1a: Amoonguss|117\/423
|
|-heal|p1a: Amoonguss|143\/423|[from] item: Black Sludge
|turn|14
|c| trillyntruly|cancel button sucks these days
|join|Baharoth
|leave|bluri
|c| ButterLettuceParty|camel button gets you laid?
|leave|Baharoth
|join|CleanerThanRotom-W
|join|nathaaan
|c| Viperking7|from playing pokemon ive leaned 3 things scald burn =100% chance focus blast is 45% accruacy and the cancel button is ass
|join|FUQ GLISCORE
|c| the dingus account|lol
|c| trillyntruly|scald is more like 50\/50
|c| trillyntruly|and you forgot stone edge
|c| ButterLettuceParty|i cannot see imuh leagley blind
|c| trillyntruly|which never ever ever hits
|c| trillyntruly|10% accuracy
|
|switch|p1a: Slowbro|Slowbro, M|327\/394
|move|p2a: Azumarill|Play Rough|p1a: Slowbro
|-crit|p1a: Slowbro
|-damage|p1a: Slowbro|51\/394
|
|-heal|p1a: Slowbro|75\/394|[from] item: Leftovers
|turn|15
|
|switch|p1a: Amoonguss|Amoonguss, M|284\/423
|move|p2a: Azumarill|Play Rough|p1a: Amoonguss
|-resisted|p1a: Amoonguss
|-damage|p1a: Amoonguss|149\/423
|
|-heal|p1a: Amoonguss|175\/423|[from] item: Black Sludge
|turn|16
|c| Viperking7|i cant even take high percentage attacks seriously
|c| Viperking7|I missed 3 hammber punches on a chansey smh
|c| the dingus account|hammer punch?
|c| trillyntruly|hammer arm lol
|c| Viperking7|yes
|c| Viperking7|yh lol i meant hammer arm
|join|Fizz on my Jayce
|
|move|p2a: Azumarill|Play Rough|p1a: Amoonguss
|-crit|p1a: Amoonguss
|-resisted|p1a: Amoonguss
|-damage|p1a: Amoonguss|0 fnt
|faint|p1a: Amoonguss
|
|c| the dingus account|stop timer sum1
|c| trillyntruly|i bet jefo gonna lose to showdown lag too
|c| Viperking7|lol
|c| trillyntruly|i bet he put his move in at 40 seconds
|c| trillyntruly|and it kept counting down
|c| Viperking7|poor jefo
|c| trillyntruly|been happening to me constantly
|
|switch|p1a: Slowbro|Slowbro, M|206\/394
|turn|17
|join|kkeennnnaayy
|
|move|p2a: Azumarill|Play Rough|p1a: Slowbro
|-damage|p1a: Slowbro|0 fnt
|faint|p1a: Slowbro
|
|c| ButterLettuceParty|it would suck if one of these guys parents were like "get off i need to use the computer!" "NOT NOW MOM!" "ARE YOU WATCHING GAY PORN AGAIN!?!?" "NO! LEAVE ME ALONE!" "IS THIS DOG PORN!" "YES!" "YOU KNOW I GET THAT RASH!"
|join|oijh
|join|breeloom
|c| Viperking7|......
|c| the dingus account|obv troll
|join|Thowsand Sunny
|join|cosine180
|c| ButterLettuceParty|thats not trolling.
|c| ButterLettuceParty|Trolling is fooling people.
|c| ButterLettuceParty|Im joking
|c| RayDalio|thats just fucked
|
|switch|p1a: Heatran|Heatran, M|380\/380
|turn|18
|c| the dingus account|lol
|join|crl
|c| Viperking7|so what is it thenn my screwed up friend?
|
|switch|p2a: Slowbro|Slowbro, F|323\/394
|move|p1a: Heatran|Stealth Rock|p2a: Slowbro
|-sidestart|p2: Jefo|move: Stealth Rock
|
|-heal|p2a: Slowbro|347\/394|[from] item: Leftovers
|turn|19
|join|Reud
|c| ButterLettuceParty|"Trolling is fooling people."
|leave|breeloom
|
|move|p1a: Heatran|Toxic|p2a: Slowbro
|-status|p2a: Slowbro|tox
|move|p2a: Slowbro|Scald|p1a: Heatran
|-supereffective|p1a: Heatran
|-damage|p1a: Heatran|236\/380
|
|-heal|p1a: Heatran|259\/380|[from] item: Leftovers
|-heal|p2a: Slowbro|371\/394 tox|[from] item: Leftovers
|-damage|p2a: Slowbro|347\/394 tox|[from] psn
|turn|20
|
|move|p1a: Heatran|Lava Plume|p2a: Slowbro
|-resisted|p2a: Slowbro
|-damage|p2a: Slowbro|273\/394 tox
|move|p2a: Slowbro|Scald|p1a: Heatran
|-supereffective|p1a: Heatran
|-damage|p1a: Heatran|115\/380
|
|-heal|p1a: Heatran|138\/380|[from] item: Leftovers
|-heal|p2a: Slowbro|297\/394 tox|[from] item: Leftovers
|-damage|p2a: Slowbro|249\/394 tox|[from] psn
|turn|21
|leave|kkeennnnaayy
|join|Milliesucksdick69
|leave|CleanerThanRotom-W
|
|move|p1a: Heatran|Taunt|p2a: Slowbro
|-start|p2a: Slowbro|move: Taunt
|cant|p2a: Slowbro|move: Taunt|Slack Off
|
|-heal|p1a: Heatran|161\/380|[from] item: Leftovers
|-heal|p2a: Slowbro|273\/394 tox|[from] item: Leftovers
|-damage|p2a: Slowbro|201\/394 tox|[from] psn
|turn|22
|leave|ButterLettuceParty
|leave|Erzkrieger
|leave|Thowsand Sunny
|c|★Jefo|lag
|join|Glorious Advance
|join|ButterLettuceParty
|leave|Glorious Advance
|
|switch|p1a: Diggersby|Diggersby, M|311\/311
|move|p2a: Slowbro|Scald|p1a: Diggersby
|-supereffective|p1a: Diggersby
|-damage|p1a: Diggersby|65\/311
|
|-heal|p2a: Slowbro|225\/394 tox|[from] item: Leftovers
|-damage|p2a: Slowbro|129\/394 tox|[from] psn
|turn|23
|
|move|p1a: Diggersby|U-turn|p2a: Slowbro
|-supereffective|p2a: Slowbro
|-damage|p2a: Slowbro|0 fnt
|faint|p2a: Slowbro
|join|senegal
|c| ButterLettuceParty|dennis you made it this far.
|c| ButterLettuceParty|you got this
|
|switch|p1a: Tyranitar|Tyranitar, F|341\/341
|-weather|Sandstorm
|
|-weather|Sandstorm|[upkeep]
|c|★DennisEG|hard to say, i mess up with that azu
|
|switch|p2a: Latios|Latios, M|301\/301
|-damage|p2a: Latios|264\/301|[from] Stealth Rock
|turn|24
|c| Viperking7|nw youstill have  a chance
|c| Padapos the retard|ttar takes a fking ep iirc
|c| Viperking7|depends on what you do this turn
|c| trillyntruly|still a shot, it's lookin in jefo's favor
|c| veliki kurac|couldnt bd azu have swept there
|c| trillyntruly|but it could go either way still i believe
|c| Viperking7|If dennis does something this turn he wins trust me
|
|switch|p1a: Diggersby|Diggersby, M|65\/311
|move|p2a: Latios|Draco Meteor|p1a: Diggersby
|-damage|p1a: Diggersby|0 fnt
|-unboost|p2a: Latios|spa|2
|-damage|p2a: Latios|234\/301|[from] item: Life Orb
|faint|p1a: Diggersby
|
|-weather|Sandstorm|[upkeep]
|-damage|p2a: Latios|216\/301|[from] sandstorm
|join|Glorious Advance
|leave|Glorious Advance
|
|switch|p1a: Tyranitar|Tyranitar, F|341\/341
|turn|25
|join|testing 123ds
|c| Padapos the retard|wow
|-message|Jefo lost due to inactivity.
|c| the dingus account|noo jefo
|leave|cosine180
|c| ButterLettuceParty|NO WAY
|c| ButterLettuceParty|OH
|
|win|DennisEG
|c| trillyntruly|knew it
|c| ButterLettuceParty|GET RECKET
|c| Viperking7|told ya
|leave|veliki kurac
|c| ButterLettuceParty|GET RECT
|leave|crl
|c| Padapos the retard|y?
|leave|Fizz on my Jayce
|leave|SummertimeSadnesss
|leave|The Ess of Johan
|c| ButterLettuceParty|gg dennis
|leave|FUQ GLISCORE
|leave|GrandBlack
|join|Tng
|leave|yoorofl
|leave|Tng