|join|ninimia
|join|Landonous
|player|p1|ninimia|102
|player|p2|Landonous|169
|gametype|singles
|tier|OU
|rated
|rule|Evasion Abilities Clause: Evasion abilities are banned
|clearpoke
|poke|p1|Azelf
|poke|p1|Volbeat, M
|poke|p1|Thundurus-Therian, M
|poke|p1|Metagross
|poke|p1|Kingdra, F
|poke|p1|Gorebyss, M
|poke|p2|Tyranitar, M
|poke|p2|Landorus-Therian, M
|poke|p2|Keldeo-Resolute
|poke|p2|Skarmory, M
|poke|p2|Alakazam, F
|poke|p2|Jellicent, M
|rule|Sleep Clause Mod: Limit one foe put to sleep
|rule|Species Clause: Limit one of each Pokemon
|rule|OHKO Clause: OHKO moves are banned
|rule|Moody Clause: Moody is banned
|rule|Evasion Moves Clause: Evasion moves are banned
|rule|HP Percentage Mod: HP is reported as percentages
|teampreview
|callback|decision
|join|Qreacher
|chat|Qreacher| www.lemonparty.org\/‎
|chat|Qreacher| www.lemonparty.org\/‎
|chat|Qreacher| www.lemonparty.org\/‎
|chat|Qreacher| www.lemonparty.org\/‎
|chat|Qreacher| www.lemonparty.org\/‎
|chat|Qreacher| www.lemonparty.org\/‎
|chat|Qreacher| www.lemonparty.org\/‎
|chat|Qreacher| www.lemonparty.org\/‎
|chat|Qreacher| www.lemonparty.org\/‎
|chat|Qreacher| www.lemonparty.org\/‎
|chat|Qreacher| www.lemonparty.org\/‎
|chat|Qreacher| www.lemonparty.org\/‎
|chat|Qreacher| www.lemonparty.org\/‎
|chat|Qreacher| www.lemonparty.org\/‎
|chat|Qreacher| www.lemonparty.org\/‎
|chat|Qreacher| www.lemonparty.org\/‎
|chat|Qreacher| www.lemonparty.org\/‎
|chat|Qreacher| www.lemonparty.org\/‎
|
|start
|switch|p1a: Azelf|Azelf|292\/292
|switch|p2a: Landorus-Therian|Landorus-Therian, M|382\/382
|-ability|p2a: Landorus-Therian|Intimidate|[of] p1a: Azelf
|-unboost|p1a: Azelf|atk|1
|turn|1
|callback|decision
|chat|Qreacher| www.lemonparty.org\/‎
|chat|Qreacher| www.lemonparty.org\/‎
|chat|Qreacher| www.lemonparty.org\/‎
|chat|Qreacher| www.lemonparty.org\/‎
|chat|Qreacher| www.lemonparty.org\/‎
|chat|Qreacher| www.lemonparty.org\/‎
|chat|Qreacher| www.lemonparty.org\/‎ www.lemonparty.org\/‎
|chat|Qreacher| www.lemonparty.org\/‎
|chat|Qreacher| www.lemonparty.org\/‎
|chat|Qreacher| www.lemonparty.org\/‎
|chat|Qreacher| www.lemonparty.org\/‎
|chat|Qreacher| www.lemonparty.org\/‎ www.lemonparty.org\/‎
|chat|Qreacher| www.lemonparty.org\/‎
|chat|Qreacher| www.lemonparty.org\/‎
|chat|Qreacher| www.lemonparty.org\/‎
|chat|Qreacher| www.lemonparty.org\/‎
|chat|Qreacher| www.lemonparty.org\/‎
|chat|Qreacher| www.lemonparty.org\/‎
|
|move|p1a: Azelf|Stealth Rock|p2a: Landorus-Therian
|-sidestart|p2: Landonous|move: Stealth Rock
|move|p2a: Landorus-Therian|U-turn|p1a: Azelf
|-supereffective|p1a: Azelf
|-damage|p1a: Azelf|46\/292
|callback|decision
|leave|Qreacher
|
|switch|p2a: Tyranitar|Tyranitar, M|342\/342
|-damage|p2a: Tyranitar|300\/342|[from] Stealth Rock
|-weather|Sandstorm|[from] ability: Sand Stream|[of] p2a: Tyranitar
|
|-weather|Sandstorm|[upkeep]
|-damage|p1a: Azelf|28\/292|[from] sandstorm
|turn|2
|callback|decision
|
|move|p2a: Tyranitar|Crunch|p1a: Azelf
|-supereffective|p1a: Azelf
|-damage|p1a: Azelf|0 fnt
|faint|p1a: Azelf
|
|-weather|Sandstorm|[upkeep]
|callback|decision
|
|switch|p1a: Gorebyss|Gorebyss, M|314\/314
|turn|3
|callback|decision
|
|move|p2a: Tyranitar|Crunch|p1a: Gorebyss
|-damage|p1a: Gorebyss|182\/314
|move|p1a: Gorebyss|Shell Smash|p1a: Gorebyss
|-boost|p1a: Gorebyss|atk|2
|-boost|p1a: Gorebyss|spa|2
|-boost|p1a: Gorebyss|spe|2
|-unboost|p1a: Gorebyss|def|1
|-unboost|p1a: Gorebyss|spd|1
|-enditem|p1a: Gorebyss|White Herb
|-restoreboost|p1a: Gorebyss|[silent]
|
|-weather|Sandstorm|[upkeep]
|-damage|p1a: Gorebyss|163\/314|[from] sandstorm
|turn|4
|callback|decision
|
|move|p1a: Gorebyss|Baton Pass|p1a: Gorebyss
|callback|decision
|
|switch|p1a: Metagross|Metagross|301\/301
|move|p2a: Tyranitar|Crunch|p1a: Metagross
|-damage|p1a: Metagross|192\/301
|
|-weather|Sandstorm|[upkeep]
|turn|5
|callback|decision
|
|switch|p2a: Landorus-Therian|Landorus-Therian, M|382\/382
|-damage|p2a: Landorus-Therian|335\/382|[from] Stealth Rock
|-ability|p2a: Landorus-Therian|Intimidate|[of] p1a: Metagross
|-fail|p1a: Metagross|unboost|[from] ability: Clear Body|[of] p1a: Metagross
|move|p1a: Metagross|Meteor Mash|p2a: Landorus-Therian|[miss]
|-miss|p1a: Metagross|p2a: Landorus-Therian
|
|-weather|Sandstorm|[upkeep]
|-heal|p2a: Landorus-Therian|358\/382|[from] item: Leftovers
|turn|6
|callback|decision
|
|move|p1a: Metagross|Meteor Mash|p2a: Landorus-Therian
|-damage|p2a: Landorus-Therian|0 fnt
|-boost|p1a: Metagross|atk|1
|-damage|p1a: Metagross|162\/301|[from] item: Life Orb
|faint|p2a: Landorus-Therian
|
|-weather|Sandstorm|[upkeep]
|callback|decision
|
|switch|p2a: Skarmory|Skarmory, M|334\/334
|-damage|p2a: Skarmory|293\/334|[from] Stealth Rock
|turn|7
|callback|decision
|
|move|p1a: Metagross|Meteor Mash|p2a: Skarmory
|-resisted|p2a: Skarmory
|-damage|p2a: Skarmory|124\/334
|-damage|p1a: Metagross|132\/301|[from] item: Life Orb
|move|p2a: Skarmory|Whirlwind|p1a: Metagross
|drag|p1a: Gorebyss|Gorebyss, M|163\/314
|
|-weather|Sandstorm|[upkeep]
|-damage|p1a: Gorebyss|144\/314|[from] sandstorm
|-heal|p2a: Skarmory|144\/334|[from] item: Leftovers
|turn|8
|callback|decision
|
|move|p1a: Gorebyss|Surf|p2a: Skarmory
|-damage|p2a: Skarmory|0 fnt
|faint|p2a: Skarmory
|
|-weather|Sandstorm|[upkeep]
|-damage|p1a: Gorebyss|125\/314|[from] sandstorm
|callback|decision
|
|switch|p2a: Tyranitar|Tyranitar, M|300\/342
|-damage|p2a: Tyranitar|258\/342|[from] Stealth Rock
|turn|9
|callback|decision
|
|move|p2a: Tyranitar|Crunch|p1a: Gorebyss
|-damage|p1a: Gorebyss|0 fnt
|faint|p1a: Gorebyss
|
|-weather|Sandstorm|[upkeep]
|callback|decision
|-message|ninimia forfeited.
|
|win|Landonous
|raw|Ladder updating...
|raw|ninimia's rating: 1930 &rarr; <strong>1926<\/strong><br \/>(-4 for losing)
|raw|Landonous's rating: 1702 &rarr; <strong>1814<\/strong><br \/>(+112 for winning)
|leave|ninimia
|player|p1