|join|Miror D
|join|bsuuuu
|player|p1|Miror D|273
|player|p2|bsuuuu|43
|gametype|singles
|gen|6
|tier|UU
|rated
|rule|Sleep Clause Mod: Limit one foe put to sleep
|rule|Species Clause: Limit one of each Pokémon
|rule|OHKO Clause: OHKO moves are banned
|rule|Moody Clause: Moody is banned
|rule|Evasion Moves Clause: Evasion moves are banned
|rule|Endless Battle Clause: Forcing endless battles is banned
|rule|HP Percentage Mod: HP is shown in percentages
|clearpoke
|poke|p1|Celebi
|poke|p1|Cobalion
|poke|p1|Snorlax, F
|poke|p1|Rotom-Heat
|poke|p1|Drifblim, M
|poke|p1|Empoleon, M
|poke|p2|Pidgeot, M
|poke|p2|Forretress, F
|poke|p2|Alakazam, F
|poke|p2|Entei, shiny
|poke|p2|Krookodile, M
|poke|p2|Raikou
|rule|Swagger Clause: Swagger is banned
|rule|Baton Pass Clause: Limit one Pokémon knowing Baton Pass
|teampreview
|
|start
|switch|p1a: Cobalion|Cobalion|323\/323
|switch|p2a: Pidgeot|Pidgeot, M|307\/307
|turn|1
|
|detailschange|p2a: Pidgeot|Pidgeot-Mega, M
|message|Pidgeot has Mega Evolved into Mega Pidgeot!
|move|p1a: Cobalion|Volt Switch|p2a: Pidgeot
|-supereffective|p2a: Pidgeot
|-damage|p2a: Pidgeot|167\/307
|
|switch|p1a: Empoleon|Empoleon, M|372\/372
|move|p2a: Pidgeot|Hurricane|p1a: Empoleon
|-resisted|p1a: Empoleon
|-damage|p1a: Empoleon|277\/372
|-start|p1a: Empoleon|confusion
|
|turn|2
|
|-activate|p1a: Empoleon|confusion
|-damage|p1a: Empoleon|222\/372|[from] confusion
|move|p2a: Pidgeot|U-turn|p1a: Empoleon
|-resisted|p1a: Empoleon
|-damage|p1a: Empoleon|194\/372
|
|switch|p2a: Krookodile|Krookodile, M|355\/355
|-ability|p2a: Krookodile|Intimidate|[of] p1a: Empoleon
|-unboost|p1a: Empoleon|atk|1
|
|turn|3
|
|switch|p1a: Rotom-Heat|Rotom-Heat|303\/303
|move|p2a: Krookodile|Stealth Rock|p1a: Rotom-Heat
|-sidestart|p1: Miror D|move: Stealth Rock
|
|turn|4
|
|switch|p2a: Raikou|Raikou|321\/321
|-ability|p2a: Raikou|Pressure
|move|p1a: Rotom-Heat|Substitute|p1a: Rotom-Heat
|-start|p1a: Rotom-Heat|Substitute
|-damage|p1a: Rotom-Heat|228\/303
|
|-heal|p1a: Rotom-Heat|246\/303|[from] item: Leftovers
|turn|5
|
|move|p2a: Raikou|Shadow Ball|p1a: Rotom-Heat
|-activate|p1a: Rotom-Heat|Substitute|[damage]
|move|p1a: Rotom-Heat|Will-O-Wisp|p2a: Raikou
|-status|p2a: Raikou|brn
|
|-heal|p1a: Rotom-Heat|264\/303|[from] item: Leftovers
|-damage|p2a: Raikou|281\/321 brn|[from] brn
|turn|6
|
|move|p2a: Raikou|Shadow Ball|p1a: Rotom-Heat
|-end|p1a: Rotom-Heat|Substitute
|move|p1a: Rotom-Heat|Substitute|p1a: Rotom-Heat
|-start|p1a: Rotom-Heat|Substitute
|-damage|p1a: Rotom-Heat|189\/303
|
|-heal|p1a: Rotom-Heat|207\/303|[from] item: Leftovers
|-damage|p2a: Raikou|241\/321 brn|[from] brn
|turn|7
|
|move|p2a: Raikou|Shadow Ball|p1a: Rotom-Heat
|-activate|p1a: Rotom-Heat|Substitute|[damage]
|move|p1a: Rotom-Heat|Pain Split|p2a: Raikou
|-sethp|p2a: Raikou|224\/321 brn|p1a: Rotom-Heat|224\/303|[from] move: Pain Split
|
|-heal|p1a: Rotom-Heat|242\/303|[from] item: Leftovers
|-damage|p2a: Raikou|184\/321 brn|[from] brn
|turn|8
|
|move|p2a: Raikou|Volt Switch|p1a: Rotom-Heat
|-resisted|p1a: Rotom-Heat
|-end|p1a: Rotom-Heat|Substitute
|
|switch|p2a: Krookodile|Krookodile, M|355\/355
|-ability|p2a: Krookodile|Intimidate|[of] p1a: Rotom-Heat
|-unboost|p1a: Rotom-Heat|atk|1
|move|p1a: Rotom-Heat|Substitute|p1a: Rotom-Heat
|-start|p1a: Rotom-Heat|Substitute
|-damage|p1a: Rotom-Heat|167\/303
|
|-heal|p1a: Rotom-Heat|185\/303|[from] item: Leftovers
|turn|9
|
|move|p2a: Krookodile|Taunt|p1a: Rotom-Heat
|-start|p1a: Rotom-Heat|move: Taunt
|cant|p1a: Rotom-Heat|move: Taunt|Will-O-Wisp
|
|-heal|p1a: Rotom-Heat|203\/303|[from] item: Leftovers
|turn|10
|
|move|p2a: Krookodile|Knock Off|p1a: Rotom-Heat
|-crit|p1a: Rotom-Heat
|-end|p1a: Rotom-Heat|Substitute
|move|p1a: Rotom-Heat|Overheat|p2a: Krookodile
|-damage|p2a: Krookodile|138\/355
|-unboost|p1a: Rotom-Heat|spa|2
|
|-heal|p2a: Krookodile|160\/355|[from] item: Leftovers
|-heal|p1a: Rotom-Heat|221\/303|[from] item: Leftovers
|turn|11
|
|switch|p1a: Cobalion|Cobalion|323\/323
|-damage|p1a: Cobalion|313\/323|[from] Stealth Rock
|move|p2a: Krookodile|Earthquake|p1a: Cobalion
|-crit|p1a: Cobalion
|-supereffective|p1a: Cobalion
|-damage|p1a: Cobalion|0 fnt
|faint|p1a: Cobalion
|
|-heal|p2a: Krookodile|182\/355|[from] item: Leftovers
|
|switch|p1a: Celebi|Celebi|396\/396
|-damage|p1a: Celebi|347\/396|[from] Stealth Rock
|turn|12
|
|switch|p2a: Pidgeot|Pidgeot-Mega, M|167\/307
|move|p1a: Celebi|Stealth Rock|p2a: Pidgeot
|-sidestart|p2: bsuuuu|move: Stealth Rock
|
|-heal|p1a: Celebi|371\/396|[from] item: Leftovers
|turn|13
|
|switch|p1a: Empoleon|Empoleon, M|194\/372
|-damage|p1a: Empoleon|171\/372|[from] Stealth Rock
|move|p2a: Pidgeot|Hurricane|p1a: Empoleon
|-resisted|p1a: Empoleon
|-damage|p1a: Empoleon|66\/372
|
|turn|14
|
|move|p1a: Empoleon|Aqua Jet|p2a: Pidgeot
|-crit|p2a: Pidgeot
|-damage|p2a: Pidgeot|0 fnt
|-damage|p1a: Empoleon|29\/372|[from] item: Life Orb
|faint|p2a: Pidgeot
|
|
|switch|p2a: Entei|Entei, shiny|371\/371
|-damage|p2a: Entei|279\/371|[from] Stealth Rock
|-ability|p2a: Entei|Pressure
|turn|15
|
|move|p2a: Entei|Extreme Speed|p1a: Empoleon
|-resisted|p1a: Empoleon
|-damage|p1a: Empoleon|0 fnt
|faint|p1a: Empoleon
|
|
|switch|p1a: Snorlax|Snorlax, F|501\/501
|-damage|p1a: Snorlax|439\/501|[from] Stealth Rock
|turn|16
|
|switch|p2a: Krookodile|Krookodile, M|182\/355
|-damage|p2a: Krookodile|160\/355|[from] Stealth Rock
|-ability|p2a: Krookodile|Intimidate|[of] p1a: Snorlax
|-unboost|p1a: Snorlax|atk|1
|move|p1a: Snorlax|Return|p2a: Krookodile
|-damage|p2a: Krookodile|21\/355
|
|-heal|p2a: Krookodile|43\/355|[from] item: Leftovers
|-heal|p1a: Snorlax|470\/501|[from] item: Leftovers
|turn|17
|
|move|p2a: Krookodile|Knock Off|p1a: Snorlax
|-damage|p1a: Snorlax|280\/501
|-enditem|p1a: Snorlax|Leftovers|[from] move: Knock Off|[of] p2a: Krookodile
|move|p1a: Snorlax|Return|p2a: Krookodile
|-damage|p2a: Krookodile|0 fnt
|faint|p2a: Krookodile
|
|
|switch|p2a: Forretress|Forretress, F|353\/353
|-damage|p2a: Forretress|309\/353|[from] Stealth Rock
|turn|18
|
|switch|p1a: Rotom-Heat|Rotom-Heat|221\/303
|-damage|p1a: Rotom-Heat|146\/303|[from] Stealth Rock
|move|p2a: Forretress|Rapid Spin|p1a: Rotom-Heat
|-damage|p1a: Rotom-Heat|132\/303
|-sideend|p2: bsuuuu|Stealth Rock|[from] move: Rapid Spin|[of] p2a: Forretress
|
|-heal|p1a: Rotom-Heat|150\/303|[from] item: Leftovers
|-heal|p2a: Forretress|331\/353|[from] item: Leftovers
|turn|19
|
|switch|p2a: Entei|Entei, shiny|279\/371
|-ability|p2a: Entei|Pressure
|move|p1a: Rotom-Heat|Substitute|p1a: Rotom-Heat
|-start|p1a: Rotom-Heat|Substitute
|-damage|p1a: Rotom-Heat|75\/303
|
|-heal|p1a: Rotom-Heat|93\/303|[from] item: Leftovers
|turn|20
|
|move|p2a: Entei|Extreme Speed|p1a: Rotom-Heat
|-end|p1a: Rotom-Heat|Substitute
|move|p1a: Rotom-Heat|Pain Split|p2a: Entei
|-sethp|p2a: Entei|186\/371|p1a: Rotom-Heat|186\/303|[from] move: Pain Split
|
|-heal|p1a: Rotom-Heat|204\/303|[from] item: Leftovers
|turn|21
|
|switch|p1a: Drifblim|Drifblim, M|442\/442
|-damage|p1a: Drifblim|332\/442|[from] Stealth Rock
|move|p2a: Entei|Extreme Speed|p1a: Drifblim
|-immune|p1a: Drifblim|[msg]
|
|turn|22
|
|switch|p2a: Raikou|Raikou|184\/321 brn
|-ability|p2a: Raikou|Pressure
|move|p1a: Drifblim|Substitute|p1a: Drifblim
|-start|p1a: Drifblim|Substitute
|-damage|p1a: Drifblim|222\/442
|
|-damage|p2a: Raikou|144\/321 brn|[from] brn
|turn|23
|
|move|p2a: Raikou|Volt Switch|p1a: Drifblim
|-crit|p1a: Drifblim
|-supereffective|p1a: Drifblim
|-end|p1a: Drifblim|Substitute
|
|switch|p2a: Forretress|Forretress, F|331\/353
|move|p1a: Drifblim|Knock Off|p2a: Forretress
|-damage|p2a: Forretress|263\/353
|-enditem|p2a: Forretress|Leftovers|[from] move: Knock Off|[of] p1a: Drifblim
|
|turn|24
|
|switch|p1a: Celebi|Celebi|371\/396
|-damage|p1a: Celebi|322\/396|[from] Stealth Rock
|move|p2a: Forretress|Volt Switch|p1a: Celebi
|-crit|p1a: Celebi
|-resisted|p1a: Celebi
|-damage|p1a: Celebi|299\/396
|
|switch|p2a: Entei|Entei, shiny|186\/371
|-ability|p2a: Entei|Pressure
|
|-heal|p1a: Celebi|323\/396|[from] item: Leftovers
|turn|25
|
|move|p2a: Entei|Sacred Fire|p1a: Celebi
|-supereffective|p1a: Celebi
|-damage|p1a: Celebi|0 fnt
|faint|p1a: Celebi
|
|
|switch|p1a: Snorlax|Snorlax, F|280\/501
|-damage|p1a: Snorlax|218\/501|[from] Stealth Rock
|turn|26
|
|switch|p2a: Forretress|Forretress, F|263\/353
|move|p1a: Snorlax|Rest|p1a: Snorlax
|-status|p1a: Snorlax|slp
|-heal|p1a: Snorlax|501\/501 slp|[silent]
|-status|p1a: Snorlax|slp|[from] move: Rest
|
|turn|27
|
|cant|p1a: Snorlax|slp
|move|p1a: Snorlax|Sleep Talk|p1a: Snorlax
|move|p1a: Snorlax|Crunch|p2a: Forretress|[from]Sleep Talk
|-damage|p2a: Forretress|194\/353
|move|p2a: Forretress|Volt Switch|p1a: Snorlax
|-damage|p1a: Snorlax|466\/501 slp
|
|switch|p2a: Alakazam|Alakazam, F|251\/251
|
|turn|28
|
|move|p2a: Alakazam|Psyshock|p1a: Snorlax
|-damage|p1a: Snorlax|285\/501 slp
|cant|p1a: Snorlax|slp
|move|p1a: Snorlax|Sleep Talk|p1a: Snorlax
|move|p1a: Snorlax|Return|p2a: Alakazam|[from]Sleep Talk
|-enditem|p2a: Alakazam|Focus Sash
|-damage|p2a: Alakazam|1\/251
|
|turn|29
|
|move|p2a: Alakazam|Psyshock|p1a: Snorlax
|-damage|p1a: Snorlax|90\/501 slp
|-curestatus|p1a: Snorlax|slp
|move|p1a: Snorlax|Rest|p1a: Snorlax
|-status|p1a: Snorlax|slp
|-heal|p1a: Snorlax|501\/501 slp|[silent]
|-status|p1a: Snorlax|slp|[from] move: Rest
|
|turn|30
|
|move|p2a: Alakazam|Psyshock|p1a: Snorlax
|-damage|p1a: Snorlax|324\/501 slp
|cant|p1a: Snorlax|slp
|move|p1a: Snorlax|Sleep Talk|p1a: Snorlax
|move|p1a: Snorlax|Return|p2a: Alakazam|[from]Sleep Talk
|-damage|p2a: Alakazam|0 fnt
|faint|p2a: Alakazam
|
|
|switch|p2a: Entei|Entei, shiny|186\/371
|-ability|p2a: Entei|Pressure
|turn|31
|
|move|p2a: Entei|Stone Edge|p1a: Snorlax
|-damage|p1a: Snorlax|102\/501 slp
|cant|p1a: Snorlax|slp
|move|p1a: Snorlax|Sleep Talk|p1a: Snorlax
|move|p1a: Snorlax|Rest|p1a: Snorlax|[from]Sleep Talk
|-fail|p1a: Snorlax
|
|turn|32
|
|move|p2a: Entei|Stone Edge|p1a: Snorlax
|-damage|p1a: Snorlax|0 fnt
|faint|p1a: Snorlax
|
|
|switch|p1a: Drifblim|Drifblim, M|222\/442
|-damage|p1a: Drifblim|112\/442|[from] Stealth Rock
|turn|33
|
|switch|p1a: Rotom-Heat|Rotom-Heat|204\/303
|-damage|p1a: Rotom-Heat|129\/303|[from] Stealth Rock
|move|p2a: Entei|Stone Edge|p1a: Rotom-Heat
|-supereffective|p1a: Rotom-Heat
|-damage|p1a: Rotom-Heat|0 fnt
|faint|p1a: Rotom-Heat
|
|
|switch|p1a: Drifblim|Drifblim, M|112\/442
|-damage|p1a: Drifblim|2\/442|[from] Stealth Rock
|-enditem|p1a: Drifblim|Liechi Berry|[eat]
|-boost|p1a: Drifblim|atk|1|[from] item: Liechi Berry
|turn|34
|
|move|p1a: Drifblim|Acrobatics|p2a: Entei
|-damage|p2a: Entei|0 fnt
|faint|p2a: Entei
|
|
|switch|p2a: Raikou|Raikou|144\/321 brn
|-ability|p2a: Raikou|Pressure
|turn|35
|
|move|p1a: Drifblim|Knock Off|p2a: Raikou
|-damage|p2a: Raikou|0 fnt
|-enditem|p2a: Raikou|Assault Vest|[from] move: Knock Off|[of] p1a: Drifblim
|faint|p2a: Raikou
|
|
|switch|p2a: Forretress|Forretress, F|194\/353
|turn|36
|
|move|p1a: Drifblim|Destiny Bond|p1a: Drifblim
|-singlemove|p1a: Drifblim|Destiny Bond
|move|p2a: Forretress|Volt Switch|p1a: Drifblim
|-supereffective|p1a: Drifblim
|-damage|p1a: Drifblim|0 fnt
|faint|p1a: Drifblim
|-activate|p1a: Drifblim|Destiny Bond
|faint|p2a: Forretress
|
|win|bsuuuu
|raw|Ladder updating...
|raw|Miror D's rating: 1301 &rarr; <strong>1289<\/strong><br \/>(-12 for losing)
|raw|bsuuuu's rating: 1449 &rarr; <strong>1461<\/strong><br \/>(+12 for winning)
|leave|bsuuuu
|player|p2