|join|ArchPhantom
|join|Calm Stone
|player|p1|ArchPhantom|238
|player|p2|Calm Stone|151
|gametype|singles
|gen|6
|tier|OU
|clearpoke
|poke|p1|Greninja, F
|poke|p1|Latias, F
|poke|p1|Gallade, M
|poke|p1|Empoleon, F
|poke|p1|Landorus-Therian, M
|poke|p1|Rotom-Wash
|poke|p2|Sylveon, M
|poke|p2|Bisharp, M
|poke|p2|Medicham, M
|poke|p2|Dragonite, M
|poke|p2|Mew
|poke|p2|Heatran, M
|rule|Swagger Clause: Swagger is banned
|rule|Baton Pass Clause: Limit one Pokémon knowing Baton Pass
|rule|Sleep Clause Mod: Limit one foe put to sleep
|rule|Species Clause: Limit one of each Pokémon
|rule|OHKO Clause: OHKO moves are banned
|rule|Moody Clause: Moody is banned
|rule|Evasion Moves Clause: Evasion moves are banned
|rule|Endless Battle Clause: Forcing endless battles is banned
|rule|HP Percentage Mod: HP is shown in percentages
|teampreview
|c|★ArchPhantom|gl
|c|★Calm Stone|gl
|
|start
|switch|p1a: Gallade|Gallade, M|277\/277
|switch|p2a: Psyken|Medicham, M|262\/262
|turn|1
|
|detailschange|p1a: Gallade|Gallade-Mega, M
|message|Gallade has Mega Evolved into Mega Gallade!
|detailschange|p2a: Psyken|Medicham-Mega, M
|message|Medicham has Mega Evolved into Mega Medicham!
|move|p2a: Psyken|Fake Out|p1a: Gallade
|-damage|p1a: Gallade|198\/277
|move|p1a: Gallade|Swords Dance|p1a: Gallade
|-boost|p1a: Gallade|atk|2
|
|turn|2
|c|★Calm Stone|lmao this is a team youll meet on the ladder
|c|★Calm Stone|http:\/\/play.pokemonshowdown.com\/battle-ou-193009958
|
|switch|p2a: Behemoth|Dragonite, M|386\/386
|move|p1a: Gallade|Zen Headbutt|p2a: Behemoth
|-damage|p2a: Behemoth|198\/386
|
|turn|3
|
|move|p2a: Behemoth|Extreme Speed|p1a: Gallade
|-damage|p1a: Gallade|45\/277
|move|p1a: Gallade|Knock Off|p2a: Behemoth
|-damage|p2a: Behemoth|0 fnt
|-enditem|p2a: Behemoth|Choice Band|[from] move: Knock Off|[of] p1a: Gallade
|faint|p2a: Behemoth
|
|
|switch|p2a: Psyken|Medicham-Mega, M|262\/262
|turn|4
|
|switch|p1a: Latias|Latias, F|321\/321
|move|p2a: Psyken|Fake Out|p1a: Latias
|-damage|p1a: Latias|229\/321
|
|turn|5
|
|switch|p2a: Bishop|Bisharp, M|334\/334
|move|p1a: Latias|Healing Wish|p1a: Latias
|faint|p1a: Latias
|
|
|switch|p1a: Gallade|Gallade-Mega, M|45\/277
|-heal|p1a: Gallade|277\/277|[from] move: Healing Wish
|turn|6
|
|move|p1a: Gallade|Swords Dance|p1a: Gallade
|-boost|p1a: Gallade|atk|2
|move|p2a: Bishop|Iron Head|p1a: Gallade
|-damage|p1a: Gallade|126\/277
|
|turn|7
|
|move|p2a: Bishop|Sucker Punch|p1a: Gallade
|-fail|p1a: Gallade
|move|p1a: Gallade|Swords Dance|p1a: Gallade
|-boost|p1a: Gallade|atk|2
|
|turn|8
|
|move|p2a: Bishop|Sucker Punch|p1a: Gallade
|-fail|p1a: Gallade
|move|p1a: Gallade|Swords Dance|p1a: Gallade
|-boost|p1a: Gallade|atk|2
|
|turn|9
|
|move|p2a: Bishop|Sucker Punch|p1a: Gallade
|-fail|p1a: Gallade
|move|p1a: Gallade|Swords Dance|p1a: Gallade
|-fail|p1a: Gallade
|
|turn|10
|
|move|p2a: Bishop|Sucker Punch|p1a: Gallade
|-fail|p1a: Gallade
|move|p1a: Gallade|Swords Dance|p1a: Gallade
|-fail|p1a: Gallade
|
|turn|11
|
|move|p1a: Gallade|Close Combat|p2a: Bishop
|-supereffective|p2a: Bishop
|-damage|p2a: Bishop|0 fnt
|-unboost|p1a: Gallade|def|1
|-unboost|p1a: Gallade|spd|1
|faint|p2a: Bishop
|
|c|★ArchPhantom|Lololol
|
|switch|p2a: Psyken|Medicham-Mega, M|262\/262
|turn|12
|c|★ArchPhantom|.ololol
|
|move|p2a: Psyken|Fake Out|p1a: Gallade
|-damage|p1a: Gallade|10\/277
|move|p1a: Gallade|Close Combat|p2a: Psyken
|-crit|p2a: Psyken
|-resisted|p2a: Psyken
|-damage|p2a: Psyken|0 fnt
|-unboost|p1a: Gallade|def|1
|-unboost|p1a: Gallade|spd|1
|faint|p2a: Psyken
|
|c|★ArchPhantom|Woooo
|-message|Calm Stone forfeited.
|
|win|ArchPhantom
|c|★Calm Stone|lol