|join|PokemonIsHomo
|join|ArchPhantom
|player|p1|PokemonIsHomo|76
|player|p2|ArchPhantom|222
|gametype|singles
|gen|6
|tier|OU
|rated
|clearpoke
|poke|p1|Skarmory, M
|poke|p1|Clefable, M
|poke|p1|Charizard, M
|poke|p1|Excadrill, M
|poke|p1|Gengar, M
|poke|p1|Azumarill, M
|poke|p2|Lopunny, F
|poke|p2|Ferrothorn, F
|poke|p2|Landorus-Therian, M
|poke|p2|Slowbro, F
|poke|p2|Latias, F
|poke|p2|Heatran, F
|rule|Swagger Clause: Swagger is banned
|rule|Baton Pass Clause: Limit one Pokémon knowing Baton Pass
|rule|Sleep Clause Mod: Limit one foe put to sleep
|rule|Species Clause: Limit one of each Pokémon
|rule|OHKO Clause: OHKO moves are banned
|rule|Moody Clause: Moody is banned
|rule|Evasion Moves Clause: Evasion moves are banned
|rule|Endless Battle Clause: Forcing endless battles is banned
|rule|HP Percentage Mod: HP is shown in percentages
|teampreview
|
|start
|switch|p1a: Gengar|Gengar, M|262\/262
|switch|p2a: Landorus-Therian|Landorus-Therian, M|381\/381
|-ability|p2a: Landorus-Therian|Intimidate|[of] p1a: Gengar
|-unboost|p1a: Gengar|atk|1
|turn|1
|
|switch|p1a: Skarmory|Skarmory, M|334\/334
|move|p2a: Landorus-Therian|Stealth Rock|p1a: Skarmory
|-sidestart|p1: PokemonIsHomo|move: Stealth Rock
|
|turn|2
|
|move|p2a: Landorus-Therian|U-turn|p1a: Skarmory
|-resisted|p1a: Skarmory
|-damage|p1a: Skarmory|323\/334
|-damage|p2a: Landorus-Therian|318\/381|[from] item: Rocky Helmet|[of] p1a: Skarmory
|
|switch|p2a: Heatran|Heatran, F|324\/324
|move|p1a: Skarmory|Stealth Rock|p2a: Heatran
|-sidestart|p2: ArchPhantom|move: Stealth Rock
|
|turn|3
|
|switch|p1a: Clefable|Clefable, M|394\/394
|move|p2a: Heatran|Lava Plume|p1a: Clefable
|-damage|p1a: Clefable|286\/394
|-status|p1a: Clefable|brn
|
|turn|4
|
|switch|p2a: Lopunny|Lopunny, F|271\/271
|-damage|p2a: Lopunny|238\/271|[from] Stealth Rock
|move|p1a: Clefable|Knock Off|p2a: Lopunny
|-damage|p2a: Lopunny|208\/271
|
|turn|5
|
|switch|p1a: Skarmory|Skarmory, M|323\/334
|-damage|p1a: Skarmory|282\/334|[from] Stealth Rock
|detailschange|p2a: Lopunny|Lopunny-Mega, F
|-mega|p2a: Lopunny|Lopunny|Lopunnite
|move|p2a: Lopunny|Encore|p1a: Skarmory
|-fail|p1a: Skarmory
|
|turn|6
|
|move|p2a: Lopunny|Power-Up Punch|p1a: Skarmory
|-damage|p1a: Skarmory|237\/334
|-damage|p2a: Lopunny|163\/271|[from] item: Rocky Helmet|[of] p1a: Skarmory
|-boost|p2a: Lopunny|atk|1
|move|p1a: Skarmory|Taunt|p2a: Lopunny
|-start|p2a: Lopunny|move: Taunt
|
|turn|7
|
|move|p2a: Lopunny|High Jump Kick|p1a: Skarmory|[miss]
|-miss|p2a: Lopunny|p1a: Skarmory
|-damage|p2a: Lopunny|28\/271|[from] highjumpkick
|move|p1a: Skarmory|Roost|p1a: Skarmory
|-heal|p1a: Skarmory|334\/334
|
|turn|8
|
|switch|p2a: Latias|Latias, F|301\/301
|-damage|p2a: Latias|264\/301|[from] Stealth Rock
|move|p1a: Skarmory|Roost|p1a: Skarmory
|-fail|p1a: Skarmory
|
|turn|9
|
|switch|p1a: Azumarill|Azumarill, M|371\/371
|-damage|p1a: Azumarill|325\/371|[from] Stealth Rock
|move|p2a: Latias|Psyshock|p1a: Azumarill
|-damage|p1a: Azumarill|144\/371
|-damage|p2a: Latias|234\/301|[from] item: Life Orb
|
|turn|10
|
|move|p1a: Azumarill|Aqua Jet|p2a: Latias
|-resisted|p2a: Latias
|-damage|p2a: Latias|184\/301
|move|p2a: Latias|Psyshock|p1a: Azumarill
|-damage|p1a: Azumarill|0 fnt
|-damage|p2a: Latias|154\/301|[from] item: Life Orb
|faint|p1a: Azumarill
|
|
|switch|p1a: Excadrill|Excadrill, M|362\/362
|-damage|p1a: Excadrill|351\/362|[from] Stealth Rock
|-ability|p1a: Excadrill|Mold Breaker
|turn|11
|
|move|p1a: Excadrill|Earthquake|p2a: Latias
|-damage|p2a: Latias|0 fnt
|faint|p2a: Latias
|
|
|switch|p2a: Landorus-Therian|Landorus-Therian, M|318\/381
|-damage|p2a: Landorus-Therian|271\/381|[from] Stealth Rock
|-ability|p2a: Landorus-Therian|Intimidate|[of] p1a: Excadrill
|-unboost|p1a: Excadrill|atk|1
|turn|12
|
|switch|p1a: Skarmory|Skarmory, M|334\/334
|-damage|p1a: Skarmory|293\/334|[from] Stealth Rock
|move|p2a: Landorus-Therian|U-turn|p1a: Skarmory
|-resisted|p1a: Skarmory
|-damage|p1a: Skarmory|282\/334
|-damage|p2a: Landorus-Therian|208\/381|[from] item: Rocky Helmet|[of] p1a: Skarmory
|
|switch|p2a: Heatran|Heatran, F|324\/324
|-damage|p2a: Heatran|284\/324|[from] Stealth Rock
|
|turn|13
|
|switch|p1a: Clefable|Clefable, M|286\/394 brn
|move|p2a: Heatran|Flash Cannon|p1a: Clefable
|-crit|p1a: Clefable
|-supereffective|p1a: Clefable
|-damage|p1a: Clefable|0 fnt
|faint|p1a: Clefable
|
|
|switch|p1a: Excadrill|Excadrill, M|351\/362
|-damage|p1a: Excadrill|340\/362|[from] Stealth Rock
|-ability|p1a: Excadrill|Mold Breaker
|turn|14
|
|switch|p2a: Landorus-Therian|Landorus-Therian, M|208\/381
|-damage|p2a: Landorus-Therian|161\/381|[from] Stealth Rock
|-ability|p2a: Landorus-Therian|Intimidate|[of] p1a: Excadrill
|-unboost|p1a: Excadrill|atk|1
|move|p1a: Excadrill|Rapid Spin|p2a: Landorus-Therian
|-crit|p2a: Landorus-Therian
|-damage|p2a: Landorus-Therian|126\/381
|-sideend|p1: PokemonIsHomo|Stealth Rock|[from] move: Rapid Spin|[of] p1a: Excadrill
|
|-heal|p2a: Landorus-Therian|149\/381|[from] item: Leftovers
|turn|15
|
|switch|p1a: Gengar|Gengar, M|262\/262
|move|p2a: Landorus-Therian|U-turn|p1a: Gengar
|-resisted|p1a: Gengar
|-damage|p1a: Gengar|233\/262
|
|switch|p2a: Heatran|Heatran, F|284\/324
|-damage|p2a: Heatran|244\/324|[from] Stealth Rock
|
|turn|16
|
|switch|p1a: Charizard|Charizard, M|324\/324
|move|p2a: Heatran|Stone Edge|p1a: Charizard
|-crit|p1a: Charizard
|-supereffective|p1a: Charizard
|-damage|p1a: Charizard|0 fnt
|faint|p1a: Charizard
|
|
|switch|p1a: Gengar|Gengar, M|233\/262
|turn|17
|
|switch|p2a: Lopunny|Lopunny-Mega, F|28\/271
|-damage|p2a: Lopunny|12\/271|[from] Stealth Rock
|move|p1a: Gengar|Substitute|p1a: Gengar
|-start|p1a: Gengar|Substitute
|-damage|p1a: Gengar|168\/262
|
|turn|18
|
|move|p2a: Lopunny|Encore|p1a: Gengar
|-start|p1a: Gengar|Encore
|move|p1a: Gengar|Substitute|p1a: Gengar
|-fail|p1a: Gengar|move: Substitute
|
|turn|19
|
|switch|p2a: Heatran|Heatran, F|244\/324
|-damage|p2a: Heatran|204\/324|[from] Stealth Rock
|switch|p1a: Skarmory|Skarmory, M|282\/334
|
|turn|20
|
|move|p2a: Heatran|Lava Plume|p1a: Skarmory
|-supereffective|p1a: Skarmory
|-damage|p1a: Skarmory|0 fnt
|faint|p1a: Skarmory
|
|
|switch|p1a: Gengar|Gengar, M|168\/262
|turn|21
|
|move|p2a: Heatran|Lava Plume|p1a: Gengar
|-damage|p1a: Gengar|0 fnt
|faint|p1a: Gengar
|
|-message|PokemonIsHomo forfeited.
|
|win|ArchPhantom
|raw|Ladder updating...
|leave|PokemonIsHomo
|player|p1
|raw|PokemonIsHomo's rating: 1603 &rarr; <strong>1585<\/strong><br \/>(-18 for losing)
|raw|ArchPhantom's rating: 1647 &rarr; <strong>1665<\/strong><br \/>(+18 for winning)