|join|ArchPhantom
|join|req'd by crobro
|player|p1|ArchPhantom|224
|player|p2|req'd by crobro|144
|gametype|singles
|gen|6
|tier|OU
|clearpoke
|poke|p1|Gengar, F
|poke|p1|Bisharp, F
|poke|p1|Keldeo
|poke|p1|Skarmory, F
|poke|p1|Raikou
|poke|p1|Lopunny, F
|poke|p2|Glalie, M
|poke|p2|Magnezone
|poke|p2|Landorus-Therian, M
|poke|p2|Latias, F
|poke|p2|Keldeo
|poke|p2|Talonflame, M
|rule|Swagger Clause: Swagger is banned
|rule|Baton Pass Clause: Limit one Pokémon knowing Baton Pass
|rule|Sleep Clause Mod: Limit one foe put to sleep
|rule|Species Clause: Limit one of each Pokémon
|rule|OHKO Clause: OHKO moves are banned
|rule|Moody Clause: Moody is banned
|rule|Evasion Moves Clause: Evasion moves are banned
|rule|Endless Battle Clause: Forcing endless battles is banned
|rule|HP Percentage Mod: HP is shown in percentages
|teampreview
|join|mudkipleo
|join|Vrin
|join|Soul M8
|join|Bloodz
|join|QuagGod
|c|★ArchPhantom|glhf
|join|Nine11
|join|xTraSmallDick
|join|Wilkhun
|c| Bloodz|glalie got dis imo
|c|★ArchPhantom|im using HO. Ik
|c|★ArchPhantom|weird
|join|Exlimz0r
|
|start
|switch|p1a: Skarmory|Skarmory, F|271\/271
|switch|p2a: Magnegay|Magnezone|281\/281
|turn|1
|c| Soul M8|glalie
|
|move|p2a: Magnegay|Thunderbolt|p1a: Skarmory
|-supereffective|p1a: Skarmory
|-activate|p1a: Skarmory|Sturdy
|-damage|p1a: Skarmory|1\/271
|-enditem|p1a: Skarmory|Salac Berry|[eat]
|-boost|p1a: Skarmory|spe|1|[from] item: Salac Berry
|move|p1a: Skarmory|Stealth Rock|p2a: Magnegay
|-sidestart|p2: req'd by crobro|move: Stealth Rock
|
|turn|2
|c| Vrin|this lead matchup
|
|move|p1a: Skarmory|Spikes|p2a: Magnegay
|-sidestart|p2: req'd by crobro|Spikes
|move|p2a: Magnegay|Thunderbolt|p1a: Skarmory
|-supereffective|p1a: Skarmory
|-damage|p1a: Skarmory|0 fnt
|faint|p1a: Skarmory
|
|c| Soul M8|hes shed shell
|c| Soul M8|probs
|join|PragaSV
|c| Vrin|lol
|join|Greninjaxx
|c| Vrin|5 offensive mons + shed shell defensive skarm
|
|switch|p1a: Lopunny|Lopunny, F|271\/271
|turn|3
|
|switch|p2a: Landogay|Landorus-Therian, M|381\/381
|-damage|p2a: Landogay|334\/381|[from] Stealth Rock
|-ability|p2a: Landogay|Intimidate|[of] p1a: Lopunny
|-unboost|p1a: Lopunny|atk|1
|detailschange|p1a: Lopunny|Lopunny-Mega, F
|-mega|p1a: Lopunny|Lopunny|Lopunnite
|move|p1a: Lopunny|Return|p2a: Landogay
|-damage|p2a: Landogay|229\/381
|
|-heal|p2a: Landogay|252\/381|[from] item: Leftovers
|turn|4
|c| Vrin|great team formula
|c| Soul M8|reveal ice beam lopunny
|
|move|p1a: Lopunny|Return|p2a: Landogay
|-damage|p2a: Landogay|159\/381
|move|p2a: Landogay|Earthquake|p1a: Lopunny
|-damage|p1a: Lopunny|105\/271
|
|-heal|p2a: Landogay|182\/381|[from] item: Leftovers
|turn|5
|
|switch|p1a: Gengar|Gengar, F|261\/261
|move|p2a: Landogay|U-turn|p1a: Gengar
|-resisted|p1a: Gengar
|-damage|p1a: Gengar|231\/261
|
|switch|p2a: Magnegay|Magnezone|281\/281
|-damage|p2a: Magnegay|246\/281|[from] Spikes
|-damage|p2a: Magnegay|229\/281|[from] Stealth Rock
|
|turn|6
|
|move|p2a: Magnegay|Thunderbolt|p1a: Gengar
|-damage|p1a: Gengar|20\/261
|move|p1a: Gengar|Shadow Ball|p2a: Magnegay
|-damage|p2a: Magnegay|21\/281
|-damage|p1a: Gengar|0 fnt|[from] item: Life Orb
|faint|p1a: Gengar
|
|leave|mudkipleo
|c| Soul M8|choke
|
|switch|p1a: Keldeo|Keldeo|323\/323
|turn|7
|c| Vrin|bulkE
|
|move|p1a: Keldeo|Scald|p2a: Magnegay
|-damage|p2a: Magnegay|0 fnt
|faint|p2a: Magnegay
|
|
|switch|p2a: Latigay|Latias, F|301\/301
|-damage|p2a: Latigay|264\/301|[from] Stealth Rock
|turn|8
|
|switch|p1a: Bisharp|Bisharp, F|271\/271
|move|p2a: Latigay|Defog|p1a: Bisharp
|-unboost|p1a: Bisharp|evasion|1
|-boost|p1a: Bisharp|atk|2|[from] ability: Defiant
|-sideend|p2: req'd by crobro|Spikes|[from] move: Defog|[of] p2a: Latigay
|-sideend|p2: req'd by crobro|Stealth Rock|[from] move: Defog|[of] p2a: Latigay
|
|turn|9
|
|move|p2a: Latigay|Draco Meteor|p1a: Bisharp
|-resisted|p1a: Bisharp
|-damage|p1a: Bisharp|96\/271
|-unboost|p2a: Latigay|spa|2
|-damage|p2a: Latigay|234\/301|[from] item: Life Orb
|move|p1a: Bisharp|Swords Dance|p1a: Bisharp
|-boost|p1a: Bisharp|atk|2
|
|turn|10
|c| Soul M8|gg
|join|ninjatears4u
|
|move|p1a: Bisharp|Sucker Punch|p2a: Latigay
|-supereffective|p2a: Latigay
|-damage|p2a: Latigay|0 fnt
|-damage|p1a: Bisharp|69\/271|[from] item: Life Orb
|faint|p2a: Latigay
|
|join|Zibbity
|
|switch|p2a: Keldegay|Keldeo|323\/323
|turn|11
|
|move|p2a: Keldegay|Substitute|p2a: Keldegay
|-start|p2a: Keldegay|Substitute
|-damage|p2a: Keldegay|243\/323
|move|p1a: Bisharp|Knock Off|p2a: Keldegay
|-resisted|p2a: Keldegay
|-end|p2a: Keldegay|Substitute
|-damage|p1a: Bisharp|42\/271|[from] item: Life Orb
|
|-heal|p2a: Keldegay|263\/323|[from] item: Leftovers
|turn|12
|
|move|p2a: Keldegay|Substitute|p2a: Keldegay
|-start|p2a: Keldegay|Substitute
|-damage|p2a: Keldegay|183\/323
|move|p1a: Bisharp|Knock Off|p2a: Keldegay
|-resisted|p2a: Keldegay
|-end|p2a: Keldegay|Substitute
|-damage|p1a: Bisharp|15\/271|[from] item: Life Orb
|
|-heal|p2a: Keldegay|203\/323|[from] item: Leftovers
|turn|13
|c| Vrin|LO stall regardless
|
|move|p2a: Keldegay|Substitute|p2a: Keldegay
|-start|p2a: Keldegay|Substitute
|-damage|p2a: Keldegay|123\/323
|move|p1a: Bisharp|Knock Off|p2a: Keldegay
|-resisted|p2a: Keldegay
|-end|p2a: Keldegay|Substitute
|-damage|p1a: Bisharp|0 fnt|[from] item: Life Orb
|faint|p1a: Bisharp
|
|-heal|p2a: Keldegay|143\/323|[from] item: Leftovers
|c| Soul M8|lo stall is stupid
|
|switch|p1a: Raikou|Raikou|321\/321
|-ability|p1a: Raikou|Pressure
|turn|14
|c| Zibbity|stalleo
|c| Soul M8|phantom i have faith
|
|switch|p2a: Landogay|Landorus-Therian, M|182\/381
|-ability|p2a: Landogay|Intimidate|[of] p1a: Raikou
|-unboost|p1a: Raikou|atk|1
|move|p1a: Raikou|Thunderbolt|p2a: Landogay
|-immune|p2a: Landogay|[msg]
|
|-heal|p2a: Landogay|205\/381|[from] item: Leftovers
|turn|15
|
|switch|p2a: Gaylie|Glalie, M|301\/301
|move|p1a: Raikou|Hidden Power|p2a: Gaylie
|-crit|p2a: Gaylie
|-resisted|p2a: Gaylie
|-damage|p2a: Gaylie|236\/301
|
|turn|16
|c|★ArchPhantom|Me too
|c| Vrin|didnt even make the play
|
|detailschange|p2a: Gaylie|Glalie-Mega, M
|-mega|p2a: Gaylie|Glalie|Glalitite
|move|p1a: Raikou|Volt Switch|p2a: Gaylie
|-damage|p2a: Gaylie|79\/301
|
|switch|p1a: Keldeo|Keldeo|323\/323
|move|p2a: Gaylie|Earthquake|p1a: Keldeo
|-damage|p1a: Keldeo|209\/323
|
|turn|17
|c| Soul M8|time to explode
|c| Zibbity|crobro
|c| Vrin|^soul
|c| Zibbity|you homophobe
|
|switch|p2a: Keldegay|Keldeo|143\/323
|move|p1a: Keldeo|Scald|p2a: Keldegay
|-resisted|p2a: Keldegay
|-damage|p2a: Keldegay|69\/323
|
|-heal|p2a: Keldegay|89\/323|[from] item: Leftovers
|turn|18
|c| Soul M8|"gaylie used explosion"
|
|move|p1a: Keldeo|Scald|p2a: Keldegay
|-crit|p2a: Keldegay
|-resisted|p2a: Keldegay
|-damage|p2a: Keldegay|0 fnt
|faint|p2a: Keldegay
|
|c|★ArchPhantom|Yes
|
|switch|p2a: Talongay|Talonflame, M|359\/359
|turn|19
|c| Zibbity|homophooobe
|join|Cloud27
|
|move|p2a: Talongay|Brave Bird|p1a: Keldeo
|-supereffective|p1a: Keldeo
|-damage|p1a: Keldeo|0 fnt
|-damage|p2a: Talongay|290\/359|[from] recoil|[of] p1a: Keldeo
|faint|p1a: Keldeo
|
|-heal|p2a: Talongay|312\/359|[from] item: Leftovers
|
|switch|p1a: Raikou|Raikou|321\/321
|-ability|p1a: Raikou|Pressure
|turn|20
|
|switch|p2a: Landogay|Landorus-Therian, M|205\/381
|-ability|p2a: Landogay|Intimidate|[of] p1a: Raikou
|-unboost|p1a: Raikou|atk|1
|move|p1a: Raikou|Thunderbolt|p2a: Landogay
|-immune|p2a: Landogay|[msg]
|
|-heal|p2a: Landogay|228\/381|[from] item: Leftovers
|turn|21
|c| Soul M8|"its not very effective, keldeo lost 100% of it's health"
|c| Zibbity|ha gaaaaaaaaaaaaaayyyyy
|join|Jefo
|
|move|p1a: Raikou|Hidden Power|p2a: Landogay
|-supereffective|p2a: Landogay
|-damage|p2a: Landogay|0 fnt
|faint|p2a: Landogay
|
|c| Soul M8|not bad
|
|switch|p2a: Gaylie|Glalie-Mega, M|79\/301
|turn|22
|c| Vrin|boom boom or kou cleans
|
|move|p2a: Gaylie|Ice Shard|p1a: Raikou
|-damage|p1a: Raikou|237\/321
|move|p1a: Raikou|Volt Switch|p2a: Gaylie
|-damage|p2a: Gaylie|0 fnt
|faint|p2a: Gaylie
|
|switch|p1a: Lopunny|Lopunny-Mega, F|105\/271
|
|
|switch|p2a: Talongay|Talonflame, M|312\/359
|turn|23
|c| Vrin|wait glalie is slow
|c| Vrin|nvm
|
|move|p1a: Lopunny|Fake Out|p2a: Talongay
|-damage|p2a: Talongay|209\/359
|cant|p2a: Talongay|flinch
|
|-heal|p2a: Talongay|231\/359|[from] item: Leftovers
|turn|24
|
|move|p1a: Lopunny|Quick Attack|p2a: Talongay
|-damage|p2a: Talongay|135\/359
|move|p2a: Talongay|Swords Dance|p2a: Talongay
|-boost|p2a: Talongay|atk|2
|
|-heal|p2a: Talongay|157\/359|[from] item: Leftovers
|turn|25
|c| Vrin|nichze
|
|move|p1a: Lopunny|Quick Attack|p2a: Talongay
|-damage|p2a: Talongay|55\/359
|move|p2a: Talongay|Brave Bird|p1a: Lopunny
|-supereffective|p1a: Lopunny
|-damage|p1a: Lopunny|0 fnt
|-damage|p2a: Talongay|20\/359|[from] recoil|[of] p1a: Lopunny
|faint|p1a: Lopunny
|
|-heal|p2a: Talongay|42\/359|[from] item: Leftovers
|
|switch|p1a: Raikou|Raikou|237\/321
|-ability|p1a: Raikou|Pressure
|turn|26
|c| Soul M8|oh
|
|move|p2a: Talongay|Brave Bird|p1a: Raikou
|-resisted|p1a: Raikou
|-damage|p1a: Raikou|16\/321
|-damage|p2a: Talongay|0 fnt|[from] recoil|[of] p1a: Raikou
|faint|p2a: Talongay
|
|win|ArchPhantom
|c|★ArchPhantom|Gg
|leave|Bloodz
|c|★ArchPhantom|phew
|c| Soul M8|quick attack t-flame
|c| Vrin|rip
|c| Soul M8|gg
|c|★req'd by crobro|damn
|c| Greninjaxx|wow
|leave|Vrin
|c| Greninjaxx|close
|leave|Soul M8
|leave|req'd by crobro
|player|p2
|leave|ninjatears4u