|join|Red Skies
|join|Chan Ai
|player|p1|Red Skies|64
|player|p2|Chan Ai|102
|gametype|singles
|gen|5
|tier|[Gen 5] OU
|rated
|rule|Evasion Abilities Clause: Evasion abilities are banned
|clearpoke
|poke|p1|Politoed, M
|poke|p1|Dragonite, M
|poke|p1|Forretress, M
|poke|p1|Tornadus, M
|poke|p1|Celebi
|poke|p1|Gliscor, M
|poke|p2|Tyranitar, F
|poke|p2|Hippowdon, M
|poke|p2|Skarmory, F
|poke|p2|Forretress, F
|poke|p2|Jellicent, F
|poke|p2|Amoonguss, F
|rule|Sleep Clause Mod: Limit one foe put to sleep
|rule|Species Clause: Limit one of each Pokémon
|rule|OHKO Clause: OHKO moves are banned
|rule|Moody Clause: Moody is banned
|rule|Evasion Moves Clause: Evasion moves are banned
|rule|Endless Battle Clause: Forcing endless battles is banned
|rule|HP Percentage Mod: HP is shown in percentages
|teampreview
|c|★Chan Ai|-
|
|start
|switch|p1a: Gliscor|Gliscor, M|354\/354
|switch|p2a: 河马兽|Hippowdon, M|420\/420
|-weather|Sandstorm|[from] ability: Sand Stream|[of] p2a: 河马兽
|turn|1
|
|switch|p2a: Forretress|Forretress, F|354\/354
|move|p1a: Gliscor|Taunt|p2a: Forretress
|-start|p2a: Forretress|move: Taunt
|
|-weather|Sandstorm|[upkeep]
|-status|p1a: Gliscor|tox|[from] item: Toxic Orb
|turn|2
|
|switch|p2a: Skarmory|Skarmory, F|334\/334
|move|p1a: Gliscor|Earthquake|p2a: Skarmory
|-immune|p2a: Skarmory|[msg]
|
|-weather|Sandstorm|[upkeep]
|turn|3
|
|move|p1a: Gliscor|Taunt|p2a: Skarmory
|-start|p2a: Skarmory|move: Taunt
|move|p2a: Skarmory|Brave Bird|p1a: Gliscor
|-damage|p1a: Gliscor|278\/354 tox
|-damage|p2a: Skarmory|309\/334|[from] recoil|[of] p1a: Gliscor
|
|-weather|Sandstorm|[upkeep]
|-heal|p1a: Gliscor|322\/354 tox|[from] ability: Poison Heal
|turn|4
|
|switch|p2a: Jellicent|Jellicent, F|404\/404
|move|p1a: Gliscor|Toxic|p2a: Jellicent
|-status|p2a: Jellicent|tox
|
|-weather|Sandstorm|[upkeep]
|-damage|p2a: Jellicent|379\/404 tox|[from] sandstorm
|-heal|p2a: Jellicent|404\/404 tox|[from] item: Leftovers
|-heal|p1a: Gliscor|354\/354 tox|[from] ability: Poison Heal
|-damage|p2a: Jellicent|379\/404 tox|[from] psn
|turn|5
|
|switch|p2a: Skarmory|Skarmory, F|309\/334
|move|p1a: Gliscor|Protect|p1a: Gliscor
|-fail|p1a: Gliscor
|
|-weather|Sandstorm|[upkeep]
|turn|6
|
|move|p1a: Gliscor|Taunt|p2a: Skarmory
|-start|p2a: Skarmory|move: Taunt
|move|p2a: Skarmory|Brave Bird|p1a: Gliscor
|-damage|p1a: Gliscor|275\/354 tox
|-damage|p2a: Skarmory|283\/334|[from] recoil|[of] p1a: Gliscor
|
|-weather|Sandstorm|[upkeep]
|-heal|p1a: Gliscor|319\/354 tox|[from] ability: Poison Heal
|turn|7
|
|switch|p1a: Forretress|Forretress, M|354\/354
|move|p2a: Skarmory|Brave Bird|p1a: Forretress
|-damage|p1a: Forretress|263\/354
|-damage|p2a: Skarmory|253\/334|[from] recoil|[of] p1a: Forretress
|
|-weather|Sandstorm|[upkeep]
|-heal|p1a: Forretress|285\/354|[from] item: Leftovers
|turn|8
|
|switch|p2a: Forretress|Forretress, F|354\/354
|move|p1a: Forretress|Stealth Rock|p2a: Forretress
|-sidestart|p2: Chan Ai|move: Stealth Rock
|
|-weather|Sandstorm|[upkeep]
|-heal|p1a: Forretress|307\/354|[from] item: Leftovers
|turn|9
|
|move|p1a: Forretress|Volt Switch|p2a: Forretress
|-damage|p2a: Forretress|301\/354
|
|switch|p1a: Politoed|Politoed, M|322\/322
|-weather|RainDance|[from] ability: Drizzle|[of] p1a: Politoed
|move|p2a: Forretress|Rapid Spin|p1a: Politoed
|-damage|p1a: Politoed|301\/322
|-sideend|p2: Chan Ai|Stealth Rock|[from] move: Rapid Spin|[of] p2a: Forretress
|
|-weather|RainDance|[upkeep]
|-heal|p2a: Forretress|323\/354|[from] item: Leftovers
|turn|10
|
|switch|p1a: Celebi|Celebi|404\/404
|switch|p2a: 暴露菇|Amoonguss, F|431\/431
|
|-weather|RainDance|[upkeep]
|turn|11
|
|move|p1a: Celebi|Leech Seed|p2a: 暴露菇
|-immune|p2a: 暴露菇|[msg]
|move|p2a: 暴露菇|Spore|p1a: Celebi
|-status|p1a: Celebi|slp
|
|-weather|RainDance|[upkeep]
|turn|12
|
|cant|p1a: Celebi|slp
|move|p2a: 暴露菇|Stun Spore|p1a: Celebi|[miss]
|-miss|p2a: 暴露菇|p1a: Celebi
|
|-weather|RainDance|[upkeep]
|turn|13
|
|switch|p2a: Forretress|Forretress, F|323\/354
|-curestatus|p1a: Celebi|slp
|move|p1a: Celebi|Leech Seed|p2a: Forretress
|-start|p2a: Forretress|move: Leech Seed
|
|-weather|RainDance|[upkeep]
|-heal|p2a: Forretress|345\/354|[from] item: Leftovers
|-damage|p2a: Forretress|301\/354|[from] Leech Seed|[of] p1a: Celebi
|turn|14
|
|switch|p1a: Gliscor|Gliscor, M|319\/354 tox
|move|p2a: Forretress|Spikes|p1a: Gliscor
|-sidestart|p1: Red Skies|Spikes
|
|-weather|RainDance|[upkeep]
|-heal|p2a: Forretress|323\/354|[from] item: Leftovers
|-damage|p2a: Forretress|279\/354|[from] Leech Seed|[of] p1a: Gliscor
|-heal|p1a: Gliscor|354\/354 tox|[silent]
|turn|15
|
|switch|p2a: Skarmory|Skarmory, F|253\/334
|move|p1a: Gliscor|Taunt|p2a: Skarmory
|-start|p2a: Skarmory|move: Taunt
|
|-weather|RainDance|[upkeep]
|turn|16
|
|switch|p1a: Forretress|Forretress, M|307\/354
|-damage|p1a: Forretress|263\/354|[from] Spikes
|switch|p2a: 暴露菇|Amoonguss, F|431\/431
|
|-weather|RainDance|[upkeep]
|-heal|p1a: Forretress|285\/354|[from] item: Leftovers
|turn|17
|
|switch|p1a: Gliscor|Gliscor, M|354\/354 tox
|move|p2a: 暴露菇|Spore|p1a: Gliscor
|-fail|p1a: Gliscor
|
|-weather|RainDance|[upkeep]
|turn|18
|
|move|p1a: Gliscor|Taunt|p2a: 暴露菇
|-start|p2a: 暴露菇|move: Taunt
|move|p2a: 暴露菇|Giga Drain|p1a: Gliscor
|-damage|p1a: Gliscor|249\/354 tox
|
|-weather|RainDance|[upkeep]
|-heal|p1a: Gliscor|293\/354 tox|[from] ability: Poison Heal
|turn|19
|
|switch|p2a: Skarmory|Skarmory, F|253\/334
|move|p1a: Gliscor|Earthquake|p2a: Skarmory
|-immune|p2a: Skarmory|[msg]
|
|-weather|RainDance|[upkeep]
|-heal|p1a: Gliscor|337\/354 tox|[from] ability: Poison Heal
|turn|20
|
|move|p1a: Gliscor|Taunt|p2a: Skarmory
|-start|p2a: Skarmory|move: Taunt
|move|p2a: Skarmory|Brave Bird|p1a: Gliscor
|-damage|p1a: Gliscor|264\/354 tox
|-damage|p2a: Skarmory|229\/334|[from] recoil|[of] p1a: Gliscor
|
|-weather|RainDance|[upkeep]
|-heal|p1a: Gliscor|308\/354 tox|[from] ability: Poison Heal
|turn|21
|
|switch|p1a: Forretress|Forretress, M|285\/354
|-damage|p1a: Forretress|241\/354|[from] Spikes
|move|p2a: Skarmory|Brave Bird|p1a: Forretress
|-damage|p1a: Forretress|157\/354
|-damage|p2a: Skarmory|201\/334|[from] recoil|[of] p1a: Forretress
|
|-weather|RainDance|[upkeep]
|-heal|p1a: Forretress|179\/354|[from] item: Leftovers
|turn|22
|
|switch|p2a: Jellicent|Jellicent, F|379\/404 tox
|move|p1a: Forretress|Rapid Spin|p2a: Jellicent
|-immune|p2a: Jellicent|[msg]
|
|-weather|RainDance|[upkeep]
|-heal|p2a: Jellicent|404\/404 tox|[from] item: Leftovers
|-heal|p1a: Forretress|201\/354|[from] item: Leftovers
|-damage|p2a: Jellicent|379\/404 tox|[from] psn
|turn|23
|
|move|p2a: Jellicent|Will-O-Wisp|p1a: Forretress
|-status|p1a: Forretress|brn
|move|p1a: Forretress|Volt Switch|p2a: Jellicent
|-crit|p2a: Jellicent
|-supereffective|p2a: Jellicent
|-damage|p2a: Jellicent|267\/404 tox
|
|switch|p1a: Celebi|Celebi|404\/404
|-damage|p1a: Celebi|354\/404|[from] Spikes
|
|-weather|RainDance|[upkeep]
|-heal|p2a: Jellicent|292\/404 tox|[from] item: Leftovers
|-damage|p2a: Jellicent|242\/404 tox|[from] psn
|turn|24
|
|switch|p2a: 暴露菇|Amoonguss, F|431\/431
|move|p1a: Celebi|Trick|p2a: 暴露菇
|-activate|p1a: Celebi|move: Trick|[of] p2a: 暴露菇
|-item|p2a: 暴露菇|Choice Specs|[from] move: Trick
|-item|p1a: Celebi|Black Sludge|[from] move: Trick
|
|-weather|RainDance|[upkeep]
|-damage|p1a: Celebi|304\/404|[from] item: Black Sludge
|turn|25
|
|switch|p2a: Skarmory|Skarmory, F|201\/334
|move|p1a: Celebi|Giga Drain|p2a: Skarmory
|-resisted|p2a: Skarmory
|-damage|p2a: Skarmory|173\/334
|-heal|p1a: Celebi|318\/404|[from] drain|[of] p2a: Skarmory
|
|-weather|RainDance|[upkeep]
|-damage|p1a: Celebi|268\/404|[from] item: Black Sludge
|turn|26
|
|move|p1a: Celebi|Trick|p2a: Skarmory
|-activate|p1a: Celebi|move: Trick|[of] p2a: Skarmory
|-item|p2a: Skarmory|Black Sludge|[from] move: Trick
|-item|p1a: Celebi|Rocky Helmet|[from] move: Trick
|move|p2a: Skarmory|Roost|p2a: Skarmory
|-heal|p2a: Skarmory|334\/334
|
|-weather|RainDance|[upkeep]
|-damage|p2a: Skarmory|293\/334|[from] item: Black Sludge
|turn|27
|
|switch|p1a: Forretress|Forretress, M|201\/354 brn
|-damage|p1a: Forretress|157\/354 brn|[from] Spikes
|move|p2a: Skarmory|Brave Bird|p1a: Forretress
|-damage|p1a: Forretress|73\/354 brn
|-damage|p2a: Skarmory|265\/334|[from] recoil|[of] p1a: Forretress
|
|-weather|RainDance|[upkeep]
|-damage|p2a: Skarmory|224\/334|[from] item: Black Sludge
|-heal|p1a: Forretress|95\/354 brn|[from] item: Leftovers
|-damage|p1a: Forretress|51\/354 brn|[from] brn
|turn|28
|
|move|p2a: Skarmory|Brave Bird|p1a: Forretress
|-damage|p1a: Forretress|0 fnt
|-damage|p2a: Skarmory|207\/334|[from] recoil|[of] p1a: Forretress
|faint|p1a: Forretress
|
|-weather|RainDance|[upkeep]
|-damage|p2a: Skarmory|166\/334|[from] item: Black Sludge
|
|switch|p1a: Gliscor|Gliscor, M|308\/354 tox
|turn|29
|
|switch|p2a: Forretress|Forretress, F|279\/354
|move|p1a: Gliscor|Taunt|p2a: Forretress
|-start|p2a: Forretress|move: Taunt
|
|-weather|RainDance|[upkeep]
|-heal|p2a: Forretress|301\/354|[from] item: Leftovers
|-heal|p1a: Gliscor|352\/354 tox|[from] ability: Poison Heal
|turn|30
|
|switch|p2a: Skarmory|Skarmory, F|166\/334
|move|p1a: Gliscor|Earthquake|p2a: Skarmory
|-immune|p2a: Skarmory|[msg]
|
|-weather|RainDance|[upkeep]
|-damage|p2a: Skarmory|125\/334|[from] item: Black Sludge
|-heal|p1a: Gliscor|354\/354 tox|[from] ability: Poison Heal
|turn|31
|
|switch|p2a: 暴露菇|Amoonguss, F|431\/431
|move|p1a: Gliscor|Taunt|p2a: 暴露菇
|-start|p2a: 暴露菇|move: Taunt
|
|-weather|RainDance|[upkeep]
|turn|32
|
|switch|p1a: Celebi|Celebi|268\/404
|-damage|p1a: Celebi|218\/404|[from] Spikes
|move|p2a: 暴露菇|Giga Drain|p1a: Celebi
|-resisted|p1a: Celebi
|-damage|p1a: Celebi|175\/404
|
|-weather|RainDance|[upkeep]
|turn|33
|
|switch|p2a: 河马兽|Hippowdon, M|420\/420
|-weather|Sandstorm|[from] ability: Sand Stream|[of] p2a: 河马兽
|move|p1a: Celebi|Recover|p1a: Celebi
|-heal|p1a: Celebi|377\/404
|
|-weather|Sandstorm|[upkeep]
|-damage|p1a: Celebi|352\/404|[from] sandstorm
|turn|34
|
|move|p1a: Celebi|Giga Drain|p2a: 河马兽
|-supereffective|p2a: 河马兽
|-damage|p2a: 河马兽|232\/420
|-heal|p1a: Celebi|404\/404|[from] drain|[of] p2a: 河马兽
|move|p2a: 河马兽|Stealth Rock|p1a: Celebi
|-sidestart|p1: Red Skies|move: Stealth Rock
|
|-weather|Sandstorm|[upkeep]
|-damage|p1a: Celebi|379\/404|[from] sandstorm
|-heal|p2a: 河马兽|258\/420|[from] item: Leftovers
|turn|35
|
|switch|p2a: Forretress|Forretress, F|301\/354
|move|p1a: Celebi|Leech Seed|p2a: Forretress
|-start|p2a: Forretress|move: Leech Seed
|
|-weather|Sandstorm|[upkeep]
|-damage|p1a: Celebi|354\/404|[from] sandstorm
|-heal|p2a: Forretress|323\/354|[from] item: Leftovers
|-damage|p2a: Forretress|279\/354|[from] Leech Seed|[of] p1a: Celebi
|-heal|p1a: Celebi|398\/404|[silent]
|turn|36
|
|move|p1a: Celebi|Giga Drain|p2a: Forretress
|-resisted|p2a: Forretress
|-damage|p2a: Forretress|245\/354
|-heal|p1a: Celebi|404\/404|[from] drain|[of] p2a: Forretress
|move|p2a: Forretress|Spikes|p1a: Celebi
|-sidestart|p1: Red Skies|Spikes
|
|-weather|Sandstorm|[upkeep]
|-damage|p1a: Celebi|379\/404|[from] sandstorm
|-heal|p2a: Forretress|267\/354|[from] item: Leftovers
|-damage|p2a: Forretress|223\/354|[from] Leech Seed|[of] p1a: Celebi
|-heal|p1a: Celebi|404\/404|[silent]
|turn|37
|
|move|p1a: Celebi|Giga Drain|p2a: Forretress
|-crit|p2a: Forretress
|-resisted|p2a: Forretress
|-damage|p2a: Forretress|157\/354
|move|p2a: Forretress|Spikes|p1a: Celebi
|-sidestart|p1: Red Skies|Spikes
|
|-weather|Sandstorm|[upkeep]
|-damage|p1a: Celebi|379\/404|[from] sandstorm
|-heal|p2a: Forretress|179\/354|[from] item: Leftovers
|-damage|p2a: Forretress|135\/354|[from] Leech Seed|[of] p1a: Celebi
|-heal|p1a: Celebi|404\/404|[silent]
|turn|38
|
|move|p1a: Celebi|Leech Seed|p2a: Forretress
|-fail|p2a: Forretress
|move|p2a: Forretress|Pain Split|p1a: Celebi
|-sethp|p1a: Celebi|269\/404|p2a: Forretress|269\/354|[from] move: Pain Split
|
|-weather|Sandstorm|[upkeep]
|-damage|p1a: Celebi|244\/404|[from] sandstorm
|-heal|p2a: Forretress|291\/354|[from] item: Leftovers
|-damage|p2a: Forretress|247\/354|[from] Leech Seed|[of] p1a: Celebi
|-heal|p1a: Celebi|288\/404|[silent]
|turn|39
|
|switch|p1a: Gliscor|Gliscor, M|354\/354 tox
|-damage|p1a: Gliscor|310\/354 tox|[from] Stealth Rock
|switch|p2a: Skarmory|Skarmory, F|125\/334
|
|-weather|Sandstorm|[upkeep]
|-damage|p2a: Skarmory|84\/334|[from] item: Black Sludge
|-heal|p1a: Gliscor|354\/354 tox|[from] ability: Poison Heal
|turn|40
|
|switch|p2a: 暴露菇|Amoonguss, F|431\/431
|move|p1a: Gliscor|Taunt|p2a: 暴露菇
|-start|p2a: 暴露菇|move: Taunt
|
|-weather|Sandstorm|[upkeep]
|-damage|p2a: 暴露菇|405\/431|[from] sandstorm
|turn|41
|
|move|p1a: Gliscor|Protect|p1a: Gliscor
|-singleturn|p1a: Gliscor|Protect
|move|p2a: 暴露菇|Giga Drain|p1a: Gliscor
|-activate|p1a: Gliscor|Protect
|
|-weather|Sandstorm|[upkeep]
|-damage|p2a: 暴露菇|379\/431|[from] sandstorm
|turn|42
|
|switch|p2a: Skarmory|Skarmory, F|84\/334
|move|p1a: Gliscor|Earthquake|p2a: Skarmory
|-immune|p2a: Skarmory|[msg]
|
|-weather|Sandstorm|[upkeep]
|-damage|p2a: Skarmory|43\/334|[from] item: Black Sludge
|turn|43
|
|switch|p2a: 暴露菇|Amoonguss, F|431\/431
|move|p1a: Gliscor|Taunt|p2a: 暴露菇
|-start|p2a: 暴露菇|move: Taunt
|
|-weather|Sandstorm|[upkeep]
|-damage|p2a: 暴露菇|405\/431|[from] sandstorm
|turn|44
|
|switch|p1a: Celebi|Celebi|288\/404
|-damage|p1a: Celebi|238\/404|[from] Stealth Rock
|-damage|p1a: Celebi|137\/404|[from] Spikes
|move|p2a: 暴露菇|Giga Drain|p1a: Celebi
|-resisted|p1a: Celebi
|-damage|p1a: Celebi|94\/404
|-heal|p2a: 暴露菇|427\/431|[from] drain|[of] p1a: Celebi
|
|-weather|Sandstorm|[upkeep]
|-damage|p1a: Celebi|69\/404|[from] sandstorm
|-damage|p2a: 暴露菇|401\/431|[from] sandstorm
|turn|45
|
|switch|p2a: Tyranitar|Tyranitar, F|341\/341
|move|p1a: Celebi|Recover|p1a: Celebi
|-heal|p1a: Celebi|271\/404
|
|-weather|Sandstorm|[upkeep]
|-damage|p1a: Celebi|246\/404|[from] sandstorm
|turn|46
|
|move|p2a: Tyranitar|Pursuit|p1a: Celebi
|-supereffective|p1a: Celebi
|-damage|p1a: Celebi|108\/404
|-damage|p2a: Tyranitar|285\/341|[from] item: Rocky Helmet|[of] p1a: Celebi
|move|p1a: Celebi|Giga Drain|p2a: Tyranitar
|-supereffective|p2a: Tyranitar
|-damage|p2a: Tyranitar|169\/341
|-heal|p1a: Celebi|166\/404|[from] drain|[of] p2a: Tyranitar
|
|-weather|Sandstorm|[upkeep]
|-damage|p1a: Celebi|141\/404|[from] sandstorm
|turn|47
|
|switch|p2a: Forretress|Forretress, F|247\/354
|move|p1a: Celebi|Recover|p1a: Celebi
|-heal|p1a: Celebi|343\/404
|
|-weather|Sandstorm|[upkeep]
|-damage|p1a: Celebi|318\/404|[from] sandstorm
|-heal|p2a: Forretress|269\/354|[from] item: Leftovers
|turn|48
|
|move|p1a: Celebi|Leech Seed|p2a: Forretress
|-start|p2a: Forretress|move: Leech Seed
|move|p2a: Forretress|Gyro Ball|p1a: Celebi
|-damage|p1a: Celebi|242\/404
|-damage|p2a: Forretress|210\/354|[from] item: Rocky Helmet|[of] p1a: Celebi
|
|-weather|Sandstorm|[upkeep]
|-damage|p1a: Celebi|217\/404|[from] sandstorm
|-heal|p2a: Forretress|232\/354|[from] item: Leftovers
|-damage|p2a: Forretress|188\/354|[from] Leech Seed|[of] p1a: Celebi
|-heal|p1a: Celebi|261\/404|[silent]
|turn|49
|
|switch|p2a: 暴露菇|Amoonguss, F|431\/431
|move|p1a: Celebi|Giga Drain|p2a: 暴露菇
|-resisted|p2a: 暴露菇
|-damage|p2a: 暴露菇|413\/431
|-heal|p1a: Celebi|270\/404|[from] drain|[of] p2a: 暴露菇
|
|-weather|Sandstorm|[upkeep]
|-damage|p1a: Celebi|245\/404|[from] sandstorm
|-damage|p2a: 暴露菇|387\/431|[from] sandstorm
|turn|50
|
|move|p1a: Celebi|Recover|p1a: Celebi
|-heal|p1a: Celebi|404\/404
|move|p2a: 暴露菇|Giga Drain|p1a: Celebi
|-resisted|p1a: Celebi
|-damage|p1a: Celebi|362\/404
|-heal|p2a: 暴露菇|408\/431|[from] drain|[of] p1a: Celebi
|
|-weather|Sandstorm|[upkeep]
|-damage|p1a: Celebi|337\/404|[from] sandstorm
|-damage|p2a: 暴露菇|382\/431|[from] sandstorm
|turn|51
|
|move|p1a: Celebi|Giga Drain|p2a: 暴露菇
|-resisted|p2a: 暴露菇
|-damage|p2a: 暴露菇|364\/431
|-heal|p1a: Celebi|346\/404|[from] drain|[of] p2a: 暴露菇
|move|p2a: 暴露菇|Giga Drain|p1a: Celebi
|-resisted|p1a: Celebi
|-damage|p1a: Celebi|303\/404
|-heal|p2a: 暴露菇|386\/431|[from] drain|[of] p1a: Celebi
|
|-weather|Sandstorm|[upkeep]
|-damage|p1a: Celebi|278\/404|[from] sandstorm
|-damage|p2a: 暴露菇|360\/431|[from] sandstorm
|turn|52
|
|move|p1a: Celebi|Giga Drain|p2a: 暴露菇
|-resisted|p2a: 暴露菇
|-damage|p2a: 暴露菇|341\/431
|-heal|p1a: Celebi|288\/404|[from] drain|[of] p2a: 暴露菇
|move|p2a: 暴露菇|Giga Drain|p1a: Celebi
|-resisted|p1a: Celebi
|-damage|p1a: Celebi|246\/404
|-heal|p2a: 暴露菇|362\/431|[from] drain|[of] p1a: Celebi
|
|-weather|Sandstorm|[upkeep]
|-damage|p1a: Celebi|221\/404|[from] sandstorm
|-damage|p2a: 暴露菇|336\/431|[from] sandstorm
|turn|53
|
|move|p1a: Celebi|Recover|p1a: Celebi
|-heal|p1a: Celebi|404\/404
|move|p2a: 暴露菇|Giga Drain|p1a: Celebi
|-resisted|p1a: Celebi
|-damage|p1a: Celebi|358\/404
|-heal|p2a: 暴露菇|359\/431|[from] drain|[of] p1a: Celebi
|
|-weather|Sandstorm|[upkeep]
|-damage|p1a: Celebi|333\/404|[from] sandstorm
|-damage|p2a: 暴露菇|333\/431|[from] sandstorm
|turn|54
|
|switch|p2a: Forretress|Forretress, F|188\/354
|move|p1a: Celebi|Leech Seed|p2a: Forretress
|-start|p2a: Forretress|move: Leech Seed
|
|-weather|Sandstorm|[upkeep]
|-damage|p1a: Celebi|308\/404|[from] sandstorm
|-heal|p2a: Forretress|210\/354|[from] item: Leftovers
|-damage|p2a: Forretress|166\/354|[from] Leech Seed|[of] p1a: Celebi
|-heal|p1a: Celebi|352\/404|[silent]
|turn|55
|
|switch|p1a: Politoed|Politoed, M|301\/322
|-damage|p1a: Politoed|221\/322|[from] Spikes
|-damage|p1a: Politoed|181\/322|[from] Stealth Rock
|-weather|RainDance|[from] ability: Drizzle|[of] p1a: Politoed
|move|p2a: Forretress|Pain Split|p1a: Politoed
|-sethp|p1a: Politoed|173\/322|p2a: Forretress|173\/354|[from] move: Pain Split
|
|-weather|RainDance|[upkeep]
|-heal|p2a: Forretress|195\/354|[from] item: Leftovers
|-damage|p2a: Forretress|151\/354|[from] Leech Seed|[of] p1a: Politoed
|-heal|p1a: Politoed|217\/322|[silent]
|turn|56
|
|switch|p2a: Jellicent|Jellicent, F|242\/404 tox
|move|p1a: Politoed|Hypnosis|p2a: Jellicent|[miss]
|-miss|p1a: Politoed|p2a: Jellicent
|
|-weather|RainDance|[upkeep]
|-heal|p2a: Jellicent|267\/404 tox|[from] item: Leftovers
|-damage|p2a: Jellicent|242\/404 tox|[from] psn
|turn|57
|
|switch|p1a: Celebi|Celebi|352\/404
|-damage|p1a: Celebi|251\/404|[from] Spikes
|-damage|p1a: Celebi|201\/404|[from] Stealth Rock
|move|p2a: Jellicent|Recover|p2a: Jellicent
|-heal|p2a: Jellicent|404\/404 tox
|
|-weather|RainDance|[upkeep]
|-damage|p2a: Jellicent|354\/404 tox|[from] psn
|turn|58
|
|switch|p2a: Forretress|Forretress, F|151\/354
|move|p1a: Celebi|Recover|p1a: Celebi
|-heal|p1a: Celebi|403\/404
|
|-weather|RainDance|[upkeep]
|-heal|p2a: Forretress|173\/354|[from] item: Leftovers
|turn|59
|
|move|p1a: Celebi|Leech Seed|p2a: Forretress
|-start|p2a: Forretress|move: Leech Seed
|move|p2a: Forretress|Gyro Ball|p1a: Celebi
|-damage|p1a: Celebi|322\/404
|-damage|p2a: Forretress|114\/354|[from] item: Rocky Helmet|[of] p1a: Celebi
|
|-weather|RainDance|[upkeep]
|-heal|p2a: Forretress|136\/354|[from] item: Leftovers
|-damage|p2a: Forretress|92\/354|[from] Leech Seed|[of] p1a: Celebi
|-heal|p1a: Celebi|366\/404|[silent]
|turn|60
|
|move|p1a: Celebi|Giga Drain|p2a: Forretress
|-resisted|p2a: Forretress
|-damage|p2a: Forretress|57\/354
|-heal|p1a: Celebi|384\/404|[from] drain|[of] p2a: Forretress
|move|p2a: Forretress|Pain Split|p1a: Celebi
|-sethp|p1a: Celebi|220\/404|p2a: Forretress|220\/354|[from] move: Pain Split
|
|-weather|RainDance|[upkeep]
|-heal|p2a: Forretress|242\/354|[from] item: Leftovers
|-damage|p2a: Forretress|198\/354|[from] Leech Seed|[of] p1a: Celebi
|-heal|p1a: Celebi|264\/404|[silent]
|turn|61
|
|switch|p2a: 暴露菇|Amoonguss, F|431\/431
|move|p1a: Celebi|Recover|p1a: Celebi
|-heal|p1a: Celebi|404\/404
|
|-weather|RainDance|[upkeep]
|turn|62
|
|move|p1a: Celebi|Leech Seed|p2a: 暴露菇
|-immune|p2a: 暴露菇|[msg]
|move|p2a: 暴露菇|Sludge Bomb|p1a: Celebi
|-supereffective|p1a: Celebi
|-damage|p1a: Celebi|210\/404
|
|-weather|RainDance|[upkeep]
|turn|63
|
|switch|p1a: Gliscor|Gliscor, M|354\/354 tox
|-damage|p1a: Gliscor|310\/354 tox|[from] Stealth Rock
|move|p2a: 暴露菇|Sludge Bomb|p1a: Gliscor
|-resisted|p1a: Gliscor
|-damage|p1a: Gliscor|224\/354 tox
|
|-weather|RainDance|[upkeep]
|-heal|p1a: Gliscor|268\/354 tox|[from] ability: Poison Heal
|turn|64
|
|switch|p2a: Forretress|Forretress, F|198\/354
|move|p1a: Gliscor|Earthquake|p2a: Forretress
|-damage|p2a: Forretress|129\/354
|
|-weather|RainDance|[upkeep]
|-heal|p2a: Forretress|151\/354|[from] item: Leftovers
|-heal|p1a: Gliscor|312\/354 tox|[from] ability: Poison Heal
|turn|65
|
|switch|p2a: 暴露菇|Amoonguss, F|431\/431
|move|p1a: Gliscor|Taunt|p2a: 暴露菇
|-start|p2a: 暴露菇|move: Taunt
|
|-weather|RainDance|[upkeep]
|-heal|p1a: Gliscor|354\/354 tox|[from] ability: Poison Heal
|turn|66
|
|switch|p1a: Dragonite|Dragonite, M|323\/323
|-damage|p1a: Dragonite|243\/323|[from] Stealth Rock
|move|p2a: 暴露菇|Sludge Bomb|p1a: Dragonite
|-damage|p1a: Dragonite|107\/323
|
|-weather|RainDance|[upkeep]
|-heal|p1a: Dragonite|127\/323|[from] item: Leftovers
|turn|67
|
|switch|p2a: 河马兽|Hippowdon, M|258\/420
|-weather|Sandstorm|[from] ability: Sand Stream|[of] p2a: 河马兽
|move|p1a: Dragonite|Hurricane|p2a: 河马兽|[miss]
|-miss|p1a: Dragonite|p2a: 河马兽
|
|-weather|Sandstorm|[upkeep]
|-damage|p1a: Dragonite|107\/323|[from] sandstorm
|-heal|p1a: Dragonite|127\/323|[from] item: Leftovers
|-heal|p2a: 河马兽|284\/420|[from] item: Leftovers
|turn|68
|
|switch|p2a: Skarmory|Skarmory, F|43\/334
|move|p1a: Dragonite|Ice Beam|p2a: Skarmory
|-damage|p2a: Skarmory|0 fnt
|faint|p2a: Skarmory
|
|-weather|Sandstorm|[upkeep]
|-damage|p1a: Dragonite|107\/323|[from] sandstorm
|-heal|p1a: Dragonite|127\/323|[from] item: Leftovers
|
|switch|p2a: Tyranitar|Tyranitar, F|169\/341
|turn|69
|
|switch|p1a: Gliscor|Gliscor, M|354\/354 tox
|-damage|p1a: Gliscor|310\/354 tox|[from] Stealth Rock
|move|p2a: Tyranitar|Stone Edge|p1a: Gliscor
|-damage|p1a: Gliscor|184\/354 tox
|
|-weather|Sandstorm|[upkeep]
|-heal|p1a: Gliscor|228\/354 tox|[from] ability: Poison Heal
|turn|70
|
|switch|p2a: 暴露菇|Amoonguss, F|431\/431
|move|p1a: Gliscor|Earthquake|p2a: 暴露菇
|-damage|p2a: 暴露菇|275\/431
|
|-weather|Sandstorm|[upkeep]
|-damage|p2a: 暴露菇|249\/431|[from] sandstorm
|-heal|p1a: Gliscor|272\/354 tox|[from] ability: Poison Heal
|turn|71
|
|move|p1a: Gliscor|Protect|p1a: Gliscor
|-singleturn|p1a: Gliscor|Protect
|move|p2a: 暴露菇|Giga Drain|p1a: Gliscor
|-activate|p1a: Gliscor|Protect
|
|-weather|Sandstorm|[upkeep]
|-damage|p2a: 暴露菇|223\/431|[from] sandstorm
|-heal|p1a: Gliscor|316\/354 tox|[from] ability: Poison Heal
|turn|72
|
|move|p1a: Gliscor|Earthquake|p2a: 暴露菇
|-damage|p2a: 暴露菇|85\/431
|move|p2a: 暴露菇|Giga Drain|p1a: Gliscor
|-damage|p1a: Gliscor|163\/354 tox
|-heal|p2a: 暴露菇|162\/431|[from] drain|[of] p1a: Gliscor
|
|-weather|Sandstorm|[upkeep]
|-damage|p2a: 暴露菇|136\/431|[from] sandstorm
|-heal|p1a: Gliscor|207\/354 tox|[from] ability: Poison Heal
|turn|73
|
|switch|p2a: 河马兽|Hippowdon, M|284\/420
|move|p1a: Gliscor|Earthquake|p2a: 河马兽
|-damage|p2a: 河马兽|203\/420
|
|-weather|Sandstorm|[upkeep]
|-heal|p2a: 河马兽|229\/420|[from] item: Leftovers
|-heal|p1a: Gliscor|251\/354 tox|[from] ability: Poison Heal
|turn|74
|
|switch|p2a: 暴露菇|Amoonguss, F|279\/431
|move|p1a: Gliscor|Earthquake|p2a: 暴露菇
|-damage|p2a: 暴露菇|132\/431
|
|-weather|Sandstorm|[upkeep]
|-damage|p2a: 暴露菇|106\/431|[from] sandstorm
|-heal|p1a: Gliscor|295\/354 tox|[from] ability: Poison Heal
|turn|75
|
|switch|p2a: Jellicent|Jellicent, F|354\/404 tox
|move|p1a: Gliscor|Toxic|p2a: Jellicent
|-fail|p2a: Jellicent|tox
|
|-weather|Sandstorm|[upkeep]
|-damage|p2a: Jellicent|329\/404 tox|[from] sandstorm
|-heal|p2a: Jellicent|354\/404 tox|[from] item: Leftovers
|-heal|p1a: Gliscor|339\/354 tox|[from] ability: Poison Heal
|-damage|p2a: Jellicent|329\/404 tox|[from] psn
|turn|76
|
|move|p1a: Gliscor|Protect|p1a: Gliscor
|-singleturn|p1a: Gliscor|Protect
|move|p2a: Jellicent|Recover|p2a: Jellicent
|-heal|p2a: Jellicent|404\/404 tox
|
|-weather|Sandstorm|[upkeep]
|-damage|p2a: Jellicent|379\/404 tox|[from] sandstorm
|-heal|p2a: Jellicent|404\/404 tox|[from] item: Leftovers
|-heal|p1a: Gliscor|354\/354 tox|[from] ability: Poison Heal
|-damage|p2a: Jellicent|354\/404 tox|[from] psn
|turn|77
|
|switch|p1a: Celebi|Celebi|210\/404
|-damage|p1a: Celebi|160\/404|[from] Stealth Rock
|-damage|p1a: Celebi|59\/404|[from] Spikes
|switch|p2a: Tyranitar|Tyranitar, F|169\/341
|
|-weather|Sandstorm|[upkeep]
|-damage|p1a: Celebi|34\/404|[from] sandstorm
|turn|78
|
|move|p2a: Tyranitar|Pursuit|p1a: Celebi
|-supereffective|p1a: Celebi
|-damage|p1a: Celebi|0 fnt
|-damage|p2a: Tyranitar|113\/341|[from] item: Rocky Helmet|[of] p1a: Celebi
|faint|p1a: Celebi
|
|-weather|Sandstorm|[upkeep]
|
|switch|p1a: Politoed|Politoed, M|217\/322
|-damage|p1a: Politoed|137\/322|[from] Spikes
|-damage|p1a: Politoed|97\/322|[from] Stealth Rock
|-weather|RainDance|[from] ability: Drizzle|[of] p1a: Politoed
|turn|79
|
|switch|p1a: Tornadus|Tornadus, M|299\/299
|-damage|p1a: Tornadus|225\/299|[from] Stealth Rock
|switch|p2a: 暴露菇|Amoonguss, F|249\/431
|
|-weather|RainDance|[upkeep]
|turn|80
|
|switch|p2a: 河马兽|Hippowdon, M|229\/420
|-weather|Sandstorm|[from] ability: Sand Stream|[of] p2a: 河马兽
|move|p1a: Tornadus|Hurricane|p2a: 河马兽|[miss]
|-miss|p1a: Tornadus|p2a: 河马兽
|
|-weather|Sandstorm|[upkeep]
|-damage|p1a: Tornadus|207\/299|[from] sandstorm
|-heal|p2a: 河马兽|255\/420|[from] item: Leftovers
|turn|81
|
|switch|p2a: Jellicent|Jellicent, F|354\/404 tox
|move|p1a: Tornadus|Hurricane|p2a: Jellicent|[miss]
|-miss|p1a: Tornadus|p2a: Jellicent
|
|-weather|Sandstorm|[upkeep]
|-damage|p1a: Tornadus|189\/299|[from] sandstorm
|-damage|p2a: Jellicent|329\/404 tox|[from] sandstorm
|-heal|p2a: Jellicent|354\/404 tox|[from] item: Leftovers
|-damage|p2a: Jellicent|329\/404 tox|[from] psn
|turn|82
|
|move|p1a: Tornadus|Hurricane|p2a: Jellicent
|-damage|p2a: Jellicent|126\/404 tox
|-start|p2a: Jellicent|confusion
|-damage|p1a: Tornadus|160\/299|[from] item: Life Orb
|-activate|p2a: Jellicent|confusion
|move|p2a: Jellicent|Will-O-Wisp|p1a: Tornadus|[miss]
|-miss|p2a: Jellicent|p1a: Tornadus
|
|-weather|Sandstorm|[upkeep]
|-damage|p1a: Tornadus|142\/299|[from] sandstorm
|-damage|p2a: Jellicent|101\/404 tox|[from] sandstorm
|-heal|p2a: Jellicent|126\/404 tox|[from] item: Leftovers
|-damage|p2a: Jellicent|76\/404 tox|[from] psn
|turn|83
|
|switch|p1a: Gliscor|Gliscor, M|354\/354 tox
|-damage|p1a: Gliscor|310\/354 tox|[from] Stealth Rock
|-activate|p2a: Jellicent|confusion
|move|p2a: Jellicent|Recover|p2a: Jellicent
|-heal|p2a: Jellicent|278\/404 tox
|
|-weather|Sandstorm|[upkeep]
|-damage|p2a: Jellicent|253\/404 tox|[from] sandstorm
|-heal|p2a: Jellicent|278\/404 tox|[from] item: Leftovers
|-heal|p1a: Gliscor|354\/354 tox|[from] ability: Poison Heal
|-damage|p2a: Jellicent|203\/404 tox|[from] psn
|turn|84
|
|switch|p2a: 暴露菇|Amoonguss, F|392\/431
|move|p1a: Gliscor|Taunt|p2a: 暴露菇
|-start|p2a: 暴露菇|move: Taunt
|
|-weather|Sandstorm|[upkeep]
|-damage|p2a: 暴露菇|366\/431|[from] sandstorm
|turn|85
|
|move|p1a: Gliscor|Earthquake|p2a: 暴露菇
|-damage|p2a: 暴露菇|227\/431
|move|p2a: 暴露菇|Giga Drain|p1a: Gliscor
|-damage|p1a: Gliscor|200\/354 tox
|-heal|p2a: 暴露菇|304\/431|[from] drain|[of] p1a: Gliscor
|
|-weather|Sandstorm|[upkeep]
|-damage|p2a: 暴露菇|278\/431|[from] sandstorm
|-heal|p1a: Gliscor|244\/354 tox|[from] ability: Poison Heal
|turn|86
|
|move|p1a: Gliscor|Protect|p1a: Gliscor
|-singleturn|p1a: Gliscor|Protect
|move|p2a: 暴露菇|Giga Drain|p1a: Gliscor
|-activate|p1a: Gliscor|Protect
|
|-weather|Sandstorm|[upkeep]
|-damage|p2a: 暴露菇|252\/431|[from] sandstorm
|-heal|p1a: Gliscor|288\/354 tox|[from] ability: Poison Heal
|turn|87
|
|switch|p1a: Dragonite|Dragonite, M|127\/323
|-damage|p1a: Dragonite|47\/323|[from] Stealth Rock
|move|p2a: 暴露菇|Giga Drain|p1a: Dragonite
|-resisted|p1a: Dragonite
|-damage|p1a: Dragonite|21\/323
|-heal|p2a: 暴露菇|265\/431|[from] drain|[of] p1a: Dragonite
|
|-weather|Sandstorm|[upkeep]
|-damage|p1a: Dragonite|1\/323|[from] sandstorm
|-damage|p2a: 暴露菇|239\/431|[from] sandstorm
|-heal|p1a: Dragonite|21\/323|[from] item: Leftovers
|-end|p2a: 暴露菇|move: Taunt
|turn|88
|
|switch|p2a: 河马兽|Hippowdon, M|255\/420
|move|p1a: Dragonite|Superpower|p2a: 河马兽
|-damage|p2a: 河马兽|176\/420
|-unboost|p1a: Dragonite|atk|1
|-unboost|p1a: Dragonite|def|1
|
|-weather|Sandstorm|[upkeep]
|-damage|p1a: Dragonite|1\/323|[from] sandstorm
|-heal|p1a: Dragonite|21\/323|[from] item: Leftovers
|-heal|p2a: 河马兽|202\/420|[from] item: Leftovers
|turn|89
|
|switch|p2a: Tyranitar|Tyranitar, F|113\/341
|move|p1a: Dragonite|Ice Beam|p2a: Tyranitar
|-damage|p2a: Tyranitar|43\/341
|
|-weather|Sandstorm|[upkeep]
|-damage|p1a: Dragonite|1\/323|[from] sandstorm
|-heal|p1a: Dragonite|21\/323|[from] item: Leftovers
|turn|90
|
|move|p1a: Dragonite|Extreme Speed|p2a: Tyranitar
|-resisted|p2a: Tyranitar
|-damage|p2a: Tyranitar|16\/341
|move|p2a: Tyranitar|Stone Edge|p1a: Dragonite
|-supereffective|p1a: Dragonite
|-damage|p1a: Dragonite|0 fnt
|faint|p1a: Dragonite
|
|-weather|Sandstorm|[upkeep]
|
|switch|p1a: Gliscor|Gliscor, M|288\/354 tox
|-damage|p1a: Gliscor|244\/354 tox|[from] Stealth Rock
|turn|91
|
|move|p2a: Tyranitar|Stone Edge|p1a: Gliscor
|-damage|p1a: Gliscor|132\/354 tox
|move|p1a: Gliscor|Earthquake|p2a: Tyranitar
|-supereffective|p2a: Tyranitar
|-damage|p2a: Tyranitar|0 fnt
|faint|p2a: Tyranitar
|
|-weather|Sandstorm|[upkeep]
|-heal|p1a: Gliscor|176\/354 tox|[from] ability: Poison Heal
|
|switch|p2a: Jellicent|Jellicent, F|203\/404 tox
|turn|92
|
|move|p1a: Gliscor|Taunt|p2a: Jellicent
|-start|p2a: Jellicent|move: Taunt
|cant|p2a: Jellicent|move: Taunt|Recover
|
|-weather|Sandstorm|[upkeep]
|-damage|p2a: Jellicent|178\/404 tox|[from] sandstorm
|-heal|p2a: Jellicent|203\/404 tox|[from] item: Leftovers
|-heal|p1a: Gliscor|220\/354 tox|[from] ability: Poison Heal
|-damage|p2a: Jellicent|178\/404 tox|[from] psn
|turn|93
|
|move|p1a: Gliscor|Protect|p1a: Gliscor
|-singleturn|p1a: Gliscor|Protect
|move|p2a: Jellicent|Scald|p1a: Gliscor
|-activate|p1a: Gliscor|Protect
|
|-weather|Sandstorm|[upkeep]
|-damage|p2a: Jellicent|153\/404 tox|[from] sandstorm
|-heal|p2a: Jellicent|178\/404 tox|[from] item: Leftovers
|-heal|p1a: Gliscor|264\/354 tox|[from] ability: Poison Heal
|-damage|p2a: Jellicent|128\/404 tox|[from] psn
|turn|94
|
|move|p1a: Gliscor|Earthquake|p2a: Jellicent
|-damage|p2a: Jellicent|4\/404 tox
|move|p2a: Jellicent|Scald|p1a: Gliscor
|-supereffective|p1a: Gliscor
|-damage|p1a: Gliscor|58\/354 tox
|
|-weather|Sandstorm|[upkeep]
|-damage|p2a: Jellicent|0 fnt|[from] sandstorm
|-heal|p1a: Gliscor|102\/354 tox|[from] ability: Poison Heal
|faint|p2a: Jellicent
|
|switch|p2a: 暴露菇|Amoonguss, F|382\/431
|turn|95
|
|move|p1a: Gliscor|Protect|p1a: Gliscor
|-singleturn|p1a: Gliscor|Protect
|move|p2a: 暴露菇|Giga Drain|p1a: Gliscor
|-activate|p1a: Gliscor|Protect
|
|-weather|Sandstorm|[upkeep]
|-damage|p2a: 暴露菇|356\/431|[from] sandstorm
|-heal|p1a: Gliscor|146\/354 tox|[from] ability: Poison Heal
|turn|96
|
|switch|p1a: Politoed|Politoed, M|97\/322
|-damage|p1a: Politoed|17\/322|[from] Spikes
|-damage|p1a: Politoed|0 fnt|[from] Stealth Rock
|faint|p1a: Politoed
|move|p2a: 暴露菇|Giga Drain|p1: Politoed|[notarget]
|-notarget
|
|-weather|Sandstorm|[upkeep]
|-damage|p2a: 暴露菇|330\/431|[from] sandstorm
|
|switch|p1a: Tornadus|Tornadus, M|142\/299
|-damage|p1a: Tornadus|68\/299|[from] Stealth Rock
|turn|97
|
|switch|p2a: 河马兽|Hippowdon, M|202\/420
|move|p1a: Tornadus|Hurricane|p2a: 河马兽|[miss]
|-miss|p1a: Tornadus|p2a: 河马兽
|
|-weather|Sandstorm|[upkeep]
|-damage|p1a: Tornadus|50\/299|[from] sandstorm
|-heal|p2a: 河马兽|228\/420|[from] item: Leftovers
|turn|98
|
|switch|p1a: Gliscor|Gliscor, M|146\/354 tox
|-damage|p1a: Gliscor|102\/354 tox|[from] Stealth Rock
|move|p2a: 河马兽|Whirlwind|p1a: Gliscor
|drag|p1a: Tornadus|Tornadus, M|50\/299
|-damage|p1a: Tornadus|0 fnt|[from] Stealth Rock
|faint|p1a: Tornadus
|
|-weather|Sandstorm|[upkeep]
|-heal|p2a: 河马兽|254\/420|[from] item: Leftovers
|
|switch|p1a: Gliscor|Gliscor, M|102\/354 tox
|-damage|p1a: Gliscor|58\/354 tox|[from] Stealth Rock
|turn|99
|
|switch|p2a: 暴露菇|Amoonguss, F|431\/431
|move|p1a: Gliscor|Earthquake|p2a: 暴露菇
|-crit|p2a: 暴露菇
|-damage|p2a: 暴露菇|134\/431
|
|-weather|Sandstorm|[upkeep]
|-damage|p2a: 暴露菇|108\/431|[from] sandstorm
|-heal|p1a: Gliscor|102\/354 tox|[from] ability: Poison Heal
|turn|100
|
|switch|p2a: Forretress|Forretress, F|151\/354
|move|p1a: Gliscor|Earthquake|p2a: Forretress
|-damage|p2a: Forretress|91\/354
|
|-weather|Sandstorm|[upkeep]
|-heal|p2a: Forretress|113\/354|[from] item: Leftovers
|-heal|p1a: Gliscor|146\/354 tox|[from] ability: Poison Heal
|turn|101
|
|switch|p2a: 暴露菇|Amoonguss, F|251\/431
|move|p1a: Gliscor|Earthquake|p2a: 暴露菇
|-damage|p2a: 暴露菇|106\/431
|
|-weather|Sandstorm|[upkeep]
|-damage|p2a: 暴露菇|80\/431|[from] sandstorm
|-heal|p1a: Gliscor|190\/354 tox|[from] ability: Poison Heal
|turn|102
|
|switch|p2a: Forretress|Forretress, F|113\/354
|move|p1a: Gliscor|Earthquake|p2a: Forretress
|-damage|p2a: Forretress|46\/354
|
|-weather|Sandstorm|[upkeep]
|-heal|p2a: Forretress|68\/354|[from] item: Leftovers
|-heal|p1a: Gliscor|234\/354 tox|[from] ability: Poison Heal
|turn|103
|
|move|p1a: Gliscor|Taunt|p2a: Forretress
|-start|p2a: Forretress|move: Taunt
|cant|p2a: Forretress|move: Taunt|Pain Split
|
|-weather|Sandstorm|[upkeep]
|-heal|p2a: Forretress|90\/354|[from] item: Leftovers
|-heal|p1a: Gliscor|278\/354 tox|[from] ability: Poison Heal
|turn|104
|-message|Red Skies forfeited.
|
|win|Chan Ai
|raw|Ladder updating...
|raw|Red Skies's rating: 1330 &rarr; <strong>1308<\/strong><br \/>(-22 for losing)
|raw|Chan Ai's rating: 1295 &rarr; <strong>1323<\/strong><br \/>(+28 for winning)
|leave|Red Skies
|player|p1