|join|impish abra
|join|Red Skies
|player|p1|impish abra|219
|player|p2|Red Skies|64
|gametype|singles
|gen|6
|tier|OU
|rated
|clearpoke
|poke|p1|Gengar, M
|poke|p1|Gallade, M
|poke|p1|Tyranitar, F
|poke|p1|Excadrill, F
|poke|p1|Infernape, M
|poke|p1|Breloom, F
|poke|p2|Azumarill, F
|poke|p2|Greninja, F
|poke|p2|Gengar, M
|poke|p2|Latias, F
|poke|p2|Landorus-Therian, M
|poke|p2|Lopunny, M
|rule|Swagger Clause: Swagger is banned
|rule|Baton Pass Clause: Limit one Pokémon knowing Baton Pass
|rule|Sleep Clause Mod: Limit one foe put to sleep
|rule|Species Clause: Limit one of each Pokémon
|rule|OHKO Clause: OHKO moves are banned
|rule|Moody Clause: Moody is banned
|rule|Evasion Moves Clause: Evasion moves are banned
|rule|Endless Battle Clause: Forcing endless battles is banned
|rule|HP Percentage Mod: HP is shown in percentages
|teampreview
|
|start
|switch|p1a: Gengar|Gengar, M|261\/261
|switch|p2a: Lopunny|Lopunny, M|271\/271
|turn|1
|
|detailschange|p2a: Lopunny|Lopunny-Mega, M
|-mega|p2a: Lopunny|Lopunny|Lopunnite
|move|p2a: Lopunny|Fake Out|p1a: Gengar
|-damage|p1a: Gengar|153\/261
|cant|p1a: Gengar|flinch
|
|turn|2
|
|move|p1a: Gengar|Focus Blast|p2a: Lopunny
|-supereffective|p2a: Lopunny
|-damage|p2a: Lopunny|0 fnt
|faint|p2a: Lopunny
|
|
|switch|p2a: Landorus-Therian|Landorus-Therian, M|382\/382
|-ability|p2a: Landorus-Therian|Intimidate|[of] p1a: Gengar
|-unboost|p1a: Gengar|atk|1
|turn|3
|
|move|p1a: Gengar|Focus Blast|p2a: Landorus-Therian|[miss]
|-miss|p1a: Gengar|p2a: Landorus-Therian
|move|p2a: Landorus-Therian|Stealth Rock|p1a: Gengar
|-sidestart|p1: impish abra|move: Stealth Rock
|
|turn|4
|
|move|p1a: Gengar|Focus Blast|p2a: Landorus-Therian|[miss]
|-miss|p1a: Gengar|p2a: Landorus-Therian
|move|p2a: Landorus-Therian|U-turn|p1a: Gengar
|-resisted|p1a: Gengar
|-damage|p1a: Gengar|121\/261
|
|switch|p2a: Gengar|Gengar, M|262\/262
|
|turn|5
|
|switch|p1a: Tyranitar|Tyranitar, F|341\/341
|-damage|p1a: Tyranitar|299\/341|[from] Stealth Rock
|-weather|Sandstorm
|move|p2a: Gengar|Will-O-Wisp|p1a: Tyranitar
|-status|p1a: Tyranitar|brn
|
|-weather|Sandstorm|[upkeep]
|-damage|p2a: Gengar|246\/262|[from] sandstorm
|-damage|p1a: Tyranitar|257\/341 brn|[from] brn
|turn|6
|
|switch|p2a: Landorus-Therian|Landorus-Therian, M|382\/382
|-ability|p2a: Landorus-Therian|Intimidate|[of] p1a: Tyranitar
|-unboost|p1a: Tyranitar|atk|1
|move|p1a: Tyranitar|Ice Beam|p2a: Landorus-Therian
|-supereffective|p2a: Landorus-Therian
|-damage|p2a: Landorus-Therian|0 fnt
|-damage|p1a: Tyranitar|223\/341 brn|[from] item: Life Orb
|faint|p2a: Landorus-Therian
|
|-weather|Sandstorm|[upkeep]
|-damage|p1a: Tyranitar|181\/341 brn|[from] brn
|
|switch|p2a: Azumarill|Azumarill, F|400\/400
|turn|7
|
|move|p1a: Tyranitar|Thunderbolt|p2a: Azumarill
|-supereffective|p2a: Azumarill
|-damage|p2a: Azumarill|85\/400
|-damage|p1a: Tyranitar|147\/341 brn|[from] item: Life Orb
|-enditem|p2a: Azumarill|Sitrus Berry|[eat]
|-heal|p2a: Azumarill|185\/400|[from] item: Sitrus Berry
|move|p2a: Azumarill|Belly Drum|p2a: Azumarill
|-fail|p2a: Azumarill
|
|-weather|Sandstorm|[upkeep]
|-damage|p2a: Azumarill|160\/400|[from] sandstorm
|-damage|p1a: Tyranitar|105\/341 brn|[from] brn
|turn|8
|
|move|p2a: Azumarill|Aqua Jet|p1a: Tyranitar
|-supereffective|p1a: Tyranitar
|-damage|p1a: Tyranitar|0 fnt
|faint|p1a: Tyranitar
|
|-weather|Sandstorm|[upkeep]
|-damage|p2a: Azumarill|135\/400|[from] sandstorm
|c|★Red Skies|I love retarded sets :)
|
|switch|p1a: Excadrill|Excadrill, F|361\/361
|-damage|p1a: Excadrill|350\/361|[from] Stealth Rock
|turn|9
|
|move|p2a: Azumarill|Aqua Jet|p1a: Excadrill
|-supereffective|p1a: Excadrill
|-damage|p1a: Excadrill|84\/361
|move|p1a: Excadrill|Rapid Spin|p2a: Azumarill
|-damage|p2a: Azumarill|91\/400
|-sideend|p1: impish abra|Stealth Rock|[from] move: Rapid Spin|[of] p1a: Excadrill
|-damage|p1a: Excadrill|48\/361|[from] item: Life Orb
|
|-weather|none
|turn|10
|
|move|p2a: Azumarill|Aqua Jet|p1a: Excadrill
|-supereffective|p1a: Excadrill
|-damage|p1a: Excadrill|0 fnt
|faint|p1a: Excadrill
|
|
|switch|p1a: Infernape|Infernape, M|294\/294
|turn|11
|
|switch|p2a: Gengar|Gengar, M|246\/262
|move|p1a: Infernape|Stealth Rock|p2a: Gengar
|-sidestart|p2: Red Skies|move: Stealth Rock
|
|turn|12
|
|switch|p2a: Latias|Latias, F|301\/301
|-damage|p2a: Latias|264\/301|[from] Stealth Rock
|move|p1a: Infernape|Fire Blast|p2a: Latias
|-resisted|p2a: Latias
|-damage|p2a: Latias|200\/301
|
|turn|13
|
|move|p2a: Latias|Psyshock|p1a: Infernape
|-supereffective|p1a: Infernape
|-enditem|p1a: Infernape|Focus Sash
|-damage|p1a: Infernape|1\/294
|move|p1a: Infernape|Endeavor|p2a: Latias
|-damage|p2a: Latias|1\/301
|
|turn|14
|
|move|p1a: Infernape|Vacuum Wave|p2a: Latias
|-resisted|p2a: Latias
|-damage|p2a: Latias|0 fnt
|faint|p2a: Latias
|
|
|switch|p2a: Gengar|Gengar, M|246\/262
|-damage|p2a: Gengar|214\/262|[from] Stealth Rock
|turn|15
|
|move|p2a: Gengar|Shadow Ball|p1a: Infernape
|-damage|p1a: Infernape|0 fnt
|-damage|p2a: Gengar|188\/262|[from] item: Life Orb
|faint|p1a: Infernape
|
|
|switch|p1a: Gengar|Gengar, M|121\/261
|turn|16
|
|switch|p2a: Azumarill|Azumarill, F|91\/400
|-damage|p2a: Azumarill|41\/400|[from] Stealth Rock
|move|p1a: Gengar|Shadow Ball|p2a: Azumarill
|-damage|p2a: Azumarill|0 fnt
|faint|p2a: Azumarill
|
|
|switch|p2a: Greninja|Greninja, F|285\/285
|-damage|p2a: Greninja|250\/285|[from] Stealth Rock
|turn|17
|
|move|p1a: Gengar|Shadow Ball|p2a: Greninja
|-resisted|p2a: Greninja
|-damage|p2a: Greninja|140\/285
|move|p2a: Greninja|Ice Beam|p1a: Gengar
|-damage|p1a: Gengar|0 fnt
|-damage|p2a: Greninja|112\/285|[from] item: Life Orb
|faint|p1a: Gengar
|
|
|switch|p1a: Breloom|Breloom, F|261\/261
|turn|18
|
|move|p1a: Breloom|Mach Punch|p2a: Greninja
|-supereffective|p2a: Greninja
|-damage|p2a: Greninja|0 fnt
|faint|p2a: Greninja
|
|
|switch|p2a: Gengar|Gengar, M|188\/262
|-damage|p2a: Gengar|156\/262|[from] Stealth Rock
|turn|19
|
|move|p2a: Gengar|Will-O-Wisp|p1a: Breloom
|-status|p1a: Breloom|brn
|move|p1a: Breloom|Spore|p2a: Gengar
|-status|p2a: Gengar|slp
|
|-damage|p1a: Breloom|229\/261 brn|[from] brn
|turn|20
|
|cant|p2a: Gengar|slp
|move|p1a: Breloom|Rock Tomb|p2a: Gengar
|-damage|p2a: Gengar|71\/262 slp
|-unboost|p2a: Gengar|spe|1
|
|-damage|p1a: Breloom|197\/261 brn|[from] brn
|turn|21
|
|move|p1a: Breloom|Rock Tomb|p2a: Gengar
|-damage|p2a: Gengar|0 fnt
|faint|p2a: Gengar
|
|win|impish abra
|raw|Ladder updating...
|raw|impish abra's rating: 1550 &rarr; <strong>1575<\/strong><br \/>(+25 for winning)
|raw|Red Skies's rating: 1637 &rarr; <strong>1612<\/strong><br \/>(-25 for losing)
|c|★impish abra|Gg