|join|G0tagofast
|join|Red Skies
|player|p1|G0tagofast|170
|player|p2|Red Skies|209
|gametype|singles
|gen|6
|tier|OU
|rated
|clearpoke
|poke|p1|Diancie
|poke|p1|Volcarona, M
|poke|p1|Keldeo-Resolute
|poke|p1|Bisharp, F
|poke|p1|Skarmory, M
|poke|p1|Gengar, F
|poke|p2|Scizor, M
|poke|p2|Heatran, M
|poke|p2|Latias, F
|poke|p2|Breloom, M
|poke|p2|Landorus-Therian, M
|poke|p2|Azumarill, F
|rule|Swagger Clause: Swagger is banned
|rule|Baton Pass Clause: Limit one Pokémon knowing Baton Pass
|rule|Sleep Clause Mod: Limit one foe put to sleep
|rule|Species Clause: Limit one of each Pokémon
|rule|OHKO Clause: OHKO moves are banned
|rule|Moody Clause: Moody is banned
|rule|Evasion Moves Clause: Evasion moves are banned
|rule|Endless Battle Clause: Forcing endless battles is banned
|rule|HP Percentage Mod: HP is shown in percentages
|teampreview
|join|kill all bp fags
|c| kill all bp fags|plz beat this fagget he runs bd knock off azumarill
|leave|kill all bp fags
|c|★G0tagofast|ok
|c|★G0tagofast|gl hf
|
|start
|switch|p1a: Skarmory|Skarmory, M|271\/271
|switch|p2a: Heatran|Heatran, M|323\/323
|turn|1
|c|★Red Skies|u too
|join|kill all bp fags
|
|move|p2a: Heatran|Fire Blast|p1a: Skarmory|[miss]
|-miss|p2a: Heatran|p1a: Skarmory
|move|p1a: Skarmory|Taunt|p2a: Heatran
|-start|p2a: Heatran|move: Taunt
|
|turn|2
|leave|kill all bp fags
|c|★Red Skies|nice turn
|c|★G0tagofast|so its speedy tran
|
|move|p2a: Heatran|Fire Blast|p1a: Skarmory
|-supereffective|p1a: Skarmory
|-activate|p1a: Skarmory|Sturdy
|-damage|p1a: Skarmory|1\/271
|-enditem|p1a: Skarmory|Salac Berry|[eat]
|-boost|p1a: Skarmory|spe|1|[from] item: Salac Berry
|move|p1a: Skarmory|Stealth Rock|p2a: Heatran
|-sidestart|p2: Red Skies|move: Stealth Rock
|
|turn|3
|
|move|p2a: Heatran|Fire Blast|p1a: Skarmory
|-supereffective|p1a: Skarmory
|-damage|p1a: Skarmory|0 fnt
|faint|p1a: Skarmory
|
|c|★G0tagofast|scarf well i needod to scout
|
|switch|p1a: Diancie|Diancie|257\/257
|turn|4
|
|switch|p2a: Landorus-Therian|Landorus-Therian, M|382\/382
|-damage|p2a: Landorus-Therian|335\/382|[from] Stealth Rock
|-ability|p2a: Landorus-Therian|Intimidate|[of] p1a: Diancie
|-fail|p1a: Diancie|unboost|[from] ability: Clear Body|[of] p1a: Diancie
|detailschange|p1a: Diancie|Diancie-Mega
|-mega|p1a: Diancie|Diancie|Diancite
|move|p1a: Diancie|Hidden Power|p2a: Landorus-Therian
|-damage|p2a: Landorus-Therian|230\/382
|
|-heal|p2a: Landorus-Therian|253\/382|[from] item: Leftovers
|turn|5
|
|move|p1a: Diancie|Moonblast|p2a: Landorus-Therian
|-damage|p2a: Landorus-Therian|0 fnt
|faint|p2a: Landorus-Therian
|
|
|switch|p2a: Scizor|Scizor, M|296\/296
|-damage|p2a: Scizor|259\/296|[from] Stealth Rock
|turn|6
|
|switch|p1a: Keldeo-Resolute|Keldeo-Resolute|323\/323
|detailschange|p2a: Scizor|Scizor-Mega, M
|-mega|p2a: Scizor|Scizor|Scizorite
|move|p2a: Scizor|U-turn|p1a: Keldeo-Resolute
|-resisted|p1a: Keldeo-Resolute
|-damage|p1a: Keldeo-Resolute|235\/323
|
|switch|p2a: Azumarill|Azumarill, F|404\/404
|-damage|p2a: Azumarill|354\/404|[from] Stealth Rock
|
|turn|7
|
|move|p1a: Keldeo-Resolute|Hidden Power|p2a: Azumarill
|-supereffective|p2a: Azumarill
|-damage|p2a: Azumarill|104\/404
|-enditem|p2a: Azumarill|Sitrus Berry|[eat]
|-heal|p2a: Azumarill|205\/404|[from] item: Sitrus Berry
|move|p2a: Azumarill|Belly Drum|p2a: Azumarill
|-damage|p2a: Azumarill|3\/404
|-setboost|p2a: Azumarill|atk|6|[from] move: Belly Drum
|
|turn|8
|
|move|p2a: Azumarill|Aqua Jet|p1a: Keldeo-Resolute
|-resisted|p1a: Keldeo-Resolute
|-damage|p1a: Keldeo-Resolute|46\/323
|move|p1a: Keldeo-Resolute|Hidden Power|p2a: Azumarill
|-supereffective|p2a: Azumarill
|-damage|p2a: Azumarill|0 fnt
|faint|p2a: Azumarill
|
|
|switch|p2a: Breloom|Breloom, M|323\/323
|-damage|p2a: Breloom|303\/323|[from] Stealth Rock
|turn|9
|
|move|p1a: Keldeo-Resolute|Hidden Power|p2a: Breloom
|-crit|p2a: Breloom
|-resisted|p2a: Breloom
|-damage|p2a: Breloom|191\/323
|move|p2a: Breloom|Substitute|p2a: Breloom
|-start|p2a: Breloom|Substitute
|-damage|p2a: Breloom|111\/323
|
|-status|p2a: Breloom|tox|[from] item: Toxic Orb
|turn|10
|
|move|p1a: Keldeo-Resolute|Hidden Power|p2a: Breloom
|-resisted|p2a: Breloom
|-activate|p2a: Breloom|Substitute|[damage]
|move|p2a: Breloom|Bullet Seed|p1a: Keldeo-Resolute
|-crit|p1a: Keldeo-Resolute
|-supereffective|p1a: Keldeo-Resolute
|-damage|p1a: Keldeo-Resolute|0 fnt
|-hitcount|p1a: Keldeo-Resolute|1
|faint|p1a: Keldeo-Resolute
|
|-heal|p2a: Breloom|151\/323 tox|[from] ability: Poison Heal
|
|switch|p1a: Volcarona|Volcarona, M|329\/329
|turn|11
|
|switch|p1a: Bisharp|Bisharp, F|289\/289
|move|p2a: Breloom|Spore|p1a: Bisharp
|-status|p1a: Bisharp|slp
|
|-heal|p2a: Breloom|191\/323 tox|[from] ability: Poison Heal
|turn|12
|
|-singleturn|p2a: Breloom|move: Focus Punch
|switch|p1a: Gengar|Gengar, F|261\/261
|move|p2a: Breloom|Focus Punch|p1a: Gengar
|-immune|p1a: Gengar|[msg]
|
|-heal|p2a: Breloom|231\/323 tox|[from] ability: Poison Heal
|turn|13
|
|move|p1a: Gengar|Shadow Ball|p2a: Breloom
|-end|p2a: Breloom|Substitute
|move|p2a: Breloom|Bullet Seed|p1a: Gengar
|-crit|p1a: Gengar
|-resisted|p1a: Gengar
|-damage|p1a: Gengar|213\/261
|-resisted|p1a: Gengar
|-damage|p1a: Gengar|182\/261
|-hitcount|p1a: Gengar|2
|
|-heal|p2a: Breloom|271\/323 tox|[from] ability: Poison Heal
|turn|14
|
|move|p1a: Gengar|Shadow Ball|p2a: Breloom
|-damage|p2a: Breloom|48\/323 tox
|move|p2a: Breloom|Bullet Seed|p1a: Gengar
|-resisted|p1a: Gengar
|-damage|p1a: Gengar|150\/261
|-resisted|p1a: Gengar
|-damage|p1a: Gengar|122\/261
|-resisted|p1a: Gengar
|-damage|p1a: Gengar|93\/261
|-resisted|p1a: Gengar
|-damage|p1a: Gengar|62\/261
|-hitcount|p1a: Gengar|4
|
|-heal|p2a: Breloom|88\/323 tox|[from] ability: Poison Heal
|turn|15
|
|move|p1a: Gengar|Shadow Ball|p2a: Breloom
|-damage|p2a: Breloom|0 fnt
|faint|p2a: Breloom
|
|
|switch|p2a: Heatran|Heatran, M|323\/323
|-damage|p2a: Heatran|283\/323|[from] Stealth Rock
|turn|16
|
|switch|p1a: Bisharp|Bisharp, F|289\/289 slp
|move|p2a: Heatran|Ancient Power|p1a: Bisharp
|-resisted|p1a: Bisharp
|-damage|p1a: Bisharp|246\/289 slp
|
|turn|17
|
|switch|p2a: Scizor|Scizor-Mega, M|259\/296
|-damage|p2a: Scizor|222\/296|[from] Stealth Rock
|switch|p1a: Gengar|Gengar, F|62\/261
|
|turn|18
|
|switch|p1a: Volcarona|Volcarona, M|329\/329
|move|p2a: Scizor|Bullet Punch|p1a: Volcarona
|-resisted|p1a: Volcarona
|-damage|p1a: Volcarona|239\/329
|
|turn|19
|
|switch|p2a: Latias|Latias, F|301\/301
|-damage|p2a: Latias|264\/301|[from] Stealth Rock
|move|p1a: Volcarona|Quiver Dance|p1a: Volcarona
|-boost|p1a: Volcarona|spa|1
|-boost|p1a: Volcarona|spd|1
|-boost|p1a: Volcarona|spe|1
|
|turn|20
|
|switch|p1a: Bisharp|Bisharp, F|246\/289 slp
|move|p2a: Latias|Psyshock|p1a: Bisharp
|-immune|p1a: Bisharp|[msg]
|
|turn|21
|
|move|p2a: Latias|Hidden Power|p1a: Bisharp
|-supereffective|p1a: Bisharp
|-damage|p1a: Bisharp|17\/289 slp
|-damage|p2a: Latias|234\/301|[from] item: Life Orb
|cant|p1a: Bisharp|slp
|
|turn|22
|
|switch|p2a: Scizor|Scizor-Mega, M|222\/296
|-damage|p2a: Scizor|185\/296|[from] Stealth Rock
|cant|p1a: Bisharp|slp
|
|turn|23
|
|move|p2a: Scizor|Swords Dance|p2a: Scizor
|-boost|p2a: Scizor|atk|2
|-curestatus|p1a: Bisharp|slp
|move|p1a: Bisharp|Knock Off|p2a: Scizor
|-damage|p2a: Scizor|67\/296
|-damage|p1a: Bisharp|0 fnt|[from] item: Life Orb
|faint|p1a: Bisharp
|
|
|switch|p1a: Volcarona|Volcarona, M|239\/329
|turn|24
|
|move|p2a: Scizor|Bullet Punch|p1a: Volcarona
|-resisted|p1a: Volcarona
|-damage|p1a: Volcarona|47\/329
|-status|p2a: Scizor|brn
|move|p1a: Volcarona|Hidden Power|p2a: Scizor
|-damage|p2a: Scizor|0 fnt
|-damage|p1a: Volcarona|15\/329|[from] item: Life Orb
|faint|p2a: Scizor
|
|
|switch|p2a: Heatran|Heatran, M|283\/323
|-damage|p2a: Heatran|243\/323|[from] Stealth Rock
|turn|25
|
|move|p2a: Heatran|Flash Cannon|p1a: Volcarona
|-resisted|p1a: Volcarona
|-damage|p1a: Volcarona|0 fnt
|faint|p1a: Volcarona
|
|
|switch|p1a: Gengar|Gengar, F|62\/261
|turn|26
|
|switch|p2a: Latias|Latias, F|234\/301
|-damage|p2a: Latias|197\/301|[from] Stealth Rock
|move|p1a: Gengar|Focus Blast|p2a: Latias|[miss]
|-miss|p1a: Gengar|p2a: Latias
|
|turn|27
|
|switch|p1a: Diancie|Diancie-Mega|257\/257
|move|p2a: Latias|Psyshock|p1a: Diancie
|-damage|p1a: Diancie|93\/257
|-damage|p2a: Latias|167\/301|[from] item: Life Orb
|
|turn|28
|
|switch|p2a: Heatran|Heatran, M|243\/323
|-damage|p2a: Heatran|203\/323|[from] Stealth Rock
|move|p1a: Diancie|Rock Polish|p1a: Diancie
|-boost|p1a: Diancie|spe|2
|
|turn|29
|c|★G0tagofast|gg
|c|★Red Skies|gg
|
|move|p1a: Diancie|Diamond Storm|p2a: Heatran
|-damage|p2a: Heatran|19\/323
|-boost|p1a: Diancie|def|1
|move|p2a: Heatran|Flash Cannon|p1a: Diancie
|-supereffective|p1a: Diancie
|-damage|p1a: Diancie|0 fnt
|faint|p1a: Diancie
|
|
|switch|p1a: Gengar|Gengar, F|62\/261
|turn|30
|
|move|p1a: Gengar|Shadow Ball|p2a: Heatran
|-damage|p2a: Heatran|0 fnt
|faint|p2a: Heatran
|
|
|switch|p2a: Latias|Latias, F|167\/301
|-damage|p2a: Latias|130\/301|[from] Stealth Rock
|turn|31
|
|move|p1a: Gengar|Shadow Ball|p2a: Latias
|-supereffective|p2a: Latias
|-damage|p2a: Latias|0 fnt
|faint|p2a: Latias
|
|win|G0tagofast
|raw|Ladder updating...
|leave|Red Skies
|raw|G0tagofast's rating: 1596 &rarr; <strong>1617<\/strong><br \/>(+21 for winning)
|raw|Red Skies's rating: 1600 &rarr; <strong>1580<\/strong><br \/>(-20 for losing)