|join|pipasonze
|join|choicebandlatias
|player|p1|pipasonze|193
|player|p2|choicebandlatias|166
|gametype|singles
|gen|6
|tier|UU
|rated
|rule|Sleep Clause Mod: Limit one foe put to sleep
|rule|Species Clause: Limit one of each Pokémon
|rule|OHKO Clause: OHKO moves are banned
|rule|Moody Clause: Moody is banned
|rule|Evasion Moves Clause: Evasion moves are banned
|rule|Endless Battle Clause: Forcing endless battles is banned
|rule|HP Percentage Mod: HP is shown in percentages
|clearpoke
|poke|p1|Gligar, M
|poke|p1|Sharpedo, M
|poke|p1|Roserade, M
|poke|p1|Cobalion
|poke|p1|Suicune
|poke|p1|Entei, shiny
|poke|p2|Entei, shiny
|poke|p2|Doublade, M
|poke|p2|Machamp, M
|poke|p2|Slowking, M
|poke|p2|Nidoqueen, F
|poke|p2|Aerodactyl, M
|rule|Swagger Clause: Swagger is banned
|rule|Baton Pass Clause: Limit one Pokémon knowing Baton Pass
|teampreview
|
|start
|switch|p1a: Cobalion|Cobalion|323\/323
|switch|p2a: Entei|Entei, shiny|372\/372
|-ability|p2a: Entei|Pressure
|turn|1
|
|move|p1a: Cobalion|Volt Switch|p2a: Entei
|-damage|p2a: Entei|315\/372
|
|switch|p1a: Gligar|Gligar, M|334\/334
|move|p2a: Entei|Sacred Fire|p1a: Gligar
|-damage|p1a: Gligar|211\/334
|-status|p1a: Gligar|brn
|
|-damage|p1a: Gligar|170\/334 brn|[from] brn
|turn|2
|
|switch|p2a: Aerodactyl|Aerodactyl, M|302\/302
|-ability|p2a: Aerodactyl|Pressure
|move|p1a: Gligar|Baton Pass|p1a: Gligar
|
|switch|p1a: Cobalion|Cobalion|323\/323
|
|turn|3
|
|switch|p2a: Slowking|Slowking, M|394\/394
|move|p1a: Cobalion|Stealth Rock|p2a: Slowking
|-sidestart|p2: choicebandlatias|move: Stealth Rock
|
|turn|4
|
|move|p1a: Cobalion|Volt Switch|p2a: Slowking
|-supereffective|p2a: Slowking
|-damage|p2a: Slowking|314\/394
|
|switch|p1a: Roserade|Roserade, M|261\/261
|move|p2a: Slowking|Scald|p1a: Roserade
|-resisted|p1a: Roserade
|-damage|p1a: Roserade|215\/261
|
|-heal|p2a: Slowking|338\/394|[from] item: Leftovers
|turn|5
|
|switch|p2a: Nidoqueen|Nidoqueen, F|384\/384
|-damage|p2a: Nidoqueen|360\/384|[from] Stealth Rock
|move|p1a: Roserade|Spikes|p2a: Nidoqueen
|-sidestart|p2: choicebandlatias|Spikes
|
|turn|6
|
|move|p1a: Roserade|Giga Drain|p2a: Nidoqueen
|-damage|p2a: Nidoqueen|164\/384
|-heal|p1a: Roserade|261\/261|[from] drain|[of] p2a: Nidoqueen
|-damage|p1a: Roserade|235\/261|[from] item: Life Orb
|move|p2a: Nidoqueen|Ice Beam|p1a: Roserade
|-supereffective|p1a: Roserade
|-damage|p1a: Roserade|0 fnt
|faint|p1a: Roserade
|
|
|switch|p1a: Entei|Entei, shiny|374\/374
|-ability|p1a: Entei|Pressure
|turn|7
|
|move|p1a: Entei|Sacred Fire|p2a: Nidoqueen
|-damage|p2a: Nidoqueen|0 fnt
|faint|p2a: Nidoqueen
|
|
|switch|p2a: Aerodactyl|Aerodactyl, M|302\/302
|-damage|p2a: Aerodactyl|227\/302|[from] Stealth Rock
|-ability|p2a: Aerodactyl|Pressure
|turn|8
|
|switch|p1a: Gligar|Gligar, M|170\/334 brn
|detailschange|p2a: Aerodactyl|Aerodactyl-Mega, M
|message|Aerodactyl has Mega Evolved into Mega Aerodactyl!
|move|p2a: Aerodactyl|Stone Edge|p1a: Gligar
|-damage|p1a: Gligar|79\/334 brn
|
|-damage|p1a: Gligar|38\/334 brn|[from] brn
|turn|9
|
|move|p2a: Aerodactyl|Stealth Rock|p1a: Gligar
|-sidestart|p1: pipasonze|move: Stealth Rock
|move|p1a: Gligar|Roost|p1a: Gligar
|-heal|p1a: Gligar|205\/334 brn
|
|-damage|p1a: Gligar|164\/334 brn|[from] brn
|turn|10
|
|switch|p2a: Slowking|Slowking, M|338\/394
|-damage|p2a: Slowking|289\/394|[from] Spikes
|-damage|p2a: Slowking|240\/394|[from] Stealth Rock
|move|p1a: Gligar|Roost|p1a: Gligar
|-heal|p1a: Gligar|331\/334 brn
|
|-heal|p2a: Slowking|264\/394|[from] item: Leftovers
|-damage|p1a: Gligar|290\/334 brn|[from] brn
|turn|11
|
|move|p1a: Gligar|Swords Dance|p1a: Gligar
|-boost|p1a: Gligar|atk|2
|move|p2a: Slowking|Scald|p1a: Gligar
|-supereffective|p1a: Gligar
|-damage|p1a: Gligar|126\/334 brn
|
|-heal|p2a: Slowking|288\/394|[from] item: Leftovers
|-damage|p1a: Gligar|85\/334 brn|[from] brn
|turn|12
|
|move|p1a: Gligar|Baton Pass|p1a: Gligar
|
|switch|p1a: Sharpedo|Sharpedo, M|281\/281
|-damage|p1a: Sharpedo|246\/281|[from] Stealth Rock
|move|p2a: Slowking|Scald|p1a: Sharpedo
|-resisted|p1a: Sharpedo
|-damage|p1a: Sharpedo|147\/281
|-status|p1a: Sharpedo|brn
|
|-heal|p2a: Slowking|312\/394|[from] item: Leftovers
|-damage|p1a: Sharpedo|112\/281 brn|[from] brn
|turn|13
|
|detailschange|p1a: Sharpedo|Sharpedo-Mega, M
|message|Sharpedo has Mega Evolved into Mega Sharpedo!
|move|p1a: Sharpedo|Crunch|p2a: Slowking
|-supereffective|p2a: Slowking
|-damage|p2a: Slowking|0 fnt
|faint|p2a: Slowking
|
|-damage|p1a: Sharpedo|77\/281 brn|[from] brn
|
|switch|p2a: Aerodactyl|Aerodactyl-Mega, M|227\/302
|-damage|p2a: Aerodactyl|152\/302|[from] Stealth Rock
|turn|14
|
|move|p2a: Aerodactyl|Aerial Ace|p1a: Sharpedo
|-damage|p1a: Sharpedo|0 fnt
|faint|p1a: Sharpedo
|
|
|switch|p1a: Suicune|Suicune|404\/404
|-damage|p1a: Suicune|354\/404|[from] Stealth Rock
|-ability|p1a: Suicune|Pressure
|turn|15
|
|switch|p2a: Machamp|Machamp, M|384\/384
|-damage|p2a: Machamp|336\/384|[from] Spikes
|-damage|p2a: Machamp|312\/384|[from] Stealth Rock
|move|p1a: Suicune|Calm Mind|p1a: Suicune
|-boost|p1a: Suicune|spa|1
|-boost|p1a: Suicune|spd|1
|
|-heal|p1a: Suicune|379\/404|[from] item: Leftovers
|turn|16
|
|switch|p1a: Gligar|Gligar, M|85\/334 brn
|-damage|p1a: Gligar|44\/334 brn|[from] Stealth Rock
|move|p2a: Machamp|Knock Off|p1a: Gligar
|-damage|p1a: Gligar|0 fnt
|-enditem|p1a: Gligar|Eviolite|[from] move: Knock Off|[of] p2a: Machamp
|faint|p1a: Gligar
|
|
|switch|p1a: Entei|Entei, shiny|374\/374
|-damage|p1a: Entei|281\/374|[from] Stealth Rock
|-ability|p1a: Entei|Pressure
|turn|17
|
|move|p1a: Entei|Flare Blitz|p2a: Machamp
|-damage|p2a: Machamp|35\/384
|-damage|p1a: Entei|190\/374|[from] recoil|[of] p2a: Machamp
|move|p2a: Machamp|Close Combat|p1a: Entei
|-damage|p1a: Entei|0 fnt
|-unboost|p2a: Machamp|def|1
|-unboost|p2a: Machamp|spd|1
|faint|p1a: Entei
|
|
|switch|p1a: Cobalion|Cobalion|323\/323
|-damage|p1a: Cobalion|313\/323|[from] Stealth Rock
|turn|18
|
|move|p2a: Machamp|Bullet Punch|p1a: Cobalion
|-resisted|p1a: Cobalion
|-damage|p1a: Cobalion|290\/323
|move|p1a: Cobalion|Iron Head|p2a: Machamp
|-damage|p2a: Machamp|0 fnt
|faint|p2a: Machamp
|
|-heal|p1a: Cobalion|310\/323|[from] item: Leftovers
|
|switch|p2a: Aerodactyl|Aerodactyl-Mega, M|152\/302
|-damage|p2a: Aerodactyl|77\/302|[from] Stealth Rock
|turn|19
|
|move|p2a: Aerodactyl|Earthquake|p1a: Cobalion
|-supereffective|p1a: Cobalion
|-damage|p1a: Cobalion|130\/323
|move|p1a: Cobalion|Iron Head|p2a: Aerodactyl
|-crit|p2a: Aerodactyl
|-supereffective|p2a: Aerodactyl
|-damage|p2a: Aerodactyl|0 fnt
|faint|p2a: Aerodactyl
|
|-heal|p1a: Cobalion|150\/323|[from] item: Leftovers
|
|switch|p2a: Doublade|Doublade, M|259\/259
|-damage|p2a: Doublade|227\/259|[from] Spikes
|-damage|p2a: Doublade|211\/259|[from] Stealth Rock
|turn|20
|
|move|p1a: Cobalion|Volt Switch|p2a: Doublade
|-damage|p2a: Doublade|174\/259
|
|switch|p1a: Suicune|Suicune|379\/404
|-damage|p1a: Suicune|329\/404|[from] Stealth Rock
|-ability|p1a: Suicune|Pressure
|move|p2a: Doublade|Swords Dance|p2a: Doublade
|-boost|p2a: Doublade|atk|2
|
|-heal|p1a: Suicune|354\/404|[from] item: Leftovers
|turn|21
|
|move|p1a: Suicune|Scald|p2a: Doublade
|-damage|p2a: Doublade|108\/259
|move|p2a: Doublade|Shadow Claw|p1a: Suicune
|-crit|p1a: Suicune
|-damage|p1a: Suicune|114\/404
|
|-heal|p1a: Suicune|139\/404|[from] item: Leftovers
|turn|22
|
|move|p1a: Suicune|Rest|p1a: Suicune
|-status|p1a: Suicune|slp
|-heal|p1a: Suicune|404\/404 slp|[silent]
|-status|p1a: Suicune|slp|[from] move: Rest
|move|p2a: Doublade|Shadow Claw|p1a: Suicune
|-damage|p1a: Suicune|245\/404 slp
|
|-heal|p1a: Suicune|270\/404 slp|[from] item: Leftovers
|turn|23
|
|cant|p1a: Suicune|slp
|move|p1a: Suicune|Sleep Talk|p1a: Suicune
|move|p1a: Suicune|Scald|p2a: Doublade|[from]Sleep Talk
|-damage|p2a: Doublade|39\/259
|move|p2a: Doublade|Shadow Claw|p1a: Suicune
|-damage|p1a: Suicune|116\/404 slp
|
|-heal|p1a: Suicune|141\/404 slp|[from] item: Leftovers
|turn|24
|
|cant|p1a: Suicune|slp
|move|p1a: Suicune|Sleep Talk|p1a: Suicune
|move|p1a: Suicune|Scald|p2a: Doublade|[from]Sleep Talk
|-damage|p2a: Doublade|0 fnt
|faint|p2a: Doublade
|
|-heal|p1a: Suicune|166\/404 slp|[from] item: Leftovers
|
|switch|p2a: Entei|Entei, shiny|315\/372
|-damage|p2a: Entei|222\/372|[from] Stealth Rock
|-damage|p2a: Entei|176\/372|[from] Spikes
|-ability|p2a: Entei|Pressure
|turn|25
|
|move|p2a: Entei|Stone Edge|p1a: Suicune
|-damage|p1a: Suicune|50\/404 slp
|-curestatus|p1a: Suicune|slp
|move|p1a: Suicune|Scald|p2a: Entei
|-supereffective|p2a: Entei
|-damage|p2a: Entei|0 fnt
|faint|p2a: Entei
|
|win|pipasonze
|raw|Ladder updating...
|raw|pipasonze's rating: 1238 &rarr; <strong>1261<\/strong><br \/>(+23 for winning)
|raw|choicebandlatias's rating: 1217 &rarr; <strong>1193<\/strong><br \/>(-24 for losing)
|c|★choicebandlatias|gg
|c|★pipasonze|gg
|leave|choicebandlatias
|player|p2