|join|pipasonze
|join|niaho
|player|p1|pipasonze|193
|player|p2|niaho|162
|gametype|singles
|gen|6
|tier|UU
|rated
|rule|Sleep Clause Mod: Limit one foe put to sleep
|rule|Species Clause: Limit one of each Pokémon
|rule|OHKO Clause: OHKO moves are banned
|rule|Moody Clause: Moody is banned
|rule|Evasion Moves Clause: Evasion moves are banned
|rule|Endless Battle Clause: Forcing endless battles is banned
|rule|HP Percentage Mod: HP is shown in percentages
|clearpoke
|poke|p1|Starmie
|poke|p1|Lopunny, F
|poke|p1|Crobat, M
|poke|p1|Krookodile, M
|poke|p1|Jirachi
|poke|p1|Shaymin
|poke|p2|Sharpedo, M
|poke|p2|Amoonguss, F
|poke|p2|Alakazam, F
|poke|p2|Machamp, F
|poke|p2|Skuntank, M
|poke|p2|Porygon2
|rule|Swagger Clause: Swagger is banned
|rule|Baton Pass Clause: Limit one Pokémon knowing Baton Pass
|teampreview
|
|start
|switch|p1a: Crobat|Crobat, M|311\/311
|switch|p2a: Machamp|Machamp, F|384\/384
|turn|1
|
|switch|p2a: Porygon2|Porygon2|374\/374
|-ability|p2a: Porygon2|Infiltrator|[from] ability: Trace|[of] p1a: Crobat
|move|p1a: Crobat|Brave Bird|p2a: Porygon2
|-damage|p2a: Porygon2|244\/374
|-damage|p1a: Crobat|268\/311|[from] recoil|[of] p2a: Porygon2
|
|turn|2
|
|switch|p1a: Jirachi|Jirachi|403\/403
|move|p2a: Porygon2|Recover|p2a: Porygon2
|-heal|p2a: Porygon2|374\/374
|
|turn|3
|
|switch|p2a: Skuntank|Skuntank, M|410\/410
|move|p1a: Jirachi|U-turn|p2a: Skuntank
|-damage|p2a: Skuntank|333\/410
|
|switch|p1a: Krookodile|Krookodile, M|393\/393
|-ability|p1a: Krookodile|Intimidate|[of] p2a: Skuntank
|-unboost|p2a: Skuntank|atk|1
|
|-heal|p2a: Skuntank|358\/410|[from] item: Black Sludge
|turn|4
|
|switch|p2a: Porygon2|Porygon2|374\/374
|-ability|p2a: Porygon2|Intimidate|[from] ability: Trace|[of] p1a: Krookodile
|-ability|p2a: Porygon2|Intimidate|[of] p1a: Krookodile
|-unboost|p1a: Krookodile|atk|1
|move|p1a: Krookodile|Stealth Rock|p2a: Porygon2
|-sidestart|p2: niaho|move: Stealth Rock
|
|turn|5
|
|move|p1a: Krookodile|Knock Off|p2a: Porygon2
|-crit|p2a: Porygon2
|-damage|p2a: Porygon2|263\/374
|-enditem|p2a: Porygon2|Eviolite|[from] move: Knock Off|[of] p1a: Krookodile
|move|p2a: Porygon2|Tri Attack|p1a: Krookodile
|-crit|p1a: Krookodile
|-damage|p1a: Krookodile|177\/393
|
|-heal|p1a: Krookodile|201\/393|[from] item: Leftovers
|turn|6
|
|switch|p1a: Jirachi|Jirachi|403\/403
|move|p2a: Porygon2|Tri Attack|p1a: Jirachi
|-resisted|p1a: Jirachi
|-damage|p1a: Jirachi|367\/403
|
|-heal|p1a: Jirachi|392\/403|[from] item: Leftovers
|turn|7
|
|move|p1a: Jirachi|Wish|p1a: Jirachi
|move|p2a: Porygon2|Recover|p2a: Porygon2
|-heal|p2a: Porygon2|374\/374
|
|-heal|p1a: Jirachi|403\/403|[from] item: Leftovers
|turn|8
|
|move|p1a: Jirachi|U-turn|p2a: Porygon2
|-damage|p2a: Porygon2|334\/374
|
|switch|p1a: Krookodile|Krookodile, M|201\/393
|-ability|p1a: Krookodile|Intimidate|[of] p2a: Porygon2
|-unboost|p2a: Porygon2|atk|1
|move|p2a: Porygon2|Toxic|p1a: Krookodile
|-status|p1a: Krookodile|tox
|
|-heal|p1a: Krookodile|393\/393 tox|[from] move: Wish|[wisher] Jirachi
|-damage|p1a: Krookodile|369\/393 tox|[from] psn
|turn|9
|
|move|p2a: Porygon2|Protect|p2a: Porygon2
|-singleturn|p2a: Porygon2|Protect
|move|p1a: Krookodile|Earthquake|p2a: Porygon2
|-activate|p2a: Porygon2|Protect
|
|-heal|p1a: Krookodile|393\/393 tox|[from] item: Leftovers
|-damage|p1a: Krookodile|345\/393 tox|[from] psn
|turn|10
|
|switch|p1a: Jirachi|Jirachi|403\/403
|move|p2a: Porygon2|Recover|p2a: Porygon2
|-heal|p2a: Porygon2|374\/374
|
|turn|11
|
|switch|p2a: Machamp|Machamp, F|384\/384
|-damage|p2a: Machamp|360\/384|[from] Stealth Rock
|move|p1a: Jirachi|Thunder Wave|p2a: Machamp
|-status|p2a: Machamp|par
|
|turn|12
|
|move|p1a: Jirachi|U-turn|p2a: Machamp
|-resisted|p2a: Machamp
|-damage|p2a: Machamp|328\/384 par
|
|switch|p1a: Krookodile|Krookodile, M|345\/393 tox
|-ability|p1a: Krookodile|Intimidate|[of] p2a: Machamp
|-unboost|p2a: Machamp|atk|1
|move|p2a: Machamp|Dynamic Punch|p1a: Krookodile
|-supereffective|p1a: Krookodile
|-damage|p1a: Krookodile|39\/393 tox
|-start|p1a: Krookodile|confusion
|
|-heal|p1a: Krookodile|63\/393 tox|[from] item: Leftovers
|-damage|p1a: Krookodile|39\/393 tox|[from] psn
|turn|13
|
|move|p2a: Machamp|Bullet Punch|p1a: Krookodile
|-damage|p1a: Krookodile|0 fnt
|faint|p1a: Krookodile
|
|
|switch|p1a: Crobat|Crobat, M|268\/311
|turn|14
|
|move|p1a: Crobat|Brave Bird|p2a: Machamp
|-supereffective|p2a: Machamp
|-damage|p2a: Machamp|0 fnt
|-damage|p1a: Crobat|160\/311|[from] recoil|[of] p2a: Machamp
|faint|p2a: Machamp
|
|
|switch|p2a: Alakazam|Alakazam, F|252\/252
|turn|15
|
|switch|p1a: Jirachi|Jirachi|403\/403
|move|p2a: Alakazam|Shadow Ball|p1a: Jirachi
|-supereffective|p1a: Jirachi
|-damage|p1a: Jirachi|255\/403
|
|-heal|p1a: Jirachi|280\/403|[from] item: Leftovers
|turn|16
|
|switch|p2a: Amoonguss|Amoonguss, F|432\/432
|-damage|p2a: Amoonguss|378\/432|[from] Stealth Rock
|move|p1a: Jirachi|Thunder Wave|p2a: Amoonguss
|-status|p2a: Amoonguss|par
|
|-heal|p1a: Jirachi|305\/403|[from] item: Leftovers
|-heal|p2a: Amoonguss|405\/432 par|[from] item: Black Sludge
|turn|17
|
|move|p1a: Jirachi|Wish|p1a: Jirachi
|move|p2a: Amoonguss|Spore|p1a: Jirachi
|-status|p1a: Jirachi|slp
|
|-heal|p1a: Jirachi|330\/403 slp|[from] item: Leftovers
|-heal|p2a: Amoonguss|432\/432 par|[from] item: Black Sludge
|turn|18
|
|switch|p1a: Crobat|Crobat, M|160\/311
|switch|p2a: Sharpedo|Sharpedo, M|281\/281
|-damage|p2a: Sharpedo|246\/281|[from] Stealth Rock
|
|-heal|p1a: Crobat|311\/311|[from] move: Wish|[wisher] Jirachi
|turn|19
|
|switch|p1a: Shaymin|Shaymin|341\/341
|move|p2a: Sharpedo|Protect|p2a: Sharpedo
|-fail|p2a: Sharpedo
|
|-boost|p2a: Sharpedo|spe|1|[from] ability: Speed Boost
|turn|20
|
|switch|p2a: Skuntank|Skuntank, M|358\/410
|-damage|p2a: Skuntank|307\/410|[from] Stealth Rock
|move|p1a: Shaymin|Seed Flare|p2a: Skuntank
|-resisted|p2a: Skuntank
|-damage|p2a: Skuntank|139\/410
|-unboost|p2a: Skuntank|spd|2
|-damage|p1a: Shaymin|307\/341|[from] item: Life Orb
|
|-heal|p2a: Skuntank|164\/410|[from] item: Black Sludge
|turn|21
|
|switch|p2a: Amoonguss|Amoonguss, F|432\/432 par
|-damage|p2a: Amoonguss|378\/432 par|[from] Stealth Rock
|move|p1a: Shaymin|Earth Power|p2a: Amoonguss
|-damage|p2a: Amoonguss|277\/432 par
|-damage|p1a: Shaymin|273\/341|[from] item: Life Orb
|
|-heal|p2a: Amoonguss|304\/432 par|[from] item: Black Sludge
|turn|22
|
|switch|p1a: Crobat|Crobat, M|311\/311
|cant|p2a: Amoonguss|par
|
|-heal|p2a: Amoonguss|331\/432 par|[from] item: Black Sludge
|turn|23
|
|switch|p2a: Porygon2|Porygon2|374\/374
|-damage|p2a: Porygon2|328\/374|[from] Stealth Rock
|-ability|p2a: Porygon2|Infiltrator|[from] ability: Trace|[of] p1a: Crobat
|move|p1a: Crobat|Brave Bird|p2a: Porygon2
|-damage|p2a: Porygon2|150\/374
|-damage|p1a: Crobat|252\/311|[from] recoil|[of] p2a: Porygon2
|
|turn|24
|
|move|p1a: Crobat|Brave Bird|p2a: Porygon2
|-damage|p2a: Porygon2|0 fnt
|-damage|p1a: Crobat|202\/311|[from] recoil|[of] p2a: Porygon2
|faint|p2a: Porygon2
|
|
|switch|p2a: Alakazam|Alakazam, F|252\/252
|turn|25
|
|switch|p1a: Starmie|Starmie|323\/323
|move|p2a: Alakazam|Psyshock|p1a: Starmie
|-resisted|p1a: Starmie
|-damage|p1a: Starmie|242\/323
|
|-heal|p1a: Starmie|262\/323|[from] item: Leftovers
|turn|26
|
|move|p2a: Alakazam|Shadow Ball|p1a: Starmie
|-supereffective|p1a: Starmie
|-damage|p1a: Starmie|36\/323
|move|p1a: Starmie|Scald|p2a: Alakazam
|-crit|p2a: Alakazam
|-damage|p2a: Alakazam|96\/252
|
|-heal|p1a: Starmie|56\/323|[from] item: Leftovers
|turn|27
|
|move|p2a: Alakazam|Shadow Ball|p1a: Starmie
|-supereffective|p1a: Starmie
|-damage|p1a: Starmie|0 fnt
|faint|p1a: Starmie
|
|
|switch|p1a: Crobat|Crobat, M|202\/311
|turn|28
|
|move|p1a: Crobat|U-turn|p2a: Alakazam
|-supereffective|p2a: Alakazam
|-damage|p2a: Alakazam|0 fnt
|faint|p2a: Alakazam
|
|switch|p1a: Lopunny|Lopunny, F|271\/271
|
|
|switch|p2a: Sharpedo|Sharpedo, M|246\/281
|-damage|p2a: Sharpedo|211\/281|[from] Stealth Rock
|turn|29
|
|detailschange|p1a: Lopunny|Lopunny-Mega, F
|message|Lopunny has Mega Evolved into Mega Lopunny!
|move|p2a: Sharpedo|Protect|p2a: Sharpedo
|-singleturn|p2a: Sharpedo|Protect
|move|p1a: Lopunny|Substitute|p1a: Lopunny
|-start|p1a: Lopunny|Substitute
|-damage|p1a: Lopunny|204\/271
|
|-boost|p2a: Sharpedo|spe|1|[from] ability: Speed Boost
|turn|30
|-message|niaho forfeited.
|
|win|pipasonze
|raw|Ladder updating...
|leave|niaho
|player|p2
|raw|pipasonze's rating: 1372 &rarr; <strong>1386<\/strong><br \/>(+14 for winning)
|raw|niaho's rating: 1268 &rarr; <strong>1251<\/strong><br \/>(-17 for losing)
|leave|pipasonze
|player|p1
|join|pipasonze