|join|UST8
|join|pipasonze
|player|p1|UST8|169
|player|p2|pipasonze|193
|gametype|singles
|gen|6
|tier|UU
|rated
|rule|Sleep Clause Mod: Limit one foe put to sleep
|rule|Species Clause: Limit one of each Pokémon
|rule|OHKO Clause: OHKO moves are banned
|rule|Moody Clause: Moody is banned
|rule|Evasion Moves Clause: Evasion moves are banned
|rule|Endless Battle Clause: Forcing endless battles is banned
|rule|HP Percentage Mod: HP is shown in percentages
|clearpoke
|poke|p1|Forretress, M
|poke|p1|Krookodile, M
|poke|p1|Ampharos, M
|poke|p1|Jirachi
|poke|p1|Whimsicott, F
|poke|p1|Vaporeon, M
|poke|p2|Abomasnow, M
|poke|p2|Tentacruel, M
|poke|p2|Mienshao, M
|poke|p2|Krookodile, M
|poke|p2|Jirachi
|poke|p2|Noivern, M
|rule|Swagger Clause: Swagger is banned
|rule|Baton Pass Clause: Limit one Pokémon knowing Baton Pass
|teampreview
|
|start
|switch|p1a: Jirachi|Jirachi|404\/404
|switch|p2a: Mienshao|Mienshao, M|271\/271
|turn|1
|
|move|p2a: Mienshao|Knock Off|p1a: Jirachi
|-supereffective|p1a: Jirachi
|-damage|p1a: Jirachi|192\/404
|-enditem|p1a: Jirachi|Leftovers|[from] move: Knock Off|[of] p2a: Mienshao
|move|p1a: Jirachi|Substitute|p1a: Jirachi
|-start|p1a: Jirachi|Substitute
|-damage|p1a: Jirachi|91\/404
|
|turn|2
|
|switch|p2a: Jirachi|Jirachi|343\/343
|move|p1a: Jirachi|Toxic|p2a: Jirachi
|-fail|p2a: Jirachi
|
|turn|3
|
|move|p1a: Jirachi|Fire Punch|p2a: Jirachi
|-supereffective|p2a: Jirachi
|-damage|p2a: Jirachi|227\/343
|move|p2a: Jirachi|Fire Punch|p1a: Jirachi
|-supereffective|p1a: Jirachi
|-end|p1a: Jirachi|Substitute
|
|-heal|p2a: Jirachi|248\/343|[from] item: Leftovers
|turn|4
|
|switch|p1a: Krookodile|Krookodile, M|332\/332
|-ability|p1a: Krookodile|Intimidate|[of] p2a: Jirachi
|-unboost|p2a: Jirachi|atk|1
|move|p2a: Jirachi|Stealth Rock|p1a: Krookodile
|-sidestart|p1: UST8|move: Stealth Rock
|
|-heal|p2a: Jirachi|269\/343|[from] item: Leftovers
|turn|5
|
|move|p1a: Krookodile|Pursuit|p2a: Jirachi|[from]Pursuit
|-crit|p2a: Jirachi
|-supereffective|p2a: Jirachi
|-damage|p2a: Jirachi|0 fnt
|faint|p2a: Jirachi
|
|
|switch|p2a: Abomasnow|Abomasnow, M|383\/383
|turn|6
|
|switch|p1a: Jirachi|Jirachi|91\/404
|-damage|p1a: Jirachi|66\/404|[from] Stealth Rock
|detailschange|p2a: Abomasnow|Abomasnow-Mega, M
|message|Abomasnow has Mega Evolved into Mega Abomasnow!
|-weather|Hail
|move|p2a: Abomasnow|Swords Dance|p2a: Abomasnow
|-boost|p2a: Abomasnow|atk|2
|
|-weather|Hail|[upkeep]
|-damage|p1a: Jirachi|41\/404|[from] hail
|turn|7
|
|switch|p1a: Forretress|Forretress, M|354\/354
|-damage|p1a: Forretress|310\/354|[from] Stealth Rock
|move|p2a: Abomasnow|Ice Shard|p1a: Forretress
|-resisted|p1a: Forretress
|-damage|p1a: Forretress|262\/354
|
|-weather|Hail|[upkeep]
|-damage|p1a: Forretress|240\/354|[from] hail
|-heal|p1a: Forretress|262\/354|[from] item: Leftovers
|turn|8
|
|move|p2a: Abomasnow|Swords Dance|p2a: Abomasnow
|-boost|p2a: Abomasnow|atk|2
|move|p1a: Forretress|Gyro Ball|p2a: Abomasnow
|-supereffective|p2a: Abomasnow
|-damage|p2a: Abomasnow|315\/383
|
|-weather|Hail|[upkeep]
|-damage|p1a: Forretress|240\/354|[from] hail
|-heal|p1a: Forretress|262\/354|[from] item: Leftovers
|turn|9
|
|move|p2a: Abomasnow|Swords Dance|p2a: Abomasnow
|-boost|p2a: Abomasnow|atk|2
|move|p1a: Forretress|Rapid Spin|p2a: Abomasnow
|-damage|p2a: Abomasnow|300\/383
|-sideend|p1: UST8|Stealth Rock|[from] move: Rapid Spin|[of] p1a: Forretress
|
|-weather|Hail|[upkeep]
|-damage|p1a: Forretress|240\/354|[from] hail
|-heal|p1a: Forretress|262\/354|[from] item: Leftovers
|turn|10
|
|move|p2a: Abomasnow|Earthquake|p1a: Forretress
|-damage|p1a: Forretress|0 fnt
|faint|p1a: Forretress
|
|-weather|none
|
|switch|p1a: Vaporeon|Vaporeon, M|451\/451
|turn|11
|
|move|p1a: Vaporeon|Scald|p2a: Abomasnow
|-resisted|p2a: Abomasnow
|-damage|p2a: Abomasnow|253\/383
|move|p2a: Abomasnow|Earthquake|p1a: Vaporeon
|-damage|p1a: Vaporeon|0 fnt
|faint|p1a: Vaporeon
|
|
|switch|p1a: Ampharos|Ampharos, M|383\/383
|turn|12
|
|move|p2a: Abomasnow|Ice Shard|p1a: Ampharos
|-damage|p1a: Ampharos|146\/383
|move|p1a: Ampharos|Dragon Pulse|p2a: Abomasnow
|-crit|p2a: Abomasnow
|-damage|p2a: Abomasnow|153\/383
|
|turn|13
|
|switch|p1a: Jirachi|Jirachi|41\/404
|move|p2a: Abomasnow|Ice Shard|p1a: Jirachi
|-resisted|p1a: Jirachi
|-damage|p1a: Jirachi|0 fnt
|faint|p1a: Jirachi
|
|
|switch|p1a: Krookodile|Krookodile, M|332\/332
|-ability|p1a: Krookodile|Intimidate|[of] p2a: Abomasnow
|-unboost|p2a: Abomasnow|atk|1
|turn|14
|
|move|p2a: Abomasnow|Ice Shard|p1a: Krookodile
|-crit|p1a: Krookodile
|-supereffective|p1a: Krookodile
|-damage|p1a: Krookodile|0 fnt
|faint|p1a: Krookodile
|
|-message|UST8 forfeited.
|
|win|pipasonze
|raw|Ladder updating...
|leave|UST8
|player|p1
|raw|UST8's rating: 1724 &rarr; <strong>1691<\/strong><br \/>(-33 for losing)
|raw|pipasonze's rating: 1459 &rarr; <strong>1492<\/strong><br \/>(+33 for winning)