|join|pipasonze
|join|Hax Gods Hate Me
|player|p1|pipasonze|193
|player|p2|Hax Gods Hate Me|290
|gametype|singles
|gen|6
|tier|UU
|rated
|rule|Sleep Clause Mod: Limit one foe put to sleep
|rule|Species Clause: Limit one of each Pokémon
|rule|OHKO Clause: OHKO moves are banned
|rule|Moody Clause: Moody is banned
|rule|Evasion Moves Clause: Evasion moves are banned
|rule|Endless Battle Clause: Forcing endless battles is banned
|rule|HP Percentage Mod: HP is shown in percentages
|clearpoke
|poke|p1|Infernape, M
|poke|p1|Jirachi
|poke|p1|Froslass, F
|poke|p1|Nidoking, M
|poke|p1|Lucario, M
|poke|p1|Alakazam, F
|poke|p2|Mienshao, M
|poke|p2|Crobat, M
|poke|p2|Hydreigon, M
|poke|p2|Starmie
|poke|p2|Roserade, F
|poke|p2|Arcanine, F
|rule|Swagger Clause: Swagger is banned
|rule|Baton Pass Clause: Limit one Pokémon knowing Baton Pass
|teampreview
|
|start
|switch|p1a: Froslass|Froslass, F|344\/344
|switch|p2a: Mienshao|Mienshao, M|271\/271
|turn|1
|
|move|p2a: Mienshao|U-turn|p1a: Froslass
|-resisted|p1a: Froslass
|-damage|p1a: Froslass|288\/344
|
|switch|p2a: Crobat|Crobat, M|311\/311
|move|p1a: Froslass|Spikes|p2a: Crobat
|-sidestart|p2: Hax Gods Hate Me|Spikes
|
|turn|2
|
|switch|p1a: Jirachi|Jirachi|341\/341
|move|p2a: Crobat|Brave Bird|p1a: Jirachi
|-resisted|p1a: Jirachi
|-damage|p1a: Jirachi|221\/341
|-damage|p2a: Crobat|271\/311|[from] recoil|[of] p1a: Jirachi
|
|turn|3
|
|switch|p2a: Arcanine|Arcanine, F|321\/321
|-damage|p2a: Arcanine|281\/321|[from] Spikes
|-ability|p2a: Arcanine|Intimidate|[of] p1a: Jirachi
|-unboost|p1a: Jirachi|atk|1
|move|p1a: Jirachi|U-turn|p2a: Arcanine
|-resisted|p2a: Arcanine
|-damage|p2a: Arcanine|252\/321
|
|switch|p1a: Nidoking|Nidoking, M|303\/303
|
|-heal|p2a: Arcanine|272\/321|[from] item: Leftovers
|turn|4
|
|switch|p2a: Roserade|Roserade, F|262\/262
|-damage|p2a: Roserade|230\/262|[from] Spikes
|move|p1a: Nidoking|Sludge Wave|p2a: Roserade
|-damage|p2a: Roserade|27\/262
|
|turn|5
|
|move|p2a: Roserade|Magical Leaf|p1a: Nidoking
|-damage|p1a: Nidoking|1\/303
|-damage|p2a: Roserade|1\/262|[from] item: Life Orb
|move|p1a: Nidoking|Ice Beam|p2a: Roserade
|-supereffective|p2a: Roserade
|-damage|p2a: Roserade|0 fnt
|faint|p2a: Roserade
|
|
|switch|p2a: Mienshao|Mienshao, M|271\/271
|-damage|p2a: Mienshao|238\/271|[from] Spikes
|turn|6
|
|move|p2a: Mienshao|U-turn|p1a: Nidoking
|-resisted|p1a: Nidoking
|-damage|p1a: Nidoking|0 fnt
|faint|p1a: Nidoking
|
|switch|p2a: Crobat|Crobat, M|271\/311
|
|
|switch|p1a: Alakazam|Alakazam, F|252\/252
|turn|7
|
|detailschange|p1a: Alakazam|Alakazam-Mega, F
|message|Alakazam has Mega Evolved into Mega Alakazam!
|-ability|p1a: Alakazam|Infiltrator|[from] ability: Trace|[of] p2a: Crobat
|move|p1a: Alakazam|Protect|p1a: Alakazam
|-singleturn|p1a: Alakazam|Protect
|move|p2a: Crobat|U-turn|p1a: Alakazam
|-activate|p1a: Alakazam|Protect
|
|turn|8
|
|switch|p2a: Starmie|Starmie|262\/262
|-damage|p2a: Starmie|230\/262|[from] Spikes
|move|p1a: Alakazam|Psychic|p2a: Starmie
|-resisted|p2a: Starmie
|-damage|p2a: Starmie|110\/262
|
|turn|9
|
|move|p1a: Alakazam|Shadow Ball|p2a: Starmie
|-supereffective|p2a: Starmie
|-damage|p2a: Starmie|0 fnt
|faint|p2a: Starmie
|
|
|switch|p2a: Mienshao|Mienshao, M|271\/271
|-damage|p2a: Mienshao|238\/271|[from] Spikes
|turn|10
|
|move|p1a: Alakazam|Protect|p1a: Alakazam
|-singleturn|p1a: Alakazam|Protect
|move|p2a: Mienshao|U-turn|p1a: Alakazam
|-activate|p1a: Alakazam|Protect
|
|turn|11
|
|move|p2a: Mienshao|U-turn|p1a: Alakazam
|-supereffective|p1a: Alakazam
|-damage|p1a: Alakazam|20\/252
|
|switch|p2a: Arcanine|Arcanine, F|272\/321
|-damage|p2a: Arcanine|232\/321|[from] Spikes
|-ability|p2a: Arcanine|Intimidate|[of] p1a: Alakazam
|-unboost|p1a: Alakazam|atk|1
|move|p1a: Alakazam|Dazzling Gleam|p2a: Arcanine
|-crit|p2a: Arcanine
|-resisted|p2a: Arcanine
|-damage|p2a: Arcanine|119\/321
|
|-heal|p2a: Arcanine|139\/321|[from] item: Leftovers
|turn|12
|
|switch|p1a: Lucario|Lucario, M|281\/281
|move|p2a: Arcanine|Extreme Speed|p1a: Lucario
|-resisted|p1a: Lucario
|-damage|p1a: Lucario|216\/281
|
|-heal|p2a: Arcanine|159\/321|[from] item: Leftovers
|turn|13
|
|move|p1a: Lucario|Close Combat|p2a: Arcanine
|-damage|p2a: Arcanine|0 fnt
|-unboost|p1a: Lucario|def|1
|-unboost|p1a: Lucario|spd|1
|-damage|p1a: Lucario|188\/281|[from] item: Life Orb
|faint|p2a: Arcanine
|
|
|switch|p2a: Mienshao|Mienshao, M|271\/271
|-damage|p2a: Mienshao|238\/271|[from] Spikes
|turn|14
|
|move|p1a: Lucario|Extreme Speed|p2a: Mienshao
|-damage|p2a: Mienshao|65\/271
|-damage|p1a: Lucario|160\/281|[from] item: Life Orb
|move|p2a: Mienshao|U-turn|p1a: Lucario
|-resisted|p1a: Lucario
|-damage|p1a: Lucario|117\/281
|
|switch|p2a: Crobat|Crobat, M|271\/311
|
|turn|15
|
|move|p1a: Lucario|Extreme Speed|p2a: Crobat
|-damage|p2a: Crobat|149\/311
|-damage|p1a: Lucario|89\/281|[from] item: Life Orb
|move|p2a: Crobat|Brave Bird|p1a: Lucario
|-damage|p1a: Lucario|0 fnt
|-damage|p2a: Crobat|120\/311|[from] recoil|[of] p1a: Lucario
|faint|p1a: Lucario
|
|
|switch|p1a: Jirachi|Jirachi|221\/341
|turn|16
|
|switch|p2a: Hydreigon|Hydreigon, M|325\/325
|move|p1a: Jirachi|Iron Head|p2a: Hydreigon
|-damage|p2a: Hydreigon|184\/325
|
|turn|17
|
|move|p1a: Jirachi|Iron Head|p2a: Hydreigon
|-damage|p2a: Hydreigon|61\/325
|move|p2a: Hydreigon|Dark Pulse|p1a: Jirachi
|-supereffective|p1a: Jirachi
|-damage|p1a: Jirachi|0 fnt
|-damage|p2a: Hydreigon|29\/325|[from] item: Life Orb
|faint|p1a: Jirachi
|
|c|★pipasonze|wow my jirachi is weak
|
|switch|p1a: Infernape|Infernape, M|293\/293
|turn|18
|c|★Hax Gods Hate Me|Did you think it would take that? O_O
|
|move|p1a: Infernape|U-turn|p2a: Hydreigon
|-supereffective|p2a: Hydreigon
|-damage|p2a: Hydreigon|0 fnt
|faint|p2a: Hydreigon
|c|★pipasonze|what i mean is i thought it could 2hko hydra
|
|switch|p1a: Froslass|Froslass, F|288\/344
|
|c|★Hax Gods Hate Me|Ah
|
|switch|p2a: Crobat|Crobat, M|120\/311
|turn|19
|
|move|p2a: Crobat|Brave Bird|p1a: Froslass
|-damage|p1a: Froslass|0 fnt
|-damage|p2a: Crobat|25\/311|[from] recoil|[of] p1a: Froslass
|faint|p1a: Froslass
|
|
|switch|p1a: Infernape|Infernape, M|293\/293
|turn|20
|
|move|p1a: Infernape|Mach Punch|p2a: Crobat
|-resisted|p2a: Crobat
|-damage|p2a: Crobat|0 fnt
|faint|p2a: Crobat
|
|
|switch|p2a: Mienshao|Mienshao, M|155\/271
|-damage|p2a: Mienshao|122\/271|[from] Spikes
|turn|21
|c|★pipasonze|band bat, right?
|c|★Hax Gods Hate Me|Yep
|
|move|p1a: Infernape|Mach Punch|p2a: Mienshao
|-damage|p2a: Mienshao|0 fnt
|faint|p2a: Mienshao
|
|win|pipasonze
|raw|Ladder updating...
|raw|pipasonze's rating: 1499 &rarr; <strong>1511<\/strong><br \/>(+12 for winning)
|raw|Hax Gods Hate Me's rating: 1355 &rarr; <strong>1343<\/strong><br \/>(-12 for losing)
|c|★Hax Gods Hate Me|gg
|c|★pipasonze|gg