|join|xander6
|join|ThisFireBurns
|player|p1|xander6|1
|player|p2|ThisFireBurns|169
|gametype|singles
|gen|6
|tier|OU
|rated
|clearpoke
|poke|p1|Excadrill, M
|poke|p1|Tyranitar, F
|poke|p1|Terrakion
|poke|p1|Keldeo
|poke|p1|Zapdos
|poke|p1|Talonflame, M
|poke|p2|Garchomp, M
|poke|p2|Greninja, M
|poke|p2|Scizor, F
|poke|p2|Bisharp, M
|poke|p2|Latios, M
|poke|p2|Landorus-Therian, M
|rule|Swagger Clause: Swagger is banned
|rule|Baton Pass Clause: Limit one Pokémon knowing Baton Pass
|rule|Sleep Clause Mod: Limit one foe put to sleep
|rule|Species Clause: Limit one of each Pokémon
|rule|OHKO Clause: OHKO moves are banned
|rule|Moody Clause: Moody is banned
|rule|Evasion Moves Clause: Evasion moves are banned
|rule|Endless Battle Clause: Forcing endless battles is banned
|rule|HP Percentage Mod: HP is shown in percentages
|teampreview
|
|start
|switch|p1a: Terrakion|Terrakion|323\/323
|switch|p2a: Landorus-Therian|Landorus-Therian, M|334\/334
|-ability|p2a: Landorus-Therian|Intimidate|[of] p1a: Terrakion
|-unboost|p1a: Terrakion|atk|1
|turn|1
|
|move|p2a: Landorus-Therian|Earthquake|p1a: Terrakion
|-supereffective|p1a: Terrakion
|-enditem|p1a: Terrakion|Focus Sash
|-damage|p1a: Terrakion|1\/323
|move|p1a: Terrakion|Stealth Rock|p2a: Landorus-Therian
|-sidestart|p2: ThisFireBurns|move: Stealth Rock
|
|turn|2
|
|switch|p2a: Garchomp|Garchomp, M|357\/357
|-damage|p2a: Garchomp|335\/357|[from] Stealth Rock
|switch|p1a: Talonflame|Talonflame, M|359\/359
|
|turn|3
|
|move|p2a: Garchomp|Stealth Rock|p1a: Talonflame
|-sidestart|p1: xander6|move: Stealth Rock
|move|p1a: Talonflame|Will-O-Wisp|p2a: Garchomp
|-status|p2a: Garchomp|brn
|
|-damage|p2a: Garchomp|291\/357 brn|[from] brn
|turn|4
|
|switch|p1a: Keldeo|Keldeo|323\/323
|-damage|p1a: Keldeo|303\/323|[from] Stealth Rock
|move|p2a: Garchomp|Outrage|p1a: Keldeo
|-damage|p1a: Keldeo|176\/323
|
|-damage|p2a: Garchomp|247\/357 brn|[from] brn
|turn|5
|
|move|p1a: Keldeo|Icy Wind|p2a: Garchomp
|-supereffective|p2a: Garchomp
|-damage|p2a: Garchomp|0 fnt
|faint|p2a: Garchomp
|
|
|switch|p2a: Greninja|Greninja, M|285\/285
|-damage|p2a: Greninja|250\/285|[from] Stealth Rock
|turn|6
|
|switch|p1a: Zapdos|Zapdos|384\/384
|-damage|p1a: Zapdos|288\/384|[from] Stealth Rock
|-ability|p1a: Zapdos|Pressure
|move|p2a: Greninja|Hydro Pump|p1a: Zapdos
|-start|p2a: Greninja|typechange|Water|[from] Protean
|-damage|p1a: Zapdos|62\/384
|-damage|p2a: Greninja|222\/285|[from] item: Life Orb
|
|-heal|p1a: Zapdos|86\/384|[from] item: Leftovers
|turn|7
|
|move|p2a: Greninja|Ice Beam|p1a: Zapdos
|-start|p2a: Greninja|typechange|Ice|[from] Protean
|-supereffective|p1a: Zapdos
|-damage|p1a: Zapdos|0 fnt
|-damage|p2a: Greninja|194\/285|[from] item: Life Orb
|faint|p1a: Zapdos
|
|
|switch|p1a: Tyranitar|Tyranitar, F|341\/341
|-damage|p1a: Tyranitar|299\/341|[from] Stealth Rock
|-weather|Sandstorm
|turn|8
|
|detailschange|p1a: Tyranitar|Tyranitar-Mega, F
|message|Tyranitar has Mega Evolved into Mega Tyranitar!
|move|p2a: Greninja|Hydro Pump|p1a: Tyranitar
|-start|p2a: Greninja|typechange|Water|[from] Protean
|-supereffective|p1a: Tyranitar
|-damage|p1a: Tyranitar|57\/341
|-damage|p2a: Greninja|166\/285|[from] item: Life Orb
|move|p1a: Tyranitar|Dragon Dance|p1a: Tyranitar
|-boost|p1a: Tyranitar|atk|1
|-boost|p1a: Tyranitar|spe|1
|
|-weather|Sandstorm|[upkeep]
|-damage|p2a: Greninja|149\/285|[from] sandstorm
|turn|9
|
|switch|p2a: Scizor|Scizor, F|344\/344
|-damage|p2a: Scizor|301\/344|[from] Stealth Rock
|move|p1a: Tyranitar|Earthquake|p2a: Scizor
|-damage|p2a: Scizor|143\/344
|
|-weather|Sandstorm|[upkeep]
|turn|10
|
|switch|p1a: Terrakion|Terrakion|1\/323
|-damage|p1a: Terrakion|0 fnt|[from] Stealth Rock
|faint|p1a: Terrakion
|detailschange|p2a: Scizor|Scizor-Mega, F
|message|Scizor has Mega Evolved into Mega Scizor!
|move|p2a: Scizor|Bullet Punch|p1: Terrakion|[notarget]
|-notarget
|
|-weather|Sandstorm|[upkeep]
|
|switch|p1a: Excadrill|Excadrill, M|362\/362
|-damage|p1a: Excadrill|351\/362|[from] Stealth Rock
|-item|p1a: Excadrill|Air Balloon
|turn|11
|
|move|p1a: Excadrill|Rapid Spin|p2a: Scizor
|-crit|p2a: Scizor
|-resisted|p2a: Scizor
|-damage|p2a: Scizor|130\/344
|-sideend|p1: xander6|Stealth Rock|[from] move: Rapid Spin|[of] p1a: Excadrill
|move|p2a: Scizor|Roost|p2a: Scizor
|-heal|p2a: Scizor|302\/344
|
|-weather|Sandstorm|[upkeep]
|turn|12
|
|switch|p1a: Talonflame|Talonflame, M|359\/359
|move|p2a: Scizor|Defog|p1a: Talonflame
|-unboost|p1a: Talonflame|evasion|1
|-sideend|p2: ThisFireBurns|Stealth Rock|[from] move: Defog|[of] p2a: Scizor
|
|-weather|none
|turn|13
|
|move|p1a: Talonflame|Will-O-Wisp|p2a: Scizor
|-status|p2a: Scizor|brn
|move|p2a: Scizor|U-turn|p1a: Talonflame
|-resisted|p1a: Talonflame
|-damage|p1a: Talonflame|341\/359
|
|switch|p2a: Latios|Latios, M|301\/301
|
|-heal|p1a: Talonflame|359\/359|[from] item: Leftovers
|turn|14
|
|move|p2a: Latios|Draco Meteor|p1a: Talonflame
|-damage|p1a: Talonflame|89\/359
|-unboost|p2a: Latios|spa|2
|-damage|p2a: Latios|271\/301|[from] item: Life Orb
|move|p1a: Talonflame|Bulk Up|p1a: Talonflame
|-boost|p1a: Talonflame|atk|1
|-boost|p1a: Talonflame|def|1
|
|-heal|p1a: Talonflame|111\/359|[from] item: Leftovers
|turn|15
|
|move|p1a: Talonflame|Roost|p1a: Talonflame
|-heal|p1a: Talonflame|291\/359
|move|p2a: Latios|Earthquake|p1a: Talonflame
|-supereffective|p1a: Talonflame
|-damage|p1a: Talonflame|117\/359
|-damage|p2a: Latios|241\/301|[from] item: Life Orb
|
|-heal|p1a: Talonflame|139\/359|[from] item: Leftovers
|turn|16
|
|switch|p2a: Landorus-Therian|Landorus-Therian, M|334\/334
|-ability|p2a: Landorus-Therian|Intimidate|[of] p1a: Talonflame
|-unboost|p1a: Talonflame|atk|1
|move|p1a: Talonflame|Will-O-Wisp|p2a: Landorus-Therian
|-status|p2a: Landorus-Therian|brn
|
|-heal|p1a: Talonflame|161\/359|[from] item: Leftovers
|-damage|p2a: Landorus-Therian|293\/334 brn|[from] brn
|turn|17
|
|move|p1a: Talonflame|Roost|p1a: Talonflame
|-heal|p1a: Talonflame|341\/359
|move|p2a: Landorus-Therian|Stone Edge|p1a: Talonflame
|-supereffective|p1a: Talonflame
|-damage|p1a: Talonflame|217\/359
|
|-heal|p1a: Talonflame|239\/359|[from] item: Leftovers
|-damage|p2a: Landorus-Therian|252\/334 brn|[from] brn
|turn|18
|
|switch|p1a: Keldeo|Keldeo|176\/323
|move|p2a: Landorus-Therian|Stone Edge|p1a: Keldeo
|-resisted|p1a: Keldeo
|-damage|p1a: Keldeo|135\/323
|
|-damage|p2a: Landorus-Therian|211\/334 brn|[from] brn
|turn|19
|
|switch|p2a: Scizor|Scizor-Mega, F|302\/344 brn
|move|p1a: Keldeo|Scald|p2a: Scizor
|-damage|p2a: Scizor|88\/344 brn
|
|-damage|p2a: Scizor|45\/344 brn|[from] brn
|turn|20
|
|switch|p1a: Talonflame|Talonflame, M|239\/359
|switch|p2a: Latios|Latios, M|241\/301
|
|-heal|p1a: Talonflame|261\/359|[from] item: Leftovers
|turn|21
|
|switch|p1a: Tyranitar|Tyranitar-Mega, F|57\/341
|-weather|Sandstorm
|move|p2a: Latios|Psyshock|p1a: Tyranitar
|-immune|p1a: Tyranitar|[msg]
|
|-weather|Sandstorm|[upkeep]
|-damage|p2a: Latios|223\/301|[from] sandstorm
|turn|22
|
|move|p2a: Latios|Earthquake|p1a: Tyranitar
|-supereffective|p1a: Tyranitar
|-damage|p1a: Tyranitar|0 fnt
|-damage|p2a: Latios|193\/301|[from] item: Life Orb
|faint|p1a: Tyranitar
|
|-weather|Sandstorm|[upkeep]
|-damage|p2a: Latios|175\/301|[from] sandstorm
|
|switch|p1a: Excadrill|Excadrill, M|351\/362
|-item|p1a: Excadrill|Air Balloon
|turn|23
|
|switch|p2a: Scizor|Scizor-Mega, F|45\/344 brn
|move|p1a: Excadrill|Iron Head|p2a: Scizor
|-resisted|p2a: Scizor
|-damage|p2a: Scizor|2\/344 brn
|
|-weather|Sandstorm|[upkeep]
|-damage|p2a: Scizor|0 fnt|[from] brn
|faint|p2a: Scizor
|
|switch|p2a: Landorus-Therian|Landorus-Therian, M|211\/334 brn
|-ability|p2a: Landorus-Therian|Intimidate|[of] p1a: Excadrill
|-unboost|p1a: Excadrill|atk|1
|turn|24
|
|switch|p1a: Talonflame|Talonflame, M|261\/359
|move|p2a: Landorus-Therian|U-turn|p1a: Talonflame
|-resisted|p1a: Talonflame
|-damage|p1a: Talonflame|244\/359
|
|switch|p2a: Latios|Latios, M|175\/301
|
|-weather|Sandstorm|[upkeep]
|-damage|p2a: Latios|157\/301|[from] sandstorm
|-damage|p1a: Talonflame|222\/359|[from] sandstorm
|-heal|p1a: Talonflame|244\/359|[from] item: Leftovers
|turn|25
|
|switch|p1a: Excadrill|Excadrill, M|351\/362
|-item|p1a: Excadrill|Air Balloon
|move|p2a: Latios|Recover|p2a: Latios
|-heal|p2a: Latios|301\/301
|
|-weather|none
|turn|26
|
|switch|p2a: Landorus-Therian|Landorus-Therian, M|211\/334 brn
|-ability|p2a: Landorus-Therian|Intimidate|[of] p1a: Excadrill
|-unboost|p1a: Excadrill|atk|1
|move|p1a: Excadrill|Iron Head|p2a: Landorus-Therian
|-damage|p2a: Landorus-Therian|97\/334 brn
|
|-damage|p2a: Landorus-Therian|56\/334 brn|[from] brn
|turn|27
|
|move|p2a: Landorus-Therian|U-turn|p1a: Excadrill
|-resisted|p1a: Excadrill
|-damage|p1a: Excadrill|313\/362
|-enditem|p1a: Excadrill|Air Balloon
|
|switch|p2a: Latios|Latios, M|301\/301
|move|p1a: Excadrill|Earthquake|p2a: Latios
|-immune|p2a: Latios|[msg]
|
|turn|28
|
|move|p2a: Latios|Earthquake|p1a: Excadrill
|-supereffective|p1a: Excadrill
|-damage|p1a: Excadrill|11\/362
|-damage|p2a: Latios|271\/301|[from] item: Life Orb
|move|p1a: Excadrill|Iron Head|p2a: Latios
|-damage|p2a: Latios|141\/301
|
|turn|29
|
|move|p2a: Latios|Recover|p2a: Latios
|-heal|p2a: Latios|292\/301
|move|p1a: Excadrill|Iron Head|p2a: Latios
|-damage|p2a: Latios|169\/301
|
|turn|30
|
|move|p2a: Latios|Recover|p2a: Latios
|-heal|p2a: Latios|301\/301
|move|p1a: Excadrill|Iron Head|p2a: Latios
|-damage|p2a: Latios|174\/301
|
|turn|31
|
|switch|p2a: Landorus-Therian|Landorus-Therian, M|56\/334 brn
|-ability|p2a: Landorus-Therian|Intimidate|[of] p1a: Excadrill
|-unboost|p1a: Excadrill|atk|1
|move|p1a: Excadrill|Iron Head|p2a: Landorus-Therian
|-damage|p2a: Landorus-Therian|0 fnt
|faint|p2a: Landorus-Therian
|
|
|switch|p2a: Latios|Latios, M|174\/301
|turn|32
|
|switch|p1a: Talonflame|Talonflame, M|244\/359
|move|p2a: Latios|Recover|p2a: Latios
|-heal|p2a: Latios|301\/301
|
|-heal|p1a: Talonflame|266\/359|[from] item: Leftovers
|turn|33
|
|move|p2a: Latios|Psyshock|p1a: Talonflame
|-damage|p1a: Talonflame|11\/359
|-damage|p2a: Latios|271\/301|[from] item: Life Orb
|move|p1a: Talonflame|Bulk Up|p1a: Talonflame
|-boost|p1a: Talonflame|atk|1
|-boost|p1a: Talonflame|def|1
|
|-heal|p1a: Talonflame|33\/359|[from] item: Leftovers
|turn|34
|
|move|p1a: Talonflame|Roost|p1a: Talonflame
|-heal|p1a: Talonflame|213\/359
|move|p2a: Latios|Draco Meteor|p1a: Talonflame|[miss]
|-miss|p2a: Latios|p1a: Talonflame
|
|-heal|p1a: Talonflame|235\/359|[from] item: Leftovers
|turn|35
|c|★ThisFireBurns|OH MY GOD
|
|move|p1a: Talonflame|Roost|p1a: Talonflame
|-heal|p1a: Talonflame|359\/359
|move|p2a: Latios|Psyshock|p1a: Talonflame
|-damage|p1a: Talonflame|184\/359
|-damage|p2a: Latios|241\/301|[from] item: Life Orb
|
|-heal|p1a: Talonflame|206\/359|[from] item: Leftovers
|turn|36
|
|move|p1a: Talonflame|Roost|p1a: Talonflame
|-heal|p1a: Talonflame|359\/359
|move|p2a: Latios|Psyshock|p1a: Talonflame
|-damage|p1a: Talonflame|195\/359
|-damage|p2a: Latios|211\/301|[from] item: Life Orb
|
|-heal|p1a: Talonflame|217\/359|[from] item: Leftovers
|turn|37
|
|switch|p2a: Bisharp|Bisharp, M|271\/271
|move|p1a: Talonflame|Roost|p1a: Talonflame
|-heal|p1a: Talonflame|359\/359
|
|turn|38
|
|move|p1a: Talonflame|Will-O-Wisp|p2a: Bisharp
|-status|p2a: Bisharp|brn
|move|p2a: Bisharp|Taunt|p1a: Talonflame
|-start|p1a: Talonflame|move: Taunt
|
|-damage|p2a: Bisharp|238\/271 brn|[from] brn
|turn|39
|
|move|p1a: Talonflame|Brave Bird|p2a: Bisharp
|-resisted|p2a: Bisharp
|-damage|p2a: Bisharp|151\/271 brn
|-damage|p1a: Talonflame|330\/359|[from] recoil|[of] p2a: Bisharp
|move|p2a: Bisharp|Knock Off|p1a: Talonflame
|-damage|p1a: Talonflame|212\/359
|-enditem|p1a: Talonflame|Leftovers|[from] move: Knock Off|[of] p2a: Bisharp
|-damage|p2a: Bisharp|124\/271 brn|[from] item: Life Orb
|
|-damage|p2a: Bisharp|91\/271 brn|[from] brn
|turn|40
|
|switch|p1a: Keldeo|Keldeo|135\/323
|move|p2a: Bisharp|Knock Off|p1a: Keldeo
|-crit|p1a: Keldeo
|-resisted|p1a: Keldeo
|-damage|p1a: Keldeo|43\/323
|-boost|p1a: Keldeo|atk|1|[from] ability: Justified
|-enditem|p1a: Keldeo|Choice Specs|[from] move: Knock Off|[of] p2a: Bisharp
|-damage|p2a: Bisharp|64\/271 brn|[from] item: Life Orb
|
|-damage|p2a: Bisharp|31\/271 brn|[from] brn
|turn|41
|
|move|p1a: Keldeo|Scald|p2a: Bisharp
|-damage|p2a: Bisharp|0 fnt
|faint|p2a: Bisharp
|
|
|switch|p2a: Latios|Latios, M|211\/301
|turn|42
|
|move|p2a: Latios|Psyshock|p1a: Keldeo
|-supereffective|p1a: Keldeo
|-damage|p1a: Keldeo|0 fnt
|-damage|p2a: Latios|181\/301|[from] item: Life Orb
|faint|p1a: Keldeo
|
|
|switch|p1a: Excadrill|Excadrill, M|11\/362
|turn|43
|
|switch|p2a: Greninja|Greninja, M|149\/285
|move|p1a: Excadrill|Iron Head|p2a: Greninja
|-resisted|p2a: Greninja
|-damage|p2a: Greninja|45\/285
|
|turn|44
|
|move|p2a: Greninja|Extrasensory|p1a: Excadrill
|-start|p2a: Greninja|typechange|Psychic|[from] Protean
|-crit|p1a: Excadrill
|-resisted|p1a: Excadrill
|-damage|p1a: Excadrill|0 fnt
|-damage|p2a: Greninja|17\/285|[from] item: Life Orb
|faint|p1a: Excadrill
|
|
|switch|p1a: Talonflame|Talonflame, M|212\/359
|turn|45
|
|move|p1a: Talonflame|Brave Bird|p2a: Greninja
|-damage|p2a: Greninja|0 fnt
|-damage|p1a: Talonflame|206\/359|[from] recoil|[of] p2a: Greninja
|faint|p2a: Greninja
|
|
|switch|p2a: Latios|Latios, M|181\/301
|turn|46
|
|move|p1a: Talonflame|Roost|p1a: Talonflame
|-heal|p1a: Talonflame|359\/359
|move|p2a: Latios|Psyshock|p1a: Talonflame
|-damage|p1a: Talonflame|132\/359
|-damage|p2a: Latios|151\/301|[from] item: Life Orb
|
|turn|47
|
|move|p1a: Talonflame|Roost|p1a: Talonflame
|-heal|p1a: Talonflame|312\/359
|move|p2a: Latios|Psyshock|p1a: Talonflame
|-damage|p1a: Talonflame|70\/359
|-damage|p2a: Latios|121\/301|[from] item: Life Orb
|
|turn|48
|
|move|p1a: Talonflame|Brave Bird|p2a: Latios
|-damage|p2a: Latios|0 fnt
|-damage|p1a: Talonflame|30\/359|[from] recoil|[of] p2a: Latios
|faint|p2a: Latios
|
|win|xander6
|raw|Ladder updating...
|raw|xander6's rating: 1693 &rarr; <strong>1715<\/strong><br \/>(+22 for winning)
|raw|ThisFireBurns's rating: 1722 &rarr; <strong>1700<\/strong><br \/>(-22 for losing)