|join|lt77 thehitman
|join|ThisFireBurns
|player|p1|lt77 thehitman|101
|player|p2|ThisFireBurns|101
|gametype|singles
|gen|6
|tier|OU
|rated
|clearpoke
|poke|p1|Tyranitar, F
|poke|p1|Garchomp, F
|poke|p1|Bisharp, F
|poke|p1|Landorus, M
|poke|p1|Azumarill, F
|poke|p1|Thundurus, M
|poke|p2|Garchomp, F
|poke|p2|Greninja, F
|poke|p2|Scizor, M
|poke|p2|Bisharp, M
|poke|p2|Latios, M
|poke|p2|Landorus-Therian, M
|rule|Swagger Clause: Swagger is banned
|rule|Baton Pass Clause: Limit one Pokémon knowing Baton Pass
|rule|Sleep Clause Mod: Limit one foe put to sleep
|rule|Species Clause: Limit one of each Pokémon
|rule|OHKO Clause: OHKO moves are banned
|rule|Moody Clause: Moody is banned
|rule|Evasion Moves Clause: Evasion moves are banned
|rule|Endless Battle Clause: Forcing endless battles is banned
|rule|HP Percentage Mod: HP is shown in percentages
|teampreview
|
|start
|switch|p1a: The Motion|Thundurus, M|298\/298
|switch|p2a: Garchomp|Garchomp, F|357\/357
|turn|1
|
|move|p1a: The Motion|Hidden Power|p2a: Garchomp
|-damage|p2a: Garchomp|211\/357
|-damage|p1a: The Motion|269\/298|[from] item: Life Orb
|move|p2a: Garchomp|Outrage|p1a: The Motion
|-damage|p1a: The Motion|0 fnt
|faint|p1a: The Motion
|
|
|switch|p1a: Marvin's Room|Bisharp, F|272\/272
|turn|2
|
|move|p2a: Garchomp|Outrage|p1a: Marvin's Room
|-resisted|p1a: Marvin's Room
|-damage|p1a: Marvin's Room|167\/272
|move|p1a: Marvin's Room|Stealth Rock|p2a: Garchomp
|-sidestart|p2: ThisFireBurns|move: Stealth Rock
|
|turn|3
|
|move|p2a: Garchomp|Outrage|p1a: Marvin's Room
|-resisted|p1a: Marvin's Room
|-damage|p1a: Marvin's Room|61\/272
|move|p1a: Marvin's Room|Knock Off|p2a: Garchomp
|-damage|p2a: Garchomp|0 fnt
|-damage|p1a: Marvin's Room|27\/272|[from] ability: Rough Skin|[of] p2a: Garchomp
|-enditem|p2a: Garchomp|Focus Sash|[from] move: Knock Off|[of] p1a: Marvin's Room
|-damage|p1a: Marvin's Room|0 fnt|[from] item: Life Orb
|faint|p2a: Garchomp
|faint|p1a: Marvin's Room
|
|
|switch|p2a: Landorus-Therian|Landorus-Therian, M|334\/334
|-damage|p2a: Landorus-Therian|293\/334|[from] Stealth Rock
|switch|p1a: Over My Dead Body|Azumarill, F|379\/379
|-ability|p2a: Landorus-Therian|Intimidate|[of] p1a: Over My Dead Body
|-unboost|p1a: Over My Dead Body|atk|1
|turn|4
|
|switch|p2a: Scizor|Scizor, M|344\/344
|-damage|p2a: Scizor|301\/344|[from] Stealth Rock
|move|p1a: Over My Dead Body|Waterfall|p2a: Scizor
|-damage|p2a: Scizor|210\/344
|
|turn|5
|
|switch|p1a: Worst Behavior|Garchomp, F|357\/357
|detailschange|p2a: Scizor|Scizor-Mega, M
|message|Scizor has Mega Evolved into Mega Scizor!
|move|p2a: Scizor|Defog|p1a: Worst Behavior
|-unboost|p1a: Worst Behavior|evasion|1
|-sideend|p2: ThisFireBurns|Stealth Rock|[from] move: Defog|[of] p2a: Scizor
|
|turn|6
|
|move|p1a: Worst Behavior|Fire Blast|p2a: Scizor
|-supereffective|p2a: Scizor
|-damage|p2a: Scizor|0 fnt
|faint|p2a: Scizor
|
|
|switch|p2a: Greninja|Greninja, F|285\/285
|turn|7
|
|switch|p1a: Over My Dead Body|Azumarill, F|379\/379
|move|p2a: Greninja|Ice Beam|p1a: Over My Dead Body
|-start|p2a: Greninja|typechange|Ice|[from] Protean
|-resisted|p1a: Over My Dead Body
|-damage|p1a: Over My Dead Body|321\/379
|-status|p1a: Over My Dead Body|frz
|-damage|p2a: Greninja|257\/285|[from] item: Life Orb
|
|turn|8
|
|move|p2a: Greninja|Extrasensory|p1a: Over My Dead Body
|-start|p2a: Greninja|typechange|Psychic|[from] Protean
|-crit|p1a: Over My Dead Body
|-damage|p1a: Over My Dead Body|140\/379 frz
|-damage|p2a: Greninja|229\/285|[from] item: Life Orb
|cant|p1a: Over My Dead Body|frz
|
|turn|9
|c|★lt77 thehitman|hahahahahaha
|c|★ThisFireBurns|sorry
|
|switch|p2a: Bisharp|Bisharp, M|286\/286
|cant|p1a: Over My Dead Body|frz
|
|turn|10
|
|switch|p1a: Worst Behavior|Garchomp, F|357\/357
|move|p2a: Bisharp|Iron Head|p1a: Worst Behavior
|-damage|p1a: Worst Behavior|161\/357
|-damage|p2a: Bisharp|251\/286|[from] ability: Rough Skin|[of] p1a: Worst Behavior
|-damage|p2a: Bisharp|223\/286|[from] item: Life Orb
|
|turn|11
|
|move|p2a: Bisharp|Sucker Punch|p1a: Worst Behavior
|-damage|p1a: Worst Behavior|0 fnt
|-damage|p2a: Bisharp|188\/286|[from] ability: Rough Skin|[of] p1a: Worst Behavior
|-damage|p2a: Bisharp|160\/286|[from] item: Life Orb
|faint|p1a: Worst Behavior
|
|
|switch|p1a: The Language|Landorus, M|320\/320
|turn|12
|
|switch|p2a: Landorus-Therian|Landorus-Therian, M|293\/334
|-ability|p2a: Landorus-Therian|Intimidate|[of] p1a: The Language
|-unboost|p1a: The Language|atk|1
|move|p1a: The Language|Hidden Power|p2a: Landorus-Therian
|-crit|p2a: Landorus-Therian
|-supereffective|p2a: Landorus-Therian
|-damage|p2a: Landorus-Therian|0 fnt
|-damage|p1a: The Language|288\/320|[from] item: Life Orb
|faint|p2a: Landorus-Therian
|
|
|switch|p2a: Bisharp|Bisharp, M|160\/286
|turn|13
|
|move|p2a: Bisharp|Sucker Punch|p1a: The Language
|-crit|p1a: The Language
|-damage|p1a: The Language|0 fnt
|-damage|p2a: Bisharp|132\/286|[from] item: Life Orb
|faint|p1a: The Language
|
|c|★lt77 thehitman|OH MY FUCKING GOF
|c|★ThisFireBurns|sorry bro
|c|★lt77 thehitman|fuck this game
|
|switch|p1a: 0 to 100|Tyranitar, F|342\/342
|-weather|Sandstorm
|turn|14
|
|detailschange|p1a: 0 to 100|Tyranitar-Mega, F
|message|Tyranitar has Mega Evolved into Mega Tyranitar!
|move|p1a: 0 to 100|Earthquake|p2a: Bisharp
|-supereffective|p2a: Bisharp
|-damage|p2a: Bisharp|0 fnt
|faint|p2a: Bisharp
|
|-weather|Sandstorm|[upkeep]
|
|switch|p2a: Greninja|Greninja, F|229\/285
|turn|15
|
|move|p2a: Greninja|Hydro Pump|p1a: 0 to 100
|-start|p2a: Greninja|typechange|Water|[from] Protean
|-supereffective|p1a: 0 to 100
|-damage|p1a: 0 to 100|100\/342
|-damage|p2a: Greninja|201\/285|[from] item: Life Orb
|move|p1a: 0 to 100|Dragon Dance|p1a: 0 to 100
|-boost|p1a: 0 to 100|atk|1
|-boost|p1a: 0 to 100|spe|1
|
|-weather|Sandstorm|[upkeep]
|-damage|p2a: Greninja|184\/285|[from] sandstorm
|turn|16
|
|move|p1a: 0 to 100|Crunch|p2a: Greninja
|-damage|p2a: Greninja|0 fnt
|faint|p2a: Greninja
|
|-weather|Sandstorm|[upkeep]
|
|switch|p2a: Latios|Latios, M|301\/301
|turn|17
|c|★lt77 thehitman|gg
|
|move|p1a: 0 to 100|Crunch|p2a: Latios
|-supereffective|p2a: Latios
|-damage|p2a: Latios|0 fnt
|faint|p2a: Latios
|
|win|lt77 thehitman
|raw|Ladder updating...
|raw|lt77 thehitman's rating: 1633 &rarr; <strong>1653<\/strong><br \/>(+20 for winning)
|raw|ThisFireBurns's rating: 1631 &rarr; <strong>1611<\/strong><br \/>(-20 for losing)
|c|★ThisFireBurns|gg
|leave|ThisFireBurns
|player|p2