|join|spuds4ever
|join|Tyler.92
|player|p1|spuds4ever|169
|player|p2|Tyler.92|169
|gametype|singles
|gen|6
|tier|UU
|rated
|rule|Sleep Clause Mod: Limit one foe put to sleep
|rule|Species Clause: Limit one of each Pokémon
|rule|OHKO Clause: OHKO moves are banned
|rule|Moody Clause: Moody is banned
|rule|Evasion Moves Clause: Evasion moves are banned
|rule|Endless Battle Clause: Forcing endless battles is banned
|rule|HP Percentage Mod: HP is shown in percentages
|clearpoke
|poke|p1|Crobat, F
|poke|p1|Swampert, M
|poke|p1|Whimsicott, F
|poke|p1|Lucario, M
|poke|p1|Jirachi
|poke|p1|Hydreigon, F
|poke|p2|Rotom-Heat
|poke|p2|Sharpedo, M
|poke|p2|Swampert, F
|poke|p2|Absol, F
|poke|p2|Florges, F
|poke|p2|Crobat, F
|rule|Swagger Clause: Swagger is banned
|rule|Baton Pass Clause: Limit one Pokémon knowing Baton Pass
|teampreview
|c|★spuds4ever|gl hf
|
|start
|switch|p1a: Hydreigon|Hydreigon, F|325\/325
|switch|p2a: Rotom-Heat|Rotom-Heat|241\/241
|turn|1
|
|switch|p2a: Florges|Florges, F|360\/360
|switch|p1a: Swampert|Swampert, M|401\/401
|
|turn|2
|
|switch|p2a: Crobat|Crobat, F|347\/347
|move|p1a: Swampert|Earthquake|p2a: Crobat
|-immune|p2a: Crobat|[msg]
|
|turn|3
|
|switch|p1a: Jirachi|Jirachi|404\/404
|move|p2a: Crobat|U-turn|p1a: Jirachi
|-damage|p1a: Jirachi|354\/404
|
|switch|p2a: Swampert|Swampert, F|404\/404
|
|-heal|p1a: Jirachi|379\/404|[from] item: Leftovers
|turn|4
|
|move|p1a: Jirachi|Stealth Rock|p2a: Swampert
|-sidestart|p2: Tyler.92|move: Stealth Rock
|move|p2a: Swampert|Stealth Rock|p1a: Jirachi
|-sidestart|p1: spuds4ever|move: Stealth Rock
|
|-heal|p1a: Jirachi|404\/404|[from] item: Leftovers
|turn|5
|
|switch|p1a: Hydreigon|Hydreigon, F|325\/325
|-damage|p1a: Hydreigon|285\/325|[from] Stealth Rock
|move|p2a: Swampert|Scald|p1a: Hydreigon
|-resisted|p1a: Hydreigon
|-damage|p1a: Hydreigon|241\/325
|
|turn|6
|
|switch|p1a: Swampert|Swampert, M|401\/401
|-damage|p1a: Swampert|376\/401|[from] Stealth Rock
|switch|p2a: Florges|Florges, F|360\/360
|-damage|p2a: Florges|315\/360|[from] Stealth Rock
|
|-heal|p2a: Florges|337\/360|[from] item: Leftovers
|turn|7
|
|move|p2a: Florges|Wish|p2a: Florges
|move|p1a: Swampert|Waterfall|p2a: Florges
|-damage|p2a: Florges|52\/360
|
|-heal|p2a: Florges|74\/360|[from] item: Leftovers
|turn|8
|
|move|p2a: Florges|Protect|p2a: Florges
|-singleturn|p2a: Florges|Protect
|move|p1a: Swampert|Waterfall|p2a: Florges
|-activate|p2a: Florges|Protect
|
|-heal|p2a: Florges|254\/360|[from] move: Wish|[wisher] Florges
|-heal|p2a: Florges|276\/360|[from] item: Leftovers
|turn|9
|
|switch|p2a: Swampert|Swampert, F|404\/404
|-damage|p2a: Swampert|379\/404|[from] Stealth Rock
|move|p1a: Swampert|Waterfall|p2a: Swampert
|-damage|p2a: Swampert|216\/404
|
|-heal|p2a: Swampert|241\/404|[from] item: Leftovers
|turn|10
|
|move|p1a: Swampert|Waterfall|p2a: Swampert
|-damage|p2a: Swampert|82\/404
|move|p2a: Swampert|Scald|p1a: Swampert
|-crit|p1a: Swampert
|-damage|p1a: Swampert|162\/401
|
|-heal|p2a: Swampert|107\/404|[from] item: Leftovers
|turn|11
|
|move|p1a: Swampert|Waterfall|p2a: Swampert
|-damage|p2a: Swampert|0 fnt
|faint|p2a: Swampert
|
|
|switch|p2a: Absol|Absol, F|271\/271
|-damage|p2a: Absol|238\/271|[from] Stealth Rock
|turn|12
|
|switch|p1a: Lucario|Lucario, M|281\/281
|-damage|p1a: Lucario|273\/281|[from] Stealth Rock
|detailschange|p2a: Absol|Absol-Mega, F
|message|Absol has Mega Evolved into Mega Absol!
|move|p2a: Absol|Knock Off|p1a: Lucario
|-resisted|p1a: Lucario
|-damage|p1a: Lucario|141\/281
|-boost|p1a: Lucario|atk|1|[from] ability: Justified
|-enditem|p1a: Lucario|Life Orb|[from] move: Knock Off|[of] p2a: Absol
|
|turn|13
|
|move|p1a: Lucario|Extreme Speed|p2a: Absol
|-damage|p2a: Absol|17\/271
|move|p2a: Absol|Double-Edge|p1a: Lucario
|-resisted|p1a: Lucario
|-damage|p1a: Lucario|32\/281
|-damage|p2a: Absol|0 fnt|[from] recoil|[of] p1a: Lucario
|faint|p2a: Absol
|
|
|switch|p2a: Crobat|Crobat, F|347\/347
|-damage|p2a: Crobat|261\/347|[from] Stealth Rock
|turn|14
|
|move|p1a: Lucario|Extreme Speed|p2a: Crobat
|-damage|p2a: Crobat|113\/347
|move|p2a: Crobat|Roost|p2a: Crobat
|-heal|p2a: Crobat|287\/347
|
|-heal|p2a: Crobat|308\/347|[from] item: Black Sludge
|turn|15
|
|switch|p1a: Jirachi|Jirachi|404\/404
|-damage|p1a: Jirachi|379\/404|[from] Stealth Rock
|move|p2a: Crobat|Brave Bird|p1a: Jirachi
|-crit|p1a: Jirachi
|-resisted|p1a: Jirachi
|-damage|p1a: Jirachi|282\/404
|-damage|p2a: Crobat|276\/347|[from] recoil|[of] p1a: Jirachi
|
|-heal|p2a: Crobat|297\/347|[from] item: Black Sludge
|-heal|p1a: Jirachi|307\/404|[from] item: Leftovers
|turn|16
|
|move|p2a: Crobat|U-turn|p1a: Jirachi
|-damage|p1a: Jirachi|249\/404
|
|switch|p2a: Rotom-Heat|Rotom-Heat|241\/241
|-damage|p2a: Rotom-Heat|181\/241|[from] Stealth Rock
|move|p1a: Jirachi|Healing Wish|p1a: Jirachi
|faint|p1a: Jirachi
|
|
|switch|p1a: Swampert|Swampert, M|162\/401
|-heal|p1a: Swampert|401\/401|[from] move: Healing Wish
|-damage|p1a: Swampert|376\/401|[from] Stealth Rock
|turn|17
|
|switch|p1a: Whimsicott|Whimsicott, F|323\/323
|-damage|p1a: Whimsicott|283\/323|[from] Stealth Rock
|move|p2a: Rotom-Heat|Hidden Power|p1a: Whimsicott
|-resisted|p1a: Whimsicott
|-damage|p1a: Whimsicott|249\/323
|
|-heal|p1a: Whimsicott|269\/323|[from] item: Leftovers
|turn|18
|
|switch|p2a: Crobat|Crobat, F|297\/347
|-damage|p2a: Crobat|211\/347|[from] Stealth Rock
|move|p1a: Whimsicott|Stun Spore|p2a: Crobat|[miss]
|-miss|p1a: Whimsicott|p2a: Crobat
|
|-heal|p2a: Crobat|232\/347|[from] item: Black Sludge
|-heal|p1a: Whimsicott|289\/323|[from] item: Leftovers
|turn|19
|
|move|p1a: Whimsicott|Stun Spore|p2a: Crobat
|-status|p2a: Crobat|par
|move|p2a: Crobat|Brave Bird|p1a: Whimsicott
|-supereffective|p1a: Whimsicott
|-damage|p1a: Whimsicott|25\/323
|-damage|p2a: Crobat|145\/347 par|[from] recoil|[of] p1a: Whimsicott
|
|-heal|p1a: Whimsicott|45\/323|[from] item: Leftovers
|-heal|p2a: Crobat|166\/347 par|[from] item: Black Sludge
|turn|20
|
|switch|p1a: Hydreigon|Hydreigon, F|241\/325
|-damage|p1a: Hydreigon|201\/325|[from] Stealth Rock
|move|p2a: Crobat|Brave Bird|p1a: Hydreigon
|-crit|p1a: Hydreigon
|-damage|p1a: Hydreigon|0 fnt
|-damage|p2a: Crobat|100\/347 par|[from] recoil|[of] p1a: Hydreigon
|faint|p1a: Hydreigon
|
|-heal|p2a: Crobat|121\/347 par|[from] item: Black Sludge
|
|switch|p1a: Swampert|Swampert, M|376\/401
|-damage|p1a: Swampert|351\/401|[from] Stealth Rock
|turn|21
|
|move|p1a: Swampert|Waterfall|p2a: Crobat
|-damage|p2a: Crobat|0 fnt
|faint|p2a: Crobat
|
|
|switch|p2a: Rotom-Heat|Rotom-Heat|181\/241
|-damage|p2a: Rotom-Heat|121\/241|[from] Stealth Rock
|turn|22
|
|switch|p1a: Lucario|Lucario, M|32\/281
|-damage|p1a: Lucario|24\/281|[from] Stealth Rock
|move|p2a: Rotom-Heat|Hidden Power|p1a: Lucario
|-resisted|p1a: Lucario
|-damage|p1a: Lucario|0 fnt
|faint|p1a: Lucario
|
|
|switch|p1a: Crobat|Crobat, F|324\/324
|-damage|p1a: Crobat|243\/324|[from] Stealth Rock
|turn|23
|
|switch|p2a: Florges|Florges, F|276\/360
|-damage|p2a: Florges|231\/360|[from] Stealth Rock
|move|p1a: Crobat|Cross Poison|p2a: Florges
|-crit|p2a: Florges
|-supereffective|p2a: Florges
|-damage|p2a: Florges|0 fnt
|faint|p2a: Florges
|
|
|switch|p2a: Sharpedo|Sharpedo, M|281\/281
|-damage|p2a: Sharpedo|246\/281|[from] Stealth Rock
|turn|24
|
|switch|p1a: Whimsicott|Whimsicott, F|45\/323
|-damage|p1a: Whimsicott|5\/323|[from] Stealth Rock
|move|p2a: Sharpedo|Crunch|p1a: Whimsicott
|-resisted|p1a: Whimsicott
|-damage|p1a: Whimsicott|0 fnt
|-damage|p2a: Sharpedo|218\/281|[from] item: Life Orb
|faint|p1a: Whimsicott
|
|-boost|p2a: Sharpedo|spe|1|[from] ability: Speed Boost
|
|switch|p1a: Swampert|Swampert, M|351\/401
|-damage|p1a: Swampert|326\/401|[from] Stealth Rock
|turn|25
|
|move|p2a: Sharpedo|Protect|p2a: Sharpedo
|-singleturn|p2a: Sharpedo|Protect
|move|p1a: Swampert|Waterfall|p2a: Sharpedo
|-activate|p2a: Sharpedo|Protect
|
|-boost|p2a: Sharpedo|spe|1|[from] ability: Speed Boost
|turn|26
|
|move|p2a: Sharpedo|Waterfall|p1a: Swampert
|-damage|p1a: Swampert|99\/401
|-damage|p2a: Sharpedo|190\/281|[from] item: Life Orb
|move|p1a: Swampert|Waterfall|p2a: Sharpedo
|-resisted|p2a: Sharpedo
|-damage|p2a: Sharpedo|0 fnt
|faint|p2a: Sharpedo
|
|
|switch|p2a: Rotom-Heat|Rotom-Heat|121\/241
|-damage|p2a: Rotom-Heat|61\/241|[from] Stealth Rock
|turn|27
|
|move|p2a: Rotom-Heat|Overheat|p1a: Swampert
|-resisted|p1a: Swampert
|-damage|p1a: Swampert|0 fnt
|-unboost|p2a: Rotom-Heat|spa|2
|faint|p1a: Swampert
|
|
|switch|p1a: Crobat|Crobat, F|243\/324
|-damage|p1a: Crobat|162\/324|[from] Stealth Rock
|turn|28
|
|move|p2a: Rotom-Heat|Overheat|p1a: Crobat
|-damage|p1a: Crobat|23\/324
|-unboost|p2a: Rotom-Heat|spa|2
|move|p1a: Crobat|Cross Poison|p2a: Rotom-Heat
|-damage|p2a: Rotom-Heat|0 fnt
|faint|p2a: Rotom-Heat
|
|win|spuds4ever
|raw|Ladder updating...
|raw|spuds4ever's rating: 1544 &rarr; <strong>1562<\/strong><br \/>(+18 for winning)
|raw|Tyler.92's rating: 1510 &rarr; <strong>1492<\/strong><br \/>(-18 for losing)
|c|★spuds4ever|gg
|c|★Tyler.92|gg
|c|★spuds4ever|really close
|leave|Tyler.92
|player|p2