|join|bibooo
|join|spuds4ever
|player|p1|bibooo|8
|player|p2|spuds4ever|170
|gametype|singles
|gen|6
|tier|UU
|rated
|rule|Sleep Clause Mod: Limit one foe put to sleep
|rule|Species Clause: Limit one of each Pokémon
|rule|OHKO Clause: OHKO moves are banned
|rule|Moody Clause: Moody is banned
|rule|Evasion Moves Clause: Evasion moves are banned
|rule|Endless Battle Clause: Forcing endless battles is banned
|rule|HP Percentage Mod: HP is shown in percentages
|clearpoke
|poke|p1|Shaymin
|poke|p1|Blissey, F
|poke|p1|Hippowdon, F
|poke|p1|Entei, shiny
|poke|p1|Mienshao, F
|poke|p1|Blastoise, F
|poke|p2|Crobat, M
|poke|p2|Swampert, M
|poke|p2|Infernape, M
|poke|p2|Aerodactyl, F
|poke|p2|Cobalion
|poke|p2|Celebi
|rule|Swagger Clause: Swagger is banned
|rule|Baton Pass Clause: Limit one Pokémon knowing Baton Pass
|teampreview
|c|★spuds4ever|gl hff
|c|★bibooo|u2
|
|start
|switch|p1a: mah girl|Blastoise, F|362\/362
|switch|p2a: Swampert|Swampert, M|392\/392
|turn|1
|
|switch|p2a: Celebi|Celebi|404\/404
|detailschange|p1a: mah girl|Blastoise-Mega, F
|message|Blastoise has Mega Evolved into Mega Blastoise!
|move|p1a: mah girl|Dark Pulse|p2a: Celebi
|-supereffective|p2a: Celebi
|-damage|p2a: Celebi|154\/404
|-enditem|p2a: Celebi|Weakness Policy
|-boost|p2a: Celebi|atk|2|[from] item: Weakness Policy
|-boost|p2a: Celebi|spa|2|[from] item: Weakness Policy
|
|turn|2
|
|switch|p1a: mah girl|Blissey, F|714\/714
|move|p2a: Celebi|Seed Bomb|p1a: mah girl
|-damage|p1a: mah girl|0 fnt
|faint|p1a: mah girl
|
|
|switch|p1a: mah girl|Mienshao, F|271\/271
|turn|3
|
|switch|p2a: Crobat|Crobat, M|311\/311
|move|p1a: mah girl|U-turn|p2a: Crobat
|-resisted|p2a: Crobat
|-damage|p2a: Crobat|283\/311
|
|switch|p1a: mah girl|Blastoise-Mega, F|362\/362
|
|turn|4
|
|move|p2a: Crobat|Brave Bird|p1a: mah girl
|-damage|p1a: mah girl|218\/362
|-damage|p2a: Crobat|235\/311|[from] recoil|[of] p1a: mah girl
|move|p1a: mah girl|Scald|p2a: Crobat
|-damage|p2a: Crobat|25\/311
|
|turn|5
|
|switch|p2a: Celebi|Celebi|154\/404
|switch|p1a: mah girl|Hippowdon, F|420\/420
|-weather|Sandstorm
|
|-weather|Sandstorm|[upkeep]
|-damage|p2a: Celebi|129\/404|[from] sandstorm
|turn|6
|
|switch|p1a: mah girl|Entei, shiny|371\/371
|-ability|p1a: mah girl|Pressure
|move|p2a: Celebi|Recover|p2a: Celebi
|-heal|p2a: Celebi|331\/404
|
|-weather|Sandstorm|[upkeep]
|-damage|p1a: mah girl|348\/371|[from] sandstorm
|-damage|p2a: Celebi|306\/404|[from] sandstorm
|-heal|p1a: mah girl|371\/371|[from] item: Leftovers
|turn|7
|
|switch|p2a: Crobat|Crobat, M|25\/311
|move|p1a: mah girl|Substitute|p1a: mah girl
|-start|p1a: mah girl|Substitute
|-damage|p1a: mah girl|279\/371
|
|-weather|Sandstorm|[upkeep]
|-damage|p2a: Crobat|6\/311|[from] sandstorm
|-damage|p1a: mah girl|256\/371|[from] sandstorm
|-heal|p1a: mah girl|279\/371|[from] item: Leftovers
|turn|8
|
|move|p1a: mah girl|Extreme Speed|p2a: Crobat
|-crit|p2a: Crobat
|-damage|p2a: Crobat|0 fnt
|faint|p2a: Crobat
|
|-weather|Sandstorm|[upkeep]
|-damage|p1a: mah girl|256\/371|[from] sandstorm
|-heal|p1a: mah girl|279\/371|[from] item: Leftovers
|
|switch|p2a: Aerodactyl|Aerodactyl, F|302\/302
|-ability|p2a: Aerodactyl|Unnerve|p1: bibooo
|turn|9
|
|detailschange|p2a: Aerodactyl|Aerodactyl-Mega, F
|message|Aerodactyl has Mega Evolved into Mega Aerodactyl!
|move|p2a: Aerodactyl|Aqua Tail|p1a: mah girl
|-supereffective|p1a: mah girl
|-end|p1a: mah girl|Substitute
|move|p1a: mah girl|Stone Edge|p2a: Aerodactyl
|-supereffective|p2a: Aerodactyl
|-damage|p2a: Aerodactyl|20\/302
|
|-weather|none
|-heal|p1a: mah girl|302\/371|[from] item: Leftovers
|turn|10
|
|switch|p2a: Swampert|Swampert, M|392\/392
|move|p1a: mah girl|Extreme Speed|p2a: Swampert
|-damage|p2a: Swampert|280\/392
|
|-heal|p1a: mah girl|325\/371|[from] item: Leftovers
|turn|11
|
|switch|p1a: mah girl|Shaymin|341\/341
|move|p2a: Swampert|Earthquake|p1a: mah girl
|-resisted|p1a: mah girl
|-damage|p1a: mah girl|206\/341
|
|turn|12
|
|switch|p2a: Celebi|Celebi|306\/404
|move|p1a: mah girl|Seed Flare|p2a: Celebi
|-crit|p2a: Celebi
|-resisted|p2a: Celebi
|-damage|p2a: Celebi|179\/404
|-unboost|p2a: Celebi|spd|2
|-damage|p1a: mah girl|172\/341|[from] item: Life Orb
|
|turn|13
|
|switch|p2a: Cobalion|Cobalion|323\/323
|move|p1a: mah girl|Air Slash|p2a: Cobalion
|-damage|p2a: Cobalion|198\/323
|-damage|p1a: mah girl|138\/341|[from] item: Life Orb
|
|-heal|p2a: Cobalion|218\/323|[from] item: Leftovers
|turn|14
|
|switch|p1a: mah girl|Hippowdon, F|420\/420
|-weather|Sandstorm
|move|p2a: Cobalion|Close Combat|p1a: mah girl
|-damage|p1a: mah girl|308\/420
|-unboost|p2a: Cobalion|def|1
|-unboost|p2a: Cobalion|spd|1
|
|-weather|Sandstorm|[upkeep]
|-heal|p2a: Cobalion|238\/323|[from] item: Leftovers
|-heal|p1a: mah girl|334\/420|[from] item: Leftovers
|turn|15
|
|switch|p2a: Celebi|Celebi|179\/404
|move|p1a: mah girl|Stealth Rock|p2a: Celebi
|-sidestart|p2: spuds4ever|move: Stealth Rock
|
|-weather|Sandstorm|[upkeep]
|-damage|p2a: Celebi|154\/404|[from] sandstorm
|-heal|p1a: mah girl|360\/420|[from] item: Leftovers
|turn|16
|
|move|p2a: Celebi|Recover|p2a: Celebi
|-heal|p2a: Celebi|356\/404
|move|p1a: mah girl|Whirlwind|p2a: Celebi
|drag|p2a: Aerodactyl|Aerodactyl-Mega, F|20\/302
|-damage|p2a: Aerodactyl|0 fnt|[from] Stealth Rock
|faint|p2a: Aerodactyl
|
|-weather|Sandstorm|[upkeep]
|-heal|p1a: mah girl|386\/420|[from] item: Leftovers
|
|switch|p2a: Swampert|Swampert, M|280\/392
|-damage|p2a: Swampert|256\/392|[from] Stealth Rock
|turn|17
|
|switch|p1a: mah girl|Shaymin|138\/341
|move|p2a: Swampert|Earthquake|p1a: mah girl
|-resisted|p1a: mah girl
|-damage|p1a: mah girl|6\/341
|
|-weather|Sandstorm|[upkeep]
|-damage|p1a: mah girl|0 fnt|[from] sandstorm
|faint|p1a: mah girl
|
|switch|p1a: mah girl|Blastoise-Mega, F|218\/362
|turn|18
|
|switch|p2a: Celebi|Celebi|356\/404
|-damage|p2a: Celebi|306\/404|[from] Stealth Rock
|move|p1a: mah girl|Scald|p2a: Celebi
|-resisted|p2a: Celebi
|-damage|p2a: Celebi|249\/404
|
|-weather|none
|turn|19
|
|switch|p2a: Infernape|Infernape, M|293\/293
|-damage|p2a: Infernape|257\/293|[from] Stealth Rock
|move|p1a: mah girl|Dark Pulse|p2a: Infernape
|-resisted|p2a: Infernape
|-damage|p2a: Infernape|148\/293
|
|turn|20
|
|move|p2a: Infernape|Thunder Punch|p1a: mah girl
|-supereffective|p1a: mah girl
|-damage|p1a: mah girl|5\/362
|-damage|p2a: Infernape|119\/293|[from] item: Life Orb
|move|p1a: mah girl|Scald|p2a: Infernape
|-supereffective|p2a: Infernape
|-damage|p2a: Infernape|0 fnt
|faint|p2a: Infernape
|
|
|switch|p2a: Cobalion|Cobalion|238\/323
|-damage|p2a: Cobalion|228\/323|[from] Stealth Rock
|turn|21
|
|move|p2a: Cobalion|Volt Switch|p1a: mah girl
|-supereffective|p1a: mah girl
|-damage|p1a: mah girl|0 fnt
|faint|p1a: mah girl
|
|switch|p2a: Swampert|Swampert, M|256\/392
|-damage|p2a: Swampert|232\/392|[from] Stealth Rock
|
|
|switch|p1a: mah girl|Mienshao, F|271\/271
|turn|22
|
|switch|p2a: Celebi|Celebi|249\/404
|-damage|p2a: Celebi|199\/404|[from] Stealth Rock
|move|p1a: mah girl|U-turn|p2a: Celebi
|-supereffective|p2a: Celebi
|-damage|p2a: Celebi|0 fnt
|faint|p2a: Celebi
|
|switch|p1a: mah girl|Entei, shiny|325\/371
|-ability|p1a: mah girl|Pressure
|
|-heal|p1a: mah girl|348\/371|[from] item: Leftovers
|
|switch|p2a: Swampert|Swampert, M|232\/392
|-damage|p2a: Swampert|208\/392|[from] Stealth Rock
|turn|23
|
|move|p1a: mah girl|Extreme Speed|p2a: Swampert
|-damage|p2a: Swampert|112\/392
|move|p2a: Swampert|Waterfall|p1a: mah girl
|-supereffective|p1a: mah girl
|-damage|p1a: mah girl|0 fnt
|faint|p1a: mah girl
|
|
|switch|p1a: mah girl|Mienshao, F|271\/271
|turn|24
|
|move|p1a: mah girl|High Jump Kick|p2a: Swampert
|-crit|p2a: Swampert
|-damage|p2a: Swampert|0 fnt
|faint|p2a: Swampert
|
|
|switch|p2a: Cobalion|Cobalion|228\/323
|-damage|p2a: Cobalion|218\/323|[from] Stealth Rock
|turn|25
|c|★spuds4ever|gg
|
|move|p1a: mah girl|High Jump Kick|p2a: Cobalion
|-supereffective|p2a: Cobalion
|-damage|p2a: Cobalion|0 fnt
|faint|p2a: Cobalion
|
|win|bibooo
|raw|Ladder updating...
|raw|bibooo's rating: 1474 &rarr; <strong>1493<\/strong><br \/>(+19 for winning)
|raw|spuds4ever's rating: 1445 &rarr; <strong>1427<\/strong><br \/>(-18 for losing)
|c|★bibooo|gg