|join|spuds4ever
|join|IONLYLOSETODCs14
|player|p1|spuds4ever|265
|player|p2|IONLYLOSETODCs14|125
|gametype|singles
|gen|6
|tier|UU
|rated
|rule|Sleep Clause Mod: Limit one foe put to sleep
|rule|Species Clause: Limit one of each Pokémon
|rule|OHKO Clause: OHKO moves are banned
|rule|Moody Clause: Moody is banned
|rule|Evasion Moves Clause: Evasion moves are banned
|rule|Endless Battle Clause: Forcing endless battles is banned
|rule|HP Percentage Mod: HP is shown in percentages
|clearpoke
|poke|p1|Hydreigon, F
|poke|p1|Whimsicott, F
|poke|p1|Jirachi
|poke|p1|Crobat, F
|poke|p1|Swampert, F
|poke|p1|Absol, F
|poke|p2|Swampert, F, shiny
|poke|p2|Alakazam, F, shiny
|poke|p2|Jirachi, shiny
|poke|p2|Machamp, F, shiny
|poke|p2|Crobat, F, shiny
|poke|p2|Shaymin, shiny
|rule|Swagger Clause: Swagger is banned
|rule|Baton Pass Clause: Limit one Pokémon knowing Baton Pass
|teampreview
|c|★spuds4ever|gl hf
|
|start
|switch|p1a: Jirachi|Jirachi|341\/341
|switch|p2a: Machamp|Machamp, F, shiny|343\/343
|turn|1
|
|switch|p2a: Swampert|Swampert, F, shiny|403\/403
|move|p1a: Jirachi|Psychic|p2a: Swampert
|-damage|p2a: Swampert|244\/403
|
|-heal|p2a: Swampert|269\/403|[from] item: Leftovers
|turn|2
|
|switch|p2a: Jirachi|Jirachi, shiny|341\/341
|move|p1a: Jirachi|U-turn|p2a: Jirachi
|-damage|p2a: Jirachi|291\/341
|
|switch|p1a: Absol|Absol, F|271\/271
|
|turn|3
|
|switch|p2a: Crobat|Crobat, F, shiny|329\/329
|detailschange|p1a: Absol|Absol-Mega, F
|message|Absol has Mega Evolved into Mega Absol!
|move|p1a: Absol|Knock Off|p2a: Crobat
|-damage|p2a: Crobat|89\/329
|-enditem|p2a: Crobat|Black Sludge|[from] move: Knock Off|[of] p1a: Absol
|
|turn|4
|
|switch|p1a: Jirachi|Jirachi|341\/341
|move|p2a: Crobat|Roost|p2a: Crobat
|-heal|p2a: Crobat|254\/329
|
|turn|5
|
|move|p2a: Crobat|U-turn|p1a: Jirachi
|-damage|p1a: Jirachi|270\/341
|
|switch|p2a: Jirachi|Jirachi, shiny|291\/341
|move|p1a: Jirachi|Stealth Rock|p2a: Jirachi
|-sidestart|p2: IONLYLOSETODCs14|move: Stealth Rock
|
|turn|6
|
|move|p2a: Jirachi|U-turn|p1a: Jirachi
|-crit|p1a: Jirachi
|-damage|p1a: Jirachi|172\/341
|
|switch|p2a: Crobat|Crobat, F, shiny|254\/329
|-damage|p2a: Crobat|172\/329|[from] Stealth Rock
|move|p1a: Jirachi|U-turn|p2a: Crobat
|-resisted|p2a: Crobat
|-damage|p2a: Crobat|158\/329
|
|switch|p1a: Crobat|Crobat, F|311\/311
|
|turn|7
|
|switch|p2a: Jirachi|Jirachi, shiny|291\/341
|-damage|p2a: Jirachi|270\/341|[from] Stealth Rock
|move|p1a: Crobat|Brave Bird|p2a: Jirachi
|-resisted|p2a: Jirachi
|-damage|p2a: Jirachi|142\/341
|-damage|p1a: Crobat|269\/311|[from] recoil|[of] p2a: Jirachi
|
|turn|8
|
|switch|p1a: Swampert|Swampert, F|392\/392
|move|p2a: Jirachi|Iron Head|p1a: Swampert
|-crit|p1a: Swampert
|-resisted|p1a: Swampert
|-damage|p1a: Swampert|297\/392
|
|turn|9
|
|switch|p2a: Shaymin|Shaymin, shiny|341\/341
|-damage|p2a: Shaymin|299\/341|[from] Stealth Rock
|move|p1a: Swampert|Ice Punch|p2a: Shaymin
|-supereffective|p2a: Shaymin
|-damage|p2a: Shaymin|55\/341
|
|turn|10
|
|switch|p1a: Crobat|Crobat, F|269\/311
|move|p2a: Shaymin|Psychic|p1a: Crobat
|-supereffective|p1a: Crobat
|-damage|p1a: Crobat|0 fnt
|faint|p1a: Crobat
|
|
|switch|p1a: Absol|Absol-Mega, F|271\/271
|turn|11
|
|switch|p2a: Swampert|Swampert, F, shiny|269\/403
|-damage|p2a: Swampert|244\/403|[from] Stealth Rock
|move|p1a: Absol|Knock Off|p2a: Swampert
|-damage|p2a: Swampert|102\/403
|-enditem|p2a: Swampert|Leftovers|[from] move: Knock Off|[of] p1a: Absol
|
|turn|12
|
|move|p1a: Absol|Knock Off|p2a: Swampert
|-crit|p2a: Swampert
|-damage|p2a: Swampert|0 fnt
|faint|p2a: Swampert
|
|
|switch|p2a: Crobat|Crobat, F, shiny|158\/329
|-damage|p2a: Crobat|76\/329|[from] Stealth Rock
|turn|13
|
|switch|p1a: Jirachi|Jirachi|172\/341
|move|p2a: Crobat|Roost|p2a: Crobat
|-heal|p2a: Crobat|241\/329
|
|turn|14
|
|move|p2a: Crobat|U-turn|p1a: Jirachi
|-damage|p1a: Jirachi|108\/341
|
|switch|p2a: Jirachi|Jirachi, shiny|142\/341
|-damage|p2a: Jirachi|121\/341|[from] Stealth Rock
|move|p1a: Jirachi|Psychic|p2a: Jirachi
|-resisted|p2a: Jirachi
|-damage|p2a: Jirachi|85\/341
|
|turn|15
|
|switch|p1a: Hydreigon|Hydreigon, F|325\/325
|move|p2a: Jirachi|U-turn|p1a: Hydreigon
|-supereffective|p1a: Hydreigon
|-damage|p1a: Hydreigon|155\/325
|
|switch|p2a: Shaymin|Shaymin, shiny|55\/341
|-damage|p2a: Shaymin|13\/341|[from] Stealth Rock
|
|turn|16
|
|move|p2a: Shaymin|Healing Wish|p2a: Shaymin
|faint|p2a: Shaymin
|move|p1a: Hydreigon|Dark Pulse|p2: Shaymin|[notarget]
|-notarget
|
|
|switch|p2a: Jirachi|Jirachi, shiny|85\/341
|-heal|p2a: Jirachi|341\/341|[from] move: Healing Wish
|-damage|p2a: Jirachi|320\/341|[from] Stealth Rock
|turn|17
|
|move|p2a: Jirachi|U-turn|p1a: Hydreigon
|-supereffective|p1a: Hydreigon
|-damage|p1a: Hydreigon|0 fnt
|faint|p1a: Hydreigon
|
|switch|p2a: Alakazam|Alakazam, F, shiny|251\/251
|
|
|switch|p1a: Absol|Absol-Mega, F|271\/271
|turn|18
|
|detailschange|p2a: Alakazam|Alakazam-Mega, F, shiny
|message|Alakazam has Mega Evolved into Mega Alakazam!
|-ability|p2a: Alakazam|Magic Bounce|[from] ability: Trace|[of] p1a: Absol
|move|p2a: Alakazam|Protect|p2a: Alakazam
|-singleturn|p2a: Alakazam|Protect
|move|p1a: Absol|Sucker Punch|p2a: Alakazam
|-fail|p2a: Alakazam
|
|turn|19
|
|switch|p2a: Crobat|Crobat, F, shiny|241\/329
|-damage|p2a: Crobat|159\/329|[from] Stealth Rock
|move|p1a: Absol|Sucker Punch|p2a: Crobat
|-fail|p2a: Crobat
|
|turn|20
|
|switch|p1a: Swampert|Swampert, F|297\/392
|move|p2a: Crobat|Defog|p1a: Swampert
|-unboost|p1a: Swampert|evasion|1
|-sideend|p2: IONLYLOSETODCs14|Stealth Rock|[from] move: Defog|[of] p2a: Crobat
|
|turn|21
|
|move|p2a: Crobat|U-turn|p1a: Swampert
|-damage|p1a: Swampert|225\/392
|
|switch|p2a: Machamp|Machamp, F, shiny|343\/343
|move|p1a: Swampert|Waterfall|p2a: Machamp
|-damage|p2a: Machamp|112\/343
|
|turn|22
|
|move|p2a: Machamp|Close Combat|p1a: Swampert
|-damage|p1a: Swampert|0 fnt
|-unboost|p2a: Machamp|def|1
|-unboost|p2a: Machamp|spd|1
|faint|p1a: Swampert
|
|
|switch|p1a: Absol|Absol-Mega, F|271\/271
|turn|23
|
|move|p1a: Absol|Knock Off|p2a: Machamp
|-resisted|p2a: Machamp
|-damage|p2a: Machamp|0 fnt
|-enditem|p2a: Machamp|Choice Band|[from] move: Knock Off|[of] p1a: Absol
|faint|p2a: Machamp
|
|
|switch|p2a: Crobat|Crobat, F, shiny|159\/329
|turn|24
|
|switch|p1a: Jirachi|Jirachi|108\/341
|move|p2a: Crobat|Roost|p2a: Crobat
|-heal|p2a: Crobat|324\/329
|
|turn|25
|
|move|p2a: Crobat|U-turn|p1a: Jirachi
|-damage|p1a: Jirachi|45\/341
|
|switch|p2a: Jirachi|Jirachi, shiny|320\/341
|move|p1a: Jirachi|U-turn|p2a: Jirachi
|-damage|p2a: Jirachi|273\/341
|
|switch|p1a: Absol|Absol-Mega, F|271\/271
|
|turn|26
|
|move|p2a: Jirachi|U-turn|p1a: Absol
|-supereffective|p1a: Absol
|-damage|p1a: Absol|43\/271
|
|move|p1a: Absol|Pursuit|p2a: Jirachi|[from]Pursuit
|-supereffective|p2a: Jirachi
|-damage|p2a: Jirachi|0 fnt
|faint|p2a: Jirachi
|
|
|switch|p2a: Crobat|Crobat, F, shiny|324\/329
|turn|27
|
|switch|p1a: Jirachi|Jirachi|45\/341
|move|p2a: Crobat|Brave Bird|p1a: Jirachi
|-resisted|p1a: Jirachi
|-damage|p1a: Jirachi|0 fnt
|-damage|p2a: Crobat|309\/329|[from] recoil|[of] p1a: Jirachi
|faint|p1a: Jirachi
|
|
|switch|p1a: Whimsicott|Whimsicott, F|262\/262
|turn|28
|
|move|p1a: Whimsicott|Stun Spore|p2a: Crobat
|-status|p2a: Crobat|par
|cant|p2a: Crobat|par
|
|turn|29
|
|move|p1a: Whimsicott|Moonblast|p2a: Crobat
|-resisted|p2a: Crobat
|-damage|p2a: Crobat|209\/329 par
|-damage|p1a: Whimsicott|236\/262|[from] item: Life Orb
|move|p2a: Crobat|Brave Bird|p1a: Whimsicott
|-supereffective|p1a: Whimsicott
|-damage|p1a: Whimsicott|0 fnt
|-damage|p2a: Crobat|131\/329 par|[from] recoil|[of] p1a: Whimsicott
|faint|p1a: Whimsicott
|
|
|switch|p1a: Absol|Absol-Mega, F|43\/271
|turn|30
|
|move|p1a: Absol|Knock Off|p2a: Crobat
|-damage|p2a: Crobat|0 fnt
|faint|p2a: Crobat
|
|
|switch|p2a: Alakazam|Alakazam-Mega, F, shiny|251\/251
|-ability|p2a: Alakazam|Magic Bounce|[from] ability: Trace|[of] p1a: Absol
|turn|31
|
|move|p2a: Alakazam|Protect|p2a: Alakazam
|-singleturn|p2a: Alakazam|Protect
|move|p1a: Absol|Sucker Punch|p2a: Alakazam
|-fail|p2a: Alakazam
|
|turn|32
|
|move|p2a: Alakazam|Protect|p2a: Alakazam
|-singleturn|p2a: Alakazam|Protect
|move|p1a: Absol|Sucker Punch|p2a: Alakazam
|-fail|p2a: Alakazam
|
|turn|33
|
|move|p2a: Alakazam|Protect|p2a: Alakazam
|-fail|p2a: Alakazam
|move|p1a: Absol|Sucker Punch|p2a: Alakazam
|-fail|p2a: Alakazam
|
|turn|34
|
|move|p2a: Alakazam|Protect|p2a: Alakazam
|-singleturn|p2a: Alakazam|Protect
|move|p1a: Absol|Sucker Punch|p2a: Alakazam
|-fail|p2a: Alakazam
|
|turn|35
|
|move|p1a: Absol|Sucker Punch|p2a: Alakazam
|-supereffective|p2a: Alakazam
|-damage|p2a: Alakazam|0 fnt
|faint|p2a: Alakazam
|
|win|spuds4ever
|raw|Ladder updating...
|c|★spuds4ever|gg
|leave|IONLYLOSETODCs14
|player|p2
|raw|spuds4ever's rating: 1588 &rarr; <strong>1599<\/strong><br \/>(+11 for winning)
|raw|IONLYLOSETODCs14's rating: 1425 &rarr; <strong>1413<\/strong><br \/>(-12 for losing)