|join|fatd
|join|TheSableyeGuy
|player|p1|fatd|278
|player|p2|TheSableyeGuy|160
|gametype|singles
|gen|6
|tier|OU
|rated
|clearpoke
|poke|p1|Garchomp, F, shiny
|poke|p1|Espeon, M
|poke|p1|Infernape, F
|poke|p1|Scizor, F
|poke|p1|Chansey, F
|poke|p1|Heliolisk, M, shiny
|poke|p2|Charizard, M
|poke|p2|Heracross, M
|poke|p2|Gliscor, M
|poke|p2|Goodra, F
|poke|p2|Exploud, F
|poke|p2|Reuniclus, F
|rule|Swagger Clause: Swagger is banned
|rule|Baton Pass Clause: Limit three Pokémon knowing Baton Pass
|rule|Sleep Clause Mod: Limit one foe put to sleep
|rule|Species Clause: Limit one of each Pokémon
|rule|OHKO Clause: OHKO moves are banned
|rule|Moody Clause: Moody is banned
|rule|Evasion Moves Clause: Evasion moves are banned
|rule|Endless Battle Clause: Forcing endless battles is banned
|rule|HP Percentage Mod: HP is reported as percentages
|teampreview
|
|start
|switch|p1a: Based God|Heliolisk, M, shiny|266\/266
|switch|p2a: Gliscor|Gliscor, M|354\/354
|turn|1
|
|move|p2a: Gliscor|Protect|p2a: Gliscor
|-singleturn|p2a: Gliscor|Protect
|move|p1a: Based God|Hidden Power|p2a: Gliscor
|-activate|p2a: Gliscor|Protect
|
|-status|p2a: Gliscor|tox|[from] item: Toxic Orb
|turn|2
|
|switch|p2a: Goodra|Goodra, F|384\/384
|move|p1a: Based God|Hidden Power|p2a: Goodra
|-supereffective|p2a: Goodra
|-damage|p2a: Goodra|312\/384
|
|turn|3
|
|move|p1a: Based God|Volt Switch|p2a: Goodra
|-resisted|p2a: Goodra
|-damage|p2a: Goodra|287\/384
|
|switch|p1a: Your Mother|Chansey, F|704\/704
|move|p2a: Goodra|Fire Blast|p1a: Your Mother
|-damage|p1a: Your Mother|625\/704
|
|turn|4
|
|switch|p1a: Based God|Heliolisk, M, shiny|266\/266
|move|p2a: Goodra|Dragon Tail|p1a: Based God
|-crit|p1a: Based God
|-damage|p1a: Based God|77\/266
|drag|p1a: umm?|Scizor, F|344\/344
|
|turn|5
|
|switch|p1a: Step Back!!|Garchomp, F, shiny|386\/386
|move|p2a: Goodra|Fire Blast|p1a: Step Back!!
|-resisted|p1a: Step Back!!
|-damage|p1a: Step Back!!|312\/386
|
|turn|6
|
|switch|p2a: Gliscor|Gliscor, M|354\/354 tox
|move|p1a: Step Back!!|Dragon Claw|p2a: Gliscor
|-damage|p2a: Gliscor|278\/354 tox
|
|-heal|p2a: Gliscor|322\/354 tox|[from] ability: Poison Heal
|turn|7
|
|move|p1a: Step Back!!|Stealth Rock|p2a: Gliscor
|-sidestart|p2: TheSableyeGuy|move: Stealth Rock
|move|p2a: Gliscor|Toxic|p1a: Step Back!!
|-status|p1a: Step Back!!|tox
|
|-damage|p1a: Step Back!!|288\/386 tox|[from] psn
|-heal|p2a: Gliscor|354\/354 tox|[from] ability: Poison Heal
|turn|8
|
|switch|p1a: Your Mother|Chansey, F|625\/704
|move|p2a: Gliscor|Earthquake|p1a: Your Mother
|-damage|p1a: Your Mother|471\/704
|
|turn|9
|
|move|p2a: Gliscor|Protect|p2a: Gliscor
|-singleturn|p2a: Gliscor|Protect
|move|p1a: Your Mother|Soft-Boiled|p1a: Your Mother
|-heal|p1a: Your Mother|704\/704
|
|turn|10
|
|move|p2a: Gliscor|Substitute|p2a: Gliscor
|-start|p2a: Gliscor|Substitute
|-damage|p2a: Gliscor|266\/354 tox
|move|p1a: Your Mother|Seismic Toss|p2a: Gliscor
|-end|p2a: Gliscor|Substitute
|
|-heal|p2a: Gliscor|310\/354 tox|[from] ability: Poison Heal
|turn|11
|
|move|p2a: Gliscor|Toxic|p1a: Your Mother
|-status|p1a: Your Mother|tox
|move|p1a: Your Mother|Seismic Toss|p2a: Gliscor
|-damage|p2a: Gliscor|210\/354 tox
|
|-heal|p2a: Gliscor|254\/354 tox|[from] ability: Poison Heal
|-damage|p1a: Your Mother|660\/704 tox|[from] psn
|turn|12
|
|switch|p2a: Exploud|Exploud, F|350\/350
|-damage|p2a: Exploud|307\/350|[from] Stealth Rock
|switch|p1a: Based God|Heliolisk, M, shiny|77\/266
|
|turn|13
|
|move|p2a: Exploud|Boomburst|p1a: Based God
|-damage|p1a: Based God|0 fnt
|faint|p1a: Based God
|
|
|switch|p1a: Ace in the Hole|Infernape, F|294\/294
|turn|14
|
|switch|p2a: Gliscor|Gliscor, M|254\/354 tox
|-damage|p2a: Gliscor|210\/354 tox|[from] Stealth Rock
|move|p1a: Ace in the Hole|U-turn|p2a: Gliscor
|-resisted|p2a: Gliscor
|-damage|p2a: Gliscor|183\/354 tox
|
|switch|p1a: umm?|Scizor, F|344\/344
|
|-heal|p2a: Gliscor|227\/354 tox|[from] ability: Poison Heal
|turn|15
|
|detailschange|p1a: umm?|Scizor-Mega, F
|message|Scizor has Mega Evolved into Mega Scizor!
|move|p2a: Gliscor|Protect|p2a: Gliscor
|-singleturn|p2a: Gliscor|Protect
|move|p1a: umm?|Knock Off|p2a: Gliscor
|-activate|p2a: Gliscor|Protect
|
|-heal|p2a: Gliscor|271\/354 tox|[from] ability: Poison Heal
|turn|16
|
|move|p2a: Gliscor|Earthquake|p1a: umm?
|-damage|p1a: umm?|266\/344
|move|p1a: umm?|Knock Off|p2a: Gliscor
|-damage|p2a: Gliscor|183\/354 tox
|-enditem|p2a: Gliscor|Toxic Orb|[from] move: Knock Off|[of] p1a: umm?
|
|-heal|p2a: Gliscor|227\/354 tox|[from] ability: Poison Heal
|turn|17
|
|move|p2a: Gliscor|Earthquake|p1a: umm?
|-damage|p1a: umm?|176\/344
|move|p1a: umm?|Knock Off|p2a: Gliscor
|-damage|p2a: Gliscor|172\/354 tox
|
|-heal|p2a: Gliscor|216\/354 tox|[from] ability: Poison Heal
|turn|18
|
|move|p2a: Gliscor|Protect|p2a: Gliscor
|-singleturn|p2a: Gliscor|Protect
|move|p1a: umm?|Bullet Punch|p2a: Gliscor
|-activate|p2a: Gliscor|Protect
|
|-heal|p2a: Gliscor|260\/354 tox|[from] ability: Poison Heal
|turn|19
|
|move|p2a: Gliscor|Substitute|p2a: Gliscor
|-start|p2a: Gliscor|Substitute
|-damage|p2a: Gliscor|172\/354 tox
|move|p1a: umm?|U-turn|p2a: Gliscor
|-resisted|p2a: Gliscor
|-activate|p2a: Gliscor|Substitute|[damage]
|
|switch|p1a: Ace in the Hole|Infernape, F|294\/294
|
|-heal|p2a: Gliscor|216\/354 tox|[from] ability: Poison Heal
|turn|20
|
|move|p1a: Ace in the Hole|U-turn|p2a: Gliscor
|-resisted|p2a: Gliscor
|-activate|p2a: Gliscor|Substitute|[damage]
|
|switch|p1a: Your Mother|Chansey, F|660\/704
|move|p2a: Gliscor|Earthquake|p1a: Your Mother
|-crit|p1a: Your Mother
|-damage|p1a: Your Mother|443\/704
|
|-heal|p2a: Gliscor|260\/354 tox|[from] ability: Poison Heal
|turn|21
|
|move|p2a: Gliscor|Earthquake|p1a: Your Mother
|-damage|p1a: Your Mother|290\/704
|move|p1a: Your Mother|Seismic Toss|p2a: Gliscor
|-end|p2a: Gliscor|Substitute
|
|-heal|p2a: Gliscor|304\/354 tox|[from] ability: Poison Heal
|turn|22
|
|move|p2a: Gliscor|Earthquake|p1a: Your Mother
|-damage|p1a: Your Mother|145\/704
|move|p1a: Your Mother|Soft-Boiled|p1a: Your Mother
|-heal|p1a: Your Mother|497\/704
|
|-heal|p2a: Gliscor|348\/354 tox|[from] ability: Poison Heal
|turn|23
|
|switch|p2a: Heracross|Heracross, M|302\/302
|-damage|p2a: Heracross|265\/302|[from] Stealth Rock
|move|p1a: Your Mother|Seismic Toss|p2a: Heracross
|-damage|p2a: Heracross|165\/302
|
|turn|24
|
|switch|p1a: Step Back!!|Garchomp, F, shiny|288\/386 tox
|move|p2a: Heracross|Megahorn|p1a: Step Back!!
|-damage|p1a: Step Back!!|0 fnt
|-damage|p2a: Heracross|128\/302|[from] ability: Rough Skin|[of] p1a: Step Back!!
|-damage|p2a: Heracross|78\/302|[from] item: Rocky Helmet|[of] p1a: Step Back!!
|faint|p1a: Step Back!!
|-boost|p2a: Heracross|atk|1|[from] ability: Moxie
|
|
|switch|p1a: Ace in the Hole|Infernape, F|294\/294
|turn|25
|
|move|p1a: Ace in the Hole|Flare Blitz|p2a: Heracross
|-supereffective|p2a: Heracross
|-damage|p2a: Heracross|0 fnt
|-damage|p1a: Ace in the Hole|268\/294|[from] recoil|[of] p2a: Heracross
|faint|p2a: Heracross
|
|
|switch|p2a: Exploud|Exploud, F|307\/350
|-damage|p2a: Exploud|264\/350|[from] Stealth Rock
|turn|26
|
|move|p1a: Ace in the Hole|Flare Blitz|p2a: Exploud
|-damage|p2a: Exploud|0 fnt
|-damage|p1a: Ace in the Hole|181\/294|[from] recoil|[of] p2a: Exploud
|faint|p2a: Exploud
|
|
|switch|p2a: Charizard|Charizard, M|298\/298
|-damage|p2a: Charizard|149\/298|[from] Stealth Rock
|turn|27
|
|switch|p1a: umm?|Scizor-Mega, F|176\/344
|detailschange|p2a: Charizard|Charizard-Mega-X, M
|message|Charizard has Mega Evolved into Mega Charizard!
|move|p2a: Charizard|Earthquake|p1a: umm?
|-damage|p1a: umm?|94\/344
|
|turn|28
|
|move|p1a: umm?|Bullet Punch|p2a: Charizard
|-resisted|p2a: Charizard
|-damage|p2a: Charizard|87\/298
|move|p2a: Charizard|Flare Blitz|p1a: umm?
|-supereffective|p1a: umm?
|-damage|p1a: umm?|0 fnt
|-damage|p2a: Charizard|56\/298|[from] recoil|[of] p1a: umm?
|faint|p1a: umm?
|
|
|switch|p1a: Destiny's Child|Espeon, M|272\/272
|turn|29
|
|move|p1a: Destiny's Child|Psyshock|p2a: Charizard
|-damage|p2a: Charizard|0 fnt
|faint|p2a: Charizard
|
|
|switch|p2a: Reuniclus|Reuniclus, F|424\/424
|turn|30
|
|move|p1a: Destiny's Child|Shadow Ball|p2a: Reuniclus
|-supereffective|p2a: Reuniclus
|-damage|p2a: Reuniclus|238\/424
|move|p2a: Reuniclus|Calm Mind|p2a: Reuniclus
|-boost|p2a: Reuniclus|spa|1
|-boost|p2a: Reuniclus|spd|1
|
|-heal|p2a: Reuniclus|264\/424|[from] item: Leftovers
|turn|31
|
|switch|p1a: Your Mother|Chansey, F|497\/704
|move|p2a: Reuniclus|Recover|p2a: Reuniclus
|-heal|p2a: Reuniclus|424\/424
|
|turn|32
|
|move|p1a: Your Mother|Shadow Ball|p2a: Reuniclus
|-crit|p2a: Reuniclus
|-supereffective|p2a: Reuniclus
|-damage|p2a: Reuniclus|328\/424
|-unboost|p2a: Reuniclus|spd|1
|move|p2a: Reuniclus|Calm Mind|p2a: Reuniclus
|-boost|p2a: Reuniclus|spa|1
|-boost|p2a: Reuniclus|spd|1
|
|-heal|p2a: Reuniclus|354\/424|[from] item: Leftovers
|turn|33
|
|move|p1a: Your Mother|Seismic Toss|p2a: Reuniclus
|-damage|p2a: Reuniclus|254\/424
|move|p2a: Reuniclus|Psyshock|p1a: Your Mother
|-damage|p1a: Your Mother|191\/704
|
|-heal|p2a: Reuniclus|280\/424|[from] item: Leftovers
|turn|34
|
|move|p1a: Your Mother|Soft-Boiled|p1a: Your Mother
|-heal|p1a: Your Mother|543\/704
|move|p2a: Reuniclus|Calm Mind|p2a: Reuniclus
|-boost|p2a: Reuniclus|spa|1
|-boost|p2a: Reuniclus|spd|1
|
|-heal|p2a: Reuniclus|306\/424|[from] item: Leftovers
|turn|35
|
|switch|p1a: Destiny's Child|Espeon, M|272\/272
|move|p2a: Reuniclus|Recover|p2a: Reuniclus
|-heal|p2a: Reuniclus|424\/424
|
|turn|36
|
|move|p1a: Destiny's Child|Shadow Ball|p2a: Reuniclus
|-supereffective|p2a: Reuniclus
|-damage|p2a: Reuniclus|330\/424
|move|p2a: Reuniclus|Shadow Ball|p1a: Destiny's Child
|-supereffective|p1a: Destiny's Child
|-enditem|p1a: Destiny's Child|Focus Sash
|-damage|p1a: Destiny's Child|1\/272
|
|-heal|p2a: Reuniclus|356\/424|[from] item: Leftovers
|turn|37
|
|move|p1a: Destiny's Child|Shadow Ball|p2a: Reuniclus
|-supereffective|p2a: Reuniclus
|-damage|p2a: Reuniclus|260\/424
|move|p2a: Reuniclus|Psyshock|p1a: Destiny's Child
|-resisted|p1a: Destiny's Child
|-damage|p1a: Destiny's Child|0 fnt
|faint|p1a: Destiny's Child
|
|-heal|p2a: Reuniclus|286\/424|[from] item: Leftovers
|
|switch|p1a: Ace in the Hole|Infernape, F|181\/294
|turn|38
|
|move|p1a: Ace in the Hole|Flare Blitz|p2a: Reuniclus
|-damage|p2a: Reuniclus|109\/424
|-damage|p1a: Ace in the Hole|123\/294|[from] recoil|[of] p2a: Reuniclus
|move|p2a: Reuniclus|Psyshock|p1a: Ace in the Hole
|-supereffective|p1a: Ace in the Hole
|-damage|p1a: Ace in the Hole|0 fnt
|faint|p1a: Ace in the Hole
|
|-heal|p2a: Reuniclus|135\/424|[from] item: Leftovers
|
|switch|p1a: Your Mother|Chansey, F|543\/704
|turn|39
|
|move|p1a: Your Mother|Seismic Toss|p2a: Reuniclus
|-damage|p2a: Reuniclus|35\/424
|move|p2a: Reuniclus|Recover|p2a: Reuniclus
|-heal|p2a: Reuniclus|247\/424
|
|-heal|p2a: Reuniclus|273\/424|[from] item: Leftovers
|turn|40
|-message|fatd forfeited.
|
|win|TheSableyeGuy
|raw|Ladder updating...
|leave|fatd
|player|p1
|raw|fatd's rating: 1318 &rarr; <strong>1294<\/strong><br \/>(-24 for losing)
|raw|TheSableyeGuy's rating: 1252 &rarr; <strong>1282<\/strong><br \/>(+30 for winning)