|join|fatd
|join|POCHOLO
|player|p1|fatd|278
|player|p2|POCHOLO|264
|gametype|singles
|gen|6
|tier|OU
|rated
|clearpoke
|poke|p1|Zapdos
|poke|p1|Latias, F
|poke|p1|Diggersby, F
|poke|p1|Ferrothorn, M
|poke|p1|Sharpedo, M
|poke|p1|Talonflame, M
|poke|p2|Sceptile, M
|poke|p2|Heatran, M
|poke|p2|Keldeo
|poke|p2|Rotom-Wash
|poke|p2|Landorus-Therian, M
|poke|p2|Gengar, M
|rule|Swagger Clause: Swagger is banned
|rule|Baton Pass Clause: Limit one Pokémon knowing Baton Pass
|rule|Sleep Clause Mod: Limit one foe put to sleep
|rule|Species Clause: Limit one of each Pokémon
|rule|OHKO Clause: OHKO moves are banned
|rule|Moody Clause: Moody is banned
|rule|Evasion Moves Clause: Evasion moves are banned
|rule|Endless Battle Clause: Forcing endless battles is banned
|rule|HP Percentage Mod: HP is shown in percentages
|teampreview
|c|★fatd|glhf
|
|start
|switch|p1a: Spanish shoes|Zapdos|322\/322
|switch|p2a: Rotom-Wash|Rotom-Wash|303\/303
|-ability|p1a: Spanish shoes|Pressure
|turn|1
|
|move|p1a: Spanish shoes|Volt Switch|p2a: Rotom-Wash
|-damage|p2a: Rotom-Wash|186\/303
|
|switch|p1a: We dem birdz|Talonflame, M|325\/325
|move|p2a: Rotom-Wash|Will-O-Wisp|p1a: We dem birdz
|-fail|p1a: We dem birdz
|
|-heal|p2a: Rotom-Wash|204\/303|[from] item: Leftovers
|turn|2
|
|switch|p1a: Ferrodouchebag|Ferrothorn, M|352\/352
|move|p2a: Rotom-Wash|Hydro Pump|p1a: Ferrodouchebag
|-crit|p1a: Ferrodouchebag
|-resisted|p1a: Ferrodouchebag
|-damage|p1a: Ferrodouchebag|265\/352
|
|-heal|p2a: Rotom-Wash|222\/303|[from] item: Leftovers
|turn|3
|
|move|p2a: Rotom-Wash|Will-O-Wisp|p1a: Ferrodouchebag|[miss]
|-miss|p2a: Rotom-Wash|p1a: Ferrodouchebag
|move|p1a: Ferrodouchebag|Leech Seed|p2a: Rotom-Wash
|-start|p2a: Rotom-Wash|move: Leech Seed
|
|-heal|p2a: Rotom-Wash|240\/303|[from] item: Leftovers
|-damage|p2a: Rotom-Wash|203\/303|[from] Leech Seed|[of] p1a: Ferrodouchebag
|-heal|p1a: Ferrodouchebag|302\/352|[silent]
|turn|4
|
|move|p2a: Rotom-Wash|Volt Switch|p1a: Ferrodouchebag
|-resisted|p1a: Ferrodouchebag
|-damage|p1a: Ferrodouchebag|265\/352
|
|switch|p2a: Heatran|Heatran, M|385\/385
|move|p1a: Ferrodouchebag|Stealth Rock|p2a: Heatran
|-sidestart|p2: POCHOLO|move: Stealth Rock
|
|turn|5
|
|switch|p1a: Sandusky|Sharpedo, M|281\/281
|move|p2a: Heatran|Stealth Rock|p1a: Sandusky
|-sidestart|p1: fatd|move: Stealth Rock
|
|turn|6
|
|switch|p2a: Landorus-Therian|Landorus-Therian, M|322\/322
|-damage|p2a: Landorus-Therian|282\/322|[from] Stealth Rock
|-ability|p2a: Landorus-Therian|Intimidate|[of] p1a: Sandusky
|-unboost|p1a: Sandusky|atk|1
|move|p1a: Sandusky|Crunch|p2a: Landorus-Therian
|-damage|p2a: Landorus-Therian|182\/322
|
|-boost|p1a: Sandusky|spe|1|[from] ability: Speed Boost
|turn|7
|
|move|p1a: Sandusky|Protect|p1a: Sandusky
|-singleturn|p1a: Sandusky|Protect
|move|p2a: Landorus-Therian|U-turn|p1a: Sandusky
|-activate|p1a: Sandusky|Protect
|
|-boost|p1a: Sandusky|spe|1|[from] ability: Speed Boost
|turn|8
|
|move|p1a: Sandusky|Ice Fang|p2a: Landorus-Therian
|-supereffective|p2a: Landorus-Therian
|-damage|p2a: Landorus-Therian|0 fnt
|faint|p2a: Landorus-Therian
|
|-boost|p1a: Sandusky|spe|1|[from] ability: Speed Boost
|
|switch|p2a: Keldeo|Keldeo|323\/323
|-damage|p2a: Keldeo|303\/323|[from] Stealth Rock
|turn|9
|
|move|p1a: Sandusky|Protect|p1a: Sandusky
|-singleturn|p1a: Sandusky|Protect
|move|p2a: Keldeo|Icy Wind|p1a: Sandusky
|-activate|p1a: Sandusky|Protect
|
|-boost|p1a: Sandusky|spe|1|[from] ability: Speed Boost
|turn|10
|
|switch|p2a: Rotom-Wash|Rotom-Wash|203\/303
|-damage|p2a: Rotom-Wash|166\/303|[from] Stealth Rock
|move|p1a: Sandusky|Crunch|p2a: Rotom-Wash
|-damage|p2a: Rotom-Wash|96\/303
|
|-heal|p2a: Rotom-Wash|114\/303|[from] item: Leftovers
|-boost|p1a: Sandusky|spe|1|[from] ability: Speed Boost
|turn|11
|
|detailschange|p1a: Sandusky|Sharpedo-Mega, M
|message|Sharpedo has Mega Evolved into Mega Sharpedo!
|move|p1a: Sandusky|Crunch|p2a: Rotom-Wash
|-damage|p2a: Rotom-Wash|0 fnt
|faint|p2a: Rotom-Wash
|
|
|switch|p2a: Keldeo|Keldeo|303\/323
|-damage|p2a: Keldeo|283\/323|[from] Stealth Rock
|turn|12
|
|move|p1a: Sandusky|Protect|p1a: Sandusky
|-singleturn|p1a: Sandusky|Protect
|move|p2a: Keldeo|Secret Sword|p1a: Sandusky
|-activate|p1a: Sandusky|Protect
|
|turn|13
|
|switch|p1a: son of a bitch|Latias, F|302\/302
|-damage|p1a: son of a bitch|265\/302|[from] Stealth Rock
|move|p2a: Keldeo|Secret Sword|p1a: son of a bitch
|-resisted|p1a: son of a bitch
|-damage|p1a: son of a bitch|139\/302
|
|turn|14
|
|switch|p2a: Heatran|Heatran, M|385\/385
|-damage|p2a: Heatran|337\/385|[from] Stealth Rock
|move|p1a: son of a bitch|Defog|p2a: Heatran
|-unboost|p2a: Heatran|evasion|1
|-sideend|p2: POCHOLO|Stealth Rock|[from] move: Defog|[of] p2a: Heatran
|-sideend|p1: fatd|Stealth Rock|[from] move: Defog|[of] p1a: son of a bitch
|
|-heal|p2a: Heatran|361\/385|[from] item: Leftovers
|turn|15
|
|switch|p1a: Sandusky|Sharpedo-Mega, M|281\/281
|move|p2a: Heatran|Stealth Rock|p1a: Sandusky
|-sidestart|p1: fatd|move: Stealth Rock
|
|-heal|p2a: Heatran|385\/385|[from] item: Leftovers
|turn|16
|
|switch|p2a: Keldeo|Keldeo|283\/323
|move|p1a: Sandusky|Waterfall|p2a: Keldeo
|-resisted|p2a: Keldeo
|-damage|p2a: Keldeo|200\/323
|
|turn|17
|
|move|p1a: Sandusky|Protect|p1a: Sandusky
|-singleturn|p1a: Sandusky|Protect
|move|p2a: Keldeo|Secret Sword|p1a: Sandusky
|-activate|p1a: Sandusky|Protect
|
|turn|18
|
|move|p2a: Keldeo|Secret Sword|p1a: Sandusky
|-supereffective|p1a: Sandusky
|-damage|p1a: Sandusky|0 fnt
|faint|p1a: Sandusky
|
|
|switch|p1a: Spanish shoes|Zapdos|322\/322
|-damage|p1a: Spanish shoes|242\/322|[from] Stealth Rock
|-ability|p1a: Spanish shoes|Pressure
|turn|19
|
|switch|p2a: Heatran|Heatran, M|385\/385
|move|p1a: Spanish shoes|Volt Switch|p2a: Heatran
|-damage|p2a: Heatran|300\/385
|
|switch|p1a: udigging me|Diggersby, F|311\/311
|-damage|p1a: udigging me|292\/311|[from] Stealth Rock
|
|-heal|p2a: Heatran|324\/385|[from] item: Leftovers
|turn|20
|
|switch|p2a: Gengar|Gengar, M|324\/324
|move|p1a: udigging me|Earthquake|p2a: Gengar
|-immune|p2a: Gengar|[msg]
|
|turn|21
|
|move|p2a: Gengar|Will-O-Wisp|p1a: udigging me
|-status|p1a: udigging me|brn
|move|p1a: udigging me|Knock Off|p2a: Gengar
|-supereffective|p2a: Gengar
|-damage|p2a: Gengar|33\/324
|-enditem|p2a: Gengar|Life Orb|[from] move: Knock Off|[of] p1a: udigging me
|-damage|p1a: udigging me|261\/311 brn|[from] item: Life Orb
|
|-damage|p1a: udigging me|223\/311 brn|[from] brn
|turn|22
|
|move|p2a: Gengar|Sludge Wave|p1a: udigging me
|-resisted|p1a: udigging me
|-damage|p1a: udigging me|141\/311 brn
|move|p1a: udigging me|Knock Off|p2a: Gengar
|-supereffective|p2a: Gengar
|-damage|p2a: Gengar|0 fnt
|-damage|p1a: udigging me|110\/311 brn|[from] item: Life Orb
|faint|p2a: Gengar
|
|-damage|p1a: udigging me|72\/311 brn|[from] brn
|
|switch|p2a: Sceptile|Sceptile, M|282\/282
|turn|23
|
|detailschange|p2a: Sceptile|Sceptile-Mega, M
|message|Sceptile has Mega Evolved into Mega Sceptile!
|move|p1a: udigging me|Quick Attack|p2a: Sceptile
|-crit|p2a: Sceptile
|-damage|p2a: Sceptile|172\/282
|-damage|p1a: udigging me|41\/311 brn|[from] item: Life Orb
|move|p2a: Sceptile|Giga Drain|p1a: udigging me
|-supereffective|p1a: udigging me
|-damage|p1a: udigging me|0 fnt
|-heal|p2a: Sceptile|193\/282|[from] drain|[of] p1a: udigging me
|faint|p1a: udigging me
|
|
|switch|p1a: Spanish shoes|Zapdos|242\/322
|-damage|p1a: Spanish shoes|162\/322|[from] Stealth Rock
|-ability|p1a: Spanish shoes|Pressure
|turn|24
|
|move|p1a: Spanish shoes|Hidden Power|p2a: Sceptile
|-supereffective|p2a: Sceptile
|-damage|p2a: Sceptile|0 fnt
|faint|p2a: Sceptile
|
|
|switch|p2a: Keldeo|Keldeo|200\/323
|turn|25
|
|switch|p1a: Ferrodouchebag|Ferrothorn, M|265\/352
|-damage|p1a: Ferrodouchebag|243\/352|[from] Stealth Rock
|move|p2a: Keldeo|Secret Sword|p1a: Ferrodouchebag
|-supereffective|p1a: Ferrodouchebag
|-damage|p1a: Ferrodouchebag|0 fnt
|faint|p1a: Ferrodouchebag
|
|
|switch|p1a: Spanish shoes|Zapdos|162\/322
|-damage|p1a: Spanish shoes|82\/322|[from] Stealth Rock
|-ability|p1a: Spanish shoes|Pressure
|turn|26
|
|switch|p2a: Heatran|Heatran, M|324\/385
|move|p1a: Spanish shoes|Thunderbolt|p2a: Heatran
|-damage|p2a: Heatran|207\/385
|
|-heal|p2a: Heatran|231\/385|[from] item: Leftovers
|turn|27
|
|move|p1a: Spanish shoes|Thunderbolt|p2a: Heatran
|-damage|p2a: Heatran|114\/385
|move|p2a: Heatran|Lava Plume|p1a: Spanish shoes
|-damage|p1a: Spanish shoes|0 fnt
|faint|p1a: Spanish shoes
|
|-heal|p2a: Heatran|138\/385|[from] item: Leftovers
|
|switch|p1a: son of a bitch|Latias, F|139\/302
|-damage|p1a: son of a bitch|102\/302|[from] Stealth Rock
|turn|28
|
|move|p1a: son of a bitch|Draco Meteor|p2a: Heatran
|-resisted|p2a: Heatran
|-damage|p2a: Heatran|48\/385
|-unboost|p1a: son of a bitch|spa|2
|-damage|p1a: son of a bitch|72\/302|[from] item: Life Orb
|move|p2a: Heatran|Lava Plume|p1a: son of a bitch
|-resisted|p1a: son of a bitch
|-damage|p1a: son of a bitch|26\/302
|-status|p1a: son of a bitch|brn
|
|-heal|p2a: Heatran|72\/385|[from] item: Leftovers
|-damage|p1a: son of a bitch|0 fnt|[from] brn
|faint|p1a: son of a bitch
|
|switch|p1a: We dem birdz|Talonflame, M|325\/325
|-damage|p1a: We dem birdz|163\/325|[from] Stealth Rock
|turn|29
|
|move|p1a: We dem birdz|Brave Bird|p2a: Heatran
|-resisted|p2a: Heatran
|-damage|p2a: Heatran|0 fnt
|-damage|p1a: We dem birdz|139\/325|[from] recoil|[of] p2a: Heatran
|faint|p2a: Heatran
|
|
|switch|p2a: Keldeo|Keldeo|200\/323
|turn|30
|
|move|p1a: We dem birdz|Brave Bird|p2a: Keldeo
|-supereffective|p2a: Keldeo
|-damage|p2a: Keldeo|0 fnt
|-damage|p1a: We dem birdz|73\/325|[from] recoil|[of] p2a: Keldeo
|faint|p2a: Keldeo
|
|win|fatd
|raw|Ladder updating...
|leave|POCHOLO
|player|p2
|raw|fatd's rating: 1528 &rarr; <strong>1544<\/strong><br \/>(+16 for winning)
|raw|POCHOLO's rating: 1447 &rarr; <strong>1431<\/strong><br \/>(-16 for losing)