|join|MrHiro
|join|Doouchebag
|player|p1|MrHiro|291
|player|p2|Doouchebag|1
|gametype|singles
|gen|6
|tier|UU
|rated
|rule|Sleep Clause Mod: Limit one foe put to sleep
|rule|Species Clause: Limit one of each Pokémon
|rule|OHKO Clause: OHKO moves are banned
|rule|Moody Clause: Moody is banned
|rule|Evasion Moves Clause: Evasion moves are banned
|rule|Endless Battle Clause: Forcing endless battles is banned
|rule|HP Percentage Mod: HP is shown in percentages
|clearpoke
|poke|p1|Goodra, F
|poke|p1|Umbreon, M, shiny
|poke|p1|Kingdra, M
|poke|p1|Donphan, M
|poke|p1|Crobat, M
|poke|p1|Galvantula, M
|poke|p2|Swampert, M
|poke|p2|Crobat, F
|poke|p2|Noivern, F
|poke|p2|Vaporeon, M
|poke|p2|Mienshao, F
|poke|p2|Celebi
|rule|Swagger Clause: Swagger is banned
|rule|Baton Pass Clause: Limit one Pokémon knowing Baton Pass
|teampreview
|
|start
|switch|p1a: Goodra|Goodra, F|383\/383
|switch|p2a: Noivern|Noivern, F|311\/311
|turn|1
|
|switch|p2a: Swampert|Swampert, M|404\/404
|move|p1a: Goodra|Draco Meteor|p2a: Swampert
|-damage|p2a: Swampert|233\/404
|-unboost|p1a: Goodra|spa|2
|
|turn|2
|
|switch|p1a: Kingdra|Kingdra, M|307\/307
|detailschange|p2a: Swampert|Swampert-Mega, M
|message|Swampert has Mega Evolved into Mega Swampert!
|move|p2a: Swampert|Rest|p2a: Swampert
|-status|p2a: Swampert|slp
|-heal|p2a: Swampert|404\/404 slp|[silent]
|-status|p2a: Swampert|slp|[from] move: Rest
|
|turn|3
|
|switch|p2a: Noivern|Noivern, F|311\/311
|move|p1a: Kingdra|Focus Energy|p1a: Kingdra
|-start|p1a: Kingdra|move: Focus Energy
|
|turn|4
|
|move|p2a: Noivern|Draco Meteor|p1a: Kingdra
|-supereffective|p1a: Kingdra
|-damage|p1a: Kingdra|0 fnt
|-unboost|p2a: Noivern|spa|2
|faint|p1a: Kingdra
|
|c|★Doouchebag|thank god that thing is gone
|c|★MrHiro|lol
|
|switch|p1a: Goodra|Goodra, F|383\/383
|turn|5
|
|switch|p2a: Celebi|Celebi|403\/403
|move|p1a: Goodra|Dragon Tail|p2a: Celebi
|-damage|p2a: Celebi|334\/403
|drag|p2a: Vaporeon|Vaporeon, M|464\/464
|
|turn|6
|
|move|p2a: Vaporeon|Scald|p1a: Goodra
|-resisted|p1a: Goodra
|-damage|p1a: Goodra|357\/383
|move|p1a: Goodra|Dragon Tail|p2a: Vaporeon
|-damage|p2a: Vaporeon|403\/464
|drag|p2a: Swampert|Swampert-Mega, M|404\/404 slp
|
|turn|7
|
|move|p1a: Goodra|Draco Meteor|p2a: Swampert
|-damage|p2a: Swampert|253\/404 slp
|-unboost|p1a: Goodra|spa|2
|cant|p2a: Swampert|slp
|move|p2a: Swampert|Sleep Talk|p2a: Swampert
|move|p2a: Swampert|Rest|p2a: Swampert|[from]Sleep Talk
|-fail|p2a: Swampert
|
|turn|8
|
|switch|p1a: Umbreon|Umbreon, M, shiny|394\/394
|cant|p2a: Swampert|slp
|move|p2a: Swampert|Sleep Talk|p2a: Swampert
|move|p2a: Swampert|Rest|p2a: Swampert|[from]Sleep Talk
|-fail|p2a: Swampert
|
|turn|9
|
|-curestatus|p2a: Swampert|slp
|move|p2a: Swampert|Curse|p2a: Swampert
|-boost|p2a: Swampert|atk|1
|-boost|p2a: Swampert|def|1
|-unboost|p2a: Swampert|spe|1
|move|p1a: Umbreon|Foul Play|p2a: Swampert
|-crit|p2a: Swampert
|-damage|p2a: Swampert|0 fnt
|faint|p2a: Swampert
|
|c|★Doouchebag|GOD DAMN IT!
|
|switch|p2a: Celebi|Celebi|334\/403
|turn|10
|
|move|p2a: Celebi|Stealth Rock|p1a: Umbreon
|-sidestart|p1: MrHiro|move: Stealth Rock
|move|p1a: Umbreon|Foul Play|p2a: Celebi
|-supereffective|p2a: Celebi
|-damage|p2a: Celebi|116\/403
|
|-heal|p2a: Celebi|141\/403|[from] item: Leftovers
|turn|11
|
|switch|p2a: Vaporeon|Vaporeon, M|403\/464
|move|p1a: Umbreon|Foul Play|p2a: Vaporeon
|-damage|p2a: Vaporeon|327\/464
|
|-heal|p2a: Vaporeon|356\/464|[from] item: Leftovers
|turn|12
|
|switch|p1a: Galvantula|Galvantula, M|282\/282
|-damage|p1a: Galvantula|212\/282|[from] Stealth Rock
|move|p2a: Vaporeon|Wish|p2a: Vaporeon
|
|-heal|p2a: Vaporeon|385\/464|[from] item: Leftovers
|turn|13
|
|switch|p2a: Noivern|Noivern, F|311\/311
|move|p1a: Galvantula|Thunder|p2a: Noivern
|-damage|p2a: Noivern|122\/311
|
|-heal|p2a: Noivern|311\/311|[from] move: Wish|[wisher] Vaporeon
|turn|14
|
|switch|p1a: Umbreon|Umbreon, M, shiny|394\/394
|-damage|p1a: Umbreon|345\/394|[from] Stealth Rock
|move|p2a: Noivern|Draco Meteor|p1a: Umbreon
|-damage|p1a: Umbreon|161\/394
|-unboost|p2a: Noivern|spa|2
|
|-heal|p1a: Umbreon|185\/394|[from] item: Leftovers
|turn|15
|
|switch|p2a: Mienshao|Mienshao, F|271\/271
|move|p1a: Umbreon|Wish|p1a: Umbreon
|
|-heal|p1a: Umbreon|209\/394|[from] item: Leftovers
|turn|16
|
|move|p1a: Umbreon|Protect|p1a: Umbreon
|-singleturn|p1a: Umbreon|Protect
|move|p2a: Mienshao|Knock Off|p1a: Umbreon
|-activate|p1a: Umbreon|Protect
|
|-heal|p1a: Umbreon|394\/394|[from] move: Wish|[wisher] Umbreon
|turn|17
|
|switch|p1a: Crobat|Crobat, M|355\/355
|-damage|p1a: Crobat|267\/355|[from] Stealth Rock
|move|p2a: Mienshao|Knock Off|p1a: Crobat
|-damage|p1a: Crobat|123\/355
|-enditem|p1a: Crobat|Black Sludge|[from] move: Knock Off|[of] p2a: Mienshao
|
|turn|18
|
|switch|p2a: Noivern|Noivern, F|311\/311
|move|p1a: Crobat|Roost|p1a: Crobat
|-heal|p1a: Crobat|301\/355
|
|turn|19
|
|move|p2a: Noivern|Draco Meteor|p1a: Crobat
|-damage|p1a: Crobat|0 fnt
|-unboost|p2a: Noivern|spa|2
|faint|p1a: Crobat
|
|
|switch|p1a: Goodra|Goodra, F|357\/383
|-damage|p1a: Goodra|310\/383|[from] Stealth Rock
|turn|20
|
|switch|p2a: Vaporeon|Vaporeon, M|385\/464
|move|p1a: Goodra|Sludge Bomb|p2a: Vaporeon
|-damage|p2a: Vaporeon|282\/464
|
|-heal|p2a: Vaporeon|311\/464|[from] item: Leftovers
|turn|21
|
|move|p1a: Goodra|Sludge Bomb|p2a: Vaporeon
|-damage|p2a: Vaporeon|203\/464
|move|p2a: Vaporeon|Wish|p2a: Vaporeon
|
|-heal|p2a: Vaporeon|232\/464|[from] item: Leftovers
|turn|22
|
|move|p2a: Vaporeon|Protect|p2a: Vaporeon
|-singleturn|p2a: Vaporeon|Protect
|move|p1a: Goodra|Dragon Tail|p2a: Vaporeon
|-activate|p2a: Vaporeon|Protect
|
|-heal|p2a: Vaporeon|464\/464|[from] move: Wish|[wisher] Vaporeon
|turn|23
|
|move|p1a: Goodra|Sludge Bomb|p2a: Vaporeon
|-damage|p2a: Vaporeon|363\/464
|move|p2a: Vaporeon|Wish|p2a: Vaporeon
|
|-heal|p2a: Vaporeon|392\/464|[from] item: Leftovers
|turn|24
|
|switch|p1a: Galvantula|Galvantula, M|212\/282
|-damage|p1a: Galvantula|142\/282|[from] Stealth Rock
|move|p2a: Vaporeon|Scald|p1a: Galvantula
|-damage|p1a: Galvantula|0 fnt
|faint|p1a: Galvantula
|
|-heal|p2a: Vaporeon|464\/464|[from] move: Wish|[wisher] Vaporeon
|c|★MrHiro|gg
|-message|MrHiro forfeited.
|
|win|Doouchebag
|raw|Ladder updating...
|leave|MrHiro
|player|p1
|raw|MrHiro's rating: 1260 &rarr; <strong>1242<\/strong><br \/>(-18 for losing)
|raw|Doouchebag's rating: 1363 &rarr; <strong>1377<\/strong><br \/>(+14 for winning)