|join|Sir Mexican
|join|Doouchebag
|player|p1|Sir Mexican|288
|player|p2|Doouchebag|101
|gametype|singles
|gen|6
|tier|UU
|rated
|rule|Sleep Clause Mod: Limit one foe put to sleep
|rule|Species Clause: Limit one of each Pokémon
|rule|OHKO Clause: OHKO moves are banned
|rule|Moody Clause: Moody is banned
|rule|Evasion Moves Clause: Evasion moves are banned
|rule|Endless Battle Clause: Forcing endless battles is banned
|rule|HP Percentage Mod: HP is shown in percentages
|clearpoke
|poke|p1|Crobat, M
|poke|p1|Sceptile, M
|poke|p1|Infernape, M
|poke|p1|Eelektross, F
|poke|p1|Blastoise, M
|poke|p1|Florges, F
|poke|p2|Haxorus, F
|poke|p2|Beedrill, F
|poke|p2|Starmie
|poke|p2|Celebi
|poke|p2|Arcanine, M
|poke|p2|Roserade, F
|rule|Swagger Clause: Swagger is banned
|rule|Baton Pass Clause: Limit one Pokémon knowing Baton Pass
|teampreview
|
|start
|switch|p1a: Crobat|Crobat, M|311\/311
|switch|p2a: Beedrill|Beedrill, F|271\/271
|turn|1
|
|detailschange|p2a: Beedrill|Beedrill-Mega, F
|-mega|p2a: Beedrill|Beedrill|Beedrillite
|move|p2a: Beedrill|Protect|p2a: Beedrill
|-singleturn|p2a: Beedrill|Protect
|move|p1a: Crobat|Brave Bird|p2a: Beedrill
|-activate|p2a: Beedrill|Protect
|
|turn|2
|
|move|p2a: Beedrill|U-turn|p1a: Crobat
|-resisted|p1a: Crobat
|-damage|p1a: Crobat|259\/311
|
|switch|p2a: Arcanine|Arcanine, M|383\/383
|-ability|p2a: Arcanine|Intimidate|[of] p1a: Crobat
|-unboost|p1a: Crobat|atk|1
|move|p1a: Crobat|Brave Bird|p2a: Arcanine
|-damage|p2a: Arcanine|244\/383
|-damage|p1a: Crobat|213\/311|[from] recoil|[of] p2a: Arcanine
|
|-heal|p2a: Arcanine|267\/383|[from] item: Leftovers
|turn|3
|
|switch|p1a: Infernape|Infernape, M|294\/294
|move|p2a: Arcanine|Will-O-Wisp|p1a: Infernape|[miss]
|-miss|p2a: Arcanine|p1a: Infernape
|
|-heal|p2a: Arcanine|290\/383|[from] item: Leftovers
|turn|4
|
|switch|p2a: Starmie|Starmie|324\/324
|move|p1a: Infernape|Earthquake|p2a: Starmie
|-damage|p2a: Starmie|182\/324
|-damage|p1a: Infernape|265\/294|[from] item: Life Orb
|
|-heal|p2a: Starmie|202\/324|[from] item: Leftovers
|turn|5
|
|switch|p1a: Eelektross|Eelektross, F|371\/371
|move|p2a: Starmie|Scald|p1a: Eelektross
|-damage|p1a: Eelektross|292\/371
|-status|p1a: Eelektross|brn
|
|-heal|p2a: Starmie|222\/324|[from] item: Leftovers
|-damage|p1a: Eelektross|246\/371 brn|[from] brn
|turn|6
|
|switch|p2a: Roserade|Roserade, F|261\/261
|move|p1a: Eelektross|Thunderbolt|p2a: Roserade
|-resisted|p2a: Roserade
|-damage|p2a: Roserade|189\/261
|
|-damage|p1a: Eelektross|200\/371 brn|[from] brn
|turn|7
|
|move|p2a: Roserade|Sludge Bomb|p1a: Eelektross
|-damage|p1a: Eelektross|28\/371 brn
|-damage|p2a: Roserade|163\/261|[from] item: Life Orb
|move|p1a: Eelektross|Flamethrower|p2a: Roserade
|-supereffective|p2a: Roserade
|-damage|p2a: Roserade|0 fnt
|faint|p2a: Roserade
|
|-damage|p1a: Eelektross|0 fnt|[from] brn
|faint|p1a: Eelektross
|
|switch|p2a: Beedrill|Beedrill-Mega, F|271\/271
|switch|p1a: Crobat|Crobat, M|213\/311
|turn|8
|
|move|p2a: Beedrill|U-turn|p1a: Crobat
|-resisted|p1a: Crobat
|-damage|p1a: Crobat|157\/311
|
|switch|p2a: Arcanine|Arcanine, M|290\/383
|-ability|p2a: Arcanine|Intimidate|[of] p1a: Crobat
|-unboost|p1a: Crobat|atk|1
|move|p1a: Crobat|Brave Bird|p2a: Arcanine
|-crit|p2a: Arcanine
|-damage|p2a: Arcanine|0 fnt
|-damage|p1a: Crobat|61\/311|[from] recoil|[of] p2a: Arcanine
|faint|p2a: Arcanine
|
|
|switch|p2a: Beedrill|Beedrill-Mega, F|271\/271
|turn|9
|c|★Doouchebag|fuck hax
|
|switch|p1a: Blastoise|Blastoise, M|362\/362
|move|p2a: Beedrill|Knock Off|p1a: Blastoise
|-damage|p1a: Blastoise|274\/362
|-enditem|p1a: Blastoise|Leftovers|[from] move: Knock Off|[of] p2a: Beedrill
|
|turn|10
|
|switch|p1a: Crobat|Crobat, M|61\/311
|move|p2a: Beedrill|U-turn|p1a: Crobat
|-resisted|p1a: Crobat
|-damage|p1a: Crobat|8\/311
|
|switch|p2a: Haxorus|Haxorus, F|324\/324
|-ability|p2a: Haxorus|Mold Breaker
|
|turn|11
|
|move|p1a: Crobat|U-turn|p2a: Haxorus
|-crit|p2a: Haxorus
|-damage|p2a: Haxorus|158\/324
|c|★Doouchebag|FUCK YOU!
|
|switch|p1a: Florges|Florges, F|360\/360
|move|p2a: Haxorus|Dragon Dance|p2a: Haxorus
|-boost|p2a: Haxorus|atk|1
|-boost|p2a: Haxorus|spe|1
|
|turn|12
|c|★Sir Mexican|AH
|c|★Sir Mexican|dont fuck me
|c|★Doouchebag|FUCK YOUR MOTHER YOU MOTHERFUCKLER!
|c|★Sir Mexican|O-o
|
|move|p2a: Haxorus|Poison Jab|p1a: Florges
|-supereffective|p1a: Florges
|-damage|p1a: Florges|0 fnt
|faint|p1a: Florges
|
|
|switch|p1a: Blastoise|Blastoise, M|274\/362
|turn|13
|
|move|p2a: Haxorus|Dual Chop|p1a: Blastoise
|-damage|p1a: Blastoise|183\/362
|-damage|p1a: Blastoise|95\/362
|-hitcount|p1a: Blastoise|2
|move|p1a: Blastoise|Ice Beam|p2a: Haxorus
|-supereffective|p2a: Haxorus
|-damage|p2a: Haxorus|0 fnt
|faint|p2a: Haxorus
|
|
|switch|p2a: Beedrill|Beedrill-Mega, F|271\/271
|turn|14
|
|move|p2a: Beedrill|Poison Jab|p1a: Blastoise
|-damage|p1a: Blastoise|0 fnt
|faint|p1a: Blastoise
|
|
|switch|p1a: Infernape|Infernape, M|265\/294
|turn|15
|
|switch|p2a: Celebi|Celebi|403\/403
|move|p1a: Infernape|Earthquake|p2a: Celebi
|-resisted|p2a: Celebi
|-damage|p2a: Celebi|342\/403
|-damage|p1a: Infernape|236\/294|[from] item: Life Orb
|
|-heal|p2a: Celebi|367\/403|[from] item: Leftovers
|turn|16
|
|move|p1a: Infernape|Flare Blitz|p2a: Celebi
|-supereffective|p2a: Celebi
|-damage|p2a: Celebi|0 fnt
|-damage|p1a: Infernape|115\/294|[from] recoil|[of] p2a: Celebi
|-damage|p1a: Infernape|86\/294|[from] item: Life Orb
|faint|p2a: Celebi
|
|c|★Doouchebag|gg fucking haxor
|
|switch|p2a: Beedrill|Beedrill-Mega, F|271\/271
|turn|17
|
|move|p1a: Infernape|Mach Punch|p2a: Beedrill
|-resisted|p2a: Beedrill
|-damage|p2a: Beedrill|226\/271
|-damage|p1a: Infernape|57\/294|[from] item: Life Orb
|move|p2a: Beedrill|Poison Jab|p1a: Infernape
|-damage|p1a: Infernape|0 fnt
|faint|p1a: Infernape
|
|
|switch|p1a: Crobat|Crobat, M|8\/311
|turn|18
|
|move|p1a: Crobat|Quick Attack|p2a: Beedrill
|-damage|p2a: Beedrill|116\/271
|move|p2a: Beedrill|Knock Off|p1a: Crobat
|-damage|p1a: Crobat|0 fnt
|-enditem|p1a: Crobat|Choice Band|[from] move: Knock Off|[of] p2a: Beedrill
|faint|p1a: Crobat
|
|
|switch|p1a: Sceptile|Sceptile, M|282\/282
|turn|19
|
|detailschange|p1a: Sceptile|Sceptile-Mega, M
|-mega|p1a: Sceptile|Sceptile|Sceptilite
|move|p2a: Beedrill|Poison Jab|p1a: Sceptile
|-supereffective|p1a: Sceptile
|-damage|p1a: Sceptile|0 fnt
|faint|p1a: Sceptile
|
|win|Doouchebag
|raw|Ladder updating...
|raw|Sir Mexican's rating: 1420 &rarr; <strong>1396<\/strong><br \/>(-24 for losing)
|raw|Doouchebag's rating: 1353 &rarr; <strong>1377<\/strong><br \/>(+24 for winning)
|c|★Sir Mexican|Nooooo
|c|★Doouchebag|WHAT!?!
|c|★Sir Mexican|why
|c|★Sir Mexican|you fuck me
|c|★Sir Mexican|why
|c|★Sir Mexican|fukc
|leave|Sir Mexican
|player|p1