|join|meeowiekins
|join|blockchiller
|player|p1|meeowiekins|160
|player|p2|blockchiller|136
|gametype|singles
|gen|6
|tier|UU
|rated
|rule|Sleep Clause Mod: Limit one foe put to sleep
|rule|Species Clause: Limit one of each Pokémon
|rule|OHKO Clause: OHKO moves are banned
|rule|Moody Clause: Moody is banned
|rule|Evasion Moves Clause: Evasion moves are banned
|rule|Endless Battle Clause: Forcing endless battles is banned
|rule|HP Percentage Mod: HP is shown in percentages
|clearpoke
|poke|p1|Crobat, F
|poke|p1|Raikou
|poke|p1|Swampert, M
|poke|p1|Celebi
|poke|p1|Krookodile, F
|poke|p1|Jirachi
|poke|p2|Jirachi
|poke|p2|Crobat, M
|poke|p2|Swampert, F
|poke|p2|Entei, shiny
|poke|p2|Absol, M
|poke|p2|Florges, F
|rule|Swagger Clause: Swagger is banned
|rule|Baton Pass Clause: Limit one Pokémon knowing Baton Pass
|teampreview
|
|start
|switch|p1a: Krookodile|Krookodile, F|331\/331
|switch|p2a: Swampert|Swampert, F|404\/404
|-ability|p1a: Krookodile|Intimidate|[of] p2a: Swampert
|-unboost|p2a: Swampert|atk|1
|turn|1
|c|★meeowiekins|that was the ONE thing
|
|move|p1a: Krookodile|Knock Off|p2a: Swampert
|-crit|p2a: Swampert
|-damage|p2a: Swampert|92\/404
|-enditem|p2a: Swampert|Leftovers|[from] move: Knock Off|[of] p1a: Krookodile
|move|p2a: Swampert|Stealth Rock|p1a: Krookodile
|-sidestart|p1: meeowiekins|move: Stealth Rock
|
|turn|2
|
|switch|p2a: Absol|Absol, M|272\/272
|move|p1a: Krookodile|Knock Off|p2a: Absol
|-resisted|p2a: Absol
|-damage|p2a: Absol|155\/272
|-boost|p2a: Absol|atk|1|[from] ability: Justified
|
|turn|3
|
|switch|p1a: Swampert|Swampert, M|404\/404
|-damage|p1a: Swampert|379\/404|[from] Stealth Rock
|detailschange|p2a: Absol|Absol-Mega, M
|message|Absol has Mega Evolved into Mega Absol!
|move|p2a: Absol|Play Rough|p1a: Swampert
|-damage|p1a: Swampert|244\/404
|
|-heal|p1a: Swampert|269\/404|[from] item: Leftovers
|turn|4
|
|move|p2a: Absol|Knock Off|p1a: Swampert
|-damage|p1a: Swampert|41\/404
|-enditem|p1a: Swampert|Leftovers|[from] move: Knock Off|[of] p2a: Absol
|move|p1a: Swampert|Earthquake|p2a: Absol
|-damage|p2a: Absol|0 fnt
|faint|p2a: Absol
|
|
|switch|p2a: Crobat|Crobat, M|373\/373
|turn|5
|
|move|p2a: Crobat|Brave Bird|p1a: Swampert
|-damage|p1a: Swampert|0 fnt
|-damage|p2a: Crobat|359\/373|[from] recoil|[of] p1a: Swampert
|faint|p1a: Swampert
|
|-heal|p2a: Crobat|373\/373|[from] item: Black Sludge
|
|switch|p1a: Jirachi|Jirachi|341\/341
|-damage|p1a: Jirachi|320\/341|[from] Stealth Rock
|turn|6
|
|switch|p2a: Entei|Entei, shiny|372\/372
|-ability|p2a: Entei|Pressure
|move|p1a: Jirachi|U-turn|p2a: Entei
|-resisted|p2a: Entei
|-damage|p2a: Entei|336\/372
|
|switch|p1a: Krookodile|Krookodile, F|331\/331
|-damage|p1a: Krookodile|311\/331|[from] Stealth Rock
|-ability|p1a: Krookodile|Intimidate|[of] p2a: Entei
|-unboost|p2a: Entei|atk|1
|
|turn|7
|
|switch|p2a: Crobat|Crobat, M|373\/373
|move|p1a: Krookodile|Earthquake|p2a: Crobat
|-immune|p2a: Crobat|[msg]
|
|turn|8
|
|move|p2a: Crobat|Toxic|p1a: Krookodile
|-status|p1a: Krookodile|tox
|move|p1a: Krookodile|Earthquake|p2a: Crobat
|-immune|p2a: Crobat|[msg]
|
|-damage|p1a: Krookodile|291\/331 tox|[from] psn
|turn|9
|
|switch|p1a: Jirachi|Jirachi|320\/341
|-damage|p1a: Jirachi|299\/341|[from] Stealth Rock
|move|p2a: Crobat|Brave Bird|p1a: Jirachi
|-resisted|p1a: Jirachi
|-damage|p1a: Jirachi|227\/341
|-damage|p2a: Crobat|349\/373|[from] recoil|[of] p1a: Jirachi
|
|-heal|p2a: Crobat|372\/373|[from] item: Black Sludge
|turn|10
|
|switch|p2a: Jirachi|Jirachi|345\/345
|move|p1a: Jirachi|Zen Headbutt|p2a: Jirachi
|-resisted|p2a: Jirachi
|-damage|p2a: Jirachi|314\/345
|
|turn|11
|
|move|p1a: Jirachi|Zen Headbutt|p2a: Jirachi
|-crit|p2a: Jirachi
|-resisted|p2a: Jirachi
|-damage|p2a: Jirachi|266\/345
|move|p2a: Jirachi|U-turn|p1a: Jirachi
|-damage|p1a: Jirachi|154\/341
|
|switch|p2a: Entei|Entei, shiny|336\/372
|-ability|p2a: Entei|Pressure
|
|turn|12
|
|move|p1a: Jirachi|Zen Headbutt|p2a: Entei
|-damage|p2a: Entei|204\/372
|move|p2a: Entei|Sacred Fire|p1a: Jirachi
|-supereffective|p1a: Jirachi
|-damage|p1a: Jirachi|0 fnt
|faint|p1a: Jirachi
|
|
|switch|p1a: Krookodile|Krookodile, F|291\/331 tox
|-damage|p1a: Krookodile|271\/331 tox|[from] Stealth Rock
|-ability|p1a: Krookodile|Intimidate|[of] p2a: Entei
|-unboost|p2a: Entei|atk|1
|turn|13
|
|move|p1a: Krookodile|Knock Off|p2a: Entei
|-damage|p2a: Entei|0 fnt
|-enditem|p2a: Entei|Choice Band|[from] move: Knock Off|[of] p1a: Krookodile
|faint|p2a: Entei
|
|-damage|p1a: Krookodile|251\/331 tox|[from] psn
|join|Bob the Bro
|c| Bob the Bro|fkn
|c| Bob the Bro|nerd
|c|★meeowiekins|:[
|c| Bob the Bro|:]
|
|switch|p2a: Jirachi|Jirachi|266\/345
|turn|14
|c|★meeowiekins|<3
|
|move|p2a: Jirachi|U-turn|p1a: Krookodile
|-supereffective|p1a: Krookodile
|-damage|p1a: Krookodile|75\/331 tox
|c| Bob the Bro|<\/3
|join|DatGuyChuck
|
|switch|p2a: Florges|Florges, F|360\/360
|move|p1a: Krookodile|Knock Off|p2a: Florges
|-resisted|p2a: Florges
|-damage|p2a: Florges|234\/360
|-enditem|p2a: Florges|Leftovers|[from] move: Knock Off|[of] p1a: Krookodile
|
|-damage|p1a: Krookodile|35\/331 tox|[from] psn
|turn|15
|
|move|p1a: Krookodile|Knock Off|p2a: Florges
|-resisted|p2a: Florges
|-damage|p2a: Florges|149\/360
|move|p2a: Florges|Wish|p2a: Florges
|
|-damage|p1a: Krookodile|0 fnt|[from] psn
|faint|p1a: Krookodile
|
|switch|p1a: Raikou|Raikou|322\/322
|-damage|p1a: Raikou|282\/322|[from] Stealth Rock
|-ability|p1a: Raikou|Pressure
|turn|16
|join|Stannis Is Coming
|join|somewhere nice
|
|switch|p2a: Swampert|Swampert, F|92\/404
|move|p1a: Raikou|Hidden Power|p2a: Swampert
|-damage|p2a: Swampert|29\/404
|
|-heal|p2a: Swampert|209\/404|[from] move: Wish|[wisher] Florges
|-heal|p1a: Raikou|302\/322|[from] item: Leftovers
|turn|17
|
|switch|p1a: Celebi|Celebi|341\/341
|-damage|p1a: Celebi|299\/341|[from] Stealth Rock
|move|p2a: Swampert|Roar|p1a: Celebi
|drag|p1a: Raikou|Raikou|302\/322
|-damage|p1a: Raikou|262\/322|[from] Stealth Rock
|-ability|p1a: Raikou|Pressure
|
|-heal|p1a: Raikou|282\/322|[from] item: Leftovers
|turn|18
|
|switch|p1a: Celebi|Celebi|299\/341
|-damage|p1a: Celebi|257\/341|[from] Stealth Rock
|move|p2a: Swampert|Earthquake|p1a: Celebi
|-resisted|p1a: Celebi
|-damage|p1a: Celebi|188\/341
|
|-heal|p1a: Celebi|209\/341|[from] item: Leftovers
|turn|19
|
|switch|p1a: Raikou|Raikou|282\/322
|-damage|p1a: Raikou|242\/322|[from] Stealth Rock
|-ability|p1a: Raikou|Pressure
|switch|p2a: Jirachi|Jirachi|266\/345
|
|-heal|p1a: Raikou|262\/322|[from] item: Leftovers
|turn|20
|
|move|p2a: Jirachi|U-turn|p1a: Raikou
|-damage|p1a: Raikou|174\/322
|c| Bob the Bro|why arent you hp grass fgt
|c|★meeowiekins|why is he SpD
|c| Stannis Is Coming|lol
|c| Stannis Is Coming|^
|
|switch|p2a: Florges|Florges, F|149\/360
|move|p1a: Raikou|Hidden Power|p2a: Florges
|-crit|p2a: Florges
|-damage|p2a: Florges|89\/360
|
|-heal|p1a: Raikou|194\/322|[from] item: Leftovers
|turn|21
|
|move|p1a: Raikou|Calm Mind|p1a: Raikou
|-boost|p1a: Raikou|spa|1
|-boost|p1a: Raikou|spd|1
|move|p2a: Florges|Wish|p2a: Florges
|
|-heal|p1a: Raikou|214\/322|[from] item: Leftovers
|turn|22
|
|move|p1a: Raikou|Substitute|p1a: Raikou
|-start|p1a: Raikou|Substitute
|-damage|p1a: Raikou|134\/322
|move|p2a: Florges|Moonblast|p1a: Raikou
|-end|p1a: Raikou|Substitute
|
|-heal|p2a: Florges|269\/360|[from] move: Wish|[wisher] Florges
|-heal|p1a: Raikou|154\/322|[from] item: Leftovers
|turn|23
|
|move|p1a: Raikou|Calm Mind|p1a: Raikou
|-boost|p1a: Raikou|spa|1
|-boost|p1a: Raikou|spd|1
|move|p2a: Florges|Moonblast|p1a: Raikou
|-damage|p1a: Raikou|97\/322
|-unboost|p1a: Raikou|spa|1
|
|-heal|p1a: Raikou|117\/322|[from] item: Leftovers
|turn|24
|c|★meeowiekins|epic
|c| Bob the Bro|rip
|
|switch|p2a: Swampert|Swampert, F|209\/404
|move|p1a: Raikou|Calm Mind|p1a: Raikou
|-boost|p1a: Raikou|spa|1
|-boost|p1a: Raikou|spd|1
|
|-heal|p1a: Raikou|137\/322|[from] item: Leftovers
|turn|25
|c|★meeowiekins|if i had +3
|
|move|p1a: Raikou|Hidden Power|p2a: Swampert
|-damage|p2a: Swampert|69\/404
|move|p2a: Swampert|Earthquake|p1a: Raikou
|-supereffective|p1a: Raikou
|-damage|p1a: Raikou|0 fnt
|faint|p1a: Raikou
|
|c|★meeowiekins|w\/e
|
|switch|p1a: Celebi|Celebi|209\/341
|-damage|p1a: Celebi|167\/341|[from] Stealth Rock
|turn|26
|c| Bob the Bro|you suck
|leave|somewhere nice
|
|move|p1a: Celebi|Nasty Plot|p1a: Celebi
|-boost|p1a: Celebi|spa|2
|move|p2a: Swampert|Roar|p1a: Celebi
|drag|p1a: Crobat|Crobat, F|359\/359
|-damage|p1a: Crobat|270\/359|[from] Stealth Rock
|
|-heal|p1a: Crobat|292\/359|[from] item: Black Sludge
|turn|27
|
|move|p1a: Crobat|Brave Bird|p2a: Swampert
|-damage|p2a: Swampert|0 fnt
|-damage|p1a: Crobat|269\/359|[from] recoil|[of] p2a: Swampert
|faint|p2a: Swampert
|
|-heal|p1a: Crobat|291\/359|[from] item: Black Sludge
|
|switch|p2a: Jirachi|Jirachi|266\/345
|turn|28
|
|move|p2a: Jirachi|Ice Punch|p1a: Crobat
|-supereffective|p1a: Crobat
|-damage|p1a: Crobat|115\/359
|move|p1a: Crobat|U-turn|p2a: Jirachi
|-damage|p2a: Jirachi|211\/345
|
|switch|p1a: Celebi|Celebi|167\/341
|-damage|p1a: Celebi|125\/341|[from] Stealth Rock
|
|-heal|p1a: Celebi|146\/341|[from] item: Leftovers
|turn|29
|
|move|p2a: Jirachi|Ice Punch|p1a: Celebi
|-supereffective|p1a: Celebi
|-damage|p1a: Celebi|10\/341
|move|p1a: Celebi|Dazzling Gleam|p2a: Jirachi
|-resisted|p2a: Jirachi
|-damage|p2a: Jirachi|172\/345
|
|-heal|p1a: Celebi|31\/341|[from] item: Leftovers
|turn|30
|c|★blockchiller|Burr
|c| Bob the Bro|run recover
|c|★blockchiller|#freeguwop2014
|c| Bob the Bro|fgt
|join|sniperaim
|c|★blockchiller|poopyhead
|
|move|p2a: Jirachi|Ice Punch|p1a: Celebi
|-supereffective|p1a: Celebi
|-damage|p1a: Celebi|0 fnt
|faint|p1a: Celebi
|
|
|switch|p1a: Crobat|Crobat, F|115\/359
|-damage|p1a: Crobat|26\/359|[from] Stealth Rock
|turn|31
|c|★blockchiller|scurr
|
|move|p2a: Jirachi|Ice Punch|p1a: Crobat
|-supereffective|p1a: Crobat
|-damage|p1a: Crobat|0 fnt
|faint|p1a: Crobat
|
|win|blockchiller
|raw|Ladder updating...
|raw|meeowiekins's rating: 1396 &rarr; <strong>1371<\/strong><br \/>(-25 for losing)
|raw|blockchiller's rating: 1292 &rarr; <strong>1324<\/strong><br \/>(+32 for winning)
|leave|sniperaim