|join|ULT Benja
|join|meeowiekins
|player|p1|ULT Benja|293
|player|p2|meeowiekins|160
|gametype|singles
|gen|6
|tier|UU
|rated
|rule|Sleep Clause Mod: Limit one foe put to sleep
|rule|Species Clause: Limit one of each Pokémon
|rule|OHKO Clause: OHKO moves are banned
|rule|Moody Clause: Moody is banned
|rule|Evasion Moves Clause: Evasion moves are banned
|rule|Endless Battle Clause: Forcing endless battles is banned
|rule|HP Percentage Mod: HP is shown in percentages
|clearpoke
|poke|p1|Hawlucha, M
|poke|p1|Victini
|poke|p1|Hydreigon, F
|poke|p1|Shuckle, F
|poke|p1|Blastoise, M
|poke|p1|Florges, F
|poke|p2|Hawlucha, M
|poke|p2|Nidoqueen, F
|poke|p2|Doublade, F
|poke|p2|Blastoise, M
|poke|p2|Hydreigon, F
|poke|p2|Rotom-Heat
|rule|Swagger Clause: Swagger is banned
|rule|Baton Pass Clause: Limit one Pokémon knowing Baton Pass
|teampreview
|chat|meeowiekins|glhf
|
|start
|switch|p1a: Shuckle|Shuckle, F|244\/244
|switch|p2a: Nidoqueen|Nidoqueen, F|384\/384
|turn|1
|
|move|p2a: Nidoqueen|Stealth Rock|p1a: Shuckle
|-sidestart|p1: ULT Benja|move: Stealth Rock
|move|p1a: Shuckle|Infestation|p2a: Nidoqueen
|-resisted|p2a: Nidoqueen
|-damage|p2a: Nidoqueen|381\/384
|-activate|p2a: Nidoqueen|move: Infestation|[of] p1a: Shuckle
|
|-heal|p2a: Nidoqueen|384\/384|[from] item: Black Sludge
|-damage|p2a: Nidoqueen|336\/384|[from] move: Infestation|[partiallytrapped]
|turn|2
|
|move|p2a: Nidoqueen|Earth Power|p1a: Shuckle
|-crit|p1a: Shuckle
|-damage|p1a: Shuckle|183\/244
|move|p1a: Shuckle|Stealth Rock|p2a: Nidoqueen
|-sidestart|p2: meeowiekins|move: Stealth Rock
|
|-heal|p2a: Nidoqueen|360\/384|[from] item: Black Sludge
|-heal|p1a: Shuckle|198\/244|[from] item: Leftovers
|-damage|p2a: Nidoqueen|312\/384|[from] move: Infestation|[partiallytrapped]
|turn|3
|
|move|p2a: Nidoqueen|Earth Power|p1a: Shuckle
|-damage|p1a: Shuckle|159\/244
|move|p1a: Shuckle|Sticky Web|p2a: Nidoqueen
|-sidestart|p2: meeowiekins|move: Sticky Web
|
|-heal|p2a: Nidoqueen|336\/384|[from] item: Black Sludge
|-heal|p1a: Shuckle|174\/244|[from] item: Leftovers
|-damage|p2a: Nidoqueen|288\/384|[from] move: Infestation|[partiallytrapped]
|turn|4
|
|switch|p1a: Hawlucha|Hawlucha, M|298\/298
|-damage|p1a: Hawlucha|261\/298|[from] Stealth Rock
|move|p2a: Nidoqueen|Earth Power|p1a: Hawlucha
|-immune|p1a: Hawlucha|[msg]
|
|-heal|p2a: Nidoqueen|312\/384|[from] item: Black Sludge
|-end|p2a: Nidoqueen|Infestation|[partiallytrapped]
|turn|5
|chat|meeowiekins|sorry if i take awhile
|chat|meeowiekins|my internet here is shit
|
|move|p1a: Hawlucha|Sky Attack|p2a: Nidoqueen|[still]
|-prepare|p1a: Hawlucha|Sky Attack|p2a: Nidoqueen
|-enditem|p1a: Hawlucha|Power Herb
|-anim|p1a: Hawlucha|Sky Attack|p2a: Nidoqueen
|-damage|p2a: Nidoqueen|84\/384
|move|p2a: Nidoqueen|Ice Beam|p1a: Hawlucha
|-supereffective|p1a: Hawlucha
|-damage|p1a: Hawlucha|45\/298
|
|-heal|p2a: Nidoqueen|108\/384|[from] item: Black Sludge
|turn|6
|join|Dracp
|
|switch|p2a: Doublade|Doublade, F|322\/322
|-damage|p2a: Doublade|302\/322|[from] Stealth Rock
|-activate|p2a: Doublade|move: Sticky Web
|-unboost|p2a: Doublade|spe|1
|move|p1a: Hawlucha|Acrobatics|p2a: Doublade
|-resisted|p2a: Doublade
|-damage|p2a: Doublade|260\/322
|
|turn|7
|chat|ULT Benja|the ultimate counter for hawlucha
|chat|ULT Benja|mother fukin doublade
|
|switch|p1a: Hydreigon|Hydreigon, F|325\/325
|-damage|p1a: Hydreigon|285\/325|[from] Stealth Rock
|move|p2a: Doublade|Shadow Claw|p1a: Hydreigon
|-resisted|p1a: Hydreigon
|-damage|p1a: Hydreigon|204\/325
|
|turn|8
|
|switch|p2a: Nidoqueen|Nidoqueen, F|108\/384
|-activate|p2a: Nidoqueen|move: Sticky Web
|-unboost|p2a: Nidoqueen|spe|1
|-damage|p2a: Nidoqueen|84\/384|[from] Stealth Rock
|move|p1a: Hydreigon|Flamethrower|p2a: Nidoqueen
|-damage|p2a: Nidoqueen|0 fnt
|faint|p2a: Nidoqueen
|
|
|switch|p2a: Blastoise|Blastoise, M|362\/362
|-damage|p2a: Blastoise|317\/362|[from] Stealth Rock
|-activate|p2a: Blastoise|move: Sticky Web
|-unboost|p2a: Blastoise|spe|1
|turn|9
|
|switch|p1a: Florges|Florges, F|360\/360
|-damage|p1a: Florges|315\/360|[from] Stealth Rock
|detailschange|p2a: Blastoise|Blastoise-Mega, M
|message|Blastoise has Mega Evolved into Mega Blastoise!
|move|p2a: Blastoise|Rapid Spin|p1a: Florges
|-damage|p1a: Florges|294\/360
|-sideend|p2: meeowiekins|Stealth Rock|[from] move: Rapid Spin|[of] p2a: Blastoise
|-sideend|p2: meeowiekins|Sticky Web|[from] move: Rapid Spin|[of] p2a: Blastoise
|
|-heal|p1a: Florges|316\/360|[from] item: Leftovers
|turn|10
|
|switch|p2a: Rotom-Heat|Rotom-Heat|304\/304
|move|p1a: Florges|Moonblast|p2a: Rotom-Heat
|-resisted|p2a: Rotom-Heat
|-damage|p2a: Rotom-Heat|263\/304
|
|-heal|p1a: Florges|338\/360|[from] item: Leftovers
|turn|11
|
|switch|p1a: Hydreigon|Hydreigon, F|204\/325
|-damage|p1a: Hydreigon|164\/325|[from] Stealth Rock
|move|p2a: Rotom-Heat|Volt Switch|p1a: Hydreigon
|-resisted|p1a: Hydreigon
|-damage|p1a: Hydreigon|119\/325
|
|switch|p2a: Doublade|Doublade, F|260\/322
|
|turn|12
|
|switch|p2a: Rotom-Heat|Rotom-Heat|263\/304
|move|p1a: Hydreigon|Dark Pulse|p2a: Rotom-Heat
|-damage|p2a: Rotom-Heat|170\/304
|
|turn|13
|
|move|p1a: Hydreigon|Dark Pulse|p2a: Rotom-Heat
|-damage|p2a: Rotom-Heat|73\/304
|move|p2a: Rotom-Heat|Volt Switch|p1a: Hydreigon
|-resisted|p1a: Hydreigon
|-damage|p1a: Hydreigon|72\/325
|
|switch|p2a: Hawlucha|Hawlucha, M|304\/304
|
|turn|14
|leave|Dracp
|
|switch|p1a: Hawlucha|Hawlucha, M|45\/298
|-damage|p1a: Hawlucha|8\/298|[from] Stealth Rock
|move|p2a: Hawlucha|High Jump Kick|p1a: Hawlucha
|-resisted|p1a: Hawlucha
|-damage|p1a: Hawlucha|0 fnt
|faint|p1a: Hawlucha
|
|
|switch|p1a: Victini|Victini|341\/341
|-damage|p1a: Victini|256\/341|[from] Stealth Rock
|turn|15
|
|switch|p2a: Blastoise|Blastoise-Mega, M|317\/362
|move|p1a: Victini|Bolt Strike|p2a: Blastoise
|-supereffective|p2a: Blastoise
|-damage|p2a: Blastoise|91\/362
|
|turn|16
|
|switch|p2a: Hydreigon|Hydreigon, F|325\/325
|move|p1a: Victini|Bolt Strike|p2a: Hydreigon
|-resisted|p2a: Hydreigon
|-damage|p2a: Hydreigon|202\/325
|
|turn|17
|
|switch|p1a: Florges|Florges, F|338\/360
|-damage|p1a: Florges|293\/360|[from] Stealth Rock
|move|p2a: Hydreigon|U-turn|p1a: Florges
|-resisted|p1a: Florges
|-damage|p1a: Florges|256\/360
|
|switch|p2a: Doublade|Doublade, F|260\/322
|
|-heal|p1a: Florges|278\/360|[from] item: Leftovers
|turn|18
|
|move|p1a: Florges|Protect|p1a: Florges
|-singleturn|p1a: Florges|Protect
|move|p2a: Doublade|Iron Head|p1a: Florges
|-activate|p1a: Florges|Protect
|
|-heal|p1a: Florges|300\/360|[from] item: Leftovers
|turn|19
|
|switch|p1a: Blastoise|Blastoise, M|362\/362
|-damage|p1a: Blastoise|317\/362|[from] Stealth Rock
|move|p2a: Doublade|Shadow Claw|p1a: Blastoise
|-damage|p1a: Blastoise|227\/362
|
|turn|20
|
|switch|p2a: Blastoise|Blastoise-Mega, M|91\/362
|detailschange|p1a: Blastoise|Blastoise-Mega, M
|message|Blastoise has Mega Evolved into Mega Blastoise!
|move|p1a: Blastoise|Water Pulse|p2a: Blastoise
|-resisted|p2a: Blastoise
|-damage|p2a: Blastoise|28\/362
|
|turn|21
|
|move|p1a: Blastoise|Aura Sphere|p2a: Blastoise
|-damage|p2a: Blastoise|0 fnt
|faint|p2a: Blastoise
|
|
|switch|p2a: Hawlucha|Hawlucha, M|304\/304
|turn|22
|
|move|p2a: Hawlucha|Swords Dance|p2a: Hawlucha
|-boost|p2a: Hawlucha|atk|2
|move|p1a: Blastoise|Roar|p2a: Hawlucha
|drag|p2a: Doublade|Doublade, F|260\/322
|
|turn|23
|join|SuperSawgy
|
|switch|p2a: Hydreigon|Hydreigon, F|202\/325
|move|p1a: Blastoise|Water Pulse|p2a: Hydreigon
|-resisted|p2a: Hydreigon
|-damage|p2a: Hydreigon|133\/325
|
|turn|24
|chat|ULT Benja|no setup in dis house
|
|move|p2a: Hydreigon|U-turn|p1a: Blastoise
|-damage|p1a: Blastoise|187\/362
|
|switch|p2a: Rotom-Heat|Rotom-Heat|73\/304
|move|p1a: Blastoise|Aura Sphere|p2a: Rotom-Heat
|-damage|p2a: Rotom-Heat|0 fnt
|faint|p2a: Rotom-Heat
|
|
|switch|p2a: Hydreigon|Hydreigon, F|133\/325
|turn|25
|
|move|p2a: Hydreigon|U-turn|p1a: Blastoise
|-damage|p1a: Blastoise|147\/362
|
|switch|p2a: Doublade|Doublade, F|260\/322
|move|p1a: Blastoise|Water Pulse|p2a: Doublade
|-damage|p2a: Doublade|110\/322
|
|turn|26
|
|move|p2a: Doublade|Shadow Sneak|p1a: Blastoise
|-damage|p1a: Blastoise|102\/362
|move|p1a: Blastoise|Water Pulse|p2a: Doublade
|-damage|p2a: Doublade|0 fnt
|faint|p2a: Doublade
|
|
|switch|p2a: Hawlucha|Hawlucha, M|304\/304
|turn|27
|
|switch|p2a: Hydreigon|Hydreigon, F|133\/325
|move|p1a: Blastoise|Water Pulse|p2a: Hydreigon
|-resisted|p2a: Hydreigon
|-damage|p2a: Hydreigon|52\/325
|
|turn|28
|
|move|p2a: Hydreigon|Fire Blast|p1a: Blastoise
|-resisted|p1a: Blastoise
|-damage|p1a: Blastoise|50\/362
|move|p1a: Blastoise|Water Pulse|p2a: Hydreigon
|-resisted|p2a: Hydreigon
|-damage|p2a: Hydreigon|0 fnt
|faint|p2a: Hydreigon
|
|
|switch|p2a: Hawlucha|Hawlucha, M|304\/304
|turn|29
|
|move|p2a: Hawlucha|Swords Dance|p2a: Hawlucha
|-boost|p2a: Hawlucha|atk|2
|move|p1a: Blastoise|Water Pulse|p2a: Hawlucha
|-crit|p2a: Hawlucha
|-damage|p2a: Hawlucha|15\/304
|
|turn|30
|
|move|p2a: Hawlucha|Sky Attack|p1a: Blastoise|[still]
|-prepare|p2a: Hawlucha|Sky Attack|p1a: Blastoise
|-enditem|p2a: Hawlucha|Power Herb
|-anim|p2a: Hawlucha|Sky Attack|p1a: Blastoise
|-damage|p1a: Blastoise|0 fnt
|faint|p1a: Blastoise
|
|chat|SuperSawgy|gg
|
|switch|p1a: Hydreigon|Hydreigon, F|72\/325
|-damage|p1a: Hydreigon|32\/325|[from] Stealth Rock
|turn|31
|
|move|p2a: Hawlucha|Acrobatics|p1a: Hydreigon
|-damage|p1a: Hydreigon|0 fnt
|faint|p1a: Hydreigon
|
|
|switch|p1a: Florges|Florges, F|300\/360
|-damage|p1a: Florges|255\/360|[from] Stealth Rock
|turn|32
|
|move|p1a: Florges|Protect|p1a: Florges
|-singleturn|p1a: Florges|Protect
|move|p2a: Hawlucha|Acrobatics|p1a: Florges
|-activate|p1a: Florges|Protect
|
|-heal|p1a: Florges|277\/360|[from] item: Leftovers
|turn|33
|
|move|p2a: Hawlucha|Acrobatics|p1a: Florges
|-damage|p1a: Florges|0 fnt
|faint|p1a: Florges
|
|
|switch|p1a: Shuckle|Shuckle, F|174\/244
|-damage|p1a: Shuckle|113\/244|[from] Stealth Rock
|turn|34
|
|move|p2a: Hawlucha|Acrobatics|p1a: Shuckle
|-damage|p1a: Shuckle|0 fnt
|faint|p1a: Shuckle
|
|
|switch|p1a: Victini|Victini|256\/341
|-damage|p1a: Victini|171\/341|[from] Stealth Rock
|turn|35
|
|move|p2a: Hawlucha|Acrobatics|p1a: Victini
|-damage|p1a: Victini|0 fnt
|faint|p1a: Victini
|
|win|meeowiekins
|raw|Ladder updating...
|chat|meeowiekins|gg
|raw|ULT Benja's rating: 1388 &rarr; <strong>1370<\/strong><br \/>(-18 for losing)
|raw|meeowiekins's rating: 1433 &rarr; <strong>1450<\/strong><br \/>(+17 for winning)
|chat|SuperSawgy|ban...