|join|meeowiekins
|join|I'm Bi...sharp
|player|p1|meeowiekins|160
|player|p2|I'm Bi...sharp|268
|gametype|singles
|gen|6
|tier|UU
|rated
|rule|Sleep Clause Mod: Limit one foe put to sleep
|rule|Species Clause: Limit one of each Pokémon
|rule|OHKO Clause: OHKO moves are banned
|rule|Moody Clause: Moody is banned
|rule|Evasion Moves Clause: Evasion moves are banned
|rule|Endless Battle Clause: Forcing endless battles is banned
|rule|HP Percentage Mod: HP is shown in percentages
|clearpoke
|poke|p1|Crobat, F
|poke|p1|Raikou
|poke|p1|Swampert, F
|poke|p1|Celebi
|poke|p1|Jirachi
|poke|p1|Machamp, M
|poke|p2|Suicune
|poke|p2|Pidgeot, F
|poke|p2|Dugtrio, F
|poke|p2|Jirachi
|poke|p2|Golbat, M
|poke|p2|Hydreigon, F
|rule|Swagger Clause: Swagger is banned
|rule|Baton Pass Clause: Limit one Pokémon knowing Baton Pass
|teampreview
|c|★meeowiekins|:o
|c|★I'm Bi...sharp|o
|c|★I'm Bi...sharp|hai
|c|★meeowiekins|hello!
|c|★I'm Bi...sharp|this is the same team, isnt it?
|c|★I'm Bi...sharp|lol
|c|★meeowiekins|maybe
|
|start
|switch|p1a: Celebi|Celebi|341\/341
|switch|p2a: Pidgeot|Pidgeot, F|307\/307
|turn|1
|
|switch|p1a: Crobat|Crobat, F|359\/359
|detailschange|p2a: Pidgeot|Pidgeot-Mega, F
|-mega|p2a: Pidgeot|Pidgeot|Pidgeotite
|move|p2a: Pidgeot|U-turn|p1a: Crobat
|-crit|p1a: Crobat
|-resisted|p1a: Crobat
|-damage|p1a: Crobat|339\/359
|
|switch|p2a: Jirachi|Jirachi|394\/394
|
|-heal|p1a: Crobat|359\/359|[from] item: Black Sludge
|turn|2
|
|move|p1a: Crobat|U-turn|p2a: Jirachi
|-damage|p2a: Jirachi|333\/394
|
|switch|p1a: Swampert|Swampert, F|404\/404
|move|p2a: Jirachi|Body Slam|p1a: Swampert
|-damage|p1a: Swampert|336\/404
|
|-heal|p2a: Jirachi|357\/394|[from] item: Leftovers
|-heal|p1a: Swampert|361\/404|[from] item: Leftovers
|turn|3
|
|switch|p2a: Golbat|Golbat, M|353\/353
|move|p1a: Swampert|Stealth Rock|p2a: Golbat
|-sidestart|p2: I'm Bi...sharp|move: Stealth Rock
|
|-heal|p1a: Swampert|386\/404|[from] item: Leftovers
|turn|4
|
|move|p2a: Golbat|Toxic|p1a: Swampert
|-status|p1a: Swampert|tox
|move|p1a: Swampert|Scald|p2a: Golbat
|-damage|p2a: Golbat|283\/353
|
|-heal|p1a: Swampert|404\/404 tox|[from] item: Leftovers
|-damage|p1a: Swampert|379\/404 tox|[from] psn
|turn|5
|
|switch|p1a: Crobat|Crobat, F|359\/359
|move|p2a: Golbat|Defog|p1a: Crobat
|-unboost|p1a: Crobat|evasion|1
|-sideend|p2: I'm Bi...sharp|Stealth Rock|[from] move: Defog|[of] p2a: Golbat
|
|turn|6
|c|★meeowiekins|this is so annoying because i cant use raikou for it
|c|★meeowiekins|zz
|c|★I'm Bi...sharp|why cant you?
|c|★meeowiekins|because then i get trapped
|
|move|p1a: Crobat|Brave Bird|p2a: Golbat
|-crit|p2a: Golbat
|-damage|p2a: Golbat|159\/353
|-damage|p1a: Crobat|318\/359|[from] recoil|[of] p2a: Golbat
|move|p2a: Golbat|Roost|p2a: Golbat
|-heal|p2a: Golbat|336\/353
|
|-heal|p1a: Crobat|340\/359|[from] item: Black Sludge
|turn|7
|c|★I'm Bi...sharp|welp
|
|move|p1a: Crobat|Brave Bird|p2a: Golbat
|-damage|p2a: Golbat|245\/353
|-damage|p1a: Crobat|310\/359|[from] recoil|[of] p2a: Golbat
|move|p2a: Golbat|Toxic|p1a: Crobat
|-fail|p1a: Crobat
|
|-heal|p1a: Crobat|332\/359|[from] item: Black Sludge
|turn|8
|
|switch|p1a: Celebi|Celebi|341\/341
|move|p2a: Golbat|Toxic|p1a: Celebi
|-status|p1a: Celebi|tox
|
|-damage|p1a: Celebi|320\/341 tox|[from] psn
|turn|9
|join|Emma Bae
|
|switch|p2a: Pidgeot|Pidgeot-Mega, F|307\/307
|move|p1a: Celebi|Zen Headbutt|p2a: Pidgeot
|-damage|p2a: Pidgeot|156\/307
|
|-heal|p1a: Celebi|341\/341 tox|[from] item: Leftovers
|-damage|p1a: Celebi|299\/341 tox|[from] psn
|turn|10
|
|switch|p1a: Jirachi|Jirachi|341\/341
|move|p2a: Pidgeot|Hurricane|p1a: Jirachi
|-resisted|p1a: Jirachi
|-damage|p1a: Jirachi|244\/341
|
|turn|11
|c| Emma Bae|o.O bisharp vs meowy
|c| Emma Bae|why did nobody call me for this X)
|
|switch|p2a: Jirachi|Jirachi|357\/394
|move|p1a: Jirachi|U-turn|p2a: Jirachi
|-damage|p2a: Jirachi|281\/394
|
|switch|p1a: Machamp|Machamp, M|322\/322
|
|-heal|p2a: Jirachi|305\/394|[from] item: Leftovers
|turn|12
|join|Abooose
|
|move|p2a: Jirachi|Stealth Rock|p1a: Machamp
|-sidestart|p1: meeowiekins|move: Stealth Rock
|move|p1a: Machamp|Knock Off|p2a: Jirachi
|-supereffective|p2a: Jirachi
|-damage|p2a: Jirachi|0 fnt
|-enditem|p2a: Jirachi|Leftovers|[from] move: Knock Off|[of] p1a: Machamp
|faint|p2a: Jirachi
|
|
|switch|p2a: Pidgeot|Pidgeot-Mega, F|156\/307
|turn|13
|
|switch|p1a: Raikou|Raikou|322\/322
|-damage|p1a: Raikou|282\/322|[from] Stealth Rock
|-ability|p1a: Raikou|Pressure
|move|p2a: Pidgeot|Hurricane|p1a: Raikou
|-resisted|p1a: Raikou
|-damage|p1a: Raikou|179\/322
|
|-heal|p1a: Raikou|199\/322|[from] item: Leftovers
|turn|14
|
|move|p2a: Pidgeot|U-turn|p1a: Raikou
|-damage|p1a: Raikou|137\/322
|
|switch|p2a: Hydreigon|Hydreigon, F|325\/325
|move|p1a: Raikou|Hidden Power|p2a: Hydreigon
|-supereffective|p2a: Hydreigon
|-damage|p2a: Hydreigon|171\/325
|
|-heal|p1a: Raikou|157\/322|[from] item: Leftovers
|turn|15
|
|switch|p1a: Swampert|Swampert, F|379\/404 tox
|-damage|p1a: Swampert|354\/404 tox|[from] Stealth Rock
|move|p2a: Hydreigon|Dark Pulse|p1a: Swampert
|-damage|p1a: Swampert|213\/404 tox
|
|-heal|p1a: Swampert|238\/404 tox|[from] item: Leftovers
|-damage|p1a: Swampert|213\/404 tox|[from] psn
|turn|16
|
|switch|p2a: Golbat|Golbat, M|245\/353
|move|p1a: Swampert|Stealth Rock|p2a: Golbat
|-sidestart|p2: I'm Bi...sharp|move: Stealth Rock
|
|-heal|p1a: Swampert|238\/404 tox|[from] item: Leftovers
|-damage|p1a: Swampert|188\/404 tox|[from] psn
|turn|17
|
|move|p2a: Golbat|Roost|p2a: Golbat
|-heal|p2a: Golbat|353\/353
|move|p1a: Swampert|Scald|p2a: Golbat
|-damage|p2a: Golbat|289\/353
|
|-heal|p1a: Swampert|213\/404 tox|[from] item: Leftovers
|-damage|p1a: Swampert|138\/404 tox|[from] psn
|turn|18
|c|★meeowiekins|burn where
|
|move|p2a: Golbat|Brave Bird|p1a: Swampert
|-damage|p1a: Swampert|51\/404 tox
|-damage|p2a: Golbat|260\/353|[from] recoil|[of] p1a: Swampert
|move|p1a: Swampert|Scald|p2a: Golbat
|-damage|p2a: Golbat|158\/353
|
|-heal|p1a: Swampert|76\/404 tox|[from] item: Leftovers
|-damage|p1a: Swampert|0 fnt|[from] psn
|faint|p1a: Swampert
|c|★meeowiekins|pls
|c|★I'm Bi...sharp|lol
|
|switch|p1a: Raikou|Raikou|157\/322
|-damage|p1a: Raikou|117\/322|[from] Stealth Rock
|-ability|p1a: Raikou|Pressure
|turn|19
|
|move|p1a: Raikou|Substitute|p1a: Raikou
|-start|p1a: Raikou|Substitute
|-damage|p1a: Raikou|37\/322
|move|p2a: Golbat|Toxic|p1a: Raikou
|-status|p1a: Raikou|tox
|
|-heal|p1a: Raikou|57\/322 tox|[from] item: Leftovers
|-damage|p1a: Raikou|37\/322 tox|[from] psn
|turn|20
|c|★meeowiekins|oh
|c|★meeowiekins|right
|c|★I'm Bi...sharp|lol
|
|move|p1a: Raikou|Hidden Power|p2a: Golbat
|-crit|p2a: Golbat
|-supereffective|p2a: Golbat
|-damage|p2a: Golbat|0 fnt
|faint|p2a: Golbat
|
|-heal|p1a: Raikou|57\/322 tox|[from] item: Leftovers
|-damage|p1a: Raikou|17\/322 tox|[from] psn
|c|★I'm Bi...sharp|that mattered ;[
|c|★meeowiekins|ik
|c|★meeowiekins|^_^
|
|switch|p2a: Hydreigon|Hydreigon, F|171\/325
|-damage|p2a: Hydreigon|131\/325|[from] Stealth Rock
|turn|21
|c| Emma Bae|lol
|c|★I'm Bi...sharp|cmon hydrei
|c|★I'm Bi...sharp|you cant eat this up
|
|move|p2a: Hydreigon|U-turn|p1a: Raikou
|-activate|p1a: Raikou|Substitute|[damage]
|
|switch|p2a: Dugtrio|Dugtrio, F|212\/212
|-damage|p2a: Dugtrio|199\/212|[from] Stealth Rock
|move|p1a: Raikou|Thunderbolt|p2a: Dugtrio
|-immune|p2a: Dugtrio|[msg]
|
|-heal|p1a: Raikou|37\/322 tox|[from] item: Leftovers
|-damage|p1a: Raikou|0 fnt|[from] psn
|faint|p1a: Raikou
|c|★I'm Bi...sharp|gotcha
|c| Emma Bae|oooo
|c|★meeowiekins|you bastard
|c| Emma Bae|lol
|c| Emma Bae|x)
|
|switch|p1a: Machamp|Machamp, M|322\/322
|-damage|p1a: Machamp|302\/322|[from] Stealth Rock
|turn|22
|
|move|p2a: Dugtrio|Earthquake|p1a: Machamp
|-damage|p1a: Machamp|50\/322
|move|p1a: Machamp|Close Combat|p2a: Dugtrio
|-damage|p2a: Dugtrio|0 fnt
|-unboost|p1a: Machamp|def|1
|-unboost|p1a: Machamp|spd|1
|faint|p2a: Dugtrio
|
|c|★meeowiekins|weak
|c|★I'm Bi...sharp|Im banded. and its piss weak
|
|switch|p2a: Hydreigon|Hydreigon, F|131\/325
|-damage|p2a: Hydreigon|91\/325|[from] Stealth Rock
|turn|23
|
|move|p2a: Hydreigon|Dark Pulse|p1a: Machamp
|-resisted|p1a: Machamp
|-damage|p1a: Machamp|0 fnt
|faint|p1a: Machamp
|
|
|switch|p1a: Jirachi|Jirachi|244\/341
|-damage|p1a: Jirachi|223\/341|[from] Stealth Rock
|turn|24
|
|switch|p2a: Suicune|Suicune|404\/404
|-damage|p2a: Suicune|354\/404|[from] Stealth Rock
|-ability|p2a: Suicune|Pressure
|move|p1a: Jirachi|U-turn|p2a: Suicune
|-damage|p2a: Suicune|305\/404
|
|switch|p1a: Celebi|Celebi|299\/341
|-damage|p1a: Celebi|257\/341|[from] Stealth Rock
|
|-heal|p1a: Celebi|278\/341|[from] item: Leftovers
|-heal|p2a: Suicune|330\/404|[from] item: Leftovers
|turn|25
|
|switch|p2a: Pidgeot|Pidgeot-Mega, F|156\/307
|-damage|p2a: Pidgeot|80\/307|[from] Stealth Rock
|move|p1a: Celebi|Seed Bomb|p2a: Pidgeot
|-resisted|p2a: Pidgeot
|-damage|p2a: Pidgeot|6\/307
|
|-heal|p1a: Celebi|299\/341|[from] item: Leftovers
|turn|26
|c|★I'm Bi...sharp|~~tanking~~
|
|move|p1a: Celebi|Sucker Punch|p2a: Pidgeot
|-fail|p2a: Pidgeot
|move|p2a: Pidgeot|Roost|p2a: Pidgeot
|-heal|p2a: Pidgeot|160\/307
|
|-heal|p1a: Celebi|320\/341|[from] item: Leftovers
|turn|27
|c| Emma Bae|oof
|c| Emma Bae|u shouldve seen that coming meoy
|c|★meeowiekins|ya
|
|switch|p1a: Jirachi|Jirachi|223\/341
|-damage|p1a: Jirachi|202\/341|[from] Stealth Rock
|move|p2a: Pidgeot|Hurricane|p1a: Jirachi
|-resisted|p1a: Jirachi
|-damage|p1a: Jirachi|106\/341
|-start|p1a: Jirachi|confusion
|
|turn|28
|c|★I'm Bi...sharp|cmon
|c|★I'm Bi...sharp|hax the hax lord
|
|-activate|p1a: Jirachi|confusion
|-damage|p1a: Jirachi|65\/341|[from] confusion
|move|p2a: Pidgeot|Heat Wave|p1a: Jirachi
|-supereffective|p1a: Jirachi
|-damage|p1a: Jirachi|0 fnt
|faint|p1a: Jirachi
|
|c|★I'm Bi...sharp|YUS
|
|switch|p1a: Crobat|Crobat, F|332\/359
|-damage|p1a: Crobat|243\/359|[from] Stealth Rock
|turn|29
|
|move|p1a: Crobat|U-turn|p2a: Pidgeot
|-crit|p2a: Pidgeot
|-resisted|p2a: Pidgeot
|-damage|p2a: Pidgeot|104\/307
|c|★meeowiekins|gg
|
|switch|p1a: Celebi|Celebi|320\/341
|-damage|p1a: Celebi|278\/341|[from] Stealth Rock
|move|p2a: Pidgeot|Hurricane|p1a: Celebi
|-supereffective|p1a: Celebi
|-damage|p1a: Celebi|0 fnt
|faint|p1a: Celebi
|
|c|★I'm Bi...sharp|gg
|
|switch|p1a: Crobat|Crobat, F|243\/359
|-damage|p1a: Crobat|154\/359|[from] Stealth Rock
|turn|30
|
|move|p1a: Crobat|Brave Bird|p2a: Pidgeot
|-damage|p2a: Pidgeot|0 fnt
|-damage|p1a: Crobat|120\/359|[from] recoil|[of] p2a: Pidgeot
|faint|p2a: Pidgeot
|
|-heal|p1a: Crobat|142\/359|[from] item: Black Sludge
|
|switch|p2a: Hydreigon|Hydreigon, F|91\/325
|-damage|p2a: Hydreigon|51\/325|[from] Stealth Rock
|turn|31
|
|move|p2a: Hydreigon|Dark Pulse|p1a: Crobat
|-damage|p1a: Crobat|0 fnt
|faint|p1a: Crobat
|
|win|I'm Bi...sharp
|raw|Ladder updating...
|raw|meeowiekins's rating: 1458 &rarr; <strong>1434<\/strong><br \/>(-24 for losing)
|raw|I&apos;m Bi...sharp's rating: 1385 &rarr; <strong>1409<\/strong><br \/>(+24 for winning)