|join|sugarhigh
|join|FlamingVictini PB
|player|p1|sugarhigh|290
|player|p2|FlamingVictini PB|99
|gametype|singles
|gen|6
|tier|OU
|clearpoke
|poke|p1|Landorus-Therian, M
|poke|p1|Ferrothorn, M
|poke|p1|Jirachi
|poke|p1|Altaria, M
|poke|p1|Alomomola, M
|poke|p1|Heatran, M
|poke|p2|Excadrill, M
|poke|p2|Lopunny, F
|poke|p2|Gengar, M
|poke|p2|Bisharp, M
|poke|p2|Dragonite, M
|poke|p2|Greninja, M
|rule|Swagger Clause: Swagger is banned
|rule|Baton Pass Clause: Limit one Pokémon knowing Baton Pass
|rule|Sleep Clause Mod: Limit one foe put to sleep
|rule|Species Clause: Limit one of each Pokémon
|rule|OHKO Clause: OHKO moves are banned
|rule|Moody Clause: Moody is banned
|rule|Evasion Moves Clause: Evasion moves are banned
|rule|Endless Battle Clause: Forcing endless battles is banned
|rule|HP Percentage Mod: HP is shown in percentages
|teampreview
|c|★sugarhigh|hf
|
|start
|switch|p1a: Heatran|Heatran, M|323\/323
|switch|p2a: Excadrill|Excadrill, M|361\/361
|-ability|p2a: Excadrill|Mold Breaker
|-item|p1a: Heatran|Air Balloon
|turn|1
|c|★FlamingVictini PB|u2
|
|move|p2a: Excadrill|Iron Head|p1a: Heatran
|-resisted|p1a: Heatran
|-damage|p1a: Heatran|291\/323
|-enditem|p1a: Heatran|Air Balloon
|move|p1a: Heatran|Magma Storm|p2a: Excadrill
|-supereffective|p2a: Excadrill
|-enditem|p2a: Excadrill|Focus Sash
|-damage|p2a: Excadrill|1\/361
|-activate|p2a: Excadrill|move: Magma Storm|[of] p1a: Heatran
|
|-damage|p2a: Excadrill|0 fnt|[from] move: Magma Storm|[partiallytrapped]
|faint|p2a: Excadrill
|c|★FlamingVictini PB|shooot
|c|★sugarhigh|hehe
|
|switch|p2a: Lopunny|Lopunny, F|271\/271
|turn|2
|c|★FlamingVictini PB|fk that man
|c|★sugarhigh|best tran
|
|switch|p1a: Landorus-Therian|Landorus-Therian, M|382\/382
|-ability|p1a: Landorus-Therian|Intimidate|[of] p2a: Lopunny
|-unboost|p2a: Lopunny|atk|1
|detailschange|p2a: Lopunny|Lopunny-Mega, F
|message|Lopunny has Mega Evolved into Mega Lopunny!
|move|p2a: Lopunny|Power-Up Punch|p1a: Landorus-Therian
|-resisted|p1a: Landorus-Therian
|-damage|p1a: Landorus-Therian|364\/382
|-boost|p2a: Lopunny|atk|1
|
|-heal|p1a: Landorus-Therian|382\/382|[from] item: Leftovers
|turn|3
|c|★sugarhigh|is dis tran
|c|★FlamingVictini PB|that was a waste
|c|★FlamingVictini PB|and i wanted rox
|c|★FlamingVictini PB|man
|c|★FlamingVictini PB|:[
|c|★FlamingVictini PB|should've used my other squad
|
|move|p2a: Lopunny|Return|p1a: Landorus-Therian
|-damage|p1a: Landorus-Therian|237\/382
|move|p1a: Landorus-Therian|Stealth Rock|p2a: Lopunny
|-sidestart|p2: FlamingVictini PB|move: Stealth Rock
|
|-heal|p1a: Landorus-Therian|260\/382|[from] item: Leftovers
|turn|4
|
|move|p2a: Lopunny|Return|p1a: Landorus-Therian
|-crit|p1a: Landorus-Therian
|-damage|p1a: Landorus-Therian|56\/382
|move|p1a: Landorus-Therian|Earthquake|p2a: Lopunny
|-crit|p2a: Lopunny
|-damage|p2a: Lopunny|45\/271
|
|-heal|p1a: Landorus-Therian|79\/382|[from] item: Leftovers
|turn|5
|
|switch|p1a: Altaria|Altaria, M|354\/354
|move|p2a: Lopunny|High Jump Kick|p1a: Altaria
|-crit|p1a: Altaria
|-resisted|p1a: Altaria
|-damage|p1a: Altaria|207\/354
|
|turn|6
|c|★FlamingVictini PB|yum
|c|★FlamingVictini PB|nice
|
|detailschange|p1a: Altaria|Altaria-Mega, M
|message|Altaria has Mega Evolved into Mega Altaria!
|move|p2a: Lopunny|Return|p1a: Altaria
|-damage|p1a: Altaria|78\/354
|move|p1a: Altaria|Roost|p1a: Altaria
|-heal|p1a: Altaria|255\/354
|
|turn|7
|join|fingerscrossed
|c|★FlamingVictini PB|why is it so bulky
|c|★FlamingVictini PB|fkfkfkf
|c|★sugarhigh|y lol
|join|A dream to reality
|
|move|p2a: Lopunny|Power-Up Punch|p1a: Altaria
|-crit|p1a: Altaria
|-resisted|p1a: Altaria
|-damage|p1a: Altaria|219\/354
|-boost|p2a: Lopunny|atk|1
|move|p1a: Altaria|Return|p2a: Lopunny
|-supereffective|p2a: Lopunny
|-damage|p2a: Lopunny|0 fnt
|faint|p2a: Lopunny
|
|join|Jukain
|c|★FlamingVictini PB|smh i'm so bad
|
|switch|p2a: Bisharp|Bisharp, M|271\/271
|-damage|p2a: Bisharp|255\/271|[from] Stealth Rock
|turn|8
|join|Zamrock
|c| Zamrock|holy fuck
|c|★FlamingVictini PB|?
|c| Zamrock|altaria w\/ the cottom candy ass
|join|craing _;
|c|★sugarhigh|y
|c|★FlamingVictini PB|it doesn't even show it properly mega'd
|c|★FlamingVictini PB|4 me
|join|swagger on deck
|join|thenewguy24
|
|move|p2a: Bisharp|Knock Off|p1a: Altaria
|-resisted|p1a: Altaria
|-damage|p1a: Altaria|170\/354
|-damage|p2a: Bisharp|228\/271|[from] item: Life Orb
|move|p1a: Altaria|Return|p2a: Bisharp
|-damage|p2a: Bisharp|57\/271
|
|turn|9
|c|★FlamingVictini PB|how did i know
|c|★FlamingVictini PB|need to trust my gut
|
|switch|p1a: Ferrothorn|Ferrothorn, M|352\/352
|move|p2a: Bisharp|Knock Off|p1a: Ferrothorn
|-damage|p1a: Ferrothorn|222\/352
|-damage|p2a: Bisharp|24\/271|[from] ability: Iron Barbs|[of] p1a: Ferrothorn
|-enditem|p1a: Ferrothorn|Leftovers|[from] move: Knock Off|[of] p2a: Bisharp
|-damage|p2a: Bisharp|0 fnt|[from] item: Life Orb
|faint|p2a: Bisharp
|
|c| thenewguy24|sugar
|c| thenewguy24|play me after
|c| Zamrock|http:\/\/gyazo.com\/110e296433e61d35475f00544f1c682f
|c| Zamrock|it's ass is fat
|
|switch|p2a: Gengar|Gengar, M|261\/261
|-damage|p2a: Gengar|229\/261|[from] Stealth Rock
|turn|10
|
|switch|p1a: Alomomola|Alomomola, M|534\/534
|move|p2a: Gengar|Focus Blast|p1a: Alomomola|[miss]
|-miss|p2a: Gengar|p1a: Alomomola
|
|turn|11
|c|★sugarhigh|sorry
|c|★sugarhigh|:X
|c|★FlamingVictini PB|i think i lost anyway xD
|
|switch|p2a: Greninja|Greninja, M|285\/285
|-damage|p2a: Greninja|250\/285|[from] Stealth Rock
|move|p1a: Alomomola|Scald|p2a: Greninja
|-resisted|p2a: Greninja
|-damage|p2a: Greninja|220\/285
|
|turn|12
|c|★sugarhigh|mebbe
|join|fuck space
|
|move|p2a: Greninja|Ice Beam|p1a: Alomomola
|-start|p2a: Greninja|typechange|Ice|[from] Protean
|-resisted|p1a: Alomomola
|-damage|p1a: Alomomola|439\/534
|-status|p1a: Alomomola|frz
|-damage|p2a: Greninja|192\/285|[from] item: Life Orb
|-curestatus|p1a: Alomomola|frz
|move|p1a: Alomomola|Wish|p1a: Alomomola
|
|-heal|p1a: Alomomola|472\/534|[from] item: Leftovers
|turn|13
|c| thenewguy24|no you are playin
|c| thenewguy24|me
|
|switch|p2a: Dragonite|Dragonite, M|323\/323
|-damage|p2a: Dragonite|243\/323|[from] Stealth Rock
|move|p1a: Alomomola|Scald|p2a: Dragonite
|-resisted|p2a: Dragonite
|-damage|p2a: Dragonite|219\/323
|
|-heal|p1a: Alomomola|534\/534|[from] move: Wish|[wisher] Alomomola
|turn|14
|
|switch|p1a: Ferrothorn|Ferrothorn, M|222\/352
|move|p2a: Dragonite|Earthquake|p1a: Ferrothorn
|-damage|p1a: Ferrothorn|105\/352
|
|turn|15
|c| Zamrock|the most annoying fish in the world
|
|switch|p2a: Greninja|Greninja, M|192\/285
|-damage|p2a: Greninja|157\/285|[from] Stealth Rock
|switch|p1a: Landorus-Therian|Landorus-Therian, M|79\/382
|-ability|p1a: Landorus-Therian|Intimidate|[of] p2a: Greninja
|-unboost|p2a: Greninja|atk|1
|
|-heal|p1a: Landorus-Therian|102\/382|[from] item: Leftovers
|turn|16
|c|★FlamingVictini PB|freeze the fish
|c|★FlamingVictini PB|imo
|c| Zamrock|my name is scald
|c|★FlamingVictini PB|i mean scald
|c|★FlamingVictini PB|isn't an attack
|
|switch|p1a: Alomomola|Alomomola, M|534\/534
|move|p2a: Greninja|Ice Beam|p1a: Alomomola
|-start|p2a: Greninja|typechange|Ice|[from] Protean
|-resisted|p1a: Alomomola
|-damage|p1a: Alomomola|429\/534
|-damage|p2a: Greninja|129\/285|[from] item: Life Orb
|
|-heal|p1a: Alomomola|462\/534|[from] item: Leftovers
|turn|17
|c|★FlamingVictini PB|ninja'd
|c| Zamrock|!
|
|move|p2a: Greninja|Hidden Power|p1a: Alomomola
|-start|p2a: Greninja|typechange|Grass|[from] Protean
|-supereffective|p1a: Alomomola
|-damage|p1a: Alomomola|194\/534
|-damage|p2a: Greninja|101\/285|[from] item: Life Orb
|move|p1a: Alomomola|Wish|p1a: Alomomola
|
|-heal|p1a: Alomomola|227\/534|[from] item: Leftovers
|turn|18
|c|★FlamingVictini PB|took it
|c|★FlamingVictini PB|too damm well
|c|★sugarhigh|yah
|c|★sugarhigh|spdef alomola
|
|move|p1a: Alomomola|Protect|p1a: Alomomola
|-singleturn|p1a: Alomomola|Protect
|move|p2a: Greninja|Extrasensory|p1a: Alomomola
|-start|p2a: Greninja|typechange|Psychic|[from] Protean
|-activate|p1a: Alomomola|Protect
|
|-heal|p1a: Alomomola|494\/534|[from] move: Wish|[wisher] Alomomola
|-heal|p1a: Alomomola|527\/534|[from] item: Leftovers
|turn|19
|c|★sugarhigh|is life
|
|move|p2a: Greninja|Extrasensory|p1a: Alomomola
|-damage|p1a: Alomomola|359\/534
|-damage|p2a: Greninja|73\/285|[from] item: Life Orb
|move|p1a: Alomomola|Wish|p1a: Alomomola
|
|-heal|p1a: Alomomola|392\/534|[from] item: Leftovers
|turn|20
|c| Zamrock|no gunk?
|c|★FlamingVictini PB|yh this is ogre
|c|★FlamingVictini PB|n
|c| Zamrock|unfortunate
|
|switch|p2a: Dragonite|Dragonite, M|219\/323
|-damage|p2a: Dragonite|139\/323|[from] Stealth Rock
|move|p1a: Alomomola|Protect|p1a: Alomomola
|-fail|p1a: Alomomola
|
|-heal|p1a: Alomomola|534\/534|[from] move: Wish|[wisher] Alomomola
|turn|21
|
|move|p1a: Alomomola|Protect|p1a: Alomomola
|-singleturn|p1a: Alomomola|Protect
|move|p2a: Dragonite|Fire Punch|p1a: Alomomola
|-activate|p1a: Alomomola|Protect
|
|turn|22
|c| Zamrock|lol
|
|move|p2a: Dragonite|Fire Punch|p1a: Alomomola
|-resisted|p1a: Alomomola
|-damage|p1a: Alomomola|438\/534
|move|p1a: Alomomola|Toxic|p2a: Dragonite
|-status|p2a: Dragonite|tox
|
|-heal|p1a: Alomomola|471\/534|[from] item: Leftovers
|-damage|p2a: Dragonite|119\/323 tox|[from] psn
|turn|23
|c| Zamrock|perserve
|c|★FlamingVictini PB|burn it
|c|★FlamingVictini PB|....
|
|switch|p1a: Heatran|Heatran, M|291\/323
|move|p2a: Dragonite|Fire Punch|p1a: Heatran
|-start|p1a: Heatran|ability: Flash Fire
|
|-damage|p2a: Dragonite|79\/323 tox|[from] psn
|turn|24
|c|★FlamingVictini PB|burn this too
|
|move|p2a: Dragonite|Fire Punch|p1a: Heatran
|-immune|p1a: Heatran|[msg]
|move|p1a: Heatran|Magma Storm|p2a: Dragonite
|-resisted|p2a: Dragonite
|-damage|p2a: Dragonite|0 fnt
|faint|p2a: Dragonite
|
|c| Zamrock|!
|join|DracoNinja
|
|switch|p2a: Greninja|Greninja, M|73\/285
|-damage|p2a: Greninja|38\/285|[from] Stealth Rock
|turn|25
|join|I'm Virus (~'o')~
|
|switch|p1a: Jirachi|Jirachi|404\/404
|move|p2a: Greninja|Hydro Pump|p1a: Jirachi
|-start|p2a: Greninja|typechange|Water|[from] Protean
|-damage|p1a: Jirachi|258\/404
|-damage|p2a: Greninja|10\/285|[from] item: Life Orb
|
|-heal|p1a: Jirachi|283\/404|[from] item: Leftovers
|turn|26
|
|switch|p1a: Alomomola|Alomomola, M|534\/534
|move|p2a: Greninja|Hydro Pump|p1a: Alomomola|[miss]
|-miss|p2a: Greninja|p1a: Alomomola
|
|turn|27
|
|move|p2a: Greninja|Extrasensory|p1a: Alomomola
|-start|p2a: Greninja|typechange|Psychic|[from] Protean
|-damage|p1a: Alomomola|353\/534
|-damage|p2a: Greninja|0 fnt|[from] item: Life Orb
|faint|p2a: Greninja
|move|p1a: Alomomola|Wish|p1a: Alomomola
|
|-heal|p1a: Alomomola|386\/534|[from] item: Leftovers
|
|switch|p2a: Gengar|Gengar, M|229\/261
|-damage|p2a: Gengar|197\/261|[from] Stealth Rock
|turn|28
|c|★FlamingVictini PB|gg
|join|AM
|
|move|p2a: Gengar|Shadow Ball|p1a: Alomomola
|-damage|p1a: Alomomola|162\/534
|-unboost|p1a: Alomomola|spd|1
|-damage|p2a: Gengar|171\/261|[from] item: Life Orb
|move|p1a: Alomomola|Scald|p2a: Gengar
|-crit|p2a: Gengar
|-damage|p2a: Gengar|77\/261
|-status|p2a: Gengar|brn
|
|-heal|p1a: Alomomola|429\/534|[from] move: Wish|[wisher] Alomomola
|-heal|p1a: Alomomola|462\/534|[from] item: Leftovers
|-damage|p2a: Gengar|45\/261 brn|[from] brn
|turn|29
|c|★sugarhigh|gg
|c| Zamrock|it's ok
|c| Zamrock|you dbond
|c| Zamrock|to stop the 6-0
|c| I'm Virus (~'o')~|it ok
|
|move|p1a: Alomomola|Protect|p1a: Alomomola
|-singleturn|p1a: Alomomola|Protect
|move|p2a: Gengar|Focus Blast|p1a: Alomomola
|-activate|p1a: Alomomola|Protect
|
|-heal|p1a: Alomomola|495\/534|[from] item: Leftovers
|-damage|p2a: Gengar|13\/261 brn|[from] brn
|turn|30
|c| I'm Virus (~'o')~|life's ruff.
|
|move|p2a: Gengar|Shadow Ball|p1a: Alomomola
|-damage|p1a: Alomomola|195\/534
|-damage|p2a: Gengar|0 fnt|[from] item: Life Orb
|faint|p2a: Gengar
|
|win|sugarhigh
|leave|thenewguy24
|c|★FlamingVictini PB|alo
|c| I'm Virus (~'o')~|stop the torture
|c|★FlamingVictini PB|can go f itself
|c| I'm Virus (~'o')~|T.T
|c| Zamrock|bop
|join|Squirrelll
|c|★FlamingVictini PB|and balloon magma storm
|c|★FlamingVictini PB|>_>
|c|★FlamingVictini PB|wp sugar
|c|★FlamingVictini PB|gg
|leave|AM
|leave|Squirrelll
|leave|Jukain
|leave|FlamingVictini PB
|player|p2
|leave|Zamrock
|leave|fuck space
|join|Praj.pran
|leave|craing _;
|leave|I'm Virus (~'o')~