|join|Ox the Box
|join|FlamingVictini PB
|player|p1|Ox the Box|201
|player|p2|FlamingVictini PB|99
|gametype|singles
|gen|6
|tier|OU
|clearpoke
|poke|p1|Garchomp, F
|poke|p1|Metagross
|poke|p1|Landorus, M
|poke|p1|Lucario, M
|poke|p1|Gengar, M
|poke|p1|Keldeo
|poke|p2|Diancie
|poke|p2|Gengar, M
|poke|p2|Bisharp, M
|poke|p2|Latios, M
|poke|p2|Landorus-Therian, M
|poke|p2|Talonflame, M
|rule|Swagger Clause: Swagger is banned
|rule|Baton Pass Clause: Limit one Pokémon knowing Baton Pass
|rule|Sleep Clause Mod: Limit one foe put to sleep
|rule|Species Clause: Limit one of each Pokémon
|rule|OHKO Clause: OHKO moves are banned
|rule|Moody Clause: Moody is banned
|rule|Evasion Moves Clause: Evasion moves are banned
|rule|Endless Battle Clause: Forcing endless battles is banned
|rule|HP Percentage Mod: HP is shown in percentages
|teampreview
|join|MoB Barley
|c| MoB Barley|i think I'm coming up soon
|c| MoB Barley|for a nom
|c|★Ox the Box|yeah
|c|★Ox the Box|u and romans
|c| MoB Barley|better be scarf chomp
|c| MoB Barley|and rocks lando
|c|★Ox the Box|ofc
|c| MoB Barley|look at ur matchup with scarf chomp
|c| MoB Barley|u beat everything
|c|★Ox the Box|how
|c|★Ox the Box|he has something for every move
|c|★Ox the Box|and a landot
|c|★Ox the Box|;_;
|c| MoB Barley|watch the talon
|c| MoB Barley|idk why I'm commenting
|c| MoB Barley|but w.e
|join|Pure Demize
|c|★FlamingVictini PB|sorry was afk
|c|★FlamingVictini PB|omg sik team m8
|c|★FlamingVictini PB|looks a lot like sugarhigh ho
|
|start
|switch|p1a: Landorus|Landorus, M|319\/319
|switch|p2a: Landorus-Therian|Landorus-Therian, M|319\/319
|-ability|p2a: Landorus-Therian|Intimidate|[of] p1a: Landorus
|-unboost|p1a: Landorus|atk|1
|turn|1
|
|move|p1a: Landorus|Stealth Rock|p2a: Landorus-Therian
|-sidestart|p2: FlamingVictini PB|move: Stealth Rock
|move|p2a: Landorus-Therian|Stealth Rock|p1a: Landorus
|-sidestart|p1: Ox the Box|move: Stealth Rock
|
|turn|2
|c|★Ox the Box|fuck I'm the wrong megagross set
|c|★Ox the Box|;_;
|c|★Ox the Box|\/\/ np
|c|★FlamingVictini PB|good
|
|move|p1a: Landorus|Psychic|p2a: Landorus-Therian
|-damage|p2a: Landorus-Therian|115\/319
|move|p2a: Landorus-Therian|Explosion|p1a: Landorus
|-damage|p1a: Landorus|0 fnt
|faint|p2a: Landorus-Therian
|faint|p1a: Landorus
|
|c|★FlamingVictini PB|i like ppl who bring the wrong gross set
|c|★Ox the Box|so do I
|c|★FlamingVictini PB|i feel this speed tie coming
|c|★FlamingVictini PB|i just feel it
|c|★Ox the Box|me too
|c| MoB Barley|defend rocks
|
|switch|p1a: Gengar|Gengar, M|261\/261
|switch|p2a: Gengar|Gengar, M|259\/259
|-damage|p1a: Gengar|229\/261|[from] Stealth Rock
|-damage|p2a: Gengar|227\/259|[from] Stealth Rock
|turn|3
|c|★FlamingVictini PB|ah who's feelin real
|
|switch|p1a: Keldeo|Keldeo|323\/323
|-damage|p1a: Keldeo|303\/323|[from] Stealth Rock
|switch|p2a: Bisharp|Bisharp, M|269\/269
|-damage|p2a: Bisharp|253\/269|[from] Stealth Rock
|
|turn|4
|c|★FlamingVictini PB|sik play m8
|c|★Ox the Box|ty m8
|c|★Ox the Box|icy wind here
|c|★Ox the Box|yn
|c|★FlamingVictini PB|its all about the mons in the back
|
|switch|p2a: Latios|Latios, M|302\/302
|-damage|p2a: Latios|265\/302|[from] Stealth Rock
|move|p1a: Keldeo|Secret Sword|p2a: Latios
|-resisted|p2a: Latios
|-damage|p2a: Latios|175\/302
|
|turn|5
|c|★FlamingVictini PB|i remember playin flamz n we both led with gengar
|join|powaa
|c|★Ox the Box|pls god
|c|★FlamingVictini PB|but because i had a weaville, i was free to focus blast turn 1 and got his bish
|c|★Ox the Box|fog
|leave|powaa
|
|switch|p2a: Gengar|Gengar, M|227\/259
|-damage|p2a: Gengar|195\/259|[from] Stealth Rock
|switch|p1a: Metagross|Metagross|301\/301
|-damage|p1a: Metagross|283\/301|[from] Stealth Rock
|
|turn|6
|c|★Ox the Box|what does that sentence mean
|c|★FlamingVictini PB|basically i focus blasted his gar turn 1 to catch his bish coming in
|c|★FlamingVictini PB|but you obviously won't understand my explanation of the play
|c|★Ox the Box|sick play m8
|join|Alldaalts
|c|★Ox the Box|,
|c|★FlamingVictini PB|bp y\/n?
|c|★FlamingVictini PB|luke bp y\/n?
|c|★Ox the Box|L[
|
|switch|p1a: Gengar|Gengar, M|229\/261
|-damage|p1a: Gengar|197\/261|[from] Stealth Rock
|move|p2a: Gengar|Shadow Ball|p1a: Gengar
|-supereffective|p1a: Gengar
|-damage|p1a: Gengar|0 fnt
|-damage|p2a: Gengar|170\/259|[from] item: Life Orb
|faint|p1a: Gengar
|
|c|★Ox the Box|:]
|
|switch|p1a: Keldeo|Keldeo|303\/323
|-damage|p1a: Keldeo|283\/323|[from] Stealth Rock
|turn|7
|join|hi im hunter
|join|4d0pt3d
|c|★Ox the Box|hi hunter
|
|switch|p2a: Latios|Latios, M|175\/302
|-damage|p2a: Latios|138\/302|[from] Stealth Rock
|move|p1a: Keldeo|Scald|p2a: Latios
|-resisted|p2a: Latios
|-damage|p2a: Latios|73\/302
|-status|p2a: Latios|brn
|
|-damage|p2a: Latios|36\/302 brn|[from] brn
|turn|8
|leave|4d0pt3d
|c|★Ox the Box|perfect
|c|★Ox the Box|scarf
|c|★Ox the Box|but w.e
|c|★FlamingVictini PB|?
|c| hi im hunter|hi box
|
|move|p2a: Latios|Defog|p1a: Keldeo
|-unboost|p1a: Keldeo|evasion|1
|-sideend|p1: Ox the Box|Stealth Rock|[from] move: Defog|[of] p1a: Keldeo
|-sideend|p2: FlamingVictini PB|Stealth Rock|[from] move: Defog|[of] p2a: Latios
|move|p1a: Keldeo|Scald|p2a: Latios
|-resisted|p2a: Latios
|-damage|p2a: Latios|0 fnt
|faint|p2a: Latios
|
|c|★Ox the Box|I think bp luk wins
|
|switch|p2a: Talonflame|Talonflame, M|305\/305
|turn|9
|c| hi im hunter|thats a aqua jet keldo
|c|★FlamingVictini PB|clearly
|c| hi im hunter|:)
|c| hi im hunter|might as well switch
|join|FlyingSunray
|c|★FlamingVictini PB|bp luke
|c|★FlamingVictini PB|is actually a killer to this team
|c| hi im hunter|dont go to gengar he packs hp ghost
|c|★Ox the Box|I actually am
|c|★FlamingVictini PB|he's choiced
|c|★FlamingVictini PB|ugh how much hp does keld have
|c|★FlamingVictini PB|!dt keldeo
|c|~|\/data-pokemon Keldeo
|raw|<font size="1"><font color=#585858>Dex#:<\/font> 647&nbsp;|&ThickSpace;<font color=#585858>Height:<\/font> 1.4 m&nbsp;|&ThickSpace;<font color=#585858>Weight:<\/font> 48.5 kg <em>(60 BP)<\/em>&nbsp;|&ThickSpace;<font color=#585858>Dex Colour:<\/font> Yellow&nbsp;|&ThickSpace;<font color=#585858>Egg Group(s):<\/font> Undiscovered&nbsp;|&ThickSpace;<font color=#585858><font color=#585858>Does Not Evolve<\/font><\/font><\/font>
|c|★Ox the Box|I actually am now*
|c| hi im hunter|he bluffed
|join|Invok3r
|c|★FlamingVictini PB|how much physical hp does 91 hit?
|c|★FlamingVictini PB|!dt talonflame
|c|~|\/data-pokemon Talonflame
|raw|<font size="1"><font color=#585858>Dex#:<\/font> 663&nbsp;|&ThickSpace;<font color=#585858>Height:<\/font> 1.2 m&nbsp;|&ThickSpace;<font color=#585858>Weight:<\/font> 24.5 kg <em>(40 BP)<\/em>&nbsp;|&ThickSpace;<font color=#585858>Dex Colour:<\/font> Red&nbsp;|&ThickSpace;<font color=#585858>Egg Group(s):<\/font> Flying&nbsp;|&ThickSpace;<font color=#585858><font color=#585858>Does Not Evolve<\/font><\/font><\/font>
|c|★Ox the Box|-
|c|★FlamingVictini PB|323 rite?
|c| hi im hunter|thats a expert belt aqua jet
|join|thepack
|leave|Invok3r
|c|★FlamingVictini PB|i'm calcing my recoil calm down
|c|★Ox the Box|hurry up noob
|
|switch|p1a: Metagross|Metagross|283\/301
|move|p2a: Talonflame|Swords Dance|p2a: Talonflame
|-boost|p2a: Talonflame|atk|2
|
|turn|10
|c|★FlamingVictini PB|o meta is the switch
|c|★FlamingVictini PB|tbh i kinda have to hope luke isn't bp
|c| hi im hunter|thats a unaware garchomp with scarf stone edge
|c|★FlamingVictini PB|damm
|leave|MoB Barley
|
|detailschange|p1a: Metagross|Metagross-Mega
|-mega|p1a: Metagross|Metagross|Metagrossite
|move|p2a: Talonflame|Flare Blitz|p1a: Metagross
|-supereffective|p1a: Metagross
|-damage|p1a: Metagross|0 fnt
|-damage|p2a: Talonflame|212\/305|[from] recoil|[of] p1a: Metagross
|faint|p1a: Metagross
|
|c|★FlamingVictini PB|he got me
|
|switch|p1a: Lucario|Lucario, M|281\/281
|turn|11
|
|switch|p2a: Gengar|Gengar, M|170\/259
|move|p1a: Lucario|Extreme Speed|p2a: Gengar
|-immune|p2a: Gengar|[msg]
|
|turn|12
|c|★Ox the Box|I almost perdicted that
|c|★FlamingVictini PB|sucks to suck
|
|switch|p1a: Garchomp|Garchomp, F|357\/357
|move|p2a: Gengar|Shadow Ball|p1a: Garchomp
|-crit|p1a: Garchomp
|-damage|p1a: Garchomp|40\/357
|-unboost|p1a: Garchomp|spd|1
|-damage|p2a: Gengar|145\/259|[from] item: Life Orb
|-enditem|p1a: Garchomp|Salac Berry|[eat]
|-boost|p1a: Garchomp|spe|1|[from] item: Salac Berry
|
|turn|13
|c|★FlamingVictini PB|see how monstrous luke is
|c|★FlamingVictini PB|o
|c|★Ox the Box|my set has been revealed
|c|★FlamingVictini PB|that's not good
|c| hi im hunter|if you were real you would be running scarf with crunch
|c|★Ox the Box|ty for critting btw
|c|★FlamingVictini PB|ox that's a fun lookin team tbh
|
|switch|p2a: Bisharp|Bisharp, M|253\/269
|move|p1a: Garchomp|Dragon Claw|p2a: Bisharp
|-resisted|p2a: Bisharp
|-damage|p2a: Bisharp|183\/269
|
|turn|14
|c|★FlamingVictini PB|ugh are you bp luke
|c|★FlamingVictini PB|or no
|
|move|p1a: Garchomp|Swords Dance|p1a: Garchomp
|-boost|p1a: Garchomp|atk|2
|move|p2a: Bisharp|Swords Dance|p2a: Bisharp
|-boost|p2a: Bisharp|atk|2
|
|turn|15
|c|★Ox the Box|fuck the lag
|c|★Ox the Box|no I wish tho
|c|★FlamingVictini PB|u have bp
|c|★FlamingVictini PB|i can feel it
|c|★FlamingVictini PB|rip
|c|★Ox the Box|god damn this lag
|c|★Ox the Box|I picked a move
|join|4d0pt3d
|leave|4d0pt3d
|
|move|p2a: Bisharp|Sucker Punch|p1a: Garchomp
|-fail|p1a: Garchomp
|move|p1a: Garchomp|Swords Dance|p1a: Garchomp
|-boost|p1a: Garchomp|atk|2
|
|turn|16
|c|★FlamingVictini PB|keep sd'ing fren
|
|move|p2a: Bisharp|Sucker Punch|p1a: Garchomp
|-damage|p1a: Garchomp|0 fnt
|-damage|p2a: Bisharp|150\/269|[from] ability: Rough Skin|[of] p1a: Garchomp
|-damage|p2a: Bisharp|124\/269|[from] item: Life Orb
|faint|p1a: Garchomp
|
|
|switch|p1a: Lucario|Lucario, M|281\/281
|turn|17
|
|move|p1a: Lucario|Close Combat|p2a: Bisharp
|-crit|p2a: Bisharp
|-supereffective|p2a: Bisharp
|-damage|p2a: Bisharp|0 fnt
|-unboost|p1a: Lucario|def|1
|-unboost|p1a: Lucario|spd|1
|-damage|p1a: Lucario|253\/281|[from] item: Life Orb
|faint|p2a: Bisharp
|
|
|switch|p2a: Gengar|Gengar, M|145\/259
|turn|18
|c|★Ox the Box|bp luc wins honestly
|c|★FlamingVictini PB|yea
|c|★FlamingVictini PB|but ur not bp
|c|★FlamingVictini PB|r u
|c|★Ox the Box|but I don't have it
|c|★Ox the Box|I should be
|
|switch|p1a: Keldeo|Keldeo|283\/323
|move|p2a: Gengar|Shadow Ball|p1a: Keldeo
|-damage|p1a: Keldeo|72\/323
|-damage|p2a: Gengar|120\/259|[from] item: Life Orb
|
|turn|19
|c| hi im hunter|nah nigga hes quick attack
|c|★FlamingVictini PB|dam if cancel came thru
|c|★FlamingVictini PB|i could ensure my win against bp luke
|
|switch|p2a: Diancie|Diancie|241\/241
|move|p1a: Keldeo|Scald|p2a: Diancie
|-supereffective|p2a: Diancie
|-damage|p2a: Diancie|0 fnt
|faint|p2a: Diancie
|
|c| hi im hunter|gone
|
|switch|p2a: Talonflame|Talonflame, M|212\/305
|turn|20
|
|switch|p1a: Lucario|Lucario, M|253\/281
|move|p2a: Talonflame|Brave Bird|p1a: Lucario
|-damage|p1a: Lucario|15\/281
|-damage|p2a: Talonflame|133\/305|[from] recoil|[of] p1a: Lucario
|
|turn|21
|c|★FlamingVictini PB|oml it lived
|c|★Ox the Box|ofc
|c|★FlamingVictini PB|ty life orb
|c|★FlamingVictini PB|ty ty ty
|
|switch|p2a: Gengar|Gengar, M|120\/259
|switch|p1a: Keldeo|Keldeo|72\/323
|
|turn|22
|c|★Ox the Box|:]
|c|★FlamingVictini PB|he did it
|c|★Ox the Box|i'm a fucking lord
|c|★FlamingVictini PB|i was so close to predicting that
|c|★Ox the Box|ofc I did it
|c|★FlamingVictini PB|miss scald y\/y?
|
|move|p1a: Keldeo|Scald|p2a: Gengar
|-damage|p2a: Gengar|0 fnt
|faint|p2a: Gengar
|
|c| hi im hunter|damn son
|c|★Ox the Box|how much were u bought for
|c|★Ox the Box|!!
|
|switch|p2a: Talonflame|Talonflame, M|133\/305
|turn|23
|c|★FlamingVictini PB|9k fren
|c| hi im hunter|fucking rekt
|join|I ABR I
|join|Void
|c|★Ox the Box|nah I'm kidding, you're good
|c|★FlamingVictini PB|i wish cancel worked
|
|move|p2a: Talonflame|Brave Bird|p1a: Keldeo
|-supereffective|p1a: Keldeo
|-damage|p1a: Keldeo|0 fnt
|-damage|p2a: Talonflame|109\/305|[from] recoil|[of] p1a: Keldeo
|faint|p1a: Keldeo
|
|c|★FlamingVictini PB|lol gg fren
|c| hi im hunter|miss espeed
|c|★Ox the Box|gg
|
|switch|p1a: Lucario|Lucario, M|15\/281
|turn|24
|c|★FlamingVictini PB|u need to pass me that lordsquad real quick so i can fix it
|c|★FlamingVictini PB|subsalac chomp
|
|move|p1a: Lucario|Extreme Speed|p2a: Talonflame
|-damage|p2a: Talonflame|0 fnt
|-damage|p1a: Lucario|0 fnt|[from] item: Life Orb
|faint|p2a: Talonflame
|faint|p1a: Lucario
|
|win|Ox the Box
|c|★FlamingVictini PB|i just love that thing
|c|★Ox the Box|lol ok