|join|Bloodz
|join|FlamingVictini PB
|player|p1|Bloodz|101
|player|p2|FlamingVictini PB|99
|gametype|singles
|gen|6
|tier|OU
|clearpoke
|poke|p1|Lopunny, M
|poke|p1|Slowbro, M
|poke|p1|Gliscor, F
|poke|p1|Heatran, F
|poke|p1|Raikou
|poke|p1|Latios, M
|poke|p2|Bisharp, M
|poke|p2|Azumarill, M
|poke|p2|Infernape, M
|poke|p2|Landorus, M
|poke|p2|Manectric, M
|poke|p2|Latios, M
|rule|Swagger Clause: Swagger is banned
|rule|Baton Pass Clause: Limit one Pokémon knowing Baton Pass
|rule|Sleep Clause Mod: Limit one foe put to sleep
|rule|Species Clause: Limit one of each Pokémon
|rule|OHKO Clause: OHKO moves are banned
|rule|Moody Clause: Moody is banned
|rule|Evasion Moves Clause: Evasion moves are banned
|rule|Endless Battle Clause: Forcing endless battles is banned
|rule|HP Percentage Mod: HP is shown in percentages
|teampreview
|join|CleanerThanRotom-W
|join|TheLaughingCats
|c|★Bloodz|gl hf
|c|★FlamingVictini PB|u2
|raw|<div class="broadcast-red"><b>Moderated chat was set to +!<\/b><br \/>Only users of rank + and higher can talk.<\/div>
|join|cosine180
|join|Ox the Box
|c|★FlamingVictini PB|uh my parents are going crazy because i'm doing my match rn
|c|★Bloodz|ehm
|join|Dread Arceus
|join|Wiz BITG
|
|start
|switch|p1a: Lopunny|Lopunny, M|271\/271
|switch|p2a: Feronia|Manectric, M|281\/281
|turn|1
|join|AlmightyJeffwinger
|join|Yuttt.annual
|
|detailschange|p2a: Feronia|Manectric-Mega, M
|-mega|p2a: Feronia|Manectric|Manectite
|-ability|p2a: Feronia|Intimidate|[of] p1a: Lopunny
|-unboost|p1a: Lopunny|atk|1
|detailschange|p1a: Lopunny|Lopunny-Mega, M
|-mega|p1a: Lopunny|Lopunny|Lopunnite
|move|p1a: Lopunny|Fake Out|p2a: Feronia
|-damage|p2a: Feronia|221\/281
|cant|p2a: Feronia|flinch
|
|turn|2
|join|Toxzn
|join|haunter
|join|Raik
|join|Roi Venin BahaWin
|join|skysoki
|join|Bluzen
|join|Majaspic22
|
|switch|p1a: Raikou|Raikou|321\/321
|-ability|p1a: Raikou|Pressure
|move|p2a: Feronia|Volt Switch|p1a: Raikou
|-resisted|p1a: Raikou
|-damage|p1a: Raikou|277\/321
|
|switch|p2a: Ashes (Burn Your L|Infernape, M|262\/262
|
|turn|3
|leave|Bluzen
|c|★FlamingVictini PB|are you in a rush right now?
|
|move|p1a: Raikou|Volt Switch|p2a: Ashes (Burn Your L
|-crit|p2a: Ashes (Burn Your L
|-damage|p2a: Ashes (Burn Your L|18\/262
|c|★Bloodz|not really
|c|★Bloodz|fucking crit
|join|BasedLord Soldier
|join|daftmau5
|
|switch|p1a: Slowbro|Slowbro, M|393\/393
|move|p2a: Ashes (Burn Your L|Stealth Rock|p1a: Slowbro
|-sidestart|p1: Bloodz|move: Stealth Rock
|
|turn|4
|leave|CleanerThanRotom-W
|join|Vinc2612
|join|Bluzen
|join|Thunder631
|join|Ludo974
|leave|Bluzen
|join|Bluzen
|join|Bowlii
|
|move|p2a: Ashes (Burn Your L|Endeavor|p1a: Slowbro
|-damage|p1a: Slowbro|18\/393
|move|p1a: Slowbro|Scald|p2a: Ashes (Burn Your L
|-supereffective|p2a: Ashes (Burn Your L
|-damage|p2a: Ashes (Burn Your L|0 fnt
|faint|p2a: Ashes (Burn Your L
|
|-heal|p1a: Slowbro|42\/393|[from] item: Leftovers
|
|switch|p2a: My Friend|Azumarill, M|348\/348
|turn|5
|join|hashtag fabulous
|join|marty9711
|leave|marty9711
|
|move|p2a: My Friend|Knock Off|p1a: Slowbro
|-supereffective|p1a: Slowbro
|-damage|p1a: Slowbro|0 fnt
|-enditem|p1a: Slowbro|Leftovers|[from] move: Knock Off|[of] p2a: My Friend
|faint|p1a: Slowbro
|
|join|Darkaxx
|
|switch|p1a: Raikou|Raikou|277\/321
|-damage|p1a: Raikou|237\/321|[from] Stealth Rock
|-ability|p1a: Raikou|Pressure
|turn|6
|join|Chillarmy
|
|switch|p2a: Feronia|Manectric-Mega, M|221\/281
|-ability|p2a: Feronia|Intimidate|[of] p1a: Raikou
|-unboost|p1a: Raikou|atk|1
|move|p1a: Raikou|Thunderbolt|p2a: Feronia
|-resisted|p2a: Feronia
|-damage|p2a: Feronia|139\/281
|
|turn|7
|
|move|p2a: Feronia|Volt Switch|p1a: Raikou
|-resisted|p1a: Raikou
|-damage|p1a: Raikou|192\/321
|
|switch|p2a: Tranquility|Bisharp, M|271\/271
|move|p1a: Raikou|Volt Switch|p2a: Tranquility
|-damage|p2a: Tranquility|115\/271
|
|switch|p1a: Lopunny|Lopunny-Mega, M|271\/271
|-damage|p1a: Lopunny|255\/271|[from] Stealth Rock
|
|turn|8
|
|switch|p2a: I'm Not Over|Latios, M|301\/301
|move|p1a: Lopunny|High Jump Kick|p2a: I'm Not Over
|-resisted|p2a: I'm Not Over
|-damage|p2a: I'm Not Over|160\/301
|
|turn|9
|join|Evuelf
|join|Rayouu
|join|Captain Courtroom
|leave|Evuelf
|leave|Rayouu
|join|Viridescent
|
|switch|p2a: Sweetest Addiction|Landorus, M|319\/319
|switch|p1a: Heatran|Heatran, F|379\/379
|-damage|p1a: Heatran|332\/379|[from] Stealth Rock
|
|-heal|p1a: Heatran|355\/379|[from] item: Leftovers
|turn|10
|join|Dread Plate
|
|switch|p1a: Latios|Latios, M|301\/301
|-damage|p1a: Latios|264\/301|[from] Stealth Rock
|move|p2a: Sweetest Addiction|Rock Polish|p2a: Sweetest Addiction
|-boost|p2a: Sweetest Addiction|spe|2
|
|turn|11
|join|poneyLeschaises
|
|move|p2a: Sweetest Addiction|Knock Off|p1a: Latios
|-supereffective|p1a: Latios
|-damage|p1a: Latios|0 fnt
|-enditem|p1a: Latios|Life Orb|[from] move: Knock Off|[of] p2a: Sweetest Addiction
|-damage|p2a: Sweetest Addiction|288\/319|[from] item: Life Orb
|faint|p1a: Latios
|
|
|switch|p1a: Gliscor|Gliscor, F|352\/352
|-damage|p1a: Gliscor|308\/352|[from] Stealth Rock
|turn|12
|join|IAmGingy
|
|move|p2a: Sweetest Addiction|Psychic|p1a: Gliscor
|-damage|p1a: Gliscor|153\/352
|move|p1a: Gliscor|Knock Off|p2a: Sweetest Addiction
|-damage|p2a: Sweetest Addiction|202\/319
|-enditem|p2a: Sweetest Addiction|Life Orb|[from] move: Knock Off|[of] p1a: Gliscor
|
|-status|p1a: Gliscor|tox|[from] item: Toxic Orb
|turn|13
|
|switch|p2a: I'm Not Over|Latios, M|160\/301
|move|p1a: Gliscor|Roost|p1a: Gliscor
|-heal|p1a: Gliscor|329\/352 tox
|
|-heal|p1a: Gliscor|352\/352 tox|[from] ability: Poison Heal
|turn|14
|
|switch|p1a: Heatran|Heatran, F|355\/379
|-damage|p1a: Heatran|308\/379|[from] Stealth Rock
|move|p2a: I'm Not Over|Trick|p1a: Heatran
|-activate|p2a: I'm Not Over|move: Trick|[of] p1a: Heatran
|-item|p1a: Heatran|Choice Scarf|[from] move: Trick
|-item|p2a: I'm Not Over|Leftovers|[from] move: Trick
|
|-heal|p2a: I'm Not Over|178\/301|[from] item: Leftovers
|turn|15
|leave|Raik
|join|abcdefghitony
|leave|poneyLeschaises
|leave|Darkaxx
|
|switch|p2a: My Friend|Azumarill, M|348\/348
|move|p1a: Heatran|Lava Plume|p2a: My Friend
|-resisted|p2a: My Friend
|-damage|p2a: My Friend|279\/348
|-status|p2a: My Friend|brn
|
|-damage|p2a: My Friend|236\/348 brn|[from] brn
|turn|16
|join|jellu
|join|lordgin33
|
|switch|p1a: Gliscor|Gliscor, F|352\/352 tox
|-damage|p1a: Gliscor|308\/352 tox|[from] Stealth Rock
|move|p2a: My Friend|Belly Drum|p2a: My Friend
|-damage|p2a: My Friend|62\/348 brn
|-setboost|p2a: My Friend|atk|6|[from] move: Belly Drum
|-enditem|p2a: My Friend|Sitrus Berry|[eat]
|-heal|p2a: My Friend|149\/348 brn|[from] item: Sitrus Berry
|
|-heal|p1a: Gliscor|352\/352 tox|[from] ability: Poison Heal
|-damage|p2a: My Friend|106\/348 brn|[from] brn
|turn|17
|
|move|p2a: My Friend|Aqua Jet|p1a: Gliscor
|-supereffective|p1a: Gliscor
|-damage|p1a: Gliscor|76\/352 tox
|move|p1a: Gliscor|Earthquake|p2a: My Friend
|-damage|p2a: My Friend|0 fnt
|faint|p2a: My Friend
|
|-heal|p1a: Gliscor|120\/352 tox|[from] ability: Poison Heal
|
|switch|p2a: Feronia|Manectric-Mega, M|139\/281
|-ability|p2a: Feronia|Intimidate|[of] p1a: Gliscor
|-unboost|p1a: Gliscor|atk|1
|turn|18
|join|Destiny Device
|join|gizmo~
|
|switch|p1a: Heatran|Heatran, F|308\/379
|-damage|p1a: Heatran|261\/379|[from] Stealth Rock
|move|p2a: Feronia|Volt Switch|p1a: Heatran
|-damage|p1a: Heatran|161\/379
|join|SilviuSantos
|
|switch|p2a: I'm Not Over|Latios, M|178\/301
|
|-heal|p2a: I'm Not Over|196\/301|[from] item: Leftovers
|turn|19
|leave|Thunder631
|join|Alexander
|join|ThE0
|join|Dyanna
|leave|Wiz BITG
|join|Evuelf
|join|Unamed
|leave|Unamed
|
|switch|p1a: Raikou|Raikou|192\/321
|-damage|p1a: Raikou|152\/321|[from] Stealth Rock
|-ability|p1a: Raikou|Pressure
|move|p2a: I'm Not Over|Memento|p1a: Raikou
|-unboost|p1a: Raikou|atk|2
|-unboost|p1a: Raikou|spa|2
|faint|p2a: I'm Not Over
|
|
|switch|p2a: Tranquility|Bisharp, M|115\/271
|turn|20
|join|jerry85
|
|switch|p1a: Heatran|Heatran, F|161\/379
|-damage|p1a: Heatran|114\/379|[from] Stealth Rock
|move|p2a: Tranquility|Iron Head|p1a: Heatran
|-resisted|p1a: Heatran
|-damage|p1a: Heatran|80\/379
|
|turn|21
|join|westernICE
|
|move|p2a: Tranquility|Sucker Punch|p1a: Heatran
|-damage|p1a: Heatran|0 fnt
|faint|p1a: Heatran
|
|join|terry41
|leave|Evuelf
|c|★FlamingVictini PB|ye i see no way to win this after the burn
|
|switch|p1a: Lopunny|Lopunny-Mega, M|255\/271
|-damage|p1a: Lopunny|239\/271|[from] Stealth Rock
|turn|22
|c|★Bloodz|you never know
|leave|AlmightyJeffwinger
|leave|Ludo974
|join|poneyLeschaises
|
|move|p1a: Lopunny|High Jump Kick|p2a: Tranquility
|-supereffective|p2a: Tranquility
|-damage|p2a: Tranquility|0 fnt
|faint|p2a: Tranquility
|
|join|Adri989898
|leave|TheLaughingCats
|c|★FlamingVictini PB|yea needed that to miss lol
|
|switch|p2a: Feronia|Manectric-Mega, M|139\/281
|-ability|p2a: Feronia|Intimidate|[of] p1a: Lopunny
|-unboost|p1a: Lopunny|atk|1
|turn|23
|join|xxx111
|leave|xxx111
|join|xxx111
|
|switch|p1a: Raikou|Raikou|152\/321
|-damage|p1a: Raikou|112\/321|[from] Stealth Rock
|-ability|p1a: Raikou|Pressure
|move|p2a: Feronia|Hidden Power|p1a: Raikou
|-damage|p1a: Raikou|63\/321
|
|turn|24
|leave|Adri989898
|leave|Majaspic22
|leave|Dread Plate
|join|ENKA
|join|Hyperism
|leave|poneyLeschaises
|leave|Hyperism
|
|move|p2a: Feronia|Flamethrower|p1a: Raikou
|-damage|p1a: Raikou|0 fnt
|faint|p1a: Raikou
|
|
|switch|p1a: Lopunny|Lopunny-Mega, M|239\/271
|-damage|p1a: Lopunny|223\/271|[from] Stealth Rock
|turn|25
|
|switch|p2a: Sweetest Addiction|Landorus, M|202\/319
|move|p1a: Lopunny|Fake Out|p2a: Sweetest Addiction
|-damage|p2a: Sweetest Addiction|121\/319
|
|turn|26
|leave|Destiny Device
|
|move|p1a: Lopunny|Return|p2a: Sweetest Addiction
|-damage|p2a: Sweetest Addiction|0 fnt
|faint|p2a: Sweetest Addiction
|
|join|TheLaughingCats
|
|switch|p2a: Feronia|Manectric-Mega, M|139\/281
|-ability|p2a: Feronia|Intimidate|[of] p1a: Lopunny
|-unboost|p1a: Lopunny|atk|1
|turn|27
|
|switch|p1a: Gliscor|Gliscor, F|120\/352 tox
|-damage|p1a: Gliscor|76\/352 tox|[from] Stealth Rock
|move|p2a: Feronia|Thunderbolt|p1a: Gliscor
|-immune|p1a: Gliscor|[msg]
|
|-heal|p1a: Gliscor|120\/352 tox|[from] ability: Poison Heal
|turn|28
|c|★Bloodz|crit\/para y\/n
|
|move|p2a: Feronia|Hidden Power|p1a: Gliscor
|-supereffective|p1a: Gliscor
|-damage|p1a: Gliscor|0 fnt
|faint|p1a: Gliscor
|
|
|switch|p1a: Lopunny|Lopunny-Mega, M|223\/271
|-damage|p1a: Lopunny|207\/271|[from] Stealth Rock
|turn|29
|
|move|p1a: Lopunny|Return|p2a: Feronia
|-damage|p2a: Feronia|0 fnt
|faint|p2a: Feronia
|
|win|Bloodz
|c|★Bloodz|gg
|leave|jerry85
|c|+Vinc2612|gg Bloodz ;)
|leave|haunter
|c|★Bloodz|:]
|leave|IAmGingy
|leave|TheLaughingCats
|join|jerry85
|leave|Chillarmy
|leave|Dread Arceus
|leave|Vinc2612
|leave|Bluzen
|leave|abcdefghitony
|leave|skysoki
|leave|cosine180
|leave|jerry85
|leave|Yuttt.annual
|leave|Captain Courtroom
|leave|Viridescent
|leave|gizmo~
|join|Dark380
|leave|BasedLord Soldier
|join|cosine180