|join|QuiteWheen
|join|Malefic
|player|p1|QuiteWheen|8
|player|p2|Malefic|2
|gametype|singles
|gen|6
|tier|UU
|rule|Sleep Clause Mod: Limit one foe put to sleep
|rule|Species Clause: Limit one of each Pokémon
|rule|OHKO Clause: OHKO moves are banned
|rule|Moody Clause: Moody is banned
|rule|Evasion Moves Clause: Evasion moves are banned
|rule|Endless Battle Clause: Forcing endless battles is banned
|rule|HP Percentage Mod: HP is shown in percentages
|clearpoke
|poke|p1|Pidgeot, M
|poke|p1|Tentacruel, F
|poke|p1|Krookodile, M
|poke|p1|Jirachi
|poke|p1|Kyurem, shiny
|poke|p1|Mienshao, F, shiny
|poke|p2|Machamp, F
|poke|p2|Kyurem
|poke|p2|Beedrill, F
|poke|p2|Jirachi
|poke|p2|Raikou
|poke|p2|Crobat, F
|rule|Swagger Clause: Swagger is banned
|rule|Baton Pass Clause: Limit one Pokémon knowing Baton Pass
|teampreview
|join|watfor
|c| watfor|glhf you both n_n
|join|roast toast
|
|start
|switch|p1a: Jirachi|Jirachi|404\/404
|switch|p2a: Jirachi|Jirachi|345\/345
|turn|1
|
|move|p2a: Jirachi|Stealth Rock|p1a: Jirachi
|-sidestart|p1: QuiteWheen|move: Stealth Rock
|move|p1a: Jirachi|Stealth Rock|p2a: Jirachi
|-sidestart|p2: Malefic|move: Stealth Rock
|
|turn|2
|join|so dynamic
|join|uforgotsmth
|c| uforgotsmth|where is the aboma
|
|move|p2a: Jirachi|Fire Punch|p1a: Jirachi
|-supereffective|p1a: Jirachi
|-damage|p1a: Jirachi|238\/404
|-status|p1a: Jirachi|brn
|move|p1a: Jirachi|U-turn|p2a: Jirachi
|-damage|p2a: Jirachi|315\/345
|
|switch|p1a: Krookodile|Krookodile, M|331\/331
|-damage|p1a: Krookodile|311\/331|[from] Stealth Rock
|-ability|p1a: Krookodile|Intimidate|[of] p2a: Jirachi
|-unboost|p2a: Jirachi|atk|1
|
|turn|3
|c|★Malefic|sry
|c| uforgotsmth|not u
|c|★QuiteWheen|np
|c| uforgotsmth|u need aboma quitewheen if u use the alt >:(
|leave|uforgotsmth
|
|move|p1a: Krookodile|Pursuit|p2a: Jirachi|[from]Pursuit
|-supereffective|p2a: Jirachi
|-damage|p2a: Jirachi|3\/345
|switch|p2a: Machamp|Machamp, F|364\/364
|-damage|p2a: Machamp|342\/364|[from] Stealth Rock
|
|turn|4
|
|switch|p1a: Tentacruel|Tentacruel, F|361\/361
|-damage|p1a: Tentacruel|316\/361|[from] Stealth Rock
|move|p2a: Machamp|Knock Off|p1a: Tentacruel
|-damage|p1a: Tentacruel|193\/361
|-enditem|p1a: Tentacruel|Black Sludge|[from] move: Knock Off|[of] p2a: Machamp
|
|turn|5
|join|Shunz
|
|switch|p2a: Jirachi|Jirachi|3\/345
|-damage|p2a: Jirachi|0 fnt|[from] Stealth Rock
|faint|p2a: Jirachi
|move|p1a: Tentacruel|Rapid Spin|p2: Jirachi|[notarget]
|-notarget
|
|c| Shunz|malefic
|c| Shunz|y r u doing dis
|
|switch|p2a: Beedrill|Beedrill, F|271\/271
|-damage|p2a: Beedrill|204\/271|[from] Stealth Rock
|turn|6
|
|detailschange|p2a: Beedrill|Beedrill-Mega, F
|message|Beedrill has Mega Evolved into Mega Beedrill!
|move|p2a: Beedrill|Drill Run|p1a: Tentacruel
|-crit|p1a: Tentacruel
|-supereffective|p1a: Tentacruel
|-damage|p1a: Tentacruel|0 fnt
|faint|p1a: Tentacruel
|
|
|switch|p1a: omfuga fetish|Kyurem, shiny|391\/391
|-damage|p1a: omfuga fetish|294\/391|[from] Stealth Rock
|-ability|p1a: omfuga fetish|Pressure
|turn|7
|
|switch|p2a: Machamp|Machamp, F|342\/364
|-damage|p2a: Machamp|320\/364|[from] Stealth Rock
|move|p1a: omfuga fetish|Dragon Pulse|p2a: Machamp
|-damage|p2a: Machamp|139\/364
|
|turn|8
|
|move|p2a: Machamp|Bullet Punch|p1a: omfuga fetish
|-supereffective|p1a: omfuga fetish
|-damage|p1a: omfuga fetish|182\/391
|move|p1a: omfuga fetish|Dragon Pulse|p2a: Machamp
|-damage|p2a: Machamp|0 fnt
|faint|p2a: Machamp
|
|
|switch|p2a: Kyurem|Kyurem|391\/391
|-damage|p2a: Kyurem|294\/391|[from] Stealth Rock
|-ability|p2a: Kyurem|Pressure
|turn|9
|
|move|p2a: Kyurem|Dragon Pulse|p1a: omfuga fetish
|-supereffective|p1a: omfuga fetish
|-damage|p1a: omfuga fetish|0 fnt
|faint|p1a: omfuga fetish
|
|join|Ferocca
|
|switch|p1a: Jirachi|Jirachi|238\/404 brn
|-damage|p1a: Jirachi|213\/404 brn|[from] Stealth Rock
|turn|10
|
|switch|p2a: Crobat|Crobat, F|373\/373
|-damage|p2a: Crobat|280\/373|[from] Stealth Rock
|move|p1a: Jirachi|U-turn|p2a: Crobat
|-resisted|p2a: Crobat
|-damage|p2a: Crobat|272\/373
|
|switch|p1a: Krookodile|Krookodile, M|311\/331
|-damage|p1a: Krookodile|291\/331|[from] Stealth Rock
|-ability|p1a: Krookodile|Intimidate|[of] p2a: Crobat
|-unboost|p2a: Crobat|atk|1
|
|-heal|p2a: Crobat|295\/373|[from] item: Black Sludge
|turn|11
|leave|Shunz
|
|move|p2a: Crobat|U-turn|p1a: Krookodile
|-supereffective|p1a: Krookodile
|-damage|p1a: Krookodile|193\/331
|
|switch|p2a: Raikou|Raikou|321\/321
|-damage|p2a: Raikou|281\/321|[from] Stealth Rock
|-ability|p2a: Raikou|Pressure
|move|p1a: Krookodile|Knock Off|p2a: Raikou
|-damage|p2a: Raikou|29\/321
|-enditem|p2a: Raikou|Choice Specs|[from] move: Knock Off|[of] p1a: Krookodile
|
|turn|12
|
|switch|p1a: Jirachi|Jirachi|213\/404 brn
|-damage|p1a: Jirachi|188\/404 brn|[from] Stealth Rock
|move|p2a: Raikou|Hidden Power|p1a: Jirachi
|-resisted|p1a: Jirachi
|-damage|p1a: Jirachi|166\/404 brn
|
|-heal|p1a: Jirachi|191\/404 brn|[from] item: Leftovers
|-damage|p1a: Jirachi|141\/404 brn|[from] brn
|turn|13
|
|move|p2a: Raikou|Thunderbolt|p1a: Jirachi
|-damage|p1a: Jirachi|35\/404 brn
|move|p1a: Jirachi|U-turn|p2a: Raikou
|-crit|p2a: Raikou
|-damage|p2a: Raikou|0 fnt
|faint|p2a: Raikou
|
|switch|p1a: Mienshao|Mienshao, F, shiny|271\/271
|-damage|p1a: Mienshao|255\/271|[from] Stealth Rock
|
|
|switch|p2a: Crobat|Crobat, F|295\/373
|-damage|p2a: Crobat|202\/373|[from] Stealth Rock
|turn|14
|
|move|p1a: Mienshao|U-turn|p2a: Crobat
|-resisted|p2a: Crobat
|-damage|p2a: Crobat|177\/373
|
|switch|p1a: Krookodile|Krookodile, M|193\/331
|-damage|p1a: Krookodile|173\/331|[from] Stealth Rock
|-ability|p1a: Krookodile|Intimidate|[of] p2a: Crobat
|-unboost|p2a: Crobat|atk|1
|move|p2a: Crobat|Brave Bird|p1a: Krookodile
|-damage|p1a: Krookodile|55\/331
|-damage|p2a: Crobat|138\/373|[from] recoil|[of] p1a: Krookodile
|
|-heal|p2a: Crobat|161\/373|[from] item: Black Sludge
|turn|15
|
|move|p2a: Crobat|Brave Bird|p1a: Krookodile
|-damage|p1a: Krookodile|0 fnt
|-damage|p2a: Crobat|143\/373|[from] recoil|[of] p1a: Krookodile
|faint|p1a: Krookodile
|
|-heal|p2a: Crobat|166\/373|[from] item: Black Sludge
|
|switch|p1a: Pidgeot|Pidgeot, M|319\/319
|-damage|p1a: Pidgeot|240\/319|[from] Stealth Rock
|turn|16
|
|switch|p2a: Beedrill|Beedrill-Mega, F|204\/271
|-damage|p2a: Beedrill|137\/271|[from] Stealth Rock
|detailschange|p1a: Pidgeot|Pidgeot-Mega, M
|message|Pidgeot has Mega Evolved into Mega Pidgeot!
|move|p1a: Pidgeot|Hurricane|p2a: Beedrill
|-supereffective|p2a: Beedrill
|-damage|p2a: Beedrill|0 fnt
|faint|p2a: Beedrill
|
|
|switch|p2a: Kyurem|Kyurem|294\/391
|-damage|p2a: Kyurem|197\/391|[from] Stealth Rock
|-ability|p2a: Kyurem|Pressure
|turn|17
|
|move|p2a: Kyurem|Ice Beam|p1a: Pidgeot
|-supereffective|p1a: Pidgeot
|-damage|p1a: Pidgeot|0 fnt
|faint|p1a: Pidgeot
|
|
|switch|p1a: Mienshao|Mienshao, F, shiny|255\/271
|-damage|p1a: Mienshao|239\/271|[from] Stealth Rock
|turn|18
|c|★Malefic|i forgot roost on bat :c
|c|★Malefic|gg
|c|★QuiteWheen|im not using
|c|★QuiteWheen|stone edge
|c|★QuiteWheen|on this e__e
|c|★QuiteWheen|so you might still win
|
|move|p1a: Mienshao|U-turn|p2a: Kyurem
|-damage|p2a: Kyurem|105\/391
|
|switch|p1a: Jirachi|Jirachi|35\/404 brn
|-damage|p1a: Jirachi|10\/404 brn|[from] Stealth Rock
|move|p2a: Kyurem|Ice Beam|p1a: Jirachi
|-resisted|p1a: Jirachi
|-damage|p1a: Jirachi|0 fnt
|faint|p1a: Jirachi
|
|
|switch|p1a: Mienshao|Mienshao, F, shiny|239\/271
|-damage|p1a: Mienshao|223\/271|[from] Stealth Rock
|turn|19
|
|move|p1a: Mienshao|Knock Off|p2a: Kyurem
|-damage|p2a: Kyurem|0 fnt
|-enditem|p2a: Kyurem|Choice Scarf|[from] move: Knock Off|[of] p1a: Mienshao
|faint|p2a: Kyurem
|
|c|★QuiteWheen|gg
|
|switch|p2a: Crobat|Crobat, F|166\/373
|-damage|p2a: Crobat|73\/373|[from] Stealth Rock
|turn|20
|
|move|p1a: Mienshao|Knock Off|p2a: Crobat
|-damage|p2a: Crobat|0 fnt
|-enditem|p2a: Crobat|Black Sludge|[from] move: Knock Off|[of] p1a: Mienshao
|faint|p2a: Crobat
|
|win|QuiteWheen
|leave|QuiteWheen
|player|p1
|leave|so dynamic
|leave|Malefic
|player|p2