|join|Victor Infinity
|join|KingOfSimbas
|player|p1|Victor Infinity|52
|player|p2|KingOfSimbas|7
|gametype|singles
|gen|6
|tier|UU
|rated
|rule|Sleep Clause Mod: Limit one foe put to sleep
|rule|Species Clause: Limit one of each Pokémon
|rule|OHKO Clause: OHKO moves are banned
|rule|Moody Clause: Moody is banned
|rule|Evasion Moves Clause: Evasion moves are banned
|rule|Endless Battle Clause: Forcing endless battles is banned
|rule|HP Percentage Mod: HP is reported as percentages
|clearpoke
|poke|p1|Raikou
|poke|p1|Slowbro, M
|poke|p1|Blastoise, M
|poke|p1|Blissey, F
|poke|p1|Meloetta
|poke|p1|Entei, shiny
|poke|p2|Infernape, F
|poke|p2|Blastoise, M
|poke|p2|Dugtrio, M
|poke|p2|Alakazam, F
|poke|p2|Umbreon, M
|poke|p2|Kingdra, M, shiny
|rule|Swagger Clause: Swagger is banned
|rule|Baton Pass Clause: Limit one Pokémon knowing Baton Pass
|teampreview
|
|start
|switch|p1a: Super Turtle|Blastoise, M|362\/362
|switch|p2a: Blakblastoise|Blastoise, M|362\/362
|turn|1
|
|detailschange|p1a: Super Turtle|Blastoise-Mega, M
|message|Blastoise has Mega Evolved into Mega Blastoise!
|detailschange|p2a: Blakblastoise|Blastoise-Mega, M
|message|Blastoise has Mega Evolved into Mega Blastoise!
|move|p2a: Blakblastoise|Dark Pulse|p1a: Super Turtle
|-damage|p1a: Super Turtle|218\/362
|move|p1a: Super Turtle|Dark Pulse|p2a: Blakblastoise
|-damage|p2a: Blakblastoise|216\/362
|
|turn|2
|
|switch|p1a: Blissey|Blissey, F|714\/714
|move|p2a: Blakblastoise|Dark Pulse|p1a: Blissey
|-damage|p1a: Blissey|591\/714
|
|-heal|p1a: Blissey|635\/714|[from] item: Leftovers
|turn|3
|
|switch|p2a: Smokey|Umbreon, M|394\/394
|move|p1a: Blissey|Thunder Wave|p2a: Smokey
|-status|p2a: Smokey|par
|-status|p1a: Blissey|par
|
|-heal|p1a: Blissey|679\/714 par|[from] item: Leftovers
|turn|4
|
|cant|p2a: Smokey|par
|move|p1a: Blissey|Wish|p1a: Blissey
|
|-heal|p1a: Blissey|714\/714 par|[from] item: Leftovers
|turn|5
|
|switch|p1a: Super Turtle|Blastoise-Mega, M|218\/362
|move|p2a: Smokey|Heal Bell|p2a: Smokey
|-cureteam|p2a: Smokey|[from] move: HealBell
|
|-heal|p1a: Super Turtle|362\/362|[from] move: Wish|[wisher] Blissey
|turn|6
|
|move|p1a: Super Turtle|Aura Sphere|p2a: Smokey
|-supereffective|p2a: Smokey
|-damage|p2a: Smokey|194\/394
|move|p2a: Smokey|Wish|p2a: Smokey
|
|-heal|p2a: Smokey|218\/394|[from] item: Leftovers
|turn|7
|
|move|p2a: Smokey|Protect|p2a: Smokey
|-singleturn|p2a: Smokey|Protect
|move|p1a: Super Turtle|Aura Sphere|p2a: Smokey
|-activate|p2a: Smokey|Protect
|
|-heal|p2a: Smokey|394\/394|[from] move: Wish|[wisher] Smokey
|turn|8
|
|move|p1a: Super Turtle|Water Pulse|p2a: Smokey
|-damage|p2a: Smokey|292\/394
|-start|p2a: Smokey|confusion
|-activate|p2a: Smokey|confusion
|move|p2a: Smokey|Wish|p2a: Smokey
|
|-heal|p2a: Smokey|316\/394|[from] item: Leftovers
|turn|9
|
|switch|p2a: Blakblastoise|Blastoise-Mega, M|216\/362
|move|p1a: Super Turtle|Aura Sphere|p2a: Blakblastoise
|-damage|p2a: Blakblastoise|67\/362
|
|-heal|p2a: Blakblastoise|264\/362|[from] move: Wish|[wisher] Smokey
|turn|10
|
|move|p1a: Super Turtle|Dark Pulse|p2a: Blakblastoise
|-damage|p2a: Blakblastoise|121\/362
|move|p2a: Blakblastoise|Dark Pulse|p1a: Super Turtle
|-damage|p1a: Super Turtle|230\/362
|
|turn|11
|
|switch|p2a: Smokey|Umbreon, M|316\/394
|move|p1a: Super Turtle|Dark Pulse|p2a: Smokey
|-resisted|p2a: Smokey
|-damage|p2a: Smokey|270\/394
|
|-heal|p2a: Smokey|294\/394|[from] item: Leftovers
|turn|12
|
|move|p1a: Super Turtle|Aura Sphere|p2a: Smokey
|-supereffective|p2a: Smokey
|-damage|p2a: Smokey|116\/394
|move|p2a: Smokey|Wish|p2a: Smokey
|
|-heal|p2a: Smokey|140\/394|[from] item: Leftovers
|turn|13
|
|move|p2a: Smokey|Protect|p2a: Smokey
|-singleturn|p2a: Smokey|Protect
|move|p1a: Super Turtle|Aura Sphere|p2a: Smokey
|-activate|p2a: Smokey|Protect
|
|-heal|p2a: Smokey|337\/394|[from] move: Wish|[wisher] Smokey
|-heal|p2a: Smokey|361\/394|[from] item: Leftovers
|turn|14
|
|switch|p1a: Blissey|Blissey, F|714\/714
|move|p2a: Smokey|Foul Play|p1a: Blissey
|-damage|p1a: Blissey|669\/714
|
|-heal|p2a: Smokey|385\/394|[from] item: Leftovers
|-heal|p1a: Blissey|713\/714|[from] item: Leftovers
|turn|15
|
|move|p2a: Smokey|Wish|p2a: Smokey
|move|p1a: Blissey|Thunder Wave|p2a: Smokey
|-status|p2a: Smokey|par
|-status|p1a: Blissey|par
|
|-heal|p2a: Smokey|394\/394 par|[from] item: Leftovers
|-heal|p1a: Blissey|714\/714 par|[from] item: Leftovers
|turn|16
|
|switch|p2a: Blakblastoise|Blastoise-Mega, M|121\/362
|switch|p1a: Raikou|Raikou|322\/322
|-ability|p1a: Raikou|Pressure
|
|-heal|p2a: Blakblastoise|318\/362|[from] move: Wish|[wisher] Smokey
|turn|17
|
|move|p1a: Raikou|Hidden Power|p2a: Blakblastoise
|-resisted|p2a: Blakblastoise
|-damage|p2a: Blakblastoise|278\/362
|move|p2a: Blakblastoise|Dark Pulse|p1a: Raikou
|-damage|p1a: Raikou|155\/322
|
|turn|18
|chat|Victor Infinity|omg...
|chat|KingOfSimbas|ya
|chat|KingOfSimbas|ur dumb
|chat|Victor Infinity|i though you would trade to dugtrio because of that sand trap and then kill my raikou =P
|chat|KingOfSimbas|nah man
|chat|KingOfSimbas|good thinking
|chat|KingOfSimbas|but no
|
|switch|p1a: Blissey|Blissey, F|714\/714
|switch|p2a: Smokey|Umbreon, M|394\/394 par
|
|turn|19
|
|switch|p2a: Meth heroin LSD|Dugtrio, M|212\/212
|move|p1a: Blissey|Wish|p1a: Blissey
|
|turn|20
|
|move|p2a: Meth heroin LSD|Earthquake|p1a: Blissey
|-damage|p1a: Blissey|468\/714
|move|p1a: Blissey|Seismic Toss|p2a: Meth heroin LSD
|-damage|p2a: Meth heroin LSD|112\/212
|
|-heal|p1a: Blissey|714\/714|[from] move: Wish|[wisher] Blissey
|turn|21
|
|move|p2a: Meth heroin LSD|Earthquake|p1a: Blissey
|-damage|p1a: Blissey|468\/714
|move|p1a: Blissey|Seismic Toss|p2a: Meth heroin LSD
|-damage|p2a: Meth heroin LSD|12\/212
|
|-heal|p1a: Blissey|512\/714|[from] item: Leftovers
|turn|22
|
|move|p2a: Meth heroin LSD|Reversal|p1a: Blissey
|-supereffective|p1a: Blissey
|-damage|p1a: Blissey|0 fnt
|faint|p1a: Blissey
|
|
|switch|p1a: Entei|Entei, shiny|372\/372
|-ability|p1a: Entei|Pressure
|turn|23
|
|move|p1a: Entei|Extreme Speed|p2a: Meth heroin LSD
|-damage|p2a: Meth heroin LSD|0 fnt
|faint|p2a: Meth heroin LSD
|
|
|switch|p2a: Blakblastoise|Blastoise-Mega, M|278\/362
|turn|24
|chat|Victor Infinity|gg =P
|
|switch|p1a: Super Turtle|Blastoise-Mega, M|230\/362
|move|p2a: Blakblastoise|Water Pulse|p1a: Super Turtle
|-resisted|p1a: Super Turtle
|-damage|p1a: Super Turtle|154\/362
|
|turn|25
|
|move|p1a: Super Turtle|Dark Pulse|p2a: Blakblastoise
|-damage|p2a: Blakblastoise|140\/362
|move|p2a: Blakblastoise|Dark Pulse|p1a: Super Turtle
|-damage|p1a: Super Turtle|7\/362
|
|turn|26
|
|switch|p2a: 2 spoonzzzz|Alakazam, F|252\/252
|move|p1a: Super Turtle|Dark Pulse|p2a: 2 spoonzzzz
|-supereffective|p2a: 2 spoonzzzz
|-enditem|p2a: 2 spoonzzzz|Focus Sash
|-damage|p2a: 2 spoonzzzz|1\/252
|
|turn|27
|
|move|p2a: 2 spoonzzzz|Psyshock|p1a: Super Turtle
|-damage|p1a: Super Turtle|0 fnt
|faint|p1a: Super Turtle
|
|
|switch|p1a: Entei|Entei, shiny|372\/372
|-ability|p1a: Entei|Pressure
|turn|28
|
|switch|p2a: Infernape|Infernape, F|300\/300
|move|p1a: Entei|Extreme Speed|p2a: Infernape
|-damage|p2a: Infernape|125\/300
|
|-heal|p2a: Infernape|143\/300|[from] item: Leftovers
|turn|29
|
|move|p1a: Entei|Extreme Speed|p2a: Infernape
|-damage|p2a: Infernape|0 fnt
|faint|p2a: Infernape
|
|
|switch|p2a: Kingbra Somalia|Kingdra, M, shiny|309\/309
|turn|30
|
|switch|p1a: Slow Master|Slowbro, M|394\/394
|move|p2a: Kingbra Somalia|Waterfall|p1a: Slow Master
|-resisted|p1a: Slow Master
|-damage|p1a: Slow Master|356\/394
|
|-heal|p1a: Slow Master|380\/394|[from] item: Leftovers
|turn|31
|
|switch|p2a: Smokey|Umbreon, M|394\/394 par
|move|p1a: Slow Master|Psychic|p2a: Smokey
|-immune|p2a: Smokey|[msg]
|
|-heal|p1a: Slow Master|394\/394|[from] item: Leftovers
|turn|32
|
|switch|p1a: Raikou|Raikou|155\/322
|-ability|p1a: Raikou|Pressure
|move|p2a: Smokey|Heal Bell|p2a: Smokey
|-cureteam|p2a: Smokey|[from] move: HealBell
|
|turn|33
|
|move|p1a: Raikou|Thunderbolt|p2a: Smokey
|-damage|p2a: Smokey|258\/394
|move|p2a: Smokey|Foul Play|p1a: Raikou
|-damage|p1a: Raikou|47\/322
|
|-heal|p2a: Smokey|282\/394|[from] item: Leftovers
|turn|34
|
|move|p1a: Raikou|Thunderbolt|p2a: Smokey
|-damage|p2a: Smokey|141\/394
|-status|p2a: Smokey|par
|move|p2a: Smokey|Foul Play|p1a: Raikou
|-damage|p1a: Raikou|0 fnt
|faint|p1a: Raikou
|
|-heal|p2a: Smokey|165\/394 par|[from] item: Leftovers
|
|switch|p1a: Entei|Entei, shiny|372\/372
|-ability|p1a: Entei|Pressure
|turn|35
|
|switch|p2a: 2 spoonzzzz|Alakazam, F|1\/252
|move|p1a: Entei|Flare Blitz|p2a: 2 spoonzzzz
|-damage|p2a: 2 spoonzzzz|0 fnt
|-damage|p1a: Entei|371\/372|[from] recoil|[of] p2a: 2 spoonzzzz
|faint|p2a: 2 spoonzzzz
|
|
|switch|p2a: Kingbra Somalia|Kingdra, M, shiny|309\/309
|turn|36
|
|switch|p1a: Slow Master|Slowbro, M|394\/394
|move|p2a: Kingbra Somalia|Dragon Dance|p2a: Kingbra Somalia
|-boost|p2a: Kingbra Somalia|atk|1
|-boost|p2a: Kingbra Somalia|spe|1
|
|turn|37
|
|move|p2a: Kingbra Somalia|Substitute|p2a: Kingbra Somalia
|-start|p2a: Kingbra Somalia|Substitute
|-damage|p2a: Kingbra Somalia|232\/309
|move|p1a: Slow Master|Psychic|p2a: Kingbra Somalia
|-end|p2a: Kingbra Somalia|Substitute
|
|-heal|p2a: Kingbra Somalia|251\/309|[from] item: Leftovers
|turn|38
|
|switch|p2a: Smokey|Umbreon, M|165\/394 par
|move|p1a: Slow Master|Psychic|p2a: Smokey
|-immune|p2a: Smokey|[msg]
|
|-heal|p2a: Smokey|189\/394 par|[from] item: Leftovers
|turn|39
|
|switch|p1a: Entei|Entei, shiny|371\/372
|-ability|p1a: Entei|Pressure
|move|p2a: Smokey|Heal Bell|p2a: Smokey
|-cureteam|p2a: Smokey|[from] move: HealBell
|
|-heal|p2a: Smokey|213\/394|[from] item: Leftovers
|turn|40
|
|move|p2a: Smokey|Protect|p2a: Smokey
|-singleturn|p2a: Smokey|Protect
|move|p1a: Entei|Flare Blitz|p2a: Smokey
|-activate|p2a: Smokey|Protect
|
|-heal|p2a: Smokey|237\/394|[from] item: Leftovers
|turn|41
|
|switch|p2a: Kingbra Somalia|Kingdra, M, shiny|251\/309
|move|p1a: Entei|Flare Blitz|p2a: Kingbra Somalia
|-resisted|p2a: Kingbra Somalia
|-damage|p2a: Kingbra Somalia|167\/309
|-damage|p1a: Entei|343\/372|[from] recoil|[of] p2a: Kingbra Somalia
|
|-heal|p2a: Kingbra Somalia|186\/309|[from] item: Leftovers
|turn|42
|
|switch|p1a: Slow Master|Slowbro, M|394\/394
|move|p2a: Kingbra Somalia|Waterfall|p1a: Slow Master
|-resisted|p1a: Slow Master
|-damage|p1a: Slow Master|352\/394
|
|-heal|p2a: Kingbra Somalia|205\/309|[from] item: Leftovers
|-heal|p1a: Slow Master|376\/394|[from] item: Leftovers
|turn|43
|
|move|p2a: Kingbra Somalia|Substitute|p2a: Kingbra Somalia
|-start|p2a: Kingbra Somalia|Substitute
|-damage|p2a: Kingbra Somalia|128\/309
|move|p1a: Slow Master|Psychic|p2a: Kingbra Somalia
|-end|p2a: Kingbra Somalia|Substitute
|
|-heal|p2a: Kingbra Somalia|147\/309|[from] item: Leftovers
|-heal|p1a: Slow Master|394\/394|[from] item: Leftovers
|turn|44
|c|★Victor Infinity|!data Kingdra
|c|~|\/data-pokemon Kingdra

|
|move|p2a: Kingbra Somalia|Substitute|p2a: Kingbra Somalia
|-start|p2a: Kingbra Somalia|Substitute
|-damage|p2a: Kingbra Somalia|70\/309
|move|p1a: Slow Master|Psychic|p2a: Kingbra Somalia
|-end|p2a: Kingbra Somalia|Substitute
|
|-heal|p2a: Kingbra Somalia|89\/309|[from] item: Leftovers
|turn|45
|
|switch|p2a: Smokey|Umbreon, M|237\/394
|move|p1a: Slow Master|Psychic|p2a: Smokey
|-immune|p2a: Smokey|[msg]
|
|-heal|p2a: Smokey|261\/394|[from] item: Leftovers
|turn|46
|
|switch|p1a: Entei|Entei, shiny|343\/372
|-ability|p1a: Entei|Pressure
|move|p2a: Smokey|Wish|p2a: Smokey
|
|-heal|p2a: Smokey|285\/394|[from] item: Leftovers
|turn|47
|
|move|p2a: Smokey|Protect|p2a: Smokey
|-singleturn|p2a: Smokey|Protect
|move|p1a: Entei|Extreme Speed|p2a: Smokey
|-activate|p2a: Smokey|Protect
|
|-heal|p2a: Smokey|394\/394|[from] move: Wish|[wisher] Smokey
|turn|48
|
|switch|p1a: Slow Master|Slowbro, M|394\/394
|move|p2a: Smokey|Wish|p2a: Smokey
|
|turn|49
|
|move|p2a: Smokey|Foul Play|p1a: Slow Master
|-supereffective|p1a: Slow Master
|-damage|p1a: Slow Master|280\/394
|move|p1a: Slow Master|Psychic|p2a: Smokey
|-immune|p2a: Smokey|[msg]
|
|-heal|p1a: Slow Master|304\/394|[from] item: Leftovers
|turn|50
|
|move|p2a: Smokey|Foul Play|p1a: Slow Master
|-supereffective|p1a: Slow Master
|-damage|p1a: Slow Master|200\/394
|move|p1a: Slow Master|Scald|p2a: Smokey
|-damage|p2a: Smokey|339\/394
|
|-heal|p2a: Smokey|363\/394|[from] item: Leftovers
|-heal|p1a: Slow Master|224\/394|[from] item: Leftovers
|turn|51
|
|move|p2a: Smokey|Foul Play|p1a: Slow Master
|-supereffective|p1a: Slow Master
|-damage|p1a: Slow Master|120\/394
|move|p1a: Slow Master|Slack Off|p1a: Slow Master
|-heal|p1a: Slow Master|317\/394
|
|-heal|p2a: Smokey|387\/394|[from] item: Leftovers
|-heal|p1a: Slow Master|341\/394|[from] item: Leftovers
|turn|52
|
|move|p2a: Smokey|Wish|p2a: Smokey
|move|p1a: Slow Master|Slack Off|p1a: Slow Master
|-heal|p1a: Slow Master|394\/394
|
|-heal|p2a: Smokey|394\/394|[from] item: Leftovers
|turn|53
|
|move|p2a: Smokey|Foul Play|p1a: Slow Master
|-supereffective|p1a: Slow Master
|-damage|p1a: Slow Master|280\/394
|move|p1a: Slow Master|Psychic|p2a: Smokey
|-immune|p2a: Smokey|[msg]
|
|-heal|p1a: Slow Master|304\/394|[from] item: Leftovers
|turn|54
|
|switch|p1a: Entei|Entei, shiny|343\/372
|-ability|p1a: Entei|Pressure
|move|p2a: Smokey|Foul Play|p1a: Entei
|-damage|p1a: Entei|165\/372
|
|turn|55
|
|move|p1a: Entei|Flare Blitz|p2a: Smokey
|-damage|p2a: Smokey|112\/394
|-damage|p1a: Entei|72\/372|[from] recoil|[of] p2a: Smokey
|move|p2a: Smokey|Wish|p2a: Smokey
|
|-heal|p2a: Smokey|136\/394|[from] item: Leftovers
|turn|56
|join|Killua OP
|
|move|p2a: Smokey|Protect|p2a: Smokey
|-singleturn|p2a: Smokey|Protect
|move|p1a: Entei|Flare Blitz|p2a: Smokey
|-activate|p2a: Smokey|Protect
|
|-heal|p2a: Smokey|333\/394|[from] move: Wish|[wisher] Smokey
|-heal|p2a: Smokey|357\/394|[from] item: Leftovers
|turn|57
|leave|Killua OP
|
|switch|p1a: Slow Master|Slowbro, M|394\/394
|move|p2a: Smokey|Wish|p2a: Smokey
|
|-heal|p2a: Smokey|381\/394|[from] item: Leftovers
|turn|58
|
|move|p2a: Smokey|Foul Play|p1a: Slow Master
|-supereffective|p1a: Slow Master
|-damage|p1a: Slow Master|284\/394
|move|p1a: Slow Master|Psychic|p2a: Smokey
|-immune|p2a: Smokey|[msg]
|
|-heal|p2a: Smokey|394\/394|[from] move: Wish|[wisher] Smokey
|-heal|p1a: Slow Master|308\/394|[from] item: Leftovers
|turn|59
|chat|KingOfSimbas|are you asian\?
|c|★Victor Infinity|!data foul play
|c|~|\/data-move Foul Play

|chat|Victor Infinity|no
|
|move|p2a: Smokey|Foul Play|p1a: Slow Master
|-supereffective|p1a: Slow Master
|-damage|p1a: Slow Master|192\/394
|move|p1a: Slow Master|Slack Off|p1a: Slow Master
|-heal|p1a: Slow Master|389\/394
|
|-heal|p1a: Slow Master|394\/394|[from] item: Leftovers
|turn|60
|
|move|p2a: Smokey|Wish|p2a: Smokey
|move|p1a: Slow Master|Psychic|p2a: Smokey
|-immune|p2a: Smokey|[msg]
|
|turn|61
|
|move|p2a: Smokey|Protect|p2a: Smokey
|-singleturn|p2a: Smokey|Protect
|move|p1a: Slow Master|Psychic|p2a: Smokey
|-immune|p2a: Smokey|[msg]
|
|turn|62
|
|move|p2a: Smokey|Foul Play|p1a: Slow Master
|-supereffective|p1a: Slow Master
|-damage|p1a: Slow Master|278\/394
|move|p1a: Slow Master|Scald|p2a: Smokey
|-damage|p2a: Smokey|339\/394
|
|-heal|p2a: Smokey|363\/394|[from] item: Leftovers
|-heal|p1a: Slow Master|302\/394|[from] item: Leftovers
|turn|63
|
|move|p2a: Smokey|Foul Play|p1a: Slow Master
|-supereffective|p1a: Slow Master
|-damage|p1a: Slow Master|186\/394
|move|p1a: Slow Master|Scald|p2a: Smokey
|-damage|p2a: Smokey|306\/394
|
|-heal|p2a: Smokey|330\/394|[from] item: Leftovers
|-heal|p1a: Slow Master|210\/394|[from] item: Leftovers
|turn|64
|
|move|p2a: Smokey|Foul Play|p1a: Slow Master
|-supereffective|p1a: Slow Master
|-damage|p1a: Slow Master|94\/394
|move|p1a: Slow Master|Slack Off|p1a: Slow Master
|-heal|p1a: Slow Master|291\/394
|
|-heal|p2a: Smokey|354\/394|[from] item: Leftovers
|-heal|p1a: Slow Master|315\/394|[from] item: Leftovers
|turn|65
|
|move|p2a: Smokey|Foul Play|p1a: Slow Master
|-supereffective|p1a: Slow Master
|-damage|p1a: Slow Master|211\/394
|move|p1a: Slow Master|Scald|p2a: Smokey
|-damage|p2a: Smokey|300\/394
|
|-heal|p2a: Smokey|324\/394|[from] item: Leftovers
|-heal|p1a: Slow Master|235\/394|[from] item: Leftovers
|turn|66
|
|move|p2a: Smokey|Foul Play|p1a: Slow Master
|-supereffective|p1a: Slow Master
|-damage|p1a: Slow Master|127\/394
|move|p1a: Slow Master|Slack Off|p1a: Slow Master
|-heal|p1a: Slow Master|324\/394
|
|-heal|p2a: Smokey|348\/394|[from] item: Leftovers
|-heal|p1a: Slow Master|348\/394|[from] item: Leftovers
|turn|67
|
|move|p2a: Smokey|Wish|p2a: Smokey
|move|p1a: Slow Master|Scald|p2a: Smokey
|-damage|p2a: Smokey|287\/394
|
|-heal|p2a: Smokey|311\/394|[from] item: Leftovers
|-heal|p1a: Slow Master|372\/394|[from] item: Leftovers
|turn|68
|
|move|p2a: Smokey|Foul Play|p1a: Slow Master
|-supereffective|p1a: Slow Master
|-damage|p1a: Slow Master|256\/394
|move|p1a: Slow Master|Psychic|p2a: Smokey
|-immune|p2a: Smokey|[msg]
|
|-heal|p2a: Smokey|394\/394|[from] move: Wish|[wisher] Smokey
|-heal|p1a: Slow Master|280\/394|[from] item: Leftovers
|turn|69
|
|move|p2a: Smokey|Foul Play|p1a: Slow Master
|-supereffective|p1a: Slow Master
|-damage|p1a: Slow Master|178\/394
|move|p1a: Slow Master|Slack Off|p1a: Slow Master
|-heal|p1a: Slow Master|375\/394
|
|-heal|p1a: Slow Master|394\/394|[from] item: Leftovers
|turn|70
|
|move|p2a: Smokey|Wish|p2a: Smokey
|move|p1a: Slow Master|Scald|p2a: Smokey
|-damage|p2a: Smokey|334\/394
|
|-heal|p2a: Smokey|358\/394|[from] item: Leftovers
|turn|71
|
|switch|p1a: Thayna|Meloetta|369\/369
|move|p2a: Smokey|Heal Bell|p2a: Smokey
|-cureteam|p2a: Smokey|[from] move: HealBell
|
|-heal|p2a: Smokey|394\/394|[from] move: Wish|[wisher] Smokey
|turn|72
|
|move|p1a: Thayna|Hyper Voice|p2a: Smokey
|-damage|p2a: Smokey|240\/394
|move|p2a: Smokey|Foul Play|p1a: Thayna
|-supereffective|p1a: Thayna
|-damage|p1a: Thayna|163\/369
|
|-heal|p2a: Smokey|264\/394|[from] item: Leftovers
|turn|73
|
|switch|p1a: Slow Master|Slowbro, M|394\/394
|move|p2a: Smokey|Wish|p2a: Smokey
|
|-heal|p2a: Smokey|288\/394|[from] item: Leftovers
|turn|74
|join|super 11
|chat|KingOfSimbas|run max spa physic on max hp bastoise
|chat|KingOfSimbas|for me bud
|chat|super 11|oi
|chat|KingOfSimbas|talking to super 11
|chat|Victor Infinity|?
|chat|Victor Infinity|ok
|
|move|p2a: Smokey|Protect|p2a: Smokey
|-singleturn|p2a: Smokey|Protect
|move|p1a: Slow Master|Psychic|p2a: Smokey
|-immune|p2a: Smokey|[msg]
|
|-heal|p2a: Smokey|394\/394|[from] move: Wish|[wisher] Smokey
|turn|75
|
|move|p2a: Smokey|Wish|p2a: Smokey
|move|p1a: Slow Master|Scald|p2a: Smokey
|-damage|p2a: Smokey|340\/394
|
|-heal|p2a: Smokey|364\/394|[from] item: Leftovers
|turn|76
|chat|super 11|holly shit 75 turns
|chat|super 11|this battle is epic
|chat|super 11|=i-0
|chat|super 11|http:lotus.psim.us\portgs
|
|move|p2a: Smokey|Protect|p2a: Smokey
|-singleturn|p2a: Smokey|Protect
|move|p1a: Slow Master|Scald|p2a: Smokey
|-activate|p2a: Smokey|Protect
|
|-heal|p2a: Smokey|394\/394|[from] move: Wish|[wisher] Smokey
|turn|77
|
|move|p2a: Smokey|Protect|p2a: Smokey
|-singleturn|p2a: Smokey|Protect
|move|p1a: Slow Master|Scald|p2a: Smokey
|-activate|p2a: Smokey|Protect
|
|turn|78
|
|move|p2a: Smokey|Protect|p2a: Smokey
|-fail|p2a: Smokey
|move|p1a: Slow Master|Scald|p2a: Smokey
|-damage|p2a: Smokey|336\/394
|
|-heal|p2a: Smokey|360\/394|[from] item: Leftovers
|turn|79
|
|move|p2a: Smokey|Protect|p2a: Smokey
|-singleturn|p2a: Smokey|Protect
|move|p1a: Slow Master|Scald|p2a: Smokey
|-activate|p2a: Smokey|Protect
|
|-heal|p2a: Smokey|384\/394|[from] item: Leftovers
|turn|80
|
|move|p2a: Smokey|Protect|p2a: Smokey
|-fail|p2a: Smokey
|move|p1a: Slow Master|Scald|p2a: Smokey
|-damage|p2a: Smokey|327\/394
|
|-heal|p2a: Smokey|351\/394|[from] item: Leftovers
|turn|81
|
|move|p2a: Smokey|Wish|p2a: Smokey
|move|p1a: Slow Master|Scald|p2a: Smokey
|-damage|p2a: Smokey|297\/394
|
|-heal|p2a: Smokey|321\/394|[from] item: Leftovers
|turn|82
|
|switch|p2a: Blakblastoise|Blastoise-Mega, M|140\/362
|move|p1a: Slow Master|Psychic|p2a: Blakblastoise
|-crit|p2a: Blakblastoise
|-damage|p2a: Blakblastoise|0 fnt
|faint|p2a: Blakblastoise
|
|
|switch|p2a: Smokey|Umbreon, M|321\/394
|turn|83
|
|move|p2a: Smokey|Wish|p2a: Smokey
|move|p1a: Slow Master|Scald|p2a: Smokey
|-damage|p2a: Smokey|263\/394
|-status|p2a: Smokey|brn
|-status|p1a: Slow Master|brn
|
|-heal|p2a: Smokey|287\/394 brn|[from] item: Leftovers
|-damage|p2a: Smokey|238\/394 brn|[from] brn
|-damage|p1a: Slow Master|345\/394 brn|[from] brn
|turn|84
|
|switch|p2a: Kingbra Somalia|Kingdra, M, shiny|89\/309
|move|p1a: Slow Master|Psychic|p2a: Kingbra Somalia
|-damage|p2a: Kingbra Somalia|0 fnt
|faint|p2a: Kingbra Somalia
|
|-heal|p1a: Slow Master|369\/394 brn|[from] item: Leftovers
|-damage|p1a: Slow Master|320\/394 brn|[from] brn
|-message|KingOfSimbas forfeited.
|
|win|Victor Infinity
|raw|Ladder updating...
|leave|KingOfSimbas
|player|p2
|raw|Victor Infinity's rating: 1467 &rarr; <strong>1482<\/strong><br \/>(+15 for winning)
|raw|KingOfSimbas's rating: 1383 &rarr; <strong>1368<\/strong><br \/>(-15 for losing)