|join|Andrewmon
|join|Leafstorm121
|player|p1|Andrewmon|253
|player|p2|Leafstorm121|34
|gametype|singles
|gen|6
|tier|OU
|rated
|clearpoke
|poke|p1|Charizard, M
|poke|p1|Sylveon, F
|poke|p1|Gengar, M
|poke|p1|Excadrill, M
|poke|p1|Dugtrio, M
|poke|p1|Tyranitar, F
|poke|p2|Azelf
|poke|p2|Gyarados, F
|poke|p2|Landorus, M
|poke|p2|Thundurus, M
|poke|p2|Greninja, M
|poke|p2|Azumarill, M
|rule|Swagger Clause: Swagger is banned
|rule|Baton Pass Clause: Limit one Pokémon knowing Baton Pass
|rule|Sleep Clause Mod: Limit one foe put to sleep
|rule|Species Clause: Limit one of each Pokémon
|rule|OHKO Clause: OHKO moves are banned
|rule|Moody Clause: Moody is banned
|rule|Evasion Moves Clause: Evasion moves are banned
|rule|Endless Battle Clause: Forcing endless battles is banned
|rule|HP Percentage Mod: HP is shown in percentages
|teampreview
|
|start
|switch|p1a: Charizard|Charizard, M|335\/335
|switch|p2a: Azelf|Azelf|354\/354
|turn|1
|
|detailschange|p1a: Charizard|Charizard-Mega-Y, M
|message|Charizard has Mega Evolved into Mega Charizard!
|-weather|SunnyDay
|move|p2a: Azelf|Taunt|p1a: Charizard
|-start|p1a: Charizard|move: Taunt
|move|p1a: Charizard|Flamethrower|p2a: Azelf
|-damage|p2a: Azelf|15\/354
|
|-weather|SunnyDay|[upkeep]
|turn|2
|
|switch|p1a: Driller|Excadrill, M|385\/385
|move|p2a: Azelf|Stealth Rock|p1a: Driller
|-sidestart|p1: Andrewmon|move: Stealth Rock
|
|-weather|SunnyDay|[upkeep]
|turn|3
|
|switch|p2a: Gyarados|Gyarados, F|332\/332
|-ability|p2a: Gyarados|Intimidate|[of] p1a: Driller
|-unboost|p1a: Driller|atk|1
|move|p1a: Driller|Rapid Spin|p2a: Gyarados
|-damage|p2a: Gyarados|314\/332
|-sideend|p1: Andrewmon|Stealth Rock|[from] move: Rapid Spin|[of] p1a: Driller
|
|-weather|SunnyDay|[upkeep]
|turn|4
|
|switch|p1a: Sylveon|Sylveon, F|394\/394
|detailschange|p2a: Gyarados|Gyarados-Mega, F
|message|Gyarados has Mega Evolved into Mega Gyarados!
|-ability|p2a: Gyarados|Mold Breaker
|move|p2a: Gyarados|Waterfall|p1a: Sylveon
|-damage|p1a: Sylveon|303\/394
|
|-weather|SunnyDay|[upkeep]
|-heal|p1a: Sylveon|327\/394|[from] item: Leftovers
|turn|5
|
|switch|p2a: Azelf|Azelf|15\/354
|move|p1a: Sylveon|Hyper Voice|p2a: Azelf
|-damage|p2a: Azelf|0 fnt
|faint|p2a: Azelf
|
|-weather|none
|-heal|p1a: Sylveon|351\/394|[from] item: Leftovers
|
|switch|p2a: Azumarill|Azumarill, M|404\/404
|turn|6
|
|switch|p1a: Charizard|Charizard-Mega-Y, M|335\/335
|-weather|SunnyDay
|move|p2a: Azumarill|Belly Drum|p2a: Azumarill
|-damage|p2a: Azumarill|202\/404
|-setboost|p2a: Azumarill|atk|6|[from] move: Belly Drum
|-enditem|p2a: Azumarill|Sitrus Berry|[eat]
|-heal|p2a: Azumarill|303\/404|[from] item: Sitrus Berry
|
|-weather|SunnyDay|[upkeep]
|turn|7
|
|move|p2a: Azumarill|Aqua Jet|p1a: Charizard
|-supereffective|p1a: Charizard
|-damage|p1a: Charizard|0 fnt
|faint|p1a: Charizard
|
|-weather|SunnyDay|[upkeep]
|
|switch|p1a: Gengar|Gengar, M|272\/272
|turn|8
|c|★Andrewmon|84.1 - 99.1%
|c|★Andrewmon|how did u ohko me?
|
|move|p2a: Azumarill|Aqua Jet|p1a: Gengar
|-damage|p1a: Gengar|65\/272
|move|p1a: Gengar|Will-O-Wisp|p2a: Azumarill
|-status|p2a: Azumarill|brn
|
|-weather|SunnyDay|[upkeep]
|-heal|p1a: Gengar|82\/272|[from] item: Black Sludge
|-damage|p2a: Azumarill|253\/404 brn|[from] brn
|turn|9
|
|switch|p1a: Sylveon|Sylveon, F|351\/394
|move|p2a: Azumarill|Aqua Jet|p1a: Sylveon
|-damage|p1a: Sylveon|266\/394
|
|-weather|SunnyDay|[upkeep]
|-heal|p1a: Sylveon|290\/394|[from] item: Leftovers
|-damage|p2a: Azumarill|203\/404 brn|[from] brn
|turn|10
|
|move|p1a: Sylveon|Hyper Voice|p2a: Azumarill
|-damage|p2a: Azumarill|26\/404 brn
|move|p2a: Azumarill|Play Rough|p1a: Sylveon
|-damage|p1a: Sylveon|0 fnt
|faint|p1a: Sylveon
|
|-weather|none
|-damage|p2a: Azumarill|0 fnt|[from] brn
|faint|p2a: Azumarill
|c|★Leafstorm121|not sure
|
|switch|p1a: Dugtrio|Dugtrio, M|211\/211
|switch|p2a: Thundurus|Thundurus, M|300\/300
|turn|11
|c|★Andrewmon|+6 252+ Atk Huge Power Azumarill Aqua Jet vs. 152 HP \/ 200+ Def Mega Charizard Y in Sun: 282-332 (84.1 - 99.1%) -- guaranteed 2HKO
|c|★Leafstorm121|Again, I'm not sure
|c|★Andrewmon|this game is a peice of shit
|join|Kitzu
|c| Kitzu|check your evs.
|
|move|p1a: Dugtrio|Stealth Rock|p2a: Thundurus
|-sidestart|p2: Leafstorm121|move: Stealth Rock
|move|p2a: Thundurus|Hidden Power|p1a: Dugtrio
|-supereffective|p1a: Dugtrio
|-enditem|p1a: Dugtrio|Focus Sash
|-damage|p1a: Dugtrio|1\/211
|-damage|p2a: Thundurus|270\/300|[from] item: Life Orb
|
|turn|12
|c|★Andrewmon|i did
|c|★Andrewmon|theyre all right
|c| Kitzu|It might be banded.
|join|steaming hot memes
|c| Kitzu|You didn't add that into calc
|c|★Leafstorm121|No, it was a belly drum set
|leave|steaming hot memes
|c| Kitzu|Oh.
|c|★Andrewmon|banded with belly drum?
|
|move|p1a: Dugtrio|Rock Slide|p2a: Thundurus
|-supereffective|p2a: Thundurus
|-damage|p2a: Thundurus|110\/300
|cant|p2a: Thundurus|flinch
|
|turn|13
|
|move|p1a: Dugtrio|Rock Slide|p2a: Thundurus
|-supereffective|p2a: Thundurus
|-damage|p2a: Thundurus|0 fnt
|faint|p2a: Thundurus
|
|
|switch|p2a: Greninja|Greninja, M|285\/285
|-damage|p2a: Greninja|250\/285|[from] Stealth Rock
|turn|14
|
|move|p2a: Greninja|Surf|p1a: Dugtrio
|-start|p2a: Greninja|typechange|Water|[from] Protean
|-supereffective|p1a: Dugtrio
|-damage|p1a: Dugtrio|0 fnt
|-damage|p2a: Greninja|222\/285|[from] item: Life Orb
|faint|p1a: Dugtrio
|
|
|switch|p1a: Sandy|Tyranitar, F|354\/354
|-weather|Sandstorm
|turn|15
|
|move|p2a: Greninja|Grass Knot|p1a: Sandy
|-start|p2a: Greninja|typechange|Grass|[from] Protean
|-supereffective|p1a: Sandy
|-damage|p1a: Sandy|125\/354
|-damage|p2a: Greninja|194\/285|[from] item: Life Orb
|move|p1a: Sandy|Rock Slide|p2a: Greninja
|-damage|p2a: Greninja|0 fnt
|faint|p2a: Greninja
|
|-weather|Sandstorm|[upkeep]
|-heal|p1a: Sandy|147\/354|[from] item: Leftovers
|
|switch|p2a: Landorus|Landorus, M|320\/320
|-damage|p2a: Landorus|280\/320|[from] Stealth Rock
|turn|16
|join|beastbob88
|
|move|p2a: Landorus|Earth Power|p1a: Sandy
|-supereffective|p1a: Sandy
|-damage|p1a: Sandy|0 fnt
|faint|p1a: Sandy
|
|-weather|Sandstorm|[upkeep]
|
|switch|p1a: Gengar|Gengar, M|82\/272
|turn|17
|
|move|p1a: Gengar|Will-O-Wisp|p2a: Landorus|[miss]
|-miss|p1a: Gengar|p2a: Landorus
|move|p2a: Landorus|Psychic|p1a: Gengar
|-supereffective|p1a: Gengar
|-damage|p1a: Gengar|0 fnt
|faint|p1a: Gengar
|
|-weather|Sandstorm|[upkeep]
|
|switch|p1a: Driller|Excadrill, M|385\/385
|turn|18
|
|move|p1a: Driller|Iron Head|p2a: Landorus
|-damage|p2a: Landorus|120\/320
|move|p2a: Landorus|Earth Power|p1a: Driller
|-supereffective|p1a: Driller
|-damage|p1a: Driller|0 fnt
|faint|p1a: Driller
|
|win|Leafstorm121
|raw|Ladder updating...
|raw|Ladder (probably) updated, but score could not be retrieved (timeout).
|raw|Ladder (probably) updated, but score could not be retrieved (Error: socket hang up).
|leave|beastbob88