|join|OPGGNORE
|join|Hollands97
|player|p1|OPGGNORE|266
|player|p2|Hollands97|25
|gametype|singles
|gen|6
|tier|OU
|rated
|clearpoke
|poke|p1|Diancie
|poke|p1|Chansey, F
|poke|p1|Gliscor, M
|poke|p1|Heatran, F
|poke|p1|Gothitelle, M
|poke|p1|Ferrothorn, M
|poke|p2|Conkeldurr, M, shiny
|poke|p2|Diggersby, M
|poke|p2|Starmie, shiny
|poke|p2|Heatran, F
|poke|p2|Pinsir, M
|poke|p2|Zapdos
|rule|Swagger Clause: Swagger is banned
|rule|Baton Pass Clause: Limit one Pokémon knowing Baton Pass
|rule|Sleep Clause Mod: Limit one foe put to sleep
|rule|Species Clause: Limit one of each Pokémon
|rule|OHKO Clause: OHKO moves are banned
|rule|Moody Clause: Moody is banned
|rule|Evasion Moves Clause: Evasion moves are banned
|rule|Endless Battle Clause: Forcing endless battles is banned
|rule|HP Percentage Mod: HP is shown in percentages
|teampreview
|
|start
|switch|p1a: Diancie|Diancie|241\/241
|switch|p2a: Rabbi D|Diggersby, M|311\/311
|turn|1
|
|switch|p1a: Gliscor|Gliscor, M|354\/354
|move|p2a: Rabbi D|U-turn|p1a: Gliscor
|-resisted|p1a: Gliscor
|-damage|p1a: Gliscor|325\/354
|
|switch|p2a: Loomynarty|Starmie, shiny|261\/261
|
|-status|p1a: Gliscor|tox|[from] item: Toxic Orb
|turn|2
|
|switch|p1a: Ferrothorn|Ferrothorn, M|352\/352
|move|p2a: Loomynarty|Scald|p1a: Ferrothorn
|-resisted|p1a: Ferrothorn
|-damage|p1a: Ferrothorn|252\/352
|
|-heal|p1a: Ferrothorn|274\/352|[from] item: Leftovers
|turn|3
|
|switch|p2a: 7.8 Too Much Lava|Heatran, F|386\/386
|move|p1a: Ferrothorn|Leech Seed|p2a: 7.8 Too Much Lava
|-start|p2a: 7.8 Too Much Lava|move: Leech Seed
|
|-heal|p1a: Ferrothorn|296\/352|[from] item: Leftovers
|-damage|p2a: 7.8 Too Much Lava|338\/386|[from] Leech Seed|[of] p1a: Ferrothorn
|-heal|p1a: Ferrothorn|344\/352|[silent]
|turn|4
|
|switch|p2a: Vonderhurr|Conkeldurr, M, shiny|381\/381
|switch|p1a: Heatran|Heatran, F|386\/386
|
|turn|5
|
|move|p1a: Heatran|Protect|p1a: Heatran
|-singleturn|p1a: Heatran|Protect
|move|p2a: Vonderhurr|Knock Off|p1a: Heatran
|-activate|p1a: Heatran|Protect
|
|turn|6
|
|switch|p1a: Gliscor|Gliscor, M|325\/354 tox
|move|p2a: Vonderhurr|Drain Punch|p1a: Gliscor
|-resisted|p1a: Gliscor
|-damage|p1a: Gliscor|277\/354 tox
|
|-heal|p1a: Gliscor|321\/354 tox|[from] ability: Poison Heal
|turn|7
|
|move|p1a: Gliscor|Protect|p1a: Gliscor
|-singleturn|p1a: Gliscor|Protect
|move|p2a: Vonderhurr|Ice Punch|p1a: Gliscor
|-activate|p1a: Gliscor|Protect
|
|-heal|p1a: Gliscor|354\/354 tox|[from] ability: Poison Heal
|turn|8
|
|switch|p1a: Diancie|Diancie|241\/241
|move|p2a: Vonderhurr|Knock Off|p1a: Diancie
|-resisted|p1a: Diancie
|-damage|p1a: Diancie|209\/241
|
|turn|9
|
|switch|p2a: 7.8 Too Much Lava|Heatran, F|338\/386
|detailschange|p1a: Diancie|Diancie-Mega
|message|Diancie has Mega Evolved into Mega Diancie!
|move|p1a: Diancie|Moonblast|p2a: 7.8 Too Much Lava
|-resisted|p2a: 7.8 Too Much Lava
|-damage|p2a: 7.8 Too Much Lava|298\/386
|
|-heal|p2a: 7.8 Too Much Lava|322\/386|[from] item: Leftovers
|turn|10
|
|move|p1a: Diancie|Earth Power|p2a: 7.8 Too Much Lava
|-supereffective|p2a: 7.8 Too Much Lava
|-damage|p2a: 7.8 Too Much Lava|0 fnt
|faint|p2a: 7.8 Too Much Lava
|
|
|switch|p2a: Rabbi D|Diggersby, M|311\/311
|turn|11
|
|switch|p1a: Gliscor|Gliscor, M|354\/354 tox
|move|p2a: Rabbi D|Earthquake|p1a: Gliscor
|-immune|p1a: Gliscor|[msg]
|
|turn|12
|
|switch|p2a: Yugi Moto|Zapdos|381\/381
|-ability|p2a: Yugi Moto|Pressure
|move|p1a: Gliscor|Earthquake|p2a: Yugi Moto
|-immune|p2a: Yugi Moto|[msg]
|
|turn|13
|
|move|p1a: Gliscor|Protect|p1a: Gliscor
|-singleturn|p1a: Gliscor|Protect
|move|p2a: Yugi Moto|Hidden Power|p1a: Gliscor
|-activate|p1a: Gliscor|Protect
|
|turn|14
|
|switch|p1a: Heatran|Heatran, F|386\/386
|move|p2a: Yugi Moto|Volt Switch|p1a: Heatran
|-crit|p1a: Heatran
|-damage|p1a: Heatran|266\/386
|
|switch|p2a: Loomynarty|Starmie, shiny|261\/261
|
|-heal|p1a: Heatran|290\/386|[from] item: Leftovers
|turn|15
|
|move|p1a: Heatran|Protect|p1a: Heatran
|-singleturn|p1a: Heatran|Protect
|move|p2a: Loomynarty|Scald|p1a: Heatran
|-activate|p1a: Heatran|Protect
|
|-heal|p1a: Heatran|314\/386|[from] item: Leftovers
|turn|16
|
|move|p2a: Loomynarty|Scald|p1a: Heatran
|-supereffective|p1a: Heatran
|-damage|p1a: Heatran|48\/386
|move|p1a: Heatran|Stealth Rock|p2a: Loomynarty
|-sidestart|p2: Hollands97|move: Stealth Rock
|
|-heal|p1a: Heatran|72\/386|[from] item: Leftovers
|turn|17
|
|switch|p1a: Gothitelle|Gothitelle, M|282\/282
|move|p2a: Loomynarty|Scald|p1a: Gothitelle
|-damage|p1a: Gothitelle|71\/282
|-status|p1a: Gothitelle|brn
|
|-damage|p1a: Gothitelle|36\/282 brn|[from] brn
|turn|18
|
|move|p1a: Gothitelle|Trick|p2a: Loomynarty
|-activate|p1a: Gothitelle|move: Trick|[of] p2a: Loomynarty
|-item|p2a: Loomynarty|Choice Scarf|[from] move: Trick
|-item|p1a: Gothitelle|Choice Specs|[from] move: Trick
|move|p2a: Loomynarty|Scald|p1a: Gothitelle
|-damage|p1a: Gothitelle|0 fnt
|faint|p1a: Gothitelle
|
|c|★Hollands97|kek
|
|switch|p1a: Ferrothorn|Ferrothorn, M|344\/352
|turn|19
|
|switch|p2a: Vonderhurr|Conkeldurr, M, shiny|381\/381
|-damage|p2a: Vonderhurr|358\/381|[from] Stealth Rock
|switch|p1a: Diancie|Diancie-Mega|209\/241
|
|turn|20
|
|move|p1a: Diancie|Moonblast|p2a: Vonderhurr
|-supereffective|p2a: Vonderhurr
|-damage|p2a: Vonderhurr|0 fnt
|faint|p2a: Vonderhurr
|
|
|switch|p2a: Loomynarty|Starmie, shiny|261\/261
|-damage|p2a: Loomynarty|229\/261|[from] Stealth Rock
|turn|21
|
|switch|p1a: Ferrothorn|Ferrothorn, M|344\/352
|move|p2a: Loomynarty|Scald|p1a: Ferrothorn
|-resisted|p1a: Ferrothorn
|-damage|p1a: Ferrothorn|278\/352
|
|-heal|p1a: Ferrothorn|300\/352|[from] item: Leftovers
|turn|22
|
|move|p2a: Loomynarty|Scald|p1a: Ferrothorn
|-resisted|p1a: Ferrothorn
|-damage|p1a: Ferrothorn|243\/352
|-status|p1a: Ferrothorn|brn
|move|p1a: Ferrothorn|Leech Seed|p2a: Loomynarty
|-start|p2a: Loomynarty|move: Leech Seed
|
|-heal|p1a: Ferrothorn|265\/352 brn|[from] item: Leftovers
|-damage|p2a: Loomynarty|197\/261|[from] Leech Seed|[of] p1a: Ferrothorn
|-heal|p1a: Ferrothorn|297\/352 brn|[silent]
|-damage|p1a: Ferrothorn|253\/352 brn|[from] brn
|turn|23
|
|switch|p2a: Yugi Moto|Zapdos|381\/381
|-damage|p2a: Yugi Moto|286\/381|[from] Stealth Rock
|-ability|p2a: Yugi Moto|Pressure
|move|p1a: Ferrothorn|Leech Seed|p2a: Yugi Moto
|-start|p2a: Yugi Moto|move: Leech Seed
|
|-heal|p2a: Yugi Moto|309\/381|[from] item: Leftovers
|-heal|p1a: Ferrothorn|275\/352 brn|[from] item: Leftovers
|-damage|p2a: Yugi Moto|262\/381|[from] Leech Seed|[of] p1a: Ferrothorn
|-heal|p1a: Ferrothorn|322\/352 brn|[silent]
|-damage|p1a: Ferrothorn|278\/352 brn|[from] brn
|turn|24
|
|move|p1a: Ferrothorn|Protect|p1a: Ferrothorn
|-singleturn|p1a: Ferrothorn|Protect
|move|p2a: Yugi Moto|Defog|p1a: Ferrothorn
|-activate|p1a: Ferrothorn|Protect
|
|-heal|p2a: Yugi Moto|285\/381|[from] item: Leftovers
|-heal|p1a: Ferrothorn|300\/352 brn|[from] item: Leftovers
|-damage|p2a: Yugi Moto|238\/381|[from] Leech Seed|[of] p1a: Ferrothorn
|-heal|p1a: Ferrothorn|347\/352 brn|[silent]
|-damage|p1a: Ferrothorn|303\/352 brn|[from] brn
|turn|25
|c|★Hollands97|why?
|
|switch|p1a: Diancie|Diancie-Mega|209\/241
|move|p2a: Yugi Moto|Defog|p1a: Diancie
|move|p1a: Diancie|Defog|p2a: Yugi Moto|[from]Magic Bounce
|-unboost|p2a: Yugi Moto|evasion|1
|-sideend|p2: Hollands97|Stealth Rock|[from] move: Defog|[of] p2a: Yugi Moto
|
|-heal|p2a: Yugi Moto|261\/381|[from] item: Leftovers
|-damage|p2a: Yugi Moto|214\/381|[from] Leech Seed|[of] p1a: Diancie
|-heal|p1a: Diancie|241\/241|[silent]
|turn|26
|
|move|p1a: Diancie|Moonblast|p2a: Yugi Moto
|-damage|p2a: Yugi Moto|0 fnt
|faint|p2a: Yugi Moto
|
|
|switch|p2a: Rabbi D|Diggersby, M|311\/311
|turn|27
|
|switch|p1a: Gliscor|Gliscor, M|354\/354 tox
|move|p2a: Rabbi D|Return|p1a: Gliscor
|-damage|p1a: Gliscor|221\/354 tox
|
|-heal|p1a: Gliscor|265\/354 tox|[from] ability: Poison Heal
|turn|28
|
|switch|p2a: Loomynarty|Starmie, shiny|197\/261
|move|p1a: Gliscor|Earthquake|p2a: Loomynarty
|-damage|p2a: Loomynarty|79\/261
|
|-heal|p1a: Gliscor|309\/354 tox|[from] ability: Poison Heal
|turn|29
|
|move|p1a: Gliscor|Protect|p1a: Gliscor
|-singleturn|p1a: Gliscor|Protect
|move|p2a: Loomynarty|Trick|p1a: Gliscor
|-activate|p1a: Gliscor|Protect
|
|-heal|p1a: Gliscor|353\/354 tox|[from] ability: Poison Heal
|turn|30
|
|switch|p1a: Diancie|Diancie-Mega|241\/241
|move|p2a: Loomynarty|Trick|p1a: Diancie
|-fail|p1a: Diancie
|
|turn|31
|c|★Hollands97|Stall is gay
|c|★Hollands97|You should feel bad :[
|-message|Hollands97 forfeited.
|
|win|OPGGNORE
|raw|Ladder updating...
|leave|Hollands97
|player|p2
|raw|OPGGNORE's rating: 1539 &rarr; <strong>1557<\/strong><br \/>(+18 for winning)
|raw|Hollands97's rating: 1500 &rarr; <strong>1482<\/strong><br \/>(-18 for losing)