|join|OPGGNORE
|join|lil manaphy
|player|p1|OPGGNORE|265
|player|p2|lil manaphy|34
|gametype|singles
|gen|6
|tier|OU
|rated
|clearpoke
|poke|p1|Gyarados, F
|poke|p1|Ferrothorn, M
|poke|p1|Heatran, M
|poke|p1|Lopunny, M
|poke|p1|Landorus, M
|poke|p1|Excadrill, F
|poke|p2|Diancie
|poke|p2|Ferrothorn, F
|poke|p2|Gothitelle, F
|poke|p2|Landorus-Therian, M
|poke|p2|Conkeldurr, M
|poke|p2|Mandibuzz, F
|rule|Swagger Clause: Swagger is banned
|rule|Baton Pass Clause: Limit one Pokémon knowing Baton Pass
|rule|Sleep Clause Mod: Limit one foe put to sleep
|rule|Species Clause: Limit one of each Pokémon
|rule|OHKO Clause: OHKO moves are banned
|rule|Moody Clause: Moody is banned
|rule|Evasion Moves Clause: Evasion moves are banned
|rule|Endless Battle Clause: Forcing endless battles is banned
|rule|HP Percentage Mod: HP is shown in percentages
|teampreview
|
|start
|switch|p1a: Landorus|Landorus, M|319\/319
|switch|p2a: Conkeldurr|Conkeldurr, M|352\/352
|turn|1
|
|switch|p1a: Gyarados|Gyarados, F|352\/352
|-ability|p1a: Gyarados|Intimidate|[of] p2a: Conkeldurr
|-unboost|p2a: Conkeldurr|atk|1
|move|p2a: Conkeldurr|Ice Punch|p1a: Gyarados
|-damage|p1a: Gyarados|271\/352
|
|-heal|p1a: Gyarados|293\/352|[from] item: Leftovers
|turn|2
|
|switch|p1a: Heatran|Heatran, M|386\/386
|switch|p2a: Mandibuzz|Mandibuzz, F|424\/424
|
|turn|3
|
|switch|p2a: Diancie|Diancie|241\/241
|move|p1a: Heatran|Stealth Rock|p2a: Diancie
|-sidestart|p2: lil manaphy|move: Stealth Rock
|
|turn|4
|
|switch|p1a: Ferrothorn|Ferrothorn, M|352\/352
|detailschange|p2a: Diancie|Diancie-Mega
|-mega|p2a: Diancie|Diancie|Diancite
|move|p2a: Diancie|Earth Power|p1a: Ferrothorn
|-damage|p1a: Ferrothorn|235\/352
|-unboost|p1a: Ferrothorn|spd|1
|
|-heal|p1a: Ferrothorn|257\/352|[from] item: Leftovers
|turn|5
|
|switch|p2a: Mandibuzz|Mandibuzz, F|424\/424
|-damage|p2a: Mandibuzz|318\/424|[from] Stealth Rock
|switch|p1a: Excadrill|Excadrill, F|414\/414
|-ability|p1a: Excadrill|Mold Breaker
|-item|p1a: Excadrill|Air Balloon
|
|-heal|p2a: Mandibuzz|344\/424|[from] item: Leftovers
|turn|6
|
|move|p1a: Excadrill|Rock Slide|p2a: Mandibuzz
|-supereffective|p2a: Mandibuzz
|-damage|p2a: Mandibuzz|206\/424
|cant|p2a: Mandibuzz|flinch
|
|-heal|p2a: Mandibuzz|232\/424|[from] item: Leftovers
|turn|7
|
|switch|p1a: Landorus|Landorus, M|319\/319
|move|p2a: Mandibuzz|Roost|p2a: Mandibuzz
|-heal|p2a: Mandibuzz|424\/424
|
|turn|8
|
|move|p1a: Landorus|Focus Blast|p2a: Mandibuzz
|-damage|p2a: Mandibuzz|169\/424
|move|p2a: Mandibuzz|Defog|p1a: Landorus
|-unboost|p1a: Landorus|evasion|1
|-sideend|p2: lil manaphy|Stealth Rock|[from] move: Defog|[of] p2a: Mandibuzz
|
|-heal|p2a: Mandibuzz|195\/424|[from] item: Leftovers
|turn|9
|
|switch|p2a: Landorus-Therian|Landorus-Therian, M|382\/382
|-ability|p2a: Landorus-Therian|Intimidate|[of] p1a: Landorus
|-unboost|p1a: Landorus|atk|1
|move|p1a: Landorus|Earth Power|p2a: Landorus-Therian
|-immune|p2a: Landorus-Therian|[msg]
|
|turn|10
|
|move|p1a: Landorus|Psychic|p2a: Landorus-Therian
|-damage|p2a: Landorus-Therian|164\/382
|move|p2a: Landorus-Therian|Stone Edge|p1a: Landorus
|-damage|p1a: Landorus|200\/319
|
|-heal|p2a: Landorus-Therian|187\/382|[from] item: Leftovers
|turn|11
|
|switch|p2a: Gothitelle|Gothitelle, F|301\/301
|move|p1a: Landorus|Psychic|p2a: Gothitelle
|-resisted|p2a: Gothitelle
|-damage|p2a: Gothitelle|224\/301
|
|turn|12
|
|move|p2a: Gothitelle|Trick|p1a: Landorus
|-activate|p2a: Gothitelle|move: Trick|[of] p1a: Landorus
|-item|p1a: Landorus|Choice Scarf|[from] move: Trick
|-item|p2a: Gothitelle|Life Orb|[from] move: Trick
|move|p1a: Landorus|Earth Power|p2a: Gothitelle
|-damage|p2a: Gothitelle|17\/301
|
|turn|13
|
|switch|p2a: Landorus-Therian|Landorus-Therian, M|187\/382
|-ability|p2a: Landorus-Therian|Intimidate|[of] p1a: Landorus
|-unboost|p1a: Landorus|atk|1
|move|p1a: Landorus|Earth Power|p2a: Landorus-Therian
|-immune|p2a: Landorus-Therian|[msg]
|
|-heal|p2a: Landorus-Therian|210\/382|[from] item: Leftovers
|turn|14
|
|switch|p1a: Ferrothorn|Ferrothorn, M|257\/352
|move|p2a: Landorus-Therian|Stealth Rock|p1a: Ferrothorn
|-sidestart|p1: OPGGNORE|move: Stealth Rock
|
|-heal|p2a: Landorus-Therian|233\/382|[from] item: Leftovers
|-heal|p1a: Ferrothorn|279\/352|[from] item: Leftovers
|turn|15
|
|switch|p2a: Conkeldurr|Conkeldurr, M|352\/352
|move|p1a: Ferrothorn|Spikes|p2a: Conkeldurr
|-sidestart|p2: lil manaphy|Spikes
|
|-heal|p1a: Ferrothorn|301\/352|[from] item: Leftovers
|turn|16
|
|move|p2a: Conkeldurr|Knock Off|p1a: Ferrothorn
|-crit|p1a: Ferrothorn
|-damage|p1a: Ferrothorn|181\/352
|-damage|p2a: Conkeldurr|308\/352|[from] ability: Iron Barbs|[of] p1a: Ferrothorn
|-enditem|p1a: Ferrothorn|Leftovers|[from] move: Knock Off|[of] p2a: Conkeldurr
|move|p1a: Ferrothorn|Leech Seed|p2a: Conkeldurr
|-start|p2a: Conkeldurr|move: Leech Seed
|
|-damage|p2a: Conkeldurr|264\/352|[from] Leech Seed|[of] p1a: Ferrothorn
|-heal|p1a: Ferrothorn|225\/352|[silent]
|turn|17
|
|move|p1a: Ferrothorn|Protect|p1a: Ferrothorn
|-singleturn|p1a: Ferrothorn|Protect
|move|p2a: Conkeldurr|Drain Punch|p1a: Ferrothorn
|-activate|p1a: Ferrothorn|Protect
|
|-damage|p2a: Conkeldurr|220\/352|[from] Leech Seed|[of] p1a: Ferrothorn
|-heal|p1a: Ferrothorn|269\/352|[silent]
|turn|18
|
|move|p2a: Conkeldurr|Drain Punch|p1a: Ferrothorn
|-supereffective|p1a: Ferrothorn
|-damage|p1a: Ferrothorn|93\/352
|-heal|p2a: Conkeldurr|308\/352|[from] drain|[of] p1a: Ferrothorn
|-damage|p2a: Conkeldurr|264\/352|[from] ability: Iron Barbs|[of] p1a: Ferrothorn
|move|p1a: Ferrothorn|Spikes|p2a: Conkeldurr
|-sidestart|p2: lil manaphy|Spikes
|
|-damage|p2a: Conkeldurr|220\/352|[from] Leech Seed|[of] p1a: Ferrothorn
|-heal|p1a: Ferrothorn|137\/352|[silent]
|turn|19
|
|move|p2a: Conkeldurr|Drain Punch|p1a: Ferrothorn
|-supereffective|p1a: Ferrothorn
|-damage|p1a: Ferrothorn|0 fnt
|-heal|p2a: Conkeldurr|289\/352|[from] drain|[of] p1a: Ferrothorn
|-damage|p2a: Conkeldurr|245\/352|[from] ability: Iron Barbs|[of] p1a: Ferrothorn
|faint|p1a: Ferrothorn
|
|
|switch|p1a: Gyarados|Gyarados, F|293\/352
|-damage|p1a: Gyarados|205\/352|[from] Stealth Rock
|-ability|p1a: Gyarados|Intimidate|[of] p2a: Conkeldurr
|-unboost|p2a: Conkeldurr|atk|1
|turn|20
|
|switch|p2a: Ferrothorn|Ferrothorn, F|352\/352
|-damage|p2a: Ferrothorn|294\/352|[from] Spikes
|move|p1a: Gyarados|Dragon Dance|p1a: Gyarados
|-boost|p1a: Gyarados|atk|1
|-boost|p1a: Gyarados|spe|1
|
|-heal|p1a: Gyarados|227\/352|[from] item: Leftovers
|turn|21
|
|move|p1a: Gyarados|Substitute|p1a: Gyarados
|-start|p1a: Gyarados|Substitute
|-damage|p1a: Gyarados|139\/352
|move|p2a: Ferrothorn|Power Whip|p1a: Gyarados
|-end|p1a: Gyarados|Substitute
|
|-heal|p1a: Gyarados|161\/352|[from] item: Leftovers
|turn|22
|
|move|p1a: Gyarados|Bounce|p2a: Ferrothorn|[still]
|-prepare|p1a: Gyarados|Bounce|p2a: Ferrothorn
|move|p2a: Ferrothorn|Power Whip|p1a: Gyarados|[miss]
|-miss|p2a: Ferrothorn|p1a: Gyarados
|
|-heal|p1a: Gyarados|183\/352|[from] item: Leftovers
|turn|23
|
|move|p1a: Gyarados|Bounce|p2a: Ferrothorn|[miss]
|-miss|p1a: Gyarados|p2a: Ferrothorn
|move|p2a: Ferrothorn|Thunder Wave|p1a: Gyarados
|-status|p1a: Gyarados|par
|
|-heal|p1a: Gyarados|205\/352 par|[from] item: Leftovers
|turn|24
|
|move|p1a: Gyarados|Waterfall|p2a: Ferrothorn
|-resisted|p2a: Ferrothorn
|-damage|p2a: Ferrothorn|229\/352
|-damage|p1a: Gyarados|161\/352 par|[from] ability: Iron Barbs|[of] p2a: Ferrothorn
|move|p2a: Ferrothorn|Power Whip|p1a: Gyarados
|-damage|p1a: Gyarados|1\/352 par
|
|-heal|p1a: Gyarados|23\/352 par|[from] item: Leftovers
|turn|25
|
|switch|p1a: Heatran|Heatran, M|386\/386
|-damage|p1a: Heatran|338\/386|[from] Stealth Rock
|switch|p2a: Gothitelle|Gothitelle, F|17\/301
|-damage|p2a: Gothitelle|0 fnt|[from] Spikes
|faint|p2a: Gothitelle
|
|-heal|p1a: Heatran|362\/386|[from] item: Leftovers
|
|switch|p2a: Diancie|Diancie-Mega|241\/241
|-damage|p2a: Diancie|201\/241|[from] Spikes
|turn|26
|
|switch|p1a: Gyarados|Gyarados, F|23\/352 par
|-damage|p1a: Gyarados|0 fnt|[from] Stealth Rock
|faint|p1a: Gyarados
|move|p2a: Diancie|Moonblast|p1: Gyarados|[notarget]
|-notarget
|
|
|switch|p1a: Excadrill|Excadrill, F|414\/414
|-damage|p1a: Excadrill|402\/414|[from] Stealth Rock
|-ability|p1a: Excadrill|Mold Breaker
|-item|p1a: Excadrill|Air Balloon
|turn|27
|
|switch|p1a: Lopunny|Lopunny, M|271\/271
|-damage|p1a: Lopunny|238\/271|[from] Stealth Rock
|move|p2a: Diancie|Moonblast|p1a: Lopunny
|-damage|p1a: Lopunny|48\/271
|-unboost|p1a: Lopunny|spa|1
|
|turn|28
|
|detailschange|p1a: Lopunny|Lopunny-Mega, M
|-mega|p1a: Lopunny|Lopunny|Lopunnite
|move|p2a: Diancie|Ancient Power|p1a: Lopunny
|-resisted|p1a: Lopunny
|-damage|p1a: Lopunny|0 fnt
|faint|p1a: Lopunny
|
|-message|OPGGNORE forfeited.
|leave|OPGGNORE
|
|win|lil manaphy
|raw|Ladder updating...
|player|p1
|raw|OPGGNORE's rating: 1590 &rarr; <strong>1568<\/strong><br \/>(-22 for losing)
|raw|lil manaphy's rating: 1551 &rarr; <strong>1573<\/strong><br \/>(+22 for winning)