|join|KratosSnake
|join|Shiny Relicanth
|player|p1|KratosSnake|159
|player|p2|Shiny Relicanth|25
|gametype|singles
|gen|6
|tier|OU
|rated
|clearpoke
|poke|p1|Skarmory, M, shiny
|poke|p1|Thundurus, M
|poke|p1|Keldeo-Resolute
|poke|p1|Metagross, shiny
|poke|p1|Bisharp, F
|poke|p1|Dragonite, M
|poke|p2|Gardevoir, M
|poke|p2|Skarmory, F
|poke|p2|Conkeldurr, M
|poke|p2|Chansey, F
|poke|p2|Bisharp, M
|poke|p2|Slowbro, M
|rule|Swagger Clause: Swagger is banned
|rule|Baton Pass Clause: Limit one Pokémon knowing Baton Pass
|rule|Sleep Clause Mod: Limit one foe put to sleep
|rule|Species Clause: Limit one of each Pokémon
|rule|OHKO Clause: OHKO moves are banned
|rule|Moody Clause: Moody is banned
|rule|Evasion Moves Clause: Evasion moves are banned
|rule|Endless Battle Clause: Forcing endless battles is banned
|rule|HP Percentage Mod: HP is shown in percentages
|teampreview
|
|start
|switch|p1a: Metal Gear Ray|Skarmory, M, shiny|334\/334
|switch|p2a: Gardevoir|Gardevoir, M|277\/277
|-ability|p2a: Gardevoir|Sturdy|[from] ability: Trace|[of] p1a: Metal Gear Ray
|turn|1
|
|switch|p2a: Chansey|Chansey, F|704\/704
|move|p1a: Metal Gear Ray|Stealth Rock|p2a: Chansey
|-sidestart|p2: Shiny Relicanth|move: Stealth Rock
|
|turn|2
|
|move|p1a: Metal Gear Ray|Taunt|p2a: Chansey
|-start|p2a: Chansey|move: Taunt
|cant|p2a: Chansey|move: Taunt|Thunder Wave
|
|turn|3
|
|switch|p2a: Slowbro|Slowbro, M|394\/394
|-damage|p2a: Slowbro|345\/394|[from] Stealth Rock
|move|p1a: Metal Gear Ray|Spikes|p2a: Slowbro
|-sidestart|p2: Shiny Relicanth|Spikes
|
|turn|4
|
|detailschange|p2a: Slowbro|Slowbro-Mega, M
|-mega|p2a: Slowbro|Slowbro|Slowbronite
|move|p1a: Metal Gear Ray|Spikes|p2a: Slowbro
|-sidestart|p2: Shiny Relicanth|Spikes
|move|p2a: Slowbro|Scald|p1a: Metal Gear Ray
|-damage|p1a: Metal Gear Ray|181\/334
|
|turn|5
|
|move|p1a: Metal Gear Ray|Taunt|p2a: Slowbro
|-start|p2a: Slowbro|move: Taunt
|cant|p2a: Slowbro|move: Taunt|Calm Mind
|
|turn|6
|
|move|p1a: Metal Gear Ray|Spikes|p2a: Slowbro
|-sidestart|p2: Shiny Relicanth|Spikes
|move|p2a: Slowbro|Scald|p1a: Metal Gear Ray
|-damage|p1a: Metal Gear Ray|28\/334
|
|turn|7
|
|move|p1a: Metal Gear Ray|Tailwind|p1a: Metal Gear Ray
|-sidestart|p1: KratosSnake|move: Tailwind
|move|p2a: Slowbro|Scald|p1a: Metal Gear Ray
|-damage|p1a: Metal Gear Ray|0 fnt
|faint|p1a: Metal Gear Ray
|
|-end|p2a: Slowbro|move: Taunt
|
|switch|p1a: Zeus|Thundurus, M|299\/299
|turn|8
|
|switch|p2a: Chansey|Chansey, F|704\/704
|-damage|p2a: Chansey|616\/704|[from] Stealth Rock
|-damage|p2a: Chansey|440\/704|[from] Spikes
|move|p1a: Zeus|Thunderbolt|p2a: Chansey
|-damage|p2a: Chansey|315\/704
|-damage|p1a: Zeus|270\/299|[from] item: Life Orb
|
|turn|9
|
|move|p1a: Zeus|Superpower|p2a: Chansey
|-supereffective|p2a: Chansey
|-damage|p2a: Chansey|0 fnt
|-unboost|p1a: Zeus|atk|1
|-unboost|p1a: Zeus|def|1
|-damage|p1a: Zeus|241\/299|[from] item: Life Orb
|faint|p2a: Chansey
|
|
|switch|p2a: Bisharp|Bisharp, M|272\/272
|-damage|p2a: Bisharp|204\/272|[from] Spikes
|-damage|p2a: Bisharp|187\/272|[from] Stealth Rock
|turn|10
|leave|Shiny Relicanth
|player|p2
|join|Shiny Relicanth
|player|p2|Shiny Relicanth|25
|
|switch|p1a: Poseidon|Keldeo-Resolute|323\/323
|move|p2a: Bisharp|Swords Dance|p2a: Bisharp
|-boost|p2a: Bisharp|atk|2
|
|-sideend|p1: KratosSnake|move: Tailwind
|turn|11
|
|move|p2a: Bisharp|Sucker Punch|p1a: Poseidon
|-resisted|p1a: Poseidon
|-damage|p1a: Poseidon|164\/323
|-boost|p1a: Poseidon|atk|1|[from] ability: Justified
|move|p1a: Poseidon|Scald|p2a: Bisharp
|-damage|p2a: Bisharp|0 fnt
|faint|p2a: Bisharp
|
|
|switch|p2a: Slowbro|Slowbro-Mega, M|345\/394
|-damage|p2a: Slowbro|247\/394|[from] Spikes
|-damage|p2a: Slowbro|198\/394|[from] Stealth Rock
|turn|12
|
|move|p1a: Poseidon|Scald|p2a: Slowbro
|-resisted|p2a: Slowbro
|-damage|p2a: Slowbro|108\/394
|move|p2a: Slowbro|Slack Off|p2a: Slowbro
|-heal|p2a: Slowbro|305\/394
|
|turn|13
|
|switch|p1a: Zeus|Thundurus, M|241\/299
|move|p2a: Slowbro|Calm Mind|p2a: Slowbro
|-boost|p2a: Slowbro|spa|1
|-boost|p2a: Slowbro|spd|1
|
|turn|14
|
|move|p1a: Zeus|Thunderbolt|p2a: Slowbro
|-supereffective|p2a: Slowbro
|-damage|p2a: Slowbro|71\/394
|-damage|p1a: Zeus|212\/299|[from] item: Life Orb
|move|p2a: Slowbro|Scald|p1a: Zeus
|-crit|p1a: Zeus
|-damage|p1a: Zeus|0 fnt
|faint|p1a: Zeus
|
|
|switch|p1a: Raiden|Bisharp, F|272\/272
|turn|15
|
|move|p1a: Raiden|Knock Off|p2a: Slowbro
|-supereffective|p2a: Slowbro
|-damage|p2a: Slowbro|0 fnt
|-damage|p1a: Raiden|245\/272|[from] item: Life Orb
|faint|p2a: Slowbro
|
|
|switch|p2a: Skarmory|Skarmory, F|334\/334
|-damage|p2a: Skarmory|293\/334|[from] Stealth Rock
|turn|16
|
|switch|p2a: Conkeldurr|Conkeldurr, M|351\/351
|-damage|p2a: Conkeldurr|330\/351|[from] Stealth Rock
|-damage|p2a: Conkeldurr|243\/351|[from] Spikes
|move|p1a: Raiden|Swords Dance|p1a: Raiden
|-boost|p1a: Raiden|atk|2
|
|turn|17
|
|move|p1a: Raiden|Sucker Punch|p2a: Conkeldurr
|-resisted|p2a: Conkeldurr
|-damage|p2a: Conkeldurr|21\/351
|-damage|p1a: Raiden|218\/272|[from] item: Life Orb
|move|p2a: Conkeldurr|Mach Punch|p1a: Raiden
|-supereffective|p1a: Raiden
|-damage|p1a: Raiden|0 fnt
|faint|p1a: Raiden
|
|
|switch|p1a: Arsenal Gear|Metagross, shiny|301\/301
|turn|18
|
|detailschange|p1a: Arsenal Gear|Metagross-Mega, shiny
|-mega|p1a: Arsenal Gear|Metagross|Metagrossite
|move|p2a: Conkeldurr|Mach Punch|p1a: Arsenal Gear
|-damage|p1a: Arsenal Gear|238\/301
|move|p1a: Arsenal Gear|Thunder Punch|p2a: Conkeldurr
|-damage|p2a: Conkeldurr|0 fnt
|faint|p2a: Conkeldurr
|
|
|switch|p2a: Gardevoir|Gardevoir, M|277\/277
|-damage|p2a: Gardevoir|208\/277|[from] Spikes
|-damage|p2a: Gardevoir|174\/277|[from] Stealth Rock
|-ability|p2a: Gardevoir|Tough Claws|[from] ability: Trace|[of] p1a: Arsenal Gear
|turn|19
|
|move|p1a: Arsenal Gear|Bullet Punch|p2a: Gardevoir
|-supereffective|p2a: Gardevoir
|-damage|p2a: Gardevoir|0 fnt
|faint|p2a: Gardevoir
|
|c|★KratosSnake|gg
|
|switch|p2a: Skarmory|Skarmory, F|293\/334
|-damage|p2a: Skarmory|252\/334|[from] Stealth Rock
|turn|20
|
|move|p1a: Arsenal Gear|Thunder Punch|p2a: Skarmory
|-supereffective|p2a: Skarmory
|-damage|p2a: Skarmory|106\/334
|-damage|p1a: Arsenal Gear|188\/301|[from] item: Rocky Helmet|[of] p2a: Skarmory
|move|p2a: Skarmory|Toxic|p1a: Arsenal Gear|[miss]
|-miss|p2a: Skarmory|p1a: Arsenal Gear
|
|turn|21
|
|move|p1a: Arsenal Gear|Thunder Punch|p2a: Skarmory
|-supereffective|p2a: Skarmory
|-damage|p2a: Skarmory|0 fnt
|-damage|p1a: Arsenal Gear|138\/301|[from] item: Rocky Helmet|[of] p2a: Skarmory
|faint|p2a: Skarmory
|
|win|KratosSnake
|raw|Ladder updating...
|raw|KratosSnake's rating: 1769 &rarr; <strong>1789<\/strong><br \/>(+20 for winning)
|raw|Shiny Relicanth's rating: 1773 &rarr; <strong>1753<\/strong><br \/>(-20 for losing)