|join|kidgotowned
|join|KratosSnake
|player|p1|kidgotowned|68
|player|p2|KratosSnake|159
|gametype|singles
|gen|6
|tier|OU
|rated
|clearpoke
|poke|p1|Skarmory, F
|poke|p1|Crawdaunt, M
|poke|p1|Pinsir, M
|poke|p1|Kyurem-Black
|poke|p1|Landorus-Therian, M
|poke|p1|Magnezone
|poke|p2|Greninja, F
|poke|p2|Terrakion
|poke|p2|Rotom-Wash
|poke|p2|Landorus-Therian, M
|poke|p2|Bisharp, F
|poke|p2|Gardevoir, F
|rule|Swagger Clause: Swagger is banned
|rule|Baton Pass Clause: Limit one Pokémon knowing Baton Pass
|rule|Sleep Clause Mod: Limit one foe put to sleep
|rule|Species Clause: Limit one of each Pokémon
|rule|OHKO Clause: OHKO moves are banned
|rule|Moody Clause: Moody is banned
|rule|Evasion Moves Clause: Evasion moves are banned
|rule|Endless Battle Clause: Forcing endless battles is banned
|rule|HP Percentage Mod: HP is shown in percentages
|teampreview
|join|ulcer
|join|2l82h8
|
|start
|switch|p1a: Skarmory|Skarmory, F|334\/334
|switch|p2a: Rotom-Wash|Rotom-Wash|304\/304
|turn|1
|
|move|p1a: Skarmory|Tailwind|p1a: Skarmory
|-sidestart|p1: kidgotowned|move: Tailwind
|move|p2a: Rotom-Wash|Volt Switch|p1a: Skarmory
|-supereffective|p1a: Skarmory
|-damage|p1a: Skarmory|116\/334
|c| 2l82h8|oh my
|
|switch|p2a: Terrakion|Terrakion|323\/323
|
|turn|2
|
|move|p1a: Skarmory|Stealth Rock|p2a: Terrakion
|-sidestart|p2: KratosSnake|move: Stealth Rock
|move|p2a: Terrakion|Close Combat|p1a: Skarmory
|-damage|p1a: Skarmory|0 fnt
|-unboost|p2a: Terrakion|def|1
|-unboost|p2a: Terrakion|spd|1
|faint|p1a: Skarmory
|
|
|switch|p1a: Pinsir|Pinsir, M|271\/271
|turn|3
|
|detailschange|p1a: Pinsir|Pinsir-Mega, M
|message|Pinsir has Mega Evolved into Mega Pinsir!
|move|p1a: Pinsir|Frustration|p2a: Terrakion
|-enditem|p2a: Terrakion|Focus Sash
|-damage|p2a: Terrakion|1\/323
|move|p2a: Terrakion|Stone Edge|p1a: Pinsir
|-supereffective|p1a: Pinsir
|-damage|p1a: Pinsir|0 fnt
|faint|p1a: Pinsir
|
|
|switch|p1a: Landorus-Therian|Landorus-Therian, M|320\/320
|-ability|p1a: Landorus-Therian|Intimidate|[of] p2a: Terrakion
|-unboost|p2a: Terrakion|atk|1
|turn|4
|
|move|p1a: Landorus-Therian|U-turn|p2a: Terrakion
|-resisted|p2a: Terrakion
|-damage|p2a: Terrakion|0 fnt
|faint|p2a: Terrakion
|
|switch|p1a: Magnezone|Magnezone|281\/281
|
|-sideend|p1: kidgotowned|move: Tailwind
|
|switch|p2a: Landorus-Therian|Landorus-Therian, M|319\/319
|-damage|p2a: Landorus-Therian|280\/319|[from] Stealth Rock
|-ability|p2a: Landorus-Therian|Intimidate|[of] p1a: Magnezone
|-unboost|p1a: Magnezone|atk|1
|turn|5
|
|move|p2a: Landorus-Therian|Knock Off|p1a: Magnezone
|-damage|p1a: Magnezone|160\/281
|-enditem|p1a: Magnezone|Choice Scarf|[from] move: Knock Off|[of] p2a: Landorus-Therian
|move|p1a: Magnezone|Thunderbolt|p2a: Landorus-Therian
|-immune|p2a: Landorus-Therian|[msg]
|
|turn|6
|
|switch|p2a: Greninja|Greninja, F|285\/285
|-damage|p2a: Greninja|250\/285|[from] Stealth Rock
|move|p1a: Magnezone|Flash Cannon|p2a: Greninja
|-resisted|p2a: Greninja
|-damage|p2a: Greninja|154\/285
|
|turn|7
|
|switch|p1a: Kyurem-Black|Kyurem-Black|391\/391
|-ability|p1a: Kyurem-Black|Teravolt
|move|p2a: Greninja|Hydro Pump|p1a: Kyurem-Black
|-start|p2a: Greninja|typechange|Water|[from] Protean
|-resisted|p1a: Kyurem-Black
|-damage|p1a: Kyurem-Black|270\/391
|-damage|p2a: Greninja|126\/285|[from] item: Life Orb
|
|turn|8
|
|switch|p2a: Rotom-Wash|Rotom-Wash|304\/304
|-damage|p2a: Rotom-Wash|266\/304|[from] Stealth Rock
|move|p1a: Kyurem-Black|Fusion Bolt|p2a: Rotom-Wash
|-damage|p2a: Rotom-Wash|170\/304
|
|-heal|p2a: Rotom-Wash|189\/304|[from] item: Leftovers
|turn|9
|
|switch|p1a: Magnezone|Magnezone|160\/281
|move|p2a: Rotom-Wash|Hydro Pump|p1a: Magnezone
|-damage|p1a: Magnezone|1\/281
|
|-heal|p2a: Rotom-Wash|208\/304|[from] item: Leftovers
|turn|10
|
|switch|p2a: Greninja|Greninja, F|126\/285
|-damage|p2a: Greninja|91\/285|[from] Stealth Rock
|move|p1a: Magnezone|Thunderbolt|p2a: Greninja
|-supereffective|p2a: Greninja
|-damage|p2a: Greninja|0 fnt
|faint|p2a: Greninja
|
|
|switch|p2a: Bisharp|Bisharp, F|272\/272
|-damage|p2a: Bisharp|255\/272|[from] Stealth Rock
|turn|11
|
|move|p2a: Bisharp|Sucker Punch|p1a: Magnezone
|-damage|p1a: Magnezone|0 fnt
|-damage|p2a: Bisharp|228\/272|[from] item: Life Orb
|faint|p1a: Magnezone
|
|
|switch|p1a: Crawdaunt|Crawdaunt, M|267\/267
|turn|12
|
|move|p2a: Bisharp|Knock Off|p1a: Crawdaunt
|-resisted|p1a: Crawdaunt
|-damage|p1a: Crawdaunt|142\/267
|-enditem|p1a: Crawdaunt|Life Orb|[from] move: Knock Off|[of] p2a: Bisharp
|-damage|p2a: Bisharp|201\/272|[from] item: Life Orb
|move|p1a: Crawdaunt|Crabhammer|p2a: Bisharp
|-damage|p2a: Bisharp|0 fnt
|faint|p2a: Bisharp
|
|
|switch|p2a: Rotom-Wash|Rotom-Wash|208\/304
|-damage|p2a: Rotom-Wash|170\/304|[from] Stealth Rock
|turn|13
|
|move|p2a: Rotom-Wash|Volt Switch|p1a: Crawdaunt
|-supereffective|p1a: Crawdaunt
|-damage|p1a: Crawdaunt|0 fnt
|faint|p1a: Crawdaunt
|join|LT8F z0m
|
|switch|p2a: Gardevoir|Gardevoir, F|277\/277
|-damage|p2a: Gardevoir|243\/277|[from] Stealth Rock
|
|leave|LT8F z0m
|
|switch|p1a: Landorus-Therian|Landorus-Therian, M|320\/320
|-ability|p2a: Gardevoir|Intimidate|[from] ability: Trace|[of] p1a: Landorus-Therian
|-ability|p2a: Gardevoir|Intimidate|[of] p1a: Landorus-Therian
|-unboost|p1a: Landorus-Therian|atk|1
|-ability|p1a: Landorus-Therian|Intimidate|[of] p2a: Gardevoir
|-unboost|p2a: Gardevoir|atk|1
|turn|14
|
|switch|p2a: Landorus-Therian|Landorus-Therian, M|280\/319
|-damage|p2a: Landorus-Therian|241\/319|[from] Stealth Rock
|-ability|p2a: Landorus-Therian|Intimidate|[of] p1a: Landorus-Therian
|-unboost|p1a: Landorus-Therian|atk|1
|move|p1a: Landorus-Therian|Earthquake|p2a: Landorus-Therian
|-immune|p2a: Landorus-Therian|[msg]
|
|turn|15
|
|switch|p1a: Kyurem-Black|Kyurem-Black|270\/391
|-ability|p1a: Kyurem-Black|Teravolt
|move|p2a: Landorus-Therian|Stone Edge|p1a: Kyurem-Black|[miss]
|-miss|p2a: Landorus-Therian|p1a: Kyurem-Black
|
|turn|16
|
|switch|p2a: Rotom-Wash|Rotom-Wash|170\/304
|-damage|p2a: Rotom-Wash|132\/304|[from] Stealth Rock
|move|p1a: Kyurem-Black|Earth Power|p2a: Rotom-Wash
|-supereffective|p2a: Rotom-Wash
|-damage|p2a: Rotom-Wash|0 fnt
|faint|p2a: Rotom-Wash
|
|
|switch|p2a: Gardevoir|Gardevoir, F|243\/277
|-damage|p2a: Gardevoir|209\/277|[from] Stealth Rock
|-ability|p2a: Gardevoir|Teravolt|[from] ability: Trace|[of] p1a: Kyurem-Black
|-ability|p2a: Gardevoir|Teravolt
|turn|17
|
|detailschange|p2a: Gardevoir|Gardevoir-Mega, F
|message|Gardevoir has Mega Evolved into Mega Gardevoir!
|move|p1a: Kyurem-Black|Earth Power|p2a: Gardevoir
|-crit|p2a: Gardevoir
|-damage|p2a: Gardevoir|117\/277
|move|p2a: Gardevoir|Hyper Voice|p1a: Kyurem-Black
|-supereffective|p1a: Kyurem-Black
|-damage|p1a: Kyurem-Black|0 fnt
|faint|p1a: Kyurem-Black
|
|
|switch|p1a: Landorus-Therian|Landorus-Therian, M|320\/320
|-ability|p1a: Landorus-Therian|Intimidate|[of] p2a: Gardevoir
|-unboost|p2a: Gardevoir|atk|1
|turn|18
|
|move|p1a: Landorus-Therian|Stone Edge|p2a: Gardevoir|[miss]
|-miss|p1a: Landorus-Therian|p2a: Gardevoir
|move|p2a: Gardevoir|Hyper Voice|p1a: Landorus-Therian
|-crit|p1a: Landorus-Therian
|-damage|p1a: Landorus-Therian|0 fnt
|faint|p1a: Landorus-Therian
|
|win|KratosSnake
|raw|Ladder updating...
|raw|kidgotowned's rating: 1820 &rarr; <strong>1797<\/strong><br \/>(-23 for losing)
|raw|KratosSnake's rating: 1760 &rarr; <strong>1783<\/strong><br \/>(+23 for winning)
|leave|kidgotowned
|player|p1