|join|Cienight
|join|KratosSnake
|player|p1|Cienight|75
|player|p2|KratosSnake|159
|gametype|singles
|gen|6
|tier|OU
|rated
|clearpoke
|poke|p1|Landorus-Therian, M, shiny
|poke|p1|Conkeldurr, M, shiny
|poke|p1|Magnezone, shiny
|poke|p1|Azumarill, F
|poke|p1|Pinsir, F
|poke|p1|Empoleon, M
|poke|p2|Charizard, F
|poke|p2|Tyranitar, M
|poke|p2|Excadrill, M
|poke|p2|Gothitelle, M
|poke|p2|Venusaur, F
|poke|p2|Keldeo
|rule|Swagger Clause: Swagger is banned
|rule|Baton Pass Clause: Limit one Pokémon knowing Baton Pass
|rule|Sleep Clause Mod: Limit one foe put to sleep
|rule|Species Clause: Limit one of each Pokémon
|rule|OHKO Clause: OHKO moves are banned
|rule|Moody Clause: Moody is banned
|rule|Evasion Moves Clause: Evasion moves are banned
|rule|Endless Battle Clause: Forcing endless battles is banned
|rule|HP Percentage Mod: HP is shown in percentages
|teampreview
|
|start
|switch|p1a: SHREDDED AS FK|Conkeldurr, M, shiny|365\/365
|switch|p2a: Keldeo|Keldeo|323\/323
|turn|1
|
|switch|p2a: Gothitelle|Gothitelle, M|301\/301
|move|p1a: SHREDDED AS FK|Drain Punch|p2a: Gothitelle
|-resisted|p2a: Gothitelle
|-damage|p2a: Gothitelle|225\/301
|
|turn|2
|
|move|p2a: Gothitelle|Trick|p1a: SHREDDED AS FK
|-activate|p2a: Gothitelle|move: Trick|[of] p1a: SHREDDED AS FK
|-item|p1a: SHREDDED AS FK|Choice Scarf|[from] move: Trick
|-item|p2a: Gothitelle|Assault Vest|[from] move: Trick
|move|p1a: SHREDDED AS FK|Knock Off|p2a: Gothitelle
|-supereffective|p2a: Gothitelle
|-damage|p2a: Gothitelle|0 fnt
|-enditem|p2a: Gothitelle|Assault Vest|[from] move: Knock Off|[of] p1a: SHREDDED AS FK
|faint|p2a: Gothitelle
|
|
|switch|p2a: Charizard|Charizard, F|297\/297
|turn|3
|join|Outrageous Fortune
|
|switch|p1a: Magnezone|Magnezone, shiny|282\/282
|detailschange|p2a: Charizard|Charizard-Mega-Y, F
|message|Charizard has Mega Evolved into Mega Charizard!
|-weather|SunnyDay
|move|p2a: Charizard|Flamethrower|p1a: Magnezone
|-supereffective|p1a: Magnezone
|-damage|p1a: Magnezone|0 fnt
|faint|p1a: Magnezone
|
|-weather|SunnyDay|[upkeep]
|
|switch|p1a: Landorus-Therian|Landorus-Therian, M, shiny|328\/328
|-ability|p1a: Landorus-Therian|Intimidate|[of] p2a: Charizard
|-unboost|p2a: Charizard|atk|1
|turn|4
|
|switch|p2a: Keldeo|Keldeo|323\/323
|move|p1a: Landorus-Therian|Stone Edge|p2a: Keldeo
|-resisted|p2a: Keldeo
|-damage|p2a: Keldeo|247\/323
|
|-weather|SunnyDay|[upkeep]
|turn|5
|join|Kushalos
|
|switch|p1a: Empoleon|Empoleon, M|371\/371
|move|p2a: Keldeo|Hidden Power|p1a: Empoleon
|-supereffective|p1a: Empoleon
|-damage|p1a: Empoleon|225\/371
|
|-weather|SunnyDay|[upkeep]
|-heal|p1a: Empoleon|248\/371|[from] item: Leftovers
|turn|6
|
|switch|p2a: Venusaur|Venusaur, F|302\/302
|move|p1a: Empoleon|Stealth Rock|p2a: Venusaur
|-sidestart|p2: KratosSnake|move: Stealth Rock
|
|-weather|SunnyDay|[upkeep]
|-heal|p1a: Empoleon|271\/371|[from] item: Leftovers
|turn|7
|
|switch|p1a: SHREDDED AS FK|Conkeldurr, M, shiny|365\/365
|move|p2a: Venusaur|Sleep Powder|p1a: SHREDDED AS FK
|-status|p1a: SHREDDED AS FK|slp
|
|-weather|none
|turn|8
|
|move|p2a: Venusaur|Sludge Bomb|p1a: SHREDDED AS FK
|-damage|p1a: SHREDDED AS FK|151\/365 slp
|-damage|p2a: Venusaur|272\/302|[from] item: Life Orb
|cant|p1a: SHREDDED AS FK|slp
|
|turn|9
|
|cant|p1a: SHREDDED AS FK|slp
|move|p2a: Venusaur|Giga Drain|p1a: SHREDDED AS FK
|-damage|p1a: SHREDDED AS FK|0 fnt
|-heal|p2a: Venusaur|302\/302|[from] drain|[of] p1a: SHREDDED AS FK
|-damage|p2a: Venusaur|272\/302|[from] item: Life Orb
|faint|p1a: SHREDDED AS FK
|
|
|switch|p1a: Pinsir|Pinsir, F|271\/271
|turn|10
|
|switch|p2a: Tyranitar|Tyranitar, M|403\/403
|-damage|p2a: Tyranitar|353\/403|[from] Stealth Rock
|-weather|Sandstorm
|detailschange|p1a: Pinsir|Pinsir-Mega, F
|message|Pinsir has Mega Evolved into Mega Pinsir!
|move|p1a: Pinsir|Substitute|p1a: Pinsir
|-start|p1a: Pinsir|Substitute
|-damage|p1a: Pinsir|204\/271
|
|-weather|Sandstorm|[upkeep]
|-damage|p1a: Pinsir|188\/271|[from] sandstorm
|turn|11
|
|move|p1a: Pinsir|Earthquake|p2a: Tyranitar
|-supereffective|p2a: Tyranitar
|-damage|p2a: Tyranitar|113\/403
|move|p2a: Tyranitar|Stealth Rock|p1a: Pinsir
|-sidestart|p1: Cienight|move: Stealth Rock
|
|-weather|Sandstorm|[upkeep]
|-damage|p1a: Pinsir|172\/271|[from] sandstorm
|turn|12
|
|move|p1a: Pinsir|Earthquake|p2a: Tyranitar
|-supereffective|p2a: Tyranitar
|-damage|p2a: Tyranitar|0 fnt
|faint|p2a: Tyranitar
|
|-weather|Sandstorm|[upkeep]
|-damage|p1a: Pinsir|156\/271|[from] sandstorm
|
|switch|p2a: Excadrill|Excadrill, M|361\/361
|-damage|p2a: Excadrill|350\/361|[from] Stealth Rock
|turn|13
|
|move|p2a: Excadrill|Iron Head|p1a: Pinsir
|-end|p1a: Pinsir|Substitute
|-damage|p2a: Excadrill|314\/361|[from] item: Life Orb
|move|p1a: Pinsir|Earthquake|p2a: Excadrill
|-supereffective|p2a: Excadrill
|-damage|p2a: Excadrill|0 fnt
|faint|p2a: Excadrill
|
|-weather|Sandstorm|[upkeep]
|-damage|p1a: Pinsir|140\/271|[from] sandstorm
|
|switch|p2a: Keldeo|Keldeo|247\/323
|-damage|p2a: Keldeo|227\/323|[from] Stealth Rock
|turn|14
|
|switch|p1a: Azumarill|Azumarill, F|349\/349
|-damage|p1a: Azumarill|306\/349|[from] Stealth Rock
|move|p2a: Keldeo|Hydro Pump|p1a: Azumarill
|-resisted|p1a: Azumarill
|-damage|p1a: Azumarill|183\/349
|
|-weather|Sandstorm|[upkeep]
|-damage|p2a: Keldeo|207\/323|[from] sandstorm
|-damage|p1a: Azumarill|162\/349|[from] sandstorm
|turn|15
|
|switch|p2a: Venusaur|Venusaur, F|272\/302
|-damage|p2a: Venusaur|235\/302|[from] Stealth Rock
|switch|p1a: Empoleon|Empoleon, M|271\/371
|-damage|p1a: Empoleon|248\/371|[from] Stealth Rock
|
|-weather|Sandstorm|[upkeep]
|-damage|p2a: Venusaur|217\/302|[from] sandstorm
|-heal|p1a: Empoleon|271\/371|[from] item: Leftovers
|turn|16
|
|move|p2a: Venusaur|Sleep Powder|p1a: Empoleon
|-status|p1a: Empoleon|slp
|cant|p1a: Empoleon|slp
|
|-weather|Sandstorm|[upkeep]
|-damage|p2a: Venusaur|199\/302|[from] sandstorm
|-heal|p1a: Empoleon|294\/371 slp|[from] item: Leftovers
|turn|17
|
|move|p2a: Venusaur|Giga Drain|p1a: Empoleon
|-damage|p1a: Empoleon|154\/371 slp
|-heal|p2a: Venusaur|269\/302|[from] drain|[of] p1a: Empoleon
|-damage|p2a: Venusaur|239\/302|[from] item: Life Orb
|cant|p1a: Empoleon|slp
|
|-weather|none
|-heal|p1a: Empoleon|177\/371 slp|[from] item: Leftovers
|turn|18
|join|Kung Fu Pancham
|
|move|p2a: Venusaur|Giga Drain|p1a: Empoleon
|-crit|p1a: Empoleon
|-damage|p1a: Empoleon|0 fnt
|-heal|p2a: Venusaur|302\/302|[from] drain|[of] p1a: Empoleon
|-damage|p2a: Venusaur|272\/302|[from] item: Life Orb
|faint|p1a: Empoleon
|
|c|★Cienight|jesus motherfking christ
|c|★Cienight|this is retarded
|
|switch|p1a: Pinsir|Pinsir-Mega, F|140\/271
|-damage|p1a: Pinsir|5\/271|[from] Stealth Rock
|turn|19
|
|switch|p2a: Charizard|Charizard-Mega-Y, F|297\/297
|-damage|p2a: Charizard|149\/297|[from] Stealth Rock
|-weather|SunnyDay
|move|p1a: Pinsir|Flail|p2a: Charizard
|-damage|p2a: Charizard|0 fnt
|faint|p2a: Charizard
|
|-weather|SunnyDay|[upkeep]
|
|switch|p2a: Venusaur|Venusaur, F|272\/302
|-damage|p2a: Venusaur|235\/302|[from] Stealth Rock
|turn|20
|
|move|p2a: Venusaur|Giga Drain|p1a: Pinsir
|-resisted|p1a: Pinsir
|-damage|p1a: Pinsir|0 fnt
|-heal|p2a: Venusaur|238\/302|[from] drain|[of] p1a: Pinsir
|-damage|p2a: Venusaur|208\/302|[from] item: Life Orb
|faint|p1a: Pinsir
|
|-weather|SunnyDay|[upkeep]
|
|switch|p1a: Landorus-Therian|Landorus-Therian, M, shiny|328\/328
|-damage|p1a: Landorus-Therian|287\/328|[from] Stealth Rock
|-ability|p1a: Landorus-Therian|Intimidate|[of] p2a: Venusaur
|-unboost|p2a: Venusaur|atk|1
|turn|21
|
|move|p2a: Venusaur|Sleep Powder|p1a: Landorus-Therian
|-status|p1a: Landorus-Therian|slp
|cant|p1a: Landorus-Therian|slp
|
|-weather|SunnyDay|[upkeep]
|turn|22
|
|move|p2a: Venusaur|Giga Drain|p1a: Landorus-Therian
|-damage|p1a: Landorus-Therian|100\/328 slp
|-heal|p2a: Venusaur|302\/302|[from] drain|[of] p1a: Landorus-Therian
|-damage|p2a: Venusaur|272\/302|[from] item: Life Orb
|cant|p1a: Landorus-Therian|slp
|
|-weather|SunnyDay|[upkeep]
|turn|23
|c|★Cienight|fking awul.
|-message|Cienight forfeited.
|
|win|KratosSnake
|raw|Ladder updating...
|leave|Cienight
|player|p1
|raw|Cienight's rating: 1777 &rarr; <strong>1763<\/strong><br \/>(-14 for losing)
|raw|KratosSnake's rating: 1891 &rarr; <strong>1904<\/strong><br \/>(+13 for winning)
|leave|Kung Fu Pancham
|leave|Outrageous Fortune