|join|Steven Defour
|join|afc_test
|player|p1|Steven Defour|289
|player|p2|afc_test|265
|gametype|singles
|gen|6
|tier|OU
|rated
|clearpoke
|poke|p1|Hawlucha, M
|poke|p1|Heatran, F
|poke|p1|Hippowdon, F
|poke|p1|Honchkrow, M
|poke|p1|Hydreigon, M
|poke|p1|Heracross, F
|poke|p2|Skarmory, F
|poke|p2|Venusaur, F
|poke|p2|Tyranitar, F
|poke|p2|Excadrill, F
|poke|p2|Latios, M
|poke|p2|Keldeo
|rule|Swagger Clause: Swagger is banned
|rule|Baton Pass Clause: Limit one Pokémon knowing Baton Pass
|rule|Sleep Clause Mod: Limit one foe put to sleep
|rule|Species Clause: Limit one of each Pokémon
|rule|OHKO Clause: OHKO moves are banned
|rule|Moody Clause: Moody is banned
|rule|Evasion Moves Clause: Evasion moves are banned
|rule|Endless Battle Clause: Forcing endless battles is banned
|rule|HP Percentage Mod: HP is shown in percentages
|teampreview
|
|start
|switch|p1a: Hydreigon|Hydreigon, M|326\/326
|switch|p2a: Keldeo|Keldeo|324\/324
|turn|1
|
|move|p2a: Keldeo|Secret Sword|p1a: Hydreigon
|-supereffective|p1a: Hydreigon
|-damage|p1a: Hydreigon|0 fnt
|faint|p1a: Hydreigon
|
|
|switch|p1a: Heracross|Heracross, F|302\/302
|turn|2
|
|switch|p2a: Skarmory|Skarmory, F|334\/334
|detailschange|p1a: Heracross|Heracross-Mega, F
|message|Heracross has Mega Evolved into Mega Heracross!
|move|p1a: Heracross|Pin Missile|p2a: Skarmory
|-resisted|p2a: Skarmory
|-damage|p2a: Skarmory|325\/334
|-resisted|p2a: Skarmory
|-damage|p2a: Skarmory|316\/334
|-resisted|p2a: Skarmory
|-damage|p2a: Skarmory|308\/334
|-resisted|p2a: Skarmory
|-damage|p2a: Skarmory|299\/334
|-resisted|p2a: Skarmory
|-damage|p2a: Skarmory|289\/334
|-hitcount|p2a: Skarmory|5
|
|turn|3
|
|move|p1a: Heracross|Swords Dance|p1a: Heracross
|-boost|p1a: Heracross|atk|2
|move|p2a: Skarmory|Spikes|p1a: Heracross
|-sidestart|p1: Steven Defour|Spikes
|
|turn|4
|
|move|p1a: Heracross|Close Combat|p2a: Skarmory
|-damage|p2a: Skarmory|0 fnt
|-damage|p1a: Heracross|252\/302|[from] item: Rocky Helmet|[of] p2a: Skarmory
|-unboost|p1a: Heracross|def|1
|-unboost|p1a: Heracross|spd|1
|faint|p2a: Skarmory
|
|
|switch|p2a: Latios|Latios, M|302\/302
|turn|5
|
|switch|p1a: Heatran|Heatran, F|326\/326
|-item|p1a: Heatran|Air Balloon
|move|p2a: Latios|Surf|p1a: Heatran
|-supereffective|p1a: Heatran
|-damage|p1a: Heatran|8\/326
|-enditem|p1a: Heatran|Air Balloon
|
|turn|6
|
|move|p2a: Latios|Surf|p1a: Heatran
|-supereffective|p1a: Heatran
|-damage|p1a: Heatran|0 fnt
|faint|p1a: Heatran
|
|
|switch|p1a: Honchkrow|Honchkrow, M|341\/341
|turn|7
|
|move|p2a: Latios|Surf|p1a: Honchkrow
|-damage|p1a: Honchkrow|70\/341
|move|p1a: Honchkrow|Substitute|p1a: Honchkrow
|-fail|p1a: Honchkrow|move: Substitute|[weak]
|
|turn|8
|
|switch|p2a: Tyranitar|Tyranitar, F|404\/404
|-weather|Sandstorm
|move|p1a: Honchkrow|Roost|p1a: Honchkrow
|-heal|p1a: Honchkrow|241\/341
|
|-weather|Sandstorm|[upkeep]
|-damage|p1a: Honchkrow|220\/341|[from] sandstorm
|turn|9
|
|switch|p1a: Heracross|Heracross-Mega, F|252\/302
|-damage|p1a: Heracross|215\/302|[from] Spikes
|move|p2a: Tyranitar|Stealth Rock|p1a: Heracross
|-sidestart|p1: Steven Defour|move: Stealth Rock
|
|-weather|Sandstorm|[upkeep]
|-damage|p1a: Heracross|197\/302|[from] sandstorm
|turn|10
|
|switch|p2a: Venusaur|Venusaur, F|364\/364
|move|p1a: Heracross|Close Combat|p2a: Venusaur
|-resisted|p2a: Venusaur
|-damage|p2a: Venusaur|197\/364
|-unboost|p1a: Heracross|def|1
|-unboost|p1a: Heracross|spd|1
|
|-weather|Sandstorm|[upkeep]
|-damage|p1a: Heracross|179\/302|[from] sandstorm
|-damage|p2a: Venusaur|175\/364|[from] sandstorm
|turn|11
|
|detailschange|p2a: Venusaur|Venusaur-Mega, F
|message|Venusaur has Mega Evolved into Mega Venusaur!
|move|p1a: Heracross|Pin Missile|p2a: Venusaur
|-damage|p2a: Venusaur|124\/364
|-damage|p2a: Venusaur|73\/364
|-damage|p2a: Venusaur|18\/364
|-damage|p2a: Venusaur|0 fnt
|-hitcount|p2a: Venusaur|4
|faint|p2a: Venusaur
|
|-weather|Sandstorm|[upkeep]
|-damage|p1a: Heracross|161\/302|[from] sandstorm
|
|switch|p2a: Excadrill|Excadrill, F|362\/362
|turn|12
|
|switch|p1a: Hippowdon|Hippowdon, F|420\/420
|-damage|p1a: Hippowdon|394\/420|[from] Stealth Rock
|-damage|p1a: Hippowdon|342\/420|[from] Spikes
|move|p2a: Excadrill|Iron Head|p1a: Hippowdon
|-crit|p1a: Hippowdon
|-damage|p1a: Hippowdon|128\/420
|-damage|p2a: Excadrill|326\/362|[from] item: Life Orb
|
|-weather|none
|-heal|p1a: Hippowdon|154\/420|[from] item: Leftovers
|turn|13
|
|move|p2a: Excadrill|Swords Dance|p2a: Excadrill
|-boost|p2a: Excadrill|atk|2
|move|p1a: Hippowdon|Slack Off|p1a: Hippowdon
|-heal|p1a: Hippowdon|364\/420
|
|-heal|p1a: Hippowdon|390\/420|[from] item: Leftovers
|turn|14
|
|move|p2a: Excadrill|Swords Dance|p2a: Excadrill
|-boost|p2a: Excadrill|atk|2
|move|p1a: Hippowdon|Earthquake|p2a: Excadrill
|-supereffective|p2a: Excadrill
|-damage|p2a: Excadrill|0 fnt
|faint|p2a: Excadrill
|
|-heal|p1a: Hippowdon|416\/420|[from] item: Leftovers
|
|switch|p2a: Keldeo|Keldeo|324\/324
|turn|15
|
|move|p2a: Keldeo|Hydro Pump|p1a: Hippowdon
|-supereffective|p1a: Hippowdon
|-damage|p1a: Hippowdon|0 fnt
|faint|p1a: Hippowdon
|
|
|switch|p1a: Hawlucha|Hawlucha, M|299\/299
|-damage|p1a: Hawlucha|262\/299|[from] Stealth Rock
|turn|16
|
|move|p2a: Keldeo|Hydro Pump|p1a: Hawlucha|[miss]
|-miss|p2a: Keldeo|p1a: Hawlucha
|move|p1a: Hawlucha|Sky Attack|p2a: Keldeo|[still]
|-prepare|p1a: Hawlucha|Sky Attack|p2a: Keldeo
|-enditem|p1a: Hawlucha|Power Herb
|-anim|p1a: Hawlucha|Sky Attack|p2a: Keldeo
|-supereffective|p2a: Keldeo
|-damage|p2a: Keldeo|0 fnt
|faint|p2a: Keldeo
|
|
|switch|p2a: Latios|Latios, M|302\/302
|turn|17
|
|move|p1a: Hawlucha|Acrobatics|p2a: Latios
|-damage|p2a: Latios|106\/302
|move|p2a: Latios|Draco Meteor|p1a: Hawlucha
|-damage|p1a: Hawlucha|0 fnt
|-unboost|p2a: Latios|spa|2
|faint|p1a: Hawlucha
|
|
|switch|p1a: Honchkrow|Honchkrow, M|220\/341
|-damage|p1a: Honchkrow|135\/341|[from] Stealth Rock
|turn|18
|
|switch|p2a: Tyranitar|Tyranitar, F|404\/404
|-weather|Sandstorm
|switch|p1a: Heracross|Heracross-Mega, F|161\/302
|-damage|p1a: Heracross|124\/302|[from] Stealth Rock
|-damage|p1a: Heracross|87\/302|[from] Spikes
|
|-weather|Sandstorm|[upkeep]
|-damage|p1a: Heracross|69\/302|[from] sandstorm
|turn|19
|
|switch|p2a: Latios|Latios, M|106\/302
|move|p1a: Heracross|Close Combat|p2a: Latios
|-resisted|p2a: Latios
|-damage|p2a: Latios|0 fnt
|-unboost|p1a: Heracross|def|1
|-unboost|p1a: Heracross|spd|1
|faint|p2a: Latios
|
|-weather|Sandstorm|[upkeep]
|-damage|p1a: Heracross|51\/302|[from] sandstorm
|
|switch|p2a: Tyranitar|Tyranitar, F|404\/404
|turn|20
|
|move|p1a: Heracross|Close Combat|p2a: Tyranitar
|-supereffective|p2a: Tyranitar
|-damage|p2a: Tyranitar|0 fnt
|-unboost|p1a: Heracross|def|1
|-unboost|p1a: Heracross|spd|1
|faint|p2a: Tyranitar
|
|win|Steven Defour
|raw|Ladder updating...
|raw|Steven Defour's rating: 1464 &rarr; <strong>1483<\/strong><br \/>(+19 for winning)
|raw|afc_test's rating: 1448 &rarr; <strong>1429<\/strong><br \/>(-19 for losing)
|c|★Steven Defour|gg
|leave|afc_test
|player|p2