|join|bigdickplayer
|join|finding-elysium
|player|p1|bigdickplayer|245
|player|p2|finding-elysium|2
|gametype|singles
|gen|6
|tier|OU
|rated
|clearpoke
|poke|p1|Garchomp, M, shiny
|poke|p1|Absol, F
|poke|p1|Greninja, F
|poke|p1|Landorus-Therian, M
|poke|p1|Latias, F, shiny
|poke|p1|Bisharp, M
|poke|p2|Gardevoir, M
|poke|p2|Excadrill, M
|poke|p2|Azumarill, M, shiny
|poke|p2|Mamoswine, F
|poke|p2|Breloom, F
|poke|p2|Dragonite, F
|rule|Swagger Clause: Swagger is banned
|rule|Baton Pass Clause: Limit one Pokémon knowing Baton Pass
|rule|Sleep Clause Mod: Limit one foe put to sleep
|rule|Species Clause: Limit one of each Pokémon
|rule|OHKO Clause: OHKO moves are banned
|rule|Moody Clause: Moody is banned
|rule|Evasion Moves Clause: Evasion moves are banned
|rule|Endless Battle Clause: Forcing endless battles is banned
|rule|HP Percentage Mod: HP is shown in percentages
|teampreview
|c|★finding-elysium|non stall team, awesome
|c|★bigdickplayer|lol
|
|start
|switch|p1a: Absol|Absol, F|271\/271
|switch|p2a: Mamoswine|Mamoswine, F|362\/362
|turn|1
|
|detailschange|p1a: Absol|Absol-Mega, F
|message|Absol has Mega Evolved into Mega Absol!
|move|p1a: Absol|Knock Off|p2a: Mamoswine
|-damage|p2a: Mamoswine|137\/362
|-enditem|p2a: Mamoswine|Focus Sash|[from] move: Knock Off|[of] p1a: Absol
|move|p2a: Mamoswine|Earthquake|p1a: Absol
|-damage|p1a: Absol|0 fnt
|faint|p1a: Absol
|
|c|★bigdickplayer|oh
|
|switch|p1a: Greninja|Greninja, F|286\/286
|turn|2
|
|move|p2a: Mamoswine|Ice Shard|p1a: Greninja
|-resisted|p1a: Greninja
|-damage|p1a: Greninja|230\/286
|move|p1a: Greninja|Scald|p2a: Mamoswine
|-start|p1a: Greninja|typechange|Water|[from] Protean
|-supereffective|p2a: Mamoswine
|-damage|p2a: Mamoswine|0 fnt
|-damage|p1a: Greninja|202\/286|[from] item: Life Orb
|faint|p2a: Mamoswine
|
|
|switch|p2a: Azumarill|Azumarill, M, shiny|342\/342
|turn|3
|
|switch|p1a: Landorus-Therian|Landorus-Therian, M|319\/319
|-ability|p1a: Landorus-Therian|Intimidate|[of] p2a: Azumarill
|-unboost|p2a: Azumarill|atk|1
|move|p2a: Azumarill|Play Rough|p1a: Landorus-Therian
|-damage|p1a: Landorus-Therian|202\/319
|
|turn|4
|
|move|p1a: Landorus-Therian|U-turn|p2a: Azumarill
|-resisted|p2a: Azumarill
|-damage|p2a: Azumarill|291\/342
|
|switch|p1a: Garchomp|Garchomp, M, shiny|357\/357
|move|p2a: Azumarill|Belly Drum|p2a: Azumarill
|-damage|p2a: Azumarill|120\/342
|-setboost|p2a: Azumarill|atk|6|[from] move: Belly Drum
|-enditem|p2a: Azumarill|Sitrus Berry|[eat]
|-heal|p2a: Azumarill|205\/342|[from] item: Sitrus Berry
|
|turn|5
|
|move|p2a: Azumarill|Aqua Jet|p1a: Garchomp
|-enditem|p1a: Garchomp|Focus Sash
|-damage|p1a: Garchomp|1\/357
|-damage|p2a: Azumarill|163\/342|[from] ability: Rough Skin|[of] p1a: Garchomp
|move|p1a: Garchomp|Earthquake|p2a: Azumarill
|-damage|p2a: Azumarill|0 fnt
|faint|p2a: Azumarill
|
|c|★finding-elysium|damn
|c|★bigdickplayer|yeah sory
|
|switch|p2a: Excadrill|Excadrill, M|362\/362
|-ability|p2a: Excadrill|Mold Breaker
|turn|6
|
|switch|p1a: Landorus-Therian|Landorus-Therian, M|202\/319
|-ability|p1a: Landorus-Therian|Intimidate|[of] p2a: Excadrill
|-unboost|p2a: Excadrill|atk|1
|move|p2a: Excadrill|Rock Slide|p1a: Landorus-Therian
|-damage|p1a: Landorus-Therian|141\/319
|
|turn|7
|
|switch|p2a: Dragonite|Dragonite, F|386\/386
|move|p1a: Landorus-Therian|U-turn|p2a: Dragonite
|-resisted|p2a: Dragonite
|-damage|p2a: Dragonite|364\/386
|
|switch|p1a: Greninja|Greninja, F|202\/286
|
|turn|8
|
|move|p2a: Dragonite|Extreme Speed|p1a: Greninja
|-damage|p1a: Greninja|66\/286
|move|p1a: Greninja|Ice Beam|p2a: Dragonite
|-start|p1a: Greninja|typechange|Ice|[from] Protean
|-supereffective|p2a: Dragonite
|-damage|p2a: Dragonite|0 fnt
|-damage|p1a: Greninja|38\/286|[from] item: Life Orb
|faint|p2a: Dragonite
|
|
|switch|p2a: Breloom|Breloom, F|262\/262
|turn|9
|
|switch|p1a: Garchomp|Garchomp, M, shiny|1\/357
|move|p2a: Breloom|Mach Punch|p1a: Garchomp
|-damage|p1a: Garchomp|0 fnt
|-damage|p2a: Breloom|230\/262|[from] ability: Rough Skin|[of] p1a: Garchomp
|-damage|p2a: Breloom|204\/262|[from] item: Life Orb
|faint|p1a: Garchomp
|
|
|switch|p1a: Latias|Latias, F, shiny|301\/301
|turn|10
|
|switch|p1a: Greninja|Greninja, F|38\/286
|switch|p2a: Excadrill|Excadrill, M|362\/362
|-ability|p2a: Excadrill|Mold Breaker
|
|turn|11
|
|switch|p1a: Landorus-Therian|Landorus-Therian, M|141\/319
|-ability|p1a: Landorus-Therian|Intimidate|[of] p2a: Excadrill
|-unboost|p2a: Excadrill|atk|1
|move|p2a: Excadrill|Iron Head|p1a: Landorus-Therian
|-damage|p1a: Landorus-Therian|48\/319
|
|turn|12
|
|move|p1a: Landorus-Therian|Earthquake|p2a: Excadrill
|-supereffective|p2a: Excadrill
|-damage|p2a: Excadrill|0 fnt
|faint|p2a: Excadrill
|
|
|switch|p2a: Breloom|Breloom, F|204\/262
|turn|13
|
|move|p2a: Breloom|Mach Punch|p1a: Landorus-Therian
|-resisted|p1a: Landorus-Therian
|-damage|p1a: Landorus-Therian|0 fnt
|-damage|p2a: Breloom|178\/262|[from] item: Life Orb
|faint|p1a: Landorus-Therian
|
|
|switch|p1a: Latias|Latias, F, shiny|301\/301
|turn|14
|
|switch|p2a: Gardevoir|Gardevoir, M|278\/278
|move|p1a: Latias|Psyshock|p2a: Gardevoir
|-resisted|p2a: Gardevoir
|-damage|p2a: Gardevoir|152\/278
|-damage|p1a: Latias|271\/301|[from] item: Life Orb
|
|turn|15
|
|switch|p1a: Bisharp|Bisharp, M|272\/272
|detailschange|p2a: Gardevoir|Gardevoir-Mega, M
|message|Gardevoir has Mega Evolved into Mega Gardevoir!
|move|p2a: Gardevoir|Hyper Voice|p1a: Bisharp
|-damage|p1a: Bisharp|0 fnt
|faint|p1a: Bisharp
|
|
|switch|p1a: Greninja|Greninja, F|38\/286
|turn|16
|
|move|p1a: Greninja|Ice Beam|p2a: Gardevoir
|-start|p1a: Greninja|typechange|Ice|[from] Protean
|-damage|p2a: Gardevoir|22\/278
|-damage|p1a: Greninja|10\/286|[from] item: Life Orb
|move|p2a: Gardevoir|Hyper Voice|p1a: Greninja
|-damage|p1a: Greninja|0 fnt
|faint|p1a: Greninja
|
|
|switch|p1a: Latias|Latias, F, shiny|271\/301
|turn|17
|
|move|p1a: Latias|Psyshock|p2a: Gardevoir
|-resisted|p2a: Gardevoir
|-damage|p2a: Gardevoir|0 fnt
|-damage|p1a: Latias|241\/301|[from] item: Life Orb
|faint|p2a: Gardevoir
|
|c|★bigdickplayer|gg
|
|switch|p2a: Breloom|Breloom, F|178\/262
|turn|18
|c|★finding-elysium|flinch hax
|
|move|p2a: Breloom|Mach Punch|p1a: Latias
|-resisted|p1a: Latias
|-damage|p1a: Latias|167\/301
|-damage|p2a: Breloom|152\/262|[from] item: Life Orb
|move|p1a: Latias|Psyshock|p2a: Breloom
|-crit|p2a: Breloom
|-supereffective|p2a: Breloom
|-damage|p2a: Breloom|0 fnt
|-damage|p1a: Latias|137\/301|[from] item: Life Orb
|faint|p2a: Breloom
|
|win|bigdickplayer
|raw|Ladder updating...
|raw|bigdickplayer's rating: 1758 &rarr; <strong>1777<\/strong><br \/>(+19 for winning)
|raw|finding-elysium's rating: 1738 &rarr; <strong>1719<\/strong><br \/>(-19 for losing)
|leave|finding-elysium
|player|p2