|join|WalkItOut
|join|bigdickplayer
|player|p1|WalkItOut|170
|player|p2|bigdickplayer|245
|gametype|singles
|gen|6
|tier|OU
|rated
|clearpoke
|poke|p1|Tyranitar, F
|poke|p1|Excadrill, M
|poke|p1|Thundurus, M
|poke|p1|Gothitelle, F
|poke|p1|Landorus, M
|poke|p1|Gyarados, M
|poke|p2|Garchomp, M, shiny
|poke|p2|Absol, M
|poke|p2|Greninja, F
|poke|p2|Landorus-Therian, M
|poke|p2|Latias, F, shiny
|poke|p2|Bisharp, F
|rule|Swagger Clause: Swagger is banned
|rule|Baton Pass Clause: Limit one Pokémon knowing Baton Pass
|rule|Sleep Clause Mod: Limit one foe put to sleep
|rule|Species Clause: Limit one of each Pokémon
|rule|OHKO Clause: OHKO moves are banned
|rule|Moody Clause: Moody is banned
|rule|Evasion Moves Clause: Evasion moves are banned
|rule|Endless Battle Clause: Forcing endless battles is banned
|rule|HP Percentage Mod: HP is shown in percentages
|teampreview
|join|LT2K Murkrow
|
|start
|switch|p1a: Thundurus|Thundurus, M|299\/299
|switch|p2a: Garchomp|Garchomp, M, shiny|357\/357
|turn|1
|
|move|p1a: Thundurus|Hidden Power|p2a: Garchomp
|-supereffective|p2a: Garchomp
|-enditem|p2a: Garchomp|Focus Sash
|-damage|p2a: Garchomp|1\/357
|move|p2a: Garchomp|Stealth Rock|p1a: Thundurus
|-sidestart|p1: WalkItOut|move: Stealth Rock
|
|turn|2
|
|switch|p2a: Greninja|Greninja, F|286\/286
|move|p1a: Thundurus|Hidden Power|p2a: Greninja
|-resisted|p2a: Greninja
|-damage|p2a: Greninja|244\/286
|
|turn|3
|
|move|p1a: Thundurus|Thunder Wave|p2a: Greninja
|-status|p2a: Greninja|par
|move|p2a: Greninja|Ice Beam|p1a: Thundurus
|-start|p2a: Greninja|typechange|Ice|[from] Protean
|-supereffective|p1a: Thundurus
|-damage|p1a: Thundurus|0 fnt
|-damage|p2a: Greninja|216\/286 par|[from] item: Life Orb
|faint|p1a: Thundurus
|
|
|switch|p1a: Landorus|Landorus, M|319\/319
|-damage|p1a: Landorus|280\/319|[from] Stealth Rock
|turn|4
|
|switch|p2a: Landorus-Therian|Landorus-Therian, M|382\/382
|-ability|p2a: Landorus-Therian|Intimidate|[of] p1a: Landorus
|-unboost|p1a: Landorus|atk|1
|move|p1a: Landorus|Sludge Wave|p2a: Landorus-Therian
|-resisted|p2a: Landorus-Therian
|-damage|p2a: Landorus-Therian|273\/382
|
|turn|5
|
|move|p1a: Landorus|Psychic|p2a: Landorus-Therian
|-damage|p2a: Landorus-Therian|60\/382
|move|p2a: Landorus-Therian|Knock Off|p1a: Landorus
|-crit|p1a: Landorus
|-damage|p1a: Landorus|67\/319
|-enditem|p1a: Landorus|Life Orb|[from] move: Knock Off|[of] p2a: Landorus-Therian
|
|turn|6
|join|azian
|c|★bigdickplayer|woops
|c|★bigdickplayer|wrong evs
|
|switch|p2a: Absol|Absol, M|271\/271
|move|p1a: Landorus|Sludge Wave|p2a: Absol
|-damage|p2a: Absol|35\/271
|
|turn|7
|c| azian|p-p-please tell me youre him
|
|switch|p2a: Garchomp|Garchomp, M, shiny|1\/357
|move|p1a: Landorus|Earth Power|p2a: Garchomp
|-damage|p2a: Garchomp|0 fnt
|faint|p2a: Garchomp
|
|
|switch|p2a: Latias|Latias, F, shiny|301\/301
|turn|8
|
|move|p2a: Latias|Psyshock|p1a: Landorus
|-damage|p1a: Landorus|0 fnt
|-damage|p2a: Latias|271\/301|[from] item: Life Orb
|faint|p1a: Landorus
|
|
|switch|p1a: Tyranitar|Tyranitar, F|404\/404
|-damage|p1a: Tyranitar|354\/404|[from] Stealth Rock
|-weather|Sandstorm
|turn|9
|
|move|p2a: Latias|Healing Wish|p2a: Latias
|faint|p2a: Latias
|move|p1a: Tyranitar|Pursuit|p2: Latias|[notarget]
|-notarget
|
|-weather|Sandstorm|[upkeep]
|
|switch|p2a: Greninja|Greninja, F|216\/286 par
|-heal|p2a: Greninja|286\/286|[from] move: Healing Wish
|turn|10
|leave|azian
|
|move|p2a: Greninja|Scald|p1a: Tyranitar
|-start|p2a: Greninja|typechange|Water|[from] Protean
|-supereffective|p1a: Tyranitar
|-damage|p1a: Tyranitar|188\/404
|-damage|p2a: Greninja|258\/286|[from] item: Life Orb
|move|p1a: Tyranitar|Crunch|p2a: Greninja
|-damage|p2a: Greninja|69\/286
|
|-weather|Sandstorm|[upkeep]
|-damage|p2a: Greninja|52\/286|[from] sandstorm
|turn|11
|
|move|p2a: Greninja|Scald|p1a: Tyranitar
|-supereffective|p1a: Tyranitar
|-damage|p1a: Tyranitar|22\/404
|-status|p1a: Tyranitar|brn
|-damage|p2a: Greninja|24\/286|[from] item: Life Orb
|move|p1a: Tyranitar|Crunch|p2a: Greninja
|-damage|p2a: Greninja|0 fnt
|faint|p2a: Greninja
|
|-weather|Sandstorm|[upkeep]
|-damage|p1a: Tyranitar|0 fnt|[from] brn
|faint|p1a: Tyranitar
|
|switch|p1a: Excadrill|Excadrill, M|361\/361
|-damage|p1a: Excadrill|350\/361|[from] Stealth Rock
|switch|p2a: Bisharp|Bisharp, F|272\/272
|turn|12
|
|switch|p1a: Gothitelle|Gothitelle, F|281\/281
|-damage|p1a: Gothitelle|246\/281|[from] Stealth Rock
|switch|p2a: Landorus-Therian|Landorus-Therian, M|60\/382
|-ability|p2a: Landorus-Therian|Intimidate|[of] p1a: Gothitelle
|-unboost|p1a: Gothitelle|atk|1
|
|-weather|Sandstorm|[upkeep]
|-damage|p1a: Gothitelle|229\/281|[from] sandstorm
|turn|13
|
|move|p1a: Gothitelle|Hidden Power|p2a: Landorus-Therian
|-supereffective|p2a: Landorus-Therian
|-damage|p2a: Landorus-Therian|0 fnt
|faint|p2a: Landorus-Therian
|
|-weather|Sandstorm|[upkeep]
|-damage|p1a: Gothitelle|212\/281|[from] sandstorm
|
|switch|p2a: Bisharp|Bisharp, F|272\/272
|turn|14
|join|tedtsdgsdgsfg
|
|switch|p1a: Excadrill|Excadrill, M|350\/361
|-damage|p1a: Excadrill|339\/361|[from] Stealth Rock
|move|p2a: Bisharp|Knock Off|p1a: Excadrill
|-damage|p1a: Excadrill|0 fnt
|-enditem|p1a: Excadrill|Life Orb|[from] move: Knock Off|[of] p2a: Bisharp
|-damage|p2a: Bisharp|245\/272|[from] item: Life Orb
|faint|p1a: Excadrill
|
|-weather|Sandstorm|[upkeep]
|
|switch|p1a: Gyarados|Gyarados, M|343\/343
|-damage|p1a: Gyarados|258\/343|[from] Stealth Rock
|-ability|p1a: Gyarados|Intimidate|[of] p2a: Bisharp
|-unboost|p2a: Bisharp|atk|1
|-boost|p2a: Bisharp|atk|2|[from] ability: Defiant
|turn|15
|
|detailschange|p1a: Gyarados|Gyarados-Mega, M
|message|Gyarados has Mega Evolved into Mega Gyarados!
|-ability|p1a: Gyarados|Mold Breaker
|move|p1a: Gyarados|Dragon Dance|p1a: Gyarados
|-boost|p1a: Gyarados|atk|1
|-boost|p1a: Gyarados|spe|1
|move|p2a: Bisharp|Iron Head|p1a: Gyarados
|-resisted|p1a: Gyarados
|-damage|p1a: Gyarados|114\/343
|-damage|p2a: Bisharp|218\/272|[from] item: Life Orb
|
|-weather|Sandstorm|[upkeep]
|-damage|p1a: Gyarados|93\/343|[from] sandstorm
|turn|16
|
|move|p2a: Bisharp|Sucker Punch|p1a: Gyarados
|-resisted|p1a: Gyarados
|-damage|p1a: Gyarados|0 fnt
|-damage|p2a: Bisharp|191\/272|[from] item: Life Orb
|faint|p1a: Gyarados
|
|-weather|none
|
|switch|p1a: Gothitelle|Gothitelle, F|212\/281
|-damage|p1a: Gothitelle|177\/281|[from] Stealth Rock
|turn|17
|
|move|p1a: Gothitelle|Trick|p2a: Bisharp
|-activate|p1a: Gothitelle|move: Trick|[of] p2a: Bisharp
|-item|p2a: Bisharp|Choice Scarf|[from] move: Trick
|-item|p1a: Gothitelle|Life Orb|[from] move: Trick
|move|p2a: Bisharp|Knock Off|p1a: Gothitelle
|-supereffective|p1a: Gothitelle
|-damage|p1a: Gothitelle|0 fnt
|-enditem|p1a: Gothitelle|Life Orb|[from] move: Knock Off|[of] p2a: Bisharp
|faint|p1a: Gothitelle
|
|win|bigdickplayer
|raw|Ladder updating...
|raw|WalkItOut's rating: 1678 &rarr; <strong>1659<\/strong><br \/>(-19 for losing)
|raw|bigdickplayer's rating: 1697 &rarr; <strong>1716<\/strong><br \/>(+19 for winning)
|leave|WalkItOut
|player|p1