|join|bigdickplayer
|join|huthutman4
|player|p1|bigdickplayer|245
|player|p2|huthutman4|101
|gametype|singles
|gen|6
|tier|OU
|rated
|clearpoke
|poke|p1|Garchomp, M, shiny
|poke|p1|Absol, F
|poke|p1|Greninja, F
|poke|p1|Landorus-Therian, M
|poke|p1|Latias, F, shiny
|poke|p1|Bisharp, F
|poke|p2|Heatran, F
|poke|p2|Clefable, M
|poke|p2|Chansey, F
|poke|p2|Venusaur, M
|poke|p2|Slowbro, F
|poke|p2|Skarmory, F
|rule|Swagger Clause: Swagger is banned
|rule|Baton Pass Clause: Limit one Pokémon knowing Baton Pass
|rule|Sleep Clause Mod: Limit one foe put to sleep
|rule|Species Clause: Limit one of each Pokémon
|rule|OHKO Clause: OHKO moves are banned
|rule|Moody Clause: Moody is banned
|rule|Evasion Moves Clause: Evasion moves are banned
|rule|Endless Battle Clause: Forcing endless battles is banned
|rule|HP Percentage Mod: HP is shown in percentages
|teampreview
|
|start
|switch|p1a: Garchomp|Garchomp, M, shiny|357\/357
|switch|p2a: Skarmory|Skarmory, F|334\/334
|turn|1
|
|move|p1a: Garchomp|Stealth Rock|p2a: Skarmory
|-sidestart|p2: huthutman4|move: Stealth Rock
|move|p2a: Skarmory|Brave Bird|p1a: Garchomp
|-damage|p1a: Garchomp|233\/357
|-damage|p2a: Skarmory|293\/334|[from] ability: Rough Skin|[of] p1a: Garchomp
|-damage|p2a: Skarmory|252\/334|[from] recoil|[of] p1a: Garchomp
|
|-heal|p2a: Skarmory|272\/334|[from] item: Leftovers
|turn|2
|
|move|p1a: Garchomp|Fire Blast|p2a: Skarmory
|-supereffective|p2a: Skarmory
|-damage|p2a: Skarmory|74\/334
|move|p2a: Skarmory|Defog|p1a: Garchomp
|-unboost|p1a: Garchomp|evasion|1
|-sideend|p2: huthutman4|Stealth Rock|[from] move: Defog|[of] p2a: Skarmory
|
|-heal|p2a: Skarmory|94\/334|[from] item: Leftovers
|turn|3
|
|move|p1a: Garchomp|Fire Blast|p2a: Skarmory
|-supereffective|p2a: Skarmory
|-damage|p2a: Skarmory|0 fnt
|faint|p2a: Skarmory
|
|
|switch|p2a: Clefable|Clefable, M|394\/394
|turn|4
|
|move|p1a: Garchomp|Stealth Rock|p2a: Clefable
|-sidestart|p2: huthutman4|move: Stealth Rock
|move|p2a: Clefable|Moonblast|p1a: Garchomp
|-supereffective|p1a: Garchomp
|-damage|p1a: Garchomp|0 fnt
|faint|p1a: Garchomp
|
|
|switch|p1a: Bisharp|Bisharp, F|272\/272
|turn|5
|
|switch|p2a: Heatran|Heatran, F|386\/386
|-damage|p2a: Heatran|338\/386|[from] Stealth Rock
|move|p1a: Bisharp|Knock Off|p2a: Heatran
|-damage|p2a: Heatran|96\/386
|-enditem|p2a: Heatran|Leftovers|[from] move: Knock Off|[of] p1a: Bisharp
|-damage|p1a: Bisharp|245\/272|[from] item: Life Orb
|
|turn|6
|
|move|p1a: Bisharp|Knock Off|p2a: Heatran
|-damage|p2a: Heatran|0 fnt
|-damage|p1a: Bisharp|218\/272|[from] item: Life Orb
|faint|p2a: Heatran
|
|
|switch|p2a: Venusaur|Venusaur, M|364\/364
|-damage|p2a: Venusaur|319\/364|[from] Stealth Rock
|turn|7
|
|switch|p1a: Greninja|Greninja, F|286\/286
|detailschange|p2a: Venusaur|Venusaur-Mega, M
|message|Venusaur has Mega Evolved into Mega Venusaur!
|move|p2a: Venusaur|Hidden Power|p1a: Greninja
|-resisted|p1a: Greninja
|-damage|p1a: Greninja|236\/286
|
|turn|8
|
|move|p1a: Greninja|Extrasensory|p2a: Venusaur
|-start|p1a: Greninja|typechange|Psychic|[from] Protean
|-supereffective|p2a: Venusaur
|-damage|p2a: Venusaur|51\/364
|-damage|p1a: Greninja|208\/286|[from] item: Life Orb
|move|p2a: Venusaur|Sludge Bomb|p1a: Greninja
|-damage|p1a: Greninja|0 fnt
|faint|p1a: Greninja
|
|
|switch|p1a: Bisharp|Bisharp, F|218\/272
|turn|9
|
|move|p1a: Bisharp|Knock Off|p2a: Venusaur
|-damage|p2a: Venusaur|0 fnt
|-damage|p1a: Bisharp|191\/272|[from] item: Life Orb
|faint|p2a: Venusaur
|
|
|switch|p2a: Clefable|Clefable, M|394\/394
|-damage|p2a: Clefable|345\/394|[from] Stealth Rock
|turn|10
|
|move|p1a: Bisharp|Iron Head|p2a: Clefable
|-crit|p2a: Clefable
|-supereffective|p2a: Clefable
|-damage|p2a: Clefable|0 fnt
|-damage|p1a: Bisharp|164\/272|[from] item: Life Orb
|faint|p2a: Clefable
|
|-message|huthutman4 forfeited.
|
|win|bigdickplayer
|raw|Ladder updating...
|leave|huthutman4
|player|p2
|raw|bigdickplayer's rating: 1708 &rarr; <strong>1724<\/strong><br \/>(+16 for winning)
|raw|huthutman4's rating: 1631 &rarr; <strong>1615<\/strong><br \/>(-16 for losing)