|join|bigdickplayer
|join|Fairy Peak
|player|p1|bigdickplayer|102
|player|p2|Fairy Peak|262
|gametype|singles
|gen|6
|tier|OU
|rated
|clearpoke
|poke|p1|Diggersby, M, shiny
|poke|p1|Raikou, shiny
|poke|p1|Azelf, shiny
|poke|p1|Bisharp, M
|poke|p1|Slowbro, M, shiny
|poke|p1|Landorus, M
|poke|p2|Starmie
|poke|p2|Terrakion
|poke|p2|Clefable, M
|poke|p2|Gliscor, F
|poke|p2|Manectric, F
|poke|p2|Volcarona, M
|rule|Swagger Clause: Swagger is banned
|rule|Baton Pass Clause: Limit one Pokémon knowing Baton Pass
|rule|Sleep Clause Mod: Limit one foe put to sleep
|rule|Species Clause: Limit one of each Pokémon
|rule|OHKO Clause: OHKO moves are banned
|rule|Moody Clause: Moody is banned
|rule|Evasion Moves Clause: Evasion moves are banned
|rule|Endless Battle Clause: Forcing endless battles is banned
|rule|HP Percentage Mod: HP is shown in percentages
|teampreview
|c|★Fairy Peak|Gl, hf, and good name.
|c|★Fairy Peak|:)
|c|★bigdickplayer|haha u2
|
|start
|switch|p1a: Azelf|Azelf, shiny|291\/291
|switch|p2a: A Cupcake|Terrakion|323\/323
|turn|1
|
|move|p2a: A Cupcake|X-Scissor|p1a: Azelf
|-supereffective|p1a: Azelf
|-enditem|p1a: Azelf|Focus Sash
|-damage|p1a: Azelf|1\/291
|move|p1a: Azelf|Taunt|p2a: A Cupcake
|-start|p2a: A Cupcake|move: Taunt
|
|turn|2
|
|switch|p1a: Diggersby|Diggersby, M, shiny|311\/311
|move|p2a: A Cupcake|X-Scissor|p1a: Diggersby
|-damage|p1a: Diggersby|183\/311
|
|turn|3
|
|switch|p2a: In The Sky|Starmie|324\/324
|move|p1a: Diggersby|Return|p2a: In The Sky
|-damage|p2a: In The Sky|93\/324
|-damage|p1a: Diggersby|152\/311|[from] item: Life Orb
|
|-heal|p2a: In The Sky|113\/324|[from] item: Leftovers
|turn|4
|
|switch|p1a: Bisharp|Bisharp, M|272\/272
|move|p2a: In The Sky|Scald|p1a: Bisharp
|-damage|p1a: Bisharp|155\/272
|
|-heal|p2a: In The Sky|133\/324|[from] item: Leftovers
|turn|5
|
|move|p2a: In The Sky|Scald|p1a: Bisharp
|-damage|p1a: Bisharp|40\/272
|move|p1a: Bisharp|Pursuit|p2a: In The Sky
|-supereffective|p2a: In The Sky
|-damage|p2a: In The Sky|0 fnt
|faint|p2a: In The Sky
|
|
|switch|p2a: A Cupcake|Terrakion|323\/323
|turn|6
|
|switch|p1a: Slowbro|Slowbro, M, shiny|394\/394
|move|p2a: A Cupcake|Close Combat|p1a: Slowbro
|-resisted|p1a: Slowbro
|-damage|p1a: Slowbro|302\/394
|-unboost|p2a: A Cupcake|def|1
|-unboost|p2a: A Cupcake|spd|1
|
|turn|7
|
|switch|p2a: Enjoy Life|Clefable, M|394\/394
|switch|p1a: Azelf|Azelf, shiny|1\/291
|
|turn|8
|
|move|p1a: Azelf|Stealth Rock|p2a: Enjoy Life
|-sidestart|p2: Fairy Peak|move: Stealth Rock
|move|p2a: Enjoy Life|Stealth Rock|p1a: Azelf
|-sidestart|p1: bigdickplayer|move: Stealth Rock
|
|turn|9
|
|move|p1a: Azelf|Taunt|p2a: Enjoy Life
|-start|p2a: Enjoy Life|move: Taunt
|cant|p2a: Enjoy Life|move: Taunt|Soft-Boiled
|
|turn|10
|
|switch|p2a: A Cupcake|Terrakion|323\/323
|-damage|p2a: A Cupcake|303\/323|[from] Stealth Rock
|move|p1a: Azelf|Explosion|p2a: A Cupcake
|-resisted|p2a: A Cupcake
|-damage|p2a: A Cupcake|157\/323
|faint|p1a: Azelf
|
|
|switch|p1a: Slowbro|Slowbro, M, shiny|394\/394
|-damage|p1a: Slowbro|345\/394|[from] Stealth Rock
|turn|11
|
|switch|p2a: Never Forget...|Manectric, F|281\/281
|-damage|p2a: Never Forget...|246\/281|[from] Stealth Rock
|detailschange|p1a: Slowbro|Slowbro-Mega, M, shiny
|-mega|p1a: Slowbro|Slowbro|Slowbronite
|move|p1a: Slowbro|Scald|p2a: Never Forget...
|-damage|p2a: Never Forget...|9\/281
|
|turn|12
|
|switch|p1a: Diggersby|Diggersby, M, shiny|152\/311
|-damage|p1a: Diggersby|133\/311|[from] Stealth Rock
|detailschange|p2a: Never Forget...|Manectric-Mega, F
|-mega|p2a: Never Forget...|Manectric|Manectite
|-ability|p2a: Never Forget...|Intimidate|[of] p1a: Diggersby
|-unboost|p1a: Diggersby|atk|1
|move|p2a: Never Forget...|Thunderbolt|p1a: Diggersby
|-immune|p1a: Diggersby|[msg]
|
|turn|13
|
|move|p1a: Diggersby|Quick Attack|p2a: Never Forget...
|-damage|p2a: Never Forget...|0 fnt
|-damage|p1a: Diggersby|102\/311|[from] item: Life Orb
|faint|p2a: Never Forget...
|
|
|switch|p2a: A Cupcake|Terrakion|157\/323
|-damage|p2a: A Cupcake|137\/323|[from] Stealth Rock
|turn|14
|
|switch|p1a: Landorus|Landorus, M|319\/319
|-damage|p1a: Landorus|280\/319|[from] Stealth Rock
|move|p2a: A Cupcake|X-Scissor|p1a: Landorus
|-resisted|p1a: Landorus
|-damage|p1a: Landorus|229\/319
|
|turn|15
|
|switch|p2a: Have A Nice Day|Gliscor, F|353\/353
|-damage|p2a: Have A Nice Day|309\/353|[from] Stealth Rock
|move|p1a: Landorus|Psychic|p2a: Have A Nice Day
|-damage|p2a: Have A Nice Day|152\/353
|
|-status|p2a: Have A Nice Day|tox|[from] item: Toxic Orb
|turn|16
|
|move|p1a: Landorus|Psychic|p2a: Have A Nice Day
|-crit|p2a: Have A Nice Day
|-damage|p2a: Have A Nice Day|0 fnt
|faint|p2a: Have A Nice Day
|
|
|switch|p2a: Enjoy Life|Clefable, M|394\/394
|turn|17
|
|move|p1a: Landorus|Earth Power|p2a: Enjoy Life
|-damage|p2a: Enjoy Life|170\/394
|move|p2a: Enjoy Life|Moonblast|p1a: Landorus
|-damage|p1a: Landorus|105\/319
|
|-heal|p2a: Enjoy Life|194\/394|[from] item: Leftovers
|turn|18
|
|move|p1a: Landorus|Earth Power|p2a: Enjoy Life
|-damage|p2a: Enjoy Life|0 fnt
|faint|p2a: Enjoy Life
|
|
|switch|p2a: A Cupcake|Terrakion|137\/323
|-damage|p2a: A Cupcake|117\/323|[from] Stealth Rock
|turn|19
|
|move|p2a: A Cupcake|Close Combat|p1a: Landorus
|-crit|p1a: Landorus
|-resisted|p1a: Landorus
|-damage|p1a: Landorus|0 fnt
|-unboost|p2a: A Cupcake|def|1
|-unboost|p2a: A Cupcake|spd|1
|faint|p1a: Landorus
|
|
|switch|p1a: Slowbro|Slowbro-Mega, M, shiny|345\/394
|-damage|p1a: Slowbro|296\/394|[from] Stealth Rock
|turn|20
|
|move|p2a: A Cupcake|Close Combat|p1a: Slowbro
|-resisted|p1a: Slowbro
|-damage|p1a: Slowbro|230\/394
|-unboost|p2a: A Cupcake|def|1
|-unboost|p2a: A Cupcake|spd|1
|move|p1a: Slowbro|Scald|p2a: A Cupcake
|-crit|p2a: A Cupcake
|-supereffective|p2a: A Cupcake
|-damage|p2a: A Cupcake|0 fnt
|faint|p2a: A Cupcake
|
|
|switch|p2a: HELL YEAH|Volcarona, M|335\/335
|-damage|p2a: HELL YEAH|168\/335|[from] Stealth Rock
|turn|21
|
|move|p2a: HELL YEAH|Quiver Dance|p2a: HELL YEAH
|-boost|p2a: HELL YEAH|spa|1
|-boost|p2a: HELL YEAH|spd|1
|-boost|p2a: HELL YEAH|spe|1
|move|p1a: Slowbro|Scald|p2a: HELL YEAH
|-supereffective|p2a: HELL YEAH
|-damage|p2a: HELL YEAH|0 fnt
|faint|p2a: HELL YEAH
|
|win|bigdickplayer
|raw|Ladder updating...
|raw|bigdickplayer's rating: 1615 &rarr; <strong>1636<\/strong><br \/>(+21 for winning)
|raw|Fairy Peak's rating: 1622 &rarr; <strong>1602<\/strong><br \/>(-20 for losing)
|c|★bigdickplayer|gg
|c|★Fairy Peak|Gg