|join|Bobito Garcia
|join|skyer3000
|player|p1|Bobito Garcia|214
|player|p2|skyer3000|102
|gametype|singles
|gen|6
|tier|UU
|rated
|rule|Sleep Clause Mod: Limit one foe put to sleep
|rule|Species Clause: Limit one of each Pokémon
|rule|OHKO Clause: OHKO moves are banned
|rule|Moody Clause: Moody is banned
|rule|Evasion Moves Clause: Evasion moves are banned
|rule|Endless Battle Clause: Forcing endless battles is banned
|rule|HP Percentage Mod: HP is shown in percentages
|clearpoke
|poke|p1|Darmanitan, F
|poke|p1|Snorlax, F
|poke|p1|Raikou
|poke|p1|Forretress, F
|poke|p1|Beedrill, M
|poke|p1|Mienshao, M
|poke|p2|Audino, M, shiny
|poke|p2|Granbull, M, shiny
|poke|p2|Wigglytuff, F
|poke|p2|Aromatisse, M
|poke|p2|Vaporeon, M
|poke|p2|Cacturne, F
|rule|Swagger Clause: Swagger is banned
|rule|Baton Pass Clause: Limit one Pokémon knowing Baton Pass
|teampreview
|
|start
|switch|p1a: Raikou|Raikou|322\/322
|switch|p2a: Wigglytuff|Wigglytuff, F|421\/421
|-ability|p1a: Raikou|Pressure
|turn|1
|
|move|p1a: Raikou|Volt Switch|p2a: Wigglytuff
|-damage|p2a: Wigglytuff|180\/421
|
|switch|p1a: Forretress|Forretress, F|354\/354
|move|p2a: Wigglytuff|Fire Blast|p1a: Forretress|[miss]
|-miss|p2a: Wigglytuff|p1a: Forretress
|
|turn|2
|
|move|p2a: Wigglytuff|Thunder Wave|p1a: Forretress
|-status|p1a: Forretress|par
|move|p1a: Forretress|Stealth Rock|p2a: Wigglytuff
|-sidestart|p2: skyer3000|move: Stealth Rock
|
|turn|3
|
|move|p2a: Wigglytuff|Fire Blast|p1a: Forretress
|-supereffective|p1a: Forretress
|-activate|p1a: Forretress|Sturdy
|-damage|p1a: Forretress|1\/354 par
|cant|p1a: Forretress|par
|
|-heal|p1a: Forretress|23\/354 par|[from] item: Leftovers
|turn|4
|
|switch|p1a: Snorlax|Snorlax, F|504\/504
|move|p2a: Wigglytuff|Psychic|p1a: Snorlax
|-damage|p1a: Snorlax|446\/504
|
|-heal|p1a: Snorlax|477\/504|[from] item: Leftovers
|turn|5
|
|switch|p2a: Granbull|Granbull, M, shiny|384\/384
|-damage|p2a: Granbull|336\/384|[from] Stealth Rock
|-ability|p2a: Granbull|Intimidate|[of] p1a: Snorlax
|-unboost|p1a: Snorlax|atk|1
|move|p1a: Snorlax|Curse|p1a: Snorlax
|-boost|p1a: Snorlax|atk|1
|-boost|p1a: Snorlax|def|1
|-unboost|p1a: Snorlax|spe|1
|
|-heal|p1a: Snorlax|504\/504|[from] item: Leftovers
|turn|6
|
|move|p2a: Granbull|Superpower|p1a: Snorlax
|-supereffective|p1a: Snorlax
|-damage|p1a: Snorlax|215\/504
|-unboost|p2a: Granbull|atk|1
|-unboost|p2a: Granbull|def|1
|-damage|p2a: Granbull|298\/384|[from] item: Life Orb
|move|p1a: Snorlax|Frustration|p2a: Granbull
|-damage|p2a: Granbull|40\/384
|
|-heal|p1a: Snorlax|246\/504|[from] item: Leftovers
|turn|7
|
|move|p2a: Granbull|Superpower|p1a: Snorlax
|-supereffective|p1a: Snorlax
|-damage|p1a: Snorlax|43\/504
|-unboost|p2a: Granbull|atk|1
|-unboost|p2a: Granbull|def|1
|-damage|p2a: Granbull|2\/384|[from] item: Life Orb
|move|p1a: Snorlax|Curse|p1a: Snorlax
|-boost|p1a: Snorlax|atk|1
|-boost|p1a: Snorlax|def|1
|-unboost|p1a: Snorlax|spe|1
|
|-heal|p1a: Snorlax|74\/504|[from] item: Leftovers
|turn|8
|
|switch|p1a: Forretress|Forretress, F|23\/354 par
|move|p2a: Granbull|Superpower|p1a: Forretress
|-damage|p1a: Forretress|0 fnt
|-unboost|p2a: Granbull|atk|1
|-unboost|p2a: Granbull|def|1
|-damage|p2a: Granbull|0 fnt|[from] item: Life Orb
|faint|p1a: Forretress
|faint|p2a: Granbull
|
|
|switch|p1a: Raikou|Raikou|322\/322
|switch|p2a: Cacturne|Cacturne, F|344\/344
|-ability|p1a: Raikou|Pressure
|-damage|p2a: Cacturne|301\/344|[from] Stealth Rock
|turn|9
|
|move|p1a: Raikou|Volt Switch|p2a: Cacturne
|-resisted|p2a: Cacturne
|-damage|p2a: Cacturne|166\/344
|
|switch|p1a: Snorlax|Snorlax, F|74\/504
|move|p2a: Cacturne|Swords Dance|p2a: Cacturne
|-boost|p2a: Cacturne|atk|2
|
|-heal|p1a: Snorlax|105\/504|[from] item: Leftovers
|turn|10
|
|move|p2a: Cacturne|Drain Punch|p1a: Snorlax
|-supereffective|p1a: Snorlax
|-damage|p1a: Snorlax|0 fnt
|-heal|p2a: Cacturne|219\/344|[from] drain|[of] p1a: Snorlax
|faint|p1a: Snorlax
|
|
|switch|p1a: Mienshao|Mienshao, M|271\/271
|turn|11
|
|move|p2a: Cacturne|Sucker Punch|p1a: Mienshao
|-resisted|p1a: Mienshao
|-damage|p1a: Mienshao|0 fnt
|faint|p1a: Mienshao
|
|
|switch|p1a: Raikou|Raikou|322\/322
|-ability|p1a: Raikou|Pressure
|turn|12
|
|move|p2a: Cacturne|Sucker Punch|p1a: Raikou
|-damage|p1a: Raikou|0 fnt
|faint|p1a: Raikou
|
|
|switch|p1a: Beedrill|Beedrill, M|272\/272
|turn|13
|
|detailschange|p1a: Beedrill|Beedrill-Mega, M
|message|Beedrill has Mega Evolved into Mega Beedrill!
|move|p2a: Cacturne|Sucker Punch|p1a: Beedrill
|-fail|p1a: Beedrill
|move|p1a: Beedrill|Swords Dance|p1a: Beedrill
|-boost|p1a: Beedrill|atk|2
|
|turn|14
|
|move|p2a: Cacturne|Sucker Punch|p1a: Beedrill
|-fail|p1a: Beedrill
|move|p1a: Beedrill|Swords Dance|p1a: Beedrill
|-boost|p1a: Beedrill|atk|2
|
|turn|15
|
|move|p2a: Cacturne|Sucker Punch|p1a: Beedrill
|-damage|p1a: Beedrill|0 fnt
|faint|p1a: Beedrill
|
|
|switch|p1a: Darmanitan|Darmanitan, F|351\/351
|turn|16
|
|move|p2a: Cacturne|Sucker Punch|p1a: Darmanitan
|-damage|p1a: Darmanitan|0 fnt
|faint|p1a: Darmanitan
|
|win|skyer3000
|raw|Ladder updating...
|leave|Bobito Garcia
|player|p1
|raw|Bobito Garcia's rating: 1270 &rarr; <strong>1242<\/strong><br \/>(-28 for losing)
|raw|skyer3000's rating: 1221 &rarr; <strong>1249<\/strong><br \/>(+28 for winning)