|join|Reverb
|join|Don't Use MeGa
|player|p1|Reverb|#reverbxmas
|player|p2|Don't Use MeGa|101
|gametype|singles
|gen|6
|tier|OU
|rated
|clearpoke
|poke|p1|Empoleon, M
|poke|p1|Tyranitar, M
|poke|p1|Charizard, F
|poke|p1|Keldeo
|poke|p1|Kyurem-Black
|poke|p1|Landorus-Therian, M
|poke|p2|Clefable, M
|poke|p2|Chansey, F
|poke|p2|Slowbro, M
|poke|p2|Zapdos
|poke|p2|Tyranitar, M
|poke|p2|Amoonguss, F
|rule|Swagger Clause: Swagger is banned
|rule|Baton Pass Clause: Limit one Pokémon knowing Baton Pass
|rule|Sleep Clause Mod: Limit one foe put to sleep
|rule|Species Clause: Limit one of each Pokémon
|rule|OHKO Clause: OHKO moves are banned
|rule|Moody Clause: Moody is banned
|rule|Evasion Moves Clause: Evasion moves are banned
|rule|Endless Battle Clause: Forcing endless battles is banned
|rule|HP Percentage Mod: HP is shown in percentages
|teampreview
|join|Jefo
|join|Disorient
|join|Escavalier
|
|start
|switch|p1a: Charizard|Charizard, F|297\/297
|switch|p2a: Zapdos|Zapdos|384\/384
|-ability|p2a: Zapdos|Pressure
|turn|1
|join|I Iike Squirtles
|join|Alvadora
|join|Squirrelll
|
|switch|p2a: Chansey|Chansey, F|670\/670
|detailschange|p1a: Charizard|Charizard-Mega-Y, F
|-mega|p1a: Charizard|Charizard|Charizardite Y
|-weather|SunnyDay
|move|p1a: Charizard|Flamethrower|p2a: Chansey
|-damage|p2a: Chansey|505\/670
|
|-weather|SunnyDay|[upkeep]
|turn|2
|join|Bloodz
|
|switch|p1a: Tyranitar|Tyranitar, M|383\/383
|-weather|Sandstorm
|move|p2a: Chansey|Stealth Rock|p1a: Tyranitar
|-sidestart|p1: Reverb|move: Stealth Rock
|
|-weather|Sandstorm|[upkeep]
|-damage|p2a: Chansey|464\/670|[from] sandstorm
|turn|3
|
|move|p1a: Tyranitar|Stone Edge|p2a: Chansey
|-crit|p2a: Chansey
|-damage|p2a: Chansey|0 fnt
|faint|p2a: Chansey
|
|-weather|Sandstorm|[upkeep]
|c|★Don't Use MeGa|...
|
|switch|p2a: Amoonguss|Amoonguss, F|430\/430
|turn|4
|join|Win Conditioner
|
|switch|p1a: Landorus-Therian|Landorus-Therian, M|327\/327
|-damage|p1a: Landorus-Therian|287\/327|[from] Stealth Rock
|-ability|p1a: Landorus-Therian|Intimidate|[of] p2a: Amoonguss
|-unboost|p2a: Amoonguss|atk|1
|move|p2a: Amoonguss|Spore|p1a: Landorus-Therian
|-status|p1a: Landorus-Therian|slp
|
|-weather|Sandstorm|[upkeep]
|-damage|p2a: Amoonguss|404\/430|[from] sandstorm
|-heal|p2a: Amoonguss|430\/430|[from] item: Black Sludge
|turn|5
|join|Gizmo
|join|Draeden
|join|Jelincomi
|join|Arcanine is Regal
|
|switch|p1a: Empoleon|Empoleon, M|372\/372
|-damage|p1a: Empoleon|349\/372|[from] Stealth Rock
|switch|p2a: Zapdos|Zapdos|384\/384
|-ability|p2a: Zapdos|Pressure
|
|-weather|Sandstorm|[upkeep]
|-damage|p2a: Zapdos|360\/384|[from] sandstorm
|-heal|p2a: Zapdos|384\/384|[from] item: Leftovers
|-heal|p1a: Empoleon|372\/372|[from] item: Leftovers
|turn|6
|join|Vipers
|
|move|p2a: Zapdos|Volt Switch|p1a: Empoleon
|-supereffective|p1a: Empoleon
|-damage|p1a: Empoleon|180\/372
|
|switch|p2a: Clefable|Clefable, M|392\/392
|move|p1a: Empoleon|Defog|p2a: Clefable
|-unboost|p2a: Clefable|evasion|1
|-sideend|p1: Reverb|Stealth Rock|[from] move: Defog|[of] p1a: Empoleon
|
|-weather|none
|-heal|p1a: Empoleon|203\/372|[from] item: Leftovers
|turn|7
|
|move|p2a: Clefable|Knock Off|p1a: Empoleon
|-damage|p1a: Empoleon|158\/372
|-enditem|p1a: Empoleon|Leftovers|[from] move: Knock Off|[of] p2a: Clefable
|move|p1a: Empoleon|Stealth Rock|p2a: Clefable
|-sidestart|p2: Don't Use MeGa|move: Stealth Rock
|
|turn|8
|join|ben gay
|
|switch|p1a: Tyranitar|Tyranitar, M|383\/383
|-weather|Sandstorm
|move|p2a: Clefable|Calm Mind|p2a: Clefable
|-boost|p2a: Clefable|spa|1
|-boost|p2a: Clefable|spd|1
|
|-weather|Sandstorm|[upkeep]
|turn|9
|
|move|p1a: Tyranitar|Stone Edge|p2a: Clefable
|-damage|p2a: Clefable|134\/392
|move|p2a: Clefable|Moonblast|p1a: Tyranitar
|-supereffective|p1a: Tyranitar
|-damage|p1a: Tyranitar|183\/383
|-unboost|p1a: Tyranitar|spa|1
|
|-weather|Sandstorm|[upkeep]
|turn|10
|join|Yuttt.ttttt
|
|move|p1a: Tyranitar|Stone Edge|p2a: Clefable
|-damage|p2a: Clefable|0 fnt
|faint|p2a: Clefable
|
|-weather|Sandstorm|[upkeep]
|join|Albyness
|
|switch|p2a: Slowbro|Slowbro, M|392\/392
|-damage|p2a: Slowbro|343\/392|[from] Stealth Rock
|turn|11
|c| Yuttt.ttttt|dat avatar reverb >_>
|c|★Reverb|ty
|
|switch|p1a: Empoleon|Empoleon, M|158\/372
|move|p2a: Slowbro|Scald|p1a: Empoleon
|-resisted|p1a: Empoleon
|-damage|p1a: Empoleon|112\/372
|
|-weather|Sandstorm|[upkeep]
|-damage|p2a: Slowbro|319\/392|[from] sandstorm
|turn|12
|c|★Reverb|it'll be the based ou f-
|c|★Reverb|avi
|c|★Reverb|once haunter gets it approved
|join|ben not gay
|c|★Reverb|minus the santa hat
|c| Alvadora|trading off 1900 for that avi
|c| Alvadora|lol
|
|move|p1a: Empoleon|Scald|p2a: Slowbro
|-resisted|p2a: Slowbro
|-damage|p2a: Slowbro|232\/392
|move|p2a: Slowbro|Scald|p1a: Empoleon
|-resisted|p1a: Empoleon
|-damage|p1a: Empoleon|71\/372
|
|-weather|none
|turn|13
|c| Albyness|All of bof?
|c|★Reverb|ye
|c| Escavalier|no
|c| Escavalier|all of bof except bellicose
|
|switch|p2a: Zapdos|Zapdos|384\/384
|-damage|p2a: Zapdos|288\/384|[from] Stealth Rock
|-ability|p2a: Zapdos|Pressure
|move|p1a: Empoleon|Roar|p2a: Zapdos
|drag|p2a: Slowbro|Slowbro, M|362\/392
|-damage|p2a: Slowbro|313\/392|[from] Stealth Rock
|
|turn|14
|c| Escavalier|and tele
|c| Alvadora|lol
|c| Albyness|Omai
|c| Alvadora|is tele still in the room
|c|★Reverb|what do ppl have against bellicose?
|
|switch|p2a: Zapdos|Zapdos|288\/384
|-damage|p2a: Zapdos|192\/384|[from] Stealth Rock
|-ability|p2a: Zapdos|Pressure
|move|p1a: Empoleon|Scald|p2a: Zapdos
|-damage|p2a: Zapdos|17\/384
|
|-heal|p2a: Zapdos|41\/384|[from] item: Leftovers
|turn|15
|c| Bloodz|like seriously check what Yutt said
|c| Escavalier|he\/she just comes off as a dick
|
|move|p2a: Zapdos|Roost|p2a: Zapdos
|-heal|p2a: Zapdos|233\/384
|move|p1a: Empoleon|Scald|p2a: Zapdos
|-damage|p2a: Zapdos|74\/384
|-status|p2a: Zapdos|brn
|
|-heal|p2a: Zapdos|98\/384 brn|[from] item: Leftovers
|-damage|p2a: Zapdos|50\/384 brn|[from] brn
|turn|16
|leave|ben gay
|
|move|p2a: Zapdos|Defog|p1a: Empoleon
|-unboost|p1a: Empoleon|evasion|1
|-sideend|p2: Don't Use MeGa|Stealth Rock|[from] move: Defog|[of] p2a: Zapdos
|move|p1a: Empoleon|Scald|p2a: Zapdos
|-damage|p2a: Zapdos|0 fnt
|faint|p2a: Zapdos
|
|
|switch|p2a: Tyranitar|Tyranitar, M|342\/342
|-weather|Sandstorm
|turn|17
|join|enzonana
|
|move|p2a: Tyranitar|Crunch|p1a: Empoleon
|-damage|p1a: Empoleon|0 fnt
|faint|p1a: Empoleon
|
|-weather|Sandstorm|[upkeep]
|
|switch|p1a: Charizard|Charizard-Mega-Y, F|297\/297
|-weather|SunnyDay
|turn|18
|join|CSS)bleachzxzx
|
|switch|p2a: Amoonguss|Amoonguss, F|430\/430
|move|p1a: Charizard|Solar Beam|p2a: Amoonguss|[still]
|-prepare|p1a: Charizard|Solar Beam|p2a: Amoonguss
|-anim|p1a: Charizard|Solar Beam|p2a: Amoonguss
|-resisted|p2a: Amoonguss
|-damage|p2a: Amoonguss|372\/430
|
|-weather|SunnyDay|[upkeep]
|-heal|p2a: Amoonguss|398\/430|[from] item: Black Sludge
|turn|19
|c| Yuttt.ttttt|predonktions
|
|move|p1a: Charizard|Earthquake|p2a: Amoonguss
|-damage|p2a: Amoonguss|321\/430
|move|p2a: Amoonguss|Foul Play|p1a: Charizard
|-damage|p1a: Charizard|186\/297
|
|-weather|SunnyDay|[upkeep]
|-heal|p2a: Amoonguss|347\/430|[from] item: Black Sludge
|turn|20
|join|Biz
|
|switch|p2a: Tyranitar|Tyranitar, M|342\/342
|-weather|Sandstorm
|move|p1a: Charizard|Roost|p1a: Charizard
|-heal|p1a: Charizard|297\/297
|
|-weather|Sandstorm|[upkeep]
|-damage|p1a: Charizard|279\/297|[from] sandstorm
|turn|21
|
|move|p2a: Tyranitar|Pursuit|p1a: Charizard|[from]Pursuit
|-damage|p1a: Charizard|93\/297
|switch|p1a: Landorus-Therian|Landorus-Therian, M|287\/327 slp
|-ability|p1a: Landorus-Therian|Intimidate|[of] p2a: Tyranitar
|-unboost|p2a: Tyranitar|atk|1
|
|-weather|Sandstorm|[upkeep]
|turn|22
|
|switch|p1a: Tyranitar|Tyranitar, M|183\/383
|switch|p2a: Amoonguss|Amoonguss, F|430\/430
|
|-weather|Sandstorm|[upkeep]
|-damage|p2a: Amoonguss|404\/430|[from] sandstorm
|-heal|p2a: Amoonguss|430\/430|[from] item: Black Sludge
|turn|23
|
|move|p1a: Tyranitar|Crunch|p2a: Amoonguss
|-damage|p2a: Amoonguss|225\/430
|move|p2a: Amoonguss|Giga Drain|p1a: Tyranitar
|-supereffective|p1a: Tyranitar
|-damage|p1a: Tyranitar|75\/383
|-heal|p2a: Amoonguss|279\/430|[from] drain|[of] p1a: Tyranitar
|
|-weather|Sandstorm|[upkeep]
|-damage|p2a: Amoonguss|253\/430|[from] sandstorm
|-heal|p2a: Amoonguss|279\/430|[from] item: Black Sludge
|turn|24
|c| Yuttt.ttttt|eh i wouldn't use that avatar
|
|switch|p1a: Kyurem-Black|Kyurem-Black|391\/391
|-ability|p1a: Kyurem-Black|Teravolt
|move|p2a: Amoonguss|Foul Play|p1a: Kyurem-Black
|-damage|p1a: Kyurem-Black|247\/391
|
|-weather|none
|-heal|p2a: Amoonguss|305\/430|[from] item: Black Sludge
|turn|25
|c| Yuttt.ttttt|i have reasons for mine
|c| Gizmo|yuttttttttt
|c| Disorient|I would
|c| Gizmo|i bet if it had a mantine in it
|c| Gizmo|you'd use it
|
|switch|p2a: Slowbro|Slowbro, M|392\/392
|move|p1a: Kyurem-Black|Outrage|p2a: Slowbro
|-damage|p2a: Slowbro|218\/392
|
|turn|26
|c| Gizmo|amirite
|c| Gizmo|bring back mantine
|c| Yuttt.ttttt|n
|c| Gizmo|!
|
|move|p1a: Kyurem-Black|Outrage|p2a: Slowbro
|-damage|p2a: Slowbro|53\/392
|move|p2a: Slowbro|Slack Off|p2a: Slowbro
|-heal|p2a: Slowbro|249\/392
|
|turn|27
|c| Yuttt.ttttt|has to have red hair
|c| Disorient|The hat isn't red enough though imo
|c| Gizmo|keld has
|
|move|p1a: Kyurem-Black|Outrage|p2a: Slowbro
|-damage|p2a: Slowbro|71\/392
|move|p2a: Slowbro|Slack Off|p2a: Slowbro
|-heal|p2a: Slowbro|267\/392
|
|-end|p1a: Kyurem-Black|rampage
|-start|p1a: Kyurem-Black|confusion
|turn|28
|c| Gizmo|red hair
|join|DTdt=-K(T-A)
|c| Yuttt.ttttt|haha
|
|switch|p1a: Landorus-Therian|Landorus-Therian, M|287\/327 slp
|-ability|p1a: Landorus-Therian|Intimidate|[of] p2a: Slowbro
|-unboost|p2a: Slowbro|atk|1
|move|p2a: Slowbro|Trick|p1a: Landorus-Therian
|-activate|p2a: Slowbro|move: Trick|[of] p1a: Landorus-Therian
|-item|p1a: Landorus-Therian|Lagging Tail|[from] move: Trick
|-item|p2a: Slowbro|Choice Scarf|[from] move: Trick
|
|turn|29
|c| Yuttt.ttttt|wot
|c| Yuttt.ttttt|even
|c| Gizmo|LOOOOOOOOOOOOOOOOOOOL
|c| Jefo|-----------
|c| Alvadora|loooooooooool
|c| DTdt=-K(T-A)|LOL
|c|★Reverb|so
|c|★Reverb|ttar is mega?
|c| ben not gay|innovation :o
|c|★Reverb|im confused
|c| Alvadora|his name
|c| DTdt=-K(T-A)|Mega amoongus
|c| Squirrelll|put that on a metagross set
|c| Alvadora|says no mega
|c| Jefo|read his name :xç
|c|★Reverb|oh
|c| Squirrelll|and maybe youll accomplish something
|c|★Reverb|lol
|c| Escavalier|m3ga pursuit tar
|c| Squirrelll|iron ball trick meta was pretty good in dpp lol
|
|switch|p1a: Keldeo|Keldeo|323\/323
|move|p2a: Slowbro|Trick|p1a: Keldeo
|-activate|p2a: Slowbro|move: Trick|[of] p1a: Keldeo
|-item|p1a: Keldeo|Choice Scarf|[from] move: Trick
|-item|p2a: Slowbro|Choice Specs|[from] move: Trick
|
|turn|30
|c| Yuttt.ttttt|oh lordy lord
|leave|Biz
|c| DTdt=-K(T-A)|Loooool!
|c| Escavalier|this specs gonna hurt
|c| Alvadora|iron ball trick SR meta
|c| Alvadora|n_n
|
|move|p1a: Keldeo|Scald|p2a: Slowbro
|-resisted|p2a: Slowbro
|-damage|p2a: Slowbro|179\/392
|move|p2a: Slowbro|Psyshock|p1a: Keldeo
|-supereffective|p1a: Keldeo
|-damage|p1a: Keldeo|0 fnt
|faint|p1a: Keldeo
|
|c| Squirrelll|lol
|leave|Arcanine is Regal
|c| Jefo|:000
|c| Alvadora|thats some dmg
|c| Alvadora|but now he's pursuit bait
|
|switch|p1a: Tyranitar|Tyranitar, M|75\/383
|-weather|Sandstorm
|turn|31
|join|Arcanine is Regal
|c| DTdt=-K(T-A)|He will bulk pursuit if he doesn't switch
|c| DTdt=-K(T-A)|so 50\/50
|join|QuartzQuadrantTest
|c| Yuttt.ttttt|uh
|c| Yuttt.ttttt|hes specs
|c| Jefo|hes locked
|
|move|p1a: Tyranitar|Pursuit|p2a: Slowbro
|-supereffective|p2a: Slowbro
|-damage|p2a: Slowbro|5\/392
|move|p2a: Slowbro|Psyshock|p1a: Tyranitar
|-immune|p1a: Tyranitar|[msg]
|
|-weather|Sandstorm|[upkeep]
|-damage|p2a: Slowbro|0 fnt|[from] sandstorm
|faint|p2a: Slowbro
|c| Yuttt.ttttt|no 5050
|c| Jefo|on psy
|c| Alvadora|but he has only psyshock
|c| DTdt=-K(T-A)|Ahh yeah haha
|c| DTdt=-K(T-A)|I'm retarded never mind me
|c| Yuttt.ttttt|LOL REVERB LOST THE 5050
|c| Yuttt.ttttt|GET REKT
|c|★Reverb|lel
|
|switch|p2a: Tyranitar|Tyranitar, M|342\/342
|turn|32
|c| ben not gay|dds
|c| ben not gay|ez
|c| ben not gay|win
|c| ben not gay|ez life
|c| Escavalier|now ur own ttar
|c| Escavalier|gets pursuited
|c| Escavalier|have fun
|
|move|p2a: Tyranitar|Pursuit|p1a: Tyranitar|[from]Pursuit
|-resisted|p1a: Tyranitar
|-damage|p1a: Tyranitar|6\/383
|switch|p1a: Landorus-Therian|Landorus-Therian, M|287\/327 slp
|-ability|p1a: Landorus-Therian|Intimidate|[of] p2a: Tyranitar
|-unboost|p2a: Tyranitar|atk|1
|
|-weather|Sandstorm|[upkeep]
|turn|33
|c|★Reverb|he doesnt have dd im p sure
|c|★Reverb|since he has pursuit
|c| Yuttt.ttttt|DD pursuit
|c| Yuttt.ttttt|best set
|
|switch|p2a: Amoonguss|Amoonguss, F|430\/430
|switch|p1a: Kyurem-Black|Kyurem-Black|247\/391
|-ability|p1a: Kyurem-Black|Teravolt
|
|-weather|Sandstorm|[upkeep]
|-damage|p1a: Kyurem-Black|223\/391|[from] sandstorm
|-damage|p2a: Amoonguss|404\/430|[from] sandstorm
|-heal|p2a: Amoonguss|430\/430|[from] item: Black Sludge
|turn|34
|
|move|p1a: Kyurem-Black|Outrage|p2a: Amoonguss
|-damage|p2a: Amoonguss|175\/430
|move|p2a: Amoonguss|Foul Play|p1a: Kyurem-Black
|-damage|p1a: Kyurem-Black|78\/391
|
|-weather|Sandstorm|[upkeep]
|-damage|p1a: Kyurem-Black|54\/391|[from] sandstorm
|-damage|p2a: Amoonguss|149\/430|[from] sandstorm
|-heal|p2a: Amoonguss|175\/430|[from] item: Black Sludge
|turn|35
|
|move|p1a: Kyurem-Black|Outrage|p2a: Amoonguss
|-damage|p2a: Amoonguss|0 fnt
|faint|p2a: Amoonguss
|
|-end|p1a: Kyurem-Black|rampage
|-start|p1a: Kyurem-Black|confusion
|-weather|none
|c| ben not gay|wait
|c| ben not gay|why did he sack
|join|Dr.Pack
|c| DTdt=-K(T-A)|Uh oh if t tar is DD
|c| ben not gay|amoonguss
|
|switch|p2a: Tyranitar|Tyranitar, M|342\/342
|-weather|Sandstorm
|turn|36
|c| ben not gay|._.
|c| ben not gay|literal zero reason to lol
|
|switch|p1a: Landorus-Therian|Landorus-Therian, M|287\/327 slp
|-ability|p1a: Landorus-Therian|Intimidate|[of] p2a: Tyranitar
|-unboost|p2a: Tyranitar|atk|1
|move|p2a: Tyranitar|Stone Edge|p1a: Landorus-Therian
|-damage|p1a: Landorus-Therian|151\/327 slp
|
|-weather|Sandstorm|[upkeep]
|turn|37
|c| Gizmo|wait
|c| Gizmo|wtf is the mega
|
|switch|p1a: Tyranitar|Tyranitar, M|6\/383
|move|p2a: Tyranitar|Stone Edge|p1a: Tyranitar|[miss]
|-miss|p2a: Tyranitar|p1a: Tyranitar
|
|-weather|Sandstorm|[upkeep]
|turn|38
|c| Gizmo|mega t-tar woulda won
|c| Yuttt.ttttt|skill !
|join|Cholera90
|
|move|p2a: Tyranitar|Stone Edge|p1a: Tyranitar
|-crit|p1a: Tyranitar
|-damage|p1a: Tyranitar|0 fnt
|faint|p1a: Tyranitar
|
|-weather|Sandstorm|[upkeep]
|c| ben not gay|skill!
|
|switch|p1a: Charizard|Charizard-Mega-Y, F|93\/297
|-weather|SunnyDay
|turn|39
|c| Yuttt.ttttt|ben heterosexual, this is ladder
|c| Yuttt.ttttt|no reasons
|
|move|p2a: Tyranitar|Stone Edge|p1a: Charizard
|-supereffective|p1a: Charizard
|-damage|p1a: Charizard|0 fnt
|faint|p1a: Charizard
|
|-weather|SunnyDay|[upkeep]
|c|★Reverb|oh shit lol
|c|★Don't Use MeGa|:)
|
|switch|p1a: Kyurem-Black|Kyurem-Black|54\/391
|-ability|p1a: Kyurem-Black|Teravolt
|turn|40
|c| Gizmo|oh
|
|move|p1a: Kyurem-Black|Outrage|p2a: Tyranitar
|-damage|p2a: Tyranitar|101\/342
|move|p2a: Tyranitar|Stone Edge|p1a: Kyurem-Black
|-supereffective|p1a: Kyurem-Black
|-damage|p1a: Kyurem-Black|0 fnt
|faint|p1a: Kyurem-Black
|
|-weather|SunnyDay|[upkeep]
|c| Gizmo|his username
|c| Gizmo|ok
|c| Escavalier|dont wake up
|c|★Don't Use MeGa|one turn
|
|switch|p1a: Landorus-Therian|Landorus-Therian, M|151\/327 slp
|-ability|p1a: Landorus-Therian|Intimidate|[of] p2a: Tyranitar
|-unboost|p2a: Tyranitar|atk|1
|turn|41
|c| Yuttt.ttttt|reverb
|c| Escavalier|please
|c| Bloodz|lando will wake up
|c| Gizmo|STONE EDGE HAS A HIGH CRIT RATE
|c|★Don't Use MeGa|to sleep
|c| Yuttt.ttttt|should have gone landT
|c| Bloodz|#JustBelieve
|c| Gizmo|IT WON'T BE HAX
|c| Yuttt.ttttt|then sack zard
|c|★Reverb|miss
|
|move|p2a: Tyranitar|Stone Edge|p1a: Landorus-Therian
|-damage|p1a: Landorus-Therian|55\/327 slp
|cant|p1a: Landorus-Therian|slp
|
|-weather|SunnyDay|[upkeep]
|turn|42
|c| Yuttt.ttttt|to get 2 intimidates
|c| Gizmo|aye
|c|★Reverb|wake or miss
|c|★Don't Use MeGa|yes
|c| Gizmo|get fucked.
|c| ben not gay|>asking for miss
|c| Bloodz|hes faster
|c| Bloodz|what
|
|move|p2a: Tyranitar|Stone Edge|p1a: Landorus-Therian
|-damage|p1a: Landorus-Therian|0 fnt
|faint|p1a: Landorus-Therian
|
|win|Don't Use MeGa
|raw|Ladder updating...
|c| ben not gay|bad karma :X
|raw|Reverb's rating: 1847 &rarr; <strong>1822<\/strong><br \/>(-25 for losing)
|raw|Don&apos;t Use MeGa's rating: 1755 &rarr; <strong>1780<\/strong><br \/>(+25 for winning)
|c|★Don't Use MeGa|gg
|c| Escavalier|lmao
|c|★Don't Use MeGa|am a
|leave|Arcanine is Regal
|c| Escavalier|that is like
|c|★Reverb|lagging tail
|c| Escavalier|krack's
|c|★Don't Use MeGa|Hard
|c| Bloodz|oh
|leave|Reverb
|leave|Dr.Pack
|c|★Don't Use MeGa|puzzle
|c| Escavalier|legendary ttar
|leave|Cholera90
|player|p1
|leave|Win Conditioner
|leave|Bloodz
|leave|Escavalier
|leave|Gizmo
|leave|Squirrelll