|join|don't use mega
|join|lil manaphy
|player|p1|don't use mega|101
|player|p2|lil manaphy|272
|gametype|singles
|gen|6
|tier|OU
|rated
|clearpoke
|poke|p1|Quagsire, M
|poke|p1|Gliscor, F
|poke|p1|Tyranitar, M
|poke|p1|Amoonguss, M
|poke|p1|Slowbro, M
|poke|p1|Chansey, F
|poke|p2|Lopunny, M
|poke|p2|Manaphy
|poke|p2|Scizor, M
|poke|p2|Celebi
|poke|p2|Heatran, M
|poke|p2|Mandibuzz, F
|rule|Swagger Clause: Swagger is banned
|rule|Baton Pass Clause: Limit one Pokémon knowing Baton Pass
|rule|Sleep Clause Mod: Limit one foe put to sleep
|rule|Species Clause: Limit one of each Pokémon
|rule|OHKO Clause: OHKO moves are banned
|rule|Moody Clause: Moody is banned
|rule|Evasion Moves Clause: Evasion moves are banned
|rule|Endless Battle Clause: Forcing endless battles is banned
|rule|HP Percentage Mod: HP is shown in percentages
|teampreview
|join|UrsaReign
|
|start
|switch|p1a: Amoonguss|Amoonguss, M|430\/430
|switch|p2a: Couture|Lopunny, M|271\/271
|turn|1
|join|Aka DH
|
|switch|p1a: Gliscor|Gliscor, F|350\/350
|detailschange|p2a: Couture|Lopunny-Mega, M
|-mega|p2a: Couture|Lopunny|Lopunnite
|move|p2a: Couture|Fake Out|p1a: Gliscor
|-damage|p1a: Gliscor|290\/350
|
|-status|p1a: Gliscor|tox|[from] item: Toxic Orb
|turn|2
|
|switch|p1a: Slowbro|Slowbro, M|393\/393
|move|p2a: Couture|Power-Up Punch|p1a: Slowbro
|-resisted|p1a: Slowbro
|-damage|p1a: Slowbro|370\/393
|-boost|p2a: Couture|atk|1
|
|turn|3
|
|switch|p2a: just my onion|Celebi|404\/404
|move|p1a: Slowbro|Psyshock|p2a: just my onion
|-resisted|p2a: just my onion
|-damage|p2a: just my onion|356\/404
|
|-heal|p2a: just my onion|381\/404|[from] item: Leftovers
|turn|4
|c| Aka DH|hi figure
|c| UrsaReign|ha
|
|switch|p1a: Gliscor|Gliscor, F|290\/350 tox
|move|p2a: just my onion|Baton Pass|p2a: just my onion
|
|switch|p2a: still bigger than|Manaphy|341\/341
|
|-heal|p1a: Gliscor|333\/350 tox|[from] ability: Poison Heal
|turn|5
|
|switch|p1a: Slowbro|Slowbro, M|393\/393
|move|p2a: still bigger than|Tail Glow|p2a: still bigger than
|-boost|p2a: still bigger than|spa|3
|
|turn|6
|c| UrsaReign|manaphy getting what she deserves for running full stall in XY
|
|switch|p2a: just my onion|Celebi|381\/404
|move|p1a: Slowbro|Trick|p2a: just my onion
|-activate|p1a: Slowbro|move: Trick|[of] p2a: just my onion
|-item|p2a: just my onion|Lagging Tail|[from] move: Trick
|-item|p1a: Slowbro|Leftovers|[from] move: Trick
|
|turn|7
|
|move|p1a: Slowbro|Trick|p2a: just my onion
|-activate|p1a: Slowbro|move: Trick|[of] p2a: just my onion
|-item|p2a: just my onion|Leftovers|[from] move: Trick
|-item|p1a: Slowbro|Lagging Tail|[from] move: Trick
|move|p2a: just my onion|Baton Pass|p2a: just my onion
|
|switch|p2a: still bigger than|Manaphy|341\/341
|
|turn|8
|
|switch|p2a: just my onion|Celebi|381\/404
|move|p1a: Slowbro|Trick|p2a: just my onion
|-activate|p1a: Slowbro|move: Trick|[of] p2a: just my onion
|-item|p2a: just my onion|Lagging Tail|[from] move: Trick
|-item|p1a: Slowbro|Leftovers|[from] move: Trick
|
|turn|9
|
|switch|p2a: bean curd puff|Heatran, M|386\/386
|move|p1a: Slowbro|Scald|p2a: bean curd puff
|-supereffective|p2a: bean curd puff
|-damage|p2a: bean curd puff|260\/386
|
|-heal|p2a: bean curd puff|284\/386|[from] item: Leftovers
|turn|10
|
|switch|p1a: Gliscor|Gliscor, F|333\/350 tox
|move|p2a: bean curd puff|Stealth Rock|p1a: Gliscor
|-sidestart|p1: don't use mega|move: Stealth Rock
|
|-heal|p2a: bean curd puff|308\/386|[from] item: Leftovers
|-heal|p1a: Gliscor|350\/350 tox|[from] ability: Poison Heal
|turn|11
|
|switch|p2a: just my onion|Celebi|381\/404
|move|p1a: Gliscor|Earthquake|p2a: just my onion
|-resisted|p2a: just my onion
|-damage|p2a: just my onion|324\/404
|
|turn|12
|
|move|p1a: Gliscor|Taunt|p2a: just my onion
|-start|p2a: just my onion|move: Taunt
|cant|p2a: just my onion|move: Taunt|Baton Pass
|
|turn|13
|
|switch|p2a: business|Scizor, M|343\/343
|move|p1a: Gliscor|Earthquake|p2a: business
|-damage|p2a: business|234\/343
|
|turn|14
|
|move|p1a: Gliscor|Earthquake|p2a: business
|-damage|p2a: business|119\/343
|move|p2a: business|U-turn|p1a: Gliscor
|-resisted|p1a: Gliscor
|-damage|p1a: Gliscor|260\/350 tox
|
|switch|p2a: still bigger than|Manaphy|341\/341
|
|-heal|p1a: Gliscor|303\/350 tox|[from] ability: Poison Heal
|turn|15
|
|move|p2a: still bigger than|Tail Glow|p2a: still bigger than
|-boost|p2a: still bigger than|spa|3
|move|p1a: Gliscor|Knock Off|p2a: still bigger than
|-damage|p2a: still bigger than|273\/341
|-enditem|p2a: still bigger than|Leftovers|[from] move: Knock Off|[of] p1a: Gliscor
|
|-heal|p1a: Gliscor|346\/350 tox|[from] ability: Poison Heal
|turn|16
|
|switch|p1a: Chansey|Chansey, F|670\/670
|-damage|p1a: Chansey|587\/670|[from] Stealth Rock
|move|p2a: still bigger than|Scald|p1a: Chansey
|-damage|p1a: Chansey|389\/670
|
|turn|17
|
|move|p2a: still bigger than|Tail Glow|p2a: still bigger than
|-boost|p2a: still bigger than|spa|3
|move|p1a: Chansey|Seismic Toss|p2a: still bigger than
|-damage|p2a: still bigger than|173\/341
|
|turn|18
|
|move|p2a: still bigger than|Scald|p1a: Chansey
|-damage|p1a: Chansey|103\/670
|move|p1a: Chansey|Soft-Boiled|p1a: Chansey
|-heal|p1a: Chansey|438\/670
|
|turn|19
|
|move|p2a: still bigger than|Scald|p1a: Chansey
|-damage|p1a: Chansey|138\/670
|move|p1a: Chansey|Thunder Wave|p2a: still bigger than
|-status|p2a: still bigger than|par
|
|turn|20
|
|move|p1a: Chansey|Soft-Boiled|p1a: Chansey
|-heal|p1a: Chansey|473\/670
|move|p2a: still bigger than|Rain Dance|p2a: still bigger than
|-weather|RainDance
|
|-weather|RainDance|[upkeep]
|-curestatus|p2a: still bigger than|par
|turn|21
|
|move|p2a: still bigger than|Scald|p1a: Chansey
|-damage|p1a: Chansey|38\/670
|-status|p1a: Chansey|brn
|move|p1a: Chansey|Seismic Toss|p2a: still bigger than
|-damage|p2a: still bigger than|73\/341
|
|-weather|RainDance|[upkeep]
|-damage|p1a: Chansey|0 fnt|[from] brn
|faint|p1a: Chansey
|
|switch|p1a: Tyranitar|Tyranitar, M|342\/342
|-damage|p1a: Tyranitar|300\/342|[from] Stealth Rock
|-weather|Sandstorm
|turn|22
|
|move|p1a: Tyranitar|Crunch|p2a: still bigger than
|-damage|p2a: still bigger than|0 fnt
|faint|p2a: still bigger than
|
|-weather|Sandstorm|[upkeep]
|
|switch|p2a: Couture|Lopunny-Mega, M|271\/271
|turn|23
|
|switch|p1a: Slowbro|Slowbro, M|393\/393
|-damage|p1a: Slowbro|344\/393|[from] Stealth Rock
|move|p2a: Couture|Power-Up Punch|p1a: Slowbro
|-resisted|p1a: Slowbro
|-damage|p1a: Slowbro|320\/393
|-boost|p2a: Couture|atk|1
|
|-weather|Sandstorm|[upkeep]
|-damage|p2a: Couture|255\/271|[from] sandstorm
|-damage|p1a: Slowbro|296\/393|[from] sandstorm
|-heal|p1a: Slowbro|320\/393|[from] item: Leftovers
|turn|24
|
|switch|p2a: business|Scizor, M|119\/343
|move|p1a: Slowbro|Psyshock|p2a: business
|-resisted|p2a: business
|-damage|p2a: business|74\/343
|
|-weather|Sandstorm|[upkeep]
|-damage|p1a: Slowbro|296\/393|[from] sandstorm
|-heal|p1a: Slowbro|320\/393|[from] item: Leftovers
|turn|25
|
|switch|p1a: Gliscor|Gliscor, F|346\/350 tox
|-damage|p1a: Gliscor|303\/350 tox|[from] Stealth Rock
|move|p2a: business|U-turn|p1a: Gliscor
|-resisted|p1a: Gliscor
|-damage|p1a: Gliscor|220\/350 tox
|
|switch|p2a: Couture|Lopunny-Mega, M|255\/271
|
|-weather|Sandstorm|[upkeep]
|-damage|p2a: Couture|239\/271|[from] sandstorm
|-heal|p1a: Gliscor|263\/350 tox|[from] ability: Poison Heal
|turn|26
|
|switch|p1a: Slowbro|Slowbro, M|393\/393
|-damage|p1a: Slowbro|344\/393|[from] Stealth Rock
|move|p2a: Couture|Power-Up Punch|p1a: Slowbro
|-resisted|p1a: Slowbro
|-damage|p1a: Slowbro|321\/393
|-boost|p2a: Couture|atk|1
|
|-weather|none
|-heal|p1a: Slowbro|345\/393|[from] item: Leftovers
|turn|27
|c| UrsaReign|oh gg
|join|Aaron Pinkman
|
|switch|p2a: just my onion|Celebi|324\/404
|move|p1a: Slowbro|Psyshock|p2a: just my onion
|-resisted|p2a: just my onion
|-damage|p2a: just my onion|280\/404
|
|-heal|p1a: Slowbro|369\/393|[from] item: Leftovers
|turn|28
|
|move|p1a: Slowbro|Scald|p2a: just my onion
|-resisted|p2a: just my onion
|-damage|p2a: just my onion|244\/404
|move|p2a: just my onion|Giga Drain|p1a: Slowbro
|-supereffective|p1a: Slowbro
|-damage|p1a: Slowbro|151\/393
|-heal|p2a: just my onion|353\/404|[from] drain|[of] p1a: Slowbro
|
|-heal|p1a: Slowbro|175\/393|[from] item: Leftovers
|turn|29
|
|move|p1a: Slowbro|Slack Off|p1a: Slowbro
|-heal|p1a: Slowbro|372\/393
|move|p2a: just my onion|Baton Pass|p2a: just my onion
|
|switch|p2a: business|Scizor, M|74\/343
|
|-heal|p1a: Slowbro|393\/393|[from] item: Leftovers
|turn|30
|
|move|p2a: business|U-turn|p1a: Slowbro
|-supereffective|p1a: Slowbro
|-damage|p1a: Slowbro|133\/393
|
|switch|p2a: just my onion|Celebi|353\/404
|move|p1a: Slowbro|Slack Off|p1a: Slowbro
|-heal|p1a: Slowbro|330\/393
|
|-heal|p1a: Slowbro|354\/393|[from] item: Leftovers
|turn|31
|
|switch|p1a: Amoonguss|Amoonguss, M|430\/430
|-damage|p1a: Amoonguss|377\/430|[from] Stealth Rock
|move|p2a: just my onion|Baton Pass|p2a: just my onion
|
|switch|p2a: bean curd puff|Heatran, M|308\/386
|
|-heal|p2a: bean curd puff|332\/386|[from] item: Leftovers
|-heal|p1a: Amoonguss|403\/430|[from] item: Black Sludge
|turn|32
|
|move|p2a: bean curd puff|Lava Plume|p1a: Amoonguss
|-supereffective|p1a: Amoonguss
|-damage|p1a: Amoonguss|143\/430
|move|p1a: Amoonguss|Spore|p2a: bean curd puff
|-status|p2a: bean curd puff|slp
|
|-heal|p2a: bean curd puff|356\/386 slp|[from] item: Leftovers
|-heal|p1a: Amoonguss|169\/430|[from] item: Black Sludge
|turn|33
|join|ollopa
|
|switch|p2a: Couture|Lopunny-Mega, M|239\/271
|switch|p1a: Quagsire|Quagsire, M|394\/394
|-damage|p1a: Quagsire|370\/394|[from] Stealth Rock
|
|-heal|p1a: Quagsire|394\/394|[from] item: Leftovers
|turn|34
|
|switch|p2a: just my onion|Celebi|353\/404
|move|p1a: Quagsire|Toxic|p2a: just my onion
|-status|p2a: just my onion|tox
|
|-damage|p2a: just my onion|328\/404 tox|[from] psn
|turn|35
|
|switch|p1a: Amoonguss|Amoonguss, M|312\/430
|-damage|p1a: Amoonguss|259\/430|[from] Stealth Rock
|move|p2a: just my onion|Baton Pass|p2a: just my onion
|
|switch|p2a: Couture|Lopunny-Mega, M|239\/271
|
|-heal|p1a: Amoonguss|285\/430|[from] item: Black Sludge
|turn|36
|
|switch|p1a: Slowbro|Slowbro, M|393\/393
|-damage|p1a: Slowbro|344\/393|[from] Stealth Rock
|move|p2a: Couture|Power-Up Punch|p1a: Slowbro
|-resisted|p1a: Slowbro
|-damage|p1a: Slowbro|321\/393
|-boost|p2a: Couture|atk|1
|
|-heal|p1a: Slowbro|345\/393|[from] item: Leftovers
|turn|37
|join|1800Rekt
|
|switch|p2a: just my onion|Celebi|328\/404
|move|p1a: Slowbro|Psyshock|p2a: just my onion
|-resisted|p2a: just my onion
|-damage|p2a: just my onion|284\/404
|
|-heal|p1a: Slowbro|369\/393|[from] item: Leftovers
|turn|38
|
|switch|p1a: Gliscor|Gliscor, F|263\/350 tox
|-damage|p1a: Gliscor|220\/350 tox|[from] Stealth Rock
|move|p2a: just my onion|Giga Drain|p1a: Gliscor
|-damage|p1a: Gliscor|141\/350 tox
|-heal|p2a: just my onion|324\/404|[from] drain|[of] p1a: Gliscor
|
|-heal|p1a: Gliscor|184\/350 tox|[from] ability: Poison Heal
|turn|39
|
|move|p1a: Gliscor|Taunt|p2a: just my onion
|-start|p2a: just my onion|move: Taunt
|move|p2a: just my onion|Giga Drain|p1a: Gliscor
|-damage|p1a: Gliscor|109\/350 tox
|-heal|p2a: just my onion|362\/404|[from] drain|[of] p1a: Gliscor
|
|-heal|p1a: Gliscor|152\/350 tox|[from] ability: Poison Heal
|turn|40
|
|move|p1a: Gliscor|Earthquake|p2a: just my onion
|-resisted|p2a: just my onion
|-damage|p2a: just my onion|306\/404
|move|p2a: just my onion|Giga Drain|p1a: Gliscor
|-damage|p1a: Gliscor|68\/350 tox
|-heal|p2a: just my onion|348\/404|[from] drain|[of] p1a: Gliscor
|
|-heal|p1a: Gliscor|111\/350 tox|[from] ability: Poison Heal
|turn|41
|
|move|p1a: Gliscor|Roost|p1a: Gliscor
|-heal|p1a: Gliscor|286\/350 tox
|move|p2a: just my onion|Giga Drain|p1a: Gliscor
|-supereffective|p1a: Gliscor
|-damage|p1a: Gliscor|110\/350 tox
|-heal|p2a: just my onion|404\/404|[from] drain|[of] p1a: Gliscor
|
|-heal|p1a: Gliscor|153\/350 tox|[from] ability: Poison Heal
|-end|p2a: just my onion|move: Taunt
|turn|42
|c| UrsaReign|this niggatry
|
|switch|p2a: Couture|Lopunny-Mega, M|239\/271
|move|p1a: Gliscor|Earthquake|p2a: Couture
|-damage|p2a: Couture|116\/271
|
|-heal|p1a: Gliscor|196\/350 tox|[from] ability: Poison Heal
|turn|43
|
|switch|p1a: Slowbro|Slowbro, M|393\/393
|-damage|p1a: Slowbro|344\/393|[from] Stealth Rock
|move|p2a: Couture|Drain Punch|p1a: Slowbro
|-resisted|p1a: Slowbro
|-damage|p1a: Slowbro|301\/393
|-heal|p2a: Couture|138\/271|[from] drain|[of] p1a: Slowbro
|
|-heal|p1a: Slowbro|325\/393|[from] item: Leftovers
|turn|44
|
|switch|p2a: just my onion|Celebi|404\/404
|switch|p1a: Gliscor|Gliscor, F|196\/350 tox
|-damage|p1a: Gliscor|153\/350 tox|[from] Stealth Rock
|
|-heal|p1a: Gliscor|196\/350 tox|[from] ability: Poison Heal
|turn|45
|
|switch|p2a: im walling everyth|Mandibuzz, F|423\/423
|move|p1a: Gliscor|Taunt|p2a: im walling everyth
|-start|p2a: im walling everyth|move: Taunt
|
|-heal|p1a: Gliscor|239\/350 tox|[from] ability: Poison Heal
|turn|46
|
|move|p1a: Gliscor|Earthquake|p2a: im walling everyth
|-immune|p2a: im walling everyth|[msg]
|move|p2a: im walling everyth|Foul Play|p1a: Gliscor
|-damage|p1a: Gliscor|149\/350 tox
|
|-heal|p1a: Gliscor|192\/350 tox|[from] ability: Poison Heal
|turn|47
|
|move|p1a: Gliscor|Earthquake|p2a: im walling everyth
|-immune|p2a: im walling everyth|[msg]
|move|p2a: im walling everyth|Foul Play|p1a: Gliscor
|-damage|p1a: Gliscor|102\/350 tox
|
|-heal|p1a: Gliscor|145\/350 tox|[from] ability: Poison Heal
|turn|48
|
|move|p1a: Gliscor|Roost|p1a: Gliscor
|-heal|p1a: Gliscor|320\/350 tox
|move|p2a: im walling everyth|Foul Play|p1a: Gliscor
|-damage|p1a: Gliscor|229\/350 tox
|
|-heal|p1a: Gliscor|272\/350 tox|[from] ability: Poison Heal
|-end|p2a: im walling everyth|move: Taunt
|turn|49
|
|move|p1a: Gliscor|Taunt|p2a: im walling everyth
|-start|p2a: im walling everyth|move: Taunt
|move|p2a: im walling everyth|Foul Play|p1a: Gliscor
|-damage|p1a: Gliscor|175\/350 tox
|
|-heal|p1a: Gliscor|218\/350 tox|[from] ability: Poison Heal
|turn|50
|
|move|p1a: Gliscor|Knock Off|p2a: im walling everyth
|-resisted|p2a: im walling everyth
|-damage|p2a: im walling everyth|398\/423
|-damage|p1a: Gliscor|160\/350 tox|[from] item: Rocky Helmet|[of] p2a: im walling everyth
|-enditem|p2a: im walling everyth|Rocky Helmet|[from] move: Knock Off|[of] p1a: Gliscor
|move|p2a: im walling everyth|Foul Play|p1a: Gliscor
|-damage|p1a: Gliscor|72\/350 tox
|
|-heal|p1a: Gliscor|115\/350 tox|[from] ability: Poison Heal
|turn|51
|join|InSoMn
|
|move|p1a: Gliscor|Roost|p1a: Gliscor
|-heal|p1a: Gliscor|290\/350 tox
|move|p2a: im walling everyth|Foul Play|p1a: Gliscor
|-damage|p1a: Gliscor|200\/350 tox
|
|-heal|p1a: Gliscor|243\/350 tox|[from] ability: Poison Heal
|-end|p2a: im walling everyth|move: Taunt
|turn|52
|join|LUSTY LEDDIT
|
|move|p1a: Gliscor|Taunt|p2a: im walling everyth
|-start|p2a: im walling everyth|move: Taunt
|move|p2a: im walling everyth|Foul Play|p1a: Gliscor
|-damage|p1a: Gliscor|153\/350 tox
|
|-heal|p1a: Gliscor|196\/350 tox|[from] ability: Poison Heal
|turn|53
|
|move|p1a: Gliscor|Roost|p1a: Gliscor
|-heal|p1a: Gliscor|350\/350 tox
|move|p2a: im walling everyth|Foul Play|p1a: Gliscor
|-damage|p1a: Gliscor|260\/350 tox
|
|-heal|p1a: Gliscor|303\/350 tox|[from] ability: Poison Heal
|turn|54
|join|Demandred
|join|asdfCookie
|c| Aka DH|welcome lusty
|
|switch|p1a: Quagsire|Quagsire, M|394\/394
|-damage|p1a: Quagsire|370\/394|[from] Stealth Rock
|move|p2a: im walling everyth|Foul Play|p1a: Quagsire
|-damage|p1a: Quagsire|289\/394
|
|-heal|p1a: Quagsire|313\/394|[from] item: Leftovers
|-end|p2a: im walling everyth|move: Taunt
|turn|55
|join|bforrester16
|
|switch|p2a: just my onion|Celebi|404\/404
|move|p1a: Quagsire|Toxic|p2a: just my onion
|-status|p2a: just my onion|tox
|
|-heal|p1a: Quagsire|337\/394|[from] item: Leftovers
|-damage|p2a: just my onion|379\/404 tox|[from] psn
|turn|56
|c| LUSTY LEDDIT|Aka DH: welcome lusty
|
|switch|p1a: Amoonguss|Amoonguss, M|428\/430
|-damage|p1a: Amoonguss|375\/430|[from] Stealth Rock
|move|p2a: just my onion|Baton Pass|p2a: just my onion
|
|switch|p2a: business|Scizor, M|74\/343
|
|-heal|p1a: Amoonguss|401\/430|[from] item: Black Sludge
|turn|57
|
|move|p2a: business|U-turn|p1a: Amoonguss
|-damage|p1a: Amoonguss|221\/430
|
|switch|p2a: bean curd puff|Heatran, M|356\/386 slp
|move|p1a: Amoonguss|Foul Play|p2a: bean curd puff
|-damage|p2a: bean curd puff|298\/386 slp
|
|-heal|p2a: bean curd puff|322\/386 slp|[from] item: Leftovers
|-heal|p1a: Amoonguss|247\/430|[from] item: Black Sludge
|turn|58
|
|cant|p2a: bean curd puff|slp
|move|p1a: Amoonguss|Foul Play|p2a: bean curd puff
|-damage|p2a: bean curd puff|260\/386 slp
|
|-heal|p2a: bean curd puff|284\/386 slp|[from] item: Leftovers
|-heal|p1a: Amoonguss|273\/430|[from] item: Black Sludge
|turn|59
|
|switch|p1a: Quagsire|Quagsire, M|337\/394
|-damage|p1a: Quagsire|313\/394|[from] Stealth Rock
|cant|p2a: bean curd puff|slp
|
|-heal|p2a: bean curd puff|308\/386 slp|[from] item: Leftovers
|-heal|p1a: Quagsire|337\/394|[from] item: Leftovers
|turn|60
|
|cant|p2a: bean curd puff|slp
|move|p1a: Quagsire|Earthquake|p2a: bean curd puff
|-supereffective|p2a: bean curd puff
|-damage|p2a: bean curd puff|0 fnt
|faint|p2a: bean curd puff
|
|-heal|p1a: Quagsire|361\/394|[from] item: Leftovers
|
|switch|p2a: just my onion|Celebi|379\/404
|turn|61
|c| bforrester16|tran sleepy af
|
|switch|p1a: Gliscor|Gliscor, F|303\/350 tox
|-damage|p1a: Gliscor|260\/350 tox|[from] Stealth Rock
|move|p2a: just my onion|Giga Drain|p1a: Gliscor
|-damage|p1a: Gliscor|173\/350 tox
|-heal|p2a: just my onion|404\/404|[from] drain|[of] p1a: Gliscor
|
|-heal|p1a: Gliscor|216\/350 tox|[from] ability: Poison Heal
|turn|62
|c| UrsaReign|thats what u get for running full stall, lil
|c| LUSTY LEDDIT|>full stall
|
|move|p1a: Gliscor|Taunt|p2a: just my onion
|-start|p2a: just my onion|move: Taunt
|move|p2a: just my onion|Giga Drain|p1a: Gliscor
|-damage|p1a: Gliscor|131\/350 tox
|
|-heal|p1a: Gliscor|174\/350 tox|[from] ability: Poison Heal
|turn|63
|c| bforrester16|watchu talkin bout
|
|move|p1a: Gliscor|Earthquake|p2a: just my onion
|-crit|p2a: just my onion
|-resisted|p2a: just my onion
|-damage|p2a: just my onion|322\/404
|move|p2a: just my onion|Giga Drain|p1a: Gliscor
|-damage|p1a: Gliscor|95\/350 tox
|-heal|p2a: just my onion|362\/404|[from] drain|[of] p1a: Gliscor
|
|-heal|p1a: Gliscor|138\/350 tox|[from] ability: Poison Heal
|turn|64
|c| 1800Rekt|My iPad is finally charging bit late tho lol
|c| Aka DH|lil is sad
|
|switch|p2a: Couture|Lopunny-Mega, M|138\/271
|move|p1a: Gliscor|Roost|p1a: Gliscor
|-heal|p1a: Gliscor|313\/350 tox
|
|-heal|p1a: Gliscor|350\/350 tox|[from] ability: Poison Heal
|turn|65
|
|switch|p1a: Slowbro|Slowbro, M|393\/393
|-damage|p1a: Slowbro|344\/393|[from] Stealth Rock
|move|p2a: Couture|Power-Up Punch|p1a: Slowbro
|-resisted|p1a: Slowbro
|-damage|p1a: Slowbro|318\/393
|-boost|p2a: Couture|atk|1
|
|-heal|p1a: Slowbro|342\/393|[from] item: Leftovers
|turn|66
|
|move|p2a: Couture|Drain Punch|p1a: Slowbro
|-resisted|p1a: Slowbro
|-damage|p1a: Slowbro|276\/393
|-heal|p2a: Couture|171\/271|[from] drain|[of] p1a: Slowbro
|move|p1a: Slowbro|Psyshock|p2a: Couture
|-supereffective|p2a: Couture
|-damage|p2a: Couture|0 fnt
|faint|p2a: Couture
|
|-heal|p1a: Slowbro|300\/393|[from] item: Leftovers
|
|switch|p2a: business|Scizor, M|74\/343
|turn|67
|c| LUSTY LEDDIT|rip
|
|move|p2a: business|U-turn|p1a: Slowbro
|-supereffective|p1a: Slowbro
|-damage|p1a: Slowbro|12\/393
|
|switch|p2a: just my onion|Celebi|362\/404
|move|p1a: Slowbro|Slack Off|p1a: Slowbro
|-heal|p1a: Slowbro|209\/393
|
|-heal|p1a: Slowbro|233\/393|[from] item: Leftovers
|turn|68
|
|switch|p1a: Gliscor|Gliscor, F|350\/350 tox
|-damage|p1a: Gliscor|307\/350 tox|[from] Stealth Rock
|move|p2a: just my onion|Baton Pass|p2a: just my onion
|
|switch|p2a: im walling everyth|Mandibuzz, F|398\/423
|
|-heal|p1a: Gliscor|350\/350 tox|[from] ability: Poison Heal
|turn|69
|c| asdfCookie|>everyth
|c| Aka DH|welcome asdf
|
|move|p1a: Gliscor|Taunt|p2a: im walling everyth
|-start|p2a: im walling everyth|move: Taunt
|move|p2a: im walling everyth|Foul Play|p1a: Gliscor
|-damage|p1a: Gliscor|254\/350 tox
|
|-heal|p1a: Gliscor|297\/350 tox|[from] ability: Poison Heal
|turn|70
|
|move|p1a: Gliscor|Knock Off|p2a: im walling everyth
|-resisted|p2a: im walling everyth
|-damage|p2a: im walling everyth|379\/423
|move|p2a: im walling everyth|Foul Play|p1a: Gliscor
|-damage|p1a: Gliscor|213\/350 tox
|
|-heal|p1a: Gliscor|256\/350 tox|[from] ability: Poison Heal
|turn|71
|c| Aka DH|enjoy the battle
|
|switch|p1a: Amoonguss|Amoonguss, M|416\/430
|-damage|p1a: Amoonguss|363\/430|[from] Stealth Rock
|move|p2a: im walling everyth|Foul Play|p1a: Amoonguss
|-crit|p1a: Amoonguss
|-damage|p1a: Amoonguss|242\/430
|
|-heal|p1a: Amoonguss|268\/430|[from] item: Black Sludge
|-end|p2a: im walling everyth|move: Taunt
|turn|72
|c| LUSTY LEDDIT|my lil mana
|c| Aka DH|lil manaphy: why are you so ugly hearted and rude (:
|c| Aka DH|lil manaphy: i mean to be fair you're probably outwardly ugly too but, thats not an excuse
|
|move|p2a: im walling everyth|Taunt|p1a: Amoonguss
|-start|p1a: Amoonguss|move: Taunt
|cant|p1a: Amoonguss|move: Taunt|Spore
|
|-heal|p1a: Amoonguss|294\/430|[from] item: Black Sludge
|turn|73
|c|★lil manaphy|am i wrong? nah
|
|switch|p1a: Gliscor|Gliscor, F|256\/350 tox
|-damage|p1a: Gliscor|213\/350 tox|[from] Stealth Rock
|move|p2a: im walling everyth|Foul Play|p1a: Gliscor
|-damage|p1a: Gliscor|119\/350 tox
|
|-heal|p1a: Gliscor|162\/350 tox|[from] ability: Poison Heal
|turn|74
|leave|bforrester16
|
|move|p1a: Gliscor|Taunt|p2a: im walling everyth
|-start|p2a: im walling everyth|move: Taunt
|move|p2a: im walling everyth|Foul Play|p1a: Gliscor
|-crit|p1a: Gliscor
|-damage|p1a: Gliscor|26\/350 tox
|
|-heal|p1a: Gliscor|69\/350 tox|[from] ability: Poison Heal
|turn|75
|c| Aka DH|she's very rude lusty
|c|★lil manaphy|also wait is dont use mega really figure8888
|
|move|p1a: Gliscor|Roost|p1a: Gliscor
|-heal|p1a: Gliscor|244\/350 tox
|move|p2a: im walling everyth|Foul Play|p1a: Gliscor
|-damage|p1a: Gliscor|162\/350 tox
|
|-heal|p1a: Gliscor|205\/350 tox|[from] ability: Poison Heal
|turn|76
|c| LUSTY LEDDIT|don't bully user Aka DH
|c| Aka DH|figure don't use mega
|c|★lil manaphy|aka dh stop stalking me i dont wanna be in your creepy little cult
|
|move|p1a: Gliscor|Knock Off|p2a: im walling everyth
|-resisted|p2a: im walling everyth
|-damage|p2a: im walling everyth|363\/423
|move|p2a: im walling everyth|Foul Play|p1a: Gliscor
|-crit|p1a: Gliscor
|-damage|p1a: Gliscor|82\/350 tox
|
|-heal|p1a: Gliscor|125\/350 tox|[from] ability: Poison Heal
|-end|p2a: im walling everyth|move: Taunt
|turn|77
|c| LUSTY LEDDIT|le projection.jpg
|c| Aka DH|i'm watching don't use mega
|c|★lil manaphy|do you drink weird purple juice every wednesday and pass out for a while? in the name of jesus
|
|move|p1a: Gliscor|Roost|p1a: Gliscor
|-heal|p1a: Gliscor|300\/350 tox
|move|p2a: im walling everyth|Foul Play|p1a: Gliscor
|-damage|p1a: Gliscor|206\/350 tox
|
|-heal|p1a: Gliscor|249\/350 tox|[from] ability: Poison Heal
|turn|78
|c| Aka DH|rage rage
|
|move|p1a: Gliscor|Taunt|p2a: im walling everyth
|-start|p2a: im walling everyth|move: Taunt
|cant|p2a: im walling everyth|move: Taunt|Taunt
|
|-heal|p1a: Gliscor|292\/350 tox|[from] ability: Poison Heal
|turn|79
|c| Aka DH|go everyth!
|
|move|p1a: Gliscor|Knock Off|p2a: im walling everyth
|-resisted|p2a: im walling everyth
|-damage|p2a: im walling everyth|346\/423
|move|p2a: im walling everyth|Foul Play|p1a: Gliscor
|-damage|p1a: Gliscor|208\/350 tox
|
|-heal|p1a: Gliscor|251\/350 tox|[from] ability: Poison Heal
|turn|80
|c|★lil manaphy|ikr fave
|
|switch|p1a: Amoonguss|Amoonguss, M|430\/430
|-damage|p1a: Amoonguss|377\/430|[from] Stealth Rock
|move|p2a: im walling everyth|Foul Play|p1a: Amoonguss
|-damage|p1a: Amoonguss|302\/430
|
|-heal|p1a: Amoonguss|328\/430|[from] item: Black Sludge
|-end|p2a: im walling everyth|move: Taunt
|turn|81
|
|move|p2a: im walling everyth|Taunt|p1a: Amoonguss
|-start|p1a: Amoonguss|move: Taunt
|cant|p1a: Amoonguss|move: Taunt|Spore
|
|-heal|p1a: Amoonguss|354\/430|[from] item: Black Sludge
|turn|82
|
|move|p2a: im walling everyth|Taunt|p1a: Amoonguss
|-fail|p1a: Amoonguss
|move|p1a: Amoonguss|Giga Drain|p2a: im walling everyth
|-resisted|p2a: im walling everyth
|-damage|p2a: im walling everyth|305\/423
|-heal|p1a: Amoonguss|375\/430|[from] drain|[of] p2a: im walling everyth
|
|-heal|p1a: Amoonguss|401\/430|[from] item: Black Sludge
|turn|83
|
|switch|p1a: Gliscor|Gliscor, F|251\/350 tox
|-damage|p1a: Gliscor|208\/350 tox|[from] Stealth Rock
|move|p2a: im walling everyth|Taunt|p1a: Gliscor
|-start|p1a: Gliscor|move: Taunt
|
|-heal|p1a: Gliscor|251\/350 tox|[from] ability: Poison Heal
|turn|84
|
|switch|p1a: Amoonguss|Amoonguss, M|430\/430
|-damage|p1a: Amoonguss|377\/430|[from] Stealth Rock
|move|p2a: im walling everyth|Foul Play|p1a: Amoonguss
|-damage|p1a: Amoonguss|290\/430
|
|-heal|p1a: Amoonguss|316\/430|[from] item: Black Sludge
|turn|85
|
|switch|p1a: Gliscor|Gliscor, F|251\/350 tox
|-damage|p1a: Gliscor|208\/350 tox|[from] Stealth Rock
|move|p2a: im walling everyth|Taunt|p1a: Gliscor
|-start|p1a: Gliscor|move: Taunt
|
|-heal|p1a: Gliscor|251\/350 tox|[from] ability: Poison Heal
|turn|86
|leave|Demandred
|
|switch|p1a: Amoonguss|Amoonguss, M|430\/430
|-damage|p1a: Amoonguss|377\/430|[from] Stealth Rock
|move|p2a: im walling everyth|Foul Play|p1a: Amoonguss
|-damage|p1a: Amoonguss|298\/430
|
|-heal|p1a: Amoonguss|324\/430|[from] item: Black Sludge
|turn|87
|c| UrsaReign|full stall
|
|switch|p2a: just my onion|Celebi|362\/404
|switch|p1a: Gliscor|Gliscor, F|251\/350 tox
|-damage|p1a: Gliscor|208\/350 tox|[from] Stealth Rock
|
|-heal|p1a: Gliscor|251\/350 tox|[from] ability: Poison Heal
|turn|88
|c| UrsaReign|fulll stallll
|c| Aka DH|fullll
|
|move|p1a: Gliscor|Taunt|p2a: just my onion
|-start|p2a: just my onion|move: Taunt
|move|p2a: just my onion|Giga Drain|p1a: Gliscor
|-damage|p1a: Gliscor|176\/350 tox
|-heal|p2a: just my onion|400\/404|[from] drain|[of] p1a: Gliscor
|
|-heal|p1a: Gliscor|219\/350 tox|[from] ability: Poison Heal
|turn|89
|
|move|p1a: Gliscor|Earthquake|p2a: just my onion
|-resisted|p2a: just my onion
|-damage|p2a: just my onion|349\/404
|move|p2a: just my onion|Giga Drain|p1a: Gliscor
|-damage|p1a: Gliscor|143\/350 tox
|-heal|p2a: just my onion|387\/404|[from] drain|[of] p1a: Gliscor
|
|-heal|p1a: Gliscor|186\/350 tox|[from] ability: Poison Heal
|turn|90
|
|switch|p1a: Amoonguss|Amoonguss, M|430\/430
|-damage|p1a: Amoonguss|377\/430|[from] Stealth Rock
|move|p2a: just my onion|Giga Drain|p1a: Amoonguss
|-resisted|p1a: Amoonguss
|-damage|p1a: Amoonguss|350\/430
|-heal|p2a: just my onion|401\/404|[from] drain|[of] p1a: Amoonguss
|
|-heal|p1a: Amoonguss|376\/430|[from] item: Black Sludge
|-end|p2a: just my onion|move: Taunt
|turn|91
|
|move|p1a: Amoonguss|Spore|p2a: just my onion
|-fail|p2a: just my onion
|move|p2a: just my onion|Perish Song|p2a: just my onion
|-fieldactivate|move: Perish Song
|
|-start|p2a: just my onion|perish3
|-start|p1a: Amoonguss|perish3
|-heal|p1a: Amoonguss|402\/430|[from] item: Black Sludge
|turn|92
|c| LUSTY LEDDIT|llllats llluf
|
|switch|p1a: Tyranitar|Tyranitar, M|300\/342
|-damage|p1a: Tyranitar|258\/342|[from] Stealth Rock
|-weather|Sandstorm
|move|p2a: just my onion|Baton Pass|p2a: just my onion
|
|switch|p2a: business|Scizor, M|74\/343
|
|-start|p2a: business|perish2
|-weather|Sandstorm|[upkeep]
|turn|93
|
|switch|p1a: Amoonguss|Amoonguss, M|430\/430
|-damage|p1a: Amoonguss|377\/430|[from] Stealth Rock
|move|p2a: business|Bullet Punch|p1a: Amoonguss
|-crit|p1a: Amoonguss
|-damage|p1a: Amoonguss|154\/430
|
|-start|p2a: business|perish1
|-weather|Sandstorm|[upkeep]
|-damage|p1a: Amoonguss|128\/430|[from] sandstorm
|-heal|p1a: Amoonguss|154\/430|[from] item: Black Sludge
|turn|94
|c| Aka DH|you need a new team mana
|c| LUSTY LEDDIT|.........
|
|switch|p2a: just my onion|Celebi|401\/404
|move|p1a: Amoonguss|Foul Play|p2a: just my onion
|-supereffective|p2a: just my onion
|-damage|p2a: just my onion|273\/404
|
|-weather|Sandstorm|[upkeep]
|-damage|p2a: just my onion|248\/404|[from] sandstorm
|-damage|p1a: Amoonguss|128\/430|[from] sandstorm
|-heal|p1a: Amoonguss|154\/430|[from] item: Black Sludge
|turn|95
|c| LUSTY LEDDIT|whats the next mana
|
|move|p1a: Amoonguss|Foul Play|p2a: just my onion
|-supereffective|p2a: just my onion
|-damage|p2a: just my onion|124\/404
|move|p2a: just my onion|Baton Pass|p2a: just my onion
|
|switch|p2a: business|Scizor, M|74\/343
|
|-weather|Sandstorm|[upkeep]
|-damage|p1a: Amoonguss|128\/430|[from] sandstorm
|-heal|p1a: Amoonguss|154\/430|[from] item: Black Sludge
|turn|96
|c| Aka DH|nice pursuit
|c| Aka DH|nice u-turn
|
|switch|p1a: Slowbro|Slowbro, M|364\/393
|-damage|p1a: Slowbro|315\/393|[from] Stealth Rock
|move|p2a: business|U-turn|p1a: Slowbro
|-supereffective|p1a: Slowbro
|-damage|p1a: Slowbro|39\/393
|c| Aka DH|nice onion
|
|switch|p2a: im walling everyth|Mandibuzz, F|305\/423
|
|-weather|none
|-heal|p1a: Slowbro|63\/393|[from] item: Leftovers
|turn|97
|
|switch|p1a: Gliscor|Gliscor, F|186\/350 tox
|-damage|p1a: Gliscor|143\/350 tox|[from] Stealth Rock
|move|p2a: im walling everyth|Taunt|p1a: Gliscor
|-start|p1a: Gliscor|move: Taunt
|
|-heal|p1a: Gliscor|186\/350 tox|[from] ability: Poison Heal
|turn|98
|c| LUSTY LEDDIT|whats your favorite vegetable?
|
|switch|p1a: Amoonguss|Amoonguss, M|297\/430
|-damage|p1a: Amoonguss|244\/430|[from] Stealth Rock
|switch|p2a: just my onion|Celebi|124\/404
|
|-heal|p1a: Amoonguss|270\/430|[from] item: Black Sludge
|turn|99
|
|move|p1a: Amoonguss|Foul Play|p2a: just my onion
|-supereffective|p2a: just my onion
|-damage|p2a: just my onion|0 fnt
|faint|p2a: just my onion
|
|-heal|p1a: Amoonguss|296\/430|[from] item: Black Sludge
|
|switch|p2a: im walling everyth|Mandibuzz, F|305\/423
|turn|100
|
|move|p2a: im walling everyth|Foul Play|p1a: Amoonguss
|-damage|p1a: Amoonguss|212\/430
|move|p1a: Amoonguss|Spore|p2a: im walling everyth
|-fail|p2a: im walling everyth
|
|-heal|p1a: Amoonguss|238\/430|[from] item: Black Sludge
|turn|101
|c| InSoMn|lmoa
|c| UrsaReign|finally
|
|move|p2a: im walling everyth|Taunt|p1a: Amoonguss
|-start|p1a: Amoonguss|move: Taunt
|cant|p1a: Amoonguss|move: Taunt|Spore
|
|-heal|p1a: Amoonguss|264\/430|[from] item: Black Sludge
|turn|102
|c| Aka DH|stone edge!
|
|move|p2a: im walling everyth|Taunt|p1a: Amoonguss
|-fail|p1a: Amoonguss
|move|p1a: Amoonguss|Foul Play|p2a: im walling everyth
|-resisted|p2a: im walling everyth
|-damage|p2a: im walling everyth|288\/423
|
|-heal|p1a: Amoonguss|290\/430|[from] item: Black Sludge
|turn|103
|
|move|p2a: im walling everyth|Roost|p2a: im walling everyth
|-heal|p2a: im walling everyth|423\/423
|move|p1a: Amoonguss|Foul Play|p2a: im walling everyth
|-resisted|p2a: im walling everyth
|-damage|p2a: im walling everyth|407\/423
|
|-heal|p1a: Amoonguss|316\/430|[from] item: Black Sludge
|-end|p1a: Amoonguss|move: Taunt
|turn|104
|c| UrsaReign|manaphy getting a taste of her own medicine
|
|move|p2a: im walling everyth|Taunt|p1a: Amoonguss
|-start|p1a: Amoonguss|move: Taunt
|cant|p1a: Amoonguss|move: Taunt|Spore
|
|-heal|p1a: Amoonguss|342\/430|[from] item: Black Sludge
|turn|105
|c| UrsaReign|don't use mega u a hero
|c| Aka DH|manaphy is tilting
|
|move|p2a: im walling everyth|Taunt|p1a: Amoonguss
|-fail|p1a: Amoonguss
|move|p1a: Amoonguss|Foul Play|p2a: im walling everyth
|-resisted|p2a: im walling everyth
|-damage|p2a: im walling everyth|391\/423
|
|-heal|p1a: Amoonguss|368\/430|[from] item: Black Sludge
|turn|106
|
|move|p2a: im walling everyth|Foul Play|p1a: Amoonguss
|-damage|p1a: Amoonguss|289\/430
|move|p1a: Amoonguss|Foul Play|p2a: im walling everyth
|-resisted|p2a: im walling everyth
|-damage|p2a: im walling everyth|375\/423
|
|-heal|p1a: Amoonguss|315\/430|[from] item: Black Sludge
|-end|p1a: Amoonguss|move: Taunt
|turn|107
|
|move|p2a: im walling everyth|Taunt|p1a: Amoonguss
|-start|p1a: Amoonguss|move: Taunt
|cant|p1a: Amoonguss|move: Taunt|Spore
|
|-heal|p1a: Amoonguss|341\/430|[from] item: Black Sludge
|turn|108
|
|move|p2a: im walling everyth|Taunt|p1a: Amoonguss
|-fail|p1a: Amoonguss
|move|p1a: Amoonguss|Foul Play|p2a: im walling everyth
|-resisted|p2a: im walling everyth
|-damage|p2a: im walling everyth|358\/423
|
|-heal|p1a: Amoonguss|367\/430|[from] item: Black Sludge
|turn|109
|
|switch|p1a: Slowbro|Slowbro, M|194\/393
|-damage|p1a: Slowbro|145\/393|[from] Stealth Rock
|move|p2a: im walling everyth|Defog|p1a: Slowbro
|-unboost|p1a: Slowbro|evasion|1
|-sideend|p1: don't use mega|Stealth Rock|[from] move: Defog|[of] p1a: Slowbro
|
|-heal|p1a: Slowbro|169\/393|[from] item: Leftovers
|turn|110
|join|Demandred
|
|move|p2a: im walling everyth|Foul Play|p1a: Slowbro
|-supereffective|p1a: Slowbro
|-damage|p1a: Slowbro|59\/393
|move|p1a: Slowbro|Scald|p2a: im walling everyth
|-damage|p2a: im walling everyth|255\/423
|-status|p2a: im walling everyth|brn
|
|-heal|p1a: Slowbro|83\/393|[from] item: Leftovers
|-damage|p2a: im walling everyth|203\/423 brn|[from] brn
|turn|111
|
|switch|p1a: Gliscor|Gliscor, F|186\/350 tox
|move|p2a: im walling everyth|Taunt|p1a: Gliscor
|-start|p1a: Gliscor|move: Taunt
|
|-heal|p1a: Gliscor|229\/350 tox|[from] ability: Poison Heal
|-damage|p2a: im walling everyth|151\/423 brn|[from] brn
|turn|112
|
|move|p1a: Gliscor|Knock Off|p2a: im walling everyth
|-resisted|p2a: im walling everyth
|-damage|p2a: im walling everyth|134\/423 brn
|move|p2a: im walling everyth|Roost|p2a: im walling everyth
|-heal|p2a: im walling everyth|346\/423 brn
|
|-heal|p1a: Gliscor|272\/350 tox|[from] ability: Poison Heal
|-damage|p2a: im walling everyth|294\/423 brn|[from] brn
|turn|113
|
|move|p1a: Gliscor|Knock Off|p2a: im walling everyth
|-resisted|p2a: im walling everyth
|-damage|p2a: im walling everyth|278\/423 brn
|move|p2a: im walling everyth|Roost|p2a: im walling everyth
|-heal|p2a: im walling everyth|423\/423 brn
|
|-heal|p1a: Gliscor|315\/350 tox|[from] ability: Poison Heal
|-damage|p2a: im walling everyth|371\/423 brn|[from] brn
|turn|114
|
|move|p1a: Gliscor|Knock Off|p2a: im walling everyth
|-resisted|p2a: im walling everyth
|-damage|p2a: im walling everyth|354\/423 brn
|move|p2a: im walling everyth|Defog|p1a: Gliscor
|-unboost|p1a: Gliscor|evasion|1
|
|-heal|p1a: Gliscor|350\/350 tox|[from] ability: Poison Heal
|-damage|p2a: im walling everyth|302\/423 brn|[from] brn
|-end|p1a: Gliscor|move: Taunt
|turn|115
|
|switch|p2a: business|Scizor, M|74\/343
|move|p1a: Gliscor|Taunt|p2a: business
|-start|p2a: business|move: Taunt
|
|turn|116
|
|move|p2a: business|Bullet Punch|p1a: Gliscor
|-damage|p1a: Gliscor|202\/350 tox
|move|p1a: Gliscor|Earthquake|p2a: business
|-damage|p2a: business|0 fnt
|faint|p2a: business
|
|-heal|p1a: Gliscor|245\/350 tox|[from] ability: Poison Heal
|c| Aka DH|gg!
|
|switch|p2a: im walling everyth|Mandibuzz, F|302\/423 brn
|turn|117
|
|move|p1a: Gliscor|Knock Off|p2a: im walling everyth
|-resisted|p2a: im walling everyth
|-damage|p2a: im walling everyth|285\/423 brn
|move|p2a: im walling everyth|Roost|p2a: im walling everyth
|-heal|p2a: im walling everyth|423\/423 brn
|
|-heal|p1a: Gliscor|288\/350 tox|[from] ability: Poison Heal
|-damage|p2a: im walling everyth|371\/423 brn|[from] brn
|turn|118
|c| Aka DH|save this replay mana
|
|move|p1a: Gliscor|Taunt|p2a: im walling everyth
|-start|p2a: im walling everyth|move: Taunt
|cant|p2a: im walling everyth|move: Taunt|Roost
|
|-heal|p1a: Gliscor|331\/350 tox|[from] ability: Poison Heal
|-damage|p2a: im walling everyth|319\/423 brn|[from] brn
|turn|119
|c| Aka DH|plzzz
|
|move|p1a: Gliscor|Knock Off|p2a: im walling everyth
|-resisted|p2a: im walling everyth
|-damage|p2a: im walling everyth|302\/423 brn
|move|p2a: im walling everyth|Struggle|p1a: Gliscor
|-damage|p1a: Gliscor|320\/350 tox
|-damage|p2a: im walling everyth|197\/423 brn
|
|-heal|p1a: Gliscor|350\/350 tox|[from] ability: Poison Heal
|-damage|p2a: im walling everyth|145\/423 brn|[from] brn
|turn|120
|
|switch|p1a: Amoonguss|Amoonguss, M|430\/430
|move|p2a: im walling everyth|Struggle|p1a: Amoonguss
|-damage|p1a: Amoonguss|418\/430
|-damage|p2a: im walling everyth|40\/423 brn
|
|-heal|p1a: Amoonguss|430\/430|[from] item: Black Sludge
|-damage|p2a: im walling everyth|0 fnt|[from] brn
|faint|p2a: im walling everyth
|
|win|don't use mega
|raw|Ladder updating...
|c| UrsaReign|struggle
|c| UrsaReign|ha
|raw|don&apos;t use mega's rating: 1771 &rarr; <strong>1795<\/strong><br \/>(+24 for winning)
|raw|lil manaphy's rating: 1837 &rarr; <strong>1814<\/strong><br \/>(-23 for losing)
|leave|lil manaphy
|c| Aka DH|struggle for the win
|c| UrsaReign|yeeeeessss
|player|p2
|leave|LUSTY LEDDIT
|leave|don't use mega
|player|p1
|leave|Aka DH