|join|don't use mega
|join|Ox the Box
|player|p1|don't use mega|101
|player|p2|Ox the Box|201
|gametype|singles
|gen|6
|tier|OU
|rated
|clearpoke
|poke|p1|Quagsire, M
|poke|p1|Gliscor, F
|poke|p1|Tyranitar, F
|poke|p1|Amoonguss, F
|poke|p1|Slowbro, M
|poke|p1|Chansey, F
|poke|p2|Charizard, M, shiny
|poke|p2|Venusaur, F, shiny
|poke|p2|Tyranitar, F
|poke|p2|Excadrill, M
|poke|p2|Ferrothorn, F
|poke|p2|Keldeo
|rule|Swagger Clause: Swagger is banned
|rule|Baton Pass Clause: Limit one Pokémon knowing Baton Pass
|rule|Sleep Clause Mod: Limit one foe put to sleep
|rule|Species Clause: Limit one of each Pokémon
|rule|OHKO Clause: OHKO moves are banned
|rule|Moody Clause: Moody is banned
|rule|Evasion Moves Clause: Evasion moves are banned
|rule|Endless Battle Clause: Forcing endless battles is banned
|rule|HP Percentage Mod: HP is shown in percentages
|teampreview
|c|★Ox the Box|yay I got you
|join|Alldaalts
|
|start
|switch|p1a: Gliscor|Gliscor, F|350\/350
|switch|p2a: Charizard|Charizard, M, shiny|297\/297
|turn|1
|join|Murkrow Jupiter
|c| Alldaalts|ayyyyyyyyyyyyyyyyyyyy murkrow
|join|BattleXV
|c| Murkrow Jupiter|lol heeeeeeeeeeyyyyyyyy
|c|★Ox the Box|hiiiii
|join|Queen Meme
|c| Murkrow Jupiter|hiiiiiiiiiiiiiiii
|c|★Ox the Box|easiest tar predict
|c|★Ox the Box|of my life
|c| BattleXV|HIIIIII :]
|c| Murkrow Jupiter|lmao
|c| Alldaalts|lol
|c| Murkrow Jupiter|getm
|c|★Ox the Box|im not kidding
|c| Murkrow Jupiter|in da nuts
|
|switch|p1a: Chansey|Chansey, F|670\/670
|detailschange|p2a: Charizard|Charizard-Mega-Y, M, shiny
|-mega|p2a: Charizard|Charizard|Charizardite Y
|-weather|SunnyDay
|move|p2a: Charizard|Flamethrower|p1a: Chansey
|-damage|p1a: Chansey|487\/670
|
|-weather|SunnyDay|[upkeep]
|turn|2
|c|★Ox the Box|hes just a low life stall player!!
|c| Murkrow Jupiter|"low life"
|c| BattleXV|lol
|
|switch|p2a: Tyranitar|Tyranitar, F|382\/382
|-weather|Sandstorm
|move|p1a: Chansey|Stealth Rock|p2a: Tyranitar
|-sidestart|p2: Ox the Box|move: Stealth Rock
|
|-weather|Sandstorm|[upkeep]
|-damage|p1a: Chansey|446\/670|[from] sandstorm
|turn|3
|
|move|p2a: Tyranitar|Superpower|p1a: Chansey
|-supereffective|p1a: Chansey
|-damage|p1a: Chansey|0 fnt
|-unboost|p2a: Tyranitar|atk|1
|-unboost|p2a: Tyranitar|def|1
|faint|p1a: Chansey
|
|-weather|Sandstorm|[upkeep]
|
|switch|p1a: Gliscor|Gliscor, F|350\/350
|turn|4
|c| Murkrow Jupiter|rekt
|c|★Ox the Box|beep bop
|join|All Together Now
|
|switch|p2a: Ferrothorn|Ferrothorn, F|352\/352
|-damage|p2a: Ferrothorn|330\/352|[from] Stealth Rock
|move|p1a: Gliscor|Taunt|p2a: Ferrothorn
|-start|p2a: Ferrothorn|move: Taunt
|
|-weather|Sandstorm|[upkeep]
|-heal|p2a: Ferrothorn|352\/352|[from] item: Leftovers
|-status|p1a: Gliscor|tox|[from] item: Toxic Orb
|turn|5
|
|move|p1a: Gliscor|Knock Off|p2a: Ferrothorn
|-damage|p2a: Ferrothorn|312\/352
|-damage|p1a: Gliscor|307\/350 tox|[from] ability: Iron Barbs|[of] p2a: Ferrothorn
|-enditem|p2a: Ferrothorn|Leftovers|[from] move: Knock Off|[of] p1a: Gliscor
|move|p2a: Ferrothorn|Power Whip|p1a: Gliscor
|-crit|p1a: Gliscor
|-damage|p1a: Gliscor|138\/350 tox
|
|-weather|Sandstorm|[upkeep]
|-heal|p1a: Gliscor|181\/350 tox|[from] ability: Poison Heal
|turn|6
|c|★Ox the Box|hnng
|c| Murkrow Jupiter|REKT
|
|move|p1a: Gliscor|Earthquake|p2a: Ferrothorn
|-damage|p2a: Ferrothorn|240\/352
|move|p2a: Ferrothorn|Power Whip|p1a: Gliscor
|-damage|p1a: Gliscor|69\/350 tox
|
|-weather|none
|-heal|p1a: Gliscor|112\/350 tox|[from] ability: Poison Heal
|turn|7
|
|move|p1a: Gliscor|Roost|p1a: Gliscor
|-heal|p1a: Gliscor|287\/350 tox
|move|p2a: Ferrothorn|Power Whip|p1a: Gliscor
|-supereffective|p1a: Gliscor
|-damage|p1a: Gliscor|69\/350 tox
|
|-heal|p1a: Gliscor|112\/350 tox|[from] ability: Poison Heal
|-end|p2a: Ferrothorn|move: Taunt
|turn|8
|c|★Ox the Box|power whip ferro kinda solos his team
|
|move|p1a: Gliscor|Roost|p1a: Gliscor
|-heal|p1a: Gliscor|287\/350 tox
|move|p2a: Ferrothorn|Power Whip|p1a: Gliscor|[miss]
|-miss|p2a: Ferrothorn|p1a: Gliscor
|
|-heal|p1a: Gliscor|330\/350 tox|[from] ability: Poison Heal
|turn|9
|c| Murkrow Jupiter|**REKT**
|
|move|p1a: Gliscor|Taunt|p2a: Ferrothorn
|-start|p2a: Ferrothorn|move: Taunt
|move|p2a: Ferrothorn|Power Whip|p1a: Gliscor
|-damage|p1a: Gliscor|221\/350 tox
|
|-heal|p1a: Gliscor|264\/350 tox|[from] ability: Poison Heal
|turn|10
|c| BattleXV|Awwww
|
|switch|p2a: Charizard|Charizard-Mega-Y, M, shiny|297\/297
|-damage|p2a: Charizard|149\/297|[from] Stealth Rock
|-weather|SunnyDay
|move|p1a: Gliscor|Earthquake|p2a: Charizard
|-immune|p2a: Charizard|[msg]
|
|-weather|SunnyDay|[upkeep]
|-heal|p1a: Gliscor|307\/350 tox|[from] ability: Poison Heal
|turn|11
|c| Murkrow Jupiter|gj
|c| Murkrow Jupiter|ur about to die stall fgt
|c|★Ox the Box|:[
|c|★Ox the Box|i wont lose
|c|★Ox the Box|im a lord!
|join|IamChow
|c| BattleXV|!!!
|
|switch|p1a: Slowbro|Slowbro, M|393\/393
|move|p2a: Charizard|Focus Blast|p1a: Slowbro
|-resisted|p1a: Slowbro
|-damage|p1a: Slowbro|291\/393
|
|-weather|SunnyDay|[upkeep]
|turn|12
|c| Murkrow Jupiter|i was talking about him
|c| Murkrow Jupiter|-_-
|
|move|p2a: Charizard|Roost|p2a: Charizard
|-heal|p2a: Charizard|297\/297
|move|p1a: Slowbro|Scald|p2a: Charizard
|-supereffective|p2a: Charizard
|-damage|p2a: Charizard|213\/297
|
|-weather|SunnyDay|[upkeep]
|turn|13
|
|switch|p1a: Tyranitar|Tyranitar, F|342\/342
|-weather|Sandstorm
|move|p2a: Charizard|Focus Blast|p1a: Tyranitar
|-supereffective|p1a: Tyranitar
|-damage|p1a: Tyranitar|0 fnt
|faint|p1a: Tyranitar
|
|-weather|Sandstorm|[upkeep]
|-damage|p2a: Charizard|195\/297|[from] sandstorm
|
|switch|p1a: Slowbro|Slowbro, M|393\/393
|turn|14
|c| Murkrow Jupiter|OWNED
|c|★Ox the Box|,
|c| Murkrow Jupiter|gotm
|c|★Ox the Box|anyone
|c|★Ox the Box|want to
|c|★Ox the Box|know
|c|★Ox the Box|how to be a lord
|c| Murkrow Jupiter|lmaoooooooooooo
|
|switch|p2a: Ferrothorn|Ferrothorn, F|240\/352
|-damage|p2a: Ferrothorn|218\/352|[from] Stealth Rock
|move|p1a: Slowbro|Trick|p2a: Ferrothorn
|-activate|p1a: Slowbro|move: Trick|[of] p2a: Ferrothorn
|-item|p2a: Ferrothorn|Lagging Tail|[from] move: Trick
|
|-weather|Sandstorm|[upkeep]
|-damage|p1a: Slowbro|369\/393|[from] sandstorm
|turn|15
|c|★Ox the Box|ill teach you
|c| Murkrow Jupiter|niqqa
|c|★Ox the Box|ty
|c| Alldaalts|lol
|c|★Ox the Box|now i can hit your gliscor
|c|★Ox the Box|as it roosts
|c| Murkrow Jupiter|dat was priceless
|c| Murkrow Jupiter|rekt in da arse
|
|move|p1a: Slowbro|Scald|p2a: Ferrothorn
|-resisted|p2a: Ferrothorn
|-damage|p2a: Ferrothorn|174\/352
|move|p2a: Ferrothorn|Stealth Rock|p1a: Slowbro
|-sidestart|p1: don't use mega|move: Stealth Rock
|
|-weather|Sandstorm|[upkeep]
|-damage|p1a: Slowbro|345\/393|[from] sandstorm
|turn|16
|
|move|p1a: Slowbro|Scald|p2a: Ferrothorn
|-resisted|p2a: Ferrothorn
|-damage|p2a: Ferrothorn|132\/352
|move|p2a: Ferrothorn|Power Whip|p1a: Slowbro
|-supereffective|p1a: Slowbro
|-damage|p1a: Slowbro|169\/393
|
|-weather|Sandstorm|[upkeep]
|-damage|p1a: Slowbro|145\/393|[from] sandstorm
|turn|17
|
|move|p1a: Slowbro|Slack Off|p1a: Slowbro
|-heal|p1a: Slowbro|342\/393
|move|p2a: Ferrothorn|Power Whip|p1a: Slowbro|[miss]
|-miss|p2a: Ferrothorn|p1a: Slowbro
|
|-weather|none
|turn|18
|
|move|p1a: Slowbro|Scald|p2a: Ferrothorn
|-resisted|p2a: Ferrothorn
|-damage|p2a: Ferrothorn|90\/352
|move|p2a: Ferrothorn|Leech Seed|p1a: Slowbro
|-start|p1a: Slowbro|move: Leech Seed
|
|-damage|p1a: Slowbro|293\/393|[from] Leech Seed|[of] p2a: Ferrothorn
|-heal|p2a: Ferrothorn|139\/352|[silent]
|turn|19
|c| Murkrow Jupiter|about to 6-0 dis fool
|c|★Ox the Box|lmao
|c|★Ox the Box|yeah I've gotta preserve
|c|★Ox the Box|yo
|c|★Ox the Box|should I go zardy here
|c| Murkrow Jupiter|you get more PTS if you do
|
|switch|p1a: Amoonguss|Amoonguss, F|430\/430
|-damage|p1a: Amoonguss|377\/430|[from] Stealth Rock
|switch|p2a: Tyranitar|Tyranitar, F|382\/382
|-damage|p2a: Tyranitar|335\/382|[from] Stealth Rock
|-weather|Sandstorm
|
|-weather|Sandstorm|[upkeep]
|-damage|p1a: Amoonguss|351\/430|[from] sandstorm
|-heal|p1a: Amoonguss|377\/430|[from] item: Black Sludge
|turn|20
|leave|All Together Now
|
|move|p2a: Tyranitar|Stone Edge|p1a: Amoonguss|[miss]
|-miss|p2a: Tyranitar|p1a: Amoonguss
|move|p1a: Amoonguss|Spore|p2a: Tyranitar
|-status|p2a: Tyranitar|slp
|
|-weather|Sandstorm|[upkeep]
|-damage|p1a: Amoonguss|351\/430|[from] sandstorm
|-heal|p1a: Amoonguss|377\/430|[from] item: Black Sludge
|turn|21
|c|★Ox the Box|....
|c| BattleXV|......
|c| Murkrow Jupiter|lmao
|c|★Ox the Box|gr8 player alert
|c|★Ox the Box|oh well
|join|Stzll
|c|★Ox the Box|I win with zardy
|
|switch|p2a: Excadrill|Excadrill, M|361\/361
|-damage|p2a: Excadrill|350\/361|[from] Stealth Rock
|move|p1a: Amoonguss|Foul Play|p2a: Excadrill
|-damage|p2a: Excadrill|162\/361
|
|-weather|Sandstorm|[upkeep]
|-damage|p1a: Amoonguss|351\/430|[from] sandstorm
|-heal|p1a: Amoonguss|377\/430|[from] item: Black Sludge
|turn|22
|
|move|p2a: Excadrill|Rapid Spin|p1a: Amoonguss
|-damage|p1a: Amoonguss|345\/430
|-sideend|p2: Ox the Box|Stealth Rock|[from] move: Rapid Spin|[of] p2a: Excadrill
|-damage|p2a: Excadrill|126\/361|[from] item: Life Orb
|move|p1a: Amoonguss|Foul Play|p2a: Excadrill
|-damage|p2a: Excadrill|0 fnt
|faint|p2a: Excadrill
|
|-weather|Sandstorm|[upkeep]
|-damage|p1a: Amoonguss|319\/430|[from] sandstorm
|-heal|p1a: Amoonguss|345\/430|[from] item: Black Sludge
|c|★Ox the Box|fuck thr 6-0
|c| Murkrow Jupiter|PPPPPPPOPPPED
|c| Murkrow Jupiter|like a cherry
|
|switch|p2a: Charizard|Charizard-Mega-Y, M, shiny|195\/297
|-weather|SunnyDay
|turn|23
|c| BattleXV|HM
|
|switch|p1a: Slowbro|Slowbro, M|393\/393
|-damage|p1a: Slowbro|344\/393|[from] Stealth Rock
|move|p2a: Charizard|Flamethrower|p1a: Slowbro
|-resisted|p1a: Slowbro
|-damage|p1a: Slowbro|163\/393
|
|-weather|SunnyDay|[upkeep]
|turn|24
|c| Murkrow Jupiter|™
|c|★Ox the Box|switch in?
|c| BattleXV|DAM
|c| Murkrow Jupiter|u win
|
|move|p2a: Charizard|Flamethrower|p1a: Slowbro
|-resisted|p1a: Slowbro
|-damage|p1a: Slowbro|0 fnt
|faint|p1a: Slowbro
|
|-weather|SunnyDay|[upkeep]
|c| Murkrow Jupiter|with zardddddddd
|c| Murkrow Jupiter|the lord
|
|switch|p1a: Gliscor|Gliscor, F|307\/350 tox
|-damage|p1a: Gliscor|264\/350 tox|[from] Stealth Rock
|turn|25
|
|move|p2a: Charizard|Flamethrower|p1a: Gliscor
|-damage|p1a: Gliscor|0 fnt
|faint|p1a: Gliscor
|
|-weather|SunnyDay|[upkeep]
|
|switch|p1a: Quagsire|Quagsire, M|394\/394
|-damage|p1a: Quagsire|370\/394|[from] Stealth Rock
|turn|26
|c|★Ox the Box|I'm a fucking lord
|c|★Ox the Box|call me cocky
|c|★Ox the Box|but I'm a fucking lord
|
|switch|p1a: Amoonguss|Amoonguss, F|430\/430
|-damage|p1a: Amoonguss|377\/430|[from] Stealth Rock
|move|p2a: Charizard|Solar Beam|p1a: Amoonguss|[still]
|-prepare|p2a: Charizard|Solar Beam|p1a: Amoonguss
|-anim|p2a: Charizard|Solar Beam|p1a: Amoonguss
|-resisted|p1a: Amoonguss
|-damage|p1a: Amoonguss|323\/430
|
|-weather|SunnyDay|[upkeep]
|-heal|p1a: Amoonguss|349\/430|[from] item: Black Sludge
|turn|27
|c| BattleXV|Lol
|c|★Ox the Box|predicted his every move
|c|★Ox the Box|~~except that one~~
|c| BattleXV|xD
|c| Alldaalts|lol
|c| Murkrow Jupiter|flame anyway imo
|c|★Ox the Box|ive gotta save this replay
|c| Murkrow Jupiter|rekts his ass all night long
|c|★Ox the Box|yeah
|c|★Ox the Box|he's a salty boi
|c| BattleXV|Hello people watching replay :3
|c|★Ox the Box|I remember he complained that I was using a mega a while back
|c|★Ox the Box|ever since then I haven't liked him
|c| BattleXV|xD
|c| Murkrow Jupiter|"complained" lmaooooo
|c|★Ox the Box|now he's timer stalling
|c|★Ox the Box|stupid salty fuck
|c|★Ox the Box|yeah he was like "dude mega sab is op"
|c|★Ox the Box|even tho it is
|c| BattleXV|lol
|c|★Ox the Box|stop timer stalling
|c|★don't use mega|Ox ox ox tsc tsc tsc tsc tsc, you is noob boy, that's victory don't matter the fact, but I have a sleep :)
|c|★Ox the Box|that made no sense
|c| BattleXV|Yea
|c|★Ox the Box|you is noob boy, that's victory don't matter the fact, but I have a sleep :)
|c| Queen Meme|whoa that
|c| Murkrow Jupiter|change your alt to **Don't use ma brain**
|c| Queen Meme|english
|
|move|p2a: Charizard|Flamethrower|p1a: Amoonguss
|-supereffective|p1a: Amoonguss
|-damage|p1a: Amoonguss|0 fnt
|faint|p1a: Amoonguss
|
|-weather|none
|
|switch|p1a: Quagsire|Quagsire, M|370\/394
|-damage|p1a: Quagsire|346\/394|[from] Stealth Rock
|turn|28
|c| BattleXV|Get reked
|c| BattleXV|;3
|c| Murkrow Jupiter|git a mega newb
|join|habajiga
|
|switch|p2a: Venusaur|Venusaur, F, shiny|319\/319
|move|p1a: Quagsire|Toxic|p2a: Venusaur
|-fail|p2a: Venusaur
|
|-heal|p1a: Quagsire|370\/394|[from] item: Leftovers
|turn|29
|c| Murkrow Jupiter|shrekt
|c| BattleXV|5-0ed noob
|c|★Ox the Box|perdicted
|c| BattleXV|:333
|c|★Ox the Box|stupid ladder hero
|
|move|p2a: Venusaur|Giga Drain|p1a: Quagsire
|-supereffective|p1a: Quagsire
|-damage|p1a: Quagsire|0 fnt
|-damage|p2a: Venusaur|288\/319|[from] item: Life Orb
|faint|p1a: Quagsire
|
|win|Ox the Box
|raw|Ladder updating...
|c|★Ox the Box|im the new ladder hero in town
|raw|don&apos;t use mega's rating: 1751 &rarr; <strong>1734<\/strong><br \/>(-17 for losing)
|raw|Ox the Box's rating: 1811 &rarr; <strong>1827<\/strong><br \/>(+16 for winning)
|c| BattleXV|yeaa
|c| Murkrow Jupiter|lmao
|c|★Ox the Box|get off my ladder
|leave|don't use mega
|c| BattleXV|lol
|player|p1