|join|KUNG FU TANGA
|join|don't use mega
|player|p1|KUNG FU TANGA|77
|player|p2|don't use mega|101
|gametype|singles
|gen|6
|tier|OU
|rated
|clearpoke
|poke|p1|Rotom-Wash
|poke|p1|Pangoro, M
|poke|p1|Lopunny, F
|poke|p1|Jirachi
|poke|p1|Landorus, M
|poke|p1|Hawlucha, M
|poke|p2|Tyranitar, F
|poke|p2|Gliscor, M
|poke|p2|Chansey, F
|poke|p2|Slowbro, M
|poke|p2|Quagsire, M
|poke|p2|Mandibuzz, F
|rule|Swagger Clause: Swagger is banned
|rule|Baton Pass Clause: Limit one Pokémon knowing Baton Pass
|rule|Sleep Clause Mod: Limit one foe put to sleep
|rule|Species Clause: Limit one of each Pokémon
|rule|OHKO Clause: OHKO moves are banned
|rule|Moody Clause: Moody is banned
|rule|Evasion Moves Clause: Evasion moves are banned
|rule|Endless Battle Clause: Forcing endless battles is banned
|rule|HP Percentage Mod: HP is shown in percentages
|teampreview
|join|lord ledian
|
|start
|switch|p1a: SAND MAN|Landorus, M|319\/319
|switch|p2a: Gliscor|Gliscor, M|350\/350
|turn|1
|
|move|p1a: SAND MAN|Stealth Rock|p2a: Gliscor
|-sidestart|p2: don't use mega|move: Stealth Rock
|move|p2a: Gliscor|Knock Off|p1a: SAND MAN
|-damage|p1a: SAND MAN|245\/319
|-enditem|p1a: SAND MAN|Life Orb|[from] move: Knock Off|[of] p2a: Gliscor
|
|-status|p2a: Gliscor|tox|[from] item: Toxic Orb
|turn|2
|
|move|p1a: SAND MAN|U-turn|p2a: Gliscor
|-resisted|p2a: Gliscor
|-damage|p2a: Gliscor|327\/350 tox
|
|switch|p1a: WONDERWOMAN|Lopunny, F|271\/271
|move|p2a: Gliscor|Earthquake|p1a: WONDERWOMAN
|-damage|p1a: WONDERWOMAN|132\/271
|
|-heal|p2a: Gliscor|350\/350 tox|[from] ability: Poison Heal
|turn|3
|
|switch|p1a: AQUAMAN|Rotom-Wash|303\/303
|switch|p2a: Slowbro|Slowbro, M|390\/390
|-damage|p2a: Slowbro|342\/390|[from] Stealth Rock
|
|-heal|p2a: Slowbro|366\/390|[from] item: Leftovers
|turn|4
|
|switch|p2a: Gliscor|Gliscor, M|350\/350 tox
|-damage|p2a: Gliscor|307\/350 tox|[from] Stealth Rock
|move|p1a: AQUAMAN|Volt Switch|p2a: Gliscor
|-immune|p2a: Gliscor|[msg]
|
|-heal|p2a: Gliscor|350\/350 tox|[from] ability: Poison Heal
|turn|5
|
|switch|p1a: SAND MAN|Landorus, M|245\/319
|move|p2a: Gliscor|Knock Off|p1a: SAND MAN
|-damage|p1a: SAND MAN|193\/319
|
|turn|6
|
|move|p1a: SAND MAN|U-turn|p2a: Gliscor
|-crit|p2a: Gliscor
|-resisted|p2a: Gliscor
|-damage|p2a: Gliscor|313\/350 tox
|
|switch|p1a: AQUAMAN|Rotom-Wash|303\/303
|move|p2a: Gliscor|Knock Off|p1a: AQUAMAN
|-damage|p1a: AQUAMAN|254\/303
|-enditem|p1a: AQUAMAN|Leftovers|[from] move: Knock Off|[of] p2a: Gliscor
|
|-heal|p2a: Gliscor|350\/350 tox|[from] ability: Poison Heal
|turn|7
|
|switch|p2a: Chansey|Chansey, F|682\/682
|-damage|p2a: Chansey|597\/682|[from] Stealth Rock
|move|p1a: AQUAMAN|Hydro Pump|p2a: Chansey
|-crit|p2a: Chansey
|-damage|p2a: Chansey|470\/682
|
|turn|8
|
|move|p1a: AQUAMAN|Volt Switch|p2a: Chansey
|-damage|p2a: Chansey|416\/682
|
|switch|p1a: PO|Pangoro, M|331\/331
|move|p2a: Chansey|Stealth Rock|p1a: PO
|-sidestart|p1: KUNG FU TANGA|move: Stealth Rock
|
|turn|9
|
|switch|p2a: Gliscor|Gliscor, M|350\/350 tox
|-damage|p2a: Gliscor|307\/350 tox|[from] Stealth Rock
|move|p1a: PO|Superpower|p2a: Gliscor
|-resisted|p2a: Gliscor
|-damage|p2a: Gliscor|178\/350 tox
|-unboost|p1a: PO|atk|1
|-unboost|p1a: PO|def|1
|
|-heal|p2a: Gliscor|221\/350 tox|[from] ability: Poison Heal
|turn|10
|
|switch|p1a: AQUAMAN|Rotom-Wash|254\/303
|-damage|p1a: AQUAMAN|217\/303|[from] Stealth Rock
|move|p2a: Gliscor|Knock Off|p1a: AQUAMAN
|-damage|p1a: AQUAMAN|183\/303
|
|-heal|p2a: Gliscor|264\/350 tox|[from] ability: Poison Heal
|turn|11
|
|switch|p2a: Chansey|Chansey, F|416\/682
|-damage|p2a: Chansey|331\/682|[from] Stealth Rock
|move|p1a: AQUAMAN|Hydro Pump|p2a: Chansey
|-damage|p2a: Chansey|244\/682
|
|turn|12
|
|move|p1a: AQUAMAN|Volt Switch|p2a: Chansey
|-damage|p2a: Chansey|190\/682
|
|switch|p1a: PO|Pangoro, M|331\/331
|-damage|p1a: PO|311\/331|[from] Stealth Rock
|move|p2a: Chansey|Soft-Boiled|p2a: Chansey
|-heal|p2a: Chansey|531\/682
|
|turn|13
|
|switch|p2a: Slowbro|Slowbro, M|390\/390
|-damage|p2a: Slowbro|342\/390|[from] Stealth Rock
|move|p1a: PO|Knock Off|p2a: Slowbro
|-supereffective|p2a: Slowbro
|-damage|p2a: Slowbro|0 fnt
|-enditem|p2a: Slowbro|Leftovers|[from] move: Knock Off|[of] p1a: PO
|faint|p2a: Slowbro
|
|c|★don't use mega|mata ? loL
|
|switch|p2a: Mandibuzz|Mandibuzz, F|420\/420
|-damage|p2a: Mandibuzz|315\/420|[from] Stealth Rock
|turn|14
|c|★KUNG FU TANGA|What?
|
|switch|p1a: AQUAMAN|Rotom-Wash|183\/303
|-damage|p1a: AQUAMAN|146\/303|[from] Stealth Rock
|move|p2a: Mandibuzz|Foul Play|p1a: AQUAMAN
|-damage|p1a: AQUAMAN|100\/303
|
|-heal|p2a: Mandibuzz|341\/420|[from] item: Leftovers
|turn|15
|join|Dyanna
|
|move|p1a: AQUAMAN|Pain Split|p2a: Mandibuzz
|-sethp|p2a: Mandibuzz|220\/420|p1a: AQUAMAN|220\/303|[from] move: Pain Split
|move|p2a: Mandibuzz|Taunt|p1a: AQUAMAN
|-start|p1a: AQUAMAN|move: Taunt
|
|-heal|p2a: Mandibuzz|246\/420|[from] item: Leftovers
|turn|16
|
|move|p1a: AQUAMAN|Volt Switch|p2a: Mandibuzz
|-supereffective|p2a: Mandibuzz
|-damage|p2a: Mandibuzz|64\/420
|
|switch|p1a: PO|Pangoro, M|311\/331
|-damage|p1a: PO|291\/331|[from] Stealth Rock
|move|p2a: Mandibuzz|Roost|p2a: Mandibuzz
|-heal|p2a: Mandibuzz|274\/420
|
|-heal|p2a: Mandibuzz|300\/420|[from] item: Leftovers
|turn|17
|
|move|p1a: PO|Parting Shot|p2a: Mandibuzz
|-unboost|p2a: Mandibuzz|atk|1
|-unboost|p2a: Mandibuzz|spa|1
|
|switch|p1a: AQUAMAN|Rotom-Wash|220\/303
|-damage|p1a: AQUAMAN|183\/303|[from] Stealth Rock
|move|p2a: Mandibuzz|Foul Play|p1a: AQUAMAN
|-damage|p1a: AQUAMAN|134\/303
|
|-heal|p2a: Mandibuzz|326\/420|[from] item: Leftovers
|turn|18
|
|switch|p2a: Gliscor|Gliscor, M|264\/350 tox
|-damage|p2a: Gliscor|221\/350 tox|[from] Stealth Rock
|move|p1a: AQUAMAN|Hydro Pump|p2a: Gliscor
|-supereffective|p2a: Gliscor
|-damage|p2a: Gliscor|0 fnt
|faint|p2a: Gliscor
|
|
|switch|p2a: Tyranitar|Tyranitar, F|342\/342
|-damage|p2a: Tyranitar|300\/342|[from] Stealth Rock
|-weather|Sandstorm
|turn|19
|
|move|p2a: Tyranitar|Stone Edge|p1a: AQUAMAN
|-damage|p1a: AQUAMAN|1\/303
|move|p1a: AQUAMAN|Pain Split|p2a: Tyranitar
|-sethp|p2a: Tyranitar|150\/342|p1a: AQUAMAN|150\/303|[from] move: Pain Split
|
|-weather|Sandstorm|[upkeep]
|-damage|p1a: AQUAMAN|132\/303|[from] sandstorm
|turn|20
|
|switch|p1a: SILVERSURFER|Jirachi|401\/401
|-damage|p1a: SILVERSURFER|376\/401|[from] Stealth Rock
|move|p2a: Tyranitar|Stone Edge|p1a: SILVERSURFER
|-resisted|p1a: SILVERSURFER
|-damage|p1a: SILVERSURFER|282\/401
|
|-weather|Sandstorm|[upkeep]
|-heal|p1a: SILVERSURFER|307\/401|[from] item: Leftovers
|turn|21
|c|★don't use mega|. . .
|
|switch|p2a: Mandibuzz|Mandibuzz, F|326\/420
|-damage|p2a: Mandibuzz|221\/420|[from] Stealth Rock
|move|p1a: SILVERSURFER|U-turn|p2a: Mandibuzz
|-damage|p2a: Mandibuzz|179\/420
|c|★KUNG FU TANGA|You would have lost the same
|
|switch|p1a: PO|Pangoro, M|291\/331
|-damage|p1a: PO|271\/331|[from] Stealth Rock
|
|-weather|Sandstorm|[upkeep]
|-damage|p1a: PO|251\/331|[from] sandstorm
|-heal|p2a: Mandibuzz|205\/420|[from] item: Leftovers
|turn|22
|
|move|p1a: PO|Superpower|p2a: Mandibuzz
|-damage|p2a: Mandibuzz|0 fnt
|-unboost|p1a: PO|atk|1
|-unboost|p1a: PO|def|1
|faint|p2a: Mandibuzz
|
|-weather|Sandstorm|[upkeep]
|-damage|p1a: PO|231\/331|[from] sandstorm
|
|switch|p2a: Tyranitar|Tyranitar, F|150\/342
|-damage|p2a: Tyranitar|108\/342|[from] Stealth Rock
|turn|23
|
|move|p2a: Tyranitar|Pursuit|p1a: PO|[from]Pursuit
|-resisted|p1a: PO
|-damage|p1a: PO|159\/331
|switch|p1a: SAND MAN|Landorus, M|193\/319
|-damage|p1a: SAND MAN|154\/319|[from] Stealth Rock
|
|-weather|none
|turn|24
|
|switch|p2a: Chansey|Chansey, F|531\/682
|-damage|p2a: Chansey|446\/682|[from] Stealth Rock
|move|p1a: SAND MAN|U-turn|p2a: Chansey
|-damage|p2a: Chansey|369\/682
|
|switch|p1a: PO|Pangoro, M|159\/331
|-damage|p1a: PO|139\/331|[from] Stealth Rock
|
|turn|25
|
|move|p1a: PO|Superpower|p2a: Chansey
|-supereffective|p2a: Chansey
|-damage|p2a: Chansey|0 fnt
|-unboost|p1a: PO|atk|1
|-unboost|p1a: PO|def|1
|faint|p2a: Chansey
|
|c|★KUNG FU TANGA|Metti questo sul tuo channel.
|
|switch|p2a: Tyranitar|Tyranitar, F|108\/342
|-damage|p2a: Tyranitar|66\/342|[from] Stealth Rock
|-weather|Sandstorm
|turn|26
|
|switch|p1a: SAND MAN|Landorus, M|154\/319
|-damage|p1a: SAND MAN|115\/319|[from] Stealth Rock
|move|p2a: Tyranitar|Crunch|p1a: SAND MAN
|-damage|p1a: SAND MAN|0 fnt
|faint|p1a: SAND MAN
|
|-weather|Sandstorm|[upkeep]
|
|switch|p1a: REY MISTERIO|Hawlucha, M|300\/300
|-damage|p1a: REY MISTERIO|263\/300|[from] Stealth Rock
|turn|27
|
|switch|p2a: Quagsire|Quagsire, M|394\/394
|-damage|p2a: Quagsire|370\/394|[from] Stealth Rock
|move|p1a: REY MISTERIO|High Jump Kick|p2a: Quagsire
|-damage|p2a: Quagsire|214\/394
|
|-weather|Sandstorm|[upkeep]
|-damage|p1a: REY MISTERIO|245\/300|[from] sandstorm
|-heal|p2a: Quagsire|238\/394|[from] item: Leftovers
|turn|28
|
|switch|p1a: AQUAMAN|Rotom-Wash|132\/303
|-damage|p1a: AQUAMAN|95\/303|[from] Stealth Rock
|move|p2a: Quagsire|Recover|p2a: Quagsire
|-heal|p2a: Quagsire|394\/394
|
|-weather|Sandstorm|[upkeep]
|-damage|p1a: AQUAMAN|77\/303|[from] sandstorm
|turn|29
|
|move|p1a: AQUAMAN|Will-O-Wisp|p2a: Quagsire
|-status|p2a: Quagsire|brn
|move|p2a: Quagsire|Toxic|p1a: AQUAMAN
|-status|p1a: AQUAMAN|tox
|
|-weather|Sandstorm|[upkeep]
|-damage|p1a: AQUAMAN|59\/303 tox|[from] sandstorm
|-damage|p1a: AQUAMAN|41\/303 tox|[from] psn
|-damage|p2a: Quagsire|345\/394 brn|[from] brn
|turn|30
|
|switch|p2a: Tyranitar|Tyranitar, F|66\/342
|-damage|p2a: Tyranitar|24\/342|[from] Stealth Rock
|move|p1a: AQUAMAN|Pain Split|p2a: Tyranitar
|-sethp|p2a: Tyranitar|32\/342|p1a: AQUAMAN|32\/303 tox|[from] move: Pain Split
|
|-weather|none
|-damage|p1a: AQUAMAN|0 fnt|[from] psn
|faint|p1a: AQUAMAN
|c|★don't use mega|pathetic
|c|★KUNG FU TANGA|imo lose against a panda
|c|★KUNG FU TANGA|is kinda better
|
|switch|p1a: WONDERWOMAN|Lopunny, F|132\/271
|-damage|p1a: WONDERWOMAN|99\/271|[from] Stealth Rock
|turn|31
|c|★don't use mega|1% for my lose
|c|★KUNG FU TANGA|Lmao you lost when
|
|detailschange|p1a: WONDERWOMAN|Lopunny-Mega, F
|-mega|p1a: WONDERWOMAN|Lopunny|Lopunnite
|move|p1a: WONDERWOMAN|Fake Out|p2a: Tyranitar
|-resisted|p2a: Tyranitar
|-damage|p2a: Tyranitar|0 fnt
|faint|p2a: Tyranitar
|
|c|★KUNG FU TANGA|you sacked
|c|★KUNG FU TANGA|slowbro
|c|★KUNG FU TANGA|and then
|c|★KUNG FU TANGA|gliscor
|
|switch|p2a: Quagsire|Quagsire, M|345\/394 brn
|-damage|p2a: Quagsire|321\/394 brn|[from] Stealth Rock
|turn|32
|
|move|p1a: WONDERWOMAN|Return|p2a: Quagsire
|-damage|p2a: Quagsire|149\/394 brn
|move|p2a: Quagsire|Recover|p2a: Quagsire
|-heal|p2a: Quagsire|346\/394 brn
|
|-heal|p2a: Quagsire|370\/394 brn|[from] item: Leftovers
|-damage|p2a: Quagsire|321\/394 brn|[from] brn
|turn|33
|c|★KUNG FU TANGA|And obviously panda > u
|
|move|p1a: WONDERWOMAN|Return|p2a: Quagsire
|-damage|p2a: Quagsire|159\/394 brn
|move|p2a: Quagsire|Recover|p2a: Quagsire
|-heal|p2a: Quagsire|356\/394 brn
|
|-heal|p2a: Quagsire|380\/394 brn|[from] item: Leftovers
|-damage|p2a: Quagsire|331\/394 brn|[from] brn
|turn|34
|c|★don't use mega|but don't is problem
|
|move|p1a: WONDERWOMAN|Return|p2a: Quagsire
|-damage|p2a: Quagsire|163\/394 brn
|move|p2a: Quagsire|Recover|p2a: Quagsire
|-heal|p2a: Quagsire|360\/394 brn
|
|-heal|p2a: Quagsire|384\/394 brn|[from] item: Leftovers
|-damage|p2a: Quagsire|335\/394 brn|[from] brn
|turn|35
|c| lord ledian|slowbro on knoff was a stupid play :c
|
|move|p1a: WONDERWOMAN|Return|p2a: Quagsire
|-damage|p2a: Quagsire|167\/394 brn
|move|p2a: Quagsire|Recover|p2a: Quagsire
|-heal|p2a: Quagsire|364\/394 brn
|
|-heal|p2a: Quagsire|388\/394 brn|[from] item: Leftovers
|-damage|p2a: Quagsire|339\/394 brn|[from] brn
|turn|36
|
|move|p1a: WONDERWOMAN|Return|p2a: Quagsire
|-damage|p2a: Quagsire|167\/394 brn
|move|p2a: Quagsire|Recover|p2a: Quagsire
|-heal|p2a: Quagsire|364\/394 brn
|
|-heal|p2a: Quagsire|388\/394 brn|[from] item: Leftovers
|-damage|p2a: Quagsire|339\/394 brn|[from] brn
|turn|37
|
|move|p1a: WONDERWOMAN|Return|p2a: Quagsire
|-damage|p2a: Quagsire|159\/394 brn
|move|p2a: Quagsire|Recover|p2a: Quagsire
|-heal|p2a: Quagsire|356\/394 brn
|
|-heal|p2a: Quagsire|380\/394 brn|[from] item: Leftovers
|-damage|p2a: Quagsire|331\/394 brn|[from] brn
|turn|38
|
|move|p1a: WONDERWOMAN|Return|p2a: Quagsire
|-damage|p2a: Quagsire|156\/394 brn
|move|p2a: Quagsire|Recover|p2a: Quagsire
|-heal|p2a: Quagsire|353\/394 brn
|
|-heal|p2a: Quagsire|377\/394 brn|[from] item: Leftovers
|-damage|p2a: Quagsire|328\/394 brn|[from] brn
|turn|39
|
|move|p1a: WONDERWOMAN|Return|p2a: Quagsire
|-damage|p2a: Quagsire|153\/394 brn
|move|p2a: Quagsire|Recover|p2a: Quagsire
|-heal|p2a: Quagsire|350\/394 brn
|
|-heal|p2a: Quagsire|374\/394 brn|[from] item: Leftovers
|-damage|p2a: Quagsire|325\/394 brn|[from] brn
|turn|40
|
|move|p1a: WONDERWOMAN|Return|p2a: Quagsire
|-damage|p2a: Quagsire|168\/394 brn
|move|p2a: Quagsire|Recover|p2a: Quagsire
|-heal|p2a: Quagsire|365\/394 brn
|
|-heal|p2a: Quagsire|389\/394 brn|[from] item: Leftovers
|-damage|p2a: Quagsire|340\/394 brn|[from] brn
|turn|41
|c|★KUNG FU TANGA|So che sei italiano btw
|
|move|p1a: WONDERWOMAN|Return|p2a: Quagsire
|-damage|p2a: Quagsire|184\/394 brn
|move|p2a: Quagsire|Recover|p2a: Quagsire
|-heal|p2a: Quagsire|381\/394 brn
|
|-heal|p2a: Quagsire|394\/394 brn|[from] item: Leftovers
|-damage|p2a: Quagsire|345\/394 brn|[from] brn
|turn|42
|c|★KUNG FU TANGA|Penso di aver anche capito chi sei
|
|move|p1a: WONDERWOMAN|Return|p2a: Quagsire
|-damage|p2a: Quagsire|168\/394 brn
|move|p2a: Quagsire|Recover|p2a: Quagsire
|-heal|p2a: Quagsire|365\/394 brn
|
|-heal|p2a: Quagsire|389\/394 brn|[from] item: Leftovers
|-damage|p2a: Quagsire|340\/394 brn|[from] brn
|turn|43
|c|★don't use mega|you have a lucky for the 1% if die I won. no more.
|
|move|p1a: WONDERWOMAN|Return|p2a: Quagsire
|-damage|p2a: Quagsire|183\/394 brn
|move|p2a: Quagsire|Recover|p2a: Quagsire
|-heal|p2a: Quagsire|380\/394 brn
|
|-heal|p2a: Quagsire|394\/394 brn|[from] item: Leftovers
|-damage|p2a: Quagsire|345\/394 brn|[from] brn
|turn|44
|c|★KUNG FU TANGA|LOL
|c|★KUNG FU TANGA|but what
|c|★KUNG FU TANGA|are you talking
|c|★KUNG FU TANGA|about
|c|★KUNG FU TANGA|lmao
|c|★don't use mega|my quag don't burn and I won.
|c|★KUNG FU TANGA|against
|c|★KUNG FU TANGA|a
|c|★KUNG FU TANGA|CB
|c|★KUNG FU TANGA|wait a se
|
|move|p1a: WONDERWOMAN|Fake Out|p2a: Quagsire
|-hint|Fake Out only works on your first turn out.
|-fail|p2a: Quagsire
|move|p2a: Quagsire|Recover|p2a: Quagsire
|-heal|p2a: Quagsire|394\/394 brn
|
|-damage|p2a: Quagsire|345\/394 brn|[from] brn
|turn|45
|c|★KUNG FU TANGA|kill
|c|★KUNG FU TANGA|my
|c|★KUNG FU TANGA|punny
|
|move|p1a: WONDERWOMAN|Fake Out|p2a: Quagsire
|-hint|Fake Out only works on your first turn out.
|-fail|p2a: Quagsire
|move|p2a: Quagsire|Toxic|p1a: WONDERWOMAN
|-status|p1a: WONDERWOMAN|tox
|
|-heal|p2a: Quagsire|369\/394 brn|[from] item: Leftovers
|-damage|p1a: WONDERWOMAN|83\/271 tox|[from] psn
|-damage|p2a: Quagsire|320\/394 brn|[from] brn
|turn|46
|c|★KUNG FU TANGA|scald
|c|★KUNG FU TANGA|somewhat
|
|move|p1a: WONDERWOMAN|Fake Out|p2a: Quagsire
|-hint|Fake Out only works on your first turn out.
|-fail|p2a: Quagsire
|move|p2a: Quagsire|Recover|p2a: Quagsire
|-heal|p2a: Quagsire|394\/394 brn
|
|-damage|p1a: WONDERWOMAN|51\/271 tox|[from] psn
|-damage|p2a: Quagsire|345\/394 brn|[from] brn
|turn|47
|
|move|p1a: WONDERWOMAN|Fake Out|p2a: Quagsire
|-hint|Fake Out only works on your first turn out.
|-fail|p2a: Quagsire
|move|p2a: Quagsire|Scald|p1a: WONDERWOMAN
|-damage|p1a: WONDERWOMAN|0 fnt
|faint|p1a: WONDERWOMAN
|
|-heal|p2a: Quagsire|369\/394 brn|[from] item: Leftovers
|-damage|p2a: Quagsire|320\/394 brn|[from] brn
|
|switch|p1a: PO|Pangoro, M|139\/331
|-damage|p1a: PO|119\/331|[from] Stealth Rock
|turn|48
|c|★KUNG FU TANGA|The counter '-'
|c|★KUNG FU TANGA|look
|
|move|p1a: PO|Superpower|p2a: Quagsire
|-damage|p2a: Quagsire|67\/394 brn
|-unboost|p1a: PO|atk|1
|-unboost|p1a: PO|def|1
|move|p2a: Quagsire|Recover|p2a: Quagsire
|-heal|p2a: Quagsire|264\/394 brn
|
|-heal|p2a: Quagsire|288\/394 brn|[from] item: Leftovers
|-damage|p2a: Quagsire|239\/394 brn|[from] brn
|turn|49
|c|★KUNG FU TANGA|yyyy rightly
|c|★KUNG FU TANGA|the counter
|c|★don't use mega|problem ? is 8 pp's
|c|★don't use mega|it's easy for counter
|c|★KUNG FU TANGA|65
|c|★KUNG FU TANGA|%
|c|★KUNG FU TANGA|and i coul'dve done knoff
|
|move|p1a: PO|Superpower|p2a: Quagsire
|-damage|p2a: Quagsire|0 fnt
|-unboost|p1a: PO|atk|1
|-unboost|p1a: PO|def|1
|faint|p2a: Quagsire
|
|win|KUNG FU TANGA
|raw|Ladder updating...
|raw|KUNG FU TANGA's rating: 1707 &rarr; <strong>1729<\/strong><br \/>(+22 for winning)
|raw|don&apos;t use mega's rating: 1756 &rarr; <strong>1733<\/strong><br \/>(-23 for losing)
|leave|don't use mega
|c|★KUNG FU TANGA|Mettila nel chan susu
|player|p2