|join|jerry85
|join|FickleMind
|player|p1|jerry85|267
|player|p2|FickleMind|287
|gametype|singles
|gen|6
|tier|OU
|rated
|clearpoke
|poke|p1|Sableye, M
|poke|p1|Excadrill, M
|poke|p1|Manaphy
|poke|p1|Gliscor, M
|poke|p1|Talonflame, M
|poke|p1|Clefable, M
|poke|p2|Lopunny, F
|poke|p2|Landorus-Therian, M
|poke|p2|Ferrothorn, M
|poke|p2|Latios, M
|poke|p2|Raikou
|poke|p2|Azumarill, F
|rule|Swagger Clause: Swagger is banned
|rule|Baton Pass Clause: Limit one Pokémon knowing Baton Pass
|rule|Sleep Clause Mod: Limit one foe put to sleep
|rule|Species Clause: Limit one of each Pokémon
|rule|OHKO Clause: OHKO moves are banned
|rule|Moody Clause: Moody is banned
|rule|Evasion Moves Clause: Evasion moves are banned
|rule|Endless Battle Clause: Forcing endless battles is banned
|rule|HP Percentage Mod: HP is shown in percentages
|teampreview
|
|start
|switch|p1a: Sableye|Sableye, M|301\/301
|switch|p2a: Haruhi|Lopunny, F|271\/271
|turn|1
|
|detailschange|p2a: Haruhi|Lopunny-Mega, F
|-mega|p2a: Haruhi|Lopunny|Lopunnite
|detailschange|p1a: Sableye|Sableye-Mega, M
|-mega|p1a: Sableye|Sableye|Sablenite
|move|p2a: Haruhi|Fake Out|p1a: Sableye
|-damage|p1a: Sableye|235\/301
|cant|p1a: Sableye|flinch
|
|turn|2
|
|switch|p1a: Talonflame|Talonflame, M|345\/345
|move|p2a: Haruhi|High Jump Kick|p1a: Talonflame
|-crit|p1a: Talonflame
|-resisted|p1a: Talonflame
|-damage|p1a: Talonflame|125\/345
|
|-heal|p1a: Talonflame|146\/345|[from] item: Leftovers
|turn|3
|
|switch|p2a: Raikou|Raikou|321\/321
|-ability|p2a: Raikou|Pressure
|move|p1a: Talonflame|Roost|p1a: Talonflame
|-heal|p1a: Talonflame|319\/345
|
|-heal|p1a: Talonflame|340\/345|[from] item: Leftovers
|turn|4
|
|switch|p1a: Excadrill|Excadrill, M|424\/424
|-ability|p1a: Excadrill|Mold Breaker
|move|p2a: Raikou|Volt Switch|p1a: Excadrill
|-immune|p1a: Excadrill|[msg]
|
|turn|5
|
|move|p2a: Raikou|Hidden Power|p1a: Excadrill
|-damage|p1a: Excadrill|359\/424
|move|p1a: Excadrill|Toxic|p2a: Raikou
|-status|p2a: Raikou|tox
|
|-heal|p1a: Excadrill|385\/424|[from] item: Leftovers
|-damage|p2a: Raikou|301\/321 tox|[from] psn
|turn|6
|
|switch|p2a: Ferrothorn|Ferrothorn, M|349\/349
|move|p1a: Excadrill|Earthquake|p2a: Ferrothorn
|-damage|p2a: Ferrothorn|246\/349
|
|-heal|p1a: Excadrill|411\/424|[from] item: Leftovers
|-heal|p2a: Ferrothorn|267\/349|[from] item: Leftovers
|turn|7
|
|switch|p1a: Sableye|Sableye-Mega, M|235\/301
|move|p2a: Ferrothorn|Leech Seed|p1a: Sableye
|move|p1a: Sableye|Leech Seed|p2a: Ferrothorn|[from]Magic Bounce
|-immune|p2a: Ferrothorn|[msg]
|
|-heal|p2a: Ferrothorn|288\/349|[from] item: Leftovers
|turn|8
|
|switch|p2a: Latios|Latios, M|301\/301
|move|p1a: Sableye|Knock Off|p2a: Latios
|-supereffective|p2a: Latios
|-damage|p2a: Latios|83\/301
|-enditem|p2a: Latios|Life Orb|[from] move: Knock Off|[of] p1a: Sableye
|
|turn|9
|
|switch|p2a: Azumarill|Azumarill, F|381\/381
|move|p1a: Sableye|Recover|p1a: Sableye
|-heal|p1a: Sableye|301\/301
|
|turn|10
|
|switch|p1a: Gliscor|Gliscor, M|353\/353
|move|p2a: Azumarill|Play Rough|p1a: Gliscor
|-damage|p1a: Gliscor|181\/353
|-unboost|p1a: Gliscor|atk|1
|
|-status|p1a: Gliscor|tox|[from] item: Toxic Orb
|turn|11
|
|switch|p1a: Manaphy|Manaphy|401\/401
|switch|p2a: Ferrothorn|Ferrothorn, M|288\/349
|
|-heal|p2a: Ferrothorn|309\/349|[from] item: Leftovers
|turn|12
|
|switch|p2a: Azumarill|Azumarill, F|381\/381
|move|p1a: Manaphy|U-turn|p2a: Azumarill
|-resisted|p2a: Azumarill
|-damage|p2a: Azumarill|353\/381
|
|switch|p1a: Clefable|Clefable, M|393\/393
|
|turn|13
|
|move|p2a: Azumarill|Play Rough|p1a: Clefable
|-damage|p1a: Clefable|80\/393
|move|p1a: Clefable|Moonblast|p2a: Azumarill
|-damage|p2a: Azumarill|212\/381
|
|-heal|p1a: Clefable|104\/393|[from] item: Leftovers
|turn|14
|
|move|p2a: Azumarill|Play Rough|p1a: Clefable|[miss]
|-miss|p2a: Azumarill|p1a: Clefable
|move|p1a: Clefable|Moonblast|p2a: Azumarill
|-damage|p2a: Azumarill|88\/381
|
|-heal|p1a: Clefable|128\/393|[from] item: Leftovers
|turn|15
|
|move|p2a: Azumarill|Play Rough|p1a: Clefable
|-damage|p1a: Clefable|0 fnt
|faint|p1a: Clefable
|
|
|switch|p1a: Talonflame|Talonflame, M|340\/345
|turn|16
|
|switch|p2a: Ferrothorn|Ferrothorn, M|309\/349
|move|p1a: Talonflame|Brave Bird|p2a: Ferrothorn
|-damage|p2a: Ferrothorn|200\/349
|-damage|p1a: Talonflame|297\/345|[from] ability: Iron Barbs|[of] p2a: Ferrothorn
|-damage|p1a: Talonflame|261\/345|[from] recoil|[of] p2a: Ferrothorn
|
|-heal|p1a: Talonflame|282\/345|[from] item: Leftovers
|-heal|p2a: Ferrothorn|221\/349|[from] item: Leftovers
|turn|17
|
|move|p1a: Talonflame|Will-O-Wisp|p2a: Ferrothorn|[miss]
|-miss|p1a: Talonflame|p2a: Ferrothorn
|move|p2a: Ferrothorn|Gyro Ball|p1a: Talonflame
|-resisted|p1a: Talonflame
|-damage|p1a: Talonflame|165\/345
|
|-heal|p1a: Talonflame|186\/345|[from] item: Leftovers
|-heal|p2a: Ferrothorn|242\/349|[from] item: Leftovers
|turn|18
|
|move|p1a: Talonflame|Taunt|p2a: Ferrothorn
|-start|p2a: Ferrothorn|move: Taunt
|cant|p2a: Ferrothorn|move: Taunt|Leech Seed
|
|-heal|p1a: Talonflame|207\/345|[from] item: Leftovers
|-heal|p2a: Ferrothorn|263\/349|[from] item: Leftovers
|turn|19
|
|move|p1a: Talonflame|Roost|p1a: Talonflame
|-heal|p1a: Talonflame|345\/345
|move|p2a: Ferrothorn|Gyro Ball|p1a: Talonflame
|-resisted|p1a: Talonflame
|-damage|p1a: Talonflame|226\/345
|
|-heal|p1a: Talonflame|247\/345|[from] item: Leftovers
|-heal|p2a: Ferrothorn|284\/349|[from] item: Leftovers
|turn|20
|
|move|p1a: Talonflame|Will-O-Wisp|p2a: Ferrothorn
|-status|p2a: Ferrothorn|brn
|move|p2a: Ferrothorn|Gyro Ball|p1a: Talonflame
|-resisted|p1a: Talonflame
|-damage|p1a: Talonflame|193\/345
|
|-heal|p1a: Talonflame|214\/345|[from] item: Leftovers
|-heal|p2a: Ferrothorn|305\/349 brn|[from] item: Leftovers
|-damage|p2a: Ferrothorn|262\/349 brn|[from] brn
|-end|p2a: Ferrothorn|move: Taunt
|turn|21
|
|switch|p2a: Raikou|Raikou|301\/321 tox
|-ability|p2a: Raikou|Pressure
|move|p1a: Talonflame|Roost|p1a: Talonflame
|-heal|p1a: Talonflame|345\/345
|
|-damage|p2a: Raikou|281\/321 tox|[from] psn
|turn|22
|
|switch|p2a: Landorus-Therian|Landorus-Therian, M|319\/319
|-ability|p2a: Landorus-Therian|Intimidate|[of] p1a: Talonflame
|-unboost|p1a: Talonflame|atk|1
|switch|p1a: Excadrill|Excadrill, M|411\/424
|-ability|p1a: Excadrill|Mold Breaker
|
|-heal|p1a: Excadrill|424\/424|[from] item: Leftovers
|turn|23
|
|switch|p1a: Sableye|Sableye-Mega, M|301\/301
|move|p2a: Landorus-Therian|U-turn|p1a: Sableye
|-damage|p1a: Sableye|221\/301
|
|switch|p2a: Azumarill|Azumarill, F|88\/381
|
|turn|24
|
|move|p2a: Azumarill|Play Rough|p1a: Sableye
|-supereffective|p1a: Sableye
|-damage|p1a: Sableye|0 fnt
|faint|p1a: Sableye
|
|
|switch|p1a: Talonflame|Talonflame, M|345\/345
|turn|25
|
|switch|p2a: Ferrothorn|Ferrothorn, M|262\/349 brn
|move|p1a: Talonflame|Brave Bird|p2a: Ferrothorn
|-damage|p2a: Ferrothorn|153\/349 brn
|-damage|p1a: Talonflame|302\/345|[from] ability: Iron Barbs|[of] p2a: Ferrothorn
|-damage|p1a: Talonflame|266\/345|[from] recoil|[of] p2a: Ferrothorn
|
|-heal|p1a: Talonflame|287\/345|[from] item: Leftovers
|-heal|p2a: Ferrothorn|174\/349 brn|[from] item: Leftovers
|-damage|p2a: Ferrothorn|131\/349 brn|[from] brn
|turn|26
|
|move|p1a: Talonflame|Brave Bird|p2a: Ferrothorn
|-damage|p2a: Ferrothorn|22\/349 brn
|-damage|p1a: Talonflame|244\/345|[from] ability: Iron Barbs|[of] p2a: Ferrothorn
|-damage|p1a: Talonflame|208\/345|[from] recoil|[of] p2a: Ferrothorn
|move|p2a: Ferrothorn|Leech Seed|p1a: Talonflame|[miss]
|-miss|p2a: Ferrothorn|p1a: Talonflame
|
|-heal|p1a: Talonflame|229\/345|[from] item: Leftovers
|-heal|p2a: Ferrothorn|43\/349 brn|[from] item: Leftovers
|-damage|p2a: Ferrothorn|0 fnt|[from] brn
|faint|p2a: Ferrothorn
|
|switch|p2a: Raikou|Raikou|281\/321 tox
|-ability|p2a: Raikou|Pressure
|turn|27
|
|switch|p1a: Manaphy|Manaphy|401\/401
|move|p2a: Raikou|Shadow Ball|p1a: Manaphy
|-damage|p1a: Manaphy|337\/401
|
|-heal|p1a: Manaphy|362\/401|[from] item: Leftovers
|-damage|p2a: Raikou|261\/321 tox|[from] psn
|turn|28
|
|switch|p1a: Excadrill|Excadrill, M|424\/424
|-ability|p1a: Excadrill|Mold Breaker
|move|p2a: Raikou|Volt Switch|p1a: Excadrill
|-immune|p1a: Excadrill|[msg]
|
|-damage|p2a: Raikou|221\/321 tox|[from] psn
|turn|29
|
|switch|p2a: Azumarill|Azumarill, F|88\/381
|switch|p1a: Manaphy|Manaphy|362\/401
|
|-heal|p1a: Manaphy|387\/401|[from] item: Leftovers
|turn|30
|
|move|p1a: Manaphy|Scald|p2a: Azumarill
|-resisted|p2a: Azumarill
|-damage|p2a: Azumarill|29\/381
|move|p2a: Azumarill|Knock Off|p1a: Manaphy
|-damage|p1a: Manaphy|181\/401
|-enditem|p1a: Manaphy|Leftovers|[from] move: Knock Off|[of] p2a: Azumarill
|
|turn|31
|
|move|p1a: Manaphy|Scald|p2a: Azumarill
|-resisted|p2a: Azumarill
|-damage|p2a: Azumarill|0 fnt
|faint|p2a: Azumarill
|
|
|switch|p2a: Latios|Latios, M|83\/301
|turn|32
|
|switch|p1a: Excadrill|Excadrill, M|424\/424
|-ability|p1a: Excadrill|Mold Breaker
|move|p2a: Latios|Psyshock|p1a: Excadrill
|-resisted|p1a: Excadrill
|-damage|p1a: Excadrill|319\/424
|
|-heal|p1a: Excadrill|345\/424|[from] item: Leftovers
|turn|33
|
|move|p2a: Latios|Hidden Power|p1a: Excadrill
|-supereffective|p1a: Excadrill
|-damage|p1a: Excadrill|221\/424
|move|p1a: Excadrill|Iron Head|p2a: Latios
|-damage|p2a: Latios|0 fnt
|faint|p2a: Latios
|
|-heal|p1a: Excadrill|247\/424|[from] item: Leftovers
|
|switch|p2a: Haruhi|Lopunny-Mega, F|271\/271
|turn|34
|
|switch|p1a: Gliscor|Gliscor, M|181\/353 tox
|move|p2a: Haruhi|Fake Out|p1a: Gliscor
|-crit|p1a: Gliscor
|-damage|p1a: Gliscor|114\/353 tox
|
|-heal|p1a: Gliscor|158\/353 tox|[from] ability: Poison Heal
|turn|35
|
|switch|p1a: Manaphy|Manaphy|181\/401
|move|p2a: Haruhi|Ice Punch|p1a: Manaphy
|-resisted|p1a: Manaphy
|-damage|p1a: Manaphy|132\/401
|
|turn|36
|
|move|p2a: Haruhi|High Jump Kick|p1a: Manaphy
|-damage|p1a: Manaphy|0 fnt
|faint|p1a: Manaphy
|
|
|switch|p1a: Talonflame|Talonflame, M|229\/345
|turn|37
|
|move|p1a: Talonflame|Brave Bird|p2a: Haruhi
|-supereffective|p2a: Haruhi
|-damage|p2a: Haruhi|0 fnt
|-damage|p1a: Talonflame|140\/345|[from] recoil|[of] p2a: Haruhi
|faint|p2a: Haruhi
|
|-heal|p1a: Talonflame|161\/345|[from] item: Leftovers
|
|switch|p2a: Raikou|Raikou|221\/321 tox
|-ability|p2a: Raikou|Pressure
|turn|38
|
|switch|p2a: Landorus-Therian|Landorus-Therian, M|319\/319
|-ability|p2a: Landorus-Therian|Intimidate|[of] p1a: Talonflame
|-unboost|p1a: Talonflame|atk|1
|switch|p1a: Gliscor|Gliscor, M|158\/353 tox
|
|-heal|p1a: Gliscor|202\/353 tox|[from] ability: Poison Heal
|turn|39
|
|move|p2a: Landorus-Therian|U-turn|p1a: Gliscor
|-resisted|p1a: Gliscor
|-damage|p1a: Gliscor|174\/353 tox
|
|switch|p2a: Raikou|Raikou|221\/321 tox
|-ability|p2a: Raikou|Pressure
|move|p1a: Gliscor|Earthquake|p2a: Raikou
|-supereffective|p2a: Raikou
|-damage|p2a: Raikou|0 fnt
|faint|p2a: Raikou
|
|-heal|p1a: Gliscor|218\/353 tox|[from] ability: Poison Heal
|-message|FickleMind forfeited.
|leave|FickleMind
|
|win|jerry85
|raw|Ladder updating...
|player|p2
|raw|jerry85's rating: 1561 &rarr; <strong>1572<\/strong><br \/>(+11 for winning)
|raw|FickleMind's rating: 1388 &rarr; <strong>1377<\/strong><br \/>(-11 for losing)