|join|Reverb
|join|dair to knee
|join|TheBlueSun
|player|p1|Reverb|#reverb
|player|p2|dair to knee|2
|gametype|singles
|gen|6
|tier|OU
|rated
|clearpoke
|poke|p1|Metagross
|poke|p1|Heatran, F
|poke|p1|Landorus-Therian, M
|poke|p1|Rotom-Wash
|poke|p1|Keldeo-Resolute
|poke|p1|Gengar, M
|poke|p2|Chesnaught, F
|poke|p2|Scolipede, M
|poke|p2|Blastoise, M
|poke|p2|Heatran, M
|poke|p2|Latios, M
|poke|p2|Weavile, M
|rule|Swagger Clause: Swagger is banned
|rule|Baton Pass Clause: Limit one Pokémon knowing Baton Pass
|rule|Sleep Clause Mod: Limit one foe put to sleep
|rule|Species Clause: Limit one of each Pokémon
|rule|OHKO Clause: OHKO moves are banned
|rule|Moody Clause: Moody is banned
|rule|Evasion Moves Clause: Evasion moves are banned
|rule|Endless Battle Clause: Forcing endless battles is banned
|rule|HP Percentage Mod: HP is shown in percentages
|teampreview
|join|Tentacruel3
|join|haunter
|join|gizmo
|c|★dair to knee|spook
|join|Professional 01
|join|schtroumpf grognon
|
|start
|switch|p1a: Rotom-Wash|Rotom-Wash|303\/303
|switch|p2a: Scolipede|Scolipede, M|230\/230
|turn|1
|join|will reqs you mate
|join|M0XI3 B00ST
|join|Mistaken
|
|move|p2a: Scolipede|Spikes|p1a: Rotom-Wash
|-sidestart|p1: Reverb|Spikes
|move|p1a: Rotom-Wash|Volt Switch|p2a: Scolipede
|-damage|p2a: Scolipede|103\/230
|join|Ox the Box
|
|switch|p1a: Keldeo-Resolute|Keldeo-Resolute|323\/323
|-damage|p1a: Keldeo-Resolute|283\/323|[from] Spikes
|
|-boost|p2a: Scolipede|spe|1|[from] ability: Speed Boost
|turn|2
|join|Fedayi
|join|tomibello
|join|ReshiD2P2
|leave|tomibello
|leave|ReshiD2P2
|join|DracoMaster Dab
|leave|DracoMaster Dab
|join|Justin 6223
|
|move|p2a: Scolipede|Spikes|p1a: Keldeo-Resolute
|-sidestart|p1: Reverb|Spikes
|move|p1a: Keldeo-Resolute|Scald|p2a: Scolipede
|-damage|p2a: Scolipede|0 fnt
|faint|p2a: Scolipede
|
|join|Demandred
|
|switch|p2a: Latios|Latios, M|302\/302
|turn|3
|join|sortudo
|
|switch|p1a: Heatran|Heatran, F|385\/385
|-damage|p1a: Heatran|321\/385|[from] Spikes
|move|p2a: Latios|Trick|p1a: Heatran
|-activate|p2a: Latios|move: Trick|[of] p1a: Heatran
|-item|p1a: Heatran|Choice Scarf|[from] move: Trick
|-item|p2a: Latios|Leftovers|[from] move: Trick
|
|turn|4
|leave|will reqs you mate
|join|RayDalio
|leave|sortudo
|
|switch|p2a: Blastoise|Blastoise, M|315\/315
|move|p1a: Heatran|Stealth Rock|p2a: Blastoise
|-sidestart|p2: dair to knee|move: Stealth Rock
|
|turn|5
|
|switch|p1a: Rotom-Wash|Rotom-Wash|303\/303
|detailschange|p2a: Blastoise|Blastoise-Mega, M
|-mega|p2a: Blastoise|Blastoise|Blastoisinite
|move|p2a: Blastoise|Scald|p1a: Rotom-Wash
|-resisted|p1a: Rotom-Wash
|-damage|p1a: Rotom-Wash|229\/303
|
|-heal|p1a: Rotom-Wash|247\/303|[from] item: Leftovers
|turn|6
|c| Ox the Box|dair to knee
|c| Ox the Box|do you like captain falcon?
|c|★dair to knee|no i despise him i just made my name a reference to him because i hate him so much
|c| Ox the Box|lmao
|c| Ox the Box|I main him
|c| gizmo|lmao
|
|switch|p2a: Latios|Latios, M|302\/302
|-damage|p2a: Latios|265\/302|[from] Stealth Rock
|move|p1a: Rotom-Wash|Will-O-Wisp|p2a: Latios
|-status|p2a: Latios|brn
|
|-heal|p2a: Latios|283\/302 brn|[from] item: Leftovers
|-heal|p1a: Rotom-Wash|265\/303|[from] item: Leftovers
|-damage|p2a: Latios|246\/302 brn|[from] brn
|turn|7
|c| Ox the Box|just got done playing
|c| gizmo|dair to knee
|c| gizmo|isn't that rlly easy to air dodge
|c| Ox the Box|u can't even do that
|c| Ox the Box|how are u getting off a dair to knee
|c| Ox the Box|this is how I play c falcon
|c| gizmo|if your opp
|join|abcdefghitony
|c| gizmo|lets go of their controller
|c|★dair to knee|because i don't play tr4sh :^)
|c| gizmo|you can dair to knee
|c| uair to uair to ua|-
|c|★Reverb|gizmo shutup
|c| gizmo|why
|
|move|p2a: Latios|Psyshock|p1a: Rotom-Wash
|-damage|p1a: Rotom-Wash|159\/303
|move|p1a: Rotom-Wash|Pain Split|p2a: Latios
|-sethp|p2a: Latios|202\/302 brn|p1a: Rotom-Wash|202\/303|[from] move: Pain Split
|
|-heal|p2a: Latios|220\/302 brn|[from] item: Leftovers
|-heal|p1a: Rotom-Wash|220\/303|[from] item: Leftovers
|-damage|p2a: Latios|183\/302 brn|[from] brn
|turn|8
|c| uair to uair to ua|jst spam uair
gizmo was locked from talking by Reverb.
|unlink|hide|gizmo
|join|3GM
gizmo was unlocked by Reverb.
|c|★Reverb|thats why
|join|Eos
|c| gizmo|\/me sobs
|c| 3GM|rip gizmo
|leave|Tentacruel3
|join|SuperGV88
|
|switch|p1a: Metagross|Metagross|301\/301
|-damage|p1a: Metagross|251\/301|[from] Spikes
|move|p2a: Latios|Draco Meteor|p1a: Metagross
|-resisted|p1a: Metagross
|-damage|p1a: Metagross|112\/301
|-unboost|p2a: Latios|spa|2
|
|-heal|p2a: Latios|201\/302 brn|[from] item: Leftovers
|-damage|p2a: Latios|164\/302 brn|[from] brn
|turn|9
|c| uair to uair to ua|dair to knee do you have smash4
|c|★dair to knee|yes
|
|switch|p2a: Chesnaught|Chesnaught, F|371\/371
|-damage|p2a: Chesnaught|348\/371|[from] Stealth Rock
|detailschange|p1a: Metagross|Metagross-Mega
|-mega|p1a: Metagross|Metagross|Metagrossite
|move|p1a: Metagross|Meteor Mash|p2a: Chesnaught
|-damage|p2a: Chesnaught|203\/371
|
|-heal|p2a: Chesnaught|226\/371|[from] item: Leftovers
|turn|10
|join|FUQ GLISCORE
|leave|FUQ GLISCORE
|
|move|p2a: Chesnaught|Spiky Shield|p2a: Chesnaught
|-singleturn|p2a: Chesnaught|move: Protect
|move|p1a: Metagross|Zen Headbutt|p2a: Chesnaught
|-activate|p2a: Chesnaught|move: Protect
|-damage|p1a: Metagross|75\/301|[from] Spiky Shield|[of] p2a: Chesnaught
|
|-heal|p2a: Chesnaught|249\/371|[from] item: Leftovers
|turn|11
|join|FUQ GLISCORE
|
|move|p1a: Metagross|Zen Headbutt|p2a: Chesnaught
|-supereffective|p2a: Chesnaught
|-damage|p2a: Chesnaught|0 fnt
|faint|p2a: Chesnaught
|
|
|switch|p2a: Blastoise|Blastoise-Mega, M|315\/315
|-damage|p2a: Blastoise|276\/315|[from] Stealth Rock
|turn|12
|
|move|p1a: Metagross|Grass Knot|p2a: Blastoise
|-supereffective|p2a: Blastoise
|-damage|p2a: Blastoise|72\/315
|move|p2a: Blastoise|Scald|p1a: Metagross
|-damage|p1a: Metagross|0 fnt
|faint|p1a: Metagross
|
|join|Cienight
|c|★dair to knee|i forgot they got that
|
|switch|p1a: Keldeo-Resolute|Keldeo-Resolute|283\/323
|-damage|p1a: Keldeo-Resolute|230\/323|[from] Spikes
|turn|13
|c| Ox the Box|do u despise captain falcon or megagross more
|c|★Reverb|shut up
|c|★Reverb|ox
|raw|<div class="broadcast-red"><b>Moderated chat was set to +!<\/b><br \/>Only users of rank + and higher can talk.<\/div>
|c|★dair to knee|ther
|c|★dair to knee|e
|c|★Reverb|good call
|
|move|p1a: Keldeo-Resolute|Scald|p2a: Blastoise
|-resisted|p2a: Blastoise
|-damage|p2a: Blastoise|0 fnt
|faint|p2a: Blastoise
|
|
|switch|p2a: Latios|Latios, M|164\/302 brn
|-damage|p2a: Latios|127\/302 brn|[from] Stealth Rock
|turn|14
|c|★dair to knee|im gunna lose to that lando
|c|★dair to knee|oh well
|join|fingerscrossed
|
|switch|p1a: Heatran|Heatran, F|321\/385
|-damage|p1a: Heatran|257\/385|[from] Spikes
|move|p2a: Latios|Psyshock|p1a: Heatran
|-resisted|p1a: Heatran
|-damage|p1a: Heatran|191\/385
|
|-heal|p2a: Latios|145\/302 brn|[from] item: Leftovers
|-damage|p2a: Latios|108\/302 brn|[from] brn
|turn|15
|join|Omegasization
|
|switch|p2a: Heatran|Heatran, M|386\/386
|-damage|p2a: Heatran|338\/386|[from] Stealth Rock
|move|p1a: Heatran|Taunt|p2a: Heatran
|-start|p2a: Heatran|move: Taunt
|
|-heal|p2a: Heatran|362\/386|[from] item: Leftovers
|turn|16
|join|Vinitor - C
|
|switch|p1a: Keldeo-Resolute|Keldeo-Resolute|230\/323
|-damage|p1a: Keldeo-Resolute|177\/323|[from] Spikes
|move|p2a: Heatran|Lava Plume|p1a: Keldeo-Resolute
|-resisted|p1a: Keldeo-Resolute
|-damage|p1a: Keldeo-Resolute|110\/323
|
|-heal|p2a: Heatran|386\/386|[from] item: Leftovers
|turn|17
|leave|M0XI3 B00ST
|
|move|p1a: Keldeo-Resolute|Secret Sword|p2a: Heatran
|-supereffective|p2a: Heatran
|-damage|p2a: Heatran|0 fnt
|faint|p2a: Heatran
|
|join|i got u m8
|join|ThugLyfeCienight
|
|switch|p2a: Latios|Latios, M|108\/302 brn
|-damage|p2a: Latios|71\/302 brn|[from] Stealth Rock
|turn|18
|
|move|p2a: Latios|Psyshock|p1a: Keldeo-Resolute
|-supereffective|p1a: Keldeo-Resolute
|-damage|p1a: Keldeo-Resolute|0 fnt
|faint|p1a: Keldeo-Resolute
|
|-heal|p2a: Latios|89\/302 brn|[from] item: Leftovers
|-damage|p2a: Latios|52\/302 brn|[from] brn
|join|Like me 2
|leave|Omegasization
|
|switch|p1a: Landorus-Therian|Landorus-Therian, M|327\/327
|-ability|p1a: Landorus-Therian|Intimidate|[of] p2a: Latios
|-unboost|p2a: Latios|atk|1
|turn|19
|leave|FUQ GLISCORE
|
|move|p1a: Landorus-Therian|U-turn|p2a: Latios
|-supereffective|p2a: Latios
|-damage|p2a: Latios|0 fnt
|faint|p2a: Latios
|leave|Justin 6223
|leave|Ox the Box
|join|A2tehBR
|
|switch|p1a: Heatran|Heatran, F|191\/385
|-damage|p1a: Heatran|127\/385|[from] Spikes
|
|leave|A2tehBR
|join|king of spycrabs
|
|switch|p2a: Weavile|Weavile, M|282\/282
|-damage|p2a: Weavile|212\/282|[from] Stealth Rock
|-ability|p2a: Weavile|Pressure
|turn|20
|join|req'd by crobro
|join|Justin 6223
|
|move|p2a: Weavile|Knock Off|p1a: Heatran
|-damage|p1a: Heatran|0 fnt
|-enditem|p1a: Heatran|Choice Scarf|[from] move: Knock Off|[of] p2a: Weavile
|-damage|p2a: Weavile|184\/282|[from] item: Life Orb
|faint|p1a: Heatran
|
|
|switch|p1a: Landorus-Therian|Landorus-Therian, M|327\/327
|-ability|p1a: Landorus-Therian|Intimidate|[of] p2a: Weavile
|-unboost|p2a: Weavile|atk|1
|turn|21
|c|★dair to knee|gg
|
|move|p2a: Weavile|Ice Shard|p1a: Landorus-Therian
|-supereffective|p1a: Landorus-Therian
|-damage|p1a: Landorus-Therian|77\/327
|-damage|p2a: Weavile|156\/282|[from] item: Life Orb
|move|p1a: Landorus-Therian|Earthquake|p2a: Weavile
|-damage|p2a: Weavile|0 fnt
|faint|p2a: Weavile
|
|win|Reverb
|raw|Ladder updating...
|c|★Reverb|gg
|raw|Reverb's rating: 1649 &rarr; <strong>1665<\/strong><br \/>(+16 for winning)
|raw|dair to knee's rating: 1566 &rarr; <strong>1550<\/strong><br \/>(-16 for losing)