|join|Reverb
|join|wrongright
|player|p1|Reverb|#reverb
|player|p2|wrongright|170
|gametype|singles
|gen|6
|tier|OU
|rated
|clearpoke
|poke|p1|Lopunny, M
|poke|p1|Celebi
|poke|p1|Tyranitar, F
|poke|p1|Keldeo
|poke|p1|Landorus-Therian, M
|poke|p1|Empoleon, F
|poke|p2|Ferrothorn, M
|poke|p2|Manaphy
|poke|p2|Talonflame, M
|poke|p2|Metagross
|poke|p2|Hippowdon, M
|poke|p2|Latios, M
|rule|Swagger Clause: Swagger is banned
|rule|Baton Pass Clause: Limit one Pokémon knowing Baton Pass
|rule|Sleep Clause Mod: Limit one foe put to sleep
|rule|Species Clause: Limit one of each Pokémon
|rule|OHKO Clause: OHKO moves are banned
|rule|Moody Clause: Moody is banned
|rule|Evasion Moves Clause: Evasion moves are banned
|rule|Endless Battle Clause: Forcing endless battles is banned
|rule|HP Percentage Mod: HP is shown in percentages
|teampreview
|join|NagariHO
|join|StarkGod
|join|yrs
|c|★wrongright|gl
|c|★Reverb|hf
|c|★wrongright|u2
|join|Ox the Box
|c| yrs|ay
|c| yrs|gl reverb
|c| yrs|dont get HAXED
|join|I Iike Squirtles
|join|WECAMEASROMANS
|c| yrs|is all im gonna say
|c| NagariHO|i love how manaphy got popular
|join|iplaytennislol
|c|★Reverb|i dont
|join|All Together Now
|
|start
|switch|p1a: Empoleon|Empoleon, F|371\/371
|switch|p2a: Ferrothorn|Ferrothorn, M|352\/352
|turn|1
|c| NagariHO|after mega bro arrived
|join|newfren
|join|Mistaken
|join|SeventyFive
|
|move|p1a: Empoleon|Stealth Rock|p2a: Ferrothorn
|-sidestart|p2: wrongright|move: Stealth Rock
|move|p2a: Ferrothorn|Leech Seed|p1a: Empoleon
|-start|p1a: Empoleon|move: Leech Seed
|
|-damage|p1a: Empoleon|325\/371|[from] Leech Seed|[of] p2a: Ferrothorn
|turn|2
|join|Its Lowly
|leave|yrs
|join|req'd by crobro
|leave|Its Lowly
|leave|WECAMEASROMANS
|
|switch|p1a: Celebi|Celebi|404\/404
|move|p2a: Ferrothorn|Gyro Ball|p1a: Celebi
|-damage|p1a: Celebi|238\/404
|
|-heal|p1a: Celebi|263\/404|[from] item: Leftovers
|turn|3
|join|oml it's too ez
|
|switch|p2a: Metagross|Metagross|301\/301
|-damage|p2a: Metagross|283\/301|[from] Stealth Rock
|move|p1a: Celebi|Recover|p1a: Celebi
|-heal|p1a: Celebi|404\/404
|
|turn|4
|
|switch|p2a: Ferrothorn|Ferrothorn, M|352\/352
|-damage|p2a: Ferrothorn|330\/352|[from] Stealth Rock
|move|p1a: Celebi|Thunder Wave|p2a: Ferrothorn
|-status|p2a: Ferrothorn|par
|
|-heal|p2a: Ferrothorn|352\/352 par|[from] item: Leftovers
|turn|5
|join|tomibello
|join|QueenOfLuvdiscs
|
|move|p1a: Celebi|Baton Pass|p1a: Celebi
|
|switch|p1a: Empoleon|Empoleon, F|325\/371
|move|p2a: Ferrothorn|Leech Seed|p1a: Empoleon|[miss]
|-miss|p2a: Ferrothorn|p1a: Empoleon
|
|-heal|p1a: Empoleon|348\/371|[from] item: Leftovers
|turn|6
|
|switch|p2a: Manaphy|Manaphy|365\/365
|-damage|p2a: Manaphy|320\/365|[from] Stealth Rock
|move|p1a: Empoleon|Roar|p2a: Manaphy
|drag|p2a: Metagross|Metagross|283\/301
|-damage|p2a: Metagross|265\/301|[from] Stealth Rock
|
|-heal|p1a: Empoleon|371\/371|[from] item: Leftovers
|turn|7
|
|detailschange|p2a: Metagross|Metagross-Mega
|-mega|p2a: Metagross|Metagross|Metagrossite
|move|p2a: Metagross|Meteor Mash|p1a: Empoleon
|-resisted|p1a: Empoleon
|-damage|p1a: Empoleon|326\/371
|-boost|p2a: Metagross|atk|1
|move|p1a: Empoleon|Scald|p2a: Metagross
|-damage|p2a: Metagross|175\/301
|
|-heal|p1a: Empoleon|349\/371|[from] item: Leftovers
|turn|8
|
|switch|p1a: Landorus-Therian|Landorus-Therian, M|327\/327
|-ability|p1a: Landorus-Therian|Intimidate|[of] p2a: Metagross
|-unboost|p2a: Metagross|atk|1
|move|p2a: Metagross|Hammer Arm|p1a: Landorus-Therian|[miss]
|-miss|p2a: Metagross|p1a: Landorus-Therian
|
|turn|9
|leave|SeventyFive
|c|★wrongright|that celebi is walling me hard
|c|★Reverb|you can 2hko with gyro
|
|switch|p2a: Ferrothorn|Ferrothorn, M|352\/352 par
|-damage|p2a: Ferrothorn|330\/352 par|[from] Stealth Rock
|move|p1a: Landorus-Therian|U-turn|p2a: Ferrothorn
|-damage|p2a: Ferrothorn|270\/352 par
|-damage|p1a: Landorus-Therian|287\/327|[from] ability: Iron Barbs|[of] p2a: Ferrothorn
|c|★Reverb|bc i paraed you
|c| Ox the Box|can he really
|c|★wrongright|ah yeah
|c|★Reverb|i think so
|
|switch|p1a: Keldeo|Keldeo|323\/323
|
|-heal|p2a: Ferrothorn|292\/352 par|[from] item: Leftovers
|turn|10
|join|Invok3r
|
|move|p1a: Keldeo|Secret Sword|p2a: Ferrothorn
|-supereffective|p2a: Ferrothorn
|-damage|p2a: Ferrothorn|0 fnt
|faint|p2a: Ferrothorn
|
|c|★wrongright|ah i think was lefties
|leave|newfren
|
|switch|p2a: Hippowdon|Hippowdon, M|420\/420
|-damage|p2a: Hippowdon|394\/420|[from] Stealth Rock
|turn|11
|leave|Invok3r
|
|switch|p1a: Empoleon|Empoleon, F|349\/371
|move|p2a: Hippowdon|Stealth Rock|p1a: Empoleon
|-sidestart|p1: Reverb|move: Stealth Rock
|
|-heal|p1a: Empoleon|371\/371|[from] item: Leftovers
|-heal|p2a: Hippowdon|420\/420|[from] item: Leftovers
|turn|12
|
|switch|p2a: Manaphy|Manaphy|320\/365
|-damage|p2a: Manaphy|275\/365|[from] Stealth Rock
|move|p1a: Empoleon|Defog|p2a: Manaphy
|-unboost|p2a: Manaphy|evasion|1
|-sideend|p2: wrongright|Stealth Rock|[from] move: Defog|[of] p2a: Manaphy
|-sideend|p1: Reverb|Stealth Rock|[from] move: Defog|[of] p1a: Empoleon
|
|-heal|p2a: Manaphy|297\/365|[from] item: Leftovers
|turn|13
|
|switch|p2a: Metagross|Metagross-Mega|175\/301
|move|p1a: Empoleon|Stealth Rock|p2a: Metagross
|-sidestart|p2: wrongright|move: Stealth Rock
|
|turn|14
|
|move|p2a: Metagross|Hammer Arm|p1a: Empoleon
|-supereffective|p1a: Empoleon
|-damage|p1a: Empoleon|85\/371
|-unboost|p2a: Metagross|spe|1
|move|p1a: Empoleon|Scald|p2a: Metagross
|-damage|p2a: Metagross|36\/301
|-status|p2a: Metagross|brn
|
|-heal|p1a: Empoleon|108\/371|[from] item: Leftovers
|-damage|p2a: Metagross|0 fnt|[from] brn
|faint|p2a: Metagross
|join|kidcashmeout
|
|switch|p2a: Latios|Latios, M|301\/301
|-damage|p2a: Latios|264\/301|[from] Stealth Rock
|turn|15
|leave|oml it's too ez
|
|switch|p1a: Tyranitar|Tyranitar, F|383\/383
|-weather|Sandstorm
|move|p2a: Latios|Draco Meteor|p1a: Tyranitar
|-damage|p1a: Tyranitar|195\/383
|-unboost|p2a: Latios|spa|2
|-damage|p2a: Latios|234\/301|[from] item: Life Orb
|
|-weather|Sandstorm|[upkeep]
|-damage|p2a: Latios|216\/301|[from] sandstorm
|turn|16
|
|move|p2a: Latios|Recover|p2a: Latios
|-heal|p2a: Latios|301\/301
|move|p1a: Tyranitar|Pursuit|p2a: Latios
|-supereffective|p2a: Latios
|-damage|p2a: Latios|35\/301
|
|-weather|Sandstorm|[upkeep]
|-damage|p2a: Latios|17\/301|[from] sandstorm
|turn|17
|
|move|p2a: Latios|Defog|p1a: Tyranitar
|-unboost|p1a: Tyranitar|evasion|1
|-sideend|p2: wrongright|Stealth Rock|[from] move: Defog|[of] p2a: Latios
|move|p1a: Tyranitar|Pursuit|p2a: Latios
|-supereffective|p2a: Latios
|-damage|p2a: Latios|0 fnt
|faint|p2a: Latios
|
|-weather|Sandstorm|[upkeep]
|
|switch|p2a: Talonflame|Talonflame, M|327\/327
|turn|18
|join|Silver~Aurum
|
|switch|p1a: Landorus-Therian|Landorus-Therian, M|287\/327
|-ability|p1a: Landorus-Therian|Intimidate|[of] p2a: Talonflame
|-unboost|p2a: Talonflame|atk|1
|move|p2a: Talonflame|Swords Dance|p2a: Talonflame
|-boost|p2a: Talonflame|atk|2
|
|-weather|Sandstorm|[upkeep]
|-damage|p2a: Talonflame|307\/327|[from] sandstorm
|turn|19
|
|move|p2a: Talonflame|Brave Bird|p1a: Landorus-Therian
|-damage|p1a: Landorus-Therian|0 fnt
|-damage|p2a: Talonflame|212\/327|[from] recoil|[of] p1a: Landorus-Therian
|faint|p1a: Landorus-Therian
|
|-weather|none
|
|switch|p1a: Tyranitar|Tyranitar, F|195\/383
|-weather|Sandstorm
|turn|20
|
|switch|p2a: Hippowdon|Hippowdon, M|420\/420
|move|p1a: Tyranitar|Crunch|p2a: Hippowdon
|-damage|p2a: Hippowdon|276\/420
|-unboost|p2a: Hippowdon|def|1
|
|-weather|Sandstorm|[upkeep]
|-heal|p2a: Hippowdon|302\/420|[from] item: Leftovers
|turn|21
|
|switch|p1a: Empoleon|Empoleon, F|108\/371
|move|p2a: Hippowdon|Stealth Rock|p1a: Empoleon
|-sidestart|p1: Reverb|move: Stealth Rock
|
|-weather|Sandstorm|[upkeep]
|-heal|p1a: Empoleon|131\/371|[from] item: Leftovers
|-heal|p2a: Hippowdon|328\/420|[from] item: Leftovers
|turn|22
|join|Teddeh
|join|I ABR I
|leave|I ABR I
|
|move|p1a: Empoleon|Stealth Rock|p2a: Hippowdon
|-sidestart|p2: wrongright|move: Stealth Rock
|move|p2a: Hippowdon|Earthquake|p1a: Empoleon
|-supereffective|p1a: Empoleon
|-damage|p1a: Empoleon|0 fnt
|faint|p1a: Empoleon
|
|-weather|Sandstorm|[upkeep]
|-heal|p2a: Hippowdon|354\/420|[from] item: Leftovers
|join|snuggles n' fluff
|c|★wrongright|is ttar band
|c|★Reverb|ye
|
|switch|p1a: Keldeo|Keldeo|323\/323
|-damage|p1a: Keldeo|303\/323|[from] Stealth Rock
|turn|23
|
|switch|p2a: Manaphy|Manaphy|297\/365
|-damage|p2a: Manaphy|252\/365|[from] Stealth Rock
|move|p1a: Keldeo|Scald|p2a: Manaphy
|-crit|p2a: Manaphy
|-resisted|p2a: Manaphy
|-damage|p2a: Manaphy|83\/365
|
|-weather|Sandstorm|[upkeep]
|-damage|p1a: Keldeo|283\/323|[from] sandstorm
|-damage|p2a: Manaphy|61\/365|[from] sandstorm
|-heal|p2a: Manaphy|83\/365|[from] item: Leftovers
|turn|24
|
|move|p1a: Keldeo|Scald|p2a: Manaphy
|-resisted|p2a: Manaphy
|-damage|p2a: Manaphy|0 fnt
|faint|p2a: Manaphy
|
|-weather|none
|
|switch|p2a: Talonflame|Talonflame, M|212\/327
|-damage|p2a: Talonflame|49\/327|[from] Stealth Rock
|turn|25
|
|switch|p1a: Tyranitar|Tyranitar, F|195\/383
|-damage|p1a: Tyranitar|148\/383|[from] Stealth Rock
|-weather|Sandstorm
|move|p2a: Talonflame|Brave Bird|p1a: Tyranitar
|-resisted|p1a: Tyranitar
|-damage|p1a: Tyranitar|67\/383
|-damage|p2a: Talonflame|22\/327|[from] recoil|[of] p1a: Tyranitar
|
|-weather|Sandstorm|[upkeep]
|-damage|p2a: Talonflame|2\/327|[from] sandstorm
|turn|26
|
|move|p2a: Talonflame|Brave Bird|p1a: Tyranitar
|-resisted|p1a: Tyranitar
|-damage|p1a: Tyranitar|0 fnt
|-damage|p2a: Talonflame|0 fnt|[from] recoil|[of] p1a: Tyranitar
|faint|p1a: Tyranitar
|faint|p2a: Talonflame
|
|-weather|Sandstorm|[upkeep]
|
|switch|p1a: Keldeo|Keldeo|283\/323
|switch|p2a: Hippowdon|Hippowdon, M|354\/420
|-damage|p1a: Keldeo|263\/323|[from] Stealth Rock
|-damage|p2a: Hippowdon|328\/420|[from] Stealth Rock
|turn|27
|c|★Reverb|gg
|c|★wrongright|gg
|c| Silver~Aurum|Good Game
|
|move|p1a: Keldeo|Scald|p2a: Hippowdon
|-supereffective|p2a: Hippowdon
|-damage|p2a: Hippowdon|0 fnt
|faint|p2a: Hippowdon
|
|win|Reverb
|raw|Ladder updating...