|join|Reverb
|join|SuckerforMetal
|player|p1|Reverb|#reverb
|player|p2|SuckerforMetal|102
|gametype|singles
|gen|6
|tier|OU
|rated
|clearpoke
|poke|p1|Empoleon, F
|poke|p1|Tyranitar, F
|poke|p1|Charizard, F
|poke|p1|Keldeo
|poke|p1|Tangrowth, M
|poke|p1|Landorus-Therian, M
|poke|p2|Gengar, F, shiny
|poke|p2|Hydreigon, M
|poke|p2|Scizor, F
|poke|p2|Starmie
|poke|p2|Lopunny, F, shiny
|poke|p2|Gliscor, F
|rule|Swagger Clause: Swagger is banned
|rule|Baton Pass Clause: Limit one Pokémon knowing Baton Pass
|rule|Sleep Clause Mod: Limit one foe put to sleep
|rule|Species Clause: Limit one of each Pokémon
|rule|OHKO Clause: OHKO moves are banned
|rule|Moody Clause: Moody is banned
|rule|Evasion Moves Clause: Evasion moves are banned
|rule|Endless Battle Clause: Forcing endless battles is banned
|rule|HP Percentage Mod: HP is shown in percentages
|teampreview
|join|The TurtleLord
|join|Omegasization
|join|ya blow kid
|join|haunter
|
|start
|switch|p1a: Landorus-Therian|Landorus-Therian, M|319\/319
|switch|p2a: Starmie|Starmie|261\/261
|-ability|p1a: Landorus-Therian|Intimidate|[of] p2a: Starmie
|-unboost|p2a: Starmie|atk|1
|turn|1
|
|move|p1a: Landorus-Therian|U-turn|p2a: Starmie
|-supereffective|p2a: Starmie
|-damage|p2a: Starmie|71\/261
|
|switch|p1a: Empoleon|Empoleon, F|371\/371
|move|p2a: Starmie|Trick|p1a: Empoleon
|-activate|p2a: Starmie|move: Trick|[of] p1a: Empoleon
|-item|p1a: Empoleon|Choice Specs|[from] move: Trick
|-item|p2a: Starmie|Leftovers|[from] move: Trick
|
|-heal|p2a: Starmie|87\/261|[from] item: Leftovers
|turn|2
|join|I Iike Squirtles
|
|switch|p2a: Hydreigon|Hydreigon, M|325\/325
|move|p1a: Empoleon|Stealth Rock|p2a: Hydreigon
|-sidestart|p2: SuckerforMetal|move: Stealth Rock
|
|turn|3
|
|switch|p1a: Tangrowth|Tangrowth, M|404\/404
|move|p2a: Hydreigon|U-turn|p1a: Tangrowth
|-supereffective|p1a: Tangrowth
|-damage|p1a: Tangrowth|318\/404
|join|Chillingtilnoon
|
|switch|p2a: Gengar|Gengar, F, shiny|259\/259
|-damage|p2a: Gengar|227\/259|[from] Stealth Rock
|
|-heal|p2a: Gengar|243\/259|[from] item: Black Sludge
|turn|4
|
|move|p2a: Gengar|Substitute|p2a: Gengar
|-start|p2a: Gengar|Substitute
|-damage|p2a: Gengar|179\/259
|move|p1a: Tangrowth|Knock Off|p2a: Gengar
|-supereffective|p2a: Gengar
|-end|p2a: Gengar|Substitute
|
|-heal|p2a: Gengar|195\/259|[from] item: Black Sludge
|turn|5
|
|move|p2a: Gengar|Will-O-Wisp|p1a: Tangrowth
|-status|p1a: Tangrowth|brn
|move|p1a: Tangrowth|Knock Off|p2a: Gengar
|-supereffective|p2a: Gengar
|-damage|p2a: Gengar|89\/259
|-enditem|p2a: Gengar|Black Sludge|[from] move: Knock Off|[of] p1a: Tangrowth
|
|-damage|p1a: Tangrowth|268\/404 brn|[from] brn
|turn|6
|
|move|p2a: Gengar|Sludge Wave|p1a: Tangrowth
|-supereffective|p1a: Tangrowth
|-damage|p1a: Tangrowth|2\/404 brn
|move|p1a: Tangrowth|Knock Off|p2a: Gengar
|-supereffective|p2a: Gengar
|-damage|p2a: Gengar|19\/259
|
|-damage|p1a: Tangrowth|0 fnt|[from] brn
|faint|p1a: Tangrowth
|
|switch|p1a: Landorus-Therian|Landorus-Therian, M|319\/319
|-ability|p1a: Landorus-Therian|Intimidate|[of] p2a: Gengar
|-unboost|p2a: Gengar|atk|1
|turn|7
|
|move|p1a: Landorus-Therian|U-turn|p2a: Gengar
|-resisted|p2a: Gengar
|-damage|p2a: Gengar|0 fnt
|faint|p2a: Gengar
|
|switch|p1a: Charizard|Charizard, F|297\/297
|
|
|switch|p2a: Hydreigon|Hydreigon, M|325\/325
|-damage|p2a: Hydreigon|285\/325|[from] Stealth Rock
|turn|8
|join|TheUberTherian
|
|switch|p1a: Empoleon|Empoleon, F|371\/371
|move|p2a: Hydreigon|Draco Meteor|p1a: Empoleon
|-resisted|p1a: Empoleon
|-damage|p1a: Empoleon|245\/371
|-unboost|p2a: Hydreigon|spa|2
|
|turn|9
|
|move|p2a: Hydreigon|Draco Meteor|p1a: Empoleon
|-resisted|p1a: Empoleon
|-damage|p1a: Empoleon|188\/371
|-unboost|p2a: Hydreigon|spa|2
|move|p1a: Empoleon|Scald|p2a: Hydreigon
|-resisted|p2a: Hydreigon
|-damage|p2a: Hydreigon|196\/325
|
|turn|10
|
|switch|p2a: Gliscor|Gliscor, F|352\/352
|-damage|p2a: Gliscor|308\/352|[from] Stealth Rock
|move|p1a: Empoleon|Scald|p2a: Gliscor
|-supereffective|p2a: Gliscor
|-damage|p2a: Gliscor|30\/352
|-status|p2a: Gliscor|brn
|
|-damage|p2a: Gliscor|0 fnt|[from] brn
|faint|p2a: Gliscor
|c|★Reverb|dude you tricked me specs
|c| Omegasization|lol
|c| The TurtleLord|rof
|c|★SuckerforMetal|I wanted tyranitar to come in
|join|Rates
|
|switch|p2a: Lopunny|Lopunny, F, shiny|271\/271
|-damage|p2a: Lopunny|238\/271|[from] Stealth Rock
|turn|11
|
|switch|p1a: Landorus-Therian|Landorus-Therian, M|319\/319
|-ability|p1a: Landorus-Therian|Intimidate|[of] p2a: Lopunny
|-unboost|p2a: Lopunny|atk|1
|detailschange|p2a: Lopunny|Lopunny-Mega, F, shiny
|-mega|p2a: Lopunny|Lopunny|Lopunnite
|move|p2a: Lopunny|High Jump Kick|p1a: Landorus-Therian
|-resisted|p1a: Landorus-Therian
|-damage|p1a: Landorus-Therian|232\/319
|
|turn|12
|
|move|p1a: Landorus-Therian|U-turn|p2a: Lopunny
|-resisted|p2a: Lopunny
|-damage|p2a: Lopunny|193\/271
|
|switch|p1a: Empoleon|Empoleon, F|188\/371
|move|p2a: Lopunny|Ice Punch|p1a: Empoleon
|-resisted|p1a: Empoleon
|-damage|p1a: Empoleon|176\/371
|
|turn|13
|join|TOTEMO
|c| Omegasization|aint even mad
|
|switch|p1a: Landorus-Therian|Landorus-Therian, M|232\/319
|-ability|p1a: Landorus-Therian|Intimidate|[of] p2a: Lopunny
|-unboost|p2a: Lopunny|atk|1
|move|p2a: Lopunny|High Jump Kick|p1a: Landorus-Therian
|-resisted|p1a: Landorus-Therian
|-damage|p1a: Landorus-Therian|169\/319
|
|turn|14
|
|switch|p2a: Starmie|Starmie|87\/261
|-damage|p2a: Starmie|55\/261|[from] Stealth Rock
|move|p1a: Landorus-Therian|U-turn|p2a: Starmie
|-supereffective|p2a: Starmie
|-damage|p2a: Starmie|0 fnt
|faint|p2a: Starmie
|
|switch|p1a: Charizard|Charizard, F|297\/297
|
|
|switch|p2a: Hydreigon|Hydreigon, M|196\/325
|-damage|p2a: Hydreigon|156\/325|[from] Stealth Rock
|turn|15
|join|Escavalier
|
|switch|p1a: Empoleon|Empoleon, F|176\/371
|move|p2a: Hydreigon|U-turn|p1a: Empoleon
|-resisted|p1a: Empoleon
|-damage|p1a: Empoleon|156\/371
|c|★SuckerforMetal|Fucking burn was crucial I had stealth rock on gliscor
|
|switch|p2a: Lopunny|Lopunny-Mega, F, shiny|193\/271
|-damage|p2a: Lopunny|177\/271|[from] Stealth Rock
|
|turn|16
|c|★Reverb|i mean
|c|★Reverb|i dont think that would make it a win for you
|
|move|p2a: Lopunny|High Jump Kick|p1a: Empoleon
|-supereffective|p1a: Empoleon
|-damage|p1a: Empoleon|0 fnt
|faint|p1a: Empoleon
|
|
|switch|p1a: Charizard|Charizard, F|297\/297
|turn|17
|
|switch|p2a: Scizor|Scizor, F|337\/337
|-damage|p2a: Scizor|295\/337|[from] Stealth Rock
|detailschange|p1a: Charizard|Charizard-Mega-Y, F
|-mega|p1a: Charizard|Charizard|Charizardite Y
|-weather|SunnyDay
|move|p1a: Charizard|Flamethrower|p2a: Scizor
|-supereffective|p2a: Scizor
|-damage|p2a: Scizor|0 fnt
|faint|p2a: Scizor
|
|-weather|SunnyDay|[upkeep]
|
|switch|p2a: Hydreigon|Hydreigon, M|156\/325
|-damage|p2a: Hydreigon|116\/325|[from] Stealth Rock
|turn|18
|leave|TOTEMO
|
|move|p2a: Hydreigon|U-turn|p1a: Charizard
|-resisted|p1a: Charizard
|-damage|p1a: Charizard|279\/297
|-message|SuckerforMetal forfeited.
|
|win|Reverb
|raw|Ladder updating...
|leave|SuckerforMetal
|player|p2
|raw|Reverb's rating: 1681 &rarr; <strong>1699<\/strong><br \/>(+18 for winning)
|raw|SuckerforMetal's rating: 1655 &rarr; <strong>1636<\/strong><br \/>(-19 for losing)
|leave|ya blow kid