|join|Gocowboys
|join|Reverb
|player|p1|Gocowboys|50
|player|p2|Reverb|#reverb
|gametype|singles
|gen|6
|tier|OU
|rated
|clearpoke
|poke|p1|Sableye, F
|poke|p1|Scizor, F
|poke|p1|Landorus, M
|poke|p1|Keldeo
|poke|p1|Wobbuffet, F
|poke|p1|Latios, M
|poke|p2|Lopunny, M
|poke|p2|Celebi
|poke|p2|Tyranitar, F
|poke|p2|Keldeo
|poke|p2|Landorus-Therian, M
|poke|p2|Empoleon, M
|rule|Swagger Clause: Swagger is banned
|rule|Baton Pass Clause: Limit one Pokémon knowing Baton Pass
|rule|Sleep Clause Mod: Limit one foe put to sleep
|rule|Species Clause: Limit one of each Pokémon
|rule|OHKO Clause: OHKO moves are banned
|rule|Moody Clause: Moody is banned
|rule|Evasion Moves Clause: Evasion moves are banned
|rule|Endless Battle Clause: Forcing endless battles is banned
|rule|HP Percentage Mod: HP is shown in percentages
|teampreview
|join|The TurtleLord
|
|start
|switch|p1a: Keldeo|Keldeo|323\/323
|switch|p2a: Celebi|Celebi|404\/404
|turn|1
|
|switch|p1a: Scizor|Scizor, F|343\/343
|move|p2a: Celebi|Baton Pass|p2a: Celebi
|
|switch|p2a: Empoleon|Empoleon, M|371\/371
|
|turn|2
|
|move|p1a: Scizor|U-turn|p2a: Empoleon
|-crit|p2a: Empoleon
|-resisted|p2a: Empoleon
|-damage|p2a: Empoleon|248\/371
|
|switch|p1a: Landorus|Landorus, M|319\/319
|move|p2a: Empoleon|Stealth Rock|p1a: Landorus
|-sidestart|p1: Gocowboys|move: Stealth Rock
|
|-heal|p2a: Empoleon|271\/371|[from] item: Leftovers
|turn|3
|
|move|p1a: Landorus|Stealth Rock|p2a: Empoleon
|-sidestart|p2: Reverb|move: Stealth Rock
|move|p2a: Empoleon|Scald|p1a: Landorus
|-supereffective|p1a: Landorus
|-damage|p1a: Landorus|49\/319
|
|-heal|p2a: Empoleon|294\/371|[from] item: Leftovers
|turn|4
|
|switch|p2a: Landorus-Therian|Landorus-Therian, M|327\/327
|-damage|p2a: Landorus-Therian|287\/327|[from] Stealth Rock
|-ability|p2a: Landorus-Therian|Intimidate|[of] p1a: Landorus
|-unboost|p1a: Landorus|atk|1
|move|p1a: Landorus|Earth Power|p2a: Landorus-Therian
|-immune|p2a: Landorus-Therian|[msg]
|
|turn|5
|
|switch|p1a: Keldeo|Keldeo|323\/323
|-damage|p1a: Keldeo|303\/323|[from] Stealth Rock
|move|p2a: Landorus-Therian|U-turn|p1a: Keldeo
|-resisted|p1a: Keldeo
|-damage|p1a: Keldeo|250\/323
|join|DragonTamer99
|
|switch|p2a: Celebi|Celebi|404\/404
|-damage|p2a: Celebi|354\/404|[from] Stealth Rock
|
|-heal|p2a: Celebi|379\/404|[from] item: Leftovers
|turn|6
|
|switch|p1a: Landorus|Landorus, M|49\/319
|-damage|p1a: Landorus|10\/319|[from] Stealth Rock
|move|p2a: Celebi|Thunder Wave|p1a: Landorus
|-immune|p1a: Landorus|[msg]
|
|-heal|p2a: Celebi|404\/404|[from] item: Leftovers
|turn|7
|
|move|p1a: Landorus|Sludge Wave|p2a: Celebi
|-supereffective|p2a: Celebi
|-damage|p2a: Celebi|128\/404
|move|p2a: Celebi|Psychic|p1a: Landorus
|-damage|p1a: Landorus|0 fnt
|faint|p1a: Landorus
|
|-heal|p2a: Celebi|153\/404|[from] item: Leftovers
|
|switch|p1a: Scizor|Scizor, F|343\/343
|-damage|p1a: Scizor|301\/343|[from] Stealth Rock
|turn|8
|join|Ascendant Justice
|
|move|p2a: Celebi|Baton Pass|p2a: Celebi
|
|switch|p2a: Landorus-Therian|Landorus-Therian, M|287\/327
|-damage|p2a: Landorus-Therian|247\/327|[from] Stealth Rock
|-ability|p2a: Landorus-Therian|Intimidate|[of] p1a: Scizor
|-unboost|p1a: Scizor|atk|1
|move|p1a: Scizor|U-turn|p2a: Landorus-Therian
|-resisted|p2a: Landorus-Therian
|-damage|p2a: Landorus-Therian|177\/327
|
|switch|p1a: Wobbuffet|Wobbuffet, F|534\/534
|-damage|p1a: Wobbuffet|468\/534|[from] Stealth Rock
|
|-heal|p1a: Wobbuffet|501\/534|[from] item: Leftovers
|turn|9
|
|move|p2a: Landorus-Therian|Explosion|p1a: Wobbuffet
|-crit|p1a: Wobbuffet
|-damage|p1a: Wobbuffet|0 fnt
|faint|p2a: Landorus-Therian
|faint|p1a: Wobbuffet
|
|c|★Reverb|sry
|join|I Iike Squirtles
|join|Bloodz
|join|Divine Rose
|
|switch|p1a: Keldeo|Keldeo|250\/323
|switch|p2a: Lopunny|Lopunny, M|271\/271
|-damage|p1a: Keldeo|230\/323|[from] Stealth Rock
|-damage|p2a: Lopunny|238\/271|[from] Stealth Rock
|turn|10
|c| DragonTamer99|super exploding landoge
|
|switch|p1a: Latios|Latios, M|301\/301
|-damage|p1a: Latios|264\/301|[from] Stealth Rock
|detailschange|p2a: Lopunny|Lopunny-Mega, M
|-mega|p2a: Lopunny|Lopunny|Lopunnite
|move|p2a: Lopunny|Fake Out|p1a: Latios
|-damage|p1a: Latios|171\/301
|
|turn|11
|
|switch|p2a: Tyranitar|Tyranitar, F|383\/383
|-damage|p2a: Tyranitar|336\/383|[from] Stealth Rock
|-weather|Sandstorm
|move|p1a: Latios|Psyshock|p2a: Tyranitar
|-immune|p2a: Tyranitar|[msg]
|
|-weather|Sandstorm|[upkeep]
|-damage|p1a: Latios|153\/301|[from] sandstorm
|turn|12
|c|★Reverb|oh right
|c|★Reverb|sableye is the mega
|c| DragonTamer99|inb4 pursuit
|c|★Reverb|i mustb e tired
|c|★Reverb|lol
|
|move|p1a: Latios|Surf|p2a: Tyranitar
|-supereffective|p2a: Tyranitar
|-damage|p2a: Tyranitar|146\/383
|-damage|p1a: Latios|123\/301|[from] item: Life Orb
|move|p2a: Tyranitar|Pursuit|p1a: Latios
|-supereffective|p1a: Latios
|-damage|p1a: Latios|0 fnt
|faint|p1a: Latios
|
|-weather|Sandstorm|[upkeep]
|
|switch|p1a: Scizor|Scizor, F|301\/343
|-damage|p1a: Scizor|259\/343|[from] Stealth Rock
|turn|13
|
|move|p2a: Tyranitar|Pursuit|p1a: Scizor
|-damage|p1a: Scizor|133\/343
|move|p1a: Scizor|U-turn|p2a: Tyranitar
|-supereffective|p2a: Tyranitar
|-damage|p2a: Tyranitar|0 fnt
|faint|p2a: Tyranitar
|
|switch|p1a: Keldeo|Keldeo|230\/323
|-damage|p1a: Keldeo|210\/323|[from] Stealth Rock
|
|-weather|Sandstorm|[upkeep]
|-damage|p1a: Keldeo|190\/323|[from] sandstorm
|
|switch|p2a: Lopunny|Lopunny-Mega, M|238\/271
|-damage|p2a: Lopunny|222\/271|[from] Stealth Rock
|turn|14
|
|switch|p1a: Scizor|Scizor, F|133\/343
|-damage|p1a: Scizor|91\/343|[from] Stealth Rock
|move|p2a: Lopunny|Fake Out|p1a: Scizor
|-resisted|p1a: Scizor
|-damage|p1a: Scizor|56\/343
|
|-weather|Sandstorm|[upkeep]
|-damage|p2a: Lopunny|206\/271|[from] sandstorm
|turn|15
|
|switch|p2a: Empoleon|Empoleon, M|294\/371
|-damage|p2a: Empoleon|271\/371|[from] Stealth Rock
|move|p1a: Scizor|U-turn|p2a: Empoleon
|-resisted|p2a: Empoleon
|-damage|p2a: Empoleon|195\/371
|
|switch|p1a: Keldeo|Keldeo|190\/323
|-damage|p1a: Keldeo|170\/323|[from] Stealth Rock
|
|-weather|none
|-heal|p2a: Empoleon|218\/371|[from] item: Leftovers
|turn|16
|
|move|p1a: Keldeo|Secret Sword|p2a: Empoleon
|-supereffective|p2a: Empoleon
|-damage|p2a: Empoleon|0 fnt
|faint|p2a: Empoleon
|
|
|switch|p2a: Celebi|Celebi|153\/404
|-damage|p2a: Celebi|103\/404|[from] Stealth Rock
|turn|17
|
|move|p1a: Keldeo|Secret Sword|p2a: Celebi
|-resisted|p2a: Celebi
|-damage|p2a: Celebi|0 fnt
|faint|p2a: Celebi
|
|
|switch|p2a: Lopunny|Lopunny-Mega, M|206\/271
|-damage|p2a: Lopunny|190\/271|[from] Stealth Rock
|turn|18
|
|move|p2a: Lopunny|Return|p1a: Keldeo
|-damage|p1a: Keldeo|0 fnt
|faint|p1a: Keldeo
|
|
|switch|p1a: Sableye|Sableye, F|304\/304
|-damage|p1a: Sableye|266\/304|[from] Stealth Rock
|turn|19
|join|Tom Bus
|
|move|p1a: Sableye|Calm Mind|p1a: Sableye
|-boost|p1a: Sableye|spa|1
|-boost|p1a: Sableye|spd|1
|move|p2a: Lopunny|High Jump Kick|p1a: Sableye
|-supereffective|p1a: Sableye
|-damage|p1a: Sableye|0 fnt
|faint|p1a: Sableye
|
|
|switch|p1a: Scizor|Scizor, F|56\/343
|-damage|p1a: Scizor|14\/343|[from] Stealth Rock
|turn|20
|c|★Gocowboys|gg
|c|★Reverb|gg
|
|move|p1a: Scizor|Bullet Punch|p2a: Lopunny
|-damage|p2a: Lopunny|3\/271
|move|p2a: Lopunny|Return|p1a: Scizor
|-resisted|p1a: Scizor
|-damage|p1a: Scizor|0 fnt
|faint|p1a: Scizor
|
|win|Reverb
|raw|Ladder updating...
|raw|Gocowboys's rating: 1530 &rarr; <strong>1517<\/strong><br \/>(-13 for losing)
|raw|Reverb's rating: 1661 &rarr; <strong>1674<\/strong><br \/>(+13 for winning)
|leave|Ascendant Justice
|leave|Gocowboys
|player|p1
|leave|Tom Bus