|join|widetomato
|join|ValleCula
|player|p1|widetomato|101
|player|p2|ValleCula|169
|gametype|singles
|gen|6
|tier|OU
|rated
|clearpoke
|poke|p1|Omastar, M
|poke|p1|Pidgeot, M
|poke|p1|Zapdos
|poke|p1|Nidoking, M
|poke|p1|Lapras, M
|poke|p1|Venomoth, M
|poke|p2|Slowbro, M
|poke|p2|Heatran, M
|poke|p2|Latios, M
|poke|p2|Landorus-Therian, M
|poke|p2|Azumarill, F
|poke|p2|Excadrill, M
|rule|Swagger Clause: Swagger is banned
|rule|Baton Pass Clause: Limit one Pokémon knowing Baton Pass
|rule|Sleep Clause Mod: Limit one foe put to sleep
|rule|Species Clause: Limit one of each Pokémon
|rule|OHKO Clause: OHKO moves are banned
|rule|Moody Clause: Moody is banned
|rule|Evasion Moves Clause: Evasion moves are banned
|rule|Endless Battle Clause: Forcing endless battles is banned
|rule|HP Percentage Mod: HP is shown in percentages
|teampreview
|
|start
|switch|p1a: Anarchy Jesus|Zapdos|384\/384
|switch|p2a: Landorus-Therian|Landorus-Therian, M|320\/320
|-ability|p2a: Landorus-Therian|Intimidate|[of] p1a: Anarchy Jesus
|-unboost|p1a: Anarchy Jesus|atk|1
|-ability|p1a: Anarchy Jesus|Pressure
|turn|1
|
|move|p2a: Landorus-Therian|U-turn|p1a: Anarchy Jesus
|-resisted|p1a: Anarchy Jesus
|-damage|p1a: Anarchy Jesus|344\/384
|
|switch|p2a: Heatran|Heatran, M|386\/386
|move|p1a: Anarchy Jesus|Hidden Power|p2a: Heatran
|-resisted|p2a: Heatran
|-damage|p2a: Heatran|376\/386
|
|-heal|p1a: Anarchy Jesus|368\/384|[from] item: Leftovers
|-heal|p2a: Heatran|386\/386|[from] item: Leftovers
|turn|2
|
|switch|p1a: Air Jordan|Lapras, M|464\/464
|move|p2a: Heatran|Stealth Rock|p1a: Air Jordan
|-sidestart|p1: widetomato|move: Stealth Rock
|
|turn|3
|
|switch|p1a: All Terrian Venomo|Venomoth, M|343\/343
|-damage|p1a: All Terrian Venomo|258\/343|[from] Stealth Rock
|move|p2a: Heatran|Protect|p2a: Heatran
|-fail|p2a: Heatran
|
|-heal|p1a: All Terrian Venomo|279\/343|[from] item: Leftovers
|turn|4
|
|move|p1a: All Terrian Venomo|Sleep Powder|p2a: Heatran
|-status|p2a: Heatran|slp
|cant|p2a: Heatran|slp
|
|-heal|p1a: All Terrian Venomo|300\/343|[from] item: Leftovers
|turn|5
|
|switch|p2a: Landorus-Therian|Landorus-Therian, M|320\/320
|-ability|p2a: Landorus-Therian|Intimidate|[of] p1a: All Terrian Venomo
|-unboost|p1a: All Terrian Venomo|atk|1
|move|p1a: All Terrian Venomo|Quiver Dance|p1a: All Terrian Venomo
|-boost|p1a: All Terrian Venomo|spa|1
|-boost|p1a: All Terrian Venomo|spd|1
|-boost|p1a: All Terrian Venomo|spe|1
|
|-heal|p1a: All Terrian Venomo|321\/343|[from] item: Leftovers
|turn|6
|
|move|p2a: Landorus-Therian|Stone Edge|p1a: All Terrian Venomo
|-supereffective|p1a: All Terrian Venomo
|-damage|p1a: All Terrian Venomo|0 fnt
|faint|p1a: All Terrian Venomo
|
|
|switch|p1a: King Fonz|Nidoking, M|304\/304
|-damage|p1a: King Fonz|285\/304|[from] Stealth Rock
|turn|7
|
|switch|p2a: Heatran|Heatran, M|386\/386 slp
|move|p1a: King Fonz|Ice Beam|p2a: Heatran
|-resisted|p2a: Heatran
|-damage|p2a: Heatran|364\/386 slp
|
|-heal|p2a: Heatran|386\/386 slp|[from] item: Leftovers
|turn|8
|
|switch|p2a: Landorus-Therian|Landorus-Therian, M|320\/320
|-ability|p2a: Landorus-Therian|Intimidate|[of] p1a: King Fonz
|-unboost|p1a: King Fonz|atk|1
|move|p1a: King Fonz|Ice Beam|p2a: Landorus-Therian
|-supereffective|p2a: Landorus-Therian
|-damage|p2a: Landorus-Therian|0 fnt
|faint|p2a: Landorus-Therian
|
|
|switch|p2a: Slowbro|Slowbro, M|394\/394
|turn|9
|
|switch|p2a: Azumarill|Azumarill, F|404\/404
|move|p1a: King Fonz|Sludge Wave|p2a: Azumarill
|-supereffective|p2a: Azumarill
|-damage|p2a: Azumarill|0 fnt
|faint|p2a: Azumarill
|
|
|switch|p2a: Latios|Latios, M|302\/302
|turn|10
|
|switch|p1a: Air Jordan|Lapras, M|464\/464
|-damage|p1a: Air Jordan|348\/464|[from] Stealth Rock
|move|p2a: Latios|Psyshock|p1a: Air Jordan
|-damage|p1a: Air Jordan|113\/464
|-damage|p2a: Latios|272\/302|[from] item: Life Orb
|
|turn|11
|
|move|p2a: Latios|Psyshock|p1a: Air Jordan
|-damage|p1a: Air Jordan|0 fnt
|-damage|p2a: Latios|242\/302|[from] item: Life Orb
|faint|p1a: Air Jordan
|
|
|switch|p1a: Anarchy Jesus|Zapdos|368\/384
|-damage|p1a: Anarchy Jesus|272\/384|[from] Stealth Rock
|-ability|p1a: Anarchy Jesus|Pressure
|turn|12
|
|switch|p2a: Heatran|Heatran, M|386\/386 slp
|move|p1a: Anarchy Jesus|Defog|p2a: Heatran
|-unboost|p2a: Heatran|evasion|1
|-sideend|p1: widetomato|Stealth Rock|[from] move: Defog|[of] p1a: Anarchy Jesus
|
|-heal|p1a: Anarchy Jesus|296\/384|[from] item: Leftovers
|turn|13
|
|switch|p1a: Lord Helix|Omastar, M|282\/282
|cant|p2a: Heatran|slp
|
|turn|14
|
|move|p1a: Lord Helix|Shell Smash|p1a: Lord Helix
|-boost|p1a: Lord Helix|atk|2
|-boost|p1a: Lord Helix|spa|2
|-boost|p1a: Lord Helix|spe|2
|-unboost|p1a: Lord Helix|def|1
|-unboost|p1a: Lord Helix|spd|1
|-enditem|p1a: Lord Helix|White Herb
|-restoreboost|p1a: Lord Helix|[silent]
|cant|p2a: Heatran|slp
|
|turn|15
|
|-curestatus|p2a: Heatran|slp
|move|p2a: Heatran|Protect|p2a: Heatran
|-singleturn|p2a: Heatran|Protect
|move|p1a: Lord Helix|Hydro Pump|p2a: Heatran
|-activate|p2a: Heatran|Protect
|
|turn|16
|
|move|p1a: Lord Helix|Hydro Pump|p2a: Heatran
|-supereffective|p2a: Heatran
|-damage|p2a: Heatran|0 fnt
|faint|p2a: Heatran
|
|
|switch|p2a: Slowbro|Slowbro, M|394\/394
|turn|17
|
|detailschange|p2a: Slowbro|Slowbro-Mega, M
|message|Slowbro has Mega Evolved into Mega Slowbro!
|move|p1a: Lord Helix|Ancient Power|p2a: Slowbro
|-damage|p2a: Slowbro|121\/394
|move|p2a: Slowbro|Scald|p1a: Lord Helix
|-damage|p1a: Lord Helix|69\/282
|
|turn|18
|
|move|p1a: Lord Helix|Ancient Power|p2a: Slowbro
|-damage|p2a: Slowbro|0 fnt
|faint|p2a: Slowbro
|
|
|switch|p2a: Excadrill|Excadrill, M|420\/420
|-ability|p2a: Excadrill|Mold Breaker
|turn|19
|
|move|p1a: Lord Helix|Hydro Pump|p2a: Excadrill
|-supereffective|p2a: Excadrill
|-damage|p2a: Excadrill|0 fnt
|faint|p2a: Excadrill
|
|
|switch|p2a: Latios|Latios, M|242\/302
|turn|20
|
|move|p1a: Lord Helix|Ice Beam|p2a: Latios
|-supereffective|p2a: Latios
|-damage|p2a: Latios|0 fnt
|faint|p2a: Latios
|
|win|widetomato
|raw|Ladder updating...
|raw|widetomato's rating: 1545 &rarr; <strong>1563<\/strong><br \/>(+18 for winning)
|raw|ValleCula's rating: 1521 &rarr; <strong>1502<\/strong><br \/>(-19 for losing)
|leave|ValleCula
|player|p2