|join|widetomato
|join|Togia the Gawd
|player|p1|widetomato|101
|player|p2|Togia the Gawd|283
|gametype|singles
|gen|6
|tier|OU
|rated
|clearpoke
|poke|p1|Omastar, F
|poke|p1|Politoed, F
|poke|p1|Swampert, M
|poke|p1|Latias, F
|poke|p1|Ferrothorn, M
|poke|p1|Raikou
|poke|p2|Gyarados, F
|poke|p2|Gothitelle, F
|poke|p2|Espeon, F
|poke|p2|Landorus-Therian, M
|poke|p2|Rotom-Wash
|poke|p2|Excadrill, M
|rule|Swagger Clause: Swagger is banned
|rule|Baton Pass Clause: Limit one Pokémon knowing Baton Pass
|rule|Sleep Clause Mod: Limit one foe put to sleep
|rule|Species Clause: Limit one of each Pokémon
|rule|OHKO Clause: OHKO moves are banned
|rule|Moody Clause: Moody is banned
|rule|Evasion Moves Clause: Evasion moves are banned
|rule|Endless Battle Clause: Forcing endless battles is banned
|rule|HP Percentage Mod: HP is shown in percentages
|teampreview
|
|start
|switch|p1a: Make it rain lika|Politoed, F|384\/384
|switch|p2a: Gothitelle|Gothitelle, F|344\/344
|-weather|RainDance
|turn|1
|
|move|p1a: Make it rain lika|Scald|p2a: Gothitelle
|-damage|p2a: Gothitelle|215\/344
|move|p2a: Gothitelle|Thunderbolt|p1a: Make it rain lika
|-supereffective|p1a: Make it rain lika
|-damage|p1a: Make it rain lika|92\/384
|-status|p1a: Make it rain lika|par
|
|-weather|RainDance|[upkeep]
|turn|2
|
|move|p2a: Gothitelle|Thunderbolt|p1a: Make it rain lika
|-supereffective|p1a: Make it rain lika
|-damage|p1a: Make it rain lika|0 fnt
|faint|p1a: Make it rain lika
|
|-weather|RainDance|[upkeep]
|
|switch|p1a: Swampert|Swampert, M|341\/341
|turn|3
|
|switch|p2a: Landorus-Therian|Landorus-Therian, M|381\/381
|-ability|p2a: Landorus-Therian|Intimidate|[of] p1a: Swampert
|-unboost|p1a: Swampert|atk|1
|detailschange|p1a: Swampert|Swampert-Mega, M
|message|Swampert has Mega Evolved into Mega Swampert!
|move|p1a: Swampert|Power-Up Punch|p2a: Landorus-Therian
|-resisted|p2a: Landorus-Therian
|-damage|p2a: Landorus-Therian|366\/381
|-boost|p1a: Swampert|atk|1
|
|-weather|RainDance|[upkeep]
|-heal|p2a: Landorus-Therian|381\/381|[from] item: Leftovers
|turn|4
|
|move|p1a: Swampert|Waterfall|p2a: Landorus-Therian
|-supereffective|p2a: Landorus-Therian
|-damage|p2a: Landorus-Therian|0 fnt
|faint|p2a: Landorus-Therian
|
|-weather|RainDance|[upkeep]
|
|switch|p2a: Rotom-Wash|Rotom-Wash|304\/304
|turn|5
|
|switch|p1a: Defog eon thingy|Latias, F|319\/319
|move|p2a: Rotom-Wash|Will-O-Wisp|p1a: Defog eon thingy
|-status|p1a: Defog eon thingy|brn
|
|-weather|RainDance|[upkeep]
|-damage|p1a: Defog eon thingy|280\/319 brn|[from] brn
|turn|6
|
|move|p1a: Defog eon thingy|Draco Meteor|p2a: Rotom-Wash
|-damage|p2a: Rotom-Wash|119\/304
|-unboost|p1a: Defog eon thingy|spa|2
|-damage|p1a: Defog eon thingy|249\/319 brn|[from] item: Life Orb
|move|p2a: Rotom-Wash|Volt Switch|p1a: Defog eon thingy
|-resisted|p1a: Defog eon thingy
|-damage|p1a: Defog eon thingy|217\/319 brn
|
|switch|p2a: Gyarados|Gyarados, F|332\/332
|-ability|p2a: Gyarados|Intimidate|[of] p1a: Defog eon thingy
|-unboost|p1a: Defog eon thingy|atk|1
|
|-weather|RainDance|[upkeep]
|-damage|p1a: Defog eon thingy|178\/319 brn|[from] brn
|turn|7
|
|switch|p1a: He'll knock you mo|Ferrothorn, M|352\/352
|detailschange|p2a: Gyarados|Gyarados-Mega, F
|message|Gyarados has Mega Evolved into Mega Gyarados!
|-ability|p2a: Gyarados|Mold Breaker
|move|p2a: Gyarados|Dragon Dance|p2a: Gyarados
|-boost|p2a: Gyarados|atk|1
|-boost|p2a: Gyarados|spe|1
|
|-weather|RainDance|[upkeep]
|turn|8
|
|switch|p2a: Gothitelle|Gothitelle, F|215\/344
|move|p1a: He'll knock you mo|Leech Seed|p2a: Gothitelle|[miss]
|-miss|p1a: He'll knock you mo|p2a: Gothitelle
|
|-weather|none
|turn|9
|
|move|p2a: Gothitelle|Hidden Power|p1a: He'll knock you mo
|-supereffective|p1a: He'll knock you mo
|-damage|p1a: He'll knock you mo|48\/352
|move|p1a: He'll knock you mo|Leech Seed|p2a: Gothitelle
|-start|p2a: Gothitelle|move: Leech Seed
|
|-heal|p1a: He'll knock you mo|70\/352|[from] item: Leftovers
|-damage|p2a: Gothitelle|172\/344|[from] Leech Seed|[of] p1a: He'll knock you mo
|-heal|p1a: He'll knock you mo|113\/352|[silent]
|turn|10
|
|move|p2a: Gothitelle|Hidden Power|p1a: He'll knock you mo
|-supereffective|p1a: He'll knock you mo
|-damage|p1a: He'll knock you mo|0 fnt
|faint|p1a: He'll knock you mo
|
|
|switch|p1a: She told me|Omastar, F|281\/281
|turn|11
|c|★widetomato|i love haw shitty players get all the hax
|
|switch|p2a: Rotom-Wash|Rotom-Wash|119\/304
|move|p1a: She told me|Surf|p2a: Rotom-Wash
|-resisted|p2a: Rotom-Wash
|-damage|p2a: Rotom-Wash|44\/304
|
|-heal|p2a: Rotom-Wash|63\/304|[from] item: Leftovers
|turn|12
|c|★Togia the Gawd|?
|c|★Togia the Gawd|What exactly is shitty?
|
|move|p1a: She told me|Surf|p2a: Rotom-Wash
|-resisted|p2a: Rotom-Wash
|-damage|p2a: Rotom-Wash|0 fnt
|faint|p2a: Rotom-Wash
|
|
|switch|p2a: Espeon|Espeon, F|334\/334
|turn|13
|
|move|p2a: Espeon|Light Screen|p2a: Espeon
|-sidestart|p2: Togia the Gawd|move: Light Screen
|move|p1a: She told me|Surf|p2a: Espeon
|-damage|p2a: Espeon|217\/334
|
|turn|14
|
|switch|p1a: Swampert|Swampert-Mega, M|341\/341
|move|p2a: Espeon|Reflect|p2a: Espeon
|-sidestart|p2: Togia the Gawd|Reflect
|
|turn|15
|
|move|p2a: Espeon|Yawn|p1a: Swampert
|-start|p1a: Swampert|move: Yawn|[of] p2a: Espeon
|move|p1a: Swampert|Power-Up Punch|p2a: Espeon
|-resisted|p2a: Espeon
|-damage|p2a: Espeon|196\/334
|-boost|p1a: Swampert|atk|1
|
|turn|16
|
|switch|p2a: Gyarados|Gyarados-Mega, F|332\/332
|-ability|p2a: Gyarados|Mold Breaker
|switch|p1a: Defog eon thingy|Latias, F|178\/319 brn
|
|-damage|p1a: Defog eon thingy|139\/319 brn|[from] brn
|turn|17
|c|★widetomato|i dont have a deffinition of shitty laying around
|
|move|p1a: Defog eon thingy|Draco Meteor|p2a: Gyarados
|-damage|p2a: Gyarados|234\/332
|-unboost|p1a: Defog eon thingy|spa|2
|-damage|p1a: Defog eon thingy|108\/319 brn|[from] item: Life Orb
|move|p2a: Gyarados|Dragon Dance|p2a: Gyarados
|-boost|p2a: Gyarados|atk|1
|-boost|p2a: Gyarados|spe|1
|
|-damage|p1a: Defog eon thingy|69\/319 brn|[from] brn
|turn|18
|c|★Togia the Gawd|I see
|
|move|p2a: Gyarados|Dragon Dance|p2a: Gyarados
|-boost|p2a: Gyarados|atk|1
|-boost|p2a: Gyarados|spe|1
|move|p1a: Defog eon thingy|Healing Wish|p1a: Defog eon thingy
|faint|p1a: Defog eon thingy
|
|
|switch|p1a: Swampert|Swampert-Mega, M|341\/341
|-heal|p1a: Swampert|341\/341|[from] move: Healing Wish
|turn|19
|
|move|p2a: Gyarados|Waterfall|p1a: Swampert
|-damage|p1a: Swampert|61\/341
|move|p1a: Swampert|Earthquake|p2a: Gyarados
|-damage|p2a: Gyarados|139\/332
|
|turn|20
|-message|widetomato forfeited.
|
|win|Togia the Gawd
|raw|Ladder updating...
|leave|widetomato
|player|p1
|raw|widetomato's rating: 1395 &rarr; <strong>1375<\/strong><br \/>(-20 for losing)
|raw|Togia the Gawd's rating: 1392 &rarr; <strong>1412<\/strong><br \/>(+20 for winning)