|join|Wond3rbread
|join|Iodic
|player|p1|Wond3rbread|165
|player|p2|Iodic|264
|gametype|singles
|gen|6
|tier|OU
|rated
|clearpoke
|poke|p1|Landorus, M
|poke|p1|Garchomp, M
|poke|p1|Scizor, M
|poke|p1|Azumarill, F
|poke|p1|Gengar, F
|poke|p1|Keldeo
|poke|p2|Sylveon, F
|poke|p2|Slowbro, M
|poke|p2|Scizor, M
|poke|p2|Lopunny, F, shiny
|poke|p2|Serperior, F
|poke|p2|Infernape, M
|rule|Swagger Clause: Swagger is banned
|rule|Baton Pass Clause: Limit one Pokémon knowing Baton Pass
|rule|Sleep Clause Mod: Limit one foe put to sleep
|rule|Species Clause: Limit one of each Pokémon
|rule|OHKO Clause: OHKO moves are banned
|rule|Moody Clause: Moody is banned
|rule|Evasion Moves Clause: Evasion moves are banned
|rule|Endless Battle Clause: Forcing endless battles is banned
|rule|HP Percentage Mod: HP is shown in percentages
|teampreview
|join|Invok3r
|c|★Wond3rbread|ooh seperior
|
|start
|switch|p1a: Garchomp|Garchomp, M|357\/357
|switch|p2a: Stalin|Scizor, M|343\/343
|turn|1
|c|★Wond3rbread|nb
|c|★Wond3rbread|nice contrary threat
|c|★Iodic|yush
|c|★Wond3rbread|:]
|c| Invok3r|we dont have much for serp
|c| Invok3r|lol
|join|Musashi1054
|
|move|p1a: Garchomp|Stealth Rock|p2a: Stalin
|-sidestart|p2: Iodic|move: Stealth Rock
|move|p2a: Stalin|U-turn|p1a: Garchomp
|-damage|p1a: Garchomp|150\/357
|-damage|p2a: Stalin|301\/343|[from] ability: Rough Skin|[of] p1a: Garchomp
|c|★Wond3rbread|he just gets shreded alive by sd scizor tho
|c|★Wond3rbread|then again most offense does
|
|switch|p2a: Victoria|Serperior, F|353\/353
|-damage|p2a: Victoria|309\/353|[from] Stealth Rock
|
|turn|2
|c| Invok3r|*everything
|
|move|p2a: Victoria|Leaf Storm|p1a: Garchomp
|-damage|p1a: Garchomp|12\/357
|-boost|p2a: Victoria|spa|2
|move|p1a: Garchomp|Dragon Claw|p2a: Victoria
|-damage|p2a: Victoria|150\/353
|
|turn|3
|c| Invok3r|nice power
|c| Invok3r|oh shit hes scarf
|c|★Wond3rbread|EATING it awp.
|c|★Wond3rbread|he's in bp range
|c|★Wond3rbread|anyway
|
|move|p2a: Victoria|Leaf Storm|p1a: Garchomp
|-damage|p1a: Garchomp|0 fnt
|-boost|p2a: Victoria|spa|2
|faint|p1a: Garchomp
|
|c| Invok3r|yh
|
|switch|p1a: Scizor|Scizor, M|281\/281
|turn|4
|
|detailschange|p1a: Scizor|Scizor-Mega, M
|-mega|p1a: Scizor|Scizor|Scizorite
|move|p1a: Scizor|Bullet Punch|p2a: Victoria
|-damage|p2a: Victoria|14\/353
|move|p2a: Victoria|Reflect|p2a: Victoria
|-sidestart|p2: Iodic|Reflect
|
|turn|5
|c|★Wond3rbread|o.o
|c|★Wond3rbread|wait wut
|c| Invok3r|gg wp
|
|move|p1a: Scizor|Bullet Punch|p2a: Victoria
|-damage|p2a: Victoria|0 fnt
|faint|p2a: Victoria
|
|c|★Wond3rbread|dodged a bullet
|c| Invok3r|u lose
|
|switch|p2a: Stalin|Scizor, M|301\/343
|-damage|p2a: Stalin|259\/343|[from] Stealth Rock
|turn|6
|c|★Wond3rbread|lol
|c|★Iodic|wait fuck misclick
|c|★Iodic|goddammit
|c|★Wond3rbread|lool.
|c| Invok3r|oh wait you have a chance still
|c| Invok3r|nvm
|
|move|p1a: Scizor|Superpower|p2a: Stalin
|-damage|p2a: Stalin|168\/343
|-unboost|p1a: Scizor|atk|1
|-unboost|p1a: Scizor|def|1
|move|p2a: Stalin|U-turn|p1a: Scizor
|-resisted|p1a: Scizor
|-damage|p1a: Scizor|164\/281
|c| Invok3r|reflect helps him a lot
|c|★Wond3rbread|that did nothin
|c| Invok3r|wait why would you sp
|c| Invok3r|...
|c|★Wond3rbread|and that did waayy to much
|
|switch|p2a: Mao|Infernape, M|293\/293
|-damage|p2a: Mao|257\/293|[from] Stealth Rock
|
|turn|7
|c|★Wond3rbread|get off damage so I can sweep him
|c|★Wond3rbread|w\/ +2 bp
|
|switch|p1a: Azumarill|Azumarill, F|345\/345
|move|p2a: Mao|Stealth Rock|p1a: Azumarill
|-sidestart|p1: Wond3rbread|move: Stealth Rock
|
|turn|8
|
|switch|p2a: Henry|Slowbro, M|394\/394
|-damage|p2a: Henry|345\/394|[from] Stealth Rock
|move|p1a: Azumarill|Play Rough|p2a: Henry|[miss]
|-miss|p1a: Azumarill|p2a: Henry
|
|-heal|p2a: Henry|369\/394|[from] item: Leftovers
|turn|9
|join|Alldaalts
|
|move|p1a: Azumarill|Knock Off|p2a: Henry
|-supereffective|p2a: Henry
|-damage|p2a: Henry|276\/394
|-enditem|p2a: Henry|Leftovers|[from] move: Knock Off|[of] p1a: Azumarill
|move|p2a: Henry|Psychic|p1a: Azumarill
|-damage|p1a: Azumarill|269\/345
|
|turn|10
|
|move|p1a: Azumarill|Play Rough|p2a: Henry
|-damage|p2a: Henry|205\/394
|move|p2a: Henry|Scald|p1a: Azumarill
|-resisted|p1a: Azumarill
|-damage|p1a: Azumarill|237\/345
|
|turn|11
|
|switch|p2a: Diana|Lopunny, F, shiny|272\/272
|-damage|p2a: Diana|238\/272|[from] Stealth Rock
|move|p1a: Azumarill|Play Rough|p2a: Diana
|-damage|p2a: Diana|127\/272
|
|-sideend|p2: Iodic|Reflect
|turn|12
|
|detailschange|p2a: Diana|Lopunny-Mega, F, shiny
|-mega|p2a: Diana|Lopunny|Lopunnite
|move|p2a: Diana|Fake Out|p1a: Azumarill
|-damage|p1a: Azumarill|141\/345
|cant|p1a: Azumarill|flinch
|
|turn|13
|
|move|p1a: Azumarill|Aqua Jet|p2a: Diana
|-damage|p2a: Diana|40\/272
|move|p2a: Diana|Return|p1a: Azumarill
|-damage|p1a: Azumarill|0 fnt
|faint|p1a: Azumarill
|
|
|switch|p1a: Scizor|Scizor-Mega, M|164\/281
|-damage|p1a: Scizor|129\/281|[from] Stealth Rock
|turn|14
|
|move|p1a: Scizor|Bullet Punch|p2a: Diana
|-damage|p2a: Diana|0 fnt
|faint|p2a: Diana
|
|c|★Iodic|gdi
|c| Invok3r|what is gdi
|
|switch|p2a: Henry|Slowbro, M|336\/394
|-damage|p2a: Henry|287\/394|[from] Stealth Rock
|turn|15
|c|★Wond3rbread|no idea
|c|★Iodic|goddammit
|c| Invok3r|o
|c|★Wond3rbread|lol
|
|move|p1a: Scizor|Bug Bite|p2a: Henry
|-supereffective|p2a: Henry
|-damage|p2a: Henry|9\/394
|move|p2a: Henry|Scald|p1a: Scizor
|-damage|p1a: Scizor|27\/281
|
|turn|16
|c|★Wond3rbread|oh that doesn't kill
|c| Invok3r|lol
|c| Invok3r|bulky af
|
|move|p1a: Scizor|Bug Bite|p2a: Henry
|-supereffective|p2a: Henry
|-damage|p2a: Henry|0 fnt
|faint|p2a: Henry
|
|c|★Wond3rbread|lol irkr
|c|★Wond3rbread|*ikr
|c| Invok3r|you know something interesting
|c| Invok3r|this team was originally a mod of subzeromk's team, but 4 mons got changed
|c| Invok3r|lol
|c|★Wond3rbread|ol
|c|★Wond3rbread|*lol
|c|★Wond3rbread|this team is rly fun
|c|★Wond3rbread|to use
|
|switch|p2a: Mao|Infernape, M|257\/293
|-damage|p2a: Mao|221\/293|[from] Stealth Rock
|turn|17
|c| Invok3r|who is ur op
|
|move|p1a: Scizor|Bullet Punch|p2a: Mao
|-resisted|p2a: Mao
|-damage|p2a: Mao|127\/293
|move|p2a: Mao|Overheat|p1a: Scizor
|-supereffective|p1a: Scizor
|-damage|p1a: Scizor|0 fnt
|-unboost|p2a: Mao|spa|2
|faint|p1a: Scizor
|
|c| Invok3r|for fl
|join|beardy man
|c| Invok3r|?
|c|★Wond3rbread|I think A something
|c|★Wond3rbread|I can't remembr his name
|c| Invok3r|a terrak?
|c|★Wond3rbread|n
|
|switch|p1a: Landorus|Landorus, M|319\/319
|-damage|p1a: Landorus|280\/319|[from] Stealth Rock
|turn|18
|c| Invok3r|oh alkov
|c|★Wond3rbread|it just started w\/ a
|c| Invok3r|hes on right now
|c|★Wond3rbread|yh I gtg tho
|
|move|p2a: Mao|Endeavor|p1a: Landorus
|-damage|p1a: Landorus|127\/319
|move|p1a: Landorus|Earth Power|p2a: Mao
|-supereffective|p2a: Mao
|-damage|p2a: Mao|0 fnt
|faint|p2a: Mao
|
|c|★Wond3rbread|after this battle
|c| Invok3r|pussE
|c| Invok3r|:[
|c| Invok3r|jk fam
|c|★Wond3rbread|n its 10:00
|
|switch|p2a: Stalin|Scizor, M|168\/343
|-damage|p2a: Stalin|126\/343|[from] Stealth Rock
|turn|19
|c|★Wond3rbread|and I have school
|c|★Wond3rbread|xD
|c| Invok3r|east coast sweg
|c| Invok3r|7 here in cali
|c|★Wond3rbread|hehe bwi
|
|move|p2a: Stalin|Bullet Punch|p1a: Landorus
|-damage|p1a: Landorus|0 fnt
|faint|p1a: Landorus
|
|join|mistaken
|c| Invok3r|lemme gues
|c|★Wond3rbread|*bwoi
|c| Invok3r|you live in mass
|leave|mistaken
|c| Invok3r|?
|
|switch|p1a: Keldeo|Keldeo|323\/323
|-damage|p1a: Keldeo|303\/323|[from] Stealth Rock
|turn|20
|c|★Wond3rbread|n
|c| Invok3r|ny?
|
|move|p2a: Stalin|Bullet Punch|p1a: Keldeo
|-resisted|p1a: Keldeo
|-damage|p1a: Keldeo|204\/323
|move|p1a: Keldeo|Scald|p2a: Stalin
|-damage|p2a: Stalin|0 fnt
|faint|p2a: Stalin
|
|
|switch|p2a: Catherine|Sylveon, F|392\/392
|-damage|p2a: Catherine|343\/392|[from] Stealth Rock
|turn|21
|c| Invok3r|seriously which state
|c| Invok3r|florida?
|c| Invok3r|south carolina?
|leave|beardy man
|c|★Wond3rbread|nah
|c|★Wond3rbread|NYC
|c| Invok3r|oh
|
|move|p1a: Keldeo|Scald|p2a: Catherine
|-damage|p2a: Catherine|235\/392
|move|p2a: Catherine|Psyshock|p1a: Keldeo
|-supereffective|p1a: Keldeo
|-damage|p1a: Keldeo|0 fnt
|faint|p1a: Keldeo
|
|c| Invok3r|did you meet joey before?
|c| Invok3r|irl
|c|★Wond3rbread|not irl
|
|switch|p1a: Gengar|Gengar, F|261\/261
|-damage|p1a: Gengar|229\/261|[from] Stealth Rock
|turn|22
|c| Invok3r|scarf sylveon
|c| Invok3r|please
|c| Invok3r|please
|c|★Wond3rbread|LOL
|
|move|p1a: Gengar|Sludge Wave|p2a: Catherine
|-supereffective|p2a: Catherine
|-damage|p2a: Catherine|0 fnt
|-damage|p1a: Gengar|203\/261|[from] item: Life Orb
|faint|p2a: Catherine
|
|win|Wond3rbread
|raw|Ladder updating...
|c|★Wond3rbread|he's specs
|c|★Iodic|lol
|raw|Wond3rbread's rating: 1625 &rarr; <strong>1643<\/strong><br \/>(+18 for winning)
|raw|Iodic's rating: 1588 &rarr; <strong>1570<\/strong><br \/>(-18 for losing)
|c|★Iodic|gg
|c|★Wond3rbread|gg
|c| Invok3r|did you meet etika b4?
|leave|Alldaalts
|c| Invok3r|wond3r