|join|TheOneOutkast00
|join|Iodic
|player|p1|TheOneOutkast00|135
|player|p2|Iodic|264
|gametype|singles
|gen|6
|tier|OU
|rated
|clearpoke
|poke|p1|Gallade, M, shiny
|poke|p1|Heatran, F, shiny
|poke|p1|Mandibuzz, F, shiny
|poke|p1|Rotom-Wash, shiny
|poke|p1|Landorus-Therian, M, shiny
|poke|p1|Greninja, M, shiny
|poke|p2|Sylveon, M
|poke|p2|Slowbro, F
|poke|p2|Scizor, F
|poke|p2|Garchomp, M, shiny
|poke|p2|Rotom-Wash
|poke|p2|Lopunny, M
|rule|Swagger Clause: Swagger is banned
|rule|Baton Pass Clause: Limit one Pokémon knowing Baton Pass
|rule|Sleep Clause Mod: Limit one foe put to sleep
|rule|Species Clause: Limit one of each Pokémon
|rule|OHKO Clause: OHKO moves are banned
|rule|Moody Clause: Moody is banned
|rule|Evasion Moves Clause: Evasion moves are banned
|rule|Endless Battle Clause: Forcing endless battles is banned
|rule|HP Percentage Mod: HP is shown in percentages
|teampreview
|c|★Iodic|sigh all these greninja teams
|c|★TheOneOutkast00|i needed a fast special attacker
|
|start
|switch|p1a: Rotom-Wash|Rotom-Wash, shiny|304\/304
|switch|p2a: Garlock|Garchomp, M, shiny|357\/357
|turn|1
|
|switch|p2a: Ladykiller|Sylveon, M|392\/392
|move|p1a: Rotom-Wash|Will-O-Wisp|p2a: Ladykiller
|-status|p2a: Ladykiller|brn
|
|-damage|p2a: Ladykiller|343\/392 brn|[from] brn
|turn|2
|
|move|p1a: Rotom-Wash|Discharge|p2a: Ladykiller
|-damage|p2a: Ladykiller|259\/392 brn
|move|p2a: Ladykiller|Baton Pass|p2a: Ladykiller
|
|switch|p2a: Prince|Lopunny, M|272\/272
|
|turn|3
|
|switch|p1a: Landorus-Therian|Landorus-Therian, M, shiny|382\/382
|-ability|p1a: Landorus-Therian|Intimidate|[of] p2a: Prince
|-unboost|p2a: Prince|atk|1
|detailschange|p2a: Prince|Lopunny-Mega, M
|-mega|p2a: Prince|Lopunny|Lopunnite
|move|p2a: Prince|Fake Out|p1a: Landorus-Therian
|-crit|p1a: Landorus-Therian
|-damage|p1a: Landorus-Therian|295\/382
|
|-heal|p1a: Landorus-Therian|318\/382|[from] item: Leftovers
|turn|4
|
|switch|p2a: Garlock|Garchomp, M, shiny|357\/357
|move|p1a: Landorus-Therian|Stealth Rock|p2a: Garlock
|-sidestart|p2: Iodic|move: Stealth Rock
|
|-heal|p1a: Landorus-Therian|341\/382|[from] item: Leftovers
|turn|5
|
|move|p2a: Garlock|Stealth Rock|p1a: Landorus-Therian
|-sidestart|p1: TheOneOutkast00|move: Stealth Rock
|move|p1a: Landorus-Therian|Knock Off|p2a: Garlock
|-damage|p2a: Garlock|255\/357
|-damage|p1a: Landorus-Therian|294\/382|[from] ability: Rough Skin|[of] p2a: Garlock
|-enditem|p2a: Garlock|Life Orb|[from] move: Knock Off|[of] p1a: Landorus-Therian
|
|-heal|p1a: Landorus-Therian|317\/382|[from] item: Leftovers
|turn|6
|
|move|p2a: Garlock|Dragon Claw|p1a: Landorus-Therian
|-damage|p1a: Landorus-Therian|205\/382
|move|p1a: Landorus-Therian|Knock Off|p2a: Garlock
|-damage|p2a: Garlock|175\/357
|-damage|p1a: Landorus-Therian|158\/382|[from] ability: Rough Skin|[of] p2a: Garlock
|
|-heal|p1a: Landorus-Therian|181\/382|[from] item: Leftovers
|turn|7
|
|switch|p1a: Mandibuzz|Mandibuzz, F, shiny|424\/424
|-damage|p1a: Mandibuzz|318\/424|[from] Stealth Rock
|move|p2a: Garlock|Dragon Claw|p1a: Mandibuzz
|-damage|p1a: Mandibuzz|213\/424
|
|-heal|p1a: Mandibuzz|239\/424|[from] item: Leftovers
|turn|8
|
|switch|p2a: Ladykiller|Sylveon, M|259\/392 brn
|-damage|p2a: Ladykiller|210\/392 brn|[from] Stealth Rock
|move|p1a: Mandibuzz|Defog|p2a: Ladykiller
|-unboost|p2a: Ladykiller|evasion|1
|-sideend|p2: Iodic|Stealth Rock|[from] move: Defog|[of] p2a: Ladykiller
|-sideend|p1: TheOneOutkast00|Stealth Rock|[from] move: Defog|[of] p1a: Mandibuzz
|
|-heal|p1a: Mandibuzz|265\/424|[from] item: Leftovers
|-damage|p2a: Ladykiller|161\/392 brn|[from] brn
|turn|9
|
|switch|p1a: Heatran|Heatran, F, shiny|385\/385
|move|p2a: Ladykiller|Hyper Voice|p1a: Heatran
|-resisted|p1a: Heatran
|-damage|p1a: Heatran|334\/385
|
|-heal|p1a: Heatran|358\/385|[from] item: Leftovers
|-damage|p2a: Ladykiller|112\/392 brn|[from] brn
|turn|10
|
|switch|p2a: Garlock|Garchomp, M, shiny|175\/357
|move|p1a: Heatran|Taunt|p2a: Garlock
|-start|p2a: Garlock|move: Taunt
|
|-heal|p1a: Heatran|382\/385|[from] item: Leftovers
|turn|11
|
|switch|p1a: Mandibuzz|Mandibuzz, F, shiny|265\/424
|move|p2a: Garlock|Earthquake|p1a: Mandibuzz
|-immune|p1a: Mandibuzz|[msg]
|
|-heal|p1a: Mandibuzz|291\/424|[from] item: Leftovers
|turn|12
|
|switch|p2a: Ecto|Rotom-Wash|304\/304
|move|p1a: Mandibuzz|Toxic|p2a: Ecto
|-status|p2a: Ecto|tox
|
|-heal|p1a: Mandibuzz|317\/424|[from] item: Leftovers
|-damage|p2a: Ecto|285\/304 tox|[from] psn
|turn|13
|
|switch|p1a: Heatran|Heatran, F, shiny|382\/385
|move|p2a: Ecto|Volt Switch|p1a: Heatran
|-damage|p1a: Heatran|319\/385
|
|switch|p2a: Garlock|Garchomp, M, shiny|175\/357
|
|-heal|p1a: Heatran|343\/385|[from] item: Leftovers
|turn|14
|
|switch|p1a: Landorus-Therian|Landorus-Therian, M, shiny|181\/382
|-ability|p1a: Landorus-Therian|Intimidate|[of] p2a: Garlock
|-unboost|p2a: Garlock|atk|1
|move|p2a: Garlock|Stealth Rock|p1a: Landorus-Therian
|-sidestart|p1: TheOneOutkast00|move: Stealth Rock
|
|-heal|p1a: Landorus-Therian|204\/382|[from] item: Leftovers
|turn|15
|
|move|p2a: Garlock|Dragon Claw|p1a: Landorus-Therian
|-damage|p1a: Landorus-Therian|129\/382
|move|p1a: Landorus-Therian|Earthquake|p2a: Garlock
|-damage|p2a: Garlock|15\/357
|
|-heal|p1a: Landorus-Therian|152\/382|[from] item: Leftovers
|turn|16
|
|switch|p2a: Ecto|Rotom-Wash|285\/304 tox
|switch|p1a: Mandibuzz|Mandibuzz, F, shiny|317\/424
|-damage|p1a: Mandibuzz|211\/424|[from] Stealth Rock
|
|-heal|p2a: Ecto|304\/304 tox|[from] item: Leftovers
|-heal|p1a: Mandibuzz|237\/424|[from] item: Leftovers
|-damage|p2a: Ecto|285\/304 tox|[from] psn
|turn|17
|
|move|p2a: Ecto|Volt Switch|p1a: Mandibuzz
|-supereffective|p1a: Mandibuzz
|-damage|p1a: Mandibuzz|63\/424
|
|switch|p2a: Ladykiller|Sylveon, M|112\/392 brn
|move|p1a: Mandibuzz|Roost|p1a: Mandibuzz
|-heal|p1a: Mandibuzz|275\/424
|
|-heal|p1a: Mandibuzz|301\/424|[from] item: Leftovers
|-damage|p2a: Ladykiller|63\/392 brn|[from] brn
|turn|18
|
|switch|p1a: Heatran|Heatran, F, shiny|343\/385
|-damage|p1a: Heatran|295\/385|[from] Stealth Rock
|move|p2a: Ladykiller|Hyper Voice|p1a: Heatran
|-resisted|p1a: Heatran
|-damage|p1a: Heatran|242\/385
|
|-heal|p1a: Heatran|266\/385|[from] item: Leftovers
|-damage|p2a: Ladykiller|14\/392 brn|[from] brn
|turn|19
|
|switch|p2a: Garlock|Garchomp, M, shiny|15\/357
|move|p1a: Heatran|Lava Plume|p2a: Garlock
|-resisted|p2a: Garlock
|-damage|p2a: Garlock|0 fnt
|faint|p2a: Garlock
|
|-heal|p1a: Heatran|290\/385|[from] item: Leftovers
|
|switch|p2a: Ecto|Rotom-Wash|285\/304 tox
|turn|20
|
|switch|p1a: Rotom-Wash|Rotom-Wash, shiny|304\/304
|-damage|p1a: Rotom-Wash|266\/304|[from] Stealth Rock
|move|p2a: Ecto|Hydro Pump|p1a: Rotom-Wash
|-crit|p1a: Rotom-Wash
|-resisted|p1a: Rotom-Wash
|-damage|p1a: Rotom-Wash|202\/304
|
|-heal|p2a: Ecto|304\/304 tox|[from] item: Leftovers
|-heal|p1a: Rotom-Wash|221\/304|[from] item: Leftovers
|-damage|p2a: Ecto|285\/304 tox|[from] psn
|turn|21
|
|move|p2a: Ecto|Volt Switch|p1a: Rotom-Wash
|-damage|p1a: Rotom-Wash|158\/304
|
|switch|p2a: Ladykiller|Sylveon, M|14\/392 brn
|move|p1a: Rotom-Wash|Pain Split|p2a: Ladykiller
|-sethp|p2a: Ladykiller|86\/392 brn|p1a: Rotom-Wash|86\/304|[from] move: Pain Split
|
|-heal|p1a: Rotom-Wash|105\/304|[from] item: Leftovers
|-damage|p2a: Ladykiller|37\/392 brn|[from] brn
|turn|22
|
|move|p1a: Rotom-Wash|Discharge|p2a: Ladykiller
|-damage|p2a: Ladykiller|0 fnt
|faint|p2a: Ladykiller
|
|-heal|p1a: Rotom-Wash|124\/304|[from] item: Leftovers
|
|switch|p2a: Prince|Lopunny-Mega, M|272\/272
|turn|23
|c|★TheOneOutkast00|well shit
|
|switch|p1a: Gallade|Gallade, M, shiny|277\/277
|-damage|p1a: Gallade|260\/277|[from] Stealth Rock
|move|p2a: Prince|Fake Out|p1a: Gallade
|-damage|p1a: Gallade|160\/277
|
|turn|24
|
|switch|p2a: Gretchen|Slowbro, F|394\/394
|detailschange|p1a: Gallade|Gallade-Mega, M, shiny
|-mega|p1a: Gallade|Gallade|Galladite
|move|p1a: Gallade|Close Combat|p2a: Gretchen
|-resisted|p2a: Gretchen
|-damage|p2a: Gretchen|299\/394
|-unboost|p1a: Gallade|def|1
|-unboost|p1a: Gallade|spd|1
|
|-heal|p2a: Gretchen|323\/394|[from] item: Leftovers
|turn|25
|
|switch|p1a: Rotom-Wash|Rotom-Wash, shiny|124\/304
|-damage|p1a: Rotom-Wash|86\/304|[from] Stealth Rock
|move|p2a: Gretchen|Scald|p1a: Rotom-Wash
|-resisted|p1a: Rotom-Wash
|-damage|p1a: Rotom-Wash|53\/304
|
|-heal|p1a: Rotom-Wash|72\/304|[from] item: Leftovers
|-heal|p2a: Gretchen|347\/394|[from] item: Leftovers
|turn|26
|
|move|p1a: Rotom-Wash|Pain Split|p2a: Gretchen
|-sethp|p2a: Gretchen|209\/394|p1a: Rotom-Wash|209\/304|[from] move: Pain Split
|move|p2a: Gretchen|Slack Off|p2a: Gretchen
|-heal|p2a: Gretchen|394\/394
|
|-heal|p1a: Rotom-Wash|228\/304|[from] item: Leftovers
|turn|27
|
|switch|p2a: Ecto|Rotom-Wash|285\/304 tox
|move|p1a: Rotom-Wash|Discharge|p2a: Ecto
|-crit|p2a: Ecto
|-damage|p2a: Ecto|186\/304 tox
|
|-heal|p2a: Ecto|205\/304 tox|[from] item: Leftovers
|-heal|p1a: Rotom-Wash|247\/304|[from] item: Leftovers
|-damage|p2a: Ecto|186\/304 tox|[from] psn
|turn|28
|
|switch|p1a: Landorus-Therian|Landorus-Therian, M, shiny|152\/382
|-damage|p1a: Landorus-Therian|105\/382|[from] Stealth Rock
|-ability|p1a: Landorus-Therian|Intimidate|[of] p2a: Ecto
|-unboost|p2a: Ecto|atk|1
|move|p2a: Ecto|Will-O-Wisp|p1a: Landorus-Therian|[miss]
|-miss|p2a: Ecto|p1a: Landorus-Therian
|
|-heal|p1a: Landorus-Therian|128\/382|[from] item: Leftovers
|-heal|p2a: Ecto|205\/304 tox|[from] item: Leftovers
|-damage|p2a: Ecto|167\/304 tox|[from] psn
|turn|29
|
|switch|p1a: Rotom-Wash|Rotom-Wash, shiny|247\/304
|-damage|p1a: Rotom-Wash|209\/304|[from] Stealth Rock
|move|p2a: Ecto|Hydro Pump|p1a: Rotom-Wash
|-resisted|p1a: Rotom-Wash
|-damage|p1a: Rotom-Wash|165\/304
|
|-heal|p2a: Ecto|186\/304 tox|[from] item: Leftovers
|-heal|p1a: Rotom-Wash|184\/304|[from] item: Leftovers
|-damage|p2a: Ecto|129\/304 tox|[from] psn
|turn|30
|
|switch|p2a: Impreza|Scizor, F|343\/343
|move|p1a: Rotom-Wash|Discharge|p2a: Impreza
|-damage|p2a: Impreza|228\/343
|
|-heal|p1a: Rotom-Wash|203\/304|[from] item: Leftovers
|turn|31
|
|move|p1a: Rotom-Wash|Will-O-Wisp|p2a: Impreza|[miss]
|-miss|p1a: Rotom-Wash|p2a: Impreza
|move|p2a: Impreza|U-turn|p1a: Rotom-Wash
|-damage|p1a: Rotom-Wash|14\/304
|
|switch|p2a: Prince|Lopunny-Mega, M|272\/272
|
|-heal|p1a: Rotom-Wash|33\/304|[from] item: Leftovers
|turn|32
|
|move|p2a: Prince|Power-Up Punch|p1a: Rotom-Wash
|-damage|p1a: Rotom-Wash|0 fnt
|-boost|p2a: Prince|atk|1
|faint|p1a: Rotom-Wash
|
|
|switch|p1a: Landorus-Therian|Landorus-Therian, M, shiny|128\/382
|-damage|p1a: Landorus-Therian|81\/382|[from] Stealth Rock
|-ability|p1a: Landorus-Therian|Intimidate|[of] p2a: Prince
|-unboost|p2a: Prince|atk|1
|turn|33
|
|move|p2a: Prince|Return|p1a: Landorus-Therian
|-damage|p1a: Landorus-Therian|0 fnt
|faint|p1a: Landorus-Therian
|
|
|switch|p1a: Mandibuzz|Mandibuzz, F, shiny|301\/424
|-damage|p1a: Mandibuzz|195\/424|[from] Stealth Rock
|turn|34
|
|switch|p2a: Gretchen|Slowbro, F|394\/394
|move|p1a: Mandibuzz|Roost|p1a: Mandibuzz
|-heal|p1a: Mandibuzz|407\/424
|
|-heal|p1a: Mandibuzz|424\/424|[from] item: Leftovers
|turn|35
|
|move|p1a: Mandibuzz|Defog|p2a: Gretchen
|-unboost|p2a: Gretchen|evasion|1
|-sideend|p1: TheOneOutkast00|Stealth Rock|[from] move: Defog|[of] p1a: Mandibuzz
|move|p2a: Gretchen|Thunder Wave|p1a: Mandibuzz
|-status|p1a: Mandibuzz|par
|
|turn|36
|
|switch|p2a: Ecto|Rotom-Wash|129\/304 tox
|move|p1a: Mandibuzz|Foul Play|p2a: Ecto
|-damage|p2a: Ecto|60\/304 tox
|
|-heal|p2a: Ecto|79\/304 tox|[from] item: Leftovers
|-damage|p2a: Ecto|60\/304 tox|[from] psn
|turn|37
|
|move|p2a: Ecto|Pain Split|p1a: Mandibuzz
|-sethp|p1a: Mandibuzz|242\/424 par|p2a: Ecto|242\/304 tox|[from] move: Pain Split
|move|p1a: Mandibuzz|Roost|p1a: Mandibuzz
|-heal|p1a: Mandibuzz|424\/424 par
|
|-heal|p2a: Ecto|261\/304 tox|[from] item: Leftovers
|-damage|p2a: Ecto|223\/304 tox|[from] psn
|turn|38
|
|switch|p1a: Heatran|Heatran, F, shiny|290\/385
|move|p2a: Ecto|Volt Switch|p1a: Heatran
|-damage|p1a: Heatran|232\/385
|
|switch|p2a: Prince|Lopunny-Mega, M|272\/272
|
|-heal|p1a: Heatran|256\/385|[from] item: Leftovers
|turn|39
|
|switch|p1a: Mandibuzz|Mandibuzz, F, shiny|424\/424 par
|move|p2a: Prince|Fake Out|p1a: Mandibuzz
|-damage|p1a: Mandibuzz|370\/424 par
|
|-heal|p1a: Mandibuzz|396\/424 par|[from] item: Leftovers
|turn|40
|
|switch|p2a: Ecto|Rotom-Wash|223\/304 tox
|move|p1a: Mandibuzz|Toxic|p2a: Ecto
|-fail|p2a: Ecto|tox
|
|-heal|p2a: Ecto|242\/304 tox|[from] item: Leftovers
|-heal|p1a: Mandibuzz|422\/424 par|[from] item: Leftovers
|-damage|p2a: Ecto|223\/304 tox|[from] psn
|turn|41
|
|switch|p1a: Greninja|Greninja, M, shiny|285\/285
|move|p2a: Ecto|Hydro Pump|p1a: Greninja
|-resisted|p1a: Greninja
|-damage|p1a: Greninja|193\/285
|
|-heal|p2a: Ecto|242\/304 tox|[from] item: Leftovers
|-damage|p2a: Ecto|204\/304 tox|[from] psn
|turn|42
|
|move|p1a: Greninja|Hydro Pump|p2a: Ecto
|-start|p1a: Greninja|typechange|Water|[from] Protean
|-resisted|p2a: Ecto
|-damage|p2a: Ecto|126\/304 tox
|-damage|p1a: Greninja|165\/285|[from] item: Life Orb
|move|p2a: Ecto|Volt Switch|p1a: Greninja
|-supereffective|p1a: Greninja
|-damage|p1a: Greninja|0 fnt
|faint|p1a: Greninja
|
|switch|p2a: Prince|Lopunny-Mega, M|272\/272
|
|
|switch|p1a: Mandibuzz|Mandibuzz, F, shiny|422\/424 par
|turn|43
|
|switch|p1a: Gallade|Gallade-Mega, M, shiny|160\/277
|move|p2a: Prince|Fake Out|p1a: Gallade
|-damage|p1a: Gallade|79\/277
|
|turn|44
|
|move|p2a: Prince|Return|p1a: Gallade
|-damage|p1a: Gallade|0 fnt
|faint|p1a: Gallade
|
|c|★TheOneOutkast00|gg
|-message|TheOneOutkast00 forfeited.
|
|win|Iodic
|raw|Ladder updating...
|leave|TheOneOutkast00
|c|★Iodic|gg
|player|p1
|raw|TheOneOutkast00's rating: 1440 &rarr; <strong>1419<\/strong><br \/>(-21 for losing)
|raw|Iodic's rating: 1420 &rarr; <strong>1442<\/strong><br \/>(+22 for winning)