|join|Iodic
|join|Erdnuss
|player|p1|Iodic|264
|player|p2|Erdnuss|265
|gametype|singles
|gen|6
|tier|OU
|rated
|clearpoke
|poke|p1|Excadrill, M
|poke|p1|Azumarill, F
|poke|p1|Talonflame, F
|poke|p1|Garchomp, M
|poke|p1|Serperior, F
|poke|p1|Metagross
|poke|p2|Diggersby, M
|poke|p2|Raikou
|poke|p2|Azelf
|poke|p2|Bisharp, M
|poke|p2|Slowbro, M
|poke|p2|Landorus, M
|rule|Swagger Clause: Swagger is banned
|rule|Baton Pass Clause: Limit one Pokémon knowing Baton Pass
|rule|Sleep Clause Mod: Limit one foe put to sleep
|rule|Species Clause: Limit one of each Pokémon
|rule|OHKO Clause: OHKO moves are banned
|rule|Moody Clause: Moody is banned
|rule|Evasion Moves Clause: Evasion moves are banned
|rule|Endless Battle Clause: Forcing endless battles is banned
|rule|HP Percentage Mod: HP is shown in percentages
|teampreview
|
|start
|switch|p1a: Azumarill|Azumarill, F|362\/362
|switch|p2a: Azelf|Azelf|291\/291
|turn|1
|
|move|p2a: Azelf|Taunt|p1a: Azumarill
|-start|p1a: Azumarill|move: Taunt
|move|p1a: Azumarill|Knock Off|p2a: Azelf
|-supereffective|p2a: Azelf
|-enditem|p2a: Azelf|Focus Sash
|-damage|p2a: Azelf|1\/291
|
|turn|2
|
|move|p1a: Azumarill|Aqua Jet|p2a: Azelf
|-damage|p2a: Azelf|0 fnt
|faint|p2a: Azelf
|
|
|switch|p2a: Bisharp|Bisharp, M|272\/272
|turn|3
|
|switch|p1a: Garchomp|Garchomp, M|420\/420
|move|p2a: Bisharp|Knock Off|p1a: Garchomp
|-damage|p1a: Garchomp|263\/420
|-damage|p2a: Bisharp|238\/272|[from] ability: Rough Skin|[of] p1a: Garchomp
|-damage|p2a: Bisharp|193\/272|[from] item: Rocky Helmet|[of] p1a: Garchomp
|-enditem|p1a: Garchomp|Rocky Helmet|[from] move: Knock Off|[of] p2a: Bisharp
|
|turn|4
|
|switch|p2a: Landorus|Landorus, M|319\/319
|move|p1a: Garchomp|Stealth Rock|p2a: Landorus
|-sidestart|p2: Erdnuss|move: Stealth Rock
|
|turn|5
|
|switch|p1a: Talonflame|Talonflame, F|359\/359
|move|p2a: Landorus|Hidden Power|p1a: Talonflame
|-damage|p1a: Talonflame|275\/359
|-damage|p2a: Landorus|288\/319|[from] item: Life Orb
|
|-heal|p1a: Talonflame|297\/359|[from] item: Leftovers
|turn|6
|
|move|p2a: Landorus|Psychic|p1a: Talonflame
|-damage|p1a: Talonflame|151\/359
|move|p1a: Talonflame|Swords Dance|p1a: Talonflame
|-boost|p1a: Talonflame|atk|2
|
|-heal|p1a: Talonflame|173\/359|[from] item: Leftovers
|turn|7
|
|move|p1a: Talonflame|Brave Bird|p2a: Landorus
|-damage|p2a: Landorus|27\/319
|-damage|p1a: Talonflame|87\/359|[from] recoil|[of] p2a: Landorus
|move|p2a: Landorus|Psychic|p1a: Talonflame
|-damage|p1a: Talonflame|0 fnt
|faint|p1a: Talonflame
|
|
|switch|p1a: Serperior|Serperior, F|353\/353
|turn|8
|
|move|p1a: Serperior|Leaf Storm|p2a: Landorus
|-damage|p2a: Landorus|0 fnt
|-boost|p1a: Serperior|spa|2
|faint|p2a: Landorus
|
|
|switch|p2a: Bisharp|Bisharp, M|193\/272
|-damage|p2a: Bisharp|176\/272|[from] Stealth Rock
|turn|9
|
|move|p1a: Serperior|Leaf Storm|p2a: Bisharp
|-resisted|p2a: Bisharp
|-damage|p2a: Bisharp|2\/272
|-boost|p1a: Serperior|spa|2
|move|p2a: Bisharp|Knock Off|p1a: Serperior
|-damage|p1a: Serperior|143\/353
|-enditem|p1a: Serperior|Leftovers|[from] move: Knock Off|[of] p2a: Bisharp
|
|turn|10
|
|move|p2a: Bisharp|Sucker Punch|p1a: Serperior
|-fail|p1a: Serperior
|move|p1a: Serperior|Synthesis|p1a: Serperior
|-heal|p1a: Serperior|319\/353
|
|turn|11
|
|move|p2a: Bisharp|Sucker Punch|p1a: Serperior
|-damage|p1a: Serperior|159\/353
|move|p1a: Serperior|Leaf Storm|p2a: Bisharp
|-resisted|p2a: Bisharp
|-damage|p2a: Bisharp|0 fnt
|-boost|p1a: Serperior|spa|2
|faint|p2a: Bisharp
|
|
|switch|p2a: Raikou|Raikou|321\/321
|-damage|p2a: Raikou|281\/321|[from] Stealth Rock
|-ability|p2a: Raikou|Pressure
|turn|12
|
|move|p1a: Serperior|Leaf Storm|p2a: Raikou
|-damage|p2a: Raikou|0 fnt
|faint|p2a: Raikou
|
|-message|Erdnuss forfeited.
|
|win|Iodic
|raw|Ladder updating...
|leave|Erdnuss
|player|p2
|raw|Iodic's rating: 1470 &rarr; <strong>1487<\/strong><br \/>(+17 for winning)
|raw|Erdnuss's rating: 1414 &rarr; <strong>1397<\/strong><br \/>(-17 for losing)