|join|bls with Loy
|join|nabilla the angel
|player|p1|bls with Loy|1
|player|p2|nabilla the angel|100
|gametype|singles
|gen|6
|tier|OU
|rated
|clearpoke
|poke|p1|Chesnaught, M
|poke|p1|Scizor, F
|poke|p1|Dragalge, M
|poke|p1|Bisharp, F
|poke|p1|Keldeo
|poke|p1|Azelf
|poke|p2|Charizard, F
|poke|p2|Tentacruel, F
|poke|p2|Tyranitar, M
|poke|p2|Hippowdon, F
|poke|p2|Ferrothorn, M
|poke|p2|Latios, M
|rule|Swagger Clause: Swagger is banned
|rule|Baton Pass Clause: Limit one Pokémon knowing Baton Pass
|rule|Sleep Clause Mod: Limit one foe put to sleep
|rule|Species Clause: Limit one of each Pokémon
|rule|OHKO Clause: OHKO moves are banned
|rule|Moody Clause: Moody is banned
|rule|Evasion Moves Clause: Evasion moves are banned
|rule|Endless Battle Clause: Forcing endless battles is banned
|rule|HP Percentage Mod: HP is shown in percentages
|teampreview
|c|★nabilla the angel|hf
|
|start
|switch|p1a: Azelf|Azelf|353\/353
|switch|p2a: Tyranitar|Tyranitar, M|341\/341
|-weather|Sandstorm
|turn|1
|
|move|p2a: Tyranitar|Pursuit|p1a: Azelf
|-supereffective|p1a: Azelf
|-damage|p1a: Azelf|131\/353
|move|p1a: Azelf|Stealth Rock|p2a: Tyranitar
|-sidestart|p2: nabilla the angel|move: Stealth Rock
|
|-weather|Sandstorm|[upkeep]
|-damage|p1a: Azelf|109\/353|[from] sandstorm
|turn|2
|
|move|p2a: Tyranitar|Pursuit|p1a: Azelf
|-supereffective|p1a: Azelf
|-damage|p1a: Azelf|0 fnt
|faint|p1a: Azelf
|
|-weather|Sandstorm|[upkeep]
|
|switch|p1a: Chesnaught|Chesnaught, M|320\/320
|turn|3
|
|switch|p2a: Tentacruel|Tentacruel, F|364\/364
|-damage|p2a: Tentacruel|319\/364|[from] Stealth Rock
|move|p1a: Chesnaught|Substitute|p1a: Chesnaught
|-start|p1a: Chesnaught|Substitute
|-damage|p1a: Chesnaught|240\/320
|
|-weather|Sandstorm|[upkeep]
|-damage|p1a: Chesnaught|220\/320|[from] sandstorm
|-damage|p2a: Tentacruel|297\/364|[from] sandstorm
|-heal|p2a: Tentacruel|319\/364|[from] item: Black Sludge
|turn|4
|
|move|p1a: Chesnaught|Belly Drum|p1a: Chesnaught
|-damage|p1a: Chesnaught|60\/320
|-setboost|p1a: Chesnaught|atk|6|[from] move: Belly Drum
|-enditem|p1a: Chesnaught|Salac Berry|[eat]
|-boost|p1a: Chesnaught|spe|1|[from] item: Salac Berry
|move|p2a: Tentacruel|Acid Spray|p1a: Chesnaught
|-immune|p1a: Chesnaught|[msg]|[from] Bulletproof
|
|-weather|Sandstorm|[upkeep]
|-damage|p1a: Chesnaught|40\/320|[from] sandstorm
|-damage|p2a: Tentacruel|297\/364|[from] sandstorm
|-heal|p2a: Tentacruel|319\/364|[from] item: Black Sludge
|turn|5
|
|move|p1a: Chesnaught|Seed Bomb|p2a: Tentacruel
|-damage|p2a: Tentacruel|0 fnt
|faint|p2a: Tentacruel
|
|-weather|none
|
|switch|p2a: Tyranitar|Tyranitar, M|341\/341
|-damage|p2a: Tyranitar|299\/341|[from] Stealth Rock
|-weather|Sandstorm
|turn|6
|
|move|p1a: Chesnaught|Drain Punch|p2a: Tyranitar
|-supereffective|p2a: Tyranitar
|-damage|p2a: Tyranitar|0 fnt
|-heal|p1a: Chesnaught|190\/320|[from] drain|[of] p2a: Tyranitar
|faint|p2a: Tyranitar
|
|-weather|Sandstorm|[upkeep]
|-damage|p1a: Chesnaught|170\/320|[from] sandstorm
|-message|nabilla the angel forfeited.
|
|win|bls with Loy
|raw|Ladder updating...
|leave|nabilla the angel
|player|p2
|raw|bls with Loy's rating: 1713 &rarr; <strong>1726<\/strong><br \/>(+13 for winning)
|raw|nabilla the angel's rating: 1582 &rarr; <strong>1570<\/strong><br \/>(-12 for losing)