|join|zippleclopper
|join|Peter_RM
|player|p1|zippleclopper|1
|player|p2|Peter_RM|52
|gametype|singles
|gen|6
|tier|OU
|rated
|clearpoke
|poke|p1|Crawdaunt, M
|poke|p1|Venusaur, F
|poke|p1|Victini
|poke|p1|Landorus-Therian, M
|poke|p1|Clefable, M
|poke|p1|Forretress, F
|poke|p2|Alakazam, M, shiny
|poke|p2|Talonflame, M, shiny
|poke|p2|Conkeldurr, M, shiny
|poke|p2|Bisharp, M
|poke|p2|Gengar, M, shiny
|poke|p2|Dragonite, M
|rule|Swagger Clause: Swagger is banned
|rule|Baton Pass Clause: Limit one Pokémon knowing Baton Pass
|rule|Sleep Clause Mod: Limit one foe put to sleep
|rule|Species Clause: Limit one of each Pokémon
|rule|OHKO Clause: OHKO moves are banned
|rule|Moody Clause: Moody is banned
|rule|Evasion Moves Clause: Evasion moves are banned
|rule|Endless Battle Clause: Forcing endless battles is banned
|rule|HP Percentage Mod: HP is shown in percentages
|teampreview
|
|start
|switch|p1a: Landorus-Therian|Landorus-Therian, M|319\/319
|switch|p2a: Gengar|Gengar, M, shiny|262\/262
|-ability|p1a: Landorus-Therian|Intimidate|[of] p2a: Gengar
|-unboost|p2a: Gengar|atk|1
|turn|1
|
|move|p1a: Landorus-Therian|Knock Off|p2a: Gengar
|-crit|p2a: Gengar
|-supereffective|p2a: Gengar
|-enditem|p2a: Gengar|Focus Sash
|-damage|p2a: Gengar|1\/262
|move|p2a: Gengar|Hidden Power|p1a: Landorus-Therian
|-supereffective|p1a: Landorus-Therian
|-damage|p1a: Landorus-Therian|3\/319
|
|turn|2
|
|move|p1a: Landorus-Therian|Knock Off|p2a: Gengar
|-supereffective|p2a: Gengar
|-damage|p2a: Gengar|0 fnt
|faint|p2a: Gengar
|
|
|switch|p2a: Conk|Conkeldurr, M, shiny|351\/351
|turn|3
|
|switch|p1a: Clefable|Clefable, M|394\/394
|move|p2a: Conk|Mach Punch|p1a: Clefable
|-resisted|p1a: Clefable
|-damage|p1a: Clefable|359\/394
|
|-heal|p1a: Clefable|383\/394|[from] item: Leftovers
|turn|4
|
|switch|p2a: Fawkes|Talonflame, M, shiny|360\/360
|move|p1a: Clefable|Moonblast|p2a: Fawkes
|-resisted|p2a: Fawkes
|-damage|p2a: Fawkes|285\/360
|-unboost|p2a: Fawkes|spa|1
|
|-heal|p2a: Fawkes|307\/360|[from] item: Leftovers
|-heal|p1a: Clefable|394\/394|[from] item: Leftovers
|turn|5
|
|move|p2a: Fawkes|Swords Dance|p2a: Fawkes
|-boost|p2a: Fawkes|atk|2
|move|p1a: Clefable|Thunder Wave|p2a: Fawkes
|-status|p2a: Fawkes|par
|
|-heal|p2a: Fawkes|329\/360 par|[from] item: Leftovers
|turn|6
|
|move|p1a: Clefable|Moonblast|p2a: Fawkes
|-resisted|p2a: Fawkes
|-damage|p2a: Fawkes|255\/360 par
|cant|p2a: Fawkes|par
|
|-heal|p2a: Fawkes|277\/360 par|[from] item: Leftovers
|turn|7
|
|move|p1a: Clefable|Moonblast|p2a: Fawkes
|-resisted|p2a: Fawkes
|-damage|p2a: Fawkes|201\/360 par
|move|p2a: Fawkes|Swords Dance|p2a: Fawkes
|-boost|p2a: Fawkes|atk|2
|
|-heal|p2a: Fawkes|223\/360 par|[from] item: Leftovers
|turn|8
|
|move|p1a: Clefable|Moonblast|p2a: Fawkes
|-resisted|p2a: Fawkes
|-damage|p2a: Fawkes|156\/360 par
|-unboost|p2a: Fawkes|spa|1
|move|p2a: Fawkes|Swords Dance|p2a: Fawkes
|-boost|p2a: Fawkes|atk|2
|
|-heal|p2a: Fawkes|178\/360 par|[from] item: Leftovers
|turn|9
|
|move|p2a: Fawkes|Roost|p2a: Fawkes
|-heal|p2a: Fawkes|358\/360 par
|move|p1a: Clefable|Stealth Rock|p2a: Fawkes
|-sidestart|p2: Peter_RM|move: Stealth Rock
|
|-heal|p2a: Fawkes|360\/360 par|[from] item: Leftovers
|turn|10
|
|move|p2a: Fawkes|Brave Bird|p1a: Clefable
|-damage|p1a: Clefable|249\/394
|-damage|p2a: Fawkes|312\/360 par|[from] recoil|[of] p1a: Clefable
|move|p1a: Clefable|Moonblast|p2a: Fawkes
|-resisted|p2a: Fawkes
|-damage|p2a: Fawkes|241\/360 par
|
|-heal|p1a: Clefable|273\/394|[from] item: Leftovers
|-heal|p2a: Fawkes|263\/360 par|[from] item: Leftovers
|turn|11
|
|move|p1a: Clefable|Moonblast|p2a: Fawkes
|-resisted|p2a: Fawkes
|-damage|p2a: Fawkes|185\/360 par
|cant|p2a: Fawkes|par
|
|-heal|p1a: Clefable|297\/394|[from] item: Leftovers
|-heal|p2a: Fawkes|207\/360 par|[from] item: Leftovers
|turn|12
|
|cant|p2a: Fawkes|par
|move|p1a: Clefable|Moonblast|p2a: Fawkes
|-resisted|p2a: Fawkes
|-damage|p2a: Fawkes|140\/360 par
|
|-heal|p1a: Clefable|321\/394|[from] item: Leftovers
|-heal|p2a: Fawkes|162\/360 par|[from] item: Leftovers
|turn|13
|
|move|p2a: Fawkes|Roost|p2a: Fawkes
|-heal|p2a: Fawkes|342\/360 par
|move|p1a: Clefable|Moonblast|p2a: Fawkes
|-resisted|p2a: Fawkes
|-damage|p2a: Fawkes|270\/360 par
|
|-heal|p1a: Clefable|345\/394|[from] item: Leftovers
|-heal|p2a: Fawkes|292\/360 par|[from] item: Leftovers
|turn|14
|
|move|p1a: Clefable|Moonblast|p2a: Fawkes
|-crit|p2a: Fawkes
|-resisted|p2a: Fawkes
|-damage|p2a: Fawkes|176\/360 par
|cant|p2a: Fawkes|par
|
|-heal|p1a: Clefable|369\/394|[from] item: Leftovers
|-heal|p2a: Fawkes|198\/360 par|[from] item: Leftovers
|turn|15
|
|cant|p2a: Fawkes|par
|move|p1a: Clefable|Moonblast|p2a: Fawkes
|-resisted|p2a: Fawkes
|-damage|p2a: Fawkes|132\/360 par
|
|-heal|p1a: Clefable|393\/394|[from] item: Leftovers
|-heal|p2a: Fawkes|154\/360 par|[from] item: Leftovers
|turn|16
|
|switch|p1a: Crawdaunt|Crawdaunt, M|268\/268
|move|p2a: Fawkes|Roost|p2a: Fawkes
|-heal|p2a: Fawkes|334\/360 par
|
|-heal|p2a: Fawkes|356\/360 par|[from] item: Leftovers
|turn|17
|
|move|p1a: Crawdaunt|Aqua Jet|p2a: Fawkes
|-supereffective|p2a: Fawkes
|-damage|p2a: Fawkes|23\/360 par
|-damage|p1a: Crawdaunt|242\/268|[from] item: Life Orb
|move|p2a: Fawkes|Brave Bird|p1a: Crawdaunt
|-damage|p1a: Crawdaunt|0 fnt
|-damage|p2a: Fawkes|0 fnt|[from] recoil|[of] p1a: Crawdaunt
|faint|p1a: Crawdaunt
|faint|p2a: Fawkes
|
|
|switch|p2a: Shaman|Alakazam, M, shiny|252\/252
|switch|p1a: Clefable|Clefable, M|393\/394
|turn|18
|
|detailschange|p2a: Shaman|Alakazam-Mega, M, shiny
|message|Alakazam has Mega Evolved into Mega Alakazam!
|-ability|p2a: Shaman|Unaware|[from] ability: Trace|[of] p1a: Clefable
|move|p2a: Shaman|Psychic|p1a: Clefable
|-damage|p1a: Clefable|185\/394
|move|p1a: Clefable|Moonblast|p2a: Shaman
|-damage|p2a: Shaman|146\/252
|-unboost|p2a: Shaman|spa|1
|
|-heal|p1a: Clefable|209\/394|[from] item: Leftovers
|turn|19
|
|switch|p1a: Forretress|Forretress, F|353\/353
|move|p2a: Shaman|Psychic|p1a: Forretress
|-resisted|p1a: Forretress
|-damage|p1a: Forretress|280\/353
|
|turn|20
|
|switch|p2a: Conk|Conkeldurr, M, shiny|351\/351
|-damage|p2a: Conk|330\/351|[from] Stealth Rock
|move|p1a: Forretress|Gyro Ball|p2a: Conk
|-damage|p2a: Conk|291\/351
|
|-heal|p2a: Conk|312\/351|[from] item: Leftovers
|turn|21
|
|move|p2a: Conk|Bulk Up|p2a: Conk
|-boost|p2a: Conk|atk|1
|-boost|p2a: Conk|def|1
|move|p1a: Forretress|Pain Split|p2a: Conk
|-sethp|p2a: Conk|296\/351|p1a: Forretress|296\/353|[from] move: Pain Split
|
|-heal|p2a: Conk|317\/351|[from] item: Leftovers
|turn|22
|
|switch|p1a: Clefable|Clefable, M|209\/394
|move|p2a: Conk|Bulk Up|p2a: Conk
|-boost|p2a: Conk|atk|1
|-boost|p2a: Conk|def|1
|
|-heal|p1a: Clefable|233\/394|[from] item: Leftovers
|-heal|p2a: Conk|338\/351|[from] item: Leftovers
|turn|23
|
|move|p1a: Clefable|Moonlight|p1a: Clefable
|-heal|p1a: Clefable|394\/394
|move|p2a: Conk|Ice Punch|p1a: Clefable
|-damage|p1a: Clefable|310\/394
|
|-heal|p1a: Clefable|334\/394|[from] item: Leftovers
|-heal|p2a: Conk|351\/351|[from] item: Leftovers
|turn|24
|
|move|p1a: Clefable|Moonblast|p2a: Conk
|-supereffective|p2a: Conk
|-damage|p2a: Conk|69\/351
|move|p2a: Conk|Ice Punch|p1a: Clefable
|-damage|p1a: Clefable|237\/394
|
|-heal|p1a: Clefable|261\/394|[from] item: Leftovers
|-heal|p2a: Conk|90\/351|[from] item: Leftovers
|turn|25
|
|move|p1a: Clefable|Moonlight|p1a: Clefable
|-heal|p1a: Clefable|394\/394
|move|p2a: Conk|Ice Punch|p1a: Clefable
|-damage|p1a: Clefable|298\/394
|
|-heal|p1a: Clefable|322\/394|[from] item: Leftovers
|-heal|p2a: Conk|111\/351|[from] item: Leftovers
|turn|26
|
|move|p2a: Conk|Mach Punch|p1a: Clefable
|-resisted|p1a: Clefable
|-damage|p1a: Clefable|284\/394
|move|p1a: Clefable|Moonblast|p2a: Conk
|-supereffective|p2a: Conk
|-damage|p2a: Conk|0 fnt
|faint|p2a: Conk
|
|-heal|p1a: Clefable|308\/394|[from] item: Leftovers
|
|switch|p2a: Shaman|Alakazam-Mega, M, shiny|146\/252
|-damage|p2a: Shaman|115\/252|[from] Stealth Rock
|-ability|p2a: Shaman|Unaware|[from] ability: Trace|[of] p1a: Clefable
|turn|27
|
|switch|p1a: Forretress|Forretress, F|296\/353
|move|p2a: Shaman|Psychic|p1a: Forretress
|-resisted|p1a: Forretress
|-damage|p1a: Forretress|188\/353
|
|turn|28
|
|move|p2a: Shaman|Hidden Power|p1a: Forretress
|-supereffective|p1a: Forretress
|-damage|p1a: Forretress|0 fnt
|faint|p1a: Forretress
|
|
|switch|p1a: Landorus-Therian|Landorus-Therian, M|3\/319
|-ability|p1a: Landorus-Therian|Intimidate|[of] p2a: Shaman
|-unboost|p2a: Shaman|atk|1
|turn|29
|
|move|p1a: Landorus-Therian|U-turn|p2a: Shaman
|-crit|p2a: Shaman
|-supereffective|p2a: Shaman
|-damage|p2a: Shaman|0 fnt
|faint|p2a: Shaman
|
|switch|p1a: Venusaur|Venusaur, F|359\/359
|
|
|switch|p2a: Bisharp|Bisharp, M|334\/334
|-damage|p2a: Bisharp|314\/334|[from] Stealth Rock
|turn|30
|
|detailschange|p1a: Venusaur|Venusaur-Mega, F
|message|Venusaur has Mega Evolved into Mega Venusaur!
|move|p1a: Venusaur|Hidden Power|p2a: Bisharp
|-supereffective|p2a: Bisharp
|-damage|p2a: Bisharp|116\/334
|move|p2a: Bisharp|Swords Dance|p2a: Bisharp
|-boost|p2a: Bisharp|atk|2
|
|turn|31
|
|move|p2a: Bisharp|Sucker Punch|p1a: Venusaur
|-damage|p1a: Venusaur|52\/359
|move|p1a: Venusaur|Hidden Power|p2a: Bisharp
|-crit|p2a: Bisharp
|-supereffective|p2a: Bisharp
|-damage|p2a: Bisharp|0 fnt
|faint|p2a: Bisharp
|
|
|switch|p2a: Draco|Dragonite, M|324\/324
|-damage|p2a: Draco|243\/324|[from] Stealth Rock
|turn|32
|
|move|p2a: Draco|Dragon Dance|p2a: Draco
|-boost|p2a: Draco|atk|1
|-boost|p2a: Draco|spe|1
|move|p1a: Venusaur|Sludge Bomb|p2a: Draco
|-damage|p2a: Draco|75\/324
|
|turn|33
|
|move|p2a: Draco|Extreme Speed|p1a: Venusaur
|-damage|p1a: Venusaur|0 fnt
|faint|p1a: Venusaur
|
|
|switch|p1a: Clefable|Clefable, M|308\/394
|turn|34
|
|move|p2a: Draco|Extreme Speed|p1a: Clefable
|-damage|p1a: Clefable|221\/394
|move|p1a: Clefable|Moonblast|p2a: Draco
|-crit|p2a: Draco
|-supereffective|p2a: Draco
|-damage|p2a: Draco|0 fnt
|faint|p2a: Draco
|
|win|zippleclopper
|raw|Ladder updating...
|raw|zippleclopper's rating: 1575 &rarr; <strong>1593<\/strong><br \/>(+18 for winning)
|raw|Peter_RM's rating: 1550 &rarr; <strong>1532<\/strong><br \/>(-18 for losing)
|leave|Peter_RM
|player|p2