|join|zippleclopper
|join|PragaSV
|player|p1|zippleclopper|1
|player|p2|PragaSV|80
|gametype|singles
|gen|6
|tier|OU
|clearpoke
|poke|p1|Sableye, F
|poke|p1|Porygon2
|poke|p1|Chesnaught, M
|poke|p1|Empoleon, M
|poke|p1|Rhyperior, F
|poke|p1|Tentacruel, F
|poke|p2|Beedrill, M
|poke|p2|Rotom-Wash
|poke|p2|Landorus-Therian, M
|poke|p2|Ferrothorn, F
|poke|p2|Blissey, F
|poke|p2|Latios, M
|rule|Swagger Clause: Swagger is banned
|rule|Baton Pass Clause: Limit one Pokémon knowing Baton Pass
|rule|Sleep Clause Mod: Limit one foe put to sleep
|rule|Species Clause: Limit one of each Pokémon
|rule|OHKO Clause: OHKO moves are banned
|rule|Moody Clause: Moody is banned
|rule|Evasion Moves Clause: Evasion moves are banned
|rule|Endless Battle Clause: Forcing endless battles is banned
|rule|HP Percentage Mod: HP is shown in percentages
|teampreview
|c|★PragaSV|gl
|
|start
|switch|p1a: Sableye|Sableye, F|304\/304
|switch|p2a: Landorus-Therian|Landorus-Therian, M|320\/320
|-ability|p2a: Landorus-Therian|Intimidate|[of] p1a: Sableye
|-unboost|p1a: Sableye|atk|1
|turn|1
|join|UFUKKENWOTM8
|join|SevenInHand
|c|★PragaSV|uf
|c| UFUKKENWOTM8|wot
|c| SevenInHand|get walled
|c|★PragaSV|nice name :D
|
|switch|p2a: Latios|Latios, M|302\/302
|move|p1a: Sableye|Will-O-Wisp|p2a: Latios
|-status|p2a: Latios|brn
|
|-damage|p2a: Latios|265\/302 brn|[from] brn
|turn|2
|join|Savage_hr
|c|★PragaSV|spd porygon
|c|★PragaSV|too stronk
|c| UFUKKENWOTM8|Imma join next tournament
|c| Savage_hr|Oh goed
|c| UFUKKENWOTM8|And shrek scrubdown's OU rume
|c| Savage_hr|Buttdrill makes a return
|c|★PragaSV|which will start in a couple of hours
|c| UFUKKENWOTM8|U FUKKEN WOT
|join|aj12365
|
|detailschange|p1a: Sableye|Sableye-Mega, F
|message|Sableye has Mega Evolved into Mega Sableye!
|move|p1a: Sableye|Calm Mind|p1a: Sableye
|-boost|p1a: Sableye|spa|1
|-boost|p1a: Sableye|spd|1
|move|p2a: Latios|Draco Meteor|p1a: Sableye
|-damage|p1a: Sableye|97\/304
|-unboost|p2a: Latios|spa|2
|
|-damage|p2a: Latios|228\/302 brn|[from] brn
|turn|3
|c|★PragaSV|hey, atleast i aint spamming bird
|c| UFUKKENWOTM8|Lol i'll stop talking~ x3
|
|switch|p2a: Beedrill|Beedrill, M|272\/272
|switch|p1a: Empoleon|Empoleon, M|372\/372
|
|turn|4
|
|detailschange|p2a: Beedrill|Beedrill-Mega, M
|message|Beedrill has Mega Evolved into Mega Beedrill!
|move|p2a: Beedrill|Drill Run|p1a: Empoleon
|-supereffective|p1a: Empoleon
|-damage|p1a: Empoleon|140\/372
|move|p1a: Empoleon|Stealth Rock|p2a: Beedrill
|-sidestart|p2: PragaSV|move: Stealth Rock
|
|-heal|p1a: Empoleon|163\/372|[from] item: Leftovers
|turn|5
|c|★PragaSV|rekt
|
|switch|p1a: Rhyperior|Rhyperior, F|424\/424
|move|p2a: Beedrill|Drill Run|p1a: Rhyperior
|-supereffective|p1a: Rhyperior
|-damage|p1a: Rhyperior|316\/424
|
|-heal|p1a: Rhyperior|342\/424|[from] item: Leftovers
|turn|6
|c| Savage_hr|Oh god
|c|★PragaSV|d bluk
|c| Savage_hr|So strong
|
|move|p2a: Beedrill|U-turn|p1a: Rhyperior
|-damage|p1a: Rhyperior|208\/424
|
|switch|p2a: Rotom-Wash|Rotom-Wash|304\/304
|-damage|p2a: Rotom-Wash|266\/304|[from] Stealth Rock
|move|p1a: Rhyperior|Rock Blast|p2a: Rotom-Wash
|-damage|p2a: Rotom-Wash|233\/304
|-damage|p2a: Rotom-Wash|200\/304
|-damage|p2a: Rotom-Wash|167\/304
|-damage|p2a: Rotom-Wash|136\/304
|-damage|p2a: Rotom-Wash|106\/304
|-hitcount|p2a: Rotom-Wash|5
|
|-heal|p2a: Rotom-Wash|125\/304|[from] item: Leftovers
|-heal|p1a: Rhyperior|234\/424|[from] item: Leftovers
|turn|7
|c|★PragaSV|ugh
|c| Savage_hr|?_?
|c|★PragaSV|5times dangit
|
|switch|p1a: Tentacruel|Tentacruel, F|364\/364
|move|p2a: Rotom-Wash|Pain Split|p1a: Tentacruel
|-sethp|p1a: Tentacruel|244\/364|p2a: Rotom-Wash|244\/304|[from] move: Pain Split
|
|-heal|p1a: Tentacruel|266\/364|[from] item: Black Sludge
|-heal|p2a: Rotom-Wash|263\/304|[from] item: Leftovers
|turn|8
|
|move|p1a: Tentacruel|Knock Off|p2a: Rotom-Wash
|-damage|p2a: Rotom-Wash|230\/304
|-enditem|p2a: Rotom-Wash|Leftovers|[from] move: Knock Off|[of] p1a: Tentacruel
|move|p2a: Rotom-Wash|Volt Switch|p1a: Tentacruel
|-crit|p1a: Tentacruel
|-supereffective|p1a: Tentacruel
|-damage|p1a: Tentacruel|36\/364
|c| Savage_hr|Drill Run 25%, U-Turn 31% wot
|c|★PragaSV|i have a feeling im going to lose this
|leave|UFUKKENWOTM8
|
|switch|p2a: Latios|Latios, M|228\/302 brn
|-damage|p2a: Latios|191\/302 brn|[from] Stealth Rock
|
|-heal|p1a: Tentacruel|58\/364|[from] item: Black Sludge
|-damage|p2a: Latios|154\/302 brn|[from] brn
|turn|9
|
|move|p2a: Latios|Dragon Pulse|p1a: Tentacruel
|-damage|p1a: Tentacruel|0 fnt
|faint|p1a: Tentacruel
|
|-damage|p2a: Latios|117\/302 brn|[from] brn
|
|switch|p1a: Empoleon|Empoleon, M|163\/372
|turn|10
|
|switch|p2a: Blissey|Blissey, F|714\/714
|-damage|p2a: Blissey|625\/714|[from] Stealth Rock
|move|p1a: Empoleon|Roar|p2a: Blissey
|drag|p2a: Beedrill|Beedrill-Mega, M|272\/272
|-damage|p2a: Beedrill|204\/272|[from] Stealth Rock
|
|-heal|p1a: Empoleon|186\/372|[from] item: Leftovers
|turn|11
|c| aj12365|dam
|
|switch|p1a: Chesnaught|Chesnaught, M|380\/380
|move|p2a: Beedrill|Drill Run|p1a: Chesnaught
|-resisted|p1a: Chesnaught
|-damage|p1a: Chesnaught|345\/380
|
|-heal|p1a: Chesnaught|368\/380|[from] item: Leftovers
|turn|12
|
|move|p2a: Beedrill|Protect|p2a: Beedrill
|-singleturn|p2a: Beedrill|Protect
|move|p1a: Chesnaught|Spiky Shield|p1a: Chesnaught
|-fail|p1a: Chesnaught
|
|-heal|p1a: Chesnaught|380\/380|[from] item: Leftovers
|turn|13
|c|★PragaSV|lol im faster
|join|Alvadora
|
|move|p2a: Beedrill|Poison Jab|p1a: Chesnaught
|-crit|p1a: Chesnaught
|-supereffective|p1a: Chesnaught
|-damage|p1a: Chesnaught|0 fnt
|faint|p1a: Chesnaught
|
|join|Not Timeless
|c|★PragaSV|:)
|
|switch|p1a: Rhyperior|Rhyperior, F|234\/424
|turn|14
|c|★PragaSV|crit mattered?
|
|move|p2a: Beedrill|U-turn|p1a: Rhyperior
|-damage|p1a: Rhyperior|108\/424
|
|switch|p2a: Ferrothorn|Ferrothorn, F|352\/352
|-damage|p2a: Ferrothorn|330\/352|[from] Stealth Rock
|move|p1a: Rhyperior|Rock Blast|p2a: Ferrothorn|[miss]
|-miss|p1a: Rhyperior|p2a: Ferrothorn
|
|-heal|p1a: Rhyperior|134\/424|[from] item: Leftovers
|turn|15
|
|switch|p1a: Sableye|Sableye-Mega, F|97\/304
|move|p2a: Ferrothorn|Spikes|p1a: Sableye
|move|p1a: Sableye|Spikes|p2a: Ferrothorn|[from]Magic Bounce
|-sidestart|p2: PragaSV|Spikes
|
|turn|16
|c|★PragaSV|OH
|c|★PragaSV|FACK
|c| Savage_hr|lel
|c| SevenInHand|rkt
|c|★PragaSV|frgt this thing
|
|move|p1a: Sableye|Recover|p1a: Sableye
|-heal|p1a: Sableye|249\/304
|move|p2a: Ferrothorn|Gyro Ball|p1a: Sableye
|-damage|p1a: Sableye|218\/304
|
|turn|17
|c| Savage_hr|Welp
|c|★PragaSV|i keep getting rekt
|join|RedSoxx
|
|switch|p2a: Blissey|Blissey, F|625\/714
|-damage|p2a: Blissey|536\/714|[from] Spikes
|-damage|p2a: Blissey|447\/714|[from] Stealth Rock
|move|p1a: Sableye|Will-O-Wisp|p2a: Blissey
|-status|p2a: Blissey|brn
|
|-heal|p2a: Blissey|491\/714 brn|[from] item: Leftovers
|-damage|p2a: Blissey|402\/714 brn|[from] brn
|turn|18
|
|move|p2a: Blissey|Wish|p2a: Blissey
|move|p1a: Sableye|Recover|p1a: Sableye
|-heal|p1a: Sableye|304\/304
|
|-heal|p2a: Blissey|446\/714 brn|[from] item: Leftovers
|-damage|p2a: Blissey|357\/714 brn|[from] brn
|turn|19
|
|move|p2a: Blissey|Heal Bell|p2a: Blissey
|-cureteam|p2a: Blissey|[from] move: HealBell
|move|p1a: Sableye|Dark Pulse|p2a: Blissey
|-damage|p2a: Blissey|294\/714
|
|-heal|p2a: Blissey|651\/714|[from] move: Wish|[wisher] Blissey
|-heal|p2a: Blissey|695\/714|[from] item: Leftovers
|turn|20
|
|move|p2a: Blissey|Wish|p2a: Blissey
|move|p1a: Sableye|Will-O-Wisp|p2a: Blissey
|-status|p2a: Blissey|brn
|
|-heal|p2a: Blissey|714\/714 brn|[from] item: Leftovers
|-damage|p2a: Blissey|625\/714 brn|[from] brn
|turn|21
|
|switch|p2a: Rotom-Wash|Rotom-Wash|230\/304
|-damage|p2a: Rotom-Wash|192\/304|[from] Stealth Rock
|move|p1a: Sableye|Dark Pulse|p2a: Rotom-Wash
|-damage|p2a: Rotom-Wash|110\/304
|
|-heal|p2a: Rotom-Wash|304\/304|[from] move: Wish|[wisher] Blissey
|turn|22
|
|move|p2a: Rotom-Wash|Volt Switch|p1a: Sableye
|-crit|p1a: Sableye
|-damage|p1a: Sableye|195\/304
|
|switch|p2a: Landorus-Therian|Landorus-Therian, M|320\/320
|-damage|p2a: Landorus-Therian|280\/320|[from] Stealth Rock
|-ability|p2a: Landorus-Therian|Intimidate|[of] p1a: Sableye
|-unboost|p1a: Sableye|atk|1
|move|p1a: Sableye|Will-O-Wisp|p2a: Landorus-Therian|[miss]
|-miss|p1a: Sableye|p2a: Landorus-Therian
|
|turn|23
|c|★PragaSV|owow
|
|move|p2a: Landorus-Therian|Earthquake|p1a: Sableye
|-damage|p1a: Sableye|68\/304
|move|p1a: Sableye|Recover|p1a: Sableye
|-heal|p1a: Sableye|220\/304
|
|turn|24
|leave|Not Timeless
|
|move|p2a: Landorus-Therian|Earthquake|p1a: Sableye
|-damage|p1a: Sableye|106\/304
|move|p1a: Sableye|Will-O-Wisp|p2a: Landorus-Therian
|-status|p2a: Landorus-Therian|brn
|
|-damage|p2a: Landorus-Therian|240\/320 brn|[from] brn
|turn|25
|join|Criticality
|
|switch|p2a: Latios|Latios, M|117\/302
|-damage|p2a: Latios|80\/302|[from] Stealth Rock
|move|p1a: Sableye|Recover|p1a: Sableye
|-heal|p1a: Sableye|258\/304
|
|turn|26
|
|switch|p1a: Empoleon|Empoleon, M|186\/372
|move|p2a: Latios|Dragon Pulse|p1a: Empoleon
|-resisted|p1a: Empoleon
|-damage|p1a: Empoleon|111\/372
|
|-heal|p1a: Empoleon|134\/372|[from] item: Leftovers
|turn|27
|c| Savage_hr|This isn't going anywhere really fast man. :\/
|
|switch|p2a: Landorus-Therian|Landorus-Therian, M|240\/320 brn
|-damage|p2a: Landorus-Therian|200\/320 brn|[from] Stealth Rock
|-ability|p2a: Landorus-Therian|Intimidate|[of] p1a: Empoleon
|-unboost|p1a: Empoleon|atk|1
|switch|p1a: Sableye|Sableye-Mega, F|258\/304
|
|-damage|p2a: Landorus-Therian|160\/320 brn|[from] brn
|turn|28
|
|move|p2a: Landorus-Therian|U-turn|p1a: Sableye
|-damage|p1a: Sableye|230\/304
|
|switch|p2a: Blissey|Blissey, F|625\/714
|-damage|p2a: Blissey|536\/714|[from] Spikes
|-damage|p2a: Blissey|447\/714|[from] Stealth Rock
|move|p1a: Sableye|Calm Mind|p1a: Sableye
|-boost|p1a: Sableye|spa|1
|-boost|p1a: Sableye|spd|1
|
|-heal|p2a: Blissey|491\/714|[from] item: Leftovers
|turn|29
|join|Sgt. Pepperoni
|
|move|p2a: Blissey|Wish|p2a: Blissey
|move|p1a: Sableye|Calm Mind|p1a: Sableye
|-boost|p1a: Sableye|spa|1
|-boost|p1a: Sableye|spd|1
|
|-heal|p2a: Blissey|535\/714|[from] item: Leftovers
|turn|30
|leave|Sgt. Pepperoni
|c|★PragaSV|inb4 crit draco
|
|move|p2a: Blissey|Heal Bell|p2a: Blissey
|-cureteam|p2a: Blissey|[from] move: HealBell
|move|p1a: Sableye|Dark Pulse|p2a: Blissey
|-damage|p2a: Blissey|412\/714
|
|-heal|p2a: Blissey|714\/714|[from] move: Wish|[wisher] Blissey
|turn|31
|c| Savage_hr|This stall br0
|c| Criticality|disgusting
|c|★PragaSV|chuck these calm minds
|
|move|p2a: Blissey|Wish|p2a: Blissey
|move|p1a: Sableye|Dark Pulse|p2a: Blissey
|-damage|p2a: Blissey|579\/714
|
|-heal|p2a: Blissey|623\/714|[from] item: Leftovers
|turn|32
|
|switch|p2a: Ferrothorn|Ferrothorn, F|330\/352
|-damage|p2a: Ferrothorn|286\/352|[from] Spikes
|-damage|p2a: Ferrothorn|264\/352|[from] Stealth Rock
|move|p1a: Sableye|Dark Pulse|p2a: Ferrothorn
|-damage|p2a: Ferrothorn|114\/352
|
|-heal|p2a: Ferrothorn|352\/352|[from] move: Wish|[wisher] Blissey
|turn|33
|
|switch|p2a: Blissey|Blissey, F|623\/714
|-damage|p2a: Blissey|534\/714|[from] Stealth Rock
|-damage|p2a: Blissey|445\/714|[from] Spikes
|move|p1a: Sableye|Recover|p1a: Sableye
|-heal|p1a: Sableye|304\/304
|
|-heal|p2a: Blissey|489\/714|[from] item: Leftovers
|turn|34
|
|move|p2a: Blissey|Wish|p2a: Blissey
|move|p1a: Sableye|Calm Mind|p1a: Sableye
|-boost|p1a: Sableye|spa|1
|-boost|p1a: Sableye|spd|1
|
|-heal|p2a: Blissey|533\/714|[from] item: Leftovers
|turn|35
|
|switch|p2a: Latios|Latios, M|80\/302
|-damage|p2a: Latios|43\/302|[from] Stealth Rock
|move|p1a: Sableye|Will-O-Wisp|p2a: Latios
|-status|p2a: Latios|brn
|
|-heal|p2a: Latios|302\/302 brn|[from] move: Wish|[wisher] Blissey
|-damage|p2a: Latios|265\/302 brn|[from] brn
|turn|36
|c|★PragaSV|inb4 crit draco
|c|★PragaSV|LEL
|
|move|p2a: Latios|Draco Meteor|p1a: Sableye
|-damage|p1a: Sableye|190\/304
|-unboost|p2a: Latios|spa|2
|move|p1a: Sableye|Dark Pulse|p2a: Latios
|-supereffective|p2a: Latios
|-damage|p2a: Latios|0 fnt
|faint|p2a: Latios
|
|c|★PragaSV|awww
|c| Savage_hr|Welp
|c| Savage_hr|GG now
|c| Savage_hr|Lool
|
|switch|p2a: Blissey|Blissey, F|533\/714
|-damage|p2a: Blissey|444\/714|[from] Stealth Rock
|-damage|p2a: Blissey|355\/714|[from] Spikes
|turn|37
|c| Savage_hr|Nothing to kill Sable with
|
|move|p2a: Blissey|Wish|p2a: Blissey
|move|p1a: Sableye|Recover|p1a: Sableye
|-heal|p1a: Sableye|304\/304
|
|-heal|p2a: Blissey|399\/714|[from] item: Leftovers
|turn|38
|
|move|p2a: Blissey|Protect|p2a: Blissey
|-singleturn|p2a: Blissey|Protect
|move|p1a: Sableye|Will-O-Wisp|p2a: Blissey
|-activate|p2a: Blissey|Protect
|
|-heal|p2a: Blissey|714\/714|[from] move: Wish|[wisher] Blissey
|turn|39
|c| Savage_hr|M-Beedrill U-Turn might rekt it idk
|c|★PragaSV|admit defeat
|c|★PragaSV|LEL
|
|move|p2a: Blissey|Wish|p2a: Blissey
|move|p1a: Sableye|Will-O-Wisp|p2a: Blissey|[miss]
|-miss|p1a: Sableye|p2a: Blissey
|
|turn|40
|
|switch|p2a: Rotom-Wash|Rotom-Wash|304\/304
|-damage|p2a: Rotom-Wash|266\/304|[from] Stealth Rock
|move|p1a: Sableye|Dark Pulse|p2a: Rotom-Wash
|-damage|p2a: Rotom-Wash|71\/304
|
|-heal|p2a: Rotom-Wash|304\/304|[from] move: Wish|[wisher] Blissey
|turn|41
|
|move|p2a: Rotom-Wash|Volt Switch|p1a: Sableye
|-damage|p1a: Sableye|273\/304
|c|★PragaSV|24pp?
|c|★PragaSV|come on
|
|switch|p2a: Blissey|Blissey, F|714\/714
|-damage|p2a: Blissey|625\/714|[from] Stealth Rock
|-damage|p2a: Blissey|536\/714|[from] Spikes
|move|p1a: Sableye|Will-O-Wisp|p2a: Blissey
|-status|p2a: Blissey|brn
|
|-heal|p2a: Blissey|580\/714 brn|[from] item: Leftovers
|-damage|p2a: Blissey|491\/714 brn|[from] brn
|turn|42
|
|move|p2a: Blissey|Wish|p2a: Blissey
|move|p1a: Sableye|Calm Mind|p1a: Sableye
|-boost|p1a: Sableye|spa|1
|-boost|p1a: Sableye|spd|1
|
|-heal|p2a: Blissey|535\/714 brn|[from] item: Leftovers
|-damage|p2a: Blissey|446\/714 brn|[from] brn
|turn|43
|c| Savage_hr|oshit. Your defog is dead. Welp
|
|switch|p2a: Beedrill|Beedrill-Mega, M|204\/272
|-damage|p2a: Beedrill|170\/272|[from] Spikes
|-damage|p2a: Beedrill|102\/272|[from] Stealth Rock
|move|p1a: Sableye|Will-O-Wisp|p2a: Beedrill
|-status|p2a: Beedrill|brn
|
|-heal|p2a: Beedrill|272\/272 brn|[from] move: Wish|[wisher] Blissey
|-damage|p2a: Beedrill|238\/272 brn|[from] brn
|turn|44
|join|JustB1az3
|c|★PragaSV|rekt
|
|move|p2a: Beedrill|U-turn|p1a: Sableye
|-damage|p1a: Sableye|211\/304
|c| Savage_hr|GGGGG
|
|switch|p2a: Blissey|Blissey, F|446\/714
|-damage|p2a: Blissey|357\/714|[from] Spikes
|-damage|p2a: Blissey|268\/714|[from] Stealth Rock
|move|p1a: Sableye|Dark Pulse|p2a: Blissey
|-damage|p2a: Blissey|67\/714
|
|-heal|p2a: Blissey|111\/714|[from] item: Leftovers
|turn|45
|c| aj12365|>.< should have sacked ferro
|c|★PragaSV|inb4 crit uturn
|
|move|p2a: Blissey|Protect|p2a: Blissey
|-singleturn|p2a: Blissey|Protect
|move|p1a: Sableye|Dark Pulse|p2a: Blissey
|-activate|p2a: Blissey|Protect
|
|-heal|p2a: Blissey|155\/714|[from] item: Leftovers
|turn|46
|c|★PragaSV|nvm
|c| aj12365|or anythigng except beedrill
|
|move|p2a: Blissey|Protect|p2a: Blissey
|-singleturn|p2a: Blissey|Protect
|move|p1a: Sableye|Dark Pulse|p2a: Blissey
|-activate|p2a: Blissey|Protect
|
|-heal|p2a: Blissey|199\/714|[from] item: Leftovers
|turn|47
|
|move|p2a: Blissey|Wish|p2a: Blissey
|move|p1a: Sableye|Dark Pulse|p2a: Blissey
|-damage|p2a: Blissey|0 fnt
|faint|p2a: Blissey
|
|c| aj12365|but you can still stall him out........
|c| aj12365|or not
|
|switch|p2a: Landorus-Therian|Landorus-Therian, M|160\/320
|-damage|p2a: Landorus-Therian|120\/320|[from] Stealth Rock
|-ability|p2a: Landorus-Therian|Intimidate|[of] p1a: Sableye
|-unboost|p1a: Sableye|atk|1
|turn|48
|leave|RedSoxx
|
|move|p2a: Landorus-Therian|U-turn|p1a: Sableye
|-damage|p1a: Sableye|158\/304
|
|switch|p2a: Rotom-Wash|Rotom-Wash|304\/304
|-damage|p2a: Rotom-Wash|266\/304|[from] Stealth Rock
|move|p1a: Sableye|Recover|p1a: Sableye
|-heal|p1a: Sableye|304\/304
|
|-heal|p2a: Rotom-Wash|304\/304|[from] move: Wish|[wisher] Blissey
|turn|49
|c|★PragaSV|crit 4 days
|
|move|p2a: Rotom-Wash|Hydro Pump|p1a: Sableye
|-damage|p1a: Sableye|265\/304
|move|p1a: Sableye|Dark Pulse|p2a: Rotom-Wash
|-damage|p2a: Rotom-Wash|81\/304
|
|turn|50
|join|toneloni97
|
|move|p2a: Rotom-Wash|Pain Split|p1a: Sableye
|-sethp|p1a: Sableye|173\/304|p2a: Rotom-Wash|173\/304|[from] move: Pain Split
|move|p1a: Sableye|Recover|p1a: Sableye
|-heal|p1a: Sableye|304\/304
|
|turn|51
|c| Criticality|absolutely disgusting
|
|move|p2a: Rotom-Wash|Pain Split|p1a: Sableye
|-sethp|p1a: Sableye|238\/304|p2a: Rotom-Wash|238\/304|[from] move: Pain Split
|move|p1a: Sableye|Will-O-Wisp|p2a: Rotom-Wash
|-status|p2a: Rotom-Wash|brn
|
|-damage|p2a: Rotom-Wash|200\/304 brn|[from] brn
|turn|52
|join|Lycon
|c|★PragaSV|i agree
|
|move|p2a: Rotom-Wash|Hydro Pump|p1a: Sableye
|-damage|p1a: Sableye|195\/304
|move|p1a: Sableye|Recover|p1a: Sableye
|-heal|p1a: Sableye|304\/304
|
|-damage|p2a: Rotom-Wash|162\/304 brn|[from] brn
|turn|53
|
|move|p2a: Rotom-Wash|Pain Split|p1a: Sableye
|-sethp|p1a: Sableye|233\/304|p2a: Rotom-Wash|233\/304 brn|[from] move: Pain Split
|move|p1a: Sableye|Dark Pulse|p2a: Rotom-Wash
|-damage|p2a: Rotom-Wash|0 fnt
|faint|p2a: Rotom-Wash
|
|
|switch|p2a: Landorus-Therian|Landorus-Therian, M|120\/320
|-damage|p2a: Landorus-Therian|80\/320|[from] Stealth Rock
|-ability|p2a: Landorus-Therian|Intimidate|[of] p1a: Sableye
|-unboost|p1a: Sableye|atk|1
|turn|54
|
|move|p2a: Landorus-Therian|Earthquake|p1a: Sableye
|-damage|p1a: Sableye|118\/304
|move|p1a: Sableye|Recover|p1a: Sableye
|-heal|p1a: Sableye|270\/304
|
|turn|55
|c|★PragaSV|crit
|c|★PragaSV|come on
|
|move|p2a: Landorus-Therian|Earthquake|p1a: Sableye
|-damage|p1a: Sableye|146\/304
|move|p1a: Sableye|Will-O-Wisp|p2a: Landorus-Therian
|-status|p2a: Landorus-Therian|brn
|
|-damage|p2a: Landorus-Therian|40\/320 brn|[from] brn
|turn|56
|c|★PragaSV|oh well
|c| Lycon|nope
|
|move|p2a: Landorus-Therian|Earthquake|p1a: Sableye
|-damage|p1a: Sableye|86\/304
|move|p1a: Sableye|Recover|p1a: Sableye
|-heal|p1a: Sableye|238\/304
|
|-damage|p2a: Landorus-Therian|0 fnt|[from] brn
|faint|p2a: Landorus-Therian
|c| Criticality|gg\
|c|★PragaSV|fack sableye
|
|switch|p2a: Beedrill|Beedrill-Mega, M|238\/272 brn
|-damage|p2a: Beedrill|204\/272 brn|[from] Spikes
|-damage|p2a: Beedrill|136\/272 brn|[from] Stealth Rock
|turn|57
|
|move|p2a: Beedrill|U-turn|p1a: Sableye
|-damage|p1a: Sableye|174\/304
|c| JustB1az3|why do ppl hate stall its so beautiful
|leave|toneloni97
|c| JustB1az3|wouldn't bring to a tourney tho
|leave|Lycon
|c|★PragaSV|gg
|-message|PragaSV forfeited.
|
|win|zippleclopper
|join|Raik
|c|★PragaSV|bg
|c| JustB1az3|lol
|leave|SevenInHand
|leave|JustB1az3
|leave|Savage_hr
|c|★PragaSV|BAD GAME
|c|★PragaSV|STALL
|leave|PragaSV
|player|p2