|join|Mutchi
|join|noccliolinee
|player|p1|Mutchi|99
|player|p2|noccliolinee|169
|gametype|singles
|gen|6
|tier|OU
|rated
|clearpoke
|poke|p1|Charizard, F
|poke|p1|Rotom-Wash
|poke|p1|Gardevoir, F
|poke|p1|Landorus-Therian, M
|poke|p1|Magnezone
|poke|p1|Latias, F
|poke|p2|Landorus-Therian, M
|poke|p2|Heatran, M
|poke|p2|Quagsire, M
|poke|p2|Skarmory, M
|poke|p2|Sylveon, F
|poke|p2|Charizard, M
|rule|Swagger Clause: Swagger is banned
|rule|Baton Pass Clause: Limit one Pokémon knowing Baton Pass
|rule|Sleep Clause Mod: Limit one foe put to sleep
|rule|Species Clause: Limit one of each Pokémon
|rule|OHKO Clause: OHKO moves are banned
|rule|Moody Clause: Moody is banned
|rule|Evasion Moves Clause: Evasion moves are banned
|rule|Endless Battle Clause: Forcing endless battles is banned
|rule|HP Percentage Mod: HP is shown in percentages
|teampreview
|
|start
|switch|p1a: Gardevoir|Gardevoir, F|277\/277
|switch|p2a: Charizard|Charizard, M|298\/298
|-ability|p1a: Gardevoir|Blaze|[from] ability: Trace|[of] p2a: Charizard
|turn|1
|
|switch|p1a: Demeteros-T|Landorus-Therian, M|381\/381
|-ability|p1a: Demeteros-T|Intimidate|[of] p2a: Charizard
|-unboost|p2a: Charizard|atk|1
|detailschange|p2a: Charizard|Charizard-Mega-Y, M
|message|Charizard has Mega Evolved into Mega Charizard!
|-weather|SunnyDay
|move|p2a: Charizard|Fire Blast|p1a: Demeteros-T
|-damage|p1a: Demeteros-T|0 fnt
|faint|p1a: Demeteros-T
|
|-weather|SunnyDay|[upkeep]
|
|switch|p1a: Dracaufeu|Charizard, F|297\/297
|turn|2
|
|switch|p2a: Heatran|Heatran, M|323\/323
|detailschange|p1a: Dracaufeu|Charizard-Mega-X, F
|message|Charizard has Mega Evolved into Mega Charizard!
|move|p1a: Dracaufeu|Dragon Dance|p1a: Dracaufeu
|-boost|p1a: Dracaufeu|atk|1
|-boost|p1a: Dracaufeu|spe|1
|
|-weather|SunnyDay|[upkeep]
|turn|3
|
|switch|p2a: Quagsire|Quagsire, M|394\/394
|move|p1a: Dracaufeu|Earthquake|p2a: Quagsire
|-damage|p2a: Quagsire|303\/394
|
|-weather|SunnyDay|[upkeep]
|-heal|p2a: Quagsire|327\/394|[from] item: Leftovers
|turn|4
|
|switch|p1a: Motisma-W|Rotom-Wash|303\/303
|move|p2a: Quagsire|Recover|p2a: Quagsire
|-heal|p2a: Quagsire|394\/394
|
|-weather|SunnyDay|[upkeep]
|turn|5
|
|move|p1a: Motisma-W|Hydro Pump|p2a: Quagsire
|-damage|p2a: Quagsire|271\/394
|move|p2a: Quagsire|Toxic|p1a: Motisma-W
|-status|p1a: Motisma-W|tox
|
|-weather|none
|-heal|p2a: Quagsire|295\/394|[from] item: Leftovers
|-damage|p1a: Motisma-W|285\/303 tox|[from] psn
|turn|6
|
|move|p1a: Motisma-W|Will-O-Wisp|p2a: Quagsire
|-status|p2a: Quagsire|brn
|move|p2a: Quagsire|Scald|p1a: Motisma-W
|-resisted|p1a: Motisma-W
|-damage|p1a: Motisma-W|260\/303 tox
|
|-heal|p2a: Quagsire|319\/394 brn|[from] item: Leftovers
|-damage|p1a: Motisma-W|224\/303 tox|[from] psn
|-damage|p2a: Quagsire|270\/394 brn|[from] brn
|turn|7
|
|move|p1a: Motisma-W|Hydro Pump|p2a: Quagsire
|-damage|p2a: Quagsire|41\/394 brn
|move|p2a: Quagsire|Recover|p2a: Quagsire
|-heal|p2a: Quagsire|238\/394 brn
|
|-heal|p2a: Quagsire|262\/394 brn|[from] item: Leftovers
|-damage|p1a: Motisma-W|170\/303 tox|[from] psn
|-damage|p2a: Quagsire|213\/394 brn|[from] brn
|turn|8
|
|move|p1a: Motisma-W|Hydro Pump|p2a: Quagsire
|-damage|p2a: Quagsire|0 fnt
|faint|p2a: Quagsire
|
|-damage|p1a: Motisma-W|98\/303 tox|[from] psn
|
|switch|p2a: Charizard|Charizard-Mega-Y, M|298\/298
|-weather|SunnyDay
|turn|9
|
|switch|p1a: Dracaufeu|Charizard-Mega-X, F|297\/297
|move|p2a: Charizard|Fire Blast|p1a: Dracaufeu
|-resisted|p1a: Dracaufeu
|-damage|p1a: Dracaufeu|205\/297
|
|-weather|SunnyDay|[upkeep]
|turn|10
|
|switch|p2a: Landorus-Therian|Landorus-Therian, M|319\/319
|-ability|p2a: Landorus-Therian|Intimidate|[of] p1a: Dracaufeu
|-unboost|p1a: Dracaufeu|atk|1
|move|p1a: Dracaufeu|Dragon Claw|p2a: Landorus-Therian
|-damage|p2a: Landorus-Therian|184\/319
|
|-weather|SunnyDay|[upkeep]
|turn|11
|
|switch|p1a: Latias|Latias, F|319\/319
|move|p2a: Landorus-Therian|Rock Slide|p1a: Latias
|-damage|p1a: Latias|215\/319
|
|-weather|SunnyDay|[upkeep]
|turn|12
|
|switch|p2a: Sylveon|Sylveon, F|394\/394
|move|p1a: Latias|Psyshock|p2a: Sylveon
|-damage|p2a: Sylveon|246\/394
|-damage|p1a: Latias|184\/319|[from] item: Life Orb
|
|-weather|SunnyDay|[upkeep]
|-heal|p2a: Sylveon|270\/394|[from] item: Leftovers
|turn|13
|
|switch|p1a: Magnezone|Magnezone|339\/339
|move|p2a: Sylveon|Wish|p2a: Sylveon
|
|-weather|none
|-heal|p2a: Sylveon|294\/394|[from] item: Leftovers
|turn|14
|
|switch|p2a: Heatran|Heatran, M|323\/323
|move|p1a: Magnezone|Flash Cannon|p2a: Heatran
|-resisted|p2a: Heatran
|-damage|p2a: Heatran|267\/323
|-unboost|p2a: Heatran|spd|1
|
|-heal|p2a: Heatran|323\/323|[from] move: Wish|[wisher] Sylveon
|turn|15
|
|switch|p1a: Gardevoir|Gardevoir, F|277\/277
|-ability|p1a: Gardevoir|Flash Fire|[from] ability: Trace|[of] p2a: Heatran
|move|p2a: Heatran|Stealth Rock|p1a: Gardevoir
|-sidestart|p1: Mutchi|move: Stealth Rock
|
|turn|16
|
|move|p1a: Gardevoir|Focus Blast|p2a: Heatran
|-supereffective|p2a: Heatran
|-damage|p2a: Heatran|0 fnt
|faint|p2a: Heatran
|
|
|switch|p2a: Charizard|Charizard-Mega-Y, M|298\/298
|-weather|SunnyDay
|turn|17
|
|switch|p1a: Motisma-W|Rotom-Wash|98\/303 tox
|-damage|p1a: Motisma-W|61\/303 tox|[from] Stealth Rock
|move|p2a: Charizard|Fire Blast|p1a: Motisma-W
|-resisted|p1a: Motisma-W
|-damage|p1a: Motisma-W|0 fnt
|faint|p1a: Motisma-W
|
|-weather|SunnyDay|[upkeep]
|
|switch|p1a: Latias|Latias, F|184\/319
|-damage|p1a: Latias|145\/319|[from] Stealth Rock
|turn|18
|
|switch|p2a: Skarmory|Skarmory, M|334\/334
|move|p1a: Latias|Defog|p2a: Skarmory
|-unboost|p2a: Skarmory|evasion|1
|-sideend|p1: Mutchi|Stealth Rock|[from] move: Defog|[of] p1a: Latias
|
|-weather|SunnyDay|[upkeep]
|turn|19
|
|switch|p1a: Magnezone|Magnezone|339\/339
|switch|p2a: Landorus-Therian|Landorus-Therian, M|184\/319
|-ability|p2a: Landorus-Therian|Intimidate|[of] p1a: Magnezone
|-unboost|p1a: Magnezone|atk|1
|
|-weather|SunnyDay|[upkeep]
|turn|20
|
|switch|p1a: Gardevoir|Gardevoir, F|277\/277
|-ability|p1a: Gardevoir|Intimidate|[from] ability: Trace|[of] p2a: Landorus-Therian
|-ability|p1a: Gardevoir|Intimidate|[of] p2a: Landorus-Therian
|-unboost|p2a: Landorus-Therian|atk|1
|move|p2a: Landorus-Therian|Earthquake|p1a: Gardevoir
|-damage|p1a: Gardevoir|97\/277
|
|-weather|SunnyDay|[upkeep]
|turn|21
|
|switch|p2a: Sylveon|Sylveon, F|294\/394
|move|p1a: Gardevoir|Moonblast|p2a: Sylveon
|-damage|p2a: Sylveon|146\/394
|
|-weather|none
|-heal|p2a: Sylveon|170\/394|[from] item: Leftovers
|turn|22
|
|move|p2a: Sylveon|Protect|p2a: Sylveon
|-singleturn|p2a: Sylveon|Protect
|move|p1a: Gardevoir|Moonblast|p2a: Sylveon
|-activate|p2a: Sylveon|Protect
|
|-heal|p2a: Sylveon|194\/394|[from] item: Leftovers
|turn|23
|
|switch|p1a: Magnezone|Magnezone|339\/339
|move|p2a: Sylveon|Wish|p2a: Sylveon
|
|-heal|p2a: Sylveon|218\/394|[from] item: Leftovers
|turn|24
|
|switch|p2a: Landorus-Therian|Landorus-Therian, M|184\/319
|-ability|p2a: Landorus-Therian|Intimidate|[of] p1a: Magnezone
|-unboost|p1a: Magnezone|atk|1
|move|p1a: Magnezone|Flash Cannon|p2a: Landorus-Therian
|-damage|p2a: Landorus-Therian|0 fnt
|faint|p2a: Landorus-Therian
|
|
|switch|p2a: Charizard|Charizard-Mega-Y, M|298\/298
|-weather|SunnyDay
|turn|25
|
|switch|p1a: Gardevoir|Gardevoir, F|97\/277
|-ability|p1a: Gardevoir|Drought|[from] ability: Trace|[of] p2a: Charizard
|move|p2a: Charizard|Fire Blast|p1a: Gardevoir|[miss]
|-miss|p2a: Charizard|p1a: Gardevoir
|
|-weather|SunnyDay|[upkeep]
|turn|26
|
|move|p1a: Gardevoir|Psyshock|p2a: Charizard
|-damage|p2a: Charizard|117\/298
|move|p2a: Charizard|Fire Blast|p1a: Gardevoir
|-damage|p1a: Gardevoir|0 fnt
|faint|p1a: Gardevoir
|
|-weather|SunnyDay|[upkeep]
|
|switch|p1a: Dracaufeu|Charizard-Mega-X, F|205\/297
|turn|27
|
|move|p2a: Charizard|Fire Blast|p1a: Dracaufeu
|-resisted|p1a: Dracaufeu
|-damage|p1a: Dracaufeu|108\/297
|move|p1a: Dracaufeu|Flare Blitz|p2a: Charizard
|-resisted|p2a: Charizard
|-damage|p2a: Charizard|0 fnt
|-damage|p1a: Dracaufeu|69\/297|[from] recoil|[of] p2a: Charizard
|faint|p2a: Charizard
|
|-weather|SunnyDay|[upkeep]
|
|switch|p2a: Sylveon|Sylveon, F|218\/394
|turn|28
|
|move|p1a: Dracaufeu|Flare Blitz|p2a: Sylveon
|-crit|p2a: Sylveon
|-damage|p2a: Sylveon|0 fnt
|-damage|p1a: Dracaufeu|0 fnt|[from] recoil|[of] p2a: Sylveon
|faint|p2a: Sylveon
|faint|p1a: Dracaufeu
|
|-weather|SunnyDay|[upkeep]
|-message|noccliolinee forfeited.
|
|win|Mutchi
|raw|Ladder updating...
|leave|noccliolinee
|player|p2
|raw|Ladder (probably) updated, but score could not be retrieved (timeout).
|raw|Ladder (probably) updated, but score could not be retrieved (Error: socket hang up).