|join|noccliolinee
|join|Fabio96
|player|p1|noccliolinee|203
|player|p2|Fabio96|153
|gametype|singles
|gen|6
|tier|OU
|rated
|clearpoke
|poke|p1|Gyarados, M
|poke|p1|Garchomp, M
|poke|p1|Bisharp, M
|poke|p1|Skarmory, F
|poke|p1|Sylveon, F
|poke|p1|Heatran, F
|poke|p2|Garchomp, M
|poke|p2|Thundurus, M
|poke|p2|Gardevoir, F
|poke|p2|Azumarill, M
|poke|p2|Scizor, M
|poke|p2|Latias, F
|rule|Swagger Clause: Swagger is banned
|rule|Baton Pass Clause: Limit one Pokémon knowing Baton Pass
|rule|Sleep Clause Mod: Limit one foe put to sleep
|rule|Species Clause: Limit one of each Pokémon
|rule|OHKO Clause: OHKO moves are banned
|rule|Moody Clause: Moody is banned
|rule|Evasion Moves Clause: Evasion moves are banned
|rule|Endless Battle Clause: Forcing endless battles is banned
|rule|HP Percentage Mod: HP is shown in percentages
|teampreview
|c|★Fabio96|ancora
|join|GDrake99
|
|start
|switch|p1a: Bacon|Sylveon, F|394\/394
|switch|p2a: Zlatan|Thundurus, M|299\/299
|turn|1
|
|switch|p2a: Red Bull|Scizor, M|344\/344
|move|p1a: Bacon|Hyper Voice|p2a: Red Bull
|-resisted|p2a: Red Bull
|-damage|p2a: Red Bull|250\/344
|
|turn|2
|
|switch|p1a: Gyarados|Gyarados, M|331\/331
|-ability|p1a: Gyarados|Intimidate|[of] p2a: Red Bull
|-unboost|p2a: Red Bull|atk|1
|move|p2a: Red Bull|Bullet Punch|p1a: Gyarados
|-resisted|p1a: Gyarados
|-damage|p1a: Gyarados|266\/331
|-damage|p2a: Red Bull|216\/344|[from] item: Life Orb
|
|turn|3
|
|switch|p2a: Azu bomb|Azumarill, M|364\/364
|move|p1a: Gyarados|Dragon Dance|p1a: Gyarados
|-boost|p1a: Gyarados|atk|1
|-boost|p1a: Gyarados|spe|1
|
|turn|4
|
|switch|p1a: Shield|Skarmory, F|334\/334
|move|p2a: Azu bomb|Play Rough|p1a: Shield
|-resisted|p1a: Shield
|-damage|p1a: Shield|280\/334
|-damage|p2a: Azu bomb|304\/364|[from] item: Rocky Helmet|[of] p1a: Shield
|
|turn|5
|leave|GDrake99
|
|move|p2a: Azu bomb|Belly Drum|p2a: Azu bomb
|-damage|p2a: Azu bomb|122\/364
|-setboost|p2a: Azu bomb|atk|6|[from] move: Belly Drum
|-enditem|p2a: Azu bomb|Sitrus Berry|[eat]
|-heal|p2a: Azu bomb|213\/364|[from] item: Sitrus Berry
|move|p1a: Shield|Spikes|p2a: Azu bomb
|-sidestart|p2: Fabio96|Spikes
|
|turn|6
|
|move|p2a: Azu bomb|Knock Off|p1a: Shield
|-crit|p1a: Shield
|-damage|p1a: Shield|0 fnt
|-damage|p2a: Azu bomb|153\/364|[from] item: Rocky Helmet|[of] p1a: Shield
|-enditem|p1a: Shield|Rocky Helmet|[from] move: Knock Off|[of] p2a: Azu bomb
|faint|p1a: Shield
|
|
|switch|p1a: Jail|Bisharp, M|271\/271
|turn|7
|
|move|p1a: Jail|Sucker Punch|p2a: Azu bomb
|-resisted|p2a: Azu bomb
|-damage|p2a: Azu bomb|57\/364
|move|p2a: Azu bomb|Aqua Jet|p1a: Jail
|-damage|p1a: Jail|0 fnt
|faint|p1a: Jail
|
|
|switch|p1a: Bacon|Sylveon, F|394\/394
|turn|8
|
|move|p2a: Azu bomb|Play Rough|p1a: Bacon
|-damage|p1a: Bacon|0 fnt
|faint|p1a: Bacon
|
|-message|noccliolinee forfeited.
|leave|noccliolinee
|
|win|Fabio96
|raw|Ladder updating...
|player|p1
|raw|noccliolinee's rating: 1586 &rarr; <strong>1565<\/strong><br \/>(-21 for losing)
|raw|Fabio96's rating: 1566 &rarr; <strong>1587<\/strong><br \/>(+21 for winning)