|join|DaRkJoSeLu
|join|Tradekaiser
|player|p1|DaRkJoSeLu|238
|player|p2|Tradekaiser|102
|gametype|singles
|gen|6
|tier|OU
|rated
|clearpoke
|poke|p1|Azumarill, M
|poke|p1|Kyurem-Black
|poke|p1|Scizor, F
|poke|p1|Latias, F
|poke|p1|Landorus-Therian, M
|poke|p1|Heatran, M
|poke|p2|Staraptor, M
|poke|p2|Pinsir, F
|poke|p2|Excadrill, F
|poke|p2|Talonflame, M
|poke|p2|Rotom-Wash
|poke|p2|Greninja, M
|rule|Swagger Clause: Swagger is banned
|rule|Baton Pass Clause: Limit one Pokémon knowing Baton Pass
|rule|Sleep Clause Mod: Limit one foe put to sleep
|rule|Species Clause: Limit one of each Pokémon
|rule|OHKO Clause: OHKO moves are banned
|rule|Moody Clause: Moody is banned
|rule|Evasion Moves Clause: Evasion moves are banned
|rule|Endless Battle Clause: Forcing endless battles is banned
|rule|HP Percentage Mod: HP is shown in percentages
|teampreview
|
|start
|switch|p1a: Landorus-Therian|Landorus-Therian, M|319\/319
|switch|p2a: Rotom-Wash|Rotom-Wash|304\/304
|-ability|p1a: Landorus-Therian|Intimidate|[of] p2a: Rotom-Wash
|-unboost|p2a: Rotom-Wash|atk|1
|turn|1
|
|move|p1a: Landorus-Therian|U-turn|p2a: Rotom-Wash
|-damage|p2a: Rotom-Wash|220\/304
|
|switch|p1a: Latias|Latias, F|329\/329
|move|p2a: Rotom-Wash|Hydro Pump|p1a: Latias|[miss]
|-miss|p2a: Rotom-Wash|p1a: Latias
|
|turn|2
|
|switch|p2a: Excadrill|Excadrill, F|391\/391
|-ability|p2a: Excadrill|Mold Breaker
|move|p1a: Latias|Draco Meteor|p2a: Excadrill
|-resisted|p2a: Excadrill
|-damage|p2a: Excadrill|309\/391
|-unboost|p1a: Latias|spa|2
|-damage|p1a: Latias|297\/329|[from] item: Life Orb
|
|turn|3
|
|switch|p1a: Landorus-Therian|Landorus-Therian, M|319\/319
|-ability|p1a: Landorus-Therian|Intimidate|[of] p2a: Excadrill
|-unboost|p2a: Excadrill|atk|1
|switch|p2a: Rotom-Wash|Rotom-Wash|220\/304
|
|turn|4
|
|move|p1a: Landorus-Therian|U-turn|p2a: Rotom-Wash
|-damage|p2a: Rotom-Wash|135\/304
|
|switch|p1a: Latias|Latias, F|297\/329
|move|p2a: Rotom-Wash|Will-O-Wisp|p1a: Latias
|-status|p1a: Latias|brn
|
|-damage|p1a: Latias|256\/329 brn|[from] brn
|turn|5
|
|move|p1a: Latias|Psyshock|p2a: Rotom-Wash
|-damage|p2a: Rotom-Wash|0 fnt
|-damage|p1a: Latias|224\/329 brn|[from] item: Life Orb
|faint|p2a: Rotom-Wash
|
|-damage|p1a: Latias|183\/329 brn|[from] brn
|
|switch|p2a: Staraptor|Staraptor, M|311\/311
|turn|6
|
|switch|p1a: Landorus-Therian|Landorus-Therian, M|319\/319
|-ability|p1a: Landorus-Therian|Intimidate|[of] p2a: Staraptor
|-unboost|p2a: Staraptor|atk|1
|move|p2a: Staraptor|U-turn|p1a: Landorus-Therian
|-resisted|p1a: Landorus-Therian
|-damage|p1a: Landorus-Therian|290\/319
|
|switch|p2a: Pinsir|Pinsir, F|271\/271
|
|turn|7
|
|move|p1a: Landorus-Therian|Rock Slide|p2a: Pinsir
|-supereffective|p2a: Pinsir
|-damage|p2a: Pinsir|71\/271
|cant|p2a: Pinsir|flinch
|
|turn|8
|
|detailschange|p2a: Pinsir|Pinsir-Mega, F
|message|Pinsir has Mega Evolved into Mega Pinsir!
|move|p2a: Pinsir|Quick Attack|p1a: Landorus-Therian
|-damage|p1a: Landorus-Therian|181\/319
|move|p1a: Landorus-Therian|Rock Slide|p2a: Pinsir
|-supereffective|p2a: Pinsir
|-damage|p2a: Pinsir|0 fnt
|faint|p2a: Pinsir
|
|
|switch|p2a: Talonflame|Talonflame, M|327\/327
|turn|9
|
|switch|p1a: Latias|Latias, F|183\/329 brn
|move|p2a: Talonflame|Swords Dance|p2a: Talonflame
|-boost|p2a: Talonflame|atk|2
|
|-damage|p1a: Latias|142\/329 brn|[from] brn
|turn|10
|
|move|p2a: Talonflame|Brave Bird|p1a: Latias
|-damage|p1a: Latias|0 fnt
|-damage|p2a: Talonflame|280\/327|[from] recoil|[of] p1a: Latias
|faint|p1a: Latias
|
|
|switch|p1a: Heatran|Heatran, M|326\/326
|-item|p1a: Heatran|Air Balloon
|turn|11
|
|move|p2a: Talonflame|Brave Bird|p1a: Heatran
|-resisted|p1a: Heatran
|-damage|p1a: Heatran|150\/326
|-enditem|p1a: Heatran|Air Balloon
|-damage|p2a: Talonflame|222\/327|[from] recoil|[of] p1a: Heatran
|move|p1a: Heatran|Ancient Power|p2a: Talonflame
|-supereffective|p2a: Talonflame
|-damage|p2a: Talonflame|0 fnt
|faint|p2a: Talonflame
|
|
|switch|p2a: Greninja|Greninja, M|285\/285
|turn|12
|
|move|p2a: Greninja|Hydro Pump|p1a: Heatran
|-start|p2a: Greninja|typechange|Water|[from] Protean
|-crit|p1a: Heatran
|-supereffective|p1a: Heatran
|-damage|p1a: Heatran|0 fnt
|faint|p1a: Heatran
|
|raw|<div class="broadcast-red"><b>The server is restarting soon.<\/b><br \/>Please finish your battles quickly. No new battles can be started until the server resets in a few minutes.<\/div>
|raw|<div class="broadcast-red"><b>Moderated chat was set to +!<\/b><br \/>Only users of rank + and higher can talk.<\/div>
|
|switch|p1a: Azumarill|Azumarill, M|403\/403
|turn|13
|
|move|p2a: Greninja|Extrasensory|p1a: Azumarill
|-start|p2a: Greninja|typechange|Psychic|[from] Protean
|-damage|p1a: Azumarill|265\/403
|move|p1a: Azumarill|Play Rough|p2a: Greninja
|-damage|p2a: Greninja|0 fnt
|faint|p2a: Greninja
|
|
|switch|p2a: Staraptor|Staraptor, M|311\/311
|turn|14
|
|switch|p1a: Landorus-Therian|Landorus-Therian, M|181\/319
|-ability|p1a: Landorus-Therian|Intimidate|[of] p2a: Staraptor
|-unboost|p2a: Staraptor|atk|1
|move|p2a: Staraptor|Brave Bird|p1a: Landorus-Therian
|-damage|p1a: Landorus-Therian|0 fnt
|-damage|p2a: Staraptor|251\/311|[from] recoil|[of] p1a: Landorus-Therian
|faint|p1a: Landorus-Therian
|
|
|switch|p1a: Scizor|Scizor, F|343\/343
|turn|15
|
|switch|p2a: Excadrill|Excadrill, F|309\/391
|-ability|p2a: Excadrill|Mold Breaker
|detailschange|p1a: Scizor|Scizor-Mega, F
|message|Scizor has Mega Evolved into Mega Scizor!
|move|p1a: Scizor|Swords Dance|p1a: Scizor
|-boost|p1a: Scizor|atk|2
|
|turn|16
|
|move|p2a: Excadrill|Earthquake|p1a: Scizor
|-damage|p1a: Scizor|193\/343
|move|p1a: Scizor|Knock Off|p2a: Excadrill
|-damage|p2a: Excadrill|0 fnt
|-enditem|p2a: Excadrill|Assault Vest|[from] move: Knock Off|[of] p1a: Scizor
|faint|p2a: Excadrill
|
|
|switch|p2a: Staraptor|Staraptor, M|251\/311
|turn|17
|
|move|p1a: Scizor|Bullet Punch|p2a: Staraptor
|-crit|p2a: Staraptor
|-damage|p2a: Staraptor|0 fnt
|faint|p2a: Staraptor
|
|win|DaRkJoSeLu
|raw|Ladder updating...
|raw|DaRkJoSeLu's rating: 1549 &rarr; <strong>1566<\/strong><br \/>(+17 for winning)
|raw|Tradekaiser's rating: 1508 &rarr; <strong>1491<\/strong><br \/>(-17 for losing)
|leave|Tradekaiser
|player|p2