|join|Vlado Vladimir
|join|Es Heatedline
|player|p1|Vlado Vladimir|31
|player|p2|Es Heatedline|144
|gametype|singles
|gen|6
|tier|OU
|rated
|clearpoke
|poke|p1|Metagross
|poke|p1|Rotom-Wash
|poke|p1|Gengar, M
|poke|p1|Latios, M
|poke|p1|Ferrothorn, M
|poke|p1|Landorus-Therian, M
|poke|p2|Garchomp, F
|poke|p2|Landorus, M
|poke|p2|Dragonite, M
|poke|p2|Metagross
|poke|p2|Raikou
|poke|p2|Keldeo
|rule|Swagger Clause: Swagger is banned
|rule|Baton Pass Clause: Limit one Pokémon knowing Baton Pass
|rule|Sleep Clause Mod: Limit one foe put to sleep
|rule|Species Clause: Limit one of each Pokémon
|rule|OHKO Clause: OHKO moves are banned
|rule|Moody Clause: Moody is banned
|rule|Evasion Moves Clause: Evasion moves are banned
|rule|Endless Battle Clause: Forcing endless battles is banned
|rule|HP Percentage Mod: HP is shown in percentages
|teampreview
|
|start
|switch|p1a: Rotom-Wash|Rotom-Wash|303\/303
|switch|p2a: Garchomp|Garchomp, F|357\/357
|turn|1
|
|move|p2a: Garchomp|Swords Dance|p2a: Garchomp
|-boost|p2a: Garchomp|atk|2
|move|p1a: Rotom-Wash|Will-O-Wisp|p2a: Garchomp
|-status|p2a: Garchomp|brn
|-enditem|p2a: Garchomp|Lum Berry|[eat]
|-curestatus|p2a: Garchomp|brn
|
|turn|2
|
|switch|p1a: Landorus-Therian|Landorus-Therian, M|319\/319
|-ability|p1a: Landorus-Therian|Intimidate|[of] p2a: Garchomp
|-unboost|p2a: Garchomp|atk|1
|move|p2a: Garchomp|Stealth Rock|p1a: Landorus-Therian
|-sidestart|p1: Vlado Vladimir|move: Stealth Rock
|
|turn|3
|
|move|p1a: Landorus-Therian|Stealth Rock|p2a: Garchomp
|-sidestart|p2: Es Heatedline|move: Stealth Rock
|move|p2a: Garchomp|Outrage|p1a: Landorus-Therian
|-damage|p1a: Landorus-Therian|10\/319
|
|turn|4
|
|switch|p1a: Ferrothorn|Ferrothorn, M|352\/352
|-damage|p1a: Ferrothorn|330\/352|[from] Stealth Rock
|move|p2a: Garchomp|Outrage|p1a: Ferrothorn
|-resisted|p1a: Ferrothorn
|-damage|p1a: Ferrothorn|223\/352
|-damage|p2a: Garchomp|313\/357|[from] ability: Iron Barbs|[of] p1a: Ferrothorn
|-damage|p2a: Garchomp|254\/357|[from] item: Rocky Helmet|[of] p1a: Ferrothorn
|
|-end|p2a: Garchomp|rampage
|-start|p2a: Garchomp|confusion
|turn|5
|
|-activate|p2a: Garchomp|confusion
|-damage|p2a: Garchomp|185\/357|[from] confusion
|move|p1a: Ferrothorn|Leech Seed|p2a: Garchomp|[miss]
|-miss|p1a: Ferrothorn|p2a: Garchomp
|
|turn|6
|
|switch|p1a: Landorus-Therian|Landorus-Therian, M|10\/319
|-damage|p1a: Landorus-Therian|0 fnt|[from] Stealth Rock
|faint|p1a: Landorus-Therian
|-activate|p2a: Garchomp|confusion
|move|p2a: Garchomp|Earthquake|p1: Landorus-Therian|[notarget]
|-notarget
|
|
|switch|p1a: Gengar|Gengar, M|262\/262
|-damage|p1a: Gengar|230\/262|[from] Stealth Rock
|turn|7
|
|move|p1a: Gengar|Shadow Ball|p2a: Garchomp
|-damage|p2a: Garchomp|0 fnt
|-damage|p1a: Gengar|204\/262|[from] item: Life Orb
|faint|p2a: Garchomp
|
|
|switch|p2a: Raikou|Raikou|321\/321
|-damage|p2a: Raikou|281\/321|[from] Stealth Rock
|-ability|p2a: Raikou|Pressure
|turn|8
|
|move|p2a: Raikou|Volt Switch|p1a: Gengar
|-damage|p1a: Gengar|0 fnt
|faint|p1a: Gengar
|
|switch|p2a: Dragonite|Dragonite, M|323\/323
|-damage|p2a: Dragonite|243\/323|[from] Stealth Rock
|
|
|switch|p1a: Rotom-Wash|Rotom-Wash|303\/303
|-damage|p1a: Rotom-Wash|266\/303|[from] Stealth Rock
|turn|9
|
|switch|p1a: Ferrothorn|Ferrothorn, M|223\/352
|-damage|p1a: Ferrothorn|201\/352|[from] Stealth Rock
|move|p2a: Dragonite|Outrage|p1a: Ferrothorn
|-resisted|p1a: Ferrothorn
|-damage|p1a: Ferrothorn|92\/352
|-damage|p2a: Dragonite|203\/323|[from] ability: Iron Barbs|[of] p1a: Ferrothorn
|-damage|p2a: Dragonite|150\/323|[from] item: Rocky Helmet|[of] p1a: Ferrothorn
|
|turn|10
|
|move|p2a: Dragonite|Outrage|p1a: Ferrothorn
|-resisted|p1a: Ferrothorn
|-damage|p1a: Ferrothorn|0 fnt
|-damage|p2a: Dragonite|110\/323|[from] ability: Iron Barbs|[of] p1a: Ferrothorn
|-damage|p2a: Dragonite|57\/323|[from] item: Rocky Helmet|[of] p1a: Ferrothorn
|faint|p1a: Ferrothorn
|
|
|switch|p1a: Metagross|Metagross|301\/301
|-damage|p1a: Metagross|283\/301|[from] Stealth Rock
|turn|11
|
|detailschange|p1a: Metagross|Metagross-Mega
|-mega|p1a: Metagross|Metagross|Metagrossite
|move|p2a: Dragonite|Outrage|p1a: Metagross
|-resisted|p1a: Metagross
|-damage|p1a: Metagross|149\/301
|move|p1a: Metagross|Agility|p1a: Metagross
|-boost|p1a: Metagross|spe|2
|
|-end|p2a: Dragonite|rampage
|-start|p2a: Dragonite|confusion
|turn|12
|
|move|p1a: Metagross|Meteor Mash|p2a: Dragonite
|-damage|p2a: Dragonite|0 fnt
|faint|p2a: Dragonite
|
|
|switch|p2a: Keldeo|Keldeo|323\/323
|-damage|p2a: Keldeo|303\/323|[from] Stealth Rock
|turn|13
|
|move|p1a: Metagross|Zen Headbutt|p2a: Keldeo
|-supereffective|p2a: Keldeo
|-damage|p2a: Keldeo|0 fnt
|faint|p2a: Keldeo
|
|
|switch|p2a: Landorus|Landorus, M|319\/319
|-damage|p2a: Landorus|280\/319|[from] Stealth Rock
|turn|14
|
|move|p1a: Metagross|Ice Punch|p2a: Landorus
|-supereffective|p2a: Landorus
|-damage|p2a: Landorus|0 fnt
|faint|p2a: Landorus
|
|
|switch|p2a: Metagross|Metagross|301\/301
|-damage|p2a: Metagross|283\/301|[from] Stealth Rock
|turn|15
|
|detailschange|p2a: Metagross|Metagross-Mega
|-mega|p2a: Metagross|Metagross|Metagrossite
|move|p1a: Metagross|Meteor Mash|p2a: Metagross
|-resisted|p2a: Metagross
|-damage|p2a: Metagross|194\/301
|move|p2a: Metagross|Pursuit|p1a: Metagross
|-supereffective|p1a: Metagross
|-damage|p1a: Metagross|43\/301
|
|turn|16
|
|move|p1a: Metagross|Meteor Mash|p2a: Metagross
|-resisted|p2a: Metagross
|-damage|p2a: Metagross|105\/301
|-boost|p1a: Metagross|atk|1
|move|p2a: Metagross|Pursuit|p1a: Metagross
|-supereffective|p1a: Metagross
|-damage|p1a: Metagross|0 fnt
|faint|p1a: Metagross
|
|
|switch|p1a: Latios|Latios, M|301\/301
|-damage|p1a: Latios|264\/301|[from] Stealth Rock
|turn|17
|
|move|p1a: Latios|Earthquake|p2a: Metagross
|-supereffective|p2a: Metagross
|-damage|p2a: Metagross|0 fnt
|-damage|p1a: Latios|234\/301|[from] item: Life Orb
|faint|p2a: Metagross
|
|
|switch|p2a: Raikou|Raikou|281\/321
|-damage|p2a: Raikou|241\/321|[from] Stealth Rock
|-ability|p2a: Raikou|Pressure
|turn|18
|
|move|p2a: Raikou|Shadow Ball|p1a: Latios
|-crit|p1a: Latios
|-supereffective|p1a: Latios
|-damage|p1a: Latios|0 fnt
|faint|p1a: Latios
|
|
|switch|p1a: Rotom-Wash|Rotom-Wash|266\/303
|-damage|p1a: Rotom-Wash|229\/303|[from] Stealth Rock
|turn|19
|
|move|p2a: Raikou|Shadow Ball|p1a: Rotom-Wash
|-damage|p1a: Rotom-Wash|142\/303
|move|p1a: Rotom-Wash|Pain Split|p2a: Raikou
|-sethp|p2a: Raikou|191\/321|p1a: Rotom-Wash|191\/303|[from] move: Pain Split
|
|-heal|p1a: Rotom-Wash|209\/303|[from] item: Leftovers
|turn|20
|
|move|p2a: Raikou|Shadow Ball|p1a: Rotom-Wash
|-damage|p1a: Rotom-Wash|121\/303
|move|p1a: Rotom-Wash|Will-O-Wisp|p2a: Raikou|[miss]
|-miss|p1a: Rotom-Wash|p2a: Raikou
|
|-heal|p1a: Rotom-Wash|139\/303|[from] item: Leftovers
|turn|21
|
|move|p2a: Raikou|Shadow Ball|p1a: Rotom-Wash
|-damage|p1a: Rotom-Wash|47\/303
|move|p1a: Rotom-Wash|Pain Split|p2a: Raikou
|-sethp|p2a: Raikou|119\/321|p1a: Rotom-Wash|119\/303|[from] move: Pain Split
|
|-heal|p1a: Rotom-Wash|137\/303|[from] item: Leftovers
|turn|22
|
|move|p2a: Raikou|Shadow Ball|p1a: Rotom-Wash
|-crit|p1a: Rotom-Wash
|-damage|p1a: Rotom-Wash|1\/303
|-unboost|p1a: Rotom-Wash|spd|1
|move|p1a: Rotom-Wash|Hydro Pump|p2a: Raikou
|-damage|p2a: Raikou|0 fnt
|faint|p2a: Raikou
|
|win|Vlado Vladimir
|raw|Ladder updating...
|raw|Vlado Vladimir's rating: 1695 &rarr; <strong>1715<\/strong><br \/>(+20 for winning)
|raw|Es Heatedline's rating: 1706 &rarr; <strong>1686<\/strong><br \/>(-20 for losing)
|leave|Es Heatedline
|player|p2
|c|★Vlado Vladimir|shet