|join|TheAmphy
|join|Lord Uuras
|player|p1|TheAmphy|146
|player|p2|Lord Uuras|183
|gametype|singles
|gen|6
|tier|UU
|rated
|rule|Sleep Clause Mod: Limit one foe put to sleep
|rule|Species Clause: Limit one of each Pokémon
|rule|OHKO Clause: OHKO moves are banned
|rule|Moody Clause: Moody is banned
|rule|Evasion Moves Clause: Evasion moves are banned
|rule|Endless Battle Clause: Forcing endless battles is banned
|rule|HP Percentage Mod: HP is shown in percentages
|clearpoke
|poke|p1|Ampharos, F
|poke|p1|Florges, F
|poke|p1|Forretress, F
|poke|p1|Chandelure, M
|poke|p1|Scrafty, F
|poke|p1|Crobat, M
|poke|p2|Nidoqueen, F
|poke|p2|Krookodile, F
|poke|p2|Alakazam, M
|poke|p2|Jirachi
|poke|p2|Hydreigon, M
|poke|p2|Ampharos, F
|rule|Swagger Clause: Swagger is banned
|rule|Baton Pass Clause: Limit one Pokémon knowing Baton Pass
|teampreview
|
|start
|switch|p1a: Brobat|Crobat, M|311\/311
|switch|p2a: Jirachi|Jirachi|341\/341
|turn|1
|
|switch|p1a: Ampharos|Ampharos, F|354\/354
|move|p2a: Jirachi|Iron Head|p1a: Ampharos
|-resisted|p1a: Ampharos
|-damage|p1a: Ampharos|289\/354
|-status|p2a: Jirachi|par
|
|turn|2
|
|switch|p2a: Nidoqueen|Nidoqueen, F|345\/345
|detailschange|p1a: Ampharos|Ampharos-Mega, F
|message|Ampharos has Mega Evolved into Mega Ampharos!
|-ability|p1a: Ampharos|Mold Breaker
|move|p1a: Ampharos|Dragon Pulse|p2a: Nidoqueen
|-damage|p2a: Nidoqueen|128\/345
|
|turn|3
|
|switch|p1a: Thug|Scrafty, F|334\/334
|-ability|p1a: Thug|Intimidate|[of] p2a: Nidoqueen
|-unboost|p2a: Nidoqueen|atk|1
|move|p2a: Nidoqueen|Ice Beam|p1a: Thug
|-damage|p1a: Thug|247\/334
|
|turn|4
|
|switch|p2a: Ampharos|Ampharos, F|373\/373
|move|p1a: Thug|Knock Off|p2a: Ampharos
|-damage|p2a: Ampharos|249\/373
|
|turn|5
|
|detailschange|p2a: Ampharos|Ampharos-Mega, F
|message|Ampharos has Mega Evolved into Mega Ampharos!
|-ability|p2a: Ampharos|Mold Breaker
|move|p2a: Ampharos|Volt Switch|p1a: Thug
|-damage|p1a: Thug|154\/334
|
|switch|p2a: Jirachi|Jirachi|341\/341 par
|move|p1a: Thug|Drain Punch|p2a: Jirachi
|-damage|p2a: Jirachi|220\/341 par
|-heal|p1a: Thug|215\/334|[from] drain|[of] p2a: Jirachi
|
|turn|6
|
|move|p1a: Thug|Knock Off|p2a: Jirachi
|-supereffective|p2a: Jirachi
|-damage|p2a: Jirachi|0 fnt
|-enditem|p2a: Jirachi|Choice Scarf|[from] move: Knock Off|[of] p1a: Thug
|faint|p2a: Jirachi
|
|
|switch|p2a: Krookodile|Krookodile, F|331\/331
|-ability|p2a: Krookodile|Intimidate|[of] p1a: Thug
|-unboost|p1a: Thug|atk|1
|turn|7
|
|switch|p1a: Fort Knox|Forretress, F|354\/354
|move|p2a: Krookodile|Earthquake|p1a: Fort Knox
|-damage|p1a: Fort Knox|218\/354
|
|-heal|p1a: Fort Knox|240\/354|[from] item: Leftovers
|turn|8
|
|switch|p2a: Ampharos|Ampharos-Mega, F|249\/373
|-ability|p2a: Ampharos|Mold Breaker
|move|p1a: Fort Knox|Gyro Ball|p2a: Ampharos
|-resisted|p2a: Ampharos
|-damage|p2a: Ampharos|223\/373
|
|-heal|p1a: Fort Knox|262\/354|[from] item: Leftovers
|turn|9
|
|switch|p1a: Florges|Florges, F|360\/360
|move|p2a: Ampharos|Volt Switch|p1a: Florges
|-damage|p1a: Florges|258\/360
|
|switch|p2a: Nidoqueen|Nidoqueen, F|128\/345
|
|-heal|p1a: Florges|280\/360|[from] item: Leftovers
|turn|10
|
|switch|p1a: Brobat|Crobat, M|311\/311
|move|p2a: Nidoqueen|Sludge Wave|p1a: Brobat
|-resisted|p1a: Brobat
|-damage|p1a: Brobat|175\/311
|
|turn|11
|
|switch|p2a: Ampharos|Ampharos-Mega, F|223\/373
|-ability|p2a: Ampharos|Mold Breaker
|move|p1a: Brobat|Brave Bird|p2a: Ampharos
|-resisted|p2a: Ampharos
|-damage|p2a: Ampharos|81\/373
|-damage|p1a: Brobat|128\/311|[from] recoil|[of] p2a: Ampharos
|
|turn|12
|
|move|p1a: Brobat|Brave Bird|p2a: Ampharos
|-resisted|p2a: Ampharos
|-damage|p2a: Ampharos|0 fnt
|-damage|p1a: Brobat|101\/311|[from] recoil|[of] p2a: Ampharos
|faint|p2a: Ampharos
|
|
|switch|p2a: Krookodile|Krookodile, F|331\/331
|-ability|p2a: Krookodile|Intimidate|[of] p1a: Brobat
|-unboost|p1a: Brobat|atk|1
|turn|13
|
|move|p1a: Brobat|Brave Bird|p2a: Krookodile
|-damage|p2a: Krookodile|105\/331
|-damage|p1a: Brobat|26\/311|[from] recoil|[of] p2a: Krookodile
|move|p2a: Krookodile|Pursuit|p1a: Brobat
|-damage|p1a: Brobat|0 fnt
|faint|p1a: Brobat
|
|
|switch|p1a: Thug|Scrafty, F|215\/334
|-ability|p1a: Thug|Intimidate|[of] p2a: Krookodile
|-unboost|p2a: Krookodile|atk|1
|turn|14
|
|switch|p2a: Nidoqueen|Nidoqueen, F|128\/345
|move|p1a: Thug|Drain Punch|p2a: Nidoqueen
|-resisted|p2a: Nidoqueen
|-damage|p2a: Nidoqueen|68\/345
|-heal|p1a: Thug|245\/334|[from] drain|[of] p2a: Nidoqueen
|
|turn|15
|
|move|p2a: Nidoqueen|Stealth Rock|p1a: Thug
|-sidestart|p1: TheAmphy|move: Stealth Rock
|move|p1a: Thug|Knock Off|p2a: Nidoqueen
|-damage|p2a: Nidoqueen|0 fnt
|-enditem|p2a: Nidoqueen|Life Orb|[from] move: Knock Off|[of] p1a: Thug
|faint|p2a: Nidoqueen
|
|
|switch|p2a: Alakazam|Alakazam, M|251\/251
|turn|16
|join|bear brand
|
|switch|p1a: Florges|Florges, F|280\/360
|-damage|p1a: Florges|235\/360|[from] Stealth Rock
|move|p2a: Alakazam|Calm Mind|p2a: Alakazam
|-boost|p2a: Alakazam|spa|1
|-boost|p2a: Alakazam|spd|1
|
|-heal|p1a: Florges|257\/360|[from] item: Leftovers
|turn|17
|leave|bear brand
|
|move|p2a: Alakazam|Calm Mind|p2a: Alakazam
|-boost|p2a: Alakazam|spa|1
|-boost|p2a: Alakazam|spd|1
|move|p1a: Florges|Wish|p1a: Florges
|
|-heal|p1a: Florges|279\/360|[from] item: Leftovers
|turn|18
|
|switch|p1a: Thug|Scrafty, F|245\/334
|-damage|p1a: Thug|225\/334|[from] Stealth Rock
|-ability|p1a: Thug|Intimidate|[of] p2a: Alakazam
|-unboost|p2a: Alakazam|atk|1
|move|p2a: Alakazam|Psyshock|p1a: Thug
|-immune|p1a: Thug|[msg]
|
|-heal|p1a: Thug|334\/334|[from] move: Wish|[wisher] Florges
|turn|19
|
|move|p2a: Alakazam|Dazzling Gleam|p1a: Thug
|-supereffective|p1a: Thug
|-damage|p1a: Thug|0 fnt
|faint|p1a: Thug
|
|
|switch|p1a: Fort Knox|Forretress, F|262\/354
|-damage|p1a: Fort Knox|218\/354|[from] Stealth Rock
|turn|20
|
|move|p2a: Alakazam|Shadow Ball|p1a: Fort Knox
|-damage|p1a: Fort Knox|0 fnt
|faint|p1a: Fort Knox
|
|-message|TheAmphy forfeited.
|
|win|Lord Uuras
|raw|Ladder updating...
|leave|TheAmphy
|player|p1
|raw|TheAmphy's rating: 1481 &rarr; <strong>1463<\/strong><br \/>(-18 for losing)
|raw|Lord Uuras's rating: 1515 &rarr; <strong>1533<\/strong><br \/>(+18 for winning)