|join|stuu
|join|TheAmphy
|player|p1|stuu|29
|player|p2|TheAmphy|146
|gametype|singles
|gen|6
|tier|UU
|rated
|rule|Sleep Clause Mod: Limit one foe put to sleep
|rule|Species Clause: Limit one of each Pokémon
|rule|OHKO Clause: OHKO moves are banned
|rule|Moody Clause: Moody is banned
|rule|Evasion Moves Clause: Evasion moves are banned
|rule|Endless Battle Clause: Forcing endless battles is banned
|rule|HP Percentage Mod: HP is reported as percentages
|clearpoke
|poke|p1|Snorlax, M
|poke|p1|Sableye, M
|poke|p1|Alomomola, M
|poke|p1|Aromatisse, F
|poke|p1|Hippowdon, M
|poke|p1|Mew
|poke|p2|Rotom-Heat
|poke|p2|Swampert, M
|poke|p2|Forretress, M
|poke|p2|Roserade, M
|poke|p2|Victini
|poke|p2|Lucario, M
|rule|Swagger Clause: Swagger is banned
|rule|Baton Pass Clause: Limit one Pokémon knowing Baton Pass
|teampreview
|
|start
|switch|p1a: poses no wekns|Sableye, M|304\/304
|switch|p2a: Roserade|Roserade, M|261\/261
|turn|1
|
|switch|p1a: Mew|Mew|404\/404
|move|p2a: Roserade|Leaf Storm|p1a: Mew
|-damage|p1a: Mew|186\/404
|-unboost|p2a: Roserade|spa|2
|-damage|p2a: Roserade|235\/261|[from] item: Life Orb
|
|-heal|p1a: Mew|211\/404|[from] item: Leftovers
|turn|2
|
|move|p2a: Roserade|Sleep Powder|p1a: Mew
|-status|p1a: Mew|slp
|cant|p1a: Mew|slp
|
|-heal|p1a: Mew|236\/404 slp|[from] item: Leftovers
|turn|3
|
|switch|p2a: Forretress|Forretress, M|354\/354
|-curestatus|p1a: Mew|slp
|move|p1a: Mew|Roost|p1a: Mew
|-heal|p1a: Mew|404\/404
|
|turn|4
|
|switch|p2a: Rotom-Heat|Rotom-Heat|303\/303
|move|p1a: Mew|Taunt|p2a: Rotom-Heat
|-start|p2a: Rotom-Heat|move: Taunt
|
|turn|5
|
|switch|p1a: Hippowdon|Hippowdon, M|420\/420
|-weather|Sandstorm
|move|p2a: Rotom-Heat|Volt Switch|p1a: Hippowdon
|-immune|p1a: Hippowdon|[msg]
|
|-weather|Sandstorm|[upkeep]
|-damage|p2a: Rotom-Heat|285\/303|[from] sandstorm
|-heal|p2a: Rotom-Heat|303\/303|[from] item: Leftovers
|turn|6
|
|switch|p2a: Forretress|Forretress, M|354\/354
|move|p1a: Hippowdon|Stealth Rock|p2a: Forretress
|-sidestart|p2: TheAmphy|move: Stealth Rock
|
|-weather|Sandstorm|[upkeep]
|turn|7
|
|switch|p1a: Mew|Mew|404\/404
|move|p2a: Forretress|Spikes|p1a: Mew
|-sidestart|p1: stuu|Spikes
|
|-weather|Sandstorm|[upkeep]
|-damage|p1a: Mew|379\/404|[from] sandstorm
|-heal|p1a: Mew|404\/404|[from] item: Leftovers
|turn|8
|
|switch|p2a: Rotom-Heat|Rotom-Heat|303\/303
|-damage|p2a: Rotom-Heat|228\/303|[from] Stealth Rock
|move|p1a: Mew|Defog|p2a: Rotom-Heat
|-unboost|p2a: Rotom-Heat|evasion|1
|-sideend|p2: TheAmphy|Stealth Rock|[from] move: Defog|[of] p2a: Rotom-Heat
|-sideend|p1: stuu|Spikes|[from] move: Defog|[of] p1a: Mew
|
|-weather|Sandstorm|[upkeep]
|-damage|p1a: Mew|379\/404|[from] sandstorm
|-damage|p2a: Rotom-Heat|210\/303|[from] sandstorm
|-heal|p1a: Mew|404\/404|[from] item: Leftovers
|-heal|p2a: Rotom-Heat|228\/303|[from] item: Leftovers
|turn|9
|
|move|p1a: Mew|Psychic|p2a: Rotom-Heat
|-damage|p2a: Rotom-Heat|153\/303
|move|p2a: Rotom-Heat|Will-O-Wisp|p1a: Mew
|-status|p1a: Mew|brn
|
|-weather|none
|-heal|p2a: Rotom-Heat|171\/303|[from] item: Leftovers
|-damage|p1a: Mew|354\/404 brn|[from] brn
|turn|10
|
|switch|p1a: Hippowdon|Hippowdon, M|420\/420
|-weather|Sandstorm
|move|p2a: Rotom-Heat|Pain Split|p1a: Hippowdon
|-sethp|p1a: Hippowdon|295\/420|p2a: Rotom-Heat|295\/303|[from] move: Pain Split
|
|-weather|Sandstorm|[upkeep]
|-damage|p2a: Rotom-Heat|277\/303|[from] sandstorm
|-heal|p2a: Rotom-Heat|295\/303|[from] item: Leftovers
|-heal|p1a: Hippowdon|321\/420|[from] item: Leftovers
|turn|11
|
|move|p2a: Rotom-Heat|Will-O-Wisp|p1a: Hippowdon
|-status|p1a: Hippowdon|brn
|move|p1a: Hippowdon|Stealth Rock|p2a: Rotom-Heat
|-sidestart|p2: TheAmphy|move: Stealth Rock
|
|-weather|Sandstorm|[upkeep]
|-damage|p2a: Rotom-Heat|277\/303|[from] sandstorm
|-heal|p2a: Rotom-Heat|295\/303|[from] item: Leftovers
|-heal|p1a: Hippowdon|347\/420 brn|[from] item: Leftovers
|-damage|p1a: Hippowdon|295\/420 brn|[from] brn
|turn|12
|
|switch|p2a: Forretress|Forretress, M|354\/354
|-damage|p2a: Forretress|310\/354|[from] Stealth Rock
|move|p1a: Hippowdon|Slack Off|p1a: Hippowdon
|-heal|p1a: Hippowdon|420\/420 brn
|
|-weather|Sandstorm|[upkeep]
|-heal|p2a: Forretress|332\/354|[from] item: Leftovers
|-damage|p1a: Hippowdon|368\/420 brn|[from] brn
|turn|13
|
|switch|p1a: poses no wekns|Sableye, M|304\/304
|move|p2a: Forretress|Spikes|p1a: poses no wekns
|-sidestart|p1: stuu|Spikes
|
|-weather|Sandstorm|[upkeep]
|-damage|p1a: poses no wekns|285\/304|[from] sandstorm
|-heal|p1a: poses no wekns|304\/304|[from] item: Leftovers
|-heal|p2a: Forretress|354\/354|[from] item: Leftovers
|turn|14
|
|switch|p2a: Roserade|Roserade, M|235\/261
|-damage|p2a: Roserade|203\/261|[from] Stealth Rock
|move|p1a: poses no wekns|Knock Off|p2a: Roserade
|-damage|p2a: Roserade|74\/261
|-enditem|p2a: Roserade|Life Orb|[from] move: Knock Off|[of] p1a: poses no wekns
|
|-weather|none
|turn|15
|
|switch|p1a: Mew|Mew|354\/404 brn
|-damage|p1a: Mew|304\/404 brn|[from] Spikes
|move|p2a: Roserade|Sludge Bomb|p1a: Mew
|-damage|p1a: Mew|189\/404 brn
|
|-heal|p1a: Mew|214\/404 brn|[from] item: Leftovers
|-damage|p1a: Mew|164\/404 brn|[from] brn
|turn|16
|
|move|p2a: Roserade|Leaf Storm|p1a: Mew
|-damage|p1a: Mew|0 fnt
|-unboost|p2a: Roserade|spa|2
|faint|p1a: Mew
|
|
|switch|p1a: poses no wekns|Sableye, M|304\/304
|-damage|p1a: poses no wekns|266\/304|[from] Spikes
|turn|17
|
|move|p2a: Roserade|Sleep Powder|p1a: poses no wekns
|-status|p1a: poses no wekns|slp
|cant|p1a: poses no wekns|slp
|
|-heal|p1a: poses no wekns|285\/304 slp|[from] item: Leftovers
|turn|18
|
|move|p2a: Roserade|Rest|p2a: Roserade
|-status|p2a: Roserade|slp
|-heal|p2a: Roserade|261\/261 slp|[silent]
|-status|p2a: Roserade|slp|[from] move: Rest
|cant|p1a: poses no wekns|slp
|
|-heal|p1a: poses no wekns|304\/304 slp|[from] item: Leftovers
|turn|19
|
|switch|p2a: Rotom-Heat|Rotom-Heat|295\/303
|-damage|p2a: Rotom-Heat|220\/303|[from] Stealth Rock
|-curestatus|p1a: poses no wekns|slp
|move|p1a: poses no wekns|Knock Off|p2a: Rotom-Heat
|-damage|p2a: Rotom-Heat|132\/303
|-enditem|p2a: Rotom-Heat|Leftovers|[from] move: Knock Off|[of] p1a: poses no wekns
|
|turn|20
|
|move|p2a: Rotom-Heat|Pain Split|p1a: poses no wekns
|-sethp|p1a: poses no wekns|218\/304|p2a: Rotom-Heat|218\/303|[from] move: Pain Split
|move|p1a: poses no wekns|Knock Off|p2a: Rotom-Heat
|-damage|p2a: Rotom-Heat|161\/303
|
|-heal|p1a: poses no wekns|237\/304|[from] item: Leftovers
|turn|21
|
|move|p1a: poses no wekns|Taunt|p2a: Rotom-Heat
|-start|p2a: Rotom-Heat|move: Taunt
|move|p2a: Rotom-Heat|Overheat|p1a: poses no wekns
|-damage|p1a: poses no wekns|3\/304
|-unboost|p2a: Rotom-Heat|spa|2
|
|-heal|p1a: poses no wekns|22\/304|[from] item: Leftovers
|turn|22
|
|move|p1a: poses no wekns|Recover|p1a: poses no wekns
|-heal|p1a: poses no wekns|174\/304
|move|p2a: Rotom-Heat|Volt Switch|p1a: poses no wekns
|-damage|p1a: poses no wekns|117\/304
|
|switch|p2a: Roserade|Roserade, M|261\/261
|-damage|p2a: Roserade|229\/261|[from] Stealth Rock
|
|-heal|p1a: poses no wekns|136\/304|[from] item: Leftovers
|turn|23
|
|move|p1a: poses no wekns|Recover|p1a: poses no wekns
|-heal|p1a: poses no wekns|288\/304
|move|p2a: Roserade|Leaf Storm|p1a: poses no wekns
|-damage|p1a: poses no wekns|0 fnt
|-unboost|p2a: Roserade|spa|2
|faint|p1a: poses no wekns
|
|-message|stuu forfeited.
|
|win|TheAmphy
|raw|Ladder updating...
|raw|stuu's rating: 1650 &rarr; <strong>1619<\/strong><br \/>(-31 for losing)
|raw|TheAmphy's rating: 1443 &rarr; <strong>1474<\/strong><br \/>(+31 for winning)