|join|Christo m8
|join|hurricane hax
|player|p1|Christo m8|1
|player|p2|hurricane hax|171
|gametype|singles
|gen|6
|tier|UU
|rated
|rule|Sleep Clause Mod: Limit one foe put to sleep
|rule|Species Clause: Limit one of each Pokémon
|rule|OHKO Clause: OHKO moves are banned
|rule|Moody Clause: Moody is banned
|rule|Evasion Moves Clause: Evasion moves are banned
|rule|Endless Battle Clause: Forcing endless battles is banned
|rule|HP Percentage Mod: HP is shown in percentages
|clearpoke
|poke|p1|Hydreigon, M
|poke|p1|Pidgeot, M
|poke|p1|Jirachi
|poke|p1|Doublade, M
|poke|p1|Machamp, M
|poke|p1|Nidoqueen, F
|poke|p2|Archeops, F
|poke|p2|Celebi
|poke|p2|Tornadus, M
|poke|p2|Swampert, F
|poke|p2|Qwilfish, F
|poke|p2|Jirachi
|rule|Swagger Clause: Swagger is banned
|rule|Baton Pass Clause: Limit one Pokémon knowing Baton Pass
|teampreview
|join|aqbf
|
|start
|switch|p1a: Nidoqueen|Nidoqueen, F|330\/330
|switch|p2a: Archeops|Archeops, F|291\/291
|turn|1
|
|move|p2a: Archeops|Stealth Rock|p1a: Nidoqueen
|-sidestart|p1: Christo m8|move: Stealth Rock
|move|p1a: Nidoqueen|Ice Beam|p2a: Archeops
|-supereffective|p2a: Archeops
|-enditem|p2a: Archeops|Focus Sash
|-damage|p2a: Archeops|1\/291
|
|turn|2
|
|switch|p1a: Doublade|Doublade, M|319\/319
|-damage|p1a: Doublade|300\/319|[from] Stealth Rock
|move|p2a: Archeops|Endeavor|p1a: Doublade
|-immune|p1a: Doublade|[msg]
|
|turn|3
|
|move|p1a: Doublade|Shadow Sneak|p2a: Archeops
|-damage|p2a: Archeops|0 fnt
|faint|p2a: Archeops
|
|
|switch|p2a: Swampert|Swampert, F|347\/347
|turn|4
|
|switch|p1a: Hydreigon|Hydreigon, M|325\/325
|-damage|p1a: Hydreigon|285\/325|[from] Stealth Rock
|detailschange|p2a: Swampert|Swampert-Mega, F
|-mega|p2a: Swampert|Swampert|Swampertite
|move|p2a: Swampert|Rain Dance|p2a: Swampert
|-weather|RainDance
|
|-weather|RainDance|[upkeep]
|turn|5
|
|switch|p2a: Celebi|Celebi|341\/341
|move|p1a: Hydreigon|Draco Meteor|p2a: Celebi
|-damage|p2a: Celebi|26\/341
|-unboost|p1a: Hydreigon|spa|2
|
|-weather|RainDance|[upkeep]
|turn|6
|c|★Christo m8|not a switch in
|
|move|p2a: Celebi|Dazzling Gleam|p1a: Hydreigon
|-supereffective|p1a: Hydreigon
|-damage|p1a: Hydreigon|0 fnt
|-damage|p2a: Celebi|0 fnt|[from] item: Life Orb
|faint|p1a: Hydreigon
|faint|p2a: Celebi
|
|-weather|RainDance|[upkeep]
|c|★Christo m8|nvm it is
|c| aqbf|totally a switch in...
|
|switch|p2a: Qwilfish|Qwilfish, F|271\/271
|switch|p1a: Machamp|Machamp, M|364\/364
|-damage|p1a: Machamp|342\/364|[from] Stealth Rock
|turn|7
|
|switch|p1a: Doublade|Doublade, M|300\/319
|-damage|p1a: Doublade|281\/319|[from] Stealth Rock
|move|p2a: Qwilfish|Waterfall|p1a: Doublade
|-damage|p1a: Doublade|155\/319
|-damage|p2a: Qwilfish|244\/271|[from] item: Life Orb
|
|-weather|RainDance|[upkeep]
|turn|8
|
|move|p1a: Doublade|Shadow Sneak|p2a: Qwilfish
|-damage|p2a: Qwilfish|148\/271
|move|p2a: Qwilfish|Waterfall|p1a: Doublade
|-damage|p1a: Doublade|37\/319
|-damage|p2a: Qwilfish|121\/271|[from] item: Life Orb
|
|-weather|none
|turn|9
|c| aqbf|why did you choose lo qwilfish?
|
|move|p1a: Doublade|Shadow Sneak|p2a: Qwilfish
|-damage|p2a: Qwilfish|36\/271
|move|p2a: Qwilfish|Waterfall|p1a: Doublade
|-damage|p1a: Doublade|0 fnt
|-damage|p2a: Qwilfish|9\/271|[from] item: Life Orb
|faint|p1a: Doublade
|
|
|switch|p1a: Machamp|Machamp, M|342\/364
|-damage|p1a: Machamp|320\/364|[from] Stealth Rock
|turn|10
|c| aqbf|rather than some other rain sweeper like ludicolo
|c|★hurricane hax|bc
|
|switch|p2a: Tornadus|Tornadus, M|299\/299
|move|p1a: Machamp|Bullet Punch|p2a: Tornadus
|-damage|p2a: Tornadus|229\/299
|
|turn|11
|c|★hurricane hax|qwilfish is a boss
|
|move|p2a: Tornadus|Rain Dance|p2a: Tornadus
|-weather|RainDance
|move|p1a: Machamp|Stone Edge|p2a: Tornadus
|-supereffective|p2a: Tornadus
|-damage|p2a: Tornadus|0 fnt
|faint|p2a: Tornadus
|
|-weather|RainDance|[upkeep]
|c| aqbf|was hurricane not an ohko?
|c|★hurricane hax|70% man
|
|switch|p2a: Swampert|Swampert-Mega, F|347\/347
|turn|12
|c|★hurricane hax|not fucking around with it
|c| aqbf|no guard tho
|c| aqbf|:P
|
|move|p2a: Swampert|Waterfall|p1a: Machamp
|-damage|p1a: Machamp|23\/364
|move|p1a: Machamp|Dynamic Punch|p2a: Swampert
|-damage|p2a: Swampert|155\/347
|-start|p2a: Swampert|confusion
|
|-weather|RainDance|[upkeep]
|turn|13
|c|★Christo m8|^
|c| aqbf|then again
|c|★hurricane hax|ohyeah
|
|-activate|p2a: Swampert|confusion
|move|p2a: Swampert|Waterfall|p1a: Machamp
|-damage|p1a: Machamp|0 fnt
|faint|p1a: Machamp
|
|-weather|RainDance|[upkeep]
|c|★hurricane hax|lol
|c| aqbf|guts cb is a really good set
|c| aqbf|so you coulda been predicting that
|
|switch|p1a: Jirachi|Jirachi|341\/341
|-damage|p1a: Jirachi|320\/341|[from] Stealth Rock
|turn|14
|c|★Christo m8|i dont like it
|c|★Christo m8|i need a hydrei switch in
|c|★Christo m8|and special hits in general
|c| aqbf|whimsicott is nice for that
|c| aqbf|oh
|c| aqbf|not for special hits in general no
|c|★Christo m8|and the confusion hax + pidgeot is nice
|
|switch|p2a: Qwilfish|Qwilfish, F|9\/271
|move|p1a: Jirachi|Iron Head|p2a: Qwilfish
|-resisted|p2a: Qwilfish
|-damage|p2a: Qwilfish|0 fnt
|faint|p2a: Qwilfish
|
|-weather|RainDance|[upkeep]
|c| aqbf|oh you mean
|c| aqbf|you're using av machamp
|c| aqbf|to do that
|c|★Christo m8|mhm
|
|switch|p2a: Swampert|Swampert-Mega, F|155\/347
|turn|15
|
|move|p2a: Swampert|Earthquake|p1a: Jirachi
|-supereffective|p1a: Jirachi
|-damage|p1a: Jirachi|0 fnt
|faint|p1a: Jirachi
|
|-weather|RainDance|[upkeep]
|
|switch|p1a: Pidgeot|Pidgeot, M|308\/308
|-damage|p1a: Pidgeot|231\/308|[from] Stealth Rock
|turn|16
|c|★Christo m8|gg
|c|★hurricane hax|gg
|
|detailschange|p1a: Pidgeot|Pidgeot-Mega, M
|-mega|p1a: Pidgeot|Pidgeot|Pidgeotite
|move|p1a: Pidgeot|Protect|p1a: Pidgeot
|-singleturn|p1a: Pidgeot|Protect
|move|p2a: Swampert|Waterfall|p1a: Pidgeot
|-activate|p1a: Pidgeot|Protect
|
|-weather|RainDance|[upkeep]
|turn|17
|c|★Christo m8|is rachi scarf?
|c|★hurricane hax|yeah
|c| aqbf|I was about to ask why nobody ran av with guts and cc but then I realized it would defeat the purpose
|
|move|p1a: Pidgeot|Protect|p1a: Pidgeot
|-fail|p1a: Pidgeot
|move|p2a: Swampert|Waterfall|p1a: Pidgeot
|-damage|p1a: Pidgeot|0 fnt
|faint|p1a: Pidgeot
|
|-weather|RainDance|[upkeep]
|
|switch|p1a: Nidoqueen|Nidoqueen, F|330\/330
|-damage|p1a: Nidoqueen|310\/330|[from] Stealth Rock
|turn|18
|
|move|p2a: Swampert|Waterfall|p1a: Nidoqueen
|-supereffective|p1a: Nidoqueen
|-damage|p1a: Nidoqueen|0 fnt
|faint|p1a: Nidoqueen
|
|win|hurricane hax
|raw|Ladder updating...
|c|★Christo m8|scarf come through
|raw|Christo m8's rating: 1565 &rarr; <strong>1542<\/strong><br \/>(-23 for losing)
|raw|hurricane hax's rating: 1499 &rarr; <strong>1523<\/strong><br \/>(+24 for winning)
|c|★Christo m8|gg
|c|★hurricane hax|gg
|leave|Christo m8