|join|Adil
|join|pokemonisfun
|player|p1|Adil|1
|player|p2|pokemonisfun|184
|gametype|singles
|gen|6
|tier|UU
|rated
|rule|Sleep Clause Mod: Limit one foe put to sleep
|rule|Species Clause: Limit one of each Pokémon
|rule|OHKO Clause: OHKO moves are banned
|rule|Moody Clause: Moody is banned
|rule|Evasion Moves Clause: Evasion moves are banned
|rule|Endless Battle Clause: Forcing endless battles is banned
|rule|HP Percentage Mod: HP is shown in percentages
|clearpoke
|poke|p1|Zygarde
|poke|p1|Jirachi
|poke|p1|Suicune
|poke|p1|Alakazam, M
|poke|p1|Crobat, M
|poke|p1|Blissey, F
|poke|p2|Blissey, F
|poke|p2|Zygarde
|poke|p2|Granbull, M
|poke|p2|Alomomola, M
|poke|p2|Crobat, F
|poke|p2|Celebi
|rule|Swagger Clause: Swagger is banned
|rule|Baton Pass Clause: Limit one Pokémon knowing Baton Pass
|teampreview
|c|★Adil|love your team <3
|c|★pokemonisfun|thx
|
|start
|switch|p1a: Crobat|Crobat, M|311\/311
|switch|p2a: onion fairy god lo|Celebi|396\/396
|turn|1
|join|Cranham
|join|Therazer456
|join|Tunaface
|join|Bulfwyne87
|c|★Adil|cran dont you love his team <3
|
|switch|p2a: swimmy swim|Alomomola, M|471\/471
|move|p1a: Crobat|Toxic|p2a: swimmy swim
|-status|p2a: swimmy swim|tox
|
|-damage|p2a: swimmy swim|442\/471 tox|[from] psn
|turn|2
|c| Bulfwyne87|its missing Ho-Oh . . . lol
|
|switch|p1a: Suicune|Suicune|403\/403
|-ability|p1a: Suicune|Pressure
|move|p2a: swimmy swim|Scald|p1a: Suicune
|-resisted|p1a: Suicune
|-damage|p1a: Suicune|380\/403
|
|-heal|p1a: Suicune|403\/403|[from] item: Leftovers
|-heal|p2a: swimmy swim|471\/471 tox|[from] item: Leftovers
|-damage|p2a: swimmy swim|413\/471 tox|[from] psn
|turn|3
|c| Therazer456|rof
|
|switch|p1a: Crobat|Crobat, M|311\/311
|switch|p2a: onion fairy god lo|Celebi|396\/396
|
|turn|4
|
|switch|p2a: swimmy swim|Alomomola, M|471\/471 tox
|move|p1a: Crobat|Brave Bird|p2a: swimmy swim
|-damage|p2a: swimmy swim|323\/471 tox
|-damage|p1a: Crobat|262\/311|[from] recoil|[of] p2a: swimmy swim
|
|-heal|p1a: Crobat|281\/311|[from] item: Leftovers
|-heal|p2a: swimmy swim|352\/471 tox|[from] item: Leftovers
|-damage|p2a: swimmy swim|323\/471 tox|[from] psn
|turn|5
|c| Therazer456|the not damage
|c|★Adil|that did decent damage
|
|switch|p1a: Alakazam|Alakazam, M|251\/251
|move|p2a: swimmy swim|Wish|p2a: swimmy swim
|
|-heal|p2a: swimmy swim|352\/471 tox|[from] item: Leftovers
|-damage|p2a: swimmy swim|294\/471 tox|[from] psn
|turn|6
|
|switch|p2a: snekky-snek|Zygarde|420\/420
|-ability|p2a: snekky-snek|Aura Break
|detailschange|p1a: Alakazam|Alakazam-Mega, M
|-mega|p1a: Alakazam|Alakazam|Alakazite
|-ability|p1a: Alakazam|Aura Break|[from] ability: Trace|[of] p2a: snekky-snek
|-ability|p1a: Alakazam|Aura Break
|move|p1a: Alakazam|Psyshock|p2a: snekky-snek
|-damage|p2a: snekky-snek|278\/420
|
|-heal|p2a: snekky-snek|420\/420|[from] move: Wish|[wisher] swimmy swim
|turn|7
|
|move|p1a: Alakazam|Dazzling Gleam|p2a: snekky-snek
|-supereffective|p2a: snekky-snek
|-damage|p2a: snekky-snek|238\/420
|move|p2a: snekky-snek|Earthquake|p1a: Alakazam
|-damage|p1a: Alakazam|76\/251
|
|-heal|p2a: snekky-snek|264\/420|[from] item: Leftovers
|turn|8
|
|switch|p1a: Crobat|Crobat, M|281\/311
|move|p2a: snekky-snek|Dragon Tail|p1a: Crobat
|-damage|p1a: Crobat|193\/311
|drag|p1a: Blissey|Blissey, F|714\/714
|
|-heal|p2a: snekky-snek|290\/420|[from] item: Leftovers
|turn|9
|
|switch|p2a: onion fairy god lo|Celebi|396\/396
|switch|p1a: Crobat|Crobat, M|193\/311
|
|-heal|p1a: Crobat|212\/311|[from] item: Leftovers
|turn|10
|
|switch|p1a: Alakazam|Alakazam-Mega, M|76\/251
|-ability|p1a: Alakazam|Natural Cure|[from] ability: Trace|[of] p2a: onion fairy god lo
|switch|p2a: swimmy swim|Alomomola, M|451\/471 tox
|
|-heal|p2a: swimmy swim|471\/471 tox|[from] item: Leftovers
|-damage|p2a: swimmy swim|442\/471 tox|[from] psn
|turn|11
|
|switch|p2a: onion fairy god lo|Celebi|396\/396
|move|p1a: Alakazam|Energy Ball|p2a: onion fairy god lo
|-resisted|p2a: onion fairy god lo
|-damage|p2a: onion fairy god lo|332\/396
|
|-heal|p2a: onion fairy god lo|356\/396|[from] item: Leftovers
|turn|12
|
|switch|p1a: Crobat|Crobat, M|212\/311
|move|p2a: onion fairy god lo|Stealth Rock|p1a: Crobat
|-sidestart|p1: Adil|move: Stealth Rock
|
|-heal|p1a: Crobat|231\/311|[from] item: Leftovers
|-heal|p2a: onion fairy god lo|380\/396|[from] item: Leftovers
|turn|13
|
|switch|p2a: swimmy swim|Alomomola, M|471\/471 tox
|move|p1a: Crobat|Defog|p2a: swimmy swim
|-unboost|p2a: swimmy swim|evasion|1
|-sideend|p1: Adil|Stealth Rock|[from] move: Defog|[of] p1a: Crobat
|
|-heal|p1a: Crobat|250\/311|[from] item: Leftovers
|-damage|p2a: swimmy swim|442\/471 tox|[from] psn
|turn|14
|
|switch|p1a: Alakazam|Alakazam-Mega, M|76\/251
|-ability|p1a: Alakazam|Regenerator|[from] ability: Trace|[of] p2a: swimmy swim
|move|p2a: swimmy swim|Scald|p1a: Alakazam
|-damage|p1a: Alakazam|25\/251
|
|-heal|p2a: swimmy swim|471\/471 tox|[from] item: Leftovers
|-damage|p2a: swimmy swim|413\/471 tox|[from] psn
|turn|15
|
|switch|p1a: Blissey|Blissey, F|714\/714
|switch|p2a: onion fairy god lo|Celebi|380\/396
|
|-heal|p2a: onion fairy god lo|396\/396|[from] item: Leftovers
|turn|16
|c|★pokemonisfun|The opposing Alakazam traced swimmy swim's Regenerator!
|c|★pokemonisfun|op
|c|★Adil|kek
|c| Therazer456|rof rof rof
|
|switch|p1a: Crobat|Crobat, M|250\/311
|move|p2a: onion fairy god lo|Stealth Rock|p1a: Crobat
|-sidestart|p1: Adil|move: Stealth Rock
|
|-heal|p1a: Crobat|269\/311|[from] item: Leftovers
|turn|17
|
|switch|p2a: swimmy swim|Alomomola, M|471\/471 tox
|move|p1a: Crobat|Defog|p2a: swimmy swim
|-unboost|p2a: swimmy swim|evasion|1
|-sideend|p1: Adil|Stealth Rock|[from] move: Defog|[of] p1a: Crobat
|
|-heal|p1a: Crobat|288\/311|[from] item: Leftovers
|-damage|p2a: swimmy swim|442\/471 tox|[from] psn
|turn|18
|c| Tunaface|.!learn **kek**leon, play rof
|
|switch|p1a: Alakazam|Alakazam-Mega, M|108\/251
|-ability|p1a: Alakazam|Regenerator|[from] ability: Trace|[of] p2a: swimmy swim
|move|p2a: swimmy swim|Scald|p1a: Alakazam
|-damage|p1a: Alakazam|60\/251
|-status|p1a: Alakazam|brn
|
|-heal|p2a: swimmy swim|471\/471 tox|[from] item: Leftovers
|-damage|p1a: Alakazam|29\/251 brn|[from] brn
|-damage|p2a: swimmy swim|413\/471 tox|[from] psn
|turn|19
|
|switch|p1a: Blissey|Blissey, F|714\/714
|switch|p2a: onion fairy god lo|Celebi|396\/396
|
|turn|20
|
|move|p2a: onion fairy god lo|Stealth Rock|p1a: Blissey
|-sidestart|p1: Adil|move: Stealth Rock
|move|p1a: Blissey|Aromatherapy|p1a: Blissey
|-cureteam|p1a: Blissey|[from] move: Aromatherapy
|
|turn|21
|
|switch|p2a: batsy watzy|Crobat, F|373\/373
|switch|p1a: Crobat|Crobat, M|288\/311
|-damage|p1a: Crobat|211\/311|[from] Stealth Rock
|
|-heal|p1a: Crobat|230\/311|[from] item: Leftovers
|turn|22
|
|move|p1a: Crobat|Defog|p2a: batsy watzy
|-unboost|p2a: batsy watzy|evasion|1
|-sideend|p1: Adil|Stealth Rock|[from] move: Defog|[of] p1a: Crobat
|move|p2a: batsy watzy|Brave Bird|p1a: Crobat
|-damage|p1a: Crobat|85\/311
|-damage|p2a: batsy watzy|325\/373|[from] recoil|[of] p1a: Crobat
|
|-heal|p1a: Crobat|104\/311|[from] item: Leftovers
|-heal|p2a: batsy watzy|348\/373|[from] item: Black Sludge
|turn|23
|
|switch|p1a: Suicune|Suicune|403\/403
|-ability|p1a: Suicune|Pressure
|move|p2a: batsy watzy|Brave Bird|p1a: Suicune
|-damage|p1a: Suicune|321\/403
|-damage|p2a: batsy watzy|321\/373|[from] recoil|[of] p1a: Suicune
|
|-heal|p2a: batsy watzy|344\/373|[from] item: Black Sludge
|-heal|p1a: Suicune|346\/403|[from] item: Leftovers
|turn|24
|
|switch|p1a: Crobat|Crobat, M|104\/311
|move|p2a: batsy watzy|Brave Bird|p1a: Crobat
|-damage|p1a: Crobat|0 fnt
|-damage|p2a: batsy watzy|310\/373|[from] recoil|[of] p1a: Crobat
|faint|p1a: Crobat
|
|-heal|p2a: batsy watzy|333\/373|[from] item: Black Sludge
|c|★Adil|ugh
|c| Therazer456|the plays
|
|switch|p1a: Alakazam|Alakazam-Mega, M|112\/251
|-ability|p1a: Alakazam|Infiltrator|[from] ability: Trace|[of] p2a: batsy watzy
|turn|25
|c|★pokemonisfun|The opposing Alakazam traced batsy watzy's Infiltrator!
|c| Therazer456|:I
|
|switch|p1a: Jirachi|Jirachi|386\/386
|switch|p2a: onion fairy god lo|Celebi|396\/396
|
|turn|26
|c|★pokemonisfun|regen obviously better
|c| Tunaface|Inb4 Scarfed Bat
|join|dat jumpluff
|c|★pokemonisfun|infiltrator not bad
|
|move|p1a: Jirachi|Stealth Rock|p2a: onion fairy god lo
|-sidestart|p2: pokemonisfun|move: Stealth Rock
|move|p2a: onion fairy god lo|Stealth Rock|p1a: Jirachi
|-sidestart|p1: Adil|move: Stealth Rock
|
|turn|27
|
|switch|p2a: snekky-snek|Zygarde|290\/420
|-damage|p2a: snekky-snek|264\/420|[from] Stealth Rock
|-ability|p2a: snekky-snek|Aura Break
|move|p1a: Jirachi|Fire Punch|p2a: snekky-snek
|-resisted|p2a: snekky-snek
|-damage|p2a: snekky-snek|230\/420
|
|-heal|p2a: snekky-snek|256\/420|[from] item: Leftovers
|turn|28
|
|move|p1a: Jirachi|Iron Head|p2a: snekky-snek
|-damage|p2a: snekky-snek|159\/420
|cant|p2a: snekky-snek|flinch
|
|-heal|p2a: snekky-snek|185\/420|[from] item: Leftovers
|turn|29
|
|move|p1a: Jirachi|Iron Head|p2a: snekky-snek
|-damage|p2a: snekky-snek|79\/420
|move|p2a: snekky-snek|Rest|p2a: snekky-snek
|-status|p2a: snekky-snek|slp
|-heal|p2a: snekky-snek|420\/420 slp|[silent]
|-status|p2a: snekky-snek|slp|[from] move: Rest
|
|turn|30
|c|★Adil|HYIRJEDGUERYHIJNFDH
|
|switch|p1a: Zygarde|Zygarde|404\/404
|-damage|p1a: Zygarde|379\/404|[from] Stealth Rock
|-ability|p1a: Zygarde|Aura Break
|cant|p2a: snekky-snek|slp
|move|p2a: snekky-snek|Sleep Talk|p2a: snekky-snek
|move|p2a: snekky-snek|Earthquake|p1a: Zygarde|[from]Sleep Talk
|-damage|p1a: Zygarde|276\/404
|
|-heal|p1a: Zygarde|301\/404|[from] item: Leftovers
|turn|31
|c| Therazer456|rof rof rof
|
|switch|p2a: onion fairy god lo|Celebi|396\/396
|-damage|p2a: onion fairy god lo|347\/396|[from] Stealth Rock
|move|p1a: Zygarde|Substitute|p1a: Zygarde
|-start|p1a: Zygarde|Substitute
|-damage|p1a: Zygarde|200\/404
|
|-heal|p2a: onion fairy god lo|371\/396|[from] item: Leftovers
|-heal|p1a: Zygarde|225\/404|[from] item: Leftovers
|turn|32
|
|move|p2a: onion fairy god lo|Perish Song|p2a: onion fairy god lo
|-fieldactivate|move: Perish Song
|move|p1a: Zygarde|Coil|p1a: Zygarde
|-boost|p1a: Zygarde|atk|1
|-boost|p1a: Zygarde|def|1
|-boost|p1a: Zygarde|accuracy|1
|
|-start|p2a: onion fairy god lo|perish3
|-start|p1a: Zygarde|perish3
|-heal|p2a: onion fairy god lo|395\/396|[from] item: Leftovers
|-heal|p1a: Zygarde|250\/404|[from] item: Leftovers
|turn|33
|c|★Adil|omf
|leave|Therazer456
|
|move|p2a: onion fairy god lo|Giga Drain|p1a: Zygarde
|-activate|p1a: Zygarde|Substitute|[damage]
|-heal|p2a: onion fairy god lo|396\/396|[from] drain|[of] p1a: Zygarde
|move|p1a: Zygarde|Dragon Tail|p2a: onion fairy god lo
|-damage|p2a: onion fairy god lo|318\/396
|drag|p2a: snekky-snek|Zygarde|420\/420 slp
|-damage|p2a: snekky-snek|394\/420 slp|[from] Stealth Rock
|-ability|p2a: snekky-snek|Aura Break
|
|-start|p1a: Zygarde|perish2
|-heal|p1a: Zygarde|275\/404|[from] item: Leftovers
|-heal|p2a: snekky-snek|420\/420 slp|[from] item: Leftovers
|turn|34
|
|switch|p2a: swimmy swim|Alomomola, M|471\/471 tox
|-damage|p2a: swimmy swim|413\/471 tox|[from] Stealth Rock
|move|p1a: Zygarde|Earthquake|p2a: swimmy swim
|-damage|p2a: swimmy swim|269\/471 tox
|
|-start|p1a: Zygarde|perish1
|-heal|p1a: Zygarde|300\/404|[from] item: Leftovers
|-heal|p2a: swimmy swim|298\/471 tox|[from] item: Leftovers
|-damage|p2a: swimmy swim|269\/471 tox|[from] psn
|turn|35
|
|switch|p1a: Alakazam|Alakazam-Mega, M|112\/251
|-damage|p1a: Alakazam|81\/251|[from] Stealth Rock
|-ability|p1a: Alakazam|Regenerator|[from] ability: Trace|[of] p2a: swimmy swim
|move|p2a: swimmy swim|Wish|p2a: swimmy swim
|
|-heal|p2a: swimmy swim|298\/471 tox|[from] item: Leftovers
|-damage|p2a: swimmy swim|240\/471 tox|[from] psn
|turn|36
|
|switch|p1a: Jirachi|Jirachi|386\/386
|-damage|p1a: Jirachi|362\/386|[from] Stealth Rock
|switch|p2a: snekky-snek|Zygarde|420\/420 slp
|-damage|p2a: snekky-snek|394\/420 slp|[from] Stealth Rock
|-ability|p2a: snekky-snek|Aura Break
|
|-heal|p2a: snekky-snek|420\/420 slp|[from] move: Wish|[wisher] swimmy swim
|-heal|p1a: Jirachi|386\/386|[from] item: Leftovers
|turn|37
|
|move|p1a: Jirachi|Iron Head|p2a: snekky-snek
|-damage|p2a: snekky-snek|327\/420 slp
|cant|p2a: snekky-snek|slp
|cant|p2a: snekky-snek|flinch
|
|-heal|p2a: snekky-snek|353\/420 slp|[from] item: Leftovers
|turn|38
|
|move|p1a: Jirachi|Iron Head|p2a: snekky-snek
|-damage|p2a: snekky-snek|245\/420 slp
|-curestatus|p2a: snekky-snek|slp
|move|p2a: snekky-snek|Earthquake|p1a: Jirachi
|-supereffective|p1a: Jirachi
|-damage|p1a: Jirachi|150\/386
|
|-heal|p1a: Jirachi|174\/386|[from] item: Leftovers
|-heal|p2a: snekky-snek|271\/420|[from] item: Leftovers
|turn|39
|
|move|p1a: Jirachi|Iron Head|p2a: snekky-snek
|-damage|p2a: snekky-snek|174\/420
|move|p2a: snekky-snek|Earthquake|p1a: Jirachi
|-supereffective|p1a: Jirachi
|-damage|p1a: Jirachi|0 fnt
|faint|p1a: Jirachi
|
|-heal|p2a: snekky-snek|200\/420|[from] item: Leftovers
|c|★Adil|come on hax gods
|c|★Adil|;-;
|
|switch|p1a: Alakazam|Alakazam-Mega, M|164\/251
|-damage|p1a: Alakazam|133\/251|[from] Stealth Rock
|-ability|p1a: Alakazam|Aura Break|[from] ability: Trace|[of] p2a: snekky-snek
|-ability|p1a: Alakazam|Aura Break
|turn|40
|
|switch|p2a: onion fairy god lo|Celebi|318\/396
|-damage|p2a: onion fairy god lo|269\/396|[from] Stealth Rock
|move|p1a: Alakazam|Dazzling Gleam|p2a: onion fairy god lo
|-damage|p2a: onion fairy god lo|155\/396
|
|-heal|p2a: onion fairy god lo|179\/396|[from] item: Leftovers
|turn|41
|
|move|p1a: Alakazam|Dazzling Gleam|p2a: onion fairy god lo
|-damage|p2a: onion fairy god lo|62\/396
|move|p2a: onion fairy god lo|Recover|p2a: onion fairy god lo
|-heal|p2a: onion fairy god lo|260\/396
|
|-heal|p2a: onion fairy god lo|284\/396|[from] item: Leftovers
|turn|42
|-message|Adil forfeited.
|leave|Adil
|
|win|pokemonisfun
|raw|Ladder updating...
|raw|Adil's rating: 1503 &rarr; <strong>1489<\/strong><br \/>(-14 for losing)
|raw|pokemonisfun's rating: 1598 &rarr; <strong>1613<\/strong><br \/>(+15 for winning)
|player|p1
|c| Bulfwyne87|lol