|join|Adil
|join|xShiba
|player|p1|Adil|1
|player|p2|xShiba|260
|gametype|singles
|gen|6
|tier|UU
|rated
|rule|Sleep Clause Mod: Limit one foe put to sleep
|rule|Species Clause: Limit one of each Pokémon
|rule|OHKO Clause: OHKO moves are banned
|rule|Moody Clause: Moody is banned
|rule|Evasion Moves Clause: Evasion moves are banned
|rule|Endless Battle Clause: Forcing endless battles is banned
|rule|HP Percentage Mod: HP is shown in percentages
|clearpoke
|poke|p1|Gallade, M
|poke|p1|Zygarde
|poke|p1|Chesnaught, M
|poke|p1|Blissey, F
|poke|p1|Alomomola, M
|poke|p1|Forretress, F
|poke|p2|Aerodactyl, M
|poke|p2|Hydreigon, M, shiny
|poke|p2|Porygon-Z, shiny
|poke|p2|Mienshao, M
|poke|p2|Starmie, shiny
|poke|p2|Celebi
|rule|Swagger Clause: Swagger is banned
|rule|Baton Pass Clause: Limit one Pokémon knowing Baton Pass
|teampreview
|c|★xShiba|rip
|c|★Adil|e.e
|c|★xShiba|Nice stall team :^)
|c|★Adil|no u
|c|★Adil|e.e
|
|start
|switch|p1a: Forretress|Forretress, F|354\/354
|switch|p2a: Floppy The God|Mienshao, M|271\/271
|turn|1
|
|move|p2a: Floppy The God|U-turn|p1a: Forretress
|-resisted|p1a: Forretress
|-damage|p1a: Forretress|332\/354
|
|switch|p2a: 5-Star'd|Starmie, shiny|324\/324
|move|p1a: Forretress|Stealth Rock|p2a: 5-Star'd
|-sidestart|p2: xShiba|move: Stealth Rock
|
|-heal|p1a: Forretress|354\/354|[from] item: Leftovers
|turn|2
|c|★Adil|nice damage :^)
|
|switch|p1a: Alomomola|Alomomola, M|534\/534
|move|p2a: 5-Star'd|Rapid Spin|p1a: Alomomola
|-damage|p1a: Alomomola|523\/534
|-damage|p2a: 5-Star'd|270\/324|[from] item: Rocky Helmet|[of] p1a: Alomomola
|-sideend|p2: xShiba|Stealth Rock|[from] move: Rapid Spin|[of] p2a: 5-Star'd
|
|-heal|p2a: 5-Star'd|290\/324|[from] item: Leftovers
|turn|3
|c|★xShiba|:^)
|c|★xShiba|youre pretty cool m8
|c|★xShiba|:^)
|c|★Adil|no u
|
|switch|p2a: Healthy Diet|Celebi|404\/404
|move|p1a: Alomomola|Knock Off|p2a: Healthy Diet
|-supereffective|p2a: Healthy Diet
|-damage|p2a: Healthy Diet|288\/404
|-enditem|p2a: Healthy Diet|Weakness Policy
|-boost|p2a: Healthy Diet|atk|2|[from] item: Weakness Policy
|-boost|p2a: Healthy Diet|spa|2|[from] item: Weakness Policy
|
|turn|4
|c|★Adil|e.e
|c|★Adil|gfdi
|
|move|p2a: Healthy Diet|Giga Drain|p1a: Alomomola
|-supereffective|p1a: Alomomola
|-damage|p1a: Alomomola|0 fnt
|-heal|p2a: Healthy Diet|404\/404|[from] drain|[of] p1a: Alomomola
|faint|p1a: Alomomola
|
|c|★Adil|smh
|
|switch|p1a: Blissey|Blissey, F|714\/714
|turn|5
|
|move|p2a: Healthy Diet|Stealth Rock|p1a: Blissey
|-sidestart|p1: Adil|move: Stealth Rock
|move|p1a: Blissey|Toxic|p2a: Healthy Diet
|-status|p2a: Healthy Diet|tox
|
|-damage|p2a: Healthy Diet|379\/404 tox|[from] psn
|turn|6
|
|move|p2a: Healthy Diet|Giga Drain|p1a: Blissey
|-damage|p1a: Blissey|585\/714
|-heal|p2a: Healthy Diet|404\/404 tox|[from] drain|[of] p1a: Blissey
|move|p1a: Blissey|Toxic|p2a: Healthy Diet
|-fail|p2a: Healthy Diet|tox
|
|-heal|p1a: Blissey|629\/714|[from] item: Leftovers
|-damage|p2a: Healthy Diet|354\/404 tox|[from] psn
|turn|7
|c|★Adil|baton pass already e.e
|c|★xShiba|I dont have baton pass
|c|★xShiba|wtf
|
|move|p2a: Healthy Diet|Giga Drain|p1a: Blissey
|-damage|p1a: Blissey|493\/714
|-heal|p2a: Healthy Diet|404\/404 tox|[from] drain|[of] p1a: Blissey
|move|p1a: Blissey|Toxic|p2a: Healthy Diet
|-fail|p2a: Healthy Diet|tox
|
|-heal|p1a: Blissey|537\/714|[from] item: Leftovers
|-damage|p2a: Healthy Diet|329\/404 tox|[from] psn
|turn|8
|c|★Adil|surrrreeee
|
|move|p2a: Healthy Diet|Giga Drain|p1a: Blissey
|-damage|p1a: Blissey|389\/714
|-heal|p2a: Healthy Diet|403\/404 tox|[from] drain|[of] p1a: Blissey
|move|p1a: Blissey|Toxic|p2a: Healthy Diet
|-fail|p2a: Healthy Diet|tox
|
|-heal|p1a: Blissey|433\/714|[from] item: Leftovers
|-damage|p2a: Healthy Diet|303\/404 tox|[from] psn
|turn|9
|join|Fat Lenny
|c|★Adil|bruh we can do this all day
|c|★xShiba|kek
|
|move|p2a: Healthy Diet|Giga Drain|p1a: Blissey
|-damage|p1a: Blissey|307\/714
|-heal|p2a: Healthy Diet|366\/404 tox|[from] drain|[of] p1a: Blissey
|move|p1a: Blissey|Toxic|p2a: Healthy Diet
|-fail|p2a: Healthy Diet|tox
|
|-heal|p1a: Blissey|351\/714|[from] item: Leftovers
|-damage|p2a: Healthy Diet|241\/404 tox|[from] psn
|turn|10
|c|★xShiba|wish here
|
|move|p2a: Healthy Diet|Giga Drain|p1a: Blissey
|-damage|p1a: Blissey|225\/714
|-heal|p2a: Healthy Diet|304\/404 tox|[from] drain|[of] p1a: Blissey
|move|p1a: Blissey|Toxic|p2a: Healthy Diet
|-fail|p2a: Healthy Diet|tox
|
|-heal|p1a: Blissey|269\/714|[from] item: Leftovers
|-damage|p2a: Healthy Diet|154\/404 tox|[from] psn
|turn|11
|c|★Adil|k
|c|★xShiba|lmao
|c|★Adil|ok i'll heal up here
|
|move|p2a: Healthy Diet|Baton Pass|p2a: Healthy Diet
|
|switch|p2a: Ultimate Terror|Aerodactyl, M|331\/331
|-ability|p2a: Ultimate Terror|Unnerve|p1: Adil
|move|p1a: Blissey|Soft-Boiled|p1a: Blissey
|-heal|p1a: Blissey|626\/714
|
|-heal|p1a: Blissey|670\/714|[from] item: Leftovers
|turn|12
|c|★Adil|fk u
|
|detailschange|p2a: Ultimate Terror|Aerodactyl-Mega, M
|message|Aerodactyl has Mega Evolved into Mega Aerodactyl!
|move|p2a: Ultimate Terror|Aerial Ace|p1a: Blissey
|-damage|p1a: Blissey|148\/714
|move|p1a: Blissey|Toxic|p2a: Ultimate Terror
|-status|p2a: Ultimate Terror|tox
|
|-heal|p1a: Blissey|192\/714|[from] item: Leftovers
|-damage|p2a: Ultimate Terror|311\/331 tox|[from] psn
|turn|13
|
|switch|p1a: Forretress|Forretress, F|354\/354
|-damage|p1a: Forretress|310\/354|[from] Stealth Rock
|move|p2a: Ultimate Terror|Aerial Ace|p1a: Forretress
|-damage|p1a: Forretress|157\/354
|
|-heal|p1a: Forretress|179\/354|[from] item: Leftovers
|-damage|p2a: Ultimate Terror|271\/331 tox|[from] psn
|turn|14
|c|★Adil|risk stone miss?
|
|move|p2a: Ultimate Terror|Stone Edge|p1a: Forretress
|-damage|p1a: Forretress|0 fnt
|faint|p1a: Forretress
|
|-damage|p2a: Ultimate Terror|211\/331 tox|[from] psn
|c|★xShiba|nope
|c|★Adil|nFDJTRKFGTRFKC
|
|switch|p1a: Zygarde|Zygarde|419\/419
|-damage|p1a: Zygarde|393\/419|[from] Stealth Rock
|-ability|p1a: Zygarde|Aura Break
|turn|15
|
|move|p2a: Ultimate Terror|Ice Fang|p1a: Zygarde
|-supereffective|p1a: Zygarde
|-damage|p1a: Zygarde|0 fnt
|faint|p1a: Zygarde
|
|-damage|p2a: Ultimate Terror|131\/331 tox|[from] psn
|c|★Adil|mfw
|c|★Adil|.________________________>
|
|switch|p1a: Chesnaught|Chesnaught, M|380\/380
|-damage|p1a: Chesnaught|357\/380|[from] Stealth Rock
|turn|16
|c|★xShiba|6-0? :^)
|
|switch|p2a: Wrecking Face|Porygon-Z, shiny|311\/311
|move|p1a: Chesnaught|Spiky Shield|p1a: Chesnaught
|-fail|p1a: Chesnaught
|
|-heal|p1a: Chesnaught|380\/380|[from] item: Leftovers
|turn|17
|c|★Adil|nah m9
|c|★Adil|ok
|c|★Adil|welp
|
|move|p1a: Chesnaught|Spiky Shield|p1a: Chesnaught
|-singleturn|p1a: Chesnaught|move: Protect
|move|p2a: Wrecking Face|Tri Attack|p1a: Chesnaught
|-activate|p1a: Chesnaught|move: Protect
|
|turn|18
|c|★xShiba|RIP something here
|
|switch|p1a: Blissey|Blissey, F|192\/714
|-damage|p1a: Blissey|103\/714|[from] Stealth Rock
|move|p2a: Wrecking Face|Tri Attack|p1a: Blissey
|-damage|p1a: Blissey|0 fnt
|faint|p1a: Blissey
|
|c|★Adil|e.e
|
|switch|p1a: Gallade|Gallade, M|277\/277
|-damage|p1a: Gallade|260\/277|[from] Stealth Rock
|turn|19
|c|★xShiba|just let me get the 6-0
|c|★xShiba|kek
|
|switch|p2a: 5-Star'd|Starmie, shiny|290\/324
|detailschange|p1a: Gallade|Gallade-Mega, M
|message|Gallade has Mega Evolved into Mega Gallade!
|move|p1a: Gallade|Close Combat|p2a: 5-Star'd
|-resisted|p2a: 5-Star'd
|-damage|p2a: 5-Star'd|188\/324
|-unboost|p1a: Gallade|def|1
|-unboost|p1a: Gallade|spd|1
|
|-heal|p2a: 5-Star'd|208\/324|[from] item: Leftovers
|turn|20
|c|★Adil|nah m9
|
|move|p1a: Gallade|Knock Off|p2a: 5-Star'd
|-supereffective|p2a: 5-Star'd
|-damage|p2a: 5-Star'd|0 fnt
|-enditem|p2a: 5-Star'd|Leftovers|[from] move: Knock Off|[of] p1a: Gallade
|faint|p2a: 5-Star'd
|
|c|★Adil|n.n
|c|★xShiba|:C
|
|switch|p2a: Ultimate Terror|Aerodactyl-Mega, M|131\/331 tox
|turn|21
|c|★Adil|only 5-0 n.n
|c|★xShiba|rip
|c|★Adil|go for stone edge here
|c|★Adil|if real
|c|★xShiba|n
|
|move|p2a: Ultimate Terror|Aerial Ace|p1a: Gallade
|-supereffective|p1a: Gallade
|-damage|p1a: Gallade|0 fnt
|faint|p1a: Gallade
|
|-damage|p2a: Ultimate Terror|111\/331 tox|[from] psn
|
|switch|p1a: Chesnaught|Chesnaught, M|380\/380
|-damage|p1a: Chesnaught|357\/380|[from] Stealth Rock
|turn|22
|
|switch|p2a: Wrecking Face|Porygon-Z, shiny|311\/311
|move|p1a: Chesnaught|Spiky Shield|p1a: Chesnaught
|-fail|p1a: Chesnaught
|
|-heal|p1a: Chesnaught|380\/380|[from] item: Leftovers
|turn|23
|
|move|p2a: Wrecking Face|Tri Attack|p1a: Chesnaught
|-damage|p1a: Chesnaught|0 fnt
|faint|p1a: Chesnaught
|
|win|xShiba
|raw|Ladder updating...
|c|★xShiba|gg
|c|★Adil|e.e
|raw|Adil's rating: 1593 &rarr; <strong>1571<\/strong><br \/>(-22 for losing)
|raw|xShiba's rating: 1568 &rarr; <strong>1589<\/strong><br \/>(+21 for winning)
|leave|Adil
|c|★xShiba|yay back from tilting
|player|p1
|leave|xShiba
|player|p2
|leave|Fat Lenny