|join|Adil
|join|Bundy
|player|p1|Adil|1
|player|p2|Bundy|264
|gametype|singles
|gen|6
|tier|UU
|rated
|rule|Sleep Clause Mod: Limit one foe put to sleep
|rule|Species Clause: Limit one of each Pokémon
|rule|OHKO Clause: OHKO moves are banned
|rule|Moody Clause: Moody is banned
|rule|Evasion Moves Clause: Evasion moves are banned
|rule|Endless Battle Clause: Forcing endless battles is banned
|rule|HP Percentage Mod: HP is shown in percentages
|clearpoke
|poke|p1|Beedrill, M
|poke|p1|Raikou
|poke|p1|Jirachi
|poke|p1|Blissey, F
|poke|p1|Tentacruel, M
|poke|p1|Forretress, M
|poke|p2|Sceptile, M
|poke|p2|Feraligatr, M
|poke|p2|Infernape, M
|poke|p2|Noivern, M
|poke|p2|Milotic, F
|poke|p2|Jirachi
|rule|Swagger Clause: Swagger is banned
|rule|Baton Pass Clause: Limit one Pokémon knowing Baton Pass
|teampreview
|
|start
|switch|p1a: Beedrill|Beedrill, M|271\/271
|switch|p2a: Thousand Sunny|Noivern, M|311\/311
|turn|1
|
|detailschange|p1a: Beedrill|Beedrill-Mega, M
|message|Beedrill has Mega Evolved into Mega Beedrill!
|move|p1a: Beedrill|Protect|p1a: Beedrill
|-singleturn|p1a: Beedrill|Protect
|move|p2a: Thousand Sunny|Hurricane|p1a: Beedrill
|-activate|p1a: Beedrill|Protect
|
|turn|2
|c|★Bundy|fack
|
|switch|p1a: Blissey|Blissey, F|714\/714
|move|p2a: Thousand Sunny|Hurricane|p1a: Blissey|[miss]
|-miss|p2a: Thousand Sunny|p1a: Blissey
|
|turn|3
|
|switch|p2a: Tony Tony Choppah|Jirachi|404\/404
|move|p1a: Blissey|Seismic Toss|p2a: Tony Tony Choppah
|-damage|p2a: Tony Tony Choppah|304\/404
|
|-heal|p2a: Tony Tony Choppah|329\/404|[from] item: Leftovers
|turn|4
|
|switch|p1a: Forretress|Forretress, M|354\/354
|move|p2a: Tony Tony Choppah|Stealth Rock|p1a: Forretress
|-sidestart|p1: Adil|move: Stealth Rock
|
|-heal|p2a: Tony Tony Choppah|354\/404|[from] item: Leftovers
|turn|5
|
|switch|p2a: Thousand Sunny|Noivern, M|311\/311
|move|p1a: Forretress|Rapid Spin|p2a: Thousand Sunny
|-damage|p2a: Thousand Sunny|292\/311
|-sideend|p1: Adil|Stealth Rock|[from] move: Rapid Spin|[of] p1a: Forretress
|
|turn|6
|
|switch|p1a: Raikou|Raikou|321\/321
|-ability|p1a: Raikou|Pressure
|move|p2a: Thousand Sunny|Flamethrower|p1a: Raikou
|-damage|p1a: Raikou|233\/321
|
|turn|7
|
|switch|p2a: Tony Tony Choppah|Jirachi|354\/404
|move|p1a: Raikou|Volt Switch|p2a: Tony Tony Choppah
|-damage|p2a: Tony Tony Choppah|218\/404
|
|switch|p1a: Beedrill|Beedrill-Mega, M|271\/271
|
|-heal|p2a: Tony Tony Choppah|243\/404|[from] item: Leftovers
|turn|8
|
|switch|p2a: Thousand Sunny|Noivern, M|292\/311
|move|p1a: Beedrill|Knock Off|p2a: Thousand Sunny
|-damage|p2a: Thousand Sunny|147\/311
|-enditem|p2a: Thousand Sunny|Choice Scarf|[from] move: Knock Off|[of] p1a: Beedrill
|
|turn|9
|
|move|p1a: Beedrill|Poison Jab|p2a: Thousand Sunny
|-damage|p2a: Thousand Sunny|0 fnt
|faint|p2a: Thousand Sunny
|
|
|switch|p2a: Devil Child Robin|Milotic, F|393\/393
|turn|10
|
|move|p1a: Beedrill|U-turn|p2a: Devil Child Robin
|-damage|p2a: Devil Child Robin|245\/393
|
|switch|p1a: Tentacruel|Tentacruel, M|364\/364
|move|p2a: Devil Child Robin|Scald|p1a: Tentacruel
|-resisted|p1a: Tentacruel
|-damage|p1a: Tentacruel|324\/364
|
|-heal|p1a: Tentacruel|346\/364|[from] item: Leftovers
|-heal|p2a: Devil Child Robin|269\/393|[from] item: Leftovers
|turn|11
|
|switch|p2a: Black Leg Sanji|Feraligatr, M|374\/374
|move|p1a: Tentacruel|Toxic Spikes|p2a: Black Leg Sanji
|-sidestart|p2: Bundy|move: Toxic Spikes
|
|-heal|p1a: Tentacruel|364\/364|[from] item: Leftovers
|turn|12
|
|move|p1a: Tentacruel|Scald|p2a: Black Leg Sanji
|-resisted|p2a: Black Leg Sanji
|-damage|p2a: Black Leg Sanji|329\/374
|move|p2a: Black Leg Sanji|Swords Dance|p2a: Black Leg Sanji
|-boost|p2a: Black Leg Sanji|atk|2
|
|turn|13
|
|move|p1a: Tentacruel|Scald|p2a: Black Leg Sanji
|-resisted|p2a: Black Leg Sanji
|-damage|p2a: Black Leg Sanji|281\/374
|move|p2a: Black Leg Sanji|Swords Dance|p2a: Black Leg Sanji
|-boost|p2a: Black Leg Sanji|atk|2
|
|turn|14
|
|move|p1a: Tentacruel|Scald|p2a: Black Leg Sanji
|-resisted|p2a: Black Leg Sanji
|-damage|p2a: Black Leg Sanji|239\/374
|-status|p2a: Black Leg Sanji|brn
|-enditem|p2a: Black Leg Sanji|Lum Berry|[eat]
|-curestatus|p2a: Black Leg Sanji|brn
|move|p2a: Black Leg Sanji|Crunch|p1a: Tentacruel
|-damage|p1a: Tentacruel|104\/364
|
|-heal|p1a: Tentacruel|126\/364|[from] item: Leftovers
|turn|15
|
|move|p1a: Tentacruel|Scald|p2a: Black Leg Sanji
|-resisted|p2a: Black Leg Sanji
|-damage|p2a: Black Leg Sanji|195\/374
|move|p2a: Black Leg Sanji|Crunch|p1a: Tentacruel
|-damage|p1a: Tentacruel|0 fnt
|faint|p1a: Tentacruel
|
|
|switch|p1a: Raikou|Raikou|233\/321
|-ability|p1a: Raikou|Pressure
|turn|16
|
|move|p2a: Black Leg Sanji|Aqua Jet|p1a: Raikou
|-damage|p1a: Raikou|0 fnt
|faint|p1a: Raikou
|
|
|switch|p1a: Forretress|Forretress, M|354\/354
|turn|17
|
|move|p2a: Black Leg Sanji|Swords Dance|p2a: Black Leg Sanji
|-boost|p2a: Black Leg Sanji|atk|2
|move|p1a: Forretress|Earthquake|p2a: Black Leg Sanji
|-damage|p2a: Black Leg Sanji|120\/374
|
|turn|18
|
|move|p2a: Black Leg Sanji|Aqua Jet|p1a: Forretress
|-damage|p1a: Forretress|143\/354
|move|p1a: Forretress|Earthquake|p2a: Black Leg Sanji
|-damage|p2a: Black Leg Sanji|45\/374
|
|-heal|p1a: Forretress|165\/354|[from] item: Leftovers
|turn|19
|
|move|p2a: Black Leg Sanji|Aqua Jet|p1a: Forretress
|-damage|p1a: Forretress|0 fnt
|faint|p1a: Forretress
|
|
|switch|p1a: Jirachi|Jirachi|404\/404
|turn|20
|
|move|p2a: Black Leg Sanji|Aqua Jet|p1a: Jirachi
|-damage|p1a: Jirachi|34\/404
|move|p1a: Jirachi|Iron Head|p2a: Black Leg Sanji
|-resisted|p2a: Black Leg Sanji
|-damage|p2a: Black Leg Sanji|0 fnt
|faint|p2a: Black Leg Sanji
|
|-heal|p1a: Jirachi|59\/404|[from] item: Leftovers
|c|★Bundy|:D
|
|switch|p2a: Monkey D. Luffy|Infernape, M|293\/293
|-status|p2a: Monkey D. Luffy|psn
|turn|21
|
|move|p2a: Monkey D. Luffy|Close Combat|p1a: Jirachi
|-damage|p1a: Jirachi|0 fnt
|-unboost|p2a: Monkey D. Luffy|def|1
|-unboost|p2a: Monkey D. Luffy|spd|1
|-damage|p2a: Monkey D. Luffy|264\/293 psn|[from] item: Life Orb
|faint|p1a: Jirachi
|
|-damage|p2a: Monkey D. Luffy|228\/293 psn|[from] psn
|
|switch|p1a: Beedrill|Beedrill-Mega, M|271\/271
|turn|22
|
|switch|p2a: Tony Tony Choppah|Jirachi|243\/404
|move|p1a: Beedrill|Poison Jab|p2a: Tony Tony Choppah
|-immune|p2a: Tony Tony Choppah|[msg]
|
|-heal|p2a: Tony Tony Choppah|268\/404|[from] item: Leftovers
|turn|23
|
|move|p1a: Beedrill|Knock Off|p2a: Tony Tony Choppah
|-crit|p2a: Tony Tony Choppah
|-supereffective|p2a: Tony Tony Choppah
|-damage|p2a: Tony Tony Choppah|0 fnt
|-enditem|p2a: Tony Tony Choppah|Leftovers|[from] move: Knock Off|[of] p1a: Beedrill
|faint|p2a: Tony Tony Choppah
|
|
|switch|p2a: Devil Child Robin|Milotic, F|269\/393
|-status|p2a: Devil Child Robin|psn
|turn|24
|
|move|p1a: Beedrill|U-turn|p2a: Devil Child Robin
|-damage|p2a: Devil Child Robin|167\/393 psn
|
|switch|p1a: Blissey|Blissey, F|714\/714
|move|p2a: Devil Child Robin|Recover|p2a: Devil Child Robin
|-heal|p2a: Devil Child Robin|364\/393 psn
|
|-heal|p2a: Devil Child Robin|388\/393 psn|[from] item: Leftovers
|-damage|p2a: Devil Child Robin|339\/393 psn|[from] psn
|turn|25
|
|switch|p2a: Monkey D. Luffy|Infernape, M|228\/293 psn
|switch|p1a: Beedrill|Beedrill-Mega, M|271\/271
|
|-damage|p2a: Monkey D. Luffy|192\/293 psn|[from] psn
|turn|26
|
|switch|p2a: Devil Child Robin|Milotic, F|339\/393 psn
|move|p1a: Beedrill|Poison Jab|p2a: Devil Child Robin
|-damage|p2a: Devil Child Robin|225\/393 psn
|
|-heal|p2a: Devil Child Robin|249\/393 psn|[from] item: Leftovers
|-damage|p2a: Devil Child Robin|200\/393 psn|[from] psn
|turn|27
|
|move|p1a: Beedrill|Poison Jab|p2a: Devil Child Robin
|-damage|p2a: Devil Child Robin|82\/393 psn
|move|p2a: Devil Child Robin|Recover|p2a: Devil Child Robin
|-heal|p2a: Devil Child Robin|279\/393 psn
|
|-heal|p2a: Devil Child Robin|303\/393 psn|[from] item: Leftovers
|-damage|p2a: Devil Child Robin|254\/393 psn|[from] psn
|turn|28
|
|move|p1a: Beedrill|Knock Off|p2a: Devil Child Robin
|-damage|p2a: Devil Child Robin|184\/393 psn
|-enditem|p2a: Devil Child Robin|Leftovers|[from] move: Knock Off|[of] p1a: Beedrill
|move|p2a: Devil Child Robin|Recover|p2a: Devil Child Robin
|-heal|p2a: Devil Child Robin|381\/393 psn
|
|-damage|p2a: Devil Child Robin|332\/393 psn|[from] psn
|turn|29
|
|move|p1a: Beedrill|U-turn|p2a: Devil Child Robin
|-damage|p2a: Devil Child Robin|232\/393 psn
|
|switch|p1a: Blissey|Blissey, F|714\/714
|move|p2a: Devil Child Robin|Scald|p1a: Blissey
|-damage|p1a: Blissey|645\/714
|
|-heal|p1a: Blissey|689\/714|[from] item: Leftovers
|-damage|p2a: Devil Child Robin|183\/393 psn|[from] psn
|turn|30
|
|move|p2a: Devil Child Robin|Recover|p2a: Devil Child Robin
|-heal|p2a: Devil Child Robin|380\/393 psn
|move|p1a: Blissey|Seismic Toss|p2a: Devil Child Robin
|-damage|p2a: Devil Child Robin|280\/393 psn
|
|-heal|p1a: Blissey|714\/714|[from] item: Leftovers
|-damage|p2a: Devil Child Robin|231\/393 psn|[from] psn
|turn|31
|
|switch|p1a: Beedrill|Beedrill-Mega, M|271\/271
|move|p2a: Devil Child Robin|Recover|p2a: Devil Child Robin
|-heal|p2a: Devil Child Robin|393\/393 psn
|
|-damage|p2a: Devil Child Robin|344\/393 psn|[from] psn
|turn|32
|
|move|p1a: Beedrill|Protect|p1a: Beedrill
|-singleturn|p1a: Beedrill|Protect
|move|p2a: Devil Child Robin|Scald|p1a: Beedrill
|-activate|p1a: Beedrill|Protect
|
|-damage|p2a: Devil Child Robin|295\/393 psn|[from] psn
|turn|33
|
|move|p1a: Beedrill|U-turn|p2a: Devil Child Robin
|-damage|p2a: Devil Child Robin|183\/393 psn
|
|switch|p1a: Blissey|Blissey, F|714\/714
|move|p2a: Devil Child Robin|Recover|p2a: Devil Child Robin
|-heal|p2a: Devil Child Robin|380\/393 psn
|
|-damage|p2a: Devil Child Robin|331\/393 psn|[from] psn
|turn|34
|
|switch|p2a: Monkey D. Luffy|Infernape, M|192\/293 psn
|move|p1a: Blissey|Seismic Toss|p2a: Monkey D. Luffy
|-damage|p2a: Monkey D. Luffy|92\/293 psn
|
|-damage|p2a: Monkey D. Luffy|56\/293 psn|[from] psn
|turn|35
|
|switch|p1a: Beedrill|Beedrill-Mega, M|271\/271
|move|p2a: Monkey D. Luffy|Close Combat|p1a: Beedrill
|-resisted|p1a: Beedrill
|-damage|p1a: Beedrill|157\/271
|-unboost|p2a: Monkey D. Luffy|def|1
|-unboost|p2a: Monkey D. Luffy|spd|1
|-damage|p2a: Monkey D. Luffy|27\/293 psn|[from] item: Life Orb
|
|-damage|p2a: Monkey D. Luffy|0 fnt|[from] psn
|faint|p2a: Monkey D. Luffy
|
|switch|p2a: Devil Child Robin|Milotic, F|331\/393 psn
|turn|36
|
|move|p1a: Beedrill|U-turn|p2a: Devil Child Robin
|-damage|p2a: Devil Child Robin|219\/393 psn
|
|switch|p1a: Blissey|Blissey, F|714\/714
|move|p2a: Devil Child Robin|Scald|p1a: Blissey
|-damage|p1a: Blissey|647\/714
|
|-heal|p1a: Blissey|691\/714|[from] item: Leftovers
|-damage|p2a: Devil Child Robin|170\/393 psn|[from] psn
|turn|37
|
|switch|p2a: Pirate Hunter Zoro|Sceptile, M|282\/282
|-status|p2a: Pirate Hunter Zoro|psn
|move|p1a: Blissey|Seismic Toss|p2a: Pirate Hunter Zoro
|-damage|p2a: Pirate Hunter Zoro|182\/282 psn
|
|-heal|p1a: Blissey|714\/714|[from] item: Leftovers
|-damage|p2a: Pirate Hunter Zoro|147\/282 psn|[from] psn
|turn|38
|
|detailschange|p2a: Pirate Hunter Zoro|Sceptile-Mega, M
|message|Sceptile has Mega Evolved into Mega Sceptile!
|move|p2a: Pirate Hunter Zoro|Focus Blast|p1a: Blissey
|-supereffective|p1a: Blissey
|-damage|p1a: Blissey|470\/714
|move|p1a: Blissey|Seismic Toss|p2a: Pirate Hunter Zoro
|-damage|p2a: Pirate Hunter Zoro|47\/282 psn
|
|-heal|p1a: Blissey|514\/714|[from] item: Leftovers
|-damage|p2a: Pirate Hunter Zoro|12\/282 psn|[from] psn
|turn|39
|
|move|p2a: Pirate Hunter Zoro|Focus Blast|p1a: Blissey|[miss]
|-miss|p2a: Pirate Hunter Zoro|p1a: Blissey
|move|p1a: Blissey|Soft-Boiled|p1a: Blissey
|-heal|p1a: Blissey|714\/714
|
|-damage|p2a: Pirate Hunter Zoro|0 fnt|[from] psn
|faint|p2a: Pirate Hunter Zoro
|
|switch|p2a: Devil Child Robin|Milotic, F|170\/393 psn
|turn|40
|
|move|p2a: Devil Child Robin|Recover|p2a: Devil Child Robin
|-heal|p2a: Devil Child Robin|367\/393 psn
|move|p1a: Blissey|Seismic Toss|p2a: Devil Child Robin
|-damage|p2a: Devil Child Robin|267\/393 psn
|
|-damage|p2a: Devil Child Robin|218\/393 psn|[from] psn
|turn|41
|
|move|p2a: Devil Child Robin|Recover|p2a: Devil Child Robin
|-heal|p2a: Devil Child Robin|393\/393 psn
|move|p1a: Blissey|Seismic Toss|p2a: Devil Child Robin
|-damage|p2a: Devil Child Robin|293\/393 psn
|
|-damage|p2a: Devil Child Robin|244\/393 psn|[from] psn
|turn|42
|
|move|p2a: Devil Child Robin|Scald|p1a: Blissey
|-damage|p1a: Blissey|636\/714
|move|p1a: Blissey|Seismic Toss|p2a: Devil Child Robin
|-damage|p2a: Devil Child Robin|144\/393 psn
|
|-heal|p1a: Blissey|680\/714|[from] item: Leftovers
|-damage|p2a: Devil Child Robin|95\/393 psn|[from] psn
|turn|43
|
|move|p2a: Devil Child Robin|Recover|p2a: Devil Child Robin
|-heal|p2a: Devil Child Robin|292\/393 psn
|move|p1a: Blissey|Seismic Toss|p2a: Devil Child Robin
|-damage|p2a: Devil Child Robin|192\/393 psn
|
|-heal|p1a: Blissey|714\/714|[from] item: Leftovers
|-damage|p2a: Devil Child Robin|143\/393 psn|[from] psn
|turn|44
|
|move|p2a: Devil Child Robin|Recover|p2a: Devil Child Robin
|-heal|p2a: Devil Child Robin|340\/393 psn
|move|p1a: Blissey|Seismic Toss|p2a: Devil Child Robin
|-damage|p2a: Devil Child Robin|240\/393 psn
|
|-damage|p2a: Devil Child Robin|191\/393 psn|[from] psn
|turn|45
|
|move|p2a: Devil Child Robin|Scald|p1a: Blissey
|-damage|p1a: Blissey|642\/714
|move|p1a: Blissey|Seismic Toss|p2a: Devil Child Robin
|-damage|p2a: Devil Child Robin|91\/393 psn
|
|-heal|p1a: Blissey|686\/714|[from] item: Leftovers
|-damage|p2a: Devil Child Robin|42\/393 psn|[from] psn
|turn|46
|
|move|p2a: Devil Child Robin|Recover|p2a: Devil Child Robin
|-heal|p2a: Devil Child Robin|239\/393 psn
|move|p1a: Blissey|Seismic Toss|p2a: Devil Child Robin
|-damage|p2a: Devil Child Robin|139\/393 psn
|
|-heal|p1a: Blissey|714\/714|[from] item: Leftovers
|-damage|p2a: Devil Child Robin|90\/393 psn|[from] psn
|turn|47
|
|move|p2a: Devil Child Robin|Recover|p2a: Devil Child Robin
|-heal|p2a: Devil Child Robin|287\/393 psn
|move|p1a: Blissey|Seismic Toss|p2a: Devil Child Robin
|-damage|p2a: Devil Child Robin|187\/393 psn
|
|-damage|p2a: Devil Child Robin|138\/393 psn|[from] psn
|turn|48
|
|move|p2a: Devil Child Robin|Scald|p1a: Blissey
|-damage|p1a: Blissey|641\/714
|move|p1a: Blissey|Seismic Toss|p2a: Devil Child Robin
|-damage|p2a: Devil Child Robin|38\/393 psn
|
|-heal|p1a: Blissey|685\/714|[from] item: Leftovers
|-damage|p2a: Devil Child Robin|0 fnt|[from] psn
|faint|p2a: Devil Child Robin
|
|win|Adil
|raw|Ladder updating...