|join|Adil
|join|Christo m8
|player|p1|Adil|1
|player|p2|Christo m8|102
|gametype|singles
|gen|6
|tier|UU
|rated
|rule|Sleep Clause Mod: Limit one foe put to sleep
|rule|Species Clause: Limit one of each Pokémon
|rule|OHKO Clause: OHKO moves are banned
|rule|Moody Clause: Moody is banned
|rule|Evasion Moves Clause: Evasion moves are banned
|rule|Endless Battle Clause: Forcing endless battles is banned
|rule|HP Percentage Mod: HP is shown in percentages
|clearpoke
|poke|p1|Jirachi
|poke|p1|Chesnaught, M
|poke|p1|Blissey, F
|poke|p1|Pidgeot, F
|poke|p1|Crobat, F
|poke|p1|Alomomola, F
|poke|p2|Nidoqueen, F
|poke|p2|Celebi
|poke|p2|Machamp, M
|poke|p2|Pidgeot, M
|poke|p2|Krookodile, M
|poke|p2|Alomomola, M
|rule|Swagger Clause: Swagger is banned
|rule|Baton Pass Clause: Limit one Pokémon knowing Baton Pass
|teampreview
|c|★Christo m8|ugh
|
|start
|switch|p1a: Pidgeot|Pidgeot, F|307\/307
|switch|p2a: Nidoqueen|Nidoqueen, F|330\/330
|turn|1
|
|detailschange|p1a: Pidgeot|Pidgeot-Mega, F
|-mega|p1a: Pidgeot|Pidgeot|Pidgeotite
|move|p1a: Pidgeot|U-turn|p2a: Nidoqueen
|-resisted|p2a: Nidoqueen
|-damage|p2a: Nidoqueen|311\/330
|
|switch|p1a: Blissey|Blissey, F|713\/713
|move|p2a: Nidoqueen|Ice Beam|p1a: Blissey
|-damage|p1a: Blissey|614\/713
|
|-heal|p1a: Blissey|658\/713|[from] item: Leftovers
|turn|2
|
|move|p2a: Nidoqueen|Stealth Rock|p1a: Blissey
|-sidestart|p1: Adil|move: Stealth Rock
|move|p1a: Blissey|Seismic Toss|p2a: Nidoqueen
|-damage|p2a: Nidoqueen|211\/330
|
|-heal|p1a: Blissey|702\/713|[from] item: Leftovers
|turn|3
|
|switch|p2a: Machamp|Machamp, M|364\/364
|move|p1a: Blissey|Seismic Toss|p2a: Machamp
|-damage|p2a: Machamp|264\/364
|
|-heal|p1a: Blissey|713\/713|[from] item: Leftovers
|turn|4
|
|switch|p1a: Alomomola|Alomomola, F|529\/529
|-damage|p1a: Alomomola|463\/529|[from] Stealth Rock
|move|p2a: Machamp|Dynamic Punch|p1a: Alomomola
|-crit|p1a: Alomomola
|-damage|p1a: Alomomola|234\/529
|-start|p1a: Alomomola|confusion
|
|-heal|p1a: Alomomola|267\/529|[from] item: Leftovers
|turn|5
|
|switch|p1a: Chesnaught|Chesnaught, M|380\/380
|-damage|p1a: Chesnaught|357\/380|[from] Stealth Rock
|move|p2a: Machamp|Stone Edge|p1a: Chesnaught
|-resisted|p1a: Chesnaught
|-damage|p1a: Chesnaught|314\/380
|
|-heal|p1a: Chesnaught|337\/380|[from] item: Leftovers
|turn|6
|
|move|p2a: Machamp|Dynamic Punch|p1a: Chesnaught
|-damage|p1a: Chesnaught|217\/380
|-start|p1a: Chesnaught|confusion
|-activate|p1a: Chesnaught|confusion
|move|p1a: Chesnaught|Drain Punch|p2a: Machamp
|-damage|p2a: Machamp|156\/364
|-heal|p1a: Chesnaught|271\/380|[from] drain|[of] p2a: Machamp
|
|-heal|p1a: Chesnaught|294\/380|[from] item: Leftovers
|turn|7
|
|switch|p2a: Nidoqueen|Nidoqueen, F|211\/330
|switch|p1a: Alomomola|Alomomola, F|443\/529
|-damage|p1a: Alomomola|377\/529|[from] Stealth Rock
|
|-heal|p1a: Alomomola|410\/529|[from] item: Leftovers
|turn|8
|
|switch|p1a: Blissey|Blissey, F|713\/713
|-damage|p1a: Blissey|624\/713|[from] Stealth Rock
|move|p2a: Nidoqueen|Sludge Wave|p1a: Blissey
|-damage|p1a: Blissey|460\/713
|
|-heal|p1a: Blissey|504\/713|[from] item: Leftovers
|turn|9
|
|switch|p2a: Krookodile|Krookodile, M|332\/332
|move|p1a: Blissey|Seismic Toss|p2a: Krookodile
|-damage|p2a: Krookodile|232\/332
|
|-heal|p1a: Blissey|548\/713|[from] item: Leftovers
|turn|10
|
|move|p2a: Krookodile|Pursuit|p1a: Blissey|[from]Pursuit
|-damage|p1a: Blissey|268\/713
|switch|p1a: Chesnaught|Chesnaught, M|294\/380
|-damage|p1a: Chesnaught|271\/380|[from] Stealth Rock
|
|-heal|p1a: Chesnaught|294\/380|[from] item: Leftovers
|turn|11
|
|switch|p2a: Nidoqueen|Nidoqueen, F|211\/330
|switch|p1a: Blissey|Blissey, F|268\/713
|-damage|p1a: Blissey|179\/713|[from] Stealth Rock
|
|-heal|p1a: Blissey|223\/713|[from] item: Leftovers
|turn|12
|
|move|p2a: Nidoqueen|Sludge Wave|p1a: Blissey
|-damage|p1a: Blissey|54\/713
|move|p1a: Blissey|Soft-Boiled|p1a: Blissey
|-heal|p1a: Blissey|411\/713
|
|-heal|p1a: Blissey|455\/713|[from] item: Leftovers
|turn|13
|
|switch|p2a: Celebi|Celebi|396\/396
|move|p1a: Blissey|Soft-Boiled|p1a: Blissey
|-heal|p1a: Blissey|713\/713
|
|turn|14
|join|Geldzahler
|
|switch|p1a: Crobat|Crobat, F|311\/311
|-damage|p1a: Crobat|234\/311|[from] Stealth Rock
|move|p2a: Celebi|Swords Dance|p2a: Celebi
|-boost|p2a: Celebi|atk|2
|
|-heal|p1a: Crobat|253\/311|[from] item: Black Sludge
|turn|15
|
|move|p1a: Crobat|Brave Bird|p2a: Celebi
|-supereffective|p2a: Celebi
|-damage|p2a: Celebi|60\/396
|-damage|p1a: Crobat|142\/311|[from] recoil|[of] p2a: Celebi
|move|p2a: Celebi|Baton Pass|p2a: Celebi
|
|switch|p2a: Krookodile|Krookodile, M|232\/332
|
|-heal|p1a: Crobat|161\/311|[from] item: Black Sludge
|turn|16
|
|move|p2a: Krookodile|Knock Off|p1a: Crobat
|-damage|p1a: Crobat|0 fnt
|-enditem|p1a: Crobat|Black Sludge|[from] move: Knock Off|[of] p2a: Krookodile
|faint|p1a: Crobat
|-boost|p2a: Krookodile|atk|1|[from] ability: Moxie
|
|
|switch|p1a: Chesnaught|Chesnaught, M|294\/380
|-damage|p1a: Chesnaught|271\/380|[from] Stealth Rock
|turn|17
|
|switch|p2a: Pidgeot|Pidgeot, M|308\/308
|move|p1a: Chesnaught|Drain Punch|p2a: Pidgeot
|-crit|p2a: Pidgeot
|-damage|p2a: Pidgeot|122\/308
|-heal|p1a: Chesnaught|364\/380|[from] drain|[of] p2a: Pidgeot
|
|-heal|p1a: Chesnaught|380\/380|[from] item: Leftovers
|turn|18
|
|switch|p1a: Blissey|Blissey, F|713\/713
|-damage|p1a: Blissey|624\/713|[from] Stealth Rock
|detailschange|p2a: Pidgeot|Pidgeot-Mega, M
|-mega|p2a: Pidgeot|Pidgeot|Pidgeotite
|move|p2a: Pidgeot|Hurricane|p1a: Blissey
|-damage|p1a: Blissey|473\/713
|
|-heal|p1a: Blissey|517\/713|[from] item: Leftovers
|turn|19
|
|switch|p2a: Machamp|Machamp, M|156\/364
|move|p1a: Blissey|Seismic Toss|p2a: Machamp
|-damage|p2a: Machamp|56\/364
|
|-heal|p1a: Blissey|561\/713|[from] item: Leftovers
|turn|20
|
|switch|p1a: Alomomola|Alomomola, F|529\/529
|-damage|p1a: Alomomola|463\/529|[from] Stealth Rock
|move|p2a: Machamp|Dynamic Punch|p1a: Alomomola
|-damage|p1a: Alomomola|295\/529
|-start|p1a: Alomomola|confusion
|
|-heal|p1a: Alomomola|328\/529|[from] item: Leftovers
|turn|21
|
|move|p2a: Machamp|Dynamic Punch|p1a: Alomomola
|-crit|p1a: Alomomola
|-damage|p1a: Alomomola|76\/529
|-activate|p1a: Alomomola|confusion
|-damage|p1a: Alomomola|55\/529|[from] confusion
|
|-heal|p1a: Alomomola|88\/529|[from] item: Leftovers
|turn|22
|
|switch|p1a: Chesnaught|Chesnaught, M|380\/380
|-damage|p1a: Chesnaught|357\/380|[from] Stealth Rock
|move|p2a: Machamp|Dynamic Punch|p1a: Chesnaught
|-damage|p1a: Chesnaught|224\/380
|-start|p1a: Chesnaught|confusion
|
|-heal|p1a: Chesnaught|247\/380|[from] item: Leftovers
|turn|23
|
|move|p2a: Machamp|Dynamic Punch|p1a: Chesnaught
|-damage|p1a: Chesnaught|127\/380
|-activate|p1a: Chesnaught|confusion
|-damage|p1a: Chesnaught|107\/380|[from] confusion
|
|-heal|p1a: Chesnaught|130\/380|[from] item: Leftovers
|turn|24
|
|-end|p1a: Chesnaught|confusion
|move|p1a: Chesnaught|Spiky Shield|p1a: Chesnaught
|-singleturn|p1a: Chesnaught|move: Protect
|move|p2a: Machamp|Dynamic Punch|p1a: Chesnaught
|-activate|p1a: Chesnaught|move: Protect
|-damage|p2a: Machamp|11\/364|[from] Spiky Shield|[of] p1a: Chesnaught
|
|-heal|p1a: Chesnaught|153\/380|[from] item: Leftovers
|turn|25
|
|move|p1a: Chesnaught|Spiky Shield|p1a: Chesnaught
|-fail|p1a: Chesnaught
|move|p2a: Machamp|Dynamic Punch|p1a: Chesnaught
|-damage|p1a: Chesnaught|33\/380
|-start|p1a: Chesnaught|confusion
|
|-heal|p1a: Chesnaught|56\/380|[from] item: Leftovers
|turn|26
|
|-activate|p1a: Chesnaught|confusion
|move|p1a: Chesnaught|Spiky Shield|p1a: Chesnaught
|-singleturn|p1a: Chesnaught|move: Protect
|move|p2a: Machamp|Bullet Punch|p1a: Chesnaught
|-activate|p1a: Chesnaught|move: Protect
|-damage|p2a: Machamp|0 fnt|[from] Spiky Shield|[of] p1a: Chesnaught
|faint|p2a: Machamp
|
|-heal|p1a: Chesnaught|79\/380|[from] item: Leftovers
|leave|Geldzahler
|
|switch|p2a: Nidoqueen|Nidoqueen, F|211\/330
|turn|27
|
|move|p2a: Nidoqueen|Sludge Wave|p1a: Chesnaught
|-supereffective|p1a: Chesnaught
|-damage|p1a: Chesnaught|0 fnt
|faint|p1a: Chesnaught
|
|
|switch|p1a: Blissey|Blissey, F|561\/713
|-damage|p1a: Blissey|472\/713|[from] Stealth Rock
|turn|28
|
|move|p2a: Nidoqueen|Sludge Wave|p1a: Blissey
|-crit|p1a: Blissey
|-damage|p1a: Blissey|226\/713
|move|p1a: Blissey|Toxic|p2a: Nidoqueen
|-fail|p2a: Nidoqueen
|
|-heal|p1a: Blissey|270\/713|[from] item: Leftovers
|turn|29
|
|switch|p2a: Krookodile|Krookodile, M|232\/332
|move|p1a: Blissey|Soft-Boiled|p1a: Blissey
|-heal|p1a: Blissey|627\/713
|
|-heal|p1a: Blissey|671\/713|[from] item: Leftovers
|turn|30
|
|move|p2a: Krookodile|Knock Off|p1a: Blissey
|-damage|p1a: Blissey|377\/713
|-enditem|p1a: Blissey|Leftovers|[from] move: Knock Off|[of] p2a: Krookodile
|move|p1a: Blissey|Soft-Boiled|p1a: Blissey
|-heal|p1a: Blissey|713\/713
|
|turn|31
|
|switch|p2a: Nidoqueen|Nidoqueen, F|211\/330
|move|p1a: Blissey|Seismic Toss|p2a: Nidoqueen
|-damage|p2a: Nidoqueen|111\/330
|
|turn|32
|
|move|p2a: Nidoqueen|Sludge Wave|p1a: Blissey
|-damage|p1a: Blissey|552\/713
|move|p1a: Blissey|Seismic Toss|p2a: Nidoqueen
|-damage|p2a: Nidoqueen|11\/330
|
|turn|33
|
|switch|p2a: Alomomola|Alomomola, M|533\/533
|move|p1a: Blissey|Soft-Boiled|p1a: Blissey
|-heal|p1a: Blissey|713\/713
|
|turn|34
|
|switch|p1a: Pidgeot|Pidgeot-Mega, F|307\/307
|-damage|p1a: Pidgeot|231\/307|[from] Stealth Rock
|move|p2a: Alomomola|Toxic|p1a: Pidgeot
|-status|p1a: Pidgeot|tox
|
|-damage|p1a: Pidgeot|212\/307 tox|[from] psn
|turn|35
|
|switch|p1a: Alomomola|Alomomola, F|264\/529
|-damage|p1a: Alomomola|198\/529|[from] Stealth Rock
|move|p2a: Alomomola|Protect|p2a: Alomomola
|-fail|p2a: Alomomola
|
|-heal|p1a: Alomomola|231\/529|[from] item: Leftovers
|turn|36
|
|move|p2a: Alomomola|Toxic|p1a: Alomomola
|-status|p1a: Alomomola|tox
|move|p1a: Alomomola|Knock Off|p2a: Alomomola
|-damage|p2a: Alomomola|487\/533
|-enditem|p2a: Alomomola|Leftovers|[from] move: Knock Off|[of] p1a: Alomomola
|
|-heal|p1a: Alomomola|264\/529 tox|[from] item: Leftovers
|-damage|p1a: Alomomola|231\/529 tox|[from] psn
|turn|37
|
|switch|p1a: Blissey|Blissey, F|713\/713
|-damage|p1a: Blissey|624\/713|[from] Stealth Rock
|move|p2a: Alomomola|Wish|p2a: Alomomola
|
|turn|38
|
|switch|p2a: Pidgeot|Pidgeot-Mega, M|122\/308
|move|p1a: Blissey|Seismic Toss|p2a: Pidgeot
|-damage|p2a: Pidgeot|22\/308
|
|-heal|p2a: Pidgeot|288\/308|[from] move: Wish|[wisher] Alomomola
|turn|39
|
|switch|p2a: Nidoqueen|Nidoqueen, F|11\/330
|move|p1a: Blissey|Aromatherapy|p1a: Blissey
|-cureteam|p1a: Blissey|[from] move: Aromatherapy
|
|turn|40
|
|move|p2a: Nidoqueen|Sludge Wave|p1a: Blissey
|-damage|p1a: Blissey|459\/713
|move|p1a: Blissey|Seismic Toss|p2a: Nidoqueen
|-damage|p2a: Nidoqueen|0 fnt
|faint|p2a: Nidoqueen
|
|
|switch|p2a: Krookodile|Krookodile, M|232\/332
|turn|41
|
|move|p2a: Krookodile|Superpower|p1a: Blissey
|-supereffective|p1a: Blissey
|-damage|p1a: Blissey|0 fnt
|-unboost|p2a: Krookodile|atk|1
|-unboost|p2a: Krookodile|def|1
|faint|p1a: Blissey
|-boost|p2a: Krookodile|atk|1|[from] ability: Moxie
|
|c|★Christo m8|yummy
|
|switch|p1a: Alomomola|Alomomola, F|407\/529
|-damage|p1a: Alomomola|341\/529|[from] Stealth Rock
|turn|42
|
|switch|p2a: Alomomola|Alomomola, M|533\/533
|move|p1a: Alomomola|Toxic|p2a: Alomomola
|-status|p2a: Alomomola|tox
|
|-heal|p1a: Alomomola|374\/529|[from] item: Leftovers
|-damage|p2a: Alomomola|500\/533 tox|[from] psn
|turn|43
|
|move|p2a: Alomomola|Wish|p2a: Alomomola
|move|p1a: Alomomola|Wish|p1a: Alomomola
|
|-heal|p1a: Alomomola|407\/529|[from] item: Leftovers
|-damage|p2a: Alomomola|434\/533 tox|[from] psn
|turn|44
|
|switch|p2a: Celebi|Celebi|60\/396
|switch|p1a: Pidgeot|Pidgeot-Mega, F|212\/307
|-damage|p1a: Pidgeot|136\/307|[from] Stealth Rock
|
|-heal|p2a: Celebi|326\/396|[from] move: Wish|[wisher] Alomomola
|-heal|p1a: Pidgeot|307\/307|[from] move: Wish|[wisher] Alomomola
|-heal|p2a: Celebi|350\/396|[from] item: Leftovers
|turn|45
|
|switch|p2a: Alomomola|Alomomola, M|533\/533 tox
|move|p1a: Pidgeot|Hurricane|p2a: Alomomola
|-damage|p2a: Alomomola|134\/533 tox
|
|-damage|p2a: Alomomola|101\/533 tox|[from] psn
|turn|46
|
|move|p1a: Pidgeot|Hurricane|p2a: Alomomola
|-damage|p2a: Alomomola|0 fnt
|faint|p2a: Alomomola
|
|c|★Christo m8|comes down to speed tie
|
|switch|p2a: Pidgeot|Pidgeot-Mega, M|288\/308
|turn|47
|
|switch|p1a: Jirachi|Jirachi|386\/386
|-damage|p1a: Jirachi|362\/386|[from] Stealth Rock
|move|p2a: Pidgeot|Hurricane|p1a: Jirachi
|-resisted|p1a: Jirachi
|-damage|p1a: Jirachi|253\/386
|
|-heal|p1a: Jirachi|277\/386|[from] item: Leftovers
|turn|48
|
|switch|p1a: Alomomola|Alomomola, F|529\/529
|-damage|p1a: Alomomola|463\/529|[from] Stealth Rock
|move|p2a: Pidgeot|Heat Wave|p1a: Alomomola
|-resisted|p1a: Alomomola
|-damage|p1a: Alomomola|357\/529
|
|-heal|p1a: Alomomola|390\/529|[from] item: Leftovers
|turn|49
|
|switch|p2a: Celebi|Celebi|350\/396
|move|p1a: Alomomola|Toxic|p2a: Celebi
|-status|p2a: Celebi|tox
|
|-heal|p2a: Celebi|374\/396 tox|[from] item: Leftovers
|-heal|p1a: Alomomola|423\/529|[from] item: Leftovers
|-damage|p2a: Celebi|350\/396 tox|[from] psn
|turn|50
|
|switch|p1a: Pidgeot|Pidgeot-Mega, F|307\/307
|-damage|p1a: Pidgeot|231\/307|[from] Stealth Rock
|move|p2a: Celebi|Swords Dance|p2a: Celebi
|-boost|p2a: Celebi|atk|2
|
|-heal|p2a: Celebi|374\/396 tox|[from] item: Leftovers
|-damage|p2a: Celebi|326\/396 tox|[from] psn
|turn|51
|
|move|p1a: Pidgeot|Hurricane|p2a: Celebi
|-supereffective|p2a: Celebi
|-damage|p2a: Celebi|12\/396 tox
|move|p2a: Celebi|Baton Pass|p2a: Celebi
|
|switch|p2a: Krookodile|Krookodile, M|232\/332
|
|turn|52
|
|switch|p1a: Alomomola|Alomomola, F|529\/529
|-damage|p1a: Alomomola|463\/529|[from] Stealth Rock
|move|p2a: Krookodile|Knock Off|p1a: Alomomola
|-damage|p1a: Alomomola|193\/529
|-enditem|p1a: Alomomola|Leftovers|[from] move: Knock Off|[of] p2a: Krookodile
|
|turn|53
|
|move|p2a: Krookodile|Knock Off|p1a: Alomomola
|-damage|p1a: Alomomola|0 fnt
|faint|p1a: Alomomola
|-boost|p2a: Krookodile|atk|1|[from] ability: Moxie
|
|c|★Christo m8|nichze
|c|★Christo m8|gg
|c|★Christo m8|fuck your stall
|c|★Adil|i like how you get max damage
|c|★Adil|and think your good
|c|★Adil|lmao
|c|★Christo m8|:]
|
|switch|p1a: Pidgeot|Pidgeot-Mega, F|231\/307
|-damage|p1a: Pidgeot|155\/307|[from] Stealth Rock
|turn|54
|c|★Christo m8|i like how you run stall and you think youre good
|c|★Adil|well i mean if  you compare my rank to yours.....
|-message|Adil forfeited.
|leave|Adil
|c|★Christo m8|i dont ladder as much as you,
|
|move|p2a: Krookodile|Knock Off|p1a: Pidgeot
|-damage|p1a: Pidgeot|0 fnt
|faint|p1a: Pidgeot
|-boost|p2a: Krookodile|atk|1|[from] ability: Moxie
|
|
|win|Christo m8
|raw|Ladder updating...
|c|★Christo m8|and im 4-0 in uu farm league
|player|p1
|raw|Adil's rating: 1608 &rarr; <strong>1581<\/strong><br \/>(-27 for losing)
|raw|Christo m8's rating: 1498 &rarr; <strong>1524<\/strong><br \/>(+26 for winning)
|c|★Christo m8|nice and dropped 27 points ha