|join|Adil
|join|zippleclopper
|player|p1|Adil|1
|player|p2|zippleclopper|1
|gametype|singles
|gen|6
|tier|UU
|rated
|rule|Sleep Clause Mod: Limit one foe put to sleep
|rule|Species Clause: Limit one of each Pokémon
|rule|OHKO Clause: OHKO moves are banned
|rule|Moody Clause: Moody is banned
|rule|Evasion Moves Clause: Evasion moves are banned
|rule|Endless Battle Clause: Forcing endless battles is banned
|rule|HP Percentage Mod: HP is shown in percentages
|clearpoke
|poke|p1|Serperior, F
|poke|p1|Shuckle, M
|poke|p1|Blissey, F
|poke|p1|Lucario, M
|poke|p1|Jirachi
|poke|p1|Swampert, F
|poke|p2|Hippowdon, F
|poke|p2|Reuniclus, M
|poke|p2|Doublade, M
|poke|p2|Entei, shiny
|poke|p2|Virizion
|poke|p2|Blastoise, F
|rule|Swagger Clause: Swagger is banned
|rule|Baton Pass Clause: Limit one Pokémon knowing Baton Pass
|teampreview
|
|start
|switch|p1a: Serperior|Serperior, F|291\/291
|switch|p2a: Blastoise|Blastoise, F|355\/355
|turn|1
|
|detailschange|p2a: Blastoise|Blastoise-Mega, F
|-mega|p2a: Blastoise|Blastoise|Blastoisinite
|move|p1a: Serperior|Leaf Storm|p2a: Blastoise
|-supereffective|p2a: Blastoise
|-damage|p2a: Blastoise|0 fnt
|-boost|p1a: Serperior|spa|2
|-damage|p1a: Serperior|262\/291|[from] item: Life Orb
|faint|p2a: Blastoise
|
|
|switch|p2a: Entei|Entei, shiny|371\/371
|-ability|p2a: Entei|Pressure
|turn|2
|
|switch|p1a: Swampert|Swampert, F|404\/404
|move|p2a: Entei|Sacred Fire|p1a: Swampert
|-resisted|p1a: Swampert
|-damage|p1a: Swampert|268\/404
|
|turn|3
|
|switch|p1a: Jirachi|Jirachi|341\/341
|move|p2a: Entei|Sacred Fire|p1a: Jirachi
|-supereffective|p1a: Jirachi
|-damage|p1a: Jirachi|0 fnt
|faint|p1a: Jirachi
|
|
|switch|p1a: Swampert|Swampert, F|268\/404
|turn|4
|
|detailschange|p1a: Swampert|Swampert-Mega, F
|-mega|p1a: Swampert|Swampert|Swampertite
|move|p2a: Entei|Sacred Fire|p1a: Swampert
|-resisted|p1a: Swampert
|-damage|p1a: Swampert|154\/404
|-status|p1a: Swampert|brn
|move|p1a: Swampert|Earthquake|p2a: Entei
|-supereffective|p2a: Entei
|-damage|p2a: Entei|137\/371
|
|-damage|p1a: Swampert|104\/404 brn|[from] brn
|turn|5
|
|switch|p2a: Reuniclus|Reuniclus, M|424\/424
|move|p1a: Swampert|Rest|p1a: Swampert
|-status|p1a: Swampert|slp
|-heal|p1a: Swampert|404\/404 slp|[silent]
|-status|p1a: Swampert|slp|[from] move: Rest
|
|turn|6
|
|switch|p1a: Serperior|Serperior, F|262\/291
|move|p2a: Reuniclus|Calm Mind|p2a: Reuniclus
|-boost|p2a: Reuniclus|spa|1
|-boost|p2a: Reuniclus|spd|1
|
|turn|7
|
|move|p1a: Serperior|Leaf Storm|p2a: Reuniclus
|-damage|p2a: Reuniclus|264\/424
|-boost|p1a: Serperior|spa|2
|-damage|p1a: Serperior|233\/291|[from] item: Life Orb
|move|p2a: Reuniclus|Calm Mind|p2a: Reuniclus
|-boost|p2a: Reuniclus|spa|1
|-boost|p2a: Reuniclus|spd|1
|
|-heal|p2a: Reuniclus|290\/424|[from] item: Leftovers
|turn|8
|
|move|p1a: Serperior|Leaf Storm|p2a: Reuniclus
|-damage|p2a: Reuniclus|70\/424
|-boost|p1a: Serperior|spa|2
|-damage|p1a: Serperior|204\/291|[from] item: Life Orb
|move|p2a: Reuniclus|Psyshock|p1a: Serperior
|-damage|p1a: Serperior|0 fnt
|faint|p1a: Serperior
|
|-heal|p2a: Reuniclus|96\/424|[from] item: Leftovers
|
|switch|p1a: Lucario|Lucario, M|281\/281
|turn|9
|
|move|p1a: Lucario|Earthquake|p2a: Reuniclus
|-damage|p2a: Reuniclus|0 fnt
|-damage|p1a: Lucario|253\/281|[from] item: Life Orb
|faint|p2a: Reuniclus
|
|
|switch|p2a: Hippowdon|Hippowdon, F|419\/419
|-weather|Sandstorm
|turn|10
|
|switch|p1a: Shuckle|Shuckle, M|244\/244
|switch|p2a: Virizion|Virizion|324\/324
|
|-weather|Sandstorm|[upkeep]
|-damage|p2a: Virizion|304\/324|[from] sandstorm
|turn|11
|
|move|p2a: Virizion|Leaf Blade|p1a: Shuckle
|-damage|p1a: Shuckle|166\/244
|-damage|p2a: Virizion|272\/324|[from] item: Life Orb
|move|p1a: Shuckle|Encore|p2a: Virizion
|-start|p2a: Virizion|Encore
|
|-weather|Sandstorm|[upkeep]
|-damage|p2a: Virizion|252\/324|[from] sandstorm
|-heal|p1a: Shuckle|181\/244|[from] item: Leftovers
|turn|12
|
|switch|p2a: Doublade|Doublade, M|321\/321
|switch|p1a: Lucario|Lucario, M|253\/281
|
|-weather|Sandstorm|[upkeep]
|turn|13
|
|switch|p1a: Shuckle|Shuckle, M|181\/244
|move|p2a: Doublade|Swords Dance|p2a: Doublade
|-boost|p2a: Doublade|atk|2
|
|-weather|Sandstorm|[upkeep]
|-heal|p1a: Shuckle|196\/244|[from] item: Leftovers
|turn|14
|
|move|p2a: Doublade|Iron Head|p1a: Shuckle
|-supereffective|p1a: Shuckle
|-damage|p1a: Shuckle|0 fnt
|faint|p1a: Shuckle
|
|-weather|none
|
|switch|p1a: Swampert|Swampert-Mega, F|404\/404 slp
|turn|15
|
|cant|p1a: Swampert|slp
|move|p1a: Swampert|Sleep Talk|p1a: Swampert
|move|p1a: Swampert|Waterfall|p2a: Doublade|[from]Sleep Talk
|-crit|p2a: Doublade
|-damage|p2a: Doublade|207\/321
|move|p2a: Doublade|Sacred Sword|p1a: Swampert
|-damage|p1a: Swampert|201\/404 slp
|
|turn|16
|
|cant|p1a: Swampert|slp
|move|p1a: Swampert|Sleep Talk|p1a: Swampert
|move|p1a: Swampert|Waterfall|p2a: Doublade|[from]Sleep Talk
|-damage|p2a: Doublade|131\/321
|cant|p2a: Doublade|flinch
|
|turn|17
|
|move|p2a: Doublade|Shadow Sneak|p1a: Swampert
|-damage|p1a: Swampert|62\/404 slp
|-curestatus|p1a: Swampert|slp
|move|p1a: Swampert|Earthquake|p2a: Doublade
|-crit|p2a: Doublade
|-supereffective|p2a: Doublade
|-damage|p2a: Doublade|0 fnt
|faint|p2a: Doublade
|
|
|switch|p2a: Virizion|Virizion|252\/324
|turn|18
|
|move|p2a: Virizion|Close Combat|p1a: Swampert
|-damage|p1a: Swampert|0 fnt
|-unboost|p2a: Virizion|def|1
|-unboost|p2a: Virizion|spd|1
|-damage|p2a: Virizion|220\/324|[from] item: Life Orb
|faint|p1a: Swampert
|
|
|switch|p1a: Lucario|Lucario, M|253\/281
|turn|19
|
|move|p2a: Virizion|Close Combat|p1a: Lucario
|-supereffective|p1a: Lucario
|-damage|p1a: Lucario|0 fnt
|-unboost|p2a: Virizion|def|1
|-unboost|p2a: Virizion|spd|1
|-damage|p2a: Virizion|188\/324|[from] item: Life Orb
|faint|p1a: Lucario
|
|-message|Adil forfeited.
|
|win|zippleclopper
|raw|Ladder updating...
|raw|Adil's rating: 1567 &rarr; <strong>1548<\/strong><br \/>(-19 for losing)
|raw|zippleclopper's rating: 1571 &rarr; <strong>1591<\/strong><br \/>(+20 for winning)
|leave|Adil
|player|p1