|join|Adil
|join|Emblema de Fuego
|player|p1|Adil|1
|player|p2|Emblema de Fuego|101
|gametype|singles
|gen|6
|tier|UU
|rated
|rule|Sleep Clause Mod: Limit one foe put to sleep
|rule|Species Clause: Limit one of each Pokémon
|rule|OHKO Clause: OHKO moves are banned
|rule|Moody Clause: Moody is banned
|rule|Evasion Moves Clause: Evasion moves are banned
|rule|Endless Battle Clause: Forcing endless battles is banned
|rule|HP Percentage Mod: HP is shown in percentages
|clearpoke
|poke|p1|Diancie
|poke|p1|Jirachi
|poke|p1|Suicune
|poke|p1|Tentacruel, F
|poke|p1|Blissey, F
|poke|p1|Chesnaught, M
|poke|p2|Absol, F
|poke|p2|Fletchinder, F, shiny
|poke|p2|Donphan, M
|poke|p2|Uxie
|poke|p2|Raikou, shiny
|poke|p2|Slurpuff, F
|rule|Swagger Clause: Swagger is banned
|rule|Baton Pass Clause: Limit one Pokémon knowing Baton Pass
|teampreview
|
|start
|switch|p1a: Suicune|Suicune|403\/403
|switch|p2a: Angela|Absol, F|271\/271
|-ability|p2a: Angela|Pressure
|-ability|p1a: Suicune|Pressure
|turn|1
|
|detailschange|p2a: Angela|Absol-Mega, F
|-mega|p2a: Angela|Absol|Absolite
|move|p2a: Angela|Protect|p2a: Angela
|-singleturn|p2a: Angela|Protect
|move|p1a: Suicune|Scald|p2a: Angela
|-activate|p2a: Angela|Protect
|
|turn|2
|
|switch|p2a: Uzzzi|Uxie|353\/353
|move|p1a: Suicune|Scald|p2a: Uzzzi
|-damage|p2a: Uzzzi|295\/353
|-status|p2a: Uzzzi|brn
|
|-heal|p2a: Uzzzi|317\/353 brn|[from] item: Leftovers
|-damage|p2a: Uzzzi|273\/353 brn|[from] brn
|turn|3
|
|move|p2a: Uzzzi|Yawn|p1a: Suicune
|-start|p1a: Suicune|move: Yawn|[of] p2a: Uzzzi
|move|p1a: Suicune|Calm Mind|p1a: Suicune
|-boost|p1a: Suicune|spa|1
|-boost|p1a: Suicune|spd|1
|
|-heal|p2a: Uzzzi|295\/353 brn|[from] item: Leftovers
|-damage|p2a: Uzzzi|251\/353 brn|[from] brn
|turn|4
|
|move|p2a: Uzzzi|U-turn|p1a: Suicune
|-damage|p1a: Suicune|388\/403
|
|switch|p2a: Musho|Raikou, shiny|321\/321
|-ability|p2a: Musho|Pressure
|move|p1a: Suicune|Scald|p2a: Musho
|-damage|p2a: Musho|186\/321
|
|-status|p1a: Suicune|slp
|-heal|p2a: Musho|206\/321|[from] item: Leftovers
|-heal|p1a: Suicune|403\/403 slp|[from] item: Leftovers
|turn|5
|
|switch|p1a: Blissey|Blissey, F|713\/713
|move|p2a: Musho|Calm Mind|p2a: Musho
|-boost|p2a: Musho|spa|1
|-boost|p2a: Musho|spd|1
|
|-heal|p2a: Musho|226\/321|[from] item: Leftovers
|turn|6
|
|switch|p2a: Fiero|Slurpuff, F|339\/339
|move|p1a: Blissey|Seismic Toss|p2a: Fiero
|-damage|p2a: Fiero|239\/339
|
|turn|7
|
|move|p2a: Fiero|Belly Drum|p2a: Fiero
|-damage|p2a: Fiero|70\/339
|-setboost|p2a: Fiero|atk|6|[from] move: Belly Drum
|-enditem|p2a: Fiero|Sitrus Berry|[eat]
|-heal|p2a: Fiero|154\/339|[from] item: Sitrus Berry
|move|p1a: Blissey|Toxic|p2a: Fiero
|-status|p2a: Fiero|tox
|
|-damage|p2a: Fiero|133\/339 tox|[from] psn
|turn|8
|
|switch|p1a: Suicune|Suicune|403\/403 slp
|-ability|p1a: Suicune|Pressure
|move|p2a: Fiero|Drain Punch|p1a: Suicune
|-crit|p1a: Suicune
|-damage|p1a: Suicune|103\/403 slp
|-heal|p2a: Fiero|283\/339 tox|[from] drain|[of] p1a: Suicune
|
|-heal|p1a: Suicune|128\/403 slp|[from] item: Leftovers
|-damage|p2a: Fiero|241\/339 tox|[from] psn
|turn|9
|
|switch|p1a: Tentacruel|Tentacruel, F|363\/363
|move|p2a: Fiero|Frustration|p1a: Tentacruel
|-damage|p1a: Tentacruel|0 fnt
|faint|p1a: Tentacruel
|
|-damage|p2a: Fiero|178\/339 tox|[from] psn
|
|switch|p1a: Chesnaught|Chesnaught, M|380\/380
|turn|10
|
|switch|p2a: 5|Fletchinder, F, shiny|327\/327
|move|p1a: Chesnaught|Spiky Shield|p1a: Chesnaught
|-fail|p1a: Chesnaught
|
|turn|11
|
|switch|p1a: Diancie|Diancie|241\/241
|move|p2a: 5|Will-O-Wisp|p1a: Diancie
|-status|p1a: Diancie|brn
|
|-damage|p1a: Diancie|211\/241 brn|[from] brn
|turn|12
|
|switch|p2a: Uzzzi|Uxie|251\/353 brn
|detailschange|p1a: Diancie|Diancie-Mega
|-mega|p1a: Diancie|Diancie|Diancite
|move|p1a: Diancie|Moonblast|p2a: Uzzzi
|-damage|p2a: Uzzzi|130\/353 brn
|
|-heal|p2a: Uzzzi|152\/353 brn|[from] item: Leftovers
|-damage|p1a: Diancie|181\/241 brn|[from] brn
|-damage|p2a: Uzzzi|108\/353 brn|[from] brn
|turn|13
|c|★Emblema de Fuego|mmega Diance??????
|c|★Emblema de Fuego|not ban?
|
|switch|p1a: Blissey|Blissey, F|713\/713
|move|p2a: Uzzzi|U-turn|p1a: Blissey
|-damage|p1a: Blissey|676\/713
|
|switch|p2a: Angela|Absol-Mega, F|271\/271
|
|-heal|p1a: Blissey|713\/713|[from] item: Leftovers
|turn|14
|
|switch|p1a: Chesnaught|Chesnaught, M|380\/380
|move|p2a: Angela|Play Rough|p1a: Chesnaught
|-supereffective|p1a: Chesnaught
|-damage|p1a: Chesnaught|234\/380
|
|-heal|p1a: Chesnaught|257\/380|[from] item: Leftovers
|turn|15
|
|switch|p2a: 5|Fletchinder, F, shiny|327\/327
|move|p1a: Chesnaught|Leech Seed|p2a: 5
|-start|p2a: 5|move: Leech Seed
|
|-heal|p1a: Chesnaught|280\/380|[from] item: Leftovers
|-damage|p2a: 5|287\/327|[from] Leech Seed|[of] p1a: Chesnaught
|-heal|p1a: Chesnaught|320\/380|[silent]
|turn|16
|
|switch|p1a: Diancie|Diancie-Mega|181\/241 brn
|move|p2a: 5|Swords Dance|p2a: 5
|-boost|p2a: 5|atk|2
|
|-damage|p2a: 5|247\/327|[from] Leech Seed|[of] p1a: Diancie
|-heal|p1a: Diancie|221\/241 brn|[silent]
|-damage|p1a: Diancie|191\/241 brn|[from] brn
|turn|17
|
|switch|p2a: Rodolfo|Donphan, M|383\/383
|move|p1a: Diancie|Diamond Storm|p2a: Rodolfo
|-resisted|p2a: Rodolfo
|-damage|p2a: Rodolfo|352\/383
|
|-heal|p2a: Rodolfo|375\/383|[from] item: Leftovers
|-damage|p1a: Diancie|161\/241 brn|[from] brn
|turn|18
|
|switch|p1a: Blissey|Blissey, F|713\/713
|switch|p2a: Uzzzi|Uxie|108\/353 brn
|
|-heal|p2a: Uzzzi|130\/353 brn|[from] item: Leftovers
|-damage|p2a: Uzzzi|86\/353 brn|[from] brn
|turn|19
|
|move|p2a: Uzzzi|Knock Off|p1a: Blissey
|-damage|p1a: Blissey|656\/713
|-enditem|p1a: Blissey|Leftovers|[from] move: Knock Off|[of] p2a: Uzzzi
|move|p1a: Blissey|Aromatherapy|p1a: Blissey
|-cureteam|p1a: Blissey|[from] move: Aromatherapy
|
|-heal|p2a: Uzzzi|108\/353 brn|[from] item: Leftovers
|-damage|p2a: Uzzzi|64\/353 brn|[from] brn
|turn|20
|
|move|p2a: Uzzzi|U-turn|p1a: Blissey
|-damage|p1a: Blissey|615\/713
|
|switch|p2a: 5|Fletchinder, F, shiny|247\/327
|move|p1a: Blissey|Seismic Toss|p2a: 5
|-damage|p2a: 5|147\/327
|
|turn|21
|
|switch|p2a: Angela|Absol-Mega, F|271\/271
|switch|p1a: Diancie|Diancie-Mega|161\/241
|
|turn|22
|
|switch|p2a: Uzzzi|Uxie|64\/353 brn
|move|p1a: Diancie|Moonblast|p2a: Uzzzi
|-damage|p2a: Uzzzi|0 fnt
|faint|p2a: Uzzzi
|
|
|switch|p2a: Musho|Raikou, shiny|226\/321
|-ability|p2a: Musho|Pressure
|turn|23
|
|switch|p1a: Blissey|Blissey, F|615\/713
|move|p2a: Musho|Thunderbolt|p1a: Blissey
|-damage|p1a: Blissey|498\/713
|
|-heal|p2a: Musho|246\/321|[from] item: Leftovers
|turn|24
|
|switch|p2a: Angela|Absol-Mega, F|271\/271
|move|p1a: Blissey|Seismic Toss|p2a: Angela
|-damage|p2a: Angela|171\/271
|
|turn|25
|
|switch|p1a: Chesnaught|Chesnaught, M|320\/380
|move|p2a: Angela|Play Rough|p1a: Chesnaught
|-supereffective|p1a: Chesnaught
|-damage|p1a: Chesnaught|176\/380
|
|-heal|p1a: Chesnaught|199\/380|[from] item: Leftovers
|turn|26
|
|move|p2a: Angela|Will-O-Wisp|p1a: Chesnaught
|-status|p1a: Chesnaught|brn
|move|p1a: Chesnaught|Drain Punch|p2a: Angela
|-supereffective|p2a: Angela
|-damage|p2a: Angela|21\/271
|-heal|p1a: Chesnaught|274\/380 brn|[from] drain|[of] p2a: Angela
|
|-heal|p1a: Chesnaught|297\/380 brn|[from] item: Leftovers
|-damage|p1a: Chesnaught|250\/380 brn|[from] brn
|turn|27
|
|switch|p2a: 5|Fletchinder, F, shiny|147\/327
|switch|p1a: Suicune|Suicune|128\/403
|-ability|p1a: Suicune|Pressure
|
|-heal|p1a: Suicune|153\/403|[from] item: Leftovers
|turn|28
|
|move|p2a: 5|Roost|p2a: 5
|-heal|p2a: 5|311\/327
|move|p1a: Suicune|Scald|p2a: 5
|-supereffective|p2a: 5
|-damage|p2a: 5|23\/327
|
|-heal|p1a: Suicune|178\/403|[from] item: Leftovers
|turn|29
|
|switch|p2a: Musho|Raikou, shiny|246\/321
|-ability|p2a: Musho|Pressure
|move|p1a: Suicune|Scald|p2a: Musho
|-damage|p2a: Musho|152\/321
|
|-heal|p2a: Musho|172\/321|[from] item: Leftovers
|-heal|p1a: Suicune|203\/403|[from] item: Leftovers
|turn|30
|
|switch|p1a: Blissey|Blissey, F|498\/713
|move|p2a: Musho|Thunderbolt|p1a: Blissey
|-damage|p1a: Blissey|381\/713
|
|-heal|p2a: Musho|192\/321|[from] item: Leftovers
|turn|31
|c|★Emblema de Fuego|Blisey should be ban
|c|★Emblema de Fuego|whit Zygarde i control this
|c|★Emblema de Fuego|but mega DDiance and Suicune more Blisey is OP
|
|switch|p2a: Fiero|Slurpuff, F|178\/339 tox
|move|p1a: Blissey|Soft-Boiled|p1a: Blissey
|-heal|p1a: Blissey|713\/713
|
|-damage|p2a: Fiero|157\/339 tox|[from] psn
|turn|32
|
|move|p2a: Fiero|Drain Punch|p1a: Blissey
|-supereffective|p1a: Blissey
|-damage|p1a: Blissey|463\/713
|-heal|p2a: Fiero|282\/339 tox|[from] drain|[of] p1a: Blissey
|move|p1a: Blissey|Seismic Toss|p2a: Fiero
|-damage|p2a: Fiero|182\/339 tox
|
|-damage|p2a: Fiero|140\/339 tox|[from] psn
|turn|33
|
|move|p2a: Fiero|Drain Punch|p1a: Blissey
|-supereffective|p1a: Blissey
|-damage|p1a: Blissey|199\/713
|-heal|p2a: Fiero|272\/339 tox|[from] drain|[of] p1a: Blissey
|move|p1a: Blissey|Soft-Boiled|p1a: Blissey
|-heal|p1a: Blissey|556\/713
|
|-damage|p2a: Fiero|209\/339 tox|[from] psn
|turn|34
|
|switch|p2a: Rodolfo|Donphan, M|375\/383
|move|p1a: Blissey|Seismic Toss|p2a: Rodolfo
|-damage|p2a: Rodolfo|275\/383
|
|-heal|p2a: Rodolfo|298\/383|[from] item: Leftovers
|turn|35
|
|switch|p2a: Angela|Absol-Mega, F|21\/271
|move|p1a: Blissey|Aromatherapy|p1a: Blissey
|-cureteam|p1a: Blissey|[from] move: Aromatherapy
|
|turn|36
|
|move|p2a: Angela|Play Rough|p1a: Blissey
|-damage|p1a: Blissey|355\/713
|-unboost|p1a: Blissey|atk|1
|move|p1a: Blissey|Seismic Toss|p2a: Angela
|-damage|p2a: Angela|0 fnt
|faint|p2a: Angela
|
|
|switch|p2a: 5|Fletchinder, F, shiny|23\/327
|turn|37
|
|switch|p1a: Suicune|Suicune|203\/403
|-ability|p1a: Suicune|Pressure
|move|p2a: 5|Acrobatics|p1a: Suicune
|-damage|p1a: Suicune|106\/403
|
|-heal|p1a: Suicune|131\/403|[from] item: Leftovers
|turn|38
|
|switch|p2a: Musho|Raikou, shiny|192\/321
|-ability|p2a: Musho|Pressure
|move|p1a: Suicune|Scald|p2a: Musho
|-damage|p2a: Musho|110\/321
|
|-heal|p2a: Musho|130\/321|[from] item: Leftovers
|-heal|p1a: Suicune|156\/403|[from] item: Leftovers
|turn|39
|
|switch|p2a: 5|Fletchinder, F, shiny|23\/327
|switch|p1a: Blissey|Blissey, F|355\/713
|
|turn|40
|
|switch|p1a: Diancie|Diancie-Mega|161\/241
|move|p2a: 5|Acrobatics|p1a: Diancie
|-resisted|p1a: Diancie
|-damage|p1a: Diancie|87\/241
|
|turn|41
|
|switch|p2a: Fiero|Slurpuff, F|209\/339 tox
|move|p1a: Diancie|Diamond Storm|p2a: Fiero
|-damage|p2a: Fiero|0 fnt
|faint|p2a: Fiero
|
|
|switch|p2a: Rodolfo|Donphan, M|298\/383
|turn|42
|
|move|p1a: Diancie|Moonblast|p2a: Rodolfo
|-damage|p2a: Rodolfo|27\/383
|move|p2a: Rodolfo|Earthquake|p1a: Diancie
|-supereffective|p1a: Diancie
|-damage|p1a: Diancie|0 fnt
|faint|p1a: Diancie
|
|-heal|p2a: Rodolfo|50\/383|[from] item: Leftovers
|
|switch|p1a: Jirachi|Jirachi|386\/386
|turn|43
|
|move|p1a: Jirachi|Iron Head|p2a: Rodolfo
|-damage|p2a: Rodolfo|0 fnt
|faint|p2a: Rodolfo
|
|
|switch|p2a: 5|Fletchinder, F, shiny|23\/327
|turn|44
|
|switch|p1a: Suicune|Suicune|156\/403
|-ability|p1a: Suicune|Pressure
|move|p2a: 5|Roost|p2a: 5
|-heal|p2a: 5|187\/327
|
|-heal|p1a: Suicune|181\/403|[from] item: Leftovers
|turn|45
|
|switch|p2a: Musho|Raikou, shiny|130\/321
|-ability|p2a: Musho|Pressure
|move|p1a: Suicune|Scald|p2a: Musho
|-damage|p2a: Musho|45\/321
|
|-heal|p2a: Musho|65\/321|[from] item: Leftovers
|-heal|p1a: Suicune|206\/403|[from] item: Leftovers
|turn|46
|
|move|p2a: Musho|Thunderbolt|p1a: Suicune
|-supereffective|p1a: Suicune
|-damage|p1a: Suicune|0 fnt
|faint|p1a: Suicune
|
|-heal|p2a: Musho|85\/321|[from] item: Leftovers
|
|switch|p1a: Jirachi|Jirachi|386\/386
|turn|47
|
|switch|p2a: 5|Fletchinder, F, shiny|187\/327
|move|p1a: Jirachi|Stealth Rock|p2a: 5
|-sidestart|p2: Emblema de Fuego|move: Stealth Rock
|
|turn|48
|
|move|p1a: Jirachi|Iron Head|p2a: 5
|-resisted|p2a: 5
|-damage|p2a: 5|98\/327
|move|p2a: 5|Will-O-Wisp|p1a: Jirachi
|-status|p1a: Jirachi|brn
|
|-damage|p1a: Jirachi|338\/386 brn|[from] brn
|turn|49
|
|move|p1a: Jirachi|Iron Head|p2a: 5
|-resisted|p2a: 5
|-damage|p2a: 5|48\/327
|cant|p2a: 5|flinch
|
|-heal|p1a: Jirachi|362\/386 brn|[from] item: Leftovers
|-damage|p1a: Jirachi|314\/386 brn|[from] brn
|turn|50
|
|switch|p1a: Blissey|Blissey, F|355\/713
|move|p2a: 5|Roost|p2a: 5
|-heal|p2a: 5|212\/327
|
|turn|51
|
|move|p2a: 5|Acrobatics|p1a: Blissey
|-damage|p1a: Blissey|109\/713
|move|p1a: Blissey|Toxic|p2a: 5
|-status|p2a: 5|tox
|
|-damage|p2a: 5|192\/327 tox|[from] psn
|turn|52
|
|move|p2a: 5|Acrobatics|p1a: Blissey
|-damage|p1a: Blissey|0 fnt
|faint|p1a: Blissey
|
|-damage|p2a: 5|152\/327 tox|[from] psn
|
|switch|p1a: Jirachi|Jirachi|314\/386 brn
|turn|53
|
|move|p2a: 5|Roost|p2a: 5
|-heal|p2a: 5|316\/327 tox
|move|p1a: Jirachi|Iron Head|p2a: 5
|-resisted|p2a: 5
|-damage|p2a: 5|267\/327 tox
|
|-heal|p1a: Jirachi|338\/386 brn|[from] item: Leftovers
|-damage|p1a: Jirachi|290\/386 brn|[from] brn
|-damage|p2a: 5|207\/327 tox|[from] psn
|turn|54
|
|switch|p2a: Musho|Raikou, shiny|85\/321
|-damage|p2a: Musho|45\/321|[from] Stealth Rock
|-ability|p2a: Musho|Pressure
|move|p1a: Jirachi|Iron Head|p2a: Musho
|-resisted|p2a: Musho
|-damage|p2a: Musho|9\/321
|
|-heal|p2a: Musho|29\/321|[from] item: Leftovers
|-heal|p1a: Jirachi|314\/386 brn|[from] item: Leftovers
|-damage|p1a: Jirachi|266\/386 brn|[from] brn
|turn|55
|
|move|p2a: Musho|Thunderbolt|p1a: Jirachi
|-damage|p1a: Jirachi|113\/386 brn
|move|p1a: Jirachi|Iron Head|p2a: Musho
|-resisted|p2a: Musho
|-damage|p2a: Musho|0 fnt
|faint|p2a: Musho
|
|-heal|p1a: Jirachi|137\/386 brn|[from] item: Leftovers
|-damage|p1a: Jirachi|89\/386 brn|[from] brn
|
|switch|p2a: 5|Fletchinder, F, shiny|207\/327 tox
|-damage|p2a: 5|44\/327 tox|[from] Stealth Rock
|turn|56
|
|move|p2a: 5|Roost|p2a: 5
|-heal|p2a: 5|208\/327 tox
|move|p1a: Jirachi|Iron Head|p2a: 5
|-resisted|p2a: 5
|-damage|p2a: 5|160\/327 tox
|
|-heal|p1a: Jirachi|113\/386 brn|[from] item: Leftovers
|-damage|p1a: Jirachi|65\/386 brn|[from] brn
|-damage|p2a: 5|140\/327 tox|[from] psn
|turn|57
|
|move|p2a: 5|Acrobatics|p1a: Jirachi
|-resisted|p1a: Jirachi
|-damage|p1a: Jirachi|0 fnt
|faint|p1a: Jirachi
|
|-damage|p2a: 5|100\/327 tox|[from] psn
|
|switch|p1a: Chesnaught|Chesnaught, M|250\/380
|turn|58
|
|move|p1a: Chesnaught|Spiky Shield|p1a: Chesnaught
|-singleturn|p1a: Chesnaught|move: Protect
|move|p2a: 5|Acrobatics|p1a: Chesnaught
|-activate|p1a: Chesnaught|move: Protect
|-damage|p2a: 5|60\/327 tox|[from] Spiky Shield|[of] p1a: Chesnaught
|
|-heal|p1a: Chesnaught|273\/380|[from] item: Leftovers
|-damage|p2a: 5|0 fnt|[from] psn
|faint|p2a: 5
|
|win|Adil
|raw|Ladder updating...
|c|★Emblema de Fuego|shit
|leave|Adil
|player|p1
|raw|Adil's rating: 1477 &rarr; <strong>1502<\/strong><br \/>(+25 for winning)
|raw|Emblema de Fuego's rating: 1567 &rarr; <strong>1542<\/strong><br \/>(-25 for losing)