|join|Hiye
|join|The_Davy
|player|p1|Hiye|23
|player|p2|The_Davy|264
|gametype|singles
|gen|6
|tier|OU
|rated
|clearpoke
|poke|p1|Heatran, M
|poke|p1|Scizor, F
|poke|p1|Landorus-Therian, M
|poke|p1|Kyurem-Black
|poke|p1|Keldeo
|poke|p1|Mew
|poke|p2|Hydreigon, F
|poke|p2|Reuniclus, M
|poke|p2|Talonflame, M
|poke|p2|Hippowdon, F
|poke|p2|Scizor, M
|poke|p2|Keldeo
|rule|Swagger Clause: Swagger is banned
|rule|Baton Pass Clause: Limit one Pokémon knowing Baton Pass
|rule|Sleep Clause Mod: Limit one foe put to sleep
|rule|Species Clause: Limit one of each Pokémon
|rule|OHKO Clause: OHKO moves are banned
|rule|Moody Clause: Moody is banned
|rule|Evasion Moves Clause: Evasion moves are banned
|rule|Endless Battle Clause: Forcing endless battles is banned
|rule|HP Percentage Mod: HP is shown in percentages
|teampreview
|
|start
|switch|p1a: Landorus-Therian|Landorus-Therian, M|320\/320
|switch|p2a: Secret Heart|Keldeo|323\/323
|-ability|p1a: Landorus-Therian|Intimidate|[of] p2a: Secret Heart
|-unboost|p2a: Secret Heart|atk|1
|turn|1
|
|move|p2a: Secret Heart|Hydro Pump|p1a: Landorus-Therian
|-supereffective|p1a: Landorus-Therian
|-damage|p1a: Landorus-Therian|0 fnt
|faint|p1a: Landorus-Therian
|
|
|switch|p1a: Kyurem-Black|Kyurem-Black|405\/405
|-ability|p1a: Kyurem-Black|Teravolt
|turn|2
|
|switch|p2a: Orange Kittey|Reuniclus, M|424\/424
|switch|p1a: Heatran|Heatran, M|386\/386
|
|turn|3
|
|move|p1a: Heatran|Stealth Rock|p2a: Orange Kittey
|-sidestart|p2: The_Davy|move: Stealth Rock
|move|p2a: Orange Kittey|Calm Mind|p2a: Orange Kittey
|-boost|p2a: Orange Kittey|spa|1
|-boost|p2a: Orange Kittey|spd|1
|
|turn|4
|
|move|p1a: Heatran|Taunt|p2a: Orange Kittey
|-start|p2a: Orange Kittey|move: Taunt
|move|p2a: Orange Kittey|Focus Blast|p1a: Heatran|[miss]
|-miss|p2a: Orange Kittey|p1a: Heatran
|
|turn|5
|
|switch|p1a: Mew|Mew|404\/404
|move|p2a: Orange Kittey|Focus Blast|p1a: Mew
|-resisted|p1a: Mew
|-damage|p1a: Mew|318\/404
|
|-heal|p1a: Mew|343\/404|[from] item: Leftovers
|turn|6
|
|move|p1a: Mew|Knock Off|p2a: Orange Kittey
|-supereffective|p2a: Orange Kittey
|-damage|p2a: Orange Kittey|296\/424
|-enditem|p2a: Orange Kittey|Leftovers|[from] move: Knock Off|[of] p1a: Mew
|move|p2a: Orange Kittey|Psyshock|p1a: Mew
|-resisted|p1a: Mew
|-damage|p1a: Mew|267\/404
|
|-heal|p1a: Mew|292\/404|[from] item: Leftovers
|-end|p2a: Orange Kittey|move: Taunt
|turn|7
|
|move|p1a: Mew|Roost|p1a: Mew
|-heal|p1a: Mew|404\/404
|move|p2a: Orange Kittey|Calm Mind|p2a: Orange Kittey
|-boost|p2a: Orange Kittey|spa|1
|-boost|p2a: Orange Kittey|spd|1
|
|turn|8
|
|move|p1a: Mew|Taunt|p2a: Orange Kittey
|-start|p2a: Orange Kittey|move: Taunt
|cant|p2a: Orange Kittey|move: Taunt|Calm Mind
|
|turn|9
|
|move|p1a: Mew|Knock Off|p2a: Orange Kittey
|-supereffective|p2a: Orange Kittey
|-damage|p2a: Orange Kittey|208\/424
|move|p2a: Orange Kittey|Psyshock|p1a: Mew
|-resisted|p1a: Mew
|-damage|p1a: Mew|307\/404
|
|-heal|p1a: Mew|332\/404|[from] item: Leftovers
|turn|10
|
|move|p1a: Mew|Knock Off|p2a: Orange Kittey
|-supereffective|p2a: Orange Kittey
|-damage|p2a: Orange Kittey|116\/424
|move|p2a: Orange Kittey|Psyshock|p1a: Mew
|-resisted|p1a: Mew
|-damage|p1a: Mew|236\/404
|
|-heal|p1a: Mew|261\/404|[from] item: Leftovers
|-end|p2a: Orange Kittey|move: Taunt
|turn|11
|
|move|p1a: Mew|Knock Off|p2a: Orange Kittey
|-crit|p2a: Orange Kittey
|-supereffective|p2a: Orange Kittey
|-damage|p2a: Orange Kittey|0 fnt
|faint|p2a: Orange Kittey
|
|-heal|p1a: Mew|286\/404|[from] item: Leftovers
|
|switch|p2a: Sleep in Dark|Hydreigon, F|325\/325
|-damage|p2a: Sleep in Dark|285\/325|[from] Stealth Rock
|turn|12
|
|switch|p1a: Scizor|Scizor, F|344\/344
|move|p2a: Sleep in Dark|Draco Meteor|p1a: Scizor
|-resisted|p1a: Scizor
|-damage|p1a: Scizor|208\/344
|-unboost|p2a: Sleep in Dark|spa|2
|
|turn|13
|
|switch|p2a: White Sand|Hippowdon, F|420\/420
|-damage|p2a: White Sand|394\/420|[from] Stealth Rock
|-weather|Sandstorm
|detailschange|p1a: Scizor|Scizor-Mega, F
|message|Scizor has Mega Evolved into Mega Scizor!
|move|p1a: Scizor|U-turn|p2a: White Sand
|-damage|p2a: White Sand|315\/420
|
|switch|p1a: Kyurem-Black|Kyurem-Black|405\/405
|-ability|p1a: Kyurem-Black|Teravolt
|
|-weather|Sandstorm|[upkeep]
|-damage|p1a: Kyurem-Black|380\/405|[from] sandstorm
|-heal|p1a: Kyurem-Black|405\/405|[from] item: Leftovers
|-heal|p2a: White Sand|341\/420|[from] item: Leftovers
|turn|14
|
|switch|p2a: Flying Claws|Scizor, M|344\/344
|-damage|p2a: Flying Claws|301\/344|[from] Stealth Rock
|move|p1a: Kyurem-Black|Substitute|p1a: Kyurem-Black
|-start|p1a: Kyurem-Black|Substitute
|-damage|p1a: Kyurem-Black|304\/405
|
|-weather|Sandstorm|[upkeep]
|-damage|p1a: Kyurem-Black|279\/405|[from] sandstorm
|-heal|p1a: Kyurem-Black|304\/405|[from] item: Leftovers
|turn|15
|
|detailschange|p2a: Flying Claws|Scizor-Mega, M
|message|Scizor has Mega Evolved into Mega Scizor!
|move|p2a: Flying Claws|Bullet Punch|p1a: Kyurem-Black
|-supereffective|p1a: Kyurem-Black
|-end|p1a: Kyurem-Black|Substitute
|move|p1a: Kyurem-Black|Earth Power|p2a: Flying Claws
|-damage|p2a: Flying Claws|216\/344
|
|-weather|Sandstorm|[upkeep]
|-damage|p1a: Kyurem-Black|279\/405|[from] sandstorm
|-heal|p1a: Kyurem-Black|304\/405|[from] item: Leftovers
|turn|16
|
|switch|p1a: Keldeo|Keldeo|323\/323
|move|p2a: Flying Claws|Defog|p1a: Keldeo
|-unboost|p1a: Keldeo|evasion|1
|-sideend|p2: The_Davy|Stealth Rock|[from] move: Defog|[of] p2a: Flying Claws
|
|-weather|Sandstorm|[upkeep]
|-damage|p1a: Keldeo|303\/323|[from] sandstorm
|-heal|p1a: Keldeo|323\/323|[from] item: Leftovers
|turn|17
|
|switch|p2a: Secret Heart|Keldeo|323\/323
|move|p1a: Keldeo|Substitute|p1a: Keldeo
|-start|p1a: Keldeo|Substitute
|-damage|p1a: Keldeo|243\/323
|
|-weather|none
|-heal|p1a: Keldeo|263\/323|[from] item: Leftovers
|turn|18
|
|move|p2a: Secret Heart|Hidden Power|p1a: Keldeo
|-supereffective|p1a: Keldeo
|-end|p1a: Keldeo|Substitute
|move|p1a: Keldeo|Calm Mind|p1a: Keldeo
|-boost|p1a: Keldeo|spa|1
|-boost|p1a: Keldeo|spd|1
|
|-heal|p1a: Keldeo|283\/323|[from] item: Leftovers
|turn|19
|
|move|p2a: Secret Heart|Hidden Power|p1a: Keldeo
|-supereffective|p1a: Keldeo
|-damage|p1a: Keldeo|175\/323
|move|p1a: Keldeo|Secret Sword|p2a: Secret Heart
|-damage|p2a: Secret Heart|65\/323
|
|-heal|p1a: Keldeo|195\/323|[from] item: Leftovers
|turn|20
|
|move|p2a: Secret Heart|Hidden Power|p1a: Keldeo
|-supereffective|p1a: Keldeo
|-damage|p1a: Keldeo|97\/323
|move|p1a: Keldeo|Scald|p2a: Secret Heart
|-resisted|p2a: Secret Heart
|-damage|p2a: Secret Heart|0 fnt
|faint|p2a: Secret Heart
|
|-heal|p1a: Keldeo|117\/323|[from] item: Leftovers
|
|switch|p2a: Da Flaming|Talonflame, M|360\/360
|turn|21
|
|switch|p1a: Heatran|Heatran, M|386\/386
|move|p2a: Da Flaming|Brave Bird|p1a: Heatran
|-resisted|p1a: Heatran
|-damage|p1a: Heatran|287\/386
|-damage|p2a: Da Flaming|327\/360|[from] recoil|[of] p1a: Heatran
|
|-heal|p1a: Heatran|311\/386|[from] item: Leftovers
|turn|22
|
|move|p2a: Da Flaming|Swords Dance|p2a: Da Flaming
|-boost|p2a: Da Flaming|atk|2
|move|p1a: Heatran|Lava Plume|p2a: Da Flaming
|-resisted|p2a: Da Flaming
|-damage|p2a: Da Flaming|249\/360
|
|-heal|p1a: Heatran|335\/386|[from] item: Leftovers
|turn|23
|
|move|p2a: Da Flaming|Swords Dance|p2a: Da Flaming
|-boost|p2a: Da Flaming|atk|2
|move|p1a: Heatran|Taunt|p2a: Da Flaming
|-start|p2a: Da Flaming|move: Taunt
|
|-heal|p1a: Heatran|359\/386|[from] item: Leftovers
|turn|24
|
|move|p2a: Da Flaming|Brave Bird|p1a: Heatran
|-resisted|p1a: Heatran
|-damage|p1a: Heatran|44\/386
|-damage|p2a: Da Flaming|145\/360|[from] recoil|[of] p1a: Heatran
|move|p1a: Heatran|Toxic|p2a: Da Flaming
|-status|p2a: Da Flaming|tox
|
|-heal|p1a: Heatran|68\/386|[from] item: Leftovers
|-damage|p2a: Da Flaming|123\/360 tox|[from] psn
|turn|25
|
|move|p2a: Da Flaming|Brave Bird|p1a: Heatran
|-resisted|p1a: Heatran
|-damage|p1a: Heatran|0 fnt
|-damage|p2a: Da Flaming|101\/360 tox|[from] recoil|[of] p1a: Heatran
|faint|p1a: Heatran
|
|-damage|p2a: Da Flaming|57\/360 tox|[from] psn
|
|switch|p1a: Kyurem-Black|Kyurem-Black|304\/405
|-ability|p1a: Kyurem-Black|Teravolt
|turn|26
|
|move|p2a: Da Flaming|Brave Bird|p1a: Kyurem-Black
|-damage|p1a: Kyurem-Black|0 fnt
|-damage|p2a: Da Flaming|0 fnt|[from] recoil|[of] p1a: Kyurem-Black
|faint|p1a: Kyurem-Black
|faint|p2a: Da Flaming
|
|
|switch|p2a: Sleep in Dark|Hydreigon, F|285\/325
|switch|p1a: Scizor|Scizor-Mega, F|208\/344
|turn|27
|
|switch|p1a: Mew|Mew|286\/404
|move|p2a: Sleep in Dark|Fire Blast|p1a: Mew|[miss]
|-miss|p2a: Sleep in Dark|p1a: Mew
|
|-heal|p1a: Mew|311\/404|[from] item: Leftovers
|turn|28
|
|switch|p2a: White Sand|Hippowdon, F|341\/420
|-weather|Sandstorm
|move|p1a: Mew|Will-O-Wisp|p2a: White Sand
|-status|p2a: White Sand|brn
|
|-weather|Sandstorm|[upkeep]
|-damage|p1a: Mew|286\/404|[from] sandstorm
|-heal|p1a: Mew|311\/404|[from] item: Leftovers
|-heal|p2a: White Sand|367\/420 brn|[from] item: Leftovers
|-damage|p2a: White Sand|315\/420 brn|[from] brn
|turn|29
|
|move|p1a: Mew|Taunt|p2a: White Sand
|-start|p2a: White Sand|move: Taunt
|cant|p2a: White Sand|move: Taunt|Toxic
|
|-weather|Sandstorm|[upkeep]
|-damage|p1a: Mew|286\/404|[from] sandstorm
|-heal|p1a: Mew|311\/404|[from] item: Leftovers
|-heal|p2a: White Sand|341\/420 brn|[from] item: Leftovers
|-damage|p2a: White Sand|289\/420 brn|[from] brn
|turn|30
|
|switch|p2a: Sleep in Dark|Hydreigon, F|285\/325
|move|p1a: Mew|Will-O-Wisp|p2a: Sleep in Dark
|-status|p2a: Sleep in Dark|brn
|
|-weather|Sandstorm|[upkeep]
|-damage|p2a: Sleep in Dark|265\/325 brn|[from] sandstorm
|-damage|p1a: Mew|286\/404|[from] sandstorm
|-heal|p1a: Mew|311\/404|[from] item: Leftovers
|-damage|p2a: Sleep in Dark|225\/325 brn|[from] brn
|turn|31
|
|switch|p1a: Keldeo|Keldeo|117\/323
|move|p2a: Sleep in Dark|Dark Pulse|p1a: Keldeo
|-resisted|p1a: Keldeo
|-damage|p1a: Keldeo|0 fnt
|faint|p1a: Keldeo
|
|-weather|Sandstorm|[upkeep]
|-damage|p2a: Sleep in Dark|205\/325 brn|[from] sandstorm
|-damage|p2a: Sleep in Dark|165\/325 brn|[from] brn
|
|switch|p1a: Scizor|Scizor-Mega, F|208\/344
|turn|32
|
|switch|p2a: White Sand|Hippowdon, F|289\/420 brn
|move|p1a: Scizor|Roost|p1a: Scizor
|-heal|p1a: Scizor|344\/344
|
|-weather|none
|-heal|p2a: White Sand|315\/420 brn|[from] item: Leftovers
|-damage|p2a: White Sand|263\/420 brn|[from] brn
|turn|33
|
|move|p1a: Scizor|Bullet Punch|p2a: White Sand
|-crit|p2a: White Sand
|-damage|p2a: White Sand|163\/420 brn
|move|p2a: White Sand|Stealth Rock|p1a: Scizor
|-sidestart|p1: Hiye|move: Stealth Rock
|
|-heal|p2a: White Sand|189\/420 brn|[from] item: Leftovers
|-damage|p2a: White Sand|137\/420 brn|[from] brn
|turn|34
|
|move|p1a: Scizor|Defog|p2a: White Sand
|-unboost|p2a: White Sand|evasion|1
|-sideend|p1: Hiye|Stealth Rock|[from] move: Defog|[of] p1a: Scizor
|move|p2a: White Sand|Slack Off|p2a: White Sand
|-heal|p2a: White Sand|347\/420 brn
|
|-heal|p2a: White Sand|373\/420 brn|[from] item: Leftovers
|-damage|p2a: White Sand|321\/420 brn|[from] brn
|turn|35
|
|switch|p2a: Flying Claws|Scizor-Mega, M|216\/344
|move|p1a: Scizor|U-turn|p2a: Flying Claws
|-resisted|p2a: Flying Claws
|-damage|p2a: Flying Claws|174\/344
|
|switch|p1a: Mew|Mew|311\/404
|
|-heal|p1a: Mew|336\/404|[from] item: Leftovers
|turn|36
|
|switch|p2a: Sleep in Dark|Hydreigon, F|165\/325 brn
|move|p1a: Mew|Will-O-Wisp|p2a: Sleep in Dark
|-fail|p2a: Sleep in Dark|brn
|
|-heal|p1a: Mew|361\/404|[from] item: Leftovers
|-damage|p2a: Sleep in Dark|125\/325 brn|[from] brn
|turn|37
|
|move|p2a: Sleep in Dark|Dark Pulse|p1a: Mew
|-supereffective|p1a: Mew
|-damage|p1a: Mew|0 fnt
|faint|p1a: Mew
|
|-damage|p2a: Sleep in Dark|85\/325 brn|[from] brn
|
|switch|p1a: Scizor|Scizor-Mega, F|344\/344
|turn|38
|
|switch|p2a: White Sand|Hippowdon, F|321\/420 brn
|-weather|Sandstorm
|move|p1a: Scizor|Bullet Punch|p2a: White Sand
|-damage|p2a: White Sand|249\/420 brn
|
|-weather|Sandstorm|[upkeep]
|-heal|p2a: White Sand|275\/420 brn|[from] item: Leftovers
|-damage|p2a: White Sand|223\/420 brn|[from] brn
|turn|39
|c|★Hiye|damn fire blast was your best play b4,,
|
|move|p1a: Scizor|U-turn|p2a: White Sand
|-damage|p2a: White Sand|154\/420 brn
|move|p2a: White Sand|Slack Off|p2a: White Sand
|-heal|p2a: White Sand|364\/420 brn
|
|-weather|Sandstorm|[upkeep]
|-heal|p2a: White Sand|390\/420 brn|[from] item: Leftovers
|-damage|p2a: White Sand|338\/420 brn|[from] brn
|turn|40
|
|move|p1a: Scizor|U-turn|p2a: White Sand
|-damage|p2a: White Sand|259\/420 brn
|move|p2a: White Sand|Slack Off|p2a: White Sand
|-heal|p2a: White Sand|420\/420 brn
|
|-weather|Sandstorm|[upkeep]
|-damage|p2a: White Sand|368\/420 brn|[from] brn
|turn|41
|
|move|p1a: Scizor|U-turn|p2a: White Sand
|-damage|p2a: White Sand|290\/420 brn
|move|p2a: White Sand|Earthquake|p1a: Scizor
|-damage|p1a: Scizor|296\/344
|
|-weather|Sandstorm|[upkeep]
|-heal|p2a: White Sand|316\/420 brn|[from] item: Leftovers
|-damage|p2a: White Sand|264\/420 brn|[from] brn
|turn|42
|-message|Hiye forfeited.
|
|win|The_Davy
|raw|Ladder updating...
|leave|Hiye
|player|p1
|raw|Hiye's rating: 1756 &rarr; <strong>1728<\/strong><br \/>(-28 for losing)
|raw|The_Davy's rating: 1606 &rarr; <strong>1635<\/strong><br \/>(+29 for winning)