|join|Soberano Fujii
|join|Hiye
|player|p1|Soberano Fujii|209
|player|p2|Hiye|23
|gametype|singles
|gen|6
|tier|OU
|rated
|clearpoke
|poke|p1|Venusaur, F
|poke|p1|Gliscor, M
|poke|p1|Chansey, F
|poke|p1|Gothitelle, F
|poke|p1|Zapdos
|poke|p1|Bisharp, M
|poke|p2|Kyurem-Black
|poke|p2|Landorus-Therian, M
|poke|p2|Scizor, F
|poke|p2|Keldeo
|poke|p2|Heatran, F
|poke|p2|Mew
|rule|Swagger Clause: Swagger is banned
|rule|Baton Pass Clause: Limit one Pokémon knowing Baton Pass
|rule|Sleep Clause Mod: Limit one foe put to sleep
|rule|Species Clause: Limit one of each Pokémon
|rule|OHKO Clause: OHKO moves are banned
|rule|Moody Clause: Moody is banned
|rule|Evasion Moves Clause: Evasion moves are banned
|rule|Endless Battle Clause: Forcing endless battles is banned
|rule|HP Percentage Mod: HP is shown in percentages
|teampreview
|
|start
|switch|p1a: Gliscor|Gliscor, M|354\/354
|switch|p2a: Scizor|Scizor, F|344\/344
|turn|1
|
|switch|p1a: Zapdos|Zapdos|384\/384
|-ability|p1a: Zapdos|Pressure
|detailschange|p2a: Scizor|Scizor-Mega, F
|message|Scizor has Mega Evolved into Mega Scizor!
|move|p2a: Scizor|U-turn|p1a: Zapdos
|-resisted|p1a: Zapdos
|-damage|p1a: Zapdos|339\/384
|
|switch|p2a: Kyurem-Black|Kyurem-Black|405\/405
|-ability|p2a: Kyurem-Black|Teravolt
|
|-heal|p1a: Zapdos|363\/384|[from] item: Leftovers
|turn|2
|
|switch|p1a: Chansey|Chansey, F|641\/641
|move|p2a: Kyurem-Black|Substitute|p2a: Kyurem-Black
|-start|p2a: Kyurem-Black|Substitute
|-damage|p2a: Kyurem-Black|304\/405
|
|-heal|p2a: Kyurem-Black|329\/405|[from] item: Leftovers
|turn|3
|
|switch|p2a: Mew|Mew|404\/404
|move|p1a: Chansey|Stealth Rock|p2a: Mew
|-sidestart|p2: Hiye|move: Stealth Rock
|
|turn|4
|
|switch|p1a: Venusaur|Venusaur, F|364\/364
|move|p2a: Mew|Taunt|p1a: Venusaur
|-start|p1a: Venusaur|move: Taunt
|
|turn|5
|c|★Hiye|y
|
|switch|p1a: Gothitelle|Gothitelle, F|301\/301
|move|p2a: Mew|Will-O-Wisp|p1a: Gothitelle
|-status|p1a: Gothitelle|brn
|
|-damage|p1a: Gothitelle|264\/301 brn|[from] brn
|turn|6
|
|move|p1a: Gothitelle|Trick|p2a: Mew
|-activate|p1a: Gothitelle|move: Trick|[of] p2a: Mew
|-item|p2a: Mew|Choice Scarf|[from] move: Trick
|-item|p1a: Gothitelle|Leftovers|[from] move: Trick
|move|p2a: Mew|Knock Off|p1a: Gothitelle
|-supereffective|p1a: Gothitelle
|-damage|p1a: Gothitelle|98\/301 brn
|-enditem|p1a: Gothitelle|Leftovers|[from] move: Knock Off|[of] p2a: Mew
|
|-damage|p1a: Gothitelle|61\/301 brn|[from] brn
|turn|7
|
|move|p2a: Mew|Knock Off|p1a: Gothitelle
|-supereffective|p1a: Gothitelle
|-damage|p1a: Gothitelle|0 fnt
|faint|p1a: Gothitelle
|
|
|switch|p1a: Bisharp|Bisharp, M|272\/272
|turn|8
|
|switch|p2a: Keldeo|Keldeo|323\/323
|-damage|p2a: Keldeo|303\/323|[from] Stealth Rock
|move|p1a: Bisharp|Knock Off|p2a: Keldeo
|-resisted|p2a: Keldeo
|-damage|p2a: Keldeo|172\/323
|-boost|p2a: Keldeo|atk|1|[from] ability: Justified
|-enditem|p2a: Keldeo|Leftovers|[from] move: Knock Off|[of] p1a: Bisharp
|-damage|p1a: Bisharp|245\/272|[from] item: Life Orb
|
|turn|9
|
|switch|p1a: Venusaur|Venusaur, F|364\/364
|move|p2a: Keldeo|Scald|p1a: Venusaur
|-resisted|p1a: Venusaur
|-damage|p1a: Venusaur|304\/364
|-status|p1a: Venusaur|brn
|
|-damage|p1a: Venusaur|259\/364 brn|[from] brn
|turn|10
|
|switch|p2a: Heatran|Heatran, F|386\/386
|-damage|p2a: Heatran|338\/386|[from] Stealth Rock
|detailschange|p1a: Venusaur|Venusaur-Mega, F
|message|Venusaur has Mega Evolved into Mega Venusaur!
|move|p1a: Venusaur|Leech Seed|p2a: Heatran
|-start|p2a: Heatran|move: Leech Seed
|
|-heal|p2a: Heatran|362\/386|[from] item: Leftovers
|-damage|p2a: Heatran|314\/386|[from] Leech Seed|[of] p1a: Venusaur
|-heal|p1a: Venusaur|307\/364 brn|[silent]
|-damage|p1a: Venusaur|262\/364 brn|[from] brn
|turn|11
|
|switch|p1a: Chansey|Chansey, F|641\/641
|switch|p2a: Scizor|Scizor-Mega, F|344\/344
|-damage|p2a: Scizor|301\/344|[from] Stealth Rock
|
|turn|12
|
|move|p2a: Scizor|Defog|p1a: Chansey
|-unboost|p1a: Chansey|evasion|1
|-sideend|p2: Hiye|Stealth Rock|[from] move: Defog|[of] p2a: Scizor
|move|p1a: Chansey|Thunder Wave|p2a: Scizor
|-status|p2a: Scizor|par
|
|turn|13
|
|move|p1a: Chansey|Stealth Rock|p2a: Scizor
|-sidestart|p2: Hiye|move: Stealth Rock
|cant|p2a: Scizor|par
|
|turn|14
|
|switch|p1a: Gliscor|Gliscor, M|354\/354
|move|p2a: Scizor|Defog|p1a: Gliscor
|-unboost|p1a: Gliscor|evasion|1
|-sideend|p2: Hiye|Stealth Rock|[from] move: Defog|[of] p2a: Scizor
|
|-status|p1a: Gliscor|tox|[from] item: Toxic Orb
|turn|15
|
|move|p1a: Gliscor|Earthquake|p2a: Scizor
|-damage|p2a: Scizor|208\/344 par
|cant|p2a: Scizor|par
|
|turn|16
|
|move|p1a: Gliscor|Earthquake|p2a: Scizor
|-damage|p2a: Scizor|123\/344 par
|move|p2a: Scizor|U-turn|p1a: Gliscor
|-resisted|p1a: Gliscor
|-damage|p1a: Gliscor|317\/354 tox
|
|switch|p2a: Kyurem-Black|Kyurem-Black|329\/405
|-ability|p2a: Kyurem-Black|Teravolt
|
|-heal|p2a: Kyurem-Black|354\/405|[from] item: Leftovers
|-heal|p1a: Gliscor|354\/354 tox|[from] ability: Poison Heal
|turn|17
|
|switch|p2a: Keldeo|Keldeo|172\/323
|switch|p1a: Chansey|Chansey, F|641\/641
|
|turn|18
|
|switch|p2a: Heatran|Heatran, F|314\/386
|switch|p1a: Venusaur|Venusaur-Mega, F|262\/364 brn
|
|-heal|p2a: Heatran|338\/386|[from] item: Leftovers
|-damage|p1a: Venusaur|217\/364 brn|[from] brn
|turn|19
|
|move|p1a: Venusaur|Synthesis|p1a: Venusaur
|-heal|p1a: Venusaur|364\/364 brn
|move|p2a: Heatran|Stealth Rock|p1a: Venusaur
|-sidestart|p1: Soberano Fujii|move: Stealth Rock
|
|-heal|p2a: Heatran|362\/386|[from] item: Leftovers
|-damage|p1a: Venusaur|319\/364 brn|[from] brn
|turn|20
|
|switch|p1a: Chansey|Chansey, F|641\/641
|-damage|p1a: Chansey|561\/641|[from] Stealth Rock
|move|p2a: Heatran|Lava Plume|p1a: Chansey
|-damage|p1a: Chansey|507\/641
|
|-heal|p2a: Heatran|386\/386|[from] item: Leftovers
|turn|21
|
|move|p2a: Heatran|Taunt|p1a: Chansey
|-start|p1a: Chansey|move: Taunt
|cant|p1a: Chansey|move: Taunt|Stealth Rock
|
|turn|22
|
|switch|p1a: Gliscor|Gliscor, M|354\/354 tox
|-damage|p1a: Gliscor|310\/354 tox|[from] Stealth Rock
|move|p2a: Heatran|Lava Plume|p1a: Gliscor
|-damage|p1a: Gliscor|162\/354 tox
|
|-heal|p1a: Gliscor|206\/354 tox|[from] ability: Poison Heal
|turn|23
|
|switch|p2a: Kyurem-Black|Kyurem-Black|354\/405
|-ability|p2a: Kyurem-Black|Teravolt
|move|p1a: Gliscor|Earthquake|p2a: Kyurem-Black
|-crit|p2a: Kyurem-Black
|-damage|p2a: Kyurem-Black|177\/405
|
|-heal|p2a: Kyurem-Black|202\/405|[from] item: Leftovers
|-heal|p1a: Gliscor|250\/354 tox|[from] ability: Poison Heal
|turn|24
|
|switch|p1a: Chansey|Chansey, F|507\/641
|-damage|p1a: Chansey|427\/641|[from] Stealth Rock
|move|p2a: Kyurem-Black|Ice Beam|p1a: Chansey
|-damage|p1a: Chansey|348\/641
|
|-heal|p2a: Kyurem-Black|227\/405|[from] item: Leftovers
|turn|25
|
|move|p2a: Kyurem-Black|Fusion Bolt|p1a: Chansey
|-damage|p1a: Chansey|181\/641
|move|p1a: Chansey|Soft-Boiled|p1a: Chansey
|-heal|p1a: Chansey|502\/641
|
|-heal|p2a: Kyurem-Black|252\/405|[from] item: Leftovers
|turn|26
|
|switch|p2a: Keldeo|Keldeo|172\/323
|move|p1a: Chansey|Stealth Rock|p2a: Keldeo
|-sidestart|p2: Hiye|move: Stealth Rock
|
|turn|27
|
|switch|p2a: Heatran|Heatran, F|386\/386
|-damage|p2a: Heatran|338\/386|[from] Stealth Rock
|switch|p1a: Venusaur|Venusaur-Mega, F|319\/364 brn
|-damage|p1a: Venusaur|274\/364 brn|[from] Stealth Rock
|
|-heal|p2a: Heatran|362\/386|[from] item: Leftovers
|-damage|p1a: Venusaur|229\/364 brn|[from] brn
|turn|28
|
|switch|p1a: Gliscor|Gliscor, M|250\/354 tox
|-damage|p1a: Gliscor|206\/354 tox|[from] Stealth Rock
|move|p2a: Heatran|Lava Plume|p1a: Gliscor
|-damage|p1a: Gliscor|53\/354 tox
|
|-heal|p2a: Heatran|386\/386|[from] item: Leftovers
|-heal|p1a: Gliscor|97\/354 tox|[from] ability: Poison Heal
|turn|29
|
|switch|p2a: Scizor|Scizor-Mega, F|123\/344 par
|-damage|p2a: Scizor|80\/344 par|[from] Stealth Rock
|move|p1a: Gliscor|Protect|p1a: Gliscor
|-fail|p1a: Gliscor
|
|-heal|p1a: Gliscor|141\/354 tox|[from] ability: Poison Heal
|turn|30
|
|move|p2a: Scizor|Bullet Punch|p1a: Gliscor
|-damage|p1a: Gliscor|69\/354 tox
|move|p1a: Gliscor|Earthquake|p2a: Scizor
|-damage|p2a: Scizor|0 fnt
|faint|p2a: Scizor
|
|-heal|p1a: Gliscor|113\/354 tox|[from] ability: Poison Heal
|
|switch|p2a: Keldeo|Keldeo|172\/323
|-damage|p2a: Keldeo|152\/323|[from] Stealth Rock
|turn|31
|
|move|p1a: Gliscor|Protect|p1a: Gliscor
|-singleturn|p1a: Gliscor|Protect
|move|p2a: Keldeo|Scald|p1a: Gliscor
|-activate|p1a: Gliscor|Protect
|
|-heal|p1a: Gliscor|157\/354 tox|[from] ability: Poison Heal
|turn|32
|
|switch|p1a: Venusaur|Venusaur-Mega, F|229\/364 brn
|-damage|p1a: Venusaur|184\/364 brn|[from] Stealth Rock
|move|p2a: Keldeo|Scald|p1a: Venusaur
|-resisted|p1a: Venusaur
|-damage|p1a: Venusaur|130\/364 brn
|
|-damage|p1a: Venusaur|85\/364 brn|[from] brn
|turn|33
|
|switch|p2a: Heatran|Heatran, F|386\/386
|-damage|p2a: Heatran|338\/386|[from] Stealth Rock
|move|p1a: Venusaur|Synthesis|p1a: Venusaur
|-heal|p1a: Venusaur|267\/364 brn
|
|-heal|p2a: Heatran|362\/386|[from] item: Leftovers
|-damage|p1a: Venusaur|222\/364 brn|[from] brn
|turn|34
|
|switch|p1a: Chansey|Chansey, F|502\/641
|-damage|p1a: Chansey|422\/641|[from] Stealth Rock
|move|p2a: Heatran|Lava Plume|p1a: Chansey
|-damage|p1a: Chansey|367\/641
|
|-heal|p2a: Heatran|386\/386|[from] item: Leftovers
|turn|35
|
|move|p2a: Heatran|Lava Plume|p1a: Chansey
|-damage|p1a: Chansey|309\/641
|-status|p1a: Chansey|brn
|move|p1a: Chansey|Seismic Toss|p2a: Heatran
|-damage|p2a: Heatran|286\/386
|
|-heal|p2a: Heatran|310\/386|[from] item: Leftovers
|-damage|p1a: Chansey|229\/641 brn|[from] brn
|turn|36
|
|switch|p1a: Zapdos|Zapdos|363\/384
|-damage|p1a: Zapdos|267\/384|[from] Stealth Rock
|-ability|p1a: Zapdos|Pressure
|move|p2a: Heatran|Lava Plume|p1a: Zapdos
|-damage|p1a: Zapdos|144\/384
|-status|p1a: Zapdos|brn
|
|-heal|p1a: Zapdos|168\/384 brn|[from] item: Leftovers
|-heal|p2a: Heatran|334\/386|[from] item: Leftovers
|-damage|p1a: Zapdos|120\/384 brn|[from] brn
|turn|37
|c|★Soberano Fujii|all burn
|c|★Soberano Fujii|lol
|
|move|p1a: Zapdos|Defog|p2a: Heatran
|-unboost|p2a: Heatran|evasion|1
|-sideend|p2: Hiye|Stealth Rock|[from] move: Defog|[of] p2a: Heatran
|-sideend|p1: Soberano Fujii|Stealth Rock|[from] move: Defog|[of] p1a: Zapdos
|move|p2a: Heatran|Lava Plume|p1a: Zapdos
|-damage|p1a: Zapdos|0 fnt
|faint|p1a: Zapdos
|
|-heal|p2a: Heatran|358\/386|[from] item: Leftovers
|c|★Hiye|ya
|
|switch|p1a: Gliscor|Gliscor, M|157\/354 tox
|turn|38
|
|switch|p2a: Kyurem-Black|Kyurem-Black|252\/405
|-ability|p2a: Kyurem-Black|Teravolt
|move|p1a: Gliscor|Earthquake|p2a: Kyurem-Black
|-damage|p2a: Kyurem-Black|129\/405
|
|-heal|p2a: Kyurem-Black|154\/405|[from] item: Leftovers
|-heal|p1a: Gliscor|201\/354 tox|[from] ability: Poison Heal
|turn|39
|
|move|p1a: Gliscor|Protect|p1a: Gliscor
|-singleturn|p1a: Gliscor|Protect
|move|p2a: Kyurem-Black|Ice Beam|p1a: Gliscor
|-activate|p1a: Gliscor|Protect
|
|-heal|p2a: Kyurem-Black|179\/405|[from] item: Leftovers
|-heal|p1a: Gliscor|245\/354 tox|[from] ability: Poison Heal
|turn|40
|
|switch|p1a: Bisharp|Bisharp, M|245\/272
|move|p2a: Kyurem-Black|Ice Beam|p1a: Bisharp
|-resisted|p1a: Bisharp
|-damage|p1a: Bisharp|130\/272
|
|-heal|p2a: Kyurem-Black|204\/405|[from] item: Leftovers
|turn|41
|
|move|p2a: Kyurem-Black|Substitute|p2a: Kyurem-Black
|-start|p2a: Kyurem-Black|Substitute
|-damage|p2a: Kyurem-Black|103\/405
|move|p1a: Bisharp|Knock Off|p2a: Kyurem-Black
|-end|p2a: Kyurem-Black|Substitute
|-damage|p1a: Bisharp|103\/272|[from] item: Life Orb
|
|-heal|p2a: Kyurem-Black|128\/405|[from] item: Leftovers
|turn|42
|
|switch|p2a: Keldeo|Keldeo|152\/323
|switch|p1a: Chansey|Chansey, F|229\/641
|
|turn|43
|
|switch|p2a: Kyurem-Black|Kyurem-Black|128\/405
|-ability|p2a: Kyurem-Black|Teravolt
|move|p1a: Chansey|Thunder Wave|p2a: Kyurem-Black
|-status|p2a: Kyurem-Black|par
|
|-heal|p2a: Kyurem-Black|153\/405 par|[from] item: Leftovers
|turn|44
|
|switch|p2a: Keldeo|Keldeo|152\/323
|move|p1a: Chansey|Soft-Boiled|p1a: Chansey
|-heal|p1a: Chansey|550\/641
|
|turn|45
|
|move|p2a: Keldeo|Secret Sword|p1a: Chansey
|-supereffective|p1a: Chansey
|-damage|p1a: Chansey|76\/641
|move|p1a: Chansey|Thunder Wave|p2a: Keldeo
|-status|p2a: Keldeo|par
|
|turn|46
|
|move|p1a: Chansey|Stealth Rock|p2a: Keldeo
|-sidestart|p2: Hiye|move: Stealth Rock
|move|p2a: Keldeo|Secret Sword|p1a: Chansey
|-supereffective|p1a: Chansey
|-damage|p1a: Chansey|0 fnt
|faint|p1a: Chansey
|
|
|switch|p1a: Gliscor|Gliscor, M|245\/354 tox
|turn|47
|
|move|p1a: Gliscor|Substitute|p1a: Gliscor
|-start|p1a: Gliscor|Substitute
|-damage|p1a: Gliscor|157\/354 tox
|cant|p2a: Keldeo|par
|
|-heal|p1a: Gliscor|201\/354 tox|[from] ability: Poison Heal
|turn|48
|
|move|p1a: Gliscor|Protect|p1a: Gliscor
|-singleturn|p1a: Gliscor|Protect
|cant|p2a: Keldeo|par
|
|-heal|p1a: Gliscor|245\/354 tox|[from] ability: Poison Heal
|turn|49
|
|move|p1a: Gliscor|Earthquake|p2a: Keldeo
|-damage|p2a: Keldeo|19\/323 par
|move|p2a: Keldeo|Scald|p1a: Gliscor
|-supereffective|p1a: Gliscor
|-end|p1a: Gliscor|Substitute
|
|-heal|p1a: Gliscor|289\/354 tox|[from] ability: Poison Heal
|turn|50
|
|move|p1a: Gliscor|Substitute|p1a: Gliscor
|-start|p1a: Gliscor|Substitute
|-damage|p1a: Gliscor|201\/354 tox
|move|p2a: Keldeo|Scald|p1a: Gliscor
|-supereffective|p1a: Gliscor
|-end|p1a: Gliscor|Substitute
|
|-heal|p1a: Gliscor|245\/354 tox|[from] ability: Poison Heal
|turn|51
|
|move|p1a: Gliscor|Substitute|p1a: Gliscor
|-start|p1a: Gliscor|Substitute
|-damage|p1a: Gliscor|157\/354 tox
|move|p2a: Keldeo|Scald|p1a: Gliscor
|-supereffective|p1a: Gliscor
|-end|p1a: Gliscor|Substitute
|
|-heal|p1a: Gliscor|201\/354 tox|[from] ability: Poison Heal
|turn|52
|
|move|p1a: Gliscor|Protect|p1a: Gliscor
|-singleturn|p1a: Gliscor|Protect
|move|p2a: Keldeo|Scald|p1a: Gliscor
|-activate|p1a: Gliscor|Protect
|
|-heal|p1a: Gliscor|245\/354 tox|[from] ability: Poison Heal
|turn|53
|c|★Hiye|im really dumb for doubling...no reason too
|
|move|p1a: Gliscor|Substitute|p1a: Gliscor
|-start|p1a: Gliscor|Substitute
|-damage|p1a: Gliscor|157\/354 tox
|move|p2a: Keldeo|Scald|p1a: Gliscor
|-supereffective|p1a: Gliscor
|-end|p1a: Gliscor|Substitute
|
|-heal|p1a: Gliscor|201\/354 tox|[from] ability: Poison Heal
|turn|54
|
|move|p1a: Gliscor|Substitute|p1a: Gliscor
|-start|p1a: Gliscor|Substitute
|-damage|p1a: Gliscor|113\/354 tox
|move|p2a: Keldeo|Scald|p1a: Gliscor
|-supereffective|p1a: Gliscor
|-end|p1a: Gliscor|Substitute
|
|-heal|p1a: Gliscor|157\/354 tox|[from] ability: Poison Heal
|turn|55
|
|move|p1a: Gliscor|Substitute|p1a: Gliscor
|-start|p1a: Gliscor|Substitute
|-damage|p1a: Gliscor|69\/354 tox
|move|p2a: Keldeo|Scald|p1a: Gliscor
|-supereffective|p1a: Gliscor
|-end|p1a: Gliscor|Substitute
|
|-heal|p1a: Gliscor|113\/354 tox|[from] ability: Poison Heal
|turn|56
|
|move|p1a: Gliscor|Protect|p1a: Gliscor
|-singleturn|p1a: Gliscor|Protect
|move|p2a: Keldeo|Scald|p1a: Gliscor
|-activate|p1a: Gliscor|Protect
|
|-heal|p1a: Gliscor|157\/354 tox|[from] ability: Poison Heal
|turn|57
|c|★Hiye|I need to stop predicting bisharp aswell
|c|★Hiye|they never sucker
|c|★Hiye|y u timerstall
|c|★Hiye|u beat my team already
|
|move|p1a: Gliscor|Substitute|p1a: Gliscor
|-start|p1a: Gliscor|Substitute
|-damage|p1a: Gliscor|69\/354 tox
|move|p2a: Keldeo|Scald|p1a: Gliscor
|-supereffective|p1a: Gliscor
|-end|p1a: Gliscor|Substitute
|
|-heal|p1a: Gliscor|113\/354 tox|[from] ability: Poison Heal
|turn|58
|
|move|p1a: Gliscor|Protect|p1a: Gliscor
|-singleturn|p1a: Gliscor|Protect
|move|p2a: Keldeo|Scald|p1a: Gliscor
|-activate|p1a: Gliscor|Protect
|
|-heal|p1a: Gliscor|157\/354 tox|[from] ability: Poison Heal
|turn|59
|
|move|p1a: Gliscor|Substitute|p1a: Gliscor
|-start|p1a: Gliscor|Substitute
|-damage|p1a: Gliscor|69\/354 tox
|move|p2a: Keldeo|Scald|p1a: Gliscor
|-supereffective|p1a: Gliscor
|-end|p1a: Gliscor|Substitute
|
|-heal|p1a: Gliscor|113\/354 tox|[from] ability: Poison Heal
|turn|60
|c|★Soberano Fujii|LOL
|
|move|p1a: Gliscor|Protect|p1a: Gliscor
|-singleturn|p1a: Gliscor|Protect
|cant|p2a: Keldeo|par
|
|-heal|p1a: Gliscor|157\/354 tox|[from] ability: Poison Heal
|turn|61
|
|move|p1a: Gliscor|Substitute|p1a: Gliscor
|-start|p1a: Gliscor|Substitute
|-damage|p1a: Gliscor|69\/354 tox
|cant|p2a: Keldeo|par
|
|-heal|p1a: Gliscor|113\/354 tox|[from] ability: Poison Heal
|turn|62
|c|★Hiye|what are you doing..
|c|★Hiye|you secured with already
|
|move|p1a: Gliscor|Protect|p1a: Gliscor
|-singleturn|p1a: Gliscor|Protect
|cant|p2a: Keldeo|par
|
|-heal|p1a: Gliscor|157\/354 tox|[from] ability: Poison Heal
|turn|63
|
|move|p1a: Gliscor|Earthquake|p2a: Keldeo
|-damage|p2a: Keldeo|0 fnt
|faint|p2a: Keldeo
|
|-heal|p1a: Gliscor|201\/354 tox|[from] ability: Poison Heal
|
|switch|p2a: Mew|Mew|404\/404
|-damage|p2a: Mew|354\/404|[from] Stealth Rock
|turn|64
|
|move|p1a: Gliscor|Protect|p1a: Gliscor
|-singleturn|p1a: Gliscor|Protect
|move|p2a: Mew|Roost|p2a: Mew
|-heal|p2a: Mew|404\/404
|
|-heal|p1a: Gliscor|245\/354 tox|[from] ability: Poison Heal
|turn|65
|
|move|p2a: Mew|Roost|p2a: Mew
|-fail|p2a: Mew
|move|p1a: Gliscor|Toxic|p2a: Mew|[miss]
|-miss|p1a: Gliscor|p2a: Mew
|
|-heal|p1a: Gliscor|289\/354 tox|[from] ability: Poison Heal
|turn|66
|
|move|p2a: Mew|Roost|p2a: Mew
|-fail|p2a: Mew
|move|p1a: Gliscor|Earthquake|p2a: Mew
|-damage|p2a: Mew|310\/404
|
|-heal|p1a: Gliscor|333\/354 tox|[from] ability: Poison Heal
|turn|67
|
|move|p2a: Mew|Roost|p2a: Mew
|-heal|p2a: Mew|404\/404
|move|p1a: Gliscor|Toxic|p2a: Mew
|-status|p2a: Mew|tox
|
|-damage|p2a: Mew|379\/404 tox|[from] psn
|-heal|p1a: Gliscor|354\/354 tox|[from] ability: Poison Heal
|turn|68
|
|switch|p2a: Landorus-Therian|Landorus-Therian, M|319\/319
|-damage|p2a: Landorus-Therian|280\/319|[from] Stealth Rock
|-activate|p1a: Gliscor|Substitute|ability: Intimidate|[of] p2a: Landorus-Therian
|move|p1a: Gliscor|Protect|p1a: Gliscor
|-fail|p1a: Gliscor
|
|turn|69
|
|move|p2a: Landorus-Therian|U-turn|p1a: Gliscor
|-resisted|p1a: Gliscor
|-activate|p1a: Gliscor|Substitute|[damage]
|
|switch|p2a: Kyurem-Black|Kyurem-Black|153\/405 par
|-damage|p2a: Kyurem-Black|52\/405 par|[from] Stealth Rock
|-ability|p2a: Kyurem-Black|Teravolt
|move|p1a: Gliscor|Toxic|p2a: Kyurem-Black
|-fail|p2a: Kyurem-Black
|
|-heal|p2a: Kyurem-Black|77\/405 par|[from] item: Leftovers
|turn|70
|
|move|p1a: Gliscor|Earthquake|p2a: Kyurem-Black
|-damage|p2a: Kyurem-Black|0 fnt
|faint|p2a: Kyurem-Black
|
|
|switch|p2a: Landorus-Therian|Landorus-Therian, M|280\/319
|-damage|p2a: Landorus-Therian|241\/319|[from] Stealth Rock
|-activate|p1a: Gliscor|Substitute|ability: Intimidate|[of] p2a: Landorus-Therian
|turn|71
|
|move|p2a: Landorus-Therian|Stone Edge|p1a: Gliscor
|-end|p1a: Gliscor|Substitute
|move|p1a: Gliscor|Toxic|p2a: Landorus-Therian
|-status|p2a: Landorus-Therian|tox
|
|-damage|p2a: Landorus-Therian|222\/319 tox|[from] psn
|turn|72
|
|move|p2a: Landorus-Therian|Stone Edge|p1a: Gliscor
|-damage|p1a: Gliscor|254\/354 tox
|move|p1a: Gliscor|Substitute|p1a: Gliscor
|-start|p1a: Gliscor|Substitute
|-damage|p1a: Gliscor|166\/354 tox
|
|-damage|p2a: Landorus-Therian|184\/319 tox|[from] psn
|-heal|p1a: Gliscor|210\/354 tox|[from] ability: Poison Heal
|turn|73
|
|move|p1a: Gliscor|Protect|p1a: Gliscor
|-singleturn|p1a: Gliscor|Protect
|move|p2a: Landorus-Therian|Stone Edge|p1a: Gliscor
|-activate|p1a: Gliscor|Protect
|
|-damage|p2a: Landorus-Therian|127\/319 tox|[from] psn
|-heal|p1a: Gliscor|254\/354 tox|[from] ability: Poison Heal
|turn|74
|c|★Hiye|I can only blame myself for this
|c|★Hiye|gg
|-message|Hiye forfeited.
|
|win|Soberano Fujii
|raw|Ladder updating...
|raw|Soberano Fujii's rating: 1842 &rarr; <strong>1859<\/strong><br \/>(+17 for winning)
|raw|Hiye's rating: 1780 &rarr; <strong>1763<\/strong><br \/>(-17 for losing)
|leave|Hiye
|player|p2