|join|derptiletest
|join|ORAS UU Testing
|player|p1|derptiletest|170
|player|p2|ORAS UU Testing|126
|gametype|singles
|gen|6
|tier|UU
|rated
|rule|Sleep Clause Mod: Limit one foe put to sleep
|rule|Species Clause: Limit one of each Pokémon
|rule|OHKO Clause: OHKO moves are banned
|rule|Moody Clause: Moody is banned
|rule|Evasion Moves Clause: Evasion moves are banned
|rule|Endless Battle Clause: Forcing endless battles is banned
|rule|HP Percentage Mod: HP is shown in percentages
|clearpoke
|poke|p1|Volcarona, M
|poke|p1|Diancie
|poke|p1|Vaporeon, M
|poke|p1|Hippowdon, F, shiny
|poke|p1|Togekiss, M, shiny
|poke|p1|Machamp, F
|poke|p2|Dragalge, F
|poke|p2|Suicune
|poke|p2|Altaria, F
|poke|p2|Krookodile, M
|poke|p2|Bronzong
|poke|p2|Mienshao, M
|rule|Swagger Clause: Swagger is banned
|rule|Baton Pass Clause: Limit one Pokémon knowing Baton Pass
|teampreview
|
|start
|switch|p1a: Machamp|Machamp, F|346\/346
|switch|p2a: Dragalge|Dragalge, F|271\/271
|turn|1
|
|move|p1a: Machamp|Knock Off|p2a: Dragalge
|-damage|p2a: Dragalge|151\/271
|-enditem|p2a: Dragalge|Choice Specs|[from] move: Knock Off|[of] p1a: Machamp
|move|p2a: Dragalge|Sludge Wave|p1a: Machamp
|-damage|p1a: Machamp|180\/346
|-status|p1a: Machamp|psn
|
|-damage|p1a: Machamp|137\/346 psn|[from] psn
|turn|2
|
|switch|p1a: Vaporeon|Vaporeon, M|464\/464
|switch|p2a: Altaria|Altaria, F|312\/312
|
|turn|3
|
|detailschange|p2a: Altaria|Altaria-Mega, F
|message|Altaria has Mega Evolved into Mega Altaria!
|move|p2a: Altaria|Dragon Dance|p2a: Altaria
|-boost|p2a: Altaria|atk|1
|-boost|p2a: Altaria|spe|1
|move|p1a: Vaporeon|Wish|p1a: Vaporeon
|
|turn|4
|
|switch|p1a: Hippowdon|Hippowdon, F, shiny|404\/404
|move|p2a: Altaria|Dragon Dance|p2a: Altaria
|-boost|p2a: Altaria|atk|1
|-boost|p2a: Altaria|spe|1
|
|turn|5
|
|move|p2a: Altaria|Frustration|p1a: Hippowdon
|-damage|p1a: Hippowdon|103\/404
|move|p1a: Hippowdon|Roar|p2a: Altaria
|drag|p2a: Bronzong|Bronzong|338\/338
|
|-heal|p1a: Hippowdon|128\/404|[from] item: Leftovers
|turn|6
|
|move|p1a: Hippowdon|Slack Off|p1a: Hippowdon
|-heal|p1a: Hippowdon|330\/404
|move|p2a: Bronzong|Toxic|p1a: Hippowdon
|-status|p1a: Hippowdon|tox
|
|-heal|p1a: Hippowdon|355\/404 tox|[from] item: Leftovers
|-damage|p1a: Hippowdon|330\/404 tox|[from] psn
|turn|7
|
|move|p1a: Hippowdon|Stealth Rock|p2a: Bronzong
|-sidestart|p2: ORAS UU Testing|move: Stealth Rock
|move|p2a: Bronzong|Stealth Rock|p1a: Hippowdon
|-sidestart|p1: derptiletest|move: Stealth Rock
|
|-heal|p1a: Hippowdon|355\/404 tox|[from] item: Leftovers
|-damage|p1a: Hippowdon|305\/404 tox|[from] psn
|turn|8
|
|switch|p1a: Vaporeon|Vaporeon, M|464\/464
|-damage|p1a: Vaporeon|406\/464|[from] Stealth Rock
|switch|p2a: Altaria|Altaria-Mega, F|312\/312
|-damage|p2a: Altaria|273\/312|[from] Stealth Rock
|
|-heal|p1a: Vaporeon|435\/464|[from] item: Leftovers
|turn|9
|
|switch|p1a: Togekiss|Togekiss, M, shiny|361\/361
|-damage|p1a: Togekiss|271\/361|[from] Stealth Rock
|move|p2a: Altaria|Dragon Dance|p2a: Altaria
|-boost|p2a: Altaria|atk|1
|-boost|p2a: Altaria|spe|1
|
|-heal|p1a: Togekiss|293\/361|[from] item: Leftovers
|turn|10
|
|move|p2a: Altaria|Frustration|p1a: Togekiss
|-damage|p1a: Togekiss|29\/361
|move|p1a: Togekiss|Thunder Wave|p2a: Altaria
|-status|p2a: Altaria|par
|
|-heal|p1a: Togekiss|51\/361|[from] item: Leftovers
|turn|11
|
|switch|p2a: Suicune|Suicune|367\/367
|-damage|p2a: Suicune|322\/367|[from] Stealth Rock
|-ability|p2a: Suicune|Pressure
|move|p1a: Togekiss|Air Slash|p2a: Suicune
|-crit|p2a: Suicune
|-damage|p2a: Suicune|171\/367
|
|-heal|p2a: Suicune|193\/367|[from] item: Leftovers
|-heal|p1a: Togekiss|73\/361|[from] item: Leftovers
|turn|12
|
|switch|p1a: Vaporeon|Vaporeon, M|435\/464
|-damage|p1a: Vaporeon|377\/464|[from] Stealth Rock
|move|p2a: Suicune|Ice Beam|p1a: Vaporeon
|-resisted|p1a: Vaporeon
|-damage|p1a: Vaporeon|329\/464
|
|-heal|p2a: Suicune|215\/367|[from] item: Leftovers
|-heal|p1a: Vaporeon|358\/464|[from] item: Leftovers
|turn|13
|
|switch|p2a: Altaria|Altaria-Mega, F|273\/312 par
|-damage|p2a: Altaria|234\/312 par|[from] Stealth Rock
|move|p1a: Vaporeon|Wish|p1a: Vaporeon
|
|-heal|p1a: Vaporeon|387\/464|[from] item: Leftovers
|turn|14
|
|switch|p1a: Hippowdon|Hippowdon, F, shiny|305\/404 tox
|-damage|p1a: Hippowdon|280\/404 tox|[from] Stealth Rock
|move|p2a: Altaria|Heal Bell|p2a: Altaria
|-cureteam|p2a: Altaria|[from] move: HealBell
|
|-heal|p1a: Hippowdon|404\/404 tox|[from] move: Wish|[wisher] Vaporeon
|-damage|p1a: Hippowdon|379\/404 tox|[from] psn
|turn|15
|
|move|p2a: Altaria|Frustration|p1a: Hippowdon
|-crit|p1a: Hippowdon
|-damage|p1a: Hippowdon|166\/404 tox
|move|p1a: Hippowdon|Earthquake|p2a: Altaria
|-damage|p2a: Altaria|105\/312
|
|-heal|p1a: Hippowdon|191\/404 tox|[from] item: Leftovers
|-damage|p1a: Hippowdon|141\/404 tox|[from] psn
|turn|16
|
|move|p2a: Altaria|Roost|p2a: Altaria
|-heal|p2a: Altaria|261\/312
|move|p1a: Hippowdon|Roar|p2a: Altaria
|drag|p2a: Suicune|Suicune|215\/367
|-damage|p2a: Suicune|170\/367|[from] Stealth Rock
|-ability|p2a: Suicune|Pressure
|
|-heal|p2a: Suicune|192\/367|[from] item: Leftovers
|-heal|p1a: Hippowdon|166\/404 tox|[from] item: Leftovers
|-damage|p1a: Hippowdon|91\/404 tox|[from] psn
|turn|17
|
|move|p2a: Suicune|Ice Beam|p1a: Hippowdon
|-supereffective|p1a: Hippowdon
|-damage|p1a: Hippowdon|0 fnt
|faint|p1a: Hippowdon
|
|-heal|p2a: Suicune|214\/367|[from] item: Leftovers
|
|switch|p1a: Machamp|Machamp, F|137\/346 psn
|-damage|p1a: Machamp|116\/346 psn|[from] Stealth Rock
|turn|18
|
|move|p2a: Suicune|Substitute|p2a: Suicune
|-start|p2a: Suicune|Substitute
|-damage|p2a: Suicune|123\/367
|move|p1a: Machamp|Close Combat|p2a: Suicune
|-end|p2a: Suicune|Substitute
|-unboost|p1a: Machamp|def|1
|-unboost|p1a: Machamp|spd|1
|
|-heal|p2a: Suicune|145\/367|[from] item: Leftovers
|-damage|p1a: Machamp|73\/346 psn|[from] psn
|turn|19
|
|switch|p2a: Bronzong|Bronzong|338\/338
|-damage|p2a: Bronzong|317\/338|[from] Stealth Rock
|move|p1a: Machamp|Close Combat|p2a: Bronzong
|-damage|p2a: Bronzong|82\/338
|-unboost|p1a: Machamp|def|1
|-unboost|p1a: Machamp|spd|1
|
|-heal|p2a: Bronzong|103\/338|[from] item: Leftovers
|-damage|p1a: Machamp|30\/346 psn|[from] psn
|turn|20
|
|move|p1a: Machamp|Close Combat|p2a: Bronzong
|-damage|p2a: Bronzong|0 fnt
|-unboost|p1a: Machamp|def|1
|-unboost|p1a: Machamp|spd|1
|faint|p2a: Bronzong
|
|-damage|p1a: Machamp|0 fnt|[from] psn
|faint|p1a: Machamp
|
|switch|p2a: Mienshao|Mienshao, M|271\/271
|switch|p1a: Diancie|Diancie|241\/241
|-damage|p2a: Mienshao|255\/271|[from] Stealth Rock
|-damage|p1a: Diancie|211\/241|[from] Stealth Rock
|turn|21
|
|switch|p1a: Togekiss|Togekiss, M, shiny|73\/361
|-damage|p1a: Togekiss|0 fnt|[from] Stealth Rock
|faint|p1a: Togekiss
|move|p2a: Mienshao|High Jump Kick|p1: Togekiss|[notarget]
|-notarget
|
|
|switch|p1a: Vaporeon|Vaporeon, M|387\/464
|-damage|p1a: Vaporeon|329\/464|[from] Stealth Rock
|turn|22
|
|switch|p2a: Dragalge|Dragalge, F|151\/271
|-damage|p2a: Dragalge|118\/271|[from] Stealth Rock
|switch|p1a: Diancie|Diancie|211\/241
|-damage|p1a: Diancie|181\/241|[from] Stealth Rock
|
|turn|23
|
|detailschange|p1a: Diancie|Diancie-Mega
|message|Diancie has Mega Evolved into Mega Diancie!
|move|p1a: Diancie|Moonblast|p2a: Dragalge
|-damage|p2a: Dragalge|0 fnt
|faint|p2a: Dragalge
|
|
|switch|p2a: Mienshao|Mienshao, M|255\/271
|-damage|p2a: Mienshao|239\/271|[from] Stealth Rock
|turn|24
|
|move|p2a: Mienshao|High Jump Kick|p1a: Diancie
|-damage|p1a: Diancie|0 fnt
|faint|p1a: Diancie
|
|
|switch|p1a: Volcarona|Volcarona, M|312\/312
|-damage|p1a: Volcarona|156\/312|[from] Stealth Rock
|turn|25
|
|move|p2a: Mienshao|High Jump Kick|p1a: Volcarona
|-crit|p1a: Volcarona
|-resisted|p1a: Volcarona
|-damage|p1a: Volcarona|0 fnt
|faint|p1a: Volcarona
|
|-message|derptiletest forfeited.
|
|win|ORAS UU Testing
|raw|Ladder updating...
|leave|derptiletest
|player|p1
|raw|derptiletest's rating: 1348 &rarr; <strong>1325<\/strong><br \/>(-23 for losing)
|raw|ORAS UU Testing's rating: 1305 &rarr; <strong>1328<\/strong><br \/>(+23 for winning)