|join|ORAS UU Testing
|join|Ahabb
|player|p1|ORAS UU Testing|126
|player|p2|Ahabb|1
|gametype|singles
|gen|6
|tier|UU
|rule|Sleep Clause Mod: Limit one foe put to sleep
|rule|Species Clause: Limit one of each Pokémon
|rule|OHKO Clause: OHKO moves are banned
|rule|Moody Clause: Moody is banned
|rule|Evasion Moves Clause: Evasion moves are banned
|rule|Endless Battle Clause: Forcing endless battles is banned
|rule|HP Percentage Mod: HP is shown in percentages
|clearpoke
|poke|p1|Slowking, F
|poke|p1|Diancie
|poke|p1|Cofagrigus, F
|poke|p1|Rhyperior, F
|poke|p1|Escavalier, F
|poke|p1|Omastar, F
|poke|p2|Diancie
|poke|p2|Suicune
|poke|p2|Raikou
|poke|p2|Azelf
|poke|p2|Krookodile, F
|poke|p2|Alakazam, F
|rule|Swagger Clause: Swagger is banned
|rule|Baton Pass Clause: Limit one Pokémon knowing Baton Pass
|teampreview
|c|★Ahabb|mega diancie :D
|join|UU topkek
|c| UU topkek|kek
|c| UU topkek|what is this
|
|start
|switch|p1a: Omastar|Omastar, F|281\/281
|switch|p2a: Azelf|Azelf|292\/292
|turn|1
|c| UU topkek|team
|c|★Ahabb|eww
|c|★ORAS UU Testing|my fun team is here
|c|★Ahabb|shut up you
|c| UU topkek|>fun
|c| UU topkek|the team is just
|
|move|p2a: Azelf|Taunt|p1a: Omastar
|-start|p1a: Omastar|move: Taunt
|move|p1a: Omastar|Scald|p2a: Azelf
|-damage|p2a: Azelf|111\/292
|-status|p2a: Azelf|brn
|
|-damage|p2a: Azelf|75\/292 brn|[from] brn
|turn|2
|c| UU topkek|.-.
|c| UU topkek|ooh
|c| UU topkek|plays made
|
|move|p2a: Azelf|Stealth Rock|p1a: Omastar
|-sidestart|p1: ORAS UU Testing|move: Stealth Rock
|move|p1a: Omastar|Scald|p2a: Azelf
|-damage|p2a: Azelf|0 fnt
|faint|p2a: Azelf
|
|join|Cynde
|
|switch|p2a: Raikou|Raikou|322\/322
|-ability|p2a: Raikou|Pressure
|turn|3
|c| Cynde|oh its
|
|move|p2a: Raikou|Volt Switch|p1a: Omastar
|-supereffective|p1a: Omastar
|-enditem|p1a: Omastar|Focus Sash
|-damage|p1a: Omastar|1\/281
|join|DracoMaster Mikasa
|c| Cynde|LORD HELIX
|c| UU topkek|plays
|c|★Ahabb|wut
|c| UU topkek|were made
|c| UU topkek|sigh
|
|switch|p2a: Suicune|Suicune|367\/367
|-ability|p2a: Suicune|Pressure
|move|p1a: Omastar|Scald|p2a: Suicune
|-resisted|p2a: Suicune
|-damage|p2a: Suicune|313\/367
|
|-heal|p2a: Suicune|335\/367|[from] item: Leftovers
|-end|p1a: Omastar|move: Taunt
|turn|4
|
|move|p2a: Suicune|Scald|p1a: Omastar
|-crit|p1a: Omastar
|-damage|p1a: Omastar|0 fnt
|faint|p1a: Omastar
|
|-heal|p2a: Suicune|357\/367|[from] item: Leftovers
|c| UU topkek|where is ur anti-lead
|c| Cynde|where is the #1 TR glass cannon?
|
|switch|p1a: Slowking|Slowking, F|394\/394
|-damage|p1a: Slowking|345\/394|[from] Stealth Rock
|turn|5
|c| UU topkek|gg eyan no hazards
|c| UU topkek|0\/10
|leave|DracoMaster Mikasa
|c| Cynde|rampardos...
|c|★Ahabb|i realize now....
|c|★Ahabb|this is TR
|c| Cynde|smh
|c| UU topkek|no shit
|c|★ORAS UU Testing|lol
|c| UU topkek|smh
|c| Cynde|NOW????
|
|move|p2a: Suicune|Substitute|p2a: Suicune
|-start|p2a: Suicune|Substitute
|-damage|p2a: Suicune|266\/367
|move|p1a: Slowking|Trick Room|p1a: Slowking
|-fieldstart|move: Trick Room|[of] p1a: Slowking
|
|-heal|p2a: Suicune|288\/367|[from] item: Leftovers
|turn|6
|c| UU topkek|ooh
|c|★Ahabb|yeah
|c| UU topkek|plays
|c|★Ahabb|now lol
|c| Cynde|its obvious as hell
|c| UU topkek|were made
|c| Cynde|he has a escav
|c|★Ahabb|too lazy to focus right from the start :P
|c| UU topkek|what does eyan have
|c| Cynde|*an
|c| UU topkek|for this>
|c| UU topkek|?
|
|move|p1a: Slowking|Nasty Plot|p1a: Slowking
|-boost|p1a: Slowking|spa|2
|move|p2a: Suicune|Scald|p1a: Slowking
|-resisted|p1a: Slowking
|-damage|p1a: Slowking|291\/394
|
|-heal|p2a: Suicune|310\/367|[from] item: Leftovers
|turn|7
|c| UU topkek|damn
|c| UU topkek|g.g
|c| Cynde|he had lord helix
|
|move|p1a: Slowking|Psyshock|p2a: Suicune
|-end|p2a: Suicune|Substitute
|move|p2a: Suicune|Scald|p1a: Slowking
|-resisted|p1a: Slowking
|-damage|p1a: Slowking|240\/394
|
|-heal|p2a: Suicune|332\/367|[from] item: Leftovers
|turn|8
|c| UU topkek|too real
|c| Cynde|lord helix would have solved all the problems
|
|move|p1a: Slowking|Scald|p2a: Suicune
|-resisted|p2a: Suicune
|-damage|p2a: Suicune|221\/367
|move|p2a: Suicune|Scald|p1a: Slowking
|-resisted|p1a: Slowking
|-damage|p1a: Slowking|179\/394
|
|-heal|p2a: Suicune|243\/367|[from] item: Leftovers
|turn|9
|c| UU topkek|get swept by slowking
|c|★ORAS UU Testing|where my burn
|c| Cynde|http:\/\/askhelixfossil.com\/#ppcewg
|
|move|p1a: Slowking|Psyshock|p2a: Suicune
|-damage|p2a: Suicune|32\/367
|move|p2a: Suicune|Scald|p1a: Slowking
|-resisted|p1a: Slowking
|-damage|p1a: Slowking|118\/394
|-status|p1a: Slowking|brn
|
|-heal|p2a: Suicune|54\/367|[from] item: Leftovers
|-damage|p1a: Slowking|69\/394 brn|[from] brn
|-fieldend|move: Trick Room
|turn|10
|c|★ORAS UU Testing|ok
|c| Cynde|hax
|join|DracoMaster Mikasa
|
|switch|p2a: Krookodile|Krookodile, F|331\/331
|-ability|p2a: Krookodile|Intimidate|[of] p1a: Slowking
|-unboost|p1a: Slowking|atk|1
|move|p1a: Slowking|Trick Room|p1a: Slowking
|-fieldstart|move: Trick Room|[of] p1a: Slowking
|
|-damage|p1a: Slowking|20\/394 brn|[from] brn
|turn|11
|
|switch|p2a: Suicune|Suicune|54\/367
|-ability|p2a: Suicune|Pressure
|move|p1a: Slowking|Scald|p2a: Suicune
|-resisted|p2a: Suicune
|-damage|p2a: Suicune|0 fnt
|faint|p2a: Suicune
|
|-damage|p1a: Slowking|0 fnt|[from] brn
|faint|p1a: Slowking
|c| UU topkek|tr is still up
|
|switch|p1a: Escavalier|Escavalier, F|344\/344
|switch|p2a: Krookodile|Krookodile, F|331\/331
|-damage|p1a: Escavalier|301\/344|[from] Stealth Rock
|-ability|p2a: Krookodile|Intimidate|[of] p1a: Escavalier
|-unboost|p1a: Escavalier|atk|1
|turn|12
|c| UU topkek|escavalier come in
|c|★Ahabb|yeah :l
|c| Cynde|threat
|c| UU topkek|6-0 team
|c| Cynde|mega horn everything
|
|move|p1a: Escavalier|Megahorn|p2a: Krookodile
|-supereffective|p2a: Krookodile
|-damage|p2a: Krookodile|0 fnt
|faint|p2a: Krookodile
|
|c| DracoMaster Mikasa|miss
|c| UU topkek|g
|c| UU topkek|g
|
|switch|p2a: Alakazam|Alakazam, F|251\/251
|turn|13
|
|move|p1a: Escavalier|Megahorn|p2a: Alakazam
|-supereffective|p2a: Alakazam
|-enditem|p2a: Alakazam|Focus Sash
|-damage|p2a: Alakazam|1\/251
|move|p2a: Alakazam|Hidden Power|p1a: Escavalier
|-supereffective|p1a: Escavalier
|-damage|p1a: Escavalier|5\/344
|
|turn|14
|c| UU topkek|nice hp fire zam
|c| UU topkek|lmao
|c| Cynde|damage
|c| UU topkek|didn't kill
|c| Cynde|REKT
|c|★Ahabb|:c
|c| UU topkek|what a lord
|c|★ORAS UU Testing|don't miss
|c|★ORAS UU Testing|don't miss
|
|switch|p2a: Diancie|Diancie|241\/241
|move|p1a: Escavalier|Megahorn|p2a: Diancie
|-resisted|p2a: Diancie
|-damage|p2a: Diancie|151\/241
|
|-fieldend|move: Trick Room
|turn|15
|c| UU topkek|miss
|c| UU topkek|miss
|c| UU topkek|miss
|c| UU topkek|miss
|c| UU topkek|aww
|c| Cynde|why the fuck is this thing so god damn strong
|c| UU topkek|its banded
|c| UU topkek|lmao
|c| DracoMaster Mikasa|why run hp fire in uu
|c| DracoMaster Mikasa|cm diancie plz
|c| Cynde|o
|c|★Ahabb|ofc its banded
|c| DracoMaster Mikasa|FUCKING LASGIAJSFOIASJDFOAOFJDFUHFAODHFSOFHAODFAIFAIODFJAOIJFA
|c|★Ahabb|cynde you idiot
|c| UU topkek|jnocnaoicnocnclkacnalknc
|c| Cynde|:3
|c| Cynde|i c av escav a lot
|
|detailschange|p2a: Diancie|Diancie-Mega
|message|Diancie has Mega Evolved into Mega Diancie!
|move|p2a: Diancie|Moonblast|p1a: Escavalier
|-crit|p1a: Escavalier
|-resisted|p1a: Escavalier
|-damage|p1a: Escavalier|0 fnt
|faint|p1a: Escavalier
|
|c| UU topkek|!rekt
|
|switch|p1a: Cofagrigus|Cofagrigus, F|320\/320
|-damage|p1a: Cofagrigus|280\/320|[from] Stealth Rock
|turn|16
|c| UU topkek|u could have just gone to rhy
|
|move|p2a: Diancie|Moonblast|p1a: Cofagrigus
|-damage|p1a: Cofagrigus|69\/320
|move|p1a: Cofagrigus|Trick Room|p1a: Cofagrigus
|-fieldstart|move: Trick Room|[of] p1a: Cofagrigus
|
|-heal|p1a: Cofagrigus|89\/320|[from] item: Leftovers
|turn|17
|c| Cynde|!git fucked
|c| UU topkek|and clicked eq
|c| UU topkek|.-.
|c| UU topkek|but meh
|
|move|p1a: Cofagrigus|Shadow Ball|p2a: Diancie
|-damage|p2a: Diancie|39\/241
|-unboost|p2a: Diancie|spd|1
|move|p2a: Diancie|Moonblast|p1a: Cofagrigus
|-damage|p1a: Cofagrigus|0 fnt
|faint|p1a: Cofagrigus
|
|c| UU topkek|gg ahabb
|
|switch|p1a: Rhyperior|Rhyperior, F|434\/434
|-damage|p1a: Rhyperior|407\/434|[from] Stealth Rock
|turn|18
|c| DracoMaster Mikasa|geting TR up won him the game
|c| UU topkek|not good enough
|c| Cynde|nasty plot here predicting the miss
|c|★Ahabb|gg wp
|c| DracoMaster Mikasa|why would he go to rhy
|
|move|p1a: Rhyperior|Earthquake|p2a: Diancie
|-supereffective|p2a: Diancie
|-damage|p2a: Diancie|0 fnt
|-damage|p1a: Rhyperior|364\/434|[from] item: Life Orb
|faint|p2a: Diancie
|
|c|★ORAS UU Testing|gg
|
|switch|p2a: Raikou|Raikou|322\/322
|-ability|p2a: Raikou|Pressure
|turn|19
|c| UU topkek|!rekt
|c| Cynde|LIFE ORB :O
|
|move|p1a: Rhyperior|Earthquake|p2a: Raikou
|-supereffective|p2a: Raikou
|-damage|p2a: Raikou|0 fnt
|-damage|p1a: Rhyperior|321\/434|[from] item: Life Orb
|faint|p2a: Raikou
|
|c| Cynde|what a god
|join|Mystialized
|c| UU topkek|#1 way to win against TR
|c|★ORAS UU Testing|Its SD
|c|★Ahabb|sigh
|
|switch|p2a: Alakazam|Alakazam, F|1\/251
|turn|20
|c| UU topkek|don't let him set up TR
|c| UU topkek|ah
|c| UU topkek|....
|c| Cynde|wynaut rampardos
|
|move|p1a: Rhyperior|Earthquake|p2a: Alakazam
|-damage|p2a: Alakazam|0 fnt
|-damage|p1a: Rhyperior|278\/434|[from] item: Life Orb
|faint|p2a: Alakazam
|
|win|ORAS UU Testing
|c| Cynde|??
|c| Mystialized|ooh TR team
|c| Cynde|#1 glass cannon