|join|123ergvb
|join|Schubbi
|player|p1|123ergvb|169
|player|p2|Schubbi|101
|gametype|singles
|gen|6
|tier|UU
|rated
|rule|Sleep Clause Mod: Limit one foe put to sleep
|rule|Species Clause: Limit one of each Pokémon
|rule|OHKO Clause: OHKO moves are banned
|rule|Moody Clause: Moody is banned
|rule|Evasion Moves Clause: Evasion moves are banned
|rule|Endless Battle Clause: Forcing endless battles is banned
|rule|HP Percentage Mod: HP is shown in percentages
|clearpoke
|poke|p1|Crobat, M
|poke|p1|Rotom-Heat
|poke|p1|Gourgeist-*, F
|poke|p1|Flygon, M
|poke|p1|Houndoom, M
|poke|p1|Forretress, M
|poke|p2|Pidgeot, M
|poke|p2|Lucario, M
|poke|p2|Forretress, F, shiny
|poke|p2|Swampert, F
|poke|p2|Florges, F
|poke|p2|Krookodile, F
|rule|Swagger Clause: Swagger is banned
|rule|Baton Pass Clause: Limit one Pokémon knowing Baton Pass
|teampreview
|
|start
|switch|p1a: Flygon|Flygon, M|302\/302
|switch|p2a: DaBozzInDaHood|Pidgeot, M|307\/307
|turn|1
|
|detailschange|p2a: DaBozzInDaHood|Pidgeot-Mega, M
|message|Pidgeot has Mega Evolved into Mega Pidgeot!
|move|p1a: Flygon|Rock Slide|p2a: DaBozzInDaHood
|-supereffective|p2a: DaBozzInDaHood
|-damage|p2a: DaBozzInDaHood|113\/307
|move|p2a: DaBozzInDaHood|U-turn|p1a: Flygon
|-damage|p1a: Flygon|255\/302
|
|switch|p2a: TeamPLAYER|Swampert, F|404\/404
|
|turn|2
|
|switch|p1a: Forretress|Forretress, M|354\/354
|move|p2a: TeamPLAYER|Stealth Rock|p1a: Forretress
|-sidestart|p1: 123ergvb|move: Stealth Rock
|
|turn|3
|
|switch|p2a: DaBozzInDaHood|Pidgeot-Mega, M|113\/307
|move|p1a: Forretress|Stealth Rock|p2a: DaBozzInDaHood
|-sidestart|p2: Schubbi|move: Stealth Rock
|
|turn|4
|
|switch|p1a: Rotom-Heat|Rotom-Heat|304\/304
|-damage|p1a: Rotom-Heat|228\/304|[from] Stealth Rock
|move|p2a: DaBozzInDaHood|Roost|p2a: DaBozzInDaHood
|-heal|p2a: DaBozzInDaHood|267\/307
|
|-heal|p1a: Rotom-Heat|247\/304|[from] item: Leftovers
|turn|5
|
|move|p2a: DaBozzInDaHood|U-turn|p1a: Rotom-Heat
|-resisted|p1a: Rotom-Heat
|-damage|p1a: Rotom-Heat|228\/304
|
|switch|p2a: TeamPLAYER|Swampert, F|404\/404
|-damage|p2a: TeamPLAYER|379\/404|[from] Stealth Rock
|move|p1a: Rotom-Heat|Volt Switch|p2a: TeamPLAYER
|-immune|p2a: TeamPLAYER|[msg]
|
|-heal|p1a: Rotom-Heat|247\/304|[from] item: Leftovers
|-heal|p2a: TeamPLAYER|404\/404|[from] item: Leftovers
|turn|6
|
|move|p1a: Rotom-Heat|Will-O-Wisp|p2a: TeamPLAYER
|-status|p2a: TeamPLAYER|brn
|move|p2a: TeamPLAYER|Scald|p1a: Rotom-Heat
|-supereffective|p1a: Rotom-Heat
|-damage|p1a: Rotom-Heat|131\/304
|
|-heal|p1a: Rotom-Heat|150\/304|[from] item: Leftovers
|-damage|p2a: TeamPLAYER|354\/404 brn|[from] brn
|turn|7
|
|switch|p1a: Gourgeist-Super|Gourgeist-Super, F|374\/374
|-damage|p1a: Gourgeist-Super|328\/374|[from] Stealth Rock
|-item|p2a: TeamPLAYER|Leftovers|[from] ability: Frisk|[of] p1a: Gourgeist-Super|[identify]
|move|p2a: TeamPLAYER|Toxic|p1a: Gourgeist-Super
|-status|p1a: Gourgeist-Super|tox
|
|-heal|p1a: Gourgeist-Super|351\/374 tox|[from] item: Leftovers
|-heal|p2a: TeamPLAYER|379\/404 brn|[from] item: Leftovers
|-damage|p1a: Gourgeist-Super|328\/374 tox|[from] psn
|-damage|p2a: TeamPLAYER|329\/404 brn|[from] brn
|turn|8
|
|switch|p2a: Florges|Florges, F|360\/360
|-damage|p2a: Florges|315\/360|[from] Stealth Rock
|move|p1a: Gourgeist-Super|Leech Seed|p2a: Florges
|-start|p2a: Florges|move: Leech Seed
|
|-heal|p2a: Florges|337\/360|[from] item: Leftovers
|-heal|p1a: Gourgeist-Super|351\/374 tox|[from] item: Leftovers
|-damage|p2a: Florges|292\/360|[from] Leech Seed|[of] p1a: Gourgeist-Super
|-heal|p1a: Gourgeist-Super|374\/374 tox|[silent]
|-damage|p1a: Gourgeist-Super|328\/374 tox|[from] psn
|turn|9
|
|switch|p1a: Rotom-Heat|Rotom-Heat|150\/304
|-damage|p1a: Rotom-Heat|74\/304|[from] Stealth Rock
|move|p2a: Florges|Aromatherapy|p2a: Florges
|-cureteam|p2a: Florges|[from] move: Aromatherapy
|
|-heal|p1a: Rotom-Heat|93\/304|[from] item: Leftovers
|-heal|p2a: Florges|314\/360|[from] item: Leftovers
|-damage|p2a: Florges|269\/360|[from] Leech Seed|[of] p1a: Rotom-Heat
|-heal|p1a: Rotom-Heat|138\/304|[silent]
|turn|10
|
|switch|p2a: Krookodile|Krookodile, F|331\/331
|-damage|p2a: Krookodile|311\/331|[from] Stealth Rock
|-ability|p2a: Krookodile|Intimidate|[of] p1a: Rotom-Heat
|-unboost|p1a: Rotom-Heat|atk|1
|move|p1a: Rotom-Heat|Will-O-Wisp|p2a: Krookodile
|-status|p2a: Krookodile|brn
|
|-heal|p1a: Rotom-Heat|157\/304|[from] item: Leftovers
|-damage|p2a: Krookodile|270\/331 brn|[from] brn
|turn|11
|
|switch|p1a: Forretress|Forretress, M|354\/354
|-damage|p1a: Forretress|310\/354|[from] Stealth Rock
|move|p2a: Krookodile|Stone Edge|p1a: Forretress
|-crit|p1a: Forretress
|-damage|p1a: Forretress|236\/354
|
|-damage|p2a: Krookodile|229\/331 brn|[from] brn
|turn|12
|
|switch|p2a: DaBozzInDaHood|Pidgeot-Mega, M|267\/307
|-damage|p2a: DaBozzInDaHood|191\/307|[from] Stealth Rock
|move|p1a: Forretress|Rapid Spin|p2a: DaBozzInDaHood
|-crit|p2a: DaBozzInDaHood
|-damage|p2a: DaBozzInDaHood|165\/307
|-sideend|p1: 123ergvb|Stealth Rock|[from] move: Rapid Spin|[of] p1a: Forretress
|
|turn|13
|
|move|p2a: DaBozzInDaHood|Hurricane|p1a: Forretress
|-damage|p1a: Forretress|0 fnt
|faint|p1a: Forretress
|
|
|switch|p1a: Crobat|Crobat, M|312\/312
|turn|14
|
|switch|p2a: TeamPLAYER|Swampert, F|329\/404
|-damage|p2a: TeamPLAYER|304\/404|[from] Stealth Rock
|move|p1a: Crobat|Brave Bird|p2a: TeamPLAYER
|-damage|p2a: TeamPLAYER|96\/404
|-damage|p1a: Crobat|243\/312|[from] recoil|[of] p2a: TeamPLAYER
|
|-heal|p2a: TeamPLAYER|121\/404|[from] item: Leftovers
|turn|15
|
|move|p1a: Crobat|Brave Bird|p2a: TeamPLAYER
|-damage|p2a: TeamPLAYER|0 fnt
|-damage|p1a: Crobat|203\/312|[from] recoil|[of] p2a: TeamPLAYER
|faint|p2a: TeamPLAYER
|
|
|switch|p2a: Snitch|Forretress, F, shiny|354\/354
|-damage|p2a: Snitch|310\/354|[from] Stealth Rock
|turn|16
|
|switch|p1a: Gourgeist-Super|Gourgeist-Super, F|328\/374 tox
|-item|p2a: Snitch|Leftovers|[from] ability: Frisk|[of] p1a: Gourgeist-Super|[identify]
|move|p2a: Snitch|Volt Switch|p1a: Gourgeist-Super
|-resisted|p1a: Gourgeist-Super
|-damage|p1a: Gourgeist-Super|305\/374 tox
|
|switch|p2a: DaBozzInDaHood|Pidgeot-Mega, M|165\/307
|-damage|p2a: DaBozzInDaHood|89\/307|[from] Stealth Rock
|
|-heal|p1a: Gourgeist-Super|328\/374 tox|[from] item: Leftovers
|-damage|p1a: Gourgeist-Super|305\/374 tox|[from] psn
|turn|17
|
|switch|p1a: Rotom-Heat|Rotom-Heat|157\/304
|move|p2a: DaBozzInDaHood|Hurricane|p1a: Rotom-Heat
|-resisted|p1a: Rotom-Heat
|-damage|p1a: Rotom-Heat|91\/304
|-start|p1a: Rotom-Heat|confusion
|
|-heal|p1a: Rotom-Heat|110\/304|[from] item: Leftovers
|turn|18
|
|move|p2a: DaBozzInDaHood|Roost|p2a: DaBozzInDaHood
|-heal|p2a: DaBozzInDaHood|243\/307
|-activate|p1a: Rotom-Heat|confusion
|-damage|p1a: Rotom-Heat|90\/304|[from] confusion
|
|-heal|p1a: Rotom-Heat|109\/304|[from] item: Leftovers
|turn|19
|
|move|p2a: DaBozzInDaHood|Hurricane|p1a: Rotom-Heat
|-resisted|p1a: Rotom-Heat
|-damage|p1a: Rotom-Heat|43\/304
|-activate|p1a: Rotom-Heat|confusion
|move|p1a: Rotom-Heat|Overheat|p2a: DaBozzInDaHood
|-damage|p2a: DaBozzInDaHood|66\/307
|-unboost|p1a: Rotom-Heat|spa|2
|
|-heal|p1a: Rotom-Heat|62\/304|[from] item: Leftovers
|turn|20
|
|move|p2a: DaBozzInDaHood|Roost|p2a: DaBozzInDaHood
|-heal|p2a: DaBozzInDaHood|220\/307
|-end|p1a: Rotom-Heat|confusion
|move|p1a: Rotom-Heat|Volt Switch|p2a: DaBozzInDaHood
|-damage|p2a: DaBozzInDaHood|171\/307
|
|switch|p1a: Flygon|Flygon, M|255\/302
|
|turn|21
|
|switch|p2a: Snitch|Forretress, F, shiny|310\/354
|-damage|p2a: Snitch|266\/354|[from] Stealth Rock
|move|p1a: Flygon|Rock Slide|p2a: Snitch
|-damage|p2a: Snitch|211\/354
|
|-heal|p2a: Snitch|233\/354|[from] item: Leftovers
|turn|22
|
|switch|p1a: Gourgeist-Super|Gourgeist-Super, F|305\/374 tox
|-item|p2a: Snitch|Leftovers|[from] ability: Frisk|[of] p1a: Gourgeist-Super|[identify]
|move|p2a: Snitch|Volt Switch|p1a: Gourgeist-Super
|-resisted|p1a: Gourgeist-Super
|-damage|p1a: Gourgeist-Super|284\/374 tox
|
|switch|p2a: DaBozzInDaHood|Pidgeot-Mega, M|171\/307
|-damage|p2a: DaBozzInDaHood|95\/307|[from] Stealth Rock
|
|-heal|p1a: Gourgeist-Super|307\/374 tox|[from] item: Leftovers
|-damage|p1a: Gourgeist-Super|284\/374 tox|[from] psn
|turn|23
|
|switch|p1a: Rotom-Heat|Rotom-Heat|62\/304
|move|p2a: DaBozzInDaHood|Hurricane|p1a: Rotom-Heat
|-resisted|p1a: Rotom-Heat
|-damage|p1a: Rotom-Heat|0 fnt
|faint|p1a: Rotom-Heat
|
|
|switch|p1a: Crobat|Crobat, M|203\/312
|turn|24
|
|switch|p2a: Krookodile|Krookodile, F|229\/331 brn
|-damage|p2a: Krookodile|209\/331 brn|[from] Stealth Rock
|-ability|p2a: Krookodile|Intimidate|[of] p1a: Crobat
|-unboost|p1a: Crobat|atk|1
|move|p1a: Crobat|Brave Bird|p2a: Krookodile
|-damage|p2a: Krookodile|2\/331 brn
|-damage|p1a: Crobat|135\/312|[from] recoil|[of] p2a: Krookodile
|
|-damage|p2a: Krookodile|0 fnt|[from] brn
|faint|p2a: Krookodile
|
|switch|p2a: Snitch|Forretress, F, shiny|233\/354
|-damage|p2a: Snitch|189\/354|[from] Stealth Rock
|turn|25
|
|switch|p1a: Flygon|Flygon, M|255\/302
|move|p2a: Snitch|Rapid Spin|p1a: Flygon
|-damage|p1a: Flygon|238\/302
|-sideend|p2: Schubbi|Stealth Rock|[from] move: Rapid Spin|[of] p2a: Snitch
|
|-heal|p2a: Snitch|211\/354|[from] item: Leftovers
|turn|26
|
|move|p1a: Flygon|Dragon Claw|p2a: Snitch
|-resisted|p2a: Snitch
|-damage|p2a: Snitch|166\/354
|move|p2a: Snitch|Gyro Ball|p1a: Flygon
|-damage|p1a: Flygon|46\/302
|
|-heal|p2a: Snitch|188\/354|[from] item: Leftovers
|turn|27
|
|switch|p1a: Gourgeist-Super|Gourgeist-Super, F|284\/374 tox
|-item|p2a: Snitch|Leftovers|[from] ability: Frisk|[of] p1a: Gourgeist-Super|[identify]
|move|p2a: Snitch|Volt Switch|p1a: Gourgeist-Super
|-resisted|p1a: Gourgeist-Super
|-damage|p1a: Gourgeist-Super|261\/374 tox
|
|switch|p2a: DaBozzInDaHood|Pidgeot-Mega, M|95\/307
|
|-heal|p1a: Gourgeist-Super|284\/374 tox|[from] item: Leftovers
|-damage|p1a: Gourgeist-Super|261\/374 tox|[from] psn
|turn|28
|
|switch|p1a: Flygon|Flygon, M|46\/302
|move|p2a: DaBozzInDaHood|Hurricane|p1a: Flygon
|-damage|p1a: Flygon|0 fnt
|faint|p1a: Flygon
|
|
|switch|p1a: Crobat|Crobat, M|135\/312
|turn|29
|
|switch|p2a: Florges|Florges, F|269\/360
|move|p1a: Crobat|Brave Bird|p2a: Florges
|-damage|p2a: Florges|0 fnt
|-damage|p1a: Crobat|46\/312|[from] recoil|[of] p2a: Florges
|faint|p2a: Florges
|
|
|switch|p2a: Snitch|Forretress, F, shiny|188\/354
|turn|30
|
|move|p1a: Crobat|Brave Bird|p2a: Snitch
|-damage|p2a: Snitch|0 fnt
|-damage|p1a: Crobat|0 fnt|[from] recoil|[of] p2a: Snitch
|faint|p2a: Snitch
|faint|p1a: Crobat
|
|
|switch|p2a: DaBozzInDaHood|Pidgeot-Mega, M|95\/307
|switch|p1a: Gourgeist-Super|Gourgeist-Super, F|261\/374 tox
|-item|p2a: DaBozzInDaHood|Pidgeotite|[from] ability: Frisk|[of] p1a: Gourgeist-Super|[identify]
|turn|31
|
|move|p2a: DaBozzInDaHood|Hurricane|p1a: Gourgeist-Super
|-supereffective|p1a: Gourgeist-Super
|-damage|p1a: Gourgeist-Super|0 fnt
|faint|p1a: Gourgeist-Super
|
|
|switch|p1a: Houndoom|Houndoom, M|292\/292
|turn|32
|
|detailschange|p1a: Houndoom|Houndoom-Mega, M
|message|Houndoom has Mega Evolved into Mega Houndoom!
|move|p2a: DaBozzInDaHood|Roost|p2a: DaBozzInDaHood
|-heal|p2a: DaBozzInDaHood|249\/307
|move|p1a: Houndoom|Flamethrower|p2a: DaBozzInDaHood
|-damage|p2a: DaBozzInDaHood|45\/307
|
|turn|33
|
|move|p2a: DaBozzInDaHood|Hurricane|p1a: Houndoom
|-damage|p1a: Houndoom|88\/292
|-start|p1a: Houndoom|confusion
|-activate|p1a: Houndoom|confusion
|-damage|p1a: Houndoom|58\/292|[from] confusion
|
|turn|34
|
|move|p2a: DaBozzInDaHood|Hurricane|p1a: Houndoom
|-damage|p1a: Houndoom|0 fnt
|faint|p1a: Houndoom
|
|win|Schubbi
|raw|Ladder updating...