|join|Schubbi
|join|mediocore
|player|p1|Schubbi|101
|player|p2|mediocore|141
|gametype|singles
|gen|6
|tier|UU
|rated
|rule|Sleep Clause Mod: Limit one foe put to sleep
|rule|Species Clause: Limit one of each Pokémon
|rule|OHKO Clause: OHKO moves are banned
|rule|Moody Clause: Moody is banned
|rule|Evasion Moves Clause: Evasion moves are banned
|rule|Endless Battle Clause: Forcing endless battles is banned
|rule|HP Percentage Mod: HP is shown in percentages
|clearpoke
|poke|p1|Pidgeot, M
|poke|p1|Lucario, M
|poke|p1|Forretress, F, shiny
|poke|p1|Swampert, F
|poke|p1|Florges, F
|poke|p1|Krookodile, M
|poke|p2|Hydreigon, F
|poke|p2|Cobalion
|poke|p2|Blastoise, M
|poke|p2|Uxie
|poke|p2|Porygon2
|poke|p2|Chesnaught, M
|rule|Swagger Clause: Swagger is banned
|rule|Baton Pass Clause: Limit one Pokémon knowing Baton Pass
|teampreview
|
|start
|switch|p1a: Florges|Florges, F|360\/360
|switch|p2a: Hydreigon|Hydreigon, F|325\/325
|turn|1
|
|move|p2a: Hydreigon|U-turn|p1a: Florges
|-resisted|p1a: Florges
|-damage|p1a: Florges|320\/360
|
|switch|p2a: Uxie|Uxie|292\/292
|move|p1a: Florges|Wish|p1a: Florges
|
|-heal|p1a: Florges|342\/360|[from] item: Leftovers
|turn|2
|
|switch|p1a: Krookodile|Krookodile, M|331\/331
|-ability|p1a: Krookodile|Intimidate|[of] p2a: Uxie
|-unboost|p2a: Uxie|atk|1
|move|p2a: Uxie|Light Screen|p2a: Uxie
|-sidestart|p2: mediocore|move: Light Screen
|
|turn|3
|
|switch|p2a: Chesnaught|Chesnaught, M|331\/331
|move|p1a: Krookodile|Knock Off|p2a: Chesnaught
|-resisted|p2a: Chesnaught
|-damage|p2a: Chesnaught|258\/331
|-enditem|p2a: Chesnaught|Leftovers|[from] move: Knock Off|[of] p1a: Krookodile
|
|turn|4
|
|switch|p1a: DaBozzInDaHood|Pidgeot, M|307\/307
|move|p2a: Chesnaught|Leech Seed|p1a: DaBozzInDaHood
|-start|p1a: DaBozzInDaHood|move: Leech Seed
|
|-damage|p1a: DaBozzInDaHood|269\/307|[from] Leech Seed|[of] p2a: Chesnaught
|-heal|p2a: Chesnaught|296\/331|[silent]
|turn|5
|
|switch|p2a: Blastoise|Blastoise, M|324\/324
|detailschange|p1a: DaBozzInDaHood|Pidgeot-Mega, M
|message|Pidgeot has Mega Evolved into Mega Pidgeot!
|move|p1a: DaBozzInDaHood|Hurricane|p2a: Blastoise
|-damage|p2a: Blastoise|246\/324
|
|-damage|p1a: DaBozzInDaHood|231\/307|[from] Leech Seed|[of] p2a: Blastoise
|-heal|p2a: Blastoise|284\/324|[silent]
|turn|6
|
|switch|p2a: Cobalion|Cobalion|355\/355
|move|p1a: DaBozzInDaHood|U-turn|p2a: Cobalion
|-resisted|p2a: Cobalion
|-damage|p2a: Cobalion|349\/355
|
|switch|p1a: TeamPLAYER|Swampert, F|404\/404
|
|-heal|p2a: Cobalion|355\/355|[from] item: Leftovers
|-sideend|p2: mediocore|move: Light Screen
|turn|7
|
|switch|p2a: Uxie|Uxie|292\/292
|move|p1a: TeamPLAYER|Toxic|p2a: Uxie
|-status|p2a: Uxie|tox
|
|-damage|p2a: Uxie|274\/292 tox|[from] psn
|turn|8
|
|move|p2a: Uxie|Light Screen|p2a: Uxie
|-sidestart|p2: mediocore|move: Light Screen
|move|p1a: TeamPLAYER|Stealth Rock|p2a: Uxie
|-sidestart|p2: mediocore|move: Stealth Rock
|
|-heal|p2a: Uxie|292\/292 tox|[from] item: Leftovers
|-damage|p2a: Uxie|256\/292 tox|[from] psn
|turn|9
|
|switch|p1a: Krookodile|Krookodile, M|331\/331
|-ability|p1a: Krookodile|Intimidate|[of] p2a: Uxie
|-unboost|p2a: Uxie|atk|1
|move|p2a: Uxie|Toxic|p1a: Krookodile
|-status|p1a: Krookodile|tox
|
|-heal|p2a: Uxie|274\/292 tox|[from] item: Leftovers
|-damage|p1a: Krookodile|311\/331 tox|[from] psn
|-damage|p2a: Uxie|220\/292 tox|[from] psn
|turn|10
|
|move|p1a: Krookodile|Pursuit|p2a: Uxie|[from]Pursuit
|-supereffective|p2a: Uxie
|-damage|p2a: Uxie|0 fnt
|faint|p2a: Uxie
|
|-damage|p1a: Krookodile|271\/331 tox|[from] psn
|
|switch|p2a: Chesnaught|Chesnaught, M|296\/331
|-damage|p2a: Chesnaught|276\/331|[from] Stealth Rock
|turn|11
|
|switch|p1a: Snitch|Forretress, F, shiny|354\/354
|move|p2a: Chesnaught|Substitute|p2a: Chesnaught
|-start|p2a: Chesnaught|Substitute
|-damage|p2a: Chesnaught|194\/331
|
|turn|12
|
|move|p2a: Chesnaught|Drain Punch|p1a: Snitch
|-crit|p1a: Snitch
|-damage|p1a: Snitch|221\/354
|-heal|p2a: Chesnaught|261\/331|[from] drain|[of] p1a: Snitch
|move|p1a: Snitch|Gyro Ball|p2a: Chesnaught
|-immune|p2a: Chesnaught|[msg]|[from] Bulletproof
|
|-heal|p1a: Snitch|243\/354|[from] item: Leftovers
|-sideend|p2: mediocore|move: Light Screen
|turn|13
|
|move|p2a: Chesnaught|Leech Seed|p1a: Snitch
|-start|p1a: Snitch|move: Leech Seed
|move|p1a: Snitch|Volt Switch|p2a: Chesnaught
|-resisted|p2a: Chesnaught
|-activate|p2a: Chesnaught|Substitute|[damage]
|
|switch|p1a: DaBozzInDaHood|Pidgeot-Mega, M|231\/307
|
|turn|14
|
|move|p1a: DaBozzInDaHood|Hurricane|p2a: Chesnaught
|-supereffective|p2a: Chesnaught
|-end|p2a: Chesnaught|Substitute
|move|p2a: Chesnaught|Drain Punch|p1a: DaBozzInDaHood
|-damage|p1a: DaBozzInDaHood|105\/307
|-heal|p2a: Chesnaught|324\/331|[from] drain|[of] p1a: DaBozzInDaHood
|
|turn|15
|
|switch|p2a: Blastoise|Blastoise, M|284\/324
|-damage|p2a: Blastoise|244\/324|[from] Stealth Rock
|move|p1a: DaBozzInDaHood|Hurricane|p2a: Blastoise
|-damage|p2a: Blastoise|91\/324
|
|turn|16
|
|switch|p2a: Squickers|Porygon2|342\/342
|-damage|p2a: Squickers|300\/342|[from] Stealth Rock
|-ability|p2a: Squickers|No Guard|[from] ability: Trace|[of] p1a: DaBozzInDaHood
|move|p1a: DaBozzInDaHood|Hurricane|p2a: Squickers
|-damage|p2a: Squickers|152\/342
|
|turn|17
|
|move|p1a: DaBozzInDaHood|U-turn|p2a: Squickers
|-damage|p2a: Squickers|130\/342
|
|switch|p1a: Dog of the day|Lucario, M|281\/281
|move|p2a: Squickers|Ice Beam|p1a: Dog of the day
|-resisted|p1a: Dog of the day
|-damage|p1a: Dog of the day|226\/281
|
|turn|18
|
|switch|p2a: Chesnaught|Chesnaught, M|324\/331
|-damage|p2a: Chesnaught|304\/331|[from] Stealth Rock
|move|p1a: Dog of the day|Close Combat|p2a: Chesnaught
|-damage|p2a: Chesnaught|143\/331
|-unboost|p1a: Dog of the day|def|1
|-unboost|p1a: Dog of the day|spd|1
|-damage|p1a: Dog of the day|198\/281|[from] item: Life Orb
|
|turn|19
|c|★mediocore|wtf
|
|switch|p1a: Florges|Florges, F|342\/360
|move|p2a: Chesnaught|Drain Punch|p1a: Florges
|-resisted|p1a: Florges
|-damage|p1a: Florges|267\/360
|-heal|p2a: Chesnaught|181\/331|[from] drain|[of] p1a: Florges
|
|-heal|p1a: Florges|289\/360|[from] item: Leftovers
|turn|20
|
|switch|p2a: Blastoise|Blastoise, M|91\/324
|-damage|p2a: Blastoise|51\/324|[from] Stealth Rock
|move|p1a: Florges|Wish|p1a: Florges
|
|-heal|p1a: Florges|311\/360|[from] item: Leftovers
|turn|21
|
|detailschange|p2a: Blastoise|Blastoise-Mega, M
|message|Blastoise has Mega Evolved into Mega Blastoise!
|move|p1a: Florges|Moonblast|p2a: Blastoise
|-crit|p2a: Blastoise
|-damage|p2a: Blastoise|0 fnt
|faint|p2a: Blastoise
|
|-heal|p1a: Florges|360\/360|[from] move: Wish|[wisher] Florges
|
|switch|p2a: Cobalion|Cobalion|355\/355
|-damage|p2a: Cobalion|344\/355|[from] Stealth Rock
|turn|22
|
|switch|p1a: TeamPLAYER|Swampert, F|404\/404
|move|p2a: Cobalion|Iron Head|p1a: TeamPLAYER
|-crit|p1a: TeamPLAYER
|-resisted|p1a: TeamPLAYER
|-damage|p1a: TeamPLAYER|350\/404
|
|-heal|p2a: Cobalion|355\/355|[from] item: Leftovers
|-heal|p1a: TeamPLAYER|375\/404|[from] item: Leftovers
|turn|23
|
|move|p2a: Cobalion|Taunt|p1a: TeamPLAYER
|-start|p1a: TeamPLAYER|move: Taunt
|move|p1a: TeamPLAYER|Scald|p2a: Cobalion
|-damage|p2a: Cobalion|237\/355
|
|-heal|p2a: Cobalion|259\/355|[from] item: Leftovers
|-heal|p1a: TeamPLAYER|400\/404|[from] item: Leftovers
|turn|24
|
|switch|p2a: Hydreigon|Hydreigon, F|325\/325
|-damage|p2a: Hydreigon|285\/325|[from] Stealth Rock
|move|p1a: TeamPLAYER|Scald|p2a: Hydreigon
|-resisted|p2a: Hydreigon
|-damage|p2a: Hydreigon|241\/325
|
|-heal|p1a: TeamPLAYER|404\/404|[from] item: Leftovers
|turn|25
|
|switch|p2a: Cobalion|Cobalion|259\/355
|-damage|p2a: Cobalion|248\/355|[from] Stealth Rock
|switch|p1a: Florges|Florges, F|360\/360
|
|-heal|p2a: Cobalion|270\/355|[from] item: Leftovers
|turn|26
|
|switch|p1a: Snitch|Forretress, F, shiny|243\/354
|move|p2a: Cobalion|Stealth Rock|p1a: Snitch
|-sidestart|p1: Schubbi|move: Stealth Rock
|
|-heal|p2a: Cobalion|292\/355|[from] item: Leftovers
|-heal|p1a: Snitch|265\/354|[from] item: Leftovers
|turn|27
|
|switch|p2a: Chesnaught|Chesnaught, M|181\/331
|-damage|p2a: Chesnaught|161\/331|[from] Stealth Rock
|move|p1a: Snitch|Rapid Spin|p2a: Chesnaught
|-damage|p2a: Chesnaught|152\/331
|-sideend|p1: Schubbi|Stealth Rock|[from] move: Rapid Spin|[of] p1a: Snitch
|
|-heal|p1a: Snitch|287\/354|[from] item: Leftovers
|turn|28
|
|move|p2a: Chesnaught|Substitute|p2a: Chesnaught
|-start|p2a: Chesnaught|Substitute
|-damage|p2a: Chesnaught|70\/331
|move|p1a: Snitch|Volt Switch|p2a: Chesnaught
|-resisted|p2a: Chesnaught
|-activate|p2a: Chesnaught|Substitute|[damage]
|
|switch|p1a: Florges|Florges, F|360\/360
|
|turn|29
|
|move|p1a: Florges|Moonblast|p2a: Chesnaught
|-supereffective|p2a: Chesnaught
|-end|p2a: Chesnaught|Substitute
|move|p2a: Chesnaught|Poison Jab|p1a: Florges
|-supereffective|p1a: Florges
|-damage|p1a: Florges|144\/360
|
|-heal|p1a: Florges|166\/360|[from] item: Leftovers
|turn|30
|
|move|p1a: Florges|Moonblast|p2a: Chesnaught
|-supereffective|p2a: Chesnaught
|-damage|p2a: Chesnaught|0 fnt
|faint|p2a: Chesnaught
|
|-heal|p1a: Florges|188\/360|[from] item: Leftovers
|
|switch|p2a: Cobalion|Cobalion|292\/355
|-damage|p2a: Cobalion|281\/355|[from] Stealth Rock
|turn|31
|
|switch|p1a: DaBozzInDaHood|Pidgeot-Mega, M|105\/307
|move|p2a: Cobalion|Iron Head|p1a: DaBozzInDaHood
|-damage|p1a: DaBozzInDaHood|6\/307
|
|-heal|p2a: Cobalion|303\/355|[from] item: Leftovers
|turn|32
|
|move|p1a: DaBozzInDaHood|Roost|p1a: DaBozzInDaHood
|-heal|p1a: DaBozzInDaHood|160\/307
|move|p2a: Cobalion|Iron Head|p1a: DaBozzInDaHood
|-damage|p1a: DaBozzInDaHood|52\/307
|
|-heal|p2a: Cobalion|325\/355|[from] item: Leftovers
|turn|33
|
|move|p1a: DaBozzInDaHood|Roost|p1a: DaBozzInDaHood
|-heal|p1a: DaBozzInDaHood|206\/307
|move|p2a: Cobalion|Volt Switch|p1a: DaBozzInDaHood
|-damage|p1a: DaBozzInDaHood|147\/307
|c|★mediocore|pretty sure that would have been super effective
|
|switch|p2a: Hydreigon|Hydreigon, F|241\/325
|-damage|p2a: Hydreigon|201\/325|[from] Stealth Rock
|
|turn|34
|
|switch|p1a: Krookodile|Krookodile, M|271\/331 tox
|-ability|p1a: Krookodile|Intimidate|[of] p2a: Hydreigon
|-unboost|p2a: Hydreigon|atk|1
|move|p2a: Hydreigon|Draco Meteor|p1a: Krookodile
|-damage|p1a: Krookodile|0 fnt
|-unboost|p2a: Hydreigon|spa|2
|faint|p1a: Krookodile
|
|
|switch|p1a: Dog of the day|Lucario, M|198\/281
|turn|35
|
|switch|p2a: Squickers|Porygon2|130\/342
|-damage|p2a: Squickers|88\/342|[from] Stealth Rock
|-ability|p2a: Squickers|Justified|[from] ability: Trace|[of] p1a: Dog of the day
|move|p1a: Dog of the day|Swords Dance|p1a: Dog of the day
|-boost|p1a: Dog of the day|atk|2
|
|turn|36
|
|move|p1a: Dog of the day|Close Combat|p2a: Squickers
|-supereffective|p2a: Squickers
|-damage|p2a: Squickers|0 fnt
|-unboost|p1a: Dog of the day|def|1
|-unboost|p1a: Dog of the day|spd|1
|-damage|p1a: Dog of the day|170\/281|[from] item: Life Orb
|faint|p2a: Squickers
|
|
|switch|p2a: Hydreigon|Hydreigon, F|201\/325
|-damage|p2a: Hydreigon|161\/325|[from] Stealth Rock
|turn|37
|
|move|p1a: Dog of the day|Extreme Speed|p2a: Hydreigon
|-damage|p2a: Hydreigon|0 fnt
|-damage|p1a: Dog of the day|142\/281|[from] item: Life Orb
|faint|p2a: Hydreigon
|
|-message|mediocore forfeited.
|
|win|Schubbi
|raw|Ladder updating...
|leave|mediocore
|player|p2
|raw|Schubbi's rating: 1125 &rarr; <strong>1155<\/strong><br \/>(+30 for winning)
|raw|mediocore's rating: 1206 &rarr; <strong>1175<\/strong><br \/>(-31 for losing)