|join|Majeranek
|join|Schubbi
|player|p1|Majeranek|109
|player|p2|Schubbi|234
|gametype|singles
|gen|6
|tier|UU
|rated
|rule|Sleep Clause Mod: Limit one foe put to sleep
|rule|Species Clause: Limit one of each Pokémon
|rule|OHKO Clause: OHKO moves are banned
|rule|Moody Clause: Moody is banned
|rule|Evasion Moves Clause: Evasion moves are banned
|rule|Endless Battle Clause: Forcing endless battles is banned
|rule|HP Percentage Mod: HP is reported as percentages
|clearpoke
|poke|p1|Victini
|poke|p1|Nidoking, M
|poke|p1|Shaymin
|poke|p1|Heracross, M
|poke|p1|Kingdra, F
|poke|p1|Krookodile, F
|poke|p2|Lucario, F
|poke|p2|Nidoking, M
|poke|p2|Flygon, F
|poke|p2|Mew
|poke|p2|Heracross, M
|poke|p2|Houndoom, F
|rule|Swagger Clause: Swagger is banned
|rule|Baton Pass Clause: Limit one Pokémon knowing Baton Pass
|teampreview
|
|start
|switch|p1a: Krookodile|Krookodile, F|331\/331
|switch|p2a: Perma Glasses|Flygon, F|301\/301
|-ability|p1a: Krookodile|Intimidate|[of] p2a: Perma Glasses
|-unboost|p2a: Perma Glasses|atk|1
|turn|1
|
|move|p2a: Perma Glasses|U-turn|p1a: Krookodile
|-supereffective|p1a: Krookodile
|-damage|p1a: Krookodile|213\/331
|
|switch|p2a: Dark Doge|Houndoom, F|291\/291
|move|p1a: Krookodile|Stealth Rock|p2a: Dark Doge
|-sidestart|p2: Schubbi|move: Stealth Rock
|
|-heal|p1a: Krookodile|233\/331|[from] item: Leftovers
|turn|2
|
|detailschange|p2a: Dark Doge|Houndoom-Mega, F
|message|Houndoom has Mega Evolved into Mega Houndoom!
|move|p2a: Dark Doge|Flamethrower|p1a: Krookodile
|-damage|p1a: Krookodile|0 fnt
|faint|p1a: Krookodile
|
|
|switch|p1a: Heracross|Heracross, M|302\/302
|turn|3
|
|switch|p2a: Pink Rat|Mew|404\/404
|-damage|p2a: Pink Rat|354\/404|[from] Stealth Rock
|move|p1a: Heracross|Earthquake|p2a: Pink Rat
|-crit|p2a: Pink Rat
|-damage|p2a: Pink Rat|215\/404
|
|-heal|p2a: Pink Rat|240\/404|[from] item: Leftovers
|turn|4
|
|switch|p1a: Kingdra|Kingdra, F|291\/291
|move|p2a: Pink Rat|Defog|p1a: Kingdra
|-unboost|p1a: Kingdra|evasion|1
|-sideend|p2: Schubbi|Stealth Rock|[from] move: Defog|[of] p2a: Pink Rat
|
|-heal|p2a: Pink Rat|265\/404|[from] item: Leftovers
|turn|5
|
|move|p2a: Pink Rat|Stealth Rock|p1a: Kingdra
|-sidestart|p1: Majeranek|move: Stealth Rock
|move|p1a: Kingdra|Dragon Dance|p1a: Kingdra
|-boost|p1a: Kingdra|atk|1
|-boost|p1a: Kingdra|spe|1
|
|-heal|p2a: Pink Rat|290\/404|[from] item: Leftovers
|turn|6
|
|move|p1a: Kingdra|Dragon Dance|p1a: Kingdra
|-boost|p1a: Kingdra|atk|1
|-boost|p1a: Kingdra|spe|1
|move|p2a: Pink Rat|Ice Beam|p1a: Kingdra
|-damage|p1a: Kingdra|219\/291
|
|-heal|p2a: Pink Rat|315\/404|[from] item: Leftovers
|turn|7
|
|move|p1a: Kingdra|Focus Energy|p1a: Kingdra
|-start|p1a: Kingdra|move: Focus Energy
|move|p2a: Pink Rat|Ice Beam|p1a: Kingdra
|-damage|p1a: Kingdra|147\/291
|
|-heal|p2a: Pink Rat|340\/404|[from] item: Leftovers
|turn|8
|
|move|p1a: Kingdra|Waterfall|p2a: Pink Rat
|-crit|p2a: Pink Rat
|-damage|p2a: Pink Rat|0 fnt
|faint|p2a: Pink Rat
|
|
|switch|p2a: Dog of the Day|Lucario, F|281\/281
|turn|9
|
|move|p2a: Dog of the Day|Extreme Speed|p1a: Kingdra
|-damage|p1a: Kingdra|24\/291
|-damage|p2a: Dog of the Day|253\/281|[from] item: Life Orb
|move|p1a: Kingdra|Waterfall|p2a: Dog of the Day
|-crit|p2a: Dog of the Day
|-damage|p2a: Dog of the Day|0 fnt
|faint|p2a: Dog of the Day
|
|
|switch|p2a: Dark Doge|Houndoom-Mega, F|291\/291
|turn|10
|
|move|p2a: Dark Doge|Sucker Punch|p1a: Kingdra
|-fail|p1a: Kingdra
|move|p1a: Kingdra|Dragon Dance|p1a: Kingdra
|-boost|p1a: Kingdra|atk|1
|-boost|p1a: Kingdra|spe|1
|
|turn|11
|
|move|p2a: Dark Doge|Sucker Punch|p1a: Kingdra
|-fail|p1a: Kingdra
|move|p1a: Kingdra|Dragon Dance|p1a: Kingdra
|-boost|p1a: Kingdra|atk|1
|-boost|p1a: Kingdra|spe|1
|
|turn|12
|
|move|p2a: Dark Doge|Sucker Punch|p1a: Kingdra
|-damage|p1a: Kingdra|0 fnt
|faint|p1a: Kingdra
|
|
|switch|p1a: Heracross|Heracross, M|302\/302
|-damage|p1a: Heracross|265\/302|[from] Stealth Rock
|turn|13
|
|switch|p2a: Heracross|Heracross, M|301\/301
|move|p1a: Heracross|Close Combat|p2a: Heracross
|-resisted|p2a: Heracross
|-damage|p2a: Heracross|190\/301
|-unboost|p1a: Heracross|def|1
|-unboost|p1a: Heracross|spd|1
|
|-heal|p2a: Heracross|208\/301|[from] item: Leftovers
|turn|14
|
|switch|p1a: Shaymin|Shaymin|404\/404
|-damage|p1a: Shaymin|354\/404|[from] Stealth Rock
|move|p2a: Heracross|Knock Off|p1a: Shaymin
|-damage|p1a: Shaymin|245\/404
|-enditem|p1a: Shaymin|Leftovers|[from] move: Knock Off|[of] p2a: Heracross
|
|-heal|p2a: Heracross|226\/301|[from] item: Leftovers
|turn|15
|
|switch|p2a: Destoroyah|Nidoking, M|304\/304
|move|p1a: Shaymin|Leech Seed|p2a: Destoroyah
|-start|p2a: Destoroyah|move: Leech Seed
|
|-damage|p2a: Destoroyah|266\/304|[from] Leech Seed|[of] p1a: Shaymin
|-heal|p1a: Shaymin|283\/404|[silent]
|turn|16
|
|move|p2a: Destoroyah|Sludge Wave|p1a: Shaymin
|-supereffective|p1a: Shaymin
|-damage|p1a: Shaymin|0 fnt
|faint|p1a: Shaymin
|
|
|switch|p1a: Nidoking|Nidoking, M|304\/304
|-damage|p1a: Nidoking|285\/304|[from] Stealth Rock
|turn|17
|
|move|p2a: Destoroyah|Earth Power|p1a: Nidoking
|-supereffective|p1a: Nidoking
|-damage|p1a: Nidoking|0 fnt
|faint|p1a: Nidoking
|
|
|switch|p1a: Heracross|Heracross, M|265\/302
|-damage|p1a: Heracross|228\/302|[from] Stealth Rock
|turn|18
|
|move|p1a: Heracross|Close Combat|p2a: Destoroyah
|-resisted|p2a: Destoroyah
|-damage|p2a: Destoroyah|142\/304
|-unboost|p1a: Heracross|def|1
|-unboost|p1a: Heracross|spd|1
|move|p2a: Destoroyah|Sludge Wave|p1a: Heracross
|-damage|p1a: Heracross|0 fnt
|faint|p1a: Heracross
|
|-message|Majeranek forfeited.
|
|win|Schubbi
|raw|Ladder updating...
|leave|Majeranek
|player|p1
|raw|Majeranek's rating: 1484 &rarr; <strong>1462<\/strong><br \/>(-22 for losing)
|raw|Schubbi's rating: 1449 &rarr; <strong>1471<\/strong><br \/>(+22 for winning)