|join|Mohammad
|join|Angel The Slayer
|player|p1|Mohammad|239
|player|p2|Angel The Slayer|274
|gametype|singles
|gen|6
|tier|OU
|rated
|clearpoke
|poke|p1|Venomoth, F, shiny
|poke|p1|Sableye, M, shiny
|poke|p1|Quagsire, F, shiny
|poke|p1|Gothitelle, M, shiny
|poke|p1|Skarmory, F, shiny
|poke|p1|Chansey, F, shiny
|poke|p2|Diancie, shiny
|poke|p2|Talonflame, F
|poke|p2|Landorus-Therian, M
|poke|p2|Keldeo-Resolute
|poke|p2|Ferrothorn, M
|poke|p2|Latios, M
|rule|Swagger Clause: Swagger is banned
|rule|Baton Pass Clause: Limit one Pokémon knowing Baton Pass
|rule|Sleep Clause Mod: Limit one foe put to sleep
|rule|Species Clause: Limit one of each Pokémon
|rule|OHKO Clause: OHKO moves are banned
|rule|Moody Clause: Moody is banned
|rule|Evasion Moves Clause: Evasion moves are banned
|rule|Endless Battle Clause: Forcing endless battles is banned
|rule|HP Percentage Mod: HP is shown in percentages
|teampreview
|
|start
|switch|p1a: Sableye|Sableye, M, shiny|304\/304
|switch|p2a: Diancie|Diancie, shiny|257\/257
|turn|1
|
|switch|p1a: Venomoth|Venomoth, F, shiny|344\/344
|detailschange|p2a: Diancie|Diancie-Mega, shiny
|message|Diancie has Mega Evolved into Mega Diancie!
|move|p2a: Diancie|Diamond Storm|p1a: Venomoth
|-supereffective|p1a: Venomoth
|-enditem|p1a: Venomoth|Focus Sash
|-damage|p1a: Venomoth|1\/344
|
|turn|2
|
|switch|p1a: Skarmory|Skarmory, F, shiny|334\/334
|move|p2a: Diancie|Moonblast|p1a: Skarmory
|-resisted|p1a: Skarmory
|-damage|p1a: Skarmory|201\/334
|
|-heal|p1a: Skarmory|221\/334|[from] item: Leftovers
|turn|3
|
|move|p2a: Diancie|Moonblast|p1a: Skarmory
|-resisted|p1a: Skarmory
|-damage|p1a: Skarmory|69\/334
|move|p1a: Skarmory|Roost|p1a: Skarmory
|-heal|p1a: Skarmory|236\/334
|
|-heal|p1a: Skarmory|256\/334|[from] item: Leftovers
|turn|4
|
|switch|p1a: Quagsire|Quagsire, F, shiny|394\/394
|move|p2a: Diancie|Moonblast|p1a: Quagsire
|-crit|p1a: Quagsire
|-damage|p1a: Quagsire|37\/394
|
|-heal|p1a: Quagsire|61\/394|[from] item: Leftovers
|turn|5
|
|move|p2a: Diancie|Moonblast|p1a: Quagsire
|-damage|p1a: Quagsire|0 fnt
|faint|p1a: Quagsire
|
|
|switch|p1a: Chansey|Chansey, F, shiny|704\/704
|turn|6
|
|switch|p2a: Ferrothorn|Ferrothorn, M|352\/352
|move|p1a: Chansey|Seismic Toss|p2a: Ferrothorn
|-damage|p2a: Ferrothorn|252\/352
|-damage|p1a: Chansey|616\/704|[from] ability: Iron Barbs|[of] p2a: Ferrothorn
|
|-heal|p2a: Ferrothorn|274\/352|[from] item: Leftovers
|turn|7
|
|switch|p1a: Gothitelle|Gothitelle, M, shiny|282\/282
|move|p2a: Ferrothorn|Stealth Rock|p1a: Gothitelle
|-sidestart|p1: Mohammad|move: Stealth Rock
|
|-heal|p2a: Ferrothorn|296\/352|[from] item: Leftovers
|turn|8
|
|move|p1a: Gothitelle|Trick|p2a: Ferrothorn
|-activate|p1a: Gothitelle|move: Trick|[of] p2a: Ferrothorn
|-item|p2a: Ferrothorn|Choice Scarf|[from] move: Trick
|-item|p1a: Gothitelle|Leftovers|[from] move: Trick
|move|p2a: Ferrothorn|Leech Seed|p1a: Gothitelle
|-start|p1a: Gothitelle|move: Leech Seed
|
|-damage|p1a: Gothitelle|247\/282|[from] Leech Seed|[of] p2a: Ferrothorn
|-heal|p2a: Ferrothorn|331\/352|[silent]
|turn|9
|
|move|p1a: Gothitelle|Calm Mind|p1a: Gothitelle
|-boost|p1a: Gothitelle|spa|1
|-boost|p1a: Gothitelle|spd|1
|move|p2a: Ferrothorn|Leech Seed|p1a: Gothitelle
|-fail|p1a: Gothitelle
|
|-heal|p1a: Gothitelle|264\/282|[from] item: Leftovers
|-damage|p1a: Gothitelle|229\/282|[from] Leech Seed|[of] p2a: Ferrothorn
|-heal|p2a: Ferrothorn|352\/352|[silent]
|turn|10
|
|move|p1a: Gothitelle|Calm Mind|p1a: Gothitelle
|-boost|p1a: Gothitelle|spa|1
|-boost|p1a: Gothitelle|spd|1
|move|p2a: Ferrothorn|Leech Seed|p1a: Gothitelle
|-fail|p1a: Gothitelle
|
|-heal|p1a: Gothitelle|246\/282|[from] item: Leftovers
|-damage|p1a: Gothitelle|211\/282|[from] Leech Seed|[of] p2a: Ferrothorn
|turn|11
|
|move|p1a: Gothitelle|Calm Mind|p1a: Gothitelle
|-boost|p1a: Gothitelle|spa|1
|-boost|p1a: Gothitelle|spd|1
|move|p2a: Ferrothorn|Leech Seed|p1a: Gothitelle
|-fail|p1a: Gothitelle
|
|-heal|p1a: Gothitelle|228\/282|[from] item: Leftovers
|-damage|p1a: Gothitelle|193\/282|[from] Leech Seed|[of] p2a: Ferrothorn
|turn|12
|
|move|p1a: Gothitelle|Calm Mind|p1a: Gothitelle
|-boost|p1a: Gothitelle|spa|1
|-boost|p1a: Gothitelle|spd|1
|move|p2a: Ferrothorn|Leech Seed|p1a: Gothitelle
|-fail|p1a: Gothitelle
|
|-heal|p1a: Gothitelle|210\/282|[from] item: Leftovers
|-damage|p1a: Gothitelle|175\/282|[from] Leech Seed|[of] p2a: Ferrothorn
|turn|13
|
|move|p1a: Gothitelle|Calm Mind|p1a: Gothitelle
|-boost|p1a: Gothitelle|spa|1
|-boost|p1a: Gothitelle|spd|1
|move|p2a: Ferrothorn|Leech Seed|p1a: Gothitelle
|-fail|p1a: Gothitelle
|
|-heal|p1a: Gothitelle|192\/282|[from] item: Leftovers
|-damage|p1a: Gothitelle|157\/282|[from] Leech Seed|[of] p2a: Ferrothorn
|turn|14
|
|move|p1a: Gothitelle|Calm Mind|p1a: Gothitelle
|-boost|p1a: Gothitelle|spa|1
|-boost|p1a: Gothitelle|spd|1
|move|p2a: Ferrothorn|Leech Seed|p1a: Gothitelle
|-fail|p1a: Gothitelle
|
|-heal|p1a: Gothitelle|174\/282|[from] item: Leftovers
|-damage|p1a: Gothitelle|139\/282|[from] Leech Seed|[of] p2a: Ferrothorn
|turn|15
|
|move|p1a: Gothitelle|Psychic|p2a: Ferrothorn
|-resisted|p2a: Ferrothorn
|-damage|p2a: Ferrothorn|157\/352
|-unboost|p2a: Ferrothorn|spd|1
|move|p2a: Ferrothorn|Leech Seed|p1a: Gothitelle
|-fail|p1a: Gothitelle
|
|-heal|p1a: Gothitelle|156\/282|[from] item: Leftovers
|-damage|p1a: Gothitelle|121\/282|[from] Leech Seed|[of] p2a: Ferrothorn
|-heal|p2a: Ferrothorn|192\/352|[silent]
|turn|16
|
|move|p1a: Gothitelle|Rest|p1a: Gothitelle
|-status|p1a: Gothitelle|slp
|-heal|p1a: Gothitelle|282\/282 slp|[silent]
|-status|p1a: Gothitelle|slp|[from] move: Rest
|move|p2a: Ferrothorn|Leech Seed|p1a: Gothitelle
|-fail|p1a: Gothitelle
|
|-damage|p1a: Gothitelle|247\/282 slp|[from] Leech Seed|[of] p2a: Ferrothorn
|-heal|p2a: Ferrothorn|227\/352|[silent]
|turn|17
|
|cant|p1a: Gothitelle|slp
|move|p2a: Ferrothorn|Leech Seed|p1a: Gothitelle
|-fail|p1a: Gothitelle
|
|-heal|p1a: Gothitelle|264\/282 slp|[from] item: Leftovers
|-damage|p1a: Gothitelle|229\/282 slp|[from] Leech Seed|[of] p2a: Ferrothorn
|-heal|p2a: Ferrothorn|262\/352|[silent]
|turn|18
|
|cant|p1a: Gothitelle|slp
|move|p2a: Ferrothorn|Leech Seed|p1a: Gothitelle
|-fail|p1a: Gothitelle
|
|-heal|p1a: Gothitelle|246\/282 slp|[from] item: Leftovers
|-damage|p1a: Gothitelle|211\/282 slp|[from] Leech Seed|[of] p2a: Ferrothorn
|-heal|p2a: Ferrothorn|297\/352|[silent]
|turn|19
|
|-curestatus|p1a: Gothitelle|slp
|move|p1a: Gothitelle|Psychic|p2a: Ferrothorn
|-resisted|p2a: Ferrothorn
|-damage|p2a: Ferrothorn|0 fnt
|faint|p2a: Ferrothorn
|
|-heal|p1a: Gothitelle|228\/282|[from] item: Leftovers
|
|switch|p2a: Landorus-Therian|Landorus-Therian, M|341\/341
|-ability|p2a: Landorus-Therian|Intimidate|[of] p1a: Gothitelle
|-unboost|p1a: Gothitelle|atk|1
|turn|20
|
|move|p2a: Landorus-Therian|U-turn|p1a: Gothitelle
|-supereffective|p1a: Gothitelle
|-damage|p1a: Gothitelle|52\/282
|
|switch|p2a: Latios|Latios, M|303\/303
|move|p1a: Gothitelle|Psychic|p2a: Latios
|-resisted|p2a: Latios
|-damage|p2a: Latios|60\/303
|-unboost|p2a: Latios|spd|1
|
|-heal|p1a: Gothitelle|69\/282|[from] item: Leftovers
|-damage|p1a: Gothitelle|34\/282|[from] Leech Seed|[of] p2a: Latios
|-heal|p2a: Latios|95\/303|[silent]
|turn|21
|
|move|p2a: Latios|Psyshock|p1a: Gothitelle
|-resisted|p1a: Gothitelle
|-damage|p1a: Gothitelle|0 fnt
|-damage|p2a: Latios|65\/303|[from] item: Life Orb
|faint|p1a: Gothitelle
|
|
|switch|p1a: Sableye|Sableye, M, shiny|304\/304
|-damage|p1a: Sableye|266\/304|[from] Stealth Rock
|turn|22
|
|detailschange|p1a: Sableye|Sableye-Mega, M, shiny
|message|Sableye has Mega Evolved into Mega Sableye!
|move|p1a: Sableye|Calm Mind|p1a: Sableye
|-boost|p1a: Sableye|spa|1
|-boost|p1a: Sableye|spd|1
|move|p2a: Latios|Draco Meteor|p1a: Sableye
|-damage|p1a: Sableye|109\/304
|-unboost|p2a: Latios|spa|2
|-damage|p2a: Latios|35\/303|[from] item: Life Orb
|
|turn|23
|
|switch|p2a: Diancie|Diancie-Mega, shiny|257\/257
|move|p1a: Sableye|Recover|p1a: Sableye
|-heal|p1a: Sableye|261\/304
|
|turn|24
|
|move|p2a: Diancie|Moonblast|p1a: Sableye
|-supereffective|p1a: Sableye
|-damage|p1a: Sableye|15\/304
|move|p1a: Sableye|Calm Mind|p1a: Sableye
|-boost|p1a: Sableye|spa|1
|-boost|p1a: Sableye|spd|1
|
|turn|25
|
|move|p2a: Diancie|Moonblast|p1a: Sableye
|-supereffective|p1a: Sableye
|-damage|p1a: Sableye|0 fnt
|faint|p1a: Sableye
|
|
|switch|p1a: Chansey|Chansey, F, shiny|616\/704
|-damage|p1a: Chansey|528\/704|[from] Stealth Rock
|turn|26
|
|switch|p2a: Latios|Latios, M|35\/303
|move|p1a: Chansey|Seismic Toss|p2a: Latios
|-damage|p2a: Latios|0 fnt
|faint|p2a: Latios
|
|
|switch|p2a: Keldeo-Resolute|Keldeo-Resolute|322\/322
|turn|27
|
|switch|p1a: Venomoth|Venomoth, F, shiny|1\/344
|-damage|p1a: Venomoth|0 fnt|[from] Stealth Rock
|faint|p1a: Venomoth
|move|p2a: Keldeo-Resolute|Secret Sword|p1: Venomoth|[notarget]
|-notarget
|
|
|switch|p1a: Skarmory|Skarmory, F, shiny|256\/334
|-damage|p1a: Skarmory|215\/334|[from] Stealth Rock
|turn|28
|
|move|p2a: Keldeo-Resolute|Scald|p1a: Skarmory
|-damage|p1a: Skarmory|0 fnt
|-damage|p2a: Keldeo-Resolute|290\/322|[from] item: Life Orb
|faint|p1a: Skarmory
|
|-message|Mohammad forfeited.
|
|win|Angel The Slayer
|raw|Ladder updating...
|leave|Mohammad
|player|p1
|c|★Angel The Slayer|Good Game
|raw|Mohammad's rating: 1382 &rarr; <strong>1364<\/strong><br \/>(-18 for losing)
|raw|Angel The Slayer's rating: 1427 &rarr; <strong>1444<\/strong><br \/>(+17 for winning)