|join|LegitScizor
|join|Mohammad
|player|p1|LegitScizor|161
|player|p2|Mohammad|239
|gametype|singles
|gen|6
|tier|OU
|rated
|clearpoke
|poke|p1|Salamence, F
|poke|p1|Scizor, F
|poke|p1|Latias, F
|poke|p1|Magnezone
|poke|p1|Heatran, F
|poke|p1|Keldeo-Resolute
|poke|p2|Landorus-Therian, M, shiny
|poke|p2|Greninja, M, shiny
|poke|p2|Ferrothorn, F, shiny
|poke|p2|Reuniclus, M, shiny
|poke|p2|Bisharp, M, shiny
|poke|p2|Charizard, F, shiny
|rule|Swagger Clause: Swagger is banned
|rule|Baton Pass Clause: Limit one Pokémon knowing Baton Pass
|rule|Sleep Clause Mod: Limit one foe put to sleep
|rule|Species Clause: Limit one of each Pokémon
|rule|OHKO Clause: OHKO moves are banned
|rule|Moody Clause: Moody is banned
|rule|Evasion Moves Clause: Evasion moves are banned
|rule|Endless Battle Clause: Forcing endless battles is banned
|rule|HP Percentage Mod: HP is shown in percentages
|teampreview
|
|start
|switch|p1a: Scizor|Scizor, F|343\/343
|switch|p2a: Charizard|Charizard, F, shiny|298\/298
|turn|1
|
|switch|p1a: Heatran|Heatran, F|385\/385
|detailschange|p2a: Charizard|Charizard-Mega-Y, F, shiny
|message|Charizard has Mega Evolved into Mega Charizard!
|-weather|SunnyDay
|move|p2a: Charizard|Focus Blast|p1a: Heatran
|-supereffective|p1a: Heatran
|-damage|p1a: Heatran|175\/385
|
|-weather|SunnyDay|[upkeep]
|-heal|p1a: Heatran|199\/385|[from] item: Leftovers
|turn|2
|
|switch|p1a: Latias|Latias, F|319\/319
|move|p2a: Charizard|Focus Blast|p1a: Latias
|-resisted|p1a: Latias
|-damage|p1a: Latias|249\/319
|
|-weather|SunnyDay|[upkeep]
|turn|3
|
|move|p1a: Latias|Draco Meteor|p2a: Charizard
|-damage|p2a: Charizard|55\/298
|-unboost|p1a: Latias|spa|2
|-damage|p1a: Latias|218\/319|[from] item: Life Orb
|move|p2a: Charizard|Dragon Pulse|p1a: Latias
|-supereffective|p1a: Latias
|-damage|p1a: Latias|40\/319
|
|-weather|SunnyDay|[upkeep]
|turn|4
|
|move|p1a: Latias|Psyshock|p2a: Charizard
|-crit|p2a: Charizard
|-damage|p2a: Charizard|0 fnt
|-damage|p1a: Latias|9\/319|[from] item: Life Orb
|faint|p2a: Charizard
|
|-weather|SunnyDay|[upkeep]
|
|switch|p2a: Greninja|Greninja, M, shiny|286\/286
|turn|5
|
|switch|p1a: Heatran|Heatran, F|199\/385
|move|p2a: Greninja|Dark Pulse|p1a: Heatran
|-start|p2a: Greninja|typechange|Dark|[from] Protean
|-damage|p1a: Heatran|96\/385
|-damage|p2a: Greninja|258\/286|[from] item: Life Orb
|
|-weather|none
|-heal|p1a: Heatran|120\/385|[from] item: Leftovers
|turn|6
|
|switch|p1a: Keldeo-Resolute|Keldeo-Resolute|322\/322
|move|p2a: Greninja|Hydro Pump|p1a: Keldeo-Resolute|[miss]
|-start|p2a: Greninja|typechange|Water|[from] Protean
|-miss|p2a: Greninja|p1a: Keldeo-Resolute
|
|turn|7
|
|switch|p2a: Ferrothorn|Ferrothorn, F, shiny|352\/352
|move|p1a: Keldeo-Resolute|Calm Mind|p1a: Keldeo-Resolute
|-boost|p1a: Keldeo-Resolute|spa|1
|-boost|p1a: Keldeo-Resolute|spd|1
|
|turn|8
|
|move|p1a: Keldeo-Resolute|Secret Sword|p2a: Ferrothorn
|-supereffective|p2a: Ferrothorn
|-damage|p2a: Ferrothorn|64\/352
|move|p2a: Ferrothorn|Power Whip|p1a: Keldeo-Resolute|[miss]
|-miss|p2a: Ferrothorn|p1a: Keldeo-Resolute
|
|turn|9
|
|move|p1a: Keldeo-Resolute|Secret Sword|p2a: Ferrothorn
|-supereffective|p2a: Ferrothorn
|-damage|p2a: Ferrothorn|0 fnt
|faint|p2a: Ferrothorn
|
|
|switch|p2a: Reuniclus|Reuniclus, M, shiny|424\/424
|turn|10
|
|move|p1a: Keldeo-Resolute|Hydro Pump|p2a: Reuniclus
|-damage|p2a: Reuniclus|88\/424
|move|p2a: Reuniclus|Trick Room|p2a: Reuniclus
|-fieldstart|move: Trick Room|[of] p2a: Reuniclus
|
|turn|11
|
|switch|p1a: Heatran|Heatran, F|120\/385
|move|p2a: Reuniclus|Psychic|p1a: Heatran
|-resisted|p1a: Heatran
|-damage|p1a: Heatran|42\/385
|
|-heal|p1a: Heatran|66\/385|[from] item: Leftovers
|turn|12
|
|move|p2a: Reuniclus|Psychic|p1a: Heatran
|-resisted|p1a: Heatran
|-damage|p1a: Heatran|0 fnt
|faint|p1a: Heatran
|
|
|switch|p1a: Scizor|Scizor, F|343\/343
|turn|13
|
|switch|p2a: Bisharp|Bisharp, M, shiny|334\/334
|detailschange|p1a: Scizor|Scizor-Mega, F
|message|Scizor has Mega Evolved into Mega Scizor!
|move|p1a: Scizor|Swords Dance|p1a: Scizor
|-boost|p1a: Scizor|atk|2
|
|turn|14
|
|move|p2a: Bisharp|Swords Dance|p2a: Bisharp
|-boost|p2a: Bisharp|atk|2
|move|p1a: Scizor|Knock Off|p2a: Bisharp
|-resisted|p2a: Bisharp
|-damage|p2a: Bisharp|210\/334
|-enditem|p2a: Bisharp|Life Orb|[from] move: Knock Off|[of] p1a: Scizor
|
|-fieldend|move: Trick Room
|turn|15
|
|move|p1a: Scizor|Bullet Punch|p2a: Bisharp
|-crit|p2a: Bisharp
|-resisted|p2a: Bisharp
|-damage|p2a: Bisharp|51\/334
|move|p2a: Bisharp|Knock Off|p1a: Scizor
|-damage|p1a: Scizor|177\/343
|
|turn|16
|
|move|p2a: Bisharp|Sucker Punch|p1a: Scizor
|-fail|p1a: Scizor
|move|p1a: Scizor|Roost|p1a: Scizor
|-heal|p1a: Scizor|343\/343
|
|turn|17
|
|move|p1a: Scizor|Bullet Punch|p2a: Bisharp
|-resisted|p2a: Bisharp
|-damage|p2a: Bisharp|0 fnt
|faint|p2a: Bisharp
|
|
|switch|p2a: Landorus-Therian|Landorus-Therian, M, shiny|382\/382
|-ability|p2a: Landorus-Therian|Intimidate|[of] p1a: Scizor
|-unboost|p1a: Scizor|atk|1
|turn|18
|
|move|p2a: Landorus-Therian|Stealth Rock|p1a: Scizor
|-sidestart|p1: LegitScizor|move: Stealth Rock
|move|p1a: Scizor|Knock Off|p2a: Landorus-Therian
|-damage|p2a: Landorus-Therian|179\/382
|-enditem|p2a: Landorus-Therian|Leftovers|[from] move: Knock Off|[of] p1a: Scizor
|
|turn|19
|
|move|p2a: Landorus-Therian|Earthquake|p1a: Scizor
|-damage|p1a: Scizor|193\/343
|move|p1a: Scizor|Swords Dance|p1a: Scizor
|-boost|p1a: Scizor|atk|2
|
|turn|20
|
|move|p1a: Scizor|Bullet Punch|p2a: Landorus-Therian
|-damage|p2a: Landorus-Therian|0 fnt
|faint|p2a: Landorus-Therian
|
|
|switch|p2a: Greninja|Greninja, M, shiny|258\/286
|turn|21
|
|move|p1a: Scizor|Bullet Punch|p2a: Greninja
|-resisted|p2a: Greninja
|-damage|p2a: Greninja|61\/286
|move|p2a: Greninja|Hydro Pump|p1a: Scizor
|-start|p2a: Greninja|typechange|Water|[from] Protean
|-damage|p1a: Scizor|20\/343
|-damage|p2a: Greninja|33\/286|[from] item: Life Orb
|
|turn|22
|-message|Mohammad forfeited.
|
|win|LegitScizor
|raw|Ladder updating...
|leave|Mohammad
|player|p2
|raw|LegitScizor's rating: 1496 &rarr; <strong>1518<\/strong><br \/>(+22 for winning)
|raw|Mohammad's rating: 1540 &rarr; <strong>1518<\/strong><br \/>(-22 for losing)