|join|Alvok
|join|Disorient1
|player|p1|Alvok|256
|player|p2|Disorient1|137
|gametype|singles
|gen|6
|tier|OU
|clearpoke
|poke|p1|Latios, M
|poke|p1|Medicham, M
|poke|p1|Landorus-Therian, M, shiny
|poke|p1|Heatran, F
|poke|p1|Slowbro, M
|poke|p1|Greninja, M, shiny
|poke|p2|Charizard, F
|poke|p2|Landorus-Therian, M
|poke|p2|Latias, F
|poke|p2|Celebi
|poke|p2|Heatran, M
|poke|p2|Azumarill, M
|rule|Swagger Clause: Swagger is banned
|rule|Baton Pass Clause: Limit one Pokémon knowing Baton Pass
|rule|Sleep Clause Mod: Limit one foe put to sleep
|rule|Species Clause: Limit one of each Pokémon
|rule|OHKO Clause: OHKO moves are banned
|rule|Moody Clause: Moody is banned
|rule|Evasion Moves Clause: Evasion moves are banned
|rule|Endless Battle Clause: Forcing endless battles is banned
|rule|HP Percentage Mod: HP is shown in percentages
|teampreview
Disorient1 made this room private.
|join|daftmau5
|c| daftmau5|woah
|c| daftmau5|how did you do that
|c|★Alvok|?
|c|★Disorient1| \/invite username
|c| daftmau5|o
|c| daftmau5|cool
|c|★Disorient1|I know I just found out about that too rofl
|c| daftmau5|that is some spooky shit
|
|start
|switch|p1a: Heatran|Heatran, F|386\/386
|switch|p2a: Azumarill|Azumarill, M|401\/401
|turn|1
|c|★Alvok|my choosing of lead skills
|c|★Alvok|suck so bad
|
|switch|p1a: Slowbro|Slowbro, M|394\/394
|move|p2a: Azumarill|Knock Off|p1a: Slowbro
|-supereffective|p1a: Slowbro
|-damage|p1a: Slowbro|216\/394
|-enditem|p1a: Slowbro|Leftovers|[from] move: Knock Off|[of] p2a: Azumarill
|
|turn|2
|c| daftmau5|If Tran is your stealth rocker
|c| daftmau5|consider wisp
|c| daftmau5|so you can always burn azu
|c| daftmau5|and get up rocks
|
|switch|p2a: Celebi|Celebi|404\/404
|switch|p1a: Heatran|Heatran, F|386\/386
|
|turn|3
|c| daftmau5|even with 0 bulk
|c|★Alvok|nah i dont usually lead with tran anyway
|c|★Alvok|lol
|
|move|p2a: Celebi|Baton Pass|p2a: Celebi
|
|switch|p2a: Charizard|Charizard, F|321\/321
|move|p1a: Heatran|Stealth Rock|p2a: Charizard
|-sidestart|p2: Disorient1|move: Stealth Rock
|
|turn|4
|
|detailschange|p2a: Charizard|Charizard-Mega-X, F
|message|Charizard has Mega Evolved into Mega Charizard!
|move|p2a: Charizard|Outrage|p1a: Heatran
|-resisted|p1a: Heatran
|-damage|p1a: Heatran|233\/386
|move|p1a: Heatran|Toxic|p2a: Charizard
|-status|p2a: Charizard|tox
|
|-heal|p1a: Heatran|257\/386|[from] item: Leftovers
|-damage|p2a: Charizard|301\/321 tox|[from] psn
|turn|5
|c|★Disorient1|Oh so you do have that
|c|★Alvok|lol
|c|★Disorient1|I battled his team already once btw daft
|c|★Disorient1|Incase m Y plays look weird
|
|switch|p1a: Slowbro|Slowbro, M|347\/394
|move|p2a: Charizard|Outrage|p1a: Slowbro
|-damage|p1a: Slowbro|121\/394
|
|-damage|p2a: Charizard|261\/321 tox|[from] psn
|turn|6
|c|★Alvok|oml that did wow
|
|switch|p1a: Heatran|Heatran, F|257\/386
|move|p2a: Charizard|Outrage|p1a: Heatran
|-crit|p1a: Heatran
|-resisted|p1a: Heatran
|-damage|p1a: Heatran|35\/386
|
|-end|p2a: Charizard|rampage
|-start|p2a: Charizard|confusion
|-heal|p1a: Heatran|59\/386|[from] item: Leftovers
|-damage|p2a: Charizard|201\/321 tox|[from] psn
|turn|7
|c|★Alvok|:[
|
|switch|p2a: Heatran|Heatran, M|323\/323
|-damage|p2a: Heatran|283\/323|[from] Stealth Rock
|switch|p1a: Landorus-Therian|Landorus-Therian, M, shiny|325\/325
|-ability|p1a: Landorus-Therian|Intimidate|[of] p2a: Heatran
|-unboost|p2a: Heatran|atk|1
|
|turn|8
|c| daftmau5|252+ Atk Huge Power burned Azumarill Waterfall vs. 0 HP \/ 0 Def Heatran: 153-180 (47.3 - 55.7%) -- 19.1% chance to 2HKO after Leftovers recovery
|c| daftmau5|252+ Atk Huge Power burned Azumarill Aqua Jet vs. 0 HP \/ 0 Def Heatran: 76-91 (23.5 - 28.1%) -- possible 5HKO after Leftovers recovery
|c| daftmau5|so good
|
|switch|p2a: Azumarill|Azumarill, M|401\/401
|-damage|p2a: Azumarill|351\/401|[from] Stealth Rock
|move|p1a: Landorus-Therian|Earthquake|p2a: Azumarill
|-damage|p2a: Azumarill|111\/401
|
|turn|9
|c|★Disorient1|Oh you have a Gren don't you
|c|★Disorient1|zzzz
|c| daftmau5|lel
|c| daftmau5|The shredding :(
|
|switch|p1a: Heatran|Heatran, F|59\/386
|move|p2a: Azumarill|Knock Off|p1a: Heatran
|-damage|p1a: Heatran|0 fnt
|-enditem|p1a: Heatran|Leftovers|[from] move: Knock Off|[of] p2a: Azumarill
|faint|p1a: Heatran
|
|
|switch|p1a: Latios|Latios, M|302\/302
|turn|10
|c|★Disorient1|252 SpA Life Orb Greninja Hydro Pump vs. 96 HP \/ 0 SpD Mega Charizard X: 227-269 (70.7 - 83.8%) -- 68.8% chance to OHKO after Stealth Rock
|c|★Disorient1|I thought XZard was bulkier :[
|
|move|p1a: Latios|Psyshock|p2a: Azumarill
|-damage|p2a: Azumarill|0 fnt
|-damage|p1a: Latios|272\/302|[from] item: Life Orb
|faint|p2a: Azumarill
|
|
|switch|p2a: Landorus-Therian|Landorus-Therian, M|319\/319
|-damage|p2a: Landorus-Therian|280\/319|[from] Stealth Rock
|-ability|p2a: Landorus-Therian|Intimidate|[of] p1a: Latios
|-unboost|p1a: Latios|atk|1
|turn|11
|c| daftmau5|it's special actually sucks :(
|c| daftmau5|78\/111\/85
|c|★Disorient1|daft should I use explosion to try to nail his LandoT rn?
|c|★Disorient1|yolo
|
|switch|p1a: Landorus-Therian|Landorus-Therian, M, shiny|325\/325
|-ability|p1a: Landorus-Therian|Intimidate|[of] p2a: Landorus-Therian
|-unboost|p2a: Landorus-Therian|atk|1
|move|p2a: Landorus-Therian|Explosion|p1a: Landorus-Therian
|-damage|p1a: Landorus-Therian|98\/325
|faint|p2a: Landorus-Therian
|
|c| daftmau5|LEL
|c|★Alvok|wut
|c|★Alvok|nail?
|c|★Disorient1|yea
|c|★Disorient1|thats enough dmg
|c| daftmau5|important check weakened
|c|★Disorient1|^
|c| daftmau5|i c wut u do
|c|★Alvok|LOL
|c|★Alvok|come at me bruh
|c|★Alvok|it's never weakened
|c|★Disorient1|hmm...
|
|switch|p2a: Heatran|Heatran, M|283\/323
|-damage|p2a: Heatran|243\/323|[from] Stealth Rock
|turn|12
|c|★Alvok|does burn\/intimidate weaken explosion's dmg?
|c|★Disorient1|I dont see why not
|c| daftmau5|yeah
|c|★Alvok|ok
|c| daftmau5|back in the day, explosion use to halve defensive stats
|c| daftmau5|that was pretty fkn broke
|c|★Alvok|lol
|c|★Alvok|use 5 explosion mons and 1 mon with sash that can deal with hopefully 1-2mons
|c|★Alvok|and win the game :]
|
|move|p1a: Landorus-Therian|U-turn|p2a: Heatran
|-crit|p2a: Heatran
|-resisted|p2a: Heatran
|-damage|p2a: Heatran|205\/323
|
|switch|p1a: Slowbro|Slowbro, M|252\/394
|move|p2a: Heatran|Stealth Rock|p1a: Slowbro
|-sidestart|p1: Alvok|move: Stealth Rock
|
|turn|13
|
|switch|p2a: Latias|Latias, F|319\/319
|-damage|p2a: Latias|280\/319|[from] Stealth Rock
|switch|p1a: Medicham|Medicham, M|261\/261
|-damage|p1a: Medicham|245\/261|[from] Stealth Rock
|
|turn|14
|c|★Alvok|lolwutamipredicting
|c|★Disorient1|yea good q
|
|switch|p1a: Latios|Latios, M|272\/302
|-damage|p1a: Latios|235\/302|[from] Stealth Rock
|move|p2a: Latias|Draco Meteor|p1a: Latios
|-supereffective|p1a: Latios
|-damage|p1a: Latios|0 fnt
|-unboost|p2a: Latias|spa|2
|-damage|p2a: Latias|249\/319|[from] item: Life Orb
|faint|p1a: Latios
|
|
|switch|p1a: Greninja|Greninja, M, shiny|286\/286
|-damage|p1a: Greninja|251\/286|[from] Stealth Rock
|turn|15
|c|★Disorient1|ummmm
|c|★Disorient1|daft
|c|★Disorient1|you play him
|c|★Alvok|no
|c|★Alvok|:[
|c|★Disorient1|!data Wynaut
|c|~|\/data-pokemon Wynaut

|c|★Alvok|lol
|
|switch|p2a: Heatran|Heatran, M|205\/323
|-damage|p2a: Heatran|165\/323|[from] Stealth Rock
|move|p1a: Greninja|Dark Pulse|p2a: Heatran
|-start|p1a: Greninja|typechange|Dark|[from] Protean
|-damage|p2a: Heatran|13\/323
|-damage|p1a: Greninja|223\/286|[from] item: Life Orb
|
|turn|16
|
|move|p1a: Greninja|Dark Pulse|p2a: Heatran
|-damage|p2a: Heatran|0 fnt
|-damage|p1a: Greninja|195\/286|[from] item: Life Orb
|faint|p2a: Heatran
|
|c|★Disorient1|I shoulda just use HWish
|c|★Disorient1|vs Mega Medi
|c|★Disorient1|used*
|c|★Disorient1|XZard w Tailwind can clean up atm
|
|switch|p2a: Celebi|Celebi|404\/404
|-damage|p2a: Celebi|354\/404|[from] Stealth Rock
|turn|17
|
|switch|p1a: Medicham|Medicham, M|245\/261
|-damage|p1a: Medicham|229\/261|[from] Stealth Rock
|move|p2a: Celebi|Giga Drain|p1a: Medicham
|-damage|p1a: Medicham|112\/261
|-heal|p2a: Celebi|404\/404|[from] drain|[of] p1a: Medicham
|
|turn|18
|
|detailschange|p1a: Medicham|Medicham-Mega, M
|message|Medicham has Mega Evolved into Mega Medicham!
|move|p1a: Medicham|Ice Punch|p2a: Celebi
|-supereffective|p2a: Celebi
|-damage|p2a: Celebi|152\/404
|-status|p2a: Celebi|frz
|cant|p2a: Celebi|frz
|
|-heal|p2a: Celebi|177\/404 frz|[from] item: Leftovers
|turn|19
|c|★Disorient1|:[
|c|★Alvok|sorry
|c|★Alvok|but i just needed to weaken it before greninja cleans up again
|
|move|p1a: Medicham|Ice Punch|p2a: Celebi
|-supereffective|p2a: Celebi
|-damage|p2a: Celebi|0 fnt
|faint|p2a: Celebi
|
|
|switch|p2a: Latias|Latias, F|249\/319
|-damage|p2a: Latias|210\/319|[from] Stealth Rock
|turn|20
|
|move|p2a: Latias|Healing Wish|p2a: Latias
|faint|p2a: Latias
|move|p1a: Medicham|Substitute|p1a: Medicham
|-start|p1a: Medicham|Substitute
|-damage|p1a: Medicham|47\/261
|
|c|★Alvok|kek
|c|★Disorient1|too bad it can't take a hit from Medi
|c|★Disorient1|you cud
|c|★Disorient1|miss hjk
|c|★Alvok|:[
|c|★Disorient1|252 Atk Pure Power Mega Medicham Ice Punch vs. 96 HP \/ 0 Def Mega Charizard X: 125-148 (38.9 - 46.1%) -- guaranteed 2HKO after Stealth Rock
|c|★Disorient1|ya miss hjk
|c|★Disorient1|no wait
|c|★Alvok|im adamant
|c|★Disorient1|no miss hjk
|c|★Disorient1|dumb rocks
|
|switch|p2a: Charizard|Charizard-Mega-X, F|201\/321 tox
|-heal|p2a: Charizard|321\/321|[from] move: Healing Wish
|-damage|p2a: Charizard|241\/321|[from] Stealth Rock
|turn|21
|
|move|p1a: Medicham|High Jump Kick|p2a: Charizard
|-damage|p2a: Charizard|0 fnt
|faint|p2a: Charizard
|
|win|Alvok
|c|★Disorient1|geegee
|c|★Alvok|jeejee
|leave|Disorient1
|player|p2
|leave|Alvok
|player|p1
|join|Disorient1
|leave|Disorient1
|join|Disorient1
|join|Alvok
|leave|Disorient1