|join|FlederMau5
|join|I'm Bi...sharp
|player|p1|FlederMau5|169
|player|p2|I'm Bi...sharp|268
|gametype|singles
|gen|6
|tier|UU
|rated
|rule|Sleep Clause Mod: Limit one foe put to sleep
|rule|Species Clause: Limit one of each Pokémon
|rule|OHKO Clause: OHKO moves are banned
|rule|Moody Clause: Moody is banned
|rule|Evasion Moves Clause: Evasion moves are banned
|rule|Endless Battle Clause: Forcing endless battles is banned
|rule|HP Percentage Mod: HP is shown in percentages
|clearpoke
|poke|p1|Sceptile, M, shiny
|poke|p1|Umbreon, M, shiny
|poke|p1|Forretress, M
|poke|p1|Entei, shiny
|poke|p1|Swampert, M
|poke|p1|Zygarde
|poke|p2|Reuniclus, M
|poke|p2|Aggron, F
|poke|p2|Whimsicott, F
|poke|p2|Tentacruel, M
|poke|p2|Fletchinder, F
|poke|p2|Krookodile, M
|rule|Swagger Clause: Swagger is banned
|rule|Baton Pass Clause: Limit one Pokémon knowing Baton Pass
|teampreview
|
|start
|switch|p1a: Gyro-Wall|Forretress, M|354\/354
|switch|p2a: Whimsicott|Whimsicott, F|261\/261
|turn|1
|
|move|p2a: Whimsicott|U-turn|p1a: Gyro-Wall
|-resisted|p1a: Gyro-Wall
|-damage|p1a: Gyro-Wall|338\/354
|
|switch|p2a: Tentacruel|Tentacruel, M|364\/364
|move|p1a: Gyro-Wall|Toxic|p2a: Tentacruel
|-fail|p2a: Tentacruel
|
|-heal|p1a: Gyro-Wall|354\/354|[from] item: Leftovers
|turn|2
|
|switch|p1a: The Kipper|Swampert, M|404\/404
|move|p2a: Tentacruel|Scald|p1a: The Kipper
|-damage|p1a: The Kipper|319\/404
|-status|p1a: The Kipper|brn
|
|-heal|p1a: The Kipper|344\/404 brn|[from] item: Leftovers
|-damage|p1a: The Kipper|294\/404 brn|[from] brn
|turn|3
|
|switch|p1a: 420BlazeIt|Entei, shiny|371\/371
|-ability|p1a: 420BlazeIt|Pressure
|move|p2a: Tentacruel|Toxic Spikes|p1a: 420BlazeIt
|-sidestart|p1: FlederMau5|move: Toxic Spikes
|
|turn|4
|
|move|p1a: 420BlazeIt|Stone Edge|p2a: Tentacruel
|-damage|p2a: Tentacruel|198\/364
|move|p2a: Tentacruel|Scald|p1a: 420BlazeIt
|-supereffective|p1a: 420BlazeIt
|-damage|p1a: 420BlazeIt|165\/371
|
|-heal|p2a: Tentacruel|220\/364|[from] item: Black Sludge
|turn|5
|
|switch|p1a: Cheshire|Umbreon, M, shiny|394\/394
|-status|p1a: Cheshire|psn
|switch|p2a: Aggron|Aggron, F|344\/344
|
|-damage|p1a: Cheshire|345\/394 psn|[from] psn
|turn|6
|
|switch|p1a: Gyro-Wall|Forretress, M|354\/354
|detailschange|p2a: Aggron|Aggron-Mega, F
|message|Aggron has Mega Evolved into Mega Aggron!
|move|p2a: Aggron|Stealth Rock|p1a: Gyro-Wall
|-sidestart|p1: FlederMau5|move: Stealth Rock
|
|turn|7
|
|switch|p2a: Tentacruel|Tentacruel, M|220\/364
|move|p1a: Gyro-Wall|Rapid Spin|p2a: Tentacruel
|-damage|p2a: Tentacruel|206\/364
|-sideend|p1: FlederMau5|Toxic Spikes|[from] move: Rapid Spin|[of] p1a: Gyro-Wall
|-sideend|p1: FlederMau5|Stealth Rock|[from] move: Rapid Spin|[of] p1a: Gyro-Wall
|
|-heal|p2a: Tentacruel|228\/364|[from] item: Black Sludge
|turn|8
|
|switch|p1a: Swagtile|Sceptile, M, shiny|282\/282
|move|p2a: Tentacruel|Scald|p1a: Swagtile
|-resisted|p1a: Swagtile
|-damage|p1a: Swagtile|235\/282
|-status|p1a: Swagtile|brn
|
|-heal|p2a: Tentacruel|250\/364|[from] item: Black Sludge
|-damage|p1a: Swagtile|200\/282 brn|[from] brn
|turn|9
|
|switch|p1a: 420BlazeIt|Entei, shiny|165\/371
|-ability|p1a: 420BlazeIt|Pressure
|switch|p2a: Whimsicott|Whimsicott, F|261\/261
|
|turn|10
|
|move|p2a: Whimsicott|U-turn|p1a: 420BlazeIt
|-resisted|p1a: 420BlazeIt
|-damage|p1a: 420BlazeIt|141\/371
|
|switch|p2a: Reuniclus|Reuniclus, M|424\/424
|move|p1a: 420BlazeIt|Sacred Fire|p2a: Reuniclus
|-damage|p2a: Reuniclus|198\/424
|-status|p2a: Reuniclus|brn
|
|-heal|p2a: Reuniclus|224\/424 brn|[from] item: Leftovers
|turn|11
|
|move|p1a: 420BlazeIt|Sacred Fire|p2a: Reuniclus
|-damage|p2a: Reuniclus|5\/424 brn
|move|p2a: Reuniclus|Recover|p2a: Reuniclus
|-heal|p2a: Reuniclus|217\/424 brn
|
|-heal|p2a: Reuniclus|243\/424 brn|[from] item: Leftovers
|turn|12
|
|switch|p1a: EcoTerrorist|Zygarde|358\/358
|-ability|p1a: EcoTerrorist|Aura Break
|move|p2a: Reuniclus|Psyshock|p1a: EcoTerrorist
|-damage|p1a: EcoTerrorist|261\/358
|
|-heal|p2a: Reuniclus|269\/424 brn|[from] item: Leftovers
|turn|13
|
|switch|p2a: Whimsicott|Whimsicott, F|261\/261
|move|p1a: EcoTerrorist|Dragon Dance|p1a: EcoTerrorist
|-boost|p1a: EcoTerrorist|atk|1
|-boost|p1a: EcoTerrorist|spe|1
|
|turn|14
|
|switch|p1a: Gyro-Wall|Forretress, M|354\/354
|move|p2a: Whimsicott|Encore|p1a: Gyro-Wall
|-fail|p1a: Gyro-Wall
|
|turn|15
|
|move|p2a: Whimsicott|U-turn|p1a: Gyro-Wall
|-resisted|p1a: Gyro-Wall
|-damage|p1a: Gyro-Wall|338\/354
|
|switch|p2a: Reuniclus|Reuniclus, M|269\/424 brn
|move|p1a: Gyro-Wall|Volt Switch|p2a: Reuniclus
|-crit|p2a: Reuniclus
|-damage|p2a: Reuniclus|207\/424 brn
|
|switch|p1a: Swagtile|Sceptile, M, shiny|200\/282 brn
|
|-heal|p2a: Reuniclus|233\/424 brn|[from] item: Leftovers
|-damage|p1a: Swagtile|165\/282 brn|[from] brn
|turn|16
|
|switch|p2a: Whimsicott|Whimsicott, F|261\/261
|detailschange|p1a: Swagtile|Sceptile-Mega, M, shiny
|message|Sceptile has Mega Evolved into Mega Sceptile!
|move|p1a: Swagtile|Leaf Storm|p2a: Whimsicott
|-resisted|p2a: Whimsicott
|-damage|p2a: Whimsicott|74\/261
|-unboost|p1a: Swagtile|spa|2
|
|-damage|p1a: Swagtile|130\/282 brn|[from] brn
|turn|17
|
|switch|p1a: Gyro-Wall|Forretress, M|338\/354
|switch|p2a: Aggron|Aggron-Mega, F|344\/344
|
|-heal|p1a: Gyro-Wall|354\/354|[from] item: Leftovers
|turn|18
|
|switch|p2a: Reuniclus|Reuniclus, M|233\/424 brn
|move|p1a: Gyro-Wall|Volt Switch|p2a: Reuniclus
|-damage|p2a: Reuniclus|187\/424 brn
|
|switch|p1a: EcoTerrorist|Zygarde|261\/358
|-ability|p1a: EcoTerrorist|Aura Break
|
|-heal|p2a: Reuniclus|213\/424 brn|[from] item: Leftovers
|turn|19
|
|move|p1a: EcoTerrorist|Dragon Dance|p1a: EcoTerrorist
|-boost|p1a: EcoTerrorist|atk|1
|-boost|p1a: EcoTerrorist|spe|1
|move|p2a: Reuniclus|Recover|p2a: Reuniclus
|-heal|p2a: Reuniclus|424\/424 brn
|
|turn|20
|
|move|p1a: EcoTerrorist|Dragon Dance|p1a: EcoTerrorist
|-boost|p1a: EcoTerrorist|atk|1
|-boost|p1a: EcoTerrorist|spe|1
|move|p2a: Reuniclus|Psyshock|p1a: EcoTerrorist
|-damage|p1a: EcoTerrorist|161\/358
|
|turn|21
|
|switch|p2a: Whimsicott|Whimsicott, F|74\/261
|move|p1a: EcoTerrorist|Earthquake|p2a: Whimsicott
|-resisted|p2a: Whimsicott
|-damage|p2a: Whimsicott|0 fnt
|faint|p2a: Whimsicott
|
|
|switch|p2a: Krookodile|Krookodile, M|332\/332
|turn|22
|
|move|p1a: EcoTerrorist|Earthquake|p2a: Krookodile
|-damage|p2a: Krookodile|0 fnt
|faint|p2a: Krookodile
|
|
|switch|p2a: Fletchinder|Fletchinder, F|291\/291
|turn|23
|
|move|p1a: EcoTerrorist|Extreme Speed|p2a: Fletchinder
|-damage|p2a: Fletchinder|16\/291
|move|p2a: Fletchinder|Acrobatics|p1a: EcoTerrorist
|-damage|p1a: EcoTerrorist|40\/358
|
|turn|24
|
|move|p1a: EcoTerrorist|Extreme Speed|p2a: Fletchinder
|-damage|p2a: Fletchinder|0 fnt
|faint|p2a: Fletchinder
|
|
|switch|p2a: Reuniclus|Reuniclus, M|424\/424 brn
|turn|25
|c|★FlederMau5|O.o
|
|move|p1a: EcoTerrorist|Outrage|p2a: Reuniclus
|-damage|p2a: Reuniclus|73\/424 brn
|move|p2a: Reuniclus|Psyshock|p1a: EcoTerrorist
|-damage|p1a: EcoTerrorist|0 fnt
|faint|p1a: EcoTerrorist
|
|-heal|p2a: Reuniclus|99\/424 brn|[from] item: Leftovers
|
|switch|p1a: 420BlazeIt|Entei, shiny|141\/371
|-ability|p1a: 420BlazeIt|Pressure
|turn|26
|
|switch|p2a: Aggron|Aggron-Mega, F|344\/344
|move|p1a: 420BlazeIt|Sacred Fire|p2a: Aggron
|-supereffective|p2a: Aggron
|-damage|p2a: Aggron|163\/344
|-status|p2a: Aggron|brn
|
|-damage|p2a: Aggron|120\/344 brn|[from] brn
|turn|27
|
|move|p1a: 420BlazeIt|Sacred Fire|p2a: Aggron
|-supereffective|p2a: Aggron
|-damage|p2a: Aggron|0 fnt
|faint|p2a: Aggron
|
|
|switch|p2a: Tentacruel|Tentacruel, M|250\/364
|turn|28
|
|switch|p1a: Gyro-Wall|Forretress, M|354\/354
|switch|p2a: Reuniclus|Reuniclus, M|99\/424 brn
|
|-heal|p2a: Reuniclus|125\/424 brn|[from] item: Leftovers
|turn|29
|
|move|p1a: Gyro-Wall|Volt Switch|p2a: Reuniclus
|-damage|p2a: Reuniclus|82\/424 brn
|
|switch|p1a: Swagtile|Sceptile-Mega, M, shiny|130\/282 brn
|move|p2a: Reuniclus|Recover|p2a: Reuniclus
|-heal|p2a: Reuniclus|294\/424 brn
|
|-heal|p2a: Reuniclus|320\/424 brn|[from] item: Leftovers
|-damage|p1a: Swagtile|95\/282 brn|[from] brn
|turn|30
|
|switch|p2a: Tentacruel|Tentacruel, M|250\/364
|move|p1a: Swagtile|Leaf Storm|p2a: Tentacruel
|-damage|p2a: Tentacruel|21\/364
|-unboost|p1a: Swagtile|spa|2
|
|-heal|p2a: Tentacruel|43\/364|[from] item: Black Sludge
|-damage|p1a: Swagtile|60\/282 brn|[from] brn
|turn|31
|
|switch|p1a: Gyro-Wall|Forretress, M|354\/354
|move|p2a: Tentacruel|Toxic Spikes|p1a: Gyro-Wall
|-sidestart|p1: FlederMau5|move: Toxic Spikes
|
|-heal|p2a: Tentacruel|65\/364|[from] item: Black Sludge
|turn|32
|
|move|p2a: Tentacruel|Scald|p1a: Gyro-Wall
|-damage|p1a: Gyro-Wall|281\/354
|move|p1a: Gyro-Wall|Volt Switch|p2a: Tentacruel
|-supereffective|p2a: Tentacruel
|-damage|p2a: Tentacruel|3\/364
|
|switch|p1a: Cheshire|Umbreon, M, shiny|345\/394 psn
|
|-heal|p2a: Tentacruel|25\/364|[from] item: Black Sludge
|-heal|p1a: Cheshire|369\/394 psn|[from] item: Leftovers
|-damage|p1a: Cheshire|320\/394 psn|[from] psn
|turn|33
|
|switch|p2a: Reuniclus|Reuniclus, M|320\/424 brn
|move|p1a: Cheshire|Wish|p1a: Cheshire
|
|-heal|p1a: Cheshire|344\/394 psn|[from] item: Leftovers
|-heal|p2a: Reuniclus|346\/424 brn|[from] item: Leftovers
|-damage|p1a: Cheshire|295\/394 psn|[from] psn
|turn|34
|
|switch|p1a: 420BlazeIt|Entei, shiny|141\/371
|-status|p1a: 420BlazeIt|psn
|-ability|p1a: 420BlazeIt|Pressure
|move|p2a: Reuniclus|Psyshock|p1a: 420BlazeIt
|-crit|p1a: 420BlazeIt
|-damage|p1a: 420BlazeIt|0 fnt
|faint|p1a: 420BlazeIt
|
|-heal|p2a: Reuniclus|372\/424 brn|[from] item: Leftovers
|
|switch|p1a: Swagtile|Sceptile-Mega, M, shiny|60\/282 brn
|turn|35
|
|switch|p2a: Tentacruel|Tentacruel, M|25\/364
|move|p1a: Swagtile|Leaf Storm|p2a: Tentacruel
|-damage|p2a: Tentacruel|0 fnt
|-unboost|p1a: Swagtile|spa|2
|faint|p2a: Tentacruel
|
|-damage|p1a: Swagtile|25\/282 brn|[from] brn
|
|switch|p2a: Reuniclus|Reuniclus, M|372\/424 brn
|turn|36
|
|switch|p1a: Gyro-Wall|Forretress, M|281\/354
|move|p2a: Reuniclus|Calm Mind|p2a: Reuniclus
|-boost|p2a: Reuniclus|spa|1
|-boost|p2a: Reuniclus|spd|1
|
|-heal|p1a: Gyro-Wall|303\/354|[from] item: Leftovers
|-heal|p2a: Reuniclus|398\/424 brn|[from] item: Leftovers
|turn|37
|-message|FlederMau5 forfeited.
|
|win|I'm Bi...sharp
|raw|Ladder updating...
|leave|FlederMau5
|player|p1
|c|★I'm Bi...sharp|this is how you comeback boys
|raw|FlederMau5's rating: 1447 &rarr; <strong>1420<\/strong><br \/>(-27 for losing)
|raw|I&apos;m Bi...sharp's rating: 1321 &rarr; <strong>1348<\/strong><br \/>(+27 for winning)