|join|FlederMau5
|join|18lake
|player|p1|FlederMau5|169
|player|p2|18lake|2
|gametype|singles
|gen|6
|tier|UU
|rated
|rule|Sleep Clause Mod: Limit one foe put to sleep
|rule|Species Clause: Limit one of each Pokémon
|rule|OHKO Clause: OHKO moves are banned
|rule|Moody Clause: Moody is banned
|rule|Evasion Moves Clause: Evasion moves are banned
|rule|Endless Battle Clause: Forcing endless battles is banned
|rule|HP Percentage Mod: HP is reported as percentages
|clearpoke
|poke|p1|Haxorus, M, shiny
|poke|p1|Noivern, M
|poke|p1|Florges, F
|poke|p1|Blastoise, F
|poke|p1|Swampert, M
|poke|p1|Victini, shiny
|poke|p2|Victini
|poke|p2|Ampharos, M
|poke|p2|Forretress, F
|poke|p2|Hippowdon, M
|poke|p2|Stoutland, M
|poke|p2|Florges, F
|rule|Swagger Clause: Swagger is banned
|rule|Baton Pass Clause: Limit one Pokémon knowing Baton Pass
|teampreview
|chat|18lake|gl
|
|start
|switch|p1a: Alla dat|Victini, shiny|341\/341
|switch|p2a: Turn|Victini|341\/341
|turn|1
|chat|FlederMau5|good luck
|
|move|p2a: Turn|V-create|p1a: Alla dat
|-resisted|p1a: Alla dat
|-damage|p1a: Alla dat|143\/341
|-unboost|p2a: Turn|def|1
|-unboost|p2a: Turn|spd|1
|-unboost|p2a: Turn|spe|1
|move|p1a: Alla dat|U-turn|p2a: Turn
|-damage|p2a: Turn|179\/341
|chat|18lake|damn
|chat|18lake|dat speed tie
|
|switch|p1a: FlederMau5|Noivern, M|311\/311
|
|turn|2
|
|switch|p2a: Blooming Death|Florges, F|360\/360
|move|p1a: FlederMau5|Hurricane|p2a: Blooming Death|[miss]
|-miss|p1a: FlederMau5|p2a: Blooming Death
|
|turn|3
|
|switch|p1a: Roserade?|Florges, F|360\/360
|move|p2a: Blooming Death|Wish|p2a: Blooming Death
|
|turn|4
|
|switch|p2a: Turn|Victini|179\/341
|move|p1a: Roserade?|Wish|p1a: Roserade?
|
|-heal|p2a: Turn|341\/341|[from] move: Wish|[wisher] Blooming Death
|turn|5
|
|switch|p1a: Broadsides|Blastoise, F|362\/362
|move|p2a: Turn|U-turn|p1a: Broadsides
|-damage|p1a: Broadsides|251\/362
|
|switch|p2a: Volt|Ampharos, M|384\/384
|
|-heal|p1a: Broadsides|362\/362|[from] move: Wish|[wisher] Roserade?
|turn|6
|
|switch|p1a: The Kipper|Swampert, M|404\/404
|detailschange|p2a: Volt|Ampharos-Mega, M
|message|Ampharos has Mega Evolved into Mega Ampharos!
|-ability|p2a: Volt|Mold Breaker
|move|p2a: Volt|Dragon Pulse|p1a: The Kipper
|-damage|p1a: The Kipper|172\/404
|
|-heal|p1a: The Kipper|197\/404|[from] item: Leftovers
|turn|7
|
|switch|p2a: Phat Hippo|Hippowdon, M|420\/420
|-weather|Sandstorm
|move|p1a: The Kipper|Stealth Rock|p2a: Phat Hippo
|-sidestart|p2: 18lake|move: Stealth Rock
|
|-weather|Sandstorm|[upkeep]
|-heal|p1a: The Kipper|222\/404|[from] item: Leftovers
|turn|8
|
|switch|p1a: Broadsides|Blastoise, F|362\/362
|move|p2a: Phat Hippo|Stealth Rock|p1a: Broadsides
|-sidestart|p1: FlederMau5|move: Stealth Rock
|
|-weather|Sandstorm|[upkeep]
|-damage|p1a: Broadsides|340\/362|[from] sandstorm
|turn|9
|
|switch|p2a: Blooming Death|Florges, F|360\/360
|-damage|p2a: Blooming Death|315\/360|[from] Stealth Rock
|detailschange|p1a: Broadsides|Blastoise-Mega, F
|message|Blastoise has Mega Evolved into Mega Blastoise!
|move|p1a: Broadsides|Scald|p2a: Blooming Death
|-damage|p2a: Blooming Death|221\/360
|
|-weather|Sandstorm|[upkeep]
|-damage|p1a: Broadsides|318\/362|[from] sandstorm
|-damage|p2a: Blooming Death|199\/360|[from] sandstorm
|-heal|p2a: Blooming Death|221\/360|[from] item: Leftovers
|turn|10
|
|move|p1a: Broadsides|Rapid Spin|p2a: Blooming Death
|-damage|p2a: Blooming Death|200\/360
|-sideend|p1: FlederMau5|Stealth Rock|[from] move: Rapid Spin|[of] p1a: Broadsides
|move|p2a: Blooming Death|Wish|p2a: Blooming Death
|
|-weather|Sandstorm|[upkeep]
|-damage|p1a: Broadsides|296\/362|[from] sandstorm
|-damage|p2a: Blooming Death|178\/360|[from] sandstorm
|-heal|p2a: Blooming Death|200\/360|[from] item: Leftovers
|turn|11
|
|move|p1a: Broadsides|Scald|p2a: Blooming Death
|-damage|p2a: Blooming Death|109\/360
|move|p2a: Blooming Death|Moonblast|p1a: Broadsides
|-damage|p1a: Broadsides|172\/362
|
|-weather|Sandstorm|[upkeep]
|-damage|p1a: Broadsides|150\/362|[from] sandstorm
|-damage|p2a: Blooming Death|87\/360|[from] sandstorm
|-heal|p2a: Blooming Death|267\/360|[from] move: Wish|[wisher] Blooming Death
|-heal|p2a: Blooming Death|289\/360|[from] item: Leftovers
|turn|12
|
|switch|p1a: Roserade?|Florges, F|360\/360
|switch|p2a: Turn|Victini|341\/341
|-damage|p2a: Turn|256\/341|[from] Stealth Rock
|
|-weather|Sandstorm|[upkeep]
|-damage|p2a: Turn|235\/341|[from] sandstorm
|-damage|p1a: Roserade?|338\/360|[from] sandstorm
|-heal|p1a: Roserade?|360\/360|[from] item: Leftovers
|turn|13
|
|move|p1a: Roserade?|Protect|p1a: Roserade?
|-singleturn|p1a: Roserade?|Protect
|move|p2a: Turn|V-create|p1a: Roserade?
|-activate|p1a: Roserade?|Protect
|
|-weather|Sandstorm|[upkeep]
|-damage|p2a: Turn|214\/341|[from] sandstorm
|-damage|p1a: Roserade?|338\/360|[from] sandstorm
|-heal|p1a: Roserade?|360\/360|[from] item: Leftovers
|turn|14
|
|switch|p1a: The Kipper|Swampert, M|222\/404
|move|p2a: Turn|V-create|p1a: The Kipper
|-resisted|p1a: The Kipper
|-damage|p1a: The Kipper|71\/404
|-unboost|p2a: Turn|def|1
|-unboost|p2a: Turn|spd|1
|-unboost|p2a: Turn|spe|1
|
|-weather|none
|-heal|p1a: The Kipper|96\/404|[from] item: Leftovers
|turn|15
|
|switch|p2a: Wall|Forretress, F|354\/354
|-damage|p2a: Wall|310\/354|[from] Stealth Rock
|move|p1a: The Kipper|Earthquake|p2a: Wall
|-damage|p2a: Wall|222\/354
|
|-heal|p1a: The Kipper|121\/404|[from] item: Leftovers
|-heal|p2a: Wall|244\/354|[from] item: Leftovers
|turn|16
|
|switch|p1a: FlederMau5|Noivern, M|311\/311
|move|p2a: Wall|Toxic|p1a: FlederMau5
|-status|p1a: FlederMau5|tox
|
|-heal|p2a: Wall|266\/354|[from] item: Leftovers
|-damage|p1a: FlederMau5|292\/311 tox|[from] psn
|turn|17
|
|move|p1a: FlederMau5|Hurricane|p2a: Wall|[miss]
|-miss|p1a: FlederMau5|p2a: Wall
|move|p2a: Wall|Rapid Spin|p1a: FlederMau5
|-damage|p1a: FlederMau5|275\/311 tox
|-sideend|p2: 18lake|Stealth Rock|[from] move: Rapid Spin|[of] p2a: Wall
|
|-heal|p2a: Wall|288\/354|[from] item: Leftovers
|-damage|p1a: FlederMau5|237\/311 tox|[from] psn
|turn|18
|
|switch|p1a: Alla dat|Victini, shiny|143\/341
|switch|p2a: Phat Hippo|Hippowdon, M|420\/420
|-weather|Sandstorm
|
|-weather|Sandstorm|[upkeep]
|-damage|p1a: Alla dat|122\/341|[from] sandstorm
|turn|19
|
|move|p1a: Alla dat|U-turn|p2a: Phat Hippo
|-damage|p2a: Phat Hippo|339\/420
|
|switch|p1a: Roserade?|Florges, F|360\/360
|move|p2a: Phat Hippo|Earthquake|p1a: Roserade?
|-damage|p1a: Roserade?|251\/360
|
|-weather|Sandstorm|[upkeep]
|-damage|p1a: Roserade?|229\/360|[from] sandstorm
|-heal|p1a: Roserade?|251\/360|[from] item: Leftovers
|turn|20
|
|move|p1a: Roserade?|Wish|p1a: Roserade?
|move|p2a: Phat Hippo|Stealth Rock|p1a: Roserade?
|-sidestart|p1: FlederMau5|move: Stealth Rock
|
|-weather|Sandstorm|[upkeep]
|-damage|p1a: Roserade?|229\/360|[from] sandstorm
|-heal|p1a: Roserade?|251\/360|[from] item: Leftovers
|turn|21
|
|switch|p1a: The Kipper|Swampert, M|121\/404
|-damage|p1a: The Kipper|96\/404|[from] Stealth Rock
|move|p2a: Phat Hippo|Earthquake|p1a: The Kipper
|-damage|p1a: The Kipper|0 fnt
|faint|p1a: The Kipper
|
|-weather|Sandstorm|[upkeep]
|
|switch|p1a: Broadsides|Blastoise-Mega, F|150\/362
|-damage|p1a: Broadsides|105\/362|[from] Stealth Rock
|turn|22
|
|switch|p2a: Blooming Death|Florges, F|289\/360
|move|p1a: Broadsides|Scald|p2a: Blooming Death
|-damage|p2a: Blooming Death|192\/360
|
|-weather|Sandstorm|[upkeep]
|-damage|p1a: Broadsides|83\/362|[from] sandstorm
|-damage|p2a: Blooming Death|170\/360|[from] sandstorm
|-heal|p2a: Blooming Death|192\/360|[from] item: Leftovers
|turn|23
|
|move|p1a: Broadsides|Rapid Spin|p2a: Blooming Death
|-damage|p2a: Blooming Death|170\/360
|-sideend|p1: FlederMau5|Stealth Rock|[from] move: Rapid Spin|[of] p1a: Broadsides
|move|p2a: Blooming Death|Wish|p2a: Blooming Death
|
|-weather|Sandstorm|[upkeep]
|-damage|p1a: Broadsides|61\/362|[from] sandstorm
|-damage|p2a: Blooming Death|148\/360|[from] sandstorm
|-heal|p2a: Blooming Death|170\/360|[from] item: Leftovers
|turn|24
|
|switch|p1a: Roserade?|Florges, F|251\/360
|move|p2a: Blooming Death|Moonblast|p1a: Roserade?
|-damage|p1a: Roserade?|149\/360
|
|-weather|Sandstorm|[upkeep]
|-damage|p1a: Roserade?|127\/360|[from] sandstorm
|-damage|p2a: Blooming Death|148\/360|[from] sandstorm
|-heal|p2a: Blooming Death|328\/360|[from] move: Wish|[wisher] Blooming Death
|-heal|p2a: Blooming Death|350\/360|[from] item: Leftovers
|-heal|p1a: Roserade?|149\/360|[from] item: Leftovers
|turn|25
|
|switch|p2a: Turn|Victini|214\/341
|move|p1a: Roserade?|Wish|p1a: Roserade?
|
|-weather|none
|-heal|p1a: Roserade?|171\/360|[from] item: Leftovers
|turn|26
|
|move|p1a: Roserade?|Protect|p1a: Roserade?
|-singleturn|p1a: Roserade?|Protect
|move|p2a: Turn|V-create|p1a: Roserade?
|-activate|p1a: Roserade?|Protect
|
|-heal|p1a: Roserade?|351\/360|[from] move: Wish|[wisher] Roserade?
|-heal|p1a: Roserade?|360\/360|[from] item: Leftovers
|turn|27
|
|switch|p1a: Broadsides|Blastoise-Mega, F|61\/362
|move|p2a: Turn|V-create|p1a: Broadsides
|-resisted|p1a: Broadsides
|-damage|p1a: Broadsides|0 fnt
|-unboost|p2a: Turn|def|1
|-unboost|p2a: Turn|spd|1
|-unboost|p2a: Turn|spe|1
|faint|p1a: Broadsides
|
|
|switch|p1a: The Terror|Haxorus, M, shiny|303\/303
|-ability|p1a: The Terror|Mold Breaker
|turn|28
|
|switch|p2a: Wall|Forretress, F|288\/354
|move|p1a: The Terror|Dragon Dance|p1a: The Terror
|-boost|p1a: The Terror|atk|1
|-boost|p1a: The Terror|spe|1
|
|-heal|p2a: Wall|310\/354|[from] item: Leftovers
|turn|29
|
|switch|p1a: Alla dat|Victini, shiny|122\/341
|move|p2a: Wall|Toxic|p1a: Alla dat
|-status|p1a: Alla dat|tox
|
|-heal|p2a: Wall|332\/354|[from] item: Leftovers
|-damage|p1a: Alla dat|101\/341 tox|[from] psn
|turn|30
|
|switch|p2a: Phat Hippo|Hippowdon, M|339\/420
|-weather|Sandstorm
|move|p1a: Alla dat|V-create|p2a: Phat Hippo
|-crit|p2a: Phat Hippo
|-damage|p2a: Phat Hippo|0 fnt
|-unboost|p1a: Alla dat|def|1
|-unboost|p1a: Alla dat|spd|1
|-unboost|p1a: Alla dat|spe|1
|faint|p2a: Phat Hippo
|
|-weather|Sandstorm|[upkeep]
|-damage|p1a: Alla dat|80\/341 tox|[from] sandstorm
|-damage|p1a: Alla dat|38\/341 tox|[from] psn
|
|switch|p2a: Swag Stache|Stoutland, M|312\/312
|turn|31
|
|move|p2a: Swag Stache|Return|p1a: Alla dat
|-damage|p1a: Alla dat|0 fnt
|-damage|p2a: Swag Stache|281\/312|[from] item: Life Orb
|faint|p1a: Alla dat
|
|-weather|Sandstorm|[upkeep]
|
|switch|p1a: Roserade?|Florges, F|360\/360
|turn|32
|
|move|p2a: Swag Stache|Return|p1a: Roserade?
|-damage|p1a: Roserade?|138\/360
|-damage|p2a: Swag Stache|250\/312|[from] item: Life Orb
|move|p1a: Roserade?|Wish|p1a: Roserade?
|
|-weather|Sandstorm|[upkeep]
|-damage|p1a: Roserade?|116\/360|[from] sandstorm
|-heal|p1a: Roserade?|138\/360|[from] item: Leftovers
|turn|33
|
|move|p1a: Roserade?|Protect|p1a: Roserade?
|-singleturn|p1a: Roserade?|Protect
|move|p2a: Swag Stache|Return|p1a: Roserade?
|-activate|p1a: Roserade?|Protect
|
|-weather|Sandstorm|[upkeep]
|-damage|p1a: Roserade?|116\/360|[from] sandstorm
|-heal|p1a: Roserade?|296\/360|[from] move: Wish|[wisher] Roserade?
|-heal|p1a: Roserade?|318\/360|[from] item: Leftovers
|turn|34
|
|move|p2a: Swag Stache|Return|p1a: Roserade?
|-damage|p1a: Roserade?|107\/360
|-damage|p2a: Swag Stache|219\/312|[from] item: Life Orb
|move|p1a: Roserade?|Wish|p1a: Roserade?
|
|-weather|Sandstorm|[upkeep]
|-damage|p1a: Roserade?|85\/360|[from] sandstorm
|-heal|p1a: Roserade?|107\/360|[from] item: Leftovers
|turn|35
|
|move|p1a: Roserade?|Protect|p1a: Roserade?
|-singleturn|p1a: Roserade?|Protect
|move|p2a: Swag Stache|Return|p1a: Roserade?
|-activate|p1a: Roserade?|Protect
|
|-weather|Sandstorm|[upkeep]
|-damage|p1a: Roserade?|85\/360|[from] sandstorm
|-heal|p1a: Roserade?|265\/360|[from] move: Wish|[wisher] Roserade?
|-heal|p1a: Roserade?|287\/360|[from] item: Leftovers
|turn|36
|
|move|p2a: Swag Stache|Return|p1a: Roserade?
|-damage|p1a: Roserade?|75\/360
|-damage|p2a: Swag Stache|188\/312|[from] item: Life Orb
|move|p1a: Roserade?|Wish|p1a: Roserade?
|
|-weather|Sandstorm|[upkeep]
|-damage|p1a: Roserade?|53\/360|[from] sandstorm
|-heal|p1a: Roserade?|75\/360|[from] item: Leftovers
|turn|37
|
|move|p1a: Roserade?|Protect|p1a: Roserade?
|-singleturn|p1a: Roserade?|Protect
|move|p2a: Swag Stache|Return|p1a: Roserade?
|-activate|p1a: Roserade?|Protect
|
|-weather|none
|-heal|p1a: Roserade?|255\/360|[from] move: Wish|[wisher] Roserade?
|-heal|p1a: Roserade?|277\/360|[from] item: Leftovers
|turn|38
|
|move|p2a: Swag Stache|Return|p1a: Roserade?
|-damage|p1a: Roserade?|63\/360
|-damage|p2a: Swag Stache|157\/312|[from] item: Life Orb
|move|p1a: Roserade?|Wish|p1a: Roserade?
|
|-heal|p1a: Roserade?|85\/360|[from] item: Leftovers
|turn|39
|
|switch|p2a: Wall|Forretress, F|332\/354
|move|p1a: Roserade?|Protect|p1a: Roserade?
|-fail|p1a: Roserade?
|
|-heal|p1a: Roserade?|265\/360|[from] move: Wish|[wisher] Roserade?
|-heal|p1a: Roserade?|287\/360|[from] item: Leftovers
|-heal|p2a: Wall|354\/354|[from] item: Leftovers
|turn|40
|
|switch|p1a: FlederMau5|Noivern, M|237\/311 tox
|move|p2a: Wall|Toxic|p1a: FlederMau5
|-fail|p1a: FlederMau5|tox
|
|-damage|p1a: FlederMau5|218\/311 tox|[from] psn
|turn|41
|
|move|p1a: FlederMau5|Hurricane|p2a: Wall
|-damage|p2a: Wall|17\/354
|move|p2a: Wall|Volt Switch|p1a: FlederMau5
|-damage|p1a: FlederMau5|158\/311 tox
|
|switch|p2a: Blooming Death|Florges, F|350\/360
|
|-heal|p2a: Blooming Death|360\/360|[from] item: Leftovers
|-damage|p1a: FlederMau5|120\/311 tox|[from] psn
|turn|42
|
|switch|p1a: Roserade?|Florges, F|287\/360
|move|p2a: Blooming Death|Wish|p2a: Blooming Death
|
|-heal|p1a: Roserade?|309\/360|[from] item: Leftovers
|turn|43
|
|switch|p2a: Turn|Victini|214\/341
|move|p1a: Roserade?|Moonblast|p2a: Turn
|-resisted|p2a: Turn
|-damage|p2a: Turn|158\/341
|
|-heal|p2a: Turn|338\/341|[from] move: Wish|[wisher] Blooming Death
|-heal|p1a: Roserade?|331\/360|[from] item: Leftovers
|turn|44
|
|move|p1a: Roserade?|Protect|p1a: Roserade?
|-singleturn|p1a: Roserade?|Protect
|move|p2a: Turn|V-create|p1a: Roserade?
|-activate|p1a: Roserade?|Protect
|
|-heal|p1a: Roserade?|353\/360|[from] item: Leftovers
|turn|45
|
|move|p2a: Turn|V-create|p1a: Roserade?
|-damage|p1a: Roserade?|17\/360
|-unboost|p2a: Turn|def|1
|-unboost|p2a: Turn|spd|1
|-unboost|p2a: Turn|spe|1
|move|p1a: Roserade?|Wish|p1a: Roserade?
|
|-heal|p1a: Roserade?|39\/360|[from] item: Leftovers
|turn|46
|
|switch|p1a: The Terror|Haxorus, M, shiny|303\/303
|-ability|p1a: The Terror|Mold Breaker
|move|p2a: Turn|V-create|p1a: The Terror
|-resisted|p1a: The Terror
|-damage|p1a: The Terror|77\/303
|-unboost|p2a: Turn|def|1
|-unboost|p2a: Turn|spd|1
|-unboost|p2a: Turn|spe|1
|
|-heal|p1a: The Terror|257\/303|[from] move: Wish|[wisher] Roserade?
|turn|47
|
|switch|p2a: Blooming Death|Florges, F|360\/360
|move|p1a: The Terror|Dragon Dance|p1a: The Terror
|-boost|p1a: The Terror|atk|1
|-boost|p1a: The Terror|spe|1
|
|turn|48
|
|move|p1a: The Terror|Poison Jab|p2a: Blooming Death
|-supereffective|p2a: Blooming Death
|-damage|p2a: Blooming Death|0 fnt
|faint|p2a: Blooming Death
|
|
|switch|p2a: Swag Stache|Stoutland, M|157\/312
|turn|49
|
|move|p1a: The Terror|Dual Chop|p2a: Swag Stache
|-damage|p2a: Swag Stache|25\/312
|-damage|p2a: Swag Stache|0 fnt
|-hitcount|p2a: Swag Stache|2
|faint|p2a: Swag Stache
|
|
|switch|p2a: Volt|Ampharos-Mega, M|384\/384
|-ability|p2a: Volt|Mold Breaker
|turn|50
|
|move|p1a: The Terror|Dual Chop|p2a: Volt
|-supereffective|p2a: Volt
|-damage|p2a: Volt|148\/384
|-supereffective|p2a: Volt
|-damage|p2a: Volt|0 fnt
|-hitcount|p2a: Volt|2
|faint|p2a: Volt
|
|chat|18lake|gg
|
|switch|p2a: Turn|Victini|338\/341
|turn|51
|
|move|p1a: The Terror|Earthquake|p2a: Turn
|-supereffective|p2a: Turn
|-damage|p2a: Turn|0 fnt
|faint|p2a: Turn
|
|
|switch|p2a: Wall|Forretress, F|17\/354
|turn|52
|
|move|p1a: The Terror|Earthquake|p2a: Wall
|-damage|p2a: Wall|0 fnt
|faint|p2a: Wall
|
|win|FlederMau5
|raw|Ladder updating...
|raw|FlederMau5's rating: 1627 &rarr; <strong>1642<\/strong><br \/>(+15 for winning)
|raw|18lake's rating: 1531 &rarr; <strong>1517<\/strong><br \/>(-14 for losing)
|leave|18lake
|player|p2