|join|FlederMau5
|join|stuu
|player|p1|FlederMau5|169
|player|p2|stuu|29
|gametype|singles
|gen|6
|tier|UU
|rated
|rule|Sleep Clause Mod: Limit one foe put to sleep
|rule|Species Clause: Limit one of each Pokémon
|rule|OHKO Clause: OHKO moves are banned
|rule|Moody Clause: Moody is banned
|rule|Evasion Moves Clause: Evasion moves are banned
|rule|Endless Battle Clause: Forcing endless battles is banned
|rule|HP Percentage Mod: HP is reported as percentages
|clearpoke
|poke|p1|Ampharos, F
|poke|p1|Crobat, M
|poke|p1|Victini, shiny
|poke|p1|Swampert, M
|poke|p1|Forretress, F
|poke|p1|Umbreon, M, shiny
|poke|p2|Alomomola, M
|poke|p2|Mew
|poke|p2|Celebi, shiny
|poke|p2|Aromatisse, M
|poke|p2|Aerodactyl, M, shiny
|poke|p2|Blissey, F
|rule|Swagger Clause: Swagger is banned
|rule|Baton Pass Clause: Limit one Pokémon knowing Baton Pass
|teampreview
|
|start
|switch|p1a: Alla Dat|Victini, shiny|341\/341
|switch|p2a: Aerodactyl|Aerodactyl, M, shiny|321\/321
|-ability|p2a: Aerodactyl|Pressure
|turn|1
|
|detailschange|p2a: Aerodactyl|Aerodactyl-Mega, M, shiny
|message|Aerodactyl has Mega Evolved into Mega Aerodactyl!
|move|p2a: Aerodactyl|Pursuit|p1a: Alla Dat|[from]Pursuit
|-supereffective|p1a: Alla Dat
|-damage|p1a: Alla Dat|67\/341
|switch|p1a: The Kipper|Swampert, M|404\/404
|
|turn|2
|
|switch|p2a: Mew|Mew|404\/404
|move|p1a: The Kipper|Stealth Rock|p2a: Mew
|-sidestart|p2: stuu|move: Stealth Rock
|
|turn|3
|
|switch|p1a: Cheshire|Umbreon, M, shiny|394\/394
|move|p2a: Mew|Defog|p1a: Cheshire
|-unboost|p1a: Cheshire|evasion|1
|-sideend|p2: stuu|Stealth Rock|[from] move: Defog|[of] p2a: Mew
|
|turn|4
|
|switch|p2a: Alomomola|Alomomola, M|472\/472
|move|p1a: Cheshire|Wish|p1a: Cheshire
|
|turn|5
|join|Etika Fan
|
|switch|p1a: Gyro-Wall|Forretress, F|354\/354
|move|p2a: Alomomola|Scald|p1a: Gyro-Wall
|-damage|p1a: Gyro-Wall|300\/354
|
|-heal|p1a: Gyro-Wall|354\/354|[from] move: Wish|[wisher] Cheshire
|turn|6
|
|switch|p2a: Aerodactyl|Aerodactyl-Mega, M, shiny|321\/321
|move|p1a: Gyro-Wall|Toxic|p2a: Aerodactyl
|-status|p2a: Aerodactyl|tox
|
|-damage|p2a: Aerodactyl|301\/321 tox|[from] psn
|turn|7
|
|move|p2a: Aerodactyl|Fire Fang|p1a: Gyro-Wall
|-supereffective|p1a: Gyro-Wall
|-damage|p1a: Gyro-Wall|38\/354
|-status|p1a: Gyro-Wall|brn
|move|p1a: Gyro-Wall|Volt Switch|p2a: Aerodactyl
|-supereffective|p2a: Aerodactyl
|-damage|p2a: Aerodactyl|227\/321 tox
|leave|Etika Fan
|
|switch|p1a: Cheshire|Umbreon, M, shiny|394\/394
|
|-damage|p2a: Aerodactyl|187\/321 tox|[from] psn
|turn|8
|
|switch|p2a: Alomomola|Alomomola, M|472\/472
|move|p1a: Cheshire|Heal Bell|p1a: Cheshire
|-cureteam|p1a: Cheshire|[from] move: HealBell
|
|turn|9
|
|move|p1a: Cheshire|Wish|p1a: Cheshire
|move|p2a: Alomomola|Scald|p1a: Cheshire
|-damage|p1a: Cheshire|366\/394
|-status|p1a: Cheshire|brn
|-status|p2a: Alomomola|brn
|
|-heal|p1a: Cheshire|390\/394 brn|[from] item: Leftovers
|-damage|p1a: Cheshire|341\/394 brn|[from] brn
|-damage|p2a: Alomomola|413\/472 brn|[from] brn
|turn|10
|
|switch|p1a: Thoreal|Ampharos, F|374\/374
|move|p2a: Alomomola|Scald|p1a: Thoreal
|-crit|p1a: Thoreal
|-damage|p1a: Thoreal|299\/374
|
|-heal|p1a: Thoreal|374\/374|[from] move: Wish|[wisher] Cheshire
|-damage|p2a: Alomomola|354\/472 brn|[from] brn
|turn|11
|chat|stuu|get the burn when i dont want it
|chat|stuu|dont when i do
|chat|stuu|.scald
|
|switch|p2a: Blissey|Blissey, F|652\/652
|detailschange|p1a: Thoreal|Ampharos-Mega, F
|message|Ampharos has Mega Evolved into Mega Ampharos!
|-ability|p1a: Thoreal|Mold Breaker
|move|p1a: Thoreal|Volt Switch|p2a: Blissey
|-damage|p2a: Blissey|550\/652
|
|switch|p1a: Alla Dat|Victini, shiny|67\/341
|
|-heal|p2a: Blissey|590\/652|[from] item: Leftovers
|turn|12
|
|switch|p2a: Alomomola|Alomomola, M|472\/472 brn
|move|p1a: Alla Dat|Trick|p2a: Alomomola
|-activate|p1a: Alla Dat|move: Trick|[of] p2a: Alomomola
|-item|p2a: Alomomola|Choice Band|[from] move: Trick
|-item|p1a: Alla Dat|Rocky Helmet|[from] move: Trick
|
|-damage|p2a: Alomomola|413\/472 brn|[from] brn
|turn|13
|
|move|p1a: Alla Dat|U-turn|p2a: Alomomola
|-damage|p2a: Alomomola|352\/472 brn
|
|switch|p1a: Thoreal|Ampharos-Mega, F|374\/374
|-ability|p1a: Thoreal|Mold Breaker
|move|p2a: Alomomola|Scald|p1a: Thoreal
|-resisted|p1a: Thoreal
|-damage|p1a: Thoreal|351\/374
|-status|p1a: Thoreal|brn
|
|-damage|p2a: Alomomola|293\/472 brn|[from] brn
|-damage|p1a: Thoreal|305\/374 brn|[from] brn
|turn|14
|
|switch|p2a: Blissey|Blissey, F|590\/652
|move|p1a: Thoreal|Volt Switch|p2a: Blissey
|-crit|p2a: Blissey
|-damage|p2a: Blissey|439\/652
|
|switch|p1a: Alla Dat|Victini, shiny|67\/341
|
|-heal|p2a: Blissey|479\/652|[from] item: Leftovers
|turn|15
|
|switch|p2a: Alomomola|Alomomola, M|450\/472 brn
|move|p1a: Alla Dat|V-create|p2a: Alomomola
|-resisted|p2a: Alomomola
|-damage|p2a: Alomomola|331\/472 brn
|-unboost|p1a: Alla Dat|def|1
|-unboost|p1a: Alla Dat|spd|1
|-unboost|p1a: Alla Dat|spe|1
|
|-damage|p2a: Alomomola|272\/472 brn|[from] brn
|turn|16
|
|move|p1a: Alla Dat|Bolt Strike|p2a: Alomomola|[miss]
|-miss|p1a: Alla Dat|p2a: Alomomola
|move|p2a: Alomomola|Scald|p1a: Alla Dat
|-supereffective|p1a: Alla Dat
|-damage|p1a: Alla Dat|0 fnt
|faint|p1a: Alla Dat
|
|-damage|p2a: Alomomola|213\/472 brn|[from] brn
|
|switch|p1a: FakeMau5|Crobat, M|331\/331
|turn|17
|
|switch|p2a: Aromatisse|Aromatisse, M|406\/406
|move|p1a: FakeMau5|U-turn|p2a: Aromatisse
|-resisted|p2a: Aromatisse
|-damage|p2a: Aromatisse|374\/406
|
|switch|p1a: The Kipper|Swampert, M|404\/404
|
|-heal|p2a: Aromatisse|399\/406|[from] item: Leftovers
|turn|18
|
|switch|p2a: Mew|Mew|404\/404
|move|p1a: The Kipper|Stealth Rock|p2a: Mew
|-sidestart|p2: stuu|move: Stealth Rock
|
|turn|19
|
|switch|p1a: Gyro-Wall|Forretress, F|38\/354
|move|p2a: Mew|Defog|p1a: Gyro-Wall
|-unboost|p1a: Gyro-Wall|evasion|1
|-sideend|p2: stuu|Stealth Rock|[from] move: Defog|[of] p2a: Mew
|
|-heal|p1a: Gyro-Wall|60\/354|[from] item: Leftovers
|turn|20
|
|switch|p1a: Cheshire|Umbreon, M, shiny|341\/394 brn
|move|p2a: Mew|Psychic|p1a: Cheshire
|-immune|p1a: Cheshire|[msg]
|
|-heal|p1a: Cheshire|365\/394 brn|[from] item: Leftovers
|-damage|p1a: Cheshire|316\/394 brn|[from] brn
|turn|21
|
|switch|p2a: Blissey|Blissey, F|479\/652
|move|p1a: Cheshire|Heal Bell|p1a: Cheshire
|-cureteam|p1a: Cheshire|[from] move: HealBell
|
|-heal|p1a: Cheshire|340\/394|[from] item: Leftovers
|-heal|p2a: Blissey|519\/652|[from] item: Leftovers
|turn|22
|
|move|p1a: Cheshire|Wish|p1a: Cheshire
|move|p2a: Blissey|Heal Bell|p2a: Blissey
|-cureteam|p2a: Blissey|[from] move: HealBell
|
|-heal|p1a: Cheshire|364\/394|[from] item: Leftovers
|-heal|p2a: Blissey|559\/652|[from] item: Leftovers
|turn|23
|
|switch|p1a: The Kipper|Swampert, M|404\/404
|move|p2a: Blissey|Seismic Toss|p1a: The Kipper
|-damage|p1a: The Kipper|304\/404
|
|-heal|p1a: The Kipper|404\/404|[from] move: Wish|[wisher] Cheshire
|-heal|p2a: Blissey|599\/652|[from] item: Leftovers
|turn|24
|
|switch|p2a: Mew|Mew|404\/404
|move|p1a: The Kipper|Scald|p2a: Mew
|-damage|p2a: Mew|338\/404
|-status|p2a: Mew|brn
|-status|p1a: The Kipper|brn
|
|-heal|p2a: Mew|363\/404 brn|[from] item: Leftovers
|-damage|p2a: Mew|313\/404 brn|[from] brn
|-damage|p1a: The Kipper|354\/404 brn|[from] brn
|turn|25
|
|switch|p1a: Cheshire|Umbreon, M, shiny|364\/394
|move|p2a: Mew|Will-O-Wisp|p1a: Cheshire
|-status|p1a: Cheshire|brn
|
|-heal|p2a: Mew|338\/404 brn|[from] item: Leftovers
|-heal|p1a: Cheshire|388\/394 brn|[from] item: Leftovers
|-damage|p2a: Mew|288\/404 brn|[from] brn
|-damage|p1a: Cheshire|339\/394 brn|[from] brn
|turn|26
|
|switch|p2a: Alomomola|Alomomola, M|370\/472
|move|p1a: Cheshire|Wish|p1a: Cheshire
|
|-heal|p1a: Cheshire|363\/394 brn|[from] item: Leftovers
|-damage|p1a: Cheshire|314\/394 brn|[from] brn
|turn|27
|
|move|p1a: Cheshire|Heal Bell|p1a: Cheshire
|-cureteam|p1a: Cheshire|[from] move: HealBell
|move|p2a: Alomomola|Scald|p1a: Cheshire
|-damage|p1a: Cheshire|286\/394
|-status|p1a: Cheshire|brn
|-status|p2a: Alomomola|brn
|
|-heal|p1a: Cheshire|394\/394 brn|[from] move: Wish|[wisher] Cheshire
|-damage|p1a: Cheshire|345\/394 brn|[from] brn
|-damage|p2a: Alomomola|311\/472 brn|[from] brn
|turn|28
|
|switch|p1a: Gyro-Wall|Forretress, F|60\/354
|switch|p2a: Blissey|Blissey, F|599\/652
|
|-heal|p2a: Blissey|639\/652|[from] item: Leftovers
|-heal|p1a: Gyro-Wall|82\/354|[from] item: Leftovers
|turn|29
|
|switch|p1a: The Kipper|Swampert, M|354\/404
|move|p2a: Blissey|Toxic|p1a: The Kipper
|-status|p1a: The Kipper|tox
|
|-heal|p2a: Blissey|652\/652|[from] item: Leftovers
|-heal|p1a: The Kipper|379\/404 tox|[from] item: Leftovers
|-damage|p1a: The Kipper|354\/404 tox|[from] psn
|turn|30
|
|switch|p2a: Mew|Mew|288\/404 brn
|move|p1a: The Kipper|Earthquake|p2a: Mew
|-damage|p2a: Mew|162\/404 brn
|
|-heal|p2a: Mew|187\/404 brn|[from] item: Leftovers
|-heal|p1a: The Kipper|379\/404 tox|[from] item: Leftovers
|-damage|p2a: Mew|137\/404 brn|[from] brn
|-damage|p1a: The Kipper|329\/404 tox|[from] psn
|turn|31
|
|move|p2a: Mew|Soft-Boiled|p2a: Mew
|-heal|p2a: Mew|339\/404 brn
|move|p1a: The Kipper|Scald|p2a: Mew
|-damage|p2a: Mew|279\/404 brn
|
|-heal|p2a: Mew|304\/404 brn|[from] item: Leftovers
|-heal|p1a: The Kipper|354\/404 tox|[from] item: Leftovers
|-damage|p2a: Mew|254\/404 brn|[from] brn
|-damage|p1a: The Kipper|279\/404 tox|[from] psn
|turn|32
|
|switch|p1a: FakeMau5|Crobat, M|331\/331
|move|p2a: Mew|Soft-Boiled|p2a: Mew
|-heal|p2a: Mew|404\/404 brn
|
|-damage|p2a: Mew|354\/404 brn|[from] brn
|turn|33
|
|switch|p2a: Aerodactyl|Aerodactyl-Mega, M, shiny|187\/321
|move|p1a: FakeMau5|U-turn|p2a: Aerodactyl
|-resisted|p2a: Aerodactyl
|-damage|p2a: Aerodactyl|147\/321
|
|switch|p1a: Thoreal|Ampharos-Mega, F|305\/374
|-ability|p1a: Thoreal|Mold Breaker
|
|turn|34
|
|switch|p2a: Blissey|Blissey, F|652\/652
|move|p1a: Thoreal|Focus Blast|p2a: Blissey
|-supereffective|p2a: Blissey
|-damage|p2a: Blissey|432\/652
|
|-heal|p2a: Blissey|472\/652|[from] item: Leftovers
|turn|35
|
|move|p2a: Blissey|Seismic Toss|p1a: Thoreal
|-damage|p1a: Thoreal|205\/374
|move|p1a: Thoreal|Volt Switch|p2a: Blissey
|-damage|p2a: Blissey|373\/652
|
|switch|p1a: Gyro-Wall|Forretress, F|82\/354
|
|-heal|p2a: Blissey|413\/652|[from] item: Leftovers
|-heal|p1a: Gyro-Wall|104\/354|[from] item: Leftovers
|turn|36
|
|switch|p1a: Cheshire|Umbreon, M, shiny|345\/394 brn
|move|p2a: Blissey|Seismic Toss|p1a: Cheshire
|-damage|p1a: Cheshire|245\/394 brn
|
|-heal|p1a: Cheshire|269\/394 brn|[from] item: Leftovers
|-heal|p2a: Blissey|453\/652|[from] item: Leftovers
|-damage|p1a: Cheshire|220\/394 brn|[from] brn
|turn|37
|
|move|p1a: Cheshire|Wish|p1a: Cheshire
|move|p2a: Blissey|Heal Bell|p2a: Blissey
|-cureteam|p2a: Blissey|[from] move: HealBell
|
|-heal|p1a: Cheshire|244\/394 brn|[from] item: Leftovers
|-heal|p2a: Blissey|493\/652|[from] item: Leftovers
|-damage|p1a: Cheshire|195\/394 brn|[from] brn
|turn|38
|
|switch|p1a: Gyro-Wall|Forretress, F|104\/354
|switch|p2a: Celebi|Celebi, shiny|404\/404
|
|-heal|p1a: Gyro-Wall|301\/354|[from] move: Wish|[wisher] Cheshire
|-heal|p1a: Gyro-Wall|323\/354|[from] item: Leftovers
|turn|39
|
|switch|p2a: Mew|Mew|354\/404
|move|p1a: Gyro-Wall|Toxic|p2a: Mew
|-status|p2a: Mew|tox
|
|-heal|p2a: Mew|379\/404 tox|[from] item: Leftovers
|-heal|p1a: Gyro-Wall|345\/354|[from] item: Leftovers
|-damage|p2a: Mew|354\/404 tox|[from] psn
|turn|40
|
|move|p2a: Mew|Will-O-Wisp|p1a: Gyro-Wall
|-status|p1a: Gyro-Wall|brn
|move|p1a: Gyro-Wall|Spikes|p2a: Mew
|-sidestart|p2: stuu|Spikes
|
|-heal|p2a: Mew|379\/404 tox|[from] item: Leftovers
|-heal|p1a: Gyro-Wall|354\/354 brn|[from] item: Leftovers
|-damage|p2a: Mew|329\/404 tox|[from] psn
|-damage|p1a: Gyro-Wall|310\/354 brn|[from] brn
|turn|41
|
|switch|p2a: Aerodactyl|Aerodactyl-Mega, M, shiny|147\/321
|move|p1a: Gyro-Wall|Spikes|p2a: Aerodactyl
|-sidestart|p2: stuu|Spikes
|
|-heal|p1a: Gyro-Wall|332\/354 brn|[from] item: Leftovers
|-damage|p1a: Gyro-Wall|288\/354 brn|[from] brn
|turn|42
|
|move|p2a: Aerodactyl|Pursuit|p1a: Gyro-Wall
|-crit|p1a: Gyro-Wall
|-damage|p1a: Gyro-Wall|217\/354 brn
|move|p1a: Gyro-Wall|Volt Switch|p2a: Aerodactyl
|-supereffective|p2a: Aerodactyl
|-damage|p2a: Aerodactyl|75\/321
|chat|stuu|hello
|
|switch|p1a: FakeMau5|Crobat, M|331\/331
|
|turn|43
|
|move|p1a: FakeMau5|Brave Bird|p2a: Aerodactyl
|-resisted|p2a: Aerodactyl
|-damage|p2a: Aerodactyl|0 fnt
|-damage|p1a: FakeMau5|306\/331|[from] recoil|[of] p2a: Aerodactyl
|faint|p2a: Aerodactyl
|
|
|switch|p2a: Alomomola|Alomomola, M|468\/472
|-damage|p2a: Alomomola|390\/472|[from] Spikes
|turn|44
|
|switch|p1a: Cheshire|Umbreon, M, shiny|195\/394 brn
|move|p2a: Alomomola|Scald|p1a: Cheshire
|-damage|p1a: Cheshire|170\/394 brn
|
|-heal|p1a: Cheshire|194\/394 brn|[from] item: Leftovers
|-damage|p1a: Cheshire|145\/394 brn|[from] brn
|turn|45
|
|switch|p2a: Aromatisse|Aromatisse, M|399\/406
|-damage|p2a: Aromatisse|332\/406|[from] Spikes
|move|p1a: Cheshire|Foul Play|p2a: Aromatisse
|-resisted|p2a: Aromatisse
|-damage|p2a: Aromatisse|317\/406
|
|-heal|p1a: Cheshire|169\/394 brn|[from] item: Leftovers
|-heal|p2a: Aromatisse|342\/406|[from] item: Leftovers
|-damage|p1a: Cheshire|120\/394 brn|[from] brn
|turn|46
|
|switch|p1a: FakeMau5|Crobat, M|306\/331
|switch|p2a: Mew|Mew|329\/404 tox
|-damage|p2a: Mew|262\/404 tox|[from] Spikes
|
|-heal|p2a: Mew|287\/404 tox|[from] item: Leftovers
|-damage|p2a: Mew|262\/404 tox|[from] psn
|turn|47
|
|move|p1a: FakeMau5|Brave Bird|p2a: Mew
|-damage|p2a: Mew|85\/404 tox
|-damage|p1a: FakeMau5|248\/331|[from] recoil|[of] p2a: Mew
|move|p2a: Mew|Soft-Boiled|p2a: Mew
|-heal|p2a: Mew|287\/404 tox
|
|-heal|p2a: Mew|312\/404 tox|[from] item: Leftovers
|-damage|p2a: Mew|262\/404 tox|[from] psn
|turn|48
|
|switch|p2a: Alomomola|Alomomola, M|472\/472
|-damage|p2a: Alomomola|394\/472|[from] Spikes
|move|p1a: FakeMau5|Brave Bird|p2a: Alomomola
|-damage|p2a: Alomomola|241\/472
|-damage|p1a: FakeMau5|198\/331|[from] recoil|[of] p2a: Alomomola
|
|turn|49
|
|switch|p1a: Cheshire|Umbreon, M, shiny|120\/394 brn
|move|p2a: Alomomola|Knock Off|p1a: Cheshire
|-resisted|p1a: Cheshire
|-damage|p1a: Cheshire|81\/394 brn
|-enditem|p1a: Cheshire|Leftovers|[from] move: Knock Off|[of] p2a: Alomomola
|
|-damage|p1a: Cheshire|32\/394 brn|[from] brn
|turn|50
|
|move|p1a: Cheshire|Wish|p1a: Cheshire
|move|p2a: Alomomola|Knock Off|p1a: Cheshire
|-resisted|p1a: Cheshire
|-damage|p1a: Cheshire|6\/394 brn
|
|-damage|p1a: Cheshire|0 fnt|[from] brn
|faint|p1a: Cheshire
|
|switch|p1a: Gyro-Wall|Forretress, F|217\/354 brn
|turn|51
|
|switch|p2a: Mew|Mew|262\/404 tox
|-damage|p2a: Mew|195\/404 tox|[from] Spikes
|move|p1a: Gyro-Wall|Spikes|p2a: Mew
|-sidestart|p2: stuu|Spikes
|
|-heal|p1a: Gyro-Wall|354\/354 brn|[from] move: Wish|[wisher] Cheshire
|-heal|p2a: Mew|220\/404 tox|[from] item: Leftovers
|-damage|p2a: Mew|195\/404 tox|[from] psn
|-damage|p1a: Gyro-Wall|310\/354 brn|[from] brn
|turn|52
|
|move|p2a: Mew|Defog|p1a: Gyro-Wall
|-unboost|p1a: Gyro-Wall|evasion|1
|-sideend|p2: stuu|Spikes|[from] move: Defog|[of] p2a: Mew
|move|p1a: Gyro-Wall|Spikes|p2a: Mew
|-sidestart|p2: stuu|Spikes
|
|-heal|p2a: Mew|220\/404 tox|[from] item: Leftovers
|-heal|p1a: Gyro-Wall|332\/354 brn|[from] item: Leftovers
|-damage|p2a: Mew|170\/404 tox|[from] psn
|-damage|p1a: Gyro-Wall|288\/354 brn|[from] brn
|turn|53
|
|move|p2a: Mew|Soft-Boiled|p2a: Mew
|-heal|p2a: Mew|372\/404 tox
|move|p1a: Gyro-Wall|Spikes|p2a: Mew
|-sidestart|p2: stuu|Spikes
|
|-heal|p2a: Mew|397\/404 tox|[from] item: Leftovers
|-heal|p1a: Gyro-Wall|310\/354 brn|[from] item: Leftovers
|-damage|p2a: Mew|322\/404 tox|[from] psn
|-damage|p1a: Gyro-Wall|266\/354 brn|[from] brn
|turn|54
|
|move|p2a: Mew|Psychic|p1a: Gyro-Wall
|-resisted|p1a: Gyro-Wall
|-damage|p1a: Gyro-Wall|212\/354 brn
|move|p1a: Gyro-Wall|Spikes|p2a: Mew
|-sidestart|p2: stuu|Spikes
|
|-heal|p2a: Mew|347\/404 tox|[from] item: Leftovers
|-heal|p1a: Gyro-Wall|234\/354 brn|[from] item: Leftovers
|-damage|p2a: Mew|247\/404 tox|[from] psn
|-damage|p1a: Gyro-Wall|190\/354 brn|[from] brn
|turn|55
|
|move|p2a: Mew|Defog|p1a: Gyro-Wall
|-unboost|p1a: Gyro-Wall|evasion|1
|-sideend|p2: stuu|Spikes|[from] move: Defog|[of] p2a: Mew
|move|p1a: Gyro-Wall|Spikes|p2a: Mew
|-sidestart|p2: stuu|Spikes
|
|-heal|p2a: Mew|272\/404 tox|[from] item: Leftovers
|-heal|p1a: Gyro-Wall|212\/354 brn|[from] item: Leftovers
|-damage|p2a: Mew|147\/404 tox|[from] psn
|-damage|p1a: Gyro-Wall|168\/354 brn|[from] brn
|turn|56
|
|switch|p2a: Blissey|Blissey, F|493\/652
|-damage|p2a: Blissey|412\/652|[from] Spikes
|move|p1a: Gyro-Wall|Spikes|p2a: Blissey
|-sidestart|p2: stuu|Spikes
|
|-heal|p2a: Blissey|452\/652|[from] item: Leftovers
|-heal|p1a: Gyro-Wall|190\/354 brn|[from] item: Leftovers
|-damage|p1a: Gyro-Wall|146\/354 brn|[from] brn
|turn|57
|
|switch|p2a: Mew|Mew|147\/404 tox
|-damage|p2a: Mew|80\/404 tox|[from] Spikes
|move|p1a: Gyro-Wall|Spikes|p2a: Mew
|-sidestart|p2: stuu|Spikes
|
|-heal|p2a: Mew|105\/404 tox|[from] item: Leftovers
|-heal|p1a: Gyro-Wall|168\/354 brn|[from] item: Leftovers
|-damage|p2a: Mew|80\/404 tox|[from] psn
|-damage|p1a: Gyro-Wall|124\/354 brn|[from] brn
|turn|58
|
|move|p2a: Mew|Soft-Boiled|p2a: Mew
|-heal|p2a: Mew|282\/404 tox
|move|p1a: Gyro-Wall|Volt Switch|p2a: Mew
|-damage|p2a: Mew|254\/404 tox
|
|switch|p1a: FakeMau5|Crobat, M|198\/331
|
|-heal|p2a: Mew|279\/404 tox|[from] item: Leftovers
|-damage|p2a: Mew|229\/404 tox|[from] psn
|turn|59
|
|switch|p2a: Aromatisse|Aromatisse, M|342\/406
|-damage|p2a: Aromatisse|241\/406|[from] Spikes
|move|p1a: FakeMau5|Brave Bird|p2a: Aromatisse
|-damage|p2a: Aromatisse|90\/406
|-damage|p1a: FakeMau5|148\/331|[from] recoil|[of] p2a: Aromatisse
|
|-heal|p2a: Aromatisse|115\/406|[from] item: Leftovers
|turn|60
|
|switch|p1a: The Kipper|Swampert, M|279\/404 tox
|move|p2a: Aromatisse|Moonblast|p1a: The Kipper
|-damage|p1a: The Kipper|167\/404 tox
|-unboost|p1a: The Kipper|spa|1
|
|-heal|p1a: The Kipper|192\/404 tox|[from] item: Leftovers
|-heal|p2a: Aromatisse|140\/406|[from] item: Leftovers
|-damage|p1a: The Kipper|167\/404 tox|[from] psn
|turn|61
|
|move|p2a: Aromatisse|Moonblast|p1a: The Kipper
|-damage|p1a: The Kipper|44\/404 tox
|move|p1a: The Kipper|Roar|p2a: Aromatisse
|drag|p2a: Mew|Mew|229\/404 tox
|-damage|p2a: Mew|128\/404 tox|[from] Spikes
|
|-heal|p2a: Mew|153\/404 tox|[from] item: Leftovers
|-heal|p1a: The Kipper|69\/404 tox|[from] item: Leftovers
|-damage|p2a: Mew|128\/404 tox|[from] psn
|-damage|p1a: The Kipper|19\/404 tox|[from] psn
|turn|62
|chat|stuu|ty
|
|move|p2a: Mew|Defog|p1a: The Kipper
|-unboost|p1a: The Kipper|evasion|1
|-sideend|p2: stuu|Spikes|[from] move: Defog|[of] p2a: Mew
|move|p1a: The Kipper|Earthquake|p2a: Mew
|-damage|p2a: Mew|0 fnt
|faint|p2a: Mew
|
|-heal|p1a: The Kipper|44\/404 tox|[from] item: Leftovers
|-damage|p1a: The Kipper|0 fnt|[from] psn
|faint|p1a: The Kipper
|
|switch|p1a: FakeMau5|Crobat, M|148\/331
|switch|p2a: Blissey|Blissey, F|452\/652
|turn|63
|
|switch|p2a: Alomomola|Alomomola, M|398\/472
|move|p1a: FakeMau5|Cross Poison|p2a: Alomomola
|-damage|p2a: Alomomola|301\/472
|
|turn|64
|
|switch|p1a: Thoreal|Ampharos-Mega, F|205\/374
|-ability|p1a: Thoreal|Mold Breaker
|move|p2a: Alomomola|Scald|p1a: Thoreal
|-resisted|p1a: Thoreal
|-damage|p1a: Thoreal|183\/374
|
|turn|65
|
|switch|p2a: Blissey|Blissey, F|452\/652
|move|p1a: Thoreal|Volt Switch|p2a: Blissey
|-damage|p2a: Blissey|347\/652
|
|switch|p1a: Gyro-Wall|Forretress, F|124\/354 brn
|
|-heal|p2a: Blissey|387\/652|[from] item: Leftovers
|-heal|p1a: Gyro-Wall|146\/354 brn|[from] item: Leftovers
|-damage|p1a: Gyro-Wall|102\/354 brn|[from] brn
|turn|66
|
|move|p2a: Blissey|Seismic Toss|p1a: Gyro-Wall
|-damage|p1a: Gyro-Wall|2\/354 brn
|move|p1a: Gyro-Wall|Spikes|p2a: Blissey
|-sidestart|p2: stuu|Spikes
|
|-heal|p2a: Blissey|427\/652|[from] item: Leftovers
|-heal|p1a: Gyro-Wall|24\/354 brn|[from] item: Leftovers
|-damage|p1a: Gyro-Wall|0 fnt|[from] brn
|faint|p1a: Gyro-Wall
|
|switch|p1a: FakeMau5|Crobat, M|148\/331
|turn|67
|
|move|p1a: FakeMau5|Cross Poison|p2a: Blissey
|-damage|p2a: Blissey|198\/652
|move|p2a: Blissey|Soft-Boiled|p2a: Blissey
|-heal|p2a: Blissey|524\/652
|
|-heal|p2a: Blissey|564\/652|[from] item: Leftovers
|turn|68
|
|move|p1a: FakeMau5|Cross Poison|p2a: Blissey
|-damage|p2a: Blissey|335\/652
|move|p2a: Blissey|Soft-Boiled|p2a: Blissey
|-heal|p2a: Blissey|652\/652
|
|turn|69
|
|move|p1a: FakeMau5|Cross Poison|p2a: Blissey
|-damage|p2a: Blissey|433\/652
|move|p2a: Blissey|Seismic Toss|p1a: FakeMau5
|-damage|p1a: FakeMau5|48\/331
|
|-heal|p2a: Blissey|473\/652|[from] item: Leftovers
|turn|70
|
|move|p1a: FakeMau5|Cross Poison|p2a: Blissey
|-damage|p2a: Blissey|259\/652
|move|p2a: Blissey|Soft-Boiled|p2a: Blissey
|-heal|p2a: Blissey|585\/652
|
|-heal|p2a: Blissey|625\/652|[from] item: Leftovers
|turn|71
|
|move|p1a: FakeMau5|Cross Poison|p2a: Blissey
|-damage|p2a: Blissey|415\/652
|move|p2a: Blissey|Seismic Toss|p1a: FakeMau5
|-damage|p1a: FakeMau5|0 fnt
|faint|p1a: FakeMau5
|
|-heal|p2a: Blissey|455\/652|[from] item: Leftovers
|chat|stuu|gg as before
|
|switch|p1a: Thoreal|Ampharos-Mega, F|183\/374
|-ability|p1a: Thoreal|Mold Breaker
|turn|72
|chat|stuu|your team is annoying
|
|move|p2a: Blissey|Soft-Boiled|p2a: Blissey
|-heal|p2a: Blissey|652\/652
|move|p1a: Thoreal|Focus Blast|p2a: Blissey
|-supereffective|p2a: Blissey
|-damage|p2a: Blissey|426\/652
|
|-heal|p2a: Blissey|466\/652|[from] item: Leftovers
|turn|73
|chat|FlederMau5|It's King UU's
|chat|FlederMau5|i suck at team building
|
|move|p2a: Blissey|Soft-Boiled|p2a: Blissey
|-heal|p2a: Blissey|652\/652
|move|p1a: Thoreal|Focus Blast|p2a: Blissey
|-supereffective|p2a: Blissey
|-damage|p2a: Blissey|424\/652
|
|-heal|p2a: Blissey|464\/652|[from] item: Leftovers
|turn|74
|chat|stuu|ya toxic forretress is a real pain
|
|move|p2a: Blissey|Toxic|p1a: Thoreal
|-status|p1a: Thoreal|tox
|move|p1a: Thoreal|Focus Blast|p2a: Blissey
|-crit|p2a: Blissey
|-supereffective|p2a: Blissey
|-damage|p2a: Blissey|116\/652
|
|-heal|p2a: Blissey|156\/652|[from] item: Leftovers
|-damage|p1a: Thoreal|160\/374 tox|[from] psn
|turn|75
|
|move|p2a: Blissey|Soft-Boiled|p2a: Blissey
|-heal|p2a: Blissey|482\/652
|move|p1a: Thoreal|Focus Blast|p2a: Blissey
|-supereffective|p2a: Blissey
|-damage|p2a: Blissey|260\/652
|
|-heal|p2a: Blissey|300\/652|[from] item: Leftovers
|-damage|p1a: Thoreal|114\/374 tox|[from] psn
|turn|76
|
|move|p2a: Blissey|Soft-Boiled|p2a: Blissey
|-heal|p2a: Blissey|626\/652
|move|p1a: Thoreal|Focus Blast|p2a: Blissey
|-supereffective|p2a: Blissey
|-damage|p2a: Blissey|422\/652
|
|-heal|p2a: Blissey|462\/652|[from] item: Leftovers
|-damage|p1a: Thoreal|45\/374 tox|[from] psn
|turn|77
|chat|stuu|rest talk?
|chat|stuu|ah
|
|move|p2a: Blissey|Seismic Toss|p1a: Thoreal
|-damage|p1a: Thoreal|0 fnt
|faint|p1a: Thoreal
|
|win|stuu
|raw|Ladder updating...
|raw|FlederMau5's rating: 1604 &rarr; <strong>1580<\/strong><br \/>(-24 for losing)
|raw|stuu's rating: 1546 &rarr; <strong>1569<\/strong><br \/>(+23 for winning)
|chat|stuu| like your tea but
|chat|stuu|i hope i dont have to play it again x__x
|chat|stuu|team
|chat|FlederMau5| Hope
|chat|FlederMau5|*I hope
|chat|FlederMau5| I can figure out how to break stall :P
|chat|stuu|heh
|chat|stuu|well your team is pretty nice for it
|chat|stuu|you threaten my defog so you can spam hazards
|chat|stuu|if you play around mew
|chat|stuu|then just spam volt turn
|chat|FlederMau5|yeah, that's the general plan
|chat|stuu|i hate toxic forry
|chat|stuu|:(
|chat|FlederMau5|trololol :P
|chat|stuu|anyways wp