|join|FlederMau5
|join|JoeTheCondor
|player|p1|FlederMau5|169
|player|p2|JoeTheCondor|169
|gametype|singles
|gen|6
|tier|UU
|rated
|rule|Sleep Clause Mod: Limit one foe put to sleep
|rule|Species Clause: Limit one of each Pokémon
|rule|OHKO Clause: OHKO moves are banned
|rule|Moody Clause: Moody is banned
|rule|Evasion Moves Clause: Evasion moves are banned
|rule|Endless Battle Clause: Forcing endless battles is banned
|rule|HP Percentage Mod: HP is reported as percentages
|clearpoke
|poke|p1|Blastoise, F
|poke|p1|Noivern, F
|poke|p1|Victini, shiny
|poke|p1|Haxorus, F, shiny
|poke|p1|Swampert, F
|poke|p1|Florges, F
|poke|p2|Haxorus, F
|poke|p2|Alakazam, M, shiny
|poke|p2|Hippowdon, F
|poke|p2|Tentacruel, F, shiny
|poke|p2|Honchkrow, F, shiny
|poke|p2|Raikou, shiny
|rule|Swagger Clause: Swagger is banned
|rule|Baton Pass Clause: Limit one Pokémon knowing Baton Pass
|teampreview
|
|start
|switch|p1a: Alla Dat|Victini, shiny|341\/341
|switch|p2a: Hippowdon|Hippowdon, F|420\/420
|turn|1
|
|move|p1a: Alla Dat|U-turn|p2a: Hippowdon
|-damage|p2a: Hippowdon|357\/420
|
|switch|p1a: Broadsides|Blastoise, F|362\/362
|move|p2a: Hippowdon|Stealth Rock|p1a: Broadsides
|-sidestart|p1: FlederMau5|move: Stealth Rock
|
|-heal|p2a: Hippowdon|383\/420|[from] item: Leftovers
|turn|2
|
|switch|p2a: Tentacruel|Tentacruel, F, shiny|302\/302
|detailschange|p1a: Broadsides|Blastoise-Mega, F
|message|Blastoise has Mega Evolved into Mega Blastoise!
|move|p1a: Broadsides|Scald|p2a: Tentacruel
|-resisted|p2a: Tentacruel
|-damage|p2a: Tentacruel|266\/302
|-status|p2a: Tentacruel|brn
|
|-damage|p2a: Tentacruel|229\/302 brn|[from] brn
|turn|3
|
|move|p2a: Tentacruel|Sludge Wave|p1a: Broadsides
|-damage|p1a: Broadsides|241\/362
|-status|p1a: Broadsides|psn
|move|p1a: Broadsides|Rapid Spin|p2a: Tentacruel
|-damage|p2a: Tentacruel|209\/302 brn
|-sideend|p1: FlederMau5|Stealth Rock|[from] move: Rapid Spin|[of] p1a: Broadsides
|
|-damage|p2a: Tentacruel|172\/302 brn|[from] brn
|-damage|p1a: Broadsides|196\/362 psn|[from] psn
|turn|4
|
|switch|p1a: The Kipper|Swampert, F|404\/404
|move|p2a: Tentacruel|Sludge Wave|p1a: The Kipper
|-resisted|p1a: The Kipper
|-damage|p1a: The Kipper|334\/404
|
|-heal|p1a: The Kipper|359\/404|[from] item: Leftovers
|-damage|p2a: Tentacruel|135\/302 brn|[from] brn
|turn|5
|
|switch|p2a: Hippowdon|Hippowdon, F|383\/420
|move|p1a: The Kipper|Stealth Rock|p2a: Hippowdon
|-sidestart|p2: JoeTheCondor|move: Stealth Rock
|
|-heal|p1a: The Kipper|384\/404|[from] item: Leftovers
|-heal|p2a: Hippowdon|409\/420|[from] item: Leftovers
|turn|6
|
|move|p1a: The Kipper|Scald|p2a: Hippowdon
|-supereffective|p2a: Hippowdon
|-damage|p2a: Hippowdon|187\/420
|move|p2a: Hippowdon|Stealth Rock|p1a: The Kipper
|-sidestart|p1: FlederMau5|move: Stealth Rock
|
|-heal|p1a: The Kipper|404\/404|[from] item: Leftovers
|-heal|p2a: Hippowdon|213\/420|[from] item: Leftovers
|turn|7
|
|switch|p2a: Tentacruel|Tentacruel, F, shiny|135\/302 brn
|-damage|p2a: Tentacruel|98\/302 brn|[from] Stealth Rock
|move|p1a: The Kipper|Earthquake|p2a: Tentacruel
|-supereffective|p2a: Tentacruel
|-damage|p2a: Tentacruel|0 fnt
|faint|p2a: Tentacruel
|
|
|switch|p2a: Alakazam|Alakazam, M, shiny|252\/252
|turn|8
|
|switch|p1a: Roserade?|Florges, F|360\/360
|-damage|p1a: Roserade?|315\/360|[from] Stealth Rock
|move|p2a: Alakazam|Energy Ball|p1a: Roserade?
|-damage|p1a: Roserade?|199\/360
|
|-heal|p1a: Roserade?|221\/360|[from] item: Leftovers
|turn|9
|
|switch|p2a: Hippowdon|Hippowdon, F|213\/420
|-damage|p2a: Hippowdon|187\/420|[from] Stealth Rock
|move|p1a: Roserade?|Moonblast|p2a: Hippowdon
|-damage|p2a: Hippowdon|18\/420
|-unboost|p2a: Hippowdon|spa|1
|
|-heal|p1a: Roserade?|243\/360|[from] item: Leftovers
|-heal|p2a: Hippowdon|44\/420|[from] item: Leftovers
|turn|10
|
|move|p1a: Roserade?|Moonblast|p2a: Hippowdon
|-damage|p2a: Hippowdon|0 fnt
|faint|p2a: Hippowdon
|
|-heal|p1a: Roserade?|265\/360|[from] item: Leftovers
|
|switch|p2a: Honchkrow|Honchkrow, F, shiny|342\/342
|-damage|p2a: Honchkrow|257\/342|[from] Stealth Rock
|turn|11
|
|move|p1a: Roserade?|Protect|p1a: Roserade?
|-singleturn|p1a: Roserade?|Protect
|move|p2a: Honchkrow|Brave Bird|p1a: Roserade?
|-activate|p1a: Roserade?|Protect
|
|-heal|p1a: Roserade?|287\/360|[from] item: Leftovers
|turn|12
|
|switch|p1a: The Kipper|Swampert, F|404\/404
|-damage|p1a: The Kipper|379\/404|[from] Stealth Rock
|move|p2a: Honchkrow|Brave Bird|p1a: The Kipper
|-damage|p1a: The Kipper|175\/404
|-damage|p2a: Honchkrow|190\/342|[from] recoil|[of] p1a: The Kipper
|-damage|p2a: Honchkrow|156\/342|[from] item: Life Orb
|
|-heal|p1a: The Kipper|200\/404|[from] item: Leftovers
|turn|13
|
|move|p2a: Honchkrow|Brave Bird|p1a: The Kipper
|-damage|p1a: The Kipper|0 fnt
|-damage|p2a: Honchkrow|90\/342|[from] recoil|[of] p1a: The Kipper
|-damage|p2a: Honchkrow|56\/342|[from] item: Life Orb
|faint|p1a: The Kipper
|-boost|p2a: Honchkrow|atk|1|[from] ability: Moxie
|
|
|switch|p1a: Alla Dat|Victini, shiny|341\/341
|-damage|p1a: Alla Dat|256\/341|[from] Stealth Rock
|turn|14
|
|move|p2a: Honchkrow|Sucker Punch|p1a: Alla Dat
|-fail|p1a: Alla Dat
|move|p1a: Alla Dat|Trick|p2a: Honchkrow
|-activate|p1a: Alla Dat|move: Trick|[of] p2a: Honchkrow
|-item|p2a: Honchkrow|Choice Band|[from] move: Trick
|-item|p1a: Alla Dat|Life Orb|[from] move: Trick
|
|turn|15
|
|move|p2a: Honchkrow|Sucker Punch|p1a: Alla Dat
|-supereffective|p1a: Alla Dat
|-damage|p1a: Alla Dat|0 fnt
|faint|p1a: Alla Dat
|-boost|p2a: Honchkrow|atk|1|[from] ability: Moxie
|
|
|switch|p1a: The Terror|Haxorus, F, shiny|294\/294
|-damage|p1a: The Terror|258\/294|[from] Stealth Rock
|-ability|p1a: The Terror|Mold Breaker
|turn|16
|
|move|p2a: Honchkrow|Sucker Punch|p1a: The Terror
|-fail|p1a: The Terror
|move|p1a: The Terror|Dragon Dance|p1a: The Terror
|-boost|p1a: The Terror|atk|1
|-boost|p1a: The Terror|spe|1
|
|turn|17
|
|move|p2a: Honchkrow|Sucker Punch|p1a: The Terror
|-fail|p1a: The Terror
|move|p1a: The Terror|Dragon Dance|p1a: The Terror
|-boost|p1a: The Terror|atk|1
|-boost|p1a: The Terror|spe|1
|
|turn|18
|
|move|p2a: Honchkrow|Sucker Punch|p1a: The Terror
|-fail|p1a: The Terror
|move|p1a: The Terror|Dragon Dance|p1a: The Terror
|-boost|p1a: The Terror|atk|1
|-boost|p1a: The Terror|spe|1
|
|turn|19
|
|move|p2a: Honchkrow|Sucker Punch|p1a: The Terror
|-fail|p1a: The Terror
|move|p1a: The Terror|Dragon Dance|p1a: The Terror
|-boost|p1a: The Terror|atk|1
|-boost|p1a: The Terror|spe|1
|
|turn|20
|
|move|p2a: Honchkrow|Sucker Punch|p1a: The Terror
|-fail|p1a: The Terror
|move|p1a: The Terror|Dragon Dance|p1a: The Terror
|-boost|p1a: The Terror|atk|1
|-boost|p1a: The Terror|spe|1
|
|turn|21
|
|move|p2a: Honchkrow|Sucker Punch|p1a: The Terror
|-fail|p1a: The Terror
|move|p1a: The Terror|Dragon Dance|p1a: The Terror
|-boost|p1a: The Terror|atk|1
|-boost|p1a: The Terror|spe|1
|
|turn|22
|
|move|p1a: The Terror|Dragon Dance|p1a: The Terror
|-fail|p1a: The Terror
|-activate|p2a: Honchkrow|move: Struggle
|move|p2a: Honchkrow|Struggle|p1a: The Terror
|-damage|p1a: The Terror|80\/294
|-damage|p2a: Honchkrow|0 fnt
|faint|p2a: Honchkrow
|
|
|switch|p2a: Raikou|Raikou, shiny|322\/322
|-damage|p2a: Raikou|282\/322|[from] Stealth Rock
|-ability|p2a: Raikou|Pressure
|turn|23
|
|move|p1a: The Terror|Earthquake|p2a: Raikou
|-supereffective|p2a: Raikou
|-damage|p2a: Raikou|0 fnt
|faint|p2a: Raikou
|
|-message|JoeTheCondor forfeited.
|leave|JoeTheCondor
|
|win|FlederMau5
|raw|Ladder updating...
|player|p2
|raw|FlederMau5's rating: 1497 &rarr; <strong>1511<\/strong><br \/>(+14 for winning)
|raw|JoeTheCondor's rating: 1381 &rarr; <strong>1367<\/strong><br \/>(-14 for losing)