|join|FlederMau5
|join|ALIENS ARE COMING
|join|Roark17th
|join|greetings friends
|join|I'M B4TMAN
|join|beppityboopbop
|join|Raisquai
|join|ablert enistein
|player|p1|FlederMau5|169
|player|p2|ALIENS ARE COMING|23
|gametype|singles
|gen|6
|tier|UU
|rule|Sleep Clause Mod: Limit one foe put to sleep
|rule|Species Clause: Limit one of each Pokémon
|rule|OHKO Clause: OHKO moves are banned
|rule|Moody Clause: Moody is banned
|rule|Evasion Moves Clause: Evasion moves are banned
|rule|Endless Battle Clause: Forcing endless battles is banned
|rule|HP Percentage Mod: HP is shown in percentages
|clearpoke
|poke|p1|Vaporeon, F
|poke|p1|Forretress, F
|poke|p1|Aromatisse, F
|poke|p1|Raikou, shiny
|poke|p1|Entei, shiny
|poke|p1|Celebi
|poke|p2|Umbreon, F
|poke|p2|Crobat, M
|poke|p2|Swampert, F
|poke|p2|Jirachi
|poke|p2|Diancie
|poke|p2|Entei, shiny
|rule|Swagger Clause: Swagger is banned
|rule|Baton Pass Clause: Limit one Pokémon knowing Baton Pass
|teampreview
|join|Cynthia's Chomp
|c| Cynthia's Chomp|**HINALS FYPE**
|join|tennis479
|c| Cynthia's Chomp|**HINALS FYPE**
|c| Cynthia's Chomp|**HINALS FYPE**
|c| Cynthia's Chomp|**HINALS FYPE**
|c| Cynthia's Chomp|**HINALS FYPE**
|c| greetings friends|no spamerino pleaserino
|join|LiberalLucario
|c|★ALIENS ARE COMING|gl :)
|c|★FlederMau5|Time to choke!
|c| tennis479|alien its me tennis479
|c|★FlederMau5|gl hf :]
|join|Munkin
|join|ghostraider369
|c|★ALIENS ARE COMING|hey
|
|start
|switch|p1a: Gyro-wall|Forretress, F|354\/354
|switch|p2a: Entei|Entei, shiny|371\/371
|-ability|p2a: Entei|Pressure
|turn|1
|c|★FlederMau5|what?
|join|call me OGWanka
|
|switch|p1a: 420 Blaze It|Entei, shiny|371\/371
|-ability|p1a: 420 Blaze It|Pressure
|move|p2a: Entei|Sacred Fire|p1a: 420 Blaze It|[miss]
|-miss|p2a: Entei|p1a: 420 Blaze It
|
|turn|2
|c| greetings friends|go into your flash fire ent... o wait
|c| call me OGWanka|the miss mattered
|c| call me OGWanka|it could be burned right now..
|c| greetings friends|^
|c|★FlederMau5|thanks obama
|c| ablert enistein|shut the fuck up
|c|★FlederMau5|no flash fire
|leave|LiberalLucario
|
|switch|p2a: Swampert|Swampert, F|404\/404
|move|p1a: 420 Blaze It|Sacred Fire|p2a: Swampert
|-crit|p2a: Swampert
|-resisted|p2a: Swampert
|-damage|p2a: Swampert|242\/404
|-status|p2a: Swampert|brn
|
|-heal|p2a: Swampert|267\/404 brn|[from] item: Leftovers
|-damage|p2a: Swampert|217\/404 brn|[from] brn
|turn|3
|c| Cynthia's Chomp|252+ Atk Choice Band Entei Sacred Fire vs. 0 HP \/ 4 Def Entei: 140-165 (37.7 - 44.4%) -- guaranteed 3HKO
|c| Cynthia's Chomp|crit burn
|c| Cynthia's Chomp|nice
|join|LiberalLucario
|c|★ALIENS ARE COMING|lollll
|c| ablert enistein|this already looks like a good game
|c|★FlederMau5|the hax are real for me this tour
|c| greetings friends|all these flavors and you chose salt
|c| Cynthia's Chomp|**HINALS FYPE**
|c| greetings friends|,
|c| call me OGWanka|shut up abiert something
|
|switch|p1a: Gyro-wall|Forretress, F|354\/354
|switch|p2a: Entei|Entei, shiny|371\/371
|-ability|p2a: Entei|Pressure
|
|turn|4
|c|★FlederMau5|who the fuck even is einstein?
|c|★FlederMau5|sounds dumb
|join|xShiba
|join|Triforce Mantine
|c| beppityboopbop|lol
|c| beppityboopbop|a room voice
|
|switch|p1a: WTF AM I|Vaporeon, F|452\/452
|move|p2a: Entei|Sacred Fire|p1a: WTF AM I
|-resisted|p1a: WTF AM I
|-damage|p1a: WTF AM I|319\/452
|-status|p1a: WTF AM I|brn
|
|-heal|p1a: WTF AM I|347\/452 brn|[from] item: Leftovers
|-damage|p1a: WTF AM I|291\/452 brn|[from] brn
|turn|5
|c| beppityboopbop|or was that the joke
|c| Cynthia's Chomp|★FlederMau5: who the fuck even is einstein?
|join|CSI DoucheBag
|leave|I'M B4TMAN
|c| call me OGWanka|LOL
|c|★FlederMau5|oh sorry
|c| Cynthia's Chomp|★FlederMau5: who the fuck even is einstein?
|join|PKMNMovesets
|
|switch|p2a: Umbreon|Umbreon, F|394\/394
|move|p1a: WTF AM I|Wish|p1a: WTF AM I
|
|-heal|p1a: WTF AM I|319\/452 brn|[from] item: Leftovers
|-damage|p1a: WTF AM I|263\/452 brn|[from] brn
|turn|6
|c|★FlederMau5|_who the fuck even is einstein_
|join|Emma Bae
|c| Emma Bae|my best friend from high school
|c| beppityboopbop|i feel like you're not going to live this one down
|
|move|p2a: Umbreon|Heal Bell|p2a: Umbreon
|-cureteam|p2a: Umbreon|[from] move: HealBell
|move|p1a: WTF AM I|Baton Pass|p1a: WTF AM I
|c| beppityboopbop|either that, or i'm still missing a joke
|c|★FlederMau5|meh
|
|switch|p1a: 420 Blaze It|Entei, shiny|371\/371
|-ability|p1a: 420 Blaze It|Pressure
|
|turn|7
|join|Primal Gyarados
|c| beppityboopbop|and i'mnot going to live it down
|c| Cynthia's Chomp|Emma Bae remember we used to hang in the hood with Albert Einstein
|c| xShiba|Emma Bae wheres your voice
|c| xShiba|wtf
|
|move|p2a: Umbreon|Protect|p2a: Umbreon
|-singleturn|p2a: Umbreon|Protect
|move|p1a: 420 Blaze It|Sacred Fire|p2a: Umbreon
|-activate|p2a: Umbreon|Protect
|
|turn|8
|c| Cynthia's Chomp|★FlederMau5: who the fuck even is einstein?
|c| Emma Bae|yeah cynthia :) good ol days, he was a bit of a prick tho ngl
|c| Cynthia's Chomp|(it's Laurens2603 on an alt ;) )
|c| Emma Bae|and Ryan i quit mons, im DMT'ing :)
|c| Emma Bae|oh hi
|c| call me OGWanka|primal dog
|c| call me OGWanka|so good
|c| xShiba|:[
|c| Emma Bae|:]
|c| xShiba|dont DMT
|
|move|p1a: 420 Blaze It|Sacred Fire|p2a: Umbreon
|-damage|p2a: Umbreon|150\/394
|-status|p2a: Umbreon|brn
|move|p2a: Umbreon|Foul Play|p1a: 420 Blaze It
|-damage|p1a: 420 Blaze It|271\/371
|
|-heal|p2a: Umbreon|174\/394 brn|[from] item: Leftovers
|-damage|p2a: Umbreon|125\/394 brn|[from] brn
|turn|9
|c| xShiba|DMT'ing is bad
|c| Emma Bae|mhm
|c| beppityboopbop|Wait
|join|Bortera
|c| beppityboopbop|So is DMT not coming back?
|join|TheLinkedCreeper
|c| Emma Bae|he pops up on alts
|c| beppityboopbop|Or do we not know?
|
|switch|p2a: Entei|Entei, shiny|371\/371
|-ability|p2a: Entei|Pressure
|move|p1a: 420 Blaze It|Sacred Fire|p2a: Entei
|-resisted|p2a: Entei
|-damage|p2a: Entei|215\/371
|
|turn|10
|c| Emma Bae|rarely on his main
|c| greetings friends|he doesn't want people to teepee his house
|c| TheLinkedCreeper|alien win
|c| Emma Bae|so its now a vern
|c| Emma Bae|verb
|leave|Emma Bae
|c| Cynthia's Chomp|reveal HP water
|c| greetings friends|he got doxed right and freaked out?
|leave|PKMNMovesets
|join|ANGER MANAGEMENT
|join|PKMNMovesets
|c| beppityboopbop|Someone PM'ed him his FB on Showdown
|c| beppityboopbop|And he got spooked
|
|switch|p1a: WTF AM I|Vaporeon, F|263\/452 brn
|move|p2a: Entei|Stone Edge|p1a: WTF AM I
|-damage|p1a: WTF AM I|81\/452 brn
|
|-heal|p1a: WTF AM I|109\/452 brn|[from] item: Leftovers
|-damage|p1a: WTF AM I|53\/452 brn|[from] brn
|turn|11
|c| beppityboopbop|Which is totally justified
|c| Cynthia's Chomp|so he just left?
|c| beppityboopbop|He closed down his YT
|c| greetings friends|not rly
|c| Cynthia's Chomp|w8 lemme change alts
|c| greetings friends|kids on the internet aren't actually doing shit
|c| laurens2603|thats better
|leave|Triforce Mantine
|
|switch|p1a: Gyro-wall|Forretress, F|354\/354
|move|p2a: Entei|Stone Edge|p1a: Gyro-wall
|-damage|p1a: Gyro-wall|223\/354
|
|-heal|p1a: Gyro-wall|245\/354|[from] item: Leftovers
|turn|12
|c| laurens2603|★FlederMau5: who the fuck even is einstein?
|
|switch|p2a: Crobat|Crobat, M|373\/373
|move|p1a: Gyro-wall|Stealth Rock|p2a: Crobat
|-sidestart|p2: ALIENS ARE COMING|move: Stealth Rock
|
|-heal|p1a: Gyro-wall|267\/354|[from] item: Leftovers
|turn|13
|join|Champion Dooom
|
|move|p2a: Crobat|Defog|p1a: Gyro-wall
|-unboost|p1a: Gyro-wall|evasion|1
|-sideend|p2: ALIENS ARE COMING|Stealth Rock|[from] move: Defog|[of] p2a: Crobat
|move|p1a: Gyro-wall|Volt Switch|p2a: Crobat
|-supereffective|p2a: Crobat
|-damage|p2a: Crobat|281\/373
|
|switch|p1a: 420 Blaze It|Entei, shiny|271\/371
|-ability|p1a: 420 Blaze It|Pressure
|
|-heal|p2a: Crobat|304\/373|[from] item: Black Sludge
|turn|14
|join|DrReuniclus3
|join|Serperior Test
|c| CSI DoucheBag|Start that Timer
|join|ivan usiel
|leave|TheLinkedCreeper
|
|switch|p2a: Diancie|Diancie|241\/241
|move|p1a: 420 Blaze It|Sacred Fire|p2a: Diancie
|-resisted|p2a: Diancie
|-damage|p2a: Diancie|151\/241
|-status|p2a: Diancie|brn
|
|-damage|p2a: Diancie|121\/241 brn|[from] brn
|turn|15
|c|★ALIENS ARE COMING|these burns tho
|c| laurens2603|nice resist
|join|TheLinkedCreeper
|c| ivan usiel|burn
|c| CSI DoucheBag|50\/50 chance
|c|★ALIENS ARE COMING|3\/3
|c|★ALIENS ARE COMING|:<
|c| CSI DoucheBag|cant really complain
|
|switch|p1a: Gyro-wall|Forretress, F|267\/354
|detailschange|p2a: Diancie|Diancie-Mega
|-mega|p2a: Diancie|Diancie|Diancite
|move|p2a: Diancie|Earth Power|p1a: Gyro-wall
|-damage|p1a: Gyro-wall|144\/354
|
|-heal|p1a: Gyro-wall|166\/354|[from] item: Leftovers
|-damage|p2a: Diancie|91\/241 brn|[from] brn
|turn|16
|c| beppityboopbop|wait why is m-diancie here
|leave|Serperior Test
|join|Serperior Test
|c| beppityboopbop|i thought she was banned
|join|Kuza
|c|★ALIENS ARE COMING|n
|c| laurens2603|it's being tested
|c|★ALIENS ARE COMING|not yet
|c| ANGER MANAGEMENT|too pretty to be banned
|c| CSI DoucheBag|Apparently not
|
|switch|p2a: Entei|Entei, shiny|215\/371
|-ability|p2a: Entei|Pressure
|move|p1a: Gyro-wall|Volt Switch|p2a: Entei
|-damage|p2a: Entei|169\/371
|c| Kuza|diancies dress is so big
|c| laurens2603|just like ur mom
|c| Kuza|y
|
|switch|p1a: TM87|Raikou, shiny|321\/321
|-ability|p1a: TM87|Pressure
|
|turn|17
|leave|xShiba
|leave|Kuza
|c| CSI DoucheBag|Why is the timer not on?
|leave|TheLinkedCreeper
|c|★FlederMau5|why put it on?
|
|switch|p1a: WTF AM I|Vaporeon, F|53\/452 brn
|switch|p2a: Swampert|Swampert, F|217\/404
|
|-heal|p1a: WTF AM I|81\/452 brn|[from] item: Leftovers
|-heal|p2a: Swampert|242\/404|[from] item: Leftovers
|-damage|p1a: WTF AM I|25\/452 brn|[from] brn
|turn|18
|c| laurens2603|because it's the finals
|c| laurens2603|take ur time
|c|★ALIENS ARE COMING|wait
|c|★ALIENS ARE COMING|what
|c|★ALIENS ARE COMING|thi is finals
|c|★ALIENS ARE COMING|OH
|c|★ALIENS ARE COMING|SHI
|c| laurens2603|..?
|c| laurens2603|did u not realise?
|c| CSI DoucheBag|I never know when it's the finals
|
|move|p1a: WTF AM I|Wish|p1a: WTF AM I
|move|p2a: Swampert|Stealth Rock|p1a: WTF AM I
|-sidestart|p1: FlederMau5|move: Stealth Rock
|
|-heal|p1a: WTF AM I|53\/452 brn|[from] item: Leftovers
|-heal|p2a: Swampert|267\/404|[from] item: Leftovers
|-damage|p1a: WTF AM I|0 fnt|[from] brn
|faint|p1a: WTF AM I
|c| laurens2603|you can just click 'pop-out' on the tournament screen and see it
|c|★ALIENS ARE COMING|nope
|
|switch|p1a: Gyro-wall|Forretress, F|166\/354
|-damage|p1a: Gyro-wall|122\/354|[from] Stealth Rock
|turn|19
|c|★ALIENS ARE COMING|yeah But
|leave|CSI DoucheBag
|c|★ALIENS ARE COMING|I didn;t think it would be
|c|★ALIENS ARE COMING|yet
|
|switch|p2a: Entei|Entei, shiny|169\/371
|-ability|p2a: Entei|Pressure
|move|p1a: Gyro-wall|Rapid Spin|p2a: Entei
|-damage|p2a: Entei|155\/371
|-sideend|p1: FlederMau5|Stealth Rock|[from] move: Rapid Spin|[of] p1a: Gyro-wall
|
|-heal|p1a: Gyro-wall|348\/354|[from] move: Wish|[wisher] WTF AM I
|-heal|p1a: Gyro-wall|354\/354|[from] item: Leftovers
|turn|20
|c| laurens2603|★FlederMau5: who the fuck even is einstein?
|join|Emma Bae
|
|switch|p1a: 420 Blaze It|Entei, shiny|271\/371
|-ability|p1a: 420 Blaze It|Pressure
|move|p2a: Entei|Sacred Fire|p1a: 420 Blaze It
|-resisted|p1a: 420 Blaze It
|-damage|p1a: 420 Blaze It|117\/371
|
|turn|21
|join|Meowiekins
|join|Pink Core Is Back
|join|hxhxhxhxhxhxhx
|
|move|p1a: 420 Blaze It|Extreme Speed|p2a: Entei
|-damage|p2a: Entei|0 fnt
|faint|p2a: Entei
|
|
|switch|p2a: Jirachi|Jirachi|341\/341
|turn|22
|
|switch|p1a: Gyro-wall|Forretress, F|354\/354
|move|p2a: Jirachi|U-turn|p1a: Gyro-wall
|-resisted|p1a: Gyro-wall
|-damage|p1a: Gyro-wall|328\/354
|
|switch|p2a: Swampert|Swampert, F|267\/404
|
|-heal|p2a: Swampert|292\/404|[from] item: Leftovers
|-heal|p1a: Gyro-wall|350\/354|[from] item: Leftovers
|turn|23
|join|VividLatias
|leave|VividLatias
|
|move|p2a: Swampert|Scald|p1a: Gyro-wall
|-damage|p1a: Gyro-wall|275\/354
|move|p1a: Gyro-wall|Toxic|p2a: Swampert
|-status|p2a: Swampert|tox
|
|-heal|p2a: Swampert|317\/404 tox|[from] item: Leftovers
|-heal|p1a: Gyro-wall|297\/354|[from] item: Leftovers
|-damage|p2a: Swampert|292\/404 tox|[from] psn
|turn|24
|join|sebasraven
|
|move|p2a: Swampert|Scald|p1a: Gyro-wall
|-damage|p1a: Gyro-wall|219\/354
|-status|p1a: Gyro-wall|brn
|move|p1a: Gyro-wall|Stealth Rock|p2a: Swampert
|-sidestart|p2: ALIENS ARE COMING|move: Stealth Rock
|
|-heal|p2a: Swampert|317\/404 tox|[from] item: Leftovers
|-heal|p1a: Gyro-wall|241\/354 brn|[from] item: Leftovers
|-damage|p2a: Swampert|267\/404 tox|[from] psn
|-damage|p1a: Gyro-wall|197\/354 brn|[from] brn
|turn|25
|
|switch|p2a: Crobat|Crobat, M|304\/373
|-damage|p2a: Crobat|211\/373|[from] Stealth Rock
|switch|p1a: Eco Terrorist|Celebi|342\/342
|
|-heal|p2a: Crobat|234\/373|[from] item: Black Sludge
|turn|26
|
|switch|p1a: TM87|Raikou, shiny|321\/321
|-ability|p1a: TM87|Pressure
|move|p2a: Crobat|Defog|p1a: TM87
|-unboost|p1a: TM87|evasion|1
|-sideend|p2: ALIENS ARE COMING|Stealth Rock|[from] move: Defog|[of] p2a: Crobat
|
|-heal|p2a: Crobat|257\/373|[from] item: Black Sludge
|turn|27
|
|switch|p2a: Swampert|Swampert, F|267\/404 tox
|move|p1a: TM87|Extrasensory|p2a: Swampert
|-damage|p2a: Swampert|128\/404 tox
|
|-heal|p2a: Swampert|153\/404 tox|[from] item: Leftovers
|-damage|p2a: Swampert|128\/404 tox|[from] psn
|turn|28
|c| ivan usiel|is a very slow battle
|c|★FlederMau5|all my finals are
|c| laurens2603|turn 28: still 5-5
|c| laurens2603|wtf
|c|★ALIENS ARE COMING|lol
|c|★ALIENS ARE COMING|sorry
|c|★ALIENS ARE COMING|:<
|
|switch|p1a: New pink blob|Aromatisse, F|406\/406
|switch|p2a: Umbreon|Umbreon, F|125\/394 brn
|
|-heal|p2a: Umbreon|149\/394 brn|[from] item: Leftovers
|-damage|p2a: Umbreon|100\/394 brn|[from] brn
|turn|29
|join|Perkamon
|
|switch|p2a: Jirachi|Jirachi|341\/341
|move|p1a: New pink blob|Heal Bell|p1a: New pink blob
|-cureteam|p1a: New pink blob|[from] move: HealBell
|
|turn|30
|leave|Meowiekins
|leave|Roark17th
|
|move|p1a: New pink blob|Protect|p1a: New pink blob
|-singleturn|p1a: New pink blob|Protect
|move|p2a: Jirachi|U-turn|p1a: New pink blob
|-activate|p1a: New pink blob|Protect
|
|turn|31
|c| call me OGWanka|make a wish
|c| call me OGWanka|be gobogreed
|c| laurens2603|zzzzzzzzzzzz
|
|move|p2a: Jirachi|U-turn|p1a: New pink blob
|-resisted|p1a: New pink blob
|-damage|p1a: New pink blob|376\/406
|c| laurens2603|zzzzzzzzzz
|leave|tennis479
|
|switch|p2a: Crobat|Crobat, M|257\/373
|move|p1a: New pink blob|Wish|p1a: New pink blob
|
|-heal|p2a: Crobat|280\/373|[from] item: Black Sludge
|-heal|p1a: New pink blob|401\/406|[from] item: Leftovers
|turn|32
|
|switch|p1a: TM87|Raikou, shiny|321\/321
|-ability|p1a: TM87|Pressure
|move|p2a: Crobat|Brave Bird|p1a: TM87
|-resisted|p1a: TM87
|-damage|p1a: TM87|241\/321
|-damage|p2a: Crobat|254\/373|[from] recoil|[of] p1a: TM87
|
|-heal|p1a: TM87|321\/321|[from] move: Wish|[wisher] New pink blob
|-heal|p2a: Crobat|277\/373|[from] item: Black Sludge
|turn|33
|
|switch|p2a: Umbreon|Umbreon, F|100\/394 brn
|move|p1a: TM87|Thunderbolt|p2a: Umbreon
|-damage|p2a: Umbreon|0 fnt
|faint|p2a: Umbreon
|
|c| beppityboopbop|i always thought
|c| beppityboopbop|the fluff
|c| beppityboopbop|on raikou's ass
|c| beppityboopbop|looked so weird
|c|★FlederMau5|no
|c| sebasraven|it's fancy
|c|★FlederMau5|y u do dis
|c|★FlederMau5|no I noticed it
|leave|ANGER MANAGEMENT
|c|★FlederMau5|*now
|join|Volbeatdown
|
|switch|p2a: Swampert|Swampert, F|128\/404 tox
|turn|34
|join|I'M B4TMAN
|leave|I'M B4TMAN
|c| beppityboopbop|everyone talks about suicune's ass ribbons
|c| beppityboopbop|but naw
|c| beppityboopbop|raikou's butt is the weirdest
|
|switch|p1a: Eco Terrorist|Celebi|342\/342
|move|p2a: Swampert|Scald|p1a: Eco Terrorist
|-resisted|p1a: Eco Terrorist
|-damage|p1a: Eco Terrorist|288\/342
|
|-heal|p1a: Eco Terrorist|309\/342|[from] item: Leftovers
|-heal|p2a: Swampert|153\/404 tox|[from] item: Leftovers
|-damage|p2a: Swampert|128\/404 tox|[from] psn
|turn|35
|
|switch|p2a: Crobat|Crobat, M|277\/373
|move|p1a: Eco Terrorist|Zen Headbutt|p2a: Crobat
|-supereffective|p2a: Crobat
|-damage|p2a: Crobat|0 fnt
|faint|p2a: Crobat
|
|-heal|p1a: Eco Terrorist|330\/342|[from] item: Leftovers
|c| call me OGWanka|is he , ash?
|
|switch|p2a: Jirachi|Jirachi|341\/341
|turn|36
|c| laurens2603|zzzzz
|
|switch|p1a: Gyro-wall|Forretress, F|197\/354
|move|p2a: Jirachi|U-turn|p1a: Gyro-wall
|-crit|p1a: Gyro-wall
|-resisted|p1a: Gyro-wall
|-damage|p1a: Gyro-wall|161\/354
|
|switch|p2a: Diancie|Diancie-Mega|91\/241 brn
|
|-heal|p1a: Gyro-wall|183\/354|[from] item: Leftovers
|-damage|p2a: Diancie|61\/241 brn|[from] brn
|turn|37
|c| laurens2603|hp fire here
|c|★ALIENS ARE COMING|meh
|
|move|p2a: Diancie|Moonblast|p1a: Gyro-wall
|-resisted|p1a: Gyro-wall
|-damage|p1a: Gyro-wall|84\/354
|move|p1a: Gyro-wall|Volt Switch|p2a: Diancie
|-damage|p2a: Diancie|28\/241 brn
|c|★ALIENS ARE COMING|not much
|
|switch|p1a: TM87|Raikou, shiny|321\/321
|-ability|p1a: TM87|Pressure
|
|-damage|p2a: Diancie|0 fnt|[from] brn
|faint|p2a: Diancie
|leave|Volbeatdown
|c|★ALIENS ARE COMING|gg
|
|switch|p2a: Jirachi|Jirachi|341\/341
|turn|38
|c|★ALIENS ARE COMING|sorry it was boring to watch
|join|scoutisout
|join|Calloflochie
|join|williapoo
|c| call me OGWanka|what attacl is tm87
|c|★FlederMau5|gg
|leave|Serperior Test
|c|★FlederMau5|swagger
|c| sebasraven|swagger
|
|move|p2a: Jirachi|Iron Head|p1a: TM87
|-resisted|p1a: TM87
|-damage|p1a: TM87|249\/321
|move|p1a: TM87|Thunderbolt|p2a: Jirachi
|-damage|p2a: Jirachi|125\/341
|
|turn|39
|c| laurens2603|lol
|c| call me OGWanka|oh
|c| beppityboopbop|i like how
|c| beppityboopbop|with rachi
|c| call me OGWanka|thanks'
|c| laurens2603|you just have to flinch him
|
|switch|p2a: Swampert|Swampert, F|128\/404 tox
|move|p1a: TM87|Thunderbolt|p2a: Swampert
|-immune|p2a: Swampert|[msg]
|
|-heal|p2a: Swampert|153\/404 tox|[from] item: Leftovers
|-damage|p2a: Swampert|128\/404 tox|[from] psn
|turn|40
|c| beppityboopbop|you can go for the resisted hit
|c| laurens2603|38 times!
|c| beppityboopbop|and it'll be ok
|c| beppityboopbop|because it's iron head
|c| laurens2603|yes
|c| laurens2603|exactly
|c| beppityboopbop|and you'll flinch them to death eventually
|join|Serperior Test
|c| laurens2603|story of my life
|
|switch|p1a: Eco Terrorist|Celebi|330\/342
|switch|p2a: Jirachi|Jirachi|125\/341
|
|-heal|p1a: Eco Terrorist|342\/342|[from] item: Leftovers
|turn|41
|c| williapoo|Wow he is getting destroyed
|leave|Serperior Test
|
|move|p1a: Eco Terrorist|Sucker Punch|p2a: Jirachi
|-crit|p2a: Jirachi
|-supereffective|p2a: Jirachi
|-damage|p2a: Jirachi|0 fnt
|faint|p2a: Jirachi
|
|c| call me OGWanka|are you winnie pooh?
|c| sebasraven|lol
|
|switch|p2a: Swampert|Swampert, F|128\/404 tox
|turn|42
|c|★ALIENS ARE COMING|gg
|c|★FlederMau5|gg
|c|★ALIENS ARE COMING|:)
|c| sebasraven|inb4 Swampert sweep
|c| laurens2603|gg
|
|move|p1a: Eco Terrorist|Seed Bomb|p2a: Swampert
|-supereffective|p2a: Swampert
|-damage|p2a: Swampert|0 fnt
|faint|p2a: Swampert
|
|win|FlederMau5
|c|★FlederMau5|reveal m-swamp
|leave|ahyueah
|leave|Munkin
|leave|Pink Core Is Back
|leave|ghostraider369
|leave|sebasraven
|leave|call me OGWanka
|leave|laurens2603
|leave|beppityboopbop
|leave|williapoo
|leave|Emma Bae
|leave|Perkamon
|leave|Raisquai
|leave|ALIENS ARE COMING
|leave|greetings friends
|player|p2