|join|Dr Steinman
|join|FKA Mence
|player|p1|Dr Steinman|229
|player|p2|FKA Mence|100
|gametype|singles
|gen|6
|tier|OU
|rated
|clearpoke
|poke|p1|Uxie
|poke|p1|Azumarill, F
|poke|p1|Ursaring, M
|poke|p1|Gardevoir, F
|poke|p1|Jirachi
|poke|p1|Chesnaught, M
|poke|p2|Clefable, F
|poke|p2|Sableye, F
|poke|p2|Ferrothorn, F
|poke|p2|Gliscor, M
|poke|p2|Slowbro, M
|poke|p2|Heatran, F
|rule|Swagger Clause: Swagger is banned
|rule|Baton Pass Clause: Limit one Pokémon knowing Baton Pass
|rule|Sleep Clause Mod: Limit one foe put to sleep
|rule|Species Clause: Limit one of each Pokémon
|rule|OHKO Clause: OHKO moves are banned
|rule|Moody Clause: Moody is banned
|rule|Evasion Moves Clause: Evasion moves are banned
|rule|Endless Battle Clause: Forcing endless battles is banned
|rule|HP Percentage Mod: HP is shown in percentages
|teampreview
|
|start
|switch|p1a: Ursaring|Ursaring, M|384\/384
|switch|p2a: pretend|Heatran, F|385\/385
|turn|1
|
|switch|p2a: hey lol|Slowbro, M|394\/394
|move|p1a: Ursaring|Swords Dance|p1a: Ursaring
|-boost|p1a: Ursaring|atk|2
|
|-status|p1a: Ursaring|tox|[from] item: Toxic Orb
|turn|2
|
|move|p1a: Ursaring|Facade|p2a: hey lol
|-damage|p2a: hey lol|0 fnt
|faint|p2a: hey lol
|
|-damage|p1a: Ursaring|360\/384 tox|[from] psn
|
|switch|p2a: parasitic|Sableye, F|304\/304
|turn|3
|
|detailschange|p2a: parasitic|Sableye-Mega, F
|-mega|p2a: parasitic|Sableye|Sablenite
|move|p2a: parasitic|Metal Burst|p1a: Ursaring
|-fail|p1a: Ursaring
|move|p1a: Ursaring|Play Rough|p2a: parasitic
|-supereffective|p2a: parasitic
|-damage|p2a: parasitic|0 fnt
|faint|p2a: parasitic
|
|-damage|p1a: Ursaring|312\/384 tox|[from] psn
|
|switch|p2a: all day nigga|Ferrothorn, F|352\/352
|turn|4
|
|move|p1a: Ursaring|Fire Punch|p2a: all day nigga
|-supereffective|p2a: all day nigga
|-damage|p2a: all day nigga|0 fnt
|-damage|p1a: Ursaring|264\/384 tox|[from] ability: Iron Barbs|[of] p2a: all day nigga
|faint|p2a: all day nigga
|
|-damage|p1a: Ursaring|192\/384 tox|[from] psn
|
|switch|p2a: run da jewels|Gliscor, M|353\/353
|turn|5
|
|switch|p2a: pretend|Heatran, F|385\/385
|switch|p1a: Gardevoir|Gardevoir, F|340\/340
|-ability|p1a: Gardevoir|Flash Fire|[from] ability: Trace|[of] p2a: pretend
|
|turn|6
|
|switch|p1a: Uxie|Uxie|354\/354
|move|p2a: pretend|Toxic|p1a: Uxie
|-status|p1a: Uxie|tox
|
|-damage|p1a: Uxie|332\/354 tox|[from] psn
|turn|7
|
|move|p2a: pretend|Stealth Rock|p1a: Uxie
|-sidestart|p1: Dr Steinman|move: Stealth Rock
|move|p1a: Uxie|Stealth Rock|p2a: pretend
|-sidestart|p2: FKA Mence|move: Stealth Rock
|
|-damage|p1a: Uxie|288\/354 tox|[from] psn
|turn|8
|
|switch|p1a: Jirachi|Jirachi|404\/404
|-damage|p1a: Jirachi|379\/404|[from] Stealth Rock
|move|p2a: pretend|Lava Plume|p1a: Jirachi
|-supereffective|p1a: Jirachi
|-damage|p1a: Jirachi|131\/404
|-enditem|p1a: Jirachi|Red Card|[of] p2a: pretend
|drag|p2a: purity ring|Clefable, F|393\/393
|
|turn|9
|
|switch|p2a: pretend|Heatran, F|385\/385
|-damage|p2a: pretend|337\/385|[from] Stealth Rock
|move|p1a: Jirachi|Trick Room|p1a: Jirachi
|-fieldstart|move: Trick Room|[of] p1a: Jirachi
|
|-heal|p2a: pretend|361\/385|[from] item: Leftovers
|turn|10
|
|move|p1a: Jirachi|Healing Wish|p1a: Jirachi
|faint|p1a: Jirachi
|move|p2a: pretend|Toxic|p1: Jirachi|[notarget]
|-notarget
|
|-heal|p2a: pretend|385\/385|[from] item: Leftovers
|
|switch|p1a: Ursaring|Ursaring, M|192\/384 tox
|-heal|p1a: Ursaring|384\/384|[from] move: Healing Wish
|-damage|p1a: Ursaring|336\/384|[from] Stealth Rock
|turn|11
|
|move|p1a: Ursaring|Swords Dance|p1a: Ursaring
|-boost|p1a: Ursaring|atk|2
|move|p2a: pretend|Lava Plume|p1a: Ursaring
|-damage|p1a: Ursaring|197\/384
|
|-status|p1a: Ursaring|tox|[from] item: Toxic Orb
|turn|12
|
|move|p2a: pretend|Protect|p2a: pretend
|-singleturn|p2a: pretend|Protect
|move|p1a: Ursaring|Facade|p2a: pretend
|-activate|p2a: pretend|Protect
|
|-damage|p1a: Ursaring|173\/384 tox|[from] psn
|turn|13
|
|move|p1a: Ursaring|Facade|p2a: pretend
|-resisted|p2a: pretend
|-damage|p2a: pretend|28\/385
|move|p2a: pretend|Lava Plume|p1a: Ursaring
|-crit|p1a: Ursaring
|-damage|p1a: Ursaring|0 fnt
|faint|p1a: Ursaring
|
|-heal|p2a: pretend|52\/385|[from] item: Leftovers
|-fieldend|move: Trick Room
|
|switch|p1a: Azumarill|Azumarill, F|404\/404
|-damage|p1a: Azumarill|354\/404|[from] Stealth Rock
|turn|14
|
|move|p2a: pretend|Toxic|p1a: Azumarill
|-status|p1a: Azumarill|tox
|move|p1a: Azumarill|Knock Off|p2a: pretend
|-damage|p2a: pretend|0 fnt
|-enditem|p2a: pretend|Leftovers|[from] move: Knock Off|[of] p1a: Azumarill
|faint|p2a: pretend
|
|-damage|p1a: Azumarill|329\/404 tox|[from] psn
|
|switch|p2a: purity ring|Clefable, F|393\/393
|turn|15
|
|move|p2a: purity ring|Calm Mind|p2a: purity ring
|-boost|p2a: purity ring|spa|1
|-boost|p2a: purity ring|spd|1
|move|p1a: Azumarill|Belly Drum|p1a: Azumarill
|-damage|p1a: Azumarill|127\/404 tox
|-setboost|p1a: Azumarill|atk|6|[from] move: Belly Drum
|-enditem|p1a: Azumarill|Sitrus Berry|[eat]
|-heal|p1a: Azumarill|228\/404 tox|[from] item: Sitrus Berry
|
|-damage|p1a: Azumarill|178\/404 tox|[from] psn
|turn|16
|
|move|p1a: Azumarill|Aqua Jet|p2a: purity ring
|-damage|p2a: purity ring|56\/393
|move|p2a: purity ring|Moonblast|p1a: Azumarill
|-damage|p1a: Azumarill|0 fnt
|faint|p1a: Azumarill
|
|-heal|p2a: purity ring|80\/393|[from] item: Leftovers
|
|switch|p1a: Gardevoir|Gardevoir, F|340\/340
|-damage|p1a: Gardevoir|298\/340|[from] Stealth Rock
|-ability|p1a: Gardevoir|Magic Guard|[from] ability: Trace|[of] p2a: purity ring
|turn|17
|
|detailschange|p1a: Gardevoir|Gardevoir-Mega, F
|-mega|p1a: Gardevoir|Gardevoir|Gardevoirite
|move|p2a: purity ring|Soft-Boiled|p2a: purity ring
|-heal|p2a: purity ring|277\/393
|move|p1a: Gardevoir|Hyper Voice|p2a: purity ring
|-damage|p2a: purity ring|112\/393
|
|-heal|p2a: purity ring|136\/393|[from] item: Leftovers
|turn|18
|
|move|p1a: Gardevoir|Hyper Voice|p2a: purity ring
|-damage|p2a: purity ring|0 fnt
|faint|p2a: purity ring
|
|
|switch|p2a: run da jewels|Gliscor, M|353\/353
|-damage|p2a: run da jewels|309\/353|[from] Stealth Rock
|turn|19
|
|move|p2a: run da jewels|Earthquake|p1a: Gardevoir
|-damage|p1a: Gardevoir|132\/340
|move|p1a: Gardevoir|Hyper Voice|p2a: run da jewels
|-damage|p2a: run da jewels|0 fnt
|faint|p2a: run da jewels
|
|win|Dr Steinman
|raw|Ladder updating...
|raw|Dr Steinman's rating: 1503 &rarr; <strong>1526<\/strong><br \/>(+23 for winning)
|raw|FKA Mence's rating: 1560 &rarr; <strong>1537<\/strong><br \/>(-23 for losing)
|leave|FKA Mence
|player|p2
|c|★Dr Steinman|gg