|join|supersloth9000
|join|KnightSansArmour
|player|p1|supersloth9000|221
|player|p2|KnightSansArmour|208
|gametype|singles
|gen|6
|tier|OU
|rated
|clearpoke
|poke|p1|Kyurem-Black
|poke|p1|Azumarill, F
|poke|p1|Mawile, M
|poke|p1|Talonflame, F
|poke|p1|Latios, M
|poke|p1|Garchomp, M
|poke|p2|Gliscor, M
|poke|p2|Chansey, F
|poke|p2|Noivern, F
|poke|p2|Blastoise, M
|poke|p2|Zapdos
|poke|p2|Metagross
|rule|Swagger Clause: Swagger is banned
|rule|Baton Pass Clause: Limit one Pokémon knowing Baton Pass
|rule|Sleep Clause Mod: Limit one foe put to sleep
|rule|Species Clause: Limit one of each Pokémon
|rule|OHKO Clause: OHKO moves are banned
|rule|Moody Clause: Moody is banned
|rule|Evasion Moves Clause: Evasion moves are banned
|rule|Endless Battle Clause: Forcing endless battles is banned
|rule|HP Percentage Mod: HP is reported as percentages
|teampreview
|
|start
|switch|p1a: Azumarill|Azumarill, F|404\/404
|switch|p2a: Gliscor|Gliscor, M|354\/354
|turn|1
|
|move|p2a: Gliscor|Protect|p2a: Gliscor
|-singleturn|p2a: Gliscor|Protect
|move|p1a: Azumarill|Waterfall|p2a: Gliscor
|-activate|p2a: Gliscor|Protect
|
|-status|p2a: Gliscor|tox|[from] item: Toxic Orb
|turn|2
|
|move|p2a: Gliscor|Substitute|p2a: Gliscor
|-start|p2a: Gliscor|Substitute
|-damage|p2a: Gliscor|266\/354 tox
|move|p1a: Azumarill|Waterfall|p2a: Gliscor
|-supereffective|p2a: Gliscor
|-end|p2a: Gliscor|Substitute
|
|-heal|p2a: Gliscor|310\/354 tox|[from] ability: Poison Heal
|turn|3
|chat|supersloth9000|bold
|
|move|p2a: Gliscor|Protect|p2a: Gliscor
|-singleturn|p2a: Gliscor|Protect
|move|p1a: Azumarill|Waterfall|p2a: Gliscor
|-activate|p2a: Gliscor|Protect
|
|-heal|p2a: Gliscor|354\/354 tox|[from] ability: Poison Heal
|turn|4
|
|move|p2a: Gliscor|Substitute|p2a: Gliscor
|-start|p2a: Gliscor|Substitute
|-damage|p2a: Gliscor|266\/354 tox
|move|p1a: Azumarill|Waterfall|p2a: Gliscor
|-supereffective|p2a: Gliscor
|-end|p2a: Gliscor|Substitute
|
|-heal|p2a: Gliscor|310\/354 tox|[from] ability: Poison Heal
|turn|5
|chat|supersloth9000|wtf are you doing?
|
|switch|p2a: Zapdos|Zapdos|384\/384
|-ability|p2a: Zapdos|Pressure
|move|p1a: Azumarill|Waterfall|p2a: Zapdos
|-damage|p2a: Zapdos|87\/384
|
|-heal|p2a: Zapdos|111\/384|[from] item: Leftovers
|turn|6
|
|switch|p1a: Garchomp|Garchomp, M|358\/358
|move|p2a: Zapdos|Roost|p2a: Zapdos
|-heal|p2a: Zapdos|303\/384
|
|-heal|p2a: Zapdos|327\/384|[from] item: Leftovers
|turn|7
|chat|KnightSansArmour|Working out if you're choiced
|
|switch|p2a: Gliscor|Gliscor, M|310\/354 tox
|move|p1a: Garchomp|Stealth Rock|p2a: Gliscor
|-sidestart|p2: KnightSansArmour|move: Stealth Rock
|
|-heal|p2a: Gliscor|354\/354 tox|[from] ability: Poison Heal
|turn|8
|
|switch|p1a: Azumarill|Azumarill, F|404\/404
|move|p2a: Gliscor|Toxic|p1a: Azumarill
|-status|p1a: Azumarill|tox
|
|-damage|p1a: Azumarill|379\/404 tox|[from] psn
|turn|9
|
|move|p1a: Azumarill|Aqua Jet|p2a: Gliscor
|-supereffective|p2a: Gliscor
|-damage|p2a: Gliscor|174\/354 tox
|move|p2a: Gliscor|Substitute|p2a: Gliscor
|-start|p2a: Gliscor|Substitute
|-damage|p2a: Gliscor|86\/354 tox
|
|-heal|p2a: Gliscor|130\/354 tox|[from] ability: Poison Heal
|-damage|p1a: Azumarill|329\/404 tox|[from] psn
|turn|10
|
|move|p2a: Gliscor|Protect|p2a: Gliscor
|-singleturn|p2a: Gliscor|Protect
|move|p1a: Azumarill|Aqua Jet|p2a: Gliscor
|-activate|p2a: Gliscor|Protect
|
|-heal|p2a: Gliscor|174\/354 tox|[from] ability: Poison Heal
|-damage|p1a: Azumarill|254\/404 tox|[from] psn
|turn|11
|
|move|p1a: Azumarill|Aqua Jet|p2a: Gliscor
|-supereffective|p2a: Gliscor
|-end|p2a: Gliscor|Substitute
|move|p2a: Gliscor|Substitute|p2a: Gliscor
|-start|p2a: Gliscor|Substitute
|-damage|p2a: Gliscor|86\/354 tox
|
|-heal|p2a: Gliscor|130\/354 tox|[from] ability: Poison Heal
|-damage|p1a: Azumarill|154\/404 tox|[from] psn
|turn|12
|
|move|p2a: Gliscor|Protect|p2a: Gliscor
|-singleturn|p2a: Gliscor|Protect
|move|p1a: Azumarill|Aqua Jet|p2a: Gliscor
|-activate|p2a: Gliscor|Protect
|
|-heal|p2a: Gliscor|174\/354 tox|[from] ability: Poison Heal
|-damage|p1a: Azumarill|29\/404 tox|[from] psn
|turn|13
|
|move|p1a: Azumarill|Aqua Jet|p2a: Gliscor
|-supereffective|p2a: Gliscor
|-end|p2a: Gliscor|Substitute
|move|p2a: Gliscor|Substitute|p2a: Gliscor
|-start|p2a: Gliscor|Substitute
|-damage|p2a: Gliscor|86\/354 tox
|
|-heal|p2a: Gliscor|130\/354 tox|[from] ability: Poison Heal
|-damage|p1a: Azumarill|0 fnt|[from] psn
|faint|p1a: Azumarill
|
|switch|p1a: Kyurem-Black|Kyurem-Black|391\/391
|-ability|p1a: Kyurem-Black|Teravolt
|turn|14
|chat|supersloth9000|u suck
|
|move|p2a: Gliscor|Protect|p2a: Gliscor
|-singleturn|p2a: Gliscor|Protect
|move|p1a: Kyurem-Black|Ice Beam|p2a: Gliscor
|-activate|p2a: Gliscor|Protect
|
|-heal|p2a: Gliscor|174\/354 tox|[from] ability: Poison Heal
|turn|15
|chat|KnightSansArmour|<3 you too
|
|move|p1a: Kyurem-Black|Ice Beam|p2a: Gliscor
|-supereffective|p2a: Gliscor
|-end|p2a: Gliscor|Substitute
|-damage|p1a: Kyurem-Black|352\/391|[from] item: Life Orb
|move|p2a: Gliscor|Toxic|p1a: Kyurem-Black
|-status|p1a: Kyurem-Black|tox
|
|-damage|p1a: Kyurem-Black|328\/391 tox|[from] psn
|-heal|p2a: Gliscor|218\/354 tox|[from] ability: Poison Heal
|turn|16
|
|switch|p1a: Latios|Latios, M|302\/302
|move|p2a: Gliscor|Protect|p2a: Gliscor
|-fail|p2a: Gliscor
|
|-heal|p2a: Gliscor|262\/354 tox|[from] ability: Poison Heal
|turn|17
|
|move|p2a: Gliscor|Protect|p2a: Gliscor
|-singleturn|p2a: Gliscor|Protect
|move|p1a: Latios|Draco Meteor|p2a: Gliscor
|-activate|p2a: Gliscor|Protect
|
|-heal|p2a: Gliscor|306\/354 tox|[from] ability: Poison Heal
|turn|18
|chat|supersloth9000|ur fucking trash
|
|switch|p2a: Chansey|Chansey, F|704\/704
|-damage|p2a: Chansey|616\/704|[from] Stealth Rock
|move|p1a: Latios|Draco Meteor|p2a: Chansey
|-damage|p2a: Chansey|431\/704
|-unboost|p1a: Latios|spa|2
|-damage|p1a: Latios|272\/302|[from] item: Life Orb
|
|turn|19
|
|switch|p1a: Mawile|Mawile, M|304\/304
|-ability|p1a: Mawile|Intimidate|[of] p2a: Chansey
|-unboost|p2a: Chansey|atk|1
|move|p2a: Chansey|Toxic|p1a: Mawile
|-fail|p1a: Mawile
|
|turn|20
|
|switch|p2a: Metagross|Metagross|364\/364
|-damage|p2a: Metagross|342\/364|[from] Stealth Rock
|detailschange|p1a: Mawile|Mawile-Mega, M
|message|Mawile has Mega Evolved into Mega Mawile!
|move|p1a: Mawile|Iron Head|p2a: Metagross
|-resisted|p2a: Metagross
|-damage|p2a: Metagross|240\/364
|
|turn|21
|
|switch|p1a: Garchomp|Garchomp, M|358\/358
|move|p2a: Metagross|Earthquake|p1a: Garchomp
|-damage|p1a: Garchomp|229\/358
|
|turn|22
|
|switch|p2a: Gliscor|Gliscor, M|306\/354 tox
|-damage|p2a: Gliscor|262\/354 tox|[from] Stealth Rock
|move|p1a: Garchomp|Fire Blast|p2a: Gliscor|[miss]
|-miss|p1a: Garchomp|p2a: Gliscor
|
|-heal|p2a: Gliscor|306\/354 tox|[from] ability: Poison Heal
|turn|23
|
|switch|p2a: Blastoise|Blastoise, M|362\/362
|-damage|p2a: Blastoise|317\/362|[from] Stealth Rock
|move|p1a: Garchomp|Fire Blast|p2a: Blastoise
|-resisted|p2a: Blastoise
|-damage|p2a: Blastoise|289\/362
|
|turn|24
|
|switch|p1a: Latios|Latios, M|272\/302
|detailschange|p2a: Blastoise|Blastoise-Mega, M
|message|Blastoise has Mega Evolved into Mega Blastoise!
|move|p2a: Blastoise|Rapid Spin|p1a: Latios
|-damage|p1a: Latios|252\/302
|-sideend|p2: KnightSansArmour|Stealth Rock|[from] move: Rapid Spin|[of] p2a: Blastoise
|
|turn|25
|
|switch|p2a: Chansey|Chansey, F|431\/704
|move|p1a: Latios|Psyshock|p2a: Chansey
|-damage|p2a: Chansey|185\/704
|-damage|p1a: Latios|222\/302|[from] item: Life Orb
|
|turn|26
|
|move|p1a: Latios|Psyshock|p2a: Chansey
|-damage|p2a: Chansey|0 fnt
|-damage|p1a: Latios|192\/302|[from] item: Life Orb
|faint|p2a: Chansey
|
|
|switch|p2a: Noivern|Noivern, F|311\/311
|turn|27
|
|switch|p1a: Mawile|Mawile-Mega, M|304\/304
|move|p2a: Noivern|Draco Meteor|p1a: Mawile
|-immune|p1a: Mawile|[msg]
|
|turn|28
|
|switch|p2a: Metagross|Metagross|240\/364
|move|p1a: Mawile|Play Rough|p2a: Metagross|[miss]
|-miss|p1a: Mawile|p2a: Metagross
|
|turn|29
|
|switch|p1a: Latios|Latios, M|192\/302
|move|p2a: Metagross|Earthquake|p1a: Latios
|-immune|p1a: Latios|[msg]
|
|turn|30
|
|move|p1a: Latios|Draco Meteor|p2a: Metagross
|-resisted|p2a: Metagross
|-damage|p2a: Metagross|132\/364
|-unboost|p1a: Latios|spa|2
|-damage|p1a: Latios|162\/302|[from] item: Life Orb
|move|p2a: Metagross|Meteor Mash|p1a: Latios
|-damage|p1a: Latios|0 fnt
|faint|p1a: Latios
|
|
|switch|p1a: Talonflame|Talonflame, F|328\/328
|turn|31
|
|switch|p2a: Gliscor|Gliscor, M|306\/354 tox
|move|p1a: Talonflame|Flare Blitz|p2a: Gliscor
|-damage|p2a: Gliscor|188\/354 tox
|-damage|p1a: Talonflame|289\/328|[from] recoil|[of] p2a: Gliscor
|
|-heal|p2a: Gliscor|232\/354 tox|[from] ability: Poison Heal
|turn|32
|
|move|p1a: Talonflame|Brave Bird|p2a: Gliscor
|-damage|p2a: Gliscor|106\/354 tox
|-damage|p1a: Talonflame|247\/328|[from] recoil|[of] p2a: Gliscor
|move|p2a: Gliscor|Toxic|p1a: Talonflame
|-status|p1a: Talonflame|tox
|
|-damage|p1a: Talonflame|227\/328 tox|[from] psn
|-heal|p2a: Gliscor|150\/354 tox|[from] ability: Poison Heal
|turn|33
|
|move|p2a: Gliscor|Protect|p2a: Gliscor
|-singleturn|p2a: Gliscor|Protect
|move|p1a: Talonflame|Tailwind|p1a: Talonflame
|-sidestart|p1: supersloth9000|move: Tailwind
|
|-damage|p1a: Talonflame|187\/328 tox|[from] psn
|-heal|p2a: Gliscor|194\/354 tox|[from] ability: Poison Heal
|turn|34
|
|move|p1a: Talonflame|Brave Bird|p2a: Gliscor
|-damage|p2a: Gliscor|50\/354 tox
|-damage|p1a: Talonflame|139\/328 tox|[from] recoil|[of] p2a: Gliscor
|move|p2a: Gliscor|Substitute|p2a: Gliscor
|-fail|p2a: Gliscor|move: Substitute|[weak]
|
|-damage|p1a: Talonflame|79\/328 tox|[from] psn
|-heal|p2a: Gliscor|94\/354 tox|[from] ability: Poison Heal
|turn|35
|
|move|p1a: Talonflame|Roost|p1a: Talonflame
|-heal|p1a: Talonflame|243\/328 tox
|move|p2a: Gliscor|Substitute|p2a: Gliscor
|-start|p2a: Gliscor|Substitute
|-damage|p2a: Gliscor|6\/354 tox
|
|-damage|p1a: Talonflame|163\/328 tox|[from] psn
|-heal|p2a: Gliscor|50\/354 tox|[from] ability: Poison Heal
|turn|36
|
|move|p2a: Gliscor|Protect|p2a: Gliscor
|-singleturn|p2a: Gliscor|Protect
|move|p1a: Talonflame|Roost|p1a: Talonflame
|-heal|p1a: Talonflame|327\/328 tox
|
|-damage|p1a: Talonflame|227\/328 tox|[from] psn
|-heal|p2a: Gliscor|94\/354 tox|[from] ability: Poison Heal
|-sideend|p1: supersloth9000|move: Tailwind
|turn|37
|
|move|p1a: Talonflame|Brave Bird|p2a: Gliscor
|-crit|p2a: Gliscor
|-end|p2a: Gliscor|Substitute
|-damage|p1a: Talonflame|198\/328 tox|[from] recoil|[of] p2a: Gliscor
|move|p2a: Gliscor|Substitute|p2a: Gliscor
|-start|p2a: Gliscor|Substitute
|-damage|p2a: Gliscor|6\/354 tox
|
|-damage|p1a: Talonflame|78\/328 tox|[from] psn
|-heal|p2a: Gliscor|50\/354 tox|[from] ability: Poison Heal
|turn|38
|
|move|p2a: Gliscor|Protect|p2a: Gliscor
|-singleturn|p2a: Gliscor|Protect
|move|p1a: Talonflame|Roost|p1a: Talonflame
|-heal|p1a: Talonflame|242\/328 tox
|
|-damage|p1a: Talonflame|102\/328 tox|[from] psn
|-heal|p2a: Gliscor|94\/354 tox|[from] ability: Poison Heal
|turn|39
|
|move|p1a: Talonflame|Brave Bird|p2a: Gliscor
|-end|p2a: Gliscor|Substitute
|-damage|p1a: Talonflame|73\/328 tox|[from] recoil|[of] p2a: Gliscor
|move|p2a: Gliscor|Substitute|p2a: Gliscor
|-start|p2a: Gliscor|Substitute
|-damage|p2a: Gliscor|6\/354 tox
|
|-damage|p1a: Talonflame|0 fnt|[from] psn
|-heal|p2a: Gliscor|50\/354 tox|[from] ability: Poison Heal
|faint|p1a: Talonflame
|
|switch|p1a: Mawile|Mawile-Mega, M|304\/304
|turn|40
|
|move|p2a: Gliscor|Protect|p2a: Gliscor
|-singleturn|p2a: Gliscor|Protect
|move|p1a: Mawile|Iron Head|p2a: Gliscor
|-activate|p2a: Gliscor|Protect
|
|-heal|p2a: Gliscor|94\/354 tox|[from] ability: Poison Heal
|turn|41
|chat|supersloth9000|wow
|
|move|p2a: Gliscor|Earthquake|p1a: Mawile
|-supereffective|p1a: Mawile
|-damage|p1a: Mawile|134\/304
|move|p1a: Mawile|Iron Head|p2a: Gliscor
|-end|p2a: Gliscor|Substitute
|
|-heal|p2a: Gliscor|138\/354 tox|[from] ability: Poison Heal
|turn|42
|
|move|p2a: Gliscor|Substitute|p2a: Gliscor
|-start|p2a: Gliscor|Substitute
|-damage|p2a: Gliscor|50\/354 tox
|move|p1a: Mawile|Iron Head|p2a: Gliscor
|-end|p2a: Gliscor|Substitute
|
|-heal|p2a: Gliscor|94\/354 tox|[from] ability: Poison Heal
|turn|43
|
|move|p2a: Gliscor|Protect|p2a: Gliscor
|-singleturn|p2a: Gliscor|Protect
|move|p1a: Mawile|Iron Head|p2a: Gliscor
|-activate|p2a: Gliscor|Protect
|
|-heal|p2a: Gliscor|138\/354 tox|[from] ability: Poison Heal
|turn|44
|
|move|p2a: Gliscor|Earthquake|p1a: Mawile
|-supereffective|p1a: Mawile
|-damage|p1a: Mawile|0 fnt
|faint|p1a: Mawile
|
|-heal|p2a: Gliscor|182\/354 tox|[from] ability: Poison Heal
|
|switch|p1a: Kyurem-Black|Kyurem-Black|328\/391 tox
|-ability|p1a: Kyurem-Black|Teravolt
|turn|45
|
|switch|p2a: Metagross|Metagross|132\/364
|move|p1a: Kyurem-Black|Ice Beam|p2a: Metagross
|-resisted|p2a: Metagross
|-damage|p2a: Metagross|50\/364
|-damage|p1a: Kyurem-Black|289\/391 tox|[from] item: Life Orb
|
|-damage|p1a: Kyurem-Black|265\/391 tox|[from] psn
|turn|46
|
|move|p2a: Metagross|Bullet Punch|p1a: Kyurem-Black
|-supereffective|p1a: Kyurem-Black
|-damage|p1a: Kyurem-Black|73\/391 tox
|move|p1a: Kyurem-Black|Earth Power|p2a: Metagross
|-supereffective|p2a: Metagross
|-damage|p2a: Metagross|0 fnt
|-damage|p1a: Kyurem-Black|34\/391 tox|[from] item: Life Orb
|faint|p2a: Metagross
|
|-damage|p1a: Kyurem-Black|0 fnt|[from] psn
|faint|p1a: Kyurem-Black
|chat|supersloth9000|go fucking die
|chat|supersloth9000|ur fucking shit
|leave|supersloth9000
|player|p1
|chat|KnightSansArmour|<3 you too
|-message|supersloth9000 lost due to inactivity.
|
|win|KnightSansArmour
|raw|Ladder updating...
|raw|supersloth9000's rating: 1559 &rarr; <strong>1538<\/strong><br \/>(-21 for losing)
|raw|KnightSansArmour's rating: 1546 &rarr; <strong>1567<\/strong><br \/>(+21 for winning)