|join|KnightSansArmour
|join|darrpower
|player|p1|KnightSansArmour|208
|player|p2|darrpower|265
|gametype|singles
|gen|6
|tier|OU
|rated
|clearpoke
|poke|p1|Gliscor, M
|poke|p1|Chansey, F
|poke|p1|Noivern, F
|poke|p1|Blastoise, M
|poke|p1|Zapdos
|poke|p1|Metagross
|poke|p2|Azumarill, M
|poke|p2|Latias, F
|poke|p2|Bisharp, M
|poke|p2|Gardevoir, M
|poke|p2|Heatran, M
|poke|p2|Landorus-Therian, M
|rule|Swagger Clause: Swagger is banned
|rule|Baton Pass Clause: Limit one Pokémon knowing Baton Pass
|rule|Sleep Clause Mod: Limit one foe put to sleep
|rule|Species Clause: Limit one of each Pokémon
|rule|OHKO Clause: OHKO moves are banned
|rule|Moody Clause: Moody is banned
|rule|Evasion Moves Clause: Evasion moves are banned
|rule|Endless Battle Clause: Forcing endless battles is banned
|rule|HP Percentage Mod: HP is reported as percentages
|teampreview
|join|farbrorpappa
|
|start
|switch|p1a: Blastoise|Blastoise, M|362\/362
|switch|p2a: Bisharp|Bisharp, M|334\/334
|turn|1
|
|switch|p2a: Azumarill|Azumarill, M|345\/345
|detailschange|p1a: Blastoise|Blastoise-Mega, M
|message|Blastoise has Mega Evolved into Mega Blastoise!
|move|p1a: Blastoise|Aura Sphere|p2a: Azumarill
|-resisted|p2a: Azumarill
|-damage|p2a: Azumarill|295\/345
|
|turn|2
|
|switch|p1a: Zapdos|Zapdos|384\/384
|-ability|p1a: Zapdos|Pressure
|move|p2a: Azumarill|Knock Off|p1a: Zapdos
|-damage|p1a: Zapdos|232\/384
|-enditem|p1a: Zapdos|Leftovers|[from] move: Knock Off|[of] p2a: Azumarill
|
|turn|3
|
|move|p1a: Zapdos|Heat Wave|p2a: Azumarill
|-crit|p2a: Azumarill
|-resisted|p2a: Azumarill
|-damage|p2a: Azumarill|235\/345
|move|p2a: Azumarill|Waterfall|p1a: Zapdos
|-damage|p1a: Zapdos|21\/384
|
|turn|4
|
|move|p2a: Azumarill|Aqua Jet|p1a: Zapdos
|-damage|p1a: Zapdos|0 fnt
|faint|p1a: Zapdos
|
|
|switch|p1a: Metagross|Metagross|364\/364
|turn|5
|
|move|p1a: Metagross|Meteor Mash|p2a: Azumarill
|-damage|p2a: Azumarill|6\/345
|-boost|p1a: Metagross|atk|1
|move|p2a: Azumarill|Knock Off|p1a: Metagross
|-crit|p1a: Metagross
|-supereffective|p1a: Metagross
|-damage|p1a: Metagross|54\/364
|-enditem|p1a: Metagross|Assault Vest|[from] move: Knock Off|[of] p2a: Azumarill
|
|turn|6
|
|move|p1a: Metagross|Bullet Punch|p2a: Azumarill
|-damage|p2a: Azumarill|0 fnt
|faint|p2a: Azumarill
|
|
|switch|p2a: Heatran|Heatran, M|386\/386
|turn|7
|
|move|p2a: Heatran|Toxic|p1a: Metagross
|-fail|p1a: Metagross
|move|p1a: Metagross|Earthquake|p2a: Heatran
|-supereffective|p2a: Heatran
|-damage|p2a: Heatran|0 fnt
|faint|p2a: Heatran
|
|
|switch|p2a: Landorus-Therian|Landorus-Therian, M|369\/369
|-ability|p2a: Landorus-Therian|Intimidate|[of] p1a: Metagross
|-fail|p1a: Metagross|unboost|[from] ability: Clear Body|[of] p1a: Metagross
|turn|8
|
|move|p1a: Metagross|Bullet Punch|p2a: Landorus-Therian
|-damage|p2a: Landorus-Therian|237\/369
|move|p2a: Landorus-Therian|U-turn|p1a: Metagross
|-damage|p1a: Metagross|0 fnt
|faint|p1a: Metagross
|
|switch|p2a: Gardevoir|Gardevoir, M|277\/277
|
|
|switch|p1a: Chansey|Chansey, F|704\/704
|-ability|p2a: Gardevoir|Natural Cure|[from] ability: Trace|[of] p1a: Chansey
|turn|9
|
|switch|p2a: Bisharp|Bisharp, M|334\/334
|move|p1a: Chansey|Toxic|p2a: Bisharp
|-fail|p2a: Bisharp
|
|turn|10
|
|switch|p1a: Blastoise|Blastoise-Mega, M|362\/362
|move|p2a: Bisharp|Knock Off|p1a: Blastoise
|-damage|p1a: Blastoise|250\/362
|
|turn|11
|
|switch|p2a: Latias|Latias, F|302\/302
|move|p1a: Blastoise|Aura Sphere|p2a: Latias
|-resisted|p2a: Latias
|-damage|p2a: Latias|238\/302
|
|turn|12
|
|switch|p1a: Chansey|Chansey, F|704\/704
|move|p2a: Latias|Draco Meteor|p1a: Chansey
|-damage|p1a: Chansey|544\/704
|-unboost|p2a: Latias|spa|2
|-damage|p2a: Latias|208\/302|[from] item: Life Orb
|
|turn|13
|
|switch|p2a: Landorus-Therian|Landorus-Therian, M|237\/369
|-ability|p2a: Landorus-Therian|Intimidate|[of] p1a: Chansey
|-unboost|p1a: Chansey|atk|1
|switch|p1a: Blastoise|Blastoise-Mega, M|250\/362
|
|turn|14
|
|switch|p1a: Gliscor|Gliscor, M|354\/354
|move|p2a: Landorus-Therian|U-turn|p1a: Gliscor
|-resisted|p1a: Gliscor
|-damage|p1a: Gliscor|308\/354
|
|switch|p2a: Gardevoir|Gardevoir, M|277\/277
|-ability|p2a: Gardevoir|Poison Heal|[from] ability: Trace|[of] p1a: Gliscor
|
|-status|p1a: Gliscor|tox|[from] item: Toxic Orb
|turn|15
|
|switch|p2a: Bisharp|Bisharp, M|334\/334
|move|p1a: Gliscor|Protect|p1a: Gliscor
|-fail|p1a: Gliscor
|
|-heal|p1a: Gliscor|352\/354 tox|[from] ability: Poison Heal
|turn|16
|
|switch|p2a: Landorus-Therian|Landorus-Therian, M|237\/369
|-ability|p2a: Landorus-Therian|Intimidate|[of] p1a: Gliscor
|-unboost|p1a: Gliscor|atk|1
|move|p1a: Gliscor|Earthquake|p2a: Landorus-Therian
|-immune|p2a: Landorus-Therian|[msg]
|
|-heal|p1a: Gliscor|354\/354 tox|[from] ability: Poison Heal
|turn|17
|
|move|p1a: Gliscor|Earthquake|p2a: Landorus-Therian
|-immune|p2a: Landorus-Therian|[msg]
|move|p2a: Landorus-Therian|U-turn|p1a: Gliscor
|-resisted|p1a: Gliscor
|-damage|p1a: Gliscor|306\/354 tox
|
|switch|p2a: Gardevoir|Gardevoir, M|277\/277
|-ability|p2a: Gardevoir|Poison Heal|[from] ability: Trace|[of] p1a: Gliscor
|
|-heal|p1a: Gliscor|350\/354 tox|[from] ability: Poison Heal
|turn|18
|
|switch|p1a: Chansey|Chansey, F|544\/704
|detailschange|p2a: Gardevoir|Gardevoir-Mega, M
|message|Gardevoir has Mega Evolved into Mega Gardevoir!
|move|p2a: Gardevoir|Hyper Voice|p1a: Chansey
|-damage|p1a: Chansey|370\/704
|
|turn|19
|
|move|p2a: Gardevoir|Focus Blast|p1a: Chansey
|-supereffective|p1a: Chansey
|-damage|p1a: Chansey|136\/704
|move|p1a: Chansey|Soft-Boiled|p1a: Chansey
|-heal|p1a: Chansey|488\/704
|
|turn|20
|
|move|p2a: Gardevoir|Focus Blast|p1a: Chansey
|-supereffective|p1a: Chansey
|-damage|p1a: Chansey|248\/704
|move|p1a: Chansey|Toxic|p2a: Gardevoir|[miss]
|-miss|p1a: Chansey|p2a: Gardevoir
|
|turn|21
|
|move|p2a: Gardevoir|Focus Blast|p1a: Chansey
|-supereffective|p1a: Chansey
|-damage|p1a: Chansey|0 fnt
|faint|p1a: Chansey
|
|
|switch|p1a: Noivern|Noivern, F|311\/311
|turn|22
|
|move|p1a: Noivern|Hurricane|p2a: Gardevoir
|-damage|p2a: Gardevoir|99\/277
|move|p2a: Gardevoir|Hyper Voice|p1a: Noivern
|-supereffective|p1a: Noivern
|-damage|p1a: Noivern|0 fnt
|faint|p1a: Noivern
|
|
|switch|p1a: Blastoise|Blastoise-Mega, M|250\/362
|turn|23
|
|switch|p2a: Bisharp|Bisharp, M|334\/334
|move|p1a: Blastoise|Water Pulse|p2a: Bisharp
|-damage|p2a: Bisharp|100\/334
|
|turn|24
|
|move|p2a: Bisharp|Sucker Punch|p1a: Blastoise
|-damage|p1a: Blastoise|112\/362
|move|p1a: Blastoise|Water Pulse|p2a: Bisharp
|-damage|p2a: Bisharp|0 fnt
|faint|p2a: Bisharp
|
|
|switch|p2a: Latias|Latias, F|208\/302
|turn|25
|
|move|p2a: Latias|Draco Meteor|p1a: Blastoise
|-damage|p1a: Blastoise|0 fnt
|-unboost|p2a: Latias|spa|2
|-damage|p2a: Latias|178\/302|[from] item: Life Orb
|faint|p1a: Blastoise
|
|
|switch|p1a: Gliscor|Gliscor, M|350\/354 tox
|turn|26
|
|switch|p2a: Landorus-Therian|Landorus-Therian, M|237\/369
|-ability|p2a: Landorus-Therian|Intimidate|[of] p1a: Gliscor
|-unboost|p1a: Gliscor|atk|1
|move|p1a: Gliscor|Toxic|p2a: Landorus-Therian
|-status|p2a: Landorus-Therian|tox
|
|-heal|p1a: Gliscor|354\/354 tox|[from] ability: Poison Heal
|-damage|p2a: Landorus-Therian|214\/369 tox|[from] psn
|turn|27
|
|move|p1a: Gliscor|Substitute|p1a: Gliscor
|-start|p1a: Gliscor|Substitute
|-damage|p1a: Gliscor|266\/354 tox
|move|p2a: Landorus-Therian|Stone Edge|p1a: Gliscor
|-end|p1a: Gliscor|Substitute
|
|-heal|p1a: Gliscor|310\/354 tox|[from] ability: Poison Heal
|-damage|p2a: Landorus-Therian|168\/369 tox|[from] psn
|turn|28
|
|move|p1a: Gliscor|Protect|p1a: Gliscor
|-singleturn|p1a: Gliscor|Protect
|move|p2a: Landorus-Therian|Stone Edge|p1a: Gliscor
|-activate|p1a: Gliscor|Protect
|
|-heal|p1a: Gliscor|354\/354 tox|[from] ability: Poison Heal
|-damage|p2a: Landorus-Therian|99\/369 tox|[from] psn
|turn|29
|
|move|p1a: Gliscor|Substitute|p1a: Gliscor
|-start|p1a: Gliscor|Substitute
|-damage|p1a: Gliscor|266\/354 tox
|move|p2a: Landorus-Therian|Stone Edge|p1a: Gliscor|[miss]
|-miss|p2a: Landorus-Therian|p1a: Gliscor
|
|-heal|p1a: Gliscor|310\/354 tox|[from] ability: Poison Heal
|-damage|p2a: Landorus-Therian|7\/369 tox|[from] psn
|turn|30
|
|switch|p2a: Latias|Latias, F|178\/302
|move|p1a: Gliscor|Protect|p1a: Gliscor
|-fail|p1a: Gliscor
|
|-heal|p1a: Gliscor|354\/354 tox|[from] ability: Poison Heal
|turn|31
|
|move|p2a: Latias|Draco Meteor|p1a: Gliscor
|-end|p1a: Gliscor|Substitute
|-unboost|p2a: Latias|spa|2
|-damage|p2a: Latias|148\/302|[from] item: Life Orb
|move|p1a: Gliscor|Substitute|p1a: Gliscor
|-start|p1a: Gliscor|Substitute
|-damage|p1a: Gliscor|266\/354 tox
|
|-heal|p1a: Gliscor|310\/354 tox|[from] ability: Poison Heal
|turn|32
|
|move|p2a: Latias|Healing Wish|p2a: Latias
|faint|p2a: Latias
|move|p1a: Gliscor|Toxic|p2: Latias|[notarget]
|-notarget
|
|-heal|p1a: Gliscor|354\/354 tox|[from] ability: Poison Heal
|
|switch|p2a: Gardevoir|Gardevoir-Mega, M|99\/277
|-heal|p2a: Gardevoir|277\/277|[from] move: Healing Wish
|turn|33
|
|move|p2a: Gardevoir|Hyper Voice|p1a: Gliscor
|-damage|p1a: Gliscor|0 fnt
|faint|p1a: Gliscor
|
|win|darrpower
|raw|Ladder updating...
|raw|KnightSansArmour's rating: 1661 &rarr; <strong>1632<\/strong><br \/>(-29 for losing)
|raw|darrpower's rating: 1485 &rarr; <strong>1515<\/strong><br \/>(+30 for winning)
|chat|KnightSansArmour|gg
|chat|darrpower|gg
|leave|KnightSansArmour
|player|p1