|join|KnightSansArmour
|join|byronthewellwell
|player|p1|KnightSansArmour|170
|player|p2|byronthewellwell|102
|gametype|singles
|gen|6
|tier|OU
|rated
|clearpoke
|poke|p1|Gliscor, M
|poke|p1|Chansey, F
|poke|p1|Noivern, F
|poke|p1|Blastoise, M
|poke|p1|Zapdos
|poke|p1|Excadrill, M
|poke|p2|Tyranitar, F
|poke|p2|Landorus, M
|poke|p2|Mandibuzz, F
|poke|p2|Keldeo
|poke|p2|Sylveon, F
|poke|p2|Scizor, F
|rule|Sleep Clause Mod: Limit one foe put to sleep
|rule|Species Clause: Limit one of each Pokemon
|rule|OHKO Clause: OHKO moves are banned
|rule|Moody Clause: Moody is banned
|rule|Evasion Moves Clause: Evasion moves are banned
|rule|Endless Battle Clause: Forcing endless battles is banned.
|rule|HP Percentage Mod: HP is reported as percentages
|teampreview
|chat|byronthewellwell|nice team
|chat|KnightSansArmour|You too man
|chat|byronthewellwell|ty
|
|start
|switch|p1a: Blastoise|Blastoise, M|362\/362
|switch|p2a: Saurier|Tyranitar, F|404\/404
|-weather|Sandstorm
|turn|1
|
|switch|p2a: Hund|Sylveon, F|394\/394
|-formechange|p1a: Blastoise|Blastoise-Mega
|message|Blastoise has Mega Evolved into Mega Blastoise!
|move|p1a: Blastoise|Aura Sphere|p2a: Hund
|-resisted|p2a: Hund
|-damage|p2a: Hund|335\/394
|
|-weather|Sandstorm|[upkeep]
|-damage|p1a: Blastoise|340\/362|[from] sandstorm
|-damage|p2a: Hund|311\/394|[from] sandstorm
|-heal|p2a: Hund|335\/394|[from] item: Leftovers
|turn|2
|
|switch|p1a: Excadrill|Excadrill, M|361\/361
|-ability|p1a: Excadrill|Mold Breaker
|move|p2a: Hund|Hyper Voice|p1a: Excadrill
|-resisted|p1a: Excadrill
|-damage|p1a: Excadrill|253\/361
|
|-weather|Sandstorm|[upkeep]
|-damage|p2a: Hund|311\/394|[from] sandstorm
|-heal|p2a: Hund|335\/394|[from] item: Leftovers
|turn|3
|
|switch|p2a: Geier|Mandibuzz, F|424\/424
|move|p1a: Excadrill|Iron Head|p2a: Geier
|-damage|p2a: Geier|262\/424
|-damage|p1a: Excadrill|193\/361|[from] item: Rocky Helmet|[of] p2a: Geier
|
|-weather|Sandstorm|[upkeep]
|turn|4
|chat|byronthewellwell|banded?
|
|switch|p1a: Zapdos|Zapdos|384\/384
|-ability|p1a: Zapdos|Pressure
|move|p2a: Geier|Roost|p2a: Geier
|-heal|p2a: Geier|424\/424
|
|-weather|Sandstorm|[upkeep]
|-damage|p1a: Zapdos|360\/384|[from] sandstorm
|-heal|p1a: Zapdos|384\/384|[from] item: Leftovers
|turn|5
|chat|KnightSansArmour|Yeah
|
|switch|p2a: Saurier|Tyranitar, F|404\/404
|move|p1a: Zapdos|Heat Wave|p2a: Saurier
|-resisted|p2a: Saurier
|-damage|p2a: Saurier|372\/404
|
|-weather|none
|-heal|p2a: Saurier|397\/404|[from] item: Leftovers
|turn|6
|
|move|p2a: Saurier|Pursuit|p1a: Zapdos|[from]Pursuit
|-damage|p1a: Zapdos|242\/384
|switch|p1a: Blastoise|Blastoise, M|340\/362
|-formechange|p1a: Blastoise|Blastoise-Mega
|
|-heal|p2a: Saurier|404\/404|[from] item: Leftovers
|turn|7
|
|switch|p2a: Pferd|Keldeo|323\/323
|move|p1a: Blastoise|Water Pulse|p2a: Pferd
|-resisted|p2a: Pferd
|-damage|p2a: Pferd|218\/323
|
|turn|8
|chat|byronthewellwell|misclick dang it
|
|move|p2a: Pferd|Secret Sword|p1a: Blastoise
|-damage|p1a: Blastoise|162\/362
|move|p1a: Blastoise|Aura Sphere|p2a: Pferd
|-damage|p2a: Pferd|44\/323
|
|turn|9
|
|switch|p1a: Zapdos|Zapdos|242\/384
|-ability|p1a: Zapdos|Pressure
|move|p2a: Pferd|Secret Sword|p1a: Zapdos
|-resisted|p1a: Zapdos
|-damage|p1a: Zapdos|110\/384
|
|-heal|p1a: Zapdos|134\/384|[from] item: Leftovers
|turn|10
|chat|byronthewellwell|hehe
|
|move|p2a: Pferd|Secret Sword|p1a: Zapdos
|-resisted|p1a: Zapdos
|-damage|p1a: Zapdos|9\/384
|move|p1a: Zapdos|Roost|p1a: Zapdos
|-heal|p1a: Zapdos|201\/384
|
|-heal|p1a: Zapdos|225\/384|[from] item: Leftovers
|turn|11
|
|switch|p2a: Saurier|Tyranitar, F|404\/404
|-weather|Sandstorm
|move|p1a: Zapdos|Roost|p1a: Zapdos
|-heal|p1a: Zapdos|384\/384
|
|-weather|Sandstorm|[upkeep]
|-damage|p1a: Zapdos|360\/384|[from] sandstorm
|-heal|p1a: Zapdos|384\/384|[from] item: Leftovers
|turn|12
|
|switch|p1a: Gliscor|Gliscor, M|354\/354
|move|p2a: Saurier|Stone Edge|p1a: Gliscor
|-damage|p1a: Gliscor|258\/354
|
|-weather|Sandstorm|[upkeep]
|-status|p1a: Gliscor|tox|[from] item: Toxic Orb
|turn|13
|chat|KnightSansArmour|And Keldeo is Scarfed?
|
|switch|p2a: Geier|Mandibuzz, F|424\/424
|move|p1a: Gliscor|Toxic|p2a: Geier|[miss]
|-miss|p1a: Gliscor|p2a: Geier
|
|-weather|Sandstorm|[upkeep]
|-heal|p1a: Gliscor|302\/354 tox|[from] ability: Poison Heal
|turn|14
|chat|byronthewellwell|nop
|
|move|p1a: Gliscor|Toxic|p2a: Geier|[miss]
|-miss|p1a: Gliscor|p2a: Geier
|move|p2a: Geier|Foul Play|p1a: Gliscor
|-damage|p1a: Gliscor|233\/354 tox
|
|-weather|Sandstorm|[upkeep]
|-heal|p1a: Gliscor|277\/354 tox|[from] ability: Poison Heal
|turn|15
|chat|byronthewellwell|wow
|chat|byronthewellwell|sorry dude
|chat|KnightSansArmour|Well, then I assume Keldeo is either Banded or Specs'd?
|chat|KnightSansArmour|Nah, it happens
|
|switch|p2a: Käfer|Scizor, F|344\/344
|move|p1a: Gliscor|Toxic|p2a: Käfer
|-fail|p2a: Käfer
|
|-weather|none
|-heal|p1a: Gliscor|321\/354 tox|[from] ability: Poison Heal
|turn|16
|chat|byronthewellwell|specs
|
|switch|p1a: Zapdos|Zapdos|384\/384
|-ability|p1a: Zapdos|Pressure
|-formechange|p2a: Käfer|Scizor-Mega
|message|Scizor has Mega Evolved into Mega Scizor!
|move|p2a: Käfer|Swords Dance|p2a: Käfer
|-boost|p2a: Käfer|atk|2
|
|turn|17
|
|switch|p2a: Saurier|Tyranitar, F|404\/404
|-weather|Sandstorm
|move|p1a: Zapdos|Heat Wave|p2a: Saurier
|-resisted|p2a: Saurier
|-damage|p2a: Saurier|375\/404
|
|-weather|Sandstorm|[upkeep]
|-damage|p1a: Zapdos|360\/384|[from] sandstorm
|-heal|p1a: Zapdos|384\/384|[from] item: Leftovers
|-heal|p2a: Saurier|400\/404|[from] item: Leftovers
|turn|18
|
|switch|p1a: Gliscor|Gliscor, M|321\/354 tox
|switch|p2a: Wolke|Landorus, M|320\/320
|
|-weather|Sandstorm|[upkeep]
|-heal|p1a: Gliscor|354\/354 tox|[from] ability: Poison Heal
|turn|19
|chat|byronthewellwell|pulls the double
|
|move|p1a: Gliscor|Protect|p1a: Gliscor
|-singleturn|p1a: Gliscor|Protect
|move|p2a: Wolke|Sludge Wave|p1a: Gliscor
|-activate|p1a: Gliscor|Protect
|
|-weather|Sandstorm|[upkeep]
|turn|20
|
|move|p2a: Wolke|Psychic|p1a: Gliscor
|-damage|p1a: Gliscor|127\/354 tox
|move|p1a: Gliscor|Toxic|p2a: Wolke
|-status|p2a: Wolke|tox
|
|-weather|Sandstorm|[upkeep]
|-damage|p2a: Wolke|300\/320 tox|[from] psn
|-heal|p1a: Gliscor|171\/354 tox|[from] ability: Poison Heal
|turn|21
|chat|byronthewellwell|dang
|
|switch|p2a: Hund|Sylveon, F|335\/394
|move|p1a: Gliscor|Protect|p1a: Gliscor
|-fail|p1a: Gliscor
|
|-weather|none
|-heal|p2a: Hund|359\/394|[from] item: Leftovers
|-heal|p1a: Gliscor|215\/354 tox|[from] ability: Poison Heal
|turn|22
|
|switch|p1a: Excadrill|Excadrill, M|193\/361
|-ability|p1a: Excadrill|Mold Breaker
|move|p2a: Hund|Protect|p2a: Hund
|-fail|p2a: Hund
|
|-heal|p2a: Hund|383\/394|[from] item: Leftovers
|turn|23
|
|switch|p2a: Geier|Mandibuzz, F|424\/424
|move|p1a: Excadrill|Rock Slide|p2a: Geier
|-supereffective|p2a: Geier
|-damage|p2a: Geier|206\/424
|
|turn|24
|chat|byronthewellwell|gonna be a gg
|chat|byronthewellwell|nice
|
|switch|p2a: Käfer|Scizor, F|344\/344
|-formechange|p2a: Käfer|Scizor-Mega
|move|p1a: Excadrill|Rock Slide|p2a: Käfer
|-damage|p2a: Käfer|229\/344
|
|turn|25
|
|switch|p1a: Zapdos|Zapdos|384\/384
|-ability|p1a: Zapdos|Pressure
|move|p2a: Käfer|Roost|p2a: Käfer
|-heal|p2a: Käfer|344\/344
|
|turn|26
|chat|KnightSansArmour|Yeah, it's intense
|
|switch|p1a: Blastoise|Blastoise, M|162\/362
|-formechange|p1a: Blastoise|Blastoise-Mega
|switch|p2a: Wolke|Landorus, M|300\/320 tox
|
|-damage|p2a: Wolke|280\/320 tox|[from] psn
|turn|27
|chat|byronthewellwell|ppppppppp redictions
|
|move|p2a: Wolke|Sludge Wave|p1a: Blastoise
|-damage|p1a: Blastoise|2\/362
|move|p1a: Blastoise|Water Pulse|p2a: Wolke
|-supereffective|p2a: Wolke
|-damage|p2a: Wolke|0 fnt
|faint|p2a: Wolke
|
|chat|byronthewellwell|no way
|chat|byronthewellwell|no fucking way
|
|switch|p2a: Käfer|Scizor, F|344\/344
|-formechange|p2a: Käfer|Scizor-Mega
|turn|28
|chat|byronthewellwell|how much hp
|chat|KnightSansArmour|He's the tankiest dude on the block
|chat|KnightSansArmour|2 :P
|chat|byronthewellwell|WOW
|
|move|p2a: Käfer|Bullet Punch|p1a: Blastoise
|-resisted|p1a: Blastoise
|-damage|p1a: Blastoise|0 fnt
|faint|p1a: Blastoise
|
|chat|byronthewellwell|meh
|
|switch|p1a: Zapdos|Zapdos|384\/384
|-ability|p1a: Zapdos|Pressure
|turn|29
|chat|byronthewellwell|not the worst thing ever
|
|switch|p1a: Gliscor|Gliscor, M|215\/354 tox
|switch|p2a: Saurier|Tyranitar, F|400\/404
|-weather|Sandstorm
|
|-weather|Sandstorm|[upkeep]
|-heal|p2a: Saurier|404\/404|[from] item: Leftovers
|-heal|p1a: Gliscor|259\/354 tox|[from] ability: Poison Heal
|turn|30
|
|switch|p2a: Käfer|Scizor, F|344\/344
|-formechange|p2a: Käfer|Scizor-Mega
|move|p1a: Gliscor|Toxic|p2a: Käfer
|-fail|p2a: Käfer
|
|-weather|Sandstorm|[upkeep]
|-heal|p1a: Gliscor|303\/354 tox|[from] ability: Poison Heal
|turn|31
|
|switch|p1a: Zapdos|Zapdos|384\/384
|-ability|p1a: Zapdos|Pressure
|move|p2a: Käfer|Swords Dance|p2a: Käfer
|-boost|p2a: Käfer|atk|2
|
|-weather|Sandstorm|[upkeep]
|-damage|p1a: Zapdos|360\/384|[from] sandstorm
|-heal|p1a: Zapdos|384\/384|[from] item: Leftovers
|turn|32
|chat|byronthewellwell|of course
|
|switch|p2a: Saurier|Tyranitar, F|404\/404
|move|p1a: Zapdos|Heat Wave|p2a: Saurier
|-resisted|p2a: Saurier
|-damage|p2a: Saurier|375\/404
|
|-weather|Sandstorm|[upkeep]
|-damage|p1a: Zapdos|360\/384|[from] sandstorm
|-heal|p1a: Zapdos|384\/384|[from] item: Leftovers
|-heal|p2a: Saurier|400\/404|[from] item: Leftovers
|turn|33
|
|switch|p1a: Gliscor|Gliscor, M|303\/354 tox
|move|p2a: Saurier|Stone Edge|p1a: Gliscor
|-damage|p1a: Gliscor|212\/354 tox
|
|-weather|none
|-heal|p2a: Saurier|404\/404|[from] item: Leftovers
|-heal|p1a: Gliscor|256\/354 tox|[from] ability: Poison Heal
|turn|34
|
|switch|p2a: Käfer|Scizor, F|344\/344
|-formechange|p2a: Käfer|Scizor-Mega
|move|p1a: Gliscor|Earthquake|p2a: Käfer
|-damage|p2a: Käfer|265\/344
|
|-heal|p1a: Gliscor|300\/354 tox|[from] ability: Poison Heal
|turn|35
|
|switch|p1a: Zapdos|Zapdos|384\/384
|-ability|p1a: Zapdos|Pressure
|move|p2a: Käfer|Roost|p2a: Käfer
|-heal|p2a: Käfer|344\/344
|
|turn|36
|
|switch|p1a: Excadrill|Excadrill, M|193\/361
|-ability|p1a: Excadrill|Mold Breaker
|switch|p2a: Saurier|Tyranitar, F|404\/404
|-weather|Sandstorm
|
|-weather|Sandstorm|[upkeep]
|turn|37
|
|switch|p2a: Geier|Mandibuzz, F|206\/424
|move|p1a: Excadrill|Brick Break|p2a: Geier
|-crit|p2a: Geier
|-damage|p2a: Geier|37\/424
|-damage|p1a: Excadrill|133\/361|[from] item: Rocky Helmet|[of] p2a: Geier
|
|-weather|Sandstorm|[upkeep]
|turn|38
|chat|byronthewellwell|crit
|chat|byronthewellwell|:(
|
|move|p1a: Excadrill|Brick Break|p2a: Geier
|-damage|p2a: Geier|0 fnt
|-damage|p1a: Excadrill|73\/361|[from] item: Rocky Helmet|[of] p2a: Geier
|faint|p2a: Geier
|
|-weather|Sandstorm|[upkeep]
|chat|KnightSansArmour|Yeah, I've been getting lucky
|
|switch|p2a: Käfer|Scizor, F|344\/344
|-formechange|p2a: Käfer|Scizor-Mega
|turn|39
|chat|byronthewellwell|lol
|chat|byronthewellwell|true that
|
|switch|p1a: Zapdos|Zapdos|384\/384
|-ability|p1a: Zapdos|Pressure
|move|p2a: Käfer|Bullet Punch|p1a: Zapdos
|-resisted|p1a: Zapdos
|-damage|p1a: Zapdos|306\/384
|
|-weather|Sandstorm|[upkeep]
|-damage|p1a: Zapdos|282\/384|[from] sandstorm
|-heal|p1a: Zapdos|306\/384|[from] item: Leftovers
|turn|40
|chat|byronthewellwell|same old cycle
|
|move|p1a: Zapdos|Heat Wave|p2a: Käfer
|-supereffective|p2a: Käfer
|-damage|p2a: Käfer|0 fnt
|faint|p2a: Käfer
|
|-weather|none
|-heal|p1a: Zapdos|330\/384|[from] item: Leftovers
|chat|byronthewellwell|FUCK
|chat|byronthewellwell|gg
|
|switch|p2a: Hund|Sylveon, F|383\/394
|turn|41
|chat|KnightSansArmour|PREDICTIONS
|chat|byronthewellwell|nice
|
|switch|p1a: Chansey|Chansey, F|704\/704
|move|p2a: Hund|Hyper Voice|p1a: Chansey
|-damage|p1a: Chansey|610\/704
|
|-heal|p2a: Hund|394\/394|[from] item: Leftovers
|turn|42
|chat|byronthewellwell|wow
|chat|byronthewellwell|nice
|chat|KnightSansArmour|Yeah, I was like: I've been double switching all game. He's gotta see that coming :P
|chat|byronthewellwell|i should have known
|
|switch|p2a: Saurier|Tyranitar, F|404\/404
|-weather|Sandstorm
|move|p1a: Chansey|Toxic|p2a: Saurier
|-status|p2a: Saurier|tox
|
|-weather|Sandstorm|[upkeep]
|-damage|p1a: Chansey|566\/704|[from] sandstorm
|-damage|p2a: Saurier|379\/404 tox|[from] psn
|turn|43
|
|switch|p1a: Gliscor|Gliscor, M|300\/354 tox
|move|p2a: Saurier|Stone Edge|p1a: Gliscor
|-damage|p1a: Gliscor|206\/354 tox
|
|-weather|Sandstorm|[upkeep]
|-heal|p2a: Saurier|404\/404 tox|[from] item: Leftovers
|-heal|p1a: Gliscor|250\/354 tox|[from] ability: Poison Heal
|-damage|p2a: Saurier|354\/404 tox|[from] psn
|turn|44
|
|switch|p2a: Hund|Sylveon, F|394\/394
|move|p1a: Gliscor|Toxic|p2a: Hund
|-status|p2a: Hund|tox
|
|-weather|Sandstorm|[upkeep]
|-damage|p2a: Hund|370\/394 tox|[from] sandstorm
|-heal|p2a: Hund|394\/394 tox|[from] item: Leftovers
|-heal|p1a: Gliscor|294\/354 tox|[from] ability: Poison Heal
|-damage|p2a: Hund|370\/394 tox|[from] psn
|turn|45
|chat|byronthewellwell|wanna rematch
|
|move|p1a: Gliscor|Protect|p1a: Gliscor
|-singleturn|p1a: Gliscor|Protect
|move|p2a: Hund|Heal Bell|p2a: Hund
|-cureteam|p2a: Hund|[from] move: HealBell
|
|-weather|Sandstorm|[upkeep]
|-damage|p2a: Hund|346\/394|[from] sandstorm
|-heal|p2a: Hund|370\/394|[from] item: Leftovers
|-heal|p1a: Gliscor|338\/354 tox|[from] ability: Poison Heal
|turn|46
|chat|byronthewellwell|this was fun
|chat|KnightSansArmour|Actually, I have a shit ton of work I need to do
|
|switch|p1a: Chansey|Chansey, F|566\/704
|move|p2a: Hund|Hyper Voice|p1a: Chansey
|-damage|p1a: Chansey|470\/704
|
|-weather|none
|-heal|p2a: Hund|394\/394|[from] item: Leftovers
|turn|47
|chat|byronthewellwell|kool
|chat|KnightSansArmour|It's been awesome though
|chat|KnightSansArmour|Best game in a while
|chat|byronthewellwell|sure has
|
|move|p2a: Hund|Wish|p2a: Hund
|move|p1a: Chansey|Toxic|p2a: Hund
|-status|p2a: Hund|tox
|
|-damage|p2a: Hund|370\/394 tox|[from] psn
|turn|48
|chat|byronthewellwell|if only i switched
|
|switch|p2a: Pferd|Keldeo|44\/323
|move|p1a: Chansey|Soft-Boiled|p1a: Chansey
|-heal|p1a: Chansey|704\/704
|
|-heal|p2a: Pferd|241\/323|[from] move: Wish|[wisher] Hund
|turn|49
|
|switch|p1a: Excadrill|Excadrill, M|73\/361
|-ability|p1a: Excadrill|Mold Breaker
|move|p2a: Pferd|Secret Sword|p1a: Excadrill
|-supereffective|p1a: Excadrill
|-damage|p1a: Excadrill|0 fnt
|faint|p1a: Excadrill
|
|
|switch|p1a: Noivern|Noivern, F|311\/311
|turn|50
|chat|byronthewellwell|might not be over???
|
|switch|p2a: Saurier|Tyranitar, F|354\/404
|-weather|Sandstorm
|move|p1a: Noivern|Hurricane|p2a: Saurier
|-resisted|p2a: Saurier
|-damage|p2a: Saurier|300\/404
|
|-weather|Sandstorm|[upkeep]
|-damage|p1a: Noivern|292\/311|[from] sandstorm
|-heal|p2a: Saurier|325\/404|[from] item: Leftovers
|turn|51
|chat|byronthewellwell|nvm
|chat|KnightSansArmour|Nah, Chansey eats you up.
|
|move|p2a: Saurier|Pursuit|p1a: Noivern|[from]Pursuit
|-damage|p1a: Noivern|138\/311
|switch|p1a: Gliscor|Gliscor, M|338\/354 tox
|
|-weather|Sandstorm|[upkeep]
|-heal|p2a: Saurier|350\/404|[from] item: Leftovers
|-heal|p1a: Gliscor|354\/354 tox|[from] ability: Poison Heal
|turn|52
|chat|byronthewellwell|yeah
|
|switch|p2a: Hund|Sylveon, F|370\/394 tox
|move|p1a: Gliscor|Toxic|p2a: Hund|[miss]
|-miss|p1a: Gliscor|p2a: Hund
|
|-weather|Sandstorm|[upkeep]
|-damage|p2a: Hund|346\/394 tox|[from] sandstorm
|-heal|p2a: Hund|370\/394 tox|[from] item: Leftovers
|-damage|p2a: Hund|346\/394 tox|[from] psn
|turn|53
|
|move|p1a: Gliscor|Earthquake|p2a: Hund
|-damage|p2a: Hund|226\/394 tox
|move|p2a: Hund|Heal Bell|p2a: Hund
|-cureteam|p2a: Hund|[from] move: HealBell
|
|-weather|Sandstorm|[upkeep]
|-damage|p2a: Hund|202\/394|[from] sandstorm
|-heal|p2a: Hund|226\/394|[from] item: Leftovers
|turn|54
|
|switch|p1a: Chansey|Chansey, F|704\/704
|move|p2a: Hund|Wish|p2a: Hund
|
|-weather|none
|-heal|p2a: Hund|250\/394|[from] item: Leftovers
|turn|55
|
|move|p2a: Hund|Protect|p2a: Hund
|-singleturn|p2a: Hund|Protect
|move|p1a: Chansey|Toxic|p2a: Hund
|-activate|p2a: Hund|Protect
|
|-heal|p2a: Hund|394\/394|[from] move: Wish|[wisher] Hund
|turn|56
|
|switch|p2a: Pferd|Keldeo|241\/323
|move|p1a: Chansey|Toxic|p2a: Pferd
|-status|p2a: Pferd|tox
|
|-damage|p2a: Pferd|221\/323 tox|[from] psn
|turn|57
|
|switch|p1a: Gliscor|Gliscor, M|354\/354 tox
|move|p2a: Pferd|Hidden Power|p1a: Gliscor
|-supereffective|p1a: Gliscor
|-damage|p1a: Gliscor|0 fnt
|faint|p1a: Gliscor
|
|-damage|p2a: Pferd|181\/323 tox|[from] psn
|chat|byronthewellwell|woop
|chat|byronthewellwell|pppppppp redictions
|
|switch|p1a: Noivern|Noivern, F|138\/311
|turn|58
|chat|byronthewellwell|i is scarfed bro
|
|switch|p1a: Chansey|Chansey, F|704\/704
|switch|p2a: Saurier|Tyranitar, F|350\/404
|-weather|Sandstorm
|
|-weather|Sandstorm|[upkeep]
|-damage|p1a: Chansey|660\/704|[from] sandstorm
|-heal|p2a: Saurier|375\/404|[from] item: Leftovers
|turn|59
|chat|byronthewellwell|jk
|chat|byronthewellwell|wish i was
|
|move|p2a: Saurier|Stone Edge|p1a: Chansey|[miss]
|-miss|p2a: Saurier|p1a: Chansey
|move|p1a: Chansey|Toxic|p2a: Saurier
|-status|p2a: Saurier|tox
|
|-weather|Sandstorm|[upkeep]
|-damage|p1a: Chansey|616\/704|[from] sandstorm
|-heal|p2a: Saurier|400\/404 tox|[from] item: Leftovers
|-damage|p2a: Saurier|375\/404 tox|[from] psn
|turn|60
|chat|byronthewellwell|yay
|chat|byronthewellwell|i missed
|chat|byronthewellwell|said no one ever
|
|switch|p2a: Hund|Sylveon, F|394\/394
|move|p1a: Chansey|Seismic Toss|p2a: Hund
|-damage|p2a: Hund|294\/394
|
|-weather|Sandstorm|[upkeep]
|-damage|p2a: Hund|270\/394|[from] sandstorm
|-damage|p1a: Chansey|572\/704|[from] sandstorm
|-heal|p2a: Hund|294\/394|[from] item: Leftovers
|turn|61
|
|move|p2a: Hund|Protect|p2a: Hund
|-singleturn|p2a: Hund|Protect
|move|p1a: Chansey|Toxic|p2a: Hund
|-activate|p2a: Hund|Protect
|
|-weather|Sandstorm|[upkeep]
|-damage|p2a: Hund|270\/394|[from] sandstorm
|-damage|p1a: Chansey|528\/704|[from] sandstorm
|-heal|p2a: Hund|294\/394|[from] item: Leftovers
|turn|62
|
|move|p2a: Hund|Wish|p2a: Hund
|move|p1a: Chansey|Seismic Toss|p2a: Hund
|-damage|p2a: Hund|194\/394
|
|-weather|none
|-heal|p2a: Hund|218\/394|[from] item: Leftovers
|turn|63
|chat|byronthewellwell|boring
|
|move|p2a: Hund|Heal Bell|p2a: Hund
|-cureteam|p2a: Hund|[from] move: HealBell
|move|p1a: Chansey|Toxic|p2a: Hund
|-status|p2a: Hund|tox
|
|-heal|p2a: Hund|394\/394 tox|[from] move: Wish|[wisher] Hund
|-damage|p2a: Hund|370\/394 tox|[from] psn
|turn|64
|
|move|p2a: Hund|Heal Bell|p2a: Hund
|-cureteam|p2a: Hund|[from] move: HealBell
|move|p1a: Chansey|Seismic Toss|p2a: Hund
|-damage|p2a: Hund|270\/394
|
|-heal|p2a: Hund|294\/394|[from] item: Leftovers
|turn|65
|chat|byronthewellwell|uve used toxic like 10\/11 times
|
|move|p2a: Hund|Protect|p2a: Hund
|-singleturn|p2a: Hund|Protect
|move|p1a: Chansey|Toxic|p2a: Hund
|-activate|p2a: Hund|Protect
|
|-heal|p2a: Hund|318\/394|[from] item: Leftovers
|turn|66
|chat|byronthewellwell|keeping track
|
|move|p2a: Hund|Wish|p2a: Hund
|move|p1a: Chansey|Seismic Toss|p2a: Hund
|-damage|p2a: Hund|218\/394
|
|-heal|p2a: Hund|242\/394|[from] item: Leftovers
|turn|67
|
|switch|p2a: Pferd|Keldeo|181\/323
|move|p1a: Chansey|Seismic Toss|p2a: Pferd
|-damage|p2a: Pferd|81\/323
|
|-heal|p2a: Pferd|278\/323|[from] move: Wish|[wisher] Hund
|turn|68
|chat|byronthewellwell|hehe
|
|move|p2a: Pferd|Hydro Pump|p1a: Chansey
|-damage|p1a: Chansey|348\/704
|move|p1a: Chansey|Toxic|p2a: Pferd
|-status|p2a: Pferd|tox
|
|-damage|p2a: Pferd|258\/323 tox|[from] psn
|turn|69
|chat|byronthewellwell|nope
|
|switch|p2a: Hund|Sylveon, F|242\/394
|move|p1a: Chansey|Soft-Boiled|p1a: Chansey
|-heal|p1a: Chansey|700\/704
|
|-heal|p2a: Hund|266\/394|[from] item: Leftovers
|turn|70
|chat|byronthewellwell|chansey is a bitch
|chat|byronthewellwell|12 times
|
|move|p2a: Hund|Protect|p2a: Hund
|-singleturn|p2a: Hund|Protect
|move|p1a: Chansey|Toxic|p2a: Hund
|-activate|p2a: Hund|Protect
|
|-heal|p2a: Hund|290\/394|[from] item: Leftovers
|turn|71
|
|move|p2a: Hund|Wish|p2a: Hund
|move|p1a: Chansey|Seismic Toss|p2a: Hund
|-damage|p2a: Hund|190\/394
|
|-heal|p2a: Hund|214\/394|[from] item: Leftovers
|turn|72
|
|move|p2a: Hund|Protect|p2a: Hund
|-singleturn|p2a: Hund|Protect
|move|p1a: Chansey|Seismic Toss|p2a: Hund
|-activate|p2a: Hund|Protect
|
|-heal|p2a: Hund|394\/394|[from] move: Wish|[wisher] Hund
|turn|73
|chat|byronthewellwell|wow
|chat|byronthewellwell|so much stall
|
|move|p2a: Hund|Wish|p2a: Hund
|move|p1a: Chansey|Toxic|p2a: Hund|[miss]
|-miss|p1a: Chansey|p2a: Hund
|
|turn|74
|
|switch|p2a: Pferd|Keldeo|258\/323 tox
|move|p1a: Chansey|Toxic|p2a: Pferd
|-fail|p2a: Pferd|tox
|
|-heal|p2a: Pferd|323\/323 tox|[from] move: Wish|[wisher] Hund
|-damage|p2a: Pferd|303\/323 tox|[from] psn
|turn|75
|
|move|p2a: Pferd|Secret Sword|p1a: Chansey
|-supereffective|p1a: Chansey
|-damage|p1a: Chansey|86\/704
|move|p1a: Chansey|Seismic Toss|p2a: Pferd
|-damage|p2a: Pferd|203\/323 tox
|
|-damage|p2a: Pferd|163\/323 tox|[from] psn
|turn|76
|
|switch|p1a: Zapdos|Zapdos|330\/384
|-ability|p1a: Zapdos|Pressure
|move|p2a: Pferd|Secret Sword|p1a: Zapdos
|-resisted|p1a: Zapdos
|-damage|p1a: Zapdos|211\/384
|
|-heal|p1a: Zapdos|235\/384|[from] item: Leftovers
|-damage|p2a: Pferd|103\/323 tox|[from] psn
|turn|77
|chat|byronthewellwell|oooh
|
|switch|p2a: Hund|Sylveon, F|394\/394
|move|p1a: Zapdos|Thunderbolt|p2a: Hund
|-damage|p2a: Hund|265\/394
|
|-heal|p1a: Zapdos|259\/384|[from] item: Leftovers
|-heal|p2a: Hund|289\/394|[from] item: Leftovers
|turn|78
|
|move|p1a: Zapdos|Thunderbolt|p2a: Hund
|-damage|p2a: Hund|168\/394
|move|p2a: Hund|Wish|p2a: Hund
|
|-heal|p1a: Zapdos|283\/384|[from] item: Leftovers
|-heal|p2a: Hund|192\/394|[from] item: Leftovers
|turn|79
|
|move|p2a: Hund|Protect|p2a: Hund
|-singleturn|p2a: Hund|Protect
|move|p1a: Zapdos|Thunderbolt|p2a: Hund
|-activate|p2a: Hund|Protect
|
|-heal|p2a: Hund|389\/394|[from] move: Wish|[wisher] Hund
|-heal|p1a: Zapdos|307\/384|[from] item: Leftovers
|-heal|p2a: Hund|394\/394|[from] item: Leftovers
|turn|80
|
|switch|p1a: Chansey|Chansey, F|86\/704
|move|p2a: Hund|Hyper Voice|p1a: Chansey
|-damage|p1a: Chansey|0 fnt
|faint|p1a: Chansey
|
|chat|byronthewellwell|YESSSSS
|chat|KnightSansArmour|gg
|chat|byronthewellwell|gg
|
|switch|p1a: Zapdos|Zapdos|307\/384
|-ability|p1a: Zapdos|Pressure
|turn|81
|chat|byronthewellwell|comebacks
|
|move|p1a: Zapdos|Thunderbolt|p2a: Hund
|-damage|p2a: Hund|256\/394
|move|p2a: Hund|Hyper Voice|p1a: Zapdos
|-damage|p1a: Zapdos|139\/384
|
|-heal|p1a: Zapdos|163\/384|[from] item: Leftovers
|-heal|p2a: Hund|280\/394|[from] item: Leftovers
|turn|82
|
|move|p1a: Zapdos|Thunderbolt|p2a: Hund
|-damage|p2a: Hund|154\/394
|move|p2a: Hund|Hyper Voice|p1a: Zapdos
|-damage|p1a: Zapdos|0 fnt
|faint|p1a: Zapdos
|
|-heal|p2a: Hund|178\/394|[from] item: Leftovers
|
|switch|p1a: Noivern|Noivern, F|138\/311
|turn|83
|
|move|p2a: Hund|Protect|p2a: Hund
|-singleturn|p2a: Hund|Protect
|move|p1a: Noivern|Boomburst|p2a: Hund
|-activate|p2a: Hund|Protect
|
|-heal|p2a: Hund|202\/394|[from] item: Leftovers
|turn|84
|
|switch|p2a: Saurier|Tyranitar, F|375\/404
|-weather|Sandstorm
|move|p1a: Noivern|Boomburst|p2a: Saurier
|-resisted|p2a: Saurier
|-damage|p2a: Saurier|330\/404
|
|-weather|Sandstorm|[upkeep]
|-damage|p1a: Noivern|119\/311|[from] sandstorm
|-heal|p2a: Saurier|355\/404|[from] item: Leftovers
|turn|85
|
|move|p1a: Noivern|Boomburst|p2a: Saurier
|-resisted|p2a: Saurier
|-damage|p2a: Saurier|308\/404
|move|p2a: Saurier|Stone Edge|p1a: Noivern
|-supereffective|p1a: Noivern
|-damage|p1a: Noivern|0 fnt
|faint|p1a: Noivern
|
|win|byronthewellwell
|raw|Ladder updating...
|raw|KnightSansArmour's rating: 1589 &rarr; <strong>1569<\/strong><br \/>(-20 for losing)
|raw|byronthewellwell's rating: 1585 &rarr; <strong>1606<\/strong><br \/>(+21 for winning)
|chat|byronthewellwell|wow
|chat|byronthewellwell|that comeback tho
|chat|byronthewellwell|gg
|chat|byronthewellwell|wp
|chat|KnightSansArmour|Yeah well done man
|chat|KnightSansArmour|That's a well earned 1600 rating
|chat|byronthewellwell|ye
|chat|byronthewellwell|happy