|join|poek69x
|join|KnightSansArmour
|player|p1|poek69x|148
|player|p2|KnightSansArmour|208
|gametype|singles
|gen|6
|tier|OU
|rated
|clearpoke
|poke|p1|Espeon, F
|poke|p1|Charizard, F
|poke|p1|Ferrothorn, F
|poke|p1|Diggersby, F
|poke|p1|Greninja, F
|poke|p1|Togekiss, M
|poke|p2|Gliscor, M
|poke|p2|Chansey, F
|poke|p2|Noivern, F
|poke|p2|Blastoise, M
|poke|p2|Zapdos
|poke|p2|Metagross
|rule|Swagger Clause: Swagger is banned
|rule|Baton Pass Clause: Limit one Pokémon knowing Baton Pass
|rule|Sleep Clause Mod: Limit one foe put to sleep
|rule|Species Clause: Limit one of each Pokémon
|rule|OHKO Clause: OHKO moves are banned
|rule|Moody Clause: Moody is banned
|rule|Evasion Moves Clause: Evasion moves are banned
|rule|Endless Battle Clause: Forcing endless battles is banned
|rule|HP Percentage Mod: HP is reported as percentages
|teampreview
|
|start
|switch|p1a: Greninja|Greninja, F|285\/285
|switch|p2a: Noivern|Noivern, F|311\/311
|turn|1
|
|switch|p1a: Togekiss|Togekiss, M|373\/373
|move|p2a: Noivern|Draco Meteor|p1a: Togekiss
|-immune|p1a: Togekiss|[msg]
|
|turn|2
|
|switch|p2a: Zapdos|Zapdos|384\/384
|-ability|p2a: Zapdos|Pressure
|move|p1a: Togekiss|Thunder Wave|p2a: Zapdos
|-fail|p2a: Zapdos
|
|turn|3
|
|switch|p1a: Ferrothorn|Ferrothorn, F|352\/352
|move|p2a: Zapdos|Heat Wave|p1a: Ferrothorn
|-supereffective|p1a: Ferrothorn
|-damage|p1a: Ferrothorn|0 fnt
|faint|p1a: Ferrothorn
|
|
|switch|p1a: Charizard|Charizard, F|359\/359
|turn|4
|
|switch|p2a: Chansey|Chansey, F|704\/704
|detailschange|p1a: Charizard|Charizard-Mega-X, F
|message|Charizard has Mega Evolved into Mega Charizard!
|move|p1a: Charizard|Dragon Dance|p1a: Charizard
|-boost|p1a: Charizard|atk|1
|-boost|p1a: Charizard|spe|1
|
|turn|5
|
|move|p1a: Charizard|Flare Blitz|p2a: Chansey
|-damage|p2a: Chansey|110\/704
|-damage|p1a: Charizard|163\/359|[from] recoil|[of] p2a: Chansey
|move|p2a: Chansey|Toxic|p1a: Charizard
|-status|p1a: Charizard|tox
|
|-damage|p1a: Charizard|141\/359 tox|[from] psn
|turn|6
|
|move|p1a: Charizard|Dragon Claw|p2a: Chansey
|-damage|p2a: Chansey|0 fnt
|faint|p2a: Chansey
|
|-damage|p1a: Charizard|97\/359 tox|[from] psn
|
|switch|p2a: Gliscor|Gliscor, M|354\/354
|turn|7
|
|move|p1a: Charizard|Roost|p1a: Charizard
|-heal|p1a: Charizard|277\/359 tox
|move|p2a: Gliscor|Earthquake|p1a: Charizard
|-supereffective|p1a: Charizard
|-damage|p1a: Charizard|53\/359 tox
|
|-damage|p1a: Charizard|0 fnt|[from] psn
|-status|p2a: Gliscor|tox|[from] item: Toxic Orb
|faint|p1a: Charizard
|
|switch|p1a: Greninja|Greninja, F|285\/285
|turn|8
|
|switch|p2a: Metagross|Metagross|364\/364
|move|p1a: Greninja|Ice Beam|p2a: Metagross
|-start|p1a: Greninja|typechange|Ice|[from] Protean
|-resisted|p2a: Metagross
|-damage|p2a: Metagross|294\/364
|-damage|p1a: Greninja|257\/285|[from] item: Life Orb
|
|turn|9
|
|move|p2a: Metagross|Bullet Punch|p1a: Greninja
|-crit|p1a: Greninja
|-supereffective|p1a: Greninja
|-damage|p1a: Greninja|0 fnt
|faint|p1a: Greninja
|
|
|switch|p1a: Espeon|Espeon, F|334\/334
|turn|10
|
|switch|p2a: Blastoise|Blastoise, M|362\/362
|move|p1a: Espeon|Reflect|p1a: Espeon
|-sidestart|p1: poek69x|Reflect
|
|turn|11
|
|detailschange|p2a: Blastoise|Blastoise-Mega, M
|message|Blastoise has Mega Evolved into Mega Blastoise!
|move|p1a: Espeon|Light Screen|p1a: Espeon
|-sidestart|p1: poek69x|move: Light Screen
|move|p2a: Blastoise|Dark Pulse|p1a: Espeon
|-supereffective|p1a: Espeon
|-damage|p1a: Espeon|171\/334
|
|turn|12
|
|move|p1a: Espeon|Yawn|p2a: Blastoise
|-start|p2a: Blastoise|move: Yawn|[of] p1a: Espeon
|move|p2a: Blastoise|Water Pulse|p1a: Espeon
|-damage|p1a: Espeon|81\/334
|-start|p1a: Espeon|confusion
|
|turn|13
|
|-activate|p1a: Espeon|confusion
|move|p1a: Espeon|Yawn|p2a: Blastoise
|-fail|p2a: Blastoise
|move|p2a: Blastoise|Water Pulse|p1a: Espeon
|-damage|p1a: Espeon|0 fnt
|faint|p1a: Espeon
|
|-status|p2a: Blastoise|slp
|
|switch|p1a: Diggersby|Diggersby, F|311\/311
|turn|14
|
|switch|p2a: Gliscor|Gliscor, M|354\/354 tox
|move|p1a: Diggersby|Swords Dance|p1a: Diggersby
|-boost|p1a: Diggersby|atk|2
|
|turn|15
|
|move|p1a: Diggersby|Frustration|p2a: Gliscor
|-damage|p2a: Gliscor|0 fnt
|-damage|p1a: Diggersby|280\/311|[from] item: Life Orb
|faint|p2a: Gliscor
|
|
|switch|p2a: Noivern|Noivern, F|311\/311
|turn|16
|
|move|p1a: Diggersby|Quick Attack|p2a: Noivern
|-damage|p2a: Noivern|17\/311
|-damage|p1a: Diggersby|249\/311|[from] item: Life Orb
|move|p2a: Noivern|Draco Meteor|p1a: Diggersby|[miss]
|-miss|p2a: Noivern|p1a: Diggersby
|
|turn|17
|
|move|p1a: Diggersby|Quick Attack|p2a: Noivern
|-damage|p2a: Noivern|0 fnt
|-damage|p1a: Diggersby|218\/311|[from] item: Life Orb
|faint|p2a: Noivern
|
|-sideend|p1: poek69x|Reflect
|
|switch|p2a: Metagross|Metagross|294\/364
|turn|18
|
|move|p2a: Metagross|Bullet Punch|p1a: Diggersby
|-damage|p1a: Diggersby|113\/311
|move|p1a: Diggersby|Earthquake|p2a: Metagross
|-supereffective|p2a: Metagross
|-damage|p2a: Metagross|0 fnt
|-damage|p1a: Diggersby|82\/311|[from] item: Life Orb
|faint|p2a: Metagross
|
|-sideend|p1: poek69x|move: Light Screen
|
|switch|p2a: Zapdos|Zapdos|384\/384
|-ability|p2a: Zapdos|Pressure
|turn|19
|
|switch|p2a: Blastoise|Blastoise-Mega, M|362\/362 slp
|move|p1a: Diggersby|Frustration|p2a: Blastoise
|-damage|p2a: Blastoise|0 fnt
|-damage|p1a: Diggersby|51\/311|[from] item: Life Orb
|faint|p2a: Blastoise
|
|
|switch|p2a: Zapdos|Zapdos|384\/384
|-ability|p2a: Zapdos|Pressure
|turn|20
|
|move|p1a: Diggersby|Frustration|p2a: Zapdos
|-damage|p2a: Zapdos|0 fnt
|-damage|p1a: Diggersby|20\/311|[from] item: Life Orb
|faint|p2a: Zapdos
|
|win|poek69x
|raw|Ladder updating...
|raw|poek69x's rating: 1632 &rarr; <strong>1651<\/strong><br \/>(+19 for winning)
|raw|KnightSansArmour's rating: 1622 &rarr; <strong>1602<\/strong><br \/>(-20 for losing)
|leave|KnightSansArmour
|player|p2