|join|DMT
|join|teamtest239852
|player|p1|DMT|184
|player|p2|teamtest239852|259
|gametype|singles
|gen|6
|tier|UU
|rated
|rule|Sleep Clause Mod: Limit one foe put to sleep
|rule|Species Clause: Limit one of each Pokémon
|rule|OHKO Clause: OHKO moves are banned
|rule|Moody Clause: Moody is banned
|rule|Evasion Moves Clause: Evasion moves are banned
|rule|Endless Battle Clause: Forcing endless battles is banned
|rule|HP Percentage Mod: HP is shown in percentages
|clearpoke
|poke|p1|Crobat, F
|poke|p1|Forretress, M
|poke|p1|Dragalge, F
|poke|p1|Swampert, M
|poke|p1|Gallade, M
|poke|p1|Umbreon, M
|poke|p2|Beedrill, F
|poke|p2|Flygon, M
|poke|p2|Raikou
|poke|p2|Infernape, F
|poke|p2|Vaporeon, M
|poke|p2|Forretress, F
|rule|Swagger Clause: Swagger is banned
|rule|Baton Pass Clause: Limit one Pokémon knowing Baton Pass
|teampreview
|
|start
|switch|p1a: Crobat|Crobat, F|311\/311
|switch|p2a: Flygon|Flygon, M|301\/301
|turn|1
|
|move|p1a: Crobat|U-turn|p2a: Flygon
|-crit|p2a: Flygon
|-damage|p2a: Flygon|172\/301
|
|switch|p1a: Forretress|Forretress, M|354\/354
|move|p2a: Flygon|Stone Edge|p1a: Forretress
|-damage|p1a: Forretress|299\/354
|
|-heal|p1a: Forretress|321\/354|[from] item: Leftovers
|turn|2
|
|switch|p2a: Forretress|Forretress, F|354\/354
|move|p1a: Forretress|Spikes|p2a: Forretress
|-sidestart|p2: teamtest239852|Spikes
|
|-heal|p1a: Forretress|343\/354|[from] item: Leftovers
|turn|3
|
|move|p2a: Forretress|Stealth Rock|p1a: Forretress
|-sidestart|p1: DMT|move: Stealth Rock
|move|p1a: Forretress|Volt Switch|p2a: Forretress
|-damage|p2a: Forretress|300\/354
|
|switch|p1a: Dragalge|Dragalge, F|301\/301
|-damage|p1a: Dragalge|264\/301|[from] Stealth Rock
|
|turn|4
|
|switch|p2a: Vaporeon|Vaporeon, M|464\/464
|-damage|p2a: Vaporeon|406\/464|[from] Spikes
|move|p1a: Dragalge|Dragon Pulse|p2a: Vaporeon
|-damage|p2a: Vaporeon|198\/464
|
|-heal|p2a: Vaporeon|227\/464|[from] item: Leftovers
|turn|5
|
|move|p1a: Dragalge|Sludge Wave|p2a: Vaporeon
|-damage|p2a: Vaporeon|27\/464
|move|p2a: Vaporeon|Wish|p2a: Vaporeon
|
|-heal|p2a: Vaporeon|56\/464|[from] item: Leftovers
|turn|6
|
|move|p2a: Vaporeon|Protect|p2a: Vaporeon
|-singleturn|p2a: Vaporeon|Protect
|move|p1a: Dragalge|Sludge Wave|p2a: Vaporeon
|-activate|p2a: Vaporeon|Protect
|
|-heal|p2a: Vaporeon|288\/464|[from] move: Wish|[wisher] Vaporeon
|-heal|p2a: Vaporeon|317\/464|[from] item: Leftovers
|turn|7
|
|move|p2a: Vaporeon|Wish|p2a: Vaporeon
|move|p1a: Dragalge|Dragon Tail|p2a: Vaporeon
|-damage|p2a: Vaporeon|223\/464
|drag|p2a: Forretress|Forretress, F|300\/354
|-damage|p2a: Forretress|256\/354|[from] Spikes
|
|turn|8
|
|move|p1a: Dragalge|Draco Meteor|p2a: Forretress
|-resisted|p2a: Forretress
|-damage|p2a: Forretress|11\/354
|-unboost|p1a: Dragalge|spa|2
|move|p2a: Forretress|Volt Switch|p1a: Dragalge
|-resisted|p1a: Dragalge
|-damage|p1a: Dragalge|249\/301
|
|switch|p2a: Vaporeon|Vaporeon, M|223\/464
|-damage|p2a: Vaporeon|165\/464|[from] Spikes
|
|-heal|p2a: Vaporeon|397\/464|[from] move: Wish|[wisher] Vaporeon
|-heal|p2a: Vaporeon|426\/464|[from] item: Leftovers
|turn|9
|
|switch|p1a: Umbreon|Umbreon, M|394\/394
|-damage|p1a: Umbreon|345\/394|[from] Stealth Rock
|move|p2a: Vaporeon|Baton Pass|p2a: Vaporeon
|
|switch|p2a: Beedrill|Beedrill, F|271\/271
|-damage|p2a: Beedrill|238\/271|[from] Spikes
|
|-heal|p1a: Umbreon|369\/394|[from] item: Leftovers
|turn|10
|
|switch|p1a: Forretress|Forretress, M|343\/354
|-damage|p1a: Forretress|299\/354|[from] Stealth Rock
|detailschange|p2a: Beedrill|Beedrill-Mega, F
|message|Beedrill has Mega Evolved into Mega Beedrill!
|move|p2a: Beedrill|U-turn|p1a: Forretress
|-crit|p1a: Forretress
|-resisted|p1a: Forretress
|-damage|p1a: Forretress|223\/354
|
|switch|p2a: Infernape|Infernape, F|293\/293
|-damage|p2a: Infernape|257\/293|[from] Spikes
|
|-heal|p1a: Forretress|245\/354|[from] item: Leftovers
|turn|11
|
|switch|p1a: Swampert|Swampert, M|404\/404
|-damage|p1a: Swampert|379\/404|[from] Stealth Rock
|move|p2a: Infernape|Close Combat|p1a: Swampert
|-damage|p1a: Swampert|198\/404
|-unboost|p2a: Infernape|def|1
|-unboost|p2a: Infernape|spd|1
|-damage|p2a: Infernape|228\/293|[from] item: Life Orb
|
|-heal|p1a: Swampert|223\/404|[from] item: Leftovers
|turn|12
|
|move|p2a: Infernape|Grass Knot|p1a: Swampert
|-supereffective|p1a: Swampert
|-damage|p1a: Swampert|0 fnt
|-damage|p2a: Infernape|199\/293|[from] item: Life Orb
|faint|p1a: Swampert
|
|
|switch|p1a: Crobat|Crobat, F|311\/311
|-damage|p1a: Crobat|234\/311|[from] Stealth Rock
|turn|13
|
|switch|p2a: Forretress|Forretress, F|11\/354
|-damage|p2a: Forretress|0 fnt|[from] Spikes
|faint|p2a: Forretress
|move|p1a: Crobat|U-turn|p2: Forretress|[notarget]
|-notarget
|
|
|switch|p2a: Raikou|Raikou|321\/321
|-damage|p2a: Raikou|281\/321|[from] Spikes
|-ability|p2a: Raikou|Pressure
|turn|14
|
|move|p1a: Crobat|U-turn|p2a: Raikou
|-damage|p2a: Raikou|186\/321
|
|switch|p1a: Dragalge|Dragalge, F|249\/301
|-damage|p1a: Dragalge|212\/301|[from] Stealth Rock
|move|p2a: Raikou|Volt Switch|p1a: Dragalge
|-crit|p1a: Dragalge
|-resisted|p1a: Dragalge
|-damage|p1a: Dragalge|141\/301
|
|switch|p2a: Beedrill|Beedrill-Mega, F|238\/271
|-damage|p2a: Beedrill|205\/271|[from] Spikes
|
|turn|15
|
|move|p2a: Beedrill|Drill Run|p1a: Dragalge
|-supereffective|p1a: Dragalge
|-damage|p1a: Dragalge|0 fnt
|faint|p1a: Dragalge
|
|
|switch|p1a: Forretress|Forretress, M|245\/354
|-damage|p1a: Forretress|201\/354|[from] Stealth Rock
|turn|16
|
|move|p2a: Beedrill|U-turn|p1a: Forretress
|-resisted|p1a: Forretress
|-damage|p1a: Forretress|150\/354
|
|switch|p2a: Infernape|Infernape, F|199\/293
|-damage|p2a: Infernape|163\/293|[from] Spikes
|move|p1a: Forretress|Rapid Spin|p2a: Infernape
|-damage|p2a: Infernape|143\/293
|-sideend|p1: DMT|Stealth Rock|[from] move: Rapid Spin|[of] p1a: Forretress
|
|-heal|p1a: Forretress|172\/354|[from] item: Leftovers
|turn|17
|
|move|p2a: Infernape|Overheat|p1a: Forretress
|-supereffective|p1a: Forretress
|-damage|p1a: Forretress|0 fnt
|-unboost|p2a: Infernape|spa|2
|-damage|p2a: Infernape|114\/293|[from] item: Life Orb
|faint|p1a: Forretress
|
|
|switch|p1a: Crobat|Crobat, F|234\/311
|turn|18
|
|switch|p2a: Vaporeon|Vaporeon, M|426\/464
|-damage|p2a: Vaporeon|368\/464|[from] Spikes
|move|p1a: Crobat|Cross Poison|p2a: Vaporeon
|-damage|p2a: Vaporeon|257\/464
|
|-heal|p2a: Vaporeon|286\/464|[from] item: Leftovers
|turn|19
|
|switch|p1a: Umbreon|Umbreon, M|369\/394
|move|p2a: Vaporeon|Wish|p2a: Vaporeon
|
|-heal|p1a: Umbreon|393\/394|[from] item: Leftovers
|-heal|p2a: Vaporeon|315\/464|[from] item: Leftovers
|turn|20
|
|move|p1a: Umbreon|Foul Play|p2a: Vaporeon
|-damage|p2a: Vaporeon|254\/464
|move|p2a: Vaporeon|Baton Pass|p2a: Vaporeon
|
|switch|p2a: Beedrill|Beedrill-Mega, F|205\/271
|-damage|p2a: Beedrill|172\/271|[from] Spikes
|
|-heal|p2a: Beedrill|271\/271|[from] move: Wish|[wisher] Vaporeon
|-heal|p1a: Umbreon|394\/394|[from] item: Leftovers
|turn|21
|
|move|p1a: Umbreon|Protect|p1a: Umbreon
|-singleturn|p1a: Umbreon|Protect
|move|p2a: Beedrill|U-turn|p1a: Umbreon
|-activate|p1a: Umbreon|Protect
|
|turn|22
|
|switch|p1a: Crobat|Crobat, F|234\/311
|move|p2a: Beedrill|U-turn|p1a: Crobat
|-resisted|p1a: Crobat
|-damage|p1a: Crobat|181\/311
|
|switch|p2a: Vaporeon|Vaporeon, M|254\/464
|-damage|p2a: Vaporeon|196\/464|[from] Spikes
|
|-heal|p2a: Vaporeon|225\/464|[from] item: Leftovers
|turn|23
|
|move|p1a: Crobat|Brave Bird|p2a: Vaporeon
|-damage|p2a: Vaporeon|29\/464
|-damage|p1a: Crobat|116\/311|[from] recoil|[of] p2a: Vaporeon
|move|p2a: Vaporeon|Wish|p2a: Vaporeon
|
|-heal|p2a: Vaporeon|58\/464|[from] item: Leftovers
|turn|24
|
|switch|p1a: Gallade|Gallade, M|277\/277
|move|p2a: Vaporeon|Protect|p2a: Vaporeon
|-fail|p2a: Vaporeon
|
|-heal|p2a: Vaporeon|290\/464|[from] move: Wish|[wisher] Vaporeon
|-heal|p2a: Vaporeon|319\/464|[from] item: Leftovers
|turn|25
|join|Dad's Dad
|join|meowiekins
|
|detailschange|p1a: Gallade|Gallade-Mega, M
|message|Gallade has Mega Evolved into Mega Gallade!
|move|p1a: Gallade|Swords Dance|p1a: Gallade
|-boost|p1a: Gallade|atk|2
|move|p2a: Vaporeon|Scald|p1a: Gallade
|-damage|p1a: Gallade|187\/277
|
|-heal|p2a: Vaporeon|348\/464|[from] item: Leftovers
|turn|26
|c|★DMT|hi
|c|★teamtest239852|hi dmt
|c|★DMT|!
|join|Dudeman130498
|
|switch|p2a: Flygon|Flygon, M|172\/301
|move|p1a: Gallade|Close Combat|p2a: Flygon
|-damage|p2a: Flygon|0 fnt
|-unboost|p1a: Gallade|def|1
|-unboost|p1a: Gallade|spd|1
|faint|p2a: Flygon
|
|c| meowiekins|rip
|
|switch|p2a: Raikou|Raikou|186\/321
|-damage|p2a: Raikou|146\/321|[from] Spikes
|-ability|p2a: Raikou|Pressure
|turn|27
|
|move|p2a: Raikou|Volt Switch|p1a: Gallade
|-damage|p1a: Gallade|30\/277
|c| Dudeman130498|KEK
|c|★DMT|weakou
|c| Dad's Dad|rip in peace
|
|switch|p2a: Beedrill|Beedrill-Mega, F|271\/271
|-damage|p2a: Beedrill|238\/271|[from] Spikes
|move|p1a: Gallade|Psycho Cut|p2a: Beedrill
|-supereffective|p2a: Beedrill
|-damage|p2a: Beedrill|0 fnt
|faint|p2a: Beedrill
|
|
|switch|p2a: Raikou|Raikou|146\/321
|-damage|p2a: Raikou|106\/321|[from] Spikes
|-ability|p2a: Raikou|Pressure
|turn|28
|c| Dad's Dad|DMT is such a basic bitch
|join|Testlum
|join|THE_iTodd
|join|Sefrox99
|
|switch|p1a: Umbreon|Umbreon, M|394\/394
|move|p2a: Raikou|Volt Switch|p1a: Umbreon
|-damage|p1a: Umbreon|328\/394
|
|switch|p2a: Infernape|Infernape, F|114\/293
|-damage|p2a: Infernape|78\/293|[from] Spikes
|
|-heal|p1a: Umbreon|352\/394|[from] item: Leftovers
|turn|29
|
|switch|p1a: Crobat|Crobat, F|116\/311
|move|p2a: Infernape|Close Combat|p1a: Crobat
|-resisted|p1a: Crobat
|-damage|p1a: Crobat|50\/311
|-unboost|p2a: Infernape|def|1
|-unboost|p2a: Infernape|spd|1
|-damage|p2a: Infernape|49\/293|[from] item: Life Orb
|
|turn|30
|
|switch|p2a: Vaporeon|Vaporeon, M|348\/464
|-damage|p2a: Vaporeon|290\/464|[from] Spikes
|move|p1a: Crobat|Brave Bird|p2a: Vaporeon
|-damage|p2a: Vaporeon|97\/464
|-damage|p1a: Crobat|0 fnt|[from] recoil|[of] p2a: Vaporeon
|faint|p1a: Crobat
|
|-heal|p2a: Vaporeon|126\/464|[from] item: Leftovers
|join|Tipsy Russian
|
|switch|p1a: Gallade|Gallade-Mega, M|30\/277
|turn|31
|
|move|p1a: Gallade|Close Combat|p2a: Vaporeon
|-damage|p2a: Vaporeon|0 fnt
|-unboost|p1a: Gallade|def|1
|-unboost|p1a: Gallade|spd|1
|faint|p2a: Vaporeon
|
|leave|Tipsy Russian
|join|Tipsy Russian
|c|★DMT|I think you needed that
|c|★DMT|I think
|c| Dad's Dad|infernape wins
|c| Dad's Dad|he volt switches
|c| Dad's Dad|and kills u with cc
|c| Dudeman130498|n
|c| Dad's Dad|g fkn g
|
|switch|p2a: Raikou|Raikou|106\/321
|-damage|p2a: Raikou|66\/321|[from] Spikes
|-ability|p2a: Raikou|Pressure
|turn|32
|c| Dudeman130498|dmt won
|c| Dudeman130498|fool
|c|★DMT|nape dies
|c|★DMT|go lO
|c|★DMT|to lol
|c| Dad's Dad|its lo?
|c|★DMT|so wait
|c|★DMT|umby here
|c|★DMT|no
|c| THE_iTodd|y
|c|★DMT|fodder here
|c| THE_iTodd|no
|c| Dudeman130498|y
|c| Dudeman130498|y
|c| THE_iTodd|y
|c| THE_iTodd|yy
|c| Dudeman130498|umby
|c| THE_iTodd|umby
|c|★DMT|but umby can take
|c| THE_iTodd|i don't really know
|c|★DMT|cc from full
|c| Dad's Dad|dmt loses
|c| Dad's Dad|you fool
|c| THE_iTodd|but i'm listening to dudman
|c| Dudeman130498|what if he crits
|c| Sefrox99|you're not full
|c| THE_iTodd|cause he's smart
|c|★DMT|fuck!
|c| Dudeman130498|go to umbreon
|c| Dudeman130498|then fodder gallade
|c| Dudeman130498|then you win!
|c| meowiekins|^
|
|switch|p1a: Umbreon|Umbreon, M|352\/394
|move|p2a: Raikou|Volt Switch|p1a: Umbreon
|-damage|p1a: Umbreon|279\/394
|c|★DMT|oh right!
|c|★DMT|xD
|
|switch|p2a: Infernape|Infernape, F|49\/293
|-damage|p2a: Infernape|13\/293|[from] Spikes
|
|-heal|p1a: Umbreon|303\/394|[from] item: Leftovers
|turn|33
|c| meowiekins|epic
|c| Dudeman130498|unless he rests!
|c| Dad's Dad|>oh right
|c|★DMT|I'm so foolish
|c|★DMT|slack off
|c|★DMT|slack off
|c|★DMT|slack off
|c|★DMT|slack off
|c|★DMT|slack off
|c|★DMT|slack off
|c| Sefrox99|tru
|c| Dudeman130498|willo
|
|move|p1a: Umbreon|Protect|p1a: Umbreon
|-singleturn|p1a: Umbreon|Protect
|move|p2a: Infernape|Close Combat|p1a: Umbreon
|-activate|p1a: Umbreon|Protect
|
|-heal|p1a: Umbreon|327\/394|[from] item: Leftovers
|turn|34
|c| Sefrox99|rest
|c| Dad's Dad|dmt is such a nigg\/er
|c| THE_iTodd|meanie
|c| Sefrox99|Roost
|
|move|p1a: Umbreon|Protect|p1a: Umbreon
|-fail|p1a: Umbreon
|move|p2a: Infernape|Close Combat|p1a: Umbreon
|-supereffective|p1a: Umbreon
|-damage|p1a: Umbreon|0 fnt
|-unboost|p2a: Infernape|def|1
|-unboost|p2a: Infernape|spd|1
|-damage|p2a: Infernape|0 fnt|[from] item: Life Orb
|faint|p1a: Umbreon
|faint|p2a: Infernape
|
|c| Sefrox99|wat
|c|★DMT|oh
|c| Dudeman130498|simply
|c| Sefrox99|wat u do
|c| Dudeman130498|epic
|c|★DMT|what
|c| THE_iTodd|wait
|c|★DMT|lolol
|c| Dudeman130498|m8
|c| THE_iTodd|what
|c|★DMT|idk
|c| Sefrox99|DMT wut you do
|
|switch|p2a: Raikou|Raikou|66\/321
|switch|p1a: Gallade|Gallade-Mega, M|30\/277
|-damage|p2a: Raikou|26\/321|[from] Spikes
|-ability|p2a: Raikou|Pressure
|turn|35
|c| Dudeman130498|sim
|c| Sefrox99|You scrub
|c| Dudeman130498|ply
|c| Dudeman130498|ep
|c| Dudeman130498|ic
|c|★teamtest239852|nice choke
|c| Dudeman130498|pl
|c| Dudeman130498|ay
|c| THE_iTodd|wow
|c|★teamtest239852|reveal sneak
|c| Dad's Dad|dmt is so fucking bad
|c| THE_iTodd|WoW
|c| Sefrox99|SS gallade
|c| Dudeman130498|dmt is bad at pokemon lol
|c| Sefrox99|Pls
|c| Dad's Dad|if you ont have sneak
|c|★DMT|¯\_(ツ)_\/¯ come on guys we all make mistakes!
|
|move|p2a: Raikou|Thunderbolt|p1a: Gallade
|-damage|p1a: Gallade|0 fnt
|faint|p1a: Gallade
|
|win|teamtest239852
|raw|Ladder updating...
|c| Dad's Dad|im going to kill myself
|c| Sefrox99|We
|c| Dad's Dad|OML
|c|★DMT|gg!
|c|★teamtest239852|gg
|c| Dad's Dad|UR SO FUCKING BAD
|leave|Dad's Dad
|raw|DMT's rating: 1390 &rarr; <strong>1371<\/strong><br \/>(-19 for losing)
|raw|teamtest239852's rating: 1399 &rarr; <strong>1419<\/strong><br \/>(+20 for winning)
|c| Sefrox99|calmate whei
|leave|THE_iTodd
|leave|Tipsy Russian
|c| Dudeman130498|rip
|leave|Dudeman130498
|leave|Sefrox99
|leave|Testlum