|join|teamtest239852
|join|Arogar
|player|p1|teamtest239852|42
|player|p2|Arogar|101
|gametype|singles
|gen|6
|tier|UU
|rated
|rule|Sleep Clause Mod: Limit one foe put to sleep
|rule|Species Clause: Limit one of each Pokémon
|rule|OHKO Clause: OHKO moves are banned
|rule|Moody Clause: Moody is banned
|rule|Evasion Moves Clause: Evasion moves are banned
|rule|Endless Battle Clause: Forcing endless battles is banned
|rule|HP Percentage Mod: HP is shown in percentages
|clearpoke
|poke|p1|Sceptile, M, shiny
|poke|p1|Blissey, F
|poke|p1|Entei, shiny
|poke|p1|Forretress, M, shiny
|poke|p1|Galvantula, F
|poke|p1|Machamp, M
|poke|p2|Jirachi
|poke|p2|Darmanitan, M
|poke|p2|Noivern, M
|poke|p2|Azelf
|poke|p2|Chesnaught, M
|poke|p2|Ampharos, M
|rule|Swagger Clause: Swagger is banned
|rule|Baton Pass Clause: Limit one Pokémon knowing Baton Pass
|teampreview
|
|start
|switch|p1a: Entei|Entei, shiny|372\/372
|switch|p2a: Azelf|Azelf|291\/291
|-ability|p1a: Entei|Pressure
|turn|1
|
|move|p2a: Azelf|Stealth Rock|p1a: Entei
|-sidestart|p1: teamtest239852|move: Stealth Rock
|move|p1a: Entei|Sacred Fire|p2a: Azelf
|-damage|p2a: Azelf|68\/291
|
|turn|2
|
|switch|p2a: Jirachi|Jirachi|341\/341
|move|p1a: Entei|Extreme Speed|p2a: Jirachi
|-resisted|p2a: Jirachi
|-damage|p2a: Jirachi|293\/341
|
|turn|3
|
|move|p2a: Jirachi|U-turn|p1a: Entei
|-resisted|p1a: Entei
|-damage|p1a: Entei|333\/372
|
|switch|p2a: Noivern|Noivern, M|312\/312
|move|p1a: Entei|Sacred Fire|p2a: Noivern
|-resisted|p2a: Noivern
|-damage|p2a: Noivern|212\/312
|-status|p2a: Noivern|brn
|
|-damage|p2a: Noivern|173\/312 brn|[from] brn
|turn|4
|
|switch|p1a: Blissey|Blissey, F|714\/714
|-damage|p1a: Blissey|625\/714|[from] Stealth Rock
|move|p2a: Noivern|Hurricane|p1a: Blissey
|-damage|p1a: Blissey|447\/714
|
|-heal|p1a: Blissey|491\/714|[from] item: Leftovers
|-damage|p2a: Noivern|134\/312 brn|[from] brn
|turn|5
|
|switch|p2a: Azelf|Azelf|68\/291
|move|p1a: Blissey|Wish|p1a: Blissey
|
|-heal|p1a: Blissey|535\/714|[from] item: Leftovers
|turn|6
|
|switch|p1a: Forretress|Forretress, M, shiny|354\/354
|-damage|p1a: Forretress|310\/354|[from] Stealth Rock
|move|p2a: Azelf|Knock Off|p1a: Forretress
|-damage|p1a: Forretress|240\/354
|-damage|p2a: Azelf|20\/291|[from] item: Rocky Helmet|[of] p1a: Forretress
|-enditem|p1a: Forretress|Rocky Helmet|[from] move: Knock Off|[of] p2a: Azelf
|
|-heal|p1a: Forretress|354\/354|[from] move: Wish|[wisher] Blissey
|turn|7
|
|move|p2a: Azelf|U-turn|p1a: Forretress
|-resisted|p1a: Forretress
|-damage|p1a: Forretress|331\/354
|
|switch|p2a: Darmanitan|Darmanitan, M|351\/351
|move|p1a: Forretress|Rapid Spin|p2a: Darmanitan
|-damage|p2a: Darmanitan|326\/351
|-sideend|p1: teamtest239852|Stealth Rock|[from] move: Rapid Spin|[of] p1a: Forretress
|
|turn|8
|
|switch|p1a: Blissey|Blissey, F|535\/714
|move|p2a: Darmanitan|Flare Blitz|p1a: Blissey
|-damage|p1a: Blissey|0 fnt
|-damage|p2a: Darmanitan|149\/351|[from] recoil|[of] p1a: Blissey
|faint|p1a: Blissey
|
|
|switch|p1a: Galvantula|Galvantula, F|281\/281
|turn|9
|
|move|p2a: Darmanitan|Flare Blitz|p1a: Galvantula
|-supereffective|p1a: Galvantula
|-enditem|p1a: Galvantula|Focus Sash
|-damage|p1a: Galvantula|1\/281
|-damage|p2a: Darmanitan|57\/351|[from] recoil|[of] p1a: Galvantula
|move|p1a: Galvantula|Thunder Wave|p2a: Darmanitan
|-status|p2a: Darmanitan|par
|
|turn|10
|
|move|p1a: Galvantula|Sticky Web|p2a: Darmanitan
|-sidestart|p2: Arogar|move: Sticky Web
|move|p2a: Darmanitan|Flare Blitz|p1a: Galvantula
|-supereffective|p1a: Galvantula
|-damage|p1a: Galvantula|0 fnt
|-damage|p2a: Darmanitan|56\/351 par|[from] recoil|[of] p1a: Galvantula
|faint|p1a: Galvantula
|
|
|switch|p1a: Sceptile|Sceptile, M, shiny|282\/282
|turn|11
|
|detailschange|p1a: Sceptile|Sceptile-Mega, M, shiny
|-mega|p1a: Sceptile|Sceptile|Sceptilite
|move|p1a: Sceptile|Dragon Claw|p2a: Darmanitan
|-damage|p2a: Darmanitan|0 fnt
|faint|p2a: Darmanitan
|
|
|switch|p2a: Chesnaught|Chesnaught, M|380\/380
|-activate|p2a: Chesnaught|move: Sticky Web
|-unboost|p2a: Chesnaught|spe|1
|turn|12
|
|switch|p1a: Forretress|Forretress, M, shiny|331\/354
|move|p2a: Chesnaught|Drain Punch|p1a: Forretress
|-damage|p1a: Forretress|282\/354
|
|turn|13
|
|move|p1a: Forretress|Stealth Rock|p2a: Chesnaught
|-sidestart|p2: Arogar|move: Stealth Rock
|move|p2a: Chesnaught|Leech Seed|p1a: Forretress
|-start|p1a: Forretress|move: Leech Seed
|
|-damage|p1a: Forretress|238\/354|[from] Leech Seed|[of] p2a: Chesnaught
|turn|14
|
|switch|p2a: Ampharos|Ampharos, M|383\/383
|-activate|p2a: Ampharos|move: Sticky Web
|-unboost|p2a: Ampharos|spe|1
|-damage|p2a: Ampharos|336\/383|[from] Stealth Rock
|move|p1a: Forretress|Spikes|p2a: Ampharos
|-sidestart|p2: Arogar|Spikes
|
|-damage|p1a: Forretress|194\/354|[from] Leech Seed|[of] p2a: Ampharos
|-heal|p2a: Ampharos|380\/383|[silent]
|turn|15
|
|detailschange|p2a: Ampharos|Ampharos-Mega, M
|-mega|p2a: Ampharos|Ampharos|Ampharosite
|-ability|p2a: Ampharos|Mold Breaker
|move|p1a: Forretress|Explosion|p2a: Ampharos
|-damage|p2a: Ampharos|208\/383
|faint|p1a: Forretress
|move|p2a: Ampharos|Focus Blast|p1: Forretress|[notarget]
|-notarget
|
|
|switch|p1a: Sceptile|Sceptile-Mega, M, shiny|282\/282
|turn|16
|
|move|p1a: Sceptile|Dragon Claw|p2a: Ampharos
|-crit|p2a: Ampharos
|-supereffective|p2a: Ampharos
|-damage|p2a: Ampharos|0 fnt
|faint|p2a: Ampharos
|
|
|switch|p2a: Chesnaught|Chesnaught, M|380\/380
|-damage|p2a: Chesnaught|333\/380|[from] Spikes
|-damage|p2a: Chesnaught|310\/380|[from] Stealth Rock
|-activate|p2a: Chesnaught|move: Sticky Web
|-unboost|p2a: Chesnaught|spe|1
|turn|17
|
|move|p1a: Sceptile|Swords Dance|p1a: Sceptile
|-boost|p1a: Sceptile|atk|2
|move|p2a: Chesnaught|Drain Punch|p1a: Sceptile
|-crit|p1a: Sceptile
|-damage|p1a: Sceptile|104\/282
|-heal|p2a: Chesnaught|380\/380|[from] drain|[of] p1a: Sceptile
|
|turn|18
|
|move|p1a: Sceptile|Dragon Claw|p2a: Chesnaught
|-damage|p2a: Chesnaught|229\/380
|move|p2a: Chesnaught|Drain Punch|p1a: Sceptile
|-damage|p1a: Sceptile|0 fnt
|-heal|p2a: Chesnaught|281\/380|[from] drain|[of] p1a: Sceptile
|faint|p1a: Sceptile
|
|-heal|p2a: Chesnaught|304\/380|[from] item: Leftovers
|
|switch|p1a: Entei|Entei, shiny|333\/372
|-ability|p1a: Entei|Pressure
|turn|19
|
|switch|p2a: Azelf|Azelf|20\/291
|-damage|p2a: Azelf|0 fnt|[from] Stealth Rock
|faint|p2a: Azelf
|move|p1a: Entei|Sacred Fire|p2: Azelf|[notarget]
|-notarget
|
|
|switch|p2a: Noivern|Noivern, M|134\/312 brn
|-damage|p2a: Noivern|56\/312 brn|[from] Stealth Rock
|turn|20
|
|move|p1a: Entei|Extreme Speed|p2a: Noivern
|-damage|p2a: Noivern|0 fnt
|faint|p2a: Noivern
|
|
|switch|p2a: Jirachi|Jirachi|293\/341
|-damage|p2a: Jirachi|272\/341|[from] Stealth Rock
|-damage|p2a: Jirachi|230\/341|[from] Spikes
|-activate|p2a: Jirachi|move: Sticky Web
|-unboost|p2a: Jirachi|spe|1
|turn|21
|
|move|p2a: Jirachi|Trick|p1a: Entei
|-activate|p2a: Jirachi|move: Trick|[of] p1a: Entei
|-item|p1a: Entei|Choice Scarf|[from] move: Trick
|-item|p2a: Jirachi|Assault Vest|[from] move: Trick
|move|p1a: Entei|Sacred Fire|p2a: Jirachi
|-supereffective|p2a: Jirachi
|-damage|p2a: Jirachi|0 fnt
|faint|p2a: Jirachi
|
|
|switch|p2a: Chesnaught|Chesnaught, M|304\/380
|-activate|p2a: Chesnaught|move: Sticky Web
|-unboost|p2a: Chesnaught|spe|1
|-damage|p2a: Chesnaught|281\/380|[from] Stealth Rock
|-damage|p2a: Chesnaught|234\/380|[from] Spikes
|turn|22
|
|move|p2a: Chesnaught|Spiky Shield|p2a: Chesnaught
|-singleturn|p2a: Chesnaught|move: Protect
|move|p1a: Entei|Sacred Fire|p2a: Chesnaught
|-activate|p2a: Chesnaught|move: Protect
|
|-heal|p2a: Chesnaught|257\/380|[from] item: Leftovers
|turn|23
|
|move|p1a: Entei|Sacred Fire|p2a: Chesnaught
|-supereffective|p2a: Chesnaught
|-damage|p2a: Chesnaught|51\/380
|move|p2a: Chesnaught|Leech Seed|p1a: Entei
|-start|p1a: Entei|move: Leech Seed
|
|-heal|p2a: Chesnaught|74\/380|[from] item: Leftovers
|-damage|p1a: Entei|287\/372|[from] Leech Seed|[of] p2a: Chesnaught
|-heal|p2a: Chesnaught|120\/380|[silent]
|turn|24
|
|switch|p1a: Machamp|Machamp, M|384\/384
|move|p2a: Chesnaught|Spiky Shield|p2a: Chesnaught
|-fail|p2a: Chesnaught
|
|-heal|p2a: Chesnaught|143\/380|[from] item: Leftovers
|turn|25
|
|move|p2a: Chesnaught|Spiky Shield|p2a: Chesnaught
|-singleturn|p2a: Chesnaught|move: Protect
|move|p1a: Machamp|Dynamic Punch|p2a: Chesnaught
|-activate|p2a: Chesnaught|move: Protect
|-damage|p1a: Machamp|336\/384|[from] Spiky Shield|[of] p2a: Chesnaught
|
|-heal|p2a: Chesnaught|166\/380|[from] item: Leftovers
|turn|26
|
|move|p1a: Machamp|Dynamic Punch|p2a: Chesnaught
|-damage|p2a: Chesnaught|49\/380
|-start|p2a: Chesnaught|confusion
|-activate|p2a: Chesnaught|confusion
|move|p2a: Chesnaught|Leech Seed|p1a: Machamp
|-start|p1a: Machamp|move: Leech Seed
|
|-heal|p2a: Chesnaught|72\/380|[from] item: Leftovers
|-damage|p1a: Machamp|288\/384|[from] Leech Seed|[of] p2a: Chesnaught
|-heal|p2a: Chesnaught|120\/380|[silent]
|turn|27
|
|move|p1a: Machamp|Fire Punch|p2a: Chesnaught
|-supereffective|p2a: Chesnaught
|-damage|p2a: Chesnaught|0 fnt
|faint|p2a: Chesnaught
|
|win|teamtest239852
|raw|Ladder updating...
|raw|teamtest239852's rating: 1401 &rarr; <strong>1420<\/strong><br \/>(+19 for winning)
|raw|Arogar's rating: 1376 &rarr; <strong>1358<\/strong><br \/>(-18 for losing)
|leave|Arogar
|player|p2
|c|★teamtest239852|gg