|join|Have.
|join|teamtest239852
|player|p1|Have.|291
|player|p2|teamtest239852|259
|gametype|singles
|gen|6
|tier|UU
|rated
|rule|Sleep Clause Mod: Limit one foe put to sleep
|rule|Species Clause: Limit one of each Pokémon
|rule|OHKO Clause: OHKO moves are banned
|rule|Moody Clause: Moody is banned
|rule|Evasion Moves Clause: Evasion moves are banned
|rule|Endless Battle Clause: Forcing endless battles is banned
|rule|HP Percentage Mod: HP is shown in percentages
|clearpoke
|poke|p1|Beedrill, F
|poke|p1|Haxorus, M
|poke|p1|Swampert, F
|poke|p1|Chesnaught, F
|poke|p1|Jirachi
|poke|p1|Starmie
|poke|p2|Beedrill, M
|poke|p2|Flygon, F
|poke|p2|Raikou
|poke|p2|Infernape, F
|poke|p2|Vaporeon, M
|poke|p2|Forretress, M
|rule|Swagger Clause: Swagger is banned
|rule|Baton Pass Clause: Limit one Pokémon knowing Baton Pass
|teampreview
|c|★Have.|hai
|
|start
|switch|p1a: Beedrill|Beedrill, F|271\/271
|switch|p2a: Beedrill|Beedrill, M|271\/271
|turn|1
|
|detailschange|p2a: Beedrill|Beedrill-Mega, M
|message|Beedrill has Mega Evolved into Mega Beedrill!
|detailschange|p1a: Beedrill|Beedrill-Mega, F
|message|Beedrill has Mega Evolved into Mega Beedrill!
|move|p1a: Beedrill|Protect|p1a: Beedrill
|-singleturn|p1a: Beedrill|Protect
|move|p2a: Beedrill|U-turn|p1a: Beedrill
|-activate|p1a: Beedrill|Protect
|
|turn|2
|
|move|p2a: Beedrill|U-turn|p1a: Beedrill
|-resisted|p1a: Beedrill
|-damage|p1a: Beedrill|90\/271
|
|switch|p2a: Forretress|Forretress, M|354\/354
|move|p1a: Beedrill|U-turn|p2a: Forretress
|-resisted|p2a: Forretress
|-damage|p2a: Forretress|296\/354
|-damage|p1a: Beedrill|45\/271|[from] item: Rocky Helmet|[of] p2a: Forretress
|
|switch|p1a: Starmie|Starmie|323\/323
|
|turn|3
|
|switch|p2a: Vaporeon|Vaporeon, M|464\/464
|move|p1a: Starmie|Scald|p2a: Vaporeon
|-immune|p2a: Vaporeon|[msg]
|
|turn|4
|
|switch|p1a: Chesnaught|Chesnaught, F|380\/380
|move|p2a: Vaporeon|Baton Pass|p2a: Vaporeon
|
|switch|p2a: Beedrill|Beedrill-Mega, M|271\/271
|
|turn|5
|
|move|p1a: Chesnaught|Spiky Shield|p1a: Chesnaught
|-singleturn|p1a: Chesnaught|move: Protect
|move|p2a: Beedrill|Poison Jab|p1a: Chesnaught
|-activate|p1a: Chesnaught|move: Protect
|-damage|p2a: Beedrill|238\/271|[from] Spiky Shield|[of] p1a: Chesnaught
|
|turn|6
|
|switch|p1a: Swampert|Swampert, F|404\/404
|move|p2a: Beedrill|Poison Jab|p1a: Swampert
|-resisted|p1a: Swampert
|-damage|p1a: Swampert|329\/404
|
|-heal|p1a: Swampert|354\/404|[from] item: Leftovers
|turn|7
|
|move|p2a: Beedrill|U-turn|p1a: Swampert
|-damage|p1a: Swampert|202\/404
|
|switch|p2a: Forretress|Forretress, M|296\/354
|move|p1a: Swampert|Stealth Rock|p2a: Forretress
|-sidestart|p2: teamtest239852|move: Stealth Rock
|
|-heal|p1a: Swampert|227\/404|[from] item: Leftovers
|turn|8
|
|move|p1a: Swampert|Scald|p2a: Forretress
|-damage|p2a: Forretress|161\/354
|move|p2a: Forretress|Stealth Rock|p1a: Swampert
|-sidestart|p1: Have.|move: Stealth Rock
|
|-heal|p1a: Swampert|252\/404|[from] item: Leftovers
|turn|9
|
|move|p1a: Swampert|Earthquake|p2a: Forretress
|-damage|p2a: Forretress|92\/354
|move|p2a: Forretress|Volt Switch|p1a: Swampert
|-immune|p1a: Swampert|[msg]
|
|-heal|p1a: Swampert|277\/404|[from] item: Leftovers
|turn|10
|
|switch|p2a: Vaporeon|Vaporeon, M|464\/464
|-damage|p2a: Vaporeon|406\/464|[from] Stealth Rock
|move|p1a: Swampert|Scald|p2a: Vaporeon
|-heal|p2a: Vaporeon|464\/464|[from] ability: Water Absorb|[of] p1a: Swampert
|
|-heal|p1a: Swampert|302\/404|[from] item: Leftovers
|turn|11
|
|move|p2a: Vaporeon|Wish|p2a: Vaporeon
|move|p1a: Swampert|Earthquake|p2a: Vaporeon
|-damage|p2a: Vaporeon|268\/464
|
|-heal|p2a: Vaporeon|297\/464|[from] item: Leftovers
|-heal|p1a: Swampert|327\/404|[from] item: Leftovers
|turn|12
|
|move|p2a: Vaporeon|Baton Pass|p2a: Vaporeon
|
|switch|p2a: Flygon|Flygon, F|301\/301
|-damage|p2a: Flygon|283\/301|[from] Stealth Rock
|move|p1a: Swampert|Earthquake|p2a: Flygon
|-immune|p2a: Flygon|[msg]
|
|-heal|p2a: Flygon|301\/301|[from] move: Wish|[wisher] Vaporeon
|-heal|p1a: Swampert|352\/404|[from] item: Leftovers
|turn|13
|
|move|p2a: Flygon|U-turn|p1a: Swampert
|-damage|p1a: Swampert|298\/404
|
|switch|p2a: Vaporeon|Vaporeon, M|297\/464
|-damage|p2a: Vaporeon|239\/464|[from] Stealth Rock
|move|p1a: Swampert|Scald|p2a: Vaporeon
|-heal|p2a: Vaporeon|355\/464|[from] ability: Water Absorb|[of] p1a: Swampert
|
|-heal|p2a: Vaporeon|384\/464|[from] item: Leftovers
|-heal|p1a: Swampert|323\/404|[from] item: Leftovers
|turn|14
|
|move|p2a: Vaporeon|Scald|p1a: Swampert
|-damage|p1a: Swampert|208\/404
|move|p1a: Swampert|Earthquake|p2a: Vaporeon
|-damage|p2a: Vaporeon|192\/464
|
|-heal|p2a: Vaporeon|221\/464|[from] item: Leftovers
|-heal|p1a: Swampert|233\/404|[from] item: Leftovers
|turn|15
|
|switch|p1a: Starmie|Starmie|323\/323
|-damage|p1a: Starmie|283\/323|[from] Stealth Rock
|move|p2a: Vaporeon|Wish|p2a: Vaporeon
|
|-heal|p1a: Starmie|303\/323|[from] item: Leftovers
|-heal|p2a: Vaporeon|250\/464|[from] item: Leftovers
|turn|16
|
|move|p1a: Starmie|Rapid Spin|p2a: Vaporeon
|-damage|p2a: Vaporeon|234\/464
|-sideend|p1: Have.|Stealth Rock|[from] move: Rapid Spin|[of] p1a: Starmie
|move|p2a: Vaporeon|Baton Pass|p2a: Vaporeon
|
|switch|p2a: Forretress|Forretress, M|92\/354
|-damage|p2a: Forretress|48\/354|[from] Stealth Rock
|
|-heal|p2a: Forretress|280\/354|[from] move: Wish|[wisher] Vaporeon
|-heal|p1a: Starmie|323\/323|[from] item: Leftovers
|turn|17
|
|move|p1a: Starmie|Scald|p2a: Forretress
|-damage|p2a: Forretress|150\/354
|move|p2a: Forretress|Rapid Spin|p1a: Starmie
|-damage|p1a: Starmie|311\/323
|-sideend|p2: teamtest239852|Stealth Rock|[from] move: Rapid Spin|[of] p2a: Forretress
|
|-heal|p1a: Starmie|323\/323|[from] item: Leftovers
|turn|18
|
|switch|p1a: Chesnaught|Chesnaught, F|380\/380
|switch|p2a: Flygon|Flygon, F|301\/301
|
|turn|19
|
|switch|p2a: Infernape|Infernape, F|293\/293
|move|p1a: Chesnaught|Spikes|p2a: Infernape
|-sidestart|p2: teamtest239852|Spikes
|
|turn|20
|
|move|p1a: Chesnaught|Spiky Shield|p1a: Chesnaught
|-singleturn|p1a: Chesnaught|move: Protect
|move|p2a: Infernape|Overheat|p1a: Chesnaught
|-activate|p1a: Chesnaught|move: Protect
|
|turn|21
|
|switch|p1a: Starmie|Starmie|323\/323
|move|p2a: Infernape|U-turn|p1a: Starmie
|-crit|p1a: Starmie
|-supereffective|p1a: Starmie
|-damage|p1a: Starmie|79\/323
|-damage|p2a: Infernape|264\/293|[from] item: Life Orb
|
|switch|p2a: Beedrill|Beedrill-Mega, M|238\/271
|-damage|p2a: Beedrill|205\/271|[from] Spikes
|
|-heal|p1a: Starmie|99\/323|[from] item: Leftovers
|turn|22
|
|switch|p1a: Chesnaught|Chesnaught, F|380\/380
|move|p2a: Beedrill|U-turn|p1a: Chesnaught
|-damage|p1a: Chesnaught|264\/380
|
|switch|p2a: Infernape|Infernape, F|264\/293
|-damage|p2a: Infernape|228\/293|[from] Spikes
|
|-heal|p1a: Chesnaught|287\/380|[from] item: Leftovers
|turn|23
|
|move|p1a: Chesnaught|Spiky Shield|p1a: Chesnaught
|-singleturn|p1a: Chesnaught|move: Protect
|move|p2a: Infernape|Overheat|p1a: Chesnaught
|-activate|p1a: Chesnaught|move: Protect
|
|-heal|p1a: Chesnaught|310\/380|[from] item: Leftovers
|turn|24
|
|switch|p1a: Starmie|Starmie|99\/323
|move|p2a: Infernape|Overheat|p1a: Starmie
|-resisted|p1a: Starmie
|-damage|p1a: Starmie|0 fnt
|-unboost|p2a: Infernape|spa|2
|-damage|p2a: Infernape|199\/293|[from] item: Life Orb
|faint|p1a: Starmie
|
|
|switch|p1a: Beedrill|Beedrill-Mega, F|45\/271
|turn|25
|
|move|p2a: Infernape|Mach Punch|p1a: Beedrill
|-resisted|p1a: Beedrill
|-damage|p1a: Beedrill|0 fnt
|-damage|p2a: Infernape|170\/293|[from] item: Life Orb
|faint|p1a: Beedrill
|
|
|switch|p1a: Swampert|Swampert, F|233\/404
|turn|26
|
|move|p2a: Infernape|U-turn|p1a: Swampert
|-damage|p1a: Swampert|163\/404
|-damage|p2a: Infernape|141\/293|[from] item: Life Orb
|
|switch|p2a: Flygon|Flygon, F|301\/301
|move|p1a: Swampert|Earthquake|p2a: Flygon
|-immune|p2a: Flygon|[msg]
|
|-heal|p1a: Swampert|188\/404|[from] item: Leftovers
|turn|27
|
|move|p2a: Flygon|U-turn|p1a: Swampert
|-damage|p1a: Swampert|137\/404
|
|switch|p2a: Vaporeon|Vaporeon, M|234\/464
|-damage|p2a: Vaporeon|176\/464|[from] Spikes
|move|p1a: Swampert|Stealth Rock|p2a: Vaporeon
|-sidestart|p2: teamtest239852|move: Stealth Rock
|
|-heal|p2a: Vaporeon|205\/464|[from] item: Leftovers
|-heal|p1a: Swampert|162\/404|[from] item: Leftovers
|turn|28
|
|move|p2a: Vaporeon|Wish|p2a: Vaporeon
|move|p1a: Swampert|Earthquake|p2a: Vaporeon
|-damage|p2a: Vaporeon|21\/464
|
|-heal|p2a: Vaporeon|50\/464|[from] item: Leftovers
|-heal|p1a: Swampert|187\/404|[from] item: Leftovers
|turn|29
|
|move|p2a: Vaporeon|Protect|p2a: Vaporeon
|-singleturn|p2a: Vaporeon|Protect
|move|p1a: Swampert|Roar|p2a: Vaporeon
|drag|p2a: Beedrill|Beedrill-Mega, M|205\/271
|-damage|p2a: Beedrill|138\/271|[from] Stealth Rock
|-damage|p2a: Beedrill|105\/271|[from] Spikes
|
|-heal|p2a: Beedrill|271\/271|[from] move: Wish|[wisher] Vaporeon
|-heal|p1a: Swampert|212\/404|[from] item: Leftovers
|turn|30
|
|move|p2a: Beedrill|U-turn|p1a: Swampert
|-damage|p1a: Swampert|64\/404
|
|switch|p2a: Flygon|Flygon, F|301\/301
|-damage|p2a: Flygon|283\/301|[from] Stealth Rock
|move|p1a: Swampert|Scald|p2a: Flygon
|-damage|p2a: Flygon|127\/301
|
|-heal|p1a: Swampert|89\/404|[from] item: Leftovers
|turn|31
|
|switch|p1a: Chesnaught|Chesnaught, F|310\/380
|move|p2a: Flygon|Dragon Claw|p1a: Chesnaught
|-damage|p1a: Chesnaught|240\/380
|
|-heal|p1a: Chesnaught|263\/380|[from] item: Leftovers
|turn|32
|
|switch|p2a: Forretress|Forretress, M|150\/354
|-damage|p2a: Forretress|106\/354|[from] Spikes
|-damage|p2a: Forretress|62\/354|[from] Stealth Rock
|move|p1a: Chesnaught|Wood Hammer|p2a: Forretress
|-resisted|p2a: Forretress
|-damage|p2a: Forretress|40\/354
|-damage|p1a: Chesnaught|200\/380|[from] item: Rocky Helmet|[of] p2a: Forretress
|-damage|p1a: Chesnaught|193\/380|[from] recoil|[of] p2a: Forretress
|
|-heal|p1a: Chesnaught|216\/380|[from] item: Leftovers
|turn|33
|
|move|p1a: Chesnaught|Spiky Shield|p1a: Chesnaught
|-singleturn|p1a: Chesnaught|move: Protect
|move|p2a: Forretress|Spikes|p1a: Chesnaught
|-sidestart|p1: Have.|Spikes
|
|-heal|p1a: Chesnaught|239\/380|[from] item: Leftovers
|turn|34
|
|move|p1a: Chesnaught|Drain Punch|p2a: Forretress
|-damage|p2a: Forretress|0 fnt
|-heal|p1a: Chesnaught|259\/380|[from] drain|[of] p2a: Forretress
|-damage|p1a: Chesnaught|196\/380|[from] item: Rocky Helmet|[of] p2a: Forretress
|faint|p2a: Forretress
|
|-heal|p1a: Chesnaught|219\/380|[from] item: Leftovers
|
|switch|p2a: Infernape|Infernape, F|141\/293
|-damage|p2a: Infernape|105\/293|[from] Stealth Rock
|-damage|p2a: Infernape|69\/293|[from] Spikes
|turn|35
|
|switch|p1a: Haxorus|Haxorus, M|293\/293
|-damage|p1a: Haxorus|257\/293|[from] Spikes
|-ability|p1a: Haxorus|Mold Breaker
|move|p2a: Infernape|Overheat|p1a: Haxorus
|-resisted|p1a: Haxorus
|-damage|p1a: Haxorus|122\/293
|-unboost|p2a: Infernape|spa|2
|-damage|p2a: Infernape|40\/293|[from] item: Life Orb
|
|turn|36
|
|switch|p1a: Swampert|Swampert, F|89\/404
|-damage|p1a: Swampert|39\/404|[from] Spikes
|move|p2a: Infernape|Close Combat|p1a: Swampert
|-damage|p1a: Swampert|0 fnt
|-unboost|p2a: Infernape|def|1
|-unboost|p2a: Infernape|spd|1
|-damage|p2a: Infernape|11\/293|[from] item: Life Orb
|faint|p1a: Swampert
|
|
|switch|p1a: Haxorus|Haxorus, M|122\/293
|-damage|p1a: Haxorus|86\/293|[from] Spikes
|-ability|p1a: Haxorus|Mold Breaker
|turn|37
|c|★Have.|idk what that was
|
|move|p2a: Infernape|Close Combat|p1a: Haxorus
|-damage|p1a: Haxorus|0 fnt
|-unboost|p2a: Infernape|def|1
|-unboost|p2a: Infernape|spd|1
|-damage|p2a: Infernape|0 fnt|[from] item: Life Orb
|faint|p1a: Haxorus
|faint|p2a: Infernape
|
|
|switch|p2a: Flygon|Flygon, F|127\/301
|switch|p1a: Jirachi|Jirachi|404\/404
|-damage|p2a: Flygon|109\/301|[from] Stealth Rock
|-damage|p1a: Jirachi|354\/404|[from] Spikes
|turn|38
|
|move|p2a: Flygon|Earthquake|p1a: Jirachi
|-supereffective|p1a: Jirachi
|-damage|p1a: Jirachi|60\/404
|move|p1a: Jirachi|Body Slam|p2a: Flygon
|-damage|p2a: Flygon|25\/301
|
|-heal|p1a: Jirachi|85\/404|[from] item: Leftovers
|turn|39
|
|switch|p1a: Chesnaught|Chesnaught, F|219\/380
|-damage|p1a: Chesnaught|172\/380|[from] Spikes
|move|p2a: Flygon|Earthquake|p1a: Chesnaught
|-resisted|p1a: Chesnaught
|-damage|p1a: Chesnaught|126\/380
|
|-heal|p1a: Chesnaught|149\/380|[from] item: Leftovers
|turn|40
|c|★Have.|gg
|
|switch|p2a: Vaporeon|Vaporeon, M|50\/464
|-damage|p2a: Vaporeon|0 fnt|[from] Stealth Rock
|faint|p2a: Vaporeon
|move|p1a: Chesnaught|Spiky Shield|p1a: Chesnaught
|-fail|p1a: Chesnaught
|
|-heal|p1a: Chesnaught|172\/380|[from] item: Leftovers
|
|switch|p2a: Beedrill|Beedrill-Mega, M|271\/271
|-damage|p2a: Beedrill|238\/271|[from] Spikes
|-damage|p2a: Beedrill|171\/271|[from] Stealth Rock
|turn|41
|
|move|p1a: Chesnaught|Spiky Shield|p1a: Chesnaught
|-singleturn|p1a: Chesnaught|move: Protect
|move|p2a: Beedrill|Poison Jab|p1a: Chesnaught
|-activate|p1a: Chesnaught|move: Protect
|-damage|p2a: Beedrill|138\/271|[from] Spiky Shield|[of] p1a: Chesnaught
|
|-heal|p1a: Chesnaught|195\/380|[from] item: Leftovers
|turn|42
|
|move|p2a: Beedrill|Poison Jab|p1a: Chesnaught
|-supereffective|p1a: Chesnaught
|-damage|p1a: Chesnaught|0 fnt
|faint|p1a: Chesnaught
|
|
|switch|p1a: Jirachi|Jirachi|85\/404
|-damage|p1a: Jirachi|35\/404|[from] Spikes
|turn|43
|
|move|p2a: Beedrill|U-turn|p1a: Jirachi
|-damage|p1a: Jirachi|0 fnt
|faint|p1a: Jirachi
|
|win|teamtest239852
|raw|Ladder updating...
|c|★teamtest239852|gg
|leave|Have.
|raw|Have.'s rating: 1483 &rarr; <strong>1457<\/strong><br \/>(-26 for losing)
|raw|teamtest239852's rating: 1384 &rarr; <strong>1410<\/strong><br \/>(+26 for winning)
|player|p1