|join|teamtest239852
|join|mustaondabeat
|player|p1|teamtest239852|3
|player|p2|mustaondabeat|148
|gametype|singles
|gen|6
|tier|UU
|rated
|rule|Sleep Clause Mod: Limit one foe put to sleep
|rule|Species Clause: Limit one of each Pokémon
|rule|OHKO Clause: OHKO moves are banned
|rule|Moody Clause: Moody is banned
|rule|Evasion Moves Clause: Evasion moves are banned
|rule|Endless Battle Clause: Forcing endless battles is banned
|rule|HP Percentage Mod: HP is shown in percentages
|clearpoke
|poke|p1|Swampert, F
|poke|p1|Aerodactyl, M
|poke|p1|Lucario, M
|poke|p1|Umbreon, F
|poke|p1|Arcanine, M
|poke|p1|Roserade, M
|poke|p2|Aggron, M
|poke|p2|Suicune
|poke|p2|Haxorus, M
|poke|p2|Azelf
|poke|p2|Infernape, M
|poke|p2|Hydreigon, F
|rule|Swagger Clause: Swagger is banned
|rule|Baton Pass Clause: Limit one Pokémon knowing Baton Pass
|teampreview
|
|start
|switch|p1a: Swampert|Swampert, F|404\/404
|switch|p2a: Aggron|Aggron, M|344\/344
|turn|1
|
|switch|p2a: Azelf|Azelf|291\/291
|move|p1a: Swampert|Stealth Rock|p2a: Azelf
|-sidestart|p2: mustaondabeat|move: Stealth Rock
|
|turn|2
|
|switch|p1a: Umbreon|Umbreon, F|394\/394
|move|p2a: Azelf|Energy Ball|p1a: Umbreon
|-damage|p1a: Umbreon|307\/394
|-damage|p2a: Azelf|262\/291|[from] item: Life Orb
|
|-heal|p1a: Umbreon|331\/394|[from] item: Leftovers
|turn|3
|
|move|p2a: Azelf|U-turn|p1a: Umbreon
|-supereffective|p1a: Umbreon
|-damage|p1a: Umbreon|157\/394
|-damage|p2a: Azelf|233\/291|[from] item: Life Orb
|
|switch|p2a: Infernape|Infernape, M|293\/293
|-damage|p2a: Infernape|257\/293|[from] Stealth Rock
|move|p1a: Umbreon|Foul Play|p2a: Infernape
|-resisted|p2a: Infernape
|-damage|p2a: Infernape|155\/293
|
|-heal|p1a: Umbreon|181\/394|[from] item: Leftovers
|turn|4
|
|switch|p1a: Swampert|Swampert, F|404\/404
|move|p2a: Infernape|U-turn|p1a: Swampert
|-damage|p1a: Swampert|335\/404
|-damage|p2a: Infernape|126\/293|[from] item: Life Orb
|
|switch|p2a: Azelf|Azelf|233\/291
|-damage|p2a: Azelf|197\/291|[from] Stealth Rock
|
|-heal|p1a: Swampert|360\/404|[from] item: Leftovers
|turn|5
|
|switch|p1a: Aerodactyl|Aerodactyl, M|301\/301
|-ability|p1a: Aerodactyl|Unnerve|p2: mustaondabeat
|move|p2a: Azelf|Energy Ball|p1a: Aerodactyl
|-damage|p1a: Aerodactyl|127\/301
|-damage|p2a: Azelf|168\/291|[from] item: Life Orb
|
|turn|6
|
|switch|p2a: Aggron|Aggron, M|344\/344
|-damage|p2a: Aggron|323\/344|[from] Stealth Rock
|detailschange|p1a: Aerodactyl|Aerodactyl-Mega, M
|message|Aerodactyl has Mega Evolved into Mega Aerodactyl!
|move|p1a: Aerodactyl|Aerial Ace|p2a: Aggron
|-resisted|p2a: Aggron
|-damage|p2a: Aggron|301\/344
|
|turn|7
|
|switch|p1a: Swampert|Swampert, F|360\/404
|detailschange|p2a: Aggron|Aggron-Mega, M
|message|Aggron has Mega Evolved into Mega Aggron!
|move|p2a: Aggron|Stealth Rock|p1a: Swampert
|-sidestart|p1: teamtest239852|move: Stealth Rock
|
|-heal|p1a: Swampert|385\/404|[from] item: Leftovers
|turn|8
|
|switch|p2a: Haxorus|Haxorus, M|302\/302
|-damage|p2a: Haxorus|265\/302|[from] Stealth Rock
|-ability|p2a: Haxorus|Mold Breaker
|move|p1a: Swampert|Scald|p2a: Haxorus
|-resisted|p2a: Haxorus
|-damage|p2a: Haxorus|211\/302
|-status|p2a: Haxorus|brn
|
|-heal|p1a: Swampert|404\/404|[from] item: Leftovers
|-damage|p2a: Haxorus|174\/302 brn|[from] brn
|turn|9
|leave|mustaondabeat
|player|p2
|-message|mustaondabeat lost due to inactivity.
|
|win|teamtest239852
|raw|Ladder updating...
|raw|teamtest239852's rating: 1377 &rarr; <strong>1397<\/strong><br \/>(+20 for winning)
|raw|mustaondabeat's rating: 1372 &rarr; <strong>1352<\/strong><br \/>(-20 for losing)