|join|JCshiz
|join|teamtest239852
|player|p1|JCshiz|169
|player|p2|teamtest239852|259
|gametype|singles
|gen|6
|tier|UU
|rated
|rule|Sleep Clause Mod: Limit one foe put to sleep
|rule|Species Clause: Limit one of each Pokémon
|rule|OHKO Clause: OHKO moves are banned
|rule|Moody Clause: Moody is banned
|rule|Evasion Moves Clause: Evasion moves are banned
|rule|Endless Battle Clause: Forcing endless battles is banned
|rule|HP Percentage Mod: HP is shown in percentages
|clearpoke
|poke|p1|Cresselia, F
|poke|p1|Darmanitan, F
|poke|p1|Umbreon, F
|poke|p1|Porygon-Z
|poke|p1|Donphan, M
|poke|p1|Sceptile, F
|poke|p2|Beedrill, M
|poke|p2|Flygon, M
|poke|p2|Raikou
|poke|p2|Infernape, M
|poke|p2|Vaporeon, F
|poke|p2|Forretress, F
|rule|Swagger Clause: Swagger is banned
|rule|Baton Pass Clause: Limit one Pokémon knowing Baton Pass
|teampreview
|
|start
|switch|p1a: Porygon-Z|Porygon-Z|311\/311
|switch|p2a: Beedrill|Beedrill, M|271\/271
|turn|1
|
|switch|p1a: Darmanitan|Darmanitan, F|351\/351
|detailschange|p2a: Beedrill|Beedrill-Mega, M
|message|Beedrill has Mega Evolved into Mega Beedrill!
|move|p2a: Beedrill|Protect|p2a: Beedrill
|-fail|p2a: Beedrill
|
|turn|2
|
|move|p2a: Beedrill|Protect|p2a: Beedrill
|-singleturn|p2a: Beedrill|Protect
|move|p1a: Darmanitan|U-turn|p2a: Beedrill
|-activate|p2a: Beedrill|Protect
|
|turn|3
|
|switch|p2a: Forretress|Forretress, F|354\/354
|move|p1a: Darmanitan|U-turn|p2a: Forretress
|-crit|p2a: Forretress
|-resisted|p2a: Forretress
|-damage|p2a: Forretress|316\/354
|-damage|p1a: Darmanitan|293\/351|[from] item: Rocky Helmet|[of] p2a: Forretress
|
|switch|p1a: Sceptile|Sceptile, F|282\/282
|
|turn|4
|
|switch|p2a: Beedrill|Beedrill-Mega, M|271\/271
|detailschange|p1a: Sceptile|Sceptile-Mega, F
|message|Sceptile has Mega Evolved into Mega Sceptile!
|move|p1a: Sceptile|Hidden Power|p2a: Beedrill
|-supereffective|p2a: Beedrill
|-damage|p2a: Beedrill|69\/271
|
|turn|5
|
|switch|p1a: Cresselia|Cresselia, F|444\/444
|move|p2a: Beedrill|U-turn|p1a: Cresselia
|-crit|p1a: Cresselia
|-supereffective|p1a: Cresselia
|-damage|p1a: Cresselia|72\/444
|
|switch|p2a: Flygon|Flygon, M|301\/301
|
|-heal|p1a: Cresselia|99\/444|[from] item: Leftovers
|turn|6
|
|switch|p1a: Donphan|Donphan, M|384\/384
|move|p2a: Flygon|U-turn|p1a: Donphan
|-damage|p1a: Donphan|323\/384
|
|switch|p2a: Vaporeon|Vaporeon, F|464\/464
|
|turn|7
|
|switch|p1a: Cresselia|Cresselia, F|99\/444
|move|p2a: Vaporeon|Scald|p1a: Cresselia
|-damage|p1a: Cresselia|14\/444
|
|-heal|p1a: Cresselia|41\/444|[from] item: Leftovers
|turn|8
|
|move|p1a: Cresselia|Moonlight|p1a: Cresselia
|-heal|p1a: Cresselia|263\/444
|move|p2a: Vaporeon|Baton Pass|p2a: Vaporeon
|
|switch|p2a: Beedrill|Beedrill-Mega, M|69\/271
|
|-heal|p1a: Cresselia|290\/444|[from] item: Leftovers
|turn|9
|
|move|p2a: Beedrill|U-turn|p1a: Cresselia
|-supereffective|p1a: Cresselia
|-damage|p1a: Cresselia|54\/444
|
|switch|p2a: Vaporeon|Vaporeon, F|464\/464
|move|p1a: Cresselia|Moonlight|p1a: Cresselia
|-heal|p1a: Cresselia|276\/444
|
|-heal|p1a: Cresselia|303\/444|[from] item: Leftovers
|turn|10
|
|move|p1a: Cresselia|Toxic|p2a: Vaporeon
|-status|p2a: Vaporeon|tox
|move|p2a: Vaporeon|Wish|p2a: Vaporeon
|
|-heal|p1a: Cresselia|330\/444|[from] item: Leftovers
|-damage|p2a: Vaporeon|435\/464 tox|[from] psn
|turn|11
|
|switch|p1a: Darmanitan|Darmanitan, F|293\/351
|move|p2a: Vaporeon|Baton Pass|p2a: Vaporeon
|
|switch|p2a: Beedrill|Beedrill-Mega, M|69\/271
|
|-heal|p2a: Beedrill|271\/271|[from] move: Wish|[wisher] Vaporeon
|turn|12
|
|move|p2a: Beedrill|Protect|p2a: Beedrill
|-singleturn|p2a: Beedrill|Protect
|move|p1a: Darmanitan|Flare Blitz|p2a: Beedrill
|-activate|p2a: Beedrill|Protect
|
|turn|13
|
|switch|p2a: Vaporeon|Vaporeon, F|435\/464 tox
|move|p1a: Darmanitan|Flare Blitz|p2a: Vaporeon
|-resisted|p2a: Vaporeon
|-damage|p2a: Vaporeon|278\/464 tox
|-damage|p1a: Darmanitan|241\/351|[from] recoil|[of] p2a: Vaporeon
|
|-heal|p2a: Vaporeon|307\/464 tox|[from] item: Leftovers
|-damage|p2a: Vaporeon|278\/464 tox|[from] psn
|turn|14
|
|switch|p1a: Sceptile|Sceptile-Mega, F|282\/282
|move|p2a: Vaporeon|Wish|p2a: Vaporeon
|
|-heal|p2a: Vaporeon|307\/464 tox|[from] item: Leftovers
|-damage|p2a: Vaporeon|249\/464 tox|[from] psn
|turn|15
|
|move|p2a: Vaporeon|Protect|p2a: Vaporeon
|-singleturn|p2a: Vaporeon|Protect
|move|p1a: Sceptile|Giga Drain|p2a: Vaporeon
|-activate|p2a: Vaporeon|Protect
|
|-heal|p2a: Vaporeon|464\/464 tox|[from] move: Wish|[wisher] Vaporeon
|-damage|p2a: Vaporeon|377\/464 tox|[from] psn
|turn|16
|
|switch|p2a: Raikou|Raikou|321\/321
|-ability|p2a: Raikou|Pressure
|move|p1a: Sceptile|Dragon Pulse|p2a: Raikou
|-damage|p2a: Raikou|150\/321
|
|turn|17
|
|switch|p1a: Umbreon|Umbreon, F|394\/394
|move|p2a: Raikou|Hidden Power|p1a: Umbreon
|-damage|p1a: Umbreon|357\/394
|
|-heal|p1a: Umbreon|381\/394|[from] item: Leftovers
|turn|18
|
|switch|p2a: Forretress|Forretress, F|316\/354
|move|p1a: Umbreon|Foul Play|p2a: Forretress
|-damage|p2a: Forretress|255\/354
|-damage|p1a: Umbreon|316\/394|[from] item: Rocky Helmet|[of] p2a: Forretress
|
|-heal|p1a: Umbreon|340\/394|[from] item: Leftovers
|turn|19
|
|switch|p1a: Donphan|Donphan, M|323\/384
|move|p2a: Forretress|Stealth Rock|p1a: Donphan
|-sidestart|p1: JCshiz|move: Stealth Rock
|
|turn|20
|
|switch|p2a: Vaporeon|Vaporeon, F|377\/464 tox
|move|p1a: Donphan|Knock Off|p2a: Vaporeon
|-damage|p2a: Vaporeon|247\/464 tox
|-enditem|p2a: Vaporeon|Leftovers|[from] move: Knock Off|[of] p1a: Donphan
|
|-damage|p2a: Vaporeon|218\/464 tox|[from] psn
|turn|21
|
|move|p2a: Vaporeon|Wish|p2a: Vaporeon
|move|p1a: Donphan|Rapid Spin|p2a: Vaporeon
|-crit|p2a: Vaporeon
|-damage|p2a: Vaporeon|178\/464 tox
|-sideend|p1: JCshiz|Stealth Rock|[from] move: Rapid Spin|[of] p1a: Donphan
|
|-damage|p2a: Vaporeon|120\/464 tox|[from] psn
|turn|22
|
|switch|p1a: Umbreon|Umbreon, F|340\/394
|move|p2a: Vaporeon|Scald|p1a: Umbreon
|-damage|p1a: Umbreon|282\/394
|
|-heal|p2a: Vaporeon|352\/464 tox|[from] move: Wish|[wisher] Vaporeon
|-heal|p1a: Umbreon|306\/394|[from] item: Leftovers
|-damage|p2a: Vaporeon|265\/464 tox|[from] psn
|turn|23
|
|move|p1a: Umbreon|Wish|p1a: Umbreon
|move|p2a: Vaporeon|Baton Pass|p2a: Vaporeon
|
|switch|p2a: Beedrill|Beedrill-Mega, M|271\/271
|
|-heal|p1a: Umbreon|330\/394|[from] item: Leftovers
|turn|24
|
|switch|p1a: Darmanitan|Darmanitan, F|241\/351
|move|p2a: Beedrill|U-turn|p1a: Darmanitan
|-resisted|p1a: Darmanitan
|-damage|p1a: Darmanitan|102\/351
|
|switch|p2a: Vaporeon|Vaporeon, F|265\/464 tox
|
|-heal|p1a: Darmanitan|299\/351|[from] move: Wish|[wisher] Umbreon
|-damage|p2a: Vaporeon|236\/464 tox|[from] psn
|turn|25
|
|move|p1a: Darmanitan|U-turn|p2a: Vaporeon
|-crit|p2a: Vaporeon
|-damage|p2a: Vaporeon|101\/464 tox
|
|switch|p1a: Porygon-Z|Porygon-Z|311\/311
|move|p2a: Vaporeon|Wish|p2a: Vaporeon
|
|-damage|p2a: Vaporeon|43\/464 tox|[from] psn
|turn|26
|
|switch|p2a: Forretress|Forretress, F|255\/354
|move|p1a: Porygon-Z|Tri Attack|p2a: Forretress
|-resisted|p2a: Forretress
|-damage|p2a: Forretress|29\/354
|
|-heal|p2a: Forretress|261\/354|[from] move: Wish|[wisher] Vaporeon
|turn|27
|
|move|p1a: Porygon-Z|Tri Attack|p2a: Forretress
|-resisted|p2a: Forretress
|-damage|p2a: Forretress|40\/354
|move|p2a: Forretress|Stealth Rock|p1a: Porygon-Z
|-sidestart|p1: JCshiz|move: Stealth Rock
|
|turn|28
|
|move|p1a: Porygon-Z|Tri Attack|p2a: Forretress
|-resisted|p2a: Forretress
|-damage|p2a: Forretress|0 fnt
|faint|p2a: Forretress
|
|
|switch|p2a: Infernape|Infernape, M|293\/293
|turn|29
|
|switch|p1a: Cresselia|Cresselia, F|330\/444
|-damage|p1a: Cresselia|275\/444|[from] Stealth Rock
|move|p2a: Infernape|Close Combat|p1a: Cresselia
|-resisted|p1a: Cresselia
|-damage|p1a: Cresselia|198\/444
|-unboost|p2a: Infernape|def|1
|-unboost|p2a: Infernape|spd|1
|-damage|p2a: Infernape|264\/293|[from] item: Life Orb
|
|-heal|p1a: Cresselia|225\/444|[from] item: Leftovers
|turn|30
|
|switch|p2a: Beedrill|Beedrill-Mega, M|271\/271
|move|p1a: Cresselia|Moonlight|p1a: Cresselia
|-heal|p1a: Cresselia|444\/444
|
|turn|31
|
|move|p2a: Beedrill|U-turn|p1a: Cresselia
|-supereffective|p1a: Cresselia
|-damage|p1a: Cresselia|184\/444
|
|switch|p2a: Flygon|Flygon, M|301\/301
|move|p1a: Cresselia|Psychic|p2a: Flygon
|-damage|p2a: Flygon|204\/301
|
|-heal|p1a: Cresselia|211\/444|[from] item: Leftovers
|turn|32
|
|move|p2a: Flygon|U-turn|p1a: Cresselia
|-supereffective|p1a: Cresselia
|-damage|p1a: Cresselia|123\/444
|
|switch|p2a: Beedrill|Beedrill-Mega, M|271\/271
|move|p1a: Cresselia|Moonlight|p1a: Cresselia
|-heal|p1a: Cresselia|345\/444
|
|-heal|p1a: Cresselia|372\/444|[from] item: Leftovers
|turn|33
|
|move|p2a: Beedrill|U-turn|p1a: Cresselia
|-supereffective|p1a: Cresselia
|-damage|p1a: Cresselia|144\/444
|
|switch|p2a: Flygon|Flygon, M|204\/301
|move|p1a: Cresselia|Psychic|p2a: Flygon
|-damage|p2a: Flygon|105\/301
|
|-heal|p1a: Cresselia|171\/444|[from] item: Leftovers
|turn|34
|
|move|p2a: Flygon|U-turn|p1a: Cresselia
|-supereffective|p1a: Cresselia
|-damage|p1a: Cresselia|73\/444
|
|switch|p2a: Vaporeon|Vaporeon, F|43\/464 tox
|move|p1a: Cresselia|Moonlight|p1a: Cresselia
|-heal|p1a: Cresselia|295\/444
|
|-heal|p1a: Cresselia|322\/444|[from] item: Leftovers
|-damage|p2a: Vaporeon|14\/464 tox|[from] psn
|turn|35
|
|move|p1a: Cresselia|Psychic|p2a: Vaporeon
|-crit|p2a: Vaporeon
|-damage|p2a: Vaporeon|0 fnt
|faint|p2a: Vaporeon
|
|-heal|p1a: Cresselia|349\/444|[from] item: Leftovers
|
|switch|p2a: Beedrill|Beedrill-Mega, M|271\/271
|turn|36
|c|★JCshiz|AHAHHAHA
|c|★JCshiz|this feels good
|
|move|p2a: Beedrill|U-turn|p1a: Cresselia
|-supereffective|p1a: Cresselia
|-damage|p1a: Cresselia|121\/444
|
|switch|p2a: Infernape|Infernape, M|264\/293
|move|p1a: Cresselia|Moonlight|p1a: Cresselia
|-heal|p1a: Cresselia|343\/444
|
|-heal|p1a: Cresselia|370\/444|[from] item: Leftovers
|turn|37
|
|switch|p2a: Flygon|Flygon, M|105\/301
|move|p1a: Cresselia|Psychic|p2a: Flygon
|-damage|p2a: Flygon|0 fnt
|faint|p2a: Flygon
|
|-heal|p1a: Cresselia|397\/444|[from] item: Leftovers
|
|switch|p2a: Beedrill|Beedrill-Mega, M|271\/271
|turn|38
|c|★JCshiz|i never thought i would ever beat u
|c|★JCshiz|but here we are
|
|move|p2a: Beedrill|Poison Jab|p1a: Cresselia
|-damage|p1a: Cresselia|253\/444
|move|p1a: Cresselia|Psychic|p2a: Beedrill
|-supereffective|p2a: Beedrill
|-damage|p2a: Beedrill|77\/271
|-unboost|p2a: Beedrill|spd|1
|
|-heal|p1a: Cresselia|280\/444|[from] item: Leftovers
|turn|39
|
|move|p2a: Beedrill|U-turn|p1a: Cresselia
|-supereffective|p1a: Cresselia
|-damage|p1a: Cresselia|20\/444
|
|switch|p2a: Raikou|Raikou|150\/321
|-ability|p2a: Raikou|Pressure
|move|p1a: Cresselia|Moonlight|p1a: Cresselia
|-heal|p1a: Cresselia|242\/444
|
|-heal|p1a: Cresselia|269\/444|[from] item: Leftovers
|turn|40
|
|switch|p1a: Donphan|Donphan, M|323\/384
|-damage|p1a: Donphan|299\/384|[from] Stealth Rock
|move|p2a: Raikou|Thunderbolt|p1a: Donphan
|-immune|p1a: Donphan|[msg]
|
|turn|41
|c|★JCshiz|LOLOL
|
|move|p2a: Raikou|Hidden Power|p1a: Donphan
|-supereffective|p1a: Donphan
|-damage|p1a: Donphan|141\/384
|move|p1a: Donphan|Rapid Spin|p2a: Raikou
|-damage|p2a: Raikou|116\/321
|-sideend|p1: JCshiz|Stealth Rock|[from] move: Rapid Spin|[of] p1a: Donphan
|
|turn|42
|
|move|p1a: Donphan|Ice Shard|p2a: Raikou
|-damage|p2a: Raikou|52\/321
|move|p2a: Raikou|Volt Switch|p1a: Donphan
|-immune|p1a: Donphan|[msg]
|
|turn|43
|c|★JCshiz|and that's game ladies and gentlemen
|
|move|p1a: Donphan|Ice Shard|p2a: Raikou
|-damage|p2a: Raikou|0 fnt
|faint|p2a: Raikou
|
|
|switch|p2a: Infernape|Infernape, M|264\/293
|turn|44
|
|move|p2a: Infernape|Overheat|p1a: Donphan
|-damage|p1a: Donphan|0 fnt
|-unboost|p2a: Infernape|spa|2
|-damage|p2a: Infernape|235\/293|[from] item: Life Orb
|faint|p1a: Donphan
|
|
|switch|p1a: Sceptile|Sceptile-Mega, F|282\/282
|turn|45
|
|move|p1a: Sceptile|Dragon Pulse|p2a: Infernape
|-damage|p2a: Infernape|0 fnt
|faint|p2a: Infernape
|
|
|switch|p2a: Beedrill|Beedrill-Mega, M|77\/271
|turn|46
|
|move|p2a: Beedrill|Poison Jab|p1a: Sceptile
|-supereffective|p1a: Sceptile
|-damage|p1a: Sceptile|0 fnt
|faint|p1a: Sceptile
|
|
|switch|p1a: Porygon-Z|Porygon-Z|311\/311
|turn|47
|
|move|p2a: Beedrill|Poison Jab|p1a: Porygon-Z
|-damage|p1a: Porygon-Z|7\/311
|move|p1a: Porygon-Z|Thunderbolt|p2a: Beedrill
|-damage|p2a: Beedrill|0 fnt
|faint|p2a: Beedrill
|
|win|JCshiz
|raw|Ladder updating...
|c|★teamtest239852|gg
|raw|JCshiz's rating: 1471 &rarr; <strong>1488<\/strong><br \/>(+17 for winning)
|raw|teamtest239852's rating: 1416 &rarr; <strong>1399<\/strong><br \/>(-17 for losing)
|c|★JCshiz|gg
|leave|JCshiz
|player|p1