|join|KingBowser
|join|teamtest239852
|player|p1|KingBowser|40
|player|p2|teamtest239852|66
|gametype|singles
|gen|6
|tier|UU
|rated
|rule|Sleep Clause Mod: Limit one foe put to sleep
|rule|Species Clause: Limit one of each Pokémon
|rule|OHKO Clause: OHKO moves are banned
|rule|Moody Clause: Moody is banned
|rule|Evasion Moves Clause: Evasion moves are banned
|rule|Endless Battle Clause: Forcing endless battles is banned
|rule|HP Percentage Mod: HP is shown in percentages
|clearpoke
|poke|p1|Starmie, shiny
|poke|p1|Jirachi, shiny
|poke|p1|Roserade, M
|poke|p1|Snorlax, F, shiny
|poke|p1|Vaporeon, F, shiny
|poke|p1|Zygarde
|poke|p2|Scrafty, M, shiny
|poke|p2|Arcanine, F, shiny
|poke|p2|Florges, F, shiny
|poke|p2|Bronzong
|poke|p2|Nidoking, M
|poke|p2|Trevenant, M
|rule|Swagger Clause: Swagger is banned
|rule|Baton Pass Clause: Limit one Pokémon knowing Baton Pass
|teampreview
|
|start
|switch|p1a: Vaporeon|Vaporeon, F, shiny|464\/464
|switch|p2a: Midna|Arcanine, F, shiny|321\/321
|-ability|p2a: Midna|Intimidate|[of] p1a: Vaporeon
|-unboost|p1a: Vaporeon|atk|1
|turn|1
|
|switch|p2a: Great Deku|Trevenant, M|373\/373
|move|p1a: Vaporeon|Ice Beam|p2a: Great Deku
|-supereffective|p2a: Great Deku
|-damage|p2a: Great Deku|257\/373
|
|turn|2
|
|switch|p1a: Jirachi|Jirachi, shiny|404\/404
|move|p2a: Great Deku|Will-O-Wisp|p1a: Jirachi
|-status|p1a: Jirachi|brn
|
|-damage|p1a: Jirachi|354\/404 brn|[from] brn
|turn|3
|
|switch|p1a: Zygarde|Zygarde|407\/407
|-ability|p1a: Zygarde|Aura Break
|switch|p2a: Bronzong|Bronzong|338\/338
|
|turn|4
|
|move|p1a: Zygarde|Substitute|p1a: Zygarde
|-start|p1a: Zygarde|Substitute
|-damage|p1a: Zygarde|306\/407
|move|p2a: Bronzong|Reflect|p2a: Bronzong
|-sidestart|p2: teamtest239852|Reflect
|
|-heal|p1a: Zygarde|331\/407|[from] item: Leftovers
|turn|5
|
|switch|p2a: Great Fairy|Florges, F, shiny|359\/359
|move|p1a: Zygarde|Coil|p1a: Zygarde
|-boost|p1a: Zygarde|atk|1
|-boost|p1a: Zygarde|def|1
|-boost|p1a: Zygarde|accuracy|1
|
|-heal|p1a: Zygarde|356\/407|[from] item: Leftovers
|turn|6
|
|move|p1a: Zygarde|Earthquake|p2a: Great Fairy
|-damage|p2a: Great Fairy|232\/359
|move|p2a: Great Fairy|Moonblast|p1a: Zygarde
|-supereffective|p1a: Zygarde
|-end|p1a: Zygarde|Substitute
|
|-heal|p1a: Zygarde|381\/407|[from] item: Leftovers
|-heal|p2a: Great Fairy|254\/359|[from] item: Leftovers
|turn|7
|
|move|p1a: Zygarde|Substitute|p1a: Zygarde
|-start|p1a: Zygarde|Substitute
|-damage|p1a: Zygarde|280\/407
|move|p2a: Great Fairy|Wish|p2a: Great Fairy
|
|-heal|p1a: Zygarde|305\/407|[from] item: Leftovers
|-heal|p2a: Great Fairy|276\/359|[from] item: Leftovers
|turn|8
|
|move|p1a: Zygarde|Earthquake|p2a: Great Fairy
|-damage|p2a: Great Fairy|161\/359
|move|p2a: Great Fairy|Moonblast|p1a: Zygarde
|-supereffective|p1a: Zygarde
|-end|p1a: Zygarde|Substitute
|
|-heal|p2a: Great Fairy|340\/359|[from] move: Wish|[wisher] Great Fairy
|-heal|p1a: Zygarde|330\/407|[from] item: Leftovers
|-heal|p2a: Great Fairy|359\/359|[from] item: Leftovers
|turn|9
|
|switch|p1a: Roserade|Roserade, M|262\/262
|move|p2a: Great Fairy|Moonblast|p1a: Roserade
|-resisted|p1a: Roserade
|-damage|p1a: Roserade|204\/262
|-unboost|p1a: Roserade|spa|1
|
|turn|10
|
|switch|p2a: Midna|Arcanine, F, shiny|321\/321
|-ability|p2a: Midna|Intimidate|[of] p1a: Roserade
|-unboost|p1a: Roserade|atk|1
|move|p1a: Roserade|Sludge Bomb|p2a: Midna
|-damage|p2a: Midna|165\/321
|-damage|p1a: Roserade|178\/262|[from] item: Life Orb
|
|turn|11
|
|switch|p1a: Vaporeon|Vaporeon, F, shiny|464\/464
|move|p2a: Midna|Crunch|p1a: Vaporeon
|-damage|p1a: Vaporeon|318\/464
|-unboost|p1a: Vaporeon|def|1
|
|-heal|p1a: Vaporeon|347\/464|[from] item: Leftovers
|-sideend|p2: teamtest239852|Reflect
|turn|12
|
|switch|p2a: Bronzong|Bronzong|338\/338
|switch|p1a: Zygarde|Zygarde|330\/407
|-ability|p1a: Zygarde|Aura Break
|
|-heal|p1a: Zygarde|355\/407|[from] item: Leftovers
|turn|13
|
|move|p1a: Zygarde|Coil|p1a: Zygarde
|-boost|p1a: Zygarde|atk|1
|-boost|p1a: Zygarde|def|1
|-boost|p1a: Zygarde|accuracy|1
|move|p2a: Bronzong|Reflect|p2a: Bronzong
|-sidestart|p2: teamtest239852|Reflect
|
|-heal|p1a: Zygarde|380\/407|[from] item: Leftovers
|turn|14
|
|switch|p2a: Great Fairy|Florges, F, shiny|359\/359
|move|p1a: Zygarde|Earthquake|p2a: Great Fairy
|-damage|p2a: Great Fairy|237\/359
|
|-heal|p1a: Zygarde|405\/407|[from] item: Leftovers
|-heal|p2a: Great Fairy|259\/359|[from] item: Leftovers
|turn|15
|
|switch|p1a: Roserade|Roserade, M|178\/262
|move|p2a: Great Fairy|Moonblast|p1a: Roserade
|-resisted|p1a: Roserade
|-damage|p1a: Roserade|118\/262
|
|-heal|p2a: Great Fairy|281\/359|[from] item: Leftovers
|turn|16
|
|switch|p2a: Bronzong|Bronzong|338\/338
|move|p1a: Roserade|Extrasensory|p2a: Bronzong
|-resisted|p2a: Bronzong
|-damage|p2a: Bronzong|312\/338
|-damage|p1a: Roserade|92\/262|[from] item: Life Orb
|
|turn|17
|
|move|p1a: Roserade|Hidden Power|p2a: Bronzong
|-supereffective|p2a: Bronzong
|-damage|p2a: Bronzong|161\/338
|-damage|p1a: Roserade|66\/262|[from] item: Life Orb
|move|p2a: Bronzong|Gyro Ball|p1a: Roserade
|-damage|p1a: Roserade|0 fnt
|faint|p1a: Roserade
|
|
|switch|p1a: Starmie|Starmie, shiny|324\/324
|turn|18
|
|switch|p2a: Great Deku|Trevenant, M|257\/373
|move|p1a: Starmie|Psyshock|p2a: Great Deku
|-damage|p2a: Great Deku|139\/373
|
|turn|19
|
|switch|p2a: Great Fairy|Florges, F, shiny|281\/359
|move|p1a: Starmie|Psyshock|p2a: Great Fairy
|-damage|p2a: Great Fairy|140\/359
|
|-heal|p2a: Great Fairy|162\/359|[from] item: Leftovers
|turn|20
|
|move|p1a: Starmie|Psyshock|p2a: Great Fairy
|-damage|p2a: Great Fairy|39\/359
|move|p2a: Great Fairy|Wish|p2a: Great Fairy
|
|-heal|p2a: Great Fairy|61\/359|[from] item: Leftovers
|-sideend|p2: teamtest239852|Reflect
|turn|21
|
|move|p2a: Great Fairy|Protect|p2a: Great Fairy
|-singleturn|p2a: Great Fairy|Protect
|move|p1a: Starmie|Psyshock|p2a: Great Fairy
|-activate|p2a: Great Fairy|Protect
|
|-heal|p2a: Great Fairy|240\/359|[from] move: Wish|[wisher] Great Fairy
|-heal|p2a: Great Fairy|262\/359|[from] item: Leftovers
|turn|22
|
|switch|p1a: Snorlax|Snorlax, F, shiny|524\/524
|move|p2a: Great Fairy|Wish|p2a: Great Fairy
|
|-heal|p2a: Great Fairy|284\/359|[from] item: Leftovers
|turn|23
|
|switch|p2a: Bronzong|Bronzong|161\/338
|switch|p1a: Zygarde|Zygarde|405\/407
|-ability|p1a: Zygarde|Aura Break
|
|-heal|p2a: Bronzong|338\/338|[from] move: Wish|[wisher] Great Fairy
|-heal|p1a: Zygarde|407\/407|[from] item: Leftovers
|turn|24
|
|move|p1a: Zygarde|Coil|p1a: Zygarde
|-boost|p1a: Zygarde|atk|1
|-boost|p1a: Zygarde|def|1
|-boost|p1a: Zygarde|accuracy|1
|move|p2a: Bronzong|Reflect|p2a: Bronzong
|-sidestart|p2: teamtest239852|Reflect
|
|turn|25
|
|switch|p2a: Great Fairy|Florges, F, shiny|284\/359
|move|p1a: Zygarde|Dragon Tail|p2a: Great Fairy
|-immune|p2a: Great Fairy|[msg]
|
|-heal|p2a: Great Fairy|306\/359|[from] item: Leftovers
|turn|26
|
|switch|p1a: Jirachi|Jirachi, shiny|354\/404 brn
|move|p2a: Great Fairy|Moonblast|p1a: Jirachi
|-resisted|p1a: Jirachi
|-damage|p1a: Jirachi|288\/404 brn
|
|-heal|p1a: Jirachi|313\/404 brn|[from] item: Leftovers
|-heal|p2a: Great Fairy|328\/359|[from] item: Leftovers
|-damage|p1a: Jirachi|263\/404 brn|[from] brn
|turn|27
|
|switch|p1a: Starmie|Starmie, shiny|324\/324
|move|p2a: Great Fairy|Wish|p2a: Great Fairy
|
|-heal|p2a: Great Fairy|350\/359|[from] item: Leftovers
|turn|28
|
|move|p1a: Starmie|Psyshock|p2a: Great Fairy
|-damage|p2a: Great Fairy|211\/359
|move|p2a: Great Fairy|Moonblast|p1a: Starmie
|-damage|p1a: Starmie|186\/324
|
|-heal|p2a: Great Fairy|359\/359|[from] move: Wish|[wisher] Great Fairy
|-heal|p1a: Starmie|206\/324|[from] item: Leftovers
|turn|29
|
|move|p1a: Starmie|Scald|p2a: Great Fairy
|-damage|p2a: Great Fairy|310\/359
|move|p2a: Great Fairy|Moonblast|p1a: Starmie
|-damage|p1a: Starmie|74\/324
|
|-heal|p1a: Starmie|94\/324|[from] item: Leftovers
|-heal|p2a: Great Fairy|332\/359|[from] item: Leftovers
|turn|30
|
|move|p1a: Starmie|Recover|p1a: Starmie
|-heal|p1a: Starmie|256\/324
|move|p2a: Great Fairy|Moonblast|p1a: Starmie
|-damage|p1a: Starmie|118\/324
|
|-heal|p1a: Starmie|138\/324|[from] item: Leftovers
|-heal|p2a: Great Fairy|354\/359|[from] item: Leftovers
|turn|31
|
|move|p1a: Starmie|Recover|p1a: Starmie
|-heal|p1a: Starmie|300\/324
|move|p2a: Great Fairy|Toxic|p1a: Starmie
|-status|p1a: Starmie|tox
|
|-heal|p1a: Starmie|320\/324 tox|[from] item: Leftovers
|-heal|p2a: Great Fairy|359\/359|[from] item: Leftovers
|-damage|p1a: Starmie|300\/324 tox|[from] psn
|-sideend|p2: teamtest239852|Reflect
|turn|32
|
|switch|p1a: Snorlax|Snorlax, F, shiny|524\/524
|move|p2a: Great Fairy|Protect|p2a: Great Fairy
|-fail|p2a: Great Fairy
|
|turn|33
|
|switch|p2a: Link|Scrafty, M, shiny|271\/271
|move|p1a: Snorlax|Curse|p1a: Snorlax
|-boost|p1a: Snorlax|atk|1
|-boost|p1a: Snorlax|def|1
|-unboost|p1a: Snorlax|spe|1
|
|turn|34
|
|move|p2a: Link|Dragon Dance|p2a: Link
|-boost|p2a: Link|atk|1
|-boost|p2a: Link|spe|1
|move|p1a: Snorlax|Body Slam|p2a: Link
|-damage|p2a: Link|132\/271
|-status|p2a: Link|par
|
|turn|35
|
|cant|p2a: Link|par
|move|p1a: Snorlax|Body Slam|p2a: Link
|-damage|p2a: Link|0 fnt
|faint|p2a: Link
|
|
|switch|p2a: Midna|Arcanine, F, shiny|165\/321
|-ability|p2a: Midna|Intimidate|[of] p1a: Snorlax
|-unboost|p1a: Snorlax|atk|1
|turn|36
|
|switch|p1a: Starmie|Starmie, shiny|300\/324
|move|p2a: Midna|Close Combat|p1a: Starmie
|-resisted|p1a: Starmie
|-damage|p1a: Starmie|182\/324
|-unboost|p2a: Midna|def|1
|-unboost|p2a: Midna|spd|1
|
|-heal|p1a: Starmie|202\/324|[from] item: Leftovers
|turn|37
|
|switch|p2a: Bronzong|Bronzong|338\/338
|move|p1a: Starmie|Recover|p1a: Starmie
|-heal|p1a: Starmie|324\/324
|
|turn|38
|
|move|p1a: Starmie|Scald|p2a: Bronzong
|-damage|p2a: Bronzong|256\/338
|move|p2a: Bronzong|Light Screen|p2a: Bronzong
|-sidestart|p2: teamtest239852|move: Light Screen
|
|turn|39
|
|move|p1a: Starmie|Scald|p2a: Bronzong
|-damage|p2a: Bronzong|211\/338
|move|p2a: Bronzong|Reflect|p2a: Bronzong
|-sidestart|p2: teamtest239852|Reflect
|
|turn|40
|
|switch|p2a: Great Deku|Trevenant, M|139\/373
|move|p1a: Starmie|Psyshock|p2a: Great Deku
|-damage|p2a: Great Deku|80\/373
|
|turn|41
|
|move|p1a: Starmie|Psyshock|p2a: Great Deku
|-damage|p2a: Great Deku|26\/373
|move|p2a: Great Deku|Rest|p2a: Great Deku
|-status|p2a: Great Deku|slp
|-heal|p2a: Great Deku|373\/373 slp|[silent]
|-status|p2a: Great Deku|slp|[from] move: Rest
|-enditem|p2a: Great Deku|Lum Berry|[eat]
|-curestatus|p2a: Great Deku|slp
|
|-item|p2a: Great Deku|Lum Berry|[from] ability: Harvest
|turn|42
|
|switch|p1a: Jirachi|Jirachi, shiny|263\/404 brn
|move|p2a: Great Deku|Leech Seed|p1a: Jirachi
|-start|p1a: Jirachi|move: Leech Seed
|
|-heal|p1a: Jirachi|288\/404 brn|[from] item: Leftovers
|-damage|p1a: Jirachi|238\/404 brn|[from] Leech Seed|[of] p2a: Great Deku
|-damage|p1a: Jirachi|188\/404 brn|[from] brn
|turn|43
|
|switch|p1a: Snorlax|Snorlax, F, shiny|524\/524
|move|p2a: Great Deku|Will-O-Wisp|p1a: Snorlax
|-status|p1a: Snorlax|brn
|
|-damage|p1a: Snorlax|459\/524 brn|[from] brn
|turn|44
|
|move|p2a: Great Deku|Leech Seed|p1a: Snorlax
|-start|p1a: Snorlax|move: Leech Seed
|move|p1a: Snorlax|Curse|p1a: Snorlax
|-boost|p1a: Snorlax|atk|1
|-boost|p1a: Snorlax|def|1
|-unboost|p1a: Snorlax|spe|1
|
|-heal|p1a: Snorlax|491\/524 brn|[from] item: Leftovers
|-damage|p1a: Snorlax|426\/524 brn|[from] Leech Seed|[of] p2a: Great Deku
|-damage|p1a: Snorlax|361\/524 brn|[from] brn
|turn|45
|
|move|p2a: Great Deku|Horn Leech|p1a: Snorlax
|-damage|p1a: Snorlax|268\/524 brn
|move|p1a: Snorlax|Curse|p1a: Snorlax
|-boost|p1a: Snorlax|atk|1
|-boost|p1a: Snorlax|def|1
|-unboost|p1a: Snorlax|spe|1
|
|-heal|p1a: Snorlax|300\/524 brn|[from] item: Leftovers
|-damage|p1a: Snorlax|235\/524 brn|[from] Leech Seed|[of] p2a: Great Deku
|-damage|p1a: Snorlax|170\/524 brn|[from] brn
|-sideend|p2: teamtest239852|move: Light Screen
|turn|46
|
|switch|p2a: Midna|Arcanine, F, shiny|165\/321
|-ability|p2a: Midna|Intimidate|[of] p1a: Snorlax
|-unboost|p1a: Snorlax|atk|1
|move|p1a: Snorlax|Rest|p1a: Snorlax
|-status|p1a: Snorlax|slp
|-heal|p1a: Snorlax|524\/524 slp|[silent]
|-status|p1a: Snorlax|slp|[from] move: Rest
|
|-damage|p1a: Snorlax|459\/524 slp|[from] Leech Seed|[of] p2a: Midna
|-heal|p2a: Midna|230\/321|[silent]
|-sideend|p2: teamtest239852|Reflect
|turn|47
|
|switch|p1a: Vaporeon|Vaporeon, F, shiny|347\/464
|move|p2a: Midna|Crunch|p1a: Vaporeon
|-damage|p1a: Vaporeon|212\/464
|
|-heal|p1a: Vaporeon|241\/464|[from] item: Leftovers
|turn|48
|
|switch|p2a: Great Deku|Trevenant, M|373\/373
|move|p1a: Vaporeon|Scald|p2a: Great Deku
|-resisted|p2a: Great Deku
|-damage|p2a: Great Deku|331\/373
|-status|p2a: Great Deku|brn
|-enditem|p2a: Great Deku|Lum Berry|[eat]
|-curestatus|p2a: Great Deku|brn
|
|-heal|p1a: Vaporeon|270\/464|[from] item: Leftovers
|turn|49
|
|move|p1a: Vaporeon|Protect|p1a: Vaporeon
|-singleturn|p1a: Vaporeon|Protect
|move|p2a: Great Deku|Leech Seed|p1a: Vaporeon
|-activate|p1a: Vaporeon|Protect
|
|-heal|p1a: Vaporeon|299\/464|[from] item: Leftovers
|turn|50
|
|switch|p1a: Snorlax|Snorlax, F, shiny|459\/524 slp
|move|p2a: Great Deku|Leech Seed|p1a: Snorlax
|-start|p1a: Snorlax|move: Leech Seed
|
|-heal|p1a: Snorlax|491\/524 slp|[from] item: Leftovers
|-damage|p1a: Snorlax|426\/524 slp|[from] Leech Seed|[of] p2a: Great Deku
|-heal|p2a: Great Deku|373\/373|[silent]
|-item|p2a: Great Deku|Lum Berry|[from] ability: Harvest
|turn|51
|
|switch|p1a: Zygarde|Zygarde|407\/407
|-ability|p1a: Zygarde|Aura Break
|move|p2a: Great Deku|Horn Leech|p1a: Zygarde
|-damage|p1a: Zygarde|322\/407
|
|-heal|p1a: Zygarde|347\/407|[from] item: Leftovers
|turn|52
|
|switch|p2a: Midna|Arcanine, F, shiny|230\/321
|-ability|p2a: Midna|Intimidate|[of] p1a: Zygarde
|-unboost|p1a: Zygarde|atk|1
|move|p1a: Zygarde|Substitute|p1a: Zygarde
|-start|p1a: Zygarde|Substitute
|-damage|p1a: Zygarde|246\/407
|
|-heal|p1a: Zygarde|271\/407|[from] item: Leftovers
|turn|53
|
|switch|p2a: Bronzong|Bronzong|211\/338
|move|p1a: Zygarde|Dragon Tail|p2a: Bronzong
|-resisted|p2a: Bronzong
|-damage|p2a: Bronzong|194\/338
|drag|p2a: Gannon|Nidoking, M|304\/304
|
|-heal|p1a: Zygarde|296\/407|[from] item: Leftovers
|turn|54
|
|move|p2a: Gannon|Ice Beam|p1a: Zygarde
|-supereffective|p1a: Zygarde
|-end|p1a: Zygarde|Substitute
|move|p1a: Zygarde|Earthquake|p2a: Gannon
|-supereffective|p2a: Gannon
|-damage|p2a: Gannon|94\/304
|
|-heal|p1a: Zygarde|321\/407|[from] item: Leftovers
|turn|55
|
|switch|p1a: Snorlax|Snorlax, F, shiny|426\/524 slp
|move|p2a: Gannon|Ice Beam|p1a: Snorlax
|-damage|p1a: Snorlax|389\/524 slp
|
|-heal|p1a: Snorlax|421\/524 slp|[from] item: Leftovers
|turn|56
|
|move|p2a: Gannon|Ice Beam|p1a: Snorlax
|-damage|p1a: Snorlax|384\/524 slp
|cant|p1a: Snorlax|slp
|
|-heal|p1a: Snorlax|416\/524 slp|[from] item: Leftovers
|turn|57
|
|switch|p2a: Midna|Arcanine, F, shiny|230\/321
|-ability|p2a: Midna|Intimidate|[of] p1a: Snorlax
|-unboost|p1a: Snorlax|atk|1
|switch|p1a: Starmie|Starmie, shiny|324\/324
|
|turn|58
|
|move|p1a: Starmie|Scald|p2a: Midna
|-supereffective|p2a: Midna
|-damage|p2a: Midna|0 fnt
|faint|p2a: Midna
|
|
|switch|p2a: Gannon|Nidoking, M|94\/304
|turn|59
|
|move|p2a: Gannon|Thunderbolt|p1a: Starmie
|-supereffective|p1a: Starmie
|-damage|p1a: Starmie|106\/324
|move|p1a: Starmie|Psyshock|p2a: Gannon
|-supereffective|p2a: Gannon
|-damage|p2a: Gannon|0 fnt
|faint|p2a: Gannon
|
|-heal|p1a: Starmie|126\/324|[from] item: Leftovers
|-message|teamtest239852 forfeited.
|
|win|KingBowser
|raw|Ladder updating...
|raw|KingBowser's rating: 1366 &rarr; <strong>1387<\/strong><br \/>(+21 for winning)
|raw|teamtest239852's rating: 1381 &rarr; <strong>1360<\/strong><br \/>(-21 for losing)
|c|★teamtest239852|gg