|join|teamtest239852
|join|sbb wont get gud
|join|SmashBrosBrawl
|player|p1|teamtest239852|15
|player|p2|sbb wont get gud|171
|gametype|singles
|gen|6
|tier|UU
|rated
|rule|Sleep Clause Mod: Limit one foe put to sleep
|rule|Species Clause: Limit one of each Pokémon
|rule|OHKO Clause: OHKO moves are banned
|rule|Moody Clause: Moody is banned
|rule|Evasion Moves Clause: Evasion moves are banned
|rule|Endless Battle Clause: Forcing endless battles is banned
|rule|HP Percentage Mod: HP is shown in percentages
|clearpoke
|poke|p1|Slowking, F
|poke|p1|Amoonguss, M
|poke|p1|Florges, F
|poke|p1|Absol, M
|poke|p1|Crobat, M
|poke|p1|Flygon, F
|poke|p2|Mienshao, M
|poke|p2|Empoleon, M
|poke|p2|Pidgeot, M
|poke|p2|Krookodile, M
|poke|p2|Florges, F
|poke|p2|Zygarde
|rule|Swagger Clause: Swagger is banned
|rule|Baton Pass Clause: Limit one Pokémon knowing Baton Pass
|teampreview
|c|+SmashBrosBrawl|he has amoonking
|c|+SmashBrosBrawl|ure fucked
|c|+SmashBrosBrawl|in many ways
|
|start
|switch|p1a: Florges|Florges, F|360\/360
|switch|p2a: Krookodile|Krookodile, M|331\/331
|-ability|p2a: Krookodile|Intimidate|[of] p1a: Florges
|-unboost|p1a: Florges|atk|1
|turn|1
|
|switch|p2a: Empoleon|Empoleon, M|361\/361
|move|p1a: Florges|Moonblast|p2a: Empoleon
|-resisted|p2a: Empoleon
|-damage|p2a: Empoleon|301\/361
|
|-heal|p2a: Empoleon|323\/361|[from] item: Leftovers
|turn|2
|
|switch|p1a: Amoonguss|Amoonguss, M|432\/432
|move|p2a: Empoleon|Stealth Rock|p1a: Amoonguss
|-sidestart|p1: teamtest239852|move: Stealth Rock
|
|-heal|p2a: Empoleon|345\/361|[from] item: Leftovers
|turn|3
|
|move|p2a: Empoleon|Flash Cannon|p1a: Amoonguss
|-damage|p1a: Amoonguss|272\/432
|move|p1a: Amoonguss|Spore|p2a: Empoleon
|-status|p2a: Empoleon|slp
|
|-heal|p2a: Empoleon|361\/361 slp|[from] item: Leftovers
|-heal|p1a: Amoonguss|299\/432|[from] item: Black Sludge
|turn|4
|join|Gimilion
|
|switch|p2a: Pidgeot|Pidgeot, M|307\/307
|switch|p1a: Slowking|Slowking, F|393\/393
|-damage|p1a: Slowking|344\/393|[from] Stealth Rock
|
|turn|5
|join|RaizenFury
|
|switch|p2a: Empoleon|Empoleon, M|361\/361 slp
|move|p1a: Slowking|Scald|p2a: Empoleon
|-resisted|p2a: Empoleon
|-damage|p2a: Empoleon|302\/361 slp
|
|-heal|p2a: Empoleon|324\/361 slp|[from] item: Leftovers
|turn|6
|join|2z
|join|SpiggleWopper
|
|cant|p2a: Empoleon|slp
|move|p1a: Slowking|Scald|p2a: Empoleon
|-resisted|p2a: Empoleon
|-damage|p2a: Empoleon|268\/361 slp
|
|-heal|p2a: Empoleon|290\/361 slp|[from] item: Leftovers
|turn|7
|
|-curestatus|p2a: Empoleon|slp
|move|p2a: Empoleon|Grass Knot|p1a: Slowking
|-supereffective|p1a: Slowking
|-damage|p1a: Slowking|234\/393
|move|p1a: Slowking|Scald|p2a: Empoleon
|-resisted|p2a: Empoleon
|-damage|p2a: Empoleon|236\/361
|
|-heal|p2a: Empoleon|258\/361|[from] item: Leftovers
|turn|8
|leave|RaizenFury
|
|switch|p1a: Florges|Florges, F|360\/360
|-damage|p1a: Florges|315\/360|[from] Stealth Rock
|move|p2a: Empoleon|Flash Cannon|p1a: Florges
|-supereffective|p1a: Florges
|-damage|p1a: Florges|147\/360
|
|-heal|p1a: Florges|169\/360|[from] item: Leftovers
|-heal|p2a: Empoleon|280\/361|[from] item: Leftovers
|turn|9
|
|move|p1a: Florges|Protect|p1a: Florges
|-singleturn|p1a: Florges|Protect
|move|p2a: Empoleon|Flash Cannon|p1a: Florges
|-activate|p1a: Florges|Protect
|
|-heal|p1a: Florges|191\/360|[from] item: Leftovers
|-heal|p2a: Empoleon|302\/361|[from] item: Leftovers
|turn|10
|
|move|p1a: Florges|Wish|p1a: Florges
|move|p2a: Empoleon|Flash Cannon|p1a: Florges
|-supereffective|p1a: Florges
|-damage|p1a: Florges|5\/360
|
|-heal|p1a: Florges|27\/360|[from] item: Leftovers
|-heal|p2a: Empoleon|324\/361|[from] item: Leftovers
|turn|11
|
|switch|p2a: Florges|Florges, F|357\/357
|move|p1a: Florges|Protect|p1a: Florges
|-fail|p1a: Florges
|
|-heal|p1a: Florges|207\/360|[from] move: Wish|[wisher] Florges
|-heal|p1a: Florges|229\/360|[from] item: Leftovers
|turn|12
|
|move|p2a: Florges|Calm Mind|p2a: Florges
|-boost|p2a: Florges|spa|1
|-boost|p2a: Florges|spd|1
|move|p1a: Florges|Wish|p1a: Florges
|
|-heal|p1a: Florges|251\/360|[from] item: Leftovers
|turn|13
|
|switch|p2a: Pidgeot|Pidgeot, M|307\/307
|switch|p1a: Amoonguss|Amoonguss, M|432\/432
|-damage|p1a: Amoonguss|378\/432|[from] Stealth Rock
|
|-heal|p1a: Amoonguss|432\/432|[from] move: Wish|[wisher] Florges
|turn|14
|
|switch|p2a: Krookodile|Krookodile, M|331\/331
|-ability|p2a: Krookodile|Intimidate|[of] p1a: Amoonguss
|-unboost|p1a: Amoonguss|atk|1
|switch|p1a: Slowking|Slowking, F|365\/393
|-damage|p1a: Slowking|316\/393|[from] Stealth Rock
|
|turn|15
|
|move|p2a: Krookodile|Knock Off|p1a: Slowking
|-supereffective|p1a: Slowking
|-damage|p1a: Slowking|0 fnt
|-enditem|p1a: Slowking|Assault Vest|[from] move: Knock Off|[of] p2a: Krookodile
|faint|p1a: Slowking
|
|c|+SmashBrosBrawl|idk which one of u i hate more rn
|
|switch|p1a: Absol|Absol, M|271\/271
|-damage|p1a: Absol|238\/271|[from] Stealth Rock
|turn|16
|
|detailschange|p1a: Absol|Absol-Mega, M
|-mega|p1a: Absol|Absol|Absolite
|move|p2a: Krookodile|Earthquake|p1a: Absol
|-damage|p1a: Absol|3\/271
|move|p1a: Absol|Knock Off|p2a: Krookodile
|-resisted|p2a: Krookodile
|-damage|p2a: Krookodile|220\/331
|-enditem|p2a: Krookodile|Dread Plate|[from] move: Knock Off|[of] p1a: Absol
|
|turn|17
|
|switch|p2a: Florges|Florges, F|357\/357
|move|p1a: Absol|Play Rough|p2a: Florges
|-damage|p2a: Florges|245\/357
|
|-heal|p2a: Florges|267\/357|[from] item: Leftovers
|turn|18
|
|move|p1a: Absol|Knock Off|p2a: Florges
|-resisted|p2a: Florges
|-damage|p2a: Florges|184\/357
|-enditem|p2a: Florges|Leftovers|[from] move: Knock Off|[of] p1a: Absol
|move|p2a: Florges|Synthesis|p2a: Florges
|-heal|p2a: Florges|357\/357
|
|turn|19
|
|switch|p1a: Amoonguss|Amoonguss, M|432\/432
|-damage|p1a: Amoonguss|378\/432|[from] Stealth Rock
|move|p2a: Florges|Moonblast|p1a: Amoonguss
|-resisted|p1a: Amoonguss
|-damage|p1a: Amoonguss|315\/432
|
|-heal|p1a: Amoonguss|342\/432|[from] item: Black Sludge
|turn|20
|
|switch|p2a: Empoleon|Empoleon, M|324\/361
|move|p1a: Amoonguss|Spore|p2a: Empoleon
|-status|p2a: Empoleon|slp
|
|-heal|p2a: Empoleon|346\/361 slp|[from] item: Leftovers
|-heal|p1a: Amoonguss|369\/432|[from] item: Black Sludge
|turn|21
|
|switch|p2a: Pidgeot|Pidgeot, M|307\/307
|switch|p1a: Florges|Florges, F|251\/360
|-damage|p1a: Florges|206\/360|[from] Stealth Rock
|
|-heal|p1a: Florges|228\/360|[from] item: Leftovers
|turn|22
|
|detailschange|p2a: Pidgeot|Pidgeot-Mega, M
|-mega|p2a: Pidgeot|Pidgeot|Pidgeotite
|move|p2a: Pidgeot|Hurricane|p1a: Florges
|-crit|p1a: Florges
|-damage|p1a: Florges|48\/360
|move|p1a: Florges|Wish|p1a: Florges
|
|-heal|p1a: Florges|70\/360|[from] item: Leftovers
|turn|23
|
|switch|p2a: Florges|Florges, F|357\/357
|move|p1a: Florges|Protect|p1a: Florges
|-fail|p1a: Florges
|
|-heal|p1a: Florges|250\/360|[from] move: Wish|[wisher] Florges
|-heal|p1a: Florges|272\/360|[from] item: Leftovers
|turn|24
|
|switch|p2a: Krookodile|Krookodile, M|220\/331
|-ability|p2a: Krookodile|Intimidate|[of] p1a: Florges
|-unboost|p1a: Florges|atk|1
|switch|p1a: Crobat|Crobat, M|373\/373
|-damage|p1a: Crobat|280\/373|[from] Stealth Rock
|
|-heal|p1a: Crobat|303\/373|[from] item: Black Sludge
|turn|25
|
|move|p1a: Crobat|Defog|p2a: Krookodile
|-unboost|p2a: Krookodile|evasion|1
|-sideend|p1: teamtest239852|Stealth Rock|[from] move: Defog|[of] p1a: Crobat
|move|p2a: Krookodile|Knock Off|p1a: Crobat
|-damage|p1a: Crobat|122\/373
|-enditem|p1a: Crobat|Black Sludge|[from] move: Knock Off|[of] p2a: Krookodile
|
|turn|26
|
|move|p1a: Crobat|Roost|p1a: Crobat
|-heal|p1a: Crobat|309\/373
|move|p2a: Krookodile|Earthquake|p1a: Crobat
|-supereffective|p1a: Crobat
|-damage|p1a: Crobat|0 fnt
|faint|p1a: Crobat
|
|
|switch|p1a: Flygon|Flygon, F|301\/301
|turn|27
|join|THE_iTodd
|c| THE_iTodd|hi
|
|move|p1a: Flygon|U-turn|p2a: Krookodile
|-supereffective|p2a: Krookodile
|-damage|p2a: Krookodile|42\/331
|c| THE_iTodd|sbb
|c| THE_iTodd|will you get gud?
|c|+SmashBrosBrawl|yes
|c| THE_iTodd|oh
|c|+SmashBrosBrawl|cant you see the ranking
|c| THE_iTodd|thats awkward
|
|move|p2a: Krookodile|Pursuit|p1a: Flygon|[from]Pursuit
|-damage|p1a: Flygon|132\/301
|switch|p1a: Amoonguss|Amoonguss, M|432\/432
|
|turn|28
|c|+SmashBrosBrawl|hello
|c| THE_iTodd|fukn 18-0
|
|move|p2a: Krookodile|Knock Off|p1a: Amoonguss
|-damage|p1a: Amoonguss|282\/432
|-enditem|p1a: Amoonguss|Black Sludge|[from] move: Knock Off|[of] p2a: Krookodile
|move|p1a: Amoonguss|Giga Drain|p2a: Krookodile
|-supereffective|p2a: Krookodile
|-damage|p2a: Krookodile|0 fnt
|-heal|p1a: Amoonguss|303\/432|[from] drain|[of] p2a: Krookodile
|faint|p2a: Krookodile
|
|c| THE_iTodd|ez
|c| THE_iTodd|pz
|c| THE_iTodd|lemon
|c| THE_iTodd|squeezy
|
|switch|p2a: Zygarde|Zygarde|357\/357
|-ability|p2a: Zygarde|Aura Break
|turn|29
|
|move|p2a: Zygarde|Dragon Dance|p2a: Zygarde
|-boost|p2a: Zygarde|atk|1
|-boost|p2a: Zygarde|spe|1
|move|p1a: Amoonguss|Foul Play|p2a: Zygarde
|-damage|p2a: Zygarde|218\/357
|
|turn|30
|c|+SmashBrosBrawl|kek
|
|move|p2a: Zygarde|Earthquake|p1a: Amoonguss
|-damage|p1a: Amoonguss|0 fnt
|-damage|p2a: Zygarde|183\/357|[from] item: Life Orb
|faint|p1a: Amoonguss
|
|
|switch|p1a: Flygon|Flygon, F|132\/301
|turn|31
|
|move|p2a: Zygarde|Extreme Speed|p1a: Flygon
|-damage|p1a: Flygon|0 fnt
|-damage|p2a: Zygarde|148\/357|[from] item: Life Orb
|faint|p1a: Flygon
|
|
|switch|p1a: Florges|Florges, F|272\/360
|turn|32
|
|move|p2a: Zygarde|Earthquake|p1a: Florges
|-damage|p1a: Florges|0 fnt
|-damage|p2a: Zygarde|113\/357|[from] item: Life Orb
|faint|p1a: Florges
|
|c|+SmashBrosBrawl|sik
|c|★teamtest239852|gg
|leave|SmashBrosBrawl
|c|★sbb wont get gud|gg
|
|switch|p1a: Absol|Absol-Mega, M|3\/271
|turn|33
|
|move|p2a: Zygarde|Extreme Speed|p1a: Absol
|-damage|p1a: Absol|0 fnt
|-damage|p2a: Zygarde|78\/357|[from] item: Life Orb
|faint|p1a: Absol
|
|win|sbb wont get gud
|raw|Ladder updating...
|raw|teamtest239852's rating: 1410 &rarr; <strong>1390<\/strong><br \/>(-20 for losing)
|raw|sbb wont get gud's rating: 1413 &rarr; <strong>1433<\/strong><br \/>(+20 for winning)
|leave|sbb wont get gud
|leave|THE_iTodd
|player|p2
|leave|teamtest239852
|leave|2z
|player|p1
|leave|SpiggleWopper
|leave|Gimilion
|join|sbb wont get gud
|join|THE_iTodd