|join|teamtest239852
|join|Kyle Crocodyle
|player|p1|teamtest239852|66
|player|p2|Kyle Crocodyle|92
|gametype|singles
|gen|6
|tier|UU
|rated
|rule|Sleep Clause Mod: Limit one foe put to sleep
|rule|Species Clause: Limit one of each Pokémon
|rule|OHKO Clause: OHKO moves are banned
|rule|Moody Clause: Moody is banned
|rule|Evasion Moves Clause: Evasion moves are banned
|rule|Endless Battle Clause: Forcing endless battles is banned
|rule|HP Percentage Mod: HP is shown in percentages
|clearpoke
|poke|p1|Scrafty, M, shiny
|poke|p1|Arcanine, F, shiny
|poke|p1|Florges, F, shiny
|poke|p1|Bronzong
|poke|p1|Nidoking, M
|poke|p1|Trevenant, M
|poke|p2|Druddigon, M
|poke|p2|Chandelure, M
|poke|p2|Toxicroak, M
|poke|p2|Scrafty, F
|poke|p2|Aggron, M, shiny
|poke|p2|Chesnaught, M
|rule|Swagger Clause: Swagger is banned
|rule|Baton Pass Clause: Limit one Pokémon knowing Baton Pass
|teampreview
|
|start
|switch|p1a: Gannon|Nidoking, M|304\/304
|switch|p2a: Toxicroak|Toxicroak, M|370\/370
|turn|1
|
|switch|p2a: Chesnaught|Chesnaught, M|380\/380
|move|p1a: Gannon|Earth Power|p2a: Chesnaught
|-resisted|p2a: Chesnaught
|-damage|p2a: Chesnaught|279\/380
|
|turn|2
|
|switch|p1a: Bronzong|Bronzong|338\/338
|move|p2a: Chesnaught|Spiky Shield|p2a: Chesnaught
|-fail|p2a: Chesnaught
|
|turn|3
|
|move|p2a: Chesnaught|Leech Seed|p1a: Bronzong
|-start|p1a: Bronzong|move: Leech Seed
|move|p1a: Bronzong|Light Screen|p1a: Bronzong
|-sidestart|p1: teamtest239852|move: Light Screen
|
|-damage|p1a: Bronzong|296\/338|[from] Leech Seed|[of] p2a: Chesnaught
|-heal|p2a: Chesnaught|321\/380|[silent]
|turn|4
|
|move|p2a: Chesnaught|Drain Punch|p1a: Bronzong
|-damage|p1a: Bronzong|230\/338
|-heal|p2a: Chesnaught|354\/380|[from] drain|[of] p1a: Bronzong
|move|p1a: Bronzong|Reflect|p1a: Bronzong
|-sidestart|p1: teamtest239852|Reflect
|
|-damage|p1a: Bronzong|188\/338|[from] Leech Seed|[of] p2a: Chesnaught
|-heal|p2a: Chesnaught|380\/380|[silent]
|turn|5
|
|switch|p1a: Midna|Arcanine, F, shiny|321\/321
|-ability|p1a: Midna|Intimidate|[of] p2a: Chesnaught
|-unboost|p2a: Chesnaught|atk|1
|move|p2a: Chesnaught|Spikes|p1a: Midna
|-sidestart|p1: teamtest239852|Spikes
|
|turn|6
|
|switch|p2a: Chandelure|Chandelure, M|261\/261
|move|p1a: Midna|Flare Blitz|p2a: Chandelure
|-start|p2a: Chandelure|ability: Flash Fire
|
|turn|7
|
|switch|p1a: Bronzong|Bronzong|188\/338
|move|p2a: Chandelure|Shadow Ball|p1a: Bronzong
|-supereffective|p1a: Bronzong
|-damage|p1a: Bronzong|61\/338
|
|turn|8
|
|move|p2a: Chandelure|Shadow Ball|p1a: Bronzong
|-supereffective|p1a: Bronzong
|-damage|p1a: Bronzong|0 fnt
|faint|p1a: Bronzong
|
|
|switch|p1a: Link|Scrafty, M, shiny|271\/271
|-damage|p1a: Link|238\/271|[from] Spikes
|turn|9
|
|switch|p2a: Toxicroak|Toxicroak, M|370\/370
|move|p1a: Link|Dragon Dance|p1a: Link
|-boost|p1a: Link|atk|1
|-boost|p1a: Link|spe|1
|
|turn|10
|
|move|p1a: Link|Knock Off|p2a: Toxicroak
|-resisted|p2a: Toxicroak
|-damage|p2a: Toxicroak|152\/370
|-enditem|p2a: Toxicroak|Life Orb|[from] move: Knock Off|[of] p1a: Link
|-damage|p1a: Link|211\/271|[from] item: Life Orb
|move|p2a: Toxicroak|Drain Punch|p1a: Link
|-supereffective|p1a: Link
|-damage|p1a: Link|102\/271
|-heal|p2a: Toxicroak|207\/370|[from] drain|[of] p1a: Link
|
|-sideend|p1: teamtest239852|move: Light Screen
|turn|11
|
|move|p1a: Link|Drain Punch|p2a: Toxicroak
|-resisted|p2a: Toxicroak
|-damage|p2a: Toxicroak|51\/370
|-heal|p1a: Link|180\/271|[from] drain|[of] p2a: Toxicroak
|-damage|p1a: Link|153\/271|[from] item: Life Orb
|move|p2a: Toxicroak|Drain Punch|p1a: Link
|-supereffective|p1a: Link
|-damage|p1a: Link|44\/271
|-heal|p2a: Toxicroak|106\/370|[from] drain|[of] p1a: Link
|
|-sideend|p1: teamtest239852|Reflect
|turn|12
|
|move|p2a: Toxicroak|Sucker Punch|p1a: Link
|-resisted|p1a: Link
|-damage|p1a: Link|23\/271
|move|p1a: Link|Drain Punch|p2a: Toxicroak
|-resisted|p2a: Toxicroak
|-damage|p2a: Toxicroak|0 fnt
|-heal|p1a: Link|76\/271|[from] drain|[of] p2a: Toxicroak
|-damage|p1a: Link|49\/271|[from] item: Life Orb
|faint|p2a: Toxicroak
|-boost|p1a: Link|atk|1|[from] ability: Moxie
|
|
|switch|p2a: Chesnaught|Chesnaught, M|380\/380
|turn|13
|
|move|p1a: Link|Drain Punch|p2a: Chesnaught
|-damage|p2a: Chesnaught|184\/380
|-heal|p1a: Link|147\/271|[from] drain|[of] p2a: Chesnaught
|-damage|p1a: Link|102\/271|[from] item: Rocky Helmet|[of] p2a: Chesnaught
|-damage|p1a: Link|75\/271|[from] item: Life Orb
|move|p2a: Chesnaught|Drain Punch|p1a: Link
|-supereffective|p1a: Link
|-damage|p1a: Link|0 fnt
|-heal|p2a: Chesnaught|222\/380|[from] drain|[of] p1a: Link
|faint|p1a: Link
|
|
|switch|p1a: Gannon|Nidoking, M|304\/304
|-damage|p1a: Gannon|266\/304|[from] Spikes
|turn|14
|
|move|p2a: Chesnaught|Spiky Shield|p2a: Chesnaught
|-singleturn|p2a: Chesnaught|move: Protect
|move|p1a: Gannon|Sludge Wave|p2a: Chesnaught
|-activate|p2a: Chesnaught|move: Protect
|
|turn|15
|
|switch|p1a: Midna|Arcanine, F, shiny|321\/321
|-damage|p1a: Midna|281\/321|[from] Spikes
|-ability|p1a: Midna|Intimidate|[of] p2a: Chesnaught
|-unboost|p2a: Chesnaught|atk|1
|switch|p2a: Aggron|Aggron, M, shiny|344\/344
|
|turn|16
|
|move|p1a: Midna|Crunch|p2a: Aggron
|-damage|p2a: Aggron|257\/344
|move|p2a: Aggron|Earthquake|p1a: Midna
|-supereffective|p1a: Midna
|-damage|p1a: Midna|53\/321
|
|turn|17
|
|switch|p1a: Great Deku|Trevenant, M|373\/373
|-damage|p1a: Great Deku|327\/373|[from] Spikes
|move|p2a: Aggron|Earthquake|p1a: Great Deku
|-resisted|p1a: Great Deku
|-damage|p1a: Great Deku|266\/373
|
|turn|18
|
|detailschange|p2a: Aggron|Aggron-Mega, M, shiny
|message|Aggron has Mega Evolved into Mega Aggron!
|move|p1a: Great Deku|Leech Seed|p2a: Aggron|[miss]
|-miss|p1a: Great Deku|p2a: Aggron
|move|p2a: Aggron|Toxic|p1a: Great Deku
|-status|p1a: Great Deku|tox
|-enditem|p1a: Great Deku|Lum Berry|[eat]
|-curestatus|p1a: Great Deku|tox
|
|turn|19
|
|switch|p2a: Chesnaught|Chesnaught, M|222\/380
|move|p1a: Great Deku|Will-O-Wisp|p2a: Chesnaught
|-status|p2a: Chesnaught|brn
|
|-damage|p2a: Chesnaught|175\/380 brn|[from] brn
|turn|20
|
|switch|p1a: Great Fairy|Florges, F, shiny|359\/359
|-damage|p1a: Great Fairy|315\/359|[from] Spikes
|move|p2a: Chesnaught|Spikes|p1a: Great Fairy
|-sidestart|p1: teamtest239852|Spikes
|
|-heal|p1a: Great Fairy|337\/359|[from] item: Leftovers
|-damage|p2a: Chesnaught|128\/380 brn|[from] brn
|turn|21
|
|switch|p2a: Aggron|Aggron-Mega, M, shiny|257\/344
|move|p1a: Great Fairy|Wish|p1a: Great Fairy
|
|-heal|p1a: Great Fairy|359\/359|[from] item: Leftovers
|turn|22
|
|switch|p1a: Great Deku|Trevenant, M|266\/373
|-damage|p1a: Great Deku|204\/373|[from] Spikes
|move|p2a: Aggron|Stealth Rock|p1a: Great Deku
|-sidestart|p1: teamtest239852|move: Stealth Rock
|
|-heal|p1a: Great Deku|373\/373|[from] move: Wish|[wisher] Great Fairy
|turn|23
|
|move|p1a: Great Deku|Leech Seed|p2a: Aggron
|-start|p2a: Aggron|move: Leech Seed
|move|p2a: Aggron|Iron Head|p1a: Great Deku
|-damage|p1a: Great Deku|190\/373
|
|-damage|p2a: Aggron|214\/344|[from] Leech Seed|[of] p1a: Great Deku
|-heal|p1a: Great Deku|233\/373|[silent]
|-item|p1a: Great Deku|Lum Berry|[from] ability: Harvest
|turn|24
|
|switch|p2a: Druddigon|Druddigon, M|358\/358
|move|p1a: Great Deku|Will-O-Wisp|p2a: Druddigon
|-status|p2a: Druddigon|brn
|
|-damage|p2a: Druddigon|314\/358 brn|[from] brn
|turn|25
|
|move|p1a: Great Deku|Leech Seed|p2a: Druddigon
|-start|p2a: Druddigon|move: Leech Seed
|move|p2a: Druddigon|Glare|p1a: Great Deku
|-status|p1a: Great Deku|par
|-enditem|p1a: Great Deku|Lum Berry|[eat]
|-curestatus|p1a: Great Deku|par
|
|-damage|p2a: Druddigon|270\/358 brn|[from] Leech Seed|[of] p1a: Great Deku
|-heal|p1a: Great Deku|277\/373|[silent]
|-damage|p2a: Druddigon|226\/358 brn|[from] brn
|turn|26
|
|move|p1a: Great Deku|Leech Seed|p2a: Druddigon
|-fail|p2a: Druddigon
|move|p2a: Druddigon|Glare|p1a: Great Deku
|-status|p1a: Great Deku|par
|
|-damage|p2a: Druddigon|182\/358 brn|[from] Leech Seed|[of] p1a: Great Deku
|-heal|p1a: Great Deku|321\/373 par|[silent]
|-damage|p2a: Druddigon|138\/358 brn|[from] brn
|-item|p1a: Great Deku|Lum Berry|[from] ability: Harvest
|-enditem|p1a: Great Deku|Lum Berry|[eat]
|-curestatus|p1a: Great Deku|par
|turn|27
|
|switch|p2a: Scrafty|Scrafty, F|334\/334
|move|p1a: Great Deku|Horn Leech|p2a: Scrafty
|-damage|p2a: Scrafty|246\/334
|-heal|p1a: Great Deku|365\/373|[from] drain|[of] p2a: Scrafty
|
|-heal|p2a: Scrafty|266\/334|[from] item: Leftovers
|-item|p1a: Great Deku|Lum Berry|[from] ability: Harvest
|turn|28
|
|switch|p1a: Midna|Arcanine, F, shiny|53\/321
|-damage|p1a: Midna|0 fnt|[from] Spikes
|faint|p1a: Midna
|move|p2a: Scrafty|Knock Off|p1: Midna|[notarget]
|-notarget
|
|-heal|p2a: Scrafty|286\/334|[from] item: Leftovers
|
|switch|p1a: Great Fairy|Florges, F, shiny|359\/359
|-damage|p1a: Great Fairy|315\/359|[from] Stealth Rock
|-damage|p1a: Great Fairy|256\/359|[from] Spikes
|turn|29
|
|switch|p2a: Druddigon|Druddigon, M|138\/358 brn
|move|p1a: Great Fairy|Moonblast|p2a: Druddigon
|-supereffective|p2a: Druddigon
|-damage|p2a: Druddigon|0 fnt
|faint|p2a: Druddigon
|
|-heal|p1a: Great Fairy|278\/359|[from] item: Leftovers
|
|switch|p2a: Aggron|Aggron-Mega, M, shiny|214\/344
|turn|30
|
|move|p1a: Great Fairy|Moonblast|p2a: Aggron
|-resisted|p2a: Aggron
|-damage|p2a: Aggron|154\/344
|-unboost|p2a: Aggron|spa|1
|move|p2a: Aggron|Iron Head|p1a: Great Fairy
|-supereffective|p1a: Great Fairy
|-damage|p1a: Great Fairy|0 fnt
|faint|p1a: Great Fairy
|
|
|switch|p1a: Gannon|Nidoking, M|266\/304
|-damage|p1a: Gannon|216\/304|[from] Spikes
|-damage|p1a: Gannon|197\/304|[from] Stealth Rock
|turn|31
|
|switch|p2a: Chesnaught|Chesnaught, M|128\/380 brn
|move|p1a: Gannon|Earth Power|p2a: Chesnaught
|-resisted|p2a: Chesnaught
|-damage|p2a: Chesnaught|35\/380 brn
|
|-damage|p2a: Chesnaught|0 fnt|[from] brn
|faint|p2a: Chesnaught
|
|switch|p2a: Scrafty|Scrafty, F|286\/334
|turn|32
|
|switch|p1a: Great Deku|Trevenant, M|365\/373
|-damage|p1a: Great Deku|319\/373|[from] Stealth Rock
|-damage|p1a: Great Deku|257\/373|[from] Spikes
|move|p2a: Scrafty|Bulk Up|p2a: Scrafty
|-boost|p2a: Scrafty|atk|1
|-boost|p2a: Scrafty|def|1
|
|-heal|p2a: Scrafty|306\/334|[from] item: Leftovers
|turn|33
|
|move|p2a: Scrafty|Knock Off|p1a: Great Deku
|-supereffective|p1a: Great Deku
|-damage|p1a: Great Deku|0 fnt
|-enditem|p1a: Great Deku|Lum Berry|[from] move: Knock Off|[of] p2a: Scrafty
|faint|p1a: Great Deku
|
|-heal|p2a: Scrafty|326\/334|[from] item: Leftovers
|
|switch|p1a: Gannon|Nidoking, M|197\/304
|-damage|p1a: Gannon|178\/304|[from] Stealth Rock
|-damage|p1a: Gannon|128\/304|[from] Spikes
|turn|34
|
|move|p1a: Gannon|Earth Power|p2a: Scrafty
|-damage|p2a: Scrafty|232\/334
|move|p2a: Scrafty|Knock Off|p1a: Gannon
|-damage|p1a: Gannon|0 fnt
|-enditem|p1a: Gannon|Choice Scarf|[from] move: Knock Off|[of] p2a: Scrafty
|faint|p1a: Gannon
|
|win|Kyle Crocodyle
|raw|Ladder updating...
|raw|teamtest239852's rating: 1410 &rarr; <strong>1381<\/strong><br \/>(-29 for losing)
|raw|Kyle Crocodyle's rating: 1238 &rarr; <strong>1275<\/strong><br \/>(+37 for winning)
|c|★teamtest239852|gg
|leave|Kyle Crocodyle
|player|p2