|join|teamtest239852
|join|MasterOfFaster9
|player|p1|teamtest239852|75
|player|p2|MasterOfFaster9|25
|gametype|singles
|gen|6
|tier|UU
|rated
|rule|Sleep Clause Mod: Limit one foe put to sleep
|rule|Species Clause: Limit one of each Pokémon
|rule|OHKO Clause: OHKO moves are banned
|rule|Moody Clause: Moody is banned
|rule|Evasion Moves Clause: Evasion moves are banned
|rule|Endless Battle Clause: Forcing endless battles is banned
|rule|HP Percentage Mod: HP is shown in percentages
|clearpoke
|poke|p1|Honchkrow, F
|poke|p1|Nidoking, M
|poke|p1|Suicune
|poke|p1|Lucario, F
|poke|p1|Florges, F
|poke|p1|Sharpedo, M
|poke|p2|Nidoking, M, shiny
|poke|p2|Raikou, shiny
|poke|p2|Celebi
|poke|p2|Pidgeot, M, shiny
|poke|p2|Infernape, M
|poke|p2|Goodra, F, shiny
|rule|Swagger Clause: Swagger is banned
|rule|Baton Pass Clause: Limit one Pokémon knowing Baton Pass
|teampreview
|
|start
|switch|p1a: Honchkrow|Honchkrow, F|339\/339
|switch|p2a: Infernape|Infernape, M|293\/293
|turn|1
|
|move|p2a: Infernape|Fake Out|p1a: Honchkrow
|-damage|p1a: Honchkrow|245\/339
|-damage|p2a: Infernape|264\/293|[from] item: Life Orb
|cant|p1a: Honchkrow|flinch
|
|turn|2
|
|switch|p1a: Suicune|Suicune|404\/404
|-ability|p1a: Suicune|Pressure
|move|p2a: Infernape|U-turn|p1a: Suicune
|-damage|p1a: Suicune|336\/404
|-damage|p2a: Infernape|235\/293|[from] item: Life Orb
|
|switch|p2a: Celebi|Celebi|342\/342
|
|-heal|p1a: Suicune|361\/404|[from] item: Leftovers
|turn|3
|
|switch|p1a: Honchkrow|Honchkrow, F|245\/339
|move|p2a: Celebi|Stealth Rock|p1a: Honchkrow
|-sidestart|p1: teamtest239852|move: Stealth Rock
|
|turn|4
|
|switch|p2a: Goodra|Goodra, F, shiny|383\/383
|move|p1a: Honchkrow|Brave Bird|p2a: Goodra
|-damage|p2a: Goodra|13\/383
|-unboost|p1a: Honchkrow|spe|1
|-damage|p1a: Honchkrow|123\/339|[from] recoil|[of] p2a: Goodra
|-damage|p1a: Honchkrow|90\/339|[from] item: Life Orb
|
|turn|5
|
|move|p1a: Honchkrow|Sucker Punch|p2a: Goodra
|-damage|p2a: Goodra|0 fnt
|-unboost|p1a: Honchkrow|spe|1
|-damage|p1a: Honchkrow|57\/339|[from] item: Life Orb
|faint|p2a: Goodra
|-boost|p1a: Honchkrow|atk|1|[from] ability: Moxie
|
|
|switch|p2a: Pidgeot|Pidgeot, M, shiny|307\/307
|turn|6
|
|detailschange|p2a: Pidgeot|Pidgeot-Mega, M, shiny
|-mega|p2a: Pidgeot|Pidgeot|Pidgeotite
|move|p2a: Pidgeot|Air Slash|p1a: Honchkrow
|-damage|p1a: Honchkrow|0 fnt
|faint|p1a: Honchkrow
|
|
|switch|p1a: Florges|Florges, F|360\/360
|-damage|p1a: Florges|315\/360|[from] Stealth Rock
|turn|7
|
|move|p2a: Pidgeot|Hurricane|p1a: Florges
|-damage|p1a: Florges|179\/360
|move|p1a: Florges|Moonblast|p2a: Pidgeot
|-damage|p2a: Pidgeot|168\/307
|
|-heal|p1a: Florges|201\/360|[from] item: Leftovers
|turn|8
|
|move|p2a: Pidgeot|Hurricane|p1a: Florges
|-damage|p1a: Florges|71\/360
|move|p1a: Florges|Wish|p1a: Florges
|
|-heal|p1a: Florges|93\/360|[from] item: Leftovers
|turn|9
|
|move|p2a: Pidgeot|Hurricane|p1a: Florges
|-damage|p1a: Florges|0 fnt
|faint|p1a: Florges
|
|
|switch|p1a: Nidoking|Nidoking, M|303\/303
|-damage|p1a: Nidoking|285\/303|[from] Stealth Rock
|turn|10
|
|move|p2a: Pidgeot|Hurricane|p1a: Nidoking
|-damage|p1a: Nidoking|24\/303
|-start|p1a: Nidoking|confusion
|-activate|p1a: Nidoking|confusion
|-damage|p1a: Nidoking|0 fnt|[from] confusion
|faint|p1a: Nidoking
|
|
|switch|p1a: Suicune|Suicune|361\/404
|-damage|p1a: Suicune|311\/404|[from] Stealth Rock
|-ability|p1a: Suicune|Pressure
|turn|11
|
|move|p2a: Pidgeot|Hurricane|p1a: Suicune
|-damage|p1a: Suicune|136\/404
|move|p1a: Suicune|Calm Mind|p1a: Suicune
|-boost|p1a: Suicune|spa|1
|-boost|p1a: Suicune|spd|1
|
|-heal|p1a: Suicune|161\/404|[from] item: Leftovers
|turn|12
|
|move|p2a: Pidgeot|Hurricane|p1a: Suicune
|-crit|p1a: Suicune
|-damage|p1a: Suicune|0 fnt
|faint|p1a: Suicune
|
|
|switch|p1a: Sharpedo|Sharpedo, M|281\/281
|-damage|p1a: Sharpedo|246\/281|[from] Stealth Rock
|turn|13
|
|move|p2a: Pidgeot|Protect|p2a: Pidgeot
|-singleturn|p2a: Pidgeot|Protect
|move|p1a: Sharpedo|Protect|p1a: Sharpedo
|-fail|p1a: Sharpedo
|
|-boost|p1a: Sharpedo|spe|1|[from] ability: Speed Boost
|turn|14
|
|move|p1a: Sharpedo|Ice Fang|p2a: Pidgeot
|-supereffective|p2a: Pidgeot
|-damage|p2a: Pidgeot|0 fnt
|faint|p2a: Pidgeot
|
|-boost|p1a: Sharpedo|spe|1|[from] ability: Speed Boost
|
|switch|p2a: Infernape|Infernape, M|235\/293
|turn|15
|
|move|p1a: Sharpedo|Protect|p1a: Sharpedo
|-singleturn|p1a: Sharpedo|Protect
|move|p2a: Infernape|Fake Out|p1a: Sharpedo
|-activate|p1a: Sharpedo|Protect
|
|-boost|p1a: Sharpedo|spe|1|[from] ability: Speed Boost
|turn|16
|
|switch|p2a: Celebi|Celebi|342\/342
|move|p1a: Sharpedo|Waterfall|p2a: Celebi
|-resisted|p2a: Celebi
|-damage|p2a: Celebi|288\/342
|
|-heal|p2a: Celebi|309\/342|[from] item: Leftovers
|-boost|p1a: Sharpedo|spe|1|[from] ability: Speed Boost
|turn|17
|
|detailschange|p1a: Sharpedo|Sharpedo-Mega, M
|-mega|p1a: Sharpedo|Sharpedo|Sharpedonite
|move|p1a: Sharpedo|Crunch|p2a: Celebi
|-supereffective|p2a: Celebi
|-damage|p2a: Celebi|0 fnt
|faint|p2a: Celebi
|
|
|switch|p2a: Raikou|Raikou, shiny|321\/321
|-ability|p2a: Raikou|Pressure
|turn|18
|
|move|p1a: Sharpedo|Crunch|p2a: Raikou
|-damage|p2a: Raikou|0 fnt
|faint|p2a: Raikou
|
|c|★teamtest239852|max roll
|
|switch|p2a: Nidoking|Nidoking, M, shiny|303\/303
|turn|19
|c|★teamtest239852|this team needs rocks
|
|move|p1a: Sharpedo|Waterfall|p2a: Nidoking
|-supereffective|p2a: Nidoking
|-damage|p2a: Nidoking|0 fnt
|faint|p2a: Nidoking
|
|
|switch|p2a: Infernape|Infernape, M|235\/293
|turn|20
|
|move|p1a: Sharpedo|Protect|p1a: Sharpedo
|-singleturn|p1a: Sharpedo|Protect
|move|p2a: Infernape|Fake Out|p1a: Sharpedo
|-activate|p1a: Sharpedo|Protect
|
|turn|21
|
|move|p1a: Sharpedo|Waterfall|p2a: Infernape
|-supereffective|p2a: Infernape
|-damage|p2a: Infernape|0 fnt
|faint|p2a: Infernape
|
|win|teamtest239852
|raw|Ladder updating...
|c|★teamtest239852|gg
|raw|teamtest239852's rating: 1454 &rarr; <strong>1463<\/strong><br \/>(+9 for winning)
|raw|MasterOfFaster9's rating: 1227 &rarr; <strong>1216<\/strong><br \/>(-11 for losing)
|leave|MasterOfFaster9
|player|p2