|join|VKW
|join|Omfuga
|player|p1|VKW|238
|player|p2|Omfuga|1
|gametype|singles
|gen|6
|tier|UU
|rated
|rule|Sleep Clause Mod: Limit one foe put to sleep
|rule|Species Clause: Limit one of each Pokémon
|rule|OHKO Clause: OHKO moves are banned
|rule|Moody Clause: Moody is banned
|rule|Evasion Moves Clause: Evasion moves are banned
|rule|Endless Battle Clause: Forcing endless battles is banned
|rule|HP Percentage Mod: HP is shown in percentages
|clearpoke
|poke|p1|Muk, M
|poke|p1|Dusknoir, M
|poke|p1|Aggron, M
|poke|p1|Lapras, F
|poke|p1|Gogoat, F
|poke|p1|Reuniclus, F
|poke|p2|Alakazam, F
|poke|p2|Togekiss, F
|poke|p2|Entei, shiny
|poke|p2|Hydreigon, F
|poke|p2|Roserade, F
|poke|p2|Empoleon, M
|rule|Swagger Clause: Swagger is banned
|rule|Baton Pass Clause: Limit one Pokémon knowing Baton Pass
|teampreview
|
|start
|switch|p1a: Dusknoir|Dusknoir, M|294\/294
|switch|p2a: Togekiss|Togekiss, F|373\/373
|-item|p2a: Togekiss|Leftovers|[from] ability: Frisk|[of] p1a: Dusknoir|[identify]
|turn|1
|
|move|p2a: Togekiss|Nasty Plot|p2a: Togekiss
|-boost|p2a: Togekiss|spa|2
|move|p1a: Dusknoir|Will-O-Wisp|p2a: Togekiss|[miss]
|-miss|p1a: Dusknoir|p2a: Togekiss
|
|turn|2
|
|move|p2a: Togekiss|Baton Pass|p2a: Togekiss
|
|switch|p2a: Hydreigon|Hydreigon, F|325\/325
|move|p1a: Dusknoir|Will-O-Wisp|p2a: Hydreigon
|-status|p2a: Hydreigon|brn
|
|-damage|p2a: Hydreigon|285\/325 brn|[from] brn
|turn|3
|
|move|p1a: Dusknoir|Protect|p1a: Dusknoir
|-singleturn|p1a: Dusknoir|Protect
|move|p2a: Hydreigon|Dark Pulse|p1a: Dusknoir
|-activate|p1a: Dusknoir|Protect
|
|-damage|p2a: Hydreigon|245\/325 brn|[from] brn
|turn|4
|
|move|p2a: Hydreigon|Dark Pulse|p1a: Dusknoir
|-supereffective|p1a: Dusknoir
|-damage|p1a: Dusknoir|0 fnt
|faint|p1a: Dusknoir
|
|-damage|p2a: Hydreigon|205\/325 brn|[from] brn
|
|switch|p1a: Muk|Muk, M|414\/414
|turn|5
|
|move|p2a: Hydreigon|Dark Pulse|p1a: Muk
|-damage|p1a: Muk|83\/414
|cant|p1a: Muk|flinch
|
|-heal|p1a: Muk|108\/414|[from] item: Black Sludge
|-damage|p2a: Hydreigon|165\/325 brn|[from] brn
|turn|6
|
|move|p2a: Hydreigon|Dark Pulse|p1a: Muk
|-damage|p1a: Muk|0 fnt
|faint|p1a: Muk
|
|-damage|p2a: Hydreigon|125\/325 brn|[from] brn
|-message|VKW forfeited.
|
|win|Omfuga
|raw|Ladder updating...
|leave|VKW
|player|p1