|join|lordofthejellyfish
|join|OTRTVC
|player|p1|lordofthejellyfish|76
|player|p2|OTRTVC|290
|gametype|singles
|gen|6
|tier|OU
|rated
|clearpoke
|poke|p1|Scolipede, F
|poke|p1|Garchomp, F
|poke|p1|Bisharp, F
|poke|p1|Sceptile, F
|poke|p1|Azumarill, M
|poke|p1|Thundurus, M
|poke|p2|Infernape, M, shiny
|poke|p2|Greninja, M, shiny
|poke|p2|Gengar, F, shiny
|poke|p2|Sharpedo, F, shiny
|poke|p2|Conkeldurr, F, shiny
|poke|p2|Landorus, M, shiny
|rule|Swagger Clause: Swagger is banned
|rule|Baton Pass Clause: Limit one Pokémon knowing Baton Pass
|rule|Sleep Clause Mod: Limit one foe put to sleep
|rule|Species Clause: Limit one of each Pokémon
|rule|OHKO Clause: OHKO moves are banned
|rule|Moody Clause: Moody is banned
|rule|Evasion Moves Clause: Evasion moves are banned
|rule|Endless Battle Clause: Forcing endless battles is banned
|rule|HP Percentage Mod: HP is shown in percentages
|teampreview
|c|★lordofthejellyfish|gl hf
|
|start
|switch|p1a: Scolipede|Scolipede, F|261\/261
|switch|p2a: Infernape|Infernape, M, shiny|293\/293
|turn|1
|
|switch|p1a: Garchomp|Garchomp, F|357\/357
|move|p2a: Infernape|Fire Blast|p1a: Garchomp
|-resisted|p1a: Garchomp
|-damage|p1a: Garchomp|273\/357
|
|turn|2
|
|move|p2a: Infernape|Stealth Rock|p1a: Garchomp
|-sidestart|p1: lordofthejellyfish|move: Stealth Rock
|move|p1a: Garchomp|Stealth Rock|p2a: Infernape
|-sidestart|p2: OTRTVC|move: Stealth Rock
|
|turn|3
|
|move|p2a: Infernape|Close Combat|p1a: Garchomp
|-damage|p1a: Garchomp|90\/357
|-damage|p2a: Infernape|257\/293|[from] ability: Rough Skin|[of] p1a: Garchomp
|-unboost|p2a: Infernape|def|1
|-unboost|p2a: Infernape|spd|1
|move|p1a: Garchomp|Earthquake|p2a: Infernape
|-supereffective|p2a: Infernape
|-damage|p2a: Infernape|0 fnt
|faint|p2a: Infernape
|
|
|switch|p2a: Greninja|Greninja, M, shiny|285\/285
|-damage|p2a: Greninja|250\/285|[from] Stealth Rock
|turn|4
|
|move|p2a: Greninja|Dark Pulse|p1a: Garchomp
|-start|p2a: Greninja|typechange|Dark|[from] Protean
|-damage|p1a: Garchomp|0 fnt
|-damage|p2a: Greninja|222\/285|[from] item: Life Orb
|faint|p1a: Garchomp
|
|
|switch|p1a: Thundurus|Thundurus, M|299\/299
|-damage|p1a: Thundurus|225\/299|[from] Stealth Rock
|turn|5
|
|switch|p2a: Conkeldurr|Conkeldurr, F, shiny|414\/414
|-damage|p2a: Conkeldurr|389\/414|[from] Stealth Rock
|move|p1a: Thundurus|Knock Off|p2a: Conkeldurr
|-resisted|p2a: Conkeldurr
|-damage|p2a: Conkeldurr|334\/414
|-enditem|p2a: Conkeldurr|Assault Vest|[from] move: Knock Off|[of] p1a: Thundurus
|-damage|p1a: Thundurus|196\/299|[from] item: Life Orb
|
|turn|6
|
|switch|p2a: Greninja|Greninja, M, shiny|222\/285
|-damage|p2a: Greninja|187\/285|[from] Stealth Rock
|move|p1a: Thundurus|Thunderbolt|p2a: Greninja
|-supereffective|p2a: Greninja
|-damage|p2a: Greninja|0 fnt
|-damage|p1a: Thundurus|167\/299|[from] item: Life Orb
|faint|p2a: Greninja
|
|c|★lordofthejellyfish|please kill
|c|★lordofthejellyfish|or not
|c|★lordofthejellyfish|even better
|
|switch|p2a: Conkeldurr|Conkeldurr, F, shiny|334\/414
|-damage|p2a: Conkeldurr|309\/414|[from] Stealth Rock
|turn|7
|
|move|p1a: Thundurus|Thunderbolt|p2a: Conkeldurr
|-damage|p2a: Conkeldurr|19\/414
|-damage|p1a: Thundurus|138\/299|[from] item: Life Orb
|move|p2a: Conkeldurr|Knock Off|p1a: Thundurus
|-damage|p1a: Thundurus|0 fnt
|-enditem|p1a: Thundurus|Life Orb|[from] move: Knock Off|[of] p2a: Conkeldurr
|faint|p1a: Thundurus
|
|
|switch|p1a: Scolipede|Scolipede, F|261\/261
|-damage|p1a: Scolipede|196\/261|[from] Stealth Rock
|turn|8
|
|move|p1a: Scolipede|Megahorn|p2a: Conkeldurr
|-resisted|p2a: Conkeldurr
|-damage|p2a: Conkeldurr|0 fnt
|faint|p2a: Conkeldurr
|
|-boost|p1a: Scolipede|spe|1|[from] ability: Speed Boost
|
|switch|p2a: Landorus|Landorus, M, shiny|345\/345
|-damage|p2a: Landorus|302\/345|[from] Stealth Rock
|turn|9
|
|move|p1a: Scolipede|Megahorn|p2a: Landorus
|-crit|p2a: Landorus
|-resisted|p2a: Landorus
|-damage|p2a: Landorus|152\/345
|move|p2a: Landorus|Psychic|p1a: Scolipede
|-supereffective|p1a: Scolipede
|-damage|p1a: Scolipede|0 fnt
|faint|p1a: Scolipede
|
|
|switch|p1a: Sceptile|Sceptile, F|281\/281
|-damage|p1a: Sceptile|246\/281|[from] Stealth Rock
|turn|10
|
|detailschange|p1a: Sceptile|Sceptile-Mega, F
|message|Sceptile has Mega Evolved into Mega Sceptile!
|move|p1a: Sceptile|Dragon Pulse|p2a: Landorus
|-damage|p2a: Landorus|0 fnt
|faint|p2a: Landorus
|
|
|switch|p2a: Sharpedo|Sharpedo, F, shiny|281\/281
|-damage|p2a: Sharpedo|246\/281|[from] Stealth Rock
|turn|11
|
|move|p2a: Sharpedo|Protect|p2a: Sharpedo
|-singleturn|p2a: Sharpedo|Protect
|move|p1a: Sceptile|Substitute|p1a: Sceptile
|-start|p1a: Sceptile|Substitute
|-damage|p1a: Sceptile|176\/281
|
|-boost|p2a: Sharpedo|spe|1|[from] ability: Speed Boost
|turn|12
|
|detailschange|p2a: Sharpedo|Sharpedo-Mega, F, shiny
|message|Sharpedo has Mega Evolved into Mega Sharpedo!
|move|p2a: Sharpedo|Ice Fang|p1a: Sceptile
|-supereffective|p1a: Sceptile
|-end|p1a: Sceptile|Substitute
|move|p1a: Sceptile|Giga Drain|p2a: Sharpedo
|-supereffective|p2a: Sharpedo
|-damage|p2a: Sharpedo|0 fnt
|-heal|p1a: Sceptile|281\/281|[from] drain|[of] p2a: Sharpedo
|faint|p2a: Sharpedo
|
|-message|OTRTVC forfeited.
|
|win|lordofthejellyfish
|raw|Ladder updating...
|leave|OTRTVC
|player|p2
|raw|lordofthejellyfish's rating: 1572 &rarr; <strong>1601<\/strong><br \/>(+29 for winning)
|raw|OTRTVC's rating: 1735 &rarr; <strong>1706<\/strong><br \/>(-29 for losing)
|c|★lordofthejellyfish|gg
|c|★lordofthejellyfish|oh
|c|★lordofthejellyfish|SHIT
|c|★lordofthejellyfish|oiwdwndewndw
|c|★lordofthejellyfish|1735
|c|★lordofthejellyfish|HOLY FUCK