|join|master sun
|join|OTRTVC
|player|p1|master sun|266
|player|p2|OTRTVC|144
|gametype|singles
|gen|6
|tier|OU
|rated
|clearpoke
|poke|p1|Lopunny, F
|poke|p1|Thundurus, M
|poke|p1|Celebi
|poke|p1|Bisharp, M
|poke|p1|Keldeo-Resolute
|poke|p1|Landorus-Therian, M
|poke|p2|Garchomp, F, shiny
|poke|p2|Metagross, shiny
|poke|p2|Magnezone, shiny
|poke|p2|Manaphy, shiny
|poke|p2|Gengar, M, shiny
|poke|p2|Landorus, M, shiny
|rule|Swagger Clause: Swagger is banned
|rule|Baton Pass Clause: Limit one Pokémon knowing Baton Pass
|rule|Sleep Clause Mod: Limit one foe put to sleep
|rule|Species Clause: Limit one of each Pokémon
|rule|OHKO Clause: OHKO moves are banned
|rule|Moody Clause: Moody is banned
|rule|Evasion Moves Clause: Evasion moves are banned
|rule|Endless Battle Clause: Forcing endless battles is banned
|rule|HP Percentage Mod: HP is shown in percentages
|teampreview
|c|★master sun|hi
|
|start
|switch|p1a: Keldeo-Resolute|Keldeo-Resolute|324\/324
|switch|p2a: Garchomp|Garchomp, F, shiny|420\/420
|turn|1
|
|switch|p2a: Manaphy|Manaphy, shiny|404\/404
|move|p1a: Keldeo-Resolute|Scald|p2a: Manaphy
|-resisted|p2a: Manaphy
|-damage|p2a: Manaphy|338\/404
|-status|p2a: Manaphy|brn
|
|-heal|p2a: Manaphy|363\/404 brn|[from] item: Leftovers
|-damage|p2a: Manaphy|313\/404 brn|[from] brn
|turn|2
|
|switch|p2a: Garchomp|Garchomp, F, shiny|420\/420
|move|p1a: Keldeo-Resolute|Substitute|p1a: Keldeo-Resolute
|-start|p1a: Keldeo-Resolute|Substitute
|-damage|p1a: Keldeo-Resolute|243\/324
|
|-heal|p1a: Keldeo-Resolute|263\/324|[from] item: Leftovers
|turn|3
|
|move|p1a: Keldeo-Resolute|Scald|p2a: Garchomp
|-damage|p2a: Garchomp|251\/420
|move|p2a: Garchomp|Stealth Rock|p1a: Keldeo-Resolute
|-sidestart|p1: master sun|move: Stealth Rock
|
|-heal|p1a: Keldeo-Resolute|283\/324|[from] item: Leftovers
|turn|4
|
|switch|p2a: Manaphy|Manaphy, shiny|313\/404 brn
|move|p1a: Keldeo-Resolute|Scald|p2a: Manaphy
|-resisted|p2a: Manaphy
|-damage|p2a: Manaphy|253\/404 brn
|
|-heal|p1a: Keldeo-Resolute|303\/324|[from] item: Leftovers
|-heal|p2a: Manaphy|278\/404 brn|[from] item: Leftovers
|-damage|p2a: Manaphy|228\/404 brn|[from] brn
|turn|5
|
|move|p1a: Keldeo-Resolute|Secret Sword|p2a: Manaphy
|-damage|p2a: Manaphy|108\/404 brn
|move|p2a: Manaphy|Rain Dance|p2a: Manaphy
|-weather|RainDance
|
|-weather|RainDance|[upkeep]
|-heal|p1a: Keldeo-Resolute|323\/324|[from] item: Leftovers
|-curestatus|p2a: Manaphy|brn
|-heal|p2a: Manaphy|133\/404|[from] item: Leftovers
|turn|6
|join|Fuck you Greninja
|
|move|p1a: Keldeo-Resolute|Secret Sword|p2a: Manaphy
|-damage|p2a: Manaphy|6\/404
|move|p2a: Manaphy|Psychic|p1a: Keldeo-Resolute
|-supereffective|p1a: Keldeo-Resolute
|-end|p1a: Keldeo-Resolute|Substitute
|
|-weather|RainDance|[upkeep]
|-heal|p1a: Keldeo-Resolute|324\/324|[from] item: Leftovers
|-heal|p2a: Manaphy|31\/404|[from] item: Leftovers
|turn|7
|
|move|p1a: Keldeo-Resolute|Scald|p2a: Manaphy
|-resisted|p2a: Manaphy
|-damage|p2a: Manaphy|0 fnt
|faint|p2a: Manaphy
|
|-weather|RainDance|[upkeep]
|c| Fuck you Greninja|OTRTVC
|
|switch|p2a: Magnezone|Magnezone, shiny|284\/284
|turn|8
|c| Fuck you Greninja|I love your videos :]
|
|switch|p1a: Landorus-Therian|Landorus-Therian, M|382\/382
|-damage|p1a: Landorus-Therian|335\/382|[from] Stealth Rock
|-ability|p1a: Landorus-Therian|Intimidate|[of] p2a: Magnezone
|-unboost|p2a: Magnezone|atk|1
|move|p2a: Magnezone|Thunderbolt|p1a: Landorus-Therian
|-immune|p1a: Landorus-Therian|[msg]
|
|-weather|RainDance|[upkeep]
|-heal|p1a: Landorus-Therian|358\/382|[from] item: Leftovers
|turn|9
|c| Fuck you Greninja|I was a sub since 2012
|
|switch|p2a: Landorus|Landorus, M, shiny|345\/345
|move|p1a: Landorus-Therian|Stealth Rock|p2a: Landorus
|-sidestart|p2: OTRTVC|move: Stealth Rock
|
|-weather|none
|-heal|p1a: Landorus-Therian|381\/382|[from] item: Leftovers
|turn|10
|c| Fuck you Greninja|your RMT is amazing too
|c| Fuck you Greninja|I won so many games with it
|
|move|p2a: Landorus|Psychic|p1a: Landorus-Therian
|-damage|p1a: Landorus-Therian|163\/382
|move|p1a: Landorus-Therian|U-turn|p2a: Landorus
|-resisted|p2a: Landorus
|-damage|p2a: Landorus|306\/345
|
|switch|p1a: Keldeo-Resolute|Keldeo-Resolute|324\/324
|-damage|p1a: Keldeo-Resolute|304\/324|[from] Stealth Rock
|
|-heal|p1a: Keldeo-Resolute|324\/324|[from] item: Leftovers
|turn|11
|
|move|p1a: Keldeo-Resolute|Scald|p2a: Landorus
|-supereffective|p2a: Landorus
|-damage|p2a: Landorus|0 fnt
|faint|p2a: Landorus
|
|
|switch|p2a: Magnezone|Magnezone, shiny|284\/284
|-damage|p2a: Magnezone|267\/284|[from] Stealth Rock
|turn|12
|c| Fuck you Greninja|I loved your scarded manezone
|
|switch|p2a: Metagross|Metagross, shiny|301\/301
|-damage|p2a: Metagross|283\/301|[from] Stealth Rock
|switch|p1a: Landorus-Therian|Landorus-Therian, M|163\/382
|-damage|p1a: Landorus-Therian|116\/382|[from] Stealth Rock
|-ability|p1a: Landorus-Therian|Intimidate|[of] p2a: Metagross
|-fail|p2a: Metagross|unboost|[from] ability: Clear Body|[of] p2a: Metagross
|
|-heal|p1a: Landorus-Therian|139\/382|[from] item: Leftovers
|turn|13
|
|detailschange|p2a: Metagross|Metagross-Mega, shiny
|-mega|p2a: Metagross|Metagross|Metagrossite
|move|p2a: Metagross|Meteor Mash|p1a: Landorus-Therian
|-damage|p1a: Landorus-Therian|0 fnt
|-boost|p2a: Metagross|atk|1
|faint|p1a: Landorus-Therian
|
|leave|Fuck you Greninja
|
|switch|p1a: Bisharp|Bisharp, M|271\/271
|-damage|p1a: Bisharp|255\/271|[from] Stealth Rock
|turn|14
|
|move|p1a: Bisharp|Sucker Punch|p2a: Metagross
|-supereffective|p2a: Metagross
|-damage|p2a: Metagross|0 fnt
|-damage|p1a: Bisharp|228\/271|[from] item: Life Orb
|faint|p2a: Metagross
|
|
|switch|p2a: Garchomp|Garchomp, F, shiny|251\/420
|-damage|p2a: Garchomp|225\/420|[from] Stealth Rock
|turn|15
|
|switch|p1a: Thundurus|Thundurus, M|299\/299
|-damage|p1a: Thundurus|225\/299|[from] Stealth Rock
|move|p2a: Garchomp|Earthquake|p1a: Thundurus
|-immune|p1a: Thundurus|[msg]
|
|-heal|p1a: Thundurus|243\/299|[from] item: Leftovers
|turn|16
|
|switch|p2a: Magnezone|Magnezone, shiny|267\/284
|-damage|p2a: Magnezone|250\/284|[from] Stealth Rock
|move|p1a: Thundurus|Hidden Power|p2a: Magnezone
|-resisted|p2a: Magnezone
|-damage|p2a: Magnezone|210\/284
|
|-heal|p1a: Thundurus|261\/299|[from] item: Leftovers
|turn|17
|
|switch|p1a: Celebi|Celebi|403\/403
|-damage|p1a: Celebi|353\/403|[from] Stealth Rock
|move|p2a: Magnezone|Thunderbolt|p1a: Celebi
|-resisted|p1a: Celebi
|-damage|p1a: Celebi|289\/403
|
|-heal|p1a: Celebi|314\/403|[from] item: Leftovers
|turn|18
|join|craing
|leave|craing
|
|switch|p2a: Gengar|Gengar, M, shiny|261\/261
|-damage|p2a: Gengar|229\/261|[from] Stealth Rock
|move|p1a: Celebi|Substitute|p1a: Celebi
|-start|p1a: Celebi|Substitute
|-damage|p1a: Celebi|214\/403
|
|-heal|p1a: Celebi|239\/403|[from] item: Leftovers
|turn|19
|
|move|p2a: Gengar|Sludge Wave|p1a: Celebi
|-supereffective|p1a: Celebi
|-end|p1a: Celebi|Substitute
|-damage|p2a: Gengar|203\/261|[from] item: Life Orb
|move|p1a: Celebi|Baton Pass|p1a: Celebi
|
|switch|p1a: Lopunny|Lopunny, F|271\/271
|-damage|p1a: Lopunny|238\/271|[from] Stealth Rock
|
|turn|20
|
|switch|p2a: Garchomp|Garchomp, F, shiny|225\/420
|-damage|p2a: Garchomp|199\/420|[from] Stealth Rock
|detailschange|p1a: Lopunny|Lopunny-Mega, F
|-mega|p1a: Lopunny|Lopunny|Lopunnite
|move|p1a: Lopunny|Fake Out|p2a: Garchomp
|-damage|p2a: Garchomp|142\/420
|-damage|p1a: Lopunny|205\/271|[from] ability: Rough Skin|[of] p2a: Garchomp
|-damage|p1a: Lopunny|160\/271|[from] item: Rocky Helmet|[of] p2a: Garchomp
|
|turn|21
|
|move|p1a: Lopunny|Return|p2a: Garchomp
|-damage|p2a: Garchomp|0 fnt
|-damage|p1a: Lopunny|127\/271|[from] ability: Rough Skin|[of] p2a: Garchomp
|-damage|p1a: Lopunny|82\/271|[from] item: Rocky Helmet|[of] p2a: Garchomp
|faint|p2a: Garchomp
|
|
|switch|p2a: Magnezone|Magnezone, shiny|210\/284
|-damage|p2a: Magnezone|193\/284|[from] Stealth Rock
|turn|22
|
|move|p1a: Lopunny|High Jump Kick|p2a: Magnezone
|-supereffective|p2a: Magnezone
|-damage|p2a: Magnezone|0 fnt
|faint|p2a: Magnezone
|
|-message|OTRTVC forfeited.
|
|win|master sun
|raw|Ladder updating...
|leave|OTRTVC
|player|p2
|raw|master sun's rating: 1633 &rarr; <strong>1660<\/strong><br \/>(+27 for winning)
|raw|OTRTVC's rating: 1750 &rarr; <strong>1724<\/strong><br \/>(-26 for losing)