|join|Neutricity
|join|AcidBurnz
|player|p1|Neutricity|52
|player|p2|AcidBurnz|161
|gametype|singles
|gen|6
|tier|OU
|rated
|clearpoke
|poke|p1|Metagross
|poke|p1|Entei, shiny
|poke|p1|Gengar, M
|poke|p1|Porygon2
|poke|p1|Sylveon, F
|poke|p1|Donphan, F
|poke|p2|Gyarados, F
|poke|p2|Zapdos
|poke|p2|Latios, M
|poke|p2|Ferrothorn, F
|poke|p2|Terrakion
|poke|p2|Heatran, F
|rule|Swagger Clause: Swagger is banned
|rule|Baton Pass Clause: Limit one Pokémon knowing Baton Pass
|rule|Sleep Clause Mod: Limit one foe put to sleep
|rule|Species Clause: Limit one of each Pokémon
|rule|OHKO Clause: OHKO moves are banned
|rule|Moody Clause: Moody is banned
|rule|Evasion Moves Clause: Evasion moves are banned
|rule|Endless Battle Clause: Forcing endless battles is banned
|rule|HP Percentage Mod: HP is shown in percentages
|teampreview
|
|start
|switch|p1a: Entei|Entei, shiny|371\/371
|switch|p2a: Zapdos|Zapdos|321\/321
|-ability|p2a: Zapdos|Pressure
|-ability|p1a: Entei|Pressure
|turn|1
|
|move|p2a: Zapdos|Volt Switch|p1a: Entei
|-damage|p1a: Entei|293\/371
|
|switch|p2a: Heatran|Heatran, F|386\/386
|-item|p2a: Heatran|Air Balloon
|move|p1a: Entei|Sacred Fire|p2a: Heatran
|-start|p2a: Heatran|ability: Flash Fire
|
|turn|2
|
|move|p1a: Entei|Extreme Speed|p2a: Heatran
|-resisted|p2a: Heatran
|-damage|p2a: Heatran|337\/386
|-enditem|p2a: Heatran|Air Balloon
|move|p2a: Heatran|Earth Power|p1a: Entei
|-supereffective|p1a: Entei
|-damage|p1a: Entei|179\/371
|
|turn|3
|
|switch|p2a: Latios|Latios, M|302\/302
|move|p1a: Entei|Bulldoze|p2a: Latios
|-immune|p2a: Latios|[msg]
|
|turn|4
|
|switch|p1a: Sylveon|Sylveon, F|394\/394
|move|p2a: Latios|Psyshock|p1a: Sylveon
|-damage|p1a: Sylveon|209\/394
|-damage|p2a: Latios|272\/302|[from] item: Life Orb
|
|-heal|p1a: Sylveon|233\/394|[from] item: Leftovers
|turn|5
|
|switch|p2a: Ferrothorn|Ferrothorn, F|352\/352
|move|p1a: Sylveon|Baton Pass|p1a: Sylveon
|
|switch|p1a: Entei|Entei, shiny|179\/371
|-ability|p1a: Entei|Pressure
|
|turn|6
|
|move|p2a: Ferrothorn|Protect|p2a: Ferrothorn
|-singleturn|p2a: Ferrothorn|Protect
|move|p1a: Entei|Bulldoze|p2a: Ferrothorn
|-activate|p2a: Ferrothorn|Protect
|
|turn|7
|
|switch|p2a: Latios|Latios, M|272\/302
|move|p1a: Entei|Sacred Fire|p2a: Latios
|-resisted|p2a: Latios
|-damage|p2a: Latios|143\/302
|
|turn|8
|
|switch|p1a: Porygon2|Porygon2|374\/374
|-boost|p1a: Porygon2|atk|1|[from] ability: Download
|move|p2a: Latios|Draco Meteor|p1a: Porygon2
|-crit|p1a: Porygon2
|-damage|p1a: Porygon2|150\/374
|-unboost|p2a: Latios|spa|2
|-damage|p2a: Latios|113\/302|[from] item: Life Orb
|
|turn|9
|
|switch|p2a: Terrakion|Terrakion|324\/324
|move|p1a: Porygon2|Recover|p1a: Porygon2
|-heal|p1a: Porygon2|337\/374
|
|turn|10
|
|switch|p1a: Donphan|Donphan, F|384\/384
|move|p2a: Terrakion|Stone Edge|p1a: Donphan|[miss]
|-miss|p2a: Terrakion|p1a: Donphan
|
|turn|11
|
|switch|p2a: Gyarados|Gyarados, F|331\/331
|-ability|p2a: Gyarados|Intimidate|[of] p1a: Donphan
|-unboost|p1a: Donphan|atk|1
|move|p1a: Donphan|Knock Off|p2a: Gyarados
|-damage|p2a: Gyarados|267\/331
|
|turn|12
|
|switch|p1a: Porygon2|Porygon2|337\/374
|-boost|p1a: Porygon2|atk|1|[from] ability: Download
|move|p2a: Gyarados|Dragon Dance|p2a: Gyarados
|-boost|p2a: Gyarados|atk|1
|-boost|p2a: Gyarados|spe|1
|
|turn|13
|
|detailschange|p2a: Gyarados|Gyarados-Mega, F
|message|Gyarados has Mega Evolved into Mega Gyarados!
|-ability|p2a: Gyarados|Mold Breaker
|move|p2a: Gyarados|Crunch|p1a: Porygon2
|-damage|p1a: Porygon2|156\/374
|move|p1a: Porygon2|Discharge|p2a: Gyarados
|-supereffective|p2a: Gyarados
|-damage|p2a: Gyarados|161\/331
|
|turn|14
|
|move|p2a: Gyarados|Crunch|p1a: Porygon2
|-crit|p1a: Porygon2
|-damage|p1a: Porygon2|0 fnt
|faint|p1a: Porygon2
|
|
|switch|p1a: Donphan|Donphan, F|384\/384
|turn|15
|
|move|p2a: Gyarados|Waterfall|p1a: Donphan
|-supereffective|p1a: Donphan
|-damage|p1a: Donphan|0 fnt
|faint|p1a: Donphan
|
|
|switch|p1a: Sylveon|Sylveon, F|233\/394
|turn|16
|
|move|p2a: Gyarados|Waterfall|p1a: Sylveon
|-crit|p1a: Sylveon
|-damage|p1a: Sylveon|0 fnt
|faint|p1a: Sylveon
|
|
|switch|p1a: Metagross|Metagross|364\/364
|turn|17
|
|detailschange|p1a: Metagross|Metagross-Mega
|message|Metagross has Mega Evolved into Mega Metagross!
|move|p2a: Gyarados|Crunch|p1a: Metagross
|-crit|p1a: Metagross
|-supereffective|p1a: Metagross
|-damage|p1a: Metagross|0 fnt
|faint|p1a: Metagross
|
|c|★AcidBurnz|gg
|
|switch|p1a: Entei|Entei, shiny|179\/371
|-ability|p1a: Entei|Pressure
|turn|18
|c|★Neutricity|gosh darn son
|
|move|p1a: Entei|Extreme Speed|p2a: Gyarados
|-crit|p2a: Gyarados
|-damage|p2a: Gyarados|34\/331
|move|p2a: Gyarados|Earthquake|p1a: Entei
|-supereffective|p1a: Entei
|-damage|p1a: Entei|0 fnt
|faint|p1a: Entei
|
|
|switch|p1a: Gengar|Gengar, M|262\/262
|turn|19
|
|move|p2a: Gyarados|Crunch|p1a: Gengar
|-supereffective|p1a: Gengar
|-damage|p1a: Gengar|0 fnt
|faint|p1a: Gengar
|
|win|AcidBurnz
|raw|Ladder updating...
|leave|AcidBurnz
|player|p2