|join|acidburnz
|join|z0mOG
|player|p1|acidburnz|161
|player|p2|z0mOG|#cpgtan
|gametype|singles
|gen|6
|tier|OU
|rated
|clearpoke
|poke|p1|Gyarados, M
|poke|p1|Thundurus, M
|poke|p1|Latios, M
|poke|p1|Ferrothorn, M
|poke|p1|Garchomp, M
|poke|p1|Heatran, F
|poke|p2|Azumarill, M
|poke|p2|Magnezone
|poke|p2|Landorus-Therian, M
|poke|p2|Manaphy
|poke|p2|Latios, M
|poke|p2|Ferrothorn, F
|rule|Swagger Clause: Swagger is banned
|rule|Baton Pass Clause: Limit one Pokémon knowing Baton Pass
|rule|Sleep Clause Mod: Limit one foe put to sleep
|rule|Species Clause: Limit one of each Pokémon
|rule|OHKO Clause: OHKO moves are banned
|rule|Moody Clause: Moody is banned
|rule|Evasion Moves Clause: Evasion moves are banned
|rule|Endless Battle Clause: Forcing endless battles is banned
|rule|HP Percentage Mod: HP is shown in percentages
|teampreview
|join|Landorus
|
|start
|switch|p1a: Thundurus|Thundurus, M|299\/299
|switch|p2a: Memory Lane|Landorus-Therian, M|375\/375
|-ability|p2a: Memory Lane|Intimidate|[of] p1a: Thundurus
|-unboost|p1a: Thundurus|atk|1
|turn|1
|join|Zaeqweqeeeqee
|c| Landorus|Avy looks so good on me
|
|move|p2a: Memory Lane|U-turn|p1a: Thundurus
|-resisted|p1a: Thundurus
|-damage|p1a: Thundurus|246\/299
|c|★z0mOG|ok
|
|switch|p2a: Hotel California|Ferrothorn, F|345\/345
|move|p1a: Thundurus|Hidden Power|p2a: Hotel California
|-damage|p2a: Hotel California|270\/345
|-damage|p1a: Thundurus|217\/299|[from] item: Life Orb
|
|turn|2
|
|move|p2a: Hotel California|Protect|p2a: Hotel California
|-singleturn|p2a: Hotel California|Protect
|move|p1a: Thundurus|Focus Blast|p2a: Hotel California
|-activate|p2a: Hotel California|Protect
|
|turn|3
|
|switch|p2a: Memory Lane|Landorus-Therian, M|375\/375
|-ability|p2a: Memory Lane|Intimidate|[of] p1a: Thundurus
|-unboost|p1a: Thundurus|atk|1
|move|p1a: Thundurus|Focus Blast|p2a: Memory Lane|[miss]
|-miss|p1a: Thundurus|p2a: Memory Lane
|
|turn|4
|c|★acidburnz|darn haha
|join|Kektu's.
|join|comp ebinest
|
|switch|p1a: Ferrothorn|Ferrothorn, M|352\/352
|move|p2a: Memory Lane|U-turn|p1a: Ferrothorn
|-damage|p1a: Ferrothorn|309\/352
|-damage|p2a: Memory Lane|329\/375|[from] ability: Iron Barbs|[of] p1a: Ferrothorn
|c|★acidburnz|what is with all the ppl?
|
|switch|p2a: Crack a Bottle|Magnezone|281\/281
|
|turn|5
|c|★z0mOG|I'm a youtuber
|
|move|p1a: Ferrothorn|Protect|p1a: Ferrothorn
|-singleturn|p1a: Ferrothorn|Protect
|move|p2a: Crack a Bottle|Hidden Power|p1a: Ferrothorn
|-activate|p1a: Ferrothorn|Protect
|
|turn|6
|c|★acidburnz|ohhh ok that explains haha
|c| Kektu's.|z0mOG is marriland
|c| Zaeqweqeeeqee|use subcharge magne
|c|★z0mOG|don't lie kektus
|c| Zaeqweqeeeqee|its so better than this shit
|
|switch|p1a: Gyarados|Gyarados, M|331\/331
|-ability|p1a: Gyarados|Intimidate|[of] p2a: Crack a Bottle
|-unboost|p2a: Crack a Bottle|atk|1
|move|p2a: Crack a Bottle|Hidden Power|p1a: Gyarados
|-resisted|p1a: Gyarados
|-damage|p1a: Gyarados|272\/331
|
|turn|7
|c|★z0mOG|donked
|c| Zaeqweqeeeqee|shedded
|c| Kektu's.|>
|
|switch|p2a: Hotel California|Ferrothorn, F|270\/345
|move|p1a: Gyarados|Dragon Dance|p1a: Gyarados
|-boost|p1a: Gyarados|atk|1
|-boost|p1a: Gyarados|spe|1
|
|turn|8
|c|★z0mOG|shed shell mag is truly the best
|c|★z0mOG|ferro*
|
|move|p1a: Gyarados|Dragon Dance|p1a: Gyarados
|-boost|p1a: Gyarados|atk|1
|-boost|p1a: Gyarados|spe|1
|move|p2a: Hotel California|Stealth Rock|p1a: Gyarados
|-sidestart|p1: acidburnz|move: Stealth Rock
|
|turn|9
|
|detailschange|p1a: Gyarados|Gyarados-Mega, M
|message|Gyarados has Mega Evolved into Mega Gyarados!
|-ability|p1a: Gyarados|Mold Breaker
|move|p1a: Gyarados|Crunch|p2a: Hotel California
|-damage|p2a: Hotel California|42\/345
|-damage|p1a: Gyarados|231\/331|[from] ability: Iron Barbs|[of] p2a: Hotel California
|move|p2a: Hotel California|Leech Seed|p1a: Gyarados
|-start|p1a: Gyarados|move: Leech Seed
|
|-damage|p1a: Gyarados|190\/331|[from] Leech Seed|[of] p2a: Hotel California
|-heal|p2a: Hotel California|83\/345|[silent]
|turn|10
|c| Zaeqweqeeeqee|subcharge magne would have won that exchange
|c| Kektu's.|yes indeed
|c| Kektu's.|shedshell mag
|leave|Landorus
|c| Kektu's.|gotta escape those pesky magnet pull ferros
|c|★z0mOG|u knew what i meaned!
|
|move|p2a: Hotel California|Protect|p2a: Hotel California
|-singleturn|p2a: Hotel California|Protect
|move|p1a: Gyarados|Dragon Dance|p1a: Gyarados
|-boost|p1a: Gyarados|atk|1
|-boost|p1a: Gyarados|spe|1
|
|-damage|p1a: Gyarados|149\/331|[from] Leech Seed|[of] p2a: Hotel California
|-heal|p2a: Hotel California|124\/345|[silent]
|turn|11
|
|move|p2a: Hotel California|Protect|p2a: Hotel California
|-singleturn|p2a: Hotel California|Protect
|move|p1a: Gyarados|Crunch|p2a: Hotel California
|-activate|p2a: Hotel California|Protect
|
|-damage|p1a: Gyarados|108\/331|[from] Leech Seed|[of] p2a: Hotel California
|-heal|p2a: Hotel California|165\/345|[silent]
|turn|12
|c|★acidburnz|damn haha
|
|move|p1a: Gyarados|Crunch|p2a: Hotel California
|-damage|p2a: Hotel California|0 fnt
|-damage|p1a: Gyarados|67\/331|[from] ability: Iron Barbs|[of] p2a: Hotel California
|faint|p2a: Hotel California
|
|c|★z0mOG|+3 252+ Atk Gyarados Earthquake vs. 228 HP \/ 0 Def Azumarill: 350-412 (87.9 - 103.5%) -- 25% chance to OHKO
|c|★z0mOG|welp
|c|★z0mOG|here goes
|
|switch|p2a: Luv(Sic.)|Azumarill, M|341\/341
|turn|13
|
|move|p2a: Luv(Sic.)|Aqua Jet|p1a: Gyarados
|-resisted|p1a: Gyarados
|-damage|p1a: Gyarados|25\/331
|move|p1a: Gyarados|Earthquake|p2a: Luv(Sic.)
|-damage|p2a: Luv(Sic.)|0 fnt
|faint|p2a: Luv(Sic.)
|
|c|★z0mOG|nope
|join|BCJ
|c| Kektu's.|epic.
|c| comp ebinest|zom
|c|★acidburnz|what is your youtube name?
|
|switch|p2a: Chum|Manaphy|401\/401
|turn|14
|c| comp ebinest|u
|c| comp ebinest|'
|c| comp ebinest|r
|c| comp ebinest|e
|c| comp ebinest|b
|c| comp ebinest|a
|c| comp ebinest|d
|c|★z0mOG|http:\/\/youtube.com\/chimpact
|
|move|p1a: Gyarados|Crunch|p2a: Chum
|-damage|p2a: Chum|35\/401
|-unboost|p2a: Chum|def|1
|move|p2a: Chum|Tail Glow|p2a: Chum
|-boost|p2a: Chum|spa|3
|
|-heal|p2a: Chum|60\/401|[from] item: Leftovers
|-damage|p1a: Gyarados|0 fnt|[from] Leech Seed|[of] p2a: Chum
|-heal|p2a: Chum|85\/401|[silent]
|faint|p1a: Gyarados
|c|★acidburnz|oh chimpact, love your vids man
|c| Kektu's.|:]
|c|★z0mOG|thanks :D
|c| comp ebinest|:]
|c| comp ebinest|im a fan too
|c| Kektu's.|stop dont tell him omg
|
|switch|p1a: Latios|Latios, M|302\/302
|-damage|p1a: Latios|265\/302|[from] Stealth Rock
|turn|15
|c| Kektu's.|now ur gonna get spammed
|c| Kektu's.|-_-
|c|★z0mOG|:\/\/
|
|move|p1a: Latios|Psyshock|p2a: Chum
|-damage|p2a: Chum|0 fnt
|-damage|p1a: Latios|235\/302|[from] item: Life Orb
|faint|p2a: Chum
|
|
|switch|p2a: Memory Lane|Landorus-Therian, M|329\/375
|-ability|p2a: Memory Lane|Intimidate|[of] p1a: Latios
|-unboost|p1a: Latios|atk|1
|turn|16
|
|switch|p1a: Ferrothorn|Ferrothorn, M|309\/352
|-damage|p1a: Ferrothorn|287\/352|[from] Stealth Rock
|move|p2a: Memory Lane|U-turn|p1a: Ferrothorn
|-damage|p1a: Ferrothorn|243\/352
|-damage|p2a: Memory Lane|283\/375|[from] ability: Iron Barbs|[of] p1a: Ferrothorn
|
|switch|p2a: Crack a Bottle|Magnezone|281\/281
|
|turn|17
|
|move|p1a: Ferrothorn|Protect|p1a: Ferrothorn
|-singleturn|p1a: Ferrothorn|Protect
|move|p2a: Crack a Bottle|Hidden Power|p1a: Ferrothorn
|-activate|p1a: Ferrothorn|Protect
|
|turn|18
|
|switch|p2a: Memory Lane|Landorus-Therian, M|283\/375
|-ability|p2a: Memory Lane|Intimidate|[of] p1a: Ferrothorn
|-unboost|p1a: Ferrothorn|atk|1
|switch|p1a: Garchomp|Garchomp, M|358\/358
|-damage|p1a: Garchomp|336\/358|[from] Stealth Rock
|
|turn|19
|
|move|p1a: Garchomp|Outrage|p2a: Memory Lane
|-damage|p2a: Memory Lane|63\/375
|move|p2a: Memory Lane|Earthquake|p1a: Garchomp
|-crit|p1a: Garchomp
|-damage|p1a: Garchomp|96\/358
|
|turn|20
|c|★z0mOG|scarfchomp
|
|switch|p2a: Crack a Bottle|Magnezone|281\/281
|move|p1a: Garchomp|Outrage|p2a: Crack a Bottle
|-resisted|p2a: Crack a Bottle
|-damage|p2a: Crack a Bottle|188\/281
|
|turn|21
|c|★z0mOG|I like it tbh
|c|★acidburnz|thanks
|
|move|p1a: Garchomp|Outrage|p2a: Crack a Bottle
|-resisted|p2a: Crack a Bottle
|-damage|p2a: Crack a Bottle|94\/281
|move|p2a: Crack a Bottle|Flash Cannon|p1a: Garchomp
|-damage|p1a: Garchomp|0 fnt
|faint|p1a: Garchomp
|
|
|switch|p1a: Heatran|Heatran, F|386\/386
|-damage|p1a: Heatran|338\/386|[from] Stealth Rock
|turn|22
|
|switch|p2a: Superfast|Latios, M|301\/301
|move|p1a: Heatran|Toxic|p2a: Superfast
|-status|p2a: Superfast|tox
|
|-heal|p1a: Heatran|362\/386|[from] item: Leftovers
|-damage|p2a: Superfast|283\/301 tox|[from] psn
|turn|23
|
|detailschange|p2a: Superfast|Latios-Mega, M
|message|Latios has Mega Evolved into Mega Latios!
|move|p1a: Heatran|Protect|p1a: Heatran
|-singleturn|p1a: Heatran|Protect
|move|p2a: Superfast|Earthquake|p1a: Heatran
|-activate|p1a: Heatran|Protect
|
|-heal|p1a: Heatran|386\/386|[from] item: Leftovers
|-damage|p2a: Superfast|247\/301 tox|[from] psn
|turn|24
|
|switch|p1a: Ferrothorn|Ferrothorn, M|243\/352
|-damage|p1a: Ferrothorn|221\/352|[from] Stealth Rock
|move|p2a: Superfast|Dragon Dance|p2a: Superfast
|-boost|p2a: Superfast|atk|1
|-boost|p2a: Superfast|spe|1
|
|-damage|p2a: Superfast|193\/301 tox|[from] psn
|turn|25
|
|move|p2a: Superfast|Earthquake|p1a: Ferrothorn
|-damage|p1a: Ferrothorn|100\/352
|move|p1a: Ferrothorn|Gyro Ball|p2a: Superfast
|-damage|p2a: Superfast|27\/301 tox
|
|-damage|p2a: Superfast|0 fnt|[from] psn
|faint|p2a: Superfast
|
|switch|p2a: Crack a Bottle|Magnezone|94\/281
|turn|26
|
|move|p1a: Ferrothorn|Protect|p1a: Ferrothorn
|-singleturn|p1a: Ferrothorn|Protect
|move|p2a: Crack a Bottle|Thunderbolt|p1a: Ferrothorn
|-activate|p1a: Ferrothorn|Protect
|
|turn|27
|
|move|p2a: Crack a Bottle|Thunderbolt|p1a: Ferrothorn
|-resisted|p1a: Ferrothorn
|-damage|p1a: Ferrothorn|0 fnt
|faint|p1a: Ferrothorn
|
|leave|BCJ
|c|★z0mOG|gg
|
|switch|p1a: Heatran|Heatran, F|386\/386
|-damage|p1a: Heatran|338\/386|[from] Stealth Rock
|turn|28
|c|★acidburnz|gg
|
|move|p2a: Crack a Bottle|Thunderbolt|p1a: Heatran
|-damage|p1a: Heatran|169\/386
|move|p1a: Heatran|Lava Plume|p2a: Crack a Bottle
|-supereffective|p2a: Crack a Bottle
|-damage|p2a: Crack a Bottle|0 fnt
|faint|p2a: Crack a Bottle
|
|-heal|p1a: Heatran|193\/386|[from] item: Leftovers
|
|switch|p2a: Memory Lane|Landorus-Therian, M|63\/375
|-ability|p2a: Memory Lane|Intimidate|[of] p1a: Heatran
|-unboost|p1a: Heatran|atk|1
|turn|29
|
|move|p2a: Memory Lane|Knock Off|p1a: Heatran
|-damage|p1a: Heatran|89\/386
|-enditem|p1a: Heatran|Leftovers|[from] move: Knock Off|[of] p2a: Memory Lane
|move|p1a: Heatran|Lava Plume|p2a: Memory Lane
|-damage|p2a: Memory Lane|0 fnt
|faint|p2a: Memory Lane
|
|win|acidburnz
|raw|Ladder updating...
|raw|acidburnz's rating: 1559 &rarr; <strong>1577<\/strong><br \/>(+18 for winning)
|raw|z0mOG's rating: 1531 &rarr; <strong>1513<\/strong><br \/>(-18 for losing)
|c|★acidburnz|great battle
|leave|Zaeqweqeeeqee
|leave|z0mOG
|player|p2
|join|Landorus