|join|Last Earth
|join|Acemanassasin
|player|p1|Last Earth|258
|player|p2|Acemanassasin|120
|gametype|singles
|gen|6
|tier|UU
|rated
|rule|Sleep Clause Mod: Limit one foe put to sleep
|rule|Species Clause: Limit one of each Pokémon
|rule|OHKO Clause: OHKO moves are banned
|rule|Moody Clause: Moody is banned
|rule|Evasion Moves Clause: Evasion moves are banned
|rule|Endless Battle Clause: Forcing endless battles is banned
|rule|HP Percentage Mod: HP is shown in percentages
|clearpoke
|poke|p1|Jirachi
|poke|p1|Alakazam, M
|poke|p1|Suicune
|poke|p1|Mienshao, F
|poke|p1|Crobat, F
|poke|p1|Serperior, M
|poke|p2|Diancie
|poke|p2|Suicune
|poke|p2|Celebi
|poke|p2|Darmanitan, M
|poke|p2|Bronzong
|poke|p2|Crobat, F
|rule|Swagger Clause: Swagger is banned
|rule|Baton Pass Clause: Limit one Pokémon knowing Baton Pass
|teampreview
|
|start
|switch|p1a: Mienshao|Mienshao, F|271\/271
|switch|p2a: Crobat|Crobat, F|373\/373
|turn|1
|
|move|p1a: Mienshao|U-turn|p2a: Crobat
|-resisted|p2a: Crobat
|-damage|p2a: Crobat|349\/373
|
|switch|p1a: Jirachi|Jirachi|341\/341
|move|p2a: Crobat|Brave Bird|p1a: Jirachi
|-resisted|p1a: Jirachi
|-damage|p1a: Jirachi|274\/341
|-damage|p2a: Crobat|327\/373|[from] recoil|[of] p1a: Jirachi
|
|-heal|p2a: Crobat|350\/373|[from] item: Black Sludge
|-heal|p1a: Jirachi|295\/341|[from] item: Leftovers
|turn|2
|
|move|p2a: Crobat|U-turn|p1a: Jirachi
|-damage|p1a: Jirachi|243\/341
|
|switch|p2a: Darmanitan|Darmanitan, M|351\/351
|move|p1a: Jirachi|U-turn|p2a: Darmanitan
|-resisted|p2a: Darmanitan
|-damage|p2a: Darmanitan|293\/351
|
|switch|p1a: Mienshao|Mienshao, F|271\/271
|
|turn|3
|
|switch|p2a: Crobat|Crobat, F|350\/373
|move|p1a: Mienshao|U-turn|p2a: Crobat
|-resisted|p2a: Crobat
|-damage|p2a: Crobat|326\/373
|
|switch|p1a: Jirachi|Jirachi|243\/341
|
|-heal|p2a: Crobat|349\/373|[from] item: Black Sludge
|-heal|p1a: Jirachi|264\/341|[from] item: Leftovers
|turn|4
|
|move|p2a: Crobat|Brave Bird|p1a: Jirachi
|-resisted|p1a: Jirachi
|-damage|p1a: Jirachi|190\/341
|-damage|p2a: Crobat|325\/373|[from] recoil|[of] p1a: Jirachi
|move|p1a: Jirachi|Stealth Rock|p2a: Crobat
|-sidestart|p2: Acemanassasin|move: Stealth Rock
|
|-heal|p2a: Crobat|348\/373|[from] item: Black Sludge
|-heal|p1a: Jirachi|211\/341|[from] item: Leftovers
|turn|5
|
|move|p2a: Crobat|Defog|p1a: Jirachi
|-unboost|p1a: Jirachi|evasion|1
|-sideend|p2: Acemanassasin|Stealth Rock|[from] move: Defog|[of] p2a: Crobat
|move|p1a: Jirachi|Iron Head|p2a: Crobat
|-damage|p2a: Crobat|213\/373
|
|-heal|p2a: Crobat|236\/373|[from] item: Black Sludge
|-heal|p1a: Jirachi|232\/341|[from] item: Leftovers
|turn|6
|
|move|p2a: Crobat|U-turn|p1a: Jirachi
|-damage|p1a: Jirachi|177\/341
|
|switch|p2a: Darmanitan|Darmanitan, M|293\/351
|move|p1a: Jirachi|Iron Head|p2a: Darmanitan
|-resisted|p2a: Darmanitan
|-damage|p2a: Darmanitan|194\/351
|
|-heal|p1a: Jirachi|198\/341|[from] item: Leftovers
|turn|7
|
|switch|p1a: Suicune|Suicune|404\/404
|-ability|p1a: Suicune|Pressure
|move|p2a: Darmanitan|U-turn|p1a: Suicune
|-damage|p1a: Suicune|348\/404
|
|switch|p2a: Celebi|Celebi|341\/341
|
|-heal|p1a: Suicune|373\/404|[from] item: Leftovers
|turn|8
|
|switch|p1a: Crobat|Crobat, F|365\/365
|move|p2a: Celebi|U-turn|p1a: Crobat
|-resisted|p1a: Crobat
|-damage|p1a: Crobat|345\/365
|
|switch|p2a: Diancie|Diancie|241\/241
|
|-heal|p1a: Crobat|365\/365|[from] item: Leftovers
|turn|9
|
|detailschange|p2a: Diancie|Diancie-Mega
|-mega|p2a: Diancie|Diancie|Diancite
|move|p1a: Crobat|U-turn|p2a: Diancie
|-resisted|p2a: Diancie
|-damage|p2a: Diancie|213\/241
|
|switch|p1a: Jirachi|Jirachi|198\/341
|move|p2a: Diancie|Moonblast|p1a: Jirachi
|-resisted|p1a: Jirachi
|-damage|p1a: Jirachi|87\/341
|-unboost|p1a: Jirachi|spa|1
|
|-heal|p1a: Jirachi|108\/341|[from] item: Leftovers
|turn|10
|
|switch|p2a: Bronzong|Bronzong|337\/337
|move|p1a: Jirachi|Iron Head|p2a: Bronzong
|-resisted|p2a: Bronzong
|-damage|p2a: Bronzong|283\/337
|
|-heal|p1a: Jirachi|129\/341|[from] item: Leftovers
|turn|11
|
|move|p1a: Jirachi|Stealth Rock|p2a: Bronzong
|-sidestart|p2: Acemanassasin|move: Stealth Rock
|move|p2a: Bronzong|Reflect|p2a: Bronzong
|-sidestart|p2: Acemanassasin|Reflect
|
|-heal|p1a: Jirachi|150\/341|[from] item: Leftovers
|turn|12
|
|move|p1a: Jirachi|U-turn|p2a: Bronzong
|-crit|p2a: Bronzong
|-damage|p2a: Bronzong|194\/337
|
|switch|p1a: Suicune|Suicune|373\/404
|-ability|p1a: Suicune|Pressure
|move|p2a: Bronzong|Light Screen|p2a: Bronzong
|-sidestart|p2: Acemanassasin|move: Light Screen
|
|-heal|p1a: Suicune|398\/404|[from] item: Leftovers
|turn|13
|
|move|p1a: Suicune|Scald|p2a: Bronzong
|-damage|p2a: Bronzong|165\/337
|move|p2a: Bronzong|Stealth Rock|p1a: Suicune
|-sidestart|p1: Last Earth|move: Stealth Rock
|
|-heal|p1a: Suicune|404\/404|[from] item: Leftovers
|turn|14
|
|switch|p2a: Celebi|Celebi|341\/341
|-damage|p2a: Celebi|299\/341|[from] Stealth Rock
|move|p1a: Suicune|Scald|p2a: Celebi
|-resisted|p2a: Celebi
|-damage|p2a: Celebi|279\/341
|
|-heal|p2a: Celebi|300\/341|[from] item: Leftovers
|turn|15
|
|switch|p1a: Crobat|Crobat, F|365\/365
|-damage|p1a: Crobat|274\/365|[from] Stealth Rock
|move|p2a: Celebi|Swords Dance|p2a: Celebi
|-boost|p2a: Celebi|atk|2
|
|-heal|p1a: Crobat|296\/365|[from] item: Leftovers
|-heal|p2a: Celebi|321\/341|[from] item: Leftovers
|turn|16
|
|move|p2a: Celebi|Sucker Punch|p1a: Crobat
|-fail|p1a: Crobat
|move|p1a: Crobat|Defog|p2a: Celebi
|-unboost|p2a: Celebi|evasion|1
|-sideend|p2: Acemanassasin|Reflect
|-sideend|p2: Acemanassasin|Reflect|[from] move: Defog|[of] p2a: Celebi
|-sideend|p2: Acemanassasin|move: Light Screen
|-sideend|p2: Acemanassasin|Light Screen|[from] move: Defog|[of] p2a: Celebi
|-sideend|p2: Acemanassasin|Stealth Rock|[from] move: Defog|[of] p2a: Celebi
|-sideend|p1: Last Earth|Stealth Rock|[from] move: Defog|[of] p1a: Crobat
|
|-heal|p1a: Crobat|318\/365|[from] item: Leftovers
|-heal|p2a: Celebi|341\/341|[from] item: Leftovers
|turn|17
|c|★Acemanassasin|uhmmmm
|
|switch|p2a: Crobat|Crobat, F|236\/373
|move|p1a: Crobat|Brave Bird|p2a: Crobat
|-damage|p2a: Crobat|85\/373
|-damage|p1a: Crobat|268\/365|[from] recoil|[of] p2a: Crobat
|
|-heal|p1a: Crobat|290\/365|[from] item: Leftovers
|-heal|p2a: Crobat|108\/373|[from] item: Black Sludge
|turn|18
|
|switch|p2a: Bronzong|Bronzong|165\/337
|move|p1a: Crobat|Brave Bird|p2a: Bronzong
|-resisted|p2a: Bronzong
|-damage|p2a: Bronzong|106\/337
|-damage|p1a: Crobat|271\/365|[from] recoil|[of] p2a: Bronzong
|
|-heal|p1a: Crobat|293\/365|[from] item: Leftovers
|turn|19
|c|★Acemanassasin|run away
|
|move|p1a: Crobat|U-turn|p2a: Bronzong
|-damage|p2a: Bronzong|58\/337
|
|switch|p1a: Suicune|Suicune|404\/404
|-ability|p1a: Suicune|Pressure
|move|p2a: Bronzong|Reflect|p2a: Bronzong
|-sidestart|p2: Acemanassasin|Reflect
|
|turn|20
|
|move|p1a: Suicune|Scald|p2a: Bronzong
|-damage|p2a: Bronzong|4\/337
|move|p2a: Bronzong|Light Screen|p2a: Bronzong
|-sidestart|p2: Acemanassasin|move: Light Screen
|
|turn|21
|
|switch|p1a: Crobat|Crobat, F|293\/365
|move|p2a: Bronzong|Stealth Rock|p1a: Crobat
|-sidestart|p1: Last Earth|move: Stealth Rock
|
|-heal|p1a: Crobat|315\/365|[from] item: Leftovers
|turn|22
|
|move|p1a: Crobat|Defog|p2a: Bronzong
|-unboost|p2a: Bronzong|evasion|1
|-sideend|p2: Acemanassasin|Reflect
|-sideend|p2: Acemanassasin|Reflect|[from] move: Defog|[of] p2a: Bronzong
|-sideend|p2: Acemanassasin|move: Light Screen
|-sideend|p2: Acemanassasin|Light Screen|[from] move: Defog|[of] p2a: Bronzong
|-sideend|p1: Last Earth|Stealth Rock|[from] move: Defog|[of] p1a: Crobat
|move|p2a: Bronzong|Explosion|p1a: Crobat
|-damage|p1a: Crobat|110\/365
|faint|p2a: Bronzong
|
|-heal|p1a: Crobat|132\/365|[from] item: Leftovers
|
|switch|p2a: Diancie|Diancie-Mega|213\/241
|turn|23
|
|move|p1a: Crobat|Roost|p1a: Crobat
|-heal|p1a: Crobat|315\/365
|move|p2a: Diancie|Rock Polish|p2a: Diancie
|-boost|p2a: Diancie|spe|2
|
|-heal|p1a: Crobat|337\/365|[from] item: Leftovers
|turn|24
|
|move|p2a: Diancie|Diamond Storm|p1a: Crobat
|-supereffective|p1a: Crobat
|-damage|p1a: Crobat|0 fnt
|faint|p1a: Crobat
|
|
|switch|p1a: Suicune|Suicune|404\/404
|-ability|p1a: Suicune|Pressure
|turn|25
|
|switch|p2a: Celebi|Celebi|341\/341
|move|p1a: Suicune|Scald|p2a: Celebi
|-resisted|p2a: Celebi
|-damage|p2a: Celebi|301\/341
|
|-heal|p2a: Celebi|322\/341|[from] item: Leftovers
|turn|26
|
|move|p2a: Celebi|Swords Dance|p2a: Celebi
|-boost|p2a: Celebi|atk|2
|move|p1a: Suicune|Scald|p2a: Celebi
|-resisted|p2a: Celebi
|-damage|p2a: Celebi|279\/341
|
|-heal|p2a: Celebi|300\/341|[from] item: Leftovers
|turn|27
|
|switch|p1a: Jirachi|Jirachi|150\/341
|move|p2a: Celebi|Seed Bomb|p1a: Jirachi
|-resisted|p1a: Jirachi
|-damage|p1a: Jirachi|38\/341
|
|-heal|p2a: Celebi|321\/341|[from] item: Leftovers
|-heal|p1a: Jirachi|59\/341|[from] item: Leftovers
|turn|28
|
|move|p1a: Jirachi|Stealth Rock|p2a: Celebi
|-sidestart|p2: Acemanassasin|move: Stealth Rock
|move|p2a: Celebi|Seed Bomb|p1a: Jirachi
|-resisted|p1a: Jirachi
|-damage|p1a: Jirachi|0 fnt
|faint|p1a: Jirachi
|
|-heal|p2a: Celebi|341\/341|[from] item: Leftovers
|
|switch|p1a: Mienshao|Mienshao, F|271\/271
|turn|29
|
|move|p1a: Mienshao|U-turn|p2a: Celebi
|-supereffective|p2a: Celebi
|-damage|p2a: Celebi|37\/341
|
|switch|p1a: Alakazam|Alakazam, M|251\/251
|move|p2a: Celebi|Seed Bomb|p1a: Alakazam
|-enditem|p1a: Alakazam|Focus Sash
|-damage|p1a: Alakazam|1\/251
|
|-heal|p2a: Celebi|58\/341|[from] item: Leftovers
|turn|30
|
|switch|p1a: Mienshao|Mienshao, F|271\/271
|move|p2a: Celebi|Sucker Punch|p1a: Mienshao
|-fail|p1a: Mienshao
|
|-heal|p2a: Celebi|79\/341|[from] item: Leftovers
|turn|31
|
|switch|p2a: Suicune|Suicune|404\/404
|-damage|p2a: Suicune|354\/404|[from] Stealth Rock
|-ability|p2a: Suicune|Pressure
|move|p1a: Mienshao|U-turn|p2a: Suicune
|-damage|p2a: Suicune|299\/404
|
|switch|p1a: Serperior|Serperior, M|291\/291
|
|-heal|p2a: Suicune|324\/404|[from] item: Leftovers
|turn|32
|
|switch|p2a: Crobat|Crobat, F|108\/373
|-damage|p2a: Crobat|15\/373|[from] Stealth Rock
|move|p1a: Serperior|Knock Off|p2a: Crobat
|-damage|p2a: Crobat|0 fnt
|-enditem|p2a: Crobat|Black Sludge|[from] move: Knock Off|[of] p1a: Serperior
|-damage|p1a: Serperior|262\/291|[from] item: Life Orb
|faint|p2a: Crobat
|
|
|switch|p2a: Darmanitan|Darmanitan, M|194\/351
|-damage|p2a: Darmanitan|107\/351|[from] Stealth Rock
|turn|33
|
|switch|p1a: Alakazam|Alakazam, M|1\/251
|move|p2a: Darmanitan|U-turn|p1a: Alakazam
|-supereffective|p1a: Alakazam
|-damage|p1a: Alakazam|0 fnt
|faint|p1a: Alakazam
|
|switch|p2a: Diancie|Diancie-Mega|213\/241
|-damage|p2a: Diancie|183\/241|[from] Stealth Rock
|
|
|switch|p1a: Serperior|Serperior, M|262\/291
|turn|34
|
|move|p1a: Serperior|Leaf Storm|p2a: Diancie
|-supereffective|p2a: Diancie
|-damage|p2a: Diancie|0 fnt
|-boost|p1a: Serperior|spa|2
|-damage|p1a: Serperior|233\/291|[from] item: Life Orb
|faint|p2a: Diancie
|
|
|switch|p2a: Darmanitan|Darmanitan, M|107\/351
|-damage|p2a: Darmanitan|20\/351|[from] Stealth Rock
|turn|35
|
|switch|p1a: Suicune|Suicune|404\/404
|-ability|p1a: Suicune|Pressure
|move|p2a: Darmanitan|Flare Blitz|p1a: Suicune
|-resisted|p1a: Suicune
|-damage|p1a: Suicune|305\/404
|-damage|p2a: Darmanitan|0 fnt|[from] recoil|[of] p1a: Suicune
|faint|p2a: Darmanitan
|
|-heal|p1a: Suicune|330\/404|[from] item: Leftovers
|-message|Acemanassasin forfeited.
|leave|Acemanassasin
|
|win|Last Earth
|raw|Ladder updating...
|player|p2
|raw|Last Earth's rating: 1420 &rarr; <strong>1437<\/strong><br \/>(+17 for winning)
|raw|Acemanassasin's rating: 1370 &rarr; <strong>1352<\/strong><br \/>(-18 for losing)