|join|Kioskate
|join|lovecraft92
|player|p1|Kioskate|266
|player|p2|lovecraft92|248
|gametype|singles
|gen|6
|tier|OU
|rated
|clearpoke
|poke|p1|Gothitelle, F
|poke|p1|Sableye, M
|poke|p1|Bronzong
|poke|p1|Gyarados, M
|poke|p1|Skarmory, F
|poke|p1|Chansey, F
|poke|p2|Gengar, M, shiny
|poke|p2|Gliscor, M
|poke|p2|Chansey, F
|poke|p2|Mew
|poke|p2|Rotom-Wash, shiny
|poke|p2|Sableye, F
|rule|Swagger Clause: Swagger is banned
|rule|Baton Pass Clause: Limit one Pokémon knowing Baton Pass
|rule|Sleep Clause Mod: Limit one foe put to sleep
|rule|Species Clause: Limit one of each Pokémon
|rule|OHKO Clause: OHKO moves are banned
|rule|Moody Clause: Moody is banned
|rule|Evasion Moves Clause: Evasion moves are banned
|rule|Endless Battle Clause: Forcing endless battles is banned
|rule|HP Percentage Mod: HP is shown in percentages
|teampreview
|
|start
|switch|p1a: Sableye|Sableye, M|303\/303
|switch|p2a: Gliscor|Gliscor, M|312\/312
|turn|1
|
|detailschange|p1a: Sableye|Sableye-Mega, M
|-mega|p1a: Sableye|Sableye|Sablenite
|move|p2a: Gliscor|Protect|p2a: Gliscor
|-singleturn|p2a: Gliscor|Protect
|move|p1a: Sableye|Knock Off|p2a: Gliscor
|-activate|p2a: Gliscor|Protect
|
|-status|p2a: Gliscor|tox|[from] item: Toxic Orb
|turn|2
|
|move|p2a: Gliscor|Earthquake|p1a: Sableye
|-damage|p1a: Sableye|224\/303
|move|p1a: Sableye|Will-O-Wisp|p2a: Gliscor
|-fail|p2a: Gliscor
|
|turn|3
|
|move|p2a: Gliscor|Earthquake|p1a: Sableye
|-damage|p1a: Sableye|145\/303
|move|p1a: Sableye|Knock Off|p2a: Gliscor
|-damage|p2a: Gliscor|239\/312 tox
|-enditem|p2a: Gliscor|Toxic Orb|[from] move: Knock Off|[of] p1a: Sableye
|
|-heal|p2a: Gliscor|278\/312 tox|[from] ability: Poison Heal
|turn|4
|
|move|p2a: Gliscor|Earthquake|p1a: Sableye
|-damage|p1a: Sableye|66\/303
|move|p1a: Sableye|Recover|p1a: Sableye
|-heal|p1a: Sableye|218\/303
|
|-heal|p2a: Gliscor|312\/312 tox|[from] ability: Poison Heal
|turn|5
|
|move|p2a: Gliscor|Earthquake|p1a: Sableye
|-damage|p1a: Sableye|143\/303
|move|p1a: Sableye|Recover|p1a: Sableye
|-heal|p1a: Sableye|295\/303
|
|turn|6
|
|switch|p1a: Gyarados|Gyarados, M|393\/393
|-ability|p1a: Gyarados|Intimidate|[of] p2a: Gliscor
|-unboost|p2a: Gliscor|atk|1
|move|p2a: Gliscor|Earthquake|p1a: Gyarados
|-immune|p1a: Gyarados|[msg]
|
|turn|7
|
|switch|p1a: Sableye|Sableye-Mega, M|295\/303
|move|p2a: Gliscor|Toxic|p1a: Sableye
|move|p1a: Sableye|Toxic|p2a: Gliscor|[from]Magic Bounce
|-fail|p2a: Gliscor|tox
|
|turn|8
|
|switch|p2a: Sableye|Sableye, F|304\/304
|move|p1a: Sableye|Will-O-Wisp|p2a: Sableye
|-status|p2a: Sableye|brn
|
|-damage|p2a: Sableye|266\/304 brn|[from] brn
|turn|9
|
|detailschange|p2a: Sableye|Sableye-Mega, F
|-mega|p2a: Sableye|Sableye|Sablenite
|move|p2a: Sableye|Calm Mind|p2a: Sableye
|-boost|p2a: Sableye|spa|1
|-boost|p2a: Sableye|spd|1
|move|p1a: Sableye|Knock Off|p2a: Sableye
|-damage|p2a: Sableye|221\/304 brn
|
|-damage|p2a: Sableye|183\/304 brn|[from] brn
|turn|10
|
|move|p1a: Sableye|Foul Play|p2a: Sableye
|-damage|p2a: Sableye|128\/304 brn
|move|p2a: Sableye|Calm Mind|p2a: Sableye
|-boost|p2a: Sableye|spa|1
|-boost|p2a: Sableye|spd|1
|
|-damage|p2a: Sableye|90\/304 brn|[from] brn
|turn|11
|
|switch|p1a: Gyarados|Gyarados, M|393\/393
|-ability|p1a: Gyarados|Intimidate|[of] p2a: Sableye
|-unboost|p2a: Sableye|atk|1
|move|p2a: Sableye|Recover|p2a: Sableye
|-heal|p2a: Sableye|242\/304 brn
|
|-damage|p2a: Sableye|204\/304 brn|[from] brn
|turn|12
|
|move|p1a: Gyarados|Waterfall|p2a: Sableye
|-damage|p2a: Sableye|135\/304 brn
|cant|p2a: Sableye|flinch
|
|-damage|p2a: Sableye|97\/304 brn|[from] brn
|turn|13
|
|move|p1a: Gyarados|Waterfall|p2a: Sableye
|-damage|p2a: Sableye|21\/304 brn
|move|p2a: Sableye|Recover|p2a: Sableye
|-heal|p2a: Sableye|173\/304 brn
|
|-damage|p2a: Sableye|135\/304 brn|[from] brn
|turn|14
|
|move|p1a: Gyarados|Waterfall|p2a: Sableye
|-damage|p2a: Sableye|63\/304 brn
|move|p2a: Sableye|Recover|p2a: Sableye
|-heal|p2a: Sableye|215\/304 brn
|
|-damage|p2a: Sableye|177\/304 brn|[from] brn
|turn|15
|
|move|p1a: Gyarados|Dragon Dance|p1a: Gyarados
|-boost|p1a: Gyarados|atk|1
|-boost|p1a: Gyarados|spe|1
|move|p2a: Sableye|Will-O-Wisp|p1a: Gyarados
|-status|p1a: Gyarados|brn
|
|-damage|p1a: Gyarados|344\/393 brn|[from] brn
|-damage|p2a: Sableye|139\/304 brn|[from] brn
|turn|16
|
|move|p1a: Gyarados|Rest|p1a: Gyarados
|-status|p1a: Gyarados|slp
|-heal|p1a: Gyarados|393\/393 slp|[silent]
|-status|p1a: Gyarados|slp|[from] move: Rest
|move|p2a: Sableye|Recover|p2a: Sableye
|-heal|p2a: Sableye|291\/304 brn
|
|-damage|p2a: Sableye|253\/304 brn|[from] brn
|turn|17
|
|cant|p1a: Gyarados|slp
|move|p1a: Gyarados|Sleep Talk|p1a: Gyarados
|move|p1a: Gyarados|Dragon Dance|p1a: Gyarados|[from]Sleep Talk
|-boost|p1a: Gyarados|atk|1
|-boost|p1a: Gyarados|spe|1
|move|p2a: Sableye|Dark Pulse|p1a: Gyarados
|-damage|p1a: Gyarados|254\/393 slp
|
|-heal|p1a: Gyarados|278\/393 slp|[from] item: Leftovers
|-damage|p2a: Sableye|215\/304 brn|[from] brn
|turn|18
|
|cant|p1a: Gyarados|slp
|move|p1a: Gyarados|Sleep Talk|p1a: Gyarados
|move|p1a: Gyarados|Rest|p1a: Gyarados|[from]Sleep Talk
|-fail|p1a: Gyarados
|move|p2a: Sableye|Dark Pulse|p1a: Gyarados
|-damage|p1a: Gyarados|142\/393 slp
|
|-heal|p1a: Gyarados|166\/393 slp|[from] item: Leftovers
|-damage|p2a: Sableye|177\/304 brn|[from] brn
|turn|19
|
|-curestatus|p1a: Gyarados|slp
|move|p1a: Gyarados|Waterfall|p2a: Sableye
|-damage|p2a: Sableye|24\/304 brn
|move|p2a: Sableye|Recover|p2a: Sableye
|-heal|p2a: Sableye|176\/304 brn
|
|-heal|p1a: Gyarados|190\/393|[from] item: Leftovers
|-damage|p2a: Sableye|138\/304 brn|[from] brn
|turn|20
|
|switch|p2a: Mew|Mew|404\/404
|move|p1a: Gyarados|Waterfall|p2a: Mew
|-damage|p2a: Mew|230\/404
|
|-heal|p1a: Gyarados|214\/393|[from] item: Leftovers
|-heal|p2a: Mew|255\/404|[from] item: Leftovers
|turn|21
|
|move|p1a: Gyarados|Waterfall|p2a: Mew
|-damage|p2a: Mew|84\/404
|move|p2a: Mew|Taunt|p1a: Gyarados
|-start|p1a: Gyarados|move: Taunt
|
|-heal|p1a: Gyarados|238\/393|[from] item: Leftovers
|-heal|p2a: Mew|109\/404|[from] item: Leftovers
|turn|22
|
|move|p1a: Gyarados|Waterfall|p2a: Mew
|-damage|p2a: Mew|0 fnt
|faint|p2a: Mew
|
|-heal|p1a: Gyarados|262\/393|[from] item: Leftovers
|
|switch|p2a: Chansey|Chansey, F|703\/703
|turn|23
|
|switch|p1a: Gothitelle|Gothitelle, F|344\/344
|move|p2a: Chansey|Toxic|p1a: Gothitelle
|-status|p1a: Gothitelle|tox
|
|-damage|p1a: Gothitelle|323\/344 tox|[from] psn
|turn|24
|
|move|p1a: Gothitelle|Trick|p2a: Chansey
|-activate|p1a: Gothitelle|move: Trick|[of] p2a: Chansey
|-item|p2a: Chansey|Choice Scarf|[from] move: Trick
|-item|p1a: Gothitelle|Eviolite|[from] move: Trick
|move|p2a: Chansey|Stealth Rock|p1a: Gothitelle
|-sidestart|p1: Kioskate|move: Stealth Rock
|
|-damage|p1a: Gothitelle|281\/344 tox|[from] psn
|turn|25
|
|move|p2a: Chansey|Stealth Rock|p1a: Gothitelle
|-fail|p1a: Gothitelle
|move|p1a: Gothitelle|Rest|p1a: Gothitelle
|-status|p1a: Gothitelle|slp
|-heal|p1a: Gothitelle|344\/344 slp|[silent]
|-status|p1a: Gothitelle|slp|[from] move: Rest
|
|turn|26
|-message|lovecraft92 forfeited.
|leave|lovecraft92
|
|win|Kioskate
|raw|Ladder updating...
|player|p2
|raw|Kioskate's rating: 1468 &rarr; <strong>1484<\/strong><br \/>(+16 for winning)
|raw|lovecraft92's rating: 1384 &rarr; <strong>1368<\/strong><br \/>(-16 for losing)