|join|Pachirisu Queen
|join|mudla
|player|p1|Pachirisu Queen|138
|player|p2|mudla|6
|gametype|singles
|gen|6
|tier|OU
|rated
|clearpoke
|poke|p1|Breloom, M
|poke|p1|Kyurem
|poke|p1|Landorus-Therian, M
|poke|p1|Magnezone
|poke|p1|Slowbro, F
|poke|p1|Heatran, M
|poke|p2|Mew
|poke|p2|Altaria, M
|poke|p2|Serperior, M
|poke|p2|Magneton
|poke|p2|Landorus-Therian, M
|poke|p2|Gyarados, M
|rule|Swagger Clause: Swagger is banned
|rule|Baton Pass Clause: Limit one Pokémon knowing Baton Pass
|rule|Sleep Clause Mod: Limit one foe put to sleep
|rule|Species Clause: Limit one of each Pokémon
|rule|OHKO Clause: OHKO moves are banned
|rule|Moody Clause: Moody is banned
|rule|Evasion Moves Clause: Evasion moves are banned
|rule|Endless Battle Clause: Forcing endless battles is banned
|rule|HP Percentage Mod: HP is shown in percentages
|teampreview
|join|lord ledian
|
|start
|switch|p1a: Set fire to rain|Heatran, M|385\/385
|switch|p2a: Serperior|Serperior, M|291\/291
|turn|1
|
|move|p2a: Serperior|Hidden Power|p1a: Set fire to rain
|-supereffective|p1a: Set fire to rain
|-damage|p1a: Set fire to rain|193\/385
|-damage|p2a: Serperior|262\/291|[from] item: Life Orb
|move|p1a: Set fire to rain|Lava Plume|p2a: Serperior
|-supereffective|p2a: Serperior
|-damage|p2a: Serperior|4\/291
|
|-heal|p1a: Set fire to rain|217\/385|[from] item: Leftovers
|turn|2
|
|move|p2a: Serperior|Hidden Power|p1a: Set fire to rain
|-supereffective|p1a: Set fire to rain
|-damage|p1a: Set fire to rain|30\/385
|-damage|p2a: Serperior|0 fnt|[from] item: Life Orb
|faint|p2a: Serperior
|move|p1a: Set fire to rain|Lava Plume|p2: Serperior|[notarget]
|-notarget
|
|-heal|p1a: Set fire to rain|54\/385|[from] item: Leftovers
|
|switch|p2a: Magneton|Magneton|241\/241
|turn|3
|
|move|p1a: Set fire to rain|Protect|p1a: Set fire to rain
|-singleturn|p1a: Set fire to rain|Protect
|move|p2a: Magneton|Thunderbolt|p1a: Set fire to rain
|-activate|p1a: Set fire to rain|Protect
|
|-heal|p1a: Set fire to rain|78\/385|[from] item: Leftovers
|turn|4
|
|move|p1a: Set fire to rain|Protect|p1a: Set fire to rain
|-fail|p1a: Set fire to rain
|move|p2a: Magneton|Thunderbolt|p1a: Set fire to rain
|-damage|p1a: Set fire to rain|0 fnt
|faint|p1a: Set fire to rain
|
|
|switch|p1a: Skyfall|Landorus-Therian, M|327\/327
|-ability|p1a: Skyfall|Intimidate|[of] p2a: Magneton
|-unboost|p2a: Magneton|atk|1
|turn|5
|
|switch|p2a: Gyarados|Gyarados, M|353\/353
|-ability|p2a: Gyarados|Intimidate|[of] p1a: Skyfall
|-unboost|p1a: Skyfall|atk|1
|move|p1a: Skyfall|Swords Dance|p1a: Skyfall
|-boost|p1a: Skyfall|atk|2
|
|turn|6
|
|move|p1a: Skyfall|Knock Off|p2a: Gyarados
|-damage|p2a: Gyarados|87\/353
|-enditem|p2a: Gyarados|Leftovers|[from] move: Knock Off|[of] p1a: Skyfall
|move|p2a: Gyarados|Dragon Dance|p2a: Gyarados
|-boost|p2a: Gyarados|atk|1
|-boost|p2a: Gyarados|spe|1
|
|turn|7
|
|switch|p1a: Wake me Up|Breloom, M|319\/319
|move|p2a: Gyarados|Waterfall|p1a: Wake me Up
|-resisted|p1a: Wake me Up
|-damage|p1a: Wake me Up|235\/319
|
|-status|p1a: Wake me Up|tox|[from] item: Toxic Orb
|turn|8
|
|move|p2a: Gyarados|Bounce|p1a: Wake me Up|[still]
|-prepare|p2a: Gyarados|Bounce|p1a: Wake me Up
|move|p1a: Wake me Up|Substitute|p1a: Wake me Up
|-start|p1a: Wake me Up|Substitute
|-damage|p1a: Wake me Up|156\/319 tox
|
|-heal|p1a: Wake me Up|195\/319 tox|[from] ability: Poison Heal
|turn|9
|
|move|p2a: Gyarados|Bounce|p1a: Wake me Up
|-supereffective|p1a: Wake me Up
|-end|p1a: Wake me Up|Substitute
|move|p1a: Wake me Up|Spore|p2a: Gyarados
|-status|p2a: Gyarados|slp
|
|-heal|p1a: Wake me Up|234\/319 tox|[from] ability: Poison Heal
|turn|10
|
|switch|p2a: Landorus-Therian|Landorus-Therian, M|382\/382
|-ability|p2a: Landorus-Therian|Intimidate|[of] p1a: Wake me Up
|-unboost|p1a: Wake me Up|atk|1
|switch|p1a: Skyfall|Landorus-Therian, M|327\/327
|-ability|p1a: Skyfall|Intimidate|[of] p2a: Landorus-Therian
|-unboost|p2a: Landorus-Therian|atk|1
|
|turn|11
|
|move|p1a: Skyfall|Swords Dance|p1a: Skyfall
|-boost|p1a: Skyfall|atk|2
|move|p2a: Landorus-Therian|Knock Off|p1a: Skyfall
|-damage|p1a: Skyfall|244\/327
|-enditem|p1a: Skyfall|Leftovers|[from] move: Knock Off|[of] p2a: Landorus-Therian
|
|turn|12
|
|switch|p2a: Gyarados|Gyarados, M|87\/353 slp
|-ability|p2a: Gyarados|Intimidate|[of] p1a: Skyfall
|-unboost|p1a: Skyfall|atk|1
|move|p1a: Skyfall|Knock Off|p2a: Gyarados
|-damage|p2a: Gyarados|0 fnt
|faint|p2a: Gyarados
|
|
|switch|p2a: Landorus-Therian|Landorus-Therian, M|382\/382
|-ability|p2a: Landorus-Therian|Intimidate|[of] p1a: Skyfall
|-unboost|p1a: Skyfall|atk|1
|turn|13
|
|move|p1a: Skyfall|Swords Dance|p1a: Skyfall
|-boost|p1a: Skyfall|atk|2
|move|p2a: Landorus-Therian|U-turn|p1a: Skyfall
|-resisted|p1a: Skyfall
|-damage|p1a: Skyfall|200\/327
|
|switch|p2a: Altaria|Altaria, M|353\/353
|
|turn|14
|
|detailschange|p2a: Altaria|Altaria-Mega, M
|-mega|p2a: Altaria|Altaria|Altarianite
|move|p1a: Skyfall|Earthquake|p2a: Altaria
|-damage|p2a: Altaria|62\/353
|move|p2a: Altaria|Return|p1a: Skyfall
|-damage|p1a: Skyfall|10\/327
|
|turn|15
|
|switch|p2a: Landorus-Therian|Landorus-Therian, M|382\/382
|-ability|p2a: Landorus-Therian|Intimidate|[of] p1a: Skyfall
|-unboost|p1a: Skyfall|atk|1
|move|p1a: Skyfall|Knock Off|p2a: Landorus-Therian
|-damage|p2a: Landorus-Therian|221\/382
|-enditem|p2a: Landorus-Therian|Leftovers|[from] move: Knock Off|[of] p1a: Skyfall
|
|turn|16
|
|move|p1a: Skyfall|Knock Off|p2a: Landorus-Therian
|-damage|p2a: Landorus-Therian|116\/382
|move|p2a: Landorus-Therian|U-turn|p1a: Skyfall
|-resisted|p1a: Skyfall
|-damage|p1a: Skyfall|0 fnt
|faint|p1a: Skyfall
|
|switch|p2a: Magneton|Magneton|241\/241
|
|
|switch|p1a: Let it go|Kyurem|405\/405
|-ability|p1a: Let it go|Pressure
|turn|17
|
|move|p2a: Magneton|Volt Switch|p1a: Let it go
|-resisted|p1a: Let it go
|-damage|p1a: Let it go|336\/405
|
|switch|p2a: Mew|Mew|403\/403
|move|p1a: Let it go|Earth Power|p2a: Mew
|-damage|p2a: Mew|288\/403
|
|-heal|p1a: Let it go|361\/405|[from] item: Leftovers
|-heal|p2a: Mew|313\/403|[from] item: Leftovers
|turn|18
|
|move|p1a: Let it go|Substitute|p1a: Let it go
|-start|p1a: Let it go|Substitute
|-damage|p1a: Let it go|260\/405
|move|p2a: Mew|Knock Off|p1a: Let it go
|-activate|p1a: Let it go|Substitute|[damage]
|
|-heal|p1a: Let it go|285\/405|[from] item: Leftovers
|-heal|p2a: Mew|338\/403|[from] item: Leftovers
|turn|19
|
|move|p1a: Let it go|Ice Beam|p2a: Mew
|-damage|p2a: Mew|172\/403
|move|p2a: Mew|Knock Off|p1a: Let it go
|-end|p1a: Let it go|Substitute
|
|-heal|p1a: Let it go|310\/405|[from] item: Leftovers
|-heal|p2a: Mew|197\/403|[from] item: Leftovers
|turn|20
|
|switch|p2a: Magneton|Magneton|241\/241
|move|p1a: Let it go|Substitute|p1a: Let it go
|-start|p1a: Let it go|Substitute
|-damage|p1a: Let it go|209\/405
|
|-heal|p1a: Let it go|234\/405|[from] item: Leftovers
|turn|21
|
|move|p2a: Magneton|Volt Switch|p1a: Let it go
|-resisted|p1a: Let it go
|-activate|p1a: Let it go|Substitute|[damage]
|
|switch|p2a: Mew|Mew|197\/403
|move|p1a: Let it go|Earth Power|p2a: Mew
|-damage|p2a: Mew|78\/403
|
|-heal|p1a: Let it go|259\/405|[from] item: Leftovers
|-heal|p2a: Mew|103\/403|[from] item: Leftovers
|turn|22
|
|switch|p2a: Magneton|Magneton|241\/241
|move|p1a: Let it go|Ice Beam|p2a: Magneton
|-resisted|p2a: Magneton
|-damage|p2a: Magneton|125\/241
|
|-heal|p1a: Let it go|284\/405|[from] item: Leftovers
|turn|23
|
|move|p2a: Magneton|Volt Switch|p1a: Let it go
|-resisted|p1a: Let it go
|-end|p1a: Let it go|Substitute
|
|switch|p2a: Mew|Mew|103\/403
|move|p1a: Let it go|Substitute|p1a: Let it go
|-start|p1a: Let it go|Substitute
|-damage|p1a: Let it go|183\/405
|
|-heal|p1a: Let it go|208\/405|[from] item: Leftovers
|-heal|p2a: Mew|128\/403|[from] item: Leftovers
|turn|24
|-message|mudla forfeited.
|leave|mudla
|
|win|Pachirisu Queen
|raw|Ladder updating...
|player|p2
|raw|Pachirisu Queen's rating: 1621 &rarr; <strong>1633<\/strong><br \/>(+12 for winning)
|raw|mudla's rating: 1478 &rarr; <strong>1466<\/strong><br \/>(-12 for losing)
|c|★Pachirisu Queen|gg
|leave|lord ledian