|join|SEXY GAMER DOG
|join|Albyness
|player|p1|SEXY GAMER DOG|265
|player|p2|Albyness|44
|gametype|singles
|gen|6
|tier|OU
|rated
|clearpoke
|poke|p1|Sableye, F
|poke|p1|Cresselia, F
|poke|p1|Chansey, F
|poke|p1|Skarmory, M
|poke|p1|Quagsire, F
|poke|p1|Gothitelle, M
|poke|p2|Lopunny, F
|poke|p2|Dragonite, M
|poke|p2|Manaphy
|poke|p2|Weavile, F
|poke|p2|Excadrill, M
|poke|p2|Thundurus, M
|rule|Swagger Clause: Swagger is banned
|rule|Baton Pass Clause: Limit one Pokémon knowing Baton Pass
|rule|Sleep Clause Mod: Limit one foe put to sleep
|rule|Species Clause: Limit one of each Pokémon
|rule|OHKO Clause: OHKO moves are banned
|rule|Moody Clause: Moody is banned
|rule|Evasion Moves Clause: Evasion moves are banned
|rule|Endless Battle Clause: Forcing endless battles is banned
|rule|HP Percentage Mod: HP is shown in percentages
|teampreview
|
|start
|switch|p1a: Gothitelletubby|Gothitelle, M|344\/344
|switch|p2a: Excadrill|Excadrill, M|361\/361
|-ability|p2a: Excadrill|Mold Breaker
|turn|1
|
|switch|p1a: Metal as Fuck|Skarmory, M|334\/334
|move|p2a: Excadrill|Stealth Rock|p1a: Metal as Fuck
|-sidestart|p1: SEXY GAMER DOG|move: Stealth Rock
|
|turn|2
|
|switch|p2a: Thundurus|Thundurus, M|299\/299
|move|p1a: Metal as Fuck|Defog|p2a: Thundurus
|-unboost|p2a: Thundurus|evasion|1
|-boost|p2a: Thundurus|atk|2|[from] ability: Defiant
|-sideend|p1: SEXY GAMER DOG|Stealth Rock|[from] move: Defog|[of] p1a: Metal as Fuck
|
|turn|3
|
|switch|p1a: Swagsire|Quagsire, F|394\/394
|move|p2a: Thundurus|Thunderbolt|p1a: Swagsire
|-immune|p1a: Swagsire|[msg]
|
|turn|4
|
|move|p2a: Thundurus|Grass Knot|p1a: Swagsire
|-supereffective|p1a: Swagsire
|-damage|p1a: Swagsire|0 fnt
|-damage|p2a: Thundurus|270\/299|[from] item: Life Orb
|faint|p1a: Swagsire
|
|-message|SEXY GAMER DOG forfeited.
|
|win|Albyness
|raw|Ladder updating...
|leave|SEXY GAMER DOG
|player|p1
|raw|SEXY GAMER DOG's rating: 1707 &rarr; <strong>1688<\/strong><br \/>(-19 for losing)
|raw|Albyness's rating: 1725 &rarr; <strong>1744<\/strong><br \/>(+19 for winning)