|join|lil manaphy
|join|SEXY GAMER DOG
|player|p1|lil manaphy|6
|player|p2|SEXY GAMER DOG|275
|gametype|singles
|gen|6
|tier|OU
|rated
|clearpoke
|poke|p1|Scizor, F
|poke|p1|Gothitelle, F
|poke|p1|Zapdos
|poke|p1|Landorus-Therian, M
|poke|p1|Chansey, F
|poke|p1|Cresselia, F
|poke|p2|Gothitelle, M
|poke|p2|Skarmory, M
|poke|p2|Chansey, F
|poke|p2|Quagsire, F
|poke|p2|Amoonguss, M
|poke|p2|Charizard, F
|rule|Swagger Clause: Swagger is banned
|rule|Baton Pass Clause: Limit one Pokémon knowing Baton Pass
|rule|Sleep Clause Mod: Limit one foe put to sleep
|rule|Species Clause: Limit one of each Pokémon
|rule|OHKO Clause: OHKO moves are banned
|rule|Moody Clause: Moody is banned
|rule|Evasion Moves Clause: Evasion moves are banned
|rule|Endless Battle Clause: Forcing endless battles is banned
|rule|HP Percentage Mod: HP is shown in percentages
|teampreview
|
|start
|switch|p1a: Zapdos|Zapdos|384\/384
|switch|p2a: Manzard|Charizard, F|323\/323
|-ability|p1a: Zapdos|Pressure
|turn|1
|
|detailschange|p2a: Manzard|Charizard-Mega-Y, F
|message|Charizard has Mega Evolved into Mega Charizard!
|-weather|SunnyDay
|move|p2a: Manzard|Flamethrower|p1a: Zapdos
|-damage|p1a: Zapdos|71\/384
|move|p1a: Zapdos|Volt Switch|p2a: Manzard
|-supereffective|p2a: Manzard
|-damage|p2a: Manzard|135\/323
|
|switch|p1a: Landorus-Therian|Landorus-Therian, M|382\/382
|-ability|p1a: Landorus-Therian|Intimidate|[of] p2a: Manzard
|-unboost|p2a: Manzard|atk|1
|
|-weather|SunnyDay|[upkeep]
|turn|2
|
|move|p2a: Manzard|Flamethrower|p1a: Landorus-Therian
|-damage|p1a: Landorus-Therian|6\/382
|move|p1a: Landorus-Therian|U-turn|p2a: Manzard
|-resisted|p2a: Manzard
|-damage|p2a: Manzard|113\/323
|
|switch|p1a: Cresselia|Cresselia, F|444\/444
|
|-weather|SunnyDay|[upkeep]
|turn|3
|join|Cosine180
|
|move|p2a: Manzard|Roost|p2a: Manzard
|-heal|p2a: Manzard|275\/323
|move|p1a: Cresselia|Toxic|p2a: Manzard
|-status|p2a: Manzard|tox
|
|-weather|SunnyDay|[upkeep]
|-damage|p2a: Manzard|255\/323 tox|[from] psn
|turn|4
|
|switch|p2a: Gothitelletubby|Gothitelle, M|344\/344
|move|p1a: Cresselia|Skill Swap|p2a: Gothitelletubby
|-activate|p1a: Cresselia|move: Skill Swap|Shadow Tag|Levitate|[of] p2a: Gothitelletubby
|
|-weather|SunnyDay|[upkeep]
|turn|5
|c| Cosine180|LOL
|join|jefo
|
|move|p2a: Gothitelletubby|Trick|p1a: Cresselia
|-activate|p2a: Gothitelletubby|move: Trick|[of] p1a: Cresselia
|-item|p1a: Cresselia|Choice Scarf|[from] move: Trick
|-item|p2a: Gothitelletubby|Leftovers|[from] move: Trick
|move|p1a: Cresselia|Toxic|p2a: Gothitelletubby
|-status|p2a: Gothitelletubby|tox
|
|-weather|none
|-damage|p2a: Gothitelletubby|323\/344 tox|[from] psn
|turn|6
|
|switch|p1a: Gothitelle|Gothitelle, F|301\/301
|move|p2a: Gothitelletubby|Taunt|p1a: Gothitelle
|-start|p1a: Gothitelle|move: Taunt
|
|-heal|p2a: Gothitelletubby|344\/344 tox|[from] item: Leftovers
|-damage|p2a: Gothitelletubby|302\/344 tox|[from] psn
|turn|7
|
|move|p1a: Gothitelle|Psychic|p2a: Gothitelletubby
|-resisted|p2a: Gothitelletubby
|-damage|p2a: Gothitelletubby|239\/344 tox
|move|p2a: Gothitelletubby|Rest|p2a: Gothitelletubby
|-status|p2a: Gothitelletubby|slp
|-heal|p2a: Gothitelletubby|344\/344 slp|[silent]
|-status|p2a: Gothitelletubby|slp|[from] move: Rest
|
|turn|8
|
|switch|p1a: Landorus-Therian|Landorus-Therian, M|6\/382
|-ability|p1a: Landorus-Therian|Intimidate|[of] p2a: Gothitelletubby
|-unboost|p2a: Gothitelletubby|atk|1
|cant|p2a: Gothitelletubby|slp
|
|-heal|p1a: Landorus-Therian|29\/382|[from] item: Leftovers
|turn|9
|
|cant|p2a: Gothitelletubby|slp
|move|p1a: Landorus-Therian|U-turn|p2a: Gothitelletubby
|-supereffective|p2a: Gothitelletubby
|-damage|p2a: Gothitelletubby|212\/344 slp
|
|switch|p1a: Gothitelle|Gothitelle, F|301\/301
|
|-heal|p2a: Gothitelletubby|233\/344 slp|[from] item: Leftovers
|turn|10
|
|move|p1a: Gothitelle|Trick|p2a: Gothitelletubby
|-activate|p1a: Gothitelle|move: Trick|[of] p2a: Gothitelletubby
|-item|p2a: Gothitelletubby|Choice Scarf|[from] move: Trick
|-item|p1a: Gothitelle|Leftovers|[from] move: Trick
|-curestatus|p2a: Gothitelletubby|slp
|move|p2a: Gothitelletubby|Taunt|p1a: Gothitelle
|-start|p1a: Gothitelle|move: Taunt
|
|turn|11
|
|move|p2a: Gothitelletubby|Taunt|p1a: Gothitelle
|-fail|p1a: Gothitelle
|move|p1a: Gothitelle|Psychic|p2a: Gothitelletubby
|-resisted|p2a: Gothitelletubby
|-damage|p2a: Gothitelletubby|174\/344
|
|turn|12
|
|move|p2a: Gothitelletubby|Taunt|p1a: Gothitelle
|-fail|p1a: Gothitelle
|move|p1a: Gothitelle|Psychic|p2a: Gothitelletubby
|-resisted|p2a: Gothitelletubby
|-damage|p2a: Gothitelletubby|115\/344
|
|turn|13
|
|move|p2a: Gothitelletubby|Taunt|p1a: Gothitelle
|-fail|p1a: Gothitelle
|move|p1a: Gothitelle|Psychic|p2a: Gothitelletubby
|-resisted|p2a: Gothitelletubby
|-damage|p2a: Gothitelletubby|60\/344
|
|-end|p1a: Gothitelle|move: Taunt
|turn|14
|
|move|p2a: Gothitelletubby|Taunt|p1a: Gothitelle
|-start|p1a: Gothitelle|move: Taunt
|cant|p1a: Gothitelle|move: Taunt|Calm Mind
|
|turn|15
|
|move|p2a: Gothitelletubby|Taunt|p1a: Gothitelle
|-fail|p1a: Gothitelle
|move|p1a: Gothitelle|Psychic|p2a: Gothitelletubby
|-resisted|p2a: Gothitelletubby
|-damage|p2a: Gothitelletubby|4\/344
|
|turn|16
|
|move|p2a: Gothitelletubby|Taunt|p1a: Gothitelle
|-fail|p1a: Gothitelle
|move|p1a: Gothitelle|Psychic|p2a: Gothitelletubby
|-resisted|p2a: Gothitelletubby
|-damage|p2a: Gothitelletubby|0 fnt
|faint|p2a: Gothitelletubby
|
|-end|p1a: Gothitelle|move: Taunt
|
|switch|p2a: Manzard|Charizard-Mega-Y, F|255\/323 tox
|-weather|SunnyDay
|turn|17
|
|switch|p1a: Chansey|Chansey, F|704\/704
|move|p2a: Manzard|Flamethrower|p1a: Chansey
|-damage|p1a: Chansey|503\/704
|
|-weather|SunnyDay|[upkeep]
|-damage|p2a: Manzard|235\/323 tox|[from] psn
|turn|18
|
|switch|p2a: Queen of Twerk|Chansey, F|704\/704
|move|p1a: Chansey|Stealth Rock|p2a: Queen of Twerk
|-sidestart|p2: SEXY GAMER DOG|move: Stealth Rock
|
|-weather|SunnyDay|[upkeep]
|turn|19
|
|switch|p1a: Gothitelle|Gothitelle, F|301\/301
|move|p2a: Queen of Twerk|Heal Bell|p2a: Queen of Twerk
|-cureteam|p2a: Queen of Twerk|[from] move: HealBell
|
|-weather|SunnyDay|[upkeep]
|turn|20
|
|move|p1a: Gothitelle|Calm Mind|p1a: Gothitelle
|-boost|p1a: Gothitelle|spa|1
|-boost|p1a: Gothitelle|spd|1
|move|p2a: Queen of Twerk|Toxic|p1a: Gothitelle
|-status|p1a: Gothitelle|tox
|
|-weather|SunnyDay|[upkeep]
|-damage|p1a: Gothitelle|283\/301 tox|[from] psn
|turn|21
|join|PlzSuspecttestHax
|
|move|p1a: Gothitelle|Calm Mind|p1a: Gothitelle
|-boost|p1a: Gothitelle|spa|1
|-boost|p1a: Gothitelle|spd|1
|move|p2a: Queen of Twerk|Seismic Toss|p1a: Gothitelle
|-damage|p1a: Gothitelle|183\/301 tox
|
|-weather|none
|-heal|p1a: Gothitelle|201\/301 tox|[from] item: Leftovers
|-damage|p1a: Gothitelle|165\/301 tox|[from] psn
|turn|22
|
|move|p1a: Gothitelle|Rest|p1a: Gothitelle
|-status|p1a: Gothitelle|slp
|-heal|p1a: Gothitelle|301\/301 slp|[silent]
|-status|p1a: Gothitelle|slp|[from] move: Rest
|move|p2a: Queen of Twerk|Seismic Toss|p1a: Gothitelle
|-damage|p1a: Gothitelle|201\/301 slp
|
|-heal|p1a: Gothitelle|219\/301 slp|[from] item: Leftovers
|turn|23
|
|cant|p1a: Gothitelle|slp
|move|p2a: Queen of Twerk|Toxic|p1a: Gothitelle
|-fail|p1a: Gothitelle
|
|-heal|p1a: Gothitelle|237\/301 slp|[from] item: Leftovers
|turn|24
|
|cant|p1a: Gothitelle|slp
|move|p2a: Queen of Twerk|Seismic Toss|p1a: Gothitelle
|-damage|p1a: Gothitelle|137\/301 slp
|
|-heal|p1a: Gothitelle|155\/301 slp|[from] item: Leftovers
|turn|25
|
|-curestatus|p1a: Gothitelle|slp
|move|p1a: Gothitelle|Calm Mind|p1a: Gothitelle
|-boost|p1a: Gothitelle|spa|1
|-boost|p1a: Gothitelle|spd|1
|move|p2a: Queen of Twerk|Seismic Toss|p1a: Gothitelle
|-damage|p1a: Gothitelle|55\/301
|
|-heal|p1a: Gothitelle|73\/301|[from] item: Leftovers
|turn|26
|
|move|p1a: Gothitelle|Rest|p1a: Gothitelle
|-status|p1a: Gothitelle|slp
|-heal|p1a: Gothitelle|301\/301 slp|[silent]
|-status|p1a: Gothitelle|slp|[from] move: Rest
|move|p2a: Queen of Twerk|Seismic Toss|p1a: Gothitelle
|-damage|p1a: Gothitelle|201\/301 slp
|
|-heal|p1a: Gothitelle|219\/301 slp|[from] item: Leftovers
|turn|27
|leave|PlzSuspecttestHax
|
|cant|p1a: Gothitelle|slp
|move|p2a: Queen of Twerk|Seismic Toss|p1a: Gothitelle
|-damage|p1a: Gothitelle|119\/301 slp
|
|-heal|p1a: Gothitelle|137\/301 slp|[from] item: Leftovers
|turn|28
|
|cant|p1a: Gothitelle|slp
|move|p2a: Queen of Twerk|Seismic Toss|p1a: Gothitelle
|-damage|p1a: Gothitelle|37\/301 slp
|
|-heal|p1a: Gothitelle|55\/301 slp|[from] item: Leftovers
|turn|29
|
|-curestatus|p1a: Gothitelle|slp
|move|p1a: Gothitelle|Rest|p1a: Gothitelle
|-status|p1a: Gothitelle|slp
|-heal|p1a: Gothitelle|301\/301 slp|[silent]
|-status|p1a: Gothitelle|slp|[from] move: Rest
|move|p2a: Queen of Twerk|Seismic Toss|p1a: Gothitelle
|-damage|p1a: Gothitelle|201\/301 slp
|
|-heal|p1a: Gothitelle|219\/301 slp|[from] item: Leftovers
|turn|30
|
|cant|p1a: Gothitelle|slp
|move|p2a: Queen of Twerk|Seismic Toss|p1a: Gothitelle
|-damage|p1a: Gothitelle|119\/301 slp
|
|-heal|p1a: Gothitelle|137\/301 slp|[from] item: Leftovers
|turn|31
|
|cant|p1a: Gothitelle|slp
|move|p2a: Queen of Twerk|Seismic Toss|p1a: Gothitelle
|-damage|p1a: Gothitelle|37\/301 slp
|
|-heal|p1a: Gothitelle|55\/301 slp|[from] item: Leftovers
|turn|32
|
|-curestatus|p1a: Gothitelle|slp
|move|p1a: Gothitelle|Rest|p1a: Gothitelle
|-status|p1a: Gothitelle|slp
|-heal|p1a: Gothitelle|301\/301 slp|[silent]
|-status|p1a: Gothitelle|slp|[from] move: Rest
|move|p2a: Queen of Twerk|Seismic Toss|p1a: Gothitelle
|-damage|p1a: Gothitelle|201\/301 slp
|
|-heal|p1a: Gothitelle|219\/301 slp|[from] item: Leftovers
|turn|33
|
|cant|p1a: Gothitelle|slp
|move|p2a: Queen of Twerk|Seismic Toss|p1a: Gothitelle
|-damage|p1a: Gothitelle|119\/301 slp
|
|-heal|p1a: Gothitelle|137\/301 slp|[from] item: Leftovers
|turn|34
|
|cant|p1a: Gothitelle|slp
|move|p2a: Queen of Twerk|Seismic Toss|p1a: Gothitelle
|-damage|p1a: Gothitelle|37\/301 slp
|
|-heal|p1a: Gothitelle|55\/301 slp|[from] item: Leftovers
|turn|35
|
|-curestatus|p1a: Gothitelle|slp
|move|p1a: Gothitelle|Rest|p1a: Gothitelle
|-status|p1a: Gothitelle|slp
|-heal|p1a: Gothitelle|301\/301 slp|[silent]
|-status|p1a: Gothitelle|slp|[from] move: Rest
|move|p2a: Queen of Twerk|Seismic Toss|p1a: Gothitelle
|-damage|p1a: Gothitelle|201\/301 slp
|
|-heal|p1a: Gothitelle|219\/301 slp|[from] item: Leftovers
|turn|36
|
|cant|p1a: Gothitelle|slp
|move|p2a: Queen of Twerk|Seismic Toss|p1a: Gothitelle
|-damage|p1a: Gothitelle|119\/301 slp
|
|-heal|p1a: Gothitelle|137\/301 slp|[from] item: Leftovers
|turn|37
|
|cant|p1a: Gothitelle|slp
|move|p2a: Queen of Twerk|Seismic Toss|p1a: Gothitelle
|-damage|p1a: Gothitelle|37\/301 slp
|
|-heal|p1a: Gothitelle|55\/301 slp|[from] item: Leftovers
|turn|38
|
|-curestatus|p1a: Gothitelle|slp
|move|p1a: Gothitelle|Rest|p1a: Gothitelle
|-status|p1a: Gothitelle|slp
|-heal|p1a: Gothitelle|301\/301 slp|[silent]
|-status|p1a: Gothitelle|slp|[from] move: Rest
|move|p2a: Queen of Twerk|Seismic Toss|p1a: Gothitelle
|-damage|p1a: Gothitelle|201\/301 slp
|
|-heal|p1a: Gothitelle|219\/301 slp|[from] item: Leftovers
|turn|39
|
|cant|p1a: Gothitelle|slp
|move|p2a: Queen of Twerk|Seismic Toss|p1a: Gothitelle
|-damage|p1a: Gothitelle|119\/301 slp
|
|-heal|p1a: Gothitelle|137\/301 slp|[from] item: Leftovers
|turn|40
|
|cant|p1a: Gothitelle|slp
|move|p2a: Queen of Twerk|Seismic Toss|p1a: Gothitelle
|-damage|p1a: Gothitelle|37\/301 slp
|
|-heal|p1a: Gothitelle|55\/301 slp|[from] item: Leftovers
|turn|41
|
|-curestatus|p1a: Gothitelle|slp
|move|p1a: Gothitelle|Rest|p1a: Gothitelle
|-status|p1a: Gothitelle|slp
|-heal|p1a: Gothitelle|301\/301 slp|[silent]
|-status|p1a: Gothitelle|slp|[from] move: Rest
|move|p2a: Queen of Twerk|Seismic Toss|p1a: Gothitelle
|-damage|p1a: Gothitelle|201\/301 slp
|
|-heal|p1a: Gothitelle|219\/301 slp|[from] item: Leftovers
|turn|42
|
|cant|p1a: Gothitelle|slp
|move|p2a: Queen of Twerk|Seismic Toss|p1a: Gothitelle
|-damage|p1a: Gothitelle|119\/301 slp
|
|-heal|p1a: Gothitelle|137\/301 slp|[from] item: Leftovers
|turn|43
|
|cant|p1a: Gothitelle|slp
|move|p2a: Queen of Twerk|Seismic Toss|p1a: Gothitelle
|-damage|p1a: Gothitelle|37\/301 slp
|
|-heal|p1a: Gothitelle|55\/301 slp|[from] item: Leftovers
|turn|44
|
|-curestatus|p1a: Gothitelle|slp
|move|p1a: Gothitelle|Rest|p1a: Gothitelle
|-status|p1a: Gothitelle|slp
|-heal|p1a: Gothitelle|301\/301 slp|[silent]
|-status|p1a: Gothitelle|slp|[from] move: Rest
|move|p2a: Queen of Twerk|Seismic Toss|p1a: Gothitelle
|-damage|p1a: Gothitelle|201\/301 slp
|
|-heal|p1a: Gothitelle|219\/301 slp|[from] item: Leftovers
|turn|45
|
|cant|p1a: Gothitelle|slp
|move|p2a: Queen of Twerk|Seismic Toss|p1a: Gothitelle
|-damage|p1a: Gothitelle|119\/301 slp
|
|-heal|p1a: Gothitelle|137\/301 slp|[from] item: Leftovers
|turn|46
|
|cant|p1a: Gothitelle|slp
|move|p2a: Queen of Twerk|Seismic Toss|p1a: Gothitelle
|-damage|p1a: Gothitelle|37\/301 slp
|
|-heal|p1a: Gothitelle|55\/301 slp|[from] item: Leftovers
|turn|47
|
|-curestatus|p1a: Gothitelle|slp
|move|p1a: Gothitelle|Rest|p1a: Gothitelle
|-status|p1a: Gothitelle|slp
|-heal|p1a: Gothitelle|301\/301 slp|[silent]
|-status|p1a: Gothitelle|slp|[from] move: Rest
|move|p2a: Queen of Twerk|Seismic Toss|p1a: Gothitelle
|-damage|p1a: Gothitelle|201\/301 slp
|
|-heal|p1a: Gothitelle|219\/301 slp|[from] item: Leftovers
|turn|48
|
|cant|p1a: Gothitelle|slp
|move|p2a: Queen of Twerk|Seismic Toss|p1a: Gothitelle
|-damage|p1a: Gothitelle|119\/301 slp
|
|-heal|p1a: Gothitelle|137\/301 slp|[from] item: Leftovers
|turn|49
|
|cant|p1a: Gothitelle|slp
|move|p2a: Queen of Twerk|Seismic Toss|p1a: Gothitelle
|-damage|p1a: Gothitelle|37\/301 slp
|
|-heal|p1a: Gothitelle|55\/301 slp|[from] item: Leftovers
|turn|50
|
|-curestatus|p1a: Gothitelle|slp
|move|p1a: Gothitelle|Rest|p1a: Gothitelle
|-status|p1a: Gothitelle|slp
|-heal|p1a: Gothitelle|301\/301 slp|[silent]
|-status|p1a: Gothitelle|slp|[from] move: Rest
|move|p2a: Queen of Twerk|Seismic Toss|p1a: Gothitelle
|-damage|p1a: Gothitelle|201\/301 slp
|
|-heal|p1a: Gothitelle|219\/301 slp|[from] item: Leftovers
|turn|51
|
|cant|p1a: Gothitelle|slp
|move|p2a: Queen of Twerk|Seismic Toss|p1a: Gothitelle
|-damage|p1a: Gothitelle|119\/301 slp
|
|-heal|p1a: Gothitelle|137\/301 slp|[from] item: Leftovers
|turn|52
|
|cant|p1a: Gothitelle|slp
|move|p2a: Queen of Twerk|Seismic Toss|p1a: Gothitelle
|-damage|p1a: Gothitelle|37\/301 slp
|
|-heal|p1a: Gothitelle|55\/301 slp|[from] item: Leftovers
|turn|53
|
|-curestatus|p1a: Gothitelle|slp
|move|p1a: Gothitelle|Rest|p1a: Gothitelle
|-status|p1a: Gothitelle|slp
|-heal|p1a: Gothitelle|301\/301 slp|[silent]
|-status|p1a: Gothitelle|slp|[from] move: Rest
|move|p2a: Queen of Twerk|Seismic Toss|p1a: Gothitelle
|-damage|p1a: Gothitelle|201\/301 slp
|
|-heal|p1a: Gothitelle|219\/301 slp|[from] item: Leftovers
|turn|54
|
|cant|p1a: Gothitelle|slp
|move|p2a: Queen of Twerk|Toxic|p1a: Gothitelle
|-fail|p1a: Gothitelle
|
|-heal|p1a: Gothitelle|237\/301 slp|[from] item: Leftovers
|turn|55
|
|cant|p1a: Gothitelle|slp
|move|p2a: Queen of Twerk|Toxic|p1a: Gothitelle|[miss]
|-miss|p2a: Queen of Twerk|p1a: Gothitelle
|
|-heal|p1a: Gothitelle|255\/301 slp|[from] item: Leftovers
|turn|56
|
|-curestatus|p1a: Gothitelle|slp
|move|p1a: Gothitelle|Calm Mind|p1a: Gothitelle
|-boost|p1a: Gothitelle|spa|1
|-boost|p1a: Gothitelle|spd|1
|move|p2a: Queen of Twerk|Toxic|p1a: Gothitelle
|-status|p1a: Gothitelle|tox
|
|-heal|p1a: Gothitelle|273\/301 tox|[from] item: Leftovers
|-damage|p1a: Gothitelle|255\/301 tox|[from] psn
|turn|57
|
|move|p1a: Gothitelle|Calm Mind|p1a: Gothitelle
|-boost|p1a: Gothitelle|spa|1
|-boost|p1a: Gothitelle|spd|1
|move|p2a: Queen of Twerk|Soft-Boiled|p2a: Queen of Twerk
|-fail|p2a: Queen of Twerk
|
|-heal|p1a: Gothitelle|273\/301 tox|[from] item: Leftovers
|-damage|p1a: Gothitelle|237\/301 tox|[from] psn
|turn|58
|
|move|p1a: Gothitelle|Calm Mind|p1a: Gothitelle
|-boost|p1a: Gothitelle|spa|1
|-boost|p1a: Gothitelle|spd|1
|move|p2a: Queen of Twerk|Heal Bell|p2a: Queen of Twerk
|-cureteam|p2a: Queen of Twerk|[from] move: HealBell
|
|-heal|p1a: Gothitelle|255\/301 tox|[from] item: Leftovers
|-damage|p1a: Gothitelle|201\/301 tox|[from] psn
|turn|59
|
|move|p1a: Gothitelle|Trick|p2a: Queen of Twerk
|-activate|p1a: Gothitelle|move: Trick|[of] p2a: Queen of Twerk
|-item|p2a: Queen of Twerk|Leftovers|[from] move: Trick
|-item|p1a: Gothitelle|Eviolite|[from] move: Trick
|move|p2a: Queen of Twerk|Toxic|p1a: Gothitelle
|-fail|p1a: Gothitelle|tox
|
|-damage|p1a: Gothitelle|129\/301 tox|[from] psn
|turn|60
|
|move|p1a: Gothitelle|Rest|p1a: Gothitelle
|-status|p1a: Gothitelle|slp
|-heal|p1a: Gothitelle|301\/301 slp|[silent]
|-status|p1a: Gothitelle|slp|[from] move: Rest
|move|p2a: Queen of Twerk|Soft-Boiled|p2a: Queen of Twerk
|-fail|p2a: Queen of Twerk
|
|turn|61
|
|cant|p1a: Gothitelle|slp
|move|p2a: Queen of Twerk|Toxic|p1a: Gothitelle
|-fail|p1a: Gothitelle
|
|turn|62
|join|PEEKHO
|c| PEEKHO|lol,that tam
|c| PEEKHO|team*
|c| PEEKHO|is still being used
|
|cant|p1a: Gothitelle|slp
|move|p2a: Queen of Twerk|Soft-Boiled|p2a: Queen of Twerk
|-fail|p2a: Queen of Twerk
|
|turn|63
|c|★SEXY GAMER DOG|soryr i was helpign roomate with physics
|
|-curestatus|p1a: Gothitelle|slp
|move|p1a: Gothitelle|Psychic|p2a: Queen of Twerk
|-damage|p2a: Queen of Twerk|262\/704
|move|p2a: Queen of Twerk|Soft-Boiled|p2a: Queen of Twerk
|-heal|p2a: Queen of Twerk|614\/704
|
|-heal|p2a: Queen of Twerk|658\/704|[from] item: Leftovers
|turn|64
|
|move|p1a: Gothitelle|Psychic|p2a: Queen of Twerk
|-crit|p2a: Queen of Twerk
|-damage|p2a: Queen of Twerk|0 fnt
|faint|p2a: Queen of Twerk
|
|
|switch|p2a: Quagmire|Quagsire, F|394\/394
|-damage|p2a: Quagmire|370\/394|[from] Stealth Rock
|turn|65
|
|move|p1a: Gothitelle|Psychic|p2a: Quagmire
|-damage|p2a: Quagmire|205\/394
|move|p2a: Quagmire|Haze|p2a: Quagmire
|-clearallboost
|
|-heal|p2a: Quagmire|229\/394|[from] item: Leftovers
|turn|66
|c| jefo|...
|
|move|p1a: Gothitelle|Psychic|p2a: Quagmire
|-damage|p2a: Quagmire|37\/394
|move|p2a: Quagmire|Recover|p2a: Quagmire
|-heal|p2a: Quagmire|234\/394
|
|-heal|p2a: Quagmire|258\/394|[from] item: Leftovers
|turn|67
|
|move|p1a: Gothitelle|Psychic|p2a: Quagmire
|-damage|p2a: Quagmire|86\/394
|move|p2a: Quagmire|Recover|p2a: Quagmire
|-heal|p2a: Quagmire|283\/394
|
|-heal|p2a: Quagmire|307\/394|[from] item: Leftovers
|turn|68
|
|move|p1a: Gothitelle|Trick|p2a: Quagmire
|-activate|p1a: Gothitelle|move: Trick|[of] p2a: Quagmire
|-item|p2a: Quagmire|Eviolite|[from] move: Trick
|-item|p1a: Gothitelle|Leftovers|[from] move: Trick
|move|p2a: Quagmire|Recover|p2a: Quagmire
|-heal|p2a: Quagmire|394\/394
|
|turn|69
|
|switch|p1a: Cresselia|Cresselia, F|444\/444
|move|p2a: Quagmire|Earthquake|p1a: Cresselia
|-immune|p1a: Cresselia|[msg]
|
|turn|70
|
|switch|p2a: Metal Head|Skarmory, M|334\/334
|-damage|p2a: Metal Head|293\/334|[from] Stealth Rock
|move|p1a: Cresselia|Toxic|p2a: Metal Head|[miss]
|-miss|p1a: Cresselia|p2a: Metal Head
|
|-heal|p2a: Metal Head|313\/334|[from] item: Leftovers
|turn|71
|leave|PEEKHO
|
|switch|p1a: Gothitelle|Gothitelle, F|301\/301
|move|p2a: Metal Head|Defog|p1a: Gothitelle
|-unboost|p1a: Gothitelle|evasion|1
|-sideend|p2: SEXY GAMER DOG|Stealth Rock|[from] move: Defog|[of] p2a: Metal Head
|
|-heal|p2a: Metal Head|333\/334|[from] item: Leftovers
|turn|72
|
|move|p1a: Gothitelle|Calm Mind|p1a: Gothitelle
|-boost|p1a: Gothitelle|spa|1
|-boost|p1a: Gothitelle|spd|1
|move|p2a: Metal Head|Stealth Rock|p1a: Gothitelle
|-sidestart|p1: lil manaphy|move: Stealth Rock
|
|-heal|p2a: Metal Head|334\/334|[from] item: Leftovers
|turn|73
|
|move|p1a: Gothitelle|Calm Mind|p1a: Gothitelle
|-boost|p1a: Gothitelle|spa|1
|-boost|p1a: Gothitelle|spd|1
|move|p2a: Metal Head|Brave Bird|p1a: Gothitelle
|-damage|p1a: Gothitelle|187\/301
|-damage|p2a: Metal Head|296\/334|[from] recoil|[of] p1a: Gothitelle
|
|-heal|p1a: Gothitelle|205\/301|[from] item: Leftovers
|-heal|p2a: Metal Head|316\/334|[from] item: Leftovers
|turn|74
|
|move|p1a: Gothitelle|Calm Mind|p1a: Gothitelle
|-boost|p1a: Gothitelle|spa|1
|-boost|p1a: Gothitelle|spd|1
|move|p2a: Metal Head|Brave Bird|p1a: Gothitelle
|-damage|p1a: Gothitelle|81\/301
|-damage|p2a: Metal Head|275\/334|[from] recoil|[of] p1a: Gothitelle
|
|-heal|p1a: Gothitelle|99\/301|[from] item: Leftovers
|-heal|p2a: Metal Head|295\/334|[from] item: Leftovers
|turn|75
|
|move|p1a: Gothitelle|Psychic|p2a: Metal Head
|-crit|p2a: Metal Head
|-resisted|p2a: Metal Head
|-damage|p2a: Metal Head|0 fnt
|faint|p2a: Metal Head
|
|-heal|p1a: Gothitelle|117\/301|[from] item: Leftovers
|
|switch|p2a: Quagmire|Quagsire, F|394\/394
|turn|76
|
|switch|p1a: Chansey|Chansey, F|503\/704
|-damage|p1a: Chansey|415\/704|[from] Stealth Rock
|move|p2a: Quagmire|Haze|p2a: Quagmire
|-clearallboost
|
|turn|77
|
|move|p1a: Chansey|Stealth Rock|p2a: Quagmire
|-sidestart|p2: SEXY GAMER DOG|move: Stealth Rock
|move|p2a: Quagmire|Earthquake|p1a: Chansey
|-damage|p1a: Chansey|283\/704
|
|turn|78
|
|move|p1a: Chansey|Soft-Boiled|p1a: Chansey
|-heal|p1a: Chansey|635\/704
|move|p2a: Quagmire|Earthquake|p1a: Chansey
|-damage|p1a: Chansey|502\/704
|
|turn|79
|-message|SEXY GAMER DOG forfeited.
|
|win|lil manaphy
|raw|Ladder updating...
|leave|SEXY GAMER DOG
|player|p2
|raw|lil manaphy's rating: 1755 &rarr; <strong>1773<\/strong><br \/>(+18 for winning)
|raw|SEXY GAMER DOG's rating: 1710 &rarr; <strong>1692<\/strong><br \/>(-18 for losing)