|join|SEXY GAMER DOG
|join|LT1A whitesox
|player|p1|SEXY GAMER DOG|275
|player|p2|LT1A whitesox|37
|gametype|singles
|gen|6
|tier|OU
|rated
|clearpoke
|poke|p1|Gothitelle, F
|poke|p1|Skarmory, F
|poke|p1|Chansey, F
|poke|p1|Quagsire, M
|poke|p1|Amoonguss, M
|poke|p1|Charizard, M
|poke|p2|Medicham, M
|poke|p2|Rotom-Wash
|poke|p2|Clefable, M
|poke|p2|Landorus-Therian, M
|poke|p2|Chansey, F
|poke|p2|Greninja, M
|rule|Swagger Clause: Swagger is banned
|rule|Baton Pass Clause: Limit one Pokémon knowing Baton Pass
|rule|Sleep Clause Mod: Limit one foe put to sleep
|rule|Species Clause: Limit one of each Pokémon
|rule|OHKO Clause: OHKO moves are banned
|rule|Moody Clause: Moody is banned
|rule|Evasion Moves Clause: Evasion moves are banned
|rule|Endless Battle Clause: Forcing endless battles is banned
|rule|HP Percentage Mod: HP is shown in percentages
|teampreview
|
|start
|switch|p1a: Gothitelletubby|Gothitelle, F|344\/344
|switch|p2a: Landorus-Therian|Landorus-Therian, M|319\/319
|-ability|p2a: Landorus-Therian|Intimidate|[of] p1a: Gothitelletubby
|-unboost|p1a: Gothitelletubby|atk|1
|turn|1
|
|switch|p1a: Metal Head|Skarmory, F|334\/334
|move|p2a: Landorus-Therian|U-turn|p1a: Metal Head
|-resisted|p1a: Metal Head
|-damage|p1a: Metal Head|320\/334
|
|switch|p2a: Rotom-Wash|Rotom-Wash|304\/304
|
|-heal|p1a: Metal Head|334\/334|[from] item: Leftovers
|turn|2
|
|move|p2a: Rotom-Wash|Volt Switch|p1a: Metal Head
|-supereffective|p1a: Metal Head
|-damage|p1a: Metal Head|94\/334
|
|switch|p2a: Greninja|Greninja, M|286\/286
|move|p1a: Metal Head|Roost|p1a: Metal Head
|-heal|p1a: Metal Head|261\/334
|
|-heal|p1a: Metal Head|281\/334|[from] item: Leftovers
|turn|3
|
|switch|p1a: Queen of Twerk|Chansey, F|704\/704
|move|p2a: Greninja|Hydro Pump|p1a: Queen of Twerk
|-start|p2a: Greninja|typechange|Water|[from] Protean
|-damage|p1a: Queen of Twerk|574\/704
|-damage|p2a: Greninja|258\/286|[from] item: Life Orb
|
|turn|4
|
|switch|p2a: Chansey|Chansey, F|641\/641
|move|p1a: Queen of Twerk|Toxic|p2a: Chansey
|-status|p2a: Chansey|tox
|
|-damage|p2a: Chansey|601\/641 tox|[from] psn
|turn|5
|
|switch|p1a: Gothitelletubby|Gothitelle, F|344\/344
|move|p2a: Chansey|Stealth Rock|p1a: Gothitelletubby
|-sidestart|p1: SEXY GAMER DOG|move: Stealth Rock
|
|-damage|p2a: Chansey|521\/641 tox|[from] psn
|turn|6
|
|move|p1a: Gothitelletubby|Taunt|p2a: Chansey
|-start|p2a: Chansey|move: Taunt
|cant|p2a: Chansey|move: Taunt|Toxic
|
|-damage|p2a: Chansey|401\/641 tox|[from] psn
|turn|7
|
|move|p1a: Gothitelletubby|Taunt|p2a: Chansey
|-fail|p2a: Chansey
|move|p2a: Chansey|Seismic Toss|p1a: Gothitelletubby
|-damage|p1a: Gothitelletubby|244\/344
|
|-damage|p2a: Chansey|241\/641 tox|[from] psn
|turn|8
|c|★LT1A whitesox|welp shouldve seen that coming for sure
|
|move|p1a: Gothitelletubby|Taunt|p2a: Chansey
|-fail|p2a: Chansey
|move|p2a: Chansey|Seismic Toss|p1a: Gothitelletubby
|-damage|p1a: Gothitelletubby|144\/344
|
|-damage|p2a: Chansey|41\/641 tox|[from] psn
|-end|p2a: Chansey|move: Taunt
|turn|9
|
|switch|p1a: Grasshole|Amoonguss, M|432\/432
|-damage|p1a: Grasshole|378\/432|[from] Stealth Rock
|move|p2a: Chansey|Seismic Toss|p1a: Grasshole
|-damage|p1a: Grasshole|278\/432
|
|-heal|p1a: Grasshole|305\/432|[from] item: Black Sludge
|-damage|p2a: Chansey|0 fnt|[from] psn
|faint|p2a: Chansey
|
|switch|p2a: Medicham|Medicham, M|261\/261
|turn|10
|
|detailschange|p2a: Medicham|Medicham-Mega, M
|message|Medicham has Mega Evolved into Mega Medicham!
|move|p2a: Medicham|Thunder Punch|p1a: Grasshole
|-resisted|p1a: Grasshole
|-damage|p1a: Grasshole|199\/432
|move|p1a: Grasshole|Spore|p2a: Medicham
|-status|p2a: Medicham|slp
|
|-heal|p1a: Grasshole|226\/432|[from] item: Black Sludge
|turn|11
|
|switch|p2a: Clefable|Clefable, M|394\/394
|switch|p1a: Metal Head|Skarmory, F|281\/334
|-damage|p1a: Metal Head|240\/334|[from] Stealth Rock
|
|-heal|p1a: Metal Head|260\/334|[from] item: Leftovers
|turn|12
|
|move|p1a: Metal Head|Defog|p2a: Clefable
|-unboost|p2a: Clefable|evasion|1
|-sideend|p1: SEXY GAMER DOG|Stealth Rock|[from] move: Defog|[of] p1a: Metal Head
|move|p2a: Clefable|Calm Mind|p2a: Clefable
|-boost|p2a: Clefable|spa|1
|-boost|p2a: Clefable|spd|1
|
|-heal|p1a: Metal Head|280\/334|[from] item: Leftovers
|turn|13
|
|switch|p1a: Gothitelletubby|Gothitelle, F|144\/344
|move|p2a: Clefable|Calm Mind|p2a: Clefable
|-boost|p2a: Clefable|spa|1
|-boost|p2a: Clefable|spd|1
|
|turn|14
|
|move|p1a: Gothitelletubby|Trick|p2a: Clefable
|-activate|p1a: Gothitelletubby|move: Trick|[of] p2a: Clefable
|-item|p2a: Clefable|Choice Scarf|[from] move: Trick
|-item|p1a: Gothitelletubby|Leftovers|[from] move: Trick
|move|p2a: Clefable|Moonblast|p1a: Gothitelletubby
|-damage|p1a: Gothitelletubby|0 fnt
|faint|p1a: Gothitelletubby
|
|
|switch|p1a: Metal Head|Skarmory, F|280\/334
|turn|15
|
|move|p2a: Clefable|Moonblast|p1a: Metal Head
|-resisted|p1a: Metal Head
|-damage|p1a: Metal Head|142\/334
|move|p1a: Metal Head|Stealth Rock|p2a: Clefable
|-sidestart|p2: LT1A whitesox|move: Stealth Rock
|
|-heal|p1a: Metal Head|162\/334|[from] item: Leftovers
|turn|16
|
|move|p2a: Clefable|Moonblast|p1a: Metal Head
|-resisted|p1a: Metal Head
|-damage|p1a: Metal Head|8\/334
|move|p1a: Metal Head|Roost|p1a: Metal Head
|-heal|p1a: Metal Head|175\/334
|
|-heal|p1a: Metal Head|195\/334|[from] item: Leftovers
|turn|17
|
|move|p2a: Clefable|Moonblast|p1a: Metal Head
|-resisted|p1a: Metal Head
|-damage|p1a: Metal Head|55\/334
|move|p1a: Metal Head|Roost|p1a: Metal Head
|-heal|p1a: Metal Head|222\/334
|
|-heal|p1a: Metal Head|242\/334|[from] item: Leftovers
|turn|18
|
|switch|p2a: Rotom-Wash|Rotom-Wash|304\/304
|-damage|p2a: Rotom-Wash|266\/304|[from] Stealth Rock
|move|p1a: Metal Head|Roost|p1a: Metal Head
|-heal|p1a: Metal Head|334\/334
|
|-heal|p2a: Rotom-Wash|285\/304|[from] item: Leftovers
|turn|19
|
|switch|p1a: Grasshole|Amoonguss, M|370\/432
|move|p2a: Rotom-Wash|Will-O-Wisp|p1a: Grasshole
|-status|p1a: Grasshole|brn
|
|-heal|p2a: Rotom-Wash|304\/304|[from] item: Leftovers
|-heal|p1a: Grasshole|397\/432 brn|[from] item: Black Sludge
|-damage|p1a: Grasshole|343\/432 brn|[from] brn
|turn|20
|
|move|p2a: Rotom-Wash|Volt Switch|p1a: Grasshole
|-resisted|p1a: Grasshole
|-damage|p1a: Grasshole|306\/432 brn
|
|switch|p2a: Medicham|Medicham-Mega, M|261\/261 slp
|-damage|p2a: Medicham|245\/261 slp|[from] Stealth Rock
|move|p1a: Grasshole|Giga Drain|p2a: Medicham
|-damage|p2a: Medicham|152\/261 slp
|-heal|p1a: Grasshole|353\/432 brn|[from] drain|[of] p2a: Medicham
|
|-heal|p1a: Grasshole|380\/432 brn|[from] item: Black Sludge
|-damage|p1a: Grasshole|326\/432 brn|[from] brn
|turn|21
|
|switch|p1a: Metal Head|Skarmory, F|334\/334
|cant|p2a: Medicham|slp
|
|turn|22
|
|switch|p2a: Rotom-Wash|Rotom-Wash|304\/304
|-damage|p2a: Rotom-Wash|266\/304|[from] Stealth Rock
|move|p1a: Metal Head|Brave Bird|p2a: Rotom-Wash
|-resisted|p2a: Rotom-Wash
|-damage|p2a: Rotom-Wash|228\/304
|-damage|p1a: Metal Head|321\/334|[from] recoil|[of] p2a: Rotom-Wash
|
|-heal|p2a: Rotom-Wash|247\/304|[from] item: Leftovers
|-heal|p1a: Metal Head|334\/334|[from] item: Leftovers
|turn|23
|
|switch|p1a: Grasshole|Amoonguss, M|432\/432 brn
|move|p2a: Rotom-Wash|Volt Switch|p1a: Grasshole
|-resisted|p1a: Grasshole
|-damage|p1a: Grasshole|394\/432 brn
|
|switch|p2a: Greninja|Greninja, M|258\/286
|-damage|p2a: Greninja|223\/286|[from] Stealth Rock
|
|-heal|p1a: Grasshole|421\/432 brn|[from] item: Black Sludge
|-damage|p1a: Grasshole|367\/432 brn|[from] brn
|turn|24
|
|switch|p2a: Medicham|Medicham-Mega, M|152\/261 slp
|-damage|p2a: Medicham|136\/261 slp|[from] Stealth Rock
|switch|p1a: Queen of Twerk|Chansey, F|574\/704
|
|turn|25
|
|switch|p1a: Metal Head|Skarmory, F|334\/334
|cant|p2a: Medicham|slp
|
|turn|26
|
|switch|p2a: Rotom-Wash|Rotom-Wash|247\/304
|-damage|p2a: Rotom-Wash|209\/304|[from] Stealth Rock
|move|p1a: Metal Head|Brave Bird|p2a: Rotom-Wash
|-resisted|p2a: Rotom-Wash
|-damage|p2a: Rotom-Wash|165\/304
|-damage|p1a: Metal Head|319\/334|[from] recoil|[of] p2a: Rotom-Wash
|
|-heal|p2a: Rotom-Wash|184\/304|[from] item: Leftovers
|-heal|p1a: Metal Head|334\/334|[from] item: Leftovers
|turn|27
|
|switch|p1a: Grasshole|Amoonguss, M|432\/432 brn
|move|p2a: Rotom-Wash|Pain Split|p1a: Grasshole
|-sethp|p1a: Grasshole|308\/432 brn|p2a: Rotom-Wash|304\/304|[from] move: Pain Split
|
|-heal|p1a: Grasshole|335\/432 brn|[from] item: Black Sludge
|-damage|p1a: Grasshole|281\/432 brn|[from] brn
|turn|28
|
|move|p2a: Rotom-Wash|Volt Switch|p1a: Grasshole
|-resisted|p1a: Grasshole
|-damage|p1a: Grasshole|243\/432 brn
|
|switch|p2a: Clefable|Clefable, M|394\/394
|move|p1a: Grasshole|Giga Drain|p2a: Clefable
|-damage|p2a: Clefable|309\/394
|-heal|p1a: Grasshole|286\/432 brn|[from] drain|[of] p2a: Clefable
|
|-heal|p1a: Grasshole|313\/432 brn|[from] item: Black Sludge
|-damage|p1a: Grasshole|259\/432 brn|[from] brn
|turn|29
|
|switch|p1a: Manzard|Charizard, M|323\/323
|move|p2a: Clefable|Flamethrower|p1a: Manzard
|-resisted|p1a: Manzard
|-damage|p1a: Manzard|288\/323
|
|turn|30
|
|switch|p2a: Landorus-Therian|Landorus-Therian, M|319\/319
|-damage|p2a: Landorus-Therian|280\/319|[from] Stealth Rock
|-ability|p2a: Landorus-Therian|Intimidate|[of] p1a: Manzard
|-unboost|p1a: Manzard|atk|1
|detailschange|p1a: Manzard|Charizard-Mega-Y, M
|message|Charizard has Mega Evolved into Mega Charizard!
|-weather|SunnyDay
|move|p1a: Manzard|Solar Beam|p2a: Landorus-Therian|[still]
|-prepare|p1a: Manzard|Solar Beam|p2a: Landorus-Therian
|-anim|p1a: Manzard|Solar Beam|p2a: Landorus-Therian
|-damage|p2a: Landorus-Therian|51\/319
|
|-weather|SunnyDay|[upkeep]
|turn|31
|
|switch|p1a: Metal Head|Skarmory, F|334\/334
|move|p2a: Landorus-Therian|Stone Edge|p1a: Metal Head
|-damage|p1a: Metal Head|248\/334
|
|-weather|SunnyDay|[upkeep]
|-heal|p1a: Metal Head|268\/334|[from] item: Leftovers
|turn|32
|
|switch|p2a: Rotom-Wash|Rotom-Wash|304\/304
|-damage|p2a: Rotom-Wash|266\/304|[from] Stealth Rock
|move|p1a: Metal Head|Brave Bird|p2a: Rotom-Wash
|-resisted|p2a: Rotom-Wash
|-damage|p2a: Rotom-Wash|225\/304
|-damage|p1a: Metal Head|254\/334|[from] recoil|[of] p2a: Rotom-Wash
|
|-weather|SunnyDay|[upkeep]
|-heal|p2a: Rotom-Wash|244\/304|[from] item: Leftovers
|-heal|p1a: Metal Head|274\/334|[from] item: Leftovers
|turn|33
|
|switch|p1a: Grasshole|Amoonguss, M|403\/432 brn
|move|p2a: Rotom-Wash|Volt Switch|p1a: Grasshole
|-resisted|p1a: Grasshole
|-damage|p1a: Grasshole|365\/432 brn
|
|switch|p2a: Medicham|Medicham-Mega, M|136\/261 slp
|-damage|p2a: Medicham|120\/261 slp|[from] Stealth Rock
|
|-weather|SunnyDay|[upkeep]
|-heal|p1a: Grasshole|392\/432 brn|[from] item: Black Sludge
|-damage|p1a: Grasshole|338\/432 brn|[from] brn
|turn|34
|
|-curestatus|p2a: Medicham|slp
|move|p2a: Medicham|Zen Headbutt|p1a: Grasshole
|-crit|p1a: Grasshole
|-supereffective|p1a: Grasshole
|-damage|p1a: Grasshole|0 fnt
|faint|p1a: Grasshole
|
|-weather|none
|
|switch|p1a: Metal Head|Skarmory, F|274\/334
|turn|35
|
|switch|p2a: Rotom-Wash|Rotom-Wash|244\/304
|-damage|p2a: Rotom-Wash|206\/304|[from] Stealth Rock
|move|p1a: Metal Head|Brave Bird|p2a: Rotom-Wash
|-resisted|p2a: Rotom-Wash
|-damage|p2a: Rotom-Wash|167\/304
|-damage|p1a: Metal Head|261\/334|[from] recoil|[of] p2a: Rotom-Wash
|
|-heal|p2a: Rotom-Wash|186\/304|[from] item: Leftovers
|-heal|p1a: Metal Head|281\/334|[from] item: Leftovers
|turn|36
|
|switch|p1a: Quagmire|Quagsire, M|394\/394
|move|p2a: Rotom-Wash|Volt Switch|p1a: Quagmire
|-immune|p1a: Quagmire|[msg]
|
|-heal|p2a: Rotom-Wash|205\/304|[from] item: Leftovers
|turn|37
|
|switch|p1a: Manzard|Charizard-Mega-Y, M|288\/323
|-weather|SunnyDay
|move|p2a: Rotom-Wash|Will-O-Wisp|p1a: Manzard
|-fail|p1a: Manzard
|
|-weather|SunnyDay|[upkeep]
|-heal|p2a: Rotom-Wash|224\/304|[from] item: Leftovers
|turn|38
|
|switch|p2a: Clefable|Clefable, M|309\/394
|move|p1a: Manzard|Solar Beam|p2a: Clefable|[still]
|-prepare|p1a: Manzard|Solar Beam|p2a: Clefable
|-anim|p1a: Manzard|Solar Beam|p2a: Clefable
|-damage|p2a: Clefable|107\/394
|
|-weather|SunnyDay|[upkeep]
|turn|39
|
|move|p1a: Manzard|Solar Beam|p2a: Clefable|[still]
|-prepare|p1a: Manzard|Solar Beam|p2a: Clefable
|-anim|p1a: Manzard|Solar Beam|p2a: Clefable
|-damage|p2a: Clefable|0 fnt
|faint|p2a: Clefable
|
|-weather|SunnyDay|[upkeep]
|
|switch|p2a: Medicham|Medicham-Mega, M|120\/261
|-damage|p2a: Medicham|104\/261|[from] Stealth Rock
|turn|40
|
|move|p2a: Medicham|Thunder Punch|p1a: Manzard
|-supereffective|p1a: Manzard
|-damage|p1a: Manzard|0 fnt
|faint|p1a: Manzard
|
|-weather|SunnyDay|[upkeep]
|
|switch|p1a: Quagmire|Quagsire, M|394\/394
|turn|41
|
|switch|p2a: Rotom-Wash|Rotom-Wash|224\/304
|-damage|p2a: Rotom-Wash|186\/304|[from] Stealth Rock
|move|p1a: Quagmire|Scald|p2a: Rotom-Wash
|-resisted|p2a: Rotom-Wash
|-damage|p2a: Rotom-Wash|168\/304
|
|-weather|none
|-heal|p2a: Rotom-Wash|187\/304|[from] item: Leftovers
|turn|42
|
|move|p2a: Rotom-Wash|Will-O-Wisp|p1a: Quagmire|[miss]
|-miss|p2a: Rotom-Wash|p1a: Quagmire
|move|p1a: Quagmire|Scald|p2a: Rotom-Wash
|-resisted|p2a: Rotom-Wash
|-damage|p2a: Rotom-Wash|156\/304
|
|-heal|p2a: Rotom-Wash|175\/304|[from] item: Leftovers
|turn|43
|
|switch|p1a: Queen of Twerk|Chansey, F|574\/704
|move|p2a: Rotom-Wash|Will-O-Wisp|p1a: Queen of Twerk
|-status|p1a: Queen of Twerk|brn
|
|-heal|p2a: Rotom-Wash|194\/304|[from] item: Leftovers
|-damage|p1a: Queen of Twerk|486\/704 brn|[from] brn
|turn|44
|
|move|p2a: Rotom-Wash|Pain Split|p1a: Queen of Twerk
|-sethp|p1a: Queen of Twerk|340\/704 brn|p2a: Rotom-Wash|304\/304|[from] move: Pain Split
|move|p1a: Queen of Twerk|Toxic|p2a: Rotom-Wash
|-status|p2a: Rotom-Wash|tox
|
|-damage|p2a: Rotom-Wash|285\/304 tox|[from] psn
|-damage|p1a: Queen of Twerk|252\/704 brn|[from] brn
|turn|45
|
|move|p2a: Rotom-Wash|Volt Switch|p1a: Queen of Twerk
|-damage|p1a: Queen of Twerk|198\/704 brn
|
|switch|p2a: Landorus-Therian|Landorus-Therian, M|51\/319
|-damage|p2a: Landorus-Therian|12\/319|[from] Stealth Rock
|-ability|p2a: Landorus-Therian|Intimidate|[of] p1a: Queen of Twerk
|-unboost|p1a: Queen of Twerk|atk|1
|move|p1a: Queen of Twerk|Soft-Boiled|p1a: Queen of Twerk
|-heal|p1a: Queen of Twerk|550\/704 brn
|
|-damage|p1a: Queen of Twerk|462\/704 brn|[from] brn
|turn|46
|
|move|p2a: Landorus-Therian|Knock Off|p1a: Queen of Twerk
|-damage|p1a: Queen of Twerk|291\/704 brn
|-enditem|p1a: Queen of Twerk|Eviolite|[from] move: Knock Off|[of] p2a: Landorus-Therian
|move|p1a: Queen of Twerk|Soft-Boiled|p1a: Queen of Twerk
|-heal|p1a: Queen of Twerk|643\/704 brn
|
|-damage|p1a: Queen of Twerk|555\/704 brn|[from] brn
|turn|47
|
|move|p2a: Landorus-Therian|Knock Off|p1a: Queen of Twerk
|-damage|p1a: Queen of Twerk|382\/704 brn
|move|p1a: Queen of Twerk|Soft-Boiled|p1a: Queen of Twerk
|-heal|p1a: Queen of Twerk|704\/704 brn
|
|-damage|p1a: Queen of Twerk|616\/704 brn|[from] brn
|turn|48
|
|move|p2a: Landorus-Therian|Knock Off|p1a: Queen of Twerk
|-damage|p1a: Queen of Twerk|447\/704 brn
|move|p1a: Queen of Twerk|Heal Bell|p1a: Queen of Twerk
|-cureteam|p1a: Queen of Twerk|[from] move: HealBell
|
|turn|49
|
|move|p2a: Landorus-Therian|Knock Off|p1a: Queen of Twerk
|-damage|p1a: Queen of Twerk|252\/704
|move|p1a: Queen of Twerk|Soft-Boiled|p1a: Queen of Twerk
|-heal|p1a: Queen of Twerk|604\/704
|
|turn|50
|
|move|p2a: Landorus-Therian|Knock Off|p1a: Queen of Twerk
|-damage|p1a: Queen of Twerk|429\/704
|move|p1a: Queen of Twerk|Soft-Boiled|p1a: Queen of Twerk
|-heal|p1a: Queen of Twerk|704\/704
|
|turn|51
|
|move|p2a: Landorus-Therian|Knock Off|p1a: Queen of Twerk
|-damage|p1a: Queen of Twerk|533\/704
|move|p1a: Queen of Twerk|Toxic|p2a: Landorus-Therian
|-status|p2a: Landorus-Therian|tox
|
|-damage|p2a: Landorus-Therian|0 fnt|[from] psn
|faint|p2a: Landorus-Therian
|
|switch|p2a: Medicham|Medicham-Mega, M|104\/261
|-damage|p2a: Medicham|88\/261|[from] Stealth Rock
|turn|52
|
|switch|p1a: Quagmire|Quagsire, M|394\/394
|move|p2a: Medicham|High Jump Kick|p1a: Quagmire
|-damage|p1a: Quagmire|111\/394
|
|-heal|p1a: Quagmire|135\/394|[from] item: Leftovers
|turn|53
|c|★LT1A whitesox|pls
|
|move|p2a: Medicham|High Jump Kick|p1a: Quagmire
|-damage|p1a: Quagmire|0 fnt
|faint|p1a: Quagmire
|
|
|switch|p1a: Metal Head|Skarmory, F|281\/334
|turn|54
|
|switch|p2a: Rotom-Wash|Rotom-Wash|285\/304 tox
|-damage|p2a: Rotom-Wash|247\/304 tox|[from] Stealth Rock
|switch|p1a: Queen of Twerk|Chansey, F|533\/704
|
|-heal|p2a: Rotom-Wash|266\/304 tox|[from] item: Leftovers
|-damage|p2a: Rotom-Wash|247\/304 tox|[from] psn
|turn|55
|
|move|p2a: Rotom-Wash|Hydro Pump|p1a: Queen of Twerk
|-damage|p1a: Queen of Twerk|404\/704
|move|p1a: Queen of Twerk|Seismic Toss|p2a: Rotom-Wash
|-damage|p2a: Rotom-Wash|147\/304 tox
|
|-heal|p2a: Rotom-Wash|166\/304 tox|[from] item: Leftovers
|-damage|p2a: Rotom-Wash|128\/304 tox|[from] psn
|turn|56
|
|move|p2a: Rotom-Wash|Hydro Pump|p1a: Queen of Twerk
|-damage|p1a: Queen of Twerk|271\/704
|move|p1a: Queen of Twerk|Soft-Boiled|p1a: Queen of Twerk
|-heal|p1a: Queen of Twerk|623\/704
|
|-heal|p2a: Rotom-Wash|147\/304 tox|[from] item: Leftovers
|-damage|p2a: Rotom-Wash|90\/304 tox|[from] psn
|turn|57
|
|move|p2a: Rotom-Wash|Hydro Pump|p1a: Queen of Twerk
|-damage|p1a: Queen of Twerk|500\/704
|move|p1a: Queen of Twerk|Soft-Boiled|p1a: Queen of Twerk
|-heal|p1a: Queen of Twerk|704\/704
|
|-heal|p2a: Rotom-Wash|109\/304 tox|[from] item: Leftovers
|-damage|p2a: Rotom-Wash|33\/304 tox|[from] psn
|turn|58
|
|move|p2a: Rotom-Wash|Hydro Pump|p1a: Queen of Twerk
|-damage|p1a: Queen of Twerk|572\/704
|move|p1a: Queen of Twerk|Soft-Boiled|p1a: Queen of Twerk
|-heal|p1a: Queen of Twerk|704\/704
|
|-heal|p2a: Rotom-Wash|52\/304 tox|[from] item: Leftovers
|-damage|p2a: Rotom-Wash|0 fnt|[from] psn
|faint|p2a: Rotom-Wash
|
|switch|p2a: Medicham|Medicham-Mega, M|88\/261
|-damage|p2a: Medicham|72\/261|[from] Stealth Rock
|turn|59
|
|move|p2a: Medicham|High Jump Kick|p1a: Queen of Twerk
|-supereffective|p1a: Queen of Twerk
|-damage|p1a: Queen of Twerk|0 fnt
|faint|p1a: Queen of Twerk
|
|
|switch|p1a: Metal Head|Skarmory, F|281\/334
|turn|60
|c|★LT1A whitesox|gg
|
|move|p2a: Medicham|Thunder Punch|p1a: Metal Head
|-supereffective|p1a: Metal Head
|-damage|p1a: Metal Head|103\/334
|move|p1a: Metal Head|Brave Bird|p2a: Medicham
|-supereffective|p2a: Medicham
|-damage|p2a: Medicham|0 fnt
|-damage|p1a: Metal Head|79\/334|[from] recoil|[of] p2a: Medicham
|faint|p2a: Medicham
|
|-heal|p1a: Metal Head|99\/334|[from] item: Leftovers
|c|★SEXY GAMER DOG|gg
|c|★SEXY GAMER DOG|:\/
|
|switch|p2a: Greninja|Greninja, M|223\/286
|-damage|p2a: Greninja|188\/286|[from] Stealth Rock
|turn|61
|c|★LT1A whitesox|first time mega medi hasnt missed
|c|★LT1A whitesox|when attacking more than twice
|
|move|p2a: Greninja|Hidden Power|p1a: Metal Head
|-start|p2a: Greninja|typechange|Fire|[from] Protean
|-supereffective|p1a: Metal Head
|-damage|p1a: Metal Head|0 fnt
|-damage|p2a: Greninja|160\/286|[from] item: Life Orb
|faint|p1a: Metal Head
|
|win|LT1A whitesox
|raw|Ladder updating...
|raw|SEXY GAMER DOG's rating: 1828 &rarr; <strong>1800<\/strong><br \/>(-28 for losing)
|raw|LT1A whitesox's rating: 1685 &rarr; <strong>1713<\/strong><br \/>(+28 for winning)
|c|★SEXY GAMER DOG|:o
|leave|SEXY GAMER DOG
|player|p1
|leave|LT1A whitesox
|player|p2