|join|Amphibi
|join|NorecuerdomiNick.
|player|p1|Amphibi|25
|player|p2|NorecuerdomiNick.|209
|gametype|singles
|gen|6
|tier|OU
|rated
|clearpoke
|poke|p1|Greninja, M, shiny
|poke|p1|Sceptile, M
|poke|p1|Thundurus, M
|poke|p1|Slurpuff, F
|poke|p1|Excadrill, M
|poke|p1|Volcarona, M
|poke|p2|Gengar, F
|poke|p2|Conkeldurr, M
|poke|p2|Heatran, F
|poke|p2|Blastoise, F
|poke|p2|Talonflame, F
|poke|p2|Latios, M
|rule|Swagger Clause: Swagger is banned
|rule|Baton Pass Clause: Limit one Pokémon knowing Baton Pass
|rule|Sleep Clause Mod: Limit one foe put to sleep
|rule|Species Clause: Limit one of each Pokémon
|rule|OHKO Clause: OHKO moves are banned
|rule|Moody Clause: Moody is banned
|rule|Evasion Moves Clause: Evasion moves are banned
|rule|Endless Battle Clause: Forcing endless battles is banned
|rule|HP Percentage Mod: HP is shown in percentages
|teampreview
|
|start
|switch|p1a: Lakitu|Thundurus, M|299\/299
|switch|p2a: Gengar|Gengar, F|261\/261
|turn|1
|
|move|p1a: Lakitu|Thunder Wave|p2a: Gengar
|-status|p2a: Gengar|par
|move|p2a: Gengar|Substitute|p2a: Gengar
|-start|p2a: Gengar|Substitute
|-damage|p2a: Gengar|196\/261 par
|
|-heal|p2a: Gengar|212\/261 par|[from] item: Black Sludge
|turn|2
|
|switch|p1a: Mole'd|Excadrill, M|424\/424
|-ability|p1a: Mole'd|Mold Breaker
|-item|p1a: Mole'd|Air Balloon
|move|p2a: Gengar|Sludge Wave|p1a: Mole'd
|-immune|p1a: Mole'd|[msg]
|
|-heal|p2a: Gengar|228\/261 par|[from] item: Black Sludge
|turn|3
|
|move|p1a: Mole'd|Stealth Rock|p2a: Gengar
|-sidestart|p2: NorecuerdomiNick.|move: Stealth Rock
|move|p2a: Gengar|Will-O-Wisp|p1a: Mole'd|[miss]
|-miss|p2a: Gengar|p1a: Mole'd
|
|-heal|p2a: Gengar|244\/261 par|[from] item: Black Sludge
|turn|4
|
|switch|p1a: I quiver in fear|Volcarona, M|312\/312
|move|p2a: Gengar|Shadow Ball|p1a: I quiver in fear
|-damage|p1a: I quiver in fear|167\/312
|
|-heal|p2a: Gengar|260\/261 par|[from] item: Black Sludge
|turn|5
|
|move|p1a: I quiver in fear|Quiver Dance|p1a: I quiver in fear
|-boost|p1a: I quiver in fear|spa|1
|-boost|p1a: I quiver in fear|spd|1
|-boost|p1a: I quiver in fear|spe|1
|move|p2a: Gengar|Sludge Wave|p1a: I quiver in fear
|-damage|p1a: I quiver in fear|49\/312
|
|-heal|p2a: Gengar|261\/261 par|[from] item: Black Sludge
|turn|6
|
|move|p1a: I quiver in fear|Bug Buzz|p2a: Gengar
|-resisted|p2a: Gengar
|-damage|p2a: Gengar|181\/261 par
|move|p2a: Gengar|Sludge Wave|p1a: I quiver in fear
|-damage|p1a: I quiver in fear|0 fnt
|faint|p1a: I quiver in fear
|
|-heal|p2a: Gengar|197\/261 par|[from] item: Black Sludge
|
|switch|p1a: Mole'd|Excadrill, M|424\/424
|-ability|p1a: Mole'd|Mold Breaker
|-item|p1a: Mole'd|Air Balloon
|turn|7
|
|move|p1a: Mole'd|Earthquake|p2a: Gengar
|-supereffective|p2a: Gengar
|-end|p2a: Gengar|Substitute
|move|p2a: Gengar|Will-O-Wisp|p1a: Mole'd
|-status|p1a: Mole'd|brn
|
|-heal|p2a: Gengar|213\/261 par|[from] item: Black Sludge
|-damage|p1a: Mole'd|371\/424 brn|[from] brn
|turn|8
|
|move|p1a: Mole'd|Earthquake|p2a: Gengar
|-supereffective|p2a: Gengar
|-damage|p2a: Gengar|0 fnt
|faint|p2a: Gengar
|
|-damage|p1a: Mole'd|318\/424 brn|[from] brn
|
|switch|p2a: Blastoise|Blastoise, F|343\/343
|-damage|p2a: Blastoise|301\/343|[from] Stealth Rock
|turn|9
|
|detailschange|p2a: Blastoise|Blastoise-Mega, F
|message|Blastoise has Mega Evolved into Mega Blastoise!
|move|p1a: Mole'd|Stealth Rock|p2a: Blastoise
|-fail|p2a: Blastoise
|move|p2a: Blastoise|Dark Pulse|p1a: Mole'd
|-damage|p1a: Mole'd|77\/424 brn
|-enditem|p1a: Mole'd|Air Balloon
|
|-damage|p1a: Mole'd|24\/424 brn|[from] brn
|turn|10
|
|switch|p1a: Lakitu|Thundurus, M|299\/299
|move|p2a: Blastoise|Rapid Spin|p1a: Lakitu
|-damage|p1a: Lakitu|280\/299
|-sideend|p2: NorecuerdomiNick.|Stealth Rock|[from] move: Rapid Spin|[of] p2a: Blastoise
|
|turn|11
|
|switch|p2a: Heatran|Heatran, F|386\/386
|move|p1a: Lakitu|Thunderbolt|p2a: Heatran
|-damage|p2a: Heatran|250\/386
|-damage|p1a: Lakitu|251\/299|[from] item: Life Orb
|
|-heal|p2a: Heatran|274\/386|[from] item: Leftovers
|turn|12
|
|move|p1a: Lakitu|Taunt|p2a: Heatran
|-start|p2a: Heatran|move: Taunt
|move|p2a: Heatran|Lava Plume|p1a: Lakitu
|-damage|p1a: Lakitu|110\/299
|
|-heal|p2a: Heatran|298\/386|[from] item: Leftovers
|turn|13
|
|move|p1a: Lakitu|Thunderbolt|p2a: Heatran
|-damage|p2a: Heatran|162\/386
|-damage|p1a: Lakitu|81\/299|[from] item: Life Orb
|move|p2a: Heatran|Lava Plume|p1a: Lakitu
|-damage|p1a: Lakitu|0 fnt
|faint|p1a: Lakitu
|
|-heal|p2a: Heatran|186\/386|[from] item: Leftovers
|
|switch|p1a: Mole'd|Excadrill, M|24\/424 brn
|-ability|p1a: Mole'd|Mold Breaker
|turn|14
|
|move|p1a: Mole'd|Stealth Rock|p2a: Heatran
|-sidestart|p2: NorecuerdomiNick.|move: Stealth Rock
|move|p2a: Heatran|Lava Plume|p1a: Mole'd
|-supereffective|p1a: Mole'd
|-damage|p1a: Mole'd|0 fnt
|faint|p1a: Mole'd
|
|-heal|p2a: Heatran|210\/386|[from] item: Leftovers
|-end|p2a: Heatran|move: Taunt
|
|switch|p1a: Unacsceptable|Sceptile, M|281\/281
|turn|15
|
|detailschange|p1a: Unacsceptable|Sceptile-Mega, M
|message|Sceptile has Mega Evolved into Mega Sceptile!
|move|p1a: Unacsceptable|Focus Blast|p2a: Heatran
|-supereffective|p2a: Heatran
|-damage|p2a: Heatran|0 fnt
|faint|p2a: Heatran
|
|
|switch|p2a: Conkeldurr|Conkeldurr, M|401\/401
|-damage|p2a: Conkeldurr|376\/401|[from] Stealth Rock
|turn|16
|
|move|p1a: Unacsceptable|Energy Ball|p2a: Conkeldurr
|-damage|p2a: Conkeldurr|204\/401
|move|p2a: Conkeldurr|Drain Punch|p1a: Unacsceptable
|-damage|p1a: Unacsceptable|76\/281
|-heal|p2a: Conkeldurr|307\/401|[from] drain|[of] p1a: Unacsceptable
|
|turn|17
|
|move|p2a: Conkeldurr|Mach Punch|p1a: Unacsceptable
|-damage|p1a: Unacsceptable|0 fnt
|faint|p1a: Unacsceptable
|
|
|switch|p1a: Black☆Star|Greninja, M, shiny|285\/285
|turn|18
|
|move|p2a: Conkeldurr|Mach Punch|p1a: Black☆Star
|-supereffective|p1a: Black☆Star
|-damage|p1a: Black☆Star|33\/285
|move|p1a: Black☆Star|Gunk Shot|p2a: Conkeldurr
|-start|p1a: Black☆Star|typechange|Poison|[from] Protean
|-damage|p2a: Conkeldurr|128\/401
|-status|p2a: Conkeldurr|psn
|-damage|p1a: Black☆Star|5\/285|[from] item: Life Orb
|
|-damage|p2a: Conkeldurr|78\/401 psn|[from] psn
|turn|19
|
|move|p2a: Conkeldurr|Mach Punch|p1a: Black☆Star
|-resisted|p1a: Black☆Star
|-damage|p1a: Black☆Star|0 fnt
|faint|p1a: Black☆Star
|
|-damage|p2a: Conkeldurr|28\/401 psn|[from] psn
|
|switch|p1a: Slllluuuuurrrrp|Slurpuff, F|306\/306
|turn|20
|
|move|p1a: Slllluuuuurrrrp|Belly Drum|p1a: Slllluuuuurrrrp
|-damage|p1a: Slllluuuuurrrrp|153\/306
|-setboost|p1a: Slllluuuuurrrrp|atk|6|[from] move: Belly Drum
|-enditem|p1a: Slllluuuuurrrrp|Sitrus Berry|[eat]
|-heal|p1a: Slllluuuuurrrrp|229\/306|[from] item: Sitrus Berry
|move|p2a: Conkeldurr|Ice Punch|p1a: Slllluuuuurrrrp
|-damage|p1a: Slllluuuuurrrrp|38\/306
|
|-damage|p2a: Conkeldurr|0 fnt|[from] psn
|faint|p2a: Conkeldurr
|
|switch|p2a: Talonflame|Talonflame, F|298\/298
|-damage|p2a: Talonflame|149\/298|[from] Stealth Rock
|turn|21
|
|move|p2a: Talonflame|Brave Bird|p1a: Slllluuuuurrrrp
|-damage|p1a: Slllluuuuurrrrp|0 fnt
|-damage|p2a: Talonflame|136\/298|[from] recoil|[of] p1a: Slllluuuuurrrrp
|faint|p1a: Slllluuuuurrrrp
|
|win|NorecuerdomiNick.
|raw|Ladder updating...
|leave|Amphibi
|player|p1