|join|NorecuerdomiNick.
|join|Kidochan
|player|p1|NorecuerdomiNick.|209
|player|p2|Kidochan|234
|gametype|singles
|gen|6
|tier|OU
|rated
|clearpoke
|poke|p1|Gengar, F
|poke|p1|Conkeldurr, M
|poke|p1|Heatran, F
|poke|p1|Blastoise, M
|poke|p1|Talonflame, M
|poke|p1|Latios, M
|poke|p2|Diancie
|poke|p2|Landorus-Therian, M
|poke|p2|Ferrothorn, M
|poke|p2|Greninja, M, shiny
|poke|p2|Gyarados, F
|poke|p2|Alakazam, M
|rule|Swagger Clause: Swagger is banned
|rule|Baton Pass Clause: Limit one Pokémon knowing Baton Pass
|rule|Sleep Clause Mod: Limit one foe put to sleep
|rule|Species Clause: Limit one of each Pokémon
|rule|OHKO Clause: OHKO moves are banned
|rule|Moody Clause: Moody is banned
|rule|Evasion Moves Clause: Evasion moves are banned
|rule|Endless Battle Clause: Forcing endless battles is banned
|rule|HP Percentage Mod: HP is shown in percentages
|teampreview
|
|start
|switch|p1a: Gengar|Gengar, F|261\/261
|switch|p2a: Gyarados|Gyarados, F|353\/353
|-ability|p2a: Gyarados|Intimidate|[of] p1a: Gengar
|-unboost|p1a: Gengar|atk|1
|turn|1
|
|move|p1a: Gengar|Will-O-Wisp|p2a: Gyarados
|-status|p2a: Gyarados|brn
|move|p2a: Gyarados|Waterfall|p1a: Gengar
|-damage|p1a: Gengar|150\/261
|
|-heal|p1a: Gengar|166\/261|[from] item: Black Sludge
|-damage|p2a: Gyarados|309\/353 brn|[from] brn
|turn|2
|
|move|p1a: Gengar|Sludge Wave|p2a: Gyarados
|-damage|p2a: Gyarados|132\/353 brn
|move|p2a: Gyarados|Waterfall|p1a: Gengar
|-damage|p1a: Gengar|58\/261
|
|-heal|p1a: Gengar|74\/261|[from] item: Black Sludge
|-heal|p2a: Gyarados|154\/353 brn|[from] item: Leftovers
|-damage|p2a: Gyarados|110\/353 brn|[from] brn
|turn|3
|
|move|p1a: Gengar|Sludge Wave|p2a: Gyarados
|-damage|p2a: Gyarados|0 fnt
|faint|p2a: Gyarados
|
|-heal|p1a: Gengar|90\/261|[from] item: Black Sludge
|
|switch|p2a: Alakazam|Alakazam, M|251\/251
|turn|4
|
|move|p2a: Alakazam|Psyshock|p1a: Gengar
|-supereffective|p1a: Gengar
|-damage|p1a: Gengar|0 fnt
|faint|p1a: Gengar
|
|
|switch|p1a: Heatran|Heatran, F|386\/386
|turn|5
|
|move|p2a: Alakazam|Focus Blast|p1a: Heatran
|-supereffective|p1a: Heatran
|-damage|p1a: Heatran|186\/386
|move|p1a: Heatran|Lava Plume|p2a: Alakazam
|-damage|p2a: Alakazam|136\/251
|-status|p2a: Alakazam|brn
|
|-heal|p1a: Heatran|210\/386|[from] item: Leftovers
|turn|6
|
|move|p1a: Heatran|Protect|p1a: Heatran
|-singleturn|p1a: Heatran|Protect
|move|p2a: Alakazam|Focus Blast|p1a: Heatran
|-activate|p1a: Heatran|Protect
|
|-heal|p1a: Heatran|234\/386|[from] item: Leftovers
|turn|7
|
|move|p2a: Alakazam|Focus Blast|p1a: Heatran
|-crit|p1a: Heatran
|-supereffective|p1a: Heatran
|-damage|p1a: Heatran|0 fnt
|faint|p1a: Heatran
|
|
|switch|p1a: Talonflame|Talonflame, M|298\/298
|turn|8
|
|move|p1a: Talonflame|Brave Bird|p2a: Alakazam
|-damage|p2a: Alakazam|0 fnt
|-damage|p1a: Talonflame|253\/298|[from] recoil|[of] p2a: Alakazam
|faint|p2a: Alakazam
|
|
|switch|p2a: Diancie|Diancie|257\/257
|turn|9
|
|switch|p1a: Blastoise|Blastoise, M|343\/343
|detailschange|p2a: Diancie|Diancie-Mega
|message|Diancie has Mega Evolved into Mega Diancie!
|move|p2a: Diancie|Rock Polish|p2a: Diancie
|-boost|p2a: Diancie|spe|2
|
|turn|10
|
|switch|p2a: Ferrothorn|Ferrothorn, M|352\/352
|detailschange|p1a: Blastoise|Blastoise-Mega, M
|message|Blastoise has Mega Evolved into Mega Blastoise!
|move|p1a: Blastoise|Scald|p2a: Ferrothorn
|-resisted|p2a: Ferrothorn
|-damage|p2a: Ferrothorn|295\/352
|
|turn|11
|
|move|p1a: Blastoise|Aura Sphere|p2a: Ferrothorn
|-supereffective|p2a: Ferrothorn
|-damage|p2a: Ferrothorn|91\/352
|move|p2a: Ferrothorn|Leech Seed|p1a: Blastoise|[miss]
|-miss|p2a: Ferrothorn|p1a: Blastoise
|
|turn|12
|
|move|p1a: Blastoise|Aura Sphere|p2a: Ferrothorn
|-supereffective|p2a: Ferrothorn
|-damage|p2a: Ferrothorn|0 fnt
|faint|p2a: Ferrothorn
|
|
|switch|p2a: Greninja|Greninja, M, shiny|285\/285
|turn|13
|
|switch|p1a: Conkeldurr|Conkeldurr, M|401\/401
|move|p2a: Greninja|Gunk Shot|p1a: Conkeldurr
|-start|p2a: Greninja|typechange|Poison|[from] Protean
|-damage|p1a: Conkeldurr|220\/401
|-damage|p2a: Greninja|257\/285|[from] item: Life Orb
|
|turn|14
|
|move|p2a: Greninja|Hydro Pump|p1a: Conkeldurr
|-start|p2a: Greninja|typechange|Water|[from] Protean
|-damage|p1a: Conkeldurr|33\/401
|-damage|p2a: Greninja|229\/285|[from] item: Life Orb
|move|p1a: Conkeldurr|Knock Off|p2a: Greninja
|-damage|p2a: Greninja|55\/285
|-enditem|p2a: Greninja|Life Orb|[from] move: Knock Off|[of] p1a: Conkeldurr
|
|turn|15
|
|move|p1a: Conkeldurr|Mach Punch|p2a: Greninja
|-damage|p2a: Greninja|0 fnt
|faint|p2a: Greninja
|
|
|switch|p2a: Diancie|Diancie-Mega|257\/257
|turn|16
|
|move|p2a: Diancie|Moonblast|p1a: Conkeldurr
|-supereffective|p1a: Conkeldurr
|-damage|p1a: Conkeldurr|0 fnt
|faint|p1a: Conkeldurr
|
|
|switch|p1a: Blastoise|Blastoise-Mega, M|343\/343
|turn|17
|
|move|p2a: Diancie|Moonblast|p1a: Blastoise
|-damage|p1a: Blastoise|159\/343
|-unboost|p1a: Blastoise|spa|1
|move|p1a: Blastoise|Scald|p2a: Diancie
|-supereffective|p2a: Diancie
|-damage|p2a: Diancie|29\/257
|
|turn|18
|
|move|p2a: Diancie|Moonblast|p1a: Blastoise
|-damage|p1a: Blastoise|0 fnt
|faint|p1a: Blastoise
|
|
|switch|p1a: Talonflame|Talonflame, M|253\/298
|turn|19
|
|move|p1a: Talonflame|U-turn|p2a: Diancie
|-resisted|p2a: Diancie
|-damage|p2a: Diancie|0 fnt
|faint|p2a: Diancie
|
|switch|p1a: Latios|Latios, M|301\/301
|
|
|switch|p2a: Landorus-Therian|Landorus-Therian, M|319\/319
|-ability|p2a: Landorus-Therian|Intimidate|[of] p1a: Latios
|-unboost|p1a: Latios|atk|1
|turn|20
|
|move|p2a: Landorus-Therian|Knock Off|p1a: Latios
|-supereffective|p1a: Latios
|-damage|p1a: Latios|0 fnt
|-enditem|p1a: Latios|Life Orb|[from] move: Knock Off|[of] p2a: Landorus-Therian
|faint|p1a: Latios
|
|
|switch|p1a: Talonflame|Talonflame, M|253\/298
|turn|21
|
|move|p1a: Talonflame|Brave Bird|p2a: Landorus-Therian
|-damage|p2a: Landorus-Therian|45\/319
|-damage|p1a: Talonflame|163\/298|[from] recoil|[of] p2a: Landorus-Therian
|move|p2a: Landorus-Therian|Knock Off|p1a: Talonflame
|-damage|p1a: Talonflame|1\/298
|-enditem|p1a: Talonflame|Choice Band|[from] move: Knock Off|[of] p2a: Landorus-Therian
|
|turn|22
|
|move|p1a: Talonflame|Brave Bird|p2a: Landorus-Therian
|-damage|p2a: Landorus-Therian|0 fnt
|-damage|p1a: Talonflame|0 fnt|[from] recoil|[of] p2a: Landorus-Therian
|faint|p2a: Landorus-Therian
|faint|p1a: Talonflame
|
|win|NorecuerdomiNick.
|raw|Ladder updating...