|join|NorecuerdomiNick.
|join|something cooler
|player|p1|NorecuerdomiNick.|209
|player|p2|something cooler|29
|gametype|singles
|gen|6
|tier|OU
|rated
|clearpoke
|poke|p1|Gengar, F
|poke|p1|Conkeldurr, M
|poke|p1|Heatran, F
|poke|p1|Blastoise, M
|poke|p1|Talonflame, M
|poke|p1|Latios, M
|poke|p2|Manectric, M
|poke|p2|Gengar, M
|poke|p2|Azumarill, M
|poke|p2|Garchomp, F
|poke|p2|Landorus-Therian, M
|poke|p2|Crawdaunt, M
|rule|Swagger Clause: Swagger is banned
|rule|Baton Pass Clause: Limit one Pokémon knowing Baton Pass
|rule|Sleep Clause Mod: Limit one foe put to sleep
|rule|Species Clause: Limit one of each Pokémon
|rule|OHKO Clause: OHKO moves are banned
|rule|Moody Clause: Moody is banned
|rule|Evasion Moves Clause: Evasion moves are banned
|rule|Endless Battle Clause: Forcing endless battles is banned
|rule|HP Percentage Mod: HP is shown in percentages
|teampreview
|
|start
|switch|p1a: Conkeldurr|Conkeldurr, M|401\/401
|switch|p2a: Manectric|Manectric, M|281\/281
|turn|1
|
|detailschange|p2a: Manectric|Manectric-Mega, M
|message|Manectric has Mega Evolved into Mega Manectric!
|-ability|p2a: Manectric|Intimidate|[of] p1a: Conkeldurr
|-unboost|p1a: Conkeldurr|atk|1
|move|p2a: Manectric|Volt Switch|p1a: Conkeldurr
|-crit|p1a: Conkeldurr
|-damage|p1a: Conkeldurr|212\/401
|
|switch|p2a: Azumarill|Azumarill, M|404\/404
|move|p1a: Conkeldurr|Knock Off|p2a: Azumarill
|-resisted|p2a: Azumarill
|-damage|p2a: Azumarill|350\/404
|-enditem|p2a: Azumarill|Assault Vest|[from] move: Knock Off|[of] p1a: Conkeldurr
|
|turn|2
|
|move|p2a: Azumarill|Waterfall|p1a: Conkeldurr
|-damage|p1a: Conkeldurr|46\/401
|move|p1a: Conkeldurr|Drain Punch|p2a: Azumarill
|-resisted|p2a: Azumarill
|-damage|p2a: Azumarill|287\/404
|-heal|p1a: Conkeldurr|78\/401|[from] drain|[of] p2a: Azumarill
|
|turn|3
|
|move|p1a: Conkeldurr|Mach Punch|p2a: Azumarill
|-resisted|p2a: Azumarill
|-damage|p2a: Azumarill|253\/404
|move|p2a: Azumarill|Play Rough|p1a: Conkeldurr
|-supereffective|p1a: Conkeldurr
|-damage|p1a: Conkeldurr|0 fnt
|faint|p1a: Conkeldurr
|
|
|switch|p1a: Gengar|Gengar, F|261\/261
|turn|4
|
|move|p2a: Azumarill|Aqua Jet|p1a: Gengar
|-damage|p1a: Gengar|125\/261
|move|p1a: Gengar|Substitute|p1a: Gengar
|-start|p1a: Gengar|Substitute
|-damage|p1a: Gengar|60\/261
|
|-heal|p1a: Gengar|76\/261|[from] item: Black Sludge
|turn|5
|
|move|p2a: Azumarill|Aqua Jet|p1a: Gengar
|-end|p1a: Gengar|Substitute
|move|p1a: Gengar|Will-O-Wisp|p2a: Azumarill
|-status|p2a: Azumarill|brn
|
|-heal|p1a: Gengar|92\/261|[from] item: Black Sludge
|-damage|p2a: Azumarill|203\/404 brn|[from] brn
|turn|6
|
|switch|p1a: Heatran|Heatran, F|386\/386
|move|p2a: Azumarill|Aqua Jet|p1a: Heatran
|-supereffective|p1a: Heatran
|-damage|p1a: Heatran|296\/386
|
|-heal|p1a: Heatran|320\/386|[from] item: Leftovers
|-damage|p2a: Azumarill|153\/404 brn|[from] brn
|turn|7
|
|move|p1a: Heatran|Stealth Rock|p2a: Azumarill
|-sidestart|p2: something cooler|move: Stealth Rock
|move|p2a: Azumarill|Waterfall|p1a: Heatran
|-supereffective|p1a: Heatran
|-damage|p1a: Heatran|158\/386
|
|-heal|p1a: Heatran|182\/386|[from] item: Leftovers
|-damage|p2a: Azumarill|103\/404 brn|[from] brn
|turn|8
|
|move|p1a: Heatran|Protect|p1a: Heatran
|-singleturn|p1a: Heatran|Protect
|move|p2a: Azumarill|Waterfall|p1a: Heatran
|-activate|p1a: Heatran|Protect
|
|-heal|p1a: Heatran|206\/386|[from] item: Leftovers
|-damage|p2a: Azumarill|53\/404 brn|[from] brn
|turn|9
|
|move|p1a: Heatran|Lava Plume|p2a: Azumarill
|-resisted|p2a: Azumarill
|-damage|p2a: Azumarill|0 fnt
|faint|p2a: Azumarill
|
|-heal|p1a: Heatran|230\/386|[from] item: Leftovers
|
|switch|p2a: Crawdaunt|Crawdaunt, M|269\/269
|-damage|p2a: Crawdaunt|236\/269|[from] Stealth Rock
|turn|10
|
|move|p2a: Crawdaunt|Aqua Jet|p1a: Heatran
|-supereffective|p1a: Heatran
|-damage|p1a: Heatran|6\/386
|-damage|p2a: Crawdaunt|210\/269|[from] item: Life Orb
|move|p1a: Heatran|Lava Plume|p2a: Crawdaunt
|-resisted|p2a: Crawdaunt
|-damage|p2a: Crawdaunt|111\/269
|-status|p2a: Crawdaunt|brn
|
|-heal|p1a: Heatran|30\/386|[from] item: Leftovers
|-damage|p2a: Crawdaunt|78\/269 brn|[from] brn
|turn|11
|-message|something cooler forfeited.
|
|win|NorecuerdomiNick.
|raw|Ladder updating...
|leave|something cooler
|player|p2