|join|NorecuerdomiNick.
|join|lucarioninja515
|player|p1|NorecuerdomiNick.|209
|player|p2|lucarioninja515|273
|gametype|singles
|gen|6
|tier|OU
|rated
|clearpoke
|poke|p1|Dragonite, M
|poke|p1|Blissey, F
|poke|p1|Skarmory, F
|poke|p1|Manectric, F
|poke|p1|Conkeldurr, M
|poke|p1|Clefable, M
|poke|p2|Venusaur, F
|poke|p2|Bisharp, M
|poke|p2|Garchomp, M
|poke|p2|Magnezone
|poke|p2|Landorus-Therian, M
|poke|p2|Greninja, F
|rule|Swagger Clause: Swagger is banned
|rule|Baton Pass Clause: Limit one Pokémon knowing Baton Pass
|rule|Sleep Clause Mod: Limit one foe put to sleep
|rule|Species Clause: Limit one of each Pokémon
|rule|OHKO Clause: OHKO moves are banned
|rule|Moody Clause: Moody is banned
|rule|Evasion Moves Clause: Evasion moves are banned
|rule|Endless Battle Clause: Forcing endless battles is banned
|rule|HP Percentage Mod: HP is shown in percentages
|teampreview
|
|start
|switch|p1a: Manectric|Manectric, F|281\/281
|switch|p2a: Landorus-Therian|Landorus-Therian, M|320\/320
|-ability|p2a: Landorus-Therian|Intimidate|[of] p1a: Manectric
|-unboost|p1a: Manectric|atk|1
|turn|1
|
|detailschange|p1a: Manectric|Manectric-Mega, F
|message|Manectric has Mega Evolved into Mega Manectric!
|-ability|p1a: Manectric|Intimidate|[of] p2a: Landorus-Therian
|-unboost|p2a: Landorus-Therian|atk|1
|move|p1a: Manectric|Hidden Power|p2a: Landorus-Therian
|-crit|p2a: Landorus-Therian
|-supereffective|p2a: Landorus-Therian
|-damage|p2a: Landorus-Therian|0 fnt
|faint|p2a: Landorus-Therian
|
|
|switch|p2a: Garchomp|Garchomp, M|357\/357
|turn|2
|
|switch|p1a: Skarmory|Skarmory, F|321\/321
|move|p2a: Garchomp|Earthquake|p1a: Skarmory
|-immune|p1a: Skarmory|[msg]
|
|turn|3
|
|switch|p2a: Magnezone|Magnezone|313\/313
|-item|p2a: Magnezone|Air Balloon
|switch|p1a: Conkeldurr|Conkeldurr, M|401\/401
|
|turn|4
|
|move|p2a: Magnezone|Thunderbolt|p1a: Conkeldurr
|-damage|p1a: Conkeldurr|235\/401
|move|p1a: Conkeldurr|Drain Punch|p2a: Magnezone
|-supereffective|p2a: Magnezone
|-damage|p2a: Magnezone|35\/313
|-heal|p1a: Conkeldurr|374\/401|[from] drain|[of] p2a: Magnezone
|-enditem|p2a: Magnezone|Air Balloon
|
|turn|5
|
|switch|p2a: Venusaur|Venusaur, F|301\/301
|move|p1a: Conkeldurr|Mach Punch|p2a: Venusaur
|-resisted|p2a: Venusaur
|-damage|p2a: Venusaur|265\/301
|
|turn|6
|
|switch|p1a: Blissey|Blissey, F|714\/714
|detailschange|p2a: Venusaur|Venusaur-Mega, F
|message|Venusaur has Mega Evolved into Mega Venusaur!
|move|p2a: Venusaur|Sludge Bomb|p1a: Blissey
|-damage|p1a: Blissey|588\/714
|
|-heal|p1a: Blissey|632\/714|[from] item: Leftovers
|turn|7
|
|switch|p2a: Bisharp|Bisharp, M|271\/271
|move|p1a: Blissey|Thunder Wave|p2a: Bisharp
|-status|p2a: Bisharp|par
|
|-heal|p1a: Blissey|676\/714|[from] item: Leftovers
|turn|8
|
|move|p1a: Blissey|Stealth Rock|p2a: Bisharp
|-sidestart|p2: lucarioninja515|move: Stealth Rock
|cant|p2a: Bisharp|par
|
|-heal|p1a: Blissey|714\/714|[from] item: Leftovers
|turn|9
|
|switch|p1a: Manectric|Manectric-Mega, F|281\/281
|-ability|p1a: Manectric|Intimidate|[of] p2a: Bisharp
|-unboost|p2a: Bisharp|atk|1
|-boost|p2a: Bisharp|atk|2|[from] ability: Defiant
|move|p2a: Bisharp|Brick Break|p1a: Manectric
|-damage|p1a: Manectric|113\/281
|
|turn|10
|
|move|p2a: Bisharp|Sucker Punch|p1a: Manectric
|-damage|p1a: Manectric|0 fnt
|faint|p1a: Manectric
|
|
|switch|p1a: Conkeldurr|Conkeldurr, M|374\/401
|turn|11
|
|move|p1a: Conkeldurr|Mach Punch|p2a: Bisharp
|-supereffective|p2a: Bisharp
|-damage|p2a: Bisharp|0 fnt
|faint|p2a: Bisharp
|
|
|switch|p2a: Venusaur|Venusaur-Mega, F|265\/301
|-damage|p2a: Venusaur|228\/301|[from] Stealth Rock
|turn|12
|
|switch|p1a: Skarmory|Skarmory, F|321\/321
|move|p2a: Venusaur|Synthesis|p2a: Venusaur
|-heal|p2a: Venusaur|301\/301
|
|turn|13
|
|move|p2a: Venusaur|Hidden Power|p1a: Skarmory
|-supereffective|p1a: Skarmory
|-damage|p1a: Skarmory|145\/321
|move|p1a: Skarmory|Drill Peck|p2a: Venusaur
|-supereffective|p2a: Venusaur
|-damage|p2a: Venusaur|193\/301
|
|turn|14
|
|move|p2a: Venusaur|Hidden Power|p1a: Skarmory
|-supereffective|p1a: Skarmory
|-damage|p1a: Skarmory|0 fnt
|faint|p1a: Skarmory
|
|
|switch|p1a: Blissey|Blissey, F|714\/714
|turn|15
|
|move|p2a: Venusaur|Giga Drain|p1a: Blissey
|-damage|p1a: Blissey|612\/714
|-heal|p2a: Venusaur|244\/301|[from] drain|[of] p1a: Blissey
|move|p1a: Blissey|Seismic Toss|p2a: Venusaur
|-damage|p2a: Venusaur|144\/301
|
|-heal|p1a: Blissey|656\/714|[from] item: Leftovers
|turn|16
|
|move|p2a: Venusaur|Synthesis|p2a: Venusaur
|-heal|p2a: Venusaur|294\/301
|move|p1a: Blissey|Seismic Toss|p2a: Venusaur
|-damage|p2a: Venusaur|194\/301
|
|-heal|p1a: Blissey|700\/714|[from] item: Leftovers
|turn|17
|
|switch|p2a: Garchomp|Garchomp, M|357\/357
|-damage|p2a: Garchomp|335\/357|[from] Stealth Rock
|move|p1a: Blissey|Thunder Wave|p2a: Garchomp
|-immune|p2a: Garchomp|[msg]
|
|-heal|p1a: Blissey|714\/714|[from] item: Leftovers
|turn|18
|
|switch|p1a: Clefable|Clefable, M|356\/356
|move|p2a: Garchomp|Earthquake|p1a: Clefable
|-damage|p1a: Clefable|173\/356
|
|turn|19
|
|switch|p2a: Greninja|Greninja, F|285\/285
|-damage|p2a: Greninja|250\/285|[from] Stealth Rock
|move|p1a: Clefable|Moonblast|p2a: Greninja
|-supereffective|p2a: Greninja
|-damage|p2a: Greninja|0 fnt
|faint|p2a: Greninja
|
|
|switch|p2a: Magnezone|Magnezone|35\/313
|-damage|p2a: Magnezone|16\/313|[from] Stealth Rock
|turn|20
|
|switch|p1a: Blissey|Blissey, F|714\/714
|move|p2a: Magnezone|Flash Cannon|p1a: Blissey
|-damage|p1a: Blissey|588\/714
|
|-heal|p1a: Blissey|632\/714|[from] item: Leftovers
|turn|21
|
|move|p2a: Magnezone|Thunder Wave|p1a: Blissey
|-status|p1a: Blissey|par
|move|p1a: Blissey|Seismic Toss|p2a: Magnezone
|-damage|p2a: Magnezone|0 fnt
|faint|p2a: Magnezone
|
|-heal|p1a: Blissey|676\/714 par|[from] item: Leftovers
|
|switch|p2a: Venusaur|Venusaur-Mega, F|194\/301
|-damage|p2a: Venusaur|157\/301|[from] Stealth Rock
|turn|22
|
|move|p2a: Venusaur|Synthesis|p2a: Venusaur
|-heal|p2a: Venusaur|301\/301
|move|p1a: Blissey|Thunder Wave|p2a: Venusaur
|-status|p2a: Venusaur|par
|
|-heal|p1a: Blissey|714\/714 par|[from] item: Leftovers
|turn|23
|
|switch|p2a: Garchomp|Garchomp, M|335\/357
|-damage|p2a: Garchomp|313\/357|[from] Stealth Rock
|switch|p1a: Clefable|Clefable, M|173\/356
|
|turn|24
|
|move|p2a: Garchomp|Earthquake|p1a: Clefable
|-damage|p1a: Clefable|0 fnt
|faint|p1a: Clefable
|
|
|switch|p1a: Conkeldurr|Conkeldurr, M|374\/401
|turn|25
|
|move|p2a: Garchomp|Earthquake|p1a: Conkeldurr
|-damage|p1a: Conkeldurr|190\/401
|move|p1a: Conkeldurr|Ice Punch|p2a: Garchomp
|-supereffective|p2a: Garchomp
|-damage|p2a: Garchomp|0 fnt
|-damage|p1a: Conkeldurr|140\/401|[from] ability: Rough Skin|[of] p2a: Garchomp
|faint|p2a: Garchomp
|
|
|switch|p2a: Venusaur|Venusaur-Mega, F|301\/301 par
|-damage|p2a: Venusaur|264\/301 par|[from] Stealth Rock
|turn|26
|
|move|p1a: Conkeldurr|Ice Punch|p2a: Venusaur
|-supereffective|p2a: Venusaur
|-damage|p2a: Venusaur|184\/301 par
|move|p2a: Venusaur|Sludge Bomb|p1a: Conkeldurr
|-damage|p1a: Conkeldurr|0 fnt
|faint|p1a: Conkeldurr
|
|
|switch|p1a: Dragonite|Dragonite, M|323\/323
|turn|27
|
|move|p1a: Dragonite|Dragon Dance|p1a: Dragonite
|-boost|p1a: Dragonite|atk|1
|-boost|p1a: Dragonite|spe|1
|move|p2a: Venusaur|Sludge Bomb|p1a: Dragonite
|-damage|p1a: Dragonite|244\/323
|
|turn|28
|
|move|p1a: Dragonite|Dragon Claw|p2a: Venusaur
|-damage|p2a: Venusaur|6\/301 par
|cant|p2a: Venusaur|par
|
|turn|29
|
|move|p1a: Dragonite|Dragon Claw|p2a: Venusaur
|-damage|p2a: Venusaur|0 fnt
|faint|p2a: Venusaur
|
|win|NorecuerdomiNick.
|raw|Ladder updating...
|leave|lucarioninja515
|player|p2