|join|Greyheracross
|join|Xiba
|player|p1|Greyheracross|162
|player|p2|Xiba|102
|gametype|singles
|gen|6
|tier|UU
|rated
|rule|Sleep Clause Mod: Limit one foe put to sleep
|rule|Species Clause: Limit one of each Pokémon
|rule|OHKO Clause: OHKO moves are banned
|rule|Moody Clause: Moody is banned
|rule|Evasion Moves Clause: Evasion moves are banned
|rule|Endless Battle Clause: Forcing endless battles is banned
|rule|HP Percentage Mod: HP is reported as percentages
|clearpoke
|poke|p1|Shuckle, F
|poke|p1|Honchkrow, F
|poke|p1|Chandelure, M
|poke|p1|Haxorus, F
|poke|p1|Suicune
|poke|p1|Lucario, M
|poke|p2|Trevenant, M
|poke|p2|Aggron, M
|poke|p2|Tentacruel, F
|poke|p2|Blissey, F
|poke|p2|Krookodile, M
|poke|p2|Yanmega, F
|rule|Swagger Clause: Swagger is banned
|rule|Baton Pass Clause: Limit one Pokémon knowing Baton Pass
|teampreview
|join|just2bquiet
|
|start
|switch|p1a: Chandelure|Chandelure, M|261\/261
|switch|p2a: Tentacruel|Tentacruel, F|361\/361
|turn|1
|
|move|p1a: Chandelure|Taunt|p2a: Tentacruel
|-start|p2a: Tentacruel|move: Taunt
|move|p2a: Tentacruel|Knock Off|p1a: Chandelure
|-supereffective|p1a: Chandelure
|-damage|p1a: Chandelure|153\/261
|-enditem|p1a: Chandelure|Life Orb|[from] move: Knock Off|[of] p2a: Tentacruel
|
|turn|2
|
|switch|p1a: Haxorus|Haxorus, F|293\/293
|-ability|p1a: Haxorus|Mold Breaker
|move|p2a: Tentacruel|Scald|p1a: Haxorus
|-resisted|p1a: Haxorus
|-damage|p1a: Haxorus|243\/293
|
|turn|3
|
|switch|p2a: Aggron|Aggron, M|344\/344
|move|p1a: Haxorus|Swords Dance|p1a: Haxorus
|-boost|p1a: Haxorus|atk|2
|
|turn|4
|
|detailschange|p2a: Aggron|Aggron-Mega, M
|message|Aggron has Mega Evolved into Mega Aggron!
|move|p1a: Haxorus|Earthquake|p2a: Aggron
|-supereffective|p2a: Aggron
|-damage|p2a: Aggron|96\/344
|move|p2a: Aggron|Roar|p1a: Haxorus
|drag|p1a: Suicune|Suicune|401\/401
|-ability|p1a: Suicune|Pressure
|
|turn|5
|
|switch|p2a: Blissey|Blissey, F|652\/652
|move|p1a: Suicune|Scald|p2a: Blissey
|-damage|p2a: Blissey|597\/652
|-status|p2a: Blissey|brn
|
|-heal|p2a: Blissey|637\/652 brn|[from] item: Leftovers
|-damage|p2a: Blissey|556\/652 brn|[from] brn
|turn|6
|
|switch|p1a: Lucario|Lucario, M|281\/281
|move|p2a: Blissey|Wish|p2a: Blissey
|
|-heal|p2a: Blissey|596\/652 brn|[from] item: Leftovers
|-damage|p2a: Blissey|515\/652 brn|[from] brn
|turn|7
|
|switch|p2a: Tentacruel|Tentacruel, F|361\/361
|move|p1a: Lucario|Swords Dance|p1a: Lucario
|-boost|p1a: Lucario|atk|2
|
|turn|8
|
|move|p1a: Lucario|Crunch|p2a: Tentacruel
|-damage|p2a: Tentacruel|139\/361
|-damage|p1a: Lucario|253\/281|[from] item: Life Orb
|move|p2a: Tentacruel|Scald|p1a: Lucario
|-damage|p1a: Lucario|150\/281
|-status|p1a: Lucario|brn
|
|-heal|p2a: Tentacruel|161\/361|[from] item: Black Sludge
|-damage|p1a: Lucario|115\/281 brn|[from] brn
|turn|9
|
|switch|p2a: Krookodile|Krookodile, M|331\/331
|move|p1a: Lucario|Close Combat|p2a: Krookodile
|-supereffective|p2a: Krookodile
|-damage|p2a: Krookodile|0 fnt
|-unboost|p1a: Lucario|def|1
|-unboost|p1a: Lucario|spd|1
|-damage|p1a: Lucario|87\/281 brn|[from] item: Life Orb
|faint|p2a: Krookodile
|
|-damage|p1a: Lucario|52\/281 brn|[from] brn
|
|switch|p2a: Trevenant|Trevenant, M|374\/374
|turn|10
|
|switch|p1a: Shuckle|Shuckle, F|244\/244
|move|p2a: Trevenant|Horn Leech|p1a: Shuckle
|-damage|p1a: Shuckle|198\/244
|
|turn|11
|
|move|p2a: Trevenant|Leech Seed|p1a: Shuckle
|-start|p1a: Shuckle|move: Leech Seed
|move|p1a: Shuckle|Knock Off|p2a: Trevenant
|-supereffective|p2a: Trevenant
|-damage|p2a: Trevenant|326\/374
|-enditem|p2a: Trevenant|Sitrus Berry|[from] move: Knock Off|[of] p1a: Shuckle
|
|-damage|p1a: Shuckle|168\/244|[from] Leech Seed|[of] p2a: Trevenant
|-heal|p2a: Trevenant|356\/374|[silent]
|turn|12
|
|switch|p1a: Lucario|Lucario, M|52\/281 brn
|move|p2a: Trevenant|Substitute|p2a: Trevenant
|-start|p2a: Trevenant|Substitute
|-damage|p2a: Trevenant|263\/374
|
|-damage|p1a: Lucario|17\/281 brn|[from] brn
|turn|13
|
|move|p1a: Lucario|Crunch|p2a: Trevenant
|-supereffective|p2a: Trevenant
|-end|p2a: Trevenant|Substitute
|-damage|p1a: Lucario|0 fnt|[from] item: Life Orb
|faint|p1a: Lucario
|move|p2a: Trevenant|Horn Leech|p1: Lucario|[notarget]
|-notarget
|
|
|switch|p1a: Honchkrow|Honchkrow, F|341\/341
|turn|14
|
|switch|p2a: Blissey|Blissey, F|515\/652
|move|p1a: Honchkrow|Night Slash|p2a: Blissey
|-damage|p2a: Blissey|202\/652
|-damage|p1a: Honchkrow|307\/341|[from] item: Life Orb
|
|-heal|p2a: Blissey|242\/652|[from] item: Leftovers
|turn|15
|
|switch|p2a: Tentacruel|Tentacruel, F|161\/361
|move|p1a: Honchkrow|Night Slash|p2a: Tentacruel
|-crit|p2a: Tentacruel
|-damage|p2a: Tentacruel|0 fnt
|-damage|p1a: Honchkrow|273\/341|[from] item: Life Orb
|faint|p2a: Tentacruel
|-boost|p1a: Honchkrow|atk|1|[from] ability: Moxie
|
|
|switch|p2a: Aggron|Aggron-Mega, M|96\/344
|turn|16
|
|move|p1a: Honchkrow|Night Slash|p2a: Aggron
|-damage|p2a: Aggron|0 fnt
|-damage|p1a: Honchkrow|239\/341|[from] item: Life Orb
|faint|p2a: Aggron
|-boost|p1a: Honchkrow|atk|1|[from] ability: Moxie
|
|-message|Xiba forfeited.
|leave|Xiba
|
|win|Greyheracross
|raw|Ladder updating...
|raw|Greyheracross's rating: 1575 &rarr; <strong>1587<\/strong><br \/>(+12 for winning)
|raw|Xiba's rating: 1431 &rarr; <strong>1419<\/strong><br \/>(-12 for losing)
|player|p2
|leave|just2bquiet