|join|greyheracross
|join|Negr0damus
|player|p1|greyheracross|163
|player|p2|Negr0damus|168
|gametype|singles
|gen|6
|tier|UU
|rated
|rule|Sleep Clause Mod: Limit one foe put to sleep
|rule|Species Clause: Limit one of each Pokémon
|rule|OHKO Clause: OHKO moves are banned
|rule|Moody Clause: Moody is banned
|rule|Evasion Moves Clause: Evasion moves are banned
|rule|Endless Battle Clause: Forcing endless battles is banned
|rule|HP Percentage Mod: HP is shown in percentages
|clearpoke
|poke|p1|Sharpedo, F
|poke|p1|Chandelure, M
|poke|p1|Zygarde
|poke|p1|Forretress, M
|poke|p1|Chesnaught, M
|poke|p1|Snorlax, M
|poke|p2|Beedrill, M
|poke|p2|Chandelure, F
|poke|p2|Empoleon, F
|poke|p2|Krookodile, M
|poke|p2|Weezing, F
|poke|p2|Hydreigon, M
|rule|Swagger Clause: Swagger is banned
|rule|Baton Pass Clause: Limit one Pokémon knowing Baton Pass
|teampreview
|join|LazerGoesPew
|
|start
|switch|p1a: Forretress|Forretress, M|354\/354
|switch|p2a: Empoleon|Empoleon, F|372\/372
|turn|1
|
|move|p2a: Empoleon|Scald|p1a: Forretress
|-damage|p1a: Forretress|194\/354
|move|p1a: Forretress|Stealth Rock|p2a: Empoleon
|-sidestart|p2: Negr0damus|move: Stealth Rock
|
|-heal|p1a: Forretress|216\/354|[from] item: Leftovers
|turn|2
|
|switch|p1a: Snorlax|Snorlax, M|501\/501
|move|p2a: Empoleon|Defog|p1a: Snorlax
|-unboost|p1a: Snorlax|evasion|1
|-sideend|p2: Negr0damus|Stealth Rock|[from] move: Defog|[of] p2a: Empoleon
|
|turn|3
|
|switch|p2a: Chandelure|Chandelure, F|323\/323
|move|p1a: Snorlax|Body Slam|p2a: Chandelure
|-immune|p2a: Chandelure|[msg]
|
|turn|4
|
|switch|p2a: Weezing|Weezing, F|334\/334
|switch|p1a: Chandelure|Chandelure, M|261\/261
|
|turn|5
|
|switch|p2a: Empoleon|Empoleon, F|372\/372
|move|p1a: Chandelure|Fire Blast|p2a: Empoleon
|-damage|p2a: Empoleon|219\/372
|
|-heal|p2a: Empoleon|242\/372|[from] item: Leftovers
|turn|6
|
|switch|p1a: Snorlax|Snorlax, M|501\/501
|move|p2a: Empoleon|Stealth Rock|p1a: Snorlax
|-sidestart|p1: greyheracross|move: Stealth Rock
|
|-heal|p2a: Empoleon|265\/372|[from] item: Leftovers
|turn|7
|
|move|p1a: Snorlax|Body Slam|p2a: Empoleon
|-resisted|p2a: Empoleon
|-damage|p2a: Empoleon|200\/372
|-status|p2a: Empoleon|par
|move|p2a: Empoleon|Roar|p1a: Snorlax
|drag|p1a: Forretress|Forretress, M|216\/354
|-damage|p1a: Forretress|172\/354|[from] Stealth Rock
|
|-heal|p1a: Forretress|194\/354|[from] item: Leftovers
|-heal|p2a: Empoleon|223\/372 par|[from] item: Leftovers
|turn|8
|
|move|p1a: Forretress|Volt Switch|p2a: Empoleon
|-supereffective|p2a: Empoleon
|-damage|p2a: Empoleon|167\/372 par
|
|switch|p1a: Chesnaught|Chesnaught, M|380\/380
|-damage|p1a: Chesnaught|357\/380|[from] Stealth Rock
|move|p2a: Empoleon|Scald|p1a: Chesnaught
|-resisted|p1a: Chesnaught
|-damage|p1a: Chesnaught|289\/380
|
|-heal|p1a: Chesnaught|312\/380|[from] item: Leftovers
|-heal|p2a: Empoleon|190\/372 par|[from] item: Leftovers
|turn|9
|
|switch|p2a: Chandelure|Chandelure, F|323\/323
|move|p1a: Chesnaught|Leech Seed|p2a: Chandelure
|-start|p2a: Chandelure|move: Leech Seed
|
|-heal|p1a: Chesnaught|335\/380|[from] item: Leftovers
|-damage|p2a: Chandelure|283\/323|[from] Leech Seed|[of] p1a: Chesnaught
|-heal|p1a: Chesnaught|375\/380|[silent]
|turn|10
|
|switch|p2a: Krookodile|Krookodile, M|394\/394
|move|p1a: Chesnaught|Spiky Shield|p1a: Chesnaught
|-fail|p1a: Chesnaught
|
|-heal|p1a: Chesnaught|380\/380|[from] item: Leftovers
|turn|11
|
|switch|p2a: Chandelure|Chandelure, F|283\/323
|move|p1a: Chesnaught|Drain Punch|p2a: Chandelure
|-immune|p2a: Chandelure|[msg]
|
|-heal|p2a: Chandelure|303\/323|[from] item: Leftovers
|turn|12
|
|switch|p1a: Snorlax|Snorlax, M|501\/501
|-damage|p1a: Snorlax|439\/501|[from] Stealth Rock
|move|p2a: Chandelure|Shadow Ball|p1a: Snorlax
|-immune|p1a: Snorlax|[msg]
|
|-heal|p2a: Chandelure|323\/323|[from] item: Leftovers
|-heal|p1a: Snorlax|470\/501|[from] item: Leftovers
|turn|13
|
|switch|p2a: Weezing|Weezing, F|334\/334
|move|p1a: Snorlax|Body Slam|p2a: Weezing
|-damage|p2a: Weezing|262\/334
|
|-heal|p2a: Weezing|282\/334|[from] item: Black Sludge
|-heal|p1a: Snorlax|501\/501|[from] item: Leftovers
|turn|14
|
|move|p2a: Weezing|Will-O-Wisp|p1a: Snorlax
|-status|p1a: Snorlax|brn
|move|p1a: Snorlax|Body Slam|p2a: Weezing
|-damage|p2a: Weezing|245\/334
|-status|p2a: Weezing|par
|
|-heal|p2a: Weezing|265\/334 par|[from] item: Black Sludge
|-damage|p1a: Snorlax|439\/501 brn|[from] brn
|turn|15
|
|switch|p2a: Krookodile|Krookodile, M|394\/394
|move|p1a: Snorlax|Rest|p1a: Snorlax
|-status|p1a: Snorlax|slp
|-heal|p1a: Snorlax|501\/501 slp|[silent]
|-status|p1a: Snorlax|slp|[from] move: Rest
|
|turn|16
|
|switch|p1a: Chesnaught|Chesnaught, M|380\/380
|-damage|p1a: Chesnaught|357\/380|[from] Stealth Rock
|move|p2a: Krookodile|Superpower|p1a: Chesnaught
|-damage|p1a: Chesnaught|227\/380
|-unboost|p2a: Krookodile|atk|1
|-unboost|p2a: Krookodile|def|1
|
|-heal|p1a: Chesnaught|250\/380|[from] item: Leftovers
|turn|17
|
|switch|p2a: Chandelure|Chandelure, F|323\/323
|move|p1a: Chesnaught|Leech Seed|p2a: Chandelure
|-start|p2a: Chandelure|move: Leech Seed
|
|-heal|p1a: Chesnaught|273\/380|[from] item: Leftovers
|-damage|p2a: Chandelure|283\/323|[from] Leech Seed|[of] p1a: Chesnaught
|-heal|p1a: Chesnaught|313\/380|[silent]
|turn|18
|
|switch|p2a: Beedrill|Beedrill, M|272\/272
|switch|p1a: Zygarde|Zygarde|405\/405
|-damage|p1a: Zygarde|380\/405|[from] Stealth Rock
|-ability|p1a: Zygarde|Aura Break
|
|-heal|p1a: Zygarde|405\/405|[from] item: Leftovers
|turn|19
|
|detailschange|p2a: Beedrill|Beedrill-Mega, M
|message|Beedrill has Mega Evolved into Mega Beedrill!
|move|p2a: Beedrill|Protect|p2a: Beedrill
|-singleturn|p2a: Beedrill|Protect
|move|p1a: Zygarde|Substitute|p1a: Zygarde
|-start|p1a: Zygarde|Substitute
|-damage|p1a: Zygarde|304\/405
|
|-heal|p1a: Zygarde|329\/405|[from] item: Leftovers
|turn|20
|
|switch|p2a: Empoleon|Empoleon, F|190\/372 par
|move|p1a: Zygarde|Substitute|p1a: Zygarde
|-fail|p1a: Zygarde|move: Substitute
|
|-heal|p1a: Zygarde|354\/405|[from] item: Leftovers
|-heal|p2a: Empoleon|213\/372 par|[from] item: Leftovers
|turn|21
|
|move|p1a: Zygarde|Earthquake|p2a: Empoleon
|-supereffective|p2a: Empoleon
|-damage|p2a: Empoleon|0 fnt
|faint|p2a: Empoleon
|
|-heal|p1a: Zygarde|379\/405|[from] item: Leftovers
|
|switch|p2a: Krookodile|Krookodile, M|394\/394
|turn|22
|
|move|p2a: Krookodile|Knock Off|p1a: Zygarde
|-end|p1a: Zygarde|Substitute
|move|p1a: Zygarde|Dragon Tail|p2a: Krookodile
|-damage|p2a: Krookodile|306\/394
|drag|p2a: Beedrill|Beedrill-Mega, M|272\/272
|
|-heal|p1a: Zygarde|404\/405|[from] item: Leftovers
|turn|23
|
|move|p2a: Beedrill|U-turn|p1a: Zygarde
|-damage|p1a: Zygarde|242\/405
|
|switch|p2a: Krookodile|Krookodile, M|306\/394
|move|p1a: Zygarde|Earthquake|p2a: Krookodile
|-damage|p2a: Krookodile|168\/394
|
|-heal|p1a: Zygarde|267\/405|[from] item: Leftovers
|turn|24
|
|switch|p1a: Chesnaught|Chesnaught, M|313\/380
|-damage|p1a: Chesnaught|290\/380|[from] Stealth Rock
|move|p2a: Krookodile|Knock Off|p1a: Chesnaught
|-resisted|p1a: Chesnaught
|-damage|p1a: Chesnaught|208\/380
|-enditem|p1a: Chesnaught|Leftovers|[from] move: Knock Off|[of] p2a: Krookodile
|
|turn|25
|
|switch|p2a: Weezing|Weezing, F|265\/334 par
|move|p1a: Chesnaught|Spikes|p2a: Weezing
|-sidestart|p2: Negr0damus|Spikes
|
|-heal|p2a: Weezing|285\/334 par|[from] item: Black Sludge
|turn|26
|
|move|p1a: Chesnaught|Leech Seed|p2a: Weezing
|-start|p2a: Weezing|move: Leech Seed
|move|p2a: Weezing|Sludge Wave|p1a: Chesnaught
|-supereffective|p1a: Chesnaught
|-damage|p1a: Chesnaught|0 fnt
|faint|p1a: Chesnaught
|
|-heal|p2a: Weezing|305\/334 par|[from] item: Black Sludge
|
|switch|p1a: Zygarde|Zygarde|267\/405
|-damage|p1a: Zygarde|242\/405|[from] Stealth Rock
|-ability|p1a: Zygarde|Aura Break
|turn|27
|
|switch|p2a: Chandelure|Chandelure, F|283\/323
|-damage|p2a: Chandelure|243\/323|[from] Spikes
|move|p1a: Zygarde|Substitute|p1a: Zygarde
|-start|p1a: Zygarde|Substitute
|-damage|p1a: Zygarde|141\/405
|
|-heal|p1a: Zygarde|166\/405|[from] item: Leftovers
|-heal|p2a: Chandelure|263\/323|[from] item: Leftovers
|turn|28
|
|move|p1a: Zygarde|Earthquake|p2a: Chandelure
|-supereffective|p2a: Chandelure
|-damage|p2a: Chandelure|0 fnt
|faint|p2a: Chandelure
|
|-heal|p1a: Zygarde|191\/405|[from] item: Leftovers
|c|★greyheracross|wow
|
|switch|p2a: Krookodile|Krookodile, M|168\/394
|-damage|p2a: Krookodile|119\/394|[from] Spikes
|turn|29
|
|move|p1a: Zygarde|Earthquake|p2a: Krookodile
|-damage|p2a: Krookodile|0 fnt
|faint|p2a: Krookodile
|
|-heal|p1a: Zygarde|216\/405|[from] item: Leftovers
|-message|Negr0damus forfeited.
|
|win|greyheracross
|raw|Ladder updating...
|leave|Negr0damus
|player|p2
|c|★greyheracross|how am i faster