|join|pokemonisfun
|join|Greyheracross
|player|p1|pokemonisfun|184
|player|p2|Greyheracross|273
|gametype|singles
|gen|6
|tier|UU
|rated
|rule|Sleep Clause Mod: Limit one foe put to sleep
|rule|Species Clause: Limit one of each Pokémon
|rule|OHKO Clause: OHKO moves are banned
|rule|Moody Clause: Moody is banned
|rule|Evasion Moves Clause: Evasion moves are banned
|rule|Endless Battle Clause: Forcing endless battles is banned
|rule|HP Percentage Mod: HP is shown in percentages
|clearpoke
|poke|p1|Blissey, F
|poke|p1|Zygarde
|poke|p1|Granbull, M
|poke|p1|Alomomola, F
|poke|p1|Crobat, M
|poke|p1|Celebi
|poke|p2|Sharpedo, F
|poke|p2|Chandelure, F
|poke|p2|Zygarde
|poke|p2|Forretress, F
|poke|p2|Chesnaught, M
|poke|p2|Snorlax, F
|rule|Swagger Clause: Swagger is banned
|rule|Baton Pass Clause: Limit one Pokémon knowing Baton Pass
|teampreview
|join|Koniichiwa
|join|dat jumpluff
|join|gelly
|join|Zamrock
|join|rupe
|c| Zamrock|lol
|c| Zamrock|get rekt'd
|c|★Greyheracross|HOW IS THIS FUN?
|c| Zamrock|!
|c| gelly|hey jay
|c| gelly|jey
|c| gelly|u lose
|c| gelly|jey
|c|★Greyheracross|no
|c| gelly|jey
|c| Zamrock|jey
|c|★Greyheracross|fuck this
|c| Zamrock|jey
|c| gelly|ur gonna lose
|c| gelly|:<
|c| Zamrock|jey
|c| Zamrock|jey
|c| Zamrock|hey hey
|c| Zamrock|jey
|c| Zamrock|you're uhhh
|c| gelly|hey zam sucks my nuts
|c| Zamrock|weak to stall
|c| Zamrock|!
|c| gelly|and make a song about it
|c| Zamrock|my nuts are more appropriate to sing about
|
|start
|switch|p1a: swimmy swim|Alomomola, F|471\/471
|switch|p2a: Chandelure|Chandelure, F|261\/261
|turn|1
|c| gelly|fine fine ill make the first line
|c| gelly|small and wrinkly
|
|switch|p2a: Snorlax|Snorlax, F|501\/501
|switch|p1a: snekky-snek|Zygarde|420\/420
|-ability|p1a: snekky-snek|Aura Break
|
|turn|2
|
|switch|p1a: onion fairy god lo|Celebi|396\/396
|move|p2a: Snorlax|Whirlwind|p1a: onion fairy god lo
|drag|p1a: Mega Chansey|Blissey, F|656\/656
|
|turn|3
|c| gelly|basically nonexistant
|c| gelly|ur turn
|
|switch|p1a: swimmy swim|Alomomola, F|471\/471
|move|p2a: Snorlax|Body Slam|p1a: swimmy swim
|-crit|p1a: swimmy swim
|-damage|p1a: swimmy swim|326\/471
|-status|p1a: swimmy swim|par
|
|-heal|p1a: swimmy swim|355\/471 par|[from] item: Leftovers
|turn|4
|
|move|p1a: swimmy swim|Scald|p2a: Snorlax
|-damage|p2a: Snorlax|465\/501
|-status|p2a: Snorlax|brn
|move|p2a: Snorlax|Whirlwind|p1a: swimmy swim
|drag|p1a: batsy watzy|Crobat, M|373\/373
|
|-heal|p2a: Snorlax|496\/501 brn|[from] item: Leftovers
|-damage|p2a: Snorlax|434\/501 brn|[from] brn
|turn|5
|
|switch|p1a: onion fairy god lo|Celebi|396\/396
|move|p2a: Snorlax|Body Slam|p1a: onion fairy god lo
|-damage|p1a: onion fairy god lo|359\/396
|
|-heal|p1a: onion fairy god lo|383\/396|[from] item: Leftovers
|-heal|p2a: Snorlax|465\/501 brn|[from] item: Leftovers
|-damage|p2a: Snorlax|403\/501 brn|[from] brn
|turn|6
|c| Zamrock|go to Mega Chansey
|c| Zamrock|u nerd
|
|move|p1a: onion fairy god lo|Stealth Rock|p2a: Snorlax
|-sidestart|p2: Greyheracross|move: Stealth Rock
|move|p2a: Snorlax|Rest|p2a: Snorlax
|-status|p2a: Snorlax|slp
|-heal|p2a: Snorlax|501\/501 slp|[silent]
|-status|p2a: Snorlax|slp|[from] move: Rest
|
|-heal|p1a: onion fairy god lo|396\/396|[from] item: Leftovers
|turn|7
|
|switch|p1a: snekky-snek|Zygarde|420\/420
|-ability|p1a: snekky-snek|Aura Break
|switch|p2a: Forretress|Forretress, F|354\/354
|-damage|p2a: Forretress|310\/354|[from] Stealth Rock
|
|-heal|p2a: Forretress|332\/354|[from] item: Leftovers
|turn|8
|
|switch|p2a: Snorlax|Snorlax, F|501\/501 slp
|-damage|p2a: Snorlax|439\/501 slp|[from] Stealth Rock
|move|p1a: snekky-snek|Earthquake|p2a: Snorlax
|-damage|p2a: Snorlax|309\/501 slp
|
|-heal|p2a: Snorlax|340\/501 slp|[from] item: Leftovers
|turn|9
|
|move|p1a: snekky-snek|Earthquake|p2a: Snorlax
|-damage|p2a: Snorlax|207\/501 slp
|cant|p2a: Snorlax|slp
|move|p2a: Snorlax|Sleep Talk|p2a: Snorlax
|move|p2a: Snorlax|Whirlwind|p1a: snekky-snek|[from]Sleep Talk
|drag|p1a: swimmy swim|Alomomola, F|471\/471 par
|
|-heal|p2a: Snorlax|238\/501 slp|[from] item: Leftovers
|turn|10
|
|switch|p1a: snekky-snek|Zygarde|420\/420
|-ability|p1a: snekky-snek|Aura Break
|cant|p2a: Snorlax|slp
|move|p2a: Snorlax|Sleep Talk|p2a: Snorlax
|move|p2a: Snorlax|Whirlwind|p1a: snekky-snek|[from]Sleep Talk
|drag|p1a: swimmy swim|Alomomola, F|471\/471 par
|
|-heal|p2a: Snorlax|269\/501 slp|[from] item: Leftovers
|turn|11
|
|-curestatus|p2a: Snorlax|slp
|move|p2a: Snorlax|Body Slam|p1a: swimmy swim
|-damage|p1a: swimmy swim|374\/471 par
|move|p1a: swimmy swim|Scald|p2a: Snorlax
|-damage|p2a: Snorlax|235\/501
|
|-heal|p2a: Snorlax|266\/501|[from] item: Leftovers
|-heal|p1a: swimmy swim|403\/471 par|[from] item: Leftovers
|turn|12
|
|move|p2a: Snorlax|Body Slam|p1a: swimmy swim
|-damage|p1a: swimmy swim|316\/471 par
|move|p1a: swimmy swim|Scald|p2a: Snorlax
|-damage|p2a: Snorlax|235\/501
|
|-heal|p2a: Snorlax|266\/501|[from] item: Leftovers
|-heal|p1a: swimmy swim|345\/471 par|[from] item: Leftovers
|turn|13
|
|move|p2a: Snorlax|Rest|p2a: Snorlax
|-status|p2a: Snorlax|slp
|-heal|p2a: Snorlax|501\/501 slp|[silent]
|-status|p2a: Snorlax|slp|[from] move: Rest
|cant|p1a: swimmy swim|par
|
|-heal|p1a: swimmy swim|374\/471 par|[from] item: Leftovers
|turn|14
|
|switch|p1a: snekky-snek|Zygarde|420\/420
|-ability|p1a: snekky-snek|Aura Break
|cant|p2a: Snorlax|slp
|move|p2a: Snorlax|Sleep Talk|p2a: Snorlax
|move|p2a: Snorlax|Whirlwind|p1a: snekky-snek|[from]Sleep Talk
|drag|p1a: Mega Chansey|Blissey, F|656\/656
|
|turn|15
|
|switch|p1a: snekky-snek|Zygarde|420\/420
|-ability|p1a: snekky-snek|Aura Break
|cant|p2a: Snorlax|slp
|move|p2a: Snorlax|Sleep Talk|p2a: Snorlax
|move|p2a: Snorlax|Rest|p2a: Snorlax|[from]Sleep Talk
|-fail|p2a: Snorlax
|
|turn|16
|
|move|p1a: snekky-snek|Earthquake|p2a: Snorlax
|-damage|p2a: Snorlax|375\/501 slp
|-curestatus|p2a: Snorlax|slp
|move|p2a: Snorlax|Body Slam|p1a: snekky-snek
|-damage|p1a: snekky-snek|324\/420
|
|-heal|p1a: snekky-snek|350\/420|[from] item: Leftovers
|-heal|p2a: Snorlax|406\/501|[from] item: Leftovers
|turn|17
|
|move|p1a: snekky-snek|Earthquake|p2a: Snorlax
|-damage|p2a: Snorlax|274\/501
|move|p2a: Snorlax|Body Slam|p1a: snekky-snek
|-damage|p1a: snekky-snek|257\/420
|
|-heal|p1a: snekky-snek|283\/420|[from] item: Leftovers
|-heal|p2a: Snorlax|305\/501|[from] item: Leftovers
|turn|18
|
|move|p2a: Snorlax|Body Slam|p1a: snekky-snek
|-damage|p1a: snekky-snek|190\/420
|move|p1a: snekky-snek|Dragon Tail|p2a: Snorlax
|-damage|p2a: Snorlax|226\/501
|drag|p2a: Forretress|Forretress, F|332\/354
|-damage|p2a: Forretress|288\/354|[from] Stealth Rock
|
|-heal|p1a: snekky-snek|216\/420|[from] item: Leftovers
|-heal|p2a: Forretress|310\/354|[from] item: Leftovers
|turn|19
|
|move|p1a: snekky-snek|Earthquake|p2a: Forretress
|-damage|p2a: Forretress|241\/354
|move|p2a: Forretress|Rapid Spin|p1a: snekky-snek
|-damage|p1a: snekky-snek|203\/420
|-sideend|p2: Greyheracross|Stealth Rock|[from] move: Rapid Spin|[of] p2a: Forretress
|
|-heal|p1a: snekky-snek|229\/420|[from] item: Leftovers
|-heal|p2a: Forretress|263\/354|[from] item: Leftovers
|turn|20
|
|move|p1a: snekky-snek|Earthquake|p2a: Forretress
|-damage|p2a: Forretress|193\/354
|move|p2a: Forretress|Stealth Rock|p1a: snekky-snek
|-sidestart|p1: pokemonisfun|move: Stealth Rock
|
|-heal|p1a: snekky-snek|255\/420|[from] item: Leftovers
|-heal|p2a: Forretress|215\/354|[from] item: Leftovers
|turn|21
|
|switch|p2a: Chesnaught|Chesnaught, M|380\/380
|move|p1a: snekky-snek|Earthquake|p2a: Chesnaught
|-resisted|p2a: Chesnaught
|-damage|p2a: Chesnaught|345\/380
|
|-heal|p1a: snekky-snek|281\/420|[from] item: Leftovers
|-heal|p2a: Chesnaught|368\/380|[from] item: Leftovers
|turn|22
|
|switch|p1a: batsy watzy|Crobat, M|373\/373
|-damage|p1a: batsy watzy|280\/373|[from] Stealth Rock
|move|p2a: Chesnaught|Leech Seed|p1a: batsy watzy
|-start|p1a: batsy watzy|move: Leech Seed
|
|-heal|p1a: batsy watzy|303\/373|[from] item: Black Sludge
|-heal|p2a: Chesnaught|380\/380|[from] item: Leftovers
|-damage|p1a: batsy watzy|257\/373|[from] Leech Seed|[of] p2a: Chesnaught
|turn|23
|join|jellu
|c| jellu|im back boys
|c|★pokemonisfun|im a grill
|
|switch|p2a: Forretress|Forretress, F|215\/354
|move|p1a: batsy watzy|Defog|p2a: Forretress
|-unboost|p2a: Forretress|evasion|1
|-sideend|p1: pokemonisfun|Stealth Rock|[from] move: Defog|[of] p1a: batsy watzy
|
|-heal|p1a: batsy watzy|280\/373|[from] item: Black Sludge
|-heal|p2a: Forretress|237\/354|[from] item: Leftovers
|-damage|p1a: batsy watzy|234\/373|[from] Leech Seed|[of] p2a: Forretress
|-heal|p2a: Forretress|283\/354|[silent]
|turn|24
|c| jellu|no u arent
|c| jellu|:-)
|
|switch|p1a: onion fairy god lo|Celebi|396\/396
|move|p2a: Forretress|Stealth Rock|p1a: onion fairy god lo
|-sidestart|p1: pokemonisfun|move: Stealth Rock
|
|-heal|p2a: Forretress|305\/354|[from] item: Leftovers
|turn|25
|c|★pokemonisfun|yes i am
|c|★pokemonisfun|:]
|c| rupe|fuck u anyway
|
|move|p1a: onion fairy god lo|Stealth Rock|p2a: Forretress
|-sidestart|p2: Greyheracross|move: Stealth Rock
|move|p2a: Forretress|Gyro Ball|p1a: onion fairy god lo
|-damage|p1a: onion fairy god lo|336\/396
|
|-heal|p1a: onion fairy god lo|360\/396|[from] item: Leftovers
|-heal|p2a: Forretress|327\/354|[from] item: Leftovers
|turn|26
|
|move|p1a: onion fairy god lo|Giga Drain|p2a: Forretress
|-resisted|p2a: Forretress
|-damage|p2a: Forretress|298\/354
|-heal|p1a: onion fairy god lo|375\/396|[from] drain|[of] p2a: Forretress
|move|p2a: Forretress|Rapid Spin|p1a: onion fairy god lo
|-damage|p1a: onion fairy god lo|364\/396
|-sideend|p2: Greyheracross|Stealth Rock|[from] move: Rapid Spin|[of] p2a: Forretress
|
|-heal|p1a: onion fairy god lo|388\/396|[from] item: Leftovers
|-heal|p2a: Forretress|320\/354|[from] item: Leftovers
|turn|27
|
|move|p1a: onion fairy god lo|Stealth Rock|p2a: Forretress
|-sidestart|p2: Greyheracross|move: Stealth Rock
|move|p2a: Forretress|Rapid Spin|p1a: onion fairy god lo
|-damage|p1a: onion fairy god lo|377\/396
|-sideend|p2: Greyheracross|Stealth Rock|[from] move: Rapid Spin|[of] p2a: Forretress
|
|-heal|p1a: onion fairy god lo|396\/396|[from] item: Leftovers
|-heal|p2a: Forretress|342\/354|[from] item: Leftovers
|turn|28
|
|move|p1a: onion fairy god lo|Giga Drain|p2a: Forretress
|-resisted|p2a: Forretress
|-damage|p2a: Forretress|308\/354
|move|p2a: Forretress|Volt Switch|p1a: onion fairy god lo
|-resisted|p1a: onion fairy god lo
|-damage|p1a: onion fairy god lo|379\/396
|
|switch|p2a: Chandelure|Chandelure, F|261\/261
|
|-heal|p1a: onion fairy god lo|396\/396|[from] item: Leftovers
|turn|29
|leave|gelly
|
|switch|p1a: snekky-snek|Zygarde|281\/420
|-damage|p1a: snekky-snek|255\/420|[from] Stealth Rock
|-ability|p1a: snekky-snek|Aura Break
|move|p2a: Chandelure|Trick|p1a: snekky-snek
|-activate|p2a: Chandelure|move: Trick|[of] p1a: snekky-snek
|-item|p1a: snekky-snek|Choice Scarf|[from] move: Trick
|-item|p2a: Chandelure|Leftovers|[from] move: Trick
|
|turn|30
|leave|jellu
|join|gelly
|c| gelly|:>
|
|switch|p1a: Mega Chansey|Blissey, F|656\/656
|-damage|p1a: Mega Chansey|574\/656|[from] Stealth Rock
|switch|p2a: Chesnaught|Chesnaught, M|380\/380
|
|-heal|p1a: Mega Chansey|615\/656|[from] item: Leftovers
|turn|31
|
|move|p2a: Chesnaught|Drain Punch|p1a: Mega Chansey
|-crit|p1a: Mega Chansey
|-supereffective|p1a: Mega Chansey
|-damage|p1a: Mega Chansey|51\/656
|move|p1a: Mega Chansey|Toxic|p2a: Chesnaught
|-status|p2a: Chesnaught|tox
|
|-heal|p1a: Mega Chansey|92\/656|[from] item: Leftovers
|-damage|p2a: Chesnaught|357\/380 tox|[from] psn
|turn|32
|
|switch|p1a: batsy watzy|Crobat, M|234\/373
|-damage|p1a: batsy watzy|141\/373|[from] Stealth Rock
|move|p2a: Chesnaught|Drain Punch|p1a: batsy watzy
|-resisted|p1a: batsy watzy
|-damage|p1a: batsy watzy|113\/373
|-heal|p2a: Chesnaught|371\/380 tox|[from] drain|[of] p1a: batsy watzy
|
|-heal|p1a: batsy watzy|136\/373|[from] item: Black Sludge
|-heal|p2a: Chesnaught|380\/380 tox|[from] item: Leftovers
|-damage|p2a: Chesnaught|334\/380 tox|[from] psn
|turn|33
|
|switch|p2a: Chandelure|Chandelure, F|261\/261
|move|p1a: batsy watzy|Defog|p2a: Chandelure
|-unboost|p2a: Chandelure|evasion|1
|-sideend|p1: pokemonisfun|Stealth Rock|[from] move: Defog|[of] p1a: batsy watzy
|
|-heal|p1a: batsy watzy|159\/373|[from] item: Black Sludge
|turn|34
|
|move|p1a: batsy watzy|Roost|p1a: batsy watzy
|-heal|p1a: batsy watzy|346\/373
|move|p2a: Chandelure|Fire Blast|p1a: batsy watzy
|-damage|p1a: batsy watzy|97\/373
|
|-heal|p1a: batsy watzy|120\/373|[from] item: Black Sludge
|turn|35
|
|move|p1a: batsy watzy|Roost|p1a: batsy watzy
|-heal|p1a: batsy watzy|307\/373
|move|p2a: Chandelure|Shadow Ball|p1a: batsy watzy
|-damage|p1a: batsy watzy|133\/373
|
|-heal|p1a: batsy watzy|156\/373|[from] item: Black Sludge
|turn|36
|
|switch|p1a: swimmy swim|Alomomola, F|471\/471 par
|move|p2a: Chandelure|Fire Blast|p1a: swimmy swim
|-resisted|p1a: swimmy swim
|-damage|p1a: swimmy swim|327\/471 par
|
|-heal|p1a: swimmy swim|356\/471 par|[from] item: Leftovers
|turn|37
|
|move|p2a: Chandelure|Energy Ball|p1a: swimmy swim
|-supereffective|p1a: swimmy swim
|-damage|p1a: swimmy swim|62\/471 par
|cant|p1a: swimmy swim|par
|
|-heal|p1a: swimmy swim|91\/471 par|[from] item: Leftovers
|turn|38
|
|switch|p1a: snekky-snek|Zygarde|255\/420
|-ability|p1a: snekky-snek|Aura Break
|move|p2a: Chandelure|Fire Blast|p1a: snekky-snek
|-resisted|p1a: snekky-snek
|-damage|p1a: snekky-snek|169\/420
|
|turn|39
|
|switch|p2a: Chesnaught|Chesnaught, M|334\/380 tox
|move|p1a: snekky-snek|Earthquake|p2a: Chesnaught
|-resisted|p2a: Chesnaught
|-damage|p2a: Chesnaught|296\/380 tox
|
|-heal|p2a: Chesnaught|319\/380 tox|[from] item: Leftovers
|-damage|p2a: Chesnaught|296\/380 tox|[from] psn
|turn|40
|
|switch|p1a: swimmy swim|Alomomola, F|248\/471 par
|switch|p2a: Chandelure|Chandelure, F|261\/261
|
|-heal|p1a: swimmy swim|277\/471 par|[from] item: Leftovers
|turn|41
|
|switch|p1a: snekky-snek|Zygarde|169\/420
|-ability|p1a: snekky-snek|Aura Break
|move|p2a: Chandelure|Energy Ball|p1a: snekky-snek
|-damage|p1a: snekky-snek|78\/420
|
|turn|42
|
|switch|p2a: Chesnaught|Chesnaught, M|296\/380 tox
|move|p1a: snekky-snek|Rest|p1a: snekky-snek
|-status|p1a: snekky-snek|slp
|-heal|p1a: snekky-snek|420\/420 slp|[silent]
|-status|p1a: snekky-snek|slp|[from] move: Rest
|
|-heal|p2a: Chesnaught|319\/380 tox|[from] item: Leftovers
|-damage|p2a: Chesnaught|296\/380 tox|[from] psn
|turn|43
|
|switch|p1a: batsy watzy|Crobat, M|156\/373
|move|p2a: Chesnaught|Leech Seed|p1a: batsy watzy
|-start|p1a: batsy watzy|move: Leech Seed
|
|-heal|p1a: batsy watzy|179\/373|[from] item: Black Sludge
|-heal|p2a: Chesnaught|319\/380 tox|[from] item: Leftovers
|-damage|p1a: batsy watzy|133\/373|[from] Leech Seed|[of] p2a: Chesnaught
|-heal|p2a: Chesnaught|365\/380 tox|[silent]
|-damage|p2a: Chesnaught|319\/380 tox|[from] psn
|turn|44
|
|switch|p2a: Chandelure|Chandelure, F|261\/261
|move|p1a: batsy watzy|Roost|p1a: batsy watzy
|-heal|p1a: batsy watzy|320\/373
|
|-heal|p1a: batsy watzy|343\/373|[from] item: Black Sludge
|-damage|p1a: batsy watzy|297\/373|[from] Leech Seed|[of] p2a: Chandelure
|turn|45
|
|switch|p1a: snekky-snek|Zygarde|420\/420 slp
|-ability|p1a: snekky-snek|Aura Break
|move|p2a: Chandelure|Shadow Ball|p1a: snekky-snek
|-damage|p1a: snekky-snek|308\/420 slp
|
|turn|46
|
|switch|p2a: Forretress|Forretress, F|308\/354
|cant|p1a: snekky-snek|slp
|move|p1a: snekky-snek|Sleep Talk|p1a: snekky-snek
|move|p1a: snekky-snek|Rest|p1a: snekky-snek|[from]Sleep Talk
|-fail|p1a: snekky-snek
|
|-heal|p2a: Forretress|330\/354|[from] item: Leftovers
|turn|47
|
|switch|p1a: batsy watzy|Crobat, M|297\/373
|move|p2a: Forretress|Volt Switch|p1a: batsy watzy
|-supereffective|p1a: batsy watzy
|-damage|p1a: batsy watzy|205\/373
|
|switch|p2a: Chandelure|Chandelure, F|261\/261
|
|-heal|p1a: batsy watzy|228\/373|[from] item: Black Sludge
|turn|48
|
|move|p1a: batsy watzy|Roost|p1a: batsy watzy
|-heal|p1a: batsy watzy|373\/373
|move|p2a: Chandelure|Shadow Ball|p1a: batsy watzy
|-damage|p1a: batsy watzy|186\/373
|-unboost|p1a: batsy watzy|spd|1
|
|-heal|p1a: batsy watzy|209\/373|[from] item: Black Sludge
|turn|49
|
|switch|p1a: swimmy swim|Alomomola, F|434\/471 par
|move|p2a: Chandelure|Shadow Ball|p1a: swimmy swim
|-damage|p1a: swimmy swim|229\/471 par
|-unboost|p1a: swimmy swim|spd|1
|
|-heal|p1a: swimmy swim|258\/471 par|[from] item: Leftovers
|turn|50
|
|switch|p1a: snekky-snek|Zygarde|308\/420 slp
|-ability|p1a: snekky-snek|Aura Break
|move|p2a: Chandelure|Shadow Ball|p1a: snekky-snek
|-damage|p1a: snekky-snek|187\/420 slp
|
|turn|51
|
|cant|p1a: snekky-snek|slp
|move|p2a: Chandelure|Shadow Ball|p1a: snekky-snek
|-damage|p1a: snekky-snek|75\/420 slp
|
|turn|52
|
|switch|p2a: Forretress|Forretress, F|330\/354
|-curestatus|p1a: snekky-snek|slp
|move|p1a: snekky-snek|Rest|p1a: snekky-snek
|-status|p1a: snekky-snek|slp
|-heal|p1a: snekky-snek|420\/420 slp|[silent]
|-status|p1a: snekky-snek|slp|[from] move: Rest
|
|-heal|p2a: Forretress|352\/354|[from] item: Leftovers
|turn|53
|
|switch|p1a: batsy watzy|Crobat, M|209\/373
|move|p2a: Forretress|Volt Switch|p1a: batsy watzy
|-supereffective|p1a: batsy watzy
|-damage|p1a: batsy watzy|123\/373
|
|switch|p2a: Zygarde|Zygarde|405\/405
|-ability|p2a: Zygarde|Aura Break
|
|-heal|p1a: batsy watzy|146\/373|[from] item: Black Sludge
|turn|54
|
|switch|p1a: onion fairy god lo|Celebi|396\/396
|move|p2a: Zygarde|Earthquake|p1a: onion fairy god lo
|-resisted|p1a: onion fairy god lo
|-damage|p1a: onion fairy god lo|352\/396
|
|-heal|p1a: onion fairy god lo|376\/396|[from] item: Leftovers
|turn|55
|
|move|p1a: onion fairy god lo|Stealth Rock|p2a: Zygarde
|-sidestart|p2: Greyheracross|move: Stealth Rock
|move|p2a: Zygarde|Substitute|p2a: Zygarde
|-start|p2a: Zygarde|Substitute
|-damage|p2a: Zygarde|304\/405
|
|-heal|p1a: onion fairy god lo|396\/396|[from] item: Leftovers
|-heal|p2a: Zygarde|329\/405|[from] item: Leftovers
|turn|56
|
|move|p1a: onion fairy god lo|Perish Song|p1a: onion fairy god lo
|-fieldactivate|move: Perish Song
|move|p2a: Zygarde|Coil|p2a: Zygarde
|-boost|p2a: Zygarde|atk|1
|-boost|p2a: Zygarde|def|1
|-boost|p2a: Zygarde|accuracy|1
|
|-start|p1a: onion fairy god lo|perish3
|-start|p2a: Zygarde|perish3
|-heal|p2a: Zygarde|354\/405|[from] item: Leftovers
|turn|57
|
|switch|p1a: swimmy swim|Alomomola, F|415\/471 par
|move|p2a: Zygarde|Dragon Tail|p1a: swimmy swim
|-damage|p1a: swimmy swim|321\/471 par
|drag|p1a: Mega Chansey|Blissey, F|92\/656
|
|-start|p2a: Zygarde|perish2
|-heal|p2a: Zygarde|379\/405|[from] item: Leftovers
|-heal|p1a: Mega Chansey|133\/656|[from] item: Leftovers
|turn|58
|
|switch|p2a: Sharpedo|Sharpedo, F|281\/281
|-damage|p2a: Sharpedo|246\/281|[from] Stealth Rock
|switch|p1a: swimmy swim|Alomomola, F|471\/471 par
|
|turn|59
|
|detailschange|p2a: Sharpedo|Sharpedo-Mega, F
|-mega|p2a: Sharpedo|Sharpedo|Sharpedonite
|move|p2a: Sharpedo|Crunch|p1a: swimmy swim
|-damage|p1a: swimmy swim|260\/471 par
|move|p1a: swimmy swim|Wish|p1a: swimmy swim
|
|-heal|p1a: swimmy swim|289\/471 par|[from] item: Leftovers
|turn|60
|
|move|p2a: Sharpedo|Crunch|p1a: swimmy swim
|-crit|p1a: swimmy swim
|-damage|p1a: swimmy swim|3\/471 par
|-unboost|p1a: swimmy swim|def|1
|move|p1a: swimmy swim|Toxic|p2a: Sharpedo
|-status|p2a: Sharpedo|tox
|
|-heal|p1a: swimmy swim|238\/471 par|[from] move: Wish|[wisher] swimmy swim
|-heal|p1a: swimmy swim|267\/471 par|[from] item: Leftovers
|-damage|p2a: Sharpedo|229\/281 tox|[from] psn
|turn|61
|
|switch|p1a: woofy woof woof|Granbull, M|384\/384
|-ability|p1a: woofy woof woof|Intimidate|[of] p2a: Sharpedo
|-unboost|p2a: Sharpedo|atk|1
|move|p2a: Sharpedo|Waterfall|p1a: woofy woof woof
|-damage|p1a: woofy woof woof|281\/384
|
|-heal|p1a: woofy woof woof|305\/384|[from] item: Leftovers
|-damage|p2a: Sharpedo|195\/281 tox|[from] psn
|turn|62
|
|switch|p2a: Forretress|Forretress, F|352\/354
|-damage|p2a: Forretress|308\/354|[from] Stealth Rock
|switch|p1a: swimmy swim|Alomomola, F|424\/471 par
|
|-heal|p2a: Forretress|330\/354|[from] item: Leftovers
|-heal|p1a: swimmy swim|453\/471 par|[from] item: Leftovers
|turn|63
|
|move|p2a: Forretress|Stealth Rock|p1a: swimmy swim
|-sidestart|p1: pokemonisfun|move: Stealth Rock
|move|p1a: swimmy swim|Scald|p2a: Forretress
|-damage|p2a: Forretress|263\/354
|-status|p2a: Forretress|brn
|
|-heal|p2a: Forretress|285\/354 brn|[from] item: Leftovers
|-heal|p1a: swimmy swim|471\/471 par|[from] item: Leftovers
|-damage|p2a: Forretress|241\/354 brn|[from] brn
|turn|64
|
|move|p2a: Forretress|Rapid Spin|p1a: swimmy swim
|-damage|p1a: swimmy swim|464\/471 par
|-sideend|p2: Greyheracross|Stealth Rock|[from] move: Rapid Spin|[of] p2a: Forretress
|move|p1a: swimmy swim|Wish|p1a: swimmy swim
|
|-heal|p2a: Forretress|263\/354 brn|[from] item: Leftovers
|-heal|p1a: swimmy swim|471\/471 par|[from] item: Leftovers
|-damage|p2a: Forretress|219\/354 brn|[from] brn
|turn|65
|
|move|p2a: Forretress|Gyro Ball|p1a: swimmy swim
|-resisted|p1a: swimmy swim
|-damage|p1a: swimmy swim|468\/471 par
|cant|p1a: swimmy swim|par
|
|-heal|p1a: swimmy swim|471\/471 par|[from] move: Wish|[wisher] swimmy swim
|-heal|p2a: Forretress|241\/354 brn|[from] item: Leftovers
|-damage|p2a: Forretress|197\/354 brn|[from] brn
|turn|66
|
|move|p2a: Forretress|Volt Switch|p1a: swimmy swim
|-supereffective|p1a: swimmy swim
|-damage|p1a: swimmy swim|385\/471 par
|
|switch|p2a: Snorlax|Snorlax, F|226\/501
|move|p1a: swimmy swim|Wish|p1a: swimmy swim
|
|-heal|p2a: Snorlax|257\/501|[from] item: Leftovers
|-heal|p1a: swimmy swim|414\/471 par|[from] item: Leftovers
|turn|67
|
|switch|p1a: onion fairy god lo|Celebi|396\/396
|-damage|p1a: onion fairy god lo|347\/396|[from] Stealth Rock
|move|p2a: Snorlax|Body Slam|p1a: onion fairy god lo
|-damage|p1a: onion fairy god lo|274\/396
|
|-heal|p1a: onion fairy god lo|396\/396|[from] move: Wish|[wisher] swimmy swim
|-heal|p2a: Snorlax|288\/501|[from] item: Leftovers
|turn|68
|
|move|p1a: onion fairy god lo|Stealth Rock|p2a: Snorlax
|-sidestart|p2: Greyheracross|move: Stealth Rock
|move|p2a: Snorlax|Whirlwind|p1a: onion fairy god lo
|drag|p1a: snekky-snek|Zygarde|420\/420 slp
|-damage|p1a: snekky-snek|394\/420 slp|[from] Stealth Rock
|-ability|p1a: snekky-snek|Aura Break
|
|-heal|p2a: Snorlax|319\/501|[from] item: Leftovers
|turn|69
|
|switch|p1a: swimmy swim|Alomomola, F|471\/471 par
|-damage|p1a: swimmy swim|413\/471 par|[from] Stealth Rock
|move|p2a: Snorlax|Body Slam|p1a: swimmy swim
|-damage|p1a: swimmy swim|320\/471 par
|
|-heal|p2a: Snorlax|350\/501|[from] item: Leftovers
|-heal|p1a: swimmy swim|349\/471 par|[from] item: Leftovers
|turn|70
|
|move|p1a: swimmy swim|Wish|p1a: swimmy swim
|move|p2a: Snorlax|Whirlwind|p1a: swimmy swim
|drag|p1a: woofy woof woof|Granbull, M|305\/384
|-damage|p1a: woofy woof woof|257\/384|[from] Stealth Rock
|-ability|p1a: woofy woof woof|Intimidate|[of] p2a: Snorlax
|-unboost|p2a: Snorlax|atk|1
|
|-heal|p1a: woofy woof woof|281\/384|[from] item: Leftovers
|-heal|p2a: Snorlax|381\/501|[from] item: Leftovers
|turn|71
|
|move|p1a: woofy woof woof|Play Rough|p2a: Snorlax|[miss]
|-miss|p1a: woofy woof woof|p2a: Snorlax
|move|p2a: Snorlax|Body Slam|p1a: woofy woof woof
|-damage|p1a: woofy woof woof|218\/384
|
|-heal|p1a: woofy woof woof|384\/384|[from] move: Wish|[wisher] swimmy swim
|-heal|p2a: Snorlax|412\/501|[from] item: Leftovers
|turn|72
|
|move|p1a: woofy woof woof|Play Rough|p2a: Snorlax
|-damage|p2a: Snorlax|264\/501
|-unboost|p2a: Snorlax|atk|1
|move|p2a: Snorlax|Body Slam|p1a: woofy woof woof
|-damage|p1a: woofy woof woof|336\/384
|-status|p1a: woofy woof woof|par
|
|-heal|p2a: Snorlax|295\/501|[from] item: Leftovers
|-heal|p1a: woofy woof woof|360\/384 par|[from] item: Leftovers
|turn|73
|
|switch|p2a: Chandelure|Chandelure, F|261\/261
|-damage|p2a: Chandelure|196\/261|[from] Stealth Rock
|switch|p1a: swimmy swim|Alomomola, F|471\/471 par
|-damage|p1a: swimmy swim|413\/471 par|[from] Stealth Rock
|
|-heal|p2a: Chandelure|212\/261|[from] item: Leftovers
|-heal|p1a: swimmy swim|442\/471 par|[from] item: Leftovers
|turn|74
|
|move|p2a: Chandelure|Shadow Ball|p1a: swimmy swim
|-damage|p1a: swimmy swim|246\/471 par
|move|p1a: swimmy swim|Toxic|p2a: Chandelure
|-status|p2a: Chandelure|tox
|
|-heal|p2a: Chandelure|228\/261 tox|[from] item: Leftovers
|-heal|p1a: swimmy swim|275\/471 par|[from] item: Leftovers
|-damage|p2a: Chandelure|212\/261 tox|[from] psn
|turn|75
|
|switch|p1a: snekky-snek|Zygarde|394\/420 slp
|-damage|p1a: snekky-snek|368\/420 slp|[from] Stealth Rock
|-ability|p1a: snekky-snek|Aura Break
|move|p2a: Chandelure|Shadow Ball|p1a: snekky-snek
|-damage|p1a: snekky-snek|257\/420 slp
|
|-heal|p2a: Chandelure|228\/261 tox|[from] item: Leftovers
|-damage|p2a: Chandelure|196\/261 tox|[from] psn
|turn|76
|
|cant|p1a: snekky-snek|slp
|move|p2a: Chandelure|Shadow Ball|p1a: snekky-snek
|-damage|p1a: snekky-snek|136\/420 slp
|
|-heal|p2a: Chandelure|212\/261 tox|[from] item: Leftovers
|-damage|p2a: Chandelure|164\/261 tox|[from] psn
|turn|77
|
|cant|p1a: snekky-snek|slp
|move|p2a: Chandelure|Shadow Ball|p1a: snekky-snek
|-damage|p1a: snekky-snek|21\/420 slp
|
|-heal|p2a: Chandelure|180\/261 tox|[from] item: Leftovers
|-damage|p2a: Chandelure|116\/261 tox|[from] psn
|turn|78
|
|switch|p2a: Forretress|Forretress, F|197\/354 brn
|-damage|p2a: Forretress|153\/354 brn|[from] Stealth Rock
|-curestatus|p1a: snekky-snek|slp
|move|p1a: snekky-snek|Rest|p1a: snekky-snek
|-status|p1a: snekky-snek|slp
|-heal|p1a: snekky-snek|420\/420 slp|[silent]
|-status|p1a: snekky-snek|slp|[from] move: Rest
|
|-heal|p2a: Forretress|175\/354 brn|[from] item: Leftovers
|-damage|p2a: Forretress|131\/354 brn|[from] brn
|turn|79
|
|switch|p1a: onion fairy god lo|Celebi|396\/396
|-damage|p1a: onion fairy god lo|347\/396|[from] Stealth Rock
|move|p2a: Forretress|Volt Switch|p1a: onion fairy god lo
|-resisted|p1a: onion fairy god lo
|-damage|p1a: onion fairy god lo|330\/396
|
|switch|p2a: Sharpedo|Sharpedo-Mega, F|195\/281 tox
|-damage|p2a: Sharpedo|160\/281 tox|[from] Stealth Rock
|
|-heal|p1a: onion fairy god lo|354\/396|[from] item: Leftovers
|-damage|p2a: Sharpedo|143\/281 tox|[from] psn
|turn|80
|
|switch|p1a: woofy woof woof|Granbull, M|360\/384 par
|-damage|p1a: woofy woof woof|312\/384 par|[from] Stealth Rock
|-ability|p1a: woofy woof woof|Intimidate|[of] p2a: Sharpedo
|-unboost|p2a: Sharpedo|atk|1
|move|p2a: Sharpedo|Waterfall|p1a: woofy woof woof
|-damage|p1a: woofy woof woof|212\/384 par
|
|-heal|p1a: woofy woof woof|236\/384 par|[from] item: Leftovers
|-damage|p2a: Sharpedo|109\/281 tox|[from] psn
|turn|81
|join|Zeep
|
|move|p2a: Sharpedo|Waterfall|p1a: woofy woof woof
|-damage|p1a: woofy woof woof|134\/384 par
|cant|p1a: woofy woof woof|flinch
|
|-heal|p1a: woofy woof woof|158\/384 par|[from] item: Leftovers
|-damage|p2a: Sharpedo|58\/281 tox|[from] psn
|turn|82
|
|move|p2a: Sharpedo|Waterfall|p1a: woofy woof woof
|-damage|p1a: woofy woof woof|61\/384 par
|cant|p1a: woofy woof woof|flinch
|
|-heal|p1a: woofy woof woof|85\/384 par|[from] item: Leftovers
|-damage|p2a: Sharpedo|0 fnt|[from] psn
|faint|p2a: Sharpedo
|leave|Zeep
|
|switch|p2a: Zygarde|Zygarde|379\/405
|-damage|p2a: Zygarde|354\/405|[from] Stealth Rock
|-ability|p2a: Zygarde|Aura Break
|turn|83
|
|switch|p1a: onion fairy god lo|Celebi|354\/396
|-damage|p1a: onion fairy god lo|305\/396|[from] Stealth Rock
|move|p2a: Zygarde|Earthquake|p1a: onion fairy god lo
|-resisted|p1a: onion fairy god lo
|-damage|p1a: onion fairy god lo|262\/396
|
|-heal|p1a: onion fairy god lo|286\/396|[from] item: Leftovers
|-heal|p2a: Zygarde|379\/405|[from] item: Leftovers
|turn|84
|
|move|p1a: onion fairy god lo|Giga Drain|p2a: Zygarde
|-damage|p2a: Zygarde|306\/405
|-heal|p1a: onion fairy god lo|323\/396|[from] drain|[of] p2a: Zygarde
|move|p2a: Zygarde|Dragon Tail|p1a: onion fairy god lo
|-damage|p1a: onion fairy god lo|263\/396
|drag|p1a: Mega Chansey|Blissey, F|133\/656
|-damage|p1a: Mega Chansey|51\/656|[from] Stealth Rock
|
|-heal|p2a: Zygarde|331\/405|[from] item: Leftovers
|-heal|p1a: Mega Chansey|92\/656|[from] item: Leftovers
|turn|85
|
|switch|p1a: swimmy swim|Alomomola, F|432\/471 par
|-damage|p1a: swimmy swim|374\/471 par|[from] Stealth Rock
|move|p2a: Zygarde|Dragon Tail|p1a: swimmy swim
|-damage|p1a: swimmy swim|313\/471 par
|drag|p1a: snekky-snek|Zygarde|420\/420 slp
|-damage|p1a: snekky-snek|394\/420 slp|[from] Stealth Rock
|-ability|p1a: snekky-snek|Aura Break
|
|-heal|p2a: Zygarde|356\/405|[from] item: Leftovers
|turn|86
|
|switch|p1a: swimmy swim|Alomomola, F|470\/471 par
|-damage|p1a: swimmy swim|412\/471 par|[from] Stealth Rock
|move|p2a: Zygarde|Dragon Tail|p1a: swimmy swim
|-damage|p1a: swimmy swim|354\/471 par
|drag|p1a: onion fairy god lo|Celebi|263\/396
|-damage|p1a: onion fairy god lo|214\/396|[from] Stealth Rock
|
|-heal|p1a: onion fairy god lo|238\/396|[from] item: Leftovers
|-heal|p2a: Zygarde|381\/405|[from] item: Leftovers
|turn|87
|
|move|p1a: onion fairy god lo|Recover|p1a: onion fairy god lo
|-heal|p1a: onion fairy god lo|396\/396
|move|p2a: Zygarde|Coil|p2a: Zygarde
|-boost|p2a: Zygarde|atk|1
|-boost|p2a: Zygarde|def|1
|-boost|p2a: Zygarde|accuracy|1
|
|-heal|p2a: Zygarde|405\/405|[from] item: Leftovers
|turn|88
|
|move|p1a: onion fairy god lo|Perish Song|p1a: onion fairy god lo
|-fieldactivate|move: Perish Song
|move|p2a: Zygarde|Dragon Tail|p1a: onion fairy god lo
|-damage|p1a: onion fairy god lo|311\/396
|drag|p1a: Mega Chansey|Blissey, F|92\/656
|-damage|p1a: Mega Chansey|10\/656|[from] Stealth Rock
|
|-start|p2a: Zygarde|perish3
|-heal|p1a: Mega Chansey|51\/656|[from] item: Leftovers
|turn|89
|
|switch|p1a: swimmy swim|Alomomola, F|471\/471 par
|-damage|p1a: swimmy swim|413\/471 par|[from] Stealth Rock
|move|p2a: Zygarde|Dragon Tail|p1a: swimmy swim
|-damage|p1a: swimmy swim|322\/471 par
|drag|p1a: Mega Chansey|Blissey, F|51\/656
|-damage|p1a: Mega Chansey|0 fnt|[from] Stealth Rock
|faint|p1a: Mega Chansey
|
|-start|p2a: Zygarde|perish2
|
|switch|p1a: swimmy swim|Alomomola, F|471\/471 par
|-damage|p1a: swimmy swim|413\/471 par|[from] Stealth Rock
|turn|90
|c|★pokemonisfun|RIP
|
|switch|p2a: Snorlax|Snorlax, F|295\/501
|-damage|p2a: Snorlax|233\/501|[from] Stealth Rock
|move|p1a: swimmy swim|Wish|p1a: swimmy swim
|
|-heal|p2a: Snorlax|264\/501|[from] item: Leftovers
|-heal|p1a: swimmy swim|442\/471 par|[from] item: Leftovers
|turn|91
|
|switch|p1a: onion fairy god lo|Celebi|311\/396
|-damage|p1a: onion fairy god lo|262\/396|[from] Stealth Rock
|move|p2a: Snorlax|Body Slam|p1a: onion fairy god lo
|-damage|p1a: onion fairy god lo|186\/396
|-status|p1a: onion fairy god lo|par
|
|-heal|p1a: onion fairy god lo|396\/396 par|[from] move: Wish|[wisher] swimmy swim
|-heal|p2a: Snorlax|295\/501|[from] item: Leftovers
|turn|92
|
|switch|p2a: Zygarde|Zygarde|405\/405
|-damage|p2a: Zygarde|380\/405|[from] Stealth Rock
|-ability|p2a: Zygarde|Aura Break
|switch|p1a: swimmy swim|Alomomola, F|471\/471 par
|-damage|p1a: swimmy swim|413\/471 par|[from] Stealth Rock
|
|-heal|p2a: Zygarde|405\/405|[from] item: Leftovers
|-heal|p1a: swimmy swim|442\/471 par|[from] item: Leftovers
|turn|93
|
|switch|p1a: onion fairy god lo|Celebi|396\/396
|-damage|p1a: onion fairy god lo|347\/396|[from] Stealth Rock
|move|p2a: Zygarde|Substitute|p2a: Zygarde
|-start|p2a: Zygarde|Substitute
|-damage|p2a: Zygarde|304\/405
|
|-heal|p1a: onion fairy god lo|371\/396|[from] item: Leftovers
|-heal|p2a: Zygarde|329\/405|[from] item: Leftovers
|turn|94
|leave|gelly
|join|gelly
|
|move|p1a: onion fairy god lo|Perish Song|p1a: onion fairy god lo
|-fieldactivate|move: Perish Song
|move|p2a: Zygarde|Dragon Tail|p1a: onion fairy god lo
|-damage|p1a: onion fairy god lo|317\/396
|drag|p1a: batsy watzy|Crobat, M|146\/373
|-damage|p1a: batsy watzy|53\/373|[from] Stealth Rock
|
|-start|p2a: Zygarde|perish3
|-heal|p1a: batsy watzy|76\/373|[from] item: Black Sludge
|-heal|p2a: Zygarde|354\/405|[from] item: Leftovers
|turn|95
|
|move|p1a: batsy watzy|Defog|p2a: Zygarde
|-sideend|p2: Greyheracross|Stealth Rock|[from] move: Defog|[of] p2a: Zygarde
|-sideend|p1: pokemonisfun|Stealth Rock|[from] move: Defog|[of] p1a: batsy watzy
|move|p2a: Zygarde|Dragon Tail|p1a: batsy watzy
|-damage|p1a: batsy watzy|0 fnt
|faint|p1a: batsy watzy
|
|-start|p2a: Zygarde|perish2
|-heal|p2a: Zygarde|379\/405|[from] item: Leftovers
|c| rupe|grey-t job
|c| rupe|heh heh
|
|switch|p1a: onion fairy god lo|Celebi|317\/396
|turn|96
|c| Zamrock|LOL
|c| Koniichiwa|sent him str8 to his grey-ve
|c|★pokemonisfun|RIP
|c| rupe|gravey grave
|
|switch|p2a: Forretress|Forretress, F|131\/354 brn
|move|p1a: onion fairy god lo|Stealth Rock|p2a: Forretress
|-sidestart|p2: Greyheracross|move: Stealth Rock
|
|-heal|p1a: onion fairy god lo|341\/396|[from] item: Leftovers
|-heal|p2a: Forretress|153\/354 brn|[from] item: Leftovers
|-damage|p2a: Forretress|109\/354 brn|[from] brn
|turn|97
|c| rupe|:]
|
|switch|p1a: woofy woof woof|Granbull, M|85\/384 par
|-ability|p1a: woofy woof woof|Intimidate|[of] p2a: Forretress
|-unboost|p2a: Forretress|atk|1
|move|p2a: Forretress|Stealth Rock|p1a: woofy woof woof
|-sidestart|p1: pokemonisfun|move: Stealth Rock
|
|-heal|p2a: Forretress|131\/354 brn|[from] item: Leftovers
|-heal|p1a: woofy woof woof|109\/384 par|[from] item: Leftovers
|-damage|p2a: Forretress|87\/354 brn|[from] brn
|turn|98
|
|move|p2a: Forretress|Rapid Spin|p1a: woofy woof woof
|-damage|p1a: woofy woof woof|104\/384 par
|-sideend|p2: Greyheracross|Stealth Rock|[from] move: Rapid Spin|[of] p2a: Forretress
|move|p1a: woofy woof woof|Rest|p1a: woofy woof woof
|-status|p1a: woofy woof woof|slp
|-heal|p1a: woofy woof woof|384\/384 slp|[silent]
|-status|p1a: woofy woof woof|slp|[from] move: Rest
|
|-heal|p2a: Forretress|109\/354 brn|[from] item: Leftovers
|-damage|p2a: Forretress|65\/354 brn|[from] brn
|turn|99
|
|cant|p1a: woofy woof woof|slp
|move|p1a: woofy woof woof|Sleep Talk|p1a: woofy woof woof
|move|p1a: woofy woof woof|Roar|p2a: Forretress|[from]Sleep Talk
|drag|p2a: Snorlax|Snorlax, F|295\/501
|
|-heal|p2a: Snorlax|326\/501|[from] item: Leftovers
|turn|100
|
|switch|p1a: swimmy swim|Alomomola, F|471\/471 par
|-damage|p1a: swimmy swim|413\/471 par|[from] Stealth Rock
|move|p2a: Snorlax|Body Slam|p1a: swimmy swim
|-damage|p1a: swimmy swim|314\/471 par
|
|-heal|p2a: Snorlax|357\/501|[from] item: Leftovers
|-heal|p1a: swimmy swim|343\/471 par|[from] item: Leftovers
|turn|101
|
|switch|p2a: Chesnaught|Chesnaught, M|319\/380 tox
|move|p1a: swimmy swim|Toxic|p2a: Chesnaught
|-fail|p2a: Chesnaught|tox
|
|-heal|p2a: Chesnaught|342\/380 tox|[from] item: Leftovers
|-heal|p1a: swimmy swim|372\/471 par|[from] item: Leftovers
|-damage|p2a: Chesnaught|319\/380 tox|[from] psn
|turn|102
|
|switch|p1a: onion fairy god lo|Celebi|341\/396
|-damage|p1a: onion fairy god lo|292\/396|[from] Stealth Rock
|move|p2a: Chesnaught|Spikes|p1a: onion fairy god lo
|-sidestart|p1: pokemonisfun|Spikes
|
|-heal|p1a: onion fairy god lo|316\/396|[from] item: Leftovers
|-heal|p2a: Chesnaught|342\/380 tox|[from] item: Leftovers
|-damage|p2a: Chesnaught|296\/380 tox|[from] psn
|turn|103
|c| Zamrock|pokemonisfun
|c| Zamrock|imma steal your team
|c| Zamrock|and claim it as mine
|c| Zamrock|k?
|
|move|p1a: onion fairy god lo|Stealth Rock|p2a: Chesnaught
|-sidestart|p2: Greyheracross|move: Stealth Rock
|move|p2a: Chesnaught|Spikes|p1a: onion fairy god lo
|-sidestart|p1: pokemonisfun|Spikes
|
|-heal|p1a: onion fairy god lo|340\/396|[from] item: Leftovers
|-heal|p2a: Chesnaught|319\/380 tox|[from] item: Leftovers
|-damage|p2a: Chesnaught|250\/380 tox|[from] psn
|turn|104
|c|★pokemonisfun|team ownership is a social construct
|c| Zamrock|i give no fucks
|c|★Greyheracross|wut
|c|★pokemonisfun|okay
|c| rupe|you sound like a reasonable man
|c| rupe|can you explain what you meant?
|c| rupe|my friend wants to know
|join|Henry
|
|move|p1a: onion fairy god lo|Giga Drain|p2a: Chesnaught
|-resisted|p2a: Chesnaught
|-damage|p2a: Chesnaught|195\/380 tox
|-heal|p1a: onion fairy god lo|368\/396|[from] drain|[of] p2a: Chesnaught
|move|p2a: Chesnaught|Spikes|p1a: onion fairy god lo
|-sidestart|p1: pokemonisfun|Spikes
|
|-heal|p1a: onion fairy god lo|392\/396|[from] item: Leftovers
|-heal|p2a: Chesnaught|218\/380 tox|[from] item: Leftovers
|-damage|p2a: Chesnaught|126\/380 tox|[from] psn
|turn|105
|c| Koniichiwa|sounds smart for elementary school ;]
|c|★pokemonisfun|every single team that could possibly exist started when the games were created
|c| Zamrock|good job!
|c| Henry|luck is a social construct
|c| Zamrock|very good!
|c|★Greyheracross|are you god?
|c|★pokemonisfun|celebi is onion god
|c| rupe|you know what else is a social construct
|
|switch|p2a: Snorlax|Snorlax, F|357\/501
|-damage|p2a: Snorlax|295\/501|[from] Stealth Rock
|move|p1a: onion fairy god lo|Giga Drain|p2a: Snorlax
|-damage|p2a: Snorlax|235\/501
|-heal|p1a: onion fairy god lo|396\/396|[from] drain|[of] p2a: Snorlax
|
|-heal|p2a: Snorlax|266\/501|[from] item: Leftovers
|turn|106
|c|★pokemonisfun|homosexuality
|c| gelly|even god gets haxed to death sometimes
|c| gelly|:[
|c|★pokemonisfun|hax is a social construct
|c| Koniichiwa|u r too
|c|★pokemonisfun|when we started this game thee was already a game tree with every single possible game combination
|
|switch|p1a: swimmy swim|Alomomola, F|471\/471 par
|-damage|p1a: swimmy swim|413\/471 par|[from] Stealth Rock
|-damage|p1a: swimmy swim|296\/471 par|[from] Spikes
|move|p2a: Snorlax|Rest|p2a: Snorlax
|-status|p2a: Snorlax|slp
|-heal|p2a: Snorlax|501\/501 slp|[silent]
|-status|p2a: Snorlax|slp|[from] move: Rest
|
|-heal|p1a: swimmy swim|325\/471 par|[from] item: Leftovers
|turn|107
|c| rupe|okay steven hawking
|c|★pokemonisfun|steven hawking is a social construct
|c| gelly|beep boop
|c|★pokemonisfun|and literally retarded
|
|cant|p2a: Snorlax|slp
|move|p2a: Snorlax|Sleep Talk|p2a: Snorlax
|move|p2a: Snorlax|Rest|p2a: Snorlax|[from]Sleep Talk
|-fail|p2a: Snorlax
|move|p1a: swimmy swim|Wish|p1a: swimmy swim
|
|-heal|p1a: swimmy swim|354\/471 par|[from] item: Leftovers
|turn|108
|c| rupe|----
|c| Zamrock|You know what else is a social construct?
|c| Zamrock|Porn
|c| Zamrock|but we sitll watch it!
|c| rupe|these nuts?
|
|cant|p2a: Snorlax|slp
|move|p2a: Snorlax|Sleep Talk|p2a: Snorlax
|move|p2a: Snorlax|Whirlwind|p1a: swimmy swim|[from]Sleep Talk
|drag|p1a: woofy woof woof|Granbull, M|384\/384 slp
|-damage|p1a: woofy woof woof|288\/384 slp|[from] Spikes
|-damage|p1a: woofy woof woof|240\/384 slp|[from] Stealth Rock
|-ability|p1a: woofy woof woof|Intimidate|[of] p2a: Snorlax
|-unboost|p2a: Snorlax|atk|1
|
|-heal|p1a: woofy woof woof|384\/384 slp|[from] move: Wish|[wisher] swimmy swim
|turn|109
|c|★pokemonisfun|i dont watch porn
|c| Zamrock|WOOFY
|c| Zamrock|WOFF
|
|cant|p1a: woofy woof woof|slp
|move|p1a: woofy woof woof|Sleep Talk|p1a: woofy woof woof
|move|p1a: woofy woof woof|Rest|p1a: woofy woof woof|[from]Sleep Talk
|-fail|p1a: woofy woof woof
|-curestatus|p2a: Snorlax|slp
|move|p2a: Snorlax|Whirlwind|p1a: woofy woof woof
|drag|p1a: swimmy swim|Alomomola, F|471\/471 par
|-damage|p1a: swimmy swim|354\/471 par|[from] Spikes
|-damage|p1a: swimmy swim|296\/471 par|[from] Stealth Rock
|
|-heal|p1a: swimmy swim|325\/471 par|[from] item: Leftovers
|turn|110
|leave|Henry
|c| rupe|do you have a penis?
|c| gelly|he is grill
|c|★pokemonisfun|im a grill
|c| gelly|:>
|c| Koniichiwa|pokemon is his porn
|
|move|p1a: swimmy swim|Toxic|p2a: Snorlax
|-status|p2a: Snorlax|tox
|move|p2a: Snorlax|Whirlwind|p1a: swimmy swim
|drag|p1a: snekky-snek|Zygarde|394\/420 slp
|-damage|p1a: snekky-snek|368\/420 slp|[from] Stealth Rock
|-damage|p1a: snekky-snek|263\/420 slp|[from] Spikes
|-ability|p1a: snekky-snek|Aura Break
|
|-damage|p2a: Snorlax|470\/501 tox|[from] psn
|turn|111
|c| Zamrock|"You have a penis? Please say no." - JeyTheGrey 2015
|c| rupe|never lie to me again
|
|cant|p1a: snekky-snek|slp
|move|p1a: snekky-snek|Sleep Talk|p1a: snekky-snek
|move|p1a: snekky-snek|Dragon Tail|p2a: Snorlax|[from]Sleep Talk
|-damage|p2a: Snorlax|385\/501 tox
|drag|p2a: Chandelure|Chandelure, F|116\/261 tox
|-damage|p2a: Chandelure|51\/261 tox|[from] Stealth Rock
|
|-heal|p2a: Chandelure|67\/261 tox|[from] item: Leftovers
|-damage|p2a: Chandelure|51\/261 tox|[from] psn
|turn|112
|
|cant|p1a: snekky-snek|slp
|move|p1a: snekky-snek|Sleep Talk|p1a: snekky-snek
|move|p1a: snekky-snek|Earthquake|p2a: Chandelure|[from]Sleep Talk
|-supereffective|p2a: Chandelure
|-damage|p2a: Chandelure|0 fnt
|faint|p2a: Chandelure
|
|join|Bob the Bro
|
|switch|p2a: Zygarde|Zygarde|379\/405
|-damage|p2a: Zygarde|354\/405|[from] Stealth Rock
|-ability|p2a: Zygarde|Aura Break
|turn|113
|
|switch|p1a: woofy woof woof|Granbull, M|384\/384 slp
|-damage|p1a: woofy woof woof|288\/384 slp|[from] Spikes
|-damage|p1a: woofy woof woof|240\/384 slp|[from] Stealth Rock
|-ability|p1a: woofy woof woof|Intimidate|[of] p2a: Zygarde
|-unboost|p2a: Zygarde|atk|1
|move|p2a: Zygarde|Coil|p2a: Zygarde
|-boost|p2a: Zygarde|atk|1
|-boost|p2a: Zygarde|def|1
|-boost|p2a: Zygarde|accuracy|1
|
|-heal|p2a: Zygarde|379\/405|[from] item: Leftovers
|-heal|p1a: woofy woof woof|264\/384 slp|[from] item: Leftovers
|turn|114
|
|move|p2a: Zygarde|Earthquake|p1a: woofy woof woof
|-damage|p1a: woofy woof woof|155\/384 slp
|-curestatus|p1a: woofy woof woof|slp
|move|p1a: woofy woof woof|Roar|p2a: Zygarde
|drag|p2a: Snorlax|Snorlax, F|385\/501 tox
|-damage|p2a: Snorlax|323\/501 tox|[from] Stealth Rock
|
|-heal|p1a: woofy woof woof|179\/384|[from] item: Leftovers
|-heal|p2a: Snorlax|354\/501 tox|[from] item: Leftovers
|-damage|p2a: Snorlax|323\/501 tox|[from] psn
|turn|115
|
|move|p2a: Snorlax|Body Slam|p1a: woofy woof woof
|-damage|p1a: woofy woof woof|85\/384
|move|p1a: woofy woof woof|Roar|p2a: Snorlax
|drag|p2a: Forretress|Forretress, F|65\/354 brn
|-damage|p2a: Forretress|21\/354 brn|[from] Stealth Rock
|
|-heal|p1a: woofy woof woof|109\/384|[from] item: Leftovers
|-heal|p2a: Forretress|43\/354 brn|[from] item: Leftovers
|-damage|p2a: Forretress|0 fnt|[from] brn
|faint|p2a: Forretress
|
|switch|p2a: Zygarde|Zygarde|379\/405
|-damage|p2a: Zygarde|354\/405|[from] Stealth Rock
|-ability|p2a: Zygarde|Aura Break
|turn|116
|
|move|p2a: Zygarde|Earthquake|p1a: woofy woof woof
|-damage|p1a: woofy woof woof|0 fnt
|faint|p1a: woofy woof woof
|
|-heal|p2a: Zygarde|379\/405|[from] item: Leftovers
|
|switch|p1a: onion fairy god lo|Celebi|396\/396
|-damage|p1a: onion fairy god lo|297\/396|[from] Spikes
|-damage|p1a: onion fairy god lo|248\/396|[from] Stealth Rock
|turn|117
|
|move|p1a: onion fairy god lo|Giga Drain|p2a: Zygarde
|-damage|p2a: Zygarde|309\/405
|-heal|p1a: onion fairy god lo|283\/396|[from] drain|[of] p2a: Zygarde
|move|p2a: Zygarde|Dragon Tail|p1a: onion fairy god lo
|-damage|p1a: onion fairy god lo|231\/396
|drag|p1a: swimmy swim|Alomomola, F|471\/471 par
|-damage|p1a: swimmy swim|413\/471 par|[from] Stealth Rock
|-damage|p1a: swimmy swim|296\/471 par|[from] Spikes
|
|-heal|p2a: Zygarde|334\/405|[from] item: Leftovers
|-heal|p1a: swimmy swim|325\/471 par|[from] item: Leftovers
|turn|118
|c| Zamrock|58 Atk Zygarde Earthquake vs. 252 HP \/ 252+ Def Granbull: 99-117 (25.7 - 30.4%) -- 0.7% chance to 4HKO after Leftovers recovery
|
|switch|p1a: onion fairy god lo|Celebi|231\/396
|-damage|p1a: onion fairy god lo|182\/396|[from] Stealth Rock
|-damage|p1a: onion fairy god lo|83\/396|[from] Spikes
|move|p2a: Zygarde|Substitute|p2a: Zygarde
|-start|p2a: Zygarde|Substitute
|-damage|p2a: Zygarde|233\/405
|
|-heal|p1a: onion fairy god lo|107\/396|[from] item: Leftovers
|-heal|p2a: Zygarde|258\/405|[from] item: Leftovers
|turn|119
|c|★pokemonisfun|god king zygarde
|
|move|p1a: onion fairy god lo|Recover|p1a: onion fairy god lo
|-heal|p1a: onion fairy god lo|305\/396
|move|p2a: Zygarde|Dragon Tail|p1a: onion fairy god lo
|-damage|p1a: onion fairy god lo|254\/396
|drag|p1a: snekky-snek|Zygarde|263\/420 slp
|-damage|p1a: snekky-snek|158\/420 slp|[from] Spikes
|-damage|p1a: snekky-snek|132\/420 slp|[from] Stealth Rock
|-ability|p1a: snekky-snek|Aura Break
|
|-heal|p2a: Zygarde|283\/405|[from] item: Leftovers
|turn|120
|
|move|p2a: Zygarde|Coil|p2a: Zygarde
|-boost|p2a: Zygarde|atk|1
|-boost|p2a: Zygarde|def|1
|-boost|p2a: Zygarde|accuracy|1
|-curestatus|p1a: snekky-snek|slp
|move|p1a: snekky-snek|Dragon Tail|p2a: Zygarde
|-supereffective|p2a: Zygarde
|-activate|p2a: Zygarde|Substitute|[damage]
|
|-heal|p2a: Zygarde|308\/405|[from] item: Leftovers
|turn|121
|
|move|p2a: Zygarde|Earthquake|p1a: snekky-snek
|-damage|p1a: snekky-snek|0 fnt
|faint|p1a: snekky-snek
|
|-heal|p2a: Zygarde|333\/405|[from] item: Leftovers
|
|switch|p1a: onion fairy god lo|Celebi|254\/396
|-damage|p1a: onion fairy god lo|205\/396|[from] Stealth Rock
|-damage|p1a: onion fairy god lo|106\/396|[from] Spikes
|turn|122
|
|move|p1a: onion fairy god lo|Recover|p1a: onion fairy god lo
|-heal|p1a: onion fairy god lo|304\/396
|move|p2a: Zygarde|Dragon Tail|p1a: onion fairy god lo
|-damage|p1a: onion fairy god lo|220\/396
|drag|p1a: swimmy swim|Alomomola, F|471\/471 par
|-damage|p1a: swimmy swim|413\/471 par|[from] Stealth Rock
|-damage|p1a: swimmy swim|296\/471 par|[from] Spikes
|
|-heal|p2a: Zygarde|358\/405|[from] item: Leftovers
|-heal|p1a: swimmy swim|325\/471 par|[from] item: Leftovers
|turn|123
|join|I3Magikarp
|
|switch|p1a: onion fairy god lo|Celebi|220\/396
|-damage|p1a: onion fairy god lo|121\/396|[from] Spikes
|-damage|p1a: onion fairy god lo|72\/396|[from] Stealth Rock
|move|p2a: Zygarde|Coil|p2a: Zygarde
|-boost|p2a: Zygarde|atk|1
|-boost|p2a: Zygarde|def|1
|-boost|p2a: Zygarde|accuracy|1
|
|-heal|p1a: onion fairy god lo|96\/396|[from] item: Leftovers
|-heal|p2a: Zygarde|383\/405|[from] item: Leftovers
|turn|124
|join|LiberalLucario
|
|move|p1a: onion fairy god lo|Recover|p1a: onion fairy god lo
|-heal|p1a: onion fairy god lo|294\/396
|move|p2a: Zygarde|Dragon Tail|p1a: onion fairy god lo
|-damage|p1a: onion fairy god lo|189\/396
|drag|p1a: swimmy swim|Alomomola, F|471\/471 par
|-damage|p1a: swimmy swim|413\/471 par|[from] Stealth Rock
|-damage|p1a: swimmy swim|296\/471 par|[from] Spikes
|
|-heal|p2a: Zygarde|405\/405|[from] item: Leftovers
|-heal|p1a: swimmy swim|325\/471 par|[from] item: Leftovers
|turn|125
|
|move|p2a: Zygarde|Earthquake|p1a: swimmy swim
|-damage|p1a: swimmy swim|112\/471 par
|move|p1a: swimmy swim|Wish|p1a: swimmy swim
|
|-heal|p1a: swimmy swim|141\/471 par|[from] item: Leftovers
|turn|126
|
|switch|p1a: onion fairy god lo|Celebi|189\/396
|-damage|p1a: onion fairy god lo|140\/396|[from] Stealth Rock
|-damage|p1a: onion fairy god lo|41\/396|[from] Spikes
|move|p2a: Zygarde|Dragon Tail|p1a: onion fairy god lo
|-damage|p1a: onion fairy god lo|0 fnt
|faint|p1a: onion fairy god lo
|
|c|★pokemonisfun|RIP
|
|switch|p1a: swimmy swim|Alomomola, F|298\/471 par
|-damage|p1a: swimmy swim|240\/471 par|[from] Stealth Rock
|-damage|p1a: swimmy swim|123\/471 par|[from] Spikes
|turn|127
|c|★Greyheracross|gg ma nigga
|c|★pokemonisfun|im yellow
|c|★pokemonisfun|gg though
|c|★Greyheracross|so am i
|-message|pokemonisfun forfeited.
|c| Koniichiwa|gg ma chinka
|c| Zamrock|fuck the simpsions
|
|win|Greyheracross
|raw|Ladder updating...
|raw|pokemonisfun's rating: 1613 &rarr; <strong>1586<\/strong><br \/>(-27 for losing)
|raw|Greyheracross's rating: 1492 &rarr; <strong>1519<\/strong><br \/>(+27 for winning)
|leave|gelly
|leave|pokemonisfun
|leave|Bob the Bro
|player|p1
|leave|Koniichiwa
|leave|rupe