|join|greyheracross
|join|whalesgomoo26
|player|p1|greyheracross|163
|player|p2|whalesgomoo26|101
|gametype|singles
|gen|6
|tier|UU
|rated
|rule|Sleep Clause Mod: Limit one foe put to sleep
|rule|Species Clause: Limit one of each Pokémon
|rule|OHKO Clause: OHKO moves are banned
|rule|Moody Clause: Moody is banned
|rule|Evasion Moves Clause: Evasion moves are banned
|rule|Endless Battle Clause: Forcing endless battles is banned
|rule|HP Percentage Mod: HP is shown in percentages
|clearpoke
|poke|p1|Suicune
|poke|p1|Crobat, M
|poke|p1|Alakazam, F
|poke|p1|Kyurem
|poke|p1|Snorlax, M
|poke|p1|Hippowdon, M
|poke|p2|Chandelure, M
|poke|p2|Toxicroak, F
|poke|p2|Cloyster, F
|poke|p2|Vaporeon, F
|poke|p2|Tangrowth, M
|poke|p2|Donphan, F
|rule|Swagger Clause: Swagger is banned
|rule|Baton Pass Clause: Limit one Pokémon knowing Baton Pass
|teampreview
|
|start
|switch|p1a: Crobat|Crobat, M|311\/311
|switch|p2a: Dumbo|Donphan, F|384\/384
|turn|1
|
|move|p2a: Dumbo|Ice Shard|p1a: Crobat
|-supereffective|p1a: Crobat
|-damage|p1a: Crobat|185\/311
|move|p1a: Crobat|U-turn|p2a: Dumbo
|-damage|p2a: Dumbo|331\/384
|
|switch|p1a: Kyurem|Kyurem|391\/391
|-ability|p1a: Kyurem|Pressure
|
|-heal|p2a: Dumbo|355\/384|[from] item: Leftovers
|turn|2
|
|switch|p2a: Tangrowth|Tangrowth, M|404\/404
|move|p1a: Kyurem|Draco Meteor|p2a: Tangrowth
|-damage|p2a: Tangrowth|0 fnt
|-unboost|p1a: Kyurem|spa|2
|faint|p2a: Tangrowth
|
|
|switch|p2a: Da Toad|Toxicroak, F|308\/308
|turn|3
|
|switch|p1a: Hippowdon|Hippowdon, M|419\/419
|move|p2a: Da Toad|Drain Punch|p1a: Hippowdon
|-damage|p1a: Hippowdon|329\/419
|
|-heal|p1a: Hippowdon|355\/419|[from] item: Leftovers
|turn|4
|
|switch|p2a: Dumbo|Donphan, F|355\/384
|switch|p1a: Kyurem|Kyurem|391\/391
|-ability|p1a: Kyurem|Pressure
|
|-heal|p2a: Dumbo|379\/384|[from] item: Leftovers
|turn|5
|
|switch|p2a: Vaporeon|Vaporeon, F|464\/464
|move|p1a: Kyurem|Draco Meteor|p2a: Vaporeon
|-damage|p2a: Vaporeon|197\/464
|-unboost|p1a: Kyurem|spa|2
|
|-heal|p2a: Vaporeon|226\/464|[from] item: Leftovers
|turn|6
|
|switch|p1a: Snorlax|Snorlax, M|497\/497
|move|p2a: Vaporeon|Toxic|p1a: Snorlax
|-status|p1a: Snorlax|tox
|
|-heal|p2a: Vaporeon|255\/464|[from] item: Leftovers
|-damage|p1a: Snorlax|466\/497 tox|[from] psn
|turn|7
|
|move|p2a: Vaporeon|Protect|p2a: Vaporeon
|-singleturn|p2a: Vaporeon|Protect
|move|p1a: Snorlax|Curse|p1a: Snorlax
|-boost|p1a: Snorlax|atk|1
|-boost|p1a: Snorlax|def|1
|-unboost|p1a: Snorlax|spe|1
|
|-heal|p2a: Vaporeon|284\/464|[from] item: Leftovers
|-heal|p1a: Snorlax|497\/497 tox|[from] item: Leftovers
|-damage|p1a: Snorlax|435\/497 tox|[from] psn
|turn|8
|
|switch|p2a: Da Toad|Toxicroak, F|308\/308
|move|p1a: Snorlax|Body Slam|p2a: Da Toad
|-damage|p2a: Da Toad|58\/308
|
|-heal|p1a: Snorlax|466\/497 tox|[from] item: Leftovers
|-damage|p1a: Snorlax|373\/497 tox|[from] psn
|turn|9
|
|switch|p1a: Crobat|Crobat, M|185\/311
|move|p2a: Da Toad|Drain Punch|p1a: Crobat
|-resisted|p1a: Crobat
|-damage|p1a: Crobat|150\/311
|-heal|p2a: Da Toad|76\/308|[from] drain|[of] p1a: Crobat
|
|-heal|p1a: Crobat|169\/311|[from] item: Leftovers
|turn|10
|
|switch|p2a: Dumbo|Donphan, F|379\/384
|move|p1a: Crobat|U-turn|p2a: Dumbo
|-damage|p2a: Dumbo|327\/384
|
|switch|p1a: Kyurem|Kyurem|391\/391
|-ability|p1a: Kyurem|Pressure
|
|-heal|p2a: Dumbo|351\/384|[from] item: Leftovers
|turn|11
|
|switch|p2a: Vaporeon|Vaporeon, F|284\/464
|move|p1a: Kyurem|Draco Meteor|p2a: Vaporeon
|-damage|p2a: Vaporeon|17\/464
|-unboost|p1a: Kyurem|spa|2
|
|-heal|p2a: Vaporeon|46\/464|[from] item: Leftovers
|turn|12
|
|move|p2a: Vaporeon|Protect|p2a: Vaporeon
|-singleturn|p2a: Vaporeon|Protect
|move|p1a: Kyurem|Draco Meteor|p2a: Vaporeon
|-activate|p2a: Vaporeon|Protect
|
|-heal|p2a: Vaporeon|75\/464|[from] item: Leftovers
|turn|13
|
|move|p1a: Kyurem|Draco Meteor|p2a: Vaporeon
|-damage|p2a: Vaporeon|0 fnt
|-unboost|p1a: Kyurem|spa|2
|faint|p2a: Vaporeon
|
|
|switch|p2a: Cloyster|Cloyster, F|242\/242
|turn|14
|
|move|p1a: Kyurem|Draco Meteor|p2a: Cloyster
|-enditem|p2a: Cloyster|Focus Sash
|-damage|p2a: Cloyster|1\/242
|-unboost|p1a: Kyurem|spa|2
|move|p2a: Cloyster|Shell Smash|p2a: Cloyster
|-boost|p2a: Cloyster|atk|2
|-boost|p2a: Cloyster|spa|2
|-boost|p2a: Cloyster|spe|2
|-unboost|p2a: Cloyster|def|1
|-unboost|p2a: Cloyster|spd|1
|
|turn|15
|
|switch|p1a: Suicune|Suicune|401\/401
|-ability|p1a: Suicune|Pressure
|move|p2a: Cloyster|Rock Blast|p1a: Suicune
|-damage|p1a: Suicune|368\/401
|-damage|p1a: Suicune|332\/401
|-damage|p1a: Suicune|295\/401
|-damage|p1a: Suicune|260\/401
|-damage|p1a: Suicune|225\/401
|-hitcount|p1a: Suicune|5
|
|-heal|p1a: Suicune|250\/401|[from] item: Leftovers
|turn|16
|
|move|p2a: Cloyster|Rock Blast|p1a: Suicune
|-damage|p1a: Suicune|215\/401
|-damage|p1a: Suicune|181\/401
|-damage|p1a: Suicune|144\/401
|-damage|p1a: Suicune|111\/401
|-damage|p1a: Suicune|76\/401
|-hitcount|p1a: Suicune|5
|move|p1a: Suicune|Scald|p2a: Cloyster
|-resisted|p2a: Cloyster
|-damage|p2a: Cloyster|0 fnt
|faint|p2a: Cloyster
|
|-heal|p1a: Suicune|101\/401|[from] item: Leftovers
|-message|whalesgomoo26 forfeited.
|
|win|greyheracross
|raw|Ladder updating...
|leave|whalesgomoo26
|player|p2
|raw|greyheracross's rating: 1441 &rarr; <strong>1457<\/strong><br \/>(+16 for winning)
|raw|whalesgomoo26's rating: 1378 &rarr; <strong>1362<\/strong><br \/>(-16 for losing)