|join|GeneralBizzie94
|join|Greyheracross
|player|p1|GeneralBizzie94|151
|player|p2|Greyheracross|170
|gametype|singles
|gen|6
|tier|UU
|rated
|rule|Sleep Clause Mod: Limit one foe put to sleep
|rule|Species Clause: Limit one of each Pokémon
|rule|OHKO Clause: OHKO moves are banned
|rule|Moody Clause: Moody is banned
|rule|Evasion Moves Clause: Evasion moves are banned
|rule|Endless Battle Clause: Forcing endless battles is banned
|rule|HP Percentage Mod: HP is shown in percentages
|clearpoke
|poke|p1|Donphan, M
|poke|p1|Cloyster, M
|poke|p1|Darmanitan, M
|poke|p1|Ampharos, M
|poke|p1|Goodra, M
|poke|p1|Espeon, M, shiny
|poke|p2|Alakazam, F
|poke|p2|Crobat, M
|poke|p2|Swampert, M
|poke|p2|Florges, F
|poke|p2|Hydreigon, M
|poke|p2|Lucario, M
|rule|Swagger Clause: Swagger is banned
|rule|Baton Pass Clause: Limit one Pokémon knowing Baton Pass
|teampreview
|
|start
|switch|p1a: Darmanitan|Darmanitan, M|351\/351
|switch|p2a: Hydreigon|Hydreigon, M|325\/325
|turn|1
|
|move|p2a: Hydreigon|Draco Meteor|p1a: Darmanitan
|-damage|p1a: Darmanitan|8\/351
|-unboost|p2a: Hydreigon|spa|2
|move|p1a: Darmanitan|U-turn|p2a: Hydreigon
|-supereffective|p2a: Hydreigon
|-damage|p2a: Hydreigon|119\/325
|
|switch|p1a: Donphan|Donphan, M|384\/384
|
|turn|2
|
|switch|p2a: Swampert|Swampert, M|404\/404
|move|p1a: Donphan|Stealth Rock|p2a: Swampert
|-sidestart|p2: Greyheracross|move: Stealth Rock
|
|turn|3
|
|switch|p1a: Espeon|Espeon, M, shiny|272\/272
|move|p2a: Swampert|Earthquake|p1a: Espeon
|-damage|p1a: Espeon|86\/272
|
|turn|4
|
|switch|p2a: Florges|Florges, F|360\/360
|-damage|p2a: Florges|315\/360|[from] Stealth Rock
|move|p1a: Espeon|Grass Knot|p2a: Florges
|-damage|p2a: Florges|272\/360
|-damage|p1a: Espeon|59\/272|[from] item: Life Orb
|
|-heal|p2a: Florges|294\/360|[from] item: Leftovers
|turn|5
|
|switch|p1a: Goodra|Goodra, M|384\/384
|move|p2a: Florges|Wish|p2a: Florges
|
|-heal|p2a: Florges|316\/360|[from] item: Leftovers
|turn|6
|
|move|p2a: Florges|Moonblast|p1a: Goodra
|-supereffective|p1a: Goodra
|-damage|p1a: Goodra|298\/384
|move|p1a: Goodra|Dragon Tail|p2a: Florges
|-immune|p2a: Florges|[msg]
|
|-heal|p2a: Florges|360\/360|[from] move: Wish|[wisher] Florges
|turn|7
|
|switch|p1a: Espeon|Espeon, M, shiny|59\/272
|move|p2a: Florges|Moonblast|p1a: Espeon
|-damage|p1a: Espeon|0 fnt
|faint|p1a: Espeon
|
|
|switch|p1a: Darmanitan|Darmanitan, M|8\/351
|turn|8
|
|move|p2a: Florges|Protect|p2a: Florges
|-singleturn|p2a: Florges|Protect
|move|p1a: Darmanitan|Flare Blitz|p2a: Florges
|-activate|p2a: Florges|Protect
|
|turn|9
|
|move|p1a: Darmanitan|Flare Blitz|p2a: Florges
|-damage|p2a: Florges|80\/360
|-damage|p1a: Darmanitan|0 fnt|[from] recoil|[of] p2a: Florges
|faint|p1a: Darmanitan
|move|p2a: Florges|Wish|p2a: Florges
|
|-heal|p2a: Florges|102\/360|[from] item: Leftovers
|
|switch|p1a: Cloyster|Cloyster, M|241\/241
|turn|10
|
|move|p1a: Cloyster|Shell Smash|p1a: Cloyster
|-boost|p1a: Cloyster|atk|2
|-boost|p1a: Cloyster|spa|2
|-boost|p1a: Cloyster|spe|2
|-unboost|p1a: Cloyster|def|1
|-unboost|p1a: Cloyster|spd|1
|move|p2a: Florges|Moonblast|p1a: Cloyster
|-enditem|p1a: Cloyster|Focus Sash
|-damage|p1a: Cloyster|1\/241
|-unboost|p1a: Cloyster|spa|1
|
|-heal|p2a: Florges|282\/360|[from] move: Wish|[wisher] Florges
|-heal|p2a: Florges|304\/360|[from] item: Leftovers
|turn|11
|
|move|p2a: Florges|Protect|p2a: Florges
|-singleturn|p2a: Florges|Protect
|move|p1a: Cloyster|Icicle Spear|p2a: Florges
|-activate|p2a: Florges|Protect
|
|-heal|p2a: Florges|326\/360|[from] item: Leftovers
|turn|12
|
|move|p1a: Cloyster|Icicle Spear|p2a: Florges
|-damage|p2a: Florges|256\/360
|-damage|p2a: Florges|189\/360
|-damage|p2a: Florges|113\/360
|-damage|p2a: Florges|43\/360
|-damage|p2a: Florges|0 fnt
|-hitcount|p2a: Florges|5
|faint|p2a: Florges
|
|
|switch|p2a: Lucario|Lucario, M|281\/281
|-damage|p2a: Lucario|273\/281|[from] Stealth Rock
|turn|13
|
|move|p2a: Lucario|Extreme Speed|p1a: Cloyster
|-damage|p1a: Cloyster|0 fnt
|-damage|p2a: Lucario|245\/281|[from] item: Life Orb
|faint|p1a: Cloyster
|
|
|switch|p1a: Donphan|Donphan, M|384\/384
|turn|14
|
|switch|p2a: Swampert|Swampert, M|404\/404
|-damage|p2a: Swampert|379\/404|[from] Stealth Rock
|move|p1a: Donphan|Earthquake|p2a: Swampert
|-crit|p2a: Swampert
|-damage|p2a: Swampert|222\/404
|
|-heal|p2a: Swampert|247\/404|[from] item: Leftovers
|turn|15
|
|move|p2a: Swampert|Scald|p1a: Donphan
|-supereffective|p1a: Donphan
|-damage|p1a: Donphan|130\/384
|move|p1a: Donphan|Earthquake|p2a: Swampert
|-damage|p2a: Swampert|130\/404
|
|-heal|p2a: Swampert|155\/404|[from] item: Leftovers
|-heal|p1a: Donphan|154\/384|[from] item: Leftovers
|turn|16
|
|switch|p1a: Goodra|Goodra, M|298\/384
|move|p2a: Swampert|Earthquake|p1a: Goodra
|-damage|p1a: Goodra|117\/384
|
|-heal|p2a: Swampert|180\/404|[from] item: Leftovers
|turn|17
|
|move|p1a: Goodra|Power Whip|p2a: Swampert
|-supereffective|p2a: Swampert
|-damage|p2a: Swampert|0 fnt
|faint|p2a: Swampert
|
|
|switch|p2a: Alakazam|Alakazam, F|252\/252
|turn|18
|
|detailschange|p2a: Alakazam|Alakazam-Mega, F
|message|Alakazam has Mega Evolved into Mega Alakazam!
|-ability|p2a: Alakazam|Gooey|[from] ability: Trace|[of] p1a: Goodra
|move|p2a: Alakazam|Psyshock|p1a: Goodra
|-damage|p1a: Goodra|0 fnt
|faint|p1a: Goodra
|
|
|switch|p1a: Ampharos|Ampharos, M|384\/384
|turn|19
|
|detailschange|p1a: Ampharos|Ampharos-Mega, M
|message|Ampharos has Mega Evolved into Mega Ampharos!
|-ability|p1a: Ampharos|Mold Breaker
|move|p2a: Alakazam|Psyshock|p1a: Ampharos
|-damage|p1a: Ampharos|183\/384
|move|p1a: Ampharos|Thunderbolt|p2a: Alakazam
|-crit|p2a: Alakazam
|-damage|p2a: Alakazam|0 fnt
|faint|p2a: Alakazam
|
|
|switch|p2a: Lucario|Lucario, M|245\/281
|-damage|p2a: Lucario|237\/281|[from] Stealth Rock
|turn|20
|
|move|p2a: Lucario|Close Combat|p1a: Ampharos
|-damage|p1a: Ampharos|0 fnt
|-unboost|p2a: Lucario|def|1
|-unboost|p2a: Lucario|spd|1
|-damage|p2a: Lucario|209\/281|[from] item: Life Orb
|faint|p1a: Ampharos
|
|
|switch|p1a: Donphan|Donphan, M|154\/384
|turn|21
|
|move|p2a: Lucario|Close Combat|p1a: Donphan
|-damage|p1a: Donphan|0 fnt
|-unboost|p2a: Lucario|def|1
|-unboost|p2a: Lucario|spd|1
|-damage|p2a: Lucario|181\/281|[from] item: Life Orb
|faint|p1a: Donphan
|
|win|Greyheracross
|raw|Ladder updating...
|raw|GeneralBizzie94's rating: 1515 &rarr; <strong>1494<\/strong><br \/>(-21 for losing)
|raw|Greyheracross's rating: 1508 &rarr; <strong>1528<\/strong><br \/>(+20 for winning)
|leave|GeneralBizzie94
|player|p1