|join|dat new new
|join|greyheracross
|player|p1|dat new new|108
|player|p2|greyheracross|162
|gametype|singles
|gen|6
|tier|UU
|rated
|rule|Sleep Clause Mod: Limit one foe put to sleep
|rule|Species Clause: Limit one of each Pokémon
|rule|OHKO Clause: OHKO moves are banned
|rule|Moody Clause: Moody is banned
|rule|Evasion Moves Clause: Evasion moves are banned
|rule|Endless Battle Clause: Forcing endless battles is banned
|rule|HP Percentage Mod: HP is reported as percentages
|clearpoke
|poke|p1|Aggron, F, shiny
|poke|p1|Mienshao, M
|poke|p1|Tentacruel, F
|poke|p1|Darmanitan, M
|poke|p1|Celebi
|poke|p1|Haxorus, F
|poke|p2|Shuckle, M
|poke|p2|Honchkrow, M
|poke|p2|Chandelure, M
|poke|p2|Haxorus, F
|poke|p2|Suicune
|poke|p2|Lucario, M
|rule|Swagger Clause: Swagger is banned
|rule|Baton Pass Clause: Limit one Pokémon knowing Baton Pass
|teampreview
|join|just2bquiet
|
|start
|switch|p1a: Mienshao|Mienshao, M|271\/271
|switch|p2a: Chandelure|Chandelure, M|261\/261
|turn|1
|
|switch|p2a: Shuckle|Shuckle, M|244\/244
|move|p1a: Mienshao|Knock Off|p2a: Shuckle
|-damage|p2a: Shuckle|192\/244
|-enditem|p2a: Shuckle|Mental Herb|[from] move: Knock Off|[of] p1a: Mienshao
|
|turn|2
|
|switch|p1a: Tentacruel|Tentacruel, F|364\/364
|switch|p2a: Honchkrow|Honchkrow, M|341\/341
|
|turn|3
|
|switch|p1a: Aggron|Aggron, F, shiny|344\/344
|move|p2a: Honchkrow|Superpower|p1a: Aggron
|-supereffective|p1a: Aggron
|-damage|p1a: Aggron|0 fnt
|-unboost|p2a: Honchkrow|atk|1
|-unboost|p2a: Honchkrow|def|1
|-damage|p2a: Honchkrow|307\/341|[from] item: Life Orb
|faint|p1a: Aggron
|-boost|p2a: Honchkrow|atk|1|[from] ability: Moxie
|
|
|switch|p1a: Mienshao|Mienshao, M|271\/271
|turn|4
|
|switch|p2a: Shuckle|Shuckle, M|192\/244
|move|p1a: Mienshao|U-turn|p2a: Shuckle
|-damage|p2a: Shuckle|154\/244
|
|switch|p1a: Tentacruel|Tentacruel, F|364\/364
|
|turn|5
|
|move|p1a: Tentacruel|Scald|p2a: Shuckle
|-supereffective|p2a: Shuckle
|-damage|p2a: Shuckle|86\/244
|move|p2a: Shuckle|Knock Off|p1a: Tentacruel
|-damage|p1a: Tentacruel|339\/364
|-enditem|p1a: Tentacruel|Black Sludge|[from] move: Knock Off|[of] p2a: Shuckle
|
|turn|6
|
|switch|p2a: Haxorus|Haxorus, F|293\/293
|-ability|p2a: Haxorus|Mold Breaker
|move|p1a: Tentacruel|Scald|p2a: Haxorus
|-resisted|p2a: Haxorus
|-damage|p2a: Haxorus|240\/293
|-status|p2a: Haxorus|brn
|-enditem|p2a: Haxorus|Lum Berry|[eat]
|-curestatus|p2a: Haxorus|brn
|
|turn|7
|
|switch|p1a: Celebi|Celebi|396\/396
|move|p2a: Haxorus|Outrage|p1a: Celebi
|-damage|p1a: Celebi|155\/396
|
|-heal|p1a: Celebi|179\/396|[from] item: Leftovers
|turn|8
|
|move|p2a: Haxorus|Outrage|p1a: Celebi
|-damage|p1a: Celebi|0 fnt
|faint|p1a: Celebi
|
|-end|p2a: Haxorus|rampage
|-start|p2a: Haxorus|confusion
|
|switch|p1a: Mienshao|Mienshao, M|271\/271
|turn|9
|
|move|p1a: Mienshao|High Jump Kick|p2a: Haxorus
|-damage|p2a: Haxorus|0 fnt
|faint|p2a: Haxorus
|
|
|switch|p2a: Chandelure|Chandelure, M|261\/261
|turn|10
|
|switch|p1a: Tentacruel|Tentacruel, F|339\/364
|move|p2a: Chandelure|Shadow Ball|p1a: Tentacruel
|-damage|p1a: Tentacruel|190\/364
|-damage|p2a: Chandelure|235\/261|[from] item: Life Orb
|
|turn|11
|
|switch|p2a: Shuckle|Shuckle, M|86\/244
|move|p1a: Tentacruel|Scald|p2a: Shuckle
|-supereffective|p2a: Shuckle
|-damage|p2a: Shuckle|14\/244
|-status|p2a: Shuckle|brn
|
|-damage|p2a: Shuckle|0 fnt|[from] brn
|faint|p2a: Shuckle
|
|switch|p2a: Honchkrow|Honchkrow, M|307\/341
|turn|12
|
|move|p1a: Tentacruel|Protect|p1a: Tentacruel
|-singleturn|p1a: Tentacruel|Protect
|move|p2a: Honchkrow|Brave Bird|p1a: Tentacruel
|-activate|p1a: Tentacruel|Protect
|
|turn|13
|
|move|p2a: Honchkrow|Brave Bird|p1a: Tentacruel
|-damage|p1a: Tentacruel|0 fnt
|-damage|p2a: Honchkrow|244\/341|[from] recoil|[of] p1a: Tentacruel
|-damage|p2a: Honchkrow|210\/341|[from] item: Life Orb
|faint|p1a: Tentacruel
|-boost|p2a: Honchkrow|atk|1|[from] ability: Moxie
|
|
|switch|p1a: Mienshao|Mienshao, M|271\/271
|turn|14
|
|switch|p2a: Suicune|Suicune|401\/401
|-ability|p2a: Suicune|Pressure
|move|p1a: Mienshao|Knock Off|p2a: Suicune
|-damage|p2a: Suicune|332\/401
|-enditem|p2a: Suicune|Leftovers|[from] move: Knock Off|[of] p1a: Mienshao
|
|turn|15
|
|switch|p1a: Haxorus|Haxorus, F|293\/293
|-ability|p1a: Haxorus|Mold Breaker
|move|p2a: Suicune|Scald|p1a: Haxorus
|-resisted|p1a: Haxorus
|-damage|p1a: Haxorus|231\/293
|
|turn|16
|
|move|p1a: Haxorus|Dragon Dance|p1a: Haxorus
|-boost|p1a: Haxorus|atk|1
|-boost|p1a: Haxorus|spe|1
|move|p2a: Suicune|Scald|p1a: Haxorus
|-resisted|p1a: Haxorus
|-damage|p1a: Haxorus|177\/293
|-status|p1a: Haxorus|brn
|-enditem|p1a: Haxorus|Lum Berry|[eat]
|-curestatus|p1a: Haxorus|brn
|
|turn|17
|
|move|p1a: Haxorus|Dragon Claw|p2a: Suicune
|-damage|p2a: Suicune|172\/401
|move|p2a: Suicune|Scald|p1a: Haxorus
|-resisted|p1a: Haxorus
|-damage|p1a: Haxorus|123\/293
|
|turn|18
|
|move|p1a: Haxorus|Outrage|p2a: Suicune
|-damage|p2a: Suicune|0 fnt
|faint|p2a: Suicune
|
|
|switch|p2a: Honchkrow|Honchkrow, M|210\/341
|turn|19
|
|move|p2a: Honchkrow|Sucker Punch|p1a: Haxorus
|-damage|p1a: Haxorus|0 fnt
|-damage|p2a: Honchkrow|176\/341|[from] item: Life Orb
|faint|p1a: Haxorus
|-boost|p2a: Honchkrow|atk|1|[from] ability: Moxie
|
|
|switch|p1a: Mienshao|Mienshao, M|271\/271
|turn|20
|
|switch|p2a: Chandelure|Chandelure, M|235\/261
|move|p1a: Mienshao|U-turn|p2a: Chandelure
|-resisted|p2a: Chandelure
|-damage|p2a: Chandelure|212\/261
|
|switch|p1a: Nuke|Darmanitan, M|352\/352
|
|turn|21
|chat|dat new new|christ man
|chat|dat new new|are you reading 100 pages of a book in between each turn
|
|switch|p2a: Lucario|Lucario, M|281\/281
|move|p1a: Nuke|Stone Edge|p2a: Lucario
|-crit|p2a: Lucario
|-resisted|p2a: Lucario
|-damage|p2a: Lucario|183\/281
|
|turn|22
|
|switch|p1a: Mienshao|Mienshao, M|271\/271
|move|p2a: Lucario|Close Combat|p1a: Mienshao
|-damage|p1a: Mienshao|0 fnt
|-unboost|p2a: Lucario|def|1
|-unboost|p2a: Lucario|spd|1
|-damage|p2a: Lucario|155\/281|[from] item: Life Orb
|faint|p1a: Mienshao
|
|
|switch|p1a: Nuke|Darmanitan, M|352\/352
|turn|23
|chat|dat new new|gg
|chat|just2bquiet|we were thinking
|chat|just2bquiet|lol
|chat|greyheracross|gg
|
|move|p2a: Lucario|Extreme Speed|p1a: Nuke
|-damage|p1a: Nuke|152\/352
|-damage|p2a: Lucario|127\/281|[from] item: Life Orb
|move|p1a: Nuke|Stone Edge|p2a: Lucario
|-resisted|p2a: Lucario
|-damage|p2a: Lucario|27\/281
|
|turn|24
|
|move|p2a: Lucario|Extreme Speed|p1a: Nuke
|-damage|p1a: Nuke|0 fnt
|-damage|p2a: Lucario|0 fnt|[from] item: Life Orb
|faint|p1a: Nuke
|faint|p2a: Lucario
|
|win|greyheracross
|raw|Ladder updating...
|raw|dat new new's rating: 1408 &rarr; <strong>1394<\/strong><br \/>(-14 for losing)
|raw|greyheracross's rating: 1518 &rarr; <strong>1532<\/strong><br \/>(+14 for winning)
|chat|dat new new|im just trying to get back to 1500
|chat|dat new new|i went on some serious tilt
|chat|just2bquiet|good luck on ur climb
|chat|dat new new|gg
|leave|dat new new
|player|p1
|chat|greyheracross|gg
|leave|just2bquiet