|join|Roccio
|join|Kabuchops
|player|p1|Roccio|42
|player|p2|Kabuchops|122
|gametype|singles
|gen|6
|tier|OU
|rated
|clearpoke
|poke|p1|Scizor, M
|poke|p1|Tyranitar, F
|poke|p1|Excadrill, M
|poke|p1|Empoleon, M
|poke|p1|Lucario, M
|poke|p1|Noivern, M
|poke|p2|Gardevoir, F
|poke|p2|Tornadus-Therian, M
|poke|p2|Keldeo-Resolute
|poke|p2|Amoonguss, M
|poke|p2|Excadrill, M
|poke|p2|Tyranitar, F
|rule|Swagger Clause: Swagger is banned
|rule|Baton Pass Clause: Limit one Pokémon knowing Baton Pass
|rule|Sleep Clause Mod: Limit one foe put to sleep
|rule|Species Clause: Limit one of each Pokémon
|rule|OHKO Clause: OHKO moves are banned
|rule|Moody Clause: Moody is banned
|rule|Evasion Moves Clause: Evasion moves are banned
|rule|Endless Battle Clause: Forcing endless battles is banned
|rule|HP Percentage Mod: HP is shown in percentages
|teampreview
|c|★Kabuchops|gl hf
|
|start
|switch|p1a: Empoleon|Empoleon, M|310\/310
|switch|p2a: Keldeo-Resolute|Keldeo-Resolute|322\/322
|turn|1
|c|★Roccio|gl
|
|move|p2a: Keldeo-Resolute|Secret Sword|p1a: Empoleon
|-supereffective|p1a: Empoleon
|-enditem|p1a: Empoleon|Focus Sash
|-damage|p1a: Empoleon|1\/310
|move|p1a: Empoleon|Agility|p1a: Empoleon
|-boost|p1a: Empoleon|spe|2
|
|turn|2
|
|move|p1a: Empoleon|Scald|p2a: Keldeo-Resolute
|-resisted|p2a: Keldeo-Resolute
|-damage|p2a: Keldeo-Resolute|213\/322
|move|p2a: Keldeo-Resolute|Secret Sword|p1a: Empoleon
|-crit|p1a: Empoleon
|-supereffective|p1a: Empoleon
|-damage|p1a: Empoleon|0 fnt
|faint|p1a: Empoleon
|
|
|switch|p1a: Noivern|Noivern, M|311\/311
|turn|3
|
|switch|p2a: Tyranitar|Tyranitar, F|403\/403
|-weather|Sandstorm
|move|p1a: Noivern|Boomburst|p2a: Tyranitar
|-resisted|p2a: Tyranitar
|-damage|p2a: Tyranitar|338\/403
|
|-weather|Sandstorm|[upkeep]
|-damage|p1a: Noivern|292\/311|[from] sandstorm
|turn|4
|
|move|p2a: Tyranitar|Pursuit|p1a: Noivern|[from]Pursuit
|-damage|p1a: Noivern|114\/311
|switch|p1a: Excadrill|Excadrill, M|362\/362
|-ability|p1a: Excadrill|Mold Breaker
|
|-weather|Sandstorm|[upkeep]
|turn|5
|
|switch|p2a: Excadrill|Excadrill, M|361\/361
|-item|p2a: Excadrill|Air Balloon
|move|p1a: Excadrill|Iron Head|p2a: Excadrill
|-resisted|p2a: Excadrill
|-damage|p2a: Excadrill|245\/361
|-enditem|p2a: Excadrill|Air Balloon
|
|-weather|Sandstorm|[upkeep]
|turn|6
|
|switch|p1a: Noivern|Noivern, M|114\/311
|move|p2a: Excadrill|Earthquake|p1a: Noivern
|-immune|p1a: Noivern|[msg]
|
|-weather|Sandstorm|[upkeep]
|-damage|p1a: Noivern|95\/311|[from] sandstorm
|turn|7
|
|move|p2a: Excadrill|Iron Head|p1a: Noivern
|-damage|p1a: Noivern|0 fnt
|faint|p1a: Noivern
|
|-weather|Sandstorm|[upkeep]
|
|switch|p1a: Lucario|Lucario, M|291\/291
|turn|8
|
|move|p1a: Lucario|Vacuum Wave|p2a: Excadrill
|-supereffective|p2a: Excadrill
|-damage|p2a: Excadrill|77\/361
|move|p2a: Excadrill|Earthquake|p1a: Lucario
|-supereffective|p1a: Lucario
|-damage|p1a: Lucario|0 fnt
|faint|p1a: Lucario
|
|-weather|Sandstorm|[upkeep]
|
|switch|p1a: Scizor|Scizor, M|340\/340
|turn|9
|
|move|p1a: Scizor|Bullet Punch|p2a: Excadrill
|-resisted|p2a: Excadrill
|-damage|p2a: Excadrill|0 fnt
|-damage|p1a: Scizor|306\/340|[from] item: Life Orb
|faint|p2a: Excadrill
|
|-weather|Sandstorm|[upkeep]
|
|switch|p2a: Tornadus-Therian|Tornadus-Therian, M|332\/332
|turn|10
|
|move|p1a: Scizor|Bullet Punch|p2a: Tornadus-Therian
|-damage|p2a: Tornadus-Therian|144\/332
|-damage|p1a: Scizor|272\/340|[from] item: Life Orb
|move|p2a: Tornadus-Therian|Heat Wave|p1a: Scizor
|-supereffective|p1a: Scizor
|-damage|p1a: Scizor|0 fnt
|faint|p1a: Scizor
|
|-weather|none
|
|switch|p1a: Tyranitar|Tyranitar, F|342\/342
|-weather|Sandstorm
|turn|11
|
|move|p2a: Tornadus-Therian|U-turn|p1a: Tyranitar
|-supereffective|p1a: Tyranitar
|-damage|p1a: Tyranitar|244\/342
|
|switch|p2a: Amoonguss|Amoonguss, M|432\/432
|move|p1a: Tyranitar|Dragon Dance|p1a: Tyranitar
|-boost|p1a: Tyranitar|atk|1
|-boost|p1a: Tyranitar|spe|1
|
|-weather|Sandstorm|[upkeep]
|-damage|p2a: Amoonguss|405\/432|[from] sandstorm
|-heal|p2a: Amoonguss|432\/432|[from] item: Black Sludge
|turn|12
|
|detailschange|p1a: Tyranitar|Tyranitar-Mega, F
|message|Tyranitar has Mega Evolved into Mega Tyranitar!
|move|p1a: Tyranitar|Aerial Ace|p2a: Amoonguss
|-supereffective|p2a: Amoonguss
|-damage|p2a: Amoonguss|188\/432
|move|p2a: Amoonguss|Clear Smog|p1a: Tyranitar
|-resisted|p1a: Tyranitar
|-damage|p1a: Tyranitar|229\/342
|-clearboost|p1a: Tyranitar
|
|-weather|Sandstorm|[upkeep]
|-damage|p2a: Amoonguss|161\/432|[from] sandstorm
|-heal|p2a: Amoonguss|188\/432|[from] item: Black Sludge
|turn|13
|
|move|p1a: Tyranitar|Crunch|p2a: Amoonguss
|-crit|p2a: Amoonguss
|-damage|p2a: Amoonguss|0 fnt
|faint|p2a: Amoonguss
|
|-weather|Sandstorm|[upkeep]
|
|switch|p2a: Gardevoir|Gardevoir, F|277\/277
|-ability|p2a: Gardevoir|Sand Stream|[from] ability: Trace|[of] p1a: Tyranitar
|turn|14
|
|detailschange|p2a: Gardevoir|Gardevoir-Mega, F
|message|Gardevoir has Mega Evolved into Mega Gardevoir!
|move|p1a: Tyranitar|Stone Edge|p2a: Gardevoir
|-damage|p2a: Gardevoir|0 fnt
|faint|p2a: Gardevoir
|
|-weather|Sandstorm|[upkeep]
|c|★Kabuchops|o.
|
|switch|p2a: Keldeo-Resolute|Keldeo-Resolute|213\/322
|turn|15
|
|move|p2a: Keldeo-Resolute|Secret Sword|p1a: Tyranitar
|-supereffective|p1a: Tyranitar
|-damage|p1a: Tyranitar|0 fnt
|faint|p1a: Tyranitar
|
|-weather|none
|
|switch|p1a: Excadrill|Excadrill, M|362\/362
|-ability|p1a: Excadrill|Mold Breaker
|turn|16
|
|switch|p2a: Tyranitar|Tyranitar, F|338\/403
|-weather|Sandstorm
|move|p1a: Excadrill|Iron Head|p2a: Tyranitar
|-supereffective|p2a: Tyranitar
|-damage|p2a: Tyranitar|48\/403
|
|-weather|Sandstorm|[upkeep]
|turn|17
|
|move|p1a: Excadrill|Iron Head|p2a: Tyranitar
|-supereffective|p2a: Tyranitar
|-damage|p2a: Tyranitar|0 fnt
|faint|p2a: Tyranitar
|
|-weather|Sandstorm|[upkeep]
|
|switch|p2a: Tornadus-Therian|Tornadus-Therian, M|254\/332
|turn|18
|
|move|p1a: Excadrill|Iron Head|p2a: Tornadus-Therian
|-damage|p2a: Tornadus-Therian|65\/332
|move|p2a: Tornadus-Therian|Heat Wave|p1a: Excadrill
|-supereffective|p1a: Excadrill
|-damage|p1a: Excadrill|106\/362
|
|-weather|Sandstorm|[upkeep]
|-damage|p2a: Tornadus-Therian|45\/332|[from] sandstorm
|turn|19
|
|move|p1a: Excadrill|Iron Head|p2a: Tornadus-Therian
|-crit|p2a: Tornadus-Therian
|-damage|p2a: Tornadus-Therian|0 fnt
|faint|p2a: Tornadus-Therian
|
|-weather|Sandstorm|[upkeep]
|
|switch|p2a: Keldeo-Resolute|Keldeo-Resolute|213\/322
|turn|20
|c|★Kabuchops|gg
|c|★Roccio|gg
|
|move|p1a: Excadrill|Iron Head|p2a: Keldeo-Resolute
|-resisted|p2a: Keldeo-Resolute
|-damage|p2a: Keldeo-Resolute|140\/322
|cant|p2a: Keldeo-Resolute|flinch
|
|-weather|Sandstorm|[upkeep]
|-damage|p2a: Keldeo-Resolute|120\/322|[from] sandstorm
|turn|21
|
|move|p1a: Excadrill|Iron Head|p2a: Keldeo-Resolute
|-resisted|p2a: Keldeo-Resolute
|-damage|p2a: Keldeo-Resolute|45\/322
|cant|p2a: Keldeo-Resolute|flinch
|
|-weather|Sandstorm|[upkeep]
|-damage|p2a: Keldeo-Resolute|25\/322|[from] sandstorm
|turn|22
|c|★Roccio|hax!!
|
|move|p1a: Excadrill|Iron Head|p2a: Keldeo-Resolute
|-resisted|p2a: Keldeo-Resolute
|-damage|p2a: Keldeo-Resolute|0 fnt
|faint|p2a: Keldeo-Resolute
|
|win|Roccio
|raw|Ladder updating...
|raw|Roccio's rating: 1574 &rarr; <strong>1592<\/strong><br \/>(+18 for winning)
|raw|Kabuchops's rating: 1521 &rarr; <strong>1504<\/strong><br \/>(-17 for losing)