|join|smogmog
|join|Christcrusher
|player|p1|smogmog|23
|player|p2|Christcrusher|294
|gametype|singles
|gen|6
|tier|OU
|rated
|clearpoke
|poke|p1|Metagross
|poke|p1|Landorus-Therian, M
|poke|p1|Keldeo-Resolute
|poke|p1|Pinsir, F
|poke|p1|Rotom-Wash
|poke|p1|Clefable, F
|poke|p2|Ferrothorn, M
|poke|p2|Sigilyph, M, shiny
|poke|p2|Jolteon, M
|poke|p2|Gengar, M, shiny
|poke|p2|Feraligatr, M, shiny
|poke|p2|Haxorus, M, shiny
|rule|Swagger Clause: Swagger is banned
|rule|Baton Pass Clause: Limit one Pokémon knowing Baton Pass
|rule|Sleep Clause Mod: Limit one foe put to sleep
|rule|Species Clause: Limit one of each Pokémon
|rule|OHKO Clause: OHKO moves are banned
|rule|Moody Clause: Moody is banned
|rule|Evasion Moves Clause: Evasion moves are banned
|rule|Endless Battle Clause: Forcing endless battles is banned
|rule|HP Percentage Mod: HP is shown in percentages
|teampreview
|c|★smogmog|have fun
|
|start
|switch|p1a: Pinsir|Pinsir, F|271\/271
|switch|p2a: LAST CROSS|Sigilyph, M, shiny|285\/285
|turn|1
|
|detailschange|p1a: Pinsir|Pinsir-Mega, F
|message|Pinsir has Mega Evolved into Mega Pinsir!
|move|p2a: LAST CROSS|Heat Wave|p1a: Pinsir
|-supereffective|p1a: Pinsir
|-damage|p1a: Pinsir|75\/271
|move|p1a: Pinsir|Return|p2a: LAST CROSS
|-crit|p2a: LAST CROSS
|-enditem|p2a: LAST CROSS|Focus Sash
|-damage|p2a: LAST CROSS|1\/285
|
|turn|2
|
|switch|p2a: Gekkouka|Ferrothorn, M|352\/352
|move|p1a: Pinsir|Return|p2a: Gekkouka
|-damage|p2a: Gekkouka|201\/352
|-damage|p1a: Pinsir|42\/271|[from] ability: Iron Barbs|[of] p2a: Gekkouka
|-damage|p1a: Pinsir|0 fnt|[from] item: Rocky Helmet|[of] p2a: Gekkouka
|faint|p1a: Pinsir
|
|
|switch|p1a: Keldeo-Resolute|Keldeo-Resolute|339\/339
|turn|3
|
|switch|p2a: Punky ♥ Heart|Jolteon, M|272\/272
|move|p1a: Keldeo-Resolute|Hydro Pump|p2a: Punky ♥ Heart
|-damage|p2a: Punky ♥ Heart|32\/272
|
|turn|4
|
|switch|p1a: Clefable|Clefable, F|391\/391
|switch|p2a: Blurry Eyes|Feraligatr, M, shiny|312\/312
|
|turn|5
|
|switch|p2a: Sadisgate|Gengar, M, shiny|262\/262
|switch|p1a: Rotom-Wash|Rotom-Wash|304\/304
|
|turn|6
|
|switch|p2a: Punky ♥ Heart|Jolteon, M|32\/272
|move|p1a: Rotom-Wash|Volt Switch|p2a: Punky ♥ Heart
|-heal|p2a: Punky ♥ Heart|100\/272|[from] ability: Volt Absorb|[of] p1a: Rotom-Wash
|
|turn|7
|
|move|p2a: Punky ♥ Heart|Thunderbolt|p1a: Rotom-Wash
|-damage|p1a: Rotom-Wash|136\/304
|move|p1a: Rotom-Wash|Will-O-Wisp|p2a: Punky ♥ Heart
|-status|p2a: Punky ♥ Heart|brn
|
|-heal|p1a: Rotom-Wash|155\/304|[from] item: Leftovers
|-damage|p2a: Punky ♥ Heart|66\/272 brn|[from] brn
|turn|8
|
|switch|p2a: LAST CROSS|Sigilyph, M, shiny|1\/285
|switch|p1a: Clefable|Clefable, F|391\/391
|
|turn|9
|
|switch|p2a: Sadisgate|Gengar, M, shiny|262\/262
|move|p1a: Clefable|Moonblast|p2a: Sadisgate
|-resisted|p2a: Sadisgate
|-damage|p2a: Sadisgate|196\/262
|-unboost|p2a: Sadisgate|spa|1
|
|turn|10
|
|move|p2a: Sadisgate|Sludge Bomb|p1a: Clefable
|-supereffective|p1a: Clefable
|-damage|p1a: Clefable|108\/391
|move|p1a: Clefable|Wish|p1a: Clefable
|
|-heal|p1a: Clefable|132\/391|[from] item: Leftovers
|turn|11
|
|move|p1a: Clefable|Protect|p1a: Clefable
|-singleturn|p1a: Clefable|Protect
|move|p2a: Sadisgate|Shadow Ball|p1a: Clefable
|-activate|p1a: Clefable|Protect
|
|-heal|p1a: Clefable|327\/391|[from] move: Wish|[wisher] Clefable
|-heal|p1a: Clefable|351\/391|[from] item: Leftovers
|turn|12
|
|switch|p1a: Landorus-Therian|Landorus-Therian, M|375\/375
|-ability|p1a: Landorus-Therian|Intimidate|[of] p2a: Sadisgate
|-unboost|p2a: Sadisgate|atk|1
|move|p2a: Sadisgate|Shadow Ball|p1a: Landorus-Therian
|-damage|p1a: Landorus-Therian|252\/375
|
|-heal|p1a: Landorus-Therian|275\/375|[from] item: Leftovers
|turn|13
|
|switch|p2a: Gekkouka|Ferrothorn, M|201\/352
|move|p1a: Landorus-Therian|Stealth Rock|p2a: Gekkouka
|-sidestart|p2: Christcrusher|move: Stealth Rock
|
|-heal|p1a: Landorus-Therian|298\/375|[from] item: Leftovers
|turn|14
|
|move|p1a: Landorus-Therian|Earthquake|p2a: Gekkouka
|-damage|p2a: Gekkouka|75\/352
|move|p2a: Gekkouka|Leech Seed|p1a: Landorus-Therian
|-start|p1a: Landorus-Therian|move: Leech Seed
|
|-heal|p1a: Landorus-Therian|321\/375|[from] item: Leftovers
|-damage|p1a: Landorus-Therian|275\/375|[from] Leech Seed|[of] p2a: Gekkouka
|-heal|p2a: Gekkouka|121\/352|[silent]
|turn|15
|
|switch|p1a: Keldeo-Resolute|Keldeo-Resolute|339\/339
|move|p2a: Gekkouka|Power Whip|p1a: Keldeo-Resolute
|-supereffective|p1a: Keldeo-Resolute
|-damage|p1a: Keldeo-Resolute|45\/339
|
|turn|16
|
|switch|p2a: Sadisgate|Gengar, M, shiny|196\/262
|-damage|p2a: Sadisgate|164\/262|[from] Stealth Rock
|move|p1a: Keldeo-Resolute|Secret Sword|p2a: Sadisgate
|-immune|p2a: Sadisgate|[msg]
|
|turn|17
|
|switch|p1a: Landorus-Therian|Landorus-Therian, M|275\/375
|-ability|p1a: Landorus-Therian|Intimidate|[of] p2a: Sadisgate
|-unboost|p2a: Sadisgate|atk|1
|move|p2a: Sadisgate|Shadow Ball|p1a: Landorus-Therian
|-damage|p1a: Landorus-Therian|110\/375
|
|-heal|p1a: Landorus-Therian|133\/375|[from] item: Leftovers
|turn|18
|
|switch|p1a: Clefable|Clefable, F|351\/391
|move|p2a: Sadisgate|Shadow Ball|p1a: Clefable
|-damage|p1a: Clefable|239\/391
|
|-heal|p1a: Clefable|263\/391|[from] item: Leftovers
|turn|19
|
|move|p1a: Clefable|Protect|p1a: Clefable
|-singleturn|p1a: Clefable|Protect
|move|p2a: Sadisgate|Sludge Bomb|p1a: Clefable
|-activate|p1a: Clefable|Protect
|
|-heal|p1a: Clefable|287\/391|[from] item: Leftovers
|turn|20
|
|move|p2a: Sadisgate|Sludge Bomb|p1a: Clefable
|-supereffective|p1a: Clefable
|-damage|p1a: Clefable|0 fnt
|faint|p1a: Clefable
|
|
|switch|p1a: Metagross|Metagross|330\/330
|turn|21
|
|move|p2a: Sadisgate|Shadow Ball|p1a: Metagross
|-supereffective|p1a: Metagross
|-damage|p1a: Metagross|0 fnt
|faint|p1a: Metagross
|
|c|★smogmog|gg
|c|★Christcrusher|gg
|-message|smogmog forfeited.
|
|win|Christcrusher
|raw|Ladder updating...
|leave|smogmog
|player|p1
|raw|smogmog's rating: 1513 &rarr; <strong>1492<\/strong><br \/>(-21 for losing)
|raw|Christcrusher's rating: 1499 &rarr; <strong>1520<\/strong><br \/>(+21 for winning)