|join|R3P5
|join|SupMayne
|player|p1|R3P5|165
|player|p2|SupMayne|170
|gametype|singles
|gen|6
|tier|OU
|rated
|clearpoke
|poke|p1|Breloom, M
|poke|p1|Azumarill, F
|poke|p1|Bisharp, F
|poke|p1|Gallade, M
|poke|p1|Mew
|poke|p1|Rotom-Wash
|poke|p2|Venusaur, F
|poke|p2|Chansey, F
|poke|p2|Skarmory, F
|poke|p2|Heatran, F
|poke|p2|Azumarill, M
|poke|p2|Garchomp, M
|rule|Swagger Clause: Swagger is banned
|rule|Baton Pass Clause: Limit one Pokémon knowing Baton Pass
|rule|Sleep Clause Mod: Limit one foe put to sleep
|rule|Species Clause: Limit one of each Pokémon
|rule|OHKO Clause: OHKO moves are banned
|rule|Moody Clause: Moody is banned
|rule|Evasion Moves Clause: Evasion moves are banned
|rule|Endless Battle Clause: Forcing endless battles is banned
|rule|HP Percentage Mod: HP is shown in percentages
|teampreview
|
|start
|switch|p1a: Breloom|Breloom, M|261\/261
|switch|p2a: Venusaur|Venusaur, F|361\/361
|turn|1
|
|switch|p1a: Bisharp|Bisharp, F|297\/297
|detailschange|p2a: Venusaur|Venusaur-Mega, F
|-mega|p2a: Venusaur|Venusaur|Venusaurite
|move|p2a: Venusaur|Sludge Bomb|p1a: Bisharp
|-immune|p1a: Bisharp|[msg]
|
|turn|2
|
|move|p1a: Bisharp|Pursuit|p2a: Venusaur
|-damage|p2a: Venusaur|301\/361
|move|p2a: Venusaur|Leech Seed|p1a: Bisharp
|-start|p1a: Bisharp|move: Leech Seed
|
|-damage|p1a: Bisharp|260\/297|[from] Leech Seed|[of] p2a: Venusaur
|-heal|p2a: Venusaur|338\/361|[silent]
|turn|3
|
|switch|p1a: Gallade|Gallade, M|278\/278
|move|p2a: Venusaur|Giga Drain|p1a: Gallade
|-damage|p1a: Gallade|179\/278
|-heal|p2a: Venusaur|361\/361|[from] drain|[of] p1a: Gallade
|
|turn|4
|
|switch|p2a: Skarmory|Skarmory, F|333\/333
|detailschange|p1a: Gallade|Gallade-Mega, M
|-mega|p1a: Gallade|Gallade|Galladite
|move|p1a: Gallade|Psycho Cut|p2a: Skarmory
|-resisted|p2a: Skarmory
|-damage|p2a: Skarmory|286\/333
|
|turn|5
|
|switch|p1a: Rotom-Wash|Rotom-Wash|304\/304
|move|p2a: Skarmory|Stealth Rock|p1a: Rotom-Wash
|-sidestart|p1: R3P5|move: Stealth Rock
|
|turn|6
|
|switch|p2a: Venusaur|Venusaur-Mega, F|361\/361
|move|p1a: Rotom-Wash|Will-O-Wisp|p2a: Venusaur
|-status|p2a: Venusaur|brn
|
|-damage|p2a: Venusaur|316\/361 brn|[from] brn
|turn|7
|
|switch|p1a: Mew|Mew|404\/404
|-damage|p1a: Mew|354\/404|[from] Stealth Rock
|move|p2a: Venusaur|Giga Drain|p1a: Mew
|-damage|p1a: Mew|282\/404
|-heal|p2a: Venusaur|352\/361 brn|[from] drain|[of] p1a: Mew
|
|-heal|p1a: Mew|307\/404|[from] item: Leftovers
|-damage|p2a: Venusaur|307\/361 brn|[from] brn
|turn|8
|
|move|p1a: Mew|Defog|p2a: Venusaur
|-unboost|p2a: Venusaur|evasion|1
|-sideend|p1: R3P5|Stealth Rock|[from] move: Defog|[of] p1a: Mew
|move|p2a: Venusaur|Sludge Bomb|p1a: Mew
|-damage|p1a: Mew|220\/404
|
|-heal|p1a: Mew|245\/404|[from] item: Leftovers
|-damage|p2a: Venusaur|262\/361 brn|[from] brn
|turn|9
|
|move|p1a: Mew|Psyshock|p2a: Venusaur
|-supereffective|p2a: Venusaur
|-damage|p2a: Venusaur|152\/361 brn
|move|p2a: Venusaur|Leech Seed|p1a: Mew|[miss]
|-miss|p2a: Venusaur|p1a: Mew
|
|-heal|p1a: Mew|270\/404|[from] item: Leftovers
|-damage|p2a: Venusaur|107\/361 brn|[from] brn
|turn|10
|
|move|p1a: Mew|Psyshock|p2a: Venusaur
|-supereffective|p2a: Venusaur
|-damage|p2a: Venusaur|0 fnt
|faint|p2a: Venusaur
|
|-heal|p1a: Mew|295\/404|[from] item: Leftovers
|
|switch|p2a: Skarmory|Skarmory, F|286\/333
|turn|11
|
|move|p1a: Mew|Will-O-Wisp|p2a: Skarmory
|-status|p2a: Skarmory|brn
|move|p2a: Skarmory|Stealth Rock|p1a: Mew
|-sidestart|p1: R3P5|move: Stealth Rock
|
|-heal|p1a: Mew|320\/404|[from] item: Leftovers
|-damage|p2a: Skarmory|245\/333 brn|[from] brn
|turn|12
|
|move|p1a: Mew|Defog|p2a: Skarmory
|-unboost|p2a: Skarmory|evasion|1
|-sideend|p1: R3P5|Stealth Rock|[from] move: Defog|[of] p1a: Mew
|move|p2a: Skarmory|Stealth Rock|p1a: Mew
|-sidestart|p1: R3P5|move: Stealth Rock
|
|-heal|p1a: Mew|345\/404|[from] item: Leftovers
|-damage|p2a: Skarmory|204\/333 brn|[from] brn
|turn|13
|
|switch|p2a: Heatran|Heatran, F|323\/323
|move|p1a: Mew|Defog|p2a: Heatran
|-unboost|p2a: Heatran|evasion|1
|-sideend|p1: R3P5|Stealth Rock|[from] move: Defog|[of] p1a: Mew
|
|-heal|p1a: Mew|370\/404|[from] item: Leftovers
|turn|14
|
|move|p2a: Heatran|Dark Pulse|p1a: Mew
|-supereffective|p1a: Mew
|-damage|p1a: Mew|242\/404
|cant|p1a: Mew|flinch
|
|-heal|p1a: Mew|267\/404|[from] item: Leftovers
|turn|15
|
|switch|p1a: Azumarill|Azumarill, F|382\/382
|move|p2a: Heatran|Dark Pulse|p1a: Azumarill
|-resisted|p1a: Azumarill
|-damage|p1a: Azumarill|329\/382
|
|turn|16
|
|switch|p2a: Skarmory|Skarmory, F|204\/333 brn
|switch|p1a: Rotom-Wash|Rotom-Wash|304\/304
|
|-damage|p2a: Skarmory|163\/333 brn|[from] brn
|turn|17
|-message|SupMayne forfeited.
|
|win|R3P5
|raw|Ladder updating...
|leave|SupMayne
|player|p2
|raw|R3P5's rating: 1306 &rarr; <strong>1326<\/strong><br \/>(+20 for winning)
|raw|SupMayne's rating: 1301 &rarr; <strong>1281<\/strong><br \/>(-20 for losing)