|join|soTsoT
|join|Reverb
|player|p1|soTsoT|267
|player|p2|Reverb|#reverb
|gametype|singles
|gen|6
|tier|OU
|rated
|clearpoke
|poke|p1|Altaria, M
|poke|p1|Conkeldurr, F
|poke|p1|Bisharp, M
|poke|p1|Gengar, F
|poke|p1|Skarmory, M
|poke|p1|Gyarados, M
|poke|p2|Celebi
|poke|p2|Heatran, F
|poke|p2|Gardevoir, M
|poke|p2|Keldeo
|poke|p2|Landorus-Therian, M
|poke|p2|Raikou
|rule|Swagger Clause: Swagger is banned
|rule|Baton Pass Clause: Limit one Pokémon knowing Baton Pass
|rule|Sleep Clause Mod: Limit one foe put to sleep
|rule|Species Clause: Limit one of each Pokémon
|rule|OHKO Clause: OHKO moves are banned
|rule|Moody Clause: Moody is banned
|rule|Evasion Moves Clause: Evasion moves are banned
|rule|Endless Battle Clause: Forcing endless battles is banned
|rule|HP Percentage Mod: HP is shown in percentages
|teampreview
|join|Escavalier
|join|gizmo
|
|start
|switch|p1a: Skarmory|Skarmory, M|272\/272
|switch|p2a: Raikou|Raikou|321\/321
|-ability|p2a: Raikou|Pressure
|turn|1
|
|move|p2a: Raikou|Volt Switch|p1a: Skarmory
|-supereffective|p1a: Skarmory
|-activate|p1a: Skarmory|Sturdy
|-damage|p1a: Skarmory|1\/272
|
|switch|p2a: Landorus-Therian|Landorus-Therian, M|382\/382
|-enditem|p1a: Skarmory|Salac Berry|[eat]
|-boost|p1a: Skarmory|spe|1|[from] item: Salac Berry
|-ability|p2a: Landorus-Therian|Intimidate|[of] p1a: Skarmory
|-unboost|p1a: Skarmory|atk|1
|move|p1a: Skarmory|Stealth Rock|p2a: Landorus-Therian
|-sidestart|p2: Reverb|move: Stealth Rock
|
|turn|2
|
|move|p1a: Skarmory|Spikes|p2a: Landorus-Therian
|-sidestart|p2: Reverb|Spikes
|move|p2a: Landorus-Therian|Stealth Rock|p1a: Skarmory
|-sidestart|p1: soTsoT|move: Stealth Rock
|
|turn|3
|join|Qubae
|
|move|p1a: Skarmory|Spikes|p2a: Landorus-Therian
|-sidestart|p2: Reverb|Spikes
|move|p2a: Landorus-Therian|U-turn|p1a: Skarmory
|-resisted|p1a: Skarmory
|-damage|p1a: Skarmory|0 fnt
|faint|p1a: Skarmory
|
|switch|p2a: Heatran|Heatran, F|323\/323
|-damage|p2a: Heatran|283\/323|[from] Stealth Rock
|-damage|p2a: Heatran|230\/323|[from] Spikes
|
|
|switch|p1a: Conkeldurr|Conkeldurr, F|413\/413
|-damage|p1a: Conkeldurr|388\/413|[from] Stealth Rock
|turn|4
|
|switch|p2a: Landorus-Therian|Landorus-Therian, M|382\/382
|-damage|p2a: Landorus-Therian|335\/382|[from] Stealth Rock
|-ability|p2a: Landorus-Therian|Intimidate|[of] p1a: Conkeldurr
|-unboost|p1a: Conkeldurr|atk|1
|move|p1a: Conkeldurr|Knock Off|p2a: Landorus-Therian
|-damage|p2a: Landorus-Therian|253\/382
|-enditem|p2a: Landorus-Therian|Leftovers|[from] move: Knock Off|[of] p1a: Conkeldurr
|
|turn|5
|
|move|p2a: Landorus-Therian|Earthquake|p1a: Conkeldurr
|-damage|p1a: Conkeldurr|211\/413
|move|p1a: Conkeldurr|Ice Punch|p2a: Landorus-Therian
|-supereffective|p2a: Landorus-Therian
|-damage|p2a: Landorus-Therian|37\/382
|-status|p2a: Landorus-Therian|frz
|
|turn|6
|
|cant|p2a: Landorus-Therian|frz
|move|p1a: Conkeldurr|Drain Punch|p2a: Landorus-Therian
|-resisted|p2a: Landorus-Therian
|-damage|p2a: Landorus-Therian|0 fnt
|-heal|p1a: Conkeldurr|230\/413|[from] drain|[of] p2a: Landorus-Therian
|faint|p2a: Landorus-Therian
|
|join|The TurtleLord
|
|switch|p2a: Gardevoir|Gardevoir, M|277\/277
|-damage|p2a: Gardevoir|243\/277|[from] Stealth Rock
|-damage|p2a: Gardevoir|197\/277|[from] Spikes
|-ability|p2a: Gardevoir|Guts|[from] ability: Trace|[of] p1a: Conkeldurr
|turn|7
|join|will i lose
|
|switch|p1a: Gyarados|Gyarados, M|394\/394
|-damage|p1a: Gyarados|296\/394|[from] Stealth Rock
|-ability|p1a: Gyarados|Intimidate|[of] p2a: Gardevoir
|-unboost|p2a: Gardevoir|atk|1
|detailschange|p2a: Gardevoir|Gardevoir-Mega, M
|-mega|p2a: Gardevoir|Gardevoir|Gardevoirite
|move|p2a: Gardevoir|Hyper Voice|p1a: Gyarados
|-damage|p1a: Gyarados|106\/394
|
|-heal|p1a: Gyarados|130\/394|[from] item: Leftovers
|turn|8
|join|I Iike Squirtles
|
|move|p2a: Gardevoir|Hyper Voice|p1a: Gyarados
|-damage|p1a: Gyarados|0 fnt
|faint|p1a: Gyarados
|
|
|switch|p1a: Gengar|Gengar, F|261\/261
|-damage|p1a: Gengar|229\/261|[from] Stealth Rock
|turn|9
|
|switch|p2a: Raikou|Raikou|321\/321
|-damage|p2a: Raikou|281\/321|[from] Stealth Rock
|-damage|p2a: Raikou|228\/321|[from] Spikes
|-ability|p2a: Raikou|Pressure
|move|p1a: Gengar|Shadow Ball|p2a: Raikou
|-damage|p2a: Raikou|107\/321
|-damage|p1a: Gengar|203\/261|[from] item: Life Orb
|
|turn|10
|join|GeenArrow
|
|switch|p1a: Conkeldurr|Conkeldurr, F|230\/413
|-damage|p1a: Conkeldurr|205\/413|[from] Stealth Rock
|move|p2a: Raikou|Thunderbolt|p1a: Conkeldurr
|-damage|p1a: Conkeldurr|75\/413
|
|turn|11
|
|switch|p2a: Celebi|Celebi|361\/361
|-damage|p2a: Celebi|301\/361|[from] Spikes
|-damage|p2a: Celebi|256\/361|[from] Stealth Rock
|move|p1a: Conkeldurr|Mach Punch|p2a: Celebi
|-resisted|p2a: Celebi
|-damage|p2a: Celebi|217\/361
|
|turn|12
|
|move|p2a: Celebi|Earth Power|p1a: Conkeldurr
|-damage|p1a: Conkeldurr|0 fnt
|faint|p1a: Conkeldurr
|
|
|switch|p1a: Bisharp|Bisharp, M|272\/272
|-damage|p1a: Bisharp|255\/272|[from] Stealth Rock
|turn|13
|
|move|p2a: Celebi|Earth Power|p1a: Bisharp
|-supereffective|p1a: Bisharp
|-damage|p1a: Bisharp|46\/272
|move|p1a: Bisharp|Pursuit|p2a: Celebi
|-supereffective|p2a: Celebi
|-damage|p2a: Celebi|77\/361
|
|turn|14
|
|move|p2a: Celebi|Recover|p2a: Celebi
|-heal|p2a: Celebi|258\/361
|move|p1a: Bisharp|Knock Off|p2a: Celebi
|-supereffective|p2a: Celebi
|-damage|p2a: Celebi|0 fnt
|-enditem|p2a: Celebi|Expert Belt|[from] move: Knock Off|[of] p1a: Bisharp
|faint|p2a: Celebi
|
|
|switch|p2a: Keldeo|Keldeo|322\/322
|-damage|p2a: Keldeo|302\/322|[from] Stealth Rock
|-damage|p2a: Keldeo|249\/322|[from] Spikes
|turn|15
|
|move|p1a: Bisharp|Sucker Punch|p2a: Keldeo
|-resisted|p2a: Keldeo
|-damage|p2a: Keldeo|160\/322
|-boost|p2a: Keldeo|atk|1|[from] ability: Justified
|move|p2a: Keldeo|Scald|p1a: Bisharp
|-damage|p1a: Bisharp|0 fnt
|faint|p1a: Bisharp
|
|
|switch|p1a: Altaria|Altaria, M|291\/291
|-damage|p1a: Altaria|219\/291|[from] Stealth Rock
|turn|16
|
|switch|p2a: Heatran|Heatran, F|230\/323
|-damage|p2a: Heatran|190\/323|[from] Stealth Rock
|-damage|p2a: Heatran|137\/323|[from] Spikes
|detailschange|p1a: Altaria|Altaria-Mega, M
|-mega|p1a: Altaria|Altaria|Altarianite
|move|p1a: Altaria|Dragon Dance|p1a: Altaria
|-boost|p1a: Altaria|atk|1
|-boost|p1a: Altaria|spe|1
|
|turn|17
|
|move|p2a: Heatran|Flash Cannon|p1a: Altaria
|-supereffective|p1a: Altaria
|-damage|p1a: Altaria|0 fnt
|faint|p1a: Altaria
|
|
|switch|p1a: Gengar|Gengar, F|203\/261
|-damage|p1a: Gengar|171\/261|[from] Stealth Rock
|turn|18
|
|move|p2a: Heatran|Flash Cannon|p1a: Gengar
|-damage|p1a: Gengar|0 fnt
|faint|p1a: Gengar
|
|win|Reverb
|raw|Ladder updating...
|c|★soTsoT|gg
|raw|soTsoT's rating: 1593 &rarr; <strong>1579<\/strong><br \/>(-14 for losing)
|raw|Reverb's rating: 1703 &rarr; <strong>1717<\/strong><br \/>(+14 for winning)
|c|★Reverb|gg
|leave|soTsoT
|player|p1