|join|Tolstoy
|join|jon.p.blackout
|player|p1|Tolstoy|184
|player|p2|jon.p.blackout|266
|gametype|singles
|gen|6
|tier|UU
|rated
|rule|Sleep Clause Mod: Limit one foe put to sleep
|rule|Species Clause: Limit one of each Pokémon
|rule|OHKO Clause: OHKO moves are banned
|rule|Moody Clause: Moody is banned
|rule|Evasion Moves Clause: Evasion moves are banned
|rule|Endless Battle Clause: Forcing endless battles is banned
|rule|HP Percentage Mod: HP is shown in percentages
|clearpoke
|poke|p1|Yanmega, M, shiny
|poke|p1|Jirachi
|poke|p1|Raikou
|poke|p1|Vaporeon, M
|poke|p1|Sceptile, F, shiny
|poke|p1|Gligar, F, shiny
|poke|p2|Lucario, M
|poke|p2|Aerodactyl, F
|poke|p2|Galvantula, M
|poke|p2|Donphan, M
|poke|p2|Goodra, M
|poke|p2|Infernape, M
|rule|Swagger Clause: Swagger is banned
|rule|Baton Pass Clause: Limit one Pokémon knowing Baton Pass
|teampreview
|join|THE iTodd
|c| THE iTodd|lttm
|
|start
|switch|p1a: Post-it notes|Jirachi|341\/341
|switch|p2a: Galvantula|Galvantula, M|281\/281
|turn|1
|c| THE iTodd|has your back
|c|★Tolstoy|k unmute me now
|c| THE iTodd|!
|join|BasedAaron
|join|watfor
|c|★Tolstoy|your team looks flinchable
|
|move|p1a: Post-it notes|Iron Head|p2a: Galvantula
|-resisted|p2a: Galvantula
|-damage|p2a: Galvantula|195\/281
|cant|p2a: Galvantula|flinch
|
|turn|2
|c|★Tolstoy|js
|join|TheRogerRabbit
|
|move|p1a: Post-it notes|Iron Head|p2a: Galvantula
|-resisted|p2a: Galvantula
|-damage|p2a: Galvantula|108\/281
|cant|p2a: Galvantula|flinch
|
|turn|3
|c| THE iTodd|easy
|c| THE iTodd|flinches
|c|★jon.p.blackout|omg
|
|move|p1a: Post-it notes|Iron Head|p2a: Galvantula
|-resisted|p2a: Galvantula
|-damage|p2a: Galvantula|15\/281
|cant|p2a: Galvantula|flinch
|
|turn|4
|c|★Tolstoy|it's like
|c| THE iTodd|lmoa
|c|★Tolstoy|not even difficult
|c|★Tolstoy|to beat web
|-message|jon.p.blackout forfeited.
|leave|jon.p.blackout
|c|★Tolstoy|idk what the big deal is
|
|win|Tolstoy
|raw|Ladder updating...
|player|p2
|c| THE iTodd|hahahah
|raw|Tolstoy's rating: 1245 &rarr; <strong>1266<\/strong><br \/>(+21 for winning)
|raw|jon.p.blackout's rating: 1182 &rarr; <strong>1162<\/strong><br \/>(-20 for losing)
|leave|THE iTodd