|join|Tolstoy
|join|Zekrom52
|player|p1|Tolstoy|184
|player|p2|Zekrom52|265
|gametype|singles
|gen|6
|tier|UU
|rated
|rule|Sleep Clause Mod: Limit one foe put to sleep
|rule|Species Clause: Limit one of each Pokémon
|rule|OHKO Clause: OHKO moves are banned
|rule|Moody Clause: Moody is banned
|rule|Evasion Moves Clause: Evasion moves are banned
|rule|Endless Battle Clause: Forcing endless battles is banned
|rule|HP Percentage Mod: HP is shown in percentages
|clearpoke
|poke|p1|Vaporeon, F
|poke|p1|Sceptile, F
|poke|p1|Donphan, F
|poke|p1|Jirachi
|poke|p1|Chandelure, F, shiny
|poke|p1|Nidoqueen, F, shiny
|poke|p2|Krookodile, M
|poke|p2|Serperior, M
|poke|p2|Empoleon, M
|poke|p2|Entei, shiny
|poke|p2|Hydreigon, F
|poke|p2|Florges, F
|rule|Swagger Clause: Swagger is banned
|rule|Baton Pass Clause: Limit one Pokémon knowing Baton Pass
|teampreview
|
|start
|switch|p1a: o crismas tree|Sceptile, F|281\/281
|switch|p2a: Hydreigon|Hydreigon, F|325\/325
|turn|1
|
|switch|p1a: La Cucarachi|Jirachi|341\/341
|move|p2a: Hydreigon|Draco Meteor|p1a: La Cucarachi
|-resisted|p1a: La Cucarachi
|-damage|p1a: La Cucarachi|227\/341
|-unboost|p2a: Hydreigon|spa|2
|
|turn|2
|
|switch|p2a: Krookodile|Krookodile, M|331\/331
|move|p1a: La Cucarachi|U-turn|p2a: Krookodile
|-supereffective|p2a: Krookodile
|-damage|p2a: Krookodile|177\/331
|
|switch|p1a: o crismas tree|Sceptile, F|281\/281
|
|turn|3
|
|switch|p2a: Florges|Florges, F|330\/330
|detailschange|p1a: o crismas tree|Sceptile-Mega, F
|-mega|p1a: o crismas tree|Sceptile|Sceptilite
|move|p1a: o crismas tree|Giga Drain|p2a: Florges
|-crit|p2a: Florges
|-damage|p2a: Florges|173\/330
|
|-heal|p2a: Florges|193\/330|[from] item: Leftovers
|turn|4
|
|switch|p1a: is luv is life|Nidoqueen, F, shiny|358\/358
|move|p2a: Florges|Calm Mind|p2a: Florges
|-boost|p2a: Florges|spa|1
|-boost|p2a: Florges|spd|1
|
|-heal|p2a: Florges|213\/330|[from] item: Leftovers
|turn|5
|
|move|p2a: Florges|Psychic|p1a: is luv is life
|-supereffective|p1a: is luv is life
|-damage|p1a: is luv is life|12\/358
|move|p1a: is luv is life|Sludge Wave|p2a: Florges
|-supereffective|p2a: Florges
|-damage|p2a: Florges|18\/330
|
|-heal|p2a: Florges|38\/330|[from] item: Leftovers
|turn|6
|
|switch|p1a: La Cucarachi|Jirachi|227\/341
|move|p2a: Florges|Moonblast|p1a: La Cucarachi
|-resisted|p1a: La Cucarachi
|-damage|p1a: La Cucarachi|100\/341
|
|-heal|p2a: Florges|58\/330|[from] item: Leftovers
|turn|7
|join|newfren
|join|THEiTodd
|
|switch|p2a: Empoleon|Empoleon, M|372\/372
|move|p1a: La Cucarachi|Iron Head|p2a: Empoleon
|-resisted|p2a: Empoleon
|-damage|p2a: Empoleon|337\/372
|
|-heal|p2a: Empoleon|360\/372|[from] item: Leftovers
|turn|8
|join|iplaytennislol
|
|switch|p1a: is luv is life|Nidoqueen, F, shiny|12\/358
|move|p2a: Empoleon|Scald|p1a: is luv is life
|-supereffective|p1a: is luv is life
|-damage|p1a: is luv is life|0 fnt
|faint|p1a: is luv is life
|
|-heal|p2a: Empoleon|372\/372|[from] item: Leftovers
|c| newfren|are the mega sprites just blank for everyone else?
|c| THEiTodd|rip Fiona
|c| THEiTodd|:(
|join|r0ady
|c|★Tolstoy|not for me
|
|switch|p1a: Hippopotamus|Donphan, F|343\/343
|turn|9
|join|So Dynamic
|c|★Tolstoy|from time to time they are
|c| THEiTodd|no its you newfren
|c| THEiTodd|sry
|c|★Tolstoy|but not rn
|
|move|p1a: Hippopotamus|Earthquake|p2a: Empoleon
|-supereffective|p2a: Empoleon
|-damage|p2a: Empoleon|0 fnt
|faint|p2a: Empoleon
|
|c| iplaytennislol|they are for me newfren
|c| iplaytennislol|ur not alone
|c|★Zekrom52|they're blank for me too
|c|★Tolstoy|oh fun
|
|switch|p2a: Serperior|Serperior, M|292\/292
|turn|10
|join|ZvZ
|c| THEiTodd|that means he'll never see the mega medicham sweep coming!
|leave|r0ady
|c| iplaytennislol|!
|
|move|p1a: Hippopotamus|Ice Shard|p2a: Serperior
|-supereffective|p2a: Serperior
|-damage|p2a: Serperior|190\/292
|move|p2a: Serperior|Leaf Storm|p1a: Hippopotamus
|-supereffective|p1a: Hippopotamus
|-activate|p1a: Hippopotamus|Sturdy
|-damage|p1a: Hippopotamus|1\/343
|-boost|p2a: Serperior|spa|2
|-damage|p2a: Serperior|161\/292|[from] item: Life Orb
|
|turn|11
|
|move|p1a: Hippopotamus|Ice Shard|p2a: Serperior
|-supereffective|p2a: Serperior
|-damage|p2a: Serperior|59\/292
|move|p2a: Serperior|Leaf Storm|p1a: Hippopotamus
|-supereffective|p1a: Hippopotamus
|-damage|p1a: Hippopotamus|0 fnt
|-boost|p2a: Serperior|spa|2
|-damage|p2a: Serperior|30\/292|[from] item: Life Orb
|faint|p1a: Hippopotamus
|
|
|switch|p1a: La Cucarachi|Jirachi|100\/341
|turn|12
|
|move|p1a: La Cucarachi|U-turn|p2a: Serperior
|-supereffective|p2a: Serperior
|-damage|p2a: Serperior|0 fnt
|faint|p2a: Serperior
|
|switch|p1a: o crismas tree|Sceptile-Mega, F|281\/281
|
|
|switch|p2a: Entei|Entei, shiny|371\/371
|-ability|p2a: Entei|Pressure
|turn|13
|
|move|p1a: o crismas tree|Substitute|p1a: o crismas tree
|-start|p1a: o crismas tree|Substitute
|-damage|p1a: o crismas tree|211\/281
|move|p2a: Entei|Sacred Fire|p1a: o crismas tree
|-end|p1a: o crismas tree|Substitute
|
|turn|14
|
|switch|p1a: hawt fiya|Chandelure, F, shiny|261\/261
|move|p2a: Entei|Sacred Fire|p1a: hawt fiya
|-start|p1a: hawt fiya|ability: Flash Fire
|
|turn|15
|
|move|p2a: Entei|Stone Edge|p1a: hawt fiya
|-supereffective|p1a: hawt fiya
|-damage|p1a: hawt fiya|0 fnt
|faint|p1a: hawt fiya
|
|c|★Tolstoy|ah
|
|switch|p1a: sea man|Vaporeon, F|464\/464
|turn|16
|
|switch|p2a: Florges|Florges, F|58\/330
|move|p1a: sea man|Scald|p2a: Florges
|-damage|p2a: Florges|0 fnt
|faint|p2a: Florges
|
|c|★Tolstoy|do I just win with vap
|join|HaydenT
|
|switch|p2a: Krookodile|Krookodile, M|177\/331
|turn|17
|
|move|p1a: sea man|Protect|p1a: sea man
|-singleturn|p1a: sea man|Protect
|move|p2a: Krookodile|Knock Off|p1a: sea man
|-activate|p1a: sea man|Protect
|
|turn|18
|
|switch|p1a: o crismas tree|Sceptile-Mega, F|211\/281
|move|p2a: Krookodile|Knock Off|p1a: o crismas tree
|-damage|p1a: o crismas tree|28\/281
|-damage|p2a: Krookodile|144\/331|[from] item: Life Orb
|
|turn|19
|leave|ZvZ
|
|switch|p2a: Entei|Entei, shiny|371\/371
|-ability|p2a: Entei|Pressure
|move|p1a: o crismas tree|Dragon Pulse|p2a: Entei
|-damage|p2a: Entei|223\/371
|
|turn|20
|
|switch|p1a: sea man|Vaporeon, F|464\/464
|move|p2a: Entei|Extreme Speed|p1a: sea man
|-damage|p1a: sea man|373\/464
|
|-heal|p1a: sea man|402\/464|[from] item: Leftovers
|turn|21
|
|move|p2a: Entei|Stone Edge|p1a: sea man|[miss]
|-miss|p2a: Entei|p1a: sea man
|move|p1a: sea man|Scald|p2a: Entei
|-supereffective|p2a: Entei
|-damage|p2a: Entei|59\/371
|
|-heal|p1a: sea man|431\/464|[from] item: Leftovers
|turn|22
|
|move|p2a: Entei|Stone Edge|p1a: sea man
|-crit|p1a: sea man
|-damage|p1a: sea man|239\/464
|move|p1a: sea man|Scald|p2a: Entei
|-supereffective|p2a: Entei
|-damage|p2a: Entei|0 fnt
|faint|p2a: Entei
|
|-heal|p1a: sea man|268\/464|[from] item: Leftovers
|c| iplaytennislol|why wouldnt you try to burn this thing ;-;
|
|switch|p2a: Krookodile|Krookodile, M|144\/331
|turn|23
|c| iplaytennislol|50% chance = 100% chance
|c|★Zekrom52|does vaporeon even care about burns tho?
|
|move|p1a: sea man|Protect|p1a: sea man
|-singleturn|p1a: sea man|Protect
|move|p2a: Krookodile|Knock Off|p1a: sea man
|-activate|p1a: sea man|Protect
|
|-heal|p1a: sea man|297\/464|[from] item: Leftovers
|turn|24
|c|★Tolstoy|yes
|c| iplaytennislol|u are trying to wear it down ;_;
|
|switch|p1a: La Cucarachi|Jirachi|100\/341
|move|p2a: Krookodile|Knock Off|p1a: La Cucarachi
|-supereffective|p1a: La Cucarachi
|-damage|p1a: La Cucarachi|0 fnt
|-enditem|p1a: La Cucarachi|Choice Scarf|[from] move: Knock Off|[of] p2a: Krookodile
|-damage|p2a: Krookodile|111\/331|[from] item: Life Orb
|faint|p1a: La Cucarachi
|-boost|p2a: Krookodile|atk|1|[from] ability: Moxie
|
|c| THEiTodd|rip
|c| THEiTodd|:(
|
|switch|p1a: o crismas tree|Sceptile-Mega, F|28\/281
|turn|25
|c|★Tolstoy|rip the cockroach
|c| THEiTodd|sucker punch
|c| THEiTodd|here
|c| THEiTodd|watch out
|c|★Tolstoy|shadowsneak
|c|★Tolstoy|!
|c| iplaytennislol|quick attack krook
|c| iplaytennislol|pls
|
|move|p1a: o crismas tree|Dragon Pulse|p2a: Krookodile
|-damage|p2a: Krookodile|0 fnt
|faint|p2a: Krookodile
|
|c|★Tolstoy|all he needs
|c|★Tolstoy|is like
|c|★Tolstoy|8 flinches
|c|★Tolstoy|with hydrei
|c| iplaytennislol|sounds reasonable
|
|switch|p2a: Hydreigon|Hydreigon, F|325\/325
|turn|26
|c| iplaytennislol|i dont see the proble m
|c| iplaytennislol|problem*
|
|move|p2a: Hydreigon|Dark Pulse|p1a: o crismas tree
|-damage|p1a: o crismas tree|0 fnt
|faint|p1a: o crismas tree
|
|join|dodmen
|
|switch|p1a: sea man|Vaporeon, F|297\/464
|turn|27
|c| THEiTodd|sea
|c| THEiTodd|man
|
|move|p1a: sea man|Protect|p1a: sea man
|-singleturn|p1a: sea man|Protect
|move|p2a: Hydreigon|Dark Pulse|p1a: sea man
|-activate|p1a: sea man|Protect
|
|-heal|p1a: sea man|326\/464|[from] item: Leftovers
|turn|28
|c| THEiTodd|seaman
|c| iplaytennislol|huehuehue
|c| THEiTodd|seamen
|c|★Tolstoy|seaman protected itself huehuehue
|c| THEiTodd|seemen
|c| THEiTodd|semen
|
|move|p2a: Hydreigon|Dark Pulse|p1a: sea man
|-damage|p1a: sea man|175\/464
|move|p1a: sea man|Wish|p1a: sea man
|
|-heal|p1a: sea man|204\/464|[from] item: Leftovers
|turn|29
|c| iplaytennislol|no flinch
|c| THEiTodd|ewww
|c| So Dynamic|wtf is this
|c| iplaytennislol|:(
|c| THEiTodd|you wished for seamon
|c| So Dynamic|where is his flinch
|c| THEiTodd|seaman
|c| iplaytennislol|LOL
|c| THEiTodd|:((
|
|move|p1a: sea man|Protect|p1a: sea man
|-singleturn|p1a: sea man|Protect
|move|p2a: Hydreigon|Dark Pulse|p1a: sea man
|-activate|p1a: sea man|Protect
|
|-heal|p1a: sea man|436\/464|[from] move: Wish|[wisher] sea man
|-heal|p1a: sea man|464\/464|[from] item: Leftovers
|turn|30
|c|★Tolstoy|reveal taunt drei
|
|move|p2a: Hydreigon|Dark Pulse|p1a: sea man
|-damage|p1a: sea man|328\/464
|move|p1a: sea man|Wish|p1a: sea man
|
|-heal|p1a: sea man|357\/464|[from] item: Leftovers
|turn|31
|c| iplaytennislol|reveal trick!
|c| THEiTodd|what happens when his sea man is toxic'd?
|c| THEiTodd|does he get aids?
|
|move|p2a: Hydreigon|Dark Pulse|p1a: sea man
|-damage|p1a: sea man|210\/464
|move|p1a: sea man|Scald|p2a: Hydreigon
|-resisted|p2a: Hydreigon
|-damage|p2a: Hydreigon|271\/325
|-status|p2a: Hydreigon|brn
|
|-heal|p1a: sea man|442\/464|[from] move: Wish|[wisher] sea man
|-heal|p1a: sea man|464\/464|[from] item: Leftovers
|-damage|p2a: Hydreigon|231\/325 brn|[from] brn
|turn|32
|c| iplaytennislol|ah
|c|★Tolstoy|eyy
|
|move|p1a: sea man|Protect|p1a: sea man
|-singleturn|p1a: sea man|Protect
|move|p2a: Hydreigon|Dark Pulse|p1a: sea man
|-activate|p1a: sea man|Protect
|
|-damage|p2a: Hydreigon|191\/325 brn|[from] brn
|turn|33
|c| iplaytennislol|sometimes, its a little 2 ez
|
|move|p2a: Hydreigon|Dark Pulse|p1a: sea man
|-damage|p1a: sea man|323\/464
|move|p1a: sea man|Scald|p2a: Hydreigon
|-crit|p2a: Hydreigon
|-resisted|p2a: Hydreigon
|-damage|p2a: Hydreigon|103\/325 brn
|
|-heal|p1a: sea man|352\/464|[from] item: Leftovers
|-damage|p2a: Hydreigon|63\/325 brn|[from] brn
|turn|34
|c|★Tolstoy|ez
|c| iplaytennislol|hax
|c|★Tolstoy|gg
|c|★Zekrom52|gg
|
|move|p1a: sea man|Protect|p1a: sea man
|-singleturn|p1a: sea man|Protect
|move|p2a: Hydreigon|Dark Pulse|p1a: sea man
|-activate|p1a: sea man|Protect
|
|-heal|p1a: sea man|381\/464|[from] item: Leftovers
|-damage|p2a: Hydreigon|23\/325 brn|[from] brn
|turn|35
|c| iplaytennislol|rest here
|
|move|p1a: sea man|Protect|p1a: sea man
|-singleturn|p1a: sea man|Protect
|move|p2a: Hydreigon|Dark Pulse|p1a: sea man
|-activate|p1a: sea man|Protect
|
|-heal|p1a: sea man|410\/464|[from] item: Leftovers
|-damage|p2a: Hydreigon|0 fnt|[from] brn
|faint|p2a: Hydreigon
|
|win|Tolstoy
|raw|Ladder updating...
|raw|Tolstoy's rating: 1463 &rarr; <strong>1477<\/strong><br \/>(+14 for winning)
|raw|Zekrom52's rating: 1349 &rarr; <strong>1336<\/strong><br \/>(-13 for losing)
|leave|iplaytennislol