|join|Menno
|join|CatchThisDead
|player|p1|Menno|288
|player|p2|CatchThisDead|98
|gametype|singles
|gen|6
|tier|OU
|rated
|clearpoke
|poke|p1|Diancie
|poke|p1|Bisharp, F
|poke|p1|Starmie
|poke|p1|Landorus-Therian, M
|poke|p1|Gothitelle, F
|poke|p1|Ferrothorn, M
|poke|p2|Sableye, M
|poke|p2|Skarmory, F
|poke|p2|Cresselia, F
|poke|p2|Quagsire, M
|poke|p2|Chansey, F
|poke|p2|Gothitelle, M
|rule|Swagger Clause: Swagger is banned
|rule|Baton Pass Clause: Limit one Pokémon knowing Baton Pass
|rule|Sleep Clause Mod: Limit one foe put to sleep
|rule|Species Clause: Limit one of each Pokémon
|rule|OHKO Clause: OHKO moves are banned
|rule|Moody Clause: Moody is banned
|rule|Evasion Moves Clause: Evasion moves are banned
|rule|Endless Battle Clause: Forcing endless battles is banned
|rule|HP Percentage Mod: HP is shown in percentages
|teampreview
|c|★Menno|isn't this rs swept's team?
|c|★CatchThisDead|y
|
|start
|switch|p1a: Tinkerbell|Diancie|257\/257
|switch|p2a: Sableye|Sableye, M|304\/304
|turn|1
|
|switch|p1a: It's A Trap|Gothitelle, F|281\/281
|detailschange|p2a: Sableye|Sableye-Mega, M
|message|Sableye has Mega Evolved into Mega Sableye!
|move|p2a: Sableye|Dark Pulse|p1a: It's A Trap
|-supereffective|p1a: It's A Trap
|-damage|p1a: It's A Trap|137\/281
|
|turn|2
|
|switch|p1a: Tinkerbell|Diancie|257\/257
|move|p2a: Sableye|Will-O-Wisp|p1a: Tinkerbell
|-status|p1a: Tinkerbell|brn
|
|-damage|p1a: Tinkerbell|225\/257 brn|[from] brn
|turn|3
|
|switch|p2a: Chansey|Chansey, F|704\/704
|detailschange|p1a: Tinkerbell|Diancie-Mega
|message|Diancie has Mega Evolved into Mega Diancie!
|move|p1a: Tinkerbell|Moonblast|p2a: Chansey
|-damage|p2a: Chansey|571\/704
|
|-damage|p1a: Tinkerbell|193\/257 brn|[from] brn
|turn|4
|
|switch|p1a: Ferrolin|Ferrothorn, M|352\/352
|move|p2a: Chansey|Seismic Toss|p1a: Ferrolin
|-damage|p1a: Ferrolin|252\/352
|-damage|p2a: Chansey|483\/704|[from] ability: Iron Barbs|[of] p1a: Ferrolin
|
|-heal|p1a: Ferrolin|274\/352|[from] item: Leftovers
|turn|5
|
|move|p2a: Chansey|Stealth Rock|p1a: Ferrolin
|-sidestart|p1: Menno|move: Stealth Rock
|move|p1a: Ferrolin|Stealth Rock|p2a: Chansey
|-sidestart|p2: CatchThisDead|move: Stealth Rock
|
|-heal|p1a: Ferrolin|296\/352|[from] item: Leftovers
|turn|6
|
|switch|p2a: Gothitelle|Gothitelle, M|344\/344
|-damage|p2a: Gothitelle|301\/344|[from] Stealth Rock
|move|p1a: Ferrolin|Leech Seed|p2a: Gothitelle
|-start|p2a: Gothitelle|move: Leech Seed
|
|-heal|p1a: Ferrolin|318\/352|[from] item: Leftovers
|-damage|p2a: Gothitelle|258\/344|[from] Leech Seed|[of] p1a: Ferrolin
|-heal|p1a: Ferrolin|352\/352|[silent]
|turn|7
|
|move|p2a: Gothitelle|Trick|p1a: Ferrolin
|-activate|p2a: Gothitelle|move: Trick|[of] p1a: Ferrolin
|-item|p1a: Ferrolin|Choice Scarf|[from] move: Trick
|-item|p2a: Gothitelle|Leftovers|[from] move: Trick
|move|p1a: Ferrolin|Gyro Ball|p2a: Gothitelle
|-damage|p2a: Gothitelle|138\/344
|
|-heal|p2a: Gothitelle|159\/344|[from] item: Leftovers
|-damage|p2a: Gothitelle|116\/344|[from] Leech Seed|[of] p1a: Ferrolin
|turn|8
|
|switch|p2a: Skarmory|Skarmory, F|334\/334
|-damage|p2a: Skarmory|293\/334|[from] Stealth Rock
|move|p1a: Ferrolin|Gyro Ball|p2a: Skarmory
|-resisted|p2a: Skarmory
|-damage|p2a: Skarmory|271\/334
|
|turn|9
|
|switch|p1a: RIP Tom|Starmie|261\/261
|-damage|p1a: RIP Tom|229\/261|[from] Stealth Rock
|move|p2a: Skarmory|Whirlwind|p1a: RIP Tom
|drag|p1a: BBMikel|Landorus-Therian, M|319\/319
|-damage|p1a: BBMikel|280\/319|[from] Stealth Rock
|-ability|p1a: BBMikel|Intimidate|[of] p2a: Skarmory
|-unboost|p2a: Skarmory|atk|1
|
|turn|10
|
|move|p1a: BBMikel|U-turn|p2a: Skarmory
|-resisted|p2a: Skarmory
|-damage|p2a: Skarmory|258\/334
|
|switch|p1a: Ferrolin|Ferrothorn, M|352\/352
|-damage|p1a: Ferrolin|330\/352|[from] Stealth Rock
|move|p2a: Skarmory|Spikes|p1a: Ferrolin
|-sidestart|p1: Menno|Spikes
|
|turn|11
|
|switch|p2a: Sableye|Sableye-Mega, M|304\/304
|-damage|p2a: Sableye|266\/304|[from] Stealth Rock
|move|p1a: Ferrolin|Leech Seed|p2a: Sableye
|move|p2a: Sableye|Leech Seed|p1a: Ferrolin|[from]Magic Bounce
|-immune|p1a: Ferrolin|[msg]
|
|turn|12
|
|switch|p1a: BBMikel|Landorus-Therian, M|280\/319
|-damage|p1a: BBMikel|241\/319|[from] Stealth Rock
|-ability|p1a: BBMikel|Intimidate|[of] p2a: Sableye
|-unboost|p2a: Sableye|atk|1
|move|p2a: Sableye|Dark Pulse|p1a: BBMikel
|-damage|p1a: BBMikel|150\/319
|
|turn|13
|
|move|p1a: BBMikel|Earthquake|p2a: Sableye
|-damage|p2a: Sableye|146\/304
|move|p2a: Sableye|Will-O-Wisp|p1a: BBMikel|[miss]
|-miss|p2a: Sableye|p1a: BBMikel
|
|turn|14
|
|move|p1a: BBMikel|Earthquake|p2a: Sableye
|-damage|p2a: Sableye|25\/304
|move|p2a: Sableye|Recover|p2a: Sableye
|-heal|p2a: Sableye|177\/304
|
|turn|15
|
|move|p1a: BBMikel|Earthquake|p2a: Sableye
|-damage|p2a: Sableye|50\/304
|move|p2a: Sableye|Recover|p2a: Sableye
|-heal|p2a: Sableye|202\/304
|
|turn|16
|
|switch|p1a: Tinkerbell|Diancie-Mega|193\/257 brn
|-damage|p1a: Tinkerbell|161\/257 brn|[from] Spikes
|-damage|p1a: Tinkerbell|129\/257 brn|[from] Stealth Rock
|move|p2a: Sableye|Recover|p2a: Sableye
|-heal|p2a: Sableye|304\/304
|
|-damage|p1a: Tinkerbell|97\/257 brn|[from] brn
|turn|17
|
|switch|p1a: RIP Tom|Starmie|229\/261
|-damage|p1a: RIP Tom|197\/261|[from] Stealth Rock
|-damage|p1a: RIP Tom|165\/261|[from] Spikes
|switch|p2a: Cresselia|Cresselia, F|444\/444
|-damage|p2a: Cresselia|389\/444|[from] Stealth Rock
|
|-heal|p2a: Cresselia|416\/444|[from] item: Leftovers
|turn|18
|
|switch|p2a: Sableye|Sableye-Mega, M|304\/304
|-damage|p2a: Sableye|266\/304|[from] Stealth Rock
|move|p1a: RIP Tom|Hydro Pump|p2a: Sableye
|-crit|p2a: Sableye
|-damage|p2a: Sableye|0 fnt
|-damage|p1a: RIP Tom|139\/261|[from] item: Life Orb
|faint|p2a: Sableye
|
|c|★CatchThisDead|.
|
|switch|p2a: Chansey|Chansey, F|483\/704
|-damage|p2a: Chansey|395\/704|[from] Stealth Rock
|turn|19
|c|★Menno|i would've 2hkoed
|c|★CatchThisDead|but i can save him
|
|move|p1a: RIP Tom|Rapid Spin|p2a: Chansey
|-damage|p2a: Chansey|374\/704
|-sideend|p1: Menno|Spikes|[from] move: Rapid Spin|[of] p1a: RIP Tom
|-sideend|p1: Menno|Stealth Rock|[from] move: Rapid Spin|[of] p1a: RIP Tom
|-damage|p1a: RIP Tom|113\/261|[from] item: Life Orb
|move|p2a: Chansey|Seismic Toss|p1a: RIP Tom
|-damage|p1a: RIP Tom|13\/261
|
|turn|20
|
|switch|p1a: Ferrolin|Ferrothorn, M|330\/352
|move|p2a: Chansey|Stealth Rock|p1a: Ferrolin
|-sidestart|p1: Menno|move: Stealth Rock
|
|turn|21
|
|move|p2a: Chansey|Soft-Boiled|p2a: Chansey
|-heal|p2a: Chansey|704\/704
|move|p1a: Ferrolin|Leech Seed|p2a: Chansey
|-start|p2a: Chansey|move: Leech Seed
|
|-damage|p2a: Chansey|616\/704|[from] Leech Seed|[of] p1a: Ferrolin
|-heal|p1a: Ferrolin|352\/352|[silent]
|turn|22
|
|switch|p2a: Skarmory|Skarmory, F|258\/334
|-damage|p2a: Skarmory|217\/334|[from] Stealth Rock
|move|p1a: Ferrolin|Leech Seed|p2a: Skarmory
|-start|p2a: Skarmory|move: Leech Seed
|
|-damage|p2a: Skarmory|176\/334|[from] Leech Seed|[of] p1a: Ferrolin
|turn|23
|
|switch|p1a: Iron Man|Bisharp, F|291\/291
|-damage|p1a: Iron Man|273\/291|[from] Stealth Rock
|move|p2a: Skarmory|Whirlwind|p1a: Iron Man
|drag|p1a: Tinkerbell|Diancie-Mega|97\/257 brn
|-damage|p1a: Tinkerbell|65\/257 brn|[from] Stealth Rock
|
|-damage|p2a: Skarmory|135\/334|[from] Leech Seed|[of] p1a: Tinkerbell
|-heal|p1a: Tinkerbell|106\/257 brn|[silent]
|-damage|p1a: Tinkerbell|74\/257 brn|[from] brn
|turn|24
|c|★CatchThisDead|ofc.
|
|switch|p2a: Chansey|Chansey, F|616\/704
|-damage|p2a: Chansey|528\/704|[from] Stealth Rock
|move|p1a: Tinkerbell|Moonblast|p2a: Chansey
|-damage|p2a: Chansey|395\/704
|
|-damage|p1a: Tinkerbell|42\/257 brn|[from] brn
|turn|25
|
|move|p1a: Tinkerbell|Diamond Storm|p2a: Chansey
|-damage|p2a: Chansey|286\/704
|-boost|p1a: Tinkerbell|def|1
|move|p2a: Chansey|Seismic Toss|p1a: Tinkerbell
|-damage|p1a: Tinkerbell|0 fnt
|faint|p1a: Tinkerbell
|
|
|switch|p1a: Iron Man|Bisharp, F|273\/291
|-damage|p1a: Iron Man|255\/291|[from] Stealth Rock
|turn|26
|
|move|p1a: Iron Man|Pursuit|p2a: Chansey
|-damage|p2a: Chansey|160\/704
|move|p2a: Chansey|Seismic Toss|p1a: Iron Man
|-damage|p1a: Iron Man|155\/291
|
|turn|27
|
|move|p1a: Iron Man|Pursuit|p2a: Chansey
|-damage|p2a: Chansey|45\/704
|move|p2a: Chansey|Seismic Toss|p1a: Iron Man
|-damage|p1a: Iron Man|55\/291
|
|turn|28
|
|move|p1a: Iron Man|Pursuit|p2a: Chansey
|-damage|p2a: Chansey|0 fnt
|faint|p2a: Chansey
|
|
|switch|p2a: Quagsire|Quagsire, M|394\/394
|-damage|p2a: Quagsire|370\/394|[from] Stealth Rock
|turn|29
|
|switch|p1a: RIP Tom|Starmie|13\/261
|-damage|p1a: RIP Tom|0 fnt|[from] Stealth Rock
|faint|p1a: RIP Tom
|move|p2a: Quagsire|Earthquake|p1: RIP Tom|[notarget]
|-notarget
|
|-heal|p2a: Quagsire|394\/394|[from] item: Leftovers
|
|switch|p1a: It's A Trap|Gothitelle, F|137\/281
|-damage|p1a: It's A Trap|102\/281|[from] Stealth Rock
|turn|30
|
|move|p1a: It's A Trap|Energy Ball|p2a: Quagsire
|-supereffective|p2a: Quagsire
|-damage|p2a: Quagsire|0 fnt
|faint|p2a: Quagsire
|
|
|switch|p2a: Skarmory|Skarmory, F|135\/334
|-damage|p2a: Skarmory|94\/334|[from] Stealth Rock
|turn|31
|
|switch|p1a: BBMikel|Landorus-Therian, M|150\/319
|-damage|p1a: BBMikel|111\/319|[from] Stealth Rock
|-ability|p1a: BBMikel|Intimidate|[of] p2a: Skarmory
|-unboost|p2a: Skarmory|atk|1
|move|p2a: Skarmory|Roost|p2a: Skarmory
|-heal|p2a: Skarmory|261\/334
|
|turn|32
|
|move|p1a: BBMikel|Knock Off|p2a: Skarmory
|-damage|p2a: Skarmory|186\/334
|-enditem|p2a: Skarmory|Shed Shell|[from] move: Knock Off|[of] p1a: BBMikel
|move|p2a: Skarmory|Spikes|p1a: BBMikel
|-sidestart|p1: Menno|Spikes
|
|turn|33
|
|move|p1a: BBMikel|Knock Off|p2a: Skarmory
|-damage|p2a: Skarmory|138\/334
|move|p2a: Skarmory|Whirlwind|p1a: BBMikel
|drag|p1a: It's A Trap|Gothitelle, F|102\/281
|-damage|p1a: It's A Trap|67\/281|[from] Spikes
|-damage|p1a: It's A Trap|32\/281|[from] Stealth Rock
|
|turn|34
|c|★CatchThisDead|omg.
|
|move|p1a: It's A Trap|Hidden Power|p2a: Skarmory
|-supereffective|p2a: Skarmory
|-damage|p2a: Skarmory|0 fnt
|faint|p2a: Skarmory
|
|-message|CatchThisDead forfeited.
|
|win|Menno
|raw|Ladder updating...
|leave|CatchThisDead
|player|p2
|raw|Menno's rating: 1580 &rarr; <strong>1603<\/strong><br \/>(+23 for winning)
|raw|CatchThisDead's rating: 1630 &rarr; <strong>1608<\/strong><br \/>(-22 for losing)