|join|chessnova
|join|Zebban
|player|p1|chessnova|266
|player|p2|Zebban|101
|gametype|singles
|gen|6
|tier|OU
|rated
|clearpoke
|poke|p1|Espeon, M
|poke|p1|Klefki, F
|poke|p1|Smeargle, M
|poke|p1|Talonflame, F
|poke|p1|Whimsicott, M
|poke|p1|Greninja, F
|poke|p2|Manectric, M, shiny
|poke|p2|Scizor, M
|poke|p2|Greninja, M, shiny
|poke|p2|Azumarill, M
|poke|p2|Landorus-Therian, M
|poke|p2|Heatran, M
|rule|Swagger Clause: Swagger is banned
|rule|Baton Pass Clause: Limit one Pokémon knowing Baton Pass
|rule|Sleep Clause Mod: Limit one foe put to sleep
|rule|Species Clause: Limit one of each Pokémon
|rule|OHKO Clause: OHKO moves are banned
|rule|Moody Clause: Moody is banned
|rule|Evasion Moves Clause: Evasion moves are banned
|rule|Endless Battle Clause: Forcing endless battles is banned
|rule|HP Percentage Mod: HP is shown in percentages
|teampreview
|
|start
|switch|p1a: Talonflame|Talonflame, F|360\/360
|switch|p2a: Manectric|Manectric, M, shiny|282\/282
|turn|1
|
|detailschange|p2a: Manectric|Manectric-Mega, M, shiny
|message|Manectric has Mega Evolved into Mega Manectric!
|-ability|p2a: Manectric|Intimidate|[of] p1a: Talonflame
|-unboost|p1a: Talonflame|atk|1
|move|p1a: Talonflame|Tailwind|p1a: Talonflame
|-sidestart|p1: chessnova|move: Tailwind
|move|p2a: Manectric|Volt Switch|p1a: Talonflame
|-supereffective|p1a: Talonflame
|-damage|p1a: Talonflame|0 fnt
|faint|p1a: Talonflame
|
|switch|p2a: Azumarill|Azumarill, M|401\/401
|
|
|switch|p1a: Klefki|Klefki, F|318\/318
|turn|2
|
|switch|p2a: Heatran|Heatran, M|376\/376
|move|p1a: Klefki|Reflect|p1a: Klefki
|-sidestart|p1: chessnova|Reflect
|
|turn|3
|
|move|p1a: Klefki|Light Screen|p1a: Klefki
|-sidestart|p1: chessnova|move: Light Screen
|move|p2a: Heatran|Lava Plume|p1a: Klefki
|-supereffective|p1a: Klefki
|-damage|p1a: Klefki|185\/318
|
|turn|4
|
|move|p1a: Klefki|Thunder Wave|p2a: Heatran
|-status|p2a: Heatran|par
|move|p2a: Heatran|Lava Plume|p1a: Klefki
|-supereffective|p1a: Klefki
|-damage|p1a: Klefki|50\/318
|
|-sideend|p1: chessnova|move: Tailwind
|turn|5
|
|switch|p1a: Greninja|Greninja, F|286\/286
|switch|p2a: Landorus-Therian|Landorus-Therian, M|382\/382
|-ability|p2a: Landorus-Therian|Intimidate|[of] p1a: Greninja
|-unboost|p1a: Greninja|atk|1
|
|turn|6
|
|switch|p2a: Azumarill|Azumarill, M|401\/401
|move|p1a: Greninja|Ice Beam|p2a: Azumarill
|-start|p1a: Greninja|typechange|Ice|[from] Protean
|-resisted|p2a: Azumarill
|-damage|p2a: Azumarill|332\/401
|-damage|p1a: Greninja|258\/286|[from] item: Life Orb
|
|turn|7
|
|move|p1a: Greninja|Extrasensory|p2a: Azumarill
|-start|p1a: Greninja|typechange|Psychic|[from] Protean
|-damage|p2a: Azumarill|210\/401
|-damage|p1a: Greninja|230\/286|[from] item: Life Orb
|move|p2a: Azumarill|Play Rough|p1a: Greninja
|-damage|p1a: Greninja|96\/286
|
|turn|8
|
|move|p1a: Greninja|Extrasensory|p2a: Azumarill
|-damage|p2a: Azumarill|84\/401
|-damage|p1a: Greninja|68\/286|[from] item: Life Orb
|move|p2a: Azumarill|Knock Off|p1a: Greninja
|-supereffective|p1a: Greninja
|-damage|p1a: Greninja|0 fnt
|-enditem|p1a: Greninja|Life Orb|[from] move: Knock Off|[of] p2a: Azumarill
|faint|p1a: Greninja
|
|
|switch|p1a: Whimsicott|Whimsicott, M|324\/324
|turn|9
|
|switch|p2a: Heatran|Heatran, M|376\/376 par
|move|p1a: Whimsicott|Tailwind|p1a: Whimsicott
|-sidestart|p1: chessnova|move: Tailwind
|
|-sideend|p1: chessnova|Reflect
|turn|10
|
|move|p1a: Whimsicott|Memento|p2a: Heatran
|-unboost|p2a: Heatran|atk|2
|-unboost|p2a: Heatran|spa|2
|faint|p1a: Whimsicott
|cant|p2a: Heatran|par
|
|-sideend|p1: chessnova|move: Light Screen
|
|switch|p1a: Klefki|Klefki, F|50\/318
|turn|11
|
|move|p1a: Klefki|Light Screen|p1a: Klefki
|-sidestart|p1: chessnova|move: Light Screen
|cant|p2a: Heatran|par
|
|turn|12
|
|switch|p2a: Azumarill|Azumarill, M|84\/401
|move|p1a: Klefki|Reflect|p1a: Klefki
|-sidestart|p1: chessnova|Reflect
|
|-sideend|p1: chessnova|move: Tailwind
|turn|13
|
|move|p1a: Klefki|Thunder Wave|p2a: Azumarill
|-status|p2a: Azumarill|par
|move|p2a: Azumarill|Waterfall|p1a: Klefki
|-damage|p1a: Klefki|0 fnt
|faint|p1a: Klefki
|
|
|switch|p1a: Smeargle|Smeargle, M|314\/314
|turn|14
|
|move|p1a: Smeargle|Geomancy|p1a: Smeargle|[still]
|-prepare|p1a: Smeargle|Geomancy|p1a: Smeargle
|-enditem|p1a: Smeargle|Power Herb
|-anim|p1a: Smeargle|Geomancy|p1a: Smeargle
|-boost|p1a: Smeargle|spa|2
|-boost|p1a: Smeargle|spd|2
|-boost|p1a: Smeargle|spe|2
|move|p2a: Azumarill|Knock Off|p1a: Smeargle
|-damage|p1a: Smeargle|258\/314
|
|turn|15
|
|move|p1a: Smeargle|Cotton Guard|p1a: Smeargle
|-boost|p1a: Smeargle|def|3
|move|p2a: Azumarill|Play Rough|p1a: Smeargle
|-damage|p1a: Smeargle|212\/314
|-unboost|p1a: Smeargle|atk|1
|
|turn|16
|
|switch|p2a: Scizor|Scizor, M|343\/343
|move|p1a: Smeargle|Cotton Guard|p1a: Smeargle
|-boost|p1a: Smeargle|def|3
|
|turn|17
|
|move|p1a: Smeargle|Spore|p2a: Scizor
|-status|p2a: Scizor|slp
|cant|p2a: Scizor|slp
|
|turn|18
|
|switch|p2a: Landorus-Therian|Landorus-Therian, M|382\/382
|-ability|p2a: Landorus-Therian|Intimidate|[of] p1a: Smeargle
|-unboost|p1a: Smeargle|atk|1
|move|p1a: Smeargle|Baton Pass|p1a: Smeargle
|
|switch|p1a: Espeon|Espeon, M|334\/334
|
|-sideend|p1: chessnova|move: Light Screen
|turn|19
|
|move|p1a: Espeon|Stored Power|p2a: Landorus-Therian
|-damage|p2a: Landorus-Therian|0 fnt
|faint|p2a: Landorus-Therian
|
|-sideend|p1: chessnova|Reflect
|
|switch|p2a: Heatran|Heatran, M|376\/376 par
|turn|20
|
|move|p1a: Espeon|Hidden Power|p2a: Heatran
|-supereffective|p2a: Heatran
|-damage|p2a: Heatran|228\/376 par
|move|p2a: Heatran|Toxic|p1a: Espeon
|move|p1a: Espeon|Toxic|p2a: Heatran|[from]Magic Bounce|[miss]
|-miss|p1a: Espeon|p2a: Heatran
|
|-heal|p2a: Heatran|251\/376 par|[from] item: Leftovers
|turn|21
|
|move|p1a: Espeon|Stored Power|p2a: Heatran
|-resisted|p2a: Heatran
|-damage|p2a: Heatran|0 fnt
|faint|p2a: Heatran
|
|
|switch|p2a: Azumarill|Azumarill, M|84\/401 par
|turn|22
|
|cant|p2a: Azumarill|par
|move|p1a: Espeon|Shadow Ball|p2a: Azumarill
|-damage|p2a: Azumarill|0 fnt
|faint|p2a: Azumarill
|
|-message|Zebban forfeited.
|
|win|chessnova
|raw|Ladder updating...
|leave|Zebban
|player|p2
|raw|chessnova's rating: 1553 &rarr; <strong>1571<\/strong><br \/>(+18 for winning)
|raw|Zebban's rating: 1522 &rarr; <strong>1504<\/strong><br \/>(-18 for losing)