|join|Arcanine is Regal
|join|indian hedgehog
|player|p1|Arcanine is Regal|126
|player|p2|indian hedgehog|169
|gametype|singles
|gen|6
|tier|OU
|rated
|clearpoke
|poke|p1|Bisharp, M, shiny
|poke|p1|Gengar, M, shiny
|poke|p1|Altaria, F, shiny
|poke|p1|Heatran, M
|poke|p1|Chesnaught, M, shiny
|poke|p1|Alomomola, F
|poke|p2|Metagross
|poke|p2|Crawdaunt, M
|poke|p2|Thundurus, M
|poke|p2|Rotom-Wash
|poke|p2|Landorus-Therian, M
|poke|p2|Clefable, F
|rule|Swagger Clause: Swagger is banned
|rule|Baton Pass Clause: Limit one Pokémon knowing Baton Pass
|rule|Sleep Clause Mod: Limit one foe put to sleep
|rule|Species Clause: Limit one of each Pokémon
|rule|OHKO Clause: OHKO moves are banned
|rule|Moody Clause: Moody is banned
|rule|Evasion Moves Clause: Evasion moves are banned
|rule|Endless Battle Clause: Forcing endless battles is banned
|rule|HP Percentage Mod: HP is shown in percentages
|teampreview
|
|start
|switch|p1a: Heatran|Heatran, M|336\/336
|switch|p2a: Rotom-Wash|Rotom-Wash|304\/304
|-item|p1a: Heatran|Air Balloon
|turn|1
|
|move|p1a: Heatran|Stealth Rock|p2a: Rotom-Wash
|-sidestart|p2: indian hedgehog|move: Stealth Rock
|move|p2a: Rotom-Wash|Hydro Pump|p1a: Heatran
|-supereffective|p1a: Heatran
|-damage|p1a: Heatran|58\/336
|-enditem|p1a: Heatran|Air Balloon
|
|turn|2
|
|move|p1a: Heatran|Fire Blast|p2a: Rotom-Wash|[miss]
|-miss|p1a: Heatran|p2a: Rotom-Wash
|move|p2a: Rotom-Wash|Volt Switch|p1a: Heatran
|-damage|p1a: Heatran|0 fnt
|faint|p1a: Heatran
|
|switch|p2a: Thundurus|Thundurus, M|299\/299
|-damage|p2a: Thundurus|225\/299|[from] Stealth Rock
|
|-heal|p2a: Thundurus|243\/299|[from] item: Leftovers
|
|switch|p1a: Altaria|Altaria, F, shiny|353\/353
|turn|3
|
|detailschange|p1a: Altaria|Altaria-Mega, F, shiny
|message|Altaria has Mega Evolved into Mega Altaria!
|move|p2a: Thundurus|Hidden Power|p1a: Altaria
|-supereffective|p1a: Altaria
|-damage|p1a: Altaria|229\/353
|move|p1a: Altaria|Frustration|p2a: Thundurus
|-damage|p2a: Thundurus|26\/299
|
|-heal|p2a: Thundurus|44\/299|[from] item: Leftovers
|turn|4
|
|move|p2a: Thundurus|Thunder Wave|p1a: Altaria
|-status|p1a: Altaria|par
|move|p1a: Altaria|Roost|p1a: Altaria
|-heal|p1a: Altaria|353\/353 par
|
|-heal|p2a: Thundurus|62\/299|[from] item: Leftovers
|turn|5
|
|move|p2a: Thundurus|Hidden Power|p1a: Altaria
|-supereffective|p1a: Altaria
|-damage|p1a: Altaria|229\/353 par
|move|p1a: Altaria|Frustration|p2a: Thundurus
|-damage|p2a: Thundurus|0 fnt
|faint|p2a: Thundurus
|
|
|switch|p2a: Metagross|Metagross|345\/345
|-damage|p2a: Metagross|324\/345|[from] Stealth Rock
|turn|6
|
|switch|p1a: Alomomola|Alomomola, F|501\/501
|detailschange|p2a: Metagross|Metagross-Mega
|message|Metagross has Mega Evolved into Mega Metagross!
|move|p2a: Metagross|Meteor Mash|p1a: Alomomola
|-resisted|p1a: Alomomola
|-damage|p1a: Alomomola|375\/501
|
|-heal|p1a: Alomomola|406\/501|[from] item: Leftovers
|turn|7
|
|switch|p2a: Rotom-Wash|Rotom-Wash|304\/304
|-damage|p2a: Rotom-Wash|266\/304|[from] Stealth Rock
|move|p1a: Alomomola|Scald|p2a: Rotom-Wash
|-resisted|p2a: Rotom-Wash
|-damage|p2a: Rotom-Wash|251\/304
|-status|p2a: Rotom-Wash|brn
|
|-heal|p2a: Rotom-Wash|270\/304 brn|[from] item: Leftovers
|-heal|p1a: Alomomola|437\/501|[from] item: Leftovers
|-damage|p2a: Rotom-Wash|232\/304 brn|[from] brn
|turn|8
|
|move|p1a: Alomomola|Protect|p1a: Alomomola
|-singleturn|p1a: Alomomola|Protect
|move|p2a: Rotom-Wash|Will-O-Wisp|p1a: Alomomola
|-activate|p1a: Alomomola|Protect
|
|-heal|p2a: Rotom-Wash|251\/304 brn|[from] item: Leftovers
|-heal|p1a: Alomomola|468\/501|[from] item: Leftovers
|-damage|p2a: Rotom-Wash|213\/304 brn|[from] brn
|turn|9
|
|switch|p1a: Altaria|Altaria-Mega, F, shiny|229\/353 par
|move|p2a: Rotom-Wash|Pain Split|p1a: Altaria
|-sethp|p1a: Altaria|221\/353 par|p2a: Rotom-Wash|221\/304 brn|[from] move: Pain Split
|
|-heal|p2a: Rotom-Wash|240\/304 brn|[from] item: Leftovers
|-damage|p2a: Rotom-Wash|202\/304 brn|[from] brn
|turn|10
|
|move|p2a: Rotom-Wash|Volt Switch|p1a: Altaria
|-resisted|p1a: Altaria
|-damage|p1a: Altaria|179\/353 par
|
|switch|p2a: Landorus-Therian|Landorus-Therian, M|382\/382
|-damage|p2a: Landorus-Therian|335\/382|[from] Stealth Rock
|-ability|p2a: Landorus-Therian|Intimidate|[of] p1a: Altaria
|-unboost|p1a: Altaria|atk|1
|cant|p1a: Altaria|par
|
|-heal|p2a: Landorus-Therian|358\/382|[from] item: Leftovers
|turn|11
|
|switch|p1a: Chesnaught|Chesnaught, M, shiny|380\/380
|move|p2a: Landorus-Therian|Stealth Rock|p1a: Chesnaught
|-sidestart|p1: Arcanine is Regal|move: Stealth Rock
|
|-heal|p2a: Landorus-Therian|381\/382|[from] item: Leftovers
|turn|12
|
|move|p2a: Landorus-Therian|U-turn|p1a: Chesnaught
|-damage|p1a: Chesnaught|333\/380
|join|Omegasization
|
|switch|p2a: Clefable|Clefable, F|394\/394
|move|p1a: Chesnaught|Leech Seed|p2a: Clefable
|-start|p2a: Clefable|move: Leech Seed
|
|-heal|p1a: Chesnaught|356\/380|[from] item: Leftovers
|turn|13
|
|switch|p1a: Gengar|Gengar, M, shiny|259\/259
|-damage|p1a: Gengar|227\/259|[from] Stealth Rock
|move|p2a: Clefable|Fire Blast|p1a: Gengar
|-crit|p1a: Gengar
|-damage|p1a: Gengar|65\/259
|
|turn|14
|
|move|p1a: Gengar|Sludge Wave|p2a: Clefable
|-supereffective|p2a: Clefable
|-damage|p2a: Clefable|0 fnt
|-damage|p1a: Gengar|40\/259|[from] item: Life Orb
|faint|p2a: Clefable
|
|
|switch|p2a: Crawdaunt|Crawdaunt, M|267\/267
|-damage|p2a: Crawdaunt|234\/267|[from] Stealth Rock
|turn|15
|
|switch|p1a: Chesnaught|Chesnaught, M, shiny|356\/380
|-damage|p1a: Chesnaught|333\/380|[from] Stealth Rock
|move|p2a: Crawdaunt|Knock Off|p1a: Chesnaught
|-resisted|p1a: Chesnaught
|-damage|p1a: Chesnaught|236\/380
|-enditem|p1a: Chesnaught|Leftovers|[from] move: Knock Off|[of] p2a: Crawdaunt
|-damage|p2a: Crawdaunt|208\/267|[from] item: Life Orb
|
|turn|16
|
|switch|p2a: Rotom-Wash|Rotom-Wash|202\/304 brn
|-damage|p2a: Rotom-Wash|164\/304 brn|[from] Stealth Rock
|move|p1a: Chesnaught|Leech Seed|p2a: Rotom-Wash
|-start|p2a: Rotom-Wash|move: Leech Seed
|
|-heal|p2a: Rotom-Wash|183\/304 brn|[from] item: Leftovers
|-damage|p2a: Rotom-Wash|145\/304 brn|[from] Leech Seed|[of] p1a: Chesnaught
|-heal|p1a: Chesnaught|274\/380|[silent]
|-damage|p2a: Rotom-Wash|107\/304 brn|[from] brn
|turn|17
|
|move|p1a: Chesnaught|Spiky Shield|p1a: Chesnaught
|-singleturn|p1a: Chesnaught|move: Protect
|move|p2a: Rotom-Wash|Pain Split|p1a: Chesnaught
|-activate|p1a: Chesnaught|move: Protect
|
|-heal|p2a: Rotom-Wash|126\/304 brn|[from] item: Leftovers
|-damage|p2a: Rotom-Wash|88\/304 brn|[from] Leech Seed|[of] p1a: Chesnaught
|-heal|p1a: Chesnaught|312\/380|[silent]
|-damage|p2a: Rotom-Wash|50\/304 brn|[from] brn
|turn|18
|
|switch|p1a: Gengar|Gengar, M, shiny|40\/259
|-damage|p1a: Gengar|8\/259|[from] Stealth Rock
|move|p2a: Rotom-Wash|Volt Switch|p1a: Gengar
|-damage|p1a: Gengar|0 fnt
|faint|p1a: Gengar
|
|switch|p2a: Landorus-Therian|Landorus-Therian, M|381\/382
|-damage|p2a: Landorus-Therian|334\/382|[from] Stealth Rock
|
|-heal|p2a: Landorus-Therian|357\/382|[from] item: Leftovers
|
|switch|p1a: Chesnaught|Chesnaught, M, shiny|312\/380
|-damage|p1a: Chesnaught|289\/380|[from] Stealth Rock
|turn|19
|
|switch|p2a: Rotom-Wash|Rotom-Wash|50\/304 brn
|-damage|p2a: Rotom-Wash|12\/304 brn|[from] Stealth Rock
|move|p1a: Chesnaught|Leech Seed|p2a: Rotom-Wash
|-start|p2a: Rotom-Wash|move: Leech Seed
|
|-heal|p2a: Rotom-Wash|31\/304 brn|[from] item: Leftovers
|-damage|p2a: Rotom-Wash|0 fnt|[from] Leech Seed|[of] p1a: Chesnaught
|-heal|p1a: Chesnaught|320\/380|[silent]
|faint|p2a: Rotom-Wash
|
|switch|p2a: Metagross|Metagross-Mega|324\/345
|-damage|p2a: Metagross|303\/345|[from] Stealth Rock
|turn|20
|
|move|p1a: Chesnaught|Spiky Shield|p1a: Chesnaught
|-singleturn|p1a: Chesnaught|move: Protect
|move|p2a: Metagross|Agility|p2a: Metagross
|-boost|p2a: Metagross|spe|2
|
|turn|21
|
|switch|p1a: Alomomola|Alomomola, F|501\/501
|-damage|p1a: Alomomola|439\/501|[from] Stealth Rock
|move|p2a: Metagross|Zen Headbutt|p1a: Alomomola|[miss]
|-miss|p2a: Metagross|p1a: Alomomola
|
|-heal|p1a: Alomomola|470\/501|[from] item: Leftovers
|turn|22
|
|move|p2a: Metagross|Zen Headbutt|p1a: Alomomola|[miss]
|-miss|p2a: Metagross|p1a: Alomomola
|move|p1a: Alomomola|Scald|p2a: Metagross
|-damage|p2a: Metagross|261\/345
|
|-heal|p1a: Alomomola|501\/501|[from] item: Leftovers
|turn|23
|
|move|p2a: Metagross|Zen Headbutt|p1a: Alomomola
|-damage|p1a: Alomomola|254\/501
|move|p1a: Alomomola|Wish|p1a: Alomomola
|
|-heal|p1a: Alomomola|285\/501|[from] item: Leftovers
|turn|24
|
|move|p2a: Metagross|Zen Headbutt|p1a: Alomomola
|-damage|p1a: Alomomola|48\/501
|move|p1a: Alomomola|Scald|p2a: Metagross
|-damage|p2a: Metagross|219\/345
|
|-heal|p1a: Alomomola|298\/501|[from] move: Wish|[wisher] Alomomola
|-heal|p1a: Alomomola|329\/501|[from] item: Leftovers
|turn|25
|
|move|p1a: Alomomola|Protect|p1a: Alomomola
|-singleturn|p1a: Alomomola|Protect
|move|p2a: Metagross|Zen Headbutt|p1a: Alomomola
|-activate|p1a: Alomomola|Protect
|
|-heal|p1a: Alomomola|360\/501|[from] item: Leftovers
|turn|26
|
|move|p2a: Metagross|Zen Headbutt|p1a: Alomomola
|-damage|p1a: Alomomola|141\/501
|move|p1a: Alomomola|Wish|p1a: Alomomola
|
|-heal|p1a: Alomomola|172\/501|[from] item: Leftovers
|turn|27
|
|move|p1a: Alomomola|Protect|p1a: Alomomola
|-singleturn|p1a: Alomomola|Protect
|move|p2a: Metagross|Zen Headbutt|p1a: Alomomola
|-activate|p1a: Alomomola|Protect
|
|-heal|p1a: Alomomola|422\/501|[from] move: Wish|[wisher] Alomomola
|-heal|p1a: Alomomola|453\/501|[from] item: Leftovers
|turn|28
|
|move|p2a: Metagross|Zen Headbutt|p1a: Alomomola
|-damage|p1a: Alomomola|219\/501
|cant|p1a: Alomomola|flinch
|
|-heal|p1a: Alomomola|250\/501|[from] item: Leftovers
|turn|29
|
|move|p1a: Alomomola|Protect|p1a: Alomomola
|-singleturn|p1a: Alomomola|Protect
|move|p2a: Metagross|Zen Headbutt|p1a: Alomomola
|-activate|p1a: Alomomola|Protect
|
|-heal|p1a: Alomomola|281\/501|[from] item: Leftovers
|turn|30
|c| Omegasization|lol
|
|move|p2a: Metagross|Zen Headbutt|p1a: Alomomola
|-damage|p1a: Alomomola|70\/501
|move|p1a: Alomomola|Wish|p1a: Alomomola
|
|-heal|p1a: Alomomola|101\/501|[from] item: Leftovers
|turn|31
|
|move|p1a: Alomomola|Protect|p1a: Alomomola
|-singleturn|p1a: Alomomola|Protect
|move|p2a: Metagross|Earthquake|p1a: Alomomola
|-activate|p1a: Alomomola|Protect
|
|-heal|p1a: Alomomola|351\/501|[from] move: Wish|[wisher] Alomomola
|-heal|p1a: Alomomola|382\/501|[from] item: Leftovers
|turn|32
|c|★Arcanine is Regal|lol I predicted that eq
|c|★Arcanine is Regal|fwiw
|
|move|p2a: Metagross|Meteor Mash|p1a: Alomomola|[miss]
|-miss|p2a: Metagross|p1a: Alomomola
|move|p1a: Alomomola|Wish|p1a: Alomomola
|
|-heal|p1a: Alomomola|413\/501|[from] item: Leftovers
|turn|33
|
|move|p2a: Metagross|Zen Headbutt|p1a: Alomomola
|-damage|p1a: Alomomola|163\/501
|move|p1a: Alomomola|Scald|p2a: Metagross
|-damage|p2a: Metagross|176\/345
|
|-heal|p1a: Alomomola|413\/501|[from] move: Wish|[wisher] Alomomola
|-heal|p1a: Alomomola|444\/501|[from] item: Leftovers
|turn|34
|
|move|p1a: Alomomola|Protect|p1a: Alomomola
|-singleturn|p1a: Alomomola|Protect
|move|p2a: Metagross|Zen Headbutt|p1a: Alomomola
|-activate|p1a: Alomomola|Protect
|
|-heal|p1a: Alomomola|475\/501|[from] item: Leftovers
|turn|35
|c| Omegasization|pls burn
|c| Omegasization|.-.
|
|move|p2a: Metagross|Zen Headbutt|p1a: Alomomola|[miss]
|-miss|p2a: Metagross|p1a: Alomomola
|move|p1a: Alomomola|Wish|p1a: Alomomola
|
|-heal|p1a: Alomomola|501\/501|[from] item: Leftovers
|turn|36
|
|move|p2a: Metagross|Zen Headbutt|p1a: Alomomola
|-damage|p1a: Alomomola|267\/501
|cant|p1a: Alomomola|flinch
|
|-heal|p1a: Alomomola|501\/501|[from] move: Wish|[wisher] Alomomola
|turn|37
|c|★Arcanine is Regal|doesnt really matter
|c|★Arcanine is Regal|cuz I win with bisharp and ches
|
|move|p2a: Metagross|Zen Headbutt|p1a: Alomomola
|-damage|p1a: Alomomola|264\/501
|move|p1a: Alomomola|Wish|p1a: Alomomola
|
|-heal|p1a: Alomomola|295\/501|[from] item: Leftovers
|turn|38
|
|move|p2a: Metagross|Zen Headbutt|p1a: Alomomola
|-damage|p1a: Alomomola|76\/501
|cant|p1a: Alomomola|flinch
|
|-heal|p1a: Alomomola|326\/501|[from] move: Wish|[wisher] Alomomola
|-heal|p1a: Alomomola|357\/501|[from] item: Leftovers
|turn|39
|
|move|p1a: Alomomola|Protect|p1a: Alomomola
|-singleturn|p1a: Alomomola|Protect
|move|p2a: Metagross|Zen Headbutt|p1a: Alomomola
|-activate|p1a: Alomomola|Protect
|
|-heal|p1a: Alomomola|388\/501|[from] item: Leftovers
|turn|40
|
|move|p2a: Metagross|Zen Headbutt|p1a: Alomomola
|-damage|p1a: Alomomola|156\/501
|move|p1a: Alomomola|Wish|p1a: Alomomola
|
|-heal|p1a: Alomomola|187\/501|[from] item: Leftovers
|turn|41
|
|switch|p2a: Crawdaunt|Crawdaunt, M|208\/267
|-damage|p2a: Crawdaunt|175\/267|[from] Stealth Rock
|move|p1a: Alomomola|Protect|p1a: Alomomola
|-fail|p1a: Alomomola
|
|-heal|p1a: Alomomola|437\/501|[from] move: Wish|[wisher] Alomomola
|-heal|p1a: Alomomola|468\/501|[from] item: Leftovers
|turn|42
|
|switch|p1a: Altaria|Altaria-Mega, F, shiny|179\/353 par
|-damage|p1a: Altaria|135\/353 par|[from] Stealth Rock
|move|p2a: Crawdaunt|Swords Dance|p2a: Crawdaunt
|-boost|p2a: Crawdaunt|atk|2
|
|turn|43
|
|move|p2a: Crawdaunt|Crabhammer|p1a: Altaria
|-resisted|p1a: Altaria
|-damage|p1a: Altaria|0 fnt
|-damage|p2a: Crawdaunt|149\/267|[from] item: Life Orb
|faint|p1a: Altaria
|
|c|★Arcanine is Regal|also I got full parad, when I wouldve heal belled...
|
|switch|p1a: Chesnaught|Chesnaught, M, shiny|320\/380
|-damage|p1a: Chesnaught|297\/380|[from] Stealth Rock
|turn|44
|
|move|p2a: Crawdaunt|Crabhammer|p1a: Chesnaught
|-resisted|p1a: Chesnaught
|-damage|p1a: Chesnaught|101\/380
|-damage|p2a: Crawdaunt|123\/267|[from] item: Life Orb
|move|p1a: Chesnaught|Drain Punch|p2a: Crawdaunt
|-supereffective|p2a: Crawdaunt
|-damage|p2a: Crawdaunt|0 fnt
|-heal|p1a: Chesnaught|163\/380|[from] drain|[of] p2a: Crawdaunt
|faint|p2a: Crawdaunt
|
|
|switch|p2a: Metagross|Metagross-Mega|176\/345
|-damage|p2a: Metagross|155\/345|[from] Stealth Rock
|turn|45
|
|move|p1a: Chesnaught|Spiky Shield|p1a: Chesnaught
|-singleturn|p1a: Chesnaught|move: Protect
|move|p2a: Metagross|Zen Headbutt|p1a: Chesnaught
|-activate|p1a: Chesnaught|move: Protect
|-damage|p2a: Metagross|112\/345|[from] Spiky Shield|[of] p1a: Chesnaught
|
|turn|46
|
|move|p2a: Metagross|Zen Headbutt|p1a: Chesnaught
|-crit|p1a: Chesnaught
|-supereffective|p1a: Chesnaught
|-damage|p1a: Chesnaught|0 fnt
|faint|p1a: Chesnaught
|
|
|switch|p1a: Alomomola|Alomomola, F|501\/501
|-damage|p1a: Alomomola|439\/501|[from] Stealth Rock
|turn|47
|
|move|p2a: Metagross|Zen Headbutt|p1a: Alomomola
|-damage|p1a: Alomomola|205\/501
|move|p1a: Alomomola|Wish|p1a: Alomomola
|
|-heal|p1a: Alomomola|236\/501|[from] item: Leftovers
|turn|48
|
|move|p1a: Alomomola|Protect|p1a: Alomomola
|-singleturn|p1a: Alomomola|Protect
|move|p2a: Metagross|Earthquake|p1a: Alomomola
|-activate|p1a: Alomomola|Protect
|
|-heal|p1a: Alomomola|486\/501|[from] move: Wish|[wisher] Alomomola
|-heal|p1a: Alomomola|501\/501|[from] item: Leftovers
|turn|49
|
|move|p2a: Metagross|Zen Headbutt|p1a: Alomomola
|-damage|p1a: Alomomola|254\/501
|move|p1a: Alomomola|Wish|p1a: Alomomola
|
|-heal|p1a: Alomomola|285\/501|[from] item: Leftovers
|turn|50
|
|move|p2a: Metagross|Meteor Mash|p1a: Alomomola
|-resisted|p1a: Alomomola
|-damage|p1a: Alomomola|157\/501
|move|p1a: Alomomola|Scald|p2a: Metagross
|-damage|p2a: Metagross|66\/345
|
|-heal|p1a: Alomomola|407\/501|[from] move: Wish|[wisher] Alomomola
|-heal|p1a: Alomomola|438\/501|[from] item: Leftovers
|turn|51
|
|move|p1a: Alomomola|Protect|p1a: Alomomola
|-singleturn|p1a: Alomomola|Protect
|move|p2a: Metagross|Zen Headbutt|p1a: Alomomola
|-activate|p1a: Alomomola|Protect
|
|-heal|p1a: Alomomola|469\/501|[from] item: Leftovers
|turn|52
|
|move|p2a: Metagross|Meteor Mash|p1a: Alomomola
|-resisted|p1a: Alomomola
|-damage|p1a: Alomomola|329\/501
|-boost|p2a: Metagross|atk|1
|move|p1a: Alomomola|Wish|p1a: Alomomola
|
|-heal|p1a: Alomomola|360\/501|[from] item: Leftovers
|turn|53
|
|move|p2a: Metagross|Earthquake|p1a: Alomomola
|-damage|p1a: Alomomola|154\/501
|move|p1a: Alomomola|Scald|p2a: Metagross
|-crit|p2a: Metagross
|-damage|p2a: Metagross|5\/345
|
|-heal|p1a: Alomomola|404\/501|[from] move: Wish|[wisher] Alomomola
|-heal|p1a: Alomomola|435\/501|[from] item: Leftovers
|turn|54
|c|★Arcanine is Regal|oml
|
|move|p1a: Alomomola|Protect|p1a: Alomomola
|-singleturn|p1a: Alomomola|Protect
|move|p2a: Metagross|Earthquake|p1a: Alomomola
|-activate|p1a: Alomomola|Protect
|
|-heal|p1a: Alomomola|466\/501|[from] item: Leftovers
|turn|55
|
|move|p2a: Metagross|Zen Headbutt|p1a: Alomomola
|-damage|p1a: Alomomola|100\/501
|cant|p1a: Alomomola|flinch
|
|-heal|p1a: Alomomola|131\/501|[from] item: Leftovers
|turn|56
|
|move|p1a: Alomomola|Protect|p1a: Alomomola
|-singleturn|p1a: Alomomola|Protect
|move|p2a: Metagross|Earthquake|p1a: Alomomola
|-activate|p1a: Alomomola|Protect
|
|-heal|p1a: Alomomola|162\/501|[from] item: Leftovers
|turn|57
|c| Omegasization|still going
|
|switch|p1a: Bisharp|Bisharp, M, shiny|272\/272
|-damage|p1a: Bisharp|255\/272|[from] Stealth Rock
|move|p2a: Metagross|Earthquake|p1a: Bisharp
|-supereffective|p1a: Bisharp
|-damage|p1a: Bisharp|0 fnt
|faint|p1a: Bisharp
|
|
|switch|p1a: Alomomola|Alomomola, F|329\/501
|-damage|p1a: Alomomola|267\/501|[from] Stealth Rock
|turn|58
|
|move|p2a: Metagross|Earthquake|p1a: Alomomola
|-damage|p1a: Alomomola|32\/501
|move|p1a: Alomomola|Scald|p2a: Metagross
|-damage|p2a: Metagross|0 fnt
|faint|p2a: Metagross
|
|-heal|p1a: Alomomola|63\/501|[from] item: Leftovers
|
|switch|p2a: Landorus-Therian|Landorus-Therian, M|357\/382
|-damage|p2a: Landorus-Therian|310\/382|[from] Stealth Rock
|-ability|p2a: Landorus-Therian|Intimidate|[of] p1a: Alomomola
|-unboost|p1a: Alomomola|atk|1
|turn|59
|
|move|p1a: Alomomola|Protect|p1a: Alomomola
|-singleturn|p1a: Alomomola|Protect
|move|p2a: Landorus-Therian|Earthquake|p1a: Alomomola
|-activate|p1a: Alomomola|Protect
|
|-heal|p2a: Landorus-Therian|333\/382|[from] item: Leftovers
|-heal|p1a: Alomomola|94\/501|[from] item: Leftovers
|turn|60
|
|move|p2a: Landorus-Therian|Earthquake|p1a: Alomomola
|-damage|p1a: Alomomola|0 fnt
|faint|p1a: Alomomola
|
|win|indian hedgehog
|raw|Ladder updating...
|raw|Arcanine is Regal's rating: 1633 &rarr; <strong>1613<\/strong><br \/>(-20 for losing)
|raw|indian hedgehog's rating: 1634 &rarr; <strong>1654<\/strong><br \/>(+20 for winning)
|c|★Arcanine is Regal|man that game was some bs
|c|★Arcanine is Regal|I dont get a burn
|leave|indian hedgehog
|player|p2
|join|Based Gambit
|c|★Arcanine is Regal|but you get an attack raise after two tries
|c|★Arcanine is Regal|then leave as if youre good...
|c|★Arcanine is Regal|smh
|leave|Arcanine is Regal
|player|p1
|leave|Based Gambit
|join|CatchThisDead
|leave|CatchThisDead