|join|Bob the Bae
|join|Haxa
|player|p1|Bob the Bae|23
|player|p2|Haxa|279
|gametype|singles
|gen|6
|tier|UU
|rated
|rule|Sleep Clause Mod: Limit one foe put to sleep
|rule|Species Clause: Limit one of each Pokémon
|rule|OHKO Clause: OHKO moves are banned
|rule|Moody Clause: Moody is banned
|rule|Evasion Moves Clause: Evasion moves are banned
|rule|Endless Battle Clause: Forcing endless battles is banned
|rule|HP Percentage Mod: HP is shown in percentages
|clearpoke
|poke|p1|Blissey, F
|poke|p1|Noivern, M
|poke|p1|Weezing, M
|poke|p1|Arcanine, F
|poke|p1|Gligar, M
|poke|p1|Virizion
|poke|p2|Metagross
|poke|p2|Mienshao, M
|poke|p2|Aerodactyl, M
|poke|p2|Roserade, M
|poke|p2|Swampert, M
|poke|p2|Florges, F
|rule|Swagger Clause: Swagger is banned
|rule|Baton Pass Clause: Limit one Pokémon knowing Baton Pass
|teampreview
|
|start
|switch|p1a: 8.21179|Arcanine, F|383\/383
|switch|p2a: Mienshao|Mienshao, M|271\/271
|-ability|p1a: 8.21179|Intimidate|[of] p2a: Mienshao
|-unboost|p2a: Mienshao|atk|1
|turn|1
|
|move|p2a: Mienshao|U-turn|p1a: 8.21179
|-crit|p1a: 8.21179
|-resisted|p1a: 8.21179
|-damage|p1a: 8.21179|318\/383
|-damage|p2a: Mienshao|244\/271|[from] item: Life Orb
|
|switch|p2a: Swampert|Swampert, M|404\/404
|move|p1a: 8.21179|Will-O-Wisp|p2a: Swampert
|-status|p2a: Swampert|brn
|
|-heal|p1a: 8.21179|341\/383|[from] item: Leftovers
|-damage|p2a: Swampert|354\/404 brn|[from] brn
|turn|2
|
|switch|p1a: 1.21976|Virizion|323\/323
|move|p2a: Swampert|Stealth Rock|p1a: 1.21976
|-sidestart|p1: Bob the Bae|move: Stealth Rock
|
|-heal|p2a: Swampert|379\/404 brn|[from] item: Leftovers
|-damage|p2a: Swampert|329\/404 brn|[from] brn
|turn|3
|
|switch|p2a: Aerodactyl|Aerodactyl, M|301\/301
|-ability|p2a: Aerodactyl|Pressure
|move|p1a: 1.21976|Close Combat|p2a: Aerodactyl
|-damage|p2a: Aerodactyl|57\/301
|-unboost|p1a: 1.21976|def|1
|-unboost|p1a: 1.21976|spd|1
|
|turn|4
|
|switch|p1a: 1.03736|Weezing, M|334\/334
|-damage|p1a: 1.03736|293\/334|[from] Stealth Rock
|detailschange|p2a: Aerodactyl|Aerodactyl-Mega, M
|message|Aerodactyl has Mega Evolved into Mega Aerodactyl!
|move|p2a: Aerodactyl|Hone Claws|p2a: Aerodactyl
|-boost|p2a: Aerodactyl|atk|1
|-boost|p2a: Aerodactyl|accuracy|1
|
|-heal|p1a: 1.03736|313\/334|[from] item: Black Sludge
|turn|5
|
|move|p2a: Aerodactyl|Stone Edge|p1a: 1.03736
|-damage|p1a: 1.03736|142\/334
|move|p1a: 1.03736|Will-O-Wisp|p2a: Aerodactyl
|-status|p2a: Aerodactyl|brn
|
|-heal|p1a: 1.03736|162\/334|[from] item: Black Sludge
|-damage|p2a: Aerodactyl|20\/301 brn|[from] brn
|turn|6
|
|switch|p2a: Florges|Florges, F|359\/359
|switch|p1a: 2.71406|Gligar, M|334\/334
|-damage|p1a: 2.71406|293\/334|[from] Stealth Rock
|
|turn|7
|
|move|p1a: 2.71406|Stealth Rock|p2a: Florges
|-sidestart|p2: Haxa|move: Stealth Rock
|move|p2a: Florges|Aromatherapy|p2a: Florges
|-cureteam|p2a: Florges|[from] move: Aromatherapy
|
|turn|8
|
|switch|p1a: 9.58093|Blissey, F|714\/714
|-damage|p1a: 9.58093|625\/714|[from] Stealth Rock
|move|p2a: Florges|Moonblast|p1a: 9.58093
|-damage|p1a: 9.58093|534\/714
|
|-heal|p1a: 9.58093|578\/714|[from] item: Leftovers
|turn|9
|
|switch|p2a: Metagross|Metagross|364\/364
|-damage|p2a: Metagross|342\/364|[from] Stealth Rock
|move|p1a: 9.58093|Wish|p1a: 9.58093
|
|-heal|p2a: Metagross|364\/364|[from] item: Leftovers
|-heal|p1a: 9.58093|622\/714|[from] item: Leftovers
|turn|10
|
|switch|p1a: 1.03736|Weezing, M|162\/334
|-damage|p1a: 1.03736|121\/334|[from] Stealth Rock
|move|p2a: Metagross|Zen Headbutt|p1a: 1.03736|[miss]
|-miss|p2a: Metagross|p1a: 1.03736
|
|-heal|p1a: 1.03736|334\/334|[from] move: Wish|[wisher] 9.58093
|turn|11
|
|switch|p2a: Aerodactyl|Aerodactyl-Mega, M|20\/301
|-damage|p2a: Aerodactyl|0 fnt|[from] Stealth Rock
|faint|p2a: Aerodactyl
|switch|p1a: 2.71406|Gligar, M|293\/334
|-damage|p1a: 2.71406|252\/334|[from] Stealth Rock
|
|
|switch|p2a: Swampert|Swampert, M|329\/404
|-damage|p2a: Swampert|304\/404|[from] Stealth Rock
|turn|12
|
|switch|p1a: 1.21976|Virizion|323\/323
|-damage|p1a: 1.21976|303\/323|[from] Stealth Rock
|move|p2a: Swampert|Waterfall|p1a: 1.21976
|-resisted|p1a: 1.21976
|-damage|p1a: 1.21976|238\/323
|
|-heal|p2a: Swampert|329\/404|[from] item: Leftovers
|turn|13
|
|switch|p2a: Metagross|Metagross|364\/364
|-damage|p2a: Metagross|342\/364|[from] Stealth Rock
|move|p1a: 1.21976|Swords Dance|p1a: 1.21976
|-boost|p1a: 1.21976|atk|2
|
|-heal|p2a: Metagross|364\/364|[from] item: Leftovers
|turn|14
|
|switch|p1a: 8.21179|Arcanine, F|341\/383
|-damage|p1a: 8.21179|246\/383|[from] Stealth Rock
|-ability|p1a: 8.21179|Intimidate|[of] p2a: Metagross
|-fail|p2a: Metagross|unboost|[from] ability: Clear Body|[of] p2a: Metagross
|move|p2a: Metagross|Zen Headbutt|p1a: 8.21179|[miss]
|-miss|p2a: Metagross|p1a: 8.21179
|
|-heal|p1a: 8.21179|269\/383|[from] item: Leftovers
|turn|15
|
|move|p1a: 8.21179|Will-O-Wisp|p2a: Metagross
|-status|p2a: Metagross|brn
|move|p2a: Metagross|Earthquake|p1a: 8.21179
|-crit|p1a: 8.21179
|-supereffective|p1a: 8.21179
|-damage|p1a: 8.21179|83\/383
|
|-heal|p1a: 8.21179|106\/383|[from] item: Leftovers
|-damage|p2a: Metagross|319\/364 brn|[from] brn
|turn|16
|-message|Haxa forfeited.
|
|win|Bob the Bae
|raw|Ladder updating...
|leave|Haxa
|player|p2
|raw|Bob the Bae's rating: 1610 &rarr; <strong>1620<\/strong><br \/>(+10 for winning)
|raw|Haxa's rating: 1419 &rarr; <strong>1409<\/strong><br \/>(-10 for losing)