|join|kokoloko
|join|Bob the Bae
|player|p1|kokoloko|169
|player|p2|Bob the Bae|23
|gametype|singles
|gen|6
|tier|UU
|rated
|rule|Sleep Clause Mod: Limit one foe put to sleep
|rule|Species Clause: Limit one of each Pokémon
|rule|OHKO Clause: OHKO moves are banned
|rule|Moody Clause: Moody is banned
|rule|Evasion Moves Clause: Evasion moves are banned
|rule|Endless Battle Clause: Forcing endless battles is banned
|rule|HP Percentage Mod: HP is shown in percentages
|clearpoke
|poke|p1|Sableye, F
|poke|p1|Machamp, M
|poke|p1|Shaymin
|poke|p1|Jirachi
|poke|p1|Swampert, F
|poke|p1|Alakazam, M
|poke|p2|Blissey, F
|poke|p2|Noivern, F
|poke|p2|Weezing, F
|poke|p2|Alomomola, M
|poke|p2|Gligar, F
|poke|p2|Virizion
|rule|Swagger Clause: Swagger is banned
|rule|Baton Pass Clause: Limit one Pokémon knowing Baton Pass
|teampreview
|
|start
|switch|p1a: Alakazam|Alakazam, M|252\/252
|switch|p2a: 3.98100|Noivern, F|317\/317
|turn|1
|
|detailschange|p1a: Alakazam|Alakazam-Mega, M
|message|Alakazam has Mega Evolved into Mega Alakazam!
|-ability|p1a: Alakazam|Infiltrator|[from] ability: Trace|[of] p2a: 3.98100
|move|p1a: Alakazam|Protect|p1a: Alakazam
|-singleturn|p1a: Alakazam|Protect
|move|p2a: 3.98100|U-turn|p1a: Alakazam
|-activate|p1a: Alakazam|Protect
|
|turn|2
|
|switch|p1a: Jirachi|Jirachi|341\/341
|move|p2a: 3.98100|U-turn|p1a: Jirachi
|-damage|p1a: Jirachi|305\/341
|
|switch|p2a: 1.03736|Weezing, F|334\/334
|
|turn|3
|
|move|p1a: Jirachi|Trick|p2a: 1.03736
|-activate|p1a: Jirachi|move: Trick|[of] p2a: 1.03736
|-item|p2a: 1.03736|Choice Scarf|[from] move: Trick
|-item|p1a: Jirachi|Black Sludge|[from] move: Trick
|move|p2a: 1.03736|Toxic Spikes|p1a: Jirachi
|-sidestart|p1: kokoloko|move: Toxic Spikes
|
|-damage|p1a: Jirachi|263\/341|[from] item: Black Sludge
|turn|4
|
|move|p1a: Jirachi|U-turn|p2a: 1.03736
|-resisted|p2a: 1.03736
|-damage|p2a: 1.03736|311\/334
|join|Happee
|
|switch|p1a: Shaymin|Shaymin|341\/341
|-status|p1a: Shaymin|psn
|move|p2a: 1.03736|Toxic Spikes|p1a: Shaymin
|-sidestart|p1: kokoloko|move: Toxic Spikes
|
|-damage|p1a: Shaymin|299\/341 psn|[from] psn
|turn|5
|
|switch|p1a: Machamp|Machamp, M|363\/363
|-status|p1a: Machamp|tox
|switch|p2a: 3.98100|Noivern, F|317\/317
|
|-damage|p1a: Machamp|341\/363 tox|[from] psn
|turn|6
|
|move|p2a: 3.98100|U-turn|p1a: Machamp
|-resisted|p1a: Machamp
|-damage|p1a: Machamp|317\/363 tox
|
|switch|p2a: 2.71406|Gligar, F|334\/334
|move|p1a: Machamp|Stone Edge|p2a: 2.71406
|-damage|p2a: 2.71406|257\/334
|
|-damage|p1a: Machamp|273\/363 tox|[from] psn
|turn|7
|
|move|p2a: 2.71406|Stealth Rock|p1a: Machamp
|-sidestart|p1: kokoloko|move: Stealth Rock
|move|p1a: Machamp|Knock Off|p2a: 2.71406
|-damage|p2a: 2.71406|176\/334
|-enditem|p2a: 2.71406|Eviolite|[from] move: Knock Off|[of] p1a: Machamp
|
|-damage|p1a: Machamp|207\/363 tox|[from] psn
|turn|8
|join|HaseYuki
|
|switch|p2a: 1.03736|Weezing, F|311\/334
|switch|p1a: Swampert|Swampert, F|401\/401
|-damage|p1a: Swampert|376\/401|[from] Stealth Rock
|-status|p1a: Swampert|tox
|
|-heal|p1a: Swampert|401\/401 tox|[from] item: Leftovers
|-damage|p1a: Swampert|376\/401 tox|[from] psn
|turn|9
|
|switch|p2a: 3.35700|Alomomola, M|534\/534
|move|p1a: Swampert|Stealth Rock|p2a: 3.35700
|-sidestart|p2: Bob the Bae|move: Stealth Rock
|
|-heal|p1a: Swampert|401\/401 tox|[from] item: Leftovers
|-damage|p1a: Swampert|351\/401 tox|[from] psn
|turn|10
|
|move|p2a: 3.35700|Wish|p2a: 3.35700
|move|p1a: Swampert|Scald|p2a: 3.35700
|-resisted|p2a: 3.35700
|-damage|p2a: 3.35700|458\/534
|
|-heal|p2a: 3.35700|491\/534|[from] item: Leftovers
|-heal|p1a: Swampert|376\/401 tox|[from] item: Leftovers
|-damage|p1a: Swampert|301\/401 tox|[from] psn
|turn|11
|
|move|p2a: 3.35700|Knock Off|p1a: Swampert
|-crit|p1a: Swampert
|-damage|p1a: Swampert|229\/401 tox
|-enditem|p1a: Swampert|Leftovers|[from] move: Knock Off|[of] p2a: 3.35700
|move|p1a: Swampert|Scald|p2a: 3.35700
|-resisted|p2a: 3.35700
|-damage|p2a: 3.35700|413\/534
|
|-heal|p2a: 3.35700|534\/534|[from] move: Wish|[wisher] 3.35700
|-damage|p1a: Swampert|129\/401 tox|[from] psn
|turn|12
|
|switch|p2a: 9.58093|Blissey, F|714\/714
|-damage|p2a: 9.58093|625\/714|[from] Stealth Rock
|move|p1a: Swampert|Scald|p2a: 9.58093
|-damage|p2a: 9.58093|531\/714
|
|-heal|p2a: 9.58093|575\/714|[from] item: Leftovers
|-damage|p1a: Swampert|4\/401 tox|[from] psn
|turn|13
|
|move|p2a: 9.58093|Wish|p2a: 9.58093
|move|p1a: Swampert|Earthquake|p2a: 9.58093
|-damage|p2a: 9.58093|361\/714
|
|-heal|p2a: 9.58093|405\/714|[from] item: Leftovers
|-damage|p1a: Swampert|0 fnt|[from] psn
|faint|p1a: Swampert
|
|switch|p1a: Machamp|Machamp, M|207\/363 tox
|-damage|p1a: Machamp|185\/363 tox|[from] Stealth Rock
|turn|14
|
|move|p1a: Machamp|Knock Off|p2a: 9.58093
|-damage|p2a: 9.58093|167\/714
|-enditem|p2a: 9.58093|Leftovers|[from] move: Knock Off|[of] p1a: Machamp
|move|p2a: 9.58093|Seismic Toss|p1a: Machamp
|-damage|p1a: Machamp|85\/363 tox
|
|-heal|p2a: 9.58093|524\/714|[from] move: Wish|[wisher] 9.58093
|-damage|p1a: Machamp|63\/363 tox|[from] psn
|turn|15
|
|switch|p1a: Jirachi|Jirachi|263\/341
|-damage|p1a: Jirachi|242\/341|[from] Stealth Rock
|move|p2a: 9.58093|Protect|p2a: 9.58093
|-fail|p2a: 9.58093
|
|-damage|p1a: Jirachi|200\/341|[from] item: Black Sludge
|turn|16
|c|★Bob the Bae|that was a misclick lol
|c|★Bob the Bae|almost pooped my pants
|
|move|p2a: 9.58093|Protect|p2a: 9.58093
|-singleturn|p2a: 9.58093|Protect
|move|p1a: Jirachi|Trick|p2a: 9.58093
|-activate|p2a: 9.58093|Protect
|
|-damage|p1a: Jirachi|158\/341|[from] item: Black Sludge
|turn|17
|
|switch|p2a: 1.03736|Weezing, F|311\/334
|-damage|p2a: 1.03736|270\/334|[from] Stealth Rock
|move|p1a: Jirachi|Trick|p2a: 1.03736
|-activate|p1a: Jirachi|move: Trick|[of] p2a: 1.03736
|-item|p2a: 1.03736|Black Sludge|[from] move: Trick
|-item|p1a: Jirachi|Choice Scarf|[from] move: Trick
|
|-heal|p2a: 1.03736|290\/334|[from] item: Black Sludge
|turn|18
|
|move|p1a: Jirachi|Iron Head|p2a: 1.03736
|-damage|p2a: 1.03736|211\/334
|move|p2a: 1.03736|Will-O-Wisp|p1a: Jirachi
|-status|p1a: Jirachi|brn
|
|-heal|p2a: 1.03736|231\/334|[from] item: Black Sludge
|-damage|p1a: Jirachi|116\/341 brn|[from] brn
|turn|19
|-message|kokoloko forfeited.
|
|win|Bob the Bae
|raw|Ladder updating...
|leave|kokoloko
|player|p1
|raw|kokoloko's rating: 1748 &rarr; <strong>1726<\/strong><br \/>(-22 for losing)
|raw|Bob the Bae's rating: 1713 &rarr; <strong>1735<\/strong><br \/>(+22 for winning)
|leave|HaseYuki