|join|fatboyfat
|join|Bob the Bae
|player|p1|fatboyfat|242
|player|p2|Bob the Bae|23
|gametype|singles
|gen|6
|tier|UU
|rated
|rule|Sleep Clause Mod: Limit one foe put to sleep
|rule|Species Clause: Limit one of each Pokémon
|rule|OHKO Clause: OHKO moves are banned
|rule|Moody Clause: Moody is banned
|rule|Evasion Moves Clause: Evasion moves are banned
|rule|Endless Battle Clause: Forcing endless battles is banned
|rule|HP Percentage Mod: HP is shown in percentages
|clearpoke
|poke|p1|Gallade, M
|poke|p1|Bronzong
|poke|p1|Hydreigon, M
|poke|p1|Crobat, F
|poke|p1|Rotom-Heat
|poke|p1|Suicune
|poke|p2|Gallade, M
|poke|p2|Mienshao, F
|poke|p2|Raikou
|poke|p2|Roserade, F
|poke|p2|Forretress, M
|poke|p2|Vaporeon, M
|rule|Swagger Clause: Swagger is banned
|rule|Baton Pass Clause: Limit one Pokémon knowing Baton Pass
|teampreview
|
|start
|switch|p1a: Rotom-Heat|Rotom-Heat|304\/304
|switch|p2a: Raikou|Raikou|321\/321
|-ability|p2a: Raikou|Pressure
|turn|1
|
|move|p2a: Raikou|Volt Switch|p1a: Rotom-Heat
|-resisted|p1a: Rotom-Heat
|-damage|p1a: Rotom-Heat|228\/304
|
|switch|p2a: Roserade|Roserade, F|261\/261
|move|p1a: Rotom-Heat|Overheat|p2a: Roserade
|-supereffective|p2a: Roserade
|-damage|p2a: Roserade|0 fnt
|-unboost|p1a: Rotom-Heat|spa|2
|faint|p2a: Roserade
|
|-heal|p1a: Rotom-Heat|247\/304|[from] item: Leftovers
|
|switch|p2a: Gallade|Gallade, M|277\/277
|turn|2
|
|detailschange|p2a: Gallade|Gallade-Mega, M
|message|Gallade has Mega Evolved into Mega Gallade!
|move|p2a: Gallade|Close Combat|p1a: Rotom-Heat
|-damage|p1a: Rotom-Heat|82\/304
|-unboost|p2a: Gallade|def|1
|-unboost|p2a: Gallade|spd|1
|move|p1a: Rotom-Heat|Will-O-Wisp|p2a: Gallade
|-status|p2a: Gallade|brn
|
|-heal|p1a: Rotom-Heat|101\/304|[from] item: Leftovers
|-damage|p2a: Gallade|243\/277 brn|[from] brn
|turn|3
|
|move|p2a: Gallade|Close Combat|p1a: Rotom-Heat
|-damage|p1a: Rotom-Heat|20\/304
|-unboost|p2a: Gallade|def|1
|-unboost|p2a: Gallade|spd|1
|move|p1a: Rotom-Heat|Pain Split|p2a: Gallade
|-sethp|p2a: Gallade|131\/277 brn|p1a: Rotom-Heat|131\/304|[from] move: Pain Split
|
|-heal|p1a: Rotom-Heat|150\/304|[from] item: Leftovers
|-damage|p2a: Gallade|97\/277 brn|[from] brn
|turn|4
|
|switch|p2a: Raikou|Raikou|321\/321
|-ability|p2a: Raikou|Pressure
|switch|p1a: Crobat|Crobat, F|373\/373
|
|turn|5
|
|switch|p1a: Hydreigon|Hydreigon, M|325\/325
|move|p2a: Raikou|Thunderbolt|p1a: Hydreigon
|-crit|p1a: Hydreigon
|-resisted|p1a: Hydreigon
|-damage|p1a: Hydreigon|138\/325
|
|turn|6
|
|switch|p2a: Vaporeon|Vaporeon, M|464\/464
|move|p1a: Hydreigon|Draco Meteor|p2a: Vaporeon
|-damage|p2a: Vaporeon|268\/464
|-unboost|p1a: Hydreigon|spa|2
|
|-heal|p2a: Vaporeon|297\/464|[from] item: Leftovers
|turn|7
|
|switch|p1a: Bronzong|Bronzong|338\/338
|move|p2a: Vaporeon|Baton Pass|p2a: Vaporeon
|
|switch|p2a: Raikou|Raikou|321\/321
|-ability|p2a: Raikou|Pressure
|
|turn|8
|
|move|p2a: Raikou|Thunderbolt|p1a: Bronzong
|-damage|p1a: Bronzong|194\/338
|move|p1a: Bronzong|Stealth Rock|p2a: Raikou
|-sidestart|p2: Bob the Bae|move: Stealth Rock
|
|-heal|p1a: Bronzong|215\/338|[from] item: Leftovers
|turn|9
|
|move|p1a: Bronzong|Protect|p1a: Bronzong
|-singleturn|p1a: Bronzong|Protect
|move|p2a: Raikou|Thunderbolt|p1a: Bronzong
|-activate|p1a: Bronzong|Protect
|
|-heal|p1a: Bronzong|236\/338|[from] item: Leftovers
|turn|10
|
|move|p2a: Raikou|Thunderbolt|p1a: Bronzong
|-crit|p1a: Bronzong
|-damage|p1a: Bronzong|19\/338
|move|p1a: Bronzong|Gyro Ball|p2a: Raikou
|-resisted|p2a: Raikou
|-damage|p2a: Raikou|231\/321
|
|-heal|p1a: Bronzong|40\/338|[from] item: Leftovers
|turn|11
|
|move|p2a: Raikou|Thunderbolt|p1a: Bronzong
|-damage|p1a: Bronzong|0 fnt
|faint|p1a: Bronzong
|
|
|switch|p1a: Hydreigon|Hydreigon, M|138\/325
|turn|12
|
|switch|p2a: Gallade|Gallade-Mega, M|97\/277 brn
|-damage|p2a: Gallade|80\/277 brn|[from] Stealth Rock
|move|p1a: Hydreigon|Draco Meteor|p2a: Gallade
|-damage|p2a: Gallade|0 fnt
|-unboost|p1a: Hydreigon|spa|2
|faint|p2a: Gallade
|
|
|switch|p2a: Forretress|Forretress, M|354\/354
|-damage|p2a: Forretress|310\/354|[from] Stealth Rock
|turn|13
|
|switch|p1a: Rotom-Heat|Rotom-Heat|150\/304
|move|p2a: Forretress|Stealth Rock|p1a: Rotom-Heat
|-sidestart|p1: fatboyfat|move: Stealth Rock
|
|-heal|p1a: Rotom-Heat|169\/304|[from] item: Leftovers
|-heal|p2a: Forretress|332\/354|[from] item: Leftovers
|turn|14
|
|switch|p2a: Vaporeon|Vaporeon, M|297\/464
|-damage|p2a: Vaporeon|239\/464|[from] Stealth Rock
|move|p1a: Rotom-Heat|Volt Switch|p2a: Vaporeon
|-supereffective|p2a: Vaporeon
|-damage|p2a: Vaporeon|81\/464
|
|switch|p1a: Gallade|Gallade, M|337\/337
|-damage|p1a: Gallade|316\/337|[from] Stealth Rock
|
|-heal|p2a: Vaporeon|110\/464|[from] item: Leftovers
|turn|15
|
|switch|p2a: Forretress|Forretress, M|332\/354
|-damage|p2a: Forretress|288\/354|[from] Stealth Rock
|detailschange|p1a: Gallade|Gallade-Mega, M
|message|Gallade has Mega Evolved into Mega Gallade!
|move|p1a: Gallade|Substitute|p1a: Gallade
|-start|p1a: Gallade|Substitute
|-damage|p1a: Gallade|232\/337
|
|-heal|p2a: Forretress|310\/354|[from] item: Leftovers
|turn|16
|
|move|p1a: Gallade|Bulk Up|p1a: Gallade
|-boost|p1a: Gallade|atk|1
|-boost|p1a: Gallade|def|1
|move|p2a: Forretress|Rapid Spin|p1a: Gallade
|-activate|p1a: Gallade|Substitute|[damage]
|-sideend|p2: Bob the Bae|Stealth Rock|[from] move: Rapid Spin|[of] p2a: Forretress
|
|-heal|p2a: Forretress|332\/354|[from] item: Leftovers
|turn|17
|
|move|p1a: Gallade|Bulk Up|p1a: Gallade
|-boost|p1a: Gallade|atk|1
|-boost|p1a: Gallade|def|1
|move|p2a: Forretress|Volt Switch|p1a: Gallade
|-activate|p1a: Gallade|Substitute|[damage]
|
|switch|p2a: Raikou|Raikou|231\/321
|-ability|p2a: Raikou|Pressure
|
|turn|18
|
|move|p2a: Raikou|Volt Switch|p1a: Gallade
|-end|p1a: Gallade|Substitute
|
|switch|p2a: Vaporeon|Vaporeon, M|110\/464
|move|p1a: Gallade|Substitute|p1a: Gallade
|-start|p1a: Gallade|Substitute
|-damage|p1a: Gallade|148\/337
|
|-heal|p2a: Vaporeon|139\/464|[from] item: Leftovers
|turn|19
|
|move|p1a: Gallade|Drain Punch|p2a: Vaporeon
|-damage|p2a: Vaporeon|0 fnt
|-heal|p1a: Gallade|218\/337|[from] drain|[of] p2a: Vaporeon
|faint|p2a: Vaporeon
|
|
|switch|p2a: Raikou|Raikou|231\/321
|-ability|p2a: Raikou|Pressure
|turn|20
|
|move|p2a: Raikou|Volt Switch|p1a: Gallade
|-end|p1a: Gallade|Substitute
|
|switch|p2a: Forretress|Forretress, M|332\/354
|move|p1a: Gallade|Substitute|p1a: Gallade
|-start|p1a: Gallade|Substitute
|-damage|p1a: Gallade|134\/337
|
|-heal|p2a: Forretress|354\/354|[from] item: Leftovers
|turn|21
|
|move|p1a: Gallade|Drain Punch|p2a: Forretress
|-damage|p2a: Forretress|212\/354
|-heal|p1a: Gallade|205\/337|[from] drain|[of] p2a: Forretress
|move|p2a: Forretress|Volt Switch|p1a: Gallade
|-activate|p1a: Gallade|Substitute|[damage]
|
|switch|p2a: Raikou|Raikou|231\/321
|-ability|p2a: Raikou|Pressure
|
|turn|22
|
|move|p2a: Raikou|Volt Switch|p1a: Gallade
|-end|p1a: Gallade|Substitute
|
|switch|p2a: Forretress|Forretress, M|212\/354
|move|p1a: Gallade|Substitute|p1a: Gallade
|-start|p1a: Gallade|Substitute
|-damage|p1a: Gallade|121\/337
|
|-heal|p2a: Forretress|234\/354|[from] item: Leftovers
|turn|23
|
|move|p1a: Gallade|Drain Punch|p2a: Forretress
|-damage|p2a: Forretress|66\/354
|-heal|p1a: Gallade|205\/337|[from] drain|[of] p2a: Forretress
|move|p2a: Forretress|Volt Switch|p1a: Gallade
|-activate|p1a: Gallade|Substitute|[damage]
|
|switch|p2a: Raikou|Raikou|231\/321
|-ability|p2a: Raikou|Pressure
|
|turn|24
|
|move|p2a: Raikou|Volt Switch|p1a: Gallade
|-end|p1a: Gallade|Substitute
|
|switch|p2a: Forretress|Forretress, M|66\/354
|move|p1a: Gallade|Substitute|p1a: Gallade
|-start|p1a: Gallade|Substitute
|-damage|p1a: Gallade|121\/337
|
|-heal|p2a: Forretress|88\/354|[from] item: Leftovers
|turn|25
|
|move|p1a: Gallade|Drain Punch|p2a: Forretress
|-damage|p2a: Forretress|0 fnt
|-heal|p1a: Gallade|165\/337|[from] drain|[of] p2a: Forretress
|faint|p2a: Forretress
|
|
|switch|p2a: Mienshao|Mienshao, F|271\/271
|turn|26
|
|move|p2a: Mienshao|High Jump Kick|p1a: Gallade
|-resisted|p1a: Gallade
|-activate|p1a: Gallade|Substitute|[damage]
|move|p1a: Gallade|Drain Punch|p2a: Mienshao
|-damage|p2a: Mienshao|0 fnt
|-heal|p1a: Gallade|301\/337|[from] drain|[of] p2a: Mienshao
|faint|p2a: Mienshao
|
|
|switch|p2a: Raikou|Raikou|231\/321
|-ability|p2a: Raikou|Pressure
|turn|27
|
|move|p2a: Raikou|Thunderbolt|p1a: Gallade
|-crit|p1a: Gallade
|-end|p1a: Gallade|Substitute
|move|p1a: Gallade|Drain Punch|p2a: Raikou
|-damage|p2a: Raikou|0 fnt
|-heal|p1a: Gallade|337\/337|[from] drain|[of] p2a: Raikou
|faint|p2a: Raikou
|
|win|fatboyfat
|raw|Ladder updating...
|c|★fatboyfat|gg
|raw|fatboyfat's rating: 1487 &rarr; <strong>1513<\/strong><br \/>(+26 for winning)
|raw|Bob the Bae's rating: 1602 &rarr; <strong>1575<\/strong><br \/>(-27 for losing)
|leave|Bob the Bae
|player|p2
|leave|fatboyfat
|player|p1
|join|fatboyfat