|join|Alt0927
|join|Sikandar
|player|p1|Alt0927|249
|player|p2|Sikandar|170
|gametype|singles
|gen|6
|tier|OU
|rated
|clearpoke
|poke|p1|Charizard, M
|poke|p1|Landorus-Therian, M
|poke|p1|Starmie
|poke|p1|Clefable, F
|poke|p1|Bisharp, F
|poke|p1|Keldeo
|poke|p2|Venusaur, F
|poke|p2|Togekiss, F
|poke|p2|Chansey, F
|poke|p2|Azumarill, F
|poke|p2|Talonflame, M
|poke|p2|Gengar, F
|rule|Swagger Clause: Swagger is banned
|rule|Baton Pass Clause: Limit one Pokémon knowing Baton Pass
|rule|Sleep Clause Mod: Limit one foe put to sleep
|rule|Species Clause: Limit one of each Pokémon
|rule|OHKO Clause: OHKO moves are banned
|rule|Moody Clause: Moody is banned
|rule|Evasion Moves Clause: Evasion moves are banned
|rule|Endless Battle Clause: Forcing endless battles is banned
|rule|HP Percentage Mod: HP is shown in percentages
|teampreview
|
|start
|switch|p1a: Charizard|Charizard, M|311\/311
|switch|p2a: Arabidopsis|Venusaur, F|364\/364
|turn|1
|
|detailschange|p1a: Charizard|Charizard-Mega-Y, M
|message|Charizard has Mega Evolved into Mega Charizard!
|-weather|SunnyDay
|detailschange|p2a: Arabidopsis|Venusaur-Mega, F
|message|Venusaur has Mega Evolved into Mega Venusaur!
|move|p1a: Charizard|Flamethrower|p2a: Arabidopsis
|-supereffective|p2a: Arabidopsis
|-damage|p2a: Arabidopsis|76\/364
|move|p2a: Arabidopsis|Sleep Powder|p1a: Charizard
|-status|p1a: Charizard|slp
|
|-weather|SunnyDay|[upkeep]
|turn|2
|
|cant|p1a: Charizard|slp
|move|p2a: Arabidopsis|Sludge Bomb|p1a: Charizard
|-damage|p1a: Charizard|208\/311 slp
|
|-weather|SunnyDay|[upkeep]
|turn|3
|
|switch|p2a: Azumarill|Azumarill, F|404\/404
|cant|p1a: Charizard|slp
|
|-weather|SunnyDay|[upkeep]
|turn|4
|
|move|p2a: Azumarill|Aqua Jet|p1a: Charizard
|-supereffective|p1a: Charizard
|-damage|p1a: Charizard|106\/311 slp
|-curestatus|p1a: Charizard|slp
|move|p1a: Charizard|Solar Beam|p2a: Azumarill|[still]
|-prepare|p1a: Charizard|Solar Beam|p2a: Azumarill
|-anim|p1a: Charizard|Solar Beam|p2a: Azumarill
|-supereffective|p2a: Azumarill
|-damage|p2a: Azumarill|0 fnt
|faint|p2a: Azumarill
|
|-weather|SunnyDay|[upkeep]
|
|switch|p2a: Talonflame|Talonflame, M|297\/297
|turn|5
|
|switch|p1a: Landorus-Therian|Landorus-Therian, M|356\/356
|-ability|p1a: Landorus-Therian|Intimidate|[of] p2a: Talonflame
|-unboost|p2a: Talonflame|atk|1
|move|p2a: Talonflame|Flare Blitz|p1a: Landorus-Therian
|-damage|p1a: Landorus-Therian|170\/356
|-status|p1a: Landorus-Therian|brn
|-damage|p2a: Talonflame|236\/297|[from] recoil|[of] p1a: Landorus-Therian
|
|-weather|none
|-heal|p1a: Landorus-Therian|192\/356 brn|[from] item: Leftovers
|-damage|p1a: Landorus-Therian|148\/356 brn|[from] brn
|turn|6
|
|switch|p1a: Starmie|Starmie|324\/324
|move|p2a: Talonflame|Flare Blitz|p1a: Starmie
|-resisted|p1a: Starmie
|-damage|p1a: Starmie|222\/324
|-status|p1a: Starmie|brn
|-damage|p2a: Talonflame|202\/297|[from] recoil|[of] p1a: Starmie
|
|-heal|p1a: Starmie|242\/324 brn|[from] item: Leftovers
|-damage|p1a: Starmie|202\/324 brn|[from] brn
|turn|7
|
|switch|p2a: Chansey|Chansey, F|704\/704
|move|p1a: Starmie|Scald|p2a: Chansey
|-damage|p2a: Chansey|644\/704
|-status|p2a: Chansey|brn
|
|-heal|p1a: Starmie|222\/324 brn|[from] item: Leftovers
|-damage|p1a: Starmie|182\/324 brn|[from] brn
|-damage|p2a: Chansey|556\/704 brn|[from] brn
|turn|8
|
|switch|p1a: Landorus-Therian|Landorus-Therian, M|148\/356 brn
|-ability|p1a: Landorus-Therian|Intimidate|[of] p2a: Chansey
|-unboost|p2a: Chansey|atk|1
|move|p2a: Chansey|Heal Bell|p2a: Chansey
|-cureteam|p2a: Chansey|[from] move: HealBell
|
|-heal|p1a: Landorus-Therian|170\/356 brn|[from] item: Leftovers
|-damage|p1a: Landorus-Therian|126\/356 brn|[from] brn
|turn|9
|
|move|p1a: Landorus-Therian|Stealth Rock|p2a: Chansey
|-sidestart|p2: Sikandar|move: Stealth Rock
|move|p2a: Chansey|Seismic Toss|p1a: Landorus-Therian
|-damage|p1a: Landorus-Therian|26\/356 brn
|
|-heal|p1a: Landorus-Therian|48\/356 brn|[from] item: Leftovers
|-damage|p1a: Landorus-Therian|4\/356 brn|[from] brn
|turn|10
|
|move|p1a: Landorus-Therian|Stone Edge|p2a: Chansey
|-damage|p2a: Chansey|488\/704
|move|p2a: Chansey|Soft-Boiled|p2a: Chansey
|-heal|p2a: Chansey|704\/704
|
|-heal|p1a: Landorus-Therian|26\/356 brn|[from] item: Leftovers
|-damage|p1a: Landorus-Therian|0 fnt|[from] brn
|faint|p1a: Landorus-Therian
|
|switch|p1a: Bisharp|Bisharp, F|271\/271
|turn|11
|
|move|p1a: Bisharp|Knock Off|p2a: Chansey
|-damage|p2a: Chansey|448\/704
|-enditem|p2a: Chansey|Eviolite|[from] move: Knock Off|[of] p1a: Bisharp
|move|p2a: Chansey|Seismic Toss|p1a: Bisharp
|-damage|p1a: Bisharp|171\/271
|
|turn|12
|
|move|p1a: Bisharp|Iron Head|p2a: Chansey
|-damage|p2a: Chansey|138\/704
|move|p2a: Chansey|Seismic Toss|p1a: Bisharp
|-damage|p1a: Bisharp|71\/271
|
|turn|13
|
|move|p1a: Bisharp|Iron Head|p2a: Chansey
|-damage|p2a: Chansey|0 fnt
|faint|p2a: Chansey
|
|
|switch|p2a: Togekiss|Togekiss, F|374\/374
|-damage|p2a: Togekiss|281\/374|[from] Stealth Rock
|turn|14
|
|move|p1a: Bisharp|Iron Head|p2a: Togekiss
|-supereffective|p2a: Togekiss
|-damage|p2a: Togekiss|11\/374
|move|p2a: Togekiss|Defog|p1a: Bisharp
|-unboost|p1a: Bisharp|evasion|1
|-boost|p1a: Bisharp|atk|2|[from] ability: Defiant
|-sideend|p2: Sikandar|Stealth Rock|[from] move: Defog|[of] p2a: Togekiss
|
|-heal|p2a: Togekiss|34\/374|[from] item: Leftovers
|turn|15
|
|move|p1a: Bisharp|Knock Off|p2a: Togekiss
|-resisted|p2a: Togekiss
|-damage|p2a: Togekiss|0 fnt
|-enditem|p2a: Togekiss|Leftovers|[from] move: Knock Off|[of] p1a: Bisharp
|faint|p2a: Togekiss
|
|
|switch|p2a: Gengar|Gengar, F|262\/262
|turn|16
|
|move|p2a: Gengar|Substitute|p2a: Gengar
|-start|p2a: Gengar|Substitute
|-damage|p2a: Gengar|197\/262
|move|p1a: Bisharp|Knock Off|p2a: Gengar
|-supereffective|p2a: Gengar
|-end|p2a: Gengar|Substitute
|
|-heal|p2a: Gengar|213\/262|[from] item: Black Sludge
|turn|17
|
|move|p1a: Bisharp|Sucker Punch|p2a: Gengar
|-supereffective|p2a: Gengar
|-damage|p2a: Gengar|0 fnt
|faint|p2a: Gengar
|
|
|switch|p2a: Arabidopsis|Venusaur-Mega, F|76\/364
|turn|18
|
|move|p1a: Bisharp|Knock Off|p2a: Arabidopsis
|-damage|p2a: Arabidopsis|0 fnt
|faint|p2a: Arabidopsis
|
|
|switch|p2a: Talonflame|Talonflame, M|202\/297
|turn|19
|
|move|p2a: Talonflame|Brave Bird|p1a: Bisharp
|-resisted|p1a: Bisharp
|-damage|p1a: Bisharp|0 fnt
|-damage|p2a: Talonflame|179\/297|[from] recoil|[of] p1a: Bisharp
|faint|p1a: Bisharp
|
|
|switch|p1a: Clefable|Clefable, F|394\/394
|turn|20
|
|move|p2a: Talonflame|Brave Bird|p1a: Clefable
|-damage|p1a: Clefable|160\/394
|-damage|p2a: Talonflame|102\/297|[from] recoil|[of] p1a: Clefable
|move|p1a: Clefable|Soft-Boiled|p1a: Clefable
|-heal|p1a: Clefable|357\/394
|
|-heal|p1a: Clefable|381\/394|[from] item: Leftovers
|turn|21
|
|move|p2a: Talonflame|Brave Bird|p1a: Clefable
|-crit|p1a: Clefable
|-damage|p1a: Clefable|42\/394
|-damage|p2a: Talonflame|0 fnt|[from] recoil|[of] p1a: Clefable
|faint|p2a: Talonflame
|
|win|Alt0927
|raw|Ladder updating...