|join|21yearoldvirgin
|join|CSI DoucheBag
|player|p1|21yearoldvirgin|125
|player|p2|CSI DoucheBag|170
|gametype|singles
|gen|6
|tier|UU
|rated
|rule|Sleep Clause Mod: Limit one foe put to sleep
|rule|Species Clause: Limit one of each Pokémon
|rule|OHKO Clause: OHKO moves are banned
|rule|Moody Clause: Moody is banned
|rule|Evasion Moves Clause: Evasion moves are banned
|rule|Endless Battle Clause: Forcing endless battles is banned
|rule|HP Percentage Mod: HP is shown in percentages
|clearpoke
|poke|p1|Togekiss, M
|poke|p1|Espeon, M
|poke|p1|Blissey, F
|poke|p1|Blastoise, F
|poke|p1|Whimsicott, F
|poke|p1|Zygarde
|poke|p2|Camerupt, F
|poke|p2|Celebi
|poke|p2|Vaporeon, M
|poke|p2|Mienshao, F
|poke|p2|Donphan, F
|poke|p2|Krookodile, M
|rule|Swagger Clause: Swagger is banned
|rule|Baton Pass Clause: Limit one Pokémon knowing Baton Pass
|teampreview
|
|start
|switch|p1a: Blissey|Blissey, F|714\/714
|switch|p2a: Mienshao|Mienshao, F|271\/271
|turn|1
|
|move|p1a: Blissey|Protect|p1a: Blissey
|-singleturn|p1a: Blissey|Protect
|move|p2a: Mienshao|U-turn|p1a: Blissey
|-activate|p1a: Blissey|Protect
|
|turn|2
|
|switch|p1a: Togekiss|Togekiss, M|374\/374
|move|p2a: Mienshao|U-turn|p1a: Togekiss
|-resisted|p1a: Togekiss
|-damage|p1a: Togekiss|353\/374
|
|switch|p2a: Vaporeon|Vaporeon, M|450\/450
|
|-heal|p1a: Togekiss|374\/374|[from] item: Leftovers
|turn|3
|
|move|p1a: Togekiss|Thunder Wave|p2a: Vaporeon
|-status|p2a: Vaporeon|par
|move|p2a: Vaporeon|Scald|p1a: Togekiss
|-damage|p1a: Togekiss|301\/374
|
|-heal|p1a: Togekiss|324\/374|[from] item: Leftovers
|turn|4
|
|switch|p2a: Donphan|Donphan, F|383\/383
|move|p1a: Togekiss|Air Slash|p2a: Donphan|[miss]
|-miss|p1a: Togekiss|p2a: Donphan
|
|-heal|p1a: Togekiss|347\/374|[from] item: Leftovers
|turn|5
|
|switch|p1a: Espeon|Espeon, M|334\/334
|move|p2a: Donphan|Knock Off|p1a: Espeon
|-supereffective|p1a: Espeon
|-damage|p1a: Espeon|0 fnt
|-enditem|p1a: Espeon|Leftovers|[from] move: Knock Off|[of] p2a: Donphan
|faint|p1a: Espeon
|
|
|switch|p1a: Blastoise|Blastoise, F|358\/358
|turn|6
|
|switch|p2a: Celebi|Celebi|403\/403
|detailschange|p1a: Blastoise|Blastoise-Mega, F
|message|Blastoise has Mega Evolved into Mega Blastoise!
|move|p1a: Blastoise|Dark Pulse|p2a: Celebi
|-supereffective|p2a: Celebi
|-damage|p2a: Celebi|69\/403
|
|-heal|p2a: Celebi|94\/403|[from] item: Leftovers
|turn|7
|
|move|p2a: Celebi|Stealth Rock|p1a: Blastoise
|-sidestart|p1: 21yearoldvirgin|move: Stealth Rock
|move|p1a: Blastoise|Dark Pulse|p2a: Celebi
|-supereffective|p2a: Celebi
|-damage|p2a: Celebi|0 fnt
|faint|p2a: Celebi
|
|
|switch|p2a: Mienshao|Mienshao, F|271\/271
|turn|8
|
|move|p2a: Mienshao|U-turn|p1a: Blastoise
|-damage|p1a: Blastoise|284\/358
|
|switch|p2a: Vaporeon|Vaporeon, M|450\/450 par
|move|p1a: Blastoise|Rapid Spin|p2a: Vaporeon
|-damage|p2a: Vaporeon|428\/450 par
|-sideend|p1: 21yearoldvirgin|Stealth Rock|[from] move: Rapid Spin|[of] p1a: Blastoise
|
|-heal|p2a: Vaporeon|450\/450 par|[from] item: Leftovers
|turn|9
|
|switch|p1a: Blissey|Blissey, F|714\/714
|move|p2a: Vaporeon|Scald|p1a: Blissey
|-damage|p1a: Blissey|641\/714
|-status|p1a: Blissey|brn
|
|-heal|p1a: Blissey|685\/714 brn|[from] item: Leftovers
|-damage|p1a: Blissey|596\/714 brn|[from] brn
|turn|10
|
|switch|p2a: Donphan|Donphan, F|383\/383
|move|p1a: Blissey|Stealth Rock|p2a: Donphan
|-sidestart|p2: CSI DoucheBag|move: Stealth Rock
|
|-heal|p1a: Blissey|640\/714 brn|[from] item: Leftovers
|-damage|p1a: Blissey|551\/714 brn|[from] brn
|turn|11
|
|switch|p1a: Togekiss|Togekiss, M|347\/374
|move|p2a: Donphan|Rapid Spin|p1a: Togekiss
|-damage|p1a: Togekiss|322\/374
|-sideend|p2: CSI DoucheBag|Stealth Rock|[from] move: Rapid Spin|[of] p2a: Donphan
|
|-heal|p1a: Togekiss|345\/374|[from] item: Leftovers
|turn|12
|
|move|p1a: Togekiss|Air Slash|p2a: Donphan
|-damage|p2a: Donphan|224\/383
|move|p2a: Donphan|Knock Off|p1a: Togekiss
|-resisted|p1a: Togekiss
|-damage|p1a: Togekiss|280\/374
|-enditem|p1a: Togekiss|Leftovers|[from] move: Knock Off|[of] p2a: Donphan
|
|-heal|p2a: Donphan|247\/383|[from] item: Leftovers
|turn|13
|
|move|p1a: Togekiss|Air Slash|p2a: Donphan
|-damage|p2a: Donphan|84\/383
|cant|p2a: Donphan|flinch
|
|-heal|p2a: Donphan|107\/383|[from] item: Leftovers
|turn|14
|
|move|p1a: Togekiss|Air Slash|p2a: Donphan
|-damage|p2a: Donphan|0 fnt
|faint|p2a: Donphan
|
|
|switch|p2a: Camerupt|Camerupt, F|344\/344
|turn|15
|
|detailschange|p2a: Camerupt|Camerupt-Mega, F
|message|Camerupt has Mega Evolved into Mega Camerupt!
|move|p1a: Togekiss|Air Slash|p2a: Camerupt
|-damage|p2a: Camerupt|253\/344
|move|p2a: Camerupt|Fire Blast|p1a: Togekiss
|-damage|p1a: Togekiss|90\/374
|
|turn|16
|
|move|p1a: Togekiss|Roost|p1a: Togekiss
|-heal|p1a: Togekiss|277\/374
|move|p2a: Camerupt|Fire Blast|p1a: Togekiss
|-damage|p1a: Togekiss|91\/374
|
|turn|17
|
|move|p1a: Togekiss|Roost|p1a: Togekiss
|-heal|p1a: Togekiss|278\/374
|move|p2a: Camerupt|Earth Power|p1a: Togekiss
|-damage|p1a: Togekiss|103\/374
|
|turn|18
|
|move|p1a: Togekiss|Roost|p1a: Togekiss
|-heal|p1a: Togekiss|290\/374
|move|p2a: Camerupt|Fire Blast|p1a: Togekiss
|-damage|p1a: Togekiss|95\/374
|
|turn|19
|
|move|p1a: Togekiss|Roost|p1a: Togekiss
|-heal|p1a: Togekiss|282\/374
|move|p2a: Camerupt|Fire Blast|p1a: Togekiss
|-damage|p1a: Togekiss|101\/374
|
|turn|20
|
|move|p1a: Togekiss|Roost|p1a: Togekiss
|-heal|p1a: Togekiss|288\/374
|move|p2a: Camerupt|Earth Power|p1a: Togekiss
|-damage|p1a: Togekiss|137\/374
|
|turn|21
|
|move|p1a: Togekiss|Roost|p1a: Togekiss
|-heal|p1a: Togekiss|324\/374
|move|p2a: Camerupt|Fire Blast|p1a: Togekiss
|-damage|p1a: Togekiss|126\/374
|
|turn|22
|
|move|p1a: Togekiss|Roost|p1a: Togekiss
|-heal|p1a: Togekiss|313\/374
|move|p2a: Camerupt|Fire Blast|p1a: Togekiss|[miss]
|-miss|p2a: Camerupt|p1a: Togekiss
|
|turn|23
|
|move|p1a: Togekiss|Air Slash|p2a: Camerupt
|-damage|p2a: Camerupt|148\/344
|cant|p2a: Camerupt|flinch
|
|turn|24
|c|★CSI DoucheBag|Gg I lose to togekiss
|
|move|p1a: Togekiss|Air Slash|p2a: Camerupt|[miss]
|-miss|p1a: Togekiss|p2a: Camerupt
|move|p2a: Camerupt|Fire Blast|p1a: Togekiss
|-damage|p1a: Togekiss|126\/374
|
|turn|25
|
|move|p1a: Togekiss|Roost|p1a: Togekiss
|-heal|p1a: Togekiss|313\/374
|move|p2a: Camerupt|Earth Power|p1a: Togekiss
|-damage|p1a: Togekiss|165\/374
|
|turn|26
|
|move|p1a: Togekiss|Roost|p1a: Togekiss
|-heal|p1a: Togekiss|352\/374
|move|p2a: Camerupt|Earth Power|p1a: Togekiss
|-damage|p1a: Togekiss|180\/374
|
|turn|27
|
|move|p1a: Togekiss|Roost|p1a: Togekiss
|-heal|p1a: Togekiss|367\/374
|move|p2a: Camerupt|Explosion|p1a: Togekiss
|-damage|p1a: Togekiss|117\/374
|faint|p2a: Camerupt
|
|c|★21yearoldvirgin|lol
|
|switch|p2a: Mienshao|Mienshao, F|271\/271
|turn|28
|
|move|p2a: Mienshao|Stone Edge|p1a: Togekiss
|-supereffective|p1a: Togekiss
|-damage|p1a: Togekiss|0 fnt
|faint|p1a: Togekiss
|
|
|switch|p1a: Whimsicott|Whimsicott, F|324\/324
|turn|29
|
|move|p1a: Whimsicott|Substitute|p1a: Whimsicott
|-start|p1a: Whimsicott|Substitute
|-damage|p1a: Whimsicott|243\/324
|move|p2a: Mienshao|Stone Edge|p1a: Whimsicott
|-end|p1a: Whimsicott|Substitute
|
|-heal|p1a: Whimsicott|263\/324|[from] item: Leftovers
|turn|30
|
|move|p1a: Whimsicott|Leech Seed|p2a: Mienshao
|-start|p2a: Mienshao|move: Leech Seed
|move|p2a: Mienshao|Stone Edge|p1a: Whimsicott
|-damage|p1a: Whimsicott|167\/324
|
|-heal|p1a: Whimsicott|187\/324|[from] item: Leftovers
|-damage|p2a: Mienshao|238\/271|[from] Leech Seed|[of] p1a: Whimsicott
|-heal|p1a: Whimsicott|220\/324|[silent]
|turn|31
|c|★CSI DoucheBag|Why are such gay teams allowed?
|
|switch|p2a: Krookodile|Krookodile, M|331\/331
|-ability|p2a: Krookodile|Intimidate|[of] p1a: Whimsicott
|-unboost|p1a: Whimsicott|atk|1
|move|p1a: Whimsicott|Substitute|p1a: Whimsicott
|-start|p1a: Whimsicott|Substitute
|-damage|p1a: Whimsicott|139\/324
|
|-heal|p1a: Whimsicott|159\/324|[from] item: Leftovers
|turn|32
|
|move|p1a: Whimsicott|Toxic|p2a: Krookodile|[miss]
|-miss|p1a: Whimsicott|p2a: Krookodile
|move|p2a: Krookodile|Taunt|p1a: Whimsicott
|-start|p1a: Whimsicott|move: Taunt
|
|-heal|p1a: Whimsicott|179\/324|[from] item: Leftovers
|turn|33
|
|switch|p1a: Blastoise|Blastoise-Mega, F|284\/358
|move|p2a: Krookodile|Earthquake|p1a: Blastoise
|-damage|p1a: Blastoise|142\/358
|
|turn|34
|
|move|p2a: Krookodile|Earthquake|p1a: Blastoise
|-damage|p1a: Blastoise|0 fnt
|faint|p1a: Blastoise
|
|
|switch|p1a: Whimsicott|Whimsicott, F|179\/324
|turn|35
|
|move|p1a: Whimsicott|Leech Seed|p2a: Krookodile
|-start|p2a: Krookodile|move: Leech Seed
|move|p2a: Krookodile|Taunt|p1a: Whimsicott
|-start|p1a: Whimsicott|move: Taunt
|
|-heal|p1a: Whimsicott|199\/324|[from] item: Leftovers
|-damage|p2a: Krookodile|290\/331|[from] Leech Seed|[of] p1a: Whimsicott
|-heal|p1a: Whimsicott|240\/324|[silent]
|turn|36
|
|switch|p1a: Blissey|Blissey, F|551\/714
|move|p2a: Krookodile|Knock Off|p1a: Blissey
|-damage|p1a: Blissey|172\/714
|-enditem|p1a: Blissey|Leftovers|[from] move: Knock Off|[of] p2a: Krookodile
|
|-damage|p2a: Krookodile|249\/331|[from] Leech Seed|[of] p1a: Blissey
|-heal|p1a: Blissey|213\/714|[silent]
|turn|37
|
|move|p1a: Blissey|Protect|p1a: Blissey
|-singleturn|p1a: Blissey|Protect
|move|p2a: Krookodile|Pursuit|p1a: Blissey
|-activate|p1a: Blissey|Protect
|
|-damage|p2a: Krookodile|208\/331|[from] Leech Seed|[of] p1a: Blissey
|-heal|p1a: Blissey|254\/714|[silent]
|turn|38
|
|move|p2a: Krookodile|Earthquake|p1a: Blissey
|-damage|p1a: Blissey|0 fnt
|faint|p1a: Blissey
|
|
|switch|p1a: Zygarde|Zygarde|358\/358
|-ability|p1a: Zygarde|Aura Break
|turn|39
|
|move|p2a: Krookodile|Taunt|p1a: Zygarde
|-start|p1a: Zygarde|move: Taunt
|cant|p1a: Zygarde|move: Taunt|Dragon Dance
|
|-damage|p2a: Krookodile|167\/331|[from] Leech Seed|[of] p1a: Zygarde
|turn|40
|
|switch|p2a: Vaporeon|Vaporeon, M|450\/450 par
|move|p1a: Zygarde|Earthquake|p2a: Vaporeon
|-damage|p2a: Vaporeon|245\/450 par
|
|-heal|p2a: Vaporeon|273\/450 par|[from] item: Leftovers
|turn|41
|
|switch|p1a: Whimsicott|Whimsicott, F|240\/324
|move|p2a: Vaporeon|Scald|p1a: Whimsicott
|-resisted|p1a: Whimsicott
|-damage|p1a: Whimsicott|172\/324
|
|-heal|p1a: Whimsicott|192\/324|[from] item: Leftovers
|-heal|p2a: Vaporeon|301\/450 par|[from] item: Leftovers
|turn|42
|
|move|p1a: Whimsicott|Leech Seed|p2a: Vaporeon
|-start|p2a: Vaporeon|move: Leech Seed
|move|p2a: Vaporeon|Wish|p2a: Vaporeon
|
|-heal|p1a: Whimsicott|212\/324|[from] item: Leftovers
|-heal|p2a: Vaporeon|329\/450 par|[from] item: Leftovers
|-damage|p2a: Vaporeon|273\/450 par|[from] Leech Seed|[of] p1a: Whimsicott
|-heal|p1a: Whimsicott|268\/324|[silent]
|turn|43
|
|switch|p2a: Krookodile|Krookodile, M|167\/331
|-ability|p2a: Krookodile|Intimidate|[of] p1a: Whimsicott
|-unboost|p1a: Whimsicott|atk|1
|move|p1a: Whimsicott|Toxic|p2a: Krookodile
|-status|p2a: Krookodile|tox
|
|-heal|p2a: Krookodile|331\/331 tox|[from] move: Wish|[wisher] Vaporeon
|-heal|p1a: Whimsicott|288\/324|[from] item: Leftovers
|-damage|p2a: Krookodile|311\/331 tox|[from] psn
|turn|44
|
|move|p1a: Whimsicott|Leech Seed|p2a: Krookodile
|-start|p2a: Krookodile|move: Leech Seed
|move|p2a: Krookodile|Knock Off|p1a: Whimsicott
|-resisted|p1a: Whimsicott
|-damage|p1a: Whimsicott|213\/324
|-enditem|p1a: Whimsicott|Leftovers|[from] move: Knock Off|[of] p2a: Krookodile
|
|-damage|p2a: Krookodile|270\/331 tox|[from] Leech Seed|[of] p1a: Whimsicott
|-heal|p1a: Whimsicott|254\/324|[silent]
|-damage|p2a: Krookodile|230\/331 tox|[from] psn
|turn|45
|
|switch|p2a: Vaporeon|Vaporeon, M|273\/450 par
|move|p1a: Whimsicott|Substitute|p1a: Whimsicott
|-start|p1a: Whimsicott|Substitute
|-damage|p1a: Whimsicott|173\/324
|
|-heal|p2a: Vaporeon|301\/450 par|[from] item: Leftovers
|turn|46
|
|move|p1a: Whimsicott|Leech Seed|p2a: Vaporeon
|-start|p2a: Vaporeon|move: Leech Seed
|move|p2a: Vaporeon|Heal Bell|p2a: Vaporeon
|-cureteam|p2a: Vaporeon|[from] move: HealBell
|
|-heal|p2a: Vaporeon|329\/450|[from] item: Leftovers
|-damage|p2a: Vaporeon|273\/450|[from] Leech Seed|[of] p1a: Whimsicott
|-heal|p1a: Whimsicott|229\/324|[silent]
|turn|47
|
|switch|p2a: Mienshao|Mienshao, F|238\/271
|move|p1a: Whimsicott|Toxic|p2a: Mienshao
|-status|p2a: Mienshao|tox
|
|-damage|p2a: Mienshao|222\/271 tox|[from] psn
|turn|48
|
|move|p1a: Whimsicott|Leech Seed|p2a: Mienshao
|-start|p2a: Mienshao|move: Leech Seed
|move|p2a: Mienshao|U-turn|p1a: Whimsicott
|-activate|p1a: Whimsicott|Substitute|[damage]
|
|switch|p2a: Krookodile|Krookodile, M|230\/331
|-activate|p1a: Whimsicott|Substitute|ability: Intimidate|[of] p2a: Krookodile
|
|turn|49
|
|move|p1a: Whimsicott|Leech Seed|p2a: Krookodile
|-start|p2a: Krookodile|move: Leech Seed
|move|p2a: Krookodile|Taunt|p1a: Whimsicott
|-start|p1a: Whimsicott|move: Taunt
|
|-damage|p2a: Krookodile|189\/331|[from] Leech Seed|[of] p1a: Whimsicott
|-heal|p1a: Whimsicott|270\/324|[silent]
|turn|50
|
|switch|p2a: Mienshao|Mienshao, F|222\/271 tox
|switch|p1a: Zygarde|Zygarde|358\/358
|-ability|p1a: Zygarde|Aura Break
|
|-damage|p2a: Mienshao|206\/271 tox|[from] psn
|turn|51
|
|move|p2a: Mienshao|High Jump Kick|p1a: Zygarde
|-damage|p1a: Zygarde|127\/358
|move|p1a: Zygarde|Dragon Dance|p1a: Zygarde
|-boost|p1a: Zygarde|atk|1
|-boost|p1a: Zygarde|spe|1
|
|-heal|p1a: Zygarde|149\/358|[from] item: Leftovers
|-damage|p2a: Mienshao|174\/271 tox|[from] psn
|turn|52
|
|move|p1a: Zygarde|Extreme Speed|p2a: Mienshao
|-damage|p2a: Mienshao|0 fnt
|faint|p2a: Mienshao
|
|-heal|p1a: Zygarde|171\/358|[from] item: Leftovers
|
|switch|p2a: Krookodile|Krookodile, M|189\/331
|-ability|p2a: Krookodile|Intimidate|[of] p1a: Zygarde
|-unboost|p1a: Zygarde|atk|1
|turn|53
|
|move|p1a: Zygarde|Dragon Dance|p1a: Zygarde
|-boost|p1a: Zygarde|atk|1
|-boost|p1a: Zygarde|spe|1
|move|p2a: Krookodile|Knock Off|p1a: Zygarde
|-damage|p1a: Zygarde|14\/358
|-enditem|p1a: Zygarde|Leftovers|[from] move: Knock Off|[of] p2a: Krookodile
|
|turn|54
|
|switch|p2a: Vaporeon|Vaporeon, M|273\/450
|move|p1a: Zygarde|Earthquake|p2a: Vaporeon
|-damage|p2a: Vaporeon|0 fnt
|faint|p2a: Vaporeon
|
|c|★21yearoldvirgin|ggwp
|
|switch|p2a: Krookodile|Krookodile, M|189\/331
|-ability|p2a: Krookodile|Intimidate|[of] p1a: Zygarde
|-unboost|p1a: Zygarde|atk|1
|turn|55
|c|★CSI DoucheBag|Don't say gg after you use the gayest Pokemon in the game
|
|move|p1a: Zygarde|Outrage|p2a: Krookodile
|-damage|p2a: Krookodile|0 fnt
|faint|p2a: Krookodile
|
|win|21yearoldvirgin
|raw|Ladder updating...
|c|★21yearoldvirgin|which one
|c|★CSI DoucheBag|You
|raw|21yearoldvirgin's rating: 1387 &rarr; <strong>1405<\/strong><br \/>(+18 for winning)
|raw|CSI DoucheBag's rating: 1356 &rarr; <strong>1338<\/strong><br \/>(-18 for losing)
|c|★21yearoldvirgin|they're all pretty gay
|leave|CSI DoucheBag
|player|p2