|join|Hayan
|join|BenTheDemon
|player|p1|Hayan|1
|player|p2|BenTheDemon|240
|gametype|singles
|gen|6
|tier|OU
|rated
|clearpoke
|poke|p1|Mew
|poke|p1|Kyurem-Black
|poke|p1|Gothitelle, F, shiny
|poke|p1|Pinsir, F
|poke|p1|Dragonite, F
|poke|p1|Aegislash, M
|poke|p2|Dragonite, M, shiny
|poke|p2|Greninja, M, shiny
|poke|p2|Mandibuzz, F, shiny
|poke|p2|Charizard, M, shiny
|poke|p2|Bisharp, M, shiny
|poke|p2|Gengar, M, shiny
|rule|Swagger Clause: Swagger is banned
|rule|Baton Pass Clause: Limit one Pokémon knowing Baton Pass
|rule|Sleep Clause Mod: Limit one foe put to sleep
|rule|Species Clause: Limit one of each Pokémon
|rule|OHKO Clause: OHKO moves are banned
|rule|Moody Clause: Moody is banned
|rule|Evasion Moves Clause: Evasion moves are banned
|rule|Endless Battle Clause: Forcing endless battles is banned
|rule|HP Percentage Mod: HP is reported as percentages
|teampreview
|
|start
|switch|p1a: Mew|Mew|404\/404
|switch|p2a: Shadow Man|Gengar, M, shiny|262\/262
|turn|1
|
|switch|p1a: Gothitelle|Gothitelle, F, shiny|344\/344
|move|p2a: Shadow Man|Taunt|p1a: Gothitelle
|-start|p1a: Gothitelle|move: Taunt
|
|turn|2
|
|move|p2a: Shadow Man|Shadow Ball|p1a: Gothitelle
|-supereffective|p1a: Gothitelle
|-damage|p1a: Gothitelle|150\/344
|move|p1a: Gothitelle|Mirror Coat|p2a: Shadow Man
|-enditem|p2a: Shadow Man|Focus Sash
|-damage|p2a: Shadow Man|1\/262
|
|-heal|p1a: Gothitelle|171\/344|[from] item: Leftovers
|turn|3
|chat|Hayan|Dang that max doe
|
|switch|p1a: Aegislash|Aegislash, M|287\/287
|move|p2a: Shadow Man|Shadow Ball|p1a: Aegislash
|-supereffective|p1a: Aegislash
|-damage|p1a: Aegislash|89\/287
|-enditem|p1a: Aegislash|Weakness Policy
|-boost|p1a: Aegislash|atk|2|[from] item: Weakness Policy
|-boost|p1a: Aegislash|spa|2|[from] item: Weakness Policy
|
|turn|4
|
|move|p2a: Shadow Man|Destiny Bond|p2a: Shadow Man
|-singlemove|p2a: Shadow Man|Destiny Bond
|move|p1a: Aegislash|Autotomize|p1a: Aegislash
|-boost|p1a: Aegislash|spe|2
|-start|p1a: Aegislash|Autotomize
|
|turn|5
|
|move|p1a: Aegislash|King's Shield|p1a: Aegislash
|-singleturn|p1a: Aegislash|Protect
|move|p2a: Shadow Man|Destiny Bond|p2a: Shadow Man
|-singlemove|p2a: Shadow Man|Destiny Bond
|
|turn|6
|
|move|p1a: Aegislash|King's Shield|p1a: Aegislash
|-fail|p1a: Aegislash
|move|p2a: Shadow Man|Destiny Bond|p2a: Shadow Man
|-singlemove|p2a: Shadow Man|Destiny Bond
|
|turn|7
|
|move|p1a: Aegislash|King's Shield|p1a: Aegislash
|-singleturn|p1a: Aegislash|Protect
|move|p2a: Shadow Man|Shadow Ball|p1a: Aegislash
|-activate|p1a: Aegislash|Protect
|
|turn|8
|
|-formechange|p1a: Aegislash|Aegislash-Blade
|move|p1a: Aegislash|Flash Cannon|p2a: Shadow Man
|-damage|p2a: Shadow Man|0 fnt
|faint|p2a: Shadow Man
|
|
|switch|p2a: Metal Man|Bisharp, M, shiny|279\/279
|turn|9
|
|move|p2a: Metal Man|Sucker Punch|p1a: Aegislash
|-supereffective|p1a: Aegislash
|-damage|p1a: Aegislash|0 fnt
|faint|p1a: Aegislash
|
|
|switch|p1a: Pinsir|Pinsir, F|271\/271
|turn|10
|
|switch|p1a: Gothitelle|Gothitelle, F, shiny|171\/344
|move|p2a: Metal Man|Sucker Punch|p1a: Gothitelle
|-fail|p1a: Gothitelle
|
|-heal|p1a: Gothitelle|192\/344|[from] item: Leftovers
|turn|11
|
|move|p2a: Metal Man|Knock Off|p1a: Gothitelle
|-supereffective|p1a: Gothitelle
|-damage|p1a: Gothitelle|0 fnt
|-enditem|p1a: Gothitelle|Leftovers|[from] move: Knock Off|[of] p2a: Metal Man
|faint|p1a: Gothitelle
|
|
|switch|p1a: Pinsir|Pinsir, F|271\/271
|turn|12
|
|detailschange|p1a: Pinsir|Pinsir-Mega, F
|message|Pinsir has Mega Evolved into Mega Pinsir!
|move|p2a: Metal Man|Sucker Punch|p1a: Pinsir
|-fail|p1a: Pinsir
|move|p1a: Pinsir|Swords Dance|p1a: Pinsir
|-boost|p1a: Pinsir|atk|2
|
|turn|13
|
|move|p1a: Pinsir|Storm Throw|p2a: Metal Man
|-crit|p2a: Metal Man
|-supereffective|p2a: Metal Man
|-damage|p2a: Metal Man|0 fnt
|faint|p2a: Metal Man
|
|
|switch|p2a: Splash Woman|Mandibuzz, F, shiny|424\/424
|turn|14
|
|move|p1a: Pinsir|Double-Edge|p2a: Splash Woman
|-damage|p2a: Splash Woman|0 fnt
|-damage|p1a: Pinsir|131\/271|[from] recoil|[of] p2a: Splash Woman
|faint|p2a: Splash Woman
|
|
|switch|p2a: Green Devil|Dragonite, M, shiny|324\/324
|turn|15
|
|move|p1a: Pinsir|Double-Edge|p2a: Green Devil
|-damage|p2a: Green Devil|0 fnt
|-damage|p1a: Pinsir|24\/271|[from] recoil|[of] p2a: Green Devil
|faint|p2a: Green Devil
|
|chat|Hayan|ikr
|
|switch|p2a: Flame Man|Charizard, M, shiny|298\/298
|turn|16
|
|detailschange|p2a: Flame Man|Charizard-Mega-Y, M, shiny
|message|Charizard has Mega Evolved into Mega Charizard!
|-weather|SunnyDay
|move|p1a: Pinsir|Double-Edge|p2a: Flame Man
|-damage|p2a: Flame Man|0 fnt
|-damage|p1a: Pinsir|0 fnt|[from] recoil|[of] p2a: Flame Man
|faint|p2a: Flame Man
|faint|p1a: Pinsir
|
|-weather|SunnyDay|[upkeep]
|
|switch|p2a: Bubble Man|Greninja, M, shiny|286\/286
|switch|p1a: Kyurem-Black|Kyurem-Black|414\/414
|-ability|p1a: Kyurem-Black|Teravolt
|turn|17
|
|move|p1a: Kyurem-Black|Outrage|p2a: Bubble Man
|-crit|p2a: Bubble Man
|-damage|p2a: Bubble Man|0 fnt
|faint|p2a: Bubble Man
|
|win|Hayan
|raw|Ladder updating...
|raw|Hayan's rating: 1529 &rarr; <strong>1553<\/strong><br \/>(+24 for winning)
|raw|BenTheDemon's rating: 1596 &rarr; <strong>1572<\/strong><br \/>(-24 for losing)
|leave|BenTheDemon
|player|p2