|join|Cheeseboy628
|join|Updated Kanto
|player|p1|Cheeseboy628|284
|player|p2|Updated Kanto|63
|gametype|singles
|gen|6
|tier|UU
|rule|Sleep Clause Mod: Limit one foe put to sleep
|rule|Species Clause: Limit one of each Pokémon
|rule|OHKO Clause: OHKO moves are banned
|rule|Moody Clause: Moody is banned
|rule|Evasion Moves Clause: Evasion moves are banned
|rule|Endless Battle Clause: Forcing endless battles is banned
|rule|HP Percentage Mod: HP is reported as percentages
|clearpoke
|poke|p1|Hippowdon, M
|poke|p1|Stoutland, M
|poke|p1|Amoonguss, M
|poke|p1|Aerodactyl, M
|poke|p1|Lucario, M
|poke|p1|Kyurem
|poke|p2|Florges, F
|poke|p2|Mew
|poke|p2|Suicune
|poke|p2|Chesnaught, F
|poke|p2|Umbreon, M
|poke|p2|Empoleon, F
|rule|Swagger Clause: Swagger is banned
|rule|Baton Pass Clause: Limit one Pokémon knowing Baton Pass
|teampreview
|chat|Updated Kanto|good luck have fun
|chat|Cheeseboy628|thanks man, you too
|
|start
|switch|p1a: Hippowdon|Hippowdon, M|420\/420
|switch|p2a: Chesnaught|Chesnaught, F|380\/380
|-weather|Sandstorm
|turn|1
|
|move|p2a: Chesnaught|Spikes|p1a: Hippowdon
|-sidestart|p1: Cheeseboy628|Spikes
|move|p1a: Hippowdon|Stealth Rock|p2a: Chesnaught
|-sidestart|p2: Updated Kanto|move: Stealth Rock
|
|-weather|Sandstorm|[upkeep]
|-damage|p2a: Chesnaught|357\/380|[from] sandstorm
|-heal|p2a: Chesnaught|380\/380|[from] item: Leftovers
|turn|2
|
|switch|p1a: Kyurem|Kyurem|391\/391
|-damage|p1a: Kyurem|343\/391|[from] Spikes
|-ability|p1a: Kyurem|Pressure
|move|p2a: Chesnaught|Spikes|p1a: Kyurem
|-sidestart|p1: Cheeseboy628|Spikes
|
|-weather|Sandstorm|[upkeep]
|-damage|p1a: Kyurem|319\/391|[from] sandstorm
|-damage|p2a: Chesnaught|357\/380|[from] sandstorm
|-heal|p2a: Chesnaught|380\/380|[from] item: Leftovers
|turn|3
|
|switch|p2a: Florges|Florges, F|360\/360
|-damage|p2a: Florges|315\/360|[from] Stealth Rock
|move|p1a: Kyurem|Ice Beam|p2a: Florges
|-damage|p2a: Florges|194\/360
|-damage|p1a: Kyurem|280\/391|[from] item: Life Orb
|
|-weather|Sandstorm|[upkeep]
|-damage|p1a: Kyurem|256\/391|[from] sandstorm
|-damage|p2a: Florges|172\/360|[from] sandstorm
|-heal|p2a: Florges|194\/360|[from] item: Leftovers
|turn|4
|
|move|p1a: Kyurem|Ice Beam|p2a: Florges
|-damage|p2a: Florges|87\/360
|-damage|p1a: Kyurem|217\/391|[from] item: Life Orb
|move|p2a: Florges|Wish|p2a: Florges
|
|-weather|Sandstorm|[upkeep]
|-damage|p1a: Kyurem|193\/391|[from] sandstorm
|-damage|p2a: Florges|65\/360|[from] sandstorm
|-heal|p2a: Florges|87\/360|[from] item: Leftovers
|turn|5
|
|move|p2a: Florges|Protect|p2a: Florges
|-singleturn|p2a: Florges|Protect
|move|p1a: Kyurem|Ice Beam|p2a: Florges
|-activate|p2a: Florges|Protect
|
|-weather|Sandstorm|[upkeep]
|-damage|p1a: Kyurem|169\/391|[from] sandstorm
|-damage|p2a: Florges|65\/360|[from] sandstorm
|-heal|p2a: Florges|245\/360|[from] move: Wish|[wisher] Florges
|-heal|p2a: Florges|267\/360|[from] item: Leftovers
|turn|6
|
|move|p1a: Kyurem|Iron Head|p2a: Florges
|-supereffective|p2a: Florges
|-damage|p2a: Florges|0 fnt
|-damage|p1a: Kyurem|130\/391|[from] item: Life Orb
|faint|p2a: Florges
|
|-weather|Sandstorm|[upkeep]
|-damage|p1a: Kyurem|106\/391|[from] sandstorm
|
|switch|p2a: Umbreon|Umbreon, M|394\/394
|-damage|p2a: Umbreon|345\/394|[from] Stealth Rock
|turn|7
|
|switch|p1a: Aerodactyl|Aerodactyl, M|302\/302
|-ability|p1a: Aerodactyl|Pressure
|move|p2a: Umbreon|Wish|p2a: Umbreon
|
|-weather|Sandstorm|[upkeep]
|-damage|p2a: Umbreon|321\/394|[from] sandstorm
|-heal|p2a: Umbreon|345\/394|[from] item: Leftovers
|turn|8
|
|detailschange|p1a: Aerodactyl|Aerodactyl-Mega, M
|message|Aerodactyl has Mega Evolved into Mega Aerodactyl!
|move|p1a: Aerodactyl|Defog|p2a: Umbreon
|-unboost|p2a: Umbreon|evasion|1
|-sideend|p2: Updated Kanto|Stealth Rock|[from] move: Defog|[of] p2a: Umbreon
|-sideend|p1: Cheeseboy628|Spikes|[from] move: Defog|[of] p1a: Aerodactyl
|move|p2a: Umbreon|Foul Play|p1a: Aerodactyl
|-damage|p1a: Aerodactyl|89\/302
|
|-weather|none
|-heal|p2a: Umbreon|394\/394|[from] move: Wish|[wisher] Umbreon
|turn|9
|
|switch|p1a: Amoonguss|Amoonguss, M|432\/432
|move|p2a: Umbreon|Wish|p2a: Umbreon
|
|turn|10
|
|switch|p2a: Chesnaught|Chesnaught, F|380\/380
|switch|p1a: Aerodactyl|Aerodactyl-Mega, M|89\/302
|
|turn|11
|
|switch|p2a: Umbreon|Umbreon, M|394\/394
|move|p1a: Aerodactyl|Sky Drop|p2a: Umbreon|[still]
|-prepare|p1a: Aerodactyl|Sky Drop|p2a: Umbreon
|
|turn|12
Updated Kanto made this room private.
|
|-message|(Sky Drop prevented a Pokemon from moving.)
|move|p1a: Aerodactyl|Sky Drop|p2a: Umbreon
|-damage|p2a: Umbreon|240\/394
|
|-heal|p2a: Umbreon|264\/394|[from] item: Leftovers
|turn|13
|chat|Updated Kanto|woops
|chat|Cheeseboy628|By the way since we didn't put it in the beginning
|chat|Cheeseboy628|TTM Summer Tourney Battle
|chat|Updated Kanto|oh yea
|chat|Updated Kanto|right
|
|move|p1a: Aerodactyl|Stone Edge|p2a: Umbreon
|-damage|p2a: Umbreon|89\/394
|move|p2a: Umbreon|Wish|p2a: Umbreon
|
|-heal|p2a: Umbreon|113\/394|[from] item: Leftovers
|turn|14
|
|switch|p1a: Lucario|Lucario, M|281\/281
|move|p2a: Umbreon|Protect|p2a: Umbreon
|-fail|p2a: Umbreon
|
|-heal|p2a: Umbreon|310\/394|[from] move: Wish|[wisher] Umbreon
|-heal|p2a: Umbreon|334\/394|[from] item: Leftovers
|turn|15
|
|switch|p2a: Mew|Mew|404\/404
|move|p1a: Lucario|Swords Dance|p1a: Lucario
|-boost|p1a: Lucario|atk|2
|
|turn|16
|
|move|p1a: Lucario|Crunch|p2a: Mew
|-supereffective|p2a: Mew
|-damage|p2a: Mew|0 fnt
|-damage|p1a: Lucario|253\/281|[from] item: Life Orb
|faint|p2a: Mew
|
|
|switch|p2a: Chesnaught|Chesnaught, F|380\/380
|turn|17
|
|move|p1a: Lucario|Close Combat|p2a: Chesnaught
|-damage|p2a: Chesnaught|39\/380
|-unboost|p1a: Lucario|def|1
|-unboost|p1a: Lucario|spd|1
|-damage|p1a: Lucario|225\/281|[from] item: Life Orb
|move|p2a: Chesnaught|Hammer Arm|p1a: Lucario
|-supereffective|p1a: Lucario
|-damage|p1a: Lucario|0 fnt
|-unboost|p2a: Chesnaught|spe|1
|faint|p1a: Lucario
|
|-heal|p2a: Chesnaught|62\/380|[from] item: Leftovers
|
|switch|p1a: Stoutland|Stoutland, M|312\/312
|turn|18
|
|move|p2a: Chesnaught|Spiky Shield|p2a: Chesnaught
|-singleturn|p2a: Chesnaught|move: Protect
|move|p1a: Stoutland|Return|p2a: Chesnaught
|-activate|p2a: Chesnaught|move: Protect
|-damage|p1a: Stoutland|273\/312|[from] Spiky Shield|[of] p2a: Chesnaught
|
|-heal|p2a: Chesnaught|85\/380|[from] item: Leftovers
|turn|19
|
|switch|p2a: Empoleon|Empoleon, F|372\/372
|-item|p2a: Empoleon|Air Balloon
|move|p1a: Stoutland|Return|p2a: Empoleon
|-resisted|p2a: Empoleon
|-damage|p2a: Empoleon|267\/372
|-enditem|p2a: Empoleon|Air Balloon
|
|turn|20
|
|switch|p1a: Amoonguss|Amoonguss, M|432\/432
|move|p2a: Empoleon|Scald|p1a: Amoonguss
|-crit|p1a: Amoonguss
|-resisted|p1a: Amoonguss
|-damage|p1a: Amoonguss|363\/432
|
|-heal|p1a: Amoonguss|390\/432|[from] item: Black Sludge
|turn|21
|
|move|p2a: Empoleon|Stealth Rock|p1a: Amoonguss
|-sidestart|p1: Cheeseboy628|move: Stealth Rock
|move|p1a: Amoonguss|Spore|p2a: Empoleon
|-status|p2a: Empoleon|slp
|
|-heal|p1a: Amoonguss|417\/432|[from] item: Black Sludge
|turn|22
|
|switch|p2a: Umbreon|Umbreon, M|334\/394
|switch|p1a: Aerodactyl|Aerodactyl-Mega, M|89\/302
|-damage|p1a: Aerodactyl|14\/302|[from] Stealth Rock
|
|-heal|p2a: Umbreon|358\/394|[from] item: Leftovers
|turn|23
|
|move|p1a: Aerodactyl|Defog|p2a: Umbreon
|-unboost|p2a: Umbreon|evasion|1
|-sideend|p1: Cheeseboy628|Stealth Rock|[from] move: Defog|[of] p1a: Aerodactyl
|move|p2a: Umbreon|Foul Play|p1a: Aerodactyl
|-damage|p1a: Aerodactyl|0 fnt
|faint|p1a: Aerodactyl
|
|-heal|p2a: Umbreon|382\/394|[from] item: Leftovers
|
|switch|p1a: Hippowdon|Hippowdon, M|420\/420
|-weather|Sandstorm
|turn|24
|
|move|p2a: Umbreon|Wish|p2a: Umbreon
|move|p1a: Hippowdon|Stealth Rock|p2a: Umbreon
|-sidestart|p2: Updated Kanto|move: Stealth Rock
|
|-weather|Sandstorm|[upkeep]
|-damage|p2a: Umbreon|358\/394|[from] sandstorm
|-heal|p2a: Umbreon|382\/394|[from] item: Leftovers
|turn|25
|
|move|p2a: Umbreon|Heal Bell|p2a: Umbreon
|-cureteam|p2a: Umbreon|[from] move: HealBell
|move|p1a: Hippowdon|Whirlwind|p2a: Umbreon
|drag|p2a: Suicune|Suicune|404\/404
|-damage|p2a: Suicune|354\/404|[from] Stealth Rock
|-ability|p2a: Suicune|Pressure
|
|-weather|Sandstorm|[upkeep]
|-damage|p2a: Suicune|329\/404|[from] sandstorm
|-heal|p2a: Suicune|404\/404|[from] move: Wish|[wisher] Umbreon
|turn|26
|
|switch|p1a: Amoonguss|Amoonguss, M|432\/432
|move|p2a: Suicune|Scald|p1a: Amoonguss
|-resisted|p1a: Amoonguss
|-damage|p1a: Amoonguss|398\/432
|
|-weather|Sandstorm|[upkeep]
|-damage|p2a: Suicune|379\/404|[from] sandstorm
|-damage|p1a: Amoonguss|371\/432|[from] sandstorm
|-heal|p2a: Suicune|404\/404|[from] item: Leftovers
|-heal|p1a: Amoonguss|398\/432|[from] item: Black Sludge
|turn|27
|
|switch|p2a: Empoleon|Empoleon, F|267\/372
|-damage|p2a: Empoleon|244\/372|[from] Stealth Rock
|move|p1a: Amoonguss|Spore|p2a: Empoleon
|-status|p2a: Empoleon|slp
|
|-weather|Sandstorm|[upkeep]
|-damage|p1a: Amoonguss|371\/432|[from] sandstorm
|-heal|p1a: Amoonguss|398\/432|[from] item: Black Sludge
|turn|28
|
|switch|p2a: Chesnaught|Chesnaught, F|85\/380
|-damage|p2a: Chesnaught|62\/380|[from] Stealth Rock
|switch|p1a: Stoutland|Stoutland, M|273\/312
|
|-weather|Sandstorm|[upkeep]
|-damage|p2a: Chesnaught|39\/380|[from] sandstorm
|-heal|p2a: Chesnaught|62\/380|[from] item: Leftovers
|turn|29
|
|move|p1a: Stoutland|Return|p2a: Chesnaught
|-damage|p2a: Chesnaught|0 fnt
|faint|p2a: Chesnaught
|
|-weather|Sandstorm|[upkeep]
|
|switch|p2a: Suicune|Suicune|404\/404
|-damage|p2a: Suicune|354\/404|[from] Stealth Rock
|-ability|p2a: Suicune|Pressure
|turn|30
|
|switch|p1a: Amoonguss|Amoonguss, M|432\/432
|move|p2a: Suicune|Scald|p1a: Amoonguss
|-resisted|p1a: Amoonguss
|-damage|p1a: Amoonguss|396\/432
|
|-weather|Sandstorm|[upkeep]
|-damage|p2a: Suicune|329\/404|[from] sandstorm
|-damage|p1a: Amoonguss|369\/432|[from] sandstorm
|-heal|p2a: Suicune|354\/404|[from] item: Leftovers
|-heal|p1a: Amoonguss|396\/432|[from] item: Black Sludge
|turn|31
|
|move|p2a: Suicune|Calm Mind|p2a: Suicune
|-boost|p2a: Suicune|spa|1
|-boost|p2a: Suicune|spd|1
|move|p1a: Amoonguss|Giga Drain|p2a: Suicune
|-supereffective|p2a: Suicune
|-damage|p2a: Suicune|262\/404
|-heal|p1a: Amoonguss|432\/432|[from] drain|[of] p2a: Suicune
|
|-weather|none
|-heal|p2a: Suicune|287\/404|[from] item: Leftovers
|turn|32
|
|switch|p1a: Hippowdon|Hippowdon, M|420\/420
|-weather|Sandstorm
|move|p2a: Suicune|Calm Mind|p2a: Suicune
|-boost|p2a: Suicune|spa|1
|-boost|p2a: Suicune|spd|1
|
|-weather|Sandstorm|[upkeep]
|-damage|p2a: Suicune|262\/404|[from] sandstorm
|-heal|p2a: Suicune|287\/404|[from] item: Leftovers
|turn|33
|
|move|p2a: Suicune|Scald|p1a: Hippowdon
|-supereffective|p1a: Hippowdon
|-damage|p1a: Hippowdon|0 fnt
|faint|p1a: Hippowdon
|
|-weather|Sandstorm|[upkeep]
|-damage|p2a: Suicune|262\/404|[from] sandstorm
|-heal|p2a: Suicune|287\/404|[from] item: Leftovers
|
|switch|p1a: Stoutland|Stoutland, M|273\/312
|turn|34
|
|move|p1a: Stoutland|Wild Charge|p2a: Suicune
|-crit|p2a: Suicune
|-supereffective|p2a: Suicune
|-damage|p2a: Suicune|0 fnt
|-damage|p1a: Stoutland|201\/312|[from] recoil|[of] p2a: Suicune
|faint|p2a: Suicune
|
|-weather|Sandstorm|[upkeep]
|chat|Updated Kanto|NOOOO
|chat|Updated Kanto|gg
|chat|Updated Kanto|crit ;_;
|chat|Cheeseboy628|ahh sorry man
|chat|Cheeseboy628|gg 
|
|switch|p2a: Umbreon|Umbreon, M|382\/394
|-damage|p2a: Umbreon|333\/394|[from] Stealth Rock
|turn|35
|
|switch|p1a: Amoonguss|Amoonguss, M|432\/432
|move|p2a: Umbreon|Wish|p2a: Umbreon
|
|-weather|Sandstorm|[upkeep]
|-damage|p2a: Umbreon|309\/394|[from] sandstorm
|-damage|p1a: Amoonguss|405\/432|[from] sandstorm
|-heal|p2a: Umbreon|333\/394|[from] item: Leftovers
|-heal|p1a: Amoonguss|432\/432|[from] item: Black Sludge
|turn|36
|
|move|p2a: Umbreon|Foul Play|p1a: Amoonguss
|-damage|p1a: Amoonguss|311\/432
|move|p1a: Amoonguss|Sludge Bomb|p2a: Umbreon
|-damage|p2a: Umbreon|279\/394
|-status|p2a: Umbreon|psn
|
|-weather|Sandstorm|[upkeep]
|-damage|p2a: Umbreon|255\/394 psn|[from] sandstorm
|-damage|p1a: Amoonguss|284\/432|[from] sandstorm
|-heal|p2a: Umbreon|394\/394 psn|[from] move: Wish|[wisher] Umbreon
|-heal|p1a: Amoonguss|311\/432|[from] item: Black Sludge
|-damage|p2a: Umbreon|345\/394 psn|[from] psn
|turn|37
|
|switch|p1a: Kyurem|Kyurem|106\/391
|-ability|p1a: Kyurem|Pressure
|move|p2a: Umbreon|Foul Play|p1a: Kyurem
|-damage|p1a: Kyurem|0 fnt
|faint|p1a: Kyurem
|
|-weather|Sandstorm|[upkeep]
|-damage|p2a: Umbreon|321\/394 psn|[from] sandstorm
|-heal|p2a: Umbreon|345\/394 psn|[from] item: Leftovers
|-damage|p2a: Umbreon|296\/394 psn|[from] psn
|
|switch|p1a: Stoutland|Stoutland, M|201\/312
|turn|38
|
|switch|p2a: Empoleon|Empoleon, F|244\/372 slp
|-damage|p2a: Empoleon|221\/372 slp|[from] Stealth Rock
|move|p1a: Stoutland|Superpower|p2a: Empoleon
|-supereffective|p2a: Empoleon
|-damage|p2a: Empoleon|0 fnt
|-unboost|p1a: Stoutland|atk|1
|-unboost|p1a: Stoutland|def|1
|faint|p2a: Empoleon
|
|-weather|Sandstorm|[upkeep]
|
|switch|p2a: Umbreon|Umbreon, M|296\/394 psn
|-damage|p2a: Umbreon|247\/394 psn|[from] Stealth Rock
|turn|39
|
|move|p1a: Stoutland|Superpower|p2a: Umbreon
|-crit|p2a: Umbreon
|-supereffective|p2a: Umbreon
|-damage|p2a: Umbreon|0 fnt
|-unboost|p1a: Stoutland|atk|1
|-unboost|p1a: Stoutland|def|1
|faint|p2a: Umbreon
|
|win|Cheeseboy628
|chat|Updated Kanto|damn it
|chat|Cheeseboy628|ahh at least that one didn't matter as much :|
|chat|Updated Kanto|ou next
|chat|Updated Kanto|pls
|chat|Cheeseboy628|sure thing man