|join|Cheeseboy628
|join|GazR
|player|p1|Cheeseboy628|1
|player|p2|GazR|153
|gametype|singles
|gen|6
|tier|UU
|rated
|rule|Sleep Clause Mod: Limit one foe put to sleep
|rule|Species Clause: Limit one of each Pokémon
|rule|OHKO Clause: OHKO moves are banned
|rule|Moody Clause: Moody is banned
|rule|Evasion Moves Clause: Evasion moves are banned
|rule|Endless Battle Clause: Forcing endless battles is banned
|rule|HP Percentage Mod: HP is shown in percentages
|clearpoke
|poke|p1|Swampert, F
|poke|p1|Florges, F
|poke|p1|Victini
|poke|p1|Aerodactyl, M
|poke|p1|Hydreigon, M
|poke|p1|Machamp, M
|poke|p2|Alakazam, F
|poke|p2|Infernape, M
|poke|p2|Tentacruel, F
|poke|p2|Mew
|poke|p2|Aerodactyl, F
|poke|p2|Raikou
|rule|Swagger Clause: Swagger is banned
|rule|Baton Pass Clause: Limit one Pokémon knowing Baton Pass
|teampreview
|join|georgie16
|
|start
|switch|p1a: Aerodactyl|Aerodactyl, M|302\/302
|switch|p2a: Infernape|Infernape, M|293\/293
|turn|1
|
|detailschange|p1a: Aerodactyl|Aerodactyl-Mega, M
|message|Aerodactyl has Mega Evolved into Mega Aerodactyl!
|move|p2a: Infernape|U-turn|p1a: Aerodactyl
|-resisted|p1a: Aerodactyl
|-damage|p1a: Aerodactyl|258\/302
|
|switch|p2a: Mew|Mew|404\/404
|move|p1a: Aerodactyl|Aerial Ace|p2a: Mew
|-damage|p2a: Mew|283\/404
|
|-heal|p2a: Mew|308\/404|[from] item: Leftovers
|turn|2
|
|move|p1a: Aerodactyl|Taunt|p2a: Mew
|-start|p2a: Mew|move: Taunt
|cant|p2a: Mew|move: Taunt|Will-O-Wisp
|
|-heal|p2a: Mew|333\/404|[from] item: Leftovers
|turn|3
|
|switch|p1a: Victini|Victini|341\/341
|move|p2a: Mew|Psychic|p1a: Victini
|-resisted|p1a: Victini
|-damage|p1a: Victini|289\/341
|
|-heal|p2a: Mew|358\/404|[from] item: Leftovers
|turn|4
|
|move|p1a: Victini|V-create|p2a: Mew
|-damage|p2a: Mew|91\/404
|-unboost|p1a: Victini|def|1
|-unboost|p1a: Victini|spd|1
|-unboost|p1a: Victini|spe|1
|move|p2a: Mew|Psychic|p1a: Victini
|-resisted|p1a: Victini
|-damage|p1a: Victini|214\/341
|
|-heal|p2a: Mew|116\/404|[from] item: Leftovers
|-end|p2a: Mew|move: Taunt
|turn|5
|
|switch|p2a: Infernape|Infernape, M|293\/293
|move|p1a: Victini|V-create|p2a: Infernape
|-resisted|p2a: Infernape
|-damage|p2a: Infernape|24\/293
|-unboost|p1a: Victini|def|1
|-unboost|p1a: Victini|spd|1
|-unboost|p1a: Victini|spe|1
|
|turn|6
|
|switch|p1a: Swampert|Swampert, F|404\/404
|move|p2a: Infernape|U-turn|p1a: Swampert
|-damage|p1a: Swampert|348\/404
|
|switch|p2a: Mew|Mew|116\/404
|
|-heal|p2a: Mew|141\/404|[from] item: Leftovers
|-heal|p1a: Swampert|373\/404|[from] item: Leftovers
|turn|7
|
|switch|p1a: Victini|Victini|214\/341
|move|p2a: Mew|Stealth Rock|p1a: Victini
|-sidestart|p1: Cheeseboy628|move: Stealth Rock
|
|-heal|p2a: Mew|166\/404|[from] item: Leftovers
|turn|8
|
|move|p1a: Victini|V-create|p2a: Mew
|-damage|p2a: Mew|0 fnt
|-unboost|p1a: Victini|def|1
|-unboost|p1a: Victini|spd|1
|-unboost|p1a: Victini|spe|1
|faint|p2a: Mew
|
|
|switch|p2a: Alakazam|Alakazam, F|252\/252
|turn|9
|
|switch|p1a: Hydreigon|Hydreigon, M|325\/325
|-damage|p1a: Hydreigon|285\/325|[from] Stealth Rock
|move|p2a: Alakazam|Shadow Ball|p1a: Hydreigon
|-resisted|p1a: Hydreigon
|-damage|p1a: Hydreigon|228\/325
|
|turn|10
|
|switch|p2a: Tentacruel|Tentacruel, F|364\/364
|move|p1a: Hydreigon|Dark Pulse|p2a: Tentacruel
|-damage|p2a: Tentacruel|273\/364
|
|-heal|p2a: Tentacruel|295\/364|[from] item: Black Sludge
|turn|11
|
|move|p1a: Hydreigon|Dark Pulse|p2a: Tentacruel
|-damage|p2a: Tentacruel|196\/364
|move|p2a: Tentacruel|Toxic Spikes|p1a: Hydreigon
|-sidestart|p1: Cheeseboy628|move: Toxic Spikes
|
|-heal|p2a: Tentacruel|218\/364|[from] item: Black Sludge
|turn|12
|
|move|p1a: Hydreigon|Dark Pulse|p2a: Tentacruel
|-damage|p2a: Tentacruel|128\/364
|move|p2a: Tentacruel|Ice Beam|p1a: Hydreigon
|-supereffective|p1a: Hydreigon
|-damage|p1a: Hydreigon|94\/325
|
|-heal|p2a: Tentacruel|150\/364|[from] item: Black Sludge
|turn|13
|
|switch|p1a: Florges|Florges, F|360\/360
|-damage|p1a: Florges|315\/360|[from] Stealth Rock
|-status|p1a: Florges|psn
|move|p2a: Tentacruel|Ice Beam|p1a: Florges
|-damage|p1a: Florges|285\/360 psn
|
|-heal|p2a: Tentacruel|172\/364|[from] item: Black Sludge
|-heal|p1a: Florges|307\/360 psn|[from] item: Leftovers
|-damage|p1a: Florges|262\/360 psn|[from] psn
|turn|14
|
|move|p2a: Tentacruel|Toxic Spikes|p1a: Florges
|-sidestart|p1: Cheeseboy628|move: Toxic Spikes
|move|p1a: Florges|Wish|p1a: Florges
|
|-heal|p2a: Tentacruel|194\/364|[from] item: Black Sludge
|-heal|p1a: Florges|284\/360 psn|[from] item: Leftovers
|-damage|p1a: Florges|239\/360 psn|[from] psn
|turn|15
|
|switch|p1a: Aerodactyl|Aerodactyl-Mega, M|258\/302
|-damage|p1a: Aerodactyl|183\/302|[from] Stealth Rock
|move|p2a: Tentacruel|Scald|p1a: Aerodactyl
|-supereffective|p1a: Aerodactyl
|-damage|p1a: Aerodactyl|31\/302
|
|-heal|p1a: Aerodactyl|211\/302|[from] move: Wish|[wisher] Florges
|-heal|p2a: Tentacruel|216\/364|[from] item: Black Sludge
|turn|16
|
|move|p1a: Aerodactyl|Defog|p2a: Tentacruel
|-unboost|p2a: Tentacruel|evasion|1
|-sideend|p1: Cheeseboy628|Toxic Spikes|[from] move: Defog|[of] p1a: Aerodactyl
|-sideend|p1: Cheeseboy628|Stealth Rock|[from] move: Defog|[of] p1a: Aerodactyl
|move|p2a: Tentacruel|Scald|p1a: Aerodactyl
|-supereffective|p1a: Aerodactyl
|-damage|p1a: Aerodactyl|41\/302
|-status|p1a: Aerodactyl|brn
|
|-heal|p2a: Tentacruel|238\/364|[from] item: Black Sludge
|-damage|p1a: Aerodactyl|4\/302 brn|[from] brn
|turn|17
|
|move|p1a: Aerodactyl|Taunt|p2a: Tentacruel
|-start|p2a: Tentacruel|move: Taunt
|cant|p2a: Tentacruel|move: Taunt|Toxic Spikes
|
|-heal|p2a: Tentacruel|260\/364|[from] item: Black Sludge
|-damage|p1a: Aerodactyl|0 fnt|[from] brn
|faint|p1a: Aerodactyl
|
|switch|p1a: Victini|Victini|214\/341
|turn|18
|
|switch|p2a: Infernape|Infernape, M|24\/293
|move|p1a: Victini|Bolt Strike|p2a: Infernape
|-damage|p2a: Infernape|0 fnt
|faint|p2a: Infernape
|
|
|switch|p2a: Aerodactyl|Aerodactyl, F|302\/302
|turn|19
|c|★GazR|banded
|c|★GazR|of course
|
|switch|p1a: Swampert|Swampert, F|373\/404
|detailschange|p2a: Aerodactyl|Aerodactyl-Mega, F
|message|Aerodactyl has Mega Evolved into Mega Aerodactyl!
|move|p2a: Aerodactyl|Hone Claws|p2a: Aerodactyl
|-boost|p2a: Aerodactyl|atk|1
|-boost|p2a: Aerodactyl|accuracy|1
|
|-heal|p1a: Swampert|398\/404|[from] item: Leftovers
|turn|20
|
|move|p2a: Aerodactyl|Aqua Tail|p1a: Swampert
|-damage|p1a: Swampert|216\/404
|move|p1a: Swampert|Scald|p2a: Aerodactyl
|-supereffective|p2a: Aerodactyl
|-damage|p2a: Aerodactyl|126\/302
|-status|p2a: Aerodactyl|brn
|
|-heal|p1a: Swampert|241\/404|[from] item: Leftovers
|-damage|p2a: Aerodactyl|89\/302 brn|[from] brn
|turn|21
|c|★GazR|of course
|c|★Cheeseboy628|so when you burned me, it didn't matter?
|c|★Cheeseboy628|But your burn: "of course"
|
|move|p2a: Aerodactyl|Aqua Tail|p1a: Swampert
|-damage|p1a: Swampert|152\/404
|move|p1a: Swampert|Stealth Rock|p2a: Aerodactyl
|-sidestart|p2: GazR|move: Stealth Rock
|
|-heal|p1a: Swampert|177\/404|[from] item: Leftovers
|-damage|p2a: Aerodactyl|52\/302 brn|[from] brn
|turn|22
|c|★GazR|i didn't burn
|c|★GazR|first time
|c|★GazR|.....
|c|★GazR|mine was 60%
|c|★GazR|as first one didn't burn
|c|★GazR|yours was 30%
|c|★GazR|big difference
|c|★GazR|dip shit
|c|★Cheeseboy628|that's not how the odd word lmao
|c|★Cheeseboy628|*odds work
|
|move|p2a: Aerodactyl|Crunch|p1a: Swampert
|-damage|p1a: Swampert|105\/404
|-unboost|p1a: Swampert|def|1
|move|p1a: Swampert|Scald|p2a: Aerodactyl
|-supereffective|p2a: Aerodactyl
|-damage|p2a: Aerodactyl|0 fnt
|faint|p2a: Aerodactyl
|
|-heal|p1a: Swampert|130\/404|[from] item: Leftovers
|c|★GazR|yes it is...
|c|★Cheeseboy628|no, it's about 50%
|c|★GazR|do you not understand probabilities?
|c|★GazR|it's 60%
|c|★Cheeseboy628|.7 times .7
|c|★GazR|you retard
|c|★GazR|no...
|c|★Cheeseboy628|please explain your math process
|c|★GazR|omg
|
|switch|p2a: Alakazam|Alakazam, F|252\/252
|turn|23
|c|★Cheeseboy628|you take the chance it won't happen, and multiply it by itself
|c|★Cheeseboy628|which means you had a 51% chance to get it within two tries
|
|move|p2a: Alakazam|Energy Ball|p1a: Swampert
|-supereffective|p1a: Swampert
|-damage|p1a: Swampert|0 fnt
|faint|p1a: Swampert
|
|
|switch|p1a: Hydreigon|Hydreigon, M|94\/325
|turn|24
|
|switch|p2a: Tentacruel|Tentacruel, F|260\/364
|-damage|p2a: Tentacruel|215\/364|[from] Stealth Rock
|move|p1a: Hydreigon|Dark Pulse|p2a: Tentacruel
|-damage|p2a: Tentacruel|119\/364
|
|-heal|p2a: Tentacruel|141\/364|[from] item: Black Sludge
|turn|25
|
|switch|p1a: Victini|Victini|214\/341
|move|p2a: Tentacruel|Toxic Spikes|p1a: Victini
|-sidestart|p1: Cheeseboy628|move: Toxic Spikes
|
|-heal|p2a: Tentacruel|163\/364|[from] item: Black Sludge
|turn|26
|
|move|p1a: Victini|V-create|p2a: Tentacruel
|-resisted|p2a: Tentacruel
|-damage|p2a: Tentacruel|0 fnt
|-unboost|p1a: Victini|def|1
|-unboost|p1a: Victini|spd|1
|-unboost|p1a: Victini|spe|1
|faint|p2a: Tentacruel
|
|
|switch|p2a: Raikou|Raikou|322\/322
|-damage|p2a: Raikou|282\/322|[from] Stealth Rock
|-ability|p2a: Raikou|Pressure
|turn|27
|
|switch|p1a: Florges|Florges, F|239\/360 psn
|move|p2a: Raikou|Thunderbolt|p1a: Florges
|-damage|p1a: Florges|163\/360 psn
|
|-heal|p1a: Florges|185\/360 psn|[from] item: Leftovers
|-damage|p1a: Florges|140\/360 psn|[from] psn
|turn|28
|
|move|p2a: Raikou|Volt Switch|p1a: Florges
|-damage|p1a: Florges|82\/360 psn
|
|switch|p2a: Alakazam|Alakazam, F|252\/252
|move|p1a: Florges|Wish|p1a: Florges
|
|-heal|p1a: Florges|104\/360 psn|[from] item: Leftovers
|-damage|p1a: Florges|59\/360 psn|[from] psn
|turn|29
|
|move|p1a: Florges|Protect|p1a: Florges
|-singleturn|p1a: Florges|Protect
|move|p2a: Alakazam|Psyshock|p1a: Florges
|-activate|p1a: Florges|Protect
|
|-heal|p1a: Florges|239\/360 psn|[from] move: Wish|[wisher] Florges
|-heal|p1a: Florges|261\/360 psn|[from] item: Leftovers
|-damage|p1a: Florges|216\/360 psn|[from] psn
|turn|30
|
|move|p2a: Alakazam|Encore|p1a: Florges
|-start|p1a: Florges|Encore
|move|p1a: Florges|Protect|p1a: Florges
|-fail|p1a: Florges
|
|-heal|p1a: Florges|238\/360 psn|[from] item: Leftovers
|-damage|p1a: Florges|193\/360 psn|[from] psn
|turn|31
|
|switch|p1a: Victini|Victini|214\/341
|-status|p1a: Victini|psn
|move|p2a: Alakazam|Shadow Ball|p1a: Victini
|-crit|p1a: Victini
|-supereffective|p1a: Victini
|-damage|p1a: Victini|0 fnt
|faint|p1a: Victini
|
|
|switch|p1a: Hydreigon|Hydreigon, M|94\/325
|turn|32
|c|★Cheeseboy628|gg
|c|★GazR|you win?
|c|★GazR|how do you work that out?
|c|★Cheeseboy628|just watch, pls :]
|c|★GazR|i know it's scarfed
|c|★Cheeseboy628|but you have to make your move
|
|switch|p2a: Raikou|Raikou|282\/322
|-damage|p2a: Raikou|242\/322|[from] Stealth Rock
|-ability|p2a: Raikou|Pressure
|move|p1a: Hydreigon|Dark Pulse|p2a: Raikou
|-damage|p2a: Raikou|145\/322
|
|turn|33
|c|★GazR|yeah
|c|★GazR|so
|c|★GazR|carry on...
|
|switch|p1a: Machamp|Machamp, M|384\/384
|-status|p1a: Machamp|psn
|move|p2a: Raikou|Hidden Power|p1a: Machamp
|-crit|p1a: Machamp
|-damage|p1a: Machamp|304\/384 psn
|
|-damage|p1a: Machamp|256\/384 psn|[from] psn
|turn|34
|
|move|p2a: Raikou|Extrasensory|p1a: Machamp
|-crit|p1a: Machamp
|-supereffective|p1a: Machamp
|-damage|p1a: Machamp|72\/384 psn
|move|p1a: Machamp|Dynamic Punch|p2a: Raikou
|-damage|p2a: Raikou|0 fnt
|faint|p2a: Raikou
|
|-damage|p1a: Machamp|24\/384 psn|[from] psn
|
|switch|p2a: Alakazam|Alakazam, F|252\/252
|turn|35
|c|★Cheeseboy628|gg again :]
|
|move|p1a: Machamp|Bullet Punch|p2a: Alakazam
|-damage|p2a: Alakazam|162\/252
|move|p2a: Alakazam|Shadow Ball|p1a: Machamp
|-damage|p1a: Machamp|0 fnt
|faint|p1a: Machamp
|
|
|switch|p1a: Hydreigon|Hydreigon, M|94\/325
|turn|36
|c|★GazR|if i tbolted
|c|★GazR|on the dreigon
|c|★GazR|you'd lost
|c|★Cheeseboy628|it's okay
|c|★GazR|so i don't understand why you said gg so early...
|c|★Cheeseboy628|because I won
|c|★Cheeseboy628|so consider your rude and ignorant comments for another player
|c|★Cheeseboy628|thank you :]
|
|move|p1a: Hydreigon|Dark Pulse|p2a: Alakazam
|-supereffective|p2a: Alakazam
|-damage|p2a: Alakazam|0 fnt
|faint|p2a: Alakazam
|
|win|Cheeseboy628
|raw|Ladder updating...
|raw|Cheeseboy628's rating: 1516 &rarr; <strong>1539<\/strong><br \/>(+23 for winning)
|raw|GazR's rating: 1569 &rarr; <strong>1546<\/strong><br \/>(-23 for losing)
|c|★GazR|go die
|c|★GazR|LOL i'm still above you
|c|★GazR|bit awkward
|c|★Cheeseboy628|yeah awkward you lose to someone "below" you...
|c|★GazR|getting happy over a win and my normal testing account is still above you
|c|★GazR|this is just a test team
|c|★GazR|chill out
|c|★Cheeseboy628|oh man, I'm so worked up
|c|★Cheeseboy628|you really got me
|c|★GazR|you look it
|c|★GazR|you're a freak
|leave|GazR
|player|p2
|leave|georgie16
|player|p1|Guest 726250|1
|join|Cheeseboy628
|player|p1|Cheeseboy628|1