|join|Cheeseboy628
|join|Nice hax
|player|p1|Cheeseboy628|101
|player|p2|Nice hax|63
|gametype|singles
|gen|6
|tier|UU
|rule|Sleep Clause Mod: Limit one foe put to sleep
|rule|Species Clause: Limit one of each Pokémon
|rule|OHKO Clause: OHKO moves are banned
|rule|Moody Clause: Moody is banned
|rule|Evasion Moves Clause: Evasion moves are banned
|rule|Endless Battle Clause: Forcing endless battles is banned
|rule|HP Percentage Mod: HP is shown in percentages
|clearpoke
|poke|p1|Honchkrow, F
|poke|p1|Victini
|poke|p1|Lucario, M
|poke|p1|Alomomola, M
|poke|p1|Hydreigon, M
|poke|p1|Donphan, F
|poke|p2|Slowbro, F
|poke|p2|Blissey, F
|poke|p2|Aerodactyl, M, shiny
|poke|p2|Alakazam, M
|poke|p2|Infernape, F
|poke|p2|Fletchinder, F, shiny
|rule|Swagger Clause: Swagger is banned
|rule|Baton Pass Clause: Limit one Pokémon knowing Baton Pass
|teampreview
|join|ThePandaExpress
|c| ThePandaExpress|again, wait for spectators
|c|★Nice hax|gl hf
|c|★Nice hax|yea we know
|join|TheRealSaltyChips
|c| TheRealSaltyChips|Good Luck!
|c|★Cheeseboy628|ty u2
|join|Bassist99
|join|Dxfensive
|c| TheRealSaltyChips|Cheese, this is a different UU team? amiright?
|c| Dxfensive|wait what
|join|Kutt
|join|Androwonfire
|c|★Cheeseboy628|you bethca
|c|★Cheeseboy628|*betcha lol
|c| ThePandaExpress|go ahead and begin :) Good luck guys
|
|start
|switch|p1a: Alomomola|Alomomola, M|534\/534
|switch|p2a: >Physical Sweepers|Slowbro, F|394\/394
|turn|1
|c| TheRealSaltyChips|Cheese has 2 Physical tanks?
|
|switch|p2a: Monopoly Mustache|Alakazam, M|252\/252
|move|p1a: Alomomola|Scald|p2a: Monopoly Mustache
|-damage|p2a: Monopoly Mustache|203\/252
|
|turn|2
|
|move|p1a: Alomomola|Protect|p1a: Alomomola
|-singleturn|p1a: Alomomola|Protect
|move|p2a: Monopoly Mustache|Shadow Ball|p1a: Alomomola
|-activate|p1a: Alomomola|Protect
|
|turn|3
|
|move|p2a: Monopoly Mustache|Shadow Ball|p1a: Alomomola
|-damage|p1a: Alomomola|366\/534
|move|p1a: Alomomola|Wish|p1a: Alomomola
|
|-heal|p1a: Alomomola|399\/534|[from] item: Leftovers
|turn|4
|
|switch|p2a: >Physical Sweepers|Slowbro, F|394\/394
|switch|p1a: Honchkrow|Honchkrow, F|341\/341
|
|turn|5
|
|switch|p1a: Alomomola|Alomomola, M|534\/534
|move|p2a: >Physical Sweepers|Slack Off|p2a: >Physical Sweepers
|-fail|p2a: >Physical Sweepers
|
|turn|6
|
|switch|p2a: Fat American|Blissey, F|652\/652
|move|p1a: Alomomola|Scald|p2a: Fat American
|-damage|p2a: Fat American|622\/652
|
|-heal|p2a: Fat American|652\/652|[from] item: Leftovers
|turn|7
|join|TTM Jolt
|c| TheRealSaltyChips|Welcome Jolt!
|
|switch|p1a: Honchkrow|Honchkrow, F|341\/341
|move|p2a: Fat American|Seismic Toss|p1a: Honchkrow
|-damage|p1a: Honchkrow|241\/341
|
|turn|8
|
|switch|p2a: >Physical Sweepers|Slowbro, F|394\/394
|move|p1a: Honchkrow|Superpower|p2a: >Physical Sweepers
|-resisted|p2a: >Physical Sweepers
|-damage|p2a: >Physical Sweepers|323\/394
|-unboost|p1a: Honchkrow|atk|1
|-unboost|p1a: Honchkrow|def|1
|-damage|p1a: Honchkrow|207\/341|[from] item: Life Orb
|
|-heal|p2a: >Physical Sweepers|347\/394|[from] item: Leftovers
|turn|9
|
|switch|p1a: Alomomola|Alomomola, M|534\/534
|move|p2a: >Physical Sweepers|Scald|p1a: Alomomola
|-resisted|p1a: Alomomola
|-damage|p1a: Alomomola|450\/534
|
|-heal|p1a: Alomomola|483\/534|[from] item: Leftovers
|-heal|p2a: >Physical Sweepers|371\/394|[from] item: Leftovers
|turn|10
|
|switch|p2a: Fat American|Blissey, F|652\/652
|move|p1a: Alomomola|Wish|p1a: Alomomola
|
|-heal|p1a: Alomomola|516\/534|[from] item: Leftovers
|turn|11
|
|switch|p1a: Honchkrow|Honchkrow, F|207\/341
|move|p2a: Fat American|Toxic|p1a: Honchkrow
|-status|p1a: Honchkrow|tox
|
|-heal|p1a: Honchkrow|341\/341 tox|[from] move: Wish|[wisher] Alomomola
|-damage|p1a: Honchkrow|320\/341 tox|[from] psn
|turn|12
|
|move|p1a: Honchkrow|Pursuit|p2a: Fat American|[from]Pursuit
|-damage|p2a: Fat American|308\/652
|-damage|p1a: Honchkrow|286\/341 tox|[from] item: Life Orb
|switch|p2a: >Physical Sweepers|Slowbro, F|394\/394
|
|-damage|p1a: Honchkrow|244\/341 tox|[from] psn
|turn|13
|
|switch|p1a: Alomomola|Alomomola, M|534\/534
|move|p2a: >Physical Sweepers|Scald|p1a: Alomomola
|-resisted|p1a: Alomomola
|-damage|p1a: Alomomola|441\/534
|
|-heal|p1a: Alomomola|474\/534|[from] item: Leftovers
|turn|14
|
|switch|p2a: Caesar|Infernape, F|293\/293
|move|p1a: Alomomola|Scald|p2a: Caesar
|-crit|p2a: Caesar
|-supereffective|p2a: Caesar
|-damage|p2a: Caesar|81\/293
|
|-heal|p1a: Alomomola|507\/534|[from] item: Leftovers
|turn|15
|c|★Nice hax|the crit ouch
|
|move|p1a: Alomomola|Protect|p1a: Alomomola
|-singleturn|p1a: Alomomola|Protect
|move|p2a: Caesar|Grass Knot|p1a: Alomomola
|-activate|p1a: Alomomola|Protect
|
|-heal|p1a: Alomomola|534\/534|[from] item: Leftovers
|turn|16
|
|switch|p1a: Victini|Victini|341\/341
|move|p2a: Caesar|Grass Knot|p1a: Victini
|-resisted|p1a: Victini
|-damage|p1a: Victini|328\/341
|-damage|p2a: Caesar|52\/293|[from] item: Life Orb
|
|turn|17
|
|switch|p2a: >Physical Sweepers|Slowbro, F|394\/394
|move|p1a: Victini|U-turn|p2a: >Physical Sweepers
|-supereffective|p2a: >Physical Sweepers
|-damage|p2a: >Physical Sweepers|240\/394
|join|Mega Kid DudeMan
|c| Mega Kid DudeMan|Hi
|c|★Nice hax|hi
|
|switch|p1a: Hydreigon|Hydreigon, M|381\/381
|
|-heal|p2a: >Physical Sweepers|264\/394|[from] item: Leftovers
|turn|18
|
|switch|p1a: Donphan|Donphan, F|384\/384
|switch|p2a: Caesar|Infernape, F|52\/293
|
|turn|19
|c| Mega Kid DudeMan|Battle anyone?
|join|onrop
|c| onrop|is this the last game?
|c|★Nice hax|depends 
|
|move|p2a: Caesar|Fire Blast|p1a: Donphan|[miss]
|-miss|p2a: Caesar|p1a: Donphan
|move|p1a: Donphan|Stealth Rock|p2a: Caesar
|-sidestart|p2: Nice hax|move: Stealth Rock
|
|turn|20
|c|★Nice hax|most likely no
|c| Kutt|if hax wins its last game
|c| ThePandaExpress|potentially. If cheeseboy wins, game 3 is OU.
|c|★Nice hax|especially if I MISS
|
|switch|p1a: Hydreigon|Hydreigon, M|381\/381
|move|p2a: Caesar|Fire Blast|p1a: Hydreigon
|-resisted|p1a: Hydreigon
|-damage|p1a: Hydreigon|268\/381
|-damage|p2a: Caesar|23\/293|[from] item: Life Orb
|
|turn|21
|c| onrop|nice hax
|c|★Nice hax|<---
|c| Mega Kid DudeMan|Anyone wanna Battle Me? uber or hackmons
|
|switch|p1a: Alomomola|Alomomola, M|534\/534
|move|p2a: Caesar|Fire Blast|p1a: Alomomola
|-resisted|p1a: Alomomola
|-damage|p1a: Alomomola|242\/534
|-damage|p2a: Caesar|0 fnt|[from] item: Life Orb
|faint|p2a: Caesar
|
|-heal|p1a: Alomomola|275\/534|[from] item: Leftovers
|c|★Cheeseboy628|oww
|
|switch|p2a: Fat American|Blissey, F|308\/652
|-damage|p2a: Fat American|227\/652|[from] Stealth Rock
|turn|22
|c| onrop|lel dat name
|
|move|p1a: Alomomola|Wish|p1a: Alomomola
|move|p2a: Fat American|Soft-Boiled|p2a: Fat American
|-heal|p2a: Fat American|553\/652
|
|-heal|p1a: Alomomola|308\/534|[from] item: Leftovers
|-heal|p2a: Fat American|593\/652|[from] item: Leftovers
|turn|23
|
|switch|p1a: Honchkrow|Honchkrow, F|244\/341 tox
|switch|p2a: >Physical Sweepers|Slowbro, F|394\/394
|-damage|p2a: >Physical Sweepers|345\/394|[from] Stealth Rock
|
|-heal|p1a: Honchkrow|341\/341 tox|[from] move: Wish|[wisher] Alomomola
|-heal|p2a: >Physical Sweepers|369\/394|[from] item: Leftovers
|-damage|p1a: Honchkrow|320\/341 tox|[from] psn
|turn|24
|c| Mega Kid DudeMan|STOP WITH THE OBESITY JOKES!!!
|
|switch|p1a: Alomomola|Alomomola, M|486\/534
|move|p2a: >Physical Sweepers|Scald|p1a: Alomomola
|-resisted|p1a: Alomomola
|-damage|p1a: Alomomola|393\/534
|
|-heal|p1a: Alomomola|426\/534|[from] item: Leftovers
|-heal|p2a: >Physical Sweepers|393\/394|[from] item: Leftovers
|turn|25
|
|move|p1a: Alomomola|Scald|p2a: >Physical Sweepers
|-resisted|p2a: >Physical Sweepers
|-damage|p2a: >Physical Sweepers|368\/394
|move|p2a: >Physical Sweepers|Scald|p1a: Alomomola
|-resisted|p1a: Alomomola
|-damage|p1a: Alomomola|334\/534
|
|-heal|p1a: Alomomola|367\/534|[from] item: Leftovers
|-heal|p2a: >Physical Sweepers|392\/394|[from] item: Leftovers
|turn|26
|
|move|p1a: Alomomola|Scald|p2a: >Physical Sweepers
|-resisted|p2a: >Physical Sweepers
|-damage|p2a: >Physical Sweepers|365\/394
|move|p2a: >Physical Sweepers|Scald|p1a: Alomomola
|-crit|p1a: Alomomola
|-resisted|p1a: Alomomola
|-damage|p1a: Alomomola|235\/534
|-status|p1a: Alomomola|brn
|
|-heal|p1a: Alomomola|268\/534 brn|[from] item: Leftovers
|-heal|p2a: >Physical Sweepers|389\/394|[from] item: Leftovers
|-damage|p1a: Alomomola|202\/534 brn|[from] brn
|turn|27
|c| onrop|crit burn XD
|c|★Nice hax|<---
|c| Mega Kid DudeMan|Nice hax XD
|
|move|p1a: Alomomola|Wish|p1a: Alomomola
|move|p2a: >Physical Sweepers|Scald|p1a: Alomomola
|-resisted|p1a: Alomomola
|-damage|p1a: Alomomola|118\/534 brn
|
|-heal|p1a: Alomomola|151\/534 brn|[from] item: Leftovers
|-heal|p2a: >Physical Sweepers|394\/394|[from] item: Leftovers
|-damage|p1a: Alomomola|85\/534 brn|[from] brn
|turn|28
|
|move|p1a: Alomomola|Protect|p1a: Alomomola
|-singleturn|p1a: Alomomola|Protect
|move|p2a: >Physical Sweepers|Scald|p1a: Alomomola
|-activate|p1a: Alomomola|Protect
|
|-heal|p1a: Alomomola|352\/534 brn|[from] move: Wish|[wisher] Alomomola
|-heal|p1a: Alomomola|385\/534 brn|[from] item: Leftovers
|-damage|p1a: Alomomola|319\/534 brn|[from] brn
|turn|29
|
|move|p1a: Alomomola|Wish|p1a: Alomomola
|move|p2a: >Physical Sweepers|Scald|p1a: Alomomola
|-resisted|p1a: Alomomola
|-damage|p1a: Alomomola|233\/534 brn
|
|-heal|p1a: Alomomola|266\/534 brn|[from] item: Leftovers
|-damage|p1a: Alomomola|200\/534 brn|[from] brn
|turn|30
|
|move|p1a: Alomomola|Scald|p2a: >Physical Sweepers
|-resisted|p2a: >Physical Sweepers
|-damage|p2a: >Physical Sweepers|365\/394
|move|p2a: >Physical Sweepers|Scald|p1a: Alomomola
|-resisted|p1a: Alomomola
|-damage|p1a: Alomomola|110\/534 brn
|
|-heal|p1a: Alomomola|377\/534 brn|[from] move: Wish|[wisher] Alomomola
|-heal|p1a: Alomomola|410\/534 brn|[from] item: Leftovers
|-heal|p2a: >Physical Sweepers|389\/394|[from] item: Leftovers
|-damage|p1a: Alomomola|344\/534 brn|[from] brn
|turn|31
|
|move|p1a: Alomomola|Wish|p1a: Alomomola
|move|p2a: >Physical Sweepers|Psyshock|p1a: Alomomola
|-damage|p1a: Alomomola|265\/534 brn
|
|-heal|p1a: Alomomola|298\/534 brn|[from] item: Leftovers
|-heal|p2a: >Physical Sweepers|394\/394|[from] item: Leftovers
|-damage|p1a: Alomomola|232\/534 brn|[from] brn
|turn|32
|
|move|p1a: Alomomola|Scald|p2a: >Physical Sweepers
|-resisted|p2a: >Physical Sweepers
|-damage|p2a: >Physical Sweepers|367\/394
|-status|p2a: >Physical Sweepers|brn
|move|p2a: >Physical Sweepers|Scald|p1a: Alomomola
|-resisted|p1a: Alomomola
|-damage|p1a: Alomomola|144\/534 brn
|
|-heal|p1a: Alomomola|411\/534 brn|[from] move: Wish|[wisher] Alomomola
|-heal|p1a: Alomomola|444\/534 brn|[from] item: Leftovers
|-heal|p2a: >Physical Sweepers|391\/394 brn|[from] item: Leftovers
|-damage|p1a: Alomomola|378\/534 brn|[from] brn
|-damage|p2a: >Physical Sweepers|342\/394 brn|[from] brn
|turn|33
|c|★Nice hax|finally!
|
|switch|p1a: Victini|Victini|328\/341
|move|p2a: >Physical Sweepers|Calm Mind|p2a: >Physical Sweepers
|-boost|p2a: >Physical Sweepers|spa|1
|-boost|p2a: >Physical Sweepers|spd|1
|
|-heal|p2a: >Physical Sweepers|366\/394 brn|[from] item: Leftovers
|-damage|p2a: >Physical Sweepers|317\/394 brn|[from] brn
|turn|34
|
|move|p1a: Victini|U-turn|p2a: >Physical Sweepers
|-supereffective|p2a: >Physical Sweepers
|-damage|p2a: >Physical Sweepers|165\/394 brn
|c| Mega Kid DudeMan|Who thinks Alolmomola Will be buttpwned by aerodactyl?
|
|switch|p1a: Alomomola|Alomomola, M|534\/534 brn
|move|p2a: >Physical Sweepers|Scald|p1a: Alomomola
|-resisted|p1a: Alomomola
|-damage|p1a: Alomomola|404\/534 brn
|
|-heal|p1a: Alomomola|437\/534 brn|[from] item: Leftovers
|-heal|p2a: >Physical Sweepers|189\/394 brn|[from] item: Leftovers
|-damage|p1a: Alomomola|371\/534 brn|[from] brn
|-damage|p2a: >Physical Sweepers|140\/394 brn|[from] brn
|turn|35
|
|switch|p1a: Hydreigon|Hydreigon, M|268\/381
|move|p2a: >Physical Sweepers|Slack Off|p2a: >Physical Sweepers
|-heal|p2a: >Physical Sweepers|337\/394 brn
|
|-heal|p2a: >Physical Sweepers|361\/394 brn|[from] item: Leftovers
|-damage|p2a: >Physical Sweepers|312\/394 brn|[from] brn
|turn|36
|
|switch|p2a: Fat American|Blissey, F|593\/652
|-damage|p2a: Fat American|512\/652|[from] Stealth Rock
|move|p1a: Hydreigon|Dark Pulse|p2a: Fat American
|-damage|p2a: Fat American|406\/652
|
|-heal|p2a: Fat American|446\/652|[from] item: Leftovers
|turn|37
|
|switch|p1a: Lucario|Lucario, M|281\/281
|switch|p2a: Old times|Aerodactyl, M, shiny|301\/301
|-damage|p2a: Old times|226\/301|[from] Stealth Rock
|-ability|p2a: Old times|Pressure
|
|turn|38
|
|switch|p2a: >Physical Sweepers|Slowbro, F|394\/394 brn
|-damage|p2a: >Physical Sweepers|345\/394 brn|[from] Stealth Rock
|switch|p1a: Donphan|Donphan, F|384\/384
|
|-heal|p2a: >Physical Sweepers|369\/394 brn|[from] item: Leftovers
|-damage|p2a: >Physical Sweepers|320\/394 brn|[from] brn
|turn|39
|
|switch|p1a: Hydreigon|Hydreigon, M|268\/381
|move|p2a: >Physical Sweepers|Scald|p1a: Hydreigon
|-resisted|p1a: Hydreigon
|-damage|p1a: Hydreigon|233\/381
|-status|p1a: Hydreigon|brn
|
|-heal|p2a: >Physical Sweepers|344\/394 brn|[from] item: Leftovers
|-damage|p1a: Hydreigon|186\/381 brn|[from] brn
|-damage|p2a: >Physical Sweepers|295\/394 brn|[from] brn
|turn|40
|
|switch|p1a: Victini|Victini|328\/341
|switch|p2a: Fat American|Blissey, F|446\/652
|-damage|p2a: Fat American|365\/652|[from] Stealth Rock
|
|-heal|p2a: Fat American|405\/652|[from] item: Leftovers
|turn|41
|c| TheRealSaltyChips|\/me yawns
|
|move|p1a: Victini|Bolt Strike|p2a: Fat American
|-damage|p2a: Fat American|65\/652
|move|p2a: Fat American|Soft-Boiled|p2a: Fat American
|-heal|p2a: Fat American|391\/652
|
|-heal|p2a: Fat American|431\/652|[from] item: Leftovers
|turn|42
|join|manfrommunster
|
|move|p1a: Victini|Bolt Strike|p2a: Fat American
|-damage|p2a: Fat American|65\/652
|move|p2a: Fat American|Soft-Boiled|p2a: Fat American
|-heal|p2a: Fat American|391\/652
|
|-heal|p2a: Fat American|431\/652|[from] item: Leftovers
|turn|43
|
|switch|p1a: Lucario|Lucario, M|281\/281
|move|p2a: Fat American|Soft-Boiled|p2a: Fat American
|-heal|p2a: Fat American|652\/652
|
|turn|44
|
|switch|p2a: >Physical Sweepers|Slowbro, F|394\/394 brn
|-damage|p2a: >Physical Sweepers|345\/394 brn|[from] Stealth Rock
|move|p1a: Lucario|Nasty Plot|p1a: Lucario
|-boost|p1a: Lucario|spa|2
|
|-heal|p2a: >Physical Sweepers|369\/394 brn|[from] item: Leftovers
|-damage|p2a: >Physical Sweepers|320\/394 brn|[from] brn
|turn|45
|c| Kutt|YUS
|c| Kutt|speccial luc 4 the win
|
|switch|p2a: Fat American|Blissey, F|652\/652
|-damage|p2a: Fat American|571\/652|[from] Stealth Rock
|move|p1a: Lucario|Dark Pulse|p2a: Fat American
|-damage|p2a: Fat American|402\/652
|-damage|p1a: Lucario|253\/281|[from] item: Life Orb
|
|-heal|p2a: Fat American|442\/652|[from] item: Leftovers
|turn|46
|
|move|p1a: Lucario|Nasty Plot|p1a: Lucario
|-boost|p1a: Lucario|spa|2
|move|p2a: Fat American|Seismic Toss|p1a: Lucario
|-damage|p1a: Lucario|153\/281
|
|-heal|p2a: Fat American|482\/652|[from] item: Leftovers
|turn|47
|
|switch|p2a: >Physical Sweepers|Slowbro, F|394\/394 brn
|-damage|p2a: >Physical Sweepers|345\/394 brn|[from] Stealth Rock
|move|p1a: Lucario|Flash Cannon|p2a: >Physical Sweepers
|-resisted|p2a: >Physical Sweepers
|-damage|p2a: >Physical Sweepers|0 fnt
|-damage|p1a: Lucario|125\/281|[from] item: Life Orb
|faint|p2a: >Physical Sweepers
|
|c| onrop|ouch
|c|★Nice hax|wow
|c|★Nice hax|well looks like gg
|
|switch|p2a: Monopoly Mustache|Alakazam, M|203\/252
|turn|48
|c| manfrommunster|is that life orb?
|c| TheRealSaltyChips|good job Cheese! :D
|leave|Nice hax
|player|p2
|join|Nice hax
|player|p2|Nice hax|63
|c| Mega Kid DudeMan|Y U NO MEGA EVOLVE!?!?!?
|
|move|p1a: Lucario|Vacuum Wave|p2a: Monopoly Mustache
|-resisted|p2a: Monopoly Mustache
|-damage|p2a: Monopoly Mustache|51\/252
|-damage|p1a: Lucario|97\/281|[from] item: Life Orb
|move|p2a: Monopoly Mustache|Shadow Ball|p1a: Lucario
|-crit|p1a: Lucario
|-damage|p1a: Lucario|0 fnt
|faint|p1a: Lucario
|
|c| TheRealSaltyChips|...
|c| TheRealSaltyChips|Ever Heard of Ubers?
|c| Mega Kid DudeMan|oh
|c|★Nice hax|sorry about that
|join|Plesius
|
|switch|p1a: Donphan|Donphan, F|384\/384
|turn|49
|c| Plesius|ñya
|
|move|p1a: Donphan|Ice Shard|p2a: Monopoly Mustache
|-damage|p2a: Monopoly Mustache|0 fnt
|faint|p2a: Monopoly Mustache
|
|
|switch|p2a: Bird Stronk|Fletchinder, F, shiny|291\/291
|-damage|p2a: Bird Stronk|146\/291|[from] Stealth Rock
|turn|50
|c| Mega Kid DudeMan|Anyone Wanna Uber Battle?
|
|switch|p1a: Hydreigon|Hydreigon, M|186\/381 brn
|move|p2a: Bird Stronk|Swords Dance|p2a: Bird Stronk
|-boost|p2a: Bird Stronk|atk|2
|
|-damage|p1a: Hydreigon|139\/381 brn|[from] brn
|turn|51
|c| Mega Kid DudeMan|Or OU
|
|move|p2a: Bird Stronk|Acrobatics|p1a: Hydreigon
|-damage|p1a: Hydreigon|0 fnt
|faint|p1a: Hydreigon
|
|join|Adanel
|c|★Nice hax|bird stronk 
|
|switch|p1a: Alomomola|Alomomola, M|534\/534 brn
|turn|52
|
|move|p2a: Bird Stronk|Swords Dance|p2a: Bird Stronk
|-boost|p2a: Bird Stronk|atk|2
|move|p1a: Alomomola|Scald|p2a: Bird Stronk
|-supereffective|p2a: Bird Stronk
|-damage|p2a: Bird Stronk|0 fnt
|faint|p2a: Bird Stronk
|
|-damage|p1a: Alomomola|468\/534 brn|[from] brn
|c|★Nice hax|stupid me
|c|★Nice hax|gg :)
|leave|Nice hax
|player|p2
|join|Nice hax
|leave|Adanel
|player|p2|Nice hax|63
|leave|onrop
|-message|Nice hax forfeited.
|
|win|Cheeseboy628