|join|omegatyrix
|join|pelucas
|player|p1|omegatyrix|126
|player|p2|pelucas|169
|gametype|singles
|gen|6
|tier|UU
|rated
|rule|Sleep Clause Mod: Limit one foe put to sleep
|rule|Species Clause: Limit one of each Pokémon
|rule|OHKO Clause: OHKO moves are banned
|rule|Moody Clause: Moody is banned
|rule|Evasion Moves Clause: Evasion moves are banned
|rule|Endless Battle Clause: Forcing endless battles is banned
|rule|HP Percentage Mod: HP is shown in percentages
|clearpoke
|poke|p1|Aerodactyl, M
|poke|p1|Cloyster, F, shiny
|poke|p1|Alakazam, M
|poke|p1|Hydreigon, M
|poke|p1|Donphan, M
|poke|p1|Empoleon, M, shiny
|poke|p2|Combusken, F
|poke|p2|Entei, shiny
|poke|p2|Gligar, F
|poke|p2|Togekiss, F
|poke|p2|Tentacruel, F
|poke|p2|Mienshao, F
|rule|Swagger Clause: Swagger is banned
|rule|Baton Pass Clause: Limit one Pokémon knowing Baton Pass
|teampreview
|
|start
|switch|p1a: Donphan|Donphan, M|363\/363
|switch|p2a: Togekiss|Togekiss, F|311\/311
|turn|1
|
|move|p1a: Donphan|Ice Shard|p2a: Togekiss
|-supereffective|p2a: Togekiss
|-damage|p2a: Togekiss|215\/311
|move|p2a: Togekiss|Air Slash|p1a: Donphan
|-crit|p1a: Donphan
|-activate|p1a: Donphan|Sturdy
|-damage|p1a: Donphan|1\/363
|
|-heal|p1a: Donphan|23\/363|[from] item: Leftovers
|turn|2
|
|move|p1a: Donphan|Ice Shard|p2a: Togekiss
|-supereffective|p2a: Togekiss
|-damage|p2a: Togekiss|109\/311
|move|p2a: Togekiss|Air Slash|p1a: Donphan
|-damage|p1a: Donphan|0 fnt
|faint|p1a: Donphan
|
|
|switch|p1a: Cloyster|Cloyster, F, shiny|242\/242
|turn|3
|
|move|p2a: Togekiss|Air Slash|p1a: Cloyster
|-enditem|p1a: Cloyster|Focus Sash
|-damage|p1a: Cloyster|1\/242
|move|p1a: Cloyster|Shell Smash|p1a: Cloyster
|-boost|p1a: Cloyster|atk|2
|-boost|p1a: Cloyster|spa|2
|-boost|p1a: Cloyster|spe|2
|-unboost|p1a: Cloyster|def|1
|-unboost|p1a: Cloyster|spd|1
|
|turn|4
|
|switch|p2a: Tentacruel|Tentacruel, F|364\/364
|move|p1a: Cloyster|Ice Shard|p2a: Tentacruel
|-resisted|p2a: Tentacruel
|-damage|p2a: Tentacruel|312\/364
|
|-heal|p2a: Tentacruel|334\/364|[from] item: Black Sludge
|turn|5
|
|move|p1a: Cloyster|Rock Blast|p2a: Tentacruel
|-damage|p2a: Tentacruel|290\/364
|-damage|p2a: Tentacruel|241\/364
|-damage|p2a: Tentacruel|194\/364
|-damage|p2a: Tentacruel|151\/364
|-damage|p2a: Tentacruel|102\/364
|-hitcount|p2a: Tentacruel|5
|move|p2a: Tentacruel|Knock Off|p1a: Cloyster
|-damage|p1a: Cloyster|0 fnt
|faint|p1a: Cloyster
|
|-heal|p2a: Tentacruel|124\/364|[from] item: Black Sludge
|
|switch|p1a: Alakazam|Alakazam, M|252\/252
|turn|6
|
|move|p1a: Alakazam|Psychic|p2a: Tentacruel
|-supereffective|p2a: Tentacruel
|-damage|p2a: Tentacruel|0 fnt
|faint|p2a: Tentacruel
|
|
|switch|p2a: Gligar|Gligar, F|334\/334
|turn|7
|
|move|p1a: Alakazam|Psychic|p2a: Gligar
|-damage|p2a: Gligar|190\/334
|move|p2a: Gligar|U-turn|p1a: Alakazam
|-crit|p1a: Alakazam
|-supereffective|p1a: Alakazam
|-damage|p1a: Alakazam|0 fnt
|faint|p1a: Alakazam
|
|switch|p2a: Mienshao|Mienshao, F|271\/271
|
|
|switch|p1a: Aerodactyl|Aerodactyl, M|302\/302
|-ability|p1a: Aerodactyl|Unnerve|p2: pelucas
|turn|8
|
|detailschange|p1a: Aerodactyl|Aerodactyl-Mega, M
|message|Aerodactyl has Mega Evolved into Mega Aerodactyl!
|move|p2a: Mienshao|High Jump Kick|p1a: Aerodactyl|[miss]
|-miss|p2a: Mienshao|p1a: Aerodactyl
|-damage|p2a: Mienshao|136\/271|[from] highjumpkick
|move|p1a: Aerodactyl|Aerial Ace|p2a: Mienshao
|-supereffective|p2a: Mienshao
|-damage|p2a: Mienshao|0 fnt
|faint|p2a: Mienshao
|
|c|★pelucas|:l
|
|switch|p2a: Combusken|Combusken, F|230\/230
|turn|9
|
|move|p2a: Combusken|Protect|p2a: Combusken
|-singleturn|p2a: Combusken|Protect
|move|p1a: Aerodactyl|Earthquake|p2a: Combusken
|-activate|p2a: Combusken|Protect
|
|-boost|p2a: Combusken|spe|1|[from] ability: Speed Boost
|turn|10
|
|move|p1a: Aerodactyl|Aerial Ace|p2a: Combusken
|-supereffective|p2a: Combusken
|-enditem|p2a: Combusken|Focus Sash
|-damage|p2a: Combusken|1\/230
|move|p2a: Combusken|Swords Dance|p2a: Combusken
|-boost|p2a: Combusken|atk|2
|
|-boost|p2a: Combusken|spe|1|[from] ability: Speed Boost
|turn|11
|
|move|p2a: Combusken|Protect|p2a: Combusken
|-singleturn|p2a: Combusken|Protect
|move|p1a: Aerodactyl|Earthquake|p2a: Combusken
|-activate|p2a: Combusken|Protect
|
|-boost|p2a: Combusken|spe|1|[from] ability: Speed Boost
|turn|12
|c|★pelucas|gg
|c|★pelucas|:p
|
|move|p2a: Combusken|Reversal|p1a: Aerodactyl
|-damage|p1a: Aerodactyl|0 fnt
|faint|p1a: Aerodactyl
|
|-boost|p2a: Combusken|spe|1|[from] ability: Speed Boost
|
|switch|p1a: Empoleon|Empoleon, M, shiny|372\/372
|turn|13
|
|move|p1a: Empoleon|Aqua Jet|p2a: Combusken
|-supereffective|p2a: Combusken
|-damage|p2a: Combusken|0 fnt
|faint|p2a: Combusken
|
|c|★pelucas|:l
|c|★pelucas|dam treated my life
|
|switch|p2a: Entei|Entei, shiny|434\/434
|-ability|p2a: Entei|Pressure
|turn|14
|
|move|p2a: Entei|Sacred Fire|p1a: Empoleon
|-damage|p1a: Empoleon|189\/372
|-status|p1a: Empoleon|brn
|move|p1a: Empoleon|Knock Off|p2a: Entei
|-damage|p2a: Entei|379\/434
|-enditem|p2a: Entei|Assault Vest|[from] move: Knock Off|[of] p1a: Empoleon
|
|-damage|p1a: Empoleon|143\/372 brn|[from] brn
|turn|15
|
|move|p1a: Empoleon|Aqua Jet|p2a: Entei
|-supereffective|p2a: Entei
|-damage|p2a: Entei|307\/434
|move|p2a: Entei|Sacred Fire|p1a: Empoleon
|-damage|p1a: Empoleon|0 fnt
|faint|p1a: Empoleon
|
|
|switch|p1a: Hydreigon|Hydreigon, M|325\/325
|turn|16
|c|★pelucas|:p the battle beggins
|
|move|p2a: Entei|Extreme Speed|p1a: Hydreigon
|-damage|p1a: Hydreigon|214\/325
|move|p1a: Hydreigon|Dark Pulse|p2a: Entei
|-damage|p2a: Entei|139\/434
|
|turn|17
|
|move|p2a: Entei|Extreme Speed|p1a: Hydreigon
|-damage|p1a: Hydreigon|118\/325
|move|p1a: Hydreigon|Dark Pulse|p2a: Entei
|-damage|p2a: Entei|0 fnt
|faint|p2a: Entei
|
|
|switch|p2a: Togekiss|Togekiss, F|109\/311
|turn|18
|
|move|p1a: Hydreigon|Dark Pulse|p2a: Togekiss
|-resisted|p2a: Togekiss
|-damage|p2a: Togekiss|43\/311
|cant|p2a: Togekiss|flinch
|
|turn|19
|
|move|p1a: Hydreigon|Dark Pulse|p2a: Togekiss
|-resisted|p2a: Togekiss
|-damage|p2a: Togekiss|0 fnt
|faint|p2a: Togekiss
|
|c|★pelucas|oh no :l
|c|★pelucas|lol
|
|switch|p2a: Gligar|Gligar, F|190\/334
|turn|20
|c|★omegatyrix|Wow the hax
|
|move|p1a: Hydreigon|Dark Pulse|p2a: Gligar
|-damage|p2a: Gligar|97\/334
|cant|p2a: Gligar|flinch
|
|turn|21
|c|★pelucas|lol
|c|★pelucas|noooooooo
|c|★omegatyrix|X2
|
|move|p1a: Hydreigon|Dark Pulse|p2a: Gligar
|-damage|p2a: Gligar|10\/334
|move|p2a: Gligar|Roost|p2a: Gligar
|-heal|p2a: Gligar|177\/334
|
|turn|22
|
|move|p1a: Hydreigon|Dark Pulse|p2a: Gligar
|-damage|p2a: Gligar|93\/334
|move|p2a: Gligar|Roost|p2a: Gligar
|-heal|p2a: Gligar|260\/334
|
|turn|23
|
|move|p1a: Hydreigon|Dark Pulse|p2a: Gligar
|-damage|p2a: Gligar|179\/334
|move|p2a: Gligar|Roost|p2a: Gligar
|-heal|p2a: Gligar|334\/334
|
|turn|24
|
|move|p1a: Hydreigon|Dark Pulse|p2a: Gligar
|-damage|p2a: Gligar|240\/334
|cant|p2a: Gligar|flinch
|
|turn|25
|
|move|p1a: Hydreigon|Dark Pulse|p2a: Gligar
|-damage|p2a: Gligar|156\/334
|move|p2a: Gligar|Roost|p2a: Gligar
|-heal|p2a: Gligar|323\/334
|
|turn|26
|
|move|p1a: Hydreigon|Dark Pulse|p2a: Gligar
|-damage|p2a: Gligar|230\/334
|move|p2a: Gligar|Roost|p2a: Gligar
|-heal|p2a: Gligar|334\/334
|
|turn|27
|
|move|p1a: Hydreigon|Dark Pulse|p2a: Gligar
|-damage|p2a: Gligar|253\/334
|cant|p2a: Gligar|flinch
|
|turn|28
|c|★pelucas|fuck
|c|★pelucas|every time i try to attack i flinch
|
|move|p1a: Hydreigon|Dark Pulse|p2a: Gligar
|-damage|p2a: Gligar|171\/334
|move|p2a: Gligar|Roost|p2a: Gligar
|-heal|p2a: Gligar|334\/334
|
|turn|29
|
|move|p1a: Hydreigon|Dark Pulse|p2a: Gligar
|-damage|p2a: Gligar|243\/334
|move|p2a: Gligar|U-turn|p1a: Hydreigon
|-supereffective|p1a: Hydreigon
|-damage|p1a: Hydreigon|22\/325
|
|turn|30
|
|move|p1a: Hydreigon|Dark Pulse|p2a: Gligar
|-crit|p2a: Gligar
|-damage|p2a: Gligar|107\/334
|move|p2a: Gligar|U-turn|p1a: Hydreigon
|-supereffective|p1a: Hydreigon
|-damage|p1a: Hydreigon|0 fnt
|faint|p1a: Hydreigon
|
|win|pelucas
|raw|Ladder updating...
|raw|omegatyrix's rating: 1438 &rarr; <strong>1426<\/strong><br \/>(-12 for losing)
|raw|pelucas's rating: 1581 &rarr; <strong>1593<\/strong><br \/>(+12 for winning)
|c|★pelucas|:p
|c|★omegatyrix|Very VERY gg