|join|pelucas
|join|King UU
|player|p1|pelucas|169
|player|p2|King UU|22
|gametype|singles
|gen|6
|tier|UU
|rated
|rule|Sleep Clause Mod: Limit one foe put to sleep
|rule|Species Clause: Limit one of each Pokémon
|rule|OHKO Clause: OHKO moves are banned
|rule|Moody Clause: Moody is banned
|rule|Evasion Moves Clause: Evasion moves are banned
|rule|Endless Battle Clause: Forcing endless battles is banned
|rule|HP Percentage Mod: HP is shown in percentages
|clearpoke
|poke|p1|Entei, shiny
|poke|p1|Mienshao, F
|poke|p1|Kingdra, M
|poke|p1|Tentacruel, F
|poke|p1|Combusken, F
|poke|p1|Gligar, M
|poke|p2|Yanmega, M
|poke|p2|Krookodile, M
|poke|p2|Machamp, M
|poke|p2|Jirachi
|poke|p2|Vaporeon, F
|poke|p2|Aerodactyl, F
|rule|Swagger Clause: Swagger is banned
|rule|Baton Pass Clause: Limit one Pokémon knowing Baton Pass
|teampreview
|c|★King UU|oh
|join|so dynamic
|c|★King UU|hello again
|c|★pelucas|lol hey
|c|★pelucas|6-0
|c|★pelucas|please 6-1 today
|c|★pelucas|lol
|c| so dynamic|the chicken boppening v2
|
|start
|switch|p1a: Mienshao|Mienshao, F|271\/271
|switch|p2a: Aerodactyl|Aerodactyl, F|361\/361
|-ability|p2a: Aerodactyl|Pressure
|turn|1
|
|detailschange|p2a: Aerodactyl|Aerodactyl-Mega, F
|message|Aerodactyl has Mega Evolved into Mega Aerodactyl!
|move|p1a: Mienshao|High Jump Kick|p2a: Aerodactyl
|-damage|p2a: Aerodactyl|73\/361
|move|p2a: Aerodactyl|Stealth Rock|p1a: Mienshao
|-sidestart|p1: pelucas|move: Stealth Rock
|
|turn|2
|
|switch|p2a: Yanmega|Yanmega, M|313\/313
|move|p1a: Mienshao|High Jump Kick|p2a: Yanmega
|-resisted|p2a: Yanmega
|-damage|p2a: Yanmega|243\/313
|
|turn|3
|
|switch|p1a: Gligar|Gligar, M|334\/334
|-damage|p1a: Gligar|293\/334|[from] Stealth Rock
|move|p2a: Yanmega|Air Slash|p1a: Gligar
|-damage|p1a: Gligar|192\/334
|-damage|p2a: Yanmega|212\/313|[from] item: Life Orb
|
|-boost|p2a: Yanmega|spe|1|[from] ability: Speed Boost
|turn|4
|
|move|p2a: Yanmega|Air Slash|p1a: Gligar
|-damage|p1a: Gligar|91\/334
|-damage|p2a: Yanmega|181\/313|[from] item: Life Orb
|move|p1a: Gligar|Roost|p1a: Gligar
|-heal|p1a: Gligar|258\/334
|
|-boost|p2a: Yanmega|spe|1|[from] ability: Speed Boost
|turn|5
|
|switch|p2a: Machamp|Machamp, M|321\/321
|move|p1a: Gligar|Stealth Rock|p2a: Machamp
|-sidestart|p2: King UU|move: Stealth Rock
|
|-status|p2a: Machamp|tox|[from] item: Toxic Orb
|turn|6
|join|dadsdad
|c|★pelucas|holy shit lol
|join|zTerribadTastic
|c| so dynamic|switchins where
|c| so dynamic|granbull where
|c| zTerribadTastic|Lets get close
|c|★King UU|lol just let gligar take the cc
|c| so dynamic|hes baiting
|
|move|p2a: Machamp|Ice Punch|p1a: Gligar
|-supereffective|p1a: Gligar
|-damage|p1a: Gligar|0 fnt
|faint|p1a: Gligar
|
|-damage|p2a: Machamp|301\/321 tox|[from] psn
|c|★pelucas|faster lol
|c|★King UU|kapow
|c|★King UU|hurrah
|
|switch|p1a: Mienshao|Mienshao, F|271\/271
|-damage|p1a: Mienshao|255\/271|[from] Stealth Rock
|turn|7
|
|switch|p2a: Aerodactyl|Aerodactyl-Mega, F|73\/361
|-damage|p2a: Aerodactyl|0 fnt|[from] Stealth Rock
|faint|p2a: Aerodactyl
|move|p1a: Mienshao|High Jump Kick|p2: Aerodactyl|[notarget]
|-notarget
|
|
|switch|p2a: Vaporeon|Vaporeon, F|464\/464
|-damage|p2a: Vaporeon|406\/464|[from] Stealth Rock
|turn|8
|
|switch|p1a: Tentacruel|Tentacruel, F|364\/364
|-damage|p1a: Tentacruel|319\/364|[from] Stealth Rock
|move|p2a: Vaporeon|Scald|p1a: Tentacruel
|-resisted|p1a: Tentacruel
|-damage|p1a: Tentacruel|277\/364
|-status|p1a: Tentacruel|brn
|
|-heal|p1a: Tentacruel|299\/364 brn|[from] item: Black Sludge
|-heal|p2a: Vaporeon|435\/464|[from] item: Leftovers
|-damage|p1a: Tentacruel|254\/364 brn|[from] brn
|turn|9
|
|move|p1a: Tentacruel|Rapid Spin|p2a: Vaporeon
|-damage|p2a: Vaporeon|428\/464
|-sideend|p1: pelucas|Stealth Rock|[from] move: Rapid Spin|[of] p1a: Tentacruel
|move|p2a: Vaporeon|Baton Pass|p2a: Vaporeon
|
|switch|p2a: Krookodile|Krookodile, M|383\/383
|-damage|p2a: Krookodile|360\/383|[from] Stealth Rock
|-ability|p2a: Krookodile|Intimidate|[of] p1a: Tentacruel
|-fail|p1a: Tentacruel|unboost|[from] ability: Clear Body|[of] p1a: Tentacruel
|
|-heal|p2a: Krookodile|383\/383|[from] item: Leftovers
|-heal|p1a: Tentacruel|276\/364 brn|[from] item: Black Sludge
|-damage|p1a: Tentacruel|231\/364 brn|[from] brn
|turn|10
|
|move|p2a: Krookodile|Earthquake|p1a: Tentacruel
|-supereffective|p1a: Tentacruel
|-damage|p1a: Tentacruel|0 fnt
|faint|p1a: Tentacruel
|
|
|switch|p1a: Combusken|Combusken, F|261\/261
|turn|11
|
|move|p2a: Krookodile|Taunt|p1a: Combusken
|-start|p1a: Combusken|move: Taunt
|cant|p1a: Combusken|move: Taunt|Swords Dance
|
|-boost|p1a: Combusken|spe|1|[from] ability: Speed Boost
|turn|12
|
|move|p1a: Combusken|Reversal|p2a: Krookodile
|-supereffective|p2a: Krookodile
|-damage|p2a: Krookodile|327\/383
|move|p2a: Krookodile|Bulk Up|p2a: Krookodile
|-boost|p2a: Krookodile|atk|1
|-boost|p2a: Krookodile|def|1
|
|-heal|p2a: Krookodile|350\/383|[from] item: Leftovers
|-boost|p1a: Combusken|spe|1|[from] ability: Speed Boost
|turn|13
|
|move|p1a: Combusken|Reversal|p2a: Krookodile
|-crit|p2a: Krookodile
|-supereffective|p2a: Krookodile
|-damage|p2a: Krookodile|264\/383
|move|p2a: Krookodile|Bulk Up|p2a: Krookodile
|-boost|p2a: Krookodile|atk|1
|-boost|p2a: Krookodile|def|1
|
|-heal|p2a: Krookodile|287\/383|[from] item: Leftovers
|-end|p1a: Combusken|move: Taunt
|-boost|p1a: Combusken|spe|1|[from] ability: Speed Boost
|turn|14
|join|BenzMafia
|
|move|p1a: Combusken|Swords Dance|p1a: Combusken
|-boost|p1a: Combusken|atk|2
|move|p2a: Krookodile|Taunt|p1a: Combusken
|-start|p1a: Combusken|move: Taunt
|
|-heal|p2a: Krookodile|310\/383|[from] item: Leftovers
|-boost|p1a: Combusken|spe|1|[from] ability: Speed Boost
|turn|15
|
|move|p1a: Combusken|Reversal|p2a: Krookodile
|-supereffective|p2a: Krookodile
|-damage|p2a: Krookodile|244\/383
|move|p2a: Krookodile|Bulk Up|p2a: Krookodile
|-boost|p2a: Krookodile|atk|1
|-boost|p2a: Krookodile|def|1
|
|-heal|p2a: Krookodile|267\/383|[from] item: Leftovers
|-boost|p1a: Combusken|spe|1|[from] ability: Speed Boost
|turn|16
|
|move|p1a: Combusken|Reversal|p2a: Krookodile
|-supereffective|p2a: Krookodile
|-damage|p2a: Krookodile|211\/383
|move|p2a: Krookodile|Knock Off|p1a: Combusken
|-resisted|p1a: Combusken
|-enditem|p1a: Combusken|Focus Sash
|-damage|p1a: Combusken|1\/261
|
|-heal|p2a: Krookodile|234\/383|[from] item: Leftovers
|-boost|p1a: Combusken|spe|1|[from] ability: Speed Boost
|turn|17
|c| so dynamic|inb4 baton pass
|c| so dynamic|wait what
|
|move|p1a: Combusken|Reversal|p2a: Krookodile
|-supereffective|p2a: Krookodile
|-damage|p2a: Krookodile|0 fnt
|faint|p2a: Krookodile
|
|-end|p1a: Combusken|move: Taunt
|c| zTerribadTastic|WELP
|
|switch|p2a: Vaporeon|Vaporeon, F|428\/464
|-damage|p2a: Vaporeon|370\/464|[from] Stealth Rock
|turn|18
|c| so dynamic|the choke
|c| zTerribadTastic|RIP
|c|★King UU|oi
|
|move|p1a: Combusken|Reversal|p2a: Vaporeon
|-damage|p2a: Vaporeon|0 fnt
|faint|p2a: Vaporeon
|
|c|★King UU|:(
|c|★pelucas|omg
|c|★pelucas|could it be
|c| so dynamic|fucking chicken
|
|switch|p2a: Jirachi|Jirachi|341\/341
|-damage|p2a: Jirachi|320\/341|[from] Stealth Rock
|turn|19
|c| so dynamic|taking names
|
|move|p1a: Combusken|Reversal|p2a: Jirachi
|-damage|p2a: Jirachi|0 fnt
|faint|p2a: Jirachi
|
|c|★pelucas|OMg
|c|★King UU|chicken
|c|★pelucas|its happening
|c| so dynamic|winnign games
|c|★King UU|CHICKEEN
|c|★King UU|Psy-aye-aye
|c| zTerribadTastic|King UU is no match for conel sanders
|
|switch|p2a: Yanmega|Yanmega, M|181\/313
|-damage|p2a: Yanmega|25\/313|[from] Stealth Rock
|turn|20
|
|move|p2a: Yanmega|Protect|p2a: Yanmega
|-singleturn|p2a: Yanmega|Protect
|move|p1a: Combusken|Reversal|p2a: Yanmega
|-activate|p2a: Yanmega|Protect
|
|-boost|p2a: Yanmega|spe|1|[from] ability: Speed Boost
|turn|21
|c|★King UU|1
|
|move|p2a: Yanmega|Protect|p2a: Yanmega
|-singleturn|p2a: Yanmega|Protect
|move|p1a: Combusken|Reversal|p2a: Yanmega
|-activate|p2a: Yanmega|Protect
|
|-boost|p2a: Yanmega|spe|1|[from] ability: Speed Boost
|turn|22
|c|★King UU|2
|c| BenzMafia|reveal quick attack
|
|move|p2a: Yanmega|Protect|p2a: Yanmega
|-fail|p2a: Yanmega
|move|p1a: Combusken|Reversal|p2a: Yanmega
|-resisted|p2a: Yanmega
|-damage|p2a: Yanmega|0 fnt
|faint|p2a: Yanmega
|
|c|★King UU|way
|c|★King UU|to fail me
|c|★King UU|yanmega
|c|★King UU|absolute trash
|
|switch|p2a: Machamp|Machamp, M|301\/321 tox
|-damage|p2a: Machamp|281\/321 tox|[from] Stealth Rock
|turn|23
|
|move|p1a: Combusken|Endure|p1a: Combusken
|-singleturn|p1a: Combusken|move: Endure
|move|p2a: Machamp|Close Combat|p1a: Combusken
|-damage|p1a: Combusken|1\/261
|-unboost|p2a: Machamp|def|1
|-unboost|p2a: Machamp|spd|1
|
|-damage|p2a: Machamp|261\/321 tox|[from] psn
|turn|24
|c|★King UU|what are you
|c|★King UU|doing
|c|★King UU|:'(
|c| zTerribadTastic|flaunting
|c|★pelucas|lol
|c|★King UU|embaressing my machamp
|c|★King UU|reveal bullet punch RUSE
|
|move|p1a: Combusken|Reversal|p2a: Machamp
|-damage|p2a: Machamp|0 fnt
|faint|p2a: Machamp
|
|win|pelucas
|raw|Ladder updating...
|c| zTerribadTastic|was predictign the BP
|raw|pelucas's rating: 1568 &rarr; <strong>1597<\/strong><br \/>(+29 for winning)
|raw|King UU's rating: 1748 &rarr; <strong>1719<\/strong><br \/>(-29 for losing)
|c| zTerribadTastic|obv
|c|★King UU|gg
|leave|King UU
|player|p2
|leave|so dynamic
|leave|dadsdad
|leave|BenzMafia
|leave|zTerribadTastic