|join|SomeNerdyBear
|join|pelucas
|player|p1|SomeNerdyBear|47
|player|p2|pelucas|169
|gametype|singles
|gen|6
|tier|UU
|rule|Sleep Clause Mod: Limit one foe put to sleep
|rule|Species Clause: Limit one of each Pokémon
|rule|OHKO Clause: OHKO moves are banned
|rule|Moody Clause: Moody is banned
|rule|Evasion Moves Clause: Evasion moves are banned
|rule|Endless Battle Clause: Forcing endless battles is banned
|rule|HP Percentage Mod: HP is shown in percentages
|clearpoke
|poke|p1|Ampharos, M
|poke|p1|Crobat, M
|poke|p1|Donphan, M
|poke|p1|Blissey, F
|poke|p1|Infernape, M, shiny
|poke|p1|Sableye, M
|poke|p2|Mienshao, F
|poke|p2|Entei, shiny
|poke|p2|Tentacruel, M
|poke|p2|Combusken, M
|poke|p2|Gligar, F
|poke|p2|Kingdra, F
|rule|Swagger Clause: Swagger is banned
|rule|Baton Pass Clause: Limit one Pokémon knowing Baton Pass
|teampreview
|c|★pelucas|dam dude your team looks nice and scary
|
|start
|switch|p1a: Wu Kong|Infernape, M, shiny|293\/293
|switch|p2a: Gligar|Gligar, F|334\/334
|turn|1
|
|move|p1a: Wu Kong|U-turn|p2a: Gligar
|-resisted|p2a: Gligar
|-damage|p2a: Gligar|305\/334
|-damage|p1a: Wu Kong|264\/293|[from] item: Life Orb
|
|switch|p1a: Sableye|Sableye, M|304\/304
|move|p2a: Gligar|Stealth Rock|p1a: Sableye
|-sidestart|p1: SomeNerdyBear|move: Stealth Rock
|
|turn|2
|
|move|p1a: Sableye|Will-O-Wisp|p2a: Gligar
|-status|p2a: Gligar|brn
|move|p2a: Gligar|U-turn|p1a: Sableye
|-damage|p1a: Sableye|275\/304
|
|switch|p2a: Entei|Entei, shiny|433\/433
|-ability|p2a: Entei|Pressure
|
|-heal|p1a: Sableye|294\/304|[from] item: Leftovers
|turn|3
|
|move|p2a: Entei|Sacred Fire|p1a: Sableye
|-damage|p1a: Sableye|74\/304
|-status|p1a: Sableye|brn
|move|p1a: Sableye|Knock Off|p2a: Entei
|-damage|p2a: Entei|379\/433
|-enditem|p2a: Entei|Assault Vest|[from] move: Knock Off|[of] p1a: Sableye
|
|-heal|p1a: Sableye|93\/304 brn|[from] item: Leftovers
|-damage|p1a: Sableye|55\/304 brn|[from] brn
|turn|4
|
|switch|p1a: Hysterium|Donphan, M|384\/384
|-damage|p1a: Hysterium|360\/384|[from] Stealth Rock
|move|p2a: Entei|Sacred Fire|p1a: Hysterium
|-damage|p1a: Hysterium|237\/384
|-status|p1a: Hysterium|brn
|
|-heal|p1a: Hysterium|261\/384 brn|[from] item: Leftovers
|-damage|p1a: Hysterium|213\/384 brn|[from] brn
|turn|5
|
|switch|p2a: Tentacruel|Tentacruel, M|364\/364
|move|p1a: Hysterium|Rapid Spin|p2a: Tentacruel
|-damage|p2a: Tentacruel|355\/364
|-sideend|p1: SomeNerdyBear|Stealth Rock|[from] move: Rapid Spin|[of] p1a: Hysterium
|
|-heal|p2a: Tentacruel|364\/364|[from] item: Black Sludge
|-heal|p1a: Hysterium|237\/384 brn|[from] item: Leftovers
|-damage|p1a: Hysterium|189\/384 brn|[from] brn
|turn|6
|
|switch|p1a: Blissey|Blissey, F|714\/714
|move|p2a: Tentacruel|Toxic|p1a: Blissey
|-status|p1a: Blissey|tox
|
|-damage|p1a: Blissey|670\/714 tox|[from] psn
|turn|7
|
|switch|p2a: Gligar|Gligar, F|305\/334 brn
|move|p1a: Blissey|Heal Bell|p1a: Blissey
|-cureteam|p1a: Blissey|[from] move: HealBell
|
|-heal|p1a: Blissey|714\/714|[from] item: Leftovers
|-damage|p2a: Gligar|264\/334 brn|[from] brn
|turn|8
|
|switch|p1a: Sableye|Sableye, M|55\/304
|move|p2a: Gligar|U-turn|p1a: Sableye
|-damage|p1a: Sableye|25\/304
|
|switch|p2a: Entei|Entei, shiny|379\/433
|-ability|p2a: Entei|Pressure
|
|-heal|p1a: Sableye|44\/304|[from] item: Leftovers
|turn|9
|
|switch|p1a: Wu Kong|Infernape, M, shiny|264\/293
|move|p2a: Entei|Sacred Fire|p1a: Wu Kong
|-resisted|p1a: Wu Kong
|-damage|p1a: Wu Kong|138\/293
|
|turn|10
|c|★pelucas|lame i wassupposto have t spikes lol
|
|switch|p2a: Gligar|Gligar, F|264\/334 brn
|move|p1a: Wu Kong|Close Combat|p2a: Gligar
|-crit|p2a: Gligar
|-resisted|p2a: Gligar
|-damage|p2a: Gligar|151\/334 brn
|-unboost|p1a: Wu Kong|def|1
|-unboost|p1a: Wu Kong|spd|1
|-damage|p1a: Wu Kong|109\/293|[from] item: Life Orb
|
|-damage|p2a: Gligar|110\/334 brn|[from] brn
|turn|11
|
|move|p1a: Wu Kong|Fire Blast|p2a: Gligar
|-damage|p2a: Gligar|1\/334 brn
|-damage|p1a: Wu Kong|80\/293|[from] item: Life Orb
|move|p2a: Gligar|Roost|p2a: Gligar
|-heal|p2a: Gligar|168\/334 brn
|
|-damage|p2a: Gligar|127\/334 brn|[from] brn
|turn|12
|
|move|p1a: Wu Kong|U-turn|p2a: Gligar
|-resisted|p2a: Gligar
|-damage|p2a: Gligar|98\/334 brn
|-damage|p1a: Wu Kong|51\/293|[from] item: Life Orb
|
|switch|p1a: Blissey|Blissey, F|714\/714
|move|p2a: Gligar|Roost|p2a: Gligar
|-heal|p2a: Gligar|265\/334 brn
|
|-damage|p2a: Gligar|224\/334 brn|[from] brn
|turn|13
|
|move|p2a: Gligar|U-turn|p1a: Blissey
|-damage|p1a: Blissey|674\/714
|
|switch|p2a: Combusken|Combusken, M|230\/230
|move|p1a: Blissey|Wish|p1a: Blissey
|
|-heal|p1a: Blissey|714\/714|[from] item: Leftovers
|turn|14
|
|switch|p1a: Sableye|Sableye, M|44\/304
|move|p2a: Combusken|Swords Dance|p2a: Combusken
|-boost|p2a: Combusken|atk|2
|
|-heal|p1a: Sableye|304\/304|[from] move: Wish|[wisher] Blissey
|-boost|p2a: Combusken|spe|1|[from] ability: Speed Boost
|turn|15
|
|switch|p2a: Gligar|Gligar, F|224\/334 brn
|move|p1a: Sableye|Taunt|p2a: Gligar
|-start|p2a: Gligar|move: Taunt
|
|-damage|p2a: Gligar|183\/334 brn|[from] brn
|turn|16
|
|move|p2a: Gligar|U-turn|p1a: Sableye
|-crit|p1a: Sableye
|-damage|p1a: Sableye|263\/304
|
|switch|p2a: Entei|Entei, shiny|379\/433
|-ability|p2a: Entei|Pressure
|move|p1a: Sableye|Knock Off|p2a: Entei
|-damage|p2a: Entei|315\/433
|
|-heal|p1a: Sableye|282\/304|[from] item: Leftovers
|turn|17
|
|switch|p1a: Wu Kong|Infernape, M, shiny|51\/293
|move|p2a: Entei|Sacred Fire|p1a: Wu Kong
|-resisted|p1a: Wu Kong
|-damage|p1a: Wu Kong|0 fnt
|faint|p1a: Wu Kong
|
|
|switch|p1a: Glow Bulb|Ampharos, M|384\/384
|turn|18
|
|switch|p2a: Gligar|Gligar, F|183\/334 brn
|detailschange|p1a: Glow Bulb|Ampharos-Mega, M
|message|Ampharos has Mega Evolved into Mega Ampharos!
|-ability|p1a: Glow Bulb|Mold Breaker
|move|p1a: Glow Bulb|Dragon Pulse|p2a: Gligar
|-damage|p2a: Gligar|68\/334 brn
|
|-damage|p2a: Gligar|27\/334 brn|[from] brn
|turn|19
|
|switch|p1a: Crobat|Crobat, M|312\/312
|move|p2a: Gligar|Stealth Rock|p1a: Crobat
|-sidestart|p1: SomeNerdyBear|move: Stealth Rock
|
|-damage|p2a: Gligar|0 fnt|[from] brn
|faint|p2a: Gligar
|
|switch|p2a: Mienshao|Mienshao, F|271\/271
|turn|20
|
|switch|p1a: Sableye|Sableye, M|282\/304
|-damage|p1a: Sableye|244\/304|[from] Stealth Rock
|move|p2a: Mienshao|Knock Off|p1a: Sableye
|-damage|p1a: Sableye|111\/304
|-enditem|p1a: Sableye|Leftovers|[from] move: Knock Off|[of] p2a: Mienshao
|
|turn|21
|
|switch|p2a: Entei|Entei, shiny|315\/433
|-ability|p2a: Entei|Pressure
|move|p1a: Sableye|Will-O-Wisp|p2a: Entei|[miss]
|-miss|p1a: Sableye|p2a: Entei
|
|turn|22
|
|switch|p2a: Kingdra|Kingdra, F|296\/296
|switch|p1a: Glow Bulb|Ampharos-Mega, M|384\/384
|-damage|p1a: Glow Bulb|336\/384|[from] Stealth Rock
|-ability|p1a: Glow Bulb|Mold Breaker
|
|turn|23
|
|switch|p2a: Combusken|Combusken, M|230\/230
|move|p1a: Glow Bulb|Dragon Pulse|p2a: Combusken
|-enditem|p2a: Combusken|Focus Sash
|-damage|p2a: Combusken|1\/230
|
|turn|24
|
|move|p2a: Combusken|Reversal|p1a: Glow Bulb
|-damage|p1a: Glow Bulb|102\/384
|move|p1a: Glow Bulb|Volt Switch|p2a: Combusken
|-damage|p2a: Combusken|0 fnt
|faint|p2a: Combusken
|
|switch|p1a: Crobat|Crobat, M|312\/312
|-damage|p1a: Crobat|234\/312|[from] Stealth Rock
|
|-heal|p1a: Crobat|253\/312|[from] item: Black Sludge
|
|switch|p2a: Entei|Entei, shiny|315\/433
|-ability|p2a: Entei|Pressure
|turn|25
|
|move|p1a: Crobat|Defog|p2a: Entei
|-unboost|p2a: Entei|evasion|1
|-sideend|p1: SomeNerdyBear|Stealth Rock|[from] move: Defog|[of] p1a: Crobat
|move|p2a: Entei|Sacred Fire|p1a: Crobat
|-damage|p1a: Crobat|51\/312
|
|-heal|p1a: Crobat|70\/312|[from] item: Black Sludge
|turn|26
|
|move|p2a: Entei|Extreme Speed|p1a: Crobat
|-damage|p1a: Crobat|0 fnt
|faint|p1a: Crobat
|
|
|switch|p1a: Hysterium|Donphan, M|189\/384
|turn|27
|
|switch|p2a: Mienshao|Mienshao, F|271\/271
|move|p1a: Hysterium|Stealth Rock|p2a: Mienshao
|-sidestart|p2: pelucas|move: Stealth Rock
|
|-heal|p1a: Hysterium|213\/384|[from] item: Leftovers
|turn|28
|
|switch|p1a: Sableye|Sableye, M|111\/304
|move|p2a: Mienshao|Knock Off|p1a: Sableye
|-damage|p1a: Sableye|14\/304
|
|turn|29
|
|move|p1a: Sableye|Recover|p1a: Sableye
|-heal|p1a: Sableye|166\/304
|move|p2a: Mienshao|Knock Off|p1a: Sableye
|-damage|p1a: Sableye|62\/304
|
|turn|30
|
|move|p1a: Sableye|Recover|p1a: Sableye
|-heal|p1a: Sableye|214\/304
|move|p2a: Mienshao|Knock Off|p1a: Sableye
|-damage|p1a: Sableye|115\/304
|
|turn|31
|
|switch|p2a: Entei|Entei, shiny|315\/433
|-damage|p2a: Entei|207\/433|[from] Stealth Rock
|-ability|p2a: Entei|Pressure
|move|p1a: Sableye|Recover|p1a: Sableye
|-heal|p1a: Sableye|267\/304
|
|turn|32
|
|move|p2a: Entei|Sacred Fire|p1a: Sableye
|-damage|p1a: Sableye|32\/304
|-status|p1a: Sableye|brn
|move|p1a: Sableye|Knock Off|p2a: Entei
|-damage|p2a: Entei|171\/433
|
|-damage|p1a: Sableye|0 fnt|[from] brn
|faint|p1a: Sableye
|
|switch|p1a: Hysterium|Donphan, M|213\/384
|turn|33
|
|move|p2a: Entei|Sacred Fire|p1a: Hysterium
|-damage|p1a: Hysterium|93\/384
|-status|p1a: Hysterium|brn
|move|p1a: Hysterium|Earthquake|p2a: Entei
|-supereffective|p2a: Entei
|-damage|p2a: Entei|19\/433
|
|-heal|p1a: Hysterium|117\/384 brn|[from] item: Leftovers
|-damage|p1a: Hysterium|69\/384 brn|[from] brn
|turn|34
|c|★SomeNerdyBear|Fucking burn hax man
|c|★pelucas|lol if i had t spikes
|c|★pelucas|this match wouldofbeen easier forme
|c|★pelucas|but i forgot :l lol
|
|switch|p2a: Tentacruel|Tentacruel, M|364\/364
|-damage|p2a: Tentacruel|319\/364|[from] Stealth Rock
|move|p1a: Hysterium|Ice Shard|p2a: Tentacruel
|-resisted|p2a: Tentacruel
|-damage|p2a: Tentacruel|311\/364
|
|-heal|p2a: Tentacruel|333\/364|[from] item: Black Sludge
|-heal|p1a: Hysterium|93\/384 brn|[from] item: Leftovers
|-damage|p1a: Hysterium|45\/384 brn|[from] brn
|turn|35
|
|switch|p1a: Blissey|Blissey, F|714\/714
|move|p2a: Tentacruel|Rapid Spin|p1a: Blissey
|-crit|p1a: Blissey
|-damage|p1a: Blissey|685\/714
|-sideend|p2: pelucas|Stealth Rock|[from] move: Rapid Spin|[of] p2a: Tentacruel
|
|-heal|p2a: Tentacruel|355\/364|[from] item: Black Sludge
|-heal|p1a: Blissey|714\/714|[from] item: Leftovers
|turn|36
|
|move|p2a: Tentacruel|Toxic|p1a: Blissey
|-status|p1a: Blissey|tox
|move|p1a: Blissey|Wish|p1a: Blissey
|
|-heal|p2a: Tentacruel|364\/364|[from] item: Black Sludge
|-damage|p1a: Blissey|670\/714 tox|[from] psn
|turn|37
|
|switch|p2a: Kingdra|Kingdra, F|296\/296
|switch|p1a: Glow Bulb|Ampharos-Mega, M|102\/384
|-ability|p1a: Glow Bulb|Mold Breaker
|
|-heal|p1a: Glow Bulb|384\/384|[from] move: Wish|[wisher] Blissey
|turn|38
|
|move|p2a: Kingdra|Draco Meteor|p1a: Glow Bulb
|-supereffective|p1a: Glow Bulb
|-damage|p1a: Glow Bulb|0 fnt
|-unboost|p2a: Kingdra|spa|2
|faint|p1a: Glow Bulb
|
|
|switch|p1a: Blissey|Blissey, F|670\/714
|turn|39
|
|switch|p2a: Tentacruel|Tentacruel, M|364\/364
|move|p1a: Blissey|Heal Bell|p1a: Blissey
|-cureteam|p1a: Blissey|[from] move: HealBell
|
|-heal|p1a: Blissey|714\/714|[from] item: Leftovers
|turn|40
|
|move|p2a: Tentacruel|Toxic|p1a: Blissey
|-status|p1a: Blissey|tox
|move|p1a: Blissey|Wish|p1a: Blissey
|
|-damage|p1a: Blissey|670\/714 tox|[from] psn
|turn|41
|
|switch|p1a: Hysterium|Donphan, M|45\/384
|move|p2a: Tentacruel|Scald|p1a: Hysterium
|-supereffective|p1a: Hysterium
|-damage|p1a: Hysterium|0 fnt
|faint|p1a: Hysterium
|
|
|switch|p1a: Blissey|Blissey, F|670\/714
|turn|42
|
|move|p2a: Tentacruel|Toxic|p1a: Blissey
|-status|p1a: Blissey|tox
|move|p1a: Blissey|Seismic Toss|p2a: Tentacruel
|-damage|p2a: Tentacruel|264\/364
|
|-heal|p2a: Tentacruel|286\/364|[from] item: Black Sludge
|-heal|p1a: Blissey|714\/714 tox|[from] item: Leftovers
|-damage|p1a: Blissey|670\/714 tox|[from] psn
|turn|43
|
|move|p2a: Tentacruel|Giga Drain|p1a: Blissey
|-crit|p1a: Blissey
|-damage|p1a: Blissey|609\/714 tox
|-heal|p2a: Tentacruel|317\/364|[from] drain|[of] p1a: Blissey
|move|p1a: Blissey|Seismic Toss|p2a: Tentacruel
|-damage|p2a: Tentacruel|217\/364
|
|-heal|p2a: Tentacruel|239\/364|[from] item: Black Sludge
|-heal|p1a: Blissey|653\/714 tox|[from] item: Leftovers
|-damage|p1a: Blissey|565\/714 tox|[from] psn
|turn|44
|
|switch|p2a: Kingdra|Kingdra, F|296\/296
|move|p1a: Blissey|Wish|p1a: Blissey
|
|-heal|p1a: Blissey|609\/714 tox|[from] item: Leftovers
|-damage|p1a: Blissey|477\/714 tox|[from] psn
|turn|45
|
|move|p2a: Kingdra|Focus Energy|p2a: Kingdra
|-start|p2a: Kingdra|move: Focus Energy
|move|p1a: Blissey|Heal Bell|p1a: Blissey
|-cureteam|p1a: Blissey|[from] move: HealBell
|
|-heal|p1a: Blissey|714\/714|[from] move: Wish|[wisher] Blissey
|turn|46
|
|move|p2a: Kingdra|Draco Meteor|p1a: Blissey
|-crit|p1a: Blissey
|-damage|p1a: Blissey|335\/714
|-unboost|p2a: Kingdra|spa|2
|move|p1a: Blissey|Wish|p1a: Blissey
|
|-heal|p1a: Blissey|379\/714|[from] item: Leftovers
|turn|47
|
|move|p2a: Kingdra|Draco Meteor|p1a: Blissey
|-crit|p1a: Blissey
|-damage|p1a: Blissey|54\/714
|-unboost|p2a: Kingdra|spa|2
|move|p1a: Blissey|Seismic Toss|p2a: Kingdra
|-damage|p2a: Kingdra|196\/296
|
|-heal|p1a: Blissey|411\/714|[from] move: Wish|[wisher] Blissey
|-heal|p1a: Blissey|455\/714|[from] item: Leftovers
|turn|48
|-message|SomeNerdyBear lost due to inactivity.
|
|win|pelucas