|join|pelucas
|join|oioirnambe
|player|p1|pelucas|169
|player|p2|oioirnambe|247
|gametype|singles
|gen|6
|tier|UU
|rated
|rule|Sleep Clause Mod: Limit one foe put to sleep
|rule|Species Clause: Limit one of each Pokémon
|rule|OHKO Clause: OHKO moves are banned
|rule|Moody Clause: Moody is banned
|rule|Evasion Moves Clause: Evasion moves are banned
|rule|Endless Battle Clause: Forcing endless battles is banned
|rule|HP Percentage Mod: HP is shown in percentages
|clearpoke
|poke|p1|Combusken, F
|poke|p1|Entei, shiny
|poke|p1|Gligar, M
|poke|p1|Hydreigon, F
|poke|p1|Tentacruel, F
|poke|p1|Mienshao, M
|poke|p2|Magneton
|poke|p2|Mienshao, M
|poke|p2|Dugtrio, M
|poke|p2|Crobat, F
|poke|p2|Slurpuff, F
|poke|p2|Krookodile, M
|rule|Swagger Clause: Swagger is banned
|rule|Baton Pass Clause: Limit one Pokémon knowing Baton Pass
|teampreview
|
|start
|switch|p1a: Hydreigon|Hydreigon, F|325\/325
|switch|p2a: Crobat|Crobat, F|323\/323
|turn|1
|
|switch|p1a: Gligar|Gligar, M|334\/334
|move|p2a: Crobat|U-turn|p1a: Gligar
|-resisted|p1a: Gligar
|-damage|p1a: Gligar|310\/334
|
|switch|p2a: Dugtrio|Dugtrio, M|211\/211
|
|turn|2
|
|move|p2a: Dugtrio|Stealth Rock|p1a: Gligar
|-sidestart|p1: pelucas|move: Stealth Rock
|move|p1a: Gligar|Stealth Rock|p2a: Dugtrio
|-sidestart|p2: oioirnambe|move: Stealth Rock
|
|turn|3
|
|move|p2a: Dugtrio|Memento|p1a: Gligar
|-unboost|p1a: Gligar|atk|2
|-unboost|p1a: Gligar|spa|2
|faint|p2a: Dugtrio
|move|p1a: Gligar|U-turn|p2: Dugtrio|[notarget]
|-notarget
|
|
|switch|p2a: Slurpuff|Slurpuff, F|312\/312
|-damage|p2a: Slurpuff|273\/312|[from] Stealth Rock
|turn|4
|
|move|p2a: Slurpuff|Belly Drum|p2a: Slurpuff
|-damage|p2a: Slurpuff|117\/312
|-setboost|p2a: Slurpuff|atk|6|[from] move: Belly Drum
|-enditem|p2a: Slurpuff|Sitrus Berry|[eat]
|-heal|p2a: Slurpuff|195\/312|[from] item: Sitrus Berry
|move|p1a: Gligar|U-turn|p2a: Slurpuff
|-resisted|p2a: Slurpuff
|-damage|p2a: Slurpuff|183\/312
|
|switch|p1a: Tentacruel|Tentacruel, F|364\/364
|-damage|p1a: Tentacruel|319\/364|[from] Stealth Rock
|
|-heal|p1a: Tentacruel|341\/364|[from] item: Black Sludge
|turn|5
|
|move|p2a: Slurpuff|Return|p1a: Tentacruel
|-damage|p1a: Tentacruel|0 fnt
|faint|p1a: Tentacruel
|
|
|switch|p1a: Mienshao|Mienshao, M|271\/271
|-damage|p1a: Mienshao|255\/271|[from] Stealth Rock
|turn|6
|
|move|p2a: Slurpuff|Return|p1a: Mienshao
|-damage|p1a: Mienshao|0 fnt
|faint|p1a: Mienshao
|
|-message|pelucas forfeited.
|
|win|oioirnambe
|raw|Ladder updating...
|leave|pelucas
|player|p1
|c|★oioirnambe|gg
|raw|pelucas's rating: 1582 &rarr; <strong>1556<\/strong><br \/>(-26 for losing)
|raw|oioirnambe's rating: 1461 &rarr; <strong>1487<\/strong><br \/>(+26 for winning)