|join|pelucas
|join|trevor ellis
|player|p1|pelucas|2
|player|p2|trevor ellis|112
|gametype|singles
|gen|6
|tier|UU
|rated
|rule|Sleep Clause Mod: Limit one foe put to sleep
|rule|Species Clause: Limit one of each Pokémon
|rule|OHKO Clause: OHKO moves are banned
|rule|Moody Clause: Moody is banned
|rule|Evasion Moves Clause: Evasion moves are banned
|rule|Endless Battle Clause: Forcing endless battles is banned
|rule|HP Percentage Mod: HP is shown in percentages
|clearpoke
|poke|p1|Entei, shiny
|poke|p1|Combusken, F
|poke|p1|Tentacruel, F
|poke|p1|Kingdra, F
|poke|p1|Mienshao, M
|poke|p1|Gligar, F
|poke|p2|Goodra, F
|poke|p2|Blastoise, M
|poke|p2|Fletchinder, M
|poke|p2|Jirachi
|poke|p2|Raikou
|poke|p2|Mienshao, M
|rule|Swagger Clause: Swagger is banned
|rule|Baton Pass Clause: Limit one Pokémon knowing Baton Pass
|teampreview
|
|start
|switch|p1a: Gligar|Gligar, F|334\/334
|switch|p2a: Mienshao|Mienshao, M|271\/271
|turn|1
|
|move|p2a: Mienshao|Knock Off|p1a: Gligar
|-damage|p1a: Gligar|262\/334
|-enditem|p1a: Gligar|Eviolite|[from] move: Knock Off|[of] p2a: Mienshao
|move|p1a: Gligar|Stealth Rock|p2a: Mienshao
|-sidestart|p2: trevor ellis|move: Stealth Rock
|
|turn|2
|
|switch|p2a: Blastoise|Blastoise, M|361\/361
|-damage|p2a: Blastoise|316\/361|[from] Stealth Rock
|move|p1a: Gligar|U-turn|p2a: Blastoise
|-damage|p2a: Blastoise|287\/361
|
|switch|p1a: Tentacruel|Tentacruel, F|364\/364
|
|turn|3
|
|detailschange|p2a: Blastoise|Blastoise-Mega, M
|-mega|p2a: Blastoise|Blastoise|Blastoisinite
|move|p1a: Tentacruel|Giga Drain|p2a: Blastoise
|-supereffective|p2a: Blastoise
|-damage|p2a: Blastoise|193\/361
|move|p2a: Blastoise|Rapid Spin|p1a: Tentacruel
|-damage|p1a: Tentacruel|349\/364
|-sideend|p2: trevor ellis|Stealth Rock|[from] move: Rapid Spin|[of] p2a: Blastoise
|
|-heal|p1a: Tentacruel|364\/364|[from] item: Black Sludge
|turn|4
|
|switch|p2a: Goodra|Goodra, F|369\/369
|move|p1a: Tentacruel|Toxic Spikes|p2a: Goodra
|-sidestart|p2: trevor ellis|move: Toxic Spikes
|
|turn|5
|
|switch|p1a: Combusken|Combusken, F|261\/261
|move|p2a: Goodra|Outrage|p1a: Combusken
|-enditem|p1a: Combusken|Focus Sash
|-damage|p1a: Combusken|1\/261
|
|turn|6
|
|move|p1a: Combusken|Protect|p1a: Combusken
|-singleturn|p1a: Combusken|Protect
|move|p2a: Goodra|Outrage|p1a: Combusken
|-activate|p1a: Combusken|Protect
|
|-boost|p1a: Combusken|spe|1|[from] ability: Speed Boost
|turn|7
|
|move|p1a: Combusken|Reversal|p2a: Goodra
|-damage|p2a: Goodra|38\/369
|move|p2a: Goodra|Outrage|p1a: Combusken
|-damage|p1a: Combusken|0 fnt
|faint|p1a: Combusken
|
|
|switch|p1a: Mienshao|Mienshao, M|271\/271
|turn|8
|
|move|p1a: Mienshao|U-turn|p2a: Goodra
|-damage|p2a: Goodra|0 fnt
|faint|p2a: Goodra
|
|switch|p1a: Entei|Entei, shiny|433\/433
|-ability|p1a: Entei|Pressure
|
|
|switch|p2a: Blastoise|Blastoise-Mega, M|193\/361
|-status|p2a: Blastoise|psn
|turn|9
|
|switch|p1a: Kingdra|Kingdra, F|291\/291
|move|p2a: Blastoise|Rapid Spin|p1a: Kingdra
|-damage|p1a: Kingdra|274\/291
|-sideend|p2: trevor ellis|Toxic Spikes|[from] move: Rapid Spin|[of] p2a: Blastoise
|
|-damage|p2a: Blastoise|148\/361 psn|[from] psn
|turn|10
|
|move|p1a: Kingdra|Draco Meteor|p2a: Blastoise
|-damage|p2a: Blastoise|0 fnt
|-unboost|p1a: Kingdra|spa|2
|faint|p2a: Blastoise
|
|
|switch|p2a: Raikou|Raikou|359\/359
|-ability|p2a: Raikou|Pressure
|turn|11
|
|move|p2a: Raikou|Substitute|p2a: Raikou
|-start|p2a: Raikou|Substitute
|-damage|p2a: Raikou|270\/359
|move|p1a: Kingdra|Hydro Pump|p2a: Raikou
|-activate|p2a: Raikou|Substitute|[damage]
|
|-heal|p2a: Raikou|292\/359|[from] item: Leftovers
|turn|12
|
|switch|p1a: Mienshao|Mienshao, M|271\/271
|move|p2a: Raikou|Thunderbolt|p1a: Mienshao
|-damage|p1a: Mienshao|70\/271
|
|-heal|p2a: Raikou|314\/359|[from] item: Leftovers
|turn|13
|
|move|p1a: Mienshao|U-turn|p2a: Raikou
|-end|p2a: Raikou|Substitute
|
|switch|p1a: Gligar|Gligar, F|262\/334
|move|p2a: Raikou|Substitute|p2a: Raikou
|-start|p2a: Raikou|Substitute
|-damage|p2a: Raikou|225\/359
|
|-heal|p2a: Raikou|247\/359|[from] item: Leftovers
|turn|14
|
|move|p2a: Raikou|Hidden Power|p1a: Gligar
|-supereffective|p1a: Gligar
|-damage|p1a: Gligar|22\/334
|move|p1a: Gligar|Earthquake|p2a: Raikou
|-supereffective|p2a: Raikou
|-end|p2a: Raikou|Substitute
|
|-heal|p2a: Raikou|269\/359|[from] item: Leftovers
|turn|15
|
|move|p2a: Raikou|Hidden Power|p1a: Gligar
|-supereffective|p1a: Gligar
|-damage|p1a: Gligar|0 fnt
|faint|p1a: Gligar
|
|-heal|p2a: Raikou|291\/359|[from] item: Leftovers
|
|switch|p1a: Mienshao|Mienshao, M|70\/271
|turn|16
|
|switch|p2a: Fletchinder|Fletchinder, M|289\/289
|move|p1a: Mienshao|High Jump Kick|p2a: Fletchinder
|-resisted|p2a: Fletchinder
|-damage|p2a: Fletchinder|84\/289
|
|turn|17
|
|switch|p1a: Entei|Entei, shiny|433\/433
|-ability|p1a: Entei|Pressure
|switch|p2a: Jirachi|Jirachi|377\/377
|
|turn|18
|
|move|p2a: Jirachi|Stealth Rock|p1a: Entei
|-sidestart|p1: pelucas|move: Stealth Rock
|move|p1a: Entei|Sacred Fire|p2a: Jirachi
|-supereffective|p2a: Jirachi
|-damage|p2a: Jirachi|35\/377
|-status|p2a: Jirachi|brn
|
|-heal|p2a: Jirachi|58\/377 brn|[from] item: Leftovers
|-damage|p2a: Jirachi|11\/377 brn|[from] brn
|turn|19
|
|move|p1a: Entei|Extreme Speed|p2a: Jirachi
|-resisted|p2a: Jirachi
|-damage|p2a: Jirachi|0 fnt
|faint|p2a: Jirachi
|
|
|switch|p2a: Mienshao|Mienshao, M|271\/271
|turn|20
|
|move|p2a: Mienshao|High Jump Kick|p1a: Entei
|-damage|p1a: Entei|145\/433
|move|p1a: Entei|Sacred Fire|p2a: Mienshao
|-damage|p2a: Mienshao|6\/271
|
|turn|21
|
|switch|p2a: Raikou|Raikou|291\/359
|-ability|p2a: Raikou|Pressure
|move|p1a: Entei|Extreme Speed|p2a: Raikou
|-damage|p2a: Raikou|179\/359
|
|-heal|p2a: Raikou|201\/359|[from] item: Leftovers
|turn|22
|
|move|p2a: Raikou|Thunderbolt|p1a: Entei
|-damage|p1a: Entei|30\/433
|move|p1a: Entei|Sacred Fire|p2a: Raikou
|-damage|p2a: Raikou|0 fnt
|faint|p2a: Raikou
|
|c|★pelucas|lol gg
|c|★trevor ellis|fuckin bulk ass
|c|★pelucas|entei too strong
|
|switch|p2a: Fletchinder|Fletchinder, M|84\/289
|turn|23
|
|move|p1a: Entei|Extreme Speed|p2a: Fletchinder
|-damage|p2a: Fletchinder|0 fnt
|faint|p2a: Fletchinder
|
|
|switch|p2a: Mienshao|Mienshao, M|6\/271
|turn|24
|
|move|p1a: Entei|Extreme Speed|p2a: Mienshao
|-damage|p2a: Mienshao|0 fnt
|faint|p2a: Mienshao
|
|win|pelucas
|raw|Ladder updating...
|raw|pelucas's rating: 1556 &rarr; <strong>1578<\/strong><br \/>(+22 for winning)
|raw|trevor ellis's rating: 1584 &rarr; <strong>1563<\/strong><br \/>(-21 for losing)
|leave|trevor ellis
|player|p2