|join|Reverb
|join|bange
|player|p1|Reverb|#reverb
|player|p2|bange|142
|gametype|singles
|gen|6
|tier|OU
|rated
|clearpoke
|poke|p1|Sharpedo, M
|poke|p1|Heatran, M
|poke|p1|Thundurus, M
|poke|p1|Rotom-Wash
|poke|p1|Keldeo
|poke|p1|Gengar, F
|poke|p2|Heatran, M
|poke|p2|Skarmory, F
|poke|p2|Sableye, M
|poke|p2|Seismitoad, M, shiny
|poke|p2|Whimsicott, F, shiny
|poke|p2|Azelf
|rule|Swagger Clause: Swagger is banned
|rule|Baton Pass Clause: Limit one Pokémon knowing Baton Pass
|rule|Sleep Clause Mod: Limit one foe put to sleep
|rule|Species Clause: Limit one of each Pokémon
|rule|OHKO Clause: OHKO moves are banned
|rule|Moody Clause: Moody is banned
|rule|Evasion Moves Clause: Evasion moves are banned
|rule|Endless Battle Clause: Forcing endless battles is banned
|rule|HP Percentage Mod: HP is shown in percentages
|teampreview
|join|weisheng195
|join|Prankster
|
|start
|switch|p1a: Thundurus|Thundurus, M|299\/299
|switch|p2a: Sableye|Sableye, M|304\/304
|turn|1
|
|detailschange|p2a: Sableye|Sableye-Mega, M
|message|Sableye has Mega Evolved into Mega Sableye!
|move|p1a: Thundurus|Knock Off|p2a: Sableye
|-damage|p2a: Sableye|248\/304
|-damage|p1a: Thundurus|270\/299|[from] item: Life Orb
|move|p2a: Sableye|Knock Off|p1a: Thundurus
|-damage|p1a: Thundurus|146\/299
|-enditem|p1a: Thundurus|Life Orb|[from] move: Knock Off|[of] p2a: Sableye
|
|turn|2
|
|move|p1a: Thundurus|Thunderbolt|p2a: Sableye
|-damage|p2a: Sableye|125\/304
|move|p2a: Sableye|Recover|p2a: Sableye
|-heal|p2a: Sableye|277\/304
|
|turn|3
|
|move|p1a: Thundurus|Thunderbolt|p2a: Sableye
|-damage|p2a: Sableye|163\/304
|move|p2a: Sableye|Foul Play|p1a: Thundurus
|-damage|p1a: Thundurus|0 fnt
|faint|p1a: Thundurus
|
|
|switch|p1a: Gengar|Gengar, F|261\/261
|turn|4
|
|move|p1a: Gengar|Shadow Ball|p2a: Sableye
|-damage|p2a: Sableye|23\/304
|-damage|p1a: Gengar|235\/261|[from] item: Life Orb
|move|p2a: Sableye|Foul Play|p1a: Gengar
|-supereffective|p1a: Gengar
|-damage|p1a: Gengar|11\/261
|
|turn|5
|
|switch|p2a: Whimsicott|Whimsicott, F, shiny|261\/261
|move|p1a: Gengar|Shadow Ball|p2a: Whimsicott
|-damage|p2a: Whimsicott|11\/261
|-damage|p1a: Gengar|0 fnt|[from] item: Life Orb
|faint|p1a: Gengar
|
|
|switch|p1a: Sharpedo|Sharpedo, M|281\/281
|turn|6
|
|move|p1a: Sharpedo|Protect|p1a: Sharpedo
|-singleturn|p1a: Sharpedo|Protect
|move|p2a: Whimsicott|Moonblast|p1a: Sharpedo
|-activate|p1a: Sharpedo|Protect
|
|-boost|p1a: Sharpedo|spe|1|[from] ability: Speed Boost
|turn|7
|
|switch|p2a: Sableye|Sableye-Mega, M|23\/304
|move|p1a: Sharpedo|Aqua Jet|p2a: Sableye
|-damage|p2a: Sableye|0 fnt
|faint|p2a: Sableye
|
|-boost|p1a: Sharpedo|spe|1|[from] ability: Speed Boost
|
|switch|p2a: Skarmory|Skarmory, F|334\/334
|turn|8
|
|switch|p1a: Heatran|Heatran, M|385\/385
|move|p2a: Skarmory|Spikes|p1a: Heatran
|-sidestart|p1: Reverb|Spikes
|
|turn|9
|
|switch|p2a: Seismitoad|Seismitoad, M, shiny|414\/414
|move|p1a: Heatran|Stealth Rock|p2a: Seismitoad
|-sidestart|p2: bange|move: Stealth Rock
|
|turn|10
|
|move|p1a: Heatran|Taunt|p2a: Seismitoad
|-start|p2a: Seismitoad|move: Taunt
|cant|p2a: Seismitoad|move: Taunt|Stealth Rock
|
|turn|11
|
|switch|p1a: Rotom-Wash|Rotom-Wash|303\/303
|move|p2a: Seismitoad|Earthquake|p1a: Rotom-Wash
|-immune|p1a: Rotom-Wash|[msg]
|
|turn|12
|
|switch|p2a: Whimsicott|Whimsicott, F, shiny|11\/261
|-damage|p2a: Whimsicott|0 fnt|[from] Stealth Rock
|faint|p2a: Whimsicott
|move|p1a: Rotom-Wash|Will-O-Wisp|p2: Whimsicott|[notarget]
|-notarget
|
|
|switch|p2a: Seismitoad|Seismitoad, M, shiny|414\/414
|-damage|p2a: Seismitoad|389\/414|[from] Stealth Rock
|turn|13
|
|move|p1a: Rotom-Wash|Will-O-Wisp|p2a: Seismitoad
|-status|p2a: Seismitoad|brn
|move|p2a: Seismitoad|Stealth Rock|p1a: Rotom-Wash
|-sidestart|p1: Reverb|move: Stealth Rock
|
|-heal|p2a: Seismitoad|414\/414 brn|[from] item: Leftovers
|-damage|p2a: Seismitoad|363\/414 brn|[from] brn
|turn|14
|
|switch|p1a: Keldeo|Keldeo|323\/323
|-damage|p1a: Keldeo|283\/323|[from] Spikes
|-damage|p1a: Keldeo|263\/323|[from] Stealth Rock
|move|p2a: Seismitoad|Refresh|p2a: Seismitoad
|-curestatus|p2a: Seismitoad|brn
|
|-heal|p2a: Seismitoad|388\/414|[from] item: Leftovers
|turn|15
|
|move|p1a: Keldeo|Secret Sword|p2a: Seismitoad
|-damage|p2a: Seismitoad|225\/414
|move|p2a: Seismitoad|Earthquake|p1a: Keldeo
|-damage|p1a: Keldeo|131\/323
|
|-heal|p2a: Seismitoad|250\/414|[from] item: Leftovers
|turn|16
|
|move|p1a: Keldeo|Secret Sword|p2a: Seismitoad
|-damage|p2a: Seismitoad|66\/414
|move|p2a: Seismitoad|Earthquake|p1a: Keldeo
|-damage|p1a: Keldeo|7\/323
|
|-heal|p2a: Seismitoad|91\/414|[from] item: Leftovers
|turn|17
|
|switch|p2a: Skarmory|Skarmory, F|334\/334
|-damage|p2a: Skarmory|293\/334|[from] Stealth Rock
|move|p1a: Keldeo|Secret Sword|p2a: Skarmory
|-damage|p2a: Skarmory|209\/334
|
|turn|18
|
|switch|p1a: Heatran|Heatran, M|385\/385
|-damage|p1a: Heatran|337\/385|[from] Spikes
|-damage|p1a: Heatran|289\/385|[from] Stealth Rock
|move|p2a: Skarmory|Roost|p2a: Skarmory
|-heal|p2a: Skarmory|334\/334
|
|-heal|p1a: Heatran|313\/385|[from] item: Leftovers
|turn|19
|join|squirrelll
|
|switch|p2a: Heatran|Heatran, M|323\/323
|-damage|p2a: Heatran|283\/323|[from] Stealth Rock
|move|p1a: Heatran|Roar|p2a: Heatran
|drag|p2a: Azelf|Azelf|291\/291
|-damage|p2a: Azelf|255\/291|[from] Stealth Rock
|
|-heal|p1a: Heatran|337\/385|[from] item: Leftovers
|turn|20
|
|move|p2a: Azelf|Trick|p1a: Heatran
|-activate|p2a: Azelf|move: Trick|[of] p1a: Heatran
|-item|p1a: Heatran|Choice Scarf|[from] move: Trick
|-item|p2a: Azelf|Leftovers|[from] move: Trick
|move|p1a: Heatran|Lava Plume|p2a: Azelf
|-crit|p2a: Azelf
|-damage|p2a: Azelf|0 fnt
|faint|p2a: Azelf
|
|
|switch|p2a: Heatran|Heatran, M|283\/323
|-damage|p2a: Heatran|243\/323|[from] Stealth Rock
|turn|21
|
|switch|p1a: Keldeo|Keldeo|7\/323
|-damage|p1a: Keldeo|0 fnt|[from] Spikes
|faint|p1a: Keldeo
|move|p2a: Heatran|Flamethrower|p1: Keldeo|[notarget]
|-notarget
|
|
|switch|p1a: Rotom-Wash|Rotom-Wash|303\/303
|-damage|p1a: Rotom-Wash|266\/303|[from] Stealth Rock
|turn|22
|
|switch|p2a: Seismitoad|Seismitoad, M, shiny|91\/414
|-damage|p2a: Seismitoad|66\/414|[from] Stealth Rock
|move|p1a: Rotom-Wash|Will-O-Wisp|p2a: Seismitoad
|-status|p2a: Seismitoad|brn
|
|-heal|p1a: Rotom-Wash|284\/303|[from] item: Leftovers
|-heal|p2a: Seismitoad|91\/414 brn|[from] item: Leftovers
|-damage|p2a: Seismitoad|40\/414 brn|[from] brn
|turn|23
|join|KingNano
|leave|KingNano
|leave|weisheng195
|
|switch|p1a: Sharpedo|Sharpedo, M|281\/281
|-damage|p1a: Sharpedo|246\/281|[from] Stealth Rock
|-damage|p1a: Sharpedo|211\/281|[from] Spikes
|move|p2a: Seismitoad|Earthquake|p1a: Sharpedo
|-damage|p1a: Sharpedo|91\/281
|
|-heal|p2a: Seismitoad|65\/414 brn|[from] item: Leftovers
|-damage|p2a: Seismitoad|14\/414 brn|[from] brn
|turn|24
|
|move|p1a: Sharpedo|Crunch|p2a: Seismitoad
|-damage|p2a: Seismitoad|0 fnt
|faint|p2a: Seismitoad
|
|-boost|p1a: Sharpedo|spe|1|[from] ability: Speed Boost
|
|switch|p2a: Skarmory|Skarmory, F|334\/334
|-damage|p2a: Skarmory|293\/334|[from] Stealth Rock
|turn|25
|
|switch|p1a: Rotom-Wash|Rotom-Wash|284\/303
|-damage|p1a: Rotom-Wash|247\/303|[from] Stealth Rock
|move|p2a: Skarmory|Spikes|p1a: Rotom-Wash
|-sidestart|p1: Reverb|Spikes
|
|-heal|p1a: Rotom-Wash|265\/303|[from] item: Leftovers
|turn|26
|-message|bange forfeited.
|
|win|Reverb
|raw|Ladder updating...
|leave|bange
|player|p2
|raw|Reverb's rating: 1751 &rarr; <strong>1766<\/strong><br \/>(+15 for winning)
|raw|bange's rating: 1651 &rarr; <strong>1636<\/strong><br \/>(-15 for losing)
|leave|squirrelll
|join|Alvadora
|join|squirrelll
|leave|Alvadora
|join|Alvadora
|leave|Alvadora