|join|ManuelEnciso123
|join|bange
|player|p1|ManuelEnciso123|33
|player|p2|bange|142
|gametype|singles
|gen|6
|tier|OU
|rated
|clearpoke
|poke|p1|Scolipede, M
|poke|p1|Quagsire, M
|poke|p1|Espeon, F
|poke|p1|Gallade, M
|poke|p1|Kingdra, M
|poke|p1|Bronzong
|poke|p2|Heatran, M
|poke|p2|Skarmory, F
|poke|p2|Espeon, F
|poke|p2|Seismitoad, M, shiny
|poke|p2|Azelf
|poke|p2|Scizor, F
|rule|Swagger Clause: Swagger is banned
|rule|Baton Pass Clause: Limit one Pokémon knowing Baton Pass
|rule|Sleep Clause Mod: Limit one foe put to sleep
|rule|Species Clause: Limit one of each Pokémon
|rule|OHKO Clause: OHKO moves are banned
|rule|Moody Clause: Moody is banned
|rule|Evasion Moves Clause: Evasion moves are banned
|rule|Endless Battle Clause: Forcing endless battles is banned
|rule|HP Percentage Mod: HP is shown in percentages
|teampreview
|
|start
|switch|p1a: Scolipede|Scolipede, M|324\/324
|switch|p2a: Azelf|Azelf|291\/291
|turn|1
|
|move|p1a: Scolipede|Protect|p1a: Scolipede
|-singleturn|p1a: Scolipede|Protect
|move|p2a: Azelf|Psychic|p1a: Scolipede
|-activate|p1a: Scolipede|Protect
|
|-boost|p1a: Scolipede|spe|1|[from] ability: Speed Boost
|turn|2
|
|move|p2a: Azelf|Psychic|p1a: Scolipede
|-supereffective|p1a: Scolipede
|-damage|p1a: Scolipede|0 fnt
|faint|p1a: Scolipede
|
|
|switch|p1a: Bronzong|Bronzong|337\/337
|turn|3
|
|switch|p2a: Espeon|Espeon, F|271\/271
|move|p1a: Bronzong|Calm Mind|p1a: Bronzong
|-boost|p1a: Bronzong|spa|1
|-boost|p1a: Bronzong|spd|1
|
|turn|4
|
|switch|p2a: Scizor|Scizor, F|302\/302
|move|p1a: Bronzong|Calm Mind|p1a: Bronzong
|-boost|p1a: Bronzong|spa|1
|-boost|p1a: Bronzong|spd|1
|
|turn|5
|
|detailschange|p2a: Scizor|Scizor-Mega, F
|-mega|p2a: Scizor|Scizor|Scizorite
|move|p2a: Scizor|U-turn|p1a: Bronzong
|-damage|p1a: Bronzong|210\/337
|
|switch|p2a: Heatran|Heatran, M|323\/323
|move|p1a: Bronzong|Hidden Power|p2a: Heatran
|-supereffective|p2a: Heatran
|-damage|p2a: Heatran|55\/323
|
|-heal|p1a: Bronzong|231\/337|[from] item: Leftovers
|turn|6
|
|move|p2a: Heatran|Flamethrower|p1a: Bronzong
|-supereffective|p1a: Bronzong
|-damage|p1a: Bronzong|81\/337
|move|p1a: Bronzong|Psyshock|p2a: Heatran
|-resisted|p2a: Heatran
|-damage|p2a: Heatran|0 fnt
|faint|p2a: Heatran
|
|-heal|p1a: Bronzong|102\/337|[from] item: Leftovers
|
|switch|p2a: Scizor|Scizor-Mega, F|302\/302
|turn|7
|
|move|p2a: Scizor|Knock Off|p1a: Bronzong
|-supereffective|p1a: Bronzong
|-damage|p1a: Bronzong|0 fnt
|-enditem|p1a: Bronzong|Leftovers|[from] move: Knock Off|[of] p2a: Scizor
|faint|p1a: Bronzong
|
|
|switch|p1a: Tito|Quagsire, M|394\/394
|turn|8
|
|move|p2a: Scizor|U-turn|p1a: Tito
|-damage|p1a: Tito|267\/394
|
|switch|p2a: Seismitoad|Seismitoad, M, shiny|414\/414
|move|p1a: Tito|Scald|p2a: Seismitoad
|-immune|p2a: Seismitoad|[msg]
|
|turn|9
|
|switch|p2a: Espeon|Espeon, F|271\/271
|move|p1a: Tito|Toxic|p2a: Espeon
|move|p2a: Espeon|Toxic|p1a: Tito|[from]Magic Bounce
|-status|p1a: Tito|tox
|
|-damage|p1a: Tito|243\/394 tox|[from] psn
|turn|10
|
|move|p2a: Espeon|Calm Mind|p2a: Espeon
|-boost|p2a: Espeon|spa|1
|-boost|p2a: Espeon|spd|1
|move|p1a: Tito|Scald|p2a: Espeon
|-damage|p2a: Espeon|211\/271
|
|-damage|p1a: Tito|195\/394 tox|[from] psn
|-enditem|p1a: Tito|Sitrus Berry|[eat]
|-heal|p1a: Tito|293\/394 tox|[from] item: Sitrus Berry
|turn|11
|
|switch|p1a: Espeon|Espeon, F|334\/334
|move|p2a: Espeon|Grass Knot|p1a: Espeon
|-damage|p1a: Espeon|235\/334
|-damage|p2a: Espeon|184\/271|[from] item: Life Orb
|
|turn|12
|
|move|p2a: Espeon|Psyshock|p1a: Espeon
|-resisted|p1a: Espeon
|-damage|p1a: Espeon|15\/334
|-damage|p2a: Espeon|157\/271|[from] item: Life Orb
|move|p1a: Espeon|Calm Mind|p1a: Espeon
|-boost|p1a: Espeon|spa|1
|-boost|p1a: Espeon|spd|1
|
|turn|13
|
|move|p2a: Espeon|Psyshock|p1a: Espeon
|-resisted|p1a: Espeon
|-damage|p1a: Espeon|0 fnt
|-damage|p2a: Espeon|130\/271|[from] item: Life Orb
|faint|p1a: Espeon
|
|
|switch|p1a: Tito|Quagsire, M|293\/394 tox
|turn|14
|
|move|p2a: Espeon|Grass Knot|p1a: Tito
|-supereffective|p1a: Tito
|-damage|p1a: Tito|0 fnt
|-damage|p2a: Espeon|103\/271|[from] item: Life Orb
|faint|p1a: Tito
|
|
|switch|p1a: Gallade|Gallade, M|340\/340
|turn|15
|
|switch|p2a: Skarmory|Skarmory, F|333\/333
|detailschange|p1a: Gallade|Gallade-Mega, M
|-mega|p1a: Gallade|Gallade|Galladite
|move|p1a: Gallade|Shadow Sneak|p2a: Skarmory
|-damage|p2a: Skarmory|296\/333
|-damage|p1a: Gallade|284\/340|[from] item: Rocky Helmet|[of] p2a: Skarmory
|
|turn|16
|
|move|p1a: Gallade|Knock Off|p2a: Skarmory
|-damage|p2a: Skarmory|211\/333
|-damage|p1a: Gallade|228\/340|[from] item: Rocky Helmet|[of] p2a: Skarmory
|-enditem|p2a: Skarmory|Rocky Helmet|[from] move: Knock Off|[of] p1a: Gallade
|move|p2a: Skarmory|Roost|p2a: Skarmory
|-heal|p2a: Skarmory|333\/333
|
|turn|17
|
|move|p1a: Gallade|Swords Dance|p1a: Gallade
|-boost|p1a: Gallade|atk|2
|move|p2a: Skarmory|Spikes|p1a: Gallade
|-sidestart|p1: ManuelEnciso123|Spikes
|
|turn|18
|
|move|p1a: Gallade|Drain Punch|p2a: Skarmory
|-damage|p2a: Skarmory|149\/333
|-heal|p1a: Gallade|320\/340|[from] drain|[of] p2a: Skarmory
|move|p2a: Skarmory|Counter|p1a: Gallade
|-damage|p1a: Gallade|0 fnt
|faint|p1a: Gallade
|
|
|switch|p1a: Kingdra|Kingdra, M|353\/353
|-damage|p1a: Kingdra|309\/353|[from] Spikes
|turn|19
|
|move|p1a: Kingdra|Focus Energy|p1a: Kingdra
|-start|p1a: Kingdra|move: Focus Energy
|move|p2a: Skarmory|Taunt|p1a: Kingdra
|-start|p1a: Kingdra|move: Taunt
|
|turn|20
|
|move|p1a: Kingdra|Surf|p2a: Skarmory
|-crit|p2a: Skarmory
|-damage|p2a: Skarmory|0 fnt
|faint|p2a: Skarmory
|
|
|switch|p2a: Espeon|Espeon, F|103\/271
|turn|21
|
|move|p2a: Espeon|Psyshock|p1a: Kingdra
|-crit|p1a: Kingdra
|-damage|p1a: Kingdra|36\/353
|-damage|p2a: Espeon|76\/271|[from] item: Life Orb
|move|p1a: Kingdra|Surf|p2a: Espeon
|-crit|p2a: Espeon
|-damage|p2a: Espeon|0 fnt
|faint|p2a: Espeon
|
|
|switch|p2a: Azelf|Azelf|291\/291
|turn|22
|
|move|p2a: Azelf|Psychic|p1a: Kingdra
|-damage|p1a: Kingdra|0 fnt
|faint|p1a: Kingdra
|
|win|bange
|raw|Ladder updating...
|raw|ManuelEnciso123's rating: 1518 &rarr; <strong>1502<\/strong><br \/>(-16 for losing)
|raw|bange's rating: 1584 &rarr; <strong>1600<\/strong><br \/>(+16 for winning)
|leave|ManuelEnciso123
|player|p1