|join|Sunny Mayo
|join|Vanilla Vanish
|player|p1|Sunny Mayo|10
|player|p2|Vanilla Vanish|2
|gametype|singles
|gen|6
|tier|OU
|clearpoke
|poke|p1|Heracross, M
|poke|p1|Noivern, F
|poke|p1|Magnezone
|poke|p1|Diggersby, F
|poke|p1|Politoed, F
|poke|p1|Azumarill, F
|poke|p2|Manectric, M
|poke|p2|Landorus-Therian, M
|poke|p2|Azumarill, F
|poke|p2|Scizor, F
|poke|p2|Gothitelle, F
|poke|p2|Latias, F
|rule|Swagger Clause: Swagger is banned
|rule|Baton Pass Clause: Limit one Pokémon knowing Baton Pass
|rule|Sleep Clause Mod: Limit one foe put to sleep
|rule|Species Clause: Limit one of each Pokémon
|rule|OHKO Clause: OHKO moves are banned
|rule|Moody Clause: Moody is banned
|rule|Evasion Moves Clause: Evasion moves are banned
|rule|Endless Battle Clause: Forcing endless battles is banned
|rule|HP Percentage Mod: HP is reported as percentages
|teampreview
|chat|Sunny Mayo|fuck forgot to put SR in
|chat|Sunny Mayo|goddamn
|chat|Sunny Mayo|:P
|chat|Vanilla Vanish|lol
|chat|Vanilla Vanish|:P
|chat|Vanilla Vanish|It's not even an important move
|chat|Sunny Mayo|AND THUNDER ON MAGNEZONE
|chat|Vanilla Vanish|xD
|chat|Sunny Mayo|WHY BOTHER WITH YOU POLITOED
|
|start
|switch|p1a: Politoed|Politoed, F|384\/384
|switch|p2a: Manectric|Manectric, M|281\/281
|-weather|RainDance
|turn|1
|
|detailschange|p2a: Manectric|Manectric-Mega, M
|message|Manectric has Mega Evolved into Mega Manectric!
|-ability|p2a: Manectric|Intimidate|[of] p1a: Politoed
|-unboost|p1a: Politoed|atk|1
|move|p2a: Manectric|Volt Switch|p1a: Politoed
|-supereffective|p1a: Politoed
|-damage|p1a: Politoed|114\/384
|chat|Vanilla Vanish|the toad is cool
|
|switch|p2a: Latias|Latias, F|301\/301
|move|p1a: Politoed|Toxic|p2a: Latias
|-status|p2a: Latias|tox
|
|-weather|RainDance|[upkeep]
|-damage|p2a: Latias|283\/301 tox|[from] psn
|turn|2
|
|move|p2a: Latias|Psyshock|p1a: Politoed
|-damage|p1a: Politoed|0 fnt
|-damage|p2a: Latias|253\/301 tox|[from] item: Life Orb
|faint|p1a: Politoed
|
|-weather|RainDance|[upkeep]
|-damage|p2a: Latias|217\/301 tox|[from] psn
|
|switch|p1a: Noivern|Noivern, F|311\/311
|turn|3
|
|switch|p2a: Scizor|Scizor, F|343\/343
|move|p1a: Noivern|Tailwind|p1a: Noivern
|-sidestart|p1: Sunny Mayo|move: Tailwind
|
|-weather|RainDance|[upkeep]
|turn|4
|
|move|p1a: Noivern|Hurricane|p2a: Scizor
|-damage|p2a: Scizor|160\/343
|-damage|p1a: Noivern|280\/311|[from] item: Life Orb
|move|p2a: Scizor|U-turn|p1a: Noivern
|-resisted|p1a: Noivern
|-damage|p1a: Noivern|217\/311
|
|switch|p2a: Manectric|Manectric-Mega, M|281\/281
|-ability|p2a: Manectric|Intimidate|[of] p1a: Noivern
|-unboost|p1a: Noivern|atk|1
|
|-weather|RainDance|[upkeep]
|turn|5
|chat|Vanilla Vanish|WAIT
|chat|Vanilla Vanish|TAILWIND
|chat|Vanilla Vanish|NOOOOOOOOo
|chat|Sunny Mayo|:P
|
|switch|p2a: Gothitelle|Gothitelle, F|281\/281
|move|p1a: Noivern|Draco Meteor|p2a: Gothitelle
|-damage|p2a: Gothitelle|43\/281
|-unboost|p1a: Noivern|spa|2
|-damage|p1a: Noivern|186\/311|[from] item: Life Orb
|
|-weather|none
|turn|6
|
|move|p1a: Noivern|Draco Meteor|p2a: Gothitelle
|-damage|p2a: Gothitelle|0 fnt
|-unboost|p1a: Noivern|spa|2
|-damage|p1a: Noivern|155\/311|[from] item: Life Orb
|faint|p2a: Gothitelle
|
|-sideend|p1: Sunny Mayo|move: Tailwind
|
|switch|p2a: Manectric|Manectric-Mega, M|281\/281
|-ability|p2a: Manectric|Intimidate|[of] p1a: Noivern
|-unboost|p1a: Noivern|atk|1
|turn|7
|
|switch|p1a: Diggersby|Diggersby, F|374\/374
|move|p2a: Manectric|Hidden Power|p1a: Diggersby
|-supereffective|p1a: Diggersby
|-damage|p1a: Diggersby|194\/374
|
|turn|8
|chat|Sunny Mayo|good call
|chat|Sunny Mayo|wait nvm
|chat|Sunny Mayo|was ice
|chat|Sunny Mayo|so obvious move
|chat|Sunny Mayo|just poor on my part
|chat|Sunny Mayo|:P
|chat|Vanilla Vanish|:P
|
|switch|p2a: Landorus-Therian|Landorus-Therian, M|378\/378
|-ability|p2a: Landorus-Therian|Intimidate|[of] p1a: Diggersby
|-unboost|p1a: Diggersby|atk|1
|move|p1a: Diggersby|Return|p2a: Landorus-Therian
|-damage|p2a: Landorus-Therian|234\/378
|-damage|p1a: Diggersby|157\/374|[from] item: Life Orb
|
|-heal|p2a: Landorus-Therian|257\/378|[from] item: Leftovers
|turn|9
|chat|Vanilla Vanish|ow
|chat|Vanilla Vanish|fucking Diggersby
|chat|Vanilla Vanish|so good
|
|move|p2a: Landorus-Therian|Knock Off|p1a: Diggersby
|-damage|p1a: Diggersby|19\/374
|-enditem|p1a: Diggersby|Life Orb|[from] move: Knock Off|[of] p2a: Landorus-Therian
|move|p1a: Diggersby|U-turn|p2a: Landorus-Therian
|-resisted|p2a: Landorus-Therian
|-damage|p2a: Landorus-Therian|228\/378
|chat|Vanilla Vanish|I did not expect to be fast
|chat|Vanilla Vanish|er
|
|switch|p1a: Noivern|Noivern, F|155\/311
|
|-heal|p2a: Landorus-Therian|251\/378|[from] item: Leftovers
|turn|10
|chat|Vanilla Vanish|faster
|chat|Vanilla Vanish|:S
|chat|Sunny Mayo|Diggersby is shit sloww
|chat|Sunny Mayo|oh 78
|chat|Sunny Mayo|not terrible
|chat|Sunny Mayo|but bad
|chat|Sunny Mayo|"{
|chat|Sunny Mayo|:P
|
|move|p1a: Noivern|Tailwind|p1a: Noivern
|-sidestart|p1: Sunny Mayo|move: Tailwind
|move|p2a: Landorus-Therian|Knock Off|p1a: Noivern
|-damage|p1a: Noivern|34\/311
|-enditem|p1a: Noivern|Life Orb|[from] move: Knock Off|[of] p2a: Landorus-Therian
|
|-heal|p2a: Landorus-Therian|274\/378|[from] item: Leftovers
|turn|11
|chat|Vanilla Vanish|if you had investment, you would have been faster
|chat|Sunny Mayo|WELL I DONT
|chat|Vanilla Vanish|LANDORUS YOU ARE USELESS
|
|move|p1a: Noivern|Draco Meteor|p2a: Landorus-Therian
|-damage|p2a: Landorus-Therian|64\/378
|-unboost|p1a: Noivern|spa|2
|move|p2a: Landorus-Therian|Stealth Rock|p1a: Noivern
|-sidestart|p1: Sunny Mayo|move: Stealth Rock
|
|-heal|p2a: Landorus-Therian|87\/378|[from] item: Leftovers
|turn|12
|
|switch|p2a: Scizor|Scizor, F|160\/343
|move|p1a: Noivern|Draco Meteor|p2a: Scizor
|-resisted|p2a: Scizor
|-damage|p2a: Scizor|121\/343
|-unboost|p1a: Noivern|spa|2
|
|-heal|p2a: Scizor|142\/343|[from] item: Leftovers
|turn|13
|
|move|p2a: Scizor|Bullet Punch|p1a: Noivern
|-damage|p1a: Noivern|0 fnt
|faint|p1a: Noivern
|
|-heal|p2a: Scizor|163\/343|[from] item: Leftovers
|-sideend|p1: Sunny Mayo|move: Tailwind
|
|switch|p1a: Magnezone|Magnezone|324\/324
|-damage|p1a: Magnezone|304\/324|[from] Stealth Rock
|turn|14
|
|move|p1a: Magnezone|Hidden Power|p2a: Scizor
|-supereffective|p2a: Scizor
|-damage|p2a: Scizor|0 fnt
|faint|p2a: Scizor
|
|
|switch|p2a: Azumarill|Azumarill, F|401\/401
|turn|15
|chat|Sunny Mayo|hmmm
|chat|Sunny Mayo|must be superpower
|chat|Vanilla Vanish|Magnezone is scary
|chat|Vanilla Vanish|:(
|
|switch|p1a: Diggersby|Diggersby, F|19\/374
|-damage|p1a: Diggersby|0 fnt|[from] Stealth Rock
|faint|p1a: Diggersby
|move|p2a: Azumarill|Superpower|p1: Diggersby|[notarget]
|-notarget
|
|
|switch|p1a: Heracross|Heracross, M|364\/364
|-damage|p1a: Heracross|319\/364|[from] Stealth Rock
|turn|16
|
|detailschange|p1a: Heracross|Heracross-Mega, M
|message|Heracross has Mega Evolved into Mega Heracross!
|move|p1a: Heracross|Bullet Seed|p2a: Azumarill
|-supereffective|p2a: Azumarill
|-damage|p2a: Azumarill|301\/401
|-crit|p2a: Azumarill
|-supereffective|p2a: Azumarill
|-damage|p2a: Azumarill|149\/401
|-crit|p2a: Azumarill
|-supereffective|p2a: Azumarill
|-damage|p2a: Azumarill|1\/401
|-supereffective|p2a: Azumarill
|-damage|p2a: Azumarill|0 fnt
|-hitcount|p2a: Azumarill|4
|faint|p2a: Azumarill
|
|
|switch|p2a: Latias|Latias, F|217\/301 tox
|turn|17
|
|switch|p1a: Magnezone|Magnezone|304\/324
|-damage|p1a: Magnezone|284\/324|[from] Stealth Rock
|move|p2a: Latias|Psyshock|p1a: Magnezone
|-resisted|p1a: Magnezone
|-damage|p1a: Magnezone|205\/324
|-damage|p2a: Latias|187\/301 tox|[from] item: Life Orb
|
|-damage|p2a: Latias|169\/301 tox|[from] psn
|turn|18
|
|move|p2a: Latias|Roost|p2a: Latias
|-heal|p2a: Latias|301\/301 tox
|move|p1a: Magnezone|Flash Cannon|p2a: Latias
|-damage|p2a: Latias|106\/301 tox
|
|-damage|p2a: Latias|70\/301 tox|[from] psn
|turn|19
|
|switch|p2a: Landorus-Therian|Landorus-Therian, M|87\/378
|-ability|p2a: Landorus-Therian|Intimidate|[of] p1a: Magnezone
|-unboost|p1a: Magnezone|atk|1
|move|p1a: Magnezone|Flash Cannon|p2a: Landorus-Therian
|-damage|p2a: Landorus-Therian|0 fnt
|faint|p2a: Landorus-Therian
|
|
|switch|p2a: Manectric|Manectric-Mega, M|281\/281
|-ability|p2a: Manectric|Intimidate|[of] p1a: Magnezone
|-unboost|p1a: Magnezone|atk|1
|turn|20
|
|move|p2a: Manectric|Flamethrower|p1a: Magnezone
|-supereffective|p1a: Magnezone
|-damage|p1a: Magnezone|0 fnt
|faint|p1a: Magnezone
|
|
|switch|p1a: Heracross|Heracross-Mega, M|319\/364
|-damage|p1a: Heracross|274\/364|[from] Stealth Rock
|turn|21
|chat|Sunny Mayo|darn
|chat|Sunny Mayo|so close
|
|move|p2a: Manectric|Flamethrower|p1a: Heracross
|-supereffective|p1a: Heracross
|-damage|p1a: Heracross|62\/364
|move|p1a: Heracross|Close Combat|p2a: Manectric
|-damage|p2a: Manectric|0 fnt
|-unboost|p1a: Heracross|def|1
|-unboost|p1a: Heracross|spd|1
|faint|p2a: Manectric
|
|chat|Sunny Mayo|JKS 
|chat|Sunny Mayo|GG
|
|switch|p2a: Latias|Latias, F|70\/301 tox
|turn|22
|
|move|p2a: Latias|Roost|p2a: Latias
|-heal|p2a: Latias|221\/301 tox
|move|p1a: Heracross|Pin Missile|p2a: Latias
|-supereffective|p2a: Latias
|-damage|p2a: Latias|75\/301 tox
|-supereffective|p2a: Latias
|-damage|p2a: Latias|0 fnt
|-hitcount|p2a: Latias|2
|faint|p2a: Latias
|
|win|Sunny Mayo
|chat|Vanilla Vanish|ugh
|chat|Sunny Mayo|WEOEOEOOE
|chat|Vanilla Vanish|gg
|chat|Vanilla Vanish|I totally forgot what moves Heracross got
|chat|Vanilla Vanish|:(
|chat|Sunny Mayo|:D :D :D
|chat|Vanilla Vanish|Let him kill everything
|chat|Vanilla Vanish|ALSO HE'S BULKY :(
|chat|Sunny Mayo|he had a move for all of your pokemon except Landorus
|chat|Sunny Mayo|who can't really hurt him anyway
|chat|Vanilla Vanish|:(
|chat|Vanilla Vanish|I needed damage on him
|chat|Sunny Mayo|:D 
|chat|Vanilla Vanish|so Manectric could clean up
|chat|Sunny Mayo|stupid Tailwind
|chat|Sunny Mayo|needs an item like Light Clay
|chat|Vanilla Vanish|So easy to stall out
|leave|Vanilla Vanish
|player|p2
|leave|Sunny Mayo
|player|p1
|join|Sunny Mayo