|join|RowDog
|join|YoungLegend
|player|p1|RowDog|80
|player|p2|YoungLegend|162
|gametype|singles
|gen|6
|tier|UU
|rated
|rule|Sleep Clause Mod: Limit one foe put to sleep
|rule|Species Clause: Limit one of each Pokémon
|rule|OHKO Clause: OHKO moves are banned
|rule|Moody Clause: Moody is banned
|rule|Evasion Moves Clause: Evasion moves are banned
|rule|Endless Battle Clause: Forcing endless battles is banned
|rule|HP Percentage Mod: HP is shown in percentages
|clearpoke
|poke|p1|Aromatisse, F
|poke|p1|Doublade, M
|poke|p1|Blissey, F
|poke|p1|Dragalge, F
|poke|p1|Crobat, M
|poke|p1|Gastrodon, F
|poke|p2|Roserade, M
|poke|p2|Chandelure, M
|poke|p2|Raikou
|poke|p2|Forretress, F
|poke|p2|Fletchinder, F
|poke|p2|Absol, F
|rule|Swagger Clause: Swagger is banned
|rule|Baton Pass Clause: Limit one Pokémon knowing Baton Pass
|teampreview
|
|start
|switch|p1a: Aromatisse|Aromatisse, F|406\/406
|switch|p2a: Roserade|Roserade, M|261\/261
|turn|1
|
|switch|p1a: Dragalge|Dragalge, F|334\/334
|move|p2a: Roserade|Sleep Powder|p1a: Dragalge|[miss]
|-miss|p2a: Roserade|p1a: Dragalge
|
|turn|2
|
|move|p2a: Roserade|Sleep Powder|p1a: Dragalge
|-status|p1a: Dragalge|slp
|cant|p1a: Dragalge|slp
|
|turn|3
|
|switch|p2a: Forretress|Forretress, F|354\/354
|switch|p1a: Crobat|Crobat, M|373\/373
|
|turn|4
|
|move|p1a: Crobat|Taunt|p2a: Forretress
|-start|p2a: Forretress|move: Taunt
|move|p2a: Forretress|Volt Switch|p1a: Crobat
|-supereffective|p1a: Crobat
|-damage|p1a: Crobat|285\/373
|
|switch|p2a: Raikou|Raikou|322\/322
|-ability|p2a: Raikou|Pressure
|
|-heal|p1a: Crobat|308\/373|[from] item: Black Sludge
|turn|5
|
|switch|p1a: Dragalge|Dragalge, F|334\/334 slp
|move|p2a: Raikou|Extrasensory|p1a: Dragalge
|-supereffective|p1a: Dragalge
|-damage|p1a: Dragalge|116\/334 slp
|
|-heal|p1a: Dragalge|136\/334 slp|[from] item: Black Sludge
|turn|6
|
|switch|p1a: Blissey|Blissey, F|714\/714
|move|p2a: Raikou|Extrasensory|p1a: Blissey
|-damage|p1a: Blissey|612\/714
|
|-heal|p1a: Blissey|656\/714|[from] item: Leftovers
|turn|7
|
|switch|p2a: Forretress|Forretress, F|354\/354
|move|p1a: Blissey|Stealth Rock|p2a: Forretress
|-sidestart|p2: YoungLegend|move: Stealth Rock
|
|-heal|p1a: Blissey|700\/714|[from] item: Leftovers
|turn|8
|
|move|p1a: Blissey|Wish|p1a: Blissey
|move|p2a: Forretress|Stealth Rock|p1a: Blissey
|-sidestart|p1: RowDog|move: Stealth Rock
|
|-heal|p1a: Blissey|714\/714|[from] item: Leftovers
|turn|9
|
|switch|p1a: Dragalge|Dragalge, F|136\/334 slp
|-damage|p1a: Dragalge|95\/334 slp|[from] Stealth Rock
|move|p2a: Forretress|Rapid Spin|p1a: Dragalge
|-damage|p1a: Dragalge|84\/334 slp
|-sideend|p2: YoungLegend|Stealth Rock|[from] move: Rapid Spin|[of] p2a: Forretress
|
|-heal|p1a: Dragalge|334\/334 slp|[from] move: Wish|[wisher] Blissey
|turn|10
|
|-curestatus|p1a: Dragalge|slp
|move|p1a: Dragalge|Toxic Spikes|p2a: Forretress
|-sidestart|p2: YoungLegend|move: Toxic Spikes
|move|p2a: Forretress|Spikes|p1a: Dragalge
|-sidestart|p1: RowDog|Spikes
|
|turn|11
|
|switch|p2a: Roserade|Roserade, M|261\/261
|-sideend|p2: YoungLegend|move: Toxic Spikes|[of] p2a: Roserade
|move|p1a: Dragalge|Scald|p2a: Roserade
|-resisted|p2a: Roserade
|-damage|p2a: Roserade|232\/261
|
|turn|12
|
|move|p2a: Roserade|Sleep Powder|p1a: Dragalge
|-status|p1a: Dragalge|slp
|cant|p1a: Dragalge|slp
|
|turn|13
|
|move|p2a: Roserade|Toxic Spikes|p1a: Dragalge
|-sidestart|p1: RowDog|move: Toxic Spikes
|cant|p1a: Dragalge|slp
|
|turn|14
|
|switch|p1a: Crobat|Crobat, M|308\/373
|-damage|p1a: Crobat|215\/373|[from] Stealth Rock
|move|p2a: Roserade|Sludge Bomb|p1a: Crobat
|-resisted|p1a: Crobat
|-damage|p1a: Crobat|99\/373
|-damage|p2a: Roserade|206\/261|[from] item: Life Orb
|
|-heal|p1a: Crobat|122\/373|[from] item: Black Sludge
|turn|15
|
|switch|p2a: Fletchinder|Fletchinder, F|291\/291
|move|p1a: Crobat|Defog|p2a: Fletchinder
|-unboost|p2a: Fletchinder|evasion|1
|-sideend|p1: RowDog|Spikes|[from] move: Defog|[of] p1a: Crobat
|-sideend|p1: RowDog|Toxic Spikes|[from] move: Defog|[of] p1a: Crobat
|-sideend|p1: RowDog|Stealth Rock|[from] move: Defog|[of] p1a: Crobat
|
|-heal|p1a: Crobat|145\/373|[from] item: Black Sludge
|turn|16
|
|switch|p1a: Gastrodon|Gastrodon, F|426\/426
|move|p2a: Fletchinder|Acrobatics|p1a: Gastrodon
|-damage|p1a: Gastrodon|276\/426
|
|-heal|p1a: Gastrodon|302\/426|[from] item: Leftovers
|turn|17
|
|switch|p2a: Roserade|Roserade, M|206\/261
|move|p1a: Gastrodon|Earthquake|p2a: Roserade
|-crit|p2a: Roserade
|-damage|p2a: Roserade|0 fnt
|faint|p2a: Roserade
|
|-heal|p1a: Gastrodon|328\/426|[from] item: Leftovers
|c|★YoungLegend|.....
|c|★RowDog|soz bout crit lol
|
|switch|p2a: Forretress|Forretress, F|354\/354
|turn|18
|
|move|p2a: Forretress|Stealth Rock|p1a: Gastrodon
|-sidestart|p1: RowDog|move: Stealth Rock
|move|p1a: Gastrodon|Scald|p2a: Forretress
|-damage|p2a: Forretress|221\/354
|-status|p2a: Forretress|brn
|
|-heal|p2a: Forretress|243\/354 brn|[from] item: Leftovers
|-heal|p1a: Gastrodon|354\/426|[from] item: Leftovers
|-damage|p2a: Forretress|199\/354 brn|[from] brn
|turn|19
|c|★YoungLegend|no ur not
|c|★RowDog|well, I’m kinda happy on one end
|c|★RowDog|but I don’t like to win via hax
|
|move|p2a: Forretress|Spikes|p1a: Gastrodon
|-sidestart|p1: RowDog|Spikes
|move|p1a: Gastrodon|Earthquake|p2a: Forretress
|-damage|p2a: Forretress|144\/354 brn
|
|-heal|p2a: Forretress|166\/354 brn|[from] item: Leftovers
|-heal|p1a: Gastrodon|380\/426|[from] item: Leftovers
|-damage|p2a: Forretress|122\/354 brn|[from] brn
|turn|20
|
|move|p2a: Forretress|Spikes|p1a: Gastrodon
|-sidestart|p1: RowDog|Spikes
|move|p1a: Gastrodon|Curse|p1a: Gastrodon
|-boost|p1a: Gastrodon|atk|1
|-boost|p1a: Gastrodon|def|1
|-unboost|p1a: Gastrodon|spe|1
|
|-heal|p2a: Forretress|144\/354 brn|[from] item: Leftovers
|-heal|p1a: Gastrodon|406\/426|[from] item: Leftovers
|-damage|p2a: Forretress|100\/354 brn|[from] brn
|turn|21
|
|move|p2a: Forretress|Spikes|p1a: Gastrodon
|-sidestart|p1: RowDog|Spikes
|move|p1a: Gastrodon|Curse|p1a: Gastrodon
|-boost|p1a: Gastrodon|atk|1
|-boost|p1a: Gastrodon|def|1
|-unboost|p1a: Gastrodon|spe|1
|
|-heal|p2a: Forretress|122\/354 brn|[from] item: Leftovers
|-heal|p1a: Gastrodon|426\/426|[from] item: Leftovers
|-damage|p2a: Forretress|78\/354 brn|[from] brn
|turn|22
|
|switch|p2a: Raikou|Raikou|322\/322
|-ability|p2a: Raikou|Pressure
|move|p1a: Gastrodon|Earthquake|p2a: Raikou
|-supereffective|p2a: Raikou
|-damage|p2a: Raikou|0 fnt
|faint|p2a: Raikou
|
|
|switch|p2a: Fletchinder|Fletchinder, F|291\/291
|turn|23
|
|move|p2a: Fletchinder|Will-O-Wisp|p1a: Gastrodon
|-status|p1a: Gastrodon|brn
|move|p1a: Gastrodon|Scald|p2a: Fletchinder
|-supereffective|p2a: Fletchinder
|-damage|p2a: Fletchinder|13\/291
|
|-damage|p1a: Gastrodon|373\/426 brn|[from] brn
|turn|24
|c|★YoungLegend|where are all these predicts coming from
|
|switch|p2a: Forretress|Forretress, F|78\/354 brn
|move|p1a: Gastrodon|Scald|p2a: Forretress
|-damage|p2a: Forretress|0 fnt
|faint|p2a: Forretress
|
|-heal|p1a: Gastrodon|399\/426 brn|[from] item: Leftovers
|-damage|p1a: Gastrodon|346\/426 brn|[from] brn
|
|switch|p2a: Chandelure|Chandelure, M|261\/261
|turn|25
|
|move|p2a: Chandelure|Calm Mind|p2a: Chandelure
|-boost|p2a: Chandelure|spa|1
|-boost|p2a: Chandelure|spd|1
|move|p1a: Gastrodon|Earthquake|p2a: Chandelure
|-supereffective|p2a: Chandelure
|-damage|p2a: Chandelure|37\/261
|
|-heal|p2a: Chandelure|53\/261|[from] item: Leftovers
|-heal|p1a: Gastrodon|372\/426 brn|[from] item: Leftovers
|-damage|p1a: Gastrodon|319\/426 brn|[from] brn
|turn|26
|
|move|p2a: Chandelure|Shadow Ball|p1a: Gastrodon
|-damage|p1a: Gastrodon|108\/426 brn
|-unboost|p1a: Gastrodon|spd|1
|move|p1a: Gastrodon|Earthquake|p2a: Chandelure
|-supereffective|p2a: Chandelure
|-damage|p2a: Chandelure|0 fnt
|faint|p2a: Chandelure
|
|-heal|p1a: Gastrodon|134\/426 brn|[from] item: Leftovers
|-damage|p1a: Gastrodon|81\/426 brn|[from] brn
|
|switch|p2a: Absol|Absol, F|271\/271
|turn|27
|
|detailschange|p2a: Absol|Absol-Mega, F
|message|Absol has Mega Evolved into Mega Absol!
|move|p2a: Absol|Swords Dance|p2a: Absol
|-boost|p2a: Absol|atk|2
|move|p1a: Gastrodon|Scald|p2a: Absol
|-damage|p2a: Absol|127\/271
|-status|p2a: Absol|brn
|
|-heal|p1a: Gastrodon|107\/426 brn|[from] item: Leftovers
|-damage|p2a: Absol|94\/271 brn|[from] brn
|-damage|p1a: Gastrodon|54\/426 brn|[from] brn
|turn|28
|c|★YoungLegend|welp
|c|★YoungLegend|thats my burn
|c|★RowDog|kek
|
|move|p2a: Absol|Knock Off|p1a: Gastrodon
|-damage|p1a: Gastrodon|0 fnt
|-enditem|p1a: Gastrodon|Leftovers|[from] move: Knock Off|[of] p2a: Absol
|faint|p1a: Gastrodon
|
|-damage|p2a: Absol|61\/271 brn|[from] brn
|-message|YoungLegend forfeited.
|
|win|RowDog
|raw|Ladder updating...
|raw|RowDog's rating: 1631 &rarr; <strong>1645<\/strong><br \/>(+14 for winning)
|raw|YoungLegend's rating: 1515 &rarr; <strong>1501<\/strong><br \/>(-14 for losing)
|leave|YoungLegend
|player|p2