|join|RowDog
|join|3D Gameboy
|player|p1|RowDog|80
|player|p2|3D Gameboy|52
|gametype|singles
|gen|6
|tier|UU
|rated
|rule|Sleep Clause Mod: Limit one foe put to sleep
|rule|Species Clause: Limit one of each Pokémon
|rule|OHKO Clause: OHKO moves are banned
|rule|Moody Clause: Moody is banned
|rule|Evasion Moves Clause: Evasion moves are banned
|rule|Endless Battle Clause: Forcing endless battles is banned
|rule|HP Percentage Mod: HP is shown in percentages
|clearpoke
|poke|p1|Zygarde
|poke|p1|Tentacruel, M
|poke|p1|Fletchinder, M
|poke|p1|Audino, F
|poke|p1|Shaymin
|poke|p1|Bronzong
|poke|p2|Porygon-Z, shiny
|poke|p2|Mienshao, F, shiny
|poke|p2|Vaporeon, M
|poke|p2|Aggron, M, shiny
|poke|p2|Roserade, F
|poke|p2|Donphan, M
|rule|Swagger Clause: Swagger is banned
|rule|Baton Pass Clause: Limit one Pokémon knowing Baton Pass
|teampreview
|
|start
|switch|p1a: Fletchinder|Fletchinder, M|327\/327
|switch|p2a: Mienshao|Mienshao, F, shiny|271\/271
|turn|1
|
|switch|p2a: Aggron|Aggron, M, shiny|344\/344
|move|p1a: Fletchinder|Will-O-Wisp|p2a: Aggron
|-status|p2a: Aggron|brn
|
|-damage|p2a: Aggron|301\/344 brn|[from] brn
|turn|2
|
|switch|p1a: Tentacruel|Tentacruel, M|361\/361
|detailschange|p2a: Aggron|Aggron-Mega, M, shiny
|message|Aggron has Mega Evolved into Mega Aggron!
|move|p2a: Aggron|Stealth Rock|p1a: Tentacruel
|-sidestart|p1: RowDog|move: Stealth Rock
|
|-damage|p2a: Aggron|258\/344 brn|[from] brn
|turn|3
|
|switch|p2a: Vaporeon|Vaporeon, M|464\/464
|move|p1a: Tentacruel|Rapid Spin|p2a: Vaporeon
|-damage|p2a: Vaporeon|452\/464
|-sideend|p1: RowDog|Stealth Rock|[from] move: Rapid Spin|[of] p1a: Tentacruel
|
|-heal|p2a: Vaporeon|464\/464|[from] item: Leftovers
|turn|4
|
|switch|p1a: Shaymin|Shaymin|341\/341
|move|p2a: Vaporeon|Heal Bell|p2a: Vaporeon
|-cureteam|p2a: Vaporeon|[from] move: HealBell
|
|turn|5
|
|switch|p2a: Roserade|Roserade, F|324\/324
|move|p1a: Shaymin|Seed Flare|p2a: Roserade
|-resisted|p2a: Roserade
|-damage|p2a: Roserade|288\/324
|-damage|p1a: Shaymin|307\/341|[from] item: Life Orb
|
|-heal|p2a: Roserade|308\/324|[from] item: Black Sludge
|turn|6
|
|move|p1a: Shaymin|Psychic|p2a: Roserade
|-supereffective|p2a: Roserade
|-damage|p2a: Roserade|131\/324
|-damage|p1a: Shaymin|273\/341|[from] item: Life Orb
|move|p2a: Roserade|Sludge Bomb|p1a: Shaymin
|-supereffective|p1a: Shaymin
|-damage|p1a: Shaymin|9\/341
|
|-heal|p2a: Roserade|151\/324|[from] item: Black Sludge
|turn|7
|
|switch|p2a: Vaporeon|Vaporeon, M|464\/464
|move|p1a: Shaymin|Rest|p1a: Shaymin
|-status|p1a: Shaymin|slp
|-heal|p1a: Shaymin|341\/341 slp|[silent]
|-status|p1a: Shaymin|slp|[from] move: Rest
|
|turn|8
|
|switch|p1a: Zygarde|Zygarde|404\/404
|-ability|p1a: Zygarde|Aura Break
|move|p2a: Vaporeon|Wish|p2a: Vaporeon
|
|turn|9
|
|move|p1a: Zygarde|Substitute|p1a: Zygarde
|-start|p1a: Zygarde|Substitute
|-damage|p1a: Zygarde|303\/404
|move|p2a: Vaporeon|Scald|p1a: Zygarde
|-activate|p1a: Zygarde|Substitute|[damage]
|
|-heal|p1a: Zygarde|328\/404|[from] item: Leftovers
|turn|10
|
|move|p1a: Zygarde|Coil|p1a: Zygarde
|-boost|p1a: Zygarde|atk|1
|-boost|p1a: Zygarde|def|1
|-boost|p1a: Zygarde|accuracy|1
|move|p2a: Vaporeon|Scald|p1a: Zygarde
|-end|p1a: Zygarde|Substitute
|
|-heal|p1a: Zygarde|353\/404|[from] item: Leftovers
|turn|11
|
|switch|p2a: Donphan|Donphan, M|364\/364
|move|p1a: Zygarde|Substitute|p1a: Zygarde
|-start|p1a: Zygarde|Substitute
|-damage|p1a: Zygarde|252\/404
|
|-heal|p1a: Zygarde|277\/404|[from] item: Leftovers
|turn|12
|
|move|p2a: Donphan|Play Rough|p1a: Zygarde|[miss]
|-miss|p2a: Donphan|p1a: Zygarde
|move|p1a: Zygarde|Dragon Tail|p2a: Donphan
|-damage|p2a: Donphan|271\/364
|drag|p2a: Mienshao|Mienshao, F, shiny|271\/271
|
|-heal|p1a: Zygarde|302\/404|[from] item: Leftovers
|turn|13
|
|move|p2a: Mienshao|U-turn|p1a: Zygarde
|-activate|p1a: Zygarde|Substitute|[damage]
|
|switch|p2a: Aggron|Aggron-Mega, M, shiny|258\/344
|move|p1a: Zygarde|Earthquake|p2a: Aggron
|-supereffective|p2a: Aggron
|-damage|p2a: Aggron|153\/344
|
|-heal|p1a: Zygarde|327\/404|[from] item: Leftovers
|turn|14
|
|move|p1a: Zygarde|Coil|p1a: Zygarde
|-boost|p1a: Zygarde|atk|1
|-boost|p1a: Zygarde|def|1
|-boost|p1a: Zygarde|accuracy|1
|move|p2a: Aggron|Heavy Slam|p1a: Zygarde
|-activate|p1a: Zygarde|Substitute|[damage]
|
|-heal|p1a: Zygarde|352\/404|[from] item: Leftovers
|turn|15
|
|move|p1a: Zygarde|Earthquake|p2a: Aggron
|-supereffective|p2a: Aggron
|-damage|p2a: Aggron|8\/344
|move|p2a: Aggron|Stealth Rock|p1a: Zygarde
|-sidestart|p1: RowDog|move: Stealth Rock
|
|-heal|p1a: Zygarde|377\/404|[from] item: Leftovers
|turn|16
|
|move|p1a: Zygarde|Earthquake|p2a: Aggron
|-supereffective|p2a: Aggron
|-damage|p2a: Aggron|0 fnt
|faint|p2a: Aggron
|
|-heal|p1a: Zygarde|402\/404|[from] item: Leftovers
|
|switch|p2a: Mienshao|Mienshao, F, shiny|271\/271
|turn|17
|
|move|p2a: Mienshao|U-turn|p1a: Zygarde
|-end|p1a: Zygarde|Substitute
|
|switch|p2a: Roserade|Roserade, F|151\/324
|move|p1a: Zygarde|Substitute|p1a: Zygarde
|-start|p1a: Zygarde|Substitute
|-damage|p1a: Zygarde|301\/404
|
|-heal|p1a: Zygarde|326\/404|[from] item: Leftovers
|-heal|p2a: Roserade|171\/324|[from] item: Black Sludge
|turn|18
|
|move|p1a: Zygarde|Earthquake|p2a: Roserade
|-damage|p2a: Roserade|0 fnt
|faint|p2a: Roserade
|
|-heal|p1a: Zygarde|351\/404|[from] item: Leftovers
|-message|3D Gameboy forfeited.
|
|win|RowDog
|raw|Ladder updating...
|leave|3D Gameboy
|player|p2
|raw|RowDog's rating: 1337 &rarr; <strong>1357<\/strong><br \/>(+20 for winning)
|raw|3D Gameboy's rating: 1336 &rarr; <strong>1316<\/strong><br \/>(-20 for losing)