|join|RowDog
|join|eaglehawk
|player|p1|RowDog|80
|player|p2|eaglehawk|235
|gametype|singles
|gen|6
|tier|UU
|rule|Sleep Clause Mod: Limit one foe put to sleep
|rule|Species Clause: Limit one of each Pokémon
|rule|OHKO Clause: OHKO moves are banned
|rule|Moody Clause: Moody is banned
|rule|Evasion Moves Clause: Evasion moves are banned
|rule|Endless Battle Clause: Forcing endless battles is banned
|rule|HP Percentage Mod: HP is shown in percentages
|clearpoke
|poke|p1|Zygarde
|poke|p1|Tentacruel, M
|poke|p1|Fletchinder, M
|poke|p1|Aromatisse, M
|poke|p1|Shaymin
|poke|p1|Bronzong
|poke|p2|Meowstic, M
|poke|p2|Cloyster, F
|poke|p2|Slurpuff, M
|poke|p2|Absol, M
|poke|p2|Raikou
|poke|p2|Fletchinder, M
|rule|Swagger Clause: Swagger is banned
|rule|Baton Pass Clause: Limit one Pokémon knowing Baton Pass
|teampreview
|c|★eaglehawk|aite
|c|★eaglehawk|fite 4 da honor
|
|start
|switch|p1a: Tentacruel|Tentacruel, M|361\/361
|switch|p2a: Meowstic|Meowstic, M|352\/352
|turn|1
|
|move|p2a: Meowstic|Magic Coat|p2a: Meowstic
|-singleturn|p2a: Meowstic|move: Magic Coat
|move|p1a: Tentacruel|Toxic Spikes|p2a: Meowstic
|move|p2a: Meowstic|Toxic Spikes|p1a: Tentacruel|[from]Magic Coat
|-sidestart|p1: RowDog|move: Toxic Spikes
|
|turn|2
|join|waiv
|
|move|p2a: Meowstic|Yawn|p1a: Tentacruel
|-start|p1a: Tentacruel|move: Yawn|[of] p2a: Meowstic
|move|p1a: Tentacruel|Toxic Spikes|p2a: Meowstic
|-sidestart|p2: eaglehawk|move: Toxic Spikes
|
|turn|3
|c| waiv|LOL
|c| waiv|this nigga
|
|move|p2a: Meowstic|Magic Coat|p2a: Meowstic
|-singleturn|p2a: Meowstic|move: Magic Coat
|move|p1a: Tentacruel|Knock Off|p2a: Meowstic
|-supereffective|p2a: Meowstic
|-damage|p2a: Meowstic|268\/352
|-enditem|p2a: Meowstic|Light Clay|[from] move: Knock Off|[of] p1a: Tentacruel
|
|-status|p1a: Tentacruel|slp
|turn|4
|c|★eaglehawk|fuck
|
|switch|p2a: Slurpuff|Slurpuff, M|306\/306
|-status|p2a: Slurpuff|psn
|switch|p1a: Fletchinder|Fletchinder, M|327\/327
|
|-damage|p2a: Slurpuff|268\/306 psn|[from] psn
|turn|5
|c|★eaglehawk|i still have no way to deal with tspikes
|
|move|p1a: Fletchinder|Acrobatics|p2a: Slurpuff
|-damage|p2a: Slurpuff|106\/306 psn
|-enditem|p2a: Slurpuff|Sitrus Berry|[eat]
|-heal|p2a: Slurpuff|182\/306 psn|[from] item: Sitrus Berry
|move|p2a: Slurpuff|Belly Drum|p2a: Slurpuff
|-damage|p2a: Slurpuff|29\/306 psn
|-setboost|p2a: Slurpuff|atk|6|[from] move: Belly Drum
|
|-damage|p2a: Slurpuff|0 fnt|[from] psn
|faint|p2a: Slurpuff
|c| waiv|cause you're team is dumb af
|c| waiv|-_-
|c|★RowDog|ded
|join|watfor
|join|Coltestes
|leave|waiv
|c|★eaglehawk|fuk u meng
|
|switch|p2a: Cloyster|Cloyster, F|242\/242
|-status|p2a: Cloyster|psn
|turn|6
|c|★eaglehawk|my team is genius
|
|switch|p1a: Bronzong|Bronzong|296\/296
|move|p2a: Cloyster|Rock Blast|p1a: Bronzong
|-crit|p1a: Bronzong
|-resisted|p1a: Bronzong
|-damage|p1a: Bronzong|282\/296
|-resisted|p1a: Bronzong
|-damage|p1a: Bronzong|272\/296
|-resisted|p1a: Bronzong
|-damage|p1a: Bronzong|262\/296
|-resisted|p1a: Bronzong
|-damage|p1a: Bronzong|252\/296
|-resisted|p1a: Bronzong
|-damage|p1a: Bronzong|242\/296
|-hitcount|p1a: Bronzong|5
|
|-heal|p1a: Bronzong|260\/296|[from] item: Leftovers
|-damage|p2a: Cloyster|212\/242 psn|[from] psn
|turn|7
|c|★eaglehawk|you're just haters
|
|move|p2a: Cloyster|Shell Smash|p2a: Cloyster
|-boost|p2a: Cloyster|atk|2
|-boost|p2a: Cloyster|spa|2
|-boost|p2a: Cloyster|spe|2
|-unboost|p2a: Cloyster|def|1
|-unboost|p2a: Cloyster|spd|1
|move|p1a: Bronzong|Gyro Ball|p2a: Cloyster
|-damage|p2a: Cloyster|61\/242 psn
|
|-heal|p1a: Bronzong|278\/296|[from] item: Leftovers
|-damage|p2a: Cloyster|31\/242 psn|[from] psn
|turn|8
|c| watfor|nice
|c| watfor|smash
|
|move|p2a: Cloyster|Icicle Spear|p1a: Bronzong
|-resisted|p1a: Bronzong
|-damage|p1a: Bronzong|248\/296
|-resisted|p1a: Bronzong
|-damage|p1a: Bronzong|216\/296
|-resisted|p1a: Bronzong
|-damage|p1a: Bronzong|185\/296
|-resisted|p1a: Bronzong
|-damage|p1a: Bronzong|153\/296
|-resisted|p1a: Bronzong
|-damage|p1a: Bronzong|125\/296
|-hitcount|p1a: Bronzong|5
|move|p1a: Bronzong|Gyro Ball|p2a: Cloyster
|-damage|p2a: Cloyster|0 fnt
|faint|p2a: Cloyster
|
|-heal|p1a: Bronzong|143\/296|[from] item: Leftovers
|join|Bob the Bro
|join|waiv
|
|switch|p2a: Absol|Absol, M|271\/271
|-status|p2a: Absol|psn
|turn|9
|leave|waiv
|
|switch|p1a: Aromatisse|Aromatisse, M|406\/406
|-status|p1a: Aromatisse|psn
|detailschange|p2a: Absol|Absol-Mega, M
|message|Absol has Mega Evolved into Mega Absol!
|move|p2a: Absol|Swords Dance|p2a: Absol
|-boost|p2a: Absol|atk|2
|
|-damage|p2a: Absol|238\/271 psn|[from] psn
|-damage|p1a: Aromatisse|356\/406 psn|[from] psn
|turn|10
|c| watfor|i love how you are using a fletch team without
|c| watfor|defog
|c|★RowDog|me or him?
|c| watfor|him
|c|★RowDog|right
|c| watfor|defog or spin i mean
|
|move|p2a: Absol|Play Rough|p1a: Aromatisse
|-damage|p1a: Aromatisse|148\/406 psn
|move|p1a: Aromatisse|Moonblast|p2a: Absol
|-supereffective|p2a: Absol
|-damage|p2a: Absol|0 fnt
|faint|p2a: Absol
|
|-heal|p1a: Aromatisse|173\/406 psn|[from] item: Leftovers
|-damage|p1a: Aromatisse|123\/406 psn|[from] psn
|c|★RowDog|yeah
|join|waiv
|leave|waiv
|c| watfor|if he used espeon over meowstic i'd understand that decision
|c|★eaglehawk|fuck
|c|★eaglehawk|not again
|c|★eaglehawk|i quite pokemon
|-message|eaglehawk forfeited.
|
|win|RowDog
|c| watfor|wot
|leave|eaglehawk
|player|p2
|c|★RowDog|VICTORY!
|c| watfor|lol