|join|xShiba
|join|RowDog
|player|p1|xShiba|260
|player|p2|RowDog|80
|gametype|singles
|gen|6
|tier|UU
|rated
|rule|Sleep Clause Mod: Limit one foe put to sleep
|rule|Species Clause: Limit one of each Pokémon
|rule|OHKO Clause: OHKO moves are banned
|rule|Moody Clause: Moody is banned
|rule|Evasion Moves Clause: Evasion moves are banned
|rule|Endless Battle Clause: Forcing endless battles is banned
|rule|HP Percentage Mod: HP is shown in percentages
|clearpoke
|poke|p1|Aerodactyl, M
|poke|p1|Hydreigon, M, shiny
|poke|p1|Porygon-Z, shiny
|poke|p1|Mienshao, M
|poke|p1|Starmie, shiny
|poke|p1|Celebi
|poke|p2|Whimsicott, M
|poke|p2|Hydreigon, M, shiny
|poke|p2|Nidoqueen, F
|poke|p2|Cloyster, M, shiny
|poke|p2|Forretress, M
|poke|p2|Fletchinder, M, shiny
|rule|Swagger Clause: Swagger is banned
|rule|Baton Pass Clause: Limit one Pokémon knowing Baton Pass
|teampreview
|
|start
|switch|p1a: Floppy The God|Mienshao, M|271\/271
|switch|p2a: Whimsicott|Whimsicott, M|261\/261
|turn|1
|
|move|p1a: Floppy The God|U-turn|p2a: Whimsicott
|-damage|p2a: Whimsicott|168\/261
|
|switch|p1a: Ultimate Terror|Aerodactyl, M|301\/301
|-ability|p1a: Ultimate Terror|Unnerve|p2: RowDog
|move|p2a: Whimsicott|Moonblast|p1a: Ultimate Terror
|-damage|p1a: Ultimate Terror|127\/301
|-unboost|p1a: Ultimate Terror|spa|1
|
|turn|2
|
|switch|p2a: Forretress|Forretress, M|353\/353
|detailschange|p1a: Ultimate Terror|Aerodactyl-Mega, M
|message|Aerodactyl has Mega Evolved into Mega Aerodactyl!
|move|p1a: Ultimate Terror|Aerial Ace|p2a: Forretress
|-damage|p2a: Forretress|250\/353
|
|-heal|p2a: Forretress|272\/353|[from] item: Leftovers
|turn|3
|
|switch|p1a: Healthy Diet|Celebi|404\/404
|move|p2a: Forretress|Volt Switch|p1a: Healthy Diet
|-resisted|p1a: Healthy Diet
|-damage|p1a: Healthy Diet|391\/404
|
|switch|p2a: Nidoqueen|Nidoqueen, F|363\/363
|
|turn|4
|
|move|p1a: Healthy Diet|Baton Pass|p1a: Healthy Diet
|
|switch|p1a: Wrecking Face|Porygon-Z, shiny|311\/311
|move|p2a: Nidoqueen|Sludge Wave|p1a: Wrecking Face
|-damage|p1a: Wrecking Face|52\/311
|
|turn|5
|
|move|p1a: Wrecking Face|Tri Attack|p2a: Nidoqueen
|-damage|p2a: Nidoqueen|7\/363
|move|p2a: Nidoqueen|Stealth Rock|p1a: Wrecking Face
|-sidestart|p1: xShiba|move: Stealth Rock
|
|turn|6
|
|move|p1a: Wrecking Face|Tri Attack|p2a: Nidoqueen
|-damage|p2a: Nidoqueen|0 fnt
|faint|p2a: Nidoqueen
|
|
|switch|p2a: Fletchinder|Fletchinder, M, shiny|291\/291
|turn|7
|
|move|p2a: Fletchinder|Acrobatics|p1a: Wrecking Face
|-damage|p1a: Wrecking Face|0 fnt
|faint|p1a: Wrecking Face
|
|
|switch|p1a: 5-Star'd|Starmie, shiny|324\/324
|-damage|p1a: 5-Star'd|284\/324|[from] Stealth Rock
|turn|8
|
|switch|p2a: Hydreigon|Hydreigon, M, shiny|325\/325
|move|p1a: 5-Star'd|Scald|p2a: Hydreigon
|-resisted|p2a: Hydreigon
|-damage|p2a: Hydreigon|276\/325
|
|-heal|p1a: 5-Star'd|304\/324|[from] item: Leftovers
|turn|9
|
|switch|p1a: Hail Hydra|Hydreigon, M, shiny|325\/325
|-damage|p1a: Hail Hydra|285\/325|[from] Stealth Rock
|move|p2a: Hydreigon|Dark Pulse|p1a: Hail Hydra
|-resisted|p1a: Hail Hydra
|-damage|p1a: Hail Hydra|215\/325
|
|turn|10
|
|move|p2a: Hydreigon|Dark Pulse|p1a: Hail Hydra
|-resisted|p1a: Hail Hydra
|-damage|p1a: Hail Hydra|141\/325
|move|p1a: Hail Hydra|Dark Pulse|p2a: Hydreigon
|-resisted|p2a: Hydreigon
|-damage|p2a: Hydreigon|182\/325
|-damage|p1a: Hail Hydra|109\/325|[from] item: Life Orb
|
|turn|11
|
|switch|p2a: Whimsicott|Whimsicott, M|168\/261
|move|p1a: Hail Hydra|Roost|p1a: Hail Hydra
|-heal|p1a: Hail Hydra|272\/325
|
|turn|12
|
|switch|p1a: 5-Star'd|Starmie, shiny|304\/324
|-damage|p1a: 5-Star'd|264\/324|[from] Stealth Rock
|move|p2a: Whimsicott|Moonblast|p1a: 5-Star'd
|-damage|p1a: 5-Star'd|89\/324
|
|-heal|p1a: 5-Star'd|109\/324|[from] item: Leftovers
|turn|13
|
|switch|p1a: Healthy Diet|Celebi|391\/404
|-damage|p1a: Healthy Diet|341\/404|[from] Stealth Rock
|move|p2a: Whimsicott|U-turn|p1a: Healthy Diet
|-supereffective|p1a: Healthy Diet
|-damage|p1a: Healthy Diet|197\/404
|-enditem|p1a: Healthy Diet|Weakness Policy
|-boost|p1a: Healthy Diet|atk|2|[from] item: Weakness Policy
|-boost|p1a: Healthy Diet|spa|2|[from] item: Weakness Policy
|
|switch|p2a: Fletchinder|Fletchinder, M, shiny|291\/291
|
|turn|14
|
|move|p1a: Healthy Diet|Baton Pass|p1a: Healthy Diet
|
|switch|p1a: Hail Hydra|Hydreigon, M, shiny|272\/325
|-damage|p1a: Hail Hydra|232\/325|[from] Stealth Rock
|move|p2a: Fletchinder|Swords Dance|p2a: Fletchinder
|-boost|p2a: Fletchinder|atk|2
|
|turn|15
|
|move|p2a: Fletchinder|Acrobatics|p1a: Hail Hydra
|-damage|p1a: Hail Hydra|0 fnt
|faint|p1a: Hail Hydra
|
|
|switch|p1a: Ultimate Terror|Aerodactyl-Mega, M|127\/301
|-damage|p1a: Ultimate Terror|52\/301|[from] Stealth Rock
|turn|16
|
|move|p2a: Fletchinder|Acrobatics|p1a: Ultimate Terror
|-resisted|p1a: Ultimate Terror
|-damage|p1a: Ultimate Terror|0 fnt
|faint|p1a: Ultimate Terror
|
|
|switch|p1a: 5-Star'd|Starmie, shiny|109\/324
|-damage|p1a: 5-Star'd|69\/324|[from] Stealth Rock
|turn|17
|
|move|p2a: Fletchinder|Acrobatics|p1a: 5-Star'd
|-damage|p1a: 5-Star'd|0 fnt
|faint|p1a: 5-Star'd
|
|-message|xShiba forfeited.
|
|win|RowDog
|raw|Ladder updating...
|c|★RowDog|gg
|raw|xShiba's rating: 1525 &rarr; <strong>1500<\/strong><br \/>(-25 for losing)
|raw|RowDog's rating: 1427 &rarr; <strong>1452<\/strong><br \/>(+25 for winning)
|leave|xShiba
|player|p1