|join|RowDog
|join|ChoiceSpec
|player|p1|RowDog|80
|player|p2|ChoiceSpec|1
|gametype|singles
|gen|6
|tier|UU
|rated
|rule|Sleep Clause Mod: Limit one foe put to sleep
|rule|Species Clause: Limit one of each Pokémon
|rule|OHKO Clause: OHKO moves are banned
|rule|Moody Clause: Moody is banned
|rule|Evasion Moves Clause: Evasion moves are banned
|rule|Endless Battle Clause: Forcing endless battles is banned
|rule|HP Percentage Mod: HP is shown in percentages
|clearpoke
|poke|p1|Aromatisse, M
|poke|p1|Doublade, F
|poke|p1|Blissey, F
|poke|p1|Dragalge, F
|poke|p1|Crobat, F
|poke|p1|Gastrodon, M
|poke|p2|Serperior, M
|poke|p2|Whimsicott, M
|poke|p2|Sharpedo, M
|poke|p2|Tornadus, M
|poke|p2|Aerodactyl, M
|poke|p2|Cobalion
|rule|Swagger Clause: Swagger is banned
|rule|Baton Pass Clause: Limit one Pokémon knowing Baton Pass
|teampreview
|c|★ChoiceSpec|this is a very interesting team.
|c|★ChoiceSpec|i am impressed.
|c|★RowDog|yours too
|c|★ChoiceSpec|yours isnt the typical
|c|★ChoiceSpec|florges
|c|★ChoiceSpec|swampert
|c|★ChoiceSpec|that crap
|c|★ChoiceSpec|chandelure etc
|c|★ChoiceSpec|most teams look the same in UU
|
|start
|switch|p1a: Doublade|Doublade, F|319\/319
|switch|p2a: Christy Mack|Aerodactyl, M|301\/301
|-ability|p2a: Christy Mack|Unnerve|p1: RowDog
|turn|1
|
|move|p2a: Christy Mack|Taunt|p1a: Doublade
|-start|p1a: Doublade|move: Taunt
|move|p1a: Doublade|Iron Head|p2a: Christy Mack
|-supereffective|p2a: Christy Mack
|-enditem|p2a: Christy Mack|Focus Sash
|-damage|p2a: Christy Mack|1\/301
|
|turn|2
|
|switch|p2a: Sasha Grey|Cobalion|331\/331
|-item|p2a: Sasha Grey|Air Balloon
|move|p1a: Doublade|Shadow Sneak|p2a: Sasha Grey
|-damage|p2a: Sasha Grey|273\/331
|-enditem|p2a: Sasha Grey|Air Balloon
|
|turn|3
|
|move|p2a: Sasha Grey|Swords Dance|p2a: Sasha Grey
|-boost|p2a: Sasha Grey|atk|2
|move|p1a: Doublade|Sacred Sword|p2a: Sasha Grey
|-supereffective|p2a: Sasha Grey
|-damage|p2a: Sasha Grey|111\/331
|
|-end|p1a: Doublade|move: Taunt
|turn|4
|
|move|p2a: Sasha Grey|Iron Head|p1a: Doublade
|-resisted|p1a: Doublade
|-damage|p1a: Doublade|258\/319
|cant|p1a: Doublade|flinch
|
|turn|5
|c|★ChoiceSpec|fuck ive never seen this guy in uu
|c|★ChoiceSpec|def using him
|c|★RowDog|He has a good niche
|
|move|p2a: Sasha Grey|Iron Head|p1a: Doublade
|-resisted|p1a: Doublade
|-damage|p1a: Doublade|201\/319
|cant|p1a: Doublade|flinch
|
|turn|6
|
|move|p1a: Doublade|Shadow Sneak|p2a: Sasha Grey
|-damage|p2a: Sasha Grey|56\/331
|move|p2a: Sasha Grey|Iron Head|p1a: Doublade
|-resisted|p1a: Doublade
|-damage|p1a: Doublade|143\/319
|
|turn|7
|
|switch|p2a: Sharpedo|Sharpedo, M|281\/281
|move|p1a: Doublade|Shadow Sneak|p2a: Sharpedo
|-resisted|p2a: Sharpedo
|-damage|p2a: Sharpedo|212\/281
|
|turn|8
|
|switch|p1a: Aromatisse|Aromatisse, M|406\/406
|detailschange|p2a: Sharpedo|Sharpedo-Mega, M
|-mega|p2a: Sharpedo|Sharpedo|Sharpedonite
|move|p2a: Sharpedo|Crunch|p1a: Aromatisse
|-resisted|p1a: Aromatisse
|-damage|p1a: Aromatisse|301\/406
|-unboost|p1a: Aromatisse|def|1
|
|-heal|p1a: Aromatisse|326\/406|[from] item: Leftovers
|turn|9
|c|★ChoiceSpec|what do these pokes do omg..
|
|switch|p1a: Gastrodon|Gastrodon, M|426\/426
|move|p2a: Sharpedo|Waterfall|p1a: Gastrodon
|-boost|p1a: Gastrodon|spa|1|[from] ability: Storm Drain
|
|turn|10
|
|switch|p2a: Asa Akira|Whimsicott, M|324\/324
|move|p1a: Gastrodon|Earthquake|p2a: Asa Akira
|-resisted|p2a: Asa Akira
|-damage|p2a: Asa Akira|268\/324
|-enditem|p2a: Asa Akira|Red Card|[of] p1a: Gastrodon
|drag|p1a: Dragalge|Dragalge, F|334\/334
|
|turn|11
|
|move|p2a: Asa Akira|Taunt|p1a: Dragalge
|-start|p1a: Dragalge|move: Taunt
|cant|p1a: Dragalge|move: Taunt|Toxic Spikes
|
|turn|12
|c|★ChoiceSpec|the higher i go up the ladder the more stallish teams i see
|c|★ChoiceSpec|and i see that guy a lot ^ too
|c|★RowDog|lol, I’ve been using this guy before it got adaptability
|c|★ChoiceSpec|it gets adaptibility?
|c|★ChoiceSpec|my god
|
|switch|p2a: Sasha Grey|Cobalion|56\/331
|move|p1a: Dragalge|Sludge Bomb|p2a: Sasha Grey
|-immune|p2a: Sasha Grey|[msg]
|
|turn|13
|
|move|p2a: Sasha Grey|Iron Head|p1a: Dragalge
|-damage|p1a: Dragalge|231\/334
|cant|p1a: Dragalge|flinch
|
|-heal|p1a: Dragalge|251\/334|[from] item: Black Sludge
|-end|p1a: Dragalge|move: Taunt
|turn|14
|
|move|p2a: Sasha Grey|Iron Head|p1a: Dragalge
|-damage|p1a: Dragalge|163\/334
|move|p1a: Dragalge|Toxic Spikes|p2a: Sasha Grey
|-sidestart|p2: ChoiceSpec|move: Toxic Spikes
|
|-heal|p1a: Dragalge|183\/334|[from] item: Black Sludge
|turn|15
|
|move|p2a: Sasha Grey|Swords Dance|p2a: Sasha Grey
|-boost|p2a: Sasha Grey|atk|2
|move|p1a: Dragalge|Scald|p2a: Sasha Grey
|-damage|p2a: Sasha Grey|0 fnt
|faint|p2a: Sasha Grey
|
|-heal|p1a: Dragalge|203\/334|[from] item: Black Sludge
|c|★ChoiceSpec|and it gets scald?@!??!!??!
|c|★RowDog|yep
|c|★ChoiceSpec|cant win
|c|★RowDog|It’s prior evo was Water\/Poison
|c|★RowDog|!dt Skrelp
|c|~|\/data-pokemon Skrelp
|raw|<font size="1"><font color=#585858>Dex#:<\/font> 690&nbsp;|&ThickSpace;<font color=#585858>Height:<\/font> 0.5 m&nbsp;|&ThickSpace;<font color=#585858>Weight:<\/font> 7.3 kg <em>(20 BP)<\/em>&nbsp;|&ThickSpace;<font color=#585858>Dex Colour:<\/font> Brown&nbsp;|&ThickSpace;<font color=#585858>Egg Group(s):<\/font> Water 1, Dragon&nbsp;|&ThickSpace;<font color=#585858>Evolution:<\/font> Dragalge (48)<\/font>
|
|switch|p2a: Christy Mack|Aerodactyl, M|1\/301
|-ability|p2a: Christy Mack|Unnerve|p1: RowDog
|turn|16
|
|move|p2a: Christy Mack|Rock Slide|p1a: Dragalge
|-damage|p1a: Dragalge|113\/334
|cant|p1a: Dragalge|flinch
|
|-heal|p1a: Dragalge|133\/334|[from] item: Black Sludge
|turn|17
|c|★RowDog|aha, getting a lot of flniches
|
|move|p2a: Christy Mack|Stealth Rock|p1a: Dragalge
|-sidestart|p1: RowDog|move: Stealth Rock
|move|p1a: Dragalge|Sludge Bomb|p2a: Christy Mack
|-resisted|p2a: Christy Mack
|-damage|p2a: Christy Mack|0 fnt
|faint|p2a: Christy Mack
|
|-heal|p1a: Dragalge|153\/334|[from] item: Black Sludge
|c|★ChoiceSpec|30 percent man
|c|★RowDog|ik
|
|switch|p2a: Rachel Starr|Tornadus, M|299\/299
|turn|18
|
|move|p2a: Rachel Starr|Air Slash|p1a: Dragalge
|-damage|p1a: Dragalge|47\/334
|cant|p1a: Dragalge|flinch
|
|-heal|p1a: Dragalge|67\/334|[from] item: Black Sludge
|turn|19
|
|move|p2a: Rachel Starr|Air Slash|p1a: Dragalge|[miss]
|-miss|p2a: Rachel Starr|p1a: Dragalge
|move|p1a: Dragalge|Sludge Bomb|p2a: Rachel Starr
|-damage|p2a: Rachel Starr|143\/299
|-status|p2a: Rachel Starr|psn
|
|-heal|p2a: Rachel Starr|161\/299 psn|[from] item: Leftovers
|-heal|p1a: Dragalge|87\/334|[from] item: Black Sludge
|-damage|p2a: Rachel Starr|124\/299 psn|[from] psn
|turn|20
|c|★ChoiceSpec|gotta be kidding me
|c|★ChoiceSpec|right now
|
|move|p2a: Rachel Starr|Air Slash|p1a: Dragalge
|-damage|p1a: Dragalge|0 fnt
|faint|p1a: Dragalge
|
|-heal|p2a: Rachel Starr|142\/299 psn|[from] item: Leftovers
|-damage|p2a: Rachel Starr|105\/299 psn|[from] psn
|-message|ChoiceSpec forfeited.
|
|win|RowDog
|raw|Ladder updating...
|leave|ChoiceSpec
|player|p2
|raw|RowDog's rating: 1521 &rarr; <strong>1537<\/strong><br \/>(+16 for winning)
|raw|ChoiceSpec's rating: 1445 &rarr; <strong>1429<\/strong><br \/>(-16 for losing)