|join|lil manaphy
|join|1800Rekt
|player|p1|lil manaphy|8
|player|p2|1800Rekt|270
|gametype|singles
|gen|6
|tier|OU
|rated
|clearpoke
|poke|p1|Lopunny, F
|poke|p1|Rotom-Wash
|poke|p1|Gothitelle, M
|poke|p1|Mandibuzz, F
|poke|p1|Heatran, F
|poke|p1|Celebi
|poke|p2|Sceptile, M, shiny
|poke|p2|Rotom-Wash, shiny
|poke|p2|Landorus-Therian, M, shiny
|poke|p2|Empoleon, M, shiny
|poke|p2|Conkeldurr, M
|poke|p2|Victini
|rule|Swagger Clause: Swagger is banned
|rule|Baton Pass Clause: Limit one Pokémon knowing Baton Pass
|rule|Sleep Clause Mod: Limit one foe put to sleep
|rule|Species Clause: Limit one of each Pokémon
|rule|OHKO Clause: OHKO moves are banned
|rule|Moody Clause: Moody is banned
|rule|Evasion Moves Clause: Evasion moves are banned
|rule|Endless Battle Clause: Forcing endless battles is banned
|rule|HP Percentage Mod: HP is shown in percentages
|teampreview
|
|start
|switch|p1a: Lopunny|Lopunny, F|271\/271
|switch|p2a: Rotom-Wash|Rotom-Wash, shiny|304\/304
|turn|1
|
|detailschange|p1a: Lopunny|Lopunny-Mega, F
|message|Lopunny has Mega Evolved into Mega Lopunny!
|move|p1a: Lopunny|Fake Out|p2a: Rotom-Wash
|-damage|p2a: Rotom-Wash|252\/304
|cant|p2a: Rotom-Wash|flinch
|
|-heal|p2a: Rotom-Wash|271\/304|[from] item: Leftovers
|turn|2
|
|switch|p1a: Celebi|Celebi|404\/404
|move|p2a: Rotom-Wash|Volt Switch|p1a: Celebi
|-resisted|p1a: Celebi
|-damage|p1a: Celebi|372\/404
|
|switch|p2a: Victini|Victini|355\/355
|
|-heal|p1a: Celebi|397\/404|[from] item: Leftovers
|turn|3
|
|switch|p1a: Rotom-Wash|Rotom-Wash|303\/303
|move|p2a: Victini|U-turn|p1a: Rotom-Wash
|-damage|p1a: Rotom-Wash|229\/303
|
|switch|p2a: Sceptile|Sceptile, M, shiny|285\/285
|
|-heal|p1a: Rotom-Wash|247\/303|[from] item: Leftovers
|turn|4
|
|switch|p1a: Celebi|Celebi|397\/404
|detailschange|p2a: Sceptile|Sceptile-Mega, M, shiny
|message|Sceptile has Mega Evolved into Mega Sceptile!
|move|p2a: Sceptile|Dragon Pulse|p1a: Celebi
|-crit|p1a: Celebi
|-damage|p1a: Celebi|208\/404
|
|-heal|p1a: Celebi|233\/404|[from] item: Leftovers
|turn|5
|
|move|p2a: Sceptile|Dragon Pulse|p1a: Celebi
|-damage|p1a: Celebi|122\/404
|move|p1a: Celebi|Recover|p1a: Celebi
|-heal|p1a: Celebi|324\/404
|
|-heal|p1a: Celebi|349\/404|[from] item: Leftovers
|turn|6
|
|switch|p2a: Victini|Victini|355\/355
|move|p1a: Celebi|Giga Drain|p2a: Victini
|-resisted|p2a: Victini
|-damage|p2a: Victini|310\/355
|-heal|p1a: Celebi|372\/404|[from] drain|[of] p2a: Victini
|
|-heal|p1a: Celebi|397\/404|[from] item: Leftovers
|turn|7
|
|switch|p1a: Heatran|Heatran, F|386\/386
|move|p2a: Victini|U-turn|p1a: Heatran
|-resisted|p1a: Heatran
|-damage|p1a: Heatran|360\/386
|
|switch|p2a: Conkeldurr|Conkeldurr, M|400\/400
|
|-heal|p1a: Heatran|384\/386|[from] item: Leftovers
|turn|8
|
|switch|p1a: Mandibuzz|Mandibuzz, F|424\/424
|switch|p2a: Victini|Victini|310\/355
|
|turn|9
|
|switch|p1a: Heatran|Heatran, F|384\/386
|move|p2a: Victini|Bolt Strike|p1a: Heatran
|-damage|p1a: Heatran|169\/386
|
|-heal|p1a: Heatran|193\/386|[from] item: Leftovers
|turn|10
|
|switch|p2a: Landorus-Therian|Landorus-Therian, M, shiny|327\/327
|-ability|p2a: Landorus-Therian|Intimidate|[of] p1a: Heatran
|-unboost|p1a: Heatran|atk|1
|switch|p1a: Celebi|Celebi|397\/404
|
|-heal|p1a: Celebi|404\/404|[from] item: Leftovers
|turn|11
|
|switch|p1a: Mandibuzz|Mandibuzz, F|424\/424
|move|p2a: Landorus-Therian|U-turn|p1a: Mandibuzz
|-damage|p1a: Mandibuzz|356\/424
|
|switch|p2a: Victini|Victini|310\/355
|
|-heal|p1a: Mandibuzz|382\/424|[from] item: Leftovers
|turn|12
|
|move|p2a: Victini|Bolt Strike|p1a: Mandibuzz|[miss]
|-miss|p2a: Victini|p1a: Mandibuzz
|move|p1a: Mandibuzz|Foul Play|p2a: Victini
|-supereffective|p2a: Victini
|-damage|p2a: Victini|0 fnt
|faint|p2a: Victini
|
|-heal|p1a: Mandibuzz|408\/424|[from] item: Leftovers
|
|switch|p2a: Rotom-Wash|Rotom-Wash, shiny|271\/304
|turn|13
|
|switch|p1a: Celebi|Celebi|404\/404
|move|p2a: Rotom-Wash|Volt Switch|p1a: Celebi
|-resisted|p1a: Celebi
|-damage|p1a: Celebi|369\/404
|
|switch|p2a: Landorus-Therian|Landorus-Therian, M, shiny|327\/327
|-ability|p2a: Landorus-Therian|Intimidate|[of] p1a: Celebi
|-unboost|p1a: Celebi|atk|1
|
|-heal|p1a: Celebi|394\/404|[from] item: Leftovers
|turn|14
|
|switch|p1a: Heatran|Heatran, F|193\/386
|move|p2a: Landorus-Therian|U-turn|p1a: Heatran
|-resisted|p1a: Heatran
|-damage|p1a: Heatran|171\/386
|
|switch|p2a: Sceptile|Sceptile-Mega, M, shiny|285\/285
|
|-heal|p1a: Heatran|195\/386|[from] item: Leftovers
|turn|15
|
|move|p1a: Heatran|Protect|p1a: Heatran
|-singleturn|p1a: Heatran|Protect
|move|p2a: Sceptile|Earthquake|p1a: Heatran
|-activate|p1a: Heatran|Protect
|
|-heal|p1a: Heatran|219\/386|[from] item: Leftovers
|turn|16
|
|switch|p2a: Empoleon|Empoleon, M, shiny|372\/372
|switch|p1a: Celebi|Celebi|394\/404
|
|-heal|p1a: Celebi|404\/404|[from] item: Leftovers
|turn|17
|
|move|p1a: Celebi|Baton Pass|p1a: Celebi
|
|switch|p1a: Gothitelle|Gothitelle, M|301\/301
|move|p2a: Empoleon|Stealth Rock|p1a: Gothitelle
|-sidestart|p1: lil manaphy|move: Stealth Rock
|
|turn|18
|
|move|p1a: Gothitelle|Trick|p2a: Empoleon
|-activate|p1a: Gothitelle|move: Trick|[of] p2a: Empoleon
|-item|p2a: Empoleon|Choice Scarf|[from] move: Trick
|-item|p1a: Gothitelle|Leftovers|[from] move: Trick
|move|p2a: Empoleon|Roar|p1a: Gothitelle
|drag|p1a: Lopunny|Lopunny-Mega, F|271\/271
|-damage|p1a: Lopunny|255\/271|[from] Stealth Rock
|
|turn|19
|
|move|p1a: Lopunny|Ice Punch|p2a: Empoleon
|-resisted|p2a: Empoleon
|-damage|p2a: Empoleon|350\/372
|move|p2a: Empoleon|Roar|p1a: Lopunny
|drag|p1a: Mandibuzz|Mandibuzz, F|408\/424
|-damage|p1a: Mandibuzz|302\/424|[from] Stealth Rock
|
|-heal|p1a: Mandibuzz|328\/424|[from] item: Leftovers
|turn|20
|
|switch|p2a: Rotom-Wash|Rotom-Wash, shiny|271\/304
|move|p1a: Mandibuzz|Defog|p2a: Rotom-Wash
|-unboost|p2a: Rotom-Wash|evasion|1
|-sideend|p1: lil manaphy|Stealth Rock|[from] move: Defog|[of] p1a: Mandibuzz
|
|-heal|p2a: Rotom-Wash|290\/304|[from] item: Leftovers
|-heal|p1a: Mandibuzz|354\/424|[from] item: Leftovers
|turn|21
|
|switch|p1a: Celebi|Celebi|404\/404
|move|p2a: Rotom-Wash|Volt Switch|p1a: Celebi
|-resisted|p1a: Celebi
|-damage|p1a: Celebi|371\/404
|
|switch|p2a: Landorus-Therian|Landorus-Therian, M, shiny|327\/327
|-ability|p2a: Landorus-Therian|Intimidate|[of] p1a: Celebi
|-unboost|p1a: Celebi|atk|1
|
|-heal|p1a: Celebi|396\/404|[from] item: Leftovers
|turn|22
|
|switch|p1a: Rotom-Wash|Rotom-Wash|247\/303
|move|p2a: Landorus-Therian|U-turn|p1a: Rotom-Wash
|-damage|p1a: Rotom-Wash|183\/303
|
|switch|p2a: Conkeldurr|Conkeldurr, M|400\/400
|
|-heal|p1a: Rotom-Wash|201\/303|[from] item: Leftovers
|turn|23
|
|move|p1a: Rotom-Wash|Volt Switch|p2a: Conkeldurr
|-crit|p2a: Conkeldurr
|-damage|p2a: Conkeldurr|292\/400
|
|switch|p1a: Mandibuzz|Mandibuzz, F|354\/424
|move|p2a: Conkeldurr|Poison Jab|p1a: Mandibuzz
|-damage|p1a: Mandibuzz|275\/424
|
|-heal|p1a: Mandibuzz|301\/424|[from] item: Leftovers
|turn|24
|
|move|p1a: Mandibuzz|Foul Play|p2a: Conkeldurr
|-resisted|p2a: Conkeldurr
|-damage|p2a: Conkeldurr|185\/400
|move|p2a: Conkeldurr|Poison Jab|p1a: Mandibuzz
|-crit|p1a: Mandibuzz
|-damage|p1a: Mandibuzz|185\/424
|
|-heal|p1a: Mandibuzz|211\/424|[from] item: Leftovers
|turn|25
|
|move|p1a: Mandibuzz|Foul Play|p2a: Conkeldurr
|-resisted|p2a: Conkeldurr
|-damage|p2a: Conkeldurr|89\/400
|move|p2a: Conkeldurr|Drain Punch|p1a: Mandibuzz
|-damage|p1a: Mandibuzz|93\/424
|-heal|p2a: Conkeldurr|148\/400|[from] drain|[of] p1a: Mandibuzz
|
|-heal|p1a: Mandibuzz|119\/424|[from] item: Leftovers
|turn|26
|
|move|p1a: Mandibuzz|Foul Play|p2a: Conkeldurr
|-resisted|p2a: Conkeldurr
|-damage|p2a: Conkeldurr|42\/400
|move|p2a: Conkeldurr|Drain Punch|p1a: Mandibuzz
|-damage|p1a: Mandibuzz|13\/424
|-heal|p2a: Conkeldurr|95\/400|[from] drain|[of] p1a: Mandibuzz
|
|-heal|p1a: Mandibuzz|39\/424|[from] item: Leftovers
|turn|27
|
|move|p1a: Mandibuzz|Foul Play|p2a: Conkeldurr
|-resisted|p2a: Conkeldurr
|-damage|p2a: Conkeldurr|0 fnt
|faint|p2a: Conkeldurr
|
|-heal|p1a: Mandibuzz|65\/424|[from] item: Leftovers
|
|switch|p2a: Sceptile|Sceptile-Mega, M, shiny|285\/285
|turn|28
|
|switch|p1a: Celebi|Celebi|396\/404
|move|p2a: Sceptile|Dragon Pulse|p1a: Celebi
|-damage|p1a: Celebi|266\/404
|
|-heal|p1a: Celebi|291\/404|[from] item: Leftovers
|turn|29
|
|switch|p2a: Landorus-Therian|Landorus-Therian, M, shiny|327\/327
|-ability|p2a: Landorus-Therian|Intimidate|[of] p1a: Celebi
|-unboost|p1a: Celebi|atk|1
|move|p1a: Celebi|Giga Drain|p2a: Landorus-Therian
|-damage|p2a: Landorus-Therian|228\/327
|-heal|p1a: Celebi|341\/404|[from] drain|[of] p2a: Landorus-Therian
|
|-heal|p1a: Celebi|366\/404|[from] item: Leftovers
|turn|30
|
|switch|p1a: Heatran|Heatran, F|219\/386
|move|p2a: Landorus-Therian|U-turn|p1a: Heatran
|-resisted|p1a: Heatran
|-damage|p1a: Heatran|199\/386
|
|switch|p2a: Sceptile|Sceptile-Mega, M, shiny|285\/285
|
|-heal|p1a: Heatran|223\/386|[from] item: Leftovers
|turn|31
|
|move|p1a: Heatran|Protect|p1a: Heatran
|-singleturn|p1a: Heatran|Protect
|move|p2a: Sceptile|Earthquake|p1a: Heatran
|-activate|p1a: Heatran|Protect
|
|-heal|p1a: Heatran|247\/386|[from] item: Leftovers
|turn|32
|
|switch|p1a: Celebi|Celebi|366\/404
|move|p2a: Sceptile|Earthquake|p1a: Celebi
|-resisted|p1a: Celebi
|-damage|p1a: Celebi|321\/404
|
|-heal|p1a: Celebi|346\/404|[from] item: Leftovers
|turn|33
|-message|1800Rekt forfeited.
|
|win|lil manaphy
|raw|Ladder updating...
|leave|1800Rekt
|player|p2
|raw|lil manaphy's rating: 1635 &rarr; <strong>1647<\/strong><br \/>(+12 for winning)
|raw|1800Rekt's rating: 1483 &rarr; <strong>1472<\/strong><br \/>(-11 for losing)