|join|Reverb
|join|1800Rekt
|player|p1|Reverb|#reverb
|player|p2|1800Rekt|270
|gametype|singles
|gen|6
|tier|OU
|rated
|clearpoke
|poke|p1|Empoleon, F
|poke|p1|Tyranitar, F
|poke|p1|Charizard, F
|poke|p1|Keldeo
|poke|p1|Kyurem-Black
|poke|p1|Landorus-Therian, M
|poke|p2|Zapdos
|poke|p2|Chansey, F, shiny
|poke|p2|Greninja, M, shiny
|poke|p2|Diancie
|poke|p2|Conkeldurr, F
|poke|p2|Victini
|rule|Swagger Clause: Swagger is banned
|rule|Baton Pass Clause: Limit one Pokémon knowing Baton Pass
|rule|Sleep Clause Mod: Limit one foe put to sleep
|rule|Species Clause: Limit one of each Pokémon
|rule|OHKO Clause: OHKO moves are banned
|rule|Moody Clause: Moody is banned
|rule|Evasion Moves Clause: Evasion moves are banned
|rule|Endless Battle Clause: Forcing endless battles is banned
|rule|HP Percentage Mod: HP is shown in percentages
|teampreview
|join|Squirrelll
|
|start
|switch|p1a: Landorus-Therian|Landorus-Therian, M|327\/327
|switch|p2a: Chansey|Chansey, F, shiny|704\/704
|-ability|p1a: Landorus-Therian|Intimidate|[of] p2a: Chansey
|-unboost|p2a: Chansey|atk|1
|turn|1
|
|move|p1a: Landorus-Therian|U-turn|p2a: Chansey
|-damage|p2a: Chansey|586\/704
|
|switch|p1a: Empoleon|Empoleon, F|372\/372
|move|p2a: Chansey|Thunder Wave|p1a: Empoleon
|-status|p1a: Empoleon|par
|
|turn|2
|
|move|p2a: Chansey|Stealth Rock|p1a: Empoleon
|-sidestart|p1: Reverb|move: Stealth Rock
|move|p1a: Empoleon|Stealth Rock|p2a: Chansey
|-sidestart|p2: 1800Rekt|move: Stealth Rock
|
|turn|3
|
|switch|p1a: Landorus-Therian|Landorus-Therian, M|327\/327
|-damage|p1a: Landorus-Therian|287\/327|[from] Stealth Rock
|-ability|p1a: Landorus-Therian|Intimidate|[of] p2a: Chansey
|-unboost|p2a: Chansey|atk|1
|move|p2a: Chansey|Seismic Toss|p1a: Landorus-Therian
|-damage|p1a: Landorus-Therian|187\/327
|
|turn|4
|
|switch|p2a: Victini|Victini|355\/355
|-damage|p2a: Victini|267\/355|[from] Stealth Rock
|move|p1a: Landorus-Therian|U-turn|p2a: Victini
|-damage|p2a: Victini|170\/355
|
|switch|p1a: Empoleon|Empoleon, F|372\/372 par
|-damage|p1a: Empoleon|349\/372 par|[from] Stealth Rock
|
|-heal|p1a: Empoleon|372\/372 par|[from] item: Leftovers
|turn|5
|
|move|p2a: Victini|V-create|p1a: Empoleon
|-crit|p1a: Empoleon
|-damage|p1a: Empoleon|0 fnt
|-unboost|p2a: Victini|def|1
|-unboost|p2a: Victini|spd|1
|-unboost|p2a: Victini|spe|1
|faint|p1a: Empoleon
|
|
|switch|p1a: Tyranitar|Tyranitar, F|383\/383
|-damage|p1a: Tyranitar|336\/383|[from] Stealth Rock
|-weather|Sandstorm
|turn|6
|
|move|p2a: Victini|V-create|p1a: Tyranitar
|-resisted|p1a: Tyranitar
|-damage|p1a: Tyranitar|150\/383
|-unboost|p2a: Victini|def|1
|-unboost|p2a: Victini|spd|1
|-unboost|p2a: Victini|spe|1
|move|p1a: Tyranitar|Pursuit|p2a: Victini
|-supereffective|p2a: Victini
|-damage|p2a: Victini|0 fnt
|faint|p2a: Victini
|
|-weather|Sandstorm|[upkeep]
|
|switch|p2a: Diancie|Diancie|241\/241
|-damage|p2a: Diancie|211\/241|[from] Stealth Rock
|turn|7
|
|switch|p1a: Landorus-Therian|Landorus-Therian, M|187\/327
|-damage|p1a: Landorus-Therian|147\/327|[from] Stealth Rock
|-ability|p1a: Landorus-Therian|Intimidate|[of] p2a: Diancie
|-fail|p2a: Diancie|unboost|[from] ability: Clear Body|[of] p2a: Diancie
|detailschange|p2a: Diancie|Diancie-Mega
|message|Diancie has Mega Evolved into Mega Diancie!
|move|p2a: Diancie|Moonblast|p1a: Landorus-Therian
|-damage|p1a: Landorus-Therian|0 fnt
|faint|p1a: Landorus-Therian
|
|-weather|Sandstorm|[upkeep]
|
|switch|p1a: Kyurem-Black|Kyurem-Black|391\/391
|-damage|p1a: Kyurem-Black|294\/391|[from] Stealth Rock
|-ability|p1a: Kyurem-Black|Teravolt
|turn|8
|
|switch|p2a: Chansey|Chansey, F, shiny|586\/704
|-damage|p2a: Chansey|498\/704|[from] Stealth Rock
|move|p1a: Kyurem-Black|Fusion Bolt|p2a: Chansey
|-damage|p2a: Chansey|298\/704
|
|-weather|Sandstorm|[upkeep]
|-damage|p1a: Kyurem-Black|270\/391|[from] Sandstorm
|-damage|p2a: Chansey|254\/704|[from] Sandstorm
|turn|9
|
|switch|p1a: Keldeo|Keldeo|323\/323
|-damage|p1a: Keldeo|303\/323|[from] Stealth Rock
|move|p2a: Chansey|Thunder Wave|p1a: Keldeo
|-status|p1a: Keldeo|par
|
|-weather|Sandstorm|[upkeep]
|-damage|p2a: Chansey|210\/704|[from] Sandstorm
|-damage|p1a: Keldeo|283\/323 par|[from] Sandstorm
|turn|10
|
|move|p2a: Chansey|Soft-Boiled|p2a: Chansey
|-heal|p2a: Chansey|562\/704
|cant|p1a: Keldeo|par
|
|-weather|none
|turn|11
|
|switch|p2a: Zapdos|Zapdos|384\/384
|-damage|p2a: Zapdos|288\/384|[from] Stealth Rock
|-ability|p2a: Zapdos|Pressure
|move|p1a: Keldeo|Scald|p2a: Zapdos
|-damage|p2a: Zapdos|53\/384
|-status|p2a: Zapdos|brn
|
|-heal|p2a: Zapdos|77\/384 brn|[from] item: Leftovers
|-damage|p2a: Zapdos|29\/384 brn|[from] brn
|turn|12
|
|switch|p1a: Tyranitar|Tyranitar, F|150\/383
|-damage|p1a: Tyranitar|103\/383|[from] Stealth Rock
|-weather|Sandstorm
|move|p2a: Zapdos|Discharge|p1a: Tyranitar
|-damage|p1a: Tyranitar|27\/383
|
|-weather|Sandstorm|[upkeep]
|-damage|p2a: Zapdos|5\/384 brn|[from] Sandstorm
|-heal|p2a: Zapdos|29\/384 brn|[from] item: Leftovers
|-damage|p2a: Zapdos|0 fnt|[from] brn
|faint|p2a: Zapdos
|
|switch|p2a: Conkeldurr|Conkeldurr, F|400\/400
|-damage|p2a: Conkeldurr|375\/400|[from] Stealth Rock
|turn|13
|
|move|p2a: Conkeldurr|Mach Punch|p1a: Tyranitar
|-supereffective|p1a: Tyranitar
|-damage|p1a: Tyranitar|0 fnt
|faint|p1a: Tyranitar
|
|-weather|Sandstorm|[upkeep]
|-damage|p2a: Conkeldurr|350\/400|[from] Sandstorm
|
|switch|p1a: Charizard|Charizard, F|297\/297
|-damage|p1a: Charizard|149\/297|[from] Stealth Rock
|turn|14
|
|switch|p2a: Chansey|Chansey, F, shiny|562\/704
|-damage|p2a: Chansey|474\/704|[from] Stealth Rock
|detailschange|p1a: Charizard|Charizard-Mega-Y, F
|message|Charizard has Mega Evolved into Mega Charizard!
|-weather|SunnyDay
|move|p1a: Charizard|Fire Blast|p2a: Chansey
|-damage|p2a: Chansey|218\/704
|
|-weather|SunnyDay|[upkeep]
|turn|15
|
|move|p1a: Charizard|Fire Blast|p2a: Chansey|[miss]
|-miss|p1a: Charizard|p2a: Chansey
|move|p2a: Chansey|Seismic Toss|p1a: Charizard
|-damage|p1a: Charizard|49\/297
|
|-weather|SunnyDay|[upkeep]
|turn|16
|
|move|p1a: Charizard|Fire Blast|p2a: Chansey
|-damage|p2a: Chansey|0 fnt
|faint|p2a: Chansey
|
|-weather|SunnyDay|[upkeep]
|
|switch|p2a: Greninja|Greninja, M, shiny|285\/285
|-damage|p2a: Greninja|250\/285|[from] Stealth Rock
|turn|17
|
|move|p2a: Greninja|Ice Beam|p1a: Charizard
|-start|p2a: Greninja|typechange|Ice|[from] Protean
|-damage|p1a: Charizard|0 fnt
|-damage|p2a: Greninja|222\/285|[from] item: Life Orb
|faint|p1a: Charizard
|
|-weather|SunnyDay|[upkeep]
|
|switch|p1a: Keldeo|Keldeo|283\/323 par
|-damage|p1a: Keldeo|263\/323 par|[from] Stealth Rock
|turn|18
|
|move|p2a: Greninja|Gunk Shot|p1a: Keldeo
|-start|p2a: Greninja|typechange|Poison|[from] Protean
|-damage|p1a: Keldeo|52\/323 par
|-damage|p2a: Greninja|194\/285|[from] item: Life Orb
|move|p1a: Keldeo|Secret Sword|p2a: Greninja
|-resisted|p2a: Greninja
|-damage|p2a: Greninja|42\/285
|
|-weather|none
|turn|19
|-message|Reverb forfeited.
|
|win|1800Rekt
|raw|Ladder updating...
|leave|Reverb
|player|p1
|raw|Reverb's rating: 1776 &rarr; <strong>1747<\/strong><br \/>(-29 for losing)
|raw|1800Rekt's rating: 1612 &rarr; <strong>1641<\/strong><br \/>(+29 for winning)
|leave|Squirrelll