|join|subzeromk
|join|1800Rekt
|player|p1|subzeromk|20
|player|p2|1800Rekt|270
|gametype|singles
|gen|6
|tier|OU
|rated
|clearpoke
|poke|p1|Metagross
|poke|p1|Garchomp, F
|poke|p1|Sylveon, F
|poke|p1|Breloom, M
|poke|p1|Bisharp, M
|poke|p1|Greninja, M
|poke|p2|Sceptile, M, shiny
|poke|p2|Rotom-Wash, shiny
|poke|p2|Landorus-Therian, M, shiny
|poke|p2|Empoleon, M, shiny
|poke|p2|Conkeldurr, F
|poke|p2|Victini
|rule|Swagger Clause: Swagger is banned
|rule|Baton Pass Clause: Limit one Pokémon knowing Baton Pass
|rule|Sleep Clause Mod: Limit one foe put to sleep
|rule|Species Clause: Limit one of each Pokémon
|rule|OHKO Clause: OHKO moves are banned
|rule|Moody Clause: Moody is banned
|rule|Evasion Moves Clause: Evasion moves are banned
|rule|Endless Battle Clause: Forcing endless battles is banned
|rule|HP Percentage Mod: HP is shown in percentages
|teampreview
|
|start
|switch|p1a: Breloom|Breloom, M|262\/262
|switch|p2a: Sceptile|Sceptile, M, shiny|285\/285
|turn|1
|
|switch|p1a: Sylveon|Sylveon, F|390\/390
|detailschange|p2a: Sceptile|Sceptile-Mega, M, shiny
|message|Sceptile has Mega Evolved into Mega Sceptile!
|move|p2a: Sceptile|Dragon Pulse|p1a: Sylveon
|-immune|p1a: Sylveon|[msg]
|
|turn|2
|
|switch|p2a: Empoleon|Empoleon, M, shiny|372\/372
|switch|p1a: Breloom|Breloom, M|262\/262
|
|turn|3
|
|move|p1a: Breloom|Spore|p2a: Empoleon
|-status|p2a: Empoleon|slp
|cant|p2a: Empoleon|slp
|
|turn|4
|
|switch|p2a: Conkeldurr|Conkeldurr, F|400\/400
|move|p1a: Breloom|Bullet Seed|p2a: Conkeldurr
|-damage|p2a: Conkeldurr|314\/400
|-damage|p2a: Conkeldurr|224\/400
|-hitcount|p2a: Conkeldurr|2
|-damage|p1a: Breloom|236\/262|[from] item: Life Orb
|
|turn|5
|
|move|p1a: Breloom|Bullet Seed|p2a: Conkeldurr
|-damage|p2a: Conkeldurr|129\/400
|-damage|p2a: Conkeldurr|39\/400
|-damage|p2a: Conkeldurr|0 fnt
|-hitcount|p2a: Conkeldurr|3
|-damage|p1a: Breloom|210\/262|[from] item: Life Orb
|faint|p2a: Conkeldurr
|
|
|switch|p2a: Sceptile|Sceptile-Mega, M, shiny|285\/285
|turn|6
|
|move|p2a: Sceptile|Hidden Power|p1a: Breloom
|-supereffective|p1a: Breloom
|-damage|p1a: Breloom|0 fnt
|faint|p1a: Breloom
|
|
|switch|p1a: Sylveon|Sylveon, F|390\/390
|turn|7
|
|switch|p2a: Empoleon|Empoleon, M, shiny|372\/372 slp
|switch|p1a: Garchomp|Garchomp, F|420\/420
|
|turn|8
|
|switch|p2a: Sceptile|Sceptile-Mega, M, shiny|285\/285
|move|p1a: Garchomp|Stealth Rock|p2a: Sceptile
|-sidestart|p2: 1800Rekt|move: Stealth Rock
|
|turn|9
|
|move|p2a: Sceptile|Dragon Pulse|p1a: Garchomp
|-supereffective|p1a: Garchomp
|-damage|p1a: Garchomp|16\/420
|move|p1a: Garchomp|Poison Jab|p2a: Sceptile
|-supereffective|p2a: Sceptile
|-damage|p2a: Sceptile|85\/285
|
|turn|10
|
|move|p2a: Sceptile|Giga Drain|p1a: Garchomp
|-damage|p1a: Garchomp|0 fnt
|-heal|p2a: Sceptile|93\/285|[from] drain|[of] p1a: Garchomp
|faint|p1a: Garchomp
|
|
|switch|p1a: Metagross|Metagross|302\/302
|turn|11
|
|switch|p2a: Empoleon|Empoleon, M, shiny|372\/372 slp
|-damage|p2a: Empoleon|349\/372 slp|[from] Stealth Rock
|detailschange|p1a: Metagross|Metagross-Mega
|message|Metagross has Mega Evolved into Mega Metagross!
|move|p1a: Metagross|Meteor Mash|p2a: Empoleon
|-resisted|p2a: Empoleon
|-damage|p2a: Empoleon|288\/372 slp
|-boost|p1a: Metagross|atk|1
|
|-heal|p2a: Empoleon|311\/372 slp|[from] item: Leftovers
|turn|12
|
|move|p1a: Metagross|Earthquake|p2a: Empoleon
|-supereffective|p2a: Empoleon
|-damage|p2a: Empoleon|0 fnt
|faint|p2a: Empoleon
|
|
|switch|p2a: Landorus-Therian|Landorus-Therian, M, shiny|327\/327
|-damage|p2a: Landorus-Therian|287\/327|[from] Stealth Rock
|-ability|p2a: Landorus-Therian|Intimidate|[of] p1a: Metagross
|-unboost|p1a: Metagross|atk|1
|turn|13
|
|move|p2a: Landorus-Therian|U-turn|p1a: Metagross
|-crit|p1a: Metagross
|-damage|p1a: Metagross|212\/302
|
|switch|p2a: Rotom-Wash|Rotom-Wash, shiny|304\/304
|-damage|p2a: Rotom-Wash|266\/304|[from] Stealth Rock
|move|p1a: Metagross|Ice Punch|p2a: Rotom-Wash
|-resisted|p2a: Rotom-Wash
|-damage|p2a: Rotom-Wash|220\/304
|
|-heal|p2a: Rotom-Wash|239\/304|[from] item: Leftovers
|turn|14
|
|switch|p1a: Sylveon|Sylveon, F|390\/390
|move|p2a: Rotom-Wash|Volt Switch|p1a: Sylveon
|-damage|p1a: Sylveon|317\/390
|
|switch|p2a: Victini|Victini|355\/355
|-damage|p2a: Victini|267\/355|[from] Stealth Rock
|
|turn|15
|
|switch|p1a: Metagross|Metagross-Mega|212\/302
|move|p2a: Victini|V-create|p1a: Metagross
|-supereffective|p1a: Metagross
|-damage|p1a: Metagross|0 fnt
|-unboost|p2a: Victini|def|1
|-unboost|p2a: Victini|spd|1
|-unboost|p2a: Victini|spe|1
|faint|p1a: Metagross
|
|
|switch|p1a: Madara|Bisharp, M|272\/272
|turn|16
|
|switch|p2a: Sceptile|Sceptile-Mega, M, shiny|93\/285
|-damage|p2a: Sceptile|58\/285|[from] Stealth Rock
|move|p1a: Madara|Knock Off|p2a: Sceptile
|-damage|p2a: Sceptile|0 fnt
|-damage|p1a: Madara|245\/272|[from] item: Life Orb
|faint|p2a: Sceptile
|
|
|switch|p2a: Rotom-Wash|Rotom-Wash, shiny|239\/304
|-damage|p2a: Rotom-Wash|201\/304|[from] Stealth Rock
|turn|17
|
|switch|p1a: Sylveon|Sylveon, F|317\/390
|move|p2a: Rotom-Wash|Will-O-Wisp|p1a: Sylveon
|-status|p1a: Sylveon|brn
|
|-heal|p2a: Rotom-Wash|220\/304|[from] item: Leftovers
|-damage|p1a: Sylveon|269\/390 brn|[from] brn
|turn|18
|
|switch|p2a: Victini|Victini|267\/355
|-damage|p2a: Victini|179\/355|[from] Stealth Rock
|move|p1a: Sylveon|Hyper Voice|p2a: Victini
|-resisted|p2a: Victini
|-damage|p2a: Victini|29\/355
|
|-damage|p1a: Sylveon|221\/390 brn|[from] brn
|turn|19
|
|move|p2a: Victini|V-create|p1a: Sylveon
|-damage|p1a: Sylveon|0 fnt
|-unboost|p2a: Victini|def|1
|-unboost|p2a: Victini|spd|1
|-unboost|p2a: Victini|spe|1
|faint|p1a: Sylveon
|
|
|switch|p1a: Madara|Bisharp, M|245\/272
|turn|20
|
|move|p1a: Madara|Sucker Punch|p2a: Victini
|-supereffective|p2a: Victini
|-damage|p2a: Victini|0 fnt
|-damage|p1a: Madara|218\/272|[from] item: Life Orb
|faint|p2a: Victini
|
|
|switch|p2a: Rotom-Wash|Rotom-Wash, shiny|220\/304
|-damage|p2a: Rotom-Wash|182\/304|[from] Stealth Rock
|turn|21
|
|switch|p1a: Kakashi|Greninja, M|285\/285
|move|p2a: Rotom-Wash|Will-O-Wisp|p1a: Kakashi|[miss]
|-miss|p2a: Rotom-Wash|p1a: Kakashi
|
|-heal|p2a: Rotom-Wash|201\/304|[from] item: Leftovers
|turn|22
|
|move|p1a: Kakashi|Extrasensory|p2a: Rotom-Wash
|-start|p1a: Kakashi|typechange|Psychic|[from] Protean
|-damage|p2a: Rotom-Wash|61\/304
|-damage|p1a: Kakashi|257\/285|[from] item: Life Orb
|move|p2a: Rotom-Wash|Volt Switch|p1a: Kakashi
|-damage|p1a: Kakashi|119\/285
|
|switch|p2a: Landorus-Therian|Landorus-Therian, M, shiny|287\/327
|-damage|p2a: Landorus-Therian|247\/327|[from] Stealth Rock
|-ability|p2a: Landorus-Therian|Intimidate|[of] p1a: Kakashi
|-unboost|p1a: Kakashi|atk|1
|
|turn|23
|
|move|p2a: Landorus-Therian|Earthquake|p1a: Kakashi
|-damage|p1a: Kakashi|0 fnt
|faint|p1a: Kakashi
|
|
|switch|p1a: Madara|Bisharp, M|218\/272
|turn|24
|
|move|p1a: Madara|Sucker Punch|p2a: Landorus-Therian
|-damage|p2a: Landorus-Therian|44\/327
|-damage|p1a: Madara|191\/272|[from] item: Life Orb
|move|p2a: Landorus-Therian|Earthquake|p1a: Madara
|-supereffective|p1a: Madara
|-damage|p1a: Madara|0 fnt
|faint|p1a: Madara
|
|win|1800Rekt
|raw|Ladder updating...
|leave|subzeromk
|player|p1
|raw|subzeromk's rating: 1629 &rarr; <strong>1601<\/strong><br \/>(-28 for losing)
|raw|1800Rekt's rating: 1489 &rarr; <strong>1516<\/strong><br \/>(+27 for winning)