|join|AnybodyAgrees
|join|dghfghfgd
|player|p1|AnybodyAgrees|109
|player|p2|dghfghfgd|260
|gametype|singles
|gen|6
|tier|OU
|rated
|clearpoke
|poke|p1|Amoonguss, M
|poke|p1|Clefable, M
|poke|p1|Gliscor, M
|poke|p1|Chansey, F
|poke|p1|Skarmory, M
|poke|p1|Slowbro, M
|poke|p2|Metagross
|poke|p2|Umbreon, F
|poke|p2|Greninja, M
|poke|p2|Landorus-Therian, M
|poke|p2|Forretress, F
|poke|p2|Keldeo-Resolute
|rule|Swagger Clause: Swagger is banned
|rule|Baton Pass Clause: Limit one Pokémon knowing Baton Pass
|rule|Sleep Clause Mod: Limit one foe put to sleep
|rule|Species Clause: Limit one of each Pokémon
|rule|OHKO Clause: OHKO moves are banned
|rule|Moody Clause: Moody is banned
|rule|Evasion Moves Clause: Evasion moves are banned
|rule|Endless Battle Clause: Forcing endless battles is banned
|rule|HP Percentage Mod: HP is shown in percentages
|teampreview
|
|start
|switch|p1a: Anti-Blob|Gliscor, M|352\/352
|switch|p2a: Keldeo-Resolute|Keldeo-Resolute|323\/323
|turn|1
|
|switch|p1a: Mushroom Blob|Amoonguss, M|431\/431
|move|p2a: Keldeo-Resolute|Scald|p1a: Mushroom Blob
|-resisted|p1a: Mushroom Blob
|-damage|p1a: Mushroom Blob|318\/431
|
|-heal|p1a: Mushroom Blob|344\/431|[from] item: Black Sludge
|turn|2
|join|cdvsvse
|
|switch|p2a: Landorus-Therian|Landorus-Therian, M|319\/319
|-ability|p2a: Landorus-Therian|Intimidate|[of] p1a: Mushroom Blob
|-unboost|p1a: Mushroom Blob|atk|1
|move|p1a: Mushroom Blob|Giga Drain|p2a: Landorus-Therian
|-damage|p2a: Landorus-Therian|234\/319
|-heal|p1a: Mushroom Blob|387\/431|[from] drain|[of] p2a: Landorus-Therian
|
|-heal|p1a: Mushroom Blob|413\/431|[from] item: Black Sludge
|turn|3
|
|switch|p1a: Blob's Best Friend|Skarmory, M|333\/333
|move|p2a: Landorus-Therian|Knock Off|p1a: Blob's Best Friend
|-damage|p1a: Blob's Best Friend|265\/333
|-enditem|p1a: Blob's Best Friend|Shed Shell|[from] move: Knock Off|[of] p2a: Landorus-Therian
|
|turn|4
|
|switch|p2a: Keldeo-Resolute|Keldeo-Resolute|323\/323
|move|p1a: Blob's Best Friend|Taunt|p2a: Keldeo-Resolute
|-start|p2a: Keldeo-Resolute|move: Taunt
|
|turn|5
|
|switch|p1a: Mushroom Blob|Amoonguss, M|431\/431
|move|p2a: Keldeo-Resolute|Icy Wind|p1a: Mushroom Blob
|-supereffective|p1a: Mushroom Blob
|-damage|p1a: Mushroom Blob|231\/431
|-unboost|p1a: Mushroom Blob|spe|1
|
|-heal|p1a: Mushroom Blob|257\/431|[from] item: Black Sludge
|turn|6
|
|switch|p2a: Landorus-Therian|Landorus-Therian, M|234\/319
|-ability|p2a: Landorus-Therian|Intimidate|[of] p1a: Mushroom Blob
|-unboost|p1a: Mushroom Blob|atk|1
|move|p1a: Mushroom Blob|Giga Drain|p2a: Landorus-Therian
|-damage|p2a: Landorus-Therian|137\/319
|-heal|p1a: Mushroom Blob|306\/431|[from] drain|[of] p2a: Landorus-Therian
|
|-heal|p1a: Mushroom Blob|332\/431|[from] item: Black Sludge
|turn|7
|
|switch|p1a: Blob's Best Friend|Skarmory, M|265\/333
|move|p2a: Landorus-Therian|U-turn|p1a: Blob's Best Friend
|-resisted|p1a: Blob's Best Friend
|-damage|p1a: Blob's Best Friend|252\/333
|
|switch|p2a: Forretress|Forretress, F|354\/354
|
|turn|8
|
|move|p1a: Blob's Best Friend|Roost|p1a: Blob's Best Friend
|-heal|p1a: Blob's Best Friend|333\/333
|move|p2a: Forretress|Volt Switch|p1a: Blob's Best Friend
|-damage|p1a: Blob's Best Friend|284\/333
|
|switch|p2a: Keldeo-Resolute|Keldeo-Resolute|323\/323
|
|turn|9
|
|switch|p1a: Mushroom Blob|Amoonguss, M|431\/431
|move|p2a: Keldeo-Resolute|Icy Wind|p1a: Mushroom Blob
|-miss|p2a: Keldeo-Resolute|p1a: Mushroom Blob
|
|turn|10
|
|switch|p2a: Landorus-Therian|Landorus-Therian, M|137\/319
|-ability|p2a: Landorus-Therian|Intimidate|[of] p1a: Mushroom Blob
|-unboost|p1a: Mushroom Blob|atk|1
|move|p1a: Mushroom Blob|Giga Drain|p2a: Landorus-Therian
|-damage|p2a: Landorus-Therian|43\/319
|
|turn|11
|
|switch|p1a: Blob's Best Friend|Skarmory, M|284\/333
|move|p2a: Landorus-Therian|U-turn|p1a: Blob's Best Friend
|-resisted|p1a: Blob's Best Friend
|-damage|p1a: Blob's Best Friend|271\/333
|
|switch|p2a: Greninja|Greninja, M|285\/285
|
|turn|12
|
|switch|p2a: Forretress|Forretress, F|354\/354
|switch|p1a: Classic Blob|Chansey, F|703\/703
|
|turn|13
|c| cdvsvse|Greningay
|
|switch|p1a: Blob's Best Friend|Skarmory, M|271\/333
|move|p2a: Forretress|Stealth Rock|p1a: Blob's Best Friend
|-sidestart|p1: AnybodyAgrees|move: Stealth Rock
|
|turn|14
|
|move|p1a: Blob's Best Friend|Defog|p2a: Forretress
|-unboost|p2a: Forretress|evasion|1
|-sideend|p1: AnybodyAgrees|Stealth Rock|[from] move: Defog|[of] p1a: Blob's Best Friend
|move|p2a: Forretress|Stealth Rock|p1a: Blob's Best Friend
|-sidestart|p1: AnybodyAgrees|move: Stealth Rock
|
|turn|15
|
|move|p1a: Blob's Best Friend|Defog|p2a: Forretress
|-unboost|p2a: Forretress|evasion|1
|-sideend|p1: AnybodyAgrees|Stealth Rock|[from] move: Defog|[of] p1a: Blob's Best Friend
|move|p2a: Forretress|Volt Switch|p1a: Blob's Best Friend
|-crit|p1a: Blob's Best Friend
|-supereffective|p1a: Blob's Best Friend
|-damage|p1a: Blob's Best Friend|133\/333
|
|switch|p2a: Greninja|Greninja, M|285\/285
|
|turn|16
|
|switch|p2a: Forretress|Forretress, F|354\/354
|switch|p1a: Classic Blob|Chansey, F|703\/703
|
|turn|17
|
|switch|p1a: Blob's Best Friend|Skarmory, M|133\/333
|move|p2a: Forretress|Volt Switch|p1a: Blob's Best Friend
|-supereffective|p1a: Blob's Best Friend
|-damage|p1a: Blob's Best Friend|29\/333
|leave|cdvsvse
|
|switch|p2a: Keldeo-Resolute|Keldeo-Resolute|323\/323
|
|turn|18
|
|switch|p1a: Mushroom Blob|Amoonguss, M|431\/431
|move|p2a: Keldeo-Resolute|Scald|p1a: Mushroom Blob
|-resisted|p1a: Mushroom Blob
|-damage|p1a: Mushroom Blob|314\/431
|-status|p1a: Mushroom Blob|brn
|
|-heal|p1a: Mushroom Blob|340\/431 brn|[from] item: Black Sludge
|-damage|p1a: Mushroom Blob|287\/431 brn|[from] brn
|turn|19
|
|switch|p2a: Umbreon|Umbreon, F|394\/394
|move|p1a: Mushroom Blob|Giga Drain|p2a: Umbreon
|-damage|p2a: Umbreon|339\/394
|-heal|p1a: Mushroom Blob|315\/431 brn|[from] drain|[of] p2a: Umbreon
|
|-heal|p2a: Umbreon|363\/394|[from] item: Leftovers
|-heal|p1a: Mushroom Blob|341\/431 brn|[from] item: Black Sludge
|-damage|p1a: Mushroom Blob|288\/431 brn|[from] brn
|turn|20
|
|switch|p2a: Landorus-Therian|Landorus-Therian, M|43\/319
|-ability|p2a: Landorus-Therian|Intimidate|[of] p1a: Mushroom Blob
|-unboost|p1a: Mushroom Blob|atk|1
|switch|p1a: Anti-Blob|Gliscor, M|352\/352
|
|-status|p1a: Anti-Blob|tox|[from] item: Toxic Orb
|turn|21
|
|switch|p1a: Shellfish Blob|Slowbro, M|394\/394
|move|p2a: Landorus-Therian|U-turn|p1a: Shellfish Blob
|-supereffective|p1a: Shellfish Blob
|-damage|p1a: Shellfish Blob|272\/394
|
|switch|p2a: Greninja|Greninja, M|285\/285
|
|turn|22
|
|switch|p2a: Forretress|Forretress, F|354\/354
|switch|p1a: Classic Blob|Chansey, F|703\/703
|
|turn|23
|
|switch|p1a: Blob's Best Friend|Skarmory, M|29\/333
|move|p2a: Forretress|Stealth Rock|p1a: Blob's Best Friend
|-sidestart|p1: AnybodyAgrees|move: Stealth Rock
|
|turn|24
|
|move|p1a: Blob's Best Friend|Roost|p1a: Blob's Best Friend
|-heal|p1a: Blob's Best Friend|196\/333
|move|p2a: Forretress|Volt Switch|p1a: Blob's Best Friend
|-damage|p1a: Blob's Best Friend|144\/333
|
|switch|p2a: Keldeo-Resolute|Keldeo-Resolute|323\/323
|
|turn|25
|
|switch|p1a: Mushroom Blob|Amoonguss, M|431\/431 brn
|-damage|p1a: Mushroom Blob|378\/431 brn|[from] Stealth Rock
|move|p2a: Keldeo-Resolute|Icy Wind|p1a: Mushroom Blob
|-crit|p1a: Mushroom Blob
|-supereffective|p1a: Mushroom Blob
|-damage|p1a: Mushroom Blob|60\/431 brn
|-unboost|p1a: Mushroom Blob|spe|1
|
|-heal|p1a: Mushroom Blob|86\/431 brn|[from] item: Black Sludge
|-damage|p1a: Mushroom Blob|33\/431 brn|[from] brn
|turn|26
|c|★AnybodyAgrees|gdi stupid crit
|
|switch|p2a: Metagross|Metagross|301\/301
|switch|p1a: Shellfish Blob|Slowbro, M|394\/394
|-damage|p1a: Shellfish Blob|345\/394|[from] Stealth Rock
|
|turn|27
|
|switch|p2a: Forretress|Forretress, F|354\/354
|move|p1a: Shellfish Blob|Scald|p2a: Forretress
|-damage|p2a: Forretress|212\/354
|-status|p2a: Forretress|brn
|
|-heal|p2a: Forretress|234\/354 brn|[from] item: Leftovers
|-damage|p2a: Forretress|190\/354 brn|[from] brn
|turn|28
|
|switch|p1a: Discount Blob|Clefable, M|394\/394
|-damage|p1a: Discount Blob|345\/394|[from] Stealth Rock
|move|p2a: Forretress|Volt Switch|p1a: Discount Blob
|-damage|p1a: Discount Blob|306\/394
|
|switch|p2a: Metagross|Metagross|301\/301
|
|-heal|p1a: Discount Blob|330\/394|[from] item: Leftovers
|turn|29
|
|switch|p2a: Greninja|Greninja, M|285\/285
|switch|p1a: Shellfish Blob|Slowbro, M|394\/394
|-damage|p1a: Shellfish Blob|345\/394|[from] Stealth Rock
|
|turn|30
|
|switch|p2a: Keldeo-Resolute|Keldeo-Resolute|323\/323
|switch|p1a: Classic Blob|Chansey, F|703\/703
|-damage|p1a: Classic Blob|616\/703|[from] Stealth Rock
|
|turn|31
|
|switch|p1a: Shellfish Blob|Slowbro, M|394\/394
|-damage|p1a: Shellfish Blob|345\/394|[from] Stealth Rock
|move|p2a: Keldeo-Resolute|Hidden Power|p1a: Shellfish Blob
|-supereffective|p1a: Shellfish Blob
|-damage|p1a: Shellfish Blob|91\/394
|
|turn|32
|c|★AnybodyAgrees|good old HP Ghost
|c|★AnybodyAgrees|or HP Bug?
|
|switch|p2a: Metagross|Metagross|301\/301
|switch|p1a: Classic Blob|Chansey, F|616\/703
|-damage|p1a: Classic Blob|529\/703|[from] Stealth Rock
|
|turn|33
|
|switch|p2a: Landorus-Therian|Landorus-Therian, M|43\/319
|-ability|p2a: Landorus-Therian|Intimidate|[of] p1a: Classic Blob
|-unboost|p1a: Classic Blob|atk|1
|switch|p1a: Shellfish Blob|Slowbro, M|222\/394
|-damage|p1a: Shellfish Blob|173\/394|[from] Stealth Rock
|
|turn|34
|
|switch|p1a: Discount Blob|Clefable, M|330\/394
|-damage|p1a: Discount Blob|281\/394|[from] Stealth Rock
|move|p2a: Landorus-Therian|U-turn|p1a: Discount Blob
|-resisted|p1a: Discount Blob
|-damage|p1a: Discount Blob|238\/394
|
|switch|p2a: Metagross|Metagross|301\/301
|
|-heal|p1a: Discount Blob|262\/394|[from] item: Leftovers
|turn|35
|
|switch|p2a: Greninja|Greninja, M|285\/285
|switch|p1a: Shellfish Blob|Slowbro, M|304\/394
|-damage|p1a: Shellfish Blob|255\/394|[from] Stealth Rock
|
|turn|36
|
|switch|p2a: Keldeo-Resolute|Keldeo-Resolute|323\/323
|switch|p1a: Discount Blob|Clefable, M|262\/394
|-damage|p1a: Discount Blob|213\/394|[from] Stealth Rock
|
|-heal|p1a: Discount Blob|237\/394|[from] item: Leftovers
|turn|37
|
|move|p2a: Keldeo-Resolute|Scald|p1a: Discount Blob
|-damage|p1a: Discount Blob|18\/394
|-status|p1a: Discount Blob|brn
|move|p1a: Discount Blob|Moonlight|p1a: Discount Blob
|-heal|p1a: Discount Blob|215\/394 brn
|
|-heal|p1a: Discount Blob|239\/394 brn|[from] item: Leftovers
|-damage|p1a: Discount Blob|190\/394 brn|[from] brn
|turn|38
|
|switch|p1a: Mushroom Blob|Amoonguss, M|176\/431 brn
|-damage|p1a: Mushroom Blob|123\/431 brn|[from] Stealth Rock
|move|p2a: Keldeo-Resolute|Scald|p1a: Mushroom Blob
|-resisted|p1a: Mushroom Blob
|-damage|p1a: Mushroom Blob|12\/431 brn
|
|-heal|p1a: Mushroom Blob|38\/431 brn|[from] item: Black Sludge
|-damage|p1a: Mushroom Blob|0 fnt|[from] brn
|faint|p1a: Mushroom Blob
|
|switch|p1a: Classic Blob|Chansey, F|529\/703
|-damage|p1a: Classic Blob|442\/703|[from] Stealth Rock
|turn|39
|
|move|p2a: Keldeo-Resolute|Scald|p1a: Classic Blob
|-damage|p1a: Classic Blob|298\/703
|-status|p1a: Classic Blob|brn
|move|p1a: Classic Blob|Soft-Boiled|p1a: Classic Blob
|-heal|p1a: Classic Blob|650\/703 brn
|
|-damage|p1a: Classic Blob|563\/703 brn|[from] brn
|turn|40
|c|★AnybodyAgrees|gg
|c|★AnybodyAgrees|inflicting 3 scald burns
|c|★AnybodyAgrees|ugh
|
|switch|p2a: Landorus-Therian|Landorus-Therian, M|43\/319
|-ability|p2a: Landorus-Therian|Intimidate|[of] p1a: Classic Blob
|-unboost|p1a: Classic Blob|atk|1
|move|p1a: Classic Blob|Aromatherapy|p1a: Classic Blob
|-cureteam|p1a: Classic Blob|[from] move: Aromatherapy
|
|turn|41
|
|switch|p1a: Shellfish Blob|Slowbro, M|386\/394
|-damage|p1a: Shellfish Blob|337\/394|[from] Stealth Rock
|move|p2a: Landorus-Therian|U-turn|p1a: Shellfish Blob
|-supereffective|p1a: Shellfish Blob
|-damage|p1a: Shellfish Blob|215\/394
|
|switch|p2a: Keldeo-Resolute|Keldeo-Resolute|323\/323
|
|turn|42
|
|switch|p1a: Anti-Blob|Gliscor, M|352\/352
|-damage|p1a: Anti-Blob|308\/352|[from] Stealth Rock
|move|p2a: Keldeo-Resolute|Hidden Power|p1a: Anti-Blob
|-immune|p1a: Anti-Blob|[msg]
|
|-status|p1a: Anti-Blob|tox|[from] item: Toxic Orb
|turn|43
|
|switch|p2a: Metagross|Metagross|301\/301
|move|p1a: Anti-Blob|Stealth Rock|p2a: Metagross
|-sidestart|p2: dghfghfgd|move: Stealth Rock
|
|-heal|p1a: Anti-Blob|352\/352 tox|[from] ability: Poison Heal
|turn|44
|
|switch|p1a: Shellfish Blob|Slowbro, M|346\/394
|-damage|p1a: Shellfish Blob|297\/394|[from] Stealth Rock
|detailschange|p2a: Metagross|Metagross-Mega
|message|Metagross has Mega Evolved into Mega Metagross!
|move|p2a: Metagross|Ice Punch|p1a: Shellfish Blob
|-resisted|p1a: Shellfish Blob
|-damage|p1a: Shellfish Blob|250\/394
|
|turn|45
|
|switch|p2a: Umbreon|Umbreon, F|363\/394
|-damage|p2a: Umbreon|314\/394|[from] Stealth Rock
|move|p1a: Shellfish Blob|Slack Off|p1a: Shellfish Blob
|-heal|p1a: Shellfish Blob|394\/394
|
|-heal|p2a: Umbreon|338\/394|[from] item: Leftovers
|turn|46
|
|switch|p2a: Keldeo-Resolute|Keldeo-Resolute|323\/323
|-damage|p2a: Keldeo-Resolute|303\/323|[from] Stealth Rock
|switch|p1a: Blob's Best Friend|Skarmory, M|144\/333
|-damage|p1a: Blob's Best Friend|103\/333|[from] Stealth Rock
|
|turn|47
|
|switch|p1a: Shellfish Blob|Slowbro, M|394\/394
|-damage|p1a: Shellfish Blob|345\/394|[from] Stealth Rock
|move|p2a: Keldeo-Resolute|Scald|p1a: Shellfish Blob
|-resisted|p1a: Shellfish Blob
|-damage|p1a: Shellfish Blob|225\/394
|
|turn|48
|
|move|p2a: Keldeo-Resolute|Scald|p1a: Shellfish Blob
|-resisted|p1a: Shellfish Blob
|-damage|p1a: Shellfish Blob|104\/394
|move|p1a: Shellfish Blob|Scald|p2a: Keldeo-Resolute
|-resisted|p2a: Keldeo-Resolute
|-damage|p2a: Keldeo-Resolute|252\/323
|
|turn|49
|
|switch|p2a: Forretress|Forretress, F|190\/354 brn
|-damage|p2a: Forretress|146\/354 brn|[from] Stealth Rock
|switch|p1a: Classic Blob|Chansey, F|563\/703
|-damage|p1a: Classic Blob|476\/703|[from] Stealth Rock
|
|-heal|p2a: Forretress|168\/354 brn|[from] item: Leftovers
|-damage|p2a: Forretress|124\/354 brn|[from] brn
|turn|50
|
|move|p1a: Classic Blob|Seismic Toss|p2a: Forretress
|-damage|p2a: Forretress|24\/354 brn
|move|p2a: Forretress|Rapid Spin|p1a: Classic Blob
|-damage|p1a: Classic Blob|464\/703
|-sideend|p2: dghfghfgd|Stealth Rock|[from] move: Rapid Spin|[of] p2a: Forretress
|
|-heal|p2a: Forretress|46\/354 brn|[from] item: Leftovers
|-damage|p2a: Forretress|2\/354 brn|[from] brn
|turn|51
|
|move|p1a: Classic Blob|Seismic Toss|p2a: Forretress
|-damage|p2a: Forretress|0 fnt
|faint|p2a: Forretress
|
|
|switch|p2a: Keldeo-Resolute|Keldeo-Resolute|252\/323
|turn|52
|
|move|p2a: Keldeo-Resolute|Scald|p1a: Classic Blob
|-damage|p1a: Classic Blob|334\/703
|-status|p1a: Classic Blob|brn
|move|p1a: Classic Blob|Soft-Boiled|p1a: Classic Blob
|-heal|p1a: Classic Blob|686\/703 brn
|
|-damage|p1a: Classic Blob|599\/703 brn|[from] brn
|turn|53
|
|move|p2a: Keldeo-Resolute|Scald|p1a: Classic Blob
|-damage|p1a: Classic Blob|454\/703 brn
|move|p1a: Classic Blob|Toxic|p2a: Keldeo-Resolute
|-status|p2a: Keldeo-Resolute|tox
|
|-damage|p2a: Keldeo-Resolute|232\/323 tox|[from] psn
|-damage|p1a: Classic Blob|367\/703 brn|[from] brn
|turn|54
|
|switch|p2a: Metagross|Metagross-Mega|301\/301
|move|p1a: Classic Blob|Soft-Boiled|p1a: Classic Blob
|-heal|p1a: Classic Blob|703\/703 brn
|
|-damage|p1a: Classic Blob|616\/703 brn|[from] brn
|turn|55
|
|switch|p2a: Keldeo-Resolute|Keldeo-Resolute|232\/323 tox
|switch|p1a: Shellfish Blob|Slowbro, M|235\/394
|-damage|p1a: Shellfish Blob|186\/394|[from] Stealth Rock
|
|-damage|p2a: Keldeo-Resolute|212\/323 tox|[from] psn
|turn|56
|
|switch|p1a: Discount Blob|Clefable, M|190\/394
|-damage|p1a: Discount Blob|141\/394|[from] Stealth Rock
|move|p2a: Keldeo-Resolute|Scald|p1a: Discount Blob
|-damage|p1a: Discount Blob|0 fnt
|faint|p1a: Discount Blob
|
|-damage|p2a: Keldeo-Resolute|172\/323 tox|[from] psn
|
|switch|p1a: Shellfish Blob|Slowbro, M|317\/394
|-damage|p1a: Shellfish Blob|268\/394|[from] Stealth Rock
|turn|57
|
|switch|p2a: Umbreon|Umbreon, F|338\/394
|switch|p1a: Classic Blob|Chansey, F|616\/703
|-damage|p1a: Classic Blob|529\/703|[from] Stealth Rock
|
|-heal|p2a: Umbreon|362\/394|[from] item: Leftovers
|turn|58
|
|move|p2a: Umbreon|Wish|p2a: Umbreon
|move|p1a: Classic Blob|Toxic|p2a: Umbreon
|-status|p2a: Umbreon|tox
|-status|p1a: Classic Blob|tox
|
|-heal|p2a: Umbreon|386\/394 tox|[from] item: Leftovers
|-damage|p2a: Umbreon|362\/394 tox|[from] psn
|-damage|p1a: Classic Blob|486\/703 tox|[from] psn
|turn|59
|
|switch|p2a: Keldeo-Resolute|Keldeo-Resolute|172\/323 tox
|switch|p1a: Blob's Best Friend|Skarmory, M|103\/333
|-damage|p1a: Blob's Best Friend|62\/333|[from] Stealth Rock
|
|-heal|p2a: Keldeo-Resolute|323\/323 tox|[from] move: Wish|[wisher] Umbreon
|-damage|p2a: Keldeo-Resolute|303\/323 tox|[from] psn
|turn|60
|c|★AnybodyAgrees|inb4 fucking synchrobell
|
|switch|p1a: Shellfish Blob|Slowbro, M|394\/394
|-damage|p1a: Shellfish Blob|345\/394|[from] Stealth Rock
|move|p2a: Keldeo-Resolute|Secret Sword|p1a: Shellfish Blob
|-resisted|p1a: Shellfish Blob
|-damage|p1a: Shellfish Blob|273\/394
|
|-damage|p2a: Keldeo-Resolute|263\/323 tox|[from] psn
|turn|61
|
|switch|p2a: Umbreon|Umbreon, F|362\/394 tox
|move|p1a: Shellfish Blob|Scald|p2a: Umbreon
|-damage|p2a: Umbreon|302\/394 tox
|
|-heal|p2a: Umbreon|326\/394 tox|[from] item: Leftovers
|-damage|p2a: Umbreon|302\/394 tox|[from] psn
|turn|62
|
|move|p2a: Umbreon|Foul Play|p1a: Shellfish Blob
|-supereffective|p1a: Shellfish Blob
|-damage|p1a: Shellfish Blob|159\/394
|move|p1a: Shellfish Blob|Scald|p2a: Umbreon
|-damage|p2a: Umbreon|244\/394 tox
|
|-heal|p2a: Umbreon|268\/394 tox|[from] item: Leftovers
|-damage|p2a: Umbreon|220\/394 tox|[from] psn
|turn|63
|
|move|p2a: Umbreon|Wish|p2a: Umbreon
|move|p1a: Shellfish Blob|Slack Off|p1a: Shellfish Blob
|-heal|p1a: Shellfish Blob|356\/394
|
|-heal|p2a: Umbreon|244\/394 tox|[from] item: Leftovers
|-damage|p2a: Umbreon|172\/394 tox|[from] psn
|turn|64
|
|switch|p1a: Anti-Blob|Gliscor, M|352\/352 tox
|-damage|p1a: Anti-Blob|308\/352 tox|[from] Stealth Rock
|move|p2a: Umbreon|Toxic|p1a: Anti-Blob
|-fail|p1a: Anti-Blob|tox
|
|-heal|p2a: Umbreon|369\/394 tox|[from] move: Wish|[wisher] Umbreon
|-heal|p2a: Umbreon|393\/394 tox|[from] item: Leftovers
|-heal|p1a: Anti-Blob|352\/352 tox|[from] ability: Poison Heal
|-damage|p2a: Umbreon|297\/394 tox|[from] psn
|turn|65
|
|switch|p2a: Keldeo-Resolute|Keldeo-Resolute|263\/323 tox
|move|p1a: Anti-Blob|Stealth Rock|p2a: Keldeo-Resolute
|-sidestart|p2: dghfghfgd|move: Stealth Rock
|
|-damage|p2a: Keldeo-Resolute|243\/323 tox|[from] psn
|turn|66
|
|switch|p1a: Shellfish Blob|Slowbro, M|394\/394
|-damage|p1a: Shellfish Blob|345\/394|[from] Stealth Rock
|move|p2a: Keldeo-Resolute|Scald|p1a: Shellfish Blob
|-resisted|p1a: Shellfish Blob
|-damage|p1a: Shellfish Blob|216\/394
|
|-damage|p2a: Keldeo-Resolute|203\/323 tox|[from] psn
|turn|67
|
|switch|p2a: Umbreon|Umbreon, F|297\/394 tox
|-damage|p2a: Umbreon|248\/394 tox|[from] Stealth Rock
|move|p1a: Shellfish Blob|Slack Off|p1a: Shellfish Blob
|-heal|p1a: Shellfish Blob|394\/394
|
|-heal|p2a: Umbreon|272\/394 tox|[from] item: Leftovers
|-damage|p2a: Umbreon|248\/394 tox|[from] psn
|turn|68
|
|switch|p1a: Blob's Best Friend|Skarmory, M|62\/333
|-damage|p1a: Blob's Best Friend|21\/333|[from] Stealth Rock
|move|p2a: Umbreon|Wish|p2a: Umbreon
|
|-heal|p2a: Umbreon|272\/394 tox|[from] item: Leftovers
|-damage|p2a: Umbreon|224\/394 tox|[from] psn
|turn|69
|
|switch|p2a: Keldeo-Resolute|Keldeo-Resolute|203\/323 tox
|-damage|p2a: Keldeo-Resolute|183\/323 tox|[from] Stealth Rock
|move|p1a: Blob's Best Friend|Roost|p1a: Blob's Best Friend
|-heal|p1a: Blob's Best Friend|188\/333
|
|-heal|p2a: Keldeo-Resolute|323\/323 tox|[from] move: Wish|[wisher] Umbreon
|-damage|p2a: Keldeo-Resolute|303\/323 tox|[from] psn
|turn|70
|
|switch|p1a: Classic Blob|Chansey, F|486\/703
|-damage|p1a: Classic Blob|399\/703|[from] Stealth Rock
|move|p2a: Keldeo-Resolute|Hidden Power|p1a: Classic Blob
|-damage|p1a: Classic Blob|336\/703
|
|-damage|p2a: Keldeo-Resolute|263\/323 tox|[from] psn
|turn|71
|
|switch|p2a: Umbreon|Umbreon, F|224\/394 tox
|-damage|p2a: Umbreon|175\/394 tox|[from] Stealth Rock
|move|p1a: Classic Blob|Soft-Boiled|p1a: Classic Blob
|-heal|p1a: Classic Blob|688\/703
|
|-heal|p2a: Umbreon|199\/394 tox|[from] item: Leftovers
|-damage|p2a: Umbreon|175\/394 tox|[from] psn
|turn|72
|
|switch|p1a: Blob's Best Friend|Skarmory, M|188\/333
|-damage|p1a: Blob's Best Friend|147\/333|[from] Stealth Rock
|move|p2a: Umbreon|Wish|p2a: Umbreon
|
|-heal|p2a: Umbreon|199\/394 tox|[from] item: Leftovers
|-damage|p2a: Umbreon|151\/394 tox|[from] psn
|turn|73
|
|move|p1a: Blob's Best Friend|Defog|p2a: Umbreon
|-unboost|p2a: Umbreon|evasion|1
|-sideend|p2: dghfghfgd|Stealth Rock|[from] move: Defog|[of] p2a: Umbreon
|-sideend|p1: AnybodyAgrees|Stealth Rock|[from] move: Defog|[of] p1a: Blob's Best Friend
|move|p2a: Umbreon|Foul Play|p1a: Blob's Best Friend
|-damage|p1a: Blob's Best Friend|110\/333
|
|-heal|p2a: Umbreon|348\/394 tox|[from] move: Wish|[wisher] Umbreon
|-heal|p2a: Umbreon|372\/394 tox|[from] item: Leftovers
|-damage|p2a: Umbreon|300\/394 tox|[from] psn
|turn|74
|
|switch|p2a: Keldeo-Resolute|Keldeo-Resolute|263\/323 tox
|move|p1a: Blob's Best Friend|Roost|p1a: Blob's Best Friend
|-heal|p1a: Blob's Best Friend|277\/333
|
|-damage|p2a: Keldeo-Resolute|243\/323 tox|[from] psn
|turn|75
|
|switch|p1a: Shellfish Blob|Slowbro, M|394\/394
|move|p2a: Keldeo-Resolute|Hidden Power|p1a: Shellfish Blob
|-supereffective|p1a: Shellfish Blob
|-damage|p1a: Shellfish Blob|128\/394
|
|-damage|p2a: Keldeo-Resolute|203\/323 tox|[from] psn
|turn|76
|
|switch|p2a: Landorus-Therian|Landorus-Therian, M|43\/319
|-ability|p2a: Landorus-Therian|Intimidate|[of] p1a: Shellfish Blob
|-unboost|p1a: Shellfish Blob|atk|1
|switch|p1a: Anti-Blob|Gliscor, M|352\/352 tox
|
|turn|77
|
|switch|p1a: Shellfish Blob|Slowbro, M|259\/394
|move|p2a: Landorus-Therian|U-turn|p1a: Shellfish Blob
|-supereffective|p1a: Shellfish Blob
|-damage|p1a: Shellfish Blob|145\/394
|
|switch|p2a: Keldeo-Resolute|Keldeo-Resolute|203\/323 tox
|
|-damage|p2a: Keldeo-Resolute|183\/323 tox|[from] psn
|turn|78
|
|switch|p1a: Blob's Best Friend|Skarmory, M|277\/333
|move|p2a: Keldeo-Resolute|Secret Sword|p1a: Blob's Best Friend
|-damage|p1a: Blob's Best Friend|159\/333
|
|-damage|p2a: Keldeo-Resolute|143\/323 tox|[from] psn
|turn|79
|
|switch|p2a: Greninja|Greninja, M|285\/285
|move|p1a: Blob's Best Friend|Roost|p1a: Blob's Best Friend
|-heal|p1a: Blob's Best Friend|326\/333
|
|turn|80
|
|switch|p2a: Keldeo-Resolute|Keldeo-Resolute|143\/323 tox
|switch|p1a: Classic Blob|Chansey, F|688\/703
|
|-damage|p2a: Keldeo-Resolute|123\/323 tox|[from] psn
|turn|81
|
|switch|p1a: Shellfish Blob|Slowbro, M|276\/394
|move|p2a: Keldeo-Resolute|Secret Sword|p1a: Shellfish Blob
|-resisted|p1a: Shellfish Blob
|-damage|p1a: Shellfish Blob|195\/394
|
|-damage|p2a: Keldeo-Resolute|83\/323 tox|[from] psn
|turn|82
|
|switch|p2a: Umbreon|Umbreon, F|300\/394 tox
|move|p1a: Shellfish Blob|Slack Off|p1a: Shellfish Blob
|-heal|p1a: Shellfish Blob|392\/394
|
|-heal|p2a: Umbreon|324\/394 tox|[from] item: Leftovers
|-damage|p2a: Umbreon|300\/394 tox|[from] psn
|turn|83
|
|switch|p2a: Greninja|Greninja, M|285\/285
|switch|p1a: Anti-Blob|Gliscor, M|352\/352 tox
|
|turn|84
|
|switch|p2a: Landorus-Therian|Landorus-Therian, M|43\/319
|-ability|p2a: Landorus-Therian|Intimidate|[of] p1a: Anti-Blob
|-unboost|p1a: Anti-Blob|atk|1
|switch|p1a: Classic Blob|Chansey, F|688\/703
|
|turn|85
|
|switch|p1a: Blob's Best Friend|Skarmory, M|326\/333
|move|p2a: Landorus-Therian|U-turn|p1a: Blob's Best Friend
|-resisted|p1a: Blob's Best Friend
|-damage|p1a: Blob's Best Friend|314\/333
|
|switch|p2a: Greninja|Greninja, M|285\/285
|
|turn|86
|
|switch|p2a: Landorus-Therian|Landorus-Therian, M|43\/319
|-ability|p2a: Landorus-Therian|Intimidate|[of] p1a: Blob's Best Friend
|-unboost|p1a: Blob's Best Friend|atk|1
|switch|p1a: Classic Blob|Chansey, F|688\/703
|
|turn|87
|
|switch|p1a: Blob's Best Friend|Skarmory, M|314\/333
|move|p2a: Landorus-Therian|Knock Off|p1a: Blob's Best Friend
|-crit|p1a: Blob's Best Friend
|-damage|p1a: Blob's Best Friend|240\/333
|
|turn|88
|
|switch|p2a: Greninja|Greninja, M|285\/285
|move|p1a: Blob's Best Friend|Counter|p2a: Greninja
|-fail|p2a: Greninja
|
|turn|89
|
|switch|p2a: Landorus-Therian|Landorus-Therian, M|43\/319
|-ability|p2a: Landorus-Therian|Intimidate|[of] p1a: Blob's Best Friend
|-unboost|p1a: Blob's Best Friend|atk|1
|switch|p1a: Classic Blob|Chansey, F|688\/703
|
|turn|90
|
|switch|p1a: Blob's Best Friend|Skarmory, M|240\/333
|move|p2a: Landorus-Therian|U-turn|p1a: Blob's Best Friend
|-resisted|p1a: Blob's Best Friend
|-damage|p1a: Blob's Best Friend|228\/333
|
|switch|p2a: Greninja|Greninja, M|285\/285
|
|turn|91
|
|switch|p2a: Landorus-Therian|Landorus-Therian, M|43\/319
|-ability|p2a: Landorus-Therian|Intimidate|[of] p1a: Blob's Best Friend
|-unboost|p1a: Blob's Best Friend|atk|1
|switch|p1a: Classic Blob|Chansey, F|688\/703
|
|turn|92
|
|switch|p1a: Blob's Best Friend|Skarmory, M|228\/333
|move|p2a: Landorus-Therian|U-turn|p1a: Blob's Best Friend
|-resisted|p1a: Blob's Best Friend
|-damage|p1a: Blob's Best Friend|215\/333
|
|switch|p2a: Greninja|Greninja, M|285\/285
|
|turn|93
|
|switch|p2a: Landorus-Therian|Landorus-Therian, M|43\/319
|-ability|p2a: Landorus-Therian|Intimidate|[of] p1a: Blob's Best Friend
|-unboost|p1a: Blob's Best Friend|atk|1
|switch|p1a: Classic Blob|Chansey, F|688\/703
|
|turn|94
|
|switch|p1a: Blob's Best Friend|Skarmory, M|215\/333
|move|p2a: Landorus-Therian|U-turn|p1a: Blob's Best Friend
|-resisted|p1a: Blob's Best Friend
|-damage|p1a: Blob's Best Friend|201\/333
|
|switch|p2a: Greninja|Greninja, M|285\/285
|
|turn|95
|
|switch|p2a: Landorus-Therian|Landorus-Therian, M|43\/319
|-ability|p2a: Landorus-Therian|Intimidate|[of] p1a: Blob's Best Friend
|-unboost|p1a: Blob's Best Friend|atk|1
|switch|p1a: Classic Blob|Chansey, F|688\/703
|
|turn|96
|
|switch|p1a: Blob's Best Friend|Skarmory, M|201\/333
|move|p2a: Landorus-Therian|U-turn|p1a: Blob's Best Friend
|-resisted|p1a: Blob's Best Friend
|-damage|p1a: Blob's Best Friend|188\/333
|
|switch|p2a: Greninja|Greninja, M|285\/285
|
|turn|97
|
|switch|p2a: Landorus-Therian|Landorus-Therian, M|43\/319
|-ability|p2a: Landorus-Therian|Intimidate|[of] p1a: Blob's Best Friend
|-unboost|p1a: Blob's Best Friend|atk|1
|switch|p1a: Classic Blob|Chansey, F|688\/703
|
|turn|98
|
|switch|p1a: Blob's Best Friend|Skarmory, M|188\/333
|move|p2a: Landorus-Therian|U-turn|p1a: Blob's Best Friend
|-resisted|p1a: Blob's Best Friend
|-damage|p1a: Blob's Best Friend|176\/333
|
|switch|p2a: Greninja|Greninja, M|285\/285
|
|turn|99
|
|move|p2a: Greninja|Hidden Power|p1a: Blob's Best Friend
|-start|p2a: Greninja|typechange|Fire|[from] Protean
|-supereffective|p1a: Blob's Best Friend
|-damage|p1a: Blob's Best Friend|0 fnt
|-damage|p2a: Greninja|257\/285|[from] item: Life Orb
|faint|p1a: Blob's Best Friend
|
|
|switch|p1a: Classic Blob|Chansey, F|688\/703
|turn|100
|
|switch|p2a: Metagross|Metagross-Mega|301\/301
|move|p1a: Classic Blob|Toxic|p2a: Metagross
|-fail|p2a: Metagross
|
|turn|101
|
|switch|p2a: Greninja|Greninja, M|257\/285
|switch|p1a: Shellfish Blob|Slowbro, M|394\/394
|
|turn|102
|
|switch|p2a: Landorus-Therian|Landorus-Therian, M|43\/319
|-ability|p2a: Landorus-Therian|Intimidate|[of] p1a: Shellfish Blob
|-unboost|p1a: Shellfish Blob|atk|1
|switch|p1a: Classic Blob|Chansey, F|688\/703
|
|turn|103
|
|switch|p1a: Shellfish Blob|Slowbro, M|394\/394
|move|p2a: Landorus-Therian|U-turn|p1a: Shellfish Blob
|-supereffective|p1a: Shellfish Blob
|-damage|p1a: Shellfish Blob|260\/394
|
|switch|p2a: Greninja|Greninja, M|257\/285
|
|turn|104
|
|switch|p2a: Landorus-Therian|Landorus-Therian, M|43\/319
|-ability|p2a: Landorus-Therian|Intimidate|[of] p1a: Shellfish Blob
|-unboost|p1a: Shellfish Blob|atk|1
|switch|p1a: Classic Blob|Chansey, F|688\/703
|
|turn|105
|
|switch|p1a: Shellfish Blob|Slowbro, M|391\/394
|move|p2a: Landorus-Therian|U-turn|p1a: Shellfish Blob
|-supereffective|p1a: Shellfish Blob
|-damage|p1a: Shellfish Blob|265\/394
|
|switch|p2a: Greninja|Greninja, M|257\/285
|
|turn|106
|
|switch|p2a: Landorus-Therian|Landorus-Therian, M|43\/319
|-ability|p2a: Landorus-Therian|Intimidate|[of] p1a: Shellfish Blob
|-unboost|p1a: Shellfish Blob|atk|1
|switch|p1a: Classic Blob|Chansey, F|688\/703
|
|turn|107
|
|switch|p1a: Shellfish Blob|Slowbro, M|394\/394
|move|p2a: Landorus-Therian|U-turn|p1a: Shellfish Blob
|-supereffective|p1a: Shellfish Blob
|-damage|p1a: Shellfish Blob|274\/394
|
|switch|p2a: Greninja|Greninja, M|257\/285
|
|turn|108
|
|switch|p2a: Landorus-Therian|Landorus-Therian, M|43\/319
|-ability|p2a: Landorus-Therian|Intimidate|[of] p1a: Shellfish Blob
|-unboost|p1a: Shellfish Blob|atk|1
|switch|p1a: Classic Blob|Chansey, F|688\/703
|
|turn|109
|
|switch|p1a: Shellfish Blob|Slowbro, M|394\/394
|move|p2a: Landorus-Therian|U-turn|p1a: Shellfish Blob
|-supereffective|p1a: Shellfish Blob
|-damage|p1a: Shellfish Blob|276\/394
|
|switch|p2a: Greninja|Greninja, M|257\/285
|
|turn|110
|c|★AnybodyAgrees|yes, I'd rather PP stall u-turn than try to predict the switch
|
|switch|p2a: Landorus-Therian|Landorus-Therian, M|43\/319
|-ability|p2a: Landorus-Therian|Intimidate|[of] p1a: Shellfish Blob
|-unboost|p1a: Shellfish Blob|atk|1
|switch|p1a: Classic Blob|Chansey, F|688\/703
|
|turn|111
|
|switch|p1a: Shellfish Blob|Slowbro, M|394\/394
|move|p2a: Landorus-Therian|U-turn|p1a: Shellfish Blob
|-supereffective|p1a: Shellfish Blob
|-damage|p1a: Shellfish Blob|272\/394
|
|switch|p2a: Greninja|Greninja, M|257\/285
|
|turn|112
|
|switch|p2a: Landorus-Therian|Landorus-Therian, M|43\/319
|-ability|p2a: Landorus-Therian|Intimidate|[of] p1a: Shellfish Blob
|-unboost|p1a: Shellfish Blob|atk|1
|switch|p1a: Classic Blob|Chansey, F|688\/703
|
|turn|113
|
|switch|p1a: Shellfish Blob|Slowbro, M|394\/394
|move|p2a: Landorus-Therian|U-turn|p1a: Shellfish Blob
|-supereffective|p1a: Shellfish Blob
|-damage|p1a: Shellfish Blob|264\/394
|
|switch|p2a: Greninja|Greninja, M|257\/285
|
|turn|114
|
|switch|p2a: Landorus-Therian|Landorus-Therian, M|43\/319
|-ability|p2a: Landorus-Therian|Intimidate|[of] p1a: Shellfish Blob
|-unboost|p1a: Shellfish Blob|atk|1
|switch|p1a: Classic Blob|Chansey, F|688\/703
|
|turn|115
|
|switch|p1a: Shellfish Blob|Slowbro, M|394\/394
|move|p2a: Landorus-Therian|U-turn|p1a: Shellfish Blob
|-supereffective|p1a: Shellfish Blob
|-damage|p1a: Shellfish Blob|268\/394
|
|switch|p2a: Umbreon|Umbreon, F|300\/394 tox
|
|-heal|p2a: Umbreon|324\/394 tox|[from] item: Leftovers
|-damage|p2a: Umbreon|300\/394 tox|[from] psn
|turn|116
|
|switch|p1a: Anti-Blob|Gliscor, M|352\/352 tox
|move|p2a: Umbreon|Wish|p2a: Umbreon
|
|-heal|p2a: Umbreon|324\/394 tox|[from] item: Leftovers
|-damage|p2a: Umbreon|276\/394 tox|[from] psn
|turn|117
|
|switch|p2a: Keldeo-Resolute|Keldeo-Resolute|83\/323 tox
|move|p1a: Anti-Blob|Stealth Rock|p2a: Keldeo-Resolute
|-sidestart|p2: dghfghfgd|move: Stealth Rock
|
|-heal|p2a: Keldeo-Resolute|280\/323 tox|[from] move: Wish|[wisher] Umbreon
|-damage|p2a: Keldeo-Resolute|260\/323 tox|[from] psn
|turn|118
|
|switch|p1a: Shellfish Blob|Slowbro, M|394\/394
|move|p2a: Keldeo-Resolute|Hidden Power|p1a: Shellfish Blob
|-supereffective|p1a: Shellfish Blob
|-damage|p1a: Shellfish Blob|144\/394
|
|-damage|p2a: Keldeo-Resolute|220\/323 tox|[from] psn
|turn|119
|
|switch|p2a: Umbreon|Umbreon, F|276\/394 tox
|-damage|p2a: Umbreon|227\/394 tox|[from] Stealth Rock
|switch|p1a: Anti-Blob|Gliscor, M|352\/352 tox
|
|-heal|p2a: Umbreon|251\/394 tox|[from] item: Leftovers
|-damage|p2a: Umbreon|227\/394 tox|[from] psn
|turn|120
|
|switch|p1a: Shellfish Blob|Slowbro, M|275\/394
|move|p2a: Umbreon|Wish|p2a: Umbreon
|
|-heal|p2a: Umbreon|251\/394 tox|[from] item: Leftovers
|-damage|p2a: Umbreon|203\/394 tox|[from] psn
|turn|121
|
|switch|p1a: Anti-Blob|Gliscor, M|352\/352 tox
|move|p2a: Umbreon|Toxic|p1a: Anti-Blob
|-fail|p1a: Anti-Blob|tox
|
|-heal|p2a: Umbreon|394\/394 tox|[from] move: Wish|[wisher] Umbreon
|-damage|p2a: Umbreon|322\/394 tox|[from] psn
|turn|122
|
|move|p1a: Anti-Blob|Earthquake|p2a: Umbreon
|-damage|p2a: Umbreon|228\/394 tox
|move|p2a: Umbreon|Wish|p2a: Umbreon
|
|-heal|p2a: Umbreon|252\/394 tox|[from] item: Leftovers
|-damage|p2a: Umbreon|156\/394 tox|[from] psn
|turn|123
|
|switch|p1a: Shellfish Blob|Slowbro, M|394\/394
|switch|p2a: Greninja|Greninja, M|257\/285
|-damage|p2a: Greninja|222\/285|[from] Stealth Rock
|
|-heal|p2a: Greninja|285\/285|[from] move: Wish|[wisher] Umbreon
|turn|124
|
|switch|p2a: Keldeo-Resolute|Keldeo-Resolute|220\/323 tox
|-damage|p2a: Keldeo-Resolute|200\/323 tox|[from] Stealth Rock
|switch|p1a: Classic Blob|Chansey, F|688\/703
|
|-damage|p2a: Keldeo-Resolute|180\/323 tox|[from] psn
|turn|125
|
|switch|p1a: Shellfish Blob|Slowbro, M|394\/394
|move|p2a: Keldeo-Resolute|Scald|p1a: Shellfish Blob
|-resisted|p1a: Shellfish Blob
|-damage|p1a: Shellfish Blob|265\/394
|
|-damage|p2a: Keldeo-Resolute|140\/323 tox|[from] psn
|turn|126
|
|move|p2a: Keldeo-Resolute|Scald|p1a: Shellfish Blob
|-resisted|p1a: Shellfish Blob
|-damage|p1a: Shellfish Blob|148\/394
|move|p1a: Shellfish Blob|Scald|p2a: Keldeo-Resolute
|-resisted|p2a: Keldeo-Resolute
|-damage|p2a: Keldeo-Resolute|89\/323 tox
|
|-damage|p2a: Keldeo-Resolute|29\/323 tox|[from] psn
|turn|127
|
|move|p2a: Keldeo-Resolute|Scald|p1a: Shellfish Blob
|-resisted|p1a: Shellfish Blob
|-damage|p1a: Shellfish Blob|19\/394
|-status|p1a: Shellfish Blob|brn
|move|p1a: Shellfish Blob|Slack Off|p1a: Shellfish Blob
|-heal|p1a: Shellfish Blob|216\/394 brn
|
|-damage|p2a: Keldeo-Resolute|0 fnt|[from] psn
|-damage|p1a: Shellfish Blob|167\/394 brn|[from] brn
|faint|p2a: Keldeo-Resolute
|
|switch|p2a: Metagross|Metagross-Mega|301\/301
|-damage|p2a: Metagross|283\/301|[from] Stealth Rock
|turn|128
|
|switch|p1a: Classic Blob|Chansey, F|688\/703
|move|p2a: Metagross|Zen Headbutt|p1a: Classic Blob
|-damage|p1a: Classic Blob|397\/703
|
|turn|129
|
|switch|p1a: Shellfish Blob|Slowbro, M|298\/394 brn
|move|p2a: Metagross|Meteor Mash|p1a: Shellfish Blob|[miss]
|-miss|p2a: Metagross|p1a: Shellfish Blob
|
|-damage|p1a: Shellfish Blob|249\/394 brn|[from] brn
|turn|130
|
|move|p2a: Metagross|Zen Headbutt|p1a: Shellfish Blob
|-resisted|p1a: Shellfish Blob
|-damage|p1a: Shellfish Blob|180\/394 brn
|move|p1a: Shellfish Blob|Slack Off|p1a: Shellfish Blob
|-heal|p1a: Shellfish Blob|377\/394 brn
|
|-damage|p1a: Shellfish Blob|328\/394 brn|[from] brn
|turn|131
|
|switch|p2a: Greninja|Greninja, M|285\/285
|-damage|p2a: Greninja|250\/285|[from] Stealth Rock
|move|p1a: Shellfish Blob|Scald|p2a: Greninja
|-resisted|p2a: Greninja
|-damage|p2a: Greninja|183\/285
|
|-damage|p1a: Shellfish Blob|279\/394 brn|[from] brn
|turn|132
|
|switch|p2a: Metagross|Metagross-Mega|283\/301
|-damage|p2a: Metagross|265\/301|[from] Stealth Rock
|switch|p1a: Anti-Blob|Gliscor, M|352\/352 tox
|
|turn|133
|
|switch|p1a: Shellfish Blob|Slowbro, M|394\/394 brn
|move|p2a: Metagross|Meteor Mash|p1a: Shellfish Blob
|-resisted|p1a: Shellfish Blob
|-damage|p1a: Shellfish Blob|312\/394 brn
|-boost|p2a: Metagross|atk|1
|
|-damage|p1a: Shellfish Blob|263\/394 brn|[from] brn
|turn|134
|
|move|p2a: Metagross|Zen Headbutt|p1a: Shellfish Blob|[miss]
|-miss|p2a: Metagross|p1a: Shellfish Blob
|move|p1a: Shellfish Blob|Scald|p2a: Metagross
|-damage|p2a: Metagross|178\/301
|
|-damage|p1a: Shellfish Blob|214\/394 brn|[from] brn
|turn|135
|
|move|p2a: Metagross|Zen Headbutt|p1a: Shellfish Blob|[miss]
|-miss|p2a: Metagross|p1a: Shellfish Blob
|move|p1a: Shellfish Blob|Slack Off|p1a: Shellfish Blob
|-heal|p1a: Shellfish Blob|394\/394 brn
|
|-damage|p1a: Shellfish Blob|345\/394 brn|[from] brn
|turn|136
|
|move|p2a: Metagross|Zen Headbutt|p1a: Shellfish Blob
|-crit|p1a: Shellfish Blob
|-resisted|p1a: Shellfish Blob
|-damage|p1a: Shellfish Blob|194\/394 brn
|move|p1a: Shellfish Blob|Scald|p2a: Metagross
|-damage|p2a: Metagross|93\/301
|
|-damage|p1a: Shellfish Blob|145\/394 brn|[from] brn
|turn|137
|
|move|p2a: Metagross|Zen Headbutt|p1a: Shellfish Blob
|-resisted|p1a: Shellfish Blob
|-damage|p1a: Shellfish Blob|46\/394 brn
|cant|p1a: Shellfish Blob|flinch
|
|-damage|p1a: Shellfish Blob|0 fnt|[from] brn
|faint|p1a: Shellfish Blob
|
|switch|p1a: Anti-Blob|Gliscor, M|352\/352 tox
|turn|138
|c|★AnybodyAgrees|gg
|
|move|p2a: Metagross|Ice Punch|p1a: Anti-Blob
|-supereffective|p1a: Anti-Blob
|-damage|p1a: Anti-Blob|0 fnt
|faint|p1a: Anti-Blob
|
|c|★dghfghfgd|no fuck you
|
|switch|p1a: Classic Blob|Chansey, F|397\/703
|turn|139
|c|★dghfghfgd|you said gg turn 40ish and didnt quit
|c|★dghfghfgd|fuck off with your dumb stall
|c|★AnybodyAgrees|I thought I was fucked from there
|c|★dghfghfgd|well your a scumbag for saying gg and not forfeiting
|
|move|p2a: Metagross|Meteor Mash|p1a: Classic Blob
|-damage|p1a: Classic Blob|0 fnt
|faint|p1a: Classic Blob
|
|win|dghfghfgd
|raw|Ladder updating...
|raw|AnybodyAgrees's rating: 1524 &rarr; <strong>1506<\/strong><br \/>(-18 for losing)
|raw|dghfghfgd's rating: 1558 &rarr; <strong>1576<\/strong><br \/>(+18 for winning)
|leave|dghfghfgd
|player|p2
|join|dghfghfgd
|leave|AnybodyAgrees
|player|p1