|join|Cotton Picker Jim
|join|help im on drugs
|player|p1|Cotton Picker Jim|247
|player|p2|help im on drugs|184
|gametype|singles
|gen|6
|tier|UU
|rated
|rule|Sleep Clause Mod: Limit one foe put to sleep
|rule|Species Clause: Limit one of each Pokémon
|rule|OHKO Clause: OHKO moves are banned
|rule|Moody Clause: Moody is banned
|rule|Evasion Moves Clause: Evasion moves are banned
|rule|Endless Battle Clause: Forcing endless battles is banned
|rule|HP Percentage Mod: HP is shown in percentages
|clearpoke
|poke|p1|Hippowdon, M
|poke|p1|Reuniclus, M
|poke|p1|Doublade, M, shiny
|poke|p1|Entei, shiny
|poke|p1|Virizion
|poke|p1|Blastoise, M
|poke|p2|Vaporeon, F
|poke|p2|Sceptile, F
|poke|p2|Donphan, F
|poke|p2|Jirachi
|poke|p2|Chandelure, F, shiny
|poke|p2|Nidoqueen, F, shiny
|rule|Swagger Clause: Swagger is banned
|rule|Baton Pass Clause: Limit one Pokémon knowing Baton Pass
|teampreview
|
|start
|switch|p1a: Shellshock|Blastoise, M|322\/322
|switch|p2a: o crismas tree|Sceptile, F|281\/281
|turn|1
|
|detailschange|p2a: o crismas tree|Sceptile-Mega, F
|-mega|p2a: o crismas tree|Sceptile|Sceptilite
|detailschange|p1a: Shellshock|Blastoise-Mega, M
|-mega|p1a: Shellshock|Blastoise|Blastoisinite
|move|p2a: o crismas tree|Giga Drain|p1a: Shellshock
|-supereffective|p1a: Shellshock
|-damage|p1a: Shellshock|50\/322
|move|p1a: Shellshock|Ice Beam|p2a: o crismas tree
|-supereffective|p2a: o crismas tree
|-damage|p2a: o crismas tree|0 fnt
|faint|p2a: o crismas tree
|
|
|switch|p2a: La Cucarachi|Jirachi|341\/341
|turn|2
|join|Geobrodude
|
|switch|p1a: Mufasa|Entei, shiny|371\/371
|-ability|p1a: Mufasa|Pressure
|move|p2a: La Cucarachi|U-turn|p1a: Mufasa
|-resisted|p1a: Mufasa
|-damage|p1a: Mufasa|329\/371
|
|switch|p2a: hawt fiya|Chandelure, F, shiny|261\/261
|
|turn|3
|
|switch|p2a: is luv is life|Nidoqueen, F, shiny|358\/358
|move|p1a: Mufasa|Stone Edge|p2a: is luv is life
|-resisted|p2a: is luv is life
|-damage|p2a: is luv is life|254\/358
|
|turn|4
|
|switch|p1a: Darude|Hippowdon, M|417\/417
|-weather|Sandstorm
|move|p2a: is luv is life|Ice Beam|p1a: Darude
|-supereffective|p1a: Darude
|-damage|p1a: Darude|160\/417
|
|-weather|Sandstorm|[upkeep]
|-heal|p1a: Darude|186\/417|[from] item: Leftovers
|turn|5
|
|move|p2a: is luv is life|Ice Beam|p1a: Darude
|-supereffective|p1a: Darude
|-damage|p1a: Darude|0 fnt
|faint|p1a: Darude
|
|-weather|Sandstorm|[upkeep]
|
|switch|p1a: Zim|Reuniclus, M|422\/422
|turn|6
|
|switch|p2a: La Cucarachi|Jirachi|341\/341
|move|p1a: Zim|Calm Mind|p1a: Zim
|-boost|p1a: Zim|spa|1
|-boost|p1a: Zim|spd|1
|
|-weather|Sandstorm|[upkeep]
|turn|7
|
|switch|p1a: Mufasa|Entei, shiny|329\/371
|-ability|p1a: Mufasa|Pressure
|move|p2a: La Cucarachi|Trick|p1a: Mufasa
|-activate|p2a: La Cucarachi|move: Trick|[of] p1a: Mufasa
|-item|p1a: Mufasa|Choice Scarf|[from] move: Trick
|-item|p2a: La Cucarachi|Choice Band|[from] move: Trick
|
|-weather|Sandstorm|[upkeep]
|-damage|p1a: Mufasa|306\/371|[from] sandstorm
|turn|8
|
|move|p1a: Mufasa|Sacred Fire|p2a: La Cucarachi
|-supereffective|p2a: La Cucarachi
|-damage|p2a: La Cucarachi|0 fnt
|faint|p2a: La Cucarachi
|
|-weather|none
|
|switch|p2a: hawt fiya|Chandelure, F, shiny|261\/261
|turn|9
|c| Geobrodude|inb4 infiltrator
|
|switch|p1a: Shellshock|Blastoise-Mega, M|50\/322
|move|p2a: hawt fiya|Calm Mind|p2a: hawt fiya
|-boost|p2a: hawt fiya|spa|1
|-boost|p2a: hawt fiya|spd|1
|
|turn|10
|
|move|p2a: hawt fiya|Shadow Ball|p1a: Shellshock
|-damage|p1a: Shellshock|0 fnt
|faint|p1a: Shellshock
|
|
|switch|p1a: Mufasa|Entei, shiny|306\/371
|-ability|p1a: Mufasa|Pressure
|turn|11
|
|switch|p2a: sea man|Vaporeon, F|464\/464
|move|p1a: Mufasa|Sacred Fire|p2a: sea man
|-resisted|p2a: sea man
|-damage|p2a: sea man|370\/464
|-status|p2a: sea man|brn
|
|-heal|p2a: sea man|399\/464 brn|[from] item: Leftovers
|-damage|p2a: sea man|341\/464 brn|[from] brn
|turn|12
|
|switch|p1a: Virizion|Virizion|323\/323
|move|p2a: sea man|Baton Pass|p2a: sea man
|
|switch|p2a: is luv is life|Nidoqueen, F, shiny|254\/358
|
|turn|13
|
|move|p1a: Virizion|Leaf Blade|p2a: is luv is life
|-crit|p2a: is luv is life
|-damage|p2a: is luv is life|0 fnt
|-damage|p1a: Virizion|291\/323|[from] item: Life Orb
|faint|p2a: is luv is life
|
|
|switch|p2a: Nascar Hippo|Donphan, F|343\/343
|turn|14
|
|move|p2a: Nascar Hippo|Ice Shard|p1a: Virizion
|-supereffective|p1a: Virizion
|-damage|p1a: Virizion|155\/323
|move|p1a: Virizion|Leaf Blade|p2a: Nascar Hippo
|-supereffective|p2a: Nascar Hippo
|-damage|p2a: Nascar Hippo|86\/343
|-damage|p1a: Virizion|123\/323|[from] item: Life Orb
|
|turn|15
|
|move|p1a: Virizion|Leaf Blade|p2a: Nascar Hippo
|-supereffective|p2a: Nascar Hippo
|-damage|p2a: Nascar Hippo|0 fnt
|-damage|p1a: Virizion|91\/323|[from] item: Life Orb
|faint|p2a: Nascar Hippo
|
|
|switch|p2a: hawt fiya|Chandelure, F, shiny|261\/261
|turn|16
|
|move|p1a: Virizion|Stone Edge|p2a: hawt fiya
|-supereffective|p2a: hawt fiya
|-damage|p2a: hawt fiya|0 fnt
|-damage|p1a: Virizion|59\/323|[from] item: Life Orb
|faint|p2a: hawt fiya
|
|c|★Cotton Picker Jim|dmt?
|-message|help im on drugs forfeited.
|
|win|Cotton Picker Jim
|raw|Ladder updating...
|leave|help im on drugs
|player|p2
|raw|Cotton Picker Jim's rating: 1461 &rarr; <strong>1481<\/strong><br \/>(+20 for winning)
|raw|help im on drugs's rating: 1475 &rarr; <strong>1454<\/strong><br \/>(-21 for losing)
|c| Geobrodude|shouf
|c|★Cotton Picker Jim|shrekt