|join|Cotton Picker Jim
|join|imgoodatuu
|player|p1|Cotton Picker Jim|172
|player|p2|imgoodatuu|68
|gametype|singles
|gen|6
|tier|UU
|rated
|rule|Sleep Clause Mod: Limit one foe put to sleep
|rule|Species Clause: Limit one of each Pokémon
|rule|OHKO Clause: OHKO moves are banned
|rule|Moody Clause: Moody is banned
|rule|Evasion Moves Clause: Evasion moves are banned
|rule|Endless Battle Clause: Forcing endless battles is banned
|rule|HP Percentage Mod: HP is shown in percentages
|clearpoke
|poke|p1|Medicham, F
|poke|p1|Escavalier, M
|poke|p1|Vaporeon, M
|poke|p1|Krookodile, M
|poke|p1|Forretress, M, shiny
|poke|p1|Blissey, F
|poke|p2|Machamp, M
|poke|p2|Jirachi
|poke|p2|Vaporeon, F
|poke|p2|Crobat, F
|poke|p2|Hydreigon, M
|poke|p2|Nidoqueen, F
|rule|Swagger Clause: Swagger is banned
|rule|Baton Pass Clause: Limit one Pokémon knowing Baton Pass
|teampreview
|join|dsaaszczdcs
|
|start
|switch|p1a: Krookodile|Krookodile, M|331\/331
|switch|p2a: Batman XDD|Crobat, F|369\/369
|-ability|p1a: Krookodile|Intimidate|[of] p2a: Batman XDD
|-unboost|p2a: Batman XDD|atk|1
|turn|1
|join|henry
|
|move|p2a: Batman XDD|U-turn|p1a: Krookodile
|-supereffective|p1a: Krookodile
|-damage|p1a: Krookodile|245\/331
|
|switch|p2a: rip politoed|Vaporeon, F|452\/452
|move|p1a: Krookodile|Stealth Rock|p2a: rip politoed
|-sidestart|p2: imgoodatuu|move: Stealth Rock
|
|turn|2
|leave|henry
|
|switch|p1a: Vaporeon|Vaporeon, M|451\/451
|move|p2a: rip politoed|Wish|p2a: rip politoed
|
|turn|3
|join|mouse de frank
|
|move|p2a: rip politoed|Baton Pass|p2a: rip politoed
|
|switch|p2a: champ'ed what els|Machamp, M|343\/343
|-damage|p2a: champ'ed what els|322\/343|[from] Stealth Rock
|move|p1a: Vaporeon|Baton Pass|p1a: Vaporeon
|
|switch|p1a: Sultan Nipple Knee|Medicham, F|261\/261
|
|-heal|p2a: champ'ed what els|343\/343|[from] move: Wish|[wisher] rip politoed
|turn|4
|
|switch|p2a: im a douche|Jirachi|341\/341
|-damage|p2a: im a douche|320\/341|[from] Stealth Rock
|detailschange|p1a: Sultan Nipple Knee|Medicham-Mega, F
|-mega|p1a: Sultan Nipple Knee|Medicham|Medichamite
|move|p1a: Sultan Nipple Knee|Fake Out|p2a: im a douche
|-resisted|p2a: im a douche
|-damage|p2a: im a douche|279\/341
|
|turn|5
|
|switch|p1a: Walnut|Forretress, M, shiny|353\/353
|move|p2a: im a douche|U-turn|p1a: Walnut
|-resisted|p1a: Walnut
|-damage|p1a: Walnut|334\/353
|
|switch|p2a: Meghan Trainor|Nidoqueen, F|351\/351
|-damage|p2a: Meghan Trainor|330\/351|[from] Stealth Rock
|
|-heal|p1a: Walnut|353\/353|[from] item: Leftovers
|turn|6
|
|move|p2a: Meghan Trainor|Stealth Rock|p1a: Walnut
|-sidestart|p1: Cotton Picker Jim|move: Stealth Rock
|move|p1a: Walnut|Spikes|p2a: Meghan Trainor
|-sidestart|p2: imgoodatuu|Spikes
|
|turn|7
|
|switch|p1a: Teen Mom|Blissey, F|714\/714
|-damage|p1a: Teen Mom|625\/714|[from] Stealth Rock
|move|p2a: Meghan Trainor|Earth Power|p1a: Teen Mom
|-damage|p1a: Teen Mom|472\/714
|
|-heal|p1a: Teen Mom|516\/714|[from] item: Leftovers
|turn|8
|
|switch|p2a: champ'ed what els|Machamp, M|343\/343
|-damage|p2a: champ'ed what els|301\/343|[from] Spikes
|-damage|p2a: champ'ed what els|280\/343|[from] Stealth Rock
|move|p1a: Teen Mom|Seismic Toss|p2a: champ'ed what els
|-damage|p2a: champ'ed what els|180\/343
|
|-heal|p1a: Teen Mom|560\/714|[from] item: Leftovers
|turn|9
|
|move|p1a: Teen Mom|Protect|p1a: Teen Mom
|-singleturn|p1a: Teen Mom|Protect
|move|p2a: champ'ed what els|Close Combat|p1a: Teen Mom
|-activate|p1a: Teen Mom|Protect
|
|-heal|p1a: Teen Mom|604\/714|[from] item: Leftovers
|turn|10
|
|switch|p1a: KnightsOfTheRound|Escavalier, M|323\/323
|-damage|p1a: KnightsOfTheRound|283\/323|[from] Stealth Rock
|move|p2a: champ'ed what els|Close Combat|p1a: KnightsOfTheRound
|-damage|p1a: KnightsOfTheRound|0 fnt
|-unboost|p2a: champ'ed what els|def|1
|-unboost|p2a: champ'ed what els|spd|1
|faint|p1a: KnightsOfTheRound
|
|
|switch|p1a: Sultan Nipple Knee|Medicham-Mega, F|261\/261
|-damage|p1a: Sultan Nipple Knee|245\/261|[from] Stealth Rock
|turn|11
|
|switch|p2a: rip politoed|Vaporeon, F|452\/452
|-damage|p2a: rip politoed|396\/452|[from] Stealth Rock
|-damage|p2a: rip politoed|340\/452|[from] Spikes
|move|p1a: Sultan Nipple Knee|High Jump Kick|p2a: rip politoed
|-damage|p2a: rip politoed|0 fnt
|faint|p2a: rip politoed
|
|
|switch|p2a: Batman XDD|Crobat, F|369\/369
|-damage|p2a: Batman XDD|277\/369|[from] Stealth Rock
|turn|12
|
|switch|p1a: Walnut|Forretress, M, shiny|353\/353
|-damage|p1a: Walnut|309\/353|[from] Stealth Rock
|move|p2a: Batman XDD|Brave Bird|p1a: Walnut
|-damage|p1a: Walnut|231\/353
|-damage|p2a: Batman XDD|251\/369|[from] recoil|[of] p1a: Walnut
|
|-heal|p2a: Batman XDD|274\/369|[from] item: Black Sludge
|-heal|p1a: Walnut|253\/353|[from] item: Leftovers
|turn|13
|
|move|p2a: Batman XDD|Defog|p1a: Walnut
|-unboost|p1a: Walnut|evasion|1
|-sideend|p1: Cotton Picker Jim|Stealth Rock|[from] move: Defog|[of] p1a: Walnut
|-sideend|p2: imgoodatuu|Spikes|[from] move: Defog|[of] p2a: Batman XDD
|-sideend|p2: imgoodatuu|Stealth Rock|[from] move: Defog|[of] p2a: Batman XDD
|move|p1a: Walnut|Spikes|p2a: Batman XDD
|-sidestart|p2: imgoodatuu|Spikes
|
|-heal|p2a: Batman XDD|297\/369|[from] item: Black Sludge
|-heal|p1a: Walnut|275\/353|[from] item: Leftovers
|turn|14
|
|move|p2a: Batman XDD|U-turn|p1a: Walnut
|-resisted|p1a: Walnut
|-damage|p1a: Walnut|259\/353
|
|switch|p2a: Meghan Trainor|Nidoqueen, F|330\/351
|-damage|p2a: Meghan Trainor|287\/351|[from] Spikes
|move|p1a: Walnut|Spikes|p2a: Meghan Trainor
|-sidestart|p2: imgoodatuu|Spikes
|
|-heal|p1a: Walnut|281\/353|[from] item: Leftovers
|turn|15
|
|switch|p1a: Teen Mom|Blissey, F|604\/714
|move|p2a: Meghan Trainor|Stealth Rock|p1a: Teen Mom
|-sidestart|p1: Cotton Picker Jim|move: Stealth Rock
|
|-heal|p1a: Teen Mom|648\/714|[from] item: Leftovers
|turn|16
|
|switch|p2a: champ'ed what els|Machamp, M|180\/343
|-damage|p2a: champ'ed what els|123\/343|[from] Spikes
|move|p1a: Teen Mom|Seismic Toss|p2a: champ'ed what els
|-damage|p2a: champ'ed what els|23\/343
|
|-heal|p1a: Teen Mom|692\/714|[from] item: Leftovers
|turn|17
|
|move|p1a: Teen Mom|Protect|p1a: Teen Mom
|-singleturn|p1a: Teen Mom|Protect
|move|p2a: champ'ed what els|Close Combat|p1a: Teen Mom
|-activate|p1a: Teen Mom|Protect
|
|-heal|p1a: Teen Mom|714\/714|[from] item: Leftovers
|turn|18
|
|switch|p1a: Vaporeon|Vaporeon, M|451\/451
|-damage|p1a: Vaporeon|395\/451|[from] Stealth Rock
|move|p2a: champ'ed what els|Close Combat|p1a: Vaporeon
|-damage|p1a: Vaporeon|10\/451
|-unboost|p2a: champ'ed what els|def|1
|-unboost|p2a: champ'ed what els|spd|1
|
|-heal|p1a: Vaporeon|38\/451|[from] item: Leftovers
|turn|19
|
|switch|p2a: wanna yiff|Hydreigon, M|325\/325
|move|p1a: Vaporeon|Protect|p1a: Vaporeon
|-fail|p1a: Vaporeon
|
|-heal|p1a: Vaporeon|66\/451|[from] item: Leftovers
|turn|20
|
|move|p1a: Vaporeon|Protect|p1a: Vaporeon
|-singleturn|p1a: Vaporeon|Protect
|move|p2a: wanna yiff|Dark Pulse|p1a: Vaporeon
|-activate|p1a: Vaporeon|Protect
|
|-heal|p1a: Vaporeon|94\/451|[from] item: Leftovers
|turn|21
|
|move|p2a: wanna yiff|Dark Pulse|p1a: Vaporeon
|-damage|p1a: Vaporeon|0 fnt
|faint|p1a: Vaporeon
|
|
|switch|p1a: Teen Mom|Blissey, F|714\/714
|-damage|p1a: Teen Mom|625\/714|[from] Stealth Rock
|turn|22
|
|switch|p2a: im a douche|Jirachi|279\/341
|-damage|p2a: im a douche|223\/341|[from] Spikes
|move|p1a: Teen Mom|Seismic Toss|p2a: im a douche
|-damage|p2a: im a douche|123\/341
|
|-heal|p1a: Teen Mom|669\/714|[from] item: Leftovers
|turn|23
|
|move|p1a: Teen Mom|Protect|p1a: Teen Mom
|-singleturn|p1a: Teen Mom|Protect
|move|p2a: im a douche|Healing Wish|p2a: im a douche
|faint|p2a: im a douche
|
|-heal|p1a: Teen Mom|713\/714|[from] item: Leftovers
|
|switch|p2a: champ'ed what els|Machamp, M|23\/343
|-heal|p2a: champ'ed what els|343\/343|[from] move: Healing Wish
|-damage|p2a: champ'ed what els|286\/343|[from] Spikes
|turn|24
|c| dsaaszczdcs|owned'
|
|move|p1a: Teen Mom|Protect|p1a: Teen Mom
|-singleturn|p1a: Teen Mom|Protect
|move|p2a: champ'ed what els|Close Combat|p1a: Teen Mom
|-activate|p1a: Teen Mom|Protect
|
|-heal|p1a: Teen Mom|714\/714|[from] item: Leftovers
|turn|25
|c|★imgoodatuu|what
|c|★imgoodatuu|why
|c|★imgoodatuu|why risk that
|c|★imgoodatuu|that was so bad
|
|switch|p1a: Walnut|Forretress, M, shiny|281\/353
|-damage|p1a: Walnut|237\/353|[from] Stealth Rock
|move|p2a: champ'ed what els|Close Combat|p1a: Walnut
|-damage|p1a: Walnut|48\/353
|-unboost|p2a: champ'ed what els|def|1
|-unboost|p2a: champ'ed what els|spd|1
|
|-heal|p1a: Walnut|70\/353|[from] item: Leftovers
|turn|26
|
|move|p2a: champ'ed what els|Close Combat|p1a: Walnut
|-damage|p1a: Walnut|0 fnt
|-unboost|p2a: champ'ed what els|def|1
|-unboost|p2a: champ'ed what els|spd|1
|faint|p1a: Walnut
|
|
|switch|p1a: Sultan Nipple Knee|Medicham-Mega, F|245\/261
|-damage|p1a: Sultan Nipple Knee|229\/261|[from] Stealth Rock
|turn|27
|
|switch|p2a: Meghan Trainor|Nidoqueen, F|287\/351
|-damage|p2a: Meghan Trainor|229\/351|[from] Spikes
|move|p1a: Sultan Nipple Knee|Zen Headbutt|p2a: Meghan Trainor
|-supereffective|p2a: Meghan Trainor
|-damage|p2a: Meghan Trainor|0 fnt
|faint|p2a: Meghan Trainor
|
|
|switch|p2a: Batman XDD|Crobat, F|297\/369
|turn|28
|
|switch|p1a: Krookodile|Krookodile, M|245\/331
|-damage|p1a: Krookodile|225\/331|[from] Stealth Rock
|-ability|p1a: Krookodile|Intimidate|[of] p2a: Batman XDD
|-unboost|p2a: Batman XDD|atk|1
|move|p2a: Batman XDD|U-turn|p1a: Krookodile
|-crit|p1a: Krookodile
|-supereffective|p1a: Krookodile
|-damage|p1a: Krookodile|41\/331
|
|switch|p2a: wanna yiff|Hydreigon, M|325\/325
|
|turn|29
|
|move|p2a: wanna yiff|U-turn|p1a: Krookodile
|-supereffective|p1a: Krookodile
|-damage|p1a: Krookodile|0 fnt
|faint|p1a: Krookodile
|
|switch|p2a: Batman XDD|Crobat, F|297\/369
|
|-heal|p2a: Batman XDD|320\/369|[from] item: Black Sludge
|
|switch|p1a: Teen Mom|Blissey, F|714\/714
|-damage|p1a: Teen Mom|625\/714|[from] Stealth Rock
|turn|30
|
|move|p2a: Batman XDD|U-turn|p1a: Teen Mom
|-damage|p1a: Teen Mom|517\/714
|
|switch|p2a: champ'ed what els|Machamp, M|286\/343
|-damage|p2a: champ'ed what els|229\/343|[from] Spikes
|move|p1a: Teen Mom|Seismic Toss|p2a: champ'ed what els
|-damage|p2a: champ'ed what els|129\/343
|
|-heal|p1a: Teen Mom|561\/714|[from] item: Leftovers
|turn|31
|
|move|p1a: Teen Mom|Protect|p1a: Teen Mom
|-singleturn|p1a: Teen Mom|Protect
|move|p2a: champ'ed what els|Knock Off|p1a: Teen Mom
|-activate|p1a: Teen Mom|Protect
|
|-heal|p1a: Teen Mom|605\/714|[from] item: Leftovers
|turn|32
|
|move|p2a: champ'ed what els|Knock Off|p1a: Teen Mom
|-damage|p1a: Teen Mom|289\/714
|-enditem|p1a: Teen Mom|Leftovers|[from] move: Knock Off|[of] p2a: champ'ed what els
|move|p1a: Teen Mom|Wish|p1a: Teen Mom
|
|turn|33
|
|switch|p2a: Batman XDD|Crobat, F|320\/369
|move|p1a: Teen Mom|Seismic Toss|p2a: Batman XDD
|-damage|p2a: Batman XDD|220\/369
|
|-heal|p1a: Teen Mom|646\/714|[from] move: Wish|[wisher] Teen Mom
|-heal|p2a: Batman XDD|243\/369|[from] item: Black Sludge
|turn|34
|
|move|p2a: Batman XDD|Brave Bird|p1a: Teen Mom
|-damage|p1a: Teen Mom|370\/714
|-damage|p2a: Batman XDD|152\/369|[from] recoil|[of] p1a: Teen Mom
|move|p1a: Teen Mom|Seismic Toss|p2a: Batman XDD
|-damage|p2a: Batman XDD|52\/369
|
|-heal|p2a: Batman XDD|75\/369|[from] item: Black Sludge
|turn|35
|
|move|p2a: Batman XDD|Roost|p2a: Batman XDD
|-heal|p2a: Batman XDD|260\/369
|move|p1a: Teen Mom|Wish|p1a: Teen Mom
|
|-heal|p2a: Batman XDD|283\/369|[from] item: Black Sludge
|turn|36
|
|move|p2a: Batman XDD|U-turn|p1a: Teen Mom
|-damage|p1a: Teen Mom|268\/714
|
|switch|p2a: wanna yiff|Hydreigon, M|325\/325
|move|p1a: Teen Mom|Counter|p2a: wanna yiff
|-damage|p2a: wanna yiff|121\/325
|
|-heal|p1a: Teen Mom|625\/714|[from] move: Wish|[wisher] Teen Mom
|turn|37
|
|move|p1a: Teen Mom|Protect|p1a: Teen Mom
|-singleturn|p1a: Teen Mom|Protect
|move|p2a: wanna yiff|Dark Pulse|p1a: Teen Mom
|-activate|p1a: Teen Mom|Protect
|
|turn|38
|
|move|p2a: wanna yiff|Dark Pulse|p1a: Teen Mom
|-damage|p1a: Teen Mom|472\/714
|cant|p1a: Teen Mom|flinch
|
|turn|39
|c|★Cotton Picker Jim|its so ogre
|c|★imgoodatuu|your so lcuky
|c|★imgoodatuu|shut up
|
|move|p2a: wanna yiff|Dark Pulse|p1a: Teen Mom
|-damage|p1a: Teen Mom|318\/714
|move|p1a: Teen Mom|Wish|p1a: Teen Mom
|
|turn|40
|c|★Cotton Picker Jim|lol bitch cant handle counter bliss and im "lucky"
|c|★imgoodatuu|you are lucky
|c|★imgoodatuu|you had to rely on a double protect to win
|c| mouse de frank|you got a double protect
|
|switch|p2a: Batman XDD|Crobat, F|283\/369
|move|p1a: Teen Mom|Seismic Toss|p2a: Batman XDD
|-damage|p2a: Batman XDD|183\/369
|
|-heal|p1a: Teen Mom|675\/714|[from] move: Wish|[wisher] Teen Mom
|-heal|p2a: Batman XDD|206\/369|[from] item: Black Sludge
|turn|41
|c|★imgoodatuu|thats luck idiot
|
|move|p2a: Batman XDD|Roost|p2a: Batman XDD
|-heal|p2a: Batman XDD|369\/369
|move|p1a: Teen Mom|Seismic Toss|p2a: Batman XDD
|-damage|p2a: Batman XDD|269\/369
|
|-heal|p2a: Batman XDD|292\/369|[from] item: Black Sludge
|turn|42
|c| dsaaszczdcs|thats so luck
|c|★imgoodatuu|counter blissey is also trash
|c|★imgoodatuu|your bad
|c| dsaaszczdcs|and your lucky
|c|★Cotton Picker Jim|cry me a river
|c| dsaaszczdcs|you are a lucky lucky lucky lucky lucky lucky luck boy
|c|★imgoodatuu|you are so lucky
|c|★imgoodatuu|shut up
|c|★imgoodatuu|you can't even speak
|
|move|p2a: Batman XDD|U-turn|p1a: Teen Mom
|-damage|p1a: Teen Mom|580\/714
|
|switch|p2a: wanna yiff|Hydreigon, M|121\/325
|move|p1a: Teen Mom|Counter|p2a: wanna yiff
|-damage|p2a: wanna yiff|0 fnt
|faint|p2a: wanna yiff
|
|
|switch|p2a: champ'ed what els|Machamp, M|129\/343
|-damage|p2a: champ'ed what els|72\/343|[from] Spikes
|turn|43
|
|move|p1a: Teen Mom|Protect|p1a: Teen Mom
|-singleturn|p1a: Teen Mom|Protect
|move|p2a: champ'ed what els|Close Combat|p1a: Teen Mom
|-activate|p1a: Teen Mom|Protect
|
|turn|44
|c|★imgoodatuu|thats so luck
|
|switch|p2a: Batman XDD|Crobat, F|292\/369
|move|p1a: Teen Mom|Wish|p1a: Teen Mom
|
|-heal|p2a: Batman XDD|315\/369|[from] item: Black Sludge
|turn|45
|leave|mouse de frank
|c|★Cotton Picker Jim|waaaaaahhhh
|c|★imgoodatuu|your a noov
|c|★imgoodatuu|noob*
|
|move|p2a: Batman XDD|Defog|p1a: Teen Mom
|-unboost|p1a: Teen Mom|evasion|1
|-sideend|p1: Cotton Picker Jim|Stealth Rock|[from] move: Defog|[of] p1a: Teen Mom
|-sideend|p2: imgoodatuu|Spikes|[from] move: Defog|[of] p2a: Batman XDD
|move|p1a: Teen Mom|Counter|p2a: Batman XDD
|-fail|p2a: Batman XDD
|
|-heal|p1a: Teen Mom|714\/714|[from] move: Wish|[wisher] Teen Mom
|-heal|p2a: Batman XDD|338\/369|[from] item: Black Sludge
|turn|46
|c|★imgoodatuu|stallnoob
|
|move|p2a: Batman XDD|Defog|p1a: Teen Mom
|-unboost|p1a: Teen Mom|evasion|1
|move|p1a: Teen Mom|Counter|p2a: Batman XDD
|-fail|p2a: Batman XDD
|
|-heal|p2a: Batman XDD|361\/369|[from] item: Black Sludge
|turn|47
|
|move|p2a: Batman XDD|Defog|p1a: Teen Mom
|-unboost|p1a: Teen Mom|evasion|1
|move|p1a: Teen Mom|Seismic Toss|p2a: Batman XDD
|-damage|p2a: Batman XDD|261\/369
|
|-heal|p2a: Batman XDD|284\/369|[from] item: Black Sludge
|turn|48
|
|move|p2a: Batman XDD|Defog|p1a: Teen Mom
|-unboost|p1a: Teen Mom|evasion|1
|move|p1a: Teen Mom|Seismic Toss|p2a: Batman XDD
|-damage|p2a: Batman XDD|184\/369
|
|-heal|p2a: Batman XDD|207\/369|[from] item: Black Sludge
|turn|49
|
|move|p2a: Batman XDD|Roost|p2a: Batman XDD
|-heal|p2a: Batman XDD|369\/369
|move|p1a: Teen Mom|Wish|p1a: Teen Mom
|
|turn|50
|
|move|p2a: Batman XDD|Defog|p1a: Teen Mom
|-unboost|p1a: Teen Mom|evasion|1
|move|p1a: Teen Mom|Counter|p2a: Batman XDD
|-fail|p2a: Batman XDD
|
|turn|51
|
|move|p2a: Batman XDD|Defog|p1a: Teen Mom
|-unboost|p1a: Teen Mom|evasion|1
|move|p1a: Teen Mom|Seismic Toss|p2a: Batman XDD
|-damage|p2a: Batman XDD|269\/369
|
|-heal|p2a: Batman XDD|292\/369|[from] item: Black Sludge
|turn|52
|
|move|p2a: Batman XDD|Brave Bird|p1a: Teen Mom
|-damage|p1a: Teen Mom|453\/714
|-damage|p2a: Batman XDD|206\/369|[from] recoil|[of] p1a: Teen Mom
|move|p1a: Teen Mom|Seismic Toss|p2a: Batman XDD
|-damage|p2a: Batman XDD|106\/369
|
|-heal|p2a: Batman XDD|129\/369|[from] item: Black Sludge
|turn|53
|
|switch|p1a: Sultan Nipple Knee|Medicham-Mega, F|229\/261
|move|p2a: Batman XDD|Roost|p2a: Batman XDD
|-heal|p2a: Batman XDD|314\/369
|
|-heal|p2a: Batman XDD|337\/369|[from] item: Black Sludge
|turn|54
|
|move|p1a: Sultan Nipple Knee|Fake Out|p2a: Batman XDD
|-damage|p2a: Batman XDD|241\/369
|cant|p2a: Batman XDD|flinch
|
|-heal|p2a: Batman XDD|264\/369|[from] item: Black Sludge
|turn|55
|
|switch|p1a: Teen Mom|Blissey, F|453\/714
|move|p2a: Batman XDD|Brave Bird|p1a: Teen Mom
|-damage|p1a: Teen Mom|192\/714
|-damage|p2a: Batman XDD|178\/369|[from] recoil|[of] p1a: Teen Mom
|
|-heal|p2a: Batman XDD|201\/369|[from] item: Black Sludge
|turn|56
|join|Stupid fuckin bug
|c|★imgoodatuu|?
|
|move|p2a: Batman XDD|Brave Bird|p1a: Teen Mom
|-damage|p1a: Teen Mom|0 fnt
|-damage|p2a: Batman XDD|138\/369|[from] recoil|[of] p1a: Teen Mom
|faint|p1a: Teen Mom
|
|-heal|p2a: Batman XDD|161\/369|[from] item: Black Sludge
|
|switch|p1a: Sultan Nipple Knee|Medicham-Mega, F|229\/261
|turn|57
|
|switch|p2a: champ'ed what els|Machamp, M|72\/343
|move|p1a: Sultan Nipple Knee|Fake Out|p2a: champ'ed what els
|-damage|p2a: champ'ed what els|0 fnt
|faint|p2a: champ'ed what els
|
|
|switch|p2a: Batman XDD|Crobat, F|161\/369
|turn|58
|c|★imgoodatuu|your terrible
|c|★imgoodatuu|quit mons
|
|move|p1a: Sultan Nipple Knee|Bullet Punch|p2a: Batman XDD
|-damage|p2a: Batman XDD|63\/369
|move|p2a: Batman XDD|Brave Bird|p1a: Sultan Nipple Knee
|-supereffective|p1a: Sultan Nipple Knee
|-damage|p1a: Sultan Nipple Knee|0 fnt
|-damage|p2a: Batman XDD|0 fnt|[from] recoil|[of] p1a: Sultan Nipple Knee
|faint|p1a: Sultan Nipple Knee
|faint|p2a: Batman XDD
|
|win|imgoodatuu
|raw|Ladder updating...
|raw|Cotton Picker Jim's rating: 1480 &rarr; <strong>1464<\/strong><br \/>(-16 for losing)
|raw|imgoodatuu's rating: 1543 &rarr; <strong>1560<\/strong><br \/>(+17 for winning)
|c|★Cotton Picker Jim|hahah ur garb dix
|leave|Cotton Picker Jim
|player|p1
|join|Bongo Kongo