|join|BR Grilo PR
|join|DNAde
|player|p1|BR Grilo PR|161
|player|p2|DNAde|220
|gametype|singles
|gen|6
|tier|OU
|rated
|clearpoke
|poke|p1|Ambipom, M, shiny
|poke|p1|Azumarill, F, shiny
|poke|p1|Ferrothorn, M, shiny
|poke|p1|Garchomp, M, shiny
|poke|p1|Gothitelle, F, shiny
|poke|p1|Talonflame, M, shiny
|poke|p2|Magnezone
|poke|p2|Pinsir, M, shiny
|poke|p2|Latias, F
|poke|p2|Azumarill, F
|poke|p2|Landorus-Therian, M
|poke|p2|Diggersby, M, shiny
|rule|Swagger Clause: Swagger is banned
|rule|Baton Pass Clause: Limit one Pokémon knowing Baton Pass
|rule|Sleep Clause Mod: Limit one foe put to sleep
|rule|Species Clause: Limit one of each Pokémon
|rule|OHKO Clause: OHKO moves are banned
|rule|Moody Clause: Moody is banned
|rule|Evasion Moves Clause: Evasion moves are banned
|rule|Endless Battle Clause: Forcing endless battles is banned
|rule|HP Percentage Mod: HP is shown in percentages
|teampreview
|
|start
|switch|p1a: Gordinha|Azumarill, F, shiny|345\/345
|switch|p2a: Killdorus|Landorus-Therian, M|382\/382
|-ability|p2a: Killdorus|Intimidate|[of] p1a: Gordinha
|-unboost|p1a: Gordinha|atk|1
|turn|1
|
|move|p1a: Gordinha|Aqua Jet|p2a: Killdorus
|-supereffective|p2a: Killdorus
|-damage|p2a: Killdorus|290\/382
|move|p2a: Killdorus|U-turn|p1a: Gordinha
|-resisted|p1a: Gordinha
|-damage|p1a: Gordinha|303\/345
|
|switch|p2a: Killzone|Magnezone|285\/285
|
|turn|2
|
|switch|p1a: Hammer|Garchomp, M, shiny|357\/357
|move|p2a: Killzone|Flash Cannon|p1a: Hammer
|-damage|p1a: Hammer|194\/357
|
|turn|3
|
|switch|p2a: Killdorus|Landorus-Therian, M|290\/382
|-ability|p2a: Killdorus|Intimidate|[of] p1a: Hammer
|-unboost|p1a: Hammer|atk|1
|move|p1a: Hammer|Earthquake|p2a: Killdorus
|-immune|p2a: Killdorus|[msg]
|
|-heal|p2a: Killdorus|313\/382|[from] item: Leftovers
|turn|4
|
|switch|p1a: Spike|Ferrothorn, M, shiny|352\/352
|move|p2a: Killdorus|Stealth Rock|p1a: Spike
|-sidestart|p1: BR Grilo PR|move: Stealth Rock
|
|-heal|p2a: Killdorus|336\/382|[from] item: Leftovers
|turn|5
|
|switch|p2a: Killzone|Magnezone|285\/285
|move|p1a: Spike|Stealth Rock|p2a: Killzone
|-sidestart|p2: DNAde|move: Stealth Rock
|
|turn|6
|
|move|p2a: Killzone|Hidden Power|p1a: Spike
|-supereffective|p1a: Spike
|-damage|p1a: Spike|160\/352
|move|p1a: Spike|Leech Seed|p2a: Killzone
|-start|p2a: Killzone|move: Leech Seed
|
|-heal|p1a: Spike|182\/352|[from] item: Leftovers
|-damage|p2a: Killzone|250\/285|[from] Leech Seed|[of] p1a: Spike
|-heal|p1a: Spike|217\/352|[silent]
|turn|7
|
|move|p2a: Killzone|Hidden Power|p1a: Spike
|-supereffective|p1a: Spike
|-damage|p1a: Spike|45\/352
|move|p1a: Spike|Leech Seed|p2a: Killzone
|-fail|p2a: Killzone
|
|-heal|p1a: Spike|67\/352|[from] item: Leftovers
|-damage|p2a: Killzone|215\/285|[from] Leech Seed|[of] p1a: Spike
|-heal|p1a: Spike|102\/352|[silent]
|turn|8
|
|move|p1a: Spike|Protect|p1a: Spike
|-singleturn|p1a: Spike|Protect
|move|p2a: Killzone|Hidden Power|p1a: Spike
|-activate|p1a: Spike|Protect
|
|-heal|p1a: Spike|124\/352|[from] item: Leftovers
|-damage|p2a: Killzone|180\/285|[from] Leech Seed|[of] p1a: Spike
|-heal|p1a: Spike|159\/352|[silent]
|turn|9
|
|move|p1a: Spike|Protect|p1a: Spike
|-fail|p1a: Spike
|move|p2a: Killzone|Hidden Power|p1a: Spike
|-supereffective|p1a: Spike
|-damage|p1a: Spike|0 fnt
|faint|p1a: Spike
|
|
|switch|p1a: Hammer|Garchomp, M, shiny|194\/357
|-damage|p1a: Hammer|172\/357|[from] Stealth Rock
|turn|10
|
|switch|p2a: Azumakill|Azumarill, F|401\/401
|-damage|p2a: Azumakill|351\/401|[from] Stealth Rock
|move|p1a: Hammer|Swords Dance|p1a: Hammer
|-boost|p1a: Hammer|atk|2
|
|turn|11
|
|move|p2a: Azumakill|Aqua Jet|p1a: Hammer
|-damage|p1a: Hammer|87\/357
|move|p1a: Hammer|Earthquake|p2a: Azumakill
|-damage|p2a: Azumakill|0 fnt
|faint|p2a: Azumakill
|
|c|★DNAde|PEPPE KRILLO
|c|★DNAde|HABASA LA KA$TA
|
|switch|p2a: Killtias|Latias, F|319\/319
|-damage|p2a: Killtias|280\/319|[from] Stealth Rock
|turn|12
|
|switch|p1a: Gordinha|Azumarill, F, shiny|303\/345
|-damage|p1a: Gordinha|260\/345|[from] Stealth Rock
|move|p2a: Killtias|Psyshock|p1a: Gordinha
|-damage|p1a: Gordinha|79\/345
|-damage|p2a: Killtias|249\/319|[from] item: Life Orb
|
|turn|13
|
|move|p1a: Gordinha|Aqua Jet|p2a: Killtias
|-resisted|p2a: Killtias
|-damage|p2a: Killtias|206\/319
|move|p2a: Killtias|Psyshock|p1a: Gordinha
|-damage|p1a: Gordinha|0 fnt
|-damage|p2a: Killtias|175\/319|[from] item: Life Orb
|faint|p1a: Gordinha
|
|
|switch|p1a: Risadinha|Ambipom, M, shiny|292\/292
|-damage|p1a: Risadinha|256\/292|[from] Stealth Rock
|turn|14
|
|move|p1a: Risadinha|Pursuit|p2a: Killtias|[from]Pursuit
|-supereffective|p2a: Killtias
|-damage|p2a: Killtias|0 fnt
|faint|p2a: Killtias
|
|
|switch|p2a: Killdorus|Landorus-Therian, M|336\/382
|-damage|p2a: Killdorus|289\/382|[from] Stealth Rock
|-ability|p2a: Killdorus|Intimidate|[of] p1a: Risadinha
|-unboost|p1a: Risadinha|atk|1
|turn|15
|c|★DNAde|uuuuuuh
|c|★DNAde|nice one
|
|switch|p1a: Hammer|Garchomp, M, shiny|87\/357
|-damage|p1a: Hammer|65\/357|[from] Stealth Rock
|move|p2a: Killdorus|Knock Off|p1a: Hammer
|-damage|p1a: Hammer|0 fnt
|-enditem|p1a: Hammer|Lum Berry|[from] move: Knock Off|[of] p2a: Killdorus
|faint|p1a: Hammer
|
|-heal|p2a: Killdorus|312\/382|[from] item: Leftovers
|
|switch|p1a: Risadinha|Ambipom, M, shiny|256\/292
|-damage|p1a: Risadinha|220\/292|[from] Stealth Rock
|turn|16
|
|move|p1a: Risadinha|Fake Out|p2a: Killdorus
|-damage|p2a: Killdorus|231\/382
|cant|p2a: Killdorus|flinch
|
|-heal|p2a: Killdorus|254\/382|[from] item: Leftovers
|turn|17
|
|move|p1a: Risadinha|Double Hit|p2a: Killdorus
|-damage|p2a: Killdorus|176\/382
|-damage|p2a: Killdorus|101\/382
|-hitcount|p2a: Killdorus|2
|move|p2a: Killdorus|Knock Off|p1a: Risadinha
|-damage|p1a: Risadinha|62\/292
|-enditem|p1a: Risadinha|Silk Scarf|[from] move: Knock Off|[of] p2a: Killdorus
|
|-heal|p2a: Killdorus|124\/382|[from] item: Leftovers
|turn|18
|
|switch|p2a: Killzone|Magnezone|180\/285
|-damage|p2a: Killzone|163\/285|[from] Stealth Rock
|move|p1a: Risadinha|Double Hit|p2a: Killzone
|-resisted|p2a: Killzone
|-damage|p2a: Killzone|125\/285
|-resisted|p2a: Killzone
|-damage|p2a: Killzone|90\/285
|-hitcount|p2a: Killzone|2
|
|turn|19
|
|switch|p1a: Barbie|Gothitelle, F, shiny|281\/281
|-damage|p1a: Barbie|246\/281|[from] Stealth Rock
|move|p2a: Killzone|Thunderbolt|p1a: Barbie
|-crit|p1a: Barbie
|-damage|p1a: Barbie|33\/281
|
|turn|20
|
|move|p1a: Barbie|Hidden Power|p2a: Killzone
|-supereffective|p2a: Killzone
|-damage|p2a: Killzone|0 fnt
|faint|p2a: Killzone
|
|
|switch|p2a: Killsir|Pinsir, M, shiny|272\/272
|-damage|p2a: Killsir|204\/272|[from] Stealth Rock
|turn|21
|
|detailschange|p2a: Killsir|Pinsir-Mega, M, shiny
|message|Pinsir has Mega Evolved into Mega Pinsir!
|move|p2a: Killsir|Quick Attack|p1a: Barbie
|-damage|p1a: Barbie|0 fnt
|faint|p1a: Barbie
|
|
|switch|p1a: Brave Bird|Talonflame, M, shiny|297\/297
|-damage|p1a: Brave Bird|149\/297|[from] Stealth Rock
|turn|22
|
|switch|p2a: Killdorus|Landorus-Therian, M|124\/382
|-damage|p2a: Killdorus|77\/382|[from] Stealth Rock
|-ability|p2a: Killdorus|Intimidate|[of] p1a: Brave Bird
|-unboost|p1a: Brave Bird|atk|1
|move|p1a: Brave Bird|Brave Bird|p2a: Killdorus
|-damage|p2a: Killdorus|0 fnt
|-damage|p1a: Brave Bird|124\/297|[from] recoil|[of] p2a: Killdorus
|faint|p2a: Killdorus
|
|
|switch|p2a: Killersby|Diggersby, M, shiny|311\/311
|-damage|p2a: Killersby|292\/311|[from] Stealth Rock
|turn|23
|
|move|p1a: Brave Bird|Brave Bird|p2a: Killersby
|-damage|p2a: Killersby|111\/311
|-damage|p1a: Brave Bird|64\/297|[from] recoil|[of] p2a: Killersby
|move|p2a: Killersby|Frustration|p1a: Brave Bird
|-damage|p1a: Brave Bird|0 fnt
|-damage|p2a: Killersby|80\/311|[from] item: Life Orb
|faint|p1a: Brave Bird
|
|
|switch|p1a: Risadinha|Ambipom, M, shiny|62\/292
|-damage|p1a: Risadinha|26\/292|[from] Stealth Rock
|turn|24
|c|★DNAde|ggg
|c|★BR Grilo PR|gg
|
|move|p2a: Killersby|Quick Attack|p1a: Risadinha
|-damage|p1a: Risadinha|0 fnt
|-damage|p2a: Killersby|49\/311|[from] item: Life Orb
|faint|p1a: Risadinha
|
|win|DNAde
|raw|Ladder updating...
|leave|BR Grilo PR
|player|p1
|raw|Ladder (probably) updated, but score could not be retrieved (timeout).
|raw|Ladder (probably) updated, but score could not be retrieved (Error: socket hang up).
|leave|DNAde
|player|p2
|join|DNAde