|join|BR Grilo PR
|join|jvkiler1
|player|p1|BR Grilo PR|161
|player|p2|jvkiler1|1
|gametype|singles
|gen|6
|tier|OU
|clearpoke
|poke|p1|Talonflame, F
|poke|p1|Ferrothorn, M
|poke|p1|Rotom-Wash
|poke|p1|Mienshao, M
|poke|p1|Metagross, shiny
|poke|p1|Clefable, M
|poke|p2|Dragonite, M, shiny
|poke|p2|Breloom, F, shiny
|poke|p2|Sableye, F, shiny
|poke|p2|Ferrothorn, M, shiny
|poke|p2|Sylveon, F, shiny
|poke|p2|Azumarill, M
|rule|Swagger Clause: Swagger is banned
|rule|Baton Pass Clause: Limit one Pokémon knowing Baton Pass
|rule|Sleep Clause Mod: Limit one foe put to sleep
|rule|Species Clause: Limit one of each Pokémon
|rule|OHKO Clause: OHKO moves are banned
|rule|Moody Clause: Moody is banned
|rule|Evasion Moves Clause: Evasion moves are banned
|rule|Endless Battle Clause: Forcing endless battles is banned
|rule|HP Percentage Mod: HP is shown in percentages
|teampreview
|join|CesinhaMonster
|c|★BR Grilo PR|boa sorte
|c| CesinhaMonster|Jv e pato
|c|★jvkiler1|vo perde
|
|start
|switch|p1a: Rotom-Wash|Rotom-Wash|304\/304
|switch|p2a: Dragonite|Dragonite, M, shiny|386\/386
|turn|1
|c|★jvkiler1|n deu tempo de arruma time
|c|★BR Grilo PR|pq?
|c|★BR Grilo PR|hum
|c|★jvkiler1|deu pokemon era banido
|c|★jvkiler1|ai tive de muda tudo
|c|★BR Grilo PR|eu tb n tinha mais consegui fazer a tempo
|c|★jvkiler1|vo tenta aki
|c|★jvkiler1|kk
|
|move|p2a: Dragonite|Dragon Dance|p2a: Dragonite
|-boost|p2a: Dragonite|atk|1
|-boost|p2a: Dragonite|spe|1
|move|p1a: Rotom-Wash|Will-O-Wisp|p2a: Dragonite
|-status|p2a: Dragonite|brn
|
|-damage|p2a: Dragonite|338\/386 brn|[from] brn
|turn|2
|
|move|p2a: Dragonite|Extreme Speed|p1a: Rotom-Wash
|-damage|p1a: Rotom-Wash|229\/304
|-damage|p2a: Dragonite|300\/386 brn|[from] item: Life Orb
|move|p1a: Rotom-Wash|Volt Switch|p2a: Dragonite
|-damage|p2a: Dragonite|213\/386 brn
|
|switch|p1a: Mienshao|Mienshao, M|272\/272
|
|-damage|p2a: Dragonite|165\/386 brn|[from] brn
|turn|3
|
|move|p1a: Mienshao|Fake Out|p2a: Dragonite
|-damage|p2a: Dragonite|94\/386 brn
|-damage|p1a: Mienshao|245\/272|[from] item: Life Orb
|cant|p2a: Dragonite|flinch
|
|-damage|p2a: Dragonite|46\/386 brn|[from] brn
|turn|4
|c|★BR Grilo PR|dragonite ja era
|c|★jvkiler1|s
|
|switch|p1a: Ferrothorn|Ferrothorn, M|352\/352
|move|p2a: Dragonite|Extreme Speed|p1a: Ferrothorn
|-resisted|p1a: Ferrothorn
|-damage|p1a: Ferrothorn|322\/352
|-damage|p2a: Dragonite|0 fnt|[from] ability: Iron Barbs|[of] p1a: Ferrothorn
|faint|p2a: Dragonite
|
|
|switch|p2a: Sableye|Sableye, F, shiny|242\/242
|turn|5
|
|switch|p1a: Talonflame|Talonflame, F|297\/297
|move|p2a: Sableye|Will-O-Wisp|p1a: Talonflame
|-fail|p1a: Talonflame
|
|turn|6
|
|move|p2a: Sableye|Confuse Ray|p1a: Talonflame
|-start|p1a: Talonflame|confusion
|-activate|p1a: Talonflame|confusion
|move|p1a: Talonflame|Flare Blitz|p2a: Sableye
|-damage|p2a: Sableye|0 fnt
|-damage|p1a: Talonflame|217\/297|[from] recoil|[of] p2a: Sableye
|faint|p2a: Sableye
|
|
|switch|p2a: Sylveon|Sylveon, F, shiny|331\/331
|turn|7
|join|Blackgabix
|
|switch|p1a: Ferrothorn|Ferrothorn, M|322\/352
|move|p2a: Sylveon|Snore|p1a: Ferrothorn
|-fail|p1a: Ferrothorn
|
|turn|8
|c|★BR Grilo PR|mudei meu ferrothorn
|
|move|p2a: Sylveon|Hyper Voice|p1a: Ferrothorn
|-resisted|p1a: Ferrothorn
|-damage|p1a: Ferrothorn|241\/352
|move|p1a: Ferrothorn|Stealth Rock|p2a: Sylveon
|-sidestart|p2: jvkiler1|move: Stealth Rock
|
|turn|9
|c|★jvkiler1|ja perdi essa
|
|move|p2a: Sylveon|Hyper Voice|p1a: Ferrothorn
|-resisted|p1a: Ferrothorn
|-damage|p1a: Ferrothorn|154\/352
|move|p1a: Ferrothorn|Leech Seed|p2a: Sylveon
|-start|p2a: Sylveon|move: Leech Seed
|
|-damage|p2a: Sylveon|290\/331|[from] Leech Seed|[of] p1a: Ferrothorn
|-heal|p1a: Ferrothorn|195\/352|[silent]
|turn|10
|
|move|p2a: Sylveon|Hyper Voice|p1a: Ferrothorn
|-resisted|p1a: Ferrothorn
|-damage|p1a: Ferrothorn|99\/352
|move|p1a: Ferrothorn|Spikes|p2a: Sylveon
|-sidestart|p2: jvkiler1|Spikes
|
|-damage|p2a: Sylveon|249\/331|[from] Leech Seed|[of] p1a: Ferrothorn
|-heal|p1a: Ferrothorn|140\/352|[silent]
|turn|11
|leave|Blackgabix
|
|move|p2a: Sylveon|Hyper Voice|p1a: Ferrothorn
|-resisted|p1a: Ferrothorn
|-damage|p1a: Ferrothorn|50\/352
|move|p1a: Ferrothorn|Spikes|p2a: Sylveon
|-sidestart|p2: jvkiler1|Spikes
|
|-damage|p2a: Sylveon|208\/331|[from] Leech Seed|[of] p1a: Ferrothorn
|-heal|p1a: Ferrothorn|91\/352|[silent]
|turn|12
|c|★BR Grilo PR|tem wish
|
|move|p1a: Ferrothorn|Protect|p1a: Ferrothorn
|-singleturn|p1a: Ferrothorn|Protect
|move|p2a: Sylveon|Hyper Voice|p1a: Ferrothorn
|-activate|p1a: Ferrothorn|Protect
|
|-damage|p2a: Sylveon|167\/331|[from] Leech Seed|[of] p1a: Ferrothorn
|-heal|p1a: Ferrothorn|132\/352|[silent]
|turn|13
|
|move|p2a: Sylveon|Hyper Voice|p1a: Ferrothorn
|-resisted|p1a: Ferrothorn
|-damage|p1a: Ferrothorn|45\/352
|move|p1a: Ferrothorn|Spikes|p2a: Sylveon
|-sidestart|p2: jvkiler1|Spikes
|
|-damage|p2a: Sylveon|126\/331|[from] Leech Seed|[of] p1a: Ferrothorn
|-heal|p1a: Ferrothorn|86\/352|[silent]
|turn|14
|
|switch|p1a: Metagross|Metagross, shiny|301\/301
|move|p2a: Sylveon|Hyper Voice|p1a: Metagross
|-resisted|p1a: Metagross
|-damage|p1a: Metagross|190\/301
|
|-damage|p2a: Sylveon|85\/331|[from] Leech Seed|[of] p1a: Metagross
|-heal|p1a: Metagross|231\/301|[silent]
|turn|15
|
|detailschange|p1a: Metagross|Metagross-Mega, shiny
|-mega|p1a: Metagross|Metagross|Metagrossite
|move|p1a: Metagross|Meteor Mash|p2a: Sylveon
|-supereffective|p2a: Sylveon
|-damage|p2a: Sylveon|0 fnt
|-boost|p1a: Metagross|atk|1
|faint|p2a: Sylveon
|
|
|switch|p2a: Azumarill|Azumarill, M|404\/404
|-damage|p2a: Azumarill|303\/404|[from] Spikes
|-damage|p2a: Azumarill|253\/404|[from] Stealth Rock
|turn|16
|
|move|p1a: Metagross|Meteor Mash|p2a: Azumarill
|-damage|p2a: Azumarill|0 fnt
|faint|p2a: Azumarill
|
|c|★BR Grilo PR|gg
|
|switch|p2a: Breloom|Breloom, F, shiny|324\/324
|-damage|p2a: Breloom|243\/324|[from] Spikes
|-damage|p2a: Breloom|223\/324|[from] Stealth Rock
|turn|17
|c|★BR Grilo PR|so se erra
|
|move|p1a: Metagross|Zen Headbutt|p2a: Breloom
|-supereffective|p2a: Breloom
|-damage|p2a: Breloom|0 fnt
|faint|p2a: Breloom
|
|c|★BR Grilo PR|vc da um kill
|
|switch|p2a: Ferrothorn|Ferrothorn, M, shiny|343\/343
|-damage|p2a: Ferrothorn|322\/343|[from] Stealth Rock
|-damage|p2a: Ferrothorn|237\/343|[from] Spikes
|turn|18
|
|move|p1a: Metagross|Brick Break|p2a: Ferrothorn
|-supereffective|p2a: Ferrothorn
|-damage|p2a: Ferrothorn|11\/343
|-damage|p1a: Metagross|194\/301|[from] ability: Iron Barbs|[of] p2a: Ferrothorn
|-damage|p1a: Metagross|144\/301|[from] item: Rocky Helmet|[of] p2a: Ferrothorn
|move|p2a: Ferrothorn|Gyro Ball|p1a: Metagross
|-resisted|p1a: Metagross
|-damage|p1a: Metagross|90\/301
|
|turn|19
|
|move|p1a: Metagross|Brick Break|p2a: Ferrothorn
|-supereffective|p2a: Ferrothorn
|-damage|p2a: Ferrothorn|0 fnt
|-damage|p1a: Metagross|53\/301|[from] ability: Iron Barbs|[of] p2a: Ferrothorn
|-damage|p1a: Metagross|3\/301|[from] item: Rocky Helmet|[of] p2a: Ferrothorn
|faint|p2a: Ferrothorn
|
|win|BR Grilo PR
|leave|BR Grilo PR
|player|p1
|leave|jvkiler1
|player|p2