|join|Chocolove
|join|SandBlackman
|player|p1|Chocolove|29
|player|p2|SandBlackman|266
|gametype|singles
|gen|6
|tier|OU
|rated
|clearpoke
|poke|p1|Mew
|poke|p1|Gyarados, M
|poke|p1|Latias, F
|poke|p1|Thundurus, M
|poke|p1|Mamoswine, M
|poke|p1|Scizor, F
|poke|p2|Gothitelle, F, shiny
|poke|p2|Skarmory, M, shiny
|poke|p2|Quagsire, M, shiny
|poke|p2|Sableye, M, shiny
|poke|p2|Chansey, F, shiny
|poke|p2|Cresselia, F
|rule|Swagger Clause: Swagger is banned
|rule|Baton Pass Clause: Limit one Pokémon knowing Baton Pass
|rule|Sleep Clause Mod: Limit one foe put to sleep
|rule|Species Clause: Limit one of each Pokémon
|rule|OHKO Clause: OHKO moves are banned
|rule|Moody Clause: Moody is banned
|rule|Evasion Moves Clause: Evasion moves are banned
|rule|Endless Battle Clause: Forcing endless battles is banned
|rule|HP Percentage Mod: HP is shown in percentages
|teampreview
|
|start
|switch|p1a: Melisandre|Scizor, F|343\/343
|switch|p2a: Sableye|Sableye, M, shiny|303\/303
|turn|1
|
|switch|p1a: Varys|Mew|404\/404
|detailschange|p2a: Sableye|Sableye-Mega, M, shiny
|-mega|p2a: Sableye|Sableye|Sablenite
|move|p2a: Sableye|Will-O-Wisp|p1a: Varys
|-status|p1a: Varys|brn
|-status|p2a: Sableye|brn
|
|-damage|p1a: Varys|354\/404 brn|[from] brn
|-damage|p2a: Sableye|266\/303 brn|[from] brn
|turn|2
|
|switch|p1a: Theon|Gyarados, M|351\/351
|-ability|p1a: Theon|Intimidate|[of] p2a: Sableye
|-unboost|p2a: Sableye|atk|1
|move|p2a: Sableye|Calm Mind|p2a: Sableye
|-boost|p2a: Sableye|spa|1
|-boost|p2a: Sableye|spd|1
|
|-damage|p2a: Sableye|229\/303 brn|[from] brn
|turn|3
|
|switch|p2a: Quagsire|Quagsire, M, shiny|393\/393
|detailschange|p1a: Theon|Gyarados-Mega, M
|-mega|p1a: Theon|Gyarados|Gyaradosite
|-ability|p1a: Theon|Mold Breaker
|move|p1a: Theon|Substitute|p1a: Theon
|-start|p1a: Theon|Substitute
|-damage|p1a: Theon|264\/351
|
|turn|4
|
|move|p1a: Theon|Crunch|p2a: Quagsire
|-damage|p2a: Quagsire|252\/393
|-unboost|p2a: Quagsire|def|1
|move|p2a: Quagsire|Earthquake|p1a: Theon
|-end|p1a: Theon|Substitute
|
|-heal|p2a: Quagsire|276\/393|[from] item: Leftovers
|turn|5
|
|move|p1a: Theon|Dragon Dance|p1a: Theon
|-boost|p1a: Theon|atk|1
|-boost|p1a: Theon|spe|1
|move|p2a: Quagsire|Earthquake|p1a: Theon
|-damage|p1a: Theon|165\/351
|
|-heal|p2a: Quagsire|300\/393|[from] item: Leftovers
|turn|6
|
|switch|p2a: Skarmory|Skarmory, M, shiny|334\/334
|move|p1a: Theon|Waterfall|p2a: Skarmory
|-damage|p2a: Skarmory|175\/334
|
|turn|7
|
|move|p1a: Theon|Waterfall|p2a: Skarmory
|-damage|p2a: Skarmory|28\/334
|cant|p2a: Skarmory|flinch
|
|turn|8
|-message|SandBlackman forfeited.
|
|win|Chocolove
|raw|Ladder updating...
|leave|SandBlackman
|player|p2
|raw|Chocolove's rating: 1548 &rarr; <strong>1570<\/strong><br \/>(+22 for winning)
|raw|SandBlackman's rating: 1577 &rarr; <strong>1556<\/strong><br \/>(-21 for losing)