|join|Chocolove
|join|timetock
|player|p1|Chocolove|29
|player|p2|timetock|50
|gametype|singles
|gen|6
|tier|OU
|rated
|clearpoke
|poke|p1|Crawdaunt, M
|poke|p1|Raikou
|poke|p1|Heatran, F
|poke|p1|Starmie
|poke|p1|Landorus-Therian, M
|poke|p1|Metagross
|poke|p2|Whimsicott, F
|poke|p2|Slowbro, M
|poke|p2|Chansey, F
|poke|p2|Ditto
|poke|p2|Gliscor, M
|poke|p2|Tentacruel, M
|rule|Swagger Clause: Swagger is banned
|rule|Baton Pass Clause: Limit one Pokémon knowing Baton Pass
|rule|Sleep Clause Mod: Limit one foe put to sleep
|rule|Species Clause: Limit one of each Pokémon
|rule|OHKO Clause: OHKO moves are banned
|rule|Moody Clause: Moody is banned
|rule|Evasion Moves Clause: Evasion moves are banned
|rule|Endless Battle Clause: Forcing endless battles is banned
|rule|HP Percentage Mod: HP is shown in percentages
|teampreview
|
|start
|switch|p1a: Based Dog|Landorus-Therian, M|319\/319
|switch|p2a: Gliscor|Gliscor, M|353\/353
|-ability|p1a: Based Dog|Intimidate|[of] p2a: Gliscor
|-unboost|p2a: Gliscor|atk|1
|turn|1
|
|move|p1a: Based Dog|U-turn|p2a: Gliscor
|-crit|p2a: Gliscor
|-resisted|p2a: Gliscor
|-damage|p2a: Gliscor|313\/353
|
|switch|p1a: Lightbringer|Heatran, F|371\/371
|move|p2a: Gliscor|Substitute|p2a: Gliscor
|-start|p2a: Gliscor|Substitute
|-damage|p2a: Gliscor|225\/353
|
|-status|p2a: Gliscor|tox|[from] item: Toxic Orb
|turn|2
|
|move|p2a: Gliscor|Stealth Rock|p1a: Lightbringer
|-sidestart|p1: Chocolove|move: Stealth Rock
|move|p1a: Lightbringer|Stealth Rock|p2a: Gliscor
|-sidestart|p2: timetock|move: Stealth Rock
|
|-heal|p2a: Gliscor|269\/353 tox|[from] ability: Poison Heal
|turn|3
|
|switch|p1a: Based Dog|Landorus-Therian, M|319\/319
|-damage|p1a: Based Dog|280\/319|[from] Stealth Rock
|-activate|p2a: Gliscor|Substitute|ability: Intimidate|[of] p1a: Based Dog
|move|p2a: Gliscor|Knock Off|p1a: Based Dog
|-damage|p1a: Based Dog|225\/319
|-enditem|p1a: Based Dog|Choice Scarf|[from] move: Knock Off|[of] p2a: Gliscor
|
|-heal|p2a: Gliscor|313\/353 tox|[from] ability: Poison Heal
|turn|4
|
|move|p1a: Based Dog|U-turn|p2a: Gliscor
|-resisted|p2a: Gliscor
|-activate|p2a: Gliscor|Substitute|[damage]
|
|switch|p1a: Starfall|Starmie|324\/324
|-damage|p1a: Starfall|284\/324|[from] Stealth Rock
|move|p2a: Gliscor|Baton Pass|p2a: Gliscor
|
|switch|p2a: Whimsicott|Whimsicott, F|323\/323
|-damage|p2a: Whimsicott|283\/323|[from] Stealth Rock
|
|-heal|p2a: Whimsicott|303\/323|[from] item: Leftovers
|-heal|p1a: Starfall|304\/324|[from] item: Leftovers
|turn|5
|
|move|p2a: Whimsicott|Moonblast|p1a: Starfall
|-damage|p1a: Starfall|198\/324
|move|p1a: Starfall|Rapid Spin|p2a: Whimsicott
|-activate|p2a: Whimsicott|Substitute|[damage]
|-sideend|p1: Chocolove|Stealth Rock|[from] move: Rapid Spin|[of] p1a: Starfall
|
|-heal|p2a: Whimsicott|323\/323|[from] item: Leftovers
|-heal|p1a: Starfall|218\/324|[from] item: Leftovers
|turn|6
|
|switch|p1a: Lightbringer|Heatran, F|371\/371
|move|p2a: Whimsicott|Leech Seed|p1a: Lightbringer
|-start|p1a: Lightbringer|move: Leech Seed
|
|-damage|p1a: Lightbringer|325\/371|[from] Leech Seed|[of] p2a: Whimsicott
|turn|7
|
|move|p2a: Whimsicott|Moonblast|p1a: Lightbringer
|-resisted|p1a: Lightbringer
|-damage|p1a: Lightbringer|310\/371
|move|p1a: Lightbringer|Roar|p2a: Whimsicott
|drag|p2a: Slowbro|Slowbro, M|394\/394
|-damage|p2a: Slowbro|345\/394|[from] Stealth Rock
|
|-heal|p1a: Lightbringer|333\/371|[from] item: Leftovers
|-damage|p1a: Lightbringer|287\/371|[from] Leech Seed|[of] p2a: Slowbro
|-heal|p2a: Slowbro|391\/394|[silent]
|turn|8
|
|move|p1a: Lightbringer|Taunt|p2a: Slowbro
|-start|p2a: Slowbro|move: Taunt
|move|p2a: Slowbro|Scald|p1a: Lightbringer
|-supereffective|p1a: Lightbringer
|-damage|p1a: Lightbringer|153\/371
|
|-heal|p1a: Lightbringer|176\/371|[from] item: Leftovers
|-damage|p1a: Lightbringer|130\/371|[from] Leech Seed|[of] p2a: Slowbro
|-heal|p2a: Slowbro|394\/394|[silent]
|turn|9
|
|switch|p1a: Not so based|Raikou|321\/321
|-ability|p1a: Not so based|Pressure
|move|p2a: Slowbro|Scald|p1a: Not so based
|-damage|p1a: Not so based|261\/321
|-status|p1a: Not so based|brn
|
|-damage|p1a: Not so based|221\/321 brn|[from] brn
|turn|10
|
|switch|p2a: Gliscor|Gliscor, M|313\/353 tox
|-damage|p2a: Gliscor|269\/353 tox|[from] Stealth Rock
|move|p1a: Not so based|Volt Switch|p2a: Gliscor
|-immune|p2a: Gliscor|[msg]
|
|-damage|p1a: Not so based|181\/321 brn|[from] brn
|-heal|p2a: Gliscor|313\/353 tox|[from] ability: Poison Heal
|turn|11
|
|switch|p2a: Chansey|Chansey, F|704\/704
|-damage|p2a: Chansey|616\/704|[from] Stealth Rock
|move|p1a: Not so based|Hidden Power|p2a: Chansey
|-damage|p2a: Chansey|572\/704
|
|-damage|p1a: Not so based|141\/321 brn|[from] brn
|turn|12
|
|switch|p2a: Gliscor|Gliscor, M|313\/353 tox
|-damage|p2a: Gliscor|269\/353 tox|[from] Stealth Rock
|move|p1a: Not so based|Volt Switch|p2a: Gliscor
|-immune|p2a: Gliscor|[msg]
|
|-damage|p1a: Not so based|101\/321 brn|[from] brn
|-heal|p2a: Gliscor|313\/353 tox|[from] ability: Poison Heal
|turn|13
|
|move|p1a: Not so based|Hidden Power|p2a: Gliscor
|-supereffective|p2a: Gliscor
|-damage|p2a: Gliscor|0 fnt
|faint|p2a: Gliscor
|
|-damage|p1a: Not so based|61\/321 brn|[from] brn
|
|switch|p2a: Ditto|Ditto|300\/300
|-damage|p2a: Ditto|263\/300|[from] Stealth Rock
|-transform|p2a: Ditto|p1a: Not so based
|-ability|p2a: Ditto|Pressure
|turn|14
|
|move|p2a: Ditto|Volt Switch|p1a: Not so based
|-resisted|p1a: Not so based
|-damage|p1a: Not so based|27\/321 brn
|
|switch|p2a: Chansey|Chansey, F|572\/704
|-damage|p2a: Chansey|484\/704|[from] Stealth Rock
|move|p1a: Not so based|Volt Switch|p2a: Chansey
|-damage|p2a: Chansey|414\/704
|
|switch|p1a: Bittersteel|Metagross|302\/302
|
|turn|15
|
|switch|p2a: Slowbro|Slowbro, M|394\/394
|-damage|p2a: Slowbro|345\/394|[from] Stealth Rock
|detailschange|p1a: Bittersteel|Metagross-Mega
|-mega|p1a: Bittersteel|Metagross|Metagrossite
|move|p1a: Bittersteel|Meteor Mash|p2a: Slowbro
|-resisted|p2a: Slowbro
|-damage|p2a: Slowbro|272\/394
|
|turn|16
|
|switch|p1a: Not so based|Raikou|27\/321 brn
|-ability|p1a: Not so based|Pressure
|detailschange|p2a: Slowbro|Slowbro-Mega, M
|-mega|p2a: Slowbro|Slowbro|Slowbronite
|move|p2a: Slowbro|Scald|p1a: Not so based
|-damage|p1a: Not so based|0 fnt
|faint|p1a: Not so based
|
|
|switch|p1a: Euron|Crawdaunt, M|268\/268
|turn|17
|
|move|p1a: Euron|Knock Off|p2a: Slowbro
|-supereffective|p2a: Slowbro
|-damage|p2a: Slowbro|85\/394
|-damage|p1a: Euron|242\/268|[from] item: Life Orb
|move|p2a: Slowbro|Yawn|p1a: Euron
|-start|p1a: Euron|move: Yawn|[of] p2a: Slowbro
|
|turn|18
|
|switch|p1a: Based Dog|Landorus-Therian, M|225\/319
|-ability|p1a: Based Dog|Intimidate|[of] p2a: Slowbro
|-unboost|p2a: Slowbro|atk|1
|switch|p2a: Tentacruel|Tentacruel, M|364\/364
|-damage|p2a: Tentacruel|319\/364|[from] Stealth Rock
|
|-heal|p2a: Tentacruel|341\/364|[from] item: Black Sludge
|turn|19
|
|move|p1a: Based Dog|U-turn|p2a: Tentacruel
|-resisted|p2a: Tentacruel
|-damage|p2a: Tentacruel|299\/364
|
|switch|p1a: Bittersteel|Metagross-Mega|302\/302
|move|p2a: Tentacruel|Rapid Spin|p1a: Bittersteel
|-resisted|p1a: Bittersteel
|-damage|p1a: Bittersteel|298\/302
|-sideend|p2: timetock|Stealth Rock|[from] move: Rapid Spin|[of] p2a: Tentacruel
|
|-heal|p2a: Tentacruel|321\/364|[from] item: Black Sludge
|turn|20
|
|move|p1a: Bittersteel|Meteor Mash|p2a: Tentacruel
|-resisted|p2a: Tentacruel
|-damage|p2a: Tentacruel|211\/364
|move|p2a: Tentacruel|Toxic Spikes|p1a: Bittersteel
|-sidestart|p1: Chocolove|move: Toxic Spikes
|
|-heal|p2a: Tentacruel|233\/364|[from] item: Black Sludge
|turn|21
|
|move|p1a: Bittersteel|Zen Headbutt|p2a: Tentacruel
|-supereffective|p2a: Tentacruel
|-damage|p2a: Tentacruel|0 fnt
|faint|p2a: Tentacruel
|
|
|switch|p2a: Slowbro|Slowbro-Mega, M|85\/394
|turn|22
|
|switch|p1a: Starfall|Starmie|218\/324
|-status|p1a: Starfall|psn
|move|p2a: Slowbro|Slack Off|p2a: Slowbro
|-heal|p2a: Slowbro|282\/394
|
|-heal|p1a: Starfall|238\/324 psn|[from] item: Leftovers
|-damage|p1a: Starfall|198\/324 psn|[from] psn
|turn|23
|
|move|p1a: Starfall|Rapid Spin|p2a: Slowbro
|-damage|p2a: Slowbro|276\/394
|-sideend|p1: Chocolove|Toxic Spikes|[from] move: Rapid Spin|[of] p1a: Starfall
|move|p2a: Slowbro|Scald|p1a: Starfall
|-resisted|p1a: Starfall
|-damage|p1a: Starfall|127\/324 psn
|
|-heal|p1a: Starfall|147\/324 psn|[from] item: Leftovers
|-damage|p1a: Starfall|107\/324 psn|[from] psn
|turn|24
|
|switch|p1a: Lightbringer|Heatran, F|130\/371
|move|p2a: Slowbro|Scald|p1a: Lightbringer
|-supereffective|p1a: Lightbringer
|-damage|p1a: Lightbringer|0 fnt
|faint|p1a: Lightbringer
|
|
|switch|p1a: Euron|Crawdaunt, M|242\/268
|turn|25
|
|switch|p2a: Whimsicott|Whimsicott, F|323\/323
|move|p1a: Euron|Knock Off|p2a: Whimsicott
|-crit|p2a: Whimsicott
|-resisted|p2a: Whimsicott
|-damage|p2a: Whimsicott|75\/323
|-enditem|p2a: Whimsicott|Leftovers|[from] move: Knock Off|[of] p1a: Euron
|-damage|p1a: Euron|216\/268|[from] item: Life Orb
|
|turn|26
|
|move|p2a: Whimsicott|Leech Seed|p1a: Euron
|-start|p1a: Euron|move: Leech Seed
|move|p1a: Euron|Knock Off|p2a: Whimsicott
|-resisted|p2a: Whimsicott
|-damage|p2a: Whimsicott|0 fnt
|-damage|p1a: Euron|190\/268|[from] item: Life Orb
|faint|p2a: Whimsicott
|
|
|switch|p2a: Slowbro|Slowbro-Mega, M|276\/394
|turn|27
|
|move|p1a: Euron|Knock Off|p2a: Slowbro
|-supereffective|p2a: Slowbro
|-damage|p2a: Slowbro|89\/394
|-damage|p1a: Euron|164\/268|[from] item: Life Orb
|move|p2a: Slowbro|Slack Off|p2a: Slowbro
|-heal|p2a: Slowbro|286\/394
|
|-damage|p1a: Euron|131\/268|[from] Leech Seed|[of] p2a: Slowbro
|-heal|p2a: Slowbro|319\/394|[silent]
|turn|28
|
|switch|p1a: Based Dog|Landorus-Therian, M|225\/319
|-ability|p1a: Based Dog|Intimidate|[of] p2a: Slowbro
|-unboost|p2a: Slowbro|atk|1
|move|p2a: Slowbro|Slack Off|p2a: Slowbro
|-heal|p2a: Slowbro|394\/394
|
|turn|29
|
|move|p1a: Based Dog|Explosion|p2a: Slowbro
|-damage|p2a: Slowbro|234\/394
|faint|p1a: Based Dog
|move|p2a: Slowbro|Scald|p1: Based Dog|[notarget]
|-notarget
|
|
|switch|p1a: Euron|Crawdaunt, M|131\/268
|turn|30
|
|move|p1a: Euron|Knock Off|p2a: Slowbro
|-supereffective|p2a: Slowbro
|-damage|p2a: Slowbro|21\/394
|-damage|p1a: Euron|105\/268|[from] item: Life Orb
|move|p2a: Slowbro|Slack Off|p2a: Slowbro
|-heal|p2a: Slowbro|218\/394
|
|turn|31
|
|move|p1a: Euron|Knock Off|p2a: Slowbro
|-supereffective|p2a: Slowbro
|-damage|p2a: Slowbro|36\/394
|-damage|p1a: Euron|79\/268|[from] item: Life Orb
|move|p2a: Slowbro|Slack Off|p2a: Slowbro
|-heal|p2a: Slowbro|233\/394
|
|turn|32
|
|move|p1a: Euron|Knock Off|p2a: Slowbro
|-supereffective|p2a: Slowbro
|-damage|p2a: Slowbro|30\/394
|-damage|p1a: Euron|53\/268|[from] item: Life Orb
|move|p2a: Slowbro|Slack Off|p2a: Slowbro
|-heal|p2a: Slowbro|227\/394
|
|turn|33
|
|move|p1a: Euron|Knock Off|p2a: Slowbro
|-supereffective|p2a: Slowbro
|-damage|p2a: Slowbro|40\/394
|-damage|p1a: Euron|27\/268|[from] item: Life Orb
|move|p2a: Slowbro|Slack Off|p2a: Slowbro
|-heal|p2a: Slowbro|237\/394
|
|turn|34
|
|move|p1a: Euron|Knock Off|p2a: Slowbro
|-supereffective|p2a: Slowbro
|-damage|p2a: Slowbro|34\/394
|-damage|p1a: Euron|1\/268|[from] item: Life Orb
|move|p2a: Slowbro|Slack Off|p2a: Slowbro
|-heal|p2a: Slowbro|231\/394
|
|turn|35
|
|move|p1a: Euron|Knock Off|p2a: Slowbro
|-supereffective|p2a: Slowbro
|-damage|p2a: Slowbro|23\/394
|-damage|p1a: Euron|0 fnt|[from] item: Life Orb
|faint|p1a: Euron
|move|p2a: Slowbro|Slack Off|p2a: Slowbro
|-heal|p2a: Slowbro|220\/394
|
|
|switch|p1a: Starfall|Starmie|107\/324
|turn|36
|
|move|p1a: Starfall|Scald|p2a: Slowbro
|-resisted|p2a: Slowbro
|-damage|p2a: Slowbro|166\/394
|move|p2a: Slowbro|Slack Off|p2a: Slowbro
|-heal|p2a: Slowbro|363\/394
|
|-heal|p1a: Starfall|127\/324|[from] item: Leftovers
|turn|37
|
|move|p1a: Starfall|Scald|p2a: Slowbro
|-resisted|p2a: Slowbro
|-damage|p2a: Slowbro|310\/394
|-status|p2a: Slowbro|brn
|move|p2a: Slowbro|Yawn|p1a: Starfall
|-start|p1a: Starfall|move: Yawn|[of] p2a: Slowbro
|
|-heal|p1a: Starfall|147\/324|[from] item: Leftovers
|-damage|p2a: Slowbro|261\/394 brn|[from] brn
|turn|38
|
|switch|p2a: Chansey|Chansey, F|414\/704
|move|p1a: Starfall|Scald|p2a: Chansey
|-damage|p2a: Chansey|350\/704
|-status|p2a: Chansey|brn
|
|-status|p1a: Starfall|slp
|-heal|p1a: Starfall|167\/324 slp|[from] item: Leftovers
|-damage|p2a: Chansey|262\/704 brn|[from] brn
|turn|39
|
|switch|p1a: Bittersteel|Metagross-Mega|298\/302
|move|p2a: Chansey|Heal Bell|p2a: Chansey
|-cureteam|p2a: Chansey|[from] move: HealBell
|
|turn|40
|
|switch|p2a: Slowbro|Slowbro-Mega, M|261\/394
|move|p1a: Bittersteel|Meteor Mash|p2a: Slowbro
|-resisted|p2a: Slowbro
|-damage|p2a: Slowbro|210\/394
|-boost|p1a: Bittersteel|atk|1
|
|turn|41
|
|move|p1a: Bittersteel|Earthquake|p2a: Slowbro
|-damage|p2a: Slowbro|122\/394
|move|p2a: Slowbro|Slack Off|p2a: Slowbro
|-heal|p2a: Slowbro|319\/394
|
|turn|42
|
|move|p1a: Bittersteel|Meteor Mash|p2a: Slowbro
|-resisted|p2a: Slowbro
|-damage|p2a: Slowbro|239\/394
|move|p2a: Slowbro|Scald|p1a: Bittersteel
|-damage|p1a: Bittersteel|181\/302
|
|turn|43
|
|move|p1a: Bittersteel|Meteor Mash|p2a: Slowbro
|-resisted|p2a: Slowbro
|-damage|p2a: Slowbro|155\/394
|move|p2a: Slowbro|Scald|p1a: Bittersteel
|-damage|p1a: Bittersteel|72\/302
|-status|p1a: Bittersteel|brn
|
|-damage|p1a: Bittersteel|35\/302 brn|[from] brn
|turn|44
|
|move|p1a: Bittersteel|Meteor Mash|p2a: Slowbro
|-resisted|p2a: Slowbro
|-damage|p2a: Slowbro|116\/394
|move|p2a: Slowbro|Slack Off|p2a: Slowbro
|-heal|p2a: Slowbro|313\/394
|
|-damage|p1a: Bittersteel|0 fnt|[from] brn
|faint|p1a: Bittersteel
|
|switch|p1a: Starfall|Starmie|167\/324
|turn|45
|
|move|p1a: Starfall|Scald|p2a: Slowbro
|-resisted|p2a: Slowbro
|-damage|p2a: Slowbro|256\/394
|move|p2a: Slowbro|Scald|p1a: Starfall
|-crit|p1a: Starfall
|-resisted|p1a: Starfall
|-damage|p1a: Starfall|70\/324
|-status|p1a: Starfall|brn
|
|-heal|p1a: Starfall|90\/324 brn|[from] item: Leftovers
|-damage|p1a: Starfall|50\/324 brn|[from] brn
|turn|46
|
|move|p1a: Starfall|Scald|p2a: Slowbro
|-resisted|p2a: Slowbro
|-damage|p2a: Slowbro|200\/394
|move|p2a: Slowbro|Scald|p1a: Starfall
|-resisted|p1a: Starfall
|-damage|p1a: Starfall|0 fnt
|faint|p1a: Starfall
|
|win|timetock
|raw|Ladder updating...
|raw|Chocolove's rating: 1560 &rarr; <strong>1541<\/strong><br \/>(-19 for losing)
|raw|timetock's rating: 1572 &rarr; <strong>1591<\/strong><br \/>(+19 for winning)
|leave|timetock
|player|p2