|join|iTouchyourkids
|join|Chocolove
|player|p1|iTouchyourkids|1
|player|p2|Chocolove|29
|gametype|singles
|gen|6
|tier|OU
|rated
|clearpoke
|poke|p1|Rotom-Wash
|poke|p1|Terrakion
|poke|p1|Heracross, M
|poke|p1|Raikou
|poke|p1|Heatran, M
|poke|p1|Talonflame, F
|poke|p2|Crawdaunt, M
|poke|p2|Raikou
|poke|p2|Heatran, F
|poke|p2|Starmie
|poke|p2|Landorus-Therian, M
|poke|p2|Metagross
|rule|Swagger Clause: Swagger is banned
|rule|Baton Pass Clause: Limit one Pokémon knowing Baton Pass
|rule|Sleep Clause Mod: Limit one foe put to sleep
|rule|Species Clause: Limit one of each Pokémon
|rule|OHKO Clause: OHKO moves are banned
|rule|Moody Clause: Moody is banned
|rule|Evasion Moves Clause: Evasion moves are banned
|rule|Endless Battle Clause: Forcing endless battles is banned
|rule|HP Percentage Mod: HP is shown in percentages
|teampreview
|
|start
|switch|p1a: Heracross|Heracross, M|301\/301
|switch|p2a: Based Dog|Landorus-Therian, M|319\/319
|-ability|p2a: Based Dog|Intimidate|[of] p1a: Heracross
|-unboost|p1a: Heracross|atk|1
|turn|1
|
|switch|p1a: Rotom-Wash|Rotom-Wash|291\/291
|move|p2a: Based Dog|U-turn|p1a: Rotom-Wash
|-crit|p1a: Rotom-Wash
|-damage|p1a: Rotom-Wash|193\/291
|
|switch|p2a: Not so based|Raikou|321\/321
|-ability|p2a: Not so based|Pressure
|
|-heal|p1a: Rotom-Wash|211\/291|[from] item: Leftovers
|turn|2
|
|switch|p1a: Heatran|Heatran, M|386\/386
|move|p2a: Not so based|Volt Switch|p1a: Heatran
|-damage|p1a: Heatran|302\/386
|
|switch|p2a: Bittersteel|Metagross|302\/302
|
|-heal|p1a: Heatran|326\/386|[from] item: Leftovers
|turn|3
|
|detailschange|p2a: Bittersteel|Metagross-Mega
|-mega|p2a: Bittersteel|Metagross|Metagrossite
|move|p2a: Bittersteel|Earthquake|p1a: Heatran
|-supereffective|p1a: Heatran
|-damage|p1a: Heatran|0 fnt
|faint|p1a: Heatran
|
|
|switch|p1a: Rotom-Wash|Rotom-Wash|211\/291
|turn|4
|
|switch|p2a: Lightbringer|Heatran, F|371\/371
|move|p1a: Rotom-Wash|Will-O-Wisp|p2a: Lightbringer
|-start|p2a: Lightbringer|ability: Flash Fire
|
|-heal|p1a: Rotom-Wash|229\/291|[from] item: Leftovers
|turn|5
|leave|iTouchyourkids
|player|p1
|-message|itouchyourkids lost due to inactivity.
|
|win|Chocolove
|raw|Ladder updating...
|raw|iTouchyourkids's rating: 1471 &rarr; <strong>1452<\/strong><br \/>(-19 for losing)
|raw|Chocolove's rating: 1490 &rarr; <strong>1508<\/strong><br \/>(+18 for winning)