|join|Chocolove
|join|SeizureDuk
|player|p1|Chocolove|29
|player|p2|SeizureDuk|290
|gametype|singles
|gen|6
|tier|OU
|rated
|clearpoke
|poke|p1|Keldeo
|poke|p1|Tyranitar, F
|poke|p1|Mew
|poke|p1|Scizor, M
|poke|p1|Zapdos
|poke|p1|Landorus-Therian, M
|poke|p2|Serperior, F
|poke|p2|Dragonite, M
|poke|p2|Slowbro, M
|poke|p2|Kyurem-Black
|poke|p2|Mew, shiny
|poke|p2|Ampharos, F
|rule|Swagger Clause: Swagger is banned
|rule|Baton Pass Clause: Limit one Pokémon knowing Baton Pass
|rule|Sleep Clause Mod: Limit one foe put to sleep
|rule|Species Clause: Limit one of each Pokémon
|rule|OHKO Clause: OHKO moves are banned
|rule|Moody Clause: Moody is banned
|rule|Evasion Moves Clause: Evasion moves are banned
|rule|Endless Battle Clause: Forcing endless battles is banned
|rule|HP Percentage Mod: HP is shown in percentages
|teampreview
|
|start
|switch|p1a: Based Dog|Landorus-Therian, M|325\/325
|switch|p2a: Tartarus|Kyurem-Black|391\/391
|-ability|p1a: Based Dog|Intimidate|[of] p2a: Tartarus
|-unboost|p2a: Tartarus|atk|1
|-ability|p2a: Tartarus|Teravolt
|turn|1
|
|move|p1a: Based Dog|U-turn|p2a: Tartarus
|-crit|p2a: Tartarus
|-damage|p2a: Tartarus|261\/391
|
|switch|p1a: Iron Man|Scizor, M|343\/343
|move|p2a: Tartarus|Ice Beam|p1a: Iron Man
|-resisted|p1a: Iron Man
|-damage|p1a: Iron Man|258\/343
|
|turn|2
|
|switch|p2a: Derpnite|Dragonite, M|385\/385
|detailschange|p1a: Iron Man|Scizor-Mega, M
|-mega|p1a: Iron Man|Scizor|Scizorite
|move|p1a: Iron Man|Knock Off|p2a: Derpnite
|-damage|p2a: Derpnite|326\/385
|-enditem|p2a: Derpnite|Leftovers|[from] move: Knock Off|[of] p1a: Iron Man
|
|turn|3
|
|switch|p1a: Transformer|Mew|404\/404
|move|p2a: Derpnite|Roost|p2a: Derpnite
|-heal|p2a: Derpnite|385\/385
|
|turn|4
|
|move|p1a: Transformer|Will-O-Wisp|p2a: Derpnite
|-status|p2a: Derpnite|brn
|move|p2a: Derpnite|Toxic|p1a: Transformer
|-status|p1a: Transformer|tox
|
|-damage|p1a: Transformer|379\/404 tox|[from] psn
|-damage|p2a: Derpnite|337\/385 brn|[from] brn
|turn|5
|
|switch|p1a: Gojira|Tyranitar, F|404\/404
|-weather|Sandstorm
|move|p2a: Derpnite|Draco Meteor|p1a: Gojira
|-damage|p1a: Gojira|310\/404
|-unboost|p2a: Derpnite|spa|2
|
|-weather|Sandstorm|[upkeep]
|-damage|p2a: Derpnite|313\/385 brn|[from] sandstorm
|-heal|p1a: Gojira|335\/404|[from] item: Leftovers
|-damage|p2a: Derpnite|265\/385 brn|[from] brn
|turn|6
|
|switch|p2a: Durrrr|Slowbro, M|393\/393
|move|p1a: Gojira|Stealth Rock|p2a: Durrrr
|-sidestart|p2: SeizureDuk|move: Stealth Rock
|
|-weather|Sandstorm|[upkeep]
|-damage|p2a: Durrrr|369\/393|[from] sandstorm
|-heal|p1a: Gojira|360\/404|[from] item: Leftovers
|-heal|p2a: Durrrr|393\/393|[from] item: Leftovers
|turn|7
|
|switch|p1a: Transformer|Mew|379\/404 tox
|move|p2a: Durrrr|Thunder Wave|p1a: Transformer
|-fail|p1a: Transformer
|
|-weather|Sandstorm|[upkeep]
|-damage|p1a: Transformer|354\/404 tox|[from] sandstorm
|-damage|p2a: Durrrr|369\/393|[from] sandstorm
|-heal|p1a: Transformer|379\/404 tox|[from] item: Leftovers
|-heal|p2a: Durrrr|393\/393|[from] item: Leftovers
|-damage|p1a: Transformer|354\/404 tox|[from] psn
|turn|8
|
|switch|p2a: Nyan|Mew, shiny|401\/401
|-damage|p2a: Nyan|351\/401|[from] Stealth Rock
|move|p1a: Transformer|Taunt|p2a: Nyan
|-start|p2a: Nyan|move: Taunt
|
|-weather|Sandstorm|[upkeep]
|-damage|p1a: Transformer|329\/404 tox|[from] sandstorm
|-damage|p2a: Nyan|326\/401|[from] sandstorm
|-heal|p1a: Transformer|354\/404 tox|[from] item: Leftovers
|-heal|p2a: Nyan|351\/401|[from] item: Leftovers
|-damage|p1a: Transformer|304\/404 tox|[from] psn
|turn|9
|
|switch|p1a: Gojira|Tyranitar, F|360\/404
|move|p2a: Nyan|U-turn|p1a: Gojira
|-supereffective|p1a: Gojira
|-damage|p1a: Gojira|260\/404
|
|switch|p2a: King Sarcasm|Serperior, F|292\/292
|-damage|p2a: King Sarcasm|256\/292|[from] Stealth Rock
|
|-weather|none
|-heal|p1a: Gojira|285\/404|[from] item: Leftovers
|turn|10
|
|switch|p1a: Based Dog|Landorus-Therian, M|325\/325
|-ability|p1a: Based Dog|Intimidate|[of] p2a: King Sarcasm
|-boost|p2a: King Sarcasm|atk|1
|move|p2a: King Sarcasm|Leaf Storm|p1a: Based Dog
|-damage|p1a: Based Dog|139\/325
|-boost|p2a: King Sarcasm|spa|2
|
|turn|11
|
|switch|p2a: Durrrr|Slowbro, M|393\/393
|-damage|p2a: Durrrr|344\/393|[from] Stealth Rock
|move|p1a: Based Dog|Explosion|p2a: Durrrr
|-damage|p2a: Durrrr|124\/393
|faint|p1a: Based Dog
|
|-heal|p2a: Durrrr|148\/393|[from] item: Leftovers
|
|switch|p1a: Iron Man|Scizor-Mega, M|258\/343
|turn|12
|
|switch|p2a: Amphabulous|Ampharos, F|325\/325
|-damage|p2a: Amphabulous|285\/325|[from] Stealth Rock
|move|p1a: Iron Man|Knock Off|p2a: Amphabulous
|-damage|p2a: Amphabulous|192\/325
|
|turn|13
|
|switch|p1a: Gojira|Tyranitar, F|285\/404
|-weather|Sandstorm
|detailschange|p2a: Amphabulous|Ampharos-Mega, F
|-mega|p2a: Amphabulous|Ampharos|Ampharosite
|-ability|p2a: Amphabulous|Mold Breaker
|move|p2a: Amphabulous|Thunderbolt|p1a: Gojira
|-damage|p1a: Gojira|152\/404
|
|-weather|Sandstorm|[upkeep]
|-damage|p2a: Amphabulous|172\/325|[from] sandstorm
|-heal|p1a: Gojira|177\/404|[from] item: Leftovers
|turn|14
|
|move|p2a: Amphabulous|Thunderbolt|p1a: Gojira
|-damage|p1a: Gojira|51\/404
|move|p1a: Gojira|Stone Edge|p2a: Amphabulous
|-damage|p2a: Amphabulous|7\/325
|
|-weather|Sandstorm|[upkeep]
|-damage|p2a: Amphabulous|0 fnt|[from] sandstorm
|-heal|p1a: Gojira|76\/404|[from] item: Leftovers
|faint|p2a: Amphabulous
|
|switch|p2a: King Sarcasm|Serperior, F|256\/292
|-damage|p2a: King Sarcasm|220\/292|[from] Stealth Rock
|turn|15
|
|move|p2a: King Sarcasm|Leaf Storm|p1a: Gojira
|-crit|p1a: Gojira
|-supereffective|p1a: Gojira
|-damage|p1a: Gojira|0 fnt
|-boost|p2a: King Sarcasm|spa|2
|faint|p1a: Gojira
|
|-weather|Sandstorm|[upkeep]
|-damage|p2a: King Sarcasm|202\/292|[from] sandstorm
|
|switch|p1a: Duck Dodgers|Zapdos|384\/384
|-ability|p1a: Duck Dodgers|Pressure
|turn|16
|
|move|p2a: King Sarcasm|Substitute|p2a: King Sarcasm
|-start|p2a: King Sarcasm|Substitute
|-damage|p2a: King Sarcasm|129\/292
|move|p1a: Duck Dodgers|Heat Wave|p2a: King Sarcasm
|-supereffective|p2a: King Sarcasm
|-end|p2a: King Sarcasm|Substitute
|
|-weather|Sandstorm|[upkeep]
|-damage|p2a: King Sarcasm|111\/292|[from] sandstorm
|-damage|p1a: Duck Dodgers|360\/384|[from] sandstorm
|-heal|p1a: Duck Dodgers|384\/384|[from] item: Leftovers
|turn|17
|
|move|p2a: King Sarcasm|Substitute|p2a: King Sarcasm
|-start|p2a: King Sarcasm|Substitute
|-damage|p2a: King Sarcasm|38\/292
|move|p1a: Duck Dodgers|Thunderbolt|p2a: King Sarcasm
|-resisted|p2a: King Sarcasm
|-activate|p2a: King Sarcasm|Substitute|[damage]
|
|-weather|none
|turn|18
|
|move|p2a: King Sarcasm|Leaf Storm|p1a: Duck Dodgers
|-resisted|p1a: Duck Dodgers
|-damage|p1a: Duck Dodgers|228\/384
|-boost|p2a: King Sarcasm|spa|2
|move|p1a: Duck Dodgers|Heat Wave|p2a: King Sarcasm
|-supereffective|p2a: King Sarcasm
|-end|p2a: King Sarcasm|Substitute
|
|-heal|p1a: Duck Dodgers|252\/384|[from] item: Leftovers
|turn|19
|
|move|p2a: King Sarcasm|Leaf Storm|p1a: Duck Dodgers
|-resisted|p1a: Duck Dodgers
|-damage|p1a: Duck Dodgers|49\/384
|-boost|p2a: King Sarcasm|spa|2
|move|p1a: Duck Dodgers|Heat Wave|p2a: King Sarcasm
|-miss|p1a: Duck Dodgers|p2a: King Sarcasm
|
|-heal|p1a: Duck Dodgers|73\/384|[from] item: Leftovers
|turn|20
|
|move|p2a: King Sarcasm|Rest|p2a: King Sarcasm
|-status|p2a: King Sarcasm|slp
|-heal|p2a: King Sarcasm|292\/292 slp|[silent]
|-status|p2a: King Sarcasm|slp|[from] move: Rest
|-enditem|p2a: King Sarcasm|Chesto Berry|[eat]
|-curestatus|p2a: King Sarcasm|slp
|move|p1a: Duck Dodgers|Heat Wave|p2a: King Sarcasm
|-supereffective|p2a: King Sarcasm
|-damage|p2a: King Sarcasm|96\/292
|
|-heal|p1a: Duck Dodgers|97\/384|[from] item: Leftovers
|turn|21
|
|move|p2a: King Sarcasm|Substitute|p2a: King Sarcasm
|-start|p2a: King Sarcasm|Substitute
|-damage|p2a: King Sarcasm|23\/292
|move|p1a: Duck Dodgers|Heat Wave|p2a: King Sarcasm
|-supereffective|p2a: King Sarcasm
|-end|p2a: King Sarcasm|Substitute
|
|-heal|p1a: Duck Dodgers|121\/384|[from] item: Leftovers
|turn|22
|
|move|p2a: King Sarcasm|Leaf Storm|p1a: Duck Dodgers
|-resisted|p1a: Duck Dodgers
|-damage|p1a: Duck Dodgers|0 fnt
|faint|p1a: Duck Dodgers
|
|
|switch|p1a: Iron Man|Scizor-Mega, M|258\/343
|turn|23
|
|move|p1a: Iron Man|Bullet Punch|p2a: King Sarcasm
|-damage|p2a: King Sarcasm|0 fnt
|faint|p2a: King Sarcasm
|
|
|switch|p2a: Nyan|Mew, shiny|351\/401
|-damage|p2a: Nyan|301\/401|[from] Stealth Rock
|turn|24
|
|switch|p1a: Transformer|Mew|304\/404 tox
|move|p2a: Nyan|Defog|p1a: Transformer
|-unboost|p1a: Transformer|evasion|1
|-sideend|p2: SeizureDuk|Stealth Rock|[from] move: Defog|[of] p2a: Nyan
|
|-heal|p1a: Transformer|329\/404 tox|[from] item: Leftovers
|-heal|p2a: Nyan|326\/401|[from] item: Leftovers
|-damage|p1a: Transformer|304\/404 tox|[from] psn
|turn|25
|
|switch|p1a: Horse Penis|Keldeo|323\/323
|move|p2a: Nyan|Stealth Rock|p1a: Horse Penis
|-sidestart|p1: Chocolove|move: Stealth Rock
|
|-heal|p2a: Nyan|351\/401|[from] item: Leftovers
|turn|26
|
|move|p1a: Horse Penis|Substitute|p1a: Horse Penis
|-start|p1a: Horse Penis|Substitute
|-damage|p1a: Horse Penis|243\/323
|move|p2a: Nyan|U-turn|p1a: Horse Penis
|-resisted|p1a: Horse Penis
|-activate|p1a: Horse Penis|Substitute|[damage]
|
|switch|p2a: Derpnite|Dragonite, M|265\/385 brn
|
|-heal|p1a: Horse Penis|263\/323|[from] item: Leftovers
|-damage|p2a: Derpnite|217\/385 brn|[from] brn
|turn|27
|
|move|p1a: Horse Penis|Calm Mind|p1a: Horse Penis
|-boost|p1a: Horse Penis|spa|1
|-boost|p1a: Horse Penis|spd|1
|move|p2a: Derpnite|Roost|p2a: Derpnite
|-heal|p2a: Derpnite|385\/385 brn
|
|-heal|p1a: Horse Penis|283\/323|[from] item: Leftovers
|-damage|p2a: Derpnite|337\/385 brn|[from] brn
|turn|28
|
|move|p1a: Horse Penis|Calm Mind|p1a: Horse Penis
|-boost|p1a: Horse Penis|spa|1
|-boost|p1a: Horse Penis|spd|1
|move|p2a: Derpnite|Haze|p2a: Derpnite
|-clearallboost
|
|-heal|p1a: Horse Penis|303\/323|[from] item: Leftovers
|-damage|p2a: Derpnite|289\/385 brn|[from] brn
|turn|29
|
|move|p1a: Horse Penis|Calm Mind|p1a: Horse Penis
|-boost|p1a: Horse Penis|spa|1
|-boost|p1a: Horse Penis|spd|1
|move|p2a: Derpnite|Draco Meteor|p1a: Horse Penis|[miss]
|-miss|p2a: Derpnite|p1a: Horse Penis
|
|-heal|p1a: Horse Penis|323\/323|[from] item: Leftovers
|-damage|p2a: Derpnite|241\/385 brn|[from] brn
|turn|30
|
|move|p1a: Horse Penis|Secret Sword|p2a: Derpnite
|-resisted|p2a: Derpnite
|-damage|p2a: Derpnite|127\/385 brn
|move|p2a: Derpnite|Haze|p2a: Derpnite
|-clearallboost
|
|-damage|p2a: Derpnite|79\/385 brn|[from] brn
|turn|31
|
|move|p1a: Horse Penis|Secret Sword|p2a: Derpnite
|-resisted|p2a: Derpnite
|-damage|p2a: Derpnite|5\/385 brn
|move|p2a: Derpnite|Roost|p2a: Derpnite
|-heal|p2a: Derpnite|198\/385 brn
|
|-damage|p2a: Derpnite|150\/385 brn|[from] brn
|turn|32
|
|move|p1a: Horse Penis|Calm Mind|p1a: Horse Penis
|-boost|p1a: Horse Penis|spa|1
|-boost|p1a: Horse Penis|spd|1
|move|p2a: Derpnite|Roost|p2a: Derpnite
|-heal|p2a: Derpnite|343\/385 brn
|
|-damage|p2a: Derpnite|295\/385 brn|[from] brn
|turn|33
|
|move|p1a: Horse Penis|Scald|p2a: Derpnite
|-resisted|p2a: Derpnite
|-damage|p2a: Derpnite|223\/385 brn
|move|p2a: Derpnite|Haze|p2a: Derpnite
|-clearallboost
|
|-damage|p2a: Derpnite|175\/385 brn|[from] brn
|turn|34
|
|move|p1a: Horse Penis|Calm Mind|p1a: Horse Penis
|-boost|p1a: Horse Penis|spa|1
|-boost|p1a: Horse Penis|spd|1
|move|p2a: Derpnite|Roost|p2a: Derpnite
|-heal|p2a: Derpnite|368\/385 brn
|
|-damage|p2a: Derpnite|320\/385 brn|[from] brn
|turn|35
|
|move|p1a: Horse Penis|Scald|p2a: Derpnite
|-resisted|p2a: Derpnite
|-damage|p2a: Derpnite|249\/385 brn
|move|p2a: Derpnite|Haze|p2a: Derpnite
|-clearallboost
|
|-damage|p2a: Derpnite|201\/385 brn|[from] brn
|turn|36
|
|move|p1a: Horse Penis|Calm Mind|p1a: Horse Penis
|-boost|p1a: Horse Penis|spa|1
|-boost|p1a: Horse Penis|spd|1
|move|p2a: Derpnite|Roost|p2a: Derpnite
|-heal|p2a: Derpnite|385\/385 brn
|
|-damage|p2a: Derpnite|337\/385 brn|[from] brn
|turn|37
|
|move|p1a: Horse Penis|Secret Sword|p2a: Derpnite
|-resisted|p2a: Derpnite
|-damage|p2a: Derpnite|214\/385 brn
|move|p2a: Derpnite|Haze|p2a: Derpnite
|-clearallboost
|
|-damage|p2a: Derpnite|166\/385 brn|[from] brn
|turn|38
|
|move|p1a: Horse Penis|Calm Mind|p1a: Horse Penis
|-boost|p1a: Horse Penis|spa|1
|-boost|p1a: Horse Penis|spd|1
|move|p2a: Derpnite|Roost|p2a: Derpnite
|-heal|p2a: Derpnite|359\/385 brn
|
|-damage|p2a: Derpnite|311\/385 brn|[from] brn
|turn|39
|
|move|p1a: Horse Penis|Scald|p2a: Derpnite
|-resisted|p2a: Derpnite
|-damage|p2a: Derpnite|235\/385 brn
|move|p2a: Derpnite|Haze|p2a: Derpnite
|-clearallboost
|
|-damage|p2a: Derpnite|187\/385 brn|[from] brn
|turn|40
|
|move|p1a: Horse Penis|Calm Mind|p1a: Horse Penis
|-boost|p1a: Horse Penis|spa|1
|-boost|p1a: Horse Penis|spd|1
|move|p2a: Derpnite|Roost|p2a: Derpnite
|-heal|p2a: Derpnite|380\/385 brn
|
|-damage|p2a: Derpnite|332\/385 brn|[from] brn
|turn|41
|
|move|p1a: Horse Penis|Scald|p2a: Derpnite
|-resisted|p2a: Derpnite
|-damage|p2a: Derpnite|258\/385 brn
|move|p2a: Derpnite|Haze|p2a: Derpnite
|-clearallboost
|
|-damage|p2a: Derpnite|210\/385 brn|[from] brn
|turn|42
|
|move|p1a: Horse Penis|Scald|p2a: Derpnite
|-resisted|p2a: Derpnite
|-damage|p2a: Derpnite|157\/385 brn
|move|p2a: Derpnite|Roost|p2a: Derpnite
|-heal|p2a: Derpnite|350\/385 brn
|
|-damage|p2a: Derpnite|302\/385 brn|[from] brn
|turn|43
|
|move|p1a: Horse Penis|Scald|p2a: Derpnite
|-resisted|p2a: Derpnite
|-damage|p2a: Derpnite|253\/385 brn
|move|p2a: Derpnite|Draco Meteor|p1a: Horse Penis
|-end|p1a: Horse Penis|Substitute
|-unboost|p2a: Derpnite|spa|2
|
|-damage|p2a: Derpnite|205\/385 brn|[from] brn
|turn|44
|
|move|p1a: Horse Penis|Substitute|p1a: Horse Penis
|-start|p1a: Horse Penis|Substitute
|-damage|p1a: Horse Penis|243\/323
|move|p2a: Derpnite|Toxic|p1a: Horse Penis|[miss]
|-miss|p2a: Derpnite|p1a: Horse Penis
|
|-heal|p1a: Horse Penis|263\/323|[from] item: Leftovers
|-damage|p2a: Derpnite|157\/385 brn|[from] brn
|turn|45
|
|move|p1a: Horse Penis|Secret Sword|p2a: Derpnite
|-resisted|p2a: Derpnite
|-damage|p2a: Derpnite|82\/385 brn
|move|p2a: Derpnite|Roost|p2a: Derpnite
|-heal|p2a: Derpnite|275\/385 brn
|
|-heal|p1a: Horse Penis|283\/323|[from] item: Leftovers
|-damage|p2a: Derpnite|227\/385 brn|[from] brn
|turn|46
|
|move|p1a: Horse Penis|Calm Mind|p1a: Horse Penis
|-boost|p1a: Horse Penis|spa|1
|-boost|p1a: Horse Penis|spd|1
|move|p2a: Derpnite|Roost|p2a: Derpnite
|-heal|p2a: Derpnite|385\/385 brn
|
|-heal|p1a: Horse Penis|303\/323|[from] item: Leftovers
|-damage|p2a: Derpnite|337\/385 brn|[from] brn
|turn|47
|
|move|p1a: Horse Penis|Calm Mind|p1a: Horse Penis
|-boost|p1a: Horse Penis|spa|1
|-boost|p1a: Horse Penis|spd|1
|move|p2a: Derpnite|Haze|p2a: Derpnite
|-clearallboost
|
|-heal|p1a: Horse Penis|323\/323|[from] item: Leftovers
|-damage|p2a: Derpnite|289\/385 brn|[from] brn
|turn|48
|
|move|p1a: Horse Penis|Calm Mind|p1a: Horse Penis
|-boost|p1a: Horse Penis|spa|1
|-boost|p1a: Horse Penis|spd|1
|move|p2a: Derpnite|Draco Meteor|p1a: Horse Penis
|-crit|p1a: Horse Penis
|-end|p1a: Horse Penis|Substitute
|-unboost|p2a: Derpnite|spa|2
|
|-damage|p2a: Derpnite|241\/385 brn|[from] brn
|turn|49
|
|move|p1a: Horse Penis|Substitute|p1a: Horse Penis
|-start|p1a: Horse Penis|Substitute
|-damage|p1a: Horse Penis|243\/323
|move|p2a: Derpnite|Roost|p2a: Derpnite
|-heal|p2a: Derpnite|385\/385 brn
|
|-heal|p1a: Horse Penis|263\/323|[from] item: Leftovers
|-damage|p2a: Derpnite|337\/385 brn|[from] brn
|turn|50
|
|move|p1a: Horse Penis|Scald|p2a: Derpnite
|-resisted|p2a: Derpnite
|-damage|p2a: Derpnite|260\/385 brn
|move|p2a: Derpnite|Haze|p2a: Derpnite
|-clearallboost
|
|-heal|p1a: Horse Penis|283\/323|[from] item: Leftovers
|-damage|p2a: Derpnite|212\/385 brn|[from] brn
|turn|51
|
|move|p1a: Horse Penis|Scald|p2a: Derpnite
|-crit|p2a: Derpnite
|-resisted|p2a: Derpnite
|-damage|p2a: Derpnite|130\/385 brn
|move|p2a: Derpnite|Roost|p2a: Derpnite
|-heal|p2a: Derpnite|323\/385 brn
|
|-heal|p1a: Horse Penis|303\/323|[from] item: Leftovers
|-damage|p2a: Derpnite|275\/385 brn|[from] brn
|turn|52
|
|move|p1a: Horse Penis|Calm Mind|p1a: Horse Penis
|-boost|p1a: Horse Penis|spa|1
|-boost|p1a: Horse Penis|spd|1
|move|p2a: Derpnite|Draco Meteor|p1a: Horse Penis
|-end|p1a: Horse Penis|Substitute
|-unboost|p2a: Derpnite|spa|2
|
|-heal|p1a: Horse Penis|323\/323|[from] item: Leftovers
|-damage|p2a: Derpnite|227\/385 brn|[from] brn
|turn|53
|
|switch|p1a: Iron Man|Scizor-Mega, M|258\/343
|-damage|p1a: Iron Man|216\/343|[from] Stealth Rock
|move|p2a: Derpnite|Roost|p2a: Derpnite
|-heal|p2a: Derpnite|385\/385 brn
|
|-damage|p2a: Derpnite|337\/385 brn|[from] brn
|turn|54
|
|switch|p2a: Durrrr|Slowbro, M|279\/393
|move|p1a: Iron Man|Roost|p1a: Iron Man
|-heal|p1a: Iron Man|343\/343
|
|-heal|p2a: Durrrr|303\/393|[from] item: Leftovers
|turn|55
|
|move|p1a: Iron Man|Swords Dance|p1a: Iron Man
|-boost|p1a: Iron Man|atk|2
|move|p2a: Durrrr|Scald|p1a: Iron Man
|-crit|p1a: Iron Man
|-damage|p1a: Iron Man|222\/343
|
|-heal|p2a: Durrrr|327\/393|[from] item: Leftovers
|turn|56
|
|switch|p2a: Derpnite|Dragonite, M|337\/385 brn
|move|p1a: Iron Man|Knock Off|p2a: Derpnite
|-crit|p2a: Derpnite
|-damage|p2a: Derpnite|92\/385 brn
|
|-damage|p2a: Derpnite|44\/385 brn|[from] brn
|turn|57
|
|move|p1a: Iron Man|Bullet Punch|p2a: Derpnite
|-damage|p2a: Derpnite|0 fnt
|faint|p2a: Derpnite
|
|
|switch|p2a: Durrrr|Slowbro, M|393\/393
|turn|58
|
|move|p1a: Iron Man|Knock Off|p2a: Durrrr
|-supereffective|p2a: Durrrr
|-damage|p2a: Durrrr|105\/393
|-enditem|p2a: Durrrr|Leftovers|[from] move: Knock Off|[of] p1a: Iron Man
|move|p2a: Durrrr|Scald|p1a: Iron Man
|-damage|p1a: Iron Man|137\/343
|
|turn|59
|
|switch|p2a: Nyan|Mew, shiny|351\/401
|move|p1a: Iron Man|Knock Off|p2a: Nyan
|-supereffective|p2a: Nyan
|-damage|p2a: Nyan|0 fnt
|-enditem|p2a: Nyan|Leftovers|[from] move: Knock Off|[of] p1a: Iron Man
|faint|p2a: Nyan
|
|
|switch|p2a: Durrrr|Slowbro, M|236\/393
|turn|60
|
|move|p1a: Iron Man|Knock Off|p2a: Durrrr
|-supereffective|p2a: Durrrr
|-damage|p2a: Durrrr|40\/393
|move|p2a: Durrrr|Thunder Wave|p1a: Iron Man
|-status|p1a: Iron Man|par
|
|turn|61
|
|switch|p2a: Tartarus|Kyurem-Black|261\/391
|-ability|p2a: Tartarus|Teravolt
|move|p1a: Iron Man|Knock Off|p2a: Tartarus
|-damage|p2a: Tartarus|23\/391
|-enditem|p2a: Tartarus|Choice Scarf|[from] move: Knock Off|[of] p1a: Iron Man
|
|turn|62
|
|move|p1a: Iron Man|Bullet Punch|p2a: Tartarus
|-supereffective|p2a: Tartarus
|-damage|p2a: Tartarus|0 fnt
|faint|p2a: Tartarus
|
|
|switch|p2a: Durrrr|Slowbro, M|171\/393
|turn|63
|
|move|p2a: Durrrr|Slack Off|p2a: Durrrr
|-heal|p2a: Durrrr|368\/393
|move|p1a: Iron Man|Roost|p1a: Iron Man
|-heal|p1a: Iron Man|309\/343 par
|
|turn|64
|
|move|p2a: Durrrr|Scald|p1a: Iron Man
|-damage|p1a: Iron Man|230\/343 par
|cant|p1a: Iron Man|par
|
|turn|65
|
|move|p2a: Durrrr|Scald|p1a: Iron Man
|-damage|p1a: Iron Man|146\/343 par
|cant|p1a: Iron Man|par
|
|turn|66
|
|move|p2a: Durrrr|Scald|p1a: Iron Man
|-damage|p1a: Iron Man|71\/343 par
|move|p1a: Iron Man|Roost|p1a: Iron Man
|-heal|p1a: Iron Man|243\/343 par
|
|turn|67
|
|move|p2a: Durrrr|Scald|p1a: Iron Man
|-damage|p1a: Iron Man|159\/343 par
|move|p1a: Iron Man|Swords Dance|p1a: Iron Man
|-boost|p1a: Iron Man|atk|2
|
|turn|68
|
|move|p2a: Durrrr|Scald|p1a: Iron Man
|-damage|p1a: Iron Man|74\/343 par
|cant|p1a: Iron Man|par
|
|turn|69
|
|move|p2a: Durrrr|Scald|p1a: Iron Man
|-damage|p1a: Iron Man|0 fnt
|faint|p1a: Iron Man
|
|
|switch|p1a: Transformer|Mew|304\/404 tox
|-damage|p1a: Transformer|254\/404 tox|[from] Stealth Rock
|turn|70
|
|move|p1a: Transformer|Will-O-Wisp|p2a: Durrrr|[miss]
|-miss|p1a: Transformer|p2a: Durrrr
|move|p2a: Durrrr|Scald|p1a: Transformer
|-damage|p1a: Transformer|163\/404 tox
|
|-heal|p1a: Transformer|188\/404 tox|[from] item: Leftovers
|-damage|p1a: Transformer|163\/404 tox|[from] psn
|turn|71
|
|move|p1a: Transformer|Will-O-Wisp|p2a: Durrrr
|-status|p2a: Durrrr|brn
|move|p2a: Durrrr|Scald|p1a: Transformer
|-damage|p1a: Transformer|69\/404 tox
|
|-heal|p1a: Transformer|94\/404 tox|[from] item: Leftovers
|-damage|p1a: Transformer|44\/404 tox|[from] psn
|-damage|p2a: Durrrr|319\/393 brn|[from] brn
|turn|72
|
|move|p1a: Transformer|Soft-Boiled|p1a: Transformer
|-heal|p1a: Transformer|246\/404 tox
|move|p2a: Durrrr|Scald|p1a: Transformer
|-damage|p1a: Transformer|147\/404 tox
|
|-heal|p1a: Transformer|172\/404 tox|[from] item: Leftovers
|-damage|p1a: Transformer|97\/404 tox|[from] psn
|-damage|p2a: Durrrr|270\/393 brn|[from] brn
|turn|73
|
|move|p1a: Transformer|Taunt|p2a: Durrrr
|-start|p2a: Durrrr|move: Taunt
|cant|p2a: Durrrr|move: Taunt|Slack Off
|
|-heal|p1a: Transformer|122\/404 tox|[from] item: Leftovers
|-damage|p1a: Transformer|22\/404 tox|[from] psn
|-damage|p2a: Durrrr|221\/393 brn|[from] brn
|turn|74
|
|move|p1a: Transformer|Knock Off|p2a: Durrrr
|-crit|p2a: Durrrr
|-supereffective|p2a: Durrrr
|-damage|p2a: Durrrr|121\/393 brn
|move|p2a: Durrrr|Psyshock|p1a: Transformer
|-resisted|p1a: Transformer
|-damage|p1a: Transformer|0 fnt
|faint|p1a: Transformer
|
|-damage|p2a: Durrrr|72\/393 brn|[from] brn
|
|switch|p1a: Horse Penis|Keldeo|323\/323
|-damage|p1a: Horse Penis|303\/323|[from] Stealth Rock
|turn|75
|
|move|p1a: Horse Penis|Scald|p2a: Durrrr
|-resisted|p2a: Durrrr
|-damage|p2a: Durrrr|0 fnt
|faint|p2a: Durrrr
|
|win|Chocolove
|raw|Ladder updating...
|leave|SeizureDuk
|raw|Chocolove's rating: 1463 &rarr; <strong>1482<\/strong><br \/>(+19 for winning)
|raw|SeizureDuk's rating: 1431 &rarr; <strong>1413<\/strong><br \/>(-18 for losing)
|player|p2