|join|Chocolove
|join|goulau
|player|p1|Chocolove|29
|player|p2|goulau|153
|gametype|singles
|gen|6
|tier|OU
|rated
|clearpoke
|poke|p1|Mew
|poke|p1|Gyarados, M
|poke|p1|Latias, F
|poke|p1|Thundurus, M
|poke|p1|Mamoswine, M
|poke|p1|Scizor, F
|poke|p2|Diancie
|poke|p2|Darmanitan, F, shiny
|poke|p2|Garchomp, M
|poke|p2|Skarmory, F, shiny
|poke|p2|Blissey, F
|poke|p2|Slowbro, F
|rule|Swagger Clause: Swagger is banned
|rule|Baton Pass Clause: Limit one Pokémon knowing Baton Pass
|rule|Sleep Clause Mod: Limit one foe put to sleep
|rule|Species Clause: Limit one of each Pokémon
|rule|OHKO Clause: OHKO moves are banned
|rule|Moody Clause: Moody is banned
|rule|Evasion Moves Clause: Evasion moves are banned
|rule|Endless Battle Clause: Forcing endless battles is banned
|rule|HP Percentage Mod: HP is shown in percentages
|teampreview
|
|start
|switch|p1a: Euron|Gyarados, M|351\/351
|switch|p2a: Darmanitan|Darmanitan, F, shiny|356\/356
|-ability|p1a: Euron|Intimidate|[of] p2a: Darmanitan
|-unboost|p2a: Darmanitan|atk|1
|turn|1
|
|move|p2a: Darmanitan|U-turn|p1a: Euron
|-resisted|p1a: Euron
|-damage|p1a: Euron|309\/351
|
|switch|p2a: Skarmory|Skarmory, F, shiny|334\/334
|move|p1a: Euron|Substitute|p1a: Euron
|-start|p1a: Euron|Substitute
|-damage|p1a: Euron|222\/351
|
|turn|2
|
|detailschange|p1a: Euron|Gyarados-Mega, M
|-mega|p1a: Euron|Gyarados|Gyaradosite
|-ability|p1a: Euron|Mold Breaker
|move|p1a: Euron|Waterfall|p2a: Skarmory
|-damage|p2a: Skarmory|237\/334
|-damage|p1a: Euron|164\/351|[from] item: Rocky Helmet|[of] p2a: Skarmory
|cant|p2a: Skarmory|flinch
|
|turn|3
|
|move|p1a: Euron|Dragon Dance|p1a: Euron
|-boost|p1a: Euron|atk|1
|-boost|p1a: Euron|spe|1
|move|p2a: Skarmory|Roost|p2a: Skarmory
|-heal|p2a: Skarmory|334\/334
|
|turn|4
|
|move|p1a: Euron|Waterfall|p2a: Skarmory
|-damage|p2a: Skarmory|174\/334
|-damage|p1a: Euron|106\/351|[from] item: Rocky Helmet|[of] p2a: Skarmory
|move|p2a: Skarmory|Whirlwind|p1a: Euron
|drag|p1a: Varys|Mew|404\/404
|
|turn|5
|
|move|p1a: Varys|Will-O-Wisp|p2a: Skarmory
|-status|p2a: Skarmory|brn
|move|p2a: Skarmory|Roost|p2a: Skarmory
|-heal|p2a: Skarmory|334\/334 brn
|
|-damage|p2a: Skarmory|293\/334 brn|[from] brn
|turn|6
|
|move|p1a: Varys|Taunt|p2a: Skarmory
|-start|p2a: Skarmory|move: Taunt
|cant|p2a: Skarmory|move: Taunt|Stealth Rock
|
|-damage|p2a: Skarmory|252\/334 brn|[from] brn
|turn|7
|
|switch|p2a: Darmanitan|Darmanitan, F, shiny|356\/356
|move|p1a: Varys|Knock Off|p2a: Darmanitan
|-damage|p2a: Darmanitan|237\/356
|-enditem|p2a: Darmanitan|Choice Scarf|[from] move: Knock Off|[of] p1a: Varys
|
|turn|8
|
|move|p2a: Darmanitan|Flare Blitz|p1a: Varys
|-damage|p1a: Varys|74\/404
|-damage|p2a: Darmanitan|128\/356|[from] recoil|[of] p1a: Varys
|move|p1a: Varys|Soft-Boiled|p1a: Varys
|-heal|p1a: Varys|276\/404
|
|-heal|p1a: Varys|301\/404|[from] item: Leftovers
|turn|9
|
|move|p2a: Darmanitan|Flare Blitz|p1a: Varys
|-damage|p1a: Varys|0 fnt
|-damage|p2a: Darmanitan|29\/356|[from] recoil|[of] p1a: Varys
|faint|p1a: Varys
|
|
|switch|p1a: Mance|Mamoswine, M|361\/361
|turn|10
|
|switch|p2a: Slowbro|Slowbro, F|394\/394
|move|p1a: Mance|Stealth Rock|p2a: Slowbro
|-sidestart|p2: goulau|move: Stealth Rock
|
|turn|11
|
|switch|p1a: Melisandre|Scizor, F|343\/343
|move|p2a: Slowbro|Scald|p1a: Melisandre
|-damage|p1a: Melisandre|231\/343
|
|turn|12
|
|switch|p2a: Skarmory|Skarmory, F, shiny|252\/334 brn
|-damage|p2a: Skarmory|211\/334 brn|[from] Stealth Rock
|move|p1a: Melisandre|U-turn|p2a: Skarmory
|-resisted|p2a: Skarmory
|-damage|p2a: Skarmory|184\/334 brn
|-damage|p1a: Melisandre|174\/343|[from] item: Rocky Helmet|[of] p2a: Skarmory
|
|switch|p1a: Robert|Thundurus, M|299\/299
|
|-damage|p2a: Skarmory|143\/334 brn|[from] brn
|turn|13
|
|switch|p2a: Blissey|Blissey, F|667\/667
|-damage|p2a: Blissey|584\/667|[from] Stealth Rock
|move|p1a: Robert|Nasty Plot|p1a: Robert
|-boost|p1a: Robert|spa|2
|
|-heal|p2a: Blissey|625\/667|[from] item: Leftovers
|turn|14
|
|move|p1a: Robert|Thunderbolt|p2a: Blissey
|-damage|p2a: Blissey|394\/667
|move|p2a: Blissey|Toxic|p1a: Robert
|-status|p1a: Robert|tox
|
|-heal|p2a: Blissey|435\/667|[from] item: Leftovers
|-damage|p1a: Robert|281\/299 tox|[from] psn
|turn|15
|
|move|p1a: Robert|Nasty Plot|p1a: Robert
|-boost|p1a: Robert|spa|2
|move|p2a: Blissey|Seismic Toss|p1a: Robert
|-damage|p1a: Robert|181\/299 tox
|
|-heal|p1a: Robert|199\/299 tox|[from] item: Leftovers
|-heal|p2a: Blissey|476\/667|[from] item: Leftovers
|-damage|p1a: Robert|163\/299 tox|[from] psn
|turn|16
|
|move|p2a: Blissey|Protect|p2a: Blissey
|-singleturn|p2a: Blissey|Protect
|move|p1a: Robert|Thunderbolt|p2a: Blissey
|-activate|p2a: Blissey|Protect
|
|-heal|p1a: Robert|181\/299 tox|[from] item: Leftovers
|-heal|p2a: Blissey|517\/667|[from] item: Leftovers
|-damage|p1a: Robert|127\/299 tox|[from] psn
|turn|17
|
|move|p1a: Robert|Hidden Power|p2a: Blissey
|-damage|p2a: Blissey|363\/667
|move|p2a: Blissey|Soft-Boiled|p2a: Blissey
|-heal|p2a: Blissey|667\/667
|
|-heal|p1a: Robert|145\/299 tox|[from] item: Leftovers
|-damage|p1a: Robert|73\/299 tox|[from] psn
|turn|18
|
|move|p2a: Blissey|Protect|p2a: Blissey
|-singleturn|p2a: Blissey|Protect
|move|p1a: Robert|Thunderbolt|p2a: Blissey
|-activate|p2a: Blissey|Protect
|
|-heal|p1a: Robert|91\/299 tox|[from] item: Leftovers
|-damage|p1a: Robert|1\/299 tox|[from] psn
|turn|19
|
|move|p1a: Robert|Thunderbolt|p2a: Blissey
|-damage|p2a: Blissey|313\/667
|move|p2a: Blissey|Soft-Boiled|p2a: Blissey
|-heal|p2a: Blissey|647\/667
|
|-heal|p1a: Robert|19\/299 tox|[from] item: Leftovers
|-heal|p2a: Blissey|667\/667|[from] item: Leftovers
|-damage|p1a: Robert|0 fnt|[from] psn
|faint|p1a: Robert
|
|switch|p1a: Melisandre|Scizor, F|174\/343
|turn|20
|
|move|p2a: Blissey|Protect|p2a: Blissey
|-singleturn|p2a: Blissey|Protect
|move|p1a: Melisandre|U-turn|p2a: Blissey
|-activate|p2a: Blissey|Protect
|
|turn|21
|
|move|p1a: Melisandre|U-turn|p2a: Blissey
|-damage|p2a: Blissey|297\/667
|
|switch|p1a: Daenerys|Latias, F|301\/301
|move|p2a: Blissey|Toxic|p1a: Daenerys
|-status|p1a: Daenerys|tox
|
|-heal|p2a: Blissey|338\/667|[from] item: Leftovers
|-damage|p1a: Daenerys|283\/301 tox|[from] psn
|turn|22
|
|move|p2a: Blissey|Protect|p2a: Blissey
|-singleturn|p2a: Blissey|Protect
|move|p1a: Daenerys|Healing Wish|p1a: Daenerys
|faint|p1a: Daenerys
|
|-heal|p2a: Blissey|379\/667|[from] item: Leftovers
|
|switch|p1a: Euron|Gyarados-Mega, M|106\/351
|-heal|p1a: Euron|351\/351|[from] move: Healing Wish
|-ability|p1a: Euron|Mold Breaker
|turn|23
|
|move|p1a: Euron|Substitute|p1a: Euron
|-start|p1a: Euron|Substitute
|-damage|p1a: Euron|264\/351
|move|p2a: Blissey|Seismic Toss|p1a: Euron
|-end|p1a: Euron|Substitute
|
|-heal|p2a: Blissey|420\/667|[from] item: Leftovers
|turn|24
|
|move|p1a: Euron|Substitute|p1a: Euron
|-start|p1a: Euron|Substitute
|-damage|p1a: Euron|177\/351
|move|p2a: Blissey|Toxic|p1a: Euron
|
|-heal|p2a: Blissey|461\/667|[from] item: Leftovers
|turn|25
|
|move|p1a: Euron|Dragon Dance|p1a: Euron
|-boost|p1a: Euron|atk|1
|-boost|p1a: Euron|spe|1
|move|p2a: Blissey|Seismic Toss|p1a: Euron
|-end|p1a: Euron|Substitute
|
|-heal|p2a: Blissey|502\/667|[from] item: Leftovers
|turn|26
|
|move|p1a: Euron|Waterfall|p2a: Blissey
|-damage|p2a: Blissey|48\/667
|move|p2a: Blissey|Seismic Toss|p1a: Euron
|-damage|p1a: Euron|77\/351
|
|-heal|p2a: Blissey|89\/667|[from] item: Leftovers
|turn|27
|
|move|p1a: Euron|Waterfall|p2a: Blissey
|-damage|p2a: Blissey|0 fnt
|faint|p2a: Blissey
|
|
|switch|p2a: Skarmory|Skarmory, F, shiny|143\/334 brn
|-damage|p2a: Skarmory|102\/334 brn|[from] Stealth Rock
|turn|28
|
|move|p1a: Euron|Crunch|p2a: Skarmory
|-crit|p2a: Skarmory
|-damage|p2a: Skarmory|0 fnt
|-damage|p1a: Euron|19\/351|[from] item: Rocky Helmet|[of] p2a: Skarmory
|faint|p2a: Skarmory
|
|
|switch|p2a: Garchomp|Garchomp, M|357\/357
|-damage|p2a: Garchomp|335\/357|[from] Stealth Rock
|turn|29
|
|move|p1a: Euron|Waterfall|p2a: Garchomp
|-damage|p2a: Garchomp|79\/357
|-damage|p1a: Euron|0 fnt|[from] ability: Rough Skin|[of] p2a: Garchomp
|faint|p1a: Euron
|move|p2a: Garchomp|Earthquake|p1: Euron|[notarget]
|-notarget
|
|
|switch|p1a: Mance|Mamoswine, M|361\/361
|turn|30
|
|switch|p2a: Slowbro|Slowbro, F|394\/394
|-damage|p2a: Slowbro|345\/394|[from] Stealth Rock
|move|p1a: Mance|Ice Shard|p2a: Slowbro
|-resisted|p2a: Slowbro
|-damage|p2a: Slowbro|321\/394
|
|-heal|p2a: Slowbro|345\/394|[from] item: Leftovers
|turn|31
|
|switch|p1a: Melisandre|Scizor, F|174\/343
|move|p2a: Slowbro|Scald|p1a: Melisandre
|-damage|p1a: Melisandre|69\/343
|
|-heal|p2a: Slowbro|369\/394|[from] item: Leftovers
|turn|32
|
|move|p1a: Melisandre|U-turn|p2a: Slowbro
|-supereffective|p2a: Slowbro
|-damage|p2a: Slowbro|105\/394
|
|switch|p1a: Mance|Mamoswine, M|361\/361
|move|p2a: Slowbro|Scald|p1a: Mance
|-supereffective|p1a: Mance
|-damage|p1a: Mance|73\/361
|-status|p1a: Mance|brn
|
|-heal|p2a: Slowbro|129\/394|[from] item: Leftovers
|-damage|p1a: Mance|28\/361 brn|[from] brn
|turn|33
|
|move|p1a: Mance|Earthquake|p2a: Slowbro
|-damage|p2a: Slowbro|71\/394
|move|p2a: Slowbro|Slack Off|p2a: Slowbro
|-heal|p2a: Slowbro|268\/394
|
|-heal|p2a: Slowbro|292\/394|[from] item: Leftovers
|-damage|p1a: Mance|0 fnt|[from] brn
|faint|p1a: Mance
|
|switch|p1a: Melisandre|Scizor, F|69\/343
|turn|34
|
|move|p1a: Melisandre|U-turn|p2a: Slowbro
|-supereffective|p2a: Slowbro
|-damage|p2a: Slowbro|14\/394
|move|p2a: Slowbro|Scald|p1a: Melisandre
|-damage|p1a: Melisandre|0 fnt
|faint|p1a: Melisandre
|
|win|goulau
|raw|Ladder updating...
|raw|Chocolove's rating: 1507 &rarr; <strong>1487<\/strong><br \/>(-20 for losing)
|raw|goulau's rating: 1504 &rarr; <strong>1524<\/strong><br \/>(+20 for winning)
|c|★goulau|gg
|leave|goulau
|c|★Chocolove|?