|join|Fer1est
|join|Arbrissseau
|player|p1|Fer1est|65
|player|p2|Arbrissseau|16
|gametype|singles
|gen|6
|tier|OU
|rated
|clearpoke
|poke|p1|Swampert, M
|poke|p1|Politoed, M
|poke|p1|Manaphy
|poke|p1|Togekiss, M
|poke|p1|Scizor, F
|poke|p1|Gengar, F
|poke|p2|Latios, M
|poke|p2|Bisharp, F
|poke|p2|Pinsir, M
|poke|p2|Terrakion
|poke|p2|Alakazam, M
|poke|p2|Victini
|rule|Swagger Clause: Swagger is banned
|rule|Baton Pass Clause: Limit one Pokémon knowing Baton Pass
|rule|Sleep Clause Mod: Limit one foe put to sleep
|rule|Species Clause: Limit one of each Pokémon
|rule|OHKO Clause: OHKO moves are banned
|rule|Moody Clause: Moody is banned
|rule|Evasion Moves Clause: Evasion moves are banned
|rule|Endless Battle Clause: Forcing endless battles is banned
|rule|HP Percentage Mod: HP is shown in percentages
|teampreview
|
|start
|switch|p1a: Rainbow|Politoed, M|384\/384
|switch|p2a: Terrakion|Terrakion|323\/323
|-weather|RainDance
|turn|1
|
|move|p2a: Terrakion|Stealth Rock|p1a: Rainbow
|-sidestart|p1: Fer1est|move: Stealth Rock
|move|p1a: Rainbow|Scald|p2a: Terrakion
|-supereffective|p2a: Terrakion
|-damage|p2a: Terrakion|29\/323
|
|-weather|RainDance|[upkeep]
|turn|2
|
|move|p2a: Terrakion|Close Combat|p1a: Rainbow
|-damage|p1a: Rainbow|113\/384
|-unboost|p2a: Terrakion|def|1
|-unboost|p2a: Terrakion|spd|1
|move|p1a: Rainbow|Scald|p2a: Terrakion
|-supereffective|p2a: Terrakion
|-damage|p2a: Terrakion|0 fnt
|faint|p2a: Terrakion
|
|-weather|RainDance|[upkeep]
|c|★Arbrissseau|two rain team in a row
|
|switch|p2a: Bisharp|Bisharp, F|291\/291
|turn|3
|
|move|p2a: Bisharp|Pursuit|p1a: Rainbow|[from]Pursuit
|-damage|p1a: Rainbow|0 fnt
|-damage|p2a: Bisharp|262\/291|[from] item: Life Orb
|faint|p1a: Rainbow
|
|-weather|RainDance|[upkeep]
|
|switch|p1a: Nessie|Swampert, M|342\/342
|-damage|p1a: Nessie|321\/342|[from] Stealth Rock
|turn|4
|
|detailschange|p1a: Nessie|Swampert-Mega, M
|-mega|p1a: Nessie|Swampert|Swampertite
|move|p2a: Bisharp|Sucker Punch|p1a: Nessie
|-damage|p1a: Nessie|144\/342
|-damage|p2a: Bisharp|233\/291|[from] item: Life Orb
|move|p1a: Nessie|Earthquake|p2a: Bisharp
|-supereffective|p2a: Bisharp
|-damage|p2a: Bisharp|0 fnt
|faint|p2a: Bisharp
|
|-weather|RainDance|[upkeep]
|
|switch|p2a: Alakazam|Alakazam, M|252\/252
|turn|5
|
|switch|p1a: Scizor|Scizor, F|343\/343
|-damage|p1a: Scizor|301\/343|[from] Stealth Rock
|move|p2a: Alakazam|Psyshock|p1a: Scizor
|-resisted|p1a: Scizor
|-damage|p1a: Scizor|226\/343
|
|-weather|RainDance|[upkeep]
|turn|6
|
|move|p2a: Alakazam|Shadow Ball|p1a: Scizor
|-damage|p1a: Scizor|110\/343
|move|p1a: Scizor|Swords Dance|p1a: Scizor
|-boost|p1a: Scizor|atk|2
|
|-weather|RainDance|[upkeep]
|turn|7
|
|move|p1a: Scizor|Bullet Punch|p2a: Alakazam
|-enditem|p2a: Alakazam|Focus Sash
|-damage|p2a: Alakazam|1\/252
|move|p2a: Alakazam|Shadow Ball|p1a: Scizor
|-damage|p1a: Scizor|0 fnt
|faint|p1a: Scizor
|
|-weather|RainDance|[upkeep]
|
|switch|p1a: Nessie|Swampert-Mega, M|144\/342
|-damage|p1a: Nessie|123\/342|[from] Stealth Rock
|turn|8
|
|move|p1a: Nessie|Waterfall|p2a: Alakazam
|-damage|p2a: Alakazam|0 fnt
|faint|p2a: Alakazam
|
|-weather|none
|
|switch|p2a: Pinsir|Pinsir, M|271\/271
|turn|9
|
|detailschange|p2a: Pinsir|Pinsir-Mega, M
|-mega|p2a: Pinsir|Pinsir|Pinsirite
|move|p2a: Pinsir|Frustration|p1a: Nessie
|-damage|p1a: Nessie|0 fnt
|faint|p1a: Nessie
|
|
|switch|p1a: Gengar|Gengar, F|261\/261
|-damage|p1a: Gengar|229\/261|[from] Stealth Rock
|turn|10
|
|move|p2a: Pinsir|Quick Attack|p1a: Gengar
|-damage|p1a: Gengar|75\/261
|move|p1a: Gengar|Sludge Wave|p2a: Pinsir
|-damage|p2a: Pinsir|20\/271
|-damage|p1a: Gengar|49\/261|[from] item: Life Orb
|
|turn|11
|
|switch|p1a: Unleashed|Manaphy|404\/404
|-damage|p1a: Unleashed|354\/404|[from] Stealth Rock
|move|p2a: Pinsir|Quick Attack|p1a: Unleashed
|-damage|p1a: Unleashed|257\/404
|
|-heal|p1a: Unleashed|282\/404|[from] item: Leftovers
|turn|12
|
|move|p2a: Pinsir|Frustration|p1a: Unleashed
|-damage|p1a: Unleashed|2\/404
|move|p1a: Unleashed|Scald|p2a: Pinsir
|-damage|p2a: Pinsir|0 fnt
|faint|p2a: Pinsir
|
|-heal|p1a: Unleashed|27\/404|[from] item: Leftovers
|c|★Arbrissseau|noooo
|
|switch|p2a: Victini|Victini|341\/341
|turn|13
|
|move|p2a: Victini|Bolt Strike|p1a: Unleashed|[miss]
|-miss|p2a: Victini|p1a: Unleashed
|move|p1a: Unleashed|Scald|p2a: Victini
|-supereffective|p2a: Victini
|-damage|p2a: Victini|77\/341
|
|-heal|p1a: Unleashed|52\/404|[from] item: Leftovers
|turn|14
|
|move|p2a: Victini|Bolt Strike|p1a: Unleashed
|-supereffective|p1a: Unleashed
|-damage|p1a: Unleashed|0 fnt
|faint|p1a: Unleashed
|
|c|★Arbrissseau|can't be serious <<
|
|switch|p1a: Togekiss|Togekiss, M|311\/311
|-damage|p1a: Togekiss|234\/311|[from] Stealth Rock
|turn|15
|
|move|p2a: Victini|Bolt Strike|p1a: Togekiss|[miss]
|-miss|p2a: Victini|p1a: Togekiss
|move|p1a: Togekiss|Air Slash|p2a: Victini
|-damage|p2a: Victini|0 fnt
|faint|p2a: Victini
|
|c|★Arbrissseau|....
|c|★Arbrissseau|.........
|c|★Arbrissseau|......................
|c|★Arbrissseau|NOOOOOOOOOOOOOOOOOOOOOOOO
|
|switch|p2a: Latios|Latios, M|301\/301
|turn|16
|
|move|p1a: Togekiss|Air Slash|p2a: Latios
|-crit|p2a: Latios
|-damage|p2a: Latios|111\/301
|cant|p2a: Latios|flinch
|
|turn|17
|c|★Arbrissseau|come on...
|
|move|p1a: Togekiss|Air Slash|p2a: Latios
|-damage|p2a: Latios|0 fnt
|faint|p2a: Latios
|
|win|Fer1est
|raw|Ladder updating...