|join|Fer1est
|join|sand1234
|player|p1|Fer1est|65
|player|p2|sand1234|284
|gametype|singles
|gen|6
|tier|OU
|rated
|clearpoke
|poke|p1|Swampert, M
|poke|p1|Politoed, M
|poke|p1|Manaphy
|poke|p1|Celebi
|poke|p1|Scizor, M
|poke|p1|Klefki, M
|poke|p2|Klefki, F
|poke|p2|Chesnaught, M
|poke|p2|Keldeo
|poke|p2|Rotom-Wash
|poke|p2|Heatran, F
|poke|p2|Scizor, M
|rule|Swagger Clause: Swagger is banned
|rule|Baton Pass Clause: Limit one Pokémon knowing Baton Pass
|rule|Sleep Clause Mod: Limit one foe put to sleep
|rule|Species Clause: Limit one of each Pokémon
|rule|OHKO Clause: OHKO moves are banned
|rule|Moody Clause: Moody is banned
|rule|Evasion Moves Clause: Evasion moves are banned
|rule|Endless Battle Clause: Forcing endless battles is banned
|rule|HP Percentage Mod: HP is shown in percentages
|teampreview
|
|start
|switch|p1a: Rainbow|Politoed, M|384\/384
|switch|p2a: Rotom-Wash|Rotom-Wash|304\/304
|-weather|RainDance
|turn|1
|
|switch|p1a: Celebi|Celebi|396\/396
|move|p2a: Rotom-Wash|Hydro Pump|p1a: Celebi
|-resisted|p1a: Celebi
|-damage|p1a: Celebi|304\/396
|
|-weather|RainDance|[upkeep]
|-heal|p1a: Celebi|328\/396|[from] item: Leftovers
|turn|2
|
|switch|p2a: Scizor|Scizor, M|303\/303
|move|p1a: Celebi|Earth Power|p2a: Scizor
|-damage|p2a: Scizor|197\/303
|
|-weather|RainDance|[upkeep]
|-heal|p1a: Celebi|352\/396|[from] item: Leftovers
|turn|3
|
|switch|p1a: Unleashed|Manaphy|404\/404
|detailschange|p2a: Scizor|Scizor-Mega, M
|-mega|p2a: Scizor|Scizor|Scizorite
|move|p2a: Scizor|Knock Off|p1a: Unleashed
|-damage|p1a: Unleashed|255\/404
|-enditem|p1a: Unleashed|Leftovers|[from] move: Knock Off|[of] p2a: Scizor
|
|-weather|RainDance|[upkeep]
|turn|4
|
|switch|p2a: Rotom-Wash|Rotom-Wash|304\/304
|move|p1a: Unleashed|Tail Glow|p1a: Unleashed
|-boost|p1a: Unleashed|spa|3
|
|-weather|RainDance|[upkeep]
|turn|5
|
|switch|p1a: Nessie|Swampert, M|342\/342
|move|p2a: Rotom-Wash|Volt Switch|p1a: Nessie
|-immune|p1a: Nessie|[msg]
|
|-weather|RainDance|[upkeep]
|turn|6
|
|detailschange|p1a: Nessie|Swampert-Mega, M
|-mega|p1a: Nessie|Swampert|Swampertite
|move|p1a: Nessie|Stealth Rock|p2a: Rotom-Wash
|-sidestart|p2: sand1234|move: Stealth Rock
|move|p2a: Rotom-Wash|Will-O-Wisp|p1a: Nessie
|-status|p1a: Nessie|brn
|
|-weather|RainDance|[upkeep]
|-damage|p1a: Nessie|300\/342 brn|[from] brn
|turn|7
|
|move|p1a: Nessie|Waterfall|p2a: Rotom-Wash
|-resisted|p2a: Rotom-Wash
|-damage|p2a: Rotom-Wash|261\/304
|move|p2a: Rotom-Wash|Hydro Pump|p1a: Nessie
|-damage|p1a: Nessie|114\/342 brn
|
|-weather|RainDance|[upkeep]
|-heal|p2a: Rotom-Wash|280\/304|[from] item: Leftovers
|-damage|p1a: Nessie|72\/342 brn|[from] brn
|turn|8
|
|switch|p1a: Unleashed|Manaphy|255\/404
|switch|p2a: Klefki|Klefki, F|317\/317
|-damage|p2a: Klefki|298\/317|[from] Stealth Rock
|
|-weather|none
|turn|9
|
|switch|p1a: Rainbow|Politoed, M|384\/384
|-weather|RainDance
|move|p2a: Klefki|Thunder Wave|p1a: Rainbow
|-status|p1a: Rainbow|par
|
|-weather|RainDance|[upkeep]
|turn|10
|
|switch|p1a: Unleashed|Manaphy|255\/404
|move|p2a: Klefki|Light Screen|p2a: Klefki
|-sidestart|p2: sand1234|move: Light Screen
|
|-weather|RainDance|[upkeep]
|turn|11
|
|switch|p2a: Rotom-Wash|Rotom-Wash|280\/304
|-damage|p2a: Rotom-Wash|242\/304|[from] Stealth Rock
|move|p1a: Unleashed|Rest|p1a: Unleashed
|-status|p1a: Unleashed|slp
|-heal|p1a: Unleashed|404\/404 slp|[silent]
|-status|p1a: Unleashed|slp|[from] move: Rest
|
|-weather|RainDance|[upkeep]
|-curestatus|p1a: Unleashed|slp
|-heal|p2a: Rotom-Wash|261\/304|[from] item: Leftovers
|turn|12
|
|move|p1a: Unleashed|Rest|p1a: Unleashed
|-fail|p1a: Unleashed
|move|p2a: Rotom-Wash|Volt Switch|p1a: Unleashed
|-supereffective|p1a: Unleashed
|-damage|p1a: Unleashed|246\/404
|
|switch|p2a: Chesnaught|Chesnaught, M|318\/318
|-damage|p2a: Chesnaught|299\/318|[from] Stealth Rock
|
|-weather|RainDance|[upkeep]
|turn|13
|
|move|p2a: Chesnaught|Substitute|p2a: Chesnaught
|-start|p2a: Chesnaught|Substitute
|-damage|p2a: Chesnaught|220\/318
|move|p1a: Unleashed|Psychic|p2a: Chesnaught
|-supereffective|p2a: Chesnaught
|-end|p2a: Chesnaught|Substitute
|
|-weather|RainDance|[upkeep]
|turn|14
|
|move|p2a: Chesnaught|Seed Bomb|p1a: Unleashed
|-supereffective|p1a: Unleashed
|-damage|p1a: Unleashed|4\/404
|move|p1a: Unleashed|Rest|p1a: Unleashed
|-status|p1a: Unleashed|slp
|-heal|p1a: Unleashed|404\/404 slp|[silent]
|-status|p1a: Unleashed|slp|[from] move: Rest
|
|-weather|RainDance|[upkeep]
|-curestatus|p1a: Unleashed|slp
|turn|15
|
|move|p2a: Chesnaught|Seed Bomb|p1a: Unleashed
|-supereffective|p1a: Unleashed
|-damage|p1a: Unleashed|132\/404
|move|p1a: Unleashed|Psychic|p2a: Chesnaught
|-supereffective|p2a: Chesnaught
|-damage|p2a: Chesnaught|100\/318
|
|-weather|RainDance|[upkeep]
|turn|16
|
|switch|p1a: Scizor|Scizor, M|344\/344
|move|p2a: Chesnaught|Drain Punch|p1a: Scizor
|-damage|p1a: Scizor|221\/344
|-heal|p2a: Chesnaught|162\/318|[from] drain|[of] p1a: Scizor
|
|-weather|none
|turn|17
|
|switch|p2a: Rotom-Wash|Rotom-Wash|261\/304
|-damage|p2a: Rotom-Wash|223\/304|[from] Stealth Rock
|move|p1a: Scizor|U-turn|p2a: Rotom-Wash
|-crit|p2a: Rotom-Wash
|-damage|p2a: Rotom-Wash|0 fnt
|faint|p2a: Rotom-Wash
|
|switch|p1a: Rainbow|Politoed, M|384\/384 par
|-weather|RainDance
|
|-weather|RainDance|[upkeep]
|-sideend|p2: sand1234|move: Light Screen
|c|★sand1234|IN MY PREVIOUS MATCH I MISSED WILL O AND OPPGOT CRIT ON ROTOM WASH WITH CB ZOR
|
|switch|p2a: Chesnaught|Chesnaught, M|162\/318
|-damage|p2a: Chesnaught|143\/318|[from] Stealth Rock
|turn|18
|
|switch|p1a: Celebi|Celebi|352\/396
|move|p2a: Chesnaught|Seed Bomb|p1a: Celebi
|-resisted|p1a: Celebi
|-damage|p1a: Celebi|290\/396
|
|-weather|RainDance|[upkeep]
|-heal|p1a: Celebi|314\/396|[from] item: Leftovers
|turn|19
|
|switch|p2a: Scizor|Scizor-Mega, M|197\/303
|-damage|p2a: Scizor|160\/303|[from] Stealth Rock
|move|p1a: Celebi|Nasty Plot|p1a: Celebi
|-boost|p1a: Celebi|spa|2
|
|-weather|RainDance|[upkeep]
|-heal|p1a: Celebi|338\/396|[from] item: Leftovers
|turn|20
|
|move|p1a: Celebi|Earth Power|p2a: Scizor
|-damage|p2a: Scizor|1\/303
|move|p2a: Scizor|Knock Off|p1a: Celebi
|-supereffective|p1a: Celebi
|-damage|p1a: Celebi|92\/396
|-enditem|p1a: Celebi|Leftovers|[from] move: Knock Off|[of] p2a: Scizor
|
|-weather|RainDance|[upkeep]
|turn|21
|
|move|p2a: Scizor|Bullet Punch|p1a: Celebi
|-crit|p1a: Celebi
|-damage|p1a: Celebi|0 fnt
|faint|p1a: Celebi
|
|-weather|RainDance|[upkeep]
|
|switch|p1a: Nessie|Swampert-Mega, M|72\/342 brn
|turn|22
|
|move|p2a: Scizor|Bullet Punch|p1a: Nessie
|-resisted|p1a: Nessie
|-damage|p1a: Nessie|12\/342 brn
|move|p1a: Nessie|Earthquake|p2a: Scizor
|-crit|p2a: Scizor
|-damage|p2a: Scizor|0 fnt
|faint|p2a: Scizor
|
|-weather|RainDance|[upkeep]
|-damage|p1a: Nessie|0 fnt|[from] brn
|faint|p1a: Nessie
|
|switch|p2a: Chesnaught|Chesnaught, M|143\/318
|switch|p1a: Klefki|Klefki, M|318\/318
|-damage|p2a: Chesnaught|124\/318|[from] Stealth Rock
|turn|23
|
|switch|p2a: Klefki|Klefki, F|298\/317
|-damage|p2a: Klefki|279\/317|[from] Stealth Rock
|move|p1a: Klefki|Thunder Wave|p2a: Klefki
|-status|p2a: Klefki|par
|
|-weather|RainDance|[upkeep]
|turn|24
|
|move|p1a: Klefki|Spikes|p2a: Klefki
|-sidestart|p2: sand1234|Spikes
|cant|p2a: Klefki|par
|
|-weather|none
|turn|25
|
|move|p1a: Klefki|Rain Dance|p1a: Klefki
|-weather|RainDance
|move|p2a: Klefki|Light Screen|p2a: Klefki
|-sidestart|p2: sand1234|move: Light Screen
|
|-weather|RainDance|[upkeep]
|turn|26
|
|switch|p1a: Unleashed|Manaphy|132\/404
|cant|p2a: Klefki|par
|
|-weather|RainDance|[upkeep]
|turn|27
|
|switch|p2a: Chesnaught|Chesnaught, M|124\/318
|-damage|p2a: Chesnaught|85\/318|[from] Spikes
|-damage|p2a: Chesnaught|66\/318|[from] Stealth Rock
|-enditem|p2a: Chesnaught|Salac Berry|[eat]
|-boost|p2a: Chesnaught|spe|1|[from] item: Salac Berry
|move|p1a: Unleashed|Rest|p1a: Unleashed
|-status|p1a: Unleashed|slp
|-heal|p1a: Unleashed|404\/404 slp|[silent]
|-status|p1a: Unleashed|slp|[from] move: Rest
|
|-weather|RainDance|[upkeep]
|-curestatus|p1a: Unleashed|slp
|turn|28
|
|move|p2a: Chesnaught|Seed Bomb|p1a: Unleashed
|-supereffective|p1a: Unleashed
|-damage|p1a: Unleashed|162\/404
|move|p1a: Unleashed|Psychic|p2a: Chesnaught
|-supereffective|p2a: Chesnaught
|-damage|p2a: Chesnaught|0 fnt
|faint|p2a: Chesnaught
|
|-weather|RainDance|[upkeep]
|
|switch|p2a: Keldeo|Keldeo|324\/324
|-damage|p2a: Keldeo|304\/324|[from] Stealth Rock
|-damage|p2a: Keldeo|264\/324|[from] Spikes
|turn|29
|
|switch|p1a: Scizor|Scizor, M|221\/344
|move|p2a: Keldeo|Calm Mind|p2a: Keldeo
|-boost|p2a: Keldeo|spa|1
|-boost|p2a: Keldeo|spd|1
|
|-weather|none
|-heal|p2a: Keldeo|284\/324|[from] item: Leftovers
|turn|30
|
|move|p2a: Keldeo|Scald|p1a: Scizor
|-damage|p1a: Scizor|0 fnt
|faint|p1a: Scizor
|
|-heal|p2a: Keldeo|304\/324|[from] item: Leftovers
|
|switch|p1a: Klefki|Klefki, M|318\/318
|turn|31
|
|switch|p2a: Klefki|Klefki, F|279\/317 par
|-damage|p2a: Klefki|240\/317 par|[from] Spikes
|-damage|p2a: Klefki|221\/317 par|[from] Stealth Rock
|move|p1a: Klefki|Thunder Wave|p2a: Klefki
|-fail|p2a: Klefki|par
|
|turn|32
|
|move|p1a: Klefki|Spikes|p2a: Klefki
|-sidestart|p2: sand1234|Spikes
|move|p2a: Klefki|Spikes|p1a: Klefki
|-sidestart|p1: Fer1est|Spikes
|
|-sideend|p2: sand1234|move: Light Screen
|turn|33
|
|move|p1a: Klefki|Spikes|p2a: Klefki
|-sidestart|p2: sand1234|Spikes
|cant|p2a: Klefki|par
|
|turn|34
|
|switch|p1a: Rainbow|Politoed, M|384\/384 par
|-damage|p1a: Rainbow|336\/384 par|[from] Spikes
|-weather|RainDance
|move|p2a: Klefki|Light Screen|p2a: Klefki
|-sidestart|p2: sand1234|move: Light Screen
|
|-weather|RainDance|[upkeep]
|turn|35
|
|switch|p2a: Keldeo|Keldeo|304\/324
|-damage|p2a: Keldeo|284\/324|[from] Stealth Rock
|-damage|p2a: Keldeo|203\/324|[from] Spikes
|switch|p1a: Unleashed|Manaphy|162\/404
|-damage|p1a: Unleashed|112\/404|[from] Spikes
|
|-weather|RainDance|[upkeep]
|-heal|p2a: Keldeo|223\/324|[from] item: Leftovers
|turn|36
|
|switch|p1a: Klefki|Klefki, M|318\/318
|-damage|p1a: Klefki|279\/318|[from] Spikes
|move|p2a: Keldeo|Substitute|p2a: Keldeo
|-start|p2a: Keldeo|Substitute
|-damage|p2a: Keldeo|142\/324
|
|-weather|RainDance|[upkeep]
|-heal|p2a: Keldeo|162\/324|[from] item: Leftovers
|turn|37
|
|switch|p1a: Rainbow|Politoed, M|336\/384 par
|-damage|p1a: Rainbow|288\/384 par|[from] Spikes
|move|p2a: Keldeo|Scald|p1a: Rainbow
|-resisted|p1a: Rainbow
|-damage|p1a: Rainbow|207\/384 par
|
|-weather|RainDance|[upkeep]
|-heal|p2a: Keldeo|182\/324|[from] item: Leftovers
|turn|38
|
|move|p2a: Keldeo|Calm Mind|p2a: Keldeo
|-boost|p2a: Keldeo|spa|1
|-boost|p2a: Keldeo|spd|1
|move|p1a: Rainbow|Perish Song|p1a: Rainbow
|-fieldactivate|move: Perish Song
|
|-start|p2a: Keldeo|perish3
|-start|p1a: Rainbow|perish3
|-weather|RainDance|[upkeep]
|-heal|p2a: Keldeo|202\/324|[from] item: Leftovers
|turn|39
|
|move|p2a: Keldeo|Secret Sword|p1a: Rainbow
|-damage|p1a: Rainbow|0 fnt
|faint|p1a: Rainbow
|
|-start|p2a: Keldeo|perish2
|-weather|RainDance|[upkeep]
|-heal|p2a: Keldeo|222\/324|[from] item: Leftovers
|
|switch|p1a: Klefki|Klefki, M|279\/318
|-damage|p1a: Klefki|240\/318|[from] Spikes
|turn|40
|c|★sand1234|gg
|c|★Fer1est|gg
|
|switch|p1a: Unleashed|Manaphy|112\/404
|-damage|p1a: Unleashed|62\/404|[from] Spikes
|move|p2a: Keldeo|Scald|p1a: Unleashed
|-resisted|p1a: Unleashed
|-damage|p1a: Unleashed|0 fnt
|faint|p1a: Unleashed
|
|-start|p2a: Keldeo|perish1
|-weather|RainDance|[upkeep]
|-heal|p2a: Keldeo|242\/324|[from] item: Leftovers
|-message|Fer1est forfeited.
|
|win|sand1234
|raw|Ladder updating...
|leave|Fer1est
|player|p1
|raw|Fer1est's rating: 1634 &rarr; <strong>1610<\/strong><br \/>(-24 for losing)
|raw|sand1234's rating: 1557 &rarr; <strong>1581<\/strong><br \/>(+24 for winning)