|join|bigdickplayer
|join|A Sprite fan
|player|p1|bigdickplayer|101
|player|p2|A Sprite fan|261
|gametype|singles
|gen|6
|tier|OU
|rated
|clearpoke
|poke|p1|Zygarde, shiny
|poke|p1|Magnezone, shiny
|poke|p1|Skarmory, M, shiny
|poke|p1|Pinsir, F, shiny
|poke|p1|Latias, F, shiny
|poke|p1|Raikou, shiny
|poke|p2|Alakazam, F
|poke|p2|Landorus-Therian, M
|poke|p2|Skarmory, F
|poke|p2|Florges, F
|poke|p2|Azumarill, M
|poke|p2|Kyurem-Black
|rule|Swagger Clause: Swagger is banned
|rule|Baton Pass Clause: Limit one Pokémon knowing Baton Pass
|rule|Sleep Clause Mod: Limit one foe put to sleep
|rule|Species Clause: Limit one of each Pokémon
|rule|OHKO Clause: OHKO moves are banned
|rule|Moody Clause: Moody is banned
|rule|Evasion Moves Clause: Evasion moves are banned
|rule|Endless Battle Clause: Forcing endless battles is banned
|rule|HP Percentage Mod: HP is shown in percentages
|teampreview
|
|start
|switch|p1a: Raikou|Raikou, shiny|322\/322
|switch|p2a: Landorus-Therian|Landorus-Therian, M|369\/369
|-ability|p1a: Raikou|Pressure
|-ability|p2a: Landorus-Therian|Intimidate|[of] p1a: Raikou
|-unboost|p1a: Raikou|atk|1
|turn|1
|
|switch|p1a: Skarmory|Skarmory, M, shiny|334\/334
|switch|p2a: Florges|Florges, F|359\/359
|
|turn|2
|
|switch|p2a: Kyurem-Black|Kyurem-Black|405\/405
|-ability|p2a: Kyurem-Black|Teravolt
|move|p1a: Skarmory|Stealth Rock|p2a: Kyurem-Black
|-sidestart|p2: A Sprite fan|move: Stealth Rock
|
|turn|3
|
|move|p2a: Kyurem-Black|Fusion Bolt|p1a: Skarmory
|-supereffective|p1a: Skarmory
|-damage|p1a: Skarmory|190\/334
|move|p1a: Skarmory|Whirlwind|p2a: Kyurem-Black
|drag|p2a: Alakazam|Alakazam, F|251\/251
|
|turn|4
|
|detailschange|p2a: Alakazam|Alakazam-Mega, F
|message|Alakazam has Mega Evolved into Mega Alakazam!
|-ability|p2a: Alakazam|Sturdy|[from] ability: Trace|[of] p1a: Skarmory
|move|p2a: Alakazam|Hidden Power|p1a: Skarmory
|-supereffective|p1a: Skarmory
|-damage|p1a: Skarmory|0 fnt
|faint|p1a: Skarmory
|
|
|switch|p1a: Zygarde|Zygarde, shiny|420\/420
|-ability|p1a: Zygarde|Aura Break
|turn|5
|
|switch|p2a: Skarmory|Skarmory, F|334\/334
|-damage|p2a: Skarmory|293\/334|[from] Stealth Rock
|move|p1a: Zygarde|Earthquake|p2a: Skarmory
|-immune|p2a: Skarmory|[msg]
|
|turn|6
|
|switch|p1a: Magnezone|Magnezone, shiny|282\/282
|move|p2a: Skarmory|Defog|p1a: Magnezone
|-unboost|p1a: Magnezone|evasion|1
|-sideend|p2: A Sprite fan|Stealth Rock|[from] move: Defog|[of] p2a: Skarmory
|
|turn|7
|
|move|p1a: Magnezone|Thunderbolt|p2a: Skarmory
|-supereffective|p2a: Skarmory
|-damage|p2a: Skarmory|0 fnt
|faint|p2a: Skarmory
|
|
|switch|p2a: Kyurem-Black|Kyurem-Black|405\/405
|-ability|p2a: Kyurem-Black|Teravolt
|turn|8
|
|switch|p1a: Zygarde|Zygarde, shiny|420\/420
|-ability|p1a: Zygarde|Aura Break
|move|p2a: Kyurem-Black|Substitute|p2a: Kyurem-Black
|-start|p2a: Kyurem-Black|Substitute
|-damage|p2a: Kyurem-Black|304\/405
|
|-heal|p2a: Kyurem-Black|329\/405|[from] item: Leftovers
|turn|9
|c|★A Sprite fan|specs magnezone?
|
|move|p2a: Kyurem-Black|Ice Beam|p1a: Zygarde
|-supereffective|p1a: Zygarde
|-damage|p1a: Zygarde|0 fnt
|faint|p1a: Zygarde
|
|-heal|p2a: Kyurem-Black|354\/405|[from] item: Leftovers
|
|switch|p1a: Magnezone|Magnezone, shiny|282\/282
|turn|10
|
|move|p1a: Magnezone|Flash Cannon|p2a: Kyurem-Black
|-supereffective|p2a: Kyurem-Black
|-end|p2a: Kyurem-Black|Substitute
|move|p2a: Kyurem-Black|Draco Meteor|p1a: Magnezone
|-resisted|p1a: Magnezone
|-damage|p1a: Magnezone|160\/282
|-unboost|p2a: Kyurem-Black|spa|2
|
|-heal|p2a: Kyurem-Black|379\/405|[from] item: Leftovers
|turn|11
|
|switch|p2a: Landorus-Therian|Landorus-Therian, M|369\/369
|-ability|p2a: Landorus-Therian|Intimidate|[of] p1a: Magnezone
|-unboost|p1a: Magnezone|atk|1
|move|p1a: Magnezone|Flash Cannon|p2a: Landorus-Therian
|-damage|p2a: Landorus-Therian|206\/369
|-unboost|p2a: Landorus-Therian|spd|1
|
|-heal|p2a: Landorus-Therian|229\/369|[from] item: Leftovers
|turn|12
|
|move|p1a: Magnezone|Flash Cannon|p2a: Landorus-Therian
|-damage|p2a: Landorus-Therian|0 fnt
|faint|p2a: Landorus-Therian
|
|
|switch|p2a: Alakazam|Alakazam-Mega, F|251\/251
|-ability|p2a: Alakazam|Magnet Pull|[from] ability: Trace|[of] p1a: Magnezone
|turn|13
|
|move|p2a: Alakazam|Hidden Power|p1a: Magnezone
|-supereffective|p1a: Magnezone
|-damage|p1a: Magnezone|0 fnt
|faint|p1a: Magnezone
|
|
|switch|p1a: Latias|Latias, F, shiny|302\/302
|turn|14
|
|switch|p2a: Florges|Florges, F|359\/359
|switch|p1a: Pinsir|Pinsir, F, shiny|272\/272
|
|turn|15
|
|switch|p2a: Azumarill|Azumarill, M|379\/379
|move|p1a: Pinsir|Swords Dance|p1a: Pinsir
|-boost|p1a: Pinsir|atk|2
|
|turn|16
|
|detailschange|p1a: Pinsir|Pinsir-Mega, F, shiny
|message|Pinsir has Mega Evolved into Mega Pinsir!
|move|p1a: Pinsir|Return|p2a: Azumarill
|-damage|p2a: Azumarill|0 fnt
|faint|p2a: Azumarill
|
|
|switch|p2a: Kyurem-Black|Kyurem-Black|379\/405
|-ability|p2a: Kyurem-Black|Teravolt
|turn|17
|
|move|p1a: Pinsir|Return|p2a: Kyurem-Black
|-damage|p2a: Kyurem-Black|0 fnt
|faint|p2a: Kyurem-Black
|
|
|switch|p2a: Alakazam|Alakazam-Mega, F|251\/251
|-ability|p2a: Alakazam|Aerilate|[from] ability: Trace|[of] p1a: Pinsir
|turn|18
|
|move|p1a: Pinsir|Quick Attack|p2a: Alakazam
|-damage|p2a: Alakazam|0 fnt
|faint|p2a: Alakazam
|
|c|★A Sprite fan|gg
|c|★bigdickplayer|gg
|-message|A Sprite fan forfeited.
|
|win|bigdickplayer
|raw|Ladder updating...
|leave|A Sprite fan
|player|p2
|raw|bigdickplayer's rating: 1383 &rarr; <strong>1401<\/strong><br \/>(+18 for winning)
|raw|A Sprite fan's rating: 1353 &rarr; <strong>1335<\/strong><br \/>(-18 for losing)