|join|A Sprite fan
|join|lil manaphy
|player|p1|A Sprite fan|124
|player|p2|lil manaphy|8
|gametype|singles
|gen|6
|tier|OU
|rated
|clearpoke
|poke|p1|Azelf
|poke|p1|Metagross
|poke|p1|Greninja, F, shiny
|poke|p1|Thundurus, M
|poke|p1|Landorus-Therian, M
|poke|p1|Clefable, F
|poke|p2|Lopunny, M
|poke|p2|Rotom-Wash
|poke|p2|Gothitelle, F
|poke|p2|Mandibuzz, F
|poke|p2|Chansey, F
|poke|p2|Celebi
|rule|Swagger Clause: Swagger is banned
|rule|Baton Pass Clause: Limit one Pokémon knowing Baton Pass
|rule|Sleep Clause Mod: Limit one foe put to sleep
|rule|Species Clause: Limit one of each Pokémon
|rule|OHKO Clause: OHKO moves are banned
|rule|Moody Clause: Moody is banned
|rule|Evasion Moves Clause: Evasion moves are banned
|rule|Endless Battle Clause: Forcing endless battles is banned
|rule|HP Percentage Mod: HP is shown in percentages
|teampreview
|join|haunter
|
|start
|switch|p1a: Boom|Azelf|291\/291
|switch|p2a: Lopunny|Lopunny, M|271\/271
|turn|1
|
|switch|p1a: MUFASA DIES|Landorus-Therian, M|319\/319
|-ability|p1a: MUFASA DIES|Intimidate|[of] p2a: Lopunny
|-unboost|p2a: Lopunny|atk|1
|detailschange|p2a: Lopunny|Lopunny-Mega, M
|message|Lopunny has Mega Evolved into Mega Lopunny!
|move|p2a: Lopunny|Fake Out|p1a: MUFASA DIES
|-damage|p1a: MUFASA DIES|261\/319
|
|turn|2
|
|move|p1a: MUFASA DIES|U-turn|p2a: Lopunny
|-resisted|p2a: Lopunny
|-damage|p2a: Lopunny|222\/271
|
|switch|p1a: Brazzers|Metagross|343\/343
|move|p2a: Lopunny|Ice Punch|p1a: Brazzers
|-resisted|p1a: Brazzers
|-damage|p1a: Brazzers|320\/343
|
|turn|3
|
|switch|p2a: Mandibuzz|Mandibuzz, F|424\/424
|detailschange|p1a: Brazzers|Metagross-Mega
|message|Metagross has Mega Evolved into Mega Metagross!
|move|p1a: Brazzers|Meteor Mash|p2a: Mandibuzz
|-damage|p2a: Mandibuzz|247\/424
|
|-heal|p2a: Mandibuzz|273\/424|[from] item: Leftovers
|turn|4
|
|switch|p1a: Lefable|Clefable, F|389\/389
|move|p2a: Mandibuzz|Roost|p2a: Mandibuzz
|-heal|p2a: Mandibuzz|424\/424
|
|turn|5
|
|switch|p2a: Gothitelle|Gothitelle, F|301\/301
|switch|p1a: fak empoleon|Greninja, F, shiny|285\/285
|
|turn|6
|
|switch|p2a: Rotom-Wash|Rotom-Wash|303\/303
|move|p1a: fak empoleon|Dark Pulse|p2a: Rotom-Wash
|-start|p1a: fak empoleon|typechange|Dark|[from] Protean
|-damage|p2a: Rotom-Wash|159\/303
|-damage|p1a: fak empoleon|257\/285|[from] item: Life Orb
|
|-heal|p2a: Rotom-Wash|177\/303|[from] item: Leftovers
|turn|7
|
|switch|p1a: Boom|Azelf|291\/291
|switch|p2a: Chansey|Chansey, F|704\/704
|
|turn|8
|
|move|p1a: Boom|Taunt|p2a: Chansey
|-start|p2a: Chansey|move: Taunt
|cant|p2a: Chansey|move: Taunt|Stealth Rock
|
|turn|9
|
|switch|p2a: Lopunny|Lopunny-Mega, M|222\/271
|move|p1a: Boom|Stealth Rock|p2a: Lopunny
|-sidestart|p2: lil manaphy|move: Stealth Rock
|
|turn|10
|
|switch|p1a: Brazzers|Metagross-Mega|320\/343
|move|p2a: Lopunny|High Jump Kick|p1a: Brazzers
|-damage|p1a: Brazzers|151\/343
|
|turn|11
|
|switch|p1a: Lefable|Clefable, F|389\/389
|move|p2a: Lopunny|High Jump Kick|p1a: Lefable
|-resisted|p1a: Lefable
|-damage|p1a: Lefable|286\/389
|
|turn|12
|
|switch|p2a: Chansey|Chansey, F|704\/704
|-damage|p2a: Chansey|616\/704|[from] Stealth Rock
|switch|p1a: Boom|Azelf|291\/291
|
|turn|13
|
|move|p1a: Boom|Taunt|p2a: Chansey
|-start|p2a: Chansey|move: Taunt
|cant|p2a: Chansey|move: Taunt|Soft-Boiled
|
|turn|14
|
|switch|p2a: Celebi|Celebi|404\/404
|-damage|p2a: Celebi|354\/404|[from] Stealth Rock
|move|p1a: Boom|Explosion|p2a: Celebi
|-damage|p2a: Celebi|96\/404
|faint|p1a: Boom
|
|-heal|p2a: Celebi|121\/404|[from] item: Leftovers
|
|switch|p1a: MUFASA DIES|Landorus-Therian, M|261\/319
|-ability|p1a: MUFASA DIES|Intimidate|[of] p2a: Celebi
|-unboost|p2a: Celebi|atk|1
|turn|15
|
|move|p1a: MUFASA DIES|U-turn|p2a: Celebi
|-supereffective|p2a: Celebi
|-damage|p2a: Celebi|0 fnt
|faint|p2a: Celebi
|
|switch|p1a: fak empoleon|Greninja, F, shiny|257\/285
|
|
|switch|p2a: Chansey|Chansey, F|616\/704
|-damage|p2a: Chansey|528\/704|[from] Stealth Rock
|turn|16
|
|switch|p1a: Brazzers|Metagross-Mega|151\/343
|move|p2a: Chansey|Stealth Rock|p1a: Brazzers
|-sidestart|p1: A Sprite fan|move: Stealth Rock
|
|turn|17
|
|switch|p2a: Rotom-Wash|Rotom-Wash|177\/303
|-damage|p2a: Rotom-Wash|140\/303|[from] Stealth Rock
|move|p1a: Brazzers|Meteor Mash|p2a: Rotom-Wash
|-resisted|p2a: Rotom-Wash
|-damage|p2a: Rotom-Wash|93\/303
|
|-heal|p2a: Rotom-Wash|111\/303|[from] item: Leftovers
|turn|18
|
|switch|p2a: Mandibuzz|Mandibuzz, F|424\/424
|-damage|p2a: Mandibuzz|318\/424|[from] Stealth Rock
|move|p1a: Brazzers|Zen Headbutt|p2a: Mandibuzz
|-immune|p2a: Mandibuzz|[msg]
|
|-heal|p2a: Mandibuzz|344\/424|[from] item: Leftovers
|turn|19
|
|switch|p1a: Raijin|Thundurus, M|299\/299
|-damage|p1a: Raijin|225\/299|[from] Stealth Rock
|move|p2a: Mandibuzz|Defog|p1a: Raijin
|-unboost|p1a: Raijin|evasion|1
|-boost|p1a: Raijin|atk|2|[from] ability: Defiant
|-sideend|p1: A Sprite fan|Stealth Rock|[from] move: Defog|[of] p1a: Raijin
|-sideend|p2: lil manaphy|Stealth Rock|[from] move: Defog|[of] p2a: Mandibuzz
|
|-heal|p2a: Mandibuzz|370\/424|[from] item: Leftovers
|turn|20
|
|switch|p2a: Rotom-Wash|Rotom-Wash|111\/303
|move|p1a: Raijin|Thunderbolt|p2a: Rotom-Wash
|-damage|p2a: Rotom-Wash|0 fnt
|faint|p2a: Rotom-Wash
|
|
|switch|p2a: Lopunny|Lopunny-Mega, M|222\/271
|turn|21
|
|move|p2a: Lopunny|Return|p1a: Raijin
|-damage|p1a: Raijin|0 fnt
|faint|p1a: Raijin
|
|
|switch|p1a: MUFASA DIES|Landorus-Therian, M|261\/319
|-ability|p1a: MUFASA DIES|Intimidate|[of] p2a: Lopunny
|-unboost|p2a: Lopunny|atk|1
|turn|22
|
|move|p1a: MUFASA DIES|U-turn|p2a: Lopunny
|-resisted|p2a: Lopunny
|-damage|p2a: Lopunny|171\/271
|
|switch|p1a: Lefable|Clefable, F|286\/389
|move|p2a: Lopunny|Return|p1a: Lefable
|-damage|p1a: Lefable|174\/389
|
|turn|23
|
|switch|p2a: Chansey|Chansey, F|528\/704
|move|p1a: Lefable|Soft-Boiled|p1a: Lefable
|-heal|p1a: Lefable|369\/389
|
|turn|24
|
|move|p1a: Lefable|Calm Mind|p1a: Lefable
|-boost|p1a: Lefable|spa|1
|-boost|p1a: Lefable|spd|1
|move|p2a: Chansey|Stealth Rock|p1a: Lefable
|-sidestart|p1: A Sprite fan|move: Stealth Rock
|
|turn|25
|
|switch|p2a: Gothitelle|Gothitelle, F|301\/301
|move|p1a: Lefable|Calm Mind|p1a: Lefable
|-boost|p1a: Lefable|spa|1
|-boost|p1a: Lefable|spd|1
|
|turn|26
|
|move|p2a: Gothitelle|Trick|p1a: Lefable
|-activate|p2a: Gothitelle|move: Trick|[of] p1a: Lefable
|-item|p1a: Lefable|Choice Scarf|[from] move: Trick
|-item|p2a: Gothitelle|Life Orb|[from] move: Trick
|move|p1a: Lefable|Moonblast|p2a: Gothitelle
|-crit|p2a: Gothitelle
|-damage|p2a: Gothitelle|0 fnt
|faint|p2a: Gothitelle
|
|
|switch|p2a: Chansey|Chansey, F|528\/704
|turn|27
|
|move|p1a: Lefable|Moonblast|p2a: Chansey
|-crit|p2a: Chansey
|-damage|p2a: Chansey|299\/704
|move|p2a: Chansey|Soft-Boiled|p2a: Chansey
|-heal|p2a: Chansey|651\/704
|
|turn|28
|
|move|p1a: Lefable|Moonblast|p2a: Chansey
|-damage|p2a: Chansey|518\/704
|move|p2a: Chansey|Seismic Toss|p1a: Lefable
|-damage|p1a: Lefable|269\/389
|
|turn|29
|
|switch|p1a: MUFASA DIES|Landorus-Therian, M|261\/319
|-damage|p1a: MUFASA DIES|222\/319|[from] Stealth Rock
|-ability|p1a: MUFASA DIES|Intimidate|[of] p2a: Chansey
|-unboost|p2a: Chansey|atk|1
|move|p2a: Chansey|Seismic Toss|p1a: MUFASA DIES
|-damage|p1a: MUFASA DIES|122\/319
|
|turn|30
|
|switch|p2a: Mandibuzz|Mandibuzz, F|370\/424
|move|p1a: MUFASA DIES|U-turn|p2a: Mandibuzz
|-damage|p2a: Mandibuzz|303\/424
|
|switch|p1a: Brazzers|Metagross-Mega|151\/343
|-damage|p1a: Brazzers|130\/343|[from] Stealth Rock
|
|-heal|p2a: Mandibuzz|329\/424|[from] item: Leftovers
|turn|31
|
|move|p1a: Brazzers|Meteor Mash|p2a: Mandibuzz
|-damage|p2a: Mandibuzz|139\/424
|move|p2a: Mandibuzz|Foul Play|p1a: Brazzers
|-supereffective|p1a: Brazzers
|-damage|p1a: Brazzers|0 fnt
|faint|p1a: Brazzers
|
|-heal|p2a: Mandibuzz|165\/424|[from] item: Leftovers
|
|switch|p1a: fak empoleon|Greninja, F, shiny|257\/285
|-damage|p1a: fak empoleon|222\/285|[from] Stealth Rock
|turn|32
|
|move|p1a: fak empoleon|Gunk Shot|p2a: Mandibuzz
|-start|p1a: fak empoleon|typechange|Poison|[from] Protean
|-damage|p2a: Mandibuzz|39\/424
|-damage|p1a: fak empoleon|194\/285|[from] item: Life Orb
|move|p2a: Mandibuzz|Roost|p2a: Mandibuzz
|-heal|p2a: Mandibuzz|251\/424
|
|-heal|p2a: Mandibuzz|277\/424|[from] item: Leftovers
|turn|33
|
|switch|p2a: Chansey|Chansey, F|518\/704
|move|p1a: fak empoleon|Ice Beam|p2a: Chansey
|-start|p1a: fak empoleon|typechange|Ice|[from] Protean
|-damage|p2a: Chansey|409\/704
|-damage|p1a: fak empoleon|166\/285|[from] item: Life Orb
|
|turn|34
|
|move|p1a: fak empoleon|Gunk Shot|p2a: Chansey
|-start|p1a: fak empoleon|typechange|Poison|[from] Protean
|-damage|p2a: Chansey|178\/704
|-damage|p1a: fak empoleon|138\/285|[from] item: Life Orb
|move|p2a: Chansey|Soft-Boiled|p2a: Chansey
|-heal|p2a: Chansey|530\/704
|
|turn|35
|
|move|p1a: fak empoleon|Gunk Shot|p2a: Chansey|[miss]
|-miss|p1a: fak empoleon|p2a: Chansey
|move|p2a: Chansey|Soft-Boiled|p2a: Chansey
|-heal|p2a: Chansey|704\/704
|
|turn|36
|
|move|p1a: fak empoleon|Gunk Shot|p2a: Chansey
|-damage|p2a: Chansey|474\/704
|-damage|p1a: fak empoleon|110\/285|[from] item: Life Orb
|move|p2a: Chansey|Seismic Toss|p1a: fak empoleon
|-damage|p1a: fak empoleon|10\/285
|
|turn|37
|
|move|p1a: fak empoleon|Gunk Shot|p2a: Chansey|[miss]
|-miss|p1a: fak empoleon|p2a: Chansey
|move|p2a: Chansey|Soft-Boiled|p2a: Chansey
|-heal|p2a: Chansey|704\/704
|
|turn|38
|
|move|p1a: fak empoleon|Gunk Shot|p2a: Chansey
|-damage|p2a: Chansey|480\/704
|-damage|p1a: fak empoleon|0 fnt|[from] item: Life Orb
|faint|p1a: fak empoleon
|move|p2a: Chansey|Soft-Boiled|p2a: Chansey
|-heal|p2a: Chansey|704\/704
|
|
|switch|p1a: MUFASA DIES|Landorus-Therian, M|122\/319
|-damage|p1a: MUFASA DIES|83\/319|[from] Stealth Rock
|-ability|p1a: MUFASA DIES|Intimidate|[of] p2a: Chansey
|-unboost|p2a: Chansey|atk|1
|turn|39
|
|switch|p2a: Mandibuzz|Mandibuzz, F|277\/424
|move|p1a: MUFASA DIES|Explosion|p2a: Mandibuzz
|-damage|p2a: Mandibuzz|55\/424
|faint|p1a: MUFASA DIES
|
|-heal|p2a: Mandibuzz|81\/424|[from] item: Leftovers
|
|switch|p1a: Lefable|Clefable, F|269\/389
|turn|40
|-message|A Sprite fan forfeited.
|
|win|lil manaphy
|raw|Ladder updating...
|leave|A Sprite fan
|player|p1