|join|Adri989898
|join|A Sprite fan
|player|p1|Adri989898|99
|player|p2|A Sprite fan|261
|gametype|singles
|gen|6
|tier|OU
|rated
|clearpoke
|poke|p1|Hawlucha, M
|poke|p1|Rotom-Wash
|poke|p1|Mew
|poke|p1|Venusaur, M
|poke|p1|Latios, M
|poke|p1|Chansey, F
|poke|p2|Gardevoir, F
|poke|p2|Darmanitan, M
|poke|p2|Azumarill, M
|poke|p2|Ferrothorn, M
|poke|p2|Landorus-Therian, M
|poke|p2|Latios, M
|rule|Swagger Clause: Swagger is banned
|rule|Baton Pass Clause: Limit one Pokémon knowing Baton Pass
|rule|Sleep Clause Mod: Limit one foe put to sleep
|rule|Species Clause: Limit one of each Pokémon
|rule|OHKO Clause: OHKO moves are banned
|rule|Moody Clause: Moody is banned
|rule|Evasion Moves Clause: Evasion moves are banned
|rule|Endless Battle Clause: Forcing endless battles is banned
|rule|HP Percentage Mod: HP is shown in percentages
|teampreview
|
|start
|switch|p1a: Rotom-Wash|Rotom-Wash|304\/304
|switch|p2a: Darmanitan|Darmanitan, M|351\/351
|turn|1
|
|move|p2a: Darmanitan|U-turn|p1a: Rotom-Wash
|-damage|p1a: Rotom-Wash|226\/304
|-damage|p2a: Darmanitan|316\/351|[from] item: Life Orb
|
|switch|p2a: Gardevoir|Gardevoir, F|277\/277
|move|p1a: Rotom-Wash|Volt Switch|p2a: Gardevoir
|-crit|p2a: Gardevoir
|-damage|p2a: Gardevoir|160\/277
|
|switch|p1a: Mew|Mew|404\/404
|
|turn|2
|
|detailschange|p2a: Gardevoir|Gardevoir-Mega, F
|message|Gardevoir has Mega Evolved into Mega Gardevoir!
|move|p2a: Gardevoir|Hyper Voice|p1a: Mew
|-damage|p1a: Mew|233\/404
|move|p1a: Mew|Toxic|p2a: Gardevoir
|-status|p2a: Gardevoir|tox
|
|-heal|p1a: Mew|258\/404|[from] item: Leftovers
|-damage|p2a: Gardevoir|143\/277 tox|[from] psn
|turn|3
|
|move|p2a: Gardevoir|Taunt|p1a: Mew
|-start|p1a: Mew|move: Taunt
|cant|p1a: Mew|move: Taunt|Roost
|
|-heal|p1a: Mew|283\/404|[from] item: Leftovers
|-damage|p2a: Gardevoir|109\/277 tox|[from] psn
|turn|4
|
|switch|p2a: Darmanitan|Darmanitan, M|316\/351
|switch|p1a: Chansey|Chansey, F|642\/642
|
|turn|5
|
|move|p1a: Chansey|Protect|p1a: Chansey
|-singleturn|p1a: Chansey|Protect
|move|p2a: Darmanitan|Flare Blitz|p1a: Chansey
|-activate|p1a: Chansey|Protect
|
|turn|6
|
|switch|p1a: Rotom-Wash|Rotom-Wash|226\/304
|move|p2a: Darmanitan|Superpower|p1a: Rotom-Wash
|-damage|p1a: Rotom-Wash|79\/304
|-unboost|p2a: Darmanitan|atk|1
|-unboost|p2a: Darmanitan|def|1
|-damage|p2a: Darmanitan|281\/351|[from] item: Life Orb
|
|-heal|p1a: Rotom-Wash|98\/304|[from] item: Leftovers
|turn|7
|
|move|p2a: Darmanitan|U-turn|p1a: Rotom-Wash
|-damage|p1a: Rotom-Wash|45\/304
|-damage|p2a: Darmanitan|246\/351|[from] item: Life Orb
|
|switch|p2a: Gardevoir|Gardevoir-Mega, F|109\/277 tox
|move|p1a: Rotom-Wash|Pain Split|p2a: Gardevoir
|-sethp|p2a: Gardevoir|77\/277 tox|p1a: Rotom-Wash|77\/304|[from] move: Pain Split
|
|-heal|p1a: Rotom-Wash|96\/304|[from] item: Leftovers
|-damage|p2a: Gardevoir|60\/277 tox|[from] psn
|turn|8
|
|switch|p1a: Mew|Mew|283\/404
|move|p2a: Gardevoir|Hyper Voice|p1a: Mew
|-damage|p1a: Mew|118\/404
|
|-heal|p1a: Mew|143\/404|[from] item: Leftovers
|-damage|p2a: Gardevoir|26\/277 tox|[from] psn
|turn|9
|
|switch|p1a: Chansey|Chansey, F|642\/642
|move|p2a: Gardevoir|Hyper Voice|p1a: Chansey
|-damage|p1a: Chansey|519\/642
|
|-damage|p2a: Gardevoir|0 fnt|[from] psn
|faint|p2a: Gardevoir
|
|switch|p2a: Darmanitan|Darmanitan, M|246\/351
|turn|10
|
|switch|p1a: Latios|Latios, M|302\/302
|move|p2a: Darmanitan|Flare Blitz|p1a: Latios
|-resisted|p1a: Latios
|-damage|p1a: Latios|82\/302
|-damage|p2a: Darmanitan|173\/351|[from] recoil|[of] p1a: Latios
|
|turn|11
|
|switch|p2a: Ferrothorn|Ferrothorn, M|352\/352
|move|p1a: Latios|Memento|p2a: Ferrothorn
|-unboost|p2a: Ferrothorn|atk|2
|-unboost|p2a: Ferrothorn|spa|2
|faint|p1a: Latios
|
|
|switch|p1a: Hawlucha|Hawlucha, M|298\/298
|turn|12
|
|switch|p2a: Azumarill|Azumarill, M|379\/379
|move|p1a: Hawlucha|Substitute|p1a: Hawlucha
|-start|p1a: Hawlucha|Substitute
|-damage|p1a: Hawlucha|224\/298
|
|turn|13
|
|move|p1a: Hawlucha|Swords Dance|p1a: Hawlucha
|-boost|p1a: Hawlucha|atk|2
|move|p2a: Azumarill|Waterfall|p1a: Hawlucha
|-end|p1a: Hawlucha|Substitute
|
|turn|14
|
|move|p2a: Azumarill|Aqua Jet|p1a: Hawlucha
|-damage|p1a: Hawlucha|104\/298
|-enditem|p1a: Hawlucha|Sitrus Berry|[eat]
|-heal|p1a: Hawlucha|178\/298|[from] item: Sitrus Berry
|move|p1a: Hawlucha|Substitute|p1a: Hawlucha
|-start|p1a: Hawlucha|Substitute
|-damage|p1a: Hawlucha|104\/298
|
|turn|15
|
|move|p2a: Azumarill|Aqua Jet|p1a: Hawlucha
|-end|p1a: Hawlucha|Substitute
|move|p1a: Hawlucha|Acrobatics|p2a: Azumarill
|-damage|p2a: Azumarill|0 fnt
|faint|p2a: Azumarill
|
|
|switch|p2a: Landorus-Therian|Landorus-Therian, M|319\/319
|-ability|p2a: Landorus-Therian|Intimidate|[of] p1a: Hawlucha
|-unboost|p1a: Hawlucha|atk|1
|turn|16
|
|switch|p1a: Venusaur|Venusaur, M|364\/364
|move|p2a: Landorus-Therian|Stone Edge|p1a: Venusaur|[miss]
|-miss|p2a: Landorus-Therian|p1a: Venusaur
|
|turn|17
|-message|A Sprite fan forfeited.
|
|win|Adri989898
|raw|Ladder updating...
|leave|A Sprite fan
|player|p2
|raw|Adri989898's rating: 1525 &rarr; <strong>1545<\/strong><br \/>(+20 for winning)
|raw|A Sprite fan's rating: 1530 &rarr; <strong>1510<\/strong><br \/>(-20 for losing)