|join|hernani
|join|A Sprite fan
|player|p1|hernani|149
|player|p2|A Sprite fan|124
|gametype|singles
|gen|6
|tier|OU
|rated
|clearpoke
|poke|p1|Gallade, M
|poke|p1|Scizor, F
|poke|p1|Rotom-Wash
|poke|p1|Talonflame, M
|poke|p1|Sylveon, F
|poke|p1|Landorus-Therian, M
|poke|p2|Diancie
|poke|p2|Serperior, M
|poke|p2|Keldeo-Resolute
|poke|p2|Heatran, M
|poke|p2|Landorus-Therian, M
|poke|p2|Thundurus, M
|rule|Swagger Clause: Swagger is banned
|rule|Baton Pass Clause: Limit one Pokémon knowing Baton Pass
|rule|Sleep Clause Mod: Limit one foe put to sleep
|rule|Species Clause: Limit one of each Pokémon
|rule|OHKO Clause: OHKO moves are banned
|rule|Moody Clause: Moody is banned
|rule|Evasion Moves Clause: Evasion moves are banned
|rule|Endless Battle Clause: Forcing endless battles is banned
|rule|HP Percentage Mod: HP is shown in percentages
|teampreview
|
|start
|switch|p1a: Satan|Landorus-Therian, M|382\/382
|switch|p2a: Serperior|Serperior, M|291\/291
|-ability|p1a: Satan|Intimidate|[of] p2a: Serperior
|-boost|p2a: Serperior|atk|1
|turn|1
|
|move|p2a: Serperior|Leaf Storm|p1a: Satan
|-damage|p1a: Satan|152\/382
|-boost|p2a: Serperior|spa|2
|-damage|p2a: Serperior|262\/291|[from] item: Life Orb
|move|p1a: Satan|Stealth Rock|p2a: Serperior
|-sidestart|p2: A Sprite fan|move: Stealth Rock
|
|-heal|p1a: Satan|175\/382|[from] item: Leftovers
|turn|2
|
|switch|p1a: Tinkerbell|Sylveon, F|392\/392
|move|p2a: Serperior|Leaf Storm|p1a: Tinkerbell
|-damage|p1a: Tinkerbell|88\/392
|-boost|p2a: Serperior|spa|2
|-damage|p2a: Serperior|233\/291|[from] item: Life Orb
|
|turn|3
|
|move|p2a: Serperior|Leaf Storm|p1a: Tinkerbell
|-damage|p1a: Tinkerbell|0 fnt
|-boost|p2a: Serperior|spa|2
|-damage|p2a: Serperior|204\/291|[from] item: Life Orb
|faint|p1a: Tinkerbell
|
|c|★hernani|never miss
|
|switch|p1a: Pica Pau|Talonflame, M|309\/309
|turn|4
|
|switch|p2a: Diancie|Diancie|283\/283
|-damage|p2a: Diancie|248\/283|[from] Stealth Rock
|move|p1a: Pica Pau|Brave Bird|p2a: Diancie
|-resisted|p2a: Diancie
|-damage|p2a: Diancie|172\/283
|-damage|p1a: Pica Pau|284\/309|[from] recoil|[of] p2a: Diancie
|
|turn|5
|
|detailschange|p2a: Diancie|Diancie-Mega
|-mega|p2a: Diancie|Diancie|Diancite
|move|p1a: Pica Pau|U-turn|p2a: Diancie
|-resisted|p2a: Diancie
|-damage|p2a: Diancie|140\/283
|
|switch|p1a: Marcinha|Scizor, F|343\/343
|move|p2a: Diancie|Diamond Storm|p1a: Marcinha
|-damage|p1a: Marcinha|174\/343
|
|turn|6
|
|switch|p2a: Keldeo-Resolute|Keldeo-Resolute|323\/323
|-damage|p2a: Keldeo-Resolute|303\/323|[from] Stealth Rock
|move|p1a: Marcinha|Bullet Punch|p2a: Keldeo-Resolute
|-resisted|p2a: Keldeo-Resolute
|-damage|p2a: Keldeo-Resolute|208\/323
|
|-heal|p2a: Keldeo-Resolute|228\/323|[from] item: Leftovers
|turn|7
|
|switch|p1a: MC Carol|Rotom-Wash|304\/304
|move|p2a: Keldeo-Resolute|Calm Mind|p2a: Keldeo-Resolute
|-boost|p2a: Keldeo-Resolute|spa|1
|-boost|p2a: Keldeo-Resolute|spd|1
|
|-heal|p2a: Keldeo-Resolute|248\/323|[from] item: Leftovers
|turn|8
|
|move|p2a: Keldeo-Resolute|Secret Sword|p1a: MC Carol
|-damage|p1a: MC Carol|85\/304
|move|p1a: MC Carol|Will-O-Wisp|p2a: Keldeo-Resolute
|-status|p2a: Keldeo-Resolute|brn
|
|-heal|p2a: Keldeo-Resolute|268\/323 brn|[from] item: Leftovers
|-heal|p1a: MC Carol|104\/304|[from] item: Leftovers
|-damage|p2a: Keldeo-Resolute|228\/323 brn|[from] brn
|turn|9
|
|switch|p1a: Satan|Landorus-Therian, M|175\/382
|-ability|p1a: Satan|Intimidate|[of] p2a: Keldeo-Resolute
|-unboost|p2a: Keldeo-Resolute|atk|1
|move|p2a: Keldeo-Resolute|Substitute|p2a: Keldeo-Resolute
|-start|p2a: Keldeo-Resolute|Substitute
|-damage|p2a: Keldeo-Resolute|148\/323 brn
|
|-heal|p2a: Keldeo-Resolute|168\/323 brn|[from] item: Leftovers
|-heal|p1a: Satan|198\/382|[from] item: Leftovers
|-damage|p2a: Keldeo-Resolute|128\/323 brn|[from] brn
|turn|10
|
|move|p2a: Keldeo-Resolute|Hydro Pump|p1a: Satan
|-supereffective|p1a: Satan
|-damage|p1a: Satan|0 fnt
|faint|p1a: Satan
|
|-heal|p2a: Keldeo-Resolute|148\/323 brn|[from] item: Leftovers
|-damage|p2a: Keldeo-Resolute|108\/323 brn|[from] brn
|c|★hernani|HAX KING
|
|switch|p1a: Power Rangel|Gallade, M|340\/340
|turn|11
|c|★A Sprite fan|u really want to win with the foe's miss?
|
|detailschange|p1a: Power Rangel|Gallade-Mega, M
|-mega|p1a: Power Rangel|Gallade|Galladite
|move|p2a: Keldeo-Resolute|Hydro Pump|p1a: Power Rangel
|-crit|p1a: Power Rangel
|-damage|p1a: Power Rangel|0 fnt
|faint|p1a: Power Rangel
|
|-heal|p2a: Keldeo-Resolute|128\/323 brn|[from] item: Leftovers
|-damage|p2a: Keldeo-Resolute|88\/323 brn|[from] brn
|c|★A Sprite fan|oh
|c|★hernani|man
|c|★A Sprite fan|sorry for that
|c|★hernani|bye
|-message|hernani forfeited.
|leave|hernani
|
|win|A Sprite fan
|raw|Ladder updating...
|player|p1
|raw|hernani's rating: 1424 &rarr; <strong>1403<\/strong><br \/>(-21 for losing)
|raw|A Sprite fan's rating: 1400 &rarr; <strong>1422<\/strong><br \/>(+22 for winning)