|join|Jukain
|join|Yuttt.mackerel
|join|Gyarados-Mega
|join|ThugLyfeGingy
|join|The Ess of Johan
|player|p1|Jukain|291
|player|p2|Yuttt.mackerel|113
|gametype|singles
|gen|6
|tier|OU
|clearpoke
|poke|p1|Charizard, M
|poke|p1|Tentacruel, F
|poke|p1|Tyranitar, F
|poke|p1|Celebi
|poke|p1|Gliscor, M
|poke|p1|Clefable, M
|poke|p2|Goodra, F
|poke|p2|Tentacruel, F
|poke|p2|Tangrowth, F
|poke|p2|Jirachi
|poke|p2|Altaria, F
|poke|p2|Omastar, M
|rule|Swagger Clause: Swagger is banned
|rule|Baton Pass Clause: Limit one Pokémon knowing Baton Pass
|rule|Sleep Clause Mod: Limit one foe put to sleep
|rule|Species Clause: Limit one of each Pokémon
|rule|OHKO Clause: OHKO moves are banned
|rule|Moody Clause: Moody is banned
|rule|Evasion Moves Clause: Evasion moves are banned
|rule|Endless Battle Clause: Forcing endless battles is banned
|rule|HP Percentage Mod: HP is shown in percentages
|teampreview
|c|★Jukain|disgusting.
|c|★Yuttt.mackerel|hf
|join|808 & Heartbreak
|c|★Yuttt.mackerel|nice counterteam :X
|c|★Jukain|hf
|join|craing
|c| ThugLyfeGingy|hi jukain
|join|TFL
|c| ThugLyfeGingy|!
|c| craing|go yutt &_&
|c| TFL|o-o
|c| Gyarados-Mega|2\/6 my team i just vsed yutt with
|c| Gyarados-Mega|i mean ox
|c| Gyarados-Mega|Thisll b fun
|c| Gyarados-Mega|!
|join|tst100
|join|yrs
|
|start
|switch|p1a: Clefable|Clefable, M|393\/393
|switch|p2a: Tangrowth|Tangrowth, F|403\/403
|turn|1
|
|switch|p2a: Tentacruel|Tentacruel, F|364\/364
|move|p1a: Clefable|Stealth Rock|p2a: Tentacruel
|-sidestart|p2: Yuttt.mackerel|move: Stealth Rock
|
|turn|2
|c|★Yuttt.mackerel|disgusting
|
|switch|p1a: Gliscor|Gliscor, M|354\/354
|move|p2a: Tentacruel|Rapid Spin|p1a: Gliscor
|-damage|p1a: Gliscor|348\/354
|-sideend|p2: Yuttt.mackerel|Stealth Rock|[from] move: Rapid Spin|[of] p2a: Tentacruel
|
|-status|p1a: Gliscor|tox|[from] item: Toxic Orb
|turn|3
|c| ThugLyfeGingy|beware of le sd,,,
|c| Gyarados-Mega|run icebeam tentacruel,,,
|
|switch|p1a: Charizard|Charizard, M|297\/297
|switch|p2a: Altaria|Altaria, F|354\/354
|-ability|p2a: Altaria|Cloud Nine
|
|turn|4
|c|★Yuttt.mackerel|ice beam max SpA shuca
|c|★Yuttt.mackerel|the joo set
|c| ThugLyfeGingy|why doesnt it surprise me
|c| ThugLyfeGingy|that joo would use that
|c| ThugLyfeGingy|rofl
|
|switch|p1a: Clefable|Clefable, M|393\/393
|detailschange|p2a: Altaria|Altaria-Mega, F
|-mega|p2a: Altaria|Altaria|Altarianite
|move|p2a: Altaria|Rain Dance|p2a: Altaria
|-weather|RainDance
|
|-weather|RainDance|[upkeep]
|turn|5
|leave|yrs
|c|★Jukain|lol
|c|★Yuttt.mackerel|do we go omastar
|c|★Yuttt.mackerel|and wreck
|c| Gyarados-Mega|Y
|c| ThugLyfeGingy|he mite be twave
|c| ThugLyfeGingy|:x
|join|Laschero
|c|★Yuttt.mackerel|twave rocks ;-;
|
|switch|p2a: Omastar|Omastar, M|281\/281
|switch|p1a: Celebi|Celebi|404\/404
|
|-weather|RainDance|[upkeep]
|turn|6
|join|Mystialized
|c|★Yuttt.mackerel|what a double
|c| ThugLyfeGingy|uh o
|c|★Yuttt.mackerel|what a
|c|★Yuttt.mackerel|double
|c| Gyarados-Mega|Get predicted,
|join|Omegasization
|c| Gyarados-Mega|What is a this
|join|Avarice87
|c| ThugLyfeGingy|if he be np
|c| ThugLyfeGingy|this be probleme
|
|switch|p2a: Jirachi|Jirachi|404\/404
|move|p1a: Celebi|Giga Drain|p2a: Jirachi
|-resisted|p2a: Jirachi
|-damage|p2a: Jirachi|369\/404
|
|-weather|RainDance|[upkeep]
|-heal|p2a: Jirachi|394\/404|[from] item: Leftovers
|turn|7
|
|move|p1a: Celebi|Nasty Plot|p1a: Celebi
|-boost|p1a: Celebi|spa|2
|move|p2a: Jirachi|Stealth Rock|p1a: Celebi
|-sidestart|p1: Jukain|move: Stealth Rock
|
|-weather|RainDance|[upkeep]
|-heal|p2a: Jirachi|404\/404|[from] item: Leftovers
|turn|8
|c|★Yuttt.mackerel|uhm
|c|★Yuttt.mackerel|what does he pass to :S
|c| Gyarados-Mega|teetar
|c| ThugLyfeGingy|tenta
|c| Gyarados-Mega|and sweep
|c| Gyarados-Mega|:]
|c| ThugLyfeGingy|hes
|c|★Yuttt.mackerel|ruh roh
|c| ThugLyfeGingy|rock polish
|c|★Jukain|lol
|c| ThugLyfeGingy|special tar
|c| ThugLyfeGingy|:3
|
|move|p1a: Celebi|Earth Power|p2a: Jirachi
|-supereffective|p2a: Jirachi
|-damage|p2a: Jirachi|178\/404
|move|p2a: Jirachi|Wish|p2a: Jirachi
|
|-weather|none
|-heal|p2a: Jirachi|203\/404|[from] item: Leftovers
|turn|9
|c|★Yuttt.mackerel|uhm
|join|RayDalio
|c| ThugLyfeGingy|damoge?
|c| ThugLyfeGingy|so he aint pass
|
|move|p2a: Jirachi|Protect|p2a: Jirachi
|-singleturn|p2a: Jirachi|Protect
|move|p1a: Celebi|Nasty Plot|p1a: Celebi
|-boost|p1a: Celebi|spa|2
|
|-heal|p2a: Jirachi|404\/404|[from] move: Wish|[wisher] Jirachi
|turn|10
|c|★Yuttt.mackerel|he got us
|c| ThugLyfeGingy|or hes pass no recoverym,,,,
|
|switch|p2a: Tangrowth|Tangrowth, F|403\/403
|move|p1a: Celebi|Nasty Plot|p1a: Celebi
|-boost|p1a: Celebi|spa|2
|
|turn|11
|c| ThugLyfeGingy|yutttttttttt
|c|★Yuttt.mackerel|uhm
|c|★Yuttt.mackerel|whaddo i do
|c|★Jukain|hnng this thing is annoying.
|c| ThugLyfeGingy|we should probs run
|
|move|p1a: Celebi|Giga Drain|p2a: Tangrowth
|-resisted|p2a: Tangrowth
|-damage|p2a: Tangrowth|259\/403
|move|p2a: Tangrowth|Knock Off|p1a: Celebi
|-supereffective|p1a: Celebi
|-damage|p1a: Celebi|278\/404
|-enditem|p1a: Celebi|Leftovers|[from] move: Knock Off|[of] p2a: Tangrowth
|
|turn|12
|c| ThugLyfeGingy|sludge
|c| ThugLyfeGingy|as our last move
|c| ThugLyfeGingy|on goodla
|c|★Yuttt.mackerel|huh
|
|switch|p2a: Goodra|Goodra, F|383\/383
|move|p1a: Celebi|Earth Power|p2a: Goodra
|-damage|p2a: Goodra|234\/383
|
|-heal|p2a: Goodra|257\/383|[from] item: Leftovers
|turn|13
|c|★Yuttt.mackerel|why not flamethrower\/fire blast
|join|yrs
|c|★Jukain|that did nothin
|c|★Jukain|christ
|c| ThugLyfeGingy|LOL
|c|★Jukain|uhh
|c| tst100|av goodra is such a lord
|c|★Yuttt.mackerel|fuck
|c| ThugLyfeGingy|that isnt even
|c| The Ess of Johan|dat bulk and no av
|c| ThugLyfeGingy|damage
|c| ThugLyfeGingy|iml
|c| ThugLyfeGingy|oml*
|
|move|p1a: Celebi|Earth Power|p2a: Goodra
|-damage|p2a: Goodra|102\/383
|move|p2a: Goodra|Draco Meteor|p1a: Celebi
|-damage|p1a: Celebi|115\/404
|-unboost|p2a: Goodra|spa|2
|
|-heal|p2a: Goodra|125\/383|[from] item: Leftovers
|turn|14
|c| Omegasization|ginmgy pls
|leave|TFL
|c| ThugLyfeGingy|ouchies
|c| Omegasization|where has your ginger colour gone
|c| ThugLyfeGingy|:3
|c|★Yuttt.mackerel|whats play
|c| ThugLyfeGingy|ermz
|
|move|p1a: Celebi|Recover|p1a: Celebi
|-heal|p1a: Celebi|317\/404
|move|p2a: Goodra|Rain Dance|p2a: Goodra
|-weather|RainDance
|
|-weather|RainDance|[upkeep]
|-heal|p2a: Goodra|148\/383|[from] item: Leftovers
|turn|15
|c|★Yuttt.mackerel|low roll please
|c| Gyarados-Mega|omastar sweep
|join|kkkjjujk
|leave|kkkjjujk
|c|★Jukain|lol
|
|move|p1a: Celebi|Earth Power|p2a: Goodra
|-damage|p2a: Goodra|0 fnt
|faint|p2a: Goodra
|
|-weather|RainDance|[upkeep]
|c|★Yuttt.mackerel|fk
|c|★Jukain|die
|c| ThugLyfeGingy|fig
|leave|tst100
|c| Omegasization|well
|c| ThugLyfeGingy|go to omastar we can this
|c| ThugLyfeGingy|*-*
|c| Omegasization|so goodra is dead
|c|★Jukain|this set
|c|★Jukain|is so good
|c|★Jukain|:]
|
|switch|p2a: Omastar|Omastar, M|281\/281
|turn|16
|c|★Yuttt.mackerel|is he switching
|c|★Yuttt.mackerel|do we hydro
|c|★Jukain|lmao
|c| ThugLyfeGingy|me thinks
|c|★Jukain|fuck
|c|★Jukain|ice beam incoming
|c| ThugLyfeGingy|he stays in
|c|★Yuttt.mackerel|ok
|c| ThugLyfeGingy|or sacks tenta
|c| ThugLyfeGingy|:3
|
|move|p2a: Omastar|Ice Beam|p1a: Celebi
|-supereffective|p1a: Celebi
|-damage|p1a: Celebi|0 fnt
|faint|p1a: Celebi
|
|-weather|RainDance|[upkeep]
|c|★Yuttt.mackerel|what
|c|★Jukain|wait
|c|★Yuttt.mackerel|"or"
|c|★Jukain|how the fuck
|c| ThugLyfeGingy|jaja
|c|★Jukain|does that kill
|c| ThugLyfeGingy|LOL
|c|★Yuttt.mackerel|power
|c|★Jukain|jesus christ
|c|★Yuttt.mackerel|we are down goodra
|c|★Yuttt.mackerel|but we can this
|
|switch|p1a: Tentacruel|Tentacruel, F|364\/364
|-damage|p1a: Tentacruel|319\/364|[from] Stealth Rock
|turn|17
|c| Gyarados-Mega|omastar is broken
|c| Gyarados-Mega|haha
|c| ThugLyfeGingy|me thinks
|c| ThugLyfeGingy|omastar can this
|
|switch|p2a: Tangrowth|Tangrowth, F|393\/403
|move|p1a: Tentacruel|Rapid Spin|p2a: Tangrowth
|-damage|p2a: Tangrowth|385\/403
|-sideend|p1: Jukain|Stealth Rock|[from] move: Rapid Spin|[of] p1a: Tentacruel
|
|-weather|RainDance|[upkeep]
|-heal|p1a: Tentacruel|341\/364|[from] item: Black Sludge
|turn|18
|c| ThugLyfeGingy|REVEAL SHEEL SMASH
|c| ThugLyfeGingy|FUCK
|c|★Yuttt.mackerel|double to altaria
|c|★Yuttt.mackerel|incoming
|c| ThugLyfeGingy|hes fishing
|c| ThugLyfeGingy|for the burn
|c| ThugLyfeGingy|:3
|c|★Yuttt.mackerel|he wouldn't
|c|★Yuttt.mackerel|would he
|
|switch|p1a: Charizard|Charizard, M|297\/297
|move|p2a: Tangrowth|Knock Off|p1a: Charizard
|-damage|p1a: Charizard|231\/297
|
|-weather|none
|turn|19
|c|★Yuttt.mackerel|;-;
|c| ThugLyfeGingy|.cri
|c| yrs|eh
|c|★Jukain|umm
|
|switch|p1a: Gliscor|Gliscor, M|348\/354 tox
|switch|p2a: Altaria|Altaria-Mega, F|354\/354
|
|-heal|p1a: Gliscor|354\/354 tox|[from] ability: Poison Heal
|turn|20
|c|★Jukain|gooooo
|c|★Yuttt.mackerel|what
|c|★Jukain|wait FUCK
|c|★Jukain|CANCEL
|c|★Jukain|watever
|join|CleanerThanRotom-W
|c|★Jukain|not even a problem
|c|★Yuttt.mackerel|uhm
|c|★Yuttt.mackerel|whats play
|c| ThugLyfeGingy|well hes sd
|
|move|p1a: Gliscor|Swords Dance|p1a: Gliscor
|-boost|p1a: Gliscor|atk|2
|move|p2a: Altaria|Hyper Voice|p1a: Gliscor
|-damage|p1a: Gliscor|168\/354 tox
|
|-heal|p1a: Gliscor|212\/354 tox|[from] ability: Poison Heal
|turn|21
|join|Africans
|join|tst100
|leave|Gyarados-Mega
|c|★Jukain|ha that did nothing
|c|★Jukain|:]
|
|move|p1a: Gliscor|Earthquake|p2a: Altaria
|-damage|p2a: Altaria|197\/354
|move|p2a: Altaria|Rain Dance|p2a: Altaria
|-weather|RainDance
|
|-weather|RainDance|[upkeep]
|-heal|p1a: Gliscor|256\/354 tox|[from] ability: Poison Heal
|turn|22
|join|Gyarados-Mega
|c| ThugLyfeGingy|we can try crit?
|c|★Yuttt.mackerel|>cancel
|c| ThugLyfeGingy|or rd
|c| ThugLyfeGingy|okey dokey
|
|move|p1a: Gliscor|Facade|p2a: Altaria
|-damage|p2a: Altaria|37\/354
|move|p2a: Altaria|Roost|p2a: Altaria
|-heal|p2a: Altaria|214\/354
|
|-weather|RainDance|[upkeep]
|-heal|p1a: Gliscor|300\/354 tox|[from] ability: Poison Heal
|turn|23
|c|★Yuttt.mackerel|am i reel
|c|★Yuttt.mackerel|hp ice tangrowth
|
|switch|p2a: Omastar|Omastar, M|281\/281
|move|p1a: Gliscor|Earthquake|p2a: Omastar
|-supereffective|p2a: Omastar
|-damage|p2a: Omastar|0 fnt
|faint|p2a: Omastar
|
|-weather|RainDance|[upkeep]
|-heal|p1a: Gliscor|344\/354 tox|[from] ability: Poison Heal
|join|flubzor
|c|★Yuttt.mackerel|.cri
|c| ThugLyfeGingy|NO
|c|★Jukain|lmao
|c|★Yuttt.mackerel|i suck
|c| ThugLyfeGingy|YUTTT
|c|★Jukain|go ahed n catch this death
|c| ThugLyfeGingy|WHY
|c|★Yuttt.mackerel|gotta SACK the wincon
|c| The Ess of Johan|gg no re
|c| ThugLyfeGingy|;;;;;;;;;;;;;;;;;;;;;;;;;;;;;;;;;;;;
|c| craing|i mean u go growth
|c|★Yuttt.mackerel|the team is cool though
|c| craing|and then pivot to oma
|
|switch|p2a: Tangrowth|Tangrowth, F|403\/403
|turn|24
|c| ThugLyfeGingy|^
|c| craing|woulda been safer
|c|★Yuttt.mackerel|yeah ;-;
|c| Omegasization|nice one yut
|c| Omegasization|risking your win con
|
|move|p1a: Gliscor|Roost|p1a: Gliscor
|-heal|p1a: Gliscor|354\/354 tox
|move|p2a: Tangrowth|Hidden Power|p1a: Gliscor
|-supereffective|p1a: Gliscor
|-damage|p1a: Gliscor|232\/354 tox
|
|-weather|RainDance|[upkeep]
|-heal|p1a: Gliscor|276\/354 tox|[from] ability: Poison Heal
|turn|25
|c| ThugLyfeGingy|tbf
|join|Wiz BITG
|c| ThugLyfeGingy|we still wall
|leave|yrs
|c| ThugLyfeGingy|his team
|c|★Yuttt.mackerel|i joined ou tour
|c| Omegasization|suddenly
|c| Omegasization|toxic\
|c| ThugLyfeGingy|stall zard out of fire blasts
|
|switch|p1a: Charizard|Charizard, M|231\/297
|move|p2a: Tangrowth|Giga Drain|p1a: Charizard
|-resisted|p1a: Charizard
|-damage|p1a: Charizard|206\/297
|
|-weather|none
|turn|26
|c| ThugLyfeGingy|ez win ez life
|join|Appreciation
|c|★Jukain|lookin like a victory
|c|★Yuttt.mackerel|;-;
|c|★Jukain|for the dd zard
|c|★Jukain|hehe
|c| ThugLyfeGingy|n
|c| ThugLyfeGingy|our last move
|c|★Jukain|watch this play
|
|switch|p2a: Tentacruel|Tentacruel, F|364\/364
|detailschange|p1a: Charizard|Charizard-Mega-Y, M
|-mega|p1a: Charizard|Charizard|Charizardite Y
|-weather|SunnyDay
|move|p1a: Charizard|Flamethrower|p2a: Tentacruel
|-resisted|p2a: Tentacruel
|-damage|p2a: Tentacruel|254\/364
|
|-weather|SunnyDay|[upkeep]
|-heal|p2a: Tentacruel|276\/364|[from] item: Black Sludge
|turn|27
|c| ThugLyfeGingy|is draco
|c| ThugLyfeGingy|O_o
|c|★Jukain|PREDICTED
|c|★Yuttt.mackerel|._>
|join|M0XI3 B00ST
|
|move|p1a: Charizard|Solar Beam|p2a: Tentacruel|[still]
|-prepare|p1a: Charizard|Solar Beam|p2a: Tentacruel
|-anim|p1a: Charizard|Solar Beam|p2a: Tentacruel
|-damage|p2a: Tentacruel|144\/364
|move|p2a: Tentacruel|Rain Dance|p2a: Tentacruel
|-weather|RainDance
|
|-weather|RainDance|[upkeep]
|-heal|p2a: Tentacruel|166\/364|[from] ability: Rain Dish
|-heal|p2a: Tentacruel|188\/364|[from] item: Black Sludge
|turn|28
|c| Appreciation|lol
|c|★Yuttt.mackerel|now if only
|c|★Jukain|lmao
|c|★Yuttt.mackerel|i hadn't sacked
|join|sallmo
|c|★Yuttt.mackerel|omastar
|c|★Jukain|fuck this thing,
|c| ThugLyfeGingy|yah.....
|c| Gyarados-Mega|yuttt
|c| ThugLyfeGingy|yuttt the team is good
|c| Gyarados-Mega|why the fuck don't u run my set to kill jew
|
|switch|p1a: Tyranitar|Tyranitar, F|341\/341
|-weather|Sandstorm
|move|p2a: Tentacruel|Scald|p1a: Tyranitar
|-supereffective|p1a: Tyranitar
|-damage|p1a: Tyranitar|243\/341
|
|-weather|Sandstorm|[upkeep]
|-damage|p2a: Tentacruel|166\/364|[from] sandstorm
|-heal|p2a: Tentacruel|188\/364|[from] item: Black Sludge
|turn|29
|c| ThugLyfeGingy|we need to not sack
|c| Gyarados-Mega|why not run mirrorcoat
|c| Gyarados-Mega|,,,
|-message|Yuttt.mackerel forfeited.
|c| ThugLyfeGingy|win con nxt time
|c|★Yuttt.mackerel|sack happy
|c| ThugLyfeGingy|:x
|c|★Jukain|looks like
|leave|tst100
|c|★Jukain|uve been snackwrapped
|c|★Yuttt.mackerel|nxt tme
|leave|Yuttt.mackerel
|
|win|Jukain
|c|★Jukain|hehe bwoi
|leave|ThugLyfeGingy
|leave|Laschero
|leave|sallmo
|leave|craing
|leave|Avarice87
|leave|Jukain
|leave|808 & Heartbreak
|player|p2
|leave|Appreciation