|join|Jukain
|join|xtraDOLLARshine
|player|p1|Jukain|291
|player|p2|xtraDOLLARshine|68
|gametype|singles
|gen|6
|tier|OU
|clearpoke
|poke|p1|Politoed, M
|poke|p1|Swampert, M
|poke|p1|Latias, F
|poke|p1|Landorus-Therian, M
|poke|p1|Kingdra, M
|poke|p1|Ferrothorn, F
|poke|p2|Victini
|poke|p2|Scizor, M, shiny
|poke|p2|Garchomp, F, shiny
|poke|p2|Thundurus, M, shiny
|poke|p2|Kyurem-Black, shiny
|poke|p2|Keldeo
|rule|Swagger Clause: Swagger is banned
|rule|Baton Pass Clause: Limit one Pokémon knowing Baton Pass
|rule|Sleep Clause Mod: Limit one foe put to sleep
|rule|Species Clause: Limit one of each Pokémon
|rule|OHKO Clause: OHKO moves are banned
|rule|Moody Clause: Moody is banned
|rule|Evasion Moves Clause: Evasion moves are banned
|rule|Endless Battle Clause: Forcing endless battles is banned
|rule|HP Percentage Mod: HP is shown in percentages
|teampreview
|c|★xtraDOLLARshine|gee El
|c|★xtraDOLLARshine|o man do u feel that lag
|join|A2tehBR
|join|WECAMEASROMANS
|c|★Jukain|lol
|c|★Jukain|lots of lag
|join|Squirrelll
|c| A2tehBR|shoulda played on st
|c|★Jukain|u wanna play
|c|★Jukain|on frost
|c|★xtraDOLLARshine|k
|join|daftmau5
|c|★Jukain|im lagging so much christ
|c|★Jukain|ok
|c|★xtraDOLLARshine|or smogtourz O_o
|c| daftmau5|GL BOYZ
|c|★Jukain|uhh wherever
|c|★Jukain|smogtours works too!!
|c| daftmau5|play on stours
|c| daftmau5|it's a final
|c|★Jukain|chall me on one of those
|c|★xtraDOLLARshine|^
|c|★xtraDOLLARshine|smogtourz
|c|★xtraDOLLARshine|dont take dis win
|c|★xtraDOLLARshine|XD
|leave|Squirrelll
|leave|A2tehBR
|leave|xtraDOLLARshine
|player|p2
|leave|WECAMEASROMANS
|leave|Jukain
|leave|daftmau5
|player|p1
|join|Jukain
|join|daftmau5
|join|req'd by crobro
|join|Qubae
|leave|Qubae
|join|Time Stall
|join|Squirrelll
|join|jerry85
|join|RedKingAlmighty
|join|A2tehBR
|join|Ox the Box
|join|Albyness
|join|xtraDOLLARshine
|join|gizmo
|leave|Ox the Box
|leave|xtraDOLLARshine
|leave|Squirrelll
|join|Fedayi
|leave|A2tehBR
|leave|RedKingAlmighty
|player|p1|Jukain|291
|leave|Fedayi
|leave|gizmo
|join|xtraDOLLARshine
|join|Ox the Box
|join|Squirrelll
|player|p2|xtraDOLLARshine|68
|teampreview
|join|Fedayi
|join|gizmo
|join|WECAMEASROMANS
|join|A2tehBR
|join|Qubae
|
|start
|switch|p1a: Ferrothorn|Ferrothorn, F|352\/352
|switch|p2a: Victini|Victini|341\/341
|turn|1
|c| gizmo|alright
|c| gizmo|finally
|c| gizmo|easiest grass knot of life
|
|switch|p1a: Latias|Latias, F|301\/301
|move|p2a: Victini|V-create|p1a: Latias
|-resisted|p1a: Latias
|-damage|p1a: Latias|67\/301
|-unboost|p2a: Victini|def|1
|-unboost|p2a: Victini|spd|1
|-unboost|p2a: Victini|spe|1
|
|turn|2
|join|metmaver
|
|switch|p2a: Scizor|Scizor, M, shiny|343\/343
|move|p1a: Latias|Draco Meteor|p2a: Scizor
|-resisted|p2a: Scizor
|-damage|p2a: Scizor|192\/343
|-unboost|p1a: Latias|spa|2
|-damage|p1a: Latias|37\/301|[from] item: Life Orb
|
|turn|3
|join|GUEPPE
|join|ArchPhantom
|
|switch|p1a: Kingdra|Kingdra, M|291\/291
|detailschange|p2a: Scizor|Scizor-Mega, M, shiny
|-mega|p2a: Scizor|Scizor|Scizorite
|move|p2a: Scizor|U-turn|p1a: Kingdra
|-damage|p1a: Kingdra|174\/291
|leave|GUEPPE
|join|craing
|join|FUQ GLISCORE
|
|switch|p2a: Keldeo|Keldeo|323\/323
|
|turn|4
|join|Biz
|
|switch|p1a: Politoed|Politoed, M|383\/383
|-weather|RainDance
|move|p2a: Keldeo|Secret Sword|p1a: Politoed
|-damage|p1a: Politoed|89\/383
|
|-weather|RainDance|[upkeep]
|turn|5
|leave|FUQ GLISCORE
|
|switch|p1a: Latias|Latias, F|37\/301
|move|p2a: Keldeo|Secret Sword|p1a: Latias
|-resisted|p1a: Latias
|-damage|p1a: Latias|0 fnt
|faint|p1a: Latias
|
|-weather|RainDance|[upkeep]
|
|switch|p1a: Landorus-Therian|Landorus-Therian, M|319\/319
|-ability|p1a: Landorus-Therian|Intimidate|[of] p2a: Keldeo
|-unboost|p2a: Keldeo|atk|1
|turn|6
|join|adsfffasddaf
|
|switch|p2a: Garchomp|Garchomp, F, shiny|357\/357
|move|p1a: Landorus-Therian|Rock Polish|p1a: Landorus-Therian
|-boost|p1a: Landorus-Therian|spe|2
|
|-weather|RainDance|[upkeep]
|turn|7
|c|★xtraDOLLARshine|secret swordin agann
|
|move|p1a: Landorus-Therian|Swords Dance|p1a: Landorus-Therian
|-boost|p1a: Landorus-Therian|atk|2
|move|p2a: Garchomp|Outrage|p1a: Landorus-Therian
|-damage|p1a: Landorus-Therian|91\/319
|
|-weather|RainDance|[upkeep]
|turn|8
|
|move|p1a: Landorus-Therian|Earthquake|p2a: Garchomp
|-damage|p2a: Garchomp|0 fnt
|faint|p2a: Garchomp
|
|-weather|RainDance|[upkeep]
|
|switch|p2a: Scizor|Scizor-Mega, M, shiny|192\/343
|turn|9
|leave|craing
|
|switch|p1a: Swampert|Swampert, M|345\/345
|move|p2a: Scizor|Bullet Punch|p1a: Swampert
|-resisted|p1a: Swampert
|-damage|p1a: Swampert|291\/345
|
|-weather|RainDance|[upkeep]
|turn|10
|c|★xtraDOLLARshine|ysy
|c|★xtraDOLLARshine|i prolly ddnt ko
|c|★xtraDOLLARshine|phew
|c|★Jukain|how could u not ko
|join|oml it's too ez
|leave|ArchPhantom
|join|Six to Zero
|join|Avarice87
|join|Appreciation
|join|Justin 55
|c| Appreciation|dont u have trobules vs rotom
|c| Appreciation|._.
|c|★xtraDOLLARshine|nvm
|join|RedKingAlmighty
|c|★xtraDOLLARshine|i ko
|
|detailschange|p1a: Swampert|Swampert-Mega, M
|-mega|p1a: Swampert|Swampert|Swampertite
|move|p1a: Swampert|Waterfall|p2a: Scizor
|-damage|p2a: Scizor|47\/343
|move|p2a: Scizor|Roost|p2a: Scizor
|-heal|p2a: Scizor|219\/343
|
|-weather|RainDance|[upkeep]
|turn|11
|
|move|p1a: Swampert|Waterfall|p2a: Scizor
|-damage|p2a: Scizor|75\/343
|move|p2a: Scizor|Roost|p2a: Scizor
|-heal|p2a: Scizor|247\/343
|
|-weather|none
|turn|12
|c| gizmo|yum
|c| WECAMEASROMANS|power up punch dis man
|c| Avarice87|Swampert looks like Frieze second Form
|c| Appreciation|weak shit
|c| Avarice87|Hey WCAR
|c| Appreciation|LOL AVA
|join|doubling
|leave|Qubae
|
|move|p1a: Swampert|Earthquake|p2a: Scizor
|-damage|p2a: Scizor|114\/343
|move|p2a: Scizor|Roost|p2a: Scizor
|-heal|p2a: Scizor|286\/343
|
|turn|13
|c|★xtraDOLLARshine|scizor m v p
|
|move|p1a: Swampert|Waterfall|p2a: Scizor
|-damage|p2a: Scizor|183\/343
|move|p2a: Scizor|U-turn|p1a: Swampert
|-damage|p1a: Swampert|182\/345
|leave|jerry85
|
|switch|p2a: Keldeo|Keldeo|323\/323
|
|turn|14
|join|All Together Now
|
|switch|p1a: Landorus-Therian|Landorus-Therian, M|91\/319
|-ability|p1a: Landorus-Therian|Intimidate|[of] p2a: Keldeo
|-unboost|p2a: Keldeo|atk|1
|move|p2a: Keldeo|Secret Sword|p1a: Landorus-Therian
|-resisted|p1a: Landorus-Therian
|-damage|p1a: Landorus-Therian|0 fnt
|faint|p1a: Landorus-Therian
|
|leave|WECAMEASROMANS
|
|switch|p1a: Ferrothorn|Ferrothorn, F|352\/352
|turn|15
|join|The TurtleLord
|join|ManuelEnciso123
|
|switch|p2a: Victini|Victini|341\/341
|move|p1a: Ferrothorn|Stealth Rock|p2a: Victini
|-sidestart|p2: xtraDOLLARshine|move: Stealth Rock
|
|turn|16
|join|Notorious544d
|
|switch|p1a: Politoed|Politoed, M|89\/383
|-weather|RainDance
|move|p2a: Victini|V-create|p1a: Politoed
|-crit|p1a: Politoed
|-resisted|p1a: Politoed
|-damage|p1a: Politoed|0 fnt
|-unboost|p2a: Victini|def|1
|-unboost|p2a: Victini|spd|1
|-unboost|p2a: Victini|spe|1
|faint|p1a: Politoed
|
|-weather|RainDance|[upkeep]
|
|switch|p1a: Swampert|Swampert-Mega, M|182\/345
|turn|17
|
|move|p1a: Swampert|Waterfall|p2a: Victini
|-supereffective|p2a: Victini
|-damage|p2a: Victini|0 fnt
|faint|p2a: Victini
|
|-weather|RainDance|[upkeep]
|c| Ox the Box|pup here and win
|c| Appreciation|its
|c| Appreciation|ogre
|c| Ox the Box|he flinches keldeo
|c|★xtraDOLLARshine|can it even 1hko
|join|beppityboopbop
|c|★xtraDOLLARshine|scizor
|c|★xtraDOLLARshine|keld**
|c| A2tehBR|he has
|c| A2tehBR|a kyub
|c| A2tehBR|btw
|c| Ox the Box|yeah xtra
|c| Ox the Box|at +1
|c|★xtraDOLLARshine|it wont get dat
|
|switch|p2a: Keldeo|Keldeo|323\/323
|-damage|p2a: Keldeo|303\/323|[from] Stealth Rock
|turn|18
|c|★xtraDOLLARshine|xD
|c| Ox the Box|+1 252+ Atk Mega Swampert Earthquake vs. 0 HP \/ 0 Def Keldeo: 327-385 (101.2 - 119.1%) -- guaranteed OHKO
|c| Appreciation|u need to crit i think
|c| Ox the Box|just enuf
|c| Appreciation|otherwise rain
|c| Appreciation|,,,
|c| A2tehBR|o damn
|c| A2tehBR|powerful
|
|move|p1a: Swampert|Earthquake|p2a: Keldeo
|-damage|p2a: Keldeo|83\/323
|move|p2a: Keldeo|Secret Sword|p1a: Swampert
|-damage|p1a: Swampert|0 fnt
|faint|p1a: Swampert
|
|-weather|RainDance|[upkeep]
|c| Ox the Box|his only play is flinching
|c| Appreciation|ripper
|c| All Together Now|hydro pump kills
|c| Avarice87|Ox da Box is wearing just socks
|c| All Together Now|everything
|
|switch|p1a: Kingdra|Kingdra, M|174\/291
|turn|19
|c| Appreciation|ava what is just wrong with u
|c| The TurtleLord|whats this for?
|c| Avarice87|So many things
|c| gizmo|lmao
|
|switch|p2a: Scizor|Scizor-Mega, M, shiny|183\/343
|-damage|p2a: Scizor|141\/343|[from] Stealth Rock
|move|p1a: Kingdra|Scald|p2a: Scizor
|-damage|p2a: Scizor|0 fnt
|faint|p2a: Scizor
|
|-weather|RainDance|[upkeep]
|c| Appreciation|i still love you
|c| gizmo|why
|join|Son of Zeusss
|c| gizmo|sac
|
|switch|p2a: Thundurus|Thundurus, M, shiny|299\/299
|-damage|p2a: Thundurus|225\/299|[from] Stealth Rock
|turn|20
|c| A2tehBR|it doesnt matter
|
|move|p2a: Thundurus|Thunder Wave|p1a: Kingdra
|-status|p1a: Kingdra|par
|move|p1a: Kingdra|Scald|p2a: Thundurus
|-damage|p2a: Thundurus|0 fnt
|faint|p2a: Thundurus
|
|-weather|RainDance|[upkeep]
|c| All Together Now|he doesnt have t wave
|c|★Jukain|dont para
|c|★Jukain|YES
|c| gizmo|keld wins doesn't
|c| gizmo|it
|c|★Jukain|nope
|c| Ox the Box|keld kube wins no?
|c| A2tehBR|kyub
|c| A2tehBR|kills ferro
|c|★xtraDOLLARshine|huh
|c| A2tehBR|at 20%
|c| daftmau5|specs sword + kyub
|c| daftmau5|should take out ferro
|c| gizmo|keld secret swords kingdra
|c| daftmau5|??
|c| gizmo|kills it
|c|★xtraDOLLARshine|o man
|c|★xtraDOLLARshine|he has chople ferro
|c|★xtraDOLLARshine|we were doomed
|c| gizmo|then swords fero
|c| Son of Zeusss|chople thorn
|c| daftmau5|LOL
|c| gizmo|oh
|c| Son of Zeusss|i know it
|c| gizmo|lmao
|c| The TurtleLord|L0L
|c| Ox the Box|lol I actually think it is
|c| RedKingAlmighty|u laugh now
|c| Son of Zeusss|JUKAIN U CAN THIS
|c| gizmo|he can still miss power whip
|c| RedKingAlmighty|lol
|join|Jefo
|c| Ox the Box|gyro kills from there
|
|switch|p2a: Keldeo|Keldeo|83\/323
|-damage|p2a: Keldeo|63\/323|[from] Stealth Rock
|turn|21
|c| RedKingAlmighty|inb4
|c| The TurtleLord|gyro kills that at 20
|c|★xtraDOLLARshine|im interested
|c| RedKingAlmighty|misclicks
|leave|oml it's too ez
|c|★xtraDOLLARshine|what do u got up ursleeve
|join|oml it's too ez
|
|move|p2a: Keldeo|Secret Sword|p1a: Kingdra
|-damage|p1a: Kingdra|0 fnt
|faint|p1a: Kingdra
|
|-weather|RainDance|[upkeep]
|leave|oml it's too ez
|c| daftmau5|the reveal
|c| gizmo|SECRET CRIT
|c| daftmau5|is here
|c|★xtraDOLLARshine|ox do u have the pb
|c|★xtraDOLLARshine|incase he changed
|c| Avarice87|If only you didn't get Paralyzed
|
|switch|p1a: Ferrothorn|Ferrothorn, F|352\/352
|turn|22
|c|★Jukain|achieve ferro
|c|★xtraDOLLARshine|lefties to chopled
|join|gRWGH
|c| Ox the Box|no xtra
|join|mistaken
|c| Avarice87|Are you Scarf Dollar?
|c| Avarice87|Or Specs? Or what?
|c| gizmo|dollar
|c|★xtraDOLLARshine|dollar
|
|move|p2a: Keldeo|Secret Sword|p1a: Ferrothorn
|-supereffective|p1a: Ferrothorn
|-enditem|p1a: Ferrothorn|Chople Berry|[eat]
|-damage|p1a: Ferrothorn|220\/352
|move|p1a: Ferrothorn|Gyro Ball|p2a: Keldeo
|-resisted|p2a: Keldeo
|-damage|p2a: Keldeo|0 fnt
|faint|p2a: Keldeo
|
|-weather|RainDance|[upkeep]
|c| daftmau5|LOL
|c| daftmau5|LOL
|c| The TurtleLord|EYYY
|c| Son of Zeusss|LOL
|c| gizmo|and there it is
|c|★xtraDOLLARshine|you fuck boy
|c| req'd by crobro|lol
|c|★xtraDOLLARshine|i swear to god
|c| All Together Now|lelelele
|c| Son of Zeusss|I WAS JOKIN
|c| Ox the Box|how was I supposed to make a pastebin in like 30 seconds
|c| Son of Zeusss|AHAHAHAHAHAH
|c|★xtraDOLLARshine|you changed it
|c| Appreciation|whar
|c| Appreciation|the fuck
|c|★Jukain|i didnt
|c|★Jukain|change it
|c|★Jukain|dude
|c|★xtraDOLLARshine|you fagg
|c| Son of Zeusss|WHAT A GOD
|c|★Jukain|we went back
|c|★xtraDOLLARshine|you changed it
|c|★Jukain|to the battle
|c|★Jukain|lol
|c|★Jukain|it was the same battle
|c| Time Stall|lol
|c|★Jukain|i cant change the team
|c| A2tehBR|^
|c|★Jukain|when we rejoined
|c| Appreciation|ice beam still freezes wtf
|
|switch|p2a: Kyurem-Black|Kyurem-Black, shiny|391\/391
|-damage|p2a: Kyurem-Black|294\/391|[from] Stealth Rock
|-ability|p2a: Kyurem-Black|Teravolt
|turn|23
|c| A2tehBR|he has a point
|c| A2tehBR|lol
|c| Appreciation|what r u sayingf
|c| Appreciation|shut up
|c| A2tehBR|sub roost
|c| A2tehBR|stall
|c| Appreciation|ice beam freezes
|c| A2tehBR|gyro
|c|★Jukain|o jesus
|c| Appreciation|jesus
|c| Biz|thats fuckin ridic
|c|★Jukain|this is gonna be
|c|★Jukain|a freeze
|join|Alexander
|c| Biz|good shit juke
|c|★xtraDOLLARshine|allah
|
|move|p2a: Kyurem-Black|Ice Beam|p1a: Ferrothorn
|-damage|p1a: Ferrothorn|114\/352
|move|p1a: Ferrothorn|Gyro Ball|p2a: Kyurem-Black
|-supereffective|p2a: Kyurem-Black
|-damage|p2a: Kyurem-Black|0 fnt
|faint|p2a: Kyurem-Black
|
|win|Jukain
|c| All Together Now|lol
|c| Ox the Box|zzz
|c| Appreciation|hacker
|leave|A2tehBR
|c|★xtraDOLLARshine|lol
|c| Ox the Box|jukain
|c| daftmau5|your faith in allah
|c| gizmo|eez a wrap
|leave|xtraDOLLARshine
|leave|All Together Now
|c| daftmau5|was not strong enough
|leave|Jefo
|leave|Jukain
|c| Ox the Box|i thought u were lefties ;c
|leave|Appreciation
|player|p2
|c| Avarice87|Don't get me started on Allah
|leave|daftmau5
|player|p1
|leave|req'd by crobro
|leave|beppityboopbop
|leave|Ox the Box
|leave|Avarice87
|leave|gizmo
|leave|Son of Zeusss
|leave|Fedayi
|leave|Time Stall