|join|Heracrabshot
|join|Donkii
|player|p1|Heracrabshot|154
|player|p2|Donkii|239
|gametype|singles
|gen|6
|tier|UU
|rated
|rule|Sleep Clause Mod: Limit one foe put to sleep
|rule|Species Clause: Limit one of each Pokémon
|rule|OHKO Clause: OHKO moves are banned
|rule|Moody Clause: Moody is banned
|rule|Evasion Moves Clause: Evasion moves are banned
|rule|Endless Battle Clause: Forcing endless battles is banned
|rule|HP Percentage Mod: HP is shown in percentages
|clearpoke
|poke|p1|Machamp, M
|poke|p1|Alakazam, M
|poke|p1|Crobat, M
|poke|p1|Florges, F
|poke|p1|Swampert, M
|poke|p1|Hydreigon, F
|poke|p2|Nidoking, M, shiny
|poke|p2|Aerodactyl, M
|poke|p2|Hydreigon, M
|poke|p2|Empoleon, F
|poke|p2|Cofagrigus, F, shiny
|poke|p2|Whimsicott, M
|rule|Swagger Clause: Swagger is banned
|rule|Baton Pass Clause: Limit one Pokémon knowing Baton Pass
|teampreview
|c|★Heracrabshot|hf
|c|★Donkii|hf
|
|start
|switch|p1a: Fanger|Swampert, M|404\/404
|switch|p2a: Whimsicott|Whimsicott, M|261\/261
|turn|1
|
|switch|p1a: Crobatman|Crobat, M|373\/373
|move|p2a: Whimsicott|Stun Spore|p1a: Crobatman|[miss]
|-miss|p2a: Whimsicott|p1a: Crobatman
|
|turn|2
|
|switch|p2a: Aerodactyl|Aerodactyl, M|301\/301
|-ability|p2a: Aerodactyl|Unnerve|p1: Heracrabshot
|move|p1a: Crobatman|Brave Bird|p2a: Aerodactyl
|-resisted|p2a: Aerodactyl
|-damage|p2a: Aerodactyl|205\/301
|-damage|p1a: Crobatman|341\/373|[from] recoil|[of] p2a: Aerodactyl
|
|-heal|p1a: Crobatman|364\/373|[from] item: Black Sludge
|turn|3
|
|switch|p2a: Hydreigon|Hydreigon, M|325\/325
|switch|p1a: Fanger|Swampert, M|404\/404
|
|turn|4
|
|move|p2a: Hydreigon|Draco Meteor|p1a: Fanger
|-crit|p1a: Fanger
|-damage|p1a: Fanger|0 fnt
|-unboost|p2a: Hydreigon|spa|2
|faint|p1a: Fanger
|
|
|switch|p1a: Spuun|Alakazam, M|251\/251
|turn|5
|c|★Heracrabshot|cmon
|
|switch|p2a: Cofagrigus|Cofagrigus, F, shiny|319\/319
|detailschange|p1a: Spuun|Alakazam-Mega, M
|-mega|p1a: Spuun|Alakazam|Alakazite
|-ability|p1a: Spuun|Mummy|[from] ability: Trace|[of] p2a: Cofagrigus
|move|p1a: Spuun|Focus Blast|p2a: Cofagrigus
|-immune|p2a: Cofagrigus|[msg]
|
|turn|6
|c|★Donkii|sorry mate
|
|switch|p1a: Hidra de Lerma|Hydreigon, F|325\/325
|move|p2a: Cofagrigus|Toxic Spikes|p1a: Hidra de Lerma
|-sidestart|p1: Heracrabshot|move: Toxic Spikes
|
|turn|7
|
|move|p1a: Hidra de Lerma|U-turn|p2a: Cofagrigus
|-resisted|p2a: Cofagrigus
|-damage|p2a: Cofagrigus|304\/319
|-endability|p1a: Hidra de Lerma|levitate|[from] Mummy
|-ability|p1a: Hidra de Lerma|Mummy|[from] Mummy
|
|switch|p1a: Crobatman|Crobat, M|364\/373
|move|p2a: Cofagrigus|Pain Split|p1a: Crobatman
|-sethp|p1a: Crobatman|334\/373|p2a: Cofagrigus|319\/319|[from] move: Pain Split
|
|-heal|p1a: Crobatman|357\/373|[from] item: Black Sludge
|turn|8
|
|move|p1a: Crobatman|Defog|p2a: Cofagrigus
|-unboost|p2a: Cofagrigus|evasion|1
|-sideend|p1: Heracrabshot|Toxic Spikes|[from] move: Defog|[of] p1a: Crobatman
|move|p2a: Cofagrigus|Shadow Ball|p1a: Crobatman
|-damage|p1a: Crobatman|245\/373
|
|-heal|p1a: Crobatman|268\/373|[from] item: Black Sludge
|turn|9
|
|move|p1a: Crobatman|U-turn|p2a: Cofagrigus
|-resisted|p2a: Cofagrigus
|-damage|p2a: Cofagrigus|303\/319
|-endability|p1a: Crobatman|innerfocus|[from] Mummy
|-ability|p1a: Crobatman|Mummy|[from] Mummy
|
|switch|p1a: Hidra de Lerma|Hydreigon, F|325\/325
|move|p2a: Cofagrigus|Toxic Spikes|p1a: Hidra de Lerma
|-sidestart|p1: Heracrabshot|move: Toxic Spikes
|
|-heal|p2a: Cofagrigus|319\/319|[from] item: Leftovers
|turn|10
|
|switch|p2a: Whimsicott|Whimsicott, M|261\/261
|move|p1a: Hidra de Lerma|Fire Blast|p2a: Whimsicott
|-supereffective|p2a: Whimsicott
|-damage|p2a: Whimsicott|0 fnt
|faint|p2a: Whimsicott
|
|
|switch|p2a: Hydreigon|Hydreigon, M|325\/325
|turn|11
|
|switch|p1a: Lisa|Florges, F|359\/359
|-status|p1a: Lisa|psn
|switch|p2a: Nidoking|Nidoking, M, shiny|303\/303
|
|-damage|p1a: Lisa|315\/359 psn|[from] psn
|turn|12
|
|switch|p1a: Crobatman|Crobat, M|268\/373
|move|p2a: Nidoking|Sludge Wave|p1a: Crobatman
|-resisted|p1a: Crobatman
|-damage|p1a: Crobatman|120\/373
|
|-heal|p1a: Crobatman|143\/373|[from] item: Black Sludge
|turn|13
|
|switch|p1a: Spuun|Alakazam-Mega, M|251\/251
|-status|p1a: Spuun|psn
|-ability|p1a: Spuun|Sheer Force|[from] ability: Trace|[of] p2a: Nidoking
|move|p2a: Nidoking|Ice Beam|p1a: Spuun
|-damage|p1a: Spuun|92\/251 psn
|
|-damage|p1a: Spuun|61\/251 psn|[from] psn
|turn|14
|
|switch|p2a: Empoleon|Empoleon, F|371\/371
|move|p1a: Spuun|Psyshock|p2a: Empoleon
|-crit|p2a: Empoleon
|-resisted|p2a: Empoleon
|-damage|p2a: Empoleon|248\/371
|
|-heal|p2a: Empoleon|271\/371|[from] item: Leftovers
|-damage|p1a: Spuun|30\/251 psn|[from] psn
|turn|15
|
|switch|p1a: Lisa|Florges, F|315\/359 psn
|switch|p2a: Cofagrigus|Cofagrigus, F, shiny|319\/319
|
|-heal|p1a: Lisa|337\/359 psn|[from] item: Leftovers
|-damage|p1a: Lisa|293\/359 psn|[from] psn
|turn|16
|
|switch|p2a: Nidoking|Nidoking, M, shiny|303\/303
|move|p1a: Lisa|Aromatherapy|p1a: Lisa
|-cureteam|p1a: Lisa|[from] move: Aromatherapy
|
|-heal|p1a: Lisa|315\/359|[from] item: Leftovers
|turn|17
|
|switch|p1a: Crobatman|Crobat, M|143\/373
|move|p2a: Nidoking|Sludge Wave|p1a: Crobatman
|-resisted|p1a: Crobatman
|-damage|p1a: Crobatman|0 fnt
|faint|p1a: Crobatman
|
|
|switch|p1a: Nachamo|Machamp, M|342\/342
|-status|p1a: Nachamo|psn
|turn|18
|
|switch|p2a: Empoleon|Empoleon, F|271\/371
|move|p1a: Nachamo|Knock Off|p2a: Empoleon
|-damage|p2a: Empoleon|164\/371
|-enditem|p2a: Empoleon|Leftovers|[from] move: Knock Off|[of] p1a: Nachamo
|
|-damage|p1a: Nachamo|300\/342 psn|[from] psn
|turn|19
|
|move|p1a: Nachamo|Dynamic Punch|p2a: Empoleon
|-supereffective|p2a: Empoleon
|-damage|p2a: Empoleon|0 fnt
|faint|p2a: Empoleon
|
|-damage|p1a: Nachamo|258\/342 psn|[from] psn
|
|switch|p2a: Aerodactyl|Aerodactyl, M|205\/301
|-ability|p2a: Aerodactyl|Unnerve|p1: Heracrabshot
|turn|20
|
|detailschange|p2a: Aerodactyl|Aerodactyl-Mega, M
|-mega|p2a: Aerodactyl|Aerodactyl|Aerodactylite
|move|p2a: Aerodactyl|Aerial Ace|p1a: Nachamo
|-supereffective|p1a: Nachamo
|-damage|p1a: Nachamo|0 fnt
|faint|p1a: Nachamo
|
|
|switch|p1a: Hidra de Lerma|Hydreigon, F|325\/325
|turn|21
|
|switch|p2a: Cofagrigus|Cofagrigus, F, shiny|319\/319
|move|p1a: Hidra de Lerma|Draco Meteor|p2a: Cofagrigus
|-damage|p2a: Cofagrigus|118\/319
|-unboost|p1a: Hidra de Lerma|spa|2
|
|-heal|p2a: Cofagrigus|137\/319|[from] item: Leftovers
|turn|22
|
|switch|p1a: Spuun|Alakazam-Mega, M|30\/251
|-status|p1a: Spuun|psn
|-ability|p1a: Spuun|Mummy|[from] ability: Trace|[of] p2a: Cofagrigus
|switch|p2a: Aerodactyl|Aerodactyl-Mega, M|205\/301
|
|-damage|p1a: Spuun|0 fnt|[from] psn
|faint|p1a: Spuun
|
|switch|p1a: Hidra de Lerma|Hydreigon, F|325\/325
|turn|23
|
|switch|p2a: Cofagrigus|Cofagrigus, F, shiny|137\/319
|move|p1a: Hidra de Lerma|Draco Meteor|p2a: Cofagrigus
|-damage|p2a: Cofagrigus|0 fnt
|-unboost|p1a: Hidra de Lerma|spa|2
|faint|p2a: Cofagrigus
|
|
|switch|p2a: Aerodactyl|Aerodactyl-Mega, M|205\/301
|turn|24
|
|move|p1a: Hidra de Lerma|Draco Meteor|p2a: Aerodactyl|[miss]
|-miss|p1a: Hidra de Lerma|p2a: Aerodactyl
|move|p2a: Aerodactyl|Aerial Ace|p1a: Hidra de Lerma
|-damage|p1a: Hidra de Lerma|157\/325
|
|turn|25
|c|★Donkii|sorry man:\/
|
|move|p1a: Hidra de Lerma|Draco Meteor|p2a: Aerodactyl
|-damage|p2a: Aerodactyl|88\/301
|-unboost|p1a: Hidra de Lerma|spa|2
|move|p2a: Aerodactyl|Aerial Ace|p1a: Hidra de Lerma
|-damage|p1a: Hidra de Lerma|3\/325
|
|turn|26
|
|move|p1a: Hidra de Lerma|Draco Meteor|p2a: Aerodactyl
|-damage|p2a: Aerodactyl|3\/301
|-unboost|p1a: Hidra de Lerma|spa|2
|move|p2a: Aerodactyl|Aerial Ace|p1a: Hidra de Lerma
|-damage|p1a: Hidra de Lerma|0 fnt
|faint|p1a: Hidra de Lerma
|
|-message|Heracrabshot forfeited.
|leave|Heracrabshot
|
|win|Donkii
|raw|Ladder updating...
|raw|Heracrabshot's rating: 1298 &rarr; <strong>1269<\/strong><br \/>(-29 for losing)
|raw|Donkii's rating: 1246 &rarr; <strong>1274<\/strong><br \/>(+28 for winning)
|player|p1