|join|antler management
|join|Donkii
|player|p1|antler management|55
|player|p2|Donkii|239
|gametype|singles
|gen|6
|tier|UU
|rated
|rule|Sleep Clause Mod: Limit one foe put to sleep
|rule|Species Clause: Limit one of each Pokémon
|rule|OHKO Clause: OHKO moves are banned
|rule|Moody Clause: Moody is banned
|rule|Evasion Moves Clause: Evasion moves are banned
|rule|Endless Battle Clause: Forcing endless battles is banned
|rule|HP Percentage Mod: HP is shown in percentages
|clearpoke
|poke|p1|Escavalier, M
|poke|p1|Dragalge, M
|poke|p1|Zygarde
|poke|p1|Bronzong, shiny
|poke|p1|Florges, F
|poke|p1|Slowking, M
|poke|p2|Nidoking, M, shiny
|poke|p2|Aerodactyl, M
|poke|p2|Hydreigon, M
|poke|p2|Empoleon, F
|poke|p2|Cofagrigus, M, shiny
|poke|p2|Whimsicott, M
|rule|Swagger Clause: Swagger is banned
|rule|Baton Pass Clause: Limit one Pokémon knowing Baton Pass
|teampreview
|join|SecretlyAnAlt
|
|start
|switch|p1a: Bronzong|Bronzong, shiny|338\/338
|switch|p2a: Hydreigon|Hydreigon, M|325\/325
|turn|1
|
|switch|p2a: Empoleon|Empoleon, F|371\/371
|switch|p1a: Florges|Florges, F|360\/360
|
|turn|2
|
|switch|p1a: Bronzong|Bronzong, shiny|338\/338
|move|p2a: Empoleon|Stealth Rock|p1a: Bronzong
|-sidestart|p1: antler management|move: Stealth Rock
|
|turn|3
|
|move|p2a: Empoleon|Scald|p1a: Bronzong
|-damage|p1a: Bronzong|257\/338
|move|p1a: Bronzong|Stealth Rock|p2a: Empoleon
|-sidestart|p2: Donkii|move: Stealth Rock
|
|-heal|p1a: Bronzong|278\/338|[from] item: Leftovers
|turn|4
|
|switch|p1a: Zygarde|Zygarde|359\/359
|-damage|p1a: Zygarde|337\/359|[from] Stealth Rock
|-ability|p1a: Zygarde|Aura Break
|move|p2a: Empoleon|Defog|p1a: Zygarde
|-unboost|p1a: Zygarde|evasion|1
|-sideend|p1: antler management|Stealth Rock|[from] move: Defog|[of] p1a: Zygarde
|-sideend|p2: Donkii|Stealth Rock|[from] move: Defog|[of] p2a: Empoleon
|
|turn|5
|
|switch|p2a: Whimsicott|Whimsicott, M|261\/261
|move|p1a: Zygarde|Earthquake|p2a: Whimsicott
|-resisted|p2a: Whimsicott
|-damage|p2a: Whimsicott|139\/261
|-damage|p1a: Zygarde|302\/359|[from] item: Life Orb
|
|turn|6
|
|switch|p2a: Cofagrigus|Cofagrigus, M, shiny|319\/319
|switch|p1a: Escavalier|Escavalier, M|341\/341
|
|turn|7
|
|switch|p1a: Dragalge|Dragalge, M|291\/291
|move|p2a: Cofagrigus|Toxic Spikes|p1a: Dragalge
|-sidestart|p1: antler management|move: Toxic Spikes
|
|turn|8
|
|switch|p1a: Bronzong|Bronzong, shiny|278\/338
|switch|p2a: Empoleon|Empoleon, F|371\/371
|
|-heal|p1a: Bronzong|299\/338|[from] item: Leftovers
|turn|9
|
|switch|p1a: Dragalge|Dragalge, M|291\/291
|-sideend|p1: antler management|move: Toxic Spikes|[of] p1a: Dragalge
|move|p2a: Empoleon|Scald|p1a: Dragalge
|-resisted|p1a: Dragalge
|-damage|p1a: Dragalge|246\/291
|-status|p1a: Dragalge|brn
|
|-damage|p1a: Dragalge|210\/291 brn|[from] brn
|turn|10
|
|move|p1a: Dragalge|Draco Meteor|p2a: Empoleon
|-crit|p2a: Empoleon
|-resisted|p2a: Empoleon
|-damage|p2a: Empoleon|85\/371
|-unboost|p1a: Dragalge|spa|2
|move|p2a: Empoleon|Stealth Rock|p1a: Dragalge
|-sidestart|p1: antler management|move: Stealth Rock
|
|-heal|p2a: Empoleon|108\/371|[from] item: Leftovers
|-damage|p1a: Dragalge|174\/291 brn|[from] brn
|turn|11
|
|move|p1a: Dragalge|Draco Meteor|p2a: Empoleon
|-resisted|p2a: Empoleon
|-damage|p2a: Empoleon|11\/371
|-unboost|p1a: Dragalge|spa|2
|move|p2a: Empoleon|Scald|p1a: Dragalge
|-resisted|p1a: Dragalge
|-damage|p1a: Dragalge|113\/291 brn
|
|-heal|p2a: Empoleon|34\/371|[from] item: Leftovers
|-damage|p1a: Dragalge|77\/291 brn|[from] brn
|turn|12
|
|switch|p1a: Bronzong|Bronzong, shiny|299\/338
|-damage|p1a: Bronzong|278\/338|[from] Stealth Rock
|switch|p2a: Whimsicott|Whimsicott, M|139\/261
|
|-heal|p1a: Bronzong|299\/338|[from] item: Leftovers
|turn|13
|
|switch|p2a: Empoleon|Empoleon, F|34\/371
|move|p1a: Bronzong|Stealth Rock|p2a: Empoleon
|-sidestart|p2: Donkii|move: Stealth Rock
|
|-heal|p2a: Empoleon|57\/371|[from] item: Leftovers
|-heal|p1a: Bronzong|320\/338|[from] item: Leftovers
|turn|14
|
|move|p2a: Empoleon|Scald|p1a: Bronzong
|-damage|p1a: Bronzong|193\/338
|move|p1a: Bronzong|Earthquake|p2a: Empoleon
|-supereffective|p2a: Empoleon
|-damage|p2a: Empoleon|0 fnt
|faint|p2a: Empoleon
|
|-heal|p1a: Bronzong|214\/338|[from] item: Leftovers
|
|switch|p2a: Cofagrigus|Cofagrigus, M, shiny|319\/319
|-damage|p2a: Cofagrigus|280\/319|[from] Stealth Rock
|turn|15
|
|move|p2a: Cofagrigus|Shadow Ball|p1a: Bronzong
|-supereffective|p1a: Bronzong
|-damage|p1a: Bronzong|50\/338
|move|p1a: Bronzong|Toxic|p2a: Cofagrigus
|-status|p2a: Cofagrigus|tox
|
|-heal|p2a: Cofagrigus|299\/319 tox|[from] item: Leftovers
|-heal|p1a: Bronzong|71\/338|[from] item: Leftovers
|-damage|p2a: Cofagrigus|280\/319 tox|[from] psn
|turn|16
|
|switch|p1a: Florges|Florges, F|360\/360
|-damage|p1a: Florges|315\/360|[from] Stealth Rock
|move|p2a: Cofagrigus|Toxic Spikes|p1a: Florges
|-sidestart|p1: antler management|move: Toxic Spikes
|
|-heal|p1a: Florges|337\/360|[from] item: Leftovers
|-heal|p2a: Cofagrigus|299\/319 tox|[from] item: Leftovers
|-damage|p2a: Cofagrigus|261\/319 tox|[from] psn
|turn|17
|
|switch|p2a: Nidoking|Nidoking, M, shiny|303\/303
|-damage|p2a: Nidoking|285\/303|[from] Stealth Rock
|move|p1a: Florges|Moonblast|p2a: Nidoking
|-resisted|p2a: Nidoking
|-damage|p2a: Nidoking|202\/303
|-unboost|p2a: Nidoking|spa|1
|
|-heal|p1a: Florges|359\/360|[from] item: Leftovers
|turn|18
|
|move|p1a: Florges|Protect|p1a: Florges
|-singleturn|p1a: Florges|Protect
|move|p2a: Nidoking|Ice Beam|p1a: Florges
|-activate|p1a: Florges|Protect
|
|-heal|p1a: Florges|360\/360|[from] item: Leftovers
|turn|19
|
|move|p2a: Nidoking|Sludge Wave|p1a: Florges
|-supereffective|p1a: Florges
|-damage|p1a: Florges|162\/360
|move|p1a: Florges|Wish|p1a: Florges
|
|-heal|p1a: Florges|184\/360|[from] item: Leftovers
|turn|20
|
|move|p1a: Florges|Protect|p1a: Florges
|-singleturn|p1a: Florges|Protect
|move|p2a: Nidoking|Superpower|p1a: Florges
|-activate|p1a: Florges|Protect
|
|-heal|p1a: Florges|360\/360|[from] move: Wish|[wisher] Florges
|turn|21
|
|switch|p1a: Bronzong|Bronzong, shiny|71\/338
|-damage|p1a: Bronzong|50\/338|[from] Stealth Rock
|move|p2a: Nidoking|Sludge Wave|p1a: Bronzong
|-immune|p1a: Bronzong|[msg]
|
|-heal|p1a: Bronzong|71\/338|[from] item: Leftovers
|turn|22
|join|La Grenouille
|
|move|p2a: Nidoking|Superpower|p1a: Bronzong
|-damage|p1a: Bronzong|0 fnt
|-unboost|p2a: Nidoking|atk|1
|-unboost|p2a: Nidoking|def|1
|-damage|p2a: Nidoking|172\/303|[from] item: Life Orb
|faint|p1a: Bronzong
|
|
|switch|p1a: Dragalge|Dragalge, M|77\/291 brn
|-damage|p1a: Dragalge|41\/291 brn|[from] Stealth Rock
|-sideend|p1: antler management|move: Toxic Spikes|[of] p1a: Dragalge
|turn|23
|
|switch|p2a: Aerodactyl|Aerodactyl, M|301\/301
|-damage|p2a: Aerodactyl|226\/301|[from] Stealth Rock
|-ability|p2a: Aerodactyl|Unnerve|p1: antler management
|switch|p1a: Slowking|Slowking, M|394\/394
|-damage|p1a: Slowking|345\/394|[from] Stealth Rock
|
|-heal|p1a: Slowking|369\/394|[from] item: Leftovers
|turn|24
|
|switch|p2a: Hydreigon|Hydreigon, M|325\/325
|-damage|p2a: Hydreigon|285\/325|[from] Stealth Rock
|move|p1a: Slowking|Scald|p2a: Hydreigon
|-resisted|p2a: Hydreigon
|-damage|p2a: Hydreigon|217\/325
|
|-heal|p1a: Slowking|393\/394|[from] item: Leftovers
|turn|25
|
|switch|p1a: Florges|Florges, F|360\/360
|-damage|p1a: Florges|315\/360|[from] Stealth Rock
|move|p2a: Hydreigon|Dark Pulse|p1a: Florges
|-resisted|p1a: Florges
|-damage|p1a: Florges|276\/360
|
|-heal|p1a: Florges|298\/360|[from] item: Leftovers
|turn|26
|
|switch|p2a: Nidoking|Nidoking, M, shiny|172\/303
|-damage|p2a: Nidoking|154\/303|[from] Stealth Rock
|move|p1a: Florges|Moonblast|p2a: Nidoking
|-resisted|p2a: Nidoking
|-damage|p2a: Nidoking|74\/303
|
|-heal|p1a: Florges|320\/360|[from] item: Leftovers
|turn|27
|
|move|p1a: Florges|Protect|p1a: Florges
|-singleturn|p1a: Florges|Protect
|move|p2a: Nidoking|Sludge Wave|p1a: Florges
|-activate|p1a: Florges|Protect
|
|-heal|p1a: Florges|342\/360|[from] item: Leftovers
|turn|28
|
|switch|p1a: Dragalge|Dragalge, M|41\/291 brn
|-damage|p1a: Dragalge|5\/291 brn|[from] Stealth Rock
|move|p2a: Nidoking|Sludge Wave|p1a: Dragalge
|-resisted|p1a: Dragalge
|-damage|p1a: Dragalge|0 fnt
|faint|p1a: Dragalge
|
|
|switch|p1a: Slowking|Slowking, M|394\/394
|-damage|p1a: Slowking|345\/394|[from] Stealth Rock
|turn|29
|
|move|p2a: Nidoking|Sludge Wave|p1a: Slowking
|-damage|p1a: Slowking|142\/394
|move|p1a: Slowking|Trick Room|p1a: Slowking
|-fieldstart|move: Trick Room|[of] p1a: Slowking
|
|-heal|p1a: Slowking|166\/394|[from] item: Leftovers
|turn|30
|
|switch|p2a: Hydreigon|Hydreigon, M|217\/325
|-damage|p2a: Hydreigon|177\/325|[from] Stealth Rock
|move|p1a: Slowking|Scald|p2a: Hydreigon
|-resisted|p2a: Hydreigon
|-damage|p2a: Hydreigon|105\/325
|
|-heal|p1a: Slowking|190\/394|[from] item: Leftovers
|turn|31
|
|switch|p1a: Florges|Florges, F|342\/360
|-damage|p1a: Florges|297\/360|[from] Stealth Rock
|move|p2a: Hydreigon|Dark Pulse|p1a: Florges
|-resisted|p1a: Florges
|-damage|p1a: Florges|253\/360
|
|-heal|p1a: Florges|275\/360|[from] item: Leftovers
|turn|32
|
|move|p1a: Florges|Moonblast|p2a: Hydreigon
|-supereffective|p2a: Hydreigon
|-damage|p2a: Hydreigon|0 fnt
|faint|p2a: Hydreigon
|
|-heal|p1a: Florges|297\/360|[from] item: Leftovers
|
|switch|p2a: Cofagrigus|Cofagrigus, M, shiny|261\/319 tox
|-damage|p2a: Cofagrigus|222\/319 tox|[from] Stealth Rock
|turn|33
|
|move|p2a: Cofagrigus|Toxic Spikes|p1a: Florges
|-sidestart|p1: antler management|move: Toxic Spikes
|move|p1a: Florges|Moonblast|p2a: Cofagrigus
|-damage|p2a: Cofagrigus|105\/319 tox
|-unboost|p2a: Cofagrigus|spa|1
|
|-heal|p2a: Cofagrigus|124\/319 tox|[from] item: Leftovers
|-heal|p1a: Florges|319\/360|[from] item: Leftovers
|-damage|p2a: Cofagrigus|105\/319 tox|[from] psn
|-fieldend|move: Trick Room
|turn|34
|
|move|p1a: Florges|Moonblast|p2a: Cofagrigus
|-damage|p2a: Cofagrigus|0 fnt
|faint|p2a: Cofagrigus
|
|-heal|p1a: Florges|341\/360|[from] item: Leftovers
|
|switch|p2a: Nidoking|Nidoking, M, shiny|74\/303
|-damage|p2a: Nidoking|56\/303|[from] Stealth Rock
|turn|35
|
|move|p2a: Nidoking|Sludge Wave|p1a: Florges
|-supereffective|p1a: Florges
|-damage|p1a: Florges|60\/360
|move|p1a: Florges|Moonblast|p2a: Nidoking
|-resisted|p2a: Nidoking
|-damage|p2a: Nidoking|0 fnt
|faint|p2a: Nidoking
|
|-heal|p1a: Florges|82\/360|[from] item: Leftovers
|
|switch|p2a: Whimsicott|Whimsicott, M|139\/261
|-damage|p2a: Whimsicott|107\/261|[from] Stealth Rock
|turn|36
|
|move|p2a: Whimsicott|Moonblast|p1a: Florges
|-damage|p1a: Florges|0 fnt
|-damage|p2a: Whimsicott|81\/261|[from] item: Life Orb
|faint|p1a: Florges
|
|
|switch|p1a: Zygarde|Zygarde|302\/359
|-status|p1a: Zygarde|psn
|-damage|p1a: Zygarde|280\/359 psn|[from] Stealth Rock
|-ability|p1a: Zygarde|Aura Break
|turn|37
|
|move|p1a: Zygarde|Extreme Speed|p2a: Whimsicott
|-damage|p2a: Whimsicott|0 fnt
|-damage|p1a: Zygarde|245\/359 psn|[from] item: Life Orb
|faint|p2a: Whimsicott
|
|-damage|p1a: Zygarde|201\/359 psn|[from] psn
|
|switch|p2a: Aerodactyl|Aerodactyl, M|226\/301
|-damage|p2a: Aerodactyl|151\/301|[from] Stealth Rock
|-ability|p2a: Aerodactyl|Unnerve|p1: antler management
|turn|38
|
|detailschange|p2a: Aerodactyl|Aerodactyl-Mega, M
|-mega|p2a: Aerodactyl|Aerodactyl|Aerodactylite
|move|p2a: Aerodactyl|Aerial Ace|p1a: Zygarde
|-damage|p1a: Zygarde|83\/359 psn
|move|p1a: Zygarde|Outrage|p2a: Aerodactyl
|-damage|p2a: Aerodactyl|0 fnt
|-damage|p1a: Zygarde|48\/359 psn|[from] item: Life Orb
|faint|p2a: Aerodactyl
|
|win|antler management
|raw|Ladder updating...
|raw|antler management's rating: 1499 &rarr; <strong>1514<\/strong><br \/>(+15 for winning)
|raw|Donkii's rating: 1421 &rarr; <strong>1405<\/strong><br \/>(-16 for losing)
|leave|antler management
|player|p1
|leave|La Grenouille
|leave|SecretlyAnAlt