|join|DONKII
|join|Orbital Pacman
|player|p1|DONKII|239
|player|p2|Orbital Pacman|248
|gametype|singles
|gen|6
|tier|UU
|rated
|rule|Sleep Clause Mod: Limit one foe put to sleep
|rule|Species Clause: Limit one of each Pokémon
|rule|OHKO Clause: OHKO moves are banned
|rule|Moody Clause: Moody is banned
|rule|Evasion Moves Clause: Evasion moves are banned
|rule|Endless Battle Clause: Forcing endless battles is banned
|rule|HP Percentage Mod: HP is shown in percentages
|clearpoke
|poke|p1|Nidoking, M, shiny
|poke|p1|Aerodactyl, M
|poke|p1|Hydreigon, M
|poke|p1|Empoleon, F
|poke|p1|Cofagrigus, M, shiny
|poke|p1|Whimsicott, M
|poke|p2|Glalie, F
|poke|p2|Empoleon, F
|poke|p2|Gligar, F
|poke|p2|Entei, shiny
|poke|p2|Chesnaught, M
|poke|p2|Rotom-Mow
|rule|Swagger Clause: Swagger is banned
|rule|Baton Pass Clause: Limit one Pokémon knowing Baton Pass
|teampreview
|
|start
|switch|p1a: Cofagrigus|Cofagrigus, M, shiny|319\/319
|switch|p2a: Empoleon|Empoleon, F|372\/372
|turn|1
|
|move|p2a: Empoleon|Toxic|p1a: Cofagrigus
|-status|p1a: Cofagrigus|tox
|move|p1a: Cofagrigus|Will-O-Wisp|p2a: Empoleon
|-status|p2a: Empoleon|brn
|
|-damage|p2a: Empoleon|326\/372 brn|[from] brn
|-damage|p1a: Cofagrigus|300\/319 tox|[from] psn
|turn|2
|
|move|p2a: Empoleon|Scald|p1a: Cofagrigus
|-damage|p1a: Cofagrigus|206\/319 tox
|move|p1a: Cofagrigus|Toxic Spikes|p2a: Empoleon
|-sidestart|p2: Orbital Pacman|move: Toxic Spikes
|
|-heal|p2a: Empoleon|349\/372 brn|[from] item: Leftovers
|-heal|p1a: Cofagrigus|225\/319 tox|[from] item: Leftovers
|-damage|p2a: Empoleon|303\/372 brn|[from] brn
|-damage|p1a: Cofagrigus|187\/319 tox|[from] psn
|turn|3
|
|switch|p1a: Empoleon|Empoleon, F|371\/371
|move|p2a: Empoleon|Defog|p1a: Empoleon
|-unboost|p1a: Empoleon|evasion|1
|-sideend|p2: Orbital Pacman|Toxic Spikes|[from] move: Defog|[of] p2a: Empoleon
|
|-heal|p2a: Empoleon|326\/372 brn|[from] item: Leftovers
|-damage|p2a: Empoleon|280\/372 brn|[from] brn
|turn|4
|
|move|p1a: Empoleon|Stealth Rock|p2a: Empoleon
|-sidestart|p2: Orbital Pacman|move: Stealth Rock
|move|p2a: Empoleon|Scald|p1a: Empoleon
|-resisted|p1a: Empoleon
|-damage|p1a: Empoleon|326\/371
|
|-heal|p1a: Empoleon|349\/371|[from] item: Leftovers
|-heal|p2a: Empoleon|303\/372 brn|[from] item: Leftovers
|-damage|p2a: Empoleon|257\/372 brn|[from] brn
|turn|5
|
|move|p1a: Empoleon|Scald|p2a: Empoleon
|-crit|p2a: Empoleon
|-resisted|p2a: Empoleon
|-damage|p2a: Empoleon|205\/372 brn
|move|p2a: Empoleon|Defog|p1a: Empoleon
|-unboost|p1a: Empoleon|evasion|1
|-sideend|p2: Orbital Pacman|Stealth Rock|[from] move: Defog|[of] p2a: Empoleon
|
|-heal|p1a: Empoleon|371\/371|[from] item: Leftovers
|-heal|p2a: Empoleon|228\/372 brn|[from] item: Leftovers
|-damage|p2a: Empoleon|182\/372 brn|[from] brn
|turn|6
|
|move|p2a: Empoleon|Scald|p1a: Empoleon
|-resisted|p1a: Empoleon
|-damage|p1a: Empoleon|329\/371
|move|p1a: Empoleon|Stealth Rock|p2a: Empoleon
|-sidestart|p2: Orbital Pacman|move: Stealth Rock
|
|-heal|p2a: Empoleon|205\/372 brn|[from] item: Leftovers
|-heal|p1a: Empoleon|352\/371|[from] item: Leftovers
|-damage|p2a: Empoleon|159\/372 brn|[from] brn
|turn|7
|
|switch|p1a: Nidoking|Nidoking, M, shiny|303\/303
|move|p2a: Empoleon|Scald|p1a: Nidoking
|-supereffective|p1a: Nidoking
|-damage|p1a: Nidoking|45\/303
|
|-heal|p2a: Empoleon|182\/372 brn|[from] item: Leftovers
|-damage|p2a: Empoleon|136\/372 brn|[from] brn
|turn|8
|
|switch|p2a: Rotom-Mow|Rotom-Mow|241\/241
|-damage|p2a: Rotom-Mow|211\/241|[from] Stealth Rock
|move|p1a: Nidoking|Earth Power|p2a: Rotom-Mow
|-immune|p2a: Rotom-Mow|[msg]
|
|turn|9
|
|switch|p1a: Hydreigon|Hydreigon, M|325\/325
|move|p2a: Rotom-Mow|Leaf Storm|p1a: Hydreigon
|-resisted|p1a: Hydreigon
|-damage|p1a: Hydreigon|211\/325
|-unboost|p2a: Rotom-Mow|spa|2
|
|turn|10
|
|switch|p2a: Gligar|Gligar, F|333\/333
|-damage|p2a: Gligar|292\/333|[from] Stealth Rock
|move|p1a: Hydreigon|Dark Pulse|p2a: Gligar
|-damage|p2a: Gligar|204\/333
|
|turn|11
|
|move|p1a: Hydreigon|Taunt|p2a: Gligar
|-start|p2a: Gligar|move: Taunt
|move|p2a: Gligar|U-turn|p1a: Hydreigon
|-supereffective|p1a: Hydreigon
|-damage|p1a: Hydreigon|121\/325
|
|switch|p2a: Glalie|Glalie, F|301\/301
|-damage|p2a: Glalie|226\/301|[from] Stealth Rock
|
|turn|12
|
|switch|p1a: Cofagrigus|Cofagrigus, M, shiny|187\/319 tox
|detailschange|p2a: Glalie|Glalie-Mega, F
|-mega|p2a: Glalie|Glalie|Glalitite
|move|p2a: Glalie|Ice Shard|p1a: Cofagrigus
|-damage|p1a: Cofagrigus|141\/319 tox
|
|-heal|p1a: Cofagrigus|160\/319 tox|[from] item: Leftovers
|-damage|p1a: Cofagrigus|141\/319 tox|[from] psn
|turn|13
|
|switch|p2a: Empoleon|Empoleon, F|136\/372 brn
|-damage|p2a: Empoleon|113\/372 brn|[from] Stealth Rock
|move|p1a: Cofagrigus|Will-O-Wisp|p2a: Empoleon|[miss]
|-miss|p1a: Cofagrigus|p2a: Empoleon
|
|-heal|p2a: Empoleon|136\/372 brn|[from] item: Leftovers
|-heal|p1a: Cofagrigus|160\/319 tox|[from] item: Leftovers
|-damage|p2a: Empoleon|90\/372 brn|[from] brn
|-damage|p1a: Cofagrigus|122\/319 tox|[from] psn
|turn|14
|
|move|p2a: Empoleon|Defog|p1a: Cofagrigus
|-unboost|p1a: Cofagrigus|evasion|1
|-sideend|p2: Orbital Pacman|Stealth Rock|[from] move: Defog|[of] p2a: Empoleon
|move|p1a: Cofagrigus|Toxic Spikes|p2a: Empoleon
|-sidestart|p2: Orbital Pacman|move: Toxic Spikes
|
|-heal|p2a: Empoleon|113\/372 brn|[from] item: Leftovers
|-heal|p1a: Cofagrigus|141\/319 tox|[from] item: Leftovers
|-damage|p2a: Empoleon|67\/372 brn|[from] brn
|-damage|p1a: Cofagrigus|84\/319 tox|[from] psn
|turn|15
|
|move|p2a: Empoleon|Defog|p1a: Cofagrigus
|-unboost|p1a: Cofagrigus|evasion|1
|-sideend|p2: Orbital Pacman|Toxic Spikes|[from] move: Defog|[of] p2a: Empoleon
|move|p1a: Cofagrigus|Toxic Spikes|p2a: Empoleon
|-sidestart|p2: Orbital Pacman|move: Toxic Spikes
|
|-heal|p2a: Empoleon|90\/372 brn|[from] item: Leftovers
|-heal|p1a: Cofagrigus|103\/319 tox|[from] item: Leftovers
|-damage|p2a: Empoleon|44\/372 brn|[from] brn
|-damage|p1a: Cofagrigus|27\/319 tox|[from] psn
|turn|16
|
|move|p2a: Empoleon|Defog|p1a: Cofagrigus
|-unboost|p1a: Cofagrigus|evasion|1
|-sideend|p2: Orbital Pacman|Toxic Spikes|[from] move: Defog|[of] p2a: Empoleon
|move|p1a: Cofagrigus|Toxic Spikes|p2a: Empoleon
|-sidestart|p2: Orbital Pacman|move: Toxic Spikes
|
|-heal|p2a: Empoleon|67\/372 brn|[from] item: Leftovers
|-heal|p1a: Cofagrigus|46\/319 tox|[from] item: Leftovers
|-damage|p2a: Empoleon|21\/372 brn|[from] brn
|-damage|p1a: Cofagrigus|0 fnt|[from] psn
|faint|p1a: Cofagrigus
|
|switch|p1a: Aerodactyl|Aerodactyl, M|301\/301
|-ability|p1a: Aerodactyl|Unnerve|p2: Orbital Pacman
|turn|17
|
|detailschange|p1a: Aerodactyl|Aerodactyl-Mega, M
|-mega|p1a: Aerodactyl|Aerodactyl|Aerodactylite
|move|p1a: Aerodactyl|Aerial Ace|p2a: Empoleon
|-resisted|p2a: Empoleon
|-damage|p2a: Empoleon|0 fnt
|faint|p2a: Empoleon
|
|
|switch|p2a: Gligar|Gligar, F|204\/333
|turn|18
|
|move|p1a: Aerodactyl|Taunt|p2a: Gligar
|-start|p2a: Gligar|move: Taunt
|cant|p2a: Gligar|move: Taunt|Stealth Rock
|
|turn|19
|
|move|p1a: Aerodactyl|Aerial Ace|p2a: Gligar
|-damage|p2a: Gligar|119\/333
|move|p2a: Gligar|U-turn|p1a: Aerodactyl
|-resisted|p1a: Aerodactyl
|-damage|p1a: Aerodactyl|277\/301
|
|switch|p2a: Rotom-Mow|Rotom-Mow|211\/241
|
|turn|20
|
|switch|p1a: Hydreigon|Hydreigon, M|121\/325
|move|p2a: Rotom-Mow|Leaf Storm|p1a: Hydreigon
|-resisted|p1a: Hydreigon
|-damage|p1a: Hydreigon|13\/325
|-unboost|p2a: Rotom-Mow|spa|2
|
|turn|21
|
|move|p2a: Rotom-Mow|Leaf Storm|p1a: Hydreigon
|-resisted|p1a: Hydreigon
|-damage|p1a: Hydreigon|0 fnt
|-unboost|p2a: Rotom-Mow|spa|2
|faint|p1a: Hydreigon
|
|
|switch|p1a: Empoleon|Empoleon, F|352\/371
|turn|22
|
|switch|p2a: Gligar|Gligar, F|119\/333
|move|p1a: Empoleon|Toxic|p2a: Gligar
|-fail|p2a: Gligar
|
|-heal|p1a: Empoleon|371\/371|[from] item: Leftovers
|turn|23
|
|move|p2a: Gligar|Stealth Rock|p1a: Empoleon
|-sidestart|p1: DONKII|move: Stealth Rock
|move|p1a: Empoleon|Scald|p2a: Gligar
|-supereffective|p2a: Gligar
|-damage|p2a: Gligar|0 fnt
|faint|p2a: Gligar
|
|
|switch|p2a: Entei|Entei, shiny|371\/371
|-status|p2a: Entei|psn
|-ability|p2a: Entei|Pressure
|turn|24
|
|move|p2a: Entei|Sacred Fire|p1a: Empoleon
|-crit|p1a: Empoleon
|-damage|p1a: Empoleon|66\/371
|-status|p1a: Empoleon|brn
|-damage|p2a: Entei|334\/371 psn|[from] item: Life Orb
|move|p1a: Empoleon|Scald|p2a: Entei
|-supereffective|p2a: Entei
|-damage|p2a: Entei|0 fnt
|faint|p2a: Entei
|
|-heal|p1a: Empoleon|89\/371 brn|[from] item: Leftovers
|-damage|p1a: Empoleon|43\/371 brn|[from] brn
|
|switch|p2a: Glalie|Glalie-Mega, F|226\/301
|-status|p2a: Glalie|psn
|turn|25
|
|move|p2a: Glalie|Earthquake|p1a: Empoleon
|-supereffective|p1a: Empoleon
|-damage|p1a: Empoleon|0 fnt
|faint|p1a: Empoleon
|
|-damage|p2a: Glalie|189\/301 psn|[from] psn
|
|switch|p1a: Aerodactyl|Aerodactyl-Mega, M|277\/301
|-damage|p1a: Aerodactyl|202\/301|[from] Stealth Rock
|turn|26
|
|switch|p2a: Chesnaught|Chesnaught, M|380\/380
|-status|p2a: Chesnaught|psn
|move|p1a: Aerodactyl|Aerial Ace|p2a: Chesnaught
|-supereffective|p2a: Chesnaught
|-damage|p2a: Chesnaught|16\/380 psn
|
|-heal|p2a: Chesnaught|39\/380 psn|[from] item: Leftovers
|-damage|p2a: Chesnaught|0 fnt|[from] psn
|faint|p2a: Chesnaught
|
|switch|p2a: Rotom-Mow|Rotom-Mow|211\/241
|turn|27
|
|move|p2a: Rotom-Mow|Leaf Storm|p1a: Aerodactyl
|-damage|p1a: Aerodactyl|6\/301
|-unboost|p2a: Rotom-Mow|spa|2
|move|p1a: Aerodactyl|Aerial Ace|p2a: Rotom-Mow
|-damage|p2a: Rotom-Mow|60\/241
|
|turn|28
|
|move|p2a: Rotom-Mow|Leaf Storm|p1a: Aerodactyl
|-damage|p1a: Aerodactyl|0 fnt
|-unboost|p2a: Rotom-Mow|spa|2
|faint|p1a: Aerodactyl
|
|
|switch|p1a: Whimsicott|Whimsicott, M|261\/261
|-damage|p1a: Whimsicott|229\/261|[from] Stealth Rock
|turn|29
|
|move|p2a: Rotom-Mow|Leaf Storm|p1a: Whimsicott
|-resisted|p1a: Whimsicott
|-damage|p1a: Whimsicott|187\/261
|-unboost|p2a: Rotom-Mow|spa|2
|move|p1a: Whimsicott|Moonblast|p2a: Rotom-Mow
|-damage|p2a: Rotom-Mow|0 fnt
|-damage|p1a: Whimsicott|161\/261|[from] item: Life Orb
|faint|p2a: Rotom-Mow
|
|
|switch|p2a: Glalie|Glalie-Mega, F|189\/301 psn
|turn|30
|c|★DONKII|uch should've sacked nido to leaf storm first-.-'
|c|★Orbital Pacman|dude
|c|★Orbital Pacman|it comes down to a roll now
|c|★Orbital Pacman|252+ Atk Mega Glalie Ice Shard vs. 0 HP \/ 4 Def Whimsicott: 156-186 (59.7 - 71.2%) -- guaranteed 2HKO
|c|★DONKII|ya i know:p
|c|★DONKII|you got this;p
|c|★Orbital Pacman|let's go
|
|move|p2a: Glalie|Ice Shard|p1a: Whimsicott
|-supereffective|p1a: Whimsicott
|-damage|p1a: Whimsicott|0 fnt
|faint|p1a: Whimsicott
|
|-damage|p2a: Glalie|152\/301 psn|[from] psn
|c|★Orbital Pacman|gg
|c|★DONKII|gg
|c|★DONKII|I misplayed in the end:p
|c|★Orbital Pacman|yeah
|c|★Orbital Pacman|happens a lot for me
|
|switch|p1a: Nidoking|Nidoking, M, shiny|45\/303
|-damage|p1a: Nidoking|27\/303|[from] Stealth Rock
|turn|31
|c|★DONKII|I realized as soon as i clicked
|
|move|p2a: Glalie|Ice Shard|p1a: Nidoking
|-supereffective|p1a: Nidoking
|-damage|p1a: Nidoking|0 fnt
|faint|p1a: Nidoking
|
|win|Orbital Pacman
|raw|Ladder updating...
|c|★DONKII|gg
|raw|DONKII's rating: 1323 &rarr; <strong>1295<\/strong><br \/>(-28 for losing)
|raw|Orbital Pacman's rating: 1191 &rarr; <strong>1225<\/strong><br \/>(+34 for winning)
|leave|DONKII
|c|★Orbital Pacman|gg