|join|donkii
|join|CrackRSCA
|player|p1|donkii|239
|player|p2|CrackRSCA|170
|gametype|singles
|gen|6
|tier|UU
|rated
|rule|Sleep Clause Mod: Limit one foe put to sleep
|rule|Species Clause: Limit one of each Pokémon
|rule|OHKO Clause: OHKO moves are banned
|rule|Moody Clause: Moody is banned
|rule|Evasion Moves Clause: Evasion moves are banned
|rule|Endless Battle Clause: Forcing endless battles is banned
|rule|HP Percentage Mod: HP is shown in percentages
|clearpoke
|poke|p1|Nidoking, M, shiny
|poke|p1|Aerodactyl, M
|poke|p1|Hydreigon, F
|poke|p1|Empoleon, M
|poke|p1|Cofagrigus, M, shiny
|poke|p1|Whimsicott, M
|poke|p2|Mienshao, M, shiny
|poke|p2|Donphan, F
|poke|p2|Espeon, M
|poke|p2|Florges, F
|poke|p2|Scrafty, M
|poke|p2|Crobat, M
|rule|Swagger Clause: Swagger is banned
|rule|Baton Pass Clause: Limit one Pokémon knowing Baton Pass
|teampreview
|
|start
|switch|p1a: Cofagrigus|Cofagrigus, M, shiny|319\/319
|switch|p2a: Donphan|Donphan, F|384\/384
|turn|1
|
|move|p2a: Donphan|Stealth Rock|p1a: Cofagrigus
|-sidestart|p1: donkii|move: Stealth Rock
|move|p1a: Cofagrigus|Shadow Ball|p2a: Donphan
|-damage|p2a: Donphan|245\/384
|
|-heal|p2a: Donphan|269\/384|[from] item: Leftovers
|turn|2
|
|switch|p2a: Scrafty|Scrafty, M|333\/333
|-ability|p2a: Scrafty|Intimidate|[of] p1a: Cofagrigus
|-unboost|p1a: Cofagrigus|atk|1
|move|p1a: Cofagrigus|Toxic Spikes|p2a: Scrafty
|-sidestart|p2: CrackRSCA|move: Toxic Spikes
|
|turn|3
|
|switch|p1a: Whimsicott|Whimsicott, M|261\/261
|-damage|p1a: Whimsicott|229\/261|[from] Stealth Rock
|move|p2a: Scrafty|Knock Off|p1a: Whimsicott
|-resisted|p1a: Whimsicott
|-damage|p1a: Whimsicott|157\/261
|-enditem|p1a: Whimsicott|Life Orb|[from] move: Knock Off|[of] p2a: Scrafty
|
|turn|4
|
|move|p1a: Whimsicott|Leech Seed|p2a: Scrafty
|-start|p2a: Scrafty|move: Leech Seed
|move|p2a: Scrafty|Ice Punch|p1a: Whimsicott
|-supereffective|p1a: Whimsicott
|-damage|p1a: Whimsicott|0 fnt
|faint|p1a: Whimsicott
|
|
|switch|p1a: Aerodactyl|Aerodactyl, M|301\/301
|-damage|p1a: Aerodactyl|226\/301|[from] Stealth Rock
|-ability|p1a: Aerodactyl|Unnerve|p2: CrackRSCA
|turn|5
|
|switch|p2a: Donphan|Donphan, F|269\/384
|-status|p2a: Donphan|psn
|detailschange|p1a: Aerodactyl|Aerodactyl-Mega, M
|-mega|p1a: Aerodactyl|Aerodactyl|Aerodactylite
|move|p1a: Aerodactyl|Aerial Ace|p2a: Donphan
|-damage|p2a: Donphan|163\/384 psn
|
|-heal|p2a: Donphan|187\/384 psn|[from] item: Leftovers
|-damage|p2a: Donphan|139\/384 psn|[from] psn
|turn|6
|
|switch|p1a: Cofagrigus|Cofagrigus, M, shiny|319\/319
|-damage|p1a: Cofagrigus|280\/319|[from] Stealth Rock
|move|p2a: Donphan|Rapid Spin|p1a: Cofagrigus
|-immune|p1a: Cofagrigus|[msg]
|
|-heal|p2a: Donphan|163\/384 psn|[from] item: Leftovers
|-heal|p1a: Cofagrigus|299\/319|[from] item: Leftovers
|-damage|p2a: Donphan|115\/384 psn|[from] psn
|turn|7
|
|switch|p2a: Florges|Florges, F|360\/360
|-status|p2a: Florges|psn
|move|p1a: Cofagrigus|Shadow Ball|p2a: Florges
|-damage|p2a: Florges|305\/360 psn
|
|-heal|p2a: Florges|327\/360 psn|[from] item: Leftovers
|-heal|p1a: Cofagrigus|318\/319|[from] item: Leftovers
|-damage|p2a: Florges|282\/360 psn|[from] psn
|turn|8
|
|switch|p1a: Nidoking|Nidoking, M, shiny|303\/303
|-damage|p1a: Nidoking|285\/303|[from] Stealth Rock
|move|p2a: Florges|Aromatherapy|p2a: Florges
|-cureteam|p2a: Florges|[from] move: Aromatherapy
|
|-heal|p2a: Florges|304\/360|[from] item: Leftovers
|turn|9
|
|switch|p2a: Crobat|Crobat, M|311\/311
|move|p1a: Nidoking|Sludge Wave|p2a: Crobat
|-resisted|p2a: Crobat
|-damage|p2a: Crobat|163\/311
|
|turn|10
|
|switch|p1a: Empoleon|Empoleon, M|371\/371
|-damage|p1a: Empoleon|348\/371|[from] Stealth Rock
|move|p2a: Crobat|U-turn|p1a: Empoleon
|-crit|p1a: Empoleon
|-resisted|p1a: Empoleon
|-damage|p1a: Empoleon|305\/371
|
|switch|p2a: Mienshao|Mienshao, M, shiny|271\/271
|-status|p2a: Mienshao|psn
|
|-heal|p1a: Empoleon|328\/371|[from] item: Leftovers
|-damage|p2a: Mienshao|238\/271 psn|[from] psn
|turn|11
|
|switch|p1a: Cofagrigus|Cofagrigus, M, shiny|318\/319
|-damage|p1a: Cofagrigus|279\/319|[from] Stealth Rock
|move|p2a: Mienshao|High Jump Kick|p1a: Cofagrigus
|-immune|p1a: Cofagrigus|[msg]
|-damage|p2a: Mienshao|103\/271 psn|[from] highjumpkick
|
|-heal|p1a: Cofagrigus|298\/319|[from] item: Leftovers
|-damage|p2a: Mienshao|70\/271 psn|[from] psn
|turn|12
|
|switch|p1a: Empoleon|Empoleon, M|328\/371
|-damage|p1a: Empoleon|305\/371|[from] Stealth Rock
|move|p2a: Mienshao|U-turn|p1a: Empoleon
|-resisted|p1a: Empoleon
|-damage|p1a: Empoleon|258\/371
|-damage|p2a: Mienshao|43\/271 psn|[from] item: Life Orb
|
|switch|p2a: Donphan|Donphan, F|115\/384
|-status|p2a: Donphan|psn
|
|-heal|p1a: Empoleon|281\/371|[from] item: Leftovers
|-heal|p2a: Donphan|139\/384 psn|[from] item: Leftovers
|-damage|p2a: Donphan|91\/384 psn|[from] psn
|turn|13
|
|move|p1a: Empoleon|Scald|p2a: Donphan
|-supereffective|p2a: Donphan
|-damage|p2a: Donphan|0 fnt
|faint|p2a: Donphan
|
|-heal|p1a: Empoleon|304\/371|[from] item: Leftovers
|
|switch|p2a: Scrafty|Scrafty, M|333\/333
|-status|p2a: Scrafty|psn
|-ability|p2a: Scrafty|Intimidate|[of] p1a: Empoleon
|-unboost|p1a: Empoleon|atk|1
|turn|14
|
|move|p1a: Empoleon|Scald|p2a: Scrafty
|-crit|p2a: Scrafty
|-damage|p2a: Scrafty|248\/333 psn
|move|p2a: Scrafty|Knock Off|p1a: Empoleon
|-damage|p1a: Empoleon|186\/371
|-enditem|p1a: Empoleon|Leftovers|[from] move: Knock Off|[of] p2a: Scrafty
|
|-damage|p2a: Scrafty|207\/333 psn|[from] psn
|turn|15
|
|switch|p1a: Nidoking|Nidoking, M, shiny|285\/303
|-damage|p1a: Nidoking|267\/303|[from] Stealth Rock
|move|p2a: Scrafty|Drain Punch|p1a: Nidoking
|-resisted|p1a: Nidoking
|-damage|p1a: Nidoking|191\/303
|-heal|p2a: Scrafty|245\/333 psn|[from] drain|[of] p1a: Nidoking
|
|-damage|p2a: Scrafty|204\/333 psn|[from] psn
|turn|16
|
|switch|p1a: Empoleon|Empoleon, M|186\/371
|-damage|p1a: Empoleon|163\/371|[from] Stealth Rock
|move|p2a: Scrafty|Ice Punch|p1a: Empoleon
|-resisted|p1a: Empoleon
|-damage|p1a: Empoleon|148\/371
|
|-damage|p2a: Scrafty|163\/333 psn|[from] psn
|turn|17
|
|move|p1a: Empoleon|Scald|p2a: Scrafty
|-damage|p2a: Scrafty|97\/333 psn
|move|p2a: Scrafty|Drain Punch|p1a: Empoleon
|-supereffective|p1a: Empoleon
|-damage|p1a: Empoleon|0 fnt
|-heal|p2a: Scrafty|171\/333 psn|[from] drain|[of] p1a: Empoleon
|faint|p1a: Empoleon
|
|-damage|p2a: Scrafty|130\/333 psn|[from] psn
|
|switch|p1a: Nidoking|Nidoking, M, shiny|191\/303
|-damage|p1a: Nidoking|173\/303|[from] Stealth Rock
|turn|18
|
|move|p1a: Nidoking|Sludge Wave|p2a: Scrafty
|-damage|p2a: Scrafty|0 fnt
|faint|p2a: Scrafty
|
|
|switch|p2a: Mienshao|Mienshao, M, shiny|133\/271 psn
|turn|19
|
|switch|p1a: Hydreigon|Hydreigon, F|325\/325
|-damage|p1a: Hydreigon|285\/325|[from] Stealth Rock
|move|p2a: Mienshao|U-turn|p1a: Hydreigon
|-supereffective|p1a: Hydreigon
|-damage|p1a: Hydreigon|43\/325
|-damage|p2a: Mienshao|106\/271 psn|[from] item: Life Orb
|
|switch|p2a: Crobat|Crobat, M|163\/311
|
|turn|20
|
|move|p2a: Crobat|U-turn|p1a: Hydreigon
|-supereffective|p1a: Hydreigon
|-damage|p1a: Hydreigon|0 fnt
|faint|p1a: Hydreigon
|
|switch|p2a: Florges|Florges, F|304\/360
|-status|p2a: Florges|psn
|
|-heal|p2a: Florges|326\/360 psn|[from] item: Leftovers
|-damage|p2a: Florges|281\/360 psn|[from] psn
|
|switch|p1a: Nidoking|Nidoking, M, shiny|173\/303
|-damage|p1a: Nidoking|155\/303|[from] Stealth Rock
|turn|21
|
|move|p1a: Nidoking|Sludge Wave|p2a: Florges
|-supereffective|p2a: Florges
|-damage|p2a: Florges|5\/360 psn
|move|p2a: Florges|Wish|p2a: Florges
|
|-heal|p2a: Florges|27\/360 psn|[from] item: Leftovers
|-damage|p2a: Florges|0 fnt|[from] psn
|faint|p2a: Florges
|
|switch|p2a: Crobat|Crobat, M|163\/311
|turn|22
|
|move|p2a: Crobat|Brave Bird|p1a: Nidoking
|-crit|p1a: Nidoking
|-damage|p1a: Nidoking|0 fnt
|-damage|p2a: Crobat|112\/311|[from] recoil|[of] p1a: Nidoking
|faint|p1a: Nidoking
|
|-heal|p2a: Crobat|292\/311|[from] move: Wish|[wisher] Florges
|
|switch|p1a: Aerodactyl|Aerodactyl-Mega, M|226\/301
|-damage|p1a: Aerodactyl|151\/301|[from] Stealth Rock
|turn|23
|
|move|p2a: Crobat|Brave Bird|p1a: Aerodactyl
|-resisted|p1a: Aerodactyl
|-damage|p1a: Aerodactyl|52\/301
|-damage|p2a: Crobat|259\/311|[from] recoil|[of] p1a: Aerodactyl
|move|p1a: Aerodactyl|Stone Edge|p2a: Crobat
|-supereffective|p2a: Crobat
|-damage|p2a: Crobat|0 fnt
|faint|p2a: Crobat
|
|
|switch|p2a: Mienshao|Mienshao, M, shiny|196\/271 psn
|turn|24
|
|move|p2a: Mienshao|Fake Out|p1a: Aerodactyl
|-resisted|p1a: Aerodactyl
|-damage|p1a: Aerodactyl|16\/301
|-damage|p2a: Mienshao|169\/271 psn|[from] item: Life Orb
|cant|p1a: Aerodactyl|flinch
|
|-damage|p2a: Mienshao|136\/271 psn|[from] psn
|turn|25
|
|move|p1a: Aerodactyl|Aerial Ace|p2a: Mienshao
|-supereffective|p2a: Mienshao
|-damage|p2a: Mienshao|0 fnt
|faint|p2a: Mienshao
|
|
|switch|p2a: Espeon|Espeon, M|271\/271
|-status|p2a: Espeon|psn
|turn|26
|
|move|p1a: Aerodactyl|Aerial Ace|p2a: Espeon
|-damage|p2a: Espeon|49\/271 psn
|move|p2a: Espeon|Shadow Ball|p1a: Aerodactyl
|-damage|p1a: Aerodactyl|0 fnt
|faint|p1a: Aerodactyl
|
|-damage|p2a: Espeon|16\/271 psn|[from] psn
|
|switch|p1a: Cofagrigus|Cofagrigus, M, shiny|298\/319
|-damage|p1a: Cofagrigus|259\/319|[from] Stealth Rock
|turn|27
|
|move|p2a: Espeon|Shadow Ball|p1a: Cofagrigus
|-supereffective|p1a: Cofagrigus
|-damage|p1a: Cofagrigus|0 fnt
|faint|p1a: Cofagrigus
|
|win|CrackRSCA
|raw|Ladder updating...
|raw|donkii's rating: 1570 &rarr; <strong>1536<\/strong><br \/>(-34 for losing)
|raw|CrackRSCA's rating: 1272 &rarr; <strong>1315<\/strong><br \/>(+43 for winning)
|c|★CrackRSCA|GG
|c|★donkii|gg
|c|★donkii|damn you got the max roll lol
|leave|donkii
|player|p1
|leave|CrackRSCA
|player|p2
|join|donkii