|join|lil manaphy
|join|Ox the Box
|c|★Ox the Box|glhf
|join|MTL Manectric
|player|p1|lil manaphy|9
|player|p2|Ox the Box|201
|gametype|singles
|gen|6
|tier|OU
|clearpoke
|poke|p1|Gardevoir, M
|poke|p2|Altaria, M
|poke|p2|Chansey, F
|poke|p2|Mandibuzz, F
|poke|p2|Landorus-Therian, M
|poke|p2|Amoonguss, M
|poke|p2|Keldeo
|rule|Swagger Clause: Swagger is banned
|rule|Baton Pass Clause: Limit one Pokémon knowing Baton Pass
|rule|Sleep Clause Mod: Limit one foe put to sleep
|rule|Species Clause: Limit one of each Pokémon
|rule|OHKO Clause: OHKO moves are banned
|rule|Moody Clause: Moody is banned
|rule|Evasion Moves Clause: Evasion moves are banned
|rule|Endless Battle Clause: Forcing endless battles is banned
|rule|HP Percentage Mod: HP is shown in percentages
|teampreview
|c|★Ox the Box|how do u want the nudes? imgur? my pornhub account?
|c|★lil manaphy|no
|
|start
|switch|p1a: Gardevoir|Gardevoir, M|339\/339
|switch|p2a: Chansey|Chansey, F|703\/703
|-ability|p1a: Gardevoir|Natural Cure|[from] ability: Trace|[of] p2a: Chansey
|turn|1
|c| MTL Manectric|HI MANA
|c| MTL Manectric|remember me?
|join|Jamel
|c|★lil manaphy|the haxiest game of my entire life
|join|UrsaReign
|
|detailschange|p1a: Gardevoir|Gardevoir-Mega, M
|-mega|p1a: Gardevoir|Gardevoir|Gardevoirite
|move|p1a: Gardevoir|Zen Headbutt|p2a: Chansey|[miss]
|-miss|p1a: Gardevoir|p2a: Chansey
|move|p2a: Chansey|Thunder Wave|p1a: Gardevoir
|-status|p1a: Gardevoir|par
|
|turn|2
|c|★lil manaphy|HAX
|c|★Ox the Box|no
|
|move|p2a: Chansey|Seismic Toss|p1a: Gardevoir
|-damage|p1a: Gardevoir|239\/339 par
|move|p1a: Gardevoir|Return|p2a: Chansey
|-damage|p2a: Chansey|448\/703
|
|turn|3
|c|★Ox the Box|im bright powder
|
|move|p2a: Chansey|Seismic Toss|p1a: Gardevoir
|-damage|p1a: Gardevoir|139\/339 par
|move|p1a: Gardevoir|Return|p2a: Chansey
|-damage|p2a: Chansey|190\/703
|
|turn|4
|c| MTL Manectric|:]
|
|move|p2a: Chansey|Soft-Boiled|p2a: Chansey
|-heal|p2a: Chansey|542\/703
|cant|p1a: Gardevoir|par
|
|turn|5
|
|move|p2a: Chansey|Wish|p2a: Chansey
|cant|p1a: Gardevoir|par
|
|turn|6
|c|★lil manaphy|ox is that my team.
|
|move|p2a: Chansey|Soft-Boiled|p2a: Chansey
|-heal|p2a: Chansey|703\/703
|move|p1a: Gardevoir|Zen Headbutt|p2a: Chansey
|-damage|p2a: Chansey|541\/703
|
|-heal|p2a: Chansey|703\/703|[from] move: Wish|[wisher] Chansey
|turn|7
|c|★lil manaphy|minus garde
|c|★Ox the Box|no
|join|l123
|c|★lil manaphy|you cant break shit without garde
|
|move|p2a: Chansey|Wish|p2a: Chansey
|move|p1a: Gardevoir|Return|p2a: Chansey
|-damage|p2a: Chansey|429\/703
|
|turn|8
|
|switch|p2a: Altaria|Altaria, M|309\/309
|move|p1a: Gardevoir|Return|p2a: Altaria
|-supereffective|p2a: Altaria
|-damage|p2a: Altaria|0 fnt
|faint|p2a: Altaria
|
|join|time to test more
|c| UrsaReign|so bad
|c|★lil manaphy|OHHHHH REKT
|
|switch|p2a: Keldeo|Keldeo|323\/323
|turn|9
|leave|l123
|join|Galbano
|join|LUSTY LEDDIT
|c| UrsaReign|secret sword
|
|move|p2a: Keldeo|Substitute|p2a: Keldeo
|-start|p2a: Keldeo|Substitute
|-damage|p2a: Keldeo|243\/323
|move|p1a: Gardevoir|Return|p2a: Keldeo
|-supereffective|p2a: Keldeo
|-end|p2a: Keldeo|Substitute
|
|-heal|p2a: Keldeo|263\/323|[from] item: Leftovers
|turn|10
|c|★lil manaphy|dw i have prio
|
|cant|p1a: Gardevoir|par
|move|p2a: Keldeo|Substitute|p2a: Keldeo
|-start|p2a: Keldeo|Substitute
|-damage|p2a: Keldeo|183\/323
|
|-heal|p2a: Keldeo|203\/323|[from] item: Leftovers
|turn|11
|c| Jamel|quick attack
|c|★Ox the Box|no ou don't
|c| Jamel|.-.
|leave|LUSTY LEDDIT
|c|★lil manaphy|shadow
|leave|Galbano
|c|★lil manaphy|sneak
|
|move|p2a: Keldeo|Calm Mind|p2a: Keldeo
|-boost|p2a: Keldeo|spa|1
|-boost|p2a: Keldeo|spd|1
|cant|p1a: Gardevoir|par
|
|-heal|p2a: Keldeo|223\/323|[from] item: Leftovers
|turn|12
|c|★lil manaphy|for the... gallades
|c| UrsaReign|watch this healing wish
|
|move|p2a: Keldeo|Calm Mind|p2a: Keldeo
|-boost|p2a: Keldeo|spa|1
|-boost|p2a: Keldeo|spd|1
|cant|p1a: Gardevoir|par
|
|-heal|p2a: Keldeo|243\/323|[from] item: Leftovers
|turn|13
|c|★lil manaphy|,.
|c|★Ox the Box|zzz
|c|★lil manaphy|jesus help me
|c| MTL Manectric|i bring the haxx
|
|move|p2a: Keldeo|Calm Mind|p2a: Keldeo
|-boost|p2a: Keldeo|spa|1
|-boost|p2a: Keldeo|spd|1
|move|p1a: Gardevoir|Return|p2a: Keldeo
|-supereffective|p2a: Keldeo
|-end|p2a: Keldeo|Substitute
|
|-heal|p2a: Keldeo|263\/323|[from] item: Leftovers
|turn|14
|c| MTL Manectric|wherever i go
|c|★lil manaphy|YEAH
|c|★lil manaphy|YOU DO
|
|switch|p2a: Chansey|Chansey, F|429\/703
|move|p1a: Gardevoir|Shadow Sneak|p2a: Chansey
|-immune|p2a: Chansey|[msg]
|
|turn|15
|c|★lil manaphy|aww
|c|★lil manaphy|you predicted me
|c|★Ox the Box|go ahead and get predicted
|
|move|p2a: Chansey|Seismic Toss|p1a: Gardevoir
|-damage|p1a: Gardevoir|39\/339 par
|move|p1a: Gardevoir|Return|p2a: Chansey
|-damage|p2a: Chansey|149\/703
|
|turn|16
|c|★lil manaphy|gg you haxed me i totally had this game fuck you
|
|move|p2a: Chansey|Soft-Boiled|p2a: Chansey
|-heal|p2a: Chansey|501\/703
|move|p1a: Gardevoir|Return|p2a: Chansey
|-damage|p2a: Chansey|227\/703
|
|turn|17
|c| MTL Manectric|nah
|c| MTL Manectric|i haxd
|c| MTL Manectric|for him
|c| MTL Manectric|:]
|
|move|p2a: Chansey|Soft-Boiled|p2a: Chansey
|-heal|p2a: Chansey|579\/703
|move|p1a: Gardevoir|Return|p2a: Chansey
|-damage|p2a: Chansey|327\/703
|
|turn|18
|
|move|p2a: Chansey|Soft-Boiled|p2a: Chansey
|-heal|p2a: Chansey|679\/703
|cant|p1a: Gardevoir|par
|
|turn|19
|join|LUSTY LEDDIT
|
|switch|p2a: Landorus-Therian|Landorus-Therian, M|381\/381
|-ability|p2a: Landorus-Therian|Intimidate|[of] p1a: Gardevoir
|-unboost|p1a: Gardevoir|atk|1
|move|p1a: Gardevoir|Return|p2a: Landorus-Therian
|-damage|p2a: Landorus-Therian|278\/381
|
|-heal|p2a: Landorus-Therian|301\/381|[from] item: Leftovers
|turn|20
|join|Death God Anubis
|c|★lil manaphy|special garde breaks chansey better than phys garde
|leave|LUSTY LEDDIT
|
|move|p2a: Landorus-Therian|Stealth Rock|p1a: Gardevoir
|-sidestart|p1: lil manaphy|move: Stealth Rock
|move|p1a: Gardevoir|Return|p2a: Landorus-Therian
|-damage|p2a: Landorus-Therian|205\/381
|
|-heal|p2a: Landorus-Therian|228\/381|[from] item: Leftovers
|turn|21
|join|Dragon Stone
|
|move|p2a: Landorus-Therian|Stone Edge|p1a: Gardevoir
|-damage|p1a: Gardevoir|0 fnt
|faint|p1a: Gardevoir
|
|win|Ox the Box
|c|★lil manaphy|aw
|join|Galbano
|leave|Death God Anubis
|c|★Ox the Box|zzz
|c|★lil manaphy|rip my garde
|leave|Ox the Box
|player|p2
|leave|Galbano
|leave|time to test more
|leave|Dragon Stone
|leave|lil manaphy
|player|p1