|join|Starmei♥
|join|Ox the Box
|player|p1|Starmei♥|115
|player|p2|Ox the Box|201
|gametype|singles
|gen|6
|tier|OU
|clearpoke
|poke|p1|Keldeo
|poke|p1|Tyranitar, F
|poke|p1|Venusaur, F
|poke|p1|Heatran, F
|poke|p1|Latias, F
|poke|p1|Landorus-Therian, M
|poke|p2|Lopunny, F
|poke|p2|Dragalge, M
|poke|p2|Heatran, M
|poke|p2|Keldeo
|poke|p2|Gliscor, M
|poke|p2|Tyranitar, M
|rule|Swagger Clause: Swagger is banned
|rule|Baton Pass Clause: Limit one Pokémon knowing Baton Pass
|rule|Sleep Clause Mod: Limit one foe put to sleep
|rule|Species Clause: Limit one of each Pokémon
|rule|OHKO Clause: OHKO moves are banned
|rule|Moody Clause: Moody is banned
|rule|Evasion Moves Clause: Evasion moves are banned
|rule|Endless Battle Clause: Forcing endless battles is banned
|rule|HP Percentage Mod: HP is shown in percentages
|teampreview
|join|anchorage
|
|start
|switch|p1a: Landorus-Therian|Landorus-Therian, M|319\/319
|switch|p2a: Lopunny|Lopunny, F|271\/271
|-ability|p1a: Landorus-Therian|Intimidate|[of] p2a: Lopunny
|-unboost|p2a: Lopunny|atk|1
|turn|1
|
|detailschange|p2a: Lopunny|Lopunny-Mega, F
|-mega|p2a: Lopunny|Lopunny|Lopunnite
|move|p2a: Lopunny|Fake Out|p1a: Landorus-Therian
|-damage|p1a: Landorus-Therian|262\/319
|cant|p1a: Landorus-Therian|flinch
|
|turn|2
|
|switch|p2a: Gliscor|Gliscor, M|353\/353
|move|p1a: Landorus-Therian|U-turn|p2a: Gliscor
|-resisted|p2a: Gliscor
|-damage|p2a: Gliscor|315\/353
|
|switch|p1a: Keldeo|Keldeo|323\/323
|
|-status|p2a: Gliscor|tox|[from] item: Toxic Orb
|turn|3
|join|a kawaii girl
|c| a kawaii girl|nichze
|
|switch|p2a: Dragalge|Dragalge, M|281\/281
|move|p1a: Keldeo|Scald|p2a: Dragalge
|-resisted|p2a: Dragalge
|-damage|p2a: Dragalge|216\/281
|
|turn|4
|join|Der Twist
|
|switch|p1a: Heatran|Heatran, F|323\/323
|move|p2a: Dragalge|Scald|p1a: Heatran
|-supereffective|p1a: Heatran
|-damage|p1a: Heatran|131\/323
|-damage|p2a: Dragalge|188\/281|[from] item: Life Orb
|
|-heal|p1a: Heatran|151\/323|[from] item: Leftovers
|turn|5
|
|switch|p1a: Tyranitar|Tyranitar, F|341\/341
|-weather|Sandstorm
|switch|p2a: Lopunny|Lopunny-Mega, F|271\/271
|
|-weather|Sandstorm|[upkeep]
|-damage|p2a: Lopunny|255\/271|[from] sandstorm
|turn|6
|c|★Starmei♥|rip
|
|switch|p1a: Landorus-Therian|Landorus-Therian, M|262\/319
|-ability|p1a: Landorus-Therian|Intimidate|[of] p2a: Lopunny
|-unboost|p2a: Lopunny|atk|1
|move|p2a: Lopunny|Return|p1a: Landorus-Therian
|-damage|p1a: Landorus-Therian|133\/319
|
|-weather|Sandstorm|[upkeep]
|-damage|p2a: Lopunny|239\/271|[from] sandstorm
|turn|7
|c|★Starmei♥|lop destroys my team
|c|★Ox the Box|yeah
|c|★Ox the Box|keldeo destroys mine
|c|★Ox the Box|drag is easily worn down
|
|switch|p2a: Keldeo|Keldeo|323\/323
|move|p1a: Landorus-Therian|U-turn|p2a: Keldeo
|-resisted|p2a: Keldeo
|-damage|p2a: Keldeo|276\/323
|
|switch|p1a: Venusaur|Venusaur, F|341\/341
|
|-weather|Sandstorm|[upkeep]
|-damage|p2a: Keldeo|256\/323|[from] sandstorm
|-damage|p1a: Venusaur|320\/341|[from] sandstorm
|turn|8
|
|switch|p2a: Heatran|Heatran, M|385\/385
|switch|p1a: Keldeo|Keldeo|323\/323
|
|-weather|Sandstorm|[upkeep]
|-damage|p1a: Keldeo|303\/323|[from] sandstorm
|-heal|p1a: Keldeo|323\/323|[from] item: Leftovers
|turn|9
|
|switch|p2a: Dragalge|Dragalge, M|188\/281
|move|p1a: Keldeo|Scald|p2a: Dragalge
|-resisted|p2a: Dragalge
|-damage|p2a: Dragalge|128\/281
|
|-weather|none
|turn|10
|
|switch|p1a: Tyranitar|Tyranitar, F|341\/341
|-weather|Sandstorm
|move|p2a: Dragalge|Toxic Spikes|p1a: Tyranitar
|-sidestart|p1: Starmei♥|move: Toxic Spikes
|
|-weather|Sandstorm|[upkeep]
|-damage|p2a: Dragalge|111\/281|[from] sandstorm
|turn|11
|
|move|p1a: Tyranitar|Pursuit|p2a: Dragalge
|-damage|p2a: Dragalge|36\/281
|move|p2a: Dragalge|Scald|p1a: Tyranitar
|-supereffective|p1a: Tyranitar
|-damage|p1a: Tyranitar|185\/341
|-status|p1a: Tyranitar|brn
|-damage|p2a: Dragalge|8\/281|[from] item: Life Orb
|
|-weather|Sandstorm|[upkeep]
|-damage|p2a: Dragalge|0 fnt|[from] sandstorm
|-damage|p1a: Tyranitar|143\/341 brn|[from] brn
|faint|p2a: Dragalge
|
|switch|p2a: Heatran|Heatran, M|385\/385
|turn|12
|
|switch|p1a: Heatran|Heatran, F|151\/323
|move|p2a: Heatran|Stealth Rock|p1a: Heatran
|-sidestart|p1: Starmei♥|move: Stealth Rock
|
|-weather|Sandstorm|[upkeep]
|-heal|p1a: Heatran|171\/323|[from] item: Leftovers
|turn|13
|join|Alldaalts
|
|switch|p1a: Latias|Latias, F|319\/319
|-damage|p1a: Latias|280\/319|[from] Stealth Rock
|move|p2a: Heatran|Taunt|p1a: Latias
|-start|p1a: Latias|move: Taunt
|
|-weather|Sandstorm|[upkeep]
|-damage|p1a: Latias|261\/319|[from] sandstorm
|turn|14
|join|trillyntruly
|
|switch|p1a: Tyranitar|Tyranitar, F|143\/341 brn
|-damage|p1a: Tyranitar|101\/341 brn|[from] Stealth Rock
|move|p2a: Heatran|Lava Plume|p1a: Tyranitar
|-resisted|p1a: Tyranitar
|-damage|p1a: Tyranitar|65\/341 brn
|
|-weather|none
|-damage|p1a: Tyranitar|23\/341 brn|[from] brn
|turn|15
|
|switch|p2a: Tyranitar|Tyranitar, M|341\/341
|-weather|Sandstorm
|move|p1a: Tyranitar|Superpower|p2a: Tyranitar
|-supereffective|p2a: Tyranitar
|-damage|p2a: Tyranitar|61\/341
|-unboost|p1a: Tyranitar|atk|1
|-unboost|p1a: Tyranitar|def|1
|
|-weather|Sandstorm|[upkeep]
|-damage|p1a: Tyranitar|0 fnt|[from] brn
|faint|p1a: Tyranitar
|c|★Starmei♥|o_o
|c|★Ox the Box|venu solos my whole team except for tran
|c|★Ox the Box|I had to go tar to try and keep tspikes up D:
|c|★Starmei♥|well lop fake out + return
|c|★Starmei♥|hurts
|c|★Ox the Box|yeah
|c|★Ox the Box|I replaced drag with slowbro
|c|★Ox the Box|I think it shall do great things
|
|switch|p1a: Landorus-Therian|Landorus-Therian, M|133\/319
|-damage|p1a: Landorus-Therian|94\/319|[from] Stealth Rock
|-ability|p1a: Landorus-Therian|Intimidate|[of] p2a: Tyranitar
|-unboost|p2a: Tyranitar|atk|1
|turn|16
|c|★Starmei♥|lol
|c|★Starmei♥|prolly shouldn't have let
|c|★Starmei♥|this live
|c|★Starmei♥|,,
|
|switch|p2a: Heatran|Heatran, M|385\/385
|move|p1a: Landorus-Therian|U-turn|p2a: Heatran
|-resisted|p2a: Heatran
|-damage|p2a: Heatran|365\/385
|c|★Starmei♥|o
|c|★Ox the Box|hnng
|
|switch|p1a: Latias|Latias, F|261\/319
|-damage|p1a: Latias|222\/319|[from] Stealth Rock
|
|-weather|Sandstorm|[upkeep]
|-damage|p1a: Latias|203\/319|[from] sandstorm
|-heal|p2a: Heatran|385\/385|[from] item: Leftovers
|turn|17
|c|★Starmei♥|defog's a defog
|c|★Ox the Box|yeah
|join|Like me 2
|c|★Ox the Box|:[
|
|move|p1a: Latias|Defog|p2a: Heatran
|-unboost|p2a: Heatran|evasion|1
|-sideend|p1: Starmei♥|Toxic Spikes|[from] move: Defog|[of] p1a: Latias
|-sideend|p1: Starmei♥|Stealth Rock|[from] move: Defog|[of] p1a: Latias
|move|p2a: Heatran|Stealth Rock|p1a: Latias
|-sidestart|p1: Starmei♥|move: Stealth Rock
|
|-weather|Sandstorm|[upkeep]
|-damage|p1a: Latias|184\/319|[from] sandstorm
|turn|18
|c| Der Twist|Switching Heatran in on a Lando. That was ballsy. O.O
|join|Rapture's Finest
|c|★Ox the Box|not really
|
|switch|p1a: Keldeo|Keldeo|323\/323
|-damage|p1a: Keldeo|303\/323|[from] Stealth Rock
|move|p2a: Heatran|Toxic|p1a: Keldeo|[miss]
|-miss|p2a: Heatran|p1a: Keldeo
|
|-weather|Sandstorm|[upkeep]
|-damage|p1a: Keldeo|283\/323|[from] sandstorm
|-heal|p1a: Keldeo|303\/323|[from] item: Leftovers
|turn|19
|c|★Ox the Box|zzzzzzz
|c|★Starmei♥|sry
|c|★Starmei♥|I mean
|c|★Starmei♥|predicted
|c|★Ox the Box|miss?
|c|★Starmei♥|lol
|
|switch|p2a: Gliscor|Gliscor, M|315\/353 tox
|move|p1a: Keldeo|Secret Sword|p2a: Gliscor
|-resisted|p2a: Gliscor
|-damage|p2a: Gliscor|250\/353 tox
|
|-weather|none
|-heal|p1a: Keldeo|323\/323|[from] item: Leftovers
|-heal|p2a: Gliscor|294\/353 tox|[from] ability: Poison Heal
|turn|20
|c|★Starmei♥|o
|join|l123
|c|★Ox the Box|oh
|c|★Ox the Box|it's not scarf
|
|move|p1a: Keldeo|Scald|p2a: Gliscor
|-crit|p2a: Gliscor
|-supereffective|p2a: Gliscor
|-damage|p2a: Gliscor|0 fnt
|faint|p2a: Gliscor
|
|c|★Ox the Box|zzz
|c|★Starmei♥|sry :\/
|c|★Starmei♥|I have hw
|c|★Starmei♥|but still
|
|switch|p2a: Keldeo|Keldeo|256\/323
|turn|21
|
|switch|p2a: Heatran|Heatran, M|385\/385
|switch|p1a: Latias|Latias, F|184\/319
|-damage|p1a: Latias|145\/319|[from] Stealth Rock
|
|turn|22
|
|move|p1a: Latias|Healing Wish|p1a: Latias
|faint|p1a: Latias
|move|p2a: Heatran|Taunt|p1: Latias|[notarget]
|-notarget
|
|c| a kawaii girl|];
|c|★Ox the Box|nice n landot sweep
|
|switch|p1a: Landorus-Therian|Landorus-Therian, M|94\/319
|-heal|p1a: Landorus-Therian|319\/319|[from] move: Healing Wish
|-damage|p1a: Landorus-Therian|280\/319|[from] Stealth Rock
|-ability|p1a: Landorus-Therian|Intimidate|[of] p2a: Heatran
|-unboost|p2a: Heatran|atk|1
|turn|23
|c|★Starmei♥|scarf pony
|join|Roi Pika
|
|switch|p2a: Tyranitar|Tyranitar, M|61\/341
|-weather|Sandstorm
|move|p1a: Landorus-Therian|Earthquake|p2a: Tyranitar
|-supereffective|p2a: Tyranitar
|-damage|p2a: Tyranitar|0 fnt
|faint|p2a: Tyranitar
|
|-weather|Sandstorm|[upkeep]
|
|switch|p2a: Keldeo|Keldeo|256\/323
|turn|24
|c|★Ox the Box|i def lose now
|c|★Ox the Box|I had to force hw on keldeo
|c|★Starmei♥|yeah
|c|★Starmei♥|that was pretty
|c|★Starmei♥|unfortunate
|c|★Starmei♥|:\/
|c|★Ox the Box|oh well
|
|switch|p1a: Venusaur|Venusaur, F|320\/341
|-damage|p1a: Venusaur|278\/341|[from] Stealth Rock
|move|p2a: Keldeo|Scald|p1a: Venusaur
|-resisted|p1a: Venusaur
|-damage|p1a: Venusaur|210\/341
|
|-weather|Sandstorm|[upkeep]
|-damage|p2a: Keldeo|236\/323|[from] sandstorm
|-damage|p1a: Venusaur|189\/341|[from] sandstorm
|turn|25
|c|★Ox the Box|maybe if u choke
|c|★Starmei♥|get mah 25% back
|join|albprova
|c|★Starmei♥|nomnom
|
|switch|p2a: Heatran|Heatran, M|385\/385
|detailschange|p1a: Venusaur|Venusaur-Mega, F
|-mega|p1a: Venusaur|Venusaur|Venusaurite
|move|p1a: Venusaur|Synthesis|p1a: Venusaur
|-heal|p1a: Venusaur|274\/341
|
|-weather|Sandstorm|[upkeep]
|-damage|p1a: Venusaur|253\/341|[from] sandstorm
|turn|26
|
|switch|p2a: Keldeo|Keldeo|236\/323
|switch|p1a: Heatran|Heatran, F|171\/323
|-damage|p1a: Heatran|131\/323|[from] Stealth Rock
|
|-weather|Sandstorm|[upkeep]
|-damage|p2a: Keldeo|216\/323|[from] sandstorm
|-heal|p1a: Heatran|151\/323|[from] item: Leftovers
|turn|27
|c|★Starmei♥|predicted
|c|★Starmei♥|ez
|c|★Ox the Box|ez pz
|
|move|p2a: Keldeo|Scald|p1a: Heatran
|-supereffective|p1a: Heatran
|-damage|p1a: Heatran|0 fnt
|faint|p1a: Heatran
|
|-weather|none
|c|★Ox the Box|>doesn't choke
|
|switch|p1a: Keldeo|Keldeo|323\/323
|-damage|p1a: Keldeo|303\/323|[from] Stealth Rock
|turn|28
|c|★Starmei♥|lol
|join|exodia15
|
|switch|p2a: Heatran|Heatran, M|385\/385
|move|p1a: Keldeo|Secret Sword|p2a: Heatran
|-supereffective|p2a: Heatran
|-damage|p2a: Heatran|107\/385
|
|-heal|p1a: Keldeo|323\/323|[from] item: Leftovers
|-heal|p2a: Heatran|131\/385|[from] item: Leftovers
|turn|29
|
|move|p1a: Keldeo|Secret Sword|p2a: Heatran
|-supereffective|p2a: Heatran
|-damage|p2a: Heatran|0 fnt
|faint|p2a: Heatran
|
|c|★Ox the Box|oh
|c|★Ox the Box|u did choke
|
|switch|p2a: Lopunny|Lopunny-Mega, F|239\/271
|turn|30
|c|★Ox the Box|now I can win with a burn crit on venu and crit on keldeo
|
|move|p2a: Lopunny|Fake Out|p1a: Keldeo
|-damage|p1a: Keldeo|248\/323
|cant|p1a: Keldeo|flinch
|
|-heal|p1a: Keldeo|268\/323|[from] item: Leftovers
|turn|31
|c|★Ox the Box|CRIT
|c|★Ox the Box|nah hjk kils
|c|★Starmei♥|roll
|c|★Starmei♥|I think
|c|★Ox the Box|i changed to adamant
|c|★Ox the Box|:)
|c|★Starmei♥|pls
|c|★Ox the Box|thanks to u lol
|
|move|p2a: Lopunny|Ice Punch|p1a: Keldeo
|-resisted|p1a: Keldeo
|-damage|p1a: Keldeo|221\/323
|move|p1a: Keldeo|Secret Sword|p2a: Lopunny
|-supereffective|p2a: Lopunny
|-damage|p2a: Lopunny|0 fnt
|faint|p2a: Lopunny
|
|-heal|p1a: Keldeo|241\/323|[from] item: Leftovers
|c|★Starmei♥|I'm scarf
|c|★Starmei♥|switch
|c|★Ox the Box|lol
|c|★Ox the Box|i predicted landot
|c| Alldaalts|lol
|c|★Ox the Box|tried the mind games technique
|c|★Ox the Box|gg
|-message|Ox the Box forfeited.
|c|★Starmei♥|gg
|leave|Ox the Box
|c| l123|i woulda done the same lol
|leave|a kawaii girl
|
|win|Starmei♥
|leave|Der Twist