|join|Ox the Box
|join|ClashofDemonesense
|player|p1|Ox the Box|201
|player|p2|ClashofDemonesense|290
|gametype|singles
|gen|6
|tier|OU
|rated
|clearpoke
|poke|p1|Magnezone
|poke|p1|Beedrill, M
|poke|p1|Zapdos, shiny
|poke|p1|Landorus-Therian, M
|poke|p1|Mew
|poke|p1|Celebi
|poke|p2|Lopunny, F
|poke|p2|Heatran, M
|poke|p2|Azumarill, M
|poke|p2|Excadrill, M
|poke|p2|Clefable, M
|poke|p2|Rotom-Wash
|rule|Swagger Clause: Swagger is banned
|rule|Baton Pass Clause: Limit one Pokémon knowing Baton Pass
|rule|Sleep Clause Mod: Limit one foe put to sleep
|rule|Species Clause: Limit one of each Pokémon
|rule|OHKO Clause: OHKO moves are banned
|rule|Moody Clause: Moody is banned
|rule|Evasion Moves Clause: Evasion moves are banned
|rule|Endless Battle Clause: Forcing endless battles is banned
|rule|HP Percentage Mod: HP is shown in percentages
|teampreview
|join|WECAMEASROMANS
|c|★Ox the Box|glhf
|join|haunter
|c|★ClashofDemonesense|u2
|join|Mistaken
|join|gizmo
|
|start
|switch|p1a: Mew|Mew|403\/403
|switch|p2a: Heatran|Heatran, M|385\/385
|turn|1
|c| gizmo|lmao
|c|★Ox the Box|?
|c| gizmo|why would you make a team analy raped by one of the most common mons
|
|move|p1a: Mew|Taunt|p2a: Heatran
|-start|p2a: Heatran|move: Taunt
|cant|p2a: Heatran|move: Taunt|Stealth Rock
|
|turn|2
|c| gizmo|idgi
|c|★Ox the Box|what
|c| gizmo|if you run into wisp tran
|c| gizmo|especially
|
|move|p1a: Mew|Knock Off|p2a: Heatran
|-damage|p2a: Heatran|318\/385
|-enditem|p2a: Heatran|Leftovers|[from] move: Knock Off|[of] p1a: Mew
|move|p2a: Heatran|Lava Plume|p1a: Mew
|-damage|p1a: Mew|309\/403
|-status|p1a: Mew|brn
|
|-heal|p1a: Mew|334\/403 brn|[from] item: Leftovers
|-damage|p1a: Mew|284\/403 brn|[from] brn
|turn|3
|c| WECAMEASROMANS|"he's talking about heatran"
|c| gizmo|it gets so many burns
|c| WECAMEASROMANS|you just lose
|c|~haunter|stfu gizmo
|c|★Ox the Box|thanks for sticking up for me haunter
|c|★Ox the Box|he's been bullying me for a while
|c|~haunter|np
|join|daftmau5
|c| gizmo|haunter do you ever think about my feelings
|join|Z+V1
|c| gizmo|when you call me a gypsy
|c|~haunter|yes
|c| gizmo|i cry
|
|move|p1a: Mew|U-turn|p2a: Heatran
|-resisted|p2a: Heatran
|-damage|p2a: Heatran|311\/385
|c|~haunter|but then
|c| gizmo|I actually cry
|c|~haunter|I decide idgaf
|c| gizmo|so r00d
|join|tbh js imo
|
|switch|p1a: Landorus-Therian|Landorus-Therian, M|381\/381
|-ability|p1a: Landorus-Therian|Intimidate|[of] p2a: Heatran
|-unboost|p2a: Heatran|atk|1
|move|p2a: Heatran|Lava Plume|p1a: Landorus-Therian
|-damage|p1a: Landorus-Therian|249\/381
|
|-end|p2a: Heatran|move: Taunt
|turn|4
|join|Cashier
|c| Cashier|u went with celebi u.u
|c|★Ox the Box|yeah
|
|move|p1a: Landorus-Therian|Stealth Rock|p2a: Heatran
|-sidestart|p2: ClashofDemonesense|move: Stealth Rock
|move|p2a: Heatran|Stealth Rock|p1a: Landorus-Therian
|-sidestart|p1: Ox the Box|move: Stealth Rock
|
|turn|5
|c|★Ox the Box|I changed to manaphy> magnezone
|c|★Ox the Box|NOOOOOO
|c| Cashier|\/me felt useful for once
|c|★Ox the Box|oh well
|c| gizmo|starmie beats
|c|★Ox the Box|he got the rocks
|c| gizmo|keldeo and tran
|
|switch|p2a: Rotom-Wash|Rotom-Wash|303\/303
|-damage|p2a: Rotom-Wash|266\/303|[from] Stealth Rock
|move|p1a: Landorus-Therian|U-turn|p2a: Rotom-Wash
|-damage|p2a: Rotom-Wash|200\/303
|join|ryzed
|c| gizmo|well sort of keldeo
|c|★Ox the Box|starmie doesn't get u turn
|c| gizmo|not really
|leave|WECAMEASROMANS
|c|★Ox the Box|stfu
|join|Riful the Zangoose
|c|★Ox the Box|stick with the theme
|c| gizmo|__k__
|
|switch|p1a: Celebi|Celebi|404\/404
|-damage|p1a: Celebi|354\/404|[from] Stealth Rock
|
|-heal|p1a: Celebi|379\/404|[from] item: Leftovers
|-heal|p2a: Rotom-Wash|218\/303|[from] item: Leftovers
|turn|6
|c| daftmau5|damn imagine if he manned up
|c| daftmau5|and dropped a fire blast
|c| daftmau5|on the u-turn
|c| gizmo|``this ^``
|c| Cashier|imagine if ox make a gr8 play and clicked eq
|c|★Ox the Box|lol
|
|switch|p2a: Clefable|Clefable, M|394\/394
|-damage|p2a: Clefable|345\/394|[from] Stealth Rock
|move|p1a: Celebi|U-turn|p2a: Clefable
|-resisted|p2a: Clefable
|-damage|p2a: Clefable|322\/394
|
|switch|p1a: Beedrill|Beedrill, M|271\/271
|-damage|p1a: Beedrill|204\/271|[from] Stealth Rock
|
|-heal|p2a: Clefable|346\/394|[from] item: Leftovers
|turn|7
|c| Cashier|man volt turn is so booty
|c|★Ox the Box|beedril too easily worn down please help
|c| gizmo|beedril is
|c| gizmo|just so bad
|leave|tbh js imo
|c|★Ox the Box|i want it to be good
|c|★Ox the Box|ill replace with scizor
|c| daftmau5|beedrill is good
|
|switch|p2a: Excadrill|Excadrill, M|377\/377
|-damage|p2a: Excadrill|366\/377|[from] Stealth Rock
|-ability|p2a: Excadrill|Mold Breaker
|detailschange|p1a: Beedrill|Beedrill-Mega, M
|-mega|p1a: Beedrill|Beedrill|Beedrillite
|move|p1a: Beedrill|U-turn|p2a: Excadrill
|-resisted|p2a: Excadrill
|-damage|p2a: Excadrill|218\/377
|c|★Ox the Box|thats strong though
|join|IAmGingy
|c| gizmo|"resist"
|
|switch|p1a: Landorus-Therian|Landorus-Therian, M|249\/381
|-damage|p1a: Landorus-Therian|202\/381|[from] Stealth Rock
|-ability|p1a: Landorus-Therian|Intimidate|[of] p2a: Excadrill
|-unboost|p2a: Excadrill|atk|1
|
|-heal|p2a: Excadrill|241\/377|[from] item: Leftovers
|turn|8
|c|★Ox the Box|just it's rock weakness
|c|★Ox the Box|and any move weakness
|c| gizmo|and the fact that it dies to the weirdest thing
|c| Cashier|does zapdos not have defog
|c| gizmo|iirc azu's jet can ohko drill
|c| gizmo|or come really close
|c|★Ox the Box|cashier it does
|
|move|p2a: Excadrill|Iron Head|p1a: Landorus-Therian
|-damage|p1a: Landorus-Therian|123\/381
|-damage|p2a: Excadrill|179\/377|[from] item: Rocky Helmet|[of] p1a: Landorus-Therian
|move|p1a: Landorus-Therian|Earthquake|p2a: Excadrill
|-supereffective|p2a: Excadrill
|-damage|p2a: Excadrill|0 fnt
|faint|p2a: Excadrill
|
|c| Cashier|mm
|c| IAmGingy|,[[Grease- Summer Nights]]
|c|★Ox the Box|maybe I should put defog on scizor
|c| IAmGingy|n________n
|c|★Ox the Box|sd u turn is shit
|
|switch|p2a: Lopunny|Lopunny, F|271\/271
|-damage|p2a: Lopunny|238\/271|[from] Stealth Rock
|turn|9
|leave|Riful the Zangoose
|c| gizmo|[[outkast-roses]]
|c| Cashier|i dont see the oint in
|c|★Ox the Box|[]
|c| Cashier|running sd + uturn
|c| gizmo|~[[outkast-roses]]
|c| Cashier|if ur just gonna switch out
|c|★Ox the Box|me neither
|
|detailschange|p2a: Lopunny|Lopunny-Mega, F
|-mega|p2a: Lopunny|Lopunny|Lopunnite
|move|p2a: Lopunny|Return|p1a: Landorus-Therian
|-damage|p1a: Landorus-Therian|0 fnt
|-damage|p2a: Lopunny|193\/271|[from] item: Rocky Helmet|[of] p1a: Landorus-Therian
|faint|p1a: Landorus-Therian
|
|c|★Ox the Box|imma use defog
|c| IAmGingy|sigh not even
|c|★Ox the Box|and replace zapdos
|c| IAmGingy|a good
|c| daftmau5|sd u-turn is good
|c| daftmau5|you mongs
|c| IAmGingy|outkast song
|c| gizmo|bruh
|
|switch|p1a: Celebi|Celebi|379\/404
|-damage|p1a: Celebi|329\/404|[from] Stealth Rock
|turn|10
|c| IAmGingy|and yeah sd uturn is good
|c| IAmGingy|on zor
|c| daftmau5|it's a defensive pivot
|c| Cashier|i remember when outkast was relevant
|c| IAmGingy|daft knows his shit
|c| gizmo|gingy confirmed only outkast song he knows is hey yah
|c| gizmo|like a damn nerd
|c| daftmau5|which wears down it's own checks
|c| daftmau5|and wins late game
|
|switch|p2a: Heatran|Heatran, M|311\/385
|-damage|p2a: Heatran|263\/385|[from] Stealth Rock
|move|p1a: Celebi|Giga Drain|p2a: Heatran
|-resisted|p2a: Heatran
|-damage|p2a: Heatran|248\/385
|-heal|p1a: Celebi|337\/404|[from] drain|[of] p2a: Heatran
|
|-heal|p1a: Celebi|362\/404|[from] item: Leftovers
|turn|11
|c| Cashier|predicted
|join|Bluwing
|c| IAmGingy|he
|c|★Ox the Box|it's k
|c| IAmGingy|epower
|c| IAmGingy|switch now
|c|★Ox the Box|he's getting worn down
|c|★Ox the Box|i actually am lol
|c| Cashier|did you knock off his lefties?
|join|xxrayxx
|c| IAmGingy|well u seem
|c|★Ox the Box|yes
|c| IAmGingy|weak to this
|c| IAmGingy|so i assumed
|c| IAmGingy|u were ep
|c| IAmGingy|O_o
|
|move|p1a: Celebi|U-turn|p2a: Heatran
|-resisted|p2a: Heatran
|-damage|p2a: Heatran|236\/385
|c|★Ox the Box|he saw through my bluff
|
|switch|p1a: Mew|Mew|284\/403 brn
|-damage|p1a: Mew|234\/403 brn|[from] Stealth Rock
|move|p2a: Heatran|Toxic|p1a: Mew
|-fail|p1a: Mew
|
|-heal|p1a: Mew|259\/403 brn|[from] item: Leftovers
|-damage|p1a: Mew|209\/403 brn|[from] brn
|turn|12
|
|move|p1a: Mew|Roost|p1a: Mew
|-heal|p1a: Mew|403\/403 brn
|move|p2a: Heatran|Taunt|p1a: Mew
|-start|p1a: Mew|move: Taunt
|
|-damage|p1a: Mew|353\/403 brn|[from] brn
|turn|13
|c| Bluwing|ox ur weak af to gengar o_o
|c| Bluwing|and gyarados mega
|
|move|p1a: Mew|Knock Off|p2a: Heatran
|-damage|p2a: Heatran|211\/385
|move|p2a: Heatran|Lava Plume|p1a: Mew
|-damage|p1a: Mew|250\/403 brn
|
|-heal|p1a: Mew|275\/403 brn|[from] item: Leftovers
|-damage|p1a: Mew|225\/403 brn|[from] brn
|turn|14
|c|★Ox the Box|nahh
|
|switch|p2a: Lopunny|Lopunny-Mega, F|193\/271
|-damage|p2a: Lopunny|177\/271|[from] Stealth Rock
|move|p1a: Mew|Knock Off|p2a: Lopunny
|-resisted|p2a: Lopunny
|-damage|p2a: Lopunny|164\/271
|
|-heal|p1a: Mew|250\/403 brn|[from] item: Leftovers
|-damage|p1a: Mew|200\/403 brn|[from] brn
|turn|15
|c|★Ox the Box|im changing beedril to scizor
|
|switch|p1a: Celebi|Celebi|362\/404
|-damage|p1a: Celebi|312\/404|[from] Stealth Rock
|move|p2a: Lopunny|Return|p1a: Celebi
|-damage|p1a: Celebi|135\/404
|
|-heal|p1a: Celebi|160\/404|[from] item: Leftovers
|turn|16
|join|Specs Fake-Out
|
|move|p2a: Lopunny|Return|p1a: Celebi
|-damage|p1a: Celebi|0 fnt
|faint|p1a: Celebi
|
|join|Booty Deluxe
|-message|Ox the Box forfeited.
|c|★Ox the Box|gg
|
|win|ClashofDemonesense
|raw|Ladder updating...
|leave|gizmo
|leave|Ox the Box
|leave|haunter
|raw|Ox the Box's rating: 1628 &rarr; <strong>1603<\/strong><br \/>(-25 for losing)
|raw|ClashofDemonesense's rating: 1543 &rarr; <strong>1568<\/strong><br \/>(+25 for winning)
|player|p1
|leave|Booty Deluxe
|leave|IAmGingy
|leave|ClashofDemonesense
|player|p2