|join|d.d. survivor
|join|toshi crousti
|player|p1|d.d. survivor|101
|player|p2|toshi crousti|1
|gametype|singles
|gen|6
|tier|OU
|rated
|clearpoke
|poke|p1|Charizard, M
|poke|p1|Azelf
|poke|p1|Terrakion
|poke|p1|Azumarill, F
|poke|p1|Kyurem-Black
|poke|p1|Gengar, M
|poke|p2|Kyurem-Black
|poke|p2|Heatran, M
|poke|p2|Landorus-Therian, M
|poke|p2|Scizor, M
|poke|p2|Gothitelle, F
|poke|p2|Keldeo
|rule|Swagger Clause: Swagger is banned
|rule|Baton Pass Clause: Limit one Pokémon knowing Baton Pass
|rule|Sleep Clause Mod: Limit one foe put to sleep
|rule|Species Clause: Limit one of each Pokémon
|rule|OHKO Clause: OHKO moves are banned
|rule|Moody Clause: Moody is banned
|rule|Evasion Moves Clause: Evasion moves are banned
|rule|Endless Battle Clause: Forcing endless battles is banned
|rule|HP Percentage Mod: HP is reported as percentages
|teampreview
|
|start
|switch|p1a: Azelf|Azelf|292\/292
|switch|p2a: Landorus-Therian|Landorus-Therian, M|320\/320
|-ability|p2a: Landorus-Therian|Intimidate|[of] p1a: Azelf
|-unboost|p1a: Azelf|atk|1
|turn|1
|
|move|p2a: Landorus-Therian|U-turn|p1a: Azelf
|-supereffective|p1a: Azelf
|-damage|p1a: Azelf|36\/292
|
|switch|p2a: Scizor|Scizor, M|343\/343
|move|p1a: Azelf|Ice Punch|p2a: Scizor
|-resisted|p2a: Scizor
|-damage|p2a: Scizor|300\/343
|
|turn|2
|
|switch|p1a: Charizard|Charizard, M|327\/327
|detailschange|p2a: Scizor|Scizor-Mega, M
|message|Scizor has Mega Evolved into Mega Scizor!
|move|p2a: Scizor|Bullet Punch|p1a: Charizard
|-resisted|p1a: Charizard
|-damage|p1a: Charizard|261\/327
|
|turn|3
|
|switch|p2a: Heatran|Heatran, M|386\/386
|move|p1a: Charizard|Flare Blitz|p2a: Heatran
|-start|p2a: Heatran|ability: Flash Fire
|
|turn|4
|
|move|p1a: Charizard|Dragon Dance|p1a: Charizard
|-boost|p1a: Charizard|atk|1
|-boost|p1a: Charizard|spe|1
|move|p2a: Heatran|Ancient Power|p1a: Charizard
|-crit|p1a: Charizard
|-supereffective|p1a: Charizard
|-damage|p1a: Charizard|0 fnt
|faint|p1a: Charizard
|
|
|switch|p1a: Kyurem-Black|Kyurem-Black|391\/391
|-ability|p1a: Kyurem-Black|Teravolt
|turn|5
|
|switch|p2a: Scizor|Scizor-Mega, M|300\/343
|move|p1a: Kyurem-Black|Earth Power|p2a: Scizor
|-damage|p2a: Scizor|193\/343
|-damage|p1a: Kyurem-Black|352\/391|[from] item: Life Orb
|
|turn|6
|
|switch|p1a: Azelf|Azelf|36\/292
|move|p2a: Scizor|Bullet Punch|p1a: Azelf
|-damage|p1a: Azelf|0 fnt
|faint|p1a: Azelf
|
|
|switch|p1a: Gengar|Gengar, M|262\/262
|turn|7
|
|move|p1a: Gengar|Will-O-Wisp|p2a: Scizor
|-status|p2a: Scizor|brn
|move|p2a: Scizor|Roost|p2a: Scizor
|-heal|p2a: Scizor|343\/343 brn
|
|-damage|p2a: Scizor|301\/343 brn|[from] brn
|turn|8
|
|switch|p1a: Terrakion|Terrakion|323\/323
|switch|p2a: Heatran|Heatran, M|386\/386
|
|turn|9
|
|move|p2a: Heatran|Protect|p2a: Heatran
|-singleturn|p2a: Heatran|Protect
|move|p1a: Terrakion|Stealth Rock|p2a: Heatran
|-sidestart|p2: toshi crousti|move: Stealth Rock
|
|turn|10
|
|switch|p2a: Landorus-Therian|Landorus-Therian, M|320\/320
|-damage|p2a: Landorus-Therian|280\/320|[from] Stealth Rock
|-ability|p2a: Landorus-Therian|Intimidate|[of] p1a: Terrakion
|-unboost|p1a: Terrakion|atk|1
|move|p1a: Terrakion|Close Combat|p2a: Landorus-Therian
|-resisted|p2a: Landorus-Therian
|-damage|p2a: Landorus-Therian|203\/320
|-unboost|p1a: Terrakion|def|1
|-unboost|p1a: Terrakion|spd|1
|
|turn|11
|
|switch|p1a: Gengar|Gengar, M|262\/262
|move|p2a: Landorus-Therian|U-turn|p1a: Gengar
|-resisted|p1a: Gengar
|-damage|p1a: Gengar|238\/262
|
|switch|p2a: Heatran|Heatran, M|386\/386
|-damage|p2a: Heatran|338\/386|[from] Stealth Rock
|
|-heal|p1a: Gengar|254\/262|[from] item: Black Sludge
|-heal|p2a: Heatran|362\/386|[from] item: Leftovers
|turn|12
|
|switch|p1a: Kyurem-Black|Kyurem-Black|352\/391
|-ability|p1a: Kyurem-Black|Teravolt
|move|p2a: Heatran|Stealth Rock|p1a: Kyurem-Black
|-sidestart|p1: d.d. survivor|move: Stealth Rock
|
|-heal|p2a: Heatran|386\/386|[from] item: Leftovers
|turn|13
|
|switch|p2a: Scizor|Scizor-Mega, M|301\/343 brn
|-damage|p2a: Scizor|259\/343 brn|[from] Stealth Rock
|move|p1a: Kyurem-Black|Ice Beam|p2a: Scizor
|-resisted|p2a: Scizor
|-damage|p2a: Scizor|185\/343 brn
|-damage|p1a: Kyurem-Black|313\/391|[from] item: Life Orb
|
|-damage|p2a: Scizor|143\/343 brn|[from] brn
|turn|14
|
|move|p1a: Kyurem-Black|Earth Power|p2a: Scizor
|-damage|p2a: Scizor|46\/343 brn
|-unboost|p2a: Scizor|spd|1
|-damage|p1a: Kyurem-Black|274\/391|[from] item: Life Orb
|move|p2a: Scizor|Roost|p2a: Scizor
|-heal|p2a: Scizor|218\/343 brn
|
|-damage|p2a: Scizor|176\/343 brn|[from] brn
|turn|15
|
|move|p2a: Scizor|Bullet Punch|p1a: Kyurem-Black
|-supereffective|p1a: Kyurem-Black
|-damage|p1a: Kyurem-Black|166\/391
|move|p1a: Kyurem-Black|Ice Beam|p2a: Scizor
|-crit|p2a: Scizor
|-resisted|p2a: Scizor
|-damage|p2a: Scizor|0 fnt
|-damage|p1a: Kyurem-Black|127\/391|[from] item: Life Orb
|faint|p2a: Scizor
|
|
|switch|p2a: Keldeo|Keldeo|323\/323
|-damage|p2a: Keldeo|303\/323|[from] Stealth Rock
|turn|16
|
|move|p2a: Keldeo|Secret Sword|p1a: Kyurem-Black
|-supereffective|p1a: Kyurem-Black
|-damage|p1a: Kyurem-Black|0 fnt
|faint|p1a: Kyurem-Black
|
|
|switch|p1a: Azumarill|Azumarill, F|342\/342
|-damage|p1a: Azumarill|300\/342|[from] Stealth Rock
|turn|17
|
|switch|p2a: Heatran|Heatran, M|386\/386
|-damage|p2a: Heatran|338\/386|[from] Stealth Rock
|move|p1a: Azumarill|Play Rough|p2a: Heatran
|-resisted|p2a: Heatran
|-damage|p2a: Heatran|295\/386
|
|-heal|p2a: Heatran|319\/386|[from] item: Leftovers
|turn|18
|
|move|p2a: Heatran|Lava Plume|p1a: Azumarill
|-resisted|p1a: Azumarill
|-damage|p1a: Azumarill|253\/342
|move|p1a: Azumarill|Aqua Tail|p2a: Heatran
|-supereffective|p2a: Heatran
|-damage|p2a: Heatran|0 fnt
|faint|p2a: Heatran
|
|
|switch|p2a: Gothitelle|Gothitelle, F|282\/282
|-damage|p2a: Gothitelle|247\/282|[from] Stealth Rock
|turn|19
|
|move|p2a: Gothitelle|Trick|p1a: Azumarill
|-activate|p2a: Gothitelle|move: Trick|[of] p1a: Azumarill
|-item|p1a: Azumarill|Choice Scarf|[from] move: Trick
|-item|p2a: Gothitelle|Assault Vest|[from] move: Trick
|move|p1a: Azumarill|Play Rough|p2a: Gothitelle
|-damage|p2a: Gothitelle|79\/282
|
|turn|20
|
|move|p2a: Gothitelle|Psychic|p1a: Azumarill
|-damage|p1a: Azumarill|109\/342
|move|p1a: Azumarill|Play Rough|p2a: Gothitelle
|-damage|p2a: Gothitelle|0 fnt
|faint|p2a: Gothitelle
|
|
|switch|p2a: Kyurem-Black|Kyurem-Black|404\/404
|-damage|p2a: Kyurem-Black|303\/404|[from] Stealth Rock
|-ability|p2a: Kyurem-Black|Teravolt
|turn|21
|
|move|p2a: Kyurem-Black|Fusion Bolt|p1a: Azumarill
|-supereffective|p1a: Azumarill
|-damage|p1a: Azumarill|0 fnt
|faint|p1a: Azumarill
|
|-heal|p2a: Kyurem-Black|328\/404|[from] item: Leftovers
|
|switch|p1a: Terrakion|Terrakion|323\/323
|-damage|p1a: Terrakion|303\/323|[from] Stealth Rock
|turn|22
|
|move|p1a: Terrakion|Stone Edge|p2a: Kyurem-Black
|-supereffective|p2a: Kyurem-Black
|-damage|p2a: Kyurem-Black|0 fnt
|faint|p2a: Kyurem-Black
|
|
|switch|p2a: Keldeo|Keldeo|303\/323
|-damage|p2a: Keldeo|283\/323|[from] Stealth Rock
|turn|23
|
|move|p1a: Terrakion|Close Combat|p2a: Keldeo
|-damage|p2a: Keldeo|60\/323
|-unboost|p1a: Terrakion|def|1
|-unboost|p1a: Terrakion|spd|1
|move|p2a: Keldeo|Scald|p1a: Terrakion
|-supereffective|p1a: Terrakion
|-damage|p1a: Terrakion|0 fnt
|faint|p1a: Terrakion
|
|
|switch|p1a: Gengar|Gengar, M|254\/262
|-damage|p1a: Gengar|222\/262|[from] Stealth Rock
|turn|24
|
|move|p1a: Gengar|Shadow Ball|p2a: Keldeo
|-damage|p2a: Keldeo|0 fnt
|faint|p2a: Keldeo
|
|-heal|p1a: Gengar|238\/262|[from] item: Black Sludge
|
|switch|p2a: Landorus-Therian|Landorus-Therian, M|203\/320
|-damage|p2a: Landorus-Therian|163\/320|[from] Stealth Rock
|-ability|p2a: Landorus-Therian|Intimidate|[of] p1a: Gengar
|-unboost|p1a: Gengar|atk|1
|turn|25
|
|move|p2a: Landorus-Therian|Knock Off|p1a: Gengar
|-supereffective|p1a: Gengar
|-damage|p1a: Gengar|0 fnt
|-enditem|p1a: Gengar|Black Sludge|[from] move: Knock Off|[of] p2a: Landorus-Therian
|faint|p1a: Gengar
|
|win|toshi crousti
|raw|Ladder updating...
|raw|d.d. survivor's rating: 1708 &rarr; <strong>1686<\/strong><br \/>(-22 for losing)
|raw|toshi crousti's rating: 1685 &rarr; <strong>1707<\/strong><br \/>(+22 for winning)
|chat|toshi crousti|gg