|join|d.d. survivor
|join|Mestre Drako
|player|p1|d.d. survivor|30
|player|p2|Mestre Drako|2
|gametype|singles
|gen|6
|tier|OU
|clearpoke
|poke|p1|Espeon, F
|poke|p1|Scolipede, M
|poke|p1|Zapdos
|poke|p1|Sylveon, M
|poke|p1|Mew, shiny
|poke|p1|Vaporeon, F
|poke|p2|Venusaur, M
|poke|p2|Greninja, M
|poke|p2|Kyurem-Black
|poke|p2|Terrakion
|poke|p2|Skarmory, M
|poke|p2|Dragonite, M
|rule|Sleep Clause Mod: Limit one foe put to sleep
|rule|Species Clause: Limit one of each Pokemon
|rule|OHKO Clause: OHKO moves are banned
|rule|Moody Clause: Moody is banned
|rule|Evasion Moves Clause: Evasion moves are banned
|rule|Endless Battle Clause: Forcing endless battles is banned.
|rule|HP Percentage Mod: HP is reported as percentages
|teampreview
|chat|Mestre Drako|isso não foi ban
|chat|Mestre Drako|isso foi ban
|join|returnss
|chat|Mestre Drako|batom pass
|join|Clisson
|chat|d.d. survivor|vai jogar nao?
|
|start
|switch|p1a: Scolipede|Scolipede, M|316\/316
|switch|p2a: Kyurem-Black|Kyurem-Black|391\/391
|-ability|p2a: Kyurem-Black|Teravolt
|turn|1
|
|move|p1a: Scolipede|Substitute|p1a: Scolipede
|-start|p1a: Scolipede|Substitute
|-damage|p1a: Scolipede|237\/316
|move|p2a: Kyurem-Black|Ice Beam|p1a: Scolipede
|-end|p1a: Scolipede|Substitute
|-damage|p2a: Kyurem-Black|352\/391|[from] item: Life Orb
|
|-boost|p1a: Scolipede|spe|1|[from] ability: Speed Boost
|turn|2
|
|move|p1a: Scolipede|Protect|p1a: Scolipede
|-singleturn|p1a: Scolipede|Protect
|move|p2a: Kyurem-Black|Ice Beam|p1a: Scolipede
|-activate|p1a: Scolipede|Protect
|
|-boost|p1a: Scolipede|spe|1|[from] ability: Speed Boost
|turn|3
|
|move|p1a: Scolipede|Substitute|p1a: Scolipede
|-start|p1a: Scolipede|Substitute
|-damage|p1a: Scolipede|158\/316
|move|p2a: Kyurem-Black|Fusion Bolt|p1a: Scolipede
|-end|p1a: Scolipede|Substitute
|-damage|p2a: Kyurem-Black|313\/391|[from] item: Life Orb
|
|-boost|p1a: Scolipede|spe|1|[from] ability: Speed Boost
|turn|4
|
|move|p1a: Scolipede|Protect|p1a: Scolipede
|-singleturn|p1a: Scolipede|Protect
|move|p2a: Kyurem-Black|Fusion Bolt|p1a: Scolipede
|-activate|p1a: Scolipede|Protect
|
|-boost|p1a: Scolipede|spe|1|[from] ability: Speed Boost
|turn|5
|
|move|p1a: Scolipede|Baton Pass|p1a: Scolipede
|
|switch|p1a: Zapdos|Zapdos|384\/384
|-ability|p1a: Zapdos|Pressure
|move|p2a: Kyurem-Black|Fusion Bolt|p1a: Zapdos
|-damage|p1a: Zapdos|263\/384
|-damage|p2a: Kyurem-Black|274\/391|[from] item: Life Orb
|
|-heal|p1a: Zapdos|287\/384|[from] item: Leftovers
|turn|6
|
|move|p1a: Zapdos|Baton Pass|p1a: Zapdos
|
|switch|p1a: Vaporeon|Vaporeon, F|448\/448
|move|p2a: Kyurem-Black|Ice Beam|p1a: Vaporeon
|-resisted|p1a: Vaporeon
|-damage|p1a: Vaporeon|334\/448
|-damage|p2a: Kyurem-Black|235\/391|[from] item: Life Orb
|
|-heal|p1a: Vaporeon|362\/448|[from] item: Leftovers
|turn|7
|
|move|p1a: Vaporeon|Acid Armor|p1a: Vaporeon
|-boost|p1a: Vaporeon|def|2
|move|p2a: Kyurem-Black|Fusion Bolt|p1a: Vaporeon
|-supereffective|p1a: Vaporeon
|-damage|p1a: Vaporeon|211\/448
|-damage|p2a: Kyurem-Black|196\/391|[from] item: Life Orb
|
|-heal|p1a: Vaporeon|239\/448|[from] item: Leftovers
|turn|8
|
|move|p1a: Vaporeon|Acid Armor|p1a: Vaporeon
|-boost|p1a: Vaporeon|def|2
|move|p2a: Kyurem-Black|Fusion Bolt|p1a: Vaporeon
|-supereffective|p1a: Vaporeon
|-damage|p1a: Vaporeon|138\/448
|-damage|p2a: Kyurem-Black|157\/391|[from] item: Life Orb
|
|-heal|p1a: Vaporeon|166\/448|[from] item: Leftovers
|turn|9
|
|move|p1a: Vaporeon|Substitute|p1a: Vaporeon
|-start|p1a: Vaporeon|Substitute
|-damage|p1a: Vaporeon|54\/448
|move|p2a: Kyurem-Black|Earth Power|p1a: Vaporeon
|-end|p1a: Vaporeon|Substitute
|-damage|p2a: Kyurem-Black|118\/391|[from] item: Life Orb
|
|-heal|p1a: Vaporeon|82\/448|[from] item: Leftovers
|turn|10
|
|move|p1a: Vaporeon|Baton Pass|p1a: Vaporeon
|
|switch|p1a: Mew|Mew, shiny|384\/384
|move|p2a: Kyurem-Black|Ice Beam|p1a: Mew
|-damage|p1a: Mew|240\/384
|-damage|p2a: Kyurem-Black|79\/391|[from] item: Life Orb
|
|-heal|p1a: Mew|264\/384|[from] item: Leftovers
|turn|11
|
|move|p1a: Mew|Amnesia|p1a: Mew
|-boost|p1a: Mew|spd|2
|move|p2a: Kyurem-Black|Ice Beam|p1a: Mew
|-damage|p1a: Mew|185\/384
|-status|p1a: Mew|frz
|-damage|p2a: Kyurem-Black|40\/391|[from] item: Life Orb
|
|-heal|p1a: Mew|209\/384 frz|[from] item: Leftovers
|turn|12
|
|cant|p1a: Mew|frz
|move|p2a: Kyurem-Black|Ice Beam|p1a: Mew
|-damage|p1a: Mew|123\/384 frz
|-damage|p2a: Kyurem-Black|1\/391|[from] item: Life Orb
|
|-heal|p1a: Mew|147\/384 frz|[from] item: Leftovers
|turn|13
|
|cant|p1a: Mew|frz
|move|p2a: Kyurem-Black|Ice Beam|p1a: Mew
|-damage|p1a: Mew|64\/384 frz
|-damage|p2a: Kyurem-Black|0 fnt|[from] item: Life Orb
|faint|p2a: Kyurem-Black
|
|-heal|p1a: Mew|88\/384 frz|[from] item: Leftovers
|
|switch|p2a: Greninja|Greninja, M|286\/286
|turn|14
|
|cant|p1a: Mew|frz
|-start|p2a: Greninja|typechange|Ice|[from] Protean
|move|p2a: Greninja|Ice Beam|p1a: Mew
|-damage|p1a: Mew|26\/384 frz
|-damage|p2a: Greninja|258\/286|[from] item: Life Orb
|
|-heal|p1a: Mew|50\/384 frz|[from] item: Leftovers
|turn|15
|
|cant|p1a: Mew|frz
|move|p2a: Greninja|Ice Beam|p1a: Mew
|-damage|p1a: Mew|0 fnt
|-damage|p2a: Greninja|230\/286|[from] item: Life Orb
|faint|p1a: Mew
|
|chat|Clisson|hax é foda demais
|
|switch|p1a: Scolipede|Scolipede, M|158\/316
|turn|16
|chat|Mestre Drako|sim
|chat|d.d. survivor|nem comento
|chat|returnss|VCS DE
|chat|returnss|BATON PASS
|
|move|p1a: Scolipede|Protect|p1a: Scolipede
|-singleturn|p1a: Scolipede|Protect
|move|p2a: Greninja|Ice Beam|p1a: Scolipede
|-activate|p1a: Scolipede|Protect
|
|-boost|p1a: Scolipede|spe|1|[from] ability: Speed Boost
|turn|17
|chat|returnss|N QUEREM NEM UM HAX
|chat|returnss|NÉ
|chat|returnss|BOA
|chat|returnss|(SUN)
|
|move|p1a: Scolipede|Substitute|p1a: Scolipede
|-start|p1a: Scolipede|Substitute
|-damage|p1a: Scolipede|79\/316
|move|p2a: Greninja|Ice Beam|p1a: Scolipede
|-end|p1a: Scolipede|Substitute
|-damage|p2a: Greninja|202\/286|[from] item: Life Orb
|
|-boost|p1a: Scolipede|spe|1|[from] ability: Speed Boost
|turn|18
|chat|Clisson|obviamente que nao queremos ne
|chat|Clisson|daa
|
|move|p1a: Scolipede|Protect|p1a: Scolipede
|-singleturn|p1a: Scolipede|Protect
|move|p2a: Greninja|Ice Beam|p1a: Scolipede
|-activate|p1a: Scolipede|Protect
|
|-boost|p1a: Scolipede|spe|1|[from] ability: Speed Boost
|turn|19
|
|move|p1a: Scolipede|Baton Pass|p1a: Scolipede
|
|switch|p1a: Sylveon|Sylveon, M|371\/371
|move|p2a: Greninja|Ice Beam|p1a: Sylveon
|-crit|p1a: Sylveon
|-damage|p1a: Sylveon|149\/371
|-damage|p2a: Greninja|174\/286|[from] item: Life Orb
|
|-heal|p1a: Sylveon|172\/371|[from] item: Leftovers
|turn|20
|chat|d.d. survivor|lol
|join|vicius chupa penis
|
|move|p1a: Sylveon|Calm Mind|p1a: Sylveon
|-boost|p1a: Sylveon|spa|1
|-boost|p1a: Sylveon|spd|1
|-start|p2a: Greninja|typechange|Water|[from] Protean
|move|p2a: Greninja|Hydro Pump|p1a: Sylveon
|-damage|p1a: Sylveon|62\/371
|-damage|p2a: Greninja|146\/286|[from] item: Life Orb
|
|-heal|p1a: Sylveon|85\/371|[from] item: Leftovers
|turn|21
|chat|vicius chupa penis|eae
|chat|vicius chupa penis|boato q aki rola uma partida
|
|move|p1a: Sylveon|Hyper Voice|p2a: Greninja
|-damage|p2a: Greninja|0 fnt
|faint|p2a: Greninja
|
|-heal|p1a: Sylveon|108\/371|[from] item: Leftovers
|
|switch|p2a: Venusaur|Venusaur, M|364\/364
|turn|22
|
|-formechange|p2a: Venusaur|Venusaur-Mega
|message|Venusaur has Mega Evolved into Mega Venusaur!
|move|p1a: Sylveon|Baton Pass|p1a: Sylveon
|
|switch|p1a: Espeon|Espeon, F|321\/321
|move|p2a: Venusaur|Sludge Bomb|p1a: Espeon
|-damage|p1a: Espeon|213\/321
|
|-heal|p1a: Espeon|233\/321|[from] item: Leftovers
|turn|23
|chat|vicius chupa penis|sludge denvo
|chat|vicius chupa penis|vai posion
|chat|Clisson|duvido nada
|chat|returnss|ESSE DRACO EH MT ESPERTO
|chat|returnss|MANO
|
|move|p1a: Espeon|Calm Mind|p1a: Espeon
|-boost|p1a: Espeon|spa|1
|-boost|p1a: Espeon|spd|1
|move|p2a: Venusaur|Sludge Bomb|p1a: Espeon
|-damage|p1a: Espeon|151\/321
|
|-heal|p1a: Espeon|171\/321|[from] item: Leftovers
|turn|24
|chat|vicius chupa penis|guei
|
|move|p1a: Espeon|Stored Power|p2a: Venusaur
|-supereffective|p2a: Venusaur
|-damage|p2a: Venusaur|0 fnt
|faint|p2a: Venusaur
|
|-heal|p1a: Espeon|191\/321|[from] item: Leftovers
|chat|vicius chupa penis|clisson
|
|switch|p2a: Dragonite|Dragonite, M|324\/324
|turn|25
|chat|vicius chupa penis|boatos q vc lambe taco ai
|chat|vicius chupa penis|vdd?
|chat|vicius chupa penis|return me contou
|chat|Clisson|'-'
|chat|Clisson|e a imaturidade rola solta
|chat|vicius chupa penis|clisson meu bom rapaz
|chat|vicius chupa penis|quantos anos tu tem?
|chat|Clisson|19
|chat|vicius chupa penis|pow
|chat|vicius chupa penis|velhao hein
|chat|vicius chupa penis|mito do po
|
|move|p1a: Espeon|Stored Power|p2a: Dragonite
|-damage|p2a: Dragonite|76\/324
|move|p2a: Dragonite|Dragon Claw|p1a: Espeon
|-damage|p1a: Espeon|8\/321
|
|-heal|p1a: Espeon|28\/321|[from] item: Leftovers
|-heal|p2a: Dragonite|96\/324|[from] item: Leftovers
|turn|26
|chat|Clisson|maturidade nao é questao de idade cara e sim de mente 
|join|Crosby S.
|chat|vicius chupa penis|eu sei man
|chat|vicius chupa penis|o.o
|chat|vicius chupa penis|vc sabe q somos amigos na real
|chat|vicius chupa penis|ta me reconhecendo n?
|chat|Clisson|entao
|chat|vicius chupa penis|marcelo la da padaria ai da esquina da sua casa
|
|move|p1a: Espeon|Stored Power|p2a: Dragonite
|-damage|p2a: Dragonite|0 fnt
|faint|p2a: Dragonite
|
|-heal|p1a: Espeon|48\/321|[from] item: Leftovers
|chat|returnss|CADE
|chat|vicius chupa penis|oirra
|chat|returnss|EXTREMESPEED
|chat|returnss|DEUS
|
|switch|p2a: Skarmory|Skarmory, M|334\/334
|turn|27
|chat|vicius chupa penis|cade es
|chat|vicius chupa penis|deus
|
|move|p1a: Espeon|Morning Sun|p1a: Espeon
|-heal|p1a: Espeon|208\/321
|move|p2a: Skarmory|Drill Peck|p1a: Espeon
|-damage|p1a: Espeon|123\/321
|
|-heal|p1a: Espeon|143\/321|[from] item: Leftovers
|turn|28
|chat|returnss|QUE TIME HORRIVEL
|chat|returnss|DRACO
|
|move|p1a: Espeon|Morning Sun|p1a: Espeon
|-heal|p1a: Espeon|303\/321
|move|p2a: Skarmory|Drill Peck|p1a: Espeon
|-damage|p1a: Espeon|221\/321
|
|-heal|p1a: Espeon|241\/321|[from] item: Leftovers
|turn|29
|chat|vicius chupa penis|whirwind
|chat|Crosby S.|kd extreme? :o
|chat|vicius chupa penis|passa por magic bounce
|
|move|p1a: Espeon|Stored Power|p2a: Skarmory
|-resisted|p2a: Skarmory
|-activate|p2a: Skarmory|Sturdy
|-damage|p2a: Skarmory|1\/334
|move|p2a: Skarmory|Drill Peck|p1a: Espeon
|-damage|p1a: Espeon|163\/321
|
|-heal|p1a: Espeon|183\/321|[from] item: Leftovers
|turn|30
|chat|vicius chupa penis|MEU DEUS
|chat|vicius chupa penis|SE APOSETEM
|
|move|p1a: Espeon|Stored Power|p2a: Skarmory
|-resisted|p2a: Skarmory
|-damage|p2a: Skarmory|0 fnt
|faint|p2a: Skarmory
|
|-heal|p1a: Espeon|203\/321|[from] item: Leftovers
|chat|vicius chupa penis|LIXOS
|chat|vicius chupa penis|ESCORIA
|
|switch|p2a: Terrakion|Terrakion|324\/324
|turn|31
|
|move|p1a: Espeon|Stored Power|p2a: Terrakion
|-supereffective|p2a: Terrakion
|-damage|p2a: Terrakion|0 fnt
|faint|p2a: Terrakion
|
|win|d.d. survivor
|leave|returnss
|leave|Crosby S.
|leave|vicius chupa penis