|join|youptralala
|join|VBD OTR
|player|p1|youptralala|76
|player|p2|VBD OTR|126
|gametype|singles
|gen|6
|tier|UU
|rated
|rule|Sleep Clause Mod: Limit one foe put to sleep
|rule|Species Clause: Limit one of each Pokémon
|rule|OHKO Clause: OHKO moves are banned
|rule|Moody Clause: Moody is banned
|rule|Evasion Moves Clause: Evasion moves are banned
|rule|Endless Battle Clause: Forcing endless battles is banned
|rule|HP Percentage Mod: HP is shown in percentages
|clearpoke
|poke|p1|Mienshao, F
|poke|p1|Raikou
|poke|p1|Aggron, M
|poke|p1|Entei, shiny
|poke|p1|Suicune
|poke|p1|Florges, F
|poke|p2|Dragalge, M
|poke|p2|Krookodile, M
|poke|p2|Starmie
|poke|p2|Mienshao, M
|poke|p2|Abomasnow, F
|poke|p2|Florges, F
|rule|Swagger Clause: Swagger is banned
|rule|Baton Pass Clause: Limit one Pokémon knowing Baton Pass
|teampreview
|
|start
|switch|p1a: Kaaris|Aggron, M|344\/344
|switch|p2a: Dragalge|Dragalge, M|292\/292
|turn|1
|join|OGWanka
|
|move|p2a: Dragalge|Focus Blast|p1a: Kaaris|[miss]
|-miss|p2a: Dragalge|p1a: Kaaris
|move|p1a: Kaaris|Heavy Slam|p2a: Dragalge
|-damage|p2a: Dragalge|136\/292
|
|turn|2
|
|switch|p2a: Krookodile|Krookodile, M|331\/331
|-ability|p2a: Krookodile|Intimidate|[of] p1a: Kaaris
|-unboost|p1a: Kaaris|atk|1
|detailschange|p1a: Kaaris|Aggron-Mega, M
|-mega|p1a: Kaaris|Aggron|Aggronite
|move|p1a: Kaaris|Dragon Tail|p2a: Krookodile
|-damage|p2a: Krookodile|282\/331
|drag|p2a: Starmie|Starmie|324\/324
|
|turn|3
|
|switch|p1a: Maitre Gims|Raikou|322\/322
|-ability|p1a: Maitre Gims|Pressure
|move|p2a: Starmie|Scald|p1a: Maitre Gims
|-damage|p1a: Maitre Gims|229\/322
|
|turn|4
|
|switch|p2a: Krookodile|Krookodile, M|282\/331
|-ability|p2a: Krookodile|Intimidate|[of] p1a: Maitre Gims
|-unboost|p1a: Maitre Gims|atk|1
|move|p1a: Maitre Gims|Shadow Ball|p2a: Krookodile
|-resisted|p2a: Krookodile
|-damage|p2a: Krookodile|194\/331
|
|turn|5
|
|move|p2a: Krookodile|Pursuit|p1a: Maitre Gims|[from]Pursuit
|-damage|p1a: Maitre Gims|13\/322
|switch|p1a: Orelsan|Suicune|404\/404
|-ability|p1a: Orelsan|Pressure
|
|turn|6
|
|move|p2a: Krookodile|Stealth Rock|p1a: Orelsan
|-sidestart|p1: youptralala|move: Stealth Rock
|move|p1a: Orelsan|Scald|p2a: Krookodile
|-supereffective|p2a: Krookodile
|-damage|p2a: Krookodile|0 fnt
|faint|p2a: Krookodile
|
|
|switch|p2a: Abomasnow|Abomasnow, F|384\/384
|turn|7
|
|switch|p1a: Rohff|Entei, shiny|434\/434
|-damage|p1a: Rohff|326\/434|[from] Stealth Rock
|-ability|p1a: Rohff|Pressure
|detailschange|p2a: Abomasnow|Abomasnow-Mega, F
|-mega|p2a: Abomasnow|Abomasnow|Abomasite
|-weather|Hail
|move|p2a: Abomasnow|Swords Dance|p2a: Abomasnow
|-boost|p2a: Abomasnow|atk|2
|
|-weather|Hail|[upkeep]
|-damage|p1a: Rohff|299\/434|[from] hail
|-heal|p1a: Rohff|326\/434|[from] item: Leftovers
|turn|8
|
|switch|p2a: Starmie|Starmie|324\/324
|move|p1a: Rohff|Sacred Fire|p2a: Starmie
|-resisted|p2a: Starmie
|-damage|p2a: Starmie|241\/324
|-status|p2a: Starmie|brn
|
|-weather|Hail|[upkeep]
|-damage|p2a: Starmie|221\/324 brn|[from] hail
|-damage|p1a: Rohff|299\/434|[from] hail
|-heal|p2a: Starmie|241\/324 brn|[from] item: Leftovers
|-heal|p1a: Rohff|326\/434|[from] item: Leftovers
|-damage|p2a: Starmie|201\/324 brn|[from] brn
|turn|9
|
|switch|p1a: Maitre Gims|Raikou|13\/322
|-damage|p1a: Maitre Gims|0 fnt|[from] Stealth Rock
|faint|p1a: Maitre Gims
|move|p2a: Starmie|Scald|p1: Maitre Gims|[notarget]
|-notarget
|
|-weather|Hail|[upkeep]
|-damage|p2a: Starmie|181\/324 brn|[from] hail
|-heal|p2a: Starmie|201\/324 brn|[from] item: Leftovers
|-damage|p2a: Starmie|161\/324 brn|[from] brn
|join|xDDDDDDDDDD
|c| OGWanka|col
|
|switch|p1a: Orelsan|Suicune|404\/404
|-damage|p1a: Orelsan|354\/404|[from] Stealth Rock
|-ability|p1a: Orelsan|Pressure
|turn|10
|
|switch|p2a: Abomasnow|Abomasnow-Mega, F|384\/384
|move|p1a: Orelsan|Scald|p2a: Abomasnow
|-resisted|p2a: Abomasnow
|-damage|p2a: Abomasnow|339\/384
|
|-weather|Hail|[upkeep]
|-damage|p1a: Orelsan|329\/404|[from] hail
|-heal|p1a: Orelsan|354\/404|[from] item: Leftovers
|turn|11
|
|move|p2a: Abomasnow|Swords Dance|p2a: Abomasnow
|-boost|p2a: Abomasnow|atk|2
|move|p1a: Orelsan|Roar|p2a: Abomasnow
|drag|p2a: Starmie|Starmie|161\/324
|
|-weather|none
|-heal|p2a: Starmie|181\/324|[from] item: Leftovers
|-heal|p1a: Orelsan|379\/404|[from] item: Leftovers
|turn|12
|
|move|p2a: Starmie|Recover|p2a: Starmie
|-heal|p2a: Starmie|324\/324
|move|p1a: Orelsan|Scald|p2a: Starmie
|-resisted|p2a: Starmie
|-damage|p2a: Starmie|273\/324
|
|-heal|p2a: Starmie|293\/324|[from] item: Leftovers
|-heal|p1a: Orelsan|404\/404|[from] item: Leftovers
|turn|13
|
|switch|p2a: Dragalge|Dragalge, M|136\/292
|move|p1a: Orelsan|Mirror Coat|p2a: Dragalge
|-fail|p2a: Dragalge
|
|turn|14
|
|move|p1a: Orelsan|Ice Beam|p2a: Dragalge
|-supereffective|p2a: Dragalge
|-damage|p2a: Dragalge|32\/292
|move|p2a: Dragalge|Sludge Wave|p1a: Orelsan
|-damage|p1a: Orelsan|194\/404
|-status|p1a: Orelsan|psn
|
|-heal|p1a: Orelsan|219\/404 psn|[from] item: Leftovers
|-damage|p1a: Orelsan|169\/404 psn|[from] psn
|turn|15
|
|switch|p1a: Seth Gueko|Mienshao, F|271\/271
|-damage|p1a: Seth Gueko|255\/271|[from] Stealth Rock
|move|p2a: Dragalge|Sludge Wave|p1a: Seth Gueko
|-damage|p1a: Seth Gueko|0 fnt
|faint|p1a: Seth Gueko
|
|-message|youptralala forfeited.
|leave|youptralala
|
|win|VBD OTR
|raw|Ladder updating...
|leave|xDDDDDDDDDD
|player|p1
|raw|youptralala's rating: 1362 &rarr; <strong>1348<\/strong><br \/>(-14 for losing)
|raw|VBD OTR's rating: 1480 &rarr; <strong>1493<\/strong><br \/>(+13 for winning)
|leave|VBD OTR
|player|p2
|leave|OGWanka