|join|VBD OTR
|join|Shanksaw
|player|p1|VBD OTR|126
|player|p2|Shanksaw|131
|gametype|singles
|gen|6
|tier|UU
|rated
|rule|Sleep Clause Mod: Limit one foe put to sleep
|rule|Species Clause: Limit one of each Pokémon
|rule|OHKO Clause: OHKO moves are banned
|rule|Moody Clause: Moody is banned
|rule|Evasion Moves Clause: Evasion moves are banned
|rule|Endless Battle Clause: Forcing endless battles is banned
|rule|HP Percentage Mod: HP is shown in percentages
|clearpoke
|poke|p1|Dragalge, F
|poke|p1|Krookodile, F
|poke|p1|Starmie
|poke|p1|Mienshao, M
|poke|p1|Abomasnow, M
|poke|p1|Florges, F
|poke|p2|Dugtrio, M
|poke|p2|Lucario, M
|poke|p2|Rotom-Heat
|poke|p2|Porygon2
|poke|p2|Flygon, F
|poke|p2|Empoleon, M
|rule|Swagger Clause: Swagger is banned
|rule|Baton Pass Clause: Limit one Pokémon knowing Baton Pass
|teampreview
|
|start
|switch|p1a: Starmie|Starmie|324\/324
|switch|p2a: Flygon|Flygon, F|301\/301
|turn|1
|join|Ghostlyy
|
|move|p2a: Flygon|Earthquake|p1a: Starmie
|-damage|p1a: Starmie|125\/324
|move|p1a: Starmie|Ice Beam|p2a: Flygon
|-supereffective|p2a: Flygon
|-damage|p2a: Flygon|0 fnt
|faint|p2a: Flygon
|
|-heal|p1a: Starmie|145\/324|[from] item: Leftovers
|
|switch|p2a: Dugtrio|Dugtrio, M|211\/211
|turn|2
|
|move|p2a: Dugtrio|Sucker Punch|p1a: Starmie
|-fail|p1a: Starmie
|move|p1a: Starmie|Recover|p1a: Starmie
|-heal|p1a: Starmie|307\/324
|
|-heal|p1a: Starmie|324\/324|[from] item: Leftovers
|turn|3
|c|★VBD OTR|lol
|c|★Shanksaw|well i was expecting the switch
|
|move|p2a: Dugtrio|Sucker Punch|p1a: Starmie
|-supereffective|p1a: Starmie
|-damage|p1a: Starmie|124\/324
|move|p1a: Starmie|Scald|p2a: Dugtrio
|-supereffective|p2a: Dugtrio
|-damage|p2a: Dugtrio|0 fnt
|faint|p2a: Dugtrio
|
|-heal|p1a: Starmie|144\/324|[from] item: Leftovers
|c| Ghostlyy|. . .
|
|switch|p2a: Porygon2|Porygon2|373\/373
|turn|4
|c| Ghostlyy|It deserved to die  o3o
|
|switch|p1a: Krookodile|Krookodile, F|331\/331
|-ability|p1a: Krookodile|Intimidate|[of] p2a: Porygon2
|-unboost|p2a: Porygon2|atk|1
|move|p2a: Porygon2|Discharge|p1a: Krookodile
|-immune|p1a: Krookodile|[msg]
|
|turn|5
|
|move|p1a: Krookodile|Knock Off|p2a: Porygon2
|-damage|p2a: Porygon2|241\/373
|-enditem|p2a: Porygon2|Eviolite|[from] move: Knock Off|[of] p1a: Krookodile
|move|p2a: Porygon2|Tri Attack|p1a: Krookodile
|-damage|p1a: Krookodile|102\/331
|
|turn|6
|c|★Shanksaw|i gave up
|c|★Shanksaw|i already made 2 bad plays
|
|move|p1a: Krookodile|Earthquake|p2a: Porygon2
|-damage|p2a: Porygon2|49\/373
|move|p2a: Porygon2|Tri Attack|p1a: Krookodile
|-damage|p1a: Krookodile|0 fnt
|faint|p1a: Krookodile
|
|
|switch|p1a: Mienshao|Mienshao, M|271\/271
|turn|7
|
|switch|p2a: Rotom-Heat|Rotom-Heat|241\/241
|move|p1a: Mienshao|High Jump Kick|p2a: Rotom-Heat
|-damage|p2a: Rotom-Heat|0 fnt
|faint|p2a: Rotom-Heat
|
|leave|Ghostlyy
|
|switch|p2a: Empoleon|Empoleon, M|372\/372
|turn|8
|
|move|p1a: Mienshao|High Jump Kick|p2a: Empoleon
|-supereffective|p2a: Empoleon
|-damage|p2a: Empoleon|0 fnt
|faint|p2a: Empoleon
|
|
|switch|p2a: Lucario|Lucario, M|281\/281
|turn|9
|
|move|p1a: Mienshao|High Jump Kick|p2a: Lucario
|-crit|p2a: Lucario
|-supereffective|p2a: Lucario
|-enditem|p2a: Lucario|Focus Sash
|-damage|p2a: Lucario|1\/281
|move|p2a: Lucario|Flash Cannon|p1a: Mienshao
|-damage|p1a: Mienshao|72\/271
|-unboost|p1a: Mienshao|spd|1
|
|turn|10
|
|switch|p1a: Starmie|Starmie|144\/324
|move|p2a: Lucario|Vacuum Wave|p1a: Starmie
|-resisted|p1a: Starmie
|-damage|p1a: Starmie|108\/324
|
|-heal|p1a: Starmie|128\/324|[from] item: Leftovers
|turn|11
|
|move|p2a: Lucario|Flash Cannon|p1a: Starmie
|-resisted|p1a: Starmie
|-damage|p1a: Starmie|54\/324
|move|p1a: Starmie|Scald|p2a: Lucario
|-damage|p2a: Lucario|0 fnt
|faint|p2a: Lucario
|
|-heal|p1a: Starmie|74\/324|[from] item: Leftovers
|
|switch|p2a: Porygon2|Porygon2|49\/373
|turn|12
|
|move|p1a: Starmie|Scald|p2a: Porygon2
|-damage|p2a: Porygon2|0 fnt
|faint|p2a: Porygon2
|
|win|VBD OTR
|raw|Ladder updating...
|raw|VBD OTR's rating: 1390 &rarr; <strong>1408<\/strong><br \/>(+18 for winning)
|raw|Shanksaw's rating: 1350 &rarr; <strong>1333<\/strong><br \/>(-17 for losing)
|c|★VBD OTR|gg