|join|Mega Pidgeotto
|join|Dad's Dad
|player|p1|Mega Pidgeotto|171
|player|p2|Dad's Dad|183
|gametype|singles
|gen|6
|tier|UU
|rated
|rule|Sleep Clause Mod: Limit one foe put to sleep
|rule|Species Clause: Limit one of each Pokémon
|rule|OHKO Clause: OHKO moves are banned
|rule|Moody Clause: Moody is banned
|rule|Evasion Moves Clause: Evasion moves are banned
|rule|Endless Battle Clause: Forcing endless battles is banned
|rule|HP Percentage Mod: HP is shown in percentages
|clearpoke
|poke|p1|Infernape, M
|poke|p1|Celebi
|poke|p1|Tornadus, M
|poke|p1|Swampert, M
|poke|p1|Qwilfish, F
|poke|p1|Jirachi
|poke|p2|Reuniclus, M
|poke|p2|Machamp, M
|poke|p2|Hippowdon, F
|poke|p2|Hydreigon, M
|poke|p2|Jirachi
|poke|p2|Suicune
|rule|Swagger Clause: Swagger is banned
|rule|Baton Pass Clause: Limit one Pokémon knowing Baton Pass
|teampreview
|c|★Mega Pidgeotto|o
|c|★Mega Pidgeotto|hi
|
|start
|switch|p1a: Infernape|Infernape, M|293\/293
|switch|p2a: Muhammad Ali|Machamp, M|343\/343
|turn|1
|c|★Dad's Dad|hi
|
|move|p1a: Infernape|Stealth Rock|p2a: Muhammad Ali
|-sidestart|p2: Dad's Dad|move: Stealth Rock
|move|p2a: Muhammad Ali|Close Combat|p1a: Infernape
|-enditem|p1a: Infernape|Focus Sash
|-damage|p1a: Infernape|1\/293
|-unboost|p2a: Muhammad Ali|def|1
|-unboost|p2a: Muhammad Ali|spd|1
|
|turn|2
|
|move|p2a: Muhammad Ali|Bullet Punch|p1a: Infernape
|-resisted|p1a: Infernape
|-damage|p1a: Infernape|0 fnt
|faint|p1a: Infernape
|
|join|Trickster09
|
|switch|p1a: Tornadus|Tornadus, M|299\/299
|turn|3
|leave|Trickster09
|
|switch|p2a: Jewrachi|Jirachi|341\/341
|-damage|p2a: Jewrachi|320\/341|[from] Stealth Rock
|move|p1a: Tornadus|Hurricane|p2a: Jewrachi
|-resisted|p2a: Jewrachi
|-damage|p2a: Jewrachi|226\/341
|
|turn|4
|
|move|p1a: Tornadus|Rain Dance|p1a: Tornadus
|-weather|RainDance
|move|p2a: Jewrachi|U-turn|p1a: Tornadus
|-resisted|p1a: Tornadus
|-damage|p1a: Tornadus|252\/299
|
|switch|p2a: Daemon Blackfyre|Hydreigon, M|337\/337
|-damage|p2a: Daemon Blackfyre|295\/337|[from] Stealth Rock
|
|-weather|RainDance|[upkeep]
|-heal|p2a: Daemon Blackfyre|316\/337|[from] item: Leftovers
|turn|5
|
|move|p1a: Tornadus|Hurricane|p2a: Daemon Blackfyre
|-damage|p2a: Daemon Blackfyre|102\/337
|move|p2a: Daemon Blackfyre|Draco Meteor|p1a: Tornadus|[miss]
|-miss|p2a: Daemon Blackfyre|p1a: Tornadus
|
|-weather|RainDance|[upkeep]
|-heal|p2a: Daemon Blackfyre|123\/337|[from] item: Leftovers
|turn|6
|
|switch|p2a: Jewrachi|Jirachi|226\/341
|-damage|p2a: Jewrachi|205\/341|[from] Stealth Rock
|move|p1a: Tornadus|Hurricane|p2a: Jewrachi
|-resisted|p2a: Jewrachi
|-damage|p2a: Jewrachi|104\/341
|
|-weather|RainDance|[upkeep]
|turn|7
|
|switch|p1a: Swampert|Swampert, M|347\/347
|move|p2a: Jewrachi|Iron Head|p1a: Swampert
|-resisted|p1a: Swampert
|-damage|p1a: Swampert|276\/347
|
|-weather|RainDance|[upkeep]
|turn|8
|
|switch|p2a: Robb Stark|Suicune|404\/404
|-damage|p2a: Robb Stark|354\/404|[from] Stealth Rock
|-ability|p2a: Robb Stark|Pressure
|detailschange|p1a: Swampert|Swampert-Mega, M
|-mega|p1a: Swampert|Swampert|Swampertite
|move|p1a: Swampert|Earthquake|p2a: Robb Stark
|-damage|p2a: Robb Stark|222\/404
|
|-weather|RainDance|[upkeep]
|-heal|p2a: Robb Stark|247\/404|[from] item: Leftovers
|turn|9
|
|switch|p1a: Celebi|Celebi|341\/341
|move|p2a: Robb Stark|Scald|p1a: Celebi
|-resisted|p1a: Celebi
|-damage|p1a: Celebi|272\/341
|
|-weather|RainDance|[upkeep]
|-heal|p1a: Celebi|293\/341|[from] item: Leftovers
|-heal|p2a: Robb Stark|272\/404|[from] item: Leftovers
|turn|10
|
|switch|p2a: Jewrachi|Jirachi|104\/341
|-damage|p2a: Jewrachi|83\/341|[from] Stealth Rock
|move|p1a: Celebi|Nasty Plot|p1a: Celebi
|-boost|p1a: Celebi|spa|2
|
|-weather|RainDance|[upkeep]
|-heal|p1a: Celebi|314\/341|[from] item: Leftovers
|turn|11
|
|switch|p1a: Tornadus|Tornadus, M|252\/299
|move|p2a: Jewrachi|Trick|p1a: Tornadus
|-activate|p2a: Jewrachi|move: Trick|[of] p1a: Tornadus
|-item|p1a: Tornadus|Choice Scarf|[from] move: Trick
|-item|p2a: Jewrachi|Damp Rock|[from] move: Trick
|
|-weather|none
|turn|12
|
|move|p1a: Tornadus|Rain Dance|p1a: Tornadus
|-weather|RainDance
|move|p2a: Jewrachi|Healing Wish|p2a: Jewrachi
|faint|p2a: Jewrachi
|
|-weather|RainDance|[upkeep]
|
|switch|p2a: Daemon Blackfyre|Hydreigon, M|123\/337
|-heal|p2a: Daemon Blackfyre|337\/337|[from] move: Healing Wish
|-damage|p2a: Daemon Blackfyre|295\/337|[from] Stealth Rock
|turn|13
|
|switch|p1a: Jirachi|Jirachi|341\/341
|move|p2a: Daemon Blackfyre|Dark Pulse|p1a: Jirachi
|-supereffective|p1a: Jirachi
|-damage|p1a: Jirachi|71\/341
|
|-weather|RainDance|[upkeep]
|-heal|p2a: Daemon Blackfyre|316\/337|[from] item: Leftovers
|turn|14
|
|move|p1a: Jirachi|U-turn|p2a: Daemon Blackfyre
|-supereffective|p2a: Daemon Blackfyre
|-damage|p2a: Daemon Blackfyre|162\/337
|
|switch|p1a: Swampert|Swampert-Mega, M|276\/347
|move|p2a: Daemon Blackfyre|Dark Pulse|p1a: Swampert
|-damage|p1a: Swampert|155\/347
|
|-weather|RainDance|[upkeep]
|-heal|p2a: Daemon Blackfyre|183\/337|[from] item: Leftovers
|turn|15
|
|switch|p2a: Hoes Off Instagram|Hippowdon, F|420\/420
|-damage|p2a: Hoes Off Instagram|394\/420|[from] Stealth Rock
|-weather|Sandstorm
|move|p1a: Swampert|Ice Punch|p2a: Hoes Off Instagram
|-supereffective|p2a: Hoes Off Instagram
|-damage|p2a: Hoes Off Instagram|242\/420
|
|-weather|Sandstorm|[upkeep]
|-heal|p2a: Hoes Off Instagram|268\/420|[from] item: Leftovers
|turn|16
|
|switch|p2a: Baymax|Reuniclus, M|421\/421
|move|p1a: Swampert|Rain Dance|p1a: Swampert
|-weather|RainDance
|
|-weather|RainDance|[upkeep]
|turn|17
|
|switch|p2a: Hoes Off Instagram|Hippowdon, F|268\/420
|-damage|p2a: Hoes Off Instagram|242\/420|[from] Stealth Rock
|-weather|Sandstorm
|move|p1a: Swampert|Waterfall|p2a: Hoes Off Instagram
|-supereffective|p2a: Hoes Off Instagram
|-damage|p2a: Hoes Off Instagram|0 fnt
|faint|p2a: Hoes Off Instagram
|
|-weather|Sandstorm|[upkeep]
|
|switch|p2a: Daemon Blackfyre|Hydreigon, M|183\/337
|-damage|p2a: Daemon Blackfyre|141\/337|[from] Stealth Rock
|turn|18
|
|move|p2a: Daemon Blackfyre|Draco Meteor|p1a: Swampert
|-damage|p1a: Swampert|0 fnt
|-unboost|p2a: Daemon Blackfyre|spa|2
|faint|p1a: Swampert
|
|-weather|Sandstorm|[upkeep]
|-damage|p2a: Daemon Blackfyre|120\/337|[from] sandstorm
|-heal|p2a: Daemon Blackfyre|141\/337|[from] item: Leftovers
|
|switch|p1a: Jirachi|Jirachi|71\/341
|turn|19
|
|switch|p2a: Muhammad Ali|Machamp, M|343\/343
|-damage|p2a: Muhammad Ali|322\/343|[from] Stealth Rock
|move|p1a: Jirachi|U-turn|p2a: Muhammad Ali
|-resisted|p2a: Muhammad Ali
|-damage|p2a: Muhammad Ali|284\/343
|
|switch|p1a: Tornadus|Tornadus, M|252\/299
|
|-weather|Sandstorm|[upkeep]
|-damage|p1a: Tornadus|234\/299|[from] sandstorm
|-damage|p2a: Muhammad Ali|263\/343|[from] sandstorm
|turn|20
|
|move|p1a: Tornadus|Rain Dance|p1a: Tornadus
|-weather|RainDance
|move|p2a: Muhammad Ali|Ice Punch|p1a: Tornadus
|-crit|p1a: Tornadus
|-supereffective|p1a: Tornadus
|-damage|p1a: Tornadus|0 fnt
|faint|p1a: Tornadus
|
|-weather|RainDance|[upkeep]
|
|switch|p1a: Qwilfish|Qwilfish, F|271\/271
|turn|21
|
|move|p1a: Qwilfish|Waterfall|p2a: Muhammad Ali
|-damage|p2a: Muhammad Ali|0 fnt
|-damage|p1a: Qwilfish|244\/271|[from] item: Life Orb
|faint|p2a: Muhammad Ali
|
|-weather|RainDance|[upkeep]
|
|switch|p2a: Baymax|Reuniclus, M|421\/421
|turn|22
|
|move|p1a: Qwilfish|Waterfall|p2a: Baymax
|-damage|p2a: Baymax|209\/421
|-damage|p1a: Qwilfish|217\/271|[from] item: Life Orb
|cant|p2a: Baymax|flinch
|
|-weather|RainDance|[upkeep]
|-heal|p2a: Baymax|235\/421|[from] item: Leftovers
|turn|23
|c|★Mega Pidgeotto|sorE
|
|move|p1a: Qwilfish|Explosion|p2a: Baymax
|-damage|p2a: Baymax|0 fnt
|faint|p1a: Qwilfish
|faint|p2a: Baymax
|
|-weather|RainDance|[upkeep]
|c|★Dad's Dad|hahaha
|
|switch|p1a: Celebi|Celebi|314\/341
|switch|p2a: Robb Stark|Suicune|272\/404
|-damage|p2a: Robb Stark|222\/404|[from] Stealth Rock
|-ability|p2a: Robb Stark|Pressure
|turn|24
|c|★Mega Pidgeotto|i think celebi won anyway
|c|★Mega Pidgeotto|lol
|c|★Dad's Dad|yh u win
|
|move|p1a: Celebi|Nasty Plot|p1a: Celebi
|-boost|p1a: Celebi|spa|2
|move|p2a: Robb Stark|Scald|p1a: Celebi
|-resisted|p1a: Celebi
|-damage|p1a: Celebi|252\/341
|
|-weather|none
|-heal|p1a: Celebi|273\/341|[from] item: Leftovers
|-heal|p2a: Robb Stark|247\/404|[from] item: Leftovers
|turn|25
|c|★Mega Pidgeotto|lefties hydreigon why o.o
|c|★Dad's Dad|beats most walls not named florges
|
|move|p1a: Celebi|Giga Drain|p2a: Robb Stark
|-supereffective|p2a: Robb Stark
|-damage|p2a: Robb Stark|0 fnt
|-heal|p1a: Celebi|341\/341|[from] drain|[of] p2a: Robb Stark
|faint|p2a: Robb Stark
|
|
|switch|p2a: Daemon Blackfyre|Hydreigon, M|141\/337
|-damage|p2a: Daemon Blackfyre|99\/337|[from] Stealth Rock
|turn|26
|c|★Mega Pidgeotto|oh taunt?
|c|★Dad's Dad|yh
|
|move|p1a: Celebi|Giga Drain|p2a: Daemon Blackfyre
|-resisted|p2a: Daemon Blackfyre
|-damage|p2a: Daemon Blackfyre|0 fnt
|faint|p2a: Daemon Blackfyre
|
|win|Mega Pidgeotto
|raw|Ladder updating...
|c|★Mega Pidgeotto|nice
|c|★Mega Pidgeotto|gg
|raw|Mega Pidgeotto's rating: 1452 &rarr; <strong>1479<\/strong><br \/>(+27 for winning)
|raw|Dad&apos;s Dad's rating: 1570 &rarr; <strong>1543<\/strong><br \/>(-27 for losing)
|c|★Dad's Dad|gg