|join|mega pidgeotto
|join|trevor ellis
|player|p1|mega pidgeotto|171
|player|p2|trevor ellis|112
|gametype|singles
|gen|6
|tier|UU
|rated
|rule|Sleep Clause Mod: Limit one foe put to sleep
|rule|Species Clause: Limit one of each Pokémon
|rule|OHKO Clause: OHKO moves are banned
|rule|Moody Clause: Moody is banned
|rule|Evasion Moves Clause: Evasion moves are banned
|rule|Endless Battle Clause: Forcing endless battles is banned
|rule|HP Percentage Mod: HP is shown in percentages
|clearpoke
|poke|p1|Reuniclus, F
|poke|p1|Snorlax, F
|poke|p1|Florges, F
|poke|p1|Krookodile, F
|poke|p1|Infernape, M
|poke|p1|Pidgeot, M
|poke|p2|Hydreigon, M
|poke|p2|Beedrill, M
|poke|p2|Entei, shiny
|poke|p2|Starmie
|poke|p2|Doublade, F
|poke|p2|Seismitoad, F
|rule|Swagger Clause: Swagger is banned
|rule|Baton Pass Clause: Limit one Pokémon knowing Baton Pass
|teampreview
|
|start
|switch|p1a: Krookodile|Krookodile, F|331\/331
|switch|p2a: Beedrill|Beedrill, M|271\/271
|-ability|p1a: Krookodile|Intimidate|[of] p2a: Beedrill
|-unboost|p2a: Beedrill|atk|1
|turn|1
|
|detailschange|p2a: Beedrill|Beedrill-Mega, M
|-mega|p2a: Beedrill|Beedrill|Beedrillite
|move|p2a: Beedrill|Protect|p2a: Beedrill
|-singleturn|p2a: Beedrill|Protect
|move|p1a: Krookodile|Earthquake|p2a: Beedrill
|-activate|p2a: Beedrill|Protect
|
|turn|2
|
|move|p2a: Beedrill|U-turn|p1a: Krookodile
|-supereffective|p1a: Krookodile
|-damage|p1a: Krookodile|31\/331
|
|move|p1a: Krookodile|Pursuit|p2a: Beedrill|[from]Pursuit
|-damage|p2a: Beedrill|0 fnt
|faint|p2a: Beedrill
|
|
|switch|p2a: Seismitoad|Seismitoad, F|413\/413
|turn|3
|
|move|p1a: Krookodile|Knock Off|p2a: Seismitoad
|-damage|p2a: Seismitoad|251\/413
|-enditem|p2a: Seismitoad|Leftovers|[from] move: Knock Off|[of] p1a: Krookodile
|move|p2a: Seismitoad|Scald|p1a: Krookodile
|-supereffective|p1a: Krookodile
|-damage|p1a: Krookodile|0 fnt
|faint|p1a: Krookodile
|
|
|switch|p1a: Pidgeot|Pidgeot, M|307\/307
|turn|4
|
|detailschange|p1a: Pidgeot|Pidgeot-Mega, M
|-mega|p1a: Pidgeot|Pidgeot|Pidgeotite
|move|p1a: Pidgeot|Hurricane|p2a: Seismitoad
|-damage|p2a: Seismitoad|0 fnt
|faint|p2a: Seismitoad
|
|
|switch|p2a: Entei|Entei, shiny|371\/371
|-ability|p2a: Entei|Pressure
|turn|5
|
|switch|p1a: Snorlax|Snorlax, F|513\/513
|move|p2a: Entei|Flare Blitz|p1a: Snorlax
|-damage|p1a: Snorlax|311\/513
|-status|p1a: Snorlax|brn
|-damage|p2a: Entei|304\/371|[from] recoil|[of] p1a: Snorlax
|
|-heal|p1a: Snorlax|343\/513 brn|[from] item: Leftovers
|-damage|p1a: Snorlax|279\/513 brn|[from] brn
|turn|6
|
|switch|p2a: Doublade|Doublade, F|321\/321
|move|p1a: Snorlax|Rest|p1a: Snorlax
|-status|p1a: Snorlax|slp
|-heal|p1a: Snorlax|513\/513 slp|[silent]
|-status|p1a: Snorlax|slp|[from] move: Rest
|
|turn|7
|
|switch|p2a: Starmie|Starmie|261\/261
|switch|p1a: Pidgeot|Pidgeot-Mega, M|307\/307
|
|turn|8
|
|move|p1a: Pidgeot|Hurricane|p2a: Starmie
|-damage|p2a: Starmie|26\/261
|move|p2a: Starmie|Hydro Pump|p1a: Pidgeot
|-crit|p1a: Pidgeot
|-damage|p1a: Pidgeot|0 fnt
|-damage|p2a: Starmie|0 fnt|[from] item: Life Orb
|faint|p1a: Pidgeot
|faint|p2a: Starmie
|
|
|switch|p1a: Infernape|Infernape, M|293\/293
|switch|p2a: Doublade|Doublade, F|321\/321
|turn|9
|
|switch|p2a: Hydreigon|Hydreigon, M|325\/325
|move|p1a: Infernape|Fire Blast|p2a: Hydreigon
|-resisted|p2a: Hydreigon
|-damage|p2a: Hydreigon|215\/325
|-status|p2a: Hydreigon|brn
|-damage|p1a: Infernape|264\/293|[from] item: Life Orb
|
|-damage|p2a: Hydreigon|175\/325 brn|[from] brn
|turn|10
|
|switch|p1a: Reuniclus|Reuniclus, F|423\/423
|move|p2a: Hydreigon|U-turn|p1a: Reuniclus
|-supereffective|p1a: Reuniclus
|-damage|p1a: Reuniclus|375\/423
|
|switch|p2a: Doublade|Doublade, F|321\/321
|
|-heal|p1a: Reuniclus|401\/423|[from] item: Leftovers
|turn|11
|
|switch|p1a: Infernape|Infernape, M|264\/293
|move|p2a: Doublade|Shadow Sneak|p1a: Infernape
|-damage|p1a: Infernape|165\/293
|
|turn|12
|
|switch|p2a: Hydreigon|Hydreigon, M|175\/325 brn
|move|p1a: Infernape|Fire Blast|p2a: Hydreigon|[miss]
|-miss|p1a: Infernape|p2a: Hydreigon
|
|-damage|p2a: Hydreigon|135\/325 brn|[from] brn
|turn|13
|
|move|p1a: Infernape|Vacuum Wave|p2a: Hydreigon
|-supereffective|p2a: Hydreigon
|-damage|p2a: Hydreigon|0 fnt
|-damage|p1a: Infernape|136\/293|[from] item: Life Orb
|faint|p2a: Hydreigon
|
|
|switch|p2a: Entei|Entei, shiny|304\/371
|-ability|p2a: Entei|Pressure
|turn|14
|
|switch|p2a: Doublade|Doublade, F|321\/321
|move|p1a: Infernape|Fire Blast|p2a: Doublade
|-crit|p2a: Doublade
|-supereffective|p2a: Doublade
|-damage|p2a: Doublade|0 fnt
|-damage|p1a: Infernape|107\/293|[from] item: Life Orb
|faint|p2a: Doublade
|
|c|★mega pidgeotto|ah
|c|★mega pidgeotto|easy
|leave|trevor ellis
|player|p2
|-message|trevorellis lost due to inactivity.
|
|win|mega pidgeotto
|raw|Ladder updating...
|raw|mega pidgeotto's rating: 1571 &rarr; <strong>1587<\/strong><br \/>(+16 for winning)
|raw|trevor ellis's rating: 1503 &rarr; <strong>1487<\/strong><br \/>(-16 for losing)