|join|mega pidgeotto
|join|Ortheore
|player|p1|mega pidgeotto|171
|player|p2|Ortheore|80
|gametype|singles
|gen|6
|tier|UU
|rated
|rule|Sleep Clause Mod: Limit one foe put to sleep
|rule|Species Clause: Limit one of each Pokémon
|rule|OHKO Clause: OHKO moves are banned
|rule|Moody Clause: Moody is banned
|rule|Evasion Moves Clause: Evasion moves are banned
|rule|Endless Battle Clause: Forcing endless battles is banned
|rule|HP Percentage Mod: HP is shown in percentages
|clearpoke
|poke|p1|Serperior, M
|poke|p1|Aggron, F
|poke|p1|Slowking, F
|poke|p1|Krookodile, F
|poke|p1|Florges, F
|poke|p1|Mienshao, F
|poke|p2|Blissey, F
|poke|p2|Crobat, M
|poke|p2|Swampert, M
|poke|p2|Spiritomb, F
|poke|p2|Jirachi
|poke|p2|Blastoise, M
|rule|Swagger Clause: Swagger is banned
|rule|Baton Pass Clause: Limit one Pokémon knowing Baton Pass
|teampreview
|
|start
|switch|p1a: Serperior|Serperior, M|291\/291
|switch|p2a: Blastoise|Blastoise, M|361\/361
|turn|1
|
|switch|p2a: Blissey|Blissey, F|713\/713
|move|p1a: Serperior|Leaf Storm|p2a: Blissey
|-damage|p2a: Blissey|562\/713
|-boost|p1a: Serperior|spa|2
|
|-heal|p2a: Blissey|606\/713|[from] item: Leftovers
|turn|2
|
|move|p1a: Serperior|Taunt|p2a: Blissey
|-start|p2a: Blissey|move: Taunt
|cant|p2a: Blissey|move: Taunt|Toxic
|
|-heal|p2a: Blissey|650\/713|[from] item: Leftovers
|turn|3
|
|move|p1a: Serperior|Leaf Storm|p2a: Blissey
|-damage|p2a: Blissey|353\/713
|-boost|p1a: Serperior|spa|2
|move|p2a: Blissey|Seismic Toss|p1a: Serperior
|-damage|p1a: Serperior|191\/291
|
|-heal|p2a: Blissey|397\/713|[from] item: Leftovers
|turn|4
|
|switch|p2a: Crobat|Crobat, M|373\/373
|move|p1a: Serperior|Leaf Storm|p2a: Crobat
|-resisted|p2a: Crobat
|-damage|p2a: Crobat|199\/373
|-boost|p1a: Serperior|spa|2
|
|-heal|p2a: Crobat|222\/373|[from] item: Black Sludge
|turn|5
|join|Snowballin
|
|switch|p1a: Aggron|Aggron, F|344\/344
|move|p2a: Crobat|Brave Bird|p1a: Aggron
|-resisted|p1a: Aggron
|-damage|p1a: Aggron|325\/344
|-damage|p2a: Crobat|216\/373|[from] recoil|[of] p1a: Aggron
|
|-heal|p2a: Crobat|239\/373|[from] item: Black Sludge
|turn|6
|
|detailschange|p1a: Aggron|Aggron-Mega, F
|-mega|p1a: Aggron|Aggron|Aggronite
|move|p2a: Crobat|Taunt|p1a: Aggron
|-start|p1a: Aggron|move: Taunt
|cant|p1a: Aggron|move: Taunt|Stealth Rock
|
|-heal|p2a: Crobat|262\/373|[from] item: Black Sludge
|turn|7
|
|switch|p2a: Swampert|Swampert, M|403\/403
|move|p1a: Aggron|Earthquake|p2a: Swampert
|-damage|p2a: Swampert|317\/403
|
|-heal|p2a: Swampert|342\/403|[from] item: Leftovers
|turn|8
|
|switch|p1a: Serperior|Serperior, M|191\/291
|move|p2a: Swampert|Stealth Rock|p1a: Serperior
|-sidestart|p1: mega pidgeotto|move: Stealth Rock
|
|-heal|p2a: Swampert|367\/403|[from] item: Leftovers
|turn|9
|
|switch|p1a: Aggron|Aggron-Mega, F|325\/344
|-damage|p1a: Aggron|304\/344|[from] Stealth Rock
|switch|p2a: Crobat|Crobat, M|262\/373
|
|-heal|p2a: Crobat|285\/373|[from] item: Black Sludge
|turn|10
|
|move|p2a: Crobat|Taunt|p1a: Aggron
|-start|p1a: Aggron|move: Taunt
|cant|p1a: Aggron|move: Taunt|Stealth Rock
|
|-heal|p2a: Crobat|308\/373|[from] item: Black Sludge
|turn|11
|
|switch|p2a: Swampert|Swampert, M|367\/403
|switch|p1a: Slowking|Slowking, F|391\/391
|-damage|p1a: Slowking|343\/391|[from] Stealth Rock
|
|-heal|p2a: Swampert|392\/403|[from] item: Leftovers
|-heal|p1a: Slowking|367\/391|[from] item: Leftovers
|turn|12
|
|switch|p2a: Blissey|Blissey, F|397\/713
|move|p1a: Slowking|Nasty Plot|p1a: Slowking
|-boost|p1a: Slowking|spa|2
|
|-heal|p2a: Blissey|441\/713|[from] item: Leftovers
|-heal|p1a: Slowking|391\/391|[from] item: Leftovers
|turn|13
|
|move|p2a: Blissey|Toxic|p1a: Slowking
|-status|p1a: Slowking|tox
|move|p1a: Slowking|Psyshock|p2a: Blissey
|-crit|p2a: Blissey
|-damage|p2a: Blissey|0 fnt
|faint|p2a: Blissey
|
|-damage|p1a: Slowking|367\/391 tox|[from] psn
|
|switch|p2a: Jirachi|Jirachi|403\/403
|turn|14
|
|switch|p1a: Aggron|Aggron-Mega, F|304\/344
|-damage|p1a: Aggron|283\/344|[from] Stealth Rock
|move|p2a: Jirachi|Calm Mind|p2a: Jirachi
|-boost|p2a: Jirachi|spa|1
|-boost|p2a: Jirachi|spd|1
|
|turn|15
|
|switch|p2a: Blastoise|Blastoise, M|361\/361
|move|p1a: Aggron|Roar|p2a: Blastoise
|drag|p2a: Spiritomb|Spiritomb, F|303\/303
|-ability|p2a: Spiritomb|Pressure
|
|turn|16
|
|move|p1a: Aggron|Heavy Slam|p2a: Spiritomb
|-damage|p2a: Spiritomb|212\/303
|move|p2a: Spiritomb|Will-O-Wisp|p1a: Aggron
|-status|p1a: Aggron|brn
|
|-heal|p2a: Spiritomb|230\/303|[from] item: Leftovers
|-damage|p1a: Aggron|240\/344 brn|[from] brn
|turn|17
|
|switch|p2a: Jirachi|Jirachi|403\/403
|move|p1a: Aggron|Stealth Rock|p2a: Jirachi
|-sidestart|p2: Ortheore|move: Stealth Rock
|
|-damage|p1a: Aggron|197\/344 brn|[from] brn
|turn|18
|
|move|p2a: Jirachi|Calm Mind|p2a: Jirachi
|-boost|p2a: Jirachi|spa|1
|-boost|p2a: Jirachi|spd|1
|move|p1a: Aggron|Earthquake|p2a: Jirachi
|-supereffective|p2a: Jirachi
|-damage|p2a: Jirachi|327\/403
|
|-heal|p2a: Jirachi|352\/403|[from] item: Leftovers
|-damage|p1a: Aggron|154\/344 brn|[from] brn
|turn|19
|
|move|p2a: Jirachi|Flash Cannon|p1a: Aggron
|-resisted|p1a: Aggron
|-damage|p1a: Aggron|90\/344 brn
|move|p1a: Aggron|Roar|p2a: Jirachi
|drag|p2a: Crobat|Crobat, M|308\/373
|-damage|p2a: Crobat|215\/373|[from] Stealth Rock
|
|-heal|p2a: Crobat|238\/373|[from] item: Black Sludge
|-damage|p1a: Aggron|47\/344 brn|[from] brn
|turn|20
|
|switch|p1a: Krookodile|Krookodile, F|331\/331
|-damage|p1a: Krookodile|311\/331|[from] Stealth Rock
|-ability|p1a: Krookodile|Intimidate|[of] p2a: Crobat
|-unboost|p2a: Crobat|atk|1
|move|p2a: Crobat|Roost|p2a: Crobat
|-heal|p2a: Crobat|373\/373
|
|turn|21
|
|move|p2a: Crobat|Toxic|p1a: Krookodile
|-status|p1a: Krookodile|tox
|move|p1a: Krookodile|Knock Off|p2a: Crobat
|-damage|p2a: Crobat|151\/373
|-enditem|p2a: Crobat|Black Sludge|[from] move: Knock Off|[of] p1a: Krookodile
|
|-damage|p1a: Krookodile|291\/331 tox|[from] psn
|turn|22
|
|move|p2a: Crobat|Roost|p2a: Crobat
|-heal|p2a: Crobat|338\/373
|move|p1a: Krookodile|Earthquake|p2a: Crobat
|-supereffective|p2a: Crobat
|-damage|p2a: Crobat|0 fnt
|faint|p2a: Crobat
|
|-damage|p1a: Krookodile|251\/331 tox|[from] psn
|
|switch|p2a: Blastoise|Blastoise, M|361\/361
|-damage|p2a: Blastoise|316\/361|[from] Stealth Rock
|turn|23
|
|detailschange|p2a: Blastoise|Blastoise-Mega, M
|-mega|p2a: Blastoise|Blastoise|Blastoisinite
|move|p1a: Krookodile|Earthquake|p2a: Blastoise
|-damage|p2a: Blastoise|193\/361
|move|p2a: Blastoise|Scald|p1a: Krookodile
|-supereffective|p1a: Krookodile
|-damage|p1a: Krookodile|0 fnt
|faint|p1a: Krookodile
|
|
|switch|p1a: Serperior|Serperior, M|191\/291
|-damage|p1a: Serperior|155\/291|[from] Stealth Rock
|turn|24
|
|switch|p2a: Jirachi|Jirachi|352\/403
|-damage|p2a: Jirachi|327\/403|[from] Stealth Rock
|move|p1a: Serperior|Leaf Storm|p2a: Jirachi
|-crit|p2a: Jirachi
|-resisted|p2a: Jirachi
|-damage|p2a: Jirachi|186\/403
|-boost|p1a: Serperior|spa|2
|
|-heal|p2a: Jirachi|211\/403|[from] item: Leftovers
|turn|25
|
|move|p1a: Serperior|Leaf Storm|p2a: Jirachi
|-resisted|p2a: Jirachi
|-damage|p2a: Jirachi|22\/403
|-boost|p1a: Serperior|spa|2
|move|p2a: Jirachi|Flash Cannon|p1a: Serperior
|-damage|p1a: Serperior|62\/291
|
|-heal|p2a: Jirachi|47\/403|[from] item: Leftovers
|turn|26
|
|move|p1a: Serperior|Synthesis|p1a: Serperior
|-heal|p1a: Serperior|207\/291
|move|p2a: Jirachi|Flash Cannon|p1a: Serperior
|-damage|p1a: Serperior|108\/291
|
|-heal|p2a: Jirachi|72\/403|[from] item: Leftovers
|turn|27
|
|move|p1a: Serperior|Hidden Power|p2a: Jirachi
|-supereffective|p2a: Jirachi
|-damage|p2a: Jirachi|0 fnt
|faint|p2a: Jirachi
|
|
|switch|p2a: Swampert|Swampert, M|392\/403
|-damage|p2a: Swampert|367\/403|[from] Stealth Rock
|turn|28
|
|move|p2a: Swampert|Protect|p2a: Swampert
|-singleturn|p2a: Swampert|Protect
|move|p1a: Serperior|Leaf Storm|p2a: Swampert
|-activate|p2a: Swampert|Protect
|
|-heal|p2a: Swampert|392\/403|[from] item: Leftovers
|turn|29
|
|move|p1a: Serperior|Leaf Storm|p2a: Swampert
|-supereffective|p2a: Swampert
|-damage|p2a: Swampert|0 fnt
|-boost|p1a: Serperior|spa|2
|faint|p2a: Swampert
|
|
|switch|p2a: Spiritomb|Spiritomb, F|230\/303
|-damage|p2a: Spiritomb|193\/303|[from] Stealth Rock
|-ability|p2a: Spiritomb|Pressure
|turn|30
|
|move|p1a: Serperior|Leaf Storm|p2a: Spiritomb
|-damage|p2a: Spiritomb|0 fnt
|faint|p2a: Spiritomb
|
|-message|Ortheore forfeited.
|
|win|mega pidgeotto
|raw|Ladder updating...
|leave|Ortheore
|player|p2
|raw|mega pidgeotto's rating: 1597 &rarr; <strong>1608<\/strong><br \/>(+11 for winning)
|raw|Ortheore's rating: 1416 &rarr; <strong>1406<\/strong><br \/>(-10 for losing)