|join|Mega Pidgeotto
|join|SupaFreez
|player|p1|Mega Pidgeotto|171
|player|p2|SupaFreez|217
|gametype|singles
|gen|6
|tier|UU
|rated
|rule|Sleep Clause Mod: Limit one foe put to sleep
|rule|Species Clause: Limit one of each Pokémon
|rule|OHKO Clause: OHKO moves are banned
|rule|Moody Clause: Moody is banned
|rule|Evasion Moves Clause: Evasion moves are banned
|rule|Endless Battle Clause: Forcing endless battles is banned
|rule|HP Percentage Mod: HP is shown in percentages
|clearpoke
|poke|p1|Infernape, F
|poke|p1|Celebi
|poke|p1|Tornadus, M
|poke|p1|Swampert, F
|poke|p1|Qwilfish, M
|poke|p1|Jirachi
|poke|p2|Ampharos, F, shiny
|poke|p2|Vaporeon, M
|poke|p2|Mienshao, F
|poke|p2|Krookodile, M
|poke|p2|Hydreigon, M
|poke|p2|Crobat, M
|rule|Swagger Clause: Swagger is banned
|rule|Baton Pass Clause: Limit one Pokémon knowing Baton Pass
|teampreview
|join|SmashBrosBrawl
|
|start
|switch|p1a: Infernape|Infernape, F|293\/293
|switch|p2a: Krookodile|Krookodile, M|394\/394
|-ability|p2a: Krookodile|Intimidate|[of] p1a: Infernape
|-unboost|p1a: Infernape|atk|1
|turn|1
|
|move|p1a: Infernape|Stealth Rock|p2a: Krookodile
|-sidestart|p2: SupaFreez|move: Stealth Rock
|move|p2a: Krookodile|Stealth Rock|p1a: Infernape
|-sidestart|p1: Mega Pidgeotto|move: Stealth Rock
|
|turn|2
|c|+SmashBrosBrawl|i regret nothing
|c|+SmashBrosBrawl|dodmen
|c|+SmashBrosBrawl|i need to do that
|c|★Mega Pidgeotto|o_k
|
|move|p1a: Infernape|Fire Blast|p2a: Krookodile
|-damage|p2a: Krookodile|159\/394
|move|p2a: Krookodile|Earthquake|p1a: Infernape
|-supereffective|p1a: Infernape
|-enditem|p1a: Infernape|Focus Sash
|-damage|p1a: Infernape|1\/293
|
|-heal|p2a: Krookodile|183\/394|[from] item: Leftovers
|turn|3
|
|switch|p2a: Vaporeon|Vaporeon, M|451\/451
|-damage|p2a: Vaporeon|395\/451|[from] Stealth Rock
|move|p1a: Infernape|Fire Blast|p2a: Vaporeon
|-resisted|p2a: Vaporeon
|-damage|p2a: Vaporeon|285\/451
|
|-heal|p2a: Vaporeon|313\/451|[from] item: Leftovers
|turn|4
|
|move|p2a: Vaporeon|Protect|p2a: Vaporeon
|-singleturn|p2a: Vaporeon|Protect
|move|p1a: Infernape|Endeavor|p2a: Vaporeon
|-activate|p2a: Vaporeon|Protect
|
|-heal|p2a: Vaporeon|341\/451|[from] item: Leftovers
|turn|5
|join|Scootamoon
|
|switch|p2a: Krookodile|Krookodile, M|183\/394
|-damage|p2a: Krookodile|159\/394|[from] Stealth Rock
|-ability|p2a: Krookodile|Intimidate|[of] p1a: Infernape
|-unboost|p1a: Infernape|atk|1
|move|p1a: Infernape|Endeavor|p2a: Krookodile
|-damage|p2a: Krookodile|1\/394
|
|-heal|p2a: Krookodile|25\/394|[from] item: Leftovers
|turn|6
|
|move|p1a: Infernape|Fire Blast|p2a: Krookodile
|-damage|p2a: Krookodile|0 fnt
|faint|p2a: Krookodile
|
|
|switch|p2a: Mienshao|Mienshao, F|271\/271
|-damage|p2a: Mienshao|255\/271|[from] Stealth Rock
|turn|7
|
|move|p2a: Mienshao|U-turn|p1a: Infernape
|-resisted|p1a: Infernape
|-damage|p1a: Infernape|0 fnt
|faint|p1a: Infernape
|
|switch|p2a: Crobat|Crobat, M|373\/373
|-damage|p2a: Crobat|280\/373|[from] Stealth Rock
|
|-heal|p2a: Crobat|303\/373|[from] item: Black Sludge
|
|switch|p1a: Swampert|Swampert, F|347\/347
|-damage|p1a: Swampert|326\/347|[from] Stealth Rock
|turn|8
|
|detailschange|p1a: Swampert|Swampert-Mega, F
|-mega|p1a: Swampert|Swampert|Swampertite
|move|p2a: Crobat|Defog|p1a: Swampert
|-unboost|p1a: Swampert|evasion|1
|-sideend|p1: Mega Pidgeotto|Stealth Rock|[from] move: Defog|[of] p1a: Swampert
|-sideend|p2: SupaFreez|Stealth Rock|[from] move: Defog|[of] p2a: Crobat
|move|p1a: Swampert|Rain Dance|p1a: Swampert
|-weather|RainDance
|
|-weather|RainDance|[upkeep]
|-heal|p2a: Crobat|326\/373|[from] item: Black Sludge
|turn|9
|
|switch|p1a: Qwilfish|Qwilfish, M|292\/292
|move|p2a: Crobat|Toxic|p1a: Qwilfish
|-fail|p1a: Qwilfish
|
|-weather|RainDance|[upkeep]
|-heal|p2a: Crobat|349\/373|[from] item: Black Sludge
|turn|10
|join|hairy toenail
|
|move|p1a: Qwilfish|Swords Dance|p1a: Qwilfish
|-boost|p1a: Qwilfish|atk|2
|move|p2a: Crobat|Roost|p2a: Crobat
|-heal|p2a: Crobat|373\/373
|
|-weather|RainDance|[upkeep]
|turn|11
|
|move|p1a: Qwilfish|Waterfall|p2a: Crobat
|-damage|p2a: Crobat|0 fnt
|-damage|p1a: Qwilfish|263\/292|[from] item: Life Orb
|faint|p2a: Crobat
|
|-weather|RainDance|[upkeep]
|c| hairy toenail|gawn
|
|switch|p2a: Vaporeon|Vaporeon, M|341\/451
|turn|12
|c| Scootamoon|if you're swift swim why not kabutops?
|c|★Mega Pidgeotto|kabutops is for scrubs
|c|★Mega Pidgeotto|real men use qwilfish
|c| Scootamoon|fair enough
|c| Scootamoon|qwil is pretty based
|
|move|p1a: Qwilfish|Poison Jab|p2a: Vaporeon
|-damage|p2a: Vaporeon|59\/451
|-damage|p1a: Qwilfish|234\/292|[from] item: Life Orb
|move|p2a: Vaporeon|Wish|p2a: Vaporeon
|
|-weather|none
|-heal|p2a: Vaporeon|87\/451|[from] item: Leftovers
|turn|13
|-message|SupaFreez forfeited.
|c|★Mega Pidgeotto|g_g
|c|★SupaFreez|gg
|
|win|Mega Pidgeotto
|raw|Ladder updating...
|leave|SupaFreez