|join|Mega Pidgeotto
|join|AaronFleet
|player|p1|Mega Pidgeotto|171
|player|p2|AaronFleet|25
|gametype|singles
|gen|6
|tier|UU
|rated
|rule|Sleep Clause Mod: Limit one foe put to sleep
|rule|Species Clause: Limit one of each Pokémon
|rule|OHKO Clause: OHKO moves are banned
|rule|Moody Clause: Moody is banned
|rule|Evasion Moves Clause: Evasion moves are banned
|rule|Endless Battle Clause: Forcing endless battles is banned
|rule|HP Percentage Mod: HP is shown in percentages
|clearpoke
|poke|p1|Abomasnow, M
|poke|p1|Suicune
|poke|p1|Krookodile, M
|poke|p1|Mawile, M
|poke|p1|Crobat, M
|poke|p1|Chandelure, F
|poke|p2|Vaporeon, F
|poke|p2|Espeon, F, shiny
|poke|p2|Porygon-Z
|poke|p2|Haxorus, M, shiny
|poke|p2|Aggron, M
|poke|p2|Flygon, M
|rule|Swagger Clause: Swagger is banned
|rule|Baton Pass Clause: Limit one Pokémon knowing Baton Pass
|teampreview
|
|start
|switch|p1a: Krookodile|Krookodile, M|331\/331
|switch|p2a: Allah-Hu-Akbar|Flygon, M|301\/301
|-ability|p1a: Krookodile|Intimidate|[of] p2a: Allah-Hu-Akbar
|-unboost|p2a: Allah-Hu-Akbar|atk|1
|turn|1
|
|move|p2a: Allah-Hu-Akbar|U-turn|p1a: Krookodile
|-supereffective|p1a: Krookodile
|-damage|p1a: Krookodile|213\/331
|
|move|p1a: Krookodile|Pursuit|p2a: Allah-Hu-Akbar|[from]Pursuit
|-damage|p2a: Allah-Hu-Akbar|100\/301
|switch|p2a: SeaWorld|Vaporeon, F|464\/464
|
|turn|2
|
|move|p1a: Krookodile|Knock Off|p2a: SeaWorld
|-damage|p2a: SeaWorld|176\/464
|-enditem|p2a: SeaWorld|Leftovers|[from] move: Knock Off|[of] p1a: Krookodile
|move|p2a: SeaWorld|Acid Armor|p2a: SeaWorld
|-boost|p2a: SeaWorld|def|2
|
|turn|3
|join|DrReuniclus3
|
|move|p1a: Krookodile|Stealth Rock|p2a: SeaWorld
|-sidestart|p2: AaronFleet|move: Stealth Rock
|move|p2a: SeaWorld|Surf|p1a: Krookodile
|-supereffective|p1a: Krookodile
|-damage|p1a: Krookodile|0 fnt
|faint|p1a: Krookodile
|
|
|switch|p1a: Chandelure|Chandelure, F|261\/261
|turn|4
|
|switch|p2a: Allah-Hu-Akbar|Flygon, M|100\/301
|-damage|p2a: Allah-Hu-Akbar|82\/301|[from] Stealth Rock
|move|p1a: Chandelure|Shadow Ball|p2a: Allah-Hu-Akbar
|-damage|p2a: Allah-Hu-Akbar|0 fnt
|faint|p2a: Allah-Hu-Akbar
|
|
|switch|p2a: Sciss-or|Haxorus, M, shiny|294\/294
|-damage|p2a: Sciss-or|258\/294|[from] Stealth Rock
|-ability|p2a: Sciss-or|Mold Breaker
|turn|5
|
|move|p2a: Sciss-or|Earthquake|p1a: Chandelure
|-supereffective|p1a: Chandelure
|-damage|p1a: Chandelure|0 fnt
|faint|p1a: Chandelure
|
|
|switch|p1a: Abomasnow|Abomasnow, M|337\/337
|turn|6
|
|switch|p2a: Mordekaiser|Aggron, M|344\/344
|-damage|p2a: Mordekaiser|323\/344|[from] Stealth Rock
|detailschange|p1a: Abomasnow|Abomasnow-Mega, M
|-mega|p1a: Abomasnow|Abomasnow|Abomasite
|-weather|Hail
|move|p1a: Abomasnow|Earthquake|p2a: Mordekaiser
|-supereffective|p2a: Mordekaiser
|-damage|p2a: Mordekaiser|35\/344
|
|-weather|Hail|[upkeep]
|-damage|p2a: Mordekaiser|14\/344|[from] hail
|turn|7
|
|switch|p1a: Mawile|Mawile, M|271\/271
|detailschange|p2a: Mordekaiser|Aggron-Mega, M
|-mega|p2a: Mordekaiser|Aggron|Aggronite
|move|p2a: Mordekaiser|Stealth Rock|p1a: Mawile
|-sidestart|p1: Mega Pidgeotto|move: Stealth Rock
|
|-weather|Hail|[upkeep]
|-damage|p1a: Mawile|255\/271|[from] hail
|-damage|p2a: Mordekaiser|0 fnt|[from] hail
|faint|p2a: Mordekaiser
|
|switch|p2a: BeepBoop|Porygon-Z|311\/311
|-damage|p2a: BeepBoop|273\/311|[from] Stealth Rock
|turn|8
|
|move|p2a: BeepBoop|Thunderbolt|p1a: Mawile
|-damage|p1a: Mawile|61\/271
|move|p1a: Mawile|Iron Head|p2a: BeepBoop
|-damage|p2a: BeepBoop|8\/311
|
|-weather|Hail|[upkeep]
|-damage|p2a: BeepBoop|0 fnt|[from] hail
|-damage|p1a: Mawile|45\/271|[from] hail
|faint|p2a: BeepBoop
|
|switch|p2a: Shrekt|Espeon, F, shiny|271\/271
|-damage|p2a: Shrekt|238\/271|[from] Stealth Rock
|turn|9
|
|move|p1a: Mawile|Sucker Punch|p2a: Shrekt
|-supereffective|p2a: Shrekt
|-damage|p2a: Shrekt|0 fnt
|-damage|p1a: Mawile|18\/271|[from] item: Life Orb
|faint|p2a: Shrekt
|
|-weather|Hail|[upkeep]
|-damage|p1a: Mawile|2\/271|[from] hail
|
|switch|p2a: SeaWorld|Vaporeon, F|176\/464
|-damage|p2a: SeaWorld|118\/464|[from] Stealth Rock
|turn|10
|
|move|p1a: Mawile|Play Rough|p2a: SeaWorld
|-damage|p2a: SeaWorld|0 fnt
|faint|p2a: SeaWorld
|
|-weather|none
|-message|AaronFleet forfeited.
|leave|AaronFleet
|
|win|Mega Pidgeotto
|raw|Ladder updating...
|raw|Mega Pidgeotto's rating: 1333 &rarr; <strong>1347<\/strong><br \/>(+14 for winning)
|raw|AaronFleet's rating: 1238 &rarr; <strong>1220<\/strong><br \/>(-18 for losing)
|player|p2