|join|Starme006
|join|bestman 2
|player|p1|Starme006|266
|player|p2|bestman 2|72
|gametype|singles
|gen|6
|tier|UU
|rated
|rule|Sleep Clause Mod: Limit one foe put to sleep
|rule|Species Clause: Limit one of each Pokémon
|rule|OHKO Clause: OHKO moves are banned
|rule|Moody Clause: Moody is banned
|rule|Evasion Moves Clause: Evasion moves are banned
|rule|Endless Battle Clause: Forcing endless battles is banned
|rule|HP Percentage Mod: HP is shown in percentages
|clearpoke
|poke|p1|Toxicroak, F
|poke|p1|Goodra, M
|poke|p1|Hippowdon, M
|poke|p1|Florges, F
|poke|p1|Chandelure, F
|poke|p1|Starmie
|poke|p2|Zoroark, F, shiny
|poke|p2|Lucario, M, shiny
|poke|p2|Suicune, shiny
|poke|p2|Blissey, F
|poke|p2|Gligar, M
|poke|p2|Alakazam, F
|rule|Swagger Clause: Swagger is banned
|rule|Baton Pass Clause: Limit one Pokémon knowing Baton Pass
|teampreview
|
|start
|switch|p1a: Toxicroak|Toxicroak, F|327\/327
|switch|p2a: Gligar|Gligar, M|333\/333
|turn|1
|
|move|p1a: Toxicroak|Drain Punch|p2a: Gligar
|-resisted|p2a: Gligar
|-damage|p2a: Gligar|303\/333
|move|p2a: Gligar|Knock Off|p1a: Toxicroak
|-resisted|p1a: Toxicroak
|-damage|p1a: Toxicroak|280\/327
|-enditem|p1a: Toxicroak|Assault Vest|[from] move: Knock Off|[of] p2a: Gligar
|
|turn|2
|
|switch|p1a: Starmie|Starmie|261\/261
|move|p2a: Gligar|Stealth Rock|p1a: Starmie
|-sidestart|p1: Starme006|move: Stealth Rock
|
|turn|3
|
|move|p1a: Starmie|Ice Beam|p2a: Gligar
|-supereffective|p2a: Gligar
|-damage|p2a: Gligar|0 fnt
|-damage|p1a: Starmie|235\/261|[from] item: Life Orb
|faint|p2a: Gligar
|
|
|switch|p2a: Alakazam|Alakazam, F|262\/262
|turn|4
|
|switch|p1a: Goodra|Goodra, M|371\/371
|-damage|p1a: Goodra|325\/371|[from] Stealth Rock
|move|p2a: Alakazam|Knock Off|p1a: Goodra
|-damage|p1a: Goodra|117\/371
|-enditem|p1a: Goodra|Leftovers|[from] move: Knock Off|[of] p2a: Alakazam
|-damage|p2a: Alakazam|236\/262|[from] item: Life Orb
|
|turn|5
|
|move|p2a: Alakazam|Knock Off|p1a: Goodra
|-damage|p1a: Goodra|0 fnt
|-damage|p2a: Alakazam|210\/262|[from] item: Life Orb
|faint|p1a: Goodra
|
|
|switch|p1a: Chandelure|Chandelure, F|261\/261
|-damage|p1a: Chandelure|196\/261|[from] Stealth Rock
|turn|6
|
|move|p2a: Alakazam|Sucker Punch|p1a: Chandelure
|-supereffective|p1a: Chandelure
|-damage|p1a: Chandelure|0 fnt
|-damage|p2a: Alakazam|184\/262|[from] item: Life Orb
|faint|p1a: Chandelure
|
|
|switch|p1a: Hippowdon|Hippowdon, M|420\/420
|-damage|p1a: Hippowdon|394\/420|[from] Stealth Rock
|-weather|Sandstorm
|turn|7
|
|move|p2a: Alakazam|U-turn|p1a: Hippowdon
|-damage|p1a: Hippowdon|328\/420
|-damage|p2a: Alakazam|158\/262|[from] item: Life Orb
|
|switch|p2a: Suicune|Suicune, shiny|404\/404
|-ability|p2a: Suicune|Pressure
|move|p1a: Hippowdon|Earthquake|p2a: Suicune
|-damage|p2a: Suicune|313\/404
|
|-weather|Sandstorm|[upkeep]
|-damage|p2a: Suicune|288\/404|[from] sandstorm
|-heal|p2a: Suicune|313\/404|[from] item: Leftovers
|-heal|p1a: Hippowdon|354\/420|[from] item: Leftovers
|turn|8
|
|move|p2a: Suicune|Calm Mind|p2a: Suicune
|-boost|p2a: Suicune|spa|1
|-boost|p2a: Suicune|spd|1
|move|p1a: Hippowdon|Stealth Rock|p2a: Suicune
|-sidestart|p2: bestman 2|move: Stealth Rock
|
|-weather|Sandstorm|[upkeep]
|-damage|p2a: Suicune|288\/404|[from] sandstorm
|-heal|p2a: Suicune|313\/404|[from] item: Leftovers
|-heal|p1a: Hippowdon|380\/420|[from] item: Leftovers
|turn|9
|
|switch|p1a: Toxicroak|Toxicroak, F|280\/327
|-damage|p1a: Toxicroak|260\/327|[from] Stealth Rock
|move|p2a: Suicune|Scald|p1a: Toxicroak
|-heal|p1a: Toxicroak|327\/327|[from] ability: Dry Skin|[of] p2a: Suicune
|
|-weather|Sandstorm|[upkeep]
|-damage|p1a: Toxicroak|307\/327|[from] sandstorm
|-damage|p2a: Suicune|288\/404|[from] sandstorm
|-heal|p2a: Suicune|313\/404|[from] item: Leftovers
|turn|10
|
|switch|p2a: Alakazam|Alakazam, F|158\/262
|-damage|p2a: Alakazam|126\/262|[from] Stealth Rock
|move|p1a: Toxicroak|Drain Punch|p2a: Alakazam
|-supereffective|p2a: Alakazam
|replace|p2a: Zoroark|Zoroark, F, shiny|126\/262
|-damage|p2a: Zoroark|0 fnt
|-heal|p1a: Toxicroak|327\/327|[from] drain|[of] p2a: Zoroark
|faint|p2a: Zoroark
|
|-weather|Sandstorm|[upkeep]
|-damage|p1a: Toxicroak|307\/327|[from] sandstorm
|
|switch|p2a: Alakazam|Alakazam, F|252\/252
|turn|11
|
|switch|p1a: Florges|Florges, F|360\/360
|-damage|p1a: Florges|315\/360|[from] Stealth Rock
|detailschange|p2a: Alakazam|Alakazam-Mega, F
|-mega|p2a: Alakazam|Alakazam|Alakazite
|-ability|p2a: Alakazam|Symbiosis|[from] ability: Trace|[of] p1a: Florges
|move|p2a: Alakazam|Substitute|p2a: Alakazam
|-start|p2a: Alakazam|Substitute
|-damage|p2a: Alakazam|189\/252
|
|-weather|none
|-heal|p1a: Florges|337\/360|[from] item: Leftovers
|turn|12
|
|move|p2a: Alakazam|Psychic|p1a: Florges
|-damage|p1a: Florges|210\/360
|move|p1a: Florges|Moonblast|p2a: Alakazam
|-end|p2a: Alakazam|Substitute
|
|-heal|p1a: Florges|232\/360|[from] item: Leftovers
|turn|13
|
|switch|p2a: Blissey|Blissey, F|652\/652
|-damage|p2a: Blissey|571\/652|[from] Stealth Rock
|move|p1a: Florges|Wish|p1a: Florges
|
|-heal|p1a: Florges|254\/360|[from] item: Leftovers
|-heal|p2a: Blissey|611\/652|[from] item: Leftovers
|turn|14
|
|switch|p1a: Toxicroak|Toxicroak, F|307\/327
|-damage|p1a: Toxicroak|287\/327|[from] Stealth Rock
|move|p2a: Blissey|Seismic Toss|p1a: Toxicroak
|-damage|p1a: Toxicroak|187\/327
|
|-heal|p1a: Toxicroak|327\/327|[from] move: Wish|[wisher] Florges
|-heal|p2a: Blissey|651\/652|[from] item: Leftovers
|turn|15
|
|move|p1a: Toxicroak|Drain Punch|p2a: Blissey
|-supereffective|p2a: Blissey
|-damage|p2a: Blissey|159\/652
|move|p2a: Blissey|Thunder Wave|p1a: Toxicroak
|-status|p1a: Toxicroak|par
|
|-heal|p2a: Blissey|199\/652|[from] item: Leftovers
|turn|16
|
|switch|p2a: Suicune|Suicune, shiny|313\/404
|-damage|p2a: Suicune|263\/404|[from] Stealth Rock
|-ability|p2a: Suicune|Pressure
|cant|p1a: Toxicroak|par
|
|-heal|p2a: Suicune|288\/404|[from] item: Leftovers
|turn|17
|
|switch|p2a: Alakazam|Alakazam-Mega, F|189\/252
|-damage|p2a: Alakazam|158\/252|[from] Stealth Rock
|-ability|p2a: Alakazam|Dry Skin|[from] ability: Trace|[of] p1a: Toxicroak
|move|p1a: Toxicroak|Gunk Shot|p2a: Alakazam
|-damage|p2a: Alakazam|0 fnt
|faint|p2a: Alakazam
|
|
|switch|p2a: Lucario|Lucario, M, shiny|282\/282
|-damage|p2a: Lucario|274\/282|[from] Stealth Rock
|turn|18
|
|move|p2a: Lucario|Swords Dance|p2a: Lucario
|-boost|p2a: Lucario|atk|2
|move|p1a: Toxicroak|Drain Punch|p2a: Lucario
|-supereffective|p2a: Lucario
|-damage|p2a: Lucario|0 fnt
|faint|p2a: Lucario
|
|c|★Starme006|toxicroak 2 good
|-message|bestman 2 forfeited.
|
|win|Starme006
|raw|Ladder updating...
|leave|bestman 2
|player|p2
|raw|Starme006's rating: 1344 &rarr; <strong>1370<\/strong><br \/>(+26 for winning)
|raw|bestman 2's rating: 1445 &rarr; <strong>1419<\/strong><br \/>(-26 for losing)