|join|Kajurf
|join|bestman 2
|player|p1|Kajurf|10
|player|p2|bestman 2|238
|gametype|singles
|gen|6
|tier|UU
|rated
|rule|Sleep Clause Mod: Limit one foe put to sleep
|rule|Species Clause: Limit one of each Pokémon
|rule|OHKO Clause: OHKO moves are banned
|rule|Moody Clause: Moody is banned
|rule|Evasion Moves Clause: Evasion moves are banned
|rule|Endless Battle Clause: Forcing endless battles is banned
|rule|HP Percentage Mod: HP is shown in percentages
|clearpoke
|poke|p1|Swampert, M
|poke|p1|Crobat, F
|poke|p1|Roserade, M
|poke|p1|Darmanitan, M
|poke|p1|Blastoise, M
|poke|p1|Umbreon, M
|poke|p2|Victini, shiny
|poke|p2|Diancie
|poke|p2|Jirachi
|poke|p2|Snorlax, M
|poke|p2|Marowak, M
|poke|p2|Ampharos, F
|rule|Swagger Clause: Swagger is banned
|rule|Baton Pass Clause: Limit one Pokémon knowing Baton Pass
|teampreview
|
|start
|switch|p1a: Blastoise|Blastoise, M|358\/358
|switch|p2a: Diancie|Diancie|304\/304
|turn|1
|
|detailschange|p1a: Blastoise|Blastoise-Mega, M
|message|Blastoise has Mega Evolved into Mega Blastoise!
|move|p1a: Blastoise|Hydro Pump|p2a: Diancie
|-supereffective|p2a: Diancie
|-damage|p2a: Diancie|0 fnt
|faint|p2a: Diancie
|
|
|switch|p2a: Jirachi|Jirachi|404\/404
|turn|2
|
|move|p1a: Blastoise|Dark Pulse|p2a: Jirachi
|-supereffective|p2a: Jirachi
|-damage|p2a: Jirachi|134\/404
|cant|p2a: Jirachi|flinch
|
|-heal|p2a: Jirachi|159\/404|[from] item: Leftovers
|turn|3
|
|switch|p2a: Snorlax|Snorlax, M|520\/520
|move|p1a: Blastoise|Dark Pulse|p2a: Snorlax
|-crit|p2a: Snorlax
|-damage|p2a: Snorlax|343\/520
|
|turn|4
|
|move|p1a: Blastoise|Aura Sphere|p2a: Snorlax
|-supereffective|p2a: Snorlax
|-damage|p2a: Snorlax|89\/520
|move|p2a: Snorlax|Return|p1a: Blastoise
|-damage|p1a: Blastoise|243\/358
|
|turn|5
|
|move|p1a: Blastoise|Dark Pulse|p2a: Snorlax
|-damage|p2a: Snorlax|0 fnt
|faint|p2a: Snorlax
|
|-message|bestman 2 forfeited.
|
|win|Kajurf
|raw|Ladder updating...
|leave|bestman 2
|player|p2
|raw|Kajurf's rating: 1295 &rarr; <strong>1316<\/strong><br \/>(+21 for winning)
|raw|bestman 2's rating: 1245 &rarr; <strong>1224<\/strong><br \/>(-21 for losing)