|join|LT5A M Dragon
|join|Fairy Peak!
|player|p1|LT5A M Dragon|169
|player|p2|Fairy Peak!|143
|gametype|singles
|gen|6
|tier|OU
|rated
|clearpoke
|poke|p1|Raikou
|poke|p1|Landorus-Therian, M
|poke|p1|Keldeo-Resolute
|poke|p1|Latios, M
|poke|p1|Hawlucha, F
|poke|p1|Bisharp, F
|poke|p2|Politoed, F
|poke|p2|Kingdra, M
|poke|p2|Scizor, M
|poke|p2|Seismitoad, F
|poke|p2|Kabutops, F
|poke|p2|Omastar, F
|rule|Swagger Clause: Swagger is banned
|rule|Baton Pass Clause: Limit one Pokémon knowing Baton Pass
|rule|Sleep Clause Mod: Limit one foe put to sleep
|rule|Species Clause: Limit one of each Pokémon
|rule|OHKO Clause: OHKO moves are banned
|rule|Moody Clause: Moody is banned
|rule|Evasion Moves Clause: Evasion moves are banned
|rule|Endless Battle Clause: Forcing endless battles is banned
|rule|HP Percentage Mod: HP is shown in percentages
|teampreview
|c|★Fairy Peak!|Gl.
|join|haunter
|
|start
|switch|p1a: Hawlucha|Hawlucha, F|328\/328
|switch|p2a: Politoed|Politoed, F|384\/384
|-weather|RainDance
|turn|1
|
|move|p1a: Hawlucha|Swords Dance|p1a: Hawlucha
|-boost|p1a: Hawlucha|atk|2
|move|p2a: Politoed|Encore|p1a: Hawlucha
|-start|p1a: Hawlucha|Encore
|
|-weather|RainDance|[upkeep]
|turn|2
|
|switch|p1a: Latios|Latios, M|301\/301
|switch|p2a: Kabutops|Kabutops, F|262\/262
|
|-weather|RainDance|[upkeep]
|turn|3
|
|move|p2a: Kabutops|Stone Edge|p1a: Latios
|-damage|p1a: Latios|40\/301
|-damage|p2a: Kabutops|236\/262|[from] item: Life Orb
|move|p1a: Latios|Dragon Pulse|p2a: Kabutops
|-damage|p2a: Kabutops|0 fnt
|-damage|p1a: Latios|10\/301|[from] item: Life Orb
|faint|p2a: Kabutops
|
|-weather|RainDance|[upkeep]
|
|switch|p2a: Omastar|Omastar, F|282\/282
|turn|4
|
|move|p2a: Omastar|Ancient Power|p1a: Latios
|-damage|p1a: Latios|0 fnt
|faint|p1a: Latios
|
|-weather|RainDance|[upkeep]
|
|switch|p1a: Keldeo-Resolute|Keldeo-Resolute|324\/324
|turn|5
|
|move|p1a: Keldeo-Resolute|Hydro Pump|p2a: Omastar
|-enditem|p2a: Omastar|Focus Sash
|-damage|p2a: Omastar|1\/282
|move|p2a: Omastar|Shell Smash|p2a: Omastar
|-boost|p2a: Omastar|atk|2
|-boost|p2a: Omastar|spa|2
|-boost|p2a: Omastar|spe|2
|-unboost|p2a: Omastar|def|1
|-unboost|p2a: Omastar|spd|1
|
|-weather|RainDance|[upkeep]
|turn|6
|
|switch|p1a: Landorus-Therian|Landorus-Therian, M|329\/329
|-ability|p1a: Landorus-Therian|Intimidate|[of] p2a: Omastar
|-unboost|p2a: Omastar|atk|1
|move|p2a: Omastar|Hydro Pump|p1a: Landorus-Therian
|-supereffective|p1a: Landorus-Therian
|-damage|p1a: Landorus-Therian|0 fnt
|faint|p1a: Landorus-Therian
|
|-weather|RainDance|[upkeep]
|
|switch|p1a: Bisharp|Bisharp, F|319\/319
|turn|7
|
|move|p1a: Bisharp|Sucker Punch|p2a: Omastar
|-damage|p2a: Omastar|0 fnt
|faint|p2a: Omastar
|
|-weather|RainDance|[upkeep]
|
|switch|p2a: Seismitoad|Seismitoad, F|352\/352
|turn|8
|
|move|p1a: Bisharp|Sucker Punch|p2a: Seismitoad
|-damage|p2a: Seismitoad|109\/352
|move|p2a: Seismitoad|Scald|p1a: Bisharp
|-crit|p1a: Bisharp
|-damage|p1a: Bisharp|0 fnt
|-damage|p2a: Seismitoad|74\/352|[from] item: Life Orb
|faint|p1a: Bisharp
|
|-weather|none
|
|switch|p1a: Hawlucha|Hawlucha, F|328\/328
|turn|9
|
|move|p1a: Hawlucha|Swords Dance|p1a: Hawlucha
|-boost|p1a: Hawlucha|atk|2
|move|p2a: Seismitoad|Hydro Pump|p1a: Hawlucha
|-damage|p1a: Hawlucha|4\/328
|-damage|p2a: Seismitoad|39\/352|[from] item: Life Orb
|-enditem|p1a: Hawlucha|Sitrus Berry|[eat]
|-heal|p1a: Hawlucha|86\/328|[from] item: Sitrus Berry
|
|turn|10
|join|Mob Barley
|
|move|p1a: Hawlucha|Acrobatics|p2a: Seismitoad
|-damage|p2a: Seismitoad|0 fnt
|faint|p2a: Seismitoad
|
|
|switch|p2a: Scizor|Scizor, M|344\/344
|turn|11
|join|shermin vermin
|
|switch|p1a: Raikou|Raikou|321\/321
|-ability|p1a: Raikou|Pressure
|detailschange|p2a: Scizor|Scizor-Mega, M
|message|Scizor has Mega Evolved into Mega Scizor!
|move|p2a: Scizor|Bullet Punch|p1a: Raikou
|-resisted|p1a: Raikou
|-damage|p1a: Raikou|255\/321
|
|turn|12
|join|kullhadd hekk
|
|switch|p2a: Politoed|Politoed, F|384\/384
|-weather|RainDance
|move|p1a: Raikou|Thunderbolt|p2a: Politoed
|-supereffective|p2a: Politoed
|-damage|p2a: Politoed|90\/384
|
|-weather|RainDance|[upkeep]
|turn|13
|
|move|p1a: Raikou|Thunderbolt|p2a: Politoed
|-supereffective|p2a: Politoed
|-damage|p2a: Politoed|0 fnt
|faint|p2a: Politoed
|
|-weather|RainDance|[upkeep]
|
|switch|p2a: Kingdra|Kingdra, M|291\/291
|turn|14
|
|switch|p1a: Hawlucha|Hawlucha, F|86\/328
|move|p2a: Kingdra|Surf|p1a: Hawlucha
|-damage|p1a: Hawlucha|0 fnt
|faint|p1a: Hawlucha
|
|-weather|RainDance|[upkeep]
|
|switch|p1a: Keldeo-Resolute|Keldeo-Resolute|324\/324
|turn|15
|join|rtbhetyh#
|
|switch|p2a: Scizor|Scizor-Mega, M|344\/344
|move|p1a: Keldeo-Resolute|Secret Sword|p2a: Scizor
|-damage|p2a: Scizor|250\/344
|
|-weather|RainDance|[upkeep]
|turn|16
|
|switch|p1a: Raikou|Raikou|255\/321
|-ability|p1a: Raikou|Pressure
|move|p2a: Scizor|Swords Dance|p2a: Scizor
|-boost|p2a: Scizor|atk|2
|
|-weather|RainDance|[upkeep]
|turn|17
|
|move|p2a: Scizor|Bullet Punch|p1a: Raikou
|-resisted|p1a: Raikou
|-damage|p1a: Raikou|126\/321
|move|p1a: Raikou|Thunderbolt|p2a: Scizor
|-damage|p2a: Scizor|19\/344
|
|-weather|RainDance|[upkeep]
|turn|18
|
|switch|p1a: Keldeo-Resolute|Keldeo-Resolute|324\/324
|move|p2a: Scizor|Bullet Punch|p1a: Keldeo-Resolute
|-resisted|p1a: Keldeo-Resolute
|-damage|p1a: Keldeo-Resolute|207\/324
|
|-weather|RainDance|[upkeep]
|turn|19
|
|move|p2a: Scizor|Bullet Punch|p1a: Keldeo-Resolute
|-resisted|p1a: Keldeo-Resolute
|-damage|p1a: Keldeo-Resolute|88\/324
|move|p1a: Keldeo-Resolute|Secret Sword|p2a: Scizor
|-damage|p2a: Scizor|0 fnt
|faint|p2a: Scizor
|
|-weather|none
|
|switch|p2a: Kingdra|Kingdra, M|291\/291
|turn|20
|join|Cienight
|
|move|p1a: Keldeo-Resolute|Secret Sword|p2a: Kingdra
|-damage|p2a: Kingdra|120\/291
|move|p2a: Kingdra|Surf|p1a: Keldeo-Resolute
|-resisted|p1a: Keldeo-Resolute
|-damage|p1a: Keldeo-Resolute|0 fnt
|faint|p1a: Keldeo-Resolute
|
|
|switch|p1a: Raikou|Raikou|126\/321
|-ability|p1a: Raikou|Pressure
|turn|21
|
|move|p1a: Raikou|Thunderbolt|p2a: Kingdra
|-damage|p2a: Kingdra|0 fnt
|faint|p2a: Kingdra
|
|win|LT5A M Dragon
|raw|Ladder updating...
|raw|LT5A M Dragon's rating: 1764 &rarr; <strong>1784<\/strong><br \/>(+20 for winning)
|raw|Fairy Peak!'s rating: 1766 &rarr; <strong>1746<\/strong><br \/>(-20 for losing)
|c|★Fairy Peak!|gg
|leave|LT5A M Dragon
|player|p1
|leave|Fairy Peak!
|player|p2
|leave|Mob Barley
|leave|shermin vermin
|leave|rtbhetyh#
|leave|haunter