|join|Fairy Peak!
|join|dracaufeu95
|player|p1|Fairy Peak!|18
|player|p2|dracaufeu95|284
|gametype|singles
|gen|6
|tier|OU
|clearpoke
|poke|p1|Mew
|poke|p1|Clefable, F
|poke|p1|Heatran, F
|poke|p1|Venusaur, M
|poke|p1|Landorus-Therian, M
|poke|p1|Bisharp, F
|poke|p2|Scizor, M
|poke|p2|Gliscor, F
|poke|p2|Rotom-Wash
|poke|p2|Heatran, M
|poke|p2|Sylveon, M
|poke|p2|Zapdos
|rule|Swagger Clause: Swagger is banned
|rule|Baton Pass Clause: Limit one Pokémon knowing Baton Pass
|rule|Sleep Clause Mod: Limit one foe put to sleep
|rule|Species Clause: Limit one of each Pokémon
|rule|OHKO Clause: OHKO moves are banned
|rule|Moody Clause: Moody is banned
|rule|Evasion Moves Clause: Evasion moves are banned
|rule|Endless Battle Clause: Forcing endless battles is banned
|rule|HP Percentage Mod: HP is shown in percentages
|teampreview
|c|★Fairy Peak!|Gl.
|c|★Fairy Peak!|Match officiel.
|c|★Fairy Peak!|Go !
|c|★dracaufeu95|GL
|
|start
|switch|p1a: Landorus-Therian|Landorus-Therian, M|320\/320
|switch|p2a: Heatran|Heatran, M|386\/386
|-ability|p1a: Landorus-Therian|Intimidate|[of] p2a: Heatran
|-unboost|p2a: Heatran|atk|1
|turn|1
|c|★dracaufeu95|Ouais,match officiel
|
|switch|p2a: Gliscor|Gliscor, F|354\/354
|move|p1a: Landorus-Therian|U-turn|p2a: Gliscor
|-resisted|p2a: Gliscor
|-damage|p2a: Gliscor|323\/354
|
|switch|p1a: Heatran|Heatran, F|386\/386
|-item|p1a: Heatran|Air Balloon
|
|-status|p2a: Gliscor|tox|[from] item: Toxic Orb
|turn|2
|
|switch|p2a: Rotom-Wash|Rotom-Wash|241\/241
|move|p1a: Heatran|Stealth Rock|p2a: Rotom-Wash
|-sidestart|p2: dracaufeu95|move: Stealth Rock
|
|turn|3
|
|switch|p1a: Mew|Mew|404\/404
|move|p2a: Rotom-Wash|Hydro Pump|p1a: Mew
|-damage|p1a: Mew|143\/404
|
|-heal|p1a: Mew|168\/404|[from] item: Leftovers
|turn|4
|
|switch|p1a: Venusaur|Venusaur, M|363\/363
|move|p2a: Rotom-Wash|Hydro Pump|p1a: Venusaur|[miss]
|-miss|p2a: Rotom-Wash|p1a: Venusaur
|
|turn|5
|
|switch|p2a: Scizor|Scizor, M|344\/344
|-damage|p2a: Scizor|301\/344|[from] Stealth Rock
|switch|p1a: Landorus-Therian|Landorus-Therian, M|320\/320
|-ability|p1a: Landorus-Therian|Intimidate|[of] p2a: Scizor
|-unboost|p2a: Scizor|atk|1
|
|turn|6
|
|switch|p2a: Rotom-Wash|Rotom-Wash|241\/241
|-damage|p2a: Rotom-Wash|211\/241|[from] Stealth Rock
|move|p1a: Landorus-Therian|U-turn|p2a: Rotom-Wash
|-crit|p2a: Rotom-Wash
|-damage|p2a: Rotom-Wash|75\/241
|
|switch|p1a: Venusaur|Venusaur, M|363\/363
|
|turn|7
|
|detailschange|p1a: Venusaur|Venusaur-Mega, M
|message|Venusaur has Mega Evolved into Mega Venusaur!
|move|p2a: Rotom-Wash|Volt Switch|p1a: Venusaur
|-resisted|p1a: Venusaur
|-damage|p1a: Venusaur|291\/363
|
|switch|p2a: Heatran|Heatran, M|386\/386
|-damage|p2a: Heatran|338\/386|[from] Stealth Rock
|move|p1a: Venusaur|Giga Drain|p2a: Heatran
|-crit|p2a: Heatran
|-resisted|p2a: Heatran
|-damage|p2a: Heatran|299\/386
|-heal|p1a: Venusaur|311\/363|[from] drain|[of] p2a: Heatran
|
|-heal|p2a: Heatran|323\/386|[from] item: Leftovers
|turn|8
|
|switch|p1a: Landorus-Therian|Landorus-Therian, M|320\/320
|-ability|p1a: Landorus-Therian|Intimidate|[of] p2a: Heatran
|-unboost|p2a: Heatran|atk|1
|move|p2a: Heatran|Stealth Rock|p1a: Landorus-Therian
|-sidestart|p1: Fairy Peak!|move: Stealth Rock
|
|-heal|p2a: Heatran|347\/386|[from] item: Leftovers
|turn|9
|
|switch|p2a: Gliscor|Gliscor, F|323\/354 tox
|-damage|p2a: Gliscor|279\/354 tox|[from] Stealth Rock
|move|p1a: Landorus-Therian|U-turn|p2a: Gliscor
|-resisted|p2a: Gliscor
|-damage|p2a: Gliscor|248\/354 tox
|
|switch|p1a: Venusaur|Venusaur-Mega, M|311\/363
|-damage|p1a: Venusaur|266\/363|[from] Stealth Rock
|
|-heal|p2a: Gliscor|292\/354 tox|[from] ability: Poison Heal
|turn|10
|
|switch|p2a: Heatran|Heatran, M|347\/386
|-damage|p2a: Heatran|299\/386|[from] Stealth Rock
|move|p1a: Venusaur|Giga Drain|p2a: Heatran
|-resisted|p2a: Heatran
|-damage|p2a: Heatran|274\/386
|-heal|p1a: Venusaur|279\/363|[from] drain|[of] p2a: Heatran
|
|-heal|p2a: Heatran|298\/386|[from] item: Leftovers
|turn|11
|
|switch|p1a: Heatran|Heatran, F|386\/386
|-damage|p1a: Heatran|338\/386|[from] Stealth Rock
|-item|p1a: Heatran|Air Balloon
|move|p2a: Heatran|Roar|p1a: Heatran
|drag|p1a: Mew|Mew|168\/404
|-damage|p1a: Mew|118\/404|[from] Stealth Rock
|
|-heal|p1a: Mew|143\/404|[from] item: Leftovers
|-heal|p2a: Heatran|322\/386|[from] item: Leftovers
|turn|12
|
|move|p1a: Mew|Taunt|p2a: Heatran
|-start|p2a: Heatran|move: Taunt
|move|p2a: Heatran|Stone Edge|p1a: Mew
|-damage|p1a: Mew|82\/404
|
|-heal|p1a: Mew|107\/404|[from] item: Leftovers
|-heal|p2a: Heatran|346\/386|[from] item: Leftovers
|turn|13
|
|switch|p2a: Scizor|Scizor, M|301\/344
|-damage|p2a: Scizor|258\/344|[from] Stealth Rock
|move|p1a: Mew|Soft-Boiled|p1a: Mew
|-heal|p1a: Mew|309\/404
|
|-heal|p1a: Mew|334\/404|[from] item: Leftovers
|turn|14
|
|detailschange|p2a: Scizor|Scizor-Mega, M
|message|Scizor has Mega Evolved into Mega Scizor!
|move|p1a: Mew|Will-O-Wisp|p2a: Scizor
|-status|p2a: Scizor|brn
|move|p2a: Scizor|Swords Dance|p2a: Scizor
|-boost|p2a: Scizor|atk|2
|
|-heal|p1a: Mew|359\/404|[from] item: Leftovers
|-damage|p2a: Scizor|215\/344 brn|[from] brn
|turn|15
|
|switch|p1a: Heatran|Heatran, F|338\/386
|-damage|p1a: Heatran|290\/386|[from] Stealth Rock
|-item|p1a: Heatran|Air Balloon
|move|p2a: Scizor|Bullet Punch|p1a: Heatran
|-resisted|p1a: Heatran
|-damage|p1a: Heatran|261\/386
|-enditem|p1a: Heatran|Air Balloon
|
|-damage|p2a: Scizor|172\/344 brn|[from] brn
|turn|16
|
|switch|p2a: Gliscor|Gliscor, F|292\/354 tox
|-damage|p2a: Gliscor|248\/354 tox|[from] Stealth Rock
|move|p1a: Heatran|Protect|p1a: Heatran
|-fail|p1a: Heatran
|
|-heal|p2a: Gliscor|292\/354 tox|[from] ability: Poison Heal
|turn|17
|
|switch|p1a: Venusaur|Venusaur-Mega, M|279\/363
|-damage|p1a: Venusaur|234\/363|[from] Stealth Rock
|move|p2a: Gliscor|Earthquake|p1a: Venusaur
|-damage|p1a: Venusaur|141\/363
|
|-heal|p2a: Gliscor|336\/354 tox|[from] ability: Poison Heal
|turn|18
|
|switch|p2a: Heatran|Heatran, M|346\/386
|-damage|p2a: Heatran|298\/386|[from] Stealth Rock
|move|p1a: Venusaur|Synthesis|p1a: Venusaur
|-heal|p1a: Venusaur|322\/363
|
|-heal|p2a: Heatran|322\/386|[from] item: Leftovers
|turn|19
|
|move|p1a: Venusaur|Giga Drain|p2a: Heatran
|-resisted|p2a: Heatran
|-damage|p2a: Heatran|296\/386
|-heal|p1a: Venusaur|335\/363|[from] drain|[of] p2a: Heatran
|move|p2a: Heatran|Lava Plume|p1a: Venusaur
|-supereffective|p1a: Venusaur
|-damage|p1a: Venusaur|221\/363
|
|-heal|p2a: Heatran|320\/386|[from] item: Leftovers
|turn|20
|
|switch|p1a: Mew|Mew|359\/404
|-damage|p1a: Mew|309\/404|[from] Stealth Rock
|switch|p2a: Zapdos|Zapdos|322\/322
|-damage|p2a: Zapdos|242\/322|[from] Stealth Rock
|-ability|p2a: Zapdos|Pressure
|
|-heal|p1a: Mew|334\/404|[from] item: Leftovers
|turn|21
|
|move|p2a: Zapdos|Thunderbolt|p1a: Mew
|-damage|p1a: Mew|142\/404
|-damage|p2a: Zapdos|210\/322|[from] item: Life Orb
|move|p1a: Mew|Taunt|p2a: Zapdos
|-start|p2a: Zapdos|move: Taunt
|
|-heal|p1a: Mew|167\/404|[from] item: Leftovers
|turn|22
|
|switch|p1a: Venusaur|Venusaur-Mega, M|221\/363
|-damage|p1a: Venusaur|176\/363|[from] Stealth Rock
|move|p2a: Zapdos|Thunderbolt|p1a: Venusaur
|-resisted|p1a: Venusaur
|-damage|p1a: Venusaur|88\/363
|-damage|p2a: Zapdos|178\/322|[from] item: Life Orb
|
|turn|23
|
|switch|p1a: Heatran|Heatran, F|261\/386
|-damage|p1a: Heatran|213\/386|[from] Stealth Rock
|move|p2a: Zapdos|Thunderbolt|p1a: Heatran
|-damage|p1a: Heatran|80\/386
|-damage|p2a: Zapdos|146\/322|[from] item: Life Orb
|
|turn|24
|
|move|p2a: Zapdos|Thunderbolt|p1a: Heatran
|-damage|p1a: Heatran|0 fnt
|-damage|p2a: Zapdos|114\/322|[from] item: Life Orb
|faint|p1a: Heatran
|
|-end|p2a: Zapdos|move: Taunt
|
|switch|p1a: Landorus-Therian|Landorus-Therian, M|320\/320
|-damage|p1a: Landorus-Therian|280\/320|[from] Stealth Rock
|-ability|p1a: Landorus-Therian|Intimidate|[of] p2a: Zapdos
|-unboost|p2a: Zapdos|atk|1
|turn|25
|
|switch|p2a: Rotom-Wash|Rotom-Wash|75\/241
|-damage|p2a: Rotom-Wash|45\/241|[from] Stealth Rock
|move|p1a: Landorus-Therian|Knock Off|p2a: Rotom-Wash
|-damage|p2a: Rotom-Wash|0 fnt
|-enditem|p2a: Rotom-Wash|Choice Specs|[from] move: Knock Off|[of] p1a: Landorus-Therian
|faint|p2a: Rotom-Wash
|
|
|switch|p2a: Sylveon|Sylveon, M|394\/394
|-damage|p2a: Sylveon|345\/394|[from] Stealth Rock
|turn|26
|
|switch|p1a: Clefable|Clefable, F|394\/394
|-damage|p1a: Clefable|345\/394|[from] Stealth Rock
|move|p2a: Sylveon|Wish|p2a: Sylveon
|
|-heal|p1a: Clefable|369\/394|[from] item: Leftovers
|-heal|p2a: Sylveon|369\/394|[from] item: Leftovers
|turn|27
|
|switch|p2a: Scizor|Scizor-Mega, M|172\/344 brn
|-damage|p2a: Scizor|129\/344 brn|[from] Stealth Rock
|move|p1a: Clefable|Wish|p1a: Clefable
|
|-heal|p2a: Scizor|326\/344 brn|[from] move: Wish|[wisher] Sylveon
|-heal|p1a: Clefable|393\/394|[from] item: Leftovers
|-damage|p2a: Scizor|283\/344 brn|[from] brn
|turn|28
|
|switch|p1a: Landorus-Therian|Landorus-Therian, M|280\/320
|-damage|p1a: Landorus-Therian|240\/320|[from] Stealth Rock
|-ability|p1a: Landorus-Therian|Intimidate|[of] p2a: Scizor
|-unboost|p2a: Scizor|atk|1
|move|p2a: Scizor|Knock Off|p1a: Landorus-Therian
|-damage|p1a: Landorus-Therian|186\/320
|-enditem|p1a: Landorus-Therian|Choice Scarf|[from] move: Knock Off|[of] p2a: Scizor
|
|-heal|p1a: Landorus-Therian|320\/320|[from] move: Wish|[wisher] Clefable
|-damage|p2a: Scizor|240\/344 brn|[from] brn
|turn|29
|
|switch|p2a: Zapdos|Zapdos|114\/322
|-damage|p2a: Zapdos|34\/322|[from] Stealth Rock
|-ability|p2a: Zapdos|Pressure
|move|p1a: Landorus-Therian|Knock Off|p2a: Zapdos
|-crit|p2a: Zapdos
|-damage|p2a: Zapdos|0 fnt
|-enditem|p2a: Zapdos|Life Orb|[from] move: Knock Off|[of] p1a: Landorus-Therian
|faint|p2a: Zapdos
|
|
|switch|p2a: Gliscor|Gliscor, F|336\/354 tox
|-damage|p2a: Gliscor|292\/354 tox|[from] Stealth Rock
|turn|30
|
|move|p1a: Landorus-Therian|U-turn|p2a: Gliscor
|-resisted|p2a: Gliscor
|-damage|p2a: Gliscor|262\/354 tox
|
|switch|p1a: Clefable|Clefable, F|393\/394
|-damage|p1a: Clefable|344\/394|[from] Stealth Rock
|move|p2a: Gliscor|Toxic|p1a: Clefable
|-status|p1a: Clefable|tox
|
|-heal|p1a: Clefable|368\/394 tox|[from] item: Leftovers
|-heal|p2a: Gliscor|306\/354 tox|[from] ability: Poison Heal
|-damage|p1a: Clefable|344\/394 tox|[from] psn
|turn|31
|
|move|p2a: Gliscor|Protect|p2a: Gliscor
|-singleturn|p2a: Gliscor|Protect
|move|p1a: Clefable|Wish|p1a: Clefable
|
|-heal|p1a: Clefable|368\/394 tox|[from] item: Leftovers
|-heal|p2a: Gliscor|350\/354 tox|[from] ability: Poison Heal
|-damage|p1a: Clefable|320\/394 tox|[from] psn
|turn|32
|
|move|p2a: Gliscor|Toxic|p1a: Clefable
|-fail|p1a: Clefable|tox
|move|p1a: Clefable|Moonblast|p2a: Gliscor
|-damage|p2a: Gliscor|221\/354 tox
|
|-heal|p1a: Clefable|394\/394 tox|[from] move: Wish|[wisher] Clefable
|-heal|p2a: Gliscor|265\/354 tox|[from] ability: Poison Heal
|-damage|p1a: Clefable|322\/394 tox|[from] psn
|turn|33
|
|move|p2a: Gliscor|Earthquake|p1a: Clefable
|-damage|p1a: Clefable|220\/394 tox
|move|p1a: Clefable|Calm Mind|p1a: Clefable
|-boost|p1a: Clefable|spa|1
|-boost|p1a: Clefable|spd|1
|
|-heal|p1a: Clefable|244\/394 tox|[from] item: Leftovers
|-heal|p2a: Gliscor|309\/354 tox|[from] ability: Poison Heal
|-damage|p1a: Clefable|148\/394 tox|[from] psn
|turn|34
|
|move|p2a: Gliscor|Earthquake|p1a: Clefable
|-damage|p1a: Clefable|42\/394 tox
|move|p1a: Clefable|Moonblast|p2a: Gliscor
|-damage|p2a: Gliscor|110\/354 tox
|-unboost|p2a: Gliscor|spa|1
|
|-heal|p1a: Clefable|66\/394 tox|[from] item: Leftovers
|-heal|p2a: Gliscor|154\/354 tox|[from] ability: Poison Heal
|-damage|p1a: Clefable|0 fnt|[from] psn
|faint|p1a: Clefable
|
|switch|p1a: Mew|Mew|167\/404
|-damage|p1a: Mew|117\/404|[from] Stealth Rock
|turn|35
|
|move|p2a: Gliscor|Protect|p2a: Gliscor
|-singleturn|p2a: Gliscor|Protect
|move|p1a: Mew|Taunt|p2a: Gliscor
|-activate|p2a: Gliscor|Protect
|
|-heal|p1a: Mew|142\/404|[from] item: Leftovers
|-heal|p2a: Gliscor|198\/354 tox|[from] ability: Poison Heal
|turn|36
|
|move|p1a: Mew|Taunt|p2a: Gliscor
|-start|p2a: Gliscor|move: Taunt
|cant|p2a: Gliscor|move: Taunt|Toxic
|
|-heal|p1a: Mew|167\/404|[from] item: Leftovers
|-heal|p2a: Gliscor|242\/354 tox|[from] ability: Poison Heal
|turn|37
|
|switch|p2a: Scizor|Scizor-Mega, M|240\/344 brn
|-damage|p2a: Scizor|197\/344 brn|[from] Stealth Rock
|move|p1a: Mew|Soft-Boiled|p1a: Mew
|-heal|p1a: Mew|369\/404
|
|-heal|p1a: Mew|394\/404|[from] item: Leftovers
|-damage|p2a: Scizor|154\/344 brn|[from] brn
|turn|38
|
|move|p1a: Mew|Night Shade|p2a: Scizor
|-damage|p2a: Scizor|54\/344 brn
|move|p2a: Scizor|Roost|p2a: Scizor
|-heal|p2a: Scizor|226\/344 brn
|
|-heal|p1a: Mew|404\/404|[from] item: Leftovers
|-damage|p2a: Scizor|183\/344 brn|[from] brn
|turn|39
|
|move|p1a: Mew|Taunt|p2a: Scizor
|-start|p2a: Scizor|move: Taunt
|move|p2a: Scizor|Knock Off|p1a: Mew
|-supereffective|p1a: Mew
|-damage|p1a: Mew|256\/404
|-enditem|p1a: Mew|Leftovers|[from] move: Knock Off|[of] p2a: Scizor
|
|-damage|p2a: Scizor|140\/344 brn|[from] brn
|turn|40
|
|move|p2a: Scizor|Bullet Punch|p1a: Mew
|-damage|p1a: Mew|184\/404
|move|p1a: Mew|Soft-Boiled|p1a: Mew
|-heal|p1a: Mew|386\/404
|
|-damage|p2a: Scizor|97\/344 brn|[from] brn
|turn|41
|
|switch|p2a: Sylveon|Sylveon, M|369\/394
|-damage|p2a: Sylveon|320\/394|[from] Stealth Rock
|move|p1a: Mew|Night Shade|p2a: Sylveon
|-damage|p2a: Sylveon|220\/394
|
|-heal|p2a: Sylveon|244\/394|[from] item: Leftovers
|turn|42
|
|move|p1a: Mew|Taunt|p2a: Sylveon
|-start|p2a: Sylveon|move: Taunt
|cant|p2a: Sylveon|move: Taunt|Wish
|
|-heal|p2a: Sylveon|268\/394|[from] item: Leftovers
|turn|43
|
|move|p1a: Mew|Will-O-Wisp|p2a: Sylveon
|-status|p2a: Sylveon|brn
|move|p2a: Sylveon|Hyper Voice|p1a: Mew
|-damage|p1a: Mew|248\/404
|
|-heal|p2a: Sylveon|292\/394 brn|[from] item: Leftovers
|-damage|p2a: Sylveon|243\/394 brn|[from] brn
|turn|44
|
|switch|p2a: Heatran|Heatran, M|320\/386
|-damage|p2a: Heatran|272\/386|[from] Stealth Rock
|move|p1a: Mew|Night Shade|p2a: Heatran
|-damage|p2a: Heatran|172\/386
|
|-heal|p2a: Heatran|196\/386|[from] item: Leftovers
|turn|45
|
|move|p1a: Mew|Taunt|p2a: Heatran
|-start|p2a: Heatran|move: Taunt
|move|p2a: Heatran|Lava Plume|p1a: Mew
|-damage|p1a: Mew|134\/404
|
|-heal|p2a: Heatran|220\/386|[from] item: Leftovers
|turn|46
|
|move|p1a: Mew|Soft-Boiled|p1a: Mew
|-heal|p1a: Mew|336\/404
|move|p2a: Heatran|Lava Plume|p1a: Mew
|-damage|p1a: Mew|213\/404
|
|-heal|p2a: Heatran|244\/386|[from] item: Leftovers
|turn|47
|
|switch|p1a: Landorus-Therian|Landorus-Therian, M|320\/320
|-damage|p1a: Landorus-Therian|280\/320|[from] Stealth Rock
|-ability|p1a: Landorus-Therian|Intimidate|[of] p2a: Heatran
|-unboost|p2a: Heatran|atk|1
|move|p2a: Heatran|Lava Plume|p1a: Landorus-Therian
|-damage|p1a: Landorus-Therian|145\/320
|-status|p1a: Landorus-Therian|brn
|
|-heal|p2a: Heatran|268\/386|[from] item: Leftovers
|-damage|p1a: Landorus-Therian|105\/320 brn|[from] brn
|-end|p2a: Heatran|move: Taunt
|turn|48
|c|★Fairy Peak!|Ok.
|
|switch|p2a: Gliscor|Gliscor, F|242\/354 tox
|-damage|p2a: Gliscor|198\/354 tox|[from] Stealth Rock
|move|p1a: Landorus-Therian|Earthquake|p2a: Gliscor
|-immune|p2a: Gliscor|[msg]
|
|-damage|p1a: Landorus-Therian|65\/320 brn|[from] brn
|-heal|p2a: Gliscor|242\/354 tox|[from] ability: Poison Heal
|turn|49
|
|move|p2a: Gliscor|Protect|p2a: Gliscor
|-singleturn|p2a: Gliscor|Protect
|move|p1a: Landorus-Therian|Knock Off|p2a: Gliscor
|-activate|p2a: Gliscor|Protect
|
|-damage|p1a: Landorus-Therian|25\/320 brn|[from] brn
|-heal|p2a: Gliscor|286\/354 tox|[from] ability: Poison Heal
|turn|50
|
|move|p2a: Gliscor|Protect|p2a: Gliscor
|-fail|p2a: Gliscor
|move|p1a: Landorus-Therian|Knock Off|p2a: Gliscor
|-damage|p2a: Gliscor|245\/354 tox
|-enditem|p2a: Gliscor|Toxic Orb|[from] move: Knock Off|[of] p1a: Landorus-Therian
|
|-damage|p1a: Landorus-Therian|0 fnt|[from] brn
|-heal|p2a: Gliscor|289\/354 tox|[from] ability: Poison Heal
|faint|p1a: Landorus-Therian
|
|switch|p1a: Mew|Mew|213\/404
|-damage|p1a: Mew|163\/404|[from] Stealth Rock
|turn|51
|
|move|p1a: Mew|Taunt|p2a: Gliscor
|-start|p2a: Gliscor|move: Taunt
|cant|p2a: Gliscor|move: Taunt|Toxic
|
|-heal|p2a: Gliscor|333\/354 tox|[from] ability: Poison Heal
|turn|52
|
|switch|p2a: Sylveon|Sylveon, M|243\/394 brn
|-damage|p2a: Sylveon|194\/394 brn|[from] Stealth Rock
|move|p1a: Mew|Soft-Boiled|p1a: Mew
|-heal|p1a: Mew|365\/404
|
|-heal|p2a: Sylveon|218\/394 brn|[from] item: Leftovers
|-damage|p2a: Sylveon|169\/394 brn|[from] brn
|turn|53
|
|move|p1a: Mew|Night Shade|p2a: Sylveon
|-damage|p2a: Sylveon|69\/394 brn
|move|p2a: Sylveon|Wish|p2a: Sylveon
|
|-heal|p2a: Sylveon|93\/394 brn|[from] item: Leftovers
|-damage|p2a: Sylveon|44\/394 brn|[from] brn
|turn|54
|
|switch|p2a: Scizor|Scizor-Mega, M|97\/344 brn
|-damage|p2a: Scizor|54\/344 brn|[from] Stealth Rock
|move|p1a: Mew|Taunt|p2a: Scizor
|-start|p2a: Scizor|move: Taunt
|
|-heal|p2a: Scizor|251\/344 brn|[from] move: Wish|[wisher] Sylveon
|-damage|p2a: Scizor|208\/344 brn|[from] brn
|turn|55
|
|move|p1a: Mew|Night Shade|p2a: Scizor
|-damage|p2a: Scizor|108\/344 brn
|move|p2a: Scizor|Knock Off|p1a: Mew
|-supereffective|p1a: Mew
|-damage|p1a: Mew|267\/404
|
|-damage|p2a: Scizor|65\/344 brn|[from] brn
|turn|56
|
|move|p2a: Scizor|Bullet Punch|p1a: Mew
|-damage|p1a: Mew|204\/404
|move|p1a: Mew|Night Shade|p2a: Scizor
|-damage|p2a: Scizor|0 fnt
|faint|p2a: Scizor
|
|
|switch|p2a: Heatran|Heatran, M|268\/386
|-damage|p2a: Heatran|220\/386|[from] Stealth Rock
|turn|57
|
|move|p1a: Mew|Soft-Boiled|p1a: Mew
|-heal|p1a: Mew|404\/404
|move|p2a: Heatran|Lava Plume|p1a: Mew
|-damage|p1a: Mew|293\/404
|
|-heal|p2a: Heatran|244\/386|[from] item: Leftovers
|turn|58
|
|move|p1a: Mew|Taunt|p2a: Heatran
|-start|p2a: Heatran|move: Taunt
|move|p2a: Heatran|Lava Plume|p1a: Mew
|-damage|p1a: Mew|172\/404
|
|-heal|p2a: Heatran|268\/386|[from] item: Leftovers
|turn|59
|
|move|p1a: Mew|Soft-Boiled|p1a: Mew
|-heal|p1a: Mew|374\/404
|move|p2a: Heatran|Lava Plume|p1a: Mew
|-damage|p1a: Mew|266\/404
|
|-heal|p2a: Heatran|292\/386|[from] item: Leftovers
|turn|60
|
|move|p1a: Mew|Night Shade|p2a: Heatran
|-damage|p2a: Heatran|192\/386
|move|p2a: Heatran|Lava Plume|p1a: Mew
|-damage|p1a: Mew|148\/404
|
|-heal|p2a: Heatran|216\/386|[from] item: Leftovers
|-end|p2a: Heatran|move: Taunt
|turn|61
|
|move|p1a: Mew|Soft-Boiled|p1a: Mew
|-heal|p1a: Mew|350\/404
|move|p2a: Heatran|Lava Plume|p1a: Mew
|-damage|p1a: Mew|223\/404
|-status|p1a: Mew|brn
|
|-heal|p2a: Heatran|240\/386|[from] item: Leftovers
|-damage|p1a: Mew|173\/404 brn|[from] brn
|turn|62
|
|move|p1a: Mew|Night Shade|p2a: Heatran
|-damage|p2a: Heatran|140\/386
|move|p2a: Heatran|Lava Plume|p1a: Mew
|-damage|p1a: Mew|46\/404 brn
|
|-heal|p2a: Heatran|164\/386|[from] item: Leftovers
|-damage|p1a: Mew|0 fnt|[from] brn
|faint|p1a: Mew
|
|switch|p1a: Bisharp|Bisharp, F|272\/272
|-damage|p1a: Bisharp|255\/272|[from] Stealth Rock
|turn|63
|
|move|p1a: Bisharp|Knock Off|p2a: Heatran
|-damage|p2a: Heatran|0 fnt
|-enditem|p2a: Heatran|Leftovers|[from] move: Knock Off|[of] p1a: Bisharp
|-damage|p1a: Bisharp|228\/272|[from] item: Life Orb
|faint|p2a: Heatran
|
|
|switch|p2a: Gliscor|Gliscor, F|333\/354 tox
|-damage|p2a: Gliscor|289\/354 tox|[from] Stealth Rock
|turn|64
|
|move|p1a: Bisharp|Sucker Punch|p2a: Gliscor
|-damage|p2a: Gliscor|171\/354 tox
|-damage|p1a: Bisharp|201\/272|[from] item: Life Orb
|move|p2a: Gliscor|Earthquake|p1a: Bisharp
|-supereffective|p1a: Bisharp
|-damage|p1a: Bisharp|0 fnt
|faint|p1a: Bisharp
|
|-heal|p2a: Gliscor|215\/354 tox|[from] ability: Poison Heal
|
|switch|p1a: Venusaur|Venusaur-Mega, M|88\/363
|-damage|p1a: Venusaur|43\/363|[from] Stealth Rock
|turn|65
|
|move|p2a: Gliscor|Earthquake|p1a: Venusaur
|-damage|p1a: Venusaur|0 fnt
|faint|p1a: Venusaur
|
|win|dracaufeu95
|c|★Fairy Peak!|Gg
|c|★dracaufeu95|gg
|leave|Fairy Peak!
|player|p1