|join|SadPierrot
|join|mr.scout
|player|p1|SadPierrot|238
|player|p2|mr.scout|2
|gametype|singles
|gen|6
|tier|UU
|rated
|rule|Sleep Clause Mod: Limit one foe put to sleep
|rule|Species Clause: Limit one of each Pokémon
|rule|OHKO Clause: OHKO moves are banned
|rule|Moody Clause: Moody is banned
|rule|Evasion Moves Clause: Evasion moves are banned
|rule|Endless Battle Clause: Forcing endless battles is banned
|rule|HP Percentage Mod: HP is shown in percentages
|clearpoke
|poke|p1|Cresselia, F
|poke|p1|Umbreon, M
|poke|p1|Celebi
|poke|p1|Machamp, M
|poke|p1|Arcanine, F
|poke|p1|Forretress, M
|poke|p2|Froslass, F
|poke|p2|Raikou
|poke|p2|Zoroark, M
|poke|p2|Cobalion
|poke|p2|Mienshao, M
|poke|p2|Flygon, F
|rule|Swagger Clause: Swagger is banned
|rule|Baton Pass Clause: Limit one Pokémon knowing Baton Pass
|teampreview
|
|start
|switch|p1a: Arcanine|Arcanine, F|384\/384
|switch|p2a: Raikou|Raikou|261\/261
|-ability|p1a: Arcanine|Intimidate|[of] p2a: Raikou
|-unboost|p2a: Raikou|atk|1
|turn|1
|
|switch|p1a: Umbreon|Umbreon, M|394\/394
|move|p2a: Raikou|Knock Off|p1a: Umbreon
|-resisted|p1a: Umbreon
|-damage|p1a: Umbreon|334\/394
|-enditem|p1a: Umbreon|Leftovers|[from] move: Knock Off|[of] p2a: Raikou
|-damage|p2a: Raikou|235\/261|[from] item: Life Orb
|
|turn|2
|
|move|p2a: Raikou|U-turn|p1a: Umbreon
|-supereffective|p1a: Umbreon
|-damage|p1a: Umbreon|227\/394
|-damage|p2a: Raikou|209\/261|[from] item: Life Orb
|
|switch|p2a: Mienshao|Mienshao, M|271\/271
|move|p1a: Umbreon|Curse|p1a: Umbreon
|-boost|p1a: Umbreon|atk|1
|-boost|p1a: Umbreon|def|1
|-unboost|p1a: Umbreon|spe|1
|
|turn|3
|
|move|p1a: Umbreon|Protect|p1a: Umbreon
|-singleturn|p1a: Umbreon|Protect
|move|p2a: Mienshao|U-turn|p1a: Umbreon
|-activate|p1a: Umbreon|Protect
|
|turn|4
|
|move|p2a: Mienshao|Drain Punch|p1a: Umbreon
|-supereffective|p1a: Umbreon
|-damage|p1a: Umbreon|16\/394
|-damage|p2a: Mienshao|244\/271|[from] item: Life Orb
|move|p1a: Umbreon|Payback|p2a: Mienshao
|-crit|p2a: Mienshao
|-resisted|p2a: Mienshao
|-damage|p2a: Mienshao|103\/271
|
|turn|5
|
|move|p1a: Umbreon|Protect|p1a: Umbreon
|-singleturn|p1a: Umbreon|Protect
|move|p2a: Mienshao|U-turn|p1a: Umbreon
|-activate|p1a: Umbreon|Protect
|
|turn|6
|
|move|p2a: Mienshao|U-turn|p1a: Umbreon
|-crit|p1a: Umbreon
|-supereffective|p1a: Umbreon
|-damage|p1a: Umbreon|0 fnt
|-damage|p2a: Mienshao|76\/271|[from] item: Life Orb
|faint|p1a: Umbreon
|
|switch|p2a: Raikou|Raikou|209\/261
|
|
|switch|p1a: Arcanine|Arcanine, F|384\/384
|-ability|p1a: Arcanine|Intimidate|[of] p2a: Raikou
|-unboost|p2a: Raikou|atk|1
|turn|7
|
|move|p2a: Raikou|U-turn|p1a: Arcanine
|-resisted|p1a: Arcanine
|-damage|p1a: Arcanine|357\/384
|-damage|p2a: Raikou|183\/261|[from] item: Life Orb
|
|switch|p2a: Flygon|Flygon, F|301\/301
|move|p1a: Arcanine|Will-O-Wisp|p2a: Flygon
|-status|p2a: Flygon|brn
|
|-heal|p1a: Arcanine|381\/384|[from] item: Leftovers
|-damage|p2a: Flygon|264\/301 brn|[from] brn
|turn|8
|
|switch|p1a: Forretress|Forretress, M|354\/354
|move|p2a: Flygon|Earthquake|p1a: Forretress
|-damage|p1a: Forretress|294\/354
|-damage|p2a: Flygon|234\/301 brn|[from] item: Life Orb
|
|-heal|p1a: Forretress|316\/354|[from] item: Leftovers
|-damage|p2a: Flygon|197\/301 brn|[from] brn
|turn|9
|
|move|p2a: Flygon|U-turn|p1a: Forretress
|-resisted|p1a: Forretress
|-damage|p1a: Forretress|303\/354
|-damage|p2a: Flygon|167\/301 brn|[from] item: Life Orb
|
|switch|p2a: Raikou|Raikou|183\/261
|move|p1a: Forretress|Stealth Rock|p2a: Raikou
|-sidestart|p2: mr.scout|move: Stealth Rock
|
|-heal|p1a: Forretress|325\/354|[from] item: Leftovers
|turn|10
|
|switch|p1a: Machamp|Machamp, M|384\/384
|move|p2a: Raikou|Knock Off|p1a: Machamp
|-resisted|p1a: Machamp
|-damage|p1a: Machamp|266\/384
|-enditem|p1a: Machamp|Choice Band|[from] move: Knock Off|[of] p2a: Raikou
|-damage|p2a: Raikou|157\/261|[from] item: Life Orb
|
|turn|11
|
|move|p2a: Raikou|U-turn|p1a: Machamp
|-resisted|p1a: Machamp
|-damage|p1a: Machamp|213\/384
|-damage|p2a: Raikou|131\/261|[from] item: Life Orb
|
|switch|p2a: Flygon|Flygon, F|167\/301 brn
|-damage|p2a: Flygon|149\/301 brn|[from] Stealth Rock
|move|p1a: Machamp|Knock Off|p2a: Flygon
|-damage|p2a: Flygon|41\/301 brn
|-enditem|p2a: Flygon|Life Orb|[from] move: Knock Off|[of] p1a: Machamp
|
|-damage|p2a: Flygon|4\/301 brn|[from] brn
|turn|12
|
|switch|p1a: Arcanine|Arcanine, F|381\/384
|-ability|p1a: Arcanine|Intimidate|[of] p2a: Flygon
|-unboost|p2a: Flygon|atk|1
|move|p2a: Flygon|Defog|p1a: Arcanine
|-unboost|p1a: Arcanine|evasion|1
|-sideend|p2: mr.scout|Stealth Rock|[from] move: Defog|[of] p2a: Flygon
|
|-heal|p1a: Arcanine|384\/384|[from] item: Leftovers
|-damage|p2a: Flygon|0 fnt|[from] brn
|faint|p2a: Flygon
|
|switch|p2a: Froslass|Froslass, F|281\/281
|turn|13
|
|move|p2a: Froslass|Spikes|p1a: Arcanine
|-sidestart|p1: SadPierrot|Spikes
|move|p1a: Arcanine|Flare Blitz|p2a: Froslass
|-supereffective|p2a: Froslass
|-enditem|p2a: Froslass|Focus Sash
|-damage|p2a: Froslass|1\/281
|-start|p1a: Arcanine|Disable|Flare Blitz
|-damage|p1a: Arcanine|292\/384|[from] recoil|[of] p2a: Froslass
|
|-heal|p1a: Arcanine|316\/384|[from] item: Leftovers
|turn|14
|
|move|p2a: Froslass|Spikes|p1a: Arcanine
|-sidestart|p1: SadPierrot|Spikes
|move|p1a: Arcanine|Will-O-Wisp|p2a: Froslass
|-status|p2a: Froslass|brn
|
|-heal|p1a: Arcanine|340\/384|[from] item: Leftovers
|-damage|p2a: Froslass|0 fnt|[from] brn
|faint|p2a: Froslass
|
|switch|p2a: Raikou|Raikou|321\/321
|-ability|p2a: Raikou|Pressure
|turn|15
|
|switch|p1a: Celebi|Celebi|404\/404
|-damage|p1a: Celebi|337\/404|[from] Spikes
|move|p2a: Raikou|Volt Switch|p1a: Celebi
|-resisted|p1a: Celebi
|-damage|p1a: Celebi|247\/404
|
|switch|p2a: Zoroark|Zoroark, M|131\/261
|
|-heal|p1a: Celebi|272\/404|[from] item: Leftovers
|turn|16
|
|switch|p1a: Forretress|Forretress, M|325\/354
|-damage|p1a: Forretress|266\/354|[from] Spikes
|move|p2a: Zoroark|U-turn|p1a: Forretress
|-resisted|p1a: Forretress
|-damage|p1a: Forretress|239\/354
|-damage|p2a: Zoroark|105\/261|[from] item: Life Orb
|
|switch|p2a: Cobalion|Cobalion|323\/323
|
|-heal|p1a: Forretress|261\/354|[from] item: Leftovers
|turn|17
|
|move|p2a: Cobalion|Swords Dance|p2a: Cobalion
|-boost|p2a: Cobalion|atk|2
|move|p1a: Forretress|Rapid Spin|p2a: Cobalion
|-resisted|p2a: Cobalion
|-damage|p2a: Cobalion|317\/323
|-sideend|p1: SadPierrot|Spikes|[from] move: Rapid Spin|[of] p1a: Forretress
|
|-heal|p1a: Forretress|283\/354|[from] item: Leftovers
|turn|18
|
|move|p2a: Cobalion|Swords Dance|p2a: Cobalion
|-boost|p2a: Cobalion|atk|2
|move|p1a: Forretress|Stealth Rock|p2a: Cobalion
|-sidestart|p2: mr.scout|move: Stealth Rock
|
|-heal|p1a: Forretress|305\/354|[from] item: Leftovers
|turn|19
|
|move|p2a: Cobalion|Swords Dance|p2a: Cobalion
|-boost|p2a: Cobalion|atk|2
|move|p1a: Forretress|Spikes|p2a: Cobalion
|-sidestart|p2: mr.scout|Spikes
|
|-heal|p1a: Forretress|327\/354|[from] item: Leftovers
|turn|20
|
|move|p2a: Cobalion|Stealth Rock|p1a: Forretress
|-sidestart|p1: SadPierrot|move: Stealth Rock
|move|p1a: Forretress|Counter|p2a: Cobalion
|-fail|p2a: Cobalion
|
|-heal|p1a: Forretress|349\/354|[from] item: Leftovers
|turn|21
|
|move|p2a: Cobalion|Close Combat|p1a: Forretress
|-damage|p1a: Forretress|0 fnt
|-unboost|p2a: Cobalion|def|1
|-unboost|p2a: Cobalion|spd|1
|-damage|p2a: Cobalion|285\/323|[from] item: Life Orb
|faint|p1a: Forretress
|
|
|switch|p1a: Arcanine|Arcanine, F|340\/384
|-damage|p1a: Arcanine|244\/384|[from] Stealth Rock
|-ability|p1a: Arcanine|Intimidate|[of] p2a: Cobalion
|-unboost|p2a: Cobalion|atk|1
|turn|22
|
|switch|p1a: Celebi|Celebi|272\/404
|-damage|p1a: Celebi|222\/404|[from] Stealth Rock
|move|p2a: Cobalion|Close Combat|p1a: Celebi
|-resisted|p1a: Celebi
|-damage|p1a: Celebi|0 fnt
|-unboost|p2a: Cobalion|def|1
|-unboost|p2a: Cobalion|spd|1
|-damage|p2a: Cobalion|253\/323|[from] item: Life Orb
|faint|p1a: Celebi
|
|
|switch|p1a: Arcanine|Arcanine, F|244\/384
|-damage|p1a: Arcanine|148\/384|[from] Stealth Rock
|-ability|p1a: Arcanine|Intimidate|[of] p2a: Cobalion
|-unboost|p2a: Cobalion|atk|1
|turn|23
|
|move|p1a: Arcanine|Extreme Speed|p2a: Cobalion
|-resisted|p2a: Cobalion
|-damage|p2a: Cobalion|201\/323
|move|p2a: Cobalion|Close Combat|p1a: Arcanine
|-damage|p1a: Arcanine|0 fnt
|-unboost|p2a: Cobalion|def|1
|-unboost|p2a: Cobalion|spd|1
|-damage|p2a: Cobalion|169\/323|[from] item: Life Orb
|faint|p1a: Arcanine
|
|
|switch|p1a: Cresselia|Cresselia, F|444\/444
|-damage|p1a: Cresselia|389\/444|[from] Stealth Rock
|turn|24
|
|move|p2a: Cobalion|Iron Head|p1a: Cresselia
|-damage|p1a: Cresselia|112\/444
|-damage|p2a: Cobalion|137\/323|[from] item: Life Orb
|cant|p1a: Cresselia|flinch
|
|-heal|p1a: Cresselia|139\/444|[from] item: Leftovers
|turn|25
|-message|SadPierrot forfeited.
|
|win|mr.scout
|raw|Ladder updating...
|leave|SadPierrot
|player|p1
|raw|SadPierrot's rating: 1452 &rarr; <strong>1433<\/strong><br \/>(-19 for losing)
|raw|mr.scout's rating: 1459 &rarr; <strong>1479<\/strong><br \/>(+20 for winning)