|join|MegaRango
|join|SadPierrot
|player|p1|MegaRango|101
|player|p2|SadPierrot|238
|gametype|singles
|gen|6
|tier|UU
|rated
|rule|Sleep Clause Mod: Limit one foe put to sleep
|rule|Species Clause: Limit one of each Pokémon
|rule|OHKO Clause: OHKO moves are banned
|rule|Moody Clause: Moody is banned
|rule|Evasion Moves Clause: Evasion moves are banned
|rule|Endless Battle Clause: Forcing endless battles is banned
|rule|HP Percentage Mod: HP is shown in percentages
|clearpoke
|poke|p1|Sceptile, F
|poke|p1|Gligar, F
|poke|p1|Cofagrigus, F
|poke|p1|Umbreon, M
|poke|p1|Quagsire, M
|poke|p1|Chandelure, F, shiny
|poke|p2|Suicune
|poke|p2|Snorlax, M
|poke|p2|Whimsicott, M
|poke|p2|Crobat, M
|poke|p2|Zygarde
|poke|p2|Sharpedo, M
|rule|Swagger Clause: Swagger is banned
|rule|Baton Pass Clause: Limit one Pokémon knowing Baton Pass
|teampreview
|
|start
|switch|p1a: Chandelure 10.6|Chandelure, F, shiny|261\/261
|switch|p2a: Crobat|Crobat, M|374\/374
|turn|1
|
|switch|p2a: Snorlax|Snorlax, M|524\/524
|move|p1a: Chandelure 10.6|Trick|p2a: Snorlax
|-activate|p1a: Chandelure 10.6|move: Trick|[of] p2a: Snorlax
|-item|p2a: Snorlax|Choice Scarf|[from] move: Trick
|-item|p1a: Chandelure 10.6|Chesto Berry|[from] move: Trick
|
|turn|2
|
|switch|p1a: Cofagrigus 0.91|Cofagrigus, F|319\/319
|move|p2a: Snorlax|Crunch|p1a: Cofagrigus 0.91
|-supereffective|p1a: Cofagrigus 0.91
|-damage|p1a: Cofagrigus 0.91|239\/319
|-endability|p2a: Snorlax|immunity|[from] Mummy
|-ability|p2a: Snorlax|Mummy|[from] Mummy
|
|-heal|p1a: Cofagrigus 0.91|258\/319|[from] item: Leftovers
|turn|3
|
|move|p2a: Snorlax|Crunch|p1a: Cofagrigus 0.91
|-supereffective|p1a: Cofagrigus 0.91
|-damage|p1a: Cofagrigus 0.91|180\/319
|move|p1a: Cofagrigus 0.91|Toxic Spikes|p2a: Snorlax
|-sidestart|p2: SadPierrot|move: Toxic Spikes
|
|-heal|p1a: Cofagrigus 0.91|199\/319|[from] item: Leftovers
|turn|4
|
|switch|p2a: Crobat|Crobat, M|374\/374
|move|p1a: Cofagrigus 0.91|Will-O-Wisp|p2a: Crobat
|-status|p2a: Crobat|brn
|
|-heal|p1a: Cofagrigus 0.91|218\/319|[from] item: Leftovers
|-damage|p2a: Crobat|328\/374 brn|[from] brn
|turn|5
|
|move|p2a: Crobat|Defog|p1a: Cofagrigus 0.91
|-unboost|p1a: Cofagrigus 0.91|evasion|1
|-sideend|p2: SadPierrot|Toxic Spikes|[from] move: Defog|[of] p2a: Crobat
|move|p1a: Cofagrigus 0.91|Shadow Ball|p2a: Crobat
|-damage|p2a: Crobat|228\/374 brn
|
|-heal|p2a: Crobat|251\/374 brn|[from] item: Black Sludge
|-heal|p1a: Cofagrigus 0.91|237\/319|[from] item: Leftovers
|-damage|p2a: Crobat|205\/374 brn|[from] brn
|turn|6
|
|switch|p2a: Zygarde|Zygarde|400\/400
|-ability|p2a: Zygarde|Aura Break
|move|p1a: Cofagrigus 0.91|Toxic Spikes|p2a: Zygarde
|-sidestart|p2: SadPierrot|move: Toxic Spikes
|
|-heal|p1a: Cofagrigus 0.91|256\/319|[from] item: Leftovers
|turn|7
|
|switch|p1a: Quagsire 2.92|Quagsire, M|394\/394
|move|p2a: Zygarde|Substitute|p2a: Zygarde
|-start|p2a: Zygarde|Substitute
|-damage|p2a: Zygarde|300\/400
|
|-heal|p2a: Zygarde|325\/400|[from] item: Leftovers
|turn|8
|
|move|p1a: Quagsire 2.92|Earthquake|p2a: Zygarde
|-activate|p2a: Zygarde|Substitute|[damage]
|move|p2a: Zygarde|Dragon Tail|p1a: Quagsire 2.92
|-damage|p1a: Quagsire 2.92|334\/394
|drag|p1a: Chandelure 10.6|Chandelure, F, shiny|261\/261
|
|-heal|p2a: Zygarde|350\/400|[from] item: Leftovers
|turn|9
|
|switch|p1a: Gligar 4.58|Gligar, F|334\/334
|move|p2a: Zygarde|Coil|p2a: Zygarde
|-boost|p2a: Zygarde|atk|1
|-boost|p2a: Zygarde|def|1
|-boost|p2a: Zygarde|accuracy|1
|
|-heal|p2a: Zygarde|375\/400|[from] item: Leftovers
|turn|10
|
|move|p2a: Zygarde|Coil|p2a: Zygarde
|-boost|p2a: Zygarde|atk|1
|-boost|p2a: Zygarde|def|1
|-boost|p2a: Zygarde|accuracy|1
|move|p1a: Gligar 4.58|Stealth Rock|p2a: Zygarde
|-sidestart|p2: SadPierrot|move: Stealth Rock
|
|-heal|p2a: Zygarde|400\/400|[from] item: Leftovers
|turn|11
|
|switch|p1a: Quagsire 2.92|Quagsire, M|334\/394
|move|p2a: Zygarde|Coil|p2a: Zygarde
|-boost|p2a: Zygarde|atk|1
|-boost|p2a: Zygarde|def|1
|-boost|p2a: Zygarde|accuracy|1
|
|-heal|p1a: Quagsire 2.92|358\/394|[from] item: Leftovers
|turn|12
|
|move|p2a: Zygarde|Earthquake|p1a: Quagsire 2.92
|-damage|p1a: Quagsire 2.92|258\/394
|move|p1a: Quagsire 2.92|Scald|p2a: Zygarde
|-end|p2a: Zygarde|Substitute
|
|-heal|p1a: Quagsire 2.92|282\/394|[from] item: Leftovers
|turn|13
|
|move|p2a: Zygarde|Substitute|p2a: Zygarde
|-start|p2a: Zygarde|Substitute
|-damage|p2a: Zygarde|300\/400
|move|p1a: Quagsire 2.92|Scald|p2a: Zygarde
|-activate|p2a: Zygarde|Substitute|[damage]
|
|-heal|p2a: Zygarde|325\/400|[from] item: Leftovers
|-heal|p1a: Quagsire 2.92|306\/394|[from] item: Leftovers
|turn|14
|
|move|p2a: Zygarde|Coil|p2a: Zygarde
|-boost|p2a: Zygarde|atk|1
|-boost|p2a: Zygarde|def|1
|-boost|p2a: Zygarde|accuracy|1
|move|p1a: Quagsire 2.92|Recover|p1a: Quagsire 2.92
|-heal|p1a: Quagsire 2.92|394\/394
|
|-heal|p2a: Zygarde|350\/400|[from] item: Leftovers
|turn|15
|
|move|p2a: Zygarde|Coil|p2a: Zygarde
|-boost|p2a: Zygarde|atk|1
|-boost|p2a: Zygarde|def|1
|-boost|p2a: Zygarde|accuracy|1
|move|p1a: Quagsire 2.92|Scald|p2a: Zygarde
|-end|p2a: Zygarde|Substitute
|
|-heal|p2a: Zygarde|375\/400|[from] item: Leftovers
|turn|16
|
|move|p2a: Zygarde|Substitute|p2a: Zygarde
|-start|p2a: Zygarde|Substitute
|-damage|p2a: Zygarde|275\/400
|move|p1a: Quagsire 2.92|Curse|p1a: Quagsire 2.92
|-boost|p1a: Quagsire 2.92|atk|1
|-boost|p1a: Quagsire 2.92|def|1
|-unboost|p1a: Quagsire 2.92|spe|1
|
|-heal|p2a: Zygarde|300\/400|[from] item: Leftovers
|turn|17
|
|move|p1a: Quagsire 2.92|Earthquake|p2a: Zygarde
|-crit|p2a: Zygarde
|-end|p2a: Zygarde|Substitute
|move|p2a: Zygarde|Dragon Tail|p1a: Quagsire 2.92
|-damage|p1a: Quagsire 2.92|354\/394
|drag|p1a: Gligar 4.58|Gligar, F|334\/334
|
|-heal|p2a: Zygarde|325\/400|[from] item: Leftovers
|turn|18
|
|switch|p1a: Quagsire 2.92|Quagsire, M|354\/394
|move|p2a: Zygarde|Substitute|p2a: Zygarde
|-start|p2a: Zygarde|Substitute
|-damage|p2a: Zygarde|225\/400
|
|-heal|p2a: Zygarde|250\/400|[from] item: Leftovers
|-heal|p1a: Quagsire 2.92|378\/394|[from] item: Leftovers
|turn|19
|
|move|p2a: Zygarde|Coil|p2a: Zygarde
|-boost|p2a: Zygarde|atk|1
|-boost|p2a: Zygarde|def|1
|-boost|p2a: Zygarde|accuracy|1
|move|p1a: Quagsire 2.92|Scald|p2a: Zygarde
|-activate|p2a: Zygarde|Substitute|[damage]
|
|-heal|p2a: Zygarde|275\/400|[from] item: Leftovers
|-heal|p1a: Quagsire 2.92|394\/394|[from] item: Leftovers
|turn|20
|
|move|p2a: Zygarde|Earthquake|p1a: Quagsire 2.92
|-damage|p1a: Quagsire 2.92|295\/394
|move|p1a: Quagsire 2.92|Scald|p2a: Zygarde
|-end|p2a: Zygarde|Substitute
|
|-heal|p2a: Zygarde|300\/400|[from] item: Leftovers
|-heal|p1a: Quagsire 2.92|319\/394|[from] item: Leftovers
|turn|21
|
|move|p2a: Zygarde|Substitute|p2a: Zygarde
|-start|p2a: Zygarde|Substitute
|-damage|p2a: Zygarde|200\/400
|move|p1a: Quagsire 2.92|Recover|p1a: Quagsire 2.92
|-heal|p1a: Quagsire 2.92|394\/394
|
|-heal|p2a: Zygarde|225\/400|[from] item: Leftovers
|turn|22
|
|move|p1a: Quagsire 2.92|Scald|p2a: Zygarde
|-activate|p2a: Zygarde|Substitute|[damage]
|move|p2a: Zygarde|Dragon Tail|p1a: Quagsire 2.92
|-damage|p1a: Quagsire 2.92|334\/394
|drag|p1a: Chandelure 10.6|Chandelure, F, shiny|261\/261
|
|-heal|p2a: Zygarde|250\/400|[from] item: Leftovers
|turn|23
|
|switch|p1a: Quagsire 2.92|Quagsire, M|334\/394
|move|p2a: Zygarde|Dragon Tail|p1a: Quagsire 2.92
|-damage|p1a: Quagsire 2.92|276\/394
|drag|p1a: Gligar 4.58|Gligar, F|334\/334
|
|-heal|p2a: Zygarde|275\/400|[from] item: Leftovers
|turn|24
|
|switch|p1a: Quagsire 2.92|Quagsire, M|276\/394
|move|p2a: Zygarde|Dragon Tail|p1a: Quagsire 2.92
|-damage|p1a: Quagsire 2.92|215\/394
|drag|p1a: Cofagrigus 0.91|Cofagrigus, F|256\/319
|
|-heal|p2a: Zygarde|300\/400|[from] item: Leftovers
|-heal|p1a: Cofagrigus 0.91|275\/319|[from] item: Leftovers
|turn|25
|
|move|p1a: Cofagrigus 0.91|Toxic Spikes|p2a: Zygarde
|-sidestart|p2: SadPierrot|move: Toxic Spikes
|move|p2a: Zygarde|Dragon Tail|p1a: Cofagrigus 0.91
|-damage|p1a: Cofagrigus 0.91|131\/319
|-endability|p2a: Zygarde|aurabreak|[from] Mummy
|-ability|p2a: Zygarde|Mummy|[from] Mummy
|drag|p1a: Quagsire 2.92|Quagsire, M|215\/394
|
|-heal|p2a: Zygarde|325\/400|[from] item: Leftovers
|-heal|p1a: Quagsire 2.92|239\/394|[from] item: Leftovers
|turn|26
|
|move|p1a: Quagsire 2.92|Recover|p1a: Quagsire 2.92
|-heal|p1a: Quagsire 2.92|394\/394
|move|p2a: Zygarde|Dragon Tail|p1a: Quagsire 2.92|[miss]
|-miss|p2a: Zygarde|p1a: Quagsire 2.92
|
|-heal|p2a: Zygarde|350\/400|[from] item: Leftovers
|turn|27
|
|move|p2a: Zygarde|Earthquake|p1a: Quagsire 2.92
|-damage|p1a: Quagsire 2.92|291\/394
|move|p1a: Quagsire 2.92|Scald|p2a: Zygarde
|-end|p2a: Zygarde|Substitute
|
|-heal|p2a: Zygarde|375\/400|[from] item: Leftovers
|-heal|p1a: Quagsire 2.92|315\/394|[from] item: Leftovers
|turn|28
|
|move|p2a: Zygarde|Substitute|p2a: Zygarde
|-start|p2a: Zygarde|Substitute
|-damage|p2a: Zygarde|275\/400
|move|p1a: Quagsire 2.92|Curse|p1a: Quagsire 2.92
|-boost|p1a: Quagsire 2.92|atk|1
|-boost|p1a: Quagsire 2.92|def|1
|-unboost|p1a: Quagsire 2.92|spe|1
|
|-heal|p2a: Zygarde|300\/400|[from] item: Leftovers
|-heal|p1a: Quagsire 2.92|339\/394|[from] item: Leftovers
|turn|29
|
|move|p1a: Quagsire 2.92|Earthquake|p2a: Zygarde
|-end|p2a: Zygarde|Substitute
|move|p2a: Zygarde|Dragon Tail|p1a: Quagsire 2.92
|-damage|p1a: Quagsire 2.92|300\/394
|drag|p1a: Sceptile 2.72|Sceptile, F|281\/281
|
|-heal|p2a: Zygarde|325\/400|[from] item: Leftovers
|turn|30
|
|switch|p1a: Quagsire 2.92|Quagsire, M|300\/394
|move|p2a: Zygarde|Dragon Tail|p1a: Quagsire 2.92
|-damage|p1a: Quagsire 2.92|242\/394
|drag|p1a: Chandelure 10.6|Chandelure, F, shiny|261\/261
|
|-heal|p2a: Zygarde|350\/400|[from] item: Leftovers
|turn|31
|
|switch|p1a: Gligar 4.58|Gligar, F|334\/334
|move|p2a: Zygarde|Substitute|p2a: Zygarde
|-start|p2a: Zygarde|Substitute
|-damage|p2a: Zygarde|250\/400
|
|-heal|p2a: Zygarde|275\/400|[from] item: Leftovers
|turn|32
|
|move|p1a: Gligar 4.58|Earthquake|p2a: Zygarde
|-activate|p2a: Zygarde|Substitute|[damage]
|move|p2a: Zygarde|Dragon Tail|p1a: Gligar 4.58
|-damage|p1a: Gligar 4.58|162\/334
|drag|p1a: Quagsire 2.92|Quagsire, M|242\/394
|
|-heal|p2a: Zygarde|300\/400|[from] item: Leftovers
|-heal|p1a: Quagsire 2.92|266\/394|[from] item: Leftovers
|turn|33
|
|switch|p2a: Crobat|Crobat, M|205\/374 brn
|-damage|p2a: Crobat|112\/374 brn|[from] Stealth Rock
|move|p1a: Quagsire 2.92|Recover|p1a: Quagsire 2.92
|-heal|p1a: Quagsire 2.92|394\/394
|
|-heal|p2a: Crobat|135\/374 brn|[from] item: Black Sludge
|-damage|p2a: Crobat|89\/374 brn|[from] brn
|turn|34
|
|move|p2a: Crobat|Defog|p1a: Quagsire 2.92
|-unboost|p1a: Quagsire 2.92|evasion|1
|-sideend|p2: SadPierrot|Toxic Spikes|[from] move: Defog|[of] p2a: Crobat
|-sideend|p2: SadPierrot|Stealth Rock|[from] move: Defog|[of] p2a: Crobat
|move|p1a: Quagsire 2.92|Scald|p2a: Crobat
|-damage|p2a: Crobat|5\/374 brn
|
|-heal|p2a: Crobat|28\/374 brn|[from] item: Black Sludge
|-damage|p2a: Crobat|0 fnt|[from] brn
|faint|p2a: Crobat
|
|switch|p2a: Whimsicott|Whimsicott, M|261\/261
|turn|35
|
|switch|p1a: Chandelure 10.6|Chandelure, F, shiny|261\/261
|move|p2a: Whimsicott|U-turn|p1a: Chandelure 10.6
|-resisted|p1a: Chandelure 10.6
|-damage|p1a: Chandelure 10.6|247\/261
|-damage|p2a: Whimsicott|235\/261|[from] item: Life Orb
|
|switch|p2a: Sharpedo|Sharpedo, M|281\/281
|
|turn|36
|
|switch|p1a: Umbreon 6.92|Umbreon, M|394\/394
|move|p2a: Sharpedo|Crunch|p1a: Umbreon 6.92
|-resisted|p1a: Umbreon 6.92
|-damage|p1a: Umbreon 6.92|325\/394
|
|-heal|p1a: Umbreon 6.92|349\/394|[from] item: Leftovers
|-boost|p2a: Sharpedo|spe|1|[from] ability: Speed Boost
|turn|37
|
|switch|p2a: Suicune|Suicune|404\/404
|-ability|p2a: Suicune|Pressure
|move|p1a: Umbreon 6.92|Foul Play|p2a: Suicune
|-damage|p2a: Suicune|350\/404
|
|-heal|p2a: Suicune|375\/404|[from] item: Leftovers
|-heal|p1a: Umbreon 6.92|373\/394|[from] item: Leftovers
|turn|38
|
|switch|p1a: Sceptile 2.72|Sceptile, F|281\/281
|move|p2a: Suicune|Calm Mind|p2a: Suicune
|-boost|p2a: Suicune|spa|1
|-boost|p2a: Suicune|spd|1
|
|-heal|p2a: Suicune|400\/404|[from] item: Leftovers
|turn|39
|
|detailschange|p1a: Sceptile 2.72|Sceptile-Mega, F
|message|Sceptile has Mega Evolved into Mega Sceptile!
|move|p1a: Sceptile 2.72|Swords Dance|p1a: Sceptile 2.72
|-boost|p1a: Sceptile 2.72|atk|2
|move|p2a: Suicune|Ice Beam|p1a: Sceptile 2.72
|-supereffective|p1a: Sceptile 2.72
|-damage|p1a: Sceptile 2.72|0 fnt
|faint|p1a: Sceptile 2.72
|
|-heal|p2a: Suicune|404\/404|[from] item: Leftovers
|
|switch|p1a: Quagsire 2.92|Quagsire, M|394\/394
|turn|40
|
|switch|p2a: Whimsicott|Whimsicott, M|235\/261
|move|p1a: Quagsire 2.92|Curse|p1a: Quagsire 2.92
|-boost|p1a: Quagsire 2.92|atk|1
|-boost|p1a: Quagsire 2.92|def|1
|-unboost|p1a: Quagsire 2.92|spe|1
|
|turn|41
|
|switch|p1a: Chandelure 10.6|Chandelure, F, shiny|247\/261
|move|p2a: Whimsicott|Giga Drain|p1a: Chandelure 10.6
|-resisted|p1a: Chandelure 10.6
|-damage|p1a: Chandelure 10.6|178\/261
|-heal|p2a: Whimsicott|261\/261|[from] drain|[of] p1a: Chandelure 10.6
|-damage|p2a: Whimsicott|235\/261|[from] item: Life Orb
|
|turn|42
|
|switch|p2a: Snorlax|Snorlax, M|524\/524
|move|p1a: Chandelure 10.6|Fire Blast|p2a: Snorlax|[miss]
|-miss|p1a: Chandelure 10.6|p2a: Snorlax
|
|turn|43
|
|switch|p1a: Umbreon 6.92|Umbreon, M|373\/394
|move|p2a: Snorlax|Crunch|p1a: Umbreon 6.92
|-resisted|p1a: Umbreon 6.92
|-damage|p1a: Umbreon 6.92|339\/394
|
|-heal|p1a: Umbreon 6.92|363\/394|[from] item: Leftovers
|turn|44
|
|switch|p2a: Suicune|Suicune|404\/404
|-ability|p2a: Suicune|Pressure
|move|p1a: Umbreon 6.92|Wish|p1a: Umbreon 6.92
|
|-heal|p1a: Umbreon 6.92|387\/394|[from] item: Leftovers
|turn|45
|
|switch|p1a: Cofagrigus 0.91|Cofagrigus, F|131\/319
|move|p2a: Suicune|Scald|p1a: Cofagrigus 0.91
|-damage|p1a: Cofagrigus 0.91|53\/319
|
|-heal|p1a: Cofagrigus 0.91|250\/319|[from] move: Wish|[wisher] Umbreon 6.92
|-heal|p1a: Cofagrigus 0.91|269\/319|[from] item: Leftovers
|turn|46
|
|move|p2a: Suicune|Calm Mind|p2a: Suicune
|-boost|p2a: Suicune|spa|1
|-boost|p2a: Suicune|spd|1
|move|p1a: Cofagrigus 0.91|Toxic Spikes|p2a: Suicune
|-sidestart|p2: SadPierrot|move: Toxic Spikes
|
|-heal|p1a: Cofagrigus 0.91|288\/319|[from] item: Leftovers
|turn|47
|
|move|p2a: Suicune|Calm Mind|p2a: Suicune
|-boost|p2a: Suicune|spa|1
|-boost|p2a: Suicune|spd|1
|move|p1a: Cofagrigus 0.91|Toxic Spikes|p2a: Suicune
|-sidestart|p2: SadPierrot|move: Toxic Spikes
|
|-heal|p1a: Cofagrigus 0.91|307\/319|[from] item: Leftovers
|turn|48
|
|switch|p1a: Chandelure 10.6|Chandelure, F, shiny|178\/261
|move|p2a: Suicune|Calm Mind|p2a: Suicune
|-boost|p2a: Suicune|spa|1
|-boost|p2a: Suicune|spd|1
|
|turn|49
|
|move|p1a: Chandelure 10.6|Trick|p2a: Suicune
|-activate|p1a: Chandelure 10.6|move: Trick|[of] p2a: Suicune
|-item|p2a: Suicune|Chesto Berry|[from] move: Trick
|-item|p1a: Chandelure 10.6|Leftovers|[from] move: Trick
|move|p2a: Suicune|Scald|p1a: Chandelure 10.6
|-supereffective|p1a: Chandelure 10.6
|-damage|p1a: Chandelure 10.6|0 fnt
|faint|p1a: Chandelure 10.6
|
|c|★SadPierrot|cool free chesto berry
|
|switch|p1a: Quagsire 2.92|Quagsire, M|394\/394
|turn|50
|
|move|p2a: Suicune|Ice Beam|p1a: Quagsire 2.92
|-damage|p1a: Quagsire 2.92|309\/394
|move|p1a: Quagsire 2.92|Curse|p1a: Quagsire 2.92
|-boost|p1a: Quagsire 2.92|atk|1
|-boost|p1a: Quagsire 2.92|def|1
|-unboost|p1a: Quagsire 2.92|spe|1
|
|-heal|p1a: Quagsire 2.92|333\/394|[from] item: Leftovers
|turn|51
|
|move|p2a: Suicune|Calm Mind|p2a: Suicune
|-boost|p2a: Suicune|spa|1
|-boost|p2a: Suicune|spd|1
|move|p1a: Quagsire 2.92|Earthquake|p2a: Suicune
|-damage|p2a: Suicune|304\/404
|
|-heal|p1a: Quagsire 2.92|357\/394|[from] item: Leftovers
|turn|52
|
|move|p2a: Suicune|Ice Beam|p1a: Quagsire 2.92
|-damage|p1a: Quagsire 2.92|261\/394
|move|p1a: Quagsire 2.92|Curse|p1a: Quagsire 2.92
|-boost|p1a: Quagsire 2.92|atk|1
|-boost|p1a: Quagsire 2.92|def|1
|-unboost|p1a: Quagsire 2.92|spe|1
|
|-heal|p1a: Quagsire 2.92|285\/394|[from] item: Leftovers
|turn|53
|
|move|p2a: Suicune|Calm Mind|p2a: Suicune
|-boost|p2a: Suicune|spa|1
|-boost|p2a: Suicune|spd|1
|move|p1a: Quagsire 2.92|Recover|p1a: Quagsire 2.92
|-heal|p1a: Quagsire 2.92|394\/394
|
|turn|54
|
|move|p2a: Suicune|Calm Mind|p2a: Suicune
|-boost|p2a: Suicune|spa|1
|-boost|p2a: Suicune|spd|1
|move|p1a: Quagsire 2.92|Curse|p1a: Quagsire 2.92
|-boost|p1a: Quagsire 2.92|atk|1
|-boost|p1a: Quagsire 2.92|def|1
|-unboost|p1a: Quagsire 2.92|spe|1
|
|turn|55
|
|move|p2a: Suicune|Ice Beam|p1a: Quagsire 2.92
|-damage|p1a: Quagsire 2.92|295\/394
|move|p1a: Quagsire 2.92|Earthquake|p2a: Suicune
|-damage|p2a: Suicune|138\/404
|
|-heal|p1a: Quagsire 2.92|319\/394|[from] item: Leftovers
|turn|56
|
|move|p2a: Suicune|Rest|p2a: Suicune
|-status|p2a: Suicune|slp
|-heal|p2a: Suicune|404\/404 slp|[silent]
|-status|p2a: Suicune|slp|[from] move: Rest
|-enditem|p2a: Suicune|Chesto Berry|[eat]
|-curestatus|p2a: Suicune|slp
|move|p1a: Quagsire 2.92|Earthquake|p2a: Suicune
|-damage|p2a: Suicune|242\/404
|
|-heal|p1a: Quagsire 2.92|343\/394|[from] item: Leftovers
|turn|57
|
|move|p2a: Suicune|Ice Beam|p1a: Quagsire 2.92
|-damage|p1a: Quagsire 2.92|248\/394
|move|p1a: Quagsire 2.92|Curse|p1a: Quagsire 2.92
|-boost|p1a: Quagsire 2.92|atk|1
|-boost|p1a: Quagsire 2.92|def|1
|-unboost|p1a: Quagsire 2.92|spe|1
|
|-heal|p1a: Quagsire 2.92|272\/394|[from] item: Leftovers
|turn|58
|
|move|p2a: Suicune|Ice Beam|p1a: Quagsire 2.92
|-damage|p1a: Quagsire 2.92|174\/394
|move|p1a: Quagsire 2.92|Recover|p1a: Quagsire 2.92
|-heal|p1a: Quagsire 2.92|371\/394
|
|-heal|p1a: Quagsire 2.92|394\/394|[from] item: Leftovers
|turn|59
|
|move|p2a: Suicune|Ice Beam|p1a: Quagsire 2.92
|-damage|p1a: Quagsire 2.92|299\/394
|move|p1a: Quagsire 2.92|Earthquake|p2a: Suicune
|-damage|p2a: Suicune|37\/404
|
|-heal|p1a: Quagsire 2.92|323\/394|[from] item: Leftovers
|turn|60
|
|move|p2a: Suicune|Ice Beam|p1a: Quagsire 2.92
|-damage|p1a: Quagsire 2.92|225\/394
|move|p1a: Quagsire 2.92|Curse|p1a: Quagsire 2.92
|-boost|p1a: Quagsire 2.92|atk|1
|-boost|p1a: Quagsire 2.92|def|1
|-unboost|p1a: Quagsire 2.92|spe|1
|
|-heal|p1a: Quagsire 2.92|249\/394|[from] item: Leftovers
|turn|61
|
|move|p2a: Suicune|Ice Beam|p1a: Quagsire 2.92
|-damage|p1a: Quagsire 2.92|153\/394
|move|p1a: Quagsire 2.92|Earthquake|p2a: Suicune
|-damage|p2a: Suicune|0 fnt
|faint|p2a: Suicune
|
|-heal|p1a: Quagsire 2.92|177\/394|[from] item: Leftovers
|
|switch|p2a: Whimsicott|Whimsicott, M|235\/261
|-status|p2a: Whimsicott|tox
|turn|62
|
|switch|p1a: Cofagrigus 0.91|Cofagrigus, F|307\/319
|move|p2a: Whimsicott|Giga Drain|p1a: Cofagrigus 0.91
|-damage|p1a: Cofagrigus 0.91|189\/319
|-heal|p2a: Whimsicott|261\/261 tox|[from] drain|[of] p1a: Cofagrigus 0.91
|-damage|p2a: Whimsicott|235\/261 tox|[from] item: Life Orb
|
|-heal|p1a: Cofagrigus 0.91|208\/319|[from] item: Leftovers
|-damage|p2a: Whimsicott|219\/261 tox|[from] psn
|turn|63
|
|move|p2a: Whimsicott|Moonblast|p1a: Cofagrigus 0.91
|-damage|p1a: Cofagrigus 0.91|70\/319
|-damage|p2a: Whimsicott|193\/261 tox|[from] item: Life Orb
|move|p1a: Cofagrigus 0.91|Pain Split|p2a: Whimsicott
|-sethp|p2a: Whimsicott|131\/261 tox|p1a: Cofagrigus 0.91|131\/319|[from] move: Pain Split
|
|-heal|p1a: Cofagrigus 0.91|150\/319|[from] item: Leftovers
|-damage|p2a: Whimsicott|99\/261 tox|[from] psn
|turn|64
|-message|SadPierrot forfeited.
|
|win|MegaRango
|raw|Ladder updating...
|raw|MegaRango's rating: 1407 &rarr; <strong>1428<\/strong><br \/>(+21 for winning)
|raw|SadPierrot's rating: 1419 &rarr; <strong>1398<\/strong><br \/>(-21 for losing)