|join|IONLYLOSETODCs14
|join|SadPierrot
|player|p1|IONLYLOSETODCs14|125
|player|p2|SadPierrot|238
|gametype|singles
|gen|6
|tier|UU
|rated
|rule|Sleep Clause Mod: Limit one foe put to sleep
|rule|Species Clause: Limit one of each Pokémon
|rule|OHKO Clause: OHKO moves are banned
|rule|Moody Clause: Moody is banned
|rule|Evasion Moves Clause: Evasion moves are banned
|rule|Endless Battle Clause: Forcing endless battles is banned
|rule|HP Percentage Mod: HP is shown in percentages
|clearpoke
|poke|p1|Swampert, F, shiny
|poke|p1|Alakazam, F, shiny
|poke|p1|Jirachi, shiny
|poke|p1|Machamp, F, shiny
|poke|p1|Crobat, F, shiny
|poke|p1|Shaymin, shiny
|poke|p2|Arcanine, F
|poke|p2|Roserade, F
|poke|p2|Empoleon, F
|poke|p2|Noivern, M
|poke|p2|Mienshao, M
|poke|p2|Krookodile, F
|rule|Swagger Clause: Swagger is banned
|rule|Baton Pass Clause: Limit one Pokémon knowing Baton Pass
|teampreview
|
|start
|switch|p1a: Alakazam|Alakazam, F, shiny|251\/251
|switch|p2a: Noivern|Noivern, M|311\/311
|turn|1
|
|detailschange|p1a: Alakazam|Alakazam-Mega, F, shiny
|message|Alakazam has Mega Evolved into Mega Alakazam!
|-ability|p1a: Alakazam|Infiltrator|[from] ability: Trace|[of] p2a: Noivern
|move|p1a: Alakazam|Protect|p1a: Alakazam
|-singleturn|p1a: Alakazam|Protect
|move|p2a: Noivern|Draco Meteor|p1a: Alakazam
|-activate|p1a: Alakazam|Protect
|
|turn|2
|
|switch|p1a: Jirachi|Jirachi, shiny|341\/341
|move|p2a: Noivern|Draco Meteor|p1a: Jirachi
|-resisted|p1a: Jirachi
|-damage|p1a: Jirachi|212\/341
|-unboost|p2a: Noivern|spa|2
|
|turn|3
|
|switch|p2a: Empoleon|Empoleon, F|372\/372
|move|p1a: Jirachi|U-turn|p2a: Empoleon
|-resisted|p2a: Empoleon
|-damage|p2a: Empoleon|346\/372
|
|switch|p1a: Machamp|Machamp, F, shiny|343\/343
|
|-heal|p2a: Empoleon|369\/372|[from] item: Leftovers
|turn|4
|
|switch|p2a: Arcanine|Arcanine, F|384\/384
|-ability|p2a: Arcanine|Intimidate|[of] p1a: Machamp
|-unboost|p1a: Machamp|atk|1
|move|p1a: Machamp|Close Combat|p2a: Arcanine
|-damage|p2a: Arcanine|180\/384
|-unboost|p1a: Machamp|def|1
|-unboost|p1a: Machamp|spd|1
|
|-heal|p2a: Arcanine|204\/384|[from] item: Leftovers
|turn|5
|
|switch|p1a: Swampert|Swampert, F, shiny|403\/403
|move|p2a: Arcanine|Will-O-Wisp|p1a: Swampert
|-status|p1a: Swampert|brn
|
|-heal|p2a: Arcanine|228\/384|[from] item: Leftovers
|-damage|p1a: Swampert|353\/403 brn|[from] brn
|turn|6
|
|move|p2a: Arcanine|Morning Sun|p2a: Arcanine
|-heal|p2a: Arcanine|384\/384
|move|p1a: Swampert|Stealth Rock|p2a: Arcanine
|-sidestart|p2: SadPierrot|move: Stealth Rock
|
|-heal|p1a: Swampert|378\/403 brn|[from] item: Leftovers
|-damage|p1a: Swampert|328\/403 brn|[from] brn
|turn|7
|
|switch|p2a: Empoleon|Empoleon, F|369\/372
|-damage|p2a: Empoleon|346\/372|[from] Stealth Rock
|switch|p1a: Machamp|Machamp, F, shiny|343\/343
|
|-heal|p2a: Empoleon|369\/372|[from] item: Leftovers
|turn|8
|
|switch|p2a: Arcanine|Arcanine, F|384\/384
|-damage|p2a: Arcanine|288\/384|[from] Stealth Rock
|-ability|p2a: Arcanine|Intimidate|[of] p1a: Machamp
|-unboost|p1a: Machamp|atk|1
|move|p1a: Machamp|Close Combat|p2a: Arcanine
|-damage|p2a: Arcanine|105\/384
|-unboost|p1a: Machamp|def|1
|-unboost|p1a: Machamp|spd|1
|
|-heal|p2a: Arcanine|129\/384|[from] item: Leftovers
|turn|9
|
|move|p2a: Arcanine|Will-O-Wisp|p1a: Machamp|[miss]
|-miss|p2a: Arcanine|p1a: Machamp
|move|p1a: Machamp|Close Combat|p2a: Arcanine
|-damage|p2a: Arcanine|0 fnt
|-unboost|p1a: Machamp|def|1
|-unboost|p1a: Machamp|spd|1
|faint|p2a: Arcanine
|
|
|switch|p2a: Krookodile|Krookodile, F|332\/332
|-damage|p2a: Krookodile|312\/332|[from] Stealth Rock
|turn|10
|
|switch|p1a: Crobat|Crobat, F, shiny|329\/329
|move|p2a: Krookodile|Knock Off|p1a: Crobat
|-damage|p1a: Crobat|134\/329
|-enditem|p1a: Crobat|Black Sludge|[from] move: Knock Off|[of] p2a: Krookodile
|
|turn|11
|
|switch|p2a: Empoleon|Empoleon, F|369\/372
|-damage|p2a: Empoleon|346\/372|[from] Stealth Rock
|move|p1a: Crobat|U-turn|p2a: Empoleon
|-resisted|p2a: Empoleon
|-damage|p2a: Empoleon|319\/372
|
|switch|p1a: Machamp|Machamp, F, shiny|343\/343
|
|-heal|p2a: Empoleon|342\/372|[from] item: Leftovers
|turn|12
|
|switch|p2a: Noivern|Noivern, M|311\/311
|-damage|p2a: Noivern|234\/311|[from] Stealth Rock
|move|p1a: Machamp|Close Combat|p2a: Noivern
|-resisted|p2a: Noivern
|-damage|p2a: Noivern|13\/311
|-unboost|p1a: Machamp|def|1
|-unboost|p1a: Machamp|spd|1
|
|turn|13
|
|switch|p1a: Jirachi|Jirachi, shiny|212\/341
|move|p2a: Noivern|Flamethrower|p1a: Jirachi
|-supereffective|p1a: Jirachi
|-damage|p1a: Jirachi|0 fnt
|faint|p1a: Jirachi
|
|
|switch|p1a: Machamp|Machamp, F, shiny|343\/343
|turn|14
|
|move|p2a: Noivern|Flamethrower|p1a: Machamp
|-damage|p1a: Machamp|184\/343
|move|p1a: Machamp|Close Combat|p2a: Noivern
|-resisted|p2a: Noivern
|-damage|p2a: Noivern|0 fnt
|-unboost|p1a: Machamp|def|1
|-unboost|p1a: Machamp|spd|1
|faint|p2a: Noivern
|
|
|switch|p2a: Krookodile|Krookodile, F|312\/332
|-damage|p2a: Krookodile|292\/332|[from] Stealth Rock
|turn|15
|
|switch|p1a: Swampert|Swampert, F, shiny|328\/403 brn
|move|p2a: Krookodile|Outrage|p1a: Swampert
|-damage|p1a: Swampert|230\/403 brn
|
|-heal|p1a: Swampert|255\/403 brn|[from] item: Leftovers
|-damage|p1a: Swampert|205\/403 brn|[from] brn
|turn|16
|
|move|p2a: Krookodile|Outrage|p1a: Swampert
|-damage|p1a: Swampert|97\/403 brn
|move|p1a: Swampert|Scald|p2a: Krookodile
|-supereffective|p2a: Krookodile
|-damage|p2a: Krookodile|0 fnt
|faint|p2a: Krookodile
|
|-heal|p1a: Swampert|122\/403 brn|[from] item: Leftovers
|-damage|p1a: Swampert|72\/403 brn|[from] brn
|
|switch|p2a: Empoleon|Empoleon, F|342\/372
|-damage|p2a: Empoleon|319\/372|[from] Stealth Rock
|turn|17
|
|switch|p1a: Machamp|Machamp, F, shiny|184\/343
|move|p2a: Empoleon|Defog|p1a: Machamp
|-unboost|p1a: Machamp|evasion|1
|-sideend|p2: SadPierrot|Stealth Rock|[from] move: Defog|[of] p2a: Empoleon
|
|-heal|p2a: Empoleon|342\/372|[from] item: Leftovers
|turn|18
|
|move|p1a: Machamp|Close Combat|p2a: Empoleon
|-supereffective|p2a: Empoleon
|-damage|p2a: Empoleon|0 fnt
|-unboost|p1a: Machamp|def|1
|-unboost|p1a: Machamp|spd|1
|faint|p2a: Empoleon
|
|
|switch|p2a: Mienshao|Mienshao, M|271\/271
|turn|19
|
|switch|p1a: Swampert|Swampert, F, shiny|72\/403 brn
|move|p2a: Mienshao|Knock Off|p1a: Swampert
|-damage|p1a: Swampert|0 fnt
|-enditem|p1a: Swampert|Leftovers|[from] move: Knock Off|[of] p2a: Mienshao
|-damage|p2a: Mienshao|244\/271|[from] item: Life Orb
|faint|p1a: Swampert
|
|
|switch|p1a: Alakazam|Alakazam-Mega, F, shiny|251\/251
|-ability|p1a: Alakazam|Regenerator|[from] ability: Trace|[of] p2a: Mienshao
|turn|20
|
|move|p1a: Alakazam|Psychic|p2a: Mienshao
|-supereffective|p2a: Mienshao
|-damage|p2a: Mienshao|0 fnt
|faint|p2a: Mienshao
|
|
|switch|p2a: Roserade|Roserade, F|324\/324
|turn|21
|
|move|p1a: Alakazam|Psychic|p2a: Roserade
|-crit|p2a: Roserade
|-supereffective|p2a: Roserade
|-damage|p2a: Roserade|0 fnt
|faint|p2a: Roserade
|
|win|IONLYLOSETODCs14
|raw|Ladder updating...
|raw|IONLYLOSETODCs14's rating: 1488 &rarr; <strong>1503<\/strong><br \/>(+15 for winning)
|raw|SadPierrot's rating: 1399 &rarr; <strong>1384<\/strong><br \/>(-15 for losing)