|join|Iwant2bminedreigon
|join|uphaze
|player|p1|Iwant2bminedreigon|159
|player|p2|uphaze|87
|gametype|singles
|gen|6
|tier|OU
|rated
|clearpoke
|poke|p1|Talonflame, M
|poke|p1|Sableye, M
|poke|p1|Magnezone
|poke|p1|Excadrill, M
|poke|p1|Greninja, F
|poke|p1|Skarmory, M
|poke|p2|Diancie
|poke|p2|Gengar, F
|poke|p2|Kyurem-Black
|poke|p2|Scizor, M
|poke|p2|Gliscor, M
|poke|p2|Raikou
|rule|Swagger Clause: Swagger is banned
|rule|Baton Pass Clause: Limit one Pokémon knowing Baton Pass
|rule|Sleep Clause Mod: Limit one foe put to sleep
|rule|Species Clause: Limit one of each Pokémon
|rule|OHKO Clause: OHKO moves are banned
|rule|Moody Clause: Moody is banned
|rule|Evasion Moves Clause: Evasion moves are banned
|rule|Endless Battle Clause: Forcing endless battles is banned
|rule|HP Percentage Mod: HP is shown in percentages
|teampreview
|
|start
|switch|p1a: Skarmory|Skarmory, M|334\/334
|switch|p2a: Diancie|Diancie|241\/241
|turn|1
|
|detailschange|p2a: Diancie|Diancie-Mega
|message|Diancie has Mega Evolved into Mega Diancie!
|move|p2a: Diancie|Protect|p2a: Diancie
|-singleturn|p2a: Diancie|Protect
|move|p1a: Skarmory|Stealth Rock|p2a: Diancie
|move|p2a: Diancie|Stealth Rock|p1a: Skarmory|[from]Magic Bounce
|-sidestart|p1: Iwant2bminedreigon|move: Stealth Rock
|
|turn|2
|
|switch|p2a: Raikou|Raikou|322\/322
|-ability|p2a: Raikou|Pressure
|move|p1a: Skarmory|Stealth Rock|p2a: Raikou
|-sidestart|p2: uphaze|move: Stealth Rock
|
|turn|3
|c|★uphaze|wow
|
|switch|p1a: Excadrill|Excadrill, M|362\/362
|-damage|p1a: Excadrill|351\/362|[from] Stealth Rock
|-ability|p1a: Excadrill|Mold Breaker
|move|p2a: Raikou|Shadow Ball|p1a: Excadrill
|-damage|p1a: Excadrill|227\/362
|-unboost|p1a: Excadrill|spd|1
|
|turn|4
|
|switch|p1a: Greninja|Greninja, F|285\/285
|-damage|p1a: Greninja|250\/285|[from] Stealth Rock
|move|p2a: Raikou|Shadow Ball|p1a: Greninja
|-resisted|p1a: Greninja
|-damage|p1a: Greninja|189\/285
|
|turn|5
|
|move|p1a: Greninja|Dark Pulse|p2a: Raikou
|-start|p1a: Greninja|typechange|Dark|[from] Protean
|-damage|p2a: Raikou|217\/322
|-damage|p1a: Greninja|161\/285|[from] item: Life Orb
|move|p2a: Raikou|Shadow Ball|p1a: Greninja
|-resisted|p1a: Greninja
|-damage|p1a: Greninja|107\/285
|
|turn|6
|
|move|p1a: Greninja|Gunk Shot|p2a: Raikou
|-start|p1a: Greninja|typechange|Poison|[from] Protean
|-damage|p2a: Raikou|0 fnt
|-damage|p1a: Greninja|79\/285|[from] item: Life Orb
|faint|p2a: Raikou
|
|
|switch|p2a: Scizor|Scizor, M|344\/344
|-damage|p2a: Scizor|301\/344|[from] Stealth Rock
|turn|7
|
|switch|p1a: Skarmory|Skarmory, M|334\/334
|-damage|p1a: Skarmory|293\/334|[from] Stealth Rock
|move|p2a: Scizor|U-turn|p1a: Skarmory
|-resisted|p1a: Skarmory
|-damage|p1a: Skarmory|265\/334
|
|switch|p2a: Gliscor|Gliscor, M|343\/343
|-damage|p2a: Gliscor|301\/343|[from] Stealth Rock
|
|-status|p2a: Gliscor|tox|[from] item: Toxic Orb
|turn|8
|
|move|p2a: Gliscor|Fire Fang|p1a: Skarmory
|-supereffective|p1a: Skarmory
|-damage|p1a: Skarmory|205\/334
|cant|p1a: Skarmory|flinch
|
|-heal|p2a: Gliscor|343\/343 tox|[from] ability: Poison Heal
|turn|9
|
|move|p2a: Gliscor|Fire Fang|p1a: Skarmory
|-supereffective|p1a: Skarmory
|-damage|p1a: Skarmory|143\/334
|move|p1a: Skarmory|Spikes|p2a: Gliscor
|-sidestart|p2: uphaze|Spikes
|
|turn|10
|
|switch|p2a: Diancie|Diancie-Mega|241\/241
|-damage|p2a: Diancie|211\/241|[from] Stealth Rock
|-damage|p2a: Diancie|181\/241|[from] Spikes
|move|p1a: Skarmory|Roost|p1a: Skarmory
|-heal|p1a: Skarmory|310\/334
|
|turn|11
|
|switch|p1a: Excadrill|Excadrill, M|227\/362
|-damage|p1a: Excadrill|216\/362|[from] Stealth Rock
|-ability|p1a: Excadrill|Mold Breaker
|move|p2a: Diancie|Moonblast|p1a: Excadrill
|-resisted|p1a: Excadrill
|-damage|p1a: Excadrill|84\/362
|-unboost|p1a: Excadrill|spa|1
|
|turn|12
|
|move|p1a: Excadrill|Rapid Spin|p2a: Diancie
|-resisted|p2a: Diancie
|-damage|p2a: Diancie|169\/241
|-sideend|p1: Iwant2bminedreigon|Stealth Rock|[from] move: Rapid Spin|[of] p1a: Excadrill
|move|p2a: Diancie|Moonblast|p1a: Excadrill
|-resisted|p1a: Excadrill
|-damage|p1a: Excadrill|0 fnt
|faint|p1a: Excadrill
|
|
|switch|p1a: Magnezone|Magnezone|344\/344
|turn|13
|
|switch|p2a: Scizor|Scizor, M|301\/344
|-damage|p2a: Scizor|258\/344|[from] Spikes
|-damage|p2a: Scizor|215\/344|[from] Stealth Rock
|move|p1a: Magnezone|Flash Cannon|p2a: Scizor
|-resisted|p2a: Scizor
|-damage|p2a: Scizor|69\/344
|
|turn|14
|
|move|p2a: Scizor|Bullet Punch|p1a: Magnezone
|-resisted|p1a: Magnezone
|-damage|p1a: Magnezone|308\/344
|move|p1a: Magnezone|Flash Cannon|p2a: Scizor
|-resisted|p2a: Scizor
|-damage|p2a: Scizor|0 fnt
|faint|p2a: Scizor
|
|
|switch|p2a: Gliscor|Gliscor, M|343\/343 tox
|-damage|p2a: Gliscor|301\/343 tox|[from] Stealth Rock
|turn|15
|
|switch|p1a: Skarmory|Skarmory, M|310\/334
|move|p2a: Gliscor|Stealth Rock|p1a: Skarmory
|-sidestart|p1: Iwant2bminedreigon|move: Stealth Rock
|
|-heal|p2a: Gliscor|343\/343 tox|[from] ability: Poison Heal
|turn|16
|
|switch|p2a: Diancie|Diancie-Mega|169\/241
|-damage|p2a: Diancie|139\/241|[from] Spikes
|-damage|p2a: Diancie|109\/241|[from] Stealth Rock
|move|p1a: Skarmory|Whirlwind|p2a: Diancie
|move|p2a: Diancie|Whirlwind|p1a: Skarmory|[from]Magic Bounce
|drag|p1a: Sableye|Sableye, M|304\/304
|-damage|p1a: Sableye|266\/304|[from] Stealth Rock
|
|turn|17
|
|detailschange|p1a: Sableye|Sableye-Mega, M
|message|Sableye has Mega Evolved into Mega Sableye!
|move|p1a: Sableye|Calm Mind|p1a: Sableye
|-boost|p1a: Sableye|spa|1
|-boost|p1a: Sableye|spd|1
|move|p2a: Diancie|Moonblast|p1a: Sableye
|-supereffective|p1a: Sableye
|-damage|p1a: Sableye|42\/304
|
|turn|18
|
|move|p2a: Diancie|Moonblast|p1a: Sableye
|-supereffective|p1a: Sableye
|-damage|p1a: Sableye|0 fnt
|faint|p1a: Sableye
|
|
|switch|p1a: Magnezone|Magnezone|308\/344
|-damage|p1a: Magnezone|287\/344|[from] Stealth Rock
|turn|19
|
|move|p2a: Diancie|Earth Power|p1a: Magnezone
|-supereffective|p1a: Magnezone
|-damage|p1a: Magnezone|0 fnt
|faint|p1a: Magnezone
|
|
|switch|p1a: Greninja|Greninja, F|79\/285
|-damage|p1a: Greninja|44\/285|[from] Stealth Rock
|turn|20
|
|move|p1a: Greninja|Ice Beam|p2a: Diancie
|-start|p1a: Greninja|typechange|Ice|[from] Protean
|-damage|p2a: Diancie|0 fnt
|-damage|p1a: Greninja|16\/285|[from] item: Life Orb
|faint|p2a: Diancie
|
|
|switch|p2a: Gengar|Gengar, F|262\/262
|-damage|p2a: Gengar|230\/262|[from] Stealth Rock
|turn|21
|
|move|p1a: Greninja|Dark Pulse|p2a: Gengar
|-start|p1a: Greninja|typechange|Dark|[from] Protean
|-supereffective|p2a: Gengar
|-damage|p2a: Gengar|0 fnt
|-damage|p1a: Greninja|0 fnt|[from] item: Life Orb
|faint|p2a: Gengar
|faint|p1a: Greninja
|
|
|switch|p1a: Talonflame|Talonflame, M|319\/319
|switch|p2a: Kyurem-Black|Kyurem-Black|391\/391
|-damage|p1a: Talonflame|160\/319|[from] Stealth Rock
|-damage|p2a: Kyurem-Black|343\/391|[from] Spikes
|-damage|p2a: Kyurem-Black|246\/391|[from] Stealth Rock
|-ability|p2a: Kyurem-Black|Teravolt
|turn|22
|
|move|p1a: Talonflame|Flare Blitz|p2a: Kyurem-Black
|-damage|p2a: Kyurem-Black|60\/391
|-damage|p1a: Talonflame|99\/319|[from] recoil|[of] p2a: Kyurem-Black
|move|p2a: Kyurem-Black|Fusion Bolt|p1a: Talonflame
|-supereffective|p1a: Talonflame
|-damage|p1a: Talonflame|0 fnt
|-damage|p2a: Kyurem-Black|21\/391|[from] item: Life Orb
|faint|p1a: Talonflame
|
|
|switch|p1a: Skarmory|Skarmory, M|310\/334
|-damage|p1a: Skarmory|269\/334|[from] Stealth Rock
|turn|23
|
|move|p2a: Kyurem-Black|Ice Beam|p1a: Skarmory
|-damage|p1a: Skarmory|0 fnt
|-damage|p2a: Kyurem-Black|0 fnt|[from] item: Life Orb
|faint|p1a: Skarmory
|faint|p2a: Kyurem-Black
|
|win|uphaze
|raw|Ladder updating...
|raw|Iwant2bminedreigon's rating: 1443 &rarr; <strong>1421<\/strong><br \/>(-22 for losing)
|raw|uphaze's rating: 1408 &rarr; <strong>1430<\/strong><br \/>(+22 for winning)
|leave|Iwant2bminedreigon
|player|p1