|join|uphaze
|join|Speeedmo
|player|p1|uphaze|87
|player|p2|Speeedmo|101
|gametype|singles
|gen|6
|tier|OU
|rated
|clearpoke
|poke|p1|Diancie
|poke|p1|Gengar, F
|poke|p1|Kyurem-Black
|poke|p1|Scizor, F
|poke|p1|Gliscor, F
|poke|p1|Raikou
|poke|p2|Talonflame, F
|poke|p2|Terrakion, shiny
|poke|p2|Slowbro, F, shiny
|poke|p2|Garchomp, M
|poke|p2|Rotom-Wash
|poke|p2|Breloom, M, shiny
|rule|Swagger Clause: Swagger is banned
|rule|Baton Pass Clause: Limit one Pokémon knowing Baton Pass
|rule|Sleep Clause Mod: Limit one foe put to sleep
|rule|Species Clause: Limit one of each Pokémon
|rule|OHKO Clause: OHKO moves are banned
|rule|Moody Clause: Moody is banned
|rule|Evasion Moves Clause: Evasion moves are banned
|rule|Endless Battle Clause: Forcing endless battles is banned
|rule|HP Percentage Mod: HP is shown in percentages
|teampreview
|
|start
|switch|p1a: Diancie|Diancie|241\/241
|switch|p2a: Rotom-Wash|Rotom-Wash|303\/303
|turn|1
|
|detailschange|p1a: Diancie|Diancie-Mega
|message|Diancie has Mega Evolved into Mega Diancie!
|move|p1a: Diancie|Protect|p1a: Diancie
|-singleturn|p1a: Diancie|Protect
|move|p2a: Rotom-Wash|Hydro Pump|p1a: Diancie
|-activate|p1a: Diancie|Protect
|
|turn|2
|
|switch|p1a: Kyurem-Black|Kyurem-Black|391\/391
|-ability|p1a: Kyurem-Black|Teravolt
|move|p2a: Rotom-Wash|Hydro Pump|p1a: Kyurem-Black
|-resisted|p1a: Kyurem-Black
|-damage|p1a: Kyurem-Black|313\/391
|
|turn|3
|
|move|p1a: Kyurem-Black|Ice Beam|p2a: Rotom-Wash
|-resisted|p2a: Rotom-Wash
|-damage|p2a: Rotom-Wash|232\/303
|-damage|p1a: Kyurem-Black|274\/391|[from] item: Life Orb
|move|p2a: Rotom-Wash|Confuse Ray|p1a: Kyurem-Black
|-start|p1a: Kyurem-Black|confusion
|
|-heal|p2a: Rotom-Wash|250\/303|[from] item: Leftovers
|turn|4
|
|switch|p1a: Raikou|Raikou|322\/322
|-ability|p1a: Raikou|Pressure
|move|p2a: Rotom-Wash|Will-O-Wisp|p1a: Raikou|[miss]
|-miss|p2a: Rotom-Wash|p1a: Raikou
|
|-heal|p2a: Rotom-Wash|268\/303|[from] item: Leftovers
|turn|5
|
|switch|p2a: Garchomp|Garchomp, M|357\/357
|move|p1a: Raikou|Hidden Power|p2a: Garchomp
|-supereffective|p2a: Garchomp
|-damage|p2a: Garchomp|53\/357
|
|turn|6
|
|switch|p2a: Terrakion|Terrakion, shiny|323\/323
|move|p1a: Raikou|Shadow Ball|p2a: Terrakion
|-damage|p2a: Terrakion|232\/323
|
|-heal|p2a: Terrakion|252\/323|[from] item: Leftovers
|turn|7
|
|move|p1a: Raikou|Volt Switch|p2a: Terrakion
|-damage|p2a: Terrakion|125\/323
|
|switch|p1a: Diancie|Diancie-Mega|241\/241
|move|p2a: Terrakion|Iron Head|p1a: Diancie
|-crit|p1a: Diancie
|-supereffective|p1a: Diancie
|-damage|p1a: Diancie|0 fnt
|faint|p1a: Diancie
|
|-heal|p2a: Terrakion|145\/323|[from] item: Leftovers
|
|switch|p1a: Gengar|Gengar, F|262\/262
|turn|8
|
|switch|p2a: Breloom|Breloom, M, shiny|261\/261
|move|p1a: Gengar|Shadow Ball|p2a: Breloom
|-damage|p2a: Breloom|0 fnt
|-damage|p1a: Gengar|236\/262|[from] item: Life Orb
|faint|p2a: Breloom
|
|
|switch|p2a: Garchomp|Garchomp, M|53\/357
|turn|9
|
|switch|p1a: Scizor|Scizor, F|344\/344
|move|p2a: Garchomp|Shadow Claw|p1a: Scizor
|-damage|p1a: Scizor|279\/344
|
|turn|10
|
|switch|p2a: Talonflame|Talonflame, F|298\/298
|move|p1a: Scizor|U-turn|p2a: Talonflame
|-resisted|p2a: Talonflame
|-damage|p2a: Talonflame|225\/298
|
|switch|p1a: Gliscor|Gliscor, F|343\/343
|
|-status|p1a: Gliscor|tox|[from] item: Toxic Orb
|turn|11
|
|move|p2a: Talonflame|U-turn|p1a: Gliscor
|-resisted|p1a: Gliscor
|-damage|p1a: Gliscor|324\/343 tox
|
|switch|p2a: Rotom-Wash|Rotom-Wash|268\/303
|move|p1a: Gliscor|Stealth Rock|p2a: Rotom-Wash
|-sidestart|p2: Speeedmo|move: Stealth Rock
|
|-heal|p2a: Rotom-Wash|286\/303|[from] item: Leftovers
|-heal|p1a: Gliscor|343\/343 tox|[from] ability: Poison Heal
|turn|12
|
|switch|p1a: Kyurem-Black|Kyurem-Black|274\/391
|-ability|p1a: Kyurem-Black|Teravolt
|move|p2a: Rotom-Wash|Hydro Pump|p1a: Kyurem-Black
|-resisted|p1a: Kyurem-Black
|-damage|p1a: Kyurem-Black|199\/391
|
|-heal|p2a: Rotom-Wash|303\/303|[from] item: Leftovers
|turn|13
|
|switch|p2a: Slowbro|Slowbro, F, shiny|331\/331
|-damage|p2a: Slowbro|290\/331|[from] Stealth Rock
|move|p1a: Kyurem-Black|Earth Power|p2a: Slowbro
|-damage|p2a: Slowbro|164\/331
|-damage|p1a: Kyurem-Black|160\/391|[from] item: Life Orb
|
|turn|14
|
|detailschange|p2a: Slowbro|Slowbro-Mega, F, shiny
|message|Slowbro has Mega Evolved into Mega Slowbro!
|move|p1a: Kyurem-Black|Fusion Bolt|p2a: Slowbro
|-supereffective|p2a: Slowbro
|-damage|p2a: Slowbro|0 fnt
|-damage|p1a: Kyurem-Black|121\/391|[from] item: Life Orb
|faint|p2a: Slowbro
|
|
|switch|p2a: Garchomp|Garchomp, M|53\/357
|-damage|p2a: Garchomp|31\/357|[from] Stealth Rock
|turn|15
|
|move|p2a: Garchomp|Iron Tail|p1a: Kyurem-Black
|-supereffective|p1a: Kyurem-Black
|-damage|p1a: Kyurem-Black|0 fnt
|faint|p1a: Kyurem-Black
|
|
|switch|p1a: Gengar|Gengar, F|236\/262
|turn|16
|
|move|p1a: Gengar|Shadow Ball|p2a: Garchomp
|-damage|p2a: Garchomp|0 fnt
|-damage|p1a: Gengar|210\/262|[from] item: Life Orb
|faint|p2a: Garchomp
|
|
|switch|p2a: Rotom-Wash|Rotom-Wash|303\/303
|-damage|p2a: Rotom-Wash|266\/303|[from] Stealth Rock
|turn|17
|
|move|p1a: Gengar|Giga Drain|p2a: Rotom-Wash
|-supereffective|p2a: Rotom-Wash
|-damage|p2a: Rotom-Wash|74\/303
|-heal|p1a: Gengar|262\/262|[from] drain|[of] p2a: Rotom-Wash
|-damage|p1a: Gengar|236\/262|[from] item: Life Orb
|move|p2a: Rotom-Wash|Confuse Ray|p1a: Gengar
|-start|p1a: Gengar|confusion
|
|-heal|p2a: Rotom-Wash|92\/303|[from] item: Leftovers
|turn|18
|
|switch|p1a: Raikou|Raikou|322\/322
|-ability|p1a: Raikou|Pressure
|move|p2a: Rotom-Wash|Charge Beam|p1a: Raikou
|-resisted|p1a: Raikou
|-damage|p1a: Raikou|297\/322
|-boost|p2a: Rotom-Wash|spa|1
|
|-heal|p2a: Rotom-Wash|110\/303|[from] item: Leftovers
|turn|19
|
|move|p1a: Raikou|Thunderbolt|p2a: Rotom-Wash
|-damage|p2a: Rotom-Wash|0 fnt
|faint|p2a: Rotom-Wash
|
|
|switch|p2a: Terrakion|Terrakion, shiny|145\/323
|-damage|p2a: Terrakion|125\/323|[from] Stealth Rock
|turn|20
|
|move|p1a: Raikou|Thunderbolt|p2a: Terrakion
|-damage|p2a: Terrakion|0 fnt
|faint|p2a: Terrakion
|
|
|switch|p2a: Talonflame|Talonflame, F|225\/298
|-damage|p2a: Talonflame|76\/298|[from] Stealth Rock
|turn|21
|
|move|p2a: Talonflame|Roost|p2a: Talonflame
|-heal|p2a: Talonflame|225\/298
|move|p1a: Raikou|Volt Switch|p2a: Talonflame
|-damage|p2a: Talonflame|120\/298
|
|switch|p1a: Gliscor|Gliscor, F|343\/343 tox
|
|turn|22
|
|move|p2a: Talonflame|Roost|p2a: Talonflame
|-heal|p2a: Talonflame|269\/298
|move|p1a: Gliscor|Stone Edge|p2a: Talonflame|[miss]
|-miss|p1a: Gliscor|p2a: Talonflame
|
|turn|23
|
|move|p2a: Talonflame|Brave Bird|p1a: Gliscor
|-damage|p1a: Gliscor|250\/343 tox
|-damage|p2a: Talonflame|238\/298|[from] recoil|[of] p1a: Gliscor
|move|p1a: Gliscor|Stone Edge|p2a: Talonflame|[miss]
|-miss|p1a: Gliscor|p2a: Talonflame
|
|-heal|p1a: Gliscor|292\/343 tox|[from] ability: Poison Heal
|turn|24
|
|move|p2a: Talonflame|Brave Bird|p1a: Gliscor
|-damage|p1a: Gliscor|186\/343 tox
|-damage|p2a: Talonflame|203\/298|[from] recoil|[of] p1a: Gliscor
|move|p1a: Gliscor|Stone Edge|p2a: Talonflame
|-supereffective|p2a: Talonflame
|-damage|p2a: Talonflame|0 fnt
|faint|p2a: Talonflame
|
|win|uphaze
|raw|Ladder updating...
|leave|Speeedmo
|player|p2