|join|uphaze
|join|nannerhammer
|player|p1|uphaze|87
|player|p2|nannerhammer|124
|gametype|singles
|gen|6
|tier|OU
|rated
|clearpoke
|poke|p1|Diancie
|poke|p1|Gengar, M
|poke|p1|Kyurem-Black
|poke|p1|Scizor, F
|poke|p1|Gliscor, F
|poke|p1|Raikou
|poke|p2|Latios, M
|poke|p2|Azumarill, M
|poke|p2|Charizard, M, shiny
|poke|p2|Greninja, M, shiny
|poke|p2|Talonflame, M
|poke|p2|Garchomp, M
|rule|Swagger Clause: Swagger is banned
|rule|Baton Pass Clause: Limit one Pokémon knowing Baton Pass
|rule|Sleep Clause Mod: Limit one foe put to sleep
|rule|Species Clause: Limit one of each Pokémon
|rule|OHKO Clause: OHKO moves are banned
|rule|Moody Clause: Moody is banned
|rule|Evasion Moves Clause: Evasion moves are banned
|rule|Endless Battle Clause: Forcing endless battles is banned
|rule|HP Percentage Mod: HP is shown in percentages
|teampreview
|
|start
|switch|p1a: Diancie|Diancie|241\/241
|switch|p2a: Latios|Latios, M|364\/364
|turn|1
|
|detailschange|p1a: Diancie|Diancie-Mega
|message|Diancie has Mega Evolved into Mega Diancie!
|move|p1a: Diancie|Protect|p1a: Diancie
|-singleturn|p1a: Diancie|Protect
|move|p2a: Latios|Light Screen|p2a: Latios
|-sidestart|p2: nannerhammer|move: Light Screen
|
|turn|2
|
|move|p2a: Latios|Reflect|p2a: Latios
|-sidestart|p2: nannerhammer|Reflect
|move|p1a: Diancie|Diamond Storm|p2a: Latios
|-damage|p2a: Latios|263\/364
|-boost|p1a: Diancie|def|1
|
|turn|3
|
|move|p2a: Latios|Memento|p1a: Diancie
|-unboost|p1a: Diancie|atk|2
|-unboost|p1a: Diancie|spa|2
|faint|p2a: Latios
|move|p1a: Diancie|Moonblast|p2: Latios|[notarget]
|-notarget
|
|
|switch|p2a: Kenny|Azumarill, M|364\/364
|turn|4
|
|switch|p1a: Kyurem-Black|Kyurem-Black|391\/391
|-ability|p1a: Kyurem-Black|Teravolt
|move|p2a: Kenny|Belly Drum|p2a: Kenny
|-damage|p2a: Kenny|182\/364
|-setboost|p2a: Kenny|atk|6|[from] move: Belly Drum
|-enditem|p2a: Kenny|Sitrus Berry|[eat]
|-heal|p2a: Kenny|273\/364|[from] item: Sitrus Berry
|
|turn|5
|
|move|p1a: Kyurem-Black|Fusion Bolt|p2a: Kenny
|-supereffective|p2a: Kenny
|-damage|p2a: Kenny|61\/364
|-damage|p1a: Kyurem-Black|352\/391|[from] item: Life Orb
|move|p2a: Kenny|Play Rough|p1a: Kyurem-Black
|-supereffective|p1a: Kyurem-Black
|-damage|p1a: Kyurem-Black|0 fnt
|faint|p1a: Kyurem-Black
|
|
|switch|p1a: Scizor|Scizor, F|344\/344
|turn|6
|
|move|p1a: Scizor|Bullet Punch|p2a: Kenny
|-damage|p2a: Kenny|0 fnt
|faint|p2a: Kenny
|
|
|switch|p2a: Charizard Y|Charizard, M, shiny|333\/333
|turn|7
|
|switch|p1a: Diancie|Diancie-Mega|241\/241
|detailschange|p2a: Charizard Y|Charizard-Mega-X, M, shiny
|message|Charizard has Mega Evolved into Mega Charizard!
|move|p2a: Charizard Y|Dragon Dance|p2a: Charizard Y
|-boost|p2a: Charizard Y|atk|1
|-boost|p2a: Charizard Y|spe|1
|
|turn|8
|
|switch|p1a: Gliscor|Gliscor, F|346\/346
|move|p2a: Charizard Y|Dragon Dance|p2a: Charizard Y
|-boost|p2a: Charizard Y|atk|1
|-boost|p2a: Charizard Y|spe|1
|
|-sideend|p2: nannerhammer|move: Light Screen
|-status|p1a: Gliscor|tox|[from] item: Toxic Orb
|turn|9
|
|switch|p1a: Diancie|Diancie-Mega|241\/241
|move|p2a: Charizard Y|Flare Blitz|p1a: Diancie
|-resisted|p1a: Diancie
|-damage|p1a: Diancie|0 fnt
|-damage|p2a: Charizard Y|253\/333|[from] recoil|[of] p1a: Diancie
|faint|p1a: Diancie
|
|-sideend|p2: nannerhammer|Reflect
|
|switch|p1a: Gliscor|Gliscor, F|346\/346 tox
|turn|10
|
|move|p2a: Charizard Y|Flare Blitz|p1a: Gliscor
|-damage|p1a: Gliscor|0 fnt
|-damage|p2a: Charizard Y|139\/333|[from] recoil|[of] p1a: Gliscor
|faint|p1a: Gliscor
|
|
|switch|p1a: Gengar|Gengar, M|262\/262
|turn|11
|
|move|p2a: Charizard Y|Dragon Claw|p1a: Gengar
|-damage|p1a: Gengar|0 fnt
|faint|p1a: Gengar
|
|
|switch|p1a: Scizor|Scizor, F|344\/344
|turn|12
|
|move|p1a: Scizor|Bullet Punch|p2a: Charizard Y
|-resisted|p2a: Charizard Y
|-damage|p2a: Charizard Y|63\/333
|move|p2a: Charizard Y|Roost|p2a: Charizard Y
|-heal|p2a: Charizard Y|230\/333
|
|turn|13
|
|move|p1a: Scizor|Bullet Punch|p2a: Charizard Y
|-resisted|p2a: Charizard Y
|-damage|p2a: Charizard Y|149\/333
|move|p2a: Charizard Y|Flare Blitz|p1a: Scizor
|-supereffective|p1a: Scizor
|-damage|p1a: Scizor|0 fnt
|-damage|p2a: Charizard Y|35\/333|[from] recoil|[of] p1a: Scizor
|faint|p1a: Scizor
|
|
|switch|p1a: Raikou|Raikou|322\/322
|-ability|p1a: Raikou|Pressure
|turn|14
|
|move|p2a: Charizard Y|Dragon Claw|p1a: Raikou
|-damage|p1a: Raikou|0 fnt
|faint|p1a: Raikou
|
|win|nannerhammer
|raw|Ladder updating...