|join|uphaze
|join|benito camelo
|player|p1|uphaze|87
|player|p2|benito camelo|209
|gametype|singles
|gen|6
|tier|OU
|rated
|clearpoke
|poke|p1|Diancie
|poke|p1|Gengar, M
|poke|p1|Kyurem-Black
|poke|p1|Excadrill, F
|poke|p1|Raikou
|poke|p1|Talonflame, M
|poke|p2|Landorus-Therian, M, shiny
|poke|p2|Latias, F
|poke|p2|Rotom-Wash
|poke|p2|Medicham, M, shiny
|poke|p2|Scizor, M, shiny
|poke|p2|Gengar, F, shiny
|rule|Swagger Clause: Swagger is banned
|rule|Baton Pass Clause: Limit one Pokémon knowing Baton Pass
|rule|Sleep Clause Mod: Limit one foe put to sleep
|rule|Species Clause: Limit one of each Pokémon
|rule|OHKO Clause: OHKO moves are banned
|rule|Moody Clause: Moody is banned
|rule|Evasion Moves Clause: Evasion moves are banned
|rule|Endless Battle Clause: Forcing endless battles is banned
|rule|HP Percentage Mod: HP is shown in percentages
|teampreview
|
|start
|switch|p1a: Diancie|Diancie|241\/241
|switch|p2a: dance this cumbia|Medicham, M, shiny|265\/265
|turn|1
|
|detailschange|p2a: dance this cumbia|Medicham-Mega, M, shiny
|-mega|p2a: dance this cumbia|Medicham|Medichamite
|detailschange|p1a: Diancie|Diancie-Mega
|-mega|p1a: Diancie|Diancie|Diancite
|move|p1a: Diancie|Protect|p1a: Diancie
|-singleturn|p1a: Diancie|Protect
|move|p2a: dance this cumbia|Fake Out|p1a: Diancie
|-activate|p1a: Diancie|Protect
|
|turn|2
|
|move|p2a: dance this cumbia|Bullet Punch|p1a: Diancie
|-supereffective|p1a: Diancie
|-damage|p1a: Diancie|0 fnt
|faint|p1a: Diancie
|
|
|switch|p1a: Gengar|Gengar, M|262\/262
|turn|3
|
|switch|p2a: gocowash|Rotom-Wash|241\/241
|move|p1a: Gengar|Shadow Ball|p2a: gocowash
|-damage|p2a: gocowash|73\/241
|-damage|p1a: Gengar|236\/262|[from] item: Life Orb
|
|turn|4
|
|switch|p1a: Kyurem-Black|Kyurem-Black|391\/391
|-ability|p1a: Kyurem-Black|Teravolt
|move|p2a: gocowash|Volt Switch|p1a: Kyurem-Black
|-resisted|p1a: Kyurem-Black
|-damage|p1a: Kyurem-Black|332\/391
|
|switch|p2a: kha zix|Scizor, M, shiny|343\/343
|
|turn|5
|
|switch|p1a: Talonflame|Talonflame, M|298\/298
|move|p2a: kha zix|Knock Off|p1a: Talonflame
|-damage|p1a: Talonflame|65\/298
|-enditem|p1a: Talonflame|Choice Band|[from] move: Knock Off|[of] p2a: kha zix
|
|turn|6
|
|switch|p2a: lolipop|Landorus-Therian, M, shiny|382\/382
|-ability|p2a: lolipop|Intimidate|[of] p1a: Talonflame
|-unboost|p1a: Talonflame|atk|1
|move|p1a: Talonflame|U-turn|p2a: lolipop
|-resisted|p2a: lolipop
|-damage|p2a: lolipop|367\/382
|
|switch|p1a: Kyurem-Black|Kyurem-Black|332\/391
|-ability|p1a: Kyurem-Black|Teravolt
|
|-heal|p2a: lolipop|382\/382|[from] item: Leftovers
|turn|7
|
|switch|p2a: kha zix|Scizor, M, shiny|343\/343
|move|p1a: Kyurem-Black|Earth Power|p2a: kha zix
|-damage|p2a: kha zix|183\/343
|-damage|p1a: Kyurem-Black|293\/391|[from] item: Life Orb
|
|turn|8
|
|move|p1a: Kyurem-Black|Focus Blast|p2a: kha zix
|-crit|p2a: kha zix
|-damage|p2a: kha zix|0 fnt
|-damage|p1a: Kyurem-Black|254\/391|[from] item: Life Orb
|faint|p2a: kha zix
|
|c|★benito camelo|lol
|
|switch|p2a: dance this cumbia|Medicham-Mega, M, shiny|265\/265
|turn|9
|
|switch|p1a: Talonflame|Talonflame, M|65\/298
|move|p2a: dance this cumbia|Bullet Punch|p1a: Talonflame
|-resisted|p1a: Talonflame
|-damage|p1a: Talonflame|12\/298
|
|turn|10
|
|switch|p2a: lolipop|Landorus-Therian, M, shiny|382\/382
|-ability|p2a: lolipop|Intimidate|[of] p1a: Talonflame
|-unboost|p1a: Talonflame|atk|1
|move|p1a: Talonflame|Brave Bird|p2a: lolipop
|-damage|p2a: lolipop|300\/382
|-damage|p1a: Talonflame|0 fnt|[from] recoil|[of] p2a: lolipop
|faint|p1a: Talonflame
|
|-heal|p2a: lolipop|323\/382|[from] item: Leftovers
|
|switch|p1a: Kyurem-Black|Kyurem-Black|254\/391
|-ability|p1a: Kyurem-Black|Teravolt
|turn|11
|
|switch|p2a: sasha grey|Latias, F|319\/319
|move|p1a: Kyurem-Black|Ice Beam|p2a: sasha grey
|-supereffective|p2a: sasha grey
|-damage|p2a: sasha grey|0 fnt
|-damage|p1a: Kyurem-Black|215\/391|[from] item: Life Orb
|faint|p2a: sasha grey
|
|
|switch|p2a: dance this cumbia|Medicham-Mega, M, shiny|265\/265
|turn|12
|
|switch|p1a: Excadrill|Excadrill, F|361\/361
|-ability|p1a: Excadrill|Mold Breaker
|move|p2a: dance this cumbia|Zen Headbutt|p1a: Excadrill|[miss]
|-miss|p2a: dance this cumbia|p1a: Excadrill
|
|turn|13
|
|switch|p2a: lolipop|Landorus-Therian, M, shiny|323\/382
|-ability|p2a: lolipop|Intimidate|[of] p1a: Excadrill
|-unboost|p1a: Excadrill|atk|1
|move|p1a: Excadrill|Earthquake|p2a: lolipop
|-immune|p2a: lolipop|[msg]
|
|-heal|p2a: lolipop|346\/382|[from] item: Leftovers
|turn|14
|
|move|p1a: Excadrill|Stealth Rock|p2a: lolipop
|-sidestart|p2: benito camelo|move: Stealth Rock
|move|p2a: lolipop|Stealth Rock|p1a: Excadrill
|-sidestart|p1: uphaze|move: Stealth Rock
|
|-heal|p2a: lolipop|369\/382|[from] item: Leftovers
|turn|15
|
|move|p1a: Excadrill|Iron Head|p2a: lolipop
|-damage|p2a: lolipop|284\/382
|move|p2a: lolipop|Stone Edge|p1a: Excadrill
|-resisted|p1a: Excadrill
|-damage|p1a: Excadrill|321\/361
|
|-heal|p2a: lolipop|307\/382|[from] item: Leftovers
|turn|16
|
|move|p1a: Excadrill|Iron Head|p2a: lolipop
|-damage|p2a: lolipop|219\/382
|move|p2a: lolipop|Earthquake|p1a: Excadrill
|-supereffective|p1a: Excadrill
|-damage|p1a: Excadrill|0 fnt
|faint|p1a: Excadrill
|
|-heal|p2a: lolipop|242\/382|[from] item: Leftovers
|
|switch|p1a: Kyurem-Black|Kyurem-Black|215\/391
|-damage|p1a: Kyurem-Black|118\/391|[from] Stealth Rock
|-ability|p1a: Kyurem-Black|Teravolt
|turn|17
|
|switch|p2a: bloody mary|Gengar, F, shiny|273\/273
|-damage|p2a: bloody mary|239\/273|[from] Stealth Rock
|move|p1a: Kyurem-Black|Ice Beam|p2a: bloody mary
|-damage|p2a: bloody mary|0 fnt
|-damage|p1a: Kyurem-Black|79\/391|[from] item: Life Orb
|faint|p2a: bloody mary
|
|
|switch|p2a: gocowash|Rotom-Wash|73\/241
|-damage|p2a: gocowash|43\/241|[from] Stealth Rock
|turn|18
|
|move|p2a: gocowash|Hydro Pump|p1a: Kyurem-Black
|-resisted|p1a: Kyurem-Black
|-damage|p1a: Kyurem-Black|0 fnt
|faint|p1a: Kyurem-Black
|
|
|switch|p1a: Raikou|Raikou|322\/322
|-damage|p1a: Raikou|282\/322|[from] Stealth Rock
|-ability|p1a: Raikou|Pressure
|turn|19
|
|move|p2a: gocowash|Hydro Pump|p1a: Raikou
|-damage|p1a: Raikou|179\/322
|move|p1a: Raikou|Shadow Ball|p2a: gocowash
|-crit|p2a: gocowash
|-damage|p2a: gocowash|0 fnt
|faint|p2a: gocowash
|
|
|switch|p2a: lolipop|Landorus-Therian, M, shiny|242\/382
|-damage|p2a: lolipop|195\/382|[from] Stealth Rock
|-ability|p2a: lolipop|Intimidate|[of] p1a: Raikou
|-unboost|p1a: Raikou|atk|1
|turn|20
|
|move|p1a: Raikou|Hidden Power|p2a: lolipop
|-supereffective|p2a: lolipop
|-damage|p2a: lolipop|0 fnt
|faint|p2a: lolipop
|
|
|switch|p2a: dance this cumbia|Medicham-Mega, M, shiny|265\/265
|-damage|p2a: dance this cumbia|249\/265|[from] Stealth Rock
|turn|21
|
|move|p2a: dance this cumbia|Fake Out|p1a: Raikou
|-damage|p1a: Raikou|71\/322
|cant|p1a: Raikou|flinch
|
|turn|22
|
|move|p2a: dance this cumbia|Bullet Punch|p1a: Raikou
|-crit|p1a: Raikou
|-resisted|p1a: Raikou
|-damage|p1a: Raikou|0 fnt
|faint|p1a: Raikou
|
|
|switch|p1a: Gengar|Gengar, M|236\/262
|-damage|p1a: Gengar|204\/262|[from] Stealth Rock
|turn|23
|
|move|p2a: dance this cumbia|Bullet Punch|p1a: Gengar
|-damage|p1a: Gengar|74\/262
|move|p1a: Gengar|Shadow Ball|p2a: dance this cumbia
|-supereffective|p2a: dance this cumbia
|-damage|p2a: dance this cumbia|0 fnt
|-damage|p1a: Gengar|48\/262|[from] item: Life Orb
|faint|p2a: dance this cumbia
|
|win|uphaze
|raw|Ladder updating...
|raw|uphaze's rating: 1482 &rarr; <strong>1502<\/strong><br \/>(+20 for winning)
|raw|benito camelo's rating: 1494 &rarr; <strong>1474<\/strong><br \/>(-20 for losing)