|join|Youth Lagoon
|join|casalburritos
|player|p1|Youth Lagoon|187
|player|p2|casalburritos|252
|gametype|singles
|gen|6
|tier|OU
|rated
|clearpoke
|poke|p1|Starmie
|poke|p1|Bisharp, M
|poke|p1|Gliscor, M
|poke|p1|Ferrothorn, M
|poke|p1|Kyurem-Black
|poke|p1|Charizard, M
|poke|p2|Altaria, F
|poke|p2|Milotic, M
|poke|p2|Slurpuff, M
|poke|p2|Vivillon, F
|poke|p2|Zapdos
|poke|p2|Espeon, F
|rule|Swagger Clause: Swagger is banned
|rule|Baton Pass Clause: Limit one Pokémon knowing Baton Pass
|rule|Sleep Clause Mod: Limit one foe put to sleep
|rule|Species Clause: Limit one of each Pokémon
|rule|OHKO Clause: OHKO moves are banned
|rule|Moody Clause: Moody is banned
|rule|Evasion Moves Clause: Evasion moves are banned
|rule|Endless Battle Clause: Forcing endless battles is banned
|rule|HP Percentage Mod: HP is shown in percentages
|teampreview
|
|start
|switch|p1a: Ferrothorn|Ferrothorn, M|352\/352
|switch|p2a: Slurpuff|Slurpuff, M|329\/329
|turn|1
|
|move|p2a: Slurpuff|Belly Drum|p2a: Slurpuff
|-damage|p2a: Slurpuff|165\/329
|-setboost|p2a: Slurpuff|atk|6|[from] move: Belly Drum
|move|p1a: Ferrothorn|Gyro Ball|p2a: Slurpuff
|-supereffective|p2a: Slurpuff
|-damage|p2a: Slurpuff|0 fnt
|faint|p2a: Slurpuff
|
|
|switch|p2a: Zapdos|Zapdos|342\/342
|-ability|p2a: Zapdos|Pressure
|turn|2
|
|switch|p1a: Kyurem-Black|Kyurem-Black|406\/406
|-ability|p1a: Kyurem-Black|Teravolt
|move|p2a: Zapdos|Volt Switch|p1a: Kyurem-Black
|-resisted|p1a: Kyurem-Black
|-damage|p1a: Kyurem-Black|341\/406
|
|switch|p2a: Vivillon|Vivillon, F|301\/301
|
|-heal|p1a: Kyurem-Black|366\/406|[from] item: Leftovers
|turn|3
|
|switch|p1a: Ferrothorn|Ferrothorn, M|352\/352
|move|p2a: Vivillon|Quiver Dance|p2a: Vivillon
|-boost|p2a: Vivillon|spa|1
|-boost|p2a: Vivillon|spd|1
|-boost|p2a: Vivillon|spe|1
|
|turn|4
|
|move|p2a: Vivillon|Hurricane|p1a: Ferrothorn
|-damage|p1a: Ferrothorn|187\/352
|move|p1a: Ferrothorn|Gyro Ball|p2a: Vivillon
|-enditem|p2a: Vivillon|Focus Sash
|-damage|p2a: Vivillon|1\/301
|
|turn|5
|
|move|p2a: Vivillon|Hurricane|p1a: Ferrothorn
|-damage|p1a: Ferrothorn|13\/352
|move|p1a: Ferrothorn|Stealth Rock|p2a: Vivillon
|-sidestart|p2: casalburritos|move: Stealth Rock
|
|turn|6
|
|move|p2a: Vivillon|Bug Buzz|p1a: Ferrothorn
|-damage|p1a: Ferrothorn|0 fnt
|faint|p1a: Ferrothorn
|
|
|switch|p1a: Charizard|Charizard, M|304\/304
|turn|7
|
|detailschange|p1a: Charizard|Charizard-Mega-X, M
|-mega|p1a: Charizard|Charizard|Charizardite X
|move|p2a: Vivillon|Sleep Powder|p1a: Charizard
|-status|p1a: Charizard|slp
|cant|p1a: Charizard|slp
|
|turn|8
|
|switch|p1a: Starmie|Starmie|324\/324
|move|p2a: Vivillon|Hurricane|p1a: Starmie
|-crit|p1a: Starmie
|-damage|p1a: Starmie|0 fnt
|faint|p1a: Starmie
|
|
|switch|p1a: Bisharp|Bisharp, M|272\/272
|turn|9
|
|move|p1a: Bisharp|Sucker Punch|p2a: Vivillon
|-damage|p2a: Vivillon|0 fnt
|faint|p2a: Vivillon
|
|
|switch|p2a: Altaria|Altaria, F|291\/291
|-damage|p2a: Altaria|219\/291|[from] Stealth Rock
|turn|10
|
|move|p1a: Bisharp|Iron Head|p2a: Altaria
|-damage|p2a: Altaria|77\/291
|move|p2a: Altaria|Dragon Dance|p2a: Altaria
|-boost|p2a: Altaria|atk|1
|-boost|p2a: Altaria|spe|1
|
|turn|11
|
|move|p2a: Altaria|Roost|p2a: Altaria
|-heal|p2a: Altaria|223\/291
|move|p1a: Bisharp|Iron Head|p2a: Altaria
|-damage|p2a: Altaria|84\/291
|
|turn|12
|
|move|p2a: Altaria|Roost|p2a: Altaria
|-heal|p2a: Altaria|230\/291
|move|p1a: Bisharp|Iron Head|p2a: Altaria
|-damage|p2a: Altaria|77\/291
|
|turn|13
|
|detailschange|p2a: Altaria|Altaria-Mega, F
|-mega|p2a: Altaria|Altaria|Altarianite
|move|p2a: Altaria|Earthquake|p1a: Bisharp
|-supereffective|p1a: Bisharp
|-damage|p1a: Bisharp|0 fnt
|faint|p1a: Bisharp
|
|
|switch|p1a: Gliscor|Gliscor, M|353\/353
|turn|14
|
|move|p2a: Altaria|Return|p1a: Gliscor
|-damage|p1a: Gliscor|124\/353
|move|p1a: Gliscor|Toxic|p2a: Altaria
|-status|p2a: Altaria|tox
|
|-damage|p2a: Altaria|59\/291 tox|[from] psn
|-status|p1a: Gliscor|tox|[from] item: Toxic Orb
|turn|15
|
|move|p2a: Altaria|Roost|p2a: Altaria
|-heal|p2a: Altaria|205\/291 tox
|move|p1a: Gliscor|Earthquake|p2a: Altaria
|-damage|p2a: Altaria|109\/291 tox
|
|-damage|p2a: Altaria|73\/291 tox|[from] psn
|-heal|p1a: Gliscor|168\/353 tox|[from] ability: Poison Heal
|turn|16
|
|move|p2a: Altaria|Return|p1a: Gliscor
|-damage|p1a: Gliscor|0 fnt
|faint|p1a: Gliscor
|
|-damage|p2a: Altaria|19\/291 tox|[from] psn
|
|switch|p1a: Kyurem-Black|Kyurem-Black|366\/406
|-ability|p1a: Kyurem-Black|Teravolt
|turn|17
|
|switch|p1a: Charizard|Charizard-Mega-X, M|304\/304 slp
|move|p2a: Altaria|Return|p1a: Charizard
|-damage|p1a: Charizard|0 fnt
|faint|p1a: Charizard
|
|-damage|p2a: Altaria|0 fnt|[from] psn
|faint|p2a: Altaria
|
|switch|p2a: Espeon|Espeon, F|271\/271
|switch|p1a: Kyurem-Black|Kyurem-Black|366\/406
|-damage|p2a: Espeon|238\/271|[from] Stealth Rock
|-ability|p1a: Kyurem-Black|Teravolt
|turn|18
|
|move|p2a: Espeon|Trick|p1a: Kyurem-Black
|-activate|p2a: Espeon|move: Trick|[of] p1a: Kyurem-Black
|-item|p1a: Kyurem-Black|Choice Specs|[from] move: Trick
|-item|p2a: Espeon|Leftovers|[from] move: Trick
|move|p1a: Kyurem-Black|Ice Beam|p2a: Espeon
|-damage|p2a: Espeon|1\/271
|
|-heal|p2a: Espeon|17\/271|[from] item: Leftovers
|turn|19
|
|move|p2a: Espeon|Dazzling Gleam|p1a: Kyurem-Black
|-supereffective|p1a: Kyurem-Black
|-damage|p1a: Kyurem-Black|128\/406
|move|p1a: Kyurem-Black|Ice Beam|p2a: Espeon
|-damage|p2a: Espeon|0 fnt
|faint|p2a: Espeon
|
|c|★casalburritos|gg
|
|switch|p2a: Milotic|Milotic, M|393\/393
|-damage|p2a: Milotic|344\/393|[from] Stealth Rock
|turn|20
|
|move|p1a: Kyurem-Black|Ice Beam|p2a: Milotic
|-resisted|p2a: Milotic
|-damage|p2a: Milotic|247\/393
|move|p2a: Milotic|Ice Beam|p1a: Kyurem-Black
|-damage|p1a: Kyurem-Black|49\/406
|
|turn|21
|
|move|p1a: Kyurem-Black|Ice Beam|p2a: Milotic
|-resisted|p2a: Milotic
|-damage|p2a: Milotic|151\/393
|-status|p2a: Milotic|frz
|cant|p2a: Milotic|frz
|
|turn|22
|
|move|p1a: Kyurem-Black|Ice Beam|p2a: Milotic
|-resisted|p2a: Milotic
|-damage|p2a: Milotic|52\/393 frz
|cant|p2a: Milotic|frz
|
|turn|23
|
|move|p1a: Kyurem-Black|Ice Beam|p2a: Milotic
|-resisted|p2a: Milotic
|-damage|p2a: Milotic|0 fnt
|faint|p2a: Milotic
|
|
|switch|p2a: Zapdos|Zapdos|342\/342
|-damage|p2a: Zapdos|257\/342|[from] Stealth Rock
|-ability|p2a: Zapdos|Pressure
|turn|24
|
|move|p1a: Kyurem-Black|Ice Beam|p2a: Zapdos
|-supereffective|p2a: Zapdos
|-damage|p2a: Zapdos|0 fnt
|faint|p2a: Zapdos
|
|win|Youth Lagoon
|raw|Ladder updating...
|raw|Youth Lagoon's rating: 1597 &rarr; <strong>1615<\/strong><br \/>(+18 for winning)
|raw|casalburritos's rating: 1559 &rarr; <strong>1542<\/strong><br \/>(-17 for losing)
|c|★Youth Lagoon|:^)
|c|★casalburritos|stupid ice ahahaha