|join|The Phantom Tele
|join|night changes
|player|p1|The Phantom Tele|166
|player|p2|night changes|174
|gametype|singles
|gen|6
|tier|OU
|rated
|clearpoke
|poke|p1|Slowbro, F
|poke|p1|Tornadus-Therian, M
|poke|p1|Altaria, F
|poke|p1|Heatran, M
|poke|p1|Keldeo
|poke|p1|Latios, M
|poke|p2|Altaria, M
|poke|p2|Reuniclus, F
|poke|p2|Dragalge, F
|poke|p2|Suicune
|poke|p2|Ferrothorn, M
|poke|p2|Gliscor, F
|rule|Swagger Clause: Swagger is banned
|rule|Baton Pass Clause: Limit one Pokémon knowing Baton Pass
|rule|Sleep Clause Mod: Limit one foe put to sleep
|rule|Species Clause: Limit one of each Pokémon
|rule|OHKO Clause: OHKO moves are banned
|rule|Moody Clause: Moody is banned
|rule|Evasion Moves Clause: Evasion moves are banned
|rule|Endless Battle Clause: Forcing endless battles is banned
|rule|HP Percentage Mod: HP is shown in percentages
|teampreview
|
|start
|switch|p1a: Keldeo|Keldeo|323\/323
|switch|p2a: Dragalge|Dragalge, F|327\/327
|turn|1
|
|switch|p1a: Tornadus-Therian|Tornadus-Therian, M|332\/332
|move|p2a: Dragalge|Toxic Spikes|p1a: Tornadus-Therian
|-sidestart|p1: The Phantom Tele|move: Toxic Spikes
|
|turn|2
|
|move|p1a: Tornadus-Therian|Knock Off|p2a: Dragalge
|-damage|p2a: Dragalge|257\/327
|-enditem|p2a: Dragalge|Draco Plate|[from] move: Knock Off|[of] p1a: Tornadus-Therian
|move|p2a: Dragalge|Draco Meteor|p1a: Tornadus-Therian
|-damage|p1a: Tornadus-Therian|124\/332
|-unboost|p2a: Dragalge|spa|2
|
|turn|3
|
|switch|p2a: Gliscor|Gliscor, F|352\/352
|move|p1a: Tornadus-Therian|Hurricane|p2a: Gliscor
|-damage|p2a: Gliscor|201\/352
|-start|p2a: Gliscor|confusion
|
|-status|p2a: Gliscor|tox|[from] item: Toxic Orb
|turn|4
|
|switch|p2a: Ferrothorn|Ferrothorn, M|352\/352
|move|p1a: Tornadus-Therian|U-turn|p2a: Ferrothorn
|-damage|p2a: Ferrothorn|322\/352
|-damage|p1a: Tornadus-Therian|83\/332|[from] ability: Iron Barbs|[of] p2a: Ferrothorn
|
|switch|p1a: Latios|Latios, M|301\/301
|
|-heal|p2a: Ferrothorn|344\/352|[from] item: Leftovers
|turn|5
|
|move|p1a: Latios|Hidden Power|p2a: Ferrothorn
|-supereffective|p2a: Ferrothorn
|-damage|p2a: Ferrothorn|48\/352
|-damage|p1a: Latios|271\/301|[from] item: Life Orb
|move|p2a: Ferrothorn|Gyro Ball|p1a: Latios
|-damage|p1a: Latios|69\/301
|
|-heal|p2a: Ferrothorn|70\/352|[from] item: Leftovers
|turn|6
|
|move|p1a: Latios|Defog|p2a: Ferrothorn
|-unboost|p2a: Ferrothorn|evasion|1
|-sideend|p1: The Phantom Tele|Toxic Spikes|[from] move: Defog|[of] p1a: Latios
|move|p2a: Ferrothorn|Stealth Rock|p1a: Latios
|-sidestart|p1: The Phantom Tele|move: Stealth Rock
|
|-heal|p2a: Ferrothorn|92\/352|[from] item: Leftovers
|turn|7
|
|move|p2a: Ferrothorn|Protect|p2a: Ferrothorn
|-singleturn|p2a: Ferrothorn|Protect
|move|p1a: Latios|Draco Meteor|p2a: Ferrothorn
|-activate|p2a: Ferrothorn|Protect
|
|-heal|p2a: Ferrothorn|114\/352|[from] item: Leftovers
|turn|8
|
|move|p1a: Latios|Hidden Power|p2a: Ferrothorn
|-supereffective|p2a: Ferrothorn
|-damage|p2a: Ferrothorn|0 fnt
|-damage|p1a: Latios|39\/301|[from] item: Life Orb
|faint|p2a: Ferrothorn
|
|
|switch|p2a: Altaria|Altaria, M|305\/305
|-ability|p2a: Altaria|Cloud Nine
|turn|9
|
|detailschange|p2a: Altaria|Altaria-Mega, M
|-mega|p2a: Altaria|Altaria|Altarianite
|move|p1a: Latios|Defog|p2a: Altaria
|-unboost|p2a: Altaria|evasion|1
|-sideend|p1: The Phantom Tele|Stealth Rock|[from] move: Defog|[of] p1a: Latios
|move|p2a: Altaria|Hyper Voice|p1a: Latios
|-supereffective|p1a: Latios
|-damage|p1a: Latios|0 fnt
|faint|p1a: Latios
|
|
|switch|p1a: Heatran|Heatran, M|386\/386
|turn|10
|
|move|p2a: Altaria|Earthquake|p1a: Heatran
|-supereffective|p1a: Heatran
|-damage|p1a: Heatran|110\/386
|move|p1a: Heatran|Stealth Rock|p2a: Altaria
|-sidestart|p2: night changes|move: Stealth Rock
|
|-heal|p1a: Heatran|134\/386|[from] item: Leftovers
|turn|11
|
|switch|p2a: Gliscor|Gliscor, F|201\/352 tox
|-damage|p2a: Gliscor|157\/352 tox|[from] Stealth Rock
|switch|p1a: Tornadus-Therian|Tornadus-Therian, M|193\/332
|
|-heal|p2a: Gliscor|201\/352 tox|[from] ability: Poison Heal
|turn|12
|
|move|p1a: Tornadus-Therian|Hurricane|p2a: Gliscor|[miss]
|-miss|p1a: Tornadus-Therian|p2a: Gliscor
|move|p2a: Gliscor|Roost|p2a: Gliscor
|-heal|p2a: Gliscor|352\/352 tox
|
|turn|13
|
|move|p1a: Tornadus-Therian|U-turn|p2a: Gliscor
|-resisted|p2a: Gliscor
|-damage|p2a: Gliscor|333\/352 tox
|
|switch|p1a: Altaria|Altaria, F|354\/354
|move|p2a: Gliscor|Knock Off|p1a: Altaria
|-damage|p1a: Altaria|301\/354
|
|-heal|p2a: Gliscor|352\/352 tox|[from] ability: Poison Heal
|turn|14
|
|detailschange|p1a: Altaria|Altaria-Mega, F
|-mega|p1a: Altaria|Altaria|Altarianite
|move|p2a: Gliscor|Earthquake|p1a: Altaria
|-damage|p1a: Altaria|199\/354
|move|p1a: Altaria|Hyper Voice|p2a: Gliscor
|-damage|p2a: Gliscor|199\/352 tox
|
|-heal|p2a: Gliscor|243\/352 tox|[from] ability: Poison Heal
|turn|15
|
|switch|p1a: Keldeo|Keldeo|323\/323
|move|p2a: Gliscor|Knock Off|p1a: Keldeo
|-resisted|p1a: Keldeo
|-damage|p1a: Keldeo|283\/323
|-boost|p1a: Keldeo|atk|1|[from] ability: Justified
|-enditem|p1a: Keldeo|Leftovers|[from] move: Knock Off|[of] p2a: Gliscor
|
|-heal|p2a: Gliscor|287\/352 tox|[from] ability: Poison Heal
|turn|16
|
|switch|p2a: Dragalge|Dragalge, F|257\/327
|-damage|p2a: Dragalge|217\/327|[from] Stealth Rock
|move|p1a: Keldeo|Scald|p2a: Dragalge
|-resisted|p2a: Dragalge
|-damage|p2a: Dragalge|163\/327
|
|turn|17
|
|move|p1a: Keldeo|Calm Mind|p1a: Keldeo
|-boost|p1a: Keldeo|spa|1
|-boost|p1a: Keldeo|spd|1
|move|p2a: Dragalge|Toxic Spikes|p1a: Keldeo
|-sidestart|p1: The Phantom Tele|move: Toxic Spikes
|
|turn|18
|
|move|p1a: Keldeo|Calm Mind|p1a: Keldeo
|-boost|p1a: Keldeo|spa|1
|-boost|p1a: Keldeo|spd|1
|move|p2a: Dragalge|Sludge Wave|p1a: Keldeo
|-damage|p1a: Keldeo|165\/323
|
|turn|19
|
|move|p1a: Keldeo|Calm Mind|p1a: Keldeo
|-boost|p1a: Keldeo|spa|1
|-boost|p1a: Keldeo|spd|1
|move|p2a: Dragalge|Draco Meteor|p1a: Keldeo
|-damage|p1a: Keldeo|45\/323
|-unboost|p2a: Dragalge|spa|2
|
|turn|20
|
|move|p1a: Keldeo|Scald|p2a: Dragalge
|-resisted|p2a: Dragalge
|-damage|p2a: Dragalge|7\/327
|move|p2a: Dragalge|Sludge Wave|p1a: Keldeo
|-damage|p1a: Keldeo|0 fnt
|faint|p1a: Keldeo
|
|-message|The Phantom Tele forfeited.
|leave|The Phantom Tele
|
|win|night changes
|raw|Ladder updating...
|player|p1
|raw|The Phantom Tele's rating: 1735 &rarr; <strong>1714<\/strong><br \/>(-21 for losing)
|raw|night changes's rating: 1723 &rarr; <strong>1743<\/strong><br \/>(+20 for winning)
|leave|night changes
|player|p2