|join|The Last Hero
|join|albprova
|player|p1|The Last Hero|54
|player|p2|albprova|210
|gametype|singles
|gen|6
|tier|OU
|rated
|clearpoke
|poke|p1|Pidgeot, M
|poke|p1|Rhyperior, M
|poke|p1|Tentacruel, M
|poke|p1|Rotom-Mow
|poke|p1|Scizor, M
|poke|p1|Mienshao, M
|poke|p2|Jirachi
|poke|p2|Azumarill, F
|poke|p2|Poliwrath, M
|poke|p2|Heracross, M
|poke|p2|Raikou
|poke|p2|Flygon, F
|rule|Swagger Clause: Swagger is banned
|rule|Baton Pass Clause: Limit one Pokémon knowing Baton Pass
|rule|Sleep Clause Mod: Limit one foe put to sleep
|rule|Species Clause: Limit one of each Pokémon
|rule|OHKO Clause: OHKO moves are banned
|rule|Moody Clause: Moody is banned
|rule|Evasion Moves Clause: Evasion moves are banned
|rule|Endless Battle Clause: Forcing endless battles is banned
|rule|HP Percentage Mod: HP is shown in percentages
|teampreview
|c|★albprova|gl hf
|c|★The Last Hero|gl
|
|start
|switch|p1a: Mr. Recortes|Scizor, M|343\/343
|switch|p2a: Heracross|Heracross, M|309\/309
|turn|1
|
|switch|p2a: Wrongtoad|Poliwrath, M|384\/384
|move|p1a: Mr. Recortes|U-turn|p2a: Wrongtoad
|-resisted|p2a: Wrongtoad
|-damage|p2a: Wrongtoad|312\/384
|
|switch|p1a: Hax BIRD|Pidgeot, M|307\/307
|
|-heal|p2a: Wrongtoad|336\/384|[from] item: Leftovers
|turn|2
|
|switch|p2a: Raikou|Raikou|321\/321
|-ability|p2a: Raikou|Pressure
|detailschange|p1a: Hax BIRD|Pidgeot-Mega, M
|-mega|p1a: Hax BIRD|Pidgeot|Pidgeotite
|move|p1a: Hax BIRD|Hurricane|p2a: Raikou
|-crit|p2a: Raikou
|-resisted|p2a: Raikou
|-damage|p2a: Raikou|217\/321
|-start|p2a: Raikou|confusion
|
|turn|3
|
|switch|p2a: Nano malefico|Jirachi|404\/404
|move|p1a: Hax BIRD|U-turn|p2a: Nano malefico
|-damage|p2a: Nano malefico|362\/404
|
|switch|p1a: Mien00b|Mienshao, M|271\/271
|
|-heal|p2a: Nano malefico|387\/404|[from] item: Leftovers
|turn|4
|
|move|p1a: Mien00b|Knock Off|p2a: Nano malefico
|-supereffective|p2a: Nano malefico
|-damage|p2a: Nano malefico|91\/404
|-enditem|p2a: Nano malefico|Leftovers|[from] move: Knock Off|[of] p1a: Mien00b
|-damage|p1a: Mien00b|244\/271|[from] item: Life Orb
|move|p2a: Nano malefico|Stealth Rock|p1a: Mien00b
|-sidestart|p1: The Last Hero|move: Stealth Rock
|
|turn|5
|
|switch|p2a: Azumarill|Azumarill, F|401\/401
|move|p1a: Mien00b|Knock Off|p2a: Azumarill
|-resisted|p2a: Azumarill
|-damage|p2a: Azumarill|311\/401
|-enditem|p2a: Azumarill|Assault Vest|[from] move: Knock Off|[of] p1a: Mien00b
|-damage|p1a: Mien00b|217\/271|[from] item: Life Orb
|
|turn|6
|
|switch|p2a: Nano malefico|Jirachi|91\/404
|move|p1a: Mien00b|U-turn|p2a: Nano malefico
|-damage|p2a: Nano malefico|0 fnt
|-damage|p1a: Mien00b|190\/271|[from] item: Life Orb
|faint|p2a: Nano malefico
|
|switch|p1a: Cortacabezas|Rotom-Mow|241\/241
|-damage|p1a: Cortacabezas|211\/241|[from] Stealth Rock
|
|
|switch|p2a: Heracross|Heracross, M|309\/309
|turn|7
|
|detailschange|p2a: Heracross|Heracross-Mega, M
|-mega|p2a: Heracross|Heracross|Heracronite
|move|p1a: Cortacabezas|Volt Switch|p2a: Heracross
|-damage|p2a: Heracross|200\/309
|
|switch|p1a: Mr. Recortes|Scizor, M|343\/343
|-damage|p1a: Mr. Recortes|301\/343|[from] Stealth Rock
|move|p2a: Heracross|Pin Missile|p1a: Mr. Recortes
|-resisted|p1a: Mr. Recortes
|-damage|p1a: Mr. Recortes|271\/343
|-resisted|p1a: Mr. Recortes
|-damage|p1a: Mr. Recortes|239\/343
|-crit|p1a: Mr. Recortes
|-resisted|p1a: Mr. Recortes
|-damage|p1a: Mr. Recortes|194\/343
|-resisted|p1a: Mr. Recortes
|-damage|p1a: Mr. Recortes|167\/343
|-resisted|p1a: Mr. Recortes
|-damage|p1a: Mr. Recortes|136\/343
|-hitcount|p1a: Mr. Recortes|5
|
|turn|8
|
|move|p1a: Mr. Recortes|Bullet Punch|p2a: Heracross
|-crit|p2a: Heracross
|-damage|p2a: Heracross|0 fnt
|faint|p2a: Heracross
|
|c|★The Last Hero|lol, sorry
|c|★albprova|nice
|
|switch|p2a: Wrongtoad|Poliwrath, M|336\/384
|turn|9
|
|switch|p1a: Tenta|Tentacruel, M|361\/361
|-damage|p1a: Tenta|316\/361|[from] Stealth Rock
|move|p2a: Wrongtoad|Circle Throw|p1a: Tenta
|-resisted|p1a: Tenta
|-damage|p1a: Tenta|282\/361
|drag|p1a: Rhyno|Rhyperior, M|371\/371
|-damage|p1a: Rhyno|348\/371|[from] Stealth Rock
|
|-heal|p2a: Wrongtoad|360\/384|[from] item: Leftovers
|turn|10
|c|★albprova|np man
|c|★albprova|it's the game
|
|switch|p1a: Tenta|Tentacruel, M|282\/361
|-damage|p1a: Tenta|237\/361|[from] Stealth Rock
|move|p2a: Wrongtoad|Scald|p1a: Tenta
|-resisted|p1a: Tenta
|-damage|p1a: Tenta|207\/361
|
|-heal|p1a: Tenta|229\/361|[from] item: Black Sludge
|-heal|p2a: Wrongtoad|384\/384|[from] item: Leftovers
|turn|11
|
|switch|p2a: Raikou|Raikou|217\/321
|-ability|p2a: Raikou|Pressure
|move|p1a: Tenta|Rapid Spin|p2a: Raikou
|-damage|p2a: Raikou|203\/321
|-sideend|p1: The Last Hero|Stealth Rock|[from] move: Rapid Spin|[of] p1a: Tenta
|
|-heal|p1a: Tenta|251\/361|[from] item: Black Sludge
|turn|12
|
|switch|p1a: Rhyno|Rhyperior, M|348\/371
|move|p2a: Raikou|Hidden Power|p1a: Rhyno
|-supereffective|p1a: Rhyno
|-damage|p1a: Rhyno|279\/371
|
|turn|13
|
|switch|p2a: Flygon|Flygon, F|363\/363
|move|p1a: Rhyno|Earthquake|p2a: Flygon
|-immune|p2a: Flygon|[msg]
|
|turn|14
|
|move|p2a: Flygon|Earthquake|p1a: Rhyno
|-supereffective|p1a: Rhyno
|-damage|p1a: Rhyno|122\/371
|move|p1a: Rhyno|Ice Punch|p2a: Flygon
|-supereffective|p2a: Flygon
|-damage|p2a: Flygon|0 fnt
|faint|p2a: Flygon
|
|
|switch|p2a: Azumarill|Azumarill, F|311\/401
|turn|15
|
|switch|p1a: Tenta|Tentacruel, M|251\/361
|move|p2a: Azumarill|Waterfall|p1a: Tenta
|-resisted|p1a: Tenta
|-damage|p1a: Tenta|170\/361
|
|-heal|p1a: Tenta|192\/361|[from] item: Black Sludge
|turn|16
|
|switch|p2a: Raikou|Raikou|203\/321
|-ability|p2a: Raikou|Pressure
|move|p1a: Tenta|Sludge Wave|p2a: Raikou
|-damage|p2a: Raikou|142\/321
|
|-heal|p1a: Tenta|214\/361|[from] item: Black Sludge
|turn|17
|
|switch|p1a: Rhyno|Rhyperior, M|122\/371
|move|p2a: Raikou|Extrasensory|p1a: Rhyno
|-damage|p1a: Rhyno|60\/371
|
|turn|18
|
|move|p2a: Raikou|Hidden Power|p1a: Rhyno
|-supereffective|p1a: Rhyno
|-damage|p1a: Rhyno|0 fnt
|faint|p1a: Rhyno
|
|
|switch|p1a: Mr. Recortes|Scizor, M|136\/343
|turn|19
|
|switch|p2a: Wrongtoad|Poliwrath, M|384\/384
|move|p1a: Mr. Recortes|Bullet Punch|p2a: Wrongtoad
|-resisted|p2a: Wrongtoad
|-damage|p2a: Wrongtoad|322\/384
|
|-heal|p2a: Wrongtoad|346\/384|[from] item: Leftovers
|turn|20
|
|switch|p1a: Tenta|Tentacruel, M|214\/361
|move|p2a: Wrongtoad|Circle Throw|p1a: Tenta
|-resisted|p1a: Tenta
|-damage|p1a: Tenta|182\/361
|drag|p1a: Cortacabezas|Rotom-Mow|211\/241
|
|-heal|p2a: Wrongtoad|370\/384|[from] item: Leftovers
|turn|21
|
|switch|p2a: Raikou|Raikou|142\/321
|-ability|p2a: Raikou|Pressure
|move|p1a: Cortacabezas|Leaf Storm|p2a: Raikou
|-damage|p2a: Raikou|13\/321
|-unboost|p1a: Cortacabezas|spa|2
|
|turn|22
|
|switch|p1a: Mr. Recortes|Scizor, M|136\/343
|move|p2a: Raikou|Hidden Power|p1a: Mr. Recortes
|-resisted|p1a: Mr. Recortes
|-damage|p1a: Mr. Recortes|98\/343
|
|turn|23
|
|switch|p2a: Wrongtoad|Poliwrath, M|370\/384
|move|p1a: Mr. Recortes|Bullet Punch|p2a: Wrongtoad
|-resisted|p2a: Wrongtoad
|-damage|p2a: Wrongtoad|304\/384
|
|-heal|p2a: Wrongtoad|328\/384|[from] item: Leftovers
|turn|24
|
|switch|p1a: Tenta|Tentacruel, M|182\/361
|move|p2a: Wrongtoad|Circle Throw|p1a: Tenta
|-resisted|p1a: Tenta
|-damage|p1a: Tenta|149\/361
|drag|p1a: Mien00b|Mienshao, M|271\/271
|
|-heal|p2a: Wrongtoad|352\/384|[from] item: Leftovers
|turn|25
|
|move|p1a: Mien00b|Fake Out|p2a: Wrongtoad
|-crit|p2a: Wrongtoad
|-damage|p2a: Wrongtoad|284\/384
|-damage|p1a: Mien00b|244\/271|[from] item: Life Orb
|cant|p2a: Wrongtoad|flinch
|
|-heal|p2a: Wrongtoad|308\/384|[from] item: Leftovers
|turn|26
|
|move|p1a: Mien00b|U-turn|p2a: Wrongtoad
|-resisted|p2a: Wrongtoad
|-damage|p2a: Wrongtoad|269\/384
|-damage|p1a: Mien00b|217\/271|[from] item: Life Orb
|
|switch|p1a: Tenta|Tentacruel, M|149\/361
|move|p2a: Wrongtoad|Scald|p1a: Tenta
|-resisted|p1a: Tenta
|-damage|p1a: Tenta|117\/361
|-status|p1a: Tenta|brn
|
|-heal|p1a: Tenta|139\/361 brn|[from] item: Black Sludge
|-heal|p2a: Wrongtoad|293\/384|[from] item: Leftovers
|-damage|p1a: Tenta|94\/361 brn|[from] brn
|turn|27
|
|move|p1a: Tenta|Sludge Wave|p2a: Wrongtoad
|-damage|p2a: Wrongtoad|187\/384
|move|p2a: Wrongtoad|Circle Throw|p1a: Tenta
|-resisted|p1a: Tenta
|-damage|p1a: Tenta|60\/361 brn
|drag|p1a: Mien00b|Mienshao, M|271\/271
|
|-heal|p2a: Wrongtoad|211\/384|[from] item: Leftovers
|turn|28
|
|move|p1a: Mien00b|Fake Out|p2a: Wrongtoad
|-damage|p2a: Wrongtoad|164\/384
|-damage|p1a: Mien00b|244\/271|[from] item: Life Orb
|cant|p2a: Wrongtoad|flinch
|
|-heal|p2a: Wrongtoad|188\/384|[from] item: Leftovers
|turn|29
|
|move|p1a: Mien00b|High Jump Kick|p2a: Wrongtoad
|-damage|p2a: Wrongtoad|0 fnt
|-damage|p1a: Mien00b|217\/271|[from] item: Life Orb
|faint|p2a: Wrongtoad
|
|
|switch|p2a: Azumarill|Azumarill, F|311\/401
|turn|30
|
|move|p1a: Mien00b|U-turn|p2a: Azumarill
|-resisted|p2a: Azumarill
|-damage|p2a: Azumarill|250\/401
|-damage|p1a: Mien00b|190\/271|[from] item: Life Orb
|
|switch|p1a: Tenta|Tentacruel, M|60\/361 brn
|move|p2a: Azumarill|Play Rough|p1a: Tenta
|-resisted|p1a: Tenta
|-damage|p1a: Tenta|0 fnt
|faint|p1a: Tenta
|
|
|switch|p1a: Cortacabezas|Rotom-Mow|211\/241
|turn|31
|c|★The Last Hero|gg
|c|★albprova|gg
|
|move|p1a: Cortacabezas|Thunderbolt|p2a: Azumarill
|-supereffective|p2a: Azumarill
|-damage|p2a: Azumarill|0 fnt
|faint|p2a: Azumarill
|
|
|switch|p2a: Raikou|Raikou|13\/321
|-ability|p2a: Raikou|Pressure
|turn|32
|
|move|p1a: Cortacabezas|Thunderbolt|p2a: Raikou
|-resisted|p2a: Raikou
|-damage|p2a: Raikou|0 fnt
|faint|p2a: Raikou
|
|win|The Last Hero
|raw|Ladder updating...
|raw|The Last Hero's rating: 1755 &rarr; <strong>1764<\/strong><br \/>(+9 for winning)
|raw|albprova's rating: 1537 &rarr; <strong>1528<\/strong><br \/>(-9 for losing)