|join|LadderSoTall
|join|PikachuCandyツ
|player|p1|LadderSoTall|31
|player|p2|PikachuCandyツ|288
|gametype|singles
|gen|6
|tier|OU
|rated
|clearpoke
|poke|p1|Slowbro, M
|poke|p1|Heracross, M
|poke|p1|Latios, M
|poke|p1|Heatran, M
|poke|p1|Clefable, M
|poke|p1|Terrakion
|poke|p2|Smeargle, M, shiny
|poke|p2|Thundurus, M
|poke|p2|Whimsicott, F, shiny
|poke|p2|Landorus, M
|poke|p2|Espeon, F, shiny
|poke|p2|Azelf
|rule|Swagger Clause: Swagger is banned
|rule|Baton Pass Clause: Limit one Pokémon knowing Baton Pass
|rule|Sleep Clause Mod: Limit one foe put to sleep
|rule|Species Clause: Limit one of each Pokémon
|rule|OHKO Clause: OHKO moves are banned
|rule|Moody Clause: Moody is banned
|rule|Evasion Moves Clause: Evasion moves are banned
|rule|Endless Battle Clause: Forcing endless battles is banned
|rule|HP Percentage Mod: HP is shown in percentages
|teampreview
PikachuCandyツ made this room private.
|
|start
|switch|p1a: Strong Bug|Heracross, M|302\/302
|switch|p2a: ThunThunThun|Thundurus, M|300\/300
|turn|1
|
|detailschange|p1a: Strong Bug|Heracross-Mega, M
|message|Heracross has Mega Evolved into Mega Heracross!
|move|p2a: ThunThunThun|Thunder Wave|p1a: Strong Bug
|-status|p1a: Strong Bug|par
|cant|p1a: Strong Bug|par
|
|turn|2
|
|switch|p2a: Landorus|Landorus, M|319\/319
|move|p1a: Strong Bug|Rock Blast|p2a: Landorus
|-damage|p2a: Landorus|273\/319
|-damage|p2a: Landorus|232\/319
|-damage|p2a: Landorus|187\/319
|-damage|p2a: Landorus|144\/319
|-damage|p2a: Landorus|104\/319
|-hitcount|p2a: Landorus|5
|
|turn|3
|
|move|p2a: Landorus|Psychic|p1a: Strong Bug
|-supereffective|p1a: Strong Bug
|-damage|p1a: Strong Bug|86\/302 par
|cant|p1a: Strong Bug|par
|
|turn|4
|c|★PikachuCandyツ|time for focus
|
|move|p2a: Landorus|Psychic|p1a: Strong Bug
|-supereffective|p1a: Strong Bug
|-damage|p1a: Strong Bug|0 fnt
|faint|p1a: Strong Bug
|
|
|switch|p1a: Mega Audino 2.0|Clefable, M|394\/394
|turn|5
|
|switch|p2a: ThunThunThun|Thundurus, M|300\/300
|move|p1a: Mega Audino 2.0|Moonblast|p2a: ThunThunThun
|-damage|p2a: ThunThunThun|161\/300
|
|turn|6
|
|move|p2a: ThunThunThun|Thunder Wave|p1a: Mega Audino 2.0
|-status|p1a: Mega Audino 2.0|par
|move|p1a: Mega Audino 2.0|Moonblast|p2a: ThunThunThun
|-damage|p2a: ThunThunThun|28\/300
|
|turn|7
|
|move|p2a: ThunThunThun|Taunt|p1a: Mega Audino 2.0
|-start|p1a: Mega Audino 2.0|move: Taunt
|cant|p1a: Mega Audino 2.0|move: Taunt|Calm Mind
|
|turn|8
|
|move|p2a: ThunThunThun|Thunderbolt|p1a: Mega Audino 2.0
|-damage|p1a: Mega Audino 2.0|258\/394 par
|move|p1a: Mega Audino 2.0|Flamethrower|p2a: ThunThunThun
|-damage|p2a: ThunThunThun|0 fnt
|faint|p2a: ThunThunThun
|
|-heal|p1a: Mega Audino 2.0|282\/394 par|[from] item: Leftovers
|
|switch|p2a: Happy|Azelf|291\/291
|turn|9
|
|move|p2a: Happy|Light Screen|p2a: Happy
|-sidestart|p2: PikachuCandyツ|move: Light Screen
|move|p1a: Mega Audino 2.0|Moonblast|p2a: Happy
|-damage|p2a: Happy|240\/291
|
|-heal|p1a: Mega Audino 2.0|306\/394 par|[from] item: Leftovers
|-end|p1a: Mega Audino 2.0|move: Taunt
|turn|10
|
|move|p2a: Happy|Taunt|p1a: Mega Audino 2.0
|-start|p1a: Mega Audino 2.0|move: Taunt
|cant|p1a: Mega Audino 2.0|par
|
|-heal|p1a: Mega Audino 2.0|330\/394 par|[from] item: Leftovers
|turn|11
|
|move|p2a: Happy|Reflect|p2a: Happy
|-sidestart|p2: PikachuCandyツ|Reflect
|cant|p1a: Mega Audino 2.0|par
|
|-heal|p1a: Mega Audino 2.0|354\/394 par|[from] item: Leftovers
|turn|12
|
|move|p2a: Happy|Explosion|p1a: Mega Audino 2.0
|-crit|p1a: Mega Audino 2.0
|-damage|p1a: Mega Audino 2.0|0 fnt
|faint|p2a: Happy
|faint|p1a: Mega Audino 2.0
|
|
|switch|p2a: Whimsi✩|Whimsicott, F, shiny|261\/261
|switch|p1a: Team Aqua|Slowbro, M|394\/394
|turn|13
|
|switch|p1a: Sky Flyer|Latios, M|302\/302
|move|p2a: Whimsi✩|Taunt|p1a: Sky Flyer
|-start|p1a: Sky Flyer|move: Taunt
|
|turn|14
|
|switch|p1a: Team Aqua|Slowbro, M|394\/394
|move|p2a: Whimsi✩|Memento|p1a: Team Aqua
|-unboost|p1a: Team Aqua|atk|2
|-unboost|p1a: Team Aqua|spa|2
|faint|p2a: Whimsi✩
|
|
|switch|p2a: SpotOn|Smeargle, M, shiny|251\/251
|turn|15
|
|move|p2a: SpotOn|Geomancy|p2a: SpotOn|[still]
|-prepare|p2a: SpotOn|Geomancy|p2a: SpotOn
|-enditem|p2a: SpotOn|Power Herb
|-anim|p2a: SpotOn|Geomancy|p2a: SpotOn
|-boost|p2a: SpotOn|spa|2
|-boost|p2a: SpotOn|spd|2
|-boost|p2a: SpotOn|spe|2
|move|p1a: Team Aqua|Thunder Wave|p2a: SpotOn
|-status|p2a: SpotOn|par
|
|turn|16
|
|switch|p1a: Sky Flyer|Latios, M|302\/302
|move|p2a: SpotOn|Baton Pass|p2a: SpotOn
|
|switch|p2a: Long.Live.dEnIsSsS|Espeon, F, shiny|321\/321
|
|-sideend|p2: PikachuCandyツ|move: Light Screen
|turn|17
|
|move|p1a: Sky Flyer|Trick|p2a: Long.Live.dEnIsSsS
|-activate|p1a: Sky Flyer|move: Trick|[of] p2a: Long.Live.dEnIsSsS
|-item|p2a: Long.Live.dEnIsSsS|Choice Scarf|[from] move: Trick
|-item|p1a: Sky Flyer|Leftovers|[from] move: Trick
|move|p2a: Long.Live.dEnIsSsS|Substitute|p2a: Long.Live.dEnIsSsS
|-start|p2a: Long.Live.dEnIsSsS|Substitute
|-damage|p2a: Long.Live.dEnIsSsS|241\/321
|
|turn|18
|-message|PikachuCandyツ forfeited.
|c|★LadderSoTall|get fucked
|leave|PikachuCandyツ
|
|win|LadderSoTall
|raw|Ladder updating...
|player|p2
|raw|LadderSoTall's rating: 1734 &rarr; <strong>1757<\/strong><br \/>(+23 for winning)
|raw|PikachuCandyツ's rating: 1788 &rarr; <strong>1764<\/strong><br \/>(-24 for losing)