|join|Wilwurm
|join|DrummerVim
|player|p1|Wilwurm|99
|player|p2|DrummerVim|87
|gametype|singles
|gen|6
|tier|UU
|rated
|rule|Sleep Clause Mod: Limit one foe put to sleep
|rule|Species Clause: Limit one of each Pokémon
|rule|OHKO Clause: OHKO moves are banned
|rule|Moody Clause: Moody is banned
|rule|Evasion Moves Clause: Evasion moves are banned
|rule|Endless Battle Clause: Forcing endless battles is banned
|rule|HP Percentage Mod: HP is shown in percentages
|clearpoke
|poke|p1|Toxicroak, M
|poke|p1|Aggron, F, shiny
|poke|p1|Vaporeon, F
|poke|p1|Mienshao, F
|poke|p1|Goodra, F
|poke|p1|Florges, F
|poke|p2|Druddigon, M
|poke|p2|Absol, F
|poke|p2|Claydol
|poke|p2|Barbaracle, F
|poke|p2|Porygon2
|poke|p2|Shaymin
|rule|Swagger Clause: Swagger is banned
|rule|Baton Pass Clause: Limit one Pokémon knowing Baton Pass
|teampreview
|
|start
|switch|p1a: RhinoRampage|Aggron, F, shiny|343\/343
|switch|p2a: Shaymin|Shaymin|342\/342
|turn|1
|
|detailschange|p1a: RhinoRampage|Aggron-Mega, F, shiny
|message|Aggron has Mega Evolved into Mega Aggron!
|move|p2a: Shaymin|Earth Power|p1a: RhinoRampage
|-supereffective|p1a: RhinoRampage
|-damage|p1a: RhinoRampage|148\/343
|-damage|p2a: Shaymin|308\/342|[from] item: Life Orb
|move|p1a: RhinoRampage|Toxic|p2a: Shaymin
|-status|p2a: Shaymin|tox
|
|-damage|p2a: Shaymin|287\/342 tox|[from] psn
|turn|2
|
|switch|p2a: Porygon2|Porygon2|374\/374
|switch|p1a: Florges|Florges, F|360\/360
|
|turn|3
|
|move|p1a: Florges|Toxic|p2a: Porygon2
|-status|p2a: Porygon2|tox
|move|p2a: Porygon2|Tri Attack|p1a: Florges
|-damage|p1a: Florges|290\/360
|
|-heal|p1a: Florges|312\/360|[from] item: Leftovers
|-damage|p2a: Porygon2|351\/374 tox|[from] psn
|turn|4
|
|move|p1a: Florges|Protect|p1a: Florges
|-singleturn|p1a: Florges|Protect
|move|p2a: Porygon2|Psyshock|p1a: Florges
|-activate|p1a: Florges|Protect
|
|-heal|p1a: Florges|334\/360|[from] item: Leftovers
|-damage|p2a: Porygon2|305\/374 tox|[from] psn
|turn|5
|
|switch|p2a: Claydol|Claydol|324\/324
|move|p1a: Florges|Moonblast|p2a: Claydol
|-damage|p2a: Claydol|249\/324
|
|-heal|p2a: Claydol|269\/324|[from] item: Leftovers
|-heal|p1a: Florges|356\/360|[from] item: Leftovers
|turn|6
|
|move|p2a: Claydol|Toxic|p1a: Florges
|-status|p1a: Florges|tox
|move|p1a: Florges|Wish|p1a: Florges
|
|-heal|p1a: Florges|360\/360 tox|[from] item: Leftovers
|-heal|p2a: Claydol|289\/324|[from] item: Leftovers
|-damage|p1a: Florges|338\/360 tox|[from] psn
|turn|7
|
|switch|p1a: RhinoRampage|Aggron-Mega, F, shiny|148\/343
|move|p2a: Claydol|Earth Power|p1a: RhinoRampage
|-supereffective|p1a: RhinoRampage
|-damage|p1a: RhinoRampage|22\/343
|
|-heal|p1a: RhinoRampage|202\/343|[from] move: Wish|[wisher] Florges
|-heal|p2a: Claydol|309\/324|[from] item: Leftovers
|turn|8
|
|switch|p2a: Druddigon|Druddigon, M|358\/358
|switch|p1a: CatFish|Vaporeon, F|463\/463
|
|turn|9
|
|switch|p2a: Shaymin|Shaymin|287\/342
|move|p1a: CatFish|Heal Bell|p1a: CatFish
|-cureteam|p1a: CatFish|[from] move: HealBell
|
|turn|10
|
|switch|p1a: Florges|Florges, F|338\/360
|move|p2a: Shaymin|Dazzling Gleam|p1a: Florges
|-damage|p1a: Florges|281\/360
|-damage|p2a: Shaymin|253\/342|[from] item: Life Orb
|
|-heal|p1a: Florges|303\/360|[from] item: Leftovers
|turn|11
|
|switch|p2a: Porygon2|Porygon2|305\/374 tox
|switch|p1a: CatFish|Vaporeon, F|463\/463
|
|-damage|p2a: Porygon2|282\/374 tox|[from] psn
|turn|12
|
|move|p1a: CatFish|Wish|p1a: CatFish
|move|p2a: Porygon2|Psyshock|p1a: CatFish
|-damage|p1a: CatFish|379\/463
|
|-heal|p1a: CatFish|407\/463|[from] item: Leftovers
|-damage|p2a: Porygon2|236\/374 tox|[from] psn
|turn|13
|
|switch|p1a: RhinoRampage|Aggron-Mega, F, shiny|202\/343
|move|p2a: Porygon2|Recover|p2a: Porygon2
|-heal|p2a: Porygon2|374\/374 tox
|
|-heal|p1a: RhinoRampage|343\/343|[from] move: Wish|[wisher] CatFish
|-damage|p2a: Porygon2|305\/374 tox|[from] psn
|turn|14
|
|switch|p2a: Druddigon|Druddigon, M|358\/358
|move|p1a: RhinoRampage|Stealth Rock|p2a: Druddigon
|-sidestart|p2: DrummerVim|move: Stealth Rock
|
|turn|15
|
|move|p1a: RhinoRampage|Toxic|p2a: Druddigon
|-status|p2a: Druddigon|tox
|move|p2a: Druddigon|Stealth Rock|p1a: RhinoRampage
|-sidestart|p1: Wilwurm|move: Stealth Rock
|
|-damage|p2a: Druddigon|336\/358 tox|[from] psn
|turn|16
|
|switch|p1a: Florges|Florges, F|303\/360
|-damage|p1a: Florges|258\/360|[from] Stealth Rock
|switch|p2a: Claydol|Claydol|309\/324
|-damage|p2a: Claydol|289\/324|[from] Stealth Rock
|
|-heal|p1a: Florges|280\/360|[from] item: Leftovers
|-heal|p2a: Claydol|309\/324|[from] item: Leftovers
|turn|17
|
|move|p1a: Florges|Toxic|p2a: Claydol
|-status|p2a: Claydol|tox
|move|p2a: Claydol|Rapid Spin|p1a: Florges
|-damage|p1a: Florges|267\/360
|-sideend|p2: DrummerVim|Stealth Rock|[from] move: Rapid Spin|[of] p2a: Claydol
|
|-heal|p2a: Claydol|324\/324 tox|[from] item: Leftovers
|-heal|p1a: Florges|289\/360|[from] item: Leftovers
|-damage|p2a: Claydol|304\/324 tox|[from] psn
|turn|18
|
|move|p1a: Florges|Moonblast|p2a: Claydol
|-damage|p2a: Claydol|226\/324 tox
|move|p2a: Claydol|Toxic|p1a: Florges
|-status|p1a: Florges|tox
|
|-heal|p2a: Claydol|246\/324 tox|[from] item: Leftovers
|-heal|p1a: Florges|311\/360 tox|[from] item: Leftovers
|-damage|p2a: Claydol|206\/324 tox|[from] psn
|-damage|p1a: Florges|289\/360 tox|[from] psn
|turn|19
|
|switch|p2a: Porygon2|Porygon2|305\/374 tox
|move|p1a: Florges|Wish|p1a: Florges
|
|-heal|p1a: Florges|311\/360 tox|[from] item: Leftovers
|-damage|p1a: Florges|267\/360 tox|[from] psn
|-damage|p2a: Porygon2|282\/374 tox|[from] psn
|turn|20
|
|move|p1a: Florges|Moonblast|p2a: Porygon2
|-damage|p2a: Porygon2|222\/374 tox
|move|p2a: Porygon2|Psyshock|p1a: Florges
|-damage|p1a: Florges|156\/360 tox
|
|-heal|p1a: Florges|336\/360 tox|[from] move: Wish|[wisher] Florges
|-heal|p1a: Florges|358\/360 tox|[from] item: Leftovers
|-damage|p1a: Florges|292\/360 tox|[from] psn
|-damage|p2a: Porygon2|176\/374 tox|[from] psn
|turn|21
|
|switch|p1a: CatFish|Vaporeon, F|407\/463
|-damage|p1a: CatFish|350\/463|[from] Stealth Rock
|move|p2a: Porygon2|Recover|p2a: Porygon2
|-heal|p2a: Porygon2|363\/374 tox
|
|-heal|p1a: CatFish|378\/463|[from] item: Leftovers
|-damage|p2a: Porygon2|294\/374 tox|[from] psn
|turn|22
|
|switch|p2a: Shaymin|Shaymin|253\/342
|move|p1a: CatFish|Scald|p2a: Shaymin
|-resisted|p2a: Shaymin
|-damage|p2a: Shaymin|199\/342
|
|-heal|p1a: CatFish|406\/463|[from] item: Leftovers
|turn|23
|
|move|p1a: CatFish|Protect|p1a: CatFish
|-singleturn|p1a: CatFish|Protect
|move|p2a: Shaymin|Rest|p2a: Shaymin
|-status|p2a: Shaymin|slp
|-heal|p2a: Shaymin|342\/342 slp|[silent]
|-status|p2a: Shaymin|slp|[from] move: Rest
|
|-heal|p1a: CatFish|434\/463|[from] item: Leftovers
|turn|24
|
|switch|p2a: Porygon2|Porygon2|294\/374 tox
|switch|p1a: Goodra|Goodra, F|344\/344
|-damage|p1a: Goodra|301\/344|[from] Stealth Rock
|
|-damage|p2a: Porygon2|271\/374 tox|[from] psn
|turn|25
|
|switch|p1a: CatFish|Vaporeon, F|434\/463
|-damage|p1a: CatFish|377\/463|[from] Stealth Rock
|move|p2a: Porygon2|Psyshock|p1a: CatFish
|-damage|p1a: CatFish|299\/463
|
|-heal|p1a: CatFish|327\/463|[from] item: Leftovers
|-damage|p2a: Porygon2|225\/374 tox|[from] psn
|turn|26
|
|move|p1a: CatFish|Wish|p1a: CatFish
|move|p2a: Porygon2|Recover|p2a: Porygon2
|-heal|p2a: Porygon2|374\/374 tox
|
|-heal|p1a: CatFish|355\/463|[from] item: Leftovers
|-damage|p2a: Porygon2|305\/374 tox|[from] psn
|turn|27
|
|switch|p2a: Shaymin|Shaymin|342\/342
|move|p1a: CatFish|Heal Bell|p1a: CatFish
|-cureteam|p1a: CatFish|[from] move: HealBell
|
|-heal|p1a: CatFish|463\/463|[from] move: Wish|[wisher] CatFish
|turn|28
|
|switch|p2a: Barbaracle|Barbaracle, F|286\/286
|switch|p1a: Florges|Florges, F|292\/360
|-damage|p1a: Florges|247\/360|[from] Stealth Rock
|
|-heal|p1a: Florges|269\/360|[from] item: Leftovers
|turn|29
|
|move|p2a: Barbaracle|Shell Smash|p2a: Barbaracle
|-boost|p2a: Barbaracle|atk|2
|-boost|p2a: Barbaracle|spa|2
|-boost|p2a: Barbaracle|spe|2
|-unboost|p2a: Barbaracle|def|1
|-unboost|p2a: Barbaracle|spd|1
|move|p1a: Florges|Toxic|p2a: Barbaracle|[miss]
|-miss|p1a: Florges|p2a: Barbaracle
|
|-heal|p1a: Florges|291\/360|[from] item: Leftovers
|turn|30
|
|move|p2a: Barbaracle|Poison Jab|p1a: Florges
|-crit|p1a: Florges
|-supereffective|p1a: Florges
|-damage|p1a: Florges|0 fnt
|faint|p1a: Florges
|
|
|switch|p1a: RhinoRampage|Aggron-Mega, F, shiny|343\/343
|-damage|p1a: RhinoRampage|322\/343|[from] Stealth Rock
|turn|31
|
|switch|p2a: Druddigon|Druddigon, M|336\/358 tox
|move|p1a: RhinoRampage|Earthquake|p2a: Druddigon
|-damage|p2a: Druddigon|258\/358 tox
|
|-damage|p2a: Druddigon|236\/358 tox|[from] psn
|turn|32
|
|move|p1a: RhinoRampage|Stealth Rock|p2a: Druddigon
|-sidestart|p2: DrummerVim|move: Stealth Rock
|move|p2a: Druddigon|Glare|p1a: RhinoRampage
|-status|p1a: RhinoRampage|par
|
|-damage|p2a: Druddigon|192\/358 tox|[from] psn
|turn|33
|
|switch|p2a: Porygon2|Porygon2|305\/374 tox
|-damage|p2a: Porygon2|259\/374 tox|[from] Stealth Rock
|move|p1a: RhinoRampage|Earthquake|p2a: Porygon2
|-damage|p2a: Porygon2|182\/374 tox
|
|-damage|p2a: Porygon2|159\/374 tox|[from] psn
|turn|34
|
|move|p2a: Porygon2|Recover|p2a: Porygon2
|-heal|p2a: Porygon2|346\/374 tox
|move|p1a: RhinoRampage|Heavy Slam|p2a: Porygon2
|-damage|p2a: Porygon2|217\/374 tox
|
|-damage|p2a: Porygon2|171\/374 tox|[from] psn
|turn|35
|
|switch|p2a: Druddigon|Druddigon, M|192\/358 tox
|-damage|p2a: Druddigon|148\/358 tox|[from] Stealth Rock
|cant|p1a: RhinoRampage|par
|
|-damage|p2a: Druddigon|126\/358 tox|[from] psn
|turn|36
|
|cant|p1a: RhinoRampage|par
|move|p2a: Druddigon|Dragon Tail|p1a: RhinoRampage
|-resisted|p1a: RhinoRampage
|-damage|p1a: RhinoRampage|305\/343 par
|drag|p1a: ComeAtMe|Mienshao, F|272\/272
|-damage|p1a: ComeAtMe|255\/272|[from] Stealth Rock
|
|-damage|p2a: Druddigon|82\/358 tox|[from] psn
|turn|37
|
|move|p1a: ComeAtMe|Knock Off|p2a: Druddigon
|-damage|p2a: Druddigon|0 fnt
|-damage|p1a: ComeAtMe|221\/272|[from] ability: Rough Skin|[of] p2a: Druddigon
|-damage|p1a: ComeAtMe|176\/272|[from] item: Rocky Helmet|[of] p2a: Druddigon
|-enditem|p2a: Druddigon|Rocky Helmet|[from] move: Knock Off|[of] p1a: ComeAtMe
|-damage|p1a: ComeAtMe|149\/272|[from] item: Life Orb
|faint|p2a: Druddigon
|
|
|switch|p2a: Porygon2|Porygon2|171\/374 tox
|-damage|p2a: Porygon2|125\/374 tox|[from] Stealth Rock
|turn|38
|
|move|p1a: ComeAtMe|Knock Off|p2a: Porygon2
|-damage|p2a: Porygon2|21\/374 tox
|-enditem|p2a: Porygon2|Eviolite|[from] move: Knock Off|[of] p1a: ComeAtMe
|-damage|p1a: ComeAtMe|122\/272|[from] item: Life Orb
|move|p2a: Porygon2|Psyshock|p1a: ComeAtMe
|-supereffective|p1a: ComeAtMe
|-damage|p1a: ComeAtMe|0 fnt
|faint|p1a: ComeAtMe
|
|-damage|p2a: Porygon2|0 fnt|[from] psn
|faint|p2a: Porygon2
|
|switch|p2a: Claydol|Claydol|206\/324 tox
|-damage|p2a: Claydol|186\/324 tox|[from] Stealth Rock
|switch|p1a: CatFish|Vaporeon, F|463\/463
|-damage|p1a: CatFish|406\/463|[from] Stealth Rock
|turn|39
|
|move|p2a: Claydol|Rapid Spin|p1a: CatFish
|-damage|p1a: CatFish|396\/463
|-sideend|p2: DrummerVim|Stealth Rock|[from] move: Rapid Spin|[of] p2a: Claydol
|move|p1a: CatFish|Heal Bell|p1a: CatFish
|-cureteam|p1a: CatFish|[from] move: HealBell
|
|-heal|p2a: Claydol|206\/324 tox|[from] item: Leftovers
|-heal|p1a: CatFish|424\/463|[from] item: Leftovers
|-damage|p2a: Claydol|186\/324 tox|[from] psn
|turn|40
|
|switch|p2a: Shaymin|Shaymin|342\/342
|move|p1a: CatFish|Scald|p2a: Shaymin
|-resisted|p2a: Shaymin
|-damage|p2a: Shaymin|291\/342
|-status|p2a: Shaymin|brn
|
|-heal|p1a: CatFish|452\/463|[from] item: Leftovers
|-damage|p2a: Shaymin|249\/342 brn|[from] brn
|turn|41
|
|move|p1a: CatFish|Protect|p1a: CatFish
|-singleturn|p1a: CatFish|Protect
|move|p2a: Shaymin|Seed Flare|p1a: CatFish
|-activate|p1a: CatFish|Protect
|
|-heal|p1a: CatFish|463\/463|[from] item: Leftovers
|-damage|p2a: Shaymin|207\/342 brn|[from] brn
|turn|42
|
|switch|p1a: Goodra|Goodra, F|301\/344
|-damage|p1a: Goodra|258\/344|[from] Stealth Rock
|move|p2a: Shaymin|Seed Flare|p1a: Goodra
|-boost|p1a: Goodra|atk|1|[from] ability: Sap Sipper
|
|-damage|p2a: Shaymin|165\/342 brn|[from] brn
|turn|43
|
|move|p2a: Shaymin|Rest|p2a: Shaymin
|-status|p2a: Shaymin|slp
|-heal|p2a: Shaymin|342\/342 slp|[silent]
|-status|p2a: Shaymin|slp|[from] move: Rest
|move|p1a: Goodra|Thunderbolt|p2a: Shaymin
|-resisted|p2a: Shaymin
|-damage|p2a: Shaymin|300\/342 slp
|
|turn|44
|
|switch|p2a: Claydol|Claydol|186\/324 tox
|move|p1a: Goodra|Flamethrower|p2a: Claydol
|-damage|p2a: Claydol|131\/324 tox
|
|-heal|p2a: Claydol|151\/324 tox|[from] item: Leftovers
|-damage|p2a: Claydol|131\/324 tox|[from] psn
|turn|45
|
|move|p1a: Goodra|Draco Meteor|p2a: Claydol|[miss]
|-miss|p1a: Goodra|p2a: Claydol
|move|p2a: Claydol|Toxic|p1a: Goodra
|-status|p1a: Goodra|tox
|
|-heal|p2a: Claydol|151\/324 tox|[from] item: Leftovers
|-damage|p1a: Goodra|237\/344 tox|[from] psn
|-damage|p2a: Claydol|111\/324 tox|[from] psn
|turn|46
|
|move|p1a: Goodra|Draco Meteor|p2a: Claydol
|-damage|p2a: Claydol|0 fnt
|-unboost|p1a: Goodra|spa|2
|faint|p2a: Claydol
|
|-damage|p1a: Goodra|195\/344 tox|[from] psn
|
|switch|p2a: Absol|Absol, F|272\/272
|turn|47
|
|detailschange|p2a: Absol|Absol-Mega, F
|message|Absol has Mega Evolved into Mega Absol!
|move|p2a: Absol|Swords Dance|p2a: Absol
|-boost|p2a: Absol|atk|2
|move|p1a: Goodra|Draco Meteor|p2a: Absol
|-damage|p2a: Absol|124\/272
|-unboost|p1a: Goodra|spa|2
|
|-damage|p1a: Goodra|132\/344 tox|[from] psn
|turn|48
|
|switch|p1a: RhinoRampage|Aggron-Mega, F, shiny|305\/343
|-damage|p1a: RhinoRampage|284\/343|[from] Stealth Rock
|move|p2a: Absol|Knock Off|p1a: RhinoRampage
|-damage|p1a: RhinoRampage|178\/343
|
|turn|49
|
|move|p2a: Absol|Superpower|p1a: RhinoRampage
|-supereffective|p1a: RhinoRampage
|-damage|p1a: RhinoRampage|0 fnt
|-unboost|p2a: Absol|atk|1
|-unboost|p2a: Absol|def|1
|faint|p1a: RhinoRampage
|
|
|switch|p1a: CatFish|Vaporeon, F|463\/463
|-damage|p1a: CatFish|406\/463|[from] Stealth Rock
|turn|50
|
|move|p2a: Absol|Knock Off|p1a: CatFish
|-damage|p1a: CatFish|133\/463
|-enditem|p1a: CatFish|Leftovers|[from] move: Knock Off|[of] p2a: Absol
|move|p1a: CatFish|Scald|p2a: Absol
|-damage|p2a: Absol|0 fnt
|faint|p2a: Absol
|
|
|switch|p2a: Shaymin|Shaymin|300\/342
|turn|51
|
|move|p2a: Shaymin|Dazzling Gleam|p1a: CatFish
|-damage|p1a: CatFish|24\/463
|-damage|p2a: Shaymin|266\/342|[from] item: Life Orb
|move|p1a: CatFish|Wish|p1a: CatFish
|
|turn|52
|
|move|p1a: CatFish|Protect|p1a: CatFish
|-singleturn|p1a: CatFish|Protect
|move|p2a: Shaymin|Seed Flare|p1a: CatFish
|-activate|p1a: CatFish|Protect
|
|-heal|p1a: CatFish|255\/463|[from] move: Wish|[wisher] CatFish
|turn|53
|
|move|p2a: Shaymin|Seed Flare|p1a: CatFish
|-supereffective|p1a: CatFish
|-damage|p1a: CatFish|0 fnt
|-damage|p2a: Shaymin|232\/342|[from] item: Life Orb
|faint|p1a: CatFish
|
|
|switch|p1a: Toxicroak|Toxicroak, M|328\/328
|-damage|p1a: Toxicroak|308\/328|[from] Stealth Rock
|turn|54
|
|move|p2a: Shaymin|Earth Power|p1a: Toxicroak
|-supereffective|p1a: Toxicroak
|-damage|p1a: Toxicroak|27\/328
|-damage|p2a: Shaymin|198\/342|[from] item: Life Orb
|move|p1a: Toxicroak|Poison Jab|p2a: Shaymin
|-supereffective|p2a: Shaymin
|-damage|p2a: Shaymin|0 fnt
|-damage|p1a: Toxicroak|0 fnt|[from] item: Life Orb
|faint|p2a: Shaymin
|faint|p1a: Toxicroak
|
|c|★DrummerVim|;_;
|
|switch|p2a: Barbaracle|Barbaracle, F|286\/286
|switch|p1a: Goodra|Goodra, F|132\/344 tox
|-damage|p1a: Goodra|89\/344 tox|[from] Stealth Rock
|turn|55
|
|move|p2a: Barbaracle|Dragon Claw|p1a: Goodra
|-supereffective|p1a: Goodra
|-damage|p1a: Goodra|0 fnt
|faint|p1a: Goodra
|
|win|DrummerVim
|raw|Ladder updating...
|c|★DrummerVim|gg
|raw|Wilwurm's rating: 1319 &rarr; <strong>1301<\/strong><br \/>(-18 for losing)
|raw|DrummerVim's rating: 1352 &rarr; <strong>1370<\/strong><br \/>(+18 for winning)
|c|★Wilwurm|gg