|join|Flare Boost Games
|join|Ultimategrid
|player|p1|Flare Boost Games|290
|player|p2|Ultimategrid|2
|gametype|singles
|gen|6
|tier|UU
|rated
|rule|Sleep Clause Mod: Limit one foe put to sleep
|rule|Species Clause: Limit one of each Pokémon
|rule|OHKO Clause: OHKO moves are banned
|rule|Moody Clause: Moody is banned
|rule|Evasion Moves Clause: Evasion moves are banned
|rule|Endless Battle Clause: Forcing endless battles is banned
|rule|HP Percentage Mod: HP is shown in percentages
|clearpoke
|poke|p1|Raikou
|poke|p1|Donphan, F
|poke|p1|Vaporeon, M
|poke|p1|Chandelure, M, shiny
|poke|p1|Blastoise, M
|poke|p1|Metagross, shiny
|poke|p2|Krookodile, M
|poke|p2|Crobat, M
|poke|p2|Blissey, F
|poke|p2|Kecleon, M
|poke|p2|Ampharos, F
|poke|p2|Nidoqueen, F
|rule|Swagger Clause: Swagger is banned
|rule|Baton Pass Clause: Limit one Pokémon knowing Baton Pass
|teampreview
|
|start
|switch|p1a: Pumba|Donphan, F|384\/384
|switch|p2a: Saleos|Krookodile, M|394\/394
|-ability|p2a: Saleos|Intimidate|[of] p1a: Pumba
|-unboost|p1a: Pumba|atk|1
|turn|1
|
|move|p2a: Saleos|Taunt|p1a: Pumba
|-start|p1a: Pumba|move: Taunt
|move|p1a: Pumba|Earthquake|p2a: Saleos
|-damage|p2a: Saleos|280\/394
|
|-heal|p2a: Saleos|304\/394|[from] item: Leftovers
|turn|2
|
|move|p2a: Saleos|Knock Off|p1a: Pumba
|-damage|p1a: Pumba|297\/384
|-enditem|p1a: Pumba|Leftovers|[from] move: Knock Off|[of] p2a: Saleos
|move|p1a: Pumba|Earthquake|p2a: Saleos
|-damage|p2a: Saleos|193\/394
|
|-heal|p2a: Saleos|217\/394|[from] item: Leftovers
|turn|3
|
|move|p2a: Saleos|Stealth Rock|p1a: Pumba
|-sidestart|p1: Flare Boost Games|move: Stealth Rock
|move|p1a: Pumba|Earthquake|p2a: Saleos
|-damage|p2a: Saleos|100\/394
|
|-heal|p2a: Saleos|124\/394|[from] item: Leftovers
|-end|p1a: Pumba|move: Taunt
|turn|4
|
|move|p2a: Saleos|Taunt|p1a: Pumba
|-start|p1a: Pumba|move: Taunt
|move|p1a: Pumba|Earthquake|p2a: Saleos
|-damage|p2a: Saleos|6\/394
|
|-heal|p2a: Saleos|30\/394|[from] item: Leftovers
|turn|5
|
|switch|p2a: Brobat|Crobat, M|311\/311
|move|p1a: Pumba|Ice Shard|p2a: Brobat
|-supereffective|p2a: Brobat
|-damage|p2a: Brobat|245\/311
|
|turn|6
|
|move|p2a: Brobat|Brave Bird|p1a: Pumba
|-damage|p1a: Pumba|125\/384
|-damage|p2a: Brobat|188\/311|[from] recoil|[of] p1a: Pumba
|move|p1a: Pumba|Rapid Spin|p2a: Brobat
|-damage|p2a: Brobat|172\/311
|-sideend|p1: Flare Boost Games|Stealth Rock|[from] move: Rapid Spin|[of] p1a: Pumba
|
|-end|p1a: Pumba|move: Taunt
|turn|7
|
|move|p1a: Pumba|Ice Shard|p2a: Brobat
|-supereffective|p2a: Brobat
|-damage|p2a: Brobat|104\/311
|move|p2a: Brobat|Brave Bird|p1a: Pumba
|-damage|p1a: Pumba|0 fnt
|-damage|p2a: Brobat|63\/311|[from] recoil|[of] p1a: Pumba
|faint|p1a: Pumba
|
|
|switch|p1a: ShellShock|Blastoise, M|362\/362
|turn|8
|
|switch|p2a: Harbinger|Kecleon, M|324\/324
|detailschange|p1a: ShellShock|Blastoise-Mega, M
|message|Blastoise has Mega Evolved into Mega Blastoise!
|move|p1a: ShellShock|Water Pulse|p2a: Harbinger
|-damage|p2a: Harbinger|225\/324
|
|turn|9
|
|move|p2a: Harbinger|Fake Out|p1a: ShellShock
|-damage|p1a: ShellShock|305\/362
|cant|p1a: ShellShock|flinch
|
|turn|10
|
|move|p2a: Harbinger|Shadow Sneak|p1a: ShellShock
|-start|p2a: Harbinger|typechange|Ghost|[from] Protean
|-damage|p1a: ShellShock|251\/362
|move|p1a: ShellShock|Water Pulse|p2a: Harbinger
|-damage|p2a: Harbinger|126\/324
|-start|p2a: Harbinger|confusion
|
|turn|11
|
|switch|p2a: Reese|Ampharos, F|384\/384
|move|p1a: ShellShock|Dark Pulse|p2a: Reese
|-damage|p2a: Reese|212\/384
|
|turn|12
|
|detailschange|p2a: Reese|Ampharos-Mega, F
|message|Ampharos has Mega Evolved into Mega Ampharos!
|-ability|p2a: Reese|Mold Breaker
|move|p1a: ShellShock|Ice Beam|p2a: Reese
|-supereffective|p2a: Reese
|-damage|p2a: Reese|0 fnt
|faint|p2a: Reese
|
|
|switch|p2a: Brobat|Crobat, M|63\/311
|turn|13
|
|move|p2a: Brobat|Brave Bird|p1a: ShellShock
|-damage|p1a: ShellShock|35\/362
|-damage|p2a: Brobat|0 fnt|[from] recoil|[of] p1a: ShellShock
|faint|p2a: Brobat
|move|p1a: ShellShock|Water Pulse|p2: Brobat|[notarget]
|-notarget
|
|
|switch|p2a: Harbinger|Kecleon, M|126\/324
|turn|14
|
|move|p1a: ShellShock|Water Pulse|p2a: Harbinger
|-damage|p2a: Harbinger|29\/324
|move|p2a: Harbinger|Power-Up Punch|p1a: ShellShock
|-start|p2a: Harbinger|typechange|Fighting|[from] Protean
|-damage|p1a: ShellShock|0 fnt
|-boost|p2a: Harbinger|atk|1
|faint|p1a: ShellShock
|
|
|switch|p1a: Google|Metagross, shiny|326\/326
|turn|15
|
|move|p1a: Google|Bullet Punch|p2a: Harbinger
|-damage|p2a: Harbinger|0 fnt
|faint|p2a: Harbinger
|
|
|switch|p2a: Nina|Nidoqueen, F|384\/384
|turn|16
|
|move|p2a: Nina|Earth Power|p1a: Google
|-supereffective|p1a: Google
|-damage|p1a: Google|66\/326
|move|p1a: Google|Zen Headbutt|p2a: Nina|[miss]
|-miss|p1a: Google|p2a: Nina
|
|turn|17
|
|switch|p1a: Poseidon|Vaporeon, M|464\/464
|move|p2a: Nina|Earth Power|p1a: Poseidon
|-damage|p1a: Poseidon|303\/464
|
|-heal|p1a: Poseidon|332\/464|[from] item: Leftovers
|turn|18
|
|switch|p2a: Sylph|Blissey, F|714\/714
|move|p1a: Poseidon|Scald|p2a: Sylph
|-damage|p2a: Sylph|641\/714
|
|-heal|p1a: Poseidon|361\/464|[from] item: Leftovers
|-heal|p2a: Sylph|685\/714|[from] item: Leftovers
|turn|19
|
|move|p1a: Poseidon|Toxic|p2a: Sylph|[miss]
|-miss|p1a: Poseidon|p2a: Sylph
|move|p2a: Sylph|Thunder Wave|p1a: Poseidon
|-status|p1a: Poseidon|par
|
|-heal|p2a: Sylph|714\/714|[from] item: Leftovers
|-heal|p1a: Poseidon|390\/464 par|[from] item: Leftovers
|turn|20
|
|move|p2a: Sylph|Wish|p2a: Sylph
|cant|p1a: Poseidon|par
|
|-heal|p1a: Poseidon|419\/464 par|[from] item: Leftovers
|turn|21
|
|switch|p2a: Nina|Nidoqueen, F|384\/384
|cant|p1a: Poseidon|par
|
|-heal|p1a: Poseidon|448\/464 par|[from] item: Leftovers
|turn|22
|
|move|p2a: Nina|Sludge Wave|p1a: Poseidon
|-damage|p1a: Poseidon|287\/464 par
|cant|p1a: Poseidon|par
|
|-heal|p1a: Poseidon|316\/464 par|[from] item: Leftovers
|turn|23
|
|move|p2a: Nina|Sludge Wave|p1a: Poseidon
|-damage|p1a: Poseidon|144\/464 par
|cant|p1a: Poseidon|par
|
|-heal|p1a: Poseidon|173\/464 par|[from] item: Leftovers
|turn|24
|c|★Ultimategrid|sorry
|
|move|p2a: Nina|Sludge Wave|p1a: Poseidon
|-damage|p1a: Poseidon|0 fnt
|faint|p1a: Poseidon
|
|
|switch|p1a: COUNTS!!|Raikou|322\/322
|-ability|p1a: COUNTS!!|Pressure
|turn|25
|
|move|p1a: COUNTS!!|Extrasensory|p2a: Nina
|-supereffective|p2a: Nina
|-damage|p2a: Nina|100\/384
|move|p2a: Nina|Earth Power|p1a: COUNTS!!
|-supereffective|p1a: COUNTS!!
|-damage|p1a: COUNTS!!|0 fnt
|faint|p1a: COUNTS!!
|
|
|switch|p1a: Flare|Chandelure, M, shiny|261\/261
|turn|26
|
|switch|p2a: Sylph|Blissey, F|714\/714
|move|p1a: Flare|Flamethrower|p2a: Sylph
|-damage|p2a: Sylph|570\/714
|
|-heal|p2a: Sylph|614\/714|[from] item: Leftovers
|turn|27
|
|move|p1a: Flare|Flamethrower|p2a: Sylph
|-damage|p2a: Sylph|479\/714
|move|p2a: Sylph|Thunder Wave|p1a: Flare
|-status|p1a: Flare|par
|
|-heal|p2a: Sylph|523\/714|[from] item: Leftovers
|turn|28
|
|move|p2a: Sylph|Thunder Wave|p1a: Flare
|-fail|p1a: Flare|par
|move|p1a: Flare|Flamethrower|p2a: Sylph
|-damage|p2a: Sylph|384\/714
|
|-heal|p2a: Sylph|428\/714|[from] item: Leftovers
|turn|29
|
|move|p2a: Sylph|Thunder Wave|p1a: Flare
|-fail|p1a: Flare|par
|move|p1a: Flare|Flamethrower|p2a: Sylph
|-damage|p2a: Sylph|302\/714
|
|-heal|p2a: Sylph|346\/714|[from] item: Leftovers
|turn|30
|
|move|p2a: Sylph|Wish|p2a: Sylph
|move|p1a: Flare|Flamethrower|p2a: Sylph
|-damage|p2a: Sylph|220\/714
|-status|p2a: Sylph|brn
|
|-heal|p2a: Sylph|264\/714 brn|[from] item: Leftovers
|-damage|p2a: Sylph|175\/714 brn|[from] brn
|turn|31
|
|move|p2a: Sylph|Heal Bell|p2a: Sylph
|-cureteam|p2a: Sylph|[from] move: HealBell
|move|p1a: Flare|Flamethrower|p2a: Sylph
|-damage|p2a: Sylph|33\/714
|
|-heal|p2a: Sylph|390\/714|[from] move: Wish|[wisher] Sylph
|-heal|p2a: Sylph|434\/714|[from] item: Leftovers
|turn|32
|
|move|p2a: Sylph|Wish|p2a: Sylph
|move|p1a: Flare|Flamethrower|p2a: Sylph
|-damage|p2a: Sylph|305\/714
|
|-heal|p2a: Sylph|349\/714|[from] item: Leftovers
|turn|33
|
|move|p2a: Sylph|Thunder Wave|p1a: Flare
|-fail|p1a: Flare|par
|cant|p1a: Flare|par
|
|-heal|p2a: Sylph|706\/714|[from] move: Wish|[wisher] Sylph
|-heal|p2a: Sylph|714\/714|[from] item: Leftovers
|turn|34
|
|move|p2a: Sylph|Thunder Wave|p1a: Flare
|-fail|p1a: Flare|par
|move|p1a: Flare|Flamethrower|p2a: Sylph
|-damage|p2a: Sylph|576\/714
|
|-heal|p2a: Sylph|620\/714|[from] item: Leftovers
|turn|35
|
|move|p2a: Sylph|Thunder Wave|p1a: Flare
|-fail|p1a: Flare|par
|move|p1a: Flare|Flamethrower|p2a: Sylph
|-damage|p2a: Sylph|484\/714
|
|-heal|p2a: Sylph|528\/714|[from] item: Leftovers
|turn|36
|
|move|p2a: Sylph|Thunder Wave|p1a: Flare
|-fail|p1a: Flare|par
|move|p1a: Flare|Flamethrower|p2a: Sylph
|-damage|p2a: Sylph|399\/714
|
|-heal|p2a: Sylph|443\/714|[from] item: Leftovers
|turn|37
|
|move|p2a: Sylph|Wish|p2a: Sylph
|move|p1a: Flare|Flamethrower|p2a: Sylph
|-damage|p2a: Sylph|299\/714
|
|-heal|p2a: Sylph|343\/714|[from] item: Leftovers
|turn|38
|
|move|p2a: Sylph|Thunder Wave|p1a: Flare
|-fail|p1a: Flare|par
|move|p1a: Flare|Flamethrower|p2a: Sylph
|-damage|p2a: Sylph|202\/714
|
|-heal|p2a: Sylph|559\/714|[from] move: Wish|[wisher] Sylph
|-heal|p2a: Sylph|603\/714|[from] item: Leftovers
|turn|39
|
|move|p2a: Sylph|Thunder Wave|p1a: Flare
|-fail|p1a: Flare|par
|cant|p1a: Flare|par
|
|-heal|p2a: Sylph|647\/714|[from] item: Leftovers
|turn|40
|
|move|p2a: Sylph|Protect|p2a: Sylph
|-singleturn|p2a: Sylph|Protect
|move|p1a: Flare|Flamethrower|p2a: Sylph
|-activate|p2a: Sylph|Protect
|
|-heal|p2a: Sylph|691\/714|[from] item: Leftovers
|turn|41
|
|move|p2a: Sylph|Thunder Wave|p1a: Flare
|-fail|p1a: Flare|par
|move|p1a: Flare|Flamethrower|p2a: Sylph
|-damage|p2a: Sylph|564\/714
|
|-heal|p2a: Sylph|608\/714|[from] item: Leftovers
|turn|42
|
|move|p2a: Sylph|Protect|p2a: Sylph
|-singleturn|p2a: Sylph|Protect
|cant|p1a: Flare|par
|
|-heal|p2a: Sylph|652\/714|[from] item: Leftovers
|turn|43
|c|★Flare Boost Games|Is the protect really necessary ;P
|
|move|p2a: Sylph|Thunder Wave|p1a: Flare
|-fail|p1a: Flare|par
|move|p1a: Flare|Flamethrower|p2a: Sylph
|-damage|p2a: Sylph|514\/714
|
|-heal|p2a: Sylph|558\/714|[from] item: Leftovers
|turn|44
|c|★Ultimategrid|Wish+protect
|c|★Ultimategrid|Besides it saves me some HP in situations like this.
|
|move|p2a: Sylph|Protect|p2a: Sylph
|-singleturn|p2a: Sylph|Protect
|cant|p1a: Flare|par
|
|-heal|p2a: Sylph|602\/714|[from] item: Leftovers
|turn|45
|
|move|p2a: Sylph|Thunder Wave|p1a: Flare
|-fail|p1a: Flare|par
|move|p1a: Flare|Flamethrower|p2a: Sylph
|-damage|p2a: Sylph|461\/714
|
|-heal|p2a: Sylph|505\/714|[from] item: Leftovers
|turn|46
|
|move|p2a: Sylph|Thunder Wave|p1a: Flare
|-fail|p1a: Flare|par
|move|p1a: Flare|Flamethrower|p2a: Sylph
|-crit|p2a: Sylph
|-damage|p2a: Sylph|306\/714
|
|-heal|p2a: Sylph|350\/714|[from] item: Leftovers
|turn|47
|
|move|p2a: Sylph|Wish|p2a: Sylph
|move|p1a: Flare|Flamethrower|p2a: Sylph
|-damage|p2a: Sylph|217\/714
|
|-heal|p2a: Sylph|261\/714|[from] item: Leftovers
|turn|48
|
|move|p2a: Sylph|Thunder Wave|p1a: Flare
|-fail|p1a: Flare|par
|cant|p1a: Flare|par
|
|-heal|p2a: Sylph|618\/714|[from] move: Wish|[wisher] Sylph
|-heal|p2a: Sylph|662\/714|[from] item: Leftovers
|turn|49
|
|move|p2a: Sylph|Thunder Wave|p1a: Flare
|-fail|p1a: Flare|par
|move|p1a: Flare|Flamethrower|p2a: Sylph
|-damage|p2a: Sylph|523\/714
|
|-heal|p2a: Sylph|567\/714|[from] item: Leftovers
|turn|50
|
|move|p2a: Sylph|Thunder Wave|p1a: Flare
|-fail|p1a: Flare|par
|cant|p1a: Flare|par
|
|-heal|p2a: Sylph|611\/714|[from] item: Leftovers
|turn|51
|
|move|p2a: Sylph|Thunder Wave|p1a: Flare
|-fail|p1a: Flare|par
|cant|p1a: Flare|par
|
|-heal|p2a: Sylph|655\/714|[from] item: Leftovers
|turn|52
|
|move|p2a: Sylph|Heal Bell|p2a: Sylph
|-cureteam|p2a: Sylph|[from] move: HealBell
|move|p1a: Flare|Flamethrower|p2a: Sylph
|-damage|p2a: Sylph|513\/714
|-status|p2a: Sylph|brn
|
|-heal|p2a: Sylph|557\/714 brn|[from] item: Leftovers
|-damage|p2a: Sylph|468\/714 brn|[from] brn
|turn|53
|
|move|p2a: Sylph|Heal Bell|p2a: Sylph
|-cureteam|p2a: Sylph|[from] move: HealBell
|move|p1a: Flare|Flamethrower|p2a: Sylph
|-damage|p2a: Sylph|333\/714
|
|-heal|p2a: Sylph|377\/714|[from] item: Leftovers
|turn|54
|
|move|p2a: Sylph|Wish|p2a: Sylph
|move|p1a: Flare|Flamethrower|p2a: Sylph
|-damage|p2a: Sylph|253\/714
|
|-heal|p2a: Sylph|297\/714|[from] item: Leftovers
|turn|55
|
|move|p2a: Sylph|Thunder Wave|p1a: Flare
|-fail|p1a: Flare|par
|move|p1a: Flare|Flamethrower|p2a: Sylph
|-damage|p2a: Sylph|165\/714
|
|-heal|p2a: Sylph|522\/714|[from] move: Wish|[wisher] Sylph
|-heal|p2a: Sylph|566\/714|[from] item: Leftovers
|turn|56
|
|move|p2a: Sylph|Thunder Wave|p1a: Flare
|-fail|p1a: Flare|par
|cant|p1a: Flare|par
|
|-heal|p2a: Sylph|610\/714|[from] item: Leftovers
|turn|57
|c|★Ultimategrid|accept your fate
|
|move|p2a: Sylph|Thunder Wave|p1a: Flare
|-fail|p1a: Flare|par
|cant|p1a: Flare|par
|
|-heal|p2a: Sylph|654\/714|[from] item: Leftovers
|turn|58
|
|move|p2a: Sylph|Thunder Wave|p1a: Flare
|-fail|p1a: Flare|par
|move|p1a: Flare|Flamethrower|p2a: Sylph
|-damage|p2a: Sylph|525\/714
|
|-heal|p2a: Sylph|569\/714|[from] item: Leftovers
|turn|59
|c|★Ultimategrid|Look into the eyes of the blissey
|c|★Ultimategrid|Do you see the eyes of mercy?
|c|★Flare Boost Games|In case you havent noticed, I'm a stubborn son of a bitch.
|
|move|p2a: Sylph|Thunder Wave|p1a: Flare
|-fail|p1a: Flare|par
|cant|p1a: Flare|par
|
|-heal|p2a: Sylph|613\/714|[from] item: Leftovers
|turn|60
|
|move|p2a: Sylph|Thunder Wave|p1a: Flare
|-fail|p1a: Flare|par
|-activate|p1a: Flare|move: Struggle
|move|p1a: Flare|Struggle|p2a: Sylph
|-damage|p2a: Sylph|571\/714
|-damage|p1a: Flare|196\/261 par
|
|-heal|p2a: Sylph|615\/714|[from] item: Leftovers
|turn|61
|c|★Ultimategrid|If you don't struggle, you don't succeed.
|
|move|p2a: Sylph|Thunder Wave|p1a: Flare
|-fail|p1a: Flare|par
|cant|p1a: Flare|par
|
|-heal|p2a: Sylph|659\/714|[from] item: Leftovers
|turn|62
|
|move|p2a: Sylph|Heal Bell|p2a: Sylph
|-cureteam|p2a: Sylph|[from] move: HealBell
|-activate|p1a: Flare|move: Struggle
|move|p1a: Flare|Struggle|p2a: Sylph
|-damage|p2a: Sylph|619\/714
|-damage|p1a: Flare|131\/261 par
|
|-heal|p2a: Sylph|663\/714|[from] item: Leftovers
|turn|63
|
|move|p2a: Sylph|Heal Bell|p2a: Sylph
|-cureteam|p2a: Sylph|[from] move: HealBell
|-activate|p1a: Flare|move: Struggle
|move|p1a: Flare|Struggle|p2a: Sylph
|-damage|p2a: Sylph|626\/714
|-damage|p1a: Flare|66\/261 par
|
|-heal|p2a: Sylph|670\/714|[from] item: Leftovers
|turn|64
|
|move|p2a: Sylph|Heal Bell|p2a: Sylph
|-cureteam|p2a: Sylph|[from] move: HealBell
|-activate|p1a: Flare|move: Struggle
|move|p1a: Flare|Struggle|p2a: Sylph
|-damage|p2a: Sylph|629\/714
|-damage|p1a: Flare|1\/261 par
|
|-heal|p2a: Sylph|673\/714|[from] item: Leftovers
|turn|65
|
|move|p2a: Sylph|Thunder Wave|p1a: Flare
|-fail|p1a: Flare|par
|-activate|p1a: Flare|move: Struggle
|move|p1a: Flare|Struggle|p2a: Sylph
|-damage|p2a: Sylph|633\/714
|-damage|p1a: Flare|0 fnt
|faint|p1a: Flare
|
|-heal|p2a: Sylph|677\/714|[from] item: Leftovers
|
|switch|p1a: Google|Metagross, shiny|66\/326
|turn|66
|
|move|p1a: Google|Meteor Mash|p2a: Sylph
|-damage|p2a: Sylph|382\/714
|move|p2a: Sylph|Thunder Wave|p1a: Google
|-status|p1a: Google|par
|
|-heal|p2a: Sylph|426\/714|[from] item: Leftovers
|turn|67
|
|move|p2a: Sylph|Thunder Wave|p1a: Google
|-fail|p1a: Google|par
|cant|p1a: Google|par
|
|-heal|p2a: Sylph|470\/714|[from] item: Leftovers
|turn|68
|
|move|p2a: Sylph|Thunder Wave|p1a: Google
|-fail|p1a: Google|par
|move|p1a: Google|Meteor Mash|p2a: Sylph
|-damage|p2a: Sylph|191\/714
|
|-heal|p2a: Sylph|235\/714|[from] item: Leftovers
|turn|69
|c|★Flare Boost Games|No seismic toss?
|
|move|p2a: Sylph|Wish|p2a: Sylph
|cant|p1a: Google|par
|
|-heal|p2a: Sylph|279\/714|[from] item: Leftovers
|turn|70
|c|★Ultimategrid|Nope
|
|move|p2a: Sylph|Thunder Wave|p1a: Google
|-fail|p1a: Google|par
|move|p1a: Google|Meteor Mash|p2a: Sylph
|-damage|p2a: Sylph|0 fnt
|faint|p2a: Sylph
|
|
|switch|p2a: Saleos|Krookodile, M|30\/394
|-ability|p2a: Saleos|Intimidate|[of] p1a: Google
|-fail|p1a: Google|unboost|[from] ability: Clear Body|[of] p1a: Google
|turn|71
|
|move|p1a: Google|Bullet Punch|p2a: Saleos
|-damage|p2a: Saleos|0 fnt
|faint|p2a: Saleos
|
|
|switch|p2a: Nina|Nidoqueen, F|100\/384
|turn|72
|
|move|p1a: Google|Bullet Punch|p2a: Nina
|-damage|p2a: Nina|16\/384
|move|p2a: Nina|Earth Power|p1a: Google
|-supereffective|p1a: Google
|-damage|p1a: Google|0 fnt
|faint|p1a: Google
|
|win|Ultimategrid
|raw|Ladder updating...
|c|★Flare Boost Games|so close
|c|★Ultimategrid|wow
|c|★Flare Boost Games|gg
|raw|Flare Boost Games's rating: 1436 &rarr; <strong>1414<\/strong><br \/>(-22 for losing)
|raw|Ultimategrid's rating: 1398 &rarr; <strong>1421<\/strong><br \/>(+23 for winning)
|c|★Ultimategrid|gg
|c|★Ultimategrid|I ran calcs
|c|★Ultimategrid|There's no way you could've kod queen\unless you were banded
|c|★Flare Boost Games|Adamant 100 attack EVs so yeah