|join|Nub Central
|join|toiletpkay
|player|p1|Nub Central|161
|player|p2|toiletpkay|293
|gametype|singles
|gen|6
|tier|OU
|rated
|clearpoke
|poke|p1|Diggersby, M, shiny
|poke|p1|Magnezone, shiny
|poke|p1|Gardevoir, F
|poke|p1|Terrakion, shiny
|poke|p1|Azumarill, M
|poke|p1|Mandibuzz, F, shiny
|poke|p2|Azumarill, M
|poke|p2|Victini
|poke|p2|Manectric, M
|poke|p2|Scizor, F
|poke|p2|Landorus-Therian, M
|poke|p2|Ferrothorn, M
|rule|Swagger Clause: Swagger is banned
|rule|Baton Pass Clause: Limit one Pokémon knowing Baton Pass
|rule|Sleep Clause Mod: Limit one foe put to sleep
|rule|Species Clause: Limit one of each Pokémon
|rule|OHKO Clause: OHKO moves are banned
|rule|Moody Clause: Moody is banned
|rule|Evasion Moves Clause: Evasion moves are banned
|rule|Endless Battle Clause: Forcing endless battles is banned
|rule|HP Percentage Mod: HP is reported as percentages
|teampreview
|
|start
|switch|p1a: Red Bull|Terrakion, shiny|323\/323
|switch|p2a: Landorus-Therian|Landorus-Therian, M|350\/350
|-ability|p2a: Landorus-Therian|Intimidate|[of] p1a: Red Bull
|-unboost|p1a: Red Bull|atk|1
|turn|1
|
|move|p1a: Red Bull|Stealth Rock|p2a: Landorus-Therian
|-sidestart|p2: toiletpkay|move: Stealth Rock
|move|p2a: Landorus-Therian|Earthquake|p1a: Red Bull
|-supereffective|p1a: Red Bull
|-enditem|p1a: Red Bull|Focus Sash
|-damage|p1a: Red Bull|1\/323
|
|turn|2
|join|nashville
|
|move|p1a: Red Bull|Swords Dance|p1a: Red Bull
|-boost|p1a: Red Bull|atk|2
|move|p2a: Landorus-Therian|Smack Down|p1a: Red Bull
|-resisted|p1a: Red Bull
|-damage|p1a: Red Bull|0 fnt
|faint|p1a: Red Bull
|
|
|switch|p1a: Cosmo Queen|Gardevoir, F|277\/277
|-ability|p1a: Cosmo Queen|Intimidate|[from] ability: Trace|[of] p2a: Landorus-Therian
|-ability|p1a: Cosmo Queen|Intimidate|[of] p2a: Landorus-Therian
|-unboost|p2a: Landorus-Therian|atk|1
|turn|3
|
|switch|p2a: Ferrothorn|Ferrothorn, M|352\/352
|-damage|p2a: Ferrothorn|330\/352|[from] Stealth Rock
|detailschange|p1a: Cosmo Queen|Gardevoir-Mega, F
|message|Gardevoir has Mega Evolved into Mega Gardevoir!
|move|p1a: Cosmo Queen|Hyper Voice|p2a: Ferrothorn
|-resisted|p2a: Ferrothorn
|-damage|p2a: Ferrothorn|223\/352
|
|turn|4
|
|move|p1a: Cosmo Queen|Focus Blast|p2a: Ferrothorn
|-supereffective|p2a: Ferrothorn
|-damage|p2a: Ferrothorn|0 fnt
|faint|p2a: Ferrothorn
|
|
|switch|p2a: Scizor|Scizor, F|281\/281
|-damage|p2a: Scizor|246\/281|[from] Stealth Rock
|turn|5
|
|move|p1a: Cosmo Queen|Will-O-Wisp|p2a: Scizor
|-status|p2a: Scizor|brn
|move|p2a: Scizor|Pursuit|p1a: Cosmo Queen
|-damage|p1a: Cosmo Queen|222\/277
|
|-damage|p2a: Scizor|211\/281 brn|[from] brn
|turn|6
|
|switch|p1a: Magneto|Magnezone, shiny|281\/281
|move|p2a: Scizor|U-turn|p1a: Magneto
|-resisted|p1a: Magneto
|-damage|p1a: Magneto|253\/281
|
|switch|p2a: Victini|Victini|341\/341
|-damage|p2a: Victini|256\/341|[from] Stealth Rock
|
|turn|7
|
|move|p1a: Magneto|Thunderbolt|p2a: Victini
|-damage|p2a: Victini|106\/341
|move|p2a: Victini|Blue Flare|p1a: Magneto
|-supereffective|p1a: Magneto
|-damage|p1a: Magneto|0 fnt
|faint|p1a: Magneto
|
|
|switch|p1a: Water Bomb|Azumarill, M|345\/345
|turn|8
|
|move|p1a: Water Bomb|Aqua Jet|p2a: Victini
|-supereffective|p2a: Victini
|-damage|p2a: Victini|0 fnt
|faint|p2a: Victini
|
|
|switch|p2a: Manectric|Manectric, M|281\/281
|-damage|p2a: Manectric|246\/281|[from] Stealth Rock
|turn|9
|
|detailschange|p2a: Manectric|Manectric-Mega, M
|message|Manectric has Mega Evolved into Mega Manectric!
|-ability|p2a: Manectric|Intimidate|[of] p1a: Water Bomb
|-unboost|p1a: Water Bomb|atk|1
|move|p2a: Manectric|Hidden Power|p1a: Water Bomb
|-resisted|p1a: Water Bomb
|-damage|p1a: Water Bomb|321\/345
|move|p1a: Water Bomb|Play Rough|p2a: Manectric
|-damage|p2a: Manectric|84\/281
|
|turn|10
|
|switch|p1a: Bugs|Diggersby, M, shiny|311\/311
|move|p2a: Manectric|Thunderbolt|p1a: Bugs
|-immune|p1a: Bugs|[msg]
|
|turn|11
|
|switch|p2a: Scizor|Scizor, F|211\/281 brn
|-damage|p2a: Scizor|176\/281 brn|[from] Stealth Rock
|move|p1a: Bugs|Quick Attack|p2a: Scizor
|-resisted|p2a: Scizor
|-damage|p2a: Scizor|112\/281 brn
|
|-damage|p2a: Scizor|77\/281 brn|[from] brn
|turn|12
|
|switch|p1a: Vulture Aid|Mandibuzz, F, shiny|423\/423
|switch|p2a: Landorus-Therian|Landorus-Therian, M|350\/350
|-damage|p2a: Landorus-Therian|307\/350|[from] Stealth Rock
|-ability|p2a: Landorus-Therian|Intimidate|[of] p1a: Vulture Aid
|-unboost|p1a: Vulture Aid|atk|1
|
|-heal|p2a: Landorus-Therian|328\/350|[from] item: Leftovers
|turn|13
|
|move|p2a: Landorus-Therian|Knock Off|p1a: Vulture Aid
|-resisted|p1a: Vulture Aid
|-damage|p1a: Vulture Aid|369\/423
|-damage|p2a: Landorus-Therian|270\/350|[from] item: Rocky Helmet|[of] p1a: Vulture Aid
|-enditem|p1a: Vulture Aid|Rocky Helmet|[from] move: Knock Off|[of] p2a: Landorus-Therian
|move|p1a: Vulture Aid|Foul Play|p2a: Landorus-Therian
|-damage|p2a: Landorus-Therian|42\/350
|
|-heal|p2a: Landorus-Therian|63\/350|[from] item: Leftovers
|turn|14
|
|move|p2a: Landorus-Therian|U-turn|p1a: Vulture Aid
|-damage|p1a: Vulture Aid|291\/423
|
|switch|p2a: Manectric|Manectric-Mega, M|84\/281
|-damage|p2a: Manectric|49\/281|[from] Stealth Rock
|-ability|p2a: Manectric|Intimidate|[of] p1a: Vulture Aid
|-unboost|p1a: Vulture Aid|atk|1
|move|p1a: Vulture Aid|Foul Play|p2a: Manectric
|-damage|p2a: Manectric|0 fnt
|faint|p2a: Manectric
|
|
|switch|p2a: Azumarill|Azumarill, M|342\/342
|-damage|p2a: Azumarill|300\/342|[from] Stealth Rock
|turn|15
|
|move|p1a: Vulture Aid|Taunt|p2a: Azumarill
|-start|p2a: Azumarill|move: Taunt
|cant|p2a: Azumarill|move: Taunt|Belly Drum
|
|turn|16
|
|move|p1a: Vulture Aid|Foul Play|p2a: Azumarill
|-resisted|p2a: Azumarill
|-damage|p2a: Azumarill|241\/342
|move|p2a: Azumarill|Play Rough|p1a: Vulture Aid
|-supereffective|p1a: Vulture Aid
|-damage|p1a: Vulture Aid|31\/423
|
|turn|17
|
|move|p2a: Azumarill|Aqua Jet|p1a: Vulture Aid
|-damage|p1a: Vulture Aid|0 fnt
|faint|p1a: Vulture Aid
|
|-end|p2a: Azumarill|move: Taunt
|
|switch|p1a: Cosmo Queen|Gardevoir-Mega, F|222\/277
|turn|18
|
|switch|p2a: Landorus-Therian|Landorus-Therian, M|63\/350
|-damage|p2a: Landorus-Therian|20\/350|[from] Stealth Rock
|-ability|p2a: Landorus-Therian|Intimidate|[of] p1a: Cosmo Queen
|-unboost|p1a: Cosmo Queen|atk|1
|move|p1a: Cosmo Queen|Hyper Voice|p2a: Landorus-Therian
|-damage|p2a: Landorus-Therian|0 fnt
|faint|p2a: Landorus-Therian
|
|-message|toiletpkay forfeited.
|
|win|Nub Central
|raw|Ladder updating...
|leave|toiletpkay
|player|p2
|raw|Nub Central's rating: 1925 &rarr; <strong>1942<\/strong><br \/>(+17 for winning)
|raw|toiletpkay's rating: 1879 &rarr; <strong>1861<\/strong><br \/>(-18 for losing)