|join|Nub Central
|join|Ladder = Retarded
|player|p1|Nub Central|161
|player|p2|Ladder = Retarded|34
|gametype|singles
|gen|6
|tier|OU
|rated
|clearpoke
|poke|p1|Pinsir, M, shiny
|poke|p1|Raikou, shiny
|poke|p1|Slowbro, M, shiny
|poke|p1|Sylveon, F
|poke|p1|Bisharp, M, shiny
|poke|p1|Latios, M
|poke|p2|Clefable, F
|poke|p2|Tyranitar, M
|poke|p2|Excadrill, M
|poke|p2|Thundurus, M
|poke|p2|Keldeo
|poke|p2|Dragonite, M
|rule|Swagger Clause: Swagger is banned
|rule|Baton Pass Clause: Limit one Pokémon knowing Baton Pass
|rule|Sleep Clause Mod: Limit one foe put to sleep
|rule|Species Clause: Limit one of each Pokémon
|rule|OHKO Clause: OHKO moves are banned
|rule|Moody Clause: Moody is banned
|rule|Evasion Moves Clause: Evasion moves are banned
|rule|Endless Battle Clause: Forcing endless battles is banned
|rule|HP Percentage Mod: HP is reported as percentages
|teampreview
|join|hhehehehe
|
|start
|switch|p1a: Short Bus|Slowbro, M, shiny|394\/394
|switch|p2a: Clefable|Clefable, F|394\/394
|turn|1
|
|move|p2a: Clefable|Stealth Rock|p1a: Short Bus
|-sidestart|p1: Nub Central|move: Stealth Rock
|move|p1a: Short Bus|Scald|p2a: Clefable
|-damage|p2a: Clefable|312\/394
|-status|p2a: Clefable|brn
|
|-heal|p2a: Clefable|336\/394 brn|[from] item: Leftovers
|turn|2
|
|switch|p1a: Checkmate|Bisharp, M, shiny|271\/271
|-damage|p1a: Checkmate|255\/271|[from] Stealth Rock
|move|p2a: Clefable|Moonblast|p1a: Checkmate
|-damage|p1a: Checkmate|119\/271
|
|-heal|p2a: Clefable|360\/394 brn|[from] item: Leftovers
|turn|3
|
|switch|p2a: Keldeo|Keldeo|324\/324
|move|p1a: Checkmate|Knock Off|p2a: Keldeo
|-resisted|p2a: Keldeo
|-damage|p2a: Keldeo|184\/324
|-boost|p2a: Keldeo|atk|1|[from] ability: Justified
|-enditem|p2a: Keldeo|Choice Specs|[from] move: Knock Off|[of] p1a: Checkmate
|-damage|p1a: Checkmate|92\/271|[from] item: Life Orb
|
|turn|4
|
|switch|p1a: Ribbons|Sylveon, F|394\/394
|-damage|p1a: Ribbons|345\/394|[from] Stealth Rock
|move|p2a: Keldeo|Scald|p1a: Ribbons
|-damage|p1a: Ribbons|254\/394
|-status|p1a: Ribbons|brn
|
|-heal|p1a: Ribbons|278\/394 brn|[from] item: Leftovers
|-damage|p1a: Ribbons|229\/394 brn|[from] brn
|turn|5
|
|switch|p2a: Excadrill|Excadrill, M|362\/362
|move|p1a: Ribbons|Heal Bell|p1a: Ribbons
|-cureteam|p1a: Ribbons|[from] move: HealBell
|
|-heal|p1a: Ribbons|253\/394|[from] item: Leftovers
|turn|6
|
|switch|p2a: Tyranitar|Tyranitar, M|341\/341
|-weather|Sandstorm
|move|p1a: Ribbons|Protect|p1a: Ribbons
|-fail|p1a: Ribbons
|
|-weather|Sandstorm|[upkeep]
|-damage|p1a: Ribbons|229\/394|[from] sandstorm
|-heal|p1a: Ribbons|253\/394|[from] item: Leftovers
|turn|7
|
|switch|p2a: Excadrill|Excadrill, M|362\/362
|move|p1a: Ribbons|Wish|p1a: Ribbons
|
|-weather|Sandstorm|[upkeep]
|-damage|p1a: Ribbons|229\/394|[from] sandstorm
|-heal|p1a: Ribbons|253\/394|[from] item: Leftovers
|turn|8
|
|move|p1a: Ribbons|Protect|p1a: Ribbons
|-singleturn|p1a: Ribbons|Protect
|move|p2a: Excadrill|Earthquake|p1a: Ribbons
|-activate|p1a: Ribbons|Protect
|
|-weather|Sandstorm|[upkeep]
|-damage|p1a: Ribbons|229\/394|[from] sandstorm
|-heal|p1a: Ribbons|394\/394|[from] move: Wish|[wisher] Ribbons
|turn|9
|
|switch|p2a: Tyranitar|Tyranitar, M|341\/341
|switch|p1a: Short Bus|Slowbro, M, shiny|394\/394
|-damage|p1a: Short Bus|345\/394|[from] Stealth Rock
|
|-weather|Sandstorm|[upkeep]
|-damage|p1a: Short Bus|321\/394|[from] sandstorm
|-heal|p1a: Short Bus|345\/394|[from] item: Leftovers
|turn|10
|
|detailschange|p2a: Tyranitar|Tyranitar-Mega, M
|message|Tyranitar has Mega Evolved into Mega Tyranitar!
|move|p2a: Tyranitar|Dragon Dance|p2a: Tyranitar
|-boost|p2a: Tyranitar|atk|1
|-boost|p2a: Tyranitar|spe|1
|move|p1a: Short Bus|Scald|p2a: Tyranitar
|-supereffective|p2a: Tyranitar
|-damage|p2a: Tyranitar|239\/341
|-status|p2a: Tyranitar|brn
|
|-weather|none
|-heal|p1a: Short Bus|369\/394|[from] item: Leftovers
|-damage|p2a: Tyranitar|197\/341 brn|[from] brn
|turn|11
|chat|Ladder = Retarded|of course
|chat|Ladder = Retarded|fuck this shit
|
|switch|p2a: Thundurus|Thundurus, M|299\/299
|move|p1a: Short Bus|Scald|p2a: Thundurus
|-damage|p2a: Thundurus|191\/299
|
|-heal|p1a: Short Bus|393\/394|[from] item: Leftovers
|turn|12
|chat|Nub Central|do u even have crunch..
|chat|Nub Central|bet u dont
|chat|Ladder = Retarded|yeah
|chat|Ladder = Retarded|ok lol
|
|switch|p1a: Ribbons|Sylveon, F|394\/394
|-damage|p1a: Ribbons|345\/394|[from] Stealth Rock
|move|p2a: Thundurus|Knock Off|p1a: Ribbons
|-resisted|p1a: Ribbons
|-damage|p1a: Ribbons|257\/394
|-enditem|p1a: Ribbons|Leftovers|[from] move: Knock Off|[of] p2a: Thundurus
|-damage|p2a: Thundurus|162\/299|[from] item: Life Orb
|
|turn|13
|chat|Ladder = Retarded|if uwant
|
|move|p2a: Thundurus|Wild Charge|p1a: Ribbons
|-damage|p1a: Ribbons|18\/394
|-damage|p2a: Thundurus|102\/299|[from] recoil|[of] p1a: Ribbons
|-damage|p2a: Thundurus|73\/299|[from] item: Life Orb
|move|p1a: Ribbons|Wish|p1a: Ribbons
|
|turn|14
|
|move|p1a: Ribbons|Protect|p1a: Ribbons
|-singleturn|p1a: Ribbons|Protect
|move|p2a: Thundurus|Knock Off|p1a: Ribbons
|-activate|p1a: Ribbons|Protect
|
|-heal|p1a: Ribbons|215\/394|[from] move: Wish|[wisher] Ribbons
|turn|15
|
|switch|p1a: Thundah Catz|Raikou, shiny|329\/329
|-damage|p1a: Thundah Catz|288\/329|[from] Stealth Rock
|-ability|p1a: Thundah Catz|Pressure
|move|p2a: Thundurus|Wild Charge|p1a: Thundah Catz
|-resisted|p1a: Thundah Catz
|-damage|p1a: Thundah Catz|174\/329
|-damage|p2a: Thundurus|44\/299|[from] recoil|[of] p1a: Thundah Catz
|-damage|p2a: Thundurus|15\/299|[from] item: Life Orb
|
|turn|16
|
|switch|p2a: Tyranitar|Tyranitar-Mega, M|197\/341 brn
|-weather|Sandstorm
|move|p1a: Thundah Catz|Hidden Power|p2a: Tyranitar
|-damage|p2a: Tyranitar|159\/341 brn
|
|-weather|Sandstorm|[upkeep]
|-damage|p1a: Thundah Catz|154\/329|[from] sandstorm
|-damage|p2a: Tyranitar|117\/341 brn|[from] brn
|turn|17
|
|switch|p2a: Excadrill|Excadrill, M|362\/362
|move|p1a: Thundah Catz|Volt Switch|p2a: Excadrill
|-immune|p2a: Excadrill|[msg]
|
|-weather|Sandstorm|[upkeep]
|-damage|p1a: Thundah Catz|134\/329|[from] sandstorm
|turn|18
|
|switch|p1a: Short Bus|Slowbro, M, shiny|394\/394
|-damage|p1a: Short Bus|345\/394|[from] Stealth Rock
|move|p2a: Excadrill|Earthquake|p1a: Short Bus
|-damage|p1a: Short Bus|154\/394
|-damage|p2a: Excadrill|326\/362|[from] item: Life Orb
|
|-weather|Sandstorm|[upkeep]
|-damage|p1a: Short Bus|130\/394|[from] sandstorm
|-heal|p1a: Short Bus|154\/394|[from] item: Leftovers
|turn|19
|
|switch|p1a: Jet Blue|Latios, M|301\/301
|-damage|p1a: Jet Blue|264\/301|[from] Stealth Rock
|move|p2a: Excadrill|Earthquake|p1a: Jet Blue
|-immune|p1a: Jet Blue|[msg]
|
|-weather|Sandstorm|[upkeep]
|-damage|p1a: Jet Blue|246\/301|[from] sandstorm
|turn|20
|
|switch|p1a: Short Bus|Slowbro, M, shiny|285\/394
|-damage|p1a: Short Bus|236\/394|[from] Stealth Rock
|move|p2a: Excadrill|Iron Head|p1a: Short Bus
|-resisted|p1a: Short Bus
|-damage|p1a: Short Bus|162\/394
|-damage|p2a: Excadrill|290\/362|[from] item: Life Orb
|
|-weather|none
|-heal|p1a: Short Bus|186\/394|[from] item: Leftovers
|turn|21
|
|move|p2a: Excadrill|Earthquake|p1a: Short Bus
|-damage|p1a: Short Bus|9\/394
|-damage|p2a: Excadrill|254\/362|[from] item: Life Orb
|move|p1a: Short Bus|Slack Off|p1a: Short Bus
|-heal|p1a: Short Bus|206\/394
|
|-heal|p1a: Short Bus|230\/394|[from] item: Leftovers
|turn|22
|
|switch|p2a: Tyranitar|Tyranitar-Mega, M|117\/341 brn
|-weather|Sandstorm
|move|p1a: Short Bus|Slack Off|p1a: Short Bus
|-heal|p1a: Short Bus|394\/394
|
|-weather|Sandstorm|[upkeep]
|-damage|p1a: Short Bus|370\/394|[from] sandstorm
|-heal|p1a: Short Bus|394\/394|[from] item: Leftovers
|-damage|p2a: Tyranitar|75\/341 brn|[from] brn
|turn|23
|chat|Ladder = Retarded|yeah nice roll after 2 burn
|chat|Nub Central|shhh
|chat|Nub Central|shut up ur not high on ladder
|chat|Nub Central|thats why ur mad
|chat|Ladder = Retarded|lol
|chat|Ladder = Retarded|lol
|chat|Ladder = Retarded|lol
|chat|Nub Central|unlike me
|chat|Nub Central|top 10
|chat|Nub Central|ahah
|
|move|p2a: Tyranitar|Crunch|p1a: Short Bus
|-crit|p1a: Short Bus
|-supereffective|p1a: Short Bus
|-damage|p1a: Short Bus|212\/394
|move|p1a: Short Bus|Scald|p2a: Tyranitar
|-supereffective|p2a: Tyranitar
|-damage|p2a: Tyranitar|0 fnt
|faint|p2a: Tyranitar
|
|-weather|Sandstorm|[upkeep]
|-damage|p1a: Short Bus|188\/394|[from] sandstorm
|-heal|p1a: Short Bus|212\/394|[from] item: Leftovers
|chat|Ladder = Retarded|top 10 w this luck not hard but ur shit
|chat|Nub Central|ur not even supposed to run crunch on dd set
|chat|Nub Central|this is better
|chat|Nub Central|stone ice eq dd
|
|switch|p2a: Dragonite|Dragonite, M|323\/323
|turn|24
|chat|Nub Central|best coverage
|chat|Ladder = Retarded|lmao
|chat|Nub Central|pls change
|chat|Ladder = Retarded|ur dumb
|chat|Nub Central|u get better coverage with that
|chat|Nub Central|if u dont have stone, fairies wall you
|chat|Ladder = Retarded|lmao lmao lmao
|chat|Nub Central|if u dont have ice, garchomp gliscor lando t all wall you
|chat|Ladder = Retarded|shut up, play trash.
|chat|Nub Central|eq deals with all the steels
|chat|Nub Central|but ur too stupid too realize arent you
|chat|Nub Central|you thought "stab" meant good
|chat|Nub Central|get educated scrub
|
|switch|p1a: Thundah Catz|Raikou, shiny|134\/329
|-damage|p1a: Thundah Catz|93\/329|[from] Stealth Rock
|-ability|p1a: Thundah Catz|Pressure
|move|p2a: Dragonite|Dragon Dance|p2a: Dragonite
|-boost|p2a: Dragonite|atk|1
|-boost|p2a: Dragonite|spe|1
|
|-weather|Sandstorm|[upkeep]
|-damage|p2a: Dragonite|303\/323|[from] sandstorm
|-damage|p1a: Thundah Catz|73\/329|[from] sandstorm
|turn|25
|chat|Ladder = Retarded|lmao you suck shut up
|
|move|p2a: Dragonite|Extreme Speed|p1a: Thundah Catz
|-damage|p1a: Thundah Catz|0 fnt
|faint|p1a: Thundah Catz
|
|-weather|Sandstorm|[upkeep]
|-damage|p2a: Dragonite|283\/323|[from] sandstorm
|
|switch|p1a: Short Bus|Slowbro, M, shiny|343\/394
|-damage|p1a: Short Bus|294\/394|[from] Stealth Rock
|turn|26
|
|move|p2a: Dragonite|Outrage|p1a: Short Bus
|-damage|p1a: Short Bus|69\/394
|move|p1a: Short Bus|Ice Beam|p2a: Dragonite
|-supereffective|p2a: Dragonite
|-damage|p2a: Dragonite|0 fnt
|faint|p2a: Dragonite
|
|-weather|none
|-heal|p1a: Short Bus|93\/394|[from] item: Leftovers
|chat|Nub Central|good sweep imo
|chat|Ladder = Retarded|yeah ttar was going to sweep
|chat|Ladder = Retarded|without this burn
|chat|Nub Central|30%
|chat|Nub Central|figure it out moron
|chat|Ladder = Retarded|30% to lose to random
|chat|Nub Central|im random..
|
|switch|p2a: Keldeo|Keldeo|184\/324
|turn|27
|chat|Nub Central|yet highly known
|chat|Ladder = Retarded|LMAO
|
|switch|p1a: Jet Blue|Latios, M|246\/301
|-damage|p1a: Jet Blue|209\/301|[from] Stealth Rock
|move|p2a: Keldeo|Hydro Pump|p1a: Jet Blue|[miss]
|-miss|p2a: Keldeo|p1a: Jet Blue
|
|turn|28
|
|switch|p2a: Clefable|Clefable, F|360\/394 brn
|move|p1a: Jet Blue|Psyshock|p2a: Clefable
|-damage|p2a: Clefable|160\/394 brn
|-damage|p1a: Jet Blue|179\/301|[from] item: Life Orb
|
|-heal|p2a: Clefable|184\/394 brn|[from] item: Leftovers
|turn|29
|chat|Ladder = Retarded|nice fucking miss
|chat|Nub Central|sack thundy retard
|chat|Nub Central|has 4%
|chat|Nub Central|why u saving it
|chat|Nub Central|#dumb
|
|move|p1a: Jet Blue|Psyshock|p2a: Clefable
|-damage|p2a: Clefable|0 fnt
|-damage|p1a: Jet Blue|149\/301|[from] item: Life Orb
|faint|p2a: Clefable
|
|
|switch|p2a: Thundurus|Thundurus, M|15\/299
|turn|30
|
|switch|p1a: Checkmate|Bisharp, M, shiny|92\/271
|-damage|p1a: Checkmate|76\/271|[from] Stealth Rock
|move|p2a: Thundurus|Knock Off|p1a: Checkmate
|-resisted|p1a: Checkmate
|-damage|p1a: Checkmate|11\/271
|-enditem|p1a: Checkmate|Life Orb|[from] move: Knock Off|[of] p2a: Thundurus
|-damage|p2a: Thundurus|0 fnt|[from] item: Life Orb
|faint|p2a: Thundurus
|
|
|switch|p2a: Keldeo|Keldeo|184\/324
|turn|31
|chat|Nub Central|oh so worth it
|
|move|p1a: Checkmate|Sucker Punch|p2a: Keldeo
|-resisted|p2a: Keldeo
|-damage|p2a: Keldeo|97\/324
|-boost|p2a: Keldeo|atk|1|[from] ability: Justified
|move|p2a: Keldeo|Scald|p1a: Checkmate
|-damage|p1a: Checkmate|0 fnt
|faint|p1a: Checkmate
|
|
|switch|p1a: Mayhem|Pinsir, M, shiny|271\/271
|-damage|p1a: Mayhem|204\/271|[from] Stealth Rock
|turn|32
|chat|Ladder = Retarded|yeah u won because u are lucky poopyhead
|chat|Ladder = Retarded|nothing else
|
|detailschange|p1a: Mayhem|Pinsir-Mega, M, shiny
|message|Pinsir has Mega Evolved into Mega Pinsir!
|move|p1a: Mayhem|Quick Attack|p2a: Keldeo
|-supereffective|p2a: Keldeo
|-damage|p2a: Keldeo|0 fnt
|faint|p2a: Keldeo
|
|chat|Nub Central|get rekt
|chat|Nub Central|ur bad
|chat|Nub Central|gg
|chat|Ladder = Retarded|LMAO
|chat|Nub Central|4-0
|chat|Ladder = Retarded|it's was 6-0
|chat|Ladder = Retarded|without burn
|chat|Ladder = Retarded|rando
|chat|Ladder = Retarded|m
|-message|Ladder = Retarded forfeited.
|leave|Ladder = Retarded
|
|win|Nub Central
|raw|Ladder updating...
|chat|Nub Central|whys ur avatar a chick
|player|p2
|chat|Nub Central|gaaaaiiiiii
|raw|Nub Central's rating: 1749 &rarr; <strong>1776<\/strong><br \/>(+27 for winning)
|raw|Ladder = Retarded's rating: 1868 &rarr; <strong>1842<\/strong><br \/>(-26 for losing)
|leave|Nub Central
|player|p1
|leave|hhehehehe
|raw|<div class="broadcast-red"><b>The server is restarting soon.<\/b><br \/>Please finish your battles quickly. No new battles can be started until the server resets in a few minutes.<\/div>
|raw|<div class="broadcast-red"><b>The server is restarting soon.<\/b><br \/>Please finish your battles quickly. No new battles can be started until the server resets in a few minutes.<\/div>
|join|Ladder = Retarded
|join|rdgfvbhjn
|join|Is-Keldeo