|J|Zamrock
|J|PDCYoutube2
|player|p1|Zamrock|293
|player|p2|PDCYoutube2|2
|gametype|singles
|gen|4
|tier|[Gen 4] OU
|rule|Sleep Clause Mod: Limit one foe put to sleep
|rule|Species Clause: Limit one of each Pokémon
|rule|OHKO Clause: OHKO moves are banned
|rule|Moody Clause: Moody is banned
|rule|Evasion Moves Clause: Evasion moves are banned
|rule|Endless Battle Clause: Forcing endless battles is banned
|rule|HP Percentage Mod: HP is shown in percentages
|
|start
|switch|p1a: Gliscor|Gliscor, F|354\/354
|switch|p2a: Machamp|Machamp, M|327\/327
|turn|1
|c|★PDCYoutube2|bout 2 use some fresh shit
|
|move|p1a: Gliscor|U-turn|p2a: Machamp
|-resisted|p2a: Machamp
|-damage|p2a: Machamp|296\/327
|J|Arthyerz
|J|Steve Angello
|c|★Zamrock|oboy
|
|switch|p1a: Rotom-Heat|Rotom-Heat|251\/251
|move|p2a: Machamp|Dynamic Punch|p1a: Rotom-Heat
|-immune|p1a: Rotom-Heat|[msg]
|
|turn|2
|J|Aurious
|J|silverbackkap
|c|★Zamrock|u lum?
|
|move|p1a: Rotom-Heat|Will-O-Wisp|p2a: Machamp
|-status|p2a: Machamp|brn
|move|p2a: Machamp|Payback|p1a: Rotom-Heat
|-supereffective|p1a: Rotom-Heat
|-damage|p1a: Rotom-Heat|137\/251
|
|-heal|p1a: Rotom-Heat|152\/251|[from] item: Leftovers
|-damage|p2a: Machamp|256\/327 brn|[from] brn
|turn|3
|J|Moony
|J|revamtem
|c|★PDCYoutube2|no
|L|Arthyerz
|
|move|p1a: Rotom-Heat|Substitute|p1a: Rotom-Heat
|-start|p1a: Rotom-Heat|Substitute
|-damage|p1a: Rotom-Heat|90\/251
|move|p2a: Machamp|Ice Punch|p1a: Rotom-Heat
|-activate|p1a: Rotom-Heat|Substitute|[damage]
|
|-heal|p1a: Rotom-Heat|105\/251|[from] item: Leftovers
|-damage|p2a: Machamp|216\/327 brn|[from] brn
|turn|4
|J|Korby
|
|move|p1a: Rotom-Heat|Pain Split|p2a: Machamp
|-sethp|p2a: Machamp|160\/327 brn|p1a: Rotom-Heat|160\/251|[from] move: Pain Split
|move|p2a: Machamp|Payback|p1a: Rotom-Heat
|-supereffective|p1a: Rotom-Heat
|-end|p1a: Rotom-Heat|Substitute
|
|-heal|p1a: Rotom-Heat|175\/251|[from] item: Leftovers
|-damage|p2a: Machamp|120\/327 brn|[from] brn
|turn|5
|c|★PDCYoutube2|draats
|
|move|p1a: Rotom-Heat|Thunderbolt|p2a: Machamp
|-damage|p2a: Machamp|0 fnt
|faint|p2a: Machamp
|
|-heal|p1a: Rotom-Heat|190\/251|[from] item: Leftovers
|
|switch|p2a: Heatran|Heatran, M|341\/341
|turn|6
|
|switch|p1a: Starmie|Starmie|261\/261
|move|p2a: Heatran|Fire Blast|p1a: Starmie
|-resisted|p1a: Starmie
|-damage|p1a: Starmie|147\/261
|-status|p1a: Starmie|brn
|
|-heal|p1a: Starmie|163\/261 brn|[from] item: Leftovers
|-damage|p1a: Starmie|131\/261 brn|[from] brn
|turn|7
|c|+Steve Angello|we dem boooi
|c|★Zamrock|there it is
|c|★PDCYoutube2|fblas again u won't kill me
|c|★PDCYoutube2|no balls
|
|switch|p1a: Tyranitar|Tyranitar, M|341\/341
|-weather|Sandstorm|[from] ability: Sand Stream|[of] p1a: Tyranitar
|move|p2a: Heatran|Hidden Power|p1a: Tyranitar
|-supereffective|p1a: Tyranitar
|-damage|p1a: Tyranitar|229\/341
|
|-weather|Sandstorm|[upkeep]
|turn|8
|c|★Zamrock|damage?
|c|★PDCYoutube2|32%
|c|★PDCYoutube2|thats a nice 1
|
|switch|p2a: Bronzong|Bronzong|337\/337
|move|p1a: Tyranitar|Superpower|p2a: Bronzong
|-damage|p2a: Bronzong|207\/337
|-unboost|p1a: Tyranitar|atk|1
|-unboost|p1a: Tyranitar|def|1
|
|-weather|Sandstorm|[upkeep]
|turn|9
|
|switch|p1a: Skarmory|Skarmory, M|334\/334
|switch|p2a: Tyranitar|Tyranitar, M|365\/365
|
|-weather|Sandstorm|[upkeep]
|turn|10
|J|steelphoenix
|c|★PDCYoutube2|fuck that skarm
|L|Aurious
|c|★Zamrock|omai
|
|switch|p1a: Gliscor|Gliscor, F|354\/354
|move|p2a: Tyranitar|Fire Blast|p1a: Gliscor
|-damage|p1a: Gliscor|207\/354
|
|-weather|Sandstorm|[upkeep]
|-heal|p1a: Gliscor|229\/354|[from] item: Leftovers
|turn|11
|c|★Zamrock|i kno u got ice beam packin
|c|★Zamrock|lemme see it
|c|★PDCYoutube2|ye i do
|c|★PDCYoutube2|i'm ibeaming here
|
|move|p1a: Gliscor|Earthquake|p2a: Tyranitar
|-supereffective|p2a: Tyranitar
|-damage|p2a: Tyranitar|149\/365
|move|p2a: Tyranitar|Ice Beam|p1a: Gliscor
|-supereffective|p1a: Gliscor
|-damage|p1a: Gliscor|0 fnt
|faint|p1a: Gliscor
|
|-weather|Sandstorm|[upkeep]
|-heal|p2a: Tyranitar|171\/365|[from] item: Leftovers
|c|★Zamrock|LOL
|c|★Zamrock|damn
|c|★Zamrock|i got rocked
|
|switch|p1a: Starmie|Starmie|131\/261
|turn|12
|c|★PDCYoutube2|no more
|
|move|p1a: Starmie|Hydro Pump|p2a: Tyranitar
|-supereffective|p2a: Tyranitar
|-damage|p2a: Tyranitar|0 fnt
|faint|p2a: Tyranitar
|
|-weather|Sandstorm|[upkeep]
|-damage|p1a: Starmie|115\/261|[from] sandstorm
|-heal|p1a: Starmie|131\/261|[from] item: Leftovers
|c|★PDCYoutube2|:(
|c|★Zamrock|:[
|
|switch|p2a: Starmie|Starmie|261\/261
|turn|13
|c|★PDCYoutube2|i had tbolt too
|c|★Zamrock|ur not winning this speed tie
|c|★Zamrock|lmme let u kno
|c|★Zamrock|rn
|c|★PDCYoutube2|ok
|
|switch|p1a: Tyranitar|Tyranitar, M|229\/341
|move|p2a: Starmie|Thunderbolt|p1a: Tyranitar
|-damage|p1a: Tyranitar|148\/341
|-damage|p2a: Starmie|235\/261|[from] item: Life Orb
|
|-weather|Sandstorm|[upkeep]
|-damage|p2a: Starmie|219\/261|[from] sandstorm
|turn|14
|
|move|p1a: Tyranitar|Pursuit|p2a: Starmie|[from]Pursuit
|-supereffective|p2a: Starmie
|-damage|p2a: Starmie|0 fnt
|faint|p2a: Starmie
|switch|p2a: Heatran|Heatran, M|341\/341
|
|-weather|Sandstorm|[upkeep]
|turn|15
|c|★PDCYoutube2|do u just get swept
|c|★Zamrock|by who?
|c|★Zamrock|u got another water type there?
|c|★PDCYoutube2|my last mon
|c|★Zamrock|u got kingdra?
|c|★PDCYoutube2|n
|c|★Zamrock|luc
|c|★PDCYoutube2|ebelt gyarados
|c|★Zamrock|!
|c|★PDCYoutube2|tbolt
|
|switch|p1a: Rotom-Heat|Rotom-Heat|190\/251
|move|p2a: Heatran|Earth Power|p1a: Rotom-Heat
|-immune|p1a: Rotom-Heat|[msg]
|
|-weather|Sandstorm|[upkeep]
|-damage|p1a: Rotom-Heat|175\/251|[from] sandstorm
|-heal|p1a: Rotom-Heat|190\/251|[from] item: Leftovers
|turn|16
|c|★PDCYoutube2|ic
|c|★Zamrock|playz for days
|
|move|p1a: Rotom-Heat|Substitute|p1a: Rotom-Heat
|-start|p1a: Rotom-Heat|Substitute
|-damage|p1a: Rotom-Heat|128\/251
|move|p2a: Heatran|Fire Blast|p1a: Rotom-Heat
|-end|p1a: Rotom-Heat|Substitute
|
|-weather|Sandstorm|[upkeep]
|-damage|p1a: Rotom-Heat|113\/251|[from] sandstorm
|-heal|p1a: Rotom-Heat|128\/251|[from] item: Leftovers
|turn|17
|
|move|p1a: Rotom-Heat|Substitute|p1a: Rotom-Heat
|-start|p1a: Rotom-Heat|Substitute
|-damage|p1a: Rotom-Heat|66\/251
|move|p2a: Heatran|Fire Blast|p1a: Rotom-Heat
|-crit|p1a: Rotom-Heat
|-end|p1a: Rotom-Heat|Substitute
|
|-weather|Sandstorm|[upkeep]
|-damage|p1a: Rotom-Heat|51\/251|[from] sandstorm
|-heal|p1a: Rotom-Heat|66\/251|[from] item: Leftovers
|turn|18
|c|★PDCYoutube2|sub again
|c|★Zamrock|hax u got a crit
|
|move|p1a: Rotom-Heat|Pain Split|p2a: Heatran
|-sethp|p2a: Heatran|203\/341|p1a: Rotom-Heat|203\/251|[from] move: Pain Split
|move|p2a: Heatran|Fire Blast|p1a: Rotom-Heat|[miss]
|-miss|p2a: Heatran|p1a: Rotom-Heat
|
|-weather|Sandstorm|[upkeep]
|-damage|p1a: Rotom-Heat|188\/251|[from] sandstorm
|-heal|p1a: Rotom-Heat|203\/251|[from] item: Leftovers
|turn|19
|-message|PDCYoutube2 forfeited.
|
|win|Zamrock
|c|★PDCYoutube2|got rocked
|L|PDCYoutube2
|player|p2