|J|PDCYoutube2
|J|Bedschibaer
|player|p1|PDCYoutube2|2
|player|p2|Bedschibaer|252
|gametype|singles
|gen|4
|tier|[Gen 4] OU
|rated
|rule|Sleep Clause Mod: Limit one foe put to sleep
|rule|Species Clause: Limit one of each Pokémon
|rule|OHKO Clause: OHKO moves are banned
|rule|Moody Clause: Moody is banned
|rule|Evasion Moves Clause: Evasion moves are banned
|rule|Endless Battle Clause: Forcing endless battles is banned
|rule|HP Percentage Mod: HP is shown in percentages
|
|start
|switch|p1a: Hippowdon|Hippowdon, M, shiny|419\/419
|switch|p2a: Zapdos|Zapdos|329\/329
|-ability|p2a: Zapdos|Pressure
|-weather|Sandstorm|[from] ability: Sand Stream|[of] p1a: Hippowdon
|turn|1
|J|Rigas
|J|silverbackkap
|
|move|p2a: Zapdos|U-turn|p1a: Hippowdon
|-damage|p1a: Hippowdon|392\/419
|J|jungerJabbler
|
|switch|p2a: Breloom|Breloom, F|324\/324
|move|p1a: Hippowdon|Stealth Rock|p2a: Breloom
|-sidestart|p2: Bedschibaer|move: Stealth Rock
|
|-weather|Sandstorm|[upkeep]
|-damage|p2a: Breloom|304\/324|[from] sandstorm
|-heal|p1a: Hippowdon|418\/419|[from] item: Leftovers
|-status|p2a: Breloom|tox|[from] item: Toxic Orb
|turn|2
|c|+Rigas|which tour is this for?
|
|switch|p1a: Starmie|Starmie|323\/323
|move|p2a: Breloom|Leech Seed|p1a: Starmie
|-start|p1a: Starmie|move: Leech Seed
|
|-weather|Sandstorm|[upkeep]
|-damage|p1a: Starmie|303\/323|[from] sandstorm
|-damage|p2a: Breloom|284\/324 tox|[from] sandstorm
|-heal|p1a: Starmie|323\/323|[from] item: Leftovers
|-damage|p1a: Starmie|283\/323|[from] Leech Seed|[of] p2a: Breloom
|-heal|p2a: Breloom|324\/324 tox|[silent]
|turn|3
|c|★Bedschibaer|none
|J|Cnorth26
|L|Rigas
|J|Fiend Hound
|
|switch|p1a: Zapdos|Zapdos|383\/383
|-ability|p1a: Zapdos|Pressure
|move|p2a: Breloom|Seed Bomb|p1a: Zapdos
|-resisted|p1a: Zapdos
|-damage|p1a: Zapdos|314\/383
|
|-weather|Sandstorm|[upkeep]
|-damage|p1a: Zapdos|291\/383|[from] sandstorm
|-damage|p2a: Breloom|304\/324 tox|[from] sandstorm
|-heal|p1a: Zapdos|314\/383|[from] item: Leftovers
|-heal|p2a: Breloom|324\/324 tox|[from] ability: Poison Heal
|turn|4
|J|potato14798
|
|switch|p2a: Tyranitar|Tyranitar, M|341\/341
|-damage|p2a: Tyranitar|299\/341|[from] Stealth Rock
|move|p1a: Zapdos|Thunder Wave|p2a: Tyranitar
|-status|p2a: Tyranitar|par
|
|-weather|Sandstorm|[upkeep]
|-damage|p1a: Zapdos|291\/383|[from] sandstorm
|-heal|p1a: Zapdos|314\/383|[from] item: Leftovers
|turn|5
|J|night changes
|
|switch|p1a: Jirachi|Jirachi|341\/341
|cant|p2a: Tyranitar|par
|
|-weather|Sandstorm|[upkeep]
|turn|6
|L|night changes
|
|switch|p2a: Zapdos|Zapdos|329\/329
|-damage|p2a: Zapdos|247\/329|[from] Stealth Rock
|-ability|p2a: Zapdos|Pressure
|move|p1a: Jirachi|Iron Head|p2a: Zapdos
|-resisted|p2a: Zapdos
|-damage|p2a: Zapdos|193\/329
|
|-weather|Sandstorm|[upkeep]
|-damage|p2a: Zapdos|173\/329|[from] sandstorm
|turn|7
|J|Son of Zeusss
|c|★PDCYoutube2|going for it
|
|move|p1a: Jirachi|Iron Head|p2a: Zapdos
|-resisted|p2a: Zapdos
|-damage|p2a: Zapdos|121\/329
|cant|p2a: Zapdos|flinch
|
|-weather|Sandstorm|[upkeep]
|-damage|p2a: Zapdos|101\/329|[from] sandstorm
|turn|8
|
|move|p1a: Jirachi|Psychic|p2a: Zapdos
|-damage|p2a: Zapdos|0 fnt
|faint|p2a: Zapdos
|
|-weather|Sandstorm|[upkeep]
|
|switch|p2a: Flygon|Flygon, M|301\/301
|-damage|p2a: Flygon|283\/301|[from] Stealth Rock
|turn|9
|J|steelphoenix
|
|switch|p1a: Gliscor|Gliscor, M|309\/309
|move|p2a: Flygon|Earthquake|p1a: Gliscor
|-immune|p1a: Gliscor|[msg]
|
|-weather|Sandstorm|[upkeep]
|turn|10
|
|move|p2a: Flygon|Draco Meteor|p1a: Gliscor|[miss]
|-miss|p2a: Flygon|p1a: Gliscor
|move|p1a: Gliscor|Swords Dance|p1a: Gliscor
|-boost|p1a: Gliscor|atk|2
|
|-weather|Sandstorm|[upkeep]
|turn|11
|c|★PDCYoutube2|oml 
|c|★Bedschibaer|i am cry
|
|move|p2a: Flygon|Draco Meteor|p1a: Gliscor
|-damage|p1a: Gliscor|0 fnt
|-unboost|p2a: Flygon|spa|2
|-damage|p2a: Flygon|253\/301|[from] item: Life Orb
|faint|p1a: Gliscor
|
|-weather|Sandstorm|[upkeep]
|c|★PDCYoutube2|lol what
|J|chwag
|c|+Son of Zeusss|bop
|c|★PDCYoutube2|i thought i lived
|
|switch|p1a: Zapdos|Zapdos|314\/383
|-ability|p1a: Zapdos|Pressure
|turn|12
|c|★Bedschibaer|haha you were wrong
|c|+Son of Zeusss|i tho it miss
|
|switch|p2a: Jirachi|Jirachi|379\/379
|-damage|p2a: Jirachi|356\/379|[from] Stealth Rock
|move|p1a: Zapdos|Thunderbolt|p2a: Jirachi
|-damage|p2a: Jirachi|229\/379
|
|-weather|Sandstorm|[upkeep]
|-damage|p1a: Zapdos|291\/383|[from] sandstorm
|-heal|p2a: Jirachi|252\/379|[from] item: Leftovers
|-heal|p1a: Zapdos|314\/383|[from] item: Leftovers
|turn|13
|
|move|p2a: Jirachi|Calm Mind|p2a: Jirachi
|-boost|p2a: Jirachi|spa|1
|-boost|p2a: Jirachi|spd|1
|move|p1a: Zapdos|Thunder Wave|p2a: Jirachi
|-status|p2a: Jirachi|par
|
|-weather|Sandstorm|[upkeep]
|-damage|p1a: Zapdos|291\/383|[from] sandstorm
|-heal|p1a: Zapdos|314\/383|[from] item: Leftovers
|-heal|p2a: Jirachi|275\/379 par|[from] item: Leftovers
|turn|14
|J|henry
|
|switch|p1a: Hippowdon|Hippowdon, M, shiny|418\/419
|cant|p2a: Jirachi|par
|
|-weather|Sandstorm|[upkeep]
|-heal|p1a: Hippowdon|419\/419|[from] item: Leftovers
|-heal|p2a: Jirachi|298\/379 par|[from] item: Leftovers
|turn|15
|c|+henry|shit shit bear
|c|★Bedschibaer|i literally grass knotted there
|c|★Bedschibaer|idk about calcs
|L|potato14798
|c|+Son of Zeusss|oc
|c|★PDCYoutube2|**literally**
|c|★Bedschibaer|but i'm going to be mad anyways
|
|switch|p2a: Breloom|Breloom, F|324\/324 tox
|-damage|p2a: Breloom|304\/324 tox|[from] Stealth Rock
|move|p1a: Hippowdon|Earthquake|p2a: Breloom
|-resisted|p2a: Breloom
|-damage|p2a: Breloom|253\/324 tox
|
|-weather|Sandstorm|[upkeep]
|-damage|p2a: Breloom|233\/324 tox|[from] sandstorm
|-heal|p2a: Breloom|273\/324 tox|[from] ability: Poison Heal
|turn|16
|c|+Son of Zeusss|lol
|L|silverbackkap
|J|silverbackkap
|
|switch|p1a: Zapdos|Zapdos|314\/383
|-ability|p1a: Zapdos|Pressure
|move|p2a: Breloom|Spore|p1a: Zapdos
|-status|p1a: Zapdos|slp
|
|-weather|Sandstorm|[upkeep]
|-damage|p1a: Zapdos|291\/383 slp|[from] sandstorm
|-damage|p2a: Breloom|253\/324 tox|[from] sandstorm
|-heal|p1a: Zapdos|314\/383 slp|[from] item: Leftovers
|-heal|p2a: Breloom|293\/324 tox|[from] ability: Poison Heal
|turn|17
|J|LzrGunPewPew
|J|mccauley
|
|switch|p1a: Heatran|Heatran, M, shiny|323\/323
|move|p2a: Breloom|Leech Seed|p1a: Heatran
|-start|p1a: Heatran|move: Leech Seed
|
|-weather|Sandstorm|[upkeep]
|-damage|p2a: Breloom|273\/324 tox|[from] sandstorm
|-damage|p1a: Heatran|283\/323|[from] Leech Seed|[of] p2a: Breloom
|-heal|p2a: Breloom|313\/324 tox|[silent]
|-heal|p2a: Breloom|324\/324 tox|[from] ability: Poison Heal
|turn|18
|
|switch|p1a: Jirachi|Jirachi|341\/341
|switch|p2a: Tyranitar|Tyranitar, M|299\/341 par
|-damage|p2a: Tyranitar|257\/341 par|[from] Stealth Rock
|
|-weather|Sandstorm|[upkeep]
|turn|19
|
|move|p1a: Jirachi|Iron Head|p2a: Tyranitar
|-supereffective|p2a: Tyranitar
|-damage|p2a: Tyranitar|71\/341 par
|cant|p2a: Tyranitar|flinch
|
|-weather|Sandstorm|[upkeep]
|turn|20
|
|move|p1a: Jirachi|Iron Head|p2a: Tyranitar
|-supereffective|p2a: Tyranitar
|-damage|p2a: Tyranitar|0 fnt
|faint|p2a: Tyranitar
|
|-weather|Sandstorm|[upkeep]
|
|switch|p2a: Flygon|Flygon, M|253\/301
|-damage|p2a: Flygon|235\/301|[from] Stealth Rock
|turn|21
|J|El-Soldier
|
|switch|p1a: Hippowdon|Hippowdon, M, shiny|419\/419
|move|p2a: Flygon|Earthquake|p1a: Hippowdon
|-damage|p1a: Hippowdon|314\/419
|-damage|p2a: Flygon|205\/301|[from] item: Life Orb
|
|-weather|Sandstorm|[upkeep]
|-heal|p1a: Hippowdon|340\/419|[from] item: Leftovers
|turn|22
|L|Fiend Hound
|
|switch|p2a: Breloom|Breloom, F|324\/324 tox
|-damage|p2a: Breloom|304\/324 tox|[from] Stealth Rock
|switch|p1a: Heatran|Heatran, M, shiny|283\/323
|
|-weather|Sandstorm|[upkeep]
|-damage|p2a: Breloom|284\/324 tox|[from] sandstorm
|-heal|p2a: Breloom|324\/324 tox|[from] ability: Poison Heal
|turn|23
|
|move|p2a: Breloom|Mach Punch|p1a: Heatran
|-supereffective|p1a: Heatran
|-damage|p1a: Heatran|151\/323
|move|p1a: Heatran|Fire Blast|p2a: Breloom
|-supereffective|p2a: Breloom
|-damage|p2a: Breloom|0 fnt
|faint|p2a: Breloom
|
|-weather|Sandstorm|[upkeep]
|
|switch|p2a: Infernape|Infernape, F|293\/293
|-damage|p2a: Infernape|257\/293|[from] Stealth Rock
|turn|24
|
|switch|p1a: Starmie|Starmie|283\/323
|move|p2a: Infernape|U-turn|p1a: Starmie
|-supereffective|p1a: Starmie
|-damage|p1a: Starmie|159\/323
|
|switch|p2a: Jirachi|Jirachi|298\/379 par
|-damage|p2a: Jirachi|275\/379 par|[from] Stealth Rock
|
|-weather|Sandstorm|[upkeep]
|-damage|p1a: Starmie|139\/323|[from] sandstorm
|-heal|p1a: Starmie|159\/323|[from] item: Leftovers
|-heal|p2a: Jirachi|298\/379 par|[from] item: Leftovers
|turn|25
|
|move|p1a: Starmie|Recover|p1a: Starmie
|-heal|p1a: Starmie|321\/323
|move|p2a: Jirachi|Psychic|p1a: Starmie
|-resisted|p1a: Starmie
|-damage|p1a: Starmie|243\/323
|
|-weather|Sandstorm|[upkeep]
|-damage|p1a: Starmie|223\/323|[from] sandstorm
|-heal|p1a: Starmie|243\/323|[from] item: Leftovers
|-heal|p2a: Jirachi|321\/379 par|[from] item: Leftovers
|turn|26
|
|switch|p1a: Heatran|Heatran, M, shiny|151\/323
|move|p2a: Jirachi|Calm Mind|p2a: Jirachi
|-boost|p2a: Jirachi|spa|1
|-boost|p2a: Jirachi|spd|1
|
|-weather|Sandstorm|[upkeep]
|-heal|p2a: Jirachi|344\/379 par|[from] item: Leftovers
|turn|27
|
|move|p1a: Heatran|Fire Blast|p2a: Jirachi
|-supereffective|p2a: Jirachi
|-damage|p2a: Jirachi|24\/379 par
|cant|p2a: Jirachi|par
|
|-weather|Sandstorm|[upkeep]
|-heal|p2a: Jirachi|47\/379 par|[from] item: Leftovers
|turn|28
|c|★Bedschibaer|AAAAAAAAAAAAAAAh
|c|★PDCYoutube2|style 
|
|move|p1a: Heatran|Fire Blast|p2a: Jirachi
|-supereffective|p2a: Jirachi
|-damage|p2a: Jirachi|0 fnt
|faint|p2a: Jirachi
|
|-weather|Sandstorm|[upkeep]
|c|★PDCYoutube2|good lrod
|
|switch|p2a: Infernape|Infernape, F|257\/293
|-damage|p2a: Infernape|221\/293|[from] Stealth Rock
|turn|29
|
|switch|p1a: Starmie|Starmie|243\/323
|move|p2a: Infernape|Close Combat|p1a: Starmie
|-resisted|p1a: Starmie
|-damage|p1a: Starmie|171\/323
|-unboost|p2a: Infernape|def|1
|-unboost|p2a: Infernape|spd|1
|
|-weather|Sandstorm|[upkeep]
|-damage|p2a: Infernape|203\/293|[from] sandstorm
|-damage|p1a: Starmie|151\/323|[from] sandstorm
|-heal|p1a: Starmie|171\/323|[from] item: Leftovers
|turn|30
|
|switch|p2a: Flygon|Flygon, M|205\/301
|-damage|p2a: Flygon|187\/301|[from] Stealth Rock
|move|p1a: Starmie|Recover|p1a: Starmie
|-heal|p1a: Starmie|323\/323
|
|-weather|Sandstorm|[upkeep]
|-damage|p1a: Starmie|303\/323|[from] sandstorm
|-heal|p1a: Starmie|323\/323|[from] item: Leftovers
|turn|31
|
|switch|p1a: Heatran|Heatran, M, shiny|151\/323
|move|p2a: Flygon|Earthquake|p1a: Heatran
|-supereffective|p1a: Heatran
|-damage|p1a: Heatran|0 fnt
|-damage|p2a: Flygon|157\/301|[from] item: Life Orb
|faint|p1a: Heatran
|
|-weather|Sandstorm|[upkeep]
|
|switch|p1a: Starmie|Starmie|323\/323
|turn|32
|
|move|p2a: Flygon|Earthquake|p1a: Starmie
|-damage|p1a: Starmie|194\/323
|-damage|p2a: Flygon|127\/301|[from] item: Life Orb
|move|p1a: Starmie|Hydro Pump|p2a: Flygon
|-damage|p2a: Flygon|0 fnt
|faint|p2a: Flygon
|
|-weather|Sandstorm|[upkeep]
|-damage|p1a: Starmie|174\/323|[from] sandstorm
|-heal|p1a: Starmie|194\/323|[from] item: Leftovers
|
|switch|p2a: Infernape|Infernape, F|203\/293
|-damage|p2a: Infernape|167\/293|[from] Stealth Rock
|turn|33
|
|move|p2a: Infernape|Fire Blast|p1a: Starmie
|-resisted|p1a: Starmie
|-damage|p1a: Starmie|110\/323
|move|p1a: Starmie|Hydro Pump|p2a: Infernape
|-supereffective|p2a: Infernape
|-damage|p2a: Infernape|0 fnt
|faint|p2a: Infernape
|
|win|PDCYoutube2
|raw|Ladder updating...
|raw|PDCYoutube2's rating: 1040 &rarr; <strong>1074<\/strong><br \/>(+34 for winning)
|raw|Bedschibaer's rating: 1040 &rarr; <strong>1024<\/strong><br \/>(-16 for losing)
|J|McMeghan
|c|★Bedschibaer|geeg
|c|★PDCYoutube2|gg
|L|Bedschibaer
|player|p2
|L|PDCYoutube2
|player|p1