|join|Btooom!
|join|Horsea Whisperer
|player|p1|Btooom!|170
|player|p2|Horsea Whisperer|2
|gametype|singles
|gen|4
|tier|[Gen 4] OU
|rated
|rule|Sleep Clause Mod: Limit one foe put to sleep
|rule|Species Clause: Limit one of each Pokémon
|rule|OHKO Clause: OHKO moves are banned
|rule|Moody Clause: Moody is banned
|rule|Evasion Moves Clause: Evasion moves are banned
|rule|Endless Battle Clause: Forcing endless battles is banned
|rule|HP Percentage Mod: HP is shown in percentages
|
|start
|switch|p1a: Swampert|Swampert, F|404\/404
|switch|p2a: Machamp|Machamp, M|381\/381
|turn|1
|c|★Horsea Whisperer|gl
|
|switch|p2a: Forretress|Forretress, F|354\/354
|move|p1a: Swampert|Earthquake|p2a: Forretress
|-damage|p2a: Forretress|255\/354
|
|turn|2
|
|switch|p1a: Magnezone|Magnezone|282\/282
|move|p2a: Forretress|Spikes|p1a: Magnezone
|-sidestart|p1: Btooom!|Spikes
|
|turn|3
|
|switch|p2a: Heatran|Heatran, F|323\/323
|move|p1a: Magnezone|Thunderbolt|p2a: Heatran
|-damage|p2a: Heatran|154\/323
|
|-heal|p2a: Heatran|174\/323|[from] item: Leftovers
|turn|4
|
|switch|p1a: Swampert|Swampert, F|404\/404
|-damage|p1a: Swampert|354\/404|[from] Spikes
|move|p2a: Heatran|Fire Blast|p1a: Swampert
|-crit|p1a: Swampert
|-resisted|p1a: Swampert
|-damage|p1a: Swampert|126\/404
|
|-heal|p2a: Heatran|194\/323|[from] item: Leftovers
|turn|5
|
|move|p2a: Heatran|Hidden Power|p1a: Swampert
|-supereffective|p1a: Swampert
|-damage|p1a: Swampert|0 fnt
|faint|p1a: Swampert
|
|-heal|p2a: Heatran|214\/323|[from] item: Leftovers
|
|switch|p1a: Lucario|Lucario, M|282\/282
|-damage|p1a: Lucario|247\/282|[from] Spikes
|turn|6
|
|switch|p2a: Gyarados|Gyarados, M|394\/394
|-ability|p2a: Gyarados|Intimidate|[of] p1a: Lucario
|-unboost|p1a: Lucario|atk|1
|move|p1a: Lucario|Close Combat|p2a: Gyarados
|-resisted|p2a: Gyarados
|-damage|p2a: Gyarados|316\/394
|-unboost|p1a: Lucario|def|1
|-unboost|p1a: Lucario|spd|1
|-damage|p1a: Lucario|219\/282|[from] item: Life Orb
|
|-heal|p2a: Gyarados|340\/394|[from] item: Leftovers
|turn|7
|
|switch|p1a: Suicune|Suicune|342\/342
|-damage|p1a: Suicune|300\/342|[from] Spikes
|-ability|p1a: Suicune|Pressure
|move|p2a: Gyarados|Roar|p1a: Suicune
|drag|p1a: Lucario|Lucario, M|219\/282
|-damage|p1a: Lucario|184\/282|[from] Spikes
|
|-heal|p2a: Gyarados|364\/394|[from] item: Leftovers
|turn|8
|c|★Btooom!|nice
|c|★Horsea Whisperer|thanks man
|
|switch|p1a: Suicune|Suicune|300\/342
|-damage|p1a: Suicune|258\/342|[from] Spikes
|-ability|p1a: Suicune|Pressure
|switch|p2a: Rotom-Wash|Rotom-Wash|241\/241
|
|-heal|p1a: Suicune|279\/342|[from] item: Leftovers
|turn|9
|
|switch|p1a: Magnezone|Magnezone|282\/282
|-damage|p1a: Magnezone|247\/282|[from] Spikes
|move|p2a: Rotom-Wash|Thunderbolt|p1a: Magnezone
|-resisted|p1a: Magnezone
|-damage|p1a: Magnezone|187\/282
|
|-heal|p1a: Magnezone|204\/282|[from] item: Leftovers
|turn|10
|
|switch|p2a: Jirachi|Jirachi|404\/404
|move|p1a: Magnezone|Thunder Wave|p2a: Jirachi
|-status|p2a: Jirachi|par
|
|-heal|p1a: Magnezone|221\/282|[from] item: Leftovers
|turn|11
|
|move|p1a: Magnezone|Substitute|p1a: Magnezone
|-start|p1a: Magnezone|Substitute
|-damage|p1a: Magnezone|151\/282
|move|p2a: Jirachi|Thunder Wave|p1a: Magnezone
|
|-heal|p1a: Magnezone|168\/282|[from] item: Leftovers
|turn|12
|
|move|p1a: Magnezone|Thunderbolt|p2a: Jirachi
|-damage|p2a: Jirachi|260\/404 par
|move|p2a: Jirachi|Wish|p2a: Jirachi
|
|-heal|p1a: Magnezone|185\/282|[from] item: Leftovers
|-heal|p2a: Jirachi|285\/404 par|[from] item: Leftovers
|turn|13
|
|move|p1a: Magnezone|Thunderbolt|p2a: Jirachi
|-damage|p2a: Jirachi|149\/404 par
|move|p2a: Jirachi|Fire Punch|p1a: Magnezone
|-supereffective|p1a: Magnezone
|-end|p1a: Magnezone|Substitute
|
|-heal|p2a: Jirachi|351\/404 par|[from] move: Wish|[wisher] Jirachi
|-heal|p1a: Magnezone|202\/282|[from] item: Leftovers
|-heal|p2a: Jirachi|376\/404 par|[from] item: Leftovers
|turn|14
|
|move|p1a: Magnezone|Thunderbolt|p2a: Jirachi
|-damage|p2a: Jirachi|244\/404 par
|move|p2a: Jirachi|Wish|p2a: Jirachi
|
|-heal|p1a: Magnezone|219\/282|[from] item: Leftovers
|-heal|p2a: Jirachi|269\/404 par|[from] item: Leftovers
|turn|15
|
|move|p1a: Magnezone|Substitute|p1a: Magnezone
|-start|p1a: Magnezone|Substitute
|-damage|p1a: Magnezone|149\/282
|move|p2a: Jirachi|Fire Punch|p1a: Magnezone
|-supereffective|p1a: Magnezone
|-end|p1a: Magnezone|Substitute
|
|-heal|p2a: Jirachi|404\/404 par|[from] move: Wish|[wisher] Jirachi
|-heal|p1a: Magnezone|166\/282|[from] item: Leftovers
|turn|16
|
|move|p1a: Magnezone|Thunderbolt|p2a: Jirachi
|-crit|p2a: Jirachi
|-damage|p2a: Jirachi|131\/404 par
|cant|p2a: Jirachi|par
|
|-heal|p1a: Magnezone|183\/282|[from] item: Leftovers
|-heal|p2a: Jirachi|156\/404 par|[from] item: Leftovers
|turn|17
|c|★Horsea Whisperer|ah
|
|move|p1a: Magnezone|Thunderbolt|p2a: Jirachi
|-damage|p2a: Jirachi|11\/404 par
|move|p2a: Jirachi|Fire Punch|p1a: Magnezone
|-supereffective|p1a: Magnezone
|-damage|p1a: Magnezone|73\/282
|
|-heal|p1a: Magnezone|90\/282|[from] item: Leftovers
|-heal|p2a: Jirachi|36\/404 par|[from] item: Leftovers
|turn|18
|c|★Btooom!|about time
|
|move|p1a: Magnezone|Substitute|p1a: Magnezone
|-start|p1a: Magnezone|Substitute
|-damage|p1a: Magnezone|20\/282
|move|p2a: Jirachi|Fire Punch|p1a: Magnezone
|-supereffective|p1a: Magnezone
|-end|p1a: Magnezone|Substitute
|
|-heal|p1a: Magnezone|37\/282|[from] item: Leftovers
|-heal|p2a: Jirachi|61\/404 par|[from] item: Leftovers
|turn|19
|c|★Btooom!|not one para
|c|★Btooom!|bs
|
|move|p1a: Magnezone|Thunderbolt|p2a: Jirachi
|-damage|p2a: Jirachi|0 fnt
|faint|p2a: Jirachi
|
|-heal|p1a: Magnezone|54\/282|[from] item: Leftovers
|
|switch|p2a: Heatran|Heatran, F|214\/323
|turn|20
|
|move|p2a: Heatran|Earth Power|p1a: Magnezone
|-supereffective|p1a: Magnezone
|-damage|p1a: Magnezone|0 fnt
|faint|p1a: Magnezone
|
|-heal|p2a: Heatran|234\/323|[from] item: Leftovers
|
|switch|p1a: Gengar|Gengar, F|262\/262
|turn|21
|
|move|p1a: Gengar|Substitute|p1a: Gengar
|-start|p1a: Gengar|Substitute
|-damage|p1a: Gengar|197\/262
|move|p2a: Heatran|Fire Blast|p1a: Gengar
|-end|p1a: Gengar|Substitute
|
|-heal|p2a: Heatran|254\/323|[from] item: Leftovers
|turn|22
|
|move|p1a: Gengar|Focus Blast|p2a: Heatran
|-supereffective|p2a: Heatran
|-damage|p2a: Heatran|0 fnt
|-damage|p1a: Gengar|171\/262|[from] item: Life Orb
|faint|p2a: Heatran
|
|
|switch|p2a: Rotom-Wash|Rotom-Wash|241\/241
|turn|23
|
|switch|p1a: Lucario|Lucario, M|184\/282
|-damage|p1a: Lucario|149\/282|[from] Spikes
|move|p2a: Rotom-Wash|Shadow Ball|p1a: Lucario
|-resisted|p1a: Lucario
|-damage|p1a: Lucario|72\/282
|
|turn|24
|
|move|p2a: Rotom-Wash|Shadow Ball|p1a: Lucario
|-resisted|p1a: Lucario
|-damage|p1a: Lucario|0 fnt
|faint|p1a: Lucario
|
|
|switch|p1a: Suicune|Suicune|279\/342
|-damage|p1a: Suicune|237\/342|[from] Spikes
|-ability|p1a: Suicune|Pressure
|turn|25
|
|switch|p2a: Gyarados|Gyarados, M|364\/394
|-ability|p2a: Gyarados|Intimidate|[of] p1a: Suicune
|-unboost|p1a: Suicune|atk|1
|move|p1a: Suicune|Calm Mind|p1a: Suicune
|-boost|p1a: Suicune|spa|1
|-boost|p1a: Suicune|spd|1
|
|-heal|p1a: Suicune|258\/342|[from] item: Leftovers
|-heal|p2a: Gyarados|388\/394|[from] item: Leftovers
|turn|26
|
|move|p1a: Suicune|Hidden Power|p2a: Gyarados
|-supereffective|p2a: Gyarados
|-damage|p2a: Gyarados|0 fnt
|faint|p2a: Gyarados
|
|-heal|p1a: Suicune|279\/342|[from] item: Leftovers
|
|switch|p2a: Machamp|Machamp, M|381\/381
|turn|27
|
|move|p1a: Suicune|Hydro Pump|p2a: Machamp
|-damage|p2a: Machamp|104\/381
|move|p2a: Machamp|Dynamic Punch|p1a: Suicune
|-damage|p1a: Suicune|93\/342
|-start|p1a: Suicune|confusion
|
|-heal|p1a: Suicune|114\/342|[from] item: Leftovers
|turn|28
|
|-activate|p1a: Suicune|confusion
|-damage|p1a: Suicune|101\/342|[from] confusion
|move|p2a: Machamp|Payback|p1a: Suicune
|-damage|p1a: Suicune|0 fnt
|faint|p1a: Suicune
|
|
|switch|p1a: Gengar|Gengar, F|171\/262
|turn|29
|
|move|p1a: Gengar|Shadow Ball|p2a: Machamp
|-damage|p2a: Machamp|0 fnt
|-damage|p1a: Gengar|145\/262|[from] item: Life Orb
|faint|p2a: Machamp
|
|
|switch|p2a: Rotom-Wash|Rotom-Wash|241\/241
|turn|30
|
|move|p2a: Rotom-Wash|Shadow Ball|p1a: Gengar
|-supereffective|p1a: Gengar
|-damage|p1a: Gengar|0 fnt
|faint|p1a: Gengar
|
|
|switch|p1a: Flygon|Flygon, F|302\/302
|turn|31
|
|move|p1a: Flygon|Outrage|p2a: Rotom-Wash
|-damage|p2a: Rotom-Wash|43\/241
|move|p2a: Rotom-Wash|Shadow Ball|p1a: Flygon
|-damage|p1a: Flygon|146\/302
|
|turn|32
|
|move|p1a: Flygon|Outrage|p2a: Rotom-Wash
|-damage|p2a: Rotom-Wash|0 fnt
|faint|p2a: Rotom-Wash
|
|-end|p1a: Flygon|rampage
|-start|p1a: Flygon|confusion
|
|switch|p2a: Forretress|Forretress, F|255\/354
|turn|33
|c|★Btooom!|nice stall team
|c|★Horsea Whisperer|thanks man
|c|★Horsea Whisperer|we've met before 
|c|★Btooom!|did you make it yourself or steal it
|c|★Horsea Whisperer|apokelipse 
|c|★Btooom!|..........
|c|★Horsea Whisperer|I made it myself of course
|c|★Btooom!|sure
|c|★Btooom!|ok
|
|-activate|p1a: Flygon|confusion
|move|p1a: Flygon|Outrage|p2a: Forretress
|-resisted|p2a: Forretress
|-damage|p2a: Forretress|198\/354
|move|p2a: Forretress|Payback|p1a: Flygon
|-damage|p1a: Flygon|46\/302
|
|turn|34
|c|★Btooom!|you won due to luck 
|c|★Btooom!|no para hax suicune hit itself
|c|★Btooom!|bullshit game
|-message|Btooom! forfeited.
|
|win|Horsea Whisperer
|raw|Ladder updating...
|leave|Btooom!
|player|p1
|raw|Btooom!'s rating: 1482 &rarr; <strong>1450<\/strong><br \/>(-32 for losing)
|raw|Horsea Whisperer's rating: 1240 &rarr; <strong>1280<\/strong><br \/>(+40 for winning)