|join|Horsea Whisperer
|join|CelebiIsSoFly
|player|p1|Horsea Whisperer|2
|player|p2|CelebiIsSoFly|265
|gametype|singles
|gen|6
|tier|OU
|rated
|clearpoke
|poke|p1|Latios, M
|poke|p1|Landorus-Therian, M
|poke|p1|Bisharp, M
|poke|p1|Azumarill, M
|poke|p1|Heatran, M
|poke|p1|Rotom-Wash
|poke|p2|Breloom, F
|poke|p2|Bisharp, F
|poke|p2|Azumarill, M
|poke|p2|Garchomp, F
|poke|p2|Starmie
|poke|p2|Houndoom, F
|rule|Swagger Clause: Swagger is banned
|rule|Baton Pass Clause: Limit one Pokémon knowing Baton Pass
|rule|Sleep Clause Mod: Limit one foe put to sleep
|rule|Species Clause: Limit one of each Pokémon
|rule|OHKO Clause: OHKO moves are banned
|rule|Moody Clause: Moody is banned
|rule|Evasion Moves Clause: Evasion moves are banned
|rule|Endless Battle Clause: Forcing endless battles is banned
|rule|HP Percentage Mod: HP is shown in percentages
|teampreview
|c|★Horsea Whisperer|hf
|c|★CelebiIsSoFly|u2
|
|start
|switch|p1a: Landorus-Therian|Landorus-Therian, M|319\/319
|switch|p2a: Garchomp|Garchomp, F|357\/357
|-ability|p1a: Landorus-Therian|Intimidate|[of] p2a: Garchomp
|-unboost|p2a: Garchomp|atk|1
|turn|1
|
|move|p1a: Landorus-Therian|U-turn|p2a: Garchomp
|-damage|p2a: Garchomp|264\/357
|-damage|p1a: Landorus-Therian|280\/319|[from] ability: Rough Skin|[of] p2a: Garchomp
|-damage|p1a: Landorus-Therian|227\/319|[from] item: Rocky Helmet|[of] p2a: Garchomp
|
|switch|p1a: Azumarill|Azumarill, M|363\/363
|move|p2a: Garchomp|Stealth Rock|p1a: Azumarill
|-sidestart|p1: Horsea Whisperer|move: Stealth Rock
|
|turn|2
|
|move|p2a: Garchomp|Earthquake|p1a: Azumarill
|-damage|p1a: Azumarill|219\/363
|move|p1a: Azumarill|Play Rough|p2a: Garchomp
|-supereffective|p2a: Garchomp
|-damage|p2a: Garchomp|0 fnt
|-damage|p1a: Azumarill|174\/363|[from] ability: Rough Skin|[of] p2a: Garchomp
|-damage|p1a: Azumarill|114\/363|[from] item: Rocky Helmet|[of] p2a: Garchomp
|faint|p2a: Garchomp
|
|
|switch|p2a: Breloom|Breloom, F|261\/261
|turn|3
|
|switch|p1a: Heatran|Heatran, M|386\/386
|-damage|p1a: Heatran|338\/386|[from] Stealth Rock
|move|p2a: Breloom|Bullet Seed|p1a: Heatran
|-resisted|p1a: Heatran
|-damage|p1a: Heatran|319\/386
|-crit|p1a: Heatran
|-resisted|p1a: Heatran
|-damage|p1a: Heatran|289\/386
|-resisted|p1a: Heatran
|-damage|p1a: Heatran|270\/386
|-hitcount|p1a: Heatran|3
|-damage|p2a: Breloom|235\/261|[from] item: Life Orb
|
|-heal|p1a: Heatran|294\/386|[from] item: Leftovers
|turn|4
|
|switch|p1a: Landorus-Therian|Landorus-Therian, M|227\/319
|-damage|p1a: Landorus-Therian|188\/319|[from] Stealth Rock
|-ability|p1a: Landorus-Therian|Intimidate|[of] p2a: Breloom
|-unboost|p2a: Breloom|atk|1
|move|p2a: Breloom|Spore|p1a: Landorus-Therian
|-status|p1a: Landorus-Therian|slp
|
|turn|5
|
|switch|p1a: Latios|Latios, M|301\/301
|-damage|p1a: Latios|264\/301|[from] Stealth Rock
|move|p2a: Breloom|Swords Dance|p2a: Breloom
|-boost|p2a: Breloom|atk|2
|
|turn|6
|
|switch|p2a: Bisharp|Bisharp, F|271\/271
|detailschange|p1a: Latios|Latios-Mega, M
|-mega|p1a: Latios|Latios|Latiosite
|move|p1a: Latios|Psyshock|p2a: Bisharp
|-immune|p2a: Bisharp|[msg]
|
|turn|7
|
|switch|p1a: Bisharp|Bisharp, M|272\/272
|-damage|p1a: Bisharp|255\/272|[from] Stealth Rock
|move|p2a: Bisharp|Knock Off|p1a: Bisharp
|-resisted|p1a: Bisharp
|-damage|p1a: Bisharp|130\/272
|-enditem|p1a: Bisharp|Life Orb|[from] move: Knock Off|[of] p2a: Bisharp
|-damage|p2a: Bisharp|244\/271|[from] item: Life Orb
|
|turn|8
|
|switch|p2a: Breloom|Breloom, F|235\/261
|move|p1a: Bisharp|Knock Off|p2a: Breloom
|-resisted|p2a: Breloom
|-damage|p2a: Breloom|126\/261
|-enditem|p2a: Breloom|Life Orb|[from] move: Knock Off|[of] p1a: Bisharp
|
|turn|9
|
|switch|p1a: Latios|Latios-Mega, M|264\/301
|-damage|p1a: Latios|227\/301|[from] Stealth Rock
|move|p2a: Breloom|Bullet Seed|p1a: Latios
|-resisted|p1a: Latios
|-damage|p1a: Latios|194\/301
|-resisted|p1a: Latios
|-damage|p1a: Latios|158\/301
|-resisted|p1a: Latios
|-damage|p1a: Latios|121\/301
|-resisted|p1a: Latios
|-damage|p1a: Latios|88\/301
|-resisted|p1a: Latios
|-damage|p1a: Latios|54\/301
|-hitcount|p1a: Latios|5
|
|turn|10
|
|switch|p2a: Bisharp|Bisharp, F|244\/271
|move|p1a: Latios|Earthquake|p2a: Bisharp
|-supereffective|p2a: Bisharp
|-damage|p2a: Bisharp|48\/271
|
|turn|11
|
|move|p1a: Latios|Earthquake|p2a: Bisharp
|-supereffective|p2a: Bisharp
|-damage|p2a: Bisharp|0 fnt
|faint|p2a: Bisharp
|
|
|switch|p2a: Azumarill|Azumarill, M|396\/396
|turn|12
|
|move|p1a: Latios|Psyshock|p2a: Azumarill
|-damage|p2a: Azumarill|212\/396
|move|p2a: Azumarill|Play Rough|p1a: Latios
|-crit|p1a: Latios
|-supereffective|p1a: Latios
|-damage|p1a: Latios|0 fnt
|faint|p1a: Latios
|
|
|switch|p1a: Rotom-Wash|Rotom-Wash|303\/303
|-damage|p1a: Rotom-Wash|266\/303|[from] Stealth Rock
|turn|13
|
|move|p1a: Rotom-Wash|Volt Switch|p2a: Azumarill
|-supereffective|p2a: Azumarill
|-damage|p2a: Azumarill|6\/396
|
|switch|p1a: Heatran|Heatran, M|294\/386
|-damage|p1a: Heatran|246\/386|[from] Stealth Rock
|move|p2a: Azumarill|Play Rough|p1a: Heatran
|-crit|p1a: Heatran
|-resisted|p1a: Heatran
|-damage|p1a: Heatran|146\/386
|
|-heal|p1a: Heatran|170\/386|[from] item: Leftovers
|turn|14
|
|switch|p2a: Starmie|Starmie|261\/261
|move|p1a: Heatran|Stealth Rock|p2a: Starmie
|-sidestart|p2: CelebiIsSoFly|move: Stealth Rock
|
|-heal|p1a: Heatran|194\/386|[from] item: Leftovers
|turn|15
|
|switch|p1a: Rotom-Wash|Rotom-Wash|266\/303
|-damage|p1a: Rotom-Wash|229\/303|[from] Stealth Rock
|move|p2a: Starmie|Psyshock|p1a: Rotom-Wash
|-damage|p1a: Rotom-Wash|108\/303
|-damage|p2a: Starmie|235\/261|[from] item: Life Orb
|
|-heal|p1a: Rotom-Wash|126\/303|[from] item: Leftovers
|turn|16
|
|move|p2a: Starmie|Psyshock|p1a: Rotom-Wash
|-damage|p1a: Rotom-Wash|19\/303
|-damage|p2a: Starmie|209\/261|[from] item: Life Orb
|move|p1a: Rotom-Wash|Volt Switch|p2a: Starmie
|-supereffective|p2a: Starmie
|-damage|p2a: Starmie|21\/261
|
|switch|p1a: Azumarill|Azumarill, M|114\/363
|-damage|p1a: Azumarill|69\/363|[from] Stealth Rock
|
|turn|17
|
|move|p1a: Azumarill|Aqua Jet|p2a: Starmie
|-crit|p2a: Starmie
|-resisted|p2a: Starmie
|-damage|p2a: Starmie|0 fnt
|faint|p2a: Starmie
|
|
|switch|p2a: Breloom|Breloom, F|126\/261
|-damage|p2a: Breloom|110\/261|[from] Stealth Rock
|turn|18
|
|switch|p1a: Landorus-Therian|Landorus-Therian, M|188\/319 slp
|-damage|p1a: Landorus-Therian|149\/319 slp|[from] Stealth Rock
|-ability|p1a: Landorus-Therian|Intimidate|[of] p2a: Breloom
|-unboost|p2a: Breloom|atk|1
|move|p2a: Breloom|Bullet Seed|p1a: Landorus-Therian
|-damage|p1a: Landorus-Therian|98\/319 slp
|-damage|p1a: Landorus-Therian|52\/319 slp
|-damage|p1a: Landorus-Therian|7\/319 slp
|-hitcount|p1a: Landorus-Therian|3
|
|turn|19
|
|cant|p1a: Landorus-Therian|slp
|move|p2a: Breloom|Swords Dance|p2a: Breloom
|-boost|p2a: Breloom|atk|2
|
|turn|20
|
|move|p2a: Breloom|Mach Punch|p1a: Landorus-Therian
|-resisted|p1a: Landorus-Therian
|-damage|p1a: Landorus-Therian|0 fnt
|faint|p1a: Landorus-Therian
|
|
|switch|p1a: Bisharp|Bisharp, M|130\/272
|-damage|p1a: Bisharp|113\/272|[from] Stealth Rock
|turn|21
|
|move|p2a: Breloom|Mach Punch|p1a: Bisharp
|-supereffective|p1a: Bisharp
|-damage|p1a: Bisharp|0 fnt
|faint|p1a: Bisharp
|
|
|switch|p1a: Heatran|Heatran, M|194\/386
|-damage|p1a: Heatran|146\/386|[from] Stealth Rock
|turn|22
|
|move|p2a: Breloom|Mach Punch|p1a: Heatran
|-supereffective|p1a: Heatran
|-damage|p1a: Heatran|0 fnt
|faint|p1a: Heatran
|
|
|switch|p1a: Rotom-Wash|Rotom-Wash|19\/303
|-damage|p1a: Rotom-Wash|0 fnt|[from] Stealth Rock
|faint|p1a: Rotom-Wash
|
|switch|p1a: Azumarill|Azumarill, M|69\/363
|-damage|p1a: Azumarill|24\/363|[from] Stealth Rock
|turn|23
|c|★Horsea Whisperer|gg
|c|★CelebiIsSoFly|gg
|
|move|p2a: Breloom|Mach Punch|p1a: Azumarill
|-resisted|p1a: Azumarill
|-damage|p1a: Azumarill|0 fnt
|faint|p1a: Azumarill
|
|win|CelebiIsSoFly
|raw|Ladder updating...
|raw|Horsea Whisperer's rating: 1673 &rarr; <strong>1651<\/strong><br \/>(-22 for losing)
|raw|CelebiIsSoFly's rating: 1649 &rarr; <strong>1670<\/strong><br \/>(+21 for winning)
|leave|CelebiIsSoFly
|leave|Horsea Whisperer