|join|tidder
|join|Horsea Whisperer
|player|p1|tidder|266
|player|p2|Horsea Whisperer|2
|gametype|singles
|gen|6
|tier|OU
|rated
|clearpoke
|poke|p1|Slowbro, F
|poke|p1|Thundurus, M
|poke|p1|Azumarill, M
|poke|p1|Garchomp, F
|poke|p1|Heatran, M
|poke|p1|Latios, M
|poke|p2|Latios, M
|poke|p2|Tyranitar, F
|poke|p2|Keldeo
|poke|p2|Rotom-Wash
|poke|p2|Clefable, M
|poke|p2|Jirachi
|rule|Swagger Clause: Swagger is banned
|rule|Baton Pass Clause: Limit one Pokémon knowing Baton Pass
|rule|Sleep Clause Mod: Limit one foe put to sleep
|rule|Species Clause: Limit one of each Pokémon
|rule|OHKO Clause: OHKO moves are banned
|rule|Moody Clause: Moody is banned
|rule|Evasion Moves Clause: Evasion moves are banned
|rule|Endless Battle Clause: Forcing endless battles is banned
|rule|HP Percentage Mod: HP is shown in percentages
|teampreview
|c|★Horsea Whisperer|hf
|
|start
|switch|p1a: Thundurus|Thundurus, M|299\/299
|switch|p2a: Jirachi|Jirachi|403\/403
|turn|1
|
|move|p1a: Thundurus|Thunder Wave|p2a: Jirachi
|-status|p2a: Jirachi|par
|move|p2a: Jirachi|Stealth Rock|p1a: Thundurus
|-sidestart|p1: tidder|move: Stealth Rock
|
|turn|2
|
|move|p1a: Thundurus|Thunderbolt|p2a: Jirachi
|-damage|p2a: Jirachi|247\/403 par
|-damage|p1a: Thundurus|270\/299|[from] item: Life Orb
|move|p2a: Jirachi|Iron Head|p1a: Thundurus
|-resisted|p1a: Thundurus
|-damage|p1a: Thundurus|206\/299
|
|-heal|p2a: Jirachi|272\/403 par|[from] item: Leftovers
|turn|3
|
|move|p1a: Thundurus|Volt Switch|p2a: Jirachi
|-damage|p2a: Jirachi|155\/403 par
|-damage|p1a: Thundurus|177\/299|[from] item: Life Orb
|
|switch|p1a: Heatran|Heatran, M|385\/385
|-damage|p1a: Heatran|337\/385|[from] Stealth Rock
|-item|p1a: Heatran|Air Balloon
|move|p2a: Jirachi|Iron Head|p1a: Heatran
|-resisted|p1a: Heatran
|-damage|p1a: Heatran|313\/385
|-enditem|p1a: Heatran|Air Balloon
|
|-heal|p2a: Jirachi|180\/403 par|[from] item: Leftovers
|turn|4
|
|switch|p2a: Keldeo|Keldeo|323\/323
|move|p1a: Heatran|Stealth Rock|p2a: Keldeo
|-sidestart|p2: Horsea Whisperer|move: Stealth Rock
|
|turn|5
|
|switch|p1a: Slowbro|Slowbro, F|393\/393
|-damage|p1a: Slowbro|344\/393|[from] Stealth Rock
|move|p2a: Keldeo|Scald|p1a: Slowbro
|-resisted|p1a: Slowbro
|-damage|p1a: Slowbro|253\/393
|
|turn|6
|
|switch|p2a: Rotom-Wash|Rotom-Wash|303\/303
|-damage|p2a: Rotom-Wash|266\/303|[from] Stealth Rock
|move|p1a: Slowbro|Scald|p2a: Rotom-Wash
|-resisted|p2a: Rotom-Wash
|-damage|p2a: Rotom-Wash|224\/303
|-status|p2a: Rotom-Wash|brn
|
|-heal|p2a: Rotom-Wash|242\/303 brn|[from] item: Leftovers
|-damage|p2a: Rotom-Wash|205\/303 brn|[from] brn
|turn|7
|
|move|p2a: Rotom-Wash|Will-O-Wisp|p1a: Slowbro|[miss]
|-miss|p2a: Rotom-Wash|p1a: Slowbro
|move|p1a: Slowbro|Slack Off|p1a: Slowbro
|-heal|p1a: Slowbro|393\/393
|
|-heal|p2a: Rotom-Wash|223\/303 brn|[from] item: Leftovers
|-damage|p2a: Rotom-Wash|186\/303 brn|[from] brn
|turn|8
|
|switch|p1a: Latios|Latios, M|301\/301
|-damage|p1a: Latios|264\/301|[from] Stealth Rock
|move|p2a: Rotom-Wash|Volt Switch|p1a: Latios
|-crit|p1a: Latios
|-resisted|p1a: Latios
|-damage|p1a: Latios|207\/301
|
|switch|p2a: Clefable|Clefable, M|394\/394
|-damage|p2a: Clefable|345\/394|[from] Stealth Rock
|
|-heal|p2a: Clefable|369\/394|[from] item: Leftovers
|turn|9
|
|move|p1a: Latios|Psyshock|p2a: Clefable
|-damage|p2a: Clefable|204\/394
|-damage|p1a: Latios|177\/301|[from] item: Life Orb
|move|p2a: Clefable|Heal Bell|p2a: Clefable
|-cureteam|p2a: Clefable|[from] move: HealBell
|
|-heal|p2a: Clefable|228\/394|[from] item: Leftovers
|turn|10
|
|switch|p1a: Heatran|Heatran, M|313\/385
|-damage|p1a: Heatran|265\/385|[from] Stealth Rock
|move|p2a: Clefable|Wish|p2a: Clefable
|
|-heal|p2a: Clefable|252\/394|[from] item: Leftovers
|turn|11
|
|switch|p2a: Rotom-Wash|Rotom-Wash|186\/303
|-damage|p2a: Rotom-Wash|149\/303|[from] Stealth Rock
|move|p1a: Heatran|Toxic|p2a: Rotom-Wash
|-status|p2a: Rotom-Wash|tox
|
|-heal|p2a: Rotom-Wash|303\/303 tox|[from] move: Wish|[wisher] Clefable
|-damage|p2a: Rotom-Wash|285\/303 tox|[from] psn
|turn|12
|
|move|p1a: Heatran|Protect|p1a: Heatran
|-singleturn|p1a: Heatran|Protect
|move|p2a: Rotom-Wash|Volt Switch|p1a: Heatran
|-activate|p1a: Heatran|Protect
|
|-heal|p2a: Rotom-Wash|303\/303 tox|[from] item: Leftovers
|-damage|p2a: Rotom-Wash|267\/303 tox|[from] psn
|turn|13
|
|move|p2a: Rotom-Wash|Hydro Pump|p1a: Heatran
|-supereffective|p1a: Heatran
|-damage|p1a: Heatran|77\/385
|move|p1a: Heatran|Lava Plume|p2a: Rotom-Wash
|-crit|p2a: Rotom-Wash
|-resisted|p2a: Rotom-Wash
|-damage|p2a: Rotom-Wash|189\/303 tox
|
|-heal|p2a: Rotom-Wash|207\/303 tox|[from] item: Leftovers
|-damage|p2a: Rotom-Wash|153\/303 tox|[from] psn
|turn|14
|
|switch|p2a: Keldeo|Keldeo|323\/323
|-damage|p2a: Keldeo|303\/323|[from] Stealth Rock
|move|p1a: Heatran|Lava Plume|p2a: Keldeo
|-resisted|p2a: Keldeo
|-damage|p2a: Keldeo|240\/323
|
|-heal|p2a: Keldeo|260\/323|[from] item: Leftovers
|turn|15
|
|switch|p1a: Slowbro|Slowbro, F|393\/393
|-damage|p1a: Slowbro|344\/393|[from] Stealth Rock
|move|p2a: Keldeo|Scald|p1a: Slowbro
|-resisted|p1a: Slowbro
|-damage|p1a: Slowbro|265\/393
|
|-heal|p2a: Keldeo|280\/323|[from] item: Leftovers
|turn|16
|
|switch|p2a: Rotom-Wash|Rotom-Wash|153\/303 tox
|-damage|p2a: Rotom-Wash|116\/303 tox|[from] Stealth Rock
|move|p1a: Slowbro|Calm Mind|p1a: Slowbro
|-boost|p1a: Slowbro|spa|1
|-boost|p1a: Slowbro|spd|1
|
|-heal|p2a: Rotom-Wash|134\/303 tox|[from] item: Leftovers
|-damage|p2a: Rotom-Wash|116\/303 tox|[from] psn
|turn|17
|
|detailschange|p1a: Slowbro|Slowbro-Mega, F
|-mega|p1a: Slowbro|Slowbro|Slowbronite
|move|p2a: Rotom-Wash|Will-O-Wisp|p1a: Slowbro
|-status|p1a: Slowbro|brn
|move|p1a: Slowbro|Calm Mind|p1a: Slowbro
|-boost|p1a: Slowbro|spa|1
|-boost|p1a: Slowbro|spd|1
|
|-heal|p2a: Rotom-Wash|134\/303 tox|[from] item: Leftovers
|-damage|p2a: Rotom-Wash|98\/303 tox|[from] psn
|-damage|p1a: Slowbro|216\/393 brn|[from] brn
|turn|18
|
|move|p2a: Rotom-Wash|Volt Switch|p1a: Slowbro
|-supereffective|p1a: Slowbro
|-damage|p1a: Slowbro|120\/393 brn
|
|switch|p2a: Clefable|Clefable, M|252\/394
|-damage|p2a: Clefable|203\/394|[from] Stealth Rock
|move|p1a: Slowbro|Slack Off|p1a: Slowbro
|-heal|p1a: Slowbro|317\/393 brn
|
|-heal|p2a: Clefable|227\/394|[from] item: Leftovers
|-damage|p1a: Slowbro|268\/393 brn|[from] brn
|turn|19
|
|move|p2a: Clefable|Wish|p2a: Clefable
|move|p1a: Slowbro|Slack Off|p1a: Slowbro
|-heal|p1a: Slowbro|393\/393 brn
|
|-heal|p2a: Clefable|251\/394|[from] item: Leftovers
|-damage|p1a: Slowbro|344\/393 brn|[from] brn
|turn|20
|
|move|p2a: Clefable|Heal Bell|p2a: Clefable
|-cureteam|p2a: Clefable|[from] move: HealBell
|move|p1a: Slowbro|Calm Mind|p1a: Slowbro
|-boost|p1a: Slowbro|spa|1
|-boost|p1a: Slowbro|spd|1
|
|-heal|p2a: Clefable|394\/394|[from] move: Wish|[wisher] Clefable
|-damage|p1a: Slowbro|295\/393 brn|[from] brn
|turn|21
|
|move|p2a: Clefable|Moonblast|p1a: Slowbro
|-damage|p1a: Slowbro|154\/393 brn
|move|p1a: Slowbro|Scald|p2a: Clefable
|-damage|p2a: Clefable|255\/394
|
|-heal|p2a: Clefable|279\/394|[from] item: Leftovers
|-damage|p1a: Slowbro|105\/393 brn|[from] brn
|turn|22
|
|move|p2a: Clefable|Moonblast|p1a: Slowbro
|-damage|p1a: Slowbro|0 fnt
|faint|p1a: Slowbro
|
|-heal|p2a: Clefable|303\/394|[from] item: Leftovers
|
|switch|p1a: Azumarill|Azumarill, M|403\/403
|-damage|p1a: Azumarill|353\/403|[from] Stealth Rock
|turn|23
|
|move|p2a: Clefable|Moonblast|p1a: Azumarill
|-damage|p1a: Azumarill|266\/403
|-unboost|p1a: Azumarill|spa|1
|move|p1a: Azumarill|Play Rough|p2a: Clefable
|-damage|p2a: Clefable|132\/394
|
|-heal|p2a: Clefable|156\/394|[from] item: Leftovers
|turn|24
|
|move|p2a: Clefable|Wish|p2a: Clefable
|move|p1a: Azumarill|Play Rough|p2a: Clefable
|-damage|p2a: Clefable|0 fnt
|faint|p2a: Clefable
|
|
|switch|p2a: Rotom-Wash|Rotom-Wash|98\/303
|-damage|p2a: Rotom-Wash|61\/303|[from] Stealth Rock
|turn|25
|
|move|p2a: Rotom-Wash|Pain Split|p1a: Azumarill
|-sethp|p1a: Azumarill|163\/403|p2a: Rotom-Wash|163\/303|[from] move: Pain Split
|move|p1a: Azumarill|Play Rough|p2a: Rotom-Wash
|-damage|p2a: Rotom-Wash|16\/303
|
|-heal|p2a: Rotom-Wash|213\/303|[from] move: Wish|[wisher] Clefable
|-heal|p2a: Rotom-Wash|231\/303|[from] item: Leftovers
|turn|26
|
|switch|p1a: Garchomp|Garchomp, F|357\/357
|-damage|p1a: Garchomp|335\/357|[from] Stealth Rock
|move|p2a: Rotom-Wash|Volt Switch|p1a: Garchomp
|-immune|p1a: Garchomp|[msg]
|
|-heal|p2a: Rotom-Wash|249\/303|[from] item: Leftovers
|turn|27
|
|move|p1a: Garchomp|Outrage|p2a: Rotom-Wash
|-damage|p2a: Rotom-Wash|93\/303
|move|p2a: Rotom-Wash|Will-O-Wisp|p1a: Garchomp
|-status|p1a: Garchomp|brn
|
|-heal|p2a: Rotom-Wash|111\/303|[from] item: Leftovers
|-damage|p1a: Garchomp|291\/357 brn|[from] brn
|turn|28
|
|move|p1a: Garchomp|Outrage|p2a: Rotom-Wash
|-damage|p2a: Rotom-Wash|30\/303
|move|p2a: Rotom-Wash|Pain Split|p1a: Garchomp
|-sethp|p1a: Garchomp|160\/357 brn|p2a: Rotom-Wash|160\/303|[from] move: Pain Split
|
|-end|p1a: Garchomp|rampage
|-start|p1a: Garchomp|confusion
|-heal|p2a: Rotom-Wash|178\/303|[from] item: Leftovers
|-damage|p1a: Garchomp|116\/357 brn|[from] brn
|turn|29
|
|-activate|p1a: Garchomp|confusion
|move|p1a: Garchomp|Outrage|p2a: Rotom-Wash
|-damage|p2a: Rotom-Wash|103\/303
|move|p2a: Rotom-Wash|Hydro Pump|p1a: Garchomp|[miss]
|-miss|p2a: Rotom-Wash|p1a: Garchomp
|
|-heal|p2a: Rotom-Wash|121\/303|[from] item: Leftovers
|-damage|p1a: Garchomp|72\/357 brn|[from] brn
|turn|30
|
|switch|p2a: Jirachi|Jirachi|180\/403
|-damage|p2a: Jirachi|155\/403|[from] Stealth Rock
|-activate|p1a: Garchomp|confusion
|-damage|p1a: Garchomp|45\/357 brn|[from] confusion
|
|-end|p1a: Garchomp|rampage
|-heal|p2a: Jirachi|180\/403|[from] item: Leftovers
|-damage|p1a: Garchomp|1\/357 brn|[from] brn
|turn|31
|
|switch|p1a: Thundurus|Thundurus, M|177\/299
|-damage|p1a: Thundurus|103\/299|[from] Stealth Rock
|move|p2a: Jirachi|U-turn|p1a: Thundurus
|-resisted|p1a: Thundurus
|-damage|p1a: Thundurus|67\/299
|
|switch|p2a: Tyranitar|Tyranitar, F|341\/341
|-damage|p2a: Tyranitar|299\/341|[from] Stealth Rock
|-weather|Sandstorm
|
|-weather|Sandstorm|[upkeep]
|-damage|p1a: Thundurus|49\/299|[from] sandstorm
|turn|32
|
|switch|p2a: Rotom-Wash|Rotom-Wash|121\/303
|-damage|p2a: Rotom-Wash|84\/303|[from] Stealth Rock
|move|p1a: Thundurus|Thunderbolt|p2a: Rotom-Wash
|-damage|p2a: Rotom-Wash|0 fnt
|-damage|p1a: Thundurus|20\/299|[from] item: Life Orb
|faint|p2a: Rotom-Wash
|
|-weather|Sandstorm|[upkeep]
|-damage|p1a: Thundurus|2\/299|[from] sandstorm
|
|switch|p2a: Jirachi|Jirachi|180\/403
|-damage|p2a: Jirachi|155\/403|[from] Stealth Rock
|turn|33
|
|move|p1a: Thundurus|Thunderbolt|p2a: Jirachi
|-damage|p2a: Jirachi|3\/403
|-damage|p1a: Thundurus|0 fnt|[from] item: Life Orb
|faint|p1a: Thundurus
|move|p2a: Jirachi|U-turn|p1: Thundurus|[notarget]
|-notarget
|
|-weather|Sandstorm|[upkeep]
|-heal|p2a: Jirachi|28\/403|[from] item: Leftovers
|
|switch|p1a: Azumarill|Azumarill, M|163\/403
|-damage|p1a: Azumarill|113\/403|[from] Stealth Rock
|turn|34
|
|move|p2a: Jirachi|Iron Head|p1a: Azumarill
|-crit|p1a: Azumarill
|-damage|p1a: Azumarill|0 fnt
|faint|p1a: Azumarill
|
|-weather|Sandstorm|[upkeep]
|-heal|p2a: Jirachi|53\/403|[from] item: Leftovers
|
|switch|p1a: Latios|Latios, M|177\/301
|-damage|p1a: Latios|140\/301|[from] Stealth Rock
|turn|35
|
|move|p1a: Latios|Surf|p2a: Jirachi
|-damage|p2a: Jirachi|0 fnt
|-damage|p1a: Latios|110\/301|[from] item: Life Orb
|faint|p2a: Jirachi
|
|-weather|none
|
|switch|p2a: Tyranitar|Tyranitar, F|299\/341
|-damage|p2a: Tyranitar|257\/341|[from] Stealth Rock
|-weather|Sandstorm
|turn|36
|
|switch|p1a: Garchomp|Garchomp, F|1\/357 brn
|-damage|p1a: Garchomp|0 fnt|[from] Stealth Rock
|faint|p1a: Garchomp
|move|p2a: Tyranitar|Crunch|p1: Garchomp|[notarget]
|-notarget
|
|-weather|Sandstorm|[upkeep]
|
|switch|p1a: Heatran|Heatran, M|77\/385
|-damage|p1a: Heatran|29\/385|[from] Stealth Rock
|turn|37
|
|move|p2a: Tyranitar|Crunch|p1a: Heatran
|-damage|p1a: Heatran|0 fnt
|faint|p1a: Heatran
|
|-weather|Sandstorm|[upkeep]
|
|switch|p1a: Latios|Latios, M|110\/301
|-damage|p1a: Latios|73\/301|[from] Stealth Rock
|turn|38
|
|move|p2a: Tyranitar|Crunch|p1a: Latios
|-supereffective|p1a: Latios
|-damage|p1a: Latios|0 fnt
|faint|p1a: Latios
|
|win|Horsea Whisperer
|raw|Ladder updating...
|raw|tidder's rating: 1445 &rarr; <strong>1426<\/strong><br \/>(-19 for losing)
|raw|Horsea Whisperer's rating: 1462 &rarr; <strong>1481<\/strong><br \/>(+19 for winning)
|c|★Horsea Whisperer|gg