|join|fdasfd
|join|BlueRaven506
|player|p1|fdasfd|170
|player|p2|BlueRaven506|87
|gametype|singles
|gen|6
|tier|UU
|rated
|rule|Sleep Clause Mod: Limit one foe put to sleep
|rule|Species Clause: Limit one of each Pokémon
|rule|OHKO Clause: OHKO moves are banned
|rule|Moody Clause: Moody is banned
|rule|Evasion Moves Clause: Evasion moves are banned
|rule|Endless Battle Clause: Forcing endless battles is banned
|rule|HP Percentage Mod: HP is shown in percentages
|clearpoke
|poke|p1|Pidgeot, M, shiny
|poke|p1|Starmie
|poke|p1|Krookodile, M
|poke|p1|Snorlax, M
|poke|p1|Jirachi
|poke|p1|Crobat, F
|poke|p2|Donphan, M
|poke|p2|Empoleon, M
|poke|p2|Beedrill, M
|poke|p2|Rotom-Mow
|poke|p2|Goodra, M
|poke|p2|Raikou
|rule|Swagger Clause: Swagger is banned
|rule|Baton Pass Clause: Limit one Pokémon knowing Baton Pass
|teampreview
|
|start
|switch|p1a: Crobat|Crobat, F|373\/373
|switch|p2a: Raikou|Raikou|321\/321
|-ability|p2a: Raikou|Pressure
|turn|1
|
|move|p1a: Crobat|U-turn|p2a: Raikou
|-damage|p2a: Raikou|252\/321
|
|switch|p1a: Krookodile|Krookodile, M|331\/331
|-ability|p1a: Krookodile|Intimidate|[of] p2a: Raikou
|-unboost|p2a: Raikou|atk|1
|move|p2a: Raikou|Hidden Power|p1a: Krookodile
|-crit|p1a: Krookodile
|-supereffective|p1a: Krookodile
|-damage|p1a: Krookodile|0 fnt
|faint|p1a: Krookodile
|
|
|switch|p1a: Snorlax|Snorlax, M|513\/513
|turn|2
|
|switch|p2a: Michelin|Donphan, M|384\/384
|move|p1a: Snorlax|Curse|p1a: Snorlax
|-boost|p1a: Snorlax|atk|1
|-boost|p1a: Snorlax|def|1
|-unboost|p1a: Snorlax|spe|1
|
|turn|3
|
|move|p2a: Michelin|Knock Off|p1a: Snorlax
|-damage|p1a: Snorlax|440\/513
|-enditem|p1a: Snorlax|Leftovers|[from] move: Knock Off|[of] p2a: Michelin
|move|p1a: Snorlax|Curse|p1a: Snorlax
|-boost|p1a: Snorlax|atk|1
|-boost|p1a: Snorlax|def|1
|-unboost|p1a: Snorlax|spe|1
|
|turn|4
|
|switch|p2a: Pingu|Empoleon, M|371\/371
|move|p1a: Snorlax|Curse|p1a: Snorlax
|-boost|p1a: Snorlax|atk|1
|-boost|p1a: Snorlax|def|1
|-unboost|p1a: Snorlax|spe|1
|
|turn|5
|
|move|p1a: Snorlax|Body Slam|p2a: Pingu
|-resisted|p2a: Pingu
|-damage|p2a: Pingu|212\/371
|move|p2a: Pingu|Roar|p1a: Snorlax
|drag|p1a: Starmie|Starmie|323\/323
|
|-heal|p2a: Pingu|235\/371|[from] item: Leftovers
|turn|6
|
|move|p1a: Starmie|Scald|p2a: Pingu
|-resisted|p2a: Pingu
|-damage|p2a: Pingu|201\/371
|move|p2a: Pingu|Stealth Rock|p1a: Starmie
|-sidestart|p1: fdasfd|move: Stealth Rock
|
|-heal|p2a: Pingu|224\/371|[from] item: Leftovers
|turn|7
|
|move|p1a: Starmie|Scald|p2a: Pingu
|-resisted|p2a: Pingu
|-damage|p2a: Pingu|188\/371
|move|p2a: Pingu|Toxic|p1a: Starmie
|-status|p1a: Starmie|tox
|
|-heal|p2a: Pingu|211\/371|[from] item: Leftovers
|-damage|p1a: Starmie|303\/323 tox|[from] psn
|turn|8
|
|move|p1a: Starmie|Scald|p2a: Pingu
|-crit|p2a: Pingu
|-resisted|p2a: Pingu
|-damage|p2a: Pingu|165\/371
|move|p2a: Pingu|Scald|p1a: Starmie
|-resisted|p1a: Starmie
|-damage|p1a: Starmie|245\/323 tox
|
|-heal|p1a: Starmie|265\/323 tox|[from] item: Leftovers
|-heal|p2a: Pingu|188\/371|[from] item: Leftovers
|-damage|p1a: Starmie|225\/323 tox|[from] psn
|turn|9
|
|move|p1a: Starmie|Recover|p1a: Starmie
|-heal|p1a: Starmie|323\/323 tox
|move|p2a: Pingu|Roar|p1a: Starmie
|drag|p1a: Snorlax|Snorlax, M|440\/513
|-damage|p1a: Snorlax|376\/513|[from] Stealth Rock
|
|-heal|p2a: Pingu|211\/371|[from] item: Leftovers
|turn|10
|
|move|p2a: Pingu|Scald|p1a: Snorlax
|-damage|p1a: Snorlax|307\/513
|move|p1a: Snorlax|Body Slam|p2a: Pingu
|-resisted|p2a: Pingu
|-damage|p2a: Pingu|156\/371
|
|-heal|p2a: Pingu|179\/371|[from] item: Leftovers
|turn|11
|
|move|p2a: Pingu|Scald|p1a: Snorlax
|-damage|p1a: Snorlax|238\/513
|-status|p1a: Snorlax|brn
|move|p1a: Snorlax|Body Slam|p2a: Pingu
|-resisted|p2a: Pingu
|-damage|p2a: Pingu|146\/371
|
|-heal|p2a: Pingu|169\/371|[from] item: Leftovers
|-damage|p1a: Snorlax|174\/513 brn|[from] brn
|turn|12
|
|move|p2a: Pingu|Scald|p1a: Snorlax
|-damage|p1a: Snorlax|95\/513 brn
|move|p1a: Snorlax|Rest|p1a: Snorlax
|-status|p1a: Snorlax|slp
|-heal|p1a: Snorlax|513\/513 slp|[silent]
|-status|p1a: Snorlax|slp|[from] move: Rest
|
|-heal|p2a: Pingu|192\/371|[from] item: Leftovers
|turn|13
|
|move|p2a: Pingu|Scald|p1a: Snorlax
|-damage|p1a: Snorlax|438\/513 slp
|cant|p1a: Snorlax|slp
|move|p1a: Snorlax|Sleep Talk|p1a: Snorlax
|move|p1a: Snorlax|Rest|p1a: Snorlax|[from]Sleep Talk
|-fail|p1a: Snorlax
|
|-heal|p2a: Pingu|215\/371|[from] item: Leftovers
|turn|14
|
|move|p2a: Pingu|Scald|p1a: Snorlax
|-damage|p1a: Snorlax|365\/513 slp
|cant|p1a: Snorlax|slp
|move|p1a: Snorlax|Sleep Talk|p1a: Snorlax
|move|p1a: Snorlax|Curse|p1a: Snorlax|[from]Sleep Talk
|-boost|p1a: Snorlax|atk|1
|-boost|p1a: Snorlax|def|1
|-unboost|p1a: Snorlax|spe|1
|
|-heal|p2a: Pingu|238\/371|[from] item: Leftovers
|turn|15
|
|move|p2a: Pingu|Scald|p1a: Snorlax
|-crit|p1a: Snorlax
|-damage|p1a: Snorlax|263\/513 slp
|-curestatus|p1a: Snorlax|slp
|move|p1a: Snorlax|Body Slam|p2a: Pingu
|-crit|p2a: Pingu
|-resisted|p2a: Pingu
|-damage|p2a: Pingu|109\/371
|
|-heal|p2a: Pingu|132\/371|[from] item: Leftovers
|turn|16
|
|move|p1a: Snorlax|Rest|p1a: Snorlax
|-status|p1a: Snorlax|slp
|-heal|p1a: Snorlax|513\/513 slp|[silent]
|-status|p1a: Snorlax|slp|[from] move: Rest
|move|p2a: Pingu|Roar|p1a: Snorlax
|drag|p1a: Starmie|Starmie|323\/323
|-damage|p1a: Starmie|283\/323|[from] Stealth Rock
|
|-heal|p1a: Starmie|303\/323|[from] item: Leftovers
|-heal|p2a: Pingu|155\/371|[from] item: Leftovers
|turn|17
|
|move|p1a: Starmie|Rapid Spin|p2a: Pingu
|-resisted|p2a: Pingu
|-damage|p2a: Pingu|148\/371
|-sideend|p1: fdasfd|Stealth Rock|[from] move: Rapid Spin|[of] p1a: Starmie
|move|p2a: Pingu|Scald|p1a: Starmie
|-resisted|p1a: Starmie
|-damage|p1a: Starmie|249\/323
|-status|p1a: Starmie|brn
|
|-heal|p1a: Starmie|269\/323 brn|[from] item: Leftovers
|-heal|p2a: Pingu|171\/371|[from] item: Leftovers
|-damage|p1a: Starmie|229\/323 brn|[from] brn
|turn|18
|
|move|p1a: Starmie|Scald|p2a: Pingu
|-resisted|p2a: Pingu
|-damage|p2a: Pingu|139\/371
|move|p2a: Pingu|Stealth Rock|p1a: Starmie
|-sidestart|p1: fdasfd|move: Stealth Rock
|
|-heal|p1a: Starmie|249\/323 brn|[from] item: Leftovers
|-heal|p2a: Pingu|162\/371|[from] item: Leftovers
|-damage|p1a: Starmie|209\/323 brn|[from] brn
|turn|19
|
|move|p1a: Starmie|Scald|p2a: Pingu
|-resisted|p2a: Pingu
|-damage|p2a: Pingu|126\/371
|move|p2a: Pingu|Scald|p1a: Starmie
|-resisted|p1a: Starmie
|-damage|p1a: Starmie|145\/323 brn
|
|-heal|p1a: Starmie|165\/323 brn|[from] item: Leftovers
|-heal|p2a: Pingu|149\/371|[from] item: Leftovers
|-damage|p1a: Starmie|125\/323 brn|[from] brn
|turn|20
|
|switch|p2a: scRotom-Bush|Rotom-Mow|241\/241
|move|p1a: Starmie|Recover|p1a: Starmie
|-heal|p1a: Starmie|287\/323 brn
|
|-heal|p1a: Starmie|307\/323 brn|[from] item: Leftovers
|-damage|p1a: Starmie|267\/323 brn|[from] brn
|turn|21
|
|switch|p1a: Snorlax|Snorlax, M|513\/513 slp
|-damage|p1a: Snorlax|449\/513 slp|[from] Stealth Rock
|move|p2a: scRotom-Bush|Thunderbolt|p1a: Snorlax
|-damage|p1a: Snorlax|313\/513 slp
|
|turn|22
|
|move|p2a: scRotom-Bush|Thunderbolt|p1a: Snorlax
|-damage|p1a: Snorlax|163\/513 slp
|cant|p1a: Snorlax|slp
|move|p1a: Snorlax|Sleep Talk|p1a: Snorlax
|move|p1a: Snorlax|Body Slam|p2a: scRotom-Bush|[from]Sleep Talk
|-damage|p2a: scRotom-Bush|139\/241
|
|turn|23
|
|move|p2a: scRotom-Bush|Thunderbolt|p1a: Snorlax
|-damage|p1a: Snorlax|10\/513 slp
|cant|p1a: Snorlax|slp
|move|p1a: Snorlax|Sleep Talk|p1a: Snorlax
|move|p1a: Snorlax|Rest|p1a: Snorlax|[from]Sleep Talk
|-fail|p1a: Snorlax
|
|turn|24
|
|move|p2a: scRotom-Bush|Thunderbolt|p1a: Snorlax
|-damage|p1a: Snorlax|0 fnt
|faint|p1a: Snorlax
|
|
|switch|p1a: Jirachi|Jirachi|341\/341
|-damage|p1a: Jirachi|320\/341|[from] Stealth Rock
|turn|25
|
|switch|p2a: Michelin|Donphan, M|384\/384
|move|p1a: Jirachi|Iron Head|p2a: Michelin
|-damage|p2a: Michelin|309\/384
|
|-heal|p2a: Michelin|333\/384|[from] item: Leftovers
|turn|26
|
|switch|p1a: Starmie|Starmie|267\/323
|-damage|p1a: Starmie|227\/323|[from] Stealth Rock
|move|p2a: Michelin|Knock Off|p1a: Starmie
|-supereffective|p1a: Starmie
|-damage|p1a: Starmie|23\/323
|-enditem|p1a: Starmie|Leftovers|[from] move: Knock Off|[of] p2a: Michelin
|
|-heal|p2a: Michelin|357\/384|[from] item: Leftovers
|turn|27
|
|move|p2a: Michelin|Ice Shard|p1a: Starmie
|-resisted|p1a: Starmie
|-damage|p1a: Starmie|4\/323
|move|p1a: Starmie|Scald|p2a: Michelin
|-supereffective|p2a: Michelin
|-damage|p2a: Michelin|79\/384
|
|-heal|p2a: Michelin|103\/384|[from] item: Leftovers
|turn|28
|
|move|p2a: Michelin|Ice Shard|p1a: Starmie
|-resisted|p1a: Starmie
|-damage|p1a: Starmie|0 fnt
|faint|p1a: Starmie
|
|-heal|p2a: Michelin|127\/384|[from] item: Leftovers
|
|switch|p1a: Jirachi|Jirachi|320\/341
|-damage|p1a: Jirachi|299\/341|[from] Stealth Rock
|turn|29
|
|move|p1a: Jirachi|Iron Head|p2a: Michelin
|-damage|p2a: Michelin|46\/384
|move|p2a: Michelin|Knock Off|p1a: Jirachi
|-supereffective|p1a: Jirachi
|-damage|p1a: Jirachi|129\/341
|-enditem|p1a: Jirachi|Choice Scarf|[from] move: Knock Off|[of] p2a: Michelin
|
|-heal|p2a: Michelin|70\/384|[from] item: Leftovers
|turn|30
|
|switch|p2a: Pingu|Empoleon, M|149\/371
|move|p1a: Jirachi|Iron Head|p2a: Pingu
|-resisted|p2a: Pingu
|-damage|p2a: Pingu|115\/371
|
|-heal|p2a: Pingu|138\/371|[from] item: Leftovers
|turn|31
|
|move|p1a: Jirachi|Trick|p2a: Pingu
|-activate|p1a: Jirachi|move: Trick|[of] p2a: Pingu
|-item|p1a: Jirachi|Leftovers|[from] move: Trick
|move|p2a: Pingu|Scald|p1a: Jirachi
|-damage|p1a: Jirachi|17\/341
|
|-heal|p1a: Jirachi|38\/341|[from] item: Leftovers
|turn|32
|
|move|p1a: Jirachi|Iron Head|p2a: Pingu
|-crit|p2a: Pingu
|-resisted|p2a: Pingu
|-damage|p2a: Pingu|93\/371
|move|p2a: Pingu|Scald|p1a: Jirachi
|-crit|p1a: Jirachi
|-damage|p1a: Jirachi|0 fnt
|faint|p1a: Jirachi
|
|
|switch|p1a: Pidgeot|Pidgeot, M, shiny|307\/307
|-damage|p1a: Pidgeot|231\/307|[from] Stealth Rock
|turn|33
|
|detailschange|p1a: Pidgeot|Pidgeot-Mega, M, shiny
|-mega|p1a: Pidgeot|Pidgeot|Pidgeotite
|move|p1a: Pidgeot|Heat Wave|p2a: Pingu
|-damage|p2a: Pingu|13\/371
|move|p2a: Pingu|Scald|p1a: Pidgeot
|-damage|p1a: Pidgeot|39\/307
|
|turn|34
|
|move|p1a: Pidgeot|Heat Wave|p2a: Pingu
|-damage|p2a: Pingu|0 fnt
|faint|p2a: Pingu
|
|
|switch|p2a: Michelin|Donphan, M|70\/384
|turn|35
|-message|fdasfd forfeited.
|leave|fdasfd
|
|win|BlueRaven506
|raw|Ladder updating...
|player|p1