|join|Rflp
|join|New Light
|player|p1|Rflp|290
|player|p2|New Light|156
|gametype|singles
|gen|6
|tier|OU
|rated
|clearpoke
|poke|p1|Heracross, F
|poke|p1|Magnezone
|poke|p1|Thundurus, M
|poke|p1|Heatran, M
|poke|p1|Landorus-Therian, M
|poke|p1|Azumarill, F
|poke|p2|Politoed, F, shiny
|poke|p2|Manaphy
|poke|p2|Klefki, M
|poke|p2|Kabutops, M
|poke|p2|Venusaur, F
|poke|p2|Landorus-Therian, M
|rule|Swagger Clause: Swagger is banned
|rule|Baton Pass Clause: Limit one Pokémon knowing Baton Pass
|rule|Sleep Clause Mod: Limit one foe put to sleep
|rule|Species Clause: Limit one of each Pokémon
|rule|OHKO Clause: OHKO moves are banned
|rule|Moody Clause: Moody is banned
|rule|Evasion Moves Clause: Evasion moves are banned
|rule|Endless Battle Clause: Forcing endless battles is banned
|rule|HP Percentage Mod: HP is shown in percentages
|teampreview
|
|start
|switch|p1a: Thundurus|Thundurus, M|299\/299
|switch|p2a: Ollie|Politoed, F, shiny|384\/384
|-weather|RainDance
|turn|1
|
|switch|p2a: Venusaur|Venusaur, F|364\/364
|move|p1a: Thundurus|Hidden Power|p2a: Venusaur
|-supereffective|p2a: Venusaur
|-damage|p2a: Venusaur|258\/364
|
|-weather|RainDance|[upkeep]
|turn|2
|
|switch|p1a: Heatran|Heatran, M|344\/344
|detailschange|p2a: Venusaur|Venusaur-Mega, F
|message|Venusaur has Mega Evolved into Mega Venusaur!
|move|p2a: Venusaur|Giga Drain|p1a: Heatran
|-resisted|p1a: Heatran
|-damage|p1a: Heatran|322\/344
|-heal|p2a: Venusaur|269\/364|[from] drain|[of] p1a: Heatran
|
|-weather|RainDance|[upkeep]
|-heal|p1a: Heatran|343\/344|[from] item: Leftovers
|turn|3
|
|switch|p2a: Wrath|Kabutops, M|262\/262
|move|p1a: Heatran|Toxic|p2a: Wrath
|-status|p2a: Wrath|tox
|
|-weather|RainDance|[upkeep]
|-heal|p1a: Heatran|344\/344|[from] item: Leftovers
|-damage|p2a: Wrath|246\/262 tox|[from] psn
|turn|4
|
|move|p1a: Heatran|Protect|p1a: Heatran
|-singleturn|p1a: Heatran|Protect
|move|p2a: Wrath|Waterfall|p1a: Heatran
|-activate|p1a: Heatran|Protect
|
|-weather|RainDance|[upkeep]
|-damage|p2a: Wrath|214\/262 tox|[from] psn
|turn|5
|
|switch|p1a: Azumarill|Azumarill, F|401\/401
|move|p2a: Wrath|Waterfall|p1a: Azumarill
|-resisted|p1a: Azumarill
|-damage|p1a: Azumarill|244\/401
|-damage|p2a: Wrath|188\/262 tox|[from] item: Life Orb
|
|-weather|RainDance|[upkeep]
|-damage|p2a: Wrath|140\/262 tox|[from] psn
|turn|6
|
|switch|p2a: Venusaur|Venusaur-Mega, F|269\/364
|switch|p1a: Landorus-Therian|Landorus-Therian, M|381\/381
|-ability|p1a: Landorus-Therian|Intimidate|[of] p2a: Venusaur
|-unboost|p2a: Venusaur|atk|1
|
|-weather|RainDance|[upkeep]
|turn|7
|
|move|p1a: Landorus-Therian|Stealth Rock|p2a: Venusaur
|-sidestart|p2: New Light|move: Stealth Rock
|move|p2a: Venusaur|Giga Drain|p1a: Landorus-Therian
|-damage|p1a: Landorus-Therian|261\/381
|-heal|p2a: Venusaur|329\/364|[from] drain|[of] p1a: Landorus-Therian
|
|-weather|RainDance|[upkeep]
|-heal|p1a: Landorus-Therian|284\/381|[from] item: Leftovers
|turn|8
|
|move|p1a: Landorus-Therian|U-turn|p2a: Venusaur
|-damage|p2a: Venusaur|262\/364
|
|switch|p1a: Heracross|Heracross, F|311\/311
|move|p2a: Venusaur|Giga Drain|p1a: Heracross
|-resisted|p1a: Heracross
|-damage|p1a: Heracross|255\/311
|-heal|p2a: Venusaur|290\/364|[from] drain|[of] p1a: Heracross
|
|-weather|none
|turn|9
|
|switch|p2a: Landorus-Therian|Landorus-Therian, M|382\/382
|-damage|p2a: Landorus-Therian|335\/382|[from] Stealth Rock
|-ability|p2a: Landorus-Therian|Intimidate|[of] p1a: Heracross
|-unboost|p1a: Heracross|atk|1
|detailschange|p1a: Heracross|Heracross-Mega, F
|message|Heracross has Mega Evolved into Mega Heracross!
|move|p1a: Heracross|Swords Dance|p1a: Heracross
|-boost|p1a: Heracross|atk|2
|
|-heal|p2a: Landorus-Therian|358\/382|[from] item: Leftovers
|turn|10
|
|move|p1a: Heracross|Rock Blast|p2a: Landorus-Therian|[miss]
|-miss|p1a: Heracross|p2a: Landorus-Therian
|move|p2a: Landorus-Therian|Stealth Rock|p1a: Heracross
|-sidestart|p1: Rflp|move: Stealth Rock
|
|-heal|p2a: Landorus-Therian|381\/382|[from] item: Leftovers
|turn|11
|
|move|p1a: Heracross|Close Combat|p2a: Landorus-Therian
|-resisted|p2a: Landorus-Therian
|-damage|p2a: Landorus-Therian|159\/382
|-unboost|p1a: Heracross|def|1
|-unboost|p1a: Heracross|spd|1
|move|p2a: Landorus-Therian|U-turn|p1a: Heracross
|-resisted|p1a: Heracross
|-damage|p1a: Heracross|192\/311
|
|switch|p2a: CCR|Manaphy|374\/374
|-damage|p2a: CCR|328\/374|[from] Stealth Rock
|
|-heal|p2a: CCR|351\/374|[from] item: Leftovers
|turn|12
|
|move|p2a: CCR|Scald|p1a: Heracross
|-damage|p1a: Heracross|15\/311
|move|p1a: Heracross|Pin Missile|p2a: CCR
|-damage|p2a: CCR|255\/374
|-damage|p2a: CCR|165\/374
|-damage|p2a: CCR|83\/374
|-damage|p2a: CCR|0 fnt
|-hitcount|p2a: CCR|4
|faint|p2a: CCR
|
|
|switch|p2a: Klefki|Klefki, M|318\/318
|-damage|p2a: Klefki|299\/318|[from] Stealth Rock
|turn|13
|
|move|p1a: Heracross|Close Combat|p2a: Klefki
|-damage|p2a: Klefki|0 fnt
|-unboost|p1a: Heracross|def|1
|-unboost|p1a: Heracross|spd|1
|faint|p2a: Klefki
|
|-message|New Light forfeited.
|
|win|Rflp
|raw|Ladder updating...
|leave|New Light
|player|p2
|raw|Rflp's rating: 1736 &rarr; <strong>1759<\/strong><br \/>(+23 for winning)
|raw|New Light's rating: 1788 &rarr; <strong>1765<\/strong><br \/>(-23 for losing)