|join|New Light
|join|DeepTrouble
|player|p1|New Light|156
|player|p2|DeepTrouble|153
|gametype|singles
|gen|6
|tier|OU
|rated
|clearpoke
|poke|p1|Ninetales, F, shiny
|poke|p1|Mandibuzz, F
|poke|p1|Dugtrio, M
|poke|p1|Venusaur, M
|poke|p1|Charizard, M, shiny
|poke|p1|Victini
|poke|p2|Diancie
|poke|p2|Gothitelle, M
|poke|p2|Talonflame, M
|poke|p2|Thundurus, M
|poke|p2|Bisharp, M
|poke|p2|Latios, M
|rule|Swagger Clause: Swagger is banned
|rule|Baton Pass Clause: Limit one Pokémon knowing Baton Pass
|rule|Sleep Clause Mod: Limit one foe put to sleep
|rule|Species Clause: Limit one of each Pokémon
|rule|OHKO Clause: OHKO moves are banned
|rule|Moody Clause: Moody is banned
|rule|Evasion Moves Clause: Evasion moves are banned
|rule|Endless Battle Clause: Forcing endless battles is banned
|rule|HP Percentage Mod: HP is shown in percentages
|teampreview
|
|start
|switch|p1a: Charizard|Charizard, M, shiny|297\/297
|switch|p2a: Diancie|Diancie|253\/253
|turn|1
|
|detailschange|p1a: Charizard|Charizard-Mega-Y, M, shiny
|-mega|p1a: Charizard|Charizard|Charizardite Y
|-weather|SunnyDay
|detailschange|p2a: Diancie|Diancie-Mega
|-mega|p2a: Diancie|Diancie|Diancite
|move|p1a: Charizard|Solar Beam|p2a: Diancie|[still]
|-prepare|p1a: Charizard|Solar Beam|p2a: Diancie
|-anim|p1a: Charizard|Solar Beam|p2a: Diancie
|-supereffective|p2a: Diancie
|-damage|p2a: Diancie|0 fnt
|faint|p2a: Diancie
|
|-weather|SunnyDay|[upkeep]
|
|switch|p2a: Thundurus|Thundurus, M|300\/300
|turn|2
|
|switch|p1a: Dugtrio|Dugtrio, M|211\/211
|move|p2a: Thundurus|Hidden Power|p1a: Dugtrio
|-supereffective|p1a: Dugtrio
|-enditem|p1a: Dugtrio|Focus Sash
|-damage|p1a: Dugtrio|1\/211
|-damage|p2a: Thundurus|270\/300|[from] item: Life Orb
|
|-weather|SunnyDay|[upkeep]
|turn|3
|
|switch|p2a: Bisharp|Bisharp, M|300\/300
|move|p1a: Dugtrio|Stealth Rock|p2a: Bisharp
|-sidestart|p2: DeepTrouble|move: Stealth Rock
|
|-weather|SunnyDay|[upkeep]
|turn|4
|
|switch|p1a: Mandibuzz|Mandibuzz, F|423\/423
|move|p2a: Bisharp|Sucker Punch|p1a: Mandibuzz
|-fail|p1a: Mandibuzz
|
|-weather|SunnyDay|[upkeep]
|turn|5
|
|switch|p2a: Latios|Latios, M|301\/301
|-damage|p2a: Latios|264\/301|[from] Stealth Rock
|move|p1a: Mandibuzz|Foul Play|p2a: Latios
|-supereffective|p2a: Latios
|-damage|p2a: Latios|36\/301
|
|-weather|none
|turn|6
|
|switch|p1a: Ninetales|Ninetales, F, shiny|349\/349
|-weather|SunnyDay
|move|p2a: Latios|Defog|p1a: Ninetales
|-unboost|p1a: Ninetales|evasion|1
|-sideend|p2: DeepTrouble|Stealth Rock|[from] move: Defog|[of] p2a: Latios
|
|-weather|SunnyDay|[upkeep]
|turn|7
|
|move|p2a: Latios|Draco Meteor|p1a: Ninetales
|-damage|p1a: Ninetales|90\/349
|-unboost|p2a: Latios|spa|2
|-damage|p2a: Latios|6\/301|[from] item: Life Orb
|move|p1a: Ninetales|Flamethrower|p2a: Latios
|-resisted|p2a: Latios
|-damage|p2a: Latios|0 fnt
|faint|p2a: Latios
|
|-weather|SunnyDay|[upkeep]
|
|switch|p2a: Gothitelle|Gothitelle, M|344\/344
|turn|8
|
|move|p1a: Ninetales|Flamethrower|p2a: Gothitelle
|-damage|p2a: Gothitelle|260\/344
|move|p2a: Gothitelle|Light Screen|p2a: Gothitelle
|-sidestart|p2: DeepTrouble|move: Light Screen
|
|-weather|SunnyDay|[upkeep]
|turn|9
|
|move|p1a: Ninetales|Will-O-Wisp|p2a: Gothitelle
|-status|p2a: Gothitelle|brn
|move|p2a: Gothitelle|Toxic|p1a: Ninetales
|-status|p1a: Ninetales|tox
|
|-weather|SunnyDay|[upkeep]
|-damage|p1a: Ninetales|69\/349 tox|[from] psn
|-damage|p2a: Gothitelle|217\/344 brn|[from] brn
|turn|10
|
|move|p2a: Gothitelle|Protect|p2a: Gothitelle
|-singleturn|p2a: Gothitelle|Protect
|move|p1a: Ninetales|Rest|p1a: Ninetales
|-status|p1a: Ninetales|slp
|-heal|p1a: Ninetales|349\/349 slp|[silent]
|-status|p1a: Ninetales|slp|[from] move: Rest
|
|-weather|SunnyDay|[upkeep]
|-damage|p2a: Gothitelle|174\/344 brn|[from] brn
|turn|11
|
|cant|p1a: Ninetales|slp
|move|p1a: Ninetales|Sleep Talk|p1a: Ninetales
|move|p1a: Ninetales|Rest|p1a: Ninetales|[from]Sleep Talk
|-fail|p1a: Ninetales
|move|p2a: Gothitelle|Rest|p2a: Gothitelle
|-status|p2a: Gothitelle|slp
|-heal|p2a: Gothitelle|344\/344 slp|[silent]
|-status|p2a: Gothitelle|slp|[from] move: Rest
|-enditem|p2a: Gothitelle|Chesto Berry|[eat]
|-curestatus|p2a: Gothitelle|slp
|
|-weather|SunnyDay|[upkeep]
|turn|12
|
|switch|p2a: Thundurus|Thundurus, M|270\/300
|cant|p1a: Ninetales|slp
|move|p1a: Ninetales|Sleep Talk|p1a: Ninetales
|move|p1a: Ninetales|Rest|p1a: Ninetales|[from]Sleep Talk
|-fail|p1a: Ninetales
|
|-weather|SunnyDay|[upkeep]
|-sideend|p2: DeepTrouble|move: Light Screen
|turn|13
|
|move|p2a: Thundurus|Volt Switch|p1a: Ninetales
|-damage|p1a: Ninetales|215\/349 slp
|-damage|p2a: Thundurus|240\/300|[from] item: Life Orb
|
|switch|p2a: Gothitelle|Gothitelle, M|344\/344
|-curestatus|p1a: Ninetales|slp
|move|p1a: Ninetales|Flamethrower|p2a: Gothitelle
|-damage|p2a: Gothitelle|250\/344
|
|-weather|none
|turn|14
|
|move|p1a: Ninetales|Will-O-Wisp|p2a: Gothitelle|[miss]
|-miss|p1a: Ninetales|p2a: Gothitelle
|move|p2a: Gothitelle|Toxic|p1a: Ninetales
|-status|p1a: Ninetales|tox
|
|-damage|p1a: Ninetales|194\/349 tox|[from] psn
|turn|15
|
|move|p1a: Ninetales|Will-O-Wisp|p2a: Gothitelle
|-status|p2a: Gothitelle|brn
|move|p2a: Gothitelle|Light Screen|p2a: Gothitelle
|-sidestart|p2: DeepTrouble|move: Light Screen
|
|-damage|p1a: Ninetales|152\/349 tox|[from] psn
|-damage|p2a: Gothitelle|207\/344 brn|[from] brn
|turn|16
|
|move|p1a: Ninetales|Rest|p1a: Ninetales
|-status|p1a: Ninetales|slp
|-heal|p1a: Ninetales|349\/349 slp|[silent]
|-status|p1a: Ninetales|slp|[from] move: Rest
|move|p2a: Gothitelle|Rest|p2a: Gothitelle
|-status|p2a: Gothitelle|slp
|-heal|p2a: Gothitelle|344\/344 slp|[silent]
|-status|p2a: Gothitelle|slp|[from] move: Rest
|
|turn|17
|
|switch|p2a: Bisharp|Bisharp, M|300\/300
|cant|p1a: Ninetales|slp
|move|p1a: Ninetales|Sleep Talk|p1a: Ninetales
|move|p1a: Ninetales|Will-O-Wisp|p2a: Bisharp|[from]Sleep Talk
|-status|p2a: Bisharp|brn
|
|-damage|p2a: Bisharp|263\/300 brn|[from] brn
|turn|18
|-message|DeepTrouble forfeited.
|leave|DeepTrouble
|
|win|New Light
|raw|Ladder updating...
|raw|New Light's rating: 1769 &rarr; <strong>1775<\/strong><br \/>(+6 for winning)
|raw|DeepTrouble's rating: 1483 &rarr; <strong>1477<\/strong><br \/>(-6 for losing)
|player|p2