|join|Ox the Box
|join|New Light
|join|MTL Manectric
|player|p1|Ox the Box|201
|player|p2|New Light|156
|gametype|singles
|gen|6
|tier|OU
|rated
|clearpoke
|poke|p1|Charizard, M, shiny
|poke|p1|Venusaur, F, shiny
|poke|p1|Tyranitar, M
|poke|p1|Excadrill, M
|poke|p1|Ferrothorn, F
|poke|p1|Keldeo
|poke|p2|Keldeo
|poke|p2|Metagross
|poke|p2|Entei, shiny
|poke|p2|Tyranitar, M
|poke|p2|Chesnaught, M
|poke|p2|Excadrill, F
|rule|Swagger Clause: Swagger is banned
|rule|Baton Pass Clause: Limit one Pokémon knowing Baton Pass
|rule|Sleep Clause Mod: Limit one foe put to sleep
|rule|Species Clause: Limit one of each Pokémon
|rule|OHKO Clause: OHKO moves are banned
|rule|Moody Clause: Moody is banned
|rule|Evasion Moves Clause: Evasion moves are banned
|rule|Endless Battle Clause: Forcing endless battles is banned
|rule|HP Percentage Mod: HP is shown in percentages
|teampreview
|c|★Ox the Box|glhf
|c|★New Light|u2
|join|anchorage
|join|tmpu
|join|BattleXV
|
|start
|switch|p1a: Tyranitar|Tyranitar, M|382\/382
|switch|p2a: Entei|Entei, shiny|371\/371
|-ability|p2a: Entei|Pressure
|-weather|Sandstorm
|turn|1
|join|Alldaalts
|
|move|p2a: Entei|Sacred Fire|p1a: Tyranitar
|-resisted|p1a: Tyranitar
|-damage|p1a: Tyranitar|277\/382
|-status|p1a: Tyranitar|brn
|-damage|p2a: Entei|334\/371|[from] item: Life Orb
|move|p1a: Tyranitar|Pursuit|p2a: Entei
|-damage|p2a: Entei|264\/371
|
|-weather|Sandstorm|[upkeep]
|-damage|p2a: Entei|241\/371|[from] sandstorm
|-damage|p1a: Tyranitar|230\/382 brn|[from] brn
|turn|2
|c|★Ox the Box|can u please stop
|c|★Ox the Box|100% burn I swear
|
|move|p1a: Tyranitar|Pursuit|p2a: Entei|[from]Pursuit
|-damage|p2a: Entei|106\/371
|switch|p2a: Tyranitar|Tyranitar, M|403\/403
|
|-weather|Sandstorm|[upkeep]
|-damage|p1a: Tyranitar|183\/382 brn|[from] brn
|turn|3
|
|switch|p1a: Ferrothorn|Ferrothorn, F|352\/352
|move|p2a: Tyranitar|Stealth Rock|p1a: Ferrothorn
|-sidestart|p1: Ox the Box|move: Stealth Rock
|
|-weather|Sandstorm|[upkeep]
|turn|4
|
|move|p2a: Tyranitar|Fire Blast|p1a: Ferrothorn|[miss]
|-miss|p2a: Tyranitar|p1a: Ferrothorn
|move|p1a: Ferrothorn|Stealth Rock|p2a: Tyranitar
|-sidestart|p2: New Light|move: Stealth Rock
|
|-weather|Sandstorm|[upkeep]
|turn|5
|
|switch|p2a: Chesnaught|Chesnaught, M|379\/379
|-damage|p2a: Chesnaught|356\/379|[from] Stealth Rock
|switch|p1a: Tyranitar|Tyranitar, M|183\/382 brn
|-damage|p1a: Tyranitar|136\/382 brn|[from] Stealth Rock
|
|-weather|none
|-heal|p2a: Chesnaught|379\/379|[from] item: Leftovers
|-damage|p1a: Tyranitar|89\/382 brn|[from] brn
|turn|6
|
|switch|p1a: Charizard|Charizard, M, shiny|297\/297
|-damage|p1a: Charizard|149\/297|[from] Stealth Rock
|move|p2a: Chesnaught|Spikes|p1a: Charizard
|-sidestart|p1: Ox the Box|Spikes
|
|turn|7
|
|detailschange|p1a: Charizard|Charizard-Mega-Y, M, shiny
|-mega|p1a: Charizard|Charizard|Charizardite Y
|-weather|SunnyDay
|move|p2a: Chesnaught|Spiky Shield|p2a: Chesnaught
|-singleturn|p2a: Chesnaught|move: Protect
|move|p1a: Charizard|Earthquake|p2a: Chesnaught
|-activate|p2a: Chesnaught|move: Protect
|
|-weather|SunnyDay|[upkeep]
|turn|8
|
|switch|p2a: Tyranitar|Tyranitar, M|403\/403
|-damage|p2a: Tyranitar|353\/403|[from] Stealth Rock
|-weather|Sandstorm
|move|p1a: Charizard|Roost|p1a: Charizard
|-heal|p1a: Charizard|297\/297
|
|-weather|Sandstorm|[upkeep]
|-damage|p1a: Charizard|279\/297|[from] sandstorm
|turn|9
|
|move|p1a: Charizard|Earthquake|p2a: Tyranitar
|-supereffective|p2a: Tyranitar
|-damage|p2a: Tyranitar|213\/403
|move|p2a: Tyranitar|Stone Edge|p1a: Charizard|[miss]
|-miss|p2a: Tyranitar|p1a: Charizard
|
|-weather|Sandstorm|[upkeep]
|-damage|p1a: Charizard|261\/297|[from] sandstorm
|turn|10
|c|★Ox the Box|sry
|c| BattleXV|:O
|
|move|p1a: Charizard|Earthquake|p2a: Tyranitar
|-supereffective|p2a: Tyranitar
|-damage|p2a: Tyranitar|85\/403
|move|p2a: Tyranitar|Stone Edge|p1a: Charizard
|-supereffective|p1a: Charizard
|-damage|p1a: Charizard|0 fnt
|faint|p1a: Charizard
|
|-weather|Sandstorm|[upkeep]
|join|don't use mega
|-message|Ox the Box forfeited.
|leave|Ox the Box
|
|win|New Light
|raw|Ladder updating...
|raw|Ox the Box's rating: 1797 &rarr; <strong>1773<\/strong><br \/>(-24 for losing)
|raw|New Light's rating: 1718 &rarr; <strong>1742<\/strong><br \/>(+24 for winning)
|player|p1
|leave|BattleXV