|join|lil manaphy
|join|New Light
|player|p1|lil manaphy|9
|player|p2|New Light|156
|gametype|singles
|gen|6
|tier|OU
|rated
|clearpoke
|poke|p1|Lopunny, F
|poke|p1|Gothitelle, F
|poke|p1|Rotom-Wash
|poke|p1|Celebi
|poke|p1|Heatran, M
|poke|p1|Mandibuzz, F
|poke|p2|Keldeo
|poke|p2|Metagross
|poke|p2|Skarmory, F
|poke|p2|Tyranitar, F
|poke|p2|Kyurem-Black, shiny
|poke|p2|Slowbro, F, shiny
|rule|Swagger Clause: Swagger is banned
|rule|Baton Pass Clause: Limit one Pokémon knowing Baton Pass
|rule|Sleep Clause Mod: Limit one foe put to sleep
|rule|Species Clause: Limit one of each Pokémon
|rule|OHKO Clause: OHKO moves are banned
|rule|Moody Clause: Moody is banned
|rule|Evasion Moves Clause: Evasion moves are banned
|rule|Endless Battle Clause: Forcing endless battles is banned
|rule|HP Percentage Mod: HP is shown in percentages
|teampreview
|
|start
|switch|p1a: Lopunny|Lopunny, F|271\/271
|switch|p2a: Kyurem-Black|Kyurem-Black, shiny|391\/391
|-ability|p2a: Kyurem-Black|Teravolt
|turn|1
|
|switch|p2a: Skarmory|Skarmory, F|333\/333
|detailschange|p1a: Lopunny|Lopunny-Mega, F
|-mega|p1a: Lopunny|Lopunny|Lopunnite
|move|p1a: Lopunny|Drain Punch|p2a: Skarmory
|-damage|p2a: Skarmory|260\/333
|-damage|p1a: Lopunny|226\/271|[from] item: Rocky Helmet|[of] p2a: Skarmory
|
|turn|2
|
|switch|p1a: Penny traiton|Heatran, M|383\/383
|move|p2a: Skarmory|Spikes|p1a: Penny traiton
|-sidestart|p1: lil manaphy|Spikes
|
|turn|3
|
|switch|p2a: Tyranitar|Tyranitar, F|404\/404
|-weather|Sandstorm
|move|p1a: Penny traiton|Lava Plume|p2a: Tyranitar
|-resisted|p2a: Tyranitar
|-damage|p2a: Tyranitar|377\/404
|-status|p2a: Tyranitar|brn
|
|-weather|Sandstorm|[upkeep]
|-heal|p2a: Tyranitar|402\/404 brn|[from] item: Leftovers
|-damage|p2a: Tyranitar|352\/404 brn|[from] brn
|turn|4
|
|switch|p1a: Mandibuzz|Mandibuzz, F|424\/424
|move|p2a: Tyranitar|Stealth Rock|p1a: Mandibuzz
|-sidestart|p1: lil manaphy|move: Stealth Rock
|
|-weather|Sandstorm|[upkeep]
|-heal|p2a: Tyranitar|377\/404 brn|[from] item: Leftovers
|-damage|p2a: Tyranitar|327\/404 brn|[from] brn
|turn|5
|
|switch|p2a: Kyurem-Black|Kyurem-Black, shiny|391\/391
|-ability|p2a: Kyurem-Black|Teravolt
|move|p1a: Mandibuzz|Defog|p2a: Kyurem-Black
|-unboost|p2a: Kyurem-Black|evasion|1
|-sideend|p1: lil manaphy|Spikes|[from] move: Defog|[of] p1a: Mandibuzz
|-sideend|p1: lil manaphy|Stealth Rock|[from] move: Defog|[of] p1a: Mandibuzz
|
|-weather|Sandstorm|[upkeep]
|-damage|p2a: Kyurem-Black|367\/391|[from] sandstorm
|-heal|p2a: Kyurem-Black|391\/391|[from] item: Leftovers
|turn|6
|
|switch|p1a: Gothitelle|Gothitelle, F|301\/301
|move|p2a: Kyurem-Black|Substitute|p2a: Kyurem-Black
|-start|p2a: Kyurem-Black|Substitute
|-damage|p2a: Kyurem-Black|294\/391
|
|-weather|Sandstorm|[upkeep]
|-damage|p1a: Gothitelle|283\/301|[from] sandstorm
|-damage|p2a: Kyurem-Black|270\/391|[from] sandstorm
|-heal|p2a: Kyurem-Black|294\/391|[from] item: Leftovers
|turn|7
|
|move|p1a: Gothitelle|Psychic|p2a: Kyurem-Black
|-end|p2a: Kyurem-Black|Substitute
|move|p2a: Kyurem-Black|Ice Beam|p1a: Gothitelle
|-damage|p1a: Gothitelle|142\/301
|
|-weather|none
|-heal|p2a: Kyurem-Black|318\/391|[from] item: Leftovers
|turn|8
|
|move|p1a: Gothitelle|Psychic|p2a: Kyurem-Black
|-damage|p2a: Kyurem-Black|156\/391
|-unboost|p2a: Kyurem-Black|spd|1
|move|p2a: Kyurem-Black|Ice Beam|p1a: Gothitelle
|-damage|p1a: Gothitelle|0 fnt
|faint|p1a: Gothitelle
|
|-heal|p2a: Kyurem-Black|180\/391|[from] item: Leftovers
|
|switch|p1a: Lopunny|Lopunny-Mega, F|226\/271
|turn|9
|
|switch|p2a: Slowbro|Slowbro, F, shiny|394\/394
|move|p1a: Lopunny|Drain Punch|p2a: Slowbro
|-resisted|p2a: Slowbro
|-damage|p2a: Slowbro|346\/394
|-heal|p1a: Lopunny|250\/271|[from] drain|[of] p2a: Slowbro
|
|-heal|p2a: Slowbro|370\/394|[from] item: Leftovers
|turn|10
|
|switch|p1a: Rotom-Wash|Rotom-Wash|303\/303
|move|p2a: Slowbro|Scald|p1a: Rotom-Wash
|-resisted|p1a: Rotom-Wash
|-damage|p1a: Rotom-Wash|260\/303
|
|-heal|p1a: Rotom-Wash|278\/303|[from] item: Leftovers
|-heal|p2a: Slowbro|394\/394|[from] item: Leftovers
|turn|11
|
|switch|p2a: Tyranitar|Tyranitar, F|327\/404 brn
|-weather|Sandstorm
|move|p1a: Rotom-Wash|Volt Switch|p2a: Tyranitar
|-damage|p2a: Tyranitar|284\/404 brn
|
|switch|p1a: Lopunny|Lopunny-Mega, F|250\/271
|
|-weather|Sandstorm|[upkeep]
|-damage|p1a: Lopunny|234\/271|[from] sandstorm
|-heal|p2a: Tyranitar|309\/404 brn|[from] item: Leftovers
|-damage|p2a: Tyranitar|259\/404 brn|[from] brn
|turn|12
|
|switch|p2a: Skarmory|Skarmory, F|260\/333
|move|p1a: Lopunny|Drain Punch|p2a: Skarmory
|-damage|p2a: Skarmory|187\/333
|-heal|p1a: Lopunny|271\/271|[from] drain|[of] p2a: Skarmory
|-damage|p1a: Lopunny|226\/271|[from] item: Rocky Helmet|[of] p2a: Skarmory
|
|-weather|Sandstorm|[upkeep]
|-damage|p1a: Lopunny|210\/271|[from] sandstorm
|turn|13
|
|switch|p1a: Rotom-Wash|Rotom-Wash|278\/303
|move|p2a: Skarmory|Spikes|p1a: Rotom-Wash
|-sidestart|p1: lil manaphy|Spikes
|
|-weather|Sandstorm|[upkeep]
|-damage|p1a: Rotom-Wash|260\/303|[from] sandstorm
|-heal|p1a: Rotom-Wash|278\/303|[from] item: Leftovers
|turn|14
|
|switch|p2a: Tyranitar|Tyranitar, F|259\/404 brn
|move|p1a: Rotom-Wash|Volt Switch|p2a: Tyranitar
|-damage|p2a: Tyranitar|217\/404 brn
|
|switch|p1a: Mandibuzz|Mandibuzz, F|424\/424
|
|-weather|Sandstorm|[upkeep]
|-heal|p2a: Tyranitar|242\/404 brn|[from] item: Leftovers
|-damage|p2a: Tyranitar|192\/404 brn|[from] brn
|turn|15
|
|switch|p2a: Keldeo|Keldeo|323\/323
|move|p1a: Mandibuzz|Defog|p2a: Keldeo
|-unboost|p2a: Keldeo|evasion|1
|-sideend|p1: lil manaphy|Spikes|[from] move: Defog|[of] p1a: Mandibuzz
|
|-weather|none
|turn|16
|
|switch|p1a: Celebi|Celebi|404\/404
|move|p2a: Keldeo|Scald|p1a: Celebi
|-resisted|p1a: Celebi
|-damage|p1a: Celebi|327\/404
|
|-heal|p1a: Celebi|352\/404|[from] item: Leftovers
|turn|17
|
|switch|p2a: Metagross|Metagross|301\/301
|move|p1a: Celebi|Baton Pass|p1a: Celebi
|
|switch|p1a: Mandibuzz|Mandibuzz, F|424\/424
|
|turn|18
|
|switch|p2a: Keldeo|Keldeo|323\/323
|move|p1a: Mandibuzz|Foul Play|p2a: Keldeo
|-resisted|p2a: Keldeo
|-damage|p2a: Keldeo|281\/323
|-boost|p2a: Keldeo|atk|1|[from] ability: Justified
|
|turn|19
|
|move|p2a: Keldeo|Scald|p1a: Mandibuzz
|-damage|p1a: Mandibuzz|184\/424
|move|p1a: Mandibuzz|Foul Play|p2a: Keldeo
|-resisted|p2a: Keldeo
|-damage|p2a: Keldeo|215\/323
|-boost|p2a: Keldeo|atk|1|[from] ability: Justified
|
|turn|20
|
|switch|p2a: Kyurem-Black|Kyurem-Black, shiny|180\/391
|-ability|p2a: Kyurem-Black|Teravolt
|switch|p1a: Celebi|Celebi|352\/404
|
|-heal|p2a: Kyurem-Black|204\/391|[from] item: Leftovers
|-heal|p1a: Celebi|377\/404|[from] item: Leftovers
|turn|21
|
|switch|p1a: Penny traiton|Heatran, M|383\/383
|move|p2a: Kyurem-Black|Substitute|p2a: Kyurem-Black
|-start|p2a: Kyurem-Black|Substitute
|-damage|p2a: Kyurem-Black|107\/391
|
|-heal|p2a: Kyurem-Black|131\/391|[from] item: Leftovers
|turn|22
|
|move|p2a: Kyurem-Black|Earth Power|p1a: Penny traiton
|-supereffective|p1a: Penny traiton
|-damage|p1a: Penny traiton|67\/383
|move|p1a: Penny traiton|Lava Plume|p2a: Kyurem-Black
|-end|p2a: Kyurem-Black|Substitute
|
|-heal|p2a: Kyurem-Black|155\/391|[from] item: Leftovers
|-heal|p1a: Penny traiton|90\/383|[from] item: Leftovers
|turn|23
|
|switch|p1a: Lopunny|Lopunny-Mega, F|210\/271
|move|p2a: Kyurem-Black|Earth Power|p1a: Lopunny
|-damage|p1a: Lopunny|88\/271
|
|-heal|p2a: Kyurem-Black|179\/391|[from] item: Leftovers
|turn|24
|
|switch|p2a: Skarmory|Skarmory, F|187\/333
|move|p1a: Lopunny|Drain Punch|p2a: Skarmory
|-damage|p2a: Skarmory|100\/333
|-heal|p1a: Lopunny|132\/271|[from] drain|[of] p2a: Skarmory
|-damage|p1a: Lopunny|87\/271|[from] item: Rocky Helmet|[of] p2a: Skarmory
|
|turn|25
|
|switch|p1a: Penny traiton|Heatran, M|90\/383
|move|p2a: Skarmory|Roost|p2a: Skarmory
|-heal|p2a: Skarmory|267\/333
|
|-heal|p1a: Penny traiton|113\/383|[from] item: Leftovers
|turn|26
|
|switch|p2a: Kyurem-Black|Kyurem-Black, shiny|179\/391
|-ability|p2a: Kyurem-Black|Teravolt
|move|p1a: Penny traiton|Stealth Rock|p2a: Kyurem-Black
|-sidestart|p2: New Light|move: Stealth Rock
|
|-heal|p2a: Kyurem-Black|203\/391|[from] item: Leftovers
|-heal|p1a: Penny traiton|136\/383|[from] item: Leftovers
|turn|27
|
|switch|p1a: Celebi|Celebi|377\/404
|move|p2a: Kyurem-Black|Earth Power|p1a: Celebi
|-resisted|p1a: Celebi
|-damage|p1a: Celebi|338\/404
|-unboost|p1a: Celebi|spd|1
|
|-heal|p2a: Kyurem-Black|227\/391|[from] item: Leftovers
|-heal|p1a: Celebi|363\/404|[from] item: Leftovers
|turn|28
|
|move|p2a: Kyurem-Black|Substitute|p2a: Kyurem-Black
|-start|p2a: Kyurem-Black|Substitute
|-damage|p2a: Kyurem-Black|130\/391
|move|p1a: Celebi|Baton Pass|p1a: Celebi
|
|switch|p1a: Rotom-Wash|Rotom-Wash|278\/303
|
|-heal|p2a: Kyurem-Black|154\/391|[from] item: Leftovers
|-heal|p1a: Rotom-Wash|296\/303|[from] item: Leftovers
|turn|29
|
|switch|p1a: Mandibuzz|Mandibuzz, F|184\/424
|move|p2a: Kyurem-Black|Earth Power|p1a: Mandibuzz
|-immune|p1a: Mandibuzz|[msg]
|
|-heal|p2a: Kyurem-Black|178\/391|[from] item: Leftovers
|turn|30
|
|move|p2a: Kyurem-Black|Ice Beam|p1a: Mandibuzz
|-supereffective|p1a: Mandibuzz
|-damage|p1a: Mandibuzz|0 fnt
|faint|p1a: Mandibuzz
|
|-heal|p2a: Kyurem-Black|202\/391|[from] item: Leftovers
|
|switch|p1a: Celebi|Celebi|363\/404
|turn|31
|
|move|p2a: Kyurem-Black|Ice Beam|p1a: Celebi
|-crit|p1a: Celebi
|-supereffective|p1a: Celebi
|-damage|p1a: Celebi|13\/404
|move|p1a: Celebi|Perish Song|p1a: Celebi
|-fieldactivate|move: Perish Song
|
|-start|p2a: Kyurem-Black|perish3
|-start|p1a: Celebi|perish3
|-heal|p2a: Kyurem-Black|226\/391|[from] item: Leftovers
|-heal|p1a: Celebi|38\/404|[from] item: Leftovers
|turn|32
|
|switch|p1a: Penny traiton|Heatran, M|136\/383
|move|p2a: Kyurem-Black|Earth Power|p1a: Penny traiton
|-supereffective|p1a: Penny traiton
|-damage|p1a: Penny traiton|0 fnt
|faint|p1a: Penny traiton
|
|-start|p2a: Kyurem-Black|perish2
|-heal|p2a: Kyurem-Black|250\/391|[from] item: Leftovers
|
|switch|p1a: Celebi|Celebi|38\/404
|turn|33
|
|move|p2a: Kyurem-Black|Earth Power|p1a: Celebi
|-resisted|p1a: Celebi
|-damage|p1a: Celebi|0 fnt
|faint|p1a: Celebi
|
|-start|p2a: Kyurem-Black|perish1
|-heal|p2a: Kyurem-Black|274\/391|[from] item: Leftovers
|
|switch|p1a: Lopunny|Lopunny-Mega, F|87\/271
|turn|34
|
|move|p1a: Lopunny|Drain Punch|p2a: Kyurem-Black
|-supereffective|p2a: Kyurem-Black
|-end|p2a: Kyurem-Black|Substitute
|-heal|p1a: Lopunny|136\/271|[from] drain|[of] p2a: Kyurem-Black
|move|p2a: Kyurem-Black|Earth Power|p1a: Lopunny
|-damage|p1a: Lopunny|28\/271
|-unboost|p1a: Lopunny|spd|1
|
|-start|p2a: Kyurem-Black|perish0
|faint|p2a: Kyurem-Black
|
|switch|p2a: Metagross|Metagross|301\/301
|-damage|p2a: Metagross|283\/301|[from] Stealth Rock
|turn|35
|
|switch|p1a: Rotom-Wash|Rotom-Wash|296\/303
|detailschange|p2a: Metagross|Metagross-Mega
|-mega|p2a: Metagross|Metagross|Metagrossite
|move|p2a: Metagross|Zen Headbutt|p1a: Rotom-Wash
|-damage|p1a: Rotom-Wash|157\/303
|
|-heal|p1a: Rotom-Wash|175\/303|[from] item: Leftovers
|turn|36
|
|move|p2a: Metagross|Zen Headbutt|p1a: Rotom-Wash
|-damage|p1a: Rotom-Wash|33\/303
|move|p1a: Rotom-Wash|Pain Split|p2a: Metagross
|-sethp|p2a: Metagross|158\/301|p1a: Rotom-Wash|158\/303|[from] move: Pain Split
|
|-heal|p1a: Rotom-Wash|176\/303|[from] item: Leftovers
|turn|37
|
|move|p2a: Metagross|Zen Headbutt|p1a: Rotom-Wash
|-damage|p1a: Rotom-Wash|38\/303
|move|p1a: Rotom-Wash|Volt Switch|p2a: Metagross
|-damage|p2a: Metagross|80\/301
|
|switch|p1a: Lopunny|Lopunny-Mega, F|28\/271
|
|turn|38
|
|switch|p2a: Skarmory|Skarmory, F|267\/333
|-damage|p2a: Skarmory|226\/333|[from] Stealth Rock
|move|p1a: Lopunny|Drain Punch|p2a: Skarmory
|-damage|p2a: Skarmory|150\/333
|-heal|p1a: Lopunny|66\/271|[from] drain|[of] p2a: Skarmory
|-damage|p1a: Lopunny|21\/271|[from] item: Rocky Helmet|[of] p2a: Skarmory
|
|turn|39
|
|switch|p1a: Rotom-Wash|Rotom-Wash|38\/303
|move|p2a: Skarmory|Roost|p2a: Skarmory
|-heal|p2a: Skarmory|317\/333
|
|-heal|p1a: Rotom-Wash|56\/303|[from] item: Leftovers
|turn|40
|
|move|p1a: Rotom-Wash|Volt Switch|p2a: Skarmory
|-supereffective|p2a: Skarmory
|-damage|p2a: Skarmory|65\/333
|
|switch|p1a: Lopunny|Lopunny-Mega, F|21\/271
|move|p2a: Skarmory|Spikes|p1a: Lopunny
|-sidestart|p1: lil manaphy|Spikes
|
|turn|41
|
|switch|p1a: Rotom-Wash|Rotom-Wash|56\/303
|switch|p2a: Slowbro|Slowbro, F, shiny|394\/394
|-damage|p2a: Slowbro|345\/394|[from] Stealth Rock
|
|-heal|p1a: Rotom-Wash|74\/303|[from] item: Leftovers
|-heal|p2a: Slowbro|369\/394|[from] item: Leftovers
|turn|42
|
|switch|p2a: Tyranitar|Tyranitar, F|192\/404 brn
|-damage|p2a: Tyranitar|142\/404 brn|[from] Stealth Rock
|-weather|Sandstorm
|move|p1a: Rotom-Wash|Pain Split|p2a: Tyranitar
|-sethp|p2a: Tyranitar|108\/404 brn|p1a: Rotom-Wash|108\/303|[from] move: Pain Split
|
|-weather|Sandstorm|[upkeep]
|-damage|p1a: Rotom-Wash|90\/303|[from] sandstorm
|-heal|p1a: Rotom-Wash|108\/303|[from] item: Leftovers
|-heal|p2a: Tyranitar|133\/404 brn|[from] item: Leftovers
|-damage|p2a: Tyranitar|83\/404 brn|[from] brn
|turn|43
|
|move|p1a: Rotom-Wash|Hydro Pump|p2a: Tyranitar
|-supereffective|p2a: Tyranitar
|-damage|p2a: Tyranitar|0 fnt
|faint|p2a: Tyranitar
|
|-weather|Sandstorm|[upkeep]
|-damage|p1a: Rotom-Wash|90\/303|[from] sandstorm
|-heal|p1a: Rotom-Wash|108\/303|[from] item: Leftovers
|
|switch|p2a: Keldeo|Keldeo|215\/323
|-damage|p2a: Keldeo|195\/323|[from] Stealth Rock
|turn|44
|
|move|p2a: Keldeo|Secret Sword|p1a: Rotom-Wash
|-damage|p1a: Rotom-Wash|0 fnt
|faint|p1a: Rotom-Wash
|
|-weather|Sandstorm|[upkeep]
|-damage|p2a: Keldeo|175\/323|[from] sandstorm
|-message|lil manaphy forfeited.
|leave|lil manaphy
|
|win|New Light
|raw|Ladder updating...
|player|p1
|raw|lil manaphy's rating: 1837 &rarr; <strong>1807<\/strong><br \/>(-30 for losing)
|raw|New Light's rating: 1631 &rarr; <strong>1661<\/strong><br \/>(+30 for winning)