|join|gecci01102014
|join|BurgerTeamTesting
|player|p1|gecci01102014|101
|player|p2|BurgerTeamTesting|115
|gametype|singles
|gen|6
|tier|OU
|rated
|clearpoke
|poke|p1|Cofagrigus, F
|poke|p1|Venusaur, F
|poke|p1|Heatran, M
|poke|p1|Chansey, F
|poke|p1|Skarmory, F
|poke|p1|Quagsire, M
|poke|p2|Charizard, M
|poke|p2|Conkeldurr, M
|poke|p2|Landorus-Therian, M
|poke|p2|Ferrothorn, M
|poke|p2|Latias, F
|poke|p2|Heatran, M
|rule|Swagger Clause: Swagger is banned
|rule|Baton Pass Clause: Limit one Pokémon knowing Baton Pass
|rule|Sleep Clause Mod: Limit one foe put to sleep
|rule|Species Clause: Limit one of each Pokémon
|rule|OHKO Clause: OHKO moves are banned
|rule|Moody Clause: Moody is banned
|rule|Evasion Moves Clause: Evasion moves are banned
|rule|Endless Battle Clause: Forcing endless battles is banned
|rule|HP Percentage Mod: HP is shown in percentages
|teampreview
|
|start
|switch|p1a: Skarmory|Skarmory, F|333\/333
|switch|p2a: Charizard|Charizard, M|360\/360
|turn|1
|join|OneNoob
|
|switch|p1a: Heatran|Heatran, M|385\/385
|detailschange|p2a: Charizard|Charizard-Mega-X, M
|message|Charizard has Mega Evolved into Mega Charizard!
|move|p2a: Charizard|Dragon Claw|p1a: Heatran
|-resisted|p1a: Heatran
|-damage|p1a: Heatran|318\/385
|
|-heal|p1a: Heatran|342\/385|[from] item: Leftovers
|turn|2
|
|switch|p1a: Quagsire|Quagsire, M|394\/394
|move|p2a: Charizard|Earthquake|p1a: Quagsire
|-damage|p1a: Quagsire|313\/394
|
|-heal|p1a: Quagsire|337\/394|[from] item: Leftovers
|turn|3
|
|move|p2a: Charizard|Will-O-Wisp|p1a: Quagsire
|-status|p1a: Quagsire|brn
|move|p1a: Quagsire|Yawn|p2a: Charizard
|-start|p2a: Charizard|move: Yawn|[of] p1a: Quagsire
|
|-heal|p1a: Quagsire|361\/394 brn|[from] item: Leftovers
|-damage|p1a: Quagsire|312\/394 brn|[from] brn
|turn|4
|
|switch|p2a: Ferrothorn|Ferrothorn, M|352\/352
|move|p1a: Quagsire|Scald|p2a: Ferrothorn
|-resisted|p2a: Ferrothorn
|-damage|p2a: Ferrothorn|330\/352
|-status|p2a: Ferrothorn|brn
|
|-heal|p1a: Quagsire|336\/394 brn|[from] item: Leftovers
|-heal|p2a: Ferrothorn|352\/352 brn|[from] item: Leftovers
|-damage|p1a: Quagsire|287\/394 brn|[from] brn
|-damage|p2a: Ferrothorn|308\/352 brn|[from] brn
|turn|5
|
|switch|p1a: Heatran|Heatran, M|342\/385
|move|p2a: Ferrothorn|Spikes|p1a: Heatran
|-sidestart|p1: gecci01102014|Spikes
|
|-heal|p1a: Heatran|366\/385|[from] item: Leftovers
|-heal|p2a: Ferrothorn|330\/352 brn|[from] item: Leftovers
|-damage|p2a: Ferrothorn|286\/352 brn|[from] brn
|turn|6
|
|switch|p2a: Heatran|Heatran, M|386\/386
|move|p1a: Heatran|Stealth Rock|p2a: Heatran
|-sidestart|p2: BurgerTeamTesting|move: Stealth Rock
|
|-heal|p1a: Heatran|385\/385|[from] item: Leftovers
|turn|7
|
|move|p2a: Heatran|Stealth Rock|p1a: Heatran
|-sidestart|p1: gecci01102014|move: Stealth Rock
|move|p1a: Heatran|Roar|p2a: Heatran
|drag|p2a: Ferrothorn|Ferrothorn, M|286\/352 brn
|-damage|p2a: Ferrothorn|264\/352 brn|[from] Stealth Rock
|
|-heal|p2a: Ferrothorn|286\/352 brn|[from] item: Leftovers
|-damage|p2a: Ferrothorn|242\/352 brn|[from] brn
|turn|8
|
|switch|p2a: Conkeldurr|Conkeldurr, M|414\/414
|-damage|p2a: Conkeldurr|389\/414|[from] Stealth Rock
|move|p1a: Heatran|Lava Plume|p2a: Conkeldurr
|-damage|p2a: Conkeldurr|289\/414
|-status|p2a: Conkeldurr|brn
|
|-damage|p2a: Conkeldurr|238\/414 brn|[from] brn
|turn|9
|
|switch|p1a: Venusaur|Venusaur, F|363\/363
|-damage|p1a: Venusaur|318\/363|[from] Spikes
|-damage|p1a: Venusaur|273\/363|[from] Stealth Rock
|move|p2a: Conkeldurr|Ice Punch|p1a: Venusaur
|-supereffective|p1a: Venusaur
|-damage|p1a: Venusaur|27\/363
|-status|p1a: Venusaur|frz
|
|-damage|p2a: Conkeldurr|187\/414 brn|[from] brn
|turn|10
|
|detailschange|p1a: Venusaur|Venusaur-Mega, F
|message|Venusaur has Mega Evolved into Mega Venusaur!
|cant|p1a: Venusaur|frz
|move|p2a: Conkeldurr|Knock Off|p1a: Venusaur
|-damage|p1a: Venusaur|0 fnt
|faint|p1a: Venusaur
|
|-damage|p2a: Conkeldurr|136\/414 brn|[from] brn
|
|switch|p1a: Cofagrigus|Cofagrigus, F|319\/319
|-damage|p1a: Cofagrigus|280\/319|[from] Spikes
|-damage|p1a: Cofagrigus|241\/319|[from] Stealth Rock
|turn|11
|
|move|p2a: Conkeldurr|Knock Off|p1a: Cofagrigus
|-supereffective|p1a: Cofagrigus
|-damage|p1a: Cofagrigus|21\/319
|-endability|p2a: Conkeldurr|guts|[from] Mummy
|-ability|p2a: Conkeldurr|Mummy|[from] Mummy
|-enditem|p1a: Cofagrigus|Leftovers|[from] move: Knock Off|[of] p2a: Conkeldurr
|move|p1a: Cofagrigus|Shadow Ball|p2a: Conkeldurr
|-damage|p2a: Conkeldurr|54\/414 brn
|
|-damage|p2a: Conkeldurr|3\/414 brn|[from] brn
|turn|12
|
|switch|p2a: Ferrothorn|Ferrothorn, M|242\/352 brn
|-damage|p2a: Ferrothorn|220\/352 brn|[from] Stealth Rock
|move|p1a: Cofagrigus|Shadow Ball|p2a: Ferrothorn
|-damage|p2a: Ferrothorn|153\/352 brn
|
|-heal|p2a: Ferrothorn|175\/352 brn|[from] item: Leftovers
|-damage|p2a: Ferrothorn|131\/352 brn|[from] brn
|turn|13
|
|move|p1a: Cofagrigus|Shadow Ball|p2a: Ferrothorn
|-damage|p2a: Ferrothorn|58\/352 brn
|move|p2a: Ferrothorn|Spikes|p1a: Cofagrigus
|-sidestart|p1: gecci01102014|Spikes
|
|-heal|p2a: Ferrothorn|80\/352 brn|[from] item: Leftovers
|-damage|p2a: Ferrothorn|36\/352 brn|[from] brn
|turn|14
|
|move|p1a: Cofagrigus|Shadow Ball|p2a: Ferrothorn
|-damage|p2a: Ferrothorn|0 fnt
|faint|p2a: Ferrothorn
|
|
|switch|p2a: Charizard|Charizard-Mega-X, M|360\/360
|-damage|p2a: Charizard|270\/360|[from] Stealth Rock
|turn|15
|leave|OneNoob
|
|move|p2a: Charizard|Dragon Claw|p1a: Cofagrigus
|-damage|p1a: Cofagrigus|0 fnt
|-endability|p2a: Charizard|toughclaws|[from] Mummy
|-ability|p2a: Charizard|Mummy|[from] Mummy
|faint|p1a: Cofagrigus
|
|
|switch|p1a: Quagsire|Quagsire, M|287\/394 brn
|-damage|p1a: Quagsire|263\/394 brn|[from] Stealth Rock
|-damage|p1a: Quagsire|198\/394 brn|[from] Spikes
|turn|16
|
|move|p2a: Charizard|Dragon Claw|p1a: Quagsire
|-damage|p1a: Quagsire|96\/394 brn
|move|p1a: Quagsire|Recover|p1a: Quagsire
|-heal|p1a: Quagsire|293\/394 brn
|
|-heal|p1a: Quagsire|317\/394 brn|[from] item: Leftovers
|-damage|p1a: Quagsire|268\/394 brn|[from] brn
|turn|17
|
|move|p2a: Charizard|Roost|p2a: Charizard
|-heal|p2a: Charizard|360\/360
|move|p1a: Quagsire|Recover|p1a: Quagsire
|-heal|p1a: Quagsire|394\/394 brn
|
|-damage|p1a: Quagsire|345\/394 brn|[from] brn
|turn|18
|
|switch|p2a: Latias|Latias, F|305\/305
|-damage|p2a: Latias|267\/305|[from] Stealth Rock
|move|p1a: Quagsire|Yawn|p2a: Latias
|-start|p2a: Latias|move: Yawn|[of] p1a: Quagsire
|
|-heal|p1a: Quagsire|369\/394 brn|[from] item: Leftovers
|-damage|p1a: Quagsire|320\/394 brn|[from] brn
|turn|19
|
|switch|p2a: Landorus-Therian|Landorus-Therian, M|319\/319
|-damage|p2a: Landorus-Therian|280\/319|[from] Stealth Rock
|-ability|p2a: Landorus-Therian|Intimidate|[of] p1a: Quagsire
|-unboost|p1a: Quagsire|atk|1
|switch|p1a: Heatran|Heatran, M|385\/385
|-damage|p1a: Heatran|337\/385|[from] Stealth Rock
|-damage|p1a: Heatran|273\/385|[from] Spikes
|
|-heal|p1a: Heatran|297\/385|[from] item: Leftovers
|turn|20
|
|switch|p1a: Skarmory|Skarmory, F|333\/333
|-damage|p1a: Skarmory|292\/333|[from] Stealth Rock
|move|p2a: Landorus-Therian|Earthquake|p1a: Skarmory
|-immune|p1a: Skarmory|[msg]
|
|turn|21
|
|switch|p2a: Heatran|Heatran, M|386\/386
|-damage|p2a: Heatran|338\/386|[from] Stealth Rock
|move|p1a: Skarmory|Spikes|p2a: Heatran
|-sidestart|p2: BurgerTeamTesting|Spikes
|
|-heal|p2a: Heatran|362\/386|[from] item: Leftovers
|turn|22
|
|switch|p2a: Charizard|Charizard-Mega-X, M|360\/360
|-damage|p2a: Charizard|270\/360|[from] Stealth Rock
|-damage|p2a: Charizard|225\/360|[from] Spikes
|switch|p1a: Chansey|Chansey, F|671\/671
|-damage|p1a: Chansey|560\/671|[from] Spikes
|-damage|p1a: Chansey|477\/671|[from] Stealth Rock
|
|turn|23
|
|move|p2a: Charizard|Roost|p2a: Charizard
|-heal|p2a: Charizard|360\/360
|move|p1a: Chansey|Toxic|p2a: Charizard
|-status|p2a: Charizard|tox
|
|-damage|p2a: Charizard|338\/360 tox|[from] psn
|turn|24
|
|switch|p2a: Latias|Latias, F|267\/305
|-damage|p2a: Latias|229\/305|[from] Stealth Rock
|move|p1a: Chansey|Soft-Boiled|p1a: Chansey
|-heal|p1a: Chansey|671\/671
|
|turn|25
|
|move|p2a: Latias|Defog|p1a: Chansey
|-unboost|p1a: Chansey|evasion|1
|-sideend|p1: gecci01102014|Spikes|[from] move: Defog|[of] p1a: Chansey
|-sideend|p1: gecci01102014|Stealth Rock|[from] move: Defog|[of] p1a: Chansey
|-sideend|p2: BurgerTeamTesting|Spikes|[from] move: Defog|[of] p2a: Latias
|-sideend|p2: BurgerTeamTesting|Stealth Rock|[from] move: Defog|[of] p2a: Latias
|move|p1a: Chansey|Toxic|p2a: Latias
|-status|p2a: Latias|tox
|
|-damage|p2a: Latias|210\/305 tox|[from] psn
|turn|26
|
|move|p2a: Latias|Healing Wish|p2a: Latias
|faint|p2a: Latias
|move|p1a: Chansey|Seismic Toss|p2: Latias|[notarget]
|-notarget
|
|
|switch|p2a: Conkeldurr|Conkeldurr, M|3\/414 brn
|-heal|p2a: Conkeldurr|414\/414|[from] move: Healing Wish
|turn|27
|
|switch|p1a: Quagsire|Quagsire, M|320\/394 brn
|move|p2a: Conkeldurr|Knock Off|p1a: Quagsire
|-damage|p1a: Quagsire|222\/394 brn
|-enditem|p1a: Quagsire|Leftovers|[from] move: Knock Off|[of] p2a: Conkeldurr
|
|-damage|p1a: Quagsire|173\/394 brn|[from] brn
|turn|28
|
|move|p2a: Conkeldurr|Drain Punch|p1a: Quagsire
|-damage|p1a: Quagsire|53\/394 brn
|move|p1a: Quagsire|Recover|p1a: Quagsire
|-heal|p1a: Quagsire|250\/394 brn
|
|-damage|p1a: Quagsire|201\/394 brn|[from] brn
|turn|29
|
|move|p2a: Conkeldurr|Drain Punch|p1a: Quagsire
|-damage|p1a: Quagsire|92\/394 brn
|move|p1a: Quagsire|Recover|p1a: Quagsire
|-heal|p1a: Quagsire|289\/394 brn
|
|-damage|p1a: Quagsire|240\/394 brn|[from] brn
|turn|30
|
|switch|p2a: Landorus-Therian|Landorus-Therian, M|280\/319
|-ability|p2a: Landorus-Therian|Intimidate|[of] p1a: Quagsire
|-unboost|p1a: Quagsire|atk|1
|move|p1a: Quagsire|Recover|p1a: Quagsire
|-heal|p1a: Quagsire|394\/394 brn
|
|-damage|p1a: Quagsire|345\/394 brn|[from] brn
|turn|31
|
|move|p2a: Landorus-Therian|U-turn|p1a: Quagsire
|-damage|p1a: Quagsire|278\/394 brn
|
|switch|p2a: Conkeldurr|Conkeldurr, M|414\/414
|move|p1a: Quagsire|Scald|p2a: Conkeldurr
|-crit|p2a: Conkeldurr
|-damage|p2a: Conkeldurr|329\/414
|
|-damage|p1a: Quagsire|229\/394 brn|[from] brn
|turn|32
|
|switch|p2a: Landorus-Therian|Landorus-Therian, M|280\/319
|-ability|p2a: Landorus-Therian|Intimidate|[of] p1a: Quagsire
|-unboost|p1a: Quagsire|atk|1
|move|p1a: Quagsire|Yawn|p2a: Landorus-Therian
|-start|p2a: Landorus-Therian|move: Yawn|[of] p1a: Quagsire
|
|-damage|p1a: Quagsire|180\/394 brn|[from] brn
|turn|33
|
|move|p2a: Landorus-Therian|U-turn|p1a: Quagsire
|-damage|p1a: Quagsire|112\/394 brn
|
|switch|p2a: Conkeldurr|Conkeldurr, M|329\/414
|move|p1a: Quagsire|Recover|p1a: Quagsire
|-heal|p1a: Quagsire|309\/394 brn
|
|-damage|p1a: Quagsire|260\/394 brn|[from] brn
|turn|34
|
|move|p2a: Conkeldurr|Drain Punch|p1a: Quagsire
|-damage|p1a: Quagsire|151\/394 brn
|-heal|p2a: Conkeldurr|384\/414|[from] drain|[of] p1a: Quagsire
|move|p1a: Quagsire|Scald|p2a: Conkeldurr
|-damage|p2a: Conkeldurr|335\/414
|-status|p2a: Conkeldurr|brn
|
|-damage|p2a: Conkeldurr|284\/414 brn|[from] brn
|-damage|p1a: Quagsire|102\/394 brn|[from] brn
|turn|35
|
|move|p2a: Conkeldurr|Drain Punch|p1a: Quagsire
|-damage|p1a: Quagsire|0 fnt
|-heal|p2a: Conkeldurr|335\/414 brn|[from] drain|[of] p1a: Quagsire
|faint|p1a: Quagsire
|
|-damage|p2a: Conkeldurr|284\/414 brn|[from] brn
|
|switch|p1a: Skarmory|Skarmory, F|292\/333
|turn|36
|
|switch|p2a: Heatran|Heatran, M|362\/386
|move|p1a: Skarmory|Drill Peck|p2a: Heatran
|-crit|p2a: Heatran
|-resisted|p2a: Heatran
|-damage|p2a: Heatran|305\/386
|
|-heal|p2a: Heatran|329\/386|[from] item: Leftovers
|turn|37
|
|switch|p1a: Heatran|Heatran, M|297\/385
|move|p2a: Heatran|Stealth Rock|p1a: Heatran
|-sidestart|p1: gecci01102014|move: Stealth Rock
|
|-heal|p2a: Heatran|353\/386|[from] item: Leftovers
|-heal|p1a: Heatran|321\/385|[from] item: Leftovers
|turn|38
|
|switch|p2a: Conkeldurr|Conkeldurr, M|284\/414 brn
|move|p1a: Heatran|Stealth Rock|p2a: Conkeldurr
|-sidestart|p2: BurgerTeamTesting|move: Stealth Rock
|
|-heal|p1a: Heatran|345\/385|[from] item: Leftovers
|-damage|p2a: Conkeldurr|233\/414 brn|[from] brn
|turn|39
|
|switch|p1a: Skarmory|Skarmory, F|292\/333
|-damage|p1a: Skarmory|251\/333|[from] Stealth Rock
|move|p2a: Conkeldurr|Drain Punch|p1a: Skarmory
|-damage|p1a: Skarmory|134\/333
|-heal|p2a: Conkeldurr|292\/414 brn|[from] drain|[of] p1a: Skarmory
|
|-damage|p2a: Conkeldurr|241\/414 brn|[from] brn
|turn|40
|
|move|p1a: Skarmory|Drill Peck|p2a: Conkeldurr
|-supereffective|p2a: Conkeldurr
|-damage|p2a: Conkeldurr|65\/414 brn
|move|p2a: Conkeldurr|Drain Punch|p1a: Skarmory
|-damage|p1a: Skarmory|19\/333
|-heal|p2a: Conkeldurr|123\/414 brn|[from] drain|[of] p1a: Skarmory
|
|-damage|p2a: Conkeldurr|72\/414 brn|[from] brn
|turn|41
|
|move|p2a: Conkeldurr|Mach Punch|p1a: Skarmory
|-damage|p1a: Skarmory|0 fnt
|faint|p1a: Skarmory
|
|-damage|p2a: Conkeldurr|21\/414 brn|[from] brn
|
|switch|p1a: Heatran|Heatran, M|345\/385
|-damage|p1a: Heatran|297\/385|[from] Stealth Rock
|turn|42
|
|move|p2a: Conkeldurr|Mach Punch|p1a: Heatran
|-supereffective|p1a: Heatran
|-damage|p1a: Heatran|91\/385
|move|p1a: Heatran|Lava Plume|p2a: Conkeldurr
|-damage|p2a: Conkeldurr|0 fnt
|faint|p2a: Conkeldurr
|
|-heal|p1a: Heatran|115\/385|[from] item: Leftovers
|
|switch|p2a: Landorus-Therian|Landorus-Therian, M|280\/319
|-damage|p2a: Landorus-Therian|241\/319|[from] Stealth Rock
|-ability|p2a: Landorus-Therian|Intimidate|[of] p1a: Heatran
|-unboost|p1a: Heatran|atk|1
|turn|43
|
|switch|p1a: Chansey|Chansey, F|671\/671
|-damage|p1a: Chansey|588\/671|[from] Stealth Rock
|move|p2a: Landorus-Therian|Superpower|p1a: Chansey
|-supereffective|p1a: Chansey
|-damage|p1a: Chansey|198\/671
|-unboost|p2a: Landorus-Therian|atk|1
|-unboost|p2a: Landorus-Therian|def|1
|
|turn|44
|
|move|p2a: Landorus-Therian|Superpower|p1a: Chansey
|-supereffective|p1a: Chansey
|-damage|p1a: Chansey|0 fnt
|-unboost|p2a: Landorus-Therian|atk|1
|-unboost|p2a: Landorus-Therian|def|1
|faint|p1a: Chansey
|
|
|switch|p1a: Heatran|Heatran, M|115\/385
|-damage|p1a: Heatran|67\/385|[from] Stealth Rock
|turn|45
|
|move|p2a: Landorus-Therian|Superpower|p1a: Heatran
|-supereffective|p1a: Heatran
|-damage|p1a: Heatran|0 fnt
|-unboost|p2a: Landorus-Therian|atk|1
|-unboost|p2a: Landorus-Therian|def|1
|faint|p1a: Heatran
|
|win|BurgerTeamTesting
|raw|Ladder updating...
|leave|gecci01102014
|player|p1
|raw|gecci01102014's rating: 1469 &rarr; <strong>1448<\/strong><br \/>(-21 for losing)
|raw|BurgerTeamTesting's rating: 1444 &rarr; <strong>1466<\/strong><br \/>(+22 for winning)
|leave|BurgerTeamTesting
|player|p2
|join|BurgerTeamTesting