|join|angel0mike
|join|BurgerTeamTesting
|player|p1|angel0mike|144
|player|p2|BurgerTeamTesting|115
|gametype|singles
|gen|6
|tier|OU
|rated
|clearpoke
|poke|p1|Metagross
|poke|p1|Dragonite, M
|poke|p1|Breloom, M
|poke|p1|Garchomp, M
|poke|p1|Magnezone
|poke|p1|Greninja, M
|poke|p2|Charizard, M
|poke|p2|Conkeldurr, M
|poke|p2|Landorus-Therian, M
|poke|p2|Ferrothorn, F
|poke|p2|Latias, F
|poke|p2|Heatran, F
|rule|Swagger Clause: Swagger is banned
|rule|Baton Pass Clause: Limit one Pokémon knowing Baton Pass
|rule|Sleep Clause Mod: Limit one foe put to sleep
|rule|Species Clause: Limit one of each Pokémon
|rule|OHKO Clause: OHKO moves are banned
|rule|Moody Clause: Moody is banned
|rule|Evasion Moves Clause: Evasion moves are banned
|rule|Endless Battle Clause: Forcing endless battles is banned
|rule|HP Percentage Mod: HP is shown in percentages
|teampreview
|c|★angel0mike|gl hf
|
|start
|switch|p1a: Garchomp|Garchomp, M|357\/357
|switch|p2a: Charizard|Charizard, M|360\/360
|turn|1
|c|★BurgerTeamTesting|u to :3
|
|detailschange|p2a: Charizard|Charizard-Mega-X, M
|message|Charizard has Mega Evolved into Mega Charizard!
|move|p1a: Garchomp|Swords Dance|p1a: Garchomp
|-boost|p1a: Garchomp|atk|2
|move|p2a: Charizard|Will-O-Wisp|p1a: Garchomp
|-status|p1a: Garchomp|brn
|-enditem|p1a: Garchomp|Lum Berry|[eat]
|-curestatus|p1a: Garchomp|brn
|
|turn|2
|
|switch|p2a: Landorus-Therian|Landorus-Therian, M|319\/319
|-ability|p2a: Landorus-Therian|Intimidate|[of] p1a: Garchomp
|-unboost|p1a: Garchomp|atk|1
|move|p1a: Garchomp|Dragon Claw|p2a: Landorus-Therian
|-damage|p2a: Landorus-Therian|108\/319
|
|turn|3
|
|move|p2a: Landorus-Therian|Earthquake|p1a: Garchomp
|-damage|p1a: Garchomp|164\/357
|move|p1a: Garchomp|Stealth Rock|p2a: Landorus-Therian
|-sidestart|p2: BurgerTeamTesting|move: Stealth Rock
|
|turn|4
|
|switch|p1a: Dragonite|Dragonite, M|343\/343
|move|p2a: Landorus-Therian|Earthquake|p1a: Dragonite
|-immune|p1a: Dragonite|[msg]
|
|turn|5
|
|switch|p2a: Ferrothorn|Ferrothorn, F|352\/352
|-damage|p2a: Ferrothorn|330\/352|[from] Stealth Rock
|move|p1a: Dragonite|Fire Punch|p2a: Ferrothorn
|-supereffective|p2a: Ferrothorn
|-damage|p2a: Ferrothorn|0 fnt
|-damage|p1a: Dragonite|301\/343|[from] ability: Iron Barbs|[of] p2a: Ferrothorn
|faint|p2a: Ferrothorn
|
|
|switch|p2a: Latias|Latias, F|305\/305
|-damage|p2a: Latias|267\/305|[from] Stealth Rock
|turn|6
|c|★angel0mike|everyone switches into ferro
|c|★angel0mike|damn it
|
|switch|p1a: Metagross|Metagross|301\/301
|move|p2a: Latias|Defog|p1a: Metagross
|-fail|p1a: Metagross|unboost|[from] ability: Clear Body|[of] p1a: Metagross
|-sideend|p2: BurgerTeamTesting|Stealth Rock|[from] move: Defog|[of] p2a: Latias
|
|turn|7
|
|switch|p2a: Heatran|Heatran, F|386\/386
|detailschange|p1a: Metagross|Metagross-Mega
|message|Metagross has Mega Evolved into Mega Metagross!
|move|p1a: Metagross|Ice Punch|p2a: Heatran
|-resisted|p2a: Heatran
|-damage|p2a: Heatran|355\/386
|-status|p2a: Heatran|frz
|
|-heal|p2a: Heatran|379\/386 frz|[from] item: Leftovers
|turn|8
|c|★BurgerTeamTesting|the frozen heatran
|c|★angel0mike|lol
|c|★angel0mike|srry
|
|switch|p2a: Landorus-Therian|Landorus-Therian, M|108\/319
|-ability|p2a: Landorus-Therian|Intimidate|[of] p1a: Metagross
|-unboost|p1a: Metagross|atk|1
|move|p1a: Metagross|Ice Punch|p2a: Landorus-Therian
|-supereffective|p2a: Landorus-Therian
|-damage|p2a: Landorus-Therian|0 fnt
|faint|p2a: Landorus-Therian
|
|leave|angel0mike
|player|p1
|join|angel0mike
|c|★angel0mike|shit
|player|p1|angel0mike|144
|
|switch|p2a: Charizard|Charizard-Mega-X, M|360\/360
|turn|9
|c|★angel0mike|im srry
|
|switch|p1a: Garchomp|Garchomp, M|164\/357
|move|p2a: Charizard|Will-O-Wisp|p1a: Garchomp
|-status|p1a: Garchomp|brn
|
|-damage|p1a: Garchomp|120\/357 brn|[from] brn
|turn|10
|c|★BurgerTeamTesting|np ^-^
|
|move|p1a: Garchomp|Dragon Claw|p2a: Charizard
|-supereffective|p2a: Charizard
|-damage|p2a: Charizard|222\/360
|move|p2a: Charizard|Roost|p2a: Charizard
|-heal|p2a: Charizard|360\/360
|
|-damage|p1a: Garchomp|76\/357 brn|[from] brn
|turn|11
|
|move|p1a: Garchomp|Swords Dance|p1a: Garchomp
|-boost|p1a: Garchomp|atk|2
|move|p2a: Charizard|Earthquake|p1a: Garchomp
|-damage|p1a: Garchomp|0 fnt
|faint|p1a: Garchomp
|
|
|switch|p1a: Dragonite|Dragonite, M|301\/343
|turn|12
|
|move|p2a: Charizard|Dragon Claw|p1a: Dragonite
|-supereffective|p1a: Dragonite
|-damage|p1a: Dragonite|0 fnt
|faint|p1a: Dragonite
|
|c|★angel0mike|oh fuck
|
|switch|p1a: Metagross|Metagross-Mega|301\/301
|turn|13
|
|move|p1a: Metagross|Earthquake|p2a: Charizard
|-supereffective|p2a: Charizard
|-damage|p2a: Charizard|120\/360
|move|p2a: Charizard|Will-O-Wisp|p1a: Metagross
|-status|p1a: Metagross|brn
|
|-damage|p1a: Metagross|264\/301 brn|[from] brn
|turn|14
|
|move|p1a: Metagross|Earthquake|p2a: Charizard
|-supereffective|p2a: Charizard
|-damage|p2a: Charizard|6\/360
|move|p2a: Charizard|Roost|p2a: Charizard
|-heal|p2a: Charizard|186\/360
|
|-damage|p1a: Metagross|227\/301 brn|[from] brn
|turn|15
|
|switch|p1a: Greninja|Greninja, M|285\/285
|move|p2a: Charizard|Roost|p2a: Charizard
|-heal|p2a: Charizard|360\/360
|
|turn|16
|
|switch|p2a: Conkeldurr|Conkeldurr, M|414\/414
|move|p1a: Greninja|Hydro Pump|p2a: Conkeldurr
|-start|p1a: Greninja|typechange|Water|[from] Protean
|-damage|p2a: Conkeldurr|235\/414
|-damage|p1a: Greninja|257\/285|[from] item: Life Orb
|
|turn|17
|
|switch|p1a: Metagross|Metagross-Mega|227\/301 brn
|move|p2a: Conkeldurr|Drain Punch|p1a: Metagross
|-damage|p1a: Metagross|133\/301 brn
|-heal|p2a: Conkeldurr|282\/414|[from] drain|[of] p1a: Metagross
|
|-damage|p1a: Metagross|96\/301 brn|[from] brn
|turn|18
|
|switch|p2a: Heatran|Heatran, F|379\/386 frz
|move|p1a: Metagross|Zen Headbutt|p2a: Heatran|[miss]
|-miss|p1a: Metagross|p2a: Heatran
|
|-heal|p2a: Heatran|386\/386 frz|[from] item: Leftovers
|-damage|p1a: Metagross|59\/301 brn|[from] brn
|turn|19
|
|cant|p2a: Heatran|frz
|move|p1a: Metagross|Earthquake|p2a: Heatran
|-supereffective|p2a: Heatran
|-damage|p2a: Heatran|146\/386 frz
|
|-heal|p2a: Heatran|170\/386 frz|[from] item: Leftovers
|-damage|p1a: Metagross|22\/301 brn|[from] brn
|turn|20
|
|cant|p2a: Heatran|frz
|move|p1a: Metagross|Earthquake|p2a: Heatran
|-supereffective|p2a: Heatran
|-damage|p2a: Heatran|0 fnt
|faint|p2a: Heatran
|
|-damage|p1a: Metagross|0 fnt|[from] brn
|faint|p1a: Metagross
|
|switch|p1a: Breloom|Breloom, M|261\/261
|switch|p2a: Conkeldurr|Conkeldurr, M|282\/414
|turn|21
|
|move|p2a: Conkeldurr|Mach Punch|p1a: Breloom
|-damage|p1a: Breloom|174\/261
|move|p1a: Breloom|Spore|p2a: Conkeldurr
|-status|p2a: Conkeldurr|slp
|
|turn|22
|
|move|p1a: Breloom|Rock Tomb|p2a: Conkeldurr
|-resisted|p2a: Conkeldurr
|-damage|p2a: Conkeldurr|221\/414 slp
|-unboost|p2a: Conkeldurr|spe|1
|cant|p2a: Conkeldurr|slp
|
|turn|23
|
|move|p1a: Breloom|Bullet Seed|p2a: Conkeldurr
|-damage|p2a: Conkeldurr|143\/414 slp
|-damage|p2a: Conkeldurr|62\/414 slp
|-damage|p2a: Conkeldurr|0 fnt
|-hitcount|p2a: Conkeldurr|3
|faint|p2a: Conkeldurr
|
|
|switch|p2a: Charizard|Charizard-Mega-X, M|360\/360
|turn|24
|
|move|p2a: Charizard|Dragon Claw|p1a: Breloom
|-damage|p1a: Breloom|0 fnt
|faint|p1a: Breloom
|
|
|switch|p1a: Greninja|Greninja, M|257\/285
|turn|25
|c|★angel0mike|gg bulkyzard too good :]
|
|move|p1a: Greninja|Hydro Pump|p2a: Charizard
|-start|p1a: Greninja|typechange|Water|[from] Protean
|-damage|p2a: Charizard|169\/360
|-damage|p1a: Greninja|229\/285|[from] item: Life Orb
|move|p2a: Charizard|Dragon Claw|p1a: Greninja
|-damage|p1a: Greninja|12\/285
|
|turn|26
|
|switch|p1a: Magnezone|Magnezone|281\/281
|switch|p2a: Latias|Latias, F|267\/305
|
|turn|27
|
|move|p2a: Latias|Healing Wish|p2a: Latias
|faint|p2a: Latias
|move|p1a: Magnezone|Flash Cannon|p2: Latias|[notarget]
|-notarget
|
|
|switch|p2a: Charizard|Charizard-Mega-X, M|169\/360
|-heal|p2a: Charizard|360\/360|[from] move: Healing Wish
|turn|28
|
|move|p2a: Charizard|Earthquake|p1a: Magnezone
|-supereffective|p1a: Magnezone
|-damage|p1a: Magnezone|0 fnt
|faint|p1a: Magnezone
|
|c|★BurgerTeamTesting|gg
|c|★angel0mike|g
|
|switch|p1a: Greninja|Greninja, M|12\/285
|turn|29
|c|★angel0mike|g
|
|move|p1a: Greninja|Hydro Pump|p2a: Charizard
|-start|p1a: Greninja|typechange|Water|[from] Protean
|-crit|p2a: Charizard
|-damage|p2a: Charizard|83\/360
|-damage|p1a: Greninja|0 fnt|[from] item: Life Orb
|faint|p1a: Greninja
|
|win|BurgerTeamTesting
|raw|Ladder updating...
|raw|angel0mike's rating: 1535 &rarr; <strong>1510<\/strong><br \/>(-25 for losing)
|raw|BurgerTeamTesting's rating: 1456 &rarr; <strong>1480<\/strong><br \/>(+24 for winning)
|leave|angel0mike
|player|p1