|join|Chronicle161
|join|Miror D
|player|p1|Chronicle161|183
|player|p2|Miror D|273
|gametype|singles
|gen|6
|tier|UU
|rated
|rule|Sleep Clause Mod: Limit one foe put to sleep
|rule|Species Clause: Limit one of each Pokémon
|rule|OHKO Clause: OHKO moves are banned
|rule|Moody Clause: Moody is banned
|rule|Evasion Moves Clause: Evasion moves are banned
|rule|Endless Battle Clause: Forcing endless battles is banned
|rule|HP Percentage Mod: HP is shown in percentages
|clearpoke
|poke|p1|Pidgeot, M
|poke|p1|Forretress, F
|poke|p1|Vaporeon, F
|poke|p1|Infernape, F
|poke|p1|Sableye, F
|poke|p1|Cinccino, F
|poke|p2|Celebi
|poke|p2|Cobalion
|poke|p2|Snorlax, F
|poke|p2|Rotom-Heat
|poke|p2|Drifblim, M
|poke|p2|Empoleon, M
|rule|Swagger Clause: Swagger is banned
|rule|Baton Pass Clause: Limit one Pokémon knowing Baton Pass
|teampreview
|
|start
|switch|p1a: Sableye|Sableye, F|303\/303
|switch|p2a: Cobalion|Cobalion|323\/323
|turn|1
|
|switch|p2a: Rotom-Heat|Rotom-Heat|303\/303
|move|p1a: Sableye|Will-O-Wisp|p2a: Rotom-Heat
|-fail|p2a: Rotom-Heat
|
|turn|2
|
|move|p2a: Rotom-Heat|Substitute|p2a: Rotom-Heat
|-start|p2a: Rotom-Heat|Substitute
|-damage|p2a: Rotom-Heat|228\/303
|move|p1a: Sableye|Knock Off|p2a: Rotom-Heat
|-end|p2a: Rotom-Heat|Substitute
|
|-heal|p2a: Rotom-Heat|246\/303|[from] item: Leftovers
|turn|3
|
|move|p2a: Rotom-Heat|Will-O-Wisp|p1a: Sableye
|-status|p1a: Sableye|brn
|move|p1a: Sableye|Knock Off|p2a: Rotom-Heat
|-damage|p2a: Rotom-Heat|200\/303
|-enditem|p2a: Rotom-Heat|Leftovers|[from] move: Knock Off|[of] p1a: Sableye
|
|-damage|p1a: Sableye|266\/303 brn|[from] brn
|turn|4
|
|move|p2a: Rotom-Heat|Substitute|p2a: Rotom-Heat
|-start|p2a: Rotom-Heat|Substitute
|-damage|p2a: Rotom-Heat|125\/303
|move|p1a: Sableye|Knock Off|p2a: Rotom-Heat
|-activate|p2a: Rotom-Heat|Substitute|[damage]
|
|-heal|p1a: Sableye|284\/303 brn|[from] item: Leftovers
|-damage|p1a: Sableye|247\/303 brn|[from] brn
|turn|5
|
|move|p2a: Rotom-Heat|Pain Split|p1a: Sableye
|-sethp|p1a: Sableye|186\/303 brn|p2a: Rotom-Heat|186\/303|[from] move: Pain Split
|move|p1a: Sableye|Knock Off|p2a: Rotom-Heat
|-activate|p2a: Rotom-Heat|Substitute|[damage]
|
|-heal|p1a: Sableye|204\/303 brn|[from] item: Leftovers
|-damage|p1a: Sableye|167\/303 brn|[from] brn
|turn|6
|
|move|p1a: Sableye|Recover|p1a: Sableye
|-heal|p1a: Sableye|303\/303 brn
|move|p2a: Rotom-Heat|Overheat|p1a: Sableye
|-damage|p1a: Sableye|147\/303 brn
|-unboost|p2a: Rotom-Heat|spa|2
|
|-heal|p1a: Sableye|165\/303 brn|[from] item: Leftovers
|-damage|p1a: Sableye|128\/303 brn|[from] brn
|turn|7
|
|switch|p2a: Celebi|Celebi|396\/396
|move|p1a: Sableye|Recover|p1a: Sableye
|-heal|p1a: Sableye|280\/303 brn
|
|-heal|p1a: Sableye|298\/303 brn|[from] item: Leftovers
|-damage|p1a: Sableye|261\/303 brn|[from] brn
|turn|8
|
|move|p1a: Sableye|Taunt|p2a: Celebi
|-start|p2a: Celebi|move: Taunt
|cant|p2a: Celebi|move: Taunt|Stealth Rock
|
|-heal|p1a: Sableye|279\/303 brn|[from] item: Leftovers
|-damage|p1a: Sableye|242\/303 brn|[from] brn
|turn|9
|
|move|p2a: Celebi|Earth Power|p1a: Sableye
|-damage|p1a: Sableye|167\/303 brn
|move|p1a: Sableye|Knock Off|p2a: Celebi
|-supereffective|p2a: Celebi
|-damage|p2a: Celebi|310\/396
|-enditem|p2a: Celebi|Leftovers|[from] move: Knock Off|[of] p1a: Sableye
|
|-heal|p1a: Sableye|185\/303 brn|[from] item: Leftovers
|-damage|p1a: Sableye|148\/303 brn|[from] brn
|turn|10
|
|move|p1a: Sableye|Will-O-Wisp|p2a: Celebi
|-status|p2a: Celebi|brn
|move|p2a: Celebi|Earth Power|p1a: Sableye
|-damage|p1a: Sableye|78\/303 brn
|-unboost|p1a: Sableye|spd|1
|
|-heal|p1a: Sableye|96\/303 brn|[from] item: Leftovers
|-damage|p2a: Celebi|261\/396 brn|[from] brn
|-damage|p1a: Sableye|59\/303 brn|[from] brn
|-end|p2a: Celebi|move: Taunt
|turn|11
|
|switch|p1a: Forretress|Forretress, F|354\/354
|move|p2a: Celebi|Stealth Rock|p1a: Forretress
|-sidestart|p1: Chronicle161|move: Stealth Rock
|
|-damage|p2a: Celebi|212\/396 brn|[from] brn
|turn|12
|
|switch|p2a: Drifblim|Drifblim, M|442\/442
|move|p1a: Forretress|Rapid Spin|p2a: Drifblim
|-immune|p2a: Drifblim|[msg]
|
|turn|13
|
|move|p2a: Drifblim|Substitute|p2a: Drifblim
|-start|p2a: Drifblim|Substitute
|-damage|p2a: Drifblim|332\/442
|move|p1a: Forretress|Volt Switch|p2a: Drifblim
|-supereffective|p2a: Drifblim
|-end|p2a: Drifblim|Substitute
|
|switch|p1a: Sableye|Sableye, F|59\/303 brn
|-damage|p1a: Sableye|22\/303 brn|[from] Stealth Rock
|
|-heal|p1a: Sableye|40\/303 brn|[from] item: Leftovers
|-damage|p1a: Sableye|3\/303 brn|[from] brn
|turn|14
|
|move|p1a: Sableye|Recover|p1a: Sableye
|-heal|p1a: Sableye|155\/303 brn
|move|p2a: Drifblim|Substitute|p2a: Drifblim
|-start|p2a: Drifblim|Substitute
|-damage|p2a: Drifblim|222\/442
|
|-heal|p1a: Sableye|173\/303 brn|[from] item: Leftovers
|-damage|p1a: Sableye|136\/303 brn|[from] brn
|turn|15
|
|move|p1a: Sableye|Recover|p1a: Sableye
|-heal|p1a: Sableye|288\/303 brn
|move|p2a: Drifblim|Knock Off|p1a: Sableye
|-damage|p1a: Sableye|169\/303 brn
|-enditem|p1a: Sableye|Leftovers|[from] move: Knock Off|[of] p2a: Drifblim
|
|-damage|p1a: Sableye|132\/303 brn|[from] brn
|turn|16
|
|move|p1a: Sableye|Recover|p1a: Sableye
|-heal|p1a: Sableye|284\/303 brn
|move|p2a: Drifblim|Knock Off|p1a: Sableye
|-damage|p1a: Sableye|202\/303 brn
|
|-damage|p1a: Sableye|165\/303 brn|[from] brn
|turn|17
|
|move|p2a: Drifblim|Knock Off|p1a: Sableye
|-damage|p1a: Sableye|86\/303 brn
|move|p1a: Sableye|Knock Off|p2a: Drifblim
|-crit|p2a: Drifblim
|-supereffective|p2a: Drifblim
|-end|p2a: Drifblim|Substitute
|
|-damage|p1a: Sableye|49\/303 brn|[from] brn
|turn|18
|
|switch|p2a: Rotom-Heat|Rotom-Heat|186\/303
|move|p1a: Sableye|Taunt|p2a: Rotom-Heat
|-start|p2a: Rotom-Heat|move: Taunt
|
|-damage|p1a: Sableye|12\/303 brn|[from] brn
|turn|19
|
|move|p1a: Sableye|Recover|p1a: Sableye
|-heal|p1a: Sableye|164\/303 brn
|move|p2a: Rotom-Heat|Overheat|p1a: Sableye
|-damage|p1a: Sableye|19\/303 brn
|-unboost|p2a: Rotom-Heat|spa|2
|
|-damage|p1a: Sableye|0 fnt|[from] brn
|faint|p1a: Sableye
|
|switch|p1a: Vaporeon|Vaporeon, F|463\/463
|-damage|p1a: Vaporeon|406\/463|[from] Stealth Rock
|turn|20
|
|switch|p2a: Snorlax|Snorlax, F|501\/501
|move|p1a: Vaporeon|Scald|p2a: Snorlax
|-damage|p2a: Snorlax|404\/501
|
|-heal|p1a: Vaporeon|434\/463|[from] item: Leftovers
|-heal|p2a: Snorlax|435\/501|[from] item: Leftovers
|turn|21
|
|switch|p1a: Forretress|Forretress, F|354\/354
|-damage|p1a: Forretress|310\/354|[from] Stealth Rock
|move|p2a: Snorlax|Return|p1a: Forretress
|-resisted|p1a: Forretress
|-damage|p1a: Forretress|247\/354
|
|-heal|p2a: Snorlax|466\/501|[from] item: Leftovers
|-heal|p1a: Forretress|269\/354|[from] item: Leftovers
|turn|22
|
|switch|p2a: Celebi|Celebi|212\/396
|move|p1a: Forretress|Volt Switch|p2a: Celebi
|-resisted|p2a: Celebi
|-damage|p2a: Celebi|199\/396
|
|switch|p1a: Infernape|Infernape, F|298\/298
|-damage|p1a: Infernape|261\/298|[from] Stealth Rock
|
|turn|23
|
|switch|p2a: Empoleon|Empoleon, M|372\/372
|move|p1a: Infernape|Flare Blitz|p2a: Empoleon
|-damage|p2a: Empoleon|177\/372
|-damage|p1a: Infernape|197\/298|[from] recoil|[of] p2a: Empoleon
|
|turn|24
|
|move|p2a: Empoleon|Aqua Jet|p1a: Infernape
|-supereffective|p1a: Infernape
|-damage|p1a: Infernape|0 fnt
|-damage|p2a: Empoleon|140\/372|[from] item: Life Orb
|faint|p1a: Infernape
|
|
|switch|p1a: Forretress|Forretress, F|269\/354
|-damage|p1a: Forretress|225\/354|[from] Stealth Rock
|turn|25
|
|switch|p2a: Drifblim|Drifblim, M|222\/442
|move|p1a: Forretress|Rapid Spin|p2a: Drifblim
|-immune|p2a: Drifblim|[msg]
|
|-heal|p1a: Forretress|247\/354|[from] item: Leftovers
|turn|26
|c|★Miror D|Yeh son!
|
|move|p2a: Drifblim|Substitute|p2a: Drifblim
|-start|p2a: Drifblim|Substitute
|-damage|p2a: Drifblim|112\/442
|move|p1a: Forretress|Volt Switch|p2a: Drifblim
|-supereffective|p2a: Drifblim
|-end|p2a: Drifblim|Substitute
|
|switch|p1a: Vaporeon|Vaporeon, F|434\/463
|-damage|p1a: Vaporeon|377\/463|[from] Stealth Rock
|
|-heal|p1a: Vaporeon|405\/463|[from] item: Leftovers
|turn|27
|
|switch|p2a: Celebi|Celebi|199\/396
|move|p1a: Vaporeon|Scald|p2a: Celebi
|-resisted|p2a: Celebi
|-damage|p2a: Celebi|159\/396
|-status|p2a: Celebi|brn
|
|-heal|p1a: Vaporeon|433\/463|[from] item: Leftovers
|-damage|p2a: Celebi|110\/396 brn|[from] brn
|turn|28
|
|move|p2a: Celebi|Giga Drain|p1a: Vaporeon
|-supereffective|p1a: Vaporeon
|-damage|p1a: Vaporeon|233\/463
|-heal|p2a: Celebi|210\/396 brn|[from] drain|[of] p1a: Vaporeon
|move|p1a: Vaporeon|Wish|p1a: Vaporeon
|
|-heal|p1a: Vaporeon|261\/463|[from] item: Leftovers
|-damage|p2a: Celebi|161\/396 brn|[from] brn
|turn|29
|
|switch|p1a: Forretress|Forretress, F|247\/354
|-damage|p1a: Forretress|203\/354|[from] Stealth Rock
|move|p2a: Celebi|Earth Power|p1a: Forretress
|-damage|p1a: Forretress|131\/354
|
|-heal|p1a: Forretress|354\/354|[from] move: Wish|[wisher] Vaporeon
|-damage|p2a: Celebi|112\/396 brn|[from] brn
|turn|30
|
|switch|p2a: Rotom-Heat|Rotom-Heat|186\/303
|move|p1a: Forretress|Volt Switch|p2a: Rotom-Heat
|-resisted|p2a: Rotom-Heat
|-damage|p2a: Rotom-Heat|174\/303
|
|switch|p1a: Vaporeon|Vaporeon, F|261\/463
|-damage|p1a: Vaporeon|204\/463|[from] Stealth Rock
|
|-heal|p1a: Vaporeon|232\/463|[from] item: Leftovers
|turn|31
|
|move|p1a: Vaporeon|Protect|p1a: Vaporeon
|-singleturn|p1a: Vaporeon|Protect
|move|p2a: Rotom-Heat|Will-O-Wisp|p1a: Vaporeon
|-activate|p1a: Vaporeon|Protect
|
|-heal|p1a: Vaporeon|260\/463|[from] item: Leftovers
|turn|32
|
|move|p2a: Rotom-Heat|Will-O-Wisp|p1a: Vaporeon
|-status|p1a: Vaporeon|brn
|move|p1a: Vaporeon|Heal Bell|p1a: Vaporeon
|-cureteam|p1a: Vaporeon|[from] move: HealBell
|
|-heal|p1a: Vaporeon|288\/463|[from] item: Leftovers
|turn|33
|
|switch|p2a: Celebi|Celebi|112\/396
|move|p1a: Vaporeon|Scald|p2a: Celebi
|-resisted|p2a: Celebi
|-damage|p2a: Celebi|73\/396
|-status|p2a: Celebi|brn
|
|-heal|p1a: Vaporeon|316\/463|[from] item: Leftovers
|-damage|p2a: Celebi|24\/396 brn|[from] brn
|turn|34
|
|move|p1a: Vaporeon|Protect|p1a: Vaporeon
|-singleturn|p1a: Vaporeon|Protect
|move|p2a: Celebi|Healing Wish|p2a: Celebi
|faint|p2a: Celebi
|
|-heal|p1a: Vaporeon|344\/463|[from] item: Leftovers
|
|switch|p2a: Drifblim|Drifblim, M|112\/442
|-heal|p2a: Drifblim|442\/442|[from] move: Healing Wish
|turn|35
|
|switch|p1a: Pidgeot|Pidgeot, M|307\/307
|-damage|p1a: Pidgeot|231\/307|[from] Stealth Rock
|move|p2a: Drifblim|Substitute|p2a: Drifblim
|-start|p2a: Drifblim|Substitute
|-damage|p2a: Drifblim|332\/442
|
|turn|36
|
|detailschange|p1a: Pidgeot|Pidgeot-Mega, M
|message|Pidgeot has Mega Evolved into Mega Pidgeot!
|move|p1a: Pidgeot|Hurricane|p2a: Drifblim
|-end|p2a: Drifblim|Substitute
|move|p2a: Drifblim|Substitute|p2a: Drifblim
|-start|p2a: Drifblim|Substitute
|-damage|p2a: Drifblim|222\/442
|
|turn|37
|
|move|p1a: Pidgeot|Hurricane|p2a: Drifblim
|-end|p2a: Drifblim|Substitute
|move|p2a: Drifblim|Substitute|p2a: Drifblim
|-start|p2a: Drifblim|Substitute
|-damage|p2a: Drifblim|112\/442
|
|turn|38
|c|★Chronicle161|why?
|
|move|p1a: Pidgeot|Hurricane|p2a: Drifblim
|-end|p2a: Drifblim|Substitute
|move|p2a: Drifblim|Substitute|p2a: Drifblim
|-start|p2a: Drifblim|Substitute
|-damage|p2a: Drifblim|2\/442
|-enditem|p2a: Drifblim|Liechi Berry|[eat]
|-boost|p2a: Drifblim|atk|1|[from] item: Liechi Berry
|
|turn|39
|c|★Miror D|I DONT KNOW
|c|★Miror D|WHY USE A MEGA? NOOB
|
|move|p2a: Drifblim|Acrobatics|p1a: Pidgeot
|-damage|p1a: Pidgeot|0 fnt
|faint|p1a: Pidgeot
|
|c|★Miror D|AND LOOK THERE IT GOES
|
|switch|p1a: Forretress|Forretress, F|354\/354
|-damage|p1a: Forretress|310\/354|[from] Stealth Rock
|turn|40
|c|★Chronicle161|y caps?
|c|★Miror D|WHY NOT
|
|move|p2a: Drifblim|Acrobatics|p1a: Forretress
|-damage|p1a: Forretress|124\/354
|move|p1a: Forretress|Volt Switch|p2a: Drifblim
|-crit|p2a: Drifblim
|-supereffective|p2a: Drifblim
|-end|p2a: Drifblim|Substitute
|c|★Chronicle161|u sound mad
|c|★Miror D|MAYBE I AM
|
|switch|p1a: Vaporeon|Vaporeon, F|344\/463
|-damage|p1a: Vaporeon|287\/463|[from] Stealth Rock
|
|-heal|p1a: Vaporeon|315\/463|[from] item: Leftovers
|turn|41
|
|move|p2a: Drifblim|Acrobatics|p1a: Vaporeon
|-damage|p1a: Vaporeon|80\/463
|move|p1a: Vaporeon|Scald|p2a: Drifblim
|-damage|p2a: Drifblim|0 fnt
|faint|p2a: Drifblim
|
|-heal|p1a: Vaporeon|108\/463|[from] item: Leftovers
|
|switch|p2a: Cobalion|Cobalion|323\/323
|turn|42
|c|★Chronicle161|its not like mega pidgeot is op
|
|move|p1a: Vaporeon|Protect|p1a: Vaporeon
|-singleturn|p1a: Vaporeon|Protect
|move|p2a: Cobalion|Close Combat|p1a: Vaporeon
|-activate|p1a: Vaporeon|Protect
|
|-heal|p1a: Vaporeon|136\/463|[from] item: Leftovers
|turn|43
|
|switch|p1a: Forretress|Forretress, F|124\/354
|-damage|p1a: Forretress|80\/354|[from] Stealth Rock
|move|p2a: Cobalion|Close Combat|p1a: Forretress
|-crit|p1a: Forretress
|-damage|p1a: Forretress|0 fnt
|-unboost|p2a: Cobalion|def|1
|-unboost|p2a: Cobalion|spd|1
|faint|p1a: Forretress
|
|c|★Miror D|OH SHOOT
|c|★Miror D|gg
|
|switch|p1a: Vaporeon|Vaporeon, F|136\/463
|-damage|p1a: Vaporeon|79\/463|[from] Stealth Rock
|turn|44
|
|move|p2a: Cobalion|Close Combat|p1a: Vaporeon
|-damage|p1a: Vaporeon|0 fnt
|-unboost|p2a: Cobalion|def|1
|-unboost|p2a: Cobalion|spd|1
|faint|p1a: Vaporeon
|
|
|switch|p1a: Cinccino|Cinccino, F|291\/291
|-damage|p1a: Cinccino|255\/291|[from] Stealth Rock
|turn|45
|c|★Miror D|i think your faster :\/
|
|move|p2a: Cobalion|Close Combat|p1a: Cinccino
|-supereffective|p1a: Cinccino
|-damage|p1a: Cinccino|0 fnt
|-unboost|p2a: Cobalion|def|1
|-unboost|p2a: Cobalion|spd|1
|faint|p1a: Cinccino
|
|win|Miror D
|raw|Ladder updating...
|raw|Chronicle161's rating: 1227 &rarr; <strong>1197<\/strong><br \/>(-30 for losing)
|raw|Miror D's rating: 1151 &rarr; <strong>1182<\/strong><br \/>(+31 for winning)
|c|★Miror D|LIED
|c|★Chronicle161|totally mattered
|c|★Miror D|<3 LOVE YOU
|leave|Chronicle161
|player|p1