|join|Toke Jeam 2
|join|Rauhakoira
|player|p1|Toke Jeam 2|101
|player|p2|Rauhakoira|122
|gametype|singles
|gen|6
|tier|OU
|rated
|clearpoke
|poke|p1|Magnezone
|poke|p1|Mew
|poke|p1|Chansey, F
|poke|p1|Sableye, F
|poke|p1|Clefable, M
|poke|p1|Quagsire, F
|poke|p2|Landorus-Therian, M
|poke|p2|Heatran, F
|poke|p2|Rotom-Wash
|poke|p2|Gyarados, M
|poke|p2|Latias, F
|poke|p2|Scizor, M
|rule|Swagger Clause: Swagger is banned
|rule|Baton Pass Clause: Limit one Pokémon knowing Baton Pass
|rule|Sleep Clause Mod: Limit one foe put to sleep
|rule|Species Clause: Limit one of each Pokémon
|rule|OHKO Clause: OHKO moves are banned
|rule|Moody Clause: Moody is banned
|rule|Evasion Moves Clause: Evasion moves are banned
|rule|Endless Battle Clause: Forcing endless battles is banned
|rule|HP Percentage Mod: HP is shown in percentages
|teampreview
|
|start
|switch|p1a: Mew|Mew|404\/404
|switch|p2a: Heatran|Heatran, F|386\/386
|turn|1
|
|move|p1a: Mew|Amnesia|p1a: Mew
|-boost|p1a: Mew|spd|2
|move|p2a: Heatran|Toxic|p1a: Mew|[miss]
|-miss|p2a: Heatran|p1a: Mew
|
|turn|2
|
|switch|p2a: Landorus-Therian|Landorus-Therian, M|373\/373
|-ability|p2a: Landorus-Therian|Intimidate|[of] p1a: Mew
|-unboost|p1a: Mew|atk|1
|move|p1a: Mew|Barrier|p1a: Mew
|-boost|p1a: Mew|def|2
|
|turn|3
|
|move|p1a: Mew|Barrier|p1a: Mew
|-boost|p1a: Mew|def|2
|move|p2a: Landorus-Therian|Knock Off|p1a: Mew
|-supereffective|p1a: Mew
|-damage|p1a: Mew|348\/404
|-enditem|p1a: Mew|Leftovers|[from] move: Knock Off|[of] p2a: Landorus-Therian
|
|turn|4
|
|move|p1a: Mew|Barrier|p1a: Mew
|-boost|p1a: Mew|def|2
|move|p2a: Landorus-Therian|Stealth Rock|p1a: Mew
|-sidestart|p1: Toke Jeam 2|move: Stealth Rock
|
|turn|5
|
|move|p1a: Mew|Amnesia|p1a: Mew
|-boost|p1a: Mew|spd|2
|move|p2a: Landorus-Therian|U-turn|p1a: Mew
|-supereffective|p1a: Mew
|-damage|p1a: Mew|318\/404
|c|★Toke Jeam 2|volt turn hazard noob scrub
|
|switch|p2a: Gyarados|Gyarados, M|331\/331
|-ability|p2a: Gyarados|Intimidate|[of] p1a: Mew
|-unboost|p1a: Mew|atk|1
|
|turn|6
|c|★Rauhakoira|noob scrub? lmao
|
|detailschange|p2a: Gyarados|Gyarados-Mega, M
|-mega|p2a: Gyarados|Gyarados|Gyaradosite
|-ability|p2a: Gyarados|Mold Breaker
|move|p2a: Gyarados|Dragon Dance|p2a: Gyarados
|-boost|p2a: Gyarados|atk|1
|-boost|p2a: Gyarados|spe|1
|move|p1a: Mew|Amnesia|p1a: Mew
|-boost|p1a: Mew|spd|2
|
|turn|7
|
|move|p2a: Gyarados|Crunch|p1a: Mew
|-supereffective|p1a: Mew
|-damage|p1a: Mew|228\/404
|-unboost|p1a: Mew|def|1
|move|p1a: Mew|Baton Pass|p1a: Mew
|
|switch|p1a: Magnezone|Magnezone|344\/344
|-damage|p1a: Magnezone|323\/344|[from] Stealth Rock
|
|turn|8
|
|move|p2a: Gyarados|Earthquake|p1a: Magnezone
|-supereffective|p1a: Magnezone
|-damage|p1a: Magnezone|155\/344
|move|p1a: Magnezone|Thunderbolt|p2a: Gyarados
|-supereffective|p2a: Gyarados
|-damage|p2a: Gyarados|113\/331
|
|turn|9
|
|move|p2a: Gyarados|Earthquake|p1a: Magnezone
|-supereffective|p1a: Magnezone
|-damage|p1a: Magnezone|0 fnt
|faint|p1a: Magnezone
|
|c|★Rauhakoira|lmaooo
|c|★Rauhakoira|rekt
|
|switch|p1a: Quagsire|Quagsire, F|394\/394
|-damage|p1a: Quagsire|370\/394|[from] Stealth Rock
|turn|10
|
|move|p2a: Gyarados|Crunch|p1a: Quagsire
|-damage|p1a: Quagsire|174\/394
|-unboost|p1a: Quagsire|def|1
|move|p1a: Quagsire|Earthquake|p2a: Gyarados
|-damage|p2a: Gyarados|17\/331
|
|turn|11
|
|move|p2a: Gyarados|Crunch|p1a: Quagsire
|-damage|p1a: Quagsire|0 fnt
|faint|p1a: Quagsire
|
|
|switch|p1a: Sableye|Sableye, F|304\/304
|-damage|p1a: Sableye|266\/304|[from] Stealth Rock
|turn|12
|
|switch|p2a: Heatran|Heatran, F|386\/386
|detailschange|p1a: Sableye|Sableye-Mega, F
|-mega|p1a: Sableye|Sableye|Sablenite
|move|p1a: Sableye|Dazzling Gleam|p2a: Heatran
|-resisted|p2a: Heatran
|-damage|p2a: Heatran|376\/386
|
|-heal|p2a: Heatran|386\/386|[from] item: Leftovers
|turn|13
|c|★Toke Jeam 2|meh
|c|★Toke Jeam 2|fucking noob
|c|★Rauhakoira|lmaoo
|c|★Rauhakoira|damage
|
|move|p2a: Heatran|Lava Plume|p1a: Sableye
|-crit|p1a: Sableye
|-damage|p1a: Sableye|112\/304
|move|p1a: Sableye|Knock Off|p2a: Heatran
|-damage|p2a: Heatran|289\/386
|-enditem|p2a: Heatran|Leftovers|[from] move: Knock Off|[of] p1a: Sableye
|
|turn|14
|
|move|p2a: Heatran|Lava Plume|p1a: Sableye
|-damage|p1a: Sableye|0 fnt
|faint|p1a: Sableye
|
|c|★Rauhakoira|aah nice and rekt
|
|switch|p1a: Mew|Mew|228\/404
|-damage|p1a: Mew|178\/404|[from] Stealth Rock
|turn|15
|c|★Toke Jeam 2|you play like such a low ladder noob lol
|
|move|p1a: Mew|Soft-Boiled|p1a: Mew
|-heal|p1a: Mew|380\/404
|move|p2a: Heatran|Toxic|p1a: Mew
|-status|p1a: Mew|tox
|
|-damage|p1a: Mew|355\/404 tox|[from] psn
|turn|16
|c|★Rauhakoira|lol
|
|switch|p2a: Scizor|Scizor, M|344\/344
|move|p1a: Mew|Barrier|p1a: Mew
|-boost|p1a: Mew|def|2
|
|-damage|p1a: Mew|305\/404 tox|[from] psn
|turn|17
|
|move|p1a: Mew|Soft-Boiled|p1a: Mew
|-heal|p1a: Mew|404\/404 tox
|move|p2a: Scizor|Swords Dance|p2a: Scizor
|-boost|p2a: Scizor|atk|2
|
|-damage|p1a: Mew|329\/404 tox|[from] psn
|turn|18
|
|move|p1a: Mew|Barrier|p1a: Mew
|-boost|p1a: Mew|def|2
|move|p2a: Scizor|Bug Bite|p1a: Mew
|-supereffective|p1a: Mew
|-damage|p1a: Mew|185\/404 tox
|
|-damage|p1a: Mew|85\/404 tox|[from] psn
|turn|19
|
|move|p1a: Mew|Baton Pass|p1a: Mew
|
|switch|p1a: Clefable|Clefable, M|394\/394
|move|p2a: Scizor|Swords Dance|p2a: Scizor
|-boost|p2a: Scizor|atk|2
|
|turn|20
|
|move|p2a: Scizor|Bullet Punch|p1a: Clefable
|-supereffective|p1a: Clefable
|-damage|p1a: Clefable|212\/394
|move|p1a: Clefable|Flamethrower|p2a: Scizor
|-supereffective|p2a: Scizor
|-damage|p2a: Scizor|76\/344
|
|-heal|p1a: Clefable|236\/394|[from] item: Leftovers
|turn|21
|
|move|p2a: Scizor|Bullet Punch|p1a: Clefable
|-supereffective|p1a: Clefable
|-damage|p1a: Clefable|66\/394
|move|p1a: Clefable|Soft-Boiled|p1a: Clefable
|-heal|p1a: Clefable|263\/394
|
|-heal|p1a: Clefable|287\/394|[from] item: Leftovers
|turn|22
|
|move|p2a: Scizor|Bullet Punch|p1a: Clefable
|-supereffective|p1a: Clefable
|-damage|p1a: Clefable|117\/394
|move|p1a: Clefable|Flamethrower|p2a: Scizor
|-supereffective|p2a: Scizor
|-damage|p2a: Scizor|0 fnt
|faint|p2a: Scizor
|
|-heal|p1a: Clefable|141\/394|[from] item: Leftovers
|
|switch|p2a: Heatran|Heatran, F|289\/386
|turn|23
|
|move|p2a: Heatran|Lava Plume|p1a: Clefable
|-damage|p1a: Clefable|18\/394
|-status|p1a: Clefable|brn
|move|p1a: Clefable|Soft-Boiled|p1a: Clefable
|-heal|p1a: Clefable|215\/394 brn
|
|-heal|p1a: Clefable|239\/394 brn|[from] item: Leftovers
|turn|24
|
|move|p2a: Heatran|Earth Power|p1a: Clefable
|-damage|p1a: Clefable|134\/394 brn
|move|p1a: Clefable|Soft-Boiled|p1a: Clefable
|-heal|p1a: Clefable|331\/394 brn
|
|-heal|p1a: Clefable|355\/394 brn|[from] item: Leftovers
|turn|25
|
|move|p2a: Heatran|Earth Power|p1a: Clefable
|-damage|p1a: Clefable|259\/394 brn
|move|p1a: Clefable|Calm Mind|p1a: Clefable
|-boost|p1a: Clefable|spa|1
|-boost|p1a: Clefable|spd|1
|
|-heal|p1a: Clefable|283\/394 brn|[from] item: Leftovers
|turn|26
|
|move|p2a: Heatran|Lava Plume|p1a: Clefable
|-damage|p1a: Clefable|202\/394 brn
|move|p1a: Clefable|Soft-Boiled|p1a: Clefable
|-heal|p1a: Clefable|394\/394 brn
|
|turn|27
|
|move|p2a: Heatran|Lava Plume|p1a: Clefable
|-damage|p1a: Clefable|312\/394 brn
|move|p1a: Clefable|Calm Mind|p1a: Clefable
|-boost|p1a: Clefable|spa|1
|-boost|p1a: Clefable|spd|1
|
|-heal|p1a: Clefable|336\/394 brn|[from] item: Leftovers
|turn|28
|
|switch|p2a: Landorus-Therian|Landorus-Therian, M|373\/373
|-ability|p2a: Landorus-Therian|Intimidate|[of] p1a: Clefable
|-unboost|p1a: Clefable|atk|1
|move|p1a: Clefable|Calm Mind|p1a: Clefable
|-boost|p1a: Clefable|spa|1
|-boost|p1a: Clefable|spd|1
|
|-heal|p1a: Clefable|360\/394 brn|[from] item: Leftovers
|turn|29
|
|move|p2a: Landorus-Therian|Knock Off|p1a: Clefable
|-resisted|p1a: Clefable
|-damage|p1a: Clefable|345\/394 brn
|-enditem|p1a: Clefable|Leftovers|[from] move: Knock Off|[of] p2a: Landorus-Therian
|move|p1a: Clefable|Soft-Boiled|p1a: Clefable
|-heal|p1a: Clefable|394\/394 brn
|
|turn|30
|
|move|p2a: Landorus-Therian|Earthquake|p1a: Clefable
|-damage|p1a: Clefable|342\/394 brn
|move|p1a: Clefable|Soft-Boiled|p1a: Clefable
|-heal|p1a: Clefable|394\/394 brn
|
|turn|31
|
|move|p2a: Landorus-Therian|Earthquake|p1a: Clefable
|-damage|p1a: Clefable|346\/394 brn
|move|p1a: Clefable|Calm Mind|p1a: Clefable
|-boost|p1a: Clefable|spa|1
|-boost|p1a: Clefable|spd|1
|
|turn|32
|
|move|p2a: Landorus-Therian|Earthquake|p1a: Clefable
|-damage|p1a: Clefable|297\/394 brn
|move|p1a: Clefable|Calm Mind|p1a: Clefable
|-boost|p1a: Clefable|spa|1
|-boost|p1a: Clefable|spd|1
|
|turn|33
|c|★Toke Jeam 2|whats up nub?
|c|★Rauhakoira|lmao
|
|move|p2a: Landorus-Therian|Earthquake|p1a: Clefable
|-damage|p1a: Clefable|252\/394 brn
|move|p1a: Clefable|Soft-Boiled|p1a: Clefable
|-heal|p1a: Clefable|394\/394 brn
|
|turn|34
|
|move|p2a: Landorus-Therian|Earthquake|p1a: Clefable
|-damage|p1a: Clefable|343\/394 brn
|move|p1a: Clefable|Flamethrower|p2a: Landorus-Therian
|-damage|p2a: Landorus-Therian|66\/373
|
|-heal|p2a: Landorus-Therian|89\/373|[from] item: Leftovers
|turn|35
|c|★Toke Jeam 2|wrecked
|c|★Toke Jeam 2|fucking nub]
|
|switch|p2a: Heatran|Heatran, F|289\/386
|move|p1a: Clefable|Moonblast|p2a: Heatran
|-resisted|p2a: Heatran
|-damage|p2a: Heatran|225\/386
|
|turn|36
|c|★Toke Jeam 2|lol
|c|★Toke Jeam 2|second time thinks he predicts a flash fire
|c|★Toke Jeam 2|NOOOOOB
|c|★Rauhakoira|Lmao nice rank
|c|★Toke Jeam 2|check my main rank nub
|c|★Rauhakoira|main rank lmao
|c|★Toke Jeam 2|Amoongbro
|
|move|p2a: Heatran|Lava Plume|p1a: Clefable
|-crit|p1a: Clefable
|-damage|p1a: Clefable|135\/394 brn
|move|p1a: Clefable|Calm Mind|p1a: Clefable
|-boost|p1a: Clefable|spa|1
|-boost|p1a: Clefable|spd|1
|
|turn|37
|
|move|p2a: Heatran|Lava Plume|p1a: Clefable
|-damage|p1a: Clefable|105\/394 brn
|move|p1a: Clefable|Soft-Boiled|p1a: Clefable
|-heal|p1a: Clefable|302\/394 brn
|
|turn|38
|
|move|p2a: Heatran|Lava Plume|p1a: Clefable
|-damage|p1a: Clefable|271\/394 brn
|move|p1a: Clefable|Soft-Boiled|p1a: Clefable
|-heal|p1a: Clefable|394\/394 brn
|
|turn|39
|c|★Toke Jeam 2|gg nub
|
|move|p2a: Heatran|Earth Power|p1a: Clefable
|-damage|p1a: Clefable|369\/394 brn
|-unboost|p1a: Clefable|spd|1
|move|p1a: Clefable|Moonblast|p2a: Heatran
|-resisted|p2a: Heatran
|-damage|p2a: Heatran|154\/386
|
|turn|40
|
|move|p2a: Heatran|Earth Power|p1a: Clefable
|-damage|p1a: Clefable|339\/394 brn
|move|p1a: Clefable|Calm Mind|p1a: Clefable
|-boost|p1a: Clefable|spd|1
|
|turn|41
|
|move|p2a: Heatran|Lava Plume|p1a: Clefable
|-damage|p1a: Clefable|306\/394 brn
|move|p1a: Clefable|Moonblast|p2a: Heatran
|-resisted|p2a: Heatran
|-damage|p2a: Heatran|75\/386
|
|turn|42
|c|★Toke Jeam 2|check \/rank Amoongbro
|c|★Rauhakoira|mfc someone thinks spamming calm mind is a good stategy
|
|move|p2a: Heatran|Lava Plume|p1a: Clefable
|-damage|p1a: Clefable|273\/394 brn
|move|p1a: Clefable|Moonblast|p2a: Heatran
|-resisted|p2a: Heatran
|-damage|p2a: Heatran|0 fnt
|faint|p2a: Heatran
|
|
|switch|p2a: Latias|Latias, F|321\/321
|turn|43
|
|move|p2a: Latias|Psyshock|p1a: Clefable
|-damage|p1a: Clefable|229\/394 brn
|-damage|p2a: Latias|289\/321|[from] item: Life Orb
|move|p1a: Clefable|Moonblast|p2a: Latias
|-supereffective|p2a: Latias
|-damage|p2a: Latias|0 fnt
|faint|p2a: Latias
|
|c|★Toke Jeam 2|wrecked
|c|★Toke Jeam 2|nice
|
|switch|p2a: Gyarados|Gyarados-Mega, M|17\/331
|-ability|p2a: Gyarados|Mold Breaker
|turn|44
|c|★Rauhakoira|lmao
|c|★Toke Jeam 2|beat by a joke team
|
|move|p2a: Gyarados|Waterfall|p1a: Clefable
|-damage|p1a: Clefable|177\/394 brn
|cant|p1a: Clefable|flinch
|
|turn|45
|
|move|p2a: Gyarados|Waterfall|p1a: Clefable
|-damage|p1a: Clefable|123\/394 brn
|cant|p1a: Clefable|flinch
|
|turn|46
|c|★Toke Jeam 2|flinch come back noob
|
|move|p2a: Gyarados|Waterfall|p1a: Clefable
|-damage|p1a: Clefable|75\/394 brn
|cant|p1a: Clefable|flinch
|
|turn|47
|c|★Rauhakoira|noob is not even an insult lol
|c|★Toke Jeam 2|sigh 3 flinch in a row
|c|★Toke Jeam 2|its 20% chance to flinch
|c|★Toke Jeam 2|you got 100% 3 times in a row
|c|★Toke Jeam 2|so fucking noob
|c|★Toke Jeam 2|inb4 4th flinch in a row
|c|★Toke Jeam 2|no skill
|
|move|p2a: Gyarados|Waterfall|p1a: Clefable
|-crit|p1a: Clefable
|-damage|p1a: Clefable|0 fnt
|faint|p1a: Clefable
|
|c|★Rauhakoira|no skill is to spam calm mind and baton pass lol
|c|★Toke Jeam 2|sigh
|c|★Rauhakoira|HAHAH REKT LMA0
|c|★Toke Jeam 2|youre a fucking joke
|c|★Toke Jeam 2|3 flinches then a crit
|c|★Rauhakoira|you mad bruh?
|c|★Toke Jeam 2|absolute no skill at all
|c|★Rauhakoira|hahaha so mad kid grow up
|
|switch|p1a: Chansey|Chansey, F|704\/704
|-damage|p1a: Chansey|616\/704|[from] Stealth Rock
|turn|48
|
|switch|p2a: Landorus-Therian|Landorus-Therian, M|89\/373
|-ability|p2a: Landorus-Therian|Intimidate|[of] p1a: Chansey
|-unboost|p1a: Chansey|atk|1
|move|p1a: Chansey|Toxic|p2a: Landorus-Therian
|-status|p2a: Landorus-Therian|tox
|
|-heal|p2a: Landorus-Therian|112\/373 tox|[from] item: Leftovers
|-damage|p2a: Landorus-Therian|89\/373 tox|[from] psn
|turn|49
|
|switch|p1a: Mew|Mew|85\/404 tox
|-damage|p1a: Mew|35\/404 tox|[from] Stealth Rock
|move|p2a: Landorus-Therian|Knock Off|p1a: Mew
|-supereffective|p1a: Mew
|-damage|p1a: Mew|0 fnt
|faint|p1a: Mew
|
|-heal|p2a: Landorus-Therian|112\/373 tox|[from] item: Leftovers
|-damage|p2a: Landorus-Therian|66\/373 tox|[from] psn
|
|switch|p1a: Chansey|Chansey, F|616\/704
|-damage|p1a: Chansey|528\/704|[from] Stealth Rock
|turn|50
|
|move|p2a: Landorus-Therian|Knock Off|p1a: Chansey
|-damage|p1a: Chansey|377\/704
|-enditem|p1a: Chansey|Eviolite|[from] move: Knock Off|[of] p2a: Landorus-Therian
|move|p1a: Chansey|Soft-Boiled|p1a: Chansey
|-heal|p1a: Chansey|704\/704
|
|-heal|p2a: Landorus-Therian|89\/373 tox|[from] item: Leftovers
|-damage|p2a: Landorus-Therian|20\/373 tox|[from] psn
|turn|51
|
|move|p2a: Landorus-Therian|Earthquake|p1a: Chansey
|-damage|p1a: Chansey|392\/704
|move|p1a: Chansey|Soft-Boiled|p1a: Chansey
|-heal|p1a: Chansey|704\/704
|
|-heal|p2a: Landorus-Therian|43\/373 tox|[from] item: Leftovers
|-damage|p2a: Landorus-Therian|0 fnt|[from] psn
|faint|p2a: Landorus-Therian
|
|switch|p2a: Rotom-Wash|Rotom-Wash|304\/304
|turn|52
|
|move|p2a: Rotom-Wash|Will-O-Wisp|p1a: Chansey
|-status|p1a: Chansey|brn
|move|p1a: Chansey|Toxic|p2a: Rotom-Wash
|-status|p2a: Rotom-Wash|tox
|
|-damage|p2a: Rotom-Wash|285\/304 tox|[from] psn
|-damage|p1a: Chansey|616\/704 brn|[from] brn
|turn|53
|
|switch|p2a: Gyarados|Gyarados-Mega, M|17\/331
|-ability|p2a: Gyarados|Mold Breaker
|move|p1a: Chansey|Seismic Toss|p2a: Gyarados
|-damage|p2a: Gyarados|0 fnt
|faint|p2a: Gyarados
|
|-damage|p1a: Chansey|528\/704 brn|[from] brn
|c|★Toke Jeam 2|so noob
|c|★Rauhakoira|lmao
|c|★Rauhakoira|so mad
|
|switch|p2a: Rotom-Wash|Rotom-Wash|285\/304 tox
|turn|54
|c|★Toke Jeam 2|even with that 4 turn hax in a row you still suck
|c|★Rauhakoira|has to use wall to win
|c|★Rauhakoira|lmao
|c|★Toke Jeam 2|um....
|c|★Toke Jeam 2|rotom is a wall and all you are gonna do now is stall LMFAO!
|c|★Rauhakoira|lmao so mad
|
|move|p2a: Rotom-Wash|Hydro Pump|p1a: Chansey
|-damage|p1a: Chansey|386\/704 brn
|move|p1a: Chansey|Seismic Toss|p2a: Rotom-Wash
|-damage|p2a: Rotom-Wash|185\/304 tox
|
|-heal|p2a: Rotom-Wash|204\/304 tox|[from] item: Leftovers
|-damage|p2a: Rotom-Wash|185\/304 tox|[from] psn
|-damage|p1a: Chansey|298\/704 brn|[from] brn
|turn|55
|
|move|p2a: Rotom-Wash|Hydro Pump|p1a: Chansey|[miss]
|-miss|p2a: Rotom-Wash|p1a: Chansey
|move|p1a: Chansey|Soft-Boiled|p1a: Chansey
|-heal|p1a: Chansey|650\/704 brn
|
|-heal|p2a: Rotom-Wash|204\/304 tox|[from] item: Leftovers
|-damage|p2a: Rotom-Wash|166\/304 tox|[from] psn
|-damage|p1a: Chansey|562\/704 brn|[from] brn
|turn|56
|c|★Toke Jeam 2|GG NUB
|c|★Rauhakoira|grow up lol
|c|★Toke Jeam 2|ABSOLUTE NOOB
|c|★Rauhakoira|lmao
|c|★Toke Jeam 2|SO NOOB
|c|★Rauhakoira|this is going to youtube lmao
|c|★Rauhakoira|"noob uses stall and shit talks" lmao
|c|★Toke Jeam 2|★Rauhakoira: aah nice and rekt
|c|★Rauhakoira|hehehehehe
|c|★Toke Jeam 2|cool lol embarass yourself
|c|★Toke Jeam 2|first thing im doing is saving replay and posting all over shodwon
|c|★Rauhakoira|what shodwon lol?
|c|★Toke Jeam 2|everyone can se you lost to a Joke Team even after getting 4 flinches and a crit
|c|★Rauhakoira|maybe learn to type first lmao
|c|★Rauhakoira|so mad
|c|★Toke Jeam 2|oh crap celarly not dw=wd
|
|move|p2a: Rotom-Wash|Hydro Pump|p1a: Chansey
|-damage|p1a: Chansey|438\/704 brn
|move|p1a: Chansey|Heal Bell|p1a: Chansey
|-cureteam|p1a: Chansey|[from] move: HealBell
|
|-heal|p2a: Rotom-Wash|185\/304 tox|[from] item: Leftovers
|-damage|p2a: Rotom-Wash|128\/304 tox|[from] psn
|turn|57
|c|★Rauhakoira|celarly? lol
|
|move|p2a: Rotom-Wash|Hydro Pump|p1a: Chansey
|-damage|p1a: Chansey|311\/704
|move|p1a: Chansey|Soft-Boiled|p1a: Chansey
|-heal|p1a: Chansey|663\/704
|
|-heal|p2a: Rotom-Wash|147\/304 tox|[from] item: Leftovers
|-damage|p2a: Rotom-Wash|71\/304 tox|[from] psn
|turn|58
|c|★Toke Jeam 2|clearly el = le no?
|c|★Toke Jeam 2|get wrecked noob
|c|★Rauhakoira|way too mad
|c|★Toke Jeam 2|LOOOOOOOOL
|c|★Toke Jeam 2|LOOOOOOOOL
|c|★Toke Jeam 2|LOOOOOOOOL
|c|★Toke Jeam 2|LOOOOOOOOL
|c|★Toke Jeam 2|LOOOOOOOOL
|c|★Toke Jeam 2|LOOOOOOOOL
|c|★Toke Jeam 2|LOOOOOOOOL
|c|★Toke Jeam 2|LOOOOOOOOL
|c|★Toke Jeam 2|LOOOOOOOOL
|c|★Toke Jeam 2|lol=mad
|c|★Toke Jeam 2|lol=mad
|c|★Toke Jeam 2|lol=mad
|c|★Toke Jeam 2|lol
|c|★Toke Jeam 2|bye nub
|
|move|p2a: Rotom-Wash|Volt Switch|p1a: Chansey
|-damage|p1a: Chansey|581\/704
|move|p1a: Chansey|Seismic Toss|p2a: Rotom-Wash
|-damage|p2a: Rotom-Wash|0 fnt
|faint|p2a: Rotom-Wash
|
|win|Toke Jeam 2
|raw|Ladder updating...
|c|★Rauhakoira|this just shows what type of players are in hyere = mad kids
|raw|Toke Jeam 2's rating: 1099 &rarr; <strong>1129<\/strong><br \/>(+30 for winning)
|raw|Rauhakoira's rating: 1162 &rarr; <strong>1132<\/strong><br \/>(-30 for losing)
|c|★Toke Jeam 2|yeah im mad i won
|c|★Rauhakoira|hehehe
|c|★Rauhakoira|nice rank btw
|c|★Toke Jeam 2|nice rank
|c|★Toke Jeam 2|loooool
|c|★Rauhakoira|ahh still better than yours
|c|★Toke Jeam 2|low ladder
|c|★Toke Jeam 2|nope
|c|★Rauhakoira|eeeez
|c|★Toke Jeam 2|do rank Aamoongbro
|c|★Toke Jeam 2|Amoongbro*
|c|★Rauhakoira|so mad
|c|★Rauhakoira|i'm way too better
|c|★Toke Jeam 2|im 1600+ on main
|c|★Toke Jeam 2|youre a noob lol
|c|★Toke Jeam 2|1162 LOOOL
|c|★Rauhakoira|sure you are
|c|★Toke Jeam 2|ok one sec
|player|p1|Guest 686662|101
|join|Amoongbro
|c| Amoongbro|hey
|c| Amoongbro|hiya
|player|p1|Amoongbro|101
|c| Amoongbro|its toke jeam 2
|c|★Rauhakoira|hehehe
|c| Amoongbro|check my ranks
|c|★Rauhakoira|sure it is kid
|leave|Rauhakoira
|player|p2
|c| Amoongbro|owned