|join|Amoongbro
|join|ben69
|player|p1|Amoongbro|1
|player|p2|ben69|169
|gametype|singles
|gen|6
|tier|OU
|rated
|clearpoke
|poke|p1|Chansey, F, shiny
|poke|p1|Skarmory, F, shiny
|poke|p1|Alomomola, M, shiny
|poke|p1|Amoonguss, F, shiny
|poke|p1|Quagsire, M, shiny
|poke|p1|Sableye, M, shiny
|poke|p2|Manaphy
|poke|p2|Scizor, F
|poke|p2|Thundurus, M
|poke|p2|Landorus-Therian, M
|poke|p2|Victini
|poke|p2|Diggersby, F
|rule|Swagger Clause: Swagger is banned
|rule|Baton Pass Clause: Limit one Pokémon knowing Baton Pass
|rule|Sleep Clause Mod: Limit one foe put to sleep
|rule|Species Clause: Limit one of each Pokémon
|rule|OHKO Clause: OHKO moves are banned
|rule|Moody Clause: Moody is banned
|rule|Evasion Moves Clause: Evasion moves are banned
|rule|Endless Battle Clause: Forcing endless battles is banned
|rule|HP Percentage Mod: HP is shown in percentages
|teampreview
|
|start
|switch|p1a: Not Mega|Sableye, M, shiny|304\/304
|switch|p2a: Victini|Victini|404\/404
|turn|1
|
|detailschange|p1a: Not Mega|Sableye-Mega, M, shiny
|-mega|p1a: Not Mega|Sableye|Sablenite
|move|p2a: Victini|U-turn|p1a: Not Mega
|-crit|p1a: Not Mega
|-damage|p1a: Not Mega|252\/304
|
|switch|p2a: Scizor|Scizor, F|343\/343
|move|p1a: Not Mega|Knock Off|p2a: Scizor
|-damage|p2a: Scizor|273\/343
|
|turn|2
|
|detailschange|p2a: Scizor|Scizor-Mega, F
|-mega|p2a: Scizor|Scizor|Scizorite
|move|p2a: Scizor|U-turn|p1a: Not Mega
|-damage|p1a: Not Mega|167\/304
|
|switch|p2a: Victini|Victini|404\/404
|move|p1a: Not Mega|Toxic|p2a: Victini
|-status|p2a: Victini|tox
|
|-damage|p2a: Victini|379\/404 tox|[from] psn
|turn|3
|
|move|p2a: Victini|Trick|p1a: Not Mega
|-fail|p1a: Not Mega
|move|p1a: Not Mega|Recover|p1a: Not Mega
|-heal|p1a: Not Mega|304\/304
|
|-damage|p2a: Victini|329\/404 tox|[from] psn
|turn|4
|c|★ben69|wtf
|
|switch|p2a: Manaphy|Manaphy|361\/361
|move|p1a: Not Mega|Will-O-Wisp|p2a: Manaphy
|-status|p2a: Manaphy|brn
|
|-damage|p2a: Manaphy|316\/361 brn|[from] brn
|turn|5
|
|switch|p1a: Mr Blobby|Amoonguss, F, shiny|432\/432
|move|p2a: Manaphy|U-turn|p1a: Mr Blobby
|-damage|p1a: Mr Blobby|411\/432
|
|switch|p2a: Victini|Victini|329\/404 tox
|
|-damage|p2a: Victini|304\/404 tox|[from] psn
|turn|6
|
|switch|p1a: Mrs Blobby|Alomomola, M, shiny|529\/529
|move|p2a: Victini|Trick|p1a: Mrs Blobby
|-activate|p2a: Victini|move: Trick|[of] p1a: Mrs Blobby
|-item|p1a: Mrs Blobby|Choice Scarf|[from] move: Trick
|-item|p2a: Victini|Leftovers|[from] move: Trick
|
|-heal|p2a: Victini|329\/404 tox|[from] item: Leftovers
|-damage|p2a: Victini|279\/404 tox|[from] psn
|turn|7
|
|move|p2a: Victini|U-turn|p1a: Mrs Blobby
|-damage|p1a: Mrs Blobby|480\/529
|
|switch|p2a: Manaphy|Manaphy|316\/361 brn
|move|p1a: Mrs Blobby|Scald|p2a: Manaphy
|-resisted|p2a: Manaphy
|-damage|p2a: Manaphy|291\/361 brn
|
|-heal|p2a: Manaphy|313\/361 brn|[from] item: Leftovers
|-damage|p2a: Manaphy|268\/361 brn|[from] brn
|turn|8
|
|switch|p1a: Mr Blobby|Amoonguss, F, shiny|432\/432
|move|p2a: Manaphy|Rain Dance|p2a: Manaphy
|-weather|RainDance
|
|-weather|RainDance|[upkeep]
|-curestatus|p2a: Manaphy|brn
|-heal|p2a: Manaphy|290\/361|[from] item: Leftovers
|turn|9
|
|move|p2a: Manaphy|U-turn|p1a: Mr Blobby
|-damage|p1a: Mr Blobby|391\/432
|
|switch|p2a: Scizor|Scizor-Mega, F|273\/343
|move|p1a: Mr Blobby|Giga Drain|p2a: Scizor
|-resisted|p2a: Scizor
|-damage|p2a: Scizor|257\/343
|-heal|p1a: Mr Blobby|399\/432|[from] drain|[of] p2a: Scizor
|
|-weather|RainDance|[upkeep]
|turn|10
|
|switch|p1a: Fuck Magnezone|Skarmory, F, shiny|334\/334
|move|p2a: Scizor|U-turn|p1a: Fuck Magnezone
|-resisted|p1a: Fuck Magnezone
|-damage|p1a: Fuck Magnezone|317\/334
|
|switch|p2a: Manaphy|Manaphy|290\/361
|
|-weather|RainDance|[upkeep]
|-heal|p2a: Manaphy|312\/361|[from] item: Leftovers
|turn|11
|
|switch|p1a: Mr Blobby|Amoonguss, F, shiny|432\/432
|move|p2a: Manaphy|Scald|p1a: Mr Blobby
|-crit|p1a: Mr Blobby
|-resisted|p1a: Mr Blobby
|-damage|p1a: Mr Blobby|327\/432
|
|-weather|RainDance|[upkeep]
|-heal|p2a: Manaphy|334\/361|[from] item: Leftovers
|turn|12
|
|move|p2a: Manaphy|U-turn|p1a: Mr Blobby
|-damage|p1a: Mr Blobby|279\/432
|
|switch|p2a: Landorus-Therian|Landorus-Therian, M|381\/381
|-ability|p2a: Landorus-Therian|Intimidate|[of] p1a: Mr Blobby
|-unboost|p1a: Mr Blobby|atk|1
|move|p1a: Mr Blobby|Giga Drain|p2a: Landorus-Therian
|-damage|p2a: Landorus-Therian|291\/381
|-heal|p1a: Mr Blobby|324\/432|[from] drain|[of] p2a: Landorus-Therian
|
|-weather|none
|turn|13
|
|switch|p1a: Not Mega|Sableye-Mega, M, shiny|304\/304
|move|p2a: Landorus-Therian|Earthquake|p1a: Not Mega
|-damage|p1a: Not Mega|204\/304
|
|turn|14
|
|move|p2a: Landorus-Therian|U-turn|p1a: Not Mega
|-damage|p1a: Not Mega|154\/304
|
|switch|p2a: Manaphy|Manaphy|334\/361
|move|p1a: Not Mega|Recover|p1a: Not Mega
|-heal|p1a: Not Mega|304\/304
|
|-heal|p2a: Manaphy|356\/361|[from] item: Leftovers
|turn|15
|
|switch|p1a: Mr Blobby|Amoonguss, F, shiny|432\/432
|move|p2a: Manaphy|Scald|p1a: Mr Blobby
|-resisted|p1a: Mr Blobby
|-damage|p1a: Mr Blobby|387\/432
|
|-heal|p2a: Manaphy|361\/361|[from] item: Leftovers
|turn|16
|c|★ben69|this is ridic
|c|★ben69|like 0\/20 scald burns in two games
|
|move|p2a: Manaphy|U-turn|p1a: Mr Blobby
|-damage|p1a: Mr Blobby|342\/432
|
|switch|p2a: Scizor|Scizor-Mega, F|257\/343
|move|p1a: Mr Blobby|Foul Play|p2a: Scizor
|-damage|p2a: Scizor|174\/343
|
|turn|17
|
|switch|p1a: Fuck Magnezone|Skarmory, F, shiny|317\/334
|move|p2a: Scizor|Roost|p2a: Scizor
|-heal|p2a: Scizor|343\/343
|
|turn|18
|
|move|p2a: Scizor|U-turn|p1a: Fuck Magnezone
|-resisted|p1a: Fuck Magnezone
|-damage|p1a: Fuck Magnezone|300\/334
|
|switch|p2a: Landorus-Therian|Landorus-Therian, M|291\/381
|-ability|p2a: Landorus-Therian|Intimidate|[of] p1a: Fuck Magnezone
|-unboost|p1a: Fuck Magnezone|atk|1
|move|p1a: Fuck Magnezone|Stealth Rock|p2a: Landorus-Therian
|-sidestart|p2: ben69|move: Stealth Rock
|
|turn|19
|
|switch|p1a: Not Mega|Sableye-Mega, M, shiny|304\/304
|move|p2a: Landorus-Therian|Earthquake|p1a: Not Mega
|-crit|p1a: Not Mega
|-damage|p1a: Not Mega|153\/304
|
|turn|20
|
|move|p2a: Landorus-Therian|U-turn|p1a: Not Mega
|-damage|p1a: Not Mega|104\/304
|
|switch|p2a: Manaphy|Manaphy|361\/361
|-damage|p2a: Manaphy|316\/361|[from] Stealth Rock
|move|p1a: Not Mega|Recover|p1a: Not Mega
|-heal|p1a: Not Mega|256\/304
|
|-heal|p2a: Manaphy|338\/361|[from] item: Leftovers
|turn|21
|
|switch|p1a: Mr Blobby|Amoonguss, F, shiny|432\/432
|move|p2a: Manaphy|Scald|p1a: Mr Blobby
|-resisted|p1a: Mr Blobby
|-damage|p1a: Mr Blobby|381\/432
|
|-heal|p2a: Manaphy|360\/361|[from] item: Leftovers
|turn|22
|
|move|p2a: Manaphy|Scald|p1a: Mr Blobby
|-resisted|p1a: Mr Blobby
|-damage|p1a: Mr Blobby|336\/432
|move|p1a: Mr Blobby|Giga Drain|p2a: Manaphy
|-supereffective|p2a: Manaphy
|-damage|p2a: Manaphy|202\/361
|-heal|p1a: Mr Blobby|415\/432|[from] drain|[of] p2a: Manaphy
|
|-heal|p2a: Manaphy|224\/361|[from] item: Leftovers
|turn|23
|-message|ben69 forfeited.
|leave|ben69
|
|win|Amoongbro
|raw|Ladder updating...
|player|p2
|raw|Amoongbro's rating: 1784 &rarr; <strong>1806<\/strong><br \/>(+22 for winning)
|raw|ben69's rating: 1806 &rarr; <strong>1785<\/strong><br \/>(-21 for losing)