|join|Amoongbro
|join|francais bursche
|player|p1|Amoongbro|169
|player|p2|francais bursche|149
|gametype|singles
|gen|6
|tier|OU
|rated
|clearpoke
|poke|p1|Chansey, F, shiny
|poke|p1|Skarmory, M, shiny
|poke|p1|Alomomola, M, shiny
|poke|p1|Amoonguss, M, shiny
|poke|p1|Quagsire, F, shiny
|poke|p1|Sableye, M, shiny
|poke|p2|Landorus, M
|poke|p2|Thundurus, M
|poke|p2|Politoed, F
|poke|p2|Kingdra, M
|poke|p2|Ferrothorn, F
|poke|p2|Heracross, M
|rule|Swagger Clause: Swagger is banned
|rule|Baton Pass Clause: Limit one Pokémon knowing Baton Pass
|rule|Sleep Clause Mod: Limit one foe put to sleep
|rule|Species Clause: Limit one of each Pokémon
|rule|OHKO Clause: OHKO moves are banned
|rule|Moody Clause: Moody is banned
|rule|Evasion Moves Clause: Evasion moves are banned
|rule|Endless Battle Clause: Forcing endless battles is banned
|rule|HP Percentage Mod: HP is shown in percentages
|teampreview
|c|★francais bursche|gl hf
|c|★Amoongbro|shut up
|c|★Amoongbro|go fuck yourself
|c|★francais bursche|hahahaha xDDD
|c|★francais bursche|nette begrüssung
|c|★francais bursche|hf bro
|c|★francais bursche|hf
|c|★francais bursche|i think my mate will req u in ur pussy :]
|c|★francais bursche|never play full stall imo
|c|★francais bursche|ich!?
|c|★francais bursche|hmm? :D
|c|★Amoongbro|im not full stall you tard
|c|★Amoongbro|so still go fuck yourself
|c|★francais bursche|Plzzzzzzzzzz
|c|★francais bursche|ouh
|c|★francais bursche|banded skarm incoming
|c|★francais bursche|or sd
|c|★francais bursche|who knows
|
|start
|switch|p1a: Mr Blobby|Amoonguss, M, shiny|432\/432
|switch|p2a: Politoed|Politoed, F|335\/335
|-weather|RainDance
|turn|1
|
|switch|p2a: Ferrothorn|Ferrothorn, F|352\/352
|move|p1a: Mr Blobby|Foul Play|p2a: Ferrothorn
|-damage|p2a: Ferrothorn|303\/352
|-damage|p1a: Mr Blobby|378\/432|[from] ability: Iron Barbs|[of] p2a: Ferrothorn
|
|-weather|RainDance|[upkeep]
|-heal|p2a: Ferrothorn|325\/352|[from] item: Leftovers
|turn|2
|c|★francais bursche|ouch
|c|★francais bursche|http:\/\/prntscr.com\/5xdo65
|c|★francais bursche|should i pm asgdf
|c|★francais bursche|to lock him
|c|★francais bursche|y\/n
|c|★francais bursche|y
|c|★francais bursche|jo
|c|★francais bursche|probieren kann mans ja mal
|c|★francais bursche|oder nee
|c|★francais bursche|warte jz noch nicht
|c|★francais bursche|oder doch mach ma
|
|switch|p1a: Fuck Magnezone|Skarmory, M, shiny|334\/334
|move|p2a: Ferrothorn|Stealth Rock|p1a: Fuck Magnezone
|-sidestart|p1: Amoongbro|move: Stealth Rock
|
|-weather|RainDance|[upkeep]
|-heal|p2a: Ferrothorn|347\/352|[from] item: Leftovers
|turn|3
|c|★francais bursche|was denn nu
|c|★francais bursche|jo meld mal :D
|c|★francais bursche|wer schreibt da ? xD
|
|switch|p2a: Kingdra|Kingdra, M|291\/291
|move|p1a: Fuck Magnezone|Defog|p2a: Kingdra
|-unboost|p2a: Kingdra|evasion|1
|-sideend|p1: Amoongbro|Stealth Rock|[from] move: Defog|[of] p1a: Fuck Magnezone
|
|-weather|RainDance|[upkeep]
|turn|4
|c|★francais bursche|bluri
|c|★Amoongbro|do oyu ever shut up?
|c|★francais bursche|n ur cock is 2 big
|c|★francais bursche|bluriiiiiiiiiiiiiiiiiiiiiiiiiiiiii <33
|join|Yong'Seun
|c|★francais bursche|wer bist du? :D
|c|★francais bursche|erz & bauer
|c|★francais bursche|ahhh kk :D
|
|switch|p2a: Heracross|Heracross, M|301\/301
|switch|p1a: Baby Blobby|Chansey, F, shiny|704\/704
|
|-weather|RainDance|[upkeep]
|turn|5
|
|switch|p1a: Fuck Magnezone|Skarmory, M, shiny|334\/334
|detailschange|p2a: Heracross|Heracross-Mega, M
|-mega|p2a: Heracross|Heracross|Heracronite
|move|p2a: Heracross|Rock Blast|p1a: Fuck Magnezone
|-crit|p1a: Fuck Magnezone
|-damage|p1a: Fuck Magnezone|295\/334
|-damage|p1a: Fuck Magnezone|270\/334
|-crit|p1a: Fuck Magnezone
|-damage|p1a: Fuck Magnezone|236\/334
|-damage|p1a: Fuck Magnezone|214\/334
|-damage|p1a: Fuck Magnezone|190\/334
|-hitcount|p1a: Fuck Magnezone|5
|
|-weather|RainDance|[upkeep]
|turn|6
|
|move|p2a: Heracross|Close Combat|p1a: Fuck Magnezone
|-damage|p1a: Fuck Magnezone|13\/334
|-unboost|p2a: Heracross|def|1
|-unboost|p2a: Heracross|spd|1
|move|p1a: Fuck Magnezone|Brave Bird|p2a: Heracross
|-supereffective|p2a: Heracross
|-damage|p2a: Heracross|0 fnt
|-damage|p1a: Fuck Magnezone|0 fnt|[from] recoil|[of] p2a: Heracross
|faint|p2a: Heracross
|faint|p1a: Fuck Magnezone
|
|-weather|RainDance|[upkeep]
|c|★francais bursche|hpfire
|join|asgdf
|c|★francais bursche|y\/n
|c|★francais bursche|erz was machst du
|c|★francais bursche|battlen
|c|@asgdf|ach ihr seit das nur
|c|★francais bursche|asgdf das ist doch nicht verboten zsm zu laddern oder ?
|c|@asgdf|*seid
|c|@asgdf|nein
|
|switch|p2a: Landorus|Landorus, M|319\/319
|switch|p1a: Not Mega|Sableye, M, shiny|304\/304
|turn|7
|c|★francais bursche|gut
|c|★francais bursche|(erz) sagt das
|c|★francais bursche|naja
|c|★francais bursche|xD
|c|★Amoongbro|★francais bursche: n ur cock is 2 big
|c|@asgdf|aber wer danach irgendie gebannt wird durch sowas der ist selber schuld
|c|★francais bursche|sonnst wären wir schol längst gelocked
|c|★Amoongbro|and you are talking all the time not me
|join|Kiseijuu
|leave|asgdf
|
|detailschange|p1a: Not Mega|Sableye-Mega, M, shiny
|-mega|p1a: Not Mega|Sableye|Sablenite
|move|p1a: Not Mega|Toxic|p2a: Landorus|[miss]
|-miss|p1a: Not Mega|p2a: Landorus
|move|p2a: Landorus|Earth Power|p1a: Not Mega
|-damage|p1a: Not Mega|78\/304
|
|-weather|RainDance|[upkeep]
|turn|8
|c|★francais bursche|lel
|c|★Amoongbro|><
|c|★Amoongbro|sigh
|c|★francais bursche|2
|
|move|p2a: Landorus|Knock Off|p1a: Not Mega
|-damage|p1a: Not Mega|29\/304
|-damage|p2a: Landorus|288\/319|[from] item: Life Orb
|move|p1a: Not Mega|Toxic|p2a: Landorus
|-status|p2a: Landorus|tox
|
|-weather|none
|-damage|p2a: Landorus|269\/319 tox|[from] psn
|turn|9
|c|★francais bursche|2
|
|move|p2a: Landorus|Knock Off|p1a: Not Mega
|-damage|p1a: Not Mega|0 fnt
|-damage|p2a: Landorus|238\/319 tox|[from] item: Life Orb
|faint|p1a: Not Mega
|
|-damage|p2a: Landorus|200\/319 tox|[from] psn
|
|switch|p1a: Uncle Blobby|Quagsire, F, shiny|394\/394
|turn|10
|
|move|p2a: Landorus|Earth Power|p1a: Uncle Blobby
|-damage|p1a: Uncle Blobby|69\/394
|move|p1a: Uncle Blobby|Scald|p2a: Landorus
|-crit|p2a: Landorus
|-supereffective|p2a: Landorus
|-damage|p2a: Landorus|0 fnt
|faint|p2a: Landorus
|
|-heal|p1a: Uncle Blobby|93\/394|[from] item: Leftovers
|c|★francais bursche|jez auf tentantel und hazards legen oder
|c|★francais bursche|oder mit kingdra killen
|
|switch|p2a: Kingdra|Kingdra, M|291\/291
|turn|11
|c|★Amoongbro|like i said do you ever shut up?
|c|★francais bursche|wir brauchen rain gegen chansey
|c|★francais bursche|4
|c|★francais bursche|like i said why r u so bad
|c|★francais bursche|never seen u in top ladder
|c|★francais bursche|played 5 years pkmn
|c|★francais bursche|never achieved somethink
|c|★Amoongbro|i was #8 start of today
|c|★francais bursche|made now 1 lucky stall
|c|★francais bursche|call it a OneHitWonder
|c|★francais bursche|cant predict
|c|★francais bursche|cant build any other new team than this stall
|c|★francais bursche|like cleaner
|c|★francais bursche|y\/n
|c|★francais bursche|and calls himself pro player
|c|★Amoongbro|how cant i predict lol?
|c|★francais bursche|where did u predict
|c|★francais bursche|WHERE
|
|move|p2a: Kingdra|Waterfall|p1a: Uncle Blobby
|-damage|p1a: Uncle Blobby|0 fnt
|-damage|p2a: Kingdra|262\/291|[from] item: Life Orb
|faint|p1a: Uncle Blobby
|
|c|★francais bursche|sableye-m vs lando and stays in
|c|★Amoongbro|all the time lol
|c|★Amoongbro|its called making a play
|c|★Amoongbro|you predicted lando
|c|★francais bursche|lel
|c|★francais bursche|kingdra vs quagsire and stays when he has a ful HP amoon
|c|★Amoongbro|chansey to come in
|c|★francais bursche|if u predicted that
|c|★francais bursche|u used recover
|c|★Amoongbro|dude you predicted chansey to come in thats why you used knock off twice lol
|c|★francais bursche|u just wanted to sac sableye
|c|★francais bursche|bluri komm mal pls in mein battle :I
|c|★francais bursche|noob
|c|★Amoongbro|dude i went for the toxic cause i knew youd expect wisp or a switch
|c|★Amoongbro|you actually cant predict
|c|★Amoongbro|thats why you lost your hera
|c|★francais bursche|lol
|
|switch|p1a: Baby Blobby|Chansey, F, shiny|704\/704
|turn|12
|c|★francais bursche|he lost hera because he doesnt know hera-skarm rolls imo
|c|★francais bursche|jez auf tantel oder
|c|★francais bursche|jo :D
|c|★Amoongbro|why are you talking about yourself in the third person you idiot
|c|★francais bursche|because we are 2 players
|c|★francais bursche|lel
|
|switch|p2a: Ferrothorn|Ferrothorn, F|347\/352
|move|p1a: Baby Blobby|Toxic|p2a: Ferrothorn|[miss]
|-miss|p1a: Baby Blobby|p2a: Ferrothorn
|
|-heal|p2a: Ferrothorn|352\/352|[from] item: Leftovers
|turn|13
|c|★francais bursche|MISS MATTERED
|c|★francais bursche|SRY4HAX
|c|★Amoongbro|obv it didnt
|c|★francais bursche|sure...
|c|★francais bursche|jk
|c|★francais bursche|just tell me
|c|★francais bursche|ur #8 place on the ladder
|c|★francais bursche|is cause u clicked all the time
|c|★francais bursche|toxic right?
|c|★Amoongbro|nope
|c|★francais bursche|u absolizty diont know like 2 play stall
|c|★francais bursche|no
|c|★francais bursche|lol runs on almost every mon toxic
|
|switch|p1a: Mr Blobby|Amoonguss, M, shiny|432\/432
|move|p2a: Ferrothorn|Stealth Rock|p1a: Mr Blobby
|-sidestart|p1: Amoongbro|move: Stealth Rock
|
|turn|14
|c|★francais bursche|°^°
|c|★francais bursche|Plzzzzzzz dont talk
|c|★Amoongbro|dude only two mons have toxic
|c|★francais bursche|say me alomomolas set
|c|★francais bursche|dude only two mons have toxic
|c|★Amoongbro|im just testing toxic on sableye
|c|★francais bursche|hpfire amoon imo
|
|switch|p2a: Thundurus|Thundurus, M|299\/299
|move|p1a: Mr Blobby|Giga Drain|p2a: Thundurus
|-resisted|p2a: Thundurus
|-damage|p2a: Thundurus|256\/299
|
|-heal|p2a: Thundurus|274\/299|[from] item: Leftovers
|turn|15
|c|★francais bursche|Cant believt that CP pkmn falled so fcking hard down and bring some noobs like u into the high ladder
|c|★francais bursche|Gen 6 is so sadly
|c|★Amoongbro|youre just a noob who cant win without rocks
|c|★francais bursche|HAHAHAHAHAHAHAHA
|c|★francais bursche|>rocks
|c|★francais bursche|>noob
|c|★francais bursche|looooool r u a little jew who never played balance\/ho team
|c|★francais bursche|^
|c|★francais bursche|oh forgott u r usually a 1,2k ladder guy
|c|★francais bursche|and never face stall
|c|★francais bursche|HAHAHAHAHAAHAHAHAHAAHAH
|c|★francais bursche|so funny imo
|c|★Amoongbro|nope
|
|move|p2a: Thundurus|Thunder Wave|p1a: Mr Blobby
|-status|p1a: Mr Blobby|par
|move|p1a: Mr Blobby|Foul Play|p2a: Thundurus
|-damage|p2a: Thundurus|169\/299
|
|-heal|p2a: Thundurus|187\/299|[from] item: Leftovers
|turn|16
|c|★francais bursche|turn 13 was like
|c|★francais bursche|so one little tutorial for u...should u eveer play in some years balance\/HO,u´ll see that rocks r the most important think against stall
|c|★francais bursche|rocks or nothing
|c|★Amoongbro|every account i make reaches 1600-1700 actually
|c|★francais bursche|because amoon was obv
|c|★Amoongbro|dude relying on para hax
|c|★francais bursche|lel
|c|★francais bursche|chall me with a team
|c|★francais bursche|whch isnt stall
|c|★francais bursche|>relying
|c|★francais bursche|yn
|
|switch|p2a: Politoed|Politoed, F|335\/335
|-weather|RainDance
|cant|p1a: Mr Blobby|par
|
|-weather|RainDance|[upkeep]
|turn|17
|c|★francais bursche|n
|c|★francais bursche|or r u still scared?
|c|★Amoongbro|dude all my team is slower
|c|★francais bursche|alright noob
|c|★francais bursche|noooooooo erster lose von mir ;_____;
|c|★Amoongbro|so speed drop on thunder wave is pointless
|c|★francais bursche|nothink i need 2 add
|c|★Amoongbro|your a fully paralyzed noob
|
|switch|p2a: Ferrothorn|Ferrothorn, F|352\/352
|move|p1a: Mr Blobby|Giga Drain|p2a: Ferrothorn
|-resisted|p2a: Ferrothorn
|-damage|p2a: Ferrothorn|338\/352
|
|-weather|RainDance|[upkeep]
|-heal|p2a: Ferrothorn|352\/352|[from] item: Leftovers
|turn|18
|c|★francais bursche|bro r u really
|c|★francais bursche|ouch
|c|★francais bursche|just THIS LITTLE NOOB
|c|★francais bursche|!data thunderwave
|c|~|\/data-move Thunder Wave

|c|★francais bursche|half speed
|c|★francais bursche|and maybe paralyze
|c|★francais bursche|**MAYBE PARALYZE**
|c|★francais bursche|allahu akbar
|c|★francais bursche|**MAYBZE PARALYZE**
|c|★francais bursche|aaaaaaaalaaaaah
|c|★Amoongbro|dude only ferrothorn benefits against my team from the speed drop
|c|★francais bursche|r u sure that u can read this sentence?
|c|★francais bursche|its a rock swords dance ferro
|
|move|p2a: Ferrothorn|Gyro Ball|p1a: Mr Blobby
|-damage|p1a: Mr Blobby|416\/432 par
|move|p1a: Mr Blobby|Foul Play|p2a: Ferrothorn
|-crit|p2a: Ferrothorn
|-damage|p2a: Ferrothorn|282\/352
|-damage|p1a: Mr Blobby|362\/432 par|[from] ability: Iron Barbs|[of] p2a: Ferrothorn
|
|-weather|RainDance|[upkeep]
|-heal|p2a: Ferrothorn|304\/352|[from] item: Leftovers
|turn|19
|c|★francais bursche|allahuuu
|c|★francais bursche|with maxspeed
|c|★francais bursche|akbaarar
|c|★francais bursche|call it a sweeper
|c|★Amoongbro|you used it cause a) you have no idea how fast opposing pokemon are and b) you just want fully paralyzeds
|c|★francais bursche|HAHAHAAHAHAHAHAHAHAHAH
|c|★francais bursche|ALLAAAAAAH UAAKBAR
|
|move|p2a: Ferrothorn|Power Whip|p1a: Mr Blobby
|-resisted|p1a: Mr Blobby
|-damage|p1a: Mr Blobby|334\/432 par
|cant|p1a: Mr Blobby|par
|
|-weather|RainDance|[upkeep]
|-heal|p2a: Ferrothorn|326\/352|[from] item: Leftovers
|turn|20
|c|★francais bursche|hmmmmmmm
|c|★francais bursche|lol ur english so fcking horrible
|c|★francais bursche|how fast is amoongus
|c|★francais bursche|!dt amoongus
No Pokemon, item, move, ability or nature named 'amoongus' was found. Showing the data of 'Amoonguss' instead.
|c|~|\/data-pokemon Amoonguss
|raw|<font size="1"><font color=#585858>Dex#:<\/font> 591&nbsp;|&ThickSpace;<font color=#585858>Height:<\/font> 0.6 m&nbsp;|&ThickSpace;<font color=#585858>Weight:<\/font> 10.5 kg <em>(40 BP)<\/em>&nbsp;|&ThickSpace;<font color=#585858>Dex Colour:<\/font> White&nbsp;|&ThickSpace;<font color=#585858>Egg Group(s):<\/font> Grass&nbsp;|&ThickSpace;<font color=#585858><font color=#585858>Does Not Evolve<\/font><\/font><\/font>
|c|★francais bursche|pls stop 2 talk
|c|★francais bursche|oh right 120 base spoeed
|c|★Amoongbro|fully paralyzed noob
|c|★francais bursche|and dont shame urself anymore
|c|★francais bursche|PLZZZZZZZZZ
|c|★francais bursche|dont talk
|c|★francais bursche|ALLAH
|
|move|p2a: Ferrothorn|Power Whip|p1a: Mr Blobby
|-resisted|p1a: Mr Blobby
|-damage|p1a: Mr Blobby|302\/432 par
|cant|p1a: Mr Blobby|par
|
|-weather|RainDance|[upkeep]
|-heal|p2a: Ferrothorn|348\/352|[from] item: Leftovers
|turn|21
|c|★francais bursche|wir wissens bluri
|
|move|p2a: Ferrothorn|Power Whip|p1a: Mr Blobby
|-resisted|p1a: Mr Blobby
|-damage|p1a: Mr Blobby|274\/432 par
|move|p1a: Mr Blobby|Giga Drain|p2a: Ferrothorn
|-resisted|p2a: Ferrothorn
|-damage|p2a: Ferrothorn|333\/352
|-heal|p1a: Mr Blobby|282\/432 par|[from] drain|[of] p2a: Ferrothorn
|
|-weather|RainDance|[upkeep]
|-heal|p2a: Ferrothorn|352\/352|[from] item: Leftovers
|turn|22
|c|★francais bursche|xDD
|c|★francais bursche|man bluri
|c|★francais bursche|xD
|
|move|p2a: Ferrothorn|Power Whip|p1a: Mr Blobby
|-resisted|p1a: Mr Blobby
|-damage|p1a: Mr Blobby|250\/432 par
|cant|p1a: Mr Blobby|par
|
|-weather|RainDance|[upkeep]
|turn|23
|c|★francais bursche|wasn? :D
|c|★francais bursche|xDDDD
|c|★francais bursche|Easy
|
|move|p2a: Ferrothorn|Power Whip|p1a: Mr Blobby
|-resisted|p1a: Mr Blobby
|-damage|p1a: Mr Blobby|220\/432 par
|cant|p1a: Mr Blobby|par
|
|-weather|none
|turn|24
|c|★francais bursche|bluri der frechdachs
|c|★francais bursche|echt mal
|c|★francais bursche|immer auf krawall gebürstet
|c|★francais bursche|lol
|
|move|p2a: Ferrothorn|Power Whip|p1a: Mr Blobby
|-crit|p1a: Mr Blobby
|-resisted|p1a: Mr Blobby
|-damage|p1a: Mr Blobby|175\/432 par
|move|p1a: Mr Blobby|Hidden Power|p2a: Ferrothorn
|-supereffective|p2a: Ferrothorn
|-damage|p2a: Ferrothorn|228\/352
|
|-heal|p2a: Ferrothorn|250\/352|[from] item: Leftovers
|turn|25
|c|★francais bursche|>reveals hpfire just now
|c|★francais bursche|lol wie er jz erst mit der hp fire rausrückt
|
|switch|p2a: Thundurus|Thundurus, M|187\/299
|move|p1a: Mr Blobby|Hidden Power|p2a: Thundurus
|-crit|p2a: Thundurus
|-damage|p2a: Thundurus|112\/299
|
|-heal|p2a: Thundurus|130\/299|[from] item: Leftovers
|turn|26
|c|★Amoongbro|because rain was up you dumb fuck
|c|★francais bursche|4
|c|★Amoongbro|and in rain hp fire does less damage
|c|★Amoongbro|again you fell for it
|c|★francais bursche|lel
|
|switch|p1a: Baby Blobby|Chansey, F, shiny|704\/704
|-damage|p1a: Baby Blobby|616\/704|[from] Stealth Rock
|move|p2a: Thundurus|Rain Dance|p2a: Thundurus
|-weather|RainDance
|
|-weather|RainDance|[upkeep]
|-heal|p2a: Thundurus|148\/299|[from] item: Leftovers
|turn|27
|c|★francais bursche|you were against ferro before rain to#
|c|★francais bursche|and u didnt hpfire
|c|★francais bursche|>>>>>>>>>>noob<<<<<<<<<<<
|c|★Amoongbro|nope
|c|★francais bursche|hp fire made more damage still in rain than foul play
|c|★francais bursche|little fag
|
|move|p2a: Thundurus|Hidden Power|p1a: Baby Blobby
|-damage|p1a: Baby Blobby|574\/704
|move|p1a: Baby Blobby|Toxic|p2a: Thundurus
|-status|p2a: Thundurus|tox
|
|-weather|RainDance|[upkeep]
|-heal|p2a: Thundurus|166\/299 tox|[from] item: Leftovers
|-damage|p2a: Thundurus|148\/299 tox|[from] psn
|turn|28
|c|★francais bursche|but okay
|c|★Amoongbro|and even if i was i wouldnt reveal it too early
|c|★francais bursche|pls start 2 teach me
|c|★Amoongbro|youre unteachable
|c|★francais bursche|ur mom is unteachable
|c|★francais bursche|*untouchable
|
|switch|p2a: Kingdra|Kingdra, M|262\/291
|move|p1a: Baby Blobby|Soft-Boiled|p1a: Baby Blobby
|-heal|p1a: Baby Blobby|704\/704
|
|-weather|RainDance|[upkeep]
|turn|29
|c|★Amoongbro|critdra
|
|move|p2a: Kingdra|Waterfall|p1a: Baby Blobby
|-damage|p1a: Baby Blobby|462\/704
|-damage|p2a: Kingdra|233\/291|[from] item: Life Orb
|move|p1a: Baby Blobby|Toxic|p2a: Kingdra
|-status|p2a: Kingdra|tox
|
|-weather|RainDance|[upkeep]
|-damage|p2a: Kingdra|215\/291 tox|[from] psn
|turn|30
|c|★francais bursche|>critdra
|c|★francais bursche|lel
|c|★francais bursche|mive 2
|
|switch|p2a: Ferrothorn|Ferrothorn, F|250\/352
|switch|p1a: Mrs Blobby|Alomomola, M, shiny|529\/529
|-damage|p1a: Mrs Blobby|463\/529|[from] Stealth Rock
|
|-weather|none
|-heal|p1a: Mrs Blobby|496\/529|[from] item: Leftovers
|-heal|p2a: Ferrothorn|272\/352|[from] item: Leftovers
|turn|31
|c|★francais bursche|wieso hört ihr nict auf mich
|c|★francais bursche|das war abslout logisch .__.
|
|switch|p2a: Politoed|Politoed, F|335\/335
|-weather|RainDance
|move|p1a: Mrs Blobby|Wish|p1a: Mrs Blobby
|
|-weather|RainDance|[upkeep]
|-heal|p1a: Mrs Blobby|529\/529|[from] item: Leftovers
|turn|32
|c|★francais bursche|amoongbro do u only stall cause ctr-W does ?
|c|★Amoongbro|whos that?
|c|★Amoongbro|never heard of them
|c|★francais bursche|cleaner
|
|switch|p2a: Ferrothorn|Ferrothorn, F|272\/352
|switch|p1a: Baby Blobby|Chansey, F, shiny|462\/704
|-damage|p1a: Baby Blobby|374\/704|[from] Stealth Rock
|
|-weather|RainDance|[upkeep]
|-heal|p1a: Baby Blobby|638\/704|[from] move: Wish|[wisher] Mrs Blobby
|-heal|p2a: Ferrothorn|294\/352|[from] item: Leftovers
|turn|33
|c|★Amoongbro|never heard of them
|c|★francais bursche|than rotom w ._:
|c|★Amoongbro|ive been on this site way before they were
|
|move|p1a: Baby Blobby|Heal Bell|p1a: Baby Blobby
|-cureteam|p1a: Baby Blobby|[from] move: HealBell
|move|p2a: Ferrothorn|Leech Seed|p1a: Baby Blobby
|-start|p1a: Baby Blobby|move: Leech Seed
|
|-weather|RainDance|[upkeep]
|-heal|p2a: Ferrothorn|316\/352|[from] item: Leftovers
|-damage|p1a: Baby Blobby|550\/704|[from] Leech Seed|[of] p2a: Ferrothorn
|-heal|p2a: Ferrothorn|352\/352|[silent]
|turn|34
|c|★francais bursche|lol
|c|★Amoongbro|the only thing you are doing right now is stalling anyway
|
|switch|p1a: Mr Blobby|Amoonguss, M, shiny|319\/432
|-damage|p1a: Mr Blobby|265\/432|[from] Stealth Rock
|switch|p2a: Kingdra|Kingdra, M|215\/291 tox
|
|-weather|RainDance|[upkeep]
|-damage|p2a: Kingdra|197\/291 tox|[from] psn
|turn|35
|c|★francais bursche|Tells me the guy who runs stall LMAO
|c|★francais bursche|HAHAHAHAHAHAHAHAHAHAHAHA
|c|★Amoongbro|imnot moaning about it lol
|c|★francais bursche|W\/e
|c|★Amoongbro|> calls stall but all they are doing is stalling
|c|★francais bursche|>stalling with HO
|c|★francais bursche|ok
|c|★francais bursche|2
|
|move|p2a: Kingdra|Draco Meteor|p1a: Mr Blobby
|-damage|p1a: Mr Blobby|53\/432
|-unboost|p2a: Kingdra|spa|2
|-damage|p2a: Kingdra|168\/291 tox|[from] item: Life Orb
|move|p1a: Mr Blobby|Giga Drain|p2a: Kingdra
|-crit|p2a: Kingdra
|-damage|p2a: Kingdra|45\/291 tox
|-heal|p1a: Mr Blobby|115\/432|[from] drain|[of] p2a: Kingdra
|
|-weather|RainDance|[upkeep]
|-damage|p2a: Kingdra|9\/291 tox|[from] psn
|turn|36
|c|★francais bursche|ur crits are only showin ur bad plays imo
|
|switch|p1a: Mrs Blobby|Alomomola, M, shiny|529\/529
|-damage|p1a: Mrs Blobby|463\/529|[from] Stealth Rock
|move|p2a: Kingdra|Outrage|p1a: Mrs Blobby
|-damage|p1a: Mrs Blobby|291\/529
|-damage|p2a: Kingdra|0 fnt|[from] item: Life Orb
|faint|p2a: Kingdra
|
|-weather|RainDance|[upkeep]
|-heal|p1a: Mrs Blobby|324\/529|[from] item: Leftovers
|
|switch|p2a: Thundurus|Thundurus, M|148\/299 tox
|turn|37
|c|★Amoongbro|dude the only play there was giga drain, or switch in chansey to a possible waterfall in rain
|c|★Amoongbro|giga drain was the better option you idiot
|c|★francais bursche|!leaen kingdra , giga dran
|c|★francais bursche|Pls teach me
|
|switch|p1a: Baby Blobby|Chansey, F, shiny|550\/704
|-damage|p1a: Baby Blobby|462\/704|[from] Stealth Rock
|move|p2a: Thundurus|Thunder|p1a: Baby Blobby
|-damage|p1a: Baby Blobby|333\/704
|
|-weather|RainDance|[upkeep]
|-heal|p2a: Thundurus|166\/299 tox|[from] item: Leftovers
|-damage|p2a: Thundurus|148\/299 tox|[from] psn
|turn|38
|c|★francais bursche|Ur support is fcking importnat for me
|
|move|p2a: Thundurus|Thunder Wave|p1a: Baby Blobby
|-status|p1a: Baby Blobby|par
|cant|p1a: Baby Blobby|par
|
|-weather|none
|-heal|p2a: Thundurus|166\/299 tox|[from] item: Leftovers
|-damage|p2a: Thundurus|130\/299 tox|[from] psn
|turn|39
|c|★Amoongbro|like i said at the start when you said glhf i knew you were an idiot that talks all match cancer
|
|switch|p2a: Politoed|Politoed, F|335\/335
|-weather|RainDance
|move|p1a: Baby Blobby|Soft-Boiled|p1a: Baby Blobby
|-heal|p1a: Baby Blobby|685\/704 par
|
|-weather|RainDance|[upkeep]
|turn|40
|c|★Amoongbro|thats why i said what i said
|c|★francais bursche|Talk me when u know like 2 play pkmn
|
|move|p2a: Politoed|Hydro Pump|p1a: Baby Blobby
|-damage|p1a: Baby Blobby|531\/704 par
|move|p1a: Baby Blobby|Toxic|p2a: Politoed
|-status|p2a: Politoed|tox
|
|-weather|RainDance|[upkeep]
|-damage|p2a: Politoed|315\/335 tox|[from] psn
|turn|41
|-message|francais bursche forfeited.
|c|★Amoongbro|> relying on para hax
|c|★Amoongbro|> then forfeits
|
|win|Amoongbro
|raw|Ladder updating...
|raw|Amoongbro's rating: 1739 &rarr; <strong>1748<\/strong><br \/>(+9 for winning)
|raw|francais bursche's rating: 1523 &rarr; <strong>1514<\/strong><br \/>(-9 for losing)
|leave|francais bursche
|player|p2
|leave|Yong'Seun
|join|francais bursche
|leave|francais bursche
|c|★Amoongbro|!rank francais bursche
|leave|Kiseijuu
|c|★Amoongbro|!rank Amoongbro