|join|Amoongbro
|join|gran chelin
|player|p1|Amoongbro|1
|player|p2|gran chelin|169
|gametype|singles
|gen|6
|tier|OU
|rated
|clearpoke
|poke|p1|Chansey, F
|poke|p1|Skarmory, F
|poke|p1|Alomomola, M
|poke|p1|Amoonguss, M
|poke|p1|Quagsire, M
|poke|p1|Sableye, F
|poke|p2|Diggersby, F
|poke|p2|Greninja, M
|poke|p2|Thundurus, M
|poke|p2|Latias, F
|poke|p2|Infernape, M
|poke|p2|Gardevoir, M
|rule|Swagger Clause: Swagger is banned
|rule|Baton Pass Clause: Limit one Pokémon knowing Baton Pass
|rule|Sleep Clause Mod: Limit one foe put to sleep
|rule|Species Clause: Limit one of each Pokémon
|rule|OHKO Clause: OHKO moves are banned
|rule|Moody Clause: Moody is banned
|rule|Evasion Moves Clause: Evasion moves are banned
|rule|Endless Battle Clause: Forcing endless battles is banned
|rule|HP Percentage Mod: HP is shown in percentages
|teampreview
|
|start
|switch|p1a: Not Mega|Sableye, F|304\/304
|switch|p2a: Gardevoir|Gardevoir, M|277\/277
|-ability|p2a: Gardevoir|Prankster|[from] ability: Trace|[of] p1a: Not Mega
|turn|1
|
|switch|p1a: Baby Blobby|Chansey, F|704\/704
|detailschange|p2a: Gardevoir|Gardevoir-Mega, M
|-mega|p2a: Gardevoir|Gardevoir|Gardevoirite
|move|p2a: Gardevoir|Calm Mind|p2a: Gardevoir
|-boost|p2a: Gardevoir|spa|1
|-boost|p2a: Gardevoir|spd|1
|
|turn|2
|
|move|p2a: Gardevoir|Psyshock|p1a: Baby Blobby
|-damage|p1a: Baby Blobby|376\/704
|move|p1a: Baby Blobby|Toxic|p2a: Gardevoir
|-status|p2a: Gardevoir|tox
|
|-damage|p2a: Gardevoir|260\/277 tox|[from] psn
|turn|3
|
|switch|p1a: Mrs Blobby|Alomomola, M|529\/529
|move|p2a: Gardevoir|Calm Mind|p2a: Gardevoir
|-boost|p2a: Gardevoir|spa|1
|-boost|p2a: Gardevoir|spd|1
|
|-damage|p2a: Gardevoir|226\/277 tox|[from] psn
|turn|4
|c|★Amoongbro|sigh
|c|★Amoongbro|sack something time
|
|move|p1a: Mrs Blobby|Protect|p1a: Mrs Blobby
|-singleturn|p1a: Mrs Blobby|Protect
|move|p2a: Gardevoir|Hyper Voice|p1a: Mrs Blobby
|-activate|p1a: Mrs Blobby|Protect
|
|-damage|p2a: Gardevoir|175\/277 tox|[from] psn
|turn|5
|
|switch|p1a: Fuck Magnezone|Skarmory, F|334\/334
|move|p2a: Gardevoir|Hyper Voice|p1a: Fuck Magnezone
|-resisted|p1a: Fuck Magnezone
|-damage|p1a: Fuck Magnezone|3\/334
|
|-damage|p2a: Gardevoir|107\/277 tox|[from] psn
|turn|6
|
|move|p2a: Gardevoir|Hyper Voice|p1a: Fuck Magnezone
|-resisted|p1a: Fuck Magnezone
|-damage|p1a: Fuck Magnezone|0 fnt
|faint|p1a: Fuck Magnezone
|
|-damage|p2a: Gardevoir|22\/277 tox|[from] psn
|
|switch|p1a: Mrs Blobby|Alomomola, M|529\/529
|turn|7
|
|switch|p2a: Latias|Latias, F|301\/301
|move|p1a: Mrs Blobby|Protect|p1a: Mrs Blobby
|-fail|p1a: Mrs Blobby
|
|turn|8
|
|switch|p1a: Uncle Blobby|Quagsire, M|394\/394
|move|p2a: Latias|Trick|p1a: Uncle Blobby
|-activate|p2a: Latias|move: Trick|[of] p1a: Uncle Blobby
|-item|p1a: Uncle Blobby|Choice Scarf|[from] move: Trick
|-item|p2a: Latias|Leftovers|[from] move: Trick
|
|turn|9
|c|★Amoongbro|sack #2 then
|c|★gran chelin|GGGGGGGGGGGGGGG
|
|move|p2a: Latias|Draco Meteor|p1a: Uncle Blobby
|-damage|p1a: Uncle Blobby|57\/394
|-unboost|p2a: Latias|spa|2
|move|p1a: Uncle Blobby|Scald|p2a: Latias
|-crit|p2a: Latias
|-resisted|p2a: Latias
|-damage|p2a: Latias|262\/301
|
|-heal|p2a: Latias|280\/301|[from] item: Leftovers
|turn|10
|
|move|p2a: Latias|Psyshock|p1a: Uncle Blobby
|-damage|p1a: Uncle Blobby|0 fnt
|faint|p1a: Uncle Blobby
|
|-heal|p2a: Latias|298\/301|[from] item: Leftovers
|
|switch|p1a: Not Mega|Sableye, F|304\/304
|turn|11
|
|detailschange|p1a: Not Mega|Sableye-Mega, F
|-mega|p1a: Not Mega|Sableye|Sablenite
|move|p1a: Not Mega|Will-O-Wisp|p2a: Latias
|-status|p2a: Latias|brn
|move|p2a: Latias|Healing Wish|p2a: Latias
|faint|p2a: Latias
|
|c|★Amoongbro|its obvious you have healing wish
|
|switch|p2a: Gardevoir|Gardevoir-Mega, M|22\/277 tox
|-heal|p2a: Gardevoir|277\/277|[from] move: Healing Wish
|turn|12
|c|★gran chelin|GGGGGGGGGGg
|c|★Amoongbro|noob
|c|★gran chelin|HAHAHAHAHAHHAa
|
|move|p2a: Gardevoir|Calm Mind|p2a: Gardevoir
|-boost|p2a: Gardevoir|spa|1
|-boost|p2a: Gardevoir|spd|1
|move|p1a: Not Mega|Will-O-Wisp|p2a: Gardevoir
|-status|p2a: Gardevoir|brn
|
|-damage|p2a: Gardevoir|243\/277 brn|[from] brn
|turn|13
|
|move|p2a: Gardevoir|Hyper Voice|p1a: Not Mega
|-supereffective|p1a: Not Mega
|-damage|p1a: Not Mega|0 fnt
|faint|p1a: Not Mega
|
|-damage|p2a: Gardevoir|209\/277 brn|[from] brn
|
|switch|p1a: Mr Blobby|Amoonguss, M|432\/432
|turn|14
|
|move|p2a: Gardevoir|Psyshock|p1a: Mr Blobby
|-supereffective|p1a: Mr Blobby
|-damage|p1a: Mr Blobby|0 fnt
|faint|p1a: Mr Blobby
|
|-damage|p2a: Gardevoir|175\/277 brn|[from] brn
|c|★gran chelin|GGGGGGGGGG
|-message|Amoongbro forfeited.
|leave|Amoongbro
|
|win|gran chelin
|raw|Ladder updating...
|raw|Amoongbro's rating: 1492 &rarr; <strong>1475<\/strong><br \/>(-17 for losing)
|raw|gran chelin's rating: 1545 &rarr; <strong>1562<\/strong><br \/>(+17 for winning)
|player|p1