|join|Amoongbro
|join|RS Swept
|player|p1|Amoongbro|169
|player|p2|RS Swept|29
|gametype|singles
|gen|6
|tier|OU
|rated
|clearpoke
|poke|p1|Chansey, F, shiny
|poke|p1|Skarmory, M, shiny
|poke|p1|Alomomola, M, shiny
|poke|p1|Amoonguss, F, shiny
|poke|p1|Quagsire, F, shiny
|poke|p1|Sableye, F, shiny
|poke|p2|Volcarona, F
|poke|p2|Keldeo
|poke|p2|Lopunny, F
|poke|p2|Landorus-Therian, M
|poke|p2|Latias, F
|poke|p2|Jirachi
|rule|Swagger Clause: Swagger is banned
|rule|Baton Pass Clause: Limit one Pokémon knowing Baton Pass
|rule|Sleep Clause Mod: Limit one foe put to sleep
|rule|Species Clause: Limit one of each Pokémon
|rule|OHKO Clause: OHKO moves are banned
|rule|Moody Clause: Moody is banned
|rule|Evasion Moves Clause: Evasion moves are banned
|rule|Endless Battle Clause: Forcing endless battles is banned
|rule|HP Percentage Mod: HP is shown in percentages
|teampreview
|c|★RS Swept|let's go i have to go to class soonish
|c|★Amoongbro|lag
|c|★RS Swept|oh
|
|start
|switch|p1a: Fuck Magnezone|Skarmory, M, shiny|334\/334
|switch|p2a: Volcarona|Volcarona, F|333\/333
|turn|1
|
|switch|p1a: Baby Blobby|Chansey, F, shiny|704\/704
|move|p2a: Volcarona|Fiery Dance|p1a: Baby Blobby
|-damage|p1a: Baby Blobby|607\/704
|-boost|p2a: Volcarona|spa|1
|
|turn|2
|
|switch|p2a: Landorus-Therian|Landorus-Therian, M|329\/329
|-ability|p2a: Landorus-Therian|Intimidate|[of] p1a: Baby Blobby
|-unboost|p1a: Baby Blobby|atk|1
|move|p1a: Baby Blobby|Seismic Toss|p2a: Landorus-Therian
|-damage|p2a: Landorus-Therian|229\/329
|
|-heal|p2a: Landorus-Therian|249\/329|[from] item: Leftovers
|turn|3
|c|★Amoongbro|sigh
|
|switch|p1a: Fuck Magnezone|Skarmory, M, shiny|334\/334
|move|p2a: Landorus-Therian|Stealth Rock|p1a: Fuck Magnezone
|-sidestart|p1: Amoongbro|move: Stealth Rock
|
|-heal|p2a: Landorus-Therian|269\/329|[from] item: Leftovers
|turn|4
|
|move|p2a: Landorus-Therian|U-turn|p1a: Fuck Magnezone
|-resisted|p1a: Fuck Magnezone
|-damage|p1a: Fuck Magnezone|321\/334
|
|switch|p2a: Volcarona|Volcarona, F|333\/333
|move|p1a: Fuck Magnezone|Defog|p2a: Volcarona
|-unboost|p2a: Volcarona|evasion|1
|-sideend|p1: Amoongbro|Stealth Rock|[from] move: Defog|[of] p1a: Fuck Magnezone
|
|turn|5
|
|switch|p2a: Landorus-Therian|Landorus-Therian, M|269\/329
|-ability|p2a: Landorus-Therian|Intimidate|[of] p1a: Fuck Magnezone
|-unboost|p1a: Fuck Magnezone|atk|1
|switch|p1a: Baby Blobby|Chansey, F, shiny|607\/704
|
|-heal|p2a: Landorus-Therian|289\/329|[from] item: Leftovers
|turn|6
|c|★Amoongbro|sigh
|
|switch|p1a: Fuck Magnezone|Skarmory, M, shiny|321\/334
|move|p2a: Landorus-Therian|U-turn|p1a: Fuck Magnezone
|-resisted|p1a: Fuck Magnezone
|-damage|p1a: Fuck Magnezone|307\/334
|c|★Amoongbro|zzz
|
|switch|p2a: Volcarona|Volcarona, F|333\/333
|
|turn|7
|
|switch|p2a: Landorus-Therian|Landorus-Therian, M|289\/329
|-ability|p2a: Landorus-Therian|Intimidate|[of] p1a: Fuck Magnezone
|-unboost|p1a: Fuck Magnezone|atk|1
|switch|p1a: Baby Blobby|Chansey, F, shiny|607\/704
|
|-heal|p2a: Landorus-Therian|309\/329|[from] item: Leftovers
|turn|8
|
|switch|p1a: Fuck Magnezone|Skarmory, M, shiny|307\/334
|move|p2a: Landorus-Therian|U-turn|p1a: Fuck Magnezone
|-resisted|p1a: Fuck Magnezone
|-damage|p1a: Fuck Magnezone|294\/334
|
|switch|p2a: Volcarona|Volcarona, F|333\/333
|
|turn|9
|
|switch|p2a: Landorus-Therian|Landorus-Therian, M|309\/329
|-ability|p2a: Landorus-Therian|Intimidate|[of] p1a: Fuck Magnezone
|-unboost|p1a: Fuck Magnezone|atk|1
|switch|p1a: Baby Blobby|Chansey, F, shiny|607\/704
|
|-heal|p2a: Landorus-Therian|329\/329|[from] item: Leftovers
|turn|10
|
|switch|p1a: Fuck Magnezone|Skarmory, M, shiny|294\/334
|move|p2a: Landorus-Therian|Stealth Rock|p1a: Fuck Magnezone
|-sidestart|p1: Amoongbro|move: Stealth Rock
|
|turn|11
|c|★Amoongbro|zzz
|c|★Amoongbro|sigh
|
|move|p2a: Landorus-Therian|U-turn|p1a: Fuck Magnezone
|-resisted|p1a: Fuck Magnezone
|-damage|p1a: Fuck Magnezone|279\/334
|
|switch|p2a: Volcarona|Volcarona, F|333\/333
|move|p1a: Fuck Magnezone|Defog|p2a: Volcarona
|-unboost|p2a: Volcarona|evasion|1
|-sideend|p1: Amoongbro|Stealth Rock|[from] move: Defog|[of] p1a: Fuck Magnezone
|
|turn|12
|c|★Amoongbro|youre not right in the head
|
|switch|p2a: Landorus-Therian|Landorus-Therian, M|329\/329
|-ability|p2a: Landorus-Therian|Intimidate|[of] p1a: Fuck Magnezone
|-unboost|p1a: Fuck Magnezone|atk|1
|switch|p1a: Baby Blobby|Chansey, F, shiny|607\/704
|
|turn|13
|c|★Amoongbro|so obvious you cant win any matches without rocks. its kinda depressing
|c|★RS Swept|are you retarded?
|
|switch|p1a: Fuck Magnezone|Skarmory, M, shiny|279\/334
|move|p2a: Landorus-Therian|Stealth Rock|p1a: Fuck Magnezone
|-sidestart|p1: Amoongbro|move: Stealth Rock
|
|turn|14
|c|★Amoongbro|nah im just telling it like it is
|c|★RS Swept|you're playing stall, ofc im going to get rocks
|c|★Amoongbro|all youve done for 14 turns is try to put rocks up
|c|★Amoongbro|its sad
|c|★RS Swept|and youve accomplished nothing
|c|★Amoongbro|zzz
|c|★RS Swept|downfall of stall
|
|move|p2a: Landorus-Therian|U-turn|p1a: Fuck Magnezone
|-crit|p1a: Fuck Magnezone
|-resisted|p1a: Fuck Magnezone
|-damage|p1a: Fuck Magnezone|257\/334
|
|switch|p2a: Volcarona|Volcarona, F|333\/333
|move|p1a: Fuck Magnezone|Defog|p2a: Volcarona
|-unboost|p2a: Volcarona|evasion|1
|-sideend|p1: Amoongbro|Stealth Rock|[from] move: Defog|[of] p1a: Fuck Magnezone
|
|turn|15
|c|★Amoongbro|nah youre stupid. basically you rely on rocks you cant win any matches without them
|c|★RS Swept|...
|
|switch|p2a: Landorus-Therian|Landorus-Therian, M|329\/329
|-ability|p2a: Landorus-Therian|Intimidate|[of] p1a: Fuck Magnezone
|-unboost|p1a: Fuck Magnezone|atk|1
|switch|p1a: Baby Blobby|Chansey, F, shiny|607\/704
|
|turn|16
|
|switch|p1a: Fuck Magnezone|Skarmory, M, shiny|257\/334
|move|p2a: Landorus-Therian|Stealth Rock|p1a: Fuck Magnezone
|-sidestart|p1: Amoongbro|move: Stealth Rock
|
|turn|17
|c|★RS Swept|ofc stall will win if i cant keep hazards down
|c|★Amoongbro|k whatever. since you need your hand holding w\/e
|
|move|p2a: Landorus-Therian|U-turn|p1a: Fuck Magnezone
|-resisted|p1a: Fuck Magnezone
|-damage|p1a: Fuck Magnezone|244\/334
|
|switch|p2a: Volcarona|Volcarona, F|333\/333
|move|p1a: Fuck Magnezone|Stealth Rock|p2a: Volcarona
|-sidestart|p2: RS Swept|move: Stealth Rock
|
|turn|18
|c|★Amoongbro|either play without them at all or with them both up. either way youre zzz
|
|switch|p1a: Baby Blobby|Chansey, F, shiny|607\/704
|-damage|p1a: Baby Blobby|519\/704|[from] Stealth Rock
|move|p2a: Volcarona|Fiery Dance|p1a: Baby Blobby
|-damage|p1a: Baby Blobby|420\/704
|-boost|p2a: Volcarona|spa|1
|
|turn|19
|
|move|p2a: Volcarona|Fiery Dance|p1a: Baby Blobby
|-damage|p1a: Baby Blobby|269\/704
|move|p1a: Baby Blobby|Soft-Boiled|p1a: Baby Blobby
|-heal|p1a: Baby Blobby|621\/704
|
|turn|20
|c|★Amoongbro|probably one of the worst players on the sim
|
|move|p2a: Volcarona|Fiery Dance|p1a: Baby Blobby
|-damage|p1a: Baby Blobby|462\/704
|-boost|p2a: Volcarona|spa|1
|move|p1a: Baby Blobby|Toxic|p2a: Volcarona
|-status|p2a: Volcarona|tox
|
|-damage|p2a: Volcarona|313\/333 tox|[from] psn
|turn|21
|
|switch|p2a: Keldeo|Keldeo|323\/323
|-damage|p2a: Keldeo|303\/323|[from] Stealth Rock
|move|p1a: Baby Blobby|Soft-Boiled|p1a: Baby Blobby
|-heal|p1a: Baby Blobby|704\/704
|
|-heal|p2a: Keldeo|323\/323|[from] item: Leftovers
|turn|22
|c|★Amoongbro|you have a mega lopunny and a keldeo, and for 21 turns all you have done is desperately try to get rocks up
|c|★Amoongbro|pathetic
|
|switch|p1a: Mr Blobby|Amoonguss, F, shiny|432\/432
|-damage|p1a: Mr Blobby|378\/432|[from] Stealth Rock
|move|p2a: Keldeo|Scald|p1a: Mr Blobby
|-resisted|p1a: Mr Blobby
|-damage|p1a: Mr Blobby|316\/432
|
|turn|23
|c|★RS Swept|keep crying
|c|★Amoongbro|shut up
|c|★RS Swept|itll get you somewhere
|c|★Amoongbro|its not crying its just telling ya how it is
|c|★Amoongbro|keepin it real
|
|switch|p2a: Jirachi|Jirachi|397\/397
|-damage|p2a: Jirachi|373\/397|[from] Stealth Rock
|move|p1a: Mr Blobby|Giga Drain|p2a: Jirachi
|-resisted|p2a: Jirachi
|-damage|p2a: Jirachi|334\/397
|-heal|p1a: Mr Blobby|336\/432|[from] drain|[of] p2a: Jirachi
|
|-heal|p2a: Jirachi|358\/397|[from] item: Leftovers
|turn|24
|c|★RS Swept|I'm significantly better than you are
|c|★RS Swept|nobody knows who you are
|c|★RS Swept|and now the noob is ignored :)
|c|★Amoongbro|dude dont make me laugh i was #8 at the start of today
|
|move|p2a: Jirachi|Fire Punch|p1a: Mr Blobby
|-supereffective|p1a: Mr Blobby
|-damage|p1a: Mr Blobby|184\/432
|move|p1a: Mr Blobby|Foul Play|p2a: Jirachi
|-supereffective|p2a: Jirachi
|-damage|p2a: Jirachi|142\/397
|
|-heal|p2a: Jirachi|166\/397|[from] item: Leftovers
|turn|25
|c|★Amoongbro|youre very bad
|
|switch|p1a: Mrs Blobby|Alomomola, M, shiny|529\/529
|-damage|p1a: Mrs Blobby|463\/529|[from] Stealth Rock
|move|p2a: Jirachi|Fire Punch|p1a: Mrs Blobby
|-resisted|p1a: Mrs Blobby
|-damage|p1a: Mrs Blobby|431\/529
|
|-heal|p2a: Jirachi|190\/397|[from] item: Leftovers
|-heal|p1a: Mrs Blobby|464\/529|[from] item: Leftovers
|turn|26
|c|★Amoongbro|all you do is just go "grass type use fire omve"
|c|★Amoongbro|move*
|
|move|p2a: Jirachi|Thunder Wave|p1a: Mrs Blobby
|-status|p1a: Mrs Blobby|par
|move|p1a: Mrs Blobby|Scald|p2a: Jirachi
|-damage|p2a: Jirachi|147\/397
|
|-heal|p2a: Jirachi|171\/397|[from] item: Leftovers
|-heal|p1a: Mrs Blobby|497\/529 par|[from] item: Leftovers
|turn|27
|c|★Amoongbro|oh
|c|★Amoongbro|sigh
|c|★Amoongbro|youre a para hax noob as well
|
|switch|p2a: Keldeo|Keldeo|323\/323
|-damage|p2a: Keldeo|303\/323|[from] Stealth Rock
|move|p1a: Mrs Blobby|Scald|p2a: Keldeo
|-resisted|p2a: Keldeo
|-damage|p2a: Keldeo|279\/323
|-status|p2a: Keldeo|brn
|
|-heal|p2a: Keldeo|299\/323 brn|[from] item: Leftovers
|-heal|p1a: Mrs Blobby|529\/529 par|[from] item: Leftovers
|-damage|p2a: Keldeo|259\/323 brn|[from] brn
|turn|28
|c|★Amoongbro|my team is all slowe rthan you
|c|★Amoongbro|so using thunder wave is purely to rely on hax
|c|★Amoongbro|i didnt think you could get any worse but wow
|c|★Amoongbro|inb4 latios healing wish
|c|★Amoongbro|youre so bad
|
|move|p2a: Keldeo|Scald|p1a: Mrs Blobby
|-resisted|p1a: Mrs Blobby
|-damage|p1a: Mrs Blobby|402\/529 par
|move|p1a: Mrs Blobby|Toxic|p2a: Keldeo
|-fail|p2a: Keldeo
|
|-heal|p2a: Keldeo|279\/323 brn|[from] item: Leftovers
|-heal|p1a: Mrs Blobby|435\/529 par|[from] item: Leftovers
|-damage|p2a: Keldeo|239\/323 brn|[from] brn
|turn|29
|
|move|p2a: Keldeo|Calm Mind|p2a: Keldeo
|-boost|p2a: Keldeo|spa|1
|-boost|p2a: Keldeo|spd|1
|move|p1a: Mrs Blobby|Wish|p1a: Mrs Blobby
|
|-heal|p2a: Keldeo|259\/323 brn|[from] item: Leftovers
|-heal|p1a: Mrs Blobby|468\/529 par|[from] item: Leftovers
|-damage|p2a: Keldeo|219\/323 brn|[from] brn
|turn|30
|
|switch|p1a: Mr Blobby|Amoonguss, F, shiny|328\/432
|-damage|p1a: Mr Blobby|274\/432|[from] Stealth Rock
|move|p2a: Keldeo|Scald|p1a: Mr Blobby
|-resisted|p1a: Mr Blobby
|-damage|p1a: Mr Blobby|193\/432
|
|-heal|p1a: Mr Blobby|432\/432|[from] move: Wish|[wisher] Mrs Blobby
|-heal|p2a: Keldeo|239\/323 brn|[from] item: Leftovers
|-damage|p2a: Keldeo|199\/323 brn|[from] brn
|turn|31
|c|★Amoongbro|everything is hax reliant
|c|★Amoongbro|trying to scald amoongus with keldeo...duh it has giga drain. awesome
|
|move|p2a: Keldeo|Scald|p1a: Mr Blobby
|-resisted|p1a: Mr Blobby
|-damage|p1a: Mr Blobby|342\/432
|move|p1a: Mr Blobby|Giga Drain|p2a: Keldeo
|-supereffective|p2a: Keldeo
|-damage|p2a: Keldeo|91\/323 brn
|-heal|p1a: Mr Blobby|396\/432|[from] drain|[of] p2a: Keldeo
|
|-heal|p2a: Keldeo|111\/323 brn|[from] item: Leftovers
|-damage|p2a: Keldeo|71\/323 brn|[from] brn
|turn|32
|c|★Amoongbro|> has volcarona
|c|★Amoongbro|> has latios
|c|★RS Swept|youre very lucky my nooby friend
|c|★Amoongbro|> has mega lopunny probably with ice punch
|c|★Amoongbro|dude even if you burn it its a 2hko you pleb aftrer burn
|
|switch|p2a: Landorus-Therian|Landorus-Therian, M|329\/329
|-damage|p2a: Landorus-Therian|288\/329|[from] Stealth Rock
|-ability|p2a: Landorus-Therian|Intimidate|[of] p1a: Mr Blobby
|-unboost|p1a: Mr Blobby|atk|1
|switch|p1a: Mrs Blobby|Alomomola, M, shiny|529\/529 par
|-damage|p1a: Mrs Blobby|463\/529 par|[from] Stealth Rock
|
|-heal|p2a: Landorus-Therian|308\/329|[from] item: Leftovers
|-heal|p1a: Mrs Blobby|496\/529 par|[from] item: Leftovers
|turn|33
|
|move|p2a: Landorus-Therian|U-turn|p1a: Mrs Blobby
|-damage|p1a: Mrs Blobby|410\/529 par
|
|switch|p2a: Jirachi|Jirachi|171\/397
|-damage|p2a: Jirachi|147\/397|[from] Stealth Rock
|cant|p1a: Mrs Blobby|par
|
|-heal|p2a: Jirachi|171\/397|[from] item: Leftovers
|-heal|p1a: Mrs Blobby|443\/529 par|[from] item: Leftovers
|turn|34
|c|★Amoongbro|dude you cant call anyone lucky when everything you do is hax reliant lol
|c|★Amoongbro|fully paralyzed again
|
|move|p2a: Jirachi|Healing Wish|p2a: Jirachi
|faint|p2a: Jirachi
|move|p1a: Mrs Blobby|Scald|p2: Jirachi|[notarget]
|-notarget
|
|-heal|p1a: Mrs Blobby|476\/529 par|[from] item: Leftovers
|c|★Amoongbro|i dont care that im slower
|
|switch|p2a: Keldeo|Keldeo|71\/323 brn
|-heal|p2a: Keldeo|323\/323|[from] move: Healing Wish
|-damage|p2a: Keldeo|303\/323|[from] Stealth Rock
|turn|35
|c|★Amoongbro|see yup
|c|★Amoongbro|healing wish
|
|move|p2a: Keldeo|Substitute|p2a: Keldeo
|-start|p2a: Keldeo|Substitute
|-damage|p2a: Keldeo|223\/323
|move|p1a: Mrs Blobby|Toxic|p2a: Keldeo
|
|-heal|p2a: Keldeo|243\/323|[from] item: Leftovers
|-heal|p1a: Mrs Blobby|509\/529 par|[from] item: Leftovers
|turn|36
|
|switch|p1a: Mr Blobby|Amoonguss, F, shiny|432\/432
|-damage|p1a: Mr Blobby|378\/432|[from] Stealth Rock
|move|p2a: Keldeo|Calm Mind|p2a: Keldeo
|-boost|p2a: Keldeo|spa|1
|-boost|p2a: Keldeo|spd|1
|
|-heal|p2a: Keldeo|263\/323|[from] item: Leftovers
|turn|37
|c|★Amoongbro|youre so bad
|c|★Amoongbro|fucks up so needs to be bailed out by a one off revive move
|
|move|p2a: Keldeo|Scald|p1a: Mr Blobby
|-resisted|p1a: Mr Blobby
|-damage|p1a: Mr Blobby|296\/432
|move|p1a: Mr Blobby|Giga Drain|p2a: Keldeo
|-supereffective|p2a: Keldeo
|-end|p2a: Keldeo|Substitute
|-heal|p1a: Mr Blobby|336\/432|[from] drain|[of] p2a: Keldeo
|
|-heal|p2a: Keldeo|283\/323|[from] item: Leftovers
|turn|38
|c|★RS Swept|so lucky
|c|★Amoongbro|shut up
|
|move|p2a: Keldeo|Scald|p1a: Mr Blobby
|-crit|p1a: Mr Blobby
|-resisted|p1a: Mr Blobby
|-damage|p1a: Mr Blobby|211\/432
|move|p1a: Mr Blobby|Giga Drain|p2a: Keldeo
|-supereffective|p2a: Keldeo
|-damage|p2a: Keldeo|179\/323
|-heal|p1a: Mr Blobby|263\/432|[from] drain|[of] p2a: Keldeo
|
|-heal|p2a: Keldeo|199\/323|[from] item: Leftovers
|turn|39
|c|★Amoongbro|complaining i dont get burned
|c|★RS Swept|5 scalds
|c|★RS Swept|no burn
|c|★RS Swept|yep
|c|★Amoongbro|youre trying to fucking set up on a counter you dumb ass fuck
|c|★Amoongbro|you have mega lopunny with ice punch
|c|★Amoongbro|and a volcarona
|c|★Amoongbro|so seriously stfu
|c|★RS Swept|QQ
|c|★Amoongbro|actually so bad
|c|★RS Swept|so lucky
|c|★RS Swept|and bad
|
|move|p2a: Keldeo|Scald|p1a: Mr Blobby
|-resisted|p1a: Mr Blobby
|-damage|p1a: Mr Blobby|174\/432
|move|p1a: Mr Blobby|Giga Drain|p2a: Keldeo
|-crit|p2a: Keldeo
|-supereffective|p2a: Keldeo
|-damage|p2a: Keldeo|0 fnt
|-heal|p1a: Mr Blobby|274\/432|[from] drain|[of] p2a: Keldeo
|faint|p2a: Keldeo
|
|c|★RS Swept|game should be over already but lol hax
|c|★Amoongbro|dude your defense is spam scald hope for a burn
|c|★RS Swept|6 scalds
|c|★RS Swept|no burn
|c|★Amoongbro|dude
|c|★RS Swept|and a crit
|c|★RS Swept|congrats on hax my noob :)
|c|★Amoongbro|you burned me and critted me you idiot
|c|★RS Swept|enjoy being mediocre
|-message|RS Swept forfeited.
|leave|RS Swept
|c|★Amoongbro|dude have you forgotten about the burn and crit on me
|
|win|Amoongbro
|raw|Ladder updating...
|player|p2
|raw|Amoongbro's rating: 1749 &rarr; <strong>1765<\/strong><br \/>(+16 for winning)
|raw|RS Swept's rating: 1688 &rarr; <strong>1671<\/strong><br \/>(-17 for losing)
|c|★Amoongbro|so bad
|c|★Amoongbro|mega lopunny with ice punch
|c|★Amoongbro|volcarona
|c|★Amoongbro|yet you spam scald against a counter and complain it doesnt burn. idiot
|join|Cut For Showdown
|c|★Amoongbro|amoongus cant do anything to either
|join|hghrider123
|leave|Cut For Showdown
|c|★Amoongbro|guy spend 20 turns desperately trying to get rocks up. then spams scald with keldeo hoping for burns...then calls me bad
|leave|hghrider123
|c|★Amoongbro|this mofo got a crit and two fully paralyzeds on me too lol