|join|Mlle Noob
|join|BigPimpin12
|player|p1|Mlle Noob|1
|player|p2|BigPimpin12|290
|gametype|singles
|gen|6
|tier|UU
|rated
|rule|Sleep Clause Mod: Limit one foe put to sleep
|rule|Species Clause: Limit one of each Pokémon
|rule|OHKO Clause: OHKO moves are banned
|rule|Moody Clause: Moody is banned
|rule|Evasion Moves Clause: Evasion moves are banned
|rule|Endless Battle Clause: Forcing endless battles is banned
|rule|HP Percentage Mod: HP is shown in percentages
|clearpoke
|poke|p1|Fletchinder, F, shiny
|poke|p1|Raikou, shiny
|poke|p1|Absol, M
|poke|p1|Donphan, M
|poke|p1|Flygon, F
|poke|p1|Uxie
|poke|p2|Lucario, M
|poke|p2|Suicune
|poke|p2|Blastoise, M
|poke|p2|Yanmega, M
|poke|p2|Azelf
|poke|p2|Florges, F
|rule|Swagger Clause: Swagger is banned
|rule|Baton Pass Clause: Limit one Pokémon knowing Baton Pass
|teampreview
|c|★BigPimpin12|mega flygon?
|c|★Mlle Noob|si :3
|
|start
|switch|p1a: D-Angelo|Absol, M|271\/271
|switch|p2a: Azelf|Azelf|354\/354
|turn|1
|
|switch|p2a: Lucario|Lucario, M|281\/281
|detailschange|p1a: D-Angelo|Absol-Mega, M
|message|Absol has Mega Evolved into Mega Absol!
|move|p1a: D-Angelo|Will-O-Wisp|p2a: Lucario
|-status|p2a: Lucario|brn
|
|-damage|p2a: Lucario|246\/281 brn|[from] brn
|turn|2
|
|move|p1a: D-Angelo|Protect|p1a: D-Angelo
|-singleturn|p1a: D-Angelo|Protect
|move|p2a: Lucario|Swords Dance|p2a: Lucario
|-boost|p2a: Lucario|atk|2
|
|-damage|p2a: Lucario|211\/281 brn|[from] brn
|turn|3
|c|★Mlle Noob|speak spanish?
|
|switch|p1a: Uzzi|Uxie|353\/353
|move|p2a: Lucario|Close Combat|p1a: Uzzi
|-resisted|p1a: Uzzi
|-damage|p1a: Uzzi|267\/353
|-unboost|p2a: Lucario|def|1
|-unboost|p2a: Lucario|spd|1
|-damage|p2a: Lucario|183\/281 brn|[from] item: Life Orb
|
|-heal|p1a: Uzzi|289\/353|[from] item: Leftovers
|-damage|p2a: Lucario|148\/281 brn|[from] brn
|turn|4
|c|★BigPimpin12|no
|c|★Mlle Noob|oh ok
|
|move|p2a: Lucario|Extreme Speed|p1a: Uzzi
|-crit|p1a: Uzzi
|-damage|p1a: Uzzi|172\/353
|-damage|p2a: Lucario|120\/281 brn|[from] item: Life Orb
|move|p1a: Uzzi|Stealth Rock|p2a: Lucario
|-sidestart|p2: BigPimpin12|move: Stealth Rock
|
|-heal|p1a: Uzzi|194\/353|[from] item: Leftovers
|-damage|p2a: Lucario|85\/281 brn|[from] brn
|turn|5
|
|switch|p2a: Azelf|Azelf|354\/354
|-damage|p2a: Azelf|310\/354|[from] Stealth Rock
|move|p1a: Uzzi|U-turn|p2a: Azelf
|-supereffective|p2a: Azelf
|-damage|p2a: Azelf|188\/354
|
|switch|p1a: D-Angelo|Absol-Mega, M|271\/271
|
|turn|6
|
|move|p1a: D-Angelo|Will-O-Wisp|p2a: Azelf
|-status|p2a: Azelf|brn
|move|p2a: Azelf|Explosion|p1a: D-Angelo
|-damage|p1a: D-Angelo|0 fnt
|faint|p2a: Azelf
|faint|p1a: D-Angelo
|
|
|switch|p2a: Lucario|Lucario, M|85\/281 brn
|-damage|p2a: Lucario|77\/281 brn|[from] Stealth Rock
|switch|p1a: Uzzi|Uxie|194\/353
|turn|7
|
|move|p2a: Lucario|Ice Punch|p1a: Uzzi
|-damage|p1a: Uzzi|155\/353
|-damage|p2a: Lucario|49\/281 brn|[from] item: Life Orb
|move|p1a: Uzzi|U-turn|p2a: Lucario
|-resisted|p2a: Lucario
|-damage|p2a: Lucario|35\/281 brn
|
|switch|p1a: Rodolfo|Donphan, M|383\/383
|
|-damage|p2a: Lucario|0 fnt|[from] brn
|faint|p2a: Lucario
|
|switch|p2a: Yanmega|Yanmega, M|314\/314
|-damage|p2a: Yanmega|157\/314|[from] Stealth Rock
|turn|8
|
|move|p2a: Yanmega|Protect|p2a: Yanmega
|-singleturn|p2a: Yanmega|Protect
|move|p1a: Rodolfo|Ice Shard|p2a: Yanmega
|-activate|p2a: Yanmega|Protect
|
|-boost|p2a: Yanmega|spe|1|[from] ability: Speed Boost
|turn|9
|
|move|p1a: Rodolfo|Ice Shard|p2a: Yanmega
|-supereffective|p2a: Yanmega
|-damage|p2a: Yanmega|73\/314
|move|p2a: Yanmega|Giga Drain|p1a: Rodolfo
|-supereffective|p1a: Rodolfo
|-damage|p1a: Rodolfo|68\/383
|-heal|p2a: Yanmega|231\/314|[from] drain|[of] p1a: Rodolfo
|-damage|p2a: Yanmega|200\/314|[from] item: Life Orb
|
|-heal|p1a: Rodolfo|91\/383|[from] item: Leftovers
|-boost|p2a: Yanmega|spe|1|[from] ability: Speed Boost
|turn|10
|
|move|p2a: Yanmega|Protect|p2a: Yanmega
|-singleturn|p2a: Yanmega|Protect
|move|p1a: Rodolfo|Ice Shard|p2a: Yanmega
|-activate|p2a: Yanmega|Protect
|
|-heal|p1a: Rodolfo|114\/383|[from] item: Leftovers
|-boost|p2a: Yanmega|spe|1|[from] ability: Speed Boost
|turn|11
|
|switch|p1a: 5|Fletchinder, F, shiny|327\/327
|move|p2a: Yanmega|Giga Drain|p1a: 5
|-crit|p1a: 5
|-resisted|p1a: 5
|-damage|p1a: 5|257\/327
|-heal|p2a: Yanmega|235\/314|[from] drain|[of] p1a: 5
|-damage|p2a: Yanmega|204\/314|[from] item: Life Orb
|
|-boost|p2a: Yanmega|spe|1|[from] ability: Speed Boost
|turn|12
|
|move|p2a: Yanmega|Protect|p2a: Yanmega
|-singleturn|p2a: Yanmega|Protect
|move|p1a: 5|Acrobatics|p2a: Yanmega
|-activate|p2a: Yanmega|Protect
|
|-boost|p2a: Yanmega|spe|1|[from] ability: Speed Boost
|turn|13
|
|move|p1a: 5|Acrobatics|p2a: Yanmega
|-supereffective|p2a: Yanmega
|-damage|p2a: Yanmega|0 fnt
|faint|p2a: Yanmega
|
|
|switch|p2a: Suicune|Suicune|404\/404
|-damage|p2a: Suicune|354\/404|[from] Stealth Rock
|-ability|p2a: Suicune|Pressure
|turn|14
|
|switch|p1a: Musho|Raikou, shiny|322\/322
|-ability|p1a: Musho|Pressure
|move|p2a: Suicune|Scald|p1a: Musho
|-damage|p1a: Musho|234\/322
|-status|p1a: Musho|brn
|
|-heal|p1a: Musho|254\/322 brn|[from] item: Leftovers
|-heal|p2a: Suicune|379\/404|[from] item: Leftovers
|-damage|p1a: Musho|214\/322 brn|[from] brn
|turn|15
|
|switch|p2a: Florges|Florges, F|360\/360
|-damage|p2a: Florges|315\/360|[from] Stealth Rock
|move|p1a: Musho|Substitute|p1a: Musho
|-start|p1a: Musho|Substitute
|-damage|p1a: Musho|134\/322 brn
|
|-heal|p1a: Musho|154\/322 brn|[from] item: Leftovers
|-heal|p2a: Florges|337\/360|[from] item: Leftovers
|-damage|p1a: Musho|114\/322 brn|[from] brn
|turn|16
|
|move|p2a: Florges|Protect|p2a: Florges
|-singleturn|p2a: Florges|Protect
|move|p1a: Musho|Calm Mind|p1a: Musho
|-boost|p1a: Musho|spa|1
|-boost|p1a: Musho|spd|1
|
|-heal|p1a: Musho|134\/322 brn|[from] item: Leftovers
|-heal|p2a: Florges|359\/360|[from] item: Leftovers
|-damage|p1a: Musho|94\/322 brn|[from] brn
|turn|17
|
|move|p1a: Musho|Thunderbolt|p2a: Florges
|-damage|p2a: Florges|247\/360
|move|p2a: Florges|Moonblast|p1a: Musho
|-end|p1a: Musho|Substitute
|
|-heal|p1a: Musho|114\/322 brn|[from] item: Leftovers
|-heal|p2a: Florges|269\/360|[from] item: Leftovers
|-damage|p1a: Musho|74\/322 brn|[from] brn
|turn|18
|
|switch|p1a: Uzzi|Uxie|155\/353
|move|p2a: Florges|Moonblast|p1a: Uzzi
|-crit|p1a: Uzzi
|-damage|p1a: Uzzi|41\/353
|
|-heal|p1a: Uzzi|63\/353|[from] item: Leftovers
|-heal|p2a: Florges|291\/360|[from] item: Leftovers
|turn|19
|
|move|p1a: Uzzi|Yawn|p2a: Florges
|-start|p2a: Florges|move: Yawn|[of] p1a: Uzzi
|move|p2a: Florges|Moonblast|p1a: Uzzi
|-damage|p1a: Uzzi|0 fnt
|faint|p1a: Uzzi
|
|-heal|p2a: Florges|313\/360|[from] item: Leftovers
|
|switch|p1a: Bichona|Flygon, F|301\/301
|turn|20
|
|move|p1a: Bichona|Dragon Claw|p2a: Florges
|-immune|p2a: Florges|[msg]
|move|p2a: Florges|Toxic|p1a: Bichona
|-status|p1a: Bichona|tox
|
|-status|p2a: Florges|slp
|-heal|p2a: Florges|335\/360 slp|[from] item: Leftovers
|-damage|p1a: Bichona|283\/301 tox|[from] psn
|turn|21
|
|switch|p1a: Rodolfo|Donphan, M|114\/383
|cant|p2a: Florges|slp
|
|-heal|p2a: Florges|357\/360 slp|[from] item: Leftovers
|-heal|p1a: Rodolfo|137\/383|[from] item: Leftovers
|turn|22
|
|cant|p2a: Florges|slp
|move|p1a: Rodolfo|Earthquake|p2a: Florges
|-damage|p2a: Florges|171\/360 slp
|
|-heal|p2a: Florges|193\/360 slp|[from] item: Leftovers
|-heal|p1a: Rodolfo|160\/383|[from] item: Leftovers
|turn|23
|
|-curestatus|p2a: Florges|slp
|move|p2a: Florges|Protect|p2a: Florges
|-singleturn|p2a: Florges|Protect
|move|p1a: Rodolfo|Earthquake|p2a: Florges
|-activate|p2a: Florges|Protect
|
|-heal|p2a: Florges|215\/360|[from] item: Leftovers
|-heal|p1a: Rodolfo|183\/383|[from] item: Leftovers
|turn|24
|
|move|p2a: Florges|Moonblast|p1a: Rodolfo
|-damage|p1a: Rodolfo|29\/383
|-unboost|p1a: Rodolfo|spa|1
|move|p1a: Rodolfo|Earthquake|p2a: Florges
|-damage|p2a: Florges|17\/360
|
|-heal|p2a: Florges|39\/360|[from] item: Leftovers
|-heal|p1a: Rodolfo|52\/383|[from] item: Leftovers
|turn|25
|
|move|p2a: Florges|Protect|p2a: Florges
|-singleturn|p2a: Florges|Protect
|move|p1a: Rodolfo|Ice Shard|p2a: Florges
|-activate|p2a: Florges|Protect
|
|-heal|p2a: Florges|61\/360|[from] item: Leftovers
|-heal|p1a: Rodolfo|75\/383|[from] item: Leftovers
|turn|26
|
|move|p1a: Rodolfo|Ice Shard|p2a: Florges
|-damage|p2a: Florges|8\/360
|move|p2a: Florges|Wish|p2a: Florges
|
|-heal|p2a: Florges|30\/360|[from] item: Leftovers
|-heal|p1a: Rodolfo|98\/383|[from] item: Leftovers
|turn|27
|
|move|p2a: Florges|Protect|p2a: Florges
|-singleturn|p2a: Florges|Protect
|move|p1a: Rodolfo|Ice Shard|p2a: Florges
|-activate|p2a: Florges|Protect
|
|-heal|p2a: Florges|210\/360|[from] move: Wish|[wisher] Florges
|-heal|p2a: Florges|232\/360|[from] item: Leftovers
|-heal|p1a: Rodolfo|121\/383|[from] item: Leftovers
|turn|28
|
|move|p1a: Rodolfo|Ice Shard|p2a: Florges
|-damage|p2a: Florges|177\/360
|move|p2a: Florges|Moonblast|p1a: Rodolfo
|-damage|p1a: Rodolfo|0 fnt
|faint|p1a: Rodolfo
|
|-heal|p2a: Florges|199\/360|[from] item: Leftovers
|
|switch|p1a: Musho|Raikou, shiny|74\/322 brn
|-ability|p1a: Musho|Pressure
|turn|29
|
|move|p1a: Musho|Thunderbolt|p2a: Florges
|-damage|p2a: Florges|118\/360
|move|p2a: Florges|Wish|p2a: Florges
|
|-heal|p1a: Musho|94\/322 brn|[from] item: Leftovers
|-heal|p2a: Florges|140\/360|[from] item: Leftovers
|-damage|p1a: Musho|54\/322 brn|[from] brn
|turn|30
|
|switch|p1a: 5|Fletchinder, F, shiny|257\/327
|move|p2a: Florges|Moonblast|p1a: 5
|-resisted|p1a: 5
|-damage|p1a: 5|149\/327
|
|-heal|p2a: Florges|320\/360|[from] move: Wish|[wisher] Florges
|-heal|p2a: Florges|342\/360|[from] item: Leftovers
|turn|31
|
|move|p1a: 5|Swords Dance|p1a: 5
|-boost|p1a: 5|atk|2
|move|p2a: Florges|Toxic|p1a: 5
|-status|p1a: 5|tox
|
|-heal|p2a: Florges|360\/360|[from] item: Leftovers
|-damage|p1a: 5|129\/327 tox|[from] psn
|turn|32
|
|move|p2a: Florges|Protect|p2a: Florges
|-singleturn|p2a: Florges|Protect
|move|p1a: 5|Roost|p1a: 5
|-heal|p1a: 5|293\/327 tox
|
|-damage|p1a: 5|253\/327 tox|[from] psn
|turn|33
|
|move|p1a: 5|Acrobatics|p2a: Florges
|-damage|p2a: Florges|0 fnt
|faint|p2a: Florges
|
|-damage|p1a: 5|193\/327 tox|[from] psn
|
|switch|p2a: Suicune|Suicune|379\/404
|-damage|p2a: Suicune|329\/404|[from] Stealth Rock
|-ability|p2a: Suicune|Pressure
|turn|34
|
|move|p1a: 5|Acrobatics|p2a: Suicune
|-damage|p2a: Suicune|125\/404
|move|p2a: Suicune|Calm Mind|p2a: Suicune
|-boost|p2a: Suicune|spa|1
|-boost|p2a: Suicune|spd|1
|
|-heal|p2a: Suicune|150\/404|[from] item: Leftovers
|-damage|p1a: 5|113\/327 tox|[from] psn
|turn|35
|
|move|p1a: 5|Acrobatics|p2a: Suicune
|-damage|p2a: Suicune|0 fnt
|faint|p2a: Suicune
|
|-damage|p1a: 5|13\/327 tox|[from] psn
|
|switch|p2a: Blastoise|Blastoise, M|362\/362
|-damage|p2a: Blastoise|317\/362|[from] Stealth Rock
|turn|36
|
|detailschange|p2a: Blastoise|Blastoise-Mega, M
|message|Blastoise has Mega Evolved into Mega Blastoise!
|move|p1a: 5|Acrobatics|p2a: Blastoise
|-damage|p2a: Blastoise|56\/362
|move|p2a: Blastoise|Dragon Pulse|p1a: 5
|-damage|p1a: 5|0 fnt
|faint|p1a: 5
|
|
|switch|p1a: Bichona|Flygon, F|283\/301 tox
|turn|37
|
|move|p1a: Bichona|Dragon Claw|p2a: Blastoise
|-damage|p2a: Blastoise|0 fnt
|faint|p2a: Blastoise
|
|win|Mlle Noob
|raw|Ladder updating...
|raw|Mlle Noob's rating: 1337 &rarr; <strong>1348<\/strong><br \/>(+11 for winning)
|raw|BigPimpin12's rating: 1171 &rarr; <strong>1158<\/strong><br \/>(-13 for losing)
|leave|BigPimpin12
|player|p2