|join|ZephyrusNyx
|join|Mlle Noob
|player|p1|ZephyrusNyx|115
|player|p2|Mlle Noob|1
|gametype|singles
|gen|6
|tier|UU
|rated
|rule|Sleep Clause Mod: Limit one foe put to sleep
|rule|Species Clause: Limit one of each Pokémon
|rule|OHKO Clause: OHKO moves are banned
|rule|Moody Clause: Moody is banned
|rule|Evasion Moves Clause: Evasion moves are banned
|rule|Endless Battle Clause: Forcing endless battles is banned
|rule|HP Percentage Mod: HP is shown in percentages
|clearpoke
|poke|p1|Flygon, F
|poke|p1|Metagross
|poke|p1|Houndoom, F
|poke|p1|Galvantula, F
|poke|p1|Vaporeon, M
|poke|p1|Roserade, M
|poke|p2|Fletchinder, F, shiny
|poke|p2|Raikou, shiny
|poke|p2|Absol, M
|poke|p2|Donphan, M
|poke|p2|Flygon, F
|poke|p2|Uxie
|rule|Swagger Clause: Swagger is banned
|rule|Baton Pass Clause: Limit one Pokémon knowing Baton Pass
|teampreview
|
|start
|switch|p1a: Roserade|Roserade, M|261\/261
|switch|p2a: Musho|Raikou, shiny|322\/322
|-ability|p2a: Musho|Pressure
|turn|1
|
|switch|p1a: Metagross|Metagross|364\/364
|move|p2a: Musho|Substitute|p2a: Musho
|-start|p2a: Musho|Substitute
|-damage|p2a: Musho|242\/322
|
|-heal|p2a: Musho|262\/322|[from] item: Leftovers
|turn|2
|
|move|p2a: Musho|Calm Mind|p2a: Musho
|-boost|p2a: Musho|spa|1
|-boost|p2a: Musho|spd|1
|move|p1a: Metagross|Earthquake|p2a: Musho
|-supereffective|p2a: Musho
|-end|p2a: Musho|Substitute
|
|-heal|p2a: Musho|282\/322|[from] item: Leftovers
|turn|3
|
|move|p2a: Musho|Thunderbolt|p1a: Metagross
|-damage|p1a: Metagross|118\/364
|move|p1a: Metagross|Earthquake|p2a: Musho
|-supereffective|p2a: Musho
|-damage|p2a: Musho|0 fnt
|faint|p2a: Musho
|
|-heal|p1a: Metagross|140\/364|[from] item: Leftovers
|
|switch|p2a: Uzzi|Uxie|353\/353
|turn|4
|
|move|p2a: Uzzi|Knock Off|p1a: Metagross
|-supereffective|p1a: Metagross
|-damage|p1a: Metagross|38\/364
|-enditem|p1a: Metagross|Leftovers|[from] move: Knock Off|[of] p2a: Uzzi
|move|p1a: Metagross|Stealth Rock|p2a: Uzzi
|-sidestart|p2: Mlle Noob|move: Stealth Rock
|
|turn|5
|
|switch|p1a: Vaporeon|Vaporeon, M|464\/464
|move|p2a: Uzzi|Yawn|p1a: Vaporeon
|-start|p1a: Vaporeon|move: Yawn|[of] p2a: Uzzi
|
|turn|6
|
|switch|p1a: Roserade|Roserade, M|261\/261
|move|p2a: Uzzi|Stealth Rock|p1a: Roserade
|-sidestart|p1: ZephyrusNyx|move: Stealth Rock
|
|turn|7
|
|move|p1a: Roserade|Leaf Storm|p2a: Uzzi
|-damage|p2a: Uzzi|133\/353
|-unboost|p1a: Roserade|spa|2
|-damage|p1a: Roserade|235\/261|[from] item: Life Orb
|move|p2a: Uzzi|U-turn|p1a: Roserade
|-damage|p1a: Roserade|171\/261
|
|switch|p2a: D-Angelo|Absol, M|271\/271
|-damage|p2a: D-Angelo|238\/271|[from] Stealth Rock
|
|turn|8
|
|detailschange|p2a: D-Angelo|Absol-Mega, M
|message|Absol has Mega Evolved into Mega Absol!
|move|p1a: Roserade|Dazzling Gleam|p2a: D-Angelo
|-supereffective|p2a: D-Angelo
|-damage|p2a: D-Angelo|56\/271
|-damage|p1a: Roserade|145\/261|[from] item: Life Orb
|move|p2a: D-Angelo|Will-O-Wisp|p1a: Roserade
|-status|p1a: Roserade|brn
|
|-damage|p1a: Roserade|113\/261 brn|[from] brn
|turn|9
|
|switch|p2a: Rodolfo|Donphan, M|383\/383
|-damage|p2a: Rodolfo|360\/383|[from] Stealth Rock
|move|p1a: Roserade|Rest|p1a: Roserade
|-status|p1a: Roserade|slp
|-heal|p1a: Roserade|261\/261 slp|[silent]
|-status|p1a: Roserade|slp|[from] move: Rest
|
|-heal|p2a: Rodolfo|383\/383|[from] item: Leftovers
|turn|10
|
|switch|p1a: Vaporeon|Vaporeon, M|464\/464
|-damage|p1a: Vaporeon|406\/464|[from] Stealth Rock
|move|p2a: Rodolfo|Earthquake|p1a: Vaporeon
|-damage|p1a: Vaporeon|271\/464
|
|-heal|p1a: Vaporeon|300\/464|[from] item: Leftovers
|turn|11
|
|switch|p2a: Uzzi|Uxie|133\/353
|-damage|p2a: Uzzi|89\/353|[from] Stealth Rock
|move|p1a: Vaporeon|Wish|p1a: Vaporeon
|
|-heal|p2a: Uzzi|111\/353|[from] item: Leftovers
|-heal|p1a: Vaporeon|329\/464|[from] item: Leftovers
|turn|12
|
|switch|p1a: Metagross|Metagross|38\/364
|-damage|p1a: Metagross|16\/364|[from] Stealth Rock
|move|p2a: Uzzi|Yawn|p1a: Metagross
|-start|p1a: Metagross|move: Yawn|[of] p2a: Uzzi
|
|-heal|p1a: Metagross|248\/364|[from] move: Wish|[wisher] Vaporeon
|-heal|p2a: Uzzi|133\/353|[from] item: Leftovers
|turn|13
|
|switch|p2a: 5|Fletchinder, F, shiny|327\/327
|-damage|p2a: 5|164\/327|[from] Stealth Rock
|switch|p1a: Roserade|Roserade, M|261\/261
|-damage|p1a: Roserade|229\/261|[from] Stealth Rock
|
|turn|14
|
|switch|p1a: Flygon|Flygon, F|301\/301
|-damage|p1a: Flygon|283\/301|[from] Stealth Rock
|move|p2a: 5|Acrobatics|p1a: Flygon
|-damage|p1a: Flygon|118\/301
|
|turn|15
|
|switch|p1a: Vaporeon|Vaporeon, M|329\/464
|-damage|p1a: Vaporeon|271\/464|[from] Stealth Rock
|move|p2a: 5|Acrobatics|p1a: Vaporeon
|-crit|p1a: Vaporeon
|-damage|p1a: Vaporeon|39\/464
|
|-heal|p1a: Vaporeon|68\/464|[from] item: Leftovers
|turn|16
|c|★ZephyrusNyx|oh great a crit
|
|move|p2a: 5|Acrobatics|p1a: Vaporeon
|-damage|p1a: Vaporeon|0 fnt
|faint|p1a: Vaporeon
|
|
|switch|p1a: Metagross|Metagross|248\/364
|-damage|p1a: Metagross|226\/364|[from] Stealth Rock
|turn|17
|
|switch|p2a: Rodolfo|Donphan, M|383\/383
|-damage|p2a: Rodolfo|360\/383|[from] Stealth Rock
|move|p1a: Metagross|Zen Headbutt|p2a: Rodolfo
|-damage|p2a: Rodolfo|258\/383
|
|-heal|p2a: Rodolfo|281\/383|[from] item: Leftovers
|turn|18
|
|switch|p1a: Roserade|Roserade, M|229\/261
|-damage|p1a: Roserade|197\/261|[from] Stealth Rock
|move|p2a: Rodolfo|Earthquake|p1a: Roserade
|-damage|p1a: Roserade|0 fnt
|faint|p1a: Roserade
|
|-heal|p2a: Rodolfo|304\/383|[from] item: Leftovers
|
|switch|p1a: Galvantula|Galvantula, F|281\/281
|-damage|p1a: Galvantula|211\/281|[from] Stealth Rock
|turn|19
|
|move|p1a: Galvantula|Giga Drain|p2a: Rodolfo
|-supereffective|p2a: Rodolfo
|-damage|p2a: Rodolfo|21\/383
|-heal|p1a: Galvantula|281\/281|[from] drain|[of] p2a: Rodolfo
|-damage|p1a: Galvantula|253\/281|[from] item: Life Orb
|move|p2a: Rodolfo|Earthquake|p1a: Galvantula
|-damage|p1a: Galvantula|55\/281
|
|-heal|p2a: Rodolfo|44\/383|[from] item: Leftovers
|turn|20
|
|move|p2a: Rodolfo|Ice Shard|p1a: Galvantula
|-damage|p1a: Galvantula|0 fnt
|faint|p1a: Galvantula
|
|-heal|p2a: Rodolfo|67\/383|[from] item: Leftovers
|
|switch|p1a: Flygon|Flygon, F|118\/301
|-damage|p1a: Flygon|100\/301|[from] Stealth Rock
|turn|21
|
|move|p2a: Rodolfo|Ice Shard|p1a: Flygon
|-supereffective|p1a: Flygon
|-damage|p1a: Flygon|0 fnt
|faint|p1a: Flygon
|
|-heal|p2a: Rodolfo|90\/383|[from] item: Leftovers
|
|switch|p1a: Metagross|Metagross|226\/364
|-damage|p1a: Metagross|204\/364|[from] Stealth Rock
|turn|22
|
|move|p2a: Rodolfo|Ice Shard|p1a: Metagross
|-resisted|p1a: Metagross
|-damage|p1a: Metagross|190\/364
|move|p1a: Metagross|Earthquake|p2a: Rodolfo
|-damage|p2a: Rodolfo|0 fnt
|faint|p2a: Rodolfo
|
|
|switch|p2a: Uzzi|Uxie|133\/353
|-damage|p2a: Uzzi|89\/353|[from] Stealth Rock
|turn|23
|
|move|p1a: Metagross|Bullet Punch|p2a: Uzzi
|-damage|p2a: Uzzi|31\/353
|move|p2a: Uzzi|Yawn|p1a: Metagross
|-start|p1a: Metagross|move: Yawn|[of] p2a: Uzzi
|
|-heal|p2a: Uzzi|53\/353|[from] item: Leftovers
|turn|24
|
|move|p2a: Uzzi|Knock Off|p1a: Metagross
|-supereffective|p1a: Metagross
|-damage|p1a: Metagross|122\/364
|move|p1a: Metagross|Zen Headbutt|p2a: Uzzi
|-resisted|p2a: Uzzi
|-damage|p2a: Uzzi|0 fnt
|faint|p2a: Uzzi
|
|-status|p1a: Metagross|slp
|
|switch|p2a: Bichona|Flygon, F|301\/301
|-damage|p2a: Bichona|283\/301|[from] Stealth Rock
|turn|25
|
|move|p2a: Bichona|Earthquake|p1a: Metagross
|-supereffective|p1a: Metagross
|-damage|p1a: Metagross|0 fnt
|faint|p1a: Metagross
|
|
|switch|p1a: Houndoom|Houndoom, F|291\/291
|-damage|p1a: Houndoom|219\/291|[from] Stealth Rock
|turn|26
|
|detailschange|p1a: Houndoom|Houndoom-Mega, F
|message|Houndoom has Mega Evolved into Mega Houndoom!
|move|p2a: Bichona|Earthquake|p1a: Houndoom
|-supereffective|p1a: Houndoom
|-damage|p1a: Houndoom|0 fnt
|faint|p1a: Houndoom
|
|win|Mlle Noob
|raw|Ladder updating...
|raw|ZephyrusNyx's rating: 1305 &rarr; <strong>1288<\/strong><br \/>(-17 for losing)
|raw|Mlle Noob's rating: 1348 &rarr; <strong>1366<\/strong><br \/>(+18 for winning)
|leave|ZephyrusNyx
|player|p1