|join|Mlle Noob
|join|B1tchPLZ
|player|p1|Mlle Noob|289
|player|p2|B1tchPLZ|162
|gametype|singles
|gen|6
|tier|UU
|rated
|rule|Sleep Clause Mod: Limit one foe put to sleep
|rule|Species Clause: Limit one of each Pokémon
|rule|OHKO Clause: OHKO moves are banned
|rule|Moody Clause: Moody is banned
|rule|Evasion Moves Clause: Evasion moves are banned
|rule|Endless Battle Clause: Forcing endless battles is banned
|rule|HP Percentage Mod: HP is shown in percentages
|clearpoke
|poke|p1|Absol, F
|poke|p1|Fletchinder, F, shiny
|poke|p1|Donphan, M
|poke|p1|Uxie
|poke|p1|Raikou, shiny
|poke|p1|Zygarde
|poke|p2|Swampert, F
|poke|p2|Forretress, M
|poke|p2|Florges, F
|poke|p2|Primeape, M
|poke|p2|Raikou, shiny
|poke|p2|Hydreigon, M
|rule|Swagger Clause: Swagger is banned
|rule|Baton Pass Clause: Limit one Pokémon knowing Baton Pass
|teampreview
|
|start
|switch|p1a: Angela|Absol, F|271\/271
|switch|p2a: Forretress|Forretress, M|353\/353
|-ability|p1a: Angela|Pressure
|turn|1
|join|Emblema de Fuego
|
|detailschange|p1a: Angela|Absol-Mega, F
|-mega|p1a: Angela|Absol|Absolite
|move|p1a: Angela|Protect|p1a: Angela
|-singleturn|p1a: Angela|Protect
|move|p2a: Forretress|Stealth Rock|p1a: Angela
|move|p1a: Angela|Stealth Rock|p2a: Forretress|[from]Magic Bounce
|-sidestart|p2: B1tchPLZ|move: Stealth Rock
|
|turn|2
|
|move|p1a: Angela|Will-O-Wisp|p2a: Forretress|[miss]
|-miss|p1a: Angela|p2a: Forretress
|move|p2a: Forretress|Rapid Spin|p1a: Angela
|-damage|p1a: Angela|253\/271
|-sideend|p2: B1tchPLZ|Stealth Rock|[from] move: Rapid Spin|[of] p2a: Forretress
|
|turn|3
|
|move|p1a: Angela|Will-O-Wisp|p2a: Forretress
|-status|p2a: Forretress|brn
|move|p2a: Forretress|Volt Switch|p1a: Angela
|-damage|p1a: Angela|196\/271
|
|switch|p2a: Primeape|Primeape, M|271\/271
|
|turn|4
|
|move|p1a: Angela|Protect|p1a: Angela
|-singleturn|p1a: Angela|Protect
|move|p2a: Primeape|U-turn|p1a: Angela
|-activate|p1a: Angela|Protect
|
|turn|5
|
|switch|p1a: Rodolfo|Donphan, M|383\/383
|move|p2a: Primeape|U-turn|p1a: Rodolfo
|-damage|p1a: Rodolfo|337\/383
|
|switch|p2a: Swampert|Swampert, F|341\/341
|
|-heal|p1a: Rodolfo|360\/383|[from] item: Leftovers
|turn|6
|
|switch|p1a: Uzzzi|Uxie|353\/353
|move|p2a: Swampert|Rain Dance|p2a: Swampert
|-weather|RainDance
|
|-weather|RainDance|[upkeep]
|turn|7
|
|detailschange|p2a: Swampert|Swampert-Mega, F
|-mega|p2a: Swampert|Swampert|Swampertite
|move|p2a: Swampert|Waterfall|p1a: Uzzzi
|-damage|p1a: Uzzzi|170\/353
|move|p1a: Uzzzi|Yawn|p2a: Swampert
|-start|p2a: Swampert|move: Yawn|[of] p1a: Uzzzi
|
|-weather|RainDance|[upkeep]
|-heal|p1a: Uzzzi|192\/353|[from] item: Leftovers
|turn|8
|
|switch|p2a: Forretress|Forretress, M|353\/353 brn
|move|p1a: Uzzzi|Stealth Rock|p2a: Forretress
|-sidestart|p2: B1tchPLZ|move: Stealth Rock
|
|-weather|RainDance|[upkeep]
|-heal|p1a: Uzzzi|214\/353|[from] item: Leftovers
|-damage|p2a: Forretress|309\/353 brn|[from] brn
|turn|9
|
|move|p1a: Uzzzi|Knock Off|p2a: Forretress
|-damage|p2a: Forretress|270\/353 brn
|-damage|p1a: Uzzzi|156\/353|[from] item: Rocky Helmet|[of] p2a: Forretress
|-enditem|p2a: Forretress|Rocky Helmet|[from] move: Knock Off|[of] p1a: Uzzzi
|move|p2a: Forretress|Volt Switch|p1a: Uzzzi
|-damage|p1a: Uzzzi|133\/353
|
|switch|p2a: Swampert|Swampert-Mega, F|341\/341
|-damage|p2a: Swampert|320\/341|[from] Stealth Rock
|
|-weather|RainDance|[upkeep]
|-heal|p1a: Uzzzi|155\/353|[from] item: Leftovers
|turn|10
|
|move|p2a: Swampert|Waterfall|p1a: Uzzzi
|-damage|p1a: Uzzzi|0 fnt
|faint|p1a: Uzzzi
|
|-weather|none
|
|switch|p1a: Angela|Absol-Mega, F|196\/271
|turn|11
|
|move|p1a: Angela|Will-O-Wisp|p2a: Swampert
|-status|p2a: Swampert|brn
|move|p2a: Swampert|Rain Dance|p2a: Swampert
|-weather|RainDance
|
|-weather|RainDance|[upkeep]
|-damage|p2a: Swampert|278\/341 brn|[from] brn
|turn|12
|
|move|p1a: Angela|Protect|p1a: Angela
|-singleturn|p1a: Angela|Protect
|move|p2a: Swampert|Waterfall|p1a: Angela
|-activate|p1a: Angela|Protect
|
|-weather|RainDance|[upkeep]
|-damage|p2a: Swampert|236\/341 brn|[from] brn
|turn|13
|
|move|p1a: Angela|Sucker Punch|p2a: Swampert
|-damage|p2a: Swampert|80\/341 brn
|move|p2a: Swampert|Waterfall|p1a: Angela
|-damage|p1a: Angela|10\/271
|
|-weather|RainDance|[upkeep]
|-damage|p2a: Swampert|38\/341 brn|[from] brn
|turn|14
|
|move|p1a: Angela|Sucker Punch|p2a: Swampert
|-damage|p2a: Swampert|0 fnt
|faint|p2a: Swampert
|
|-weather|RainDance|[upkeep]
|
|switch|p2a: Raikou|Raikou, shiny|321\/321
|-damage|p2a: Raikou|281\/321|[from] Stealth Rock
|-ability|p2a: Raikou|Pressure
|turn|15
|
|switch|p1a: Rodolfo|Donphan, M|360\/383
|move|p2a: Raikou|Extreme Speed|p1a: Rodolfo
|-crit|p1a: Rodolfo
|-damage|p1a: Rodolfo|290\/383
|-damage|p2a: Raikou|249\/321|[from] item: Life Orb
|
|-weather|none
|-heal|p1a: Rodolfo|313\/383|[from] item: Leftovers
|turn|16
|
|move|p2a: Raikou|Aura Sphere|p1a: Rodolfo
|-damage|p1a: Rodolfo|147\/383
|-damage|p2a: Raikou|217\/321|[from] item: Life Orb
|move|p1a: Rodolfo|Earthquake|p2a: Raikou
|-supereffective|p2a: Raikou
|-damage|p2a: Raikou|0 fnt
|faint|p2a: Raikou
|
|-heal|p1a: Rodolfo|170\/383|[from] item: Leftovers
|-message|B1tchPLZ forfeited.
|leave|B1tchPLZ
|
|win|Mlle Noob
|raw|Ladder updating...
|player|p2
|raw|Mlle Noob's rating: 1095 &rarr; <strong>1117<\/strong><br \/>(+22 for winning)
|raw|B1tchPLZ's rating: 1050 &rarr; <strong>1035<\/strong><br \/>(-15 for losing)