|join|funki
|join|Bro Battington
|player|p1|funki|80
|player|p2|Bro Battington|#coolstorybrobat
|gametype|singles
|gen|6
|tier|UU
|rated
|rule|Sleep Clause Mod: Limit one foe put to sleep
|rule|Species Clause: Limit one of each Pokémon
|rule|OHKO Clause: OHKO moves are banned
|rule|Moody Clause: Moody is banned
|rule|Evasion Moves Clause: Evasion moves are banned
|rule|Endless Battle Clause: Forcing endless battles is banned
|rule|HP Percentage Mod: HP is shown in percentages
|clearpoke
|poke|p1|Blastoise, F
|poke|p1|Haxorus, F
|poke|p1|Shaymin
|poke|p1|Jolteon, F
|poke|p1|Honchkrow, M
|poke|p1|Jirachi
|poke|p2|Tornadus, M
|poke|p2|Rotom-Heat
|poke|p2|Toxicroak, M
|poke|p2|Florges, F
|poke|p2|Hippowdon, M
|poke|p2|Blastoise, M
|rule|Swagger Clause: Swagger is banned
|rule|Baton Pass Clause: Limit one Pokémon knowing Baton Pass
|teampreview
|
|start
|switch|p1a: Haxorus|Haxorus, F|294\/294
|switch|p2a: Hippow Da Don|Hippowdon, M|420\/420
|-ability|p1a: Haxorus|Mold Breaker
|turn|1
|
|move|p1a: Haxorus|Outrage|p2a: Hippow Da Don
|-crit|p2a: Hippow Da Don
|-damage|p2a: Hippow Da Don|68\/420
|move|p2a: Hippow Da Don|Earthquake|p1a: Haxorus
|-damage|p1a: Haxorus|150\/294
|
|-heal|p2a: Hippow Da Don|94\/420|[from] item: Leftovers
|turn|2
|chat|Bro Battington|The gorgeous turn 1 crit
|chat|funki|xd
|
|move|p1a: Haxorus|Outrage|p2a: Hippow Da Don
|-damage|p2a: Hippow Da Don|0 fnt
|faint|p2a: Hippow Da Don
|
|
|switch|p2a: ToxiCRUNK|Toxicroak, M|307\/307
|turn|3
|
|move|p2a: ToxiCRUNK|Sucker Punch|p1a: Haxorus
|-damage|p1a: Haxorus|30\/294
|-damage|p2a: ToxiCRUNK|277\/307|[from] item: Life Orb
|move|p1a: Haxorus|Outrage|p2a: ToxiCRUNK
|-damage|p2a: ToxiCRUNK|0 fnt
|faint|p2a: ToxiCRUNK
|
|-end|p1a: Haxorus|rampage
|-start|p1a: Haxorus|confusion
|
|switch|p2a: Oven Mitts|Rotom-Heat|241\/241
|turn|4
|
|switch|p1a: Jolteon|Jolteon, F|271\/271
|move|p2a: Oven Mitts|Volt Switch|p1a: Jolteon
|-immune|p1a: Jolteon|[msg]
|
|turn|5
|
|switch|p2a: Wanda|Florges, F|360\/360
|move|p1a: Jolteon|Thunderbolt|p2a: Wanda
|-damage|p2a: Wanda|228\/360
|
|-heal|p2a: Wanda|250\/360|[from] item: Leftovers
|turn|6
|
|switch|p1a: Jirachi|Jirachi|342\/342
|switch|p2a: Oven Mitts|Rotom-Heat|241\/241
|
|turn|7
|
|move|p2a: Oven Mitts|Overheat|p1a: Jirachi
|-supereffective|p1a: Jirachi
|-damage|p1a: Jirachi|0 fnt
|-unboost|p2a: Oven Mitts|spa|2
|faint|p1a: Jirachi
|
|
|switch|p1a: Blastoise|Blastoise, F|302\/302
|turn|8
|
|switch|p2a: Wanda|Florges, F|250\/360
|detailschange|p1a: Blastoise|Blastoise-Mega, F
|message|Blastoise has Mega Evolved into Mega Blastoise!
|move|p1a: Blastoise|Dark Pulse|p2a: Wanda
|-resisted|p2a: Wanda
|-damage|p2a: Wanda|198\/360
|
|-heal|p2a: Wanda|220\/360|[from] item: Leftovers
|turn|9
|
|move|p1a: Blastoise|Water Pulse|p2a: Wanda
|-damage|p2a: Wanda|106\/360
|move|p2a: Wanda|Wish|p2a: Wanda
|
|-heal|p2a: Wanda|128\/360|[from] item: Leftovers
|turn|10
|
|move|p1a: Blastoise|Water Pulse|p2a: Wanda
|-damage|p2a: Wanda|13\/360
|move|p2a: Wanda|Moonblast|p1a: Blastoise
|-damage|p1a: Blastoise|200\/302
|-unboost|p1a: Blastoise|spa|1
|
|-heal|p2a: Wanda|193\/360|[from] move: Wish|[wisher] Wanda
|-heal|p2a: Wanda|215\/360|[from] item: Leftovers
|turn|11
|
|switch|p1a: Shaymin|Shaymin|391\/391
|move|p2a: Wanda|Wish|p2a: Wanda
|
|-heal|p2a: Wanda|237\/360|[from] item: Leftovers
|turn|12
|
|move|p2a: Wanda|Protect|p2a: Wanda
|-singleturn|p2a: Wanda|Protect
|move|p1a: Shaymin|Leech Seed|p2a: Wanda
|-activate|p2a: Wanda|Protect
|
|-heal|p2a: Wanda|360\/360|[from] move: Wish|[wisher] Wanda
|turn|13
|
|switch|p2a: Oven Mitts|Rotom-Heat|241\/241
|move|p1a: Shaymin|Seed Flare|p2a: Oven Mitts
|-resisted|p2a: Oven Mitts
|-damage|p2a: Oven Mitts|170\/241
|
|turn|14
|
|switch|p1a: Jolteon|Jolteon, F|271\/271
|move|p2a: Oven Mitts|Volt Switch|p1a: Jolteon
|-immune|p1a: Jolteon|[msg]
|
|turn|15
|
|switch|p2a: Wanda|Florges, F|360\/360
|move|p1a: Jolteon|Thunderbolt|p2a: Wanda
|-damage|p2a: Wanda|239\/360
|-status|p2a: Wanda|par
|
|-heal|p2a: Wanda|261\/360 par|[from] item: Leftovers
|turn|16
|
|move|p1a: Jolteon|Thunderbolt|p2a: Wanda
|-damage|p2a: Wanda|131\/360 par
|move|p2a: Wanda|Moonblast|p1a: Jolteon
|-damage|p1a: Jolteon|151\/271
|-unboost|p1a: Jolteon|spa|1
|
|-heal|p2a: Wanda|153\/360 par|[from] item: Leftovers
|turn|17
|
|move|p1a: Jolteon|Thunderbolt|p2a: Wanda
|-damage|p2a: Wanda|66\/360 par
|move|p2a: Wanda|Wish|p2a: Wanda
|
|-heal|p2a: Wanda|88\/360 par|[from] item: Leftovers
|turn|18
|chat|funki|paraxhaxx pls
|
|move|p2a: Wanda|Protect|p2a: Wanda
|-singleturn|p2a: Wanda|Protect
|move|p1a: Jolteon|Thunderbolt|p2a: Wanda
|-activate|p2a: Wanda|Protect
|
|-heal|p2a: Wanda|268\/360 par|[from] move: Wish|[wisher] Wanda
|-heal|p2a: Wanda|290\/360 par|[from] item: Leftovers
|turn|19
|chat|funki|meh
|
|switch|p1a: Shaymin|Shaymin|391\/391
|move|p2a: Wanda|Aromatherapy|p2a: Wanda
|-cureteam|p2a: Wanda|[from] move: Aromatherapy
|
|-heal|p2a: Wanda|312\/360|[from] item: Leftovers
|turn|20
|
|move|p1a: Shaymin|Seed Flare|p2a: Wanda
|-damage|p2a: Wanda|224\/360
|move|p2a: Wanda|Wish|p2a: Wanda
|
|-heal|p2a: Wanda|246\/360|[from] item: Leftovers
|turn|21
|
|switch|p2a: Oven Mitts|Rotom-Heat|170\/241
|move|p1a: Shaymin|Leech Seed|p2a: Oven Mitts
|-start|p2a: Oven Mitts|move: Leech Seed
|
|-heal|p2a: Oven Mitts|241\/241|[from] move: Wish|[wisher] Wanda
|-damage|p2a: Oven Mitts|211\/241|[from] Leech Seed|[of] p1a: Shaymin
|turn|22
|join|Colbrushie
|
|switch|p1a: Jolteon|Jolteon, F|151\/271
|move|p2a: Oven Mitts|Overheat|p1a: Jolteon
|-damage|p1a: Jolteon|0 fnt
|-unboost|p2a: Oven Mitts|spa|2
|faint|p1a: Jolteon
|
|chat|Colbrushie|Oh
|chat|Colbrushie|A ladder game
|chat|Colbrushie|Where neither team has Hawlucha?
|chat|Bro Battington|That's right
|chat|Colbrushie|Not bad
|
|switch|p1a: Haxorus|Haxorus, F|30\/294
|-ability|p1a: Haxorus|Mold Breaker
|turn|23
|chat|Colbrushie|uh
|
|move|p2a: Oven Mitts|Overheat|p1a: Haxorus
|-resisted|p1a: Haxorus
|-damage|p1a: Haxorus|0 fnt
|-unboost|p2a: Oven Mitts|spa|2
|faint|p1a: Haxorus
|
|
|switch|p1a: Honchkrow|Honchkrow, M|404\/404
|turn|24
|
|move|p1a: Honchkrow|Pursuit|p2a: Oven Mitts|[from]Pursuit
|-damage|p2a: Oven Mitts|64\/241
|switch|p2a: The Gun Show|Blastoise, M|335\/335
|
|turn|25
|
|switch|p1a: Shaymin|Shaymin|391\/391
|detailschange|p2a: The Gun Show|Blastoise-Mega, M
|message|Blastoise has Mega Evolved into Mega Blastoise!
|move|p2a: The Gun Show|Aura Sphere|p1a: Shaymin
|-damage|p1a: Shaymin|221\/391
|
|-heal|p1a: Shaymin|245\/391|[from] item: Leftovers
|turn|26
|
|switch|p2a: Twista|Tornadus, M|325\/325
|move|p1a: Shaymin|Seed Flare|p2a: Twista
|-resisted|p2a: Twista
|-damage|p2a: Twista|226\/325
|
|-heal|p1a: Shaymin|269\/391|[from] item: Leftovers
|turn|27
|
|move|p2a: Twista|Bulk Up|p2a: Twista
|-boost|p2a: Twista|atk|1
|-boost|p2a: Twista|def|1
|move|p1a: Shaymin|Leech Seed|p2a: Twista
|-start|p2a: Twista|move: Leech Seed
|
|-heal|p1a: Shaymin|293\/391|[from] item: Leftovers
|-damage|p2a: Twista|186\/325|[from] Leech Seed|[of] p1a: Shaymin
|-heal|p1a: Shaymin|333\/391|[silent]
|turn|28
|
|move|p2a: Twista|Bulk Up|p2a: Twista
|-boost|p2a: Twista|atk|1
|-boost|p2a: Twista|def|1
|move|p1a: Shaymin|Seed Flare|p2a: Twista
|-resisted|p2a: Twista
|-damage|p2a: Twista|96\/325
|
|-heal|p1a: Shaymin|357\/391|[from] item: Leftovers
|-damage|p2a: Twista|56\/325|[from] Leech Seed|[of] p1a: Shaymin
|-heal|p1a: Shaymin|391\/391|[silent]
|turn|29
|
|move|p2a: Twista|Rest|p2a: Twista
|-status|p2a: Twista|slp
|-heal|p2a: Twista|325\/325 slp|[silent]
|-status|p2a: Twista|slp|[from] move: Rest
|-enditem|p2a: Twista|Chesto Berry|[eat]
|-curestatus|p2a: Twista|slp
|move|p1a: Shaymin|Seed Flare|p2a: Twista
|-resisted|p2a: Twista
|-damage|p2a: Twista|230\/325
|
|-damage|p2a: Twista|190\/325|[from] Leech Seed|[of] p1a: Shaymin
|turn|30
|
|move|p2a: Twista|Acrobatics|p1a: Shaymin
|-supereffective|p1a: Shaymin
|-damage|p1a: Shaymin|0 fnt
|faint|p1a: Shaymin
|
|
|switch|p1a: Honchkrow|Honchkrow, M|404\/404
|turn|31
|
|move|p1a: Honchkrow|Sucker Punch|p2a: Twista
|-damage|p2a: Twista|87\/325
|move|p2a: Twista|Acrobatics|p1a: Honchkrow
|-damage|p1a: Honchkrow|0 fnt
|faint|p1a: Honchkrow
|
|
|switch|p1a: Blastoise|Blastoise-Mega, F|200\/302
|turn|32
|
|move|p2a: Twista|Acrobatics|p1a: Blastoise
|-crit|p1a: Blastoise
|-damage|p1a: Blastoise|0 fnt
|faint|p1a: Blastoise
|
|win|Bro Battington
|raw|Ladder updating...
|raw|funki's rating: 1524 &rarr; <strong>1502<\/strong><br \/>(-22 for losing)
|raw|Bro Battington's rating: 1480 &rarr; <strong>1502<\/strong><br \/>(+22 for winning)
|chat|Bro Battington|gg