|join|Sae
|join|Bro Battington
|player|p1|Sae|99
|player|p2|Bro Battington|#coolstorybrobat
|gametype|singles
|gen|6
|tier|UU
|rated
|rule|Sleep Clause Mod: Limit one foe put to sleep
|rule|Species Clause: Limit one of each Pokémon
|rule|OHKO Clause: OHKO moves are banned
|rule|Moody Clause: Moody is banned
|rule|Evasion Moves Clause: Evasion moves are banned
|rule|Endless Battle Clause: Forcing endless battles is banned
|rule|HP Percentage Mod: HP is shown in percentages
|clearpoke
|poke|p1|Celebi
|poke|p1|Granbull, M
|poke|p1|Blissey, F
|poke|p1|Nidoking, M
|poke|p1|Galvantula, F
|poke|p1|Heracross, F
|poke|p2|Kingdra, M
|poke|p2|Houndoom, M
|poke|p2|Jirachi
|poke|p2|Aromatisse, F
|poke|p2|Snorlax, M
|poke|p2|Gligar, M
|rule|Swagger Clause: Swagger is banned
|rule|Baton Pass Clause: Limit one Pokémon knowing Baton Pass
|teampreview
|join|11pikabro
|join|SweetDelight
|c|★Sae|gl hf
|c|★Bro Battington|Have fun I guess
|c|★Bro Battington|Not wishing you luck
|c| SweetDelight|How very
|c| SweetDelight|pink
|c| SweetDelight|and purple
|
|start
|switch|p1a: Galvantula|Galvantula, F|281\/281
|switch|p2a: Rick Ross|Snorlax, M|462\/462
|turn|1
|
|switch|p1a: Heracross|Heracross, F|302\/302
|move|p2a: Rick Ross|Body Slam|p1a: Heracross
|-damage|p1a: Heracross|128\/302
|-status|p1a: Heracross|par
|
|turn|2
|c|★Bro Battington|That's why you don't wish people luck
|
|move|p1a: Heracross|Close Combat|p2a: Rick Ross
|-supereffective|p2a: Rick Ross
|-damage|p2a: Rick Ross|0 fnt
|-unboost|p1a: Heracross|def|1
|-unboost|p1a: Heracross|spd|1
|faint|p2a: Rick Ross
|
|c|★Bro Battington|That's what I get for thinking I outspeed I guess
|
|switch|p2a: Baphomutt|Houndoom, M|291\/291
|turn|3
|join|Dirpz
|join|BetaHousing
|c| Dirpz|Brobat
|c| Dirpz|My Dawg
|
|switch|p1a: Blissey|Blissey, F|714\/714
|detailschange|p2a: Baphomutt|Houndoom-Mega, M
|message|Houndoom has Mega Evolved into Mega Houndoom!
|move|p2a: Baphomutt|Fire Blast|p1a: Blissey
|-damage|p1a: Blissey|548\/714
|
|-heal|p1a: Blissey|592\/714|[from] item: Leftovers
|turn|4
|join|Chandelurist
|
|switch|p2a: Liberachi|Jirachi|404\/404
|move|p1a: Blissey|Heal Bell|p1a: Blissey
|-cureteam|p1a: Blissey|[from] move: HealBell
|
|-heal|p1a: Blissey|636\/714|[from] item: Leftovers
|turn|5
|c|+BetaHousing|Brobat, pls rekek sae
|c|+BetaHousing|thanks
|c|★Bro Battington|Man why are all you coming in here
|c|★Bro Battington|Go home
|c|★Sae|Monotype room
|c| Dirpz|Because We want you to beat sae
|c| Dirpz|and were all in a call with him
|c|★Bro Battington|I see
|
|move|p1a: Blissey|Protect|p1a: Blissey
|-singleturn|p1a: Blissey|Protect
|move|p2a: Liberachi|Substitute|p2a: Liberachi
|-start|p2a: Liberachi|Substitute
|-damage|p2a: Liberachi|303\/404
|
|-heal|p2a: Liberachi|328\/404|[from] item: Leftovers
|-heal|p1a: Blissey|680\/714|[from] item: Leftovers
|turn|6
|join|thunderkid max
|join|Hutyro
|
|switch|p1a: Nidoking|Nidoking, M|304\/304
|move|p2a: Liberachi|Toxic|p1a: Nidoking
|-fail|p1a: Nidoking
|
|-heal|p2a: Liberachi|353\/404|[from] item: Leftovers
|turn|7
|
|move|p2a: Liberachi|Iron Head|p1a: Nidoking
|-damage|p1a: Nidoking|186\/304
|move|p1a: Nidoking|Earth Power|p2a: Liberachi
|-supereffective|p2a: Liberachi
|-end|p2a: Liberachi|Substitute
|
|-heal|p2a: Liberachi|378\/404|[from] item: Leftovers
|turn|8
|
|move|p2a: Liberachi|Iron Head|p1a: Nidoking
|-damage|p1a: Nidoking|66\/304
|move|p1a: Nidoking|Earth Power|p2a: Liberachi
|-supereffective|p2a: Liberachi
|-damage|p2a: Liberachi|0 fnt
|faint|p2a: Liberachi
|
|c|★Bro Battington|fcking bull
|
|switch|p2a: Baphomutt|Houndoom-Mega, M|291\/291
|turn|9
|
|switch|p1a: Blissey|Blissey, F|680\/714
|move|p2a: Baphomutt|Dark Pulse|p1a: Blissey
|-damage|p1a: Blissey|563\/714
|
|-heal|p1a: Blissey|607\/714|[from] item: Leftovers
|turn|10
|
|switch|p2a: C-Rayz Walz|Gligar, M|334\/334
|move|p1a: Blissey|Toxic|p2a: C-Rayz Walz
|-status|p2a: C-Rayz Walz|tox
|
|-heal|p1a: Blissey|651\/714|[from] item: Leftovers
|-damage|p2a: C-Rayz Walz|314\/334 tox|[from] psn
|turn|11
|
|move|p2a: C-Rayz Walz|Stealth Rock|p1a: Blissey
|-sidestart|p1: Sae|move: Stealth Rock
|move|p1a: Blissey|Wish|p1a: Blissey
|
|-heal|p1a: Blissey|695\/714|[from] item: Leftovers
|-damage|p2a: C-Rayz Walz|274\/334 tox|[from] psn
|turn|12
|
|switch|p2a: Sea Biscuit|Kingdra, M|291\/291
|switch|p1a: Heracross|Heracross, F|128\/302
|-damage|p1a: Heracross|91\/302|[from] Stealth Rock
|
|-heal|p1a: Heracross|302\/302|[from] move: Wish|[wisher] Blissey
|turn|13
|
|switch|p2a: MalefiSCENT|Aromatisse, F|405\/405
|move|p1a: Heracross|Megahorn|p2a: MalefiSCENT|[miss]
|-miss|p1a: Heracross|p2a: MalefiSCENT
|
|turn|14
|
|switch|p1a: Blissey|Blissey, F|695\/714
|-damage|p1a: Blissey|606\/714|[from] Stealth Rock
|move|p2a: MalefiSCENT|Moonblast|p1a: Blissey
|-crit|p1a: Blissey
|-damage|p1a: Blissey|470\/714
|-unboost|p1a: Blissey|spa|1
|
|-heal|p1a: Blissey|514\/714|[from] item: Leftovers
|turn|15
|
|switch|p2a: Sea Biscuit|Kingdra, M|291\/291
|move|p1a: Blissey|Wish|p1a: Blissey
|
|-heal|p1a: Blissey|558\/714|[from] item: Leftovers
|turn|16
|
|move|p2a: Sea Biscuit|Focus Energy|p2a: Sea Biscuit
|-start|p2a: Sea Biscuit|move: Focus Energy
|move|p1a: Blissey|Toxic|p2a: Sea Biscuit
|-status|p2a: Sea Biscuit|tox
|
|-heal|p1a: Blissey|714\/714|[from] move: Wish|[wisher] Blissey
|-damage|p2a: Sea Biscuit|273\/291 tox|[from] psn
|turn|17
|c| SweetDelight|whoa lag
|
|move|p1a: Blissey|Protect|p1a: Blissey
|-singleturn|p1a: Blissey|Protect
|move|p2a: Sea Biscuit|Waterfall|p1a: Blissey
|-activate|p1a: Blissey|Protect
|
|-damage|p2a: Sea Biscuit|237\/291 tox|[from] psn
|turn|18
|c| SweetDelight|you know, what's the smallest pokemon?
|c|★Bro Battington|Natu or some crap
|c| Hutyro|I would know
|c| Hutyro|But I dont care
|c| SweetDelight|Natu?
|c| 11pikabro|joltik?
|c| Hutyro|prolly natu
|c|★Bro Battington|Oh right. Joltik
|c|★Bro Battington|The size of a literal flea
|join|Clearly
|
|switch|p1a: Celebi|Celebi|341\/341
|-damage|p1a: Celebi|299\/341|[from] Stealth Rock
|move|p2a: Sea Biscuit|Waterfall|p1a: Celebi
|-crit|p1a: Celebi
|-resisted|p1a: Celebi
|-damage|p1a: Celebi|179\/341
|
|-damage|p2a: Sea Biscuit|183\/291 tox|[from] psn
|turn|19
|c| SweetDelight|bluh
|c| Hutyro|oh wow
|
|move|p1a: Celebi|Seed Bomb|p2a: Sea Biscuit
|-damage|p2a: Sea Biscuit|11\/291 tox
|-damage|p1a: Celebi|145\/341|[from] item: Life Orb
|move|p2a: Sea Biscuit|Draco Meteor|p1a: Celebi|[miss]
|-miss|p2a: Sea Biscuit|p1a: Celebi
|
|-damage|p2a: Sea Biscuit|0 fnt|[from] psn
|faint|p2a: Sea Biscuit
|c|★Bro Battington|I want to say something extremely rude
|c| Hutyro|Never wish luck
|c| SweetDelight|do it
|c| Hutyro|yh
|c| SweetDelight|do it
|c| SweetDelight|do it
|c|★Bro Battington|Like "Kill yourself" or "seek death" or "that's why your mom is ugly"
|c|★Bro Battington|But you know what?
|c|★Bro Battington|It's part of the game
|
|switch|p2a: Baphomutt|Houndoom-Mega, M|291\/291
|turn|20
|c| SweetDelight|ddamnit Brobat
|
|switch|p1a: Blissey|Blissey, F|714\/714
|-damage|p1a: Blissey|625\/714|[from] Stealth Rock
|move|p2a: Baphomutt|Nasty Plot|p2a: Baphomutt
|-boost|p2a: Baphomutt|spa|2
|
|-heal|p1a: Blissey|669\/714|[from] item: Leftovers
|turn|21
|c| Hutyro|You are a champ
|c|★Bro Battington|Champ of getting into atrociously stupid games
|
|move|p2a: Baphomutt|Nasty Plot|p2a: Baphomutt
|-boost|p2a: Baphomutt|spa|2
|move|p1a: Blissey|Toxic|p2a: Baphomutt
|-status|p2a: Baphomutt|tox
|
|-heal|p1a: Blissey|713\/714|[from] item: Leftovers
|-damage|p2a: Baphomutt|273\/291 tox|[from] psn
|turn|22
|join|BIGG BITCHH
|
|move|p2a: Baphomutt|Nasty Plot|p2a: Baphomutt
|-boost|p2a: Baphomutt|spa|2
|move|p1a: Blissey|Wish|p1a: Blissey
|
|-heal|p1a: Blissey|714\/714|[from] item: Leftovers
|-damage|p2a: Baphomutt|237\/291 tox|[from] psn
|turn|23
|
|move|p1a: Blissey|Protect|p1a: Blissey
|-singleturn|p1a: Blissey|Protect
|move|p2a: Baphomutt|Fire Blast|p1a: Blissey
|-activate|p1a: Blissey|Protect
|
|-damage|p2a: Baphomutt|183\/291 tox|[from] psn
|turn|24
|
|switch|p1a: Celebi|Celebi|145\/341
|-damage|p1a: Celebi|103\/341|[from] Stealth Rock
|move|p2a: Baphomutt|Fire Blast|p1a: Celebi
|-supereffective|p1a: Celebi
|-damage|p1a: Celebi|0 fnt
|faint|p1a: Celebi
|
|-damage|p2a: Baphomutt|111\/291 tox|[from] psn
|leave|thunderkid max
|
|switch|p1a: Blissey|Blissey, F|714\/714
|-damage|p1a: Blissey|625\/714|[from] Stealth Rock
|turn|25
|
|move|p1a: Blissey|Protect|p1a: Blissey
|-singleturn|p1a: Blissey|Protect
|move|p2a: Baphomutt|Dark Pulse|p1a: Blissey
|-activate|p1a: Blissey|Protect
|
|-heal|p1a: Blissey|669\/714|[from] item: Leftovers
|-damage|p2a: Baphomutt|21\/291 tox|[from] psn
|turn|26
|-message|Bro Battington forfeited.
|
|win|Sae
|raw|Ladder updating...
|leave|Bro Battington
|player|p2
|raw|Sae's rating: 1579 &rarr; <strong>1599<\/strong><br \/>(+20 for winning)
|raw|Bro Battington's rating: 1573 &rarr; <strong>1553<\/strong><br \/>(-20 for losing)