|join|Bro Battington
|join|bruhmanchillin
|player|p1|Bro Battington|#coolstorybrobat
|player|p2|bruhmanchillin|265
|gametype|singles
|gen|6
|tier|UU
|rated
|rule|Sleep Clause Mod: Limit one foe put to sleep
|rule|Species Clause: Limit one of each Pokémon
|rule|OHKO Clause: OHKO moves are banned
|rule|Moody Clause: Moody is banned
|rule|Evasion Moves Clause: Evasion moves are banned
|rule|Endless Battle Clause: Forcing endless battles is banned
|rule|HP Percentage Mod: HP is shown in percentages
|clearpoke
|poke|p1|Tornadus, M
|poke|p1|Swampert, M
|poke|p1|Houndoom, M
|poke|p1|Forretress, M
|poke|p1|Florges, F
|poke|p1|Mew
|poke|p2|Ampharos, F
|poke|p2|Suicune
|poke|p2|Arcanine, F
|poke|p2|Forretress, M
|poke|p2|Florges, F
|poke|p2|Crobat, M
|rule|Swagger Clause: Swagger is banned
|rule|Baton Pass Clause: Limit one Pokémon knowing Baton Pass
|teampreview
|
|start
|switch|p1a: Wheaties|Swampert, M|384\/384
|switch|p2a: Suicune|Suicune|404\/404
|-ability|p2a: Suicune|Pressure
|turn|1
|
|move|p2a: Suicune|Calm Mind|p2a: Suicune
|-boost|p2a: Suicune|spa|1
|-boost|p2a: Suicune|spd|1
|move|p1a: Wheaties|Earthquake|p2a: Suicune
|-damage|p2a: Suicune|247\/404
|
|-heal|p2a: Suicune|272\/404|[from] item: Leftovers
|turn|2
|
|switch|p1a: TF2|Forretress, M|354\/354
|move|p2a: Suicune|Calm Mind|p2a: Suicune
|-boost|p2a: Suicune|spa|1
|-boost|p2a: Suicune|spd|1
|
|-heal|p2a: Suicune|297\/404|[from] item: Leftovers
|turn|3
|
|move|p2a: Suicune|Calm Mind|p2a: Suicune
|-boost|p2a: Suicune|spa|1
|-boost|p2a: Suicune|spd|1
|move|p1a: TF2|Volt Switch|p2a: Suicune
|-supereffective|p2a: Suicune
|-damage|p2a: Suicune|271\/404
|
|switch|p1a: Baphomutt|Houndoom, M|291\/291
|
|-heal|p2a: Suicune|296\/404|[from] item: Leftovers
|turn|4
|
|detailschange|p1a: Baphomutt|Houndoom-Mega, M
|message|Houndoom has Mega Evolved into Mega Houndoom!
|move|p1a: Baphomutt|Destiny Bond|p1a: Baphomutt
|-singlemove|p1a: Baphomutt|Destiny Bond
|move|p2a: Suicune|Scald|p1a: Baphomutt
|-crit|p1a: Baphomutt
|-supereffective|p1a: Baphomutt
|-damage|p1a: Baphomutt|0 fnt
|faint|p1a: Baphomutt
|-activate|p1a: Baphomutt|Destiny Bond
|faint|p2a: Suicune
|
|
|switch|p1a: Light Mew|Mew|403\/403
|switch|p2a: Ampharos|Ampharos, F|384\/384
|turn|5
|
|move|p1a: Light Mew|Will-O-Wisp|p2a: Ampharos
|-status|p2a: Ampharos|brn
|move|p2a: Ampharos|Confuse Ray|p1a: Light Mew
|-start|p1a: Light Mew|confusion
|
|-damage|p2a: Ampharos|336\/384 brn|[from] brn
|turn|6
|
|detailschange|p2a: Ampharos|Ampharos-Mega, F
|message|Ampharos has Mega Evolved into Mega Ampharos!
|-ability|p2a: Ampharos|Mold Breaker
|-activate|p1a: Light Mew|confusion
|-damage|p1a: Light Mew|379\/403|[from] confusion
|move|p2a: Ampharos|Dragon Pulse|p1a: Light Mew
|-damage|p1a: Light Mew|208\/403
|
|-heal|p1a: Light Mew|233\/403|[from] item: Leftovers
|-damage|p2a: Ampharos|288\/384 brn|[from] brn
|turn|7
|
|-end|p1a: Light Mew|confusion
|move|p1a: Light Mew|Roost|p1a: Light Mew
|-heal|p1a: Light Mew|403\/403
|move|p2a: Ampharos|Thunderbolt|p1a: Light Mew
|-damage|p1a: Light Mew|231\/403
|
|-heal|p1a: Light Mew|256\/403|[from] item: Leftovers
|-damage|p2a: Ampharos|240\/384 brn|[from] brn
|turn|8
|
|move|p1a: Light Mew|Roost|p1a: Light Mew
|-heal|p1a: Light Mew|403\/403
|move|p2a: Ampharos|Confuse Ray|p1a: Light Mew
|-start|p1a: Light Mew|confusion
|
|-damage|p2a: Ampharos|192\/384 brn|[from] brn
|turn|9
|
|switch|p1a: Wanda|Florges, F|360\/360
|move|p2a: Ampharos|Volt Switch|p1a: Wanda
|-damage|p1a: Wanda|260\/360
|
|switch|p2a: Crobat|Crobat, M|311\/311
|
|-heal|p1a: Wanda|282\/360|[from] item: Leftovers
|turn|10
|
|switch|p1a: TF2|Forretress, M|354\/354
|move|p2a: Crobat|Brave Bird|p1a: TF2
|-damage|p1a: TF2|221\/354
|-damage|p2a: Crobat|267\/311|[from] recoil|[of] p1a: TF2
|
|-heal|p1a: TF2|243\/354|[from] item: Leftovers
|turn|11
|
|switch|p2a: Forretress|Forretress, M|354\/354
|move|p1a: TF2|Volt Switch|p2a: Forretress
|-damage|p2a: Forretress|302\/354
|-enditem|p2a: Forretress|Red Card|[of] p1a: TF2
|drag|p1a: Wheaties|Swampert, M|384\/384
|
|turn|12
|
|move|p1a: Wheaties|Waterfall|p2a: Forretress
|-damage|p2a: Forretress|187\/354
|cant|p2a: Forretress|flinch
|
|turn|13
|
|move|p1a: Wheaties|Waterfall|p2a: Forretress
|-damage|p2a: Forretress|58\/354
|cant|p2a: Forretress|flinch
|
|turn|14
|
|move|p1a: Wheaties|Waterfall|p2a: Forretress
|-damage|p2a: Forretress|0 fnt
|faint|p2a: Forretress
|
|
|switch|p2a: Crobat|Crobat, M|267\/311
|turn|15
|
|move|p2a: Crobat|Brave Bird|p1a: Wheaties
|-damage|p1a: Wheaties|104\/384
|-damage|p2a: Crobat|175\/311|[from] recoil|[of] p1a: Wheaties
|move|p1a: Wheaties|Waterfall|p2a: Crobat
|-damage|p2a: Crobat|0 fnt
|faint|p2a: Crobat
|
|
|switch|p2a: Arcanine|Arcanine, F|384\/384
|-ability|p2a: Arcanine|Intimidate|[of] p1a: Wheaties
|-unboost|p1a: Wheaties|atk|1
|turn|16
|
|move|p2a: Arcanine|Close Combat|p1a: Wheaties
|-damage|p1a: Wheaties|0 fnt
|-unboost|p2a: Arcanine|def|1
|-unboost|p2a: Arcanine|spd|1
|faint|p1a: Wheaties
|
|
|switch|p1a: Light Mew|Mew|403\/403
|turn|17
|
|switch|p2a: Florges|Florges, F|360\/360
|move|p1a: Light Mew|Foul Play|p2a: Florges
|-resisted|p2a: Florges
|-damage|p2a: Florges|326\/360
|
|-heal|p2a: Florges|348\/360|[from] item: Leftovers
|turn|18
|
|move|p1a: Light Mew|Taunt|p2a: Florges
|-start|p2a: Florges|move: Taunt
|cant|p2a: Florges|move: Taunt|Toxic
|
|-heal|p2a: Florges|360\/360|[from] item: Leftovers
|turn|19
|
|move|p1a: Light Mew|Will-O-Wisp|p2a: Florges
|-status|p2a: Florges|brn
|move|p2a: Florges|Moonblast|p1a: Light Mew
|-damage|p1a: Light Mew|301\/403
|-unboost|p1a: Light Mew|spa|1
|
|-heal|p1a: Light Mew|326\/403|[from] item: Leftovers
|-damage|p2a: Florges|315\/360 brn|[from] brn
|turn|20
|
|switch|p2a: Arcanine|Arcanine, F|384\/384
|-ability|p2a: Arcanine|Intimidate|[of] p1a: Light Mew
|-unboost|p1a: Light Mew|atk|1
|move|p1a: Light Mew|Foul Play|p2a: Arcanine
|-damage|p2a: Arcanine|249\/384
|
|-heal|p1a: Light Mew|351\/403|[from] item: Leftovers
|-heal|p2a: Arcanine|273\/384|[from] item: Leftovers
|turn|21
|
|move|p1a: Light Mew|Foul Play|p2a: Arcanine
|-damage|p2a: Arcanine|138\/384
|move|p2a: Arcanine|Flare Blitz|p1a: Light Mew
|-damage|p1a: Light Mew|140\/403
|-damage|p2a: Arcanine|68\/384|[from] recoil|[of] p1a: Light Mew
|
|-heal|p1a: Light Mew|165\/403|[from] item: Leftovers
|-heal|p2a: Arcanine|92\/384|[from] item: Leftovers
|turn|22
|
|move|p1a: Light Mew|Foul Play|p2a: Arcanine
|-damage|p2a: Arcanine|0 fnt
|faint|p2a: Arcanine
|
|-heal|p1a: Light Mew|190\/403|[from] item: Leftovers
|
|switch|p2a: Ampharos|Ampharos-Mega, F|192\/384 brn
|-ability|p2a: Ampharos|Mold Breaker
|turn|23
|
|move|p1a: Light Mew|Roost|p1a: Light Mew
|-heal|p1a: Light Mew|392\/403
|move|p2a: Ampharos|Confuse Ray|p1a: Light Mew
|-start|p1a: Light Mew|confusion
|
|-heal|p1a: Light Mew|403\/403|[from] item: Leftovers
|-damage|p2a: Ampharos|144\/384 brn|[from] brn
|turn|24
|
|-activate|p1a: Light Mew|confusion
|move|p1a: Light Mew|Foul Play|p2a: Ampharos
|-damage|p2a: Ampharos|82\/384 brn
|move|p2a: Ampharos|Volt Switch|p1a: Light Mew
|-damage|p1a: Light Mew|255\/403
|
|switch|p2a: Florges|Florges, F|315\/360 brn
|
|-heal|p1a: Light Mew|280\/403|[from] item: Leftovers
|-heal|p2a: Florges|337\/360 brn|[from] item: Leftovers
|-damage|p2a: Florges|292\/360 brn|[from] brn
|turn|25
|
|-activate|p1a: Light Mew|confusion
|-damage|p1a: Light Mew|262\/403|[from] confusion
|move|p2a: Florges|Wish|p2a: Florges
|
|-heal|p1a: Light Mew|287\/403|[from] item: Leftovers
|-heal|p2a: Florges|314\/360 brn|[from] item: Leftovers
|-damage|p2a: Florges|269\/360 brn|[from] brn
|turn|26
|
|switch|p2a: Ampharos|Ampharos-Mega, F|82\/384 brn
|-ability|p2a: Ampharos|Mold Breaker
|-end|p1a: Light Mew|confusion
|move|p1a: Light Mew|Foul Play|p2a: Ampharos
|-damage|p2a: Ampharos|18\/384 brn
|
|-heal|p2a: Ampharos|198\/384 brn|[from] move: Wish|[wisher] Florges
|-heal|p1a: Light Mew|312\/403|[from] item: Leftovers
|-damage|p2a: Ampharos|150\/384 brn|[from] brn
|turn|27
|
|move|p1a: Light Mew|Taunt|p2a: Ampharos
|-start|p2a: Ampharos|move: Taunt
|cant|p2a: Ampharos|move: Taunt|Confuse Ray
|
|-heal|p1a: Light Mew|337\/403|[from] item: Leftovers
|-damage|p2a: Ampharos|102\/384 brn|[from] brn
|turn|28
|
|move|p1a: Light Mew|Foul Play|p2a: Ampharos
|-damage|p2a: Ampharos|45\/384 brn
|move|p2a: Ampharos|Volt Switch|p1a: Light Mew
|-damage|p1a: Light Mew|204\/403
|
|switch|p2a: Florges|Florges, F|269\/360 brn
|
|-heal|p1a: Light Mew|229\/403|[from] item: Leftovers
|-heal|p2a: Florges|291\/360 brn|[from] item: Leftovers
|-damage|p2a: Florges|246\/360 brn|[from] brn
|turn|29
|
|move|p1a: Light Mew|Taunt|p2a: Florges
|-start|p2a: Florges|move: Taunt
|move|p2a: Florges|Moonblast|p1a: Light Mew
|-damage|p1a: Light Mew|123\/403
|
|-heal|p1a: Light Mew|148\/403|[from] item: Leftovers
|-heal|p2a: Florges|268\/360 brn|[from] item: Leftovers
|-damage|p2a: Florges|223\/360 brn|[from] brn
|turn|30
|
|switch|p2a: Ampharos|Ampharos-Mega, F|45\/384 brn
|-ability|p2a: Ampharos|Mold Breaker
|move|p1a: Light Mew|Roost|p1a: Light Mew
|-heal|p1a: Light Mew|350\/403
|
|-heal|p1a: Light Mew|375\/403|[from] item: Leftovers
|-damage|p2a: Ampharos|0 fnt|[from] brn
|faint|p2a: Ampharos
|
|switch|p2a: Florges|Florges, F|223\/360 brn
|turn|31
|
|move|p1a: Light Mew|Taunt|p2a: Florges
|-start|p2a: Florges|move: Taunt
|move|p2a: Florges|Moonblast|p1a: Light Mew
|-damage|p1a: Light Mew|269\/403
|-unboost|p1a: Light Mew|spa|1
|
|-heal|p1a: Light Mew|294\/403|[from] item: Leftovers
|-heal|p2a: Florges|245\/360 brn|[from] item: Leftovers
|-damage|p2a: Florges|200\/360 brn|[from] brn
|turn|32
|join|ULT F4
|
|move|p1a: Light Mew|Foul Play|p2a: Florges
|-resisted|p2a: Florges
|-damage|p2a: Florges|166\/360 brn
|move|p2a: Florges|Moonblast|p1a: Light Mew
|-damage|p1a: Light Mew|185\/403
|-unboost|p1a: Light Mew|spa|1
|
|-heal|p1a: Light Mew|210\/403|[from] item: Leftovers
|-heal|p2a: Florges|188\/360 brn|[from] item: Leftovers
|-damage|p2a: Florges|143\/360 brn|[from] brn
|turn|33
|
|move|p1a: Light Mew|Roost|p1a: Light Mew
|-heal|p1a: Light Mew|403\/403
|move|p2a: Florges|Moonblast|p1a: Light Mew
|-damage|p1a: Light Mew|301\/403
|
|-heal|p1a: Light Mew|326\/403|[from] item: Leftovers
|-heal|p2a: Florges|165\/360 brn|[from] item: Leftovers
|-damage|p2a: Florges|120\/360 brn|[from] brn
|-end|p2a: Florges|move: Taunt
|turn|34
|
|move|p1a: Light Mew|Taunt|p2a: Florges
|-start|p2a: Florges|move: Taunt
|cant|p2a: Florges|move: Taunt|Toxic
|
|-heal|p1a: Light Mew|351\/403|[from] item: Leftovers
|-heal|p2a: Florges|142\/360 brn|[from] item: Leftovers
|-damage|p2a: Florges|97\/360 brn|[from] brn
|turn|35
|join|Dudeman130498
|leave|ULT F4
|
|move|p1a: Light Mew|Foul Play|p2a: Florges
|-resisted|p2a: Florges
|-damage|p2a: Florges|63\/360 brn
|move|p2a: Florges|Moonblast|p1a: Light Mew
|-damage|p1a: Light Mew|248\/403
|
|-heal|p1a: Light Mew|273\/403|[from] item: Leftovers
|-heal|p2a: Florges|85\/360 brn|[from] item: Leftovers
|-damage|p2a: Florges|40\/360 brn|[from] brn
|turn|36
|
|move|p1a: Light Mew|Foul Play|p2a: Florges
|-resisted|p2a: Florges
|-damage|p2a: Florges|7\/360 brn
|move|p2a: Florges|Moonblast|p1a: Light Mew
|-damage|p1a: Light Mew|174\/403
|
|-heal|p1a: Light Mew|199\/403|[from] item: Leftovers
|-heal|p2a: Florges|29\/360 brn|[from] item: Leftovers
|-damage|p2a: Florges|0 fnt|[from] brn
|faint|p2a: Florges
|
|win|Bro Battington
|raw|Ladder updating...
|raw|Bro Battington's rating: 1553 &rarr; <strong>1568<\/strong><br \/>(+15 for winning)
|raw|bruhmanchillin's rating: 1472 &rarr; <strong>1457<\/strong><br \/>(-15 for losing)
|c|★Bro Battington|Good game
|c|★bruhmanchillin|gg
|leave|Bro Battington
|player|p1
|leave|Dudeman130498