|join|N3v3rb4ckd0wn93
|join|Bro Battington
|player|p1|N3v3rb4ckd0wn93|4
|player|p2|Bro Battington|212
|gametype|singles
|gen|6
|tier|UU
|rated
|rule|Sleep Clause Mod: Limit one foe put to sleep
|rule|Species Clause: Limit one of each Pokémon
|rule|OHKO Clause: OHKO moves are banned
|rule|Moody Clause: Moody is banned
|rule|Evasion Moves Clause: Evasion moves are banned
|rule|Endless Battle Clause: Forcing endless battles is banned
|rule|HP Percentage Mod: HP is shown in percentages
|clearpoke
|poke|p1|Swampert, M, shiny
|poke|p1|Dragalge, F, shiny
|poke|p1|Chandelure, F
|poke|p1|Mienshao, M, shiny
|poke|p1|Umbreon, M, shiny
|poke|p1|Skorupi, M
|poke|p2|Gallade, M
|poke|p2|Rhyperior, M
|poke|p2|Rotom-Mow
|poke|p2|Tentacruel, M
|poke|p2|Umbreon, M
|poke|p2|Doublade, M
|rule|Swagger Clause: Swagger is banned
|rule|Baton Pass Clause: Limit one Pokémon knowing Baton Pass
|teampreview
|c|★Bro Battington|Dang the Skorupi doe
|c|★Bro Battington|Acupressure on these hoes
|
|start
|switch|p1a: Mienshao|Mienshao, M, shiny|272\/272
|switch|p2a: Dem Chores|Rotom-Mow|271\/271
|turn|1
|c|★N3v3rb4ckd0wn93|don't be hatin'
|c|★N3v3rb4ckd0wn93|he is in tryouts
|
|switch|p2a: T-Pain|Tentacruel, M|361\/361
|move|p1a: Mienshao|Fake Out|p2a: T-Pain
|-damage|p2a: T-Pain|308\/361
|-damage|p1a: Mienshao|245\/272|[from] item: Life Orb
|
|-heal|p2a: T-Pain|330\/361|[from] item: Black Sludge
|turn|2
|
|move|p1a: Mienshao|U-turn|p2a: T-Pain
|-crit|p2a: T-Pain
|-resisted|p2a: T-Pain
|-damage|p2a: T-Pain|253\/361
|-damage|p1a: Mienshao|218\/272|[from] item: Life Orb
|
|switch|p1a: Dragalge|Dragalge, F, shiny|334\/334
|move|p2a: T-Pain|Scald|p1a: Dragalge
|-resisted|p1a: Dragalge
|-damage|p1a: Dragalge|316\/334
|
|-heal|p2a: T-Pain|275\/361|[from] item: Black Sludge
|turn|3
|
|switch|p2a: Hombreon|Umbreon, M|394\/394
|move|p1a: Dragalge|Thunderbolt|p2a: Hombreon
|-damage|p2a: Hombreon|345\/394
|
|-heal|p2a: Hombreon|369\/394|[from] item: Leftovers
|turn|4
|
|switch|p1a: Skorupi|Skorupi, M|284\/284
|move|p2a: Hombreon|Wish|p2a: Hombreon
|
|-heal|p2a: Hombreon|393\/394|[from] item: Leftovers
|turn|5
|
|switch|p2a: Rocksteady|Rhyperior, M|433\/433
|move|p1a: Skorupi|Infestation|p2a: Rocksteady
|-damage|p2a: Rocksteady|421\/433
|-activate|p2a: Rocksteady|move: Infestation|[of] p1a: Skorupi
|
|-heal|p2a: Rocksteady|433\/433|[from] move: Wish|[wisher] Hombreon
|-damage|p2a: Rocksteady|379\/433|[from] move: Infestation|[partiallytrapped]
|turn|6
|
|move|p2a: Rocksteady|Earthquake|p1a: Skorupi
|-damage|p1a: Skorupi|199\/284
|move|p1a: Skorupi|Toxic Spikes|p2a: Rocksteady
|-sidestart|p2: Bro Battington|move: Toxic Spikes
|
|-heal|p2a: Rocksteady|406\/433|[from] item: Leftovers
|-damage|p2a: Rocksteady|352\/433|[from] move: Infestation|[partiallytrapped]
|turn|7
|c|★Bro Battington|Oh right he's Poison\/Bug
|c|★Bro Battington|Not Poison\/Dark
|c|★Bro Battington|gotcha
|
|move|p2a: Rocksteady|Rock Blast|p1a: Skorupi
|-supereffective|p1a: Skorupi
|-damage|p1a: Skorupi|161\/284
|-supereffective|p1a: Skorupi
|-damage|p1a: Skorupi|117\/284
|-hitcount|p1a: Skorupi|2
|move|p1a: Skorupi|Rain Dance|p1a: Skorupi
|-weather|RainDance
|
|-weather|RainDance|[upkeep]
|-heal|p2a: Rocksteady|379\/433|[from] item: Leftovers
|-damage|p2a: Rocksteady|325\/433|[from] move: Infestation|[partiallytrapped]
|turn|8
|
|switch|p1a: BRUH|Swampert, M, shiny|404\/404
|move|p2a: Rocksteady|Rock Blast|p1a: BRUH
|-crit|p1a: BRUH
|-resisted|p1a: BRUH
|-damage|p1a: BRUH|372\/404
|-resisted|p1a: BRUH
|-damage|p1a: BRUH|349\/404
|-hitcount|p1a: BRUH|2
|
|-weather|RainDance|[upkeep]
|-heal|p2a: Rocksteady|352\/433|[from] item: Leftovers
|-end|p2a: Rocksteady|Infestation|[partiallytrapped]
|turn|9
|
|switch|p2a: T-Pain|Tentacruel, M|275\/361
|-sideend|p2: Bro Battington|move: Toxic Spikes|[of] p2a: T-Pain
|detailschange|p1a: BRUH|Swampert-Mega, M, shiny
|message|Swampert has Mega Evolved into Mega Swampert!
|move|p1a: BRUH|Earthquake|p2a: T-Pain
|-supereffective|p2a: T-Pain
|-damage|p2a: T-Pain|0 fnt
|faint|p2a: T-Pain
|
|-weather|RainDance|[upkeep]
|
|switch|p2a: Dem Chores|Rotom-Mow|271\/271
|turn|10
|join|DrReuniclus3
|
|switch|p1a: Dragalge|Dragalge, F, shiny|316\/334
|move|p2a: Dem Chores|Leaf Storm|p1a: Dragalge|[miss]
|-miss|p2a: Dem Chores|p1a: Dragalge
|
|-weather|RainDance|[upkeep]
|turn|11
|
|switch|p2a: Hombreon|Umbreon, M|393\/394
|move|p1a: Dragalge|Draco Meteor|p2a: Hombreon
|-damage|p2a: Hombreon|255\/394
|-unboost|p1a: Dragalge|spa|2
|
|-weather|none
|-heal|p2a: Hombreon|279\/394|[from] item: Leftovers
|turn|12
|
|switch|p1a: Umbreon|Umbreon, M, shiny|394\/394
|move|p2a: Hombreon|Foul Play|p1a: Umbreon
|-resisted|p1a: Umbreon
|-damage|p1a: Umbreon|372\/394
|
|-heal|p1a: Umbreon|394\/394|[from] item: Leftovers
|-heal|p2a: Hombreon|303\/394|[from] item: Leftovers
|turn|13
|
|switch|p2a: Rocksteady|Rhyperior, M|352\/433
|move|p1a: Umbreon|Wish|p1a: Umbreon
|
|-heal|p2a: Rocksteady|379\/433|[from] item: Leftovers
|turn|14
|
|move|p2a: Rocksteady|Rock Blast|p1a: Umbreon
|-damage|p1a: Umbreon|366\/394
|-damage|p1a: Umbreon|338\/394
|-hitcount|p1a: Umbreon|2
|move|p1a: Umbreon|Foul Play|p2a: Rocksteady
|-damage|p2a: Rocksteady|270\/433
|
|-heal|p1a: Umbreon|394\/394|[from] move: Wish|[wisher] Umbreon
|-heal|p2a: Rocksteady|297\/433|[from] item: Leftovers
|turn|15
|
|move|p2a: Rocksteady|Stealth Rock|p1a: Umbreon
|-sidestart|p1: N3v3rb4ckd0wn93|move: Stealth Rock
|move|p1a: Umbreon|Foul Play|p2a: Rocksteady
|-damage|p2a: Rocksteady|182\/433
|
|-heal|p2a: Rocksteady|209\/433|[from] item: Leftovers
|turn|16
|
|move|p2a: Rocksteady|Megahorn|p1a: Umbreon|[miss]
|-miss|p2a: Rocksteady|p1a: Umbreon
|move|p1a: Umbreon|Foul Play|p2a: Rocksteady
|-damage|p2a: Rocksteady|86\/433
|
|-heal|p2a: Rocksteady|113\/433|[from] item: Leftovers
|turn|17
|
|move|p1a: Umbreon|Protect|p1a: Umbreon
|-singleturn|p1a: Umbreon|Protect
|move|p2a: Rocksteady|Megahorn|p1a: Umbreon
|-activate|p1a: Umbreon|Protect
|
|-heal|p2a: Rocksteady|140\/433|[from] item: Leftovers
|turn|18
|c|★Bro Battington|sick dodge
|join|meowiekins
|c|★Bro Battington|Thanks for letting me get back outta KO range
|c| meowiekins|skorupi
|c| DrReuniclus3|^
|
|move|p2a: Rocksteady|Megahorn|p1a: Umbreon|[miss]
|-miss|p2a: Rocksteady|p1a: Umbreon
|move|p1a: Umbreon|Wish|p1a: Umbreon
|
|-heal|p2a: Rocksteady|167\/433|[from] item: Leftovers
|turn|19
|c| DrReuniclus3|oml
|c|★Bro Battington|bruh
|
|switch|p1a: Skorupi|Skorupi, M|117\/284
|-damage|p1a: Skorupi|46\/284|[from] Stealth Rock
|move|p2a: Rocksteady|Rock Blast|p1a: Skorupi
|-supereffective|p1a: Skorupi
|-damage|p1a: Skorupi|8\/284
|-supereffective|p1a: Skorupi
|-damage|p1a: Skorupi|0 fnt
|-hitcount|p1a: Skorupi|2
|faint|p1a: Skorupi
|
|-heal|p2a: Rocksteady|194\/433|[from] item: Leftovers
|c|★N3v3rb4ckd0wn93|aww
|c| meowiekins|r
|c| meowiekins|i
|c|★N3v3rb4ckd0wn93|predictions
|c| meowiekins|[
|c| DrReuniclus3|What did skorupi do?
|c| meowiekins|p
|
|switch|p1a: BRUH|Swampert-Mega, M, shiny|349\/404
|-damage|p1a: BRUH|324\/404|[from] Stealth Rock
|turn|20
|c| meowiekins|everything
|c| DrReuniclus3|o
|c| DrReuniclus3|k
|
|switch|p2a: Dem Chores|Rotom-Mow|271\/271
|move|p1a: BRUH|Rain Dance|p1a: BRUH
|-weather|RainDance
|
|-weather|RainDance|[upkeep]
|turn|21
|
|switch|p1a: Dragalge|Dragalge, F, shiny|316\/334
|-damage|p1a: Dragalge|275\/334|[from] Stealth Rock
|move|p2a: Dem Chores|Leaf Storm|p1a: Dragalge
|-resisted|p1a: Dragalge
|-damage|p1a: Dragalge|234\/334
|-unboost|p2a: Dem Chores|spa|2
|
|-weather|RainDance|[upkeep]
|turn|22
|
|switch|p2a: Hombreon|Umbreon, M|303\/394
|move|p1a: Dragalge|Scald|p2a: Hombreon
|-damage|p2a: Hombreon|233\/394
|
|-weather|RainDance|[upkeep]
|-heal|p2a: Hombreon|257\/394|[from] item: Leftovers
|turn|23
|
|switch|p1a: Mienshao|Mienshao, M, shiny|272\/272
|-damage|p1a: Mienshao|255\/272|[from] Stealth Rock
|move|p2a: Hombreon|Wish|p2a: Hombreon
|
|-weather|RainDance|[upkeep]
|-heal|p2a: Hombreon|281\/394|[from] item: Leftovers
|turn|24
|
|switch|p2a: 2 Bladez|Doublade, M|322\/322
|move|p1a: Mienshao|High Jump Kick|p2a: 2 Bladez
|-immune|p2a: 2 Bladez|[msg]
|-damage|p1a: Mienshao|119\/272|[from] highjumpkick
|
|-weather|none
|turn|25
|c|★N3v3rb4ckd0wn93|i knew it
|
|move|p2a: 2 Bladez|Shadow Sneak|p1a: Mienshao
|-damage|p1a: Mienshao|16\/272
|move|p1a: Mienshao|Taunt|p2a: 2 Bladez
|-start|p2a: 2 Bladez|move: Taunt
|
|turn|26
|
|move|p2a: 2 Bladez|Shadow Sneak|p1a: Mienshao
|-damage|p1a: Mienshao|0 fnt
|faint|p1a: Mienshao
|
|c| DrReuniclus3|taunt shao
|c|★Bro Battington|Hm
|
|switch|p1a: Umbreon|Umbreon, M, shiny|394\/394
|-damage|p1a: Umbreon|345\/394|[from] Stealth Rock
|turn|27
|c| DrReuniclus3|what is this
|c|★Bro Battington|Prinny Master was right
|c|★N3v3rb4ckd0wn93|it is a lead
|
|switch|p2a: Seto Kaiba|Gallade, M|277\/277
|move|p1a: Umbreon|Foul Play|p2a: Seto Kaiba
|-damage|p2a: Seto Kaiba|40\/277
|-boost|p2a: Seto Kaiba|atk|1|[from] ability: Justified
|
|-heal|p1a: Umbreon|369\/394|[from] item: Leftovers
|turn|28
|c|★Bro Battington|Sorry Kaiba
|c|★Bro Battington|But it's time to send them to the Shadow Realm
|
|detailschange|p2a: Seto Kaiba|Gallade-Mega, M
|message|Gallade has Mega Evolved into Mega Gallade!
|move|p2a: Seto Kaiba|Close Combat|p1a: Umbreon
|-supereffective|p1a: Umbreon
|-damage|p1a: Umbreon|0 fnt
|-unboost|p2a: Seto Kaiba|def|1
|-unboost|p2a: Seto Kaiba|spd|1
|faint|p1a: Umbreon
|
|
|switch|p1a: Chandelure|Chandelure, F|261\/261
|-damage|p1a: Chandelure|196\/261|[from] Stealth Rock
|turn|29
|c| DrReuniclus3|shadow
|c| DrReuniclus3|sneak
|c| DrReuniclus3|go
|
|switch|p2a: Hombreon|Umbreon, M|281\/394
|move|p1a: Chandelure|Overheat|p2a: Hombreon
|-damage|p2a: Hombreon|124\/394
|-unboost|p1a: Chandelure|spa|2
|
|-heal|p2a: Hombreon|148\/394|[from] item: Leftovers
|turn|30
|c|★Bro Battington|Not worth it
|c|★Bro Battington|only 18.8% chance to KO
|c|★Bro Battington|:[
|c| DrReuniclus3|:\/
|
|switch|p1a: BRUH|Swampert-Mega, M, shiny|324\/404
|-damage|p1a: BRUH|299\/404|[from] Stealth Rock
|move|p2a: Hombreon|Foul Play|p1a: BRUH
|-crit|p1a: BRUH
|-damage|p1a: BRUH|23\/404
|
|-heal|p2a: Hombreon|172\/394|[from] item: Leftovers
|turn|31
|c|★N3v3rb4ckd0wn93|wow
|-message|N3v3rb4ckd0wn93 forfeited.
|
|win|Bro Battington
|raw|Ladder updating...
|leave|N3v3rb4ckd0wn93
|player|p1
|raw|N3v3rb4ckd0wn93's rating: 1249 &rarr; <strong>1224<\/strong><br \/>(-25 for losing)
|raw|Bro Battington's rating: 1247 &rarr; <strong>1272<\/strong><br \/>(+25 for winning)
|c|★Bro Battington|You dodged like 2 Megahorns lol
|c|★Bro Battington|ok
|c| DrReuniclus3|welp
|leave|DrReuniclus3
|leave|Bro Battington
|player|p2
|leave|meowiekins