|join|Bro Battington
|join|GuiltyConscious
|player|p1|Bro Battington|#coolstorybrobat
|player|p2|GuiltyConscious|7
|gametype|singles
|gen|6
|tier|UU
|rule|Sleep Clause Mod: Limit one foe put to sleep
|rule|Species Clause: Limit one of each Pokémon
|rule|OHKO Clause: OHKO moves are banned
|rule|Moody Clause: Moody is banned
|rule|Evasion Moves Clause: Evasion moves are banned
|rule|Endless Battle Clause: Forcing endless battles is banned
|rule|HP Percentage Mod: HP is shown in percentages
|clearpoke
|poke|p1|Tornadus, M
|poke|p1|Rotom-Heat
|poke|p1|Toxicroak, M
|poke|p1|Florges, F
|poke|p1|Hippowdon, M
|poke|p1|Blastoise, M
|poke|p2|Houndoom, M
|poke|p2|Jirachi
|poke|p2|Durant, F
|poke|p2|Slowbro, F
|poke|p2|Alakazam, F
|poke|p2|Krookodile, F
|rule|Swagger Clause: Swagger is banned
|rule|Baton Pass Clause: Limit one Pokémon knowing Baton Pass
|teampreview
|
|start
|switch|p1a: The Gun Show|Blastoise, M|335\/335
|switch|p2a: Jirachi|Jirachi|341\/341
|turn|1
|
|detailschange|p1a: The Gun Show|Blastoise-Mega, M
|message|Blastoise has Mega Evolved into Mega Blastoise!
|move|p2a: Jirachi|Thunder Wave|p1a: The Gun Show
|-status|p1a: The Gun Show|par
|move|p1a: The Gun Show|Dark Pulse|p2a: Jirachi
|-supereffective|p2a: Jirachi
|-damage|p2a: Jirachi|0 fnt
|faint|p2a: Jirachi
|
|chat|GuiltyConscious|ow
|
|switch|p2a: Alakazam|Alakazam, F|252\/252
|turn|2
|
|move|p2a: Alakazam|Psyshock|p1a: The Gun Show
|-damage|p1a: The Gun Show|199\/335 par
|cant|p1a: The Gun Show|par
|
|turn|3
|
|move|p2a: Alakazam|Psyshock|p1a: The Gun Show
|-damage|p1a: The Gun Show|73\/335 par
|move|p1a: The Gun Show|Dark Pulse|p2a: Alakazam
|-supereffective|p2a: Alakazam
|-enditem|p2a: Alakazam|Focus Sash
|-damage|p2a: Alakazam|1\/252
|
|turn|4
|
|switch|p1a: Wanda|Florges, F|360\/360
|move|p2a: Alakazam|Psyshock|p1a: Wanda
|-damage|p1a: Wanda|222\/360
|
|-heal|p1a: Wanda|244\/360|[from] item: Leftovers
|turn|5
|
|move|p1a: Wanda|Protect|p1a: Wanda
|-singleturn|p1a: Wanda|Protect
|move|p2a: Alakazam|Psyshock|p1a: Wanda
|-activate|p1a: Wanda|Protect
|
|-heal|p1a: Wanda|266\/360|[from] item: Leftovers
|turn|6
|
|switch|p2a: Durant|Durant, F|258\/258
|move|p1a: Wanda|Moonblast|p2a: Durant
|-resisted|p2a: Durant
|-damage|p2a: Durant|157\/258
|
|-heal|p1a: Wanda|288\/360|[from] item: Leftovers
|turn|7
|
|switch|p1a: Oven Mitts|Rotom-Heat|241\/241
|move|p2a: Durant|Crunch|p1a: Oven Mitts
|-damage|p1a: Oven Mitts|122\/241
|
|turn|8
|
|switch|p2a: Houndoom|Houndoom, M|292\/292
|move|p1a: Oven Mitts|Volt Switch|p2a: Houndoom
|-damage|p2a: Houndoom|159\/292
|
|switch|p1a: Wanda|Florges, F|288\/360
|
|-heal|p1a: Wanda|310\/360|[from] item: Leftovers
|turn|9
|
|detailschange|p2a: Houndoom|Houndoom-Mega, M
|message|Houndoom has Mega Evolved into Mega Houndoom!
|move|p2a: Houndoom|Nasty Plot|p2a: Houndoom
|-boost|p2a: Houndoom|spa|2
|move|p1a: Wanda|Moonblast|p2a: Houndoom
|-damage|p2a: Houndoom|27\/292
|-unboost|p2a: Houndoom|spa|1
|
|-heal|p1a: Wanda|332\/360|[from] item: Leftovers
|turn|10
|
|move|p2a: Houndoom|Fire Blast|p1a: Wanda
|-damage|p1a: Wanda|143\/360
|move|p1a: Wanda|Moonblast|p2a: Houndoom
|-damage|p2a: Houndoom|0 fnt
|faint|p2a: Houndoom
|
|-heal|p1a: Wanda|165\/360|[from] item: Leftovers
|
|switch|p2a: Durant|Durant, F|157\/258
|turn|11
|
|move|p1a: Wanda|Protect|p1a: Wanda
|-singleturn|p1a: Wanda|Protect
|move|p2a: Durant|Hone Claws|p2a: Durant
|-boost|p2a: Durant|atk|1
|-boost|p2a: Durant|accuracy|1
|
|-heal|p1a: Wanda|187\/360|[from] item: Leftovers
|turn|12
|
|move|p2a: Durant|Iron Head|p1a: Wanda
|-supereffective|p1a: Wanda
|-damage|p1a: Wanda|0 fnt
|faint|p1a: Wanda
|
|
|switch|p1a: Oven Mitts|Rotom-Heat|122\/241
|turn|13
|chat|GuiltyConscious|scarf?
|chat|Bro Battington|if you bleve
|chat|GuiltyConscious|i bleve
|chat|GuiltyConscious|but have to sac
|chat|GuiltyConscious|:(
|
|move|p1a: Oven Mitts|Overheat|p2a: Durant
|-supereffective|p2a: Durant
|-damage|p2a: Durant|0 fnt
|-unboost|p1a: Oven Mitts|spa|2
|faint|p2a: Durant
|
|
|switch|p2a: Slowbro|Slowbro, F|394\/394
|turn|14
|
|switch|p1a: ToxiCRUNK|Toxicroak, M|307\/307
|move|p2a: Slowbro|Calm Mind|p2a: Slowbro
|-boost|p2a: Slowbro|spa|1
|-boost|p2a: Slowbro|spd|1
|
|turn|15
|
|move|p1a: ToxiCRUNK|Gunk Shot|p2a: Slowbro|[miss]
|-miss|p1a: ToxiCRUNK|p2a: Slowbro
|move|p2a: Slowbro|Psyshock|p1a: ToxiCRUNK
|-supereffective|p1a: ToxiCRUNK
|-damage|p1a: ToxiCRUNK|0 fnt
|faint|p1a: ToxiCRUNK
|
|chat|Bro Battington|lol
|chat|GuiltyConscious|lol
|
|switch|p1a: Oven Mitts|Rotom-Heat|122\/241
|turn|16
|
|move|p1a: Oven Mitts|Trick|p2a: Slowbro
|-activate|p1a: Oven Mitts|move: Trick|[of] p2a: Slowbro
|-item|p2a: Slowbro|Choice Scarf|[from] move: Trick
|-item|p1a: Oven Mitts|Leftovers|[from] move: Trick
|move|p2a: Slowbro|Slack Off|p2a: Slowbro
|-fail|p2a: Slowbro
|
|-heal|p1a: Oven Mitts|137\/241|[from] item: Leftovers
|turn|17
|chat|GuiltyConscious|omg
|chat|GuiltyConscious|omg
|chat|GuiltyConscious|omg
|chat|GuiltyConscious|could have killed
|chat|GuiltyConscious|worst predict
|chat|GuiltyConscious|of my life
|
|switch|p2a: Alakazam|Alakazam, F|1\/252
|move|p1a: Oven Mitts|Hidden Power|p2a: Alakazam
|-damage|p2a: Alakazam|0 fnt
|faint|p2a: Alakazam
|
|-heal|p1a: Oven Mitts|152\/241|[from] item: Leftovers
|
|switch|p2a: Krookodile|Krookodile, F|332\/332
|turn|18
|
|switch|p1a: Hippow Da Don|Hippowdon, M|420\/420
|move|p2a: Krookodile|Stone Edge|p1a: Hippow Da Don|[miss]
|-miss|p2a: Krookodile|p1a: Hippow Da Don
|
|turn|19
|chat|GuiltyConscious|i think if i didnt fuck up on that trick
|chat|GuiltyConscious|i had it
|chat|GuiltyConscious|gg
|chat|GuiltyConscious|mang
|
|switch|p2a: Slowbro|Slowbro, F|394\/394
|move|p1a: Hippow Da Don|Earthquake|p2a: Slowbro
|-damage|p2a: Slowbro|300\/394
|
|turn|20
|chat|Bro Battington|Yeah I think this was your game
|
|switch|p1a: Twista|Tornadus, M|325\/325
|move|p2a: Slowbro|Scald|p1a: Twista
|-damage|p1a: Twista|207\/325
|
|turn|21
|
|move|p1a: Twista|Bulk Up|p1a: Twista
|-boost|p1a: Twista|atk|1
|-boost|p1a: Twista|def|1
|move|p2a: Slowbro|Scald|p1a: Twista
|-damage|p1a: Twista|96\/325
|
|turn|22
|chat|GuiltyConscious|wtf burn pls
|
|move|p1a: Twista|Rest|p1a: Twista
|-status|p1a: Twista|slp
|-heal|p1a: Twista|325\/325 slp|[silent]
|-status|p1a: Twista|slp|[from] move: Rest
|-enditem|p1a: Twista|Chesto Berry|[eat]
|-curestatus|p1a: Twista|slp
|move|p2a: Slowbro|Scald|p1a: Twista
|-damage|p1a: Twista|204\/325
|
|turn|23
|chat|GuiltyConscious|wtf
|
|move|p1a: Twista|Bulk Up|p1a: Twista
|-boost|p1a: Twista|atk|1
|-boost|p1a: Twista|def|1
|move|p2a: Slowbro|Scald|p1a: Twista
|-damage|p1a: Twista|99\/325
|-status|p1a: Twista|brn
|
|-damage|p1a: Twista|59\/325 brn|[from] brn
|turn|24
|chat|Bro Battington|lol
|chat|GuiltyConscious|ok
|chat|GuiltyConscious|lol
|
|move|p1a: Twista|Rest|p1a: Twista
|-status|p1a: Twista|slp
|-heal|p1a: Twista|325\/325 slp|[silent]
|-status|p1a: Twista|slp|[from] move: Rest
|move|p2a: Slowbro|Scald|p1a: Twista
|-damage|p1a: Twista|219\/325 slp
|
|turn|25
|
|cant|p1a: Twista|slp
|move|p2a: Slowbro|Scald|p1a: Twista
|-damage|p1a: Twista|105\/325 slp
|
|turn|26
|
|cant|p1a: Twista|slp
|move|p2a: Slowbro|Scald|p1a: Twista
|-damage|p1a: Twista|0 fnt
|faint|p1a: Twista
|
|chat|Bro Battington|The 3HKO too vicious
|chat|Bro Battington|:[
|chat|GuiltyConscious|lol
|
|switch|p1a: The Gun Show|Blastoise-Mega, M|73\/335 par
|turn|27
|
|switch|p2a: Krookodile|Krookodile, F|332\/332
|move|p1a: The Gun Show|Dark Pulse|p2a: Krookodile
|-resisted|p2a: Krookodile
|-damage|p2a: Krookodile|225\/332
|
|turn|28
|
|switch|p1a: Hippow Da Don|Hippowdon, M|420\/420
|move|p2a: Krookodile|Knock Off|p1a: Hippow Da Don
|-damage|p1a: Hippow Da Don|326\/420
|-enditem|p1a: Hippow Da Don|Leftovers|[from] move: Knock Off|[of] p2a: Krookodile
|
|turn|29
|
|move|p2a: Krookodile|Knock Off|p1a: Hippow Da Don
|-damage|p1a: Hippow Da Don|262\/420
|move|p1a: Hippow Da Don|Earthquake|p2a: Krookodile
|-damage|p2a: Krookodile|56\/332
|
|turn|30
|chat|GuiltyConscious|ugh
|
|switch|p2a: Slowbro|Slowbro, F|394\/394
|move|p1a: Hippow Da Don|Slack Off|p1a: Hippow Da Don
|-heal|p1a: Hippow Da Don|420\/420
|
|turn|31
|
|move|p2a: Slowbro|Scald|p1a: Hippow Da Don
|-supereffective|p1a: Hippow Da Don
|-damage|p1a: Hippow Da Don|180\/420
|move|p1a: Hippow Da Don|Earthquake|p2a: Slowbro
|-damage|p2a: Slowbro|310\/394
|
|turn|32
|
|switch|p1a: The Gun Show|Blastoise-Mega, M|73\/335 par
|move|p2a: Slowbro|Scald|p1a: The Gun Show
|-resisted|p1a: The Gun Show
|-damage|p1a: The Gun Show|28\/335 par
|
|turn|33
|
|move|p2a: Slowbro|Scald|p1a: The Gun Show
|-resisted|p1a: The Gun Show
|-damage|p1a: The Gun Show|0 fnt
|faint|p1a: The Gun Show
|
|
|switch|p1a: Oven Mitts|Rotom-Heat|152\/241
|turn|34
|
|move|p1a: Oven Mitts|Volt Switch|p2a: Slowbro
|-supereffective|p2a: Slowbro
|-damage|p2a: Slowbro|46\/394
|
|switch|p1a: Hippow Da Don|Hippowdon, M|180\/420
|move|p2a: Slowbro|Scald|p1a: Hippow Da Don
|-supereffective|p1a: Hippow Da Don
|-damage|p1a: Hippow Da Don|0 fnt
|faint|p1a: Hippow Da Don
|
|chat|Bro Battington|I folded
|chat|Bro Battington|Should've sacked not Blastoise instead
|chat|GuiltyConscious|relying on stone edge
|
|switch|p1a: Oven Mitts|Rotom-Heat|152\/241
|turn|35
|chat|GuiltyConscious|isnt 
|chat|GuiltyConscious|a position
|chat|GuiltyConscious|i like being in
|
|move|p1a: Oven Mitts|Volt Switch|p2a: Slowbro
|-supereffective|p2a: Slowbro
|-damage|p2a: Slowbro|0 fnt
|faint|p2a: Slowbro
|
|-heal|p1a: Oven Mitts|167\/241|[from] item: Leftovers
|chat|GuiltyConscious|and i miss predicted
|chat|GuiltyConscious|left krook in 
|chat|GuiltyConscious|thought youd switch to rotom-h
|chat|GuiltyConscious|predicting bro
|chat|GuiltyConscious|and just now didnt think youd volt switch
|
|switch|p2a: Krookodile|Krookodile, F|56\/332
|turn|36
|chat|GuiltyConscious|cmon stone edge
|chat|Bro Battington|I felt like I had more to lose if you stayed in and I HP Iced
|
|move|p2a: Krookodile|Stone Edge|p1a: Oven Mitts
|-supereffective|p1a: Oven Mitts
|-damage|p1a: Oven Mitts|0 fnt
|faint|p1a: Oven Mitts
|-boost|p2a: Krookodile|atk|1|[from] ability: Moxie
|
|win|GuiltyConscious
|chat|Bro Battington|gg
|chat|GuiltyConscious|great game