|join|RS Swept
|join|Exiline
|player|p1|RS Swept|29
|player|p2|Exiline|131
|gametype|singles
|gen|6
|tier|OU
|rated
|clearpoke
|poke|p1|Gothitelle, F
|poke|p1|Skarmory, F
|poke|p1|Cresselia, F
|poke|p1|Quagsire, F
|poke|p1|Sableye, F
|poke|p1|Chansey, F
|poke|p2|Politoed, F
|poke|p2|Swampert, F
|poke|p2|Kingdra, F
|poke|p2|Klefki, M
|poke|p2|Thundurus, M
|poke|p2|Breloom, F
|rule|Swagger Clause: Swagger is banned
|rule|Baton Pass Clause: Limit one Pokémon knowing Baton Pass
|rule|Sleep Clause Mod: Limit one foe put to sleep
|rule|Species Clause: Limit one of each Pokémon
|rule|OHKO Clause: OHKO moves are banned
|rule|Moody Clause: Moody is banned
|rule|Evasion Moves Clause: Evasion moves are banned
|rule|Endless Battle Clause: Forcing endless battles is banned
|rule|HP Percentage Mod: HP is shown in percentages
|teampreview
|c|★Exiline|I have the same team man :\/
|c|★Exiline|gl
|c|★RS Swept|u2
|
|start
|switch|p1a: Sableye|Sableye, F|304\/304
|switch|p2a: Thundurus|Thundurus, M|299\/299
|turn|1
|join|Jirachinite
|
|move|p1a: Sableye|Will-O-Wisp|p2a: Thundurus|[miss]
|-miss|p1a: Sableye|p2a: Thundurus
|move|p2a: Thundurus|Knock Off|p1a: Sableye
|-damage|p1a: Sableye|225\/304
|-damage|p2a: Thundurus|270\/299|[from] item: Life Orb
|
|turn|2
|c|★Exiline|sorry
|
|switch|p2a: Klefki|Klefki, M|318\/318
|switch|p1a: Quagsire|Quagsire, F|394\/394
|
|turn|3
|
|switch|p2a: Politoed|Politoed, F|383\/383
|-weather|RainDance
|move|p1a: Quagsire|Scald|p2a: Politoed
|-resisted|p2a: Politoed
|-damage|p2a: Politoed|335\/383
|
|-weather|RainDance|[upkeep]
|turn|4
|
|switch|p2a: Breloom|Breloom, F|261\/261
|move|p1a: Quagsire|Scald|p2a: Breloom
|-resisted|p2a: Breloom
|-damage|p2a: Breloom|186\/261
|
|-weather|RainDance|[upkeep]
|-status|p2a: Breloom|tox|[from] item: Toxic Orb
|turn|5
|join|toneloni97
|join|Pokeplays777
|c|★Exiline|:\/
|
|switch|p2a: Thundurus|Thundurus, M|270\/299
|switch|p1a: Gothitelle|Gothitelle, F|301\/301
|
|-weather|RainDance|[upkeep]
|turn|6
|join|Starmaster
|leave|Starmaster
|
|switch|p1a: Quagsire|Quagsire, F|394\/394
|move|p2a: Thundurus|Knock Off|p1a: Quagsire
|-damage|p1a: Quagsire|297\/394
|-enditem|p1a: Quagsire|Leftovers|[from] move: Knock Off|[of] p2a: Thundurus
|-damage|p2a: Thundurus|241\/299|[from] item: Life Orb
|
|-weather|RainDance|[upkeep]
|turn|7
|
|switch|p2a: Breloom|Breloom, F|186\/261 tox
|move|p1a: Quagsire|Recover|p1a: Quagsire
|-heal|p1a: Quagsire|394\/394
|
|-weather|RainDance|[upkeep]
|-heal|p2a: Breloom|218\/261 tox|[from] ability: Poison Heal
|turn|8
|
|switch|p1a: Skarmory|Skarmory, F|333\/333
|move|p2a: Breloom|Swords Dance|p2a: Breloom
|-boost|p2a: Breloom|atk|2
|
|-weather|RainDance|[upkeep]
|-heal|p2a: Breloom|250\/261 tox|[from] ability: Poison Heal
|turn|9
|
|move|p2a: Breloom|Superpower|p1a: Skarmory
|-damage|p1a: Skarmory|71\/333
|-unboost|p2a: Breloom|atk|1
|-unboost|p2a: Breloom|def|1
|move|p1a: Skarmory|Brave Bird|p2a: Breloom
|-supereffective|p2a: Breloom
|-damage|p2a: Breloom|0 fnt
|-damage|p1a: Skarmory|0 fnt|[from] recoil|[of] p2a: Breloom
|faint|p2a: Breloom
|faint|p1a: Skarmory
|
|-weather|RainDance|[upkeep]
|
|switch|p2a: Kingdra|Kingdra, F|291\/291
|switch|p1a: Quagsire|Quagsire, F|394\/394
|turn|10
|
|switch|p1a: Chansey|Chansey, F|645\/645
|move|p2a: Kingdra|Waterfall|p1a: Chansey
|-damage|p1a: Chansey|399\/645
|-damage|p2a: Kingdra|262\/291|[from] item: Life Orb
|
|-weather|none
|turn|11
|
|move|p2a: Kingdra|Waterfall|p1a: Chansey
|-damage|p1a: Chansey|235\/645
|-damage|p2a: Kingdra|233\/291|[from] item: Life Orb
|move|p1a: Chansey|Soft-Boiled|p1a: Chansey
|-heal|p1a: Chansey|558\/645
|
|turn|12
|
|switch|p2a: Klefki|Klefki, M|318\/318
|move|p1a: Chansey|Stealth Rock|p2a: Klefki
|-sidestart|p2: Exiline|move: Stealth Rock
|
|turn|13
|
|switch|p1a: Gothitelle|Gothitelle, F|301\/301
|move|p2a: Klefki|Spikes|p1a: Gothitelle
|-sidestart|p1: RS Swept|Spikes
|
|turn|14
|
|move|p2a: Klefki|Thunder Wave|p1a: Gothitelle
|-status|p1a: Gothitelle|par
|move|p1a: Gothitelle|Trick|p2a: Klefki
|-activate|p1a: Gothitelle|move: Trick|[of] p2a: Klefki
|-item|p2a: Klefki|Choice Scarf|[from] move: Trick
|-item|p1a: Gothitelle|Damp Rock|[from] move: Trick
|
|turn|15
|
|move|p2a: Klefki|Dazzling Gleam|p1a: Gothitelle
|-damage|p1a: Gothitelle|216\/301 par
|move|p1a: Gothitelle|Calm Mind|p1a: Gothitelle
|-boost|p1a: Gothitelle|spa|1
|-boost|p1a: Gothitelle|spd|1
|
|turn|16
|
|move|p2a: Klefki|Dazzling Gleam|p1a: Gothitelle
|-damage|p1a: Gothitelle|161\/301 par
|move|p1a: Gothitelle|Rest|p1a: Gothitelle
|-status|p1a: Gothitelle|slp
|-heal|p1a: Gothitelle|301\/301 slp|[silent]
|-status|p1a: Gothitelle|slp|[from] move: Rest
|
|turn|17
|
|move|p2a: Klefki|Dazzling Gleam|p1a: Gothitelle
|-damage|p1a: Gothitelle|247\/301 slp
|cant|p1a: Gothitelle|slp
|
|turn|18
|
|move|p2a: Klefki|Dazzling Gleam|p1a: Gothitelle
|-damage|p1a: Gothitelle|192\/301 slp
|cant|p1a: Gothitelle|slp
|
|turn|19
|
|move|p2a: Klefki|Dazzling Gleam|p1a: Gothitelle
|-crit|p1a: Gothitelle
|-damage|p1a: Gothitelle|56\/301 slp
|-curestatus|p1a: Gothitelle|slp
|move|p1a: Gothitelle|Calm Mind|p1a: Gothitelle
|-boost|p1a: Gothitelle|spa|1
|-boost|p1a: Gothitelle|spd|1
|
|turn|20
|
|move|p2a: Klefki|Dazzling Gleam|p1a: Gothitelle
|-damage|p1a: Gothitelle|16\/301
|move|p1a: Gothitelle|Rest|p1a: Gothitelle
|-status|p1a: Gothitelle|slp
|-heal|p1a: Gothitelle|301\/301 slp|[silent]
|-status|p1a: Gothitelle|slp|[from] move: Rest
|
|turn|21
|c|★RS Swept|pls dont do it
|c|★RS Swept|ty
|
|move|p2a: Klefki|Dazzling Gleam|p1a: Gothitelle
|-damage|p1a: Gothitelle|256\/301 slp
|cant|p1a: Gothitelle|slp
|
|turn|22
|
|move|p2a: Klefki|Dazzling Gleam|p1a: Gothitelle
|-damage|p1a: Gothitelle|210\/301 slp
|cant|p1a: Gothitelle|slp
|
|turn|23
|
|move|p2a: Klefki|Dazzling Gleam|p1a: Gothitelle
|-damage|p1a: Gothitelle|167\/301 slp
|-curestatus|p1a: Gothitelle|slp
|move|p1a: Gothitelle|Calm Mind|p1a: Gothitelle
|-boost|p1a: Gothitelle|spa|1
|-boost|p1a: Gothitelle|spd|1
|
|turn|24
|c|★Exiline|2 crit plz
|
|move|p2a: Klefki|Dazzling Gleam|p1a: Gothitelle
|-damage|p1a: Gothitelle|131\/301
|move|p1a: Gothitelle|Rest|p1a: Gothitelle
|-status|p1a: Gothitelle|slp
|-heal|p1a: Gothitelle|301\/301 slp|[silent]
|-status|p1a: Gothitelle|slp|[from] move: Rest
|
|turn|25
|
|move|p2a: Klefki|Dazzling Gleam|p1a: Gothitelle
|-damage|p1a: Gothitelle|267\/301 slp
|cant|p1a: Gothitelle|slp
|
|turn|26
|
|move|p2a: Klefki|Dazzling Gleam|p1a: Gothitelle
|-crit|p1a: Gothitelle
|-damage|p1a: Gothitelle|147\/301 slp
|cant|p1a: Gothitelle|slp
|
|turn|27
|
|move|p2a: Klefki|Dazzling Gleam|p1a: Gothitelle
|-damage|p1a: Gothitelle|113\/301 slp
|-curestatus|p1a: Gothitelle|slp
|move|p1a: Gothitelle|Rest|p1a: Gothitelle
|-status|p1a: Gothitelle|slp
|-heal|p1a: Gothitelle|301\/301 slp|[silent]
|-status|p1a: Gothitelle|slp|[from] move: Rest
|
|turn|28
|
|move|p2a: Klefki|Dazzling Gleam|p1a: Gothitelle
|-damage|p1a: Gothitelle|268\/301 slp
|cant|p1a: Gothitelle|slp
|
|turn|29
|
|move|p2a: Klefki|Dazzling Gleam|p1a: Gothitelle
|-damage|p1a: Gothitelle|232\/301 slp
|cant|p1a: Gothitelle|slp
|
|turn|30
|
|move|p2a: Klefki|Dazzling Gleam|p1a: Gothitelle
|-damage|p1a: Gothitelle|196\/301 slp
|-curestatus|p1a: Gothitelle|slp
|move|p1a: Gothitelle|Calm Mind|p1a: Gothitelle
|-boost|p1a: Gothitelle|spa|1
|-boost|p1a: Gothitelle|spd|1
|
|turn|31
|
|move|p2a: Klefki|Struggle|p1a: Gothitelle
|-damage|p1a: Gothitelle|166\/301
|-damage|p2a: Klefki|239\/318
|move|p1a: Gothitelle|Calm Mind|p1a: Gothitelle
|-boost|p1a: Gothitelle|spa|1
|-boost|p1a: Gothitelle|spd|1
|
|turn|32
|c|★Exiline|powerful
|
|move|p2a: Klefki|Struggle|p1a: Gothitelle
|-damage|p1a: Gothitelle|135\/301
|-damage|p2a: Klefki|160\/318
|move|p1a: Gothitelle|Calm Mind|p1a: Gothitelle
|-boost|p1a: Gothitelle|spa|1
|-boost|p1a: Gothitelle|spd|1
|
|turn|33
|c|★Exiline|lagtest
|
|move|p2a: Klefki|Struggle|p1a: Gothitelle
|-damage|p1a: Gothitelle|104\/301
|-damage|p2a: Klefki|81\/318
|move|p1a: Gothitelle|Trick|p2a: Klefki
|-activate|p1a: Gothitelle|move: Trick|[of] p2a: Klefki
|-item|p2a: Klefki|Damp Rock|[from] move: Trick
|-item|p1a: Gothitelle|Choice Scarf|[from] move: Trick
|
|turn|34
|
|move|p2a: Klefki|Thunder Wave|p1a: Gothitelle
|-status|p1a: Gothitelle|par
|move|p1a: Gothitelle|Rest|p1a: Gothitelle
|-status|p1a: Gothitelle|slp
|-heal|p1a: Gothitelle|301\/301 slp|[silent]
|-status|p1a: Gothitelle|slp|[from] move: Rest
|
|turn|35
|c|★Exiline|omg
|c|★RS Swept|did i just have a stroke
|c|★RS Swept|i think i did
|c|★Exiline|locked on rest
|
|switch|p1a: Sableye|Sableye, F|225\/304
|-damage|p1a: Sableye|187\/304|[from] Spikes
|move|p2a: Klefki|Spikes|p1a: Sableye
|-sidestart|p1: RS Swept|Spikes
|
|turn|36
|
|switch|p2a: Politoed|Politoed, F|335\/383
|-damage|p2a: Politoed|288\/383|[from] Stealth Rock
|-weather|RainDance
|detailschange|p1a: Sableye|Sableye-Mega, F
|message|Sableye has Mega Evolved into Mega Sableye!
|move|p1a: Sableye|Recover|p1a: Sableye
|-heal|p1a: Sableye|304\/304
|
|-weather|RainDance|[upkeep]
|turn|37
|
|move|p2a: Politoed|Scald|p1a: Sableye
|-damage|p1a: Sableye|192\/304
|-status|p1a: Sableye|brn
|move|p1a: Sableye|Calm Mind|p1a: Sableye
|-boost|p1a: Sableye|spa|1
|-boost|p1a: Sableye|spd|1
|
|-weather|RainDance|[upkeep]
|-damage|p1a: Sableye|154\/304 brn|[from] brn
|turn|38
|
|switch|p2a: Kingdra|Kingdra, F|233\/291
|-damage|p2a: Kingdra|197\/291|[from] Stealth Rock
|move|p1a: Sableye|Recover|p1a: Sableye
|-heal|p1a: Sableye|304\/304 brn
|
|-weather|RainDance|[upkeep]
|-damage|p1a: Sableye|266\/304 brn|[from] brn
|turn|39
|
|move|p2a: Kingdra|Hydro Pump|p1a: Sableye
|-damage|p1a: Sableye|81\/304 brn
|-damage|p2a: Kingdra|168\/291|[from] item: Life Orb
|move|p1a: Sableye|Will-O-Wisp|p2a: Kingdra
|-status|p2a: Kingdra|brn
|
|-weather|RainDance|[upkeep]
|-damage|p2a: Kingdra|132\/291 brn|[from] brn
|-damage|p1a: Sableye|43\/304 brn|[from] brn
|turn|40
|join|Cienight
|
|move|p2a: Kingdra|Waterfall|p1a: Sableye
|-damage|p1a: Sableye|0 fnt
|-damage|p2a: Kingdra|103\/291 brn|[from] item: Life Orb
|faint|p1a: Sableye
|
|-weather|RainDance|[upkeep]
|-damage|p2a: Kingdra|67\/291 brn|[from] brn
|
|switch|p1a: Chansey|Chansey, F|558\/645
|-damage|p1a: Chansey|451\/645|[from] Spikes
|turn|41
|
|move|p2a: Kingdra|Hydro Pump|p1a: Chansey|[miss]
|-miss|p2a: Kingdra|p1a: Chansey
|move|p1a: Chansey|Soft-Boiled|p1a: Chansey
|-heal|p1a: Chansey|645\/645
|
|-weather|RainDance|[upkeep]
|-damage|p2a: Kingdra|31\/291 brn|[from] brn
|turn|42
|
|move|p2a: Kingdra|Hydro Pump|p1a: Chansey
|-damage|p1a: Chansey|480\/645
|-damage|p2a: Kingdra|2\/291 brn|[from] item: Life Orb
|move|p1a: Chansey|Aromatherapy|p1a: Chansey
|-cureteam|p1a: Chansey|[from] move: Aromatherapy
|
|-weather|RainDance|[upkeep]
|-damage|p2a: Kingdra|0 fnt|[from] brn
|faint|p2a: Kingdra
|
|switch|p2a: Swampert|Swampert, F|341\/341
|-damage|p2a: Swampert|320\/341|[from] Stealth Rock
|turn|43
|
|switch|p1a: Cresselia|Cresselia, F|444\/444
|detailschange|p2a: Swampert|Swampert-Mega, F
|message|Swampert has Mega Evolved into Mega Swampert!
|move|p2a: Swampert|Waterfall|p1a: Cresselia
|-damage|p1a: Cresselia|275\/444
|
|-weather|none
|-heal|p1a: Cresselia|302\/444|[from] item: Leftovers
|turn|44
|
|move|p2a: Swampert|Waterfall|p1a: Cresselia
|-damage|p1a: Cresselia|190\/444
|move|p1a: Cresselia|Psyshock|p2a: Swampert
|-damage|p2a: Swampert|254\/341
|
|-heal|p1a: Cresselia|217\/444|[from] item: Leftovers
|turn|45
|c|★Exiline|flich FTW
|
|move|p2a: Swampert|Waterfall|p1a: Cresselia
|-damage|p1a: Cresselia|93\/444
|move|p1a: Cresselia|Moonlight|p1a: Cresselia
|-heal|p1a: Cresselia|315\/444
|
|-heal|p1a: Cresselia|342\/444|[from] item: Leftovers
|turn|46
|
|move|p2a: Swampert|Stealth Rock|p1a: Cresselia
|-sidestart|p1: RS Swept|move: Stealth Rock
|move|p1a: Cresselia|Psyshock|p2a: Swampert
|-damage|p2a: Swampert|181\/341
|
|-heal|p1a: Cresselia|369\/444|[from] item: Leftovers
|turn|47
|
|switch|p2a: Klefki|Klefki, M|81\/318
|-damage|p2a: Klefki|62\/318|[from] Stealth Rock
|move|p1a: Cresselia|Psyshock|p2a: Klefki
|-crit|p2a: Klefki
|-resisted|p2a: Klefki
|-damage|p2a: Klefki|17\/318
|
|-heal|p1a: Cresselia|396\/444|[from] item: Leftovers
|turn|48
|
|switch|p1a: Gothitelle|Gothitelle, F|301\/301
|-damage|p1a: Gothitelle|251\/301|[from] Spikes
|-damage|p1a: Gothitelle|214\/301|[from] Stealth Rock
|move|p2a: Klefki|Thunder Wave|p1a: Gothitelle
|-status|p1a: Gothitelle|par
|
|turn|49
|
|move|p2a: Klefki|Spikes|p1a: Gothitelle
|-sidestart|p1: RS Swept|Spikes
|move|p1a: Gothitelle|Trick|p2a: Klefki
|-activate|p1a: Gothitelle|move: Trick|[of] p2a: Klefki
|-item|p2a: Klefki|Choice Scarf|[from] move: Trick
|-item|p1a: Gothitelle|Damp Rock|[from] move: Trick
|
|turn|50
|
|move|p2a: Klefki|Rain Dance|p2a: Klefki
|-weather|RainDance
|move|p1a: Gothitelle|Rest|p1a: Gothitelle
|-status|p1a: Gothitelle|slp
|-heal|p1a: Gothitelle|301\/301 slp|[silent]
|-status|p1a: Gothitelle|slp|[from] move: Rest
|
|-weather|RainDance|[upkeep]
|turn|51
|
|move|p2a: Klefki|Rain Dance|p2a: Klefki
|-fail|p2a: Klefki
|cant|p1a: Gothitelle|slp
|
|-weather|RainDance|[upkeep]
|turn|52
|
|move|p2a: Klefki|Rain Dance|p2a: Klefki
|-fail|p2a: Klefki
|cant|p1a: Gothitelle|slp
|
|-weather|RainDance|[upkeep]
|turn|53
|
|move|p2a: Klefki|Rain Dance|p2a: Klefki
|-fail|p2a: Klefki
|-curestatus|p1a: Gothitelle|slp
|move|p1a: Gothitelle|Calm Mind|p1a: Gothitelle
|-boost|p1a: Gothitelle|spa|1
|-boost|p1a: Gothitelle|spd|1
|
|-weather|RainDance|[upkeep]
|turn|54
|
|move|p2a: Klefki|Rain Dance|p2a: Klefki
|-fail|p2a: Klefki
|move|p1a: Gothitelle|Trick|p2a: Klefki
|-activate|p1a: Gothitelle|move: Trick|[of] p2a: Klefki
|-item|p2a: Klefki|Damp Rock|[from] move: Trick
|-item|p1a: Gothitelle|Choice Scarf|[from] move: Trick
|
|-weather|none
|turn|55
|
|move|p2a: Klefki|Thunder Wave|p1a: Gothitelle
|-status|p1a: Gothitelle|par
|cant|p1a: Gothitelle|par
|
|turn|56
|join|The DragonKnight
|
|move|p2a: Klefki|Rain Dance|p2a: Klefki
|-weather|RainDance
|cant|p1a: Gothitelle|par
|
|-weather|RainDance|[upkeep]
|turn|57
|
|move|p2a: Klefki|Thunder Wave|p1a: Gothitelle
|-fail|p1a: Gothitelle|par
|cant|p1a: Gothitelle|par
|
|-weather|RainDance|[upkeep]
|turn|58
|leave|The DragonKnight
|
|move|p2a: Klefki|Rain Dance|p2a: Klefki
|-fail|p2a: Klefki
|move|p1a: Gothitelle|Trick|p2a: Klefki
|-activate|p1a: Gothitelle|move: Trick|[of] p2a: Klefki
|-item|p2a: Klefki|Choice Scarf|[from] move: Trick
|-item|p1a: Gothitelle|Damp Rock|[from] move: Trick
|
|-weather|RainDance|[upkeep]
|turn|59
|
|move|p2a: Klefki|Rain Dance|p2a: Klefki
|-fail|p2a: Klefki
|move|p1a: Gothitelle|Calm Mind|p1a: Gothitelle
|-boost|p1a: Gothitelle|spa|1
|-boost|p1a: Gothitelle|spd|1
|
|-weather|RainDance|[upkeep]
|turn|60
|leave|toneloni97
|
|move|p2a: Klefki|Struggle|p1a: Gothitelle
|-damage|p1a: Gothitelle|270\/301 par
|-damage|p2a: Klefki|0 fnt
|faint|p2a: Klefki
|cant|p1a: Gothitelle|par
|
|-weather|RainDance|[upkeep]
|
|switch|p2a: Thundurus|Thundurus, M|241\/299
|-damage|p2a: Thundurus|167\/299|[from] Stealth Rock
|turn|61
|
|switch|p1a: Quagsire|Quagsire, F|394\/394
|-damage|p1a: Quagsire|370\/394|[from] Stealth Rock
|-damage|p1a: Quagsire|272\/394|[from] Spikes
|move|p2a: Thundurus|Knock Off|p1a: Quagsire
|-damage|p1a: Quagsire|207\/394
|-damage|p2a: Thundurus|138\/299|[from] item: Life Orb
|
|-weather|RainDance|[upkeep]
|turn|62
|
|move|p2a: Thundurus|Hidden Power|p1a: Quagsire
|-damage|p1a: Quagsire|65\/394
|-damage|p2a: Thundurus|109\/299|[from] item: Life Orb
|move|p1a: Quagsire|Recover|p1a: Quagsire
|-heal|p1a: Quagsire|262\/394
|
|-weather|RainDance|[upkeep]
|turn|63
|
|switch|p2a: Politoed|Politoed, F|288\/383
|-damage|p2a: Politoed|241\/383|[from] Stealth Rock
|move|p1a: Quagsire|Recover|p1a: Quagsire
|-heal|p1a: Quagsire|394\/394
|
|-weather|none
|turn|64
|
|switch|p1a: Gothitelle|Gothitelle, F|270\/301 par
|-damage|p1a: Gothitelle|233\/301 par|[from] Stealth Rock
|-damage|p1a: Gothitelle|158\/301 par|[from] Spikes
|move|p2a: Politoed|Encore|p1a: Gothitelle
|-fail|p1a: Gothitelle
|
|turn|65
|
|move|p2a: Politoed|Scald|p1a: Gothitelle
|-damage|p1a: Gothitelle|83\/301 par
|cant|p1a: Gothitelle|par
|
|turn|66
|c|★RS Swept|pls
|
|move|p2a: Politoed|Scald|p1a: Gothitelle
|-damage|p1a: Gothitelle|0 fnt
|faint|p1a: Gothitelle
|
|c|★RS Swept|no
|c|★RS Swept|weow
|c|★Exiline|:(
|c|★Exiline|the power of haxx
|
|switch|p1a: Chansey|Chansey, F|480\/645
|-damage|p1a: Chansey|400\/645|[from] Stealth Rock
|-damage|p1a: Chansey|239\/645|[from] Spikes
|turn|67
|
|move|p2a: Politoed|Toxic|p1a: Chansey
|-status|p1a: Chansey|tox
|move|p1a: Chansey|Soft-Boiled|p1a: Chansey
|-heal|p1a: Chansey|562\/645 tox
|
|-damage|p1a: Chansey|522\/645 tox|[from] psn
|turn|68
|
|move|p2a: Politoed|Encore|p1a: Chansey
|-start|p1a: Chansey|Encore
|move|p1a: Chansey|Soft-Boiled|p1a: Chansey
|-heal|p1a: Chansey|645\/645 tox
|
|-damage|p1a: Chansey|565\/645 tox|[from] psn
|turn|69
|
|switch|p1a: Cresselia|Cresselia, F|396\/444
|-damage|p1a: Cresselia|341\/444|[from] Stealth Rock
|move|p2a: Politoed|Toxic|p1a: Cresselia
|-status|p1a: Cresselia|tox
|
|-heal|p1a: Cresselia|368\/444 tox|[from] item: Leftovers
|-damage|p1a: Cresselia|341\/444 tox|[from] psn
|turn|70
|
|move|p1a: Cresselia|Psyshock|p2a: Politoed
|-damage|p2a: Politoed|171\/383
|move|p2a: Politoed|Scald|p1a: Cresselia
|-damage|p1a: Cresselia|277\/444 tox
|
|-heal|p1a: Cresselia|304\/444 tox|[from] item: Leftovers
|-damage|p1a: Cresselia|250\/444 tox|[from] psn
|turn|71
|
|move|p1a: Cresselia|Psyshock|p2a: Politoed
|-damage|p2a: Politoed|108\/383
|move|p2a: Politoed|Scald|p1a: Cresselia
|-damage|p1a: Cresselia|192\/444 tox
|
|-heal|p1a: Cresselia|219\/444 tox|[from] item: Leftovers
|-damage|p1a: Cresselia|138\/444 tox|[from] psn
|turn|72
|join|Starmaster
|
|move|p1a: Cresselia|Psyshock|p2a: Politoed
|-crit|p2a: Politoed
|-damage|p2a: Politoed|11\/383
|move|p2a: Politoed|Encore|p1a: Cresselia
|-start|p1a: Cresselia|Encore
|
|-heal|p1a: Cresselia|165\/444 tox|[from] item: Leftovers
|-damage|p1a: Cresselia|57\/444 tox|[from] psn
|turn|73
|
|move|p1a: Cresselia|Psyshock|p2a: Politoed
|-damage|p2a: Politoed|0 fnt
|faint|p2a: Politoed
|
|-heal|p1a: Cresselia|84\/444 tox|[from] item: Leftovers
|-damage|p1a: Cresselia|0 fnt|[from] psn
|faint|p1a: Cresselia
|
|switch|p2a: Swampert|Swampert-Mega, F|181\/341
|switch|p1a: Quagsire|Quagsire, F|394\/394
|-damage|p2a: Swampert|160\/341|[from] Stealth Rock
|-damage|p1a: Quagsire|296\/394|[from] Spikes
|-damage|p1a: Quagsire|272\/394|[from] Stealth Rock
|turn|74
|
|move|p2a: Swampert|Waterfall|p1a: Quagsire
|-damage|p1a: Quagsire|137\/394
|move|p1a: Quagsire|Recover|p1a: Quagsire
|-heal|p1a: Quagsire|334\/394
|
|turn|75
|
|move|p2a: Swampert|Earthquake|p1a: Quagsire
|-damage|p1a: Quagsire|157\/394
|move|p1a: Quagsire|Recover|p1a: Quagsire
|-heal|p1a: Quagsire|354\/394
|
|turn|76
|
|move|p2a: Swampert|Waterfall|p1a: Quagsire
|-damage|p1a: Quagsire|221\/394
|move|p1a: Quagsire|Recover|p1a: Quagsire
|-heal|p1a: Quagsire|394\/394
|
|turn|77
|
|move|p2a: Swampert|Waterfall|p1a: Quagsire
|-damage|p1a: Quagsire|252\/394
|cant|p1a: Quagsire|flinch
|
|turn|78
|join|Thundurusnite
|c|★Exiline|again ?
|
|move|p2a: Swampert|Waterfall|p1a: Quagsire
|-damage|p1a: Quagsire|116\/394
|cant|p1a: Quagsire|flinch
|
|turn|79
|leave|Starmaster
|c|★RS Swept|wow
|c|★Exiline|sorry
|c|★Exiline|< haxxmaster
|c|★Exiline|why I use Bulky Offense and  no stall
|
|move|p2a: Swampert|Earthquake|p1a: Quagsire
|-damage|p1a: Quagsire|0 fnt
|faint|p1a: Quagsire
|
|
|switch|p1a: Chansey|Chansey, F|565\/645
|-damage|p1a: Chansey|404\/645|[from] Spikes
|-damage|p1a: Chansey|324\/645|[from] Stealth Rock
|turn|80
|
|move|p2a: Swampert|Earthquake|p1a: Chansey
|-damage|p1a: Chansey|17\/645
|move|p1a: Chansey|Soft-Boiled|p1a: Chansey
|-heal|p1a: Chansey|340\/645
|
|turn|81
|
|move|p2a: Swampert|Earthquake|p1a: Chansey
|-damage|p1a: Chansey|73\/645
|move|p1a: Chansey|Soft-Boiled|p1a: Chansey
|-heal|p1a: Chansey|396\/645
|
|turn|82
|c|★RS Swept|couldnt even get a toxic off
|
|switch|p2a: Thundurus|Thundurus, M|109\/299
|-damage|p2a: Thundurus|35\/299|[from] Stealth Rock
|move|p1a: Chansey|Soft-Boiled|p1a: Chansey
|-heal|p1a: Chansey|645\/645
|
|turn|83
|
|move|p2a: Thundurus|Knock Off|p1a: Chansey
|-damage|p1a: Chansey|498\/645
|-enditem|p1a: Chansey|Eviolite|[from] move: Knock Off|[of] p2a: Thundurus
|-damage|p2a: Thundurus|6\/299|[from] item: Life Orb
|move|p1a: Chansey|Seismic Toss|p2a: Thundurus
|-damage|p2a: Thundurus|0 fnt
|faint|p2a: Thundurus
|
|
|switch|p2a: Swampert|Swampert-Mega, F|160\/341
|-damage|p2a: Swampert|139\/341|[from] Stealth Rock
|turn|84
|
|move|p2a: Swampert|Earthquake|p1a: Chansey
|-damage|p1a: Chansey|56\/645
|move|p1a: Chansey|Seismic Toss|p2a: Swampert
|-damage|p2a: Swampert|39\/341
|
|turn|85
|c|★Exiline|gg
|c|★RS Swept|not particularly
|c|★Exiline|and sorry for the haxx
|-message|RS Swept forfeited.
|
|win|Exiline
|raw|Ladder updating...
|leave|RS Swept
|player|p1
|join|mistaken
|leave|Thundurusnite
|raw|RS Swept's rating: 1893 &rarr; <strong>1863<\/strong><br \/>(-30 for losing)
|raw|Exiline's rating: 1705 &rarr; <strong>1735<\/strong><br \/>(+30 for winning)
|leave|Pokeplays777