|join|RS Swept
|join|Wond3rbread
|player|p1|RS Swept|29
|player|p2|Wond3rbread|165
|gametype|singles
|gen|6
|tier|OU
|rated
|clearpoke
|poke|p1|Gothitelle, M
|poke|p1|Skarmory, M
|poke|p1|Cresselia, F
|poke|p1|Quagsire, F
|poke|p1|Sableye, F
|poke|p1|Chansey, F
|poke|p2|Metagross, shiny
|poke|p2|Clefable, M
|poke|p2|Thundurus, M
|poke|p2|Conkeldurr, F
|poke|p2|Rotom-Wash
|poke|p2|Latias, F
|rule|Swagger Clause: Swagger is banned
|rule|Baton Pass Clause: Limit one Pokémon knowing Baton Pass
|rule|Sleep Clause Mod: Limit one foe put to sleep
|rule|Species Clause: Limit one of each Pokémon
|rule|OHKO Clause: OHKO moves are banned
|rule|Moody Clause: Moody is banned
|rule|Evasion Moves Clause: Evasion moves are banned
|rule|Endless Battle Clause: Forcing endless battles is banned
|rule|HP Percentage Mod: HP is shown in percentages
|teampreview
|
|start
|switch|p1a: Sableye|Sableye, F|303\/303
|switch|p2a: Steven-Stone|Metagross, shiny|301\/301
|turn|1
|
|switch|p2a: Conkeldurr|Conkeldurr, F|414\/414
|detailschange|p1a: Sableye|Sableye-Mega, F
|message|Sableye has Mega Evolved into Mega Sableye!
|move|p1a: Sableye|Snarl|p2a: Conkeldurr
|-resisted|p2a: Conkeldurr
|-damage|p2a: Conkeldurr|387\/414
|-unboost|p2a: Conkeldurr|spa|1
|
|turn|2
|
|move|p2a: Conkeldurr|Ice Punch|p1a: Sableye
|-damage|p1a: Sableye|225\/303
|move|p1a: Sableye|Calm Mind|p1a: Sableye
|-boost|p1a: Sableye|spa|1
|-boost|p1a: Sableye|spd|1
|
|turn|3
|
|switch|p2a: Clefable|Clefable, M|394\/394
|move|p1a: Sableye|Recover|p1a: Sableye
|-heal|p1a: Sableye|303\/303
|
|turn|4
|
|switch|p1a: Gothitelle|Gothitelle, M|301\/301
|move|p2a: Clefable|Moonblast|p1a: Gothitelle
|-damage|p1a: Gothitelle|199\/301
|
|turn|5
|
|move|p1a: Gothitelle|Trick|p2a: Clefable
|-activate|p1a: Gothitelle|move: Trick|[of] p2a: Clefable
|-item|p2a: Clefable|Choice Scarf|[from] move: Trick
|-item|p1a: Gothitelle|Leftovers|[from] move: Trick
|move|p2a: Clefable|Moonblast|p1a: Gothitelle
|-damage|p1a: Gothitelle|91\/301
|
|-heal|p1a: Gothitelle|109\/301|[from] item: Leftovers
|turn|6
|
|move|p1a: Gothitelle|Rest|p1a: Gothitelle
|-status|p1a: Gothitelle|slp
|-heal|p1a: Gothitelle|301\/301 slp|[silent]
|-status|p1a: Gothitelle|slp|[from] move: Rest
|move|p2a: Clefable|Moonblast|p1a: Gothitelle
|-damage|p1a: Gothitelle|196\/301 slp
|-unboost|p1a: Gothitelle|spa|1
|
|-heal|p1a: Gothitelle|214\/301 slp|[from] item: Leftovers
|turn|7
|c|★Wond3rbread|oh ur that #1 uy
|c|★Wond3rbread|*guy
|
|switch|p1a: Chansey|Chansey, F|645\/645
|move|p2a: Clefable|Moonblast|p1a: Chansey
|-crit|p1a: Chansey
|-damage|p1a: Chansey|555\/645
|
|turn|8
|c|★Wond3rbread|wait what
|
|switch|p2a: Steven-Stone|Metagross, shiny|301\/301
|move|p1a: Chansey|Aromatherapy|p1a: Chansey
|-cureteam|p1a: Chansey|[from] move: Aromatherapy
|
|turn|9
|
|switch|p1a: Skarmory|Skarmory, M|333\/333
|detailschange|p2a: Steven-Stone|Metagross-Mega, shiny
|message|Metagross has Mega Evolved into Mega Metagross!
|move|p2a: Steven-Stone|Meteor Mash|p1a: Skarmory
|-resisted|p1a: Skarmory
|-damage|p1a: Skarmory|270\/333
|
|turn|10
|
|switch|p2a: Thundurus|Thundurus, M|299\/299
|move|p1a: Skarmory|Spikes|p2a: Thundurus
|-sidestart|p2: Wond3rbread|Spikes
|
|turn|11
|
|switch|p1a: Cresselia|Cresselia, F|444\/444
|move|p2a: Thundurus|Nasty Plot|p2a: Thundurus
|-boost|p2a: Thundurus|spa|2
|
|turn|12
|
|switch|p1a: Quagsire|Quagsire, F|394\/394
|move|p2a: Thundurus|Thunderbolt|p1a: Quagsire
|-immune|p1a: Quagsire|[msg]
|
|turn|13
|
|move|p2a: Thundurus|Focus Blast|p1a: Quagsire
|-crit|p1a: Quagsire
|-damage|p1a: Quagsire|13\/394
|-damage|p2a: Thundurus|270\/299|[from] item: Life Orb
|move|p1a: Quagsire|Toxic|p2a: Thundurus
|-status|p2a: Thundurus|tox
|
|-heal|p1a: Quagsire|37\/394|[from] item: Leftovers
|-damage|p2a: Thundurus|252\/299 tox|[from] psn
|turn|14
|
|switch|p1a: Cresselia|Cresselia, F|444\/444
|move|p2a: Thundurus|Hidden Power|p1a: Cresselia
|-damage|p1a: Cresselia|313\/444
|-damage|p2a: Thundurus|223\/299 tox|[from] item: Life Orb
|
|-heal|p1a: Cresselia|340\/444|[from] item: Leftovers
|-damage|p2a: Thundurus|187\/299 tox|[from] psn
|turn|15
|
|switch|p1a: Quagsire|Quagsire, F|37\/394
|move|p2a: Thundurus|Thunderbolt|p1a: Quagsire
|-immune|p1a: Quagsire|[msg]
|
|-heal|p1a: Quagsire|61\/394|[from] item: Leftovers
|-damage|p2a: Thundurus|133\/299 tox|[from] psn
|turn|16
|
|move|p2a: Thundurus|Hidden Power|p1a: Quagsire
|-damage|p1a: Quagsire|0 fnt
|-damage|p2a: Thundurus|104\/299 tox|[from] item: Life Orb
|faint|p1a: Quagsire
|
|-damage|p2a: Thundurus|32\/299 tox|[from] psn
|
|switch|p1a: Chansey|Chansey, F|555\/645
|turn|17
|
|move|p2a: Thundurus|Focus Blast|p1a: Chansey
|-supereffective|p1a: Chansey
|-damage|p1a: Chansey|209\/645
|-damage|p2a: Thundurus|3\/299 tox|[from] item: Life Orb
|move|p1a: Chansey|Soft-Boiled|p1a: Chansey
|-heal|p1a: Chansey|532\/645
|
|-damage|p2a: Thundurus|0 fnt|[from] psn
|faint|p2a: Thundurus
|
|switch|p2a: Steven-Stone|Metagross-Mega, shiny|301\/301
|-damage|p2a: Steven-Stone|264\/301|[from] Spikes
|turn|18
|
|switch|p2a: Rotom-Wash|Rotom-Wash|303\/303
|switch|p1a: Cresselia|Cresselia, F|340\/444
|
|-heal|p1a: Cresselia|367\/444|[from] item: Leftovers
|turn|19
|
|switch|p1a: Chansey|Chansey, F|532\/645
|move|p2a: Rotom-Wash|Volt Switch|p1a: Chansey
|-damage|p1a: Chansey|486\/645
|
|switch|p2a: Steven-Stone|Metagross-Mega, shiny|264\/301
|-damage|p2a: Steven-Stone|227\/301|[from] Spikes
|
|turn|20
|
|switch|p1a: Skarmory|Skarmory, M|270\/333
|move|p2a: Steven-Stone|Meteor Mash|p1a: Skarmory
|-resisted|p1a: Skarmory
|-damage|p1a: Skarmory|200\/333
|-boost|p2a: Steven-Stone|atk|1
|
|turn|21
|
|move|p2a: Steven-Stone|Zen Headbutt|p1a: Skarmory
|-crit|p1a: Skarmory
|-resisted|p1a: Skarmory
|-damage|p1a: Skarmory|60\/333
|move|p1a: Skarmory|Roost|p1a: Skarmory
|-heal|p1a: Skarmory|227\/333
|
|turn|22
|
|move|p2a: Steven-Stone|Zen Headbutt|p1a: Skarmory
|-resisted|p1a: Skarmory
|-damage|p1a: Skarmory|145\/333
|cant|p1a: Skarmory|flinch
|
|turn|23
|
|move|p2a: Steven-Stone|Meteor Mash|p1a: Skarmory
|-resisted|p1a: Skarmory
|-damage|p1a: Skarmory|47\/333
|-boost|p2a: Steven-Stone|atk|1
|move|p1a: Skarmory|Roost|p1a: Skarmory
|-heal|p1a: Skarmory|214\/333
|
|turn|24
|
|switch|p1a: Gothitelle|Gothitelle, M|214\/301
|move|p2a: Steven-Stone|Zen Headbutt|p1a: Gothitelle
|-resisted|p1a: Gothitelle
|-damage|p1a: Gothitelle|2\/301
|
|-heal|p1a: Gothitelle|20\/301|[from] item: Leftovers
|turn|25
|
|move|p2a: Steven-Stone|Meteor Mash|p1a: Gothitelle
|-damage|p1a: Gothitelle|0 fnt
|faint|p1a: Gothitelle
|
|join|Albyness
|c| Albyness|dat bullshit
|c| Albyness|right there
|c|★Wond3rbread|?
|c|★RS Swept|calc
|c|★Wond3rbread|kk
|
|switch|p1a: Sableye|Sableye-Mega, F|303\/303
|turn|26
|
|move|p2a: Steven-Stone|Meteor Mash|p1a: Sableye
|-damage|p1a: Sableye|0 fnt
|faint|p1a: Sableye
|
|c| Albyness|a crit a flinch and a stat boost consecutive
|c|★RS Swept|what
|c|★RS Swept|the
|c|★Wond3rbread|oml..
|c|★Wond3rbread|I didn't even think
|c|★Wond3rbread|that killed
|c|★RS Swept|shitttttttt
|c|★Wond3rbread|I just wanted to weaken it
|c|★RS Swept|didnt add tough claws
|
|switch|p1a: Cresselia|Cresselia, F|367\/444
|turn|27
|c|★Wond3rbread|xD
|
|move|p2a: Steven-Stone|Meteor Mash|p1a: Cresselia
|-damage|p1a: Cresselia|70\/444
|move|p1a: Cresselia|Thunder Wave|p2a: Steven-Stone
|-status|p2a: Steven-Stone|par
|
|-heal|p1a: Cresselia|97\/444|[from] item: Leftovers
|turn|28
|c|★RS Swept|fuck it was still a roll too
|c|★Wond3rbread|ouch.
|c|★Wond3rbread|that sucks for you
|c|★Wond3rbread|:\/
|
|switch|p1a: Skarmory|Skarmory, M|214\/333
|move|p2a: Steven-Stone|Meteor Mash|p1a: Skarmory
|-resisted|p1a: Skarmory
|-damage|p1a: Skarmory|73\/333
|
|turn|29
|
|move|p1a: Skarmory|Roost|p1a: Skarmory
|-heal|p1a: Skarmory|240\/333
|move|p2a: Steven-Stone|Earthquake|p1a: Skarmory
|-supereffective|p1a: Skarmory
|-damage|p1a: Skarmory|0 fnt
|faint|p1a: Skarmory
|
|
|switch|p1a: Chansey|Chansey, F|486\/645
|turn|30
|
|move|p1a: Chansey|Seismic Toss|p2a: Steven-Stone
|-damage|p2a: Steven-Stone|127\/301 par
|move|p2a: Steven-Stone|Meteor Mash|p1a: Chansey
|-crit|p1a: Chansey
|-damage|p1a: Chansey|0 fnt
|faint|p1a: Chansey
|
|
|switch|p1a: Cresselia|Cresselia, F|97\/444
|turn|31
|
|move|p2a: Steven-Stone|Bullet Punch|p1a: Cresselia
|-damage|p1a: Cresselia|0 fnt
|faint|p1a: Cresselia
|
|win|Wond3rbread
|raw|Ladder updating...
|c|★RS Swept|wp
|leave|Albyness
|c|★Wond3rbread|srry about the hax man
|c|★Wond3rbread|gg
|c|★RS Swept|it happens
|c|★Wond3rbread|ye
|raw|RS Swept's rating: 1931 &rarr; <strong>1899<\/strong><br \/>(-32 for losing)
|raw|Wond3rbread's rating: 1682 &rarr; <strong>1715<\/strong><br \/>(+33 for winning)
|join|A2tehBR
|c|★Wond3rbread|pokemon is just like that
|c|★RS Swept|the crit on quaggy was :'(
|c|★Wond3rbread|yea.
|leave|RS Swept
|player|p1
|leave|A2tehBR