|join|RS Swept
|join|Dio Povero
|player|p1|RS Swept|29
|player|p2|Dio Povero|168
|gametype|singles
|gen|6
|tier|OU
|rated
|clearpoke
|poke|p1|Landorus, M
|poke|p1|Thundurus, M
|poke|p1|Bisharp, F
|poke|p1|Azelf
|poke|p1|Lopunny, M
|poke|p1|Greninja, M
|poke|p2|Sableye, M
|poke|p2|Skarmory, M
|poke|p2|Chesnaught, F
|poke|p2|Chansey, F
|poke|p2|Talonflame, F
|poke|p2|Alomomola, F
|rule|Swagger Clause: Swagger is banned
|rule|Baton Pass Clause: Limit one Pokémon knowing Baton Pass
|rule|Sleep Clause Mod: Limit one foe put to sleep
|rule|Species Clause: Limit one of each Pokémon
|rule|OHKO Clause: OHKO moves are banned
|rule|Moody Clause: Moody is banned
|rule|Evasion Moves Clause: Evasion moves are banned
|rule|Endless Battle Clause: Forcing endless battles is banned
|rule|HP Percentage Mod: HP is shown in percentages
|teampreview
|join|Shadownesstrio
|c|★Dio Povero|gl hf
|
|start
|switch|p1a: Landorus|Landorus, M|319\/319
|switch|p2a: Sableye|Sableye, M|304\/304
|turn|1
|
|detailschange|p2a: Sableye|Sableye-Mega, M
|message|Sableye has Mega Evolved into Mega Sableye!
|move|p2a: Sableye|Will-O-Wisp|p1a: Landorus
|-status|p1a: Landorus|brn
|move|p1a: Landorus|Earth Power|p2a: Sableye
|-damage|p2a: Sableye|74\/304
|
|-damage|p1a: Landorus|280\/319 brn|[from] brn
|turn|2
|c|★RS Swept|u3
|
|switch|p2a: Talonflame|Talonflame, F|359\/359
|move|p1a: Landorus|Knock Off|p2a: Talonflame
|-damage|p2a: Talonflame|272\/359
|-enditem|p2a: Talonflame|Leftovers|[from] move: Knock Off|[of] p1a: Landorus
|-damage|p1a: Landorus|249\/319 brn|[from] item: Life Orb
|
|-damage|p1a: Landorus|210\/319 brn|[from] brn
|turn|3
|
|switch|p2a: Alomomola|Alomomola, F|500\/500
|move|p1a: Landorus|Psychic|p2a: Alomomola
|-damage|p2a: Alomomola|325\/500
|
|-damage|p1a: Landorus|171\/319 brn|[from] brn
|turn|4
|
|switch|p1a: Thundurus|Thundurus, M|299\/299
|switch|p2a: Talonflame|Talonflame, F|272\/359
|
|turn|5
|
|switch|p1a: Azelf|Azelf|291\/291
|switch|p2a: Chansey|Chansey, F|642\/642
|
|turn|6
|
|move|p1a: Azelf|Fire Blast|p2a: Chansey
|-damage|p2a: Chansey|582\/642
|move|p2a: Chansey|Seismic Toss|p1a: Azelf
|-damage|p1a: Azelf|191\/291
|
|turn|7
|
|move|p1a: Azelf|Fire Blast|p2a: Chansey|[miss]
|-miss|p1a: Azelf|p2a: Chansey
|move|p2a: Chansey|Toxic|p1a: Azelf
|-status|p1a: Azelf|tox
|
|-damage|p1a: Azelf|173\/291 tox|[from] psn
|turn|8
|
|switch|p2a: Sableye|Sableye-Mega, M|74\/304
|move|p1a: Azelf|Stealth Rock|p2a: Sableye
|move|p2a: Sableye|Stealth Rock|p1a: Azelf|[from]Magic Bounce
|-sidestart|p1: RS Swept|move: Stealth Rock
|
|-damage|p1a: Azelf|137\/291 tox|[from] psn
|turn|9
|
|move|p1a: Azelf|Stealth Rock|p2a: Sableye
|move|p2a: Sableye|Stealth Rock|p1a: Azelf|[from]Magic Bounce
|-fail|p1a: Azelf
|move|p2a: Sableye|Recover|p2a: Sableye
|-heal|p2a: Sableye|226\/304
|
|-damage|p1a: Azelf|83\/291 tox|[from] psn
|turn|10
|c|★Dio Povero|!
|c|★RS Swept|gg
|-message|RS Swept forfeited.
|
|win|Dio Povero
|raw|Ladder updating...
|leave|RS Swept
|player|p1
|raw|RS Swept's rating: 1670 &rarr; <strong>1652<\/strong><br \/>(-18 for losing)
|raw|Dio Povero's rating: 1690 &rarr; <strong>1709<\/strong><br \/>(+19 for winning)
|leave|Shadownesstrio