|join|RS Swept
|join|nintendistagamer
|join|So testando bjs
|c| So testando bjs|first
|player|p1|RS Swept|169
|player|p2|nintendistagamer|137
|gametype|singles
|gen|6
|tier|OU
|rated
|clearpoke
|poke|p1|Gothitelle, M
|poke|p1|Skarmory, F
|poke|p1|Cresselia, F
|poke|p1|Quagsire, M
|poke|p1|Sableye, F
|poke|p1|Chansey, F
|poke|p2|Gyarados, F
|poke|p2|Breloom, M
|poke|p2|Landorus, M
|poke|p2|Thundurus, M
|poke|p2|Jirachi
|poke|p2|Tyranitar, F
|rule|Swagger Clause: Swagger is banned
|rule|Baton Pass Clause: Limit one Pokémon knowing Baton Pass
|rule|Sleep Clause Mod: Limit one foe put to sleep
|rule|Species Clause: Limit one of each Pokémon
|rule|OHKO Clause: OHKO moves are banned
|rule|Moody Clause: Moody is banned
|rule|Evasion Moves Clause: Evasion moves are banned
|rule|Endless Battle Clause: Forcing endless battles is banned
|rule|HP Percentage Mod: HP is shown in percentages
|teampreview
|c|★nintendistagamer|vish
|c|★nintendistagamer|esse stall
|c|★nintendistagamer|ç.ç
|c| So testando bjs|nossa
|c| So testando bjs|quagsire e chato d mais
|c|★nintendistagamer|menos pro meu gyarados
|
|start
|switch|p1a: Sableye|Sableye, F|303\/303
|switch|p2a: Landorus|Landorus, M|319\/319
|turn|1
|c|★nintendistagamer|mold breaker quebra unawere
|c|★nintendistagamer|e magic bounce
|c| So testando bjs|vdd
|c| So testando bjs|q dlç
|c|★nintendistagamer|posso usar taunt a vontade
|c| So testando bjs|quebrqa prankster
|
|detailschange|p1a: Sableye|Sableye-Mega, F
|-mega|p1a: Sableye|Sableye|Sablenite
|move|p1a: Sableye|Calm Mind|p1a: Sableye
|-boost|p1a: Sableye|spa|1
|-boost|p1a: Sableye|spd|1
|move|p2a: Landorus|Earth Power|p1a: Sableye
|-crit|p1a: Sableye
|-damage|p1a: Sableye|13\/303
|
|turn|2
|c| So testando bjs|?
|c|★nintendistagamer|não
|c|★RS Swept|fuck yeah
|c| So testando bjs|crit
|c| So testando bjs|ewe
|raw|<div class="broadcast-red"><b>Moderated chat was set to +!<\/b><br \/>Only users of rank + and higher can talk.<\/div>
|c|★nintendistagamer|quebra habilitis que impesam meus golpes
|
|switch|p1a: Cresselia|Cresselia, F|444\/444
|move|p2a: Landorus|Earth Power|p1a: Cresselia
|-immune|p1a: Cresselia|[msg]
|
|turn|3
|c|★nintendistagamer|.\/roomvoice So testando bjs
|
|switch|p1a: Sableye|Sableye-Mega, F|13\/303
|move|p2a: Landorus|Stealth Rock|p1a: Sableye
|move|p1a: Sableye|Stealth Rock|p2a: Landorus|[from]Magic Bounce
|-sidestart|p2: nintendistagamer|move: Stealth Rock
|
|turn|4
So testando bjs was promoted to Room Voice by nintendistagamer.
|c|+So testando bjs|nice
|c|★nintendistagamer|o\/
|
|switch|p1a: Cresselia|Cresselia, F|444\/444
|move|p2a: Landorus|Stealth Rock|p1a: Cresselia
|-sidestart|p1: RS Swept|move: Stealth Rock
|
|turn|5
|
|switch|p2a: Jirachi|Jirachi|341\/341
|-damage|p2a: Jirachi|320\/341|[from] Stealth Rock
|move|p1a: Cresselia|Psyshock|p2a: Jirachi
|-resisted|p2a: Jirachi
|-damage|p2a: Jirachi|303\/341
|
|turn|6
|c|★nintendistagamer|ADEUS SABLEY
|
|move|p2a: Jirachi|Trick|p1a: Cresselia
|-activate|p2a: Jirachi|move: Trick|[of] p1a: Cresselia
|-item|p1a: Cresselia|Choice Scarf|[from] move: Trick
|-item|p2a: Jirachi|Leftovers|[from] move: Trick
|move|p1a: Cresselia|Thunder Wave|p2a: Jirachi
|-status|p2a: Jirachi|par
|
|-heal|p2a: Jirachi|324\/341 par|[from] item: Leftovers
|turn|7
|c|+So testando bjs|nice
|c|+So testando bjs|o-o
|c|★nintendistagamer|como quebrar stall
|c|★nintendistagamer|e-e
|
|switch|p1a: Skarmory|Skarmory, F|333\/333
|-damage|p1a: Skarmory|292\/333|[from] Stealth Rock
|move|p2a: Jirachi|U-turn|p1a: Skarmory
|-resisted|p1a: Skarmory
|-damage|p1a: Skarmory|282\/333
|-damage|p2a: Jirachi|268\/341 par|[from] item: Rocky Helmet|[of] p1a: Skarmory
|c|+So testando bjs|e.e
|c|★nintendistagamer|só falta uma coisa
|
|switch|p2a: Breloom|Breloom, M|261\/261
|-damage|p2a: Breloom|245\/261|[from] Stealth Rock
|
|turn|8
|
|switch|p1a: Sableye|Sableye-Mega, F|13\/303
|-damage|p1a: Sableye|0 fnt|[from] Stealth Rock
|faint|p1a: Sableye
|move|p2a: Breloom|Spore|p1: Sableye|[notarget]
|-notarget
|
|c|★nintendistagamer|a.a
|
|switch|p1a: Gothitelle|Gothitelle, M|301\/301
|-damage|p1a: Gothitelle|264\/301|[from] Stealth Rock
|turn|9
|c|★nintendistagamer|oh
|c|★nintendistagamer|a.a
|c|+So testando bjs|spore op
|c|+So testando bjs|sdds max speed
|
|move|p2a: Breloom|Mach Punch|p1a: Gothitelle
|-resisted|p1a: Gothitelle
|-damage|p1a: Gothitelle|206\/301
|move|p1a: Gothitelle|Psyshock|p2a: Breloom
|-supereffective|p2a: Breloom
|-damage|p2a: Breloom|0 fnt
|faint|p2a: Breloom
|
|c|★RS Swept|youre so lucky you got that crit turn 1
|c|★RS Swept|this game shouldnt even be close
|c|★nintendistagamer|gringo otario
|c|+So testando bjs|ewe
|c|★nintendistagamer|~~gringo sempre foram assim~~
|c|★RS Swept|but instead i need to outplay your beaner ass
|c|+So testando bjs|~~vdd~~
|join|Bluwing
|c|★RS Swept|thank god all you mexitards are terrible
|
|switch|p2a: hora de dancar|Gyarados, F|331\/331
|-damage|p2a: hora de dancar|249\/331|[from] Stealth Rock
|-ability|p2a: hora de dancar|Intimidate|[of] p1a: Gothitelle
|-unboost|p1a: Gothitelle|atk|1
|turn|10
|c|+So testando bjs|zuera never ends
|c|★nintendistagamer|~~gringo otario never ends~~
|
|switch|p1a: Quagsire|Quagsire, M|394\/394
|-damage|p1a: Quagsire|370\/394|[from] Stealth Rock
|detailschange|p2a: hora de dancar|Gyarados-Mega, F
|-mega|p2a: hora de dancar|Gyarados|Gyaradosite
|-ability|p2a: hora de dancar|Mold Breaker
|move|p2a: hora de dancar|Dragon Dance|p2a: hora de dancar
|-boost|p2a: hora de dancar|atk|1
|-boost|p2a: hora de dancar|spe|1
|
|-heal|p1a: Quagsire|394\/394|[from] item: Leftovers
|turn|11
|c|+So testando bjs|ewe
|c|+So testando bjs|aaai
|c|+So testando bjs|dai ele da infestation
|
|move|p2a: hora de dancar|Waterfall|p1a: Quagsire
|-damage|p1a: Quagsire|216\/394
|cant|p1a: Quagsire|flinch
|
|-heal|p1a: Quagsire|240\/394|[from] item: Leftovers
|turn|12
|c|+So testando bjs|nice
|c|★RS Swept|youve got to be kidding
|c|+So testando bjs|da otro flinch
|c|★RS Swept|fucking idiot beaners
|join|Yuttt.annual
|c|+So testando bjs|so da otro
|
|move|p2a: hora de dancar|Waterfall|p1a: Quagsire
|-crit|p1a: Quagsire
|-damage|p1a: Quagsire|0 fnt
|faint|p1a: Quagsire
|
|c|★nintendistagamer|eu achava o RS Sweot legal
|c|+So testando bjs|KKKKKKKKKKKK
|c|★nintendistagamer|:\/
|c|+So testando bjs|lol
|
|switch|p1a: Skarmory|Skarmory, F|282\/333
|-damage|p1a: Skarmory|241\/333|[from] Stealth Rock
|turn|13
|c|★nintendistagamer|nunca mais acharei
|c|+So testando bjs|forfeit?
|
|move|p2a: hora de dancar|Taunt|p1a: Skarmory
|-start|p1a: Skarmory|move: Taunt
|move|p1a: Skarmory|Brave Bird|p2a: hora de dancar
|-damage|p2a: hora de dancar|143\/331
|-damage|p1a: Skarmory|206\/333|[from] recoil|[of] p2a: hora de dancar
|
|turn|14
|c|★RS Swept|it's a joke how bad all you mexicans are
|c|+So testando bjs|~~da earthquake~~
|c|+So testando bjs|mexicans?
|c|★nintendistagamer|kkkkkkkk
|c|+So testando bjs|lol
|c|★nintendistagamer|otario pra caramba
|
|move|p2a: hora de dancar|Waterfall|p1a: Skarmory
|-damage|p1a: Skarmory|79\/333
|-damage|p2a: hora de dancar|88\/331|[from] item: Rocky Helmet|[of] p1a: Skarmory
|move|p1a: Skarmory|Brave Bird|p2a: hora de dancar
|-damage|p2a: hora de dancar|0 fnt
|-damage|p1a: Skarmory|50\/333|[from] recoil|[of] p2a: hora de dancar
|faint|p2a: hora de dancar
|
|c|★RS Swept|whatever generic retard beaners
|c|★RS Swept|i guess youre lower class than mexican
|c|★nintendistagamer|ele acha que ta ofende a gente?
|c|★RS Swept|if that's even possible
|c|+So testando bjs|mexicanos kkkk
|c|+So testando bjs|ewe
|
|switch|p2a: Tyranitar|Tyranitar, F|341\/341
|-damage|p2a: Tyranitar|299\/341|[from] Stealth Rock
|-weather|Sandstorm
|turn|15
|raw|<div class="broadcast-blue"><b>Moderated chat was disabled!<\/b><br \/>Anyone may talk now.<\/div>
|raw|<div class="broadcast-red"><b>Moderated chat was set to +!<\/b><br \/>Only users of rank + and higher can talk.<\/div>
|
|switch|p1a: Chansey|Chansey, F|645\/645
|-damage|p1a: Chansey|565\/645|[from] Stealth Rock
|move|p2a: Tyranitar|Crunch|p1a: Chansey
|-damage|p1a: Chansey|369\/645
|
|-weather|Sandstorm|[upkeep]
|-damage|p1a: Chansey|329\/645|[from] sandstorm
|turn|16
|
|move|p2a: Tyranitar|Crunch|p1a: Chansey
|-damage|p1a: Chansey|134\/645
|move|p1a: Chansey|Soft-Boiled|p1a: Chansey
|-heal|p1a: Chansey|457\/645
|
|-weather|Sandstorm|[upkeep]
|-damage|p1a: Chansey|417\/645|[from] sandstorm
|turn|17
|c|★RS Swept|where's the crit
|c|★RS Swept|and defense drop
|c|★nintendistagamer|mds, que chorão
|
|move|p2a: Tyranitar|Crunch|p1a: Chansey
|-damage|p1a: Chansey|222\/645
|move|p1a: Chansey|Soft-Boiled|p1a: Chansey
|-heal|p1a: Chansey|545\/645
|
|-weather|Sandstorm|[upkeep]
|-damage|p1a: Chansey|505\/645|[from] sandstorm
|turn|18
|c|+So testando bjs|ta no meu bolso ewe
|
|move|p2a: Tyranitar|Crunch|p1a: Chansey
|-damage|p1a: Chansey|324\/645
|move|p1a: Chansey|Soft-Boiled|p1a: Chansey
|-heal|p1a: Chansey|645\/645
|
|-weather|Sandstorm|[upkeep]
|-damage|p1a: Chansey|605\/645|[from] sandstorm
|turn|19
|c|+So testando bjs|only wait rs
|
|move|p2a: Tyranitar|Crunch|p1a: Chansey
|-damage|p1a: Chansey|427\/645
|move|p1a: Chansey|Seismic Toss|p2a: Tyranitar
|-damage|p2a: Tyranitar|199\/341
|
|-weather|none
|turn|20
|c|★nintendistagamer|chansey sem toxic
|c|★nintendistagamer|.-.
|c|+So testando bjs|s
|
|switch|p2a: Landorus|Landorus, M|319\/319
|-damage|p2a: Landorus|280\/319|[from] Stealth Rock
|move|p1a: Chansey|Soft-Boiled|p1a: Chansey
|-heal|p1a: Chansey|645\/645
|
|turn|21
|join|lol joined joined
|c|+So testando bjs|lol
|c|+So testando bjs|ewe
|
|switch|p1a: Cresselia|Cresselia, F|444\/444
|-damage|p1a: Cresselia|389\/444|[from] Stealth Rock
|move|p2a: Landorus|Focus Blast|p1a: Cresselia
|-resisted|p1a: Cresselia
|-damage|p1a: Cresselia|315\/444
|
|turn|22
|
|move|p2a: Landorus|Sludge Wave|p1a: Cresselia
|-damage|p1a: Cresselia|188\/444
|move|p1a: Cresselia|Thunder Wave|p2a: Landorus
|-immune|p2a: Landorus|[msg]
|
|turn|23
|c|+So testando bjs|nice
|c|+So testando bjs|nice scarf
|c|+So testando bjs|ewe
|
|switch|p1a: Skarmory|Skarmory, F|50\/333
|-damage|p1a: Skarmory|9\/333|[from] Stealth Rock
|move|p2a: Landorus|Focus Blast|p1a: Skarmory
|-damage|p1a: Skarmory|0 fnt
|faint|p1a: Skarmory
|
|
|switch|p1a: Gothitelle|Gothitelle, M|206\/301
|-damage|p1a: Gothitelle|169\/301|[from] Stealth Rock
|turn|24
|c|★RS Swept|look how bad you are
|c|★nintendistagamer|nossa, como tu é chato
|c|★RS Swept|even with all the hax youre still going to lose, fucking idiot
|
|move|p1a: Gothitelle|Trick|p2a: Landorus
|-activate|p1a: Gothitelle|move: Trick|[of] p2a: Landorus
|-item|p2a: Landorus|Choice Scarf|[from] move: Trick
|-item|p1a: Gothitelle|Life Orb|[from] move: Trick
|move|p2a: Landorus|Earth Power|p1a: Gothitelle
|-damage|p1a: Gothitelle|0 fnt
|faint|p1a: Gothitelle
|
|c|+So testando bjs|lol
|c|+So testando bjs|gringo chato :l
|
|switch|p1a: Chansey|Chansey, F|645\/645
|-damage|p1a: Chansey|565\/645|[from] Stealth Rock
|turn|25
|join|RS SWEPTisAdouche
|c|+So testando bjs|o-o
|
|switch|p2a: Jirachi|Jirachi|268\/341 par
|-damage|p2a: Jirachi|247\/341 par|[from] Stealth Rock
|move|p1a: Chansey|Seismic Toss|p2a: Jirachi
|-damage|p2a: Jirachi|147\/341 par
|
|-heal|p2a: Jirachi|168\/341 par|[from] item: Leftovers
|turn|26
|c|★nintendistagamer|só falta ele me sweepar com chansey
|c|★nintendistagamer|.-.
|
|move|p1a: Chansey|Seismic Toss|p2a: Jirachi
|-damage|p2a: Jirachi|68\/341 par
|move|p2a: Jirachi|U-turn|p1a: Chansey
|-damage|p1a: Chansey|477\/645
|c|+So testando bjs|ewe
|
|switch|p2a: Thundurus|Thundurus, M|299\/299
|-damage|p2a: Thundurus|225\/299|[from] Stealth Rock
|
|-heal|p2a: Thundurus|243\/299|[from] item: Leftovers
|turn|27
|join|Demandred
|join|Bundy
|join|RS SweptISretarded
|join|Murkrow Jupiter
|c|★nintendistagamer|RS Sweptretarded
|c|+So testando bjs|q issu
|c|★nintendistagamer|kkkkk
|c|+So testando bjs|kkkkkkkkk
|
|move|p2a: Thundurus|Nasty Plot|p2a: Thundurus
|-boost|p2a: Thundurus|spa|2
|move|p1a: Chansey|Seismic Toss|p2a: Thundurus
|-damage|p2a: Thundurus|143\/299
|
|-heal|p2a: Thundurus|161\/299|[from] item: Leftovers
|turn|28
|join|Ox the Box
|join|Mistaken
|join|Henry
|raw|<div class="broadcast-blue"><b>Moderated chat was disabled!<\/b><br \/>Anyone may talk now.<\/div>
|leave|Bluwing
|join|Coock The Box
|
|move|p2a: Thundurus|Thunderbolt|p1a: Chansey
|-damage|p1a: Chansey|315\/645
|-status|p1a: Chansey|par
|move|p1a: Chansey|Soft-Boiled|p1a: Chansey
|-heal|p1a: Chansey|638\/645 par
|
|-heal|p2a: Thundurus|179\/299|[from] item: Leftovers
|turn|29
|c|+So testando bjs|ewe
|c| Ox the Box|ay ay ay me amigos como son eres ewwweee o?
|join|SeventyFive
|leave|Henry
|c|+So testando bjs|af mexicano
|c|★nintendistagamer|mds
|c|+So testando bjs|ewe
|c|★nintendistagamer|eles me dão cancer
|
|move|p2a: Thundurus|Focus Blast|p1a: Chansey
|-supereffective|p1a: Chansey
|-damage|p1a: Chansey|366\/645 par
|cant|p1a: Chansey|par
|
|-heal|p2a: Thundurus|197\/299|[from] item: Leftovers
|turn|30
|c| SeventyFive|zapato
|c| Ox the Box|aha no eles ME chanas bue deres
|join|FNH
|join|RSSweptIsGonLose
|c|★RS Swept|more hax
|join|WECAMEASROMANS
|c|+So testando bjs|hax?
|c| Ox the Box|ay haxo un momento el teranot LOL
|c|+So testando bjs|esse cara
|c| WECAMEASROMANS|yo quiero tacobell
|c|★RS Swept|anything to help players from third world countries
|c| SeventyFive|jajajaj
|
|move|p2a: Thundurus|Nasty Plot|p2a: Thundurus
|-boost|p2a: Thundurus|spa|2
|move|p1a: Chansey|Soft-Boiled|p1a: Chansey
|-heal|p1a: Chansey|645\/645 par
|
|-heal|p2a: Thundurus|215\/299|[from] item: Leftovers
|turn|31
|c|★nintendistagamer|ele chamou os caras pra nosxingar
|c| Ox the Box|jajajajaj
|c|★nintendistagamer|XD
|c| SeventyFive|xD
|c|+So testando bjs|odeio esse jajaja
|c|★RS Swept|Every time a good player gets haxed, a poor mexican will be fed
|c|+So testando bjs|...
|c| Ox the Box|XD es mundeo tela uaj keroa?
|join|dsjdjsdjs
|c| SeventyFive|thats beautiful costa
|c|★nintendistagamer|ele ainda acha que somos americanos?
|c| SeventyFive|im crying rn
|
|move|p2a: Thundurus|Focus Blast|p1a: Chansey
|-supereffective|p1a: Chansey
|-damage|p1a: Chansey|219\/645 par
|move|p1a: Chansey|Seismic Toss|p2a: Thundurus
|-damage|p2a: Thundurus|115\/299
|
|-heal|p2a: Thundurus|133\/299|[from] item: Leftovers
|turn|32
|c|+So testando bjs|o cara acha q agente e mexicano
|c|+So testando bjs|lool
|-message|RS Swept forfeited.
|leave|RS Swept
|c|★nintendistagamer|mds
|c|+So testando bjs|salva
|c| Ox the Box|q lamos LOL forfeiteo noob
|c|★nintendistagamer|que cara chato do cacete
|c|+So testando bjs|salva a batalha
|
|win|nintendistagamer
|raw|Ladder updating...
|player|p1
|leave|SeventyFive
|leave|WECAMEASROMANS
|c|★nintendistagamer|vamos ver a ladder
|c|+So testando bjs|serio
|leave|Murkrow Jupiter
|raw|RS Swept's rating: 1786 &rarr; <strong>1761<\/strong><br \/>(-25 for losing)
|raw|nintendistagamer's rating: 1698 &rarr; <strong>1723<\/strong><br \/>(+25 for winning)