|join|Shomegie
|join|scizeon
|player|p1|Shomegie|1
|player|p2|scizeon|265
|gametype|singles
|gen|6
|tier|OU
|rated
|clearpoke
|poke|p1|Scizor, F
|poke|p1|Mandibuzz, F
|poke|p1|Volcarona, F
|poke|p1|Medicham, M
|poke|p1|Diggersby, M
|poke|p1|Infernape, F
|poke|p2|Gliscor, F
|poke|p2|Salamence, M
|poke|p2|Sylveon, M
|poke|p2|Heatran, F
|poke|p2|Ampharos, F
|poke|p2|Ferrothorn, F
|rule|Swagger Clause: Swagger is banned
|rule|Baton Pass Clause: Limit one Pokémon knowing Baton Pass
|rule|Sleep Clause Mod: Limit one foe put to sleep
|rule|Species Clause: Limit one of each Pokémon
|rule|OHKO Clause: OHKO moves are banned
|rule|Moody Clause: Moody is banned
|rule|Evasion Moves Clause: Evasion moves are banned
|rule|Endless Battle Clause: Forcing endless battles is banned
|rule|HP Percentage Mod: HP is reported as percentages
|teampreview
|
|start
|switch|p1a: Medicham|Medicham, M|261\/261
|switch|p2a: Heatran|Heatran, F|386\/386
|turn|1
|
|switch|p2a: Gliscor|Gliscor, F|354\/354
|detailschange|p1a: Medicham|Medicham-Mega, M
|message|Medicham has Mega Evolved into Mega Medicham!
|move|p1a: Medicham|Drain Punch|p2a: Gliscor
|-resisted|p2a: Gliscor
|-damage|p2a: Gliscor|279\/354
|
|-status|p2a: Gliscor|tox|[from] item: Toxic Orb
|turn|2
|
|switch|p2a: Ferrothorn|Ferrothorn, F|352\/352
|move|p1a: Medicham|Ice Punch|p2a: Ferrothorn
|-damage|p2a: Ferrothorn|269\/352
|-damage|p1a: Medicham|229\/261|[from] ability: Iron Barbs|[of] p2a: Ferrothorn
|
|-heal|p2a: Ferrothorn|291\/352|[from] item: Leftovers
|turn|3
|
|move|p1a: Medicham|Drain Punch|p2a: Ferrothorn
|-supereffective|p2a: Ferrothorn
|-damage|p2a: Ferrothorn|39\/352
|-heal|p1a: Medicham|261\/261|[from] drain|[of] p2a: Ferrothorn
|-damage|p1a: Medicham|229\/261|[from] ability: Iron Barbs|[of] p2a: Ferrothorn
|move|p2a: Ferrothorn|Power Whip|p1a: Medicham
|-damage|p1a: Medicham|70\/261
|
|-heal|p2a: Ferrothorn|61\/352|[from] item: Leftovers
|turn|4
|
|move|p1a: Medicham|Drain Punch|p2a: Ferrothorn
|-supereffective|p2a: Ferrothorn
|-damage|p2a: Ferrothorn|0 fnt
|-heal|p1a: Medicham|101\/261|[from] drain|[of] p2a: Ferrothorn
|-damage|p1a: Medicham|69\/261|[from] ability: Iron Barbs|[of] p2a: Ferrothorn
|faint|p2a: Ferrothorn
|
|
|switch|p2a: Salamence|Salamence, M|331\/331
|turn|5
|
|switch|p1a: Mandibuzz|Mandibuzz, F|361\/361
|move|p2a: Salamence|Dragon Claw|p1a: Mandibuzz
|-damage|p1a: Mandibuzz|240\/361
|-damage|p2a: Salamence|276\/331|[from] item: Rocky Helmet|[of] p1a: Mandibuzz
|
|turn|6
|
|switch|p2a: Ampharos|Ampharos, F|384\/384
|move|p1a: Mandibuzz|Taunt|p2a: Ampharos
|-start|p2a: Ampharos|move: Taunt
|
|turn|7
|
|switch|p1a: Diggersby|Diggersby, M|311\/311
|detailschange|p2a: Ampharos|Ampharos-Mega, F
|message|Ampharos has Mega Evolved into Mega Ampharos!
|-ability|p2a: Ampharos|Mold Breaker
|move|p2a: Ampharos|Thunderbolt|p1a: Diggersby
|-immune|p1a: Diggersby|[msg]
|
|turn|8
|
|switch|p2a: Gliscor|Gliscor, F|279\/354 tox
|move|p1a: Diggersby|U-turn|p2a: Gliscor
|-crit|p2a: Gliscor
|-resisted|p2a: Gliscor
|-damage|p2a: Gliscor|225\/354 tox
|
|switch|p1a: Medicham|Medicham-Mega, M|69\/261
|
|-heal|p2a: Gliscor|269\/354 tox|[from] ability: Poison Heal
|turn|9
|
|move|p2a: Gliscor|Protect|p2a: Gliscor
|-singleturn|p2a: Gliscor|Protect
|move|p1a: Medicham|Ice Punch|p2a: Gliscor
|-activate|p2a: Gliscor|Protect
|
|-heal|p2a: Gliscor|313\/354 tox|[from] ability: Poison Heal
|turn|10
|
|switch|p2a: Sylveon|Sylveon, M|352\/352
|move|p1a: Medicham|Ice Punch|p2a: Sylveon
|-damage|p2a: Sylveon|160\/352
|
|-heal|p2a: Sylveon|182\/352|[from] item: Leftovers
|turn|11
|
|move|p2a: Sylveon|Protect|p2a: Sylveon
|-singleturn|p2a: Sylveon|Protect
|move|p1a: Medicham|Ice Punch|p2a: Sylveon
|-activate|p2a: Sylveon|Protect
|
|-heal|p2a: Sylveon|204\/352|[from] item: Leftovers
|turn|12
|
|switch|p1a: Scizor|Scizor, F|344\/344
|move|p2a: Sylveon|Hyper Voice|p1a: Scizor
|-crit|p1a: Scizor
|-resisted|p1a: Scizor
|-damage|p1a: Scizor|195\/344
|
|-heal|p2a: Sylveon|226\/352|[from] item: Leftovers
|turn|13
|
|move|p2a: Sylveon|Protect|p2a: Sylveon
|-singleturn|p2a: Sylveon|Protect
|move|p1a: Scizor|U-turn|p2a: Sylveon
|-activate|p2a: Sylveon|Protect
|
|-heal|p2a: Sylveon|248\/352|[from] item: Leftovers
|turn|14
|
|move|p2a: Sylveon|Wish|p2a: Sylveon
|move|p1a: Scizor|U-turn|p2a: Sylveon
|-resisted|p2a: Sylveon
|-damage|p2a: Sylveon|116\/352
|
|switch|p1a: Medicham|Medicham-Mega, M|69\/261
|
|-heal|p2a: Sylveon|138\/352|[from] item: Leftovers
|turn|15
|
|move|p2a: Sylveon|Protect|p2a: Sylveon
|-singleturn|p2a: Sylveon|Protect
|move|p1a: Medicham|Fake Out|p2a: Sylveon
|-activate|p2a: Sylveon|Protect
|
|-heal|p2a: Sylveon|314\/352|[from] move: Wish|[wisher] Sylveon
|-heal|p2a: Sylveon|336\/352|[from] item: Leftovers
|turn|16
|
|switch|p1a: Infernape|Infernape, F|293\/293
|move|p2a: Sylveon|Hyper Voice|p1a: Infernape
|-damage|p1a: Infernape|23\/293
|
|-heal|p2a: Sylveon|352\/352|[from] item: Leftovers
|turn|17
|
|switch|p2a: Gliscor|Gliscor, F|313\/354 tox
|move|p1a: Infernape|Endeavor|p2a: Gliscor
|-damage|p2a: Gliscor|23\/354 tox
|
|-heal|p2a: Gliscor|67\/354 tox|[from] ability: Poison Heal
|turn|18
|
|move|p2a: Gliscor|Protect|p2a: Gliscor
|-singleturn|p2a: Gliscor|Protect
|move|p1a: Infernape|Stealth Rock|p2a: Gliscor
|-sidestart|p2: scizeon|move: Stealth Rock
|
|-heal|p2a: Gliscor|111\/354 tox|[from] ability: Poison Heal
|turn|19
|
|move|p1a: Infernape|Flamethrower|p2a: Gliscor
|-damage|p2a: Gliscor|0 fnt
|faint|p2a: Gliscor
|
|
|switch|p2a: Salamence|Salamence, M|276\/331
|-damage|p2a: Salamence|194\/331|[from] Stealth Rock
|turn|20
|
|switch|p1a: Scizor|Scizor, F|195\/344
|move|p2a: Salamence|Outrage|p1a: Scizor
|-resisted|p1a: Scizor
|-damage|p1a: Scizor|82\/344
|
|turn|21
|
|switch|p1a: Mandibuzz|Mandibuzz, F|240\/361
|move|p2a: Salamence|Outrage|p1a: Mandibuzz
|-damage|p1a: Mandibuzz|62\/361
|-damage|p2a: Salamence|139\/331|[from] item: Rocky Helmet|[of] p1a: Mandibuzz
|
|turn|22
|
|move|p2a: Salamence|Outrage|p1a: Mandibuzz
|-damage|p1a: Mandibuzz|0 fnt
|-damage|p2a: Salamence|84\/331|[from] item: Rocky Helmet|[of] p1a: Mandibuzz
|faint|p1a: Mandibuzz
|-boost|p2a: Salamence|atk|1|[from] ability: Moxie
|
|-end|p2a: Salamence|rampage
|-start|p2a: Salamence|confusion
|
|switch|p1a: Diggersby|Diggersby, M|311\/311
|turn|23
|
|move|p1a: Diggersby|Quick Attack|p2a: Salamence
|-damage|p2a: Salamence|0 fnt
|faint|p2a: Salamence
|
|
|switch|p2a: Ampharos|Ampharos-Mega, F|384\/384
|-damage|p2a: Ampharos|336\/384|[from] Stealth Rock
|-ability|p2a: Ampharos|Mold Breaker
|turn|24
|
|move|p1a: Diggersby|Earthquake|p2a: Ampharos
|-supereffective|p2a: Ampharos
|-damage|p2a: Ampharos|0 fnt
|faint|p2a: Ampharos
|
|
|switch|p2a: Heatran|Heatran, F|386\/386
|-damage|p2a: Heatran|338\/386|[from] Stealth Rock
|turn|25
|
|move|p1a: Diggersby|Earthquake|p2a: Heatran
|-supereffective|p2a: Heatran
|-damage|p2a: Heatran|0 fnt
|faint|p2a: Heatran
|
|
|switch|p2a: Sylveon|Sylveon, M|352\/352
|-damage|p2a: Sylveon|308\/352|[from] Stealth Rock
|turn|26
|
|move|p1a: Diggersby|Earthquake|p2a: Sylveon
|-damage|p2a: Sylveon|35\/352
|move|p2a: Sylveon|Hyper Voice|p1a: Diggersby
|-damage|p1a: Diggersby|95\/311
|
|-heal|p2a: Sylveon|57\/352|[from] item: Leftovers
|turn|27
|-message|scizeon forfeited.
|leave|scizeon
|
|win|Shomegie
|raw|Ladder updating...
|player|p2
|raw|Shomegie's rating: 1440 &rarr; <strong>1459<\/strong><br \/>(+19 for winning)
|raw|scizeon's rating: 1423 &rarr; <strong>1404<\/strong><br \/>(-19 for losing)