|join|Scizeon
|join|King0fKnights
|player|p1|Scizeon|288
|player|p2|King0fKnights|249
|gametype|singles
|gen|6
|tier|OU
|rated
|clearpoke
|poke|p1|Venusaur, M
|poke|p1|Slowbro, M
|poke|p1|Heatran, M
|poke|p1|Excadrill, M
|poke|p1|Sylveon, M
|poke|p1|Gengar, F
|poke|p2|Bisharp, F, shiny
|poke|p2|Gallade, M, shiny
|poke|p2|Thundurus, M
|poke|p2|Mandibuzz, F
|poke|p2|Scizor, F
|poke|p2|Heatran, F
|rule|Swagger Clause: Swagger is banned
|rule|Baton Pass Clause: Limit one Pokémon knowing Baton Pass
|rule|Sleep Clause Mod: Limit one foe put to sleep
|rule|Species Clause: Limit one of each Pokémon
|rule|OHKO Clause: OHKO moves are banned
|rule|Moody Clause: Moody is banned
|rule|Evasion Moves Clause: Evasion moves are banned
|rule|Endless Battle Clause: Forcing endless battles is banned
|rule|HP Percentage Mod: HP is shown in percentages
|teampreview
|
|start
|switch|p1a: Excadrill|Excadrill, M|362\/362
|switch|p2a: Scizor|Scizor, F|301\/301
|-ability|p1a: Excadrill|Mold Breaker
|turn|1
|
|switch|p1a: Slowbro|Slowbro, M|393\/393
|move|p2a: Scizor|Superpower|p1a: Slowbro
|-crit|p1a: Slowbro
|-resisted|p1a: Slowbro
|-damage|p1a: Slowbro|279\/393
|-damage|p2a: Scizor|251\/301|[from] item: Rocky Helmet|[of] p1a: Slowbro
|-unboost|p2a: Scizor|atk|1
|-unboost|p2a: Scizor|def|1
|
|turn|2
|
|switch|p2a: Heatran|Heatran, F|386\/386
|switch|p1a: Heatran|Heatran, M|386\/386
|
|turn|3
|
|move|p2a: Heatran|Earth Power|p1a: Heatran
|-supereffective|p1a: Heatran
|-damage|p1a: Heatran|150\/386
|move|p1a: Heatran|Stealth Rock|p2a: Heatran
|-sidestart|p2: King0fKnights|move: Stealth Rock
|
|-heal|p1a: Heatran|174\/386|[from] item: Leftovers
|turn|4
|
|switch|p1a: Slowbro|Slowbro, M|393\/393
|move|p2a: Heatran|Stealth Rock|p1a: Slowbro
|-sidestart|p1: Scizeon|move: Stealth Rock
|
|turn|5
|
|move|p2a: Heatran|Taunt|p1a: Slowbro
|-start|p1a: Slowbro|move: Taunt
|move|p1a: Slowbro|Scald|p2a: Heatran
|-supereffective|p2a: Heatran
|-damage|p2a: Heatran|260\/386
|
|-heal|p2a: Heatran|284\/386|[from] item: Leftovers
|turn|6
|
|switch|p2a: Mandibuzz|Mandibuzz, F|424\/424
|-damage|p2a: Mandibuzz|318\/424|[from] Stealth Rock
|move|p1a: Slowbro|Scald|p2a: Mandibuzz
|-damage|p2a: Mandibuzz|222\/424
|
|turn|7
|
|switch|p1a: Sylveon|Sylveon, M|394\/394
|-damage|p1a: Sylveon|345\/394|[from] Stealth Rock
|move|p2a: Mandibuzz|Defog|p1a: Sylveon
|-unboost|p1a: Sylveon|evasion|1
|-sideend|p1: Scizeon|Stealth Rock|[from] move: Defog|[of] p1a: Sylveon
|-sideend|p2: King0fKnights|Stealth Rock|[from] move: Defog|[of] p2a: Mandibuzz
|
|-heal|p1a: Sylveon|369\/394|[from] item: Leftovers
|turn|8
|
|switch|p2a: Heatran|Heatran, F|284\/386
|move|p1a: Sylveon|Wish|p1a: Sylveon
|
|-heal|p2a: Heatran|308\/386|[from] item: Leftovers
|-heal|p1a: Sylveon|393\/394|[from] item: Leftovers
|turn|9
|
|switch|p1a: Venusaur|Venusaur, M|363\/363
|move|p2a: Heatran|Stealth Rock|p1a: Venusaur
|-sidestart|p1: Scizeon|move: Stealth Rock
|
|-heal|p2a: Heatran|332\/386|[from] item: Leftovers
|turn|10
|
|detailschange|p1a: Venusaur|Venusaur-Mega, M
|-mega|p1a: Venusaur|Venusaur|Venusaurite
|move|p1a: Venusaur|Leech Seed|p2a: Heatran
|-start|p2a: Heatran|move: Leech Seed
|move|p2a: Heatran|Taunt|p1a: Venusaur
|-start|p1a: Venusaur|move: Taunt
|
|-heal|p2a: Heatran|356\/386|[from] item: Leftovers
|-damage|p2a: Heatran|308\/386|[from] Leech Seed|[of] p1a: Venusaur
|turn|11
|
|switch|p1a: Slowbro|Slowbro, M|393\/393
|-damage|p1a: Slowbro|344\/393|[from] Stealth Rock
|switch|p2a: Gallade|Gallade, M, shiny|277\/277
|
|turn|12
|
|switch|p2a: Thundurus|Thundurus, M|300\/300
|move|p1a: Slowbro|Scald|p2a: Thundurus
|-damage|p2a: Thundurus|191\/300
|
|-heal|p2a: Thundurus|209\/300|[from] item: Leftovers
|turn|13
|
|switch|p1a: Sylveon|Sylveon, M|393\/394
|-damage|p1a: Sylveon|344\/394|[from] Stealth Rock
|move|p2a: Thundurus|Volt Switch|p1a: Sylveon
|-damage|p1a: Sylveon|274\/394
|
|switch|p2a: Bisharp|Bisharp, F, shiny|271\/271
|
|-heal|p1a: Sylveon|298\/394|[from] item: Leftovers
|turn|14
|
|switch|p1a: Venusaur|Venusaur-Mega, M|363\/363
|-damage|p1a: Venusaur|318\/363|[from] Stealth Rock
|move|p2a: Bisharp|Iron Head|p1a: Venusaur
|-damage|p1a: Venusaur|222\/363
|
|turn|15
|
|switch|p2a: Scizor|Scizor, F|251\/301
|move|p1a: Venusaur|Leech Seed|p2a: Scizor
|-start|p2a: Scizor|move: Leech Seed
|
|-damage|p2a: Scizor|214\/301|[from] Leech Seed|[of] p1a: Venusaur
|-heal|p1a: Venusaur|259\/363|[silent]
|turn|16
|
|switch|p2a: Gallade|Gallade, M, shiny|277\/277
|move|p1a: Venusaur|Synthesis|p1a: Venusaur
|-heal|p1a: Venusaur|363\/363
|
|turn|17
|
|switch|p1a: Slowbro|Slowbro, M|393\/393
|-damage|p1a: Slowbro|344\/393|[from] Stealth Rock
|detailschange|p2a: Gallade|Gallade-Mega, M, shiny
|-mega|p2a: Gallade|Gallade|Galladite
|move|p2a: Gallade|Psycho Cut|p1a: Slowbro
|-resisted|p1a: Slowbro
|-damage|p1a: Slowbro|290\/393
|
|turn|18
|
|switch|p2a: Mandibuzz|Mandibuzz, F|222\/424
|move|p1a: Slowbro|Scald|p2a: Mandibuzz
|-damage|p2a: Mandibuzz|123\/424
|
|turn|19
|
|move|p2a: Mandibuzz|Roost|p2a: Mandibuzz
|-heal|p2a: Mandibuzz|335\/424
|move|p1a: Slowbro|Toxic|p2a: Mandibuzz
|-status|p2a: Mandibuzz|tox
|
|-damage|p2a: Mandibuzz|309\/424 tox|[from] psn
|turn|20
|
|move|p2a: Mandibuzz|U-turn|p1a: Slowbro
|-supereffective|p1a: Slowbro
|-damage|p1a: Slowbro|230\/393
|-damage|p2a: Mandibuzz|239\/424 tox|[from] item: Rocky Helmet|[of] p1a: Slowbro
|
|switch|p2a: Thundurus|Thundurus, M|209\/300
|move|p1a: Slowbro|Scald|p2a: Thundurus
|-damage|p2a: Thundurus|101\/300
|-status|p2a: Thundurus|brn
|
|-heal|p2a: Thundurus|119\/300 brn|[from] item: Leftovers
|-damage|p2a: Thundurus|82\/300 brn|[from] brn
|turn|21
|
|switch|p2a: Gallade|Gallade-Mega, M, shiny|277\/277
|switch|p1a: Sylveon|Sylveon, M|298\/394
|-damage|p1a: Sylveon|249\/394|[from] Stealth Rock
|
|-heal|p1a: Sylveon|273\/394|[from] item: Leftovers
|turn|22
|
|switch|p2a: Scizor|Scizor, F|214\/301
|switch|p1a: Slowbro|Slowbro, M|361\/393
|-damage|p1a: Slowbro|312\/393|[from] Stealth Rock
|
|turn|23
|
|move|p2a: Scizor|U-turn|p1a: Slowbro
|-supereffective|p1a: Slowbro
|-damage|p1a: Slowbro|18\/393
|-damage|p2a: Scizor|164\/301|[from] item: Rocky Helmet|[of] p1a: Slowbro
|
|switch|p2a: Heatran|Heatran, F|308\/386
|move|p1a: Slowbro|Slack Off|p1a: Slowbro
|-heal|p1a: Slowbro|215\/393
|
|-heal|p2a: Heatran|332\/386|[from] item: Leftovers
|turn|24
|
|switch|p2a: Bisharp|Bisharp, F, shiny|271\/271
|move|p1a: Slowbro|Scald|p2a: Bisharp
|-damage|p2a: Bisharp|145\/271
|
|turn|25
|
|switch|p1a: Venusaur|Venusaur-Mega, M|363\/363
|-damage|p1a: Venusaur|318\/363|[from] Stealth Rock
|move|p2a: Bisharp|Knock Off|p1a: Venusaur
|-damage|p1a: Venusaur|234\/363
|
|turn|26
|
|switch|p2a: Gallade|Gallade-Mega, M, shiny|277\/277
|move|p1a: Venusaur|Leech Seed|p2a: Gallade
|-start|p2a: Gallade|move: Leech Seed
|
|-damage|p2a: Gallade|243\/277|[from] Leech Seed|[of] p1a: Venusaur
|-heal|p1a: Venusaur|268\/363|[silent]
|turn|27
|
|switch|p2a: Scizor|Scizor, F|164\/301
|switch|p1a: Slowbro|Slowbro, M|346\/393
|-damage|p1a: Slowbro|297\/393|[from] Stealth Rock
|
|turn|28
|
|switch|p1a: Sylveon|Sylveon, M|273\/394
|-damage|p1a: Sylveon|224\/394|[from] Stealth Rock
|move|p2a: Scizor|U-turn|p1a: Sylveon
|-resisted|p1a: Sylveon
|-damage|p1a: Sylveon|70\/394
|
|switch|p2a: Gallade|Gallade-Mega, M, shiny|243\/277
|
|-heal|p1a: Sylveon|94\/394|[from] item: Leftovers
|turn|29
|
|switch|p1a: Slowbro|Slowbro, M|393\/393
|-damage|p1a: Slowbro|344\/393|[from] Stealth Rock
|move|p2a: Gallade|Psycho Cut|p1a: Slowbro
|-resisted|p1a: Slowbro
|-damage|p1a: Slowbro|293\/393
|
|turn|30
|
|switch|p2a: Scizor|Scizor, F|164\/301
|move|p1a: Slowbro|Scald|p2a: Scizor
|-damage|p2a: Scizor|41\/301
|
|turn|31
|
|switch|p1a: Sylveon|Sylveon, M|94\/394
|-damage|p1a: Sylveon|45\/394|[from] Stealth Rock
|move|p2a: Scizor|U-turn|p1a: Sylveon
|-resisted|p1a: Sylveon
|-damage|p1a: Sylveon|0 fnt
|faint|p1a: Sylveon
|
|switch|p2a: Thundurus|Thundurus, M|82\/300 brn
|
|-heal|p2a: Thundurus|100\/300 brn|[from] item: Leftovers
|-damage|p2a: Thundurus|63\/300 brn|[from] brn
|
|switch|p1a: Venusaur|Venusaur-Mega, M|268\/363
|-damage|p1a: Venusaur|223\/363|[from] Stealth Rock
|turn|32
|
|move|p2a: Thundurus|Thunder Wave|p1a: Venusaur
|-status|p1a: Venusaur|par
|move|p1a: Venusaur|Synthesis|p1a: Venusaur
|-heal|p1a: Venusaur|363\/363 par
|
|-heal|p2a: Thundurus|81\/300 brn|[from] item: Leftovers
|-damage|p2a: Thundurus|44\/300 brn|[from] brn
|turn|33
|
|move|p2a: Thundurus|Volt Switch|p1a: Venusaur
|-resisted|p1a: Venusaur
|-damage|p1a: Venusaur|304\/363 par
|
|switch|p2a: Gallade|Gallade-Mega, M, shiny|243\/277
|move|p1a: Venusaur|Leech Seed|p2a: Gallade
|-start|p2a: Gallade|move: Leech Seed
|
|-damage|p2a: Gallade|209\/277|[from] Leech Seed|[of] p1a: Venusaur
|-heal|p1a: Venusaur|338\/363 par|[silent]
|turn|34
|
|switch|p2a: Bisharp|Bisharp, F, shiny|145\/271
|switch|p1a: Slowbro|Slowbro, M|393\/393
|-damage|p1a: Slowbro|344\/393|[from] Stealth Rock
|
|turn|35
|
|switch|p1a: Venusaur|Venusaur-Mega, M|338\/363 par
|-damage|p1a: Venusaur|293\/363 par|[from] Stealth Rock
|move|p2a: Bisharp|Swords Dance|p2a: Bisharp
|-boost|p2a: Bisharp|atk|2
|
|turn|36
|
|switch|p1a: Slowbro|Slowbro, M|393\/393
|-damage|p1a: Slowbro|344\/393|[from] Stealth Rock
|move|p2a: Bisharp|Iron Head|p1a: Slowbro
|-resisted|p1a: Slowbro
|-damage|p1a: Slowbro|239\/393
|-damage|p2a: Bisharp|100\/271|[from] item: Rocky Helmet|[of] p1a: Slowbro
|
|turn|37
|
|switch|p1a: Venusaur|Venusaur-Mega, M|293\/363 par
|-damage|p1a: Venusaur|248\/363 par|[from] Stealth Rock
|move|p2a: Bisharp|Knock Off|p1a: Venusaur
|-damage|p1a: Venusaur|94\/363 par
|
|turn|38
|
|move|p2a: Bisharp|Knock Off|p1a: Venusaur
|-damage|p1a: Venusaur|0 fnt
|faint|p1a: Venusaur
|
|
|switch|p1a: Excadrill|Excadrill, M|362\/362
|-damage|p1a: Excadrill|351\/362|[from] Stealth Rock
|-ability|p1a: Excadrill|Mold Breaker
|turn|39
|
|move|p2a: Bisharp|Sucker Punch|p1a: Excadrill
|-damage|p1a: Excadrill|0 fnt
|faint|p1a: Excadrill
|
|-message|Scizeon forfeited.
|
|win|King0fKnights
|raw|Ladder updating...
|leave|Scizeon
|player|p1
|raw|Scizeon's rating: 1573 &rarr; <strong>1549<\/strong><br \/>(-24 for losing)
|raw|King0fKnights's rating: 1450 &rarr; <strong>1477<\/strong><br \/>(+27 for winning)
|c|★King0fKnights|gg wp