|join|PBC Ishaan
|join|Nakitek
|player|p1|PBC Ishaan|25
|player|p2|Nakitek|143
|gametype|singles
|gen|6
|tier|OU
|rated
|clearpoke
|poke|p1|Slowbro, F
|poke|p1|Ferrothorn, F
|poke|p1|Heatran, F
|poke|p1|Tentacruel, F
|poke|p1|Landorus-Therian, M
|poke|p1|Bisharp, M
|poke|p2|Clefable, F
|poke|p2|Mew
|poke|p2|Heatran, F
|poke|p2|Gothitelle, F
|poke|p2|Suicune
|poke|p2|Sableye, M
|rule|Swagger Clause: Swagger is banned
|rule|Baton Pass Clause: Limit one Pokémon knowing Baton Pass
|rule|Sleep Clause Mod: Limit one foe put to sleep
|rule|Species Clause: Limit one of each Pokémon
|rule|OHKO Clause: OHKO moves are banned
|rule|Moody Clause: Moody is banned
|rule|Evasion Moves Clause: Evasion moves are banned
|rule|Endless Battle Clause: Forcing endless battles is banned
|rule|HP Percentage Mod: HP is shown in percentages
|teampreview
|
|start
|switch|p1a: Landorus-Therian|Landorus-Therian, M|327\/327
|switch|p2a: Stich|Sableye, M|303\/303
|-ability|p1a: Landorus-Therian|Intimidate|[of] p2a: Stich
|-unboost|p2a: Stich|atk|1
|turn|1
|
|switch|p1a: Heatran|Heatran, F|337\/337
|-item|p1a: Heatran|Air Balloon
|detailschange|p2a: Stich|Sableye-Mega, M
|-mega|p2a: Stich|Sableye|Sablenite
|move|p2a: Stich|Calm Mind|p2a: Stich
|-boost|p2a: Stich|spa|1
|-boost|p2a: Stich|spd|1
|
|turn|2
|
|switch|p1a: Tentacruel|Tentacruel, F|364\/364
|move|p2a: Stich|Calm Mind|p2a: Stich
|-boost|p2a: Stich|spa|1
|-boost|p2a: Stich|spd|1
|
|turn|3
|
|move|p1a: Tentacruel|Acid Spray|p2a: Stich
|-resisted|p2a: Stich
|-damage|p2a: Stich|294\/303
|-unboost|p2a: Stich|spd|2
|move|p2a: Stich|Will-O-Wisp|p1a: Tentacruel
|-status|p1a: Tentacruel|brn
|
|-damage|p1a: Tentacruel|319\/364 brn|[from] brn
|turn|4
|
|switch|p2a: Vulcan|Heatran, F|385\/385
|move|p1a: Tentacruel|Acid Spray|p2a: Vulcan
|-immune|p2a: Vulcan|[msg]
|
|-heal|p1a: Tentacruel|341\/364 brn|[from] item: Black Sludge
|-damage|p1a: Tentacruel|296\/364 brn|[from] brn
|turn|5
|
|move|p1a: Tentacruel|Toxic Spikes|p2a: Vulcan
|-sidestart|p2: Nakitek|move: Toxic Spikes
|move|p2a: Vulcan|Earth Power|p1a: Tentacruel
|-supereffective|p1a: Tentacruel
|-damage|p1a: Tentacruel|130\/364 brn
|-unboost|p1a: Tentacruel|spd|1
|
|-heal|p1a: Tentacruel|152\/364 brn|[from] item: Black Sludge
|-damage|p1a: Tentacruel|107\/364 brn|[from] brn
|turn|6
|
|switch|p1a: Slowbro|Slowbro, F|391\/391
|switch|p2a: Stich|Sableye-Mega, M|294\/303
|-status|p2a: Stich|psn
|
|-damage|p2a: Stich|257\/303 psn|[from] psn
|turn|7
|
|switch|p2a: Rihanna|Gothitelle, F|344\/344
|-status|p2a: Rihanna|psn
|detailschange|p1a: Slowbro|Slowbro-Mega, F
|-mega|p1a: Slowbro|Slowbro|Slowbronite
|move|p1a: Slowbro|Scald|p2a: Rihanna
|-damage|p2a: Rihanna|206\/344 psn
|
|-heal|p2a: Rihanna|227\/344 psn|[from] item: Leftovers
|-damage|p2a: Rihanna|184\/344 psn|[from] psn
|turn|8
|
|switch|p2a: Mew|Mew|403\/403
|-status|p2a: Mew|psn
|move|p1a: Slowbro|Scald|p2a: Mew
|-damage|p2a: Mew|241\/403 psn
|
|-heal|p2a: Mew|266\/403 psn|[from] item: Leftovers
|-damage|p2a: Mew|216\/403 psn|[from] psn
|turn|9
|
|move|p2a: Mew|Amnesia|p2a: Mew
|-boost|p2a: Mew|spd|2
|move|p1a: Slowbro|Scald|p2a: Mew
|-damage|p2a: Mew|137\/403 psn
|
|-heal|p2a: Mew|162\/403 psn|[from] item: Leftovers
|-damage|p2a: Mew|112\/403 psn|[from] psn
|turn|10
|
|switch|p1a: Bisharp|Bisharp, M|289\/289
|move|p2a: Mew|Roost|p2a: Mew
|-heal|p2a: Mew|314\/403 psn
|
|-heal|p2a: Mew|339\/403 psn|[from] item: Leftovers
|-damage|p2a: Mew|289\/403 psn|[from] psn
|turn|11
|
|move|p2a: Mew|Barrier|p2a: Mew
|-boost|p2a: Mew|def|2
|move|p1a: Bisharp|Knock Off|p2a: Mew
|-supereffective|p2a: Mew
|-damage|p2a: Mew|110\/403 psn
|-enditem|p2a: Mew|Leftovers|[from] move: Knock Off|[of] p1a: Bisharp
|-damage|p1a: Bisharp|261\/289|[from] item: Life Orb
|
|-damage|p2a: Mew|60\/403 psn|[from] psn
|turn|12
|
|switch|p1a: Heatran|Heatran, F|337\/337
|-item|p1a: Heatran|Air Balloon
|move|p2a: Mew|Baton Pass|p2a: Mew
|
|switch|p2a: Rihanna|Gothitelle, F|184\/344 psn
|
|-heal|p2a: Rihanna|205\/344 psn|[from] item: Leftovers
|-damage|p2a: Rihanna|162\/344 psn|[from] psn
|turn|13
|
|move|p1a: Heatran|Stealth Rock|p2a: Rihanna
|-sidestart|p2: Nakitek|move: Stealth Rock
|move|p2a: Rihanna|Rest|p2a: Rihanna
|-status|p2a: Rihanna|slp
|-heal|p2a: Rihanna|344\/344 slp|[silent]
|-status|p2a: Rihanna|slp|[from] move: Rest
|
|turn|14
|
|move|p1a: Heatran|Flash Cannon|p2a: Rihanna
|-damage|p2a: Rihanna|275\/344 slp
|cant|p2a: Rihanna|slp
|
|-heal|p2a: Rihanna|296\/344 slp|[from] item: Leftovers
|turn|15
|
|move|p1a: Heatran|Flash Cannon|p2a: Rihanna
|-damage|p2a: Rihanna|218\/344 slp
|cant|p2a: Rihanna|slp
|
|-heal|p2a: Rihanna|239\/344 slp|[from] item: Leftovers
|turn|16
|
|move|p1a: Heatran|Flash Cannon|p2a: Rihanna
|-damage|p2a: Rihanna|164\/344 slp
|-curestatus|p2a: Rihanna|slp
|move|p2a: Rihanna|Calm Mind|p2a: Rihanna
|-boost|p2a: Rihanna|spa|1
|-boost|p2a: Rihanna|spd|1
|
|-heal|p2a: Rihanna|185\/344|[from] item: Leftovers
|turn|17
|
|move|p1a: Heatran|Fire Blast|p2a: Rihanna
|-damage|p2a: Rihanna|104\/344
|move|p2a: Rihanna|Calm Mind|p2a: Rihanna
|-boost|p2a: Rihanna|spa|1
|-boost|p2a: Rihanna|spd|1
|
|-heal|p2a: Rihanna|125\/344|[from] item: Leftovers
|turn|18
|
|move|p1a: Heatran|Flash Cannon|p2a: Rihanna
|-damage|p2a: Rihanna|80\/344
|move|p2a: Rihanna|Rest|p2a: Rihanna
|-status|p2a: Rihanna|slp
|-heal|p2a: Rihanna|344\/344 slp|[silent]
|-status|p2a: Rihanna|slp|[from] move: Rest
|
|turn|19
|
|move|p1a: Heatran|Flash Cannon|p2a: Rihanna
|-damage|p2a: Rihanna|295\/344 slp
|cant|p2a: Rihanna|slp
|
|-heal|p2a: Rihanna|316\/344 slp|[from] item: Leftovers
|turn|20
|
|move|p1a: Heatran|Flash Cannon|p2a: Rihanna
|-damage|p2a: Rihanna|270\/344 slp
|cant|p2a: Rihanna|slp
|
|-heal|p2a: Rihanna|291\/344 slp|[from] item: Leftovers
|turn|21
|
|move|p1a: Heatran|Flash Cannon|p2a: Rihanna
|-damage|p2a: Rihanna|246\/344 slp
|-curestatus|p2a: Rihanna|slp
|move|p2a: Rihanna|Calm Mind|p2a: Rihanna
|-boost|p2a: Rihanna|spa|1
|-boost|p2a: Rihanna|spd|1
|
|-heal|p2a: Rihanna|267\/344|[from] item: Leftovers
|turn|22
|
|move|p1a: Heatran|Flash Cannon|p2a: Rihanna
|-damage|p2a: Rihanna|227\/344
|move|p2a: Rihanna|Calm Mind|p2a: Rihanna
|-boost|p2a: Rihanna|spa|1
|-boost|p2a: Rihanna|spd|1
|
|-heal|p2a: Rihanna|248\/344|[from] item: Leftovers
|turn|23
|
|move|p1a: Heatran|Flash Cannon|p2a: Rihanna
|-damage|p2a: Rihanna|215\/344
|-unboost|p2a: Rihanna|spd|1
|move|p2a: Rihanna|Thunderbolt|p1a: Heatran
|-crit|p1a: Heatran
|-damage|p1a: Heatran|35\/337
|-enditem|p1a: Heatran|Air Balloon
|
|-heal|p2a: Rihanna|236\/344|[from] item: Leftovers
|turn|24
|
|move|p1a: Heatran|Flash Cannon|p2a: Rihanna
|-damage|p2a: Rihanna|193\/344
|-unboost|p2a: Rihanna|spd|1
|move|p2a: Rihanna|Calm Mind|p2a: Rihanna
|-boost|p2a: Rihanna|spa|1
|-boost|p2a: Rihanna|spd|1
|
|-heal|p2a: Rihanna|214\/344|[from] item: Leftovers
|turn|25
|
|move|p1a: Heatran|Flash Cannon|p2a: Rihanna
|-damage|p2a: Rihanna|175\/344
|move|p2a: Rihanna|Calm Mind|p2a: Rihanna
|-boost|p2a: Rihanna|spa|1
|-boost|p2a: Rihanna|spd|1
|
|-heal|p2a: Rihanna|196\/344|[from] item: Leftovers
|turn|26
|
|move|p1a: Heatran|Flash Cannon|p2a: Rihanna
|-damage|p2a: Rihanna|157\/344
|move|p2a: Rihanna|Rest|p2a: Rihanna
|-status|p2a: Rihanna|slp
|-heal|p2a: Rihanna|344\/344 slp|[silent]
|-status|p2a: Rihanna|slp|[from] move: Rest
|
|turn|27
|
|move|p1a: Heatran|Flash Cannon|p2a: Rihanna
|-crit|p2a: Rihanna
|-damage|p2a: Rihanna|133\/344 slp
|-unboost|p2a: Rihanna|spd|1
|cant|p2a: Rihanna|slp
|
|-heal|p2a: Rihanna|154\/344 slp|[from] item: Leftovers
|turn|28
|
|move|p1a: Heatran|Flash Cannon|p2a: Rihanna
|-damage|p2a: Rihanna|111\/344 slp
|cant|p2a: Rihanna|slp
|
|-heal|p2a: Rihanna|132\/344 slp|[from] item: Leftovers
|turn|29
|
|move|p1a: Heatran|Fire Blast|p2a: Rihanna
|-damage|p2a: Rihanna|74\/344 slp
|-curestatus|p2a: Rihanna|slp
|move|p2a: Rihanna|Rest|p2a: Rihanna
|-status|p2a: Rihanna|slp
|-heal|p2a: Rihanna|344\/344 slp|[silent]
|-status|p2a: Rihanna|slp|[from] move: Rest
|
|turn|30
|
|move|p1a: Heatran|Flash Cannon|p2a: Rihanna
|-damage|p2a: Rihanna|299\/344 slp
|cant|p2a: Rihanna|slp
|
|-heal|p2a: Rihanna|320\/344 slp|[from] item: Leftovers
|turn|31
|
|move|p1a: Heatran|Flash Cannon|p2a: Rihanna
|-damage|p2a: Rihanna|280\/344 slp
|cant|p2a: Rihanna|slp
|
|-heal|p2a: Rihanna|301\/344 slp|[from] item: Leftovers
|turn|32
|
|move|p1a: Heatran|Earth Power|p2a: Rihanna
|-damage|p2a: Rihanna|269\/344 slp
|-curestatus|p2a: Rihanna|slp
|move|p2a: Rihanna|Thunderbolt|p1a: Heatran
|-damage|p1a: Heatran|0 fnt
|faint|p1a: Heatran
|
|-heal|p2a: Rihanna|290\/344|[from] item: Leftovers
|
|switch|p1a: Landorus-Therian|Landorus-Therian, M|327\/327
|-ability|p1a: Landorus-Therian|Intimidate|[of] p2a: Rihanna
|-unboost|p2a: Rihanna|atk|1
|turn|33
|
|move|p1a: Landorus-Therian|U-turn|p2a: Rihanna
|-supereffective|p2a: Rihanna
|-damage|p2a: Rihanna|222\/344
|
|switch|p1a: Bisharp|Bisharp, M|261\/289
|move|p2a: Rihanna|Psyshock|p1a: Bisharp
|-immune|p1a: Bisharp|[msg]
|
|-heal|p2a: Rihanna|243\/344|[from] item: Leftovers
|turn|34
|
|move|p1a: Bisharp|Knock Off|p2a: Rihanna
|-supereffective|p2a: Rihanna
|-damage|p2a: Rihanna|87\/344
|-enditem|p2a: Rihanna|Leftovers|[from] move: Knock Off|[of] p1a: Bisharp
|-damage|p1a: Bisharp|233\/289|[from] item: Life Orb
|move|p2a: Rihanna|Thunderbolt|p1a: Bisharp
|-damage|p1a: Bisharp|0 fnt
|faint|p1a: Bisharp
|
|
|switch|p1a: Landorus-Therian|Landorus-Therian, M|327\/327
|-ability|p1a: Landorus-Therian|Intimidate|[of] p2a: Rihanna
|-unboost|p2a: Rihanna|atk|1
|turn|35
|
|move|p1a: Landorus-Therian|Knock Off|p2a: Rihanna
|-supereffective|p2a: Rihanna
|-damage|p2a: Rihanna|23\/344
|move|p2a: Rihanna|Psyshock|p1a: Landorus-Therian
|-damage|p1a: Landorus-Therian|0 fnt
|faint|p1a: Landorus-Therian
|
|
|switch|p1a: Tentacruel|Tentacruel, F|107\/364 brn
|turn|36
|
|move|p1a: Tentacruel|Scald|p2a: Rihanna
|-damage|p2a: Rihanna|1\/344
|move|p2a: Rihanna|Thunderbolt|p1a: Tentacruel
|-supereffective|p1a: Tentacruel
|-damage|p1a: Tentacruel|0 fnt
|faint|p1a: Tentacruel
|
|
|switch|p1a: Ferrothorn|Ferrothorn, F|351\/351
|turn|37
|
|move|p2a: Rihanna|Rest|p2a: Rihanna
|-status|p2a: Rihanna|slp
|-heal|p2a: Rihanna|344\/344 slp|[silent]
|-status|p2a: Rihanna|slp|[from] move: Rest
|move|p1a: Ferrothorn|Gyro Ball|p2a: Rihanna
|-damage|p2a: Rihanna|299\/344 slp
|
|turn|38
|
|cant|p2a: Rihanna|slp
|move|p1a: Ferrothorn|Leech Seed|p2a: Rihanna
|-start|p2a: Rihanna|move: Leech Seed
|
|-damage|p2a: Rihanna|256\/344 slp|[from] Leech Seed|[of] p1a: Ferrothorn
|turn|39
|
|cant|p2a: Rihanna|slp
|move|p1a: Ferrothorn|Gyro Ball|p2a: Rihanna
|-crit|p2a: Rihanna
|-damage|p2a: Rihanna|118\/344 slp
|
|-damage|p2a: Rihanna|75\/344 slp|[from] Leech Seed|[of] p1a: Ferrothorn
|turn|40
|
|-curestatus|p2a: Rihanna|slp
|move|p2a: Rihanna|Rest|p2a: Rihanna
|-status|p2a: Rihanna|slp
|-heal|p2a: Rihanna|344\/344 slp|[silent]
|-status|p2a: Rihanna|slp|[from] move: Rest
|move|p1a: Ferrothorn|Gyro Ball|p2a: Rihanna
|-damage|p2a: Rihanna|295\/344 slp
|
|-damage|p2a: Rihanna|252\/344 slp|[from] Leech Seed|[of] p1a: Ferrothorn
|turn|41
|
|cant|p2a: Rihanna|slp
|move|p1a: Ferrothorn|Spikes|p2a: Rihanna
|-sidestart|p2: Nakitek|Spikes
|
|-damage|p2a: Rihanna|209\/344 slp|[from] Leech Seed|[of] p1a: Ferrothorn
|turn|42
|
|cant|p2a: Rihanna|slp
|move|p1a: Ferrothorn|Spikes|p2a: Rihanna
|-sidestart|p2: Nakitek|Spikes
|
|-damage|p2a: Rihanna|166\/344 slp|[from] Leech Seed|[of] p1a: Ferrothorn
|turn|43
|
|-curestatus|p2a: Rihanna|slp
|move|p2a: Rihanna|Psyshock|p1a: Ferrothorn
|-resisted|p1a: Ferrothorn
|-damage|p1a: Ferrothorn|210\/351
|move|p1a: Ferrothorn|Gyro Ball|p2a: Rihanna
|-damage|p2a: Rihanna|120\/344
|
|-heal|p1a: Ferrothorn|231\/351|[from] item: Leftovers
|-damage|p2a: Rihanna|77\/344|[from] Leech Seed|[of] p1a: Ferrothorn
|-heal|p1a: Ferrothorn|274\/351|[silent]
|turn|44
|
|move|p2a: Rihanna|Psyshock|p1a: Ferrothorn
|-resisted|p1a: Ferrothorn
|-damage|p1a: Ferrothorn|145\/351
|move|p1a: Ferrothorn|Gyro Ball|p2a: Rihanna
|-damage|p2a: Rihanna|29\/344
|
|-heal|p1a: Ferrothorn|166\/351|[from] item: Leftovers
|-damage|p2a: Rihanna|0 fnt|[from] Leech Seed|[of] p1a: Ferrothorn
|-heal|p1a: Ferrothorn|195\/351|[silent]
|faint|p2a: Rihanna
|
|switch|p2a: Kevin|Clefable, F|394\/394
|-damage|p2a: Kevin|345\/394|[from] Stealth Rock
|-status|p2a: Kevin|psn
|-damage|p2a: Kevin|280\/394 psn|[from] Spikes
|turn|45
|
|move|p2a: Kevin|Flamethrower|p1a: Ferrothorn
|-supereffective|p1a: Ferrothorn
|-damage|p1a: Ferrothorn|11\/351
|move|p1a: Ferrothorn|Leech Seed|p2a: Kevin
|-start|p2a: Kevin|move: Leech Seed
|
|-heal|p2a: Kevin|304\/394 psn|[from] item: Leftovers
|-heal|p1a: Ferrothorn|32\/351|[from] item: Leftovers
|-damage|p2a: Kevin|255\/394 psn|[from] Leech Seed|[of] p1a: Ferrothorn
|-heal|p1a: Ferrothorn|81\/351|[silent]
|-damage|p2a: Kevin|206\/394 psn|[from] psn
|turn|46
|
|switch|p2a: Vulcan|Heatran, F|385\/385
|-damage|p2a: Vulcan|321\/385|[from] Spikes
|-damage|p2a: Vulcan|273\/385|[from] Stealth Rock
|switch|p1a: Slowbro|Slowbro-Mega, F|391\/391
|
|turn|47
|
|move|p2a: Vulcan|Will-O-Wisp|p1a: Slowbro
|-status|p1a: Slowbro|brn
|move|p1a: Slowbro|Scald|p2a: Vulcan
|-supereffective|p2a: Vulcan
|-damage|p2a: Vulcan|0 fnt
|faint|p2a: Vulcan
|
|-damage|p1a: Slowbro|343\/391 brn|[from] brn
|
|switch|p2a: Stich|Sableye-Mega, M|257\/303 psn
|-damage|p2a: Stich|220\/303 psn|[from] Stealth Rock
|-damage|p2a: Stich|170\/303 psn|[from] Spikes
|turn|48
|
|move|p1a: Slowbro|Slack Off|p1a: Slowbro
|-heal|p1a: Slowbro|391\/391 brn
|move|p2a: Stich|Shadow Ball|p1a: Slowbro
|-supereffective|p1a: Slowbro
|-damage|p1a: Slowbro|215\/391 brn
|
|-damage|p1a: Slowbro|167\/391 brn|[from] brn
|-damage|p2a: Stich|133\/303 psn|[from] psn
|turn|49
|
|move|p1a: Slowbro|Slack Off|p1a: Slowbro
|-heal|p1a: Slowbro|363\/391 brn
|move|p2a: Stich|Recover|p2a: Stich
|-heal|p2a: Stich|285\/303 psn
|
|-damage|p1a: Slowbro|315\/391 brn|[from] brn
|-damage|p2a: Stich|248\/303 psn|[from] psn
|turn|50
|
|move|p1a: Slowbro|Scald|p2a: Stich
|-damage|p2a: Stich|107\/303 psn
|move|p2a: Stich|Calm Mind|p2a: Stich
|-boost|p2a: Stich|spa|1
|-boost|p2a: Stich|spd|1
|
|-damage|p1a: Slowbro|267\/391 brn|[from] brn
|-damage|p2a: Stich|70\/303 psn|[from] psn
|turn|51
|
|move|p1a: Slowbro|Scald|p2a: Stich
|-crit|p2a: Stich
|-damage|p2a: Stich|0 fnt
|faint|p2a: Stich
|
|-damage|p1a: Slowbro|219\/391 brn|[from] brn
|
|switch|p2a: Okami|Suicune|404\/404
|-status|p2a: Okami|psn
|-damage|p2a: Okami|354\/404 psn|[from] Stealth Rock
|-damage|p2a: Okami|287\/404 psn|[from] Spikes
|-ability|p2a: Okami|Pressure
|turn|52
|
|switch|p1a: Ferrothorn|Ferrothorn, F|81\/351
|move|p2a: Okami|Calm Mind|p2a: Okami
|-boost|p2a: Okami|spa|1
|-boost|p2a: Okami|spd|1
|
|-heal|p2a: Okami|312\/404 psn|[from] item: Leftovers
|-heal|p1a: Ferrothorn|102\/351|[from] item: Leftovers
|-damage|p2a: Okami|262\/404 psn|[from] psn
|turn|53
|
|move|p2a: Okami|Scald|p1a: Ferrothorn
|-resisted|p1a: Ferrothorn
|-damage|p1a: Ferrothorn|59\/351
|move|p1a: Ferrothorn|Leech Seed|p2a: Okami
|-start|p2a: Okami|move: Leech Seed
|
|-heal|p2a: Okami|287\/404 psn|[from] item: Leftovers
|-heal|p1a: Ferrothorn|80\/351|[from] item: Leftovers
|-damage|p2a: Okami|237\/404 psn|[from] Leech Seed|[of] p1a: Ferrothorn
|-heal|p1a: Ferrothorn|130\/351|[silent]
|-damage|p2a: Okami|187\/404 psn|[from] psn
|turn|54
|
|switch|p1a: Slowbro|Slowbro-Mega, F|219\/391 brn
|move|p2a: Okami|Rest|p2a: Okami
|-status|p2a: Okami|slp
|-heal|p2a: Okami|404\/404 slp|[silent]
|-status|p2a: Okami|slp|[from] move: Rest
|
|-damage|p2a: Okami|354\/404 slp|[from] Leech Seed|[of] p1a: Slowbro
|-heal|p1a: Slowbro|269\/391 brn|[silent]
|-damage|p1a: Slowbro|221\/391 brn|[from] brn
|turn|55
|
|cant|p2a: Okami|slp
|move|p2a: Okami|Sleep Talk|p2a: Okami
|move|p2a: Okami|Calm Mind|p2a: Okami|[from]Sleep Talk
|-boost|p2a: Okami|spa|1
|-boost|p2a: Okami|spd|1
|move|p1a: Slowbro|Psyshock|p2a: Okami
|-damage|p2a: Okami|243\/404 slp
|
|-heal|p2a: Okami|268\/404 slp|[from] item: Leftovers
|-damage|p2a: Okami|218\/404 slp|[from] Leech Seed|[of] p1a: Slowbro
|-heal|p1a: Slowbro|271\/391 brn|[silent]
|-damage|p1a: Slowbro|223\/391 brn|[from] brn
|turn|56
|
|cant|p2a: Okami|slp
|move|p2a: Okami|Sleep Talk|p2a: Okami
|move|p2a: Okami|Rest|p2a: Okami|[from]Sleep Talk
|-fail|p2a: Okami
|move|p1a: Slowbro|Slack Off|p1a: Slowbro
|-heal|p1a: Slowbro|391\/391 brn
|
|-heal|p2a: Okami|243\/404 slp|[from] item: Leftovers
|-damage|p2a: Okami|193\/404 slp|[from] Leech Seed|[of] p1a: Slowbro
|-damage|p1a: Slowbro|343\/391 brn|[from] brn
|turn|57
|
|-curestatus|p2a: Okami|slp
|move|p2a: Okami|Calm Mind|p2a: Okami
|-boost|p2a: Okami|spa|1
|-boost|p2a: Okami|spd|1
|move|p1a: Slowbro|Psyshock|p2a: Okami
|-damage|p2a: Okami|99\/404
|
|-heal|p2a: Okami|124\/404|[from] item: Leftovers
|-damage|p2a: Okami|74\/404|[from] Leech Seed|[of] p1a: Slowbro
|-heal|p1a: Slowbro|391\/391 brn|[silent]
|-damage|p1a: Slowbro|343\/391 brn|[from] brn
|turn|58
|
|move|p2a: Okami|Rest|p2a: Okami
|-status|p2a: Okami|slp
|-heal|p2a: Okami|404\/404 slp|[silent]
|-status|p2a: Okami|slp|[from] move: Rest
|move|p1a: Slowbro|Psyshock|p2a: Okami
|-damage|p2a: Okami|304\/404 slp
|
|-heal|p2a: Okami|329\/404 slp|[from] item: Leftovers
|-damage|p2a: Okami|279\/404 slp|[from] Leech Seed|[of] p1a: Slowbro
|-heal|p1a: Slowbro|391\/391 brn|[silent]
|-damage|p1a: Slowbro|343\/391 brn|[from] brn
|turn|59
|
|cant|p2a: Okami|slp
|move|p2a: Okami|Sleep Talk|p2a: Okami
|move|p2a: Okami|Rest|p2a: Okami|[from]Sleep Talk
|-fail|p2a: Okami
|move|p1a: Slowbro|Psyshock|p2a: Okami
|-damage|p2a: Okami|185\/404 slp
|
|-heal|p2a: Okami|210\/404 slp|[from] item: Leftovers
|-damage|p2a: Okami|160\/404 slp|[from] Leech Seed|[of] p1a: Slowbro
|-heal|p1a: Slowbro|391\/391 brn|[silent]
|-damage|p1a: Slowbro|343\/391 brn|[from] brn
|turn|60
|
|cant|p2a: Okami|slp
|move|p2a: Okami|Sleep Talk|p2a: Okami
|move|p2a: Okami|Rest|p2a: Okami|[from]Sleep Talk
|-fail|p2a: Okami
|move|p1a: Slowbro|Psyshock|p2a: Okami
|-damage|p2a: Okami|61\/404 slp
|
|-heal|p2a: Okami|86\/404 slp|[from] item: Leftovers
|-damage|p2a: Okami|36\/404 slp|[from] Leech Seed|[of] p1a: Slowbro
|-heal|p1a: Slowbro|391\/391 brn|[silent]
|-damage|p1a: Slowbro|343\/391 brn|[from] brn
|turn|61
|
|-curestatus|p2a: Okami|slp
|move|p2a: Okami|Rest|p2a: Okami
|-status|p2a: Okami|slp
|-heal|p2a: Okami|404\/404 slp|[silent]
|-status|p2a: Okami|slp|[from] move: Rest
|move|p1a: Slowbro|Psyshock|p2a: Okami
|-damage|p2a: Okami|305\/404 slp
|
|-heal|p2a: Okami|330\/404 slp|[from] item: Leftovers
|-damage|p2a: Okami|280\/404 slp|[from] Leech Seed|[of] p1a: Slowbro
|-heal|p1a: Slowbro|391\/391 brn|[silent]
|-damage|p1a: Slowbro|343\/391 brn|[from] brn
|turn|62
|
|cant|p2a: Okami|slp
|move|p2a: Okami|Sleep Talk|p2a: Okami
|move|p2a: Okami|Calm Mind|p2a: Okami|[from]Sleep Talk
|-boost|p2a: Okami|spa|1
|-boost|p2a: Okami|spd|1
|move|p1a: Slowbro|Scald|p2a: Okami
|-resisted|p2a: Okami
|-damage|p2a: Okami|258\/404 slp
|
|-heal|p2a: Okami|283\/404 slp|[from] item: Leftovers
|-damage|p2a: Okami|233\/404 slp|[from] Leech Seed|[of] p1a: Slowbro
|-heal|p1a: Slowbro|391\/391 brn|[silent]
|-damage|p1a: Slowbro|343\/391 brn|[from] brn
|turn|63
|
|cant|p2a: Okami|slp
|move|p2a: Okami|Sleep Talk|p2a: Okami
|move|p2a: Okami|Rest|p2a: Okami|[from]Sleep Talk
|-fail|p2a: Okami
|move|p1a: Slowbro|Psyshock|p2a: Okami
|-damage|p2a: Okami|130\/404 slp
|
|-heal|p2a: Okami|155\/404 slp|[from] item: Leftovers
|-damage|p2a: Okami|105\/404 slp|[from] Leech Seed|[of] p1a: Slowbro
|-heal|p1a: Slowbro|391\/391 brn|[silent]
|-damage|p1a: Slowbro|343\/391 brn|[from] brn
|turn|64
|
|-curestatus|p2a: Okami|slp
|move|p2a: Okami|Rest|p2a: Okami
|-status|p2a: Okami|slp
|-heal|p2a: Okami|404\/404 slp|[silent]
|-status|p2a: Okami|slp|[from] move: Rest
|move|p1a: Slowbro|Psyshock|p2a: Okami
|-damage|p2a: Okami|305\/404 slp
|
|-heal|p2a: Okami|330\/404 slp|[from] item: Leftovers
|-damage|p2a: Okami|280\/404 slp|[from] Leech Seed|[of] p1a: Slowbro
|-heal|p1a: Slowbro|391\/391 brn|[silent]
|-damage|p1a: Slowbro|343\/391 brn|[from] brn
|turn|65
|
|cant|p2a: Okami|slp
|move|p2a: Okami|Sleep Talk|p2a: Okami
|move|p2a: Okami|Scald|p1a: Slowbro|[from]Sleep Talk
|-resisted|p1a: Slowbro
|-damage|p1a: Slowbro|178\/391 brn
|move|p1a: Slowbro|Scald|p2a: Okami
|-resisted|p2a: Okami
|-damage|p2a: Okami|256\/404 slp
|
|-heal|p2a: Okami|281\/404 slp|[from] item: Leftovers
|-damage|p2a: Okami|231\/404 slp|[from] Leech Seed|[of] p1a: Slowbro
|-heal|p1a: Slowbro|228\/391 brn|[silent]
|-damage|p1a: Slowbro|180\/391 brn|[from] brn
|turn|66
|
|cant|p2a: Okami|slp
|move|p2a: Okami|Sleep Talk|p2a: Okami
|move|p2a: Okami|Rest|p2a: Okami|[from]Sleep Talk
|-fail|p2a: Okami
|move|p1a: Slowbro|Slack Off|p1a: Slowbro
|-heal|p1a: Slowbro|376\/391 brn
|
|-heal|p2a: Okami|256\/404 slp|[from] item: Leftovers
|-damage|p2a: Okami|206\/404 slp|[from] Leech Seed|[of] p1a: Slowbro
|-heal|p1a: Slowbro|391\/391 brn|[silent]
|-damage|p1a: Slowbro|343\/391 brn|[from] brn
|turn|67
|
|switch|p1a: Ferrothorn|Ferrothorn, F|130\/351
|-curestatus|p2a: Okami|slp
|move|p2a: Okami|Calm Mind|p2a: Okami
|-boost|p2a: Okami|spa|1
|-boost|p2a: Okami|spd|1
|
|-heal|p2a: Okami|231\/404|[from] item: Leftovers
|-heal|p1a: Ferrothorn|151\/351|[from] item: Leftovers
|-damage|p2a: Okami|181\/404|[from] Leech Seed|[of] p1a: Ferrothorn
|-heal|p1a: Ferrothorn|201\/351|[silent]
|turn|68
|
|move|p1a: Ferrothorn|Protect|p1a: Ferrothorn
|-singleturn|p1a: Ferrothorn|Protect
|move|p2a: Okami|Scald|p1a: Ferrothorn
|-activate|p1a: Ferrothorn|Protect
|
|-heal|p2a: Okami|206\/404|[from] item: Leftovers
|-heal|p1a: Ferrothorn|222\/351|[from] item: Leftovers
|-damage|p2a: Okami|156\/404|[from] Leech Seed|[of] p1a: Ferrothorn
|-heal|p1a: Ferrothorn|272\/351|[silent]
|turn|69
|
|move|p2a: Okami|Scald|p1a: Ferrothorn
|-resisted|p1a: Ferrothorn
|-damage|p1a: Ferrothorn|175\/351
|move|p1a: Ferrothorn|Gyro Ball|p2a: Okami
|-crit|p2a: Okami
|-resisted|p2a: Okami
|-damage|p2a: Okami|82\/404
|
|-heal|p2a: Okami|107\/404|[from] item: Leftovers
|-heal|p1a: Ferrothorn|196\/351|[from] item: Leftovers
|-damage|p2a: Okami|57\/404|[from] Leech Seed|[of] p1a: Ferrothorn
|-heal|p1a: Ferrothorn|246\/351|[silent]
|turn|70
|
|move|p2a: Okami|Rest|p2a: Okami
|-status|p2a: Okami|slp
|-heal|p2a: Okami|404\/404 slp|[silent]
|-status|p2a: Okami|slp|[from] move: Rest
|move|p1a: Ferrothorn|Gyro Ball|p2a: Okami
|-resisted|p2a: Okami
|-damage|p2a: Okami|360\/404 slp
|
|-heal|p2a: Okami|385\/404 slp|[from] item: Leftovers
|-heal|p1a: Ferrothorn|267\/351|[from] item: Leftovers
|-damage|p2a: Okami|335\/404 slp|[from] Leech Seed|[of] p1a: Ferrothorn
|-heal|p1a: Ferrothorn|317\/351|[silent]
|turn|71
|
|cant|p2a: Okami|slp
|move|p2a: Okami|Sleep Talk|p2a: Okami
|move|p2a: Okami|Scald|p1a: Ferrothorn|[from]Sleep Talk
|-resisted|p1a: Ferrothorn
|-damage|p1a: Ferrothorn|209\/351
|move|p1a: Ferrothorn|Spikes|p2a: Okami
|-sidestart|p2: Nakitek|Spikes
|
|-heal|p2a: Okami|360\/404 slp|[from] item: Leftovers
|-heal|p1a: Ferrothorn|230\/351|[from] item: Leftovers
|-damage|p2a: Okami|310\/404 slp|[from] Leech Seed|[of] p1a: Ferrothorn
|-heal|p1a: Ferrothorn|280\/351|[silent]
|turn|72
|
|switch|p1a: Slowbro|Slowbro-Mega, F|343\/391 brn
|cant|p2a: Okami|slp
|move|p2a: Okami|Sleep Talk|p2a: Okami
|move|p2a: Okami|Calm Mind|p2a: Okami|[from]Sleep Talk
|-boost|p2a: Okami|spa|1
|-boost|p2a: Okami|spd|1
|
|-heal|p2a: Okami|335\/404 slp|[from] item: Leftovers
|-damage|p2a: Okami|285\/404 slp|[from] Leech Seed|[of] p1a: Slowbro
|-heal|p1a: Slowbro|391\/391 brn|[silent]
|-damage|p1a: Slowbro|343\/391 brn|[from] brn
|turn|73
|
|-curestatus|p2a: Okami|slp
|move|p2a: Okami|Scald|p1a: Slowbro
|-resisted|p1a: Slowbro
|-damage|p1a: Slowbro|144\/391 brn
|move|p1a: Slowbro|Scald|p2a: Okami
|-resisted|p2a: Okami
|-damage|p2a: Okami|268\/404
|-status|p2a: Okami|brn
|
|-heal|p2a: Okami|293\/404 brn|[from] item: Leftovers
|-damage|p2a: Okami|243\/404 brn|[from] Leech Seed|[of] p1a: Slowbro
|-heal|p1a: Slowbro|194\/391 brn|[silent]
|-damage|p2a: Okami|193\/404 brn|[from] brn
|-damage|p1a: Slowbro|146\/391 brn|[from] brn
|turn|74
|
|move|p2a: Okami|Scald|p1a: Slowbro
|-resisted|p1a: Slowbro
|-damage|p1a: Slowbro|0 fnt
|faint|p1a: Slowbro
|
|-heal|p2a: Okami|218\/404 brn|[from] item: Leftovers
|-damage|p2a: Okami|168\/404 brn|[from] brn
|
|switch|p1a: Ferrothorn|Ferrothorn, F|280\/351
|turn|75
|
|move|p1a: Ferrothorn|Protect|p1a: Ferrothorn
|-singleturn|p1a: Ferrothorn|Protect
|move|p2a: Okami|Rest|p2a: Okami
|-status|p2a: Okami|slp
|-heal|p2a: Okami|404\/404 slp|[silent]
|-status|p2a: Okami|slp|[from] move: Rest
|
|-heal|p1a: Ferrothorn|301\/351|[from] item: Leftovers
|-damage|p2a: Okami|354\/404 slp|[from] Leech Seed|[of] p1a: Ferrothorn
|-heal|p1a: Ferrothorn|351\/351|[silent]
|turn|76
|c|★Nakitek|gg
|
|move|p1a: Ferrothorn|Protect|p1a: Ferrothorn
|-singleturn|p1a: Ferrothorn|Protect
|cant|p2a: Okami|slp
|move|p2a: Okami|Sleep Talk|p2a: Okami
|move|p2a: Okami|Scald|p1a: Ferrothorn|[from]Sleep Talk
|-activate|p1a: Ferrothorn|Protect
|
|-heal|p2a: Okami|379\/404 slp|[from] item: Leftovers
|-damage|p2a: Okami|329\/404 slp|[from] Leech Seed|[of] p1a: Ferrothorn
|turn|77
|
|cant|p2a: Okami|slp
|move|p2a: Okami|Sleep Talk|p2a: Okami
|move|p2a: Okami|Scald|p1a: Ferrothorn|[from]Sleep Talk
|-resisted|p1a: Ferrothorn
|-damage|p1a: Ferrothorn|234\/351
|-status|p1a: Ferrothorn|brn
|move|p1a: Ferrothorn|Leech Seed|p2a: Okami
|-fail|p2a: Okami
|
|-heal|p2a: Okami|354\/404 slp|[from] item: Leftovers
|-heal|p1a: Ferrothorn|255\/351 brn|[from] item: Leftovers
|-damage|p2a: Okami|304\/404 slp|[from] Leech Seed|[of] p1a: Ferrothorn
|-heal|p1a: Ferrothorn|305\/351 brn|[silent]
|-damage|p1a: Ferrothorn|262\/351 brn|[from] brn
|turn|78
|
|-curestatus|p2a: Okami|slp
|move|p2a: Okami|Scald|p1a: Ferrothorn
|-resisted|p1a: Ferrothorn
|-damage|p1a: Ferrothorn|144\/351 brn
|move|p1a: Ferrothorn|Spikes|p2a: Okami
|-fail|p2a: Okami
|
|-heal|p2a: Okami|329\/404|[from] item: Leftovers
|-heal|p1a: Ferrothorn|165\/351 brn|[from] item: Leftovers
|-damage|p2a: Okami|279\/404|[from] Leech Seed|[of] p1a: Ferrothorn
|-heal|p1a: Ferrothorn|215\/351 brn|[silent]
|-damage|p1a: Ferrothorn|172\/351 brn|[from] brn
|turn|79
|
|move|p1a: Ferrothorn|Protect|p1a: Ferrothorn
|-singleturn|p1a: Ferrothorn|Protect
|move|p2a: Okami|Scald|p1a: Ferrothorn
|-activate|p1a: Ferrothorn|Protect
|
|-heal|p2a: Okami|304\/404|[from] item: Leftovers
|-heal|p1a: Ferrothorn|193\/351 brn|[from] item: Leftovers
|-damage|p2a: Okami|254\/404|[from] Leech Seed|[of] p1a: Ferrothorn
|-heal|p1a: Ferrothorn|243\/351 brn|[silent]
|-damage|p1a: Ferrothorn|200\/351 brn|[from] brn
|turn|80
|
|move|p1a: Ferrothorn|Protect|p1a: Ferrothorn
|-fail|p1a: Ferrothorn
|move|p2a: Okami|Scald|p1a: Ferrothorn
|-resisted|p1a: Ferrothorn
|-damage|p1a: Ferrothorn|90\/351 brn
|
|-heal|p2a: Okami|279\/404|[from] item: Leftovers
|-heal|p1a: Ferrothorn|111\/351 brn|[from] item: Leftovers
|-damage|p2a: Okami|229\/404|[from] Leech Seed|[of] p1a: Ferrothorn
|-heal|p1a: Ferrothorn|161\/351 brn|[silent]
|-damage|p1a: Ferrothorn|118\/351 brn|[from] brn
|turn|81
|
|move|p1a: Ferrothorn|Protect|p1a: Ferrothorn
|-singleturn|p1a: Ferrothorn|Protect
|move|p2a: Okami|Scald|p1a: Ferrothorn
|-activate|p1a: Ferrothorn|Protect
|
|-heal|p2a: Okami|254\/404|[from] item: Leftovers
|-heal|p1a: Ferrothorn|139\/351 brn|[from] item: Leftovers
|-damage|p2a: Okami|204\/404|[from] Leech Seed|[of] p1a: Ferrothorn
|-heal|p1a: Ferrothorn|189\/351 brn|[silent]
|-damage|p1a: Ferrothorn|146\/351 brn|[from] brn
|turn|82
|
|move|p2a: Okami|Scald|p1a: Ferrothorn
|-resisted|p1a: Ferrothorn
|-damage|p1a: Ferrothorn|31\/351 brn
|move|p1a: Ferrothorn|Spikes|p2a: Okami
|-fail|p2a: Okami
|
|-heal|p2a: Okami|229\/404|[from] item: Leftovers
|-heal|p1a: Ferrothorn|52\/351 brn|[from] item: Leftovers
|-damage|p2a: Okami|179\/404|[from] Leech Seed|[of] p1a: Ferrothorn
|-heal|p1a: Ferrothorn|102\/351 brn|[silent]
|-damage|p1a: Ferrothorn|59\/351 brn|[from] brn
|turn|83
|
|switch|p2a: Mew|Mew|60\/403 psn
|-damage|p2a: Mew|0 fnt|[from] Spikes
|faint|p2a: Mew
|move|p1a: Ferrothorn|Protect|p1a: Ferrothorn
|-fail|p1a: Ferrothorn
|
|-heal|p1a: Ferrothorn|80\/351 brn|[from] item: Leftovers
|-damage|p1a: Ferrothorn|37\/351 brn|[from] brn
|
|switch|p2a: Kevin|Clefable, F|206\/394 psn
|-damage|p2a: Kevin|108\/394 psn|[from] Spikes
|-damage|p2a: Kevin|59\/394 psn|[from] Stealth Rock
|turn|84
|
|move|p1a: Ferrothorn|Protect|p1a: Ferrothorn
|-singleturn|p1a: Ferrothorn|Protect
|move|p2a: Kevin|Flamethrower|p1a: Ferrothorn
|-activate|p1a: Ferrothorn|Protect
|
|-heal|p2a: Kevin|83\/394 psn|[from] item: Leftovers
|-heal|p1a: Ferrothorn|58\/351 brn|[from] item: Leftovers
|-damage|p2a: Kevin|34\/394 psn|[from] psn
|-damage|p1a: Ferrothorn|15\/351 brn|[from] brn
|turn|85
|
|move|p1a: Ferrothorn|Protect|p1a: Ferrothorn
|-singleturn|p1a: Ferrothorn|Protect
|move|p2a: Kevin|Flamethrower|p1a: Ferrothorn
|-activate|p1a: Ferrothorn|Protect
|
|-heal|p2a: Kevin|58\/394 psn|[from] item: Leftovers
|-heal|p1a: Ferrothorn|36\/351 brn|[from] item: Leftovers
|-damage|p2a: Kevin|9\/394 psn|[from] psn
|-damage|p1a: Ferrothorn|0 fnt|[from] brn
|faint|p1a: Ferrothorn
|
|win|Nakitek
|raw|Ladder updating...
|raw|PBC Ishaan's rating: 1522 &rarr; <strong>1502<\/strong><br \/>(-20 for losing)
|raw|Nakitek's rating: 1506 &rarr; <strong>1527<\/strong><br \/>(+21 for winning)
|c|★Nakitek|jesus that took a while....
|c|★Nakitek|gg again