|join|Shr3kt
|join|Reylks
|player|p1|Shr3kt|256
|player|p2|Reylks|144
|gametype|singles
|gen|6
|tier|OU
|rated
|clearpoke
|poke|p1|Latias, F
|poke|p1|Scizor, M
|poke|p1|Landorus-Therian, M
|poke|p1|Heatran, F
|poke|p1|Slowbro, M
|poke|p1|Conkeldurr, M
|poke|p2|Sylveon, F
|poke|p2|Dragonite, M, shiny
|poke|p2|Keldeo
|poke|p2|Talonflame, F
|poke|p2|Scizor, M
|poke|p2|Tyranitar, M
|rule|Swagger Clause: Swagger is banned
|rule|Baton Pass Clause: Limit one Pokémon knowing Baton Pass
|rule|Sleep Clause Mod: Limit one foe put to sleep
|rule|Species Clause: Limit one of each Pokémon
|rule|OHKO Clause: OHKO moves are banned
|rule|Moody Clause: Moody is banned
|rule|Evasion Moves Clause: Evasion moves are banned
|rule|Endless Battle Clause: Forcing endless battles is banned
|rule|HP Percentage Mod: HP is shown in percentages
|teampreview
|
|start
|switch|p1a: Conkeldurr|Conkeldurr, M|359\/359
|switch|p2a: Dragonite|Dragonite, M, shiny|323\/323
|turn|1
|
|switch|p2a: Scizor|Scizor, M|343\/343
|move|p1a: Conkeldurr|Knock Off|p2a: Scizor
|-damage|p2a: Scizor|274\/343
|
|turn|2
|
|switch|p1a: Heatran|Heatran, F|386\/386
|detailschange|p2a: Scizor|Scizor-Mega, M
|message|Scizor has Mega Evolved into Mega Scizor!
|move|p2a: Scizor|U-turn|p1a: Heatran
|-resisted|p1a: Heatran
|-damage|p1a: Heatran|359\/386
|
|switch|p2a: Dragonite|Dragonite, M, shiny|323\/323
|
|-heal|p1a: Heatran|383\/386|[from] item: Leftovers
|turn|3
|
|switch|p2a: Keldeo|Keldeo|323\/323
|switch|p1a: Landorus-Therian|Landorus-Therian, M|382\/382
|-ability|p1a: Landorus-Therian|Intimidate|[of] p2a: Keldeo
|-unboost|p2a: Keldeo|atk|1
|
|turn|4
|
|switch|p1a: Slowbro|Slowbro, M|394\/394
|move|p2a: Keldeo|Scald|p1a: Slowbro
|-resisted|p1a: Slowbro
|-damage|p1a: Slowbro|268\/394
|
|-heal|p1a: Slowbro|292\/394|[from] item: Leftovers
|turn|5
|
|switch|p2a: Sylveon|Sylveon, F|394\/394
|switch|p1a: Conkeldurr|Conkeldurr, M|359\/359
|
|turn|6
|
|switch|p2a: Keldeo|Keldeo|323\/323
|switch|p1a: Heatran|Heatran, F|383\/386
|
|-heal|p1a: Heatran|386\/386|[from] item: Leftovers
|turn|7
|
|switch|p1a: Slowbro|Slowbro, M|394\/394
|move|p2a: Keldeo|Scald|p1a: Slowbro
|-resisted|p1a: Slowbro
|-damage|p1a: Slowbro|262\/394
|-status|p1a: Slowbro|brn
|
|-heal|p1a: Slowbro|286\/394 brn|[from] item: Leftovers
|-damage|p1a: Slowbro|237\/394 brn|[from] brn
|turn|8
|
|switch|p2a: Tyranitar|Tyranitar, M|403\/403
|-weather|Sandstorm
|switch|p1a: Heatran|Heatran, F|386\/386
|
|-weather|Sandstorm|[upkeep]
|turn|9
|
|move|p1a: Heatran|Stealth Rock|p2a: Tyranitar
|-sidestart|p2: Reylks|move: Stealth Rock
|move|p2a: Tyranitar|Crunch|p1a: Heatran
|-damage|p1a: Heatran|277\/386
|-unboost|p1a: Heatran|def|1
|
|-weather|Sandstorm|[upkeep]
|-heal|p1a: Heatran|301\/386|[from] item: Leftovers
|turn|10
|
|switch|p1a: Conkeldurr|Conkeldurr, M|359\/359
|move|p2a: Tyranitar|Ice Beam|p1a: Conkeldurr
|-damage|p1a: Conkeldurr|315\/359
|
|-weather|Sandstorm|[upkeep]
|-damage|p1a: Conkeldurr|293\/359|[from] sandstorm
|turn|11
|
|switch|p2a: Scizor|Scizor-Mega, M|274\/343
|-damage|p2a: Scizor|232\/343|[from] Stealth Rock
|move|p1a: Conkeldurr|Drain Punch|p2a: Scizor
|-damage|p2a: Scizor|147\/343
|-heal|p1a: Conkeldurr|336\/359|[from] drain|[of] p2a: Scizor
|
|-weather|Sandstorm|[upkeep]
|-damage|p1a: Conkeldurr|314\/359|[from] sandstorm
|turn|12
|
|switch|p1a: Landorus-Therian|Landorus-Therian, M|382\/382
|-ability|p1a: Landorus-Therian|Intimidate|[of] p2a: Scizor
|-unboost|p2a: Scizor|atk|1
|move|p2a: Scizor|Roost|p2a: Scizor
|-heal|p2a: Scizor|319\/343
|
|-weather|none
|turn|13
|
|move|p1a: Landorus-Therian|U-turn|p2a: Scizor
|-resisted|p2a: Scizor
|-damage|p2a: Scizor|297\/343
|
|switch|p1a: Heatran|Heatran, F|301\/386
|move|p2a: Scizor|Defog|p1a: Heatran
|-unboost|p1a: Heatran|evasion|1
|-sideend|p2: Reylks|Stealth Rock|[from] move: Defog|[of] p2a: Scizor
|
|-heal|p1a: Heatran|325\/386|[from] item: Leftovers
|turn|14
|
|switch|p2a: Keldeo|Keldeo|323\/323
|move|p1a: Heatran|Stealth Rock|p2a: Keldeo
|-sidestart|p2: Reylks|move: Stealth Rock
|
|-heal|p1a: Heatran|349\/386|[from] item: Leftovers
|turn|15
|
|switch|p1a: Slowbro|Slowbro, M|368\/394 brn
|move|p2a: Keldeo|Scald|p1a: Slowbro
|-crit|p1a: Slowbro
|-resisted|p1a: Slowbro
|-damage|p1a: Slowbro|176\/394 brn
|
|-heal|p1a: Slowbro|200\/394 brn|[from] item: Leftovers
|-damage|p1a: Slowbro|151\/394 brn|[from] brn
|turn|16
|
|switch|p2a: Scizor|Scizor-Mega, M|297\/343
|-damage|p2a: Scizor|255\/343|[from] Stealth Rock
|move|p1a: Slowbro|Slack Off|p1a: Slowbro
|-heal|p1a: Slowbro|348\/394 brn
|
|-heal|p1a: Slowbro|372\/394 brn|[from] item: Leftovers
|-damage|p1a: Slowbro|323\/394 brn|[from] brn
|turn|17
|
|switch|p1a: Heatran|Heatran, F|349\/386
|move|p2a: Scizor|U-turn|p1a: Heatran
|-resisted|p1a: Heatran
|-damage|p1a: Heatran|319\/386
|
|switch|p2a: Keldeo|Keldeo|323\/323
|-damage|p2a: Keldeo|303\/323|[from] Stealth Rock
|
|-heal|p1a: Heatran|343\/386|[from] item: Leftovers
|turn|18
|
|switch|p1a: Slowbro|Slowbro, M|394\/394 brn
|move|p2a: Keldeo|Hydro Pump|p1a: Slowbro
|-resisted|p1a: Slowbro
|-damage|p1a: Slowbro|222\/394 brn
|
|-heal|p1a: Slowbro|246\/394 brn|[from] item: Leftovers
|-damage|p1a: Slowbro|197\/394 brn|[from] brn
|turn|19
|
|move|p2a: Keldeo|Hydro Pump|p1a: Slowbro
|-resisted|p1a: Slowbro
|-damage|p1a: Slowbro|29\/394 brn
|move|p1a: Slowbro|Slack Off|p1a: Slowbro
|-heal|p1a: Slowbro|226\/394 brn
|
|-heal|p1a: Slowbro|250\/394 brn|[from] item: Leftovers
|-damage|p1a: Slowbro|201\/394 brn|[from] brn
|turn|20
|
|switch|p2a: Scizor|Scizor-Mega, M|255\/343
|-damage|p2a: Scizor|213\/343|[from] Stealth Rock
|move|p1a: Slowbro|Slack Off|p1a: Slowbro
|-heal|p1a: Slowbro|394\/394 brn
|
|-damage|p1a: Slowbro|345\/394 brn|[from] brn
|turn|21
|
|switch|p1a: Heatran|Heatran, F|343\/386
|move|p2a: Scizor|Defog|p1a: Heatran
|-unboost|p1a: Heatran|evasion|1
|-sideend|p2: Reylks|Stealth Rock|[from] move: Defog|[of] p2a: Scizor
|
|-heal|p1a: Heatran|367\/386|[from] item: Leftovers
|turn|22
|
|switch|p2a: Dragonite|Dragonite, M, shiny|323\/323
|move|p1a: Heatran|Toxic|p2a: Dragonite
|-status|p2a: Dragonite|tox
|
|-heal|p1a: Heatran|386\/386|[from] item: Leftovers
|-damage|p2a: Dragonite|303\/323 tox|[from] psn
|turn|23
|
|switch|p1a: Landorus-Therian|Landorus-Therian, M|382\/382
|-ability|p1a: Landorus-Therian|Intimidate|[of] p2a: Dragonite
|-unboost|p2a: Dragonite|atk|1
|move|p2a: Dragonite|Earthquake|p1a: Landorus-Therian
|-immune|p1a: Landorus-Therian|[msg]
|
|-damage|p2a: Dragonite|263\/323 tox|[from] psn
|turn|24
|
|switch|p2a: Sylveon|Sylveon, F|394\/394
|move|p1a: Landorus-Therian|U-turn|p2a: Sylveon
|-resisted|p2a: Sylveon
|-damage|p2a: Sylveon|357\/394
|
|switch|p1a: Heatran|Heatran, F|386\/386
|
|-heal|p2a: Sylveon|381\/394|[from] item: Leftovers
|turn|25
|
|switch|p2a: Keldeo|Keldeo|303\/323
|move|p1a: Heatran|Stealth Rock|p2a: Keldeo
|-sidestart|p2: Reylks|move: Stealth Rock
|
|turn|26
|
|switch|p1a: Slowbro|Slowbro, M|394\/394 brn
|move|p2a: Keldeo|Hydro Pump|p1a: Slowbro
|-resisted|p1a: Slowbro
|-damage|p1a: Slowbro|220\/394 brn
|
|-heal|p1a: Slowbro|244\/394 brn|[from] item: Leftovers
|-damage|p1a: Slowbro|195\/394 brn|[from] brn
|turn|27
|
|switch|p2a: Scizor|Scizor-Mega, M|213\/343
|-damage|p2a: Scizor|171\/343|[from] Stealth Rock
|move|p1a: Slowbro|Slack Off|p1a: Slowbro
|-heal|p1a: Slowbro|392\/394 brn
|
|-heal|p1a: Slowbro|394\/394 brn|[from] item: Leftovers
|-damage|p1a: Slowbro|345\/394 brn|[from] brn
|turn|28
|
|move|p2a: Scizor|Roost|p2a: Scizor
|-heal|p2a: Scizor|343\/343
|move|p1a: Slowbro|Scald|p2a: Scizor
|-damage|p2a: Scizor|249\/343
|-status|p2a: Scizor|brn
|
|-heal|p1a: Slowbro|369\/394 brn|[from] item: Leftovers
|-damage|p2a: Scizor|207\/343 brn|[from] brn
|-damage|p1a: Slowbro|320\/394 brn|[from] brn
|turn|29
|
|switch|p1a: Heatran|Heatran, F|386\/386
|move|p2a: Scizor|Defog|p1a: Heatran
|-unboost|p1a: Heatran|evasion|1
|-sideend|p2: Reylks|Stealth Rock|[from] move: Defog|[of] p2a: Scizor
|
|-damage|p2a: Scizor|165\/343 brn|[from] brn
|turn|30
|
|switch|p2a: Keldeo|Keldeo|303\/323
|move|p1a: Heatran|Stealth Rock|p2a: Keldeo
|-sidestart|p2: Reylks|move: Stealth Rock
|
|turn|31
|
|switch|p1a: Slowbro|Slowbro, M|394\/394 brn
|move|p2a: Keldeo|Scald|p1a: Slowbro
|-resisted|p1a: Slowbro
|-damage|p1a: Slowbro|260\/394 brn
|
|-heal|p1a: Slowbro|284\/394 brn|[from] item: Leftovers
|-damage|p1a: Slowbro|235\/394 brn|[from] brn
|turn|32
|
|switch|p2a: Sylveon|Sylveon, F|381\/394
|-damage|p2a: Sylveon|332\/394|[from] Stealth Rock
|move|p1a: Slowbro|Psyshock|p2a: Sylveon
|-damage|p2a: Sylveon|242\/394
|
|-heal|p2a: Sylveon|266\/394|[from] item: Leftovers
|-heal|p1a: Slowbro|259\/394 brn|[from] item: Leftovers
|-damage|p1a: Slowbro|210\/394 brn|[from] brn
|turn|33
|
|switch|p1a: Heatran|Heatran, F|386\/386
|move|p2a: Sylveon|Heal Bell|p2a: Sylveon
|-cureteam|p2a: Sylveon|[from] move: HealBell
|
|-heal|p2a: Sylveon|290\/394|[from] item: Leftovers
|turn|34
|
|move|p1a: Heatran|Toxic|p2a: Sylveon
|-status|p2a: Sylveon|tox
|move|p2a: Sylveon|Wish|p2a: Sylveon
|
|-heal|p2a: Sylveon|314\/394 tox|[from] item: Leftovers
|-damage|p2a: Sylveon|290\/394 tox|[from] psn
|turn|35
|
|move|p2a: Sylveon|Heal Bell|p2a: Sylveon
|-cureteam|p2a: Sylveon|[from] move: HealBell
|move|p1a: Heatran|Roar|p2a: Sylveon
|drag|p2a: Dragonite|Dragonite, M, shiny|263\/323
|-damage|p2a: Dragonite|183\/323|[from] Stealth Rock
|
|-heal|p2a: Dragonite|323\/323|[from] move: Wish|[wisher] Sylveon
|turn|36
|
|switch|p1a: Landorus-Therian|Landorus-Therian, M|382\/382
|-ability|p1a: Landorus-Therian|Intimidate|[of] p2a: Dragonite
|-unboost|p2a: Dragonite|atk|1
|move|p2a: Dragonite|Dragon Dance|p2a: Dragonite
|-boost|p2a: Dragonite|atk|1
|-boost|p2a: Dragonite|spe|1
|
|turn|37
|
|move|p2a: Dragonite|Dragon Dance|p2a: Dragonite
|-boost|p2a: Dragonite|atk|1
|-boost|p2a: Dragonite|spe|1
|move|p1a: Landorus-Therian|Knock Off|p2a: Dragonite
|-damage|p2a: Dragonite|266\/323
|-enditem|p2a: Dragonite|Weakness Policy|[from] move: Knock Off|[of] p1a: Landorus-Therian
|
|turn|38
|
|move|p2a: Dragonite|Dragon Claw|p1a: Landorus-Therian
|-damage|p1a: Landorus-Therian|195\/382
|move|p1a: Landorus-Therian|Stone Edge|p2a: Dragonite
|-supereffective|p2a: Dragonite
|-damage|p2a: Dragonite|36\/323
|
|-heal|p1a: Landorus-Therian|218\/382|[from] item: Leftovers
|turn|39
|
|move|p2a: Dragonite|Dragon Claw|p1a: Landorus-Therian
|-damage|p1a: Landorus-Therian|34\/382
|move|p1a: Landorus-Therian|Knock Off|p2a: Dragonite
|-damage|p2a: Dragonite|0 fnt
|faint|p2a: Dragonite
|
|-heal|p1a: Landorus-Therian|57\/382|[from] item: Leftovers
|
|switch|p2a: Scizor|Scizor-Mega, M|165\/343
|-damage|p2a: Scizor|123\/343|[from] Stealth Rock
|turn|40
|
|switch|p1a: Heatran|Heatran, F|386\/386
|move|p2a: Scizor|Roost|p2a: Scizor
|-heal|p2a: Scizor|295\/343
|
|turn|41
|
|switch|p2a: Tyranitar|Tyranitar, M|403\/403
|-damage|p2a: Tyranitar|353\/403|[from] Stealth Rock
|-weather|Sandstorm
|move|p1a: Heatran|Lava Plume|p2a: Tyranitar
|-resisted|p2a: Tyranitar
|-damage|p2a: Tyranitar|312\/403
|
|-weather|Sandstorm|[upkeep]
|-heal|p2a: Tyranitar|337\/403|[from] item: Leftovers
|turn|42
|
|switch|p1a: Conkeldurr|Conkeldurr, M|314\/359
|move|p2a: Tyranitar|Stealth Rock|p1a: Conkeldurr
|-sidestart|p1: Shr3kt|move: Stealth Rock
|
|-weather|Sandstorm|[upkeep]
|-damage|p1a: Conkeldurr|292\/359|[from] sandstorm
|-heal|p2a: Tyranitar|362\/403|[from] item: Leftovers
|turn|43
|
|switch|p2a: Scizor|Scizor-Mega, M|295\/343
|-damage|p2a: Scizor|253\/343|[from] Stealth Rock
|move|p1a: Conkeldurr|Drain Punch|p2a: Scizor
|-damage|p2a: Scizor|168\/343
|-heal|p1a: Conkeldurr|335\/359|[from] drain|[of] p2a: Scizor
|
|-weather|Sandstorm|[upkeep]
|-damage|p1a: Conkeldurr|313\/359|[from] sandstorm
|turn|44
|
|switch|p1a: Heatran|Heatran, F|386\/386
|-damage|p1a: Heatran|338\/386|[from] Stealth Rock
|move|p2a: Scizor|Roost|p2a: Scizor
|-heal|p2a: Scizor|340\/343
|
|-weather|Sandstorm|[upkeep]
|-heal|p1a: Heatran|362\/386|[from] item: Leftovers
|turn|45
|
|switch|p2a: Keldeo|Keldeo|303\/323
|-damage|p2a: Keldeo|283\/323|[from] Stealth Rock
|move|p1a: Heatran|Toxic|p2a: Keldeo
|-status|p2a: Keldeo|tox
|
|-weather|none
|-heal|p1a: Heatran|386\/386|[from] item: Leftovers
|-damage|p2a: Keldeo|263\/323 tox|[from] psn
|turn|46
|
|switch|p1a: Slowbro|Slowbro, M|341\/394 brn
|-damage|p1a: Slowbro|292\/394 brn|[from] Stealth Rock
|move|p2a: Keldeo|Hydro Pump|p1a: Slowbro
|-resisted|p1a: Slowbro
|-damage|p1a: Slowbro|124\/394 brn
|
|-heal|p1a: Slowbro|148\/394 brn|[from] item: Leftovers
|-damage|p2a: Keldeo|223\/323 tox|[from] psn
|-damage|p1a: Slowbro|99\/394 brn|[from] brn
|turn|47
|
|switch|p1a: Latias|Latias, F|302\/302
|-damage|p1a: Latias|265\/302|[from] Stealth Rock
|move|p2a: Keldeo|Hydro Pump|p1a: Latias
|-resisted|p1a: Latias
|-damage|p1a: Latias|156\/302
|
|-damage|p2a: Keldeo|163\/323 tox|[from] psn
|turn|48
|
|switch|p2a: Scizor|Scizor-Mega, M|340\/343
|-damage|p2a: Scizor|298\/343|[from] Stealth Rock
|move|p1a: Latias|Defog|p2a: Scizor
|-unboost|p2a: Scizor|evasion|1
|-sideend|p2: Reylks|Stealth Rock|[from] move: Defog|[of] p2a: Scizor
|-sideend|p1: Shr3kt|Stealth Rock|[from] move: Defog|[of] p1a: Latias
|
|turn|49
|
|switch|p1a: Heatran|Heatran, F|386\/386
|move|p2a: Scizor|U-turn|p1a: Heatran
|-resisted|p1a: Heatran
|-damage|p1a: Heatran|357\/386
|
|switch|p2a: Keldeo|Keldeo|163\/323 tox
|
|-heal|p1a: Heatran|381\/386|[from] item: Leftovers
|-damage|p2a: Keldeo|143\/323 tox|[from] psn
|turn|50
|
|switch|p1a: Latias|Latias, F|156\/302
|move|p2a: Keldeo|Scald|p1a: Latias
|-resisted|p1a: Latias
|-damage|p1a: Latias|75\/302
|
|-damage|p2a: Keldeo|103\/323 tox|[from] psn
|turn|51
|
|switch|p2a: Scizor|Scizor-Mega, M|298\/343
|move|p1a: Latias|Roost|p1a: Latias
|-heal|p1a: Latias|226\/302
|
|turn|52
|
|switch|p1a: Heatran|Heatran, F|381\/386
|move|p2a: Scizor|U-turn|p1a: Heatran
|-resisted|p1a: Heatran
|-damage|p1a: Heatran|354\/386
|
|switch|p2a: Sylveon|Sylveon, F|290\/394
|
|-heal|p1a: Heatran|378\/386|[from] item: Leftovers
|-heal|p2a: Sylveon|314\/394|[from] item: Leftovers
|turn|53
|
|move|p1a: Heatran|Stealth Rock|p2a: Sylveon
|-sidestart|p2: Reylks|move: Stealth Rock
|move|p2a: Sylveon|Heal Bell|p2a: Sylveon
|-cureteam|p2a: Sylveon|[from] move: HealBell
|
|-heal|p1a: Heatran|386\/386|[from] item: Leftovers
|-heal|p2a: Sylveon|338\/394|[from] item: Leftovers
|turn|54
|
|move|p1a: Heatran|Toxic|p2a: Sylveon
|-status|p2a: Sylveon|tox
|move|p2a: Sylveon|Wish|p2a: Sylveon
|
|-heal|p2a: Sylveon|362\/394 tox|[from] item: Leftovers
|-damage|p2a: Sylveon|338\/394 tox|[from] psn
|turn|55
|
|move|p2a: Sylveon|Hyper Voice|p1a: Heatran
|-resisted|p1a: Heatran
|-damage|p1a: Heatran|362\/386
|move|p1a: Heatran|Roar|p2a: Sylveon
|drag|p2a: Scizor|Scizor-Mega, M|298\/343
|-damage|p2a: Scizor|256\/343|[from] Stealth Rock
|
|-heal|p2a: Scizor|343\/343|[from] move: Wish|[wisher] Sylveon
|-heal|p1a: Heatran|386\/386|[from] item: Leftovers
|turn|56
|
|switch|p2a: Tyranitar|Tyranitar, M|362\/403
|-damage|p2a: Tyranitar|312\/403|[from] Stealth Rock
|-weather|Sandstorm
|move|p1a: Heatran|Lava Plume|p2a: Tyranitar
|-resisted|p2a: Tyranitar
|-damage|p2a: Tyranitar|274\/403
|
|-weather|Sandstorm|[upkeep]
|-heal|p2a: Tyranitar|299\/403|[from] item: Leftovers
|turn|57
|
|switch|p1a: Conkeldurr|Conkeldurr, M|313\/359
|move|p2a: Tyranitar|Stealth Rock|p1a: Conkeldurr
|-sidestart|p1: Shr3kt|move: Stealth Rock
|
|-weather|Sandstorm|[upkeep]
|-damage|p1a: Conkeldurr|291\/359|[from] sandstorm
|-heal|p2a: Tyranitar|324\/403|[from] item: Leftovers
|turn|58
|
|switch|p2a: Sylveon|Sylveon, F|338\/394 tox
|-damage|p2a: Sylveon|289\/394 tox|[from] Stealth Rock
|switch|p1a: Heatran|Heatran, F|386\/386
|-damage|p1a: Heatran|338\/386|[from] Stealth Rock
|
|-weather|Sandstorm|[upkeep]
|-damage|p2a: Sylveon|265\/394 tox|[from] sandstorm
|-heal|p1a: Heatran|362\/386|[from] item: Leftovers
|-heal|p2a: Sylveon|289\/394 tox|[from] item: Leftovers
|-damage|p2a: Sylveon|265\/394 tox|[from] psn
|turn|59
|
|move|p2a: Sylveon|Wish|p2a: Sylveon
|move|p1a: Heatran|Roar|p2a: Sylveon
|drag|p2a: Scizor|Scizor-Mega, M|343\/343
|-damage|p2a: Scizor|301\/343|[from] Stealth Rock
|
|-weather|Sandstorm|[upkeep]
|-heal|p1a: Heatran|386\/386|[from] item: Leftovers
|turn|60
|
|switch|p2a: Sylveon|Sylveon, F|265\/394 tox
|-damage|p2a: Sylveon|216\/394 tox|[from] Stealth Rock
|move|p1a: Heatran|Lava Plume|p2a: Sylveon
|-damage|p2a: Sylveon|123\/394 tox
|
|-weather|none
|-heal|p2a: Sylveon|320\/394 tox|[from] move: Wish|[wisher] Sylveon
|-heal|p2a: Sylveon|344\/394 tox|[from] item: Leftovers
|-damage|p2a: Sylveon|320\/394 tox|[from] psn
|turn|61
|
|move|p1a: Heatran|Lava Plume|p2a: Sylveon
|-damage|p2a: Sylveon|235\/394 tox
|move|p2a: Sylveon|Heal Bell|p2a: Sylveon
|-cureteam|p2a: Sylveon|[from] move: HealBell
|
|-heal|p2a: Sylveon|259\/394|[from] item: Leftovers
|turn|62
|
|move|p1a: Heatran|Toxic|p2a: Sylveon
|-status|p2a: Sylveon|tox
|move|p2a: Sylveon|Wish|p2a: Sylveon
|
|-heal|p2a: Sylveon|283\/394 tox|[from] item: Leftovers
|-damage|p2a: Sylveon|259\/394 tox|[from] psn
|turn|63
|
|switch|p2a: Keldeo|Keldeo|103\/323
|-damage|p2a: Keldeo|83\/323|[from] Stealth Rock
|move|p1a: Heatran|Lava Plume|p2a: Keldeo
|-resisted|p2a: Keldeo
|-damage|p2a: Keldeo|20\/323
|
|-heal|p2a: Keldeo|217\/323|[from] move: Wish|[wisher] Sylveon
|turn|64
|
|switch|p1a: Latias|Latias, F|226\/302
|-damage|p1a: Latias|189\/302|[from] Stealth Rock
|move|p2a: Keldeo|Hydro Pump|p1a: Latias
|-resisted|p1a: Latias
|-damage|p1a: Latias|72\/302
|
|turn|65
|
|switch|p2a: Scizor|Scizor-Mega, M|301\/343
|-damage|p2a: Scizor|259\/343|[from] Stealth Rock
|move|p1a: Latias|Roost|p1a: Latias
|-heal|p1a: Latias|223\/302
|
|turn|66
|
|switch|p1a: Heatran|Heatran, F|386\/386
|-damage|p1a: Heatran|338\/386|[from] Stealth Rock
|move|p2a: Scizor|U-turn|p1a: Heatran
|-resisted|p1a: Heatran
|-damage|p1a: Heatran|308\/386
|
|switch|p2a: Keldeo|Keldeo|217\/323
|-damage|p2a: Keldeo|197\/323|[from] Stealth Rock
|
|-heal|p1a: Heatran|332\/386|[from] item: Leftovers
|turn|67
|
|switch|p1a: Latias|Latias, F|223\/302
|-damage|p1a: Latias|186\/302|[from] Stealth Rock
|move|p2a: Keldeo|Secret Sword|p1a: Latias
|-resisted|p1a: Latias
|-damage|p1a: Latias|72\/302
|
|turn|68
|
|switch|p2a: Tyranitar|Tyranitar, M|324\/403
|-damage|p2a: Tyranitar|274\/403|[from] Stealth Rock
|-weather|Sandstorm
|move|p1a: Latias|Roost|p1a: Latias
|-heal|p1a: Latias|223\/302
|
|-weather|Sandstorm|[upkeep]
|-damage|p1a: Latias|205\/302|[from] sandstorm
|-heal|p2a: Tyranitar|299\/403|[from] item: Leftovers
|turn|69
|
|switch|p1a: Conkeldurr|Conkeldurr, M|291\/359
|-damage|p1a: Conkeldurr|269\/359|[from] Stealth Rock
|move|p2a: Tyranitar|Crunch|p1a: Conkeldurr
|-resisted|p1a: Conkeldurr
|-damage|p1a: Conkeldurr|211\/359
|
|-weather|Sandstorm|[upkeep]
|-damage|p1a: Conkeldurr|189\/359|[from] sandstorm
|-heal|p2a: Tyranitar|324\/403|[from] item: Leftovers
|turn|70
|
|switch|p2a: Scizor|Scizor-Mega, M|259\/343
|-damage|p2a: Scizor|217\/343|[from] Stealth Rock
|move|p1a: Conkeldurr|Drain Punch|p2a: Scizor
|-damage|p2a: Scizor|135\/343
|-heal|p1a: Conkeldurr|230\/359|[from] drain|[of] p2a: Scizor
|
|-weather|Sandstorm|[upkeep]
|-damage|p1a: Conkeldurr|208\/359|[from] sandstorm
|turn|71
|
|move|p2a: Scizor|U-turn|p1a: Conkeldurr
|-resisted|p1a: Conkeldurr
|-damage|p1a: Conkeldurr|148\/359
|
|switch|p2a: Sylveon|Sylveon, F|259\/394 tox
|-damage|p2a: Sylveon|210\/394 tox|[from] Stealth Rock
|move|p1a: Conkeldurr|Drain Punch|p2a: Sylveon
|-resisted|p2a: Sylveon
|-damage|p2a: Sylveon|138\/394 tox
|-heal|p1a: Conkeldurr|184\/359|[from] drain|[of] p2a: Sylveon
|
|-weather|Sandstorm|[upkeep]
|-damage|p2a: Sylveon|114\/394 tox|[from] sandstorm
|-damage|p1a: Conkeldurr|162\/359|[from] sandstorm
|-heal|p2a: Sylveon|138\/394 tox|[from] item: Leftovers
|-damage|p2a: Sylveon|114\/394 tox|[from] psn
|turn|72
|
|move|p2a: Sylveon|Hyper Voice|p1a: Conkeldurr
|-supereffective|p1a: Conkeldurr
|-damage|p1a: Conkeldurr|0 fnt
|faint|p1a: Conkeldurr
|
|-weather|none
|-heal|p2a: Sylveon|138\/394 tox|[from] item: Leftovers
|-damage|p2a: Sylveon|90\/394 tox|[from] psn
|
|switch|p1a: Scizor|Scizor, M|344\/344
|-damage|p1a: Scizor|301\/344|[from] Stealth Rock
|turn|73
|
|switch|p2a: Scizor|Scizor-Mega, M|135\/343
|-damage|p2a: Scizor|93\/343|[from] Stealth Rock
|detailschange|p1a: Scizor|Scizor-Mega, M
|message|Scizor has Mega Evolved into Mega Scizor!
|move|p1a: Scizor|Swords Dance|p1a: Scizor
|-boost|p1a: Scizor|atk|2
|
|turn|74
|
|move|p1a: Scizor|Knock Off|p2a: Scizor
|-damage|p2a: Scizor|7\/343
|move|p2a: Scizor|Roost|p2a: Scizor
|-heal|p2a: Scizor|179\/343
|
|turn|75
|
|move|p1a: Scizor|Swords Dance|p1a: Scizor
|-boost|p1a: Scizor|atk|2
|move|p2a: Scizor|Defog|p1a: Scizor
|-unboost|p1a: Scizor|evasion|1
|-sideend|p1: Shr3kt|Stealth Rock|[from] move: Defog|[of] p1a: Scizor
|-sideend|p2: Reylks|Stealth Rock|[from] move: Defog|[of] p2a: Scizor
|
|turn|76
|
|switch|p2a: Sylveon|Sylveon, F|90\/394 tox
|move|p1a: Scizor|Swords Dance|p1a: Scizor
|-boost|p1a: Scizor|atk|2
|
|-heal|p2a: Sylveon|114\/394 tox|[from] item: Leftovers
|-damage|p2a: Sylveon|90\/394 tox|[from] psn
|turn|77
|
|move|p1a: Scizor|Bullet Punch|p2a: Sylveon
|-supereffective|p2a: Sylveon
|-damage|p2a: Sylveon|0 fnt
|faint|p2a: Sylveon
|
|
|switch|p2a: Talonflame|Talonflame, F|297\/297
|turn|78
|
|switch|p1a: Heatran|Heatran, F|332\/386
|move|p2a: Talonflame|Flare Blitz|p1a: Heatran
|-start|p1a: Heatran|ability: Flash Fire
|
|-heal|p1a: Heatran|356\/386|[from] item: Leftovers
|turn|79
|
|switch|p2a: Keldeo|Keldeo|197\/323
|move|p1a: Heatran|Stealth Rock|p2a: Keldeo
|-sidestart|p2: Reylks|move: Stealth Rock
|
|-heal|p1a: Heatran|380\/386|[from] item: Leftovers
|turn|80
|
|switch|p1a: Slowbro|Slowbro, M|230\/394 brn
|move|p2a: Keldeo|Scald|p1a: Slowbro
|-resisted|p1a: Slowbro
|-damage|p1a: Slowbro|107\/394 brn
|
|-heal|p1a: Slowbro|131\/394 brn|[from] item: Leftovers
|-damage|p1a: Slowbro|82\/394 brn|[from] brn
|turn|81
|
|switch|p1a: Latias|Latias, F|205\/302
|move|p2a: Keldeo|Scald|p1a: Latias
|-resisted|p1a: Latias
|-damage|p1a: Latias|115\/302
|-status|p1a: Latias|brn
|
|-damage|p1a: Latias|78\/302 brn|[from] brn
|turn|82
|
|switch|p2a: Scizor|Scizor-Mega, M|179\/343
|-damage|p2a: Scizor|137\/343|[from] Stealth Rock
|move|p1a: Latias|Draco Meteor|p2a: Scizor
|-resisted|p2a: Scizor
|-damage|p2a: Scizor|1\/343
|-unboost|p1a: Latias|spa|2
|-damage|p1a: Latias|48\/302 brn|[from] item: Life Orb
|
|-damage|p1a: Latias|11\/302 brn|[from] brn
|turn|83
|
|move|p2a: Scizor|Bullet Punch|p1a: Latias
|-damage|p1a: Latias|0 fnt
|faint|p1a: Latias
|
|
|switch|p1a: Scizor|Scizor-Mega, M|301\/344
|turn|84
|
|move|p1a: Scizor|Bullet Punch|p2a: Scizor
|-resisted|p2a: Scizor
|-damage|p2a: Scizor|0 fnt
|faint|p2a: Scizor
|
|
|switch|p2a: Keldeo|Keldeo|197\/323
|-damage|p2a: Keldeo|177\/323|[from] Stealth Rock
|turn|85
|
|switch|p1a: Slowbro|Slowbro, M|213\/394 brn
|move|p2a: Keldeo|Scald|p1a: Slowbro
|-resisted|p1a: Slowbro
|-damage|p1a: Slowbro|76\/394 brn
|
|-heal|p1a: Slowbro|100\/394 brn|[from] item: Leftovers
|-damage|p1a: Slowbro|51\/394 brn|[from] brn
|turn|86
|
|move|p2a: Keldeo|Scald|p1a: Slowbro
|-resisted|p1a: Slowbro
|-damage|p1a: Slowbro|0 fnt
|faint|p1a: Slowbro
|
|
|switch|p1a: Heatran|Heatran, F|380\/386
|turn|87
|
|switch|p2a: Tyranitar|Tyranitar, M|324\/403
|-damage|p2a: Tyranitar|274\/403|[from] Stealth Rock
|-weather|Sandstorm
|move|p1a: Heatran|Roar|p2a: Tyranitar
|drag|p2a: Keldeo|Keldeo|177\/323
|-damage|p2a: Keldeo|157\/323|[from] Stealth Rock
|
|-weather|Sandstorm|[upkeep]
|-damage|p2a: Keldeo|137\/323|[from] sandstorm
|-heal|p1a: Heatran|386\/386|[from] item: Leftovers
|turn|88
|
|move|p2a: Keldeo|Scald|p1a: Heatran
|-supereffective|p1a: Heatran
|-damage|p1a: Heatran|74\/386
|move|p1a: Heatran|Toxic|p2a: Keldeo
|-status|p2a: Keldeo|tox
|
|-weather|Sandstorm|[upkeep]
|-damage|p2a: Keldeo|117\/323 tox|[from] sandstorm
|-heal|p1a: Heatran|98\/386|[from] item: Leftovers
|-damage|p2a: Keldeo|97\/323 tox|[from] psn
|turn|89
|
|move|p2a: Keldeo|Scald|p1a: Heatran
|-supereffective|p1a: Heatran
|-damage|p1a: Heatran|0 fnt
|faint|p1a: Heatran
|
|-weather|Sandstorm|[upkeep]
|-damage|p2a: Keldeo|77\/323 tox|[from] sandstorm
|-damage|p2a: Keldeo|37\/323 tox|[from] psn
|
|switch|p1a: Scizor|Scizor-Mega, M|301\/344
|turn|90
|
|move|p1a: Scizor|Bullet Punch|p2a: Keldeo
|-resisted|p2a: Keldeo
|-damage|p2a: Keldeo|0 fnt
|faint|p2a: Keldeo
|
|-weather|Sandstorm|[upkeep]
|c|★Reylks|Great battle
|c|★Shr3kt|yeah
|
|switch|p2a: Tyranitar|Tyranitar, M|274\/403
|-damage|p2a: Tyranitar|224\/403|[from] Stealth Rock
|turn|91
|
|move|p1a: Scizor|Bullet Punch|p2a: Tyranitar
|-supereffective|p2a: Tyranitar
|-damage|p2a: Tyranitar|68\/403
|move|p2a: Tyranitar|Fire Blast|p1a: Scizor
|-supereffective|p1a: Scizor
|-damage|p1a: Scizor|0 fnt
|faint|p1a: Scizor
|
|-weather|none
|-heal|p2a: Tyranitar|93\/403|[from] item: Leftovers
|c|★Shr3kt|gg
|
|switch|p1a: Landorus-Therian|Landorus-Therian, M|57\/382
|-ability|p1a: Landorus-Therian|Intimidate|[of] p2a: Tyranitar
|-unboost|p2a: Tyranitar|atk|1
|turn|92
|
|move|p1a: Landorus-Therian|Earthquake|p2a: Tyranitar
|-supereffective|p2a: Tyranitar
|-damage|p2a: Tyranitar|0 fnt
|faint|p2a: Tyranitar
|
|-heal|p1a: Landorus-Therian|80\/382|[from] item: Leftovers
|
|switch|p2a: Talonflame|Talonflame, F|297\/297
|-damage|p2a: Talonflame|149\/297|[from] Stealth Rock
|turn|93
|
|move|p2a: Talonflame|Brave Bird|p1a: Landorus-Therian
|-damage|p1a: Landorus-Therian|0 fnt
|-damage|p2a: Talonflame|123\/297|[from] recoil|[of] p1a: Landorus-Therian
|faint|p1a: Landorus-Therian
|
|win|Reylks
|raw|Ladder updating...
|raw|Shr3kt's rating: 1734 &rarr; <strong>1712<\/strong><br \/>(-22 for losing)
|raw|Reylks's rating: 1700 &rarr; <strong>1722<\/strong><br \/>(+22 for winning)
|leave|Shr3kt
|player|p1