|join|burgerfresser
|join|still the n1
|player|p1|burgerfresser|260
|player|p2|still the n1|1
|gametype|singles
|gen|6
|tier|OU
|rated
|clearpoke
|poke|p1|Celebi
|poke|p1|Gardevoir, M
|poke|p1|Mandibuzz, F
|poke|p1|Entei, shiny
|poke|p1|Landorus-Therian, M
|poke|p1|Keldeo-Resolute
|poke|p2|Lopunny, F
|poke|p2|Landorus, M
|poke|p2|Slowbro, F
|poke|p2|Heatran, M
|poke|p2|Latios, M
|poke|p2|Ferrothorn, M
|rule|Swagger Clause: Swagger is banned
|rule|Baton Pass Clause: Limit one Pokémon knowing Baton Pass
|rule|Sleep Clause Mod: Limit one foe put to sleep
|rule|Species Clause: Limit one of each Pokémon
|rule|OHKO Clause: OHKO moves are banned
|rule|Moody Clause: Moody is banned
|rule|Evasion Moves Clause: Evasion moves are banned
|rule|Endless Battle Clause: Forcing endless battles is banned
|rule|HP Percentage Mod: HP is shown in percentages
|teampreview
|join|AdvanceShip
|
|start
|switch|p1a: Keldeo-Resolute|Keldeo-Resolute|323\/323
|switch|p2a: Landorus|Landorus, M|319\/319
|turn|1
|join|av kakuna
|
|switch|p2a: Slowbro|Slowbro, F|394\/394
|move|p1a: Keldeo-Resolute|Scald|p2a: Slowbro
|-resisted|p2a: Slowbro
|-damage|p2a: Slowbro|270\/394
|
|-heal|p2a: Slowbro|294\/394|[from] item: Leftovers
|turn|2
|
|switch|p1a: Celebi|Celebi|404\/404
|move|p2a: Slowbro|Thunder Wave|p1a: Celebi
|-status|p1a: Celebi|par
|
|-heal|p2a: Slowbro|318\/394|[from] item: Leftovers
|turn|3
|
|switch|p2a: Heatran|Heatran, M|385\/385
|move|p1a: Celebi|Stealth Rock|p2a: Heatran
|-sidestart|p2: still the n1|move: Stealth Rock
|
|turn|4
|
|switch|p1a: Keldeo-Resolute|Keldeo-Resolute|323\/323
|move|p2a: Heatran|Stealth Rock|p1a: Keldeo-Resolute
|-sidestart|p1: burgerfresser|move: Stealth Rock
|
|turn|5
|
|switch|p2a: Latios|Latios, M|301\/301
|-damage|p2a: Latios|264\/301|[from] Stealth Rock
|move|p1a: Keldeo-Resolute|Scald|p2a: Latios
|-resisted|p2a: Latios
|-damage|p2a: Latios|165\/301
|-status|p2a: Latios|brn
|
|-damage|p2a: Latios|128\/301 brn|[from] brn
|turn|6
|
|switch|p2a: Lopunny|Lopunny, F|271\/271
|-damage|p2a: Lopunny|238\/271|[from] Stealth Rock
|switch|p1a: Celebi|Celebi|404\/404
|-damage|p1a: Celebi|354\/404|[from] Stealth Rock
|
|-heal|p1a: Celebi|379\/404|[from] item: Leftovers
|turn|7
|join|Fliegende Nudel
|
|detailschange|p2a: Lopunny|Lopunny-Mega, F
|-mega|p2a: Lopunny|Lopunny|Lopunnite
|move|p2a: Lopunny|Fake Out|p1a: Celebi
|-damage|p1a: Celebi|301\/404
|cant|p1a: Celebi|flinch
|
|-heal|p1a: Celebi|326\/404|[from] item: Leftovers
|turn|8
|join|EvilUnknown
|
|switch|p2a: Ferrothorn|Ferrothorn, M|352\/352
|-damage|p2a: Ferrothorn|330\/352|[from] Stealth Rock
|move|p1a: Celebi|Giga Drain|p2a: Ferrothorn
|-resisted|p2a: Ferrothorn
|-damage|p2a: Ferrothorn|313\/352
|-heal|p1a: Celebi|335\/404|[from] drain|[of] p2a: Ferrothorn
|
|-heal|p1a: Celebi|360\/404|[from] item: Leftovers
|-heal|p2a: Ferrothorn|335\/352|[from] item: Leftovers
|turn|9
|
|switch|p1a: Entei|Entei, shiny|371\/371
|-damage|p1a: Entei|279\/371|[from] Stealth Rock
|-ability|p1a: Entei|Pressure
|move|p2a: Ferrothorn|Spikes|p1a: Entei
|-sidestart|p1: burgerfresser|Spikes
|
|-heal|p2a: Ferrothorn|352\/352|[from] item: Leftovers
|turn|10
|c|★burgerfresser|ich hasse den cancel button
|c| Fliegende Nudel|ich hasse dich
|c| Fliegende Nudel|jk
|
|switch|p2a: Heatran|Heatran, M|385\/385
|-damage|p2a: Heatran|337\/385|[from] Stealth Rock
|move|p1a: Entei|Sacred Fire|p2a: Heatran
|-start|p2a: Heatran|ability: Flash Fire
|
|-heal|p2a: Heatran|361\/385|[from] item: Leftovers
|turn|11
|
|switch|p1a: Keldeo-Resolute|Keldeo-Resolute|323\/323
|-damage|p1a: Keldeo-Resolute|303\/323|[from] Stealth Rock
|-damage|p1a: Keldeo-Resolute|263\/323|[from] Spikes
|switch|p2a: Slowbro|Slowbro, F|394\/394
|-damage|p2a: Slowbro|345\/394|[from] Stealth Rock
|
|-heal|p2a: Slowbro|369\/394|[from] item: Leftovers
|turn|12
|
|switch|p1a: Mandibuzz|Mandibuzz, F|424\/424
|-damage|p1a: Mandibuzz|318\/424|[from] Stealth Rock
|move|p2a: Slowbro|Thunder Wave|p1a: Mandibuzz
|-status|p1a: Mandibuzz|par
|
|-heal|p2a: Slowbro|393\/394|[from] item: Leftovers
|-heal|p1a: Mandibuzz|344\/424 par|[from] item: Leftovers
|turn|13
|
|switch|p2a: Heatran|Heatran, M|361\/385
|-damage|p2a: Heatran|313\/385|[from] Stealth Rock
|move|p1a: Mandibuzz|Defog|p2a: Heatran
|-unboost|p2a: Heatran|evasion|1
|-sideend|p2: still the n1|Stealth Rock|[from] move: Defog|[of] p2a: Heatran
|-sideend|p1: burgerfresser|Spikes|[from] move: Defog|[of] p1a: Mandibuzz
|-sideend|p1: burgerfresser|Stealth Rock|[from] move: Defog|[of] p1a: Mandibuzz
|
|-heal|p2a: Heatran|337\/385|[from] item: Leftovers
|-heal|p1a: Mandibuzz|370\/424 par|[from] item: Leftovers
|turn|14
|
|switch|p1a: Keldeo-Resolute|Keldeo-Resolute|263\/323
|move|p2a: Heatran|Stealth Rock|p1a: Keldeo-Resolute
|-sidestart|p1: burgerfresser|move: Stealth Rock
|
|-heal|p2a: Heatran|361\/385|[from] item: Leftovers
|turn|15
|
|switch|p2a: Slowbro|Slowbro, F|394\/394
|move|p1a: Keldeo-Resolute|Scald|p2a: Slowbro
|-resisted|p2a: Slowbro
|-damage|p2a: Slowbro|277\/394
|
|-heal|p2a: Slowbro|301\/394|[from] item: Leftovers
|turn|16
|c|★burgerfresser|ofc
|
|switch|p1a: Mandibuzz|Mandibuzz, F|370\/424 par
|-damage|p1a: Mandibuzz|264\/424 par|[from] Stealth Rock
|move|p2a: Slowbro|Scald|p1a: Mandibuzz
|-damage|p1a: Mandibuzz|174\/424 par
|
|-heal|p2a: Slowbro|325\/394|[from] item: Leftovers
|-heal|p1a: Mandibuzz|200\/424 par|[from] item: Leftovers
|turn|17
|
|switch|p2a: Heatran|Heatran, M|361\/385
|move|p1a: Mandibuzz|Defog|p2a: Heatran
|-unboost|p2a: Heatran|evasion|1
|-sideend|p1: burgerfresser|Stealth Rock|[from] move: Defog|[of] p1a: Mandibuzz
|
|-heal|p2a: Heatran|385\/385|[from] item: Leftovers
|-heal|p1a: Mandibuzz|226\/424 par|[from] item: Leftovers
|turn|18
|c| AdvanceShip|eventually all psychic's will burn
|
|switch|p1a: Keldeo-Resolute|Keldeo-Resolute|263\/323
|move|p2a: Heatran|Toxic|p1a: Keldeo-Resolute
|-status|p1a: Keldeo-Resolute|tox
|
|-damage|p1a: Keldeo-Resolute|243\/323 tox|[from] psn
|turn|19
|
|switch|p2a: Ferrothorn|Ferrothorn, M|352\/352
|move|p1a: Keldeo-Resolute|Scald|p2a: Ferrothorn
|-resisted|p2a: Ferrothorn
|-damage|p2a: Ferrothorn|268\/352
|-status|p2a: Ferrothorn|brn
|
|-heal|p2a: Ferrothorn|290\/352 brn|[from] item: Leftovers
|-damage|p1a: Keldeo-Resolute|203\/323 tox|[from] psn
|-damage|p2a: Ferrothorn|246\/352 brn|[from] brn
|turn|20
|
|switch|p1a: Celebi|Celebi|360\/404
|switch|p2a: Heatran|Heatran, M|385\/385
|
|-heal|p1a: Celebi|385\/404|[from] item: Leftovers
|turn|21
|
|switch|p1a: Landorus-Therian|Landorus-Therian, M|319\/319
|-ability|p1a: Landorus-Therian|Intimidate|[of] p2a: Heatran
|-unboost|p2a: Heatran|atk|1
|move|p2a: Heatran|Stealth Rock|p1a: Landorus-Therian
|-sidestart|p1: burgerfresser|move: Stealth Rock
|
|turn|22
|
|switch|p2a: Landorus|Landorus, M|319\/319
|move|p1a: Landorus-Therian|Knock Off|p2a: Landorus
|-damage|p2a: Landorus|194\/319
|-enditem|p2a: Landorus|Life Orb|[from] move: Knock Off|[of] p1a: Landorus-Therian
|
|turn|23
|
|switch|p1a: Celebi|Celebi|385\/404
|-damage|p1a: Celebi|335\/404|[from] Stealth Rock
|move|p2a: Landorus|Calm Mind|p2a: Landorus
|-boost|p2a: Landorus|spa|1
|-boost|p2a: Landorus|spd|1
|
|-heal|p1a: Celebi|360\/404|[from] item: Leftovers
|turn|24
|
|switch|p1a: Landorus-Therian|Landorus-Therian, M|319\/319
|-damage|p1a: Landorus-Therian|280\/319|[from] Stealth Rock
|-ability|p1a: Landorus-Therian|Intimidate|[of] p2a: Landorus
|-unboost|p2a: Landorus|atk|1
|move|p2a: Landorus|Hidden Power|p1a: Landorus-Therian
|-supereffective|p1a: Landorus-Therian
|-damage|p1a: Landorus-Therian|0 fnt
|faint|p1a: Landorus-Therian
|
|c|★burgerfresser|"if he hp ice here, im gonna cry" ._.
|
|switch|p1a: Keldeo-Resolute|Keldeo-Resolute|203\/323 tox
|-damage|p1a: Keldeo-Resolute|183\/323 tox|[from] Stealth Rock
|turn|25
|
|switch|p2a: Latios|Latios, M|128\/301 brn
|move|p1a: Keldeo-Resolute|Scald|p2a: Latios
|-resisted|p2a: Latios
|-damage|p2a: Latios|26\/301 brn
|
|-damage|p2a: Latios|0 fnt|[from] brn
|-damage|p1a: Keldeo-Resolute|163\/323 tox|[from] psn
|faint|p2a: Latios
|
|switch|p2a: Lopunny|Lopunny-Mega, F|238\/271
|turn|26
|join|Anna Theke
|
|switch|p1a: Entei|Entei, shiny|279\/371
|-damage|p1a: Entei|187\/371|[from] Stealth Rock
|-ability|p1a: Entei|Pressure
|move|p2a: Lopunny|Return|p1a: Entei
|-damage|p1a: Entei|0 fnt
|faint|p1a: Entei
|
|
|switch|p1a: Celebi|Celebi|360\/404
|-damage|p1a: Celebi|310\/404|[from] Stealth Rock
|turn|27
|leave|EvilUnknown
|
|switch|p2a: Heatran|Heatran, M|385\/385
|move|p1a: Celebi|Giga Drain|p2a: Heatran
|-resisted|p2a: Heatran
|-damage|p2a: Heatran|369\/385
|-heal|p1a: Celebi|318\/404|[from] drain|[of] p2a: Heatran
|
|-heal|p1a: Celebi|343\/404|[from] item: Leftovers
|-heal|p2a: Heatran|385\/385|[from] item: Leftovers
|turn|28
|
|switch|p1a: Gardevoir|Gardevoir, M|277\/277
|-damage|p1a: Gardevoir|243\/277|[from] Stealth Rock
|-ability|p1a: Gardevoir|Flash Fire|[from] ability: Trace|[of] p2a: Heatran
|move|p2a: Heatran|Lava Plume|p1a: Gardevoir
|-start|p1a: Gardevoir|ability: Flash Fire
|
|turn|29
|
|switch|p2a: Ferrothorn|Ferrothorn, M|246\/352 brn
|move|p1a: Gardevoir|Taunt|p2a: Ferrothorn
|-start|p2a: Ferrothorn|move: Taunt
|
|-heal|p2a: Ferrothorn|268\/352 brn|[from] item: Leftovers
|-damage|p2a: Ferrothorn|224\/352 brn|[from] brn
|turn|30
|
|switch|p2a: Landorus|Landorus, M|194\/319
|detailschange|p1a: Gardevoir|Gardevoir-Mega, M
|-mega|p1a: Gardevoir|Gardevoir|Gardevoirite
|move|p1a: Gardevoir|Focus Blast|p2a: Landorus
|-crit|p2a: Landorus
|-resisted|p2a: Landorus
|-damage|p2a: Landorus|38\/319
|-unboost|p2a: Landorus|spd|1
|
|turn|31
|
|move|p2a: Landorus|Earth Power|p1a: Gardevoir
|-damage|p1a: Gardevoir|105\/277
|move|p1a: Gardevoir|Psyshock|p2a: Landorus
|-damage|p2a: Landorus|0 fnt
|faint|p2a: Landorus
|
|
|switch|p2a: Lopunny|Lopunny-Mega, F|238\/271
|turn|32
|
|switch|p1a: Mandibuzz|Mandibuzz, F|226\/424 par
|-damage|p1a: Mandibuzz|120\/424 par|[from] Stealth Rock
|move|p2a: Lopunny|Return|p1a: Mandibuzz
|-damage|p1a: Mandibuzz|0 fnt
|faint|p1a: Mandibuzz
|
|
|switch|p1a: Celebi|Celebi|343\/404
|-damage|p1a: Celebi|293\/404|[from] Stealth Rock
|turn|33
|
|switch|p2a: Heatran|Heatran, M|385\/385
|move|p1a: Celebi|Giga Drain|p2a: Heatran
|-resisted|p2a: Heatran
|-damage|p2a: Heatran|368\/385
|-heal|p1a: Celebi|302\/404|[from] drain|[of] p2a: Heatran
|
|-heal|p1a: Celebi|327\/404|[from] item: Leftovers
|-heal|p2a: Heatran|385\/385|[from] item: Leftovers
|turn|34
|
|move|p1a: Celebi|Stealth Rock|p2a: Heatran
|-sidestart|p2: still the n1|move: Stealth Rock
|move|p2a: Heatran|Lava Plume|p1a: Celebi
|-supereffective|p1a: Celebi
|-damage|p1a: Celebi|145\/404
|
|-heal|p1a: Celebi|170\/404|[from] item: Leftovers
|turn|35
|
|move|p1a: Celebi|Recover|p1a: Celebi
|-heal|p1a: Celebi|372\/404
|move|p2a: Heatran|Lava Plume|p1a: Celebi
|-supereffective|p1a: Celebi
|-damage|p1a: Celebi|202\/404
|
|-heal|p1a: Celebi|227\/404|[from] item: Leftovers
|turn|36
|
|move|p1a: Celebi|Recover|p1a: Celebi
|-heal|p1a: Celebi|404\/404
|move|p2a: Heatran|Lava Plume|p1a: Celebi
|-supereffective|p1a: Celebi
|-damage|p1a: Celebi|228\/404
|
|-heal|p1a: Celebi|253\/404|[from] item: Leftovers
|turn|37
|
|move|p1a: Celebi|Giga Drain|p2a: Heatran
|-resisted|p2a: Heatran
|-damage|p2a: Heatran|368\/385
|-heal|p1a: Celebi|262\/404|[from] drain|[of] p2a: Heatran
|move|p2a: Heatran|Lava Plume|p1a: Celebi
|-supereffective|p1a: Celebi
|-damage|p1a: Celebi|68\/404
|
|-heal|p1a: Celebi|93\/404|[from] item: Leftovers
|-heal|p2a: Heatran|385\/385|[from] item: Leftovers
|turn|38
|
|move|p1a: Celebi|Recover|p1a: Celebi
|-heal|p1a: Celebi|295\/404
|move|p2a: Heatran|Lava Plume|p1a: Celebi
|-supereffective|p1a: Celebi
|-damage|p1a: Celebi|101\/404
|-status|p1a: Celebi|brn
|
|-heal|p1a: Celebi|126\/404 brn|[from] item: Leftovers
|-damage|p1a: Celebi|76\/404 brn|[from] brn
|turn|39
|c| Fliegende Nudel|gg
|
|move|p1a: Celebi|Healing Wish|p1a: Celebi
|faint|p1a: Celebi
|move|p2a: Heatran|Lava Plume|p1: Celebi|[notarget]
|-notarget
|
|c|★burgerfresser|gg :\/
|
|switch|p1a: Keldeo-Resolute|Keldeo-Resolute|163\/323 tox
|-heal|p1a: Keldeo-Resolute|323\/323|[from] move: Healing Wish
|-damage|p1a: Keldeo-Resolute|303\/323|[from] Stealth Rock
|turn|40
|c| Fliegende Nudel|hi
|
|switch|p2a: Ferrothorn|Ferrothorn, M|224\/352 brn
|-damage|p2a: Ferrothorn|202\/352 brn|[from] Stealth Rock
|move|p1a: Keldeo-Resolute|Hydro Pump|p2a: Ferrothorn
|-resisted|p2a: Ferrothorn
|-damage|p2a: Ferrothorn|94\/352 brn
|
|-heal|p2a: Ferrothorn|116\/352 brn|[from] item: Leftovers
|-damage|p2a: Ferrothorn|72\/352 brn|[from] brn
|turn|41
|
|move|p1a: Keldeo-Resolute|Hydro Pump|p2a: Ferrothorn|[miss]
|-miss|p1a: Keldeo-Resolute|p2a: Ferrothorn
|move|p2a: Ferrothorn|Power Whip|p1a: Keldeo-Resolute
|-supereffective|p1a: Keldeo-Resolute
|-damage|p1a: Keldeo-Resolute|151\/323
|
|-heal|p2a: Ferrothorn|94\/352 brn|[from] item: Leftovers
|-damage|p2a: Ferrothorn|50\/352 brn|[from] brn
|turn|42
|
|move|p1a: Keldeo-Resolute|Hydro Pump|p2a: Ferrothorn
|-resisted|p2a: Ferrothorn
|-damage|p2a: Ferrothorn|0 fnt
|faint|p2a: Ferrothorn
|
|
|switch|p2a: Lopunny|Lopunny-Mega, F|238\/271
|-damage|p2a: Lopunny|222\/271|[from] Stealth Rock
|turn|43
|-message|burgerfresser forfeited.
|
|win|still the n1
|raw|Ladder updating...
|raw|burgerfresser's rating: 1774 &rarr; <strong>1743<\/strong><br \/>(-31 for losing)
|raw|still the n1's rating: 1560 &rarr; <strong>1591<\/strong><br \/>(+31 for winning)