|join|burgerfresser
|join|GreenTax
|player|p1|burgerfresser|260
|player|p2|GreenTax|101
|gametype|singles
|gen|6
|tier|OU
|rated
|clearpoke
|poke|p1|Gardevoir, F, shiny
|poke|p1|Landorus-Therian, M
|poke|p1|Celebi
|poke|p1|Keldeo-Resolute
|poke|p1|Mandibuzz, F
|poke|p1|Entei, shiny
|poke|p2|Scizor, M, shiny
|poke|p2|Mew
|poke|p2|Zapdos
|poke|p2|Gengar, M
|poke|p2|Gothitelle, M
|poke|p2|Conkeldurr, F
|rule|Swagger Clause: Swagger is banned
|rule|Baton Pass Clause: Limit one Pokémon knowing Baton Pass
|rule|Sleep Clause Mod: Limit one foe put to sleep
|rule|Species Clause: Limit one of each Pokémon
|rule|OHKO Clause: OHKO moves are banned
|rule|Moody Clause: Moody is banned
|rule|Evasion Moves Clause: Evasion moves are banned
|rule|Endless Battle Clause: Forcing endless battles is banned
|rule|HP Percentage Mod: HP is shown in percentages
|teampreview
|join|MetaForce
|join|gui168
|
|start
|switch|p1a: Hentei|Entei, shiny|371\/371
|switch|p2a: Mew|Mew|404\/404
|-ability|p1a: Hentei|Pressure
|turn|1
|join|AdvanceShip
|
|move|p1a: Hentei|Sacred Fire|p2a: Mew
|-damage|p2a: Mew|148\/404
|move|p2a: Mew|Stealth Rock|p1a: Hentei
|-sidestart|p1: burgerfresser|move: Stealth Rock
|
|-heal|p2a: Mew|173\/404|[from] item: Leftovers
|turn|2
|
|move|p1a: Hentei|Sacred Fire|p2a: Mew
|-damage|p2a: Mew|0 fnt
|faint|p2a: Mew
|
|
|switch|p2a: Conkeldurr|Conkeldurr, F|351\/351
|turn|3
|
|move|p1a: Hentei|Sacred Fire|p2a: Conkeldurr
|-damage|p2a: Conkeldurr|107\/351
|move|p2a: Conkeldurr|Knock Off|p1a: Hentei
|-damage|p1a: Hentei|227\/371
|-enditem|p1a: Hentei|Choice Band|[from] move: Knock Off|[of] p2a: Conkeldurr
|
|turn|4
|
|move|p2a: Conkeldurr|Mach Punch|p1a: Hentei
|-damage|p1a: Hentei|116\/371
|move|p1a: Hentei|Sacred Fire|p2a: Conkeldurr|[miss]
|-miss|p1a: Hentei|p2a: Conkeldurr
|
|turn|5
|c|★burgerfresser|ofc
|c|★burgerfresser|wieso wird hier eigentlich jeder dafür belohnt schlecht zu spielen ._.
|
|move|p2a: Conkeldurr|Mach Punch|p1a: Hentei
|-damage|p1a: Hentei|0 fnt
|faint|p1a: Hentei
|
|
|switch|p1a: Dildohead|Keldeo-Resolute|323\/323
|-damage|p1a: Dildohead|303\/323|[from] Stealth Rock
|turn|6
|c| AdvanceShip|und bekommt high rolls...
|
|move|p2a: Conkeldurr|Mach Punch|p1a: Dildohead
|-damage|p1a: Dildohead|195\/323
|move|p1a: Dildohead|Scald|p2a: Conkeldurr
|-damage|p2a: Conkeldurr|0 fnt
|faint|p2a: Conkeldurr
|
|
|switch|p2a: Gothitelle|Gothitelle, M|344\/344
|turn|7
|
|move|p1a: Dildohead|Scald|p2a: Gothitelle
|-damage|p2a: Gothitelle|206\/344
|-status|p2a: Gothitelle|brn
|move|p2a: Gothitelle|Psyshock|p1a: Dildohead
|-supereffective|p1a: Dildohead
|-damage|p1a: Dildohead|0 fnt
|faint|p1a: Dildohead
|
|-damage|p2a: Gothitelle|163\/344 brn|[from] brn
|join|B♥a♥u♥e♥r♥
|c|★burgerfresser|Land sollte das immer noch haben
|
|switch|p1a: Landorus-Therian|Landorus-Therian, M|319\/319
|-damage|p1a: Landorus-Therian|280\/319|[from] Stealth Rock
|-ability|p1a: Landorus-Therian|Intimidate|[of] p2a: Gothitelle
|-unboost|p2a: Gothitelle|atk|1
|turn|8
|c| B♥a♥u♥e♥r♥|nicht wenn kyogre kommt
|
|switch|p2a: Scizor|Scizor, M, shiny|337\/337
|move|p1a: Landorus-Therian|Knock Off|p2a: Scizor
|-damage|p2a: Scizor|279\/337
|
|turn|9
|c|★burgerfresser|klar
|c| B♥a♥u♥e♥r♥|http:\/\/pix.echtlustig.com\/1405\/das-findet-sogar-der-peter-lustig.jpg
|
|switch|p1a: Mandibuzz|Mandibuzz, F|423\/423
|-damage|p1a: Mandibuzz|318\/423|[from] Stealth Rock
|detailschange|p2a: Scizor|Scizor-Mega, M, shiny
|-mega|p2a: Scizor|Scizor|Scizorite
|move|p2a: Scizor|Swords Dance|p2a: Scizor
|-boost|p2a: Scizor|atk|2
|
|-heal|p1a: Mandibuzz|344\/423|[from] item: Leftovers
|turn|10
|c|★burgerfresser|wie unglaublich "lustig"
|
|switch|p2a: Zapdos|Zapdos|371\/371
|-ability|p2a: Zapdos|Pressure
|move|p1a: Mandibuzz|Foul Play|p2a: Zapdos
|-damage|p2a: Zapdos|299\/371
|
|-heal|p2a: Zapdos|322\/371|[from] item: Leftovers
|-heal|p1a: Mandibuzz|370\/423|[from] item: Leftovers
|turn|11
|leave|gui168
|
|switch|p2a: Gengar|Gengar, M|262\/262
|move|p1a: Mandibuzz|Defog|p2a: Gengar
|-unboost|p2a: Gengar|evasion|1
|-sideend|p1: burgerfresser|Stealth Rock|[from] move: Defog|[of] p1a: Mandibuzz
|
|-heal|p1a: Mandibuzz|396\/423|[from] item: Leftovers
|turn|12
|c| B♥a♥u♥e♥r♥|counter is real
|c| AdvanceShip|plays
|c|★burgerfresser|obviously hat er cele predictet
|
|switch|p2a: Scizor|Scizor-Mega, M, shiny|279\/337
|move|p1a: Mandibuzz|Foul Play|p2a: Scizor
|-crit|p2a: Scizor
|-damage|p2a: Scizor|131\/337
|
|-heal|p1a: Mandibuzz|422\/423|[from] item: Leftovers
|turn|13
|c| B♥a♥u♥e♥r♥|kek
|
|move|p1a: Mandibuzz|Foul Play|p2a: Scizor
|-crit|p2a: Scizor
|-damage|p2a: Scizor|0 fnt
|faint|p2a: Scizor
|
|-heal|p1a: Mandibuzz|423\/423|[from] item: Leftovers
|c| B♥a♥u♥e♥r♥|HAHAHAHAHAHAHAHAHAHAHHAHAHAHAHAAHAHAHHAHAH
|c|★burgerfresser|aaah bad n lucky
|
|switch|p2a: Gothitelle|Gothitelle, M|163\/344 brn
|turn|14
|c| B♥a♥u♥e♥r♥|http:\/\/pix.echtlustig.com\/1405\/das-findet-sogar-der-peter-lustig.jpg
|
|move|p2a: Gothitelle|Trick|p1a: Mandibuzz
|-activate|p2a: Gothitelle|move: Trick|[of] p1a: Mandibuzz
|-item|p1a: Mandibuzz|Choice Scarf|[from] move: Trick
|-item|p2a: Gothitelle|Leftovers|[from] move: Trick
|move|p1a: Mandibuzz|Foul Play|p2a: Gothitelle
|-supereffective|p2a: Gothitelle
|-damage|p2a: Gothitelle|67\/344 brn
|
|-heal|p2a: Gothitelle|88\/344 brn|[from] item: Leftovers
|-damage|p2a: Gothitelle|45\/344 brn|[from] brn
|turn|15
|join|yrs
|
|move|p1a: Mandibuzz|Foul Play|p2a: Gothitelle
|-supereffective|p2a: Gothitelle
|-damage|p2a: Gothitelle|0 fnt
|faint|p2a: Gothitelle
|
|leave|yrs
|c| AdvanceShip|lol
|c|★burgerfresser|scarf mandi 2 stronk
|
|switch|p2a: Zapdos|Zapdos|322\/371
|-ability|p2a: Zapdos|Pressure
|turn|16
|
|switch|p1a: Gardewhore|Gardevoir, F, shiny|283\/283
|-ability|p1a: Gardewhore|Pressure|[from] ability: Trace|[of] p2a: Zapdos
|-ability|p1a: Gardewhore|Pressure
|move|p2a: Zapdos|Heat Wave|p1a: Gardewhore
|-damage|p1a: Gardewhore|198\/283
|
|-heal|p2a: Zapdos|345\/371|[from] item: Leftovers
|turn|17
|
|detailschange|p1a: Gardewhore|Gardevoir-Mega, F, shiny
|-mega|p1a: Gardewhore|Gardevoir|Gardevoirite
|move|p1a: Gardewhore|Hyper Voice|p2a: Zapdos
|-damage|p2a: Zapdos|69\/371
|move|p2a: Zapdos|Thunderbolt|p1a: Gardewhore
|-damage|p1a: Gardewhore|98\/283
|
|-heal|p2a: Zapdos|92\/371|[from] item: Leftovers
|turn|18
|c|★burgerfresser|gg
|
|switch|p2a: Gengar|Gengar, M|262\/262
|move|p1a: Gardewhore|Psyshock|p2a: Gengar
|-supereffective|p2a: Gengar
|-damage|p2a: Gengar|0 fnt
|faint|p2a: Gengar
|
|-message|GreenTax forfeited.
|leave|GreenTax
|
|win|burgerfresser
|raw|Ladder updating...
|player|p2
|raw|burgerfresser's rating: 1664 &rarr; <strong>1685<\/strong><br \/>(+21 for winning)
|raw|GreenTax's rating: 1679 &rarr; <strong>1658<\/strong><br \/>(-21 for losing)