|join|jjrn
|join|xSargoN
|player|p1|jjrn|102
|player|p2|xSargoN|12
|gametype|singles
|gen|6
|tier|OU
|rated
|clearpoke
|poke|p1|Bisharp, F
|poke|p1|Alakazam, M
|poke|p1|Florges, F
|poke|p1|Heatran, F
|poke|p1|Latios, M
|poke|p1|Landorus-Therian, M
|poke|p2|Ferrothorn, F
|poke|p2|Rotom-Wash
|poke|p2|Conkeldurr, F
|poke|p2|Latios, M
|poke|p2|Togekiss, M
|poke|p2|Medicham, F
|rule|Swagger Clause: Swagger is banned
|rule|Baton Pass Clause: Limit one Pokémon knowing Baton Pass
|rule|Sleep Clause Mod: Limit one foe put to sleep
|rule|Species Clause: Limit one of each Pokémon
|rule|OHKO Clause: OHKO moves are banned
|rule|Moody Clause: Moody is banned
|rule|Evasion Moves Clause: Evasion moves are banned
|rule|Endless Battle Clause: Forcing endless battles is banned
|rule|HP Percentage Mod: HP is shown in percentages
|teampreview
|
|start
|switch|p1a: Florges|Florges, F|297\/297
|switch|p2a: Medicham|Medicham, F|261\/261
|turn|1
|
|switch|p1a: Landorus-Therian|Landorus-Therian, M|319\/319
|-ability|p1a: Landorus-Therian|Intimidate|[of] p2a: Medicham
|-unboost|p2a: Medicham|atk|1
|detailschange|p2a: Medicham|Medicham-Mega, F
|message|Medicham has Mega Evolved into Mega Medicham!
|move|p2a: Medicham|Fake Out|p1a: Landorus-Therian
|-damage|p1a: Landorus-Therian|261\/319
|
|turn|2
|
|switch|p2a: Rotom-Wash|Rotom-Wash|304\/304
|move|p1a: Landorus-Therian|Earthquake|p2a: Rotom-Wash
|-immune|p2a: Rotom-Wash|[msg]
|
|turn|3
|
|switch|p1a: Latios|Latios, M|301\/301
|move|p2a: Rotom-Wash|Will-O-Wisp|p1a: Latios
|-status|p1a: Latios|brn
|
|-damage|p1a: Latios|264\/301 brn|[from] brn
|turn|4
|
|switch|p2a: Togekiss|Togekiss, M|374\/374
|move|p1a: Latios|Energy Ball|p2a: Togekiss
|-resisted|p2a: Togekiss
|-damage|p2a: Togekiss|313\/374
|-unboost|p2a: Togekiss|spd|1
|-damage|p1a: Latios|234\/301 brn|[from] item: Life Orb
|
|-heal|p2a: Togekiss|336\/374|[from] item: Leftovers
|-damage|p1a: Latios|197\/301 brn|[from] brn
|turn|5
|
|move|p1a: Latios|Ice Beam|p2a: Togekiss
|-supereffective|p2a: Togekiss
|-damage|p2a: Togekiss|0 fnt
|-damage|p1a: Latios|167\/301 brn|[from] item: Life Orb
|faint|p2a: Togekiss
|
|-damage|p1a: Latios|130\/301 brn|[from] brn
|
|switch|p2a: Medicham|Medicham-Mega, F|261\/261
|turn|6
|
|move|p2a: Medicham|Fake Out|p1a: Latios
|-damage|p1a: Latios|32\/301 brn
|cant|p1a: Latios|flinch
|
|-damage|p1a: Latios|0 fnt|[from] brn
|faint|p1a: Latios
|
|switch|p1a: Alakazam|Alakazam, M|251\/251
|turn|7
|
|switch|p2a: Rotom-Wash|Rotom-Wash|304\/304
|detailschange|p1a: Alakazam|Alakazam-Mega, M
|message|Alakazam has Mega Evolved into Mega Alakazam!
|-ability|p1a: Alakazam|Levitate|[from] ability: Trace|[of] p2a: Rotom-Wash
|move|p1a: Alakazam|Dazzling Gleam|p2a: Rotom-Wash
|-damage|p2a: Rotom-Wash|229\/304
|
|-heal|p2a: Rotom-Wash|248\/304|[from] item: Leftovers
|turn|8
|
|move|p1a: Alakazam|Energy Ball|p2a: Rotom-Wash
|-supereffective|p2a: Rotom-Wash
|-damage|p2a: Rotom-Wash|64\/304
|move|p2a: Rotom-Wash|Pain Split|p1a: Alakazam
|-sethp|p1a: Alakazam|157\/251|p2a: Rotom-Wash|157\/304|[from] move: Pain Split
|
|-heal|p2a: Rotom-Wash|176\/304|[from] item: Leftovers
|turn|9
|
|move|p1a: Alakazam|Energy Ball|p2a: Rotom-Wash
|-supereffective|p2a: Rotom-Wash
|-damage|p2a: Rotom-Wash|0 fnt
|faint|p2a: Rotom-Wash
|
|
|switch|p2a: Medicham|Medicham-Mega, F|261\/261
|turn|10
|
|switch|p1a: Landorus-Therian|Landorus-Therian, M|261\/319
|-ability|p1a: Landorus-Therian|Intimidate|[of] p2a: Medicham
|-unboost|p2a: Medicham|atk|1
|move|p2a: Medicham|Fake Out|p1a: Landorus-Therian
|-crit|p1a: Landorus-Therian
|-damage|p1a: Landorus-Therian|148\/319
|
|turn|11
|
|switch|p2a: Ferrothorn|Ferrothorn, F|352\/352
|move|p1a: Landorus-Therian|Knock Off|p2a: Ferrothorn
|-damage|p2a: Ferrothorn|277\/352
|-damage|p1a: Landorus-Therian|109\/319|[from] ability: Iron Barbs|[of] p2a: Ferrothorn
|-damage|p1a: Landorus-Therian|56\/319|[from] item: Rocky Helmet|[of] p2a: Ferrothorn
|-enditem|p2a: Ferrothorn|Rocky Helmet|[from] move: Knock Off|[of] p1a: Landorus-Therian
|
|turn|12
|
|switch|p1a: Heatran|Heatran, F|323\/323
|-item|p1a: Heatran|Air Balloon
|move|p2a: Ferrothorn|Power Whip|p1a: Heatran
|-resisted|p1a: Heatran
|-damage|p1a: Heatran|296\/323
|-enditem|p1a: Heatran|Air Balloon
|
|turn|13
|
|switch|p2a: Latios|Latios, M|302\/302
|move|p1a: Heatran|Stealth Rock|p2a: Latios
|-sidestart|p2: xSargoN|move: Stealth Rock
|
|turn|14
|
|move|p2a: Latios|Surf|p1a: Heatran
|-supereffective|p1a: Heatran
|-damage|p1a: Heatran|46\/323
|-damage|p2a: Latios|272\/302|[from] item: Life Orb
|move|p1a: Heatran|Dragon Pulse|p2a: Latios
|-supereffective|p2a: Latios
|-damage|p2a: Latios|60\/302
|
|turn|15
|
|switch|p1a: Florges|Florges, F|297\/297
|move|p2a: Latios|Surf|p1a: Florges
|-damage|p1a: Florges|228\/297
|-damage|p2a: Latios|30\/302|[from] item: Life Orb
|
|-heal|p1a: Florges|246\/297|[from] item: Leftovers
|turn|16
|
|move|p2a: Latios|Psyshock|p1a: Florges
|-damage|p1a: Florges|0 fnt
|-damage|p2a: Latios|0 fnt|[from] item: Life Orb
|faint|p1a: Florges
|faint|p2a: Latios
|
|
|switch|p1a: Alakazam|Alakazam-Mega, M|157\/251
|switch|p2a: Medicham|Medicham-Mega, F|261\/261
|-damage|p2a: Medicham|245\/261|[from] Stealth Rock
|-ability|p1a: Alakazam|Pure Power|[from] ability: Trace|[of] p2a: Medicham
|turn|17
|
|switch|p1a: Heatran|Heatran, F|46\/323
|move|p2a: Medicham|Fake Out|p1a: Heatran
|-resisted|p1a: Heatran
|-damage|p1a: Heatran|13\/323
|
|turn|18
|
|move|p2a: Medicham|Psycho Cut|p1a: Heatran
|-resisted|p1a: Heatran
|-damage|p1a: Heatran|0 fnt
|faint|p1a: Heatran
|
|
|switch|p1a: Alakazam|Alakazam-Mega, M|157\/251
|-ability|p1a: Alakazam|Pure Power|[from] ability: Trace|[of] p2a: Medicham
|turn|19
|
|switch|p2a: Ferrothorn|Ferrothorn, F|277\/352
|-damage|p2a: Ferrothorn|255\/352|[from] Stealth Rock
|move|p1a: Alakazam|Dazzling Gleam|p2a: Ferrothorn
|-resisted|p2a: Ferrothorn
|-damage|p2a: Ferrothorn|204\/352
|
|turn|20
|
|move|p1a: Alakazam|Hidden Power|p2a: Ferrothorn
|-supereffective|p2a: Ferrothorn
|-damage|p2a: Ferrothorn|0 fnt
|faint|p2a: Ferrothorn
|
|
|switch|p2a: Medicham|Medicham-Mega, F|245\/261
|-damage|p2a: Medicham|229\/261|[from] Stealth Rock
|turn|21
|
|move|p2a: Medicham|Fake Out|p1a: Alakazam
|-damage|p1a: Alakazam|46\/251
|cant|p1a: Alakazam|flinch
|
|turn|22
|
|switch|p2a: Conkeldurr|Conkeldurr, F|414\/414
|-damage|p2a: Conkeldurr|389\/414|[from] Stealth Rock
|move|p1a: Alakazam|Dazzling Gleam|p2a: Conkeldurr
|-supereffective|p2a: Conkeldurr
|-damage|p2a: Conkeldurr|173\/414
|
|turn|23
|
|move|p2a: Conkeldurr|Mach Punch|p1a: Alakazam
|-crit|p1a: Alakazam
|-resisted|p1a: Alakazam
|-damage|p1a: Alakazam|0 fnt
|faint|p1a: Alakazam
|
|
|switch|p1a: Landorus-Therian|Landorus-Therian, M|56\/319
|-ability|p1a: Landorus-Therian|Intimidate|[of] p2a: Conkeldurr
|-unboost|p2a: Conkeldurr|atk|1
|turn|24
|
|move|p2a: Conkeldurr|Mach Punch|p1a: Landorus-Therian
|-resisted|p1a: Landorus-Therian
|-damage|p1a: Landorus-Therian|23\/319
|move|p1a: Landorus-Therian|Earthquake|p2a: Conkeldurr
|-damage|p2a: Conkeldurr|0 fnt
|faint|p2a: Conkeldurr
|
|
|switch|p2a: Medicham|Medicham-Mega, F|229\/261
|-damage|p2a: Medicham|213\/261|[from] Stealth Rock
|turn|25
|
|switch|p1a: Bisharp|Bisharp, F|271\/271
|move|p2a: Medicham|Fire Punch|p1a: Bisharp
|-supereffective|p1a: Bisharp
|-enditem|p1a: Bisharp|Focus Sash
|-damage|p1a: Bisharp|1\/271
|
|turn|26
|
|move|p1a: Bisharp|Sucker Punch|p2a: Medicham
|-damage|p2a: Medicham|51\/261
|move|p2a: Medicham|Fire Punch|p1a: Bisharp
|-supereffective|p1a: Bisharp
|-damage|p1a: Bisharp|0 fnt
|faint|p1a: Bisharp
|
|
|switch|p1a: Landorus-Therian|Landorus-Therian, M|23\/319
|-ability|p1a: Landorus-Therian|Intimidate|[of] p2a: Medicham
|-unboost|p2a: Medicham|atk|1
|turn|27
|
|move|p1a: Landorus-Therian|Earthquake|p2a: Medicham
|-damage|p2a: Medicham|0 fnt
|faint|p2a: Medicham
|
|win|jjrn
|raw|Ladder updating...
|raw|jjrn's rating: 1528 &rarr; <strong>1548<\/strong><br \/>(+20 for winning)
|raw|xSargoN's rating: 1520 &rarr; <strong>1501<\/strong><br \/>(-19 for losing)
|leave|jjrn
|player|p1
|c|★xSargoN|great battle