|join|jjrn
|join|A7test
|player|p1|jjrn|102
|player|p2|A7test|167
|gametype|singles
|gen|6
|tier|OU
|rated
|clearpoke
|poke|p1|Breloom, F
|poke|p1|Medicham, F
|poke|p1|Azumarill, M
|poke|p1|Heatran, F
|poke|p1|Latios, M
|poke|p1|Kyurem-Black
|poke|p2|Pinsir, F
|poke|p2|Ferrothorn, M
|poke|p2|Latios, M
|poke|p2|Excadrill, M
|poke|p2|Greninja, F
|poke|p2|Darmanitan, M
|rule|Swagger Clause: Swagger is banned
|rule|Baton Pass Clause: Limit one Pokémon knowing Baton Pass
|rule|Sleep Clause Mod: Limit one foe put to sleep
|rule|Species Clause: Limit one of each Pokémon
|rule|OHKO Clause: OHKO moves are banned
|rule|Moody Clause: Moody is banned
|rule|Evasion Moves Clause: Evasion moves are banned
|rule|Endless Battle Clause: Forcing endless battles is banned
|rule|HP Percentage Mod: HP is shown in percentages
|teampreview
|
|start
|switch|p1a: Medicham|Medicham, F|261\/261
|switch|p2a: Pinsir|Pinsir, F|272\/272
|turn|1
|
|detailschange|p2a: Pinsir|Pinsir-Mega, F
|message|Pinsir has Mega Evolved into Mega Pinsir!
|detailschange|p1a: Medicham|Medicham-Mega, F
|message|Medicham has Mega Evolved into Mega Medicham!
|move|p1a: Medicham|Fake Out|p2a: Pinsir
|-damage|p2a: Pinsir|196\/272
|cant|p2a: Pinsir|flinch
|
|turn|2
|
|switch|p1a: Heatran|Heatran, F|323\/323
|-item|p1a: Heatran|Air Balloon
|move|p2a: Pinsir|Frustration|p1a: Heatran
|-resisted|p1a: Heatran
|-damage|p1a: Heatran|216\/323
|-enditem|p1a: Heatran|Air Balloon
|
|turn|3
|
|move|p2a: Pinsir|Close Combat|p1a: Heatran
|-supereffective|p1a: Heatran
|-damage|p1a: Heatran|0 fnt
|-unboost|p2a: Pinsir|def|1
|-unboost|p2a: Pinsir|spd|1
|faint|p1a: Heatran
|
|
|switch|p1a: Breloom|Breloom, F|261\/261
|turn|4
|
|move|p2a: Pinsir|Frustration|p1a: Breloom
|-supereffective|p1a: Breloom
|-enditem|p1a: Breloom|Focus Sash
|-damage|p1a: Breloom|1\/261
|move|p1a: Breloom|Rock Tomb|p2a: Pinsir
|-supereffective|p2a: Pinsir
|-damage|p2a: Pinsir|0 fnt
|faint|p2a: Pinsir
|
|
|switch|p2a: Latios|Latios, M|301\/301
|turn|5
|
|move|p2a: Latios|Psyshock|p1a: Breloom
|-supereffective|p1a: Breloom
|-damage|p1a: Breloom|0 fnt
|-damage|p2a: Latios|271\/301|[from] item: Life Orb
|faint|p1a: Breloom
|
|
|switch|p1a: Azumarill|Azumarill, M|341\/341
|turn|6
|
|switch|p2a: Ferrothorn|Ferrothorn, M|352\/352
|move|p1a: Azumarill|Knock Off|p2a: Ferrothorn
|-damage|p2a: Ferrothorn|272\/352
|-damage|p1a: Azumarill|299\/341|[from] ability: Iron Barbs|[of] p2a: Ferrothorn
|-damage|p1a: Azumarill|243\/341|[from] item: Rocky Helmet|[of] p2a: Ferrothorn
|-enditem|p2a: Ferrothorn|Rocky Helmet|[from] move: Knock Off|[of] p1a: Azumarill
|
|turn|7
|
|switch|p1a: Medicham|Medicham-Mega, F|261\/261
|move|p2a: Ferrothorn|Gyro Ball|p1a: Medicham
|-damage|p1a: Medicham|86\/261
|
|turn|8
|
|move|p2a: Ferrothorn|Protect|p2a: Ferrothorn
|-singleturn|p2a: Ferrothorn|Protect
|move|p1a: Medicham|Drain Punch|p2a: Ferrothorn
|-activate|p2a: Ferrothorn|Protect
|
|turn|9
|
|switch|p2a: Latios|Latios, M|271\/301
|move|p1a: Medicham|Drain Punch|p2a: Latios
|-resisted|p2a: Latios
|-damage|p2a: Latios|118\/301
|-heal|p1a: Medicham|163\/261|[from] drain|[of] p2a: Latios
|
|turn|10
|
|switch|p1a: Latios|Latios, M|301\/301
|move|p2a: Latios|Psyshock|p1a: Latios
|-resisted|p1a: Latios
|-damage|p1a: Latios|202\/301
|-damage|p2a: Latios|88\/301|[from] item: Life Orb
|
|turn|11
|
|move|p2a: Latios|Draco Meteor|p1a: Latios
|-supereffective|p1a: Latios
|-damage|p1a: Latios|0 fnt
|-unboost|p2a: Latios|spa|2
|-damage|p2a: Latios|58\/301|[from] item: Life Orb
|faint|p1a: Latios
|
|
|switch|p1a: Azumarill|Azumarill, M|243\/341
|turn|12
|
|switch|p1a: Medicham|Medicham-Mega, F|163\/261
|move|p2a: Latios|Psyshock|p1a: Medicham
|-damage|p1a: Medicham|49\/261
|-damage|p2a: Latios|28\/301|[from] item: Life Orb
|
|turn|13
|
|switch|p2a: Ferrothorn|Ferrothorn, M|272\/352
|move|p1a: Medicham|Fake Out|p2a: Ferrothorn
|-resisted|p2a: Ferrothorn
|-damage|p2a: Ferrothorn|246\/352
|-damage|p1a: Medicham|17\/261|[from] ability: Iron Barbs|[of] p2a: Ferrothorn
|
|turn|14
|
|switch|p2a: Latios|Latios, M|28\/301
|move|p1a: Medicham|Drain Punch|p2a: Latios
|-resisted|p2a: Latios
|-damage|p2a: Latios|0 fnt
|-heal|p1a: Medicham|31\/261|[from] drain|[of] p2a: Latios
|faint|p2a: Latios
|
|
|switch|p2a: Darmanitan|Darmanitan, M|351\/351
|turn|15
|
|switch|p1a: Azumarill|Azumarill, M|243\/341
|move|p2a: Darmanitan|U-turn|p1a: Azumarill
|-resisted|p1a: Azumarill
|-damage|p1a: Azumarill|200\/341
|
|switch|p2a: Excadrill|Excadrill, M|362\/362
|-ability|p2a: Excadrill|Mold Breaker
|
|turn|16
|
|switch|p2a: Ferrothorn|Ferrothorn, M|246\/352
|move|p1a: Azumarill|Aqua Jet|p2a: Ferrothorn
|-resisted|p2a: Ferrothorn
|-damage|p2a: Ferrothorn|222\/352
|-damage|p1a: Azumarill|158\/341|[from] ability: Iron Barbs|[of] p2a: Ferrothorn
|
|turn|17
|
|move|p1a: Azumarill|Waterfall|p2a: Ferrothorn
|-resisted|p2a: Ferrothorn
|-damage|p2a: Ferrothorn|171\/352
|-damage|p1a: Azumarill|116\/341|[from] ability: Iron Barbs|[of] p2a: Ferrothorn
|move|p2a: Ferrothorn|Leech Seed|p1a: Azumarill
|-start|p1a: Azumarill|move: Leech Seed
|
|-damage|p1a: Azumarill|74\/341|[from] Leech Seed|[of] p2a: Ferrothorn
|-heal|p2a: Ferrothorn|213\/352|[silent]
|turn|18
|
|move|p1a: Azumarill|Play Rough|p2a: Ferrothorn
|-resisted|p2a: Ferrothorn
|-damage|p2a: Ferrothorn|151\/352
|-damage|p1a: Azumarill|32\/341|[from] ability: Iron Barbs|[of] p2a: Ferrothorn
|-unboost|p2a: Ferrothorn|atk|1
|move|p2a: Ferrothorn|Gyro Ball|p1a: Azumarill
|-crit|p1a: Azumarill
|-damage|p1a: Azumarill|0 fnt
|faint|p1a: Azumarill
|
|
|switch|p1a: Medicham|Medicham-Mega, F|31\/261
|turn|19
|
|move|p1a: Medicham|Drain Punch|p2a: Ferrothorn
|-supereffective|p2a: Ferrothorn
|-damage|p2a: Ferrothorn|0 fnt
|-heal|p1a: Medicham|107\/261|[from] drain|[of] p2a: Ferrothorn
|-damage|p1a: Medicham|75\/261|[from] ability: Iron Barbs|[of] p2a: Ferrothorn
|faint|p2a: Ferrothorn
|
|
|switch|p2a: Darmanitan|Darmanitan, M|351\/351
|turn|20
|
|move|p2a: Darmanitan|Flare Blitz|p1a: Medicham
|-damage|p1a: Medicham|0 fnt
|-damage|p2a: Darmanitan|326\/351|[from] recoil|[of] p1a: Medicham
|faint|p1a: Medicham
|
|
|switch|p1a: Kyurem-Black|Kyurem-Black|391\/391
|-ability|p1a: Kyurem-Black|Teravolt
|turn|21
|
|move|p1a: Kyurem-Black|Dragon Claw|p2a: Darmanitan
|-damage|p2a: Darmanitan|31\/351
|move|p2a: Darmanitan|Flare Blitz|p1a: Kyurem-Black
|-damage|p1a: Kyurem-Black|99\/391
|-damage|p2a: Darmanitan|0 fnt|[from] recoil|[of] p1a: Kyurem-Black
|faint|p2a: Darmanitan
|
|
|switch|p2a: Excadrill|Excadrill, M|362\/362
|-ability|p2a: Excadrill|Mold Breaker
|turn|22
|-message|jjrn forfeited.
|
|win|A7test
|raw|Ladder updating...
|leave|jjrn
|player|p1
|raw|jjrn's rating: 1652 &rarr; <strong>1627<\/strong><br \/>(-25 for losing)
|raw|A7test's rating: 1553 &rarr; <strong>1578<\/strong><br \/>(+25 for winning)