|join|jjrn
|join|Volnutt
|player|p1|jjrn|169
|player|p2|Volnutt|33
|gametype|singles
|gen|6
|tier|OU
|rated
|clearpoke
|poke|p1|Bisharp, M
|poke|p1|Alakazam, F
|poke|p1|Sylveon, M
|poke|p1|Heatran, F
|poke|p1|Latios, M
|poke|p1|Landorus-Therian, M
|poke|p2|Tentacruel, M
|poke|p2|Tyranitar, M
|poke|p2|Latias, F
|poke|p2|Froslass, F, shiny
|poke|p2|Ferrothorn, M
|poke|p2|Talonflame, F
|rule|Swagger Clause: Swagger is banned
|rule|Baton Pass Clause: Limit one Pokémon knowing Baton Pass
|rule|Sleep Clause Mod: Limit one foe put to sleep
|rule|Species Clause: Limit one of each Pokémon
|rule|OHKO Clause: OHKO moves are banned
|rule|Moody Clause: Moody is banned
|rule|Evasion Moves Clause: Evasion moves are banned
|rule|Endless Battle Clause: Forcing endless battles is banned
|rule|HP Percentage Mod: HP is shown in percentages
|teampreview
|
|start
|switch|p1a: Landorus-Therian|Landorus-Therian, M|319\/319
|switch|p2a: Sinnoh|Froslass, F, shiny|282\/282
|-ability|p1a: Landorus-Therian|Intimidate|[of] p2a: Sinnoh
|-unboost|p2a: Sinnoh|atk|1
|turn|1
|
|move|p1a: Landorus-Therian|Knock Off|p2a: Sinnoh
|-crit|p2a: Sinnoh
|-supereffective|p2a: Sinnoh
|-enditem|p2a: Sinnoh|Focus Sash
|-damage|p2a: Sinnoh|1\/282
|move|p2a: Sinnoh|Frost Breath|p1a: Landorus-Therian
|-crit|p1a: Landorus-Therian
|-supereffective|p1a: Landorus-Therian
|-damage|p1a: Landorus-Therian|0 fnt
|faint|p1a: Landorus-Therian
|
|
|switch|p1a: Heatran|Heatran, F|323\/323
|turn|2
|
|move|p2a: Sinnoh|Destiny Bond|p2a: Sinnoh
|-singlemove|p2a: Sinnoh|Destiny Bond
|move|p1a: Heatran|Stealth Rock|p2a: Sinnoh
|-sidestart|p2: Volnutt|move: Stealth Rock
|
|turn|3
|
|switch|p1a: Sylveon|Sylveon, M|331\/331
|move|p2a: Sinnoh|Taunt|p1a: Sylveon
|-start|p1a: Sylveon|move: Taunt
|
|turn|4
|
|switch|p1a: Bisharp|Bisharp, M|271\/271
|move|p2a: Sinnoh|Destiny Bond|p2a: Sinnoh
|-singlemove|p2a: Sinnoh|Destiny Bond
|
|turn|5
|
|move|p2a: Sinnoh|Frost Breath|p1a: Bisharp
|-crit|p1a: Bisharp
|-resisted|p1a: Bisharp
|-damage|p1a: Bisharp|191\/271
|move|p1a: Bisharp|Swords Dance|p1a: Bisharp
|-boost|p1a: Bisharp|atk|2
|
|turn|6
|
|move|p2a: Sinnoh|Destiny Bond|p2a: Sinnoh
|-singlemove|p2a: Sinnoh|Destiny Bond
|move|p1a: Bisharp|Swords Dance|p1a: Bisharp
|-boost|p1a: Bisharp|atk|2
|
|turn|7
|
|move|p2a: Sinnoh|Taunt|p1a: Bisharp
|-start|p1a: Bisharp|move: Taunt
|cant|p1a: Bisharp|move: Taunt|Swords Dance
|
|turn|8
|
|move|p1a: Bisharp|Sucker Punch|p2a: Sinnoh
|-fail|p2a: Sinnoh
|move|p2a: Sinnoh|Destiny Bond|p2a: Sinnoh
|-singlemove|p2a: Sinnoh|Destiny Bond
|
|turn|9
|
|move|p1a: Bisharp|Sucker Punch|p2a: Sinnoh
|-supereffective|p2a: Sinnoh
|-damage|p2a: Sinnoh|0 fnt
|-start|p1a: Bisharp|Disable|Sucker Punch
|faint|p2a: Sinnoh
|-activate|p2a: Sinnoh|Destiny Bond
|faint|p1a: Bisharp
|
|
|switch|p2a: Kanto|Tentacruel, M|363\/363
|-damage|p2a: Kanto|318\/363|[from] Stealth Rock
|switch|p1a: Heatran|Heatran, F|323\/323
|turn|10
|
|move|p2a: Kanto|Rapid Spin|p1a: Heatran
|-resisted|p1a: Heatran
|-damage|p1a: Heatran|319\/323
|-sideend|p2: Volnutt|Stealth Rock|[from] move: Rapid Spin|[of] p2a: Kanto
|move|p1a: Heatran|Dragon Pulse|p2a: Kanto
|-damage|p2a: Kanto|255\/363
|
|-heal|p1a: Heatran|323\/323|[from] item: Leftovers
|turn|11
|
|switch|p2a: Johto|Tyranitar, M|348\/348
|-weather|Sandstorm
|switch|p1a: Sylveon|Sylveon, M|331\/331
|
|-weather|Sandstorm|[upkeep]
|-damage|p1a: Sylveon|311\/331|[from] sandstorm
|-heal|p1a: Sylveon|331\/331|[from] item: Leftovers
|turn|12
|
|switch|p2a: Kanto|Tentacruel, M|255\/363
|move|p1a: Sylveon|Moonblast|p2a: Kanto
|-resisted|p2a: Kanto
|-damage|p2a: Kanto|213\/363
|
|-weather|Sandstorm|[upkeep]
|-damage|p2a: Kanto|191\/363|[from] sandstorm
|-damage|p1a: Sylveon|311\/331|[from] sandstorm
|-heal|p1a: Sylveon|331\/331|[from] item: Leftovers
|turn|13
|
|switch|p1a: Latios|Latios, M|301\/301
|move|p2a: Kanto|Acid Spray|p1a: Latios
|-damage|p1a: Latios|262\/301
|-unboost|p1a: Latios|spd|2
|
|-weather|Sandstorm|[upkeep]
|-damage|p1a: Latios|244\/301|[from] sandstorm
|-damage|p2a: Kanto|169\/363|[from] sandstorm
|turn|14
|
|move|p1a: Latios|Surf|p2a: Kanto
|-resisted|p2a: Kanto
|-damage|p2a: Kanto|127\/363
|-damage|p1a: Latios|214\/301|[from] item: Life Orb
|move|p2a: Kanto|Dazzling Gleam|p1a: Latios
|-supereffective|p1a: Latios
|-damage|p1a: Latios|10\/301
|
|-weather|Sandstorm|[upkeep]
|-damage|p1a: Latios|0 fnt|[from] sandstorm
|-damage|p2a: Kanto|105\/363|[from] sandstorm
|faint|p1a: Latios
|
|switch|p1a: Heatran|Heatran, F|323\/323
|turn|15
|
|switch|p2a: Johto|Tyranitar, M|348\/348
|move|p1a: Heatran|Stealth Rock|p2a: Johto
|-sidestart|p2: Volnutt|move: Stealth Rock
|
|-weather|none
|turn|16
|
|switch|p1a: Sylveon|Sylveon, M|331\/331
|move|p2a: Johto|Dragon Dance|p2a: Johto
|-boost|p2a: Johto|atk|1
|-boost|p2a: Johto|spe|1
|
|turn|17
|
|detailschange|p2a: Johto|Tyranitar-Mega, M
|message|Tyranitar has Mega Evolved into Mega Tyranitar!
|-weather|Sandstorm
|move|p2a: Johto|Rock Slide|p1a: Sylveon
|-damage|p1a: Sylveon|3\/331
|move|p1a: Sylveon|Moonblast|p2a: Johto
|-supereffective|p2a: Johto
|-damage|p2a: Johto|162\/348
|
|-weather|Sandstorm|[upkeep]
|-damage|p1a: Sylveon|0 fnt|[from] sandstorm
|faint|p1a: Sylveon
|
|switch|p1a: Alakazam|Alakazam, F|251\/251
|turn|18
|
|detailschange|p1a: Alakazam|Alakazam-Mega, F
|message|Alakazam has Mega Evolved into Mega Alakazam!
|-ability|p1a: Alakazam|Sand Stream|[from] ability: Trace|[of] p2a: Johto
|move|p2a: Johto|Rock Slide|p1a: Alakazam
|-damage|p1a: Alakazam|0 fnt
|faint|p1a: Alakazam
|
|-weather|Sandstorm|[upkeep]
|-message|jjrn forfeited.
|
|win|Volnutt
|raw|Ladder updating...
|leave|jjrn
|player|p1
|raw|jjrn's rating: 1385 &rarr; <strong>1363<\/strong><br \/>(-22 for losing)
|raw|Volnutt's rating: 1344 &rarr; <strong>1366<\/strong><br \/>(+22 for winning)