|join|SwaggBoi
|join|egodro
|player|p1|SwaggBoi|1
|player|p2|egodro|269
|gametype|singles
|gen|6
|tier|OU
|rated
|clearpoke
|poke|p1|Landorus-Therian, M
|poke|p1|Salamence, F
|poke|p1|Latios, M
|poke|p1|Greninja, F
|poke|p1|Mamoswine, M
|poke|p1|Raikou
|poke|p2|Tyranitar, M
|poke|p2|Excadrill, F
|poke|p2|Scizor, M
|poke|p2|Chansey, F
|poke|p2|Garchomp, M
|poke|p2|Togekiss, M
|rule|Swagger Clause: Swagger is banned
|rule|Baton Pass Clause: Limit one Pokémon knowing Baton Pass
|rule|Sleep Clause Mod: Limit one foe put to sleep
|rule|Species Clause: Limit one of each Pokémon
|rule|OHKO Clause: OHKO moves are banned
|rule|Moody Clause: Moody is banned
|rule|Evasion Moves Clause: Evasion moves are banned
|rule|Endless Battle Clause: Forcing endless battles is banned
|rule|HP Percentage Mod: HP is shown in percentages
|teampreview
|
|start
|switch|p1a: Mamoswine|Mamoswine, M|424\/424
|switch|p2a: Tyranitar|Tyranitar, M|386\/386
|-weather|Sandstorm
|turn|1
|
|switch|p2a: Scizor|Scizor, M|281\/281
|move|p1a: Mamoswine|Earthquake|p2a: Scizor
|-damage|p2a: Scizor|39\/281
|-damage|p1a: Mamoswine|382\/424|[from] item: Life Orb
|
|-weather|Sandstorm|[upkeep]
|turn|2
|
|switch|p1a: Landorus-Therian|Landorus-Therian, M|320\/320
|-ability|p1a: Landorus-Therian|Intimidate|[of] p2a: Scizor
|-unboost|p2a: Scizor|atk|1
|detailschange|p2a: Scizor|Scizor-Mega, M
|message|Scizor has Mega Evolved into Mega Scizor!
|move|p2a: Scizor|Bullet Punch|p1a: Landorus-Therian
|-crit|p1a: Landorus-Therian
|-damage|p1a: Landorus-Therian|116\/320
|
|-weather|Sandstorm|[upkeep]
|turn|3
|
|move|p2a: Scizor|Bullet Punch|p1a: Landorus-Therian
|-damage|p1a: Landorus-Therian|34\/320
|move|p1a: Landorus-Therian|Knock Off|p2a: Scizor
|-damage|p2a: Scizor|0 fnt
|faint|p2a: Scizor
|
|-weather|Sandstorm|[upkeep]
|
|switch|p2a: Excadrill|Excadrill, F|361\/361
|turn|4
|
|switch|p1a: Raikou|Raikou|322\/322
|-ability|p1a: Raikou|Pressure
|move|p2a: Excadrill|Iron Head|p1a: Raikou
|-resisted|p1a: Raikou
|-damage|p1a: Raikou|178\/322
|-damage|p2a: Excadrill|325\/361|[from] item: Life Orb
|
|-weather|Sandstorm|[upkeep]
|-damage|p1a: Raikou|158\/322|[from] sandstorm
|turn|5
|
|switch|p1a: Landorus-Therian|Landorus-Therian, M|34\/320
|-ability|p1a: Landorus-Therian|Intimidate|[of] p2a: Excadrill
|-unboost|p2a: Excadrill|atk|1
|move|p2a: Excadrill|Earthquake|p1a: Landorus-Therian
|-immune|p1a: Landorus-Therian|[msg]
|
|-weather|none
|turn|6
|
|switch|p2a: Togekiss|Togekiss, M|374\/374
|move|p1a: Landorus-Therian|U-turn|p2a: Togekiss
|-resisted|p2a: Togekiss
|-damage|p2a: Togekiss|356\/374
|
|switch|p1a: Mamoswine|Mamoswine, M|382\/424
|
|-heal|p2a: Togekiss|374\/374|[from] item: Leftovers
|turn|7
|
|move|p2a: Togekiss|Air Slash|p1a: Mamoswine
|-damage|p1a: Mamoswine|238\/424
|cant|p1a: Mamoswine|flinch
|
|turn|8
|
|move|p2a: Togekiss|Air Slash|p1a: Mamoswine
|-damage|p1a: Mamoswine|94\/424
|move|p1a: Mamoswine|Icicle Crash|p2a: Togekiss
|-supereffective|p2a: Togekiss
|-damage|p2a: Togekiss|20\/374
|-damage|p1a: Mamoswine|52\/424|[from] item: Life Orb
|
|-heal|p2a: Togekiss|43\/374|[from] item: Leftovers
|turn|9
|
|move|p1a: Mamoswine|Ice Shard|p2a: Togekiss
|-supereffective|p2a: Togekiss
|-damage|p2a: Togekiss|0 fnt
|-damage|p1a: Mamoswine|10\/424|[from] item: Life Orb
|faint|p2a: Togekiss
|
|
|switch|p2a: Garchomp|Garchomp, M|420\/420
|turn|10
|
|switch|p2a: Tyranitar|Tyranitar, M|386\/386
|-weather|Sandstorm
|move|p1a: Mamoswine|Ice Shard|p2a: Tyranitar
|-damage|p2a: Tyranitar|289\/386
|-damage|p1a: Mamoswine|0 fnt|[from] item: Life Orb
|faint|p1a: Mamoswine
|
|-weather|Sandstorm|[upkeep]
|
|switch|p1a: Landorus-Therian|Landorus-Therian, M|34\/320
|-ability|p1a: Landorus-Therian|Intimidate|[of] p2a: Tyranitar
|-unboost|p2a: Tyranitar|atk|1
|turn|11
|
|switch|p2a: Garchomp|Garchomp, M|420\/420
|move|p1a: Landorus-Therian|U-turn|p2a: Garchomp
|-damage|p2a: Garchomp|345\/420
|-damage|p1a: Landorus-Therian|0 fnt|[from] ability: Rough Skin|[of] p2a: Garchomp
|faint|p1a: Landorus-Therian
|
|-weather|Sandstorm|[upkeep]
|
|switch|p1a: Greninja|Greninja, F|286\/286
|turn|12
|
|switch|p2a: Chansey|Chansey, F|651\/651
|move|p1a: Greninja|Ice Beam|p2a: Chansey
|-start|p1a: Greninja|typechange|Ice|[from] Protean
|-damage|p2a: Chansey|556\/651
|-damage|p1a: Greninja|258\/286|[from] item: Life Orb
|
|-weather|Sandstorm|[upkeep]
|-damage|p1a: Greninja|241\/286|[from] sandstorm
|-damage|p2a: Chansey|516\/651|[from] sandstorm
|turn|13
|
|switch|p1a: Latios|Latios, M|301\/301
|move|p2a: Chansey|Toxic|p1a: Latios
|-status|p1a: Latios|tox
|
|-weather|Sandstorm|[upkeep]
|-damage|p1a: Latios|283\/301 tox|[from] sandstorm
|-damage|p2a: Chansey|476\/651|[from] sandstorm
|-damage|p1a: Latios|265\/301 tox|[from] psn
|turn|14
|
|switch|p1a: Greninja|Greninja, F|241\/286
|switch|p2a: Tyranitar|Tyranitar, M|289\/386
|
|-weather|none
|turn|15
|
|switch|p1a: Salamence|Salamence, F|394\/394
|-ability|p1a: Salamence|Intimidate|[of] p2a: Tyranitar
|-unboost|p2a: Tyranitar|atk|1
|switch|p2a: Chansey|Chansey, F|476\/651
|
|turn|16
|
|detailschange|p1a: Salamence|Salamence-Mega, F
|message|Salamence has Mega Evolved into Mega Salamence!
|move|p1a: Salamence|Dragon Dance|p1a: Salamence
|-boost|p1a: Salamence|atk|1
|-boost|p1a: Salamence|spe|1
|move|p2a: Chansey|Toxic|p1a: Salamence
|-status|p1a: Salamence|tox
|
|-damage|p1a: Salamence|370\/394 tox|[from] psn
|turn|17
|
|switch|p2a: Tyranitar|Tyranitar, M|289\/386
|-weather|Sandstorm
|move|p1a: Salamence|Frustration|p2a: Tyranitar
|-resisted|p2a: Tyranitar
|-damage|p2a: Tyranitar|91\/386
|
|-weather|Sandstorm|[upkeep]
|-damage|p1a: Salamence|346\/394 tox|[from] sandstorm
|-damage|p1a: Salamence|298\/394 tox|[from] psn
|turn|18
|
|switch|p2a: Garchomp|Garchomp, M|345\/420
|move|p1a: Salamence|Frustration|p2a: Garchomp
|-damage|p2a: Garchomp|20\/420
|-damage|p1a: Salamence|249\/394 tox|[from] ability: Rough Skin|[of] p2a: Garchomp
|-damage|p1a: Salamence|184\/394 tox|[from] item: Rocky Helmet|[of] p2a: Garchomp
|
|-weather|Sandstorm|[upkeep]
|-damage|p1a: Salamence|160\/394 tox|[from] sandstorm
|-damage|p1a: Salamence|88\/394 tox|[from] psn
|turn|19
|
|switch|p1a: Latios|Latios, M|265\/301 tox
|move|p2a: Garchomp|Dragon Claw|p1a: Latios
|-supereffective|p1a: Latios
|-damage|p1a: Latios|0 fnt
|faint|p1a: Latios
|
|-weather|Sandstorm|[upkeep]
|
|switch|p1a: Raikou|Raikou|158\/322
|-ability|p1a: Raikou|Pressure
|turn|20
|
|switch|p2a: Excadrill|Excadrill, F|325\/361
|move|p1a: Raikou|Hidden Power|p2a: Excadrill
|-damage|p2a: Excadrill|232\/361
|
|-weather|Sandstorm|[upkeep]
|-damage|p1a: Raikou|138\/322|[from] sandstorm
|turn|21
|
|move|p2a: Excadrill|Iron Head|p1a: Raikou
|-crit|p1a: Raikou
|-resisted|p1a: Raikou
|-damage|p1a: Raikou|0 fnt
|-damage|p2a: Excadrill|196\/361|[from] item: Life Orb
|faint|p1a: Raikou
|
|-weather|none
|
|switch|p1a: Greninja|Greninja, F|241\/286
|turn|22
|
|switch|p2a: Chansey|Chansey, F|476\/651
|move|p1a: Greninja|Surf|p2a: Chansey
|-start|p1a: Greninja|typechange|Water|[from] Protean
|-crit|p2a: Chansey
|-damage|p2a: Chansey|323\/651
|-damage|p1a: Greninja|213\/286|[from] item: Life Orb
|
|turn|23
|
|switch|p1a: Salamence|Salamence-Mega, F|88\/394 tox
|move|p2a: Chansey|Soft-Boiled|p2a: Chansey
|-heal|p2a: Chansey|649\/651
|
|-damage|p1a: Salamence|64\/394 tox|[from] psn
|turn|24
|
|switch|p2a: Garchomp|Garchomp, M|20\/420
|move|p1a: Salamence|Roost|p1a: Salamence
|-heal|p1a: Salamence|261\/394 tox
|
|-damage|p1a: Salamence|213\/394 tox|[from] psn
|turn|25
|
|move|p1a: Salamence|Frustration|p2a: Garchomp
|-damage|p2a: Garchomp|0 fnt
|-damage|p1a: Salamence|164\/394 tox|[from] ability: Rough Skin|[of] p2a: Garchomp
|-damage|p1a: Salamence|99\/394 tox|[from] item: Rocky Helmet|[of] p2a: Garchomp
|faint|p2a: Garchomp
|
|-damage|p1a: Salamence|27\/394 tox|[from] psn
|
|switch|p2a: Tyranitar|Tyranitar, M|91\/386
|-weather|Sandstorm
|turn|26
|
|switch|p1a: Greninja|Greninja, F|213\/286
|move|p2a: Tyranitar|Crunch|p1a: Greninja
|-resisted|p1a: Greninja
|-damage|p1a: Greninja|36\/286
|
|-weather|Sandstorm|[upkeep]
|-damage|p1a: Greninja|19\/286|[from] sandstorm
|turn|27
|
|move|p1a: Greninja|Hidden Power|p2a: Tyranitar
|-start|p1a: Greninja|typechange|Fire|[from] Protean
|-resisted|p2a: Tyranitar
|-damage|p2a: Tyranitar|52\/386
|-damage|p1a: Greninja|0 fnt|[from] item: Life Orb
|faint|p1a: Greninja
|move|p2a: Tyranitar|Crunch|p1: Greninja|[notarget]
|-notarget
|
|-weather|Sandstorm|[upkeep]
|
|switch|p1a: Salamence|Salamence-Mega, F|27\/394 tox
|turn|28
|
|move|p1a: Salamence|Roost|p1a: Salamence
|-heal|p1a: Salamence|224\/394 tox
|move|p2a: Tyranitar|Crunch|p1a: Salamence
|-damage|p1a: Salamence|29\/394 tox
|
|-weather|Sandstorm|[upkeep]
|-damage|p1a: Salamence|5\/394 tox|[from] sandstorm
|-damage|p1a: Salamence|0 fnt|[from] psn
|faint|p1a: Salamence
|
|win|egodro
|raw|Ladder updating...
|raw|SwaggBoi's rating: 1318 &rarr; <strong>1297<\/strong><br \/>(-21 for losing)
|raw|egodro's rating: 1300 &rarr; <strong>1321<\/strong><br \/>(+21 for winning)
|c|★egodro|gg
|leave|SwaggBoi
|player|p1