|join|Cozz93
|join|Zabrael
|player|p1|Cozz93|169
|player|p2|Zabrael|146
|gametype|singles
|gen|6
|tier|OU
|rated
|clearpoke
|poke|p1|Smeargle, F
|poke|p1|Whimsicott, M
|poke|p1|Gothitelle, F
|poke|p1|Azelf
|poke|p1|Espeon, M
|poke|p1|Cottonee, F
|poke|p2|Espeon, M
|poke|p2|Kyurem-Black
|poke|p2|Wobbuffet, F
|poke|p2|Landorus-Therian, M
|poke|p2|Azumarill, M
|poke|p2|Rotom-Wash
|rule|Swagger Clause: Swagger is banned
|rule|Baton Pass Clause: Limit one Pokémon knowing Baton Pass
|rule|Sleep Clause Mod: Limit one foe put to sleep
|rule|Species Clause: Limit one of each Pokémon
|rule|OHKO Clause: OHKO moves are banned
|rule|Moody Clause: Moody is banned
|rule|Evasion Moves Clause: Evasion moves are banned
|rule|Endless Battle Clause: Forcing endless battles is banned
|rule|HP Percentage Mod: HP is shown in percentages
|teampreview
|
|start
|switch|p1a: Cottonee|Cottonee, F|284\/284
|switch|p2a: Wobbuffet|Wobbuffet, F|584\/584
|turn|1
|
|move|p1a: Cottonee|Tailwind|p1a: Cottonee
|-sidestart|p1: Cozz93|move: Tailwind
|move|p2a: Wobbuffet|Encore|p1a: Cottonee
|-start|p1a: Cottonee|Encore
|
|turn|2
|
|move|p1a: Cottonee|Tailwind|p1a: Cottonee
|-fail|p1a: Cottonee
|move|p2a: Wobbuffet|Counter|p1a: Cottonee
|-fail|p1a: Cottonee
|
|turn|3
|
|move|p1a: Cottonee|Tailwind|p1a: Cottonee
|-fail|p1a: Cottonee
|move|p2a: Wobbuffet|Counter|p1a: Cottonee
|-fail|p1a: Cottonee
|
|turn|4
|
|move|p1a: Cottonee|Tailwind|p1a: Cottonee
|-fail|p1a: Cottonee
|move|p2a: Wobbuffet|Counter|p1a: Cottonee
|-fail|p1a: Cottonee
|
|-end|p1a: Cottonee|Encore
|-sideend|p1: Cozz93|move: Tailwind
|turn|5
|
|move|p1a: Cottonee|Taunt|p2a: Wobbuffet
|-start|p2a: Wobbuffet|move: Taunt
|cant|p2a: Wobbuffet|move: Taunt|Encore
|
|turn|6
|
|move|p1a: Cottonee|Stun Spore|p2a: Wobbuffet
|-status|p2a: Wobbuffet|par
|move|p2a: Wobbuffet|Counter|p1a: Cottonee
|-fail|p1a: Cottonee
|
|turn|7
|
|move|p1a: Cottonee|Memento|p2a: Wobbuffet
|-unboost|p2a: Wobbuffet|atk|2
|-unboost|p2a: Wobbuffet|spa|2
|faint|p1a: Cottonee
|cant|p2a: Wobbuffet|par
|
|-end|p2a: Wobbuffet|move: Taunt
|
|switch|p1a: Azelf|Azelf|291\/291
|turn|8
|
|move|p1a: Azelf|Taunt|p2a: Wobbuffet
|-start|p2a: Wobbuffet|move: Taunt
|cant|p2a: Wobbuffet|move: Taunt|Encore
|
|turn|9
|
|switch|p2a: Landorus-Therian|Landorus-Therian, M|329\/329
|-ability|p2a: Landorus-Therian|Intimidate|[of] p1a: Azelf
|-unboost|p1a: Azelf|atk|1
|move|p1a: Azelf|Reflect|p1a: Azelf
|-sidestart|p1: Cozz93|Reflect
|
|turn|10
|
|move|p1a: Azelf|Light Screen|p1a: Azelf
|-sidestart|p1: Cozz93|move: Light Screen
|move|p2a: Landorus-Therian|Knock Off|p1a: Azelf
|-crit|p1a: Azelf
|-supereffective|p1a: Azelf
|-damage|p1a: Azelf|0 fnt
|-enditem|p1a: Azelf|Light Clay|[from] move: Knock Off|[of] p2a: Landorus-Therian
|faint|p1a: Azelf
|
|
|switch|p1a: Whimsicott|Whimsicott, M|324\/324
|turn|11
|
|switch|p2a: Espeon|Espeon, M|271\/271
|move|p1a: Whimsicott|Tailwind|p1a: Whimsicott
|-sidestart|p1: Cozz93|move: Tailwind
|
|turn|12
|
|switch|p2a: Wobbuffet|Wobbuffet, F|584\/584 par
|move|p1a: Whimsicott|Memento|p2a: Wobbuffet
|-unboost|p2a: Wobbuffet|atk|2
|-unboost|p2a: Wobbuffet|spa|2
|faint|p1a: Whimsicott
|
|
|switch|p1a: Smeargle|Smeargle, F|314\/314
|turn|13
|
|move|p1a: Smeargle|Taunt|p2a: Wobbuffet
|-start|p2a: Wobbuffet|move: Taunt
|cant|p2a: Wobbuffet|move: Taunt|Encore
|
|turn|14
|
|switch|p2a: Kyurem-Black|Kyurem-Black|392\/392
|-ability|p2a: Kyurem-Black|Teravolt
|move|p1a: Smeargle|Geomancy|p1a: Smeargle|[still]
|-prepare|p1a: Smeargle|Geomancy|p1a: Smeargle
|-enditem|p1a: Smeargle|Power Herb
|-anim|p1a: Smeargle|Geomancy|p1a: Smeargle
|-boost|p1a: Smeargle|spa|2
|-boost|p1a: Smeargle|spd|2
|-boost|p1a: Smeargle|spe|2
|
|-sideend|p1: Cozz93|move: Tailwind
|turn|15
|
|switch|p2a: Espeon|Espeon, M|271\/271
|move|p1a: Smeargle|Taunt|p2a: Espeon
|move|p2a: Espeon|Taunt|p1a: Smeargle|[from]Magic Bounce
|-start|p1a: Smeargle|move: Taunt
|
|turn|16
|
|switch|p1a: Gothitelle|Gothitelle, F|344\/344
|move|p2a: Espeon|Trick|p1a: Gothitelle
|-activate|p2a: Espeon|move: Trick|[of] p1a: Gothitelle
|-item|p1a: Gothitelle|Choice Specs|[from] move: Trick
|-item|p2a: Espeon|Choice Specs|[from] move: Trick
|
|-sideend|p1: Cozz93|Reflect
|turn|17
|
|move|p2a: Espeon|Shadow Ball|p1a: Gothitelle
|-supereffective|p1a: Gothitelle
|-damage|p1a: Gothitelle|207\/344
|move|p1a: Gothitelle|Dark Pulse|p2a: Espeon
|-supereffective|p2a: Espeon
|-damage|p2a: Espeon|7\/271
|
|-sideend|p1: Cozz93|move: Light Screen
|turn|18
|
|move|p2a: Espeon|Shadow Ball|p1a: Gothitelle
|-supereffective|p1a: Gothitelle
|-damage|p1a: Gothitelle|0 fnt
|faint|p1a: Gothitelle
|
|
|switch|p1a: Smeargle|Smeargle, F|314\/314
|turn|19
|
|switch|p2a: Kyurem-Black|Kyurem-Black|392\/392
|-ability|p2a: Kyurem-Black|Teravolt
|move|p1a: Smeargle|Geomancy|p1a: Smeargle|[still]
|-prepare|p1a: Smeargle|Geomancy|p1a: Smeargle
|
|turn|20
|
|move|p2a: Kyurem-Black|Outrage|p1a: Smeargle
|-damage|p1a: Smeargle|0 fnt
|faint|p1a: Smeargle
|
|
|switch|p1a: Espeon|Espeon, M|334\/334
|turn|21
|
|move|p2a: Kyurem-Black|Outrage|p1a: Espeon
|-damage|p1a: Espeon|0 fnt
|faint|p1a: Espeon
|
|win|Zabrael
|raw|Ladder updating...
|raw|Cozz93's rating: 1748 &rarr; <strong>1726<\/strong><br \/>(-22 for losing)
|raw|Zabrael's rating: 1705 &rarr; <strong>1728<\/strong><br \/>(+23 for winning)
|leave|Cozz93
|player|p1