|join|lil manaphy
|join|Zabrael
|player|p1|lil manaphy|170
|player|p2|Zabrael|146
|gametype|singles
|gen|6
|tier|OU
|rated
|clearpoke
|poke|p1|Lopunny, F
|poke|p1|Rotom-Wash
|poke|p1|Gothitelle, M
|poke|p1|Celebi
|poke|p1|Heatran, F
|poke|p1|Mandibuzz, F
|poke|p2|Alakazam, F
|poke|p2|Kyurem-Black
|poke|p2|Wobbuffet, F
|poke|p2|Landorus-Therian, M
|poke|p2|Manectric, F
|poke|p2|Rotom-Wash
|rule|Swagger Clause: Swagger is banned
|rule|Baton Pass Clause: Limit one Pokémon knowing Baton Pass
|rule|Sleep Clause Mod: Limit one foe put to sleep
|rule|Species Clause: Limit one of each Pokémon
|rule|OHKO Clause: OHKO moves are banned
|rule|Moody Clause: Moody is banned
|rule|Evasion Moves Clause: Evasion moves are banned
|rule|Endless Battle Clause: Forcing endless battles is banned
|rule|HP Percentage Mod: HP is shown in percentages
|teampreview
|
|start
|switch|p1a: Heatran|Heatran, F|384\/384
|switch|p2a: Manectric|Manectric, F|282\/282
|turn|1
|
|detailschange|p2a: Manectric|Manectric-Mega, F
|-mega|p2a: Manectric|Manectric|Manectite
|-ability|p2a: Manectric|Intimidate|[of] p1a: Heatran
|-unboost|p1a: Heatran|atk|1
|move|p2a: Manectric|Volt Switch|p1a: Heatran
|-damage|p1a: Heatran|245\/384
|
|switch|p2a: Kyurem-Black|Kyurem-Black|392\/392
|-ability|p2a: Kyurem-Black|Teravolt
|move|p1a: Heatran|Stealth Rock|p2a: Kyurem-Black
|-sidestart|p2: Zabrael|move: Stealth Rock
|
|-heal|p1a: Heatran|269\/384|[from] item: Leftovers
|turn|2
|
|switch|p1a: Gothitelle|Gothitelle, M|301\/301
|move|p2a: Kyurem-Black|Fusion Bolt|p1a: Gothitelle
|-damage|p1a: Gothitelle|48\/301
|
|turn|3
|
|switch|p1a: Celebi|Celebi|404\/404
|move|p2a: Kyurem-Black|Fusion Bolt|p1a: Celebi
|-resisted|p1a: Celebi
|-damage|p1a: Celebi|292\/404
|
|-heal|p1a: Celebi|317\/404|[from] item: Leftovers
|turn|4
|
|switch|p2a: Landorus-Therian|Landorus-Therian, M|329\/329
|-damage|p2a: Landorus-Therian|288\/329|[from] Stealth Rock
|-ability|p2a: Landorus-Therian|Intimidate|[of] p1a: Celebi
|-unboost|p1a: Celebi|atk|1
|move|p1a: Celebi|Giga Drain|p2a: Landorus-Therian
|-crit|p2a: Landorus-Therian
|-damage|p2a: Landorus-Therian|138\/329
|-heal|p1a: Celebi|392\/404|[from] drain|[of] p2a: Landorus-Therian
|
|-heal|p2a: Landorus-Therian|158\/329|[from] item: Leftovers
|-heal|p1a: Celebi|404\/404|[from] item: Leftovers
|turn|5
|
|switch|p1a: Rotom-Wash|Rotom-Wash|303\/303
|move|p2a: Landorus-Therian|Knock Off|p1a: Rotom-Wash
|-damage|p1a: Rotom-Wash|228\/303
|-enditem|p1a: Rotom-Wash|Leftovers|[from] move: Knock Off|[of] p2a: Landorus-Therian
|
|-heal|p2a: Landorus-Therian|178\/329|[from] item: Leftovers
|turn|6
|
|switch|p2a: Rotom-Wash|Rotom-Wash|304\/304
|-damage|p2a: Rotom-Wash|266\/304|[from] Stealth Rock
|move|p1a: Rotom-Wash|Hydro Pump|p2a: Rotom-Wash
|-resisted|p2a: Rotom-Wash
|-damage|p2a: Rotom-Wash|206\/304
|
|turn|7
|
|move|p1a: Rotom-Wash|Will-O-Wisp|p2a: Rotom-Wash|[miss]
|-miss|p1a: Rotom-Wash|p2a: Rotom-Wash
|move|p2a: Rotom-Wash|Volt Switch|p1a: Rotom-Wash
|-damage|p1a: Rotom-Wash|141\/303
|
|switch|p2a: Kyurem-Black|Kyurem-Black|392\/392
|-damage|p2a: Kyurem-Black|294\/392|[from] Stealth Rock
|-ability|p2a: Kyurem-Black|Teravolt
|
|turn|8
|
|switch|p1a: Gothitelle|Gothitelle, M|48\/301
|move|p2a: Kyurem-Black|Outrage|p1a: Gothitelle
|-damage|p1a: Gothitelle|0 fnt
|faint|p1a: Gothitelle
|
|
|switch|p1a: Mandibuzz|Mandibuzz, F|423\/423
|turn|9
|
|move|p2a: Kyurem-Black|Outrage|p1a: Mandibuzz
|-damage|p1a: Mandibuzz|104\/423
|-damage|p2a: Kyurem-Black|229\/392|[from] item: Rocky Helmet|[of] p1a: Mandibuzz
|move|p1a: Mandibuzz|Foul Play|p2a: Kyurem-Black
|-damage|p2a: Kyurem-Black|0 fnt
|faint|p2a: Kyurem-Black
|
|
|switch|p2a: Alakazam|Alakazam, F|251\/251
|turn|10
|
|switch|p1a: Celebi|Celebi|404\/404
|move|p2a: Alakazam|Focus Blast|p1a: Celebi
|-resisted|p1a: Celebi
|-damage|p1a: Celebi|347\/404
|
|-heal|p1a: Celebi|372\/404|[from] item: Leftovers
|turn|11
|
|move|p2a: Alakazam|Shadow Ball|p1a: Celebi
|-supereffective|p1a: Celebi
|-damage|p1a: Celebi|230\/404
|move|p1a: Celebi|Giga Drain|p2a: Alakazam
|-damage|p2a: Alakazam|158\/251
|-heal|p1a: Celebi|277\/404|[from] drain|[of] p2a: Alakazam
|
|-heal|p1a: Celebi|302\/404|[from] item: Leftovers
|turn|12
|
|move|p2a: Alakazam|Shadow Ball|p1a: Celebi
|-supereffective|p1a: Celebi
|-damage|p1a: Celebi|160\/404
|move|p1a: Celebi|Recover|p1a: Celebi
|-heal|p1a: Celebi|362\/404
|
|-heal|p1a: Celebi|387\/404|[from] item: Leftovers
|turn|13
|
|switch|p2a: Wobbuffet|Wobbuffet, F|584\/584
|-damage|p2a: Wobbuffet|511\/584|[from] Stealth Rock
|move|p1a: Celebi|Giga Drain|p2a: Wobbuffet
|-damage|p2a: Wobbuffet|414\/584
|-heal|p1a: Celebi|404\/404|[from] drain|[of] p2a: Wobbuffet
|
|-heal|p2a: Wobbuffet|450\/584|[from] item: Leftovers
|turn|14
|join|chiquita banana
|
|move|p1a: Celebi|Baton Pass|p1a: Celebi
|
|switch|p1a: Mandibuzz|Mandibuzz, F|104\/423
|move|p2a: Wobbuffet|Counter|p1a: Mandibuzz
|-fail|p1a: Mandibuzz
|
|-heal|p2a: Wobbuffet|486\/584|[from] item: Leftovers
|turn|15
|
|move|p1a: Mandibuzz|Roost|p1a: Mandibuzz
|-heal|p1a: Mandibuzz|316\/423
|move|p2a: Wobbuffet|Encore|p1a: Mandibuzz
|-start|p1a: Mandibuzz|Encore
|
|-heal|p2a: Wobbuffet|522\/584|[from] item: Leftovers
|turn|16
|
|move|p1a: Mandibuzz|Roost|p1a: Mandibuzz
|-heal|p1a: Mandibuzz|423\/423
|move|p2a: Wobbuffet|Counter|p1a: Mandibuzz
|-fail|p1a: Mandibuzz
|
|-heal|p2a: Wobbuffet|558\/584|[from] item: Leftovers
|turn|17
|
|switch|p2a: Manectric|Manectric-Mega, F|282\/282
|-damage|p2a: Manectric|247\/282|[from] Stealth Rock
|-ability|p2a: Manectric|Intimidate|[of] p1a: Mandibuzz
|-unboost|p1a: Mandibuzz|atk|1
|move|p1a: Mandibuzz|Roost|p1a: Mandibuzz
|-fail|p1a: Mandibuzz
|
|turn|18
|
|switch|p1a: Heatran|Heatran, F|269\/384
|move|p2a: Manectric|Thunderbolt|p1a: Heatran
|-damage|p1a: Heatran|113\/384
|
|-heal|p1a: Heatran|137\/384|[from] item: Leftovers
|turn|19
|
|switch|p1a: Celebi|Celebi|404\/404
|move|p2a: Manectric|Thunderbolt|p1a: Celebi
|-resisted|p1a: Celebi
|-damage|p1a: Celebi|339\/404
|
|-heal|p1a: Celebi|364\/404|[from] item: Leftovers
|turn|20
|
|move|p2a: Manectric|Flamethrower|p1a: Celebi
|-supereffective|p1a: Celebi
|-damage|p1a: Celebi|186\/404
|move|p1a: Celebi|Giga Drain|p2a: Manectric
|-damage|p2a: Manectric|145\/282
|-heal|p1a: Celebi|237\/404|[from] drain|[of] p2a: Manectric
|
|-heal|p1a: Celebi|262\/404|[from] item: Leftovers
|turn|21
|
|move|p2a: Manectric|Volt Switch|p1a: Celebi
|-resisted|p1a: Celebi
|-damage|p1a: Celebi|207\/404
|
|switch|p2a: Wobbuffet|Wobbuffet, F|558\/584
|-damage|p2a: Wobbuffet|485\/584|[from] Stealth Rock
|move|p1a: Celebi|Recover|p1a: Celebi
|-heal|p1a: Celebi|404\/404
|
|-heal|p2a: Wobbuffet|521\/584|[from] item: Leftovers
|turn|22
|
|switch|p2a: Alakazam|Alakazam, F|158\/251
|move|p1a: Celebi|Baton Pass|p1a: Celebi
|
|switch|p1a: Mandibuzz|Mandibuzz, F|423\/423
|
|turn|23
|
|switch|p2a: Rotom-Wash|Rotom-Wash|206\/304
|-damage|p2a: Rotom-Wash|168\/304|[from] Stealth Rock
|move|p1a: Mandibuzz|Foul Play|p2a: Rotom-Wash
|-damage|p2a: Rotom-Wash|129\/304
|-damage|p1a: Mandibuzz|353\/423|[from] item: Rocky Helmet|[of] p2a: Rotom-Wash
|
|turn|24
|join|req'd by crobro
|
|switch|p1a: Celebi|Celebi|404\/404
|move|p2a: Rotom-Wash|Pain Split|p1a: Celebi
|-sethp|p1a: Celebi|266\/404|p2a: Rotom-Wash|266\/304|[from] move: Pain Split
|
|-heal|p1a: Celebi|291\/404|[from] item: Leftovers
|turn|25
|
|switch|p2a: Wobbuffet|Wobbuffet, F|521\/584
|-damage|p2a: Wobbuffet|448\/584|[from] Stealth Rock
|move|p1a: Celebi|Giga Drain|p2a: Wobbuffet
|-damage|p2a: Wobbuffet|351\/584
|-heal|p1a: Celebi|340\/404|[from] drain|[of] p2a: Wobbuffet
|
|-heal|p1a: Celebi|365\/404|[from] item: Leftovers
|-heal|p2a: Wobbuffet|387\/584|[from] item: Leftovers
|turn|26
|
|move|p1a: Celebi|Baton Pass|p1a: Celebi
|
|switch|p1a: Heatran|Heatran, F|137\/384
|move|p2a: Wobbuffet|Encore|p1a: Heatran
|-fail|p1a: Heatran
|
|-heal|p1a: Heatran|161\/384|[from] item: Leftovers
|-heal|p2a: Wobbuffet|423\/584|[from] item: Leftovers
|turn|27
|
|move|p1a: Heatran|Toxic|p2a: Wobbuffet
|-status|p2a: Wobbuffet|tox
|move|p2a: Wobbuffet|Encore|p1a: Heatran
|-start|p1a: Heatran|Encore
|
|-heal|p1a: Heatran|185\/384|[from] item: Leftovers
|-heal|p2a: Wobbuffet|459\/584 tox|[from] item: Leftovers
|-damage|p2a: Wobbuffet|423\/584 tox|[from] psn
|turn|28
|
|switch|p2a: Alakazam|Alakazam, F|158\/251
|move|p1a: Heatran|Toxic|p2a: Alakazam
|-status|p2a: Alakazam|tox
|
|-heal|p1a: Heatran|209\/384|[from] item: Leftovers
|turn|29
|
|switch|p1a: Celebi|Celebi|365\/404
|move|p2a: Alakazam|Shadow Ball|p1a: Celebi
|-supereffective|p1a: Celebi
|-damage|p1a: Celebi|213\/404
|
|-heal|p1a: Celebi|238\/404|[from] item: Leftovers
|turn|30
|
|move|p2a: Alakazam|Shadow Ball|p1a: Celebi
|-crit|p1a: Celebi
|-supereffective|p1a: Celebi
|-damage|p1a: Celebi|26\/404
|move|p1a: Celebi|Recover|p1a: Celebi
|-heal|p1a: Celebi|228\/404
|
|-heal|p1a: Celebi|253\/404|[from] item: Leftovers
|turn|31
|
|move|p2a: Alakazam|Shadow Ball|p1a: Celebi
|-supereffective|p1a: Celebi
|-damage|p1a: Celebi|111\/404
|move|p1a: Celebi|Recover|p1a: Celebi
|-heal|p1a: Celebi|313\/404
|
|-heal|p1a: Celebi|338\/404|[from] item: Leftovers
|turn|32
|
|switch|p2a: Landorus-Therian|Landorus-Therian, M|178\/329
|-damage|p2a: Landorus-Therian|137\/329|[from] Stealth Rock
|-ability|p2a: Landorus-Therian|Intimidate|[of] p1a: Celebi
|-unboost|p1a: Celebi|atk|1
|move|p1a: Celebi|Giga Drain|p2a: Landorus-Therian
|-damage|p2a: Landorus-Therian|22\/329
|-heal|p1a: Celebi|396\/404|[from] drain|[of] p2a: Landorus-Therian
|
|-heal|p2a: Landorus-Therian|42\/329|[from] item: Leftovers
|-heal|p1a: Celebi|404\/404|[from] item: Leftovers
|turn|33
|join|LordKuvira
|
|switch|p1a: Mandibuzz|Mandibuzz, F|353\/423
|move|p2a: Landorus-Therian|Bulk Up|p2a: Landorus-Therian
|-boost|p2a: Landorus-Therian|atk|1
|-boost|p2a: Landorus-Therian|def|1
|
|-heal|p2a: Landorus-Therian|62\/329|[from] item: Leftovers
|turn|34
|
|move|p2a: Landorus-Therian|Knock Off|p1a: Mandibuzz
|-resisted|p1a: Mandibuzz
|-damage|p1a: Mandibuzz|297\/423
|-damage|p2a: Landorus-Therian|8\/329|[from] item: Rocky Helmet|[of] p1a: Mandibuzz
|-enditem|p1a: Mandibuzz|Rocky Helmet|[from] move: Knock Off|[of] p2a: Landorus-Therian
|move|p1a: Mandibuzz|Foul Play|p2a: Landorus-Therian
|-damage|p2a: Landorus-Therian|0 fnt
|faint|p2a: Landorus-Therian
|
|join|Sugar K Leonard
|
|switch|p2a: Manectric|Manectric-Mega, F|145\/282
|-damage|p2a: Manectric|110\/282|[from] Stealth Rock
|-ability|p2a: Manectric|Intimidate|[of] p1a: Mandibuzz
|-unboost|p1a: Mandibuzz|atk|1
|turn|35
|-message|Zabrael forfeited.
|leave|Zabrael
|
|win|lil manaphy
|raw|Ladder updating...
|player|p2
|raw|lil manaphy's rating: 1839 &rarr; <strong>1849<\/strong><br \/>(+10 for winning)
|raw|Zabrael's rating: 1653 &rarr; <strong>1643<\/strong><br \/>(-10 for losing)