|join|JLKD
|join|Storm Jesus
|player|p1|JLKD|292
|player|p2|Storm Jesus|151
|gametype|singles
|gen|6
|tier|OU
|clearpoke
|poke|p1|Weavile, F
|poke|p1|Azumarill, M
|poke|p1|Rotom-Wash
|poke|p1|Jirachi
|poke|p1|Gardevoir, M
|poke|p1|Garchomp, F
|poke|p2|Gliscor, M
|poke|p2|Charizard, M
|poke|p2|Magnezone
|poke|p2|Breloom, M
|poke|p2|Latios, M
|poke|p2|Skarmory, M
|rule|Swagger Clause: Swagger is banned
|rule|Baton Pass Clause: Limit one Pokémon knowing Baton Pass
|rule|Sleep Clause Mod: Limit one foe put to sleep
|rule|Species Clause: Limit one of each Pokémon
|rule|OHKO Clause: OHKO moves are banned
|rule|Moody Clause: Moody is banned
|rule|Evasion Moves Clause: Evasion moves are banned
|rule|Endless Battle Clause: Forcing endless battles is banned
|rule|HP Percentage Mod: HP is shown in percentages
|teampreview
|
|start
|switch|p1a: Rotom-Wash|Rotom-Wash|303\/303
|switch|p2a: Starscream|Skarmory, M|334\/334
|turn|1
|
|switch|p2a: Eon|Latios, M|302\/302
|move|p1a: Rotom-Wash|Volt Switch|p2a: Eon
|-resisted|p2a: Eon
|-damage|p2a: Eon|263\/302
|
|switch|p1a: Weavile|Weavile, F|281\/281
|
|turn|2
|
|switch|p2a: Starscream|Skarmory, M|334\/334
|move|p1a: Weavile|Icicle Crash|p2a: Starscream
|-damage|p2a: Starscream|224\/334
|-damage|p1a: Weavile|253\/281|[from] item: Life Orb
|
|turn|3
|
|move|p1a: Weavile|Swords Dance|p1a: Weavile
|-boost|p1a: Weavile|atk|2
|move|p2a: Starscream|Stealth Rock|p1a: Weavile
|-sidestart|p1: JLKD|move: Stealth Rock
|
|turn|4
|
|move|p1a: Weavile|Knock Off|p2a: Starscream
|-damage|p2a: Starscream|0 fnt
|-damage|p1a: Weavile|207\/281|[from] item: Rocky Helmet|[of] p2a: Starscream
|-enditem|p2a: Starscream|Rocky Helmet|[from] move: Knock Off|[of] p1a: Weavile
|-damage|p1a: Weavile|179\/281|[from] item: Life Orb
|faint|p2a: Starscream
|
|
|switch|p2a: Sage|Charizard, M|360\/360
|turn|5
|c|★Storm Jesus|fkin sd weavile
|c|★JLKD|:)
|
|detailschange|p2a: Sage|Charizard-Mega-Y, M
|-mega|p2a: Sage|Charizard|Charizardite Y
|-weather|SunnyDay
|move|p1a: Weavile|Knock Off|p2a: Sage
|-damage|p2a: Sage|0 fnt
|-damage|p1a: Weavile|151\/281|[from] item: Life Orb
|faint|p2a: Sage
|
|-weather|SunnyDay|[upkeep]
|c|★Storm Jesus|oh nvm
|
|switch|p2a: Terminal|Magnezone|282\/282
|turn|6
|
|move|p1a: Weavile|Knock Off|p2a: Terminal
|-damage|p2a: Terminal|0 fnt
|-enditem|p2a: Terminal|Choice Scarf|[from] move: Knock Off|[of] p1a: Weavile
|-damage|p1a: Weavile|123\/281|[from] item: Life Orb
|faint|p2a: Terminal
|
|-weather|SunnyDay|[upkeep]
|-message|Storm Jesus forfeited.
|
|switch|p2a: Detective|Breloom, M|262\/262
|turn|7
|c|★JLKD|gg
|
|win|JLKD