|join|TheRealNapla
|join|Storm Jesus
|join|DutyFree
|join|belgrade
|join|Agilis
|join|stockholm negro
|join|Rooo
|player|p1|TheRealNapla|290
|player|p2|Storm Jesus|151
|gametype|singles
|gen|6
|tier|OU
|clearpoke
|poke|p1|Garchomp, F
|poke|p1|Tyranitar, F
|poke|p1|Nidoqueen, F
|poke|p1|Metagross
|poke|p1|Rotom-Wash
|poke|p1|Gourgeist-*, M
|poke|p2|Gengar, M
|poke|p2|Meloetta
|poke|p2|Conkeldurr, M
|poke|p2|Gyarados, M
|poke|p2|Ferrothorn, M
|poke|p2|Landorus, M
|rule|Swagger Clause: Swagger is banned
|rule|Baton Pass Clause: Limit one Pokémon knowing Baton Pass
|rule|Sleep Clause Mod: Limit one foe put to sleep
|rule|Species Clause: Limit one of each Pokémon
|rule|OHKO Clause: OHKO moves are banned
|rule|Moody Clause: Moody is banned
|rule|Evasion Moves Clause: Evasion moves are banned
|rule|Endless Battle Clause: Forcing endless battles is banned
|rule|HP Percentage Mod: HP is shown in percentages
|teampreview
|leave|stockholm negro
|join|Demandred
|c|★TheRealNapla|gl hf
|join|IamChow
|
|start
|switch|p1a: Rotom-Wash|Rotom-Wash|241\/241
|switch|p2a: Heihachi|Conkeldurr, M|383\/383
|turn|1
|join|king of spycrabs
|leave|IamChow
|
|move|p1a: Rotom-Wash|Volt Switch|p2a: Heihachi
|-damage|p2a: Heihachi|310\/383
|
|switch|p1a: Gourgeist-Super|Gourgeist-Super, M|373\/373
|-item|p2a: Heihachi|Assault Vest|[from] ability: Frisk|[of] p1a: Gourgeist-Super|[identify]
|move|p2a: Heihachi|Knock Off|p1a: Gourgeist-Super
|-supereffective|p1a: Gourgeist-Super
|-damage|p1a: Gourgeist-Super|233\/373
|-enditem|p1a: Gourgeist-Super|Leftovers|[from] move: Knock Off|[of] p2a: Heihachi
|
|turn|2
|
|move|p1a: Gourgeist-Super|Leech Seed|p2a: Heihachi
|-start|p2a: Heihachi|move: Leech Seed
|move|p2a: Heihachi|Ice Punch|p1a: Gourgeist-Super
|-supereffective|p1a: Gourgeist-Super
|-damage|p1a: Gourgeist-Super|119\/373
|
|-damage|p2a: Heihachi|263\/383|[from] Leech Seed|[of] p1a: Gourgeist-Super
|-heal|p1a: Gourgeist-Super|166\/373|[silent]
|turn|3
|
|switch|p2a: Phantom|Gengar, M|262\/262
|move|p1a: Gourgeist-Super|Protect|p1a: Gourgeist-Super
|-fail|p1a: Gourgeist-Super
|
|turn|4
|
|move|p1a: Gourgeist-Super|Protect|p1a: Gourgeist-Super
|-singleturn|p1a: Gourgeist-Super|Protect
|move|p2a: Phantom|Shadow Ball|p1a: Gourgeist-Super
|-activate|p1a: Gourgeist-Super|Protect
|
|turn|5
|join|Moe007
|
|switch|p1a: Tyranitar|Tyranitar, F|403\/403
|-weather|Sandstorm
|move|p2a: Phantom|Focus Blast|p1a: Tyranitar|[miss]
|-miss|p2a: Phantom|p1a: Tyranitar
|
|-weather|Sandstorm|[upkeep]
|-damage|p2a: Phantom|246\/262|[from] sandstorm
|turn|6
|c|★Storm Jesus|..
|
|move|p2a: Phantom|Focus Blast|p1a: Tyranitar|[miss]
|-miss|p2a: Phantom|p1a: Tyranitar
|move|p1a: Tyranitar|Stealth Rock|p2a: Phantom
|-sidestart|p2: Storm Jesus|move: Stealth Rock
|
|-weather|Sandstorm|[upkeep]
|-damage|p2a: Phantom|230\/262|[from] sandstorm
|turn|7
|c|★TheRealNapla|not ur lucky day huh?
|c|★Storm Jesus|No..
|c|★Storm Jesus|but its yours
|
|switch|p1a: Garchomp|Garchomp, F|357\/357
|move|p2a: Phantom|Focus Blast|p1a: Garchomp|[miss]
|-miss|p2a: Phantom|p1a: Garchomp
|
|-weather|Sandstorm|[upkeep]
|-damage|p2a: Phantom|214\/262|[from] sandstorm
|turn|8
|c|★Storm Jesus|,
|c|★Storm Jesus|hax me more
|
|switch|p2a: Tytannial|Ferrothorn, M|352\/352
|-damage|p2a: Tytannial|330\/352|[from] Stealth Rock
|move|p1a: Garchomp|Dragon Claw|p2a: Tytannial
|-resisted|p2a: Tytannial
|-damage|p2a: Tytannial|285\/352
|-damage|p1a: Garchomp|313\/357|[from] ability: Iron Barbs|[of] p2a: Tytannial
|-damage|p1a: Garchomp|254\/357|[from] item: Rocky Helmet|[of] p2a: Tytannial
|
|-weather|Sandstorm|[upkeep]
|turn|9
|
|switch|p1a: Gourgeist-Super|Gourgeist-Super, M|166\/373
|-item|p2a: Tytannial|Rocky Helmet|[from] ability: Frisk|[of] p1a: Gourgeist-Super|[identify]
|move|p2a: Tytannial|Stealth Rock|p1a: Gourgeist-Super
|-sidestart|p1: TheRealNapla|move: Stealth Rock
|
|-weather|none
|turn|10
|
|move|p1a: Gourgeist-Super|Will-O-Wisp|p2a: Tytannial|[miss]
|-miss|p1a: Gourgeist-Super|p2a: Tytannial
|move|p2a: Tytannial|Spikes|p1a: Gourgeist-Super
|-sidestart|p1: TheRealNapla|Spikes
|
|turn|11
|c| DutyFree|this is the miss match
|
|switch|p1a: Nidoqueen|Nidoqueen, F|383\/383
|-damage|p1a: Nidoqueen|360\/383|[from] Stealth Rock
|-damage|p1a: Nidoqueen|313\/383|[from] Spikes
|move|p2a: Tytannial|Spikes|p1a: Nidoqueen
|-sidestart|p1: TheRealNapla|Spikes
|
|turn|12
|
|move|p1a: Nidoqueen|Ice Beam|p2a: Tytannial
|-damage|p2a: Tytannial|189\/352
|move|p2a: Tytannial|Spikes|p1a: Nidoqueen
|-sidestart|p1: TheRealNapla|Spikes
|
|turn|13
|
|move|p1a: Nidoqueen|Flamethrower|p2a: Tytannial
|-supereffective|p2a: Tytannial
|-damage|p2a: Tytannial|0 fnt
|faint|p2a: Tytannial
|
|
|switch|p2a: Enten|Landorus, M|319\/319
|-damage|p2a: Enten|280\/319|[from] Stealth Rock
|turn|14
|
|move|p2a: Enten|Psychic|p1a: Nidoqueen
|-supereffective|p1a: Nidoqueen
|-damage|p1a: Nidoqueen|0 fnt
|faint|p1a: Nidoqueen
|
|c|★Storm Jesus|wheres ur rapidspinning shit
|c|★Storm Jesus|:P
|
|switch|p1a: Tyranitar|Tyranitar, F|403\/403
|-damage|p1a: Tyranitar|353\/403|[from] Stealth Rock
|-damage|p1a: Tyranitar|253\/403|[from] Spikes
|-weather|Sandstorm
|turn|15
|leave|DutyFree
|
|move|p2a: Enten|Earth Power|p1a: Tyranitar
|-supereffective|p1a: Tyranitar
|-damage|p1a: Tyranitar|27\/403
|move|p1a: Tyranitar|Ice Punch|p2a: Enten
|-supereffective|p2a: Enten
|-damage|p2a: Enten|0 fnt
|faint|p2a: Enten
|
|-weather|Sandstorm|[upkeep]
|-heal|p1a: Tyranitar|52\/403|[from] item: Leftovers
|c|★TheRealNapla|... shit XD
|join|l213
|
|switch|p2a: Heihachi|Conkeldurr, M|263\/383
|-damage|p2a: Heihachi|240\/383|[from] Stealth Rock
|turn|16
|
|move|p2a: Heihachi|Mach Punch|p1a: Tyranitar
|-supereffective|p1a: Tyranitar
|-damage|p1a: Tyranitar|0 fnt
|faint|p1a: Tyranitar
|
|-weather|Sandstorm|[upkeep]
|-damage|p2a: Heihachi|217\/383|[from] sandstorm
|
|switch|p1a: Metagross|Metagross|301\/301
|-damage|p1a: Metagross|226\/301|[from] Spikes
|-damage|p1a: Metagross|208\/301|[from] Stealth Rock
|turn|17
|c|★TheRealNapla|gonna just hope and pray for the sweep
|c|★Storm Jesus|ill explain this sack later
|c|★Storm Jesus|:x
|
|switch|p2a: Phantom|Gengar, M|214\/262
|-damage|p2a: Phantom|182\/262|[from] Stealth Rock
|detailschange|p1a: Metagross|Metagross-Mega
|-mega|p1a: Metagross|Metagross|Metagrossite
|move|p1a: Metagross|Zen Headbutt|p2a: Phantom
|-supereffective|p2a: Phantom
|-damage|p2a: Phantom|0 fnt
|faint|p2a: Phantom
|
|-weather|Sandstorm|[upkeep]
|
|switch|p2a: Predator|Gyarados, M|331\/331
|-damage|p2a: Predator|249\/331|[from] Stealth Rock
|-ability|p2a: Predator|Intimidate|[of] p1a: Metagross
|-unboost|p1a: Metagross|atk|1
|turn|18
|c|★TheRealNapla|meloetta coulda maybe taken that
|c|★Storm Jesus|her only move is psyshock
|
|switch|p1a: Garchomp|Garchomp, F|254\/357
|-damage|p1a: Garchomp|165\/357|[from] Spikes
|-damage|p1a: Garchomp|143\/357|[from] Stealth Rock
|detailschange|p2a: Predator|Gyarados-Mega, M
|-mega|p2a: Predator|Gyarados|Gyaradosite
|-ability|p2a: Predator|Mold Breaker
|move|p2a: Predator|Crunch|p1a: Garchomp
|-damage|p1a: Garchomp|0 fnt
|faint|p1a: Garchomp
|
|-weather|Sandstorm|[upkeep]
|-damage|p2a: Predator|229\/331|[from] sandstorm
|c| king of spycrabs|ewwwww sand veil
|
|switch|p1a: Rotom-Wash|Rotom-Wash|241\/241
|-damage|p1a: Rotom-Wash|211\/241|[from] Stealth Rock
|turn|19
|
|switch|p2a: Heihachi|Conkeldurr, M|217\/383
|-damage|p2a: Heihachi|194\/383|[from] Stealth Rock
|move|p1a: Rotom-Wash|Will-O-Wisp|p2a: Heihachi
|-status|p2a: Heihachi|brn
|
|-weather|none
|-damage|p2a: Heihachi|147\/383 brn|[from] brn
|turn|20
|join|MoB Barley
|join|Jamel
|c|★TheRealNapla|i'm getting real tired of cancel's shit...
|
|switch|p1a: Gourgeist-Super|Gourgeist-Super, M|166\/373
|-damage|p1a: Gourgeist-Super|73\/373|[from] Spikes
|-damage|p1a: Gourgeist-Super|27\/373|[from] Stealth Rock
|-item|p2a: Heihachi|Assault Vest|[from] ability: Frisk|[of] p1a: Gourgeist-Super|[identify]
|move|p2a: Heihachi|Knock Off|p1a: Gourgeist-Super
|-supereffective|p1a: Gourgeist-Super
|-damage|p1a: Gourgeist-Super|0 fnt
|faint|p1a: Gourgeist-Super
|
|-damage|p2a: Heihachi|100\/383 brn|[from] brn
|
|switch|p1a: Rotom-Wash|Rotom-Wash|211\/241
|-damage|p1a: Rotom-Wash|181\/241|[from] Stealth Rock
|turn|21
|c|★TheRealNapla|this might b gg
|c|★Storm Jesus|does metagross have hammer arm?
|c| MoB Barley|how much health on meta
|
|move|p1a: Rotom-Wash|Volt Switch|p2a: Heihachi
|-damage|p2a: Heihachi|31\/383 brn
|c|★Storm Jesus|WHY
|c|★TheRealNapla|unfortunately not
|c| king of spycrabs|lol
|c|★Storm Jesus|oh
|c|★Storm Jesus|then u lost long time ago
|
|switch|p1a: Metagross|Metagross-Mega|208\/301
|-damage|p1a: Metagross|133\/301|[from] Spikes
|-damage|p1a: Metagross|115\/301|[from] Stealth Rock
|move|p2a: Heihachi|Drain Punch|p1a: Metagross
|-damage|p1a: Metagross|0 fnt
|-heal|p2a: Heihachi|89\/383 brn|[from] drain|[of] p1a: Metagross
|faint|p1a: Metagross
|
|-damage|p2a: Heihachi|42\/383 brn|[from] brn
|
|switch|p1a: Rotom-Wash|Rotom-Wash|181\/241
|-damage|p1a: Rotom-Wash|151\/241|[from] Stealth Rock
|turn|22
|c| MoB Barley|that mach POW
|
|move|p2a: Heihachi|Mach Punch|p1a: Rotom-Wash
|-damage|p1a: Rotom-Wash|43\/241
|move|p1a: Rotom-Wash|Volt Switch|p2a: Heihachi
|-damage|p2a: Heihachi|0 fnt
|faint|p2a: Heihachi
|
|c| Jamel|0.o power
|
|switch|p2a: Predator|Gyarados-Mega, M|229\/331
|-damage|p2a: Predator|188\/331|[from] Stealth Rock
|-ability|p2a: Predator|Mold Breaker
|turn|23
|leave|MoB Barley
|c| king of spycrabs|Storm Jesus what nature are you?
|c|★TheRealNapla|gg
|c|★Storm Jesus|Jolly
|
|move|p1a: Rotom-Wash|Volt Switch|p2a: Predator
|-supereffective|p2a: Predator
|-damage|p2a: Predator|44\/331
|move|p2a: Predator|Substitute|p2a: Predator
|-fail|p2a: Predator|move: Substitute|[weak]
|
|turn|24
|c| king of spycrabs|on conk
|c|★Storm Jesus|Lol meloetta i want her to win
|
|move|p1a: Rotom-Wash|Volt Switch|p2a: Predator
|-crit|p2a: Predator
|-supereffective|p2a: Predator
|-damage|p2a: Predator|0 fnt
|faint|p2a: Predator
|
|
|switch|p2a: Zelda|Meloetta|404\/404
|-damage|p2a: Zelda|354\/404|[from] Stealth Rock
|turn|25
|c| Agilis|Suuuure
|c| Jamel|.^
|c|★Storm Jesus|:^)
|
|move|p1a: Rotom-Wash|Volt Switch|p2a: Zelda
|-damage|p2a: Zelda|272\/404
|move|p2a: Zelda|Psyshock|p1a: Rotom-Wash
|-damage|p1a: Rotom-Wash|0 fnt
|faint|p1a: Rotom-Wash
|
|win|Storm Jesus
|c| Agilis|Or you accidently failed.
|c| Jamel|hey storm zone
|c|★Storm Jesus|yea i did agilis
|c|★Storm Jesus|hi
|c|★TheRealNapla|cancel...
|c|★TheRealNapla|yh gg
|leave|Agilis
|leave|TheRealNapla
|c| king of spycrabs|is that adamant or careful conk? cus it took attakcs like a hcamp
|leave|Jamel
|player|p1
|leave|Moe007
|leave|belgrade
|leave|Storm Jesus
|player|p2
|leave|king of spycrabs