|join|alb_prova
|join|Lameflame
|player|p1|alb_prova|210
|player|p2|Lameflame|266
|gametype|singles
|gen|6
|tier|OU
|rated
|clearpoke
|poke|p1|Camerupt, F
|poke|p1|Clefable, F
|poke|p1|Chesnaught, F
|poke|p1|Bronzong
|poke|p1|Tentacruel, F
|poke|p1|Tyranitar, F
|poke|p2|Landorus-Therian, M
|poke|p2|Bisharp, M
|poke|p2|Manaphy
|poke|p2|Raikou
|poke|p2|Diancie
|poke|p2|Terrakion
|rule|Swagger Clause: Swagger is banned
|rule|Baton Pass Clause: Limit one Pokémon knowing Baton Pass
|rule|Sleep Clause Mod: Limit one foe put to sleep
|rule|Species Clause: Limit one of each Pokémon
|rule|OHKO Clause: OHKO moves are banned
|rule|Moody Clause: Moody is banned
|rule|Evasion Moves Clause: Evasion moves are banned
|rule|Endless Battle Clause: Forcing endless battles is banned
|rule|HP Percentage Mod: HP is shown in percentages
|teampreview
|
|start
|switch|p1a: Bronzong|Bronzong|338\/338
|switch|p2a: Bisharp|Bisharp, M|271\/271
|turn|1
|
|switch|p1a: Camerupt|Camerupt, F|344\/344
|move|p2a: Bisharp|Knock Off|p1a: Camerupt
|-damage|p1a: Camerupt|130\/344
|-damage|p2a: Bisharp|244\/271|[from] item: Life Orb
|
|turn|2
|
|switch|p1a: Chesnaught|Chesnaught, F|379\/379
|move|p2a: Bisharp|Knock Off|p1a: Chesnaught
|-crit|p1a: Chesnaught
|-resisted|p1a: Chesnaught
|-damage|p1a: Chesnaught|246\/379
|-enditem|p1a: Chesnaught|Leftovers|[from] move: Knock Off|[of] p2a: Bisharp
|-damage|p2a: Bisharp|217\/271|[from] item: Life Orb
|
|turn|3
|
|switch|p2a: Manaphy|Manaphy|341\/341
|move|p1a: Chesnaught|Leech Seed|p2a: Manaphy
|-start|p2a: Manaphy|move: Leech Seed
|
|-damage|p2a: Manaphy|299\/341|[from] Leech Seed|[of] p1a: Chesnaught
|-heal|p1a: Chesnaught|288\/379|[silent]
|turn|4
|
|switch|p1a: Tentacruel|Tentacruel, F|364\/364
|move|p2a: Manaphy|Ice Beam|p1a: Tentacruel
|-resisted|p1a: Tentacruel
|-damage|p1a: Tentacruel|319\/364
|-damage|p2a: Manaphy|265\/341|[from] item: Life Orb
|
|-heal|p1a: Tentacruel|341\/364|[from] item: Black Sludge
|-damage|p2a: Manaphy|223\/341|[from] Leech Seed|[of] p1a: Tentacruel
|-heal|p1a: Tentacruel|364\/364|[silent]
|turn|5
|
|switch|p2a: Raikou|Raikou|321\/321
|-ability|p2a: Raikou|Pressure
|move|p1a: Tentacruel|Acid Spray|p2a: Raikou
|-damage|p2a: Raikou|279\/321
|-unboost|p2a: Raikou|spd|2
|
|turn|6
|
|switch|p1a: Tyranitar|Tyranitar, F|404\/404
|-weather|Sandstorm
|move|p2a: Raikou|Shadow Ball|p1a: Tyranitar
|-resisted|p1a: Tyranitar
|-damage|p1a: Tyranitar|377\/404
|
|-weather|Sandstorm|[upkeep]
|-damage|p2a: Raikou|259\/321|[from] sandstorm
|turn|7
|
|move|p1a: Tyranitar|Pursuit|p2a: Raikou|[from]Pursuit
|-damage|p2a: Raikou|90\/321
|switch|p2a: Manaphy|Manaphy|223\/341
|
|-weather|Sandstorm|[upkeep]
|-damage|p2a: Manaphy|202\/341|[from] sandstorm
|turn|8
|
|switch|p1a: Clefable|Clefable, F|394\/394
|move|p2a: Manaphy|Tail Glow|p2a: Manaphy
|-boost|p2a: Manaphy|spa|3
|
|-weather|Sandstorm|[upkeep]
|-damage|p2a: Manaphy|181\/341|[from] sandstorm
|-damage|p1a: Clefable|370\/394|[from] sandstorm
|-heal|p1a: Clefable|394\/394|[from] item: Leftovers
|turn|9
|
|move|p2a: Manaphy|Scald|p1a: Clefable
|-damage|p1a: Clefable|219\/394
|-status|p1a: Clefable|brn
|-damage|p2a: Manaphy|147\/341|[from] item: Life Orb
|move|p1a: Clefable|Calm Mind|p1a: Clefable
|-boost|p1a: Clefable|spa|1
|-boost|p1a: Clefable|spd|1
|
|-weather|Sandstorm|[upkeep]
|-damage|p2a: Manaphy|126\/341|[from] sandstorm
|-damage|p1a: Clefable|195\/394 brn|[from] sandstorm
|-heal|p1a: Clefable|219\/394 brn|[from] item: Leftovers
|-damage|p1a: Clefable|170\/394 brn|[from] brn
|turn|10
|
|move|p2a: Manaphy|Scald|p1a: Clefable
|-damage|p1a: Clefable|65\/394 brn
|-damage|p2a: Manaphy|92\/341|[from] item: Life Orb
|move|p1a: Clefable|Moonblast|p2a: Manaphy
|-damage|p2a: Manaphy|0 fnt
|faint|p2a: Manaphy
|
|-weather|none
|-heal|p1a: Clefable|89\/394 brn|[from] item: Leftovers
|-damage|p1a: Clefable|40\/394 brn|[from] brn
|
|switch|p2a: Bisharp|Bisharp, M|217\/271
|turn|11
|
|move|p2a: Bisharp|Knock Off|p1a: Clefable
|-resisted|p1a: Clefable
|-damage|p1a: Clefable|0 fnt
|-enditem|p1a: Clefable|Leftovers|[from] move: Knock Off|[of] p2a: Bisharp
|-damage|p2a: Bisharp|190\/271|[from] item: Life Orb
|faint|p1a: Clefable
|
|
|switch|p1a: Chesnaught|Chesnaught, F|288\/379
|turn|12
|
|switch|p2a: Diancie|Diancie|241\/241
|move|p1a: Chesnaught|Substitute|p1a: Chesnaught
|-start|p1a: Chesnaught|Substitute
|-damage|p1a: Chesnaught|194\/379
|
|turn|13
|
|move|p1a: Chesnaught|Leech Seed|p2a: Diancie
|-start|p2a: Diancie|move: Leech Seed
|move|p2a: Diancie|Moonblast|p1a: Chesnaught
|-supereffective|p1a: Chesnaught
|-end|p1a: Chesnaught|Substitute
|
|-damage|p2a: Diancie|211\/241|[from] Leech Seed|[of] p1a: Chesnaught
|-heal|p1a: Chesnaught|224\/379|[silent]
|turn|14
|
|detailschange|p2a: Diancie|Diancie-Mega
|message|Diancie has Mega Evolved into Mega Diancie!
|move|p1a: Chesnaught|Spiky Shield|p1a: Chesnaught
|-singleturn|p1a: Chesnaught|move: Protect
|move|p2a: Diancie|Moonblast|p1a: Chesnaught
|-activate|p1a: Chesnaught|move: Protect
|
|-damage|p2a: Diancie|181\/241|[from] Leech Seed|[of] p1a: Chesnaught
|-heal|p1a: Chesnaught|254\/379|[silent]
|turn|15
|
|switch|p2a: Bisharp|Bisharp, M|190\/271
|switch|p1a: Bronzong|Bronzong|338\/338
|
|turn|16
|
|switch|p1a: Chesnaught|Chesnaught, F|254\/379
|move|p2a: Bisharp|Knock Off|p1a: Chesnaught
|-resisted|p1a: Chesnaught
|-damage|p1a: Chesnaught|193\/379
|-damage|p2a: Bisharp|163\/271|[from] item: Life Orb
|
|turn|17
|
|move|p2a: Bisharp|Iron Head|p1a: Chesnaught
|-damage|p1a: Chesnaught|55\/379
|-damage|p2a: Bisharp|136\/271|[from] item: Life Orb
|move|p1a: Chesnaught|Leech Seed|p2a: Bisharp
|-start|p2a: Bisharp|move: Leech Seed
|
|-damage|p2a: Bisharp|103\/271|[from] Leech Seed|[of] p1a: Chesnaught
|-heal|p1a: Chesnaught|88\/379|[silent]
|turn|18
|
|switch|p2a: Diancie|Diancie-Mega|181\/241
|move|p1a: Chesnaught|Spiky Shield|p1a: Chesnaught
|-fail|p1a: Chesnaught
|
|turn|19
|
|switch|p1a: Tentacruel|Tentacruel, F|364\/364
|move|p2a: Diancie|Moonblast|p1a: Tentacruel
|-resisted|p1a: Tentacruel
|-damage|p1a: Tentacruel|289\/364
|
|-heal|p1a: Tentacruel|311\/364|[from] item: Black Sludge
|turn|20
|
|move|p2a: Diancie|Calm Mind|p2a: Diancie
|-boost|p2a: Diancie|spa|1
|-boost|p2a: Diancie|spd|1
|move|p1a: Tentacruel|Scald|p2a: Diancie
|-supereffective|p2a: Diancie
|-damage|p2a: Diancie|89\/241
|
|-heal|p1a: Tentacruel|333\/364|[from] item: Black Sludge
|turn|21
|
|move|p2a: Diancie|Earth Power|p1a: Tentacruel
|-supereffective|p1a: Tentacruel
|-damage|p1a: Tentacruel|37\/364
|move|p1a: Tentacruel|Scald|p2a: Diancie
|-crit|p2a: Diancie
|-supereffective|p2a: Diancie
|-damage|p2a: Diancie|0 fnt
|faint|p2a: Diancie
|
|-heal|p1a: Tentacruel|59\/364|[from] item: Black Sludge
|
|switch|p2a: Raikou|Raikou|90\/321
|-ability|p2a: Raikou|Pressure
|turn|22
|
|move|p2a: Raikou|Volt Switch|p1a: Tentacruel
|-supereffective|p1a: Tentacruel
|-damage|p1a: Tentacruel|0 fnt
|faint|p1a: Tentacruel
|
|switch|p2a: Terrakion|Terrakion|323\/323
|
|
|switch|p1a: Bronzong|Bronzong|338\/338
|turn|23
|
|move|p2a: Terrakion|Taunt|p1a: Bronzong
|-start|p1a: Bronzong|move: Taunt
|cant|p1a: Bronzong|move: Taunt|Trick Room
|
|turn|24
|
|move|p2a: Terrakion|Stealth Rock|p1a: Bronzong
|-sidestart|p1: alb_prova|move: Stealth Rock
|move|p1a: Bronzong|Gyro Ball|p2a: Terrakion
|-supereffective|p2a: Terrakion
|-damage|p2a: Terrakion|3\/323
|
|turn|25
|
|move|p2a: Terrakion|Close Combat|p1a: Bronzong
|-damage|p1a: Bronzong|176\/338
|-unboost|p2a: Terrakion|def|1
|-unboost|p2a: Terrakion|spd|1
|move|p1a: Bronzong|Hidden Power|p2a: Terrakion
|-damage|p2a: Terrakion|0 fnt
|faint|p2a: Terrakion
|
|-heal|p1a: Bronzong|197\/338|[from] item: Leftovers
|-end|p1a: Bronzong|move: Taunt
|
|switch|p2a: Bisharp|Bisharp, M|103\/271
|turn|26
|
|switch|p1a: Chesnaught|Chesnaught, F|88\/379
|-damage|p1a: Chesnaught|65\/379|[from] Stealth Rock
|move|p2a: Bisharp|Knock Off|p1a: Chesnaught
|-resisted|p1a: Chesnaught
|-damage|p1a: Chesnaught|9\/379
|-damage|p2a: Bisharp|76\/271|[from] item: Life Orb
|
|turn|27
|
|switch|p2a: Landorus-Therian|Landorus-Therian, M|319\/319
|-ability|p2a: Landorus-Therian|Intimidate|[of] p1a: Chesnaught
|-unboost|p1a: Chesnaught|atk|1
|move|p1a: Chesnaught|Spiky Shield|p1a: Chesnaught
|-fail|p1a: Chesnaught
|
|turn|28
|
|switch|p2a: Raikou|Raikou|90\/321
|-ability|p2a: Raikou|Pressure
|move|p1a: Chesnaught|Spiky Shield|p1a: Chesnaught
|-fail|p1a: Chesnaught
|
|turn|29
|
|move|p1a: Chesnaught|Spiky Shield|p1a: Chesnaught
|-singleturn|p1a: Chesnaught|move: Protect
|move|p2a: Raikou|Shadow Ball|p1a: Chesnaught
|-activate|p1a: Chesnaught|move: Protect
|
|turn|30
|
|switch|p2a: Landorus-Therian|Landorus-Therian, M|319\/319
|-ability|p2a: Landorus-Therian|Intimidate|[of] p1a: Chesnaught
|-unboost|p1a: Chesnaught|atk|1
|move|p1a: Chesnaught|Drain Punch|p2a: Landorus-Therian
|-resisted|p2a: Landorus-Therian
|-damage|p2a: Landorus-Therian|292\/319
|-heal|p1a: Chesnaught|23\/379|[from] drain|[of] p2a: Landorus-Therian
|
|turn|31
|
|move|p1a: Chesnaught|Spiky Shield|p1a: Chesnaught
|-singleturn|p1a: Chesnaught|move: Protect
|move|p2a: Landorus-Therian|U-turn|p1a: Chesnaught
|-activate|p1a: Chesnaught|move: Protect
|-damage|p2a: Landorus-Therian|253\/319|[from] Spiky Shield|[of] p1a: Chesnaught
|
|turn|32
|
|move|p2a: Landorus-Therian|U-turn|p1a: Chesnaught
|-crit|p1a: Chesnaught
|-damage|p1a: Chesnaught|0 fnt
|faint|p1a: Chesnaught
|
|switch|p2a: Raikou|Raikou|90\/321
|-ability|p2a: Raikou|Pressure
|
|
|switch|p1a: Bronzong|Bronzong|197\/338
|-damage|p1a: Bronzong|176\/338|[from] Stealth Rock
|turn|33
|
|move|p2a: Raikou|Shadow Ball|p1a: Bronzong
|-crit|p1a: Bronzong
|-supereffective|p1a: Bronzong
|-damage|p1a: Bronzong|0 fnt
|faint|p1a: Bronzong
|
|
|switch|p1a: Tyranitar|Tyranitar, F|377\/404
|-damage|p1a: Tyranitar|327\/404|[from] Stealth Rock
|-weather|Sandstorm
|turn|34
|
|move|p2a: Raikou|Shadow Ball|p1a: Tyranitar
|-resisted|p1a: Tyranitar
|-damage|p1a: Tyranitar|299\/404
|move|p1a: Tyranitar|Pursuit|p2a: Raikou
|-damage|p2a: Raikou|11\/321
|
|-weather|Sandstorm|[upkeep]
|-damage|p2a: Raikou|0 fnt|[from] sandstorm
|faint|p2a: Raikou
|
|switch|p2a: Bisharp|Bisharp, M|76\/271
|turn|35
|
|move|p2a: Bisharp|Low Kick|p1a: Tyranitar
|-supereffective|p1a: Tyranitar
|-damage|p1a: Tyranitar|0 fnt
|-damage|p2a: Bisharp|49\/271|[from] item: Life Orb
|faint|p1a: Tyranitar
|
|-weather|Sandstorm|[upkeep]
|
|switch|p1a: Camerupt|Camerupt, F|130\/344
|-damage|p1a: Camerupt|87\/344|[from] Stealth Rock
|turn|36
|c|★alb_prova|gg
|
|move|p2a: Bisharp|Low Kick|p1a: Camerupt
|-damage|p1a: Camerupt|0 fnt
|-damage|p2a: Bisharp|22\/271|[from] item: Life Orb
|faint|p1a: Camerupt
|
|win|Lameflame
|raw|Ladder updating...
|raw|alb_prova's rating: 1354 &rarr; <strong>1333<\/strong><br \/>(-21 for losing)
|raw|Lameflame's rating: 1342 &rarr; <strong>1362<\/strong><br \/>(+20 for winning)
|c|★Lameflame|gg
|leave|alb_prova
|player|p1