|join|Wolf Fang 42
|join|Zhaf
|player|p1|Wolf Fang 42|262
|player|p2|Zhaf|69
|gametype|singles
|gen|6
|tier|UU
|rated
|rule|Sleep Clause Mod: Limit one foe put to sleep
|rule|Species Clause: Limit one of each Pokémon
|rule|OHKO Clause: OHKO moves are banned
|rule|Moody Clause: Moody is banned
|rule|Evasion Moves Clause: Evasion moves are banned
|rule|Endless Battle Clause: Forcing endless battles is banned
|rule|HP Percentage Mod: HP is shown in percentages
|clearpoke
|poke|p1|Swampert, M
|poke|p1|Goodra, F
|poke|p1|Rotom-Heat
|poke|p1|Nidoking, M
|poke|p1|Porygon-Z
|poke|p1|Arcanine, F
|poke|p2|Rotom-Heat
|poke|p2|Shaymin
|poke|p2|Flygon, M
|poke|p2|Forretress, F
|poke|p2|Vaporeon, F
|poke|p2|Honchkrow, M
|rule|Swagger Clause: Swagger is banned
|rule|Baton Pass Clause: Limit one Pokémon knowing Baton Pass
|teampreview
|c|★Zhaf|Gl Hf
|c|★Wolf Fang 42|you too
|
|start
|switch|p1a: 2Fast|Nidoking, M|304\/304
|switch|p2a: Rotom-Heat|Rotom-Heat|241\/241
|turn|1
|
|move|p1a: 2Fast|Sludge Wave|p2a: Rotom-Heat
|-damage|p2a: Rotom-Heat|88\/241
|move|p2a: Rotom-Heat|Overheat|p1a: 2Fast
|-damage|p1a: 2Fast|0 fnt
|-unboost|p2a: Rotom-Heat|spa|2
|faint|p1a: 2Fast
|
|
|switch|p1a: Alex|Swampert, M|404\/404
|turn|2
|
|switch|p2a: Shaymin|Shaymin|342\/342
|detailschange|p1a: Alex|Swampert-Mega, M
|-mega|p1a: Alex|Swampert|Swampertite
|move|p1a: Alex|Rain Dance|p1a: Alex
|-weather|RainDance
|
|-weather|RainDance|[upkeep]
|turn|3
|
|switch|p1a: Rufus|Arcanine, F|384\/384
|-ability|p1a: Rufus|Intimidate|[of] p2a: Shaymin
|-unboost|p2a: Shaymin|atk|1
|move|p2a: Shaymin|Seed Flare|p1a: Rufus
|-resisted|p1a: Rufus
|-damage|p1a: Rufus|242\/384
|-damage|p2a: Shaymin|308\/342|[from] item: Life Orb
|
|-weather|RainDance|[upkeep]
|turn|4
|
|switch|p2a: Vaporeon|Vaporeon, F|464\/464
|move|p1a: Rufus|Close Combat|p2a: Vaporeon
|-damage|p2a: Vaporeon|251\/464
|-unboost|p1a: Rufus|def|1
|-unboost|p1a: Rufus|spd|1
|
|-weather|RainDance|[upkeep]
|-heal|p2a: Vaporeon|280\/464|[from] item: Leftovers
|turn|5
|
|switch|p1a: GooGod|Goodra, F|321\/321
|move|p2a: Vaporeon|Wish|p2a: Vaporeon
|
|-weather|RainDance|[upkeep]
|-heal|p2a: Vaporeon|309\/464|[from] item: Leftovers
|turn|6
|
|move|p2a: Vaporeon|Protect|p2a: Vaporeon
|-singleturn|p2a: Vaporeon|Protect
|move|p1a: GooGod|Dragon Pulse|p2a: Vaporeon
|-activate|p2a: Vaporeon|Protect
|
|-weather|none
|-heal|p2a: Vaporeon|464\/464|[from] move: Wish|[wisher] Vaporeon
|turn|7
|
|move|p1a: GooGod|Dragon Pulse|p2a: Vaporeon
|-damage|p2a: Vaporeon|314\/464
|move|p2a: Vaporeon|Wish|p2a: Vaporeon
|
|-heal|p2a: Vaporeon|343\/464|[from] item: Leftovers
|turn|8
|
|move|p1a: GooGod|Dragon Pulse|p2a: Vaporeon
|-damage|p2a: Vaporeon|195\/464
|move|p2a: Vaporeon|Ice Beam|p1a: GooGod
|-supereffective|p1a: GooGod
|-damage|p1a: GooGod|269\/321
|
|-heal|p2a: Vaporeon|427\/464|[from] move: Wish|[wisher] Vaporeon
|-heal|p2a: Vaporeon|456\/464|[from] item: Leftovers
|turn|9
|
|switch|p1a: Glitch|Porygon-Z|373\/373
|move|p2a: Vaporeon|Wish|p2a: Vaporeon
|
|-heal|p2a: Vaporeon|464\/464|[from] item: Leftovers
|turn|10
|
|move|p1a: Glitch|Tri Attack|p2a: Vaporeon
|-crit|p2a: Vaporeon
|-damage|p2a: Vaporeon|0 fnt
|faint|p2a: Vaporeon
|
|
|switch|p2a: Forretress|Forretress, F|354\/354
|turn|11
|
|switch|p1a: Yum-Yum|Rotom-Heat|304\/304
|move|p2a: Forretress|Stealth Rock|p1a: Yum-Yum
|-sidestart|p1: Wolf Fang 42|move: Stealth Rock
|
|turn|12
|
|switch|p2a: Flygon|Flygon, M|301\/301
|move|p1a: Yum-Yum|Overheat|p2a: Flygon
|-resisted|p2a: Flygon
|-damage|p2a: Flygon|202\/301
|-unboost|p1a: Yum-Yum|spa|2
|
|turn|13
|
|move|p2a: Flygon|Earthquake|p1a: Yum-Yum
|-immune|p1a: Yum-Yum|[msg]
|move|p1a: Yum-Yum|Overheat|p2a: Flygon
|-resisted|p2a: Flygon
|-damage|p2a: Flygon|157\/301
|-unboost|p1a: Yum-Yum|spa|2
|
|turn|14
|
|switch|p2a: Honchkrow|Honchkrow, M|341\/341
|move|p1a: Yum-Yum|Overheat|p2a: Honchkrow
|-damage|p2a: Honchkrow|256\/341
|-unboost|p1a: Yum-Yum|spa|2
|
|-heal|p2a: Honchkrow|277\/341|[from] item: Leftovers
|turn|15
|
|move|p2a: Honchkrow|Substitute|p2a: Honchkrow
|-start|p2a: Honchkrow|Substitute
|-damage|p2a: Honchkrow|192\/341
|move|p1a: Yum-Yum|Volt Switch|p2a: Honchkrow
|-supereffective|p2a: Honchkrow
|-activate|p2a: Honchkrow|Substitute|[damage]
|
|switch|p1a: Rufus|Arcanine, F|242\/384
|-damage|p1a: Rufus|146\/384|[from] Stealth Rock
|-activate|p2a: Honchkrow|Substitute|ability: Intimidate|[of] p1a: Rufus
|
|-heal|p2a: Honchkrow|213\/341|[from] item: Leftovers
|turn|16
|
|move|p1a: Rufus|Extreme Speed|p2a: Honchkrow
|-end|p2a: Honchkrow|Substitute
|move|p2a: Honchkrow|Brave Bird|p1a: Rufus
|-damage|p1a: Rufus|0 fnt
|-damage|p2a: Honchkrow|165\/341|[from] recoil|[of] p1a: Rufus
|faint|p1a: Rufus
|-boost|p2a: Honchkrow|atk|1|[from] ability: Moxie
|
|-heal|p2a: Honchkrow|186\/341|[from] item: Leftovers
|
|switch|p1a: Yum-Yum|Rotom-Heat|304\/304
|-damage|p1a: Yum-Yum|228\/304|[from] Stealth Rock
|turn|17
|
|move|p2a: Honchkrow|Sucker Punch|p1a: Yum-Yum
|-damage|p1a: Yum-Yum|63\/304
|move|p1a: Yum-Yum|Thunderbolt|p2a: Honchkrow
|-supereffective|p2a: Honchkrow
|-damage|p2a: Honchkrow|0 fnt
|faint|p2a: Honchkrow
|
|
|switch|p2a: Shaymin|Shaymin|308\/342
|turn|18
|
|move|p2a: Shaymin|Psychic|p1a: Yum-Yum
|-damage|p1a: Yum-Yum|0 fnt
|-damage|p2a: Shaymin|274\/342|[from] item: Life Orb
|faint|p1a: Yum-Yum
|
|
|switch|p1a: GooGod|Goodra, F|269\/321
|-damage|p1a: GooGod|229\/321|[from] Stealth Rock
|turn|19
|
|switch|p2a: Forretress|Forretress, F|354\/354
|move|p1a: GooGod|Dragon Pulse|p2a: Forretress
|-resisted|p2a: Forretress
|-damage|p2a: Forretress|285\/354
|
|-heal|p2a: Forretress|307\/354|[from] item: Leftovers
|turn|20
|
|move|p1a: GooGod|Flamethrower|p2a: Forretress
|-supereffective|p2a: Forretress
|-damage|p2a: Forretress|0 fnt
|faint|p2a: Forretress
|
|
|switch|p2a: Flygon|Flygon, M|157\/301
|turn|21
|
|move|p2a: Flygon|Outrage|p1a: GooGod
|-crit|p1a: GooGod
|-supereffective|p1a: GooGod
|-damage|p1a: GooGod|0 fnt
|faint|p1a: GooGod
|
|
|switch|p1a: Glitch|Porygon-Z|373\/373
|-damage|p1a: Glitch|327\/373|[from] Stealth Rock
|turn|22
|
|move|p2a: Flygon|Outrage|p1a: Glitch
|-damage|p1a: Glitch|78\/373
|move|p1a: Glitch|Ice Beam|p2a: Flygon
|-supereffective|p2a: Flygon
|-damage|p2a: Flygon|0 fnt
|faint|p2a: Flygon
|
|
|switch|p2a: Rotom-Heat|Rotom-Heat|88\/241
|turn|23
|
|switch|p1a: Alex|Swampert-Mega, M|404\/404
|-damage|p1a: Alex|379\/404|[from] Stealth Rock
|move|p2a: Rotom-Heat|Will-O-Wisp|p1a: Alex
|-status|p1a: Alex|brn
|
|-damage|p1a: Alex|329\/404 brn|[from] brn
|turn|24
|
|switch|p2a: Shaymin|Shaymin|274\/342
|move|p1a: Alex|Rain Dance|p1a: Alex
|-weather|RainDance
|
|-weather|RainDance|[upkeep]
|-damage|p1a: Alex|279\/404 brn|[from] brn
|turn|25
|c|★Wolf Fang 42|!data shaymin
|c|~|\/data-pokemon Shaymin

|
|move|p1a: Alex|Ice Punch|p2a: Shaymin
|-supereffective|p2a: Shaymin
|-damage|p2a: Shaymin|182\/342
|move|p2a: Shaymin|Seed Flare|p1a: Alex
|-supereffective|p1a: Alex
|-damage|p1a: Alex|0 fnt
|-damage|p2a: Shaymin|148\/342|[from] item: Life Orb
|faint|p1a: Alex
|
|-weather|RainDance|[upkeep]
|
|switch|p1a: Glitch|Porygon-Z|78\/373
|-damage|p1a: Glitch|32\/373|[from] Stealth Rock
|turn|26
|
|move|p2a: Shaymin|Psychic|p1a: Glitch
|-damage|p1a: Glitch|0 fnt
|-damage|p2a: Shaymin|114\/342|[from] item: Life Orb
|faint|p1a: Glitch
|
|win|Zhaf
|raw|Ladder updating...
|c|★Zhaf|gg
|raw|Wolf Fang 42's rating: 1220 &rarr; <strong>1191<\/strong><br \/>(-29 for losing)
|raw|Zhaf's rating: 1168 &rarr; <strong>1197<\/strong><br \/>(+29 for winning)
|c|★Wolf Fang 42|gg
|leave|Wolf Fang 42
|player|p1