|join|Olivia Tremors
|join|Zhaf
|player|p1|Olivia Tremors|96
|player|p2|Zhaf|69
|gametype|singles
|gen|6
|tier|UU
|rated
|rule|Sleep Clause Mod: Limit one foe put to sleep
|rule|Species Clause: Limit one of each Pokémon
|rule|OHKO Clause: OHKO moves are banned
|rule|Moody Clause: Moody is banned
|rule|Evasion Moves Clause: Evasion moves are banned
|rule|Endless Battle Clause: Forcing endless battles is banned
|rule|HP Percentage Mod: HP is shown in percentages
|clearpoke
|poke|p1|Entei, shiny
|poke|p1|Lucario, M
|poke|p1|Gligar, F
|poke|p1|Starmie
|poke|p1|Kyurem
|poke|p1|Mienshao, F
|poke|p2|Shaymin
|poke|p2|Flygon, M
|poke|p2|Forretress, F
|poke|p2|Vaporeon, F
|poke|p2|Entei, shiny
|poke|p2|Glalie, F
|rule|Swagger Clause: Swagger is banned
|rule|Baton Pass Clause: Limit one Pokémon knowing Baton Pass
|teampreview
|c|★Zhaf|Gl Hf
|
|start
|switch|p1a: Kyurem|Kyurem|391\/391
|switch|p2a: Viva Pinata|Forretress, F|353\/353
|-ability|p1a: Kyurem|Pressure
|turn|1
|
|move|p1a: Kyurem|Ice Beam|p2a: Viva Pinata
|-resisted|p2a: Viva Pinata
|-damage|p2a: Viva Pinata|228\/353
|move|p2a: Viva Pinata|Stealth Rock|p1a: Kyurem
|-sidestart|p1: Olivia Tremors|move: Stealth Rock
|
|-heal|p2a: Viva Pinata|250\/353|[from] item: Leftovers
|turn|2
|
|move|p1a: Kyurem|Ice Beam|p2a: Viva Pinata
|-resisted|p2a: Viva Pinata
|-damage|p2a: Viva Pinata|117\/353
|move|p2a: Viva Pinata|Gyro Ball|p1a: Kyurem
|-supereffective|p1a: Kyurem
|-damage|p1a: Kyurem|167\/391
|
|-heal|p2a: Viva Pinata|139\/353|[from] item: Leftovers
|turn|3
|
|switch|p1a: Starmie|Starmie|261\/261
|-damage|p1a: Starmie|229\/261|[from] Stealth Rock
|switch|p2a: Uncle Zodd|Entei, shiny|371\/371
|-ability|p2a: Uncle Zodd|Pressure
|
|-heal|p1a: Starmie|245\/261|[from] item: Leftovers
|turn|4
|
|switch|p2a: Sassy Nature|Shaymin|342\/342
|move|p1a: Starmie|Hydro Pump|p2a: Sassy Nature
|-resisted|p2a: Sassy Nature
|-damage|p2a: Sassy Nature|261\/342
|
|-heal|p1a: Starmie|261\/261|[from] item: Leftovers
|turn|5
|
|move|p1a: Starmie|Rapid Spin|p2a: Sassy Nature
|-damage|p2a: Sassy Nature|249\/342
|-sideend|p1: Olivia Tremors|Stealth Rock|[from] move: Rapid Spin|[of] p1a: Starmie
|move|p2a: Sassy Nature|Seed Flare|p1a: Starmie
|-supereffective|p1a: Starmie
|-damage|p1a: Starmie|0 fnt
|-damage|p2a: Sassy Nature|215\/342|[from] item: Life Orb
|faint|p1a: Starmie
|
|
|switch|p1a: Mienshao|Mienshao, F|271\/271
|turn|6
|
|switch|p2a: A Fish|Vaporeon, F|464\/464
|move|p1a: Mienshao|High Jump Kick|p2a: A Fish|[miss]
|-miss|p1a: Mienshao|p2a: A Fish
|-damage|p1a: Mienshao|136\/271|[from] highjumpkick
|
|turn|7
|
|switch|p1a: Gligar|Gligar, F|333\/333
|move|p2a: A Fish|Scald|p1a: Gligar
|-supereffective|p1a: Gligar
|-damage|p1a: Gligar|129\/333
|-status|p1a: Gligar|brn
|
|-damage|p1a: Gligar|88\/333 brn|[from] brn
|turn|8
|
|move|p1a: Gligar|Stealth Rock|p2a: A Fish
|-sidestart|p2: Zhaf|move: Stealth Rock
|move|p2a: A Fish|Wish|p2a: A Fish
|
|-damage|p1a: Gligar|47\/333 brn|[from] brn
|turn|9
|
|switch|p1a: Entei|Entei, shiny|371\/371
|-ability|p1a: Entei|Pressure
|switch|p2a: Viva Pinata|Forretress, F|139\/353
|-damage|p2a: Viva Pinata|95\/353|[from] Stealth Rock
|
|-heal|p2a: Viva Pinata|327\/353|[from] move: Wish|[wisher] A Fish
|-heal|p2a: Viva Pinata|349\/353|[from] item: Leftovers
|turn|10
|
|switch|p2a: A Fish|Vaporeon, F|464\/464
|-damage|p2a: A Fish|406\/464|[from] Stealth Rock
|move|p1a: Entei|Sacred Fire|p2a: A Fish
|-resisted|p2a: A Fish
|-damage|p2a: A Fish|297\/464
|-status|p2a: A Fish|brn
|-damage|p1a: Entei|334\/371|[from] item: Life Orb
|
|-heal|p2a: A Fish|326\/464 brn|[from] item: Leftovers
|-damage|p2a: A Fish|268\/464 brn|[from] brn
|turn|11
|
|switch|p1a: Kyurem|Kyurem|167\/391
|-ability|p1a: Kyurem|Pressure
|move|p2a: A Fish|Scald|p1a: Kyurem
|-resisted|p1a: Kyurem
|-damage|p1a: Kyurem|110\/391
|
|-heal|p2a: A Fish|297\/464 brn|[from] item: Leftovers
|-damage|p2a: A Fish|239\/464 brn|[from] brn
|turn|12
|
|switch|p2a: Viva Pinata|Forretress, F|349\/353
|-damage|p2a: Viva Pinata|305\/353|[from] Stealth Rock
|move|p1a: Kyurem|Draco Meteor|p2a: Viva Pinata
|-resisted|p2a: Viva Pinata
|-damage|p2a: Viva Pinata|130\/353
|-unboost|p1a: Kyurem|spa|2
|
|-heal|p2a: Viva Pinata|152\/353|[from] item: Leftovers
|turn|13
|
|move|p1a: Kyurem|Draco Meteor|p2a: Viva Pinata
|-resisted|p2a: Viva Pinata
|-damage|p2a: Viva Pinata|52\/353
|-unboost|p1a: Kyurem|spa|2
|move|p2a: Viva Pinata|Rapid Spin|p1a: Kyurem
|-damage|p1a: Kyurem|93\/391
|-sideend|p2: Zhaf|Stealth Rock|[from] move: Rapid Spin|[of] p2a: Viva Pinata
|
|-heal|p2a: Viva Pinata|74\/353|[from] item: Leftovers
|turn|14
|
|switch|p1a: Entei|Entei, shiny|334\/371
|-ability|p1a: Entei|Pressure
|move|p2a: Viva Pinata|Stealth Rock|p1a: Entei
|-sidestart|p1: Olivia Tremors|move: Stealth Rock
|
|-heal|p2a: Viva Pinata|96\/353|[from] item: Leftovers
|turn|15
|
|move|p1a: Entei|Sacred Fire|p2a: Viva Pinata
|-supereffective|p2a: Viva Pinata
|-damage|p2a: Viva Pinata|0 fnt
|-damage|p1a: Entei|297\/371|[from] item: Life Orb
|faint|p2a: Viva Pinata
|
|
|switch|p2a: Buzz|Flygon, M|301\/301
|turn|16
|
|switch|p1a: Kyurem|Kyurem|93\/391
|-damage|p1a: Kyurem|0 fnt|[from] Stealth Rock
|faint|p1a: Kyurem
|move|p2a: Buzz|U-turn|p1: Kyurem|[notarget]
|-notarget
|
|
|switch|p1a: Mienshao|Mienshao, F|136\/271
|-damage|p1a: Mienshao|120\/271|[from] Stealth Rock
|turn|17
|
|move|p1a: Mienshao|High Jump Kick|p2a: Buzz
|-damage|p2a: Buzz|0 fnt
|faint|p2a: Buzz
|
|
|switch|p2a: Uncle Zodd|Entei, shiny|371\/371
|-ability|p2a: Uncle Zodd|Pressure
|turn|18
|
|switch|p1a: Gligar|Gligar, F|47\/333 brn
|-damage|p1a: Gligar|6\/333 brn|[from] Stealth Rock
|move|p2a: Uncle Zodd|Extreme Speed|p1a: Gligar
|-damage|p1a: Gligar|0 fnt
|faint|p1a: Gligar
|
|
|switch|p1a: Lucario|Lucario, M|281\/281
|-damage|p1a: Lucario|273\/281|[from] Stealth Rock
|turn|19
|
|move|p1a: Lucario|Close Combat|p2a: Uncle Zodd
|-damage|p2a: Uncle Zodd|34\/371
|-unboost|p1a: Lucario|def|1
|-unboost|p1a: Lucario|spd|1
|-damage|p1a: Lucario|245\/281|[from] item: Life Orb
|move|p2a: Uncle Zodd|Sacred Fire|p1a: Lucario
|-supereffective|p1a: Lucario
|-damage|p1a: Lucario|0 fnt
|faint|p1a: Lucario
|
|
|switch|p1a: Entei|Entei, shiny|297\/371
|-damage|p1a: Entei|205\/371|[from] Stealth Rock
|-ability|p1a: Entei|Pressure
|turn|20
|
|switch|p2a: Sassy Nature|Shaymin|215\/342
|move|p1a: Entei|Extreme Speed|p2a: Sassy Nature
|-damage|p2a: Sassy Nature|86\/342
|-damage|p1a: Entei|168\/371|[from] item: Life Orb
|
|turn|21
|
|move|p1a: Entei|Extreme Speed|p2a: Sassy Nature
|-damage|p2a: Sassy Nature|0 fnt
|-damage|p1a: Entei|131\/371|[from] item: Life Orb
|faint|p2a: Sassy Nature
|
|
|switch|p2a: A Fish|Vaporeon, F|239\/464 brn
|turn|22
|
|move|p1a: Entei|Stone Edge|p2a: A Fish
|-damage|p2a: A Fish|83\/464 brn
|-damage|p1a: Entei|94\/371|[from] item: Life Orb
|move|p2a: A Fish|Scald|p1a: Entei
|-supereffective|p1a: Entei
|-damage|p1a: Entei|0 fnt
|faint|p1a: Entei
|
|-heal|p2a: A Fish|112\/464 brn|[from] item: Leftovers
|-damage|p2a: A Fish|54\/464 brn|[from] brn
|-message|Olivia Tremors forfeited.
|
|win|Zhaf
|raw|Ladder updating...
|leave|Olivia Tremors
|player|p1
|raw|Olivia Tremors's rating: 1414 &rarr; <strong>1387<\/strong><br \/>(-27 for losing)
|raw|Zhaf's rating: 1272 &rarr; <strong>1307<\/strong><br \/>(+35 for winning)