|join|aim's student
|join|Zhaf
|player|p1|aim's student|155
|player|p2|Zhaf|69
|gametype|singles
|gen|6
|tier|UU
|rule|Sleep Clause Mod: Limit one foe put to sleep
|rule|Species Clause: Limit one of each Pokémon
|rule|OHKO Clause: OHKO moves are banned
|rule|Moody Clause: Moody is banned
|rule|Evasion Moves Clause: Evasion moves are banned
|rule|Endless Battle Clause: Forcing endless battles is banned
|rule|HP Percentage Mod: HP is shown in percentages
|clearpoke
|poke|p1|Vaporeon, M
|poke|p1|Jirachi, shiny
|poke|p1|Kingdra, M
|poke|p1|Swampert, F, shiny
|poke|p1|Krookodile, M
|poke|p1|Machamp, M
|poke|p2|Vaporeon, F
|poke|p2|Nidoqueen, F
|poke|p2|Hydreigon, F
|poke|p2|Whimsicott, F
|poke|p2|Arcanine, F
|poke|p2|Forretress, M
|rule|Swagger Clause: Swagger is banned
|rule|Baton Pass Clause: Limit one Pokémon knowing Baton Pass
|teampreview
|c|★Zhaf|The threats. Gl Hf.
|c|★aim's student|xD thx
|c|★aim's student|i too
|c|★aim's student|u^
|
|start
|switch|p1a: Vaporeon|Vaporeon, M|463\/463
|switch|p2a: Whimsicott|Whimsicott, F|261\/261
|turn|1
|
|move|p2a: Whimsicott|U-turn|p1a: Vaporeon
|-damage|p1a: Vaporeon|430\/463
|
|switch|p2a: Vaporeon|Vaporeon, F|464\/464
|move|p1a: Vaporeon|Rain Dance|p1a: Vaporeon
|-weather|RainDance
|
|-weather|RainDance|[upkeep]
|turn|2
|
|move|p1a: Vaporeon|Baton Pass|p1a: Vaporeon
|
|switch|p1a: Kingdra|Kingdra, M|347\/347
|move|p2a: Vaporeon|Scald|p1a: Kingdra
|-resisted|p1a: Kingdra
|-damage|p1a: Kingdra|321\/347
|
|-weather|RainDance|[upkeep]
|turn|3
|
|move|p2a: Vaporeon|Protect|p2a: Vaporeon
|-singleturn|p2a: Vaporeon|Protect
|move|p1a: Kingdra|Draco Meteor|p2a: Vaporeon
|-activate|p2a: Vaporeon|Protect
|
|-weather|RainDance|[upkeep]
|turn|4
|join|zard123
|
|switch|p2a: Forretress|Forretress, M|354\/354
|move|p1a: Kingdra|Draco Meteor|p2a: Forretress
|-resisted|p2a: Forretress
|-damage|p2a: Forretress|201\/354
|-unboost|p1a: Kingdra|spa|2
|
|-weather|RainDance|[upkeep]
|-heal|p2a: Forretress|223\/354|[from] item: Leftovers
|turn|5
|
|move|p1a: Kingdra|Hydro Pump|p2a: Forretress
|-damage|p2a: Forretress|21\/354
|move|p2a: Forretress|Toxic Spikes|p1a: Kingdra
|-sidestart|p1: aim's student|move: Toxic Spikes
|
|-weather|RainDance|[upkeep]
|-heal|p2a: Forretress|43\/354|[from] item: Leftovers
|turn|6
|
|switch|p2a: Whimsicott|Whimsicott, F|261\/261
|move|p1a: Kingdra|Draco Meteor|p2a: Whimsicott
|-immune|p2a: Whimsicott|[msg]
|
|-weather|RainDance|[upkeep]
|turn|7
|
|switch|p1a: Jirachi|Jirachi, shiny|341\/341
|move|p2a: Whimsicott|Moonblast|p1a: Jirachi
|-resisted|p1a: Jirachi
|-damage|p1a: Jirachi|260\/341
|
|-weather|RainDance|[upkeep]
|turn|8
|
|switch|p2a: Arcanine|Arcanine, F|321\/321
|-ability|p2a: Arcanine|Intimidate|[of] p1a: Jirachi
|-unboost|p1a: Jirachi|atk|1
|move|p1a: Jirachi|Trick|p2a: Arcanine
|-activate|p1a: Jirachi|move: Trick|[of] p2a: Arcanine
|-item|p2a: Arcanine|Choice Scarf|[from] move: Trick
|-item|p1a: Jirachi|Flame Plate|[from] move: Trick
|
|-weather|none
|turn|9
|join|Lucipurrr
|
|switch|p1a: Krookodile|Krookodile, M|342\/342
|-status|p1a: Krookodile|psn
|-ability|p1a: Krookodile|Intimidate|[of] p2a: Arcanine
|-unboost|p2a: Arcanine|atk|1
|move|p2a: Arcanine|Flare Blitz|p1a: Krookodile
|-damage|p1a: Krookodile|183\/342 psn
|-damage|p2a: Arcanine|269\/321|[from] recoil|[of] p1a: Krookodile
|
|-damage|p1a: Krookodile|141\/342 psn|[from] psn
|turn|10
|leave|zard123
|c|★Zhaf|Sorry, my internet is shit.
|c|★aim's student|happens :P
|
|move|p2a: Arcanine|Flare Blitz|p1a: Krookodile
|-damage|p1a: Krookodile|0 fnt
|-damage|p2a: Arcanine|222\/321|[from] recoil|[of] p1a: Krookodile
|faint|p1a: Krookodile
|
|
|switch|p1a: Vaporeon|Vaporeon, M|430\/463
|-status|p1a: Vaporeon|psn
|turn|11
|
|switch|p2a: Vaporeon|Vaporeon, F|464\/464
|move|p1a: Vaporeon|Rain Dance|p1a: Vaporeon
|-weather|RainDance
|
|-weather|RainDance|[upkeep]
|-damage|p1a: Vaporeon|373\/463 psn|[from] psn
|turn|12
|
|move|p1a: Vaporeon|Baton Pass|p1a: Vaporeon
|
|switch|p1a: Machamp|Machamp, M|383\/383
|-status|p1a: Machamp|psn
|move|p2a: Vaporeon|Ice Beam|p1a: Machamp
|-damage|p1a: Machamp|320\/383 psn
|
|-weather|RainDance|[upkeep]
|-damage|p1a: Machamp|273\/383 psn|[from] psn
|turn|13
|
|switch|p2a: Forretress|Forretress, M|43\/354
|move|p1a: Machamp|Close Combat|p2a: Forretress
|-damage|p2a: Forretress|0 fnt
|-unboost|p1a: Machamp|def|1
|-unboost|p1a: Machamp|spd|1
|faint|p2a: Forretress
|
|-weather|RainDance|[upkeep]
|-damage|p1a: Machamp|226\/383 psn|[from] psn
|
|switch|p2a: Whimsicott|Whimsicott, F|261\/261
|turn|14
|
|switch|p1a: Jirachi|Jirachi, shiny|260\/341
|move|p2a: Whimsicott|Moonblast|p1a: Jirachi
|-resisted|p1a: Jirachi
|-damage|p1a: Jirachi|168\/341
|
|-weather|RainDance|[upkeep]
|turn|15
|
|switch|p2a: Arcanine|Arcanine, F|222\/321
|-ability|p2a: Arcanine|Intimidate|[of] p1a: Jirachi
|-unboost|p1a: Jirachi|atk|1
|move|p1a: Jirachi|Trick|p2a: Arcanine
|-activate|p1a: Jirachi|move: Trick|[of] p2a: Arcanine
|-item|p2a: Arcanine|Flame Plate|[from] move: Trick
|-item|p1a: Jirachi|Choice Scarf|[from] move: Trick
|
|-weather|RainDance|[upkeep]
|turn|16
|
|move|p2a: Arcanine|Extreme Speed|p1a: Jirachi
|-resisted|p1a: Jirachi
|-damage|p1a: Jirachi|127\/341
|move|p1a: Jirachi|Zen Headbutt|p2a: Arcanine
|-damage|p2a: Arcanine|108\/321
|
|-weather|RainDance|[upkeep]
|turn|17
|
|switch|p1a: Kingdra|Kingdra, M|321\/347
|-status|p1a: Kingdra|psn
|switch|p2a: Hydreigon|Hydreigon, F|325\/325
|
|-weather|RainDance|[upkeep]
|-damage|p1a: Kingdra|278\/347 psn|[from] psn
|turn|18
|
|move|p2a: Hydreigon|Draco Meteor|p1a: Kingdra
|-supereffective|p1a: Kingdra
|-damage|p1a: Kingdra|0 fnt
|-unboost|p2a: Hydreigon|spa|2
|faint|p1a: Kingdra
|
|-weather|none
|c|★aim's student|woah
|
|switch|p1a: Machamp|Machamp, M|226\/383 psn
|turn|19
|c|★Zhaf|°Gulp°
|c|★aim's student|lol
|
|switch|p2a: Nidoqueen|Nidoqueen, F|353\/353
|move|p1a: Machamp|Close Combat|p2a: Nidoqueen
|-crit|p2a: Nidoqueen
|-resisted|p2a: Nidoqueen
|-damage|p2a: Nidoqueen|78\/353
|-unboost|p1a: Machamp|def|1
|-unboost|p1a: Machamp|spd|1
|
|-damage|p1a: Machamp|179\/383 psn|[from] psn
|turn|20
|c|★aim's student|lucky crit
|
|move|p1a: Machamp|Bullet Punch|p2a: Nidoqueen
|-damage|p2a: Nidoqueen|0 fnt
|faint|p2a: Nidoqueen
|
|-damage|p1a: Machamp|132\/383 psn|[from] psn
|c|★Zhaf|Yup.
|
|switch|p2a: Arcanine|Arcanine, F|108\/321
|-ability|p2a: Arcanine|Intimidate|[of] p1a: Machamp
|-unboost|p1a: Machamp|atk|1
|turn|21
|
|switch|p1a: Vaporeon|Vaporeon, M|373\/463 psn
|move|p2a: Arcanine|Flare Blitz|p1a: Vaporeon
|-resisted|p1a: Vaporeon
|-damage|p1a: Vaporeon|265\/463 psn
|-damage|p2a: Arcanine|72\/321|[from] recoil|[of] p1a: Vaporeon
|
|-damage|p1a: Vaporeon|208\/463 psn|[from] psn
|turn|22
|
|move|p2a: Arcanine|Extreme Speed|p1a: Vaporeon
|-damage|p1a: Vaporeon|120\/463 psn
|move|p1a: Vaporeon|Rain Dance|p1a: Vaporeon
|-weather|RainDance
|
|-weather|RainDance|[upkeep]
|-damage|p1a: Vaporeon|63\/463 psn|[from] psn
|turn|23
|
|move|p2a: Arcanine|Extreme Speed|p1a: Vaporeon
|-damage|p1a: Vaporeon|0 fnt
|faint|p1a: Vaporeon
|
|-weather|RainDance|[upkeep]
|
|switch|p1a: Swampert|Swampert, F, shiny|386\/386
|-status|p1a: Swampert|psn
|turn|24
|
|switch|p2a: Vaporeon|Vaporeon, F|464\/464
|detailschange|p1a: Swampert|Swampert-Mega, F, shiny
|-mega|p1a: Swampert|Swampert|Swampertite
|move|p1a: Swampert|Stone Edge|p2a: Vaporeon|[miss]
|-miss|p1a: Swampert|p2a: Vaporeon
|
|-weather|RainDance|[upkeep]
|-damage|p1a: Swampert|338\/386 psn|[from] psn
|turn|25
|c|★Zhaf|It gets edge?
|c|★aim's student|mhm
|
|move|p1a: Swampert|Stone Edge|p2a: Vaporeon
|-damage|p2a: Vaporeon|332\/464
|move|p2a: Vaporeon|Scald|p1a: Swampert
|-damage|p1a: Swampert|206\/386 psn
|
|-weather|RainDance|[upkeep]
|-heal|p2a: Vaporeon|361\/464|[from] item: Leftovers
|-damage|p1a: Swampert|158\/386 psn|[from] psn
|turn|26
|
|move|p1a: Swampert|Earthquake|p2a: Vaporeon
|-damage|p2a: Vaporeon|159\/464
|move|p2a: Vaporeon|Wish|p2a: Vaporeon
|
|-weather|RainDance|[upkeep]
|-heal|p2a: Vaporeon|188\/464|[from] item: Leftovers
|-damage|p1a: Swampert|110\/386 psn|[from] psn
|turn|27
|c|★aim's student|crit edge plz
|
|switch|p1a: Machamp|Machamp, M|132\/383 psn
|move|p2a: Vaporeon|Protect|p2a: Vaporeon
|-fail|p2a: Vaporeon
|
|-weather|RainDance|[upkeep]
|-heal|p2a: Vaporeon|420\/464|[from] move: Wish|[wisher] Vaporeon
|-heal|p2a: Vaporeon|449\/464|[from] item: Leftovers
|-damage|p1a: Machamp|85\/383 psn|[from] psn
|turn|28
|
|move|p2a: Vaporeon|Protect|p2a: Vaporeon
|-singleturn|p2a: Vaporeon|Protect
|move|p1a: Machamp|Close Combat|p2a: Vaporeon
|-activate|p2a: Vaporeon|Protect
|
|-weather|RainDance|[upkeep]
|-heal|p2a: Vaporeon|464\/464|[from] item: Leftovers
|-damage|p1a: Machamp|38\/383 psn|[from] psn
|turn|29
|
|switch|p2a: Whimsicott|Whimsicott, F|261\/261
|move|p1a: Machamp|Close Combat|p2a: Whimsicott
|-resisted|p2a: Whimsicott
|-damage|p2a: Whimsicott|54\/261
|-unboost|p1a: Machamp|def|1
|-unboost|p1a: Machamp|spd|1
|
|-weather|none
|-damage|p1a: Machamp|0 fnt|[from] psn
|faint|p1a: Machamp
|c|★Zhaf|Holy damage.
|
|switch|p1a: Jirachi|Jirachi, shiny|127\/341
|turn|30
|
|move|p1a: Jirachi|Iron Head|p2a: Whimsicott
|-supereffective|p2a: Whimsicott
|-damage|p2a: Whimsicott|0 fnt
|faint|p2a: Whimsicott
|
|c|★aim's student|lol
|c|★aim's student|at this pointi can win with iron head flicnh
|
|switch|p2a: Arcanine|Arcanine, F|72\/321
|-ability|p2a: Arcanine|Intimidate|[of] p1a: Jirachi
|-unboost|p1a: Jirachi|atk|1
|turn|31
|
|move|p1a: Jirachi|Iron Head|p2a: Arcanine
|-resisted|p2a: Arcanine
|-damage|p2a: Arcanine|22\/321
|move|p2a: Arcanine|Flare Blitz|p1a: Jirachi
|-supereffective|p1a: Jirachi
|-damage|p1a: Jirachi|0 fnt
|-damage|p2a: Arcanine|0 fnt|[from] recoil|[of] p1a: Jirachi
|faint|p1a: Jirachi
|faint|p2a: Arcanine
|
|c|★aim's student|flinch*
|c|★aim's student|shet
|
|switch|p2a: Hydreigon|Hydreigon, F|325\/325
|switch|p1a: Swampert|Swampert-Mega, F, shiny|110\/386 psn
|turn|32
|c|★aim's student|q-q
|
|move|p2a: Hydreigon|Dark Pulse|p1a: Swampert
|-damage|p1a: Swampert|0 fnt
|faint|p1a: Swampert
|
|win|Zhaf
|c|★Zhaf|Gee Gee Wp
|c|★aim's student|gg