|join|QuiverMeTimburrs
|join|Zhaf
|player|p1|QuiverMeTimburrs|124
|player|p2|Zhaf|69
|gametype|singles
|gen|6
|tier|UU
|rule|Sleep Clause Mod: Limit one foe put to sleep
|rule|Species Clause: Limit one of each Pokémon
|rule|OHKO Clause: OHKO moves are banned
|rule|Moody Clause: Moody is banned
|rule|Evasion Moves Clause: Evasion moves are banned
|rule|Endless Battle Clause: Forcing endless battles is banned
|rule|HP Percentage Mod: HP is shown in percentages
|clearpoke
|poke|p1|Noivern, F
|poke|p1|Absol, F
|poke|p1|Jirachi
|poke|p1|Corphish, F
|poke|p1|Meloetta
|poke|p1|Toxicroak, M
|poke|p2|Shaymin
|poke|p2|Hydreigon, M
|poke|p2|Aerodactyl, M
|poke|p2|Empoleon, F
|poke|p2|Hippowdon, F
|poke|p2|Reuniclus, M
|rule|Swagger Clause: Swagger is banned
|rule|Baton Pass Clause: Limit one Pokémon knowing Baton Pass
|teampreview
|c|★QuiverMeTimburrs|hf
|c|★Zhaf|God. Not russia.
|c|★QuiverMeTimburrs|lol
|c|★QuiverMeTimburrs|RIP Metafuck
|
|start
|switch|p1a: Radio|Noivern, F|311\/311
|switch|p2a: Hippowdon|Hippowdon, F|420\/420
|-weather|Sandstorm
|turn|1
|
|move|p1a: Radio|U-turn|p2a: Hippowdon
|-damage|p2a: Hippowdon|385\/420
|-damage|p1a: Radio|260\/311|[from] item: Rocky Helmet|[of] p2a: Hippowdon
|-damage|p1a: Radio|229\/311|[from] item: Life Orb
|
|switch|p1a: Second Best|Jirachi|341\/341
|move|p2a: Hippowdon|Stealth Rock|p1a: Second Best
|-sidestart|p1: QuiverMeTimburrs|move: Stealth Rock
|
|-weather|Sandstorm|[upkeep]
|turn|2
|
|move|p1a: Second Best|Energy Ball|p2a: Hippowdon
|-supereffective|p2a: Hippowdon
|-damage|p2a: Hippowdon|154\/420
|-damage|p1a: Second Best|307\/341|[from] item: Life Orb
|move|p2a: Hippowdon|Earthquake|p1a: Second Best
|-supereffective|p1a: Second Best
|-damage|p1a: Second Best|41\/341
|
|-weather|Sandstorm|[upkeep]
|turn|3
|
|switch|p2a: Hydreigon|Hydreigon, M|326\/326
|move|p1a: Second Best|Iron Head|p2a: Hydreigon
|-damage|p2a: Hydreigon|166\/326
|-damage|p1a: Second Best|7\/341|[from] item: Life Orb
|
|-weather|Sandstorm|[upkeep]
|-damage|p2a: Hydreigon|146\/326|[from] sandstorm
|turn|4
|
|move|p2a: Hydreigon|U-turn|p1a: Second Best
|-damage|p1a: Second Best|0 fnt
|faint|p1a: Second Best
|
|switch|p2a: Aerodactyl|Aerodactyl, M|306\/306
|
|-weather|Sandstorm|[upkeep]
|
|switch|p1a: Russia|Corphish, F|227\/227
|-damage|p1a: Russia|199\/227|[from] Stealth Rock
|turn|5
|
|switch|p2a: Shaymin|Shaymin|342\/342
|switch|p1a: Danika|Absol, F|271\/271
|-damage|p1a: Danika|238\/271|[from] Stealth Rock
|
|-weather|none
|turn|6
|
|detailschange|p1a: Danika|Absol-Mega, F
|message|Absol has Mega Evolved into Mega Absol!
|move|p2a: Shaymin|Seed Flare|p1a: Danika
|-damage|p1a: Danika|0 fnt
|-damage|p2a: Shaymin|308\/342|[from] item: Life Orb
|faint|p1a: Danika
|
|c|★QuiverMeTimburrs|welp lol
|c|★QuiverMeTimburrs|havent seen LO in a while
|c|★QuiverMeTimburrs|its all subseed
|
|switch|p1a: Noisia|Meloetta|380\/380
|-damage|p1a: Noisia|333\/380|[from] Stealth Rock
|turn|7
|c|★Zhaf|Fun fact, i put lo on it for an error. Lol
|
|move|p2a: Shaymin|Leech Seed|p1a: Noisia
|-start|p1a: Noisia|move: Leech Seed
|move|p1a: Noisia|Hyper Voice|p2a: Shaymin
|-damage|p2a: Shaymin|146\/342
|
|-damage|p1a: Noisia|286\/380|[from] Leech Seed|[of] p2a: Shaymin
|-heal|p2a: Shaymin|193\/342|[silent]
|turn|8
|c|★QuiverMeTimburrs|lol
|
|move|p2a: Shaymin|Protect|p2a: Shaymin
|-singleturn|p2a: Shaymin|Protect
|move|p1a: Noisia|Hyper Voice|p2a: Shaymin
|-activate|p2a: Shaymin|Protect
|
|-damage|p1a: Noisia|239\/380|[from] Leech Seed|[of] p2a: Shaymin
|-heal|p2a: Shaymin|240\/342|[silent]
|turn|9
|
|move|p2a: Shaymin|Seed Flare|p1a: Noisia
|-damage|p1a: Noisia|106\/380
|-damage|p2a: Shaymin|206\/342|[from] item: Life Orb
|move|p1a: Noisia|Hyper Voice|p2a: Shaymin
|-crit|p2a: Shaymin
|-damage|p2a: Shaymin|0 fnt
|faint|p2a: Shaymin
|
|c|★Zhaf|Agh
|
|switch|p2a: Hydreigon|Hydreigon, M|146\/326
|turn|10
|c|★QuiverMeTimburrs|Noisia coming in clutch lol
|
|switch|p1a: Zed|Toxicroak, M|336\/336
|-damage|p1a: Zed|315\/336|[from] Stealth Rock
|move|p2a: Hydreigon|U-turn|p1a: Zed
|-resisted|p1a: Zed
|-damage|p1a: Zed|298\/336
|
|switch|p2a: Reuniclus|Reuniclus, M|424\/424
|
|turn|11
|
|move|p1a: Zed|Gunk Shot|p2a: Reuniclus
|-crit|p2a: Reuniclus
|-damage|p2a: Reuniclus|142\/424
|move|p2a: Reuniclus|Psyshock|p1a: Zed
|-crit|p1a: Zed
|-supereffective|p1a: Zed
|-damage|p1a: Zed|0 fnt
|faint|p1a: Zed
|
|
|switch|p1a: Russia|Corphish, F|199\/227
|-damage|p1a: Russia|171\/227|[from] Stealth Rock
|turn|12
|
|move|p1a: Russia|Knock Off|p2a: Reuniclus
|-supereffective|p2a: Reuniclus
|-damage|p2a: Reuniclus|0 fnt
|-enditem|p2a: Reuniclus|Life Orb|[from] move: Knock Off|[of] p1a: Russia
|faint|p2a: Reuniclus
|
|
|switch|p2a: Hydreigon|Hydreigon, M|146\/326
|turn|13
|c|★QuiverMeTimburrs|This team just isn't the same without Metagross man
|c|★QuiverMeTimburrs|Nothing can replace it :[.\
|c|★Zhaf|I noticed.. D:
|
|move|p1a: Russia|Aqua Jet|p2a: Hydreigon
|-resisted|p2a: Hydreigon
|-damage|p2a: Hydreigon|106\/326
|move|p2a: Hydreigon|Dark Pulse|p1a: Russia
|-damage|p1a: Russia|0 fnt
|faint|p1a: Russia
|
|c|★QuiverMeTimburrs|The magic is gone
|
|switch|p1a: Radio|Noivern, F|229\/311
|-damage|p1a: Radio|152\/311|[from] Stealth Rock
|turn|14
|
|move|p2a: Hydreigon|Dark Pulse|p1a: Radio
|-damage|p1a: Radio|0 fnt
|faint|p1a: Radio
|
|
|switch|p1a: Noisia|Meloetta|106\/380
|-damage|p1a: Noisia|59\/380|[from] Stealth Rock
|turn|15
|c|★QuiverMeTimburrs|ah well
|c|★QuiverMeTimburrs|gg
|c|★Zhaf|Gg, wp.
|
|move|p2a: Hydreigon|Dark Pulse|p1a: Noisia
|-supereffective|p1a: Noisia
|-damage|p1a: Noisia|0 fnt
|faint|p1a: Noisia
|
|win|Zhaf
|leave|QuiverMeTimburrs
|player|p1