|join|Red Skies
|join|burgerfresser
|player|p1|Red Skies|64
|player|p2|burgerfresser|101
|gametype|singles
|gen|6
|tier|OU
|rated
|clearpoke
|poke|p1|Latias, F
|poke|p1|Landorus-Therian, M
|poke|p1|Metagross
|poke|p1|Breloom, M
|poke|p1|Heatran, F
|poke|p1|Greninja, F
|poke|p2|Mamoswine, F
|poke|p2|Breloom, M
|poke|p2|Latias, F
|poke|p2|Magnezone
|poke|p2|Landorus-Therian, M
|poke|p2|Gardevoir, F, shiny
|rule|Swagger Clause: Swagger is banned
|rule|Baton Pass Clause: Limit one Pokémon knowing Baton Pass
|rule|Sleep Clause Mod: Limit one foe put to sleep
|rule|Species Clause: Limit one of each Pokémon
|rule|OHKO Clause: OHKO moves are banned
|rule|Moody Clause: Moody is banned
|rule|Evasion Moves Clause: Evasion moves are banned
|rule|Endless Battle Clause: Forcing endless battles is banned
|rule|HP Percentage Mod: HP is shown in percentages
|teampreview
|
|start
|switch|p1a: Metagross|Metagross|335\/335
|switch|p2a: Landorus-Therian|Landorus-Therian, M|319\/319
|-ability|p2a: Landorus-Therian|Intimidate|[of] p1a: Metagross
|-fail|p1a: Metagross|unboost|[from] ability: Clear Body|[of] p1a: Metagross
|turn|1
|
|move|p2a: Landorus-Therian|U-turn|p1a: Metagross
|-damage|p1a: Metagross|264\/335
|
|switch|p2a: Magnezone|Magnezone|312\/312
|move|p1a: Metagross|Ice Punch|p2a: Magnezone
|-resisted|p2a: Magnezone
|-damage|p2a: Magnezone|268\/312
|-status|p2a: Magnezone|frz
|
|turn|2
|
|switch|p2a: Landorus-Therian|Landorus-Therian, M|319\/319
|-ability|p2a: Landorus-Therian|Intimidate|[of] p1a: Metagross
|-fail|p1a: Metagross|unboost|[from] ability: Clear Body|[of] p1a: Metagross
|move|p1a: Metagross|Ice Punch|p2a: Landorus-Therian
|-supereffective|p2a: Landorus-Therian
|-damage|p2a: Landorus-Therian|0 fnt
|faint|p2a: Landorus-Therian
|
|join|mikosafagot420
|
|switch|p2a: Mamoswine|Mamoswine, F|361\/361
|turn|3
|
|move|p2a: Mamoswine|Earthquake|p1a: Metagross
|-crit|p1a: Metagross
|-supereffective|p1a: Metagross
|-enditem|p1a: Metagross|Shuca Berry|[eat]
|-damage|p1a: Metagross|60\/335
|move|p1a: Metagross|Meteor Mash|p2a: Mamoswine
|-supereffective|p2a: Mamoswine
|-enditem|p2a: Mamoswine|Focus Sash
|-damage|p2a: Mamoswine|1\/361
|
|turn|4
|c|★burgerfresser|wtf
|c| mikosafagot420|thats a really old set
|
|move|p2a: Mamoswine|Earthquake|p1a: Metagross
|-supereffective|p1a: Metagross
|-damage|p1a: Metagross|0 fnt
|faint|p1a: Metagross
|
|c| mikosafagot420|no bullet punch?
|
|switch|p1a: Breloom|Breloom, M|262\/262
|turn|5
|c|★Red Skies|Nope
|c|★Red Skies|Pursuit
|
|switch|p2a: Gardewhore|Gardevoir, F, shiny|277\/277
|-ability|p2a: Gardewhore|Technician|[from] ability: Trace|[of] p1a: Breloom
|move|p1a: Breloom|Mach Punch|p2a: Gardewhore
|-resisted|p2a: Gardewhore
|-damage|p2a: Gardewhore|235\/277
|
|turn|6
|
|detailschange|p2a: Gardewhore|Gardevoir-Mega, F, shiny
|message|Gardevoir has Mega Evolved into Mega Gardevoir!
|move|p2a: Gardewhore|Taunt|p1a: Breloom
|-start|p1a: Breloom|move: Taunt
|move|p1a: Breloom|Bullet Seed|p2a: Gardewhore
|-damage|p2a: Gardewhore|135\/277
|-damage|p2a: Gardewhore|42\/277
|-damage|p2a: Gardewhore|0 fnt
|-hitcount|p2a: Gardewhore|3
|faint|p2a: Gardewhore
|
|
|switch|p2a: Breloom|Breloom, M|262\/262
|turn|7
|
|switch|p1a: Landorus-Therian|Landorus-Therian, M|331\/331
|-ability|p1a: Landorus-Therian|Intimidate|[of] p2a: Breloom
|-unboost|p2a: Breloom|atk|1
|move|p2a: Breloom|Mach Punch|p1a: Landorus-Therian
|-resisted|p1a: Landorus-Therian
|-damage|p1a: Landorus-Therian|286\/331
|
|turn|8
|-message|burgerfresser forfeited.
|
|win|Red Skies
|raw|Ladder updating...
|leave|burgerfresser
|player|p2
|raw|Red Skies's rating: 1656 &rarr; <strong>1673<\/strong><br \/>(+17 for winning)
|raw|burgerfresser's rating: 1608 &rarr; <strong>1591<\/strong><br \/>(-17 for losing)
|join|burgerfresser
|leave|mikosafagot420