|join|GrimoireGod
|join|Sluggy
|player|p1|GrimoireGod|128
|player|p2|Sluggy|265
|gametype|singles
|gen|6
|tier|OU
|rated
|clearpoke
|poke|p1|Scizor, M
|poke|p1|Heatran, M
|poke|p1|Kyurem-Black
|poke|p1|Landorus-Therian, M
|poke|p1|Starmie
|poke|p1|Ferrothorn, F
|poke|p2|Heatran, M
|poke|p2|Dragonite, F
|poke|p2|Scizor, F
|poke|p2|Sylveon, F
|poke|p2|Rotom-Wash
|poke|p2|Magnezone
|rule|Swagger Clause: Swagger is banned
|rule|Baton Pass Clause: Limit one Pokémon knowing Baton Pass
|rule|Sleep Clause Mod: Limit one foe put to sleep
|rule|Species Clause: Limit one of each Pokémon
|rule|OHKO Clause: OHKO moves are banned
|rule|Moody Clause: Moody is banned
|rule|Evasion Moves Clause: Evasion moves are banned
|rule|Endless Battle Clause: Forcing endless battles is banned
|rule|HP Percentage Mod: HP is shown in percentages
|teampreview
|
|start
|switch|p1a: Landorus-Therian|Landorus-Therian, M|381\/381
|switch|p2a: Rotom-Wash|Rotom-Wash|304\/304
|-ability|p1a: Landorus-Therian|Intimidate|[of] p2a: Rotom-Wash
|-unboost|p2a: Rotom-Wash|atk|1
|turn|1
|
|switch|p1a: Ferrothorn|Ferrothorn, F|352\/352
|move|p2a: Rotom-Wash|Hydro Pump|p1a: Ferrothorn
|-resisted|p1a: Ferrothorn
|-damage|p1a: Ferrothorn|300\/352
|
|-heal|p1a: Ferrothorn|322\/352|[from] item: Leftovers
|turn|2
|
|move|p2a: Rotom-Wash|Will-O-Wisp|p1a: Ferrothorn
|-status|p1a: Ferrothorn|brn
|move|p1a: Ferrothorn|Leech Seed|p2a: Rotom-Wash
|-start|p2a: Rotom-Wash|move: Leech Seed
|
|-heal|p1a: Ferrothorn|344\/352 brn|[from] item: Leftovers
|-damage|p2a: Rotom-Wash|266\/304|[from] Leech Seed|[of] p1a: Ferrothorn
|-heal|p1a: Ferrothorn|352\/352 brn|[silent]
|-damage|p1a: Ferrothorn|308\/352 brn|[from] brn
|turn|3
|
|move|p2a: Rotom-Wash|Volt Switch|p1a: Ferrothorn
|-resisted|p1a: Ferrothorn
|-damage|p1a: Ferrothorn|275\/352 brn
|
|switch|p2a: Heatran|Heatran, M|386\/386
|move|p1a: Ferrothorn|Spikes|p2a: Heatran
|-sidestart|p2: Sluggy|Spikes
|
|-heal|p1a: Ferrothorn|297\/352 brn|[from] item: Leftovers
|-damage|p1a: Ferrothorn|253\/352 brn|[from] brn
|turn|4
|
|switch|p1a: Starmie|Starmie|261\/261
|move|p2a: Heatran|Stealth Rock|p1a: Starmie
|-sidestart|p1: GrimoireGod|move: Stealth Rock
|
|turn|5
|
|switch|p2a: Sylveon|Sylveon, F|394\/394
|-damage|p2a: Sylveon|345\/394|[from] Spikes
|move|p1a: Starmie|Rapid Spin|p2a: Sylveon
|-crit|p2a: Sylveon
|-damage|p2a: Sylveon|318\/394
|-sideend|p1: GrimoireGod|Stealth Rock|[from] move: Rapid Spin|[of] p1a: Starmie
|-damage|p1a: Starmie|235\/261|[from] item: Life Orb
|
|-heal|p2a: Sylveon|342\/394|[from] item: Leftovers
|turn|6
|join|Scissor Sisters
|
|switch|p1a: Heatran|Heatran, M|323\/323
|move|p2a: Sylveon|Wish|p2a: Sylveon
|
|-heal|p2a: Sylveon|366\/394|[from] item: Leftovers
|turn|7
|
|switch|p2a: Dragonite|Dragonite, F|323\/323
|move|p1a: Heatran|Magma Storm|p2a: Dragonite|[miss]
|-miss|p1a: Heatran|p2a: Dragonite
|
|turn|8
|
|switch|p1a: Landorus-Therian|Landorus-Therian, M|381\/381
|-ability|p1a: Landorus-Therian|Intimidate|[of] p2a: Dragonite
|-unboost|p2a: Dragonite|atk|1
|move|p2a: Dragonite|Dragon Dance|p2a: Dragonite
|-boost|p2a: Dragonite|atk|1
|-boost|p2a: Dragonite|spe|1
|
|turn|9
|
|move|p2a: Dragonite|Dragon Dance|p2a: Dragonite
|-boost|p2a: Dragonite|atk|1
|-boost|p2a: Dragonite|spe|1
|move|p1a: Landorus-Therian|U-turn|p2a: Dragonite
|-resisted|p2a: Dragonite
|-damage|p2a: Dragonite|302\/323
|
|switch|p1a: Ferrothorn|Ferrothorn, F|253\/352 brn
|
|-heal|p1a: Ferrothorn|275\/352 brn|[from] item: Leftovers
|-damage|p1a: Ferrothorn|231\/352 brn|[from] brn
|turn|10
|
|switch|p2a: Magnezone|Magnezone|343\/343
|-damage|p2a: Magnezone|301\/343|[from] Spikes
|move|p1a: Ferrothorn|Gyro Ball|p2a: Magnezone
|-resisted|p2a: Magnezone
|-damage|p2a: Magnezone|291\/343
|
|-heal|p1a: Ferrothorn|253\/352 brn|[from] item: Leftovers
|-damage|p1a: Ferrothorn|209\/352 brn|[from] brn
|turn|11
|
|move|p2a: Magnezone|Hidden Power|p1a: Ferrothorn
|-crit|p1a: Ferrothorn
|-supereffective|p1a: Ferrothorn
|-damage|p1a: Ferrothorn|0 fnt
|faint|p1a: Ferrothorn
|
|
|switch|p1a: Heatran|Heatran, M|323\/323
|turn|12
|
|switch|p2a: Rotom-Wash|Rotom-Wash|266\/304
|move|p1a: Heatran|Magma Storm|p2a: Rotom-Wash
|-resisted|p2a: Rotom-Wash
|-damage|p2a: Rotom-Wash|210\/304
|-activate|p2a: Rotom-Wash|move: Magma Storm|[of] p1a: Heatran
|
|-heal|p2a: Rotom-Wash|229\/304|[from] item: Leftovers
|-damage|p2a: Rotom-Wash|191\/304|[from] move: Magma Storm|[partiallytrapped]
|turn|13
|
|move|p1a: Heatran|Solar Beam|p2a: Rotom-Wash|[still]
|-prepare|p1a: Heatran|Solar Beam|p2a: Rotom-Wash
|-enditem|p1a: Heatran|Power Herb
|-anim|p1a: Heatran|Solar Beam|p2a: Rotom-Wash
|-supereffective|p2a: Rotom-Wash
|-damage|p2a: Rotom-Wash|0 fnt
|faint|p2a: Rotom-Wash
|
|
|switch|p2a: Dragonite|Dragonite, F|302\/323
|turn|14
|
|switch|p1a: Landorus-Therian|Landorus-Therian, M|381\/381
|-ability|p1a: Landorus-Therian|Intimidate|[of] p2a: Dragonite
|-unboost|p2a: Dragonite|atk|1
|move|p2a: Dragonite|Earthquake|p1a: Landorus-Therian
|-immune|p1a: Landorus-Therian|[msg]
|
|turn|15
|
|switch|p2a: Scizor|Scizor, F|343\/343
|-damage|p2a: Scizor|301\/343|[from] Spikes
|move|p1a: Landorus-Therian|Stealth Rock|p2a: Scizor
|-sidestart|p2: Sluggy|move: Stealth Rock
|
|turn|16
|
|detailschange|p2a: Scizor|Scizor-Mega, F
|-mega|p2a: Scizor|Scizor|Scizorite
|move|p1a: Landorus-Therian|U-turn|p2a: Scizor
|-resisted|p2a: Scizor
|-damage|p2a: Scizor|279\/343
|
|switch|p1a: Starmie|Starmie|235\/261
|move|p2a: Scizor|Defog|p1a: Starmie
|-unboost|p1a: Starmie|evasion|1
|-sideend|p2: Sluggy|Spikes|[from] move: Defog|[of] p2a: Scizor
|-sideend|p2: Sluggy|Stealth Rock|[from] move: Defog|[of] p2a: Scizor
|
|turn|17
|
|move|p1a: Starmie|Hydro Pump|p2a: Scizor|[miss]
|-miss|p1a: Starmie|p2a: Scizor
|move|p2a: Scizor|U-turn|p1a: Starmie
|-supereffective|p1a: Starmie
|-damage|p1a: Starmie|0 fnt
|faint|p1a: Starmie
|
|switch|p2a: Sylveon|Sylveon, F|366\/394
|
|-heal|p2a: Sylveon|390\/394|[from] item: Leftovers
|
|switch|p1a: Heatran|Heatran, M|323\/323
|turn|18
|
|move|p1a: Heatran|Magma Storm|p2a: Sylveon
|-crit|p2a: Sylveon
|-damage|p2a: Sylveon|179\/394
|-activate|p2a: Sylveon|move: Magma Storm|[of] p1a: Heatran
|move|p2a: Sylveon|Wish|p2a: Sylveon
|
|-heal|p2a: Sylveon|203\/394|[from] item: Leftovers
|-damage|p2a: Sylveon|154\/394|[from] move: Magma Storm|[partiallytrapped]
|turn|19
|
|move|p2a: Sylveon|Protect|p2a: Sylveon
|-singleturn|p2a: Sylveon|Protect
|move|p1a: Heatran|Magma Storm|p2a: Sylveon
|-activate|p2a: Sylveon|Protect
|
|-heal|p2a: Sylveon|351\/394|[from] move: Wish|[wisher] Sylveon
|-heal|p2a: Sylveon|375\/394|[from] item: Leftovers
|-damage|p2a: Sylveon|326\/394|[from] move: Magma Storm|[partiallytrapped]
|turn|20
|
|move|p1a: Heatran|Taunt|p2a: Sylveon
|-start|p2a: Sylveon|move: Taunt
|cant|p2a: Sylveon|move: Taunt|Wish
|
|-heal|p2a: Sylveon|350\/394|[from] item: Leftovers
|-damage|p2a: Sylveon|301\/394|[from] move: Magma Storm|[partiallytrapped]
|turn|21
|
|move|p1a: Heatran|Magma Storm|p2a: Sylveon
|-damage|p2a: Sylveon|160\/394
|move|p2a: Sylveon|Hyper Voice|p1a: Heatran
|-resisted|p1a: Heatran
|-damage|p1a: Heatran|290\/323
|
|-heal|p2a: Sylveon|184\/394|[from] item: Leftovers
|-damage|p2a: Sylveon|135\/394|[from] move: Magma Storm|[partiallytrapped]
|turn|22
|
|move|p1a: Heatran|Magma Storm|p2a: Sylveon
|-damage|p2a: Sylveon|5\/394
|move|p2a: Sylveon|Hyper Voice|p1a: Heatran
|-crit|p1a: Heatran
|-resisted|p1a: Heatran
|-damage|p1a: Heatran|233\/323
|
|-heal|p2a: Sylveon|29\/394|[from] item: Leftovers
|-end|p2a: Sylveon|Magma Storm|[partiallytrapped]
|-end|p2a: Sylveon|move: Taunt
|turn|23
|
|move|p2a: Sylveon|Protect|p2a: Sylveon
|-singleturn|p2a: Sylveon|Protect
|move|p1a: Heatran|Earth Power|p2a: Sylveon
|-activate|p2a: Sylveon|Protect
|
|-heal|p2a: Sylveon|53\/394|[from] item: Leftovers
|turn|24
|
|switch|p2a: Dragonite|Dragonite, F|302\/323
|move|p1a: Heatran|Earth Power|p2a: Dragonite
|-immune|p2a: Dragonite|[msg]
|
|turn|25
|
|switch|p1a: Landorus-Therian|Landorus-Therian, M|381\/381
|-ability|p1a: Landorus-Therian|Intimidate|[of] p2a: Dragonite
|-unboost|p2a: Dragonite|atk|1
|move|p2a: Dragonite|Extreme Speed|p1a: Landorus-Therian
|-damage|p1a: Landorus-Therian|323\/381
|
|-heal|p1a: Landorus-Therian|346\/381|[from] item: Leftovers
|turn|26
|
|switch|p2a: Scizor|Scizor-Mega, F|279\/343
|move|p1a: Landorus-Therian|Stealth Rock|p2a: Scizor
|-sidestart|p2: Sluggy|move: Stealth Rock
|
|-heal|p1a: Landorus-Therian|369\/381|[from] item: Leftovers
|turn|27
|
|move|p1a: Landorus-Therian|U-turn|p2a: Scizor
|-resisted|p2a: Scizor
|-damage|p2a: Scizor|256\/343
|
|switch|p1a: Heatran|Heatran, M|233\/323
|move|p2a: Scizor|Defog|p1a: Heatran
|-unboost|p1a: Heatran|evasion|1
|-sideend|p2: Sluggy|Stealth Rock|[from] move: Defog|[of] p2a: Scizor
|
|turn|28
|
|move|p1a: Heatran|Magma Storm|p2a: Scizor
|-supereffective|p2a: Scizor
|-damage|p2a: Scizor|0 fnt
|faint|p2a: Scizor
|
|
|switch|p2a: Sylveon|Sylveon, F|53\/394
|turn|29
|
|move|p2a: Sylveon|Protect|p2a: Sylveon
|-singleturn|p2a: Sylveon|Protect
|move|p1a: Heatran|Taunt|p2a: Sylveon
|-activate|p2a: Sylveon|Protect
|
|-heal|p2a: Sylveon|77\/394|[from] item: Leftovers
|turn|30
|
|switch|p2a: Dragonite|Dragonite, F|302\/323
|move|p1a: Heatran|Taunt|p2a: Dragonite
|-start|p2a: Dragonite|move: Taunt
|
|turn|31
|
|switch|p1a: Landorus-Therian|Landorus-Therian, M|369\/381
|-ability|p1a: Landorus-Therian|Intimidate|[of] p2a: Dragonite
|-unboost|p2a: Dragonite|atk|1
|move|p2a: Dragonite|Earthquake|p1a: Landorus-Therian
|-immune|p1a: Landorus-Therian|[msg]
|
|-heal|p1a: Landorus-Therian|381\/381|[from] item: Leftovers
|turn|32
|
|switch|p2a: Heatran|Heatran, M|386\/386
|move|p1a: Landorus-Therian|Stone Edge|p2a: Heatran
|-damage|p2a: Heatran|278\/386
|
|-heal|p2a: Heatran|302\/386|[from] item: Leftovers
|turn|33
|
|move|p2a: Heatran|Protect|p2a: Heatran
|-singleturn|p2a: Heatran|Protect
|move|p1a: Landorus-Therian|Earthquake|p2a: Heatran
|-activate|p2a: Heatran|Protect
|
|-heal|p2a: Heatran|326\/386|[from] item: Leftovers
|turn|34
|
|move|p1a: Landorus-Therian|U-turn|p2a: Heatran
|-resisted|p2a: Heatran
|-damage|p2a: Heatran|310\/386
|
|switch|p1a: Heatran|Heatran, M|233\/323
|move|p2a: Heatran|Lava Plume|p1a: Heatran
|-start|p1a: Heatran|ability: Flash Fire
|
|-heal|p2a: Heatran|334\/386|[from] item: Leftovers
|turn|35
|
|move|p1a: Heatran|Earth Power|p2a: Heatran
|-supereffective|p2a: Heatran
|-damage|p2a: Heatran|18\/386
|move|p2a: Heatran|Stealth Rock|p1a: Heatran
|-sidestart|p1: GrimoireGod|move: Stealth Rock
|
|-heal|p2a: Heatran|42\/386|[from] item: Leftovers
|turn|36
|
|move|p1a: Heatran|Earth Power|p2a: Heatran
|-supereffective|p2a: Heatran
|-damage|p2a: Heatran|0 fnt
|faint|p2a: Heatran
|
|
|switch|p2a: Sylveon|Sylveon, F|77\/394
|turn|37
|
|move|p2a: Sylveon|Protect|p2a: Sylveon
|-singleturn|p2a: Sylveon|Protect
|move|p1a: Heatran|Taunt|p2a: Sylveon
|-activate|p2a: Sylveon|Protect
|
|-heal|p2a: Sylveon|101\/394|[from] item: Leftovers
|turn|38
|
|switch|p2a: Magnezone|Magnezone|291\/343
|move|p1a: Heatran|Magma Storm|p2a: Magnezone|[miss]
|-miss|p1a: Heatran|p2a: Magnezone
|
|turn|39
|
|move|p1a: Heatran|Earth Power|p2a: Magnezone
|-supereffective|p2a: Magnezone
|-damage|p2a: Magnezone|0 fnt
|faint|p2a: Magnezone
|
|
|switch|p2a: Sylveon|Sylveon, F|101\/394
|turn|40
|
|move|p2a: Sylveon|Protect|p2a: Sylveon
|-singleturn|p2a: Sylveon|Protect
|move|p1a: Heatran|Taunt|p2a: Sylveon
|-activate|p2a: Sylveon|Protect
|
|-heal|p2a: Sylveon|125\/394|[from] item: Leftovers
|turn|41
|
|switch|p2a: Dragonite|Dragonite, F|302\/323
|move|p1a: Heatran|Taunt|p2a: Dragonite
|-start|p2a: Dragonite|move: Taunt
|
|turn|42
|
|switch|p1a: Landorus-Therian|Landorus-Therian, M|381\/381
|-damage|p1a: Landorus-Therian|334\/381|[from] Stealth Rock
|-ability|p1a: Landorus-Therian|Intimidate|[of] p2a: Dragonite
|-unboost|p2a: Dragonite|atk|1
|switch|p2a: Sylveon|Sylveon, F|125\/394
|
|-heal|p1a: Landorus-Therian|357\/381|[from] item: Leftovers
|-heal|p2a: Sylveon|149\/394|[from] item: Leftovers
|turn|43
|
|move|p1a: Landorus-Therian|Stealth Rock|p2a: Sylveon
|-sidestart|p2: Sluggy|move: Stealth Rock
|move|p2a: Sylveon|Wish|p2a: Sylveon
|
|-heal|p1a: Landorus-Therian|380\/381|[from] item: Leftovers
|-heal|p2a: Sylveon|173\/394|[from] item: Leftovers
|turn|44
|
|switch|p1a: Scizor|Scizor, M|343\/343
|-damage|p1a: Scizor|301\/343|[from] Stealth Rock
|move|p2a: Sylveon|Hyper Voice|p1a: Scizor
|-resisted|p1a: Scizor
|-damage|p1a: Scizor|232\/343
|
|-heal|p2a: Sylveon|370\/394|[from] move: Wish|[wisher] Sylveon
|-heal|p2a: Sylveon|394\/394|[from] item: Leftovers
|turn|45
|-message|Sluggy forfeited.
|
|win|GrimoireGod
|raw|Ladder updating...
|leave|Sluggy
|player|p2
|raw|GrimoireGod's rating: 1571 &rarr; <strong>1588<\/strong><br \/>(+17 for winning)
|raw|Sluggy's rating: 1532 &rarr; <strong>1514<\/strong><br \/>(-18 for losing)