|join|GrimoireGod
|join|sikaz
|join|TheBlueSun
|player|p1|GrimoireGod|128
|player|p2|sikaz|2
|gametype|singles
|gen|6
|tier|OU
|rated
|clearpoke
|poke|p1|Gengar, M
|poke|p1|Salamence, M
|poke|p1|Ferrothorn, M
|poke|p1|Talonflame, M
|poke|p1|Abomasnow, M
|poke|p1|Slowbro, M
|poke|p2|Landorus-Therian, M
|poke|p2|Heatran, F
|poke|p2|Latios, M
|poke|p2|Breloom, M
|poke|p2|Manectric, F
|poke|p2|Azumarill, M
|rule|Swagger Clause: Swagger is banned
|rule|Baton Pass Clause: Limit one Pokémon knowing Baton Pass
|rule|Sleep Clause Mod: Limit one foe put to sleep
|rule|Species Clause: Limit one of each Pokémon
|rule|OHKO Clause: OHKO moves are banned
|rule|Moody Clause: Moody is banned
|rule|Evasion Moves Clause: Evasion moves are banned
|rule|Endless Battle Clause: Forcing endless battles is banned
|rule|HP Percentage Mod: HP is shown in percentages
|teampreview
|c| TheBlueSun|dis gon b an ez win
|c|★GrimoireGod|indeed
|join|Porto
|c|★sikaz|mhm
|c|★GrimoireGod|scrub ladder be usin standard sm0gon sets
|c|★sikaz|:'(
|c| TheBlueSun|stupid gren ban
|c|★GrimoireGod|u gon get rekt kid,,
|c|★GrimoireGod|fukin smogon alwais bannin mi favorite pokmon
|c|★sikaz|yeah, kid's gonna get rekt
|
|start
|switch|p1a: Salamence|Salamence, M|352\/352
|switch|p2a: Manectric|Manectric, F|281\/281
|-ability|p1a: Salamence|Intimidate|[of] p2a: Manectric
|-unboost|p2a: Manectric|atk|1
|turn|1
|c| TheBlueSun|why was blaziken banned??
|c| TheBlueSun|azumarill walls it
|c|★GrimoireGod|becoz smogon culdnt just use talonflam
|c| TheBlueSun|dragonite walls it
|
|detailschange|p2a: Manectric|Manectric-Mega, F
|-mega|p2a: Manectric|Manectric|Manectite
|-ability|p2a: Manectric|Intimidate|[of] p1a: Salamence
|-unboost|p1a: Salamence|atk|1
|move|p2a: Manectric|Hidden Power|p1a: Salamence
|-supereffective|p1a: Salamence
|-damage|p1a: Salamence|20\/352
|-enditem|p1a: Salamence|Aguav Berry|[eat]
|-heal|p1a: Salamence|64\/352|[from] item: Aguav Berry
|move|p1a: Salamence|Toxic|p2a: Manectric
|-status|p2a: Manectric|tox
|
|-damage|p2a: Manectric|264\/281 tox|[from] psn
|turn|2
|c|★GrimoireGod|git gud
|c| TheBlueSun|ah toxic
|c| TheBlueSun|nice play
|
|move|p1a: Salamence|Protect|p1a: Salamence
|-singleturn|p1a: Salamence|Protect
|move|p2a: Manectric|Volt Switch|p1a: Salamence
|-activate|p1a: Salamence|Protect
|
|-damage|p2a: Manectric|230\/281 tox|[from] psn
|turn|3
|c|★GrimoireGod|i predicted the hp ice
|c| TheBlueSun|got the right evs
|c|★GrimoireGod|y
|
|switch|p1a: Ferrothorn|Ferrothorn, M|290\/290
|move|p2a: Manectric|Volt Switch|p1a: Ferrothorn
|-resisted|p1a: Ferrothorn
|-damage|p1a: Ferrothorn|235\/290
|c| TheBlueSun|oooh predicted
|
|switch|p2a: Heatran|Heatran, F|386\/386
|
|turn|4
|
|switch|p1a: Slowbro|Slowbro, M|394\/394
|move|p2a: Heatran|Roar|p1a: Slowbro
|drag|p1a: Talonflame|Talonflame, M|298\/298
|-item|p1a: Talonflame|Air Balloon
|
|turn|5
|c|★GrimoireGod|shit
|c| TheBlueSun|balloon thats brilliant
|c| TheBlueSun|for save roosts on ground pokemon
|
|switch|p1a: Slowbro|Slowbro, M|394\/394
|move|p2a: Heatran|Lava Plume|p1a: Slowbro
|-resisted|p1a: Slowbro
|-damage|p1a: Slowbro|296\/394
|
|turn|6
|c|★GrimoireGod|yes
|c|★sikaz|what should i do
|c|★GrimoireGod|i thought ahead coz i dont liek mindgams with earth power
|c| TheBlueSun|forfeit lol
|c|★sikaz|probs
|c|★GrimoireGod|ur clerly outclassed
|c| TheBlueSun|grim is just too much
|c|★GrimoireGod|im out of ur league, im a god
|
|switch|p2a: Manectric|Manectric-Mega, F|230\/281 tox
|-ability|p2a: Manectric|Intimidate|[of] p1a: Slowbro
|-unboost|p1a: Slowbro|atk|1
|move|p1a: Slowbro|Whirlpool|p2a: Manectric
|-damage|p2a: Manectric|182\/281 tox
|-activate|p2a: Manectric|move: Whirlpool|[of] p1a: Slowbro
|
|-damage|p2a: Manectric|165\/281 tox|[from] psn
|-damage|p2a: Manectric|130\/281 tox|[from] move: Whirlpool|[partiallytrapped]
|turn|7
|c|★sikaz|r u lik famous
|c|★GrimoireGod|hahah did u see that animaton
|c|★GrimoireGod|yes
|c|★GrimoireGod|i have lots o fans
|c| TheBlueSun|hes better than poke-aim
|c|★sikaz|dats so kewl braskis
|
|switch|p1a: Ferrothorn|Ferrothorn, M|235\/290
|move|p2a: Manectric|Volt Switch|p1a: Ferrothorn
|-resisted|p1a: Ferrothorn
|-damage|p1a: Ferrothorn|180\/290
|join|kellykelly be
|c|★GrimoireGod|fukin overpowered megas
|leave|kellykelly be
|
|switch|p2a: Heatran|Heatran, F|386\/386
|
|turn|8
|c|★GrimoireGod|y did smog0n make them,,
|c| TheBlueSun|nice heatran
|c| TheBlueSun|lets give slowbro a free switch again
|
|switch|p1a: Talonflame|Talonflame, M|298\/298
|-item|p1a: Talonflame|Air Balloon
|move|p2a: Heatran|Lava Plume|p1a: Talonflame
|-resisted|p1a: Talonflame
|-damage|p1a: Talonflame|226\/298
|-enditem|p1a: Talonflame|Air Balloon
|
|turn|9
|c|★GrimoireGod|n
|c|★GrimoireGod|makin playz
|c|★GrimoireGod|becoz he cant tuch me
|c| TheBlueSun|ah right u got the natural gift balloon
|
|move|p1a: Talonflame|Bulk Up|p1a: Talonflame
|-boost|p1a: Talonflame|atk|1
|-boost|p1a: Talonflame|def|1
|move|p2a: Heatran|Roar|p1a: Talonflame
|drag|p1a: Ferrothorn|Ferrothorn, M|180\/290
|
|turn|10
|c| TheBlueSun|hax
|c|★GrimoireGod|ok
|c|★sikaz|wee
|c|★GrimoireGod|just wait until last poke talon
|c|★GrimoireGod|it gon sw33p
|
|switch|p1a: Slowbro|Slowbro, M|296\/394
|move|p2a: Heatran|Lava Plume|p1a: Slowbro
|-resisted|p1a: Slowbro
|-damage|p1a: Slowbro|200\/394
|-status|p1a: Slowbro|brn
|
|-damage|p1a: Slowbro|151\/394 brn|[from] brn
|turn|11
|c| TheBlueSun|lucky sikaz
|c|★GrimoireGod|HAX
|c|★GrimoireGod|not cool,,,,,,,,,,,,,,,,
|c|★sikaz|is that mega slowbro
|c| TheBlueSun|oml why make good plays when you can hax
|c|★GrimoireGod|no focus sash
|c|★sikaz|ahk
|c|★GrimoireGod|ikr tbs
|c|★sikaz|i like that set
|
|switch|p2a: Breloom|Breloom, M|261\/261
|move|p1a: Slowbro|Slack Off|p1a: Slowbro
|-heal|p1a: Slowbro|348\/394 brn
|
|-damage|p1a: Slowbro|299\/394 brn|[from] brn
|turn|12
|c| TheBlueSun|its so unpredictable
|c|★GrimoireGod|yea it works rly wel with me first sikaz
|c|★GrimoireGod|imo
|
|switch|p1a: Talonflame|Talonflame, M|226\/298
|move|p2a: Breloom|Spore|p1a: Talonflame
|-status|p1a: Talonflame|slp
|
|turn|13
|c| TheBlueSun|very underrated
|c|★sikaz|night night
|
|switch|p1a: Abomasnow|Abomasnow, M|384\/384
|-weather|Hail
|switch|p2a: Landorus-Therian|Landorus-Therian, M|382\/382
|-ability|p2a: Landorus-Therian|Intimidate|[of] p1a: Abomasnow
|-unboost|p1a: Abomasnow|atk|1
|
|-weather|Hail|[upkeep]
|-damage|p2a: Landorus-Therian|359\/382|[from] hail
|-heal|p2a: Landorus-Therian|382\/382|[from] item: Leftovers
|turn|14
|c|★GrimoireGod|predicted kid
|c| TheBlueSun|aaaah
|c|★sikaz|are those fast
|c|★sikaz|bc i want rocks
|c| TheBlueSun|where is the counter?
|
|switch|p2a: Heatran|Heatran, F|386\/386
|detailschange|p1a: Abomasnow|Abomasnow-Mega, M
|-mega|p1a: Abomasnow|Abomasnow|Abomasite
|move|p1a: Abomasnow|Water Pulse|p2a: Heatran
|-supereffective|p2a: Heatran
|-damage|p2a: Heatran|232\/386
|-start|p2a: Heatran|confusion
|
|-weather|Hail|[upkeep]
|-damage|p2a: Heatran|208\/386|[from] hail
|-heal|p2a: Heatran|232\/386|[from] item: Leftovers
|turn|15
|c|★sikaz|idkkk :'(
|c|★GrimoireGod|rly fast
|c|★GrimoireGod|hahahahahaha
|c|★GrimoireGod|git gud
|c|★sikaz|rip
|
|-activate|p2a: Heatran|confusion
|move|p2a: Heatran|Lava Plume|p1a: Abomasnow
|-supereffective|p1a: Abomasnow
|-damage|p1a: Abomasnow|0 fnt
|faint|p1a: Abomasnow
|
|-weather|Hail|[upkeep]
|-damage|p2a: Heatran|208\/386|[from] hail
|-heal|p2a: Heatran|232\/386|[from] item: Leftovers
|c|★GrimoireGod|hax...
|c| TheBlueSun|why so lucky
|c|★sikaz|the grimoire god gives me luck
|c|★GrimoireGod|its unfare ur more lucky then me
|c| TheBlueSun|aboma would have won the game
|c|★sikaz|loving the alliteration
|c|★sikaz|or is it the other one
|
|switch|p1a: Gengar|Gengar, M|262\/262
|turn|16
|c|★GrimoireGod|fukin smogon fix ur hax problems
|c|★sikaz|do i need heatran still
|c| TheBlueSun|yes
|c|★GrimoireGod|no
|c|★GrimoireGod|it did its prupse
|c| TheBlueSun|i would switch out if i were you
|c|★sikaz|getting mixed signals
|c|★GrimoireGod|it alredfy haxed me
|
|move|p1a: Gengar|Drain Punch|p2a: Heatran
|-supereffective|p2a: Heatran
|-damage|p2a: Heatran|52\/386
|-activate|p2a: Heatran|confusion
|move|p2a: Heatran|Lava Plume|p1a: Gengar
|-damage|p1a: Gengar|69\/262
|
|-weather|Hail|[upkeep]
|-damage|p1a: Gengar|53\/262|[from] hail
|-damage|p2a: Heatran|28\/386|[from] hail
|-heal|p2a: Heatran|52\/386|[from] item: Leftovers
|turn|17
|c|★GrimoireGod|again hax,,
|c| TheBlueSun|if you critted
|
|move|p1a: Gengar|Drain Punch|p2a: Heatran
|-supereffective|p2a: Heatran
|-damage|p2a: Heatran|0 fnt
|-heal|p1a: Gengar|79\/262|[from] drain|[of] p2a: Heatran
|faint|p2a: Heatran
|
|-weather|none
|c| TheBlueSun|you were so close to winning
|c|★GrimoireGod|didnt even get a chanche to use rain dance wit obama
|
|switch|p2a: Latios|Latios, M|301\/301
|turn|18
|c|★sikaz|wait what
|c|★sikaz|i cancelled
|c| TheBlueSun|risking the speed tie
|join|kellykelly be
|c|★GrimoireGod|but he haz more luk
|c|★sikaz|nah scarfed
|c| kellykelly be|nice team grim!
|
|switch|p1a: Ferrothorn|Ferrothorn, M|180\/290
|move|p2a: Latios|Ice Beam|p1a: Ferrothorn
|-damage|p1a: Ferrothorn|85\/290
|
|turn|19
|c|★GrimoireGod|ty
|
|switch|p1a: Slowbro|Slowbro, M|299\/394 brn
|move|p2a: Latios|Ice Beam|p1a: Slowbro
|-resisted|p1a: Slowbro
|-damage|p1a: Slowbro|230\/394 brn
|
|-damage|p1a: Slowbro|181\/394 brn|[from] brn
|turn|20
|c|★sikaz|slwobro annoys me soo much
|c|★GrimoireGod|just forfet, u cant win
|c|★GrimoireGod|im out of ur leage
|
|switch|p2a: Breloom|Breloom, M|261\/261
|move|p1a: Slowbro|Blizzard|p2a: Breloom
|-supereffective|p2a: Breloom
|-enditem|p2a: Breloom|Focus Sash
|-damage|p2a: Breloom|1\/261
|
|-damage|p1a: Slowbro|132\/394 brn|[from] brn
|turn|21
|c|★sikaz|so true
|c|★GrimoireGod|kid
|c|★GrimoireGod|no counter
|c| TheBlueSun|and no freeze
|c| TheBlueSun|wow
|c|★GrimoireGod|hax
|c|★GrimoireGod|always
|c|★GrimoireGod|,,
|c|★sikaz|hey, at least you hit it
|c|★GrimoireGod|that normal
|c|★GrimoireGod|\/\/
|c| TheBlueSun|duh its evd in accuracy
|c|★sikaz|im running low on time cos lag :'(
|
|switch|p1a: Talonflame|Talonflame, M|226\/298 slp
|move|p2a: Breloom|Bullet Seed|p1a: Talonflame
|-resisted|p1a: Talonflame
|-damage|p1a: Talonflame|206\/298 slp
|-resisted|p1a: Talonflame
|-damage|p1a: Talonflame|183\/298 slp
|-resisted|p1a: Talonflame
|-damage|p1a: Talonflame|160\/298 slp
|-hitcount|p1a: Talonflame|3
|
|turn|22
|join|CLC 2xTheTap
|c|★sikaz|no wakey wakey
|
|cant|p1a: Talonflame|slp
|move|p2a: Breloom|Rock Tomb|p1a: Talonflame
|-supereffective|p1a: Talonflame
|-damage|p1a: Talonflame|0 fnt
|faint|p1a: Talonflame
|
|c|★GrimoireGod|i swer
|c|★GrimoireGod|if u hax me
|c|★GrimoireGod|,,,
|c|★sikaz|<3
|c| TheBlueSun|>no wake
|c| TheBlueSun|>hit
|
|switch|p1a: Gengar|Gengar, M|79\/262
|turn|23
|c|★GrimoireGod|this is bs,,
|c|★GrimoireGod|recorded and reported
|c| TheBlueSun|total bs
|c| TheBlueSun|tbs
|c| TheBlueSun|.-.
|
|move|p1a: Gengar|Body Slam|p2a: Breloom
|-damage|p2a: Breloom|0 fnt
|faint|p2a: Breloom
|
|c|★sikaz|^no wakey wakey = command for hax
|c|★GrimoireGod|rof haha foni memes
|
|switch|p2a: Azumarill|Azumarill, M|403\/403
|turn|24
|
|switch|p1a: Slowbro|Slowbro, M|132\/394 brn
|move|p2a: Azumarill|Aqua Jet|p1a: Slowbro
|-resisted|p1a: Slowbro
|-damage|p1a: Slowbro|102\/394 brn
|
|-damage|p1a: Slowbro|53\/394 brn|[from] brn
|turn|25
|c|★sikaz|:'(
|c|★GrimoireGod|max speed bro revelin
|leave|CLC 2xTheTap
|
|move|p2a: Azumarill|Knock Off|p1a: Slowbro
|-supereffective|p1a: Slowbro
|-damage|p1a: Slowbro|0 fnt
|-enditem|p1a: Slowbro|Focus Sash|[from] move: Knock Off|[of] p2a: Azumarill
|faint|p1a: Slowbro
|
|c|★sikaz|lolwat
|c|★sikaz|you were legit sashed
|c| TheBlueSun|y
|c| TheBlueSun|its a good set
|
|switch|p1a: Salamence|Salamence, M|64\/352
|-ability|p1a: Salamence|Intimidate|[of] p2a: Azumarill
|-unboost|p2a: Azumarill|atk|1
|turn|26
|c|★GrimoireGod|i ant playin around kid
|c|★GrimoireGod|all serios and busness
|c| TheBlueSun|ferro is faster right?
|leave|kellykelly be
|c|★GrimoireGod|prob, butt i want to make sure
|
|move|p1a: Salamence|Tailwind|p1a: Salamence
|-sidestart|p1: GrimoireGod|move: Tailwind
|move|p2a: Azumarill|Play Rough|p1a: Salamence|[miss]
|-miss|p2a: Azumarill|p1a: Salamence
|
|turn|27
|c|★sikaz|rip
|c| TheBlueSun|and the miss
|c|★GrimoireGod|justice
|c| TheBlueSun|why is he so lucky
|
|move|p2a: Azumarill|Aqua Jet|p1a: Salamence
|-resisted|p1a: Salamence
|-damage|p1a: Salamence|31\/352
|move|p1a: Salamence|Wish|p1a: Salamence
|
|turn|28
|c|★sikaz|yeah
|c|★sikaz|that sucked
|c|★GrimoireGod|kid
|c|★sikaz|hey
|
|move|p1a: Salamence|Protect|p1a: Salamence
|-singleturn|p1a: Salamence|Protect
|move|p2a: Azumarill|Play Rough|p1a: Salamence
|-activate|p1a: Salamence|Protect
|
|-heal|p1a: Salamence|207\/352|[from] move: Wish|[wisher] Salamence
|turn|29
|c|★GrimoireGod|u need to learn more
|c|★sikaz|just testing
|c| TheBlueSun|if that hit
|join|kellykelly be
|c| TheBlueSun|grim would have 3 free turns of tailwind
|c|★GrimoireGod|^
|
|move|p1a: Salamence|Toxic|p2a: Azumarill|[miss]
|-miss|p1a: Salamence|p2a: Azumarill
|move|p2a: Azumarill|Play Rough|p1a: Salamence|[miss]
|-miss|p2a: Azumarill|p1a: Salamence
|
|-sideend|p1: GrimoireGod|move: Tailwind
|turn|30
|c|★sikaz|rip
|join|Memphis08
|c|★GrimoireGod|,,
|c|★sikaz|what are the chances
|c|★sikaz|0.9 . 0.9
|c| TheBlueSun|1,5%
|c| Memphis08|mega aboma?
|
|move|p1a: Salamence|Tailwind|p1a: Salamence
|-sidestart|p1: GrimoireGod|move: Tailwind
|move|p2a: Azumarill|Play Rough|p1a: Salamence
|-supereffective|p1a: Salamence
|-damage|p1a: Salamence|0 fnt
|faint|p1a: Salamence
|
|c|★sikaz|0.01%
|c|★GrimoireGod|its al ogre now
|c| TheBlueSun|ah 1%
|
|switch|p1a: Ferrothorn|Ferrothorn, M|85\/290
|turn|31
|c| TheBlueSun|toxic is 90 and pr is 90
|c| TheBlueSun|0,10X0,10=0,01
|c| TheBlueSun|=1%
|
|switch|p2a: Landorus-Therian|Landorus-Therian, M|382\/382
|-ability|p2a: Landorus-Therian|Intimidate|[of] p1a: Ferrothorn
|-unboost|p1a: Ferrothorn|atk|1
|move|p1a: Ferrothorn|Thunder|p2a: Landorus-Therian
|-immune|p2a: Landorus-Therian|[msg]
|
|turn|32
|c|★GrimoireGod|,,,
|c|★GrimoireGod|shit
|c|★GrimoireGod|gud play
|c|★GrimoireGod|u r lernin
|
|switch|p1a: Gengar|Gengar, M|79\/262
|move|p2a: Landorus-Therian|Knock Off|p1a: Gengar
|-supereffective|p1a: Gengar
|-damage|p1a: Gengar|0 fnt
|-enditem|p1a: Gengar|Choice Band|[from] move: Knock Off|[of] p2a: Landorus-Therian
|faint|p1a: Gengar
|
|c|★sikaz|thanks
|c|★GrimoireGod|its k tho
|c| TheBlueSun|sikaz knowns whats populair right now
|c|★GrimoireGod|ferro stil gon sweep
|c|★sikaz|i mite b win dis g4m3
|
|switch|p1a: Ferrothorn|Ferrothorn, M|85\/290
|turn|33
|c| TheBlueSun|well done
|
|move|p1a: Ferrothorn|Solar Beam|p2a: Landorus-Therian|[still]
|-prepare|p1a: Ferrothorn|Solar Beam|p2a: Landorus-Therian
|move|p2a: Landorus-Therian|Earthquake|p1a: Ferrothorn
|-damage|p1a: Ferrothorn|0 fnt
|faint|p1a: Ferrothorn
|
|win|sikaz
|raw|Ladder updating...
|raw|GrimoireGod's rating: 1431 &rarr; <strong>1414<\/strong><br \/>(-17 for losing)
|raw|sikaz's rating: 1472 &rarr; <strong>1490<\/strong><br \/>(+18 for winning)
|c| TheBlueSun|grim still 3gud5u
|c|★GrimoireGod|,,
|leave|Porto
|leave|Memphis08
|c|★GrimoireGod|zarel knows
|c|★GrimoireGod|y gon be gone soon kid
|c|★sikaz|much spectatoes
|leave|kellykelly be
|c|★GrimoireGod|fukin wud have canned u
|c|★GrimoireGod|if u didnt hax me with obama
|c|★sikaz|yt channel?
|c|★GrimoireGod|only for global auth and poepl i no
|c|★sikaz|hmm
|c|★GrimoireGod|kid
|c|★sikaz|could i just overheat with mega manetric
|leave|GrimoireGod
|c| TheBlueSun|no