|join|Ace-11
|join|WilexOnDatLadder
|player|p1|Ace-11|218
|player|p2|WilexOnDatLadder|99
|gametype|singles
|gen|6
|tier|OU
|rated
|clearpoke
|poke|p1|Politoed, M, shiny
|poke|p1|Azumarill, M
|poke|p1|Vaporeon, F
|poke|p1|Magnezone
|poke|p1|Kingdra, M, shiny
|poke|p1|Ferrothorn, M
|poke|p2|Garchomp, F
|poke|p2|Conkeldurr, F
|poke|p2|Tyranitar, M
|poke|p2|Rotom-Wash
|poke|p2|Klefki, M
|poke|p2|Landorus-Therian, M
|rule|Swagger Clause: Swagger is banned
|rule|Baton Pass Clause: Limit one Pokémon knowing Baton Pass
|rule|Sleep Clause Mod: Limit one foe put to sleep
|rule|Species Clause: Limit one of each Pokémon
|rule|OHKO Clause: OHKO moves are banned
|rule|Moody Clause: Moody is banned
|rule|Evasion Moves Clause: Evasion moves are banned
|rule|Endless Battle Clause: Forcing endless battles is banned
|rule|HP Percentage Mod: HP is shown in percentages
|teampreview
|
|start
|switch|p1a: Swagnezone|Magnezone|325\/325
|switch|p2a: Bye Manectric|Landorus-Therian, M|382\/382
|-ability|p2a: Bye Manectric|Intimidate|[of] p1a: Swagnezone
|-unboost|p1a: Swagnezone|atk|1
|turn|1
|
|switch|p1a: Free hugs!|Ferrothorn, M|352\/352
|move|p2a: Bye Manectric|Stealth Rock|p1a: Free hugs!
|-sidestart|p1: Ace-11|move: Stealth Rock
|
|turn|2
|
|move|p2a: Bye Manectric|Earthquake|p1a: Free hugs!
|-damage|p1a: Free hugs!|244\/352
|move|p1a: Free hugs!|Stealth Rock|p2a: Bye Manectric
|-sidestart|p2: WilexOnDatLadder|move: Stealth Rock
|
|-heal|p1a: Free hugs!|266\/352|[from] item: Leftovers
|turn|3
|
|move|p2a: Bye Manectric|Earthquake|p1a: Free hugs!
|-damage|p1a: Free hugs!|167\/352
|move|p1a: Free hugs!|Leech Seed|p2a: Bye Manectric
|-start|p2a: Bye Manectric|move: Leech Seed
|
|-heal|p1a: Free hugs!|189\/352|[from] item: Leftovers
|-damage|p2a: Bye Manectric|335\/382|[from] Leech Seed|[of] p1a: Free hugs!
|-heal|p1a: Free hugs!|236\/352|[silent]
|turn|4
|
|switch|p2a: Have Some Hazards|Klefki, M|318\/318
|-damage|p2a: Have Some Hazards|299\/318|[from] Stealth Rock
|move|p1a: Free hugs!|Spikes|p2a: Have Some Hazards
|-sidestart|p2: WilexOnDatLadder|Spikes
|
|-heal|p2a: Have Some Hazards|318\/318|[from] item: Leftovers
|-heal|p1a: Free hugs!|258\/352|[from] item: Leftovers
|turn|5
|
|move|p2a: Have Some Hazards|Spikes|p1a: Free hugs!
|-sidestart|p1: Ace-11|Spikes
|move|p1a: Free hugs!|Spikes|p2a: Have Some Hazards
|-sidestart|p2: WilexOnDatLadder|Spikes
|
|-heal|p1a: Free hugs!|280\/352|[from] item: Leftovers
|turn|6
|
|move|p2a: Have Some Hazards|Spikes|p1a: Free hugs!
|-sidestart|p1: Ace-11|Spikes
|move|p1a: Free hugs!|Spikes|p2a: Have Some Hazards
|-sidestart|p2: WilexOnDatLadder|Spikes
|
|-heal|p1a: Free hugs!|302\/352|[from] item: Leftovers
|turn|7
|
|switch|p1a: Swagnezone|Magnezone|325\/325
|-damage|p1a: Swagnezone|305\/325|[from] Stealth Rock
|-damage|p1a: Swagnezone|251\/325|[from] Spikes
|move|p2a: Have Some Hazards|Spikes|p1a: Swagnezone
|-sidestart|p1: Ace-11|Spikes
|
|turn|8
|
|move|p2a: Have Some Hazards|Play Rough|p1a: Swagnezone
|-resisted|p1a: Swagnezone
|-damage|p1a: Swagnezone|212\/325
|-unboost|p1a: Swagnezone|atk|1
|move|p1a: Swagnezone|Flash Cannon|p2a: Have Some Hazards
|-damage|p2a: Have Some Hazards|140\/318
|
|-heal|p2a: Have Some Hazards|159\/318|[from] item: Leftovers
|turn|9
|
|move|p2a: Have Some Hazards|Play Rough|p1a: Swagnezone
|-resisted|p1a: Swagnezone
|-damage|p1a: Swagnezone|174\/325
|move|p1a: Swagnezone|Flash Cannon|p2a: Have Some Hazards
|-damage|p2a: Have Some Hazards|0 fnt
|faint|p2a: Have Some Hazards
|
|
|switch|p2a: I Got Bars|Conkeldurr, F|375\/375
|-damage|p2a: I Got Bars|282\/375|[from] Spikes
|-damage|p2a: I Got Bars|259\/375|[from] Stealth Rock
|turn|10
|
|move|p1a: Swagnezone|Flash Cannon|p2a: I Got Bars
|-damage|p2a: I Got Bars|82\/375
|move|p2a: I Got Bars|Drain Punch|p1a: Swagnezone
|-supereffective|p1a: Swagnezone
|-damage|p1a: Swagnezone|0 fnt
|-heal|p2a: I Got Bars|169\/375|[from] drain|[of] p1a: Swagnezone
|faint|p1a: Swagnezone
|
|join|Pavlos23
|
|switch|p1a: Pikablue|Azumarill, M|404\/404
|-damage|p1a: Pikablue|354\/404|[from] Stealth Rock
|-damage|p1a: Pikablue|253\/404|[from] Spikes
|turn|11
|
|switch|p2a: LandoNeedsABath|Rotom-Wash|304\/304
|-damage|p2a: LandoNeedsABath|266\/304|[from] Stealth Rock
|move|p1a: Pikablue|Play Rough|p2a: LandoNeedsABath
|-damage|p2a: LandoNeedsABath|58\/304
|
|-heal|p2a: LandoNeedsABath|77\/304|[from] item: Leftovers
|turn|12
|c| Pavlos23|Ooooh!! Rain:)
|
|switch|p1a: Free hugs!|Ferrothorn, M|302\/352
|-damage|p1a: Free hugs!|214\/352|[from] Spikes
|-damage|p1a: Free hugs!|192\/352|[from] Stealth Rock
|move|p2a: LandoNeedsABath|Will-O-Wisp|p1a: Free hugs!
|-status|p1a: Free hugs!|brn
|
|-heal|p2a: LandoNeedsABath|96\/304|[from] item: Leftovers
|-heal|p1a: Free hugs!|214\/352 brn|[from] item: Leftovers
|-damage|p1a: Free hugs!|170\/352 brn|[from] brn
|turn|13
|c|★Ace-11|you like rain?
|
|move|p2a: LandoNeedsABath|Volt Switch|p1a: Free hugs!
|-resisted|p1a: Free hugs!
|-damage|p1a: Free hugs!|138\/352 brn
|
|switch|p2a: I Got Bars|Conkeldurr, F|169\/375
|-damage|p2a: I Got Bars|76\/375|[from] Spikes
|-damage|p2a: I Got Bars|53\/375|[from] Stealth Rock
|move|p1a: Free hugs!|Leech Seed|p2a: I Got Bars
|-start|p2a: I Got Bars|move: Leech Seed
|
|-heal|p1a: Free hugs!|160\/352 brn|[from] item: Leftovers
|-damage|p2a: I Got Bars|7\/375|[from] Leech Seed|[of] p1a: Free hugs!
|-heal|p1a: Free hugs!|206\/352 brn|[silent]
|-damage|p1a: Free hugs!|162\/352 brn|[from] brn
|turn|14
|
|move|p2a: I Got Bars|Drain Punch|p1a: Free hugs!
|-supereffective|p1a: Free hugs!
|-damage|p1a: Free hugs!|0 fnt
|-heal|p2a: I Got Bars|88\/375|[from] drain|[of] p1a: Free hugs!
|-damage|p2a: I Got Bars|42\/375|[from] ability: Iron Barbs|[of] p1a: Free hugs!
|faint|p1a: Free hugs!
|
|
|switch|p1a: Pikablue|Azumarill, M|253\/404
|-damage|p1a: Pikablue|152\/404|[from] Spikes
|-damage|p1a: Pikablue|102\/404|[from] Stealth Rock
|turn|15
|
|move|p1a: Pikablue|Aqua Jet|p2a: I Got Bars
|-damage|p2a: I Got Bars|0 fnt
|faint|p2a: I Got Bars
|
|
|switch|p2a: LandoNeedsABath|Rotom-Wash|96\/304
|-damage|p2a: LandoNeedsABath|58\/304|[from] Stealth Rock
|turn|16
|
|move|p1a: Pikablue|Aqua Jet|p2a: LandoNeedsABath
|-resisted|p2a: LandoNeedsABath
|-damage|p2a: LandoNeedsABath|16\/304
|move|p2a: LandoNeedsABath|Pain Split|p1a: Pikablue
|-sethp|p1a: Pikablue|59\/404|p2a: LandoNeedsABath|59\/304|[from] move: Pain Split
|
|-heal|p2a: LandoNeedsABath|78\/304|[from] item: Leftovers
|turn|17
|c|★Ace-11|doi dont like the hazards,i think u hate them too
|
|move|p1a: Pikablue|Aqua Jet|p2a: LandoNeedsABath
|-resisted|p2a: LandoNeedsABath
|-damage|p2a: LandoNeedsABath|36\/304
|move|p2a: LandoNeedsABath|Volt Switch|p1a: Pikablue
|-supereffective|p1a: Pikablue
|-damage|p1a: Pikablue|0 fnt
|faint|p1a: Pikablue
|
|switch|p2a: Bye Manectric|Landorus-Therian, M|335\/382
|-damage|p2a: Bye Manectric|288\/382|[from] Stealth Rock
|
|-heal|p2a: Bye Manectric|311\/382|[from] item: Leftovers
|
|switch|p1a: Frogger|Politoed, M, shiny|384\/384
|-damage|p1a: Frogger|336\/384|[from] Stealth Rock
|-damage|p1a: Frogger|240\/384|[from] Spikes
|-weather|RainDance
|turn|18
|
|move|p2a: Bye Manectric|Earthquake|p1a: Frogger
|-damage|p1a: Frogger|60\/384
|move|p1a: Frogger|Scald|p2a: Bye Manectric
|-supereffective|p2a: Bye Manectric
|-damage|p2a: Bye Manectric|15\/382
|-status|p2a: Bye Manectric|brn
|
|-weather|RainDance|[upkeep]
|-heal|p2a: Bye Manectric|38\/382 brn|[from] item: Leftovers
|-damage|p2a: Bye Manectric|0 fnt|[from] brn
|faint|p2a: Bye Manectric
|
|switch|p2a: Hello Japan|Tyranitar, M|371\/371
|-damage|p2a: Hello Japan|279\/371|[from] Spikes
|-damage|p2a: Hello Japan|233\/371|[from] Stealth Rock
|-weather|Sandstorm
|turn|19
|
|move|p2a: Hello Japan|Pursuit|p1a: Frogger
|-crit|p1a: Frogger
|-damage|p1a: Frogger|0 fnt
|faint|p1a: Frogger
|
|-weather|Sandstorm|[upkeep]
|
|switch|p1a: HavingFun?|Vaporeon, F|464\/464
|-damage|p1a: HavingFun?|406\/464|[from] Stealth Rock
|-damage|p1a: HavingFun?|290\/464|[from] Spikes
|turn|20
|
|switch|p2a: LandoNeedsABath|Rotom-Wash|36\/304
|-damage|p2a: LandoNeedsABath|0 fnt|[from] Stealth Rock
|faint|p2a: LandoNeedsABath
|move|p1a: HavingFun?|Scald|p2: LandoNeedsABath|[notarget]
|-notarget
|
|-weather|Sandstorm|[upkeep]
|-damage|p1a: HavingFun?|261\/464|[from] sandstorm
|-heal|p1a: HavingFun?|290\/464|[from] item: Leftovers
|
|switch|p2a: HURP!|Garchomp, F|357\/357
|-damage|p2a: HURP!|335\/357|[from] Stealth Rock
|-damage|p2a: HURP!|246\/357|[from] Spikes
|turn|21
|
|detailschange|p2a: HURP!|Garchomp-Mega, F
|message|Garchomp has Mega Evolved into Mega Garchomp!
|move|p2a: HURP!|Earthquake|p1a: HavingFun?
|-damage|p1a: HavingFun?|0 fnt
|faint|p1a: HavingFun?
|
|-weather|Sandstorm|[upkeep]
|
|switch|p1a: Aquarius|Kingdra, M, shiny|351\/351
|-damage|p1a: Aquarius|264\/351|[from] Spikes
|-damage|p1a: Aquarius|221\/351|[from] Stealth Rock
|turn|22
|
|move|p2a: HURP!|Draco Meteor|p1a: Aquarius
|-supereffective|p1a: Aquarius
|-damage|p1a: Aquarius|0 fnt
|-unboost|p2a: HURP!|spa|2
|faint|p1a: Aquarius
|
|win|WilexOnDatLadder
|raw|Ladder updating...
|raw|Ace-11's rating: 1484 &rarr; <strong>1466<\/strong><br \/>(-18 for losing)
|raw|WilexOnDatLadder's rating: 1504 &rarr; <strong>1523<\/strong><br \/>(+19 for winning)