|join|Ace-11
|join|CrimsonCaleb
|player|p1|Ace-11|218
|player|p2|CrimsonCaleb|267
|gametype|singles
|gen|6
|tier|OU
|rated
|clearpoke
|poke|p1|Skarmory, F
|poke|p1|Altaria, M
|poke|p1|Talonflame, M
|poke|p1|Greninja, F
|poke|p1|Latias, F
|poke|p1|Conkeldurr, F
|poke|p2|Talonflame, M, shiny
|poke|p2|Clefable, F, shiny
|poke|p2|Tyranitar, M, shiny
|poke|p2|Diggersby, M, shiny
|poke|p2|Greninja, F, shiny
|poke|p2|Venusaur, M, shiny
|rule|Swagger Clause: Swagger is banned
|rule|Baton Pass Clause: Limit one Pokémon knowing Baton Pass
|rule|Sleep Clause Mod: Limit one foe put to sleep
|rule|Species Clause: Limit one of each Pokémon
|rule|OHKO Clause: OHKO moves are banned
|rule|Moody Clause: Moody is banned
|rule|Evasion Moves Clause: Evasion moves are banned
|rule|Endless Battle Clause: Forcing endless battles is banned
|rule|HP Percentage Mod: HP is shown in percentages
|teampreview
|
|start
|switch|p1a: Talonflame|Talonflame, M|329\/329
|switch|p2a: Vulcan|Diggersby, M, shiny|311\/311
|turn|1
|
|move|p2a: Vulcan|Wild Charge|p1a: Talonflame
|-supereffective|p1a: Talonflame
|-damage|p1a: Talonflame|0 fnt
|-damage|p2a: Vulcan|229\/311|[from] recoil|[of] p1a: Talonflame
|faint|p1a: Talonflame
|
|
|switch|p1a: Skarmory|Skarmory, F|334\/334
|turn|2
|
|switch|p1a: Latias|Latias, F|360\/360
|move|p2a: Vulcan|Wild Charge|p1a: Latias
|-resisted|p1a: Latias
|-damage|p1a: Latias|290\/360
|-damage|p2a: Vulcan|211\/311|[from] recoil|[of] p1a: Latias
|
|-heal|p1a: Latias|312\/360|[from] item: Leftovers
|turn|3
|
|switch|p2a: Titianna|Clefable, F, shiny|394\/394
|move|p1a: Latias|Draco Meteor|p2a: Titianna
|-immune|p2a: Titianna|[msg]
|
|-heal|p1a: Latias|334\/360|[from] item: Leftovers
|turn|4
|
|switch|p1a: Skarmory|Skarmory, F|334\/334
|move|p2a: Titianna|Cosmic Power|p2a: Titianna
|-boost|p2a: Titianna|def|1
|-boost|p2a: Titianna|spd|1
|
|turn|5
|
|switch|p2a: Phoenix|Talonflame, M, shiny|298\/298
|move|p1a: Skarmory|Roar|p2a: Phoenix
|drag|p2a: Venusaur|Venusaur, M, shiny|364\/364
|
|turn|6
|
|detailschange|p2a: Venusaur|Venusaur-Mega, M, shiny
|message|Venusaur has Mega Evolved into Mega Venusaur!
|move|p2a: Venusaur|Sleep Powder|p1a: Skarmory|[miss]
|-miss|p2a: Venusaur|p1a: Skarmory
|move|p1a: Skarmory|Stealth Rock|p2a: Venusaur
|-sidestart|p2: CrimsonCaleb|move: Stealth Rock
|
|turn|7
|
|switch|p1a: Latias|Latias, F|334\/360
|move|p2a: Venusaur|Sleep Powder|p1a: Latias
|-status|p1a: Latias|slp
|
|-heal|p1a: Latias|356\/360 slp|[from] item: Leftovers
|turn|8
|
|switch|p1a: Greninja|Greninja, F|285\/285
|switch|p2a: Izanagi|Greninja, F, shiny|286\/286
|-damage|p2a: Izanagi|251\/286|[from] Stealth Rock
|
|turn|9
|
|move|p2a: Izanagi|Hidden Power|p1a: Greninja
|-start|p2a: Izanagi|typechange|Electric|[from] Protean
|-supereffective|p1a: Greninja
|-damage|p1a: Greninja|0 fnt
|faint|p1a: Greninja
|
|
|switch|p1a: Altaria|Altaria, M|350\/350
|turn|10
|
|switch|p2a: Venusaur|Venusaur-Mega, M, shiny|364\/364
|-damage|p2a: Venusaur|319\/364|[from] Stealth Rock
|detailschange|p1a: Altaria|Altaria-Mega, M
|message|Altaria has Mega Evolved into Mega Altaria!
|move|p1a: Altaria|Hyper Voice|p2a: Venusaur
|-resisted|p2a: Venusaur
|-damage|p2a: Venusaur|251\/364
|
|turn|11
|
|switch|p1a: Skarmory|Skarmory, F|334\/334
|move|p2a: Venusaur|Synthesis|p2a: Venusaur
|-heal|p2a: Venusaur|364\/364
|
|turn|12
|
|switch|p2a: Phoenix|Talonflame, M, shiny|298\/298
|-damage|p2a: Phoenix|149\/298|[from] Stealth Rock
|move|p1a: Skarmory|Brave Bird|p2a: Phoenix
|-damage|p2a: Phoenix|0 fnt
|-damage|p1a: Skarmory|285\/334|[from] recoil|[of] p2a: Phoenix
|faint|p2a: Phoenix
|
|-heal|p1a: Skarmory|305\/334|[from] item: Leftovers
|
|switch|p2a: Vulcan|Diggersby, M, shiny|211\/311
|-damage|p2a: Vulcan|192\/311|[from] Stealth Rock
|turn|13
|
|switch|p1a: Altaria|Altaria-Mega, M|350\/350
|move|p2a: Vulcan|U-turn|p1a: Altaria
|-resisted|p1a: Altaria
|-damage|p1a: Altaria|297\/350
|
|switch|p2a: Venusaur|Venusaur-Mega, M, shiny|364\/364
|-damage|p2a: Venusaur|319\/364|[from] Stealth Rock
|
|turn|14
|
|switch|p1a: Skarmory|Skarmory, F|305\/334
|move|p2a: Venusaur|Giga Drain|p1a: Skarmory
|-resisted|p1a: Skarmory
|-damage|p1a: Skarmory|258\/334
|-heal|p2a: Venusaur|343\/364|[from] drain|[of] p1a: Skarmory
|
|-heal|p1a: Skarmory|278\/334|[from] item: Leftovers
|turn|15
|
|switch|p2a: Chopper|Tyranitar, M, shiny|404\/404
|-damage|p2a: Chopper|354\/404|[from] Stealth Rock
|-weather|Sandstorm
|move|p1a: Skarmory|Brave Bird|p2a: Chopper
|-resisted|p2a: Chopper
|-damage|p2a: Chopper|300\/404
|-damage|p1a: Skarmory|260\/334|[from] recoil|[of] p2a: Chopper
|
|-weather|Sandstorm|[upkeep]
|-heal|p1a: Skarmory|280\/334|[from] item: Leftovers
|-heal|p2a: Chopper|325\/404|[from] item: Leftovers
|turn|16
|
|move|p2a: Chopper|Stealth Rock|p1a: Skarmory
|-sidestart|p1: Ace-11|move: Stealth Rock
|move|p1a: Skarmory|Roar|p2a: Chopper
|drag|p2a: Titianna|Clefable, F, shiny|394\/394
|
|-weather|Sandstorm|[upkeep]
|-heal|p1a: Skarmory|300\/334|[from] item: Leftovers
|turn|17
|
|switch|p2a: Vulcan|Diggersby, M, shiny|192\/311
|-damage|p2a: Vulcan|173\/311|[from] Stealth Rock
|move|p1a: Skarmory|Brave Bird|p2a: Vulcan
|-damage|p2a: Vulcan|35\/311
|-damage|p1a: Skarmory|254\/334|[from] recoil|[of] p2a: Vulcan
|
|-weather|Sandstorm|[upkeep]
|-heal|p1a: Skarmory|274\/334|[from] item: Leftovers
|turn|18
|
|switch|p1a: Latias|Latias, F|356\/360 slp
|-damage|p1a: Latias|311\/360 slp|[from] Stealth Rock
|move|p2a: Vulcan|Earthquake|p1a: Latias
|-immune|p1a: Latias|[msg]
|
|-weather|Sandstorm|[upkeep]
|-damage|p1a: Latias|289\/360 slp|[from] sandstorm
|-heal|p1a: Latias|311\/360 slp|[from] item: Leftovers
|turn|19
|
|switch|p2a: Chopper|Tyranitar, M, shiny|325\/404
|-damage|p2a: Chopper|275\/404|[from] Stealth Rock
|cant|p1a: Latias|slp
|
|-weather|none
|-heal|p1a: Latias|333\/360 slp|[from] item: Leftovers
|-heal|p2a: Chopper|300\/404|[from] item: Leftovers
|turn|20
|
|cant|p1a: Latias|slp
|move|p2a: Chopper|Foul Play|p1a: Latias
|-supereffective|p1a: Latias
|-damage|p1a: Latias|163\/360 slp
|
|-heal|p1a: Latias|185\/360 slp|[from] item: Leftovers
|-heal|p2a: Chopper|325\/404|[from] item: Leftovers
|turn|21
|
|-curestatus|p1a: Latias|slp
|move|p1a: Latias|Draco Meteor|p2a: Chopper
|-damage|p2a: Chopper|214\/404
|-unboost|p1a: Latias|spa|2
|move|p2a: Chopper|Foul Play|p1a: Latias
|-supereffective|p1a: Latias
|-damage|p1a: Latias|5\/360
|
|-heal|p1a: Latias|27\/360|[from] item: Leftovers
|-heal|p2a: Chopper|239\/404|[from] item: Leftovers
|turn|22
|
|move|p1a: Latias|Recover|p1a: Latias
|-heal|p1a: Latias|207\/360
|move|p2a: Chopper|Foul Play|p1a: Latias
|-supereffective|p1a: Latias
|-damage|p1a: Latias|21\/360
|
|-heal|p1a: Latias|43\/360|[from] item: Leftovers
|-heal|p2a: Chopper|264\/404|[from] item: Leftovers
|turn|23
|
|move|p1a: Latias|Recover|p1a: Latias
|-heal|p1a: Latias|223\/360
|move|p2a: Chopper|Foul Play|p1a: Latias
|-supereffective|p1a: Latias
|-damage|p1a: Latias|31\/360
|
|-heal|p1a: Latias|53\/360|[from] item: Leftovers
|-heal|p2a: Chopper|289\/404|[from] item: Leftovers
|turn|24
|
|move|p1a: Latias|Recover|p1a: Latias
|-heal|p1a: Latias|233\/360
|move|p2a: Chopper|Stone Edge|p1a: Latias|[miss]
|-miss|p2a: Chopper|p1a: Latias
|
|-heal|p1a: Latias|255\/360|[from] item: Leftovers
|-heal|p2a: Chopper|314\/404|[from] item: Leftovers
|turn|25
|
|switch|p1a: Conkeldurr|Conkeldurr, F|414\/414
|-damage|p1a: Conkeldurr|389\/414|[from] Stealth Rock
|move|p2a: Chopper|Foul Play|p1a: Conkeldurr
|-resisted|p1a: Conkeldurr
|-damage|p1a: Conkeldurr|284\/414
|
|-heal|p2a: Chopper|339\/404|[from] item: Leftovers
|turn|26
|
|switch|p2a: Titianna|Clefable, F, shiny|394\/394
|move|p1a: Conkeldurr|Knock Off|p2a: Titianna
|-resisted|p2a: Titianna
|-damage|p2a: Titianna|312\/394
|-enditem|p2a: Titianna|Leftovers|[from] move: Knock Off|[of] p1a: Conkeldurr
|
|turn|27
|
|switch|p1a: Skarmory|Skarmory, F|274\/334
|-damage|p1a: Skarmory|233\/334|[from] Stealth Rock
|move|p2a: Titianna|Moonblast|p1a: Skarmory
|-resisted|p1a: Skarmory
|-damage|p1a: Skarmory|163\/334
|
|-heal|p1a: Skarmory|183\/334|[from] item: Leftovers
|turn|28
|
|switch|p2a: Chopper|Tyranitar, M, shiny|339\/404
|-damage|p2a: Chopper|289\/404|[from] Stealth Rock
|-weather|Sandstorm
|move|p1a: Skarmory|Roost|p1a: Skarmory
|-heal|p1a: Skarmory|334\/334
|
|-weather|Sandstorm|[upkeep]
|-heal|p2a: Chopper|314\/404|[from] item: Leftovers
|turn|29
|
|move|p1a: Skarmory|Brave Bird|p2a: Chopper
|-resisted|p2a: Chopper
|-damage|p2a: Chopper|262\/404
|-damage|p1a: Skarmory|317\/334|[from] recoil|[of] p2a: Chopper
|move|p2a: Chopper|Stone Edge|p1a: Skarmory
|-damage|p1a: Skarmory|233\/334
|
|-weather|Sandstorm|[upkeep]
|-heal|p1a: Skarmory|253\/334|[from] item: Leftovers
|-heal|p2a: Chopper|287\/404|[from] item: Leftovers
|turn|30
|
|switch|p1a: Conkeldurr|Conkeldurr, F|284\/414
|-damage|p1a: Conkeldurr|259\/414|[from] Stealth Rock
|move|p2a: Chopper|Foul Play|p1a: Conkeldurr
|-resisted|p1a: Conkeldurr
|-damage|p1a: Conkeldurr|157\/414
|
|-weather|Sandstorm|[upkeep]
|-damage|p1a: Conkeldurr|132\/414|[from] sandstorm
|-heal|p2a: Chopper|312\/404|[from] item: Leftovers
|turn|31
|
|switch|p2a: Venusaur|Venusaur-Mega, M, shiny|343\/364
|-damage|p2a: Venusaur|298\/364|[from] Stealth Rock
|move|p1a: Conkeldurr|Drain Punch|p2a: Venusaur
|-resisted|p2a: Venusaur
|-damage|p2a: Venusaur|237\/364
|-heal|p1a: Conkeldurr|163\/414|[from] drain|[of] p2a: Venusaur
|
|-weather|Sandstorm|[upkeep]
|-damage|p2a: Venusaur|215\/364|[from] sandstorm
|-damage|p1a: Conkeldurr|138\/414|[from] sandstorm
|turn|32
|
|move|p2a: Venusaur|Synthesis|p2a: Venusaur
|-heal|p2a: Venusaur|306\/364
|move|p1a: Conkeldurr|Knock Off|p2a: Venusaur
|-damage|p2a: Venusaur|225\/364
|
|-weather|none
|turn|33
|
|switch|p1a: Latias|Latias, F|255\/360
|-damage|p1a: Latias|210\/360|[from] Stealth Rock
|move|p2a: Venusaur|Giga Drain|p1a: Latias
|-resisted|p1a: Latias
|-damage|p1a: Latias|153\/360
|-heal|p2a: Venusaur|254\/364|[from] drain|[of] p1a: Latias
|
|-heal|p1a: Latias|175\/360|[from] item: Leftovers
|turn|34
|
|move|p1a: Latias|Psyshock|p2a: Venusaur
|-supereffective|p2a: Venusaur
|-damage|p2a: Venusaur|74\/364
|move|p2a: Venusaur|Sleep Powder|p1a: Latias|[miss]
|-miss|p2a: Venusaur|p1a: Latias
|
|-heal|p1a: Latias|197\/360|[from] item: Leftovers
|turn|35
|
|switch|p2a: Vulcan|Diggersby, M, shiny|35\/311
|-damage|p2a: Vulcan|16\/311|[from] Stealth Rock
|move|p1a: Latias|Psyshock|p2a: Vulcan
|-damage|p2a: Vulcan|0 fnt
|faint|p2a: Vulcan
|
|-heal|p1a: Latias|219\/360|[from] item: Leftovers
|
|switch|p2a: Izanagi|Greninja, F, shiny|251\/286
|-damage|p2a: Izanagi|216\/286|[from] Stealth Rock
|turn|36
|
|move|p2a: Izanagi|Ice Beam|p1a: Latias
|-start|p2a: Izanagi|typechange|Ice|[from] Protean
|-supereffective|p1a: Latias
|-damage|p1a: Latias|0 fnt
|faint|p1a: Latias
|
|
|switch|p1a: Conkeldurr|Conkeldurr, F|138\/414
|-damage|p1a: Conkeldurr|113\/414|[from] Stealth Rock
|turn|37
|
|switch|p2a: Titianna|Clefable, F, shiny|312\/394
|move|p1a: Conkeldurr|Mach Punch|p2a: Titianna
|-resisted|p2a: Titianna
|-damage|p2a: Titianna|258\/394
|
|turn|38
|
|switch|p1a: Skarmory|Skarmory, F|253\/334
|-damage|p1a: Skarmory|212\/334|[from] Stealth Rock
|move|p2a: Titianna|Soft-Boiled|p2a: Titianna
|-heal|p2a: Titianna|394\/394
|
|-heal|p1a: Skarmory|232\/334|[from] item: Leftovers
|turn|39
|
|switch|p2a: Chopper|Tyranitar, M, shiny|312\/404
|-damage|p2a: Chopper|262\/404|[from] Stealth Rock
|-weather|Sandstorm
|move|p1a: Skarmory|Brave Bird|p2a: Chopper
|-resisted|p2a: Chopper
|-damage|p2a: Chopper|207\/404
|-damage|p1a: Skarmory|214\/334|[from] recoil|[of] p2a: Chopper
|
|-weather|Sandstorm|[upkeep]
|-heal|p1a: Skarmory|234\/334|[from] item: Leftovers
|-heal|p2a: Chopper|232\/404|[from] item: Leftovers
|turn|40
|
|move|p1a: Skarmory|Brave Bird|p2a: Chopper
|-resisted|p2a: Chopper
|-damage|p2a: Chopper|174\/404
|-damage|p1a: Skarmory|215\/334|[from] recoil|[of] p2a: Chopper
|move|p2a: Chopper|Foul Play|p1a: Skarmory
|-damage|p1a: Skarmory|160\/334
|
|-weather|Sandstorm|[upkeep]
|-heal|p1a: Skarmory|180\/334|[from] item: Leftovers
|-heal|p2a: Chopper|199\/404|[from] item: Leftovers
|turn|41
|
|move|p1a: Skarmory|Roost|p1a: Skarmory
|-heal|p1a: Skarmory|334\/334
|move|p2a: Chopper|Roar|p1a: Skarmory
|drag|p1a: Altaria|Altaria-Mega, M|297\/350
|-damage|p1a: Altaria|254\/350|[from] Stealth Rock
|
|-weather|Sandstorm|[upkeep]
|-damage|p1a: Altaria|233\/350|[from] sandstorm
|-heal|p2a: Chopper|224\/404|[from] item: Leftovers
|turn|42
|
|move|p1a: Altaria|Roost|p1a: Altaria
|-heal|p1a: Altaria|350\/350
|move|p2a: Chopper|Roar|p1a: Altaria
|drag|p1a: Skarmory|Skarmory, F|334\/334
|-damage|p1a: Skarmory|293\/334|[from] Stealth Rock
|
|-weather|Sandstorm|[upkeep]
|-heal|p1a: Skarmory|313\/334|[from] item: Leftovers
|-heal|p2a: Chopper|249\/404|[from] item: Leftovers
|turn|43
|
|move|p1a: Skarmory|Brave Bird|p2a: Chopper
|-resisted|p2a: Chopper
|-damage|p2a: Chopper|196\/404
|-damage|p1a: Skarmory|296\/334|[from] recoil|[of] p2a: Chopper
|move|p2a: Chopper|Stone Edge|p1a: Skarmory|[miss]
|-miss|p2a: Chopper|p1a: Skarmory
|
|-weather|none
|-heal|p1a: Skarmory|316\/334|[from] item: Leftovers
|-heal|p2a: Chopper|221\/404|[from] item: Leftovers
|turn|44
|
|move|p1a: Skarmory|Brave Bird|p2a: Chopper
|-resisted|p2a: Chopper
|-damage|p2a: Chopper|164\/404
|-damage|p1a: Skarmory|297\/334|[from] recoil|[of] p2a: Chopper
|move|p2a: Chopper|Roar|p1a: Skarmory
|drag|p1a: Altaria|Altaria-Mega, M|350\/350
|-damage|p1a: Altaria|307\/350|[from] Stealth Rock
|
|-heal|p2a: Chopper|189\/404|[from] item: Leftovers
|turn|45
|
|move|p1a: Altaria|Hyper Voice|p2a: Chopper
|-supereffective|p2a: Chopper
|-damage|p2a: Chopper|0 fnt
|faint|p2a: Chopper
|
|
|switch|p2a: Izanagi|Greninja, F, shiny|216\/286
|-damage|p2a: Izanagi|181\/286|[from] Stealth Rock
|turn|46
|
|move|p2a: Izanagi|Ice Beam|p1a: Altaria
|-start|p2a: Izanagi|typechange|Ice|[from] Protean
|-supereffective|p1a: Altaria
|-damage|p1a: Altaria|35\/350
|-status|p1a: Altaria|frz
|cant|p1a: Altaria|frz
|
|turn|47
|c|★Ace-11|fuck you!
|
|move|p2a: Izanagi|Ice Beam|p1a: Altaria
|-supereffective|p1a: Altaria
|-damage|p1a: Altaria|0 fnt
|faint|p1a: Altaria
|
|c|★Ace-11|i keep losing to noobs cuz of this shit
|
|switch|p1a: Conkeldurr|Conkeldurr, F|113\/414
|-damage|p1a: Conkeldurr|88\/414|[from] Stealth Rock
|turn|48
|
|switch|p2a: Titianna|Clefable, F, shiny|394\/394
|move|p1a: Conkeldurr|Mach Punch|p2a: Titianna
|-resisted|p2a: Titianna
|-damage|p2a: Titianna|340\/394
|
|turn|49
|
|switch|p1a: Skarmory|Skarmory, F|297\/334
|-damage|p1a: Skarmory|256\/334|[from] Stealth Rock
|move|p2a: Titianna|Moonblast|p1a: Skarmory
|-resisted|p1a: Skarmory
|-damage|p1a: Skarmory|190\/334
|
|-heal|p1a: Skarmory|210\/334|[from] item: Leftovers
|turn|50
|
|switch|p2a: Venusaur|Venusaur-Mega, M, shiny|74\/364
|-damage|p2a: Venusaur|29\/364|[from] Stealth Rock
|move|p1a: Skarmory|Roost|p1a: Skarmory
|-heal|p1a: Skarmory|334\/334
|
|turn|51
|
|move|p2a: Venusaur|Sleep Powder|p1a: Skarmory
|-status|p1a: Skarmory|slp
|cant|p1a: Skarmory|slp
|
|turn|52
|
|move|p2a: Venusaur|Synthesis|p2a: Venusaur
|-heal|p2a: Venusaur|211\/364
|cant|p1a: Skarmory|slp
|
|turn|53
|
|move|p2a: Venusaur|Synthesis|p2a: Venusaur
|-heal|p2a: Venusaur|364\/364
|cant|p1a: Skarmory|slp
|
|turn|54
|
|move|p2a: Venusaur|Giga Drain|p1a: Skarmory
|-resisted|p1a: Skarmory
|-damage|p1a: Skarmory|289\/334 slp
|-curestatus|p1a: Skarmory|slp
|move|p1a: Skarmory|Brave Bird|p2a: Venusaur
|-supereffective|p2a: Venusaur
|-damage|p2a: Venusaur|154\/364
|-damage|p1a: Skarmory|220\/334|[from] recoil|[of] p2a: Venusaur
|
|-heal|p1a: Skarmory|240\/334|[from] item: Leftovers
|turn|55
|
|move|p2a: Venusaur|Synthesis|p2a: Venusaur
|-heal|p2a: Venusaur|336\/364
|move|p1a: Skarmory|Roost|p1a: Skarmory
|-heal|p1a: Skarmory|334\/334
|
|turn|56
|
|move|p2a: Venusaur|Sleep Powder|p1a: Skarmory
|-status|p1a: Skarmory|slp
|cant|p1a: Skarmory|slp
|
|turn|57
|
|switch|p2a: Izanagi|Greninja, F, shiny|181\/286
|-damage|p2a: Izanagi|146\/286|[from] Stealth Rock
|cant|p1a: Skarmory|slp
|
|turn|58
|
|move|p2a: Izanagi|Ice Beam|p1a: Skarmory
|-start|p2a: Izanagi|typechange|Ice|[from] Protean
|-crit|p1a: Skarmory
|-activate|p1a: Skarmory|Sturdy
|-damage|p1a: Skarmory|1\/334 slp
|-curestatus|p1a: Skarmory|slp
|move|p1a: Skarmory|Brave Bird|p2a: Izanagi
|-damage|p2a: Izanagi|0 fnt
|-damage|p1a: Skarmory|0 fnt|[from] recoil|[of] p2a: Izanagi
|faint|p2a: Izanagi
|faint|p1a: Skarmory
|
|c|★Ace-11|see?crit
|c|★Ace-11|i could still win
|
|switch|p2a: Venusaur|Venusaur-Mega, M, shiny|336\/364
|switch|p1a: Conkeldurr|Conkeldurr, F|88\/414
|-damage|p2a: Venusaur|291\/364|[from] Stealth Rock
|-damage|p1a: Conkeldurr|63\/414|[from] Stealth Rock
|turn|59
|c|★Ace-11|fucking noob
|c|★CrimsonCaleb|Someone's mad lol
|
|move|p2a: Venusaur|Giga Drain|p1a: Conkeldurr
|-damage|p1a: Conkeldurr|0 fnt
|-heal|p2a: Venusaur|323\/364|[from] drain|[of] p1a: Conkeldurr
|faint|p1a: Conkeldurr
|
|win|CrimsonCaleb
|raw|Ladder updating...
|c|★Ace-11|u should be
|raw|Ace-11's rating: 1346 &rarr; <strong>1321<\/strong><br \/>(-25 for losing)
|raw|CrimsonCaleb's rating: 1271 &rarr; <strong>1301<\/strong><br \/>(+30 for winning)
|c|★Ace-11|can i get some hax?