|join|don't use mega
|join|Patodragon.v2
|player|p1|don't use mega|101
|player|p2|Patodragon.v2|101
|gametype|singles
|gen|6
|tier|OU
|rated
|clearpoke
|poke|p1|Clefable, M
|poke|p1|Chansey, F
|poke|p1|Slowbro, F
|poke|p1|Zapdos
|poke|p1|Tyranitar, M
|poke|p1|Amoonguss, F
|poke|p2|Lopunny, F
|poke|p2|Skarmory, F
|poke|p2|Breloom, M
|poke|p2|Azumarill, M
|poke|p2|Bisharp, F
|poke|p2|Gengar, M
|rule|Swagger Clause: Swagger is banned
|rule|Baton Pass Clause: Limit one Pokémon knowing Baton Pass
|rule|Sleep Clause Mod: Limit one foe put to sleep
|rule|Species Clause: Limit one of each Pokémon
|rule|OHKO Clause: OHKO moves are banned
|rule|Moody Clause: Moody is banned
|rule|Evasion Moves Clause: Evasion moves are banned
|rule|Endless Battle Clause: Forcing endless battles is banned
|rule|HP Percentage Mod: HP is shown in percentages
|teampreview
|c|★Patodragon.v2|booooooo
|
|start
|switch|p1a: Zapdos|Zapdos|384\/384
|switch|p2a: Skarmory|Skarmory, F|271\/271
|-ability|p1a: Zapdos|Pressure
|turn|1
|c|★Patodragon.v2|stall
|
|move|p2a: Skarmory|Stealth Rock|p1a: Zapdos
|-sidestart|p1: don't use mega|move: Stealth Rock
|move|p1a: Zapdos|Volt Switch|p2a: Skarmory
|-supereffective|p2a: Skarmory
|-activate|p2a: Skarmory|Sturdy
|-damage|p2a: Skarmory|1\/271
|
|switch|p1a: Tyranitar|Tyranitar, M|342\/342
|-enditem|p2a: Skarmory|Salac Berry|[eat]
|-boost|p2a: Skarmory|spe|1|[from] item: Salac Berry
|-damage|p1a: Tyranitar|300\/342|[from] Stealth Rock
|-weather|Sandstorm
|
|-weather|Sandstorm|[upkeep]
|turn|2
|
|move|p2a: Skarmory|Spikes|p1a: Tyranitar
|-sidestart|p1: don't use mega|Spikes
|move|p1a: Tyranitar|Pursuit|p2a: Skarmory
|-damage|p2a: Skarmory|0 fnt
|faint|p2a: Skarmory
|
|-weather|Sandstorm|[upkeep]
|
|switch|p2a: Azumarill|Azumarill, M|358\/358
|turn|3
|
|switch|p1a: Zapdos|Zapdos|384\/384
|-damage|p1a: Zapdos|288\/384|[from] Stealth Rock
|-ability|p1a: Zapdos|Pressure
|move|p2a: Azumarill|Belly Drum|p2a: Azumarill
|-damage|p2a: Azumarill|179\/358
|-setboost|p2a: Azumarill|atk|6|[from] move: Belly Drum
|-enditem|p2a: Azumarill|Sitrus Berry|[eat]
|-heal|p2a: Azumarill|268\/358|[from] item: Sitrus Berry
|
|-weather|Sandstorm|[upkeep]
|-damage|p1a: Zapdos|264\/384|[from] sandstorm
|-damage|p2a: Azumarill|246\/358|[from] sandstorm
|-heal|p1a: Zapdos|288\/384|[from] item: Leftovers
|turn|4
|
|move|p2a: Azumarill|Aqua Jet|p1a: Zapdos
|-damage|p1a: Zapdos|0 fnt
|faint|p1a: Zapdos
|
|-weather|Sandstorm|[upkeep]
|-damage|p2a: Azumarill|224\/358|[from] sandstorm
|
|switch|p1a: Clefable|Clefable, M|392\/392
|turn|5
|
|move|p2a: Azumarill|Play Rough|p1a: Clefable
|-damage|p1a: Clefable|0 fnt
|faint|p1a: Clefable
|
|-weather|none
|
|switch|p1a: Amoonguss|Amoonguss, F|430\/430
|-damage|p1a: Amoonguss|377\/430|[from] Stealth Rock
|-damage|p1a: Amoonguss|324\/430|[from] Spikes
|turn|6
|
|move|p2a: Azumarill|Knock Off|p1a: Amoonguss
|-damage|p1a: Amoonguss|0 fnt
|-enditem|p1a: Amoonguss|Black Sludge|[from] move: Knock Off|[of] p2a: Azumarill
|faint|p1a: Amoonguss
|
|c|★Patodragon.v2|you're really belly azu weak
|c|★Patodragon.v2|Zapdos can't survive after rocks+sand
|
|switch|p1a: Slowbro|Slowbro, F|390\/390
|-damage|p1a: Slowbro|342\/390|[from] Stealth Rock
|-damage|p1a: Slowbro|294\/390|[from] Spikes
|turn|7
|c|★Patodragon.v2|thought you were unaware clef
|
|move|p2a: Azumarill|Knock Off|p1a: Slowbro
|-supereffective|p1a: Slowbro
|-damage|p1a: Slowbro|0 fnt
|-enditem|p1a: Slowbro|Lagging Tail|[from] move: Knock Off|[of] p2a: Azumarill
|faint|p1a: Slowbro
|
|
|switch|p1a: Tyranitar|Tyranitar, M|300\/342
|-damage|p1a: Tyranitar|258\/342|[from] Stealth Rock
|-damage|p1a: Tyranitar|216\/342|[from] Spikes
|-weather|Sandstorm
|turn|8
|
|move|p2a: Azumarill|Aqua Jet|p1a: Tyranitar
|-supereffective|p1a: Tyranitar
|-damage|p1a: Tyranitar|0 fnt
|faint|p1a: Tyranitar
|
|-weather|Sandstorm|[upkeep]
|-damage|p2a: Azumarill|202\/358|[from] sandstorm
|
|switch|p1a: Chansey|Chansey, F|670\/670
|-damage|p1a: Chansey|587\/670|[from] Spikes
|-damage|p1a: Chansey|504\/670|[from] Stealth Rock
|turn|9
|
|move|p2a: Azumarill|Knock Off|p1a: Chansey
|-damage|p1a: Chansey|0 fnt
|-enditem|p1a: Chansey|Eviolite|[from] move: Knock Off|[of] p2a: Azumarill
|faint|p1a: Chansey
|
|win|Patodragon.v2
|raw|Ladder updating...
|raw|don&apos;t use mega's rating: 1691 &rarr; <strong>1673<\/strong><br \/>(-18 for losing)
|raw|Patodragon.v2's rating: 1718 &rarr; <strong>1736<\/strong><br \/>(+18 for winning)
|leave|don't use mega
|player|p1