|join|The Phantom Tele
|join|don't use mega
|player|p1|The Phantom Tele|166
|player|p2|don't use mega|101
|gametype|singles
|gen|6
|tier|OU
|rated
|clearpoke
|poke|p1|Slowbro, M
|poke|p1|Tornadus-Therian, M
|poke|p1|Altaria, M
|poke|p1|Heatran, F
|poke|p1|Keldeo
|poke|p1|Latios, M
|poke|p2|Tyranitar, F
|poke|p2|Gliscor, M
|poke|p2|Chansey, F
|poke|p2|Slowbro, F
|poke|p2|Quagsire, F
|poke|p2|Mandibuzz, F
|rule|Swagger Clause: Swagger is banned
|rule|Baton Pass Clause: Limit one Pokémon knowing Baton Pass
|rule|Sleep Clause Mod: Limit one foe put to sleep
|rule|Species Clause: Limit one of each Pokémon
|rule|OHKO Clause: OHKO moves are banned
|rule|Moody Clause: Moody is banned
|rule|Evasion Moves Clause: Evasion moves are banned
|rule|Endless Battle Clause: Forcing endless battles is banned
|rule|HP Percentage Mod: HP is shown in percentages
|teampreview
|
|start
|switch|p1a: Keldeo|Keldeo|323\/323
|switch|p2a: Slowbro|Slowbro, F|390\/390
|turn|1
|
|switch|p1a: Altaria|Altaria, M|354\/354
|move|p2a: Slowbro|Substitute|p2a: Slowbro
|-start|p2a: Slowbro|Substitute
|-damage|p2a: Slowbro|293\/390
|
|-heal|p2a: Slowbro|317\/390|[from] item: Leftovers
|turn|2
|
|detailschange|p1a: Altaria|Altaria-Mega, M
|-mega|p1a: Altaria|Altaria|Altarianite
|move|p1a: Altaria|Hyper Voice|p2a: Slowbro
|-damage|p2a: Slowbro|124\/390
|move|p2a: Slowbro|Scald|p1a: Altaria
|-resisted|p1a: Altaria
|-damage|p1a: Altaria|316\/354
|
|-heal|p2a: Slowbro|148\/390|[from] item: Leftovers
|turn|3
|
|switch|p2a: Chansey|Chansey, F|682\/682
|move|p1a: Altaria|Hyper Voice|p2a: Chansey
|-damage|p2a: Chansey|588\/682
|
|turn|4
|
|switch|p1a: Heatran|Heatran, F|386\/386
|switch|p2a: Gliscor|Gliscor, M|350\/350
|
|-status|p2a: Gliscor|tox|[from] item: Toxic Orb
|turn|5
|
|switch|p1a: Tornadus-Therian|Tornadus-Therian, M|332\/332
|move|p2a: Gliscor|Knock Off|p1a: Tornadus-Therian
|-damage|p1a: Tornadus-Therian|242\/332
|-enditem|p1a: Tornadus-Therian|Assault Vest|[from] move: Knock Off|[of] p2a: Gliscor
|
|turn|6
|
|move|p1a: Tornadus-Therian|Knock Off|p2a: Gliscor
|-crit|p2a: Gliscor
|-damage|p2a: Gliscor|260\/350 tox
|-enditem|p2a: Gliscor|Toxic Orb|[from] move: Knock Off|[of] p1a: Tornadus-Therian
|move|p2a: Gliscor|Taunt|p1a: Tornadus-Therian
|-start|p1a: Tornadus-Therian|move: Taunt
|
|-heal|p2a: Gliscor|303\/350 tox|[from] ability: Poison Heal
|turn|7
|
|move|p1a: Tornadus-Therian|U-turn|p2a: Gliscor
|-resisted|p2a: Gliscor
|-damage|p2a: Gliscor|282\/350 tox
|
|switch|p1a: Slowbro|Slowbro, M|394\/394
|move|p2a: Gliscor|Roost|p2a: Gliscor
|-heal|p2a: Gliscor|350\/350 tox
|
|turn|8
|
|move|p2a: Gliscor|Knock Off|p1a: Slowbro
|-supereffective|p1a: Slowbro
|-damage|p1a: Slowbro|302\/394
|-enditem|p1a: Slowbro|Leftovers|[from] move: Knock Off|[of] p2a: Gliscor
|move|p1a: Slowbro|Scald|p2a: Gliscor
|-supereffective|p2a: Gliscor
|-damage|p2a: Gliscor|168\/350 tox
|
|-heal|p2a: Gliscor|211\/350 tox|[from] ability: Poison Heal
|turn|9
|
|switch|p2a: Chansey|Chansey, F|588\/682
|switch|p1a: Keldeo|Keldeo|323\/323
|
|turn|10
|
|switch|p2a: Slowbro|Slowbro, F|278\/390
|move|p1a: Keldeo|Calm Mind|p1a: Keldeo
|-boost|p1a: Keldeo|spa|1
|-boost|p1a: Keldeo|spd|1
|
|-heal|p2a: Slowbro|302\/390|[from] item: Leftovers
|turn|11
|
|move|p1a: Keldeo|Substitute|p1a: Keldeo
|-start|p1a: Keldeo|Substitute
|-damage|p1a: Keldeo|243\/323
|move|p2a: Slowbro|Psyshock|p1a: Keldeo
|-supereffective|p1a: Keldeo
|-end|p1a: Keldeo|Substitute
|
|-heal|p1a: Keldeo|263\/323|[from] item: Leftovers
|-heal|p2a: Slowbro|326\/390|[from] item: Leftovers
|turn|12
|
|switch|p1a: Heatran|Heatran, F|386\/386
|move|p2a: Slowbro|Psyshock|p1a: Heatran
|-resisted|p1a: Heatran
|-damage|p1a: Heatran|338\/386
|
|-heal|p1a: Heatran|362\/386|[from] item: Leftovers
|-heal|p2a: Slowbro|350\/390|[from] item: Leftovers
|turn|13
|
|switch|p2a: Chansey|Chansey, F|588\/682
|move|p1a: Heatran|Stealth Rock|p2a: Chansey
|-sidestart|p2: don't use mega|move: Stealth Rock
|
|-heal|p1a: Heatran|386\/386|[from] item: Leftovers
|turn|14
|
|move|p1a: Heatran|Taunt|p2a: Chansey
|-start|p2a: Chansey|move: Taunt
|cant|p2a: Chansey|move: Taunt|Stealth Rock
|
|turn|15
|
|move|p1a: Heatran|Toxic|p2a: Chansey
|-status|p2a: Chansey|tox
|move|p2a: Chansey|Seismic Toss|p1a: Heatran
|-damage|p1a: Heatran|286\/386
|
|-heal|p1a: Heatran|310\/386|[from] item: Leftovers
|-damage|p2a: Chansey|546\/682 tox|[from] psn
|turn|16
|
|switch|p2a: Gliscor|Gliscor, M|211\/350 tox
|-damage|p2a: Gliscor|168\/350 tox|[from] Stealth Rock
|move|p1a: Heatran|Lava Plume|p2a: Gliscor
|-damage|p2a: Gliscor|50\/350 tox
|
|-heal|p1a: Heatran|334\/386|[from] item: Leftovers
|-heal|p2a: Gliscor|93\/350 tox|[from] ability: Poison Heal
|turn|17
|
|switch|p1a: Keldeo|Keldeo|263\/323
|move|p2a: Gliscor|Roost|p2a: Gliscor
|-heal|p2a: Gliscor|268\/350 tox
|
|-heal|p1a: Keldeo|283\/323|[from] item: Leftovers
|-heal|p2a: Gliscor|311\/350 tox|[from] ability: Poison Heal
|turn|18
|
|switch|p2a: Slowbro|Slowbro, F|390\/390
|-damage|p2a: Slowbro|342\/390|[from] Stealth Rock
|move|p1a: Keldeo|Scald|p2a: Slowbro
|-resisted|p2a: Slowbro
|-damage|p2a: Slowbro|261\/390
|
|-heal|p1a: Keldeo|303\/323|[from] item: Leftovers
|-heal|p2a: Slowbro|285\/390|[from] item: Leftovers
|turn|19
|
|switch|p1a: Tornadus-Therian|Tornadus-Therian, M|332\/332
|move|p2a: Slowbro|Substitute|p2a: Slowbro
|-start|p2a: Slowbro|Substitute
|-damage|p2a: Slowbro|188\/390
|
|-heal|p2a: Slowbro|212\/390|[from] item: Leftovers
|turn|20
|
|move|p1a: Tornadus-Therian|Knock Off|p2a: Slowbro
|-supereffective|p2a: Slowbro
|-end|p2a: Slowbro|Substitute
|move|p2a: Slowbro|Scald|p1a: Tornadus-Therian
|-damage|p1a: Tornadus-Therian|226\/332
|
|-heal|p2a: Slowbro|236\/390|[from] item: Leftovers
|turn|21
|
|switch|p2a: Mandibuzz|Mandibuzz, F|420\/420
|-damage|p2a: Mandibuzz|315\/420|[from] Stealth Rock
|move|p1a: Tornadus-Therian|Hurricane|p2a: Mandibuzz
|-damage|p2a: Mandibuzz|138\/420
|
|turn|22
|
|switch|p2a: Tyranitar|Tyranitar, F|342\/342
|-damage|p2a: Tyranitar|300\/342|[from] Stealth Rock
|-weather|Sandstorm
|move|p1a: Tornadus-Therian|Hurricane|p2a: Tyranitar
|-resisted|p2a: Tyranitar
|-damage|p2a: Tyranitar|244\/342
|
|-weather|Sandstorm|[upkeep]
|-damage|p1a: Tornadus-Therian|206\/332|[from] sandstorm
|turn|23
|
|switch|p2a: Gliscor|Gliscor, M|311\/350 tox
|-damage|p2a: Gliscor|268\/350 tox|[from] Stealth Rock
|move|p1a: Tornadus-Therian|U-turn|p2a: Gliscor
|-resisted|p2a: Gliscor
|-damage|p2a: Gliscor|248\/350 tox
|
|switch|p1a: Keldeo|Keldeo|303\/323
|
|-weather|Sandstorm|[upkeep]
|-damage|p1a: Keldeo|283\/323|[from] sandstorm
|-heal|p1a: Keldeo|303\/323|[from] item: Leftovers
|-heal|p2a: Gliscor|291\/350 tox|[from] ability: Poison Heal
|turn|24
|
|switch|p2a: Slowbro|Slowbro, F|366\/390
|-damage|p2a: Slowbro|318\/390|[from] Stealth Rock
|move|p1a: Keldeo|Scald|p2a: Slowbro
|-crit|p2a: Slowbro
|-resisted|p2a: Slowbro
|-damage|p2a: Slowbro|193\/390
|-status|p2a: Slowbro|brn
|
|-weather|Sandstorm|[upkeep]
|-damage|p1a: Keldeo|283\/323|[from] sandstorm
|-damage|p2a: Slowbro|169\/390 brn|[from] sandstorm
|-heal|p1a: Keldeo|303\/323|[from] item: Leftovers
|-heal|p2a: Slowbro|193\/390 brn|[from] item: Leftovers
|-damage|p2a: Slowbro|145\/390 brn|[from] brn
|turn|25
|
|move|p1a: Keldeo|Substitute|p1a: Keldeo
|-start|p1a: Keldeo|Substitute
|-damage|p1a: Keldeo|223\/323
|move|p2a: Slowbro|Slack Off|p2a: Slowbro
|-heal|p2a: Slowbro|340\/390 brn
|
|-weather|Sandstorm|[upkeep]
|-damage|p1a: Keldeo|203\/323|[from] sandstorm
|-damage|p2a: Slowbro|316\/390 brn|[from] sandstorm
|-heal|p1a: Keldeo|223\/323|[from] item: Leftovers
|-heal|p2a: Slowbro|340\/390 brn|[from] item: Leftovers
|-damage|p2a: Slowbro|292\/390 brn|[from] brn
|turn|26
|
|move|p1a: Keldeo|Scald|p2a: Slowbro
|-resisted|p2a: Slowbro
|-damage|p2a: Slowbro|214\/390 brn
|move|p2a: Slowbro|Psyshock|p1a: Keldeo
|-supereffective|p1a: Keldeo
|-end|p1a: Keldeo|Substitute
|
|-weather|none
|-heal|p1a: Keldeo|243\/323|[from] item: Leftovers
|-heal|p2a: Slowbro|238\/390 brn|[from] item: Leftovers
|-damage|p2a: Slowbro|190\/390 brn|[from] brn
|turn|27
|
|switch|p1a: Tornadus-Therian|Tornadus-Therian, M|316\/332
|move|p2a: Slowbro|Slack Off|p2a: Slowbro
|-heal|p2a: Slowbro|385\/390 brn
|
|-heal|p2a: Slowbro|390\/390 brn|[from] item: Leftovers
|-damage|p2a: Slowbro|342\/390 brn|[from] brn
|turn|28
|
|move|p1a: Tornadus-Therian|U-turn|p2a: Slowbro
|-supereffective|p2a: Slowbro
|-damage|p2a: Slowbro|272\/390 brn
|
|switch|p1a: Altaria|Altaria-Mega, M|316\/354
|move|p2a: Slowbro|Scald|p1a: Altaria
|-resisted|p1a: Altaria
|-damage|p1a: Altaria|281\/354
|
|-heal|p2a: Slowbro|296\/390 brn|[from] item: Leftovers
|-damage|p2a: Slowbro|248\/390 brn|[from] brn
|turn|29
|
|switch|p1a: Tornadus-Therian|Tornadus-Therian, M|332\/332
|switch|p2a: Chansey|Chansey, F|546\/682
|-damage|p2a: Chansey|461\/682|[from] Stealth Rock
|
|turn|30
|
|move|p1a: Tornadus-Therian|Knock Off|p2a: Chansey
|-damage|p2a: Chansey|369\/682
|-enditem|p2a: Chansey|Eviolite|[from] move: Knock Off|[of] p1a: Tornadus-Therian
|move|p2a: Chansey|Stealth Rock|p1a: Tornadus-Therian
|-sidestart|p1: The Phantom Tele|move: Stealth Rock
|
|turn|31
|
|move|p1a: Tornadus-Therian|U-turn|p2a: Chansey
|-damage|p2a: Chansey|269\/682
|
|switch|p1a: Keldeo|Keldeo|243\/323
|-damage|p1a: Keldeo|223\/323|[from] Stealth Rock
|move|p2a: Chansey|Soft-Boiled|p2a: Chansey
|-heal|p2a: Chansey|610\/682
|
|-heal|p1a: Keldeo|243\/323|[from] item: Leftovers
|turn|32
|
|switch|p2a: Slowbro|Slowbro, F|378\/390 brn
|-damage|p2a: Slowbro|330\/390 brn|[from] Stealth Rock
|move|p1a: Keldeo|Calm Mind|p1a: Keldeo
|-boost|p1a: Keldeo|spa|1
|-boost|p1a: Keldeo|spd|1
|
|-heal|p1a: Keldeo|263\/323|[from] item: Leftovers
|-heal|p2a: Slowbro|354\/390 brn|[from] item: Leftovers
|-damage|p2a: Slowbro|306\/390 brn|[from] brn
|turn|33
|
|switch|p1a: Latios|Latios, M|301\/301
|-damage|p1a: Latios|264\/301|[from] Stealth Rock
|move|p2a: Slowbro|Psyshock|p1a: Latios
|-resisted|p1a: Latios
|-damage|p1a: Latios|209\/301
|
|-heal|p2a: Slowbro|330\/390 brn|[from] item: Leftovers
|-damage|p2a: Slowbro|282\/390 brn|[from] brn
|turn|34
|
|switch|p1a: Tornadus-Therian|Tornadus-Therian, M|332\/332
|-damage|p1a: Tornadus-Therian|249\/332|[from] Stealth Rock
|switch|p2a: Chansey|Chansey, F|610\/682
|-damage|p2a: Chansey|525\/682|[from] Stealth Rock
|
|turn|35
|
|move|p1a: Tornadus-Therian|Focus Blast|p2a: Chansey|[miss]
|-miss|p1a: Tornadus-Therian|p2a: Chansey
|move|p2a: Chansey|Toxic|p1a: Tornadus-Therian
|-status|p1a: Tornadus-Therian|tox
|
|-damage|p1a: Tornadus-Therian|229\/332 tox|[from] psn
|turn|36
|
|move|p1a: Tornadus-Therian|U-turn|p2a: Chansey
|-damage|p2a: Chansey|430\/682
|
|switch|p1a: Keldeo|Keldeo|263\/323
|-damage|p1a: Keldeo|243\/323|[from] Stealth Rock
|move|p2a: Chansey|Seismic Toss|p1a: Keldeo
|-damage|p1a: Keldeo|143\/323
|
|-heal|p1a: Keldeo|163\/323|[from] item: Leftovers
|turn|37
|
|switch|p2a: Slowbro|Slowbro, F|390\/390 brn
|-damage|p2a: Slowbro|342\/390 brn|[from] Stealth Rock
|move|p1a: Keldeo|Scald|p2a: Slowbro
|-resisted|p2a: Slowbro
|-damage|p2a: Slowbro|259\/390 brn
|
|-heal|p1a: Keldeo|183\/323|[from] item: Leftovers
|-heal|p2a: Slowbro|283\/390 brn|[from] item: Leftovers
|-damage|p2a: Slowbro|235\/390 brn|[from] brn
|turn|38
|
|switch|p1a: Altaria|Altaria-Mega, M|281\/354
|-damage|p1a: Altaria|237\/354|[from] Stealth Rock
|move|p2a: Slowbro|Psyshock|p1a: Altaria
|-damage|p1a: Altaria|146\/354
|
|-heal|p2a: Slowbro|259\/390 brn|[from] item: Leftovers
|-damage|p2a: Slowbro|211\/390 brn|[from] brn
|turn|39
|
|switch|p2a: Chansey|Chansey, F|430\/682
|-damage|p2a: Chansey|345\/682|[from] Stealth Rock
|move|p1a: Altaria|Roost|p1a: Altaria
|-heal|p1a: Altaria|323\/354
|
|turn|40
|
|move|p1a: Altaria|Hyper Voice|p2a: Chansey
|-damage|p2a: Chansey|192\/682
|move|p2a: Chansey|Soft-Boiled|p2a: Chansey
|-heal|p2a: Chansey|533\/682
|
|turn|41
|
|move|p1a: Altaria|Heal Bell|p1a: Altaria
|-cureteam|p1a: Altaria|[from] move: HealBell
|move|p2a: Chansey|Toxic|p1a: Altaria
|-status|p1a: Altaria|tox
|
|-damage|p1a: Altaria|301\/354 tox|[from] psn
|turn|42
|
|switch|p1a: Slowbro|Slowbro, M|394\/394
|-damage|p1a: Slowbro|345\/394|[from] Stealth Rock
|move|p2a: Chansey|Seismic Toss|p1a: Slowbro
|-damage|p1a: Slowbro|245\/394
|
|turn|43
|
|move|p2a: Chansey|Toxic|p1a: Slowbro
|-status|p1a: Slowbro|tox
|move|p1a: Slowbro|Scald|p2a: Chansey
|-damage|p2a: Chansey|443\/682
|-status|p2a: Chansey|brn
|
|-damage|p2a: Chansey|358\/682 brn|[from] brn
|-damage|p1a: Slowbro|221\/394 tox|[from] psn
|turn|44
|
|switch|p1a: Keldeo|Keldeo|183\/323
|-damage|p1a: Keldeo|163\/323|[from] Stealth Rock
|move|p2a: Chansey|Soft-Boiled|p2a: Chansey
|-heal|p2a: Chansey|682\/682 brn
|
|-heal|p1a: Keldeo|183\/323|[from] item: Leftovers
|-damage|p2a: Chansey|597\/682 brn|[from] brn
|turn|45
|
|switch|p2a: Slowbro|Slowbro, F|341\/390 brn
|-damage|p2a: Slowbro|293\/390 brn|[from] Stealth Rock
|move|p1a: Keldeo|Secret Sword|p2a: Slowbro
|-resisted|p2a: Slowbro
|-damage|p2a: Slowbro|245\/390 brn
|
|-heal|p1a: Keldeo|203\/323|[from] item: Leftovers
|-heal|p2a: Slowbro|269\/390 brn|[from] item: Leftovers
|-damage|p2a: Slowbro|221\/390 brn|[from] brn
|turn|46
|
|switch|p1a: Tornadus-Therian|Tornadus-Therian, M|332\/332
|-damage|p1a: Tornadus-Therian|249\/332|[from] Stealth Rock
|move|p2a: Slowbro|Psyshock|p1a: Tornadus-Therian
|-crit|p1a: Tornadus-Therian
|-damage|p1a: Tornadus-Therian|92\/332
|
|-heal|p2a: Slowbro|245\/390 brn|[from] item: Leftovers
|-damage|p2a: Slowbro|197\/390 brn|[from] brn
|turn|47
|
|switch|p2a: Chansey|Chansey, F|597\/682
|-damage|p2a: Chansey|512\/682|[from] Stealth Rock
|move|p1a: Tornadus-Therian|U-turn|p2a: Chansey
|-damage|p2a: Chansey|419\/682
|
|switch|p1a: Keldeo|Keldeo|203\/323
|-damage|p1a: Keldeo|183\/323|[from] Stealth Rock
|
|-heal|p1a: Keldeo|203\/323|[from] item: Leftovers
|turn|48
|
|switch|p1a: Tornadus-Therian|Tornadus-Therian, M|202\/332
|-damage|p1a: Tornadus-Therian|119\/332|[from] Stealth Rock
|switch|p2a: Slowbro|Slowbro, F|327\/390 brn
|-damage|p2a: Slowbro|279\/390 brn|[from] Stealth Rock
|
|-heal|p2a: Slowbro|303\/390 brn|[from] item: Leftovers
|-damage|p2a: Slowbro|255\/390 brn|[from] brn
|turn|49
|
|switch|p2a: Quagsire|Quagsire, F|394\/394
|-damage|p2a: Quagsire|370\/394|[from] Stealth Rock
|move|p1a: Tornadus-Therian|Knock Off|p2a: Quagsire
|-damage|p2a: Quagsire|315\/394
|-enditem|p2a: Quagsire|Leftovers|[from] move: Knock Off|[of] p1a: Tornadus-Therian
|
|turn|50
|
|move|p1a: Tornadus-Therian|U-turn|p2a: Quagsire
|-damage|p2a: Quagsire|273\/394
|
|switch|p1a: Slowbro|Slowbro, M|352\/394 tox
|-damage|p1a: Slowbro|303\/394 tox|[from] Stealth Rock
|move|p2a: Quagsire|Recover|p2a: Quagsire
|-heal|p2a: Quagsire|394\/394
|
|-damage|p1a: Slowbro|279\/394 tox|[from] psn
|turn|51
|
|switch|p2a: Slowbro|Slowbro, F|385\/390 brn
|-damage|p2a: Slowbro|337\/390 brn|[from] Stealth Rock
|switch|p1a: Tornadus-Therian|Tornadus-Therian, M|229\/332
|-damage|p1a: Tornadus-Therian|146\/332|[from] Stealth Rock
|
|-heal|p2a: Slowbro|361\/390 brn|[from] item: Leftovers
|-damage|p2a: Slowbro|313\/390 brn|[from] brn
|turn|52
|
|switch|p2a: Gliscor|Gliscor, M|291\/350 tox
|-damage|p2a: Gliscor|248\/350 tox|[from] Stealth Rock
|move|p1a: Tornadus-Therian|Hurricane|p2a: Gliscor|[miss]
|-miss|p1a: Tornadus-Therian|p2a: Gliscor
|
|-heal|p2a: Gliscor|291\/350 tox|[from] ability: Poison Heal
|turn|53
|
|move|p1a: Tornadus-Therian|U-turn|p2a: Gliscor
|-resisted|p2a: Gliscor
|-damage|p2a: Gliscor|271\/350 tox
|
|switch|p1a: Slowbro|Slowbro, M|394\/394 tox
|-damage|p1a: Slowbro|345\/394 tox|[from] Stealth Rock
|move|p2a: Gliscor|Knock Off|p1a: Slowbro
|-supereffective|p1a: Slowbro
|-damage|p1a: Slowbro|277\/394 tox
|
|-heal|p2a: Gliscor|314\/350 tox|[from] ability: Poison Heal
|-damage|p1a: Slowbro|253\/394 tox|[from] psn
|turn|54
|
|switch|p1a: Latios|Latios, M|209\/301
|-damage|p1a: Latios|172\/301|[from] Stealth Rock
|move|p2a: Gliscor|Taunt|p1a: Latios
|-start|p1a: Latios|move: Taunt
|
|-heal|p2a: Gliscor|350\/350 tox|[from] ability: Poison Heal
|turn|55
|
|move|p1a: Latios|Draco Meteor|p2a: Gliscor
|-damage|p2a: Gliscor|72\/350 tox
|-unboost|p1a: Latios|spa|2
|-damage|p1a: Latios|142\/301|[from] item: Life Orb
|move|p2a: Gliscor|Knock Off|p1a: Latios
|-supereffective|p1a: Latios
|-damage|p1a: Latios|0 fnt
|-enditem|p1a: Latios|Life Orb|[from] move: Knock Off|[of] p2a: Gliscor
|faint|p1a: Latios
|
|-heal|p2a: Gliscor|115\/350 tox|[from] ability: Poison Heal
|
|switch|p1a: Keldeo|Keldeo|203\/323
|-damage|p1a: Keldeo|183\/323|[from] Stealth Rock
|turn|56
|
|switch|p2a: Slowbro|Slowbro, F|390\/390 brn
|-damage|p2a: Slowbro|342\/390 brn|[from] Stealth Rock
|move|p1a: Keldeo|Scald|p2a: Slowbro
|-resisted|p2a: Slowbro
|-damage|p2a: Slowbro|257\/390 brn
|
|-heal|p1a: Keldeo|203\/323|[from] item: Leftovers
|-heal|p2a: Slowbro|281\/390 brn|[from] item: Leftovers
|-damage|p2a: Slowbro|233\/390 brn|[from] brn
|turn|57
|
|switch|p1a: Altaria|Altaria-Mega, M|301\/354 tox
|-damage|p1a: Altaria|257\/354 tox|[from] Stealth Rock
|switch|p2a: Tyranitar|Tyranitar, F|244\/342
|-damage|p2a: Tyranitar|202\/342|[from] Stealth Rock
|-weather|Sandstorm
|
|-weather|Sandstorm|[upkeep]
|-damage|p1a: Altaria|235\/354 tox|[from] sandstorm
|-damage|p1a: Altaria|213\/354 tox|[from] psn
|turn|58
|
|move|p2a: Tyranitar|Stone Edge|p1a: Altaria
|-damage|p1a: Altaria|44\/354 tox
|move|p1a: Altaria|Roost|p1a: Altaria
|-heal|p1a: Altaria|221\/354 tox
|
|-weather|Sandstorm|[upkeep]
|-damage|p1a: Altaria|199\/354 tox|[from] sandstorm
|-damage|p1a: Altaria|155\/354 tox|[from] psn
|turn|59
|
|switch|p2a: Slowbro|Slowbro, F|363\/390 brn
|-damage|p2a: Slowbro|315\/390 brn|[from] Stealth Rock
|switch|p1a: Slowbro|Slowbro, M|384\/394 tox
|-damage|p1a: Slowbro|335\/394 tox|[from] Stealth Rock
|
|-weather|Sandstorm|[upkeep]
|-damage|p2a: Slowbro|291\/390 brn|[from] sandstorm
|-damage|p1a: Slowbro|311\/394 tox|[from] sandstorm
|-heal|p2a: Slowbro|315\/390 brn|[from] item: Leftovers
|-damage|p2a: Slowbro|267\/390 brn|[from] brn
|-damage|p1a: Slowbro|287\/394 tox|[from] psn
|turn|60
|
|move|p2a: Slowbro|Psyshock|p1a: Slowbro
|-resisted|p1a: Slowbro
|-damage|p1a: Slowbro|257\/394 tox
|move|p1a: Slowbro|Scald|p2a: Slowbro
|-resisted|p2a: Slowbro
|-damage|p2a: Slowbro|208\/390 brn
|
|-weather|Sandstorm|[upkeep]
|-damage|p2a: Slowbro|184\/390 brn|[from] sandstorm
|-damage|p1a: Slowbro|233\/394 tox|[from] sandstorm
|-heal|p2a: Slowbro|208\/390 brn|[from] item: Leftovers
|-damage|p2a: Slowbro|160\/390 brn|[from] brn
|-damage|p1a: Slowbro|185\/394 tox|[from] psn
|turn|61
|
|switch|p2a: Tyranitar|Tyranitar, F|202\/342
|-damage|p2a: Tyranitar|160\/342|[from] Stealth Rock
|switch|p1a: Altaria|Altaria-Mega, M|155\/354 tox
|-damage|p1a: Altaria|111\/354 tox|[from] Stealth Rock
|
|-weather|none
|-damage|p1a: Altaria|89\/354 tox|[from] psn
|turn|62
|
|switch|p1a: Slowbro|Slowbro, M|316\/394 tox
|-damage|p1a: Slowbro|267\/394 tox|[from] Stealth Rock
|move|p2a: Tyranitar|Stone Edge|p1a: Slowbro
|-damage|p1a: Slowbro|152\/394 tox
|
|-damage|p1a: Slowbro|128\/394 tox|[from] psn
|turn|63
|
|move|p2a: Tyranitar|Stone Edge|p1a: Slowbro
|-damage|p1a: Slowbro|7\/394 tox
|move|p1a: Slowbro|Slack Off|p1a: Slowbro
|-heal|p1a: Slowbro|204\/394 tox
|
|-damage|p1a: Slowbro|156\/394 tox|[from] psn
|turn|64
|
|switch|p2a: Slowbro|Slowbro, F|290\/390 brn
|-damage|p2a: Slowbro|242\/390 brn|[from] Stealth Rock
|move|p1a: Slowbro|Thunder Wave|p2a: Slowbro
|-fail|p2a: Slowbro
|
|-heal|p2a: Slowbro|266\/390 brn|[from] item: Leftovers
|-damage|p2a: Slowbro|218\/390 brn|[from] brn
|-damage|p1a: Slowbro|84\/394 tox|[from] psn
|turn|65
|
|switch|p1a: Heatran|Heatran, F|334\/386
|-damage|p1a: Heatran|286\/386|[from] Stealth Rock
|move|p2a: Slowbro|Psyshock|p1a: Heatran
|-resisted|p1a: Heatran
|-damage|p1a: Heatran|238\/386
|
|-heal|p1a: Heatran|262\/386|[from] item: Leftovers
|-heal|p2a: Slowbro|242\/390 brn|[from] item: Leftovers
|-damage|p2a: Slowbro|194\/390 brn|[from] brn
|turn|66
|
|move|p1a: Heatran|Toxic|p2a: Slowbro
|-fail|p2a: Slowbro
|move|p2a: Slowbro|Scald|p1a: Heatran
|-supereffective|p1a: Heatran
|-damage|p1a: Heatran|122\/386
|
|-heal|p1a: Heatran|146\/386|[from] item: Leftovers
|-heal|p2a: Slowbro|218\/390 brn|[from] item: Leftovers
|-damage|p2a: Slowbro|170\/390 brn|[from] brn
|turn|67
|
|move|p1a: Heatran|Lava Plume|p2a: Slowbro
|-resisted|p2a: Slowbro
|-damage|p2a: Slowbro|99\/390 brn
|move|p2a: Slowbro|Slack Off|p2a: Slowbro
|-heal|p2a: Slowbro|294\/390 brn
|
|-heal|p1a: Heatran|170\/386|[from] item: Leftovers
|-heal|p2a: Slowbro|318\/390 brn|[from] item: Leftovers
|-damage|p2a: Slowbro|270\/390 brn|[from] brn
|turn|68
|
|move|p1a: Heatran|Lava Plume|p2a: Slowbro
|-resisted|p2a: Slowbro
|-damage|p2a: Slowbro|199\/390 brn
|move|p2a: Slowbro|Scald|p1a: Heatran
|-supereffective|p1a: Heatran
|-damage|p1a: Heatran|42\/386
|
|-heal|p1a: Heatran|66\/386|[from] item: Leftovers
|-heal|p2a: Slowbro|223\/390 brn|[from] item: Leftovers
|-damage|p2a: Slowbro|175\/390 brn|[from] brn
|turn|69
|
|move|p1a: Heatran|Taunt|p2a: Slowbro
|-start|p2a: Slowbro|move: Taunt
|move|p2a: Slowbro|Scald|p1a: Heatran
|-supereffective|p1a: Heatran
|-damage|p1a: Heatran|0 fnt
|faint|p1a: Heatran
|
|-heal|p2a: Slowbro|199\/390 brn|[from] item: Leftovers
|-damage|p2a: Slowbro|151\/390 brn|[from] brn
|
|switch|p1a: Altaria|Altaria-Mega, M|89\/354 tox
|-damage|p1a: Altaria|45\/354 tox|[from] Stealth Rock
|turn|70
|
|switch|p2a: Chansey|Chansey, F|419\/682
|-damage|p2a: Chansey|334\/682|[from] Stealth Rock
|move|p1a: Altaria|Roost|p1a: Altaria
|-heal|p1a: Altaria|222\/354 tox
|
|-damage|p1a: Altaria|200\/354 tox|[from] psn
|turn|71
|
|move|p1a: Altaria|Heal Bell|p1a: Altaria
|-cureteam|p1a: Altaria|[from] move: HealBell
|move|p2a: Chansey|Seismic Toss|p1a: Altaria
|-damage|p1a: Altaria|100\/354
|
|turn|72
|
|move|p1a: Altaria|Roost|p1a: Altaria
|-heal|p1a: Altaria|277\/354
|move|p2a: Chansey|Toxic|p1a: Altaria
|-status|p1a: Altaria|tox
|
|-damage|p1a: Altaria|255\/354 tox|[from] psn
|turn|73
|
|move|p1a: Altaria|Roost|p1a: Altaria
|-heal|p1a: Altaria|354\/354 tox
|move|p2a: Chansey|Soft-Boiled|p2a: Chansey
|-heal|p2a: Chansey|675\/682
|
|-damage|p1a: Altaria|310\/354 tox|[from] psn
|turn|74
|
|switch|p1a: Slowbro|Slowbro, M|215\/394
|-damage|p1a: Slowbro|166\/394|[from] Stealth Rock
|move|p2a: Chansey|Toxic|p1a: Slowbro
|-status|p1a: Slowbro|tox
|
|-damage|p1a: Slowbro|142\/394 tox|[from] psn
|turn|75
|
|move|p2a: Chansey|Seismic Toss|p1a: Slowbro
|-damage|p1a: Slowbro|42\/394 tox
|move|p1a: Slowbro|Slack Off|p1a: Slowbro
|-heal|p1a: Slowbro|239\/394 tox
|
|-damage|p1a: Slowbro|191\/394 tox|[from] psn
|turn|76
|
|move|p2a: Chansey|Seismic Toss|p1a: Slowbro
|-damage|p1a: Slowbro|91\/394 tox
|move|p1a: Slowbro|Slack Off|p1a: Slowbro
|-heal|p1a: Slowbro|288\/394 tox
|
|-damage|p1a: Slowbro|216\/394 tox|[from] psn
|turn|77
|
|move|p2a: Chansey|Toxic|p1a: Slowbro|[miss]
|-miss|p2a: Chansey|p1a: Slowbro
|move|p1a: Slowbro|Slack Off|p1a: Slowbro
|-heal|p1a: Slowbro|394\/394 tox
|
|-damage|p1a: Slowbro|298\/394 tox|[from] psn
|turn|78
|
|switch|p1a: Altaria|Altaria-Mega, M|310\/354 tox
|-damage|p1a: Altaria|266\/354 tox|[from] Stealth Rock
|move|p2a: Chansey|Toxic|p1a: Altaria|[miss]
|-miss|p2a: Chansey|p1a: Altaria
|
|-damage|p1a: Altaria|244\/354 tox|[from] psn
|turn|79
|
|move|p1a: Altaria|Heal Bell|p1a: Altaria
|-cureteam|p1a: Altaria|[from] move: HealBell
|move|p2a: Chansey|Seismic Toss|p1a: Altaria
|-damage|p1a: Altaria|144\/354
|
|turn|80
|
|move|p1a: Altaria|Roost|p1a: Altaria
|-heal|p1a: Altaria|321\/354
|move|p2a: Chansey|Toxic|p1a: Altaria
|-status|p1a: Altaria|tox
|
|-damage|p1a: Altaria|299\/354 tox|[from] psn
|turn|81
|
|switch|p1a: Slowbro|Slowbro, M|394\/394
|-damage|p1a: Slowbro|345\/394|[from] Stealth Rock
|move|p2a: Chansey|Seismic Toss|p1a: Slowbro
|-damage|p1a: Slowbro|245\/394
|
|turn|82
|
|move|p2a: Chansey|Toxic|p1a: Slowbro
|-status|p1a: Slowbro|tox
|move|p1a: Slowbro|Thunder Wave|p2a: Chansey
|-status|p2a: Chansey|par
|
|-damage|p1a: Slowbro|221\/394 tox|[from] psn
|turn|83
|
|switch|p1a: Tornadus-Therian|Tornadus-Therian, M|256\/332
|-damage|p1a: Tornadus-Therian|173\/332|[from] Stealth Rock
|move|p2a: Chansey|Toxic|p1a: Tornadus-Therian
|-status|p1a: Tornadus-Therian|tox
|
|-damage|p1a: Tornadus-Therian|153\/332 tox|[from] psn
|turn|84
|
|move|p1a: Tornadus-Therian|U-turn|p2a: Chansey
|-damage|p2a: Chansey|571\/682 par
|
|switch|p1a: Slowbro|Slowbro, M|352\/394 tox
|-damage|p1a: Slowbro|303\/394 tox|[from] Stealth Rock
|move|p2a: Chansey|Seismic Toss|p1a: Slowbro
|-damage|p1a: Slowbro|203\/394 tox
|
|-damage|p1a: Slowbro|179\/394 tox|[from] psn
|turn|85
|
|switch|p2a: Slowbro|Slowbro, F|281\/390 brn
|-damage|p2a: Slowbro|233\/390 brn|[from] Stealth Rock
|move|p1a: Slowbro|Slack Off|p1a: Slowbro
|-heal|p1a: Slowbro|376\/394 tox
|
|-heal|p2a: Slowbro|257\/390 brn|[from] item: Leftovers
|-damage|p2a: Slowbro|209\/390 brn|[from] brn
|-damage|p1a: Slowbro|328\/394 tox|[from] psn
|turn|86
|
|switch|p1a: Altaria|Altaria-Mega, M|299\/354 tox
|-damage|p1a: Altaria|255\/354 tox|[from] Stealth Rock
|move|p2a: Slowbro|Psyshock|p1a: Altaria
|-damage|p1a: Altaria|171\/354 tox
|
|-heal|p2a: Slowbro|233\/390 brn|[from] item: Leftovers
|-damage|p1a: Altaria|149\/354 tox|[from] psn
|-damage|p2a: Slowbro|185\/390 brn|[from] brn
|turn|87
|
|switch|p2a: Chansey|Chansey, F|571\/682
|-damage|p2a: Chansey|486\/682|[from] Stealth Rock
|move|p1a: Altaria|Roost|p1a: Altaria
|-heal|p1a: Altaria|326\/354 tox
|
|-damage|p1a: Altaria|282\/354 tox|[from] psn
|turn|88
|
|move|p1a: Altaria|Hyper Voice|p2a: Chansey
|-damage|p2a: Chansey|336\/682
|move|p2a: Chansey|Seismic Toss|p1a: Altaria
|-damage|p1a: Altaria|182\/354 tox
|
|-damage|p1a: Altaria|116\/354 tox|[from] psn
|turn|89
|
|move|p1a: Altaria|Heal Bell|p1a: Altaria
|-cureteam|p1a: Altaria|[from] move: HealBell
|move|p2a: Chansey|Seismic Toss|p1a: Altaria
|-damage|p1a: Altaria|16\/354
|
|turn|90
|
|move|p1a: Altaria|Roost|p1a: Altaria
|-heal|p1a: Altaria|193\/354
|move|p2a: Chansey|Toxic|p1a: Altaria|[miss]
|-miss|p2a: Chansey|p1a: Altaria
|
|turn|91
|
|move|p1a: Altaria|Hyper Voice|p2a: Chansey
|-damage|p2a: Chansey|191\/682
|move|p2a: Chansey|Soft-Boiled|p2a: Chansey
|-heal|p2a: Chansey|532\/682
|
|turn|92
|
|move|p1a: Altaria|Roost|p1a: Altaria
|-heal|p1a: Altaria|354\/354
|move|p2a: Chansey|Toxic|p1a: Altaria
|-status|p1a: Altaria|tox
|
|-damage|p1a: Altaria|332\/354 tox|[from] psn
|turn|93
|
|switch|p1a: Slowbro|Slowbro, M|394\/394
|-damage|p1a: Slowbro|345\/394|[from] Stealth Rock
|move|p2a: Chansey|Seismic Toss|p1a: Slowbro
|-damage|p1a: Slowbro|245\/394
|
|turn|94
|
|switch|p2a: Slowbro|Slowbro, F|315\/390 brn
|-damage|p2a: Slowbro|267\/390 brn|[from] Stealth Rock
|switch|p1a: Altaria|Altaria-Mega, M|332\/354 tox
|-damage|p1a: Altaria|288\/354 tox|[from] Stealth Rock
|
|-heal|p2a: Slowbro|291\/390 brn|[from] item: Leftovers
|-damage|p1a: Altaria|266\/354 tox|[from] psn
|-damage|p2a: Slowbro|243\/390 brn|[from] brn
|turn|95
|
|switch|p1a: Keldeo|Keldeo|203\/323
|-damage|p1a: Keldeo|183\/323|[from] Stealth Rock
|switch|p2a: Chansey|Chansey, F|532\/682
|-damage|p2a: Chansey|447\/682|[from] Stealth Rock
|
|-heal|p1a: Keldeo|203\/323|[from] item: Leftovers
|turn|96
|
|switch|p2a: Slowbro|Slowbro, F|373\/390 brn
|-damage|p2a: Slowbro|325\/390 brn|[from] Stealth Rock
|move|p1a: Keldeo|Calm Mind|p1a: Keldeo
|-boost|p1a: Keldeo|spa|1
|-boost|p1a: Keldeo|spd|1
|
|-heal|p1a: Keldeo|223\/323|[from] item: Leftovers
|-heal|p2a: Slowbro|349\/390 brn|[from] item: Leftovers
|-damage|p2a: Slowbro|301\/390 brn|[from] brn
|turn|97
|
|move|p1a: Keldeo|Substitute|p1a: Keldeo
|-start|p1a: Keldeo|Substitute
|-damage|p1a: Keldeo|143\/323
|move|p2a: Slowbro|Psyshock|p1a: Keldeo
|-supereffective|p1a: Keldeo
|-end|p1a: Keldeo|Substitute
|
|-heal|p1a: Keldeo|163\/323|[from] item: Leftovers
|-heal|p2a: Slowbro|325\/390 brn|[from] item: Leftovers
|-damage|p2a: Slowbro|277\/390 brn|[from] brn
|turn|98
|
|switch|p1a: Slowbro|Slowbro, M|376\/394
|-damage|p1a: Slowbro|327\/394|[from] Stealth Rock
|move|p2a: Slowbro|Scald|p1a: Slowbro
|-resisted|p1a: Slowbro
|-damage|p1a: Slowbro|272\/394
|
|-heal|p2a: Slowbro|301\/390 brn|[from] item: Leftovers
|-damage|p2a: Slowbro|253\/390 brn|[from] brn
|turn|99
|
|switch|p1a: Tornadus-Therian|Tornadus-Therian, M|263\/332
|-damage|p1a: Tornadus-Therian|180\/332|[from] Stealth Rock
|move|p2a: Slowbro|Scald|p1a: Tornadus-Therian
|-damage|p1a: Tornadus-Therian|74\/332
|
|-heal|p2a: Slowbro|277\/390 brn|[from] item: Leftovers
|-damage|p2a: Slowbro|229\/390 brn|[from] brn
|turn|100
|
|move|p1a: Tornadus-Therian|U-turn|p2a: Slowbro
|-supereffective|p2a: Slowbro
|-damage|p2a: Slowbro|157\/390 brn
|
|switch|p1a: Keldeo|Keldeo|163\/323
|-damage|p1a: Keldeo|143\/323|[from] Stealth Rock
|move|p2a: Slowbro|Slack Off|p2a: Slowbro
|-heal|p2a: Slowbro|352\/390 brn
|
|-heal|p1a: Keldeo|163\/323|[from] item: Leftovers
|-heal|p2a: Slowbro|376\/390 brn|[from] item: Leftovers
|-damage|p2a: Slowbro|328\/390 brn|[from] brn
|turn|101
|
|switch|p1a: Slowbro|Slowbro, M|394\/394
|-damage|p1a: Slowbro|345\/394|[from] Stealth Rock
|move|p2a: Slowbro|Scald|p1a: Slowbro
|-crit|p1a: Slowbro
|-resisted|p1a: Slowbro
|-damage|p1a: Slowbro|255\/394
|
|-heal|p2a: Slowbro|352\/390 brn|[from] item: Leftovers
|-damage|p2a: Slowbro|304\/390 brn|[from] brn
|turn|102
|
|move|p2a: Slowbro|Scald|p1a: Slowbro
|-resisted|p1a: Slowbro
|-damage|p1a: Slowbro|201\/394
|move|p1a: Slowbro|Scald|p2a: Slowbro
|-resisted|p2a: Slowbro
|-damage|p2a: Slowbro|247\/390 brn
|
|-heal|p2a: Slowbro|271\/390 brn|[from] item: Leftovers
|-damage|p2a: Slowbro|223\/390 brn|[from] brn
|turn|103
|
|move|p2a: Slowbro|Scald|p1a: Slowbro
|-resisted|p1a: Slowbro
|-damage|p1a: Slowbro|141\/394
|move|p1a: Slowbro|Scald|p2a: Slowbro
|-crit|p2a: Slowbro
|-resisted|p2a: Slowbro
|-damage|p2a: Slowbro|133\/390 brn
|
|-heal|p2a: Slowbro|157\/390 brn|[from] item: Leftovers
|-damage|p2a: Slowbro|109\/390 brn|[from] brn
|turn|104
|
|switch|p1a: Tornadus-Therian|Tornadus-Therian, M|184\/332
|-damage|p1a: Tornadus-Therian|101\/332|[from] Stealth Rock
|move|p2a: Slowbro|Slack Off|p2a: Slowbro
|-heal|p2a: Slowbro|304\/390 brn
|
|-heal|p2a: Slowbro|328\/390 brn|[from] item: Leftovers
|-damage|p2a: Slowbro|280\/390 brn|[from] brn
|turn|105
|
|move|p1a: Tornadus-Therian|Knock Off|p2a: Slowbro
|-supereffective|p2a: Slowbro
|-damage|p2a: Slowbro|188\/390 brn
|-enditem|p2a: Slowbro|Leftovers|[from] move: Knock Off|[of] p1a: Tornadus-Therian
|move|p2a: Slowbro|Scald|p1a: Tornadus-Therian
|-damage|p1a: Tornadus-Therian|2\/332
|
|-damage|p2a: Slowbro|140\/390 brn|[from] brn
|turn|106
|
|switch|p2a: Mandibuzz|Mandibuzz, F|138\/420
|-damage|p2a: Mandibuzz|33\/420|[from] Stealth Rock
|move|p1a: Tornadus-Therian|U-turn|p2a: Mandibuzz
|-damage|p2a: Mandibuzz|0 fnt
|-damage|p1a: Tornadus-Therian|0 fnt|[from] item: Rocky Helmet|[of] p2a: Mandibuzz
|faint|p1a: Tornadus-Therian
|faint|p2a: Mandibuzz
|
|
|switch|p2a: Tyranitar|Tyranitar, F|160\/342
|switch|p1a: Slowbro|Slowbro, M|272\/394
|-damage|p2a: Tyranitar|118\/342|[from] Stealth Rock
|-weather|Sandstorm
|-damage|p1a: Slowbro|223\/394|[from] Stealth Rock
|turn|107
|
|move|p2a: Tyranitar|Crunch|p1a: Slowbro
|-supereffective|p1a: Slowbro
|-damage|p1a: Slowbro|13\/394
|move|p1a: Slowbro|Slack Off|p1a: Slowbro
|-heal|p1a: Slowbro|210\/394
|
|-weather|Sandstorm|[upkeep]
|-damage|p1a: Slowbro|186\/394|[from] sandstorm
|turn|108
|
|switch|p1a: Altaria|Altaria-Mega, M|266\/354 tox
|-damage|p1a: Altaria|222\/354 tox|[from] Stealth Rock
|move|p2a: Tyranitar|Crunch|p1a: Altaria
|-resisted|p1a: Altaria
|-damage|p1a: Altaria|154\/354 tox
|-unboost|p1a: Altaria|def|1
|
|-weather|Sandstorm|[upkeep]
|-damage|p1a: Altaria|132\/354 tox|[from] sandstorm
|-damage|p1a: Altaria|110\/354 tox|[from] psn
|turn|109
|
|move|p2a: Tyranitar|Crunch|p1a: Altaria
|-resisted|p1a: Altaria
|-damage|p1a: Altaria|5\/354 tox
|-unboost|p1a: Altaria|def|1
|move|p1a: Altaria|Roost|p1a: Altaria
|-heal|p1a: Altaria|182\/354 tox
|
|-weather|Sandstorm|[upkeep]
|-damage|p1a: Altaria|160\/354 tox|[from] sandstorm
|-damage|p1a: Altaria|116\/354 tox|[from] psn
|turn|110
|
|move|p2a: Tyranitar|Crunch|p1a: Altaria
|-resisted|p1a: Altaria
|-damage|p1a: Altaria|0 fnt
|faint|p1a: Altaria
|
|-weather|Sandstorm|[upkeep]
|
|switch|p1a: Keldeo|Keldeo|163\/323
|-damage|p1a: Keldeo|143\/323|[from] Stealth Rock
|turn|111
|
|move|p2a: Tyranitar|Crunch|p1a: Keldeo
|-resisted|p1a: Keldeo
|-damage|p1a: Keldeo|70\/323
|-boost|p1a: Keldeo|atk|1|[from] ability: Justified
|move|p1a: Keldeo|Calm Mind|p1a: Keldeo
|-boost|p1a: Keldeo|spa|1
|-boost|p1a: Keldeo|spd|1
|
|-weather|none
|-heal|p1a: Keldeo|90\/323|[from] item: Leftovers
|turn|112
|
|switch|p2a: Chansey|Chansey, F|447\/682
|-damage|p2a: Chansey|362\/682|[from] Stealth Rock
|move|p1a: Keldeo|Scald|p2a: Chansey
|-crit|p2a: Chansey
|-damage|p2a: Chansey|71\/682
|
|-heal|p1a: Keldeo|110\/323|[from] item: Leftovers
|turn|113
|
|move|p1a: Keldeo|Scald|p2a: Chansey
|-damage|p2a: Chansey|0 fnt
|faint|p2a: Chansey
|
|-heal|p1a: Keldeo|130\/323|[from] item: Leftovers
|
|switch|p2a: Slowbro|Slowbro, F|270\/390 brn
|-damage|p2a: Slowbro|222\/390 brn|[from] Stealth Rock
|turn|114
|
|switch|p1a: Slowbro|Slowbro, M|317\/394
|-damage|p1a: Slowbro|268\/394|[from] Stealth Rock
|move|p2a: Slowbro|Psyshock|p1a: Slowbro
|-resisted|p1a: Slowbro
|-damage|p1a: Slowbro|235\/394
|
|-damage|p2a: Slowbro|174\/390 brn|[from] brn
|turn|115
|
|move|p2a: Slowbro|Slack Off|p2a: Slowbro
|-heal|p2a: Slowbro|369\/390 brn
|move|p1a: Slowbro|Scald|p2a: Slowbro
|-resisted|p2a: Slowbro
|-damage|p2a: Slowbro|314\/390 brn
|
|-damage|p2a: Slowbro|266\/390 brn|[from] brn
|turn|116
|
|move|p2a: Slowbro|Scald|p1a: Slowbro
|-resisted|p1a: Slowbro
|-damage|p1a: Slowbro|174\/394
|move|p1a: Slowbro|Scald|p2a: Slowbro
|-resisted|p2a: Slowbro
|-damage|p2a: Slowbro|209\/390 brn
|
|-damage|p2a: Slowbro|161\/390 brn|[from] brn
|turn|117
|
|move|p2a: Slowbro|Scald|p1a: Slowbro
|-resisted|p1a: Slowbro
|-damage|p1a: Slowbro|114\/394
|-status|p1a: Slowbro|brn
|move|p1a: Slowbro|Scald|p2a: Slowbro
|-resisted|p2a: Slowbro
|-damage|p2a: Slowbro|100\/390 brn
|
|-damage|p2a: Slowbro|52\/390 brn|[from] brn
|-damage|p1a: Slowbro|65\/394 brn|[from] brn
|turn|118
|
|move|p2a: Slowbro|Slack Off|p2a: Slowbro
|-heal|p2a: Slowbro|247\/390 brn
|move|p1a: Slowbro|Slack Off|p1a: Slowbro
|-heal|p1a: Slowbro|262\/394 brn
|
|-damage|p2a: Slowbro|199\/390 brn|[from] brn
|-damage|p1a: Slowbro|213\/394 brn|[from] brn
|turn|119
|
|move|p2a: Slowbro|Slack Off|p2a: Slowbro
|-heal|p2a: Slowbro|390\/390 brn
|move|p1a: Slowbro|Slack Off|p1a: Slowbro
|-heal|p1a: Slowbro|394\/394 brn
|
|-damage|p2a: Slowbro|342\/390 brn|[from] brn
|-damage|p1a: Slowbro|345\/394 brn|[from] brn
|turn|120
|
|move|p2a: Slowbro|Scald|p1a: Slowbro
|-resisted|p1a: Slowbro
|-damage|p1a: Slowbro|288\/394 brn
|move|p1a: Slowbro|Scald|p2a: Slowbro
|-resisted|p2a: Slowbro
|-damage|p2a: Slowbro|282\/390 brn
|
|-damage|p2a: Slowbro|234\/390 brn|[from] brn
|-damage|p1a: Slowbro|239\/394 brn|[from] brn
|turn|121
|
|move|p2a: Slowbro|Scald|p1a: Slowbro
|-resisted|p1a: Slowbro
|-damage|p1a: Slowbro|179\/394 brn
|move|p1a: Slowbro|Slack Off|p1a: Slowbro
|-heal|p1a: Slowbro|376\/394 brn
|
|-damage|p2a: Slowbro|186\/390 brn|[from] brn
|-damage|p1a: Slowbro|327\/394 brn|[from] brn
|turn|122
|
|switch|p1a: Keldeo|Keldeo|130\/323
|-damage|p1a: Keldeo|110\/323|[from] Stealth Rock
|move|p2a: Slowbro|Slack Off|p2a: Slowbro
|-heal|p2a: Slowbro|381\/390 brn
|
|-heal|p1a: Keldeo|130\/323|[from] item: Leftovers
|-damage|p2a: Slowbro|333\/390 brn|[from] brn
|turn|123
|
|switch|p1a: Slowbro|Slowbro, M|394\/394 brn
|-damage|p1a: Slowbro|345\/394 brn|[from] Stealth Rock
|move|p2a: Slowbro|Scald|p1a: Slowbro
|-resisted|p1a: Slowbro
|-damage|p1a: Slowbro|290\/394 brn
|
|-damage|p2a: Slowbro|285\/390 brn|[from] brn
|-damage|p1a: Slowbro|241\/394 brn|[from] brn
|turn|124
|
|move|p2a: Slowbro|Scald|p1a: Slowbro
|-resisted|p1a: Slowbro
|-damage|p1a: Slowbro|187\/394 brn
|move|p1a: Slowbro|Scald|p2a: Slowbro
|-resisted|p2a: Slowbro
|-damage|p2a: Slowbro|228\/390 brn
|
|-damage|p2a: Slowbro|180\/390 brn|[from] brn
|-damage|p1a: Slowbro|138\/394 brn|[from] brn
|turn|125
|
|switch|p2a: Gliscor|Gliscor, M|115\/350 tox
|-damage|p2a: Gliscor|72\/350 tox|[from] Stealth Rock
|move|p1a: Slowbro|Slack Off|p1a: Slowbro
|-heal|p1a: Slowbro|335\/394 brn
|
|-heal|p2a: Gliscor|115\/350 tox|[from] ability: Poison Heal
|-damage|p1a: Slowbro|286\/394 brn|[from] brn
|turn|126
|
|switch|p1a: Keldeo|Keldeo|130\/323
|-damage|p1a: Keldeo|110\/323|[from] Stealth Rock
|move|p2a: Gliscor|Roost|p2a: Gliscor
|-heal|p2a: Gliscor|290\/350 tox
|
|-heal|p1a: Keldeo|130\/323|[from] item: Leftovers
|-heal|p2a: Gliscor|333\/350 tox|[from] ability: Poison Heal
|turn|127
|
|move|p1a: Keldeo|Scald|p2a: Gliscor
|-supereffective|p2a: Gliscor
|-damage|p2a: Gliscor|55\/350 tox
|move|p2a: Gliscor|Earthquake|p1a: Keldeo
|-damage|p1a: Keldeo|3\/323
|
|-heal|p1a: Keldeo|23\/323|[from] item: Leftovers
|-heal|p2a: Gliscor|98\/350 tox|[from] ability: Poison Heal
|turn|128
|
|switch|p2a: Slowbro|Slowbro, F|310\/390 brn
|-damage|p2a: Slowbro|262\/390 brn|[from] Stealth Rock
|move|p1a: Keldeo|Scald|p2a: Slowbro
|-resisted|p2a: Slowbro
|-damage|p2a: Slowbro|178\/390 brn
|
|-heal|p1a: Keldeo|43\/323|[from] item: Leftovers
|-damage|p2a: Slowbro|130\/390 brn|[from] brn
|turn|129
|
|move|p1a: Keldeo|Calm Mind|p1a: Keldeo
|-boost|p1a: Keldeo|spa|1
|-boost|p1a: Keldeo|spd|1
|move|p2a: Slowbro|Psyshock|p1a: Keldeo
|-crit|p1a: Keldeo
|-supereffective|p1a: Keldeo
|-damage|p1a: Keldeo|0 fnt
|faint|p1a: Keldeo
|
|-damage|p2a: Slowbro|82\/390 brn|[from] brn
|
|switch|p1a: Slowbro|Slowbro, M|394\/394 brn
|-damage|p1a: Slowbro|345\/394 brn|[from] Stealth Rock
|turn|130
|
|move|p2a: Slowbro|Slack Off|p2a: Slowbro
|-heal|p2a: Slowbro|277\/390 brn
|move|p1a: Slowbro|Scald|p2a: Slowbro
|-resisted|p2a: Slowbro
|-damage|p2a: Slowbro|217\/390 brn
|
|-damage|p2a: Slowbro|169\/390 brn|[from] brn
|-damage|p1a: Slowbro|296\/394 brn|[from] brn
|turn|131
|-message|The Phantom Tele forfeited.
|leave|The Phantom Tele
|
|win|don't use mega
|raw|Ladder updating...
|player|p1
|raw|The Phantom Tele's rating: 1779 &rarr; <strong>1760<\/strong><br \/>(-19 for losing)
|raw|don&apos;t use mega's rating: 1798 &rarr; <strong>1817<\/strong><br \/>(+19 for winning)