|join|MaryLa
|join|Iodic
|player|p1|MaryLa|289
|player|p2|Iodic|264
|gametype|singles
|gen|6
|tier|OU
|rated
|clearpoke
|poke|p1|Altaria, F
|poke|p1|Talonflame, M
|poke|p1|Mamoswine, M
|poke|p1|Chansey, F
|poke|p1|Rotom-Wash
|poke|p1|Skarmory, M
|poke|p2|Excadrill, M
|poke|p2|Azumarill, F
|poke|p2|Talonflame, F
|poke|p2|Serperior, M
|poke|p2|Infernape, M
|poke|p2|Gyarados, M
|rule|Swagger Clause: Swagger is banned
|rule|Baton Pass Clause: Limit one Pokémon knowing Baton Pass
|rule|Sleep Clause Mod: Limit one foe put to sleep
|rule|Species Clause: Limit one of each Pokémon
|rule|OHKO Clause: OHKO moves are banned
|rule|Moody Clause: Moody is banned
|rule|Evasion Moves Clause: Evasion moves are banned
|rule|Endless Battle Clause: Forcing endless battles is banned
|rule|HP Percentage Mod: HP is shown in percentages
|teampreview
|
|start
|switch|p1a: Soap.avi|Rotom-Wash|303\/303
|switch|p2a: Infernape|Infernape, M|293\/293
|turn|1
|
|move|p2a: Infernape|Stealth Rock|p1a: Soap.avi
|-sidestart|p1: MaryLa|move: Stealth Rock
|move|p1a: Soap.avi|Volt Switch|p2a: Infernape
|-crit|p2a: Infernape
|-damage|p2a: Infernape|95\/293
|
|switch|p1a: Fluffy|Altaria, F|354\/354
|-damage|p1a: Fluffy|266\/354|[from] Stealth Rock
|
|turn|2
|
|switch|p2a: Excadrill|Excadrill, M|412\/412
|-ability|p2a: Excadrill|Mold Breaker
|detailschange|p1a: Fluffy|Altaria-Mega, F
|-mega|p1a: Fluffy|Altaria|Altarianite
|move|p1a: Fluffy|Hyper Voice|p2a: Excadrill
|-resisted|p2a: Excadrill
|-damage|p2a: Excadrill|340\/412
|
|turn|3
|
|switch|p1a: Soap.avi|Rotom-Wash|303\/303
|-damage|p1a: Soap.avi|266\/303|[from] Stealth Rock
|move|p2a: Excadrill|Iron Head|p1a: Soap.avi
|-resisted|p1a: Soap.avi
|-damage|p1a: Soap.avi|242\/303
|
|turn|4
|
|switch|p1a: Yuuya|Talonflame, M|297\/297
|-damage|p1a: Yuuya|149\/297|[from] Stealth Rock
|move|p2a: Excadrill|Earthquake|p1a: Yuuya
|-immune|p1a: Yuuya|[msg]
|
|turn|5
|
|switch|p2a: Gyarados|Gyarados, M|331\/331
|-ability|p2a: Gyarados|Intimidate|[of] p1a: Yuuya
|-unboost|p1a: Yuuya|atk|1
|move|p1a: Yuuya|Flare Blitz|p2a: Gyarados
|-crit|p2a: Gyarados
|-resisted|p2a: Gyarados
|-damage|p2a: Gyarados|169\/331
|-damage|p1a: Yuuya|96\/297|[from] recoil|[of] p2a: Gyarados
|
|turn|6
|
|switch|p1a: Soap.avi|Rotom-Wash|242\/303
|-damage|p1a: Soap.avi|205\/303|[from] Stealth Rock
|detailschange|p2a: Gyarados|Gyarados-Mega, M
|-mega|p2a: Gyarados|Gyarados|Gyaradosite
|-ability|p2a: Gyarados|Mold Breaker
|move|p2a: Gyarados|Crunch|p1a: Soap.avi
|-damage|p1a: Soap.avi|91\/303
|
|turn|7
|
|switch|p2a: Excadrill|Excadrill, M|340\/412
|-ability|p2a: Excadrill|Mold Breaker
|switch|p1a: Excalibird|Skarmory, M|333\/333
|-damage|p1a: Excalibird|292\/333|[from] Stealth Rock
|
|turn|8
|
|switch|p2a: Infernape|Infernape, M|95\/293
|move|p1a: Excalibird|Defog|p2a: Infernape
|-unboost|p2a: Infernape|evasion|1
|-sideend|p1: MaryLa|Stealth Rock|[from] move: Defog|[of] p1a: Excalibird
|
|turn|9
|
|move|p2a: Infernape|Overheat|p1a: Excalibird
|-supereffective|p1a: Excalibird
|-damage|p1a: Excalibird|0 fnt
|-unboost|p2a: Infernape|spa|2
|faint|p1a: Excalibird
|
|
|switch|p1a: Yuuya|Talonflame, M|96\/297
|turn|10
|
|switch|p2a: Talonflame|Talonflame, F|359\/359
|move|p1a: Yuuya|Swords Dance|p1a: Yuuya
|-boost|p1a: Yuuya|atk|2
|
|turn|11
|
|move|p2a: Talonflame|Brave Bird|p1a: Yuuya
|-damage|p1a: Yuuya|0 fnt
|-damage|p2a: Talonflame|327\/359|[from] recoil|[of] p1a: Yuuya
|faint|p1a: Yuuya
|
|-heal|p2a: Talonflame|349\/359|[from] item: Leftovers
|
|switch|p1a: Soap.avi|Rotom-Wash|91\/303
|turn|12
|
|move|p2a: Talonflame|Swords Dance|p2a: Talonflame
|-boost|p2a: Talonflame|atk|2
|move|p1a: Soap.avi|Rest|p1a: Soap.avi
|-status|p1a: Soap.avi|slp
|-heal|p1a: Soap.avi|303\/303 slp|[silent]
|-status|p1a: Soap.avi|slp|[from] move: Rest
|-enditem|p1a: Soap.avi|Chesto Berry|[eat]
|-curestatus|p1a: Soap.avi|slp
|
|-heal|p2a: Talonflame|359\/359|[from] item: Leftovers
|turn|13
|
|move|p2a: Talonflame|Brave Bird|p1a: Soap.avi
|-resisted|p1a: Soap.avi
|-damage|p1a: Soap.avi|218\/303
|-damage|p2a: Talonflame|331\/359|[from] recoil|[of] p1a: Soap.avi
|move|p1a: Soap.avi|Hydro Pump|p2a: Talonflame
|-supereffective|p2a: Talonflame
|-damage|p2a: Talonflame|97\/359
|
|-heal|p2a: Talonflame|119\/359|[from] item: Leftovers
|turn|14
|
|move|p2a: Talonflame|Roost|p2a: Talonflame
|-heal|p2a: Talonflame|299\/359
|move|p1a: Soap.avi|Hydro Pump|p2a: Talonflame
|-supereffective|p2a: Talonflame
|-damage|p2a: Talonflame|47\/359
|
|-heal|p2a: Talonflame|69\/359|[from] item: Leftovers
|turn|15
|
|switch|p2a: Serperior|Serperior, M|353\/353
|move|p1a: Soap.avi|Hydro Pump|p2a: Serperior
|-resisted|p2a: Serperior
|-damage|p2a: Serperior|280\/353
|
|-heal|p2a: Serperior|302\/353|[from] item: Leftovers
|turn|16
|
|switch|p1a: Uglier Blissey|Chansey, F|641\/641
|move|p2a: Serperior|Leaf Storm|p1a: Uglier Blissey
|-damage|p1a: Uglier Blissey|583\/641
|-boost|p2a: Serperior|spa|2
|
|-heal|p2a: Serperior|324\/353|[from] item: Leftovers
|turn|17
|
|move|p2a: Serperior|Taunt|p1a: Uglier Blissey
|-start|p1a: Uglier Blissey|move: Taunt
|cant|p1a: Uglier Blissey|move: Taunt|Toxic
|
|-heal|p2a: Serperior|346\/353|[from] item: Leftovers
|turn|18
|
|move|p2a: Serperior|Glare|p1a: Uglier Blissey
|-status|p1a: Uglier Blissey|par
|move|p1a: Uglier Blissey|Seismic Toss|p2a: Serperior
|-damage|p2a: Serperior|246\/353
|
|-heal|p2a: Serperior|268\/353|[from] item: Leftovers
|turn|19
|
|move|p2a: Serperior|Leaf Storm|p1a: Uglier Blissey
|-damage|p1a: Uglier Blissey|468\/641 par
|-boost|p2a: Serperior|spa|2
|move|p1a: Uglier Blissey|Seismic Toss|p2a: Serperior
|-damage|p2a: Serperior|168\/353
|
|-heal|p2a: Serperior|190\/353|[from] item: Leftovers
|-end|p1a: Uglier Blissey|move: Taunt
|turn|20
|
|move|p2a: Serperior|Taunt|p1a: Uglier Blissey
|-start|p1a: Uglier Blissey|move: Taunt
|move|p1a: Uglier Blissey|Seismic Toss|p2a: Serperior
|-damage|p2a: Serperior|90\/353
|
|-heal|p2a: Serperior|112\/353|[from] item: Leftovers
|turn|21
|
|move|p2a: Serperior|Synthesis|p2a: Serperior
|-heal|p2a: Serperior|288\/353
|move|p1a: Uglier Blissey|Seismic Toss|p2a: Serperior
|-damage|p2a: Serperior|188\/353
|
|-heal|p2a: Serperior|210\/353|[from] item: Leftovers
|turn|22
|
|move|p2a: Serperior|Leaf Storm|p1a: Uglier Blissey|[miss]
|-miss|p2a: Serperior|p1a: Uglier Blissey
|move|p1a: Uglier Blissey|Seismic Toss|p2a: Serperior
|-damage|p2a: Serperior|110\/353
|
|-heal|p2a: Serperior|132\/353|[from] item: Leftovers
|-end|p1a: Uglier Blissey|move: Taunt
|turn|23
|
|move|p2a: Serperior|Taunt|p1a: Uglier Blissey
|-start|p1a: Uglier Blissey|move: Taunt
|move|p1a: Uglier Blissey|Seismic Toss|p2a: Serperior
|-damage|p2a: Serperior|32\/353
|
|-heal|p2a: Serperior|54\/353|[from] item: Leftovers
|turn|24
|
|switch|p1a: Fluffy|Altaria-Mega, F|266\/354
|move|p2a: Serperior|Synthesis|p2a: Serperior
|-heal|p2a: Serperior|230\/353
|
|-heal|p2a: Serperior|252\/353|[from] item: Leftovers
|turn|25
|
|move|p2a: Serperior|Leaf Storm|p1a: Fluffy
|-resisted|p1a: Fluffy
|-damage|p1a: Fluffy|99\/354
|-boost|p2a: Serperior|spa|2
|move|p1a: Fluffy|Fire Blast|p2a: Serperior
|-supereffective|p2a: Serperior
|-damage|p2a: Serperior|0 fnt
|faint|p2a: Serperior
|
|
|switch|p2a: Infernape|Infernape, M|95\/293
|turn|26
|
|move|p2a: Infernape|Stealth Rock|p1a: Fluffy
|-sidestart|p1: MaryLa|move: Stealth Rock
|move|p1a: Fluffy|Roost|p1a: Fluffy
|-heal|p1a: Fluffy|276\/354
|
|turn|27
|
|move|p2a: Infernape|Endeavor|p1a: Fluffy
|-damage|p1a: Fluffy|95\/354
|move|p1a: Fluffy|Roost|p1a: Fluffy
|-heal|p1a: Fluffy|272\/354
|
|turn|28
|
|move|p2a: Infernape|Endeavor|p1a: Fluffy
|-damage|p1a: Fluffy|95\/354
|move|p1a: Fluffy|Hyper Voice|p2a: Infernape
|-damage|p2a: Infernape|0 fnt
|faint|p2a: Infernape
|
|
|switch|p2a: Excadrill|Excadrill, M|340\/412
|-ability|p2a: Excadrill|Mold Breaker
|turn|29
|
|move|p2a: Excadrill|Iron Head|p1a: Fluffy
|-supereffective|p1a: Fluffy
|-damage|p1a: Fluffy|0 fnt
|faint|p1a: Fluffy
|
|
|switch|p1a: ManBearPig|Mamoswine, M|423\/423
|-damage|p1a: ManBearPig|371\/423|[from] Stealth Rock
|turn|30
|
|switch|p2a: Talonflame|Talonflame, F|69\/359
|move|p1a: ManBearPig|Earthquake|p2a: Talonflame
|-immune|p2a: Talonflame|[msg]
|
|-heal|p2a: Talonflame|91\/359|[from] item: Leftovers
|turn|31
|
|move|p2a: Talonflame|Brave Bird|p1a: ManBearPig
|-crit|p1a: ManBearPig
|-damage|p1a: ManBearPig|160\/423
|-damage|p2a: Talonflame|21\/359|[from] recoil|[of] p1a: ManBearPig
|move|p1a: ManBearPig|Icicle Crash|p2a: Talonflame
|-damage|p2a: Talonflame|0 fnt
|faint|p2a: Talonflame
|
|
|switch|p2a: Gyarados|Gyarados-Mega, M|169\/331
|-ability|p2a: Gyarados|Mold Breaker
|turn|32
|
|move|p2a: Gyarados|Crunch|p1a: ManBearPig
|-damage|p1a: ManBearPig|0 fnt
|faint|p1a: ManBearPig
|
|
|switch|p1a: Soap.avi|Rotom-Wash|218\/303
|-damage|p1a: Soap.avi|181\/303|[from] Stealth Rock
|turn|33
|
|move|p2a: Gyarados|Earthquake|p1a: Soap.avi
|-supereffective|p1a: Soap.avi
|-damage|p1a: Soap.avi|1\/303
|move|p1a: Soap.avi|Will-O-Wisp|p2a: Gyarados|[miss]
|-miss|p1a: Soap.avi|p2a: Gyarados
|
|turn|34
|c|★MaryLa|gg den.
|c|★Iodic|gg
|
|move|p2a: Gyarados|Earthquake|p1a: Soap.avi
|-supereffective|p1a: Soap.avi
|-damage|p1a: Soap.avi|0 fnt
|faint|p1a: Soap.avi
|
|
|switch|p1a: Uglier Blissey|Chansey, F|468\/641
|-damage|p1a: Uglier Blissey|388\/641|[from] Stealth Rock
|turn|35
|
|move|p2a: Gyarados|Substitute|p2a: Gyarados
|-start|p2a: Gyarados|Substitute
|-damage|p2a: Gyarados|87\/331
|move|p1a: Uglier Blissey|Soft-Boiled|p1a: Uglier Blissey
|-heal|p1a: Uglier Blissey|641\/641
|
|turn|36
|
|move|p2a: Gyarados|Dragon Dance|p2a: Gyarados
|-boost|p2a: Gyarados|atk|1
|-boost|p2a: Gyarados|spe|1
|move|p1a: Uglier Blissey|Seismic Toss|p2a: Gyarados
|-end|p2a: Gyarados|Substitute
|
|turn|37
|
|move|p2a: Gyarados|Crunch|p1a: Uglier Blissey
|-damage|p1a: Uglier Blissey|317\/641
|move|p1a: Uglier Blissey|Seismic Toss|p2a: Gyarados
|-damage|p2a: Gyarados|0 fnt
|faint|p2a: Gyarados
|
|
|switch|p2a: Azumarill|Azumarill, F|362\/362
|turn|38
|
|move|p2a: Azumarill|Belly Drum|p2a: Azumarill
|-damage|p2a: Azumarill|181\/362
|-setboost|p2a: Azumarill|atk|6|[from] move: Belly Drum
|-enditem|p2a: Azumarill|Sitrus Berry|[eat]
|-heal|p2a: Azumarill|271\/362|[from] item: Sitrus Berry
|move|p1a: Uglier Blissey|Soft-Boiled|p1a: Uglier Blissey
|-heal|p1a: Uglier Blissey|638\/641
|
|turn|39
|
|move|p2a: Azumarill|Knock Off|p1a: Uglier Blissey
|-damage|p1a: Uglier Blissey|0 fnt
|-enditem|p1a: Uglier Blissey|Eviolite|[from] move: Knock Off|[of] p2a: Azumarill
|faint|p1a: Uglier Blissey
|
|win|Iodic
|raw|Ladder updating...
|raw|MaryLa's rating: 1463 &rarr; <strong>1447<\/strong><br \/>(-16 for losing)
|raw|Iodic's rating: 1533 &rarr; <strong>1549<\/strong><br \/>(+16 for winning)