|join|Iodic
|join|Viability Test
|player|p1|Iodic|170
|player|p2|Viability Test|73
|gametype|singles
|gen|6
|tier|OU
|rated
|clearpoke
|poke|p1|Sylveon, M
|poke|p1|Slowbro, F
|poke|p1|Scizor, F
|poke|p1|Garchomp, M, shiny
|poke|p1|Rotom-Wash
|poke|p1|Lopunny, M
|poke|p2|Heatran, M
|poke|p2|Metagross
|poke|p2|Rotom-Wash
|poke|p2|Latias, F
|poke|p2|Bisharp, F
|poke|p2|Keldeo
|rule|Swagger Clause: Swagger is banned
|rule|Baton Pass Clause: Limit one Pokémon knowing Baton Pass
|rule|Sleep Clause Mod: Limit one foe put to sleep
|rule|Species Clause: Limit one of each Pokémon
|rule|OHKO Clause: OHKO moves are banned
|rule|Moody Clause: Moody is banned
|rule|Evasion Moves Clause: Evasion moves are banned
|rule|Endless Battle Clause: Forcing endless battles is banned
|rule|HP Percentage Mod: HP is shown in percentages
|teampreview
|
|start
|switch|p1a: Garlock|Garchomp, M, shiny|357\/357
|switch|p2a: Scrotom|Rotom-Wash|304\/304
|turn|1
|c|★Iodic|das not a viability test T_T
|join|entrenador mjc
|c|★Viability Test|??
|c|★Viability Test|What do you mean?
|c|★Iodic|just a joke
|c|★Iodic|like those are all super viable in OU
|c|★Viability Test|I just use this account to test teams I put together.
|
|switch|p1a: Ladykiller|Sylveon, M|392\/392
|move|p2a: Scrotom|Will-O-Wisp|p1a: Ladykiller
|-status|p1a: Ladykiller|brn
|
|-damage|p1a: Ladykiller|343\/392 brn|[from] brn
|turn|2
|
|move|p2a: Scrotom|Volt Switch|p1a: Ladykiller
|-damage|p1a: Ladykiller|271\/392 brn
|
|switch|p2a: Lore|Heatran, M|386\/386
|move|p1a: Ladykiller|Baton Pass|p1a: Ladykiller
|
|switch|p1a: Garlock|Garchomp, M, shiny|357\/357
|
|turn|3
|
|switch|p2a: Amy Rose|Latias, F|301\/301
|move|p1a: Garlock|Stealth Rock|p2a: Amy Rose
|-sidestart|p2: Viability Test|move: Stealth Rock
|
|turn|4
|
|switch|p2a: Scrotom|Rotom-Wash|304\/304
|-damage|p2a: Scrotom|266\/304|[from] Stealth Rock
|switch|p1a: Impreza|Scizor, F|343\/343
|
|turn|5
|
|switch|p1a: Ladykiller|Sylveon, M|271\/392 brn
|move|p2a: Scrotom|Will-O-Wisp|p1a: Ladykiller|[miss]
|-miss|p2a: Scrotom|p1a: Ladykiller
|
|-damage|p1a: Ladykiller|222\/392 brn|[from] brn
|turn|6
|
|move|p2a: Scrotom|Volt Switch|p1a: Ladykiller
|-crit|p1a: Ladykiller
|-damage|p1a: Ladykiller|123\/392 brn
|
|switch|p2a: Lore|Heatran, M|386\/386
|-damage|p2a: Lore|338\/386|[from] Stealth Rock
|move|p1a: Ladykiller|Hyper Voice|p2a: Lore
|-resisted|p2a: Lore
|-damage|p2a: Lore|284\/386
|
|-heal|p2a: Lore|308\/386|[from] item: Leftovers
|-damage|p1a: Ladykiller|74\/392 brn|[from] brn
|turn|7
|
|switch|p1a: Garlock|Garchomp, M, shiny|357\/357
|move|p2a: Lore|Stealth Rock|p1a: Garlock
|-sidestart|p1: Iodic|move: Stealth Rock
|
|-heal|p2a: Lore|332\/386|[from] item: Leftovers
|turn|8
|
|switch|p2a: Scrotom|Rotom-Wash|266\/304
|-damage|p2a: Scrotom|228\/304|[from] Stealth Rock
|move|p1a: Garlock|Dragon Claw|p2a: Scrotom
|-damage|p2a: Scrotom|103\/304
|-damage|p1a: Garlock|322\/357|[from] item: Life Orb
|
|turn|9
|
|move|p1a: Garlock|Dragon Claw|p2a: Scrotom
|-damage|p2a: Scrotom|0 fnt
|-damage|p1a: Garlock|287\/357|[from] item: Life Orb
|faint|p2a: Scrotom
|
|
|switch|p2a: Bryony|Keldeo|324\/324
|-damage|p2a: Bryony|304\/324|[from] Stealth Rock
|turn|10
|
|switch|p1a: Gretchen|Slowbro, F|394\/394
|-damage|p1a: Gretchen|345\/394|[from] Stealth Rock
|move|p2a: Bryony|Substitute|p2a: Bryony
|-start|p2a: Bryony|Substitute
|-damage|p2a: Bryony|223\/324
|
|-heal|p2a: Bryony|243\/324|[from] item: Leftovers
|-heal|p1a: Gretchen|369\/394|[from] item: Leftovers
|turn|11
|leave|entrenador mjc
|
|switch|p1a: Impreza|Scizor, F|343\/343
|-damage|p1a: Impreza|301\/343|[from] Stealth Rock
|move|p2a: Bryony|Scald|p1a: Impreza
|-damage|p1a: Impreza|142\/343
|-status|p1a: Impreza|brn
|
|-heal|p2a: Bryony|263\/324|[from] item: Leftovers
|-damage|p1a: Impreza|100\/343 brn|[from] brn
|turn|12
|
|move|p2a: Bryony|Calm Mind|p2a: Bryony
|-boost|p2a: Bryony|spa|1
|-boost|p2a: Bryony|spd|1
|move|p1a: Impreza|Superpower|p2a: Bryony
|-end|p2a: Bryony|Substitute
|-unboost|p1a: Impreza|atk|1
|-unboost|p1a: Impreza|def|1
|
|-heal|p2a: Bryony|283\/324|[from] item: Leftovers
|-damage|p1a: Impreza|58\/343 brn|[from] brn
|turn|13
|
|switch|p1a: Ecto|Rotom-Wash|304\/304
|-damage|p1a: Ecto|266\/304|[from] Stealth Rock
|move|p2a: Bryony|Substitute|p2a: Bryony
|-start|p2a: Bryony|Substitute
|-damage|p2a: Bryony|202\/324
|
|-heal|p2a: Bryony|222\/324|[from] item: Leftovers
|-heal|p1a: Ecto|285\/304|[from] item: Leftovers
|turn|14
|
|move|p2a: Bryony|Secret Sword|p1a: Ecto
|-damage|p1a: Ecto|71\/304
|move|p1a: Ecto|Volt Switch|p2a: Bryony
|-supereffective|p2a: Bryony
|-end|p2a: Bryony|Substitute
|
|switch|p1a: Prince|Lopunny, M|272\/272
|-damage|p1a: Prince|238\/272|[from] Stealth Rock
|
|-heal|p2a: Bryony|242\/324|[from] item: Leftovers
|turn|15
|
|switch|p2a: Despair|Metagross|301\/301
|-damage|p2a: Despair|283\/301|[from] Stealth Rock
|detailschange|p1a: Prince|Lopunny-Mega, M
|-mega|p1a: Prince|Lopunny|Lopunnite
|move|p1a: Prince|Fake Out|p2a: Despair
|-resisted|p2a: Despair
|-damage|p2a: Despair|254\/301
|
|turn|16
|
|switch|p1a: Gretchen|Slowbro, F|394\/394
|-damage|p1a: Gretchen|345\/394|[from] Stealth Rock
|detailschange|p2a: Despair|Metagross-Mega
|-mega|p2a: Despair|Metagross|Metagrossite
|move|p2a: Despair|Iron Head|p1a: Gretchen
|-resisted|p1a: Gretchen
|-damage|p1a: Gretchen|278\/394
|
|-heal|p1a: Gretchen|302\/394|[from] item: Leftovers
|turn|17
|
|switch|p2a: Lore|Heatran, M|332\/386
|-damage|p2a: Lore|284\/386|[from] Stealth Rock
|move|p1a: Gretchen|Thunder Wave|p2a: Lore
|-status|p2a: Lore|par
|
|-heal|p1a: Gretchen|326\/394|[from] item: Leftovers
|-heal|p2a: Lore|308\/386 par|[from] item: Leftovers
|turn|18
|
|move|p1a: Gretchen|Scald|p2a: Lore
|-supereffective|p2a: Lore
|-damage|p2a: Lore|156\/386 par
|move|p2a: Lore|Toxic|p1a: Gretchen|[miss]
|-miss|p2a: Lore|p1a: Gretchen
|
|-heal|p1a: Gretchen|350\/394|[from] item: Leftovers
|-heal|p2a: Lore|180\/386 par|[from] item: Leftovers
|turn|19
|
|switch|p1a: Impreza|Scizor, F|58\/343 brn
|-damage|p1a: Impreza|16\/343 brn|[from] Stealth Rock
|move|p2a: Lore|Fire Blast|p1a: Impreza
|-supereffective|p1a: Impreza
|-damage|p1a: Impreza|0 fnt
|faint|p1a: Impreza
|
|-heal|p2a: Lore|204\/386 par|[from] item: Leftovers
|
|switch|p1a: Prince|Lopunny-Mega, M|238\/272
|-damage|p1a: Prince|221\/272|[from] Stealth Rock
|turn|20
|
|switch|p2a: Amy Rose|Latias, F|301\/301
|-damage|p2a: Amy Rose|264\/301|[from] Stealth Rock
|move|p1a: Prince|Power-Up Punch|p2a: Amy Rose
|-resisted|p2a: Amy Rose
|-damage|p2a: Amy Rose|222\/301
|-boost|p1a: Prince|atk|1
|
|turn|21
|
|move|p1a: Prince|Return|p2a: Amy Rose
|-damage|p2a: Amy Rose|0 fnt
|faint|p2a: Amy Rose
|
|
|switch|p2a: Despair|Metagross-Mega|254\/301
|-damage|p2a: Despair|236\/301|[from] Stealth Rock
|turn|22
|
|switch|p1a: Gretchen|Slowbro, F|394\/394
|-damage|p1a: Gretchen|345\/394|[from] Stealth Rock
|move|p2a: Despair|Iron Head|p1a: Gretchen
|-resisted|p1a: Gretchen
|-damage|p1a: Gretchen|270\/394
|
|-heal|p1a: Gretchen|294\/394|[from] item: Leftovers
|turn|23
|c|★Viability Test|The one game I take off grass knot
|c|★Iodic|haha
|
|switch|p2a: Avarice|Bisharp, F|334\/334
|-damage|p2a: Avarice|314\/334|[from] Stealth Rock
|move|p1a: Gretchen|Scald|p2a: Avarice
|-damage|p2a: Avarice|173\/334
|
|-heal|p2a: Avarice|193\/334|[from] item: Leftovers
|-heal|p1a: Gretchen|318\/394|[from] item: Leftovers
|turn|24
|
|switch|p1a: Ladykiller|Sylveon, M|74\/392 brn
|-damage|p1a: Ladykiller|25\/392 brn|[from] Stealth Rock
|move|p2a: Avarice|Iron Head|p1a: Ladykiller
|-supereffective|p1a: Ladykiller
|-damage|p1a: Ladykiller|0 fnt
|faint|p1a: Ladykiller
|
|-heal|p2a: Avarice|213\/334|[from] item: Leftovers
|
|switch|p1a: Prince|Lopunny-Mega, M|221\/272
|-damage|p1a: Prince|204\/272|[from] Stealth Rock
|turn|25
|
|switch|p2a: Lore|Heatran, M|204\/386 par
|-damage|p2a: Lore|156\/386 par|[from] Stealth Rock
|move|p1a: Prince|Power-Up Punch|p2a: Lore
|-supereffective|p2a: Lore
|-damage|p2a: Lore|18\/386 par
|-boost|p1a: Prince|atk|1
|
|-heal|p2a: Lore|42\/386 par|[from] item: Leftovers
|turn|26
|
|move|p1a: Prince|Power-Up Punch|p2a: Lore
|-supereffective|p2a: Lore
|-damage|p2a: Lore|0 fnt
|-boost|p1a: Prince|atk|1
|faint|p2a: Lore
|
|
|switch|p2a: Despair|Metagross-Mega|236\/301
|-damage|p2a: Despair|218\/301|[from] Stealth Rock
|turn|27
|
|move|p2a: Despair|Bullet Punch|p1a: Prince
|-damage|p1a: Prince|104\/272
|move|p1a: Prince|Drain Punch|p2a: Despair
|-damage|p2a: Despair|26\/301
|-heal|p1a: Prince|200\/272|[from] drain|[of] p2a: Despair
|
|turn|28
|c|★Iodic|no psychic stab?
|c|★Viability Test|I thought you'd knock me out
|
|move|p2a: Despair|Bullet Punch|p1a: Prince
|-damage|p1a: Prince|98\/272
|move|p1a: Prince|Power-Up Punch|p2a: Despair
|-damage|p2a: Despair|0 fnt
|-boost|p1a: Prince|atk|1
|faint|p2a: Despair
|
|
|switch|p2a: Avarice|Bisharp, F|213\/334
|-damage|p2a: Avarice|193\/334|[from] Stealth Rock
|turn|29
|
|move|p2a: Avarice|Sucker Punch|p1a: Prince
|-resisted|p1a: Prince
|-damage|p1a: Prince|25\/272
|move|p1a: Prince|Drain Punch|p2a: Avarice
|-supereffective|p2a: Avarice
|-damage|p2a: Avarice|0 fnt
|-heal|p1a: Prince|122\/272|[from] drain|[of] p2a: Avarice
|faint|p2a: Avarice
|
|c|★Viability Test|gg
|-message|Viability Test forfeited.
|c|★Iodic|gg, thought you had me with keldeo
|
|win|Iodic
|raw|Ladder updating...
|raw|Iodic's rating: 1363 &rarr; <strong>1387<\/strong><br \/>(+24 for winning)
|raw|Viability Test's rating: 1417 &rarr; <strong>1394<\/strong><br \/>(-23 for losing)
|leave|Viability Test