|join|Iodic
|join|Here to GG
|player|p1|Iodic|264
|player|p2|Here to GG|148
|gametype|singles
|gen|6
|tier|OU
|rated
|clearpoke
|poke|p1|Excadrill, F
|poke|p1|Azumarill, F
|poke|p1|Talonflame, F
|poke|p1|Serperior, M
|poke|p1|Infernape, F
|poke|p1|Gyarados, M
|poke|p2|Lopunny, F
|poke|p2|Manaphy
|poke|p2|Rotom-Wash
|poke|p2|Garchomp, F
|poke|p2|Heatran, M
|poke|p2|Latios, M
|rule|Swagger Clause: Swagger is banned
|rule|Baton Pass Clause: Limit one Pokémon knowing Baton Pass
|rule|Sleep Clause Mod: Limit one foe put to sleep
|rule|Species Clause: Limit one of each Pokémon
|rule|OHKO Clause: OHKO moves are banned
|rule|Moody Clause: Moody is banned
|rule|Evasion Moves Clause: Evasion moves are banned
|rule|Endless Battle Clause: Forcing endless battles is banned
|rule|HP Percentage Mod: HP is shown in percentages
|teampreview
|
|start
|switch|p1a: Gyarados|Gyarados, M|331\/331
|switch|p2a: Lopunny|Lopunny, F|271\/271
|-ability|p1a: Gyarados|Intimidate|[of] p2a: Lopunny
|-unboost|p2a: Lopunny|atk|1
|turn|1
|
|detailschange|p2a: Lopunny|Lopunny-Mega, F
|-mega|p2a: Lopunny|Lopunny|Lopunnite
|move|p2a: Lopunny|Fake Out|p1a: Gyarados
|-damage|p1a: Gyarados|268\/331
|cant|p1a: Gyarados|flinch
|
|turn|2
|
|move|p2a: Lopunny|Return|p1a: Gyarados
|-damage|p1a: Gyarados|121\/331
|move|p1a: Gyarados|Dragon Dance|p1a: Gyarados
|-boost|p1a: Gyarados|atk|1
|-boost|p1a: Gyarados|spe|1
|
|turn|3
|
|switch|p2a: Garchomp|Garchomp, F|420\/420
|detailschange|p1a: Gyarados|Gyarados-Mega, M
|-mega|p1a: Gyarados|Gyarados|Gyaradosite
|-ability|p1a: Gyarados|Mold Breaker
|move|p1a: Gyarados|Earthquake|p2a: Garchomp
|-damage|p2a: Garchomp|275\/420
|
|turn|4
|
|move|p1a: Gyarados|Substitute|p1a: Gyarados
|-start|p1a: Gyarados|Substitute
|-damage|p1a: Gyarados|39\/331
|move|p2a: Garchomp|Stealth Rock|p1a: Gyarados
|-sidestart|p1: Iodic|move: Stealth Rock
|
|turn|5
|
|move|p1a: Gyarados|Dragon Dance|p1a: Gyarados
|-boost|p1a: Gyarados|atk|1
|-boost|p1a: Gyarados|spe|1
|move|p2a: Garchomp|Earthquake|p1a: Gyarados
|-end|p1a: Gyarados|Substitute
|
|turn|6
|
|move|p1a: Gyarados|Earthquake|p2a: Garchomp
|-damage|p2a: Garchomp|90\/420
|move|p2a: Garchomp|Earthquake|p1a: Gyarados
|-damage|p1a: Gyarados|0 fnt
|faint|p1a: Gyarados
|
|
|switch|p1a: Serperior|Serperior, M|353\/353
|-damage|p1a: Serperior|309\/353|[from] Stealth Rock
|turn|7
|
|switch|p2a: Heatran|Heatran, M|323\/323
|move|p1a: Serperior|Glare|p2a: Heatran
|-status|p2a: Heatran|par
|
|-heal|p1a: Serperior|331\/353|[from] item: Leftovers
|turn|8
|
|switch|p1a: Infernape|Infernape, F|293\/293
|-damage|p1a: Infernape|257\/293|[from] Stealth Rock
|switch|p2a: Rotom-Wash|Rotom-Wash|304\/304
|
|turn|9
|
|move|p1a: Infernape|Stealth Rock|p2a: Rotom-Wash
|-sidestart|p2: Here to GG|move: Stealth Rock
|move|p2a: Rotom-Wash|Hydro Pump|p1a: Infernape|[miss]
|-miss|p2a: Rotom-Wash|p1a: Infernape
|
|turn|10
|c|★Here to GG|fuck
|
|switch|p1a: Serperior|Serperior, M|331\/353
|-damage|p1a: Serperior|287\/353|[from] Stealth Rock
|move|p2a: Rotom-Wash|Volt Switch|p1a: Serperior
|-resisted|p1a: Serperior
|-damage|p1a: Serperior|240\/353
|
|switch|p2a: Lopunny|Lopunny-Mega, F|271\/271
|-damage|p2a: Lopunny|255\/271|[from] Stealth Rock
|
|-heal|p1a: Serperior|262\/353|[from] item: Leftovers
|turn|11
|
|move|p2a: Lopunny|High Jump Kick|p1a: Serperior
|-damage|p1a: Serperior|30\/353
|move|p1a: Serperior|Glare|p2a: Lopunny
|-status|p2a: Lopunny|par
|
|-heal|p1a: Serperior|52\/353|[from] item: Leftovers
|turn|12
|
|switch|p2a: Heatran|Heatran, M|323\/323 par
|-damage|p2a: Heatran|283\/323 par|[from] Stealth Rock
|move|p1a: Serperior|Leaf Storm|p2a: Heatran
|-resisted|p2a: Heatran
|-damage|p2a: Heatran|255\/323 par
|-boost|p1a: Serperior|spa|2
|
|-heal|p1a: Serperior|74\/353|[from] item: Leftovers
|turn|13
|
|move|p1a: Serperior|Synthesis|p1a: Serperior
|-heal|p1a: Serperior|250\/353
|move|p2a: Heatran|Flash Cannon|p1a: Serperior
|-damage|p1a: Serperior|96\/353
|-boost|p1a: Serperior|spd|1
|
|-heal|p1a: Serperior|118\/353|[from] item: Leftovers
|turn|14
|c|★Here to GG|lmao
|c|★Iodic|lol
|
|switch|p2a: Latios|Latios, M|301\/301
|-damage|p2a: Latios|264\/301|[from] Stealth Rock
|move|p1a: Serperior|Synthesis|p1a: Serperior
|-heal|p1a: Serperior|294\/353
|
|-heal|p1a: Serperior|316\/353|[from] item: Leftovers
|turn|15
|
|switch|p2a: Heatran|Heatran, M|255\/323 par
|-damage|p2a: Heatran|215\/323 par|[from] Stealth Rock
|move|p1a: Serperior|Glare|p2a: Heatran
|-fail|p2a: Heatran|par
|
|-heal|p1a: Serperior|338\/353|[from] item: Leftovers
|turn|16
|
|switch|p1a: Talonflame|Talonflame, F|359\/359
|-damage|p1a: Talonflame|180\/359|[from] Stealth Rock
|move|p2a: Heatran|Fire Blast|p1a: Talonflame
|-crit|p1a: Talonflame
|-resisted|p1a: Talonflame
|-damage|p1a: Talonflame|43\/359
|
|-heal|p1a: Talonflame|65\/359|[from] item: Leftovers
|turn|17
|
|switch|p2a: Rotom-Wash|Rotom-Wash|304\/304
|-damage|p2a: Rotom-Wash|266\/304|[from] Stealth Rock
|move|p1a: Talonflame|Roost|p1a: Talonflame
|-heal|p1a: Talonflame|245\/359
|
|-heal|p1a: Talonflame|267\/359|[from] item: Leftovers
|turn|18
|
|move|p1a: Talonflame|Will-O-Wisp|p2a: Rotom-Wash
|-status|p2a: Rotom-Wash|brn
|move|p2a: Rotom-Wash|Will-O-Wisp|p1a: Talonflame
|-fail|p1a: Talonflame
|
|-heal|p1a: Talonflame|289\/359|[from] item: Leftovers
|-damage|p2a: Rotom-Wash|228\/304 brn|[from] brn
|turn|19
|
|move|p1a: Talonflame|Swords Dance|p1a: Talonflame
|-boost|p1a: Talonflame|atk|2
|move|p2a: Rotom-Wash|Volt Switch|p1a: Talonflame
|-supereffective|p1a: Talonflame
|-damage|p1a: Talonflame|119\/359
|
|switch|p2a: Garchomp|Garchomp, F|90\/420
|-damage|p2a: Garchomp|64\/420|[from] Stealth Rock
|
|-heal|p1a: Talonflame|141\/359|[from] item: Leftovers
|turn|20
|
|move|p1a: Talonflame|Brave Bird|p2a: Garchomp
|-damage|p2a: Garchomp|0 fnt
|-damage|p1a: Talonflame|97\/359|[from] ability: Rough Skin|[of] p2a: Garchomp
|-damage|p1a: Talonflame|38\/359|[from] item: Rocky Helmet|[of] p2a: Garchomp
|-damage|p1a: Talonflame|17\/359|[from] recoil|[of] p2a: Garchomp
|faint|p2a: Garchomp
|
|-heal|p1a: Talonflame|39\/359|[from] item: Leftovers
|
|switch|p2a: Lopunny|Lopunny-Mega, F|255\/271 par
|-damage|p2a: Lopunny|239\/271 par|[from] Stealth Rock
|turn|21
|
|move|p1a: Talonflame|Brave Bird|p2a: Lopunny
|-supereffective|p2a: Lopunny
|-damage|p2a: Lopunny|0 fnt
|-damage|p1a: Talonflame|0 fnt|[from] recoil|[of] p2a: Lopunny
|faint|p2a: Lopunny
|faint|p1a: Talonflame
|
|
|switch|p1a: Serperior|Serperior, M|338\/353
|switch|p2a: Manaphy|Manaphy|403\/403
|-damage|p1a: Serperior|294\/353|[from] Stealth Rock
|-damage|p2a: Manaphy|353\/403|[from] Stealth Rock
|turn|22
|
|switch|p2a: Heatran|Heatran, M|215\/323 par
|-damage|p2a: Heatran|175\/323 par|[from] Stealth Rock
|move|p1a: Serperior|Leaf Storm|p2a: Heatran
|-resisted|p2a: Heatran
|-damage|p2a: Heatran|147\/323 par
|-boost|p1a: Serperior|spa|2
|
|-heal|p1a: Serperior|316\/353|[from] item: Leftovers
|turn|23
|
|switch|p1a: Infernape|Infernape, F|257\/293
|-damage|p1a: Infernape|221\/293|[from] Stealth Rock
|switch|p2a: Rotom-Wash|Rotom-Wash|228\/304 brn
|-damage|p2a: Rotom-Wash|190\/304 brn|[from] Stealth Rock
|
|-damage|p2a: Rotom-Wash|152\/304 brn|[from] brn
|turn|24
|
|switch|p1a: Excadrill|Excadrill, F|412\/412
|-damage|p1a: Excadrill|400\/412|[from] Stealth Rock
|-ability|p1a: Excadrill|Mold Breaker
|move|p2a: Rotom-Wash|Rest|p2a: Rotom-Wash
|-status|p2a: Rotom-Wash|slp
|-heal|p2a: Rotom-Wash|304\/304 slp|[silent]
|-status|p2a: Rotom-Wash|slp|[from] move: Rest
|-enditem|p2a: Rotom-Wash|Chesto Berry|[eat]
|-curestatus|p2a: Rotom-Wash|slp
|
|turn|25
|
|switch|p2a: Manaphy|Manaphy|353\/403
|-damage|p2a: Manaphy|303\/403|[from] Stealth Rock
|move|p1a: Excadrill|Earthquake|p2a: Manaphy
|-damage|p2a: Manaphy|180\/403
|
|-heal|p2a: Manaphy|205\/403|[from] item: Leftovers
|turn|26
|
|switch|p1a: Serperior|Serperior, M|316\/353
|-damage|p1a: Serperior|272\/353|[from] Stealth Rock
|move|p2a: Manaphy|Scald|p1a: Serperior
|-crit|p1a: Serperior
|-resisted|p1a: Serperior
|-damage|p1a: Serperior|200\/353
|
|-heal|p1a: Serperior|222\/353|[from] item: Leftovers
|-heal|p2a: Manaphy|230\/403|[from] item: Leftovers
|turn|27
|
|switch|p2a: Heatran|Heatran, M|147\/323 par
|-damage|p2a: Heatran|107\/323 par|[from] Stealth Rock
|move|p1a: Serperior|Leaf Storm|p2a: Heatran
|-resisted|p2a: Heatran
|-damage|p2a: Heatran|81\/323 par
|-boost|p1a: Serperior|spa|2
|
|-heal|p1a: Serperior|244\/353|[from] item: Leftovers
|turn|28
|-message|Here to GG forfeited.
|
|win|Iodic
|raw|Ladder updating...
|leave|Here to GG
|player|p2
|raw|Iodic's rating: 1622 &rarr; <strong>1645<\/strong><br \/>(+23 for winning)
|raw|Here to GG's rating: 1675 &rarr; <strong>1652<\/strong><br \/>(-23 for losing)