|join|ttte
|join|Iodic
|player|p1|ttte|87
|player|p2|Iodic|264
|gametype|singles
|gen|6
|tier|OU
|rated
|clearpoke
|poke|p1|Gallade, M, shiny
|poke|p1|Excadrill, M
|poke|p1|Terrakion
|poke|p1|Thundurus, M, shiny
|poke|p1|Goodra, F
|poke|p1|Slowbro, F
|poke|p2|Sylveon, F
|poke|p2|Slowbro, M
|poke|p2|Scizor, M
|poke|p2|Lopunny, F, shiny
|poke|p2|Serperior, F
|poke|p2|Tyranitar, M
|rule|Swagger Clause: Swagger is banned
|rule|Baton Pass Clause: Limit one Pokémon knowing Baton Pass
|rule|Sleep Clause Mod: Limit one foe put to sleep
|rule|Species Clause: Limit one of each Pokémon
|rule|OHKO Clause: OHKO moves are banned
|rule|Moody Clause: Moody is banned
|rule|Evasion Moves Clause: Evasion moves are banned
|rule|Endless Battle Clause: Forcing endless battles is banned
|rule|HP Percentage Mod: HP is shown in percentages
|teampreview
|
|start
|switch|p1a: Aragorn|Gallade, M, shiny|278\/278
|switch|p2a: Victoria|Serperior, F|353\/353
|turn|1
|
|detailschange|p1a: Aragorn|Gallade-Mega, M, shiny
|-mega|p1a: Aragorn|Gallade|Galladite
|move|p2a: Victoria|Reflect|p2a: Victoria
|-sidestart|p2: Iodic|Reflect
|move|p1a: Aragorn|Knock Off|p2a: Victoria
|-damage|p2a: Victoria|278\/353
|-enditem|p2a: Victoria|Light Clay|[from] move: Knock Off|[of] p1a: Aragorn
|
|turn|2
|
|switch|p1a: Voltolos|Thundurus, M, shiny|300\/300
|move|p2a: Victoria|Leech Seed|p1a: Voltolos
|-start|p1a: Voltolos|move: Leech Seed
|
|-damage|p1a: Voltolos|263\/300|[from] Leech Seed|[of] p2a: Victoria
|-heal|p2a: Victoria|315\/353|[silent]
|turn|3
|
|switch|p2a: Caesar|Tyranitar, M|404\/404
|-weather|Sandstorm
|move|p1a: Voltolos|Taunt|p2a: Caesar
|-start|p2a: Caesar|move: Taunt
|
|-weather|Sandstorm|[upkeep]
|-damage|p1a: Voltolos|245\/300|[from] sandstorm
|-damage|p1a: Voltolos|208\/300|[from] Leech Seed|[of] p2a: Caesar
|turn|4
|
|switch|p1a: Aragorn|Gallade-Mega, M, shiny|278\/278
|switch|p2a: Victoria|Serperior, F|315\/353
|
|-weather|Sandstorm|[upkeep]
|-damage|p2a: Victoria|293\/353|[from] sandstorm
|-damage|p1a: Aragorn|261\/278|[from] sandstorm
|turn|5
|
|move|p2a: Victoria|Leaf Storm|p1a: Aragorn
|-damage|p1a: Aragorn|150\/278
|-boost|p2a: Victoria|spa|2
|move|p1a: Aragorn|Ice Punch|p2a: Victoria
|-supereffective|p2a: Victoria
|-damage|p2a: Victoria|186\/353
|-status|p2a: Victoria|frz
|
|-weather|Sandstorm|[upkeep]
|-damage|p2a: Victoria|164\/353 frz|[from] sandstorm
|-damage|p1a: Aragorn|133\/278|[from] sandstorm
|turn|6
|c|★ttte|:0
|
|cant|p2a: Victoria|frz
|move|p1a: Aragorn|Drain Punch|p2a: Victoria
|-damage|p2a: Victoria|86\/353 frz
|-heal|p1a: Aragorn|172\/278|[from] drain|[of] p2a: Victoria
|
|-weather|Sandstorm|[upkeep]
|-damage|p2a: Victoria|64\/353 frz|[from] sandstorm
|-damage|p1a: Aragorn|155\/278|[from] sandstorm
|turn|7
|c|★Iodic|:0
|
|cant|p2a: Victoria|frz
|move|p1a: Aragorn|Drain Punch|p2a: Victoria
|-damage|p2a: Victoria|0 fnt
|-heal|p1a: Aragorn|187\/278|[from] drain|[of] p2a: Victoria
|faint|p2a: Victoria
|
|-weather|none
|
|switch|p2a: Henry|Slowbro, M|394\/394
|turn|8
|
|switch|p1a: Voltolos|Thundurus, M, shiny|208\/300
|move|p2a: Henry|Scald|p1a: Voltolos
|-damage|p1a: Voltolos|97\/300
|
|-sideend|p2: Iodic|Reflect
|turn|9
|
|move|p1a: Voltolos|Volt Switch|p2a: Henry
|-supereffective|p2a: Henry
|-damage|p2a: Henry|104\/394
|
|switch|p1a: Schleimi|Goodra, F|384\/384
|move|p2a: Henry|Scald|p1a: Schleimi
|-resisted|p1a: Schleimi
|-damage|p1a: Schleimi|366\/384
|
|-heal|p2a: Henry|128\/394|[from] item: Leftovers
|turn|10
|
|switch|p2a: Catherine|Sylveon, F|392\/392
|move|p1a: Schleimi|Draco Meteor|p2a: Catherine
|-immune|p2a: Catherine|[msg]
|
|turn|11
|
|move|p1a: Schleimi|Sludge Bomb|p2a: Catherine
|-supereffective|p2a: Catherine
|-damage|p2a: Catherine|264\/392
|move|p2a: Catherine|Hyper Voice|p1a: Schleimi
|-supereffective|p1a: Schleimi
|-damage|p1a: Schleimi|130\/384
|
|turn|12
|
|switch|p1a: Stalobor|Excadrill, M|362\/362
|-ability|p1a: Stalobor|Mold Breaker
|switch|p2a: Stalin|Scizor, M|343\/343
|
|turn|13
|c|★ttte|Nice names.
|
|move|p1a: Stalobor|Stealth Rock|p2a: Stalin
|-sidestart|p2: Iodic|move: Stealth Rock
|move|p2a: Stalin|Superpower|p1a: Stalobor
|-supereffective|p1a: Stalobor
|-enditem|p1a: Stalobor|Focus Sash
|-damage|p1a: Stalobor|1\/362
|-unboost|p2a: Stalin|atk|1
|-unboost|p2a: Stalin|def|1
|
|turn|14
|c|★Iodic|ty
|
|switch|p1a: Lahmus|Slowbro, F|394\/394
|switch|p2a: Henry|Slowbro, M|259\/394
|-damage|p2a: Henry|210\/394|[from] Stealth Rock
|
|-heal|p2a: Henry|234\/394|[from] item: Leftovers
|turn|15
|
|switch|p2a: Caesar|Tyranitar, M|404\/404
|-damage|p2a: Caesar|354\/404|[from] Stealth Rock
|-weather|Sandstorm
|move|p1a: Lahmus|Scald|p2a: Caesar
|-supereffective|p2a: Caesar
|-damage|p2a: Caesar|232\/404
|
|-weather|Sandstorm|[upkeep]
|-damage|p1a: Lahmus|370\/394|[from] sandstorm
|-heal|p2a: Caesar|257\/404|[from] item: Leftovers
|turn|16
|
|switch|p1a: Terrakium|Terrakion|324\/324
|move|p2a: Caesar|Stealth Rock|p1a: Terrakium
|-sidestart|p1: ttte|move: Stealth Rock
|
|-weather|Sandstorm|[upkeep]
|-heal|p2a: Caesar|282\/404|[from] item: Leftovers
|turn|17
|
|switch|p2a: Henry|Slowbro, M|365\/394
|-damage|p2a: Henry|316\/394|[from] Stealth Rock
|move|p1a: Terrakium|Iron Head|p2a: Henry
|-resisted|p2a: Henry
|-damage|p2a: Henry|280\/394
|
|-weather|Sandstorm|[upkeep]
|-damage|p2a: Henry|256\/394|[from] sandstorm
|-heal|p2a: Henry|280\/394|[from] item: Leftovers
|turn|18
|
|switch|p1a: Stalobor|Excadrill, M|1\/362
|-damage|p1a: Stalobor|0 fnt|[from] Stealth Rock
|faint|p1a: Stalobor
|move|p2a: Henry|Scald|p1: Stalobor|[notarget]
|-notarget
|
|-weather|Sandstorm|[upkeep]
|-damage|p2a: Henry|256\/394|[from] sandstorm
|-heal|p2a: Henry|280\/394|[from] item: Leftovers
|c|★Iodic|I'm still sad about that freeze
|c|★Iodic|of all things, why serp
|
|switch|p1a: Aragorn|Gallade-Mega, M, shiny|187\/278
|-damage|p1a: Aragorn|170\/278|[from] Stealth Rock
|turn|19
|c|★ttte|Yeah.
|c|★ttte|Its the only good starter in Gen5.
|
|move|p1a: Aragorn|Knock Off|p2a: Henry
|-supereffective|p2a: Henry
|-damage|p2a: Henry|68\/394
|-enditem|p2a: Henry|Leftovers|[from] move: Knock Off|[of] p1a: Aragorn
|move|p2a: Henry|Slack Off|p2a: Henry
|-heal|p2a: Henry|265\/394
|
|-weather|none
|turn|20
|
|move|p1a: Aragorn|Leaf Blade|p2a: Henry
|-supereffective|p2a: Henry
|-damage|p2a: Henry|81\/394
|move|p2a: Henry|Thunder Wave|p1a: Aragorn
|-status|p1a: Aragorn|par
|
|turn|21
|
|switch|p2a: Stalin|Scizor, M|343\/343
|-damage|p2a: Stalin|301\/343|[from] Stealth Rock
|move|p1a: Aragorn|Leaf Blade|p2a: Stalin
|-resisted|p2a: Stalin
|-damage|p2a: Stalin|272\/343
|
|turn|22
|
|move|p2a: Stalin|U-turn|p1a: Aragorn
|-damage|p1a: Aragorn|0 fnt
|faint|p1a: Aragorn
|
|switch|p2a: Henry|Slowbro, M|212\/394
|-damage|p2a: Henry|163\/394|[from] Stealth Rock
|
|
|switch|p1a: Voltolos|Thundurus, M, shiny|97\/300
|-damage|p1a: Voltolos|22\/300|[from] Stealth Rock
|turn|23
|
|switch|p2a: Caesar|Tyranitar, M|282\/404
|-damage|p2a: Caesar|232\/404|[from] Stealth Rock
|-weather|Sandstorm
|move|p1a: Voltolos|Grass Knot|p2a: Caesar
|-supereffective|p2a: Caesar
|-damage|p2a: Caesar|46\/404
|
|-weather|Sandstorm|[upkeep]
|-damage|p1a: Voltolos|4\/300|[from] sandstorm
|-heal|p2a: Caesar|71\/404|[from] item: Leftovers
|turn|24
|
|move|p1a: Voltolos|Volt Switch|p2a: Caesar
|-damage|p2a: Caesar|0 fnt
|faint|p2a: Caesar
|
|switch|p1a: Lahmus|Slowbro, F|394\/394
|-damage|p1a: Lahmus|345\/394|[from] Stealth Rock
|
|-weather|Sandstorm|[upkeep]
|-damage|p1a: Lahmus|321\/394|[from] sandstorm
|c|★ttte|First time I use Thundurus.
|
|switch|p2a: Stalin|Scizor, M|272\/343
|-damage|p2a: Stalin|230\/343|[from] Stealth Rock
|turn|25
|c|★ttte|Before Greninja had its place.
|
|switch|p1a: Voltolos|Thundurus, M, shiny|4\/300
|-damage|p1a: Voltolos|0 fnt|[from] Stealth Rock
|faint|p1a: Voltolos
|move|p2a: Stalin|U-turn|p1: Voltolos|[notarget]
|-notarget
|
|-weather|Sandstorm|[upkeep]
|
|switch|p1a: Lahmus|Slowbro, F|394\/394
|-damage|p1a: Lahmus|345\/394|[from] Stealth Rock
|turn|26
|
|move|p2a: Stalin|U-turn|p1a: Lahmus
|-supereffective|p1a: Lahmus
|-damage|p1a: Lahmus|67\/394
|-damage|p2a: Stalin|173\/343|[from] item: Rocky Helmet|[of] p1a: Lahmus
|
|switch|p2a: Catherine|Sylveon, F|264\/392
|-damage|p2a: Catherine|215\/392|[from] Stealth Rock
|move|p1a: Lahmus|Scald|p2a: Catherine
|-damage|p2a: Catherine|137\/392
|
|-weather|Sandstorm|[upkeep]
|-damage|p2a: Catherine|113\/392|[from] sandstorm
|-damage|p1a: Lahmus|43\/394|[from] sandstorm
|turn|27
|
|switch|p1a: Schleimi|Goodra, F|130\/384
|-damage|p1a: Schleimi|82\/384|[from] Stealth Rock
|move|p2a: Catherine|Hyper Voice|p1a: Schleimi
|-supereffective|p1a: Schleimi
|-damage|p1a: Schleimi|0 fnt
|faint|p1a: Schleimi
|
|-weather|none
|
|switch|p1a: Terrakium|Terrakion|324\/324
|-damage|p1a: Terrakium|304\/324|[from] Stealth Rock
|turn|28
|
|move|p1a: Terrakium|Stone Edge|p2a: Catherine
|-crit|p2a: Catherine
|-damage|p2a: Catherine|0 fnt
|faint|p2a: Catherine
|
|
|switch|p2a: Henry|Slowbro, M|294\/394
|-damage|p2a: Henry|245\/394|[from] Stealth Rock
|turn|29
|
|switch|p2a: Stalin|Scizor, M|173\/343
|-damage|p2a: Stalin|131\/343|[from] Stealth Rock
|move|p1a: Terrakium|Stone Edge|p2a: Stalin
|-damage|p2a: Stalin|0 fnt
|faint|p2a: Stalin
|
|c|★Iodic|fff
|
|switch|p2a: Diana|Lopunny, F, shiny|272\/272
|-damage|p2a: Diana|238\/272|[from] Stealth Rock
|turn|30
|
|switch|p1a: Lahmus|Slowbro, F|174\/394
|-damage|p1a: Lahmus|125\/394|[from] Stealth Rock
|detailschange|p2a: Diana|Lopunny-Mega, F, shiny
|-mega|p2a: Diana|Lopunny|Lopunnite
|move|p2a: Diana|Fake Out|p1a: Lahmus
|-damage|p1a: Lahmus|77\/394
|-damage|p2a: Diana|193\/272|[from] item: Rocky Helmet|[of] p1a: Lahmus
|
|turn|31
|
|move|p2a: Diana|Return|p1a: Lahmus
|-damage|p1a: Lahmus|0 fnt
|-damage|p2a: Diana|148\/272|[from] item: Rocky Helmet|[of] p1a: Lahmus
|faint|p1a: Lahmus
|
|
|switch|p1a: Terrakium|Terrakion|304\/324
|-damage|p1a: Terrakium|284\/324|[from] Stealth Rock
|turn|32
|
|switch|p2a: Henry|Slowbro, M|376\/394
|-damage|p2a: Henry|327\/394|[from] Stealth Rock
|move|p1a: Terrakium|Close Combat|p2a: Henry
|-resisted|p2a: Henry
|-damage|p2a: Henry|246\/394
|-unboost|p1a: Terrakium|def|1
|-unboost|p1a: Terrakium|spd|1
|
|turn|33
|c|★ttte|gg
|c|★Iodic|gg
|-message|ttte forfeited.
|
|win|Iodic
|raw|Ladder updating...
|leave|ttte
|player|p1
|raw|ttte's rating: 1505 &rarr; <strong>1488<\/strong><br \/>(-17 for losing)
|raw|Iodic's rating: 1554 &rarr; <strong>1571<\/strong><br \/>(+17 for winning)