|join|singalot12
|join|Fulfilling Destiny
|player|p1|singalot12|264
|player|p2|Fulfilling Destiny|260
|gametype|singles
|gen|6
|tier|OU
|rated
|clearpoke
|poke|p1|Pidgeot, F
|poke|p1|Garchomp, F
|poke|p1|Entei
|poke|p1|Gardevoir, F
|poke|p1|Forretress, F
|poke|p2|Bisharp, M
|poke|p2|Landorus, M, shiny
|poke|p2|Greninja, F
|poke|p2|Pinsir, M
|poke|p2|Azumarill, M
|poke|p2|Latios, M
|rule|Swagger Clause: Swagger is banned
|rule|Baton Pass Clause: Limit one Pokémon knowing Baton Pass
|rule|Sleep Clause Mod: Limit one foe put to sleep
|rule|Species Clause: Limit one of each Pokémon
|rule|OHKO Clause: OHKO moves are banned
|rule|Moody Clause: Moody is banned
|rule|Evasion Moves Clause: Evasion moves are banned
|rule|Endless Battle Clause: Forcing endless battles is banned
|rule|HP Percentage Mod: HP is shown in percentages
|teampreview
|
|start
|switch|p1a: Gardevoir|Gardevoir, F|277\/277
|switch|p2a: Toph|Landorus, M, shiny|320\/320
|turn|1
|
|move|p1a: Gardevoir|Moonblast|p2a: Toph
|-damage|p2a: Toph|137\/320
|move|p2a: Toph|Stealth Rock|p1a: Gardevoir
|-sidestart|p1: singalot12|move: Stealth Rock
|
|turn|2
|
|switch|p2a: Uncle Iroh|Azumarill, M|382\/382
|move|p1a: Gardevoir|Moonblast|p2a: Uncle Iroh
|-damage|p2a: Uncle Iroh|187\/382
|-enditem|p2a: Uncle Iroh|Sitrus Berry|[eat]
|-heal|p2a: Uncle Iroh|282\/382|[from] item: Sitrus Berry
|
|turn|3
|
|switch|p1a: Forretress|Forretress, F|354\/354
|-damage|p1a: Forretress|310\/354|[from] Stealth Rock
|move|p2a: Uncle Iroh|Play Rough|p1a: Forretress
|-resisted|p1a: Forretress
|-damage|p1a: Forretress|233\/354
|
|-heal|p1a: Forretress|255\/354|[from] item: Leftovers
|turn|4
|
|move|p2a: Uncle Iroh|Belly Drum|p2a: Uncle Iroh
|-damage|p2a: Uncle Iroh|91\/382
|-setboost|p2a: Uncle Iroh|atk|6|[from] move: Belly Drum
|move|p1a: Forretress|Spikes|p2a: Uncle Iroh
|-sidestart|p2: Fulfilling Destiny|Spikes
|
|-heal|p1a: Forretress|277\/354|[from] item: Leftovers
|turn|5
|
|move|p2a: Uncle Iroh|Aqua Jet|p1a: Forretress
|-damage|p1a: Forretress|16\/354
|move|p1a: Forretress|Toxic|p2a: Uncle Iroh
|-status|p2a: Uncle Iroh|tox
|
|-heal|p1a: Forretress|38\/354|[from] item: Leftovers
|-damage|p2a: Uncle Iroh|68\/382 tox|[from] psn
|turn|6
|
|switch|p1a: Garchomp|Garchomp, F|419\/419
|-damage|p1a: Garchomp|393\/419|[from] Stealth Rock
|move|p2a: Uncle Iroh|Aqua Jet|p1a: Garchomp
|-damage|p1a: Garchomp|101\/419
|-damage|p2a: Uncle Iroh|21\/382 tox|[from] ability: Rough Skin|[of] p1a: Garchomp
|-damage|p2a: Uncle Iroh|0 fnt|[from] item: Rocky Helmet|[of] p1a: Garchomp
|faint|p2a: Uncle Iroh
|
|
|switch|p2a: Zuko|Latios, M|302\/302
|turn|7
|
|move|p2a: Zuko|Psyshock|p1a: Garchomp
|-damage|p1a: Garchomp|0 fnt
|-damage|p2a: Zuko|272\/302|[from] item: Life Orb
|faint|p1a: Garchomp
|
|
|switch|p1a: Gardevoir|Gardevoir, F|277\/277
|-damage|p1a: Gardevoir|243\/277|[from] Stealth Rock
|turn|8
|
|move|p1a: Gardevoir|Moonblast|p2a: Zuko
|-crit|p2a: Zuko
|-supereffective|p2a: Zuko
|-damage|p2a: Zuko|0 fnt
|faint|p2a: Zuko
|
|
|switch|p2a: Aang|Pinsir, M|272\/272
|-damage|p2a: Aang|238\/272|[from] Spikes
|turn|9
|
|detailschange|p2a: Aang|Pinsir-Mega, M
|-mega|p2a: Aang|Pinsir|Pinsirite
|move|p1a: Gardevoir|Moonblast|p2a: Aang
|-damage|p2a: Aang|63\/272
|move|p2a: Aang|Frustration|p1a: Gardevoir
|-damage|p1a: Gardevoir|0 fnt
|faint|p1a: Gardevoir
|
|
|switch|p1a: Entei|Entei|371\/371
|-damage|p1a: Entei|279\/371|[from] Stealth Rock
|-ability|p1a: Entei|Pressure
|turn|10
|
|move|p1a: Entei|Body Slam|p2a: Aang
|-damage|p2a: Aang|0 fnt
|faint|p2a: Aang
|
|
|switch|p2a: Mako|Bisharp, M|272\/272
|-damage|p2a: Mako|238\/272|[from] Spikes
|turn|11
|
|move|p1a: Entei|Body Slam|p2a: Mako
|-resisted|p2a: Mako
|-damage|p2a: Mako|195\/272
|-status|p2a: Mako|par
|move|p2a: Mako|Swords Dance|p2a: Mako
|-boost|p2a: Mako|atk|2
|
|turn|12
|
|switch|p1a: Forretress|Forretress, F|38\/354
|-damage|p1a: Forretress|0 fnt|[from] Stealth Rock
|faint|p1a: Forretress
|cant|p2a: Mako|par
|
|
|switch|p1a: Pidgeot|Pidgeot, F|307\/307
|-damage|p1a: Pidgeot|231\/307|[from] Stealth Rock
|turn|13
|
|detailschange|p1a: Pidgeot|Pidgeot-Mega, F
|-mega|p1a: Pidgeot|Pidgeot|Pidgeotite
|move|p1a: Pidgeot|Protect|p1a: Pidgeot
|-singleturn|p1a: Pidgeot|Protect
|cant|p2a: Mako|par
|
|turn|14
|
|move|p2a: Mako|Sucker Punch|p1a: Pidgeot
|-damage|p1a: Pidgeot|0 fnt
|-damage|p2a: Mako|168\/272 par|[from] item: Life Orb
|faint|p1a: Pidgeot
|
|c|★Fulfilling Destiny|thought i was about to lose to a 5 mon team
|
|switch|p1a: Entei|Entei|279\/371
|-damage|p1a: Entei|187\/371|[from] Stealth Rock
|-ability|p1a: Entei|Pressure
|turn|15
|
|cant|p2a: Mako|par
|move|p1a: Entei|Sacred Fire|p2a: Mako
|-supereffective|p2a: Mako
|-damage|p2a: Mako|0 fnt
|faint|p2a: Mako
|
|
|switch|p2a: Ty Lee|Greninja, F|285\/285
|-damage|p2a: Ty Lee|250\/285|[from] Spikes
|turn|16
|
|move|p1a: Entei|Sacred Fire|p2a: Ty Lee
|-resisted|p2a: Ty Lee
|-damage|p2a: Ty Lee|130\/285
|-status|p2a: Ty Lee|brn
|move|p2a: Ty Lee|Hydro Pump|p1a: Entei
|-start|p2a: Ty Lee|typechange|Water|[from] Protean
|-supereffective|p1a: Entei
|-damage|p1a: Entei|0 fnt
|-damage|p2a: Ty Lee|102\/285 brn|[from] item: Life Orb
|faint|p1a: Entei
|
|win|Fulfilling Destiny
|raw|Ladder updating...
|raw|singalot12's rating: 1020 &rarr; <strong>1008<\/strong><br \/>(-12 for losing)
|raw|Fulfilling Destiny's rating: 1040 &rarr; <strong>1072<\/strong><br \/>(+32 for winning)
|c|★Fulfilling Destiny|jesus
|c|★Fulfilling Destiny|that was too close
|c|★Fulfilling Destiny|-_-"