|join|BoogieBoard
|join|Carchacrok47
|player|p1|BoogieBoard|226
|player|p2|Carchacrok47|169
|gametype|singles
|gen|6
|tier|UU
|rated
|rule|Sleep Clause Mod: Limit one foe put to sleep
|rule|Species Clause: Limit one of each Pokémon
|rule|OHKO Clause: OHKO moves are banned
|rule|Moody Clause: Moody is banned
|rule|Evasion Moves Clause: Evasion moves are banned
|rule|Endless Battle Clause: Forcing endless battles is banned
|rule|HP Percentage Mod: HP is shown in percentages
|clearpoke
|poke|p1|Aggron, M
|poke|p1|Togekiss, F
|poke|p1|Starmie
|poke|p1|Nidoqueen, F
|poke|p1|Honchkrow, M
|poke|p1|Infernape, M
|poke|p2|Blissey, F
|poke|p2|Whimsicott, M
|poke|p2|Cinccino, F
|poke|p2|Toxicroak, F
|poke|p2|Azelf
|poke|p2|Suicune
|rule|Swagger Clause: Swagger is banned
|rule|Baton Pass Clause: Limit one Pokémon knowing Baton Pass
|teampreview
|c|★BoogieBoard|glhf
|c|★Carchacrok47|gl
|
|start
|switch|p1a: Infernape|Infernape, M|293\/293
|switch|p2a: Toxicroak|Toxicroak, F|307\/307
|turn|1
|
|move|p2a: Toxicroak|Fake Out|p1a: Infernape
|-damage|p1a: Infernape|225\/293
|-damage|p2a: Toxicroak|277\/307|[from] item: Life Orb
|cant|p1a: Infernape|flinch
|
|turn|2
|
|move|p1a: Infernape|Thunder Punch|p2a: Toxicroak
|-damage|p2a: Toxicroak|122\/307
|-damage|p1a: Infernape|196\/293|[from] item: Life Orb
|move|p2a: Toxicroak|Poison Jab|p1a: Infernape
|-damage|p1a: Infernape|0 fnt
|-damage|p2a: Toxicroak|92\/307|[from] item: Life Orb
|faint|p1a: Infernape
|
|-message|BoogieBoard forfeited.
|
|win|Carchacrok47
|raw|Ladder updating...
|leave|BoogieBoard
|player|p1
|raw|BoogieBoard's rating: 1323 &rarr; <strong>1296<\/strong><br \/>(-27 for losing)
|raw|Carchacrok47's rating: 1187 &rarr; <strong>1221<\/strong><br \/>(+34 for winning)