|join|Thracia
|join|BoogieBoard
|player|p1|Thracia|267
|player|p2|BoogieBoard|226
|gametype|singles
|gen|6
|tier|UU
|rated
|clearpoke
|poke|p1|Lilligant, F, shiny
|poke|p1|Mew
|poke|p1|Scrafty, F
|poke|p1|Durant, F
|poke|p1|Vaporeon, F
|poke|p1|Victini, shiny
|poke|p2|Aggron, M
|poke|p2|Starmie
|poke|p2|Darmanitan, M
|poke|p2|Tornadus-Therian, M
|poke|p2|Florges, F
|poke|p2|Kingdra, M
|rule|Sleep Clause Mod: Limit one foe put to sleep
|rule|Species Clause: Limit one of each Pokemon
|rule|OHKO Clause: OHKO moves are banned
|rule|Moody Clause: Moody is banned
|rule|Evasion Moves Clause: Evasion moves are banned
|rule|Endless Battle Clause: Forcing endless battles is banned.
|rule|HP Percentage Mod: HP is reported as percentages
|teampreview
|chat|BoogieBoard|glhf
|chat|Thracia|gl
|
|start
|switch|p1a: Renata Pokupić|Mew|404\/404
|switch|p2a: Tornadus-Therian|Tornadus-Therian, M|299\/299
|turn|1
|
|move|p2a: Tornadus-Therian|Taunt|p1a: Renata Pokupić
|-start|p1a: Renata Pokupić|move: Taunt
|cant|p1a: Renata Pokupić|move: Taunt|Will-O-Wisp
|
|turn|2
|
|move|p2a: Tornadus-Therian|U-turn|p1a: Renata Pokupić
|-supereffective|p1a: Renata Pokupić
|-damage|p1a: Renata Pokupić|253\/404
|-damage|p2a: Tornadus-Therian|270\/299|[from] item: Life Orb
|
|switch|p2a: Aggron|Aggron, M|344\/344
|move|p1a: Renata Pokupić|Psychic|p2a: Aggron
|-resisted|p2a: Aggron
|-damage|p2a: Aggron|283\/344
|
|-heal|p1a: Renata Pokupić|278\/404|[from] item: Leftovers
|turn|3
|
|switch|p1a: Strandzha dialect|Vaporeon, F|464\/464
|-formechange|p2a: Aggron|Aggron-Mega
|message|Aggron has Mega Evolved into Mega Aggron!
|move|p2a: Aggron|Dragon Tail|p1a: Strandzha dialect
|-damage|p1a: Strandzha dialect|396\/464
|drag|p1a: Eightysix (Andras|Lilligant, F, shiny|281\/281
|
|turn|4
|
|move|p1a: Eightysix (Andras|Sleep Powder|p2a: Aggron
|-status|p2a: Aggron|slp
|cant|p2a: Aggron|slp
|
|turn|5
|
|switch|p2a: Darmanitan|Darmanitan, M|351\/351
|move|p1a: Eightysix (Andras|Quiver Dance|p1a: Eightysix (Andras
|-boost|p1a: Eightysix (Andras|spa|1
|-boost|p1a: Eightysix (Andras|spd|1
|-boost|p1a: Eightysix (Andras|spe|1
|
|turn|6
|
|move|p2a: Darmanitan|U-turn|p1a: Eightysix (Andras
|-supereffective|p1a: Eightysix (Andras
|-damage|p1a: Eightysix (Andras|37\/281
|
|switch|p2a: Tornadus-Therian|Tornadus-Therian, M|299\/299
|move|p1a: Eightysix (Andras|Hidden Power|p2a: Tornadus-Therian
|-supereffective|p2a: Tornadus-Therian
|-damage|p2a: Tornadus-Therian|67\/299
|
|turn|7
|
|move|p1a: Eightysix (Andras|Hidden Power|p2a: Tornadus-Therian
|-supereffective|p2a: Tornadus-Therian
|-damage|p2a: Tornadus-Therian|0 fnt
|faint|p2a: Tornadus-Therian
|
|
|switch|p2a: Darmanitan|Darmanitan, M|351\/351
|turn|8
|
|move|p2a: Darmanitan|Rock Slide|p1a: Eightysix (Andras
|-damage|p1a: Eightysix (Andras|0 fnt
|faint|p1a: Eightysix (Andras
|
|
|switch|p1a: Pietro Pastore|Scrafty, F|271\/271
|turn|9
|
|switch|p2a: Florges|Florges, F|360\/360
|move|p1a: Pietro Pastore|Dragon Dance|p1a: Pietro Pastore
|-boost|p1a: Pietro Pastore|atk|1
|-boost|p1a: Pietro Pastore|spe|1
|
|turn|10
|
|move|p1a: Pietro Pastore|Poison Jab|p2a: Florges
|-supereffective|p2a: Florges
|-damage|p2a: Florges|2\/360
|-status|p2a: Florges|psn
|move|p2a: Florges|Moonblast|p1a: Pietro Pastore
|-crit|p1a: Pietro Pastore
|-supereffective|p1a: Pietro Pastore
|-damage|p1a: Pietro Pastore|0 fnt
|faint|p1a: Pietro Pastore
|
|-heal|p2a: Florges|24\/360 psn|[from] item: Leftovers
|-damage|p2a: Florges|0 fnt|[from] psn
|faint|p2a: Florges
|
|switch|p2a: Darmanitan|Darmanitan, M|351\/351
|switch|p1a: Strandzha dialect|Vaporeon, F|396\/464
|turn|11
|
|move|p2a: Darmanitan|U-turn|p1a: Strandzha dialect
|-damage|p1a: Strandzha dialect|305\/464
|
|switch|p2a: Kingdra|Kingdra, M|291\/291
|move|p1a: Strandzha dialect|Toxic|p2a: Kingdra
|-status|p2a: Kingdra|tox
|
|-heal|p1a: Strandzha dialect|334\/464|[from] item: Leftovers
|-damage|p2a: Kingdra|273\/291 tox|[from] psn
|turn|12
|
|move|p2a: Kingdra|Focus Energy|p2a: Kingdra
|-start|p2a: Kingdra|move: Focus Energy
|move|p1a: Strandzha dialect|Wish|p1a: Strandzha dialect
|
|-heal|p1a: Strandzha dialect|363\/464|[from] item: Leftovers
|-damage|p2a: Kingdra|237\/291 tox|[from] psn
|turn|13
|
|move|p1a: Strandzha dialect|Protect|p1a: Strandzha dialect
|-singleturn|p1a: Strandzha dialect|Protect
|move|p2a: Kingdra|Agility|p2a: Kingdra
|-boost|p2a: Kingdra|spe|2
|
|-heal|p1a: Strandzha dialect|464\/464|[from] move: Wish|[wisher] Strandzha dialect
|-damage|p2a: Kingdra|183\/291 tox|[from] psn
|turn|14
|
|move|p2a: Kingdra|Draco Meteor|p1a: Strandzha dialect|[miss]
|-miss|p2a: Kingdra|p1a: Strandzha dialect
|move|p1a: Strandzha dialect|Wish|p1a: Strandzha dialect
|
|-damage|p2a: Kingdra|111\/291 tox|[from] psn
|turn|15
|
|move|p1a: Strandzha dialect|Protect|p1a: Strandzha dialect
|-singleturn|p1a: Strandzha dialect|Protect
|move|p2a: Kingdra|Draco Meteor|p1a: Strandzha dialect
|-activate|p1a: Strandzha dialect|Protect
|
|-damage|p2a: Kingdra|21\/291 tox|[from] psn
|turn|16
|
|move|p1a: Strandzha dialect|Protect|p1a: Strandzha dialect
|-singleturn|p1a: Strandzha dialect|Protect
|move|p2a: Kingdra|Draco Meteor|p1a: Strandzha dialect
|-activate|p1a: Strandzha dialect|Protect
|
|-damage|p2a: Kingdra|0 fnt|[from] psn
|faint|p2a: Kingdra
|
|switch|p2a: Starmie|Starmie|261\/261
|turn|17
|
|move|p2a: Starmie|Thunderbolt|p1a: Strandzha dialect
|-crit|p1a: Strandzha dialect
|-supereffective|p1a: Strandzha dialect
|-damage|p1a: Strandzha dialect|145\/464
|move|p1a: Strandzha dialect|Toxic|p2a: Starmie
|-status|p2a: Starmie|tox
|
|-heal|p1a: Strandzha dialect|174\/464|[from] item: Leftovers
|-damage|p2a: Starmie|245\/261 tox|[from] psn
|turn|18
|
|move|p1a: Strandzha dialect|Protect|p1a: Strandzha dialect
|-singleturn|p1a: Strandzha dialect|Protect
|move|p2a: Starmie|Thunderbolt|p1a: Strandzha dialect
|-activate|p1a: Strandzha dialect|Protect
|
|-heal|p1a: Strandzha dialect|203\/464|[from] item: Leftovers
|-damage|p2a: Starmie|213\/261 tox|[from] psn
|turn|19
|
|move|p2a: Starmie|Thunderbolt|p1a: Strandzha dialect
|-supereffective|p1a: Strandzha dialect
|-damage|p1a: Strandzha dialect|0 fnt
|faint|p1a: Strandzha dialect
|
|-damage|p2a: Starmie|165\/261 tox|[from] psn
|
|switch|p1a: Henry Dana|Durant, F|258\/258
|turn|20
|
|switch|p2a: Darmanitan|Darmanitan, M|351\/351
|move|p1a: Henry Dana|Hone Claws|p1a: Henry Dana
|-boost|p1a: Henry Dana|atk|1
|-boost|p1a: Henry Dana|accuracy|1
|
|turn|21
|
|move|p2a: Darmanitan|Flare Blitz|p1a: Henry Dana
|-supereffective|p1a: Henry Dana
|-enditem|p1a: Henry Dana|Focus Sash
|-damage|p1a: Henry Dana|1\/258
|-damage|p2a: Darmanitan|266\/351|[from] recoil|[of] p1a: Henry Dana
|move|p1a: Henry Dana|Superpower|p2a: Darmanitan
|-damage|p2a: Darmanitan|0 fnt
|-unboost|p1a: Henry Dana|atk|1
|-unboost|p1a: Henry Dana|def|1
|faint|p2a: Darmanitan
|
|
|switch|p2a: Starmie|Starmie|165\/261
|turn|22
|
|move|p2a: Starmie|Thunderbolt|p1a: Henry Dana
|-damage|p1a: Henry Dana|0 fnt
|faint|p1a: Henry Dana
|
|
|switch|p1a: Smithton Low-Level|Victini, shiny|341\/341
|turn|23
|
|move|p1a: Smithton Low-Level|Bolt Strike|p2a: Starmie
|-supereffective|p2a: Starmie
|-damage|p2a: Starmie|0 fnt
|faint|p2a: Starmie
|
|
|switch|p2a: Aggron|Aggron, M|283\/344 slp
|-formechange|p2a: Aggron|Aggron-Mega
|turn|24
|
|switch|p1a: Renata Pokupić|Mew|278\/404
|cant|p2a: Aggron|slp
|
|-heal|p1a: Renata Pokupić|303\/404|[from] item: Leftovers
|turn|25
|
|move|p1a: Renata Pokupić|Taunt|p2a: Aggron
|-start|p2a: Aggron|move: Taunt
|-curestatus|p2a: Aggron|slp
|move|p2a: Aggron|Dragon Tail|p1a: Renata Pokupić
|-damage|p1a: Renata Pokupić|241\/404
|drag|p1a: Smithton Low-Level|Victini, shiny|341\/341
|
|turn|26
|
|move|p1a: Smithton Low-Level|V-create|p2a: Aggron
|-supereffective|p2a: Aggron
|-damage|p2a: Aggron|111\/344
|-unboost|p1a: Smithton Low-Level|def|1
|-unboost|p1a: Smithton Low-Level|spd|1
|-unboost|p1a: Smithton Low-Level|spe|1
|move|p2a: Aggron|Earthquake|p1a: Smithton Low-Level
|-crit|p1a: Smithton Low-Level
|-supereffective|p1a: Smithton Low-Level
|-damage|p1a: Smithton Low-Level|0 fnt
|faint|p1a: Smithton Low-Level
|
|
|switch|p1a: Renata Pokupić|Mew|241\/404
|turn|27
|
|move|p1a: Renata Pokupić|Will-O-Wisp|p2a: Aggron
|-status|p2a: Aggron|brn
|move|p2a: Aggron|Heavy Slam|p1a: Renata Pokupić
|-damage|p1a: Renata Pokupić|150\/404
|
|-heal|p1a: Renata Pokupić|175\/404|[from] item: Leftovers
|-damage|p2a: Aggron|68\/344 brn|[from] brn
|-end|p2a: Aggron|move: Taunt
|turn|28
|chat|BoogieBoard|gg
|
|move|p1a: Renata Pokupić|Psychic|p2a: Aggron
|-resisted|p2a: Aggron
|-damage|p2a: Aggron|23\/344 brn
|move|p2a: Aggron|Heavy Slam|p1a: Renata Pokupić
|-damage|p1a: Renata Pokupić|87\/404
|
|-heal|p1a: Renata Pokupić|112\/404|[from] item: Leftovers
|-damage|p2a: Aggron|0 fnt|[from] brn
|faint|p2a: Aggron
|
|win|Thracia
|raw|Ladder updating...
|raw|Thracia's rating: 1162 &rarr; <strong>1182<\/strong><br \/>(+20 for winning)
|raw|BoogieBoard's rating: 1092 &rarr; <strong>1073<\/strong><br \/>(-19 for losing)
|chat|Thracia|gg
|leave|BoogieBoard
|player|p2