|join|DeathDecider
|join|BoogieBoard
|player|p1|DeathDecider|101
|player|p2|BoogieBoard|226
|gametype|singles
|gen|6
|tier|UU
|rated
|rule|Sleep Clause Mod: Limit one foe put to sleep
|rule|Species Clause: Limit one of each Pokémon
|rule|OHKO Clause: OHKO moves are banned
|rule|Moody Clause: Moody is banned
|rule|Evasion Moves Clause: Evasion moves are banned
|rule|Endless Battle Clause: Forcing endless battles is banned
|rule|HP Percentage Mod: HP is shown in percentages
|clearpoke
|poke|p1|Alakazam, M
|poke|p1|Porygon2
|poke|p1|Donphan, F
|poke|p1|Infernape, M
|poke|p1|Aggron, F, shiny
|poke|p1|Banette, F
|poke|p2|Amoonguss, M
|poke|p2|Slowking, M
|poke|p2|Aggron, M
|poke|p2|Flygon, F
|poke|p2|Vaporeon, M
|poke|p2|Scrafty, F
|rule|Swagger Clause: Swagger is banned
|rule|Baton Pass Clause: Limit one Pokémon knowing Baton Pass
|teampreview
|c|★BoogieBoard|glhf
|c|★DeathDecider|same
|
|start
|switch|p1a: Brainiac|Alakazam, M|251\/251
|switch|p2a: Amoonguss|Amoonguss, M|411\/411
|turn|1
|
|move|p1a: Brainiac|Psyshock|p2a: Amoonguss
|-supereffective|p2a: Amoonguss
|-damage|p2a: Amoonguss|0 fnt
|faint|p2a: Amoonguss
|
|join|Crab World Order
|
|switch|p2a: Slowking|Slowking, M|393\/393
|turn|2
|-message|BoogieBoard forfeited.
|leave|BoogieBoard
|
|switch|p1a: Quark|Porygon2|373\/373
|-ability|p1a: Quark|Regenerator|[from] ability: Trace|[of] p2a: Slowking
|move|p2a: Slowking|Calm Mind|p2a: Slowking
|-boost|p2a: Slowking|spa|1
|-boost|p2a: Slowking|spd|1
|
|turn|3
|
|win|DeathDecider
|raw|Ladder updating...
|player|p2
|raw|DeathDecider's rating: 1299 &rarr; <strong>1318<\/strong><br \/>(+19 for winning)
|raw|BoogieBoard's rating: 1205 &rarr; <strong>1186<\/strong><br \/>(-19 for losing)