|join|TCBB
|join|H2test
|player|p1|TCBB|101
|player|p2|H2test|290
|gametype|singles
|gen|6
|tier|OU
|rated
|clearpoke
|poke|p1|Garchomp, M
|poke|p1|Charizard, M
|poke|p1|Keldeo
|poke|p1|Aegislash, M
|poke|p1|Talonflame, F
|poke|p1|Latios, M
|poke|p2|Azumarill, F
|poke|p2|Charizard, M
|poke|p2|Ferrothorn, F
|poke|p2|Gliscor, F
|poke|p2|Starmie
|poke|p2|Aegislash, F
|rule|Swagger Clause: Swagger is banned
|rule|Baton Pass Clause: Limit one Pokémon knowing Baton Pass
|rule|Sleep Clause Mod: Limit one foe put to sleep
|rule|Species Clause: Limit one of each Pokémon
|rule|OHKO Clause: OHKO moves are banned
|rule|Moody Clause: Moody is banned
|rule|Evasion Moves Clause: Evasion moves are banned
|rule|Endless Battle Clause: Forcing endless battles is banned
|rule|HP Percentage Mod: HP is reported as percentages
|teampreview
|
|start
|switch|p1a: Garchomp|Garchomp, M|357\/357
|switch|p2a: Ferrothorn|Ferrothorn, F|352\/352
|turn|1
|
|move|p1a: Garchomp|Swords Dance|p1a: Garchomp
|-boost|p1a: Garchomp|atk|2
|move|p2a: Ferrothorn|Stealth Rock|p1a: Garchomp
|-sidestart|p1: TCBB|move: Stealth Rock
|
|turn|2
|
|move|p1a: Garchomp|Stealth Rock|p2a: Ferrothorn
|-sidestart|p2: H2test|move: Stealth Rock
|move|p2a: Ferrothorn|Leech Seed|p1a: Garchomp
|-start|p1a: Garchomp|move: Leech Seed
|
|-damage|p1a: Garchomp|313\/357|[from] Leech Seed|[of] p2a: Ferrothorn
|turn|3
|
|move|p1a: Garchomp|Swords Dance|p1a: Garchomp
|-boost|p1a: Garchomp|atk|2
|move|p2a: Ferrothorn|Power Whip|p1a: Garchomp
|-damage|p1a: Garchomp|183\/357
|-damage|p2a: Ferrothorn|308\/352|[from] ability: Rough Skin|[of] p1a: Garchomp
|-damage|p2a: Ferrothorn|250\/352|[from] item: Rocky Helmet|[of] p1a: Garchomp
|
|-heal|p2a: Ferrothorn|272\/352|[from] item: Leftovers
|-damage|p1a: Garchomp|139\/357|[from] Leech Seed|[of] p2a: Ferrothorn
|-heal|p2a: Ferrothorn|316\/352|[silent]
|turn|4
|
|move|p1a: Garchomp|Earthquake|p2a: Ferrothorn
|-crit|p2a: Ferrothorn
|-damage|p2a: Ferrothorn|0 fnt
|faint|p2a: Ferrothorn
|
|
|switch|p2a: Azumarill|Azumarill, F|345\/345
|-damage|p2a: Azumarill|302\/345|[from] Stealth Rock
|turn|5
|
|move|p2a: Azumarill|Aqua Jet|p1a: Garchomp
|-damage|p1a: Garchomp|52\/357
|-damage|p2a: Azumarill|259\/345|[from] ability: Rough Skin|[of] p1a: Garchomp
|-damage|p2a: Azumarill|202\/345|[from] item: Rocky Helmet|[of] p1a: Garchomp
|move|p1a: Garchomp|Earthquake|p2a: Azumarill
|-damage|p2a: Azumarill|0 fnt
|faint|p2a: Azumarill
|
|
|switch|p2a: Aegislash|Aegislash, F|322\/322
|-damage|p2a: Aegislash|302\/322|[from] Stealth Rock
|turn|6
|
|move|p2a: Aegislash|King's Shield|p2a: Aegislash
|-singleturn|p2a: Aegislash|Protect
|move|p1a: Garchomp|Earthquake|p2a: Aegislash
|-activate|p2a: Aegislash|Protect
|
|-heal|p2a: Aegislash|322\/322|[from] item: Leftovers
|-damage|p1a: Garchomp|8\/357|[from] Leech Seed|[of] p2a: Aegislash
|turn|7
|
|-formechange|p2a: Aegislash|Aegislash-Blade
|move|p2a: Aegislash|Shadow Sneak|p1a: Garchomp
|-damage|p1a: Garchomp|0 fnt
|-damage|p2a: Aegislash|282\/322|[from] ability: Rough Skin|[of] p1a: Garchomp
|-damage|p2a: Aegislash|229\/322|[from] item: Rocky Helmet|[of] p1a: Garchomp
|faint|p1a: Garchomp
|
|-heal|p2a: Aegislash|249\/322|[from] item: Leftovers
|
|switch|p1a: Charizard|Charizard, M|297\/297
|-damage|p1a: Charizard|149\/297|[from] Stealth Rock
|turn|8
|
|switch|p2a: Starmie|Starmie|261\/261
|-damage|p2a: Starmie|229\/261|[from] Stealth Rock
|detailschange|p1a: Charizard|Charizard-Mega-Y, M
|message|Charizard has Mega Evolved into Mega Charizard!
|-weather|SunnyDay
|move|p1a: Charizard|Fire Blast|p2a: Starmie|[miss]
|-miss|p1a: Charizard|p2a: Starmie
|
|-weather|SunnyDay|[upkeep]
|turn|9
|
|switch|p1a: Aegislash|Aegislash, M|321\/321
|-damage|p1a: Aegislash|301\/321|[from] Stealth Rock
|move|p2a: Starmie|Rapid Spin|p1a: Aegislash
|-immune|p1a: Aegislash|[msg]
|
|-weather|SunnyDay|[upkeep]
|-heal|p1a: Aegislash|321\/321|[from] item: Leftovers
|turn|10
|
|-formechange|p1a: Aegislash|Aegislash-Blade
|move|p1a: Aegislash|Pursuit|p2a: Starmie|[from]Pursuit
|-supereffective|p2a: Starmie
|-damage|p2a: Starmie|19\/261
|switch|p2a: Gliscor|Gliscor, F|352\/352
|-damage|p2a: Gliscor|308\/352|[from] Stealth Rock
|
|-weather|SunnyDay|[upkeep]
|-status|p2a: Gliscor|tox|[from] item: Toxic Orb
|turn|11
|
|switch|p1a: Latios|Latios, M|301\/301
|-damage|p1a: Latios|264\/301|[from] Stealth Rock
|move|p2a: Gliscor|Taunt|p1a: Latios
|-start|p1a: Latios|move: Taunt
|
|-weather|SunnyDay|[upkeep]
|-heal|p2a: Gliscor|352\/352 tox|[from] ability: Poison Heal
|turn|12
|
|move|p1a: Latios|Draco Meteor|p2a: Gliscor
|-damage|p2a: Gliscor|66\/352 tox
|-unboost|p1a: Latios|spa|2
|-damage|p1a: Latios|234\/301|[from] item: Life Orb
|move|p2a: Gliscor|Roost|p2a: Gliscor
|-heal|p2a: Gliscor|242\/352 tox
|
|-weather|none
|-heal|p2a: Gliscor|286\/352 tox|[from] ability: Poison Heal
|turn|13
|
|switch|p1a: Keldeo|Keldeo|322\/322
|-damage|p1a: Keldeo|302\/322|[from] Stealth Rock
|move|p2a: Gliscor|Knock Off|p1a: Keldeo
|-resisted|p1a: Keldeo
|-damage|p1a: Keldeo|264\/322
|-boost|p1a: Keldeo|atk|1|[from] ability: Justified
|-enditem|p1a: Keldeo|Choice Specs|[from] move: Knock Off|[of] p2a: Gliscor
|
|-heal|p2a: Gliscor|330\/352 tox|[from] ability: Poison Heal
|turn|14
|
|switch|p2a: Starmie|Starmie|19\/261
|-damage|p2a: Starmie|0 fnt|[from] Stealth Rock
|faint|p2a: Starmie
|move|p1a: Keldeo|Scald|p2: Starmie|[notarget]
|-notarget
|
|
|switch|p2a: Aegislash|Aegislash, F|249\/322
|-damage|p2a: Aegislash|229\/322|[from] Stealth Rock
|turn|15
|
|move|p1a: Keldeo|Scald|p2a: Aegislash
|-damage|p2a: Aegislash|120\/322
|-formechange|p2a: Aegislash|Aegislash-Blade
|move|p2a: Aegislash|Shadow Ball|p1a: Keldeo
|-damage|p1a: Keldeo|77\/322
|
|-heal|p2a: Aegislash|140\/322|[from] item: Leftovers
|turn|16
|
|-formechange|p2a: Aegislash|Aegislash
|move|p2a: Aegislash|King's Shield|p2a: Aegislash
|-singleturn|p2a: Aegislash|Protect
|move|p1a: Keldeo|Scald|p2a: Aegislash
|-activate|p2a: Aegislash|Protect
|
|-heal|p2a: Aegislash|160\/322|[from] item: Leftovers
|turn|17
|
|switch|p1a: Charizard|Charizard-Mega-Y, M|149\/297
|-damage|p1a: Charizard|1\/297|[from] Stealth Rock
|-weather|SunnyDay
|-formechange|p2a: Aegislash|Aegislash-Blade
|move|p2a: Aegislash|Shadow Ball|p1a: Charizard
|-damage|p1a: Charizard|0 fnt
|faint|p1a: Charizard
|
|-weather|SunnyDay|[upkeep]
|-heal|p2a: Aegislash|180\/322|[from] item: Leftovers
|
|switch|p1a: Latios|Latios, M|234\/301
|-damage|p1a: Latios|197\/301|[from] Stealth Rock
|turn|18
|
|move|p1a: Latios|Defog|p2a: Aegislash
|-unboost|p2a: Aegislash|evasion|1
|-sideend|p2: H2test|Stealth Rock|[from] move: Defog|[of] p2a: Aegislash
|-sideend|p1: TCBB|Stealth Rock|[from] move: Defog|[of] p1a: Latios
|move|p2a: Aegislash|Shadow Ball|p1a: Latios
|-supereffective|p1a: Latios
|-damage|p1a: Latios|0 fnt
|faint|p1a: Latios
|
|-weather|SunnyDay|[upkeep]
|-heal|p2a: Aegislash|200\/322|[from] item: Leftovers
|
|switch|p1a: Aegislash|Aegislash, M|321\/321
|turn|19
|
|-formechange|p2a: Aegislash|Aegislash
|move|p2a: Aegislash|King's Shield|p2a: Aegislash
|-singleturn|p2a: Aegislash|Protect
|-formechange|p1a: Aegislash|Aegislash-Blade
|move|p1a: Aegislash|Shadow Ball|p2a: Aegislash
|-activate|p2a: Aegislash|Protect
|
|-weather|SunnyDay|[upkeep]
|-heal|p2a: Aegislash|220\/322|[from] item: Leftovers
|turn|20
|
|switch|p2a: Gliscor|Gliscor, F|330\/352 tox
|-formechange|p1a: Aegislash|Aegislash
|move|p1a: Aegislash|King's Shield|p1a: Aegislash
|-fail|p1a: Aegislash
|
|-weather|SunnyDay|[upkeep]
|-heal|p2a: Gliscor|352\/352 tox|[from] ability: Poison Heal
|turn|21
|
|move|p2a: Gliscor|Taunt|p1a: Aegislash
|-start|p1a: Aegislash|move: Taunt
|-formechange|p1a: Aegislash|Aegislash-Blade
|move|p1a: Aegislash|Shadow Ball|p2a: Gliscor
|-damage|p2a: Gliscor|204\/352 tox
|
|-weather|none
|-heal|p2a: Gliscor|248\/352 tox|[from] ability: Poison Heal
|turn|22
|
|switch|p1a: Talonflame|Talonflame, F|297\/297
|move|p2a: Gliscor|Knock Off|p1a: Talonflame
|-damage|p1a: Talonflame|193\/297
|-enditem|p1a: Talonflame|Sharp Beak|[from] move: Knock Off|[of] p2a: Gliscor
|
|-heal|p2a: Gliscor|292\/352 tox|[from] ability: Poison Heal
|turn|23
|
|move|p1a: Talonflame|Swords Dance|p1a: Talonflame
|-boost|p1a: Talonflame|atk|2
|move|p2a: Gliscor|Roost|p2a: Gliscor
|-heal|p2a: Gliscor|352\/352 tox
|
|turn|24
|
|move|p1a: Talonflame|Swords Dance|p1a: Talonflame
|-boost|p1a: Talonflame|atk|2
|move|p2a: Gliscor|Taunt|p1a: Talonflame
|-start|p1a: Talonflame|move: Taunt
|
|turn|25
|
|move|p1a: Talonflame|Brave Bird|p2a: Gliscor
|-damage|p2a: Gliscor|0 fnt
|-damage|p1a: Talonflame|77\/297|[from] recoil|[of] p2a: Gliscor
|faint|p2a: Gliscor
|
|
|switch|p2a: Charizard|Charizard, M|359\/359
|turn|26
|
|detailschange|p2a: Charizard|Charizard-Mega-X, M
|message|Charizard has Mega Evolved into Mega Charizard!
|move|p1a: Talonflame|Brave Bird|p2a: Charizard
|-damage|p2a: Charizard|0 fnt
|-damage|p1a: Talonflame|0 fnt|[from] recoil|[of] p2a: Charizard
|faint|p2a: Charizard
|faint|p1a: Talonflame
|
|
|switch|p1a: Aegislash|Aegislash, M|321\/321
|switch|p2a: Aegislash|Aegislash, F|220\/322
|turn|27
|
|-formechange|p1a: Aegislash|Aegislash-Blade
|move|p1a: Aegislash|Shadow Ball|p2a: Aegislash
|-supereffective|p2a: Aegislash
|-damage|p2a: Aegislash|0 fnt
|faint|p2a: Aegislash
|
|win|TCBB
|raw|Ladder updating...
|raw|TCBB's rating: 1625 &rarr; <strong>1647<\/strong><br \/>(+22 for winning)
|raw|H2test's rating: 1653 &rarr; <strong>1631<\/strong><br \/>(-22 for losing)
|leave|H2test
|player|p2