|join|trinitrotoluene
|join|TCBB
|player|p1|trinitrotoluene|190
|player|p2|TCBB|157
|gametype|singles
|gen|6
|tier|OU
|clearpoke
|poke|p1|Azumarill, F
|poke|p1|Kyurem-Black
|poke|p1|Azelf, shiny
|poke|p1|Gyarados, F, shiny
|poke|p1|Starmie, shiny
|poke|p1|Haxorus, F, shiny
|poke|p2|Charizard, M
|poke|p2|Mamoswine, M
|poke|p2|Kyurem-Black
|poke|p2|Excadrill, M
|poke|p2|Azumarill, F
|poke|p2|Rotom-Wash
|rule|Swagger Clause: Swagger is banned
|rule|Baton Pass Clause: Limit one Pokémon knowing Baton Pass
|rule|Sleep Clause Mod: Limit one foe put to sleep
|rule|Species Clause: Limit one of each Pokémon
|rule|OHKO Clause: OHKO moves are banned
|rule|Moody Clause: Moody is banned
|rule|Evasion Moves Clause: Evasion moves are banned
|rule|Endless Battle Clause: Forcing endless battles is banned
|rule|HP Percentage Mod: HP is shown in percentages
|teampreview
|c|★trinitrotoluene|after this battle, let's do a turn-by-turn analysis of it to see the risk v. reward analyses you were doing then.
|c|★TCBB|kk
|
|start
|switch|p1a: perth sunset|Azelf, shiny|292\/292
|switch|p2a: Mamoswine|Mamoswine, M|361\/361
|turn|1
|
|move|p1a: perth sunset|Stealth Rock|p2a: Mamoswine
|-sidestart|p2: TCBB|move: Stealth Rock
|move|p2a: Mamoswine|Stealth Rock|p1a: perth sunset
|-sidestart|p1: trinitrotoluene|move: Stealth Rock
|
|turn|2
|
|move|p2a: Mamoswine|Ice Shard|p1a: perth sunset
|-damage|p1a: perth sunset|177\/292
|move|p1a: perth sunset|Knock Off|p2a: Mamoswine
|-damage|p2a: Mamoswine|231\/361
|-enditem|p2a: Mamoswine|Focus Sash|[from] move: Knock Off|[of] p1a: perth sunset
|
|turn|3
|
|move|p2a: Mamoswine|Ice Shard|p1a: perth sunset
|-damage|p1a: perth sunset|72\/292
|move|p1a: perth sunset|Explosion|p2a: Mamoswine
|-damage|p2a: Mamoswine|0 fnt
|faint|p1a: perth sunset
|faint|p2a: Mamoswine
|
|
|switch|p1a: double trouble|Starmie, shiny|259\/259
|-damage|p1a: double trouble|227\/259|[from] Stealth Rock
|switch|p2a: Excadrill|Excadrill, M|361\/361
|-damage|p2a: Excadrill|350\/361|[from] Stealth Rock
|-ability|p2a: Excadrill|Mold Breaker
|turn|4
|
|move|p2a: Excadrill|Rapid Spin|p1a: double trouble
|-damage|p1a: double trouble|193\/259
|-sideend|p2: TCBB|Stealth Rock|[from] move: Rapid Spin|[of] p2a: Excadrill
|move|p1a: double trouble|Rapid Spin|p2a: Excadrill
|-resisted|p2a: Excadrill
|-damage|p2a: Excadrill|340\/361
|-sideend|p1: trinitrotoluene|Stealth Rock|[from] move: Rapid Spin|[of] p1a: double trouble
|-damage|p1a: double trouble|168\/259|[from] item: Life Orb
|
|turn|5
|
|switch|p2a: Kyurem-Black|Kyurem-Black|391\/391
|-ability|p2a: Kyurem-Black|Teravolt
|move|p1a: double trouble|Psyshock|p2a: Kyurem-Black
|-damage|p2a: Kyurem-Black|171\/391
|-damage|p1a: double trouble|143\/259|[from] item: Life Orb
|
|turn|6
|
|move|p1a: double trouble|Psyshock|p2a: Kyurem-Black
|-damage|p2a: Kyurem-Black|6\/391
|-damage|p1a: double trouble|118\/259|[from] item: Life Orb
|move|p2a: Kyurem-Black|Fusion Bolt|p1a: double trouble
|-supereffective|p1a: double trouble
|-damage|p1a: double trouble|0 fnt
|-damage|p2a: Kyurem-Black|0 fnt|[from] item: Life Orb
|faint|p1a: double trouble
|faint|p2a: Kyurem-Black
|
|
|switch|p1a: twilight zone|Kyurem-Black|453\/453
|switch|p2a: Azumarill|Azumarill, F|363\/363
|-ability|p1a: twilight zone|Teravolt
|turn|7
|
|move|p1a: twilight zone|Fusion Bolt|p2a: Azumarill
|-supereffective|p2a: Azumarill
|-damage|p2a: Azumarill|69\/363
|move|p2a: Azumarill|Play Rough|p1a: twilight zone
|-supereffective|p1a: twilight zone
|-damage|p1a: twilight zone|0 fnt
|faint|p1a: twilight zone
|
|
|switch|p1a: heavy metal|Haxorus, F, shiny|297\/297
|-ability|p1a: heavy metal|Mold Breaker
|turn|8
|
|move|p1a: heavy metal|Poison Jab|p2a: Azumarill
|-supereffective|p2a: Azumarill
|-damage|p2a: Azumarill|0 fnt
|faint|p2a: Azumarill
|
|
|switch|p2a: Excadrill|Excadrill, M|340\/361
|-ability|p2a: Excadrill|Mold Breaker
|turn|9
|
|move|p2a: Excadrill|Iron Head|p1a: heavy metal
|-damage|p1a: heavy metal|116\/297
|move|p1a: heavy metal|Swords Dance|p1a: heavy metal
|-boost|p1a: heavy metal|atk|2
|
|turn|10
|
|move|p2a: Excadrill|Iron Head|p1a: heavy metal
|-damage|p1a: heavy metal|0 fnt
|faint|p1a: heavy metal
|
|
|switch|p1a: baconhead|Gyarados, F, shiny|331\/331
|-ability|p1a: baconhead|Intimidate|[of] p2a: Excadrill
|-unboost|p2a: Excadrill|atk|1
|turn|11
|
|switch|p2a: Rotom-Wash|Rotom-Wash|303\/303
|move|p1a: baconhead|Dragon Dance|p1a: baconhead
|-boost|p1a: baconhead|atk|1
|-boost|p1a: baconhead|spe|1
|
|turn|12
|
|detailschange|p1a: baconhead|Gyarados-Mega, F, shiny
|message|Gyarados has Mega Evolved into Mega Gyarados!
|-ability|p1a: baconhead|Mold Breaker
|move|p1a: baconhead|Earthquake|p2a: Rotom-Wash
|-supereffective|p2a: Rotom-Wash
|-damage|p2a: Rotom-Wash|0 fnt
|faint|p2a: Rotom-Wash
|
|
|switch|p2a: Charizard|Charizard, M|297\/297
|turn|13
|
|detailschange|p2a: Charizard|Charizard-Mega-X, M
|message|Charizard has Mega Evolved into Mega Charizard!
|move|p1a: baconhead|Waterfall|p2a: Charizard
|-damage|p2a: Charizard|71\/297
|move|p2a: Charizard|Dragon Dance|p2a: Charizard
|-boost|p2a: Charizard|atk|1
|-boost|p2a: Charizard|spe|1
|
|turn|14
|
|move|p2a: Charizard|Flare Blitz|p1a: baconhead
|-resisted|p1a: baconhead
|-damage|p1a: baconhead|109\/331
|-damage|p2a: Charizard|0 fnt|[from] recoil|[of] p1a: baconhead
|faint|p2a: Charizard
|move|p1a: baconhead|Dragon Dance|p1a: baconhead
|-boost|p1a: baconhead|atk|1
|-boost|p1a: baconhead|spe|1
|
|
|switch|p2a: Excadrill|Excadrill, M|340\/361
|-ability|p2a: Excadrill|Mold Breaker
|turn|15
|
|move|p1a: baconhead|Waterfall|p2a: Excadrill
|-supereffective|p2a: Excadrill
|-damage|p2a: Excadrill|0 fnt
|faint|p2a: Excadrill
|
|win|trinitrotoluene
|c|★trinitrotoluene|gg.
|c|★trinitrotoluene|now, analysis.
|c|★TCBB|gg
|c|★TCBB|of team preview?
|c|★trinitrotoluene|yea. we're doing this analysis one turn at a time.
|c|★trinitrotoluene|give me your thoughts during each turn and i'll give you mine.
|join|Exeggutor
|c|★TCBB|team preview i see that i have nothing to switch into azumarill but i have rotom-w to check it
|c|★TCBB|and kyurem as well
|c|★TCBB|azelf is mostly likely to be lead azelf since its actuallt the only thing on the team with stealth rocks
|c|★TCBB|i see no mega on your team but gyarados seems to be the only thing that can mega evo
|c|★TCBB|haxorus is obviously a wallbreaker 
|c|★TCBB|although theres a azu and cube on your team they both can be wallbreakers so i can't exactly tell which is which
|c|★TCBB|starmie is a spinner to support gyara and cube
|c|★trinitrotoluene|so, it was p. obvious what my lead was, huh?
|c|★TCBB|yeah
|c|★TCBB|my checks are mega gyara are cube if no stone edge and maybe azu
|c|★TCBB|i probably should have tried to play better with them tbh
|leave|Exeggutor
|c|★trinitrotoluene|ok.
|c|★TCBB|i don't also see a set up chance for zard
|c|★TCBB|X_X
|c|★trinitrotoluene|my turn for team preview analysis.
|c|★trinitrotoluene|so, looking at your team, i quickly came to the conclusion that either mamo or drill carried rocks.
|c|★trinitrotoluene|however, because of the notable lack of potential scarfers (besides cube and ~~lol scarfzard~~), i had a good reason to assume drill was scarfed.
|c|★trinitrotoluene|also, because you had a zard, it was reasonable to assume that cube would be a breaker that would open up the zard sweep.
|c|★trinitrotoluene|azu and rotom-w looked like potential pivots (rotom-w moreso than azu), so i had to keep in mind that they wouldn't hit as hard as they normally would.
|c|★trinitrotoluene|since i was assuming one of drill or cube was scarfed, i thoght of making megados my primary win condition for this battle.
|c|★trinitrotoluene|*thought
|c|★trinitrotoluene|i could set up on one wrong move and then potentially sweep your team clean.
|c|★trinitrotoluene|now that i had those thoughts out, i chose to lead w\/ azelf because quick n ez rocks are fun.
|c|★trinitrotoluene|this would then help me set the battle stage for a megados sweep, which is always handy.
|c|★trinitrotoluene|since my cube was the av pivot seen in stathakis' rmt, i knew i needed to keep it healthy to keep your azu in check.
|c|★trinitrotoluene|and yea, certain obvious roles (e.g. drill is spinner, zard is sweeper) are obvious.
|c|★trinitrotoluene|now, turn 1 analysis.
|c|★trinitrotoluene|go.