|join|lil manaphy
|join|Johnny Tots
|player|p1|lil manaphy|4
|player|p2|Johnny Tots|266
|gametype|singles
|gen|6
|tier|OU
|rated
|clearpoke
|poke|p1|Scizor, F
|poke|p1|Gothitelle, M
|poke|p1|Chansey, F
|poke|p1|Alomomola, F
|poke|p1|Cresselia, F
|poke|p1|Zapdos
|poke|p2|Dragonite, M
|poke|p2|Gyarados, M
|poke|p2|Landorus-Therian, M
|poke|p2|Charizard, F
|poke|p2|Thundurus-Therian, M
|poke|p2|Scizor, F
|rule|Swagger Clause: Swagger is banned
|rule|Baton Pass Clause: Limit one Pokémon knowing Baton Pass
|rule|Sleep Clause Mod: Limit one foe put to sleep
|rule|Species Clause: Limit one of each Pokémon
|rule|OHKO Clause: OHKO moves are banned
|rule|Moody Clause: Moody is banned
|rule|Evasion Moves Clause: Evasion moves are banned
|rule|Endless Battle Clause: Forcing endless battles is banned
|rule|HP Percentage Mod: HP is shown in percentages
|teampreview
|join|illestt
|leave|lil manaphy
|player|p1
|join|lil manaphy
|player|p1|lil manaphy|4
|teampreview
|
|start
|switch|p1a: Chansey|Chansey, F|704\/704
|switch|p2a: Gyarados|Gyarados, M|331\/331
|turn|1
|
|move|p2a: Gyarados|Dragon Dance|p2a: Gyarados
|-boost|p2a: Gyarados|atk|1
|-boost|p2a: Gyarados|spe|1
|move|p1a: Chansey|Toxic|p2a: Gyarados
|-status|p2a: Gyarados|tox
|-enditem|p2a: Gyarados|Lum Berry|[eat]
|-curestatus|p2a: Gyarados|tox
|
|turn|2
|
|switch|p1a: Alomomola|Alomomola, F|534\/534
|move|p2a: Gyarados|Taunt|p1a: Alomomola
|-start|p1a: Alomomola|move: Taunt
|
|turn|3
|
|move|p2a: Gyarados|Dragon Dance|p2a: Gyarados
|-boost|p2a: Gyarados|atk|1
|-boost|p2a: Gyarados|spe|1
|move|p1a: Alomomola|Scald|p2a: Gyarados
|-resisted|p2a: Gyarados
|-damage|p2a: Gyarados|306\/331
|
|turn|4
|
|move|p2a: Gyarados|Dragon Dance|p2a: Gyarados
|-boost|p2a: Gyarados|atk|1
|-boost|p2a: Gyarados|spe|1
|move|p1a: Alomomola|Scald|p2a: Gyarados
|-resisted|p2a: Gyarados
|-damage|p2a: Gyarados|283\/331
|
|turn|5
|
|move|p2a: Gyarados|Earthquake|p1a: Alomomola
|-damage|p1a: Alomomola|302\/534
|move|p1a: Alomomola|Scald|p2a: Gyarados
|-resisted|p2a: Gyarados
|-damage|p2a: Gyarados|259\/331
|
|-heal|p1a: Alomomola|335\/534|[from] item: Leftovers
|-end|p1a: Alomomola|move: Taunt
|turn|6
|
|move|p2a: Gyarados|Earthquake|p1a: Alomomola
|-damage|p1a: Alomomola|65\/534
|move|p1a: Alomomola|Toxic|p2a: Gyarados
|-status|p2a: Gyarados|tox
|
|-heal|p1a: Alomomola|98\/534|[from] item: Leftovers
|-damage|p2a: Gyarados|239\/331 tox|[from] psn
|turn|7
|
|move|p1a: Alomomola|Protect|p1a: Alomomola
|-singleturn|p1a: Alomomola|Protect
|move|p2a: Gyarados|Dragon Dance|p2a: Gyarados
|-boost|p2a: Gyarados|atk|1
|-boost|p2a: Gyarados|spe|1
|
|-heal|p1a: Alomomola|131\/534|[from] item: Leftovers
|-damage|p2a: Gyarados|199\/331 tox|[from] psn
|turn|8
|
|switch|p1a: Scizor|Scizor, F|344\/344
|move|p2a: Gyarados|Ice Fang|p1a: Scizor|[miss]
|-miss|p2a: Gyarados|p1a: Scizor
|
|-damage|p2a: Gyarados|139\/331 tox|[from] psn
|turn|9
|
|detailschange|p1a: Scizor|Scizor-Mega, F
|message|Scizor has Mega Evolved into Mega Scizor!
|move|p1a: Scizor|Bullet Punch|p2a: Gyarados
|-crit|p2a: Gyarados
|-resisted|p2a: Gyarados
|-damage|p2a: Gyarados|55\/331 tox
|move|p2a: Gyarados|Earthquake|p1a: Scizor
|-crit|p1a: Scizor
|-damage|p1a: Scizor|25\/344
|
|-damage|p2a: Gyarados|0 fnt|[from] psn
|faint|p2a: Gyarados
|
|switch|p2a: Charizard|Charizard, F|297\/297
|turn|10
|
|switch|p1a: Alomomola|Alomomola, F|309\/534
|detailschange|p2a: Charizard|Charizard-Mega-X, F
|message|Charizard has Mega Evolved into Mega Charizard!
|move|p2a: Charizard|Dragon Dance|p2a: Charizard
|-boost|p2a: Charizard|atk|1
|-boost|p2a: Charizard|spe|1
|
|-heal|p1a: Alomomola|342\/534|[from] item: Leftovers
|turn|11
|
|move|p2a: Charizard|Dragon Dance|p2a: Charizard
|-boost|p2a: Charizard|atk|1
|-boost|p2a: Charizard|spe|1
|move|p1a: Alomomola|Toxic|p2a: Charizard
|-status|p2a: Charizard|tox
|
|-heal|p1a: Alomomola|375\/534|[from] item: Leftovers
|-damage|p2a: Charizard|279\/297 tox|[from] psn
|turn|12
|
|move|p1a: Alomomola|Protect|p1a: Alomomola
|-singleturn|p1a: Alomomola|Protect
|move|p2a: Charizard|Dragon Claw|p1a: Alomomola
|-activate|p1a: Alomomola|Protect
|
|-heal|p1a: Alomomola|408\/534|[from] item: Leftovers
|-damage|p2a: Charizard|243\/297 tox|[from] psn
|turn|13
|
|move|p2a: Charizard|Dragon Claw|p1a: Alomomola
|-damage|p1a: Alomomola|69\/534
|move|p1a: Alomomola|Wish|p1a: Alomomola
|
|-heal|p1a: Alomomola|102\/534|[from] item: Leftovers
|-damage|p2a: Charizard|189\/297 tox|[from] psn
|turn|14
|
|switch|p2a: Dragonite|Dragonite, M|323\/323
|move|p1a: Alomomola|Protect|p1a: Alomomola
|-fail|p1a: Alomomola
|
|-heal|p1a: Alomomola|369\/534|[from] move: Wish|[wisher] Alomomola
|-heal|p1a: Alomomola|402\/534|[from] item: Leftovers
|turn|15
|
|switch|p2a: Scizor|Scizor, F|281\/281
|move|p1a: Alomomola|Toxic|p2a: Scizor|[miss]
|-miss|p1a: Alomomola|p2a: Scizor
|
|-heal|p1a: Alomomola|435\/534|[from] item: Leftovers
|turn|16
|
|switch|p1a: Zapdos|Zapdos|384\/384
|-ability|p1a: Zapdos|Pressure
|move|p2a: Scizor|Toxic|p1a: Zapdos
|-status|p1a: Zapdos|tox
|
|-damage|p1a: Zapdos|360\/384 tox|[from] psn
|turn|17
|
|switch|p2a: Thundurus-Therian|Thundurus-Therian, M|299\/299
|move|p1a: Zapdos|Heat Wave|p2a: Thundurus-Therian
|-crit|p2a: Thundurus-Therian
|-damage|p2a: Thundurus-Therian|191\/299
|
|-heal|p2a: Thundurus-Therian|209\/299|[from] item: Leftovers
|-heal|p1a: Zapdos|384\/384 tox|[from] item: Leftovers
|-damage|p1a: Zapdos|336\/384 tox|[from] psn
|turn|18
|
|switch|p2a: Scizor|Scizor, F|281\/281
|switch|p1a: Chansey|Chansey, F|704\/704
|
|turn|19
|
|switch|p1a: Zapdos|Zapdos|336\/384 tox
|-ability|p1a: Zapdos|Pressure
|move|p2a: Scizor|Swords Dance|p2a: Scizor
|-boost|p2a: Scizor|atk|2
|
|-heal|p1a: Zapdos|360\/384 tox|[from] item: Leftovers
|-damage|p1a: Zapdos|336\/384 tox|[from] psn
|turn|20
|
|switch|p2a: Thundurus-Therian|Thundurus-Therian, M|209\/299
|move|p1a: Zapdos|Heat Wave|p2a: Thundurus-Therian
|-damage|p2a: Thundurus-Therian|134\/299
|
|-heal|p2a: Thundurus-Therian|152\/299|[from] item: Leftovers
|-heal|p1a: Zapdos|360\/384 tox|[from] item: Leftovers
|-damage|p1a: Zapdos|312\/384 tox|[from] psn
|turn|21
|
|switch|p1a: Chansey|Chansey, F|704\/704
|move|p2a: Thundurus-Therian|Nasty Plot|p2a: Thundurus-Therian
|-boost|p2a: Thundurus-Therian|spa|2
|
|-heal|p2a: Thundurus-Therian|170\/299|[from] item: Leftovers
|turn|22
|
|move|p2a: Thundurus-Therian|Nasty Plot|p2a: Thundurus-Therian
|-boost|p2a: Thundurus-Therian|spa|2
|move|p1a: Chansey|Toxic|p2a: Thundurus-Therian
|-status|p2a: Thundurus-Therian|tox
|
|-heal|p2a: Thundurus-Therian|188\/299 tox|[from] item: Leftovers
|-damage|p2a: Thundurus-Therian|170\/299 tox|[from] psn
|turn|23
|
|move|p2a: Thundurus-Therian|Nasty Plot|p2a: Thundurus-Therian
|-boost|p2a: Thundurus-Therian|spa|2
|move|p1a: Chansey|Seismic Toss|p2a: Thundurus-Therian
|-damage|p2a: Thundurus-Therian|70\/299 tox
|
|-heal|p2a: Thundurus-Therian|88\/299 tox|[from] item: Leftovers
|-damage|p2a: Thundurus-Therian|52\/299 tox|[from] psn
|turn|24
|
|switch|p1a: Scizor|Scizor-Mega, F|25\/344
|move|p2a: Thundurus-Therian|Thunderbolt|p1a: Scizor
|-damage|p1a: Scizor|0 fnt
|faint|p1a: Scizor
|
|-heal|p2a: Thundurus-Therian|70\/299 tox|[from] item: Leftovers
|-damage|p2a: Thundurus-Therian|16\/299 tox|[from] psn
|
|switch|p1a: Gothitelle|Gothitelle, M|301\/301
|turn|25
|
|move|p1a: Gothitelle|Psychic|p2a: Thundurus-Therian
|-damage|p2a: Thundurus-Therian|0 fnt
|faint|p2a: Thundurus-Therian
|
|
|switch|p2a: Dragonite|Dragonite, M|323\/323
|turn|26
|
|switch|p1a: Alomomola|Alomomola, F|534\/534
|move|p2a: Dragonite|Dragon Dance|p2a: Dragonite
|-boost|p2a: Dragonite|atk|1
|-boost|p2a: Dragonite|spe|1
|
|turn|27
|
|move|p2a: Dragonite|Dragon Dance|p2a: Dragonite
|-boost|p2a: Dragonite|atk|1
|-boost|p2a: Dragonite|spe|1
|move|p1a: Alomomola|Toxic|p2a: Dragonite|[miss]
|-miss|p1a: Alomomola|p2a: Dragonite
|
|turn|28
|
|move|p2a: Dragonite|Dragon Dance|p2a: Dragonite
|-boost|p2a: Dragonite|atk|1
|-boost|p2a: Dragonite|spe|1
|move|p1a: Alomomola|Toxic|p2a: Dragonite
|-status|p2a: Dragonite|tox
|-enditem|p2a: Dragonite|Lum Berry|[eat]
|-curestatus|p2a: Dragonite|tox
|
|turn|29
|
|move|p2a: Dragonite|Thunder Punch|p1a: Alomomola
|-supereffective|p1a: Alomomola
|-damage|p1a: Alomomola|134\/534
|move|p1a: Alomomola|Toxic|p2a: Dragonite
|-status|p2a: Dragonite|tox
|
|-heal|p1a: Alomomola|167\/534|[from] item: Leftovers
|-damage|p2a: Dragonite|303\/323 tox|[from] psn
|turn|30
|
|move|p1a: Alomomola|Protect|p1a: Alomomola
|-singleturn|p1a: Alomomola|Protect
|move|p2a: Dragonite|Thunder Punch|p1a: Alomomola
|-activate|p1a: Alomomola|Protect
|
|-heal|p1a: Alomomola|200\/534|[from] item: Leftovers
|-damage|p2a: Dragonite|263\/323 tox|[from] psn
|turn|31
|
|switch|p1a: Gothitelle|Gothitelle, M|301\/301
|move|p2a: Dragonite|Dragon Dance|p2a: Dragonite
|-boost|p2a: Dragonite|atk|1
|-boost|p2a: Dragonite|spe|1
|
|-damage|p2a: Dragonite|203\/323 tox|[from] psn
|turn|32
|
|move|p2a: Dragonite|Thunder Punch|p1a: Gothitelle
|-damage|p1a: Gothitelle|0 fnt
|faint|p1a: Gothitelle
|
|-damage|p2a: Dragonite|123\/323 tox|[from] psn
|
|switch|p1a: Alomomola|Alomomola, F|378\/534
|turn|33
|
|move|p1a: Alomomola|Protect|p1a: Alomomola
|-singleturn|p1a: Alomomola|Protect
|move|p2a: Dragonite|Thunder Punch|p1a: Alomomola
|-activate|p1a: Alomomola|Protect
|
|-heal|p1a: Alomomola|411\/534|[from] item: Leftovers
|-damage|p2a: Dragonite|23\/323 tox|[from] psn
|turn|34
|
|switch|p1a: Cresselia|Cresselia, F|444\/444
|move|p2a: Dragonite|Thunder Punch|p1a: Cresselia
|-crit|p1a: Cresselia
|-damage|p1a: Cresselia|59\/444
|
|-heal|p1a: Cresselia|86\/444|[from] item: Leftovers
|-damage|p2a: Dragonite|0 fnt|[from] psn
|faint|p2a: Dragonite
|
|switch|p2a: Charizard|Charizard-Mega-X, F|189\/297 tox
|turn|35
|
|switch|p1a: Alomomola|Alomomola, F|534\/534
|move|p2a: Charizard|Dragon Claw|p1a: Alomomola
|-damage|p1a: Alomomola|374\/534
|
|-heal|p1a: Alomomola|407\/534|[from] item: Leftovers
|-damage|p2a: Charizard|171\/297 tox|[from] psn
|turn|36
|
|move|p2a: Charizard|Dragon Dance|p2a: Charizard
|-boost|p2a: Charizard|atk|1
|-boost|p2a: Charizard|spe|1
|move|p1a: Alomomola|Wish|p1a: Alomomola
|
|-heal|p1a: Alomomola|440\/534|[from] item: Leftovers
|-damage|p2a: Charizard|135\/297 tox|[from] psn
|turn|37
|
|move|p2a: Charizard|Dragon Dance|p2a: Charizard
|-boost|p2a: Charizard|atk|1
|-boost|p2a: Charizard|spe|1
|move|p1a: Alomomola|Scald|p2a: Charizard
|-damage|p2a: Charizard|84\/297 tox
|
|-heal|p1a: Alomomola|534\/534|[from] move: Wish|[wisher] Alomomola
|-damage|p2a: Charizard|30\/297 tox|[from] psn
|turn|38
|
|switch|p2a: Scizor|Scizor, F|281\/281
|move|p1a: Alomomola|Protect|p1a: Alomomola
|-fail|p1a: Alomomola
|
|turn|39
|
|switch|p2a: Landorus-Therian|Landorus-Therian, M|319\/319
|-ability|p2a: Landorus-Therian|Intimidate|[of] p1a: Alomomola
|-unboost|p1a: Alomomola|atk|1
|switch|p1a: Zapdos|Zapdos|312\/384 tox
|-ability|p1a: Zapdos|Pressure
|
|-heal|p1a: Zapdos|336\/384 tox|[from] item: Leftovers
|-damage|p1a: Zapdos|312\/384 tox|[from] psn
|turn|40
|
|switch|p1a: Alomomola|Alomomola, F|534\/534
|move|p2a: Landorus-Therian|Swords Dance|p2a: Landorus-Therian
|-boost|p2a: Landorus-Therian|atk|2
|
|turn|41
|
|move|p2a: Landorus-Therian|Earthquake|p1a: Alomomola
|-damage|p1a: Alomomola|212\/534
|move|p1a: Alomomola|Toxic|p2a: Landorus-Therian
|-status|p2a: Landorus-Therian|tox
|
|-heal|p1a: Alomomola|245\/534|[from] item: Leftovers
|-damage|p2a: Landorus-Therian|300\/319 tox|[from] psn
|turn|42
|
|move|p1a: Alomomola|Protect|p1a: Alomomola
|-singleturn|p1a: Alomomola|Protect
|move|p2a: Landorus-Therian|Swords Dance|p2a: Landorus-Therian
|-boost|p2a: Landorus-Therian|atk|2
|
|-heal|p2a: Landorus-Therian|319\/319 tox|[from] item: Leftovers
|-heal|p1a: Alomomola|278\/534|[from] item: Leftovers
|-damage|p2a: Landorus-Therian|281\/319 tox|[from] psn
|turn|43
|
|switch|p1a: Chansey|Chansey, F|704\/704
|move|p2a: Landorus-Therian|Stone Edge|p1a: Chansey
|-damage|p1a: Chansey|197\/704
|
|-heal|p2a: Landorus-Therian|300\/319 tox|[from] item: Leftovers
|-damage|p2a: Landorus-Therian|243\/319 tox|[from] psn
|turn|44
|
|move|p2a: Landorus-Therian|Stone Edge|p1a: Chansey
|-damage|p1a: Chansey|0 fnt
|faint|p1a: Chansey
|
|-heal|p2a: Landorus-Therian|262\/319 tox|[from] item: Leftovers
|-damage|p2a: Landorus-Therian|186\/319 tox|[from] psn
|
|switch|p1a: Alomomola|Alomomola, F|456\/534
|turn|45
|
|move|p1a: Alomomola|Protect|p1a: Alomomola
|-singleturn|p1a: Alomomola|Protect
|move|p2a: Landorus-Therian|Swords Dance|p2a: Landorus-Therian
|-boost|p2a: Landorus-Therian|atk|2
|
|-heal|p2a: Landorus-Therian|205\/319 tox|[from] item: Leftovers
|-heal|p1a: Alomomola|489\/534|[from] item: Leftovers
|-damage|p2a: Landorus-Therian|110\/319 tox|[from] psn
|turn|46
|
|switch|p1a: Cresselia|Cresselia, F|86\/444
|move|p2a: Landorus-Therian|Stone Edge|p1a: Cresselia
|-damage|p1a: Cresselia|0 fnt
|faint|p1a: Cresselia
|
|-heal|p2a: Landorus-Therian|129\/319 tox|[from] item: Leftovers
|-damage|p2a: Landorus-Therian|15\/319 tox|[from] psn
|
|switch|p1a: Alomomola|Alomomola, F|534\/534
|turn|47
|
|switch|p2a: Charizard|Charizard-Mega-X, F|30\/297 tox
|move|p1a: Alomomola|Protect|p1a: Alomomola
|-fail|p1a: Alomomola
|
|-damage|p2a: Charizard|12\/297 tox|[from] psn
|turn|48
|
|move|p2a: Charizard|Flare Blitz|p1a: Alomomola
|-resisted|p1a: Alomomola
|-damage|p1a: Alomomola|399\/534
|-damage|p2a: Charizard|0 fnt|[from] recoil|[of] p1a: Alomomola
|faint|p2a: Charizard
|move|p1a: Alomomola|Wish|p1a: Alomomola
|
|-heal|p1a: Alomomola|432\/534|[from] item: Leftovers
|
|switch|p2a: Scizor|Scizor, F|281\/281
|turn|49
|
|switch|p1a: Zapdos|Zapdos|312\/384 tox
|-ability|p1a: Zapdos|Pressure
|move|p2a: Scizor|Swords Dance|p2a: Scizor
|-boost|p2a: Scizor|atk|2
|
|-heal|p1a: Zapdos|384\/384 tox|[from] move: Wish|[wisher] Alomomola
|-damage|p1a: Zapdos|360\/384 tox|[from] psn
|turn|50
|
|move|p1a: Zapdos|Heat Wave|p2a: Scizor
|-supereffective|p2a: Scizor
|-damage|p2a: Scizor|0 fnt
|faint|p2a: Scizor
|
|-heal|p1a: Zapdos|384\/384 tox|[from] item: Leftovers
|-damage|p1a: Zapdos|336\/384 tox|[from] psn
|
|switch|p2a: Landorus-Therian|Landorus-Therian, M|15\/319 tox
|-ability|p2a: Landorus-Therian|Intimidate|[of] p1a: Zapdos
|-unboost|p1a: Zapdos|atk|1
|turn|51
|
|switch|p1a: Alomomola|Alomomola, F|534\/534
|move|p2a: Landorus-Therian|Stone Edge|p1a: Alomomola
|-damage|p1a: Alomomola|438\/534
|
|-heal|p2a: Landorus-Therian|34\/319 tox|[from] item: Leftovers
|-heal|p1a: Alomomola|471\/534|[from] item: Leftovers
|-damage|p2a: Landorus-Therian|15\/319 tox|[from] psn
|turn|52
|
|move|p2a: Landorus-Therian|Earthquake|p1a: Alomomola
|-damage|p1a: Alomomola|306\/534
|move|p1a: Alomomola|Scald|p2a: Landorus-Therian
|-supereffective|p2a: Landorus-Therian
|-damage|p2a: Landorus-Therian|0 fnt
|faint|p2a: Landorus-Therian
|
|win|lil manaphy
|raw|Ladder updating...
|raw|lil manaphy's rating: 1823 &rarr; <strong>1837<\/strong><br \/>(+14 for winning)
|raw|Johnny Tots's rating: 1709 &rarr; <strong>1695<\/strong><br \/>(-14 for losing)