|join|johnny tots
|join|Pashkuale
|player|p1|johnny tots|2
|player|p2|Pashkuale|214
|gametype|singles
|gen|6
|tier|OU
|rated
|clearpoke
|poke|p1|Dragonite, M
|poke|p1|Gyarados, F
|poke|p1|Landorus-Therian, M
|poke|p1|Charizard, F
|poke|p1|Thundurus-Therian, M
|poke|p1|Scizor, F
|poke|p2|Scizor, M
|poke|p2|Greninja, F
|poke|p2|Landorus-Therian, M
|poke|p2|Rotom-Wash
|poke|p2|Excadrill, F
|poke|p2|Celebi
|rule|Swagger Clause: Swagger is banned
|rule|Baton Pass Clause: Limit one Pokémon knowing Baton Pass
|rule|Sleep Clause Mod: Limit one foe put to sleep
|rule|Species Clause: Limit one of each Pokémon
|rule|OHKO Clause: OHKO moves are banned
|rule|Moody Clause: Moody is banned
|rule|Evasion Moves Clause: Evasion moves are banned
|rule|Endless Battle Clause: Forcing endless battles is banned
|rule|HP Percentage Mod: HP is shown in percentages
|teampreview
|
|start
|switch|p1a: Gyarados|Gyarados, F|331\/331
|switch|p2a: Rotom-Wash|Rotom-Wash|304\/304
|turn|1
|
|switch|p1a: Charizard|Charizard, F|297\/297
|move|p2a: Rotom-Wash|Volt Switch|p1a: Charizard
|-crit|p1a: Charizard
|-supereffective|p1a: Charizard
|-damage|p1a: Charizard|31\/297
|
|switch|p2a: Greninja|Greninja, F|285\/285
|
|turn|2
|c|★johnny tots|lucky
|
|detailschange|p1a: Charizard|Charizard-Mega-X, F
|message|Charizard has Mega Evolved into Mega Charizard!
|move|p2a: Greninja|Dark Pulse|p1a: Charizard
|-start|p2a: Greninja|typechange|Dark|[from] Protean
|-damage|p1a: Charizard|0 fnt
|-damage|p2a: Greninja|257\/285|[from] item: Life Orb
|faint|p1a: Charizard
|
|join|Shiratori_Inoue
Pashkuale made this room private.
|
|switch|p1a: Gyarados|Gyarados, F|331\/331
|turn|3
|leave|Shiratori_Inoue
|
|switch|p2a: Rotom-Wash|Rotom-Wash|304\/304
|move|p1a: Gyarados|Dragon Dance|p1a: Gyarados
|-boost|p1a: Gyarados|atk|1
|-boost|p1a: Gyarados|spe|1
|
|turn|4
|
|switch|p1a: Thundurus-Therian|Thundurus-Therian, M|299\/299
|move|p2a: Rotom-Wash|Volt Switch|p1a: Thundurus-Therian
|-immune|p1a: Thundurus-Therian|[msg]
|
|turn|5
|
|move|p1a: Thundurus-Therian|Nasty Plot|p1a: Thundurus-Therian
|-boost|p1a: Thundurus-Therian|spa|2
|move|p2a: Rotom-Wash|Hydro Pump|p1a: Thundurus-Therian
|-damage|p1a: Thundurus-Therian|175\/299
|
|-heal|p1a: Thundurus-Therian|193\/299|[from] item: Leftovers
|turn|6
|
|switch|p2a: Excadrill|Excadrill, F|362\/362
|-ability|p2a: Excadrill|Mold Breaker
|move|p1a: Thundurus-Therian|Agility|p1a: Thundurus-Therian
|-boost|p1a: Thundurus-Therian|spe|2
|
|-heal|p1a: Thundurus-Therian|211\/299|[from] item: Leftovers
|turn|7
|
|move|p1a: Thundurus-Therian|Hidden Power|p2a: Excadrill
|-damage|p2a: Excadrill|155\/362
|move|p2a: Excadrill|Rock Slide|p1a: Thundurus-Therian
|-supereffective|p1a: Thundurus-Therian
|-damage|p1a: Thundurus-Therian|0 fnt
|faint|p1a: Thundurus-Therian
|
|
|switch|p1a: Landorus-Therian|Landorus-Therian, M|319\/319
|-ability|p1a: Landorus-Therian|Intimidate|[of] p2a: Excadrill
|-unboost|p2a: Excadrill|atk|1
|turn|8
|
|switch|p2a: Rotom-Wash|Rotom-Wash|304\/304
|move|p1a: Landorus-Therian|Swords Dance|p1a: Landorus-Therian
|-boost|p1a: Landorus-Therian|atk|2
|
|turn|9
|
|move|p1a: Landorus-Therian|Stone Edge|p2a: Rotom-Wash|[miss]
|-miss|p1a: Landorus-Therian|p2a: Rotom-Wash
|move|p2a: Rotom-Wash|Will-O-Wisp|p1a: Landorus-Therian
|-status|p1a: Landorus-Therian|brn
|
|-damage|p1a: Landorus-Therian|280\/319 brn|[from] brn
|turn|10
|
|move|p1a: Landorus-Therian|Stone Edge|p2a: Rotom-Wash
|-damage|p2a: Rotom-Wash|178\/304
|move|p2a: Rotom-Wash|Hydro Pump|p1a: Landorus-Therian
|-supereffective|p1a: Landorus-Therian
|-damage|p1a: Landorus-Therian|0 fnt
|faint|p1a: Landorus-Therian
|
|-heal|p2a: Rotom-Wash|197\/304|[from] item: Leftovers
|
|switch|p1a: Scizor|Scizor, F|281\/281
|turn|11
|
|move|p2a: Rotom-Wash|Will-O-Wisp|p1a: Scizor|[miss]
|-miss|p2a: Rotom-Wash|p1a: Scizor
|move|p1a: Scizor|Toxic|p2a: Rotom-Wash
|-status|p2a: Rotom-Wash|tox
|
|-heal|p2a: Rotom-Wash|216\/304 tox|[from] item: Leftovers
|-damage|p2a: Rotom-Wash|197\/304 tox|[from] psn
|turn|12
|
|switch|p1a: Gyarados|Gyarados, F|331\/331
|move|p2a: Rotom-Wash|Pain Split|p1a: Gyarados
|-sethp|p1a: Gyarados|264\/331|p2a: Rotom-Wash|264\/304 tox|[from] move: Pain Split
|
|-heal|p2a: Rotom-Wash|283\/304 tox|[from] item: Leftovers
|-damage|p2a: Rotom-Wash|245\/304 tox|[from] psn
|turn|13
|
|switch|p1a: Scizor|Scizor, F|281\/281
|move|p2a: Rotom-Wash|Volt Switch|p1a: Scizor
|-damage|p1a: Scizor|206\/281
|
|switch|p2a: Greninja|Greninja, F|257\/285
|
|-heal|p1a: Scizor|223\/281|[from] item: Leftovers
|turn|14
|
|switch|p1a: Dragonite|Dragonite, M|323\/323
|move|p2a: Greninja|Hidden Power|p1a: Dragonite
|-start|p2a: Greninja|typechange|Fire|[from] Protean
|-resisted|p1a: Dragonite
|-damage|p1a: Dragonite|292\/323
|-damage|p2a: Greninja|229\/285|[from] item: Life Orb
|
|turn|15
|
|switch|p1a: Scizor|Scizor, F|223\/281
|move|p2a: Greninja|Ice Beam|p1a: Scizor
|-start|p2a: Greninja|typechange|Ice|[from] Protean
|-resisted|p1a: Scizor
|-damage|p1a: Scizor|137\/281
|-damage|p2a: Greninja|201\/285|[from] item: Life Orb
|
|-heal|p1a: Scizor|154\/281|[from] item: Leftovers
|turn|16
|
|switch|p2a: Rotom-Wash|Rotom-Wash|245\/304 tox
|move|p1a: Scizor|Bullet Punch|p2a: Rotom-Wash
|-resisted|p2a: Rotom-Wash
|-damage|p2a: Rotom-Wash|222\/304 tox
|
|-heal|p2a: Rotom-Wash|241\/304 tox|[from] item: Leftovers
|-heal|p1a: Scizor|171\/281|[from] item: Leftovers
|-damage|p2a: Rotom-Wash|222\/304 tox|[from] psn
|turn|17
|
|switch|p1a: Gyarados|Gyarados, F|264\/331
|move|p2a: Rotom-Wash|Will-O-Wisp|p1a: Gyarados
|-status|p1a: Gyarados|brn
|-enditem|p1a: Gyarados|Lum Berry|[eat]
|-curestatus|p1a: Gyarados|brn
|
|-heal|p2a: Rotom-Wash|241\/304 tox|[from] item: Leftovers
|-damage|p2a: Rotom-Wash|203\/304 tox|[from] psn
|turn|18
|
|switch|p1a: Scizor|Scizor, F|171\/281
|move|p2a: Rotom-Wash|Volt Switch|p1a: Scizor
|-damage|p1a: Scizor|86\/281
|
|switch|p2a: Greninja|Greninja, F|201\/285
|
|-heal|p1a: Scizor|103\/281|[from] item: Leftovers
|turn|19
|
|move|p2a: Greninja|Dark Pulse|p1a: Scizor
|-start|p2a: Greninja|typechange|Dark|[from] Protean
|-damage|p1a: Scizor|0 fnt
|-damage|p2a: Greninja|173\/285|[from] item: Life Orb
|faint|p1a: Scizor
|
|-message|johnny tots forfeited.
|
|win|Pashkuale
|raw|Ladder updating...
|leave|johnny tots
|player|p1
|raw|johnny tots's rating: 1402 &rarr; <strong>1382<\/strong><br \/>(-20 for losing)
|raw|Pashkuale's rating: 1390 &rarr; <strong>1411<\/strong><br \/>(+21 for winning)