|join|altariaaa
|join|Johnny Tots
|player|p1|altariaaa|273
|player|p2|Johnny Tots|2
|gametype|singles
|gen|6
|tier|OU
|rated
|clearpoke
|poke|p1|Tornadus-Therian, M
|poke|p1|Amoonguss, M
|poke|p1|Slowbro, F
|poke|p1|Gardevoir, F
|poke|p1|Hippowdon, F
|poke|p1|Excadrill, M
|poke|p2|Dragonite, F
|poke|p2|Gyarados, M
|poke|p2|Landorus-Therian, M
|poke|p2|Charizard, M
|poke|p2|Thundurus-Therian, M
|poke|p2|Scizor, F
|rule|Swagger Clause: Swagger is banned
|rule|Baton Pass Clause: Limit one Pokémon knowing Baton Pass
|rule|Sleep Clause Mod: Limit one foe put to sleep
|rule|Species Clause: Limit one of each Pokémon
|rule|OHKO Clause: OHKO moves are banned
|rule|Moody Clause: Moody is banned
|rule|Evasion Moves Clause: Evasion moves are banned
|rule|Endless Battle Clause: Forcing endless battles is banned
|rule|HP Percentage Mod: HP is shown in percentages
|teampreview
|c|★Johnny Tots|gl
|c|★altariaaa|same to you
|
|start
|switch|p1a: Gardevoir|Gardevoir, F|339\/339
|switch|p2a: Gyarados|Gyarados, M|331\/331
|turn|1
|
|switch|p2a: Scizor|Scizor, F|281\/281
|detailschange|p1a: Gardevoir|Gardevoir-Mega, F
|-mega|p1a: Gardevoir|Gardevoir|Gardevoirite
|move|p1a: Gardevoir|Hyper Voice|p2a: Scizor
|-resisted|p2a: Scizor
|-damage|p2a: Scizor|164\/281
|
|-heal|p2a: Scizor|181\/281|[from] item: Leftovers
|turn|2
|
|move|p1a: Gardevoir|Protect|p1a: Gardevoir
|-singleturn|p1a: Gardevoir|Protect
|move|p2a: Scizor|Toxic|p1a: Gardevoir
|-activate|p1a: Gardevoir|Protect
|
|-heal|p2a: Scizor|198\/281|[from] item: Leftovers
|turn|3
|
|switch|p1a: Amoonguss|Amoonguss, M|431\/431
|move|p2a: Scizor|Bullet Punch|p1a: Amoonguss
|-damage|p1a: Amoonguss|314\/431
|
|-heal|p2a: Scizor|215\/281|[from] item: Leftovers
|turn|4
|
|switch|p2a: Gyarados|Gyarados, M|331\/331
|move|p1a: Amoonguss|Foul Play|p2a: Gyarados
|-damage|p2a: Gyarados|201\/331
|
|turn|5
|
|move|p2a: Gyarados|Dragon Dance|p2a: Gyarados
|-boost|p2a: Gyarados|atk|1
|-boost|p2a: Gyarados|spe|1
|move|p1a: Amoonguss|Foul Play|p2a: Gyarados
|-crit|p2a: Gyarados
|-damage|p2a: Gyarados|0 fnt
|faint|p2a: Gyarados
|
|c|★Johnny Tots|buttt
|
|switch|p2a: Charizard|Charizard, M|297\/297
|turn|6
|
|switch|p1a: Hippowdon|Hippowdon, F|420\/420
|-weather|Sandstorm
|detailschange|p2a: Charizard|Charizard-Mega-X, M
|-mega|p2a: Charizard|Charizard|Charizardite X
|move|p2a: Charizard|Flare Blitz|p1a: Hippowdon
|-damage|p1a: Hippowdon|221\/420
|-damage|p2a: Charizard|231\/297|[from] recoil|[of] p1a: Hippowdon
|
|-weather|Sandstorm|[upkeep]
|-damage|p2a: Charizard|213\/297|[from] sandstorm
|-heal|p1a: Hippowdon|247\/420|[from] item: Leftovers
|turn|7
|
|move|p2a: Charizard|Dragon Dance|p2a: Charizard
|-boost|p2a: Charizard|atk|1
|-boost|p2a: Charizard|spe|1
|move|p1a: Hippowdon|Slack Off|p1a: Hippowdon
|-heal|p1a: Hippowdon|420\/420
|
|-weather|Sandstorm|[upkeep]
|-damage|p2a: Charizard|195\/297|[from] sandstorm
|turn|8
|join|Feenstaub
|c|★altariaaa|36.5 - 43%
|c|★altariaaa|foulplay to normal gyara
|c|★altariaaa|54.3 - 64.3%
|c|★altariaaa|to +1
|c|★Johnny Tots|how much +1
|c|★Johnny Tots|not full atk though
|c|★Johnny Tots|-50
|c|★altariaaa|+1 192+ A
|c|★altariaaa|did it with this
|
|move|p2a: Charizard|Flare Blitz|p1a: Hippowdon
|-damage|p1a: Hippowdon|87\/420
|-damage|p2a: Charizard|85\/297|[from] recoil|[of] p1a: Hippowdon
|move|p1a: Hippowdon|Whirlwind|p2a: Charizard
|drag|p2a: Dragonite|Dragonite, F|323\/323
|
|-weather|Sandstorm|[upkeep]
|-damage|p2a: Dragonite|303\/323|[from] sandstorm
|-heal|p1a: Hippowdon|113\/420|[from] item: Leftovers
|turn|9
|
|switch|p1a: Excadrill|Excadrill, M|374\/374
|move|p2a: Dragonite|Ice Punch|p1a: Excadrill
|-damage|p1a: Excadrill|210\/374
|
|-weather|Sandstorm|[upkeep]
|-damage|p2a: Dragonite|283\/323|[from] sandstorm
|-heal|p1a: Excadrill|233\/374|[from] item: Leftovers
|turn|10
|
|switch|p1a: Hippowdon|Hippowdon, F|113\/420
|switch|p2a: Landorus-Therian|Landorus-Therian, M|319\/319
|-ability|p2a: Landorus-Therian|Intimidate|[of] p1a: Hippowdon
|-unboost|p1a: Hippowdon|atk|1
|
|-weather|none
|-heal|p1a: Hippowdon|139\/420|[from] item: Leftovers
|turn|11
|c| Feenstaub|nice monofly team rofl
|
|move|p2a: Landorus-Therian|Swords Dance|p2a: Landorus-Therian
|-boost|p2a: Landorus-Therian|atk|2
|move|p1a: Hippowdon|Slack Off|p1a: Hippowdon
|-heal|p1a: Hippowdon|349\/420
|
|-heal|p1a: Hippowdon|375\/420|[from] item: Leftovers
|turn|12
|
|move|p2a: Landorus-Therian|Earthquake|p1a: Hippowdon
|-damage|p1a: Hippowdon|104\/420
|move|p1a: Hippowdon|Whirlwind|p2a: Landorus-Therian
|drag|p2a: Thundurus-Therian|Thundurus-Therian, M|299\/299
|
|-heal|p1a: Hippowdon|130\/420|[from] item: Leftovers
|turn|13
|
|switch|p1a: Gardevoir|Gardevoir-Mega, F|339\/339
|move|p2a: Thundurus-Therian|Hidden Power|p1a: Gardevoir
|-damage|p1a: Gardevoir|276\/339
|
|turn|14
|
|move|p1a: Gardevoir|Wish|p1a: Gardevoir
|move|p2a: Thundurus-Therian|Agility|p2a: Thundurus-Therian
|-boost|p2a: Thundurus-Therian|spe|2
|
|turn|15
|c| Feenstaub|Good old BW Times <3
|
|move|p2a: Thundurus-Therian|Nasty Plot|p2a: Thundurus-Therian
|-boost|p2a: Thundurus-Therian|spa|2
|move|p1a: Gardevoir|Hyper Voice|p2a: Thundurus-Therian
|-damage|p2a: Thundurus-Therian|65\/299
|
|-heal|p1a: Gardevoir|339\/339|[from] move: Wish|[wisher] Gardevoir
|-heal|p2a: Thundurus-Therian|83\/299|[from] item: Leftovers
|turn|16
|
|move|p2a: Thundurus-Therian|Thunderbolt|p1a: Gardevoir
|-damage|p1a: Gardevoir|90\/339
|move|p1a: Gardevoir|Hyper Voice|p2a: Thundurus-Therian
|-damage|p2a: Thundurus-Therian|0 fnt
|faint|p2a: Thundurus-Therian
|
|
|switch|p2a: Scizor|Scizor, F|215\/281
|turn|17
|
|switch|p1a: Amoonguss|Amoonguss, M|431\/431
|move|p2a: Scizor|Swords Dance|p2a: Scizor
|-boost|p2a: Scizor|atk|2
|
|-heal|p2a: Scizor|232\/281|[from] item: Leftovers
|turn|18
|c|★altariaaa|holy moly
|
|move|p2a: Scizor|Bullet Punch|p1a: Amoonguss
|-damage|p1a: Amoonguss|194\/431
|move|p1a: Amoonguss|Foul Play|p2a: Scizor
|-damage|p2a: Scizor|91\/281
|
|-heal|p2a: Scizor|108\/281|[from] item: Leftovers
|turn|19
|
|switch|p1a: Hippowdon|Hippowdon, F|130\/420
|-weather|Sandstorm
|move|p2a: Scizor|Toxic|p1a: Hippowdon
|-status|p1a: Hippowdon|tox
|
|-weather|Sandstorm|[upkeep]
|-heal|p2a: Scizor|125\/281|[from] item: Leftovers
|-heal|p1a: Hippowdon|156\/420 tox|[from] item: Leftovers
|-damage|p1a: Hippowdon|130\/420 tox|[from] psn
|turn|20
|
|move|p2a: Scizor|Bullet Punch|p1a: Hippowdon
|-damage|p1a: Hippowdon|0 fnt
|faint|p1a: Hippowdon
|
|-weather|Sandstorm|[upkeep]
|-heal|p2a: Scizor|142\/281|[from] item: Leftovers
|
|switch|p1a: Slowbro|Slowbro, F|394\/394
|turn|21
|
|move|p2a: Scizor|Toxic|p1a: Slowbro
|-status|p1a: Slowbro|tox
|move|p1a: Slowbro|Fire Blast|p2a: Scizor|[miss]
|-miss|p1a: Slowbro|p2a: Scizor
|
|-weather|Sandstorm|[upkeep]
|-damage|p1a: Slowbro|370\/394 tox|[from] sandstorm
|-heal|p2a: Scizor|159\/281|[from] item: Leftovers
|-heal|p1a: Slowbro|394\/394 tox|[from] item: Leftovers
|-damage|p1a: Slowbro|370\/394 tox|[from] psn
|turn|22
|
|switch|p2a: Dragonite|Dragonite, F|283\/323
|move|p1a: Slowbro|Scald|p2a: Dragonite
|-resisted|p2a: Dragonite
|-damage|p2a: Dragonite|237\/323
|
|-weather|Sandstorm|[upkeep]
|-damage|p2a: Dragonite|217\/323|[from] sandstorm
|-damage|p1a: Slowbro|346\/394 tox|[from] sandstorm
|-heal|p1a: Slowbro|370\/394 tox|[from] item: Leftovers
|-damage|p1a: Slowbro|322\/394 tox|[from] psn
|turn|23
|
|move|p2a: Dragonite|Dragon Dance|p2a: Dragonite
|-boost|p2a: Dragonite|atk|1
|-boost|p2a: Dragonite|spe|1
|move|p1a: Slowbro|Thunder Wave|p2a: Dragonite
|-status|p2a: Dragonite|par
|-enditem|p2a: Dragonite|Lum Berry|[eat]
|-curestatus|p2a: Dragonite|par
|
|-weather|none
|-heal|p1a: Slowbro|346\/394 tox|[from] item: Leftovers
|-damage|p1a: Slowbro|274\/394 tox|[from] psn
|turn|24
|
|move|p2a: Dragonite|Thunder Punch|p1a: Slowbro
|-supereffective|p1a: Slowbro
|-damage|p1a: Slowbro|60\/394 tox
|move|p1a: Slowbro|Thunder Wave|p2a: Dragonite
|-status|p2a: Dragonite|par
|
|-heal|p1a: Slowbro|84\/394 tox|[from] item: Leftovers
|-damage|p1a: Slowbro|0 fnt|[from] psn
|faint|p1a: Slowbro
|
|switch|p1a: Amoonguss|Amoonguss, M|337\/431
|turn|25
|
|move|p2a: Dragonite|Ice Punch|p1a: Amoonguss
|-supereffective|p1a: Amoonguss
|-damage|p1a: Amoonguss|0 fnt
|faint|p1a: Amoonguss
|
|c|★altariaaa|ou
|c|★altariaaa|lol
|
|switch|p1a: Gardevoir|Gardevoir-Mega, F|90\/339
|turn|26
|c|★Johnny Tots|haha
|c| Feenstaub|What a Dnite FTW
|c|★Johnny Tots|ready for anything
|c| Feenstaub|Thunder ice Dnite
|c| Feenstaub|what a coverage
|c|★Johnny Tots|ice for lando
|c| Feenstaub|y ik
|c| Feenstaub|or gliscor
|c|★Johnny Tots|thund for az and keldo
|c| Feenstaub|or skarm
|c| Feenstaub|:D
|c| Feenstaub|its a OHKo after +1?
|c|★altariaaa|no
|c|★Johnny Tots|azu if ur lucky
|c|★Johnny Tots|skarm like 50 and keldo yes
|
|move|p1a: Gardevoir|Hyper Voice|p2a: Dragonite
|-supereffective|p2a: Dragonite
|-damage|p2a: Dragonite|0 fnt
|faint|p2a: Dragonite
|
|
|switch|p2a: Scizor|Scizor, F|159\/281
|turn|27
|c| Feenstaub|ahhh nice
|c|★Johnny Tots|and sciz can set but used for toxic for unaware
|
|move|p1a: Gardevoir|Will-O-Wisp|p2a: Scizor|[miss]
|-miss|p1a: Gardevoir|p2a: Scizor
|move|p2a: Scizor|Swords Dance|p2a: Scizor
|-boost|p2a: Scizor|atk|2
|
|-heal|p2a: Scizor|176\/281|[from] item: Leftovers
|turn|28
|c|★altariaaa|god dam
|c|★Johnny Tots|it wouldnt really of mattered
|c| Feenstaub|what r u doing against sableye-m?
|
|switch|p1a: Excadrill|Excadrill, M|233\/374
|move|p2a: Scizor|Bullet Punch|p1a: Excadrill
|-resisted|p1a: Excadrill
|-damage|p1a: Excadrill|87\/374
|
|-heal|p1a: Excadrill|110\/374|[from] item: Leftovers
|-heal|p2a: Scizor|193\/281|[from] item: Leftovers
|turn|29
|c|★altariaaa|sure it would
|c| Feenstaub|r u bulky zard x
|c|★Johnny Tots|yea a little bulky
|c| Feenstaub|i think DD double STAB with roost would be fit ur team
|
|move|p2a: Scizor|Bullet Punch|p1a: Excadrill
|-resisted|p1a: Excadrill
|-damage|p1a: Excadrill|0 fnt
|faint|p1a: Excadrill
|
|-heal|p2a: Scizor|210\/281|[from] item: Leftovers
|c|★altariaaa|eq is fine as well
|c|★altariaaa|for luring tran
|c| Feenstaub|y
|
|switch|p1a: Tornadus-Therian|Tornadus-Therian, M|299\/299
|turn|30
|
|move|p2a: Scizor|Bullet Punch|p1a: Tornadus-Therian
|-damage|p1a: Tornadus-Therian|85\/299
|move|p1a: Tornadus-Therian|Heat Wave|p2a: Scizor
|-crit|p2a: Scizor
|-supereffective|p2a: Scizor
|-damage|p2a: Scizor|0 fnt
|-damage|p1a: Tornadus-Therian|56\/299|[from] item: Life Orb
|faint|p2a: Scizor
|
|
|switch|p2a: Landorus-Therian|Landorus-Therian, M|319\/319
|-ability|p2a: Landorus-Therian|Intimidate|[of] p1a: Tornadus-Therian
|-unboost|p1a: Tornadus-Therian|atk|1
|turn|31
|c|★Johnny Tots|and alltartia double boost max def lando to set up on exca
|c|★Johnny Tots|and i run eq on the dnitye
|
|move|p1a: Tornadus-Therian|Hurricane|p2a: Landorus-Therian
|-damage|p2a: Landorus-Therian|42\/319
|-damage|p1a: Tornadus-Therian|27\/299|[from] item: Life Orb
|move|p2a: Landorus-Therian|Rock Polish|p2a: Landorus-Therian
|-boost|p2a: Landorus-Therian|spe|2
|
|-heal|p2a: Landorus-Therian|61\/319|[from] item: Leftovers
|turn|32
|
|switch|p1a: Gardevoir|Gardevoir-Mega, F|90\/339
|move|p2a: Landorus-Therian|Stone Edge|p1a: Gardevoir
|-crit|p1a: Gardevoir
|-damage|p1a: Gardevoir|0 fnt
|faint|p1a: Gardevoir
|
|-heal|p2a: Landorus-Therian|80\/319|[from] item: Leftovers
|
|switch|p1a: Tornadus-Therian|Tornadus-Therian, M|126\/299
|turn|33
|c| Feenstaub|omfg i can see the miss
|c|★Johnny Tots|haha nooo!
|
|move|p2a: Landorus-Therian|Stone Edge|p1a: Tornadus-Therian
|-supereffective|p1a: Tornadus-Therian
|-damage|p1a: Tornadus-Therian|0 fnt
|faint|p1a: Tornadus-Therian
|
|win|Johnny Tots
|raw|Ladder updating...
|raw|altariaaa's rating: 1790 &rarr; <strong>1773<\/strong><br \/>(-17 for losing)
|raw|Johnny Tots's rating: 1844 &rarr; <strong>1861<\/strong><br \/>(+17 for winning)
|c|★Johnny Tots|ggg
|c|★altariaaa|gg
|leave|altariaaa
|leave|Johnny Tots
|player|p1
|player|p2
|leave|Feenstaub
|join|Feenstaub