|join|GearsWill
|join|Mouzourides
|player|p1|GearsWill|266
|player|p2|Mouzourides|290
|gametype|singles
|gen|6
|tier|OU
|rated
|clearpoke
|poke|p1|Garchomp, F
|poke|p1|Tyranitar, M
|poke|p1|Azumarill, F
|poke|p1|Skarmory, F
|poke|p1|Thundurus, M
|poke|p1|Greninja, M
|poke|p2|Medicham, M
|poke|p2|Zapdos
|poke|p2|Heatran, M
|poke|p2|Ferrothorn, M
|poke|p2|Keldeo-Resolute
|poke|p2|Garchomp, F
|rule|Swagger Clause: Swagger is banned
|rule|Baton Pass Clause: Limit three Pokémon knowing Baton Pass
|rule|Sleep Clause Mod: Limit one foe put to sleep
|rule|Species Clause: Limit one of each Pokémon
|rule|OHKO Clause: OHKO moves are banned
|rule|Moody Clause: Moody is banned
|rule|Evasion Moves Clause: Evasion moves are banned
|rule|Endless Battle Clause: Forcing endless battles is banned
|rule|HP Percentage Mod: HP is reported as percentages
|teampreview
|
|start
|switch|p1a: Tyranitar|Tyranitar, M|404\/404
|switch|p2a: Medicham|Medicham, M|261\/261
|-weather|Sandstorm
|turn|1
|
|switch|p1a: Skarmory|Skarmory, F|333\/333
|detailschange|p2a: Medicham|Medicham-Mega, M
|message|Medicham has Mega Evolved into Mega Medicham!
|move|p2a: Medicham|High Jump Kick|p1a: Skarmory
|-damage|p1a: Skarmory|96\/333
|
|-weather|Sandstorm|[upkeep]
|-damage|p2a: Medicham|245\/261|[from] sandstorm
|-heal|p1a: Skarmory|116\/333|[from] item: Leftovers
|turn|2
|
|move|p2a: Medicham|High Jump Kick|p1a: Skarmory|[miss]
|-miss|p2a: Medicham|p1a: Skarmory
|-damage|p2a: Medicham|115\/261|[from] highjumpkick
|move|p1a: Skarmory|Brave Bird|p2a: Medicham
|-supereffective|p2a: Medicham
|-damage|p2a: Medicham|0 fnt
|-damage|p1a: Skarmory|78\/333|[from] recoil|[of] p2a: Medicham
|faint|p2a: Medicham
|
|-weather|Sandstorm|[upkeep]
|-heal|p1a: Skarmory|98\/333|[from] item: Leftovers
|
|switch|p2a: Keldeo-Resolute|Keldeo-Resolute|323\/323
|turn|3
|
|switch|p1a: Azumarill|Azumarill, F|383\/383
|move|p2a: Keldeo-Resolute|Scald|p1a: Azumarill
|-resisted|p1a: Azumarill
|-damage|p1a: Azumarill|251\/383
|
|-weather|Sandstorm|[upkeep]
|-damage|p2a: Keldeo-Resolute|303\/323|[from] sandstorm
|-damage|p1a: Azumarill|228\/383|[from] sandstorm
|turn|4
|
|switch|p2a: Ferrothorn|Ferrothorn, M|352\/352
|move|p1a: Azumarill|Superpower|p2a: Ferrothorn
|-supereffective|p2a: Ferrothorn
|-damage|p2a: Ferrothorn|146\/352
|-damage|p1a: Azumarill|181\/383|[from] ability: Iron Barbs|[of] p2a: Ferrothorn
|-unboost|p1a: Azumarill|atk|1
|-unboost|p1a: Azumarill|def|1
|-enditem|p1a: Azumarill|Sitrus Berry|[eat]
|-heal|p1a: Azumarill|276\/383|[from] item: Sitrus Berry
|
|-weather|Sandstorm|[upkeep]
|-damage|p1a: Azumarill|253\/383|[from] sandstorm
|-heal|p2a: Ferrothorn|168\/352|[from] item: Leftovers
|turn|5
|
|switch|p1a: Garchomp|Garchomp, F|357\/357
|move|p2a: Ferrothorn|Leech Seed|p1a: Garchomp
|-start|p1a: Garchomp|move: Leech Seed
|
|-weather|Sandstorm|[upkeep]
|-heal|p2a: Ferrothorn|190\/352|[from] item: Leftovers
|-damage|p1a: Garchomp|313\/357|[from] Leech Seed|[of] p2a: Ferrothorn
|-heal|p2a: Ferrothorn|234\/352|[silent]
|turn|6
|
|switch|p1a: Tyranitar|Tyranitar, M|404\/404
|move|p2a: Ferrothorn|Protect|p2a: Ferrothorn
|-fail|p2a: Ferrothorn
|
|-weather|Sandstorm|[upkeep]
|-heal|p2a: Ferrothorn|256\/352|[from] item: Leftovers
|turn|7
|
|move|p2a: Ferrothorn|Protect|p2a: Ferrothorn
|-singleturn|p2a: Ferrothorn|Protect
|move|p1a: Tyranitar|Fire Blast|p2a: Ferrothorn
|-activate|p2a: Ferrothorn|Protect
|
|-weather|Sandstorm|[upkeep]
|-heal|p2a: Ferrothorn|278\/352|[from] item: Leftovers
|turn|8
|
|switch|p2a: Zapdos|Zapdos|384\/384
|-ability|p2a: Zapdos|Pressure
|move|p1a: Tyranitar|Stealth Rock|p2a: Zapdos
|-sidestart|p2: Mouzourides|move: Stealth Rock
|
|-weather|none
|turn|9
|
|move|p2a: Zapdos|Defog|p1a: Tyranitar
|-unboost|p1a: Tyranitar|evasion|1
|-sideend|p2: Mouzourides|Stealth Rock|[from] move: Defog|[of] p2a: Zapdos
|move|p1a: Tyranitar|Ice Beam|p2a: Zapdos
|-supereffective|p2a: Zapdos
|-damage|p2a: Zapdos|236\/384
|
|-heal|p2a: Zapdos|260\/384|[from] item: Leftovers
|turn|10
|
|move|p2a: Zapdos|Roost|p2a: Zapdos
|-heal|p2a: Zapdos|384\/384
|move|p1a: Tyranitar|Stealth Rock|p2a: Zapdos
|-sidestart|p2: Mouzourides|move: Stealth Rock
|
|turn|11
|
|switch|p1a: Garchomp|Garchomp, F|313\/357
|move|p2a: Zapdos|Discharge|p1a: Garchomp
|-immune|p1a: Garchomp|[msg]
|
|turn|12
|
|detailschange|p1a: Garchomp|Garchomp-Mega, F
|message|Garchomp has Mega Evolved into Mega Garchomp!
|move|p1a: Garchomp|Stone Edge|p2a: Zapdos
|-crit|p2a: Zapdos
|-supereffective|p2a: Zapdos
|-damage|p2a: Zapdos|32\/384
|move|p2a: Zapdos|Heat Wave|p1a: Garchomp
|-resisted|p1a: Garchomp
|-damage|p1a: Garchomp|261\/357
|
|-heal|p2a: Zapdos|56\/384|[from] item: Leftovers
|turn|13
|
|move|p1a: Garchomp|Fire Blast|p2a: Zapdos
|-damage|p2a: Zapdos|0 fnt
|faint|p2a: Zapdos
|
|
|switch|p2a: Keldeo-Resolute|Keldeo-Resolute|303\/323
|-damage|p2a: Keldeo-Resolute|283\/323|[from] Stealth Rock
|turn|14
|
|switch|p1a: Greninja|Greninja, M|285\/285
|move|p2a: Keldeo-Resolute|Hydro Pump|p1a: Greninja
|-resisted|p1a: Greninja
|-damage|p1a: Greninja|89\/285
|
|turn|15
|
|switch|p1a: Garchomp|Garchomp-Mega, F|261\/357
|switch|p2a: Ferrothorn|Ferrothorn, M|278\/352
|-damage|p2a: Ferrothorn|256\/352|[from] Stealth Rock
|
|-heal|p2a: Ferrothorn|278\/352|[from] item: Leftovers
|turn|16
|
|move|p2a: Ferrothorn|Protect|p2a: Ferrothorn
|-singleturn|p2a: Ferrothorn|Protect
|move|p1a: Garchomp|Stone Edge|p2a: Ferrothorn
|-activate|p2a: Ferrothorn|Protect
|
|-heal|p2a: Ferrothorn|300\/352|[from] item: Leftovers
|turn|17
|
|move|p1a: Garchomp|Fire Blast|p2a: Ferrothorn
|-supereffective|p2a: Ferrothorn
|-damage|p2a: Ferrothorn|0 fnt
|faint|p2a: Ferrothorn
|
|
|switch|p2a: Keldeo-Resolute|Keldeo-Resolute|283\/323
|-damage|p2a: Keldeo-Resolute|263\/323|[from] Stealth Rock
|turn|18
|
|move|p2a: Keldeo-Resolute|Hydro Pump|p1a: Garchomp
|-damage|p1a: Garchomp|0 fnt
|faint|p1a: Garchomp
|
|
|switch|p1a: Thundurus|Thundurus, M|299\/299
|turn|19
|
|switch|p2a: Garchomp|Garchomp, F|358\/358
|-damage|p2a: Garchomp|336\/358|[from] Stealth Rock
|move|p1a: Thundurus|Hidden Power|p2a: Garchomp
|-damage|p2a: Garchomp|176\/358
|-damage|p1a: Thundurus|270\/299|[from] item: Life Orb
|
|turn|20
|chat|Mouzourides|no HP ice?
|
|switch|p1a: Greninja|Greninja, M|89\/285
|move|p2a: Garchomp|Stone Edge|p1a: Greninja
|-damage|p1a: Greninja|0 fnt
|faint|p1a: Greninja
|
|
|switch|p1a: Skarmory|Skarmory, F|98\/333
|turn|21
|chat|GearsWill|Venusaur
|
|switch|p2a: Keldeo-Resolute|Keldeo-Resolute|263\/323
|-damage|p2a: Keldeo-Resolute|243\/323|[from] Stealth Rock
|move|p1a: Skarmory|Brave Bird|p2a: Keldeo-Resolute
|-supereffective|p2a: Keldeo-Resolute
|-damage|p2a: Keldeo-Resolute|0 fnt
|-damage|p1a: Skarmory|18\/333|[from] recoil|[of] p2a: Keldeo-Resolute
|faint|p2a: Keldeo-Resolute
|
|-heal|p1a: Skarmory|38\/333|[from] item: Leftovers
|chat|GearsWill|stab
|
|switch|p2a: Garchomp|Garchomp, F|176\/358
|-damage|p2a: Garchomp|154\/358|[from] Stealth Rock
|turn|22
|
|move|p2a: Garchomp|Stone Edge|p1a: Skarmory
|-damage|p1a: Skarmory|0 fnt
|faint|p1a: Skarmory
|
|
|switch|p1a: Tyranitar|Tyranitar, M|404\/404
|-weather|Sandstorm
|turn|23
|
|move|p1a: Tyranitar|Pursuit|p2a: Garchomp|[from]Pursuit
|-damage|p2a: Garchomp|45\/358
|-damage|p1a: Tyranitar|354\/404|[from] ability: Rough Skin|[of] p2a: Garchomp
|switch|p2a: Heatran|Heatran, M|386\/386
|-damage|p2a: Heatran|338\/386|[from] Stealth Rock
|
|-weather|Sandstorm|[upkeep]
|-heal|p2a: Heatran|362\/386|[from] item: Leftovers
|turn|24
|
|move|p2a: Heatran|Earth Power|p1a: Tyranitar
|-supereffective|p1a: Tyranitar
|-damage|p1a: Tyranitar|264\/404
|move|p1a: Tyranitar|Pursuit|p2a: Heatran
|-damage|p2a: Heatran|311\/386
|
|-weather|Sandstorm|[upkeep]
|-heal|p2a: Heatran|335\/386|[from] item: Leftovers
|turn|25
|
|move|p2a: Heatran|Toxic|p1a: Tyranitar
|-status|p1a: Tyranitar|tox
|move|p1a: Tyranitar|Pursuit|p2a: Heatran
|-damage|p2a: Heatran|286\/386
|
|-weather|Sandstorm|[upkeep]
|-heal|p2a: Heatran|310\/386|[from] item: Leftovers
|-damage|p1a: Tyranitar|239\/404 tox|[from] psn
|turn|26
|
|move|p2a: Heatran|Stealth Rock|p1a: Tyranitar
|-sidestart|p1: GearsWill|move: Stealth Rock
|move|p1a: Tyranitar|Pursuit|p2a: Heatran
|-damage|p2a: Heatran|255\/386
|
|-weather|Sandstorm|[upkeep]
|-heal|p2a: Heatran|279\/386|[from] item: Leftovers
|-damage|p1a: Tyranitar|189\/404 tox|[from] psn
|turn|27
|
|move|p2a: Heatran|Earth Power|p1a: Tyranitar
|-supereffective|p1a: Tyranitar
|-damage|p1a: Tyranitar|103\/404 tox
|move|p1a: Tyranitar|Pursuit|p2a: Heatran
|-damage|p2a: Heatran|230\/386
|
|-weather|Sandstorm|[upkeep]
|-heal|p2a: Heatran|254\/386|[from] item: Leftovers
|-damage|p1a: Tyranitar|28\/404 tox|[from] psn
|turn|28
|
|move|p2a: Heatran|Lava Plume|p1a: Tyranitar
|-resisted|p1a: Tyranitar
|-damage|p1a: Tyranitar|1\/404 tox
|move|p1a: Tyranitar|Pursuit|p2a: Heatran
|-damage|p2a: Heatran|205\/386
|
|-weather|Sandstorm|[upkeep]
|-heal|p2a: Heatran|229\/386|[from] item: Leftovers
|-damage|p1a: Tyranitar|0 fnt|[from] psn
|faint|p1a: Tyranitar
|
|switch|p1a: Thundurus|Thundurus, M|270\/299
|-damage|p1a: Thundurus|196\/299|[from] Stealth Rock
|turn|29
|
|move|p1a: Thundurus|Superpower|p2a: Heatran
|-supereffective|p2a: Heatran
|-damage|p2a: Heatran|0 fnt
|-unboost|p1a: Thundurus|atk|1
|-unboost|p1a: Thundurus|def|1
|-damage|p1a: Thundurus|167\/299|[from] item: Life Orb
|faint|p2a: Heatran
|
|-weather|Sandstorm|[upkeep]
|-damage|p1a: Thundurus|149\/299|[from] sandstorm
|
|switch|p2a: Garchomp|Garchomp, F|45\/358
|-damage|p2a: Garchomp|23\/358|[from] Stealth Rock
|turn|30
|chat|GearsWill|Hp Flying
|chat|GearsWill|gg
|
|move|p2a: Garchomp|Stone Edge|p1a: Thundurus|[miss]
|-miss|p2a: Garchomp|p1a: Thundurus
|move|p1a: Thundurus|Knock Off|p2a: Garchomp
|-damage|p2a: Garchomp|0 fnt
|-damage|p1a: Thundurus|112\/299|[from] ability: Rough Skin|[of] p2a: Garchomp
|-enditem|p2a: Garchomp|Choice Scarf|[from] move: Knock Off|[of] p1a: Thundurus
|-damage|p1a: Thundurus|83\/299|[from] item: Life Orb
|faint|p2a: Garchomp
|
|win|GearsWill
|raw|Ladder updating...
|raw|GearsWill's rating: 1535 &rarr; <strong>1557<\/strong><br \/>(+22 for winning)
|raw|Mouzourides's rating: 1584 &rarr; <strong>1562<\/strong><br \/>(-22 for losing)