|join|Arcanine is Regal
|join|myrtle
|player|p1|Arcanine is Regal|126
|player|p2|myrtle|112
|gametype|singles
|gen|6
|tier|OU
|rated
|clearpoke
|poke|p1|Garchomp, M
|poke|p1|Ferrothorn, F
|poke|p1|Latias, F
|poke|p1|Clefable, F
|poke|p1|Gengar, F
|poke|p1|Starmie
|poke|p2|Sableye, F
|poke|p2|Excadrill, F
|poke|p2|Manaphy
|poke|p2|Gliscor, F
|poke|p2|Talonflame, M
|poke|p2|Clefable, F
|rule|Swagger Clause: Swagger is banned
|rule|Baton Pass Clause: Limit one Pokémon knowing Baton Pass
|rule|Sleep Clause Mod: Limit one foe put to sleep
|rule|Species Clause: Limit one of each Pokémon
|rule|OHKO Clause: OHKO moves are banned
|rule|Moody Clause: Moody is banned
|rule|Evasion Moves Clause: Evasion moves are banned
|rule|Endless Battle Clause: Forcing endless battles is banned
|rule|HP Percentage Mod: HP is shown in percentages
|teampreview
|
|start
|switch|p1a: Gengar|Gengar, F|261\/261
|switch|p2a: Sableye|Sableye, F|303\/303
|turn|1
|
|detailschange|p2a: Sableye|Sableye-Mega, F
|-mega|p2a: Sableye|Sableye|Sablenite
|move|p1a: Gengar|Shadow Ball|p2a: Sableye
|-damage|p2a: Sableye|206\/303
|move|p2a: Sableye|Knock Off|p1a: Gengar
|-supereffective|p1a: Gengar
|-enditem|p1a: Gengar|Focus Sash
|-damage|p1a: Gengar|1\/261
|
|turn|2
|
|move|p1a: Gengar|Shadow Ball|p2a: Sableye
|-damage|p2a: Sableye|107\/303
|move|p2a: Sableye|Recover|p2a: Sableye
|-heal|p2a: Sableye|259\/303
|
|turn|3
|
|move|p1a: Gengar|Destiny Bond|p1a: Gengar
|-singlemove|p1a: Gengar|Destiny Bond
|move|p2a: Sableye|Knock Off|p1a: Gengar
|-supereffective|p1a: Gengar
|-damage|p1a: Gengar|0 fnt
|faint|p1a: Gengar
|-activate|p1a: Gengar|Destiny Bond
|faint|p2a: Sableye
|
|c|★Arcanine is Regal|ez
|
|switch|p1a: Starmie|Starmie|261\/261
|switch|p2a: Gliscor|Gliscor, F|353\/353
|turn|4
|join|ollopa
|
|switch|p2a: Manaphy|Manaphy|401\/401
|move|p1a: Starmie|Hydro Pump|p2a: Manaphy|[miss]
|-miss|p1a: Starmie|p2a: Manaphy
|
|turn|5
|
|switch|p1a: Ferrothorn|Ferrothorn, F|351\/351
|move|p2a: Manaphy|U-turn|p1a: Ferrothorn
|-damage|p1a: Ferrothorn|323\/351
|-damage|p2a: Manaphy|351\/401|[from] ability: Iron Barbs|[of] p1a: Ferrothorn
|-damage|p2a: Manaphy|285\/401|[from] item: Rocky Helmet|[of] p1a: Ferrothorn
|
|switch|p2a: Gliscor|Gliscor, F|353\/353
|
|-status|p2a: Gliscor|tox|[from] item: Toxic Orb
|turn|6
|c|★Arcanine is Regal|hmm
|c|★Arcanine is Regal|I wonder what set that is
|c|★Arcanine is Regal|oh look you just copied the team
|c|★Arcanine is Regal|neat
|c|★Arcanine is Regal|http:\/\/www.smogon.com\/forums\/threads\/stallturn-semi-stall-peaked-1.3524372\/
|
|switch|p1a: Starmie|Starmie|261\/261
|move|p2a: Gliscor|Taunt|p1a: Starmie
|-start|p1a: Starmie|move: Taunt
|
|turn|7
|
|switch|p2a: Manaphy|Manaphy|285\/401
|move|p1a: Starmie|Psyshock|p2a: Manaphy
|-damage|p2a: Manaphy|45\/401
|
|-heal|p2a: Manaphy|70\/401|[from] item: Leftovers
|turn|8
|
|switch|p2a: Clefable|Clefable, F|393\/393
|move|p1a: Starmie|Psyshock|p2a: Clefable
|-damage|p2a: Clefable|200\/393
|
|-heal|p2a: Clefable|224\/393|[from] item: Leftovers
|turn|9
|
|switch|p1a: Garchomp|Garchomp, M|420\/420
|move|p2a: Clefable|Moonlight|p2a: Clefable
|-heal|p2a: Clefable|393\/393
|
|turn|10
|
|move|p1a: Garchomp|Toxic|p2a: Clefable
|-status|p2a: Clefable|tox
|move|p2a: Clefable|Moonblast|p1a: Garchomp
|-supereffective|p1a: Garchomp
|-damage|p1a: Garchomp|166\/420
|
|-damage|p2a: Clefable|369\/393 tox|[from] psn
|turn|11
|
|switch|p1a: Starmie|Starmie|261\/261
|move|p2a: Clefable|Aromatherapy|p2a: Clefable
|-cureteam|p2a: Clefable|[from] move: Aromatherapy
|
|-heal|p2a: Clefable|393\/393|[from] item: Leftovers
|turn|12
|
|move|p1a: Starmie|Hydro Pump|p2a: Clefable
|-crit|p2a: Clefable
|-damage|p2a: Clefable|0 fnt
|faint|p2a: Clefable
|
|
|switch|p2a: Manaphy|Manaphy|70\/401
|turn|13
|
|move|p1a: Starmie|Hydro Pump|p2a: Manaphy|[miss]
|-miss|p1a: Starmie|p2a: Manaphy
|move|p2a: Manaphy|Rest|p2a: Manaphy
|-status|p2a: Manaphy|slp
|-heal|p2a: Manaphy|401\/401 slp|[silent]
|-status|p2a: Manaphy|slp|[from] move: Rest
|
|turn|14
|
|switch|p1a: Ferrothorn|Ferrothorn, F|323\/351
|cant|p2a: Manaphy|slp
|
|turn|15
|
|cant|p2a: Manaphy|slp
|move|p1a: Ferrothorn|Leech Seed|p2a: Manaphy|[miss]
|-miss|p1a: Ferrothorn|p2a: Manaphy
|
|turn|16
|c|★Arcanine is Regal|so lucky lol
|
|-curestatus|p2a: Manaphy|slp
|move|p2a: Manaphy|Scald|p1a: Ferrothorn
|-crit|p1a: Ferrothorn
|-resisted|p1a: Ferrothorn
|-damage|p1a: Ferrothorn|257\/351
|move|p1a: Ferrothorn|Leech Seed|p2a: Manaphy
|-start|p2a: Manaphy|move: Leech Seed
|
|-damage|p2a: Manaphy|351\/401|[from] Leech Seed|[of] p1a: Ferrothorn
|-heal|p1a: Ferrothorn|307\/351|[silent]
|turn|17
|
|switch|p2a: Gliscor|Gliscor, F|353\/353
|move|p1a: Ferrothorn|Spikes|p2a: Gliscor
|-sidestart|p2: myrtle|Spikes
|
|-status|p2a: Gliscor|tox|[from] item: Toxic Orb
|turn|18
|
|switch|p1a: Starmie|Starmie|261\/261
|move|p2a: Gliscor|Stealth Rock|p1a: Starmie
|-sidestart|p1: Arcanine is Regal|move: Stealth Rock
|
|turn|19
|
|move|p1a: Starmie|Ice Beam|p2a: Gliscor
|-supereffective|p2a: Gliscor
|-damage|p2a: Gliscor|0 fnt
|faint|p2a: Gliscor
|
|
|switch|p2a: Manaphy|Manaphy|351\/401
|-damage|p2a: Manaphy|301\/401|[from] Spikes
|turn|20
|
|switch|p1a: Ferrothorn|Ferrothorn, F|307\/351
|-damage|p1a: Ferrothorn|286\/351|[from] Stealth Rock
|move|p2a: Manaphy|Scald|p1a: Ferrothorn
|-resisted|p1a: Ferrothorn
|-damage|p1a: Ferrothorn|245\/351
|-status|p1a: Ferrothorn|brn
|
|-heal|p2a: Manaphy|326\/401|[from] item: Leftovers
|-damage|p1a: Ferrothorn|202\/351 brn|[from] brn
|turn|21
|
|switch|p2a: Excadrill|Excadrill, F|424\/424
|-damage|p2a: Excadrill|371\/424|[from] Spikes
|-ability|p2a: Excadrill|Mold Breaker
|move|p1a: Ferrothorn|Leech Seed|p2a: Excadrill
|-start|p2a: Excadrill|move: Leech Seed
|
|-heal|p2a: Excadrill|397\/424|[from] item: Leftovers
|-damage|p2a: Excadrill|344\/424|[from] Leech Seed|[of] p1a: Ferrothorn
|-heal|p1a: Ferrothorn|255\/351 brn|[silent]
|-damage|p1a: Ferrothorn|212\/351 brn|[from] brn
|turn|22
|
|switch|p1a: Garchomp|Garchomp, M|166\/420
|-damage|p1a: Garchomp|140\/420|[from] Stealth Rock
|move|p2a: Excadrill|Earthquake|p1a: Garchomp
|-damage|p1a: Garchomp|23\/420
|
|-heal|p2a: Excadrill|370\/424|[from] item: Leftovers
|-damage|p2a: Excadrill|317\/424|[from] Leech Seed|[of] p1a: Garchomp
|-heal|p1a: Garchomp|76\/420|[silent]
|turn|23
|
|switch|p2a: Manaphy|Manaphy|326\/401
|-damage|p2a: Manaphy|276\/401|[from] Spikes
|move|p1a: Garchomp|Stealth Rock|p2a: Manaphy
|-sidestart|p2: myrtle|move: Stealth Rock
|
|-heal|p2a: Manaphy|301\/401|[from] item: Leftovers
|turn|24
|
|move|p1a: Garchomp|Toxic|p2a: Manaphy
|-status|p2a: Manaphy|tox
|move|p2a: Manaphy|Scald|p1a: Garchomp
|-damage|p1a: Garchomp|0 fnt
|faint|p1a: Garchomp
|
|-heal|p2a: Manaphy|326\/401 tox|[from] item: Leftovers
|-damage|p2a: Manaphy|301\/401 tox|[from] psn
|
|switch|p1a: Starmie|Starmie|261\/261
|-damage|p1a: Starmie|229\/261|[from] Stealth Rock
|turn|25
|
|move|p1a: Starmie|Psyshock|p2a: Manaphy
|-damage|p2a: Manaphy|111\/401 tox
|move|p2a: Manaphy|Rain Dance|p2a: Manaphy
|-weather|RainDance
|
|-weather|RainDance|[upkeep]
|-curestatus|p2a: Manaphy|tox
|-heal|p2a: Manaphy|136\/401|[from] item: Leftovers
|turn|26
|
|move|p1a: Starmie|Psyshock|p2a: Manaphy
|-damage|p2a: Manaphy|0 fnt
|faint|p2a: Manaphy
|
|-weather|RainDance|[upkeep]
|
|switch|p2a: Talonflame|Talonflame, M|345\/345
|-damage|p2a: Talonflame|173\/345|[from] Stealth Rock
|turn|27
|
|move|p2a: Talonflame|Brave Bird|p1a: Starmie
|-damage|p1a: Starmie|34\/261
|-damage|p2a: Talonflame|109\/345|[from] recoil|[of] p1a: Starmie
|move|p1a: Starmie|Psyshock|p2a: Talonflame
|-damage|p2a: Talonflame|0 fnt
|faint|p2a: Talonflame
|
|-weather|RainDance|[upkeep]
|
|switch|p2a: Excadrill|Excadrill, F|317\/424
|-damage|p2a: Excadrill|264\/424|[from] Spikes
|-damage|p2a: Excadrill|251\/424|[from] Stealth Rock
|-ability|p2a: Excadrill|Mold Breaker
|turn|28
|
|move|p1a: Starmie|Psyshock|p2a: Excadrill
|-resisted|p2a: Excadrill
|-damage|p2a: Excadrill|107\/424
|move|p2a: Excadrill|Earthquake|p1a: Starmie
|-damage|p1a: Starmie|0 fnt
|faint|p1a: Starmie
|
|-weather|RainDance|[upkeep]
|-heal|p2a: Excadrill|133\/424|[from] item: Leftovers
|
|switch|p1a: Latias|Latias, F|363\/363
|-damage|p1a: Latias|318\/363|[from] Stealth Rock
|turn|29
|
|detailschange|p1a: Latias|Latias-Mega, F
|-mega|p1a: Latias|Latias|Latiasite
|move|p1a: Latias|Substitute|p1a: Latias
|-start|p1a: Latias|Substitute
|-damage|p1a: Latias|228\/363
|move|p2a: Excadrill|Iron Head|p1a: Latias
|-activate|p1a: Latias|Substitute|[damage]
|
|-weather|none
|-heal|p2a: Excadrill|159\/424|[from] item: Leftovers
|turn|30
|
|move|p1a: Latias|Calm Mind|p1a: Latias
|-boost|p1a: Latias|spa|1
|-boost|p1a: Latias|spd|1
|move|p2a: Excadrill|Earthquake|p1a: Latias
|-end|p1a: Latias|Substitute
|
|-heal|p2a: Excadrill|185\/424|[from] item: Leftovers
|turn|31
|
|move|p1a: Latias|Calm Mind|p1a: Latias
|-boost|p1a: Latias|spa|1
|-boost|p1a: Latias|spd|1
|move|p2a: Excadrill|Earthquake|p1a: Latias
|-damage|p1a: Latias|129\/363
|
|-heal|p2a: Excadrill|211\/424|[from] item: Leftovers
|turn|32
|
|move|p1a: Latias|Stored Power|p2a: Excadrill
|-resisted|p2a: Excadrill
|-damage|p2a: Excadrill|54\/424
|move|p2a: Excadrill|Earthquake|p1a: Latias
|-damage|p1a: Latias|26\/363
|
|-heal|p2a: Excadrill|80\/424|[from] item: Leftovers
|turn|33
|
|move|p1a: Latias|Stored Power|p2a: Excadrill
|-resisted|p2a: Excadrill
|-damage|p2a: Excadrill|0 fnt
|faint|p2a: Excadrill
|
|win|Arcanine is Regal
|raw|Ladder updating...
|raw|Arcanine is Regal's rating: 1696 &rarr; <strong>1709<\/strong><br \/>(+13 for winning)
|raw|myrtle's rating: 1551 &rarr; <strong>1539<\/strong><br \/>(-12 for losing)
|leave|myrtle