|join|swancrew
|join|aqbf
|player|p1|swancrew|275
|player|p2|aqbf|4
|gametype|singles
|gen|6
|tier|UU
|rated
|rule|Sleep Clause Mod: Limit one foe put to sleep
|rule|Species Clause: Limit one of each Pokémon
|rule|OHKO Clause: OHKO moves are banned
|rule|Moody Clause: Moody is banned
|rule|Evasion Moves Clause: Evasion moves are banned
|rule|Endless Battle Clause: Forcing endless battles is banned
|rule|HP Percentage Mod: HP is shown in percentages
|clearpoke
|poke|p1|Empoleon, F
|poke|p1|Ampharos, M
|poke|p1|Arcanine, F
|poke|p1|Roserade, F
|poke|p1|Krookodile, F
|poke|p1|Mienshao, M
|poke|p2|Toxicroak, M
|poke|p2|Chandelure, M
|poke|p2|Aerodactyl, F, shiny
|poke|p2|Krookodile, M
|poke|p2|Swampert, F
|poke|p2|Whimsicott, M
|rule|Swagger Clause: Swagger is banned
|rule|Baton Pass Clause: Limit one Pokémon knowing Baton Pass
|teampreview
|
|start
|switch|p1a: Mienshao|Mienshao, M|271\/271
|switch|p2a: Toxicroak|Toxicroak, M|328\/328
|turn|1
|
|move|p1a: Mienshao|U-turn|p2a: Toxicroak
|-resisted|p2a: Toxicroak
|-damage|p2a: Toxicroak|292\/328
|-damage|p1a: Mienshao|244\/271|[from] item: Life Orb
|
|switch|p1a: Arcanine|Arcanine, F|383\/383
|-ability|p1a: Arcanine|Intimidate|[of] p2a: Toxicroak
|-unboost|p2a: Toxicroak|atk|1
|move|p2a: Toxicroak|Swords Dance|p2a: Toxicroak
|-boost|p2a: Toxicroak|atk|2
|
|turn|2
|
|switch|p2a: Phantoon|Chandelure, M|289\/289
|move|p1a: Arcanine|Will-O-Wisp|p2a: Phantoon
|-start|p2a: Phantoon|ability: Flash Fire
|
|turn|3
|join|hanjiplayer
|
|switch|p1a: Empoleon|Empoleon, F|372\/372
|move|p2a: Phantoon|Substitute|p2a: Phantoon
|-start|p2a: Phantoon|Substitute
|-damage|p2a: Phantoon|217\/289
|
|-heal|p2a: Phantoon|235\/289|[from] item: Leftovers
|turn|4
|
|move|p2a: Phantoon|Calm Mind|p2a: Phantoon
|-boost|p2a: Phantoon|spa|1
|-boost|p2a: Phantoon|spd|1
|move|p1a: Empoleon|Roar|p2a: Phantoon
|drag|p2a: Crocomire|Krookodile, M|332\/332
|
|turn|5
|c|★aqbf|not time yet
|c|★aqbf|shoulda flamethrowered
|c|★aqbf|was the right play
|c| hanjiplayer|definetely
|
|switch|p2a: Toxicroak|Toxicroak, M|292\/328
|move|p1a: Empoleon|Stealth Rock|p2a: Toxicroak
|-sidestart|p2: aqbf|move: Stealth Rock
|
|turn|6
|c| hanjiplayer|if you had flamethrowerd, you could've one there and then
|
|move|p2a: Toxicroak|Gunk Shot|p1a: Empoleon
|-immune|p1a: Empoleon|[msg]
|move|p1a: Empoleon|Roar|p2a: Toxicroak
|drag|p2a: Kraid|Swampert, F|404\/404
|-damage|p2a: Kraid|379\/404|[from] Stealth Rock
|
|-heal|p2a: Kraid|404\/404|[from] item: Leftovers
|turn|7
|c|★aqbf|and you stay in to take a drain punch
|c|★aqbf|although
|c| hanjiplayer|they keep changing the gunk shot animation
|c|★aqbf|yeah
|c|★aqbf|I liked the old one
|
|move|p1a: Empoleon|Scald|p2a: Kraid
|-damage|p2a: Kraid|287\/404
|move|p2a: Kraid|Stealth Rock|p1a: Empoleon
|-sidestart|p1: swancrew|move: Stealth Rock
|
|-heal|p2a: Kraid|312\/404|[from] item: Leftovers
|turn|8
|c| hanjiplayer|the old one made sense
|c| hanjiplayer|this man has serious balls
|c|★aqbf|sorry I might have to leave
|
|move|p1a: Empoleon|Scald|p2a: Kraid
|-damage|p2a: Kraid|210\/404
|move|p2a: Kraid|Earthquake|p1a: Empoleon
|-supereffective|p1a: Empoleon
|-damage|p1a: Empoleon|90\/372
|
|-heal|p1a: Empoleon|113\/372|[from] item: Leftovers
|-heal|p2a: Kraid|235\/404|[from] item: Leftovers
|turn|9
|c|★aqbf|that's disappointing
|c| hanjiplayer|and that's pretty much game
|c|★aqbf|I wanted to sweep
|c| hanjiplayer|you can stay for 1 more minute
|c| hanjiplayer|which is all the time krook needs
|
|move|p1a: Empoleon|Scald|p2a: Kraid
|-damage|p2a: Kraid|75\/404
|move|p2a: Kraid|Roar|p1a: Empoleon
|drag|p1a: Mienshao|Mienshao, M|271\/271
|-damage|p1a: Mienshao|255\/271|[from] Stealth Rock
|
|-heal|p2a: Kraid|100\/404|[from] item: Leftovers
|turn|10
|
|move|p1a: Mienshao|Knock Off|p2a: Kraid
|-damage|p2a: Kraid|0 fnt
|-enditem|p2a: Kraid|Leftovers|[from] move: Knock Off|[of] p1a: Mienshao
|-damage|p1a: Mienshao|228\/271|[from] item: Life Orb
|faint|p2a: Kraid
|
|c|★aqbf|cool
|
|switch|p2a: Crocomire|Krookodile, M|332\/332
|-damage|p2a: Crocomire|312\/332|[from] Stealth Rock
|turn|11
|c|★aqbf|watch this not ko
|
|move|p2a: Crocomire|Earthquake|p1a: Mienshao
|-damage|p1a: Mienshao|0 fnt
|faint|p1a: Mienshao
|-boost|p2a: Crocomire|atk|1|[from] ability: Moxie
|
|c| hanjiplayer|mienshao's frail as hell anything ko's
|c| hanjiplayer|gg
|c|★aqbf|almost anything
|
|switch|p1a: Ampharos|Ampharos, M|383\/383
|-damage|p1a: Ampharos|336\/383|[from] Stealth Rock
|turn|12
|c| hanjiplayer|lol
|
|detailschange|p1a: Ampharos|Ampharos-Mega, M
|-mega|p1a: Ampharos|Ampharos|Ampharosite
|-ability|p1a: Ampharos|Mold Breaker
|move|p2a: Crocomire|Earthquake|p1a: Ampharos
|-supereffective|p1a: Ampharos
|-damage|p1a: Ampharos|0 fnt
|faint|p1a: Ampharos
|-boost|p2a: Crocomire|atk|1|[from] ability: Moxie
|
|-message|swancrew forfeited.
|leave|swancrew
|
|win|aqbf
|raw|Ladder updating...
|c| hanjiplayer|xD
|c|★aqbf|oh good
|player|p1
|raw|swancrew's rating: 1435 &rarr; <strong>1421<\/strong><br \/>(-14 for losing)
|raw|aqbf's rating: 1545 &rarr; <strong>1559<\/strong><br \/>(+14 for winning)
|c|★aqbf|now I can leave
|c| hanjiplayer|cya
|c|★aqbf|bye hanjiplayer
|c|★aqbf|have fun in life