|join|Cerulean Guy
|join|aqbf
|player|p1|Cerulean Guy|290
|player|p2|aqbf|4
|gametype|singles
|gen|6
|tier|UU
|rated
|rule|Sleep Clause Mod: Limit one foe put to sleep
|rule|Species Clause: Limit one of each Pokémon
|rule|OHKO Clause: OHKO moves are banned
|rule|Moody Clause: Moody is banned
|rule|Evasion Moves Clause: Evasion moves are banned
|rule|Endless Battle Clause: Forcing endless battles is banned
|rule|HP Percentage Mod: HP is shown in percentages
|clearpoke
|poke|p1|Eelektross, M
|poke|p1|Arcanine, F
|poke|p1|Aggron, M
|poke|p1|Alomomola, F
|poke|p1|Crobat, M
|poke|p1|Blissey, F
|poke|p2|Toxicroak, F
|poke|p2|Chandelure, F
|poke|p2|Aerodactyl, M, shiny
|poke|p2|Krookodile, M
|poke|p2|Swampert, M
|poke|p2|Whimsicott, F
|rule|Swagger Clause: Swagger is banned
|rule|Baton Pass Clause: Limit one Pokémon knowing Baton Pass
|teampreview
|join|Housing
|c| Housing|Hey, slutfest
|c| Housing|Wanna fuck?
|raw|<div class="broadcast-red"><b>Moderated chat was set to +!<\/b><br \/>Only users of rank + and higher can talk.<\/div>
|c|★aqbf|eww
|
|start
|switch|p1a: Eelektross|Eelektross, M|374\/374
|switch|p2a: Kraid|Swampert, M|404\/404
|turn|1
|
|move|p2a: Kraid|Stealth Rock|p1a: Eelektross
|-sidestart|p1: Cerulean Guy|move: Stealth Rock
|move|p1a: Eelektross|Knock Off|p2a: Kraid
|-damage|p2a: Kraid|346\/404
|-enditem|p2a: Kraid|Leftovers|[from] move: Knock Off|[of] p1a: Eelektross
|
|turn|2
|c|★Cerulean Guy|I'm a tran
|
|move|p2a: Kraid|Scald|p1a: Eelektross
|-damage|p1a: Eelektross|304\/374
|move|p1a: Eelektross|Giga Drain|p2a: Kraid
|-supereffective|p2a: Kraid
|-damage|p2a: Kraid|0 fnt
|-heal|p1a: Eelektross|374\/374|[from] drain|[of] p2a: Kraid
|faint|p2a: Kraid
|
|c|★aqbf|I was saying eww to stall
|c|★aqbf|ah shit that gets that?
|c|★aqbf|tbh I have no idea what eelektross can and can't do, I didn't play 5th gen
|c|★Cerulean Guy|It's an underrated pokemon
|
|switch|p2a: Whimsicott|Whimsicott, F|261\/261
|turn|3
|c|★Cerulean Guy|Not many people know about it.
|
|switch|p1a: Aggron|Aggron, M|344\/344
|-damage|p1a: Aggron|323\/344|[from] Stealth Rock
|move|p2a: Whimsicott|Moonblast|p1a: Aggron
|-resisted|p1a: Aggron
|-damage|p1a: Aggron|244\/344
|-damage|p2a: Whimsicott|235\/261|[from] item: Life Orb
|
|turn|4
|
|switch|p2a: Phantoon|Chandelure, F|289\/289
|detailschange|p1a: Aggron|Aggron-Mega, M
|-mega|p1a: Aggron|Aggron|Aggronite
|move|p1a: Aggron|Stealth Rock|p2a: Phantoon
|-sidestart|p2: aqbf|move: Stealth Rock
|
|turn|5
|
|switch|p1a: Blissey|Blissey, F|714\/714
|-damage|p1a: Blissey|625\/714|[from] Stealth Rock
|move|p2a: Phantoon|Substitute|p2a: Phantoon
|-start|p2a: Phantoon|Substitute
|-damage|p2a: Phantoon|217\/289
|
|-heal|p2a: Phantoon|235\/289|[from] item: Leftovers
|-heal|p1a: Blissey|669\/714|[from] item: Leftovers
|turn|6
|c|★aqbf|lol good
|
|switch|p1a: Crobat|Crobat, M|374\/374
|-damage|p1a: Crobat|281\/374|[from] Stealth Rock
|move|p2a: Phantoon|Calm Mind|p2a: Phantoon
|-boost|p2a: Phantoon|spa|1
|-boost|p2a: Phantoon|spd|1
|
|-heal|p1a: Crobat|304\/374|[from] item: Black Sludge
|-heal|p2a: Phantoon|253\/289|[from] item: Leftovers
|turn|7
|
|move|p1a: Crobat|Toxic|p2a: Phantoon
|-status|p2a: Phantoon|tox
|move|p2a: Phantoon|Flamethrower|p1a: Crobat
|-damage|p1a: Crobat|0 fnt
|faint|p1a: Crobat
|
|-heal|p2a: Phantoon|271\/289 tox|[from] item: Leftovers
|-damage|p2a: Phantoon|253\/289 tox|[from] psn
|c|★aqbf|oh shit
|
|switch|p1a: Blissey|Blissey, F|669\/714
|-damage|p1a: Blissey|580\/714|[from] Stealth Rock
|turn|8
|c|★aqbf|I predicted bb which scared me less XP
|
|move|p2a: Phantoon|Calm Mind|p2a: Phantoon
|-boost|p2a: Phantoon|spa|1
|-boost|p2a: Phantoon|spd|1
|move|p1a: Blissey|Wish|p1a: Blissey
|
|-heal|p2a: Phantoon|271\/289 tox|[from] item: Leftovers
|-heal|p1a: Blissey|624\/714|[from] item: Leftovers
|-damage|p2a: Phantoon|235\/289 tox|[from] psn
|turn|9
|
|switch|p1a: Arcanine|Arcanine, F|384\/384
|-damage|p1a: Arcanine|288\/384|[from] Stealth Rock
|-activate|p2a: Phantoon|Substitute|ability: Intimidate|[of] p1a: Arcanine
|move|p2a: Phantoon|Calm Mind|p2a: Phantoon
|-boost|p2a: Phantoon|spa|1
|-boost|p2a: Phantoon|spd|1
|
|-heal|p1a: Arcanine|384\/384|[from] move: Wish|[wisher] Blissey
|-heal|p2a: Phantoon|253\/289 tox|[from] item: Leftovers
|-damage|p2a: Phantoon|199\/289 tox|[from] psn
|turn|10
|
|switch|p1a: Blissey|Blissey, F|624\/714
|-damage|p1a: Blissey|535\/714|[from] Stealth Rock
|move|p2a: Phantoon|Shadow Ball|p1a: Blissey
|-immune|p1a: Blissey|[msg]
|
|-heal|p2a: Phantoon|217\/289 tox|[from] item: Leftovers
|-heal|p1a: Blissey|579\/714|[from] item: Leftovers
|-damage|p2a: Phantoon|145\/289 tox|[from] psn
|turn|11
|
|move|p2a: Phantoon|Flamethrower|p1a: Blissey
|-damage|p1a: Blissey|248\/714
|move|p1a: Blissey|Wish|p1a: Blissey
|
|-heal|p2a: Phantoon|163\/289 tox|[from] item: Leftovers
|-heal|p1a: Blissey|292\/714|[from] item: Leftovers
|-damage|p2a: Phantoon|73\/289 tox|[from] psn
|turn|12
|
|switch|p2a: Toxicroak|Toxicroak, F|328\/328
|-damage|p2a: Toxicroak|308\/328|[from] Stealth Rock
|switch|p1a: Alomomola|Alomomola, F|472\/472
|-damage|p1a: Alomomola|413\/472|[from] Stealth Rock
|
|-heal|p1a: Alomomola|472\/472|[from] move: Wish|[wisher] Blissey
|turn|13
|
|move|p2a: Toxicroak|Swords Dance|p2a: Toxicroak
|-boost|p2a: Toxicroak|atk|2
|move|p1a: Alomomola|Knock Off|p2a: Toxicroak
|-resisted|p2a: Toxicroak
|-damage|p2a: Toxicroak|273\/328
|-enditem|p2a: Toxicroak|Life Orb|[from] move: Knock Off|[of] p1a: Alomomola
|
|turn|14
|
|move|p2a: Toxicroak|Drain Punch|p1a: Alomomola
|-crit|p1a: Alomomola
|-damage|p1a: Alomomola|133\/472
|-heal|p2a: Toxicroak|328\/328|[from] drain|[of] p1a: Alomomola
|-damage|p2a: Toxicroak|274\/328|[from] item: Rocky Helmet|[of] p1a: Alomomola
|move|p1a: Alomomola|Wish|p1a: Alomomola
|
|turn|15
|
|switch|p1a: Arcanine|Arcanine, F|384\/384
|-damage|p1a: Arcanine|288\/384|[from] Stealth Rock
|-ability|p1a: Arcanine|Intimidate|[of] p2a: Toxicroak
|-unboost|p2a: Toxicroak|atk|1
|move|p2a: Toxicroak|Drain Punch|p1a: Arcanine
|-damage|p1a: Arcanine|122\/384
|-heal|p2a: Toxicroak|328\/328|[from] drain|[of] p1a: Arcanine
|
|-heal|p1a: Arcanine|358\/384|[from] move: Wish|[wisher] Alomomola
|-heal|p1a: Arcanine|382\/384|[from] item: Leftovers
|turn|16
|c|★aqbf|not mega aggron?
|c|★aqbf|well I'm not complaining
|
|switch|p2a: Phantoon|Chandelure, F|73\/289 tox
|-damage|p2a: Phantoon|1\/289 tox|[from] Stealth Rock
|move|p1a: Arcanine|Will-O-Wisp|p2a: Phantoon
|-start|p2a: Phantoon|ability: Flash Fire
|
|-heal|p2a: Phantoon|19\/289 tox|[from] item: Leftovers
|-heal|p1a: Arcanine|384\/384|[from] item: Leftovers
|-damage|p2a: Phantoon|1\/289 tox|[from] psn
|turn|17
|
|switch|p1a: Blissey|Blissey, F|292\/714
|-damage|p1a: Blissey|203\/714|[from] Stealth Rock
|move|p2a: Phantoon|Shadow Ball|p1a: Blissey
|-immune|p1a: Blissey|[msg]
|
|-heal|p2a: Phantoon|19\/289 tox|[from] item: Leftovers
|-heal|p1a: Blissey|247\/714|[from] item: Leftovers
|-damage|p2a: Phantoon|0 fnt|[from] psn
|faint|p2a: Phantoon
|
|switch|p2a: Crocomire|Krookodile, M|332\/332
|-damage|p2a: Crocomire|312\/332|[from] Stealth Rock
|turn|18
|
|move|p2a: Crocomire|Knock Off|p1a: Blissey
|-damage|p1a: Blissey|0 fnt
|-enditem|p1a: Blissey|Leftovers|[from] move: Knock Off|[of] p2a: Crocomire
|faint|p1a: Blissey
|-boost|p2a: Crocomire|atk|1|[from] ability: Moxie
|
|
|switch|p1a: Aggron|Aggron-Mega, M|244\/344
|-damage|p1a: Aggron|223\/344|[from] Stealth Rock
|turn|19
|
|switch|p2a: Ridley|Aerodactyl, M, shiny|331\/331
|-damage|p2a: Ridley|249\/331|[from] Stealth Rock
|-ability|p2a: Ridley|Pressure
|move|p1a: Aggron|Heavy Slam|p2a: Ridley
|-supereffective|p2a: Ridley
|-damage|p2a: Ridley|0 fnt
|faint|p2a: Ridley
|
|
|switch|p2a: Crocomire|Krookodile, M|312\/332
|-damage|p2a: Crocomire|292\/332|[from] Stealth Rock
|turn|20
|
|switch|p1a: Eelektross|Eelektross, M|374\/374
|-damage|p1a: Eelektross|328\/374|[from] Stealth Rock
|move|p2a: Crocomire|Superpower|p1a: Eelektross
|-damage|p1a: Eelektross|178\/374
|-unboost|p2a: Crocomire|atk|1
|-unboost|p2a: Crocomire|def|1
|
|turn|21
|
|switch|p2a: Whimsicott|Whimsicott, F|235\/261
|-damage|p2a: Whimsicott|203\/261|[from] Stealth Rock
|move|p1a: Eelektross|Flamethrower|p2a: Whimsicott
|-supereffective|p2a: Whimsicott
|-damage|p2a: Whimsicott|0 fnt
|faint|p2a: Whimsicott
|
|c|★Cerulean Guy|lol
|
|switch|p2a: Toxicroak|Toxicroak, F|328\/328
|-damage|p2a: Toxicroak|308\/328|[from] Stealth Rock
|turn|22
|c|★aqbf|didn't know it got access to that
|
|switch|p1a: Arcanine|Arcanine, F|384\/384
|-damage|p1a: Arcanine|288\/384|[from] Stealth Rock
|-ability|p1a: Arcanine|Intimidate|[of] p2a: Toxicroak
|-unboost|p2a: Toxicroak|atk|1
|move|p2a: Toxicroak|Swords Dance|p2a: Toxicroak
|-boost|p2a: Toxicroak|atk|2
|
|-heal|p1a: Arcanine|312\/384|[from] item: Leftovers
|turn|23
|
|move|p2a: Toxicroak|Gunk Shot|p1a: Arcanine
|-damage|p1a: Arcanine|48\/384
|move|p1a: Arcanine|Will-O-Wisp|p2a: Toxicroak
|-status|p2a: Toxicroak|brn
|
|-heal|p1a: Arcanine|72\/384|[from] item: Leftovers
|-damage|p2a: Toxicroak|267\/328 brn|[from] brn
|turn|24
|
|move|p1a: Arcanine|Extreme Speed|p2a: Toxicroak
|-damage|p2a: Toxicroak|169\/328 brn
|move|p2a: Toxicroak|Drain Punch|p1a: Arcanine
|-damage|p1a: Arcanine|0 fnt
|-heal|p2a: Toxicroak|205\/328 brn|[from] drain|[of] p1a: Arcanine
|faint|p1a: Arcanine
|
|-damage|p2a: Toxicroak|164\/328 brn|[from] brn
|
|switch|p1a: Alomomola|Alomomola, F|290\/472
|-damage|p1a: Alomomola|231\/472|[from] Stealth Rock
|turn|25
|
|move|p2a: Toxicroak|Swords Dance|p2a: Toxicroak
|-boost|p2a: Toxicroak|atk|2
|move|p1a: Alomomola|Wish|p1a: Alomomola
|
|-damage|p2a: Toxicroak|123\/328 brn|[from] brn
|turn|26
|
|switch|p1a: Aggron|Aggron-Mega, M|223\/344
|-damage|p1a: Aggron|202\/344|[from] Stealth Rock
|move|p2a: Toxicroak|Drain Punch|p1a: Aggron
|-supereffective|p1a: Aggron
|-damage|p1a: Aggron|79\/344
|-heal|p2a: Toxicroak|185\/328 brn|[from] drain|[of] p1a: Aggron
|
|-heal|p1a: Aggron|315\/344|[from] move: Wish|[wisher] Alomomola
|-damage|p2a: Toxicroak|144\/328 brn|[from] brn
|turn|27
|
|move|p2a: Toxicroak|Drain Punch|p1a: Aggron
|-supereffective|p1a: Aggron
|-damage|p1a: Aggron|210\/344
|-heal|p2a: Toxicroak|197\/328 brn|[from] drain|[of] p1a: Aggron
|move|p1a: Aggron|Heavy Slam|p2a: Toxicroak
|-crit|p2a: Toxicroak
|-damage|p2a: Toxicroak|0 fnt
|faint|p2a: Toxicroak
|
|
|switch|p2a: Crocomire|Krookodile, M|292\/332
|-damage|p2a: Crocomire|272\/332|[from] Stealth Rock
|turn|28
|c|★aqbf|ugh crit
|c|★Cerulean Guy|like it mattered
|c|★aqbf|actually mattered since you surprisingly went for heavy slam
|c|★Cerulean Guy|stop kidding yourself
|
|move|p2a: Crocomire|Superpower|p1a: Aggron
|-supereffective|p1a: Aggron
|-damage|p1a: Aggron|122\/344
|-unboost|p2a: Crocomire|atk|1
|-unboost|p2a: Crocomire|def|1
|move|p1a: Aggron|Heavy Slam|p2a: Crocomire
|-damage|p2a: Crocomire|0 fnt
|faint|p2a: Crocomire
|
|win|Cerulean Guy
|raw|Ladder updating...
|raw|Cerulean Guy's rating: 1412 &rarr; <strong>1440<\/strong><br \/>(+28 for winning)
|raw|aqbf's rating: 1559 &rarr; <strong>1531<\/strong><br \/>(-28 for losing)
|c|★Cerulean Guy|the fact that you're being defensive about it tells me even you don't believe it mattered
|c|★aqbf|actually I had that typed before
|c|★aqbf|and was about to say it :P
|c|★Cerulean Guy|may i ask you something?
|c|★aqbf|go for it
|c|★aqbf|but I might not answer
|c|★Cerulean Guy|How many morons and idiots do you battle a day because you have nearly 1600 points when you're note even worth 1,100?
|c|★aqbf|what?
|c|★aqbf|the early bop with eelektross against swampert caused the loss
|c|★aqbf|actually
|c|★aqbf|because otherwise swampert was a nice threat
|c|★aqbf|plus mid ladder is weird and I'm not sure whether to go for the safe move or the prediction
|c|★aqbf|Also not a lot of crobat are toxic
|c|★aqbf|a lot of people tend to run a support set with brave bird
|c|★aqbf|but I usually play 3 games a day
|c|★aqbf|if that's what you're asking
|c|★aqbf|I have a higher win-loss ratio than you too...
|c|★aqbf|let's be honest, this team is kind of bad at breaking through stall
|c|★aqbf|and it's a hell of a lot worse when a key member dies turn 2
|c|★aqbf|Most eelektross I've seen have been low ladder
|c|★aqbf|so they run straight up offensive sets based on physical attack
|c|★aqbf|I assumed based on that that eelektross had no real special movepool to speak of and I didn't feel like looking it up since it's not a common pokemon
|c|★aqbf|I also misremembered the calc of +2 croak against aggron
|c|★aqbf|which really cost me since I went for the aerodactyl sac in order to do damage to mega aggron
|c|★aqbf|also
|c|★aqbf|+1 252+ Atk Life Orb Toxicroak Gunk Shot vs. 248 HP \/ 252+ Def Arcanine: 304-359 (79.3 - 93.7%)
|leave|Housing
|c|★aqbf|actually a more relevant calc is
|c|★aqbf|tbh I think the most important issue is that sub CM chandy went down so early
|c|★aqbf|also didn't expect alo to run knock off
|c|★aqbf|most run scald nowadays