|join|Niconico
|join|LT8B El Kappa
|player|p1|Niconico|89
|player|p2|LT8B El Kappa|68
|gametype|singles
|gen|6
|tier|OU
|rated
|clearpoke
|poke|p1|Tentacruel, F, shiny
|poke|p1|Zapdos
|poke|p1|Landorus, M
|poke|p1|Scizor, M, shiny
|poke|p1|Venusaur, M
|poke|p1|Heatran, F
|poke|p2|Crawdaunt, F
|poke|p2|Manectric, F
|poke|p2|Heatran, F
|poke|p2|Landorus, M
|poke|p2|Latios, M
|poke|p2|Keldeo
|rule|Swagger Clause: Swagger is banned
|rule|Baton Pass Clause: Limit one Pokémon knowing Baton Pass
|rule|Sleep Clause Mod: Limit one foe put to sleep
|rule|Species Clause: Limit one of each Pokémon
|rule|OHKO Clause: OHKO moves are banned
|rule|Moody Clause: Moody is banned
|rule|Evasion Moves Clause: Evasion moves are banned
|rule|Endless Battle Clause: Forcing endless battles is banned
|rule|HP Percentage Mod: HP is shown in percentages
|teampreview
|
|start
|switch|p1a: Dramasaur|Venusaur, M|363\/363
|switch|p2a: Manectric|Manectric, F|281\/281
|turn|1
|
|detailschange|p2a: Manectric|Manectric-Mega, F
|message|Manectric has Mega Evolved into Mega Manectric!
|-ability|p2a: Manectric|Intimidate|[of] p1a: Dramasaur
|-unboost|p1a: Dramasaur|atk|1
|detailschange|p1a: Dramasaur|Venusaur-Mega, M
|message|Venusaur has Mega Evolved into Mega Venusaur!
|move|p2a: Manectric|Volt Switch|p1a: Dramasaur
|-resisted|p1a: Dramasaur
|-damage|p1a: Dramasaur|311\/363
|
|switch|p2a: Heatran|Heatran, F|385\/385
|move|p1a: Dramasaur|Sleep Powder|p2a: Heatran|[miss]
|-miss|p1a: Dramasaur|p2a: Heatran
|
|turn|2
|
|move|p2a: Heatran|Stealth Rock|p1a: Dramasaur
|-sidestart|p1: Niconico|move: Stealth Rock
|move|p1a: Dramasaur|Sleep Powder|p2a: Heatran
|-status|p2a: Heatran|slp
|
|turn|3
|
|switch|p2a: Landorus|Landorus, M|319\/319
|switch|p1a: Cloud|Zapdos|383\/383
|-damage|p1a: Cloud|288\/383|[from] Stealth Rock
|-ability|p1a: Cloud|Pressure
|
|-heal|p1a: Cloud|311\/383|[from] item: Leftovers
|turn|4
|
|move|p2a: Landorus|Psychic|p1a: Cloud
|-damage|p1a: Cloud|163\/383
|move|p1a: Cloud|Defog|p2a: Landorus
|-unboost|p2a: Landorus|evasion|1
|-sideend|p1: Niconico|Stealth Rock|[from] move: Defog|[of] p1a: Cloud
|
|-heal|p1a: Cloud|186\/383|[from] item: Leftovers
|turn|5
|
|move|p2a: Landorus|Knock Off|p1a: Cloud
|-damage|p1a: Cloud|51\/383
|-enditem|p1a: Cloud|Leftovers|[from] move: Knock Off|[of] p2a: Landorus
|-damage|p2a: Landorus|288\/319|[from] item: Life Orb
|move|p1a: Cloud|Roost|p1a: Cloud
|-heal|p1a: Cloud|243\/383
|
|turn|6
|
|move|p2a: Landorus|Psychic|p1a: Cloud
|-damage|p1a: Cloud|103\/383
|move|p1a: Cloud|Roost|p1a: Cloud
|-heal|p1a: Cloud|295\/383
|
|turn|7
|
|move|p2a: Landorus|Psychic|p1a: Cloud
|-damage|p1a: Cloud|160\/383
|move|p1a: Cloud|Roost|p1a: Cloud
|-heal|p1a: Cloud|352\/383
|
|turn|8
|
|move|p2a: Landorus|Psychic|p1a: Cloud
|-damage|p1a: Cloud|225\/383
|move|p1a: Cloud|Heat Wave|p2a: Landorus
|-damage|p2a: Landorus|159\/319
|
|turn|9
|
|move|p2a: Landorus|Psychic|p1a: Cloud
|-damage|p1a: Cloud|81\/383
|move|p1a: Cloud|Roost|p1a: Cloud
|-heal|p1a: Cloud|273\/383
|
|turn|10
|c|★LT8B El Kappa|no drop
|
|move|p2a: Landorus|Psychic|p1a: Cloud
|-damage|p1a: Cloud|143\/383
|move|p1a: Cloud|Roost|p1a: Cloud
|-heal|p1a: Cloud|335\/383
|
|turn|11
|c|★Niconico|>->
|c|★Niconico|sheer force ignore..
|
|switch|p2a: Manectric|Manectric-Mega, F|281\/281
|-ability|p2a: Manectric|Intimidate|[of] p1a: Cloud
|-unboost|p1a: Cloud|atk|1
|move|p1a: Cloud|Heat Wave|p2a: Manectric
|-damage|p2a: Manectric|164\/281
|-status|p2a: Manectric|brn
|
|-damage|p2a: Manectric|129\/281 brn|[from] brn
|turn|12
|c|★LT8B El Kappa|WATCH HAX
|
|move|p2a: Manectric|Volt Switch|p1a: Cloud
|-damage|p1a: Cloud|224\/383
|
|switch|p2a: Latios|Latios, M|301\/301
|move|p1a: Cloud|Roost|p1a: Cloud
|-heal|p1a: Cloud|383\/383
|
|turn|13
|
|switch|p1a: Ifrit|Heatran, F|385\/385
|move|p2a: Latios|Draco Meteor|p1a: Ifrit
|-resisted|p1a: Ifrit
|-damage|p1a: Ifrit|288\/385
|-unboost|p2a: Latios|spa|2
|-damage|p2a: Latios|271\/301|[from] item: Life Orb
|
|-heal|p1a: Ifrit|312\/385|[from] item: Leftovers
|turn|14
|
|switch|p2a: Landorus|Landorus, M|159\/319
|move|p1a: Ifrit|Stealth Rock|p2a: Landorus
|-sidestart|p2: LT8B El Kappa|move: Stealth Rock
|
|-heal|p1a: Ifrit|336\/385|[from] item: Leftovers
|turn|15
|
|switch|p1a: Cloud|Zapdos|383\/383
|-ability|p1a: Cloud|Pressure
|move|p2a: Landorus|Psychic|p1a: Cloud
|-damage|p1a: Cloud|239\/383
|
|turn|16
|c|★LT8B El Kappa|DROP PIG GOD
|
|move|p2a: Landorus|Psychic|p1a: Cloud
|-damage|p1a: Cloud|109\/383
|move|p1a: Cloud|Roost|p1a: Cloud
|-heal|p1a: Cloud|301\/383
|
|turn|17
|
|switch|p2a: Crawdaunt|Crawdaunt, F|267\/267
|-damage|p2a: Crawdaunt|234\/267|[from] Stealth Rock
|move|p1a: Cloud|Roost|p1a: Cloud
|-heal|p1a: Cloud|383\/383
|
|turn|18
|
|move|p1a: Cloud|Thunderbolt|p2a: Crawdaunt
|-supereffective|p2a: Crawdaunt
|-damage|p2a: Crawdaunt|0 fnt
|faint|p2a: Crawdaunt
|
|c|★LT8B El Kappa|man forfeit
|c|★LT8B El Kappa|pls
|c|★LT8B El Kappa|im laddering
|c|★LT8B El Kappa|for a team
|c|★Niconico|!data sheer force
|c|~|\/data-ability Sheer Force

|c|★LT8B El Kappa|i'm laddering
|c|★LT8B El Kappa|for a tour
|c|★LT8B El Kappa|pls
|c|★Niconico|nullifies the fucking effects.
|c|★Niconico|d:
|c|★LT8B El Kappa|man
|c|★LT8B El Kappa|i'm laddering
|c|★LT8B El Kappa|for a tour
|c|★LT8B El Kappa|forfeit
|c|★LT8B El Kappa|pls
|-message|LT8B El Kappa lost due to inactivity.
|
|win|Niconico
|raw|Ladder updating...
|raw|Niconico's rating: 1752 &rarr; <strong>1767<\/strong><br \/>(+15 for winning)
|raw|LT8B El Kappa's rating: 1669 &rarr; <strong>1654<\/strong><br \/>(-15 for losing)
|c|★LT8B El Kappa|noob
|c|★LT8B El Kappa|learn
|c|★LT8B El Kappa|to play
|leave|LT8B El Kappa
|player|p2
|c|★Niconico|ok..