|join|terry41
|join|lvl 1 charmander
|player|p1|terry41|17
|player|p2|lvl 1 charmander|146
|gametype|singles
|gen|6
|tier|OU
|clearpoke
|poke|p1|Azelf
|poke|p1|Politoed, M
|poke|p1|Tornadus, M
|poke|p1|Swampert, M
|poke|p1|Kingdra, F
|poke|p1|Kabutops, F
|poke|p2|Gardevoir, M
|poke|p2|Tyranitar, M
|poke|p2|Heatran, M
|poke|p2|Slowbro, F
|poke|p2|Amoonguss, F
|poke|p2|Landorus, M
|rule|Swagger Clause: Swagger is banned
|rule|Baton Pass Clause: Limit one Pokémon knowing Baton Pass
|rule|Sleep Clause Mod: Limit one foe put to sleep
|rule|Species Clause: Limit one of each Pokémon
|rule|OHKO Clause: OHKO moves are banned
|rule|Moody Clause: Moody is banned
|rule|Evasion Moves Clause: Evasion moves are banned
|rule|Endless Battle Clause: Forcing endless battles is banned
|rule|HP Percentage Mod: HP is shown in percentages
|teampreview
|
|start
|switch|p1a: Azelf|Azelf|292\/292
|switch|p2a: Amoonguss|Amoonguss, F|432\/432
|turn|1
|
|move|p1a: Azelf|Taunt|p2a: Amoonguss
|-start|p2a: Amoonguss|move: Taunt
|cant|p2a: Amoonguss|move: Taunt|Spore
|
|turn|2
|
|move|p1a: Azelf|Stealth Rock|p2a: Amoonguss
|-sidestart|p2: lvl 1 charmander|move: Stealth Rock
|move|p2a: Amoonguss|Sludge Bomb|p1a: Azelf
|-crit|p1a: Azelf
|-damage|p1a: Azelf|4\/292
|-status|p1a: Azelf|psn
|
|-damage|p1a: Azelf|0 fnt|[from] psn
|faint|p1a: Azelf
|
|switch|p1a: Tornadus|Tornadus, M|299\/299
|turn|3
|
|switch|p2a: Tyranitar|Tyranitar, M|404\/404
|-damage|p2a: Tyranitar|354\/404|[from] Stealth Rock
|-weather|Sandstorm
|move|p1a: Tornadus|Rain Dance|p1a: Tornadus
|-weather|RainDance
|
|-weather|RainDance|[upkeep]
|turn|4
|
|move|p1a: Tornadus|Superpower|p2a: Tyranitar
|-supereffective|p2a: Tyranitar
|-enditem|p2a: Tyranitar|Chople Berry|[eat]
|-damage|p2a: Tyranitar|140\/404
|-unboost|p1a: Tornadus|atk|1
|-unboost|p1a: Tornadus|def|1
|move|p2a: Tyranitar|Stone Edge|p1a: Tornadus
|-supereffective|p1a: Tornadus
|-damage|p1a: Tornadus|0 fnt
|faint|p1a: Tornadus
|
|-weather|RainDance|[upkeep]
|
|switch|p1a: Kingdra|Kingdra, F|291\/291
|turn|5
|
|switch|p2a: Amoonguss|Amoonguss, F|432\/432
|-damage|p2a: Amoonguss|378\/432|[from] Stealth Rock
|move|p1a: Kingdra|Scald|p2a: Amoonguss
|-resisted|p2a: Amoonguss
|-damage|p2a: Amoonguss|210\/432
|-status|p2a: Amoonguss|brn
|
|-weather|RainDance|[upkeep]
|-heal|p2a: Amoonguss|237\/432 brn|[from] item: Black Sludge
|-damage|p2a: Amoonguss|183\/432 brn|[from] brn
|turn|6
|
|move|p1a: Kingdra|Scald|p2a: Amoonguss
|-resisted|p2a: Amoonguss
|-damage|p2a: Amoonguss|24\/432 brn
|move|p2a: Amoonguss|Spore|p1a: Kingdra
|-status|p1a: Kingdra|slp
|
|-weather|RainDance|[upkeep]
|-heal|p2a: Amoonguss|51\/432 brn|[from] item: Black Sludge
|-damage|p2a: Amoonguss|0 fnt|[from] brn
|faint|p2a: Amoonguss
|
|switch|p2a: Gardevoir|Gardevoir, M|340\/340
|-damage|p2a: Gardevoir|298\/340|[from] Stealth Rock
|-ability|p2a: Gardevoir|Swift Swim|[from] ability: Trace|[of] p1a: Kingdra
|turn|7
|
|detailschange|p2a: Gardevoir|Gardevoir-Mega, M
|message|Gardevoir has Mega Evolved into Mega Gardevoir!
|cant|p1a: Kingdra|slp
|move|p2a: Gardevoir|Moonblast|p1a: Kingdra
|-supereffective|p1a: Kingdra
|-damage|p1a: Kingdra|0 fnt
|faint|p1a: Kingdra
|
|-weather|RainDance|[upkeep]
|
|switch|p1a: Kabutops|Kabutops, F|261\/261
|turn|8
|
|move|p1a: Kabutops|Waterfall|p2a: Gardevoir
|-damage|p2a: Gardevoir|0 fnt
|-damage|p1a: Kabutops|235\/261|[from] item: Life Orb
|faint|p2a: Gardevoir
|
|-weather|RainDance|[upkeep]
|
|switch|p2a: Slowbro|Slowbro, F|394\/394
|-damage|p2a: Slowbro|345\/394|[from] Stealth Rock
|turn|9
|
|move|p1a: Kabutops|Stone Edge|p2a: Slowbro
|-damage|p2a: Slowbro|188\/394
|-damage|p1a: Kabutops|209\/261|[from] item: Life Orb
|move|p2a: Slowbro|Scald|p1a: Kabutops
|-damage|p1a: Kabutops|10\/261
|-status|p1a: Kabutops|brn
|
|-weather|RainDance|[upkeep]
|-heal|p2a: Slowbro|212\/394|[from] item: Leftovers
|-damage|p1a: Kabutops|0 fnt|[from] brn
|faint|p1a: Kabutops
|
|switch|p1a: Ganju|Swampert, M|346\/346
|turn|10
|
|detailschange|p1a: Ganju|Swampert-Mega, M
|message|Swampert has Mega Evolved into Mega Swampert!
|move|p1a: Ganju|Earthquake|p2a: Slowbro
|-damage|p2a: Slowbro|73\/394
|move|p2a: Slowbro|Scald|p1a: Ganju
|-damage|p1a: Ganju|211\/346
|
|-weather|none
|-heal|p2a: Slowbro|97\/394|[from] item: Leftovers
|turn|11
|
|move|p1a: Ganju|Earthquake|p2a: Slowbro
|-damage|p2a: Slowbro|0 fnt
|faint|p2a: Slowbro
|
|
|switch|p2a: Tyranitar|Tyranitar, M|140\/404
|-damage|p2a: Tyranitar|90\/404|[from] Stealth Rock
|-weather|Sandstorm
|turn|12
|
|move|p1a: Ganju|Earthquake|p2a: Tyranitar
|-supereffective|p2a: Tyranitar
|-damage|p2a: Tyranitar|0 fnt
|faint|p2a: Tyranitar
|
|-weather|Sandstorm|[upkeep]
|
|switch|p2a: Landorus|Landorus, M|320\/320
|-damage|p2a: Landorus|280\/320|[from] Stealth Rock
|turn|13
|
|switch|p1a: Politoed|Politoed, M|384\/384
|-weather|RainDance
|move|p2a: Landorus|Stone Edge|p1a: Politoed
|-damage|p1a: Politoed|289\/384
|
|-weather|RainDance|[upkeep]
|-heal|p2a: Landorus|300\/320|[from] item: Leftovers
|turn|14
|
|move|p2a: Landorus|Knock Off|p1a: Politoed
|-crit|p1a: Politoed
|-damage|p1a: Politoed|130\/384
|-enditem|p1a: Politoed|Damp Rock|[from] move: Knock Off|[of] p2a: Landorus
|move|p1a: Politoed|Scald|p2a: Landorus
|-supereffective|p2a: Landorus
|-damage|p2a: Landorus|0 fnt
|faint|p2a: Landorus
|
|-weather|RainDance|[upkeep]
|
|switch|p2a: Heatran|Heatran, M|386\/386
|-damage|p2a: Heatran|338\/386|[from] Stealth Rock
|turn|15
|c|★terry41|gg
|
|move|p2a: Heatran|Flash Cannon|p1a: Politoed
|-resisted|p1a: Politoed
|-damage|p1a: Politoed|66\/384
|move|p1a: Politoed|Scald|p2a: Heatran
|-supereffective|p2a: Heatran
|-damage|p2a: Heatran|170\/386
|
|-weather|RainDance|[upkeep]
|-heal|p2a: Heatran|194\/386|[from] item: Leftovers
|turn|16
|
|move|p2a: Heatran|Flash Cannon|p1a: Politoed
|-resisted|p1a: Politoed
|-damage|p1a: Politoed|7\/384
|move|p1a: Politoed|Scald|p2a: Heatran
|-crit|p2a: Heatran
|-supereffective|p2a: Heatran
|-damage|p2a: Heatran|0 fnt
|faint|p2a: Heatran
|
|win|terry41
|c|★lvl 1 charmander|gg