|join|terry41
|join|Boyo
|player|p1|terry41|17
|player|p2|Boyo|244
|gametype|singles
|gen|6
|tier|OU
|rated
|clearpoke
|poke|p1|Charizard, M
|poke|p1|Greninja, M
|poke|p1|Landorus-Therian, M
|poke|p1|Azelf
|poke|p1|Bisharp, F
|poke|p1|Latias, F
|poke|p2|Thundurus, M
|poke|p2|Breloom, M
|poke|p2|Alakazam, F
|poke|p2|Gengar, F
|poke|p2|Empoleon, F
|poke|p2|Rhyperior, F
|rule|Swagger Clause: Swagger is banned
|rule|Baton Pass Clause: Limit one Pokémon knowing Baton Pass
|rule|Sleep Clause Mod: Limit one foe put to sleep
|rule|Species Clause: Limit one of each Pokémon
|rule|OHKO Clause: OHKO moves are banned
|rule|Moody Clause: Moody is banned
|rule|Evasion Moves Clause: Evasion moves are banned
|rule|Endless Battle Clause: Forcing endless battles is banned
|rule|HP Percentage Mod: HP is shown in percentages
|teampreview
|
|start
|switch|p1a: Azelf|Azelf|291\/291
|switch|p2a: Gengar|Gengar, F|259\/259
|turn|1
|
|move|p1a: Azelf|Stealth Rock|p2a: Gengar
|-sidestart|p2: Boyo|move: Stealth Rock
|move|p2a: Gengar|Substitute|p2a: Gengar
|-start|p2a: Gengar|Substitute
|-damage|p2a: Gengar|195\/259
|
|turn|2
|
|move|p1a: Azelf|Fire Blast|p2a: Gengar
|-end|p2a: Gengar|Substitute
|move|p2a: Gengar|Shadow Ball|p1a: Azelf
|-supereffective|p1a: Azelf
|-enditem|p1a: Azelf|Focus Sash
|-damage|p1a: Azelf|1\/291
|-damage|p2a: Gengar|170\/259|[from] item: Life Orb
|
|turn|3
|
|move|p1a: Azelf|Fire Blast|p2a: Gengar|[miss]
|-miss|p1a: Azelf|p2a: Gengar
|move|p2a: Gengar|Substitute|p2a: Gengar
|-start|p2a: Gengar|Substitute
|-damage|p2a: Gengar|106\/259
|
|turn|4
|
|move|p1a: Azelf|Fire Blast|p2a: Gengar|[miss]
|-miss|p1a: Azelf|p2a: Gengar
|move|p2a: Gengar|Shadow Ball|p1a: Azelf
|-supereffective|p1a: Azelf
|-damage|p1a: Azelf|0 fnt
|-damage|p2a: Gengar|81\/259|[from] item: Life Orb
|faint|p1a: Azelf
|
|
|switch|p1a: Bisharp|Bisharp, F|271\/271
|turn|5
|
|move|p2a: Gengar|Focus Blast|p1a: Bisharp
|-supereffective|p1a: Bisharp
|-enditem|p1a: Bisharp|Focus Sash
|-damage|p1a: Bisharp|1\/271
|-damage|p2a: Gengar|56\/259|[from] item: Life Orb
|move|p1a: Bisharp|Knock Off|p2a: Gengar
|-supereffective|p2a: Gengar
|-end|p2a: Gengar|Substitute
|
|turn|6
|
|move|p1a: Bisharp|Sucker Punch|p2a: Gengar
|-supereffective|p2a: Gengar
|-damage|p2a: Gengar|0 fnt
|faint|p2a: Gengar
|
|
|switch|p2a: Breloom|Breloom, M|261\/261
|-damage|p2a: Breloom|245\/261|[from] Stealth Rock
|turn|7
|
|move|p1a: Bisharp|Sucker Punch|p2a: Breloom
|-resisted|p2a: Breloom
|-damage|p2a: Breloom|160\/261
|move|p2a: Breloom|Facade|p1a: Bisharp
|-resisted|p1a: Bisharp
|-damage|p1a: Bisharp|0 fnt
|faint|p1a: Bisharp
|
|-status|p2a: Breloom|tox|[from] item: Toxic Orb
|
|switch|p1a: Greninja|Greninja, M|285\/285
|turn|8
|
|switch|p1a: Charizard|Charizard, M|313\/313
|move|p2a: Breloom|Drain Punch|p1a: Charizard
|-resisted|p1a: Charizard
|-damage|p1a: Charizard|218\/313
|-heal|p2a: Breloom|208\/261 tox|[from] drain|[of] p1a: Charizard
|
|-heal|p2a: Breloom|240\/261 tox|[from] ability: Poison Heal
|turn|9
|
|detailschange|p1a: Charizard|Charizard-Mega-X, M
|message|Charizard has Mega Evolved into Mega Charizard!
|move|p1a: Charizard|Flare Blitz|p2a: Breloom
|-supereffective|p2a: Breloom
|-damage|p2a: Breloom|0 fnt
|-damage|p1a: Charizard|139\/313|[from] recoil|[of] p2a: Breloom
|faint|p2a: Breloom
|
|
|switch|p2a: Alakazam|Alakazam, F|251\/251
|turn|10
|
|switch|p1a: Greninja|Greninja, M|285\/285
|detailschange|p2a: Alakazam|Alakazam-Mega, F
|message|Alakazam has Mega Evolved into Mega Alakazam!
|-ability|p2a: Alakazam|Protean|[from] ability: Trace|[of] p1a: Greninja
|move|p2a: Alakazam|Substitute|p2a: Alakazam
|-start|p2a: Alakazam|typechange|Normal|[from] Protean
|-start|p2a: Alakazam|Substitute
|-damage|p2a: Alakazam|189\/251
|
|turn|11
|
|move|p2a: Alakazam|Focus Blast|p1a: Greninja
|-start|p2a: Alakazam|typechange|Fighting|[from] Protean
|-supereffective|p1a: Greninja
|-damage|p1a: Greninja|0 fnt
|faint|p1a: Greninja
|
|-message|terry41 forfeited.
|
|win|Boyo
|raw|Ladder updating...
|leave|terry41
|player|p1
|c|★Boyo|gg