|join|terry41
|join|el ell
|player|p1|terry41|17
|player|p2|el ell|8
|gametype|singles
|gen|6
|tier|OU
|rated
|clearpoke
|poke|p1|Mamoswine, F
|poke|p1|Starmie
|poke|p1|Metagross
|poke|p1|Greninja, F
|poke|p1|Landorus-Therian, M
|poke|p1|Talonflame, M
|poke|p2|Chansey, F
|poke|p2|Sableye, F
|poke|p2|Skarmory, M
|poke|p2|Slowbro, M
|poke|p2|Heatran, F
|poke|p2|Dragalge, F
|rule|Swagger Clause: Swagger is banned
|rule|Baton Pass Clause: Limit one Pokémon knowing Baton Pass
|rule|Sleep Clause Mod: Limit one foe put to sleep
|rule|Species Clause: Limit one of each Pokémon
|rule|OHKO Clause: OHKO moves are banned
|rule|Moody Clause: Moody is banned
|rule|Evasion Moves Clause: Evasion moves are banned
|rule|Endless Battle Clause: Forcing endless battles is banned
|rule|HP Percentage Mod: HP is shown in percentages
|teampreview
|
|start
|switch|p1a: Mamoswine|Mamoswine, F|361\/361
|switch|p2a: Sableye|Sableye, F|304\/304
|turn|1
|
|move|p2a: Sableye|Will-O-Wisp|p1a: Mamoswine|[miss]
|-miss|p2a: Sableye|p1a: Mamoswine
|move|p1a: Mamoswine|Stealth Rock|p2a: Sableye
|-sidestart|p2: el ell|move: Stealth Rock
|
|turn|2
|join|Lord_Ray
|
|switch|p1a: Talonflame|Talonflame, M|298\/298
|move|p2a: Sableye|Will-O-Wisp|p1a: Talonflame
|-fail|p1a: Talonflame
|
|turn|3
|
|detailschange|p2a: Sableye|Sableye-Mega, F
|message|Sableye has Mega Evolved into Mega Sableye!
|move|p1a: Talonflame|Brave Bird|p2a: Sableye
|-damage|p2a: Sableye|193\/304
|-damage|p1a: Talonflame|261\/298|[from] recoil|[of] p2a: Sableye
|move|p2a: Sableye|Knock Off|p1a: Talonflame
|-damage|p1a: Talonflame|135\/298
|-enditem|p1a: Talonflame|Sharp Beak|[from] move: Knock Off|[of] p2a: Sableye
|
|turn|4
|
|move|p1a: Talonflame|Swords Dance|p1a: Talonflame
|-boost|p1a: Talonflame|atk|2
|move|p2a: Sableye|Foul Play|p1a: Talonflame
|-damage|p1a: Talonflame|0 fnt
|faint|p1a: Talonflame
|
|
|switch|p1a: Metagross|Metagross|316\/316
|turn|5
|
|detailschange|p1a: Metagross|Metagross-Mega
|message|Metagross has Mega Evolved into Mega Metagross!
|move|p1a: Metagross|Meteor Mash|p2a: Sableye
|-damage|p2a: Sableye|46\/304
|move|p2a: Sableye|Recover|p2a: Sableye
|-heal|p2a: Sableye|198\/304
|
|turn|6
|
|move|p1a: Metagross|Meteor Mash|p2a: Sableye|[miss]
|-miss|p1a: Metagross|p2a: Sableye
|move|p2a: Sableye|Recover|p2a: Sableye
|-heal|p2a: Sableye|304\/304
|
|turn|7
|
|move|p1a: Metagross|Meteor Mash|p2a: Sableye
|-damage|p2a: Sableye|141\/304
|move|p2a: Sableye|Will-O-Wisp|p1a: Metagross|[miss]
|-miss|p2a: Sableye|p1a: Metagross
|
|turn|8
|c|★el ell|yeah
|
|switch|p2a: Slowbro|Slowbro, M|394\/394
|-damage|p2a: Slowbro|345\/394|[from] Stealth Rock
|move|p1a: Metagross|Meteor Mash|p2a: Slowbro|[miss]
|-miss|p1a: Metagross|p2a: Slowbro
|
|-heal|p2a: Slowbro|369\/394|[from] item: Leftovers
|turn|9
|
|switch|p1a: Greninja|Greninja, F|285\/285
|move|p2a: Slowbro|Thunder Wave|p1a: Greninja
|-status|p1a: Greninja|par
|
|-heal|p2a: Slowbro|393\/394|[from] item: Leftovers
|turn|10
|-message|terry41 forfeited.
|
|win|el ell
|raw|Ladder updating...
|leave|terry41
|player|p1
|raw|terry41's rating: 1407 &rarr; <strong>1384<\/strong><br \/>(-23 for losing)
|raw|el ell's rating: 1362 &rarr; <strong>1385<\/strong><br \/>(+23 for winning)