|join|terry41
|join|fgwaeg
|player|p1|terry41|17
|player|p2|fgwaeg|101
|gametype|singles
|gen|6
|tier|OU
|clearpoke
|poke|p1|Garchomp, M
|poke|p1|Bisharp, F
|poke|p1|Talonflame, M
|poke|p1|Scizor, M
|poke|p1|Manaphy
|poke|p1|Latias, F
|poke|p2|Gardevoir, F, shiny
|poke|p2|Keldeo
|poke|p2|Ferrothorn, M, shiny
|poke|p2|Hippowdon, F, shiny
|poke|p2|Latios, M, shiny
|poke|p2|Heatran, M, shiny
|rule|Swagger Clause: Swagger is banned
|rule|Baton Pass Clause: Limit one Pokémon knowing Baton Pass
|rule|Sleep Clause Mod: Limit one foe put to sleep
|rule|Species Clause: Limit one of each Pokémon
|rule|OHKO Clause: OHKO moves are banned
|rule|Moody Clause: Moody is banned
|rule|Evasion Moves Clause: Evasion moves are banned
|rule|Endless Battle Clause: Forcing endless battles is banned
|rule|HP Percentage Mod: HP is shown in percentages
|teampreview
|c|★fgwaeg|we shall fight to the end
|c|★fgwaeg|en guard
|c|★terry41|lolur team kinda looks like my friends team
|c|★fgwaeg|wwho
|
|start
|switch|p1a: Garchomp|Garchomp, M|357\/357
|switch|p2a: Keldeo|Keldeo|323\/323
|turn|1
|c|★terry41|dark380
|c|★fgwaeg|does he have a utube
|
|switch|p1a: Manaphy|Manaphy|365\/365
|move|p2a: Keldeo|Scald|p1a: Manaphy
|-resisted|p1a: Manaphy
|-damage|p1a: Manaphy|297\/365
|
|-heal|p1a: Manaphy|319\/365|[from] item: Leftovers
|turn|2
|
|switch|p2a: Ferrothorn|Ferrothorn, M, shiny|352\/352
|switch|p1a: Garchomp|Garchomp, M|357\/357
|
|turn|3
|
|move|p1a: Garchomp|Stealth Rock|p2a: Ferrothorn
|-sidestart|p2: fgwaeg|move: Stealth Rock
|move|p2a: Ferrothorn|Spikes|p1a: Garchomp
|-sidestart|p1: terry41|Spikes
|
|turn|4
|c|★terry41|i believe so
|c|★fgwaeg|does he have an accent
|c|★fgwaeg|why do good player think so much
|c|★fgwaeg|players
|c|★terry41|srry im eating lol
|c|★fgwaeg|whatchu eating
|c|★terry41|chcicken sandwich
|
|switch|p1a: Talonflame|Talonflame, M|297\/297
|switch|p2a: Keldeo|Keldeo|323\/323
|-damage|p2a: Keldeo|303\/323|[from] Stealth Rock
|
|-heal|p2a: Keldeo|323\/323|[from] item: Leftovers
|turn|5
|c|★fgwaeg|can i have some
|
|switch|p2a: Hippowdon|Hippowdon, F, shiny|420\/420
|-damage|p2a: Hippowdon|394\/420|[from] Stealth Rock
|-weather|Sandstorm
|move|p1a: Talonflame|Brave Bird|p2a: Hippowdon
|-damage|p2a: Hippowdon|256\/420
|-damage|p1a: Talonflame|251\/297|[from] recoil|[of] p2a: Hippowdon
|
|-weather|Sandstorm|[upkeep]
|-damage|p1a: Talonflame|233\/297|[from] sandstorm
|-heal|p2a: Hippowdon|282\/420|[from] item: Leftovers
|turn|6
|c|★fgwaeg|plz
|c|★fgwaeg|im hungry
|
|switch|p1a: Scizor|Scizor, M|281\/281
|-damage|p1a: Scizor|246\/281|[from] Spikes
|move|p2a: Hippowdon|Stealth Rock|p1a: Scizor
|-sidestart|p1: terry41|move: Stealth Rock
|
|-weather|Sandstorm|[upkeep]
|-heal|p2a: Hippowdon|308\/420|[from] item: Leftovers
|turn|7
|
|switch|p2a: Keldeo|Keldeo|323\/323
|-damage|p2a: Keldeo|303\/323|[from] Stealth Rock
|detailschange|p1a: Scizor|Scizor-Mega, M
|-mega|p1a: Scizor|Scizor|Scizorite
|move|p1a: Scizor|Swords Dance|p1a: Scizor
|-boost|p1a: Scizor|atk|2
|
|-weather|Sandstorm|[upkeep]
|-damage|p2a: Keldeo|283\/323|[from] sandstorm
|-heal|p2a: Keldeo|303\/323|[from] item: Leftovers
|turn|8
|c|★fgwaeg|are you white?
|
|move|p2a: Keldeo|Scald|p1a: Scizor
|-damage|p1a: Scizor|111\/281
|move|p1a: Scizor|Superpower|p2a: Keldeo
|-damage|p2a: Keldeo|0 fnt
|-unboost|p1a: Scizor|atk|1
|-unboost|p1a: Scizor|def|1
|faint|p2a: Keldeo
|
|-weather|Sandstorm|[upkeep]
|c|★terry41|no why ask that?
|
|switch|p2a: Heatran|Heatran, M, shiny|323\/323
|-damage|p2a: Heatran|283\/323|[from] Stealth Rock
|turn|9
|c|★fgwaeg|just asking
|
|move|p2a: Heatran|Stone Edge|p1a: Scizor
|-damage|p1a: Scizor|41\/281
|move|p1a: Scizor|Superpower|p2a: Heatran
|-supereffective|p2a: Heatran
|-damage|p2a: Heatran|0 fnt
|-unboost|p1a: Scizor|atk|1
|-unboost|p1a: Scizor|def|1
|faint|p2a: Heatran
|
|-weather|none
|
|switch|p2a: Hippowdon|Hippowdon, F, shiny|308\/420
|-damage|p2a: Hippowdon|282\/420|[from] Stealth Rock
|-weather|Sandstorm
|turn|10
|c|★fgwaeg|r u black?
|
|move|p1a: Scizor|Bug Bite|p2a: Hippowdon
|-damage|p2a: Hippowdon|144\/420
|move|p2a: Hippowdon|Earthquake|p1a: Scizor
|-damage|p1a: Scizor|0 fnt
|faint|p1a: Scizor
|
|-weather|Sandstorm|[upkeep]
|-heal|p2a: Hippowdon|170\/420|[from] item: Leftovers
|c|★terry41|yes
|c|★fgwaeg|me too
|c|★fgwaeg|i hate myself for overpredicting
|c|★fgwaeg|ugh
|
|switch|p1a: Manaphy|Manaphy|319\/365
|-damage|p1a: Manaphy|274\/365|[from] Spikes
|-damage|p1a: Manaphy|229\/365|[from] Stealth Rock
|turn|11
|c|★fgwaeg|whats ur real account
|
|switch|p2a: Ferrothorn|Ferrothorn, M, shiny|352\/352
|-damage|p2a: Ferrothorn|330\/352|[from] Stealth Rock
|move|p1a: Manaphy|Scald|p2a: Ferrothorn
|-resisted|p2a: Ferrothorn
|-damage|p2a: Ferrothorn|279\/352
|
|-weather|Sandstorm|[upkeep]
|-damage|p1a: Manaphy|207\/365|[from] sandstorm
|-heal|p1a: Manaphy|229\/365|[from] item: Leftovers
|-heal|p2a: Ferrothorn|301\/352|[from] item: Leftovers
|turn|12
|c|★fgwaeg|do u have an account where u mostly ladder
|c|★terry41|this is my real account
|
|switch|p1a: Latias|Latias, F|301\/301
|-damage|p1a: Latias|264\/301|[from] Stealth Rock
|move|p2a: Ferrothorn|Thunder Wave|p1a: Latias
|-status|p1a: Latias|par
|
|-weather|Sandstorm|[upkeep]
|-damage|p1a: Latias|246\/301 par|[from] sandstorm
|-heal|p2a: Ferrothorn|323\/352|[from] item: Leftovers
|turn|13
|c|★terry41|i have a test team account that i main use
|c|★terry41|a lil more than this
|c|★fgwaeg|what is it
|
|move|p1a: Latias|Defog|p2a: Ferrothorn
|-unboost|p2a: Ferrothorn|evasion|1
|-sideend|p2: fgwaeg|Stealth Rock|[from] move: Defog|[of] p2a: Ferrothorn
|-sideend|p1: terry41|Spikes|[from] move: Defog|[of] p1a: Latias
|-sideend|p1: terry41|Stealth Rock|[from] move: Defog|[of] p1a: Latias
|move|p2a: Ferrothorn|Leech Seed|p1a: Latias|[miss]
|-miss|p2a: Ferrothorn|p1a: Latias
|
|-weather|Sandstorm|[upkeep]
|-damage|p1a: Latias|228\/301 par|[from] sandstorm
|-heal|p2a: Ferrothorn|345\/352|[from] item: Leftovers
|turn|14
|c|★fgwaeg|still eating?
|c|★terry41|yes
|
|switch|p1a: Talonflame|Talonflame, M|233\/297
|move|p2a: Ferrothorn|Leech Seed|p1a: Talonflame
|-start|p1a: Talonflame|move: Leech Seed
|
|-weather|none
|-heal|p2a: Ferrothorn|352\/352|[from] item: Leftovers
|-damage|p1a: Talonflame|196\/297|[from] Leech Seed|[of] p2a: Ferrothorn
|turn|15
|
|move|p1a: Talonflame|Swords Dance|p1a: Talonflame
|-boost|p1a: Talonflame|atk|2
|move|p2a: Ferrothorn|Thunder Wave|p1a: Talonflame
|-status|p1a: Talonflame|par
|
|-damage|p1a: Talonflame|159\/297 par|[from] Leech Seed|[of] p2a: Ferrothorn
|turn|16
|
|switch|p2a: Hippowdon|Hippowdon, F, shiny|170\/420
|-weather|Sandstorm
|move|p1a: Talonflame|Roost|p1a: Talonflame
|-heal|p1a: Talonflame|297\/297 par
|
|-weather|Sandstorm|[upkeep]
|-damage|p1a: Talonflame|279\/297 par|[from] sandstorm
|-heal|p2a: Hippowdon|196\/420|[from] item: Leftovers
|-damage|p1a: Talonflame|242\/297 par|[from] Leech Seed|[of] p2a: Hippowdon
|-heal|p2a: Hippowdon|233\/420|[silent]
|turn|17
|
|move|p1a: Talonflame|Brave Bird|p2a: Hippowdon
|-damage|p2a: Hippowdon|0 fnt
|-damage|p1a: Talonflame|165\/297 par|[from] recoil|[of] p2a: Hippowdon
|faint|p2a: Hippowdon
|
|-weather|Sandstorm|[upkeep]
|-damage|p1a: Talonflame|147\/297 par|[from] sandstorm
|
|switch|p2a: Latios|Latios, M, shiny|299\/299
|turn|18
|
|cant|p1a: Talonflame|par
|move|p2a: Latios|Psyshock|p1a: Talonflame
|-damage|p1a: Talonflame|0 fnt
|-damage|p2a: Latios|270\/299|[from] item: Life Orb
|faint|p1a: Talonflame
|
|-weather|Sandstorm|[upkeep]
|-damage|p2a: Latios|252\/299|[from] sandstorm
|
|switch|p1a: Bisharp|Bisharp, F|271\/271
|turn|19
|
|move|p1a: Bisharp|Sucker Punch|p2a: Latios
|-supereffective|p2a: Latios
|-damage|p2a: Latios|0 fnt
|faint|p2a: Latios
|
|-weather|Sandstorm|[upkeep]
|
|switch|p2a: Gardevoir|Gardevoir, F, shiny|277\/277
|-ability|p2a: Gardevoir|Defiant|[from] ability: Trace|[of] p1a: Bisharp
|turn|20
|c|★fgwaeg|i suck at pokemon
|c|★fgwaeg|a tour is happening
|-message|fgwaeg forfeited.
|c|★fgwaeg|gg
|leave|fgwaeg
|
|detailschange|p2a: Gardevoir|Gardevoir-Mega, F, shiny
|-mega|p2a: Gardevoir|Gardevoir|Gardevoirite
|move|p2a: Gardevoir|Hyper Voice|p1a: Bisharp
|-enditem|p1a: Bisharp|Focus Sash
|-damage|p1a: Bisharp|1\/271
|move|p1a: Bisharp|Iron Head|p2a: Gardevoir
|-supereffective|p2a: Gardevoir
|-damage|p2a: Gardevoir|0 fnt
|faint|p2a: Gardevoir
|
|-weather|none
|
|win|terry41
|player|p2