|join|LT6Z Alkov
|join|hj regicide
|player|p1|LT6Z Alkov|256
|player|p2|hj regicide|46
|gametype|singles
|gen|6
|tier|OU
|rated
|clearpoke
|poke|p1|Crawdaunt, M
|poke|p1|Manectric, M, shiny
|poke|p1|Gengar, F
|poke|p1|Azumarill, F
|poke|p1|Landorus-Therian, M
|poke|p1|Aerodactyl, M
|poke|p2|Charizard, F
|poke|p2|Mienshao, F
|poke|p2|Latios, M
|poke|p2|Raikou
|poke|p2|Ferrothorn, F
|poke|p2|Landorus-Therian, M
|rule|Swagger Clause: Swagger is banned
|rule|Baton Pass Clause: Limit one Pokémon knowing Baton Pass
|rule|Sleep Clause Mod: Limit one foe put to sleep
|rule|Species Clause: Limit one of each Pokémon
|rule|OHKO Clause: OHKO moves are banned
|rule|Moody Clause: Moody is banned
|rule|Evasion Moves Clause: Evasion moves are banned
|rule|Endless Battle Clause: Forcing endless battles is banned
|rule|HP Percentage Mod: HP is shown in percentages
|teampreview
|
|start
|switch|p1a: Aerodactyl|Aerodactyl, M|302\/302
|switch|p2a: Raikou|Raikou|321\/321
|-ability|p1a: Aerodactyl|Unnerve|p2: hj regicide
|-ability|p2a: Raikou|Pressure
|turn|1
|
|move|p1a: Aerodactyl|Stealth Rock|p2a: Raikou
|-sidestart|p2: hj regicide|move: Stealth Rock
|move|p2a: Raikou|Volt Switch|p1a: Aerodactyl
|-supereffective|p1a: Aerodactyl
|-enditem|p1a: Aerodactyl|Focus Sash
|-damage|p1a: Aerodactyl|1\/302
|
|switch|p2a: Landorus-Therian|Landorus-Therian, M|325\/325
|-damage|p2a: Landorus-Therian|285\/325|[from] Stealth Rock
|-ability|p2a: Landorus-Therian|Intimidate|[of] p1a: Aerodactyl
|-unboost|p1a: Aerodactyl|atk|1
|
|turn|2
|
|move|p2a: Landorus-Therian|U-turn|p1a: Aerodactyl
|-resisted|p1a: Aerodactyl
|-damage|p1a: Aerodactyl|0 fnt
|faint|p1a: Aerodactyl
|
|switch|p2a: Latios|Latios, M|301\/301
|-damage|p2a: Latios|264\/301|[from] Stealth Rock
|
|
|switch|p1a: Landorus-Therian|Landorus-Therian, M|319\/319
|-ability|p1a: Landorus-Therian|Intimidate|[of] p2a: Latios
|-unboost|p2a: Latios|atk|1
|turn|3
|
|switch|p2a: Ferrothorn|Ferrothorn, F|352\/352
|-damage|p2a: Ferrothorn|330\/352|[from] Stealth Rock
|move|p1a: Landorus-Therian|Knock Off|p2a: Ferrothorn
|-crit|p2a: Ferrothorn
|-damage|p2a: Ferrothorn|192\/352
|-damage|p1a: Landorus-Therian|280\/319|[from] ability: Iron Barbs|[of] p2a: Ferrothorn
|-enditem|p2a: Ferrothorn|Leftovers|[from] move: Knock Off|[of] p1a: Landorus-Therian
|
|turn|4
|
|switch|p1a: Manectric|Manectric, M, shiny|281\/281
|move|p2a: Ferrothorn|Leech Seed|p1a: Manectric
|-start|p1a: Manectric|move: Leech Seed
|
|-damage|p1a: Manectric|246\/281|[from] Leech Seed|[of] p2a: Ferrothorn
|-heal|p2a: Ferrothorn|227\/352|[silent]
|turn|5
|
|detailschange|p1a: Manectric|Manectric-Mega, M, shiny
|message|Manectric has Mega Evolved into Mega Manectric!
|-ability|p1a: Manectric|Intimidate|[of] p2a: Ferrothorn
|-unboost|p2a: Ferrothorn|atk|1
|move|p2a: Ferrothorn|Protect|p2a: Ferrothorn
|-singleturn|p2a: Ferrothorn|Protect
|move|p1a: Manectric|Overheat|p2a: Ferrothorn
|-activate|p2a: Ferrothorn|Protect
|
|-damage|p1a: Manectric|211\/281|[from] Leech Seed|[of] p2a: Ferrothorn
|-heal|p2a: Ferrothorn|262\/352|[silent]
|turn|6
|
|move|p1a: Manectric|Volt Switch|p2a: Ferrothorn
|-resisted|p2a: Ferrothorn
|-damage|p2a: Ferrothorn|214\/352
|
|switch|p1a: Crawdaunt|Crawdaunt, M|267\/267
|move|p2a: Ferrothorn|Leech Seed|p1a: Crawdaunt
|-start|p1a: Crawdaunt|move: Leech Seed
|
|-damage|p1a: Crawdaunt|234\/267|[from] Leech Seed|[of] p2a: Ferrothorn
|-heal|p2a: Ferrothorn|247\/352|[silent]
|turn|7
|
|switch|p1a: Manectric|Manectric-Mega, M, shiny|211\/281
|-ability|p1a: Manectric|Intimidate|[of] p2a: Ferrothorn
|-unboost|p2a: Ferrothorn|atk|1
|switch|p2a: Latios|Latios, M|264\/301
|-damage|p2a: Latios|227\/301|[from] Stealth Rock
|
|turn|8
|
|move|p1a: Manectric|Volt Switch|p2a: Latios
|-crit|p2a: Latios
|-resisted|p2a: Latios
|-damage|p2a: Latios|130\/301
|c|★LT6Z Alkov|holycrap nearly clicked knock off -.-
|
|switch|p1a: Landorus-Therian|Landorus-Therian, M|280\/319
|-ability|p1a: Landorus-Therian|Intimidate|[of] p2a: Latios
|-unboost|p2a: Latios|atk|1
|move|p2a: Latios|Defog|p1a: Landorus-Therian
|-unboost|p1a: Landorus-Therian|evasion|1
|-sideend|p2: hj regicide|Stealth Rock|[from] move: Defog|[of] p2a: Latios
|
|turn|9
|c|★LT6Z Alkov|urghh
|
|switch|p2a: Landorus-Therian|Landorus-Therian, M|285\/325
|-ability|p2a: Landorus-Therian|Intimidate|[of] p1a: Landorus-Therian
|-unboost|p1a: Landorus-Therian|atk|1
|move|p1a: Landorus-Therian|U-turn|p2a: Landorus-Therian
|-resisted|p2a: Landorus-Therian
|-damage|p2a: Landorus-Therian|251\/325
|
|switch|p1a: Crawdaunt|Crawdaunt, M|234\/267
|
|turn|10
|
|move|p1a: Crawdaunt|Aqua Jet|p2a: Landorus-Therian
|-supereffective|p2a: Landorus-Therian
|-damage|p2a: Landorus-Therian|0 fnt
|-damage|p1a: Crawdaunt|208\/267|[from] item: Life Orb
|faint|p2a: Landorus-Therian
|
|
|switch|p2a: Mienshao|Mienshao, F|279\/279
|turn|11
|
|switch|p1a: Landorus-Therian|Landorus-Therian, M|280\/319
|-ability|p1a: Landorus-Therian|Intimidate|[of] p2a: Mienshao
|-unboost|p2a: Mienshao|atk|1
|move|p2a: Mienshao|U-turn|p1a: Landorus-Therian
|-resisted|p1a: Landorus-Therian
|-damage|p1a: Landorus-Therian|240\/319
|-damage|p2a: Mienshao|252\/279|[from] item: Life Orb
|
|switch|p2a: Ferrothorn|Ferrothorn, F|247\/352
|
|turn|12
|
|move|p1a: Landorus-Therian|Earthquake|p2a: Ferrothorn
|-damage|p2a: Ferrothorn|114\/352
|move|p2a: Ferrothorn|Stealth Rock|p1a: Landorus-Therian
|-sidestart|p1: LT6Z Alkov|move: Stealth Rock
|
|turn|13
|
|switch|p1a: Manectric|Manectric-Mega, M, shiny|211\/281
|-damage|p1a: Manectric|176\/281|[from] Stealth Rock
|-ability|p1a: Manectric|Intimidate|[of] p2a: Ferrothorn
|-unboost|p2a: Ferrothorn|atk|1
|move|p2a: Ferrothorn|Leech Seed|p1a: Manectric
|-start|p1a: Manectric|move: Leech Seed
|
|-damage|p1a: Manectric|141\/281|[from] Leech Seed|[of] p2a: Ferrothorn
|-heal|p2a: Ferrothorn|149\/352|[silent]
|turn|14
|
|move|p2a: Ferrothorn|Protect|p2a: Ferrothorn
|-singleturn|p2a: Ferrothorn|Protect
|move|p1a: Manectric|Overheat|p2a: Ferrothorn
|-activate|p2a: Ferrothorn|Protect
|
|-damage|p1a: Manectric|106\/281|[from] Leech Seed|[of] p2a: Ferrothorn
|-heal|p2a: Ferrothorn|184\/352|[silent]
|turn|15
|
|switch|p2a: Charizard|Charizard, F|319\/319
|move|p1a: Manectric|Overheat|p2a: Charizard|[miss]
|-miss|p1a: Manectric|p2a: Charizard
|
|-damage|p1a: Manectric|71\/281|[from] Leech Seed|[of] p2a: Charizard
|turn|16
|c|★LT6Z Alkov|...
|
|detailschange|p2a: Charizard|Charizard-Mega-X, F
|message|Charizard has Mega Evolved into Mega Charizard!
|move|p1a: Manectric|Volt Switch|p2a: Charizard
|-resisted|p2a: Charizard
|-damage|p2a: Charizard|248\/319
|
|switch|p1a: Landorus-Therian|Landorus-Therian, M|240\/319
|-damage|p1a: Landorus-Therian|201\/319|[from] Stealth Rock
|-ability|p1a: Landorus-Therian|Intimidate|[of] p2a: Charizard
|-unboost|p2a: Charizard|atk|1
|move|p2a: Charizard|Flare Blitz|p1a: Landorus-Therian
|-damage|p1a: Landorus-Therian|0 fnt
|-damage|p2a: Charizard|182\/319|[from] recoil|[of] p1a: Landorus-Therian
|faint|p1a: Landorus-Therian
|
|
|switch|p1a: Gengar|Gengar, F|261\/261
|-damage|p1a: Gengar|229\/261|[from] Stealth Rock
|turn|17
|
|switch|p2a: Raikou|Raikou|321\/321
|-ability|p2a: Raikou|Pressure
|move|p1a: Gengar|Sludge Wave|p2a: Raikou
|-damage|p2a: Raikou|87\/321
|-damage|p1a: Gengar|203\/261|[from] item: Life Orb
|
|turn|18
|
|switch|p1a: Azumarill|Azumarill, F|401\/401
|-damage|p1a: Azumarill|351\/401|[from] Stealth Rock
|move|p2a: Raikou|Thunderbolt|p1a: Azumarill
|-supereffective|p1a: Azumarill
|-damage|p1a: Azumarill|0 fnt
|faint|p1a: Azumarill
|
|
|switch|p1a: Crawdaunt|Crawdaunt, M|208\/267
|-damage|p1a: Crawdaunt|175\/267|[from] Stealth Rock
|turn|19
|
|switch|p2a: Latios|Latios, M|130\/301
|move|p1a: Crawdaunt|Aqua Jet|p2a: Latios
|-resisted|p2a: Latios
|-damage|p2a: Latios|44\/301
|-damage|p1a: Crawdaunt|149\/267|[from] item: Life Orb
|
|turn|20
|
|move|p1a: Crawdaunt|Aqua Jet|p2a: Latios
|-resisted|p2a: Latios
|-damage|p2a: Latios|0 fnt
|-damage|p1a: Crawdaunt|123\/267|[from] item: Life Orb
|faint|p2a: Latios
|
|
|switch|p2a: Mienshao|Mienshao, F|279\/279
|turn|21
|
|move|p1a: Crawdaunt|Aqua Jet|p2a: Mienshao
|-damage|p2a: Mienshao|89\/279
|-damage|p1a: Crawdaunt|97\/267|[from] item: Life Orb
|move|p2a: Mienshao|U-turn|p1a: Crawdaunt
|-supereffective|p1a: Crawdaunt
|-damage|p1a: Crawdaunt|0 fnt
|-damage|p2a: Mienshao|62\/279|[from] item: Life Orb
|faint|p1a: Crawdaunt
|
|switch|p2a: Ferrothorn|Ferrothorn, F|184\/352
|
|
|switch|p1a: Gengar|Gengar, F|203\/261
|-damage|p1a: Gengar|171\/261|[from] Stealth Rock
|turn|22
|
|switch|p2a: Mienshao|Mienshao, F|155\/279
|move|p1a: Gengar|Focus Blast|p2a: Mienshao
|-damage|p2a: Mienshao|0 fnt
|-damage|p1a: Gengar|145\/261|[from] item: Life Orb
|faint|p2a: Mienshao
|
|
|switch|p2a: Raikou|Raikou|87\/321
|-ability|p2a: Raikou|Pressure
|turn|23
|
|move|p2a: Raikou|Shadow Ball|p1a: Gengar
|-supereffective|p1a: Gengar
|-damage|p1a: Gengar|0 fnt
|faint|p1a: Gengar
|
|
|switch|p1a: Manectric|Manectric-Mega, M, shiny|71\/281
|-damage|p1a: Manectric|36\/281|[from] Stealth Rock
|-ability|p1a: Manectric|Intimidate|[of] p2a: Raikou
|-unboost|p2a: Raikou|atk|1
|turn|24
|
|move|p1a: Manectric|Thunderbolt|p2a: Raikou
|-resisted|p2a: Raikou
|-damage|p2a: Raikou|3\/321
|move|p2a: Raikou|Shadow Ball|p1a: Manectric
|-damage|p1a: Manectric|0 fnt
|faint|p1a: Manectric
|
|win|hj regicide
|raw|Ladder updating...
|raw|LT6Z Alkov's rating: 1847 &rarr; <strong>1823<\/strong><br \/>(-24 for losing)
|raw|hj regicide's rating: 1778 &rarr; <strong>1802<\/strong><br \/>(+24 for winning)