|join|Trumaerd
|join|subzeromkx
|player|p1|Trumaerd|170
|player|p2|subzeromkx|20
|gametype|singles
|gen|6
|tier|OU
|rated
|clearpoke
|poke|p1|Infernape, F
|poke|p1|Bisharp, F
|poke|p1|Metagross
|poke|p1|Keldeo
|poke|p1|Dragonite, M
|poke|p1|Thundurus, M
|poke|p2|Garchomp, M
|poke|p2|Sylveon, F
|poke|p2|Heracross, M
|poke|p2|Breloom, M
|poke|p2|Bisharp, M
|poke|p2|Latios, M
|rule|Swagger Clause: Swagger is banned
|rule|Baton Pass Clause: Limit one Pokémon knowing Baton Pass
|rule|Sleep Clause Mod: Limit one foe put to sleep
|rule|Species Clause: Limit one of each Pokémon
|rule|OHKO Clause: OHKO moves are banned
|rule|Moody Clause: Moody is banned
|rule|Evasion Moves Clause: Evasion moves are banned
|rule|Endless Battle Clause: Forcing endless battles is banned
|rule|HP Percentage Mod: HP is shown in percentages
|teampreview
|
|start
|switch|p1a: Infernape|Infernape, F|293\/293
|switch|p2a: Orihime|Sylveon, F|393\/393
|turn|1
|
|move|p1a: Infernape|Stealth Rock|p2a: Orihime
|-sidestart|p2: subzeromkx|move: Stealth Rock
|move|p2a: Orihime|Hyper Voice|p1a: Infernape
|-enditem|p1a: Infernape|Focus Sash
|-damage|p1a: Infernape|1\/293
|
|turn|2
|
|move|p1a: Infernape|Endeavor|p2a: Orihime
|-damage|p2a: Orihime|1\/393
|move|p2a: Orihime|Hyper Voice|p1a: Infernape
|-damage|p1a: Infernape|0 fnt
|faint|p1a: Infernape
|
|
|switch|p1a: Keldeo|Keldeo|323\/323
|turn|3
|
|move|p1a: Keldeo|Scald|p2a: Orihime
|-damage|p2a: Orihime|0 fnt
|faint|p2a: Orihime
|
|
|switch|p2a: Uryu|Latios, M|301\/301
|-damage|p2a: Uryu|264\/301|[from] Stealth Rock
|turn|4
|
|switch|p1a: Bisharp|Bisharp, F|291\/291
|move|p2a: Uryu|Draco Meteor|p1a: Bisharp|[miss]
|-miss|p2a: Uryu|p1a: Bisharp
|
|turn|5
|
|switch|p2a: Kisame|Garchomp, M|419\/419
|-damage|p2a: Kisame|393\/419|[from] Stealth Rock
|move|p1a: Bisharp|Knock Off|p2a: Kisame
|-damage|p2a: Kisame|208\/419
|-damage|p1a: Bisharp|255\/291|[from] ability: Rough Skin|[of] p2a: Kisame
|-damage|p1a: Bisharp|207\/291|[from] item: Rocky Helmet|[of] p2a: Kisame
|-enditem|p2a: Kisame|Rocky Helmet|[from] move: Knock Off|[of] p1a: Bisharp
|-damage|p1a: Bisharp|178\/291|[from] item: Life Orb
|
|turn|6
|
|switch|p1a: Thundurus|Thundurus, M|299\/299
|move|p2a: Kisame|Stealth Rock|p1a: Thundurus
|-sidestart|p1: Trumaerd|move: Stealth Rock
|
|turn|7
|
|move|p1a: Thundurus|Hidden Power|p2a: Kisame
|-supereffective|p2a: Kisame
|-damage|p2a: Kisame|0 fnt
|-damage|p1a: Thundurus|270\/299|[from] item: Life Orb
|faint|p2a: Kisame
|
|
|switch|p2a: Sado|Heracross, M|308\/308
|-damage|p2a: Sado|270\/308|[from] Stealth Rock
|turn|8
|
|detailschange|p2a: Sado|Heracross-Mega, M
|-mega|p2a: Sado|Heracross|Heracronite
|move|p1a: Thundurus|Thunder Wave|p2a: Sado
|-status|p2a: Sado|par
|move|p2a: Sado|Pin Missile|p1a: Thundurus
|-resisted|p1a: Thundurus
|-damage|p1a: Thundurus|222\/299
|-resisted|p1a: Thundurus
|-damage|p1a: Thundurus|174\/299
|-resisted|p1a: Thundurus
|-damage|p1a: Thundurus|126\/299
|-resisted|p1a: Thundurus
|-damage|p1a: Thundurus|81\/299
|-resisted|p1a: Thundurus
|-damage|p1a: Thundurus|33\/299
|-hitcount|p1a: Thundurus|5
|
|turn|9
|
|move|p1a: Thundurus|Thunderbolt|p2a: Sado
|-damage|p2a: Sado|62\/308 par
|-damage|p1a: Thundurus|4\/299|[from] item: Life Orb
|move|p2a: Sado|Bullet Seed|p1a: Thundurus
|-resisted|p1a: Thundurus
|-damage|p1a: Thundurus|0 fnt
|-hitcount|p1a: Thundurus|1
|faint|p1a: Thundurus
|
|
|switch|p1a: Keldeo|Keldeo|323\/323
|-damage|p1a: Keldeo|303\/323|[from] Stealth Rock
|turn|10
|
|move|p1a: Keldeo|Hidden Power|p2a: Sado
|-supereffective|p2a: Sado
|-damage|p2a: Sado|0 fnt
|faint|p2a: Sado
|
|
|switch|p2a: Uryu|Latios, M|264\/301
|-damage|p2a: Uryu|227\/301|[from] Stealth Rock
|turn|11
|
|switch|p1a: Bisharp|Bisharp, F|178\/291
|-damage|p1a: Bisharp|160\/291|[from] Stealth Rock
|move|p2a: Uryu|Draco Meteor|p1a: Bisharp
|-resisted|p1a: Bisharp
|-damage|p1a: Bisharp|0 fnt
|-unboost|p2a: Uryu|spa|2
|-damage|p2a: Uryu|197\/301|[from] item: Life Orb
|faint|p1a: Bisharp
|
|
|switch|p1a: Dragonite|Dragonite, M|323\/323
|-damage|p1a: Dragonite|243\/323|[from] Stealth Rock
|turn|12
|
|move|p1a: Dragonite|Extreme Speed|p2a: Uryu
|-damage|p2a: Uryu|0 fnt
|faint|p2a: Uryu
|
|
|switch|p2a: Madara|Bisharp, M|289\/289
|-damage|p2a: Madara|271\/289|[from] Stealth Rock
|turn|13
|
|move|p2a: Madara|Pursuit|p1a: Dragonite|[from]Pursuit
|-damage|p1a: Dragonite|47\/323
|-damage|p2a: Madara|243\/289|[from] item: Life Orb
|switch|p1a: Keldeo|Keldeo|303\/323
|-damage|p1a: Keldeo|283\/323|[from] Stealth Rock
|
|turn|14
|
|move|p2a: Madara|Sucker Punch|p1a: Keldeo
|-crit|p1a: Keldeo
|-resisted|p1a: Keldeo
|-damage|p1a: Keldeo|113\/323
|-boost|p1a: Keldeo|atk|1|[from] ability: Justified
|-damage|p2a: Madara|215\/289|[from] item: Life Orb
|move|p1a: Keldeo|Secret Sword|p2a: Madara
|-supereffective|p2a: Madara
|-damage|p2a: Madara|0 fnt
|faint|p2a: Madara
|
|
|switch|p2a: Breloom|Breloom, M|262\/262
|-damage|p2a: Breloom|246\/262|[from] Stealth Rock
|turn|15
|
|move|p1a: Keldeo|Secret Sword|p2a: Breloom
|-damage|p2a: Breloom|0 fnt
|faint|p2a: Breloom
|
|win|Trumaerd
|raw|Ladder updating...
|raw|Trumaerd's rating: 1710 &rarr; <strong>1733<\/strong><br \/>(+23 for winning)
|raw|subzeromkx's rating: 1753 &rarr; <strong>1730<\/strong><br \/>(-23 for losing)
|leave|subzeromkx
|player|p2
|c|★Trumaerd|?