|join|tttk
|join|Trumaerd
|player|p1|tttk|25
|player|p2|Trumaerd|265
|gametype|singles
|gen|6
|tier|OU
|rated
|clearpoke
|poke|p1|Blissey, F
|poke|p1|Medicham, F
|poke|p1|Magnezone
|poke|p1|Klefki, F
|poke|p1|Ninjask, M
|poke|p1|Donphan, M
|poke|p2|Bisharp, F
|poke|p2|Chansey, F
|poke|p2|Keldeo
|poke|p2|Skarmory, M
|poke|p2|Venusaur, F
|poke|p2|Heatran, F
|rule|Swagger Clause: Swagger is banned
|rule|Baton Pass Clause: Limit one Pokémon knowing Baton Pass
|rule|Sleep Clause Mod: Limit one foe put to sleep
|rule|Species Clause: Limit one of each Pokémon
|rule|OHKO Clause: OHKO moves are banned
|rule|Moody Clause: Moody is banned
|rule|Evasion Moves Clause: Evasion moves are banned
|rule|Endless Battle Clause: Forcing endless battles is banned
|rule|HP Percentage Mod: HP is shown in percentages
|teampreview
|
|start
|switch|p1a: Magnezone|Magnezone|344\/344
|switch|p2a: Keldeo|Keldeo|323\/323
|turn|1
|
|switch|p1a: Klefki|Klefki, F|318\/318
|move|p2a: Keldeo|Secret Sword|p1a: Klefki
|-damage|p1a: Klefki|201\/318
|
|turn|2
|
|switch|p2a: Heatran|Heatran, F|386\/386
|-item|p2a: Heatran|Air Balloon
|move|p1a: Klefki|Thunder Wave|p2a: Heatran
|-status|p2a: Heatran|par
|
|turn|3
|
|switch|p1a: Ninjask|Ninjask, M|263\/263
|move|p2a: Heatran|Stealth Rock|p1a: Ninjask
|-sidestart|p1: tttk|move: Stealth Rock
|
|turn|4
|
|move|p1a: Ninjask|Swords Dance|p1a: Ninjask
|-boost|p1a: Ninjask|atk|2
|move|p2a: Heatran|Taunt|p1a: Ninjask
|-start|p1a: Ninjask|move: Taunt
|
|-boost|p1a: Ninjask|spe|1|[from] ability: Speed Boost
|turn|5
|
|switch|p1a: Blissey|Blissey, F|672\/672
|-damage|p1a: Blissey|588\/672|[from] Stealth Rock
|cant|p2a: Heatran|par
|
|-heal|p1a: Blissey|630\/672|[from] item: Leftovers
|turn|6
|
|switch|p2a: Keldeo|Keldeo|323\/323
|move|p1a: Blissey|Seismic Toss|p2a: Keldeo
|-damage|p2a: Keldeo|223\/323
|
|-heal|p2a: Keldeo|243\/323|[from] item: Leftovers
|-heal|p1a: Blissey|672\/672|[from] item: Leftovers
|turn|7
|
|switch|p1a: Klefki|Klefki, F|201\/318
|-damage|p1a: Klefki|182\/318|[from] Stealth Rock
|move|p2a: Keldeo|Secret Sword|p1a: Klefki
|-damage|p1a: Klefki|64\/318
|
|-heal|p2a: Keldeo|263\/323|[from] item: Leftovers
|turn|8
|
|move|p1a: Klefki|Light Screen|p1a: Klefki
|-sidestart|p1: tttk|move: Light Screen
|move|p2a: Keldeo|Scald|p1a: Klefki
|-damage|p1a: Klefki|0 fnt
|faint|p1a: Klefki
|
|-heal|p2a: Keldeo|283\/323|[from] item: Leftovers
|
|switch|p1a: Donphan|Donphan, M|384\/384
|-damage|p1a: Donphan|360\/384|[from] Stealth Rock
|turn|9
|
|move|p2a: Keldeo|Scald|p1a: Donphan
|-supereffective|p1a: Donphan
|-damage|p1a: Donphan|164\/384
|move|p1a: Donphan|Rapid Spin|p2a: Keldeo
|-damage|p2a: Keldeo|262\/323
|-sideend|p1: tttk|Stealth Rock|[from] move: Rapid Spin|[of] p1a: Donphan
|
|-heal|p2a: Keldeo|282\/323|[from] item: Leftovers
|-heal|p1a: Donphan|188\/384|[from] item: Leftovers
|turn|10
|
|move|p2a: Keldeo|Scald|p1a: Donphan
|-supereffective|p1a: Donphan
|-damage|p1a: Donphan|0 fnt
|faint|p1a: Donphan
|
|-heal|p2a: Keldeo|302\/323|[from] item: Leftovers
|
|switch|p1a: Ninjask|Ninjask, M|263\/263
|turn|11
|
|switch|p2a: Skarmory|Skarmory, M|334\/334
|move|p1a: Ninjask|Swords Dance|p1a: Ninjask
|-boost|p1a: Ninjask|atk|2
|
|-boost|p1a: Ninjask|spe|1|[from] ability: Speed Boost
|turn|12
|
|move|p1a: Ninjask|Protect|p1a: Ninjask
|-singleturn|p1a: Ninjask|Protect
|move|p2a: Skarmory|Whirlwind|p1a: Ninjask
|drag|p1a: Blissey|Blissey, F|672\/672
|
|turn|13
|
|switch|p2a: Heatran|Heatran, F|386\/386 par
|-item|p2a: Heatran|Air Balloon
|switch|p1a: Magnezone|Magnezone|344\/344
|
|turn|14
|
|move|p1a: Magnezone|Thunderbolt|p2a: Heatran
|-damage|p2a: Heatran|137\/386 par
|-enditem|p2a: Heatran|Air Balloon
|move|p2a: Heatran|Toxic|p1a: Magnezone
|-fail|p1a: Magnezone
|
|turn|15
|
|move|p1a: Magnezone|Thunderbolt|p2a: Heatran
|-crit|p2a: Heatran
|-damage|p2a: Heatran|0 fnt
|faint|p2a: Heatran
|
|-sideend|p1: tttk|move: Light Screen
|
|switch|p2a: Keldeo|Keldeo|302\/323
|turn|16
|
|switch|p1a: Ninjask|Ninjask, M|263\/263
|move|p2a: Keldeo|Secret Sword|p1a: Ninjask
|-resisted|p1a: Ninjask
|-damage|p1a: Ninjask|199\/263
|
|-heal|p2a: Keldeo|322\/323|[from] item: Leftovers
|turn|17
|
|move|p1a: Ninjask|Protect|p1a: Ninjask
|-singleturn|p1a: Ninjask|Protect
|move|p2a: Keldeo|Calm Mind|p2a: Keldeo
|-boost|p2a: Keldeo|spa|1
|-boost|p2a: Keldeo|spd|1
|
|-heal|p2a: Keldeo|323\/323|[from] item: Leftovers
|-boost|p1a: Ninjask|spe|1|[from] ability: Speed Boost
|turn|18
|
|move|p1a: Ninjask|Baton Pass|p1a: Ninjask
|
|switch|p1a: Medicham|Medicham, F|324\/324
|move|p2a: Keldeo|Scald|p1a: Medicham
|-damage|p1a: Medicham|75\/324
|-status|p1a: Medicham|brn
|
|-damage|p1a: Medicham|35\/324 brn|[from] brn
|turn|19
|
|switch|p2a: Skarmory|Skarmory, M|334\/334
|detailschange|p1a: Medicham|Medicham-Mega, F
|message|Medicham has Mega Evolved into Mega Medicham!
|move|p1a: Medicham|Drain Punch|p2a: Skarmory
|-damage|p2a: Skarmory|258\/334
|-heal|p1a: Medicham|73\/324 brn|[from] drain|[of] p2a: Skarmory
|-damage|p1a: Medicham|19\/324 brn|[from] item: Rocky Helmet|[of] p2a: Skarmory
|
|-damage|p1a: Medicham|0 fnt|[from] brn
|faint|p1a: Medicham
|
|switch|p1a: Magnezone|Magnezone|344\/344
|turn|20
|
|move|p2a: Skarmory|Spikes|p1a: Magnezone
|-sidestart|p1: tttk|Spikes
|move|p1a: Magnezone|Thunderbolt|p2a: Skarmory
|-supereffective|p2a: Skarmory
|-damage|p2a: Skarmory|0 fnt
|faint|p2a: Skarmory
|
|
|switch|p2a: Venusaur|Venusaur, F|364\/364
|turn|21
|
|switch|p1a: Blissey|Blissey, F|672\/672
|-damage|p1a: Blissey|588\/672|[from] Spikes
|detailschange|p2a: Venusaur|Venusaur-Mega, F
|message|Venusaur has Mega Evolved into Mega Venusaur!
|move|p2a: Venusaur|Leech Seed|p1a: Blissey
|-start|p1a: Blissey|move: Leech Seed
|
|-heal|p1a: Blissey|630\/672|[from] item: Leftovers
|-damage|p1a: Blissey|546\/672|[from] Leech Seed|[of] p2a: Venusaur
|turn|22
|
|switch|p2a: Bisharp|Bisharp, F|333\/333
|move|p1a: Blissey|Wish|p1a: Blissey
|
|-heal|p1a: Blissey|588\/672|[from] item: Leftovers
|-damage|p1a: Blissey|504\/672|[from] Leech Seed|[of] p2a: Bisharp
|turn|23
|
|switch|p1a: Magnezone|Magnezone|344\/344
|-damage|p1a: Magnezone|301\/344|[from] Spikes
|move|p2a: Bisharp|Swords Dance|p2a: Bisharp
|-boost|p2a: Bisharp|atk|2
|
|-heal|p1a: Magnezone|344\/344|[from] move: Wish|[wisher] Blissey
|turn|24
|
|move|p2a: Bisharp|Knock Off|p1a: Magnezone
|-damage|p1a: Magnezone|5\/344
|-enditem|p1a: Magnezone|Choice Specs|[from] move: Knock Off|[of] p2a: Bisharp
|move|p1a: Magnezone|Hidden Power|p2a: Bisharp
|-supereffective|p2a: Bisharp
|-damage|p2a: Bisharp|125\/333
|
|-heal|p2a: Bisharp|145\/333|[from] item: Leftovers
|turn|25
|
|move|p2a: Bisharp|Knock Off|p1a: Magnezone
|-damage|p1a: Magnezone|0 fnt
|faint|p1a: Magnezone
|
|-heal|p2a: Bisharp|165\/333|[from] item: Leftovers
|
|switch|p1a: Ninjask|Ninjask, M|199\/263
|turn|26
|
|move|p1a: Ninjask|Swords Dance|p1a: Ninjask
|-boost|p1a: Ninjask|atk|2
|move|p2a: Bisharp|Knock Off|p1a: Ninjask
|-damage|p1a: Ninjask|0 fnt
|-enditem|p1a: Ninjask|Focus Sash|[from] move: Knock Off|[of] p2a: Bisharp
|faint|p1a: Ninjask
|
|-heal|p2a: Bisharp|185\/333|[from] item: Leftovers
|
|switch|p1a: Blissey|Blissey, F|504\/672
|-damage|p1a: Blissey|420\/672|[from] Spikes
|turn|27
|c|★Trumaerd|gg
|
|move|p2a: Bisharp|Knock Off|p1a: Blissey
|-damage|p1a: Blissey|0 fnt
|-enditem|p1a: Blissey|Leftovers|[from] move: Knock Off|[of] p2a: Bisharp
|faint|p1a: Blissey
|
|win|Trumaerd
|raw|Ladder updating...
|raw|tttk's rating: 1261 &rarr; <strong>1239<\/strong><br \/>(-22 for losing)
|raw|Trumaerd's rating: 1293 &rarr; <strong>1316<\/strong><br \/>(+23 for winning)
|c|★tttk|gg
|leave|tttk
|player|p1