|join|Mega-Nido
|join|Trumaerd
|player|p1|Mega-Nido|2
|player|p2|Trumaerd|170
|gametype|singles
|gen|6
|tier|OU
|rated
|clearpoke
|poke|p1|Mew
|poke|p1|Landorus-Therian, M
|poke|p1|Ferrothorn, M
|poke|p1|Azumarill, F
|poke|p1|Charizard, F, shiny
|poke|p1|Latias, F
|poke|p2|Infernape, F
|poke|p2|Dragonite, F
|poke|p2|Bisharp, F
|poke|p2|Keldeo
|poke|p2|Lopunny, M
|poke|p2|Thundurus, M
|rule|Swagger Clause: Swagger is banned
|rule|Baton Pass Clause: Limit one Pokémon knowing Baton Pass
|rule|Sleep Clause Mod: Limit one foe put to sleep
|rule|Species Clause: Limit one of each Pokémon
|rule|OHKO Clause: OHKO moves are banned
|rule|Moody Clause: Moody is banned
|rule|Evasion Moves Clause: Evasion moves are banned
|rule|Endless Battle Clause: Forcing endless battles is banned
|rule|HP Percentage Mod: HP is shown in percentages
|teampreview
|
|start
|switch|p1a: Landorus-Therian|Landorus-Therian, M|319\/319
|switch|p2a: Infernape|Infernape, F|293\/293
|-ability|p1a: Landorus-Therian|Intimidate|[of] p2a: Infernape
|-unboost|p2a: Infernape|atk|1
|turn|1
|
|move|p1a: Landorus-Therian|U-turn|p2a: Infernape
|-resisted|p2a: Infernape
|-damage|p2a: Infernape|263\/293
|
|switch|p1a: Azumarill|Azumarill, F|360\/360
|move|p2a: Infernape|Stealth Rock|p1a: Azumarill
|-sidestart|p1: Mega-Nido|move: Stealth Rock
|
|turn|2
|
|move|p2a: Infernape|Fire Blast|p1a: Azumarill
|-resisted|p1a: Azumarill
|-damage|p1a: Azumarill|267\/360
|move|p1a: Azumarill|Play Rough|p2a: Infernape
|-damage|p2a: Infernape|0 fnt
|faint|p2a: Infernape
|
|
|switch|p2a: Thundurus|Thundurus, M|299\/299
|turn|3
|
|switch|p1a: Ferrothorn|Ferrothorn, M|352\/352
|-damage|p1a: Ferrothorn|330\/352|[from] Stealth Rock
|move|p2a: Thundurus|Hidden Power|p1a: Ferrothorn
|-damage|p1a: Ferrothorn|266\/352
|-damage|p2a: Thundurus|270\/299|[from] item: Life Orb
|
|-heal|p1a: Ferrothorn|288\/352|[from] item: Leftovers
|turn|4
|
|switch|p2a: Dragonite|Dragonite, F|323\/323
|switch|p1a: Latias|Latias, F|301\/301
|-damage|p1a: Latias|264\/301|[from] Stealth Rock
|
|turn|5
|
|move|p2a: Dragonite|Extreme Speed|p1a: Latias
|-damage|p1a: Latias|91\/301
|move|p1a: Latias|Defog|p2a: Dragonite
|-unboost|p2a: Dragonite|evasion|1
|-sideend|p1: Mega-Nido|Stealth Rock|[from] move: Defog|[of] p1a: Latias
|
|turn|6
|
|switch|p2a: Bisharp|Bisharp, F|272\/272
|move|p1a: Latias|Psyshock|p2a: Bisharp
|-immune|p2a: Bisharp|[msg]
|
|turn|7
|c|★Mega-Nido|i tried
|c|★Mega-Nido|it didnt work
|
|switch|p1a: Ferrothorn|Ferrothorn, M|288\/352
|move|p2a: Bisharp|Knock Off|p1a: Ferrothorn
|-damage|p1a: Ferrothorn|119\/352
|-damage|p2a: Bisharp|238\/272|[from] ability: Iron Barbs|[of] p1a: Ferrothorn
|-enditem|p1a: Ferrothorn|Leftovers|[from] move: Knock Off|[of] p2a: Bisharp
|-damage|p2a: Bisharp|211\/272|[from] item: Life Orb
|
|turn|8
|
|move|p2a: Bisharp|Swords Dance|p2a: Bisharp
|-boost|p2a: Bisharp|atk|2
|move|p1a: Ferrothorn|Stealth Rock|p2a: Bisharp
|-sidestart|p2: Trumaerd|move: Stealth Rock
|
|turn|9
|
|move|p2a: Bisharp|Knock Off|p1a: Ferrothorn
|-damage|p1a: Ferrothorn|0 fnt
|-damage|p2a: Bisharp|177\/272|[from] ability: Iron Barbs|[of] p1a: Ferrothorn
|-damage|p2a: Bisharp|150\/272|[from] item: Life Orb
|faint|p1a: Ferrothorn
|
|
|switch|p1a: Mew|Mew|404\/404
|turn|10
|
|move|p1a: Mew|Will-O-Wisp|p2a: Bisharp
|-status|p2a: Bisharp|brn
|move|p2a: Bisharp|Knock Off|p1a: Mew
|-supereffective|p1a: Mew
|-damage|p1a: Mew|0 fnt
|-enditem|p1a: Mew|Leftovers|[from] move: Knock Off|[of] p2a: Bisharp
|-damage|p2a: Bisharp|123\/272 brn|[from] item: Life Orb
|faint|p1a: Mew
|
|-damage|p2a: Bisharp|89\/272 brn|[from] brn
|
|switch|p1a: Charizard|Charizard, F, shiny|328\/328
|turn|11
|
|detailschange|p1a: Charizard|Charizard-Mega-X, F, shiny
|-mega|p1a: Charizard|Charizard|Charizardite X
|move|p1a: Charizard|Dragon Claw|p2a: Bisharp
|-resisted|p2a: Bisharp
|-damage|p2a: Bisharp|0 fnt
|faint|p2a: Bisharp
|
|
|switch|p2a: Keldeo|Keldeo|323\/323
|-damage|p2a: Keldeo|303\/323|[from] Stealth Rock
|turn|12
|
|switch|p1a: Azumarill|Azumarill, F|267\/360
|move|p2a: Keldeo|Hydro Pump|p1a: Azumarill|[miss]
|-miss|p2a: Keldeo|p1a: Azumarill
|
|turn|13
|
|switch|p2a: Thundurus|Thundurus, M|270\/299
|-damage|p2a: Thundurus|196\/299|[from] Stealth Rock
|move|p1a: Azumarill|Play Rough|p2a: Thundurus|[miss]
|-miss|p1a: Azumarill|p2a: Thundurus
|
|turn|14
|c|★Mega-Nido|well
|
|switch|p1a: Landorus-Therian|Landorus-Therian, M|319\/319
|-ability|p1a: Landorus-Therian|Intimidate|[of] p2a: Thundurus
|-unboost|p2a: Thundurus|atk|1
|move|p2a: Thundurus|Hidden Power|p1a: Landorus-Therian
|-supereffective|p1a: Landorus-Therian
|-damage|p1a: Landorus-Therian|0 fnt
|-damage|p2a: Thundurus|167\/299|[from] item: Life Orb
|faint|p1a: Landorus-Therian
|
|c|★Mega-Nido|well
|c|★Mega-Nido|i lose
|
|switch|p1a: Charizard|Charizard-Mega-X, F, shiny|328\/328
|turn|15
|
|move|p2a: Thundurus|Thunder Wave|p1a: Charizard
|-status|p1a: Charizard|par
|move|p1a: Charizard|Dragon Claw|p2a: Thundurus
|-damage|p2a: Thundurus|0 fnt
|faint|p2a: Thundurus
|
|
|switch|p2a: Dragonite|Dragonite, F|323\/323
|-damage|p2a: Dragonite|243\/323|[from] Stealth Rock
|turn|16
|
|switch|p1a: Azumarill|Azumarill, F|267\/360
|move|p2a: Dragonite|Earthquake|p1a: Azumarill
|-damage|p1a: Azumarill|26\/360
|
|turn|17
|
|switch|p2a: Lopunny|Lopunny, M|272\/272
|-damage|p2a: Lopunny|238\/272|[from] Stealth Rock
|move|p1a: Azumarill|Play Rough|p2a: Lopunny
|-damage|p2a: Lopunny|0 fnt
|faint|p2a: Lopunny
|
|
|switch|p2a: Dragonite|Dragonite, F|243\/323
|-damage|p2a: Dragonite|163\/323|[from] Stealth Rock
|turn|18
|
|move|p2a: Dragonite|Extreme Speed|p1a: Azumarill
|-damage|p1a: Azumarill|0 fnt
|faint|p1a: Azumarill
|
|
|switch|p1a: Charizard|Charizard-Mega-X, F, shiny|328\/328 par
|turn|19
|
|switch|p2a: Keldeo|Keldeo|303\/323
|-damage|p2a: Keldeo|283\/323|[from] Stealth Rock
|switch|p1a: Latias|Latias, F|91\/301
|
|turn|20
|
|move|p1a: Latias|Healing Wish|p1a: Latias
|faint|p1a: Latias
|move|p2a: Keldeo|Scald|p1: Latias|[notarget]
|-notarget
|
|c|★Mega-Nido|wait...
|c|★Mega-Nido|i made the wrong play
|c|★Mega-Nido|sigh
|c|★Mega-Nido|couldve just psyshocked
|c|★Mega-Nido|and then forced you to espeed
|
|switch|p1a: Charizard|Charizard-Mega-X, F, shiny|328\/328 par
|-heal|p1a: Charizard|328\/328|[from] move: Healing Wish
|turn|21
|
|move|p2a: Keldeo|Scald|p1a: Charizard
|-damage|p1a: Charizard|73\/328
|move|p1a: Charizard|Dragon Dance|p1a: Charizard
|-boost|p1a: Charizard|atk|1
|-boost|p1a: Charizard|spe|1
|
|turn|22
|c|★Mega-Nido|going on tilt naw
|
|move|p1a: Charizard|Dragon Claw|p2a: Keldeo
|-damage|p2a: Keldeo|0 fnt
|faint|p2a: Keldeo
|
|
|switch|p2a: Dragonite|Dragonite, F|163\/323
|-damage|p2a: Dragonite|83\/323|[from] Stealth Rock
|turn|23
|
|move|p2a: Dragonite|Extreme Speed|p1a: Charizard
|-damage|p1a: Charizard|0 fnt
|faint|p1a: Charizard
|
|win|Trumaerd
|raw|Ladder updating...
|raw|Mega-Nido's rating: 1659 &rarr; <strong>1633<\/strong><br \/>(-26 for losing)
|raw|Trumaerd's rating: 1560 &rarr; <strong>1585<\/strong><br \/>(+25 for winning)