|join|SuckerforMetal
|join|RedBill29
|player|p1|SuckerforMetal|266
|player|p2|RedBill29|161
|gametype|singles
|gen|6
|tier|OU
|rated
|clearpoke
|poke|p1|Gengar, M, shiny
|poke|p1|Hydreigon, M
|poke|p1|Scizor, M
|poke|p1|Lopunny, F
|poke|p1|Starmie
|poke|p1|Clefable, F
|poke|p2|Scolipede, M
|poke|p2|Sigilyph, F
|poke|p2|Xatu, M, shiny
|poke|p2|Volcarona, M
|poke|p2|Cloyster, F, shiny
|poke|p2|Gliscor, M
|rule|Swagger Clause: Swagger is banned
|rule|Baton Pass Clause: Limit one Pokémon knowing Baton Pass
|rule|Sleep Clause Mod: Limit one foe put to sleep
|rule|Species Clause: Limit one of each Pokémon
|rule|OHKO Clause: OHKO moves are banned
|rule|Moody Clause: Moody is banned
|rule|Evasion Moves Clause: Evasion moves are banned
|rule|Endless Battle Clause: Forcing endless battles is banned
|rule|HP Percentage Mod: HP is shown in percentages
|teampreview
|
|start
|switch|p1a: Gengar|Gengar, M, shiny|259\/259
|switch|p2a: Scolipede|Scolipede, M|286\/286
|turn|1
|
|switch|p2a: Volcarona|Volcarona, M|374\/374
|move|p1a: Gengar|Substitute|p1a: Gengar
|-start|p1a: Gengar|Substitute
|-damage|p1a: Gengar|195\/259
|
|turn|2
|
|move|p1a: Gengar|Sludge Wave|p2a: Volcarona
|-damage|p2a: Volcarona|206\/374
|-damage|p1a: Gengar|170\/259|[from] item: Life Orb
|move|p2a: Volcarona|Quiver Dance|p2a: Volcarona
|-boost|p2a: Volcarona|spa|1
|-boost|p2a: Volcarona|spd|1
|-boost|p2a: Volcarona|spe|1
|
|-heal|p2a: Volcarona|229\/374|[from] item: Leftovers
|turn|3
|
|switch|p1a: Lopunny|Lopunny, F|271\/271
|move|p2a: Volcarona|Quiver Dance|p2a: Volcarona
|-boost|p2a: Volcarona|spa|1
|-boost|p2a: Volcarona|spd|1
|-boost|p2a: Volcarona|spe|1
|
|-heal|p2a: Volcarona|252\/374|[from] item: Leftovers
|turn|4
|
|detailschange|p1a: Lopunny|Lopunny-Mega, F
|-mega|p1a: Lopunny|Lopunny|Lopunnite
|move|p1a: Lopunny|Fake Out|p2a: Volcarona
|-damage|p2a: Volcarona|152\/374
|cant|p2a: Volcarona|flinch
|
|-heal|p2a: Volcarona|175\/374|[from] item: Leftovers
|turn|5
|
|switch|p1a: Clefable|Clefable, F|394\/394
|move|p2a: Volcarona|Flamethrower|p1a: Clefable
|-damage|p1a: Clefable|142\/394
|
|-heal|p2a: Volcarona|198\/374|[from] item: Leftovers
|-heal|p1a: Clefable|166\/394|[from] item: Leftovers
|turn|6
|
|move|p2a: Volcarona|Flamethrower|p1a: Clefable
|-damage|p1a: Clefable|0 fnt
|faint|p1a: Clefable
|
|-heal|p2a: Volcarona|221\/374|[from] item: Leftovers
|
|switch|p1a: Lopunny|Lopunny-Mega, F|271\/271
|turn|7
|
|move|p1a: Lopunny|Fake Out|p2a: Volcarona
|-damage|p2a: Volcarona|116\/374
|cant|p2a: Volcarona|flinch
|
|-heal|p2a: Volcarona|139\/374|[from] item: Leftovers
|turn|8
|
|switch|p1a: Scizor|Scizor, M|337\/337
|move|p2a: Volcarona|Flamethrower|p1a: Scizor
|-supereffective|p1a: Scizor
|-damage|p1a: Scizor|0 fnt
|faint|p1a: Scizor
|
|-heal|p2a: Volcarona|162\/374|[from] item: Leftovers
|
|switch|p1a: Lopunny|Lopunny-Mega, F|271\/271
|turn|9
|
|move|p1a: Lopunny|Fake Out|p2a: Volcarona
|-damage|p2a: Volcarona|54\/374
|cant|p2a: Volcarona|flinch
|
|-heal|p2a: Volcarona|77\/374|[from] item: Leftovers
|turn|10
|
|switch|p1a: Starmie|Starmie|323\/323
|move|p2a: Volcarona|Flamethrower|p1a: Starmie
|-resisted|p1a: Starmie
|-damage|p1a: Starmie|176\/323
|
|-heal|p2a: Volcarona|100\/374|[from] item: Leftovers
|-heal|p1a: Starmie|196\/323|[from] item: Leftovers
|turn|11
|
|move|p2a: Volcarona|Bug Buzz|p1a: Starmie
|-supereffective|p1a: Starmie
|-damage|p1a: Starmie|0 fnt
|faint|p1a: Starmie
|
|-heal|p2a: Volcarona|123\/374|[from] item: Leftovers
|
|switch|p1a: Lopunny|Lopunny-Mega, F|271\/271
|turn|12
|c|★RedBill29|question, did you get up here just by faking out or are you actually good?
|
|move|p1a: Lopunny|Fake Out|p2a: Volcarona
|-damage|p2a: Volcarona|18\/374
|cant|p2a: Volcarona|flinch
|
|-heal|p2a: Volcarona|41\/374|[from] item: Leftovers
|turn|13
|c|★SuckerforMetal|What else can I do
|c|★RedBill29|forfeit
|
|switch|p1a: Hydreigon|Hydreigon, M|325\/325
|move|p2a: Volcarona|Bug Buzz|p1a: Hydreigon
|-supereffective|p1a: Hydreigon
|-damage|p1a: Hydreigon|0 fnt
|faint|p1a: Hydreigon
|
|-heal|p2a: Volcarona|64\/374|[from] item: Leftovers
|c|★SuckerforMetal|Lol
|
|switch|p1a: Lopunny|Lopunny-Mega, F|271\/271
|turn|14
|
|move|p1a: Lopunny|Fake Out|p2a: Volcarona
|-damage|p2a: Volcarona|0 fnt
|faint|p2a: Volcarona
|
|
|switch|p2a: Scolipede|Scolipede, M|286\/286
|turn|15
|
|switch|p1a: Gengar|Gengar, M, shiny|170\/259
|move|p2a: Scolipede|Iron Defense|p2a: Scolipede
|-boost|p2a: Scolipede|def|2
|
|-boost|p2a: Scolipede|spe|1|[from] ability: Speed Boost
|turn|16
|
|move|p2a: Scolipede|Substitute|p2a: Scolipede
|-start|p2a: Scolipede|Substitute
|-damage|p2a: Scolipede|215\/286
|move|p1a: Gengar|Substitute|p1a: Gengar
|-start|p1a: Gengar|Substitute
|-damage|p1a: Gengar|106\/259
|
|-heal|p2a: Scolipede|232\/286|[from] item: Leftovers
|-boost|p2a: Scolipede|spe|1|[from] ability: Speed Boost
|turn|17
|
|move|p2a: Scolipede|Iron Defense|p2a: Scolipede
|-boost|p2a: Scolipede|def|2
|move|p1a: Gengar|Shadow Ball|p2a: Scolipede
|-end|p2a: Scolipede|Substitute
|-damage|p1a: Gengar|81\/259|[from] item: Life Orb
|
|-heal|p2a: Scolipede|249\/286|[from] item: Leftovers
|-boost|p2a: Scolipede|spe|1|[from] ability: Speed Boost
|turn|18
|
|move|p2a: Scolipede|Substitute|p2a: Scolipede
|-start|p2a: Scolipede|Substitute
|-damage|p2a: Scolipede|178\/286
|move|p1a: Gengar|Shadow Ball|p2a: Scolipede
|-end|p2a: Scolipede|Substitute
|-damage|p1a: Gengar|56\/259|[from] item: Life Orb
|
|-heal|p2a: Scolipede|195\/286|[from] item: Leftovers
|-boost|p2a: Scolipede|spe|1|[from] ability: Speed Boost
|turn|19
|
|move|p2a: Scolipede|Substitute|p2a: Scolipede
|-start|p2a: Scolipede|Substitute
|-damage|p2a: Scolipede|124\/286
|move|p1a: Gengar|Shadow Ball|p2a: Scolipede
|-end|p2a: Scolipede|Substitute
|-damage|p1a: Gengar|31\/259|[from] item: Life Orb
|
|-heal|p2a: Scolipede|141\/286|[from] item: Leftovers
|-boost|p2a: Scolipede|spe|1|[from] ability: Speed Boost
|turn|20
|
|move|p2a: Scolipede|Substitute|p2a: Scolipede
|-start|p2a: Scolipede|Substitute
|-damage|p2a: Scolipede|70\/286
|move|p1a: Gengar|Shadow Ball|p2a: Scolipede
|-end|p2a: Scolipede|Substitute
|-damage|p1a: Gengar|6\/259|[from] item: Life Orb
|
|-heal|p2a: Scolipede|87\/286|[from] item: Leftovers
|-boost|p2a: Scolipede|spe|1|[from] ability: Speed Boost
|turn|21
|
|move|p2a: Scolipede|Baton Pass|p2a: Scolipede
|
|switch|p2a: Sigilyph|Sigilyph, F|348\/348
|move|p1a: Gengar|Substitute|p1a: Gengar
|-fail|p1a: Gengar|move: Substitute
|
|-status|p2a: Sigilyph|brn|[from] item: Flame Orb
|turn|22
|
|move|p2a: Sigilyph|Calm Mind|p2a: Sigilyph
|-boost|p2a: Sigilyph|spa|1
|-boost|p2a: Sigilyph|spd|1
|move|p1a: Gengar|Pain Split|p2a: Sigilyph
|-sethp|p2a: Sigilyph|177\/348 brn|p1a: Gengar|177\/259|[from] move: Pain Split
|
|turn|23
|
|move|p2a: Sigilyph|Calm Mind|p2a: Sigilyph
|-boost|p2a: Sigilyph|spa|1
|-boost|p2a: Sigilyph|spd|1
|move|p1a: Gengar|Shadow Ball|p2a: Sigilyph
|-supereffective|p2a: Sigilyph
|-damage|p2a: Sigilyph|26\/348 brn
|-damage|p1a: Gengar|152\/259|[from] item: Life Orb
|
|turn|24
|c|★RedBill29|alright you proved me wrong
|
|move|p2a: Sigilyph|Roost|p2a: Sigilyph
|-heal|p2a: Sigilyph|200\/348 brn
|move|p1a: Gengar|Shadow Ball|p2a: Sigilyph
|-supereffective|p2a: Sigilyph
|-damage|p2a: Sigilyph|44\/348 brn
|-unboost|p2a: Sigilyph|spd|1
|-damage|p1a: Gengar|127\/259|[from] item: Life Orb
|
|turn|25
|
|move|p2a: Sigilyph|Roost|p2a: Sigilyph
|-heal|p2a: Sigilyph|218\/348 brn
|move|p1a: Gengar|Shadow Ball|p2a: Sigilyph
|-crit|p2a: Sigilyph
|-supereffective|p2a: Sigilyph
|-damage|p2a: Sigilyph|0 fnt
|-damage|p1a: Gengar|102\/259|[from] item: Life Orb
|faint|p2a: Sigilyph
|
|
|switch|p2a: Scolipede|Scolipede, M|87\/286
|turn|26
|
|move|p1a: Gengar|Shadow Ball|p2a: Scolipede
|-damage|p2a: Scolipede|0 fnt
|-damage|p1a: Gengar|77\/259|[from] item: Life Orb
|faint|p2a: Scolipede
|
|
|switch|p2a: Cloyster|Cloyster, F, shiny|241\/241
|turn|27
|
|move|p1a: Gengar|Sludge Wave|p2a: Cloyster
|-damage|p2a: Cloyster|0 fnt
|-damage|p1a: Gengar|52\/259|[from] item: Life Orb
|faint|p2a: Cloyster
|
|
|switch|p2a: Gliscor|Gliscor, M|354\/354
|turn|28
|
|move|p1a: Gengar|Pain Split|p2a: Gliscor
|-sethp|p2a: Gliscor|203\/354|p1a: Gengar|203\/259|[from] move: Pain Split
|move|p2a: Gliscor|Fire Fang|p1a: Gengar
|-end|p1a: Gengar|Substitute
|
|-status|p2a: Gliscor|tox|[from] item: Toxic Orb
|turn|29
|
|move|p1a: Gengar|Shadow Ball|p2a: Gliscor
|-crit|p2a: Gliscor
|-damage|p2a: Gliscor|0 fnt
|-damage|p1a: Gengar|178\/259|[from] item: Life Orb
|faint|p2a: Gliscor
|
|
|switch|p2a: Xatu|Xatu, M, shiny|272\/272
|turn|30
|c|★SuckerforMetal|Lol
|
|move|p1a: Gengar|Shadow Ball|p2a: Xatu
|-supereffective|p2a: Xatu
|-damage|p2a: Xatu|0 fnt
|-damage|p1a: Gengar|153\/259|[from] item: Life Orb
|faint|p2a: Xatu
|
|win|SuckerforMetal
|raw|Ladder updating...
|c|★RedBill29|as if gg
|raw|SuckerforMetal's rating: 1623 &rarr; <strong>1636<\/strong><br \/>(+13 for winning)
|raw|RedBill29's rating: 1493 &rarr; <strong>1481<\/strong><br \/>(-12 for losing)
|c|★SuckerforMetal|Replay for sure
|c|★RedBill29|sure