|join|Sacri'
|join|Ollstar
|player|p1|Sacri'|266
|player|p2|Ollstar|284
|gametype|singles
|gen|6
|tier|UU
|rated
|rule|Sleep Clause Mod: Limit one foe put to sleep
|rule|Species Clause: Limit one of each Pokémon
|rule|OHKO Clause: OHKO moves are banned
|rule|Moody Clause: Moody is banned
|rule|Evasion Moves Clause: Evasion moves are banned
|rule|Endless Battle Clause: Forcing endless battles is banned
|rule|HP Percentage Mod: HP is shown in percentages
|clearpoke
|poke|p1|Absol, M
|poke|p1|Raikou
|poke|p1|Nidoqueen, F
|poke|p1|Mienshao, M
|poke|p1|Whimsicott, F
|poke|p1|Crobat, F
|poke|p2|Sharpedo, M
|poke|p2|Snorlax, F, shiny
|poke|p2|Cloyster, F, shiny
|poke|p2|Galvantula, F
|poke|p2|Lucario, M
|poke|p2|Trevenant, M, shiny
|rule|Swagger Clause: Swagger is banned
|rule|Baton Pass Clause: Limit one Pokémon knowing Baton Pass
|teampreview
|
|start
|switch|p1a: Mienshao|Mienshao, M|271\/271
|switch|p2a: Ultimate Fighter|Lucario, M|281\/281
|turn|1
|
|move|p1a: Mienshao|U-turn|p2a: Ultimate Fighter
|-crit|p2a: Ultimate Fighter
|-resisted|p2a: Ultimate Fighter
|-damage|p2a: Ultimate Fighter|240\/281
|
|switch|p1a: Crobat|Crobat, F|373\/373
|move|p2a: Ultimate Fighter|Close Combat|p1a: Crobat
|-resisted|p1a: Crobat
|-damage|p1a: Crobat|316\/373
|-unboost|p2a: Ultimate Fighter|def|1
|-unboost|p2a: Ultimate Fighter|spd|1
|
|-heal|p1a: Crobat|339\/373|[from] item: Black Sludge
|turn|2
|
|switch|p2a: Smash That|Cloyster, F, shiny|303\/303
|move|p1a: Crobat|U-turn|p2a: Smash That
|-damage|p2a: Smash That|276\/303
|
|switch|p1a: Raikou|Raikou|322\/322
|-ability|p1a: Raikou|Pressure
|
|-heal|p2a: Smash That|294\/303|[from] item: Leftovers
|turn|3
|
|switch|p2a: Slender|Trevenant, M, shiny|373\/373
|move|p1a: Raikou|Volt Switch|p2a: Slender
|-resisted|p2a: Slender
|-damage|p2a: Slender|331\/373
|
|switch|p1a: Absol|Absol, M|271\/271
|
|turn|4
|
|detailschange|p1a: Absol|Absol-Mega, M
|message|Absol has Mega Evolved into Mega Absol!
|move|p1a: Absol|Swords Dance|p1a: Absol
|-boost|p1a: Absol|atk|2
|move|p2a: Slender|Horn Leech|p1a: Absol
|-damage|p1a: Absol|123\/271
|-heal|p2a: Slender|373\/373|[from] drain|[of] p1a: Absol
|
|turn|5
|
|move|p1a: Absol|Knock Off|p2a: Slender
|-supereffective|p2a: Slender
|-damage|p2a: Slender|0 fnt
|-enditem|p2a: Slender|Lum Berry|[from] move: Knock Off|[of] p1a: Absol
|faint|p2a: Slender
|
|
|switch|p2a: Ultimate Fighter|Lucario, M|240\/281
|turn|6
|
|switch|p1a: Crobat|Crobat, F|339\/373
|move|p2a: Ultimate Fighter|Extreme Speed|p1a: Crobat
|-damage|p1a: Crobat|237\/373
|
|-heal|p1a: Crobat|260\/373|[from] item: Black Sludge
|turn|7
|
|switch|p2a: Smash That|Cloyster, F, shiny|294\/303
|move|p1a: Crobat|Brave Bird|p2a: Smash That
|-damage|p2a: Smash That|219\/303
|-damage|p1a: Crobat|235\/373|[from] recoil|[of] p2a: Smash That
|
|-heal|p1a: Crobat|258\/373|[from] item: Black Sludge
|-heal|p2a: Smash That|237\/303|[from] item: Leftovers
|turn|8
|
|move|p1a: Crobat|U-turn|p2a: Smash That
|-damage|p2a: Smash That|208\/303
|
|switch|p1a: Raikou|Raikou|322\/322
|-ability|p1a: Raikou|Pressure
|move|p2a: Smash That|Icicle Spear|p1a: Raikou
|-damage|p1a: Raikou|282\/322
|-damage|p1a: Raikou|246\/322
|-damage|p1a: Raikou|210\/322
|-damage|p1a: Raikou|176\/322
|-damage|p1a: Raikou|137\/322
|-hitcount|p1a: Raikou|5
|
|-heal|p2a: Smash That|226\/303|[from] item: Leftovers
|turn|9
|join|Stannis Is Coming
|
|switch|p2a: Aragog|Galvantula, F|281\/281
|move|p1a: Raikou|Volt Switch|p2a: Aragog
|-resisted|p2a: Aragog
|-damage|p2a: Aragog|194\/281
|
|switch|p1a: Absol|Absol-Mega, M|123\/271
|
|turn|10
|
|move|p1a: Absol|Knock Off|p2a: Aragog
|-damage|p2a: Aragog|0 fnt
|-enditem|p2a: Aragog|Focus Sash|[from] move: Knock Off|[of] p1a: Absol
|faint|p2a: Aragog
|
|c| Stannis Is Coming|rekt
|
|switch|p2a: Ultimate Fighter|Lucario, M|240\/281
|turn|11
|
|move|p1a: Absol|Play Rough|p2a: Ultimate Fighter|[miss]
|-miss|p1a: Absol|p2a: Ultimate Fighter
|move|p2a: Ultimate Fighter|Swords Dance|p2a: Ultimate Fighter
|-boost|p2a: Ultimate Fighter|atk|2
|
|turn|12
|join|somewhere nice
|c|★Sacri'|kek
|c|★Sacri'|ofc
|
|move|p2a: Ultimate Fighter|Extreme Speed|p1a: Absol
|-damage|p1a: Absol|0 fnt
|faint|p1a: Absol
|
|c|★Ollstar|sry
|
|switch|p1a: Nidoqueen|Nidoqueen, F|384\/384
|turn|13
|
|switch|p2a: Big Mama|Snorlax, F, shiny|523\/523
|move|p1a: Nidoqueen|Earth Power|p2a: Big Mama
|-damage|p2a: Big Mama|374\/523
|
|-heal|p2a: Big Mama|406\/523|[from] item: Leftovers
|turn|14
|
|switch|p1a: Whimsicott|Whimsicott, F|262\/262
|move|p2a: Big Mama|Curse|p2a: Big Mama
|-boost|p2a: Big Mama|atk|1
|-boost|p2a: Big Mama|def|1
|-unboost|p2a: Big Mama|spe|1
|
|-heal|p2a: Big Mama|438\/523|[from] item: Leftovers
|turn|15
|c|★Sacri'|missclick :c
|
|move|p1a: Whimsicott|U-turn|p2a: Big Mama
|-damage|p2a: Big Mama|404\/523
|
|switch|p1a: Mienshao|Mienshao, M|271\/271
|move|p2a: Big Mama|Curse|p2a: Big Mama
|-boost|p2a: Big Mama|atk|1
|-boost|p2a: Big Mama|def|1
|-unboost|p2a: Big Mama|spe|1
|
|-heal|p2a: Big Mama|436\/523|[from] item: Leftovers
|turn|16
|c|★Ollstar|i really wondered
|
|move|p1a: Mienshao|High Jump Kick|p2a: Big Mama
|-supereffective|p2a: Big Mama
|-damage|p2a: Big Mama|98\/523
|move|p2a: Big Mama|Rest|p2a: Big Mama
|-status|p2a: Big Mama|slp
|-heal|p2a: Big Mama|523\/523 slp|[silent]
|-status|p2a: Big Mama|slp|[from] move: Rest
|
|turn|17
|
|switch|p1a: Whimsicott|Whimsicott, F|262\/262
|cant|p2a: Big Mama|slp
|move|p2a: Big Mama|Sleep Talk|p2a: Big Mama
|move|p2a: Big Mama|Curse|p2a: Big Mama|[from]Sleep Talk
|-boost|p2a: Big Mama|atk|1
|-boost|p2a: Big Mama|def|1
|-unboost|p2a: Big Mama|spe|1
|
|turn|18
|c|★Ollstar|why did u switch??
|
|move|p1a: Whimsicott|Switcheroo|p2a: Big Mama
|-activate|p1a: Whimsicott|move: Trick|[of] p2a: Big Mama
|-item|p2a: Big Mama|Choice Specs|[from] Trick
|-item|p1a: Whimsicott|Leftovers|[from] Trick
|cant|p2a: Big Mama|slp
|move|p2a: Big Mama|Sleep Talk|p2a: Big Mama
|move|p2a: Big Mama|Rest|p2a: Big Mama|[from]Sleep Talk
|-fail|p2a: Big Mama
|
|turn|19
|c|★Sacri'|for that
|c|★Ollstar|oh i see
|
|switch|p2a: Smash That|Cloyster, F, shiny|226\/303
|move|p1a: Whimsicott|Energy Ball|p2a: Smash That
|-supereffective|p2a: Smash That
|-damage|p2a: Smash That|0 fnt
|faint|p2a: Smash That
|
|c|★Sacri'|rip
|
|switch|p2a: Kill or Die|Sharpedo, M|281\/281
|turn|20
|
|move|p2a: Kill or Die|Protect|p2a: Kill or Die
|-singleturn|p2a: Kill or Die|Protect
|move|p1a: Whimsicott|Energy Ball|p2a: Kill or Die
|-activate|p2a: Kill or Die|Protect
|
|-boost|p2a: Kill or Die|spe|1|[from] ability: Speed Boost
|turn|21
|
|detailschange|p2a: Kill or Die|Sharpedo-Mega, M
|message|Sharpedo has Mega Evolved into Mega Sharpedo!
|move|p2a: Kill or Die|Ice Fang|p1a: Whimsicott
|-supereffective|p1a: Whimsicott
|-damage|p1a: Whimsicott|0 fnt
|faint|p1a: Whimsicott
|
|
|switch|p1a: Crobat|Crobat, F|258\/373
|turn|22
|
|move|p2a: Kill or Die|Ice Fang|p1a: Crobat
|-supereffective|p1a: Crobat
|-damage|p1a: Crobat|0 fnt
|faint|p1a: Crobat
|
|
|switch|p1a: Mienshao|Mienshao, M|271\/271
|turn|23
|
|move|p2a: Kill or Die|Protect|p2a: Kill or Die
|-singleturn|p2a: Kill or Die|Protect
|move|p1a: Mienshao|High Jump Kick|p2a: Kill or Die
|-activate|p2a: Kill or Die|Protect
|-damage|p1a: Mienshao|136\/271|[from] highjumpkick
|
|turn|24
|
|move|p1a: Mienshao|High Jump Kick|p2a: Kill or Die
|-supereffective|p2a: Kill or Die
|-damage|p2a: Kill or Die|0 fnt
|faint|p2a: Kill or Die
|
|
|switch|p2a: Ultimate Fighter|Lucario, M|240\/281
|turn|25
|
|switch|p1a: Nidoqueen|Nidoqueen, F|384\/384
|move|p2a: Ultimate Fighter|Extreme Speed|p1a: Nidoqueen
|-damage|p1a: Nidoqueen|294\/384
|
|turn|26
|
|switch|p2a: Big Mama|Snorlax, F, shiny|523\/523 slp
|move|p1a: Nidoqueen|Earth Power|p2a: Big Mama
|-damage|p2a: Big Mama|385\/523 slp
|
|turn|27
|
|switch|p1a: Mienshao|Mienshao, M|226\/271
|-curestatus|p2a: Big Mama|slp
|move|p2a: Big Mama|Return|p1a: Mienshao
|-damage|p1a: Mienshao|28\/271
|
|turn|28
|
|move|p1a: Mienshao|High Jump Kick|p2a: Big Mama
|-supereffective|p2a: Big Mama
|-damage|p2a: Big Mama|0 fnt
|faint|p2a: Big Mama
|
|
|switch|p2a: Ultimate Fighter|Lucario, M|240\/281
|turn|29
|
|move|p1a: Mienshao|High Jump Kick|p2a: Ultimate Fighter
|-supereffective|p2a: Ultimate Fighter
|-damage|p2a: Ultimate Fighter|0 fnt
|faint|p2a: Ultimate Fighter
|
|win|Sacri'
|raw|Ladder updating...
|raw|Sacri&apos;'s rating: 1558 &rarr; <strong>1572<\/strong><br \/>(+14 for winning)
|raw|Ollstar's rating: 1444 &rarr; <strong>1430<\/strong><br \/>(-14 for losing)
|c|★Ollstar|gg
|c|★Sacri'|gg
|leave|Ollstar
|player|p2
|leave|Sacri'
|player|p1
|leave|somewhere nice