|join|Sacri'
|join|skysoki
|player|p1|Sacri'|266
|player|p2|skysoki|239
|gametype|singles
|gen|6
|tier|UU
|rule|Sleep Clause Mod: Limit one foe put to sleep
|rule|Species Clause: Limit one of each Pokémon
|rule|OHKO Clause: OHKO moves are banned
|rule|Moody Clause: Moody is banned
|rule|Evasion Moves Clause: Evasion moves are banned
|rule|Endless Battle Clause: Forcing endless battles is banned
|rule|HP Percentage Mod: HP is shown in percentages
|clearpoke
|poke|p1|Absol, F
|poke|p1|Raikou
|poke|p1|Nidoqueen, F
|poke|p1|Mienshao, F
|poke|p1|Whimsicott, F
|poke|p1|Crobat, F
|poke|p2|Zygarde
|poke|p2|Infernape, M
|poke|p2|Hydreigon, M
|poke|p2|Jirachi
|poke|p2|Gligar, M
|poke|p2|Florges, F
|rule|Swagger Clause: Swagger is banned
|rule|Baton Pass Clause: Limit one Pokémon knowing Baton Pass
|teampreview
|c|★skysoki|chall sournois!!!
|c|★Sacri'|:sournois:
|c|★Sacri'|hf
|c|★skysoki|hf
|c|★skysoki|attention je joue zygarde subcoi
|c|★Sacri'|olala
|c|★Sacri'|Je fear
|
|start
|switch|p1a: Whimsicott|Whimsicott, F|262\/262
|switch|p2a: Hydreigon|Hydreigon, M|325\/325
|turn|1
|c|★skysoki|Whimiscott!!!
|
|switch|p1a: Raikou|Raikou|322\/322
|-ability|p1a: Raikou|Pressure
|move|p2a: Hydreigon|U-turn|p1a: Raikou
|-damage|p1a: Raikou|259\/322
|
|switch|p2a: Infernape|Infernape, M|293\/293
|
|turn|2
|join|Korby
|
|switch|p1a: Nidoqueen|Nidoqueen, F|384\/384
|move|p2a: Infernape|Stealth Rock|p1a: Nidoqueen
|-sidestart|p1: Sacri'|move: Stealth Rock
|
|turn|3
|
|move|p2a: Infernape|Overheat|p1a: Nidoqueen
|-damage|p1a: Nidoqueen|198\/384
|-unboost|p2a: Infernape|spa|2
|move|p1a: Nidoqueen|Stealth Rock|p2a: Infernape
|-sidestart|p2: skysoki|move: Stealth Rock
|
|turn|4
|
|switch|p1a: Crobat|Crobat, F|373\/373
|-damage|p1a: Crobat|280\/373|[from] Stealth Rock
|move|p2a: Infernape|Close Combat|p1a: Crobat
|-resisted|p1a: Crobat
|-damage|p1a: Crobat|232\/373
|-unboost|p2a: Infernape|def|1
|-unboost|p2a: Infernape|spd|1
|
|-heal|p1a: Crobat|255\/373|[from] item: Black Sludge
|turn|5
|
|move|p1a: Crobat|Brave Bird|p2a: Infernape
|-crit|p2a: Infernape
|-supereffective|p2a: Infernape
|-enditem|p2a: Infernape|Focus Sash
|-damage|p2a: Infernape|1\/293
|-damage|p1a: Crobat|159\/373|[from] recoil|[of] p2a: Infernape
|move|p2a: Infernape|Endeavor|p1a: Crobat
|-damage|p1a: Crobat|1\/373
|
|-heal|p1a: Crobat|24\/373|[from] item: Black Sludge
|turn|6
|
|move|p1a: Crobat|Roost|p1a: Crobat
|-heal|p1a: Crobat|211\/373
|move|p2a: Infernape|Overheat|p1a: Crobat
|-damage|p1a: Crobat|69\/373
|-unboost|p2a: Infernape|spa|2
|
|-heal|p1a: Crobat|92\/373|[from] item: Black Sludge
|turn|7
|
|switch|p2a: Jirachi|Jirachi|341\/341
|-damage|p2a: Jirachi|320\/341|[from] Stealth Rock
|move|p1a: Crobat|Brave Bird|p2a: Jirachi
|-resisted|p2a: Jirachi
|-damage|p2a: Jirachi|250\/341
|-damage|p1a: Crobat|69\/373|[from] recoil|[of] p2a: Jirachi
|
|-heal|p1a: Crobat|92\/373|[from] item: Black Sludge
|turn|8
|
|move|p2a: Jirachi|U-turn|p1a: Crobat
|-resisted|p1a: Crobat
|-damage|p1a: Crobat|71\/373
|
|switch|p2a: Gligar|Gligar, M|334\/334
|-damage|p2a: Gligar|293\/334|[from] Stealth Rock
|move|p1a: Crobat|Roost|p1a: Crobat
|-heal|p1a: Crobat|258\/373
|
|-heal|p1a: Crobat|281\/373|[from] item: Black Sludge
|turn|9
|
|switch|p1a: Whimsicott|Whimsicott, F|262\/262
|-damage|p1a: Whimsicott|230\/262|[from] Stealth Rock
|move|p2a: Gligar|Knock Off|p1a: Whimsicott
|-resisted|p1a: Whimsicott
|-damage|p1a: Whimsicott|193\/262
|-enditem|p1a: Whimsicott|Choice Specs|[from] move: Knock Off|[of] p2a: Gligar
|
|turn|10
|
|switch|p2a: Infernape|Infernape, M|1\/293
|-damage|p2a: Infernape|0 fnt|[from] Stealth Rock
|faint|p2a: Infernape
|move|p1a: Whimsicott|Switcheroo|p2: Infernape|[notarget]
|-notarget
|
|
|switch|p2a: Jirachi|Jirachi|250\/341
|-damage|p2a: Jirachi|229\/341|[from] Stealth Rock
|turn|11
|
|switch|p1a: Crobat|Crobat, F|281\/373
|-damage|p1a: Crobat|188\/373|[from] Stealth Rock
|move|p2a: Jirachi|Iron Head|p1a: Crobat
|-damage|p1a: Crobat|38\/373
|
|-heal|p1a: Crobat|61\/373|[from] item: Black Sludge
|turn|12
|
|move|p2a: Jirachi|Iron Head|p1a: Crobat
|-damage|p1a: Crobat|0 fnt
|faint|p1a: Crobat
|
|
|switch|p1a: Absol|Absol, F|271\/271
|-damage|p1a: Absol|238\/271|[from] Stealth Rock
|turn|13
|
|switch|p2a: Florges|Florges, F|360\/360
|-damage|p2a: Florges|315\/360|[from] Stealth Rock
|detailschange|p1a: Absol|Absol-Mega, F
|-mega|p1a: Absol|Absol|Absolite
|move|p1a: Absol|Sucker Punch|p2a: Florges
|-fail|p2a: Florges
|
|-heal|p2a: Florges|337\/360|[from] item: Leftovers
|turn|14
|
|switch|p1a: Nidoqueen|Nidoqueen, F|198\/384
|-damage|p1a: Nidoqueen|174\/384|[from] Stealth Rock
|move|p2a: Florges|Wish|p2a: Florges
|
|-heal|p2a: Florges|359\/360|[from] item: Leftovers
|turn|15
|
|switch|p2a: Jirachi|Jirachi|229\/341
|-damage|p2a: Jirachi|208\/341|[from] Stealth Rock
|move|p1a: Nidoqueen|Earth Power|p2a: Jirachi
|-supereffective|p2a: Jirachi
|-damage|p2a: Jirachi|0 fnt
|faint|p2a: Jirachi
|
|c|★Sacri'|no
|c|★skysoki|:'(
|
|switch|p2a: Hydreigon|Hydreigon, M|325\/325
|-damage|p2a: Hydreigon|285\/325|[from] Stealth Rock
|turn|16
|
|switch|p1a: Raikou|Raikou|259\/322
|-damage|p1a: Raikou|219\/322|[from] Stealth Rock
|-ability|p1a: Raikou|Pressure
|move|p2a: Hydreigon|U-turn|p1a: Raikou
|-damage|p1a: Raikou|153\/322
|
|switch|p2a: Zygarde|Zygarde|407\/407
|-damage|p2a: Zygarde|382\/407|[from] Stealth Rock
|-ability|p2a: Zygarde|Aura Break
|
|-heal|p2a: Zygarde|407\/407|[from] item: Leftovers
|turn|17
|
|switch|p1a: Whimsicott|Whimsicott, F|193\/262
|-damage|p1a: Whimsicott|161\/262|[from] Stealth Rock
|switch|p2a: Florges|Florges, F|359\/360
|-damage|p2a: Florges|314\/360|[from] Stealth Rock
|
|-heal|p2a: Florges|336\/360|[from] item: Leftovers
|turn|18
|
|move|p1a: Whimsicott|U-turn|p2a: Florges
|-resisted|p2a: Florges
|-damage|p2a: Florges|317\/360
|
|switch|p1a: Nidoqueen|Nidoqueen, F|174\/384
|-damage|p1a: Nidoqueen|150\/384|[from] Stealth Rock
|move|p2a: Florges|Wish|p2a: Florges
|
|-heal|p2a: Florges|339\/360|[from] item: Leftovers
|turn|19
|
|move|p2a: Florges|Protect|p2a: Florges
|-singleturn|p2a: Florges|Protect
|move|p1a: Nidoqueen|Ice Beam|p2a: Florges
|-activate|p2a: Florges|Protect
|
|-heal|p2a: Florges|360\/360|[from] move: Wish|[wisher] Florges
|turn|20
|
|move|p1a: Nidoqueen|Sludge Wave|p2a: Florges
|-supereffective|p2a: Florges
|-damage|p2a: Florges|84\/360
|move|p2a: Florges|Moonblast|p1a: Nidoqueen
|-crit|p1a: Nidoqueen
|-resisted|p1a: Nidoqueen
|-damage|p1a: Nidoqueen|37\/384
|
|-heal|p2a: Florges|106\/360|[from] item: Leftovers
|turn|21
|
|switch|p2a: Gligar|Gligar, M|293\/334
|-damage|p2a: Gligar|252\/334|[from] Stealth Rock
|move|p1a: Nidoqueen|Sludge Wave|p2a: Gligar
|-resisted|p2a: Gligar
|-damage|p2a: Gligar|152\/334
|
|turn|22
|
|move|p2a: Gligar|Earthquake|p1a: Nidoqueen
|-supereffective|p1a: Nidoqueen
|-damage|p1a: Nidoqueen|0 fnt
|faint|p1a: Nidoqueen
|
|
|switch|p1a: Absol|Absol-Mega, F|238\/271
|-damage|p1a: Absol|205\/271|[from] Stealth Rock
|turn|23
|
|move|p1a: Absol|Knock Off|p2a: Gligar
|-damage|p2a: Gligar|58\/334
|-enditem|p2a: Gligar|Eviolite|[from] move: Knock Off|[of] p1a: Absol
|move|p2a: Gligar|Earthquake|p1a: Absol
|-damage|p1a: Absol|63\/271
|
|turn|24
|
|move|p1a: Absol|Knock Off|p2a: Gligar
|-damage|p2a: Gligar|0 fnt
|faint|p2a: Gligar
|
|
|switch|p2a: Hydreigon|Hydreigon, M|285\/325
|-damage|p2a: Hydreigon|245\/325|[from] Stealth Rock
|turn|25
|
|move|p1a: Absol|Sucker Punch|p2a: Hydreigon
|-resisted|p2a: Hydreigon
|-damage|p2a: Hydreigon|165\/325
|move|p2a: Hydreigon|U-turn|p1a: Absol
|-supereffective|p1a: Absol
|-damage|p1a: Absol|0 fnt
|faint|p1a: Absol
|
|switch|p2a: Florges|Florges, F|106\/360
|-damage|p2a: Florges|61\/360|[from] Stealth Rock
|
|-heal|p2a: Florges|83\/360|[from] item: Leftovers
|
|switch|p1a: Mienshao|Mienshao, F|271\/271
|-damage|p1a: Mienshao|255\/271|[from] Stealth Rock
|turn|26
|
|move|p1a: Mienshao|High Jump Kick|p2a: Florges
|-resisted|p2a: Florges
|-damage|p2a: Florges|0 fnt
|faint|p2a: Florges
|
|
|switch|p2a: Zygarde|Zygarde|407\/407
|-damage|p2a: Zygarde|382\/407|[from] Stealth Rock
|-ability|p2a: Zygarde|Aura Break
|turn|27
|c|★skysoki|gg
|c|★Sacri'|gg
|
|switch|p1a: Whimsicott|Whimsicott, F|161\/262
|-damage|p1a: Whimsicott|129\/262|[from] Stealth Rock
|move|p2a: Zygarde|Substitute|p2a: Zygarde
|-start|p2a: Zygarde|Substitute
|-damage|p2a: Zygarde|281\/407
|
|-heal|p2a: Zygarde|306\/407|[from] item: Leftovers
|turn|28
|c|★Sacri'|meilleur joueur uu y\/très
|c|★Sacri'|(je déc')
|
|move|p1a: Whimsicott|Moonblast|p2a: Zygarde
|-supereffective|p2a: Zygarde
|-damage|p2a: Zygarde|132\/407
|move|p2a: Zygarde|Earthquake|p1a: Whimsicott
|-resisted|p1a: Whimsicott
|-damage|p1a: Whimsicott|57\/262
|
|-heal|p2a: Zygarde|157\/407|[from] item: Leftovers
|turn|29
|c|★Sacri'|plus sérieusement, c'était un bon match
|
|move|p1a: Whimsicott|Moonblast|p2a: Zygarde
|-supereffective|p2a: Zygarde
|-damage|p2a: Zygarde|0 fnt
|faint|p2a: Zygarde
|
|c|★skysoki|Maja et toi vous avez presque le même niveau
|
|switch|p2a: Hydreigon|Hydreigon, M|165\/325
|-damage|p2a: Hydreigon|125\/325|[from] Stealth Rock
|turn|30
|c|★Sacri'|Honnêtement je pense qu'on a à peu près le même, y
|
|move|p2a: Hydreigon|U-turn|p1a: Whimsicott
|-damage|p1a: Whimsicott|0 fnt
|faint|p1a: Whimsicott
|
|c|★Sacri'|Après il est plus expérimenté
|
|switch|p1a: Mienshao|Mienshao, F|255\/271
|-damage|p1a: Mienshao|239\/271|[from] Stealth Rock
|turn|31
|
|move|p1a: Mienshao|Drain Punch|p2a: Hydreigon
|-supereffective|p2a: Hydreigon
|-damage|p2a: Hydreigon|0 fnt
|-heal|p1a: Mienshao|271\/271|[from] drain|[of] p2a: Hydreigon
|faint|p2a: Hydreigon
|
|win|Sacri'