|join|Sacri'
|join|white sky
|player|p1|Sacri'|169
|player|p2|white sky|102
|gametype|singles
|gen|6
|tier|UU
|rated
|rule|Sleep Clause Mod: Limit one foe put to sleep
|rule|Species Clause: Limit one of each Pokémon
|rule|OHKO Clause: OHKO moves are banned
|rule|Moody Clause: Moody is banned
|rule|Evasion Moves Clause: Evasion moves are banned
|rule|Endless Battle Clause: Forcing endless battles is banned
|rule|HP Percentage Mod: HP is shown in percentages
|clearpoke
|poke|p1|Absol, M
|poke|p1|Raikou
|poke|p1|Nidoqueen, F
|poke|p1|Mienshao, F
|poke|p1|Whimsicott, M
|poke|p1|Crobat, M
|poke|p2|Chesnaught, M
|poke|p2|Bronzong
|poke|p2|Ampharos, F
|poke|p2|Dugtrio, M
|poke|p2|Whimsicott, F
|poke|p2|Blastoise, M
|rule|Swagger Clause: Swagger is banned
|rule|Baton Pass Clause: Limit one Pokémon knowing Baton Pass
|teampreview
|
|start
|switch|p1a: Absol|Absol, M|271\/271
|switch|p2a: Bronzong|Bronzong|337\/337
|turn|1
|
|detailschange|p1a: Absol|Absol-Mega, M
|-mega|p1a: Absol|Absol|Absolite
|move|p1a: Absol|Knock Off|p2a: Bronzong
|-supereffective|p2a: Bronzong
|-damage|p2a: Bronzong|5\/337
|-enditem|p2a: Bronzong|Leftovers|[from] move: Knock Off|[of] p1a: Absol
|move|p2a: Bronzong|Gyro Ball|p1a: Absol
|-damage|p1a: Absol|36\/271
|
|turn|2
|
|switch|p2a: Chesnaught|Chesnaught, M|379\/379
|move|p1a: Absol|Knock Off|p2a: Chesnaught
|-resisted|p2a: Chesnaught
|-damage|p2a: Chesnaught|318\/379
|-enditem|p2a: Chesnaught|Leftovers|[from] move: Knock Off|[of] p1a: Absol
|
|turn|3
|
|switch|p1a: Whimsicott|Whimsicott, M|262\/262
|move|p2a: Chesnaught|Leech Seed|p1a: Whimsicott
|-immune|p1a: Whimsicott|[msg]
|
|turn|4
|
|switch|p2a: Bronzong|Bronzong|5\/337
|move|p1a: Whimsicott|Moonblast|p2a: Bronzong
|-resisted|p2a: Bronzong
|-damage|p2a: Bronzong|0 fnt
|faint|p2a: Bronzong
|
|
|switch|p2a: Blastoise|Blastoise, M|361\/361
|turn|5
|
|switch|p1a: Raikou|Raikou|322\/322
|-ability|p1a: Raikou|Pressure
|move|p2a: Blastoise|Ice Beam|p1a: Raikou
|-damage|p1a: Raikou|282\/322
|
|turn|6
|
|move|p1a: Raikou|Volt Switch|p2a: Blastoise
|-supereffective|p2a: Blastoise
|-damage|p2a: Blastoise|121\/361
|
|switch|p1a: Whimsicott|Whimsicott, M|262\/262
|move|p2a: Blastoise|Scald|p1a: Whimsicott
|-resisted|p1a: Whimsicott
|-damage|p1a: Whimsicott|211\/262
|
|-heal|p2a: Blastoise|143\/361|[from] item: Leftovers
|turn|7
|
|switch|p2a: Chesnaught|Chesnaught, M|318\/379
|move|p1a: Whimsicott|Moonblast|p2a: Chesnaught
|-supereffective|p2a: Chesnaught
|-damage|p2a: Chesnaught|0 fnt
|faint|p2a: Chesnaught
|
|
|switch|p2a: Dugtrio|Dugtrio, M|211\/211
|turn|8
|
|move|p1a: Whimsicott|Moonblast|p2a: Dugtrio
|-damage|p2a: Dugtrio|0 fnt
|faint|p2a: Dugtrio
|
|
|switch|p2a: Blastoise|Blastoise, M|143\/361
|turn|9
|
|switch|p1a: Raikou|Raikou|282\/322
|-ability|p1a: Raikou|Pressure
|move|p2a: Blastoise|Ice Beam|p1a: Raikou
|-crit|p1a: Raikou
|-damage|p1a: Raikou|225\/322
|
|-heal|p2a: Blastoise|165\/361|[from] item: Leftovers
|turn|10
|
|move|p1a: Raikou|Volt Switch|p2a: Blastoise
|-supereffective|p2a: Blastoise
|-damage|p2a: Blastoise|0 fnt
|faint|p2a: Blastoise
|
|switch|p1a: Nidoqueen|Nidoqueen, F|384\/384
|
|
|switch|p2a: Whimsicott|Whimsicott, F|261\/261
|turn|11
|
|move|p2a: Whimsicott|Psychic|p1a: Nidoqueen
|-supereffective|p1a: Nidoqueen
|-damage|p1a: Nidoqueen|118\/384
|move|p1a: Nidoqueen|Sludge Wave|p2a: Whimsicott
|-supereffective|p2a: Whimsicott
|-damage|p2a: Whimsicott|0 fnt
|faint|p2a: Whimsicott
|
|
|switch|p2a: Ampharos|Ampharos, F|321\/321
|turn|12
|
|detailschange|p2a: Ampharos|Ampharos-Mega, F
|-mega|p2a: Ampharos|Ampharos|Ampharosite
|-ability|p2a: Ampharos|Mold Breaker
|move|p2a: Ampharos|Dragon Pulse|p1a: Nidoqueen
|-damage|p1a: Nidoqueen|0 fnt
|faint|p1a: Nidoqueen
|
|c|★Sacri'|gg
|
|switch|p1a: Whimsicott|Whimsicott, M|211\/262
|turn|13
|
|move|p1a: Whimsicott|Moonblast|p2a: Ampharos
|-supereffective|p2a: Ampharos
|-damage|p2a: Ampharos|0 fnt
|faint|p2a: Ampharos
|
|win|Sacri'
|raw|Ladder updating...
|raw|Sacri&apos;'s rating: 1522 &rarr; <strong>1531<\/strong><br \/>(+9 for winning)
|raw|white sky's rating: 1295 &rarr; <strong>1285<\/strong><br \/>(-10 for losing)
|leave|white sky
|player|p2