|join|feng
|join|Sacri'
|player|p1|feng|23
|player|p2|Sacri'|169
|gametype|singles
|gen|6
|tier|UU
|rated
|rule|Sleep Clause Mod: Limit one foe put to sleep
|rule|Species Clause: Limit one of each Pokémon
|rule|OHKO Clause: OHKO moves are banned
|rule|Moody Clause: Moody is banned
|rule|Evasion Moves Clause: Evasion moves are banned
|rule|Endless Battle Clause: Forcing endless battles is banned
|rule|HP Percentage Mod: HP is shown in percentages
|clearpoke
|poke|p1|Celebi
|poke|p1|Crobat, M
|poke|p1|Aggron, F
|poke|p1|Blissey, F
|poke|p1|Alomomola, M
|poke|p1|Krookodile, M
|poke|p2|Absol, F
|poke|p2|Raikou
|poke|p2|Nidoqueen, F
|poke|p2|Mienshao, M
|poke|p2|Whimsicott, M
|poke|p2|Crobat, F
|rule|Swagger Clause: Swagger is banned
|rule|Baton Pass Clause: Limit one Pokémon knowing Baton Pass
|teampreview
|
|start
|switch|p1a: Phi|Krookodile, M|331\/331
|switch|p2a: Whimsicott|Whimsicott, M|262\/262
|-ability|p1a: Phi|Intimidate|[of] p2a: Whimsicott
|-unboost|p2a: Whimsicott|atk|1
|turn|1
|
|switch|p1a: Beta|Crobat, M|325\/325
|move|p2a: Whimsicott|U-turn|p1a: Beta
|-resisted|p1a: Beta
|-damage|p1a: Beta|318\/325
|
|switch|p2a: Raikou|Raikou|322\/322
|-ability|p2a: Raikou|Pressure
|
|-heal|p1a: Beta|325\/325|[from] item: Black Sludge
|turn|2
|
|switch|p1a: Omega|Celebi|341\/341
|move|p2a: Raikou|Volt Switch|p1a: Omega
|-resisted|p1a: Omega
|-damage|p1a: Omega|285\/341
|
|switch|p2a: Crobat|Crobat, F|373\/373
|
|-heal|p1a: Omega|306\/341|[from] item: Leftovers
|turn|3
|
|switch|p1a: Delta|Alomomola, M|534\/534
|move|p2a: Crobat|U-turn|p1a: Delta
|-damage|p1a: Delta|486\/534
|-damage|p2a: Crobat|311\/373|[from] item: Rocky Helmet|[of] p1a: Delta
|
|switch|p2a: Raikou|Raikou|322\/322
|-ability|p2a: Raikou|Pressure
|
|turn|4
|
|switch|p1a: Tau|Blissey, F|714\/714
|move|p2a: Raikou|Volt Switch|p1a: Tau
|-damage|p1a: Tau|623\/714
|
|switch|p2a: Nidoqueen|Nidoqueen, F|384\/384
|
|-heal|p1a: Tau|667\/714|[from] item: Leftovers
|turn|5
|
|move|p2a: Nidoqueen|Stealth Rock|p1a: Tau
|-sidestart|p1: feng|move: Stealth Rock
|move|p1a: Tau|Seismic Toss|p2a: Nidoqueen
|-damage|p2a: Nidoqueen|284\/384
|
|-heal|p1a: Tau|711\/714|[from] item: Leftovers
|turn|6
|join|Sketchy Ecchi
|
|switch|p2a: Mienshao|Mienshao, M|271\/271
|move|p1a: Tau|Seismic Toss|p2a: Mienshao
|-damage|p2a: Mienshao|171\/271
|
|-heal|p1a: Tau|714\/714|[from] item: Leftovers
|turn|7
|
|move|p1a: Tau|Protect|p1a: Tau
|-singleturn|p1a: Tau|Protect
|move|p2a: Mienshao|Drain Punch|p1a: Tau
|-activate|p1a: Tau|Protect
|
|turn|8
|
|switch|p2a: Raikou|Raikou|322\/322
|-ability|p2a: Raikou|Pressure
|switch|p1a: Beta|Crobat, M|325\/325
|-damage|p1a: Beta|244\/325|[from] Stealth Rock
|
|-heal|p1a: Beta|264\/325|[from] item: Black Sludge
|turn|9
|c| Sketchy Ecchi|hue
|c| Sketchy Ecchi|beta
|
|move|p1a: Beta|Roost|p1a: Beta
|-heal|p1a: Beta|325\/325
|move|p2a: Raikou|Volt Switch|p1a: Beta
|-damage|p1a: Beta|195\/325
|
|switch|p2a: Nidoqueen|Nidoqueen, F|284\/384
|
|-heal|p1a: Beta|215\/325|[from] item: Black Sludge
|turn|10
|
|switch|p1a: Tau|Blissey, F|714\/714
|-damage|p1a: Tau|625\/714|[from] Stealth Rock
|move|p2a: Nidoqueen|Ice Beam|p1a: Tau
|-damage|p1a: Tau|511\/714
|
|-heal|p1a: Tau|555\/714|[from] item: Leftovers
|turn|11
|
|switch|p2a: Mienshao|Mienshao, M|171\/271
|move|p1a: Tau|Wish|p1a: Tau
|
|-heal|p1a: Tau|599\/714|[from] item: Leftovers
|turn|12
|
|switch|p1a: Delta|Alomomola, M|534\/534
|-damage|p1a: Delta|468\/534|[from] Stealth Rock
|move|p2a: Mienshao|U-turn|p1a: Delta
|-damage|p1a: Delta|401\/534
|-damage|p2a: Mienshao|126\/271|[from] item: Rocky Helmet|[of] p1a: Delta
|
|switch|p2a: Raikou|Raikou|322\/322
|-ability|p2a: Raikou|Pressure
|
|-heal|p1a: Delta|534\/534|[from] move: Wish|[wisher] Tau
|turn|13
|
|switch|p1a: Tau|Blissey, F|599\/714
|-damage|p1a: Tau|510\/714|[from] Stealth Rock
|move|p2a: Raikou|Hidden Power|p1a: Tau
|-damage|p1a: Tau|459\/714
|
|-heal|p1a: Tau|503\/714|[from] item: Leftovers
|turn|14
|
|move|p2a: Raikou|Volt Switch|p1a: Tau
|-damage|p1a: Tau|422\/714
|
|switch|p2a: Mienshao|Mienshao, M|126\/271
|move|p1a: Tau|Wish|p1a: Tau
|
|-heal|p1a: Tau|466\/714|[from] item: Leftovers
|turn|15
|
|switch|p1a: Beta|Crobat, M|215\/325
|-damage|p1a: Beta|134\/325|[from] Stealth Rock
|move|p2a: Mienshao|Drain Punch|p1a: Beta
|-resisted|p1a: Beta
|-damage|p1a: Beta|94\/325
|-heal|p2a: Mienshao|146\/271|[from] drain|[of] p1a: Beta
|
|-heal|p1a: Beta|325\/325|[from] move: Wish|[wisher] Tau
|turn|16
|
|switch|p2a: Raikou|Raikou|322\/322
|-ability|p2a: Raikou|Pressure
|move|p1a: Beta|Defog|p2a: Raikou
|-unboost|p2a: Raikou|evasion|1
|-sideend|p1: feng|Stealth Rock|[from] move: Defog|[of] p1a: Beta
|
|turn|17
|
|move|p1a: Beta|Toxic|p2a: Raikou
|-status|p2a: Raikou|tox
|move|p2a: Raikou|Volt Switch|p1a: Beta
|-supereffective|p1a: Beta
|-damage|p1a: Beta|47\/325
|
|switch|p2a: Mienshao|Mienshao, M|146\/271
|
|-heal|p1a: Beta|67\/325|[from] item: Black Sludge
|turn|18
|
|switch|p1a: Delta|Alomomola, M|534\/534
|move|p2a: Mienshao|Knock Off|p1a: Delta
|-damage|p1a: Delta|445\/534
|-damage|p2a: Mienshao|101\/271|[from] item: Rocky Helmet|[of] p1a: Delta
|-enditem|p1a: Delta|Rocky Helmet|[from] move: Knock Off|[of] p2a: Mienshao
|
|turn|19
|
|switch|p2a: Raikou|Raikou|322\/322 tox
|-ability|p2a: Raikou|Pressure
|move|p1a: Delta|Knock Off|p2a: Raikou
|-damage|p2a: Raikou|244\/322 tox
|-enditem|p2a: Raikou|Assault Vest|[from] move: Knock Off|[of] p1a: Delta
|
|-damage|p2a: Raikou|224\/322 tox|[from] psn
|turn|20
|
|switch|p1a: Phi|Krookodile, M|331\/331
|-ability|p1a: Phi|Intimidate|[of] p2a: Raikou
|-unboost|p2a: Raikou|atk|1
|move|p2a: Raikou|Volt Switch|p1a: Phi
|-immune|p1a: Phi|[msg]
|
|-damage|p2a: Raikou|184\/322 tox|[from] psn
|turn|21
|
|move|p2a: Raikou|Hidden Power|p1a: Phi
|-supereffective|p1a: Phi
|-damage|p1a: Phi|155\/331
|move|p1a: Phi|Knock Off|p2a: Raikou
|-damage|p2a: Raikou|0 fnt
|faint|p2a: Raikou
|
|
|switch|p2a: Mienshao|Mienshao, M|101\/271
|turn|22
|
|switch|p1a: Beta|Crobat, M|67\/325
|move|p2a: Mienshao|U-turn|p1a: Beta
|-resisted|p1a: Beta
|-damage|p1a: Beta|41\/325
|
|switch|p2a: Nidoqueen|Nidoqueen, F|284\/384
|
|-heal|p1a: Beta|61\/325|[from] item: Black Sludge
|turn|23
|
|move|p1a: Beta|Brave Bird|p2a: Nidoqueen
|-damage|p2a: Nidoqueen|86\/384
|-damage|p1a: Beta|0 fnt|[from] recoil|[of] p2a: Nidoqueen
|faint|p1a: Beta
|move|p2a: Nidoqueen|Earth Power|p1: Beta|[notarget]
|-notarget
|
|
|switch|p1a: Phi|Krookodile, M|155\/331
|-ability|p1a: Phi|Intimidate|[of] p2a: Nidoqueen
|-unboost|p2a: Nidoqueen|atk|1
|turn|24
|
|move|p1a: Phi|Pursuit|p2a: Nidoqueen
|-damage|p2a: Nidoqueen|0 fnt
|faint|p2a: Nidoqueen
|
|
|switch|p2a: Mienshao|Mienshao, M|101\/271
|turn|25
|
|switch|p1a: Delta|Alomomola, M|534\/534
|move|p2a: Mienshao|U-turn|p1a: Delta
|-damage|p1a: Delta|468\/534
|
|switch|p2a: Whimsicott|Whimsicott, M|262\/262
|
|turn|26
|
|switch|p1a: Rho|Aggron, F|344\/344
|move|p2a: Whimsicott|U-turn|p1a: Rho
|-resisted|p1a: Rho
|-damage|p1a: Rho|333\/344
|
|switch|p2a: Mienshao|Mienshao, M|101\/271
|
|turn|27
|
|switch|p1a: Omega|Celebi|306\/341
|move|p2a: Mienshao|High Jump Kick|p1a: Omega
|-resisted|p1a: Omega
|-damage|p1a: Omega|160\/341
|
|-heal|p1a: Omega|181\/341|[from] item: Leftovers
|turn|28
|
|switch|p2a: Crobat|Crobat, F|311\/373
|move|p1a: Omega|Zen Headbutt|p2a: Crobat
|-supereffective|p2a: Crobat
|-damage|p2a: Crobat|35\/373
|
|-heal|p2a: Crobat|58\/373|[from] item: Black Sludge
|-heal|p1a: Omega|202\/341|[from] item: Leftovers
|turn|29
|join|DatGuyChuck
|
|switch|p1a: Rho|Aggron, F|333\/344
|move|p2a: Crobat|U-turn|p1a: Rho
|-resisted|p1a: Rho
|-damage|p1a: Rho|317\/344
|
|switch|p2a: Mienshao|Mienshao, M|101\/271
|
|turn|30
|
|detailschange|p1a: Rho|Aggron-Mega, F
|-mega|p1a: Rho|Aggron|Aggronite
|move|p2a: Mienshao|High Jump Kick|p1a: Rho
|-supereffective|p1a: Rho
|-damage|p1a: Rho|115\/344
|move|p1a: Rho|Stealth Rock|p2a: Mienshao
|-sidestart|p2: Sacri'|move: Stealth Rock
|
|turn|31
|
|switch|p1a: Delta|Alomomola, M|534\/534
|move|p2a: Mienshao|High Jump Kick|p1a: Delta|[miss]
|-miss|p2a: Mienshao|p1a: Delta
|-damage|p2a: Mienshao|0 fnt|[from] highjumpkick
|faint|p2a: Mienshao
|
|c| DatGuyChuck|haha
|
|switch|p2a: Whimsicott|Whimsicott, M|262\/262
|-damage|p2a: Whimsicott|230\/262|[from] Stealth Rock
|turn|32
|c|★Sacri'|high jump kdk
|c|★Sacri'|kek*
|c|★Sacri'|:<
|
|move|p2a: Whimsicott|Energy Ball|p1a: Delta
|-supereffective|p1a: Delta
|-damage|p1a: Delta|0 fnt
|faint|p1a: Delta
|
|join|Exemption
|c| DatGuyChuck|lmao eball
|
|switch|p1a: Omega|Celebi|202\/341
|turn|33
|
|move|p2a: Whimsicott|Energy Ball|p1a: Omega
|-resisted|p1a: Omega
|-damage|p1a: Omega|123\/341
|move|p1a: Omega|Recover|p1a: Omega
|-heal|p1a: Omega|294\/341
|
|-heal|p1a: Omega|315\/341|[from] item: Leftovers
|turn|34
|
|switch|p2a: Crobat|Crobat, F|58\/373
|-damage|p2a: Crobat|0 fnt|[from] Stealth Rock
|faint|p2a: Crobat
|move|p1a: Omega|Swords Dance|p1a: Omega
|-boost|p1a: Omega|atk|2
|
|-heal|p1a: Omega|336\/341|[from] item: Leftovers
|
|switch|p2a: Absol|Absol, F|271\/271
|-damage|p2a: Absol|238\/271|[from] Stealth Rock
|turn|35
|
|detailschange|p2a: Absol|Absol-Mega, F
|-mega|p2a: Absol|Absol|Absolite
|move|p2a: Absol|Sucker Punch|p1a: Omega
|-supereffective|p1a: Omega
|-damage|p1a: Omega|4\/341
|move|p1a: Omega|Seed Bomb|p2a: Absol
|-damage|p2a: Absol|0 fnt
|faint|p2a: Absol
|
|-heal|p1a: Omega|25\/341|[from] item: Leftovers
|c|★feng|nb
|c|★Sacri'|gg
|
|switch|p2a: Whimsicott|Whimsicott, M|230\/262
|-damage|p2a: Whimsicott|198\/262|[from] Stealth Rock
|turn|36
|c|★feng|gg
|
|move|p2a: Whimsicott|Moonblast|p1a: Omega
|-damage|p1a: Omega|0 fnt
|faint|p1a: Omega
|
|
|switch|p1a: Tau|Blissey, F|466\/714
|turn|37
|
|move|p2a: Whimsicott|Moonblast|p1a: Tau
|-damage|p1a: Tau|316\/714
|move|p1a: Tau|Wish|p1a: Tau
|
|-heal|p1a: Tau|360\/714|[from] item: Leftovers
|turn|38
|
|switch|p1a: Rho|Aggron-Mega, F|115\/344
|move|p2a: Whimsicott|Moonblast|p1a: Rho
|-resisted|p1a: Rho
|-damage|p1a: Rho|37\/344
|-unboost|p1a: Rho|spa|1
|
|-heal|p1a: Rho|344\/344|[from] move: Wish|[wisher] Tau
|turn|39
|
|move|p2a: Whimsicott|Moonblast|p1a: Rho
|-resisted|p1a: Rho
|-damage|p1a: Rho|273\/344
|-unboost|p1a: Rho|spa|1
|move|p1a: Rho|Heavy Slam|p2a: Whimsicott
|-supereffective|p2a: Whimsicott
|-damage|p2a: Whimsicott|0 fnt
|faint|p2a: Whimsicott
|
|win|feng
|raw|Ladder updating...
|raw|feng's rating: 1766 &rarr; <strong>1773<\/strong><br \/>(+7 for winning)
|raw|Sacri&apos;'s rating: 1513 &rarr; <strong>1506<\/strong><br \/>(-7 for losing)