|join|Sacri'
|join|aksxjnasj
|player|p1|Sacri'|169
|player|p2|aksxjnasj|266
|gametype|singles
|gen|6
|tier|UU
|rated
|rule|Sleep Clause Mod: Limit one foe put to sleep
|rule|Species Clause: Limit one of each Pokémon
|rule|OHKO Clause: OHKO moves are banned
|rule|Moody Clause: Moody is banned
|rule|Evasion Moves Clause: Evasion moves are banned
|rule|Endless Battle Clause: Forcing endless battles is banned
|rule|HP Percentage Mod: HP is shown in percentages
|clearpoke
|poke|p1|Absol, M
|poke|p1|Raikou
|poke|p1|Nidoqueen, F
|poke|p1|Mienshao, F
|poke|p1|Whimsicott, M
|poke|p1|Crobat, M
|poke|p2|Pidgeot, M
|poke|p2|Zygarde
|poke|p2|Mienshao, M
|poke|p2|Jirachi
|poke|p2|Tentacruel, F
|poke|p2|Granbull, M
|rule|Swagger Clause: Swagger is banned
|rule|Baton Pass Clause: Limit one Pokémon knowing Baton Pass
|teampreview
|join|Metal Sonic
|
|start
|switch|p1a: Raikou|Raikou|322\/322
|switch|p2a: Zygarde|Zygarde|357\/357
|-ability|p1a: Raikou|Pressure
|-ability|p2a: Zygarde|Aura Break
|turn|1
|
|switch|p1a: Whimsicott|Whimsicott, M|262\/262
|switch|p2a: Mienshao|Mienshao, M|271\/271
|
|turn|2
|
|switch|p1a: Crobat|Crobat, M|373\/373
|move|p2a: Mienshao|U-turn|p1a: Crobat
|-resisted|p1a: Crobat
|-damage|p1a: Crobat|348\/373
|join|Skysoki
|
|switch|p2a: Jirachi|Jirachi|404\/404
|
|-heal|p1a: Crobat|371\/373|[from] item: Black Sludge
|turn|3
|
|move|p1a: Crobat|Brave Bird|p2a: Jirachi
|-resisted|p2a: Jirachi
|-damage|p2a: Jirachi|340\/404
|-damage|p1a: Crobat|350\/373|[from] recoil|[of] p2a: Jirachi
|move|p2a: Jirachi|Body Slam|p1a: Crobat
|-damage|p1a: Crobat|270\/373
|
|-heal|p1a: Crobat|293\/373|[from] item: Black Sludge
|-heal|p2a: Jirachi|365\/404|[from] item: Leftovers
|turn|4
|
|move|p1a: Crobat|U-turn|p2a: Jirachi
|-damage|p2a: Jirachi|307\/404
|
|switch|p1a: Nidoqueen|Nidoqueen, F|384\/384
|move|p2a: Jirachi|Body Slam|p1a: Nidoqueen
|-damage|p1a: Nidoqueen|307\/384
|
|-heal|p2a: Jirachi|332\/404|[from] item: Leftovers
|turn|5
|c| Metal Sonic|ffs
|c| Metal Sonic|para something
|
|switch|p2a: Zygarde|Zygarde|357\/357
|-ability|p2a: Zygarde|Aura Break
|move|p1a: Nidoqueen|Stealth Rock|p2a: Zygarde
|-sidestart|p2: aksxjnasj|move: Stealth Rock
|
|turn|6
|
|switch|p1a: Whimsicott|Whimsicott, M|262\/262
|move|p2a: Zygarde|Earthquake|p1a: Whimsicott
|-resisted|p1a: Whimsicott
|-damage|p1a: Whimsicott|175\/262
|
|turn|7
|
|switch|p2a: Tentacruel|Tentacruel, F|361\/361
|-damage|p2a: Tentacruel|316\/361|[from] Stealth Rock
|move|p1a: Whimsicott|U-turn|p2a: Tentacruel
|-resisted|p2a: Tentacruel
|-damage|p2a: Tentacruel|300\/361
|
|switch|p1a: Raikou|Raikou|322\/322
|-ability|p1a: Raikou|Pressure
|
|-heal|p2a: Tentacruel|322\/361|[from] item: Black Sludge
|turn|8
|
|switch|p2a: Jirachi|Jirachi|332\/404
|-damage|p2a: Jirachi|307\/404|[from] Stealth Rock
|move|p1a: Raikou|Volt Switch|p2a: Jirachi
|-damage|p2a: Jirachi|216\/404
|
|switch|p1a: Absol|Absol, M|271\/271
|
|-heal|p2a: Jirachi|241\/404|[from] item: Leftovers
|turn|9
|
|switch|p2a: Granbull|Granbull, M|381\/381
|-damage|p2a: Granbull|334\/381|[from] Stealth Rock
|-ability|p2a: Granbull|Intimidate|[of] p1a: Absol
|-unboost|p1a: Absol|atk|1
|detailschange|p1a: Absol|Absol-Mega, M
|-mega|p1a: Absol|Absol|Absolite
|move|p1a: Absol|Sucker Punch|p2a: Granbull
|-fail|p2a: Granbull
|
|-heal|p2a: Granbull|357\/381|[from] item: Leftovers
|turn|10
|c|★Sacri'|The Absocounter is real
|c|★Sacri'|:<
|c|★aksxjnasj|:>
|c|★Sacri'|But it's a cool mon
|
|switch|p1a: Nidoqueen|Nidoqueen, F|307\/384
|switch|p2a: Zygarde|Zygarde|357\/357
|-damage|p2a: Zygarde|335\/357|[from] Stealth Rock
|-ability|p2a: Zygarde|Aura Break
|
|turn|11
|
|switch|p1a: Whimsicott|Whimsicott, M|175\/262
|move|p2a: Zygarde|Dragon Dance|p2a: Zygarde
|-boost|p2a: Zygarde|atk|1
|-boost|p2a: Zygarde|spe|1
|
|turn|12
|
|move|p2a: Zygarde|Extreme Speed|p1a: Whimsicott
|-damage|p1a: Whimsicott|47\/262
|move|p1a: Whimsicott|Moonblast|p2a: Zygarde
|-supereffective|p2a: Zygarde
|-damage|p2a: Zygarde|0 fnt
|faint|p2a: Zygarde
|
|
|switch|p2a: Tentacruel|Tentacruel, F|322\/361
|-damage|p2a: Tentacruel|277\/361|[from] Stealth Rock
|turn|13
|
|switch|p1a: Raikou|Raikou|322\/322
|-ability|p1a: Raikou|Pressure
|move|p2a: Tentacruel|Rapid Spin|p1a: Raikou
|-damage|p1a: Raikou|309\/322
|-sideend|p2: aksxjnasj|Stealth Rock|[from] move: Rapid Spin|[of] p2a: Tentacruel
|
|-heal|p2a: Tentacruel|299\/361|[from] item: Black Sludge
|turn|14
|
|move|p1a: Raikou|Thunderbolt|p2a: Tentacruel
|-crit|p2a: Tentacruel
|-supereffective|p2a: Tentacruel
|-damage|p2a: Tentacruel|0 fnt
|faint|p2a: Tentacruel
|
|
|switch|p2a: Mienshao|Mienshao, M|271\/271
|turn|15
|
|switch|p1a: Crobat|Crobat, M|293\/373
|move|p2a: Mienshao|U-turn|p1a: Crobat
|-resisted|p1a: Crobat
|-damage|p1a: Crobat|270\/373
|
|switch|p2a: Jirachi|Jirachi|241\/404
|
|-heal|p1a: Crobat|293\/373|[from] item: Black Sludge
|-heal|p2a: Jirachi|266\/404|[from] item: Leftovers
|turn|16
|
|move|p1a: Crobat|U-turn|p2a: Jirachi
|-damage|p2a: Jirachi|215\/404
|
|switch|p1a: Raikou|Raikou|309\/322
|-ability|p1a: Raikou|Pressure
|move|p2a: Jirachi|Stealth Rock|p1a: Raikou
|-sidestart|p1: Sacri'|move: Stealth Rock
|
|-heal|p2a: Jirachi|240\/404|[from] item: Leftovers
|turn|17
|
|move|p1a: Raikou|Thunderbolt|p2a: Jirachi
|-damage|p2a: Jirachi|132\/404
|move|p2a: Jirachi|Wish|p2a: Jirachi
|
|-heal|p2a: Jirachi|157\/404|[from] item: Leftovers
|turn|18
|
|switch|p1a: Absol|Absol-Mega, M|271\/271
|-damage|p1a: Absol|238\/271|[from] Stealth Rock
|move|p2a: Jirachi|Body Slam|p1a: Absol
|-damage|p1a: Absol|142\/271
|-status|p1a: Absol|par
|
|-heal|p2a: Jirachi|359\/404|[from] move: Wish|[wisher] Jirachi
|-heal|p2a: Jirachi|384\/404|[from] item: Leftovers
|turn|19
|
|switch|p2a: Granbull|Granbull, M|357\/381
|-ability|p2a: Granbull|Intimidate|[of] p1a: Absol
|-unboost|p1a: Absol|atk|1
|cant|p1a: Absol|par
|
|-heal|p2a: Granbull|380\/381|[from] item: Leftovers
|turn|20
|
|switch|p1a: Crobat|Crobat, M|293\/373
|-damage|p1a: Crobat|200\/373|[from] Stealth Rock
|move|p2a: Granbull|Roar|p1a: Crobat
|drag|p1a: Nidoqueen|Nidoqueen, F|307\/384
|-damage|p1a: Nidoqueen|283\/384|[from] Stealth Rock
|
|-heal|p2a: Granbull|381\/381|[from] item: Leftovers
|turn|21
|
|switch|p2a: Jirachi|Jirachi|384\/404
|move|p1a: Nidoqueen|Earth Power|p2a: Jirachi
|-supereffective|p2a: Jirachi
|-damage|p2a: Jirachi|77\/404
|
|-heal|p2a: Jirachi|102\/404|[from] item: Leftovers
|turn|22
|
|move|p2a: Jirachi|Body Slam|p1a: Nidoqueen
|-damage|p1a: Nidoqueen|209\/384
|-status|p1a: Nidoqueen|par
|move|p1a: Nidoqueen|Earth Power|p2a: Jirachi
|-supereffective|p2a: Jirachi
|-damage|p2a: Jirachi|0 fnt
|faint|p2a: Jirachi
|
|
|switch|p2a: Pidgeot|Pidgeot, M|307\/307
|turn|23
|
|switch|p1a: Whimsicott|Whimsicott, M|47\/262
|-damage|p1a: Whimsicott|15\/262|[from] Stealth Rock
|detailschange|p2a: Pidgeot|Pidgeot-Mega, M
|-mega|p2a: Pidgeot|Pidgeot|Pidgeotite
|move|p2a: Pidgeot|Hurricane|p1a: Whimsicott
|-supereffective|p1a: Whimsicott
|-damage|p1a: Whimsicott|0 fnt
|faint|p1a: Whimsicott
|
|
|switch|p1a: Raikou|Raikou|309\/322
|-damage|p1a: Raikou|269\/322|[from] Stealth Rock
|-ability|p1a: Raikou|Pressure
|turn|24
|
|switch|p2a: Mienshao|Mienshao, M|271\/271
|move|p1a: Raikou|Thunderbolt|p2a: Mienshao
|-damage|p2a: Mienshao|43\/271
|
|turn|25
|
|switch|p1a: Crobat|Crobat, M|200\/373
|-damage|p1a: Crobat|107\/373|[from] Stealth Rock
|move|p2a: Mienshao|High Jump Kick|p1a: Crobat
|-resisted|p1a: Crobat
|-damage|p1a: Crobat|33\/373
|
|-heal|p1a: Crobat|56\/373|[from] item: Black Sludge
|turn|26
|
|move|p2a: Mienshao|High Jump Kick|p1a: Crobat
|-resisted|p1a: Crobat
|-damage|p1a: Crobat|0 fnt
|faint|p1a: Crobat
|
|
|switch|p1a: Nidoqueen|Nidoqueen, F|209\/384 par
|-damage|p1a: Nidoqueen|185\/384 par|[from] Stealth Rock
|turn|27
|
|switch|p2a: Pidgeot|Pidgeot-Mega, M|307\/307
|move|p1a: Nidoqueen|Sludge Wave|p2a: Pidgeot
|-crit|p2a: Pidgeot
|-damage|p2a: Pidgeot|0 fnt
|faint|p2a: Pidgeot
|
|
|switch|p2a: Mienshao|Mienshao, M|43\/271
|turn|28
|c|★aksxjnasj|that was unfortunate
|
|switch|p1a: Mienshao|Mienshao, F|271\/271
|-damage|p1a: Mienshao|255\/271|[from] Stealth Rock
|move|p2a: Mienshao|High Jump Kick|p1a: Mienshao
|-damage|p1a: Mienshao|0 fnt
|faint|p1a: Mienshao
|
|
|switch|p1a: Nidoqueen|Nidoqueen, F|185\/384 par
|-damage|p1a: Nidoqueen|161\/384 par|[from] Stealth Rock
|turn|29
|c| Metal Sonic|why?
|c| Metal Sonic|did u give urself
|c| Metal Sonic|stealh rock damage
|
|move|p2a: Mienshao|High Jump Kick|p1a: Nidoqueen
|-resisted|p1a: Nidoqueen
|-damage|p1a: Nidoqueen|11\/384 par
|cant|p1a: Nidoqueen|par
|
|turn|30
|c| Metal Sonic|i see
|
|move|p2a: Mienshao|High Jump Kick|p1a: Nidoqueen
|-resisted|p1a: Nidoqueen
|-damage|p1a: Nidoqueen|0 fnt
|faint|p1a: Nidoqueen
|
|c|★Sacri'|wellllllll
|
|switch|p1a: Absol|Absol-Mega, M|142\/271 par
|-damage|p1a: Absol|109\/271 par|[from] Stealth Rock
|turn|31
|
|switch|p2a: Granbull|Granbull, M|381\/381
|-ability|p2a: Granbull|Intimidate|[of] p1a: Absol
|-unboost|p1a: Absol|atk|1
|move|p1a: Absol|Knock Off|p2a: Granbull
|-resisted|p2a: Granbull
|-damage|p2a: Granbull|327\/381
|-enditem|p2a: Granbull|Leftovers|[from] move: Knock Off|[of] p1a: Absol
|
|turn|32
|
|switch|p1a: Raikou|Raikou|269\/322
|-damage|p1a: Raikou|229\/322|[from] Stealth Rock
|-ability|p1a: Raikou|Pressure
|move|p2a: Granbull|Play Rough|p1a: Raikou
|-damage|p1a: Raikou|69\/322
|-unboost|p1a: Raikou|atk|1
|
|turn|33
|
|move|p1a: Raikou|Thunderbolt|p2a: Granbull
|-damage|p2a: Granbull|114\/381
|move|p2a: Granbull|Play Rough|p1a: Raikou|[miss]
|-miss|p2a: Granbull|p1a: Raikou
|
|turn|34
|c| Metal Sonic|well.
|
|move|p1a: Raikou|Thunderbolt|p2a: Granbull
|-damage|p2a: Granbull|0 fnt
|faint|p2a: Granbull
|
|
|switch|p2a: Mienshao|Mienshao, M|43\/271
|turn|35
|leave|Skysoki
|
|move|p2a: Mienshao|U-turn|p1a: Raikou
|-damage|p1a: Raikou|0 fnt
|faint|p1a: Raikou
|
|
|switch|p1a: Absol|Absol-Mega, M|109\/271 par
|-damage|p1a: Absol|76\/271 par|[from] Stealth Rock
|turn|36
|c|★aksxjnasj|now will you para
|c|★Sacri'|no
|
|cant|p1a: Absol|par
|move|p2a: Mienshao|U-turn|p1a: Absol
|-supereffective|p1a: Absol
|-damage|p1a: Absol|0 fnt
|faint|p1a: Absol
|
|win|aksxjnasj
|raw|Ladder updating...
|raw|Sacri&apos;'s rating: 1549 &rarr; <strong>1518<\/strong><br \/>(-31 for losing)
|raw|aksxjnasj's rating: 1354 &rarr; <strong>1384<\/strong><br \/>(+30 for winning)
|c| Metal Sonic|yes
|c| Metal Sonic|apparently
|c|★Sacri'|fuck
|c|★Sacri'|it