|join|Sacri'
|join|lumaalre
|player|p1|Sacri'|266
|player|p2|lumaalre|170
|gametype|singles
|gen|6
|tier|UU
|rated
|rule|Sleep Clause Mod: Limit one foe put to sleep
|rule|Species Clause: Limit one of each Pokémon
|rule|OHKO Clause: OHKO moves are banned
|rule|Moody Clause: Moody is banned
|rule|Evasion Moves Clause: Evasion moves are banned
|rule|Endless Battle Clause: Forcing endless battles is banned
|rule|HP Percentage Mod: HP is shown in percentages
|clearpoke
|poke|p1|Absol, M
|poke|p1|Raikou
|poke|p1|Nidoqueen, F
|poke|p1|Mienshao, M
|poke|p1|Whimsicott, M
|poke|p1|Crobat, M
|poke|p2|Absol, M
|poke|p2|Mienshao, F
|poke|p2|Infernape, F
|poke|p2|Alomomola, F
|poke|p2|Blissey, F
|poke|p2|Crobat, F
|rule|Swagger Clause: Swagger is banned
|rule|Baton Pass Clause: Limit one Pokémon knowing Baton Pass
|teampreview
|c|★lumaalre|lol
|c|★lumaalre|mienshao absol crobat
|
|start
|switch|p1a: Raikou|Raikou|322\/322
|switch|p2a: Infernape|Infernape, F|293\/293
|-ability|p1a: Raikou|Pressure
|turn|1
|
|switch|p2a: Blissey|Blissey, F|652\/652
|move|p1a: Raikou|Volt Switch|p2a: Blissey
|-damage|p2a: Blissey|583\/652
|
|switch|p1a: Mienshao|Mienshao, M|271\/271
|
|-heal|p2a: Blissey|623\/652|[from] item: Leftovers
|turn|2
|
|move|p2a: Blissey|Protect|p2a: Blissey
|-singleturn|p2a: Blissey|Protect
|move|p1a: Mienshao|Drain Punch|p2a: Blissey
|-activate|p2a: Blissey|Protect
|
|-heal|p2a: Blissey|652\/652|[from] item: Leftovers
|turn|3
|
|switch|p1a: Raikou|Raikou|322\/322
|-ability|p1a: Raikou|Pressure
|switch|p2a: Alomomola|Alomomola, F|534\/534
|
|turn|4
|
|move|p2a: Alomomola|Protect|p2a: Alomomola
|-singleturn|p2a: Alomomola|Protect
|move|p1a: Raikou|Volt Switch|p2a: Alomomola
|-activate|p2a: Alomomola|Protect
|
|turn|5
|
|switch|p2a: Blissey|Blissey, F|652\/652
|move|p1a: Raikou|Volt Switch|p2a: Blissey
|-damage|p2a: Blissey|582\/652
|
|switch|p1a: Mienshao|Mienshao, M|271\/271
|
|-heal|p2a: Blissey|622\/652|[from] item: Leftovers
|turn|6
|
|switch|p2a: Alomomola|Alomomola, F|534\/534
|move|p1a: Mienshao|U-turn|p2a: Alomomola
|-damage|p2a: Alomomola|460\/534
|
|switch|p1a: Raikou|Raikou|322\/322
|-ability|p1a: Raikou|Pressure
|
|-heal|p2a: Alomomola|493\/534|[from] item: Leftovers
|turn|7
|
|move|p2a: Alomomola|Protect|p2a: Alomomola
|-singleturn|p2a: Alomomola|Protect
|move|p1a: Raikou|Volt Switch|p2a: Alomomola
|-activate|p2a: Alomomola|Protect
|
|-heal|p2a: Alomomola|526\/534|[from] item: Leftovers
|turn|8
|
|switch|p2a: Blissey|Blissey, F|622\/652
|move|p1a: Raikou|Volt Switch|p2a: Blissey
|-damage|p2a: Blissey|547\/652
|
|switch|p1a: Mienshao|Mienshao, M|271\/271
|
|-heal|p2a: Blissey|587\/652|[from] item: Leftovers
|turn|9
|
|move|p2a: Blissey|Protect|p2a: Blissey
|-singleturn|p2a: Blissey|Protect
|move|p1a: Mienshao|Drain Punch|p2a: Blissey
|-activate|p2a: Blissey|Protect
|
|-heal|p2a: Blissey|627\/652|[from] item: Leftovers
|turn|10
|
|move|p1a: Mienshao|Drain Punch|p2a: Blissey
|-supereffective|p2a: Blissey
|-damage|p2a: Blissey|133\/652
|move|p2a: Blissey|Seismic Toss|p1a: Mienshao
|-damage|p1a: Mienshao|171\/271
|
|-heal|p2a: Blissey|173\/652|[from] item: Leftovers
|turn|11
|
|switch|p1a: Raikou|Raikou|322\/322
|-ability|p1a: Raikou|Pressure
|switch|p2a: Crobat|Crobat, F|374\/374
|
|turn|12
|
|move|p2a: Crobat|Roost|p2a: Crobat
|-fail|p2a: Crobat
|move|p1a: Raikou|Volt Switch|p2a: Crobat
|-supereffective|p2a: Crobat
|-damage|p2a: Crobat|114\/374
|
|switch|p1a: Mienshao|Mienshao, M|171\/271
|
|-heal|p2a: Crobat|137\/374|[from] item: Black Sludge
|turn|13
|
|move|p1a: Mienshao|Knock Off|p2a: Crobat
|-damage|p2a: Crobat|10\/374
|-enditem|p2a: Crobat|Black Sludge|[from] move: Knock Off|[of] p1a: Mienshao
|move|p2a: Crobat|Roost|p2a: Crobat
|-heal|p2a: Crobat|197\/374
|
|turn|14
|
|switch|p1a: Raikou|Raikou|322\/322
|-ability|p1a: Raikou|Pressure
|move|p2a: Crobat|Cross Poison|p1a: Raikou
|-damage|p1a: Raikou|226\/322
|
|turn|15
|
|move|p2a: Crobat|Roost|p2a: Crobat
|-heal|p2a: Crobat|374\/374
|move|p1a: Raikou|Volt Switch|p2a: Crobat
|-damage|p2a: Crobat|232\/374
|
|switch|p1a: Nidoqueen|Nidoqueen, F|384\/384
|
|turn|16
|
|switch|p2a: Alomomola|Alomomola, F|534\/534
|move|p1a: Nidoqueen|Ice Beam|p2a: Alomomola
|-resisted|p2a: Alomomola
|-damage|p2a: Alomomola|413\/534
|
|-heal|p2a: Alomomola|446\/534|[from] item: Leftovers
|turn|17
|
|move|p1a: Nidoqueen|Sludge Wave|p2a: Alomomola
|-damage|p2a: Alomomola|13\/534
|move|p2a: Alomomola|Toxic|p1a: Nidoqueen|[miss]
|-miss|p2a: Alomomola|p1a: Nidoqueen
|
|-heal|p2a: Alomomola|46\/534|[from] item: Leftovers
|turn|18
|
|move|p2a: Alomomola|Protect|p2a: Alomomola
|-singleturn|p2a: Alomomola|Protect
|move|p1a: Nidoqueen|Stealth Rock|p2a: Alomomola
|-sidestart|p2: lumaalre|move: Stealth Rock
|
|-heal|p2a: Alomomola|79\/534|[from] item: Leftovers
|turn|19
|
|move|p1a: Nidoqueen|Sludge Wave|p2a: Alomomola
|-damage|p2a: Alomomola|0 fnt
|faint|p2a: Alomomola
|
|
|switch|p2a: Blissey|Blissey, F|173\/652
|-damage|p2a: Blissey|92\/652|[from] Stealth Rock
|turn|20
|
|move|p2a: Blissey|Protect|p2a: Blissey
|-singleturn|p2a: Blissey|Protect
|move|p1a: Nidoqueen|Sludge Wave|p2a: Blissey
|-activate|p2a: Blissey|Protect
|
|-heal|p2a: Blissey|132\/652|[from] item: Leftovers
|turn|21
|
|move|p1a: Nidoqueen|Sludge Wave|p2a: Blissey
|-damage|p2a: Blissey|0 fnt
|faint|p2a: Blissey
|
|join|Shaarka
|
|switch|p2a: Mienshao|Mienshao, F|272\/272
|-damage|p2a: Mienshao|255\/272|[from] Stealth Rock
|turn|22
|
|move|p2a: Mienshao|Fake Out|p1a: Nidoqueen
|-damage|p1a: Nidoqueen|314\/384
|-damage|p2a: Mienshao|228\/272|[from] item: Life Orb
|cant|p1a: Nidoqueen|flinch
|
|turn|23
|
|move|p2a: Mienshao|U-turn|p1a: Nidoqueen
|-resisted|p1a: Nidoqueen
|-damage|p1a: Nidoqueen|250\/384
|-damage|p2a: Mienshao|201\/272|[from] item: Life Orb
|
|switch|p2a: Crobat|Crobat, F|232\/374
|-damage|p2a: Crobat|139\/374|[from] Stealth Rock
|move|p1a: Nidoqueen|Sludge Wave|p2a: Crobat
|-resisted|p2a: Crobat
|-damage|p2a: Crobat|0 fnt
|faint|p2a: Crobat
|
|
|switch|p2a: Infernape|Infernape, F|293\/293
|-damage|p2a: Infernape|257\/293|[from] Stealth Rock
|turn|24
|
|move|p2a: Infernape|Flare Blitz|p1a: Nidoqueen
|-damage|p1a: Nidoqueen|57\/384
|-damage|p2a: Infernape|193\/293|[from] recoil|[of] p1a: Nidoqueen
|move|p1a: Nidoqueen|Earth Power|p2a: Infernape
|-supereffective|p2a: Infernape
|-damage|p2a: Infernape|0 fnt
|faint|p2a: Infernape
|
|
|switch|p2a: Mienshao|Mienshao, F|272\/272
|-damage|p2a: Mienshao|255\/272|[from] Stealth Rock
|turn|25
|
|switch|p1a: Crobat|Crobat, M|373\/373
|move|p2a: Mienshao|Fake Out|p1a: Crobat
|-crit|p1a: Crobat
|-damage|p1a: Crobat|268\/373
|-damage|p2a: Mienshao|228\/272|[from] item: Life Orb
|
|-heal|p1a: Crobat|291\/373|[from] item: Black Sludge
|turn|26
|
|move|p1a: Crobat|Brave Bird|p2a: Mienshao
|-supereffective|p2a: Mienshao
|-damage|p2a: Mienshao|0 fnt
|-damage|p1a: Crobat|216\/373|[from] recoil|[of] p2a: Mienshao
|faint|p2a: Mienshao
|
|-heal|p1a: Crobat|239\/373|[from] item: Black Sludge
|
|switch|p2a: Absol|Absol, M|272\/272
|-damage|p2a: Absol|238\/272|[from] Stealth Rock
|-ability|p2a: Absol|Pressure
|turn|27
|leave|Shaarka
|
|detailschange|p2a: Absol|Absol-Mega, M
|-mega|p2a: Absol|Absol|Absolite
|move|p1a: Crobat|Brave Bird|p2a: Absol
|-damage|p2a: Absol|19\/272
|-damage|p1a: Crobat|167\/373|[from] recoil|[of] p2a: Absol
|move|p2a: Absol|Swords Dance|p2a: Absol
|-boost|p2a: Absol|atk|2
|
|-heal|p1a: Crobat|190\/373|[from] item: Black Sludge
|turn|28
|join|0 Sky Dragon
|
|move|p2a: Absol|Sucker Punch|p1a: Crobat
|-damage|p1a: Crobat|0 fnt
|faint|p1a: Crobat
|
|
|switch|p1a: Mienshao|Mienshao, M|171\/271
|turn|29
|
|move|p2a: Absol|Sucker Punch|p1a: Mienshao
|-resisted|p1a: Mienshao
|-damage|p1a: Mienshao|0 fnt
|faint|p1a: Mienshao
|
|
|switch|p1a: Whimsicott|Whimsicott, M|262\/262
|turn|30
|c|★Sacri'|gg
|c|★lumaalre|gg
|
|move|p1a: Whimsicott|U-turn|p2a: Absol
|-supereffective|p2a: Absol
|-damage|p2a: Absol|0 fnt
|faint|p2a: Absol
|
|win|Sacri'
|raw|Ladder updating...
|raw|Sacri&apos;'s rating: 1496 &rarr; <strong>1502<\/strong><br \/>(+6 for winning)
|raw|lumaalre's rating: 1209 &rarr; <strong>1201<\/strong><br \/>(-8 for losing)
|leave|Sacri'
|player|p1
|leave|lumaalre
|player|p2
|join|Sacri'