|join|Sacri'
|join|venomlord69
|player|p1|Sacri'|101
|player|p2|venomlord69|97
|gametype|singles
|gen|6
|tier|UU
|rated
|rule|Sleep Clause Mod: Limit one foe put to sleep
|rule|Species Clause: Limit one of each Pokémon
|rule|OHKO Clause: OHKO moves are banned
|rule|Moody Clause: Moody is banned
|rule|Evasion Moves Clause: Evasion moves are banned
|rule|Endless Battle Clause: Forcing endless battles is banned
|rule|HP Percentage Mod: HP is shown in percentages
|clearpoke
|poke|p1|Absol, F
|poke|p1|Raikou
|poke|p1|Nidoqueen, F
|poke|p1|Mienshao, F
|poke|p1|Whimsicott, M
|poke|p1|Crobat, F
|poke|p2|Mienshao, F
|poke|p2|Slowking, M
|poke|p2|Amoonguss, F
|poke|p2|Machamp, F
|poke|p2|Arcanine, F
|poke|p2|Crobat, M
|rule|Swagger Clause: Swagger is banned
|rule|Baton Pass Clause: Limit one Pokémon knowing Baton Pass
|teampreview
|
|start
|switch|p1a: Raikou|Raikou|322\/322
|switch|p2a: Machamp|Machamp, F|384\/384
|-ability|p1a: Raikou|Pressure
|turn|1
|
|move|p1a: Raikou|Extrasensory|p2a: Machamp
|-crit|p2a: Machamp
|-supereffective|p2a: Machamp
|-damage|p2a: Machamp|94\/384
|move|p2a: Machamp|Dynamic Punch|p1a: Raikou
|-damage|p1a: Raikou|109\/322
|-start|p1a: Raikou|confusion
|
|-heal|p2a: Machamp|118\/384|[from] item: Leftovers
|turn|2
|
|-activate|p1a: Raikou|confusion
|move|p1a: Raikou|Volt Switch|p2a: Machamp
|-damage|p2a: Machamp|0 fnt
|faint|p2a: Machamp
|
|switch|p1a: Crobat|Crobat, F|373\/373
|
|c|★venomlord69|blah that crit hurt so much
|
|switch|p2a: Arcanine|Arcanine, F|384\/384
|-ability|p2a: Arcanine|Intimidate|[of] p1a: Crobat
|-unboost|p1a: Crobat|atk|1
|turn|3
|
|move|p1a: Crobat|U-turn|p2a: Arcanine
|-resisted|p2a: Arcanine
|-damage|p2a: Arcanine|369\/384
|
|switch|p1a: Nidoqueen|Nidoqueen, F|384\/384
|move|p2a: Arcanine|Will-O-Wisp|p1a: Nidoqueen
|-status|p1a: Nidoqueen|brn
|
|-heal|p2a: Arcanine|384\/384|[from] item: Leftovers
|-damage|p1a: Nidoqueen|336\/384 brn|[from] brn
|turn|4
|
|switch|p2a: Crobat|Crobat, M|374\/374
|move|p1a: Nidoqueen|Stealth Rock|p2a: Crobat
|-sidestart|p2: venomlord69|move: Stealth Rock
|
|-damage|p1a: Nidoqueen|288\/384 brn|[from] brn
|turn|5
|
|switch|p1a: Raikou|Raikou|109\/322
|-ability|p1a: Raikou|Pressure
|move|p2a: Crobat|Defog|p1a: Raikou
|-unboost|p1a: Raikou|evasion|1
|-sideend|p2: venomlord69|Stealth Rock|[from] move: Defog|[of] p2a: Crobat
|
|turn|6
|
|switch|p2a: Amoonguss|Amoonguss, F|432\/432
|move|p1a: Raikou|Volt Switch|p2a: Amoonguss
|-crit|p2a: Amoonguss
|-resisted|p2a: Amoonguss
|-damage|p2a: Amoonguss|335\/432
|
|switch|p1a: Crobat|Crobat, F|373\/373
|
|-heal|p2a: Amoonguss|362\/432|[from] item: Black Sludge
|turn|7
|
|switch|p2a: Arcanine|Arcanine, F|384\/384
|-ability|p2a: Arcanine|Intimidate|[of] p1a: Crobat
|-unboost|p1a: Crobat|atk|1
|move|p1a: Crobat|U-turn|p2a: Arcanine
|-resisted|p2a: Arcanine
|-damage|p2a: Arcanine|369\/384
|
|switch|p1a: Nidoqueen|Nidoqueen, F|288\/384 brn
|
|-heal|p2a: Arcanine|384\/384|[from] item: Leftovers
|-damage|p1a: Nidoqueen|240\/384 brn|[from] brn
|turn|8
|
|switch|p2a: Crobat|Crobat, M|374\/374
|move|p1a: Nidoqueen|Earth Power|p2a: Crobat
|-immune|p2a: Crobat|[msg]
|
|-damage|p1a: Nidoqueen|192\/384 brn|[from] brn
|turn|9
|
|move|p2a: Crobat|Cross Poison|p1a: Nidoqueen
|-resisted|p1a: Nidoqueen
|-damage|p1a: Nidoqueen|169\/384 brn
|move|p1a: Nidoqueen|Ice Beam|p2a: Crobat
|-supereffective|p2a: Crobat
|-damage|p2a: Crobat|59\/374
|
|-heal|p2a: Crobat|82\/374|[from] item: Black Sludge
|-damage|p1a: Nidoqueen|121\/384 brn|[from] brn
|turn|10
|
|move|p2a: Crobat|Roost|p2a: Crobat
|-heal|p2a: Crobat|269\/374
|move|p1a: Nidoqueen|Earth Power|p2a: Crobat
|-supereffective|p2a: Crobat
|-damage|p2a: Crobat|0 fnt
|faint|p2a: Crobat
|
|-damage|p1a: Nidoqueen|73\/384 brn|[from] brn
|c|★venomlord69|nice
|
|switch|p2a: Mienshao|Mienshao, F|271\/271
|turn|11
|
|move|p2a: Mienshao|High Jump Kick|p1a: Nidoqueen
|-resisted|p1a: Nidoqueen
|-damage|p1a: Nidoqueen|0 fnt
|faint|p1a: Nidoqueen
|
|
|switch|p1a: Crobat|Crobat, F|373\/373
|turn|12
|
|move|p1a: Crobat|U-turn|p2a: Mienshao
|-resisted|p2a: Mienshao
|-damage|p2a: Mienshao|232\/271
|
|switch|p1a: Raikou|Raikou|109\/322
|-ability|p1a: Raikou|Pressure
|move|p2a: Mienshao|High Jump Kick|p1a: Raikou
|-damage|p1a: Raikou|0 fnt
|faint|p1a: Raikou
|
|
|switch|p1a: Crobat|Crobat, F|373\/373
|turn|13
|
|switch|p2a: Arcanine|Arcanine, F|384\/384
|-ability|p2a: Arcanine|Intimidate|[of] p1a: Crobat
|-unboost|p1a: Crobat|atk|1
|move|p1a: Crobat|U-turn|p2a: Arcanine
|-resisted|p2a: Arcanine
|-damage|p2a: Arcanine|368\/384
|
|switch|p1a: Whimsicott|Whimsicott, M|262\/262
|
|-heal|p2a: Arcanine|384\/384|[from] item: Leftovers
|turn|14
|
|move|p1a: Whimsicott|Switcheroo|p2a: Arcanine
|-activate|p1a: Whimsicott|move: Trick|[of] p2a: Arcanine
|-item|p2a: Arcanine|Choice Specs|[from] Trick
|-item|p1a: Whimsicott|Leftovers|[from] Trick
|move|p2a: Arcanine|Overheat|p1a: Whimsicott
|-supereffective|p1a: Whimsicott
|-damage|p1a: Whimsicott|0 fnt
|-unboost|p2a: Arcanine|spa|2
|faint|p1a: Whimsicott
|
|c|★venomlord69|ty xD
|c|★Sacri'|._.
|c|★Sacri'|Strange set
|c|★Sacri'|Oo
|c|★venomlord69|yeah
|
|switch|p1a: Crobat|Crobat, F|373\/373
|turn|15
|c|★venomlord69|everyone is like
|c|★venomlord69|why the hell do u run that
|
|switch|p2a: Slowking|Slowking, M|394\/394
|move|p1a: Crobat|U-turn|p2a: Slowking
|-supereffective|p2a: Slowking
|-damage|p2a: Slowking|256\/394
|
|switch|p1a: Absol|Absol, F|271\/271
|
|-heal|p2a: Slowking|280\/394|[from] item: Leftovers
|turn|16
|
|switch|p2a: Mienshao|Mienshao, F|232\/271
|detailschange|p1a: Absol|Absol-Mega, F
|-mega|p1a: Absol|Absol|Absolite
|move|p1a: Absol|Knock Off|p2a: Mienshao
|-resisted|p2a: Mienshao
|-damage|p2a: Mienshao|82\/271
|-enditem|p2a: Mienshao|Choice Band|[from] move: Knock Off|[of] p1a: Absol
|
|turn|17
|
|move|p2a: Mienshao|Fake Out|p1a: Absol
|-damage|p1a: Absol|193\/271
|cant|p1a: Absol|flinch
|
|turn|18
|
|switch|p2a: Slowking|Slowking, M|394\/394
|move|p1a: Absol|Knock Off|p2a: Slowking
|-supereffective|p2a: Slowking
|-damage|p2a: Slowking|0 fnt
|-enditem|p2a: Slowking|Leftovers|[from] move: Knock Off|[of] p1a: Absol
|faint|p2a: Slowking
|
|c|★venomlord69|owww
|
|switch|p2a: Mienshao|Mienshao, F|82\/271
|turn|19
|
|switch|p1a: Crobat|Crobat, F|373\/373
|move|p2a: Mienshao|High Jump Kick|p1a: Crobat
|-resisted|p1a: Crobat
|-damage|p1a: Crobat|282\/373
|
|-heal|p1a: Crobat|305\/373|[from] item: Black Sludge
|turn|20
|
|switch|p2a: Arcanine|Arcanine, F|384\/384
|-ability|p2a: Arcanine|Intimidate|[of] p1a: Crobat
|-unboost|p1a: Crobat|atk|1
|move|p1a: Crobat|U-turn|p2a: Arcanine
|-resisted|p2a: Arcanine
|-damage|p2a: Arcanine|369\/384
|
|switch|p1a: Absol|Absol-Mega, F|193\/271
|
|turn|21
|
|move|p1a: Absol|Knock Off|p2a: Arcanine
|-damage|p2a: Arcanine|210\/384
|-enditem|p2a: Arcanine|Choice Specs|[from] move: Knock Off|[of] p1a: Absol
|move|p2a: Arcanine|Overheat|p1a: Absol
|-damage|p1a: Absol|0 fnt
|-unboost|p2a: Arcanine|spa|2
|faint|p1a: Absol
|
|
|switch|p1a: Crobat|Crobat, F|305\/373
|turn|22
|
|switch|p2a: Mienshao|Mienshao, F|82\/271
|move|p1a: Crobat|Brave Bird|p2a: Mienshao
|-supereffective|p2a: Mienshao
|-damage|p2a: Mienshao|0 fnt
|-damage|p1a: Crobat|278\/373|[from] recoil|[of] p2a: Mienshao
|faint|p2a: Mienshao
|
|-heal|p1a: Crobat|301\/373|[from] item: Black Sludge
|
|switch|p2a: Arcanine|Arcanine, F|210\/384
|-ability|p2a: Arcanine|Intimidate|[of] p1a: Crobat
|-unboost|p1a: Crobat|atk|1
|turn|23
|
|move|p1a: Crobat|U-turn|p2a: Arcanine
|-resisted|p2a: Arcanine
|-damage|p2a: Arcanine|195\/384
|
|switch|p1a: Mienshao|Mienshao, F|271\/271
|move|p2a: Arcanine|Will-O-Wisp|p1a: Mienshao
|-status|p1a: Mienshao|brn
|
|-damage|p1a: Mienshao|238\/271 brn|[from] brn
|turn|24
|
|move|p1a: Mienshao|High Jump Kick|p2a: Arcanine
|-damage|p2a: Arcanine|87\/384
|move|p2a: Arcanine|Morning Sun|p2a: Arcanine
|-heal|p2a: Arcanine|279\/384
|
|-damage|p1a: Mienshao|205\/271 brn|[from] brn
|turn|25
|c|★Sacri'|welp
|c|★Sacri'|gg
|c|★venomlord69|gg
|-message|Sacri' forfeited.
|
|win|venomlord69
|raw|Ladder updating...
|raw|Sacri&apos;'s rating: 1508 &rarr; <strong>1485<\/strong><br \/>(-23 for losing)
|raw|venomlord69's rating: 1466 &rarr; <strong>1489<\/strong><br \/>(+23 for winning)
|leave|Sacri'
|player|p1