|join|Sacri'
|join|tolstoy
|player|p1|Sacri'|101
|player|p2|tolstoy|184
|gametype|singles
|gen|6
|tier|UU
|rated
|rule|Sleep Clause Mod: Limit one foe put to sleep
|rule|Species Clause: Limit one of each Pokémon
|rule|OHKO Clause: OHKO moves are banned
|rule|Moody Clause: Moody is banned
|rule|Evasion Moves Clause: Evasion moves are banned
|rule|Endless Battle Clause: Forcing endless battles is banned
|rule|HP Percentage Mod: HP is shown in percentages
|clearpoke
|poke|p1|Absol, F
|poke|p1|Nidoqueen, F
|poke|p1|Rotom-Heat
|poke|p1|Mienshao, F
|poke|p1|Starmie
|poke|p1|Whimsicott, F
|poke|p2|Serperior, F
|poke|p2|Emboar, M
|poke|p2|Vaporeon, M
|poke|p2|Jirachi
|poke|p2|Aerodactyl, F
|poke|p2|Nidoqueen, F
|rule|Swagger Clause: Swagger is banned
|rule|Baton Pass Clause: Limit one Pokémon knowing Baton Pass
|teampreview
|join|watfor
|
|start
|switch|p1a: Starmie|Starmie|261\/261
|switch|p2a: Nidoqueen|Nidoqueen, F|357\/357
|turn|1
|
|switch|p2a: Vaporeon|Vaporeon, M|464\/464
|move|p1a: Starmie|Psyshock|p2a: Vaporeon
|-damage|p2a: Vaporeon|300\/464
|-damage|p1a: Starmie|235\/261|[from] item: Life Orb
|
|-heal|p2a: Vaporeon|329\/464|[from] item: Leftovers
|turn|2
|
|switch|p1a: Whimsicott|Whimsicott, F|261\/261
|switch|p2a: Jirachi|Jirachi|341\/341
|
|turn|3
|
|switch|p1a: Rotom-Heat|Rotom-Heat|241\/241
|move|p2a: Jirachi|U-turn|p1a: Rotom-Heat
|-resisted|p1a: Rotom-Heat
|-damage|p1a: Rotom-Heat|205\/241
|
|switch|p2a: Nidoqueen|Nidoqueen, F|357\/357
|
|turn|4
|
|switch|p2a: Aerodactyl|Aerodactyl, F|301\/301
|-ability|p2a: Aerodactyl|Pressure
|move|p1a: Rotom-Heat|Overheat|p2a: Aerodactyl|[miss]
|-miss|p1a: Rotom-Heat|p2a: Aerodactyl
|
|turn|5
|join|UA)SkillGame
|c|★Sacri'|arf
|
|switch|p1a: Mienshao|Mienshao, F|271\/271
|detailschange|p2a: Aerodactyl|Aerodactyl-Mega, F
|-mega|p2a: Aerodactyl|Aerodactyl|Aerodactylite
|move|p2a: Aerodactyl|Aerial Ace|p1a: Mienshao
|-supereffective|p1a: Mienshao
|-damage|p1a: Mienshao|0 fnt
|faint|p1a: Mienshao
|
|
|switch|p1a: Nidoqueen|Nidoqueen, F|384\/384
|turn|6
|
|move|p2a: Aerodactyl|Aerial Ace|p1a: Nidoqueen
|-damage|p1a: Nidoqueen|213\/384
|move|p1a: Nidoqueen|Stealth Rock|p2a: Aerodactyl
|-sidestart|p2: tolstoy|move: Stealth Rock
|
|turn|7
|
|switch|p2a: Jirachi|Jirachi|341\/341
|-damage|p2a: Jirachi|320\/341|[from] Stealth Rock
|move|p1a: Nidoqueen|Ice Beam|p2a: Jirachi
|-resisted|p2a: Jirachi
|-damage|p2a: Jirachi|255\/341
|
|turn|8
|
|move|p2a: Jirachi|U-turn|p1a: Nidoqueen
|-resisted|p1a: Nidoqueen
|-damage|p1a: Nidoqueen|172\/384
|
|switch|p2a: Serperior|Serperior, F|291\/291
|-damage|p2a: Serperior|255\/291|[from] Stealth Rock
|move|p1a: Nidoqueen|Earth Power|p2a: Serperior
|-resisted|p2a: Serperior
|-damage|p2a: Serperior|154\/291
|
|turn|9
|leave|UA)SkillGame
|
|move|p2a: Serperior|Leaf Storm|p1a: Nidoqueen|[miss]
|-miss|p2a: Serperior|p1a: Nidoqueen
|move|p1a: Nidoqueen|Sludge Wave|p2a: Serperior
|-supereffective|p2a: Serperior
|-damage|p2a: Serperior|0 fnt
|faint|p2a: Serperior
|
|c|★tolstoy|I'm
|c|★tolstoy|1 for 4
|c|★tolstoy|with those so far
|
|switch|p2a: Jirachi|Jirachi|255\/341
|-damage|p2a: Jirachi|234\/341|[from] Stealth Rock
|turn|10
|
|move|p2a: Jirachi|Iron Head|p1a: Nidoqueen
|-damage|p1a: Nidoqueen|40\/384
|cant|p1a: Nidoqueen|flinch
|
|turn|11
|
|switch|p2a: Aerodactyl|Aerodactyl-Mega, F|301\/301
|-damage|p2a: Aerodactyl|226\/301|[from] Stealth Rock
|move|p1a: Nidoqueen|Earth Power|p2a: Aerodactyl
|-immune|p2a: Aerodactyl|[msg]
|
|turn|12
|
|move|p2a: Aerodactyl|Aerial Ace|p1a: Nidoqueen
|-damage|p1a: Nidoqueen|0 fnt
|faint|p1a: Nidoqueen
|
|
|switch|p1a: Starmie|Starmie|235\/261
|turn|13
|join|Emma Bae ♥
|join|Bob the Bro
|c| Emma Bae ♥|oh dmt, =) hi
|c|★tolstoy|hi
|c|★tolstoy|sry bob is deliberating
|c|★tolstoy|1 sec
|
|switch|p2a: Emboar|Emboar, M|361\/361
|-damage|p2a: Emboar|316\/361|[from] Stealth Rock
|move|p1a: Starmie|Psyshock|p2a: Emboar
|-supereffective|p2a: Emboar
|-damage|p2a: Emboar|0 fnt
|-damage|p1a: Starmie|209\/261|[from] item: Life Orb
|faint|p2a: Emboar
|
|
|switch|p2a: Jirachi|Jirachi|234\/341
|-damage|p2a: Jirachi|213\/341|[from] Stealth Rock
|turn|14
|
|switch|p1a: Rotom-Heat|Rotom-Heat|205\/241
|move|p2a: Jirachi|U-turn|p1a: Rotom-Heat
|-resisted|p1a: Rotom-Heat
|-damage|p1a: Rotom-Heat|173\/241
|
|switch|p2a: Aerodactyl|Aerodactyl-Mega, F|226\/301
|-damage|p2a: Aerodactyl|151\/301|[from] Stealth Rock
|
|turn|15
|
|move|p2a: Aerodactyl|Stone Edge|p1a: Rotom-Heat
|-supereffective|p1a: Rotom-Heat
|-damage|p1a: Rotom-Heat|0 fnt
|faint|p1a: Rotom-Heat
|
|
|switch|p1a: Absol|Absol, F|271\/271
|turn|16
|
|detailschange|p1a: Absol|Absol-Mega, F
|-mega|p1a: Absol|Absol|Absolite
|move|p2a: Aerodactyl|Roost|p2a: Aerodactyl
|-heal|p2a: Aerodactyl|301\/301
|move|p1a: Absol|Swords Dance|p1a: Absol
|-boost|p1a: Absol|atk|2
|
|turn|17
|
|move|p1a: Absol|Sucker Punch|p2a: Aerodactyl
|-fail|p2a: Aerodactyl
|move|p2a: Aerodactyl|Defog|p1a: Absol
|move|p1a: Absol|Defog|p2a: Aerodactyl|[from]Magic Bounce
|-unboost|p2a: Aerodactyl|evasion|1
|-sideend|p2: tolstoy|Stealth Rock|[from] move: Defog|[of] p2a: Aerodactyl
|
|turn|18
|
|move|p1a: Absol|Sucker Punch|p2a: Aerodactyl
|-fail|p2a: Aerodactyl
|move|p2a: Aerodactyl|Roost|p2a: Aerodactyl
|-fail|p2a: Aerodactyl
|
|turn|19
|
|move|p2a: Aerodactyl|Roost|p2a: Aerodactyl
|-fail|p2a: Aerodactyl
|move|p1a: Absol|Swords Dance|p1a: Absol
|-boost|p1a: Absol|atk|2
|
|turn|20
|
|move|p1a: Absol|Sucker Punch|p2a: Aerodactyl
|-fail|p2a: Aerodactyl
|move|p2a: Aerodactyl|Roost|p2a: Aerodactyl
|-fail|p2a: Aerodactyl
|
|turn|21
|join|DrReuniclus8
|
|move|p1a: Absol|Sucker Punch|p2a: Aerodactyl
|-damage|p2a: Aerodactyl|0 fnt
|faint|p2a: Aerodactyl
|
|c|★tolstoy|oops missclick
|
|switch|p2a: Jirachi|Jirachi|213\/341
|turn|22
|
|switch|p2a: Vaporeon|Vaporeon, M|329\/464
|move|p1a: Absol|Sucker Punch|p2a: Vaporeon
|-fail|p2a: Vaporeon
|
|-heal|p2a: Vaporeon|358\/464|[from] item: Leftovers
|turn|23
|
|switch|p2a: Nidoqueen|Nidoqueen, F|357\/357
|move|p1a: Absol|Knock Off|p2a: Nidoqueen
|-damage|p2a: Nidoqueen|0 fnt
|-enditem|p2a: Nidoqueen|Life Orb|[from] move: Knock Off|[of] p1a: Absol
|faint|p2a: Nidoqueen
|
|
|switch|p2a: Jirachi|Jirachi|213\/341
|turn|24
|
|switch|p2a: Vaporeon|Vaporeon, M|358\/464
|move|p1a: Absol|Knock Off|p2a: Vaporeon
|-damage|p2a: Vaporeon|0 fnt
|-enditem|p2a: Vaporeon|Leftovers|[from] move: Knock Off|[of] p1a: Absol
|faint|p2a: Vaporeon
|
|
|switch|p2a: Jirachi|Jirachi|213\/341
|turn|25
|c|★Sacri'|gg
|c|★tolstoy|gg
|
|move|p1a: Absol|Sucker Punch|p2a: Jirachi
|-fail|p2a: Jirachi
|move|p2a: Jirachi|Trick|p1a: Absol
|-fail|p1a: Absol
|
|turn|26
|
|move|p2a: Jirachi|Trick|p1a: Absol
|-fail|p1a: Absol
|move|p1a: Absol|Knock Off|p2a: Jirachi
|-supereffective|p2a: Jirachi
|-damage|p2a: Jirachi|0 fnt
|-enditem|p2a: Jirachi|Choice Scarf|[from] move: Knock Off|[of] p1a: Absol
|faint|p2a: Jirachi
|
|win|Sacri'
|raw|Ladder updating...
|raw|Sacri&apos;'s rating: 1529 &rarr; <strong>1546<\/strong><br \/>(+17 for winning)
|raw|tolstoy's rating: 1466 &rarr; <strong>1450<\/strong><br \/>(-16 for losing)
|leave|watfor
|leave|tolstoy
|player|p2