|join|Un noob inexperto
|join|Arion Zerguin
|player|p1|Un noob inexperto|294
|player|p2|Arion Zerguin|169
|gametype|singles
|gen|6
|tier|OU
|clearpoke
|poke|p1|Medicham, F
|poke|p1|Latias, F
|poke|p1|Conkeldurr, M
|poke|p1|Ferrothorn, F
|poke|p1|Rotom-Wash
|poke|p1|Chansey, F
|poke|p2|Gardevoir, F
|poke|p2|Electivire, M
|poke|p2|Swampert, M
|poke|p2|Staraptor, M
|poke|p2|Garchomp, M
|poke|p2|Charizard, M
|rule|Swagger Clause: Swagger is banned
|rule|Baton Pass Clause: Limit one Pokémon knowing Baton Pass
|rule|Sleep Clause Mod: Limit one foe put to sleep
|rule|Species Clause: Limit one of each Pokémon
|rule|OHKO Clause: OHKO moves are banned
|rule|Moody Clause: Moody is banned
|rule|Evasion Moves Clause: Evasion moves are banned
|rule|Endless Battle Clause: Forcing endless battles is banned
|rule|HP Percentage Mod: HP is shown in percentages
|teampreview
|chat|Arion Zerguin|Que gane el mejor
|chat|Un noob inexperto|igualmente
|
|start
|switch|p1a: Medicham|Medicham, F|261\/261
|switch|p2a: Dama|Gardevoir, F|340\/340
|turn|1
|
|detailschange|p1a: Medicham|Medicham-Mega, F
|message|Medicham has Mega Evolved into Mega Medicham!
|move|p1a: Medicham|Fake Out|p2a: Dama
|-damage|p2a: Dama|235\/340
|cant|p2a: Dama|flinch
|
|turn|2
|
|switch|p1a: Ferrothorn|Ferrothorn, F|352\/352
|move|p2a: Dama|Moonblast|p1a: Ferrothorn
|-resisted|p1a: Ferrothorn
|-damage|p1a: Ferrothorn|271\/352
|
|turn|3
|
|switch|p2a: Campeon|Garchomp, M|357\/357
|move|p1a: Ferrothorn|Stealth Rock|p2a: Campeon
|-sidestart|p2: Arion Zerguin|move: Stealth Rock
|
|turn|4
|
|move|p2a: Campeon|Flamethrower|p1a: Ferrothorn
|-supereffective|p1a: Ferrothorn
|-damage|p1a: Ferrothorn|71\/352
|move|p1a: Ferrothorn|Leech Seed|p2a: Campeon
|-start|p2a: Campeon|move: Leech Seed
|
|-damage|p2a: Campeon|313\/357|[from] Leech Seed|[of] p1a: Ferrothorn
|-heal|p1a: Ferrothorn|115\/352|[silent]
|turn|5
|
|switch|p1a: Rotom-Wash|Rotom-Wash|241\/241
|move|p2a: Campeon|Flamethrower|p1a: Rotom-Wash
|-resisted|p1a: Rotom-Wash
|-damage|p1a: Rotom-Wash|211\/241
|
|-damage|p2a: Campeon|269\/357|[from] Leech Seed|[of] p1a: Rotom-Wash
|-heal|p1a: Rotom-Wash|241\/241|[silent]
|turn|6
|
|switch|p2a: Elec|Electivire, M|291\/291
|-damage|p2a: Elec|255\/291|[from] Stealth Rock
|move|p1a: Rotom-Wash|Trick|p2a: Elec
|-activate|p1a: Rotom-Wash|move: Trick|[of] p2a: Elec
|-item|p2a: Elec|Choice Scarf|[from] move: Trick
|-item|p1a: Rotom-Wash|Leftovers|[from] move: Trick
|
|turn|7
|
|switch|p1a: Ferrothorn|Ferrothorn, F|115\/352
|move|p2a: Elec|Thunder Punch|p1a: Ferrothorn
|-resisted|p1a: Ferrothorn
|-damage|p1a: Ferrothorn|70\/352
|-damage|p2a: Elec|219\/291|[from] ability: Iron Barbs|[of] p1a: Ferrothorn
|-damage|p2a: Elec|171\/291|[from] item: Rocky Helmet|[of] p1a: Ferrothorn
|
|turn|8
|
|move|p2a: Elec|Thunder Punch|p1a: Ferrothorn
|-resisted|p1a: Ferrothorn
|-damage|p1a: Ferrothorn|29\/352
|-damage|p2a: Elec|135\/291|[from] ability: Iron Barbs|[of] p1a: Ferrothorn
|-damage|p2a: Elec|87\/291|[from] item: Rocky Helmet|[of] p1a: Ferrothorn
|move|p1a: Ferrothorn|Leech Seed|p2a: Elec
|-start|p2a: Elec|move: Leech Seed
|
|-damage|p2a: Elec|51\/291|[from] Leech Seed|[of] p1a: Ferrothorn
|-heal|p1a: Ferrothorn|65\/352|[silent]
|turn|9
|
|switch|p1a: Rotom-Wash|Rotom-Wash|241\/241
|move|p2a: Elec|Thunder Punch|p1a: Rotom-Wash
|-damage|p1a: Rotom-Wash|109\/241
|
|-heal|p1a: Rotom-Wash|124\/241|[from] item: Leftovers
|-damage|p2a: Elec|15\/291|[from] Leech Seed|[of] p1a: Rotom-Wash
|-heal|p1a: Rotom-Wash|160\/241|[silent]
|turn|10
|
|switch|p1a: Latias|Latias, F|301\/301
|move|p2a: Elec|Thunder Punch|p1a: Latias
|-resisted|p1a: Latias
|-damage|p1a: Latias|230\/301
|
|-damage|p2a: Elec|0 fnt|[from] Leech Seed|[of] p1a: Latias
|-heal|p1a: Latias|245\/301|[silent]
|faint|p2a: Elec
|
|switch|p2a: Dama|Gardevoir, F|235\/340
|-damage|p2a: Dama|193\/340|[from] Stealth Rock
|turn|11
|
|switch|p1a: Chansey|Chansey, F|704\/704
|move|p2a: Dama|Moonblast|p1a: Chansey
|-damage|p1a: Chansey|595\/704
|
|turn|12
|
|switch|p2a: Alcon|Staraptor, M|312\/312
|-damage|p2a: Alcon|234\/312|[from] Stealth Rock
|-ability|p2a: Alcon|Intimidate|[of] p1a: Chansey
|-unboost|p1a: Chansey|atk|1
|move|p1a: Chansey|Wish|p1a: Chansey
|
|-heal|p2a: Alcon|253\/312|[from] item: Leftovers
|turn|13
|
|move|p1a: Chansey|Protect|p1a: Chansey
|-singleturn|p1a: Chansey|Protect
|move|p2a: Alcon|Close Combat|p1a: Chansey
|-activate|p1a: Chansey|Protect
|
|-heal|p1a: Chansey|704\/704|[from] move: Wish|[wisher] Chansey
|-heal|p2a: Alcon|272\/312|[from] item: Leftovers
|turn|14
|
|switch|p1a: Ferrothorn|Ferrothorn, F|65\/352
|move|p2a: Alcon|Close Combat|p1a: Ferrothorn
|-supereffective|p1a: Ferrothorn
|-damage|p1a: Ferrothorn|0 fnt
|-damage|p2a: Alcon|233\/312|[from] ability: Iron Barbs|[of] p1a: Ferrothorn
|-damage|p2a: Alcon|181\/312|[from] item: Rocky Helmet|[of] p1a: Ferrothorn
|-unboost|p2a: Alcon|def|1
|-unboost|p2a: Alcon|spd|1
|faint|p1a: Ferrothorn
|
|-heal|p2a: Alcon|200\/312|[from] item: Leftovers
|
|switch|p1a: Medicham|Medicham-Mega, F|261\/261
|turn|15
|
|move|p1a: Medicham|Ice Punch|p2a: Alcon
|-crit|p2a: Alcon
|-supereffective|p2a: Alcon
|-damage|p2a: Alcon|0 fnt
|faint|p2a: Alcon
|
|
|switch|p2a: Dama|Gardevoir, F|193\/340
|-damage|p2a: Dama|151\/340|[from] Stealth Rock
|turn|16
|
|switch|p1a: Chansey|Chansey, F|704\/704
|move|p2a: Dama|Moonblast|p1a: Chansey
|-damage|p1a: Chansey|584\/704
|
|turn|17
|
|move|p2a: Dama|Hypnosis|p1a: Chansey|[miss]
|-miss|p2a: Dama|p1a: Chansey
|move|p1a: Chansey|Toxic|p2a: Dama
|-status|p2a: Dama|tox
|-status|p1a: Chansey|tox
|
|-damage|p2a: Dama|130\/340 tox|[from] psn
|-damage|p1a: Chansey|540\/704 tox|[from] psn
|turn|18
|
|move|p2a: Dama|Hypnosis|p1a: Chansey|[miss]
|-miss|p2a: Dama|p1a: Chansey
|move|p1a: Chansey|Wish|p1a: Chansey
|
|-damage|p2a: Dama|88\/340 tox|[from] psn
|-damage|p1a: Chansey|452\/704 tox|[from] psn
|turn|19
|
|switch|p2a: Maximux|Swampert, M|404\/404
|-damage|p2a: Maximux|379\/404|[from] Stealth Rock
|move|p1a: Chansey|Seismic Toss|p2a: Maximux
|-damage|p2a: Maximux|279\/404
|
|-heal|p1a: Chansey|704\/704 tox|[from] move: Wish|[wisher] Chansey
|-heal|p2a: Maximux|304\/404|[from] item: Leftovers
|-damage|p1a: Chansey|572\/704 tox|[from] psn
|turn|20
|
|switch|p1a: Conkeldurr|Conkeldurr, M|414\/414
|move|p2a: Maximux|Earthquake|p1a: Conkeldurr
|-damage|p1a: Conkeldurr|243\/414
|
|-heal|p2a: Maximux|329\/404|[from] item: Leftovers
|turn|21
|
|move|p2a: Maximux|Earthquake|p1a: Conkeldurr
|-damage|p1a: Conkeldurr|54\/414
|move|p1a: Conkeldurr|Knock Off|p2a: Maximux
|-damage|p2a: Maximux|175\/404
|-enditem|p2a: Maximux|Leftovers|[from] move: Knock Off|[of] p1a: Conkeldurr
|
|turn|22
|
|switch|p1a: Latias|Latias, F|245\/301
|move|p2a: Maximux|Earthquake|p1a: Latias
|-immune|p1a: Latias|[msg]
|
|turn|23
|
|move|p1a: Latias|Draco Meteor|p2a: Maximux
|-damage|p2a: Maximux|0 fnt
|-unboost|p1a: Latias|spa|2
|-damage|p1a: Latias|215\/301|[from] item: Life Orb
|faint|p2a: Maximux
|
|
|switch|p2a: Campeon|Garchomp, M|269\/357
|-damage|p2a: Campeon|247\/357|[from] Stealth Rock
|turn|24
|
|switch|p1a: Rotom-Wash|Rotom-Wash|160\/241
|move|p2a: Campeon|Dragon Rush|p1a: Rotom-Wash
|-damage|p1a: Rotom-Wash|0 fnt
|faint|p1a: Rotom-Wash
|
|
|switch|p1a: Latias|Latias, F|215\/301
|turn|25
|
|move|p2a: Campeon|Dragon Rush|p1a: Latias
|-supereffective|p1a: Latias
|-damage|p1a: Latias|0 fnt
|faint|p1a: Latias
|
|
|switch|p1a: Chansey|Chansey, F|572\/704
|turn|26
|
|move|p2a: Campeon|Rock Slide|p1a: Chansey
|-miss|p2a: Campeon|p1a: Chansey
|move|p1a: Chansey|Wish|p1a: Chansey
|
|turn|27
|
|move|p2a: Campeon|Giga Impact|p1a: Chansey|[miss]
|-miss|p2a: Campeon|p1a: Chansey
|move|p1a: Chansey|Toxic|p2a: Campeon
|-status|p2a: Campeon|tox
|
|-heal|p1a: Chansey|704\/704|[from] move: Wish|[wisher] Chansey
|-damage|p2a: Campeon|225\/357 tox|[from] psn
|turn|28
|
|move|p2a: Campeon|Giga Impact|p1a: Chansey
|-damage|p1a: Chansey|454\/704
|move|p1a: Chansey|Wish|p1a: Chansey
|
|-damage|p2a: Campeon|181\/357 tox|[from] psn
|turn|29
|
|cant|p2a: Campeon|recharge
|move|p1a: Chansey|Seismic Toss|p2a: Campeon
|-damage|p2a: Campeon|81\/357 tox
|-damage|p1a: Chansey|366\/704|[from] ability: Rough Skin|[of] p2a: Campeon
|
|-heal|p1a: Chansey|704\/704|[from] move: Wish|[wisher] Chansey
|-damage|p2a: Campeon|15\/357 tox|[from] psn
|turn|30
|
|move|p1a: Chansey|Protect|p1a: Chansey
|-singleturn|p1a: Chansey|Protect
|move|p2a: Campeon|Dragon Rush|p1a: Chansey
|-activate|p1a: Chansey|Protect
|
|-damage|p2a: Campeon|0 fnt|[from] psn
|faint|p2a: Campeon
|
|switch|p2a: Charizard|Charizard, M|304\/304
|-damage|p2a: Charizard|152\/304|[from] Stealth Rock
|turn|31
|
|detailschange|p2a: Charizard|Charizard-Mega-Y, M
|message|Charizard has Mega Evolved into Mega Charizard!
|-weather|SunnyDay
|move|p2a: Charizard|Solar Beam|p1a: Chansey|[still]
|-prepare|p2a: Charizard|Solar Beam|p1a: Chansey
|-anim|p2a: Charizard|Solar Beam|p1a: Chansey
|-damage|p1a: Chansey|613\/704
|move|p1a: Chansey|Toxic|p2a: Charizard
|-status|p2a: Charizard|tox
|
|-weather|SunnyDay|[upkeep]
|-damage|p2a: Charizard|133\/304 tox|[from] psn
|turn|32
|
|move|p2a: Charizard|Flare Blitz|p1a: Chansey
|-damage|p1a: Chansey|297\/704
|-damage|p2a: Charizard|29\/304 tox|[from] recoil|[of] p1a: Chansey
|move|p1a: Chansey|Seismic Toss|p2a: Charizard
|-damage|p2a: Charizard|0 fnt
|faint|p2a: Charizard
|
|-weather|SunnyDay|[upkeep]
|
|switch|p2a: Dama|Gardevoir, F|88\/340 tox
|-damage|p2a: Dama|46\/340 tox|[from] Stealth Rock
|turn|33
|
|move|p1a: Chansey|Protect|p1a: Chansey
|-singleturn|p1a: Chansey|Protect
|move|p2a: Dama|Psychic|p1a: Chansey
|-activate|p1a: Chansey|Protect
|
|-weather|SunnyDay|[upkeep]
|-damage|p2a: Dama|25\/340 tox|[from] psn
|turn|34
|
|move|p2a: Dama|Psychic|p1a: Chansey
|-damage|p1a: Chansey|195\/704
|move|p1a: Chansey|Seismic Toss|p2a: Dama
|-damage|p2a: Dama|0 fnt
|faint|p2a: Dama
|
|win|Un noob inexperto
|chat|Un noob inexperto|gg