|join|Torterrakion
|join|GoodVibes808
|player|p1|Torterrakion|163
|player|p2|GoodVibes808|244
|gametype|singles
|gen|6
|tier|OU
|rated
|clearpoke
|poke|p1|Hippowdon, M
|poke|p1|Magnezone
|poke|p1|Rotom-Wash
|poke|p1|Metagross
|poke|p1|Latios, M
|poke|p1|Excadrill, M
|poke|p2|Landorus-Therian, M
|poke|p2|Rotom-Wash
|poke|p2|Ferrothorn, M
|poke|p2|Bisharp, M, shiny
|poke|p2|Venusaur, F
|poke|p2|Latios, M, shiny
|rule|Swagger Clause: Swagger is banned
|rule|Baton Pass Clause: Limit one Pokémon knowing Baton Pass
|rule|Sleep Clause Mod: Limit one foe put to sleep
|rule|Species Clause: Limit one of each Pokémon
|rule|OHKO Clause: OHKO moves are banned
|rule|Moody Clause: Moody is banned
|rule|Evasion Moves Clause: Evasion moves are banned
|rule|Endless Battle Clause: Forcing endless battles is banned
|rule|HP Percentage Mod: HP is shown in percentages
|teampreview
|
|start
|switch|p1a: Rotom-Wash|Rotom-Wash|304\/304
|switch|p2a: Earthbound|Landorus-Therian, M|319\/319
|-ability|p2a: Earthbound|Intimidate|[of] p1a: Rotom-Wash
|-unboost|p1a: Rotom-Wash|atk|1
|turn|1
|
|move|p2a: Earthbound|U-turn|p1a: Rotom-Wash
|-crit|p1a: Rotom-Wash
|-damage|p1a: Rotom-Wash|203\/304
|
|switch|p2a: Hayashi|Venusaur, F|359\/359
|move|p1a: Rotom-Wash|Will-O-Wisp|p2a: Hayashi
|-status|p2a: Hayashi|brn
|
|-heal|p1a: Rotom-Wash|222\/304|[from] item: Leftovers
|-damage|p2a: Hayashi|315\/359 brn|[from] brn
|turn|2
|
|switch|p1a: Metagross|Metagross|301\/301
|detailschange|p2a: Hayashi|Venusaur-Mega, F
|-mega|p2a: Hayashi|Venusaur|Venusaurite
|move|p2a: Hayashi|Leech Seed|p1a: Metagross
|-start|p1a: Metagross|move: Leech Seed
|
|-damage|p1a: Metagross|264\/301|[from] Leech Seed|[of] p2a: Hayashi
|-heal|p2a: Hayashi|352\/359 brn|[silent]
|-damage|p2a: Hayashi|308\/359 brn|[from] brn
|turn|3
|
|switch|p1a: Hippowdon|Hippowdon, M|420\/420
|-weather|Sandstorm
|switch|p2a: Tenpin|Ferrothorn, M|351\/351
|
|-weather|Sandstorm|[upkeep]
|turn|4
|
|switch|p1a: Magnezone|Magnezone|282\/282
|switch|p2a: Hayashi|Venusaur-Mega, F|308\/359 brn
|
|-weather|Sandstorm|[upkeep]
|-damage|p2a: Hayashi|286\/359 brn|[from] sandstorm
|-damage|p2a: Hayashi|242\/359 brn|[from] brn
|turn|5
|
|move|p1a: Magnezone|Flash Cannon|p2a: Hayashi
|-damage|p2a: Hayashi|50\/359 brn
|move|p2a: Hayashi|Earthquake|p1a: Magnezone
|-supereffective|p1a: Magnezone
|-damage|p1a: Magnezone|146\/282
|
|-weather|Sandstorm|[upkeep]
|-damage|p2a: Hayashi|28\/359 brn|[from] sandstorm
|-damage|p2a: Hayashi|0 fnt|[from] brn
|faint|p2a: Hayashi
|
|switch|p2a: Tenpin|Ferrothorn, M|351\/351
|turn|6
|
|switch|p1a: Rotom-Wash|Rotom-Wash|222\/304
|move|p2a: Tenpin|Stealth Rock|p1a: Rotom-Wash
|-sidestart|p1: Torterrakion|move: Stealth Rock
|
|-weather|Sandstorm|[upkeep]
|-damage|p1a: Rotom-Wash|203\/304|[from] sandstorm
|-heal|p1a: Rotom-Wash|222\/304|[from] item: Leftovers
|turn|7
|
|move|p1a: Rotom-Wash|Volt Switch|p2a: Tenpin
|-resisted|p2a: Tenpin
|-damage|p2a: Tenpin|320\/351
|
|switch|p1a: Magnezone|Magnezone|146\/282
|-damage|p1a: Magnezone|129\/282|[from] Stealth Rock
|move|p2a: Tenpin|Leech Seed|p1a: Magnezone
|-start|p1a: Magnezone|move: Leech Seed
|
|-weather|Sandstorm|[upkeep]
|-heal|p2a: Tenpin|341\/351|[from] item: Leftovers
|-damage|p1a: Magnezone|94\/282|[from] Leech Seed|[of] p2a: Tenpin
|-heal|p2a: Tenpin|351\/351|[silent]
|turn|8
|
|move|p2a: Tenpin|Protect|p2a: Tenpin
|-singleturn|p2a: Tenpin|Protect
|move|p1a: Magnezone|Hidden Power|p2a: Tenpin
|-activate|p2a: Tenpin|Protect
|
|-weather|Sandstorm|[upkeep]
|-damage|p1a: Magnezone|59\/282|[from] Leech Seed|[of] p2a: Tenpin
|turn|9
|
|move|p1a: Magnezone|Hidden Power|p2a: Tenpin
|-supereffective|p2a: Tenpin
|-damage|p2a: Tenpin|35\/351
|move|p2a: Tenpin|Gyro Ball|p1a: Magnezone
|-resisted|p1a: Magnezone
|-damage|p1a: Magnezone|27\/282
|
|-weather|Sandstorm|[upkeep]
|-heal|p2a: Tenpin|56\/351|[from] item: Leftovers
|-damage|p1a: Magnezone|0 fnt|[from] Leech Seed|[of] p2a: Tenpin
|-heal|p2a: Tenpin|83\/351|[silent]
|faint|p1a: Magnezone
|
|switch|p1a: Latios|Latios, M|302\/302
|-damage|p1a: Latios|265\/302|[from] Stealth Rock
|turn|10
|
|move|p2a: Tenpin|Protect|p2a: Tenpin
|-singleturn|p2a: Tenpin|Protect
|move|p1a: Latios|Hidden Power|p2a: Tenpin
|-activate|p2a: Tenpin|Protect
|
|-weather|none
|-heal|p2a: Tenpin|104\/351|[from] item: Leftovers
|turn|11
|
|switch|p2a: Tumblr|Rotom-Wash|303\/303
|move|p1a: Latios|Hidden Power|p2a: Tumblr
|-damage|p2a: Tumblr|237\/303
|-damage|p1a: Latios|235\/302|[from] item: Life Orb
|
|-heal|p2a: Tumblr|255\/303|[from] item: Leftovers
|turn|12
|
|move|p1a: Latios|Psyshock|p2a: Tumblr
|-damage|p2a: Tumblr|74\/303
|-damage|p1a: Latios|205\/302|[from] item: Life Orb
|move|p2a: Tumblr|Will-O-Wisp|p1a: Latios
|-status|p1a: Latios|brn
|
|-heal|p2a: Tumblr|92\/303|[from] item: Leftovers
|-damage|p1a: Latios|168\/302 brn|[from] brn
|turn|13
|
|switch|p2a: Tenpin|Ferrothorn, M|104\/351
|move|p1a: Latios|Roost|p1a: Latios
|-heal|p1a: Latios|302\/302 brn
|
|-heal|p2a: Tenpin|125\/351|[from] item: Leftovers
|-damage|p1a: Latios|265\/302 brn|[from] brn
|turn|14
|
|move|p2a: Tenpin|Protect|p2a: Tenpin
|-singleturn|p2a: Tenpin|Protect
|move|p1a: Latios|Hidden Power|p2a: Tenpin
|-activate|p2a: Tenpin|Protect
|
|-heal|p2a: Tenpin|146\/351|[from] item: Leftovers
|-damage|p1a: Latios|228\/302 brn|[from] brn
|turn|15
|
|switch|p2a: Earthbound|Landorus-Therian, M|319\/319
|-ability|p2a: Earthbound|Intimidate|[of] p1a: Latios
|-unboost|p1a: Latios|atk|1
|move|p1a: Latios|Hidden Power|p2a: Earthbound
|-resisted|p2a: Earthbound
|-damage|p2a: Earthbound|261\/319
|-damage|p1a: Latios|198\/302 brn|[from] item: Life Orb
|
|-damage|p1a: Latios|161\/302 brn|[from] brn
|turn|16
|
|switch|p1a: Hippowdon|Hippowdon, M|420\/420
|-damage|p1a: Hippowdon|394\/420|[from] Stealth Rock
|-weather|Sandstorm
|move|p2a: Earthbound|Knock Off|p1a: Hippowdon
|-damage|p1a: Hippowdon|306\/420
|-enditem|p1a: Hippowdon|Smooth Rock|[from] move: Knock Off|[of] p2a: Earthbound
|
|-weather|Sandstorm|[upkeep]
|turn|17
|
|switch|p2a: Tenpin|Ferrothorn, M|146\/351
|move|p1a: Hippowdon|Stealth Rock|p2a: Tenpin
|-sidestart|p2: GoodVibes808|move: Stealth Rock
|
|-weather|Sandstorm|[upkeep]
|-heal|p2a: Tenpin|167\/351|[from] item: Leftovers
|turn|18
|
|move|p1a: Hippowdon|Earthquake|p2a: Tenpin
|-damage|p2a: Tenpin|68\/351
|move|p2a: Tenpin|Leech Seed|p1a: Hippowdon
|-start|p1a: Hippowdon|move: Leech Seed
|
|-weather|Sandstorm|[upkeep]
|-heal|p2a: Tenpin|89\/351|[from] item: Leftovers
|-damage|p1a: Hippowdon|254\/420|[from] Leech Seed|[of] p2a: Tenpin
|-heal|p2a: Tenpin|141\/351|[silent]
|turn|19
|
|switch|p1a: Excadrill|Excadrill, M|361\/361
|-damage|p1a: Excadrill|350\/361|[from] Stealth Rock
|move|p2a: Tenpin|Leech Seed|p1a: Excadrill
|-start|p1a: Excadrill|move: Leech Seed
|
|-weather|Sandstorm|[upkeep]
|-heal|p2a: Tenpin|162\/351|[from] item: Leftovers
|-damage|p1a: Excadrill|305\/361|[from] Leech Seed|[of] p2a: Tenpin
|-heal|p2a: Tenpin|207\/351|[silent]
|turn|20
|
|switch|p1a: Rotom-Wash|Rotom-Wash|222\/304
|-damage|p1a: Rotom-Wash|184\/304|[from] Stealth Rock
|move|p2a: Tenpin|Gyro Ball|p1a: Rotom-Wash
|-resisted|p1a: Rotom-Wash
|-damage|p1a: Rotom-Wash|158\/304
|
|-weather|Sandstorm|[upkeep]
|-damage|p1a: Rotom-Wash|139\/304|[from] sandstorm
|-heal|p1a: Rotom-Wash|158\/304|[from] item: Leftovers
|-heal|p2a: Tenpin|228\/351|[from] item: Leftovers
|turn|21
|
|move|p1a: Rotom-Wash|Will-O-Wisp|p2a: Tenpin|[miss]
|-miss|p1a: Rotom-Wash|p2a: Tenpin
|move|p2a: Tenpin|Leech Seed|p1a: Rotom-Wash
|-start|p1a: Rotom-Wash|move: Leech Seed
|
|-weather|Sandstorm|[upkeep]
|-damage|p1a: Rotom-Wash|139\/304|[from] sandstorm
|-heal|p1a: Rotom-Wash|158\/304|[from] item: Leftovers
|-heal|p2a: Tenpin|249\/351|[from] item: Leftovers
|-damage|p1a: Rotom-Wash|120\/304|[from] Leech Seed|[of] p2a: Tenpin
|-heal|p2a: Tenpin|287\/351|[silent]
|turn|22
|
|switch|p2a: Eon|Latios, M, shiny|301\/301
|-damage|p2a: Eon|264\/301|[from] Stealth Rock
|move|p1a: Rotom-Wash|Will-O-Wisp|p2a: Eon
|-status|p2a: Eon|brn
|
|-weather|Sandstorm|[upkeep]
|-damage|p2a: Eon|246\/301 brn|[from] sandstorm
|-damage|p1a: Rotom-Wash|101\/304|[from] sandstorm
|-heal|p1a: Rotom-Wash|120\/304|[from] item: Leftovers
|-damage|p1a: Rotom-Wash|82\/304|[from] Leech Seed|[of] p2a: Eon
|-heal|p2a: Eon|284\/301 brn|[silent]
|-damage|p2a: Eon|247\/301 brn|[from] brn
|turn|23
|
|switch|p1a: Metagross|Metagross|264\/301
|-damage|p1a: Metagross|246\/301|[from] Stealth Rock
|move|p2a: Eon|Draco Meteor|p1a: Metagross|[miss]
|-miss|p2a: Eon|p1a: Metagross
|
|-weather|none
|-damage|p2a: Eon|210\/301 brn|[from] brn
|turn|24
|
|detailschange|p1a: Metagross|Metagross-Mega
|-mega|p1a: Metagross|Metagross|Metagrossite
|move|p1a: Metagross|Pursuit|p2a: Eon|[from]Pursuit
|-supereffective|p2a: Eon
|-damage|p2a: Eon|0 fnt
|faint|p2a: Eon
|
|
|switch|p2a: Tenpin|Ferrothorn, M|287\/351
|-damage|p2a: Tenpin|266\/351|[from] Stealth Rock
|turn|25
|
|move|p1a: Metagross|Ice Punch|p2a: Tenpin
|-damage|p2a: Tenpin|170\/351
|-damage|p1a: Metagross|209\/301|[from] ability: Iron Barbs|[of] p2a: Tenpin
|move|p2a: Tenpin|Leech Seed|p1a: Metagross
|-start|p1a: Metagross|move: Leech Seed
|
|-heal|p2a: Tenpin|191\/351|[from] item: Leftovers
|-damage|p1a: Metagross|172\/301|[from] Leech Seed|[of] p2a: Tenpin
|-heal|p2a: Tenpin|228\/351|[silent]
|turn|26
|
|switch|p1a: Rotom-Wash|Rotom-Wash|82\/304
|-damage|p1a: Rotom-Wash|44\/304|[from] Stealth Rock
|move|p2a: Tenpin|Leech Seed|p1a: Rotom-Wash
|-start|p1a: Rotom-Wash|move: Leech Seed
|
|-heal|p1a: Rotom-Wash|63\/304|[from] item: Leftovers
|-heal|p2a: Tenpin|249\/351|[from] item: Leftovers
|-damage|p1a: Rotom-Wash|25\/304|[from] Leech Seed|[of] p2a: Tenpin
|-heal|p2a: Tenpin|287\/351|[silent]
|turn|27
|
|move|p2a: Tenpin|Protect|p2a: Tenpin
|-singleturn|p2a: Tenpin|Protect
|move|p1a: Rotom-Wash|Pain Split|p2a: Tenpin
|-activate|p2a: Tenpin|Protect
|
|-heal|p1a: Rotom-Wash|44\/304|[from] item: Leftovers
|-heal|p2a: Tenpin|308\/351|[from] item: Leftovers
|-damage|p1a: Rotom-Wash|6\/304|[from] Leech Seed|[of] p2a: Tenpin
|-heal|p2a: Tenpin|346\/351|[silent]
|turn|28
|
|switch|p2a: Tumblr|Rotom-Wash|92\/303
|-damage|p2a: Tumblr|55\/303|[from] Stealth Rock
|move|p1a: Rotom-Wash|Volt Switch|p2a: Tumblr
|-damage|p2a: Tumblr|0 fnt
|faint|p2a: Tumblr
|
|switch|p1a: Hippowdon|Hippowdon, M|254\/420
|-damage|p1a: Hippowdon|228\/420|[from] Stealth Rock
|-weather|Sandstorm
|
|-weather|Sandstorm|[upkeep]
|
|switch|p2a: Tenpin|Ferrothorn, M|346\/351
|-damage|p2a: Tenpin|325\/351|[from] Stealth Rock
|turn|29
|
|move|p1a: Hippowdon|Earthquake|p2a: Tenpin
|-damage|p2a: Tenpin|237\/351
|move|p2a: Tenpin|Gyro Ball|p1a: Hippowdon
|-damage|p1a: Hippowdon|164\/420
|
|-weather|Sandstorm|[upkeep]
|-heal|p2a: Tenpin|258\/351|[from] item: Leftovers
|turn|30
|
|move|p1a: Hippowdon|Earthquake|p2a: Tenpin
|-damage|p2a: Tenpin|159\/351
|move|p2a: Tenpin|Gyro Ball|p1a: Hippowdon
|-damage|p1a: Hippowdon|106\/420
|
|-weather|Sandstorm|[upkeep]
|-heal|p2a: Tenpin|180\/351|[from] item: Leftovers
|turn|31
|
|move|p1a: Hippowdon|Slack Off|p1a: Hippowdon
|-heal|p1a: Hippowdon|316\/420
|move|p2a: Tenpin|Leech Seed|p1a: Hippowdon
|-start|p1a: Hippowdon|move: Leech Seed
|
|-weather|Sandstorm|[upkeep]
|-heal|p2a: Tenpin|201\/351|[from] item: Leftovers
|-damage|p1a: Hippowdon|264\/420|[from] Leech Seed|[of] p2a: Tenpin
|-heal|p2a: Tenpin|253\/351|[silent]
|turn|32
|
|move|p1a: Hippowdon|Slack Off|p1a: Hippowdon
|-heal|p1a: Hippowdon|420\/420
|move|p2a: Tenpin|Gyro Ball|p1a: Hippowdon
|-damage|p1a: Hippowdon|356\/420
|
|-weather|none
|-heal|p2a: Tenpin|274\/351|[from] item: Leftovers
|-damage|p1a: Hippowdon|304\/420|[from] Leech Seed|[of] p2a: Tenpin
|-heal|p2a: Tenpin|326\/351|[silent]
|turn|33
|
|switch|p1a: Excadrill|Excadrill, M|305\/361
|-damage|p1a: Excadrill|294\/361|[from] Stealth Rock
|move|p2a: Tenpin|Protect|p2a: Tenpin
|-fail|p2a: Tenpin
|
|-heal|p2a: Tenpin|347\/351|[from] item: Leftovers
|turn|34
|
|move|p1a: Excadrill|Earthquake|p2a: Tenpin
|-damage|p2a: Tenpin|175\/351
|-damage|p1a: Excadrill|258\/361|[from] item: Life Orb
|move|p2a: Tenpin|Leech Seed|p1a: Excadrill
|-start|p1a: Excadrill|move: Leech Seed
|
|-heal|p2a: Tenpin|196\/351|[from] item: Leftovers
|-damage|p1a: Excadrill|213\/361|[from] Leech Seed|[of] p2a: Tenpin
|-heal|p2a: Tenpin|241\/351|[silent]
|turn|35
|
|switch|p1a: Hippowdon|Hippowdon, M|304\/420
|-damage|p1a: Hippowdon|278\/420|[from] Stealth Rock
|-weather|Sandstorm
|move|p2a: Tenpin|Gyro Ball|p1a: Hippowdon
|-damage|p1a: Hippowdon|220\/420
|
|-weather|Sandstorm|[upkeep]
|-heal|p2a: Tenpin|262\/351|[from] item: Leftovers
|turn|36
|
|move|p1a: Hippowdon|Earthquake|p2a: Tenpin
|-damage|p2a: Tenpin|178\/351
|move|p2a: Tenpin|Leech Seed|p1a: Hippowdon
|-start|p1a: Hippowdon|move: Leech Seed
|
|-weather|Sandstorm|[upkeep]
|-heal|p2a: Tenpin|199\/351|[from] item: Leftovers
|-damage|p1a: Hippowdon|168\/420|[from] Leech Seed|[of] p2a: Tenpin
|-heal|p2a: Tenpin|251\/351|[silent]
|turn|37
|
|switch|p2a: Earthbound|Landorus-Therian, M|261\/319
|-damage|p2a: Earthbound|222\/319|[from] Stealth Rock
|-ability|p2a: Earthbound|Intimidate|[of] p1a: Hippowdon
|-unboost|p1a: Hippowdon|atk|1
|move|p1a: Hippowdon|Slack Off|p1a: Hippowdon
|-heal|p1a: Hippowdon|378\/420
|
|-weather|Sandstorm|[upkeep]
|-damage|p1a: Hippowdon|326\/420|[from] Leech Seed|[of] p2a: Earthbound
|-heal|p2a: Earthbound|274\/319|[silent]
|turn|38
|
|switch|p1a: Metagross|Metagross-Mega|172\/301
|-damage|p1a: Metagross|154\/301|[from] Stealth Rock
|move|p2a: Earthbound|U-turn|p1a: Metagross
|-damage|p1a: Metagross|83\/301
|
|switch|p2a: Tenpin|Ferrothorn, M|251\/351
|-damage|p2a: Tenpin|230\/351|[from] Stealth Rock
|
|-weather|Sandstorm|[upkeep]
|-heal|p2a: Tenpin|251\/351|[from] item: Leftovers
|turn|39
|
|move|p1a: Metagross|Ice Punch|p2a: Tenpin
|-damage|p2a: Tenpin|164\/351
|-damage|p1a: Metagross|46\/301|[from] ability: Iron Barbs|[of] p2a: Tenpin
|move|p2a: Tenpin|Leech Seed|p1a: Metagross
|-start|p1a: Metagross|move: Leech Seed
|
|-weather|none
|-heal|p2a: Tenpin|185\/351|[from] item: Leftovers
|-damage|p1a: Metagross|9\/301|[from] Leech Seed|[of] p2a: Tenpin
|-heal|p2a: Tenpin|222\/351|[silent]
|turn|40
|
|move|p2a: Tenpin|Protect|p2a: Tenpin
|-singleturn|p2a: Tenpin|Protect
|move|p1a: Metagross|Ice Punch|p2a: Tenpin
|-activate|p2a: Tenpin|Protect
|
|-heal|p2a: Tenpin|243\/351|[from] item: Leftovers
|-damage|p1a: Metagross|0 fnt|[from] Leech Seed|[of] p2a: Tenpin
|-heal|p2a: Tenpin|252\/351|[silent]
|faint|p1a: Metagross
|
|switch|p1a: Latios|Latios, M|161\/302 brn
|-damage|p1a: Latios|124\/302 brn|[from] Stealth Rock
|turn|41
|
|move|p1a: Latios|Hidden Power|p2a: Tenpin
|-supereffective|p2a: Tenpin
|-damage|p2a: Tenpin|119\/351
|-damage|p1a: Latios|94\/302 brn|[from] item: Life Orb
|move|p2a: Tenpin|Gyro Ball|p1a: Latios
|-damage|p1a: Latios|0 fnt
|faint|p1a: Latios
|
|-heal|p2a: Tenpin|140\/351|[from] item: Leftovers
|
|switch|p1a: Excadrill|Excadrill, M|213\/361
|-damage|p1a: Excadrill|202\/361|[from] Stealth Rock
|turn|42
|
|move|p2a: Tenpin|Protect|p2a: Tenpin
|-singleturn|p2a: Tenpin|Protect
|move|p1a: Excadrill|Iron Head|p2a: Tenpin
|-activate|p2a: Tenpin|Protect
|
|-heal|p2a: Tenpin|161\/351|[from] item: Leftovers
|turn|43
|
|switch|p2a: Earthbound|Landorus-Therian, M|274\/319
|-damage|p2a: Earthbound|235\/319|[from] Stealth Rock
|-ability|p2a: Earthbound|Intimidate|[of] p1a: Excadrill
|-unboost|p1a: Excadrill|atk|1
|move|p1a: Excadrill|Earthquake|p2a: Earthbound
|-immune|p2a: Earthbound|[msg]
|
|turn|44
|
|switch|p1a: Rotom-Wash|Rotom-Wash|6\/304
|-damage|p1a: Rotom-Wash|0 fnt|[from] Stealth Rock
|faint|p1a: Rotom-Wash
|move|p2a: Earthbound|Earthquake|p1: Rotom-Wash|[notarget]
|-notarget
|
|c|★GoodVibes808|gg sire
|
|switch|p1a: Hippowdon|Hippowdon, M|326\/420
|-damage|p1a: Hippowdon|300\/420|[from] Stealth Rock
|-weather|Sandstorm
|turn|45
|
|switch|p2a: Tenpin|Ferrothorn, M|161\/351
|-damage|p2a: Tenpin|140\/351|[from] Stealth Rock
|move|p1a: Hippowdon|Earthquake|p2a: Tenpin
|-damage|p2a: Tenpin|44\/351
|
|-weather|Sandstorm|[upkeep]
|-heal|p2a: Tenpin|65\/351|[from] item: Leftovers
|turn|46
|
|switch|p2a: Earthbound|Landorus-Therian, M|235\/319
|-damage|p2a: Earthbound|196\/319|[from] Stealth Rock
|-ability|p2a: Earthbound|Intimidate|[of] p1a: Hippowdon
|-unboost|p1a: Hippowdon|atk|1
|move|p1a: Hippowdon|Earthquake|p2a: Earthbound
|-immune|p2a: Earthbound|[msg]
|
|-weather|Sandstorm|[upkeep]
|turn|47
|
|move|p2a: Earthbound|Earthquake|p1a: Hippowdon
|-crit|p1a: Hippowdon
|-damage|p1a: Hippowdon|102\/420
|move|p1a: Hippowdon|Earthquake|p2a: Earthbound
|-immune|p2a: Earthbound|[msg]
|
|-weather|Sandstorm|[upkeep]
|turn|48
|
|move|p2a: Earthbound|Earthquake|p1a: Hippowdon
|-damage|p1a: Hippowdon|0 fnt
|faint|p1a: Hippowdon
|
|-weather|Sandstorm|[upkeep]
|c|★Torterrakion|good job man  the entire match you are spamming protect like a moron and now you get a crit
|c|★Torterrakion|nice strategy
|c|★Torterrakion|fuck you
|
|switch|p1a: Excadrill|Excadrill, M|202\/361
|-damage|p1a: Excadrill|191\/361|[from] Stealth Rock
|turn|49
|c|★GoodVibes808|lol sour patch kid, huh?
|
|switch|p2a: Cardinal|Bisharp, M, shiny|272\/272
|-damage|p2a: Cardinal|255\/272|[from] Stealth Rock
|move|p1a: Excadrill|Iron Head|p2a: Cardinal
|-resisted|p2a: Cardinal
|-damage|p2a: Cardinal|156\/272
|-damage|p1a: Excadrill|155\/361|[from] item: Life Orb
|
|-weather|none
|turn|50
|-message|Torterrakion forfeited.
|leave|Torterrakion
|
|win|GoodVibes808
|raw|Ladder updating...
|c|★GoodVibes808|quit bitchin and eat your chicken fagnuts
|player|p1
|raw|Torterrakion's rating: 1459 &rarr; <strong>1436<\/strong><br \/>(-23 for losing)
|raw|GoodVibes808's rating: 1418 &rarr; <strong>1440<\/strong><br \/>(+22 for winning)