|join|mkaydo
|join|GoodVibes808
|player|p1|mkaydo|105
|player|p2|GoodVibes808|244
|gametype|singles
|gen|6
|tier|OU
|rated
|clearpoke
|poke|p1|Victini
|poke|p1|Landorus-Therian, M
|poke|p1|Clefable, F
|poke|p1|Mandibuzz, F
|poke|p1|Sceptile, M, shiny
|poke|p1|Empoleon, M
|poke|p2|Skarmory, M
|poke|p2|Slowbro, M
|poke|p2|Chansey, F
|poke|p2|Gliscor, M, shiny
|poke|p2|Heatran, M, shiny
|poke|p2|Zapdos, shiny
|rule|Swagger Clause: Swagger is banned
|rule|Baton Pass Clause: Limit one Pokémon knowing Baton Pass
|rule|Sleep Clause Mod: Limit one foe put to sleep
|rule|Species Clause: Limit one of each Pokémon
|rule|OHKO Clause: OHKO moves are banned
|rule|Moody Clause: Moody is banned
|rule|Evasion Moves Clause: Evasion moves are banned
|rule|Endless Battle Clause: Forcing endless battles is banned
|rule|HP Percentage Mod: HP is shown in percentages
|teampreview
|
|start
|switch|p1a: Dodus|Landorus-Therian, M|320\/320
|switch|p2a: Broski|Slowbro, M|394\/394
|-ability|p1a: Dodus|Intimidate|[of] p2a: Broski
|-unboost|p2a: Broski|atk|1
|turn|1
|
|detailschange|p2a: Broski|Slowbro-Mega, M
|message|Slowbro has Mega Evolved into Mega Slowbro!
|move|p1a: Dodus|U-turn|p2a: Broski
|-supereffective|p2a: Broski
|-damage|p2a: Broski|296\/394
|
|switch|p1a: Buzz|Mandibuzz, F|404\/404
|move|p2a: Broski|Calm Mind|p2a: Broski
|-boost|p2a: Broski|spa|1
|-boost|p2a: Broski|spd|1
|
|turn|2
|
|move|p1a: Buzz|Toxic|p2a: Broski
|-status|p2a: Broski|tox
|move|p2a: Broski|Scald|p1a: Buzz
|-damage|p1a: Buzz|227\/404
|
|-damage|p2a: Broski|272\/394 tox|[from] psn
|turn|3
|
|switch|p1a: Leea|Clefable, F|394\/394
|move|p2a: Broski|Calm Mind|p2a: Broski
|-boost|p2a: Broski|spa|1
|-boost|p2a: Broski|spd|1
|
|-damage|p2a: Broski|224\/394 tox|[from] psn
|turn|4
|
|switch|p2a: Bladewing|Skarmory, M|327\/327
|move|p1a: Leea|Moonblast|p2a: Bladewing
|-resisted|p2a: Bladewing
|-damage|p2a: Bladewing|264\/327
|-unboost|p2a: Bladewing|spa|1
|
|-heal|p2a: Bladewing|284\/327|[from] item: Leftovers
|turn|5
|
|switch|p1a: Leon|Empoleon, M|372\/372
|move|p2a: Bladewing|Spikes|p1a: Leon
|-sidestart|p1: mkaydo|Spikes
|
|-heal|p2a: Bladewing|304\/327|[from] item: Leftovers
|turn|6
|
|switch|p2a: Joy|Chansey, F|642\/642
|move|p1a: Leon|Defog|p2a: Joy
|-unboost|p2a: Joy|evasion|1
|-sideend|p1: mkaydo|Spikes|[from] move: Defog|[of] p1a: Leon
|
|turn|7
|
|switch|p1a: Sven|Victini|341\/341
|move|p2a: Joy|Aromatherapy|p2a: Joy
|-cureteam|p2a: Joy|[from] move: Aromatherapy
|
|turn|8
|
|switch|p2a: Kaminari|Zapdos, shiny|384\/384
|-ability|p2a: Kaminari|Pressure
|move|p1a: Sven|V-create|p2a: Kaminari
|-damage|p2a: Kaminari|164\/384
|-unboost|p1a: Sven|def|1
|-unboost|p1a: Sven|spd|1
|-unboost|p1a: Sven|spe|1
|
|-heal|p2a: Kaminari|188\/384|[from] item: Leftovers
|turn|9
|
|move|p2a: Kaminari|Roost|p2a: Kaminari
|-heal|p2a: Kaminari|380\/384
|move|p1a: Sven|V-create|p2a: Kaminari
|-damage|p2a: Kaminari|163\/384
|-unboost|p1a: Sven|def|1
|-unboost|p1a: Sven|spd|1
|-unboost|p1a: Sven|spe|1
|
|-heal|p2a: Kaminari|187\/384|[from] item: Leftovers
|turn|10
|
|switch|p1a: Leea|Clefable, F|394\/394
|move|p2a: Kaminari|Roost|p2a: Kaminari
|-heal|p2a: Kaminari|379\/384
|
|-heal|p2a: Kaminari|384\/384|[from] item: Leftovers
|turn|11
|
|switch|p2a: Bladewing|Skarmory, M|304\/327
|move|p1a: Leea|Wish|p1a: Leea
|
|-heal|p2a: Bladewing|324\/327|[from] item: Leftovers
|turn|12
|
|switch|p1a: Buzz|Mandibuzz, F|227\/404
|move|p2a: Bladewing|Whirlwind|p1a: Buzz
|drag|p1a: Pitou|Sceptile, M, shiny|282\/282
|
|-heal|p2a: Bladewing|327\/327|[from] item: Leftovers
|turn|13
|
|detailschange|p1a: Pitou|Sceptile-Mega, M, shiny
|message|Sceptile has Mega Evolved into Mega Sceptile!
|move|p1a: Pitou|Hidden Power|p2a: Bladewing
|-supereffective|p2a: Bladewing
|-damage|p2a: Bladewing|121\/327
|move|p2a: Bladewing|Spikes|p1a: Pitou
|-sidestart|p1: mkaydo|Spikes
|
|-heal|p2a: Bladewing|141\/327|[from] item: Leftovers
|turn|14
|
|switch|p2a: Joy|Chansey, F|642\/642
|move|p1a: Pitou|Focus Blast|p2a: Joy|[miss]
|-miss|p1a: Pitou|p2a: Joy
|
|turn|15
|
|switch|p1a: Dodus|Landorus-Therian, M|320\/320
|-ability|p1a: Dodus|Intimidate|[of] p2a: Joy
|-unboost|p2a: Joy|atk|1
|switch|p2a: Sasori|Gliscor, M, shiny|354\/354
|
|-status|p2a: Sasori|tox|[from] item: Toxic Orb
|turn|16
|
|move|p1a: Dodus|U-turn|p2a: Sasori
|-resisted|p2a: Sasori
|-damage|p2a: Sasori|321\/354 tox
|
|switch|p1a: Pitou|Sceptile-Mega, M, shiny|282\/282
|-damage|p1a: Pitou|247\/282|[from] Spikes
|move|p2a: Sasori|Taunt|p1a: Pitou
|-start|p1a: Pitou|move: Taunt
|
|-heal|p2a: Sasori|354\/354 tox|[from] ability: Poison Heal
|turn|17
|
|move|p1a: Pitou|Giga Drain|p2a: Sasori
|-damage|p2a: Sasori|179\/354 tox
|-heal|p1a: Pitou|282\/282|[from] drain|[of] p2a: Sasori
|move|p2a: Sasori|Acrobatics|p1a: Pitou
|-supereffective|p1a: Pitou
|-damage|p1a: Pitou|120\/282
|
|-heal|p2a: Sasori|223\/354 tox|[from] ability: Poison Heal
|turn|18
|
|move|p1a: Pitou|Giga Drain|p2a: Sasori
|-damage|p2a: Sasori|48\/354 tox
|-heal|p1a: Pitou|208\/282|[from] drain|[of] p2a: Sasori
|move|p2a: Sasori|Roost|p2a: Sasori
|-heal|p2a: Sasori|225\/354 tox
|
|-heal|p2a: Sasori|269\/354 tox|[from] ability: Poison Heal
|turn|19
|
|move|p1a: Pitou|Giga Drain|p2a: Sasori
|-damage|p2a: Sasori|88\/354 tox
|-heal|p1a: Pitou|282\/282|[from] drain|[of] p2a: Sasori
|move|p2a: Sasori|Acrobatics|p1a: Pitou
|-supereffective|p1a: Pitou
|-damage|p1a: Pitou|120\/282
|
|-heal|p2a: Sasori|132\/354 tox|[from] ability: Poison Heal
|-end|p1a: Pitou|move: Taunt
|turn|20
|
|switch|p2a: Joy|Chansey, F|642\/642
|move|p1a: Pitou|Giga Drain|p2a: Joy
|-damage|p2a: Joy|573\/642
|-heal|p1a: Pitou|155\/282|[from] drain|[of] p2a: Joy
|
|turn|21
|
|switch|p1a: Dodus|Landorus-Therian, M|320\/320
|-ability|p1a: Dodus|Intimidate|[of] p2a: Joy
|-unboost|p2a: Joy|atk|1
|move|p2a: Joy|Seismic Toss|p1a: Dodus
|-damage|p1a: Dodus|220\/320
|
|turn|22
|
|move|p1a: Dodus|Knock Off|p2a: Joy
|-damage|p2a: Joy|382\/642
|-enditem|p2a: Joy|Eviolite|[from] move: Knock Off|[of] p1a: Dodus
|move|p2a: Joy|Toxic|p1a: Dodus
|-status|p1a: Dodus|tox
|
|-damage|p1a: Dodus|200\/320 tox|[from] psn
|turn|23
|
|switch|p1a: Leea|Clefable, F|394\/394
|switch|p2a: Bladewing|Skarmory, M|141\/327
|
|-heal|p2a: Bladewing|161\/327|[from] item: Leftovers
|turn|24
|
|switch|p1a: Leon|Empoleon, M|372\/372
|-damage|p1a: Leon|326\/372|[from] Spikes
|move|p2a: Bladewing|Whirlwind|p1a: Leon
|drag|p1a: Buzz|Mandibuzz, F|227\/404
|
|-heal|p2a: Bladewing|181\/327|[from] item: Leftovers
|turn|25
|
|move|p1a: Buzz|Taunt|p2a: Bladewing
|-start|p2a: Bladewing|move: Taunt
|cant|p2a: Bladewing|move: Taunt|Spikes
|
|-heal|p2a: Bladewing|201\/327|[from] item: Leftovers
|turn|26
|
|switch|p2a: Vesuvius|Heatran, M, shiny|326\/326
|-item|p2a: Vesuvius|Air Balloon
|move|p1a: Buzz|Roost|p1a: Buzz
|-heal|p1a: Buzz|404\/404
|
|turn|27
|
|move|p2a: Vesuvius|Stealth Rock|p1a: Buzz
|-sidestart|p1: mkaydo|move: Stealth Rock
|move|p1a: Buzz|Foul Play|p2a: Vesuvius
|-damage|p2a: Vesuvius|236\/326
|-enditem|p2a: Vesuvius|Air Balloon
|
|turn|28
|
|switch|p1a: Leon|Empoleon, M|326\/372
|-damage|p1a: Leon|303\/372|[from] Stealth Rock
|-damage|p1a: Leon|257\/372|[from] Spikes
|move|p2a: Vesuvius|Taunt|p1a: Leon
|-start|p1a: Leon|move: Taunt
|
|-heal|p1a: Leon|280\/372|[from] item: Leftovers
|turn|29
|
|move|p2a: Vesuvius|Will-O-Wisp|p1a: Leon
|-status|p1a: Leon|brn
|move|p1a: Leon|Scald|p2a: Vesuvius
|-supereffective|p2a: Vesuvius
|-damage|p2a: Vesuvius|26\/326
|
|-heal|p1a: Leon|303\/372 brn|[from] item: Leftovers
|-damage|p1a: Leon|257\/372 brn|[from] brn
|turn|30
|
|move|p2a: Vesuvius|Flame Charge|p1a: Leon
|-damage|p1a: Leon|200\/372 brn
|-boost|p2a: Vesuvius|spe|1
|move|p1a: Leon|Scald|p2a: Vesuvius
|-supereffective|p2a: Vesuvius
|-damage|p2a: Vesuvius|0 fnt
|faint|p2a: Vesuvius
|
|-heal|p1a: Leon|223\/372 brn|[from] item: Leftovers
|-damage|p1a: Leon|177\/372 brn|[from] brn
|
|switch|p2a: Kaminari|Zapdos, shiny|384\/384
|-ability|p2a: Kaminari|Pressure
|turn|31
|
|switch|p1a: Pitou|Sceptile-Mega, M, shiny|155\/282
|-damage|p1a: Pitou|120\/282|[from] Spikes
|-damage|p1a: Pitou|85\/282|[from] Stealth Rock
|move|p2a: Kaminari|Heat Wave|p1a: Pitou
|-damage|p1a: Pitou|0 fnt
|faint|p1a: Pitou
|
|
|switch|p1a: Leea|Clefable, F|394\/394
|turn|32
|
|move|p2a: Kaminari|Thunderbolt|p1a: Leea
|-damage|p1a: Leea|250\/394
|move|p1a: Leea|Aromatherapy|p1a: Leea
|-cureteam|p1a: Leea|[from] move: Aromatherapy
|
|-heal|p1a: Leea|274\/394|[from] item: Leftovers
|turn|33
|
|move|p2a: Kaminari|Heat Wave|p1a: Leea
|-damage|p1a: Leea|186\/394
|move|p1a: Leea|Wish|p1a: Leea
|
|-heal|p1a: Leea|210\/394|[from] item: Leftovers
|turn|34
|
|move|p2a: Kaminari|Heat Wave|p1a: Leea
|-damage|p1a: Leea|120\/394
|-status|p1a: Leea|brn
|move|p1a: Leea|Moonblast|p2a: Kaminari
|-damage|p2a: Kaminari|260\/384
|-unboost|p2a: Kaminari|spa|1
|
|-heal|p1a: Leea|317\/394 brn|[from] move: Wish|[wisher] Leea
|-heal|p2a: Kaminari|284\/384|[from] item: Leftovers
|-heal|p1a: Leea|341\/394 brn|[from] item: Leftovers
|turn|35
|
|switch|p2a: Sasori|Gliscor, M, shiny|132\/354 tox
|move|p1a: Leea|Moonblast|p2a: Sasori
|-damage|p2a: Sasori|8\/354 tox
|
|-heal|p1a: Leea|365\/394 brn|[from] item: Leftovers
|-heal|p2a: Sasori|52\/354 tox|[from] ability: Poison Heal
|turn|36
|
|move|p2a: Sasori|Roost|p2a: Sasori
|-heal|p2a: Sasori|229\/354 tox
|move|p1a: Leea|Moonblast|p2a: Sasori
|-damage|p2a: Sasori|103\/354 tox
|
|-heal|p1a: Leea|389\/394 brn|[from] item: Leftovers
|-heal|p2a: Sasori|147\/354 tox|[from] ability: Poison Heal
|turn|37
|
|move|p2a: Sasori|Earthquake|p1a: Leea
|-damage|p1a: Leea|271\/394 brn
|move|p1a: Leea|Wish|p1a: Leea
|
|-heal|p1a: Leea|295\/394 brn|[from] item: Leftovers
|-heal|p2a: Sasori|191\/354 tox|[from] ability: Poison Heal
|turn|38
|
|switch|p1a: Dodus|Landorus-Therian, M|200\/320
|-damage|p1a: Dodus|160\/320|[from] Stealth Rock
|-ability|p1a: Dodus|Intimidate|[of] p2a: Sasori
|-unboost|p2a: Sasori|atk|1
|move|p2a: Sasori|Earthquake|p1a: Dodus
|-immune|p1a: Dodus|[msg]
|
|-heal|p1a: Dodus|320\/320|[from] move: Wish|[wisher] Leea
|-heal|p2a: Sasori|235\/354 tox|[from] ability: Poison Heal
|turn|39
|
|switch|p2a: Bladewing|Skarmory, M|201\/327
|move|p1a: Dodus|U-turn|p2a: Bladewing
|-resisted|p2a: Bladewing
|-damage|p2a: Bladewing|187\/327
|
|switch|p1a: Leon|Empoleon, M|177\/372
|-damage|p1a: Leon|131\/372|[from] Spikes
|-damage|p1a: Leon|108\/372|[from] Stealth Rock
|
|-heal|p2a: Bladewing|207\/327|[from] item: Leftovers
|-heal|p1a: Leon|131\/372|[from] item: Leftovers
|turn|40
|
|switch|p2a: Kaminari|Zapdos, shiny|284\/384
|-ability|p2a: Kaminari|Pressure
|move|p1a: Leon|Defog|p2a: Kaminari
|-unboost|p2a: Kaminari|evasion|1
|-sideend|p1: mkaydo|Spikes|[from] move: Defog|[of] p1a: Leon
|-sideend|p1: mkaydo|Stealth Rock|[from] move: Defog|[of] p1a: Leon
|
|-heal|p2a: Kaminari|308\/384|[from] item: Leftovers
|-heal|p1a: Leon|154\/372|[from] item: Leftovers
|turn|41
|
|switch|p1a: Leea|Clefable, F|295\/394 brn
|move|p2a: Kaminari|Heat Wave|p1a: Leea
|-miss|p2a: Kaminari|p1a: Leea
|
|-heal|p2a: Kaminari|332\/384|[from] item: Leftovers
|-heal|p1a: Leea|319\/394 brn|[from] item: Leftovers
|turn|42
|
|move|p2a: Kaminari|Thunderbolt|p1a: Leea
|-damage|p1a: Leea|172\/394 brn
|move|p1a: Leea|Moonblast|p2a: Kaminari
|-damage|p2a: Kaminari|209\/384
|-unboost|p2a: Kaminari|spa|1
|
|-heal|p2a: Kaminari|233\/384|[from] item: Leftovers
|-heal|p1a: Leea|196\/394 brn|[from] item: Leftovers
|turn|43
|
|switch|p2a: Broski|Slowbro-Mega, M|224\/394
|move|p1a: Leea|Wish|p1a: Leea
|
|-heal|p1a: Leea|220\/394 brn|[from] item: Leftovers
|turn|44
|
|switch|p1a: Buzz|Mandibuzz, F|404\/404
|move|p2a: Broski|Slack Off|p2a: Broski
|-heal|p2a: Broski|394\/394
|
|turn|45
|
|move|p1a: Buzz|Taunt|p2a: Broski
|-start|p2a: Broski|move: Taunt
|cant|p2a: Broski|move: Taunt|Calm Mind
|
|turn|46
|
|switch|p2a: Kaminari|Zapdos, shiny|233\/384
|-ability|p2a: Kaminari|Pressure
|move|p1a: Buzz|Toxic|p2a: Kaminari
|-status|p2a: Kaminari|tox
|
|-heal|p2a: Kaminari|257\/384 tox|[from] item: Leftovers
|-damage|p2a: Kaminari|233\/384 tox|[from] psn
|turn|47
|
|switch|p1a: Dodus|Landorus-Therian, M|320\/320
|-ability|p1a: Dodus|Intimidate|[of] p2a: Kaminari
|-unboost|p2a: Kaminari|atk|1
|move|p2a: Kaminari|Roost|p2a: Kaminari
|-heal|p2a: Kaminari|384\/384 tox
|
|-damage|p2a: Kaminari|336\/384 tox|[from] psn
|turn|48
|
|switch|p2a: Broski|Slowbro-Mega, M|394\/394
|move|p1a: Dodus|Stone Edge|p2a: Broski|[miss]
|-miss|p1a: Dodus|p2a: Broski
|
|turn|49
|
|switch|p1a: Buzz|Mandibuzz, F|404\/404
|move|p2a: Broski|Calm Mind|p2a: Broski
|-boost|p2a: Broski|spa|1
|-boost|p2a: Broski|spd|1
|
|turn|50
|
|move|p1a: Buzz|Taunt|p2a: Broski
|-start|p2a: Broski|move: Taunt
|move|p2a: Broski|Scald|p1a: Buzz
|-damage|p1a: Buzz|226\/404
|-status|p1a: Buzz|brn
|
|-damage|p1a: Buzz|176\/404 brn|[from] brn
|turn|51
|
|switch|p1a: Leea|Clefable, F|220\/394 brn
|move|p2a: Broski|Scald|p1a: Leea
|-damage|p1a: Leea|49\/394 brn
|
|-heal|p1a: Leea|73\/394 brn|[from] item: Leftovers
|turn|52
|
|move|p1a: Leea|Thunder Wave|p2a: Broski
|-status|p2a: Broski|par
|move|p2a: Broski|Scald|p1a: Leea
|-damage|p1a: Leea|0 fnt
|faint|p1a: Leea
|
|-end|p2a: Broski|move: Taunt
|-message|mkaydo forfeited.
|
|win|GoodVibes808
|raw|Ladder updating...
|leave|mkaydo
|player|p1
|raw|mkaydo's rating: 1389 &rarr; <strong>1366<\/strong><br \/>(-23 for losing)
|raw|GoodVibes808's rating: 1336 &rarr; <strong>1359<\/strong><br \/>(+23 for winning)