|join|GamerGal
|join|squackersOG
|player|p1|GamerGal|4
|player|p2|squackersOG|248
|gametype|singles
|gen|6
|tier|OU
|rated
|clearpoke
|poke|p1|Landorus, M
|poke|p1|Bisharp, F
|poke|p1|Heatran, M
|poke|p1|Thundurus, M
|poke|p1|Alakazam, F
|poke|p1|Keldeo-Resolute
|poke|p2|Manectric, F
|poke|p2|Talonflame, M
|poke|p2|Excadrill, M
|poke|p2|Slowbro, F
|poke|p2|Terrakion
|poke|p2|Clefable, M
|rule|Swagger Clause: Swagger is banned
|rule|Baton Pass Clause: Limit one Pokémon knowing Baton Pass
|rule|Sleep Clause Mod: Limit one foe put to sleep
|rule|Species Clause: Limit one of each Pokémon
|rule|OHKO Clause: OHKO moves are banned
|rule|Moody Clause: Moody is banned
|rule|Evasion Moves Clause: Evasion moves are banned
|rule|Endless Battle Clause: Forcing endless battles is banned
|rule|HP Percentage Mod: HP is shown in percentages
|teampreview
|
|start
|switch|p1a: Keldeo-Resolute|Keldeo-Resolute|323\/323
|switch|p2a: Talonflame|Talonflame, M|360\/360
|turn|1
|
|move|p1a: Keldeo-Resolute|Hydro Pump|p2a: Talonflame
|-supereffective|p2a: Talonflame
|-damage|p2a: Talonflame|0 fnt
|faint|p2a: Talonflame
|
|
|switch|p2a: Slowbro|Slowbro, F|394\/394
|turn|2
|
|switch|p1a: Thundurus|Thundurus, M|299\/299
|move|p2a: Slowbro|Thunder Wave|p1a: Thundurus
|-fail|p1a: Thundurus
|
|turn|3
|
|switch|p1a: Bisharp|Bisharp, F|271\/271
|switch|p2a: Excadrill|Excadrill, M|424\/424
|-ability|p2a: Excadrill|Mold Breaker
|
|turn|4
|
|switch|p1a: Landorus|Landorus, M|319\/319
|move|p2a: Excadrill|Earthquake|p1a: Landorus
|-immune|p1a: Landorus|[msg]
|
|turn|5
|c|★squackersOG|u know something
|c|★squackersOG|I'm too hungover
|c|★squackersOG|and ur too good
|c|★squackersOG|so
|c|★squackersOG|gg
|c|★GamerGal|lol
|c|★GamerGal|gg
|-message|squackersOG forfeited.
|
|win|GamerGal
|raw|Ladder updating...
|leave|squackersOG
|player|p2
|raw|GamerGal's rating: 1551 &rarr; <strong>1574<\/strong><br \/>(+23 for winning)
|raw|squackersOG's rating: 1603 &rarr; <strong>1580<\/strong><br \/>(-23 for losing)