|join|GamerGal
|join|danknugg
|player|p1|GamerGal|37
|player|p2|danknugg|167
|gametype|singles
|gen|6
|tier|OU
|rated
|clearpoke
|poke|p1|Heatran, F
|poke|p1|Rotom-Wash
|poke|p1|Amoonguss, F
|poke|p1|Latias, F
|poke|p1|Lopunny, M
|poke|p1|Diggersby, F
|poke|p2|Slowbro, F
|poke|p2|Zapdos
|poke|p2|Bisharp, F
|poke|p2|Chansey, F
|poke|p2|Breloom, M
|poke|p2|Landorus, M
|rule|Swagger Clause: Swagger is banned
|rule|Baton Pass Clause: Limit one Pokémon knowing Baton Pass
|rule|Sleep Clause Mod: Limit one foe put to sleep
|rule|Species Clause: Limit one of each Pokémon
|rule|OHKO Clause: OHKO moves are banned
|rule|Moody Clause: Moody is banned
|rule|Evasion Moves Clause: Evasion moves are banned
|rule|Endless Battle Clause: Forcing endless battles is banned
|rule|HP Percentage Mod: HP is shown in percentages
|teampreview
|
|start
|switch|p1a: Amoonguss|Amoonguss, F|432\/432
|switch|p2a: Breloom|Breloom, M|262\/262
|turn|1
|
|switch|p2a: Bisharp|Bisharp, F|272\/272
|move|p1a: Amoonguss|Clear Smog|p2a: Bisharp
|-immune|p2a: Bisharp|[msg]
|
|turn|2
|
|move|p2a: Bisharp|Knock Off|p1a: Amoonguss
|-crit|p1a: Amoonguss
|-damage|p1a: Amoonguss|137\/432
|-enditem|p1a: Amoonguss|Black Sludge|[from] move: Knock Off|[of] p2a: Bisharp
|move|p1a: Amoonguss|Spore|p2a: Bisharp
|-status|p2a: Bisharp|slp
|
|turn|3
|
|switch|p1a: Heatran|Heatran, F|386\/386
|cant|p2a: Bisharp|slp
|
|turn|4
|
|switch|p2a: Chansey|Chansey, F|642\/642
|move|p1a: Heatran|Stealth Rock|p2a: Chansey
|-sidestart|p2: danknugg|move: Stealth Rock
|
|turn|5
|
|move|p1a: Heatran|Taunt|p2a: Chansey
|-start|p2a: Chansey|move: Taunt
|move|p2a: Chansey|Seismic Toss|p1a: Heatran
|-damage|p1a: Heatran|286\/386
|
|-heal|p1a: Heatran|310\/386|[from] item: Leftovers
|turn|6
|
|switch|p2a: Zapdos|Zapdos|384\/384
|-damage|p2a: Zapdos|288\/384|[from] Stealth Rock
|-ability|p2a: Zapdos|Pressure
|move|p1a: Heatran|Toxic|p2a: Zapdos
|-status|p2a: Zapdos|tox
|
|-heal|p2a: Zapdos|312\/384 tox|[from] item: Leftovers
|-heal|p1a: Heatran|334\/386|[from] item: Leftovers
|-damage|p2a: Zapdos|288\/384 tox|[from] psn
|turn|7
|
|move|p2a: Zapdos|Defog|p1a: Heatran
|-unboost|p1a: Heatran|evasion|1
|-sideend|p2: danknugg|Stealth Rock|[from] move: Defog|[of] p2a: Zapdos
|move|p1a: Heatran|Taunt|p2a: Zapdos
|-start|p2a: Zapdos|move: Taunt
|
|-heal|p2a: Zapdos|312\/384 tox|[from] item: Leftovers
|-heal|p1a: Heatran|358\/386|[from] item: Leftovers
|-damage|p2a: Zapdos|264\/384 tox|[from] psn
|turn|8
|
|switch|p2a: Landorus|Landorus, M|320\/320
|move|p1a: Heatran|Stealth Rock|p2a: Landorus
|-sidestart|p2: danknugg|move: Stealth Rock
|
|-heal|p1a: Heatran|382\/386|[from] item: Leftovers
|turn|9
|
|switch|p1a: Rotom-Wash|Rotom-Wash|304\/304
|move|p2a: Landorus|Knock Off|p1a: Rotom-Wash
|-damage|p1a: Rotom-Wash|226\/304
|-enditem|p1a: Rotom-Wash|Leftovers|[from] move: Knock Off|[of] p2a: Landorus
|-damage|p2a: Landorus|288\/320|[from] item: Life Orb
|
|turn|10
|
|switch|p2a: Chansey|Chansey, F|642\/642
|-damage|p2a: Chansey|562\/642|[from] Stealth Rock
|move|p1a: Rotom-Wash|Hydro Pump|p2a: Chansey
|-damage|p2a: Chansey|487\/642
|
|turn|11
|
|switch|p2a: Zapdos|Zapdos|264\/384 tox
|-damage|p2a: Zapdos|168\/384 tox|[from] Stealth Rock
|-ability|p2a: Zapdos|Pressure
|move|p1a: Rotom-Wash|Volt Switch|p2a: Zapdos
|-damage|p2a: Zapdos|80\/384 tox
|
|switch|p1a: Diggersby|Diggersby, F|311\/311
|
|-heal|p2a: Zapdos|104\/384 tox|[from] item: Leftovers
|-damage|p2a: Zapdos|80\/384 tox|[from] psn
|turn|12
|
|move|p1a: Diggersby|Swords Dance|p1a: Diggersby
|-boost|p1a: Diggersby|atk|2
|move|p2a: Zapdos|Defog|p1a: Diggersby
|-unboost|p1a: Diggersby|evasion|1
|-sideend|p2: danknugg|Stealth Rock|[from] move: Defog|[of] p2a: Zapdos
|
|-heal|p2a: Zapdos|104\/384 tox|[from] item: Leftovers
|-damage|p2a: Zapdos|56\/384 tox|[from] psn
|turn|13
|
|move|p1a: Diggersby|Frustration|p2a: Zapdos
|-damage|p2a: Zapdos|0 fnt
|-damage|p1a: Diggersby|280\/311|[from] item: Life Orb
|faint|p2a: Zapdos
|
|
|switch|p2a: Breloom|Breloom, M|262\/262
|turn|14
|
|switch|p1a: Amoonguss|Amoonguss, F|281\/432
|move|p2a: Breloom|Bullet Seed|p1a: Amoonguss
|-crit|p1a: Amoonguss
|-resisted|p1a: Amoonguss
|-damage|p1a: Amoonguss|257\/432
|-resisted|p1a: Amoonguss
|-damage|p1a: Amoonguss|244\/432
|-hitcount|p1a: Amoonguss|2
|
|turn|15
|
|switch|p2a: Landorus|Landorus, M|288\/320
|switch|p1a: Lopunny|Lopunny, M|271\/271
|
|turn|16
|
|detailschange|p1a: Lopunny|Lopunny-Mega, M
|message|Lopunny has Mega Evolved into Mega Lopunny!
|move|p1a: Lopunny|Fake Out|p2a: Landorus
|-damage|p2a: Landorus|213\/320
|cant|p2a: Landorus|flinch
|
|turn|17
|
|switch|p2a: Slowbro|Slowbro, F|394\/394
|move|p1a: Lopunny|Frustration|p2a: Slowbro
|-damage|p2a: Slowbro|264\/394
|
|turn|18
|
|switch|p1a: Heatran|Heatran, F|382\/386
|detailschange|p2a: Slowbro|Slowbro-Mega, F
|message|Slowbro has Mega Evolved into Mega Slowbro!
|move|p2a: Slowbro|Slack Off|p2a: Slowbro
|-heal|p2a: Slowbro|394\/394
|
|-heal|p1a: Heatran|386\/386|[from] item: Leftovers
|turn|19
|
|switch|p2a: Landorus|Landorus, M|213\/320
|move|p1a: Heatran|Taunt|p2a: Landorus
|-start|p2a: Landorus|move: Taunt
|
|turn|20
|
|switch|p1a: Latias|Latias, F|320\/320
|move|p2a: Landorus|Focus Blast|p1a: Latias
|-resisted|p1a: Latias
|-damage|p1a: Latias|226\/320
|
|turn|21
|
|switch|p1a: Heatran|Heatran, F|386\/386
|switch|p2a: Bisharp|Bisharp, F|272\/272 slp
|
|turn|22
|
|switch|p2a: Chansey|Chansey, F|487\/642
|move|p1a: Heatran|Stealth Rock|p2a: Chansey
|-sidestart|p2: danknugg|move: Stealth Rock
|
|turn|23
|
|move|p1a: Heatran|Taunt|p2a: Chansey
|-start|p2a: Chansey|move: Taunt
|cant|p2a: Chansey|move: Taunt|Stealth Rock
|
|turn|24
|
|move|p1a: Heatran|Lava Plume|p2a: Chansey
|-damage|p2a: Chansey|432\/642
|-status|p2a: Chansey|brn
|move|p2a: Chansey|Seismic Toss|p1a: Heatran
|-damage|p1a: Heatran|286\/386
|
|-heal|p1a: Heatran|310\/386|[from] item: Leftovers
|-damage|p2a: Chansey|352\/642 brn|[from] brn
|turn|25
|
|switch|p1a: Latias|Latias, F|226\/320
|move|p2a: Chansey|Seismic Toss|p1a: Latias
|-damage|p1a: Latias|126\/320
|
|-damage|p2a: Chansey|272\/642 brn|[from] brn
|-end|p2a: Chansey|move: Taunt
|turn|26
|
|switch|p1a: Diggersby|Diggersby, F|280\/311
|move|p2a: Chansey|Soft-Boiled|p2a: Chansey
|-heal|p2a: Chansey|593\/642 brn
|
|-damage|p2a: Chansey|513\/642 brn|[from] brn
|turn|27
|
|switch|p2a: Slowbro|Slowbro-Mega, F|394\/394
|-damage|p2a: Slowbro|345\/394|[from] Stealth Rock
|move|p1a: Diggersby|Swords Dance|p1a: Diggersby
|-boost|p1a: Diggersby|atk|2
|
|turn|28
|
|move|p1a: Diggersby|Frustration|p2a: Slowbro
|-damage|p2a: Slowbro|75\/394
|-damage|p1a: Diggersby|249\/311|[from] item: Life Orb
|move|p2a: Slowbro|Scald|p1a: Diggersby
|-supereffective|p1a: Diggersby
|-damage|p1a: Diggersby|0 fnt
|faint|p1a: Diggersby
|
|
|switch|p1a: Lopunny|Lopunny-Mega, M|271\/271
|turn|29
|
|move|p1a: Lopunny|Frustration|p2a: Slowbro
|-damage|p2a: Slowbro|0 fnt
|faint|p2a: Slowbro
|
|
|switch|p2a: Breloom|Breloom, M|262\/262
|-damage|p2a: Breloom|246\/262|[from] Stealth Rock
|turn|30
|
|switch|p1a: Amoonguss|Amoonguss, F|388\/432
|move|p2a: Breloom|Rock Tomb|p1a: Amoonguss|[miss]
|-miss|p2a: Breloom|p1a: Amoonguss
|
|turn|31
|
|move|p2a: Breloom|Rock Tomb|p1a: Amoonguss
|-damage|p1a: Amoonguss|296\/432
|-unboost|p1a: Amoonguss|spe|1
|move|p1a: Amoonguss|Clear Smog|p2a: Breloom
|-supereffective|p2a: Breloom
|-damage|p2a: Breloom|78\/262
|-clearboost|p2a: Breloom
|
|turn|32
|
|switch|p2a: Landorus|Landorus, M|213\/320
|-damage|p2a: Landorus|173\/320|[from] Stealth Rock
|move|p1a: Amoonguss|Clear Smog|p2a: Landorus
|-resisted|p2a: Landorus
|-damage|p2a: Landorus|142\/320
|-clearboost|p2a: Landorus
|
|turn|33
|
|switch|p1a: Latias|Latias, F|126\/320
|move|p2a: Landorus|Psychic|p1a: Latias
|-resisted|p1a: Latias
|-damage|p1a: Latias|65\/320
|
|turn|34
|
|switch|p2a: Bisharp|Bisharp, F|272\/272 slp
|-damage|p2a: Bisharp|255\/272 slp|[from] Stealth Rock
|move|p1a: Latias|Psyshock|p2a: Bisharp
|-immune|p2a: Bisharp|[msg]
|
|turn|35
|
|cant|p2a: Bisharp|slp
|switch|p1a: Heatran|Heatran, F|310\/386
|
|-heal|p1a: Heatran|334\/386|[from] item: Leftovers
|turn|36
|
|-curestatus|p2a: Bisharp|slp
|move|p2a: Bisharp|Knock Off|p1a: Heatran
|-damage|p1a: Heatran|130\/386
|-enditem|p1a: Heatran|Leftovers|[from] move: Knock Off|[of] p2a: Bisharp
|move|p1a: Heatran|Lava Plume|p2a: Bisharp
|-supereffective|p2a: Bisharp
|-damage|p2a: Bisharp|0 fnt
|faint|p2a: Bisharp
|
|
|switch|p2a: Landorus|Landorus, M|142\/320
|-damage|p2a: Landorus|102\/320|[from] Stealth Rock
|turn|37
|
|switch|p1a: Latias|Latias, F|65\/320
|move|p2a: Landorus|Focus Blast|p1a: Latias
|-resisted|p1a: Latias
|-damage|p1a: Latias|0 fnt
|faint|p1a: Latias
|
|
|switch|p1a: Lopunny|Lopunny-Mega, M|271\/271
|turn|38
|
|move|p1a: Lopunny|Frustration|p2a: Landorus
|-damage|p2a: Landorus|0 fnt
|faint|p2a: Landorus
|
|
|switch|p2a: Breloom|Breloom, M|78\/262
|-damage|p2a: Breloom|62\/262|[from] Stealth Rock
|turn|39
|-message|danknugg forfeited.
|leave|danknugg
|
|switch|p1a: Amoonguss|Amoonguss, F|432\/432
|move|p2a: Breloom|Mach Punch|p1a: Amoonguss
|-resisted|p1a: Amoonguss
|-damage|p1a: Amoonguss|383\/432
|
|turn|40
|
|win|GamerGal
|raw|Ladder updating...
|player|p2
|raw|GamerGal's rating: 1452 &rarr; <strong>1469<\/strong><br \/>(+17 for winning)
|raw|danknugg's rating: 1406 &rarr; <strong>1388<\/strong><br \/>(-18 for losing)