|join|Eeeeeeekkk
|join|GamerGal
|player|p1|Eeeeeeekkk|170
|player|p2|GamerGal|4
|gametype|singles
|gen|6
|tier|OU
|rated
|clearpoke
|poke|p1|Garchomp, F
|poke|p1|Greninja, F, shiny
|poke|p1|Scizor, F
|poke|p1|Bisharp, F, shiny
|poke|p1|Thundurus, M
|poke|p1|Latias, F
|poke|p2|Landorus, M
|poke|p2|Bisharp, M
|poke|p2|Heatran, F
|poke|p2|Thundurus, M
|poke|p2|Alakazam, M
|poke|p2|Keldeo-Resolute
|rule|Swagger Clause: Swagger is banned
|rule|Baton Pass Clause: Limit one Pokémon knowing Baton Pass
|rule|Sleep Clause Mod: Limit one foe put to sleep
|rule|Species Clause: Limit one of each Pokémon
|rule|OHKO Clause: OHKO moves are banned
|rule|Moody Clause: Moody is banned
|rule|Evasion Moves Clause: Evasion moves are banned
|rule|Endless Battle Clause: Forcing endless battles is banned
|rule|HP Percentage Mod: HP is shown in percentages
|teampreview
|
|start
|switch|p1a: Garchomp|Garchomp, F|358\/358
|switch|p2a: Keldeo-Resolute|Keldeo-Resolute|323\/323
|turn|1
|
|move|p2a: Keldeo-Resolute|Scald|p1a: Garchomp
|-crit|p1a: Garchomp
|-damage|p1a: Garchomp|3\/358
|move|p1a: Garchomp|Stealth Rock|p2a: Keldeo-Resolute
|-sidestart|p2: GamerGal|move: Stealth Rock
|
|turn|2
|
|switch|p1a: Latias|Latias, F|302\/302
|move|p2a: Keldeo-Resolute|Scald|p1a: Latias
|-resisted|p1a: Latias
|-damage|p1a: Latias|218\/302
|
|turn|3
|
|switch|p1a: Garchomp|Garchomp, F|3\/358
|move|p2a: Keldeo-Resolute|Scald|p1a: Garchomp
|-damage|p1a: Garchomp|0 fnt
|faint|p1a: Garchomp
|
|
|switch|p1a: Greninja|Greninja, F, shiny|286\/286
|turn|4
|
|switch|p2a: Bisharp|Bisharp, M|271\/271
|-damage|p2a: Bisharp|255\/271|[from] Stealth Rock
|move|p1a: Greninja|Hidden Power|p2a: Bisharp
|-start|p1a: Greninja|typechange|Grass|[from] Protean
|-resisted|p2a: Bisharp
|-damage|p2a: Bisharp|177\/271
|-damage|p1a: Greninja|258\/286|[from] item: Life Orb
|
|turn|5
|
|move|p1a: Greninja|Spikes|p2a: Bisharp
|-start|p1a: Greninja|typechange|Ground|[from] Protean
|-sidestart|p2: GamerGal|Spikes
|move|p2a: Bisharp|Pursuit|p1a: Greninja
|-damage|p1a: Greninja|122\/286
|
|turn|6
|
|move|p1a: Greninja|Hydro Pump|p2a: Bisharp
|-start|p1a: Greninja|typechange|Water|[from] Protean
|-damage|p2a: Bisharp|0 fnt
|-damage|p1a: Greninja|94\/286|[from] item: Life Orb
|faint|p2a: Bisharp
|
|
|switch|p2a: Alakazam|Alakazam, M|252\/252
|turn|7
|
|detailschange|p2a: Alakazam|Alakazam-Mega, M
|message|Alakazam has Mega Evolved into Mega Alakazam!
|-ability|p2a: Alakazam|Protean|[from] ability: Trace|[of] p1a: Greninja
|move|p2a: Alakazam|Protect|p2a: Alakazam
|-start|p2a: Alakazam|typechange|Normal|[from] Protean
|-singleturn|p2a: Alakazam|Protect
|move|p1a: Greninja|Ice Beam|p2a: Alakazam
|-start|p1a: Greninja|typechange|Ice|[from] Protean
|-activate|p2a: Alakazam|Protect
|
|turn|8
|
|switch|p1a: Bisharp|Bisharp, F, shiny|279\/279
|move|p2a: Alakazam|Focus Blast|p1a: Bisharp
|-start|p2a: Alakazam|typechange|Fighting|[from] Protean
|-supereffective|p1a: Bisharp
|-damage|p1a: Bisharp|0 fnt
|faint|p1a: Bisharp
|
|
|switch|p1a: Scizor|Scizor, F|281\/281
|turn|9
|
|switch|p2a: Heatran|Heatran, F|323\/323
|-damage|p2a: Heatran|283\/323|[from] Spikes
|-damage|p2a: Heatran|243\/323|[from] Stealth Rock
|detailschange|p1a: Scizor|Scizor-Mega, F
|message|Scizor has Mega Evolved into Mega Scizor!
|move|p1a: Scizor|Bug Bite|p2a: Heatran
|-resisted|p2a: Heatran
|-damage|p2a: Heatran|198\/323
|
|turn|10
|
|move|p2a: Heatran|Fire Blast|p1a: Scizor
|-supereffective|p1a: Scizor
|-damage|p1a: Scizor|0 fnt
|faint|p1a: Scizor
|
|
|switch|p1a: Greninja|Greninja, F, shiny|94\/286
|turn|11
|
|move|p2a: Heatran|Fire Blast|p1a: Greninja
|-resisted|p1a: Greninja
|-damage|p1a: Greninja|0 fnt
|faint|p1a: Greninja
|
|
|switch|p1a: Latias|Latias, F|218\/302
|turn|12
|
|switch|p2a: Thundurus|Thundurus, M|299\/299
|-damage|p2a: Thundurus|225\/299|[from] Stealth Rock
|move|p1a: Latias|Psyshock|p2a: Thundurus
|-damage|p2a: Thundurus|0 fnt
|-damage|p1a: Latias|188\/302|[from] item: Life Orb
|faint|p2a: Thundurus
|
|
|switch|p2a: Alakazam|Alakazam-Mega, M|252\/252
|-damage|p2a: Alakazam|221\/252|[from] Spikes
|-damage|p2a: Alakazam|190\/252|[from] Stealth Rock
|-ability|p2a: Alakazam|Levitate|[from] ability: Trace|[of] p1a: Latias
|turn|13
|
|move|p2a: Alakazam|Shadow Ball|p1a: Latias
|-supereffective|p1a: Latias
|-damage|p1a: Latias|0 fnt
|faint|p1a: Latias
|
|
|switch|p1a: Thundurus|Thundurus, M|299\/299
|turn|14
|
|move|p1a: Thundurus|Thunder Wave|p2a: Alakazam
|-status|p2a: Alakazam|par
|move|p2a: Alakazam|Psyshock|p1a: Thundurus
|-damage|p1a: Thundurus|25\/299
|
|turn|15
|
|move|p1a: Thundurus|Thunderbolt|p2a: Alakazam
|-damage|p2a: Alakazam|0 fnt
|-damage|p1a: Thundurus|0 fnt|[from] item: Life Orb
|faint|p2a: Alakazam
|faint|p1a: Thundurus
|
|win|GamerGal
|raw|Ladder updating...
|raw|Eeeeeeekkk's rating: 1452 &rarr; <strong>1437<\/strong><br \/>(-15 for losing)
|raw|GamerGal's rating: 1540 &rarr; <strong>1555<\/strong><br \/>(+15 for winning)
|c|★GamerGal|gg
|c|★Eeeeeeekkk|gg
|c|★GamerGal|eeeeeeeeeeeeek
|leave|Eeeeeeekkk
|player|p1