|join|Mob Barley
|join|Ryuk97
|player|p1|Mob Barley|161
|player|p2|Ryuk97|99
|gametype|singles
|gen|6
|tier|OU
|rated
|clearpoke
|poke|p1|Heracross, M
|poke|p1|Heatran, M, shiny
|poke|p1|Azumarill, M
|poke|p1|Landorus, M, shiny
|poke|p1|Mew
|poke|p1|Tyranitar, M
|poke|p2|Azelf
|poke|p2|Landorus-Therian, M
|poke|p2|Thundurus, M
|poke|p2|Keldeo
|poke|p2|Manectric, M
|poke|p2|Bisharp, M
|rule|Swagger Clause: Swagger is banned
|rule|Baton Pass Clause: Limit one Pokémon knowing Baton Pass
|rule|Sleep Clause Mod: Limit one foe put to sleep
|rule|Species Clause: Limit one of each Pokémon
|rule|OHKO Clause: OHKO moves are banned
|rule|Moody Clause: Moody is banned
|rule|Evasion Moves Clause: Evasion moves are banned
|rule|Endless Battle Clause: Forcing endless battles is banned
|rule|HP Percentage Mod: HP is shown in percentages
|teampreview
|
|start
|switch|p1a: Dinomite|Tyranitar, M|341\/341
|switch|p2a: Azelf|Azelf|291\/291
|-weather|Sandstorm
|turn|1
|
|move|p1a: Dinomite|Crunch|p2a: Azelf
|-supereffective|p2a: Azelf
|-enditem|p2a: Azelf|Focus Sash
|-damage|p2a: Azelf|1\/291
|move|p2a: Azelf|Stealth Rock|p1a: Dinomite
|-sidestart|p1: Mob Barley|move: Stealth Rock
|
|-weather|Sandstorm|[upkeep]
|-damage|p2a: Azelf|0 fnt|[from] sandstorm
|faint|p2a: Azelf
|
|switch|p2a: Bisharp|Bisharp, M|271\/271
|turn|2
|
|switch|p1a: Genetics|Mew|404\/404
|-damage|p1a: Genetics|354\/404|[from] Stealth Rock
|move|p2a: Bisharp|Iron Head|p1a: Genetics
|-crit|p1a: Genetics
|-damage|p1a: Genetics|179\/404
|
|-weather|Sandstorm|[upkeep]
|-damage|p1a: Genetics|154\/404|[from] sandstorm
|-heal|p1a: Genetics|179\/404|[from] item: Leftovers
|turn|3
|
|move|p1a: Genetics|Will-O-Wisp|p2a: Bisharp|[miss]
|-miss|p1a: Genetics|p2a: Bisharp
|move|p2a: Bisharp|Swords Dance|p2a: Bisharp
|-boost|p2a: Bisharp|atk|2
|
|-weather|Sandstorm|[upkeep]
|-damage|p1a: Genetics|154\/404|[from] sandstorm
|-heal|p1a: Genetics|179\/404|[from] item: Leftovers
|turn|4
|
|move|p1a: Genetics|Defog|p2a: Bisharp
|-unboost|p2a: Bisharp|evasion|1
|-boost|p2a: Bisharp|atk|2|[from] ability: Defiant
|-sideend|p1: Mob Barley|Stealth Rock|[from] move: Defog|[of] p1a: Genetics
|move|p2a: Bisharp|Knock Off|p1a: Genetics
|-supereffective|p1a: Genetics
|-damage|p1a: Genetics|0 fnt
|-enditem|p1a: Genetics|Leftovers|[from] move: Knock Off|[of] p2a: Bisharp
|faint|p1a: Genetics
|
|-weather|Sandstorm|[upkeep]
|
|switch|p1a: Dinomite|Tyranitar, M|341\/341
|turn|5
|
|move|p1a: Dinomite|Superpower|p2a: Bisharp
|-supereffective|p2a: Bisharp
|-enditem|p2a: Bisharp|Focus Sash
|-damage|p2a: Bisharp|1\/271
|-unboost|p1a: Dinomite|atk|1
|-unboost|p1a: Dinomite|def|1
|move|p2a: Bisharp|Iron Head|p1a: Dinomite
|-supereffective|p1a: Dinomite
|-damage|p1a: Dinomite|0 fnt
|faint|p1a: Dinomite
|
|-weather|none
|c|★Mob Barley|ew
|
|switch|p1a: Sgt Pepper|Heracross, M|308\/308
|turn|6
|
|detailschange|p1a: Sgt Pepper|Heracross-Mega, M
|message|Heracross has Mega Evolved into Mega Heracross!
|move|p2a: Bisharp|Sucker Punch|p1a: Sgt Pepper
|-resisted|p1a: Sgt Pepper
|-damage|p1a: Sgt Pepper|119\/308
|move|p1a: Sgt Pepper|Bullet Seed|p2a: Bisharp
|-resisted|p2a: Bisharp
|-damage|p2a: Bisharp|0 fnt
|-hitcount|p2a: Bisharp|1
|faint|p2a: Bisharp
|
|
|switch|p2a: Manectric|Manectric, M|281\/281
|turn|7
|
|switch|p1a: Nimbus|Landorus, M, shiny|319\/319
|detailschange|p2a: Manectric|Manectric-Mega, M
|message|Manectric has Mega Evolved into Mega Manectric!
|-ability|p2a: Manectric|Intimidate|[of] p1a: Nimbus
|-unboost|p1a: Nimbus|atk|1
|move|p2a: Manectric|Thunderbolt|p1a: Nimbus
|-immune|p1a: Nimbus|[msg]
|
|turn|8
|
|switch|p1a: Lava Golem|Heatran, M, shiny|323\/323
|move|p2a: Manectric|Hidden Power|p1a: Lava Golem
|-resisted|p1a: Lava Golem
|-damage|p1a: Lava Golem|307\/323
|
|turn|9
|
|switch|p2a: Keldeo|Keldeo|322\/322
|move|p1a: Lava Golem|Overheat|p2a: Keldeo
|-resisted|p2a: Keldeo
|-damage|p2a: Keldeo|195\/322
|-unboost|p1a: Lava Golem|spa|2
|
|turn|10
|
|switch|p1a: Water Bomb|Azumarill, M|401\/401
|move|p2a: Keldeo|Scald|p1a: Water Bomb
|-resisted|p1a: Water Bomb
|-damage|p1a: Water Bomb|317\/401
|-status|p1a: Water Bomb|brn
|
|-damage|p1a: Water Bomb|267\/401 brn|[from] brn
|turn|11
|
|switch|p2a: Landorus-Therian|Landorus-Therian, M|319\/319
|-ability|p2a: Landorus-Therian|Intimidate|[of] p1a: Water Bomb
|-unboost|p1a: Water Bomb|atk|1
|switch|p1a: Lava Golem|Heatran, M, shiny|307\/323
|
|turn|12
|
|switch|p1a: Nimbus|Landorus, M, shiny|319\/319
|move|p2a: Landorus-Therian|Earthquake|p1a: Nimbus
|-immune|p1a: Nimbus|[msg]
|
|turn|13
|
|switch|p2a: Keldeo|Keldeo|195\/322
|move|p1a: Nimbus|Psychic|p2a: Keldeo
|-supereffective|p2a: Keldeo
|-damage|p2a: Keldeo|0 fnt
|faint|p2a: Keldeo
|
|
|switch|p2a: Manectric|Manectric-Mega, M|281\/281
|-ability|p2a: Manectric|Intimidate|[of] p1a: Nimbus
|-unboost|p1a: Nimbus|atk|1
|turn|14
|join|Ill leave
|
|switch|p1a: Water Bomb|Azumarill, M|267\/401 brn
|move|p2a: Manectric|Hidden Power|p1a: Water Bomb
|-resisted|p1a: Water Bomb
|-damage|p1a: Water Bomb|237\/401 brn
|
|-damage|p1a: Water Bomb|187\/401 brn|[from] brn
|turn|15
|
|move|p1a: Water Bomb|Aqua Jet|p2a: Manectric
|-damage|p2a: Manectric|226\/281
|move|p2a: Manectric|Volt Switch|p1a: Water Bomb
|-supereffective|p1a: Water Bomb
|-damage|p1a: Water Bomb|0 fnt
|faint|p1a: Water Bomb
|
|switch|p2a: Thundurus|Thundurus, M|298\/298
|
|join|Der Major
|
|switch|p1a: Lava Golem|Heatran, M, shiny|307\/323
|turn|16
|
|switch|p2a: Manectric|Manectric-Mega, M|226\/281
|-ability|p2a: Manectric|Intimidate|[of] p1a: Lava Golem
|-unboost|p1a: Lava Golem|atk|1
|move|p1a: Lava Golem|Overheat|p2a: Manectric
|-damage|p2a: Manectric|0 fnt
|-unboost|p1a: Lava Golem|spa|2
|faint|p2a: Manectric
|
|
|switch|p2a: Thundurus|Thundurus, M|298\/298
|turn|17
|
|switch|p1a: Sgt Pepper|Heracross-Mega, M|119\/308
|move|p2a: Thundurus|Knock Off|p1a: Sgt Pepper
|-resisted|p1a: Sgt Pepper
|-damage|p1a: Sgt Pepper|84\/308
|-damage|p2a: Thundurus|269\/298|[from] item: Life Orb
|
|turn|18
|
|move|p2a: Thundurus|Thunderbolt|p1a: Sgt Pepper
|-damage|p1a: Sgt Pepper|0 fnt
|-damage|p2a: Thundurus|240\/298|[from] item: Life Orb
|faint|p1a: Sgt Pepper
|
|
|switch|p1a: Lava Golem|Heatran, M, shiny|307\/323
|turn|19
|
|move|p1a: Lava Golem|Overheat|p2a: Thundurus
|-damage|p2a: Thundurus|0 fnt
|-unboost|p1a: Lava Golem|spa|2
|faint|p2a: Thundurus
|
|
|switch|p2a: Landorus-Therian|Landorus-Therian, M|319\/319
|-ability|p2a: Landorus-Therian|Intimidate|[of] p1a: Lava Golem
|-unboost|p1a: Lava Golem|atk|1
|turn|20
|
|move|p2a: Landorus-Therian|Stone Edge|p1a: Lava Golem|[miss]
|-miss|p2a: Landorus-Therian|p1a: Lava Golem
|move|p1a: Lava Golem|Overheat|p2a: Landorus-Therian
|-damage|p2a: Landorus-Therian|171\/319
|-unboost|p1a: Lava Golem|spa|2
|
|turn|21
|join|Fateh
|
|move|p2a: Landorus-Therian|Stone Edge|p1a: Lava Golem
|-damage|p1a: Lava Golem|178\/323
|move|p1a: Lava Golem|Overheat|p2a: Landorus-Therian
|-damage|p2a: Landorus-Therian|83\/319
|-unboost|p1a: Lava Golem|spa|2
|
|turn|22
|
|move|p2a: Landorus-Therian|Stone Edge|p1a: Lava Golem
|-damage|p1a: Lava Golem|56\/323
|move|p1a: Lava Golem|Overheat|p2a: Landorus-Therian
|-damage|p2a: Landorus-Therian|13\/319
|
|turn|23
|
|move|p2a: Landorus-Therian|Stone Edge|p1a: Lava Golem
|-damage|p1a: Lava Golem|0 fnt
|faint|p1a: Lava Golem
|
|
|switch|p1a: Nimbus|Landorus, M, shiny|319\/319
|turn|24
|join|Khal A
|
|move|p2a: Landorus-Therian|Stone Edge|p1a: Nimbus
|-damage|p1a: Nimbus|171\/319
|move|p1a: Nimbus|Hidden Power|p2a: Landorus-Therian
|-supereffective|p2a: Landorus-Therian
|-damage|p2a: Landorus-Therian|0 fnt
|-damage|p1a: Nimbus|140\/319|[from] item: Life Orb
|faint|p2a: Landorus-Therian
|
|win|Mob Barley
|raw|Ladder updating...
|raw|Mob Barley's rating: 1876 &rarr; <strong>1894<\/strong><br \/>(+18 for winning)
|raw|Ryuk97's rating: 1842 &rarr; <strong>1824<\/strong><br \/>(-18 for losing)
|leave|Mob Barley