|join|Ryuk97
|join|LT8A TRICKING
|player|p1|Ryuk97|99
|player|p2|LT8A TRICKING|102
|gametype|singles
|gen|6
|tier|OU
|rated
|clearpoke
|poke|p1|Azelf
|poke|p1|Landorus-Therian, M
|poke|p1|Thundurus, M
|poke|p1|Keldeo
|poke|p1|Manectric, F
|poke|p1|Bisharp, M
|poke|p2|Jirachi
|poke|p2|Mew
|poke|p2|Chesnaught, F
|poke|p2|Landorus-Therian, M
|poke|p2|Conkeldurr, F
|poke|p2|Manectric, M
|rule|Swagger Clause: Swagger is banned
|rule|Baton Pass Clause: Limit one Pokémon knowing Baton Pass
|rule|Sleep Clause Mod: Limit one foe put to sleep
|rule|Species Clause: Limit one of each Pokémon
|rule|OHKO Clause: OHKO moves are banned
|rule|Moody Clause: Moody is banned
|rule|Evasion Moves Clause: Evasion moves are banned
|rule|Endless Battle Clause: Forcing endless battles is banned
|rule|HP Percentage Mod: HP is shown in percentages
|teampreview
|
|start
|switch|p1a: Azelf|Azelf|291\/291
|switch|p2a: Landorus-Therian|Landorus-Therian, M|382\/382
|-ability|p2a: Landorus-Therian|Intimidate|[of] p1a: Azelf
|-unboost|p1a: Azelf|atk|1
|turn|1
|join|tele
|join|mistaken
|c| tele|giochi prevedibile
|
|move|p1a: Azelf|Stealth Rock|p2a: Landorus-Therian
|-sidestart|p2: LT8A TRICKING|move: Stealth Rock
|move|p2a: Landorus-Therian|Stealth Rock|p1a: Azelf
|-sidestart|p1: Ryuk97|move: Stealth Rock
|
|turn|2
|c| tele|troppo
|leave|mistaken
|
|move|p1a: Azelf|Knock Off|p2a: Landorus-Therian
|-damage|p2a: Landorus-Therian|319\/382
|-enditem|p2a: Landorus-Therian|Leftovers|[from] move: Knock Off|[of] p1a: Azelf
|move|p2a: Landorus-Therian|U-turn|p1a: Azelf
|-supereffective|p1a: Azelf
|-damage|p1a: Azelf|61\/291
|c| tele|nn è bella come cosa
|
|switch|p2a: Mew|Mew|404\/404
|-damage|p2a: Mew|354\/404|[from] Stealth Rock
|
|-heal|p2a: Mew|379\/404|[from] item: Leftovers
|turn|3
|
|move|p1a: Azelf|Explosion|p2a: Mew
|-damage|p2a: Mew|214\/404
|faint|p1a: Azelf
|move|p2a: Mew|Knock Off|p1: Azelf|[notarget]
|-notarget
|
|-heal|p2a: Mew|239\/404|[from] item: Leftovers
|c| tele|e questo
|
|switch|p1a: Bisharp|Bisharp, M|271\/271
|-damage|p1a: Bisharp|255\/271|[from] Stealth Rock
|turn|4
|c| tele|vabb ci sava
|c| tele|wow
|
|switch|p2a: Chesnaught|Chesnaught, F|380\/380
|-damage|p2a: Chesnaught|357\/380|[from] Stealth Rock
|move|p1a: Bisharp|Swords Dance|p1a: Bisharp
|-boost|p1a: Bisharp|atk|2
|
|-heal|p2a: Chesnaught|380\/380|[from] item: Leftovers
|turn|5
|c| tele|nn ci serve mew
|c| tele|dio porco
|c| tele|leecha
|
|move|p1a: Bisharp|Iron Head|p2a: Chesnaught
|-crit|p2a: Chesnaught
|-damage|p2a: Chesnaught|118\/380
|cant|p2a: Chesnaught|flinch
|
|-heal|p2a: Chesnaught|141\/380|[from] item: Leftovers
|turn|6
|c| tele|meritato
|c| tele|meritato
|
|move|p2a: Chesnaught|Spiky Shield|p2a: Chesnaught
|-singleturn|p2a: Chesnaught|move: Protect
|move|p1a: Bisharp|Iron Head|p2a: Chesnaught
|-activate|p2a: Chesnaught|move: Protect
|-damage|p1a: Bisharp|222\/271|[from] Spiky Shield|[of] p2a: Chesnaught
|
|-heal|p2a: Chesnaught|164\/380|[from] item: Leftovers
|turn|7
|c|★LT8A TRICKING|vabbe ma cazzo
|c| tele|dimmi
|
|move|p1a: Bisharp|Iron Head|p2a: Chesnaught
|-damage|p2a: Chesnaught|0 fnt
|faint|p2a: Chesnaught
|
|
|switch|p2a: Conkeldurr|Conkeldurr, F|351\/351
|-damage|p2a: Conkeldurr|330\/351|[from] Stealth Rock
|turn|8
|c| tele|a che cazzo ti serviva mew
|c| tele|NO CAZZO
|c| tele|MA CHE CAZZO UN CORNO
|
|switch|p1a: Landorus-Therian|Landorus-Therian, M|319\/319
|-damage|p1a: Landorus-Therian|280\/319|[from] Stealth Rock
|-ability|p1a: Landorus-Therian|Intimidate|[of] p2a: Conkeldurr
|-unboost|p2a: Conkeldurr|atk|1
|move|p2a: Conkeldurr|Mach Punch|p1a: Landorus-Therian
|-resisted|p1a: Landorus-Therian
|-damage|p1a: Landorus-Therian|250\/319
|
|turn|9
|c| tele|QUANDO FAI STE PLAYZ DER CAZZO
|c| tele|TE LO MERITI DI PERDERE
|
|move|p1a: Landorus-Therian|U-turn|p2a: Conkeldurr
|-resisted|p2a: Conkeldurr
|-damage|p2a: Conkeldurr|275\/351
|
|switch|p1a: Keldeo|Keldeo|322\/322
|-damage|p1a: Keldeo|302\/322|[from] Stealth Rock
|move|p2a: Conkeldurr|Drain Punch|p1a: Keldeo
|-damage|p1a: Keldeo|185\/322
|-heal|p2a: Conkeldurr|334\/351|[from] drain|[of] p1a: Keldeo
|
|turn|10
|c| tele|CE LO VEDI UN DEFOGGER NEL SUO TEAM?
|c| tele|CE LO VEDI?
|c| tele|DOVEVI WOWARE
|c| tele|E TAUNTARE
|
|move|p1a: Keldeo|Secret Sword|p2a: Conkeldurr
|-damage|p2a: Conkeldurr|90\/351
|move|p2a: Conkeldurr|Drain Punch|p1a: Keldeo
|-damage|p1a: Keldeo|74\/322
|-heal|p2a: Conkeldurr|146\/351|[from] drain|[of] p1a: Keldeo
|
|turn|11
|c| tele|E POI SETTARE LE SPIKES SU UN SHARP BURNATO
|
|switch|p2a: Landorus-Therian|Landorus-Therian, M|319\/382
|-damage|p2a: Landorus-Therian|272\/382|[from] Stealth Rock
|-ability|p2a: Landorus-Therian|Intimidate|[of] p1a: Keldeo
|-unboost|p1a: Keldeo|atk|1
|move|p1a: Keldeo|Secret Sword|p2a: Landorus-Therian
|-resisted|p2a: Landorus-Therian
|-damage|p2a: Landorus-Therian|185\/382
|
|turn|12
|c| tele| a nulla
|
|switch|p1a: Landorus-Therian|Landorus-Therian, M|250\/319
|-damage|p1a: Landorus-Therian|211\/319|[from] Stealth Rock
|-ability|p1a: Landorus-Therian|Intimidate|[of] p2a: Landorus-Therian
|-unboost|p2a: Landorus-Therian|atk|1
|move|p2a: Landorus-Therian|U-turn|p1a: Landorus-Therian
|-resisted|p1a: Landorus-Therian
|-damage|p1a: Landorus-Therian|182\/319
|c| tele|nn ti serviva a nulla mew
|c| tele|un mew al 50%
|
|switch|p2a: Jirachi|Jirachi|404\/404
|-damage|p2a: Jirachi|379\/404|[from] Stealth Rock
|
|-heal|p2a: Jirachi|404\/404|[from] item: Leftovers
|turn|13
|
|move|p2a: Jirachi|Protect|p2a: Jirachi
|-singleturn|p2a: Jirachi|Protect
|move|p1a: Landorus-Therian|Earthquake|p2a: Jirachi
|-activate|p2a: Jirachi|Protect
|
|turn|14
|
|switch|p1a: Keldeo|Keldeo|74\/322
|-damage|p1a: Keldeo|54\/322|[from] Stealth Rock
|switch|p2a: Landorus-Therian|Landorus-Therian, M|185\/382
|-damage|p2a: Landorus-Therian|138\/382|[from] Stealth Rock
|-ability|p2a: Landorus-Therian|Intimidate|[of] p1a: Keldeo
|-unboost|p1a: Keldeo|atk|1
|
|turn|15
|c| tele|rachi best scarf lando t check lol
|c|★LT8A TRICKING|chi sacco?
|c| tele|nn chiedermi niente
|
|switch|p2a: Jirachi|Jirachi|404\/404
|-damage|p2a: Jirachi|379\/404|[from] Stealth Rock
|move|p1a: Keldeo|Scald|p2a: Jirachi
|-damage|p2a: Jirachi|217\/404
|-status|p2a: Jirachi|brn
|
|-heal|p2a: Jirachi|242\/404 brn|[from] item: Leftovers
|-damage|p2a: Jirachi|192\/404 brn|[from] brn
|turn|16
|c| tele|hai perso la partita prima
|c| tele|nn ora
|c| tele|senti
|
|move|p1a: Keldeo|Scald|p2a: Jirachi
|-damage|p2a: Jirachi|33\/404 brn
|move|p2a: Jirachi|U-turn|p1a: Keldeo
|-resisted|p1a: Keldeo
|-damage|p1a: Keldeo|39\/322
|c| tele|una battle
|
|switch|p2a: Conkeldurr|Conkeldurr, F|146\/351
|-damage|p2a: Conkeldurr|125\/351|[from] Stealth Rock
|
|turn|17
|c| tele|come questa è decisa da piccole cose
|c| tele|da piccoli ragionamenti
|c| tele|semplici
|c| tele|ma bisogna farli
|
|switch|p1a: Bisharp|Bisharp, M|222\/271
|-damage|p1a: Bisharp|206\/271|[from] Stealth Rock
|move|p2a: Conkeldurr|Mach Punch|p1a: Bisharp
|-supereffective|p1a: Bisharp
|-damage|p1a: Bisharp|0 fnt
|faint|p1a: Bisharp
|
|c| tele|nn bisogna premere tasti a caso
|c| tele|tu la fai troppo spesso
|
|switch|p1a: Manectric|Manectric, F|281\/281
|-damage|p1a: Manectric|246\/281|[from] Stealth Rock
|turn|18
|c| tele|sta dentro
|
|switch|p2a: Manectric|Manectric, M|281\/281
|-damage|p2a: Manectric|246\/281|[from] Stealth Rock
|detailschange|p1a: Manectric|Manectric-Mega, F
|message|Manectric has Mega Evolved into Mega Manectric!
|-ability|p1a: Manectric|Intimidate|[of] p2a: Manectric
|-unboost|p2a: Manectric|atk|1
|move|p1a: Manectric|Thunderbolt|p2a: Manectric
|-boost|p2a: Manectric|spa|1|[from] ability: Lightning Rod
|
|turn|19
|
|detailschange|p2a: Manectric|Manectric-Mega, M
|message|Manectric has Mega Evolved into Mega Manectric!
|-ability|p2a: Manectric|Intimidate|[of] p1a: Manectric
|-unboost|p1a: Manectric|atk|1
|move|p1a: Manectric|Overheat|p2a: Manectric
|-damage|p2a: Manectric|60\/281
|-unboost|p1a: Manectric|spa|2
|move|p2a: Manectric|Overheat|p1a: Manectric
|-damage|p1a: Manectric|0 fnt
|-unboost|p2a: Manectric|spa|2
|faint|p1a: Manectric
|
|c| tele|nn evoleverti
|c| tele|kek
|c|★LT8A TRICKING|è italiano
|c|★LT8A TRICKING|per quello è n00b
|c|★LT8A TRICKING|lol
|
|switch|p1a: Landorus-Therian|Landorus-Therian, M|182\/319
|-damage|p1a: Landorus-Therian|143\/319|[from] Stealth Rock
|-ability|p1a: Landorus-Therian|Intimidate|[of] p2a: Manectric
|-unboost|p2a: Manectric|atk|1
|turn|20
|c| tele|piu che altro è del 97
|c| tele|preoccupante
|c|★LT8A TRICKING|ehhh
|join|Uh Huh Her
|
|switch|p2a: Jirachi|Jirachi|33\/404 brn
|-damage|p2a: Jirachi|8\/404 brn|[from] Stealth Rock
|move|p1a: Landorus-Therian|U-turn|p2a: Jirachi
|-damage|p2a: Jirachi|0 fnt
|faint|p2a: Jirachi
|join|Galactic Ayshild
|
|switch|p1a: Keldeo|Keldeo|39\/322
|-damage|p1a: Keldeo|19\/322|[from] Stealth Rock
|
|
|switch|p2a: Manectric|Manectric-Mega, M|60\/281
|-damage|p2a: Manectric|25\/281|[from] Stealth Rock
|-ability|p2a: Manectric|Intimidate|[of] p1a: Keldeo
|-unboost|p1a: Keldeo|atk|1
|turn|21
|
|move|p2a: Manectric|Hidden Power|p1a: Keldeo
|-resisted|p1a: Keldeo
|-damage|p1a: Keldeo|0 fnt
|faint|p1a: Keldeo
|
|
|switch|p1a: Landorus-Therian|Landorus-Therian, M|143\/319
|-damage|p1a: Landorus-Therian|104\/319|[from] Stealth Rock
|-ability|p1a: Landorus-Therian|Intimidate|[of] p2a: Manectric
|-unboost|p2a: Manectric|atk|1
|turn|22
|
|move|p1a: Landorus-Therian|U-turn|p2a: Manectric
|-damage|p2a: Manectric|0 fnt
|faint|p2a: Manectric
|
|switch|p1a: Thundurus|Thundurus, M|298\/298
|-damage|p1a: Thundurus|224\/298|[from] Stealth Rock
|
|
|switch|p2a: Mew|Mew|239\/404
|-damage|p2a: Mew|189\/404|[from] Stealth Rock
|turn|23
|c| tele|killa
|c| tele|senza problemi
|c|★LT8A TRICKING|amen
|c|★LT8A TRICKING|lol
|
|move|p1a: Thundurus|Knock Off|p2a: Mew
|-supereffective|p2a: Mew
|-damage|p2a: Mew|0 fnt
|-enditem|p2a: Mew|Leftovers|[from] move: Knock Off|[of] p1a: Thundurus
|-damage|p1a: Thundurus|195\/298|[from] item: Life Orb
|faint|p2a: Mew
|
|
|switch|p2a: Conkeldurr|Conkeldurr, F|125\/351
|-damage|p2a: Conkeldurr|104\/351|[from] Stealth Rock
|turn|24
|
|move|p1a: Thundurus|Thunderbolt|p2a: Conkeldurr
|-damage|p2a: Conkeldurr|0 fnt
|-damage|p1a: Thundurus|166\/298|[from] item: Life Orb
|faint|p2a: Conkeldurr
|
|
|switch|p2a: Landorus-Therian|Landorus-Therian, M|138\/382
|-damage|p2a: Landorus-Therian|91\/382|[from] Stealth Rock
|-ability|p2a: Landorus-Therian|Intimidate|[of] p1a: Thundurus
|-unboost|p1a: Thundurus|atk|1
|-boost|p1a: Thundurus|atk|2|[from] ability: Defiant
|turn|25
|c| tele|ecco vedi
|c| tele|dovevi initmarlo
|c| tele|lol
|
|move|p1a: Thundurus|Knock Off|p2a: Landorus-Therian
|-damage|p2a: Landorus-Therian|0 fnt
|-damage|p1a: Thundurus|137\/298|[from] item: Life Orb
|faint|p2a: Landorus-Therian
|
|win|Ryuk97
|raw|Ladder updating...
|c|★LT8A TRICKING|ma vabbe
|c| tele|no nn dovevi
|c| Galactic Ayshild|Ryuk97: Izý
|raw|Ryuk97's rating: 1845 &rarr; <strong>1860<\/strong><br \/>(+15 for winning)
|raw|LT8A TRICKING's rating: 1755 &rarr; <strong>1740<\/strong><br \/>(-15 for losing)
|c|★LT8A TRICKING|chissene
|c|★LT8A TRICKING|lmao
|c|★LT8A TRICKING|rip
|leave|tele
|leave|LT8A TRICKING
|player|p2
|leave|Galactic Ayshild