|join|xMarth
|join|dudman
|player|p1|xMarth|153
|player|p2|dudman|171
|gametype|singles
|gen|6
|tier|UU
|rated
|rule|Sleep Clause Mod: Limit one foe put to sleep
|rule|Species Clause: Limit one of each Pokémon
|rule|OHKO Clause: OHKO moves are banned
|rule|Moody Clause: Moody is banned
|rule|Evasion Moves Clause: Evasion moves are banned
|rule|Endless Battle Clause: Forcing endless battles is banned
|rule|HP Percentage Mod: HP is shown in percentages
|clearpoke
|poke|p1|Umbreon, M
|poke|p1|Gligar, M
|poke|p1|Tentacruel, F
|poke|p1|Jirachi
|poke|p1|Hydreigon, M
|poke|p1|Raikou
|poke|p2|Mienshao, M
|poke|p2|Krookodile, F
|poke|p2|Suicune
|poke|p2|Aggron, F
|poke|p2|Chandelure, F
|poke|p2|Whimsicott, F
|rule|Swagger Clause: Swagger is banned
|rule|Baton Pass Clause: Limit one Pokémon knowing Baton Pass
|teampreview
|c|★dudman|hi
|c|★xMarth|hi dudman
|
|start
|switch|p1a: Hydreigon|Hydreigon, M|325\/325
|switch|p2a: Krookodile|Krookodile, F|331\/331
|-ability|p2a: Krookodile|Intimidate|[of] p1a: Hydreigon
|-unboost|p1a: Hydreigon|atk|1
|turn|1
|
|switch|p2a: Whimsicott|Whimsicott, F|261\/261
|move|p1a: Hydreigon|Draco Meteor|p2a: Whimsicott
|-immune|p2a: Whimsicott|[msg]
|
|turn|2
|c|★dudman|ik ur life orb kek
|c|★xMarth|i actually changed it to draco from fc
|
|switch|p1a: Jirachi|Jirachi|341\/341
|move|p2a: Whimsicott|U-turn|p1a: Jirachi
|-damage|p1a: Jirachi|304\/341
|
|switch|p2a: Krookodile|Krookodile, F|331\/331
|-ability|p2a: Krookodile|Intimidate|[of] p1a: Jirachi
|-unboost|p1a: Jirachi|atk|1
|
|turn|3
|
|move|p1a: Jirachi|U-turn|p2a: Krookodile
|-supereffective|p2a: Krookodile
|-damage|p2a: Krookodile|225\/331
|c|★dudman|btfo
|
|move|p2a: Krookodile|Pursuit|p1a: Jirachi|[from]Pursuit
|-supereffective|p1a: Jirachi
|-damage|p1a: Jirachi|0 fnt
|faint|p1a: Jirachi
|
|
|switch|p1a: Hydreigon|Hydreigon, M|325\/325
|turn|4
|
|switch|p2a: Suicune|Suicune|367\/367
|-ability|p2a: Suicune|Pressure
|move|p1a: Hydreigon|Flash Cannon|p2a: Suicune
|-resisted|p2a: Suicune
|-damage|p2a: Suicune|310\/367
|-damage|p1a: Hydreigon|293\/325|[from] item: Life Orb
|
|-heal|p2a: Suicune|332\/367|[from] item: Leftovers
|turn|5
|
|switch|p2a: Whimsicott|Whimsicott, F|261\/261
|move|p1a: Hydreigon|Dark Pulse|p2a: Whimsicott
|-resisted|p2a: Whimsicott
|-damage|p2a: Whimsicott|144\/261
|-damage|p1a: Hydreigon|261\/325|[from] item: Life Orb
|
|-heal|p2a: Whimsicott|160\/261|[from] item: Leftovers
|turn|6
|
|switch|p1a: Gligar|Gligar, M|333\/333
|move|p2a: Whimsicott|U-turn|p1a: Gligar
|-resisted|p1a: Gligar
|-damage|p1a: Gligar|324\/333
|
|switch|p2a: Suicune|Suicune|332\/367
|-ability|p2a: Suicune|Pressure
|
|-heal|p2a: Suicune|354\/367|[from] item: Leftovers
|turn|7
|join|Bob the Bro
|c| Bob the Bro|kek
|
|move|p2a: Suicune|Scald|p1a: Gligar
|-supereffective|p1a: Gligar
|-damage|p1a: Gligar|94\/333
|move|p1a: Gligar|U-turn|p2a: Suicune
|-damage|p2a: Suicune|315\/367
|c|★dudman|fuckin hell
|
|switch|p1a: Raikou|Raikou|331\/331
|-ability|p1a: Raikou|Pressure
|
|-heal|p2a: Suicune|337\/367|[from] item: Leftovers
|turn|8
|
|move|p1a: Raikou|Substitute|p1a: Raikou
|-start|p1a: Raikou|Substitute
|-damage|p1a: Raikou|249\/331
|move|p2a: Suicune|Scald|p1a: Raikou
|-end|p1a: Raikou|Substitute
|
|-heal|p1a: Raikou|269\/331|[from] item: Leftovers
|-heal|p2a: Suicune|359\/367|[from] item: Leftovers
|turn|9
|
|switch|p2a: Whimsicott|Whimsicott, F|160\/261
|move|p1a: Raikou|Calm Mind|p1a: Raikou
|-boost|p1a: Raikou|spa|1
|-boost|p1a: Raikou|spd|1
|
|-heal|p2a: Whimsicott|176\/261|[from] item: Leftovers
|-heal|p1a: Raikou|289\/331|[from] item: Leftovers
|turn|10
|c| Bob the Bro|reveal infiltrator whim tbh
|c|★dudman|o
|
|move|p2a: Whimsicott|Encore|p1a: Raikou
|-start|p1a: Raikou|Encore
|move|p1a: Raikou|Calm Mind|p1a: Raikou
|-boost|p1a: Raikou|spa|1
|-boost|p1a: Raikou|spd|1
|
|-heal|p2a: Whimsicott|192\/261|[from] item: Leftovers
|-heal|p1a: Raikou|309\/331|[from] item: Leftovers
|turn|11
|
|switch|p1a: Tentacruel|Tentacruel, F|364\/364
|move|p2a: Whimsicott|U-turn|p1a: Tentacruel
|-crit|p1a: Tentacruel
|-resisted|p1a: Tentacruel
|-damage|p1a: Tentacruel|338\/364
|
|switch|p2a: Krookodile|Krookodile, F|225\/331
|-ability|p2a: Krookodile|Intimidate|[of] p1a: Tentacruel
|-unboost|p1a: Tentacruel|atk|1
|
|-heal|p1a: Tentacruel|360\/364|[from] item: Black Sludge
|turn|12
|
|move|p2a: Krookodile|Earthquake|p1a: Tentacruel
|-supereffective|p1a: Tentacruel
|-damage|p1a: Tentacruel|28\/364
|move|p1a: Tentacruel|Toxic Spikes|p2a: Krookodile
|-sidestart|p2: dudman|move: Toxic Spikes
|
|-heal|p1a: Tentacruel|50\/364|[from] item: Black Sludge
|turn|13
|
|switch|p1a: Hydreigon|Hydreigon, M|261\/325
|move|p2a: Krookodile|Knock Off|p1a: Hydreigon
|-resisted|p1a: Hydreigon
|-damage|p1a: Hydreigon|147\/325
|-enditem|p1a: Hydreigon|Life Orb|[from] move: Knock Off|[of] p2a: Krookodile
|
|turn|14
|
|switch|p2a: Suicune|Suicune|359\/367
|-status|p2a: Suicune|psn
|-ability|p2a: Suicune|Pressure
|move|p1a: Hydreigon|Draco Meteor|p2a: Suicune
|-damage|p2a: Suicune|175\/367 psn
|-unboost|p1a: Hydreigon|spa|2
|
|-heal|p2a: Suicune|197\/367 psn|[from] item: Leftovers
|-damage|p2a: Suicune|152\/367 psn|[from] psn
|turn|15
|
|switch|p1a: Umbreon|Umbreon, M|394\/394
|move|p2a: Suicune|Scald|p1a: Umbreon
|-damage|p1a: Umbreon|319\/394
|
|-heal|p2a: Suicune|174\/367 psn|[from] item: Leftovers
|-heal|p1a: Umbreon|343\/394|[from] item: Leftovers
|-damage|p2a: Suicune|129\/367 psn|[from] psn
|turn|16
|
|switch|p2a: Aggron|Aggron, F|344\/344
|move|p1a: Umbreon|Wish|p1a: Umbreon
|
|-heal|p1a: Umbreon|367\/394|[from] item: Leftovers
|turn|17
|
|switch|p1a: Gligar|Gligar, M|94\/333
|detailschange|p2a: Aggron|Aggron-Mega, F
|message|Aggron has Mega Evolved into Mega Aggron!
|move|p2a: Aggron|Heavy Slam|p1a: Gligar
|-damage|p1a: Gligar|0 fnt
|faint|p1a: Gligar
|
|c| Bob the Bro|how much atk do you run
|c|★xMarth|oh cmon gligar way to suck
|c|★dudman|lol
|
|switch|p1a: Tentacruel|Tentacruel, F|50\/364
|turn|18
|c|★dudman|a lot of attack
|c|★dudman|and also speed
|c| Bob the Bro|kek
|c| Bob the Bro|new meta
|c| Bob the Bro|fastgron
|
|switch|p2a: Chandelure|Chandelure, F|261\/261
|-status|p2a: Chandelure|psn
|move|p1a: Tentacruel|Scald|p2a: Chandelure
|-supereffective|p2a: Chandelure
|-damage|p2a: Chandelure|79\/261 psn
|
|-heal|p1a: Tentacruel|72\/364|[from] item: Black Sludge
|-damage|p2a: Chandelure|47\/261 psn|[from] psn
|turn|19
|
|switch|p1a: Hydreigon|Hydreigon, M|147\/325
|move|p2a: Chandelure|Trick|p1a: Hydreigon
|-activate|p2a: Chandelure|move: Trick|[of] p1a: Hydreigon
|-item|p1a: Hydreigon|Choice Specs|[from] move: Trick
|
|-damage|p2a: Chandelure|15\/261 psn|[from] psn
|turn|20
|c|★dudman|honestly i'd prefer this over life orb
|c|★xMarth|yea cause specs sucks
|c|★dudman|ya kek
|
|move|p1a: Hydreigon|Flash Cannon|p2a: Chandelure
|-resisted|p2a: Chandelure
|-damage|p2a: Chandelure|0 fnt
|faint|p2a: Chandelure
|
|
|switch|p2a: Aggron|Aggron-Mega, F|344\/344
|turn|21
|
|switch|p1a: Tentacruel|Tentacruel, F|72\/364
|move|p2a: Aggron|Earthquake|p1a: Tentacruel
|-supereffective|p1a: Tentacruel
|-damage|p1a: Tentacruel|0 fnt
|faint|p1a: Tentacruel
|
|
|switch|p1a: Hydreigon|Hydreigon, M|147\/325
|turn|22
|c| Bob the Bro|eat up this fire blast
|
|switch|p2a: Suicune|Suicune|129\/367 psn
|-ability|p2a: Suicune|Pressure
|move|p1a: Hydreigon|Dark Pulse|p2a: Suicune
|-damage|p2a: Suicune|0 fnt
|faint|p2a: Suicune
|
|
|switch|p2a: Mienshao|Mienshao, M|271\/271
|-status|p2a: Mienshao|psn
|turn|23
|c|★xMarth|dodge imo
|
|move|p2a: Mienshao|U-turn|p1a: Hydreigon
|-supereffective|p1a: Hydreigon
|-damage|p1a: Hydreigon|0 fnt
|faint|p1a: Hydreigon
|c|★dudman|ebic dodge
|c|★dudman|1 sec 
|
|switch|p2a: Aggron|Aggron-Mega, F|344\/344
|
|
|switch|p1a: Umbreon|Umbreon, M|367\/394
|turn|24
|
|move|p1a: Umbreon|Foul Play|p2a: Aggron
|-damage|p2a: Aggron|253\/344
|move|p2a: Aggron|Heavy Slam|p1a: Umbreon
|-damage|p1a: Umbreon|169\/394
|
|-heal|p1a: Umbreon|193\/394|[from] item: Leftovers
|turn|25
|
|move|p1a: Umbreon|Moonlight|p1a: Umbreon
|-heal|p1a: Umbreon|390\/394
|move|p2a: Aggron|Stealth Rock|p1a: Umbreon
|-sidestart|p1: xMarth|move: Stealth Rock
|
|-heal|p1a: Umbreon|394\/394|[from] item: Leftovers
|turn|26
|c|★dudman|nb
|
|switch|p2a: Krookodile|Krookodile, F|225\/331
|-status|p2a: Krookodile|psn
|-ability|p2a: Krookodile|Intimidate|[of] p1a: Umbreon
|-unboost|p1a: Umbreon|atk|1
|move|p1a: Umbreon|Wish|p1a: Umbreon
|
|-damage|p2a: Krookodile|184\/331 psn|[from] psn
|turn|27
|
|move|p2a: Krookodile|Knock Off|p1a: Umbreon
|-resisted|p1a: Umbreon
|-damage|p1a: Umbreon|307\/394
|-enditem|p1a: Umbreon|Leftovers|[from] move: Knock Off|[of] p2a: Krookodile
|move|p1a: Umbreon|Foul Play|p2a: Krookodile
|-resisted|p2a: Krookodile
|-damage|p2a: Krookodile|91\/331 psn
|
|-heal|p1a: Umbreon|394\/394|[from] move: Wish|[wisher] Umbreon
|-damage|p2a: Krookodile|50\/331 psn|[from] psn
|turn|28
|
|move|p2a: Krookodile|Taunt|p1a: Umbreon
|-start|p1a: Umbreon|move: Taunt
|cant|p1a: Umbreon|move: Taunt|Wish
|
|-damage|p2a: Krookodile|9\/331 psn|[from] psn
|turn|29
|
|move|p2a: Krookodile|Earthquake|p1a: Umbreon
|-crit|p1a: Umbreon
|-damage|p1a: Umbreon|150\/394
|move|p1a: Umbreon|Foul Play|p2a: Krookodile
|-resisted|p2a: Krookodile
|-damage|p2a: Krookodile|0 fnt
|faint|p2a: Krookodile
|
|c|★dudman|please no dodge
|
|switch|p2a: Mienshao|Mienshao, M|271\/271 psn
|turn|30
|
|move|p2a: Mienshao|High Jump Kick|p1a: Umbreon
|-supereffective|p1a: Umbreon
|-damage|p1a: Umbreon|0 fnt
|faint|p1a: Umbreon
|
|-damage|p2a: Mienshao|238\/271 psn|[from] psn
|
|switch|p1a: Raikou|Raikou|309\/331
|-damage|p1a: Raikou|268\/331|[from] Stealth Rock
|-ability|p1a: Raikou|Pressure
|turn|31
|c|★dudman|sub on the dodge
|c|★dudman|it's the only way
|c|★xMarth|um then i still lose 
|
|move|p2a: Mienshao|High Jump Kick|p1a: Raikou
|-damage|p1a: Raikou|0 fnt
|faint|p1a: Raikou
|
|win|dudman
|raw|Ladder updating...
|c|★dudman|yeah true ol
|c|★dudman|gg tho
|raw|xMarth's rating: 1775 &rarr; <strong>1752<\/strong><br \/>(-23 for losing)
|raw|dudman's rating: 1710 &rarr; <strong>1734<\/strong><br \/>(+24 for winning)
|c|★xMarth|gg
|leave|xMarth
|player|p1
|leave|Bob the Bro
|join|Bob the Bro
|leave|Bob the Bro