|join|dudman
|join|waiv
|player|p1|dudman|171
|player|p2|waiv|286
|gametype|singles
|gen|6
|tier|UU
|rated
|rule|Sleep Clause Mod: Limit one foe put to sleep
|rule|Species Clause: Limit one of each Pokémon
|rule|OHKO Clause: OHKO moves are banned
|rule|Moody Clause: Moody is banned
|rule|Evasion Moves Clause: Evasion moves are banned
|rule|Endless Battle Clause: Forcing endless battles is banned
|rule|HP Percentage Mod: HP is shown in percentages
|clearpoke
|poke|p1|Lopunny, M
|poke|p1|Zygarde
|poke|p1|Jirachi
|poke|p1|Celebi
|poke|p1|Nidoqueen, F
|poke|p1|Raikou
|poke|p2|Blissey, F, shiny
|poke|p2|Nidoqueen, F
|poke|p2|Granbull, F
|poke|p2|Gallade, M
|poke|p2|Forretress, M
|poke|p2|Alomomola, F
|rule|Swagger Clause: Swagger is banned
|rule|Baton Pass Clause: Limit one Pokémon knowing Baton Pass
|teampreview
|c|★waiv|o
|c|★dudman|god
|c|★waiv|y u do this dudman
|c|★waiv|;-;
|c|★waiv|i click cancel no cancel
|
|start
|switch|p1a: Nidoqueen|Nidoqueen, F|329\/329
|switch|p2a: Gallade|Gallade, M|278\/278
|turn|1
|
|switch|p1a: Celebi|Celebi|341\/341
|detailschange|p2a: Gallade|Gallade-Mega, M
|message|Gallade has Mega Evolved into Mega Gallade!
|move|p2a: Gallade|Knock Off|p1a: Celebi
|-supereffective|p1a: Celebi
|-damage|p1a: Celebi|81\/341
|-enditem|p1a: Celebi|Choice Scarf|[from] move: Knock Off|[of] p2a: Gallade
|
|turn|2
|join|THE_iTodd
|
|move|p2a: Gallade|Knock Off|p1a: Celebi
|-supereffective|p1a: Celebi
|-damage|p1a: Celebi|0 fnt
|faint|p1a: Celebi
|
|
|switch|p1a: Zygarde|Zygarde|357\/357
|-ability|p1a: Zygarde|Aura Break
|turn|3
|c| THE_iTodd|waiv is shit
|c| THE_iTodd|ez win
|c| THE_iTodd|imo
|c|★dudman|n
|join|DatLatias
|
|move|p2a: Gallade|Close Combat|p1a: Zygarde
|-damage|p1a: Zygarde|156\/357
|-unboost|p2a: Gallade|def|1
|-unboost|p2a: Gallade|spd|1
|move|p1a: Zygarde|Earthquake|p2a: Gallade
|-damage|p2a: Gallade|0 fnt
|-damage|p1a: Zygarde|121\/357|[from] item: Life Orb
|faint|p2a: Gallade
|
|c|★waiv|o
|c|★waiv|that is strong af
|
|switch|p2a: 2 qt|Granbull, F|384\/384
|-ability|p2a: 2 qt|Intimidate|[of] p1a: Zygarde
|-unboost|p1a: Zygarde|atk|1
|turn|4
|c| DatLatias|is that just
|c| DatLatias|stall with a mega gallade
|c|★waiv|nice and lost my win con
|c|★waiv|:s
|c|★dudman|you already won
|
|switch|p2a: majestic casual|Nidoqueen, F|382\/382
|move|p1a: Zygarde|Earthquake|p2a: majestic casual
|-supereffective|p2a: majestic casual
|-damage|p2a: majestic casual|75\/382
|-damage|p1a: Zygarde|86\/357|[from] item: Life Orb
|
|turn|5
|
|switch|p2a: 2 qt|Granbull, F|384\/384
|-ability|p2a: 2 qt|Intimidate|[of] p1a: Zygarde
|-unboost|p1a: Zygarde|atk|1
|move|p1a: Zygarde|Earthquake|p2a: 2 qt
|-damage|p2a: 2 qt|290\/384
|-damage|p1a: Zygarde|51\/357|[from] item: Life Orb
|
|-heal|p2a: 2 qt|314\/384|[from] item: Leftovers
|turn|6
|
|switch|p1a: Nidoqueen|Nidoqueen, F|329\/329
|move|p2a: 2 qt|Play Rough|p1a: Nidoqueen
|-resisted|p1a: Nidoqueen
|-damage|p1a: Nidoqueen|257\/329
|
|-heal|p2a: 2 qt|338\/384|[from] item: Leftovers
|turn|7
|
|switch|p2a: bless u|Blissey, F, shiny|714\/714
|move|p1a: Nidoqueen|Toxic Spikes|p2a: bless u
|-sidestart|p2: waiv|move: Toxic Spikes
|
|turn|8
|
|move|p1a: Nidoqueen|Stealth Rock|p2a: bless u
|-sidestart|p2: waiv|move: Stealth Rock
|move|p2a: bless u|Thunder Wave|p1a: Nidoqueen
|-immune|p1a: Nidoqueen|[msg]
|
|turn|9
|
|switch|p1a: Jirachi|Jirachi|341\/341
|move|p2a: bless u|Wish|p2a: bless u
|
|turn|10
|
|move|p1a: Jirachi|Iron Head|p2a: bless u
|-damage|p2a: bless u|500\/714
|move|p2a: bless u|Seismic Toss|p1a: Jirachi
|-damage|p1a: Jirachi|241\/341
|
|-heal|p2a: bless u|714\/714|[from] move: Wish|[wisher] bless u
|turn|11
|
|switch|p2a: Forretress|Forretress, M|354\/354
|-damage|p2a: Forretress|310\/354|[from] Stealth Rock
|move|p1a: Jirachi|Iron Head|p2a: Forretress
|-resisted|p2a: Forretress
|-damage|p2a: Forretress|278\/354
|
|-heal|p2a: Forretress|300\/354|[from] item: Leftovers
|turn|12
|
|move|p1a: Jirachi|Fire Punch|p2a: Forretress
|-supereffective|p2a: Forretress
|-damage|p2a: Forretress|94\/354
|-status|p2a: Forretress|brn
|move|p2a: Forretress|Rapid Spin|p1a: Jirachi
|-resisted|p1a: Jirachi
|-damage|p1a: Jirachi|237\/341
|-sideend|p2: waiv|Toxic Spikes|[from] move: Rapid Spin|[of] p2a: Forretress
|-sideend|p2: waiv|Stealth Rock|[from] move: Rapid Spin|[of] p2a: Forretress
|
|-heal|p2a: Forretress|116\/354 brn|[from] item: Leftovers
|-damage|p2a: Forretress|72\/354 brn|[from] brn
|turn|13
|
|switch|p2a: Alomomola|Alomomola, F|534\/534
|move|p1a: Jirachi|Fire Punch|p2a: Alomomola
|-resisted|p2a: Alomomola
|-damage|p2a: Alomomola|503\/534
|-damage|p1a: Jirachi|181\/341|[from] item: Rocky Helmet|[of] p2a: Alomomola
|-status|p2a: Alomomola|brn
|
|-damage|p2a: Alomomola|437\/534 brn|[from] brn
|turn|14
|
|move|p1a: Jirachi|Energy Ball|p2a: Alomomola
|-supereffective|p2a: Alomomola
|-damage|p2a: Alomomola|34\/534 brn
|move|p2a: Alomomola|Toxic|p1a: Jirachi
|-fail|p1a: Jirachi
|
|-damage|p2a: Alomomola|0 fnt|[from] brn
|faint|p2a: Alomomola
|c|★waiv|o
|c|★dudman|bop
|c|★waiv|g_g
|-message|waiv forfeited.
|
|win|dudman
|raw|Ladder updating...
|raw|dudman's rating: 1544 &rarr; <strong>1555<\/strong><br \/>(+11 for winning)
|raw|waiv's rating: 1390 &rarr; <strong>1378<\/strong><br \/>(-12 for losing)
|c|★waiv|why do you run
|leave|dudman
|player|p1
|c|★waiv|that
|leave|waiv
|player|p2
|c| DatLatias|kek
|join|warzoid
|leave|DatLatias
|c| THE_iTodd|got
|c| THE_iTodd|em
|c| THE_iTodd|coach
|leave|THE_iTodd