|join|dudman
|join|TTM Styx
|player|p1|dudman|171
|player|p2|TTM Styx|274
|gametype|singles
|gen|6
|tier|UU
|rated
|rule|Sleep Clause Mod: Limit one foe put to sleep
|rule|Species Clause: Limit one of each Pokémon
|rule|OHKO Clause: OHKO moves are banned
|rule|Moody Clause: Moody is banned
|rule|Evasion Moves Clause: Evasion moves are banned
|rule|Endless Battle Clause: Forcing endless battles is banned
|rule|HP Percentage Mod: HP is shown in percentages
|clearpoke
|poke|p1|Zygarde
|poke|p1|Suicune
|poke|p1|Mienshao, F
|poke|p1|Aggron, F
|poke|p1|Chandelure, M
|poke|p1|Whimsicott, M
|poke|p2|Blastoise, F
|poke|p2|Nidoqueen, F
|poke|p2|Haxorus, F, shiny
|poke|p2|Infernape, F
|poke|p2|Celebi
|poke|p2|Jirachi
|rule|Swagger Clause: Swagger is banned
|rule|Baton Pass Clause: Limit one Pokémon knowing Baton Pass
|teampreview
|
|start
|switch|p1a: Suicune|Suicune|367\/367
|switch|p2a: Regina George|Nidoqueen, F|321\/321
|-ability|p1a: Suicune|Pressure
|turn|1
|
|move|p1a: Suicune|Scald|p2a: Regina George
|-supereffective|p2a: Regina George
|-damage|p2a: Regina George|55\/321
|move|p2a: Regina George|Stealth Rock|p1a: Suicune
|-sidestart|p1: dudman|move: Stealth Rock
|
|turn|2
|
|switch|p2a: Rocky Horror|Celebi|404\/404
|move|p1a: Suicune|Ice Beam|p2a: Rocky Horror
|-supereffective|p2a: Rocky Horror
|-damage|p2a: Rocky Horror|274\/404
|
|-heal|p2a: Rocky Horror|299\/404|[from] item: Leftovers
|turn|3
|
|move|p2a: Rocky Horror|U-turn|p1a: Suicune
|-damage|p1a: Suicune|323\/367
|
|switch|p2a: Shellshocker|Blastoise, F|351\/351
|move|p1a: Suicune|Calm Mind|p1a: Suicune
|-boost|p1a: Suicune|spa|1
|-boost|p1a: Suicune|spd|1
|
|-heal|p1a: Suicune|345\/367|[from] item: Leftovers
|turn|4
|
|switch|p2a: Rocky Horror|Celebi|299\/404
|move|p1a: Suicune|Calm Mind|p1a: Suicune
|-boost|p1a: Suicune|spa|1
|-boost|p1a: Suicune|spd|1
|
|-heal|p2a: Rocky Horror|324\/404|[from] item: Leftovers
|-heal|p1a: Suicune|367\/367|[from] item: Leftovers
|turn|5
|
|move|p2a: Rocky Horror|Perish Song|p2a: Rocky Horror
|-fieldactivate|move: Perish Song
|move|p1a: Suicune|Substitute|p1a: Suicune
|-start|p1a: Suicune|Substitute
|-damage|p1a: Suicune|276\/367
|
|-start|p2a: Rocky Horror|perish3
|-start|p1a: Suicune|perish3
|-heal|p2a: Rocky Horror|349\/404|[from] item: Leftovers
|-heal|p1a: Suicune|298\/367|[from] item: Leftovers
|turn|6
|
|move|p2a: Rocky Horror|Giga Drain|p1a: Suicune
|-supereffective|p1a: Suicune
|-activate|p1a: Suicune|Substitute|[damage]
|-heal|p2a: Rocky Horror|389\/404|[from] drain|[of] p1a: Suicune
|move|p1a: Suicune|Ice Beam|p2a: Rocky Horror
|-supereffective|p2a: Rocky Horror
|-damage|p2a: Rocky Horror|109\/404
|
|-start|p2a: Rocky Horror|perish2
|-start|p1a: Suicune|perish2
|-heal|p2a: Rocky Horror|134\/404|[from] item: Leftovers
|-heal|p1a: Suicune|320\/367|[from] item: Leftovers
|turn|7
|
|move|p2a: Rocky Horror|Recover|p2a: Rocky Horror
|-heal|p2a: Rocky Horror|336\/404
|move|p1a: Suicune|Scald|p2a: Rocky Horror
|-resisted|p2a: Rocky Horror
|-damage|p2a: Rocky Horror|244\/404
|
|-start|p2a: Rocky Horror|perish1
|-start|p1a: Suicune|perish1
|-heal|p2a: Rocky Horror|269\/404|[from] item: Leftovers
|-heal|p1a: Suicune|342\/367|[from] item: Leftovers
|turn|8
|
|switch|p1a: Whimsicott|Whimsicott, M|261\/261
|-damage|p1a: Whimsicott|229\/261|[from] Stealth Rock
|move|p2a: Rocky Horror|U-turn|p1a: Whimsicott
|-damage|p1a: Whimsicott|175\/261
|
|switch|p2a: Regina George|Nidoqueen, F|55\/321
|
|-heal|p1a: Whimsicott|191\/261|[from] item: Leftovers
|turn|9
|
|move|p1a: Whimsicott|Giga Drain|p2a: Regina George
|-damage|p2a: Regina George|0 fnt
|-heal|p1a: Whimsicott|219\/261|[from] drain|[of] p2a: Regina George
|faint|p2a: Regina George
|
|-heal|p1a: Whimsicott|235\/261|[from] item: Leftovers
|
|switch|p2a: Shellshocker|Blastoise, F|351\/351
|turn|10
|
|detailschange|p2a: Shellshocker|Blastoise-Mega, F
|message|Blastoise has Mega Evolved into Mega Blastoise!
|move|p1a: Whimsicott|Giga Drain|p2a: Shellshocker
|-crit|p2a: Shellshocker
|-supereffective|p2a: Shellshocker
|-damage|p2a: Shellshocker|87\/351
|-heal|p1a: Whimsicott|261\/261|[from] drain|[of] p2a: Shellshocker
|move|p2a: Shellshocker|Ice Beam|p1a: Whimsicott
|-supereffective|p1a: Whimsicott
|-damage|p1a: Whimsicott|0 fnt
|faint|p1a: Whimsicott
|
|
|switch|p1a: Chandelure|Chandelure, M|261\/261
|-damage|p1a: Chandelure|196\/261|[from] Stealth Rock
|turn|11
|
|move|p1a: Chandelure|Shadow Ball|p2a: Shellshocker
|-damage|p2a: Shellshocker|0 fnt
|faint|p2a: Shellshocker
|
|
|switch|p2a: Blaxorus|Haxorus, F, shiny|297\/297
|-ability|p2a: Blaxorus|Mold Breaker
|turn|12
|
|move|p2a: Blaxorus|Earthquake|p1a: Chandelure
|-supereffective|p1a: Chandelure
|-damage|p1a: Chandelure|0 fnt
|faint|p1a: Chandelure
|
|
|switch|p1a: Suicune|Suicune|342\/367
|-damage|p1a: Suicune|297\/367|[from] Stealth Rock
|-ability|p1a: Suicune|Pressure
|turn|13
|
|switch|p2a: Jonouchi|Jirachi|341\/341
|move|p1a: Suicune|Ice Beam|p2a: Jonouchi
|-resisted|p2a: Jonouchi
|-damage|p2a: Jonouchi|298\/341
|
|-heal|p1a: Suicune|319\/367|[from] item: Leftovers
|turn|14
|
|switch|p1a: Aggron|Aggron, F|323\/323
|-damage|p1a: Aggron|303\/323|[from] Stealth Rock
|move|p2a: Jonouchi|Trick|p1a: Aggron
|-fail|p1a: Aggron
|
|turn|15
|
|switch|p2a: Blaxorus|Haxorus, F, shiny|297\/297
|-ability|p2a: Blaxorus|Mold Breaker
|detailschange|p1a: Aggron|Aggron-Mega, F
|message|Aggron has Mega Evolved into Mega Aggron!
|move|p1a: Aggron|Heavy Slam|p2a: Blaxorus
|-damage|p2a: Blaxorus|122\/297
|
|turn|16
|
|move|p2a: Blaxorus|Earthquake|p1a: Aggron
|-supereffective|p1a: Aggron
|-damage|p1a: Aggron|115\/323
|move|p1a: Aggron|Heavy Slam|p2a: Blaxorus
|-damage|p2a: Blaxorus|0 fnt
|faint|p2a: Blaxorus
|
|
|switch|p2a: Ron Stoppable|Infernape, F|293\/293
|turn|17
|
|move|p2a: Ron Stoppable|Close Combat|p1a: Aggron
|-supereffective|p1a: Aggron
|-damage|p1a: Aggron|0 fnt
|-unboost|p2a: Ron Stoppable|def|1
|-unboost|p2a: Ron Stoppable|spd|1
|faint|p1a: Aggron
|
|
|switch|p1a: Zygarde|Zygarde|357\/357
|-damage|p1a: Zygarde|335\/357|[from] Stealth Rock
|-ability|p1a: Zygarde|Aura Break
|turn|18
|
|move|p2a: Ron Stoppable|Close Combat|p1a: Zygarde
|-damage|p1a: Zygarde|185\/357
|-unboost|p2a: Ron Stoppable|def|1
|-unboost|p2a: Ron Stoppable|spd|1
|move|p1a: Zygarde|Dragon Dance|p1a: Zygarde
|-boost|p1a: Zygarde|atk|1
|-boost|p1a: Zygarde|spe|1
|
|turn|19
|
|move|p2a: Ron Stoppable|Close Combat|p1a: Zygarde
|-damage|p1a: Zygarde|38\/357
|-unboost|p2a: Ron Stoppable|def|1
|-unboost|p2a: Ron Stoppable|spd|1
|move|p1a: Zygarde|Earthquake|p2a: Ron Stoppable
|-supereffective|p2a: Ron Stoppable
|-damage|p2a: Ron Stoppable|0 fnt
|faint|p2a: Ron Stoppable
|
|
|switch|p2a: Jonouchi|Jirachi|298\/341
|turn|20
|
|move|p2a: Jonouchi|U-turn|p1a: Zygarde
|-damage|p1a: Zygarde|0 fnt
|faint|p1a: Zygarde
|
|switch|p2a: Rocky Horror|Celebi|269\/404
|
|-heal|p2a: Rocky Horror|294\/404|[from] item: Leftovers
|
|switch|p1a: Mienshao|Mienshao, F|271\/271
|-damage|p1a: Mienshao|255\/271|[from] Stealth Rock
|turn|21
|
|switch|p2a: Jonouchi|Jirachi|298\/341
|move|p1a: Mienshao|Knock Off|p2a: Jonouchi
|-supereffective|p2a: Jonouchi
|-damage|p2a: Jonouchi|62\/341
|-enditem|p2a: Jonouchi|Choice Scarf|[from] move: Knock Off|[of] p1a: Mienshao
|
|turn|22
|join|secret kekleon
|
|move|p1a: Mienshao|Knock Off|p2a: Jonouchi
|-supereffective|p2a: Jonouchi
|-damage|p2a: Jonouchi|0 fnt
|faint|p2a: Jonouchi
|
|
|switch|p2a: Rocky Horror|Celebi|294\/404
|turn|23
|
|move|p1a: Mienshao|Knock Off|p2a: Rocky Horror
|-supereffective|p2a: Rocky Horror
|-damage|p2a: Rocky Horror|76\/404
|-enditem|p2a: Rocky Horror|Leftovers|[from] move: Knock Off|[of] p1a: Mienshao
|move|p2a: Rocky Horror|Recover|p2a: Rocky Horror
|-heal|p2a: Rocky Horror|278\/404
|
|turn|24
|
|switch|p1a: Suicune|Suicune|319\/367
|-damage|p1a: Suicune|274\/367|[from] Stealth Rock
|-ability|p1a: Suicune|Pressure
|move|p2a: Rocky Horror|Recover|p2a: Rocky Horror
|-heal|p2a: Rocky Horror|404\/404
|
|-heal|p1a: Suicune|296\/367|[from] item: Leftovers
|turn|25
|
|move|p2a: Rocky Horror|Giga Drain|p1a: Suicune
|-supereffective|p1a: Suicune
|-damage|p1a: Suicune|144\/367
|move|p1a: Suicune|Ice Beam|p2a: Rocky Horror
|-supereffective|p2a: Rocky Horror
|-damage|p2a: Rocky Horror|268\/404
|
|-heal|p1a: Suicune|166\/367|[from] item: Leftovers
|turn|26
|
|move|p2a: Rocky Horror|Giga Drain|p1a: Suicune
|-crit|p1a: Suicune
|-supereffective|p1a: Suicune
|-damage|p1a: Suicune|0 fnt
|-heal|p2a: Rocky Horror|351\/404|[from] drain|[of] p1a: Suicune
|faint|p1a: Suicune
|
|
|switch|p1a: Mienshao|Mienshao, F|255\/271
|-damage|p1a: Mienshao|239\/271|[from] Stealth Rock
|turn|27
|
|move|p1a: Mienshao|U-turn|p2a: Rocky Horror
|-supereffective|p2a: Rocky Horror
|-damage|p2a: Rocky Horror|47\/404
|move|p2a: Rocky Horror|Giga Drain|p1a: Mienshao
|-damage|p1a: Mienshao|103\/271
|-heal|p2a: Rocky Horror|115\/404|[from] drain|[of] p1a: Mienshao
|
|turn|28
|leave|secret kekleon
|-message|TTM Styx forfeited.
|
|win|dudman
|raw|Ladder updating...
|leave|TTM Styx
|player|p2
|raw|dudman's rating: 1708 &rarr; <strong>1720<\/strong><br \/>(+12 for winning)
|raw|TTM Styx's rating: 1557 &rarr; <strong>1545<\/strong><br \/>(-12 for losing)