|join|dudman
|join|Living Proof
|player|p1|dudman|171
|player|p2|Living Proof|238
|gametype|singles
|gen|6
|tier|UU
|rated
|rule|Sleep Clause Mod: Limit one foe put to sleep
|rule|Species Clause: Limit one of each Pokémon
|rule|OHKO Clause: OHKO moves are banned
|rule|Moody Clause: Moody is banned
|rule|Evasion Moves Clause: Evasion moves are banned
|rule|Endless Battle Clause: Forcing endless battles is banned
|rule|HP Percentage Mod: HP is shown in percentages
|clearpoke
|poke|p1|Nidoking, M
|poke|p1|Suicune
|poke|p1|Mienshao, M
|poke|p1|Aggron, F
|poke|p1|Chandelure, F
|poke|p1|Whimsicott, F
|poke|p2|Stoutland, M, shiny
|poke|p2|Hippowdon, M
|poke|p2|Forretress, M, shiny
|poke|p2|Togetic, M
|poke|p2|Vaporeon, F
|poke|p2|Chandelure, M
|rule|Swagger Clause: Swagger is banned
|rule|Baton Pass Clause: Limit one Pokémon knowing Baton Pass
|teampreview
|c|★dudman|aw shit
|
|start
|switch|p1a: Nidoking|Nidoking, M|303\/303
|switch|p2a: Atomic Mine|Forretress, M, shiny|354\/354
|turn|1
|
|move|p1a: Nidoking|Toxic Spikes|p2a: Atomic Mine
|-sidestart|p2: Living Proof|move: Toxic Spikes
|move|p2a: Atomic Mine|Gyro Ball|p1a: Nidoking
|-damage|p1a: Nidoking|179\/303
|
|turn|2
|
|move|p1a: Nidoking|Earth Power|p2a: Atomic Mine
|-damage|p2a: Atomic Mine|154\/354
|move|p2a: Atomic Mine|Spikes|p1a: Nidoking
|-sidestart|p1: dudman|Spikes
|
|-heal|p2a: Atomic Mine|176\/354|[from] item: Leftovers
|turn|3
|
|move|p1a: Nidoking|Earth Power|p2a: Atomic Mine
|-damage|p2a: Atomic Mine|0 fnt
|faint|p2a: Atomic Mine
|
|
|switch|p2a: Chandelure|Chandelure, M|261\/261
|-status|p2a: Chandelure|psn
|turn|4
|
|switch|p2a: Grand Stream|Hippowdon, M|419\/419
|-status|p2a: Grand Stream|psn
|-weather|Sandstorm
|move|p1a: Nidoking|Sucker Punch|p2a: Grand Stream
|-fail|p2a: Grand Stream
|
|-weather|Sandstorm|[upkeep]
|-damage|p2a: Grand Stream|367\/419 psn|[from] psn
|turn|5
|
|move|p1a: Nidoking|Ice Beam|p2a: Grand Stream
|-supereffective|p2a: Grand Stream
|-damage|p2a: Grand Stream|136\/419 psn
|move|p2a: Grand Stream|Stealth Rock|p1a: Nidoking
|-sidestart|p1: dudman|move: Stealth Rock
|
|-weather|Sandstorm|[upkeep]
|-damage|p2a: Grand Stream|84\/419 psn|[from] psn
|turn|6
|
|move|p1a: Nidoking|Earth Power|p2a: Grand Stream
|-damage|p2a: Grand Stream|0 fnt
|faint|p2a: Grand Stream
|
|-weather|Sandstorm|[upkeep]
|
|switch|p2a: Madness Hero|Stoutland, M, shiny|311\/311
|-status|p2a: Madness Hero|psn
|turn|7
|
|move|p1a: Nidoking|Sucker Punch|p2a: Madness Hero
|-damage|p2a: Madness Hero|214\/311 psn
|-damage|p1a: Nidoking|149\/303|[from] item: Life Orb
|move|p2a: Madness Hero|Return|p1a: Nidoking
|-damage|p1a: Nidoking|0 fnt
|faint|p1a: Nidoking
|
|-weather|Sandstorm|[upkeep]
|-damage|p2a: Madness Hero|176\/311 psn|[from] psn
|
|switch|p1a: Aggron|Aggron, F|344\/344
|-damage|p1a: Aggron|301\/344|[from] Spikes
|-damage|p1a: Aggron|280\/344|[from] Stealth Rock
|turn|8
|
|switch|p2a: Diamond Dust|Vaporeon, F|449\/449
|-status|p2a: Diamond Dust|psn
|detailschange|p1a: Aggron|Aggron-Mega, F
|message|Aggron has Mega Evolved into Mega Aggron!
|move|p1a: Aggron|Stealth Rock|p2a: Diamond Dust
|-sidestart|p2: Living Proof|move: Stealth Rock
|
|-weather|Sandstorm|[upkeep]
|-damage|p2a: Diamond Dust|421\/449 psn|[from] sandstorm
|-heal|p2a: Diamond Dust|449\/449 psn|[from] item: Leftovers
|-damage|p2a: Diamond Dust|393\/449 psn|[from] psn
|turn|9
|c|★dudman|!learn togetic, healing wish
|raw|<div class="infobox">Togetic <span class="message-learn-cannotlearn">can't<\/span> learn Healing Wish<\/div>
|
|move|p2a: Diamond Dust|Heal Bell|p2a: Diamond Dust
|-cureteam|p2a: Diamond Dust|[from] move: HealBell
|move|p1a: Aggron|Earthquake|p2a: Diamond Dust
|-damage|p2a: Diamond Dust|281\/449
|
|-weather|Sandstorm|[upkeep]
|-damage|p2a: Diamond Dust|253\/449|[from] sandstorm
|-heal|p2a: Diamond Dust|281\/449|[from] item: Leftovers
|turn|10
|
|switch|p1a: Whimsicott|Whimsicott, F|261\/261
|-damage|p1a: Whimsicott|229\/261|[from] Spikes
|-damage|p1a: Whimsicott|197\/261|[from] Stealth Rock
|move|p2a: Diamond Dust|Scald|p1a: Whimsicott
|-resisted|p1a: Whimsicott
|-damage|p1a: Whimsicott|133\/261
|-status|p1a: Whimsicott|brn
|
|-weather|Sandstorm|[upkeep]
|-damage|p1a: Whimsicott|117\/261 brn|[from] sandstorm
|-damage|p2a: Diamond Dust|253\/449|[from] sandstorm
|-heal|p1a: Whimsicott|133\/261 brn|[from] item: Leftovers
|-heal|p2a: Diamond Dust|281\/449|[from] item: Leftovers
|-damage|p1a: Whimsicott|101\/261 brn|[from] brn
|turn|11
|join|DatLatias
|c| DatLatias|r u losing
|
|switch|p2a: Togetic|Togetic, M|313\/313
|-damage|p2a: Togetic|235\/313|[from] Stealth Rock
|move|p1a: Whimsicott|Giga Drain|p2a: Togetic
|-resisted|p2a: Togetic
|-damage|p2a: Togetic|208\/313
|-heal|p1a: Whimsicott|115\/261 brn|[from] drain|[of] p2a: Togetic
|
|-weather|none
|-heal|p1a: Whimsicott|131\/261 brn|[from] item: Leftovers
|-damage|p1a: Whimsicott|99\/261 brn|[from] brn
|turn|12
|
|move|p1a: Whimsicott|U-turn|p2a: Togetic
|-resisted|p2a: Togetic
|-damage|p2a: Togetic|205\/313
|
|switch|p1a: Aggron|Aggron-Mega, F|280\/344
|-damage|p1a: Aggron|237\/344|[from] Spikes
|-damage|p1a: Aggron|216\/344|[from] Stealth Rock
|move|p2a: Togetic|Baton Pass|p2a: Togetic
|
|switch|p2a: Diamond Dust|Vaporeon, F|281\/449
|-status|p2a: Diamond Dust|psn
|-damage|p2a: Diamond Dust|225\/449 psn|[from] Stealth Rock
|
|-heal|p2a: Diamond Dust|253\/449 psn|[from] item: Leftovers
|-damage|p2a: Diamond Dust|197\/449 psn|[from] psn
|turn|13
|
|move|p2a: Diamond Dust|Wish|p2a: Diamond Dust
|move|p1a: Aggron|Earthquake|p2a: Diamond Dust
|-damage|p2a: Diamond Dust|74\/449 psn
|
|-heal|p2a: Diamond Dust|102\/449 psn|[from] item: Leftovers
|-damage|p2a: Diamond Dust|46\/449 psn|[from] psn
|turn|14
|
|move|p2a: Diamond Dust|Protect|p2a: Diamond Dust
|-singleturn|p2a: Diamond Dust|Protect
|move|p1a: Aggron|Roar|p2a: Diamond Dust
|drag|p2a: Chandelure|Chandelure, M|261\/261
|-damage|p2a: Chandelure|196\/261|[from] Stealth Rock
|-status|p2a: Chandelure|psn
|
|-heal|p2a: Chandelure|261\/261 psn|[from] move: Wish|[wisher] Diamond Dust
|-damage|p2a: Chandelure|229\/261 psn|[from] psn
|turn|15
|
|switch|p1a: Whimsicott|Whimsicott, F|99\/261 brn
|-damage|p1a: Whimsicott|67\/261 brn|[from] Stealth Rock
|-damage|p1a: Whimsicott|35\/261 brn|[from] Spikes
|move|p2a: Chandelure|Flamethrower|p1a: Whimsicott
|-supereffective|p1a: Whimsicott
|-damage|p1a: Whimsicott|0 fnt
|faint|p1a: Whimsicott
|
|-damage|p2a: Chandelure|197\/261 psn|[from] psn
|
|switch|p1a: Suicune|Suicune|365\/365
|-damage|p1a: Suicune|320\/365|[from] Spikes
|-damage|p1a: Suicune|275\/365|[from] Stealth Rock
|-ability|p1a: Suicune|Pressure
|turn|16
|c|★Living Proof|My other team would've faired better
|
|switch|p2a: Togetic|Togetic, M|205\/313
|-damage|p2a: Togetic|127\/313|[from] Stealth Rock
|move|p1a: Suicune|Calm Mind|p1a: Suicune
|-boost|p1a: Suicune|spa|1
|-boost|p1a: Suicune|spd|1
|
|-heal|p1a: Suicune|297\/365|[from] item: Leftovers
|turn|17
|
|move|p1a: Suicune|Ice Beam|p2a: Togetic
|-supereffective|p2a: Togetic
|-damage|p2a: Togetic|0 fnt
|faint|p2a: Togetic
|
|-heal|p1a: Suicune|319\/365|[from] item: Leftovers
|
|switch|p2a: Madness Hero|Stoutland, M, shiny|176\/311
|-damage|p2a: Madness Hero|138\/311|[from] Stealth Rock
|-status|p2a: Madness Hero|psn
|turn|18
|
|move|p2a: Madness Hero|Return|p1a: Suicune
|-damage|p1a: Suicune|141\/365
|move|p1a: Suicune|Scald|p2a: Madness Hero
|-damage|p2a: Madness Hero|0 fnt
|faint|p2a: Madness Hero
|
|-heal|p1a: Suicune|163\/365|[from] item: Leftovers
|
|switch|p2a: Chandelure|Chandelure, M|197\/261 psn
|-damage|p2a: Chandelure|132\/261 psn|[from] Stealth Rock
|turn|19
|
|move|p2a: Chandelure|Shadow Ball|p1a: Suicune
|-damage|p1a: Suicune|67\/365
|move|p1a: Suicune|Scald|p2a: Chandelure
|-supereffective|p2a: Chandelure
|-damage|p2a: Chandelure|0 fnt
|faint|p2a: Chandelure
|
|-heal|p1a: Suicune|89\/365|[from] item: Leftovers
|-message|Living Proof forfeited.
|
|win|dudman
|raw|Ladder updating...
|raw|dudman's rating: 1656 &rarr; <strong>1676<\/strong><br \/>(+20 for winning)
|raw|Living Proof's rating: 1649 &rarr; <strong>1629<\/strong><br \/>(-20 for losing)
|c|★Living Proof|Welplaid
|leave|Living Proof
|player|p2
|leave|DatLatias