|join|Meruu
|join|dudman
|player|p1|Meruu|174
|player|p2|dudman|171
|gametype|singles
|gen|6
|tier|UU
|rated
|rule|Sleep Clause Mod: Limit one foe put to sleep
|rule|Species Clause: Limit one of each Pokémon
|rule|OHKO Clause: OHKO moves are banned
|rule|Moody Clause: Moody is banned
|rule|Evasion Moves Clause: Evasion moves are banned
|rule|Endless Battle Clause: Forcing endless battles is banned
|rule|HP Percentage Mod: HP is shown in percentages
|clearpoke
|poke|p1|Heliolisk, M
|poke|p1|Swampert, F
|poke|p1|Klefki, M
|poke|p1|Kingdra, F
|poke|p1|Togekiss, F
|poke|p1|Donphan, F
|poke|p2|Slowking, F
|poke|p2|Diancie
|poke|p2|Cofagrigus, M
|poke|p2|Rhyperior, M
|poke|p2|Escavalier, M
|poke|p2|Omastar, F
|rule|Swagger Clause: Swagger is banned
|rule|Baton Pass Clause: Limit one Pokémon knowing Baton Pass
|teampreview
|c|★Meruu|ur ded m8
|c|★dudman|o no
|join|3D Gameboy
|
|start
|switch|p1a: Kingdra|Kingdra, F|301\/301
|switch|p2a: 'SMASHING'|Omastar, F|281\/281
|turn|1
|
|move|p1a: Kingdra|Scald|p2a: 'SMASHING'
|-damage|p2a: 'SMASHING'|49\/281
|move|p2a: 'SMASHING'|Stealth Rock|p1a: Kingdra
|-sidestart|p1: Meruu|move: Stealth Rock
|
|turn|2
|
|switch|p2a: 'KNOCK OFF'|Slowking, F|394\/394
|move|p1a: Kingdra|Scald|p2a: 'KNOCK OFF'
|-resisted|p2a: 'KNOCK OFF'
|-damage|p2a: 'KNOCK OFF'|310\/394
|
|turn|3
|
|switch|p1a: Heliolisk|Heliolisk, M|265\/265
|-damage|p1a: Heliolisk|232\/265|[from] Stealth Rock
|move|p2a: 'KNOCK OFF'|Trick Room|p2a: 'KNOCK OFF'
|-fieldstart|move: Trick Room|[of] p2a: 'KNOCK OFF'
|
|turn|4
|
|switch|p2a: 'RESIST'|Escavalier, M|344\/344
|move|p1a: Heliolisk|Thunder|p2a: 'RESIST'
|-damage|p2a: 'RESIST'|130\/344
|-status|p2a: 'RESIST'|par
|-damage|p1a: Heliolisk|206\/265|[from] item: Life Orb
|
|turn|5
|join|Super Mario Kek
|join|AlldaAlts
|
|switch|p1a: Klefki|Klefki, M|318\/318
|-damage|p1a: Klefki|299\/318|[from] Stealth Rock
|cant|p2a: 'RESIST'|par
|
|turn|6
|c| 3D Gameboy|that luck
|
|move|p1a: Klefki|Spikes|p2a: 'RESIST'
|-sidestart|p2: dudman|Spikes
|move|p2a: 'RESIST'|Iron Head|p1a: Klefki
|-damage|p1a: Klefki|50\/318
|
|turn|7
|
|switch|p2a: 'SMASHING'|Omastar, F|49\/281
|-damage|p2a: 'SMASHING'|14\/281|[from] Spikes
|move|p1a: Klefki|Spikes|p2a: 'SMASHING'
|-sidestart|p2: dudman|Spikes
|
|-fieldend|move: Trick Room
|turn|8
|c|★dudman|don't magic coat
|
|switch|p1a: Heliolisk|Heliolisk, M|206\/265
|-damage|p1a: Heliolisk|173\/265|[from] Stealth Rock
|move|p2a: 'SMASHING'|Toxic Spikes|p1a: Heliolisk
|-sidestart|p1: Meruu|move: Toxic Spikes
|
|turn|9
|c|★Meruu|fu
|
|move|p1a: Heliolisk|Surf|p2a: 'SMASHING'
|-crit|p2a: 'SMASHING'
|-damage|p2a: 'SMASHING'|0 fnt
|-damage|p1a: Heliolisk|147\/265|[from] item: Life Orb
|faint|p2a: 'SMASHING'
|
|c|★dudman|ah nice
|
|switch|p2a: 'FORRETRESS'|Cofagrigus, M|320\/320
|-damage|p2a: 'FORRETRESS'|267\/320|[from] Spikes
|turn|10
|
|move|p1a: Heliolisk|Thunder|p2a: 'FORRETRESS'
|-damage|p2a: 'FORRETRESS'|68\/320
|-status|p2a: 'FORRETRESS'|par
|-damage|p1a: Heliolisk|121\/265|[from] item: Life Orb
|cant|p2a: 'FORRETRESS'|par
|
|-heal|p2a: 'FORRETRESS'|88\/320 par|[from] item: Leftovers
|turn|11
|join|watfor
|c|★Meruu|bop
|c|★Meruu|:]
|c|★dudman|and that's how good players win games
|c|★Meruu|yuh,,,
|c|★Meruu|still kos
|c|★Meruu|c00
|
|move|p1a: Heliolisk|Surf|p2a: 'FORRETRESS'
|-damage|p2a: 'FORRETRESS'|0 fnt
|-damage|p1a: Heliolisk|95\/265|[from] item: Life Orb
|faint|p2a: 'FORRETRESS'
|
|
|switch|p2a: 'OFFENSE'|Diancie|241\/241
|-damage|p2a: 'OFFENSE'|201\/241|[from] Spikes
|turn|12
|c|★dudman|para
|
|move|p1a: Heliolisk|Surf|p2a: 'OFFENSE'
|-supereffective|p2a: 'OFFENSE'
|-damage|p2a: 'OFFENSE'|40\/241
|-damage|p1a: Heliolisk|69\/265|[from] item: Life Orb
|move|p2a: 'OFFENSE'|Trick Room|p2a: 'OFFENSE'
|-fieldstart|move: Trick Room|[of] p2a: 'OFFENSE'
|
|turn|13
|c|★Meruu|did u mevo
|c|★Meruu|or not
|c|★dudman|read
|c|★Meruu|???
|c|★Meruu|is that a no
|c|★Meruu|the game is being weird
|c|★Meruu|;[
|c|★dudman|i didn't
|c|★Meruu|why not
|c|★Meruu|o.o
|c| watfor|he is tr
|c| watfor|mega diancie
|c|★dudman|because i woud have 110 base speed
|c| watfor|is fast
|c| watfor|ye
|c|★Meruu|but
|c|★dudman|and i would die from surf
|c|★Meruu|u r mega diancie
|c|★Meruu|right?
|c| watfor|he isn't
|c|★Meruu|then why isnt his
|c|★Meruu|icon coming up
|c|★dudman|wtf are you talkign about
|c|★dudman|i'm not mega
|
|move|p2a: 'OFFENSE'|Moonblast|p1a: Heliolisk
|-damage|p1a: Heliolisk|0 fnt
|-damage|p2a: 'OFFENSE'|16\/241|[from] item: Life Orb
|faint|p1a: Heliolisk
|
|c|★Meruu|ur icon isnt on
|c| watfor|meruu
|c| 3D Gameboy|..what icon?
|c| watfor|there are issues on
|c| watfor|the showdown server
|
|switch|p1a: Klefki|Klefki, M|50\/318
|-damage|p1a: Klefki|31\/318|[from] Stealth Rock
|turn|14
|c| watfor|some sprites
|c| watfor|aren't rendered properly
|c| watfor|probly just on your side tho
|
|move|p1a: Klefki|Rain Dance|p1a: Klefki
|-weather|RainDance
|move|p2a: 'OFFENSE'|Moonblast|p1a: Klefki
|-resisted|p1a: Klefki
|-damage|p1a: Klefki|0 fnt
|-damage|p2a: 'OFFENSE'|0 fnt|[from] item: Life Orb
|faint|p1a: Klefki
|faint|p2a: 'OFFENSE'
|
|-weather|RainDance|[upkeep]
|c|★Meruu|i thought it was only new megas
|c|★dudman|what is your klef set
|c| watfor|he is rain dance spikes
|c|★Meruu|rain\/twave\/spikes\/flash cannon
|c|★dudman|no shit
|c|★dudman|oh ok
|c| watfor|ye
|c| watfor|couldn't recall your last 2 :[
|
|switch|p1a: Kingdra|Kingdra, F|301\/301
|switch|p2a: 'COUNTER'|Rhyperior, M|434\/434
|-damage|p2a: 'COUNTER'|362\/434|[from] Spikes
|-damage|p1a: Kingdra|264\/301|[from] Stealth Rock
|-status|p1a: Kingdra|psn
|turn|15
|
|move|p2a: 'COUNTER'|Earthquake|p1a: Kingdra
|-damage|p1a: Kingdra|1\/301 psn
|-damage|p2a: 'COUNTER'|319\/434|[from] item: Life Orb
|move|p1a: Kingdra|Scald|p2a: 'COUNTER'
|-supereffective|p2a: 'COUNTER'
|-damage|p2a: 'COUNTER'|0 fnt
|faint|p2a: 'COUNTER'
|
|-weather|RainDance|[upkeep]
|-damage|p1a: Kingdra|0 fnt|[from] psn
|faint|p1a: Kingdra
|c| watfor|dat 1%
|c|★Meruu|catch this deth,,,
|c|★dudman|simply amazing plays
|
|switch|p1a: Donphan|Donphan, F|334\/334
|switch|p2a: 'RESIST'|Escavalier, M|130\/344 par
|-damage|p2a: 'RESIST'|73\/344 par|[from] Spikes
|-damage|p1a: Donphan|314\/334|[from] Stealth Rock
|-status|p1a: Donphan|psn
|turn|16
|
|move|p2a: 'RESIST'|Megahorn|p1a: Donphan
|-damage|p1a: Donphan|0 fnt
|faint|p1a: Donphan
|
|-weather|RainDance|[upkeep]
|-fieldend|move: Trick Room
|c|★Meruu|oml
|
|switch|p1a: Swampert|Swampert, F|361\/361
|-status|p1a: Swampert|psn
|-damage|p1a: Swampert|339\/361 psn|[from] Stealth Rock
|turn|17
|
|detailschange|p1a: Swampert|Swampert-Mega, F
|message|Swampert has Mega Evolved into Mega Swampert!
|move|p1a: Swampert|Earthquake|p2a: 'RESIST'
|-damage|p2a: 'RESIST'|0 fnt
|faint|p2a: 'RESIST'
|
|-weather|RainDance|[upkeep]
|-damage|p1a: Swampert|294\/361 psn|[from] psn
|
|switch|p2a: 'KNOCK OFF'|Slowking, F|394\/394
|-damage|p2a: 'KNOCK OFF'|329\/394|[from] Spikes
|turn|18
|c|★dudman|gr8 game
|
|move|p1a: Swampert|Earthquake|p2a: 'KNOCK OFF'
|-damage|p2a: 'KNOCK OFF'|52\/394
|move|p2a: 'KNOCK OFF'|Trick Room|p2a: 'KNOCK OFF'
|-fieldstart|move: Trick Room|[of] p2a: 'KNOCK OFF'
|
|-weather|RainDance|[upkeep]
|-damage|p1a: Swampert|249\/361 psn|[from] psn
|turn|19
|leave|Super Mario Kek
|c|★Meruu|thxx
|
|move|p2a: 'KNOCK OFF'|Scald|p1a: Swampert
|-damage|p1a: Swampert|80\/361 psn
|move|p1a: Swampert|Earthquake|p2a: 'KNOCK OFF'
|-damage|p2a: 'KNOCK OFF'|0 fnt
|faint|p2a: 'KNOCK OFF'
|
|win|Meruu
|raw|Ladder updating...
|leave|dudman
|player|p2
|raw|Meruu's rating: 1481 &rarr; <strong>1504<\/strong><br \/>(+23 for winning)
|raw|dudman's rating: 1532 &rarr; <strong>1509<\/strong><br \/>(-23 for losing)
|leave|3D Gameboy