|join|Savage alby
|join|BigSpore's Alt
|player|p1|Savage alby|2
|player|p2|BigSpore's Alt|93
|gametype|singles
|gen|6
|tier|OU
|rated
|clearpoke
|poke|p1|Metagross
|poke|p1|Landorus, M
|poke|p1|Bisharp, F, shiny
|poke|p1|Azumarill, M
|poke|p1|Jirachi
|poke|p1|Manaphy
|poke|p2|Altaria, F, shiny
|poke|p2|Breloom, M, shiny
|poke|p2|Latias, F
|poke|p2|Excadrill, M, shiny
|poke|p2|Rotom-Wash
|poke|p2|Magnezone, shiny
|rule|Swagger Clause: Swagger is banned
|rule|Baton Pass Clause: Limit one Pokémon knowing Baton Pass
|rule|Sleep Clause Mod: Limit one foe put to sleep
|rule|Species Clause: Limit one of each Pokémon
|rule|OHKO Clause: OHKO moves are banned
|rule|Moody Clause: Moody is banned
|rule|Evasion Moves Clause: Evasion moves are banned
|rule|Endless Battle Clause: Forcing endless battles is banned
|rule|HP Percentage Mod: HP is shown in percentages
|teampreview
|
|start
|switch|p1a: Jirachi|Jirachi|404\/404
|switch|p2a: Froot Loop|Breloom, M, shiny|262\/262
|turn|1
|
|switch|p2a: FUZZ WUZZ|Rotom-Wash|303\/303
|move|p1a: Jirachi|Iron Head|p2a: FUZZ WUZZ
|-resisted|p2a: FUZZ WUZZ
|-damage|p2a: FUZZ WUZZ|286\/303
|
|-heal|p2a: FUZZ WUZZ|303\/303|[from] item: Leftovers
|turn|2
|
|move|p1a: Jirachi|Stealth Rock|p2a: FUZZ WUZZ
|-sidestart|p2: BigSpore's Alt|move: Stealth Rock
|move|p2a: FUZZ WUZZ|Will-O-Wisp|p1a: Jirachi|[miss]
|-miss|p2a: FUZZ WUZZ|p1a: Jirachi
|
|turn|3
|c|★BigSpore's Alt|;_;
|
|move|p1a: Jirachi|Body Slam|p2a: FUZZ WUZZ
|-damage|p2a: FUZZ WUZZ|255\/303
|move|p2a: FUZZ WUZZ|Hydro Pump|p1a: Jirachi|[miss]
|-miss|p2a: FUZZ WUZZ|p1a: Jirachi
|
|-heal|p2a: FUZZ WUZZ|273\/303|[from] item: Leftovers
|turn|4
|c|★BigSpore's Alt|lawl
|c|★BigSpore's Alt|rotum u blind mofo
|
|switch|p1a: Manaphy|Manaphy|403\/403
|move|p2a: FUZZ WUZZ|Will-O-Wisp|p1a: Manaphy
|-status|p1a: Manaphy|brn
|
|-heal|p2a: FUZZ WUZZ|291\/303|[from] item: Leftovers
|-damage|p1a: Manaphy|353\/403 brn|[from] brn
|turn|5
|
|move|p1a: Manaphy|U-turn|p2a: FUZZ WUZZ
|-damage|p2a: FUZZ WUZZ|272\/303
|
|switch|p1a: Landorus|Landorus, M|333\/333
|move|p2a: FUZZ WUZZ|Volt Switch|p1a: Landorus
|-immune|p1a: Landorus|[msg]
|
|-heal|p2a: FUZZ WUZZ|290\/303|[from] item: Leftovers
|turn|6
|
|switch|p1a: Bisharp|Bisharp, F, shiny|271\/271
|move|p2a: FUZZ WUZZ|Hydro Pump|p1a: Bisharp
|-damage|p1a: Bisharp|102\/271
|
|-heal|p2a: FUZZ WUZZ|303\/303|[from] item: Leftovers
|turn|7
|
|move|p1a: Bisharp|Knock Off|p2a: FUZZ WUZZ
|-damage|p2a: FUZZ WUZZ|180\/303
|-enditem|p2a: FUZZ WUZZ|Leftovers|[from] move: Knock Off|[of] p1a: Bisharp
|move|p2a: FUZZ WUZZ|Hydro Pump|p1a: Bisharp|[miss]
|-miss|p2a: FUZZ WUZZ|p1a: Bisharp
|
|turn|8
|
|move|p1a: Bisharp|Knock Off|p2a: FUZZ WUZZ
|-damage|p2a: FUZZ WUZZ|96\/303
|move|p2a: FUZZ WUZZ|Volt Switch|p1a: Bisharp
|-damage|p1a: Bisharp|0 fnt
|faint|p1a: Bisharp
|
|switch|p2a: DigDugPro|Excadrill, M, shiny|362\/362
|-damage|p2a: DigDugPro|351\/362|[from] Stealth Rock
|-ability|p2a: DigDugPro|Mold Breaker
|
|
|switch|p1a: Azumarill|Azumarill, M|350\/350
|turn|9
|
|switch|p2a: FUZZ WUZZ|Rotom-Wash|96\/303
|-damage|p2a: FUZZ WUZZ|59\/303|[from] Stealth Rock
|move|p1a: Azumarill|Aqua Jet|p2a: FUZZ WUZZ
|-resisted|p2a: FUZZ WUZZ
|-damage|p2a: FUZZ WUZZ|30\/303
|
|turn|10
|
|move|p1a: Azumarill|Aqua Jet|p2a: FUZZ WUZZ
|-resisted|p2a: FUZZ WUZZ
|-damage|p2a: FUZZ WUZZ|0 fnt
|faint|p2a: FUZZ WUZZ
|
|
|switch|p2a: Strawberry|Latias, F|319\/319
|-damage|p2a: Strawberry|280\/319|[from] Stealth Rock
|turn|11
|
|move|p2a: Strawberry|Defog|p1a: Azumarill
|-unboost|p1a: Azumarill|evasion|1
|-sideend|p2: BigSpore's Alt|Stealth Rock|[from] move: Defog|[of] p2a: Strawberry
|move|p1a: Azumarill|Knock Off|p2a: Strawberry
|-supereffective|p2a: Strawberry
|-damage|p2a: Strawberry|0 fnt
|-enditem|p2a: Strawberry|Life Orb|[from] move: Knock Off|[of] p1a: Azumarill
|faint|p2a: Strawberry
|
|
|switch|p2a: Froot Loop|Breloom, M, shiny|262\/262
|turn|12
|
|switch|p1a: Manaphy|Manaphy|353\/403 brn
|move|p2a: Froot Loop|Spore|p1a: Manaphy
|-fail|p1a: Manaphy
|
|-heal|p1a: Manaphy|378\/403 brn|[from] item: Leftovers
|-damage|p1a: Manaphy|328\/403 brn|[from] brn
|turn|13
|
|move|p1a: Manaphy|U-turn|p2a: Froot Loop
|-damage|p2a: Froot Loop|233\/262
|
|switch|p1a: Jirachi|Jirachi|404\/404
|move|p2a: Froot Loop|Bullet Seed|p1a: Jirachi
|-resisted|p1a: Jirachi
|-damage|p1a: Jirachi|372\/404
|-resisted|p1a: Jirachi
|-damage|p1a: Jirachi|342\/404
|-resisted|p1a: Jirachi
|-damage|p1a: Jirachi|308\/404
|-resisted|p1a: Jirachi
|-damage|p1a: Jirachi|278\/404
|-resisted|p1a: Jirachi
|-damage|p1a: Jirachi|247\/404
|-hitcount|p1a: Jirachi|5
|
|-heal|p1a: Jirachi|272\/404|[from] item: Leftovers
|turn|14
|
|switch|p2a: Pussy Pull|Magnezone, shiny|281\/281
|move|p1a: Jirachi|Stealth Rock|p2a: Pussy Pull
|-sidestart|p2: BigSpore's Alt|move: Stealth Rock
|
|-heal|p1a: Jirachi|297\/404|[from] item: Leftovers
|turn|15
|
|move|p2a: Pussy Pull|Thunderbolt|p1a: Jirachi
|-damage|p1a: Jirachi|167\/404
|move|p1a: Jirachi|Healing Wish|p1a: Jirachi
|faint|p1a: Jirachi
|
|
|switch|p1a: Manaphy|Manaphy|328\/403 brn
|-heal|p1a: Manaphy|403\/403|[from] move: Healing Wish
|turn|16
|
|switch|p1a: Landorus|Landorus, M|333\/333
|move|p2a: Pussy Pull|Thunderbolt|p1a: Landorus
|-immune|p1a: Landorus|[msg]
|
|turn|17
|
|switch|p2a: DigDugPro|Excadrill, M, shiny|351\/362
|-damage|p2a: DigDugPro|340\/362|[from] Stealth Rock
|-ability|p2a: DigDugPro|Mold Breaker
|move|p1a: Landorus|Rock Polish|p1a: Landorus
|-boost|p1a: Landorus|spe|2
|
|turn|18
|
|move|p1a: Landorus|Earth Power|p2a: DigDugPro
|-supereffective|p2a: DigDugPro
|-damage|p2a: DigDugPro|0 fnt
|faint|p2a: DigDugPro
|
|c|★BigSpore's Alt|welp fuck
|c|★BigSpore's Alt|gg
|-message|BigSpore's Alt forfeited.
|
|win|Savage alby
|raw|Ladder updating...
|leave|BigSpore's Alt
|player|p2
|c|★Savage alby|Gg
|raw|Savage alby's rating: 1637 &rarr; <strong>1654<\/strong><br \/>(+17 for winning)
|raw|BigSpore&apos;s Alt's rating: 1587 &rarr; <strong>1570<\/strong><br \/>(-17 for losing)