|join|pokemontester20
|join|thefallingpony
|player|p1|pokemontester20|131
|player|p2|thefallingpony|1
|gametype|singles
|gen|6
|tier|UU
|rated
|rule|Sleep Clause Mod: Limit one foe put to sleep
|rule|Species Clause: Limit one of each Pokémon
|rule|OHKO Clause: OHKO moves are banned
|rule|Moody Clause: Moody is banned
|rule|Evasion Moves Clause: Evasion moves are banned
|rule|Endless Battle Clause: Forcing endless battles is banned
|rule|HP Percentage Mod: HP is shown in percentages
|clearpoke
|poke|p1|Goodra, F
|poke|p1|Swampert, F
|poke|p1|Pelipper, F
|poke|p1|Muk, F
|poke|p1|Alakazam, M
|poke|p1|Kingdra, F
|poke|p2|Machamp, M
|poke|p2|Noivern, F, shiny
|poke|p2|Azelf
|poke|p2|Toxicroak, F
|poke|p2|Aggron, M, shiny
|poke|p2|Kingdra, M
|rule|Swagger Clause: Swagger is banned
|rule|Baton Pass Clause: Limit one Pokémon knowing Baton Pass
|teampreview
|
|start
|switch|p1a: Alakazam|Alakazam, M|251\/251
|switch|p2a: Aggron|Aggron, M, shiny|344\/344
|turn|1
|
|detailschange|p2a: Aggron|Aggron-Mega, M, shiny
|-mega|p2a: Aggron|Aggron|Aggronite
|move|p1a: Alakazam|Focus Blast|p2a: Aggron
|-supereffective|p2a: Aggron
|-damage|p2a: Aggron|94\/344
|move|p2a: Aggron|Thunder Wave|p1a: Alakazam
|-status|p1a: Alakazam|par
|
|turn|2
|
|move|p2a: Aggron|Iron Head|p1a: Alakazam
|-enditem|p1a: Alakazam|Focus Sash
|-damage|p1a: Alakazam|1\/251 par
|move|p1a: Alakazam|Shadow Ball|p2a: Aggron
|-crit|p2a: Aggron
|-damage|p2a: Aggron|0 fnt
|faint|p2a: Aggron
|
|
|switch|p2a: Machamp|Machamp, M|322\/322
|turn|3
|
|move|p2a: Machamp|Knock Off|p1a: Alakazam
|-supereffective|p1a: Alakazam
|-damage|p1a: Alakazam|0 fnt
|faint|p1a: Alakazam
|
|
|switch|p1a: Pelipper|Pelipper, F|323\/323
|turn|4
|
|switch|p2a: Kingdra|Kingdra, M|354\/354
|move|p1a: Pelipper|Rain Dance|p1a: Pelipper
|-weather|RainDance
|
|-weather|RainDance|[upkeep]
|turn|5
|
|move|p2a: Kingdra|Draco Meteor|p1a: Pelipper
|-damage|p1a: Pelipper|0 fnt
|-unboost|p2a: Kingdra|spa|2
|faint|p1a: Pelipper
|
|-weather|RainDance|[upkeep]
|
|switch|p1a: Swampert|Swampert, F|361\/361
|turn|6
|
|switch|p2a: Toxicroak|Toxicroak, F|370\/370
|detailschange|p1a: Swampert|Swampert-Mega, F
|-mega|p1a: Swampert|Swampert|Swampertite
|move|p1a: Swampert|Earthquake|p2a: Toxicroak
|-supereffective|p2a: Toxicroak
|-damage|p2a: Toxicroak|0 fnt
|faint|p2a: Toxicroak
|
|-weather|RainDance|[upkeep]
|
|switch|p2a: Azelf|Azelf|291\/291
|turn|7
|
|move|p1a: Swampert|Waterfall|p2a: Azelf
|-enditem|p2a: Azelf|Focus Sash
|-damage|p2a: Azelf|1\/291
|move|p2a: Azelf|Stealth Rock|p1a: Swampert
|-sidestart|p1: pokemontester20|move: Stealth Rock
|
|-weather|RainDance|[upkeep]
|turn|8
|
|move|p1a: Swampert|Waterfall|p2a: Azelf
|-damage|p2a: Azelf|0 fnt
|faint|p2a: Azelf
|
|-weather|RainDance|[upkeep]
|
|switch|p2a: Kingdra|Kingdra, M|354\/354
|turn|9
|
|move|p1a: Swampert|Ice Punch|p2a: Kingdra
|-damage|p2a: Kingdra|234\/354
|move|p2a: Kingdra|Dragon Pulse|p1a: Swampert
|-damage|p1a: Swampert|177\/361
|
|-weather|RainDance|[upkeep]
|turn|10
|
|move|p1a: Swampert|Earthquake|p2a: Kingdra
|-damage|p2a: Kingdra|6\/354
|move|p2a: Kingdra|Dragon Pulse|p1a: Swampert
|-damage|p1a: Swampert|0 fnt
|faint|p1a: Swampert
|
|-weather|RainDance|[upkeep]
|
|switch|p1a: Muk|Muk, F|352\/352
|-damage|p1a: Muk|308\/352|[from] Stealth Rock
|turn|11
|
|move|p1a: Muk|Shadow Sneak|p2a: Kingdra
|-damage|p2a: Kingdra|0 fnt
|faint|p2a: Kingdra
|
|-weather|none
|
|switch|p2a: Machamp|Machamp, M|322\/322
|turn|12
|
|move|p2a: Machamp|Dynamic Punch|p1a: Muk
|-resisted|p1a: Muk
|-damage|p1a: Muk|191\/352
|-start|p1a: Muk|confusion
|-activate|p1a: Muk|confusion
|move|p1a: Muk|Poison Jab|p2a: Machamp
|-damage|p2a: Machamp|162\/322
|
|turn|13
|
|move|p2a: Machamp|Dynamic Punch|p1a: Muk
|-resisted|p1a: Muk
|-damage|p1a: Muk|81\/352
|-activate|p1a: Muk|confusion
|-damage|p1a: Muk|27\/352|[from] confusion
|
|turn|14
|
|-end|p1a: Muk|confusion
|move|p1a: Muk|Shadow Sneak|p2a: Machamp
|-damage|p2a: Machamp|102\/322
|move|p2a: Machamp|Dynamic Punch|p1a: Muk
|-resisted|p1a: Muk
|-damage|p1a: Muk|0 fnt
|faint|p1a: Muk
|
|
|switch|p1a: Kingdra|Kingdra, F|307\/307
|-damage|p1a: Kingdra|269\/307|[from] Stealth Rock
|turn|15
|
|move|p2a: Machamp|Dynamic Punch|p1a: Kingdra
|-damage|p1a: Kingdra|89\/307
|-start|p1a: Kingdra|confusion
|-activate|p1a: Kingdra|confusion
|move|p1a: Kingdra|Draco Meteor|p2a: Machamp
|-damage|p2a: Machamp|0 fnt
|-unboost|p1a: Kingdra|spa|2
|faint|p2a: Machamp
|
|
|switch|p2a: Noivern|Noivern, F, shiny|311\/311
|turn|16
|c|★pokemontester20|wow that's slow
|
|move|p2a: Noivern|Dragon Pulse|p1a: Kingdra
|-supereffective|p1a: Kingdra
|-damage|p1a: Kingdra|0 fnt
|faint|p1a: Kingdra
|
|
|switch|p1a: Goodra|Goodra, F|384\/384
|-damage|p1a: Goodra|336\/384|[from] Stealth Rock
|turn|17
|c|★thefallingpony|what?
|c|★pokemontester20|my kingdra
|
|move|p2a: Noivern|Dragon Pulse|p1a: Goodra
|-supereffective|p1a: Goodra
|-damage|p1a: Goodra|118\/384
|move|p1a: Goodra|Dragon Pulse|p2a: Noivern
|-supereffective|p2a: Noivern
|-damage|p2a: Noivern|35\/311
|
|-heal|p1a: Goodra|142\/384|[from] item: Leftovers
|turn|18
|c|★thefallingpony|scarfed champ lol
|c|★pokemontester20|oh
|c|★thefallingpony|next big thing
|c|★pokemontester20|lol
|
|move|p2a: Noivern|Dragon Pulse|p1a: Goodra
|-supereffective|p1a: Goodra
|-damage|p1a: Goodra|0 fnt
|faint|p1a: Goodra
|
|win|thefallingpony
|raw|Ladder updating...
|c|★thefallingpony|haha
|c|★pokemontester20|gg
|raw|pokemontester20's rating: 1372 &rarr; <strong>1344<\/strong><br \/>(-28 for losing)
|raw|thefallingpony's rating: 1219 &rarr; <strong>1254<\/strong><br \/>(+35 for winning)
|c|★thefallingpony|gg
|c|★thefallingpony|lol scarfed champ op