|join|poek69x
|join|GreenKnuckle
|player|p1|poek69x|283
|player|p2|GreenKnuckle|170
|gametype|singles
|gen|6
|tier|OU
|rated
|clearpoke
|poke|p1|Conkeldurr, F
|poke|p1|Sableye, F
|poke|p1|Heatran, F
|poke|p1|Starmie
|poke|p1|Dragonite, M
|poke|p1|Venusaur, F
|poke|p2|Gardevoir, F
|poke|p2|Mamoswine, F
|poke|p2|Magnezone
|poke|p2|Bisharp, M
|poke|p2|Conkeldurr, M
|poke|p2|Latios, M
|rule|Swagger Clause: Swagger is banned
|rule|Baton Pass Clause: Limit one Pokémon knowing Baton Pass
|rule|Sleep Clause Mod: Limit one foe put to sleep
|rule|Species Clause: Limit one of each Pokémon
|rule|OHKO Clause: OHKO moves are banned
|rule|Moody Clause: Moody is banned
|rule|Evasion Moves Clause: Evasion moves are banned
|rule|Endless Battle Clause: Forcing endless battles is banned
|rule|HP Percentage Mod: HP is reported as percentages
|teampreview
|
|start
|switch|p1a: Conkeldurr|Conkeldurr, F|395\/395
|switch|p2a: Magnezone|Magnezone|287\/287
|turn|1
|
|move|p2a: Magnezone|Volt Switch|p1a: Conkeldurr
|-damage|p1a: Conkeldurr|209\/395
|
|switch|p2a: Latios|Latios, M|301\/301
|move|p1a: Conkeldurr|Drain Punch|p2a: Latios
|-resisted|p2a: Latios
|-damage|p2a: Latios|170\/301
|-heal|p1a: Conkeldurr|275\/395|[from] drain|[of] p2a: Latios
|-damage|p1a: Conkeldurr|236\/395|[from] item: Life Orb
|
|turn|2
|
|switch|p1a: Heatran|Heatran, F|334\/334
|-item|p1a: Heatran|Air Balloon
|move|p2a: Latios|Draco Meteor|p1a: Heatran|[miss]
|-miss|p2a: Latios|p1a: Heatran
|
|turn|3
|
|move|p2a: Latios|Psyshock|p1a: Heatran
|-resisted|p1a: Heatran
|-damage|p1a: Heatran|252\/334
|-enditem|p1a: Heatran|Air Balloon
|-damage|p2a: Latios|140\/301|[from] item: Life Orb
|move|p1a: Heatran|Stealth Rock|p2a: Latios
|-sidestart|p2: GreenKnuckle|move: Stealth Rock
|
|turn|4
|
|switch|p2a: Conkeldurr|Conkeldurr, M|357\/357
|-damage|p2a: Conkeldurr|335\/357|[from] Stealth Rock
|switch|p1a: Sableye|Sableye, F|304\/304
|
|turn|5
|
|switch|p1a: Venusaur|Venusaur, F|359\/359
|move|p2a: Conkeldurr|Knock Off|p1a: Venusaur
|-damage|p1a: Venusaur|248\/359
|
|turn|6
|
|switch|p2a: Latios|Latios, M|140\/301
|-damage|p2a: Latios|103\/301|[from] Stealth Rock
|detailschange|p1a: Venusaur|Venusaur-Mega, F
|message|Venusaur has Mega Evolved into Mega Venusaur!
|move|p1a: Venusaur|Giga Drain|p2a: Latios
|-resisted|p2a: Latios
|-damage|p2a: Latios|35\/301
|-heal|p1a: Venusaur|282\/359|[from] drain|[of] p2a: Latios
|
|turn|7
|
|switch|p1a: Starmie|Starmie|261\/261
|move|p2a: Latios|Defog|p1a: Starmie
|-unboost|p1a: Starmie|evasion|1
|-sideend|p2: GreenKnuckle|Stealth Rock|[from] move: Defog|[of] p2a: Latios
|
|turn|8
|
|switch|p2a: Magnezone|Magnezone|287\/287
|move|p1a: Starmie|Psyshock|p2a: Magnezone
|-resisted|p2a: Magnezone
|-damage|p2a: Magnezone|193\/287
|-damage|p1a: Starmie|235\/261|[from] item: Life Orb
|
|turn|9
|
|move|p1a: Starmie|Hydro Pump|p2a: Magnezone
|-damage|p2a: Magnezone|0 fnt
|-damage|p1a: Starmie|209\/261|[from] item: Life Orb
|faint|p2a: Magnezone
|
|
|switch|p2a: Bisharp|Bisharp, M|299\/299
|turn|10
|
|move|p1a: Starmie|Hydro Pump|p2a: Bisharp
|-damage|p2a: Bisharp|7\/299
|-damage|p1a: Starmie|183\/261|[from] item: Life Orb
|move|p2a: Bisharp|Iron Head|p1a: Starmie
|-resisted|p1a: Starmie
|-damage|p1a: Starmie|61\/261
|-damage|p2a: Bisharp|0 fnt|[from] item: Life Orb
|faint|p2a: Bisharp
|
|chat|GreenKnuckle|smart guys dont predict, huh
|chat|GreenKnuckle|good game, idiot
|chat|poek69x|lol
|-message|GreenKnuckle forfeited.
|
|win|poek69x
|raw|Ladder updating...
|leave|GreenKnuckle
|player|p2
|chat|poek69x|i predicted u
|raw|poek69x's rating: 1589 &rarr; <strong>1610<\/strong><br \/>(+21 for winning)
|raw|GreenKnuckle's rating: 1594 &rarr; <strong>1573<\/strong><br \/>(-21 for losing)