|join|poek69x
|join|CheckmateWeee
|player|p1|poek69x|283
|player|p2|CheckmateWeee|2
|gametype|singles
|gen|6
|tier|OU
|rated
|clearpoke
|poke|p1|Pinsir, F
|poke|p1|Magnezone
|poke|p1|Talonflame, F
|poke|p1|Azelf
|poke|p1|Azumarill, F
|poke|p1|Bisharp, M
|poke|p2|Gyarados, F
|poke|p2|Talonflame, F
|poke|p2|Zapdos
|poke|p2|Landorus-Therian, M
|poke|p2|Jirachi
|poke|p2|Kyurem-Black
|rule|Swagger Clause: Swagger is banned
|rule|Baton Pass Clause: Limit one Pokémon knowing Baton Pass
|rule|Sleep Clause Mod: Limit one foe put to sleep
|rule|Species Clause: Limit one of each Pokémon
|rule|OHKO Clause: OHKO moves are banned
|rule|Moody Clause: Moody is banned
|rule|Evasion Moves Clause: Evasion moves are banned
|rule|Endless Battle Clause: Forcing endless battles is banned
|rule|HP Percentage Mod: HP is shown in percentages
|teampreview
|join|azogue
|
|start
|switch|p1a: Azelf|Azelf|291\/291
|switch|p2a: Landorus-Therian|Landorus-Therian, M|382\/382
|-ability|p2a: Landorus-Therian|Intimidate|[of] p1a: Azelf
|-unboost|p1a: Azelf|atk|1
|turn|1
|
|move|p1a: Azelf|Taunt|p2a: Landorus-Therian
|-start|p2a: Landorus-Therian|move: Taunt
|move|p2a: Landorus-Therian|U-turn|p1a: Azelf
|-supereffective|p1a: Azelf
|-damage|p1a: Azelf|93\/291
|
|switch|p2a: Talonflame|Talonflame, F|345\/345
|
|turn|2
|
|switch|p1a: Magnezone|Magnezone|281\/281
|move|p2a: Talonflame|Brave Bird|p1a: Magnezone
|-resisted|p1a: Magnezone
|-damage|p1a: Magnezone|239\/281
|-damage|p2a: Talonflame|331\/345|[from] recoil|[of] p1a: Magnezone
|
|turn|3
|
|switch|p1a: Talonflame|Talonflame, F|297\/297
|switch|p2a: Landorus-Therian|Landorus-Therian, M|382\/382
|-ability|p2a: Landorus-Therian|Intimidate|[of] p1a: Talonflame
|-unboost|p1a: Talonflame|atk|1
|
|turn|4
|
|move|p1a: Talonflame|Swords Dance|p1a: Talonflame
|-boost|p1a: Talonflame|atk|2
|move|p2a: Landorus-Therian|Stealth Rock|p1a: Talonflame
|-sidestart|p1: poek69x|move: Stealth Rock
|
|turn|5
|
|move|p1a: Talonflame|Brave Bird|p2a: Landorus-Therian
|-damage|p2a: Landorus-Therian|177\/382
|-damage|p1a: Talonflame|229\/297|[from] recoil|[of] p2a: Landorus-Therian
|move|p2a: Landorus-Therian|Knock Off|p1a: Talonflame
|-damage|p1a: Talonflame|91\/297
|-enditem|p1a: Talonflame|Sharp Beak|[from] move: Knock Off|[of] p2a: Landorus-Therian
|
|-heal|p2a: Landorus-Therian|200\/382|[from] item: Leftovers
|turn|6
|
|switch|p2a: Zapdos|Zapdos|384\/384
|-ability|p2a: Zapdos|Pressure
|move|p1a: Talonflame|Roost|p1a: Talonflame
|-heal|p1a: Talonflame|240\/297
|
|turn|7
|
|move|p1a: Talonflame|Flare Blitz|p2a: Zapdos
|-damage|p2a: Zapdos|188\/384
|-damage|p1a: Talonflame|175\/297|[from] recoil|[of] p2a: Zapdos
|move|p2a: Zapdos|Thunderbolt|p1a: Talonflame
|-supereffective|p1a: Talonflame
|-damage|p1a: Talonflame|0 fnt
|faint|p1a: Talonflame
|
|-heal|p2a: Zapdos|212\/384|[from] item: Leftovers
|
|switch|p1a: Azelf|Azelf|93\/291
|-damage|p1a: Azelf|57\/291|[from] Stealth Rock
|turn|8
|
|move|p1a: Azelf|Stealth Rock|p2a: Zapdos
|-sidestart|p2: CheckmateWeee|move: Stealth Rock
|move|p2a: Zapdos|Thunderbolt|p1a: Azelf
|-crit|p1a: Azelf
|-damage|p1a: Azelf|0 fnt
|faint|p1a: Azelf
|
|-heal|p2a: Zapdos|236\/384|[from] item: Leftovers
|
|switch|p1a: Bisharp|Bisharp, M|271\/271
|-damage|p1a: Bisharp|255\/271|[from] Stealth Rock
|turn|9
|
|move|p1a: Bisharp|Sucker Punch|p2a: Zapdos
|-damage|p2a: Zapdos|51\/384
|-damage|p1a: Bisharp|228\/271|[from] item: Life Orb
|move|p2a: Zapdos|Heat Wave|p1a: Bisharp
|-supereffective|p1a: Bisharp
|-damage|p1a: Bisharp|0 fnt
|faint|p1a: Bisharp
|
|-heal|p2a: Zapdos|75\/384|[from] item: Leftovers
|
|switch|p1a: Pinsir|Pinsir, F|271\/271
|-damage|p1a: Pinsir|204\/271|[from] Stealth Rock
|turn|10
|
|move|p1a: Pinsir|Frustration|p2a: Zapdos
|-damage|p2a: Zapdos|0 fnt
|faint|p2a: Zapdos
|
|
|switch|p2a: Kyurem-Black|Kyurem-Black|413\/413
|-damage|p2a: Kyurem-Black|310\/413|[from] Stealth Rock
|-ability|p2a: Kyurem-Black|Teravolt
|turn|11
|
|switch|p1a: Magnezone|Magnezone|239\/281
|-damage|p1a: Magnezone|222\/281|[from] Stealth Rock
|move|p2a: Kyurem-Black|Ice Beam|p1a: Magnezone
|-resisted|p1a: Magnezone
|-damage|p1a: Magnezone|147\/281
|
|turn|12
|
|move|p1a: Magnezone|Volt Switch|p2a: Kyurem-Black
|-resisted|p2a: Kyurem-Black
|-damage|p2a: Kyurem-Black|238\/413
|
|switch|p1a: Pinsir|Pinsir, F|204\/271
|-damage|p1a: Pinsir|137\/271|[from] Stealth Rock
|move|p2a: Kyurem-Black|Earth Power|p1a: Pinsir
|-resisted|p1a: Pinsir
|-damage|p1a: Pinsir|75\/271
|
|turn|13
|
|detailschange|p1a: Pinsir|Pinsir-Mega, F
|message|Pinsir has Mega Evolved into Mega Pinsir!
|move|p2a: Kyurem-Black|Ice Beam|p1a: Pinsir
|-supereffective|p1a: Pinsir
|-damage|p1a: Pinsir|0 fnt
|faint|p1a: Pinsir
|
|
|switch|p1a: Magnezone|Magnezone|147\/281
|-damage|p1a: Magnezone|130\/281|[from] Stealth Rock
|turn|14
|c| azogue|.\/forfeit
|
|switch|p2a: Landorus-Therian|Landorus-Therian, M|200\/382
|-damage|p2a: Landorus-Therian|153\/382|[from] Stealth Rock
|-ability|p2a: Landorus-Therian|Intimidate|[of] p1a: Magnezone
|-unboost|p1a: Magnezone|atk|1
|move|p1a: Magnezone|Flash Cannon|p2a: Landorus-Therian
|-damage|p2a: Landorus-Therian|0 fnt
|faint|p2a: Landorus-Therian
|
|
|switch|p2a: Jirachi|Jirachi|341\/341
|-damage|p2a: Jirachi|320\/341|[from] Stealth Rock
|turn|15
|
|move|p2a: Jirachi|Iron Head|p1a: Magnezone
|-resisted|p1a: Magnezone
|-damage|p1a: Magnezone|106\/281
|cant|p1a: Magnezone|flinch
|
|turn|16
|
|move|p2a: Jirachi|Iron Head|p1a: Magnezone
|-resisted|p1a: Magnezone
|-damage|p1a: Magnezone|82\/281
|move|p1a: Magnezone|Flash Cannon|p2a: Jirachi
|-resisted|p2a: Jirachi
|-damage|p2a: Jirachi|248\/341
|
|turn|17
|
|move|p2a: Jirachi|Iron Head|p1a: Magnezone
|-resisted|p1a: Magnezone
|-damage|p1a: Magnezone|57\/281
|move|p1a: Magnezone|Flash Cannon|p2a: Jirachi
|-resisted|p2a: Jirachi
|-damage|p2a: Jirachi|173\/341
|
|turn|18
|
|move|p2a: Jirachi|Iron Head|p1a: Magnezone
|-resisted|p1a: Magnezone
|-damage|p1a: Magnezone|33\/281
|move|p1a: Magnezone|Flash Cannon|p2a: Jirachi
|-resisted|p2a: Jirachi
|-damage|p2a: Jirachi|107\/341
|
|turn|19
|
|move|p2a: Jirachi|Iron Head|p1a: Magnezone
|-resisted|p1a: Magnezone
|-damage|p1a: Magnezone|8\/281
|cant|p1a: Magnezone|flinch
|
|turn|20
|
|move|p2a: Jirachi|Iron Head|p1a: Magnezone
|-crit|p1a: Magnezone
|-resisted|p1a: Magnezone
|-damage|p1a: Magnezone|0 fnt
|faint|p1a: Magnezone
|
|
|switch|p1a: Azumarill|Azumarill, F|341\/341
|-damage|p1a: Azumarill|299\/341|[from] Stealth Rock
|turn|21
|
|move|p2a: Jirachi|Iron Head|p1a: Azumarill
|-damage|p1a: Azumarill|149\/341
|-enditem|p1a: Azumarill|Sitrus Berry|[eat]
|-heal|p1a: Azumarill|234\/341|[from] item: Sitrus Berry
|move|p1a: Azumarill|Belly Drum|p1a: Azumarill
|-damage|p1a: Azumarill|64\/341
|-setboost|p1a: Azumarill|atk|6|[from] move: Belly Drum
|
|turn|22
|
|move|p1a: Azumarill|Aqua Jet|p2a: Jirachi
|-damage|p2a: Jirachi|0 fnt
|faint|p2a: Jirachi
|
|
|switch|p2a: Talonflame|Talonflame, F|331\/345
|-damage|p2a: Talonflame|159\/345|[from] Stealth Rock
|turn|23
|
|move|p2a: Talonflame|Brave Bird|p1a: Azumarill
|-damage|p1a: Azumarill|0 fnt
|-damage|p2a: Talonflame|138\/345|[from] recoil|[of] p1a: Azumarill
|faint|p1a: Azumarill
|
|win|CheckmateWeee
|raw|Ladder updating...
|leave|poek69x
|player|p1
|leave|azogue
|raw|poek69x's rating: 1742 &rarr; <strong>1708<\/strong><br \/>(-34 for losing)
|raw|CheckmateWeee's rating: 1462 &rarr; <strong>1495<\/strong><br \/>(+33 for winning)