|join|Casual Tester
|join|Smethingssin
|player|p1|Casual Tester|101
|player|p2|Smethingssin|11
|gametype|singles
|gen|6
|tier|UU
|rated
|rule|Sleep Clause Mod: Limit one foe put to sleep
|rule|Species Clause: Limit one of each Pokémon
|rule|OHKO Clause: OHKO moves are banned
|rule|Moody Clause: Moody is banned
|rule|Evasion Moves Clause: Evasion moves are banned
|rule|Endless Battle Clause: Forcing endless battles is banned
|rule|HP Percentage Mod: HP is shown in percentages
|clearpoke
|poke|p1|Haxorus, F
|poke|p1|Magneton
|poke|p1|Togekiss, M
|poke|p1|Rotom-Heat
|poke|p1|Rhyperior, F
|poke|p1|Amoonguss, M
|poke|p2|Absol, F
|poke|p2|Galvantula, F
|poke|p2|Nidoking, M
|poke|p2|Gallade, M
|poke|p2|Mienshao, M
|poke|p2|Victini
|rule|Swagger Clause: Swagger is banned
|rule|Baton Pass Clause: Limit one Pokémon knowing Baton Pass
|teampreview
|
|start
|switch|p1a: Rotom-Heat|Rotom-Heat|303\/303
|switch|p2a: Victini|Victini|341\/341
|turn|1
|
|move|p2a: Victini|Zen Headbutt|p1a: Rotom-Heat
|-damage|p1a: Rotom-Heat|144\/303
|move|p1a: Rotom-Heat|Discharge|p2a: Victini
|-damage|p2a: Victini|251\/341
|
|-heal|p1a: Rotom-Heat|162\/303|[from] item: Leftovers
|turn|2
|
|switch|p2a: Nidoking|Nidoking, M|304\/304
|switch|p1a: Rhyperior|Rhyperior, F|415\/415
|
|turn|3
|
|move|p2a: Nidoking|Earth Power|p1a: Rhyperior
|-supereffective|p1a: Rhyperior
|-damage|p1a: Rhyperior|0 fnt
|faint|p1a: Rhyperior
|
|
|switch|p1a: Rotom-Heat|Rotom-Heat|162\/303
|turn|4
|
|move|p2a: Nidoking|Sludge Wave|p1a: Rotom-Heat
|-damage|p1a: Rotom-Heat|20\/303
|move|p1a: Rotom-Heat|Will-O-Wisp|p2a: Nidoking
|-status|p2a: Nidoking|brn
|
|-heal|p1a: Rotom-Heat|38\/303|[from] item: Leftovers
|-damage|p2a: Nidoking|266\/304 brn|[from] brn
|turn|5
|
|move|p2a: Nidoking|Sludge Wave|p1a: Rotom-Heat
|-damage|p1a: Rotom-Heat|0 fnt
|faint|p1a: Rotom-Heat
|
|-damage|p2a: Nidoking|228\/304 brn|[from] brn
|
|switch|p1a: Amoonguss|Amoonguss, M|370\/370
|turn|6
|
|move|p2a: Nidoking|Fire Blast|p1a: Amoonguss
|-supereffective|p1a: Amoonguss
|-damage|p1a: Amoonguss|105\/370
|move|p1a: Amoonguss|Giga Drain|p2a: Nidoking
|-damage|p2a: Nidoking|129\/304 brn
|-heal|p1a: Amoonguss|155\/370|[from] drain|[of] p2a: Nidoking
|
|-heal|p1a: Amoonguss|178\/370|[from] item: Leftovers
|-damage|p2a: Nidoking|91\/304 brn|[from] brn
|turn|7
|
|move|p2a: Nidoking|Ice Beam|p1a: Amoonguss
|-crit|p1a: Amoonguss
|-supereffective|p1a: Amoonguss
|-damage|p1a: Amoonguss|0 fnt
|faint|p1a: Amoonguss
|
|-damage|p2a: Nidoking|53\/304 brn|[from] brn
|
|switch|p1a: Togekiss|Togekiss, M|371\/371
|turn|8
|
|move|p2a: Nidoking|Sludge Wave|p1a: Togekiss
|-supereffective|p1a: Togekiss
|-damage|p1a: Togekiss|0 fnt
|faint|p1a: Togekiss
|
|-damage|p2a: Nidoking|15\/304 brn|[from] brn
|-message|Casual Tester forfeited.
|
|win|Smethingssin
|raw|Ladder updating...
|raw|Casual Tester's rating: 1436 &rarr; <strong>1415<\/strong><br \/>(-21 for losing)
|raw|Smethingssin's rating: 1425 &rarr; <strong>1445<\/strong><br \/>(+20 for winning)
|leave|Casual Tester
|player|p1