|join|aZo Rekt
|join|Casual Tester
|player|p1|aZo Rekt|143
|player|p2|Casual Tester|265
|gametype|singles
|gen|6
|tier|UU
|rated
|rule|Sleep Clause Mod: Limit one foe put to sleep
|rule|Species Clause: Limit one of each Pokémon
|rule|OHKO Clause: OHKO moves are banned
|rule|Moody Clause: Moody is banned
|rule|Evasion Moves Clause: Evasion moves are banned
|rule|Endless Battle Clause: Forcing endless battles is banned
|rule|HP Percentage Mod: HP is shown in percentages
|clearpoke
|poke|p1|Swampert, F
|poke|p1|Dugtrio, M
|poke|p1|Haxorus, M
|poke|p1|Jirachi
|poke|p1|Absol, M
|poke|p1|Whimsicott, F
|poke|p2|Ampharos, F
|poke|p2|Metagross
|poke|p2|Moltres
|poke|p2|Crobat, M
|poke|p2|Diancie
|poke|p2|Mienshao, F
|rule|Swagger Clause: Swagger is banned
|rule|Baton Pass Clause: Limit one Pokémon knowing Baton Pass
|teampreview
|
|start
|switch|p1a: Jirachi|Jirachi|341\/341
|switch|p2a: Mienshao|Mienshao, F|271\/271
|turn|1
|
|move|p1a: Jirachi|U-turn|p2a: Mienshao
|-resisted|p2a: Mienshao
|-damage|p2a: Mienshao|220\/271
|
|switch|p1a: Whimsicott|Whimsicott, F|323\/323
|move|p2a: Mienshao|U-turn|p1a: Whimsicott
|-damage|p1a: Whimsicott|201\/323
|-damage|p2a: Mienshao|193\/271|[from] item: Life Orb
|
|switch|p2a: Crobat|Crobat, M|311\/311
|
|-heal|p1a: Whimsicott|221\/323|[from] item: Leftovers
|turn|2
|
|switch|p1a: Swampert|Swampert, F|401\/401
|move|p2a: Crobat|U-turn|p1a: Swampert
|-damage|p1a: Swampert|346\/401
|
|switch|p2a: Mienshao|Mienshao, F|271\/271
|
|-heal|p1a: Swampert|371\/401|[from] item: Leftovers
|turn|3
|
|move|p2a: Mienshao|Grass Knot|p1a: Swampert
|-supereffective|p1a: Swampert
|-damage|p1a: Swampert|23\/401
|-damage|p2a: Mienshao|244\/271|[from] item: Life Orb
|move|p1a: Swampert|Stealth Rock|p2a: Mienshao
|-sidestart|p2: Casual Tester|move: Stealth Rock
|
|-heal|p1a: Swampert|48\/401|[from] item: Leftovers
|turn|4
|
|move|p2a: Mienshao|U-turn|p1a: Swampert
|-damage|p1a: Swampert|0 fnt
|-damage|p2a: Mienshao|217\/271|[from] item: Life Orb
|faint|p1a: Swampert
|
|switch|p2a: Diancie|Diancie|301\/301
|-damage|p2a: Diancie|264\/301|[from] Stealth Rock
|-item|p2a: Diancie|Air Balloon
|
|
|switch|p1a: Jirachi|Jirachi|341\/341
|turn|5
|
|switch|p2a: Ampharos|Ampharos, F|384\/384
|-damage|p2a: Ampharos|336\/384|[from] Stealth Rock
|move|p1a: Jirachi|U-turn|p2a: Ampharos
|-damage|p2a: Ampharos|257\/384
|
|switch|p1a: Col.Trash is a fag|Dugtrio, M|211\/211
|
|turn|6
|
|detailschange|p2a: Ampharos|Ampharos-Mega, F
|message|Ampharos has Mega Evolved into Mega Ampharos!
|-ability|p2a: Ampharos|Mold Breaker
|move|p1a: Col.Trash is a fag|Earthquake|p2a: Ampharos
|-supereffective|p2a: Ampharos
|-damage|p2a: Ampharos|0 fnt
|faint|p2a: Ampharos
|
|
|switch|p2a: Diancie|Diancie|264\/301
|-damage|p2a: Diancie|227\/301|[from] Stealth Rock
|-item|p2a: Diancie|Air Balloon
|turn|7
|
|switch|p1a: Jirachi|Jirachi|341\/341
|move|p2a: Diancie|Stealth Rock|p1a: Jirachi
|-sidestart|p1: aZo Rekt|move: Stealth Rock
|
|turn|8
|
|move|p1a: Jirachi|Iron Head|p2a: Diancie
|-supereffective|p2a: Diancie
|-damage|p2a: Diancie|0 fnt
|-enditem|p2a: Diancie|Air Balloon
|faint|p2a: Diancie
|
|
|switch|p2a: Mienshao|Mienshao, F|271\/271
|-damage|p2a: Mienshao|255\/271|[from] Stealth Rock
|turn|9
|
|move|p1a: Jirachi|Iron Head|p2a: Mienshao
|-damage|p2a: Mienshao|66\/271
|move|p2a: Mienshao|Knock Off|p1a: Jirachi
|-supereffective|p1a: Jirachi
|-damage|p1a: Jirachi|58\/341
|-enditem|p1a: Jirachi|Choice Scarf|[from] move: Knock Off|[of] p2a: Mienshao
|-damage|p2a: Mienshao|39\/271|[from] item: Life Orb
|
|turn|10
|
|move|p2a: Mienshao|U-turn|p1a: Jirachi
|-damage|p1a: Jirachi|0 fnt
|-damage|p2a: Mienshao|12\/271|[from] item: Life Orb
|faint|p1a: Jirachi
|
|switch|p2a: Crobat|Crobat, M|311\/311
|-damage|p2a: Crobat|234\/311|[from] Stealth Rock
|
|-heal|p2a: Crobat|253\/311|[from] item: Leftovers
|
|switch|p1a: Col.Trash is a fag|Dugtrio, M|211\/211
|-damage|p1a: Col.Trash is a fag|198\/211|[from] Stealth Rock
|turn|11
|
|move|p2a: Crobat|Defog|p1a: Col.Trash is a fag
|-unboost|p1a: Col.Trash is a fag|evasion|1
|-sideend|p1: aZo Rekt|Stealth Rock|[from] move: Defog|[of] p1a: Col.Trash is a fag
|-sideend|p2: Casual Tester|Stealth Rock|[from] move: Defog|[of] p2a: Crobat
|move|p1a: Col.Trash is a fag|Memento|p2a: Crobat
|-unboost|p2a: Crobat|atk|2
|-unboost|p2a: Crobat|spa|2
|faint|p1a: Col.Trash is a fag
|
|-heal|p2a: Crobat|272\/311|[from] item: Leftovers
|
|switch|p1a: Gosu is a fag|Absol, M|271\/271
|turn|12
|
|detailschange|p1a: Gosu is a fag|Absol-Mega, M
|message|Absol has Mega Evolved into Mega Absol!
|move|p2a: Crobat|Brave Bird|p1a: Gosu is a fag
|-damage|p1a: Gosu is a fag|148\/271
|-damage|p2a: Crobat|231\/311|[from] recoil|[of] p1a: Gosu is a fag
|move|p1a: Gosu is a fag|Swords Dance|p1a: Gosu is a fag
|-boost|p1a: Gosu is a fag|atk|2
|
|-heal|p2a: Crobat|250\/311|[from] item: Leftovers
|turn|13
|
|move|p1a: Gosu is a fag|Sucker Punch|p2a: Crobat
|-damage|p2a: Crobat|0 fnt
|faint|p2a: Crobat
|
|
|switch|p2a: Moltres|Moltres|321\/321
|-ability|p2a: Moltres|Pressure
|turn|14
|
|move|p1a: Gosu is a fag|Sucker Punch|p2a: Moltres
|-damage|p2a: Moltres|0 fnt
|faint|p2a: Moltres
|
|
|switch|p2a: Mienshao|Mienshao, F|102\/271
|turn|15
|
|move|p1a: Gosu is a fag|Knock Off|p2a: Mienshao
|-resisted|p2a: Mienshao
|-damage|p2a: Mienshao|0 fnt
|-enditem|p2a: Mienshao|Life Orb|[from] move: Knock Off|[of] p1a: Gosu is a fag
|faint|p2a: Mienshao
|
|
|switch|p2a: Metagross|Metagross|301\/301
|-item|p2a: Metagross|Air Balloon
|turn|16
|-message|Casual Tester forfeited.
|leave|Casual Tester
|
|win|aZo Rekt
|raw|Ladder updating...
|raw|aZo Rekt's rating: 1382 &rarr; <strong>1405<\/strong><br \/>(+23 for winning)
|raw|Casual Tester's rating: 1424 &rarr; <strong>1401<\/strong><br \/>(-23 for losing)
|player|p2