|join|Rflp
|join|BallinAssNikka
|player|p1|Rflp|290
|player|p2|BallinAssNikka|274
|gametype|singles
|gen|6
|tier|OU
|rated
|clearpoke
|poke|p1|Greninja, F
|poke|p1|Talonflame, F
|poke|p1|Bisharp, F
|poke|p1|Latios, M
|poke|p1|Gliscor, F
|poke|p1|Magnezone
|poke|p2|Terrakion
|poke|p2|Landorus-Therian, M
|poke|p2|Gyarados, F
|poke|p2|Gothitelle, F
|poke|p2|Scizor, M
|poke|p2|Excadrill, M
|rule|Swagger Clause: Swagger is banned
|rule|Baton Pass Clause: Limit one Pokémon knowing Baton Pass
|rule|Sleep Clause Mod: Limit one foe put to sleep
|rule|Species Clause: Limit one of each Pokémon
|rule|OHKO Clause: OHKO moves are banned
|rule|Moody Clause: Moody is banned
|rule|Evasion Moves Clause: Evasion moves are banned
|rule|Endless Battle Clause: Forcing endless battles is banned
|rule|HP Percentage Mod: HP is shown in percentages
|teampreview
|
|start
|switch|p1a: Gliscor|Gliscor, F|352\/352
|switch|p2a: Landorus-Therian|Landorus-Therian, M|381\/381
|-ability|p2a: Landorus-Therian|Intimidate|[of] p1a: Gliscor
|-unboost|p1a: Gliscor|atk|1
|turn|1
|
|move|p1a: Gliscor|Taunt|p2a: Landorus-Therian
|-start|p2a: Landorus-Therian|move: Taunt
|cant|p2a: Landorus-Therian|move: Taunt|Stealth Rock
|
|-status|p1a: Gliscor|tox|[from] item: Toxic Orb
|turn|2
|
|switch|p2a: Gothitelle|Gothitelle, F|344\/344
|move|p1a: Gliscor|Stealth Rock|p2a: Gothitelle
|-sidestart|p2: BallinAssNikka|move: Stealth Rock
|
|turn|3
|
|move|p1a: Gliscor|U-turn|p2a: Gothitelle
|-supereffective|p2a: Gothitelle
|-damage|p2a: Gothitelle|268\/344
|
|switch|p1a: Greninja|Greninja, F|285\/285
|move|p2a: Gothitelle|Psychic|p1a: Greninja
|-immune|p1a: Greninja|[msg]
|
|turn|4
|c|★BallinAssNikka|lol what is this
|
|switch|p2a: Scizor|Scizor, M|344\/344
|-damage|p2a: Scizor|301\/344|[from] Stealth Rock
|move|p1a: Greninja|U-turn|p2a: Scizor
|-start|p1a: Greninja|typechange|Bug|[from] Protean
|-resisted|p2a: Scizor
|-damage|p2a: Scizor|246\/344
|-damage|p1a: Greninja|257\/285|[from] item: Life Orb
|
|switch|p1a: Magnezone|Magnezone|283\/283
|
|turn|5
|
|move|p1a: Magnezone|Hidden Power|p2a: Scizor
|-supereffective|p2a: Scizor
|-damage|p2a: Scizor|0 fnt
|faint|p2a: Scizor
|
|
|switch|p2a: Gyarados|Gyarados, F|331\/331
|-damage|p2a: Gyarados|249\/331|[from] Stealth Rock
|-ability|p2a: Gyarados|Intimidate|[of] p1a: Magnezone
|-unboost|p1a: Magnezone|atk|1
|turn|6
|
|switch|p1a: Talonflame|Talonflame, F|327\/327
|detailschange|p2a: Gyarados|Gyarados-Mega, F
|message|Gyarados has Mega Evolved into Mega Gyarados!
|-ability|p2a: Gyarados|Mold Breaker
|move|p2a: Gyarados|Dragon Dance|p2a: Gyarados
|-boost|p2a: Gyarados|atk|1
|-boost|p2a: Gyarados|spe|1
|
|turn|7
|
|move|p1a: Talonflame|Brave Bird|p2a: Gyarados
|-damage|p2a: Gyarados|63\/331
|-damage|p1a: Talonflame|266\/327|[from] recoil|[of] p2a: Gyarados
|move|p2a: Gyarados|Waterfall|p1a: Talonflame
|-supereffective|p1a: Talonflame
|-damage|p1a: Talonflame|0 fnt
|faint|p1a: Talonflame
|
|
|switch|p1a: Bisharp|Bisharp, F|271\/271
|turn|8
|
|move|p2a: Gyarados|Dragon Dance|p2a: Gyarados
|-boost|p2a: Gyarados|atk|1
|-boost|p2a: Gyarados|spe|1
|move|p1a: Bisharp|Knock Off|p2a: Gyarados
|-resisted|p2a: Gyarados
|-damage|p2a: Gyarados|2\/331
|
|turn|9
|
|move|p1a: Bisharp|Sucker Punch|p2a: Gyarados
|-fail|p2a: Gyarados
|move|p2a: Gyarados|Dragon Dance|p2a: Gyarados
|-boost|p2a: Gyarados|atk|1
|-boost|p2a: Gyarados|spe|1
|
|turn|10
|
|switch|p2a: Excadrill|Excadrill, M|361\/361
|-damage|p2a: Excadrill|350\/361|[from] Stealth Rock
|-ability|p2a: Excadrill|Mold Breaker
|-item|p2a: Excadrill|Air Balloon
|move|p1a: Bisharp|Sucker Punch|p2a: Excadrill
|-fail|p2a: Excadrill
|
|turn|11
|
|switch|p1a: Gliscor|Gliscor, F|352\/352 tox
|move|p2a: Excadrill|Rapid Spin|p1a: Gliscor
|-damage|p1a: Gliscor|332\/352 tox
|-sideend|p2: BallinAssNikka|Stealth Rock|[from] move: Rapid Spin|[of] p2a: Excadrill
|
|-heal|p1a: Gliscor|352\/352 tox|[from] ability: Poison Heal
|turn|12
|
|switch|p2a: Gyarados|Gyarados-Mega, F|2\/331
|-ability|p2a: Gyarados|Mold Breaker
|move|p1a: Gliscor|Stealth Rock|p2a: Gyarados
|-sidestart|p2: BallinAssNikka|move: Stealth Rock
|
|turn|13
|
|move|p1a: Gliscor|U-turn|p2a: Gyarados
|-supereffective|p2a: Gyarados
|-damage|p2a: Gyarados|0 fnt
|faint|p2a: Gyarados
|
|switch|p1a: Greninja|Greninja, F|257\/285
|
|
|switch|p2a: Gothitelle|Gothitelle, F|268\/344
|-damage|p2a: Gothitelle|225\/344|[from] Stealth Rock
|turn|14
|
|move|p1a: Greninja|U-turn|p2a: Gothitelle
|-start|p1a: Greninja|typechange|Bug|[from] Protean
|-supereffective|p2a: Gothitelle
|-damage|p2a: Gothitelle|22\/344
|-damage|p1a: Greninja|229\/285|[from] item: Life Orb
|
|switch|p1a: Gliscor|Gliscor, F|352\/352 tox
|move|p2a: Gothitelle|Thunderbolt|p1a: Gliscor
|-immune|p1a: Gliscor|[msg]
|
|turn|15
|leave|BallinAssNikka
|player|p2
|-message|ballinassnikka lost due to inactivity.
|
|win|Rflp
|raw|Ladder updating...
|raw|Rflp's rating: 1570 &rarr; <strong>1594<\/strong><br \/>(+24 for winning)
|raw|BallinAssNikka's rating: 1652 &rarr; <strong>1627<\/strong><br \/>(-25 for losing)