|join|marknguyen
|join|BallinAssNikka
|player|p1|marknguyen|269
|player|p2|BallinAssNikka|274
|gametype|singles
|gen|6
|tier|OU
|rated
|clearpoke
|poke|p1|Landorus-Therian, M, shiny
|poke|p1|Manectric, M, shiny
|poke|p1|Heatran, F, shiny
|poke|p1|Chesnaught, M
|poke|p1|Suicune, shiny
|poke|p1|Mew
|poke|p2|Scizor, F
|poke|p2|Mamoswine, F
|poke|p2|Zapdos
|poke|p2|Heatran, F
|poke|p2|Bisharp, M
|poke|p2|Medicham, M
|rule|Swagger Clause: Swagger is banned
|rule|Baton Pass Clause: Limit one Pokémon knowing Baton Pass
|rule|Sleep Clause Mod: Limit one foe put to sleep
|rule|Species Clause: Limit one of each Pokémon
|rule|OHKO Clause: OHKO moves are banned
|rule|Moody Clause: Moody is banned
|rule|Evasion Moves Clause: Evasion moves are banned
|rule|Endless Battle Clause: Forcing endless battles is banned
|rule|HP Percentage Mod: HP is shown in percentages
|teampreview
|
|start
|switch|p1a: Giant Clit|Mew|341\/341
|switch|p2a: Bisharp|Bisharp, M|272\/272
|turn|1
|
|switch|p2a: Heatran|Heatran, F|323\/323
|move|p1a: Giant Clit|Will-O-Wisp|p2a: Heatran
|-start|p2a: Heatran|ability: Flash Fire
|
|turn|2
|
|switch|p2a: Medicham|Medicham, M|261\/261
|move|p1a: Giant Clit|Knock Off|p2a: Medicham
|-damage|p2a: Medicham|193\/261
|
|turn|3
|
|detailschange|p2a: Medicham|Medicham-Mega, M
|message|Medicham has Mega Evolved into Mega Medicham!
|move|p2a: Medicham|Fake Out|p1a: Giant Clit
|-damage|p1a: Giant Clit|259\/341
|cant|p1a: Giant Clit|flinch
|
|-heal|p1a: Giant Clit|280\/341|[from] item: Leftovers
|turn|4
|
|switch|p2a: Heatran|Heatran, F|323\/323
|move|p1a: Giant Clit|Will-O-Wisp|p2a: Heatran
|-start|p2a: Heatran|ability: Flash Fire
|
|-heal|p1a: Giant Clit|301\/341|[from] item: Leftovers
|turn|5
|
|move|p2a: Heatran|Fire Blast|p1a: Giant Clit
|-damage|p1a: Giant Clit|57\/341
|move|p1a: Giant Clit|Knock Off|p2a: Heatran
|-damage|p2a: Heatran|244\/323
|-enditem|p2a: Heatran|Choice Scarf|[from] move: Knock Off|[of] p1a: Giant Clit
|
|-heal|p1a: Giant Clit|78\/341|[from] item: Leftovers
|turn|6
|
|move|p1a: Giant Clit|Roost|p1a: Giant Clit
|-heal|p1a: Giant Clit|249\/341
|move|p2a: Heatran|Ancient Power|p1a: Giant Clit
|-damage|p1a: Giant Clit|192\/341
|
|-heal|p1a: Giant Clit|213\/341|[from] item: Leftovers
|turn|7
|
|move|p1a: Giant Clit|Roost|p1a: Giant Clit
|-heal|p1a: Giant Clit|341\/341
|move|p2a: Heatran|Fire Blast|p1a: Giant Clit
|-damage|p1a: Giant Clit|119\/341
|
|-heal|p1a: Giant Clit|140\/341|[from] item: Leftovers
|turn|8
|
|switch|p1a: He-Tranny|Heatran, F, shiny|386\/386
|move|p2a: Heatran|Ancient Power|p1a: He-Tranny
|-damage|p1a: He-Tranny|330\/386
|
|-heal|p1a: He-Tranny|354\/386|[from] item: Leftovers
|turn|9
|
|switch|p1a: Frank Landy|Landorus-Therian, M, shiny|323\/323
|-ability|p1a: Frank Landy|Intimidate|[of] p2a: Heatran
|-unboost|p2a: Heatran|atk|1
|move|p2a: Heatran|Ancient Power|p1a: Frank Landy
|-damage|p1a: Frank Landy|223\/323
|
|turn|10
|
|switch|p2a: Zapdos|Zapdos|384\/384
|-ability|p2a: Zapdos|Pressure
|move|p1a: Frank Landy|Earthquake|p2a: Zapdos
|-immune|p2a: Zapdos|[msg]
|
|turn|11
|
|switch|p1a: Listerine|Suicune, shiny|403\/403
|-ability|p1a: Listerine|Pressure
|move|p2a: Zapdos|Heat Wave|p1a: Listerine
|-resisted|p1a: Listerine
|-damage|p1a: Listerine|365\/403
|
|-heal|p1a: Listerine|390\/403|[from] item: Leftovers
|turn|12
|
|switch|p1a: Shock Collar|Manectric, M, shiny|282\/282
|move|p2a: Zapdos|Heat Wave|p1a: Shock Collar
|-damage|p1a: Shock Collar|154\/282
|
|turn|13
|
|detailschange|p1a: Shock Collar|Manectric-Mega, M, shiny
|message|Manectric has Mega Evolved into Mega Manectric!
|-ability|p1a: Shock Collar|Intimidate|[of] p2a: Zapdos
|-unboost|p2a: Zapdos|atk|1
|move|p1a: Shock Collar|Volt Switch|p2a: Zapdos
|-damage|p2a: Zapdos|254\/384
|
|switch|p1a: He-Tranny|Heatran, F, shiny|354\/386
|move|p2a: Zapdos|Thunderbolt|p1a: He-Tranny
|-damage|p1a: He-Tranny|255\/386
|
|-heal|p2a: Zapdos|278\/384|[from] item: Leftovers
|-heal|p1a: He-Tranny|279\/386|[from] item: Leftovers
|turn|14
|
|move|p2a: Zapdos|Thunderbolt|p1a: He-Tranny
|-damage|p1a: He-Tranny|183\/386
|move|p1a: He-Tranny|Stealth Rock|p2a: Zapdos
|-sidestart|p2: BallinAssNikka|move: Stealth Rock
|
|-heal|p2a: Zapdos|302\/384|[from] item: Leftovers
|-heal|p1a: He-Tranny|207\/386|[from] item: Leftovers
|turn|15
|
|move|p2a: Zapdos|Defog|p1a: He-Tranny
|-unboost|p1a: He-Tranny|evasion|1
|-sideend|p2: BallinAssNikka|Stealth Rock|[from] move: Defog|[of] p2a: Zapdos
|move|p1a: He-Tranny|Will-O-Wisp|p2a: Zapdos|[miss]
|-miss|p1a: He-Tranny|p2a: Zapdos
|
|-heal|p2a: Zapdos|326\/384|[from] item: Leftovers
|-heal|p1a: He-Tranny|231\/386|[from] item: Leftovers
|turn|16
|
|move|p2a: Zapdos|Thunderbolt|p1a: He-Tranny
|-damage|p1a: He-Tranny|131\/386
|move|p1a: He-Tranny|Stealth Rock|p2a: Zapdos
|-sidestart|p2: BallinAssNikka|move: Stealth Rock
|
|-heal|p2a: Zapdos|350\/384|[from] item: Leftovers
|-heal|p1a: He-Tranny|155\/386|[from] item: Leftovers
|turn|17
|
|move|p2a: Zapdos|Thunderbolt|p1a: He-Tranny
|-damage|p1a: He-Tranny|64\/386
|-status|p1a: He-Tranny|par
|move|p1a: He-Tranny|Will-O-Wisp|p2a: Zapdos
|-status|p2a: Zapdos|brn
|
|-heal|p2a: Zapdos|374\/384 brn|[from] item: Leftovers
|-heal|p1a: He-Tranny|88\/386 par|[from] item: Leftovers
|-damage|p2a: Zapdos|326\/384 brn|[from] brn
|turn|18
|
|move|p2a: Zapdos|Defog|p1a: He-Tranny
|-unboost|p1a: He-Tranny|evasion|1
|-sideend|p2: BallinAssNikka|Stealth Rock|[from] move: Defog|[of] p2a: Zapdos
|move|p1a: He-Tranny|Lava Plume|p2a: Zapdos
|-damage|p2a: Zapdos|185\/384 brn
|
|-heal|p2a: Zapdos|209\/384 brn|[from] item: Leftovers
|-heal|p1a: He-Tranny|112\/386 par|[from] item: Leftovers
|-damage|p2a: Zapdos|161\/384 brn|[from] brn
|turn|19
|
|move|p2a: Zapdos|Thunderbolt|p1a: He-Tranny
|-damage|p1a: He-Tranny|19\/386 par
|cant|p1a: He-Tranny|par
|
|-heal|p2a: Zapdos|185\/384 brn|[from] item: Leftovers
|-heal|p1a: He-Tranny|43\/386 par|[from] item: Leftovers
|-damage|p2a: Zapdos|137\/384 brn|[from] brn
|turn|20
|
|move|p2a: Zapdos|Thunderbolt|p1a: He-Tranny
|-damage|p1a: He-Tranny|0 fnt
|faint|p1a: He-Tranny
|
|-heal|p2a: Zapdos|161\/384 brn|[from] item: Leftovers
|-damage|p2a: Zapdos|113\/384 brn|[from] brn
|
|switch|p1a: Listerine|Suicune, shiny|390\/403
|-ability|p1a: Listerine|Pressure
|turn|21
|
|move|p2a: Zapdos|Thunderbolt|p1a: Listerine
|-supereffective|p1a: Listerine
|-damage|p1a: Listerine|150\/403
|move|p1a: Listerine|Calm Mind|p1a: Listerine
|-boost|p1a: Listerine|spa|1
|-boost|p1a: Listerine|spd|1
|
|-heal|p2a: Zapdos|137\/384 brn|[from] item: Leftovers
|-heal|p1a: Listerine|175\/403|[from] item: Leftovers
|-damage|p2a: Zapdos|89\/384 brn|[from] brn
|turn|22
|
|switch|p1a: Shock Collar|Manectric-Mega, M, shiny|154\/282
|-ability|p1a: Shock Collar|Intimidate|[of] p2a: Zapdos
|-unboost|p2a: Zapdos|atk|1
|move|p2a: Zapdos|Thunderbolt|p1a: Shock Collar
|-resisted|p1a: Shock Collar
|-damage|p1a: Shock Collar|83\/282
|
|-heal|p2a: Zapdos|113\/384 brn|[from] item: Leftovers
|-damage|p2a: Zapdos|65\/384 brn|[from] brn
|turn|23
|
|switch|p2a: Mamoswine|Mamoswine, F|361\/361
|move|p1a: Shock Collar|Volt Switch|p2a: Mamoswine
|-immune|p2a: Mamoswine|[msg]
|
|turn|24
|
|move|p1a: Shock Collar|Overheat|p2a: Mamoswine
|-supereffective|p2a: Mamoswine
|-damage|p2a: Mamoswine|101\/361
|-unboost|p1a: Shock Collar|spa|2
|move|p2a: Mamoswine|Stealth Rock|p1a: Shock Collar
|-sidestart|p1: marknguyen|move: Stealth Rock
|
|-heal|p2a: Mamoswine|123\/361|[from] item: Leftovers
|turn|25
|
|move|p2a: Mamoswine|Ice Shard|p1a: Shock Collar
|-damage|p1a: Shock Collar|0 fnt
|faint|p1a: Shock Collar
|
|-heal|p2a: Mamoswine|145\/361|[from] item: Leftovers
|
|switch|p1a: Giant Clit|Mew|140\/341
|-damage|p1a: Giant Clit|98\/341|[from] Stealth Rock
|turn|26
|
|move|p1a: Giant Clit|Roost|p1a: Giant Clit
|-heal|p1a: Giant Clit|269\/341
|move|p2a: Mamoswine|Earthquake|p1a: Giant Clit
|-damage|p1a: Giant Clit|92\/341
|
|-heal|p1a: Giant Clit|113\/341|[from] item: Leftovers
|-heal|p2a: Mamoswine|167\/361|[from] item: Leftovers
|turn|27
|c|★BallinAssNikka|shit lol why so much speed on a mew x_x
|
|switch|p2a: Zapdos|Zapdos|65\/384 brn
|-ability|p2a: Zapdos|Pressure
|move|p1a: Giant Clit|Will-O-Wisp|p2a: Zapdos
|-fail|p2a: Zapdos|brn
|
|-heal|p1a: Giant Clit|134\/341|[from] item: Leftovers
|-heal|p2a: Zapdos|89\/384 brn|[from] item: Leftovers
|-damage|p2a: Zapdos|41\/384 brn|[from] brn
|turn|28
|
|move|p1a: Giant Clit|Defog|p2a: Zapdos
|-unboost|p2a: Zapdos|evasion|1
|-sideend|p1: marknguyen|Stealth Rock|[from] move: Defog|[of] p1a: Giant Clit
|move|p2a: Zapdos|Roost|p2a: Zapdos
|-heal|p2a: Zapdos|233\/384 brn
|
|-heal|p1a: Giant Clit|155\/341|[from] item: Leftovers
|-heal|p2a: Zapdos|257\/384 brn|[from] item: Leftovers
|-damage|p2a: Zapdos|209\/384 brn|[from] brn
|turn|29
|
|move|p1a: Giant Clit|Roost|p1a: Giant Clit
|-heal|p1a: Giant Clit|326\/341
|move|p2a: Zapdos|Roost|p2a: Zapdos
|-heal|p2a: Zapdos|384\/384 brn
|
|-heal|p1a: Giant Clit|341\/341|[from] item: Leftovers
|-damage|p2a: Zapdos|336\/384 brn|[from] brn
|turn|30
|
|move|p1a: Giant Clit|Knock Off|p2a: Zapdos
|-damage|p2a: Zapdos|276\/384 brn
|-enditem|p2a: Zapdos|Leftovers|[from] move: Knock Off|[of] p1a: Giant Clit
|move|p2a: Zapdos|Heat Wave|p1a: Giant Clit
|-miss|p2a: Zapdos|p1a: Giant Clit
|
|-damage|p2a: Zapdos|228\/384 brn|[from] brn
|turn|31
|
|move|p1a: Giant Clit|Knock Off|p2a: Zapdos
|-crit|p2a: Zapdos
|-damage|p2a: Zapdos|162\/384 brn
|move|p2a: Zapdos|Thunderbolt|p1a: Giant Clit
|-damage|p1a: Giant Clit|230\/341
|
|-heal|p1a: Giant Clit|251\/341|[from] item: Leftovers
|-damage|p2a: Zapdos|114\/384 brn|[from] brn
|turn|32
|
|switch|p1a: Frank Landy|Landorus-Therian, M, shiny|223\/323
|-ability|p1a: Frank Landy|Intimidate|[of] p2a: Zapdos
|-unboost|p2a: Zapdos|atk|1
|move|p2a: Zapdos|Roost|p2a: Zapdos
|-heal|p2a: Zapdos|306\/384 brn
|
|-damage|p2a: Zapdos|258\/384 brn|[from] brn
|turn|33
|
|move|p1a: Frank Landy|Earthquake|p2a: Zapdos
|-immune|p2a: Zapdos|[msg]
|move|p2a: Zapdos|Heat Wave|p1a: Frank Landy
|-damage|p1a: Frank Landy|97\/323
|
|-damage|p2a: Zapdos|210\/384 brn|[from] brn
|turn|34
|
|switch|p1a: Giant Clit|Mew|251\/341
|move|p2a: Zapdos|Thunderbolt|p1a: Giant Clit
|-damage|p1a: Giant Clit|152\/341
|
|-heal|p1a: Giant Clit|173\/341|[from] item: Leftovers
|-damage|p2a: Zapdos|162\/384 brn|[from] brn
|turn|35
|
|move|p1a: Giant Clit|Roost|p1a: Giant Clit
|-heal|p1a: Giant Clit|341\/341
|move|p2a: Zapdos|Roost|p2a: Zapdos
|-heal|p2a: Zapdos|354\/384 brn
|
|-damage|p2a: Zapdos|306\/384 brn|[from] brn
|turn|36
|
|switch|p1a: Frank Landy|Landorus-Therian, M, shiny|97\/323
|-ability|p1a: Frank Landy|Intimidate|[of] p2a: Zapdos
|-unboost|p2a: Zapdos|atk|1
|move|p2a: Zapdos|Thunderbolt|p1a: Frank Landy
|-immune|p1a: Frank Landy|[msg]
|
|-damage|p2a: Zapdos|258\/384 brn|[from] brn
|turn|37
|
|move|p1a: Frank Landy|U-turn|p2a: Zapdos
|-resisted|p2a: Zapdos
|-damage|p2a: Zapdos|224\/384 brn
|
|switch|p1a: Giant Clit|Mew|341\/341
|move|p2a: Zapdos|Heat Wave|p1a: Giant Clit
|-crit|p1a: Giant Clit
|-damage|p1a: Giant Clit|225\/341
|
|-heal|p1a: Giant Clit|246\/341|[from] item: Leftovers
|-damage|p2a: Zapdos|176\/384 brn|[from] brn
|turn|38
|
|move|p1a: Giant Clit|Roost|p1a: Giant Clit
|-heal|p1a: Giant Clit|341\/341
|move|p2a: Zapdos|Roost|p2a: Zapdos
|-heal|p2a: Zapdos|368\/384 brn
|
|-damage|p2a: Zapdos|320\/384 brn|[from] brn
|turn|39
|
|move|p1a: Giant Clit|Knock Off|p2a: Zapdos
|-damage|p2a: Zapdos|277\/384 brn
|move|p2a: Zapdos|Heat Wave|p1a: Giant Clit
|-damage|p1a: Giant Clit|266\/341
|
|-heal|p1a: Giant Clit|287\/341|[from] item: Leftovers
|-damage|p2a: Zapdos|229\/384 brn|[from] brn
|turn|40
|
|move|p1a: Giant Clit|Knock Off|p2a: Zapdos
|-damage|p2a: Zapdos|191\/384 brn
|move|p2a: Zapdos|Heat Wave|p1a: Giant Clit
|-damage|p1a: Giant Clit|213\/341
|
|-heal|p1a: Giant Clit|234\/341|[from] item: Leftovers
|-damage|p2a: Zapdos|143\/384 brn|[from] brn
|turn|41
|
|move|p1a: Giant Clit|Knock Off|p2a: Zapdos
|-damage|p2a: Zapdos|104\/384 brn
|move|p2a: Zapdos|Roost|p2a: Zapdos
|-heal|p2a: Zapdos|296\/384 brn
|
|-heal|p1a: Giant Clit|255\/341|[from] item: Leftovers
|-damage|p2a: Zapdos|248\/384 brn|[from] brn
|turn|42
|
|switch|p1a: Listerine|Suicune, shiny|175\/403
|-ability|p1a: Listerine|Pressure
|move|p2a: Zapdos|Heat Wave|p1a: Listerine
|-resisted|p1a: Listerine
|-damage|p1a: Listerine|136\/403
|
|-heal|p1a: Listerine|161\/403|[from] item: Leftovers
|-damage|p2a: Zapdos|200\/384 brn|[from] brn
|turn|43
|
|switch|p1a: Frank Landy|Landorus-Therian, M, shiny|97\/323
|-ability|p1a: Frank Landy|Intimidate|[of] p2a: Zapdos
|-unboost|p2a: Zapdos|atk|1
|move|p2a: Zapdos|Thunderbolt|p1a: Frank Landy
|-immune|p1a: Frank Landy|[msg]
|
|-damage|p2a: Zapdos|152\/384 brn|[from] brn
|turn|44
|
|move|p1a: Frank Landy|U-turn|p2a: Zapdos
|-resisted|p2a: Zapdos
|-damage|p2a: Zapdos|117\/384 brn
|
|switch|p1a: Listerine|Suicune, shiny|161\/403
|-ability|p1a: Listerine|Pressure
|move|p2a: Zapdos|Roost|p2a: Zapdos
|-heal|p2a: Zapdos|309\/384 brn
|
|-heal|p1a: Listerine|186\/403|[from] item: Leftovers
|-damage|p2a: Zapdos|261\/384 brn|[from] brn
|turn|45
|
|switch|p1a: Giant Clit|Mew|255\/341
|move|p2a: Zapdos|Thunderbolt|p1a: Giant Clit
|-damage|p1a: Giant Clit|147\/341
|
|-heal|p1a: Giant Clit|168\/341|[from] item: Leftovers
|-damage|p2a: Zapdos|213\/384 brn|[from] brn
|turn|46
|
|switch|p2a: Bisharp|Bisharp, M|272\/272
|move|p1a: Giant Clit|Roost|p1a: Giant Clit
|-heal|p1a: Giant Clit|339\/341
|
|-heal|p1a: Giant Clit|341\/341|[from] item: Leftovers
|turn|47
|
|move|p1a: Giant Clit|Will-O-Wisp|p2a: Bisharp
|-status|p2a: Bisharp|brn
|move|p2a: Bisharp|Knock Off|p1a: Giant Clit
|-supereffective|p1a: Giant Clit
|-damage|p1a: Giant Clit|89\/341
|-enditem|p1a: Giant Clit|Leftovers|[from] move: Knock Off|[of] p2a: Bisharp
|-damage|p2a: Bisharp|245\/272 brn|[from] item: Life Orb
|
|-damage|p2a: Bisharp|211\/272 brn|[from] brn
|turn|48
|
|move|p1a: Giant Clit|Roost|p1a: Giant Clit
|-heal|p1a: Giant Clit|260\/341
|move|p2a: Bisharp|Swords Dance|p2a: Bisharp
|-boost|p2a: Bisharp|atk|2
|
|-damage|p2a: Bisharp|177\/272 brn|[from] brn
|turn|49
|
|switch|p1a: Chesnaught|Chesnaught, M|379\/379
|move|p2a: Bisharp|Sucker Punch|p1a: Chesnaught
|-fail|p1a: Chesnaught
|
|-damage|p2a: Bisharp|143\/272 brn|[from] brn
|turn|50
|
|move|p2a: Bisharp|Knock Off|p1a: Chesnaught
|-resisted|p1a: Chesnaught
|-damage|p1a: Chesnaught|305\/379
|-enditem|p1a: Chesnaught|Leftovers|[from] move: Knock Off|[of] p2a: Bisharp
|-damage|p2a: Bisharp|116\/272 brn|[from] item: Life Orb
|move|p1a: Chesnaught|Spikes|p2a: Bisharp
|-sidestart|p2: BallinAssNikka|Spikes
|
|-damage|p2a: Bisharp|82\/272 brn|[from] brn
|turn|51
|
|switch|p2a: Medicham|Medicham-Mega, M|193\/261
|-damage|p2a: Medicham|161\/261|[from] Spikes
|move|p1a: Chesnaught|Spikes|p2a: Medicham
|-sidestart|p2: BallinAssNikka|Spikes
|
|turn|52
|
|move|p2a: Medicham|Psycho Cut|p1a: Chesnaught
|-supereffective|p1a: Chesnaught
|-damage|p1a: Chesnaught|57\/379
|move|p1a: Chesnaught|Synthesis|p1a: Chesnaught
|-heal|p1a: Chesnaught|246\/379
|
|turn|53
|
|move|p2a: Medicham|Psycho Cut|p1a: Chesnaught
|-supereffective|p1a: Chesnaught
|-damage|p1a: Chesnaught|0 fnt
|faint|p1a: Chesnaught
|
|
|switch|p1a: Frank Landy|Landorus-Therian, M, shiny|97\/323
|-ability|p1a: Frank Landy|Intimidate|[of] p2a: Medicham
|-unboost|p2a: Medicham|atk|1
|turn|54
|
|switch|p2a: Zapdos|Zapdos|213\/384 brn
|-ability|p2a: Zapdos|Pressure
|move|p1a: Frank Landy|U-turn|p2a: Zapdos
|-resisted|p2a: Zapdos
|-damage|p2a: Zapdos|174\/384 brn
|
|switch|p1a: Listerine|Suicune, shiny|186\/403
|-ability|p1a: Listerine|Pressure
|
|-heal|p1a: Listerine|211\/403|[from] item: Leftovers
|-damage|p2a: Zapdos|126\/384 brn|[from] brn
|turn|55
|
|move|p2a: Zapdos|Defog|p1a: Listerine
|-unboost|p1a: Listerine|evasion|1
|-sideend|p2: BallinAssNikka|Spikes|[from] move: Defog|[of] p2a: Zapdos
|move|p1a: Listerine|Scald|p2a: Zapdos
|-damage|p2a: Zapdos|23\/384 brn
|
|-heal|p1a: Listerine|236\/403|[from] item: Leftovers
|-damage|p2a: Zapdos|0 fnt|[from] brn
|faint|p2a: Zapdos
|
|switch|p2a: Medicham|Medicham-Mega, M|161\/261
|turn|56
|
|switch|p1a: Frank Landy|Landorus-Therian, M, shiny|97\/323
|-ability|p1a: Frank Landy|Intimidate|[of] p2a: Medicham
|-unboost|p2a: Medicham|atk|1
|move|p2a: Medicham|High Jump Kick|p1a: Frank Landy
|-resisted|p1a: Frank Landy
|-damage|p1a: Frank Landy|0 fnt
|faint|p1a: Frank Landy
|
|
|switch|p1a: Listerine|Suicune, shiny|236\/403
|-ability|p1a: Listerine|Pressure
|turn|57
|
|switch|p2a: Bisharp|Bisharp, M|82\/272 brn
|move|p1a: Listerine|Scald|p2a: Bisharp
|-damage|p2a: Bisharp|0 fnt
|faint|p2a: Bisharp
|
|-heal|p1a: Listerine|261\/403|[from] item: Leftovers
|
|switch|p2a: Medicham|Medicham-Mega, M|161\/261
|turn|58
|
|move|p2a: Medicham|Fake Out|p1a: Listerine
|-damage|p1a: Listerine|206\/403
|cant|p1a: Listerine|flinch
|
|-heal|p1a: Listerine|231\/403|[from] item: Leftovers
|turn|59
|
|switch|p1a: Giant Clit|Mew|260\/341
|move|p2a: Medicham|High Jump Kick|p1a: Giant Clit
|-resisted|p1a: Giant Clit
|-damage|p1a: Giant Clit|65\/341
|
|turn|60
|
|move|p2a: Medicham|Ice Punch|p1a: Giant Clit
|-damage|p1a: Giant Clit|0 fnt
|faint|p1a: Giant Clit
|
|
|switch|p1a: Listerine|Suicune, shiny|231\/403
|-ability|p1a: Listerine|Pressure
|turn|61
|
|move|p2a: Medicham|High Jump Kick|p1a: Listerine|[miss]
|-miss|p2a: Medicham|p1a: Listerine
|-damage|p2a: Medicham|31\/261|[from] highjumpkick
|move|p1a: Listerine|Rest|p1a: Listerine
|-status|p1a: Listerine|slp
|-heal|p1a: Listerine|403\/403 slp|[silent]
|-status|p1a: Listerine|slp|[from] move: Rest
|
|turn|62
|
|move|p2a: Medicham|High Jump Kick|p1a: Listerine|[miss]
|-miss|p2a: Medicham|p1a: Listerine
|-damage|p2a: Medicham|0 fnt|[from] highjumpkick
|faint|p2a: Medicham
|cant|p1a: Listerine|slp
|move|p1a: Listerine|Sleep Talk|p1a: Listerine
|move|p1a: Listerine|Scald|p2: Medicham|[from]Sleep Talk|[notarget]
|-notarget
|
|c|★BallinAssNikka|what the fuck
|
|switch|p2a: Scizor|Scizor, F|344\/344
|turn|63
|
|cant|p1a: Listerine|slp
|move|p1a: Listerine|Sleep Talk|p1a: Listerine
|move|p1a: Listerine|Calm Mind|p1a: Listerine|[from]Sleep Talk
|-boost|p1a: Listerine|spa|1
|-boost|p1a: Listerine|spd|1
|move|p2a: Scizor|Knock Off|p1a: Listerine
|-damage|p1a: Listerine|281\/403 slp
|-enditem|p1a: Listerine|Leftovers|[from] move: Knock Off|[of] p2a: Scizor
|
|turn|64
|
|switch|p2a: Mamoswine|Mamoswine, F|167\/361
|-curestatus|p1a: Listerine|slp
|move|p1a: Listerine|Scald|p2a: Mamoswine
|-supereffective|p2a: Mamoswine
|-damage|p2a: Mamoswine|0 fnt
|faint|p2a: Mamoswine
|
|c|★BallinAssNikka|gotta save this replay lol
|c|★BallinAssNikka|such dumb shit
|
|switch|p2a: Scizor|Scizor, F|344\/344
|turn|65
|
|move|p1a: Listerine|Scald|p2a: Scizor
|-damage|p2a: Scizor|179\/344
|move|p2a: Scizor|U-turn|p1a: Listerine
|-damage|p1a: Listerine|137\/403
|
|switch|p2a: Heatran|Heatran, F|244\/323
|
|turn|66
|
|move|p2a: Heatran|Ancient Power|p1a: Listerine
|-damage|p1a: Listerine|94\/403
|move|p1a: Listerine|Rest|p1a: Listerine
|-status|p1a: Listerine|slp
|-heal|p1a: Listerine|403\/403 slp|[silent]
|-status|p1a: Listerine|slp|[from] move: Rest
|
|turn|67
|
|switch|p2a: Scizor|Scizor, F|179\/344
|cant|p1a: Listerine|slp
|move|p1a: Listerine|Sleep Talk|p1a: Listerine
|move|p1a: Listerine|Calm Mind|p1a: Listerine|[from]Sleep Talk
|-boost|p1a: Listerine|spa|1
|-boost|p1a: Listerine|spd|1
|
|turn|68
|leave|BallinAssNikka
|player|p2
|-message|ballinassnikka lost due to inactivity.
|
|win|marknguyen
|raw|Ladder updating...
|raw|marknguyen's rating: 1592 &rarr; <strong>1611<\/strong><br \/>(+19 for winning)
|raw|BallinAssNikka's rating: 1565 &rarr; <strong>1547<\/strong><br \/>(-18 for losing)