|join|BallinAssNikka
|join|trufox
|player|p1|BallinAssNikka|274
|player|p2|trufox|2
|gametype|singles
|gen|6
|tier|OU
|rated
|clearpoke
|poke|p1|Medicham, M
|poke|p1|Ditto
|poke|p1|Landorus-Therian, M
|poke|p1|Heatran, F
|poke|p1|Breloom, M
|poke|p1|Thundurus, M
|poke|p2|Mew
|poke|p2|Scizor, M
|poke|p2|Thundurus, M
|poke|p2|Garchomp, F
|poke|p2|Keldeo
|poke|p2|Landorus, M
|rule|Swagger Clause: Swagger is banned
|rule|Baton Pass Clause: Limit one Pokémon knowing Baton Pass
|rule|Sleep Clause Mod: Limit one foe put to sleep
|rule|Species Clause: Limit one of each Pokémon
|rule|OHKO Clause: OHKO moves are banned
|rule|Moody Clause: Moody is banned
|rule|Evasion Moves Clause: Evasion moves are banned
|rule|Endless Battle Clause: Forcing endless battles is banned
|rule|HP Percentage Mod: HP is shown in percentages
|teampreview
|
|start
|switch|p1a: Breloom|Breloom, M|262\/262
|switch|p2a: Mew|Mew|404\/404
|turn|1
|
|switch|p1a: Heatran|Heatran, F|323\/323
|move|p2a: Mew|Taunt|p1a: Heatran
|-start|p1a: Heatran|move: Taunt
|
|turn|2
|
|move|p1a: Heatran|Fire Blast|p2a: Mew|[miss]
|-miss|p1a: Heatran|p2a: Mew
|move|p2a: Mew|Knock Off|p1a: Heatran
|-damage|p1a: Heatran|250\/323
|-enditem|p1a: Heatran|Choice Specs|[from] move: Knock Off|[of] p2a: Mew
|
|turn|3
|
|switch|p2a: Keldeo|Keldeo|323\/323
|move|p1a: Heatran|Fire Blast|p2a: Keldeo
|-resisted|p2a: Keldeo
|-damage|p2a: Keldeo|209\/323
|
|turn|4
|
|move|p2a: Keldeo|Scald|p1a: Heatran
|-supereffective|p1a: Heatran
|-damage|p1a: Heatran|0 fnt
|faint|p1a: Heatran
|
|
|switch|p1a: Thundurus|Thundurus, M|299\/299
|turn|5
|
|switch|p2a: Mew|Mew|404\/404
|move|p1a: Thundurus|Thunderbolt|p2a: Mew
|-damage|p2a: Mew|264\/404
|-damage|p1a: Thundurus|270\/299|[from] item: Life Orb
|
|-heal|p2a: Mew|289\/404|[from] item: Leftovers
|turn|6
|
|move|p1a: Thundurus|Knock Off|p2a: Mew
|-supereffective|p2a: Mew
|-damage|p2a: Mew|32\/404
|-enditem|p2a: Mew|Leftovers|[from] move: Knock Off|[of] p1a: Thundurus
|-damage|p1a: Thundurus|241\/299|[from] item: Life Orb
|move|p2a: Mew|Will-O-Wisp|p1a: Thundurus
|-status|p1a: Thundurus|brn
|
|-damage|p1a: Thundurus|204\/299 brn|[from] brn
|turn|7
|
|switch|p1a: Landorus-Therian|Landorus-Therian, M|382\/382
|-ability|p1a: Landorus-Therian|Intimidate|[of] p2a: Mew
|-unboost|p2a: Mew|atk|1
|move|p2a: Mew|Soft-Boiled|p2a: Mew
|-heal|p2a: Mew|234\/404
|
|turn|8
|
|switch|p2a: Scizor|Scizor, M|339\/339
|move|p1a: Landorus-Therian|Stealth Rock|p2a: Scizor
|-sidestart|p2: trufox|move: Stealth Rock
|
|turn|9
|
|detailschange|p2a: Scizor|Scizor-Mega, M
|message|Scizor has Mega Evolved into Mega Scizor!
|move|p1a: Landorus-Therian|Earthquake|p2a: Scizor
|-damage|p2a: Scizor|207\/339
|move|p2a: Scizor|Knock Off|p1a: Landorus-Therian
|-crit|p1a: Landorus-Therian
|-damage|p1a: Landorus-Therian|218\/382
|-enditem|p1a: Landorus-Therian|Leftovers|[from] move: Knock Off|[of] p2a: Scizor
|
|turn|10
|
|move|p1a: Landorus-Therian|U-turn|p2a: Scizor
|-resisted|p2a: Scizor
|-damage|p2a: Scizor|178\/339
|
|switch|p1a: Medicham|Medicham, M|262\/262
|move|p2a: Scizor|Roost|p2a: Scizor
|-heal|p2a: Scizor|339\/339
|
|turn|11
|
|detailschange|p1a: Medicham|Medicham-Mega, M
|message|Medicham has Mega Evolved into Mega Medicham!
|move|p2a: Scizor|Bullet Punch|p1a: Medicham
|-damage|p1a: Medicham|121\/262
|move|p1a: Medicham|Drain Punch|p2a: Scizor
|-damage|p2a: Scizor|147\/339
|-heal|p1a: Medicham|217\/262|[from] drain|[of] p2a: Scizor
|
|turn|12
|
|move|p2a: Scizor|Bullet Punch|p1a: Medicham
|-damage|p1a: Medicham|78\/262
|move|p1a: Medicham|Substitute|p1a: Medicham
|-start|p1a: Medicham|Substitute
|-damage|p1a: Medicham|13\/262
|
|turn|13
|
|move|p2a: Scizor|Bullet Punch|p1a: Medicham
|-end|p1a: Medicham|Substitute
|move|p1a: Medicham|Drain Punch|p2a: Scizor
|-damage|p2a: Scizor|0 fnt
|-heal|p1a: Medicham|87\/262|[from] drain|[of] p2a: Scizor
|faint|p2a: Scizor
|
|
|switch|p2a: Thundurus|Thundurus, M|300\/300
|-damage|p2a: Thundurus|225\/300|[from] Stealth Rock
|turn|14
|
|move|p2a: Thundurus|Psychic|p1a: Medicham
|-damage|p1a: Medicham|0 fnt
|-damage|p2a: Thundurus|195\/300|[from] item: Life Orb
|faint|p1a: Medicham
|
|
|switch|p1a: Ditto|Ditto|299\/299
|-transform|p1a: Ditto|p2a: Thundurus
|turn|15
|chat|BallinAssNikka|what a weird set lol
|
|move|p1a: Ditto|Psychic|p2a: Thundurus
|-crit|p2a: Thundurus
|-damage|p2a: Thundurus|8\/300
|move|p2a: Thundurus|Thunderbolt|p1a: Ditto
|-damage|p1a: Ditto|73\/299
|-damage|p2a: Thundurus|0 fnt|[from] item: Life Orb
|faint|p2a: Thundurus
|
|
|switch|p2a: Mew|Mew|234\/404
|-damage|p2a: Mew|184\/404|[from] Stealth Rock
|turn|16
|
|switch|p1a: Landorus-Therian|Landorus-Therian, M|218\/382
|-ability|p1a: Landorus-Therian|Intimidate|[of] p2a: Mew
|-unboost|p2a: Mew|atk|1
|move|p2a: Mew|Soft-Boiled|p2a: Mew
|-heal|p2a: Mew|386\/404
|
|turn|17
|
|move|p2a: Mew|Will-O-Wisp|p1a: Landorus-Therian
|-status|p1a: Landorus-Therian|brn
|move|p1a: Landorus-Therian|U-turn|p2a: Mew
|-supereffective|p2a: Mew
|-damage|p2a: Mew|314\/404
|
|switch|p1a: Thundurus|Thundurus, M|204\/299 brn
|
|-damage|p1a: Thundurus|167\/299 brn|[from] brn
|turn|18
|
|move|p1a: Thundurus|Thunderbolt|p2a: Mew
|-damage|p2a: Mew|162\/404
|-damage|p1a: Thundurus|138\/299 brn|[from] item: Life Orb
|move|p2a: Mew|Soft-Boiled|p2a: Mew
|-heal|p2a: Mew|364\/404
|
|-damage|p1a: Thundurus|101\/299 brn|[from] brn
|turn|19
|
|switch|p1a: Ditto|Ditto|73\/299
|-transform|p1a: Ditto|p2a: Mew
|move|p2a: Mew|Soft-Boiled|p2a: Mew
|-heal|p2a: Mew|404\/404
|
|turn|20
|
|move|p1a: Ditto|Taunt|p2a: Mew
|-start|p2a: Mew|move: Taunt
|move|p2a: Mew|Knock Off|p1a: Ditto
|-supereffective|p1a: Ditto
|-damage|p1a: Ditto|0 fnt
|-enditem|p1a: Ditto|Choice Scarf|[from] move: Knock Off|[of] p2a: Mew
|faint|p1a: Ditto
|
|
|switch|p1a: Breloom|Breloom, M|262\/262
|turn|21
|
|switch|p2a: Landorus|Landorus, M|320\/320
|-damage|p2a: Landorus|280\/320|[from] Stealth Rock
|move|p1a: Breloom|Spore|p2a: Landorus
|-status|p2a: Landorus|slp
|
|turn|22
|
|switch|p2a: Mew|Mew|404\/404
|-damage|p2a: Mew|354\/404|[from] Stealth Rock
|move|p1a: Breloom|Rock Tomb|p2a: Mew
|-crit|p2a: Mew
|-damage|p2a: Mew|195\/404
|-unboost|p2a: Mew|spe|1
|
|turn|23
|
|move|p1a: Breloom|Bullet Seed|p2a: Mew
|-damage|p2a: Mew|126\/404
|-damage|p2a: Mew|54\/404
|-hitcount|p2a: Mew|2
|move|p2a: Mew|Soft-Boiled|p2a: Mew
|-heal|p2a: Mew|256\/404
|
|turn|24
|chat|BallinAssNikka|psh
|
|move|p1a: Breloom|Bullet Seed|p2a: Mew
|-damage|p2a: Mew|189\/404
|-damage|p2a: Mew|120\/404
|-hitcount|p2a: Mew|2
|move|p2a: Mew|Will-O-Wisp|p1a: Breloom
|-status|p1a: Breloom|brn
|
|-damage|p1a: Breloom|230\/262 brn|[from] brn
|turn|25
|chat|BallinAssNikka|well
|leave|BallinAssNikka
|player|p1
|-message|ballinassnikka lost due to inactivity.
|
|win|trufox
|raw|Ladder updating...
|raw|BallinAssNikka's rating: 1815 &rarr; <strong>1787<\/strong><br \/>(-28 for losing)
|raw|trufox's rating: 1657 &rarr; <strong>1685<\/strong><br \/>(+28 for winning)