|join|BallinAssNikka
|join|victheslayer89
|player|p1|BallinAssNikka|1
|player|p2|victheslayer89|290
|gametype|singles
|gen|6
|tier|OU
|rated
|clearpoke
|poke|p1|Metagross
|poke|p1|Keldeo
|poke|p1|Garchomp, M
|poke|p1|Raikou
|poke|p1|Gengar, M
|poke|p1|Bisharp, F
|poke|p2|Sceptile, F
|poke|p2|Skarmory, F
|poke|p2|Quagsire, M
|poke|p2|Darmanitan, F
|poke|p2|Sableye, M
|poke|p2|Tentacruel, F
|rule|Swagger Clause: Swagger is banned
|rule|Baton Pass Clause: Limit one Pokémon knowing Baton Pass
|rule|Sleep Clause Mod: Limit one foe put to sleep
|rule|Species Clause: Limit one of each Pokémon
|rule|OHKO Clause: OHKO moves are banned
|rule|Moody Clause: Moody is banned
|rule|Evasion Moves Clause: Evasion moves are banned
|rule|Endless Battle Clause: Forcing endless battles is banned
|rule|HP Percentage Mod: HP is shown in percentages
|teampreview
|
|start
|switch|p1a: Raikou|Raikou|321\/321
|switch|p2a: Skarmory|Skarmory, F|334\/334
|-ability|p1a: Raikou|Pressure
|turn|1
|
|move|p1a: Raikou|Volt Switch|p2a: Skarmory
|-supereffective|p2a: Skarmory
|-damage|p2a: Skarmory|94\/334
|
|switch|p1a: Keldeo|Keldeo|323\/323
|move|p2a: Skarmory|Stealth Rock|p1a: Keldeo
|-sidestart|p1: BallinAssNikka|move: Stealth Rock
|
|turn|2
|
|move|p1a: Keldeo|Scald|p2a: Skarmory
|-damage|p2a: Skarmory|0 fnt
|faint|p2a: Skarmory
|
|
|switch|p2a: Tentacruel|Tentacruel, F|364\/364
|turn|3
|
|switch|p1a: Garchomp|Garchomp, M|357\/357
|-damage|p1a: Garchomp|335\/357|[from] Stealth Rock
|move|p2a: Tentacruel|Scald|p1a: Garchomp
|-damage|p1a: Garchomp|230\/357
|
|turn|4
|
|switch|p2a: Sableye|Sableye, M|304\/304
|move|p1a: Garchomp|Stealth Rock|p2a: Sableye
|-sidestart|p2: victheslayer89|move: Stealth Rock
|
|turn|5
|
|move|p2a: Sableye|Will-O-Wisp|p1a: Garchomp
|-status|p1a: Garchomp|brn
|-enditem|p1a: Garchomp|Lum Berry|[eat]
|-curestatus|p1a: Garchomp|brn
|move|p1a: Garchomp|Earthquake|p2a: Sableye
|-damage|p2a: Sableye|126\/304
|
|turn|6
|
|switch|p1a: Gengar|Gengar, M|259\/259
|-damage|p1a: Gengar|227\/259|[from] Stealth Rock
|move|p2a: Sableye|Will-O-Wisp|p1a: Gengar
|-status|p1a: Gengar|brn
|
|-damage|p1a: Gengar|195\/259 brn|[from] brn
|turn|7
|
|switch|p2a: Tentacruel|Tentacruel, F|364\/364
|-damage|p2a: Tentacruel|319\/364|[from] Stealth Rock
|move|p1a: Gengar|Shadow Ball|p2a: Tentacruel
|-damage|p2a: Tentacruel|177\/364
|-unboost|p2a: Tentacruel|spd|1
|-damage|p1a: Gengar|170\/259 brn|[from] item: Life Orb
|
|-heal|p2a: Tentacruel|199\/364|[from] item: Black Sludge
|-damage|p1a: Gengar|138\/259 brn|[from] brn
|turn|8
|
|move|p1a: Gengar|Shadow Ball|p2a: Tentacruel
|-damage|p2a: Tentacruel|12\/364
|-damage|p1a: Gengar|113\/259 brn|[from] item: Life Orb
|move|p2a: Tentacruel|Confuse Ray|p1a: Gengar
|-start|p1a: Gengar|confusion
|
|-heal|p2a: Tentacruel|34\/364|[from] item: Black Sludge
|-damage|p1a: Gengar|81\/259 brn|[from] brn
|turn|9
|
|switch|p1a: Garchomp|Garchomp, M|230\/357
|-damage|p1a: Garchomp|208\/357|[from] Stealth Rock
|move|p2a: Tentacruel|Scald|p1a: Garchomp
|-damage|p1a: Garchomp|93\/357
|
|-heal|p2a: Tentacruel|56\/364|[from] item: Black Sludge
|turn|10
|
|move|p1a: Garchomp|Dragon Claw|p2a: Tentacruel
|-crit|p2a: Tentacruel
|-damage|p2a: Tentacruel|0 fnt
|faint|p2a: Tentacruel
|
|
|switch|p2a: Sceptile|Sceptile, F|282\/282
|-damage|p2a: Sceptile|247\/282|[from] Stealth Rock
|turn|11
|
|detailschange|p2a: Sceptile|Sceptile-Mega, F
|-mega|p2a: Sceptile|Sceptile|Sceptilite
|move|p2a: Sceptile|Dragon Pulse|p1a: Garchomp
|-supereffective|p1a: Garchomp
|-damage|p1a: Garchomp|0 fnt
|faint|p1a: Garchomp
|
|
|switch|p1a: Metagross|Metagross|301\/301
|-damage|p1a: Metagross|283\/301|[from] Stealth Rock
|turn|12
|
|detailschange|p1a: Metagross|Metagross-Mega
|-mega|p1a: Metagross|Metagross|Metagrossite
|move|p2a: Sceptile|Substitute|p2a: Sceptile
|-start|p2a: Sceptile|Substitute
|-damage|p2a: Sceptile|177\/282
|move|p1a: Metagross|Meteor Mash|p2a: Sceptile
|-end|p2a: Sceptile|Substitute
|
|turn|13
|
|move|p2a: Sceptile|Substitute|p2a: Sceptile
|-start|p2a: Sceptile|Substitute
|-damage|p2a: Sceptile|107\/282
|move|p1a: Metagross|Zen Headbutt|p2a: Sceptile
|-end|p2a: Sceptile|Substitute
|
|turn|14
|
|move|p2a: Sceptile|Substitute|p2a: Sceptile
|-start|p2a: Sceptile|Substitute
|-damage|p2a: Sceptile|37\/282
|move|p1a: Metagross|Zen Headbutt|p2a: Sceptile
|-end|p2a: Sceptile|Substitute
|
|turn|15
|
|move|p1a: Metagross|Bullet Punch|p2a: Sceptile
|-damage|p2a: Sceptile|0 fnt
|faint|p2a: Sceptile
|
|
|switch|p2a: Sableye|Sableye, M|126\/304
|-damage|p2a: Sableye|88\/304|[from] Stealth Rock
|turn|16
|
|move|p2a: Sableye|Will-O-Wisp|p1a: Metagross
|-status|p1a: Metagross|brn
|move|p1a: Metagross|Meteor Mash|p2a: Sableye
|-damage|p2a: Sableye|0 fnt
|faint|p2a: Sableye
|
|-damage|p1a: Metagross|246\/301 brn|[from] brn
|
|switch|p2a: Quagsire|Quagsire, M|391\/391
|-damage|p2a: Quagsire|367\/391|[from] Stealth Rock
|turn|17
|
|move|p1a: Metagross|Zen Headbutt|p2a: Quagsire
|-damage|p2a: Quagsire|268\/391
|move|p2a: Quagsire|Stockpile|p2a: Quagsire
|-start|p2a: Quagsire|stockpile1
|-boost|p2a: Quagsire|def|1
|-boost|p2a: Quagsire|spd|1
|
|-damage|p1a: Metagross|209\/301 brn|[from] brn
|turn|18
|
|switch|p1a: Gengar|Gengar, M|81\/259 brn
|-damage|p1a: Gengar|49\/259 brn|[from] Stealth Rock
|move|p2a: Quagsire|Stockpile|p2a: Quagsire
|-start|p2a: Quagsire|stockpile2
|-boost|p2a: Quagsire|def|1
|-boost|p2a: Quagsire|spd|1
|
|-damage|p1a: Gengar|17\/259 brn|[from] brn
|turn|19
|
|move|p1a: Gengar|Shadow Ball|p2a: Quagsire
|-damage|p2a: Quagsire|178\/391
|-damage|p1a: Gengar|0 fnt|[from] item: Life Orb
|faint|p1a: Gengar
|-enditem|p2a: Quagsire|Sitrus Berry|[eat]
|-heal|p2a: Quagsire|275\/391|[from] item: Sitrus Berry
|move|p2a: Quagsire|Stockpile|p2a: Quagsire
|-start|p2a: Quagsire|stockpile3
|-boost|p2a: Quagsire|def|1
|-boost|p2a: Quagsire|spd|1
|
|
|switch|p1a: Keldeo|Keldeo|323\/323
|-damage|p1a: Keldeo|303\/323|[from] Stealth Rock
|turn|20
|
|move|p1a: Keldeo|Scald|p2a: Quagsire
|-damage|p2a: Quagsire|215\/391
|move|p2a: Quagsire|Recover|p2a: Quagsire
|-heal|p2a: Quagsire|391\/391
|
|turn|21
|
|move|p1a: Keldeo|Scald|p2a: Quagsire
|-damage|p2a: Quagsire|337\/391
|-status|p2a: Quagsire|brn
|move|p2a: Quagsire|Toxic|p1a: Keldeo
|-status|p1a: Keldeo|tox
|
|-damage|p1a: Keldeo|283\/323 tox|[from] psn
|-damage|p2a: Quagsire|289\/391 brn|[from] brn
|turn|22
|
|switch|p1a: Bisharp|Bisharp, F|271\/271
|-damage|p1a: Bisharp|255\/271|[from] Stealth Rock
|move|p2a: Quagsire|Infestation|p1a: Bisharp
|-damage|p1a: Bisharp|241\/271
|-activate|p1a: Bisharp|move: Infestation|[of] p2a: Quagsire
|
|-damage|p2a: Quagsire|241\/391 brn|[from] brn
|-damage|p1a: Bisharp|208\/271|[from] move: Infestation|[partiallytrapped]
|turn|23
|
|move|p1a: Bisharp|Iron Head|p2a: Quagsire
|-resisted|p2a: Quagsire
|-damage|p2a: Quagsire|211\/391 brn
|cant|p2a: Quagsire|flinch
|
|-damage|p2a: Quagsire|163\/391 brn|[from] brn
|-damage|p1a: Bisharp|175\/271|[from] move: Infestation|[partiallytrapped]
|turn|24
|
|move|p1a: Bisharp|Iron Head|p2a: Quagsire
|-crit|p2a: Quagsire
|-resisted|p2a: Quagsire
|-damage|p2a: Quagsire|58\/391 brn
|move|p2a: Quagsire|Recover|p2a: Quagsire
|-heal|p2a: Quagsire|254\/391 brn
|
|-damage|p2a: Quagsire|206\/391 brn|[from] brn
|-damage|p1a: Bisharp|142\/271|[from] move: Infestation|[partiallytrapped]
|turn|25
|
|move|p1a: Bisharp|Iron Head|p2a: Quagsire
|-resisted|p2a: Quagsire
|-damage|p2a: Quagsire|176\/391 brn
|move|p2a: Quagsire|Recover|p2a: Quagsire
|-heal|p2a: Quagsire|372\/391 brn
|
|-damage|p2a: Quagsire|324\/391 brn|[from] brn
|-damage|p1a: Bisharp|109\/271|[from] move: Infestation|[partiallytrapped]
|turn|26
|
|move|p1a: Bisharp|Iron Head|p2a: Quagsire
|-resisted|p2a: Quagsire
|-damage|p2a: Quagsire|295\/391 brn
|move|p2a: Quagsire|Recover|p2a: Quagsire
|-heal|p2a: Quagsire|391\/391 brn
|
|-damage|p2a: Quagsire|343\/391 brn|[from] brn
|-damage|p1a: Bisharp|76\/271|[from] move: Infestation|[partiallytrapped]
|turn|27
|
|move|p1a: Bisharp|Iron Head|p2a: Quagsire
|-resisted|p2a: Quagsire
|-damage|p2a: Quagsire|316\/391 brn
|cant|p2a: Quagsire|flinch
|
|-damage|p2a: Quagsire|268\/391 brn|[from] brn
|-end|p1a: Bisharp|Infestation|[partiallytrapped]
|turn|28
|
|move|p1a: Bisharp|Iron Head|p2a: Quagsire
|-resisted|p2a: Quagsire
|-damage|p2a: Quagsire|239\/391 brn
|move|p2a: Quagsire|Recover|p2a: Quagsire
|-heal|p2a: Quagsire|391\/391 brn
|
|-damage|p2a: Quagsire|343\/391 brn|[from] brn
|turn|29
|
|move|p1a: Bisharp|Iron Head|p2a: Quagsire
|-resisted|p2a: Quagsire
|-damage|p2a: Quagsire|316\/391 brn
|move|p2a: Quagsire|Infestation|p1a: Bisharp
|-damage|p1a: Bisharp|63\/271
|-activate|p1a: Bisharp|move: Infestation|[of] p2a: Quagsire
|
|-damage|p2a: Quagsire|268\/391 brn|[from] brn
|-damage|p1a: Bisharp|30\/271|[from] move: Infestation|[partiallytrapped]
|turn|30
|
|move|p1a: Bisharp|Iron Head|p2a: Quagsire
|-resisted|p2a: Quagsire
|-damage|p2a: Quagsire|240\/391 brn
|cant|p2a: Quagsire|flinch
|
|-damage|p2a: Quagsire|192\/391 brn|[from] brn
|-damage|p1a: Bisharp|0 fnt|[from] move: Infestation|[partiallytrapped]
|faint|p1a: Bisharp
|
|switch|p1a: Metagross|Metagross-Mega|209\/301 brn
|-damage|p1a: Metagross|191\/301 brn|[from] Stealth Rock
|turn|31
|
|move|p1a: Metagross|Zen Headbutt|p2a: Quagsire
|-damage|p2a: Quagsire|149\/391 brn
|move|p2a: Quagsire|Recover|p2a: Quagsire
|-heal|p2a: Quagsire|345\/391 brn
|
|-damage|p1a: Metagross|154\/301 brn|[from] brn
|-damage|p2a: Quagsire|297\/391 brn|[from] brn
|turn|32
|
|move|p1a: Metagross|Zen Headbutt|p2a: Quagsire
|-damage|p2a: Quagsire|254\/391 brn
|move|p2a: Quagsire|Infestation|p1a: Metagross
|-damage|p1a: Metagross|144\/301 brn
|-activate|p1a: Metagross|move: Infestation|[of] p2a: Quagsire
|
|-damage|p1a: Metagross|107\/301 brn|[from] brn
|-damage|p2a: Quagsire|206\/391 brn|[from] brn
|-damage|p1a: Metagross|70\/301 brn|[from] move: Infestation|[partiallytrapped]
|turn|33
|
|move|p1a: Metagross|Zen Headbutt|p2a: Quagsire
|-damage|p2a: Quagsire|164\/391 brn
|move|p2a: Quagsire|Recover|p2a: Quagsire
|-heal|p2a: Quagsire|360\/391 brn
|
|-damage|p1a: Metagross|33\/301 brn|[from] brn
|-damage|p2a: Quagsire|312\/391 brn|[from] brn
|-damage|p1a: Metagross|0 fnt|[from] move: Infestation|[partiallytrapped]
|faint|p1a: Metagross
|-message|BallinAssNikka forfeited.
|leave|BallinAssNikka
|
|win|victheslayer89
|raw|Ladder updating...
|player|p1
|raw|BallinAssNikka's rating: 1494 &rarr; <strong>1472<\/strong><br \/>(-22 for losing)
|raw|victheslayer89's rating: 1447 &rarr; <strong>1469<\/strong><br \/>(+22 for winning)