|join|LakeTrout
|join|tonofwhat
|player|p1|LakeTrout|1
|player|p2|tonofwhat|101
|gametype|singles
|gen|6
|tier|OU
|rated
|clearpoke
|poke|p1|Charizard, F, shiny
|poke|p1|Tentacruel, M
|poke|p1|Ferrothorn, M
|poke|p1|Thundurus, M
|poke|p1|Keldeo-Resolute
|poke|p1|Jirachi
|poke|p2|Greninja, M
|poke|p2|Terrakion
|poke|p2|Beedrill, F
|poke|p2|Landorus-Therian, M
|poke|p2|Magnezone
|poke|p2|Thundurus, M
|rule|Swagger Clause: Swagger is banned
|rule|Baton Pass Clause: Limit one Pokémon knowing Baton Pass
|rule|Sleep Clause Mod: Limit one foe put to sleep
|rule|Species Clause: Limit one of each Pokémon
|rule|OHKO Clause: OHKO moves are banned
|rule|Moody Clause: Moody is banned
|rule|Evasion Moves Clause: Evasion moves are banned
|rule|Endless Battle Clause: Forcing endless battles is banned
|rule|HP Percentage Mod: HP is shown in percentages
|teampreview
|
|start
|switch|p1a: Keldeo-Resolute|Keldeo-Resolute|323\/323
|switch|p2a: Terrakion|Terrakion|344\/344
|turn|1
|
|move|p1a: Keldeo-Resolute|Scald|p2a: Terrakion
|-supereffective|p2a: Terrakion
|-enditem|p2a: Terrakion|Focus Sash
|-damage|p2a: Terrakion|1\/344
|move|p2a: Terrakion|Stealth Rock|p1a: Keldeo-Resolute
|-sidestart|p1: LakeTrout|move: Stealth Rock
|
|turn|2
|
|move|p1a: Keldeo-Resolute|Scald|p2a: Terrakion
|-supereffective|p2a: Terrakion
|-damage|p2a: Terrakion|0 fnt
|faint|p2a: Terrakion
|
|
|switch|p2a: Thundurus|Thundurus, M|299\/299
|turn|3
|c|★tonofwhat|lagging like crazy
|c|★tonofwhat|sorry
|c|★LakeTrout|No
|c|★LakeTrout|np*
|
|switch|p2a: Magnezone|Magnezone|281\/281
|switch|p1a: Ferrothorn|Ferrothorn, M|352\/352
|-damage|p1a: Ferrothorn|330\/352|[from] Stealth Rock
|
|-heal|p1a: Ferrothorn|352\/352|[from] item: Leftovers
|turn|4
|
|move|p2a: Magnezone|Hidden Power|p1a: Ferrothorn
|-supereffective|p1a: Ferrothorn
|-damage|p1a: Ferrothorn|12\/352
|move|p1a: Ferrothorn|Stealth Rock|p2a: Magnezone
|-sidestart|p2: tonofwhat|move: Stealth Rock
|
|-heal|p1a: Ferrothorn|34\/352|[from] item: Leftovers
|turn|5
|
|move|p2a: Magnezone|Hidden Power|p1a: Ferrothorn
|-supereffective|p1a: Ferrothorn
|-damage|p1a: Ferrothorn|0 fnt
|faint|p1a: Ferrothorn
|
|
|switch|p1a: Tentacruel|Tentacruel, M|364\/364
|-damage|p1a: Tentacruel|319\/364|[from] Stealth Rock
|turn|6
|
|switch|p2a: Thundurus|Thundurus, M|299\/299
|-damage|p2a: Thundurus|225\/299|[from] Stealth Rock
|move|p1a: Tentacruel|Rapid Spin|p2a: Thundurus
|-damage|p2a: Thundurus|210\/299
|-sideend|p1: LakeTrout|Stealth Rock|[from] move: Rapid Spin|[of] p1a: Tentacruel
|
|-heal|p1a: Tentacruel|341\/364|[from] item: Black Sludge
|turn|7
|
|switch|p1a: Jirachi|Jirachi|341\/341
|move|p2a: Thundurus|Wild Charge|p1a: Jirachi
|-damage|p1a: Jirachi|138\/341
|-damage|p2a: Thundurus|159\/299|[from] recoil|[of] p1a: Jirachi
|-damage|p2a: Thundurus|130\/299|[from] item: Life Orb
|
|turn|8
|
|move|p1a: Jirachi|Zen Headbutt|p2a: Thundurus
|-damage|p2a: Thundurus|0 fnt
|faint|p2a: Thundurus
|
|
|switch|p2a: Magnezone|Magnezone|281\/281
|-damage|p2a: Magnezone|264\/281|[from] Stealth Rock
|turn|9
|
|move|p1a: Jirachi|Zen Headbutt|p2a: Magnezone
|-resisted|p2a: Magnezone
|-damage|p2a: Magnezone|212\/281
|move|p2a: Magnezone|Volt Switch|p1a: Jirachi
|-damage|p1a: Jirachi|0 fnt
|faint|p1a: Jirachi
|
|switch|p2a: Landorus-Therian|Landorus-Therian, M|319\/319
|-damage|p2a: Landorus-Therian|280\/319|[from] Stealth Rock
|
|
|switch|p1a: Keldeo-Resolute|Keldeo-Resolute|323\/323
|turn|10
|
|switch|p2a: Greninja|Greninja, M|306\/306
|-damage|p2a: Greninja|268\/306|[from] Stealth Rock
|move|p1a: Keldeo-Resolute|Scald|p2a: Greninja
|-resisted|p2a: Greninja
|-damage|p2a: Greninja|132\/306
|
|turn|11
|
|move|p1a: Keldeo-Resolute|Scald|p2a: Greninja
|-resisted|p2a: Greninja
|-damage|p2a: Greninja|0 fnt
|faint|p2a: Greninja
|
|
|switch|p2a: Magnezone|Magnezone|212\/281
|-damage|p2a: Magnezone|195\/281|[from] Stealth Rock
|turn|12
|
|switch|p1a: Tentacruel|Tentacruel, M|341\/364
|move|p2a: Magnezone|Thunderbolt|p1a: Tentacruel
|-supereffective|p1a: Tentacruel
|-damage|p1a: Tentacruel|0 fnt
|faint|p1a: Tentacruel
|
|
|switch|p1a: Charizard|Charizard, F, shiny|307\/307
|turn|13
|
|switch|p2a: Landorus-Therian|Landorus-Therian, M|280\/319
|-damage|p2a: Landorus-Therian|241\/319|[from] Stealth Rock
|-ability|p2a: Landorus-Therian|Intimidate|[of] p1a: Charizard
|-unboost|p1a: Charizard|atk|1
|detailschange|p1a: Charizard|Charizard-Mega-X, F, shiny
|-mega|p1a: Charizard|Charizard|Charizardite X
|move|p1a: Charizard|Dragon Dance|p1a: Charizard
|-boost|p1a: Charizard|atk|1
|-boost|p1a: Charizard|spe|1
|
|turn|14
|
|move|p1a: Charizard|Flare Blitz|p2a: Landorus-Therian
|-damage|p2a: Landorus-Therian|0 fnt
|-damage|p1a: Charizard|227\/307|[from] recoil|[of] p2a: Landorus-Therian
|faint|p2a: Landorus-Therian
|
|c|★LakeTrout|Gg
|-message|tonofwhat forfeited.
|leave|tonofwhat
|
|win|LakeTrout
|raw|Ladder updating...
|player|p2
|raw|LakeTrout's rating: 1528 &rarr; <strong>1550<\/strong><br \/>(+22 for winning)
|raw|tonofwhat's rating: 1564 &rarr; <strong>1542<\/strong><br \/>(-22 for losing)