|join|mastermind15
|join|gottacatchthemall
|player|p1|mastermind15|33
|player|p2|gottacatchthemall|162
|gametype|singles
|gen|6
|tier|OU
|clearpoke
|poke|p1|Slowbro, M, shiny
|poke|p1|Gliscor, M
|poke|p1|Amoonguss, F, shiny
|poke|p1|Tyranitar, M
|poke|p1|Zapdos
|poke|p1|Gardevoir, F, shiny
|poke|p2|Landorus-Therian, M
|poke|p2|Excadrill, F
|poke|p2|Dragonite, M
|poke|p2|Gardevoir, F
|poke|p2|Thundurus, M
|poke|p2|Rotom-Wash
|rule|Swagger Clause: Swagger is banned
|rule|Baton Pass Clause: Limit one Pokémon knowing Baton Pass
|rule|Sleep Clause Mod: Limit one foe put to sleep
|rule|Species Clause: Limit one of each Pokémon
|rule|OHKO Clause: OHKO moves are banned
|rule|Moody Clause: Moody is banned
|rule|Evasion Moves Clause: Evasion moves are banned
|rule|Endless Battle Clause: Forcing endless battles is banned
|rule|HP Percentage Mod: HP is shown in percentages
|teampreview
|c|★gottacatchthemall|yo remember me
|c|★mastermind15|i do
|c|★gottacatchthemall|lool still didnt figure out that team
|c|★mastermind15|who won our last battle?
|c|★gottacatchthemall|LOL u did 
|c|★gottacatchthemall|6-0
|
|start
|switch|p1a: Bill|Slowbro, M, shiny|394\/394
|switch|p2a: Gardevoir|Gardevoir, F|277\/277
|-ability|p2a: Gardevoir|Regenerator|[from] ability: Trace|[of] p1a: Bill
|turn|1
|
|detailschange|p2a: Gardevoir|Gardevoir-Mega, F
|message|Gardevoir has Mega Evolved into Mega Gardevoir!
|move|p2a: Gardevoir|Taunt|p1a: Bill
|-start|p1a: Bill|move: Taunt
|move|p1a: Bill|Scald|p2a: Gardevoir
|-damage|p2a: Gardevoir|207\/277
|-status|p2a: Gardevoir|brn
|
|-damage|p2a: Gardevoir|173\/277 brn|[from] brn
|turn|2
|
|switch|p1a: Penelope|Amoonguss, F, shiny|432\/432
|move|p2a: Gardevoir|Hyper Voice|p1a: Penelope
|-resisted|p1a: Penelope
|-damage|p1a: Penelope|321\/432
|
|-heal|p1a: Penelope|348\/432|[from] item: Black Sludge
|-damage|p2a: Gardevoir|139\/277 brn|[from] brn
|turn|3
|c|★gottacatchthemall|meh burn sucks
|c|★mastermind15|yeah
|
|switch|p1a: Sam|Tyranitar, M|341\/341
|-weather|Sandstorm
|move|p2a: Gardevoir|Psyshock|p1a: Sam
|-immune|p1a: Sam|[msg]
|
|-weather|Sandstorm|[upkeep]
|-damage|p2a: Gardevoir|122\/277 brn|[from] sandstorm
|-damage|p2a: Gardevoir|88\/277 brn|[from] brn
|turn|4
|c|★mastermind15|if i can kill this gardevior early...
|
|move|p2a: Gardevoir|Hyper Voice|p1a: Sam
|-supereffective|p1a: Sam
|-damage|p1a: Sam|161\/341
|move|p1a: Sam|Pursuit|p2a: Gardevoir
|-damage|p2a: Gardevoir|0 fnt
|faint|p2a: Gardevoir
|
|-weather|Sandstorm|[upkeep]
|c|★mastermind15|yes
|c|★gottacatchthemall|haha
|
|switch|p2a: Landorus-Therian|Landorus-Therian, M|382\/382
|-ability|p2a: Landorus-Therian|Intimidate|[of] p1a: Sam
|-unboost|p1a: Sam|atk|1
|turn|5
|c|★mastermind15|i think he is the biggest threat to my team
|c|★mastermind15|or she...
|c|★gottacatchthemall|yea he is def
|
|switch|p1a: Ivan|Gliscor, M|352\/352
|move|p2a: Landorus-Therian|Stealth Rock|p1a: Ivan
|-sidestart|p1: mastermind15|move: Stealth Rock
|
|-weather|Sandstorm|[upkeep]
|-status|p1a: Ivan|tox|[from] item: Toxic Orb
|turn|6
|c|★gottacatchthemall|but you played around it
|c|★gottacatchthemall|nice
|c|★gottacatchthemall|and im prob screwed haha
|
|move|p1a: Ivan|Toxic|p2a: Landorus-Therian
|-status|p2a: Landorus-Therian|tox
|move|p2a: Landorus-Therian|U-turn|p1a: Ivan
|-resisted|p1a: Ivan
|-damage|p1a: Ivan|327\/352 tox
|
|switch|p2a: Thundurus|Thundurus, M|299\/299
|
|-weather|Sandstorm|[upkeep]
|-damage|p2a: Thundurus|281\/299|[from] sandstorm
|-heal|p2a: Thundurus|299\/299|[from] item: Leftovers
|-heal|p1a: Ivan|352\/352 tox|[from] ability: Poison Heal
|turn|7
|
|switch|p1a: Penelope|Amoonguss, F, shiny|432\/432
|-damage|p1a: Penelope|378\/432|[from] Stealth Rock
|move|p2a: Thundurus|Hidden Power|p1a: Penelope
|-crit|p1a: Penelope
|-supereffective|p1a: Penelope
|-damage|p1a: Penelope|188\/432
|
|-weather|none
|-heal|p1a: Penelope|215\/432|[from] item: Black Sludge
|turn|8
|
|move|p2a: Thundurus|Hidden Power|p1a: Penelope
|-supereffective|p1a: Penelope
|-damage|p1a: Penelope|93\/432
|move|p1a: Penelope|Spore|p2a: Thundurus
|-status|p2a: Thundurus|slp
|
|-heal|p1a: Penelope|120\/432|[from] item: Black Sludge
|turn|9
|
|cant|p2a: Thundurus|slp
|move|p1a: Penelope|Foul Play|p2a: Thundurus
|-damage|p2a: Thundurus|199\/299 slp
|
|-heal|p2a: Thundurus|217\/299 slp|[from] item: Leftovers
|-heal|p1a: Penelope|147\/432|[from] item: Black Sludge
|turn|10
|
|cant|p2a: Thundurus|slp
|move|p1a: Penelope|Foul Play|p2a: Thundurus
|-damage|p2a: Thundurus|112\/299 slp
|
|-heal|p2a: Thundurus|130\/299 slp|[from] item: Leftovers
|-heal|p1a: Penelope|174\/432|[from] item: Black Sludge
|turn|11
|
|switch|p1a: Sam|Tyranitar, M|161\/341
|-damage|p1a: Sam|119\/341|[from] Stealth Rock
|-weather|Sandstorm
|cant|p2a: Thundurus|slp
|
|-weather|Sandstorm|[upkeep]
|-damage|p2a: Thundurus|112\/299 slp|[from] sandstorm
|-heal|p2a: Thundurus|130\/299 slp|[from] item: Leftovers
|turn|12
|
|-curestatus|p2a: Thundurus|slp
|move|p2a: Thundurus|Focus Blast|p1a: Sam
|-supereffective|p1a: Sam
|-damage|p1a: Sam|0 fnt
|faint|p1a: Sam
|
|-weather|Sandstorm|[upkeep]
|-damage|p2a: Thundurus|112\/299|[from] sandstorm
|-heal|p2a: Thundurus|130\/299|[from] item: Leftovers
|
|switch|p1a: Penelope|Amoonguss, F, shiny|318\/432
|-damage|p1a: Penelope|264\/432|[from] Stealth Rock
|turn|13
|
|switch|p2a: Landorus-Therian|Landorus-Therian, M|382\/382 tox
|-ability|p2a: Landorus-Therian|Intimidate|[of] p1a: Penelope
|-unboost|p1a: Penelope|atk|1
|move|p1a: Penelope|Spore|p2a: Landorus-Therian
|-fail|p2a: Landorus-Therian
|
|-weather|Sandstorm|[upkeep]
|-damage|p1a: Penelope|237\/432|[from] sandstorm
|-heal|p1a: Penelope|264\/432|[from] item: Black Sludge
|-damage|p2a: Landorus-Therian|359\/382 tox|[from] psn
|turn|14
|
|switch|p1a: Ivan|Gliscor, M|352\/352 tox
|-damage|p1a: Ivan|308\/352 tox|[from] Stealth Rock
|move|p2a: Landorus-Therian|U-turn|p1a: Ivan
|-resisted|p1a: Ivan
|-damage|p1a: Ivan|284\/352 tox
|
|switch|p2a: Rotom-Wash|Rotom-Wash|303\/303
|
|-weather|Sandstorm|[upkeep]
|-damage|p2a: Rotom-Wash|285\/303|[from] sandstorm
|-heal|p1a: Ivan|328\/352 tox|[from] ability: Poison Heal
|turn|15
|
|switch|p1a: Penelope|Amoonguss, F, shiny|408\/432
|-damage|p1a: Penelope|354\/432|[from] Stealth Rock
|move|p2a: Rotom-Wash|Will-O-Wisp|p1a: Penelope
|-status|p1a: Penelope|brn
|
|-weather|none
|-heal|p1a: Penelope|381\/432 brn|[from] item: Black Sludge
|-damage|p1a: Penelope|327\/432 brn|[from] brn
|turn|16
|
|move|p2a: Rotom-Wash|Volt Switch|p1a: Penelope
|-resisted|p1a: Penelope
|-damage|p1a: Penelope|290\/432 brn
|
|switch|p2a: Landorus-Therian|Landorus-Therian, M|359\/382 tox
|-ability|p2a: Landorus-Therian|Intimidate|[of] p1a: Penelope
|-unboost|p1a: Penelope|atk|1
|move|p1a: Penelope|Giga Drain|p2a: Landorus-Therian
|-damage|p2a: Landorus-Therian|265\/382 tox
|-heal|p1a: Penelope|337\/432 brn|[from] drain|[of] p2a: Landorus-Therian
|
|-heal|p2a: Landorus-Therian|288\/382 tox|[from] item: Leftovers
|-heal|p1a: Penelope|364\/432 brn|[from] item: Black Sludge
|-damage|p2a: Landorus-Therian|265\/382 tox|[from] psn
|-damage|p1a: Penelope|310\/432 brn|[from] brn
|turn|17
|
|switch|p1a: Ivan|Gliscor, M|328\/352 tox
|-damage|p1a: Ivan|284\/352 tox|[from] Stealth Rock
|move|p2a: Landorus-Therian|Earthquake|p1a: Ivan
|-immune|p1a: Ivan|[msg]
|
|-heal|p2a: Landorus-Therian|288\/382 tox|[from] item: Leftovers
|-heal|p1a: Ivan|328\/352 tox|[from] ability: Poison Heal
|-damage|p2a: Landorus-Therian|242\/382 tox|[from] psn
|turn|18
|
|move|p1a: Ivan|Toxic|p2a: Landorus-Therian
|-fail|p2a: Landorus-Therian|tox
|move|p2a: Landorus-Therian|U-turn|p1a: Ivan
|-resisted|p1a: Ivan
|-damage|p1a: Ivan|306\/352 tox
|
|switch|p2a: Thundurus|Thundurus, M|130\/299
|
|-heal|p2a: Thundurus|148\/299|[from] item: Leftovers
|-heal|p1a: Ivan|350\/352 tox|[from] ability: Poison Heal
|turn|19
|c|★gottacatchthemall|spdef or physical gliscor?
|
|switch|p1a: Elizabeth|Gardevoir, F, shiny|277\/277
|-damage|p1a: Elizabeth|243\/277|[from] Stealth Rock
|move|p2a: Thundurus|Hidden Power|p1a: Elizabeth
|-damage|p1a: Elizabeth|183\/277
|
|-heal|p2a: Thundurus|166\/299|[from] item: Leftovers
|turn|20
|c|★mastermind15|physical
|c|★gottacatchthemall|oh lol
|c|★gottacatchthemall|ppl like spdef gliscor too now
|c|★gottacatchthemall|for some reason
|c|★mastermind15|usually don't have this big of a problem with thundy lol
|c|★gottacatchthemall|haha cuz im playing really careful with it
|c|★gottacatchthemall|lose thundy
|c|★mastermind15|yeah
|c|★gottacatchthemall|lose the game
|
|switch|p2a: Excadrill|Excadrill, F|362\/362
|-ability|p2a: Excadrill|Mold Breaker
|detailschange|p1a: Elizabeth|Gardevoir-Mega, F, shiny
|message|Gardevoir has Mega Evolved into Mega Gardevoir!
|move|p1a: Elizabeth|Hyper Voice|p2a: Excadrill
|-resisted|p2a: Excadrill
|-damage|p2a: Excadrill|179\/362
|
|turn|21
|c|★gottacatchthemall|and now this threat is here
|
|switch|p2a: Thundurus|Thundurus, M|166\/299
|switch|p1a: Ivan|Gliscor, M|350\/352 tox
|-damage|p1a: Ivan|306\/352 tox|[from] Stealth Rock
|
|-heal|p2a: Thundurus|184\/299|[from] item: Leftovers
|-heal|p1a: Ivan|350\/352 tox|[from] ability: Poison Heal
|turn|22
|
|switch|p1a: Penelope|Amoonguss, F, shiny|432\/432 brn
|-damage|p1a: Penelope|378\/432 brn|[from] Stealth Rock
|move|p2a: Thundurus|Hidden Power|p1a: Penelope
|-supereffective|p1a: Penelope
|-damage|p1a: Penelope|254\/432 brn
|
|-heal|p2a: Thundurus|202\/299|[from] item: Leftovers
|-heal|p1a: Penelope|281\/432 brn|[from] item: Black Sludge
|-damage|p1a: Penelope|227\/432 brn|[from] brn
|turn|23
|
|switch|p2a: Landorus-Therian|Landorus-Therian, M|242\/382 tox
|-ability|p2a: Landorus-Therian|Intimidate|[of] p1a: Penelope
|-unboost|p1a: Penelope|atk|1
|switch|p1a: Elizabeth|Gardevoir-Mega, F, shiny|183\/277
|-damage|p1a: Elizabeth|149\/277|[from] Stealth Rock
|
|-heal|p2a: Landorus-Therian|265\/382 tox|[from] item: Leftovers
|-damage|p2a: Landorus-Therian|242\/382 tox|[from] psn
|turn|24
|c|★gottacatchthemall|haha no switch in
|
|switch|p2a: Dragonite|Dragonite, M|323\/323
|move|p1a: Elizabeth|Hyper Voice|p2a: Dragonite
|-supereffective|p2a: Dragonite
|-damage|p2a: Dragonite|82\/323
|
|turn|25
|
|move|p2a: Dragonite|Extreme Speed|p1a: Elizabeth
|-damage|p1a: Elizabeth|0 fnt
|faint|p1a: Elizabeth
|
|
|switch|p1a: Chase|Zapdos|383\/383
|-damage|p1a: Chase|288\/383|[from] Stealth Rock
|-ability|p1a: Chase|Pressure
|turn|26
|
|switch|p2a: Rotom-Wash|Rotom-Wash|285\/303
|move|p1a: Chase|Defog|p2a: Rotom-Wash
|-unboost|p2a: Rotom-Wash|evasion|1
|-sideend|p1: mastermind15|Stealth Rock|[from] move: Defog|[of] p1a: Chase
|
|-heal|p1a: Chase|311\/383|[from] item: Leftovers
|turn|27
|
|switch|p1a: Penelope|Amoonguss, F, shiny|371\/432 brn
|move|p2a: Rotom-Wash|Rest|p2a: Rotom-Wash
|-status|p2a: Rotom-Wash|slp
|-heal|p2a: Rotom-Wash|303\/303 slp|[silent]
|-status|p2a: Rotom-Wash|slp|[from] move: Rest
|-enditem|p2a: Rotom-Wash|Chesto Berry|[eat]
|-curestatus|p2a: Rotom-Wash|slp
|
|-heal|p1a: Penelope|398\/432 brn|[from] item: Black Sludge
|-damage|p1a: Penelope|344\/432 brn|[from] brn
|turn|28
|c|★gottacatchthemall|eff misclick
|c|★gottacatchthemall|wasted my berry
|c|★gottacatchthemall|lol
|
|move|p2a: Rotom-Wash|Volt Switch|p1a: Penelope
|-resisted|p1a: Penelope
|-damage|p1a: Penelope|309\/432 brn
|
|switch|p2a: Dragonite|Dragonite, M|82\/323
|move|p1a: Penelope|Giga Drain|p2a: Dragonite
|-resisted|p2a: Dragonite
|-damage|p2a: Dragonite|63\/323
|-heal|p1a: Penelope|319\/432 brn|[from] drain|[of] p2a: Dragonite
|
|-heal|p1a: Penelope|346\/432 brn|[from] item: Black Sludge
|-damage|p1a: Penelope|292\/432 brn|[from] brn
|turn|29
|
|switch|p1a: Bill|Slowbro, M, shiny|394\/394
|move|p2a: Dragonite|Dragon Claw|p1a: Bill
|-damage|p1a: Bill|241\/394
|
|turn|30
|
|switch|p2a: Rotom-Wash|Rotom-Wash|303\/303
|move|p1a: Bill|Psychic|p2a: Rotom-Wash
|-damage|p2a: Rotom-Wash|195\/303
|
|turn|31
|
|switch|p1a: Penelope|Amoonguss, F, shiny|432\/432 brn
|move|p2a: Rotom-Wash|Hydro Pump|p1a: Penelope
|-crit|p1a: Penelope
|-resisted|p1a: Penelope
|-damage|p1a: Penelope|351\/432 brn
|
|-heal|p1a: Penelope|378\/432 brn|[from] item: Black Sludge
|-damage|p1a: Penelope|324\/432 brn|[from] brn
|turn|32
|c|★gottacatchthemall|omg this thing is so annoying
|c|★gottacatchthemall|with that damn regenerator
|
|move|p2a: Rotom-Wash|Volt Switch|p1a: Penelope
|-resisted|p1a: Penelope
|-damage|p1a: Penelope|288\/432 brn
|c|★mastermind15|i know lol
|
|switch|p2a: Landorus-Therian|Landorus-Therian, M|242\/382 tox
|-ability|p2a: Landorus-Therian|Intimidate|[of] p1a: Penelope
|-unboost|p1a: Penelope|atk|1
|move|p1a: Penelope|Foul Play|p2a: Landorus-Therian
|-damage|p2a: Landorus-Therian|199\/382 tox
|
|-heal|p2a: Landorus-Therian|222\/382 tox|[from] item: Leftovers
|-heal|p1a: Penelope|315\/432 brn|[from] item: Black Sludge
|-damage|p2a: Landorus-Therian|199\/382 tox|[from] psn
|-damage|p1a: Penelope|261\/432 brn|[from] brn
|turn|33
|
|switch|p1a: Chase|Zapdos|311\/383
|-ability|p1a: Chase|Pressure
|move|p2a: Landorus-Therian|U-turn|p1a: Chase
|-resisted|p1a: Chase
|-damage|p1a: Chase|279\/383
|
|switch|p2a: Thundurus|Thundurus, M|202\/299
|
|-heal|p2a: Thundurus|220\/299|[from] item: Leftovers
|-heal|p1a: Chase|302\/383|[from] item: Leftovers
|turn|34
|
|switch|p1a: Bill|Slowbro, M, shiny|372\/394
|move|p2a: Thundurus|Thunderbolt|p1a: Bill
|-supereffective|p1a: Bill
|-damage|p1a: Bill|124\/394
|
|-heal|p2a: Thundurus|238\/299|[from] item: Leftovers
|turn|35
|
|switch|p1a: Penelope|Amoonguss, F, shiny|405\/432 brn
|move|p2a: Thundurus|Thunderbolt|p1a: Penelope
|-resisted|p1a: Penelope
|-damage|p1a: Penelope|333\/432 brn
|
|-heal|p2a: Thundurus|256\/299|[from] item: Leftovers
|-heal|p1a: Penelope|360\/432 brn|[from] item: Black Sludge
|-damage|p1a: Penelope|306\/432 brn|[from] brn
|turn|36
|
|switch|p2a: Landorus-Therian|Landorus-Therian, M|199\/382 tox
|-ability|p2a: Landorus-Therian|Intimidate|[of] p1a: Penelope
|-unboost|p1a: Penelope|atk|1
|move|p1a: Penelope|Foul Play|p2a: Landorus-Therian
|-damage|p2a: Landorus-Therian|161\/382 tox
|
|-heal|p2a: Landorus-Therian|184\/382 tox|[from] item: Leftovers
|-heal|p1a: Penelope|333\/432 brn|[from] item: Black Sludge
|-damage|p2a: Landorus-Therian|161\/382 tox|[from] psn
|-damage|p1a: Penelope|279\/432 brn|[from] brn
|turn|37
|
|switch|p1a: Chase|Zapdos|302\/383
|-ability|p1a: Chase|Pressure
|move|p2a: Landorus-Therian|Stealth Rock|p1a: Chase
|-sidestart|p1: mastermind15|move: Stealth Rock
|
|-heal|p1a: Chase|325\/383|[from] item: Leftovers
|-heal|p2a: Landorus-Therian|184\/382 tox|[from] item: Leftovers
|-damage|p2a: Landorus-Therian|138\/382 tox|[from] psn
|turn|38
|
|move|p1a: Chase|Defog|p2a: Landorus-Therian
|-unboost|p2a: Landorus-Therian|evasion|1
|-sideend|p1: mastermind15|Stealth Rock|[from] move: Defog|[of] p1a: Chase
|move|p2a: Landorus-Therian|U-turn|p1a: Chase
|-resisted|p1a: Chase
|-damage|p1a: Chase|291\/383
|
|switch|p2a: Thundurus|Thundurus, M|256\/299
|
|-heal|p2a: Thundurus|274\/299|[from] item: Leftovers
|-heal|p1a: Chase|314\/383|[from] item: Leftovers
|turn|39
|
|switch|p1a: Penelope|Amoonguss, F, shiny|423\/432 brn
|move|p2a: Thundurus|Hidden Power|p1a: Penelope
|-supereffective|p1a: Penelope
|-damage|p1a: Penelope|297\/432 brn
|
|-heal|p2a: Thundurus|292\/299|[from] item: Leftovers
|-heal|p1a: Penelope|324\/432 brn|[from] item: Black Sludge
|-damage|p1a: Penelope|270\/432 brn|[from] brn
|turn|40
|
|move|p2a: Thundurus|Hidden Power|p1a: Penelope
|-supereffective|p1a: Penelope
|-damage|p1a: Penelope|154\/432 brn
|move|p1a: Penelope|Spore|p2a: Thundurus
|-status|p2a: Thundurus|slp
|
|-heal|p2a: Thundurus|299\/299 slp|[from] item: Leftovers
|-heal|p1a: Penelope|181\/432 brn|[from] item: Black Sludge
|-damage|p1a: Penelope|127\/432 brn|[from] brn
|turn|41
|c|★gottacatchthemall|noooo LOL
|
|switch|p1a: Chase|Zapdos|314\/383
|-ability|p1a: Chase|Pressure
|cant|p2a: Thundurus|slp
|
|-heal|p1a: Chase|337\/383|[from] item: Leftovers
|turn|42
|c|★mastermind15|lol
|
|cant|p2a: Thundurus|slp
|move|p1a: Chase|Thunderbolt|p2a: Thundurus
|-damage|p2a: Thundurus|149\/299 slp
|
|-heal|p2a: Thundurus|167\/299 slp|[from] item: Leftovers
|-heal|p1a: Chase|360\/383|[from] item: Leftovers
|turn|43
|
|switch|p2a: Excadrill|Excadrill, F|179\/362
|-ability|p2a: Excadrill|Mold Breaker
|move|p1a: Chase|Thunderbolt|p2a: Excadrill
|-immune|p2a: Excadrill|[msg]
|
|-heal|p1a: Chase|383\/383|[from] item: Leftovers
|turn|44
|
|move|p2a: Excadrill|Rock Slide|p1a: Chase
|-supereffective|p1a: Chase
|-damage|p1a: Chase|205\/383
|move|p1a: Chase|Heat Wave|p2a: Excadrill
|-supereffective|p2a: Excadrill
|-damage|p2a: Excadrill|0 fnt
|faint|p2a: Excadrill
|
|-heal|p1a: Chase|228\/383|[from] item: Leftovers
|
|switch|p2a: Dragonite|Dragonite, M|63\/323
|turn|45
|
|switch|p2a: Thundurus|Thundurus, M|167\/299 slp
|switch|p1a: Ivan|Gliscor, M|350\/352 tox
|
|-heal|p2a: Thundurus|185\/299 slp|[from] item: Leftovers
|-heal|p1a: Ivan|352\/352 tox|[from] ability: Poison Heal
|turn|46
|
|switch|p1a: Bill|Slowbro, M, shiny|255\/394
|cant|p2a: Thundurus|slp
|
|-heal|p2a: Thundurus|203\/299 slp|[from] item: Leftovers
|turn|47
|
|switch|p1a: Penelope|Amoonguss, F, shiny|271\/432 brn
|-curestatus|p2a: Thundurus|slp
|move|p2a: Thundurus|Thunderbolt|p1a: Penelope
|-resisted|p1a: Penelope
|-damage|p1a: Penelope|208\/432 brn
|
|-heal|p2a: Thundurus|221\/299|[from] item: Leftovers
|-heal|p1a: Penelope|235\/432 brn|[from] item: Black Sludge
|-damage|p1a: Penelope|181\/432 brn|[from] brn
|turn|48
|
|switch|p2a: Landorus-Therian|Landorus-Therian, M|138\/382 tox
|-ability|p2a: Landorus-Therian|Intimidate|[of] p1a: Penelope
|-unboost|p1a: Penelope|atk|1
|switch|p1a: Bill|Slowbro, M, shiny|386\/394
|
|-heal|p2a: Landorus-Therian|161\/382 tox|[from] item: Leftovers
|-damage|p2a: Landorus-Therian|138\/382 tox|[from] psn
|turn|49
|
|switch|p1a: Chase|Zapdos|228\/383
|-ability|p1a: Chase|Pressure
|move|p2a: Landorus-Therian|Stealth Rock|p1a: Chase
|-sidestart|p1: mastermind15|move: Stealth Rock
|
|-heal|p1a: Chase|251\/383|[from] item: Leftovers
|-heal|p2a: Landorus-Therian|161\/382 tox|[from] item: Leftovers
|-damage|p2a: Landorus-Therian|115\/382 tox|[from] psn
|turn|50
|
|move|p1a: Chase|Defog|p2a: Landorus-Therian
|-unboost|p2a: Landorus-Therian|evasion|1
|-sideend|p1: mastermind15|Stealth Rock|[from] move: Defog|[of] p1a: Chase
|move|p2a: Landorus-Therian|Stone Edge|p1a: Chase|[miss]
|-miss|p2a: Landorus-Therian|p1a: Chase
|
|-heal|p1a: Chase|274\/383|[from] item: Leftovers
|-heal|p2a: Landorus-Therian|138\/382 tox|[from] item: Leftovers
|-damage|p2a: Landorus-Therian|69\/382 tox|[from] psn
|turn|51
|c|★mastermind15|yesss
|
|move|p1a: Chase|Roost|p1a: Chase
|-heal|p1a: Chase|383\/383
|move|p2a: Landorus-Therian|Stone Edge|p1a: Chase
|-damage|p1a: Chase|289\/383
|
|-heal|p1a: Chase|312\/383|[from] item: Leftovers
|-heal|p2a: Landorus-Therian|92\/382 tox|[from] item: Leftovers
|-damage|p2a: Landorus-Therian|0 fnt|[from] psn
|faint|p2a: Landorus-Therian
|c|★gottacatchthemall|lol no chance now i think
|
|switch|p2a: Dragonite|Dragonite, M|63\/323
|turn|52
|
|move|p2a: Dragonite|Dragon Claw|p1a: Chase
|-damage|p1a: Chase|99\/383
|move|p1a: Chase|Thunderbolt|p2a: Dragonite
|-crit|p2a: Dragonite
|-damage|p2a: Dragonite|0 fnt
|faint|p2a: Dragonite
|
|-heal|p1a: Chase|122\/383|[from] item: Leftovers
|
|switch|p2a: Thundurus|Thundurus, M|221\/299
|turn|53
|
|move|p2a: Thundurus|Hidden Power|p1a: Chase
|-supereffective|p1a: Chase
|-damage|p1a: Chase|0 fnt
|faint|p1a: Chase
|
|-heal|p2a: Thundurus|239\/299|[from] item: Leftovers
|
|switch|p1a: Penelope|Amoonguss, F, shiny|325\/432 brn
|turn|54
|
|move|p2a: Thundurus|Hidden Power|p1a: Penelope
|-supereffective|p1a: Penelope
|-damage|p1a: Penelope|205\/432 brn
|move|p1a: Penelope|Giga Drain|p2a: Thundurus
|-resisted|p2a: Thundurus
|-damage|p2a: Thundurus|190\/299
|-heal|p1a: Penelope|230\/432 brn|[from] drain|[of] p2a: Thundurus
|
|-heal|p2a: Thundurus|208\/299|[from] item: Leftovers
|-heal|p1a: Penelope|257\/432 brn|[from] item: Black Sludge
|-damage|p1a: Penelope|203\/432 brn|[from] brn
|turn|55
|c|★gottacatchthemall|lol playing around with sleep clause
|
|switch|p1a: Bill|Slowbro, M, shiny|394\/394
|move|p2a: Thundurus|Hidden Power|p1a: Bill
|-resisted|p1a: Bill
|-damage|p1a: Bill|364\/394
|
|-heal|p2a: Thundurus|226\/299|[from] item: Leftovers
|turn|56
|c|★mastermind15|yeah
|
|move|p2a: Thundurus|Thunderbolt|p1a: Bill
|-supereffective|p1a: Bill
|-damage|p1a: Bill|124\/394
|move|p1a: Bill|Ice Beam|p2a: Thundurus
|-supereffective|p2a: Thundurus
|-damage|p2a: Thundurus|66\/299
|
|-heal|p2a: Thundurus|84\/299|[from] item: Leftovers
|turn|57
|
|switch|p1a: Penelope|Amoonguss, F, shiny|347\/432 brn
|move|p2a: Thundurus|Hidden Power|p1a: Penelope
|-supereffective|p1a: Penelope
|-damage|p1a: Penelope|237\/432 brn
|
|-heal|p2a: Thundurus|102\/299|[from] item: Leftovers
|-heal|p1a: Penelope|264\/432 brn|[from] item: Black Sludge
|-damage|p1a: Penelope|210\/432 brn|[from] brn
|turn|58
|
|switch|p2a: Rotom-Wash|Rotom-Wash|195\/303
|move|p1a: Penelope|Spore|p2a: Rotom-Wash
|-status|p2a: Rotom-Wash|slp
|
|-heal|p1a: Penelope|237\/432 brn|[from] item: Black Sludge
|-damage|p1a: Penelope|183\/432 brn|[from] brn
|turn|59
|
|switch|p2a: Thundurus|Thundurus, M|102\/299
|switch|p1a: Bill|Slowbro, M, shiny|255\/394
|
|-heal|p2a: Thundurus|120\/299|[from] item: Leftovers
|turn|60
|
|switch|p1a: Ivan|Gliscor, M|352\/352 tox
|move|p2a: Thundurus|Thunderbolt|p1a: Ivan
|-immune|p1a: Ivan|[msg]
|
|-heal|p2a: Thundurus|138\/299|[from] item: Leftovers
|turn|61
|
|move|p2a: Thundurus|Hidden Power|p1a: Ivan
|-supereffective|p1a: Ivan
|-damage|p1a: Ivan|0 fnt
|faint|p1a: Ivan
|
|-heal|p2a: Thundurus|156\/299|[from] item: Leftovers
|
|switch|p1a: Bill|Slowbro, M, shiny|386\/394
|turn|62
|
|move|p2a: Thundurus|Thunderbolt|p1a: Bill
|-supereffective|p1a: Bill
|-damage|p1a: Bill|146\/394
|move|p1a: Bill|Ice Beam|p2a: Thundurus
|-supereffective|p2a: Thundurus
|-damage|p2a: Thundurus|0 fnt
|faint|p2a: Thundurus
|
|c|★gottacatchthemall|ahhhh hahaha
|c|★gottacatchthemall|gg
|c|★mastermind15|gg
|
|switch|p2a: Rotom-Wash|Rotom-Wash|195\/303 slp
|turn|63
|c|★gottacatchthemall|smh i killed something
|c|★gottacatchthemall|much better than last time
|c|★mastermind15|glad i didn't go psychic lol
|c|★mastermind15|i was thinking about it
|
|switch|p1a: Penelope|Amoonguss, F, shiny|327\/432 brn
|cant|p2a: Rotom-Wash|slp
|
|-heal|p1a: Penelope|354\/432 brn|[from] item: Black Sludge
|-damage|p1a: Penelope|300\/432 brn|[from] brn
|turn|64
|c|★gottacatchthemall|haha
|c|★gottacatchthemall|but i cant do anything with rotom
|c|★gottacatchthemall|i need it asleep
|
|-curestatus|p2a: Rotom-Wash|slp
|move|p2a: Rotom-Wash|Volt Switch|p1a: Penelope
|-resisted|p1a: Penelope
|-damage|p1a: Penelope|262\/432 brn
|move|p1a: Penelope|Giga Drain|p2a: Rotom-Wash
|-supereffective|p2a: Rotom-Wash
|-damage|p2a: Rotom-Wash|49\/303
|-heal|p1a: Penelope|335\/432 brn|[from] drain|[of] p2a: Rotom-Wash
|
|-heal|p1a: Penelope|362\/432 brn|[from] item: Black Sludge
|-damage|p1a: Penelope|308\/432 brn|[from] brn
|turn|65
|c|★mastermind15|did you change anything with your team since our last battle?
|
|move|p2a: Rotom-Wash|Volt Switch|p1a: Penelope
|-resisted|p1a: Penelope
|-damage|p1a: Penelope|272\/432 brn
|move|p1a: Penelope|Giga Drain|p2a: Rotom-Wash
|-supereffective|p2a: Rotom-Wash
|-damage|p2a: Rotom-Wash|0 fnt
|-heal|p1a: Penelope|297\/432 brn|[from] drain|[of] p2a: Rotom-Wash
|faint|p2a: Rotom-Wash
|
|win|mastermind15
|c|★gottacatchthemall|the crap one
|c|★gottacatchthemall|or this one
|c|★mastermind15|this one
|c|★gottacatchthemall|i didnt face you with this one
|c|★gottacatchthemall|so no
|c|★gottacatchthemall|i had a sand team that wasnt working for me
|c|★gottacatchthemall|this team is ok
|c|★mastermind15|oh, ok, well this was a gg
|c|★gottacatchthemall|gets raped by scizor sometimes 
|c|★gottacatchthemall|but yea
|c|★gottacatchthemall|gg
|c|★mastermind15|cya
|c|★gottacatchthemall|later man
|leave|mastermind15
|player|p1