|join|WeirdNick504
|join|Nope993
|player|p1|WeirdNick504|290
|player|p2|Nope993|265
|gametype|singles
|gen|6
|tier|OU
|rated
|clearpoke
|poke|p1|Diancie
|poke|p1|Jirachi
|poke|p1|Latias, F
|poke|p1|Magnezone
|poke|p1|Conkeldurr, F
|poke|p1|Gliscor, M
|poke|p2|Scizor, F
|poke|p2|Manectric, F
|poke|p2|Slowbro, M
|poke|p2|Crobat, F
|poke|p2|Umbreon, F
|poke|p2|Breloom, M
|rule|Swagger Clause: Swagger is banned
|rule|Baton Pass Clause: Limit one Pokémon knowing Baton Pass
|rule|Sleep Clause Mod: Limit one foe put to sleep
|rule|Species Clause: Limit one of each Pokémon
|rule|OHKO Clause: OHKO moves are banned
|rule|Moody Clause: Moody is banned
|rule|Evasion Moves Clause: Evasion moves are banned
|rule|Endless Battle Clause: Forcing endless battles is banned
|rule|HP Percentage Mod: HP is shown in percentages
|teampreview
|
|start
|switch|p1a: Old Big Nose|Conkeldurr, F|413\/413
|switch|p2a: Crobat|Crobat, F|311\/311
|turn|1
|
|switch|p1a: Your Nightmare|Gliscor, M|353\/353
|move|p2a: Crobat|Brave Bird|p1a: Your Nightmare
|-damage|p1a: Your Nightmare|193\/353
|-damage|p2a: Crobat|258\/311|[from] recoil|[of] p1a: Your Nightmare
|
|-status|p1a: Your Nightmare|tox|[from] item: Toxic Orb
|turn|2
|
|switch|p2a: Breloom|Breloom, M|312\/312
|move|p1a: Your Nightmare|Protect|p1a: Your Nightmare
|-fail|p1a: Your Nightmare
|
|-heal|p1a: Your Nightmare|237\/353 tox|[from] ability: Poison Heal
|-status|p2a: Breloom|tox|[from] item: Toxic Orb
|turn|3
|
|move|p1a: Your Nightmare|Earthquake|p2a: Breloom
|-resisted|p2a: Breloom
|-damage|p2a: Breloom|251\/312 tox
|move|p2a: Breloom|Leech Seed|p1a: Your Nightmare
|-start|p1a: Your Nightmare|move: Leech Seed
|
|-damage|p1a: Your Nightmare|193\/353 tox|[from] Leech Seed|[of] p2a: Breloom
|-heal|p2a: Breloom|295\/312 tox|[silent]
|-heal|p1a: Your Nightmare|237\/353 tox|[from] ability: Poison Heal
|-heal|p2a: Breloom|312\/312 tox|[from] ability: Poison Heal
|turn|4
|
|switch|p1a: I Drop Draco's|Latias, F|301\/301
|switch|p2a: Crobat|Crobat, F|258\/311
|
|turn|5
|
|switch|p1a: FUCK THE POLICE|Magnezone|281\/281
|move|p2a: Crobat|U-turn|p1a: FUCK THE POLICE
|-resisted|p1a: FUCK THE POLICE
|-damage|p1a: FUCK THE POLICE|240\/281
|
|switch|p2a: Breloom|Breloom, M|312\/312 tox
|
|turn|6
|
|move|p1a: FUCK THE POLICE|Volt Switch|p2a: Breloom
|-resisted|p2a: Breloom
|-damage|p2a: Breloom|245\/312 tox
|
|switch|p1a: I Drop Draco's|Latias, F|301\/301
|move|p2a: Breloom|Spore|p1a: I Drop Draco's
|-status|p1a: I Drop Draco's|slp
|
|-heal|p2a: Breloom|284\/312 tox|[from] ability: Poison Heal
|turn|7
|
|switch|p1a: Hax God|Jirachi|404\/404
|move|p2a: Breloom|Substitute|p2a: Breloom
|-start|p2a: Breloom|Substitute
|-damage|p2a: Breloom|206\/312 tox
|
|-heal|p2a: Breloom|245\/312 tox|[from] ability: Poison Heal
|turn|8
|
|move|p1a: Hax God|Stealth Rock|p2a: Breloom
|-sidestart|p2: Nope993|move: Stealth Rock
|move|p2a: Breloom|Leech Seed|p1a: Hax God
|-start|p1a: Hax God|move: Leech Seed
|
|-damage|p1a: Hax God|354\/404|[from] Leech Seed|[of] p2a: Breloom
|-heal|p2a: Breloom|295\/312 tox|[silent]
|-heal|p2a: Breloom|312\/312 tox|[from] ability: Poison Heal
|turn|9
|
|-singleturn|p2a: Breloom|move: Focus Punch
|move|p1a: Hax God|Wish|p1a: Hax God
|move|p2a: Breloom|Focus Punch|p1a: Hax God
|-damage|p1a: Hax God|108\/404
|
|-heal|p1a: Hax God|133\/404|[from] item: Leftovers
|-damage|p1a: Hax God|83\/404|[from] Leech Seed|[of] p2a: Breloom
|turn|10
|
|-singleturn|p2a: Breloom|move: Focus Punch
|switch|p1a: Old Big Nose|Conkeldurr, F|413\/413
|move|p2a: Breloom|Focus Punch|p1a: Old Big Nose
|-crit|p1a: Old Big Nose
|-damage|p1a: Old Big Nose|70\/413
|
|-heal|p1a: Old Big Nose|272\/413|[from] move: Wish|[wisher] Hax God
|turn|11
|
|switch|p1a: Your Nightmare|Gliscor, M|237\/353 tox
|move|p2a: Breloom|Leech Seed|p1a: Your Nightmare
|-start|p1a: Your Nightmare|move: Leech Seed
|
|-damage|p1a: Your Nightmare|193\/353 tox|[from] Leech Seed|[of] p2a: Breloom
|-heal|p1a: Your Nightmare|237\/353 tox|[from] ability: Poison Heal
|turn|12
|
|-singleturn|p2a: Breloom|move: Focus Punch
|switch|p1a: I Drop Draco's|Latias, F|301\/301 slp
|move|p2a: Breloom|Focus Punch|p1a: I Drop Draco's
|-resisted|p1a: I Drop Draco's
|-damage|p1a: I Drop Draco's|178\/301 slp
|
|turn|13
|
|cant|p1a: I Drop Draco's|slp
|move|p2a: Breloom|Leech Seed|p1a: I Drop Draco's|[miss]
|-miss|p2a: Breloom|p1a: I Drop Draco's
|
|turn|14
|
|-curestatus|p1a: I Drop Draco's|slp
|move|p1a: I Drop Draco's|Psyshock|p2a: Breloom
|-supereffective|p2a: Breloom
|-end|p2a: Breloom|Substitute
|-damage|p1a: I Drop Draco's|148\/301|[from] item: Life Orb
|move|p2a: Breloom|Substitute|p2a: Breloom
|-start|p2a: Breloom|Substitute
|-damage|p2a: Breloom|234\/312 tox
|
|-heal|p2a: Breloom|273\/312 tox|[from] ability: Poison Heal
|turn|15
|
|switch|p1a: Your Nightmare|Gliscor, M|237\/353 tox
|move|p2a: Breloom|Leech Seed|p1a: Your Nightmare
|-start|p1a: Your Nightmare|move: Leech Seed
|
|-damage|p1a: Your Nightmare|193\/353 tox|[from] Leech Seed|[of] p2a: Breloom
|-heal|p2a: Breloom|312\/312 tox|[silent]
|-heal|p1a: Your Nightmare|237\/353 tox|[from] ability: Poison Heal
|turn|16
|
|-singleturn|p2a: Breloom|move: Focus Punch
|switch|p1a: I Drop Draco's|Latias, F|148\/301
|move|p2a: Breloom|Focus Punch|p1a: I Drop Draco's
|-resisted|p1a: I Drop Draco's
|-damage|p1a: I Drop Draco's|17\/301
|
|turn|17
|
|move|p1a: I Drop Draco's|Draco Meteor|p2a: Breloom
|-end|p2a: Breloom|Substitute
|-unboost|p1a: I Drop Draco's|spa|2
|-damage|p1a: I Drop Draco's|0 fnt|[from] item: Life Orb
|faint|p1a: I Drop Draco's
|move|p2a: Breloom|Substitute|p2a: Breloom
|-start|p2a: Breloom|Substitute
|-damage|p2a: Breloom|234\/312 tox
|
|-heal|p2a: Breloom|273\/312 tox|[from] ability: Poison Heal
|
|switch|p1a: Your Nightmare|Gliscor, M|237\/353 tox
|turn|18
|
|move|p1a: Your Nightmare|Substitute|p1a: Your Nightmare
|-start|p1a: Your Nightmare|Substitute
|-damage|p1a: Your Nightmare|149\/353 tox
|move|p2a: Breloom|Leech Seed|p1a: Your Nightmare
|
|-heal|p1a: Your Nightmare|193\/353 tox|[from] ability: Poison Heal
|-heal|p2a: Breloom|312\/312 tox|[from] ability: Poison Heal
|turn|19
|
|-singleturn|p2a: Breloom|move: Focus Punch
|move|p1a: Your Nightmare|Earthquake|p2a: Breloom
|-resisted|p2a: Breloom
|-activate|p2a: Breloom|Substitute|[damage]
|move|p2a: Breloom|Focus Punch|p1a: Your Nightmare
|-crit|p1a: Your Nightmare
|-resisted|p1a: Your Nightmare
|-end|p1a: Your Nightmare|Substitute
|
|-heal|p1a: Your Nightmare|237\/353 tox|[from] ability: Poison Heal
|turn|20
|
|-singleturn|p2a: Breloom|move: Focus Punch
|move|p1a: Your Nightmare|Substitute|p1a: Your Nightmare
|-start|p1a: Your Nightmare|Substitute
|-damage|p1a: Your Nightmare|149\/353 tox
|move|p2a: Breloom|Focus Punch|p1a: Your Nightmare
|-resisted|p1a: Your Nightmare
|-activate|p1a: Your Nightmare|Substitute|[damage]
|
|-heal|p1a: Your Nightmare|193\/353 tox|[from] ability: Poison Heal
|turn|21
|
|-singleturn|p2a: Breloom|move: Focus Punch
|move|p1a: Your Nightmare|Protect|p1a: Your Nightmare
|-singleturn|p1a: Your Nightmare|Protect
|move|p2a: Breloom|Focus Punch|p1a: Your Nightmare
|-activate|p1a: Your Nightmare|Protect
|
|-heal|p1a: Your Nightmare|237\/353 tox|[from] ability: Poison Heal
|turn|22
|
|switch|p2a: Crobat|Crobat, F|258\/311
|-damage|p2a: Crobat|181\/311|[from] Stealth Rock
|move|p1a: Your Nightmare|Earthquake|p2a: Crobat
|-immune|p2a: Crobat|[msg]
|
|-heal|p1a: Your Nightmare|281\/353 tox|[from] ability: Poison Heal
|turn|23
|
|move|p1a: Your Nightmare|Protect|p1a: Your Nightmare
|-singleturn|p1a: Your Nightmare|Protect
|move|p2a: Crobat|Defog|p1a: Your Nightmare
|-activate|p1a: Your Nightmare|Protect
|
|-heal|p1a: Your Nightmare|325\/353 tox|[from] ability: Poison Heal
|turn|24
|
|switch|p1a: 0 Switch ins|Diancie|241\/241
|move|p2a: Crobat|Defog|p1a: 0 Switch ins
|-fail|p1a: 0 Switch ins|unboost|[from] ability: Clear Body|[of] p1a: 0 Switch ins
|-sideend|p2: Nope993|Stealth Rock|[from] move: Defog|[of] p2a: Crobat
|
|turn|25
|
|switch|p2a: Slowbro|Slowbro, M|394\/394
|detailschange|p1a: 0 Switch ins|Diancie-Mega
|-mega|p1a: 0 Switch ins|Diancie|Diancite
|move|p1a: 0 Switch ins|Moonblast|p2a: Slowbro
|-damage|p2a: Slowbro|174\/394
|
|-heal|p2a: Slowbro|198\/394|[from] item: Leftovers
|turn|26
|
|switch|p2a: Crobat|Crobat, F|181\/311
|move|p1a: 0 Switch ins|Moonblast|p2a: Crobat
|-resisted|p2a: Crobat
|-damage|p2a: Crobat|70\/311
|
|turn|27
|
|move|p1a: 0 Switch ins|Protect|p1a: 0 Switch ins
|-singleturn|p1a: 0 Switch ins|Protect
|move|p2a: Crobat|Cross Poison|p1a: 0 Switch ins
|-activate|p1a: 0 Switch ins|Protect
|
|turn|28
|
|switch|p1a: Hax God|Jirachi|83\/404
|move|p2a: Crobat|Cross Poison|p1a: Hax God
|-immune|p1a: Hax God|[msg]
|
|-heal|p1a: Hax God|108\/404|[from] item: Leftovers
|turn|29
|
|switch|p2a: Manectric|Manectric, F|281\/281
|move|p1a: Hax God|Stealth Rock|p2a: Manectric
|-sidestart|p2: Nope993|move: Stealth Rock
|
|-heal|p1a: Hax God|133\/404|[from] item: Leftovers
|turn|30
|
|detailschange|p2a: Manectric|Manectric-Mega, F
|-mega|p2a: Manectric|Manectric|Manectite
|-ability|p2a: Manectric|Intimidate|[of] p1a: Hax God
|-unboost|p1a: Hax God|atk|1
|move|p2a: Manectric|Flamethrower|p1a: Hax God
|-supereffective|p1a: Hax God
|-damage|p1a: Hax God|0 fnt
|faint|p1a: Hax God
|
|
|switch|p1a: Old Big Nose|Conkeldurr, F|272\/413
|turn|31
|
|move|p2a: Manectric|Volt Switch|p1a: Old Big Nose
|-damage|p1a: Old Big Nose|142\/413
|
|switch|p2a: Crobat|Crobat, F|70\/311
|-damage|p2a: Crobat|0 fnt|[from] Stealth Rock
|faint|p2a: Crobat
|move|p1a: Old Big Nose|Knock Off|p2: Crobat|[notarget]
|-notarget
|
|
|switch|p2a: Breloom|Breloom, M|312\/312 tox
|-damage|p2a: Breloom|293\/312 tox|[from] Stealth Rock
|turn|32
|
|move|p2a: Breloom|Substitute|p2a: Breloom
|-start|p2a: Breloom|Substitute
|-damage|p2a: Breloom|215\/312 tox
|move|p1a: Old Big Nose|Drain Punch|p2a: Breloom
|-end|p2a: Breloom|Substitute
|-heal|p1a: Old Big Nose|181\/413|[from] drain|[of] p2a: Breloom
|
|-heal|p2a: Breloom|254\/312 tox|[from] ability: Poison Heal
|turn|33
|
|switch|p1a: 0 Switch ins|Diancie-Mega|241\/241
|move|p2a: Breloom|Spore|p1a: 0 Switch ins
|move|p1a: 0 Switch ins|Spore|p2a: Breloom|[from]Magic Bounce
|-fail|p2a: Breloom
|
|-heal|p2a: Breloom|293\/312 tox|[from] ability: Poison Heal
|turn|34
|
|switch|p2a: Scizor|Scizor, F|343\/343
|-damage|p2a: Scizor|301\/343|[from] Stealth Rock
|move|p1a: 0 Switch ins|Moonblast|p2a: Scizor
|-resisted|p2a: Scizor
|-damage|p2a: Scizor|173\/343
|-unboost|p2a: Scizor|spa|1
|
|turn|35
|
|switch|p1a: FUCK THE POLICE|Magnezone|240\/281
|switch|p2a: Breloom|Breloom, M|293\/312 tox
|-damage|p2a: Breloom|274\/312 tox|[from] Stealth Rock
|
|-heal|p2a: Breloom|312\/312 tox|[from] ability: Poison Heal
|turn|36
|
|move|p1a: FUCK THE POLICE|Flash Cannon|p2a: Breloom
|-damage|p2a: Breloom|162\/312 tox
|move|p2a: Breloom|Substitute|p2a: Breloom
|-start|p2a: Breloom|Substitute
|-damage|p2a: Breloom|84\/312 tox
|
|-heal|p2a: Breloom|123\/312 tox|[from] ability: Poison Heal
|turn|37
|
|move|p1a: FUCK THE POLICE|Flash Cannon|p2a: Breloom
|-end|p2a: Breloom|Substitute
|move|p2a: Breloom|Spore|p1a: FUCK THE POLICE
|-status|p1a: FUCK THE POLICE|slp
|
|-heal|p2a: Breloom|162\/312 tox|[from] ability: Poison Heal
|turn|38
|
|cant|p1a: FUCK THE POLICE|slp
|move|p2a: Breloom|Substitute|p2a: Breloom
|-start|p2a: Breloom|Substitute
|-damage|p2a: Breloom|84\/312 tox
|
|-heal|p2a: Breloom|123\/312 tox|[from] ability: Poison Heal
|turn|39
|
|-singleturn|p2a: Breloom|move: Focus Punch
|cant|p1a: FUCK THE POLICE|slp
|move|p2a: Breloom|Focus Punch|p1a: FUCK THE POLICE
|-crit|p1a: FUCK THE POLICE
|-supereffective|p1a: FUCK THE POLICE
|-damage|p1a: FUCK THE POLICE|0 fnt
|faint|p1a: FUCK THE POLICE
|
|-heal|p2a: Breloom|162\/312 tox|[from] ability: Poison Heal
|
|switch|p1a: Your Nightmare|Gliscor, M|325\/353 tox
|turn|40
|
|-singleturn|p2a: Breloom|move: Focus Punch
|move|p1a: Your Nightmare|Substitute|p1a: Your Nightmare
|-start|p1a: Your Nightmare|Substitute
|-damage|p1a: Your Nightmare|237\/353 tox
|move|p2a: Breloom|Focus Punch|p1a: Your Nightmare
|-resisted|p1a: Your Nightmare
|-activate|p1a: Your Nightmare|Substitute|[damage]
|
|-heal|p1a: Your Nightmare|281\/353 tox|[from] ability: Poison Heal
|-heal|p2a: Breloom|201\/312 tox|[from] ability: Poison Heal
|turn|41
|
|-singleturn|p2a: Breloom|move: Focus Punch
|move|p1a: Your Nightmare|Earthquake|p2a: Breloom
|-resisted|p2a: Breloom
|-activate|p2a: Breloom|Substitute|[damage]
|move|p2a: Breloom|Focus Punch|p1a: Your Nightmare
|-resisted|p1a: Your Nightmare
|-end|p1a: Your Nightmare|Substitute
|
|-heal|p1a: Your Nightmare|325\/353 tox|[from] ability: Poison Heal
|-heal|p2a: Breloom|240\/312 tox|[from] ability: Poison Heal
|turn|42
|
|move|p1a: Your Nightmare|Substitute|p1a: Your Nightmare
|-start|p1a: Your Nightmare|Substitute
|-damage|p1a: Your Nightmare|237\/353 tox
|move|p2a: Breloom|Leech Seed|p1a: Your Nightmare
|
|-heal|p1a: Your Nightmare|281\/353 tox|[from] ability: Poison Heal
|-heal|p2a: Breloom|279\/312 tox|[from] ability: Poison Heal
|turn|43
|
|-singleturn|p2a: Breloom|move: Focus Punch
|move|p1a: Your Nightmare|Earthquake|p2a: Breloom
|-resisted|p2a: Breloom
|-end|p2a: Breloom|Substitute
|move|p2a: Breloom|Focus Punch|p1a: Your Nightmare
|-resisted|p1a: Your Nightmare
|-activate|p1a: Your Nightmare|Substitute|[damage]
|
|-heal|p1a: Your Nightmare|325\/353 tox|[from] ability: Poison Heal
|-heal|p2a: Breloom|312\/312 tox|[from] ability: Poison Heal
|turn|44
|
|switch|p1a: Old Big Nose|Conkeldurr, F|181\/413
|move|p2a: Breloom|Substitute|p2a: Breloom
|-start|p2a: Breloom|Substitute
|-damage|p2a: Breloom|234\/312 tox
|
|-heal|p2a: Breloom|273\/312 tox|[from] ability: Poison Heal
|turn|45
|
|move|p2a: Breloom|Spore|p1a: Old Big Nose
|-status|p1a: Old Big Nose|slp
|cant|p1a: Old Big Nose|slp
|
|-heal|p2a: Breloom|312\/312 tox|[from] ability: Poison Heal
|turn|46
|
|-singleturn|p2a: Breloom|move: Focus Punch
|switch|p1a: Your Nightmare|Gliscor, M|325\/353 tox
|move|p2a: Breloom|Focus Punch|p1a: Your Nightmare
|-resisted|p1a: Your Nightmare
|-damage|p1a: Your Nightmare|246\/353 tox
|
|-heal|p1a: Your Nightmare|290\/353 tox|[from] ability: Poison Heal
|turn|47
|
|-singleturn|p2a: Breloom|move: Focus Punch
|move|p1a: Your Nightmare|Substitute|p1a: Your Nightmare
|-start|p1a: Your Nightmare|Substitute
|-damage|p1a: Your Nightmare|202\/353 tox
|move|p2a: Breloom|Focus Punch|p1a: Your Nightmare
|-resisted|p1a: Your Nightmare
|-activate|p1a: Your Nightmare|Substitute|[damage]
|
|-heal|p1a: Your Nightmare|246\/353 tox|[from] ability: Poison Heal
|turn|48
|
|-singleturn|p2a: Breloom|move: Focus Punch
|move|p1a: Your Nightmare|Earthquake|p2a: Breloom
|-resisted|p2a: Breloom
|-activate|p2a: Breloom|Substitute|[damage]
|move|p2a: Breloom|Focus Punch|p1a: Your Nightmare
|-resisted|p1a: Your Nightmare
|-end|p1a: Your Nightmare|Substitute
|
|-heal|p1a: Your Nightmare|290\/353 tox|[from] ability: Poison Heal
|turn|49
|
|-singleturn|p2a: Breloom|move: Focus Punch
|move|p1a: Your Nightmare|Substitute|p1a: Your Nightmare
|-start|p1a: Your Nightmare|Substitute
|-damage|p1a: Your Nightmare|202\/353 tox
|move|p2a: Breloom|Focus Punch|p1a: Your Nightmare
|-resisted|p1a: Your Nightmare
|-activate|p1a: Your Nightmare|Substitute|[damage]
|
|-heal|p1a: Your Nightmare|246\/353 tox|[from] ability: Poison Heal
|turn|50
|
|-singleturn|p2a: Breloom|move: Focus Punch
|move|p1a: Your Nightmare|Earthquake|p2a: Breloom
|-resisted|p2a: Breloom
|-end|p2a: Breloom|Substitute
|move|p2a: Breloom|Focus Punch|p1a: Your Nightmare
|-resisted|p1a: Your Nightmare
|-end|p1a: Your Nightmare|Substitute
|
|-heal|p1a: Your Nightmare|290\/353 tox|[from] ability: Poison Heal
|turn|51
|
|-singleturn|p2a: Breloom|move: Focus Punch
|move|p1a: Your Nightmare|Substitute|p1a: Your Nightmare
|-start|p1a: Your Nightmare|Substitute
|-damage|p1a: Your Nightmare|202\/353 tox
|move|p2a: Breloom|Focus Punch|p1a: Your Nightmare
|-resisted|p1a: Your Nightmare
|-activate|p1a: Your Nightmare|Substitute|[damage]
|
|-heal|p1a: Your Nightmare|246\/353 tox|[from] ability: Poison Heal
|turn|52
|
|-singleturn|p2a: Breloom|move: Focus Punch
|move|p1a: Your Nightmare|Protect|p1a: Your Nightmare
|-singleturn|p1a: Your Nightmare|Protect
|move|p2a: Breloom|Focus Punch|p1a: Your Nightmare
|-activate|p1a: Your Nightmare|Protect
|
|-heal|p1a: Your Nightmare|290\/353 tox|[from] ability: Poison Heal
|turn|53
|
|-singleturn|p2a: Breloom|move: Focus Punch
|move|p1a: Your Nightmare|Toxic|p2a: Breloom
|-fail|p2a: Breloom|tox
|move|p2a: Breloom|Focus Punch|p1a: Your Nightmare
|-resisted|p1a: Your Nightmare
|-end|p1a: Your Nightmare|Substitute
|
|-heal|p1a: Your Nightmare|334\/353 tox|[from] ability: Poison Heal
|turn|54
|c|★Nope993|ehm.....
|
|move|p1a: Your Nightmare|Substitute|p1a: Your Nightmare
|-start|p1a: Your Nightmare|Substitute
|-damage|p1a: Your Nightmare|246\/353 tox
|move|p2a: Breloom|Substitute|p2a: Breloom
|-start|p2a: Breloom|Substitute
|-damage|p2a: Breloom|234\/312 tox
|
|-heal|p1a: Your Nightmare|290\/353 tox|[from] ability: Poison Heal
|-heal|p2a: Breloom|273\/312 tox|[from] ability: Poison Heal
|turn|55
|
|move|p1a: Your Nightmare|Earthquake|p2a: Breloom
|-resisted|p2a: Breloom
|-activate|p2a: Breloom|Substitute|[damage]
|move|p2a: Breloom|Spore|p1a: Your Nightmare
|
|-heal|p1a: Your Nightmare|334\/353 tox|[from] ability: Poison Heal
|-heal|p2a: Breloom|312\/312 tox|[from] ability: Poison Heal
|turn|56
|c|★Nope993|stawp .-.
|
|move|p1a: Your Nightmare|Earthquake|p2a: Breloom
|-resisted|p2a: Breloom
|-end|p2a: Breloom|Substitute
|move|p2a: Breloom|Spore|p1a: Your Nightmare
|
|-heal|p1a: Your Nightmare|353\/353 tox|[from] ability: Poison Heal
|turn|57
|
|-singleturn|p2a: Breloom|move: Focus Punch
|switch|p1a: 0 Switch ins|Diancie-Mega|241\/241
|move|p2a: Breloom|Focus Punch|p1a: 0 Switch ins
|-damage|p1a: 0 Switch ins|10\/241
|
|turn|58
|
|switch|p2a: Umbreon|Umbreon, F|394\/394
|-damage|p2a: Umbreon|345\/394|[from] Stealth Rock
|move|p1a: 0 Switch ins|Moonblast|p2a: Umbreon
|-supereffective|p2a: Umbreon
|-damage|p2a: Umbreon|103\/394
|
|-heal|p2a: Umbreon|127\/394|[from] item: Leftovers
|turn|59
|
|switch|p1a: Old Big Nose|Conkeldurr, F|181\/413 slp
|move|p2a: Umbreon|Baton Pass|p2a: Umbreon
|
|switch|p2a: Scizor|Scizor, F|173\/343
|-damage|p2a: Scizor|131\/343|[from] Stealth Rock
|
|turn|60
|
|switch|p1a: Your Nightmare|Gliscor, M|353\/353 tox
|move|p2a: Scizor|Swords Dance|p2a: Scizor
|-boost|p2a: Scizor|atk|2
|
|turn|61
|
|move|p1a: Your Nightmare|Earthquake|p2a: Scizor
|-damage|p2a: Scizor|14\/343
|move|p2a: Scizor|Swords Dance|p2a: Scizor
|-boost|p2a: Scizor|atk|2
|
|turn|62
|
|move|p2a: Scizor|Bullet Punch|p1a: Your Nightmare
|-damage|p1a: Your Nightmare|137\/353 tox
|move|p1a: Your Nightmare|Earthquake|p2a: Scizor
|-damage|p2a: Scizor|0 fnt
|faint|p2a: Scizor
|
|-heal|p1a: Your Nightmare|181\/353 tox|[from] ability: Poison Heal
|c|★Nope993|ok i'm stupid
|
|switch|p2a: Slowbro|Slowbro, M|329\/394
|-damage|p2a: Slowbro|280\/394|[from] Stealth Rock
|turn|63
|
|move|p1a: Your Nightmare|Toxic|p2a: Slowbro
|-status|p2a: Slowbro|tox
|move|p2a: Slowbro|Ice Beam|p1a: Your Nightmare
|-supereffective|p1a: Your Nightmare
|-damage|p1a: Your Nightmare|0 fnt
|faint|p1a: Your Nightmare
|
|-heal|p2a: Slowbro|304\/394 tox|[from] item: Leftovers
|-damage|p2a: Slowbro|280\/394 tox|[from] psn
|
|switch|p1a: Old Big Nose|Conkeldurr, F|181\/413 slp
|turn|64
|
|switch|p2a: Breloom|Breloom, M|312\/312 tox
|-damage|p2a: Breloom|293\/312 tox|[from] Stealth Rock
|cant|p1a: Old Big Nose|slp
|
|-heal|p2a: Breloom|312\/312 tox|[from] ability: Poison Heal
|turn|65
|
|move|p2a: Breloom|Substitute|p2a: Breloom
|-start|p2a: Breloom|Substitute
|-damage|p2a: Breloom|234\/312 tox
|cant|p1a: Old Big Nose|slp
|
|-heal|p2a: Breloom|273\/312 tox|[from] ability: Poison Heal
|turn|66
|c|★Nope993|gg
|c|★WeirdNick504|gg
|
|-singleturn|p2a: Breloom|move: Focus Punch
|-curestatus|p1a: Old Big Nose|slp
|move|p1a: Old Big Nose|Knock Off|p2a: Breloom
|-resisted|p2a: Breloom
|-activate|p2a: Breloom|Substitute|[damage]
|move|p2a: Breloom|Focus Punch|p1a: Old Big Nose
|-damage|p1a: Old Big Nose|0 fnt
|faint|p1a: Old Big Nose
|
|-heal|p2a: Breloom|312\/312 tox|[from] ability: Poison Heal
|-message|WeirdNick504 forfeited.
|leave|WeirdNick504
|
|win|Nope993
|raw|Ladder updating...
|player|p1