|join|WeirdNick504
|join|Excabusa
|player|p1|WeirdNick504|281
|player|p2|Excabusa|274
|gametype|singles
|gen|6
|tier|OU
|rated
|clearpoke
|poke|p1|Staraptor, F
|poke|p1|Altaria, M
|poke|p1|Magnezone
|poke|p1|Skarmory, F
|poke|p1|Sylveon, M
|poke|p1|Mew
|poke|p2|Houndoom, F
|poke|p2|Toxicroak, M
|poke|p2|Landorus-Therian, M
|poke|p2|Azumarill, F
|poke|p2|Latios, M
|poke|p2|Ferrothorn, F
|rule|Swagger Clause: Swagger is banned
|rule|Baton Pass Clause: Limit one Pokémon knowing Baton Pass
|rule|Sleep Clause Mod: Limit one foe put to sleep
|rule|Species Clause: Limit one of each Pokémon
|rule|OHKO Clause: OHKO moves are banned
|rule|Moody Clause: Moody is banned
|rule|Evasion Moves Clause: Evasion moves are banned
|rule|Endless Battle Clause: Forcing endless battles is banned
|rule|HP Percentage Mod: HP is shown in percentages
|teampreview
|
|start
|switch|p1a: Staraptor|Staraptor, F|311\/311
|switch|p2a: Houndoom|Houndoom, F|291\/291
|turn|1
|
|switch|p2a: Landorus-Therian|Landorus-Therian, M|382\/382
|-ability|p2a: Landorus-Therian|Intimidate|[of] p1a: Staraptor
|-unboost|p1a: Staraptor|atk|1
|move|p1a: Staraptor|Double-Edge|p2a: Landorus-Therian
|-damage|p2a: Landorus-Therian|199\/382
|-damage|p1a: Staraptor|251\/311|[from] recoil|[of] p2a: Landorus-Therian
|
|-heal|p2a: Landorus-Therian|222\/382|[from] item: Leftovers
|turn|2
|
|switch|p1a: Skarmory|Skarmory, F|334\/334
|move|p2a: Landorus-Therian|Stealth Rock|p1a: Skarmory
|-sidestart|p1: WeirdNick504|move: Stealth Rock
|
|-heal|p2a: Landorus-Therian|245\/382|[from] item: Leftovers
|turn|3
|
|switch|p2a: Houndoom|Houndoom, F|291\/291
|move|p1a: Skarmory|Defog|p2a: Houndoom
|-unboost|p2a: Houndoom|evasion|1
|-sideend|p1: WeirdNick504|Stealth Rock|[from] move: Defog|[of] p1a: Skarmory
|
|turn|4
|
|switch|p1a: Sylveon|Sylveon, M|394\/394
|detailschange|p2a: Houndoom|Houndoom-Mega, F
|-mega|p2a: Houndoom|Houndoom|Houndoominite
|move|p2a: Houndoom|Fire Blast|p1a: Sylveon
|-crit|p1a: Sylveon
|-damage|p1a: Sylveon|201\/394
|
|-heal|p1a: Sylveon|225\/394|[from] item: Leftovers
|turn|5
|
|switch|p2a: Ferrothorn|Ferrothorn, F|352\/352
|move|p1a: Sylveon|Protect|p1a: Sylveon
|-fail|p1a: Sylveon
|
|-heal|p1a: Sylveon|249\/394|[from] item: Leftovers
|turn|6
|
|switch|p1a: Magnezone|Magnezone|281\/281
|move|p2a: Ferrothorn|Spikes|p1a: Magnezone
|-sidestart|p1: WeirdNick504|Spikes
|
|turn|7
|
|switch|p2a: Houndoom|Houndoom-Mega, F|291\/291
|move|p1a: Magnezone|Hidden Power|p2a: Houndoom
|-resisted|p2a: Houndoom
|-damage|p2a: Houndoom|254\/291
|
|turn|8
|
|switch|p1a: Altaria|Altaria, M|291\/291
|move|p2a: Houndoom|Nasty Plot|p2a: Houndoom
|-boost|p2a: Houndoom|spa|2
|
|turn|9
|
|move|p2a: Houndoom|Dark Pulse|p1a: Altaria
|-damage|p1a: Altaria|0 fnt
|faint|p1a: Altaria
|
|
|switch|p1a: Staraptor|Staraptor, F|251\/311
|turn|10
|
|switch|p2a: Ferrothorn|Ferrothorn, F|352\/352
|move|p1a: Staraptor|Double-Edge|p2a: Ferrothorn
|-resisted|p2a: Ferrothorn
|-damage|p2a: Ferrothorn|241\/352
|-damage|p1a: Staraptor|213\/311|[from] ability: Iron Barbs|[of] p2a: Ferrothorn
|-damage|p1a: Staraptor|176\/311|[from] recoil|[of] p2a: Ferrothorn
|
|turn|11
|
|switch|p1a: Magnezone|Magnezone|281\/281
|-damage|p1a: Magnezone|246\/281|[from] Spikes
|move|p2a: Ferrothorn|Leech Seed|p1a: Magnezone
|-start|p1a: Magnezone|move: Leech Seed
|
|-damage|p1a: Magnezone|211\/281|[from] Leech Seed|[of] p2a: Ferrothorn
|-heal|p2a: Ferrothorn|276\/352|[silent]
|turn|12
|
|switch|p1a: Skarmory|Skarmory, F|334\/334
|switch|p2a: Houndoom|Houndoom-Mega, F|254\/291
|
|turn|13
|
|move|p2a: Houndoom|Fire Blast|p1a: Skarmory
|-supereffective|p1a: Skarmory
|-activate|p1a: Skarmory|Sturdy
|-damage|p1a: Skarmory|1\/334
|move|p1a: Skarmory|Stealth Rock|p2a: Houndoom
|-sidestart|p2: Excabusa|move: Stealth Rock
|
|-heal|p1a: Skarmory|21\/334|[from] item: Leftovers
|turn|14
|
|move|p2a: Houndoom|Dark Pulse|p1a: Skarmory
|-damage|p1a: Skarmory|0 fnt
|faint|p1a: Skarmory
|
|
|switch|p1a: Staraptor|Staraptor, F|176\/311
|turn|15
|
|switch|p2a: Landorus-Therian|Landorus-Therian, M|245\/382
|-damage|p2a: Landorus-Therian|198\/382|[from] Stealth Rock
|-ability|p2a: Landorus-Therian|Intimidate|[of] p1a: Staraptor
|-unboost|p1a: Staraptor|atk|1
|move|p1a: Staraptor|Close Combat|p2a: Landorus-Therian
|-resisted|p2a: Landorus-Therian
|-damage|p2a: Landorus-Therian|145\/382
|-unboost|p1a: Staraptor|def|1
|-unboost|p1a: Staraptor|spd|1
|
|-heal|p2a: Landorus-Therian|168\/382|[from] item: Leftovers
|turn|16
|
|switch|p1a: Mew|Mew|404\/404
|-damage|p1a: Mew|354\/404|[from] Spikes
|move|p2a: Landorus-Therian|Stone Edge|p1a: Mew
|-crit|p1a: Mew
|-damage|p1a: Mew|188\/404
|
|-heal|p1a: Mew|213\/404|[from] item: Leftovers
|-heal|p2a: Landorus-Therian|191\/382|[from] item: Leftovers
|turn|17
|
|move|p1a: Mew|Roost|p1a: Mew
|-heal|p1a: Mew|404\/404
|move|p2a: Landorus-Therian|Stealth Rock|p1a: Mew
|-sidestart|p1: WeirdNick504|move: Stealth Rock
|
|-heal|p2a: Landorus-Therian|214\/382|[from] item: Leftovers
|turn|18
|
|switch|p1a: Magnezone|Magnezone|211\/281
|-damage|p1a: Magnezone|194\/281|[from] Stealth Rock
|-damage|p1a: Magnezone|159\/281|[from] Spikes
|switch|p2a: Azumarill|Azumarill, F|404\/404
|-damage|p2a: Azumarill|354\/404|[from] Stealth Rock
|
|turn|19
|
|move|p1a: Magnezone|Thunderbolt|p2a: Azumarill
|-supereffective|p2a: Azumarill
|-damage|p2a: Azumarill|76\/404
|move|p2a: Azumarill|Knock Off|p1a: Magnezone
|-damage|p1a: Magnezone|37\/281
|-enditem|p1a: Magnezone|Choice Scarf|[from] move: Knock Off|[of] p2a: Azumarill
|
|turn|20
|
|switch|p1a: Mew|Mew|404\/404
|-damage|p1a: Mew|354\/404|[from] Spikes
|-damage|p1a: Mew|304\/404|[from] Stealth Rock
|move|p2a: Azumarill|Aqua Jet|p1a: Mew
|-damage|p1a: Mew|222\/404
|
|-heal|p1a: Mew|247\/404|[from] item: Leftovers
|turn|21
|
|switch|p2a: Latios|Latios, M|301\/301
|-damage|p2a: Latios|264\/301|[from] Stealth Rock
|move|p1a: Mew|Will-O-Wisp|p2a: Latios
|-status|p2a: Latios|brn
|
|-heal|p1a: Mew|272\/404|[from] item: Leftovers
|-damage|p2a: Latios|227\/301 brn|[from] brn
|turn|22
|
|move|p2a: Latios|Trick|p1a: Mew
|-activate|p2a: Latios|move: Trick|[of] p1a: Mew
|-item|p1a: Mew|Choice Scarf|[from] move: Trick
|-item|p2a: Latios|Leftovers|[from] move: Trick
|move|p1a: Mew|Roost|p1a: Mew
|-heal|p1a: Mew|404\/404
|
|-heal|p2a: Latios|245\/301 brn|[from] item: Leftovers
|-damage|p2a: Latios|208\/301 brn|[from] brn
|turn|23
|
|switch|p1a: Sylveon|Sylveon, M|249\/394
|-damage|p1a: Sylveon|200\/394|[from] Spikes
|-damage|p1a: Sylveon|151\/394|[from] Stealth Rock
|switch|p2a: Ferrothorn|Ferrothorn, F|276\/352
|-damage|p2a: Ferrothorn|254\/352|[from] Stealth Rock
|
|-heal|p1a: Sylveon|175\/394|[from] item: Leftovers
|turn|24
|-message|WeirdNick504 forfeited.
|
|win|Excabusa
|raw|Ladder updating...
|leave|WeirdNick504
|player|p1
|raw|WeirdNick504's rating: 1573 &rarr; <strong>1543<\/strong><br \/>(-30 for losing)
|raw|Excabusa's rating: 1393 &rarr; <strong>1423<\/strong><br \/>(+30 for winning)