|join|WeirdNick504
|join|Dr Doucher
|player|p1|WeirdNick504|290
|player|p2|Dr Doucher|266
|gametype|singles
|gen|6
|tier|OU
|rated
|clearpoke
|poke|p1|Diancie
|poke|p1|Jirachi
|poke|p1|Latias, F
|poke|p1|Magnezone
|poke|p1|Conkeldurr, M
|poke|p1|Gliscor, M
|poke|p2|Lopunny, M
|poke|p2|Excadrill, M
|poke|p2|Talonflame, F
|poke|p2|Keldeo
|poke|p2|Tyranitar, F
|poke|p2|Celebi
|rule|Swagger Clause: Swagger is banned
|rule|Baton Pass Clause: Limit one Pokémon knowing Baton Pass
|rule|Sleep Clause Mod: Limit one foe put to sleep
|rule|Species Clause: Limit one of each Pokémon
|rule|OHKO Clause: OHKO moves are banned
|rule|Moody Clause: Moody is banned
|rule|Evasion Moves Clause: Evasion moves are banned
|rule|Endless Battle Clause: Forcing endless battles is banned
|rule|HP Percentage Mod: HP is shown in percentages
|teampreview
|c|★WeirdNick504|HEY EVERYBODY ITS POKEAIMMD HERE
|c|★WeirdNick504|:\/
|
|start
|switch|p1a: Conkeldurr|Conkeldurr, M|413\/413
|switch|p2a: Lopunny|Lopunny, M|271\/271
|turn|1
|
|detailschange|p2a: Lopunny|Lopunny-Mega, M
|-mega|p2a: Lopunny|Lopunny|Lopunnite
|move|p2a: Lopunny|Fake Out|p1a: Conkeldurr
|-damage|p1a: Conkeldurr|337\/413
|cant|p1a: Conkeldurr|flinch
|
|turn|2
|
|switch|p2a: Talonflame|Talonflame, F|359\/359
|move|p1a: Conkeldurr|Knock Off|p2a: Talonflame
|-damage|p2a: Talonflame|179\/359
|-enditem|p2a: Talonflame|Leftovers|[from] move: Knock Off|[of] p1a: Conkeldurr
|
|turn|3
|
|switch|p1a: Gliscor|Gliscor, M|353\/353
|move|p2a: Talonflame|Brave Bird|p1a: Gliscor
|-damage|p1a: Gliscor|238\/353
|-damage|p2a: Talonflame|141\/359|[from] recoil|[of] p1a: Gliscor
|
|-status|p1a: Gliscor|tox|[from] item: Toxic Orb
|turn|4
|
|move|p2a: Talonflame|Taunt|p1a: Gliscor
|-start|p1a: Gliscor|move: Taunt
|cant|p1a: Gliscor|move: Taunt|Toxic
|
|-heal|p1a: Gliscor|282\/353 tox|[from] ability: Poison Heal
|turn|5
|
|switch|p2a: Keldeo|Keldeo|323\/323
|switch|p1a: Magnezone|Magnezone|281\/281
|
|turn|6
|
|switch|p1a: Jirachi|Jirachi|404\/404
|move|p2a: Keldeo|Secret Sword|p1a: Jirachi
|-damage|p1a: Jirachi|239\/404
|
|-heal|p1a: Jirachi|264\/404|[from] item: Leftovers
|turn|7
|
|switch|p2a: Excadrill|Excadrill, M|361\/361
|move|p1a: Jirachi|Stealth Rock|p2a: Excadrill
|-sidestart|p2: Dr Doucher|move: Stealth Rock
|
|-heal|p1a: Jirachi|289\/404|[from] item: Leftovers
|turn|8
|
|switch|p2a: Keldeo|Keldeo|323\/323
|-damage|p2a: Keldeo|303\/323|[from] Stealth Rock
|switch|p1a: Gliscor|Gliscor, M|282\/353 tox
|
|-heal|p1a: Gliscor|326\/353 tox|[from] ability: Poison Heal
|turn|9
|
|move|p1a: Gliscor|Protect|p1a: Gliscor
|-singleturn|p1a: Gliscor|Protect
|move|p2a: Keldeo|Scald|p1a: Gliscor
|-activate|p1a: Gliscor|Protect
|
|-heal|p1a: Gliscor|353\/353 tox|[from] ability: Poison Heal
|turn|10
|
|switch|p1a: Latias|Latias, F|301\/301
|move|p2a: Keldeo|Scald|p1a: Latias
|-resisted|p1a: Latias
|-damage|p1a: Latias|248\/301
|-status|p1a: Latias|brn
|
|-damage|p1a: Latias|211\/301 brn|[from] brn
|turn|11
|
|switch|p2a: Tyranitar|Tyranitar, F|399\/399
|-damage|p2a: Tyranitar|350\/399|[from] Stealth Rock
|-weather|Sandstorm
|switch|p1a: Conkeldurr|Conkeldurr, M|337\/413
|
|-weather|Sandstorm|[upkeep]
|-damage|p1a: Conkeldurr|312\/413|[from] sandstorm
|turn|12
|leave|Dr Doucher
|player|p2
|-message|drdoucher lost due to inactivity.
|
|win|WeirdNick504
|raw|Ladder updating...
|raw|WeirdNick504's rating: 1572 &rarr; <strong>1591<\/strong><br \/>(+19 for winning)
|raw|Dr Doucher's rating: 1552 &rarr; <strong>1533<\/strong><br \/>(-19 for losing)