|join|trentg27
|join|da diddy
|player|p1|trentg27|95
|player|p2|da diddy|275
|gametype|singles
|gen|6
|tier|UU
|rated
|rule|Sleep Clause Mod: Limit one foe put to sleep
|rule|Species Clause: Limit one of each Pokémon
|rule|OHKO Clause: OHKO moves are banned
|rule|Moody Clause: Moody is banned
|rule|Evasion Moves Clause: Evasion moves are banned
|rule|Endless Battle Clause: Forcing endless battles is banned
|rule|HP Percentage Mod: HP is shown in percentages
|clearpoke
|poke|p1|Pidgeot, F
|poke|p1|Empoleon, F, shiny
|poke|p1|Mienshao, F
|poke|p1|Jirachi, shiny
|poke|p1|Espeon, F
|poke|p1|Infernape, F
|poke|p2|Swampert, M
|poke|p2|Blissey, F
|poke|p2|Machamp, M
|poke|p2|Aggron, F
|poke|p2|Alakazam, M
|poke|p2|Hydreigon, F
|rule|Swagger Clause: Swagger is banned
|rule|Baton Pass Clause: Limit one Pokémon knowing Baton Pass
|teampreview
|
|start
|switch|p1a: Mienshao|Mienshao, F|271\/271
|switch|p2a: Womp Womp|Swampert, M|404\/404
|turn|1
|
|move|p1a: Mienshao|Fake Out|p2a: Womp Womp
|-damage|p2a: Womp Womp|356\/404
|-damage|p1a: Mienshao|244\/271|[from] item: Life Orb
|cant|p2a: Womp Womp|flinch
|
|-heal|p2a: Womp Womp|381\/404|[from] item: Leftovers
|turn|2
|
|switch|p1a: Empoleon|Empoleon, F, shiny|372\/372
|move|p2a: Womp Womp|Earthquake|p1a: Empoleon
|-supereffective|p1a: Empoleon
|-damage|p1a: Empoleon|172\/372
|
|-heal|p2a: Womp Womp|404\/404|[from] item: Leftovers
|-heal|p1a: Empoleon|195\/372|[from] item: Leftovers
|turn|3
|
|switch|p2a: Big Bitch|Blissey, F|714\/714
|switch|p1a: Pidgeot|Pidgeot, F|307\/307
|
|turn|4
|
|detailschange|p1a: Pidgeot|Pidgeot-Mega, F
|-mega|p1a: Pidgeot|Pidgeot|Pidgeotite
|move|p1a: Pidgeot|U-turn|p2a: Big Bitch
|-damage|p2a: Big Bitch|627\/714
|
|switch|p1a: Mienshao|Mienshao, F|271\/271
|move|p2a: Big Bitch|Seismic Toss|p1a: Mienshao
|-damage|p1a: Mienshao|171\/271
|
|-heal|p2a: Big Bitch|671\/714|[from] item: Leftovers
|turn|5
|
|switch|p2a: Womp Womp|Swampert, M|404\/404
|move|p1a: Mienshao|Fake Out|p2a: Womp Womp
|-damage|p2a: Womp Womp|352\/404
|-damage|p1a: Mienshao|144\/271|[from] item: Life Orb
|
|-heal|p2a: Womp Womp|377\/404|[from] item: Leftovers
|turn|6
|
|move|p1a: Mienshao|High Jump Kick|p2a: Womp Womp
|-crit|p2a: Womp Womp
|-damage|p2a: Womp Womp|14\/404
|-damage|p1a: Mienshao|117\/271|[from] item: Life Orb
|move|p2a: Womp Womp|Scald|p1a: Mienshao
|-damage|p1a: Mienshao|0 fnt
|faint|p1a: Mienshao
|
|-heal|p2a: Womp Womp|39\/404|[from] item: Leftovers
|
|switch|p1a: Infernape|Infernape, F|293\/293
|turn|7
|
|move|p1a: Infernape|Fake Out|p2a: Womp Womp
|-damage|p2a: Womp Womp|5\/404
|cant|p2a: Womp Womp|flinch
|
|-heal|p2a: Womp Womp|30\/404|[from] item: Leftovers
|turn|8
|
|move|p1a: Infernape|Mach Punch|p2a: Womp Womp
|-damage|p2a: Womp Womp|0 fnt
|faint|p2a: Womp Womp
|
|
|switch|p2a: p00n sp00ns|Alakazam, M|251\/251
|turn|9
|
|switch|p1a: Pidgeot|Pidgeot-Mega, F|307\/307
|move|p2a: p00n sp00ns|Shadow Ball|p1a: Pidgeot
|-immune|p1a: Pidgeot|[msg]
|
|turn|10
|
|switch|p2a: BoomQuisha|Aggron, F|344\/344
|move|p1a: Pidgeot|Hurricane|p2a: BoomQuisha
|-crit|p2a: BoomQuisha
|-resisted|p2a: BoomQuisha
|-damage|p2a: BoomQuisha|255\/344
|-start|p2a: BoomQuisha|confusion
|
|turn|11
|
|detailschange|p2a: BoomQuisha|Aggron-Mega, F
|-mega|p2a: BoomQuisha|Aggron|Aggronite
|move|p1a: Pidgeot|Heat Wave|p2a: BoomQuisha
|-supereffective|p2a: BoomQuisha
|-damage|p2a: BoomQuisha|86\/344
|-activate|p2a: BoomQuisha|confusion
|move|p2a: BoomQuisha|Heavy Slam|p1a: Pidgeot
|-damage|p1a: Pidgeot|72\/307
|
|turn|12
|
|switch|p2a: Big Bitch|Blissey, F|671\/714
|move|p1a: Pidgeot|Heat Wave|p2a: Big Bitch
|-damage|p2a: Big Bitch|588\/714
|
|-heal|p2a: Big Bitch|632\/714|[from] item: Leftovers
|turn|13
|
|move|p1a: Pidgeot|U-turn|p2a: Big Bitch
|-damage|p2a: Big Bitch|551\/714
|
|switch|p1a: Jirachi|Jirachi, shiny|404\/404
|move|p2a: Big Bitch|Wish|p2a: Big Bitch
|
|-heal|p2a: Big Bitch|595\/714|[from] item: Leftovers
|turn|14
|
|switch|p2a: BoomQuisha|Aggron-Mega, F|86\/344
|move|p1a: Jirachi|Thunder Wave|p2a: BoomQuisha
|-status|p2a: BoomQuisha|par
|
|-heal|p2a: BoomQuisha|344\/344 par|[from] move: Wish|[wisher] Big Bitch
|turn|15
|
|switch|p1a: Pidgeot|Pidgeot-Mega, F|72\/307
|switch|p2a: I Skip Leg Day|Machamp, M|364\/364
|
|turn|16
|
|switch|p2a: Big Bitch|Blissey, F|595\/714
|move|p1a: Pidgeot|Hurricane|p2a: Big Bitch
|-damage|p2a: Big Bitch|435\/714
|
|-heal|p2a: Big Bitch|479\/714|[from] item: Leftovers
|turn|17
|
|move|p1a: Pidgeot|Roost|p1a: Pidgeot
|-heal|p1a: Pidgeot|226\/307
|move|p2a: Big Bitch|Heal Bell|p2a: Big Bitch
|-cureteam|p2a: Big Bitch|[from] move: HealBell
|
|-heal|p2a: Big Bitch|523\/714|[from] item: Leftovers
|turn|18
|
|switch|p1a: Infernape|Infernape, F|293\/293
|switch|p2a: BoomQuisha|Aggron-Mega, F|344\/344
|
|turn|19
|
|move|p1a: Infernape|Overheat|p2a: BoomQuisha
|-supereffective|p2a: BoomQuisha
|-damage|p2a: BoomQuisha|88\/344
|-unboost|p1a: Infernape|spa|2
|move|p2a: BoomQuisha|Earthquake|p1a: Infernape
|-supereffective|p1a: Infernape
|-damage|p1a: Infernape|3\/293
|
|turn|20
|
|switch|p2a: p00n sp00ns|Alakazam, M|251\/251
|move|p1a: Infernape|Overheat|p2a: p00n sp00ns
|-damage|p2a: p00n sp00ns|164\/251
|-unboost|p1a: Infernape|spa|2
|
|turn|21
|
|switch|p1a: Pidgeot|Pidgeot-Mega, F|226\/307
|move|p2a: p00n sp00ns|Psyshock|p1a: Pidgeot
|-damage|p1a: Pidgeot|12\/307
|
|turn|22
|
|switch|p2a: Big Bitch|Blissey, F|523\/714
|move|p1a: Pidgeot|Hurricane|p2a: Big Bitch
|-damage|p2a: Big Bitch|372\/714
|
|-heal|p2a: Big Bitch|416\/714|[from] item: Leftovers
|turn|23
|
|move|p1a: Pidgeot|Roost|p1a: Pidgeot
|-heal|p1a: Pidgeot|166\/307
|move|p2a: Big Bitch|Wish|p2a: Big Bitch
|
|-heal|p2a: Big Bitch|460\/714|[from] item: Leftovers
|turn|24
|
|move|p1a: Pidgeot|U-turn|p2a: Big Bitch
|-damage|p2a: Big Bitch|375\/714
|
|switch|p1a: Jirachi|Jirachi, shiny|404\/404
|move|p2a: Big Bitch|Seismic Toss|p1a: Jirachi
|-damage|p1a: Jirachi|304\/404
|
|-heal|p2a: Big Bitch|714\/714|[from] move: Wish|[wisher] Big Bitch
|turn|25
|
|move|p1a: Jirachi|Thunder Wave|p2a: Big Bitch
|-status|p2a: Big Bitch|par
|move|p2a: Big Bitch|Wish|p2a: Big Bitch
|
|turn|26
|
|switch|p2a: BoomQuisha|Aggron-Mega, F|88\/344
|move|p1a: Jirachi|Iron Head|p2a: BoomQuisha
|-resisted|p2a: BoomQuisha
|-damage|p2a: BoomQuisha|61\/344
|
|-heal|p2a: BoomQuisha|344\/344|[from] move: Wish|[wisher] Big Bitch
|turn|27
|c|★trentg27|thats gg
|
|switch|p1a: Pidgeot|Pidgeot-Mega, F|166\/307
|move|p2a: BoomQuisha|Earthquake|p1a: Pidgeot
|-immune|p1a: Pidgeot|[msg]
|
|turn|28
|
|move|p1a: Pidgeot|Heat Wave|p2a: BoomQuisha
|-supereffective|p2a: BoomQuisha
|-damage|p2a: BoomQuisha|151\/344
|move|p2a: BoomQuisha|Heavy Slam|p1a: Pidgeot
|-damage|p1a: Pidgeot|0 fnt
|faint|p1a: Pidgeot
|
|
|switch|p1a: Infernape|Infernape, F|3\/293
|turn|29
|
|switch|p2a: Big Bitch|Blissey, F|714\/714
|move|p1a: Infernape|Fake Out|p2a: Big Bitch
|-damage|p2a: Big Bitch|637\/714
|
|-heal|p2a: Big Bitch|681\/714|[from] item: Leftovers
|turn|30
|
|move|p1a: Infernape|Close Combat|p2a: Big Bitch
|-supereffective|p2a: Big Bitch
|-damage|p2a: Big Bitch|33\/714
|-unboost|p1a: Infernape|def|1
|-unboost|p1a: Infernape|spd|1
|move|p2a: Big Bitch|Seismic Toss|p1a: Infernape
|-damage|p1a: Infernape|0 fnt
|faint|p1a: Infernape
|
|-heal|p2a: Big Bitch|77\/714|[from] item: Leftovers
|c|★trentg27|FUCK ME
|
|switch|p1a: Espeon|Espeon, F|271\/271
|turn|31
|c|★trentg27|i can't kill your hydreigon now jsuk
|
|switch|p2a: muh fairies|Hydreigon, F|325\/325
|move|p1a: Espeon|Trick|p2a: muh fairies
|-activate|p1a: Espeon|move: Trick|[of] p2a: muh fairies
|-item|p2a: muh fairies|Choice Specs|[from] move: Trick
|-item|p1a: Espeon|Choice Specs|[from] move: Trick
|
|turn|32
|c|★da diddy|lol
|
|move|p1a: Espeon|Dazzling Gleam|p2a: muh fairies
|-supereffective|p2a: muh fairies
|-damage|p2a: muh fairies|0 fnt
|faint|p2a: muh fairies
|
|c|★trentg27|oh
|
|switch|p2a: p00n sp00ns|Alakazam, M|164\/251
|turn|33
|
|move|p2a: p00n sp00ns|Shadow Ball|p1a: Espeon
|-supereffective|p1a: Espeon
|-damage|p1a: Espeon|24\/271
|-unboost|p1a: Espeon|spd|1
|move|p1a: Espeon|Dazzling Gleam|p2a: p00n sp00ns
|-damage|p2a: p00n sp00ns|27\/251
|
|turn|34
|
|switch|p1a: Empoleon|Empoleon, F, shiny|195\/372
|move|p2a: p00n sp00ns|Shadow Ball|p1a: Empoleon
|-damage|p1a: Empoleon|72\/372
|
|-heal|p1a: Empoleon|95\/372|[from] item: Leftovers
|turn|35
|
|move|p2a: p00n sp00ns|Shadow Ball|p1a: Empoleon
|-damage|p1a: Empoleon|0 fnt
|faint|p1a: Empoleon
|
|
|switch|p1a: Jirachi|Jirachi, shiny|304\/404
|turn|36
|
|move|p2a: p00n sp00ns|Shadow Ball|p1a: Jirachi
|-supereffective|p1a: Jirachi
|-damage|p1a: Jirachi|44\/404
|move|p1a: Jirachi|U-turn|p2a: p00n sp00ns
|-supereffective|p2a: p00n sp00ns
|-damage|p2a: p00n sp00ns|0 fnt
|faint|p2a: p00n sp00ns
|
|switch|p1a: Espeon|Espeon, F|24\/271
|
|
|switch|p2a: BoomQuisha|Aggron-Mega, F|151\/344
|turn|37
|
|move|p1a: Espeon|Psychic|p2a: BoomQuisha
|-resisted|p2a: BoomQuisha
|-damage|p2a: BoomQuisha|22\/344
|move|p2a: BoomQuisha|Heavy Slam|p1a: Espeon
|-damage|p1a: Espeon|0 fnt
|faint|p1a: Espeon
|
|
|switch|p1a: Jirachi|Jirachi, shiny|44\/404
|turn|38
|
|move|p1a: Jirachi|Zen Headbutt|p2a: BoomQuisha
|-resisted|p2a: BoomQuisha
|-damage|p2a: BoomQuisha|0 fnt
|faint|p2a: BoomQuisha
|
|
|switch|p2a: I Skip Leg Day|Machamp, M|364\/364
|turn|39
|
|move|p1a: Jirachi|Zen Headbutt|p2a: I Skip Leg Day
|-supereffective|p2a: I Skip Leg Day
|-damage|p2a: I Skip Leg Day|52\/364
|cant|p2a: I Skip Leg Day|flinch
|
|turn|40
|c|★trentg27|gg
|c|★trentg27|oh shit
|
|move|p2a: I Skip Leg Day|Bullet Punch|p1a: Jirachi
|-resisted|p1a: Jirachi
|-damage|p1a: Jirachi|20\/404
|move|p1a: Jirachi|Zen Headbutt|p2a: I Skip Leg Day
|-supereffective|p2a: I Skip Leg Day
|-damage|p2a: I Skip Leg Day|0 fnt
|faint|p2a: I Skip Leg Day
|
|
|switch|p2a: Big Bitch|Blissey, F|77\/714
|turn|41
|c|★da diddy|misplayed the shit out of everything
|c|★da diddy|lol
|c|★da diddy|gg
|
|move|p1a: Jirachi|Zen Headbutt|p2a: Big Bitch
|-damage|p2a: Big Bitch|0 fnt
|faint|p2a: Big Bitch
|
|win|trentg27
|raw|Ladder updating...
|c|★trentg27|lol just a little
|c|★trentg27|gg
|raw|trentg27's rating: 1233 &rarr; <strong>1258<\/strong><br \/>(+25 for winning)
|raw|da diddy's rating: 1224 &rarr; <strong>1199<\/strong><br \/>(-25 for losing)
|leave|da diddy
|player|p2