|join|Aka DH
|join|the jaiho
|join|lolprinze
|join|NoobTheBoob
|player|p1|Aka DH|1
|player|p2|the jaiho|211
|gametype|singles
|gen|6
|tier|OU
|clearpoke
|poke|p1|Bisharp, F
|poke|p1|Venusaur, F
|poke|p1|Heatran, M
|poke|p1|Keldeo
|poke|p1|Chansey, F
|poke|p1|Skarmory, F
|poke|p2|Diancie
|poke|p2|Heatran, F
|poke|p2|Keldeo-Resolute
|poke|p2|Latios, M
|poke|p2|Celebi
|poke|p2|Landorus-Therian, M
|rule|Swagger Clause: Swagger is banned
|rule|Baton Pass Clause: Limit one Pokémon knowing Baton Pass
|rule|Sleep Clause Mod: Limit one foe put to sleep
|rule|Species Clause: Limit one of each Pokémon
|rule|OHKO Clause: OHKO moves are banned
|rule|Moody Clause: Moody is banned
|rule|Evasion Moves Clause: Evasion moves are banned
|rule|Endless Battle Clause: Forcing endless battles is banned
|rule|HP Percentage Mod: HP is shown in percentages
|teampreview
|join|bouffalant12345
|c| NoobTheBoob|NoobTheBoob has joined
|join|pokeaim joined
|join|The DragonKnight
|join|Dread Arceus
|c| bouffalant12345|lol pokeaim joined joined
|c| lolprinze|too many people trying to be Joey
|c| lolprinze|i wonder if DH is here
|c| NoobTheBoob|Watch, last second he picks a mon
|c| lolprinze|nah its too late
|
|start
|switch|p1a: Venusaur|Venusaur, F|364\/364
|switch|p2a: Landorus-Therian|Landorus-Therian, M|319\/319
|-ability|p2a: Landorus-Therian|Intimidate|[of] p1a: Venusaur
|-unboost|p1a: Venusaur|atk|1
|turn|1
|leave|pokeain
|c| lolprinze|LOL
|c| lolprinze|wb
|join|Mistaken
|
|switch|p1a: Heatran|Heatran, M|340\/340
|-item|p1a: Heatran|Air Balloon
|move|p2a: Landorus-Therian|U-turn|p1a: Heatran
|-resisted|p1a: Heatran
|-damage|p1a: Heatran|321\/340
|-enditem|p1a: Heatran|Air Balloon
|
|switch|p2a: Keldeo-Resolute|Keldeo-Resolute|323\/323
|
|turn|2
|
|switch|p2a: Heatran|Heatran, F|385\/385
|switch|p1a: Venusaur|Venusaur, F|364\/364
|
|turn|3
|
|switch|p1a: Heatran|Heatran, M|321\/340
|move|p2a: Heatran|Stealth Rock|p1a: Heatran
|-sidestart|p1: Aka DH|move: Stealth Rock
|
|turn|4
|
|switch|p2a: Landorus-Therian|Landorus-Therian, M|319\/319
|-ability|p2a: Landorus-Therian|Intimidate|[of] p1a: Heatran
|-unboost|p1a: Heatran|atk|1
|move|p1a: Heatran|Stealth Rock|p2a: Landorus-Therian
|-sidestart|p2: the jaiho|move: Stealth Rock
|
|turn|5
|
|move|p2a: Landorus-Therian|U-turn|p1a: Heatran
|-resisted|p1a: Heatran
|-damage|p1a: Heatran|302\/340
|join|Gghhh
|
|switch|p2a: Heatran|Heatran, F|385\/385
|-damage|p2a: Heatran|337\/385|[from] Stealth Rock
|move|p1a: Heatran|Fire Blast|p2a: Heatran
|-start|p2a: Heatran|ability: Flash Fire
|
|-heal|p2a: Heatran|361\/385|[from] item: Leftovers
|turn|6
|
|move|p1a: Heatran|Fire Blast|p2a: Heatran
|-immune|p2a: Heatran|[msg]
|move|p2a: Heatran|Earth Power|p1a: Heatran
|-supereffective|p1a: Heatran
|-damage|p1a: Heatran|0 fnt
|faint|p1a: Heatran
|
|-heal|p2a: Heatran|385\/385|[from] item: Leftovers
|c| lolprinze|mmm
|
|switch|p1a: Keldeo|Keldeo|323\/323
|-damage|p1a: Keldeo|303\/323|[from] Stealth Rock
|turn|7
|c| bouffalant12345|expected switch
|
|switch|p2a: Celebi|Celebi|401\/401
|-damage|p2a: Celebi|351\/401|[from] Stealth Rock
|move|p1a: Keldeo|Scald|p2a: Celebi
|-resisted|p2a: Celebi
|-damage|p2a: Celebi|285\/401
|
|-heal|p1a: Keldeo|323\/323|[from] item: Leftovers
|-heal|p2a: Celebi|310\/401|[from] item: Leftovers
|turn|8
|c| NoobTheBoob|Switchtastic
|
|switch|p1a: Bisharp|Bisharp, F|334\/334
|-damage|p1a: Bisharp|314\/334|[from] Stealth Rock
|move|p2a: Celebi|Calm Mind|p2a: Celebi
|-boost|p2a: Celebi|spa|1
|-boost|p2a: Celebi|spd|1
|
|-heal|p2a: Celebi|335\/401|[from] item: Leftovers
|-heal|p1a: Bisharp|334\/334|[from] item: Leftovers
|turn|9
|
|move|p2a: Celebi|Baton Pass|p2a: Celebi
|
|switch|p2a: Keldeo-Resolute|Keldeo-Resolute|323\/323
|-damage|p2a: Keldeo-Resolute|303\/323|[from] Stealth Rock
|move|p1a: Bisharp|Knock Off|p2a: Keldeo-Resolute
|-resisted|p2a: Keldeo-Resolute
|-damage|p2a: Keldeo-Resolute|203\/323
|-boost|p2a: Keldeo-Resolute|atk|1|[from] ability: Justified
|-enditem|p2a: Keldeo-Resolute|Choice Specs|[from] move: Knock Off|[of] p1a: Bisharp
|
|turn|10
|
|switch|p1a: Venusaur|Venusaur, F|364\/364
|-damage|p1a: Venusaur|319\/364|[from] Stealth Rock
|move|p2a: Keldeo-Resolute|Icy Wind|p1a: Venusaur
|-supereffective|p1a: Venusaur
|-damage|p1a: Venusaur|113\/364
|-unboost|p1a: Venusaur|spe|1
|
|turn|11
|c| Gghhh|oh my counter team
|
|detailschange|p1a: Venusaur|Venusaur-Mega, F
|-mega|p1a: Venusaur|Venusaur|Venusaurite
|move|p2a: Keldeo-Resolute|Icy Wind|p1a: Venusaur
|-supereffective|p1a: Venusaur
|-damage|p1a: Venusaur|25\/364
|-unboost|p1a: Venusaur|spe|1
|move|p1a: Venusaur|Synthesis|p1a: Venusaur
|-heal|p1a: Venusaur|207\/364
|
|turn|12
|
|switch|p2a: Heatran|Heatran, F|385\/385
|-damage|p2a: Heatran|337\/385|[from] Stealth Rock
|move|p1a: Venusaur|Synthesis|p1a: Venusaur
|-heal|p1a: Venusaur|364\/364
|
|-heal|p2a: Heatran|361\/385|[from] item: Leftovers
|turn|13
|
|switch|p1a: Keldeo|Keldeo|323\/323
|-damage|p1a: Keldeo|303\/323|[from] Stealth Rock
|move|p2a: Heatran|Lava Plume|p1a: Keldeo
|-resisted|p1a: Keldeo
|-damage|p1a: Keldeo|234\/323
|
|-heal|p1a: Keldeo|254\/323|[from] item: Leftovers
|-heal|p2a: Heatran|385\/385|[from] item: Leftovers
|turn|14
|
|switch|p2a: Celebi|Celebi|335\/401
|-damage|p2a: Celebi|285\/401|[from] Stealth Rock
|move|p1a: Keldeo|Icy Wind|p2a: Celebi
|-supereffective|p2a: Celebi
|-damage|p2a: Celebi|163\/401
|-unboost|p2a: Celebi|spe|1
|
|-heal|p1a: Keldeo|274\/323|[from] item: Leftovers
|-heal|p2a: Celebi|188\/401|[from] item: Leftovers
|turn|15
|
|switch|p1a: Bisharp|Bisharp, F|334\/334
|-damage|p1a: Bisharp|314\/334|[from] Stealth Rock
|move|p2a: Celebi|Recover|p2a: Celebi
|-heal|p2a: Celebi|389\/401
|
|-heal|p1a: Bisharp|334\/334|[from] item: Leftovers
|-heal|p2a: Celebi|401\/401|[from] item: Leftovers
|turn|16
|
|move|p1a: Bisharp|Knock Off|p2a: Celebi
|-supereffective|p2a: Celebi
|-damage|p2a: Celebi|89\/401
|-enditem|p2a: Celebi|Leftovers|[from] move: Knock Off|[of] p1a: Bisharp
|move|p2a: Celebi|Baton Pass|p2a: Celebi
|
|switch|p2a: Keldeo-Resolute|Keldeo-Resolute|203\/323
|-damage|p2a: Keldeo-Resolute|183\/323|[from] Stealth Rock
|
|turn|17
|leave|NoobTheBoob
|
|switch|p2a: Latios|Latios, M|309\/309
|-damage|p2a: Latios|271\/309|[from] Stealth Rock
|switch|p1a: Venusaur|Venusaur-Mega, F|364\/364
|-damage|p1a: Venusaur|319\/364|[from] Stealth Rock
|
|turn|18
|join|NoobTheBoob
|
|move|p2a: Latios|Draco Meteor|p1a: Venusaur|[miss]
|-miss|p2a: Latios|p1a: Venusaur
|move|p1a: Venusaur|Synthesis|p1a: Venusaur
|-heal|p1a: Venusaur|364\/364
|
|turn|19
|
|move|p2a: Latios|Draco Meteor|p1a: Venusaur
|-damage|p1a: Venusaur|121\/364
|-unboost|p2a: Latios|spa|2
|-damage|p2a: Latios|241\/309|[from] item: Life Orb
|move|p1a: Venusaur|Giga Drain|p2a: Latios
|-resisted|p2a: Latios
|-damage|p2a: Latios|192\/309
|-heal|p1a: Venusaur|146\/364|[from] drain|[of] p2a: Latios
|
|turn|20
|c| NoobTheBoob|Hoping _______ wins
|
|move|p2a: Latios|Psyshock|p1a: Venusaur
|-supereffective|p1a: Venusaur
|-damage|p1a: Venusaur|29\/364
|-damage|p2a: Latios|162\/309|[from] item: Life Orb
|move|p1a: Venusaur|Synthesis|p1a: Venusaur
|-heal|p1a: Venusaur|211\/364
|
|turn|21
|c| NoobTheBoob|________
|
|switch|p2a: Heatran|Heatran, F|385\/385
|-damage|p2a: Heatran|337\/385|[from] Stealth Rock
|move|p1a: Venusaur|Synthesis|p1a: Venusaur
|-heal|p1a: Venusaur|364\/364
|
|-heal|p2a: Heatran|361\/385|[from] item: Leftovers
|turn|22
|c| lolprinze|the premier tank of the meta
|
|switch|p1a: Keldeo|Keldeo|274\/323
|-damage|p1a: Keldeo|254\/323|[from] Stealth Rock
|move|p2a: Heatran|Lava Plume|p1a: Keldeo
|-resisted|p1a: Keldeo
|-damage|p1a: Keldeo|185\/323
|
|-heal|p1a: Keldeo|205\/323|[from] item: Leftovers
|-heal|p2a: Heatran|385\/385|[from] item: Leftovers
|turn|23
|leave|Gghhh
|
|move|p1a: Keldeo|Scald|p2a: Heatran
|-supereffective|p2a: Heatran
|-damage|p2a: Heatran|169\/385
|move|p2a: Heatran|Roar|p1a: Keldeo
|drag|p1a: Chansey|Chansey, F|684\/684
|-damage|p1a: Chansey|599\/684|[from] Stealth Rock
|
|-heal|p2a: Heatran|193\/385|[from] item: Leftovers
|turn|24
|
|switch|p2a: Celebi|Celebi|89\/401
|-damage|p2a: Celebi|39\/401|[from] Stealth Rock
|move|p1a: Chansey|Seismic Toss|p2a: Celebi
|-damage|p2a: Celebi|0 fnt
|faint|p2a: Celebi
|
|
|switch|p2a: Diancie|Diancie|241\/241
|-damage|p2a: Diancie|211\/241|[from] Stealth Rock
|turn|25
|
|detailschange|p2a: Diancie|Diancie-Mega
|-mega|p2a: Diancie|Diancie|Diancite
|move|p2a: Diancie|Rock Polish|p2a: Diancie
|-boost|p2a: Diancie|spe|2
|move|p1a: Chansey|Seismic Toss|p2a: Diancie
|-damage|p2a: Diancie|111\/241
|
|turn|26
|
|move|p2a: Diancie|Diamond Storm|p1a: Chansey
|-damage|p1a: Chansey|349\/684
|move|p1a: Chansey|Seismic Toss|p2a: Diancie
|-damage|p2a: Diancie|11\/241
|
|turn|27
|join|Waterr
|c| NoobTheBoob|lel
|
|move|p2a: Diancie|Diamond Storm|p1a: Chansey
|-damage|p1a: Chansey|91\/684
|move|p1a: Chansey|Soft-Boiled|p1a: Chansey
|-heal|p1a: Chansey|433\/684
|
|turn|28
|c| lolprinze|needs crit
|
|move|p2a: Diancie|Diamond Storm|p1a: Chansey
|-damage|p1a: Chansey|193\/684
|move|p1a: Chansey|Soft-Boiled|p1a: Chansey
|-heal|p1a: Chansey|535\/684
|
|turn|29
|
|move|p2a: Diancie|Diamond Storm|p1a: Chansey
|-damage|p1a: Chansey|277\/684
|-boost|p2a: Diancie|def|1
|move|p1a: Chansey|Soft-Boiled|p1a: Chansey
|-heal|p1a: Chansey|619\/684
|
|turn|30
|join|The DragonKnight
|c| lolprinze|str8 loses
|
|move|p2a: Diancie|Diamond Storm|p1a: Chansey
|-damage|p1a: Chansey|378\/684
|move|p1a: Chansey|Soft-Boiled|p1a: Chansey
|-heal|p1a: Chansey|684\/684
|
|turn|31
|c| NoobTheBoob|GG diancie
|leave|the jaiho
|player|p2
|c| Waterr|lul
|c| bouffalant12345|troll
|c| NoobTheBoob|Queen of ass
|c| Waterr|the +2 was too much to lose
|c| bouffalant12345|get someone of high authority
|c| bouffalant12345|to dq him
|leave|Waterr
|c| NoobTheBoob|Get somebody of high authority to ban him
|c| NoobTheBoob|imo
|c| NoobTheBoob|But I'm  boob so....
|leave|NoobTheBoob
|join|Pure Demize
|c| bouffalant12345|aka dh if you want to get someone or wait 200 seconds
|leave|bouffalant12345
|leave|Dread Arceus
|leave|lolprinze
|join|bouffalant12345
|leave|bouffalant12345
|join|Toxzn
|join|squirrelll
|-message|Player 2 lost due to inactivity.
|
|win|Aka DH
|join|hENRY
|leave|squirrelll