|join|lil manaphy
|join|Aka DH
|player|p1|lil manaphy|272
|player|p2|Aka DH|1
|gametype|singles
|gen|6
|tier|OU
|rated
|clearpoke
|poke|p1|Lopunny, F
|poke|p1|Manaphy
|poke|p1|Scizor, M
|poke|p1|Celebi
|poke|p1|Heatran, F
|poke|p1|Mandibuzz, F
|poke|p2|Bisharp, F
|poke|p2|Venusaur, M
|poke|p2|Heatran, M
|poke|p2|Keldeo
|poke|p2|Chansey, F
|poke|p2|Skarmory, F
|rule|Swagger Clause: Swagger is banned
|rule|Baton Pass Clause: Limit one Pokémon knowing Baton Pass
|rule|Sleep Clause Mod: Limit one foe put to sleep
|rule|Species Clause: Limit one of each Pokémon
|rule|OHKO Clause: OHKO moves are banned
|rule|Moody Clause: Moody is banned
|rule|Evasion Moves Clause: Evasion moves are banned
|rule|Endless Battle Clause: Forcing endless battles is banned
|rule|HP Percentage Mod: HP is shown in percentages
|teampreview
|join|Ox the Box
|join|daftmau5
|join|Yuttt.ttttt
|
|start
|switch|p1a: still bigger than|Manaphy|341\/341
|switch|p2a: Venusaur|Venusaur, M|364\/364
|turn|1
|join|Escavalier
|join|yrs
|join|Draeden
|
|switch|p1a: bean curd puff|Heatran, F|386\/386
|detailschange|p2a: Venusaur|Venusaur-Mega, M
|-mega|p2a: Venusaur|Venusaur|Venusaurite
|move|p2a: Venusaur|Giga Drain|p1a: bean curd puff
|-resisted|p1a: bean curd puff
|-damage|p1a: bean curd puff|367\/386
|
|-heal|p1a: bean curd puff|386\/386|[from] item: Leftovers
|turn|2
|join|Invok3r
|c| Yuttt.ttttt|this man plays
|c| Yuttt.ttttt|like a robot
|
|switch|p2a: Heatran|Heatran, M|340\/340
|-item|p2a: Heatran|Air Balloon
|move|p1a: bean curd puff|Stealth Rock|p2a: Heatran
|-sidestart|p2: Aka DH|move: Stealth Rock
|
|turn|3
|join|Sweet Symphony
|join|Dread Arceus
|
|switch|p1a: still bigger than|Manaphy|341\/341
|move|p2a: Heatran|Stealth Rock|p1a: still bigger than
|-sidestart|p1: lil manaphy|move: Stealth Rock
|
|turn|4
|
|move|p1a: still bigger than|Tail Glow|p1a: still bigger than
|-boost|p1a: still bigger than|spa|3
|move|p2a: Heatran|Taunt|p1a: still bigger than
|-start|p1a: still bigger than|move: Taunt
|
|turn|5
|join|jacksoras
|
|switch|p2a: Chansey|Chansey, F|684\/684
|-damage|p2a: Chansey|599\/684|[from] Stealth Rock
|move|p1a: still bigger than|Scald|p2a: Chansey
|-damage|p2a: Chansey|415\/684
|
|turn|6
|
|switch|p1a: business|Scizor, M|343\/343
|-damage|p1a: business|301\/343|[from] Stealth Rock
|move|p2a: Chansey|Thunder Wave|p1a: business
|-status|p1a: business|par
|
|turn|7
|join|Biz
|
|move|p2a: Chansey|Soft-Boiled|p2a: Chansey
|-heal|p2a: Chansey|684\/684
|cant|p1a: business|par
|
|turn|8
|join|qwertyuiop12321
|join|squirrelll
|join|Chillingtilnoon
|join|WECAMEASROMANS
|
|move|p2a: Chansey|Seismic Toss|p1a: business
|-damage|p1a: business|201\/343 par
|move|p1a: business|U-turn|p2a: Chansey
|-crit|p2a: Chansey
|-damage|p2a: Chansey|287\/684
|join|TheJFrenzy1
|
|switch|p1a: Couture|Lopunny, F|271\/271
|-damage|p1a: Couture|238\/271|[from] Stealth Rock
|
|turn|9
|join|pryda
|
|switch|p2a: Skarmory|Skarmory, F|334\/334
|-damage|p2a: Skarmory|293\/334|[from] Stealth Rock
|detailschange|p1a: Couture|Lopunny-Mega, F
|-mega|p1a: Couture|Lopunny|Lopunnite
|move|p1a: Couture|Power-Up Punch|p2a: Skarmory
|-damage|p2a: Skarmory|245\/334
|-damage|p1a: Couture|193\/271|[from] item: Rocky Helmet|[of] p2a: Skarmory
|-boost|p1a: Couture|atk|1
|
|turn|10
|
|switch|p1a: im walling everyth|Mandibuzz, F|423\/423
|-damage|p1a: im walling everyth|318\/423|[from] Stealth Rock
|move|p2a: Skarmory|Brave Bird|p1a: im walling everyth
|-crit|p1a: im walling everyth
|-damage|p1a: im walling everyth|191\/423
|-damage|p2a: Skarmory|190\/334|[from] item: Rocky Helmet|[of] p1a: im walling everyth
|-damage|p2a: Skarmory|148\/334|[from] recoil|[of] p1a: im walling everyth
|
|turn|11
|
|move|p1a: im walling everyth|Roost|p1a: im walling everyth
|-heal|p1a: im walling everyth|403\/423
|move|p2a: Skarmory|Roost|p2a: Skarmory
|-heal|p2a: Skarmory|315\/334
|
|turn|12
|
|move|p1a: im walling everyth|Taunt|p2a: Skarmory
|-start|p2a: Skarmory|move: Taunt
|cant|p2a: Skarmory|move: Taunt|Spikes
|
|turn|13
|
|switch|p2a: Heatran|Heatran, M|340\/340
|-damage|p2a: Heatran|298\/340|[from] Stealth Rock
|-item|p2a: Heatran|Air Balloon
|move|p1a: im walling everyth|Foul Play|p2a: Heatran
|-damage|p2a: Heatran|240\/340
|-enditem|p2a: Heatran|Air Balloon
|
|turn|14
|leave|qwertyuiop12321
|
|switch|p2a: Keldeo|Keldeo|323\/323
|-damage|p2a: Keldeo|303\/323|[from] Stealth Rock
|switch|p1a: still bigger than|Manaphy|341\/341
|-damage|p1a: still bigger than|299\/341|[from] Stealth Rock
|
|-heal|p2a: Keldeo|323\/323|[from] item: Leftovers
|-heal|p1a: still bigger than|320\/341|[from] item: Leftovers
|turn|15
|join|amg
|join|Froggyboy
|join|Mistaken
|join|asdfCookie
|join|Low ladder noob
|join|ArchPhantom
|join|MuhFugginMoose
|join|gyarad0site
|
|switch|p1a: just my onion|Celebi|404\/404
|-damage|p1a: just my onion|354\/404|[from] Stealth Rock
|move|p2a: Keldeo|Secret Sword|p1a: just my onion
|-resisted|p1a: just my onion
|-damage|p1a: just my onion|279\/404
|
|-heal|p1a: just my onion|304\/404|[from] item: Leftovers
|turn|16
|join|n1ggaftw
|join|Random2ndAccount
|join|Manabind
|leave|Froggyboy
|c| amg|GO LIL MANAPHY
|join|Rooo
|join|pokemonomekop
|leave|Random2ndAccount
|join|gobolts17
|leave|pryda
|join|cringler
|c| Dread Arceus|sigh
|join|JusCuzzInc
|join|BryGuy01
|
|move|p2a: Keldeo|Icy Wind|p1a: just my onion
|-supereffective|p1a: just my onion
|-damage|p1a: just my onion|204\/404
|-unboost|p1a: just my onion|spe|1
|move|p1a: just my onion|Baton Pass|p1a: just my onion
|c| amg|SMASH THIS BALANCE USIN SCRUB
|
|switch|p1a: Couture|Lopunny-Mega, F|193\/271
|-damage|p1a: Couture|177\/271|[from] Stealth Rock
|
|turn|17
|join|Blobbo
|join|Bogs Bunny
|leave|Low ladder noob
|c| pokemonomekop|ohey manaphy <3
|c| MuhFugginMoose|mmm, dat mLop mana core
|join|Zailio
|c| Manabind|nothing's died yet
|join|Obadek
|
|move|p1a: Couture|Fake Out|p2a: Keldeo
|-damage|p2a: Keldeo|235\/323
|cant|p2a: Keldeo|flinch
|
|-heal|p2a: Keldeo|255\/323|[from] item: Leftovers
|turn|18
|join|CSS)bleachzxzx
|leave|Bogs Bunny
|
|move|p2a: Keldeo|Icy Wind|p1a: Couture
|-damage|p1a: Couture|115\/271
|-unboost|p1a: Couture|spe|1
|move|p1a: Couture|Return|p2a: Keldeo
|-damage|p2a: Keldeo|57\/323
|
|-heal|p2a: Keldeo|77\/323|[from] item: Leftovers
|turn|19
|join|Mr.WhiteOblivion
|leave|Zailio
|join|zakkeagle
|
|move|p2a: Keldeo|Icy Wind|p1a: Couture
|-damage|p1a: Couture|43\/271
|-unboost|p1a: Couture|spe|1
|move|p1a: Couture|Drain Punch|p2a: Keldeo
|-damage|p2a: Keldeo|0 fnt
|-heal|p1a: Couture|82\/271|[from] drain|[of] p2a: Keldeo
|faint|p2a: Keldeo
|
|
|switch|p2a: Bisharp|Bisharp, F|334\/334
|-damage|p2a: Bisharp|314\/334|[from] Stealth Rock
|turn|20
|leave|Manabind
|c| Dread Arceus|lil manaphy have my baby please
|c| MuhFugginMoose|lol, holy shit
|
|move|p2a: Bisharp|Swords Dance|p2a: Bisharp
|-boost|p2a: Bisharp|atk|2
|move|p1a: Couture|Drain Punch|p2a: Bisharp
|-supereffective|p2a: Bisharp
|-damage|p2a: Bisharp|0 fnt
|-heal|p1a: Couture|239\/271|[from] drain|[of] p2a: Bisharp
|faint|p2a: Bisharp
|
|c| TheJFrenzy1|oO
|-message|Aka DH forfeited.
|leave|Aka DH
|
|win|lil manaphy
|raw|Ladder updating...
|player|p2
|c| jacksoras|LMAO
|c| MuhFugginMoose|this is my team -2. :)
|raw|lil manaphy's rating: 1814 &rarr; <strong>1835<\/strong><br \/>(+21 for winning)
|raw|Aka DH's rating: 1819 &rarr; <strong>1799<\/strong><br \/>(-20 for losing)
|leave|gobolts17
|c| gyarad0site|:]
|leave|WECAMEASROMANS
|join|bloodyisgarbaje
|join|Touymato
|c| Mr.WhiteOblivion|imao
|c| bloodyisgarbaje|lool
|c| pokemonomekop|LOOL]
|leave|TheJFrenzy1
|leave|zakkeagle
|leave|jacksoras
|leave|Mr.WhiteOblivion
|leave|JusCuzzInc
|leave|Dread Arceus
|join|TheJFrenzy1
|leave|Rooo
|leave|bloodyisgarbaje
|leave|Biz
|join|jacksoras
|leave|pokemonomekop
|leave|jacksoras
|leave|TheJFrenzy1
|leave|Touymato
|leave|Obadek
|leave|BryGuy01
|join|pryda
|c| Sweet Symphony|wtf
|leave|ArchPhantom
|leave|pryda
|leave|Yuttt.ttttt
|join|Fortune
|join|pryda
|join|jacksoras
|leave|jacksoras
|leave|Fortune
|join|pokemonomekop
|join|WECAMEASROMANS
|join|jacksoras
|leave|MuhFugginMoose
|leave|amg
|leave|jacksoras
|leave|WECAMEASROMANS
|leave|pokemonomekop
|join|jacksoras
|leave|jacksoras
|join|jacksoras
|leave|jacksoras
|join|jacksoras
|leave|jacksoras
|join|jacksoras
|leave|jacksoras
|join|TheJFrenzy1
|leave|Draeden
|leave|TheJFrenzy1
|leave|Invok3r
|leave|Ox the Box
|leave|Blobbo
|leave|yrs
|leave|gyarad0site
|leave|Chillingtilnoon