|join|bsuuuu
|join|Aka DH
|player|p1|bsuuuu|43
|player|p2|Aka DH|68
|gametype|singles
|gen|6
|tier|OU
|rated
|clearpoke
|poke|p1|Metagross
|poke|p1|Talonflame, F
|poke|p1|Magneton
|poke|p1|Latias, F
|poke|p1|Mew
|poke|p1|Slowbro, M
|poke|p2|Bisharp, M
|poke|p2|Venusaur, F
|poke|p2|Heatran, M
|poke|p2|Keldeo
|poke|p2|Chansey, F
|poke|p2|Skarmory, F
|rule|Swagger Clause: Swagger is banned
|rule|Baton Pass Clause: Limit one Pokémon knowing Baton Pass
|rule|Sleep Clause Mod: Limit one foe put to sleep
|rule|Species Clause: Limit one of each Pokémon
|rule|OHKO Clause: OHKO moves are banned
|rule|Moody Clause: Moody is banned
|rule|Evasion Moves Clause: Evasion moves are banned
|rule|Endless Battle Clause: Forcing endless battles is banned
|rule|HP Percentage Mod: HP is shown in percentages
|teampreview
|join|Mistaken
|
|start
|switch|p1a: Mew|Mew|403\/403
|switch|p2a: Heatran|Heatran, M|340\/340
|-item|p2a: Heatran|Air Balloon
|turn|1
|
|move|p2a: Heatran|Toxic|p1a: Mew
|-status|p1a: Mew|tox
|move|p1a: Mew|Knock Off|p2a: Heatran
|-damage|p2a: Heatran|281\/340
|-enditem|p2a: Heatran|Air Balloon
|
|-damage|p1a: Mew|378\/403 tox|[from] psn
|turn|2
|
|move|p2a: Heatran|Stealth Rock|p1a: Mew
|-sidestart|p1: bsuuuu|move: Stealth Rock
|move|p1a: Mew|Heal Bell|p1a: Mew
|-cureteam|p1a: Mew|[from] move: HealBell
|
|-heal|p1a: Mew|403\/403|[from] item: Leftovers
|turn|3
|
|switch|p1a: Magneton|Magneton|241\/241
|-damage|p1a: Magneton|226\/241|[from] Stealth Rock
|move|p2a: Heatran|Toxic|p1a: Magneton
|-fail|p1a: Magneton
|
|turn|4
|
|move|p1a: Magneton|Volt Switch|p2a: Heatran
|-damage|p2a: Heatran|158\/340
|
|switch|p1a: Slowbro|Slowbro, M|393\/393
|-damage|p1a: Slowbro|344\/393|[from] Stealth Rock
|move|p2a: Heatran|Toxic|p1a: Slowbro
|-status|p1a: Slowbro|tox
|
|-heal|p1a: Slowbro|368\/393 tox|[from] item: Leftovers
|-damage|p1a: Slowbro|344\/393 tox|[from] psn
|turn|5
|
|switch|p2a: Bisharp|Bisharp, M|334\/334
|move|p1a: Slowbro|Scald|p2a: Bisharp
|-damage|p2a: Bisharp|196\/334
|
|-heal|p2a: Bisharp|216\/334|[from] item: Leftovers
|-heal|p1a: Slowbro|368\/393 tox|[from] item: Leftovers
|-damage|p1a: Slowbro|320\/393 tox|[from] psn
|turn|6
|
|move|p2a: Bisharp|Knock Off|p1a: Slowbro
|-supereffective|p1a: Slowbro
|-damage|p1a: Slowbro|56\/393 tox
|-enditem|p1a: Slowbro|Leftovers|[from] move: Knock Off|[of] p2a: Bisharp
|move|p1a: Slowbro|Scald|p2a: Bisharp
|-damage|p2a: Bisharp|81\/334
|
|-heal|p2a: Bisharp|101\/334|[from] item: Leftovers
|-damage|p1a: Slowbro|0 fnt|[from] psn
|faint|p1a: Slowbro
|
|switch|p1a: Magneton|Magneton|226\/241
|-damage|p1a: Magneton|211\/241|[from] Stealth Rock
|turn|7
|
|move|p2a: Bisharp|Sucker Punch|p1a: Magneton
|-damage|p1a: Magneton|55\/241
|move|p1a: Magneton|Volt Switch|p2a: Bisharp
|-damage|p2a: Bisharp|0 fnt
|faint|p2a: Bisharp
|join|Spyaire
|
|switch|p1a: Mew|Mew|403\/403
|-damage|p1a: Mew|353\/403|[from] Stealth Rock
|
|-heal|p1a: Mew|378\/403|[from] item: Leftovers
|c|★bsuuuu|ugh misclick
|
|switch|p2a: Heatran|Heatran, M|158\/340
|turn|8
|
|move|p2a: Heatran|Fire Blast|p1a: Mew
|-damage|p1a: Mew|236\/403
|move|p1a: Mew|Knock Off|p2a: Heatran
|-damage|p2a: Heatran|118\/340
|
|-heal|p1a: Mew|261\/403|[from] item: Leftovers
|turn|9
|
|move|p2a: Heatran|Taunt|p1a: Mew
|-start|p1a: Mew|move: Taunt
|cant|p1a: Mew|move: Taunt|Soft-Boiled
|
|-heal|p1a: Mew|286\/403|[from] item: Leftovers
|turn|10
|
|switch|p1a: Latias|Latias, F|305\/305
|-damage|p1a: Latias|267\/305|[from] Stealth Rock
|move|p2a: Heatran|Toxic|p1a: Latias|[miss]
|-miss|p2a: Heatran|p1a: Latias
|
|turn|11
|
|move|p1a: Latias|Defog|p2a: Heatran
|-unboost|p2a: Heatran|evasion|1
|-sideend|p1: bsuuuu|Stealth Rock|[from] move: Defog|[of] p1a: Latias
|move|p2a: Heatran|Toxic|p1a: Latias
|-status|p1a: Latias|tox
|
|-damage|p1a: Latias|248\/305 tox|[from] psn
|turn|12
|
|switch|p2a: Chansey|Chansey, F|684\/684
|move|p1a: Latias|Hidden Power|p2a: Chansey
|-supereffective|p2a: Chansey
|-damage|p2a: Chansey|577\/684
|-damage|p1a: Latias|218\/305 tox|[from] item: Life Orb
|
|-damage|p1a: Latias|180\/305 tox|[from] psn
|turn|13
|
|switch|p1a: Metagross|Metagross|302\/302
|switch|p2a: Heatran|Heatran, M|118\/340
|
|turn|14
|join|GunnerRohan2
|
|switch|p1a: Latias|Latias, F|180\/305 tox
|move|p2a: Heatran|Fire Blast|p1a: Latias
|-resisted|p1a: Latias
|-damage|p1a: Latias|109\/305 tox
|
|-damage|p1a: Latias|90\/305 tox|[from] psn
|turn|15
|leave|GunnerRohan2
|
|switch|p1a: Metagross|Metagross|302\/302
|move|p2a: Heatran|Stealth Rock|p1a: Metagross
|-sidestart|p1: bsuuuu|move: Stealth Rock
|
|turn|16
|
|switch|p1a: Mew|Mew|286\/403
|-damage|p1a: Mew|236\/403|[from] Stealth Rock
|move|p2a: Heatran|Fire Blast|p1a: Mew
|-crit|p1a: Mew
|-damage|p1a: Mew|40\/403
|-status|p1a: Mew|brn
|
|-heal|p1a: Mew|65\/403 brn|[from] item: Leftovers
|-damage|p1a: Mew|15\/403 brn|[from] brn
|turn|17
|c|★bsuuuu|yup
|leave|bsuuuu
|player|p1
|-message|bsuuuu lost due to inactivity.
|
|win|Aka DH
|raw|Ladder updating...
|raw|bsuuuu's rating: 1737 &rarr; <strong>1716<\/strong><br \/>(-21 for losing)
|raw|Aka DH's rating: 1710 &rarr; <strong>1732<\/strong><br \/>(+22 for winning)