|join|Aka DH
|join|Sharpteeth
|player|p1|Aka DH|1
|player|p2|Sharpteeth|1
|gametype|singles
|gen|6
|tier|OU
|rated
|clearpoke
|poke|p1|Bisharp, F
|poke|p1|Venusaur, M
|poke|p1|Heatran, M
|poke|p1|Keldeo
|poke|p1|Chansey, F
|poke|p1|Skarmory, M
|poke|p2|Weavile, M
|poke|p2|Diancie
|poke|p2|Skarmory, F
|poke|p2|Latias, F
|poke|p2|Magnezone
|poke|p2|Garchomp, F
|rule|Swagger Clause: Swagger is banned
|rule|Baton Pass Clause: Limit one Pokémon knowing Baton Pass
|rule|Sleep Clause Mod: Limit one foe put to sleep
|rule|Species Clause: Limit one of each Pokémon
|rule|OHKO Clause: OHKO moves are banned
|rule|Moody Clause: Moody is banned
|rule|Evasion Moves Clause: Evasion moves are banned
|rule|Endless Battle Clause: Forcing endless battles is banned
|rule|HP Percentage Mod: HP is shown in percentages
|teampreview
|c|★Sharpteeth|gl
|
|start
|switch|p1a: Heatran|Heatran, M|340\/340
|switch|p2a: Rubber Duck|Latias, F|344\/344
|-item|p1a: Heatran|Air Balloon
|turn|1
|join|i came from leddit
|c|★Aka DH|no spikes
|
|move|p2a: Rubber Duck|Psyshock|p1a: Heatran
|-resisted|p1a: Heatran
|-damage|p1a: Heatran|299\/340
|-enditem|p1a: Heatran|Air Balloon
|move|p1a: Heatran|Toxic|p2a: Rubber Duck
|-status|p2a: Rubber Duck|tox
|
|-damage|p2a: Rubber Duck|323\/344 tox|[from] psn
|turn|2
|c| i came from leddit|pls
|join|Rawk Hawk
|
|switch|p2a: Hot Stove|Garchomp, F|420\/420
|switch|p1a: Chansey|Chansey, F|684\/684
|
|turn|3
|
|move|p2a: Hot Stove|Stealth Rock|p1a: Chansey
|-sidestart|p1: Aka DH|move: Stealth Rock
|move|p1a: Chansey|Seismic Toss|p2a: Hot Stove
|-damage|p2a: Hot Stove|320\/420
|-damage|p1a: Chansey|599\/684|[from] ability: Rough Skin|[of] p2a: Hot Stove
|-damage|p1a: Chansey|485\/684|[from] item: Rocky Helmet|[of] p2a: Hot Stove
|
|turn|4
|
|switch|p2a: Panic Button|Skarmory, F|334\/334
|move|p1a: Chansey|Soft-Boiled|p1a: Chansey
|-heal|p1a: Chansey|684\/684
|
|turn|5
|
|switch|p1a: Heatran|Heatran, M|299\/340
|-damage|p1a: Heatran|257\/340|[from] Stealth Rock
|move|p2a: Panic Button|Spikes|p1a: Heatran
|-sidestart|p1: Aka DH|Spikes
|
|turn|6
|
|move|p1a: Heatran|Stealth Rock|p2a: Panic Button
|-sidestart|p2: Sharpteeth|move: Stealth Rock
|move|p2a: Panic Button|Spikes|p1a: Heatran
|-sidestart|p1: Aka DH|Spikes
|
|turn|7
|
|move|p1a: Heatran|Taunt|p2a: Panic Button
|-start|p2a: Panic Button|move: Taunt
|cant|p2a: Panic Button|move: Taunt|Spikes
|
|turn|8
|
|switch|p2a: Rubber Duck|Latias, F|323\/344 tox
|-damage|p2a: Rubber Duck|280\/344 tox|[from] Stealth Rock
|move|p1a: Heatran|Fire Blast|p2a: Rubber Duck
|-resisted|p2a: Rubber Duck
|-damage|p2a: Rubber Duck|214\/344 tox
|
|-heal|p2a: Rubber Duck|235\/344 tox|[from] item: Leftovers
|-damage|p2a: Rubber Duck|214\/344 tox|[from] psn
|turn|9
|
|move|p2a: Rubber Duck|Draco Meteor|p1a: Heatran
|-crit|p1a: Heatran
|-resisted|p1a: Heatran
|-damage|p1a: Heatran|134\/340
|-unboost|p2a: Rubber Duck|spa|2
|move|p1a: Heatran|Fire Blast|p2a: Rubber Duck
|-resisted|p2a: Rubber Duck
|-damage|p2a: Rubber Duck|145\/344 tox
|
|-heal|p2a: Rubber Duck|166\/344 tox|[from] item: Leftovers
|-damage|p2a: Rubber Duck|124\/344 tox|[from] psn
|turn|10
|
|switch|p2a: Hot Stove|Garchomp, F|320\/420
|-damage|p2a: Hot Stove|294\/420|[from] Stealth Rock
|move|p1a: Heatran|Fire Blast|p2a: Hot Stove
|-resisted|p2a: Hot Stove
|-damage|p2a: Hot Stove|184\/420
|
|turn|11
|
|move|p1a: Heatran|Fire Blast|p2a: Hot Stove
|-resisted|p2a: Hot Stove
|-damage|p2a: Hot Stove|86\/420
|move|p2a: Hot Stove|Earthquake|p1a: Heatran
|-supereffective|p1a: Heatran
|-damage|p1a: Heatran|0 fnt
|faint|p1a: Heatran
|
|
|switch|p1a: Keldeo|Keldeo|323\/323
|-damage|p1a: Keldeo|303\/323|[from] Stealth Rock
|-damage|p1a: Keldeo|250\/323|[from] Spikes
|turn|12
|
|move|p1a: Keldeo|Scald|p2a: Hot Stove
|-damage|p2a: Hot Stove|0 fnt
|faint|p2a: Hot Stove
|
|-heal|p1a: Keldeo|270\/323|[from] item: Leftovers
|
|switch|p2a: Rubber Duck|Latias, F|124\/344 tox
|-damage|p2a: Rubber Duck|81\/344 tox|[from] Stealth Rock
|turn|13
|
|switch|p1a: Bisharp|Bisharp, F|334\/334
|-damage|p1a: Bisharp|279\/334|[from] Spikes
|-damage|p1a: Bisharp|259\/334|[from] Stealth Rock
|move|p2a: Rubber Duck|Psyshock|p1a: Bisharp
|-immune|p1a: Bisharp|[msg]
|
|-heal|p2a: Rubber Duck|102\/344 tox|[from] item: Leftovers
|-heal|p1a: Bisharp|279\/334|[from] item: Leftovers
|-damage|p2a: Rubber Duck|81\/344 tox|[from] psn
|turn|14
|join|nkjnjnkjnkjnjnjk
|
|move|p2a: Rubber Duck|Draco Meteor|p1a: Bisharp
|-resisted|p1a: Bisharp
|-damage|p1a: Bisharp|163\/334
|-unboost|p2a: Rubber Duck|spa|2
|move|p1a: Bisharp|Swords Dance|p1a: Bisharp
|-boost|p1a: Bisharp|atk|2
|
|-heal|p2a: Rubber Duck|102\/344 tox|[from] item: Leftovers
|-heal|p1a: Bisharp|183\/334|[from] item: Leftovers
|-damage|p2a: Rubber Duck|60\/344 tox|[from] psn
|turn|15
|
|move|p1a: Bisharp|Sucker Punch|p2a: Rubber Duck
|-supereffective|p2a: Rubber Duck
|-damage|p2a: Rubber Duck|0 fnt
|faint|p2a: Rubber Duck
|
|-heal|p1a: Bisharp|203\/334|[from] item: Leftovers
|
|switch|p2a: Garden Gnome|Diancie|241\/241
|-damage|p2a: Garden Gnome|211\/241|[from] Stealth Rock
|turn|16
|
|detailschange|p2a: Garden Gnome|Diancie-Mega
|-mega|p2a: Garden Gnome|Diancie|Diancite
|move|p2a: Garden Gnome|Protect|p2a: Garden Gnome
|-singleturn|p2a: Garden Gnome|Protect
|move|p1a: Bisharp|Iron Head|p2a: Garden Gnome
|-activate|p2a: Garden Gnome|Protect
|
|-heal|p1a: Bisharp|223\/334|[from] item: Leftovers
|turn|17
|
|move|p1a: Bisharp|Sucker Punch|p2a: Garden Gnome
|-resisted|p2a: Garden Gnome
|-damage|p2a: Garden Gnome|64\/241
|move|p2a: Garden Gnome|Moonblast|p1a: Bisharp
|-damage|p1a: Bisharp|0 fnt
|faint|p1a: Bisharp
|
|
|switch|p1a: Chansey|Chansey, F|684\/684
|-damage|p1a: Chansey|599\/684|[from] Stealth Rock
|-damage|p1a: Chansey|485\/684|[from] Spikes
|turn|18
|
|switch|p2a: Broom Head|Weavile, M|282\/282
|-damage|p2a: Broom Head|212\/282|[from] Stealth Rock
|-ability|p2a: Broom Head|Pressure
|move|p1a: Chansey|Soft-Boiled|p1a: Chansey
|-heal|p1a: Chansey|684\/684
|
|turn|19
|
|move|p2a: Broom Head|Knock Off|p1a: Chansey
|-damage|p1a: Chansey|398\/684
|-enditem|p1a: Chansey|Eviolite|[from] move: Knock Off|[of] p2a: Broom Head
|-damage|p2a: Broom Head|184\/282|[from] item: Life Orb
|move|p1a: Chansey|Thunder Wave|p2a: Broom Head
|-status|p2a: Broom Head|par
|
|turn|20
|
|move|p1a: Chansey|Soft-Boiled|p1a: Chansey
|-heal|p1a: Chansey|684\/684
|move|p2a: Broom Head|Ice Punch|p1a: Chansey
|-damage|p1a: Chansey|360\/684
|-damage|p2a: Broom Head|156\/282 par|[from] item: Life Orb
|
|turn|21
|
|switch|p2a: Panic Button|Skarmory, F|334\/334
|-damage|p2a: Panic Button|293\/334|[from] Stealth Rock
|move|p1a: Chansey|Soft-Boiled|p1a: Chansey
|-heal|p1a: Chansey|684\/684
|
|turn|22
|
|move|p2a: Panic Button|Spikes|p1a: Chansey
|-sidestart|p1: Aka DH|Spikes
|move|p1a: Chansey|Thunder Wave|p2a: Panic Button
|-status|p2a: Panic Button|par
|
|turn|23
|join|FunkyCrackudoCat
|
|move|p1a: Chansey|Seismic Toss|p2a: Panic Button
|-damage|p2a: Panic Button|193\/334 par
|-enditem|p2a: Panic Button|Red Card|[of] p1a: Chansey
|drag|p1a: Keldeo|Keldeo|270\/323
|-damage|p1a: Keldeo|250\/323|[from] Stealth Rock
|-damage|p1a: Keldeo|170\/323|[from] Spikes
|cant|p2a: Panic Button|par
|
|-heal|p1a: Keldeo|190\/323|[from] item: Leftovers
|turn|24
|
|move|p1a: Keldeo|Scald|p2a: Panic Button
|-damage|p2a: Panic Button|7\/334 par
|cant|p2a: Panic Button|par
|
|-heal|p1a: Keldeo|210\/323|[from] item: Leftovers
|turn|25
|
|move|p1a: Keldeo|Secret Sword|p2a: Panic Button
|-damage|p2a: Panic Button|0 fnt
|faint|p2a: Panic Button
|
|-heal|p1a: Keldeo|230\/323|[from] item: Leftovers
|
|switch|p2a: Garden Gnome|Diancie-Mega|64\/241
|-damage|p2a: Garden Gnome|34\/241|[from] Stealth Rock
|turn|26
|
|switch|p1a: Skarmory|Skarmory, M|334\/334
|-damage|p1a: Skarmory|293\/334|[from] Stealth Rock
|move|p2a: Garden Gnome|Moonblast|p1a: Skarmory
|-resisted|p1a: Skarmory
|-damage|p1a: Skarmory|182\/334
|-unboost|p1a: Skarmory|spa|1
|
|turn|27
|
|move|p2a: Garden Gnome|Moonblast|p1a: Skarmory
|-resisted|p1a: Skarmory
|-damage|p1a: Skarmory|77\/334
|move|p1a: Skarmory|Spikes|p2a: Garden Gnome
|move|p2a: Garden Gnome|Spikes|p1a: Skarmory|[from]Magic Bounce
|-fail|p1a: Skarmory
|
|turn|28
|
|move|p2a: Garden Gnome|Moonblast|p1a: Skarmory
|-resisted|p1a: Skarmory
|-damage|p1a: Skarmory|0 fnt
|faint|p1a: Skarmory
|
|
|switch|p1a: Chansey|Chansey, F|684\/684
|-damage|p1a: Chansey|513\/684|[from] Spikes
|-damage|p1a: Chansey|428\/684|[from] Stealth Rock
|turn|29
|
|switch|p2a: Broom Head|Weavile, M|156\/282 par
|-damage|p2a: Broom Head|86\/282 par|[from] Stealth Rock
|-ability|p2a: Broom Head|Pressure
|move|p1a: Chansey|Seismic Toss|p2a: Broom Head
|-damage|p2a: Broom Head|0 fnt
|faint|p2a: Broom Head
|
|
|switch|p2a: Tinfoil Hat|Magnezone|319\/319
|-damage|p2a: Tinfoil Hat|300\/319|[from] Stealth Rock
|turn|30
|
|move|p2a: Tinfoil Hat|Flash Cannon|p1a: Chansey
|-damage|p1a: Chansey|238\/684
|move|p1a: Chansey|Soft-Boiled|p1a: Chansey
|-heal|p1a: Chansey|580\/684
|
|turn|31
|join|JayBayy
|
|move|p2a: Tinfoil Hat|Flash Cannon|p1a: Chansey
|-crit|p1a: Chansey
|-damage|p1a: Chansey|283\/684
|move|p1a: Chansey|Seismic Toss|p2a: Tinfoil Hat
|-damage|p2a: Tinfoil Hat|200\/319
|
|turn|32
|
|move|p2a: Tinfoil Hat|Flash Cannon|p1a: Chansey
|-damage|p1a: Chansey|72\/684
|move|p1a: Chansey|Soft-Boiled|p1a: Chansey
|-heal|p1a: Chansey|414\/684
|
|turn|33
|
|move|p2a: Tinfoil Hat|Flash Cannon|p1a: Chansey
|-damage|p1a: Chansey|201\/684
|move|p1a: Chansey|Soft-Boiled|p1a: Chansey
|-heal|p1a: Chansey|543\/684
|
|turn|34
|
|move|p2a: Tinfoil Hat|Flash Cannon|p1a: Chansey
|-damage|p1a: Chansey|318\/684
|move|p1a: Chansey|Seismic Toss|p2a: Tinfoil Hat
|-damage|p2a: Tinfoil Hat|100\/319
|
|turn|35
|
|move|p2a: Tinfoil Hat|Flash Cannon|p1a: Chansey
|-damage|p1a: Chansey|120\/684
|move|p1a: Chansey|Soft-Boiled|p1a: Chansey
|-heal|p1a: Chansey|462\/684
|
|turn|36
|
|move|p2a: Tinfoil Hat|Flash Cannon|p1a: Chansey
|-damage|p1a: Chansey|249\/684
|move|p1a: Chansey|Soft-Boiled|p1a: Chansey
|-heal|p1a: Chansey|591\/684
|
|turn|37
|
|move|p2a: Tinfoil Hat|Flash Cannon|p1a: Chansey
|-damage|p1a: Chansey|374\/684
|-unboost|p1a: Chansey|spd|1
|move|p1a: Chansey|Seismic Toss|p2a: Tinfoil Hat
|-damage|p2a: Tinfoil Hat|0 fnt
|faint|p2a: Tinfoil Hat
|
|
|switch|p2a: Garden Gnome|Diancie-Mega|34\/241
|-damage|p2a: Garden Gnome|4\/241|[from] Stealth Rock
|turn|38
|c|★Aka DH|gg
|
|move|p2a: Garden Gnome|Diamond Storm|p1a: Chansey
|-crit|p1a: Chansey
|-damage|p1a: Chansey|0 fnt
|faint|p1a: Chansey
|
|
|switch|p1a: Venusaur|Venusaur, M|364\/364
|-damage|p1a: Venusaur|319\/364|[from] Stealth Rock
|-damage|p1a: Venusaur|228\/364|[from] Spikes
|turn|39
|c|★Sharpteeth|gg
|
|detailschange|p1a: Venusaur|Venusaur-Mega, M
|-mega|p1a: Venusaur|Venusaur|Venusaurite
|move|p2a: Garden Gnome|Diamond Storm|p1a: Venusaur
|-damage|p1a: Venusaur|126\/364
|-boost|p2a: Garden Gnome|def|1
|move|p1a: Venusaur|Giga Drain|p2a: Garden Gnome
|-supereffective|p2a: Garden Gnome
|-damage|p2a: Garden Gnome|0 fnt
|-heal|p1a: Venusaur|128\/364|[from] drain|[of] p2a: Garden Gnome
|faint|p2a: Garden Gnome
|
|win|Aka DH
|raw|Ladder updating...
|raw|Aka DH's rating: 1696 &rarr; <strong>1720<\/strong><br \/>(+24 for winning)
|raw|Sharpteeth's rating: 1764 &rarr; <strong>1740<\/strong><br \/>(-24 for losing)
|leave|FunkyCrackudoCat
|leave|nkjnjnkjnkjnjnjk