|join|Roi Pika
|join|Aka DH
|join|beppityboopbop
|join|Aka Lusty
|leave|beppityboopbop
|join|Rooo
|join|pokemanMastur
|join|once in a while
|c|★Roi Pika|gl hf
|join|trillyntruly
|c| Aka Lusty|amazing rank roi pika!
|player|p1|Roi Pika|290
|player|p2|Aka DH|68
|gametype|singles
|gen|6
|tier|OU
|clearpoke
|poke|p1|Metagross, shiny
|poke|p1|Gothitelle, M
|poke|p1|Kyurem-Black, shiny
|poke|p1|Landorus-Therian, M, shiny
|poke|p1|Mandibuzz, F
|poke|p1|Rotom-Wash, shiny
|poke|p2|Bisharp, F
|poke|p2|Venusaur, M
|poke|p2|Heatran, F
|poke|p2|Keldeo
|poke|p2|Chansey, F
|poke|p2|Skarmory, M
|rule|Swagger Clause: Swagger is banned
|rule|Baton Pass Clause: Limit one Pokémon knowing Baton Pass
|rule|Sleep Clause Mod: Limit one foe put to sleep
|rule|Species Clause: Limit one of each Pokémon
|rule|OHKO Clause: OHKO moves are banned
|rule|Moody Clause: Moody is banned
|rule|Evasion Moves Clause: Evasion moves are banned
|rule|Endless Battle Clause: Forcing endless battles is banned
|rule|HP Percentage Mod: HP is shown in percentages
|teampreview
|join|Aka TRICE
|join|Aka Cleaner
|join|nhlfan
|c| Aka Lusty|nice 352-315
|leave|nhlfan
|c| Aka Lusty|good player alert
|c| Aka TRICE|LOL NICE CT
|join|Hashtag Hungry♥
|join|Fairy Peak
|join|SnakeKratos
|c| trillyntruly|goth bout to put in werk
|c| Aka Cleaner|the aka league is about to score another win
|join|Villager B
|join|Resuscitated Hope
|c| Aka Lusty|clan we out hele
|join|uranito992
|join|Darkher
|leave|Rooo
|
|start
|switch|p1a: Rotom-Wash|Rotom-Wash, shiny|304\/304
|switch|p2a: Heatran|Heatran, F|340\/340
|-item|p2a: Heatran|Air Balloon
|turn|1
|join|GunnerRohan2
|join|34234a
|
|move|p2a: Heatran|Toxic|p1a: Rotom-Wash
|-status|p1a: Rotom-Wash|tox
|move|p1a: Rotom-Wash|Volt Switch|p2a: Heatran
|-damage|p2a: Heatran|252\/340
|-enditem|p2a: Heatran|Air Balloon
|c| trillyntruly|showdown has clans?
|c| trillyntruly|dam
|c| Aka Cleaner|were the only 1
|c| Aka TRICE|but u cant join
|c| Aka TRICE|sorry
|c| Aka Cleaner|and the best
|join|RayDalio
|
|switch|p1a: Kyurem-Black|Kyurem-Black, shiny|405\/405
|-ability|p1a: Kyurem-Black|Teravolt
|
|turn|2
|c| trillyntruly|i nevr asked lol
|c| Aka Lusty|ok then fuck off
|c| Aka TRICE|yea
|c| Aka Lusty|__**NERD**__
|c| trillyntruly|hahahha
|c| Aka TRICE|ur not worthy enough
|c| Aka TRICE|v
|c| Aka TRICE|★Aka DH: LOL
|join|Mistaken
|
|switch|p2a: Chansey|Chansey, F|684\/684
|move|p1a: Kyurem-Black|Substitute|p1a: Kyurem-Black
|-start|p1a: Kyurem-Black|Substitute
|-damage|p1a: Kyurem-Black|304\/405
|
|-heal|p1a: Kyurem-Black|329\/405|[from] item: Leftovers
|turn|3
|
|switch|p1a: Gothitelle|Gothitelle, M|290\/290
|move|p2a: Chansey|Seismic Toss|p1a: Gothitelle
|-damage|p1a: Gothitelle|190\/290
|
|turn|4
|c| Aka TRICE|>34
|c| Villager B|oh dear
|c| Aka TRICE|great set
|c| Aka Lusty|nice hp nerd
|c| trillyntruly|oh bother
|c| Aka Lusty|>oh bother
|c| Aka Cleaner|dont try to setup, he has a bisharp...
|
|move|p1a: Gothitelle|Trick|p2a: Chansey
|-activate|p1a: Gothitelle|move: Trick|[of] p2a: Chansey
|-item|p2a: Chansey|Choice Specs|[from] move: Trick
|-item|p1a: Gothitelle|Eviolite|[from] move: Trick
|move|p2a: Chansey|Seismic Toss|p1a: Gothitelle
|-damage|p1a: Gothitelle|90\/290
|
|turn|5
|c| Aka Lusty|amazing trick!
|c| Aka Cleaner|amazing evs nerd
|c| Aka Cleaner|...
|
|move|p1a: Gothitelle|Psyshock|p2a: Chansey
|-damage|p2a: Chansey|450\/684
|move|p2a: Chansey|Seismic Toss|p1a: Gothitelle
|-damage|p1a: Gothitelle|0 fnt
|faint|p1a: Gothitelle
|
|join|WECAMEASROMANS
|
|switch|p1a: Metagross|Metagross, shiny|301\/301
|turn|6
|join|thomas9779
|c| Aka Lusty|WECAMEASWOMANS
|c| Villager B|that's not a rest goth?
|leave|thomas9779
|
|switch|p2a: Skarmory|Skarmory, M|334\/334
|detailschange|p1a: Metagross|Metagross-Mega, shiny
|-mega|p1a: Metagross|Metagross|Metagrossite
|move|p1a: Metagross|Meteor Mash|p2a: Skarmory
|-resisted|p2a: Skarmory
|-damage|p2a: Skarmory|265\/334
|-damage|p1a: Metagross|251\/301|[from] item: Rocky Helmet|[of] p2a: Skarmory
|
|turn|7
|c| Aka Cleaner|hurry up aka dh, we need to ladder
|c| trillyntruly|i woulda saved goth
|c| Aka Lusty|ok
|leave|WECAMEASROMANS
|leave|uranito992
|c| Aka Lusty|amazing rank trillyntruly
|
|switch|p1a: Rotom-Wash|Rotom-Wash, shiny|304\/304 tox
|move|p2a: Skarmory|Roost|p2a: Skarmory
|-heal|p2a: Skarmory|334\/334
|
|-damage|p1a: Rotom-Wash|285\/304 tox|[from] psn
|turn|8
|c| Aka Cleaner|bloody
|c| Aka Cleaner|do you play po too
|c| trillyntruly|i don't really ladder, plus i have like a million alts
|c| trillyntruly|but thanks for the condescension bruv :]
|c| Aka Lusty|ok
|leave|Resuscitated Hope
|c| Aka Lusty|babbys first excuse
|
|switch|p2a: Chansey|Chansey, F|450\/684
|move|p1a: Rotom-Wash|Will-O-Wisp|p2a: Chansey
|-status|p2a: Chansey|brn
|
|-heal|p1a: Rotom-Wash|304\/304 tox|[from] item: Leftovers
|-damage|p1a: Rotom-Wash|266\/304 tox|[from] psn
|-damage|p2a: Chansey|365\/684 brn|[from] brn
|turn|9
|leave|pokemanMastur
|
|move|p1a: Rotom-Wash|Volt Switch|p2a: Chansey
|-damage|p2a: Chansey|295\/684 brn
|c| trillyntruly|i've literally played 61 matches on this alt since greninja ban
|c| Aka TRICE|nice
|join|Rooo
|
|switch|p1a: Landorus-Therian|Landorus-Therian, M, shiny|381\/381
|-ability|p1a: Landorus-Therian|Intimidate|[of] p2a: Chansey
|-unboost|p2a: Chansey|atk|1
|move|p2a: Chansey|Seismic Toss|p1a: Landorus-Therian
|-damage|p1a: Landorus-Therian|281\/381
|
|-heal|p1a: Landorus-Therian|304\/381|[from] item: Leftovers
|-damage|p2a: Chansey|210\/684 brn|[from] brn
|turn|10
|c| Aka Lusty|you must be rly good haha
|c| Aka Lusty|xDD
|
|switch|p2a: Skarmory|Skarmory, M|334\/334
|move|p1a: Landorus-Therian|Stealth Rock|p2a: Skarmory
|-sidestart|p2: Aka DH|move: Stealth Rock
|
|-heal|p1a: Landorus-Therian|327\/381|[from] item: Leftovers
|turn|11
|
|move|p1a: Landorus-Therian|U-turn|p2a: Skarmory
|-resisted|p2a: Skarmory
|-damage|p2a: Skarmory|321\/334
|-damage|p1a: Landorus-Therian|264\/381|[from] item: Rocky Helmet|[of] p2a: Skarmory
|
|switch|p1a: Rotom-Wash|Rotom-Wash, shiny|266\/304 tox
|move|p2a: Skarmory|Spikes|p1a: Rotom-Wash
|-sidestart|p1: Roi Pika|Spikes
|
|-heal|p1a: Rotom-Wash|285\/304 tox|[from] item: Leftovers
|-damage|p1a: Rotom-Wash|266\/304 tox|[from] psn
|turn|12
|
|switch|p2a: Chansey|Chansey, F|210\/684
|-damage|p2a: Chansey|125\/684|[from] Stealth Rock
|move|p1a: Rotom-Wash|Volt Switch|p2a: Chansey
|-damage|p2a: Chansey|50\/684
|c| Aka Cleaner|voltturn...
|c| Aka Lusty|xd
|
|switch|p1a: Landorus-Therian|Landorus-Therian, M, shiny|264\/381
|-ability|p1a: Landorus-Therian|Intimidate|[of] p2a: Chansey
|-unboost|p2a: Chansey|atk|1
|
|-heal|p1a: Landorus-Therian|287\/381|[from] item: Leftovers
|turn|13
|leave|Villager B
|
|move|p1a: Landorus-Therian|U-turn|p2a: Chansey
|-damage|p2a: Chansey|0 fnt
|faint|p2a: Chansey
|
|switch|p1a: Rotom-Wash|Rotom-Wash, shiny|266\/304 tox
|
|-heal|p1a: Rotom-Wash|285\/304 tox|[from] item: Leftovers
|-damage|p1a: Rotom-Wash|266\/304 tox|[from] psn
|
|switch|p2a: Venusaur|Venusaur, M|364\/364
|-damage|p2a: Venusaur|319\/364|[from] Stealth Rock
|turn|14
|c| Aka TRICE|bloody please win
|
|switch|p1a: Metagross|Metagross-Mega, shiny|251\/301
|-damage|p1a: Metagross|214\/301|[from] Spikes
|detailschange|p2a: Venusaur|Venusaur-Mega, M
|-mega|p2a: Venusaur|Venusaur|Venusaurite
|move|p2a: Venusaur|Giga Drain|p1a: Metagross
|-resisted|p1a: Metagross
|-damage|p1a: Metagross|170\/301
|-heal|p2a: Venusaur|341\/364|[from] drain|[of] p1a: Metagross
|
|turn|15
|c| Fairy Peak|Bad match up
|
|switch|p1a: Rotom-Wash|Rotom-Wash, shiny|266\/304 tox
|switch|p2a: Skarmory|Skarmory, M|321\/334
|-damage|p2a: Skarmory|280\/334|[from] Stealth Rock
|
|-heal|p1a: Rotom-Wash|285\/304 tox|[from] item: Leftovers
|-damage|p1a: Rotom-Wash|266\/304 tox|[from] psn
|turn|16
|
|switch|p2a: Heatran|Heatran, F|252\/340
|-damage|p2a: Heatran|210\/340|[from] Stealth Rock
|move|p1a: Rotom-Wash|Volt Switch|p2a: Heatran
|-damage|p2a: Heatran|123\/340
|join|Kimmys
|join|DeepFreezeIV
|
|switch|p1a: Kyurem-Black|Kyurem-Black, shiny|329\/405
|-damage|p1a: Kyurem-Black|279\/405|[from] Spikes
|-ability|p1a: Kyurem-Black|Teravolt
|
|-heal|p1a: Kyurem-Black|304\/405|[from] item: Leftovers
|turn|17
|
|move|p2a: Heatran|Fire Blast|p1a: Kyurem-Black
|-damage|p1a: Kyurem-Black|121\/405
|move|p1a: Kyurem-Black|Substitute|p1a: Kyurem-Black
|-start|p1a: Kyurem-Black|Substitute
|-damage|p1a: Kyurem-Black|20\/405
|
|-heal|p1a: Kyurem-Black|45\/405|[from] item: Leftovers
|turn|18
|c| Aka Lusty|amazing play roi pika!
|
|move|p2a: Heatran|Fire Blast|p1a: Kyurem-Black
|-end|p1a: Kyurem-Black|Substitute
|move|p1a: Kyurem-Black|Earth Power|p2a: Heatran
|-supereffective|p2a: Heatran
|-damage|p2a: Heatran|0 fnt
|faint|p2a: Heatran
|
|-heal|p1a: Kyurem-Black|70\/405|[from] item: Leftovers
|c| DeepFreezeIV|darada
|
|switch|p2a: Keldeo|Keldeo|323\/323
|-damage|p2a: Keldeo|303\/323|[from] Stealth Rock
|turn|19
|c| DeepFreezeIV|plup
|
|move|p2a: Keldeo|Secret Sword|p1a: Kyurem-Black
|-supereffective|p1a: Kyurem-Black
|-damage|p1a: Kyurem-Black|0 fnt
|faint|p1a: Kyurem-Black
|
|-heal|p2a: Keldeo|323\/323|[from] item: Leftovers
|
|switch|p1a: Rotom-Wash|Rotom-Wash, shiny|266\/304 tox
|turn|20
|
|switch|p2a: Venusaur|Venusaur-Mega, M|341\/364
|-damage|p2a: Venusaur|296\/364|[from] Stealth Rock
|move|p1a: Rotom-Wash|Volt Switch|p2a: Venusaur
|-resisted|p2a: Venusaur
|-damage|p2a: Venusaur|260\/364
|c| Aka TRICE|nice predition
|c| Aka TRICE|man...
|
|switch|p1a: Mandibuzz|Mandibuzz, F|423\/423
|
|turn|21
|
|move|p1a: Mandibuzz|Defog|p2a: Venusaur
|-unboost|p2a: Venusaur|evasion|1
|-sideend|p2: Aka DH|Stealth Rock|[from] move: Defog|[of] p2a: Venusaur
|-sideend|p1: Roi Pika|Spikes|[from] move: Defog|[of] p1a: Mandibuzz
|move|p2a: Venusaur|Leech Seed|p1a: Mandibuzz
|-start|p1a: Mandibuzz|move: Leech Seed
|
|-damage|p1a: Mandibuzz|371\/423|[from] Leech Seed|[of] p2a: Venusaur
|-heal|p2a: Venusaur|312\/364|[silent]
|turn|22
|c| DeepFreezeIV|*cough* taunt *cough*
|c| Aka TRICE|cough..
|c| DeepFreezeIV|cough
|c| Aka Lusty|ok
|join|adkjo
|
|switch|p1a: Metagross|Metagross-Mega, shiny|170\/301
|move|p2a: Venusaur|Giga Drain|p1a: Metagross
|-resisted|p1a: Metagross
|-damage|p1a: Metagross|120\/301
|-heal|p2a: Venusaur|337\/364|[from] drain|[of] p1a: Metagross
|
|turn|23
|c| DeepFreezeIV|cough
|c| DeepFreezeIV|dragon punch *cough*
|c| Aka Cleaner|aka is a premium league for quality player
|
|switch|p2a: Skarmory|Skarmory, M|280\/334
|move|p1a: Metagross|Zen Headbutt|p2a: Skarmory
|-resisted|p2a: Skarmory
|-damage|p2a: Skarmory|217\/334
|-damage|p1a: Metagross|70\/301|[from] item: Rocky Helmet|[of] p2a: Skarmory
|
|turn|24
|c| Aka Lusty|i.e. me
|
|switch|p1a: Mandibuzz|Mandibuzz, F|371\/423
|move|p2a: Skarmory|Roost|p2a: Skarmory
|-heal|p2a: Skarmory|334\/334
|
|turn|25
|c| Aka Cleaner|aka contains some of the most famous ladder heros of all time
|c| Aka Cleaner|like wish killer, lil manaphy, tele and many more
|c| Aka Lusty|who is cleaner?
|
|switch|p2a: Keldeo|Keldeo|323\/323
|move|p1a: Mandibuzz|Taunt|p2a: Keldeo
|-start|p2a: Keldeo|move: Taunt
|
|turn|26
|c| DeepFreezeIV|cleaner then rotom w aswell
|c| Aka Lusty|never heard of him
|c| DeepFreezeIV|lel
|
|switch|p1a: Rotom-Wash|Rotom-Wash, shiny|266\/304 tox
|move|p2a: Keldeo|Scald|p1a: Rotom-Wash
|-resisted|p1a: Rotom-Wash
|-damage|p1a: Rotom-Wash|216\/304 tox
|
|-heal|p1a: Rotom-Wash|235\/304 tox|[from] item: Leftovers
|-damage|p1a: Rotom-Wash|216\/304 tox|[from] psn
|turn|27
|c| Aka Lusty|sounds like a popyhead
|c| Aka TRICE|hey aka dh
|c| Aka TRICE|did you make that team
|c| Aka TRICE|by YOURSELF?
|c| Aka Cleaner|says the one who cant even type rusty
|c|★Aka DH|oFC
|
|move|p2a: Keldeo|Secret Sword|p1a: Rotom-Wash
|-damage|p1a: Rotom-Wash|81\/304 tox
|move|p1a: Rotom-Wash|Volt Switch|p2a: Keldeo
|-supereffective|p2a: Keldeo
|-damage|p2a: Keldeo|131\/323
|c| Aka Lusty|of fucking course
|c| Aka TRICE|rekt
|leave|adkjo
|c| Aka Lusty|...
|leave|DeepFreezeIV
|
|switch|p1a: Metagross|Metagross-Mega, shiny|70\/301
|
|-heal|p2a: Keldeo|151\/323|[from] item: Leftovers
|turn|28
|
|switch|p1a: Mandibuzz|Mandibuzz, F|371\/423
|switch|p2a: Skarmory|Skarmory, M|334\/334
|
|turn|29
|c| Aka TRICE|woah
|c| Aka TRICE|pre
|c| Aka TRICE|dic
|c| Aka TRICE|ted
|
|switch|p2a: Keldeo|Keldeo|151\/323
|move|p1a: Mandibuzz|Taunt|p2a: Keldeo
|-start|p2a: Keldeo|move: Taunt
|
|-heal|p2a: Keldeo|171\/323|[from] item: Leftovers
|turn|30
|c| Aka Lusty|hahaha nice play buddy xDdxdxd
|c| Aka Cleaner|ok
|c| Aka TRICE|xD.
|c| Aka Cleaner|my color is the closest to bloodys
|join|hidetzugu
|c| Aka Cleaner|gg
|join|Milliesucksdick69
|leave|Darkher
|
|switch|p1a: Landorus-Therian|Landorus-Therian, M, shiny|287\/381
|-ability|p1a: Landorus-Therian|Intimidate|[of] p2a: Keldeo
|-unboost|p2a: Keldeo|atk|1
|move|p2a: Keldeo|Scald|p1a: Landorus-Therian
|-crit|p1a: Landorus-Therian
|-supereffective|p1a: Landorus-Therian
|-damage|p1a: Landorus-Therian|0 fnt
|faint|p1a: Landorus-Therian
|
|-heal|p2a: Keldeo|191\/323|[from] item: Leftovers
|leave|hidetzugu
|
|switch|p1a: Metagross|Metagross-Mega, shiny|70\/301
|turn|31
|c| Aka TRICE|bloody
|c| Aka TRICE|whats your favorite colour
|join|Zenzo
|c| Aka Cleaner|zenzo
|c| Zenzo|hello bloody
|c| Aka Lusty|welcome zenzo
|c| Zenzo|i'm here to support
|c| Aka Cleaner|get your aka alt
|c| Aka Cleaner|now
|c| Aka TRICE|welcome zenzo
|c| Aka Cleaner|we have a league
|
|switch|p2a: Skarmory|Skarmory, M|334\/334
|move|p1a: Metagross|Zen Headbutt|p2a: Skarmory
|-resisted|p2a: Skarmory
|-damage|p2a: Skarmory|271\/334
|-damage|p1a: Metagross|20\/301|[from] item: Rocky Helmet|[of] p2a: Skarmory
|
|turn|32
|leave|SnakeKratos
|c| Aka TRICE|nice  butt
|c| Aka TRICE|XD
|c| Aka Cleaner|Aka Zenzo
|c| Aka Cleaner|where are you?
|
|switch|p1a: Rotom-Wash|Rotom-Wash, shiny|81\/304 tox
|move|p2a: Skarmory|Brave Bird|p1a: Rotom-Wash
|-resisted|p1a: Rotom-Wash
|-damage|p1a: Rotom-Wash|28\/304 tox
|-damage|p2a: Skarmory|254\/334|[from] recoil|[of] p1a: Rotom-Wash
|
|-heal|p1a: Rotom-Wash|47\/304 tox|[from] item: Leftovers
|-damage|p1a: Rotom-Wash|28\/304 tox|[from] psn
|turn|33
|c| Aka Zenzo|idk
|c| Aka Cleaner|only seeme nerd left
|c| Aka Cleaner|then the whole league
|c| Aka Cleaner|is here
|c| Aka Cleaner|ok all together now
|join|Diamanten Drache
|c| Aka Cleaner|go bloody!
|
|switch|p2a: Venusaur|Venusaur-Mega, M|337\/364
|move|p1a: Rotom-Wash|Pain Split|p2a: Venusaur
|-sethp|p2a: Venusaur|182\/364|p1a: Rotom-Wash|182\/304 tox|[from] move: Pain Split
|
|-heal|p1a: Rotom-Wash|201\/304 tox|[from] item: Leftovers
|-damage|p1a: Rotom-Wash|163\/304 tox|[from] psn
|turn|34
|c| Aka TRICE|go bloody!
|c| trillyntruly|rekt
|c| Aka TRICE|what there was rekt
|c| Aka TRICE|lol
|c| Aka Cleaner|Aka Cleaner: ok all together now
|c| Aka Cleaner|?
|
|switch|p1a: Mandibuzz|Mandibuzz, F|371\/423
|move|p2a: Venusaur|Giga Drain|p1a: Mandibuzz
|-resisted|p1a: Mandibuzz
|-damage|p1a: Mandibuzz|324\/423
|-heal|p2a: Venusaur|206\/364|[from] drain|[of] p1a: Mandibuzz
|
|turn|35
|c| Aka Lusty|go bloody!
|
|switch|p1a: Metagross|Metagross-Mega, shiny|20\/301
|switch|p2a: Keldeo|Keldeo|191\/323
|
|-heal|p2a: Keldeo|211\/323|[from] item: Leftovers
|turn|36
|c| Aka Zenzo|weak
|join|UrsaReign
|c| Aka Zenzo|**GO BLOOOOOOOOOOOOOOOOOOOOOOOOOOOOOOOOOOOOOOOOOOOOOOOOOOOOOOOOOOOOOOOOOOOOOOOOOOOOOOOOOOOOODY**
|
|switch|p1a: Rotom-Wash|Rotom-Wash, shiny|163\/304 tox
|switch|p2a: Skarmory|Skarmory, M|254\/334
|
|-heal|p1a: Rotom-Wash|182\/304 tox|[from] item: Leftovers
|-damage|p1a: Rotom-Wash|163\/304 tox|[from] psn
|turn|37
|c| Aka Cleaner|we need a name
|c| Hashtag Hungry♥|who is bloody?
|c| Aka Cleaner|for our squad
|c| Aka Cleaner|bloody squad
|c| Aka Cleaner|imo
|
|move|p1a: Rotom-Wash|Will-O-Wisp|p2a: Skarmory|[miss]
|-miss|p1a: Rotom-Wash|p2a: Skarmory
|move|p2a: Skarmory|Roost|p2a: Skarmory
|-heal|p2a: Skarmory|334\/334
|
|-heal|p1a: Rotom-Wash|182\/304 tox|[from] item: Leftovers
|-damage|p1a: Rotom-Wash|144\/304 tox|[from] psn
|turn|38
|c| Aka Lusty|didn't matter
|
|switch|p2a: Venusaur|Venusaur-Mega, M|206\/364
|move|p1a: Rotom-Wash|Pain Split|p2a: Venusaur
|-sethp|p2a: Venusaur|175\/364|p1a: Rotom-Wash|175\/304 tox|[from] move: Pain Split
|
|-heal|p1a: Rotom-Wash|194\/304 tox|[from] item: Leftovers
|-damage|p1a: Rotom-Wash|137\/304 tox|[from] psn
|turn|39
|c| Aka Cleaner|nice pain split
|c|★Roi Pika|:(
|join|Like me 2
|
|switch|p1a: Mandibuzz|Mandibuzz, F|324\/423
|move|p2a: Venusaur|Synthesis|p2a: Venusaur
|-heal|p2a: Venusaur|357\/364
|
|turn|40
|c|★Roi Pika|ce miss
|
|move|p1a: Mandibuzz|Taunt|p2a: Venusaur
|-start|p2a: Venusaur|move: Taunt
|cant|p2a: Venusaur|move: Taunt|Leech Seed
|
|turn|41
|
|switch|p1a: Metagross|Metagross-Mega, shiny|20\/301
|move|p2a: Venusaur|Giga Drain|p1a: Metagross
|-crit|p1a: Metagross
|-resisted|p1a: Metagross
|-damage|p1a: Metagross|0 fnt
|-heal|p2a: Venusaur|364\/364|[from] drain|[of] p1a: Metagross
|faint|p1a: Metagross
|
|join|nek kiff
|c|★Roi Pika|gg
|
|switch|p1a: Mandibuzz|Mandibuzz, F|324\/423
|turn|42
|leave|Diamanten Drache
|c|★Aka DH|gg
|c| Aka Lusty|rip
|c| Aka Cleaner|gg
|
|switch|p1a: Rotom-Wash|Rotom-Wash, shiny|137\/304 tox
|move|p2a: Venusaur|Giga Drain|p1a: Rotom-Wash
|-supereffective|p1a: Rotom-Wash
|-damage|p1a: Rotom-Wash|0 fnt
|faint|p1a: Rotom-Wash
|
|-end|p2a: Venusaur|move: Taunt
|
|switch|p1a: Mandibuzz|Mandibuzz, F|324\/423
|turn|43
|leave|trillyntruly
|c| Fairy Peak|Reveal brave bird
|c| Fairy Peak|y\/n
|
|switch|p2a: Keldeo|Keldeo|211\/323
|move|p1a: Mandibuzz|Foul Play|p2a: Keldeo
|-resisted|p2a: Keldeo
|-damage|p2a: Keldeo|178\/323
|-boost|p2a: Keldeo|atk|1|[from] ability: Justified
|
|-heal|p2a: Keldeo|198\/323|[from] item: Leftovers
|turn|44
|leave|Aka TRICE
|
|move|p2a: Keldeo|Substitute|p2a: Keldeo
|-start|p2a: Keldeo|Substitute
|-damage|p2a: Keldeo|118\/323
|move|p1a: Mandibuzz|Foul Play|p2a: Keldeo
|-resisted|p2a: Keldeo
|-activate|p2a: Keldeo|Substitute|[damage]
|
|-heal|p2a: Keldeo|138\/323|[from] item: Leftovers
|turn|45
|
|move|p2a: Keldeo|Calm Mind|p2a: Keldeo
|-boost|p2a: Keldeo|spa|1
|-boost|p2a: Keldeo|spd|1
|move|p1a: Mandibuzz|Roost|p1a: Mandibuzz
|-heal|p1a: Mandibuzz|423\/423
|
|-heal|p2a: Keldeo|158\/323|[from] item: Leftovers
|turn|46
|c| Aka Lusty|>Aka TRICE left.
|
|move|p2a: Keldeo|Scald|p1a: Mandibuzz
|-damage|p1a: Mandibuzz|225\/423
|-status|p1a: Mandibuzz|brn
|move|p1a: Mandibuzz|Foul Play|p2a: Keldeo
|-resisted|p2a: Keldeo
|-activate|p2a: Keldeo|Substitute|[damage]
|
|-heal|p2a: Keldeo|178\/323|[from] item: Leftovers
|-damage|p1a: Mandibuzz|173\/423 brn|[from] brn
|turn|47
|
|move|p2a: Keldeo|Scald|p1a: Mandibuzz
|-damage|p1a: Mandibuzz|0 fnt
|faint|p1a: Mandibuzz
|
|win|Aka DH
|c|★Roi Pika|gg
|leave|Fairy Peak
|leave|Mistaken
|leave|Aka Cleaner
|leave|Hashtag Hungry♥