|join|qways
|join|Starmaster
|player|p1|qways|101
|player|p2|Starmaster|102
|gametype|singles
|gen|6
|tier|OU
|rated
|clearpoke
|poke|p1|Infernape, F
|poke|p1|Lopunny, F
|poke|p1|Scizor, M
|poke|p1|Jolteon, F
|poke|p1|Breloom, F
|poke|p1|Tyranitar, M
|poke|p2|Beedrill, F
|poke|p2|Tyranitar, M
|poke|p2|Excadrill, M
|poke|p2|Breloom, F
|poke|p2|Rotom-Wash
|poke|p2|Latios, M
|rule|Swagger Clause: Swagger is banned
|rule|Baton Pass Clause: Limit one Pokémon knowing Baton Pass
|rule|Sleep Clause Mod: Limit one foe put to sleep
|rule|Species Clause: Limit one of each Pokémon
|rule|OHKO Clause: OHKO moves are banned
|rule|Moody Clause: Moody is banned
|rule|Evasion Moves Clause: Evasion moves are banned
|rule|Endless Battle Clause: Forcing endless battles is banned
|rule|HP Percentage Mod: HP is shown in percentages
|teampreview
|
|start
|switch|p1a: Infernape|Infernape, F|293\/293
|switch|p2a: Breloom|Breloom, F|261\/261
|turn|1
|
|move|p1a: Infernape|Fake Out|p2a: Breloom
|-damage|p2a: Breloom|209\/261
|cant|p2a: Breloom|flinch
|
|turn|2
|
|move|p1a: Infernape|Close Combat|p2a: Breloom
|-damage|p2a: Breloom|0 fnt
|-unboost|p1a: Infernape|def|1
|-unboost|p1a: Infernape|spd|1
|faint|p2a: Breloom
|
|
|switch|p2a: Latios|Latios, M|301\/301
|turn|3
|
|switch|p1a: Scizor|Scizor, M|343\/343
|move|p2a: Latios|Psyshock|p1a: Scizor
|-resisted|p1a: Scizor
|-damage|p1a: Scizor|248\/343
|-damage|p2a: Latios|271\/301|[from] item: Life Orb
|
|turn|4
|
|move|p2a: Latios|Hidden Power|p1a: Scizor
|-supereffective|p1a: Scizor
|-damage|p1a: Scizor|0 fnt
|-damage|p2a: Latios|241\/301|[from] item: Life Orb
|faint|p1a: Scizor
|
|
|switch|p1a: Tyranitar|Tyranitar, M|389\/389
|-weather|Sandstorm
|turn|5
|
|switch|p2a: Excadrill|Excadrill, M|361\/361
|-item|p2a: Excadrill|Air Balloon
|move|p1a: Tyranitar|Crunch|p2a: Excadrill
|-damage|p2a: Excadrill|0 fnt
|-enditem|p2a: Excadrill|Air Balloon
|faint|p2a: Excadrill
|
|-weather|Sandstorm|[upkeep]
|c|★Starmaster|.
|
|switch|p2a: Beedrill|Beedrill, F|271\/271
|turn|6
|
|detailschange|p2a: Beedrill|Beedrill-Mega, F
|message|Beedrill has Mega Evolved into Mega Beedrill!
|move|p2a: Beedrill|U-turn|p1a: Tyranitar
|-crit|p1a: Tyranitar
|-supereffective|p1a: Tyranitar
|-damage|p1a: Tyranitar|0 fnt
|faint|p1a: Tyranitar
|c|★Starmaster|lol cbtar
|
|switch|p2a: Latios|Latios, M|241\/301
|
|-weather|Sandstorm|[upkeep]
|-damage|p2a: Latios|223\/301|[from] sandstorm
|
|switch|p1a: Jolteon|Jolteon, F|271\/271
|turn|7
|
|switch|p2a: Tyranitar|Tyranitar, M|403\/403
|move|p1a: Jolteon|Volt Switch|p2a: Tyranitar
|-damage|p2a: Tyranitar|328\/403
|
|switch|p1a: Lopunny|Lopunny, F|271\/271
|
|-weather|Sandstorm|[upkeep]
|-damage|p1a: Lopunny|255\/271|[from] sandstorm
|turn|8
|
|detailschange|p1a: Lopunny|Lopunny-Mega, F
|message|Lopunny has Mega Evolved into Mega Lopunny!
|move|p1a: Lopunny|Power-Up Punch|p2a: Tyranitar
|-supereffective|p2a: Tyranitar
|-damage|p2a: Tyranitar|136\/403
|-boost|p1a: Lopunny|atk|1
|move|p2a: Tyranitar|Stealth Rock|p1a: Lopunny
|-sidestart|p1: qways|move: Stealth Rock
|
|-weather|Sandstorm|[upkeep]
|-damage|p1a: Lopunny|239\/271|[from] sandstorm
|turn|9
|
|move|p1a: Lopunny|Power-Up Punch|p2a: Tyranitar
|-supereffective|p2a: Tyranitar
|-damage|p2a: Tyranitar|0 fnt
|-boost|p1a: Lopunny|atk|1
|faint|p2a: Tyranitar
|
|-weather|none
|
|switch|p2a: Beedrill|Beedrill-Mega, F|271\/271
|turn|10
|
|move|p1a: Lopunny|Quick Attack|p2a: Beedrill
|-damage|p2a: Beedrill|0 fnt
|faint|p2a: Beedrill
|
|-message|Starmaster forfeited.
|
|win|qways
|raw|Ladder updating...
|leave|Starmaster
|player|p2
|raw|qways's rating: 1816 &rarr; <strong>1828<\/strong><br \/>(+12 for winning)
|raw|Starmaster's rating: 1664 &rarr; <strong>1652<\/strong><br \/>(-12 for losing)