|join|poek69x
|join|qways
|player|p1|poek69x|283
|player|p2|qways|170
|gametype|singles
|gen|6
|tier|OU
|rated
|clearpoke
|poke|p1|Altaria, F
|poke|p1|Dugtrio, F
|poke|p1|Diggersby, F
|poke|p1|Greninja, F
|poke|p1|Rotom-Wash
|poke|p1|Jirachi
|poke|p2|Infernape, F
|poke|p2|Lopunny, F
|poke|p2|Scizor, M
|poke|p2|Jolteon, M
|poke|p2|Breloom, M
|poke|p2|Gliscor, M
|rule|Swagger Clause: Swagger is banned
|rule|Baton Pass Clause: Limit one Pokémon knowing Baton Pass
|rule|Sleep Clause Mod: Limit one foe put to sleep
|rule|Species Clause: Limit one of each Pokémon
|rule|OHKO Clause: OHKO moves are banned
|rule|Moody Clause: Moody is banned
|rule|Evasion Moves Clause: Evasion moves are banned
|rule|Endless Battle Clause: Forcing endless battles is banned
|rule|HP Percentage Mod: HP is shown in percentages
|teampreview
|
|start
|switch|p1a: Dugtrio|Dugtrio, F|201\/201
|switch|p2a: Infernape|Infernape, F|293\/293
|turn|1
|
|move|p2a: Infernape|Fake Out|p1a: Dugtrio
|-damage|p1a: Dugtrio|109\/201
|cant|p1a: Dugtrio|flinch
|
|turn|2
|
|move|p1a: Dugtrio|Earthquake|p2a: Infernape
|-supereffective|p2a: Infernape
|-enditem|p2a: Infernape|Focus Sash
|-damage|p2a: Infernape|1\/293
|move|p2a: Infernape|Close Combat|p1a: Dugtrio
|-damage|p1a: Dugtrio|0 fnt
|-unboost|p2a: Infernape|def|1
|-unboost|p2a: Infernape|spd|1
|faint|p1a: Dugtrio
|
|
|switch|p1a: Greninja|Greninja, F|285\/285
|turn|3
|
|switch|p2a: Jolteon|Jolteon, M|271\/271
|move|p1a: Greninja|Dark Pulse|p2a: Jolteon
|-start|p1a: Greninja|typechange|Dark|[from] Protean
|-damage|p2a: Jolteon|162\/271
|-damage|p1a: Greninja|257\/285|[from] item: Life Orb
|
|turn|4
|
|switch|p1a: Diggersby|Diggersby, F|311\/311
|move|p2a: Jolteon|Hidden Power|p1a: Diggersby
|-supereffective|p1a: Diggersby
|-damage|p1a: Diggersby|149\/311
|
|turn|5
|
|move|p1a: Diggersby|Quick Attack|p2a: Jolteon
|-damage|p2a: Jolteon|0 fnt
|-damage|p1a: Diggersby|118\/311|[from] item: Life Orb
|faint|p2a: Jolteon
|
|
|switch|p2a: Lopunny|Lopunny, F|271\/271
|turn|6
|
|switch|p1a: Altaria|Altaria, F|353\/353
|-ability|p1a: Altaria|Cloud Nine
|detailschange|p2a: Lopunny|Lopunny-Mega, F
|message|Lopunny has Mega Evolved into Mega Lopunny!
|move|p2a: Lopunny|Power-Up Punch|p1a: Altaria
|-resisted|p1a: Altaria
|-damage|p1a: Altaria|324\/353
|-boost|p2a: Lopunny|atk|1
|
|turn|7
|
|detailschange|p1a: Altaria|Altaria-Mega, F
|message|Altaria has Mega Evolved into Mega Altaria!
|move|p2a: Lopunny|Return|p1a: Altaria
|-damage|p1a: Altaria|114\/353
|move|p1a: Altaria|Frustration|p2a: Lopunny
|-supereffective|p2a: Lopunny
|-damage|p2a: Lopunny|0 fnt
|faint|p2a: Lopunny
|
|join|azogue
|
|switch|p2a: Scizor|Scizor, M|343\/343
|turn|8
|
|switch|p1a: Diggersby|Diggersby, F|118\/311
|move|p2a: Scizor|U-turn|p1a: Diggersby
|-damage|p1a: Diggersby|0 fnt
|faint|p1a: Diggersby
|
|switch|p2a: Breloom|Breloom, M|323\/323
|
|-status|p2a: Breloom|tox|[from] item: Toxic Orb
|
|switch|p1a: Greninja|Greninja, F|257\/285
|turn|9
|
|switch|p2a: Scizor|Scizor, M|343\/343
|move|p1a: Greninja|Ice Beam|p2a: Scizor
|-start|p1a: Greninja|typechange|Ice|[from] Protean
|-resisted|p2a: Scizor
|-damage|p2a: Scizor|236\/343
|-damage|p1a: Greninja|229\/285|[from] item: Life Orb
|
|turn|10
|
|switch|p1a: Rotom-Wash|Rotom-Wash|303\/303
|move|p2a: Scizor|Bullet Punch|p1a: Rotom-Wash
|-resisted|p1a: Rotom-Wash
|-damage|p1a: Rotom-Wash|273\/303
|
|-heal|p1a: Rotom-Wash|291\/303|[from] item: Leftovers
|turn|11
|
|switch|p2a: Breloom|Breloom, M|323\/323 tox
|move|p1a: Rotom-Wash|Volt Switch|p2a: Breloom
|-resisted|p2a: Breloom
|-damage|p2a: Breloom|260\/323 tox
|
|switch|p1a: Greninja|Greninja, F|229\/285
|
|-heal|p2a: Breloom|300\/323 tox|[from] ability: Poison Heal
|turn|12
|
|move|p2a: Breloom|Mach Punch|p1a: Greninja
|-supereffective|p1a: Greninja
|-damage|p1a: Greninja|77\/285
|move|p1a: Greninja|Ice Beam|p2a: Breloom
|-start|p1a: Greninja|typechange|Ice|[from] Protean
|-supereffective|p2a: Breloom
|-damage|p2a: Breloom|0 fnt
|-damage|p1a: Greninja|49\/285|[from] item: Life Orb
|faint|p2a: Breloom
|
|
|switch|p2a: Scizor|Scizor, M|236\/343
|turn|13
|
|switch|p1a: Jirachi|Jirachi|404\/404
|move|p2a: Scizor|Bullet Punch|p1a: Jirachi
|-resisted|p1a: Jirachi
|-damage|p1a: Jirachi|321\/404
|
|-heal|p1a: Jirachi|346\/404|[from] item: Leftovers
|turn|14
|
|switch|p2a: Gliscor|Gliscor, M|353\/353
|move|p1a: Jirachi|Body Slam|p2a: Gliscor
|-damage|p2a: Gliscor|298\/353
|
|-heal|p1a: Jirachi|371\/404|[from] item: Leftovers
|-status|p2a: Gliscor|tox|[from] item: Toxic Orb
|turn|15
|
|switch|p2a: Infernape|Infernape, F|1\/293
|move|p1a: Jirachi|Stealth Rock|p2a: Infernape
|-sidestart|p2: qways|move: Stealth Rock
|
|-heal|p1a: Jirachi|396\/404|[from] item: Leftovers
|turn|16
|
|move|p2a: Infernape|Stealth Rock|p1a: Jirachi
|-sidestart|p1: poek69x|move: Stealth Rock
|move|p1a: Jirachi|U-turn|p2a: Infernape
|-resisted|p2a: Infernape
|-damage|p2a: Infernape|0 fnt
|faint|p2a: Infernape
|
|switch|p1a: Altaria|Altaria-Mega, F|114\/353
|-damage|p1a: Altaria|70\/353|[from] Stealth Rock
|
|
|switch|p2a: Gliscor|Gliscor, M|298\/353 tox
|-damage|p2a: Gliscor|254\/353 tox|[from] Stealth Rock
|turn|17
|
|move|p2a: Gliscor|Swords Dance|p2a: Gliscor
|-boost|p2a: Gliscor|atk|2
|move|p1a: Altaria|Roost|p1a: Altaria
|-heal|p1a: Altaria|247\/353
|
|-heal|p2a: Gliscor|298\/353 tox|[from] ability: Poison Heal
|turn|18
|
|move|p2a: Gliscor|Agility|p2a: Gliscor
|-boost|p2a: Gliscor|spe|2
|move|p1a: Altaria|Dragon Dance|p1a: Altaria
|-boost|p1a: Altaria|atk|1
|-boost|p1a: Altaria|spe|1
|
|-heal|p2a: Gliscor|342\/353 tox|[from] ability: Poison Heal
|turn|19
|
|move|p2a: Gliscor|Swords Dance|p2a: Gliscor
|-boost|p2a: Gliscor|atk|2
|move|p1a: Altaria|Frustration|p2a: Gliscor
|-damage|p2a: Gliscor|140\/353 tox
|
|-heal|p2a: Gliscor|184\/353 tox|[from] ability: Poison Heal
|turn|20
|
|move|p2a: Gliscor|Earthquake|p1a: Altaria
|-damage|p1a: Altaria|0 fnt
|faint|p1a: Altaria
|
|-heal|p2a: Gliscor|228\/353 tox|[from] ability: Poison Heal
|
|switch|p1a: Rotom-Wash|Rotom-Wash|291\/303
|-damage|p1a: Rotom-Wash|254\/303|[from] Stealth Rock
|turn|21
|
|move|p2a: Gliscor|Stone Edge|p1a: Rotom-Wash
|-damage|p1a: Rotom-Wash|27\/303
|move|p1a: Rotom-Wash|Hydro Pump|p2a: Gliscor|[miss]
|-miss|p1a: Rotom-Wash|p2a: Gliscor
|
|-heal|p1a: Rotom-Wash|45\/303|[from] item: Leftovers
|-heal|p2a: Gliscor|272\/353 tox|[from] ability: Poison Heal
|turn|22
|-message|poek69x forfeited.
|
|win|qways
|raw|Ladder updating...
|leave|poek69x
|player|p1
|raw|poek69x's rating: 1671 &rarr; <strong>1650<\/strong><br \/>(-21 for losing)
|raw|qways's rating: 1665 &rarr; <strong>1686<\/strong><br \/>(+21 for winning)