|join|Zuxos
|join|qways
|player|p1|Zuxos|163
|player|p2|qways|265
|gametype|singles
|gen|6
|tier|OU
|rated
|clearpoke
|poke|p1|Bisharp, M
|poke|p1|Quagsire, F
|poke|p1|Sableye, M
|poke|p1|Chansey, F
|poke|p1|Infernape, M
|poke|p1|Celebi
|poke|p2|Slowbro, F
|poke|p2|Clefable, F
|poke|p2|Raikou
|poke|p2|Gliscor, M
|poke|p2|Lopunny, M
|poke|p2|Heatran, F
|rule|Swagger Clause: Swagger is banned
|rule|Baton Pass Clause: Limit one Pokémon knowing Baton Pass
|rule|Sleep Clause Mod: Limit one foe put to sleep
|rule|Species Clause: Limit one of each Pokémon
|rule|OHKO Clause: OHKO moves are banned
|rule|Moody Clause: Moody is banned
|rule|Evasion Moves Clause: Evasion moves are banned
|rule|Endless Battle Clause: Forcing endless battles is banned
|rule|HP Percentage Mod: HP is shown in percentages
|teampreview
|
|start
|switch|p1a: Sableye|Sableye, M|304\/304
|switch|p2a: Clefable|Clefable, F|393\/393
|turn|1
|
|detailschange|p1a: Sableye|Sableye-Mega, M
|-mega|p1a: Sableye|Sableye|Sablenite
|move|p1a: Sableye|Calm Mind|p1a: Sableye
|-boost|p1a: Sableye|spa|1
|-boost|p1a: Sableye|spd|1
|move|p2a: Clefable|Moonblast|p1a: Sableye
|-supereffective|p1a: Sableye
|-damage|p1a: Sableye|130\/304
|
|turn|2
|
|switch|p1a: Chansey|Chansey, F|703\/703
|move|p2a: Clefable|Moonblast|p1a: Chansey
|-damage|p1a: Chansey|613\/703
|
|turn|3
|
|switch|p1a: Sableye|Sableye-Mega, M|130\/304
|move|p2a: Clefable|Calm Mind|p2a: Clefable
|-boost|p2a: Clefable|spa|1
|-boost|p2a: Clefable|spd|1
|
|turn|4
|
|switch|p1a: Bisharp|Bisharp, M|333\/333
|move|p2a: Clefable|Moonblast|p1a: Bisharp
|-damage|p1a: Bisharp|150\/333
|
|turn|5
|
|switch|p1a: Chansey|Chansey, F|613\/703
|move|p2a: Clefable|Moonblast|p1a: Chansey
|-damage|p1a: Chansey|484\/703
|
|turn|6
|
|move|p2a: Clefable|Calm Mind|p2a: Clefable
|-boost|p2a: Clefable|spa|1
|-boost|p2a: Clefable|spd|1
|move|p1a: Chansey|Wish|p1a: Chansey
|
|turn|7
|
|move|p2a: Clefable|Moonblast|p1a: Chansey
|-damage|p1a: Chansey|299\/703
|move|p1a: Chansey|Seismic Toss|p2a: Clefable
|-damage|p2a: Clefable|293\/393
|
|-heal|p1a: Chansey|650\/703|[from] move: Wish|[wisher] Chansey
|turn|8
|
|move|p2a: Clefable|Soft-Boiled|p2a: Clefable
|-heal|p2a: Clefable|393\/393
|move|p1a: Chansey|Wish|p1a: Chansey
|
|turn|9
|
|switch|p1a: Quagsire|Quagsire, F|393\/393
|move|p2a: Clefable|Calm Mind|p2a: Clefable
|-boost|p2a: Clefable|spa|1
|-boost|p2a: Clefable|spd|1
|
|turn|10
|
|move|p2a: Clefable|Calm Mind|p2a: Clefable
|-boost|p2a: Clefable|spa|1
|-boost|p2a: Clefable|spd|1
|move|p1a: Quagsire|Stockpile|p1a: Quagsire
|-start|p1a: Quagsire|stockpile1
|-boost|p1a: Quagsire|def|1
|-boost|p1a: Quagsire|spd|1
|
|turn|11
|
|move|p2a: Clefable|Stored Power|p1a: Quagsire
|-damage|p1a: Quagsire|212\/393
|move|p1a: Quagsire|Scald|p2a: Clefable
|-damage|p2a: Clefable|318\/393
|
|-heal|p1a: Quagsire|236\/393|[from] item: Leftovers
|turn|12
|
|move|p2a: Clefable|Calm Mind|p2a: Clefable
|-boost|p2a: Clefable|spa|1
|-boost|p2a: Clefable|spd|1
|move|p1a: Quagsire|Earthquake|p2a: Clefable
|-damage|p2a: Clefable|231\/393
|
|-heal|p1a: Quagsire|260\/393|[from] item: Leftovers
|turn|13
|
|move|p2a: Clefable|Calm Mind|p2a: Clefable
|-boost|p2a: Clefable|spa|1
|-boost|p2a: Clefable|spd|1
|move|p1a: Quagsire|Scald|p2a: Clefable
|-damage|p2a: Clefable|161\/393
|-status|p2a: Clefable|brn
|
|-heal|p1a: Quagsire|284\/393|[from] item: Leftovers
|turn|14
|
|switch|p1a: Infernape|Infernape, M|293\/293
|move|p2a: Clefable|Soft-Boiled|p2a: Clefable
|-heal|p2a: Clefable|358\/393 brn
|
|turn|15
|
|move|p1a: Infernape|Gunk Shot|p2a: Clefable
|-supereffective|p2a: Clefable
|-damage|p2a: Clefable|108\/393 brn
|-damage|p1a: Infernape|264\/293|[from] item: Life Orb
|move|p2a: Clefable|Moonblast|p1a: Infernape
|-damage|p1a: Infernape|0 fnt
|faint|p1a: Infernape
|
|c|★qways|lol
|
|switch|p1a: Bisharp|Bisharp, M|150\/333
|turn|16
|
|switch|p2a: Heatran|Heatran, F|385\/385
|move|p1a: Bisharp|Iron Head|p2a: Heatran
|-resisted|p2a: Heatran
|-damage|p2a: Heatran|350\/385
|
|-heal|p2a: Heatran|374\/385|[from] item: Leftovers
|turn|17
|
|switch|p1a: Sableye|Sableye-Mega, M|130\/304
|move|p2a: Heatran|Lava Plume|p1a: Sableye
|-damage|p1a: Sableye|19\/304
|-status|p1a: Sableye|brn
|
|-heal|p2a: Heatran|385\/385|[from] item: Leftovers
|-damage|p1a: Sableye|0 fnt|[from] brn
|faint|p1a: Sableye
|
|switch|p1a: Celebi|Celebi|403\/403
|turn|18
|
|move|p2a: Heatran|Taunt|p1a: Celebi
|-start|p1a: Celebi|move: Taunt
|move|p1a: Celebi|Earth Power|p2a: Heatran
|-supereffective|p2a: Heatran
|-damage|p2a: Heatran|117\/385
|
|-heal|p2a: Heatran|141\/385|[from] item: Leftovers
|turn|19
|
|switch|p2a: Gliscor|Gliscor, M|353\/353
|move|p1a: Celebi|Earth Power|p2a: Gliscor
|-immune|p2a: Gliscor|[msg]
|
|-status|p2a: Gliscor|tox|[from] item: Toxic Orb
|turn|20
|
|move|p2a: Gliscor|Knock Off|p1a: Celebi
|-supereffective|p1a: Celebi
|-damage|p1a: Celebi|253\/403
|-enditem|p1a: Celebi|Leftovers|[from] move: Knock Off|[of] p2a: Gliscor
|move|p1a: Celebi|Energy Ball|p2a: Gliscor
|-damage|p2a: Gliscor|214\/353 tox
|
|-heal|p2a: Gliscor|258\/353 tox|[from] ability: Poison Heal
|-end|p1a: Celebi|move: Taunt
|turn|21
|
|move|p2a: Gliscor|Swords Dance|p2a: Gliscor
|-boost|p2a: Gliscor|atk|2
|move|p1a: Celebi|Stealth Rock|p2a: Gliscor
|-sidestart|p2: qways|move: Stealth Rock
|
|-heal|p2a: Gliscor|302\/353 tox|[from] ability: Poison Heal
|turn|22
|
|switch|p1a: Quagsire|Quagsire, F|284\/393
|move|p2a: Gliscor|Earthquake|p1a: Quagsire
|-damage|p1a: Quagsire|166\/393
|
|-heal|p1a: Quagsire|190\/393|[from] item: Leftovers
|-heal|p2a: Gliscor|346\/353 tox|[from] ability: Poison Heal
|turn|23
|
|move|p2a: Gliscor|Taunt|p1a: Quagsire
|-start|p1a: Quagsire|move: Taunt
|cant|p1a: Quagsire|move: Taunt|Recover
|
|-heal|p1a: Quagsire|214\/393|[from] item: Leftovers
|-heal|p2a: Gliscor|353\/353 tox|[from] ability: Poison Heal
|turn|24
|
|switch|p2a: Slowbro|Slowbro, F|393\/393
|-damage|p2a: Slowbro|344\/393|[from] Stealth Rock
|move|p1a: Quagsire|Scald|p2a: Slowbro
|-resisted|p2a: Slowbro
|-damage|p2a: Slowbro|302\/393
|
|-heal|p1a: Quagsire|238\/393|[from] item: Leftovers
|turn|25
|
|switch|p1a: Chansey|Chansey, F|650\/703
|move|p2a: Slowbro|Trick|p1a: Chansey
|-activate|p2a: Slowbro|move: Trick|[of] p1a: Chansey
|-item|p1a: Chansey|Choice Specs|[from] move: Trick
|-item|p2a: Slowbro|Eviolite|[from] move: Trick
|
|turn|26
|
|switch|p2a: Heatran|Heatran, F|141\/385
|-damage|p2a: Heatran|93\/385|[from] Stealth Rock
|move|p1a: Chansey|Wish|p1a: Chansey
|
|-heal|p2a: Heatran|117\/385|[from] item: Leftovers
|turn|27
|
|switch|p1a: Quagsire|Quagsire, F|238\/393
|move|p2a: Heatran|Stealth Rock|p1a: Quagsire
|-sidestart|p1: Zuxos|move: Stealth Rock
|
|-heal|p1a: Quagsire|393\/393|[from] move: Wish|[wisher] Chansey
|-heal|p2a: Heatran|141\/385|[from] item: Leftovers
|turn|28
|
|switch|p2a: Slowbro|Slowbro, F|393\/393
|-damage|p2a: Slowbro|344\/393|[from] Stealth Rock
|move|p1a: Quagsire|Earthquake|p2a: Slowbro
|-damage|p2a: Slowbro|256\/393
|
|turn|29
|
|switch|p1a: Chansey|Chansey, F|650\/703
|-damage|p1a: Chansey|563\/703|[from] Stealth Rock
|move|p2a: Slowbro|Flamethrower|p1a: Chansey
|-damage|p1a: Chansey|477\/703
|
|turn|30
|
|move|p1a: Chansey|Wish|p1a: Chansey
|move|p2a: Slowbro|Psyshock|p1a: Chansey
|-crit|p1a: Chansey
|-damage|p1a: Chansey|120\/703
|
|turn|31
|
|switch|p1a: Celebi|Celebi|253\/403
|-damage|p1a: Celebi|203\/403|[from] Stealth Rock
|move|p2a: Slowbro|Scald|p1a: Celebi
|-resisted|p1a: Celebi
|-damage|p1a: Celebi|145\/403
|-status|p1a: Celebi|brn
|
|-heal|p1a: Celebi|403\/403 brn|[from] move: Wish|[wisher] Chansey
|-damage|p1a: Celebi|353\/403 brn|[from] brn
|turn|32
|
|switch|p1a: Chansey|Chansey, F|120\/703
|-damage|p1a: Chansey|33\/703|[from] Stealth Rock
|switch|p2a: Heatran|Heatran, F|141\/385
|-damage|p2a: Heatran|93\/385|[from] Stealth Rock
|
|-heal|p2a: Heatran|117\/385|[from] item: Leftovers
|turn|33
|
|switch|p2a: Clefable|Clefable, F|108\/393 brn
|move|p1a: Chansey|Seismic Toss|p2a: Clefable
|-damage|p2a: Clefable|8\/393 brn
|
|turn|34
|
|move|p2a: Clefable|Soft-Boiled|p2a: Clefable
|-heal|p2a: Clefable|205\/393 brn
|move|p1a: Chansey|Seismic Toss|p2a: Clefable
|-damage|p2a: Clefable|105\/393 brn
|
|turn|35
|
|switch|p1a: Bisharp|Bisharp, M|150\/333
|-damage|p1a: Bisharp|130\/333|[from] Stealth Rock
|move|p2a: Clefable|Soft-Boiled|p2a: Clefable
|-heal|p2a: Clefable|302\/393 brn
|
|turn|36
|
|switch|p2a: Raikou|Raikou|321\/321
|-damage|p2a: Raikou|281\/321|[from] Stealth Rock
|-ability|p2a: Raikou|Pressure
|move|p1a: Bisharp|Knock Off|p2a: Raikou
|-damage|p2a: Raikou|62\/321
|-enditem|p2a: Raikou|Assault Vest|[from] move: Knock Off|[of] p1a: Bisharp
|
|turn|37
|
|move|p1a: Bisharp|Sucker Punch|p2a: Raikou
|-damage|p2a: Raikou|0 fnt
|faint|p2a: Raikou
|
|
|switch|p2a: Lopunny|Lopunny, M|271\/271
|-damage|p2a: Lopunny|238\/271|[from] Stealth Rock
|turn|38
|
|switch|p1a: Celebi|Celebi|353\/403
|-damage|p1a: Celebi|303\/403|[from] Stealth Rock
|detailschange|p2a: Lopunny|Lopunny-Mega, M
|-mega|p2a: Lopunny|Lopunny|Lopunnite
|move|p2a: Lopunny|High Jump Kick|p1a: Celebi
|-resisted|p1a: Celebi
|-damage|p1a: Celebi|210\/403
|
|turn|39
|
|switch|p2a: Gliscor|Gliscor, M|353\/353 tox
|-damage|p2a: Gliscor|309\/353 tox|[from] Stealth Rock
|move|p1a: Celebi|Recover|p1a: Celebi
|-heal|p1a: Celebi|403\/403
|
|-heal|p2a: Gliscor|353\/353 tox|[from] ability: Poison Heal
|turn|40
|
|move|p2a: Gliscor|Knock Off|p1a: Celebi
|-supereffective|p1a: Celebi
|-damage|p1a: Celebi|313\/403
|move|p1a: Celebi|Energy Ball|p2a: Gliscor
|-damage|p2a: Gliscor|217\/353 tox
|
|-heal|p2a: Gliscor|261\/353 tox|[from] ability: Poison Heal
|turn|41
|
|switch|p2a: Clefable|Clefable, F|302\/393 brn
|move|p1a: Celebi|Energy Ball|p2a: Clefable
|-damage|p2a: Clefable|185\/393 brn
|
|turn|42
|
|switch|p1a: Chansey|Chansey, F|33\/703
|-damage|p1a: Chansey|0 fnt|[from] Stealth Rock
|faint|p1a: Chansey
|move|p2a: Clefable|Soft-Boiled|p2a: Clefable
|-heal|p2a: Clefable|382\/393 brn
|
|
|switch|p1a: Bisharp|Bisharp, M|130\/333
|-damage|p1a: Bisharp|110\/333|[from] Stealth Rock
|turn|43
|
|switch|p2a: Heatran|Heatran, F|117\/385
|-damage|p2a: Heatran|69\/385|[from] Stealth Rock
|move|p1a: Bisharp|Knock Off|p2a: Heatran
|-damage|p2a: Heatran|0 fnt
|-enditem|p2a: Heatran|Leftovers|[from] move: Knock Off|[of] p1a: Bisharp
|faint|p2a: Heatran
|
|
|switch|p2a: Gliscor|Gliscor, M|261\/353 tox
|-damage|p2a: Gliscor|217\/353 tox|[from] Stealth Rock
|turn|44
|
|move|p2a: Gliscor|Earthquake|p1a: Bisharp
|-supereffective|p1a: Bisharp
|-damage|p1a: Bisharp|0 fnt
|faint|p1a: Bisharp
|
|-heal|p2a: Gliscor|261\/353 tox|[from] ability: Poison Heal
|
|switch|p1a: Quagsire|Quagsire, F|393\/393
|-damage|p1a: Quagsire|369\/393|[from] Stealth Rock
|turn|45
|
|move|p2a: Gliscor|Taunt|p1a: Quagsire
|-start|p1a: Quagsire|move: Taunt
|move|p1a: Quagsire|Scald|p2a: Gliscor
|-supereffective|p2a: Gliscor
|-damage|p2a: Gliscor|99\/353 tox
|
|-heal|p1a: Quagsire|393\/393|[from] item: Leftovers
|-heal|p2a: Gliscor|143\/353 tox|[from] ability: Poison Heal
|turn|46
|
|switch|p2a: Clefable|Clefable, F|382\/393 brn
|switch|p1a: Celebi|Celebi|313\/403
|-damage|p1a: Celebi|263\/403|[from] Stealth Rock
|
|turn|47
|
|move|p1a: Celebi|Recover|p1a: Celebi
|-heal|p1a: Celebi|403\/403
|move|p2a: Clefable|Calm Mind|p2a: Clefable
|-boost|p2a: Clefable|spa|1
|-boost|p2a: Clefable|spd|1
|
|turn|48
|
|switch|p1a: Quagsire|Quagsire, F|393\/393
|-damage|p1a: Quagsire|369\/393|[from] Stealth Rock
|move|p2a: Clefable|Moonblast|p1a: Quagsire
|-damage|p1a: Quagsire|178\/393
|
|-heal|p1a: Quagsire|202\/393|[from] item: Leftovers
|turn|49
|
|move|p2a: Clefable|Moonblast|p1a: Quagsire
|-damage|p1a: Quagsire|11\/393
|-unboost|p1a: Quagsire|spa|1
|move|p1a: Quagsire|Recover|p1a: Quagsire
|-heal|p1a: Quagsire|208\/393
|
|-heal|p1a: Quagsire|232\/393|[from] item: Leftovers
|turn|50
|
|move|p2a: Clefable|Moonblast|p1a: Quagsire
|-damage|p1a: Quagsire|45\/393
|-unboost|p1a: Quagsire|spa|1
|move|p1a: Quagsire|Recover|p1a: Quagsire
|-heal|p1a: Quagsire|242\/393
|
|-heal|p1a: Quagsire|266\/393|[from] item: Leftovers
|turn|51
|c|★qways|why min roll
|
|move|p2a: Clefable|Moonblast|p1a: Quagsire
|-damage|p1a: Quagsire|79\/393
|move|p1a: Quagsire|Recover|p1a: Quagsire
|-heal|p1a: Quagsire|276\/393
|
|-heal|p1a: Quagsire|300\/393|[from] item: Leftovers
|turn|52
|
|move|p2a: Clefable|Calm Mind|p2a: Clefable
|-boost|p2a: Clefable|spa|1
|-boost|p2a: Clefable|spd|1
|move|p1a: Quagsire|Recover|p1a: Quagsire
|-heal|p1a: Quagsire|393\/393
|
|turn|53
|
|move|p2a: Clefable|Calm Mind|p2a: Clefable
|-boost|p2a: Clefable|spa|1
|-boost|p2a: Clefable|spd|1
|move|p1a: Quagsire|Stockpile|p1a: Quagsire
|-start|p1a: Quagsire|stockpile1
|-boost|p1a: Quagsire|def|1
|-boost|p1a: Quagsire|spd|1
|
|turn|54
|
|move|p2a: Clefable|Calm Mind|p2a: Clefable
|-boost|p2a: Clefable|spa|1
|-boost|p2a: Clefable|spd|1
|move|p1a: Quagsire|Stockpile|p1a: Quagsire
|-start|p1a: Quagsire|stockpile2
|-boost|p1a: Quagsire|def|1
|-boost|p1a: Quagsire|spd|1
|
|turn|55
|
|move|p2a: Clefable|Calm Mind|p2a: Clefable
|-boost|p2a: Clefable|spa|1
|-boost|p2a: Clefable|spd|1
|move|p1a: Quagsire|Stockpile|p1a: Quagsire
|-start|p1a: Quagsire|stockpile3
|-boost|p1a: Quagsire|def|1
|-boost|p1a: Quagsire|spd|1
|
|turn|56
|
|move|p2a: Clefable|Calm Mind|p2a: Clefable
|-boost|p2a: Clefable|spa|1
|-boost|p2a: Clefable|spd|1
|move|p1a: Quagsire|Earthquake|p2a: Clefable
|-damage|p2a: Clefable|292\/393 brn
|
|turn|57
|
|move|p2a: Clefable|Stored Power|p1a: Quagsire
|-damage|p1a: Quagsire|237\/393
|move|p1a: Quagsire|Earthquake|p2a: Clefable
|-crit|p2a: Clefable
|-damage|p2a: Clefable|156\/393 brn
|
|-heal|p1a: Quagsire|261\/393|[from] item: Leftovers
|turn|58
|
|move|p2a: Clefable|Stored Power|p1a: Quagsire
|-damage|p1a: Quagsire|121\/393
|move|p1a: Quagsire|Earthquake|p2a: Clefable
|-damage|p2a: Clefable|56\/393 brn
|
|-heal|p1a: Quagsire|145\/393|[from] item: Leftovers
|turn|59
|
|move|p2a: Clefable|Soft-Boiled|p2a: Clefable
|-heal|p2a: Clefable|253\/393 brn
|move|p1a: Quagsire|Earthquake|p2a: Clefable
|-damage|p2a: Clefable|163\/393 brn
|
|-heal|p1a: Quagsire|169\/393|[from] item: Leftovers
|turn|60
|
|move|p2a: Clefable|Soft-Boiled|p2a: Clefable
|-heal|p2a: Clefable|360\/393 brn
|move|p1a: Quagsire|Recover|p1a: Quagsire
|-heal|p1a: Quagsire|366\/393
|
|-heal|p1a: Quagsire|390\/393|[from] item: Leftovers
|turn|61
|
|move|p2a: Clefable|Stored Power|p1a: Quagsire
|-crit|p1a: Quagsire
|-damage|p1a: Quagsire|0 fnt
|faint|p1a: Quagsire
|
|-message|Zuxos forfeited.
|leave|Zuxos
|
|win|qways
|raw|Ladder updating...
|player|p1
|raw|Zuxos's rating: 1722 &rarr; <strong>1699<\/strong><br \/>(-23 for losing)
|raw|qways's rating: 1656 &rarr; <strong>1680<\/strong><br \/>(+24 for winning)