|join|KuriboShoe
|join|MartinSousRace
|player|p1|KuriboShoe|170
|player|p2|MartinSousRace|266
|gametype|singles
|gen|6
|tier|OU
|rated
|clearpoke
|poke|p1|Landorus-Therian, M
|poke|p1|Manaphy
|poke|p1|Scizor, M
|poke|p1|Ferrothorn, M
|poke|p1|Clefable, F
|poke|p1|Zygarde
|poke|p2|Bisharp, F
|poke|p2|Celebi
|poke|p2|Sylveon, M
|poke|p2|Latios, M
|poke|p2|Aerodactyl, M
|poke|p2|Landorus-Therian, M
|rule|Swagger Clause: Swagger is banned
|rule|Baton Pass Clause: Limit one Pokémon knowing Baton Pass
|rule|Sleep Clause Mod: Limit one foe put to sleep
|rule|Species Clause: Limit one of each Pokémon
|rule|OHKO Clause: OHKO moves are banned
|rule|Moody Clause: Moody is banned
|rule|Evasion Moves Clause: Evasion moves are banned
|rule|Endless Battle Clause: Forcing endless battles is banned
|rule|HP Percentage Mod: HP is shown in percentages
|teampreview
|
|start
|switch|p1a: Landorus-Therian|Landorus-Therian, M|379\/379
|switch|p2a: Sylveon|Sylveon, M|393\/393
|-ability|p1a: Landorus-Therian|Intimidate|[of] p2a: Sylveon
|-unboost|p2a: Sylveon|atk|1
|turn|1
|
|move|p1a: Landorus-Therian|Stealth Rock|p2a: Sylveon
|-sidestart|p2: MartinSousRace|move: Stealth Rock
|move|p2a: Sylveon|Hyper Voice|p1a: Landorus-Therian
|-crit|p1a: Landorus-Therian
|-damage|p1a: Landorus-Therian|0 fnt
|faint|p1a: Landorus-Therian
|
|
|switch|p1a: Scizor|Scizor, M|309\/309
|turn|2
|
|switch|p2a: Landorus-Therian|Landorus-Therian, M|381\/381
|-damage|p2a: Landorus-Therian|334\/381|[from] Stealth Rock
|-ability|p2a: Landorus-Therian|Intimidate|[of] p1a: Scizor
|-unboost|p1a: Scizor|atk|1
|detailschange|p1a: Scizor|Scizor-Mega, M
|-mega|p1a: Scizor|Scizor|Scizorite
|move|p1a: Scizor|Swords Dance|p1a: Scizor
|-boost|p1a: Scizor|atk|2
|
|-heal|p2a: Landorus-Therian|357\/381|[from] item: Leftovers
|turn|3
|
|move|p1a: Scizor|Swords Dance|p1a: Scizor
|-boost|p1a: Scizor|atk|2
|move|p2a: Landorus-Therian|U-turn|p1a: Scizor
|-resisted|p1a: Scizor
|-damage|p1a: Scizor|279\/309
|
|switch|p2a: Bisharp|Bisharp, F|271\/271
|-damage|p2a: Bisharp|255\/271|[from] Stealth Rock
|
|turn|4
|
|move|p2a: Bisharp|Swords Dance|p2a: Bisharp
|-boost|p2a: Bisharp|atk|2
|move|p1a: Scizor|Bug Bite|p2a: Bisharp
|-damage|p2a: Bisharp|0 fnt
|faint|p2a: Bisharp
|
|-message|MartinSousRace forfeited.
|leave|MartinSousRace
|c|★KuriboShoe|loool
|
|win|KuriboShoe
|raw|Ladder updating...
|player|p2
|raw|KuriboShoe's rating: 1393 &rarr; <strong>1415<\/strong><br \/>(+22 for winning)
|raw|MartinSousRace's rating: 1440 &rarr; <strong>1417<\/strong><br \/>(-23 for losing)