|join|thekoolestkid
|join|BHARATH_THEBEST
|player|p1|thekoolestkid|262
|player|p2|BHARATH_THEBEST|290
|gametype|singles
|gen|6
|tier|OU
|rated
|clearpoke
|poke|p1|Gallade, M
|poke|p1|Bisharp, F
|poke|p1|Sylveon, F
|poke|p1|Greninja, F
|poke|p1|Klefki, M
|poke|p1|Heatran, F
|poke|p2|Azumarill, M
|poke|p2|Breloom, F
|poke|p2|Greninja, M
|poke|p2|Gothitelle, M
|poke|p2|Garchomp, F
|poke|p2|Lopunny, M
|rule|Swagger Clause: Swagger is banned
|rule|Baton Pass Clause: Limit one Pokémon knowing Baton Pass
|rule|Sleep Clause Mod: Limit one foe put to sleep
|rule|Species Clause: Limit one of each Pokémon
|rule|OHKO Clause: OHKO moves are banned
|rule|Moody Clause: Moody is banned
|rule|Evasion Moves Clause: Evasion moves are banned
|rule|Endless Battle Clause: Forcing endless battles is banned
|rule|HP Percentage Mod: HP is shown in percentages
|teampreview
|
|start
|switch|p1a: Gallade|Gallade, M|278\/278
|switch|p2a: Garchomp|Garchomp, F|357\/357
|turn|1
|
|switch|p2a: Gothitelle|Gothitelle, M|282\/282
|detailschange|p1a: Gallade|Gallade-Mega, M
|message|Gallade has Mega Evolved into Mega Gallade!
|move|p1a: Gallade|Substitute|p1a: Gallade
|-start|p1a: Gallade|Substitute
|-damage|p1a: Gallade|209\/278
|
|turn|2
|
|move|p2a: Gothitelle|Psychic|p1a: Gallade
|-end|p1a: Gallade|Substitute
|move|p1a: Gallade|Knock Off|p2a: Gothitelle
|-supereffective|p2a: Gothitelle
|-damage|p2a: Gothitelle|2\/282
|-enditem|p2a: Gothitelle|Choice Scarf|[from] move: Knock Off|[of] p1a: Gallade
|
|turn|3
|
|move|p1a: Gallade|Knock Off|p2a: Gothitelle
|-supereffective|p2a: Gothitelle
|-damage|p2a: Gothitelle|0 fnt
|faint|p2a: Gothitelle
|
|
|switch|p2a: Lopunny|Lopunny, M|271\/271
|turn|4
|
|switch|p1a: Klefki|Klefki, M|318\/318
|detailschange|p2a: Lopunny|Lopunny-Mega, M
|message|Lopunny has Mega Evolved into Mega Lopunny!
|move|p2a: Lopunny|Fake Out|p1a: Klefki
|-resisted|p1a: Klefki
|-damage|p1a: Klefki|289\/318
|
|-heal|p1a: Klefki|308\/318|[from] item: Leftovers
|turn|5
|
|switch|p2a: Garchomp|Garchomp, F|357\/357
|move|p1a: Klefki|Spikes|p2a: Garchomp
|-sidestart|p2: BHARATH_THEBEST|Spikes
|
|-heal|p1a: Klefki|318\/318|[from] item: Leftovers
|turn|6
|
|move|p1a: Klefki|Magnet Rise|p1a: Klefki
|-start|p1a: Klefki|Magnet Rise
|move|p2a: Garchomp|Earthquake|p1a: Klefki
|-immune|p1a: Klefki|[msg]
|
|turn|7
|
|move|p2a: Garchomp|Fire Blast|p1a: Klefki
|-supereffective|p1a: Klefki
|-damage|p1a: Klefki|45\/318
|-status|p1a: Klefki|brn
|-damage|p2a: Garchomp|322\/357|[from] item: Life Orb
|move|p1a: Klefki|Play Rough|p2a: Garchomp
|-supereffective|p2a: Garchomp
|-damage|p2a: Garchomp|230\/357
|-damage|p1a: Klefki|6\/318 brn|[from] ability: Rough Skin|[of] p2a: Garchomp
|
|-heal|p1a: Klefki|25\/318 brn|[from] item: Leftovers
|-damage|p1a: Klefki|0 fnt|[from] brn
|faint|p1a: Klefki
|
|switch|p1a: Greninja|Greninja, F|285\/285
|turn|8
|
|switch|p2a: Azumarill|Azumarill, M|375\/375
|-damage|p2a: Azumarill|329\/375|[from] Spikes
|move|p1a: Greninja|Ice Beam|p2a: Azumarill
|-start|p1a: Greninja|typechange|Ice|[from] Protean
|-resisted|p2a: Azumarill
|-damage|p2a: Azumarill|222\/375
|-status|p2a: Azumarill|frz
|-damage|p1a: Greninja|257\/285|[from] item: Life Orb
|
|turn|9
|
|-curestatus|p2a: Azumarill|frz
|move|p2a: Azumarill|Aqua Jet|p1a: Greninja
|-damage|p1a: Greninja|91\/285
|move|p1a: Greninja|Gunk Shot|p2a: Azumarill
|-start|p1a: Greninja|typechange|Poison|[from] Protean
|-supereffective|p2a: Azumarill
|-damage|p2a: Azumarill|0 fnt
|-damage|p1a: Greninja|63\/285|[from] item: Life Orb
|faint|p2a: Azumarill
|
|
|switch|p2a: Lopunny|Lopunny-Mega, M|271\/271
|-damage|p2a: Lopunny|238\/271|[from] Spikes
|turn|10
|
|switch|p1a: Bisharp|Bisharp, F|272\/272
|move|p2a: Lopunny|Fake Out|p1a: Bisharp
|-resisted|p1a: Bisharp
|-damage|p1a: Bisharp|233\/272
|
|turn|11
|
|switch|p1a: Greninja|Greninja, F|63\/285
|move|p2a: Lopunny|High Jump Kick|p1a: Greninja
|-supereffective|p1a: Greninja
|-damage|p1a: Greninja|0 fnt
|faint|p1a: Greninja
|
|
|switch|p1a: Gallade|Gallade-Mega, M|209\/278
|turn|12
|
|move|p2a: Lopunny|Return|p1a: Gallade
|-damage|p1a: Gallade|19\/278
|move|p1a: Gallade|Close Combat|p2a: Lopunny
|-supereffective|p2a: Lopunny
|-damage|p2a: Lopunny|0 fnt
|-unboost|p1a: Gallade|def|1
|-unboost|p1a: Gallade|spd|1
|faint|p2a: Lopunny
|
|
|switch|p2a: Breloom|Breloom, F|261\/261
|-damage|p2a: Breloom|229\/261|[from] Spikes
|turn|13
|
|switch|p1a: Sylveon|Sylveon, F|372\/372
|move|p2a: Breloom|Mach Punch|p1a: Sylveon
|-resisted|p1a: Sylveon
|-damage|p1a: Sylveon|291\/372
|
|turn|14
|
|switch|p1a: Gallade|Gallade-Mega, M|19\/278
|move|p2a: Breloom|Spore|p1a: Gallade
|-status|p1a: Gallade|slp
|
|turn|15
|
|switch|p1a: Heatran|Heatran, F|324\/324
|-item|p1a: Heatran|Air Balloon
|move|p2a: Breloom|Bullet Seed|p1a: Heatran
|-resisted|p1a: Heatran
|-damage|p1a: Heatran|309\/324
|-enditem|p1a: Heatran|Air Balloon
|-resisted|p1a: Heatran
|-damage|p1a: Heatran|294\/324
|-resisted|p1a: Heatran
|-damage|p1a: Heatran|278\/324
|-hitcount|p1a: Heatran|3
|
|turn|16
|
|switch|p2a: Garchomp|Garchomp, F|230\/357
|-damage|p2a: Garchomp|186\/357|[from] Spikes
|move|p1a: Heatran|Fire Blast|p2a: Garchomp
|-resisted|p2a: Garchomp
|-damage|p2a: Garchomp|58\/357
|
|turn|17
|
|switch|p1a: Gallade|Gallade-Mega, M|19\/278 slp
|move|p2a: Garchomp|Earthquake|p1a: Gallade
|-damage|p1a: Gallade|0 fnt
|-damage|p2a: Garchomp|23\/357|[from] item: Life Orb
|faint|p1a: Gallade
|
|
|switch|p1a: Sylveon|Sylveon, F|291\/372
|turn|18
|
|move|p2a: Garchomp|Earthquake|p1a: Sylveon
|-damage|p1a: Sylveon|21\/372
|-damage|p2a: Garchomp|0 fnt|[from] item: Life Orb
|faint|p2a: Garchomp
|move|p1a: Sylveon|Hyper Voice|p2: Garchomp|[notarget]
|-notarget
|
|
|switch|p2a: Breloom|Breloom, F|229\/261
|-damage|p2a: Breloom|197\/261|[from] Spikes
|turn|19
|
|move|p2a: Breloom|Mach Punch|p1a: Sylveon
|-resisted|p1a: Sylveon
|-damage|p1a: Sylveon|0 fnt
|faint|p1a: Sylveon
|
|
|switch|p1a: Heatran|Heatran, F|278\/324
|turn|20
|
|move|p1a: Heatran|Fire Blast|p2a: Breloom
|-supereffective|p2a: Breloom
|-damage|p2a: Breloom|0 fnt
|faint|p2a: Breloom
|
|
|switch|p2a: Greninja|Greninja, M|285\/285
|-damage|p2a: Greninja|250\/285|[from] Spikes
|turn|21
|
|move|p2a: Greninja|Hydro Pump|p1a: Heatran
|-start|p2a: Greninja|typechange|Water|[from] Protean
|-supereffective|p1a: Heatran
|-damage|p1a: Heatran|0 fnt
|-damage|p2a: Greninja|222\/285|[from] item: Life Orb
|faint|p1a: Heatran
|
|
|switch|p1a: Bisharp|Bisharp, F|233\/272
|turn|22
|c|★thekoolestkid|it's a roll
|c|★thekoolestkid|:S
|
|move|p1a: Bisharp|Sucker Punch|p2a: Greninja
|-damage|p2a: Greninja|0 fnt
|-damage|p1a: Bisharp|206\/272|[from] item: Life Orb
|faint|p2a: Greninja
|
|win|thekoolestkid
|raw|Ladder updating...
|c|★BHARATH_THEBEST|gg
|raw|thekoolestkid's rating: 1423 &rarr; <strong>1442<\/strong><br \/>(+19 for winning)
|raw|BHARATH_THEBEST's rating: 1405 &rarr; <strong>1386<\/strong><br \/>(-19 for losing)
|c|★thekoolestkid|gg
|c|★BHARATH_THEBEST|close
|c|★thekoolestkid|hasty or naive?