|join|jacksonjack
|join|Cyumown
|player|p1|jacksonjack|80
|player|p2|Cyumown|287
|gametype|singles
|gen|6
|tier|OU
|rated
|clearpoke
|poke|p1|Mawile, M
|poke|p1|Terrakion
|poke|p1|Azumarill, M
|poke|p1|Gengar, M
|poke|p1|Garchomp, F
|poke|p1|Kyurem-Black
|poke|p2|Politoed, F
|poke|p2|Ferrothorn, M
|poke|p2|Ludicolo, M
|poke|p2|Tornadus, M
|poke|p2|Kabutops, M
|poke|p2|Heracross, F
|rule|Swagger Clause: Swagger is banned
|rule|Baton Pass Clause: Limit one Pokémon knowing Baton Pass
|rule|Sleep Clause Mod: Limit one foe put to sleep
|rule|Species Clause: Limit one of each Pokémon
|rule|OHKO Clause: OHKO moves are banned
|rule|Moody Clause: Moody is banned
|rule|Evasion Moves Clause: Evasion moves are banned
|rule|Endless Battle Clause: Forcing endless battles is banned
|rule|HP Percentage Mod: HP is reported as percentages
|teampreview
|
|start
|switch|p1a: Terrakion|Terrakion|323\/323
|switch|p2a: Politoed|Politoed, F|384\/384
|-weather|RainDance
|turn|1
|
|move|p1a: Terrakion|Stealth Rock|p2a: Politoed
|-sidestart|p2: Cyumown|move: Stealth Rock
|move|p2a: Politoed|Scald|p1a: Terrakion
|-supereffective|p1a: Terrakion
|-damage|p1a: Terrakion|23\/323
|
|-weather|RainDance|[upkeep]
|turn|2
|
|move|p1a: Terrakion|Close Combat|p2a: Politoed
|-damage|p2a: Politoed|191\/384
|-unboost|p1a: Terrakion|def|1
|-unboost|p1a: Terrakion|spd|1
|move|p2a: Politoed|Scald|p1a: Terrakion
|-supereffective|p1a: Terrakion
|-damage|p1a: Terrakion|0 fnt
|faint|p1a: Terrakion
|
|-weather|RainDance|[upkeep]
|
|switch|p1a: Kyurem-Black|Kyurem-Black|391\/391
|-ability|p1a: Kyurem-Black|Teravolt
|turn|3
|
|move|p1a: Kyurem-Black|Fusion Bolt|p2a: Politoed
|-supereffective|p2a: Politoed
|-damage|p2a: Politoed|0 fnt
|-damage|p1a: Kyurem-Black|352\/391|[from] item: Life Orb
|faint|p2a: Politoed
|
|-weather|RainDance|[upkeep]
|
|switch|p2a: Kabutops|Kabutops, M|261\/261
|-damage|p2a: Kabutops|229\/261|[from] Stealth Rock
|turn|4
|
|switch|p1a: Mawile|Mawile, M|274\/274
|-ability|p1a: Mawile|Intimidate|[of] p2a: Kabutops
|-unboost|p2a: Kabutops|atk|1
|move|p2a: Kabutops|Stone Edge|p1a: Mawile
|-crit|p1a: Mawile
|-resisted|p1a: Mawile
|-damage|p1a: Mawile|66\/274
|-damage|p2a: Kabutops|203\/261|[from] item: Life Orb
|
|-weather|RainDance|[upkeep]
|turn|5
|
|switch|p1a: Azumarill|Azumarill, M|345\/345
|move|p2a: Kabutops|Aqua Jet|p1a: Azumarill
|-resisted|p1a: Azumarill
|-damage|p1a: Azumarill|290\/345
|-damage|p2a: Kabutops|177\/261|[from] item: Life Orb
|
|-weather|RainDance|[upkeep]
|turn|6
|
|switch|p2a: Ferrothorn|Ferrothorn, M|352\/352
|-damage|p2a: Ferrothorn|330\/352|[from] Stealth Rock
|move|p1a: Azumarill|Aqua Jet|p2a: Ferrothorn
|-resisted|p2a: Ferrothorn
|-damage|p2a: Ferrothorn|286\/352
|-damage|p1a: Azumarill|247\/345|[from] ability: Iron Barbs|[of] p2a: Ferrothorn
|-damage|p1a: Azumarill|190\/345|[from] item: Rocky Helmet|[of] p2a: Ferrothorn
|
|-weather|RainDance|[upkeep]
|turn|7
|
|move|p1a: Azumarill|Knock Off|p2a: Ferrothorn
|-damage|p2a: Ferrothorn|196\/352
|-damage|p1a: Azumarill|147\/345|[from] ability: Iron Barbs|[of] p2a: Ferrothorn
|-damage|p1a: Azumarill|90\/345|[from] item: Rocky Helmet|[of] p2a: Ferrothorn
|-enditem|p2a: Ferrothorn|Rocky Helmet|[from] move: Knock Off|[of] p1a: Azumarill
|move|p2a: Ferrothorn|Stealth Rock|p1a: Azumarill
|-sidestart|p1: jacksonjack|move: Stealth Rock
|
|-weather|RainDance|[upkeep]
|turn|8
|
|switch|p1a: Mawile|Mawile, M|66\/274
|-damage|p1a: Mawile|49\/274|[from] Stealth Rock
|-ability|p1a: Mawile|Intimidate|[of] p2a: Ferrothorn
|-unboost|p2a: Ferrothorn|atk|1
|move|p2a: Ferrothorn|Leech Seed|p1a: Mawile
|-start|p1a: Mawile|move: Leech Seed
|
|-weather|none
|-damage|p1a: Mawile|15\/274|[from] Leech Seed|[of] p2a: Ferrothorn
|-heal|p2a: Ferrothorn|230\/352|[silent]
|turn|9
|
|detailschange|p1a: Mawile|Mawile-Mega, M
|message|Mawile has Mega Evolved into Mega Mawile!
|move|p1a: Mawile|Fire Fang|p2a: Ferrothorn
|-supereffective|p2a: Ferrothorn
|-damage|p2a: Ferrothorn|0 fnt
|-damage|p1a: Mawile|0 fnt|[from] ability: Iron Barbs|[of] p2a: Ferrothorn
|faint|p1a: Mawile
|faint|p2a: Ferrothorn
|
|
|switch|p2a: Tornadus|Tornadus, M|299\/299
|-damage|p2a: Tornadus|225\/299|[from] Stealth Rock
|switch|p1a: Kyurem-Black|Kyurem-Black|352\/391
|-damage|p1a: Kyurem-Black|255\/391|[from] Stealth Rock
|-ability|p1a: Kyurem-Black|Teravolt
|turn|10
|
|move|p2a: Tornadus|Rain Dance|p2a: Tornadus
|-weather|RainDance
|move|p1a: Kyurem-Black|Ice Beam|p2a: Tornadus
|-supereffective|p2a: Tornadus
|-damage|p2a: Tornadus|0 fnt
|-damage|p1a: Kyurem-Black|216\/391|[from] item: Life Orb
|faint|p2a: Tornadus
|
|-weather|RainDance|[upkeep]
|
|switch|p2a: Kabutops|Kabutops, M|177\/261
|-damage|p2a: Kabutops|145\/261|[from] Stealth Rock
|turn|11
|
|switch|p1a: Garchomp|Garchomp, F|357\/357
|-damage|p1a: Garchomp|335\/357|[from] Stealth Rock
|move|p2a: Kabutops|Stone Edge|p1a: Garchomp
|-resisted|p1a: Garchomp
|-damage|p1a: Garchomp|209\/357
|-damage|p2a: Kabutops|119\/261|[from] item: Life Orb
|
|-weather|RainDance|[upkeep]
|turn|12
|
|move|p2a: Kabutops|Waterfall|p1a: Garchomp
|-damage|p1a: Garchomp|0 fnt
|-damage|p2a: Kabutops|87\/261|[from] ability: Rough Skin|[of] p1a: Garchomp
|-damage|p2a: Kabutops|61\/261|[from] item: Life Orb
|faint|p1a: Garchomp
|
|-weather|RainDance|[upkeep]
|
|switch|p1a: Azumarill|Azumarill, M|90\/345
|-damage|p1a: Azumarill|47\/345|[from] Stealth Rock
|turn|13
|
|move|p2a: Kabutops|Aqua Jet|p1a: Azumarill
|-resisted|p1a: Azumarill
|-damage|p1a: Azumarill|0 fnt
|-damage|p2a: Kabutops|35\/261|[from] item: Life Orb
|faint|p1a: Azumarill
|
|-weather|RainDance|[upkeep]
|
|switch|p1a: Gengar|Gengar, M|262\/262
|-damage|p1a: Gengar|230\/262|[from] Stealth Rock
|turn|14
|
|move|p2a: Kabutops|Waterfall|p1a: Gengar
|-damage|p1a: Gengar|0 fnt
|-damage|p2a: Kabutops|9\/261|[from] item: Life Orb
|faint|p1a: Gengar
|
|-weather|RainDance|[upkeep]
|
|switch|p1a: Kyurem-Black|Kyurem-Black|216\/391
|-damage|p1a: Kyurem-Black|119\/391|[from] Stealth Rock
|-ability|p1a: Kyurem-Black|Teravolt
|turn|15
|
|move|p2a: Kabutops|Waterfall|p1a: Kyurem-Black
|-resisted|p1a: Kyurem-Black
|-damage|p1a: Kyurem-Black|0 fnt
|-damage|p2a: Kabutops|0 fnt|[from] item: Life Orb
|faint|p1a: Kyurem-Black
|faint|p2a: Kabutops
|
|win|Cyumown
|raw|Ladder updating...
|raw|jacksonjack's rating: 1764 &rarr; <strong>1740<\/strong><br \/>(-24 for losing)
|raw|Cyumown's rating: 1689 &rarr; <strong>1713<\/strong><br \/>(+24 for winning)
|chat|Cyumown|gg
|leave|jacksonjack
|player|p1