|join|jacksonjack
|join|designer drugs
|player|p1|jacksonjack|80
|player|p2|designer drugs|170
|gametype|singles
|gen|6
|tier|OU
|rated
|clearpoke
|poke|p1|Garchomp, F
|poke|p1|Manectric, F
|poke|p1|Landorus-Therian, M
|poke|p1|Azumarill, F
|poke|p1|Crawdaunt, F
|poke|p1|Gengar, M
|poke|p2|Tyranitar, F
|poke|p2|Landorus, M
|poke|p2|Keldeo-Resolute
|poke|p2|Suicune
|poke|p2|Ferrothorn, M
|poke|p2|Celebi
|rule|Swagger Clause: Swagger is banned
|rule|Baton Pass Clause: Limit one Pokémon knowing Baton Pass
|rule|Sleep Clause Mod: Limit one foe put to sleep
|rule|Species Clause: Limit one of each Pokémon
|rule|OHKO Clause: OHKO moves are banned
|rule|Moody Clause: Moody is banned
|rule|Evasion Moves Clause: Evasion moves are banned
|rule|Endless Battle Clause: Forcing endless battles is banned
|rule|HP Percentage Mod: HP is shown in percentages
|teampreview
|
|start
|switch|p1a: Garchomp|Garchomp, F|357\/357
|switch|p2a: Keldeo-Resolute|Keldeo-Resolute|323\/323
|turn|1
|
|move|p2a: Keldeo-Resolute|Scald|p1a: Garchomp
|-damage|p1a: Garchomp|194\/357
|move|p1a: Garchomp|Stealth Rock|p2a: Keldeo-Resolute
|-sidestart|p2: designer drugs|move: Stealth Rock
|
|turn|2
|
|move|p2a: Keldeo-Resolute|Scald|p1a: Garchomp
|-damage|p1a: Garchomp|29\/357
|-status|p1a: Garchomp|brn
|-enditem|p1a: Garchomp|Lum Berry|[eat]
|-curestatus|p1a: Garchomp|brn
|move|p1a: Garchomp|Earthquake|p2a: Keldeo-Resolute
|-damage|p2a: Keldeo-Resolute|139\/323
|
|turn|3
|
|move|p2a: Keldeo-Resolute|Scald|p1a: Garchomp
|-damage|p1a: Garchomp|0 fnt
|faint|p1a: Garchomp
|
|
|switch|p1a: Gengar|Gengar, M|261\/261
|turn|4
|
|switch|p1a: Azumarill|Azumarill, F|401\/401
|move|p2a: Keldeo-Resolute|Scald|p1a: Azumarill
|-resisted|p1a: Azumarill
|-damage|p1a: Azumarill|343\/401
|
|turn|5
|
|move|p2a: Keldeo-Resolute|Scald|p1a: Azumarill
|-resisted|p1a: Azumarill
|-damage|p1a: Azumarill|287\/401
|move|p1a: Azumarill|Play Rough|p2a: Keldeo-Resolute
|-supereffective|p2a: Keldeo-Resolute
|-damage|p2a: Keldeo-Resolute|0 fnt
|faint|p2a: Keldeo-Resolute
|
|
|switch|p2a: Ferrothorn|Ferrothorn, M|352\/352
|-damage|p2a: Ferrothorn|330\/352|[from] Stealth Rock
|turn|6
|
|move|p1a: Azumarill|Superpower|p2a: Ferrothorn
|-supereffective|p2a: Ferrothorn
|-damage|p2a: Ferrothorn|140\/352
|-damage|p1a: Azumarill|237\/401|[from] ability: Iron Barbs|[of] p2a: Ferrothorn
|-unboost|p1a: Azumarill|atk|1
|-unboost|p1a: Azumarill|def|1
|move|p2a: Ferrothorn|Stealth Rock|p1a: Azumarill
|-sidestart|p1: jacksonjack|move: Stealth Rock
|
|-heal|p2a: Ferrothorn|162\/352|[from] item: Leftovers
|turn|7
|
|move|p1a: Azumarill|Superpower|p2a: Ferrothorn
|-supereffective|p2a: Ferrothorn
|-damage|p2a: Ferrothorn|38\/352
|-damage|p1a: Azumarill|187\/401|[from] ability: Iron Barbs|[of] p2a: Ferrothorn
|-unboost|p1a: Azumarill|atk|1
|-unboost|p1a: Azumarill|def|1
|move|p2a: Ferrothorn|Leech Seed|p1a: Azumarill
|-start|p1a: Azumarill|move: Leech Seed
|
|-heal|p2a: Ferrothorn|60\/352|[from] item: Leftovers
|-damage|p1a: Azumarill|137\/401|[from] Leech Seed|[of] p2a: Ferrothorn
|-heal|p2a: Ferrothorn|110\/352|[silent]
|turn|8
|
|switch|p1a: Gengar|Gengar, M|261\/261
|-damage|p1a: Gengar|229\/261|[from] Stealth Rock
|move|p2a: Ferrothorn|Leech Seed|p1a: Gengar
|-start|p1a: Gengar|move: Leech Seed
|
|-heal|p2a: Ferrothorn|132\/352|[from] item: Leftovers
|-damage|p1a: Gengar|197\/261|[from] Leech Seed|[of] p2a: Ferrothorn
|-heal|p2a: Ferrothorn|164\/352|[silent]
|turn|9
|
|move|p2a: Ferrothorn|Protect|p2a: Ferrothorn
|-singleturn|p2a: Ferrothorn|Protect
|move|p1a: Gengar|Focus Blast|p2a: Ferrothorn
|-activate|p2a: Ferrothorn|Protect
|
|-heal|p2a: Ferrothorn|186\/352|[from] item: Leftovers
|-damage|p1a: Gengar|165\/261|[from] Leech Seed|[of] p2a: Ferrothorn
|-heal|p2a: Ferrothorn|218\/352|[silent]
|turn|10
|
|switch|p2a: Celebi|Celebi|400\/400
|-damage|p2a: Celebi|350\/400|[from] Stealth Rock
|move|p1a: Gengar|Focus Blast|p2a: Celebi
|-resisted|p2a: Celebi
|-damage|p2a: Celebi|282\/400
|-damage|p1a: Gengar|139\/261|[from] item: Life Orb
|
|-heal|p2a: Celebi|307\/400|[from] item: Leftovers
|-damage|p1a: Gengar|107\/261|[from] Leech Seed|[of] p2a: Celebi
|-heal|p2a: Celebi|339\/400|[silent]
|turn|11
|
|move|p1a: Gengar|Focus Blast|p2a: Celebi
|-resisted|p2a: Celebi
|-damage|p2a: Celebi|271\/400
|-damage|p1a: Gengar|81\/261|[from] item: Life Orb
|move|p2a: Celebi|Psychic|p1a: Gengar
|-crit|p1a: Gengar
|-supereffective|p1a: Gengar
|-damage|p1a: Gengar|0 fnt
|faint|p1a: Gengar
|
|-heal|p2a: Celebi|296\/400|[from] item: Leftovers
|
|switch|p1a: Landorus-Therian|Landorus-Therian, M|325\/325
|-damage|p1a: Landorus-Therian|285\/325|[from] Stealth Rock
|-ability|p1a: Landorus-Therian|Intimidate|[of] p2a: Celebi
|-unboost|p2a: Celebi|atk|1
|turn|12
|
|switch|p2a: Ferrothorn|Ferrothorn, M|218\/352
|-damage|p2a: Ferrothorn|196\/352|[from] Stealth Rock
|move|p1a: Landorus-Therian|U-turn|p2a: Ferrothorn
|-damage|p2a: Ferrothorn|141\/352
|-damage|p1a: Landorus-Therian|245\/325|[from] ability: Iron Barbs|[of] p2a: Ferrothorn
|
|switch|p1a: Manectric|Manectric, F|281\/281
|-damage|p1a: Manectric|246\/281|[from] Stealth Rock
|
|-heal|p2a: Ferrothorn|163\/352|[from] item: Leftovers
|turn|13
|
|detailschange|p1a: Manectric|Manectric-Mega, F
|message|Manectric has Mega Evolved into Mega Manectric!
|-ability|p1a: Manectric|Intimidate|[of] p2a: Ferrothorn
|-unboost|p2a: Ferrothorn|atk|1
|move|p2a: Ferrothorn|Protect|p2a: Ferrothorn
|-singleturn|p2a: Ferrothorn|Protect
|move|p1a: Manectric|Overheat|p2a: Ferrothorn
|-activate|p2a: Ferrothorn|Protect
|
|-heal|p2a: Ferrothorn|185\/352|[from] item: Leftovers
|turn|14
|
|switch|p2a: Tyranitar|Tyranitar, F|400\/400
|-damage|p2a: Tyranitar|350\/400|[from] Stealth Rock
|-weather|Sandstorm
|move|p1a: Manectric|Overheat|p2a: Tyranitar
|-resisted|p2a: Tyranitar
|-damage|p2a: Tyranitar|296\/400
|-unboost|p1a: Manectric|spa|2
|
|-weather|Sandstorm|[upkeep]
|-damage|p1a: Manectric|229\/281|[from] sandstorm
|turn|15
|
|detailschange|p2a: Tyranitar|Tyranitar-Mega, F
|message|Tyranitar has Mega Evolved into Mega Tyranitar!
|move|p2a: Tyranitar|Pursuit|p1a: Manectric|[from]Pursuit
|-damage|p1a: Manectric|6\/281
|switch|p1a: Landorus-Therian|Landorus-Therian, M|245\/325
|-damage|p1a: Landorus-Therian|205\/325|[from] Stealth Rock
|-ability|p1a: Landorus-Therian|Intimidate|[of] p2a: Tyranitar
|-unboost|p2a: Tyranitar|atk|1
|
|-weather|Sandstorm|[upkeep]
|turn|16
|
|move|p1a: Landorus-Therian|Earthquake|p2a: Tyranitar
|-supereffective|p2a: Tyranitar
|-damage|p2a: Tyranitar|26\/400
|move|p2a: Tyranitar|Stone Edge|p1a: Landorus-Therian
|-damage|p1a: Landorus-Therian|36\/325
|
|-weather|Sandstorm|[upkeep]
|turn|17
|
|switch|p1a: Manectric|Manectric-Mega, F|6\/281
|-damage|p1a: Manectric|0 fnt|[from] Stealth Rock
|faint|p1a: Manectric
|move|p2a: Tyranitar|Crunch|p1: Manectric|[notarget]
|-notarget
|
|-weather|Sandstorm|[upkeep]
|
|switch|p1a: Azumarill|Azumarill, F|137\/401
|-damage|p1a: Azumarill|87\/401|[from] Stealth Rock
|turn|18
|
|move|p1a: Azumarill|Aqua Jet|p2a: Tyranitar
|-supereffective|p2a: Tyranitar
|-damage|p2a: Tyranitar|0 fnt
|faint|p2a: Tyranitar
|
|-weather|none
|
|switch|p2a: Ferrothorn|Ferrothorn, M|185\/352
|-damage|p2a: Ferrothorn|163\/352|[from] Stealth Rock
|turn|19
|
|move|p2a: Ferrothorn|Protect|p2a: Ferrothorn
|-singleturn|p2a: Ferrothorn|Protect
|move|p1a: Azumarill|Superpower|p2a: Ferrothorn
|-activate|p2a: Ferrothorn|Protect
|
|-heal|p2a: Ferrothorn|185\/352|[from] item: Leftovers
|turn|20
|
|switch|p2a: Celebi|Celebi|296\/400
|-damage|p2a: Celebi|246\/400|[from] Stealth Rock
|move|p1a: Azumarill|Play Rough|p2a: Celebi
|-damage|p2a: Celebi|54\/400
|
|-heal|p2a: Celebi|79\/400|[from] item: Leftovers
|turn|21
|
|move|p2a: Celebi|Psychic|p1a: Azumarill
|-damage|p1a: Azumarill|9\/401
|move|p1a: Azumarill|Play Rough|p2a: Celebi
|-damage|p2a: Celebi|0 fnt
|faint|p2a: Celebi
|
|
|switch|p2a: Furbait ~|Suicune|403\/403
|-damage|p2a: Furbait ~|353\/403|[from] Stealth Rock
|-ability|p2a: Furbait ~|Pressure
|turn|22
|
|switch|p1a: Landorus-Therian|Landorus-Therian, M|36\/325
|-damage|p1a: Landorus-Therian|0 fnt|[from] Stealth Rock
|faint|p1a: Landorus-Therian
|move|p2a: Furbait ~|Scald|p1: Landorus-Therian|[notarget]
|-notarget
|
|-heal|p2a: Furbait ~|378\/403|[from] item: Leftovers
|
|switch|p1a: Crawdaunt|Crawdaunt, F|267\/267
|-damage|p1a: Crawdaunt|234\/267|[from] Stealth Rock
|turn|23
|
|move|p1a: Crawdaunt|Swords Dance|p1a: Crawdaunt
|-boost|p1a: Crawdaunt|atk|2
|move|p2a: Furbait ~|Scald|p1a: Crawdaunt
|-resisted|p1a: Crawdaunt
|-damage|p1a: Crawdaunt|164\/267
|
|-heal|p2a: Furbait ~|403\/403|[from] item: Leftovers
|turn|24
|
|move|p1a: Crawdaunt|Knock Off|p2a: Furbait ~
|-damage|p2a: Furbait ~|21\/403
|-enditem|p2a: Furbait ~|Leftovers|[from] move: Knock Off|[of] p1a: Crawdaunt
|-damage|p1a: Crawdaunt|138\/267|[from] item: Life Orb
|move|p2a: Furbait ~|Scald|p1a: Crawdaunt
|-resisted|p1a: Crawdaunt
|-damage|p1a: Crawdaunt|66\/267
|
|turn|25
|
|move|p1a: Crawdaunt|Knock Off|p2a: Furbait ~
|-damage|p2a: Furbait ~|0 fnt
|-damage|p1a: Crawdaunt|40\/267|[from] item: Life Orb
|faint|p2a: Furbait ~
|
|
|switch|p2a: Ferrothorn|Ferrothorn, M|185\/352
|-damage|p2a: Ferrothorn|163\/352|[from] Stealth Rock
|turn|26
|
|move|p2a: Ferrothorn|Protect|p2a: Ferrothorn
|-singleturn|p2a: Ferrothorn|Protect
|move|p1a: Crawdaunt|Knock Off|p2a: Ferrothorn
|-activate|p2a: Ferrothorn|Protect
|
|-heal|p2a: Ferrothorn|185\/352|[from] item: Leftovers
|turn|27
|
|move|p1a: Crawdaunt|Knock Off|p2a: Ferrothorn
|-damage|p2a: Ferrothorn|0 fnt
|-damage|p1a: Crawdaunt|7\/267|[from] ability: Iron Barbs|[of] p2a: Ferrothorn
|-enditem|p2a: Ferrothorn|Leftovers|[from] move: Knock Off|[of] p1a: Crawdaunt
|-damage|p1a: Crawdaunt|0 fnt|[from] item: Life Orb
|faint|p2a: Ferrothorn
|faint|p1a: Crawdaunt
|
|
|switch|p2a: Landorus|Landorus, M|320\/320
|-damage|p2a: Landorus|280\/320|[from] Stealth Rock
|switch|p1a: Azumarill|Azumarill, F|9\/401
|-damage|p1a: Azumarill|0 fnt|[from] Stealth Rock
|faint|p1a: Azumarill
|
|win|designer drugs
|raw|Ladder updating...
|raw|jacksonjack's rating: 1657 &rarr; <strong>1641<\/strong><br \/>(-16 for losing)
|raw|designer drugs's rating: 1732 &rarr; <strong>1748<\/strong><br \/>(+16 for winning)
|leave|jacksonjack
|player|p1