|join|jacksonjack
|join|u got topor'ed
|player|p1|jacksonjack|80
|player|p2|u got topor'ed|167
|gametype|singles
|gen|6
|tier|OU
|rated
|clearpoke
|poke|p1|Garchomp, M
|poke|p1|Manectric, F
|poke|p1|Landorus-Therian, M
|poke|p1|Azumarill, F
|poke|p1|Crawdaunt, F
|poke|p1|Gengar, M
|poke|p2|Bisharp, F
|poke|p2|Venusaur, F
|poke|p2|Heatran, M
|poke|p2|Keldeo
|poke|p2|Chansey, F
|poke|p2|Skarmory, M
|rule|Swagger Clause: Swagger is banned
|rule|Baton Pass Clause: Limit one Pokémon knowing Baton Pass
|rule|Sleep Clause Mod: Limit one foe put to sleep
|rule|Species Clause: Limit one of each Pokémon
|rule|OHKO Clause: OHKO moves are banned
|rule|Moody Clause: Moody is banned
|rule|Evasion Moves Clause: Evasion moves are banned
|rule|Endless Battle Clause: Forcing endless battles is banned
|rule|HP Percentage Mod: HP is shown in percentages
|teampreview
|
|start
|switch|p1a: Manectric|Manectric, F|281\/281
|switch|p2a: Heatran|Heatran, M|340\/340
|-item|p2a: Heatran|Air Balloon
|turn|1
|
|detailschange|p1a: Manectric|Manectric-Mega, F
|message|Manectric has Mega Evolved into Mega Manectric!
|-ability|p1a: Manectric|Intimidate|[of] p2a: Heatran
|-unboost|p2a: Heatran|atk|1
|move|p1a: Manectric|Volt Switch|p2a: Heatran
|-crit|p2a: Heatran
|-damage|p2a: Heatran|144\/340
|-enditem|p2a: Heatran|Air Balloon
|c|★u got topor'ed|ofc
|
|switch|p1a: Garchomp|Garchomp, M|357\/357
|move|p2a: Heatran|Stealth Rock|p1a: Garchomp
|-sidestart|p1: jacksonjack|move: Stealth Rock
|
|turn|2
|
|switch|p2a: Skarmory|Skarmory, M|334\/334
|move|p1a: Garchomp|Earthquake|p2a: Skarmory
|-immune|p2a: Skarmory|[msg]
|
|turn|3
|
|move|p1a: Garchomp|Stealth Rock|p2a: Skarmory
|-sidestart|p2: u got topor'ed|move: Stealth Rock
|move|p2a: Skarmory|Spikes|p1a: Garchomp
|-sidestart|p1: jacksonjack|Spikes
|
|turn|4
|
|switch|p1a: Manectric|Manectric-Mega, F|281\/281
|-damage|p1a: Manectric|246\/281|[from] Stealth Rock
|-damage|p1a: Manectric|211\/281|[from] Spikes
|-ability|p1a: Manectric|Intimidate|[of] p2a: Skarmory
|-unboost|p2a: Skarmory|atk|1
|move|p2a: Skarmory|Spikes|p1a: Manectric
|-sidestart|p1: jacksonjack|Spikes
|
|turn|5
|
|switch|p2a: Heatran|Heatran, M|144\/340
|-damage|p2a: Heatran|102\/340|[from] Stealth Rock
|move|p1a: Manectric|Volt Switch|p2a: Heatran
|-damage|p2a: Heatran|0 fnt
|faint|p2a: Heatran
|
|switch|p1a: Garchomp|Garchomp, M|357\/357
|-damage|p1a: Garchomp|298\/357|[from] Spikes
|-damage|p1a: Garchomp|276\/357|[from] Stealth Rock
|
|
|switch|p2a: Keldeo|Keldeo|323\/323
|-damage|p2a: Keldeo|303\/323|[from] Stealth Rock
|turn|6
|
|move|p2a: Keldeo|Scald|p1a: Garchomp
|-damage|p1a: Garchomp|125\/357
|-status|p1a: Garchomp|brn
|-enditem|p1a: Garchomp|Lum Berry|[eat]
|-curestatus|p1a: Garchomp|brn
|move|p1a: Garchomp|Dragon Claw|p2a: Keldeo
|-damage|p2a: Keldeo|150\/323
|
|-heal|p2a: Keldeo|170\/323|[from] item: Leftovers
|turn|7
|
|move|p2a: Keldeo|Scald|p1a: Garchomp
|-damage|p1a: Garchomp|0 fnt
|faint|p1a: Garchomp
|
|-heal|p2a: Keldeo|190\/323|[from] item: Leftovers
|
|switch|p1a: Manectric|Manectric-Mega, F|211\/281
|-damage|p1a: Manectric|176\/281|[from] Stealth Rock
|-damage|p1a: Manectric|130\/281|[from] Spikes
|-ability|p1a: Manectric|Intimidate|[of] p2a: Keldeo
|-unboost|p2a: Keldeo|atk|1
|turn|8
|
|switch|p2a: Chansey|Chansey, F|684\/684
|-damage|p2a: Chansey|599\/684|[from] Stealth Rock
|move|p1a: Manectric|Volt Switch|p2a: Chansey
|-damage|p2a: Chansey|520\/684
|
|switch|p1a: Crawdaunt|Crawdaunt, F|267\/267
|-damage|p1a: Crawdaunt|234\/267|[from] Stealth Rock
|-damage|p1a: Crawdaunt|190\/267|[from] Spikes
|
|turn|9
|
|move|p1a: Crawdaunt|Swords Dance|p1a: Crawdaunt
|-boost|p1a: Crawdaunt|atk|2
|move|p2a: Chansey|Thunder Wave|p1a: Crawdaunt
|-status|p1a: Crawdaunt|par
|
|turn|10
|
|move|p2a: Chansey|Seismic Toss|p1a: Crawdaunt
|-damage|p1a: Crawdaunt|90\/267 par
|move|p1a: Crawdaunt|Knock Off|p2a: Chansey
|-damage|p2a: Chansey|0 fnt
|-enditem|p2a: Chansey|Eviolite|[from] move: Knock Off|[of] p1a: Crawdaunt
|-damage|p1a: Crawdaunt|64\/267 par|[from] item: Life Orb
|faint|p2a: Chansey
|
|
|switch|p2a: Venusaur|Venusaur, F|364\/364
|-damage|p2a: Venusaur|319\/364|[from] Stealth Rock
|turn|11
|
|detailschange|p2a: Venusaur|Venusaur-Mega, F
|message|Venusaur has Mega Evolved into Mega Venusaur!
|move|p1a: Crawdaunt|Aqua Jet|p2a: Venusaur
|-resisted|p2a: Venusaur
|-damage|p2a: Venusaur|250\/364
|-damage|p1a: Crawdaunt|38\/267 par|[from] item: Life Orb
|move|p2a: Venusaur|Giga Drain|p1a: Crawdaunt
|-supereffective|p1a: Crawdaunt
|-damage|p1a: Crawdaunt|0 fnt
|-heal|p2a: Venusaur|269\/364|[from] drain|[of] p1a: Crawdaunt
|faint|p1a: Crawdaunt
|
|
|switch|p1a: Gengar|Gengar, M|261\/261
|-damage|p1a: Gengar|229\/261|[from] Stealth Rock
|turn|12
|
|switch|p2a: Bisharp|Bisharp, F|334\/334
|-damage|p2a: Bisharp|314\/334|[from] Stealth Rock
|move|p1a: Gengar|Shadow Ball|p2a: Bisharp
|-crit|p2a: Bisharp
|-resisted|p2a: Bisharp
|-damage|p2a: Bisharp|111\/334
|-unboost|p2a: Bisharp|spd|1
|-boost|p2a: Bisharp|atk|2|[from] ability: Defiant
|-damage|p1a: Gengar|203\/261|[from] item: Life Orb
|
|-heal|p2a: Bisharp|131\/334|[from] item: Leftovers
|turn|13
|c|★u got topor'ed|LOL
|
|switch|p1a: Azumarill|Azumarill, F|401\/401
|-damage|p1a: Azumarill|351\/401|[from] Stealth Rock
|-damage|p1a: Azumarill|285\/401|[from] Spikes
|move|p2a: Bisharp|Sucker Punch|p1a: Azumarill
|-fail|p1a: Azumarill
|
|-heal|p2a: Bisharp|151\/334|[from] item: Leftovers
|turn|14
|c|★u got topor'ed|awesome hax fag
|
|switch|p2a: Venusaur|Venusaur-Mega, F|269\/364
|-damage|p2a: Venusaur|224\/364|[from] Stealth Rock
|move|p1a: Azumarill|Aqua Jet|p2a: Venusaur
|-resisted|p2a: Venusaur
|-damage|p2a: Venusaur|196\/364
|
|turn|15
|
|switch|p1a: Manectric|Manectric-Mega, F|130\/281
|-damage|p1a: Manectric|95\/281|[from] Stealth Rock
|-damage|p1a: Manectric|49\/281|[from] Spikes
|-ability|p1a: Manectric|Intimidate|[of] p2a: Venusaur
|-unboost|p2a: Venusaur|atk|1
|move|p2a: Venusaur|Leech Seed|p1a: Manectric
|-start|p1a: Manectric|move: Leech Seed
|
|-damage|p1a: Manectric|14\/281|[from] Leech Seed|[of] p2a: Venusaur
|-heal|p2a: Venusaur|231\/364|[silent]
|turn|16
|
|move|p1a: Manectric|Overheat|p2a: Venusaur
|-supereffective|p2a: Venusaur
|-damage|p2a: Venusaur|89\/364
|-unboost|p1a: Manectric|spa|2
|move|p2a: Venusaur|Synthesis|p2a: Venusaur
|-heal|p2a: Venusaur|271\/364
|
|-damage|p1a: Manectric|0 fnt|[from] Leech Seed|[of] p2a: Venusaur
|-heal|p2a: Venusaur|285\/364|[silent]
|faint|p1a: Manectric
|
|switch|p1a: Gengar|Gengar, M|203\/261
|-damage|p1a: Gengar|171\/261|[from] Stealth Rock
|turn|17
|
|move|p1a: Gengar|Shadow Ball|p2a: Venusaur
|-damage|p2a: Venusaur|124\/364
|-unboost|p2a: Venusaur|spd|1
|-damage|p1a: Gengar|145\/261|[from] item: Life Orb
|move|p2a: Venusaur|Leech Seed|p1a: Gengar
|-start|p1a: Gengar|move: Leech Seed
|
|-damage|p1a: Gengar|113\/261|[from] Leech Seed|[of] p2a: Venusaur
|-heal|p2a: Venusaur|156\/364|[silent]
|turn|18
|c|★u got topor'ed|LOL
|c|★u got topor'ed|AGAIN
|c|★u got topor'ed|U HACKING?
|
|switch|p2a: Bisharp|Bisharp, F|151\/334
|-damage|p2a: Bisharp|131\/334|[from] Stealth Rock
|move|p1a: Gengar|Shadow Ball|p2a: Bisharp
|-resisted|p2a: Bisharp
|-damage|p2a: Bisharp|2\/334
|-damage|p1a: Gengar|87\/261|[from] item: Life Orb
|
|-heal|p2a: Bisharp|22\/334|[from] item: Leftovers
|-damage|p1a: Gengar|55\/261|[from] Leech Seed|[of] p2a: Bisharp
|-heal|p2a: Bisharp|54\/334|[silent]
|turn|19
|
|switch|p1a: Azumarill|Azumarill, F|285\/401
|-damage|p1a: Azumarill|219\/401|[from] Spikes
|-damage|p1a: Azumarill|169\/401|[from] Stealth Rock
|move|p2a: Bisharp|Sucker Punch|p1a: Azumarill
|-fail|p1a: Azumarill
|
|-heal|p2a: Bisharp|74\/334|[from] item: Leftovers
|turn|20
|
|switch|p2a: Keldeo|Keldeo|190\/323
|-damage|p2a: Keldeo|170\/323|[from] Stealth Rock
|switch|p1a: Gengar|Gengar, M|55\/261
|-damage|p1a: Gengar|23\/261|[from] Stealth Rock
|
|-heal|p2a: Keldeo|190\/323|[from] item: Leftovers
|turn|21
|
|move|p1a: Gengar|Shadow Ball|p2a: Keldeo
|-damage|p2a: Keldeo|0 fnt
|-damage|p1a: Gengar|0 fnt|[from] item: Life Orb
|faint|p2a: Keldeo
|faint|p1a: Gengar
|
|
|switch|p1a: Landorus-Therian|Landorus-Therian, M|325\/325
|-damage|p1a: Landorus-Therian|285\/325|[from] Stealth Rock
|switch|p2a: Skarmory|Skarmory, M|334\/334
|-damage|p2a: Skarmory|293\/334|[from] Stealth Rock
|-ability|p1a: Landorus-Therian|Intimidate|[of] p2a: Skarmory
|-unboost|p2a: Skarmory|atk|1
|turn|22
|
|move|p1a: Landorus-Therian|Superpower|p2a: Skarmory
|-damage|p2a: Skarmory|196\/334
|-damage|p1a: Landorus-Therian|231\/325|[from] item: Rocky Helmet|[of] p2a: Skarmory
|-unboost|p1a: Landorus-Therian|atk|1
|-unboost|p1a: Landorus-Therian|def|1
|move|p2a: Skarmory|Spikes|p1a: Landorus-Therian
|-sidestart|p1: jacksonjack|Spikes
|
|turn|23
|
|switch|p1a: Azumarill|Azumarill, F|169\/401
|-damage|p1a: Azumarill|69\/401|[from] Spikes
|-damage|p1a: Azumarill|19\/401|[from] Stealth Rock
|move|p2a: Skarmory|Roost|p2a: Skarmory
|-heal|p2a: Skarmory|334\/334
|
|turn|24
|
|switch|p2a: Venusaur|Venusaur-Mega, F|156\/364
|-damage|p2a: Venusaur|111\/364|[from] Stealth Rock
|move|p1a: Azumarill|Waterfall|p2a: Venusaur
|-crit|p2a: Venusaur
|-resisted|p2a: Venusaur
|-damage|p2a: Venusaur|36\/364
|
|turn|25
|
|move|p1a: Azumarill|Aqua Jet|p2a: Venusaur
|-resisted|p2a: Venusaur
|-damage|p2a: Venusaur|10\/364
|move|p2a: Venusaur|Synthesis|p2a: Venusaur
|-heal|p2a: Venusaur|192\/364
|
|turn|26
|
|move|p2a: Venusaur|Synthesis|p2a: Venusaur
|-heal|p2a: Venusaur|364\/364
|move|p1a: Azumarill|Play Rough|p2a: Venusaur
|-crit|p2a: Venusaur
|-resisted|p2a: Venusaur
|-damage|p2a: Venusaur|276\/364
|
|turn|27
|-message|jacksonjack forfeited.
|
|win|u got topor'ed
|raw|Ladder updating...
|leave|jacksonjack
|player|p1
|raw|jacksonjack's rating: 1758 &rarr; <strong>1739<\/strong><br \/>(-19 for losing)
|raw|u got topor&apos;ed's rating: 1770 &rarr; <strong>1789<\/strong><br \/>(+19 for winning)
|c|★u got topor'ed|LOL