|join|r. strauss
|join|yuricon
|player|p1|r. strauss|170
|player|p2|yuricon|2
|gametype|singles
|gen|6
|tier|UU
|rated
|rule|Sleep Clause Mod: Limit one foe put to sleep
|rule|Species Clause: Limit one of each Pokémon
|rule|OHKO Clause: OHKO moves are banned
|rule|Moody Clause: Moody is banned
|rule|Evasion Moves Clause: Evasion moves are banned
|rule|Endless Battle Clause: Forcing endless battles is banned
|rule|HP Percentage Mod: HP is shown in percentages
|clearpoke
|poke|p1|Alomomola, M
|poke|p1|Amoonguss, F
|poke|p1|Honchkrow, F
|poke|p1|Mew
|poke|p1|Swampert, M
|poke|p1|Darmanitan, F
|poke|p2|Ampharos, F
|poke|p2|Crobat, F
|poke|p2|Forretress, F
|poke|p2|Umbreon, F
|poke|p2|Victini
|poke|p2|Swampert, M
|rule|Swagger Clause: Swagger is banned
|rule|Baton Pass Clause: Limit one Pokémon knowing Baton Pass
|teampreview
|
|start
|switch|p1a: Amoonguss|Amoonguss, F|432\/432
|switch|p2a: Victini|Victini|341\/341
|turn|1
|
|switch|p1a: Swampert|Swampert, M|404\/404
|move|p2a: Victini|Energy Ball|p1a: Swampert
|-supereffective|p1a: Swampert
|-damage|p1a: Swampert|144\/404
|
|-heal|p1a: Swampert|169\/404|[from] item: Leftovers
|turn|2
|
|switch|p2a: Forretress|Forretress, F|354\/354
|switch|p1a: Mew|Mew|404\/404
|
|turn|3
|
|switch|p2a: Victini|Victini|341\/341
|move|p1a: Mew|Knock Off|p2a: Victini
|-supereffective|p2a: Victini
|-damage|p2a: Victini|193\/341
|-enditem|p2a: Victini|Choice Band|[from] move: Knock Off|[of] p1a: Mew
|
|turn|4
|
|switch|p1a: Alomomola|Alomomola, M|534\/534
|move|p2a: Victini|U-turn|p1a: Alomomola
|-damage|p1a: Alomomola|479\/534
|-damage|p2a: Victini|137\/341|[from] item: Rocky Helmet|[of] p1a: Alomomola
|
|switch|p2a: Ampharos|Ampharos, F|384\/384
|
|turn|5
|
|switch|p1a: Swampert|Swampert, M|169\/404
|detailschange|p2a: Ampharos|Ampharos-Mega, F
|message|Ampharos has Mega Evolved into Mega Ampharos!
|-ability|p2a: Ampharos|Mold Breaker
|move|p2a: Ampharos|Dragon Pulse|p1a: Swampert
|-damage|p1a: Swampert|0 fnt
|faint|p1a: Swampert
|
|
|switch|p1a: Amoonguss|Amoonguss, F|432\/432
|turn|6
|
|move|p2a: Ampharos|Volt Switch|p1a: Amoonguss
|-resisted|p1a: Amoonguss
|-damage|p1a: Amoonguss|337\/432
|
|switch|p2a: Umbreon|Umbreon, F|394\/394
|move|p1a: Amoonguss|Spore|p2a: Umbreon
|-status|p2a: Umbreon|slp
|
|-heal|p1a: Amoonguss|364\/432|[from] item: Black Sludge
|turn|7
|
|switch|p1a: Darmanitan|Darmanitan, F|351\/351
|cant|p2a: Umbreon|slp
|
|turn|8
|
|move|p1a: Darmanitan|U-turn|p2a: Umbreon
|-supereffective|p2a: Umbreon
|-damage|p2a: Umbreon|268\/394 slp
|
|switch|p1a: Honchkrow|Honchkrow, F|342\/342
|cant|p2a: Umbreon|slp
|
|-heal|p2a: Umbreon|292\/394 slp|[from] item: Leftovers
|turn|9
|
|move|p1a: Honchkrow|Brave Bird|p2a: Umbreon
|-damage|p2a: Umbreon|97\/394 slp
|-damage|p1a: Honchkrow|278\/342|[from] recoil|[of] p2a: Umbreon
|-damage|p1a: Honchkrow|244\/342|[from] item: Life Orb
|cant|p2a: Umbreon|slp
|
|-heal|p2a: Umbreon|121\/394 slp|[from] item: Leftovers
|turn|10
|
|-curestatus|p2a: Umbreon|slp
|move|p2a: Umbreon|Protect|p2a: Umbreon
|-singleturn|p2a: Umbreon|Protect
|move|p1a: Honchkrow|Brave Bird|p2a: Umbreon
|-activate|p2a: Umbreon|Protect
|
|-heal|p2a: Umbreon|145\/394|[from] item: Leftovers
|turn|11
|
|switch|p2a: Swampert|Swampert, M|404\/404
|move|p1a: Honchkrow|Brave Bird|p2a: Swampert
|-damage|p2a: Swampert|186\/404
|-damage|p1a: Honchkrow|172\/342|[from] recoil|[of] p2a: Swampert
|-damage|p1a: Honchkrow|138\/342|[from] item: Life Orb
|
|-heal|p2a: Swampert|211\/404|[from] item: Leftovers
|turn|12
|
|move|p1a: Honchkrow|Brave Bird|p2a: Swampert
|-damage|p2a: Swampert|0 fnt
|-damage|p1a: Honchkrow|68\/342|[from] recoil|[of] p2a: Swampert
|-damage|p1a: Honchkrow|34\/342|[from] item: Life Orb
|faint|p2a: Swampert
|-boost|p1a: Honchkrow|atk|1|[from] ability: Moxie
|
|
|switch|p2a: Forretress|Forretress, F|354\/354
|turn|13
|
|move|p1a: Honchkrow|Roost|p1a: Honchkrow
|-heal|p1a: Honchkrow|205\/342
|move|p2a: Forretress|Volt Switch|p1a: Honchkrow
|-damage|p1a: Honchkrow|145\/342
|
|switch|p2a: Ampharos|Ampharos-Mega, F|384\/384
|-ability|p2a: Ampharos|Mold Breaker
|
|turn|14
|
|move|p1a: Honchkrow|Sucker Punch|p2a: Ampharos
|-damage|p2a: Ampharos|99\/384
|-damage|p1a: Honchkrow|111\/342|[from] item: Life Orb
|move|p2a: Ampharos|Volt Switch|p1a: Honchkrow
|-supereffective|p1a: Honchkrow
|-damage|p1a: Honchkrow|0 fnt
|faint|p1a: Honchkrow
|
|switch|p2a: Victini|Victini|137\/341
|
|
|switch|p1a: Alomomola|Alomomola, M|534\/534
|turn|15
|
|move|p2a: Victini|U-turn|p1a: Alomomola
|-damage|p1a: Alomomola|477\/534
|-damage|p2a: Victini|81\/341|[from] item: Rocky Helmet|[of] p1a: Alomomola
|
|switch|p2a: Umbreon|Umbreon, F|145\/394
|move|p1a: Alomomola|Scald|p2a: Umbreon
|-damage|p2a: Umbreon|109\/394
|
|-heal|p2a: Umbreon|133\/394|[from] item: Leftovers
|turn|16
|
|switch|p1a: Darmanitan|Darmanitan, F|351\/351
|move|p2a: Umbreon|Wish|p2a: Umbreon
|
|-heal|p2a: Umbreon|157\/394|[from] item: Leftovers
|turn|17
|
|move|p2a: Umbreon|Protect|p2a: Umbreon
|-singleturn|p2a: Umbreon|Protect
|move|p1a: Darmanitan|U-turn|p2a: Umbreon
|-activate|p2a: Umbreon|Protect
|
|-heal|p2a: Umbreon|354\/394|[from] move: Wish|[wisher] Umbreon
|-heal|p2a: Umbreon|378\/394|[from] item: Leftovers
|turn|18
|
|move|p1a: Darmanitan|U-turn|p2a: Umbreon
|-supereffective|p2a: Umbreon
|-damage|p2a: Umbreon|252\/394
|
|switch|p1a: Mew|Mew|404\/404
|move|p2a: Umbreon|Wish|p2a: Umbreon
|
|-heal|p2a: Umbreon|276\/394|[from] item: Leftovers
|turn|19
|
|switch|p2a: Victini|Victini|81\/341
|move|p1a: Mew|Knock Off|p2a: Victini
|-crit|p2a: Victini
|-supereffective|p2a: Victini
|-damage|p2a: Victini|0 fnt
|faint|p2a: Victini
|
|
|switch|p2a: Umbreon|Umbreon, F|276\/394
|turn|20
|
|move|p1a: Mew|Knock Off|p2a: Umbreon
|-resisted|p2a: Umbreon
|-damage|p2a: Umbreon|248\/394
|-enditem|p2a: Umbreon|Leftovers|[from] move: Knock Off|[of] p1a: Mew
|move|p2a: Umbreon|Wish|p2a: Umbreon
|
|turn|21
|
|switch|p1a: Darmanitan|Darmanitan, F|351\/351
|move|p2a: Umbreon|Baton Pass|p2a: Umbreon
|
|switch|p2a: Ampharos|Ampharos-Mega, F|99\/384
|-ability|p2a: Ampharos|Mold Breaker
|
|-heal|p2a: Ampharos|296\/384|[from] move: Wish|[wisher] Umbreon
|turn|22
|
|move|p1a: Darmanitan|U-turn|p2a: Ampharos
|-damage|p2a: Ampharos|213\/384
|
|switch|p1a: Amoonguss|Amoonguss, F|432\/432
|move|p2a: Ampharos|Volt Switch|p1a: Amoonguss
|-resisted|p1a: Amoonguss
|-damage|p1a: Amoonguss|330\/432
|
|switch|p2a: Crobat|Crobat, F|335\/335
|
|-heal|p1a: Amoonguss|357\/432|[from] item: Black Sludge
|turn|23
|
|switch|p1a: Alomomola|Alomomola, M|534\/534
|move|p2a: Crobat|Super Fang|p1a: Alomomola
|-damage|p1a: Alomomola|267\/534
|-damage|p2a: Crobat|280\/335|[from] item: Rocky Helmet|[of] p1a: Alomomola
|
|turn|24
|
|switch|p2a: Umbreon|Umbreon, F|248\/394
|move|p1a: Alomomola|Toxic|p2a: Umbreon
|-status|p2a: Umbreon|tox
|-status|p1a: Alomomola|tox
|
|-damage|p2a: Umbreon|224\/394 tox|[from] psn
|-damage|p1a: Alomomola|234\/534 tox|[from] psn
|turn|25
|
|switch|p1a: Darmanitan|Darmanitan, F|351\/351
|move|p2a: Umbreon|Heal Bell|p2a: Umbreon
|-cureteam|p2a: Umbreon|[from] move: HealBell
|
|turn|26
|
|switch|p2a: Forretress|Forretress, F|354\/354
|move|p1a: Darmanitan|Flare Blitz|p2a: Forretress
|-supereffective|p2a: Forretress
|-activate|p2a: Forretress|Sturdy
|-damage|p2a: Forretress|1\/354
|-damage|p1a: Darmanitan|235\/351|[from] recoil|[of] p2a: Forretress
|
|-heal|p2a: Forretress|23\/354|[from] item: Leftovers
|turn|27
|
|move|p1a: Darmanitan|Flare Blitz|p2a: Forretress
|-supereffective|p2a: Forretress
|-damage|p2a: Forretress|0 fnt
|-damage|p1a: Darmanitan|227\/351|[from] recoil|[of] p2a: Forretress
|faint|p2a: Forretress
|
|
|switch|p2a: Crobat|Crobat, F|280\/335
|turn|28
|
|switch|p1a: Mew|Mew|404\/404
|move|p2a: Crobat|Brave Bird|p1a: Mew
|-damage|p1a: Mew|218\/404
|-damage|p2a: Crobat|219\/335|[from] recoil|[of] p1a: Mew
|
|-heal|p1a: Mew|243\/404|[from] item: Leftovers
|turn|29
|join|goldenpanic
|
|switch|p2a: Umbreon|Umbreon, F|224\/394
|move|p1a: Mew|Soft-Boiled|p1a: Mew
|-heal|p1a: Mew|404\/404
|
|turn|30
|
|switch|p1a: Amoonguss|Amoonguss, F|432\/432
|move|p2a: Umbreon|Wish|p2a: Umbreon
|
|turn|31
|
|switch|p2a: Ampharos|Ampharos-Mega, F|213\/384
|-ability|p2a: Ampharos|Mold Breaker
|move|p1a: Amoonguss|Spore|p2a: Ampharos
|-status|p2a: Ampharos|slp
|
|-heal|p2a: Ampharos|384\/384 slp|[from] move: Wish|[wisher] Umbreon
|turn|32
|
|switch|p2a: Umbreon|Umbreon, F|224\/394
|switch|p1a: Darmanitan|Darmanitan, F|227\/351
|
|turn|33
|join|Crunchemkrook
|
|move|p1a: Darmanitan|Flare Blitz|p2a: Umbreon
|-crit|p2a: Umbreon
|-damage|p2a: Umbreon|0 fnt
|-damage|p1a: Darmanitan|153\/351|[from] recoil|[of] p2a: Umbreon
|faint|p2a: Umbreon
|
|
|switch|p2a: Crobat|Crobat, F|219\/335
|turn|34
|
|switch|p1a: Alomomola|Alomomola, M|412\/534 tox
|move|p2a: Crobat|U-turn|p1a: Alomomola
|-damage|p1a: Alomomola|351\/534 tox
|-damage|p2a: Crobat|164\/335|[from] item: Rocky Helmet|[of] p1a: Alomomola
|
|switch|p2a: Ampharos|Ampharos-Mega, F|384\/384 slp
|-ability|p2a: Ampharos|Mold Breaker
|
|-damage|p1a: Alomomola|318\/534 tox|[from] psn
|turn|35
|
|switch|p1a: Darmanitan|Darmanitan, F|153\/351
|cant|p2a: Ampharos|slp
|
|turn|36
|
|move|p1a: Darmanitan|Earthquake|p2a: Ampharos
|-supereffective|p2a: Ampharos
|-damage|p2a: Ampharos|130\/384 slp
|cant|p2a: Ampharos|slp
|
|turn|37
|
|move|p1a: Darmanitan|Earthquake|p2a: Ampharos
|-supereffective|p2a: Ampharos
|-damage|p2a: Ampharos|0 fnt
|faint|p2a: Ampharos
|
|
|switch|p2a: Crobat|Crobat, F|164\/335
|turn|38
|
|switch|p1a: Alomomola|Alomomola, M|496\/534 tox
|move|p2a: Crobat|Brave Bird|p1a: Alomomola
|-damage|p1a: Alomomola|346\/534 tox
|-damage|p2a: Crobat|109\/335|[from] item: Rocky Helmet|[of] p1a: Alomomola
|-damage|p2a: Crobat|59\/335|[from] recoil|[of] p1a: Alomomola
|
|-damage|p1a: Alomomola|313\/534 tox|[from] psn
|turn|39
|c|★yuricon|gg
|c|★r. strauss|gg
|-message|yuricon forfeited.
|
|win|r. strauss
|raw|Ladder updating...
|leave|yuricon
|player|p2
|raw|r. strauss's rating: 1287 &rarr; <strong>1319<\/strong><br \/>(+32 for winning)
|raw|yuricon's rating: 1394 &rarr; <strong>1368<\/strong><br \/>(-26 for losing)