|join|RestePaisible
|join|unknown9999
|player|p1|RestePaisible|23
|player|p2|unknown9999|169
|gametype|singles
|gen|6
|tier|OU
|rated
|clearpoke
|poke|p1|Hippowdon, F
|poke|p1|Keldeo
|poke|p1|Slowbro, M
|poke|p1|Amoonguss, M
|poke|p1|Charizard, F
|poke|p1|Chansey, F
|poke|p2|Ninetales, M
|poke|p2|Victreebel, M
|poke|p2|Landorus-Therian, M
|poke|p2|Zapdos
|poke|p2|Scizor, F
|poke|p2|Houndoom, M
|rule|Swagger Clause: Swagger is banned
|rule|Baton Pass Clause: Limit one Pokémon knowing Baton Pass
|rule|Sleep Clause Mod: Limit one foe put to sleep
|rule|Species Clause: Limit one of each Pokémon
|rule|OHKO Clause: OHKO moves are banned
|rule|Moody Clause: Moody is banned
|rule|Evasion Moves Clause: Evasion moves are banned
|rule|Endless Battle Clause: Forcing endless battles is banned
|rule|HP Percentage Mod: HP is shown in percentages
|teampreview
|
|start
|switch|p1a: Charizard|Charizard, F|298\/298
|switch|p2a: Scizor|Scizor, F|343\/343
|turn|1
|
|switch|p2a: Zapdos|Zapdos|384\/384
|-ability|p2a: Zapdos|Pressure
|detailschange|p1a: Charizard|Charizard-Mega-X, F
|message|Charizard has Mega Evolved into Mega Charizard!
|move|p1a: Charizard|Dragon Dance|p1a: Charizard
|-boost|p1a: Charizard|atk|1
|-boost|p1a: Charizard|spe|1
|
|turn|2
|
|move|p1a: Charizard|Dragon Claw|p2a: Zapdos
|-damage|p2a: Zapdos|41\/384
|move|p2a: Zapdos|Discharge|p1a: Charizard
|-resisted|p1a: Charizard
|-damage|p1a: Charizard|231\/298
|
|-heal|p2a: Zapdos|65\/384|[from] item: Leftovers
|turn|3
|
|switch|p2a: Landorus-Therian|Landorus-Therian, M|357\/357
|-ability|p2a: Landorus-Therian|Intimidate|[of] p1a: Charizard
|-unboost|p1a: Charizard|atk|1
|move|p1a: Charizard|Dragon Claw|p2a: Landorus-Therian
|-damage|p2a: Landorus-Therian|198\/357
|
|-heal|p2a: Landorus-Therian|220\/357|[from] item: Leftovers
|turn|4
|
|switch|p1a: Hippowdon|Hippowdon, F|420\/420
|-weather|Sandstorm
|move|p2a: Landorus-Therian|Stealth Rock|p1a: Hippowdon
|-sidestart|p1: RestePaisible|move: Stealth Rock
|
|-weather|Sandstorm|[upkeep]
|-heal|p2a: Landorus-Therian|242\/357|[from] item: Leftovers
|turn|5
|
|move|p2a: Landorus-Therian|U-turn|p1a: Hippowdon
|-damage|p1a: Hippowdon|375\/420
|
|switch|p2a: Zapdos|Zapdos|65\/384
|-ability|p2a: Zapdos|Pressure
|move|p1a: Hippowdon|Stealth Rock|p2a: Zapdos
|-sidestart|p2: unknown9999|move: Stealth Rock
|
|-weather|Sandstorm|[upkeep]
|-damage|p2a: Zapdos|41\/384|[from] sandstorm
|-heal|p2a: Zapdos|65\/384|[from] item: Leftovers
|-heal|p1a: Hippowdon|401\/420|[from] item: Leftovers
|turn|6
|
|move|p2a: Zapdos|Defog|p1a: Hippowdon
|-unboost|p1a: Hippowdon|evasion|1
|-sideend|p1: RestePaisible|Stealth Rock|[from] move: Defog|[of] p1a: Hippowdon
|-sideend|p2: unknown9999|Stealth Rock|[from] move: Defog|[of] p2a: Zapdos
|move|p1a: Hippowdon|Earthquake|p2a: Zapdos
|-immune|p2a: Zapdos|[msg]
|
|-weather|Sandstorm|[upkeep]
|-damage|p2a: Zapdos|41\/384|[from] sandstorm
|-heal|p2a: Zapdos|65\/384|[from] item: Leftovers
|-heal|p1a: Hippowdon|420\/420|[from] item: Leftovers
|turn|7
|
|switch|p1a: Charizard|Charizard-Mega-X, F|231\/298
|move|p2a: Zapdos|Heat Wave|p1a: Charizard
|-resisted|p1a: Charizard
|-damage|p1a: Charizard|206\/298
|
|-weather|Sandstorm|[upkeep]
|-damage|p1a: Charizard|188\/298|[from] sandstorm
|-damage|p2a: Zapdos|41\/384|[from] sandstorm
|-heal|p2a: Zapdos|65\/384|[from] item: Leftovers
|turn|8
|
|switch|p2a: Landorus-Therian|Landorus-Therian, M|242\/357
|-ability|p2a: Landorus-Therian|Intimidate|[of] p1a: Charizard
|-unboost|p1a: Charizard|atk|1
|move|p1a: Charizard|Dragon Claw|p2a: Landorus-Therian
|-damage|p2a: Landorus-Therian|130\/357
|
|-weather|none
|-heal|p2a: Landorus-Therian|152\/357|[from] item: Leftovers
|turn|9
|
|switch|p1a: Hippowdon|Hippowdon, F|420\/420
|-weather|Sandstorm
|move|p2a: Landorus-Therian|U-turn|p1a: Hippowdon
|-damage|p1a: Hippowdon|374\/420
|
|switch|p2a: Ninetales|Ninetales, M|287\/287
|-weather|SunnyDay
|
|-weather|SunnyDay|[upkeep]
|-heal|p1a: Hippowdon|400\/420|[from] item: Leftovers
|turn|10
|
|switch|p1a: Chansey|Chansey, F|704\/704
|move|p2a: Ninetales|Fire Blast|p1a: Chansey
|-damage|p1a: Chansey|547\/704
|
|-weather|SunnyDay|[upkeep]
|turn|11
|
|move|p2a: Ninetales|Hypnosis|p1a: Chansey|[miss]
|-miss|p2a: Ninetales|p1a: Chansey
|move|p1a: Chansey|Thunder Wave|p2a: Ninetales
|-status|p2a: Ninetales|par
|
|-weather|SunnyDay|[upkeep]
|turn|12
|
|switch|p2a: Zapdos|Zapdos|65\/384
|-ability|p2a: Zapdos|Pressure
|move|p1a: Chansey|Seismic Toss|p2a: Zapdos
|-damage|p2a: Zapdos|0 fnt
|faint|p2a: Zapdos
|
|-weather|SunnyDay|[upkeep]
|
|switch|p2a: Houndoom|Houndoom, M|291\/291
|turn|13
|
|move|p2a: Houndoom|Taunt|p1a: Chansey
|-start|p1a: Chansey|move: Taunt
|cant|p1a: Chansey|move: Taunt|Thunder Wave
|
|-weather|SunnyDay|[upkeep]
|turn|14
|
|detailschange|p2a: Houndoom|Houndoom-Mega, M
|message|Houndoom has Mega Evolved into Mega Houndoom!
|move|p2a: Houndoom|Nasty Plot|p2a: Houndoom
|-boost|p2a: Houndoom|spa|2
|move|p1a: Chansey|Seismic Toss|p2a: Houndoom
|-damage|p2a: Houndoom|191\/291
|
|-weather|SunnyDay|[upkeep]
|-damage|p2a: Houndoom|155\/291|[from] ability: Solar Power
|turn|15
|
|move|p2a: Houndoom|Fire Blast|p1a: Chansey|[miss]
|-miss|p2a: Houndoom|p1a: Chansey
|move|p1a: Chansey|Seismic Toss|p2a: Houndoom
|-damage|p2a: Houndoom|55\/291
|
|-weather|SunnyDay|[upkeep]
|-damage|p2a: Houndoom|19\/291|[from] ability: Solar Power
|-end|p1a: Chansey|move: Taunt
|turn|16
|
|move|p2a: Houndoom|Fire Blast|p1a: Chansey
|-crit|p1a: Chansey
|-damage|p1a: Chansey|0 fnt
|faint|p1a: Chansey
|
|-weather|none
|
|switch|p1a: Hippowdon|Hippowdon, F|400\/420
|-weather|Sandstorm
|turn|17
|c|★RestePaisible|lucky crit
|
|switch|p1a: Slowbro|Slowbro, M|394\/394
|move|p2a: Houndoom|Taunt|p1a: Slowbro
|-start|p1a: Slowbro|move: Taunt
|
|-weather|Sandstorm|[upkeep]
|-damage|p2a: Houndoom|1\/291|[from] sandstorm
|-damage|p1a: Slowbro|370\/394|[from] sandstorm
|turn|18
|
|switch|p1a: Hippowdon|Hippowdon, F|400\/420
|move|p2a: Houndoom|Dark Pulse|p1a: Hippowdon
|-damage|p1a: Hippowdon|13\/420
|
|-weather|Sandstorm|[upkeep]
|-damage|p2a: Houndoom|0 fnt|[from] sandstorm
|-heal|p1a: Hippowdon|39\/420|[from] item: Leftovers
|faint|p2a: Houndoom
|
|switch|p2a: Scizor|Scizor, F|343\/343
|turn|19
|
|move|p2a: Scizor|Pursuit|p1a: Hippowdon
|-damage|p1a: Hippowdon|0 fnt
|faint|p1a: Hippowdon
|
|-weather|Sandstorm|[upkeep]
|
|switch|p1a: Slowbro|Slowbro, M|394\/394
|turn|20
|
|switch|p2a: Ninetales|Ninetales, M|287\/287 par
|-weather|SunnyDay
|move|p1a: Slowbro|Flamethrower|p2a: Ninetales
|-resisted|p2a: Ninetales
|-damage|p2a: Ninetales|238\/287 par
|
|-weather|SunnyDay|[upkeep]
|turn|21
|
|move|p1a: Slowbro|Scald|p2a: Ninetales
|-supereffective|p2a: Ninetales
|-damage|p2a: Ninetales|148\/287 par
|move|p2a: Ninetales|Hypnosis|p1a: Slowbro
|-status|p1a: Slowbro|slp
|
|-weather|SunnyDay|[upkeep]
|turn|22
|
|switch|p1a: Amoonguss|Amoonguss, M|432\/432
|switch|p2a: Victreebel|Victreebel, M|301\/301
|
|-weather|SunnyDay|[upkeep]
|turn|23
|
|move|p2a: Victreebel|Weather Ball|p1a: Amoonguss
|-supereffective|p1a: Amoonguss
|-damage|p1a: Amoonguss|94\/432
|-damage|p2a: Victreebel|271\/301|[from] item: Life Orb
|move|p1a: Amoonguss|Sludge Bomb|p2a: Victreebel
|-damage|p2a: Victreebel|142\/301
|
|-weather|SunnyDay|[upkeep]
|-heal|p1a: Amoonguss|121\/432|[from] item: Black Sludge
|turn|24
|
|switch|p1a: Slowbro|Slowbro, M|394\/394 slp
|move|p2a: Victreebel|Weather Ball|p1a: Slowbro
|-resisted|p1a: Slowbro
|-damage|p1a: Slowbro|259\/394 slp
|-damage|p2a: Victreebel|112\/301|[from] item: Life Orb
|
|-weather|SunnyDay|[upkeep]
|turn|25
|
|move|p2a: Victreebel|Weather Ball|p1a: Slowbro
|-resisted|p1a: Slowbro
|-damage|p1a: Slowbro|121\/394 slp
|-damage|p2a: Victreebel|82\/301|[from] item: Life Orb
|cant|p1a: Slowbro|slp
|
|-weather|SunnyDay|[upkeep]
|turn|26
|
|move|p2a: Victreebel|Weather Ball|p1a: Slowbro
|-resisted|p1a: Slowbro
|-damage|p1a: Slowbro|0 fnt
|-damage|p2a: Victreebel|52\/301|[from] item: Life Orb
|faint|p1a: Slowbro
|
|-weather|SunnyDay|[upkeep]
|
|switch|p1a: Keldeo|Keldeo|323\/323
|turn|27
|
|move|p2a: Victreebel|Sludge Bomb|p1a: Keldeo
|-damage|p1a: Keldeo|128\/323
|-damage|p2a: Victreebel|22\/301|[from] item: Life Orb
|move|p1a: Keldeo|Secret Sword|p2a: Victreebel
|-resisted|p2a: Victreebel
|-damage|p2a: Victreebel|0 fnt
|faint|p2a: Victreebel
|
|-weather|none
|
|switch|p2a: Scizor|Scizor, F|343\/343
|turn|28
|
|switch|p1a: Amoonguss|Amoonguss, M|265\/432
|move|p2a: Scizor|U-turn|p1a: Amoonguss
|-damage|p1a: Amoonguss|0 fnt
|faint|p1a: Amoonguss
|
|switch|p2a: Landorus-Therian|Landorus-Therian, M|152\/357
|
|-heal|p2a: Landorus-Therian|174\/357|[from] item: Leftovers
|
|switch|p1a: Keldeo|Keldeo|128\/323
|turn|29
|
|switch|p2a: Ninetales|Ninetales, M|148\/287 par
|-weather|SunnyDay
|move|p1a: Keldeo|Hydro Pump|p2a: Ninetales
|-supereffective|p2a: Ninetales
|-damage|p2a: Ninetales|0 fnt
|faint|p2a: Ninetales
|
|-weather|SunnyDay|[upkeep]
|
|switch|p2a: Scizor|Scizor, F|343\/343
|turn|30
|
|switch|p1a: Charizard|Charizard-Mega-X, F|188\/298
|move|p2a: Scizor|U-turn|p1a: Charizard
|-resisted|p1a: Charizard
|-damage|p1a: Charizard|100\/298
|
|switch|p2a: Landorus-Therian|Landorus-Therian, M|174\/357
|-ability|p2a: Landorus-Therian|Intimidate|[of] p1a: Charizard
|-unboost|p1a: Charizard|atk|1
|
|-weather|SunnyDay|[upkeep]
|-heal|p2a: Landorus-Therian|196\/357|[from] item: Leftovers
|turn|31
|
|move|p1a: Charizard|Roost|p1a: Charizard
|-heal|p1a: Charizard|249\/298
|move|p2a: Landorus-Therian|Stone Edge|p1a: Charizard
|-supereffective|p1a: Charizard
|-damage|p1a: Charizard|53\/298
|
|-weather|SunnyDay|[upkeep]
|-heal|p2a: Landorus-Therian|218\/357|[from] item: Leftovers
|turn|32
|
|move|p1a: Charizard|Dragon Claw|p2a: Landorus-Therian
|-damage|p2a: Landorus-Therian|113\/357
|move|p2a: Landorus-Therian|Stone Edge|p1a: Charizard
|-supereffective|p1a: Charizard
|-damage|p1a: Charizard|0 fnt
|faint|p1a: Charizard
|
|-weather|SunnyDay|[upkeep]
|-heal|p2a: Landorus-Therian|135\/357|[from] item: Leftovers
|
|switch|p1a: Keldeo|Keldeo|128\/323
|turn|33
|
|move|p1a: Keldeo|Scald|p2a: Landorus-Therian
|-supereffective|p2a: Landorus-Therian
|-damage|p2a: Landorus-Therian|0 fnt
|faint|p2a: Landorus-Therian
|
|-weather|SunnyDay|[upkeep]
|
|switch|p2a: Scizor|Scizor, F|343\/343
|turn|34
|c|★RestePaisible|gg
|
|move|p2a: Scizor|Bullet Punch|p1a: Keldeo
|-resisted|p1a: Keldeo
|-damage|p1a: Keldeo|31\/323
|move|p1a: Keldeo|Scald|p2a: Scizor
|-damage|p2a: Scizor|223\/343
|-status|p2a: Scizor|brn
|
|-weather|SunnyDay|[upkeep]
|-damage|p2a: Scizor|181\/343 brn|[from] brn
|turn|35
|
|move|p2a: Scizor|Bullet Punch|p1a: Keldeo
|-resisted|p1a: Keldeo
|-damage|p1a: Keldeo|0 fnt
|faint|p1a: Keldeo
|
|win|unknown9999
|raw|Ladder updating...
|raw|RestePaisible's rating: 1560 &rarr; <strong>1540<\/strong><br \/>(-20 for losing)
|raw|unknown9999's rating: 1560 &rarr; <strong>1580<\/strong><br \/>(+20 for winning)
|c|★unknown9999|Good Game
|leave|RestePaisible
|player|p1