|join|terry41
|join|STFO
|player|p1|terry41|17
|player|p2|STFO|102
|gametype|singles
|gen|6
|tier|OU
|rated
|clearpoke
|poke|p1|Heracross, F
|poke|p1|Rotom-Wash
|poke|p1|Tyranitar, M
|poke|p1|Excadrill, F
|poke|p1|Latios, M
|poke|p1|Thundurus, M
|poke|p2|Rotom-Wash
|poke|p2|Heatran, M
|poke|p2|Breloom, M
|poke|p2|Tyranitar, F
|poke|p2|Conkeldurr, M
|poke|p2|Gengar, M
|rule|Swagger Clause: Swagger is banned
|rule|Baton Pass Clause: Limit one Pokémon knowing Baton Pass
|rule|Sleep Clause Mod: Limit one foe put to sleep
|rule|Species Clause: Limit one of each Pokémon
|rule|OHKO Clause: OHKO moves are banned
|rule|Moody Clause: Moody is banned
|rule|Evasion Moves Clause: Evasion moves are banned
|rule|Endless Battle Clause: Forcing endless battles is banned
|rule|HP Percentage Mod: HP is shown in percentages
|teampreview
|
|start
|switch|p1a: Heracross|Heracross, F|301\/301
|switch|p2a: Heatran|Heatran, M|386\/386
|turn|1
|
|detailschange|p1a: Heracross|Heracross-Mega, F
|message|Heracross has Mega Evolved into Mega Heracross!
|move|p1a: Heracross|Close Combat|p2a: Heatran
|-supereffective|p2a: Heatran
|-damage|p2a: Heatran|0 fnt
|-unboost|p1a: Heracross|def|1
|-unboost|p1a: Heracross|spd|1
|faint|p2a: Heatran
|
|
|switch|p2a: Gengar|Gengar, M|262\/262
|turn|2
|
|switch|p1a: Tyranitar|Tyranitar, M|341\/341
|-weather|Sandstorm
|move|p2a: Gengar|Shadow Ball|p1a: Tyranitar
|-resisted|p1a: Tyranitar
|-damage|p1a: Tyranitar|283\/341
|-damage|p2a: Gengar|236\/262|[from] item: Life Orb
|
|-weather|Sandstorm|[upkeep]
|-damage|p2a: Gengar|220\/262|[from] sandstorm
|turn|3
|
|switch|p1a: Thundurus|Thundurus, M|299\/299
|move|p2a: Gengar|Substitute|p2a: Gengar
|-start|p2a: Gengar|Substitute
|-damage|p2a: Gengar|155\/262
|
|-weather|Sandstorm|[upkeep]
|-damage|p1a: Thundurus|281\/299|[from] sandstorm
|-damage|p2a: Gengar|139\/262|[from] sandstorm
|turn|4
|
|move|p1a: Thundurus|Thunderbolt|p2a: Gengar
|-end|p2a: Gengar|Substitute
|-damage|p1a: Thundurus|252\/299|[from] item: Life Orb
|move|p2a: Gengar|Sludge Bomb|p1a: Thundurus
|-damage|p1a: Thundurus|17\/299
|-damage|p2a: Gengar|113\/262|[from] item: Life Orb
|
|-weather|Sandstorm|[upkeep]
|-damage|p1a: Thundurus|0 fnt|[from] sandstorm
|-damage|p2a: Gengar|97\/262|[from] sandstorm
|faint|p1a: Thundurus
|
|switch|p1a: Heracross|Heracross-Mega, F|301\/301
|turn|5
|
|move|p2a: Gengar|Sludge Bomb|p1a: Heracross
|-damage|p1a: Heracross|89\/301
|-damage|p2a: Gengar|71\/262|[from] item: Life Orb
|move|p1a: Heracross|Rock Blast|p2a: Gengar
|-damage|p2a: Gengar|3\/262
|-damage|p2a: Gengar|0 fnt
|-hitcount|p2a: Gengar|2
|faint|p2a: Gengar
|
|-weather|Sandstorm|[upkeep]
|-damage|p1a: Heracross|71\/301|[from] sandstorm
|
|switch|p2a: Rotom-Wash|Rotom-Wash|304\/304
|turn|6
|
|move|p1a: Heracross|Close Combat|p2a: Rotom-Wash
|-damage|p2a: Rotom-Wash|91\/304
|-unboost|p1a: Heracross|def|1
|-unboost|p1a: Heracross|spd|1
|move|p2a: Rotom-Wash|Hydro Pump|p1a: Heracross|[miss]
|-miss|p2a: Rotom-Wash|p1a: Heracross
|
|-weather|none
|-heal|p2a: Rotom-Wash|110\/304|[from] item: Leftovers
|turn|7
|c|★STFO|-.-"""
|
|move|p1a: Heracross|Close Combat|p2a: Rotom-Wash
|-damage|p2a: Rotom-Wash|0 fnt
|-unboost|p1a: Heracross|def|1
|-unboost|p1a: Heracross|spd|1
|faint|p2a: Rotom-Wash
|
|
|switch|p2a: Conkeldurr|Conkeldurr, M|414\/414
|turn|8
|
|switch|p1a: Rotom-Wash|Rotom-Wash|304\/304
|move|p2a: Conkeldurr|Knock Off|p1a: Rotom-Wash
|-damage|p1a: Rotom-Wash|225\/304
|-enditem|p1a: Rotom-Wash|Leftovers|[from] move: Knock Off|[of] p2a: Conkeldurr
|
|turn|9
|
|move|p1a: Rotom-Wash|Hydro Pump|p2a: Conkeldurr
|-damage|p2a: Conkeldurr|302\/414
|move|p2a: Conkeldurr|Drain Punch|p1a: Rotom-Wash
|-damage|p1a: Rotom-Wash|138\/304
|-heal|p2a: Conkeldurr|346\/414|[from] drain|[of] p1a: Rotom-Wash
|
|turn|10
|
|move|p1a: Rotom-Wash|Pain Split|p2a: Conkeldurr
|-sethp|p2a: Conkeldurr|242\/414|p1a: Rotom-Wash|242\/304|[from] move: Pain Split
|move|p2a: Conkeldurr|Ice Punch|p1a: Rotom-Wash
|-resisted|p1a: Rotom-Wash
|-damage|p1a: Rotom-Wash|214\/304
|
|turn|11
|
|switch|p2a: Breloom|Breloom, M|320\/320
|move|p1a: Rotom-Wash|Hydro Pump|p2a: Breloom|[miss]
|-miss|p1a: Rotom-Wash|p2a: Breloom
|
|-status|p2a: Breloom|tox|[from] item: Toxic Orb
|turn|12
|
|switch|p1a: Tyranitar|Tyranitar, M|283\/341
|-weather|Sandstorm
|move|p2a: Breloom|Spore|p1a: Tyranitar
|-status|p1a: Tyranitar|slp
|
|-weather|Sandstorm|[upkeep]
|-damage|p2a: Breloom|300\/320 tox|[from] sandstorm
|-heal|p2a: Breloom|320\/320 tox|[from] ability: Poison Heal
|turn|13
|
|switch|p1a: Rotom-Wash|Rotom-Wash|214\/304
|move|p2a: Breloom|Leech Seed|p1a: Rotom-Wash
|-start|p1a: Rotom-Wash|move: Leech Seed
|
|-weather|Sandstorm|[upkeep]
|-damage|p1a: Rotom-Wash|195\/304|[from] sandstorm
|-damage|p2a: Breloom|300\/320 tox|[from] sandstorm
|-damage|p1a: Rotom-Wash|157\/304|[from] Leech Seed|[of] p2a: Breloom
|-heal|p2a: Breloom|320\/320 tox|[silent]
|turn|14
|
|move|p1a: Rotom-Wash|Volt Switch|p2a: Breloom
|-resisted|p2a: Breloom
|-damage|p2a: Breloom|272\/320 tox
|
|switch|p1a: Heracross|Heracross-Mega, F|71\/301
|move|p2a: Breloom|Bulk Up|p2a: Breloom
|-boost|p2a: Breloom|atk|1
|-boost|p2a: Breloom|def|1
|
|-weather|Sandstorm|[upkeep]
|-damage|p1a: Heracross|53\/301|[from] sandstorm
|-damage|p2a: Breloom|252\/320 tox|[from] sandstorm
|-heal|p2a: Breloom|292\/320 tox|[from] ability: Poison Heal
|turn|15
|
|move|p1a: Heracross|Pin Missile|p2a: Breloom
|-damage|p2a: Breloom|244\/320 tox
|-damage|p2a: Breloom|196\/320 tox
|-damage|p2a: Breloom|147\/320 tox
|-damage|p2a: Breloom|93\/320 tox
|-damage|p2a: Breloom|39\/320 tox
|-hitcount|p2a: Breloom|5
|move|p2a: Breloom|Drain Punch|p1a: Heracross
|-resisted|p1a: Heracross
|-damage|p1a: Heracross|0 fnt
|-heal|p2a: Breloom|66\/320 tox|[from] drain|[of] p1a: Heracross
|faint|p1a: Heracross
|
|-weather|Sandstorm|[upkeep]
|-damage|p2a: Breloom|46\/320 tox|[from] sandstorm
|-heal|p2a: Breloom|86\/320 tox|[from] ability: Poison Heal
|
|switch|p1a: Excadrill|Excadrill, F|362\/362
|turn|16
|
|move|p1a: Excadrill|Earthquake|p2a: Breloom
|-resisted|p2a: Breloom
|-damage|p2a: Breloom|0 fnt
|-damage|p1a: Excadrill|326\/362|[from] item: Life Orb
|faint|p2a: Breloom
|
|-weather|none
|
|switch|p2a: Conkeldurr|Conkeldurr, M|242\/414
|turn|17
|
|move|p1a: Excadrill|Earthquake|p2a: Conkeldurr
|-damage|p2a: Conkeldurr|0 fnt
|-damage|p1a: Excadrill|290\/362|[from] item: Life Orb
|faint|p2a: Conkeldurr
|
|
|switch|p2a: Tyranitar|Tyranitar, F|355\/355
|-weather|Sandstorm
|turn|18
|
|detailschange|p2a: Tyranitar|Tyranitar-Mega, F
|message|Tyranitar has Mega Evolved into Mega Tyranitar!
|move|p1a: Excadrill|Earthquake|p2a: Tyranitar
|-supereffective|p2a: Tyranitar
|-damage|p2a: Tyranitar|4\/355
|-damage|p1a: Excadrill|254\/362|[from] item: Life Orb
|move|p2a: Tyranitar|Dragon Dance|p2a: Tyranitar
|-boost|p2a: Tyranitar|atk|1
|-boost|p2a: Tyranitar|spe|1
|
|-weather|Sandstorm|[upkeep]
|turn|19
|
|move|p1a: Excadrill|Iron Head|p2a: Tyranitar
|-supereffective|p2a: Tyranitar
|-damage|p2a: Tyranitar|0 fnt
|-damage|p1a: Excadrill|218\/362|[from] item: Life Orb
|faint|p2a: Tyranitar
|
|win|terry41
|raw|Ladder updating...
|leave|STFO
|player|p2
|raw|Ladder (probably) updated, but score could not be retrieved (timeout).
|raw|Ladder (probably) updated, but score could not be retrieved (Error: socket hang up).