|join|Truhax
|join|terry41
|player|p1|Truhax|10
|player|p2|terry41|17
|gametype|singles
|gen|6
|tier|OU
|rated
|clearpoke
|poke|p1|Zoroark, F
|poke|p1|Manectric, M
|poke|p1|Starmie
|poke|p1|Talonflame, M
|poke|p1|Keldeo
|poke|p1|Landorus-Therian, M
|poke|p2|Heracross, M
|poke|p2|Rotom-Wash
|poke|p2|Tyranitar, M
|poke|p2|Excadrill, M
|poke|p2|Latios, M
|poke|p2|Talonflame, F
|rule|Swagger Clause: Swagger is banned
|rule|Baton Pass Clause: Limit one Pokémon knowing Baton Pass
|rule|Sleep Clause Mod: Limit one foe put to sleep
|rule|Species Clause: Limit one of each Pokémon
|rule|OHKO Clause: OHKO moves are banned
|rule|Moody Clause: Moody is banned
|rule|Evasion Moves Clause: Evasion moves are banned
|rule|Endless Battle Clause: Forcing endless battles is banned
|rule|HP Percentage Mod: HP is shown in percentages
|teampreview
|
|start
|switch|p1a: Keldeo|Keldeo|261\/261
|switch|p2a: Tyranitar|Tyranitar, M|403\/403
|-weather|Sandstorm
|turn|1
|
|switch|p2a: Latios|Latios, M|302\/302
|move|p1a: Keldeo|Night Daze|p2a: Latios
|-supereffective|p2a: Latios
|-damage|p2a: Latios|0 fnt
|faint|p2a: Latios
|
|-weather|Sandstorm|[upkeep]
|-damage|p1a: Keldeo|245\/261|[from] sandstorm
|
|switch|p2a: Tyranitar|Tyranitar, M|403\/403
|turn|2
|c|★Truhax|that is my absolute favorite part of this game
|
|switch|p1a: Landorus-Therian|Landorus-Therian, M|382\/382
|-ability|p1a: Landorus-Therian|Intimidate|[of] p2a: Tyranitar
|-unboost|p2a: Tyranitar|atk|1
|move|p2a: Tyranitar|Stealth Rock|p1a: Landorus-Therian
|-sidestart|p1: Truhax|move: Stealth Rock
|
|-weather|Sandstorm|[upkeep]
|turn|3
|
|move|p1a: Landorus-Therian|Stealth Rock|p2a: Tyranitar
|-sidestart|p2: terry41|move: Stealth Rock
|move|p2a: Tyranitar|Ice Beam|p1a: Landorus-Therian
|-supereffective|p1a: Landorus-Therian
|-damage|p1a: Landorus-Therian|66\/382
|
|-weather|Sandstorm|[upkeep]
|-heal|p1a: Landorus-Therian|89\/382|[from] item: Leftovers
|turn|4
|
|move|p1a: Landorus-Therian|Earthquake|p2a: Tyranitar
|-supereffective|p2a: Tyranitar
|-damage|p2a: Tyranitar|187\/403
|move|p2a: Tyranitar|Dark Pulse|p1a: Landorus-Therian
|-damage|p1a: Landorus-Therian|0 fnt
|faint|p1a: Landorus-Therian
|
|-weather|Sandstorm|[upkeep]
|-heal|p2a: Tyranitar|212\/403|[from] item: Leftovers
|
|switch|p1a: Starmie|Starmie|261\/261
|-damage|p1a: Starmie|229\/261|[from] Stealth Rock
|turn|5
|
|switch|p2a: Rotom-Wash|Rotom-Wash|304\/304
|-damage|p2a: Rotom-Wash|266\/304|[from] Stealth Rock
|move|p1a: Starmie|Rapid Spin|p2a: Rotom-Wash
|-damage|p2a: Rotom-Wash|256\/304
|-sideend|p1: Truhax|Stealth Rock|[from] move: Rapid Spin|[of] p1a: Starmie
|
|-weather|none
|-heal|p2a: Rotom-Wash|275\/304|[from] item: Leftovers
|turn|6
|
|switch|p1a: Manectric|Manectric, M|281\/281
|move|p2a: Rotom-Wash|Will-O-Wisp|p1a: Manectric
|-status|p1a: Manectric|brn
|
|-heal|p2a: Rotom-Wash|294\/304|[from] item: Leftovers
|-damage|p1a: Manectric|246\/281 brn|[from] brn
|turn|7
|
|detailschange|p1a: Manectric|Manectric-Mega, M
|message|Manectric has Mega Evolved into Mega Manectric!
|-ability|p1a: Manectric|Intimidate|[of] p2a: Rotom-Wash
|-unboost|p2a: Rotom-Wash|atk|1
|move|p1a: Manectric|Volt Switch|p2a: Rotom-Wash
|-damage|p2a: Rotom-Wash|170\/304
|
|switch|p1a: Starmie|Starmie|229\/261
|move|p2a: Rotom-Wash|Volt Switch|p1a: Starmie
|-supereffective|p1a: Starmie
|-damage|p1a: Starmie|103\/261
|
|switch|p2a: Talonflame|Talonflame, F|319\/319
|-damage|p2a: Talonflame|160\/319|[from] Stealth Rock
|
|turn|8
|
|switch|p1a: Manectric|Manectric-Mega, M|246\/281 brn
|-ability|p1a: Manectric|Intimidate|[of] p2a: Talonflame
|-unboost|p2a: Talonflame|atk|1
|move|p2a: Talonflame|Brave Bird|p1a: Manectric
|-resisted|p1a: Manectric
|-damage|p1a: Manectric|164\/281 brn
|-damage|p2a: Talonflame|133\/319|[from] recoil|[of] p1a: Manectric
|-damage|p2a: Talonflame|102\/319|[from] item: Life Orb
|
|-damage|p1a: Manectric|129\/281 brn|[from] brn
|turn|9
|
|move|p2a: Talonflame|Tailwind|p2a: Talonflame
|-sidestart|p2: terry41|move: Tailwind
|move|p1a: Manectric|Volt Switch|p2a: Talonflame
|-supereffective|p2a: Talonflame
|-damage|p2a: Talonflame|0 fnt
|faint|p2a: Talonflame
|
|switch|p1a: Keldeo|Keldeo|322\/322
|
|
|switch|p2a: Heracross|Heracross, M|301\/301
|-damage|p2a: Heracross|264\/301|[from] Stealth Rock
|turn|10
|
|detailschange|p2a: Heracross|Heracross-Mega, M
|message|Heracross has Mega Evolved into Mega Heracross!
|move|p2a: Heracross|Close Combat|p1a: Keldeo
|-damage|p1a: Keldeo|0 fnt
|-unboost|p2a: Heracross|def|1
|-unboost|p2a: Heracross|spd|1
|faint|p1a: Keldeo
|
|
|switch|p1a: Talonflame|Talonflame, M|298\/298
|turn|11
|
|move|p1a: Talonflame|Brave Bird|p2a: Heracross
|-supereffective|p2a: Heracross
|-damage|p2a: Heracross|0 fnt
|-damage|p1a: Talonflame|211\/298|[from] recoil|[of] p2a: Heracross
|faint|p2a: Heracross
|
|
|switch|p2a: Tyranitar|Tyranitar, M|212\/403
|-damage|p2a: Tyranitar|162\/403|[from] Stealth Rock
|-weather|Sandstorm
|turn|12
|
|switch|p1a: Starmie|Starmie|103\/261
|switch|p2a: Rotom-Wash|Rotom-Wash|170\/304
|-damage|p2a: Rotom-Wash|132\/304|[from] Stealth Rock
|
|-weather|Sandstorm|[upkeep]
|-damage|p2a: Rotom-Wash|113\/304|[from] sandstorm
|-damage|p1a: Starmie|87\/261|[from] sandstorm
|-heal|p2a: Rotom-Wash|132\/304|[from] item: Leftovers
|-sideend|p2: terry41|move: Tailwind
|turn|13
|
|move|p1a: Starmie|Psyshock|p2a: Rotom-Wash
|-damage|p2a: Rotom-Wash|50\/304
|move|p2a: Rotom-Wash|Volt Switch|p1a: Starmie
|-supereffective|p1a: Starmie
|-damage|p1a: Starmie|0 fnt
|faint|p1a: Starmie
|
|switch|p2a: Excadrill|Excadrill, M|362\/362
|-damage|p2a: Excadrill|351\/362|[from] Stealth Rock
|
|-weather|Sandstorm|[upkeep]
|
|switch|p1a: Talonflame|Talonflame, M|211\/298
|turn|14
|
|move|p1a: Talonflame|Brave Bird|p2a: Excadrill
|-crit|p2a: Excadrill
|-resisted|p2a: Excadrill
|-damage|p2a: Excadrill|82\/362
|-damage|p1a: Talonflame|122\/298|[from] recoil|[of] p2a: Excadrill
|move|p2a: Excadrill|Rock Slide|p1a: Talonflame
|-supereffective|p1a: Talonflame
|-damage|p1a: Talonflame|0 fnt
|-damage|p2a: Excadrill|46\/362|[from] item: Life Orb
|faint|p1a: Talonflame
|
|-weather|Sandstorm|[upkeep]
|
|switch|p1a: Manectric|Manectric-Mega, M|129\/281 brn
|-ability|p1a: Manectric|Intimidate|[of] p2a: Excadrill
|-unboost|p2a: Excadrill|atk|1
|turn|15
|
|move|p2a: Excadrill|Earthquake|p1a: Manectric
|-supereffective|p1a: Manectric
|-damage|p1a: Manectric|0 fnt
|-damage|p2a: Excadrill|10\/362|[from] item: Life Orb
|faint|p1a: Manectric
|
|-weather|Sandstorm|[upkeep]
|
|switch|p1a: Zoroark|Zoroark, F|245\/261
|turn|16
|c|★Truhax|gg
|
|move|p2a: Excadrill|Earthquake|p1a: Zoroark
|-damage|p1a: Zoroark|0 fnt
|-damage|p2a: Excadrill|0 fnt|[from] item: Life Orb
|faint|p1a: Zoroark
|faint|p2a: Excadrill
|
|win|terry41
|raw|Ladder updating...
|raw|Truhax's rating: 1564 &rarr; <strong>1550<\/strong><br \/>(-14 for losing)
|raw|terry41's rating: 1662 &rarr; <strong>1676<\/strong><br \/>(+14 for winning)
|c|★terry41|gg'
|leave|Truhax
|player|p1