|join|MegamasterX49
|join|terry41
|player|p1|MegamasterX49|290
|player|p2|terry41|17
|gametype|singles
|gen|6
|tier|OU
|clearpoke
|poke|p1|Metagross
|poke|p1|Thundurus, M
|poke|p1|Bisharp, F
|poke|p1|Rotom-Wash
|poke|p1|Landorus-Therian, M
|poke|p1|Keldeo
|poke|p2|Diancie
|poke|p2|Dragonite, F
|poke|p2|Magnezone
|poke|p2|Wobbuffet, M
|poke|p2|Mandibuzz, F
|poke|p2|Ferrothorn, F
|rule|Swagger Clause: Swagger is banned
|rule|Baton Pass Clause: Limit one Pokémon knowing Baton Pass
|rule|Sleep Clause Mod: Limit one foe put to sleep
|rule|Species Clause: Limit one of each Pokémon
|rule|OHKO Clause: OHKO moves are banned
|rule|Moody Clause: Moody is banned
|rule|Evasion Moves Clause: Evasion moves are banned
|rule|Endless Battle Clause: Forcing endless battles is banned
|rule|HP Percentage Mod: HP is shown in percentages
|teampreview
|join|Heftanite
|join|Assaltwaffle
|c|★MegamasterX49|Oh god my screens lagging so much
|
|start
|switch|p1a: Bisharp|Bisharp, F|271\/271
|switch|p2a: Ferrothorn|Ferrothorn, F|352\/352
|turn|1
|
|switch|p1a: Landorus-Therian|Landorus-Therian, M|382\/382
|-ability|p1a: Landorus-Therian|Intimidate|[of] p2a: Ferrothorn
|-unboost|p2a: Ferrothorn|atk|1
|move|p2a: Ferrothorn|Stealth Rock|p1a: Landorus-Therian
|-sidestart|p1: MegamasterX49|move: Stealth Rock
|
|turn|2
|
|move|p1a: Landorus-Therian|Stealth Rock|p2a: Ferrothorn
|-sidestart|p2: terry41|move: Stealth Rock
|move|p2a: Ferrothorn|Leech Seed|p1a: Landorus-Therian
|-start|p1a: Landorus-Therian|move: Leech Seed
|
|-damage|p1a: Landorus-Therian|335\/382|[from] Leech Seed|[of] p2a: Ferrothorn
|turn|3
|
|switch|p1a: Keldeo|Keldeo|323\/323
|-damage|p1a: Keldeo|303\/323|[from] Stealth Rock
|move|p2a: Ferrothorn|Protect|p2a: Ferrothorn
|-fail|p2a: Ferrothorn
|
|turn|4
|c| Heftanite|Nice Earth Plate, Mega.
|c| Heftanite|OpieOP
|c|★MegamasterX49|Hello?
|c|★MegamasterX49|I have Lefties
|c| Heftanite|I didn't see any leftovers.
|c|★MegamasterX49|I didn't either O__O
|c| Heftanite|Kappa
|c|★MegamasterX49|That's a problem
|join|hirvimetsa
|c| Heftanite|Scruuuuuuuuuuub.
|c| hirvimetsa|found you
|c|★MegamasterX49|I'll send you the team, it's supposed to be leffties
|c| Heftanite|I figured.
|c|★MegamasterX49|lefties*
|join|EonBen3
|c| Heftanite|Most SR Landos are.
|
|move|p1a: Keldeo|Icy Wind|p2a: Ferrothorn
|-damage|p2a: Ferrothorn|303\/352
|-unboost|p2a: Ferrothorn|spe|1
|move|p2a: Ferrothorn|Leech Seed|p1a: Keldeo
|-start|p1a: Keldeo|move: Leech Seed
|
|-heal|p2a: Ferrothorn|325\/352|[from] item: Leftovers
|-damage|p1a: Keldeo|263\/323|[from] Leech Seed|[of] p2a: Ferrothorn
|-heal|p2a: Ferrothorn|352\/352|[silent]
|turn|5
|c| hirvimetsa|Heftanite
|c| hirvimetsa|i like that
|c|★MegamasterX49|Ugh
|c| Heftanite|Terry ain't even breaking a sweat.
|c|★MegamasterX49|xD
|c|★MegamasterX49|I over predicted
|
|switch|p1a: Thundurus|Thundurus, M|299\/299
|-damage|p1a: Thundurus|225\/299|[from] Stealth Rock
|move|p2a: Ferrothorn|Leech Seed|p1a: Thundurus
|-start|p1a: Thundurus|move: Leech Seed
|
|-heal|p1a: Thundurus|243\/299|[from] item: Leftovers
|-damage|p1a: Thundurus|206\/299|[from] Leech Seed|[of] p2a: Ferrothorn
|turn|6
|c| Heftanite|He didn't.
|
|move|p1a: Thundurus|Taunt|p2a: Ferrothorn
|-start|p2a: Ferrothorn|move: Taunt
|move|p2a: Ferrothorn|Gyro Ball|p1a: Thundurus
|-resisted|p1a: Thundurus
|-damage|p1a: Thundurus|131\/299
|
|-heal|p1a: Thundurus|149\/299|[from] item: Leftovers
|-damage|p1a: Thundurus|112\/299|[from] Leech Seed|[of] p2a: Ferrothorn
|turn|7
|c| Heftanite|He just is playing you like a fiddle.
|c|★MegamasterX49|I'm getting hefted
|c| EonBen3|yep
|
|switch|p1a: Keldeo|Keldeo|263\/323
|-damage|p1a: Keldeo|243\/323|[from] Stealth Rock
|switch|p2a: Magnezone|Magnezone|281\/281
|-damage|p2a: Magnezone|264\/281|[from] Stealth Rock
|
|turn|8
|c| Heftanite|I, the heftiest of Dragonites, can agree with that statement.
|c| hirvimetsa|basedcannon pls
|c| EonBen3|get out Kappa
|join|randomnice
|c| hirvimetsa|terry got that wall core noice
|
|switch|p2a: Wobbuffet|Wobbuffet, M|534\/534
|-damage|p2a: Wobbuffet|468\/534|[from] Stealth Rock
|move|p1a: Keldeo|Secret Sword|p2a: Wobbuffet
|-crit|p2a: Wobbuffet
|-resisted|p2a: Wobbuffet
|-damage|p2a: Wobbuffet|360\/534
|
|-heal|p2a: Wobbuffet|393\/534|[from] item: Leftovers
|turn|9
|c|★MegamasterX49|Oh no
|c| Heftanite|Could be worse.
|c| EonBen3|do i see a wabufet there? 1st time seeing that in ou lol
|c| Heftanite|He could have trapped your MegaGross and 100% beat you here.
|c| Heftanite|Eon it's actually semi-popular.
|c| Heftanite|Wobuffet was uber at one point for a reason.
|
|move|p1a: Keldeo|Secret Sword|p2a: Wobbuffet
|-resisted|p2a: Wobbuffet
|-damage|p2a: Wobbuffet|321\/534
|move|p2a: Wobbuffet|Counter|p1a: Keldeo
|-fail|p1a: Keldeo
|
|-heal|p2a: Wobbuffet|354\/534|[from] item: Leftovers
|turn|10
|c| hirvimetsa|Because games last forever
|c| EonBen3|lol, i srsly have never ran into it
|c| Heftanite|No. Because ShadowTag is poopyheadry.
|c| Heftanite|F a g g o t r y
|c| EonBen3|yeah, ikit gets tag
|
|move|p1a: Keldeo|Secret Sword|p2a: Wobbuffet
|-resisted|p2a: Wobbuffet
|-damage|p2a: Wobbuffet|283\/534
|move|p2a: Wobbuffet|Mirror Coat|p1a: Keldeo
|-damage|p1a: Keldeo|101\/323
|
|-heal|p2a: Wobbuffet|316\/534|[from] item: Leftovers
|turn|11
|c|★terry41|they that was my error
|c| Heftanite|Tag + Counter\/Mirror Coat? Bullshit.
|c|★MegamasterX49|GG Keldeo : (
|c| Heftanite|With that much bulk? Straight bullshit.
|c| randomnice|Why the heck was counter used?
|c| hirvimetsa|And encore
|
|move|p1a: Keldeo|Secret Sword|p2a: Wobbuffet
|-resisted|p2a: Wobbuffet
|-damage|p2a: Wobbuffet|232\/534
|move|p2a: Wobbuffet|Mirror Coat|p1a: Keldeo
|-damage|p1a: Keldeo|0 fnt
|faint|p1a: Keldeo
|
|-heal|p2a: Wobbuffet|265\/534|[from] item: Leftovers
|c| Heftanite|Because he got Secret Sword confused with Sacred Sword.
|
|switch|p1a: Landorus-Therian|Landorus-Therian, M|335\/382
|-damage|p1a: Landorus-Therian|288\/382|[from] Stealth Rock
|-ability|p1a: Landorus-Therian|Intimidate|[of] p2a: Wobbuffet
|-unboost|p2a: Wobbuffet|atk|1
|turn|12
|c| randomnice|I see mega's specialness is rubbing off on some people
|
|move|p1a: Landorus-Therian|U-turn|p2a: Wobbuffet
|-crit|p2a: Wobbuffet
|-supereffective|p2a: Wobbuffet
|-damage|p2a: Wobbuffet|27\/534
|c| Heftanite|Lol counter = goodbye.
|c|★MegamasterX49|Specialness?
|c| EonBen3|the crit Kappa
|c| Heftanite|That is going to backfire so badly.
|c| randomnice|Short bus, mega, short bus
|c| Heftanite|So what dies.
|
|switch|p1a: Rotom-Wash|Rotom-Wash|304\/304
|-damage|p1a: Rotom-Wash|266\/304|[from] Stealth Rock
|move|p2a: Wobbuffet|Counter|p1a: Rotom-Wash
|-damage|p1a: Rotom-Wash|0 fnt
|faint|p1a: Rotom-Wash
|
|-heal|p2a: Wobbuffet|60\/534|[from] item: Leftovers
|c| Heftanite|Bop.
|c|★MegamasterX49|This thing..............
|c| hirvimetsa|mega fuck off why sakc rotom :(
|c|★MegamasterX49|Because you're here
|c| hirvimetsa|:(((((
|c|★MegamasterX49|Kappa
|c| Heftanite|I hope you carry EQ on your MegaGross.
|c|★MegamasterX49|Maybe
|
|switch|p1a: Landorus-Therian|Landorus-Therian, M|288\/382
|-damage|p1a: Landorus-Therian|241\/382|[from] Stealth Rock
|-ability|p1a: Landorus-Therian|Intimidate|[of] p2a: Wobbuffet
|-unboost|p2a: Wobbuffet|atk|1
|turn|13
|c| Heftanite|Even then you don't beat his Ferrothorn
|c| randomnice|Mega gets hefted everywhere he goes
|c| EonBen3|i think ths is over, sry mega
|c| Heftanite|It is.
|c|★MegamasterX49|Yep
|
|move|p1a: Landorus-Therian|U-turn|p2a: Wobbuffet
|-supereffective|p2a: Wobbuffet
|-damage|p2a: Wobbuffet|0 fnt
|faint|p2a: Wobbuffet
|c| Heftanite|Terry's played it very well.
|c| EonBen3|or you need a surpisingly good turn around
|c| Heftanite|You need to be running CB Bisharp to have a chance.
|c| Heftanite|That isn't a joke either.
|c|★MegamasterX49|Welp
|
|switch|p1a: Metagross|Metagross|301\/301
|-damage|p1a: Metagross|283\/301|[from] Stealth Rock
|
|c|★terry41|okay whats cb again i keep forgetting that
|c|★MegamasterX49|Choice band
|c| EonBen3|Choice band
|
|switch|p2a: Mandibuzz|Mandibuzz, F|423\/423
|-damage|p2a: Mandibuzz|318\/423|[from] Stealth Rock
|turn|14
|c| Heftanite|I doubt you are though. I have not seen anyone other than myself run that set.
|c| Heftanite|Even then I only ran it to SPECIFICALLY counter all the Magnezones that were running around.
|c| hirvimetsa|It's chople berry
|c| hirvimetsa|not choice band Kappa
|
|switch|p1a: Landorus-Therian|Landorus-Therian, M|241\/382
|-damage|p1a: Landorus-Therian|194\/382|[from] Stealth Rock
|-ability|p1a: Landorus-Therian|Intimidate|[of] p2a: Mandibuzz
|-unboost|p2a: Mandibuzz|atk|1
|move|p2a: Mandibuzz|Foul Play|p1a: Landorus-Therian
|-damage|p1a: Landorus-Therian|74\/382
|
|-heal|p1a: Landorus-Therian|97\/382|[from] item: Leftovers
|-heal|p2a: Mandibuzz|344\/423|[from] item: Leftovers
|turn|15
|
|move|p1a: Landorus-Therian|Stone Edge|p2a: Mandibuzz|[miss]
|-miss|p1a: Landorus-Therian|p2a: Mandibuzz
|move|p2a: Mandibuzz|Roost|p2a: Mandibuzz
|-heal|p2a: Mandibuzz|423\/423
|
|-heal|p1a: Landorus-Therian|120\/382|[from] item: Leftovers
|turn|16
|c|★MegamasterX49|Welp
|
|move|p1a: Landorus-Therian|Stone Edge|p2a: Mandibuzz
|-supereffective|p2a: Mandibuzz
|-damage|p2a: Mandibuzz|251\/423
|move|p2a: Mandibuzz|Foul Play|p1a: Landorus-Therian
|-damage|p1a: Landorus-Therian|2\/382
|
|-heal|p1a: Landorus-Therian|25\/382|[from] item: Leftovers
|-heal|p2a: Mandibuzz|277\/423|[from] item: Leftovers
|turn|17
|c| Heftanite|The bulky core that you're running Terry is terrifying.
|c|★MegamasterX49|There's my lefties
|c|★MegamasterX49|xD
|
|move|p1a: Landorus-Therian|Stone Edge|p2a: Mandibuzz
|-supereffective|p2a: Mandibuzz
|-damage|p2a: Mandibuzz|115\/423
|move|p2a: Mandibuzz|Defog|p1a: Landorus-Therian
|-unboost|p1a: Landorus-Therian|evasion|1
|-sideend|p1: MegamasterX49|Stealth Rock|[from] move: Defog|[of] p1a: Landorus-Therian
|-sideend|p2: terry41|Stealth Rock|[from] move: Defog|[of] p2a: Mandibuzz
|
|-heal|p1a: Landorus-Therian|48\/382|[from] item: Leftovers
|-heal|p2a: Mandibuzz|141\/423|[from] item: Leftovers
|turn|18
|
|move|p1a: Landorus-Therian|Stone Edge|p2a: Mandibuzz
|-supereffective|p2a: Mandibuzz
|-damage|p2a: Mandibuzz|0 fnt
|faint|p2a: Mandibuzz
|
|-heal|p1a: Landorus-Therian|71\/382|[from] item: Leftovers
|c| Heftanite|MegaGross might still win you this depending upon how you play it and your set.
|
|switch|p2a: Magnezone|Magnezone|264\/281
|turn|19
|c|★MegamasterX49|That's a Scarf-Zone
|c| Heftanite|Are you that real Terry?
|c| Heftanite|Are you really going to do what I think you are going to do?
|c| hirvimetsa|HP Fire ??
|
|move|p2a: Magnezone|Flash Cannon|p1a: Landorus-Therian
|-damage|p1a: Landorus-Therian|0 fnt
|faint|p1a: Landorus-Therian
|
|c|★MegamasterX49|Yep
|c| Heftanite|Played it safe. Smart.
|c| Heftanite|I was expecting you to volt-switch predicting the switch into MetaGross predicting the Flash Cannon.
|
|switch|p1a: Metagross|Metagross|283\/301
|turn|20
|c| Heftanite|Alright. Set time.
|c| hirvimetsa|ok now lets start betting
|
|switch|p2a: Ferrothorn|Ferrothorn, F|352\/352
|detailschange|p1a: Metagross|Metagross-Mega
|-mega|p1a: Metagross|Metagross|Metagrossite
|move|p1a: Metagross|Ice Punch|p2a: Ferrothorn
|-damage|p2a: Ferrothorn|273\/352
|-damage|p1a: Metagross|246\/301|[from] ability: Iron Barbs|[of] p2a: Ferrothorn
|
|-heal|p2a: Ferrothorn|295\/352|[from] item: Leftovers
|turn|21
|c| hirvimetsa|i bet for Mega to win
|c| Heftanite|Okay.
|c| hirvimetsa|no idea why
|c| Heftanite|He's running a set that may give him a chance.
|c| Heftanite|If he doesn't have EQ though he loses.
|c|★MegamasterX49|It's fine
|c|★MegamasterX49|I got this
|c| Heftanite|Mega MAY win if it's 4 attack MegaGross.
|
|move|p1a: Metagross|Earthquake|p2a: Ferrothorn
|-damage|p2a: Ferrothorn|212\/352
|move|p2a: Ferrothorn|Leech Seed|p1a: Metagross
|-start|p1a: Metagross|move: Leech Seed
|
|-heal|p2a: Ferrothorn|234\/352|[from] item: Leftovers
|-damage|p1a: Metagross|209\/301|[from] Leech Seed|[of] p2a: Ferrothorn
|-heal|p2a: Ferrothorn|271\/352|[silent]
|turn|22
|c| Heftanite|Even then though he isn't beating Ferrothorn with a Metagross.
|c| Heftanite|He has one mon that can do it and ONLY one.
|c| hirvimetsa|he can't beat this ferro tho
|c| Heftanite|HE could have if he didn't lose Keldeo.
|
|switch|p1a: Bisharp|Bisharp, F|271\/271
|move|p2a: Ferrothorn|Gyro Ball|p1a: Bisharp
|-resisted|p1a: Bisharp
|-damage|p1a: Bisharp|194\/271
|
|-heal|p2a: Ferrothorn|293\/352|[from] item: Leftovers
|turn|23
|c| Heftanite|Low Kick?
|c| hirvimetsa|hp fire?
|
|move|p1a: Bisharp|Swords Dance|p1a: Bisharp
|-boost|p1a: Bisharp|atk|2
|move|p2a: Ferrothorn|Leech Seed|p1a: Bisharp
|-start|p1a: Bisharp|move: Leech Seed
|
|-heal|p2a: Ferrothorn|315\/352|[from] item: Leftovers
|-damage|p1a: Bisharp|161\/271|[from] Leech Seed|[of] p2a: Ferrothorn
|-heal|p2a: Ferrothorn|348\/352|[silent]
|turn|24
|c| Heftanite|THE GREEEEEEEEEED
|c| Heftanite|Welp.
|c|★MegamasterX49|My only chance of beating this thing is to set up
|c| Heftanite|He can beat Ferrothorn now.
|c| Heftanite|Now he has to play mind games with Terry.
|c| Heftanite|Does Terry protect here or does he predict the greed?
|
|move|p1a: Bisharp|Swords Dance|p1a: Bisharp
|-boost|p1a: Bisharp|atk|2
|move|p2a: Ferrothorn|Gyro Ball|p1a: Bisharp
|-resisted|p1a: Bisharp
|-damage|p1a: Bisharp|84\/271
|
|-heal|p2a: Ferrothorn|352\/352|[from] item: Leftovers
|-damage|p1a: Bisharp|51\/271|[from] Leech Seed|[of] p2a: Ferrothorn
|turn|25
|c| hirvimetsa|the greed
|c| Heftanite|He predicted the greed.
|c|★MegamasterX49|Nope
|c| Heftanite|That is game.
|
|move|p2a: Ferrothorn|Protect|p2a: Ferrothorn
|-singleturn|p2a: Ferrothorn|Protect
|move|p1a: Bisharp|Sucker Punch|p2a: Ferrothorn
|-fail|p2a: Ferrothorn
|
|-damage|p1a: Bisharp|18\/271|[from] Leech Seed|[of] p2a: Ferrothorn
|turn|26
|c| Heftanite|Mega, a +2 Knock Off kills.
|c| Heftanite|You shouldn't have gone +4.
|
|move|p2a: Ferrothorn|Protect|p2a: Ferrothorn
|-singleturn|p2a: Ferrothorn|Protect
|move|p1a: Bisharp|Knock Off|p2a: Ferrothorn
|-activate|p2a: Ferrothorn|Protect
|
|-damage|p1a: Bisharp|0 fnt|[from] Leech Seed|[of] p2a: Ferrothorn
|faint|p1a: Bisharp
|c|★MegamasterX49|: (
|c|★MegamasterX49|He got the double protect
|c| Heftanite|That actually cost you the game.
|c| hirvimetsa|damnit mega
|c| hirvimetsa|now i lost nothing because of you
|c|★MegamasterX49|Kappa
|
|switch|p1a: Thundurus|Thundurus, M|112\/299
|turn|27
|c| Heftanite|brb dinner time.
|leave|Heftanite
|
|move|p1a: Thundurus|Thunderbolt|p2a: Ferrothorn
|-resisted|p2a: Ferrothorn
|-damage|p2a: Ferrothorn|289\/352
|move|p2a: Ferrothorn|Gyro Ball|p1a: Thundurus
|-resisted|p1a: Thundurus
|-damage|p1a: Thundurus|9\/299
|
|-heal|p1a: Thundurus|27\/299|[from] item: Leftovers
|-heal|p2a: Ferrothorn|311\/352|[from] item: Leftovers
|turn|28
|c| hirvimetsa|was that duncan lol?
|c|★MegamasterX49|No
|c|★MegamasterX49|It was based
|c| hirvimetsa|Kappa
|c|★terry41|thanks for the match just build the team trying to test it out
|c|★MegamasterX49|np :]
|c| EonBen3|what was duncan?
|
|move|p1a: Thundurus|Thunder Wave|p2a: Ferrothorn
|-status|p2a: Ferrothorn|par
|move|p2a: Ferrothorn|Gyro Ball|p1a: Thundurus
|-resisted|p1a: Thundurus
|-damage|p1a: Thundurus|0 fnt
|faint|p1a: Thundurus
|
|-heal|p2a: Ferrothorn|333\/352 par|[from] item: Leftovers
|c| EonBen3|lol
|c|★MegamasterX49|Actually
|c|★MegamasterX49|Miss-play
|c|★MegamasterX49|I should have taunted
|
|switch|p1a: Metagross|Metagross-Mega|209\/301
|turn|29
|c| randomnice|It doesn't matter
|
|switch|p2a: Magnezone|Magnezone|264\/281
|move|p1a: Metagross|Earthquake|p2a: Magnezone
|-supereffective|p2a: Magnezone
|-damage|p2a: Magnezone|0 fnt
|faint|p2a: Magnezone
|
|c|★MegamasterX49|Why?
|c|★MegamasterX49|I can't kill Ferro
|
|switch|p2a: Dragonite|Dragonite, F|323\/323
|turn|30
|c|★terry41|because i wanted to win with dragonite
|c| EonBen3|cuz he stil wins
|c| hirvimetsa|because he can sack something
|
|move|p1a: Metagross|Ice Punch|p2a: Dragonite
|-supereffective|p2a: Dragonite
|-damage|p2a: Dragonite|37\/323
|move|p2a: Dragonite|Earthquake|p1a: Metagross
|-supereffective|p1a: Metagross
|-damage|p1a: Metagross|25\/301
|
|turn|31
|c|★terry41|do u have bullet punch?
|c|★MegamasterX49|Maybe
|
|move|p2a: Dragonite|Extreme Speed|p1a: Metagross
|-resisted|p1a: Metagross
|-damage|p1a: Metagross|0 fnt
|faint|p1a: Metagross
|
|win|terry41
|c| EonBen3|nice the ice punch and EQ
|c|★MegamasterX49|xD
|c|★MegamasterX49|gg
|c|★terry41|gg