|join|terry41
|join|Lukus
|player|p1|terry41|169
|player|p2|Lukus|3
|gametype|singles
|gen|6
|tier|OU
|rated
|clearpoke
|poke|p1|Charizard, F
|poke|p1|Excadrill, M
|poke|p1|Tyranitar, F
|poke|p1|Azumarill, M
|poke|p1|Thundurus, M
|poke|p1|Dragonite, M
|poke|p2|Tyranitar, M
|poke|p2|Excadrill, M
|poke|p2|Beedrill, M
|poke|p2|Celebi
|poke|p2|Keldeo
|poke|p2|Togekiss, F
|rule|Swagger Clause: Swagger is banned
|rule|Baton Pass Clause: Limit one Pokémon knowing Baton Pass
|rule|Sleep Clause Mod: Limit one foe put to sleep
|rule|Species Clause: Limit one of each Pokémon
|rule|OHKO Clause: OHKO moves are banned
|rule|Moody Clause: Moody is banned
|rule|Evasion Moves Clause: Evasion moves are banned
|rule|Endless Battle Clause: Forcing endless battles is banned
|rule|HP Percentage Mod: HP is shown in percentages
|teampreview
|c|★terry41|nice team
|c|★Lukus|u2
|c|★Lukus|threatening
|
|start
|switch|p1a: Tyranitar|Tyranitar, F|403\/403
|switch|p2a: Beedrill|Beedrill, M|271\/271
|-weather|Sandstorm
|turn|1
|
|detailschange|p2a: Beedrill|Beedrill-Mega, M
|-mega|p2a: Beedrill|Beedrill|Beedrillite
|move|p2a: Beedrill|U-turn|p1a: Tyranitar
|-supereffective|p1a: Tyranitar
|-damage|p1a: Tyranitar|147\/403
|
|switch|p2a: Keldeo|Keldeo|323\/323
|move|p1a: Tyranitar|Stealth Rock|p2a: Keldeo
|-sidestart|p2: Lukus|move: Stealth Rock
|
|-weather|Sandstorm|[upkeep]
|-damage|p2a: Keldeo|303\/323|[from] sandstorm
|turn|2
|
|switch|p1a: Azumarill|Azumarill, M|398\/398
|move|p2a: Keldeo|Scald|p1a: Azumarill
|-resisted|p1a: Azumarill
|-damage|p1a: Azumarill|266\/398
|
|-weather|Sandstorm|[upkeep]
|-damage|p2a: Keldeo|283\/323|[from] sandstorm
|-damage|p1a: Azumarill|242\/398|[from] sandstorm
|turn|3
|
|switch|p2a: Celebi|Celebi|404\/404
|-damage|p2a: Celebi|354\/404|[from] Stealth Rock
|move|p1a: Azumarill|Play Rough|p2a: Celebi
|-damage|p2a: Celebi|140\/404
|
|-weather|Sandstorm|[upkeep]
|-damage|p2a: Celebi|115\/404|[from] sandstorm
|-damage|p1a: Azumarill|218\/398|[from] sandstorm
|-heal|p2a: Celebi|140\/404|[from] item: Leftovers
|turn|4
|
|switch|p1a: Charizard|Charizard, F|315\/315
|move|p2a: Celebi|Recover|p2a: Celebi
|-heal|p2a: Celebi|342\/404
|
|-weather|Sandstorm|[upkeep]
|-damage|p1a: Charizard|296\/315|[from] sandstorm
|-damage|p2a: Celebi|317\/404|[from] sandstorm
|-heal|p2a: Celebi|342\/404|[from] item: Leftovers
|turn|5
|
|switch|p2a: Tyranitar|Tyranitar, M|404\/404
|-damage|p2a: Tyranitar|354\/404|[from] Stealth Rock
|detailschange|p1a: Charizard|Charizard-Mega-X, F
|-mega|p1a: Charizard|Charizard|Charizardite X
|move|p1a: Charizard|Flare Blitz|p2a: Tyranitar
|-resisted|p2a: Tyranitar
|-damage|p2a: Tyranitar|252\/404
|-damage|p1a: Charizard|262\/315|[from] recoil|[of] p2a: Tyranitar
|
|-weather|Sandstorm|[upkeep]
|-damage|p1a: Charizard|243\/315|[from] sandstorm
|turn|6
|
|move|p1a: Charizard|Earthquake|p2a: Tyranitar
|-supereffective|p2a: Tyranitar
|-damage|p2a: Tyranitar|80\/404
|move|p2a: Tyranitar|Stealth Rock|p1a: Charizard
|-sidestart|p1: terry41|move: Stealth Rock
|
|-weather|Sandstorm|[upkeep]
|-damage|p1a: Charizard|224\/315|[from] sandstorm
|turn|7
|
|switch|p2a: Togekiss|Togekiss, F|374\/374
|-damage|p2a: Togekiss|281\/374|[from] Stealth Rock
|move|p1a: Charizard|Flare Blitz|p2a: Togekiss
|-damage|p2a: Togekiss|58\/374
|-damage|p1a: Charizard|150\/315|[from] recoil|[of] p2a: Togekiss
|
|-weather|Sandstorm|[upkeep]
|-damage|p1a: Charizard|131\/315|[from] sandstorm
|-damage|p2a: Togekiss|35\/374|[from] sandstorm
|-heal|p2a: Togekiss|58\/374|[from] item: Leftovers
|turn|8
|
|switch|p2a: Keldeo|Keldeo|283\/323
|-damage|p2a: Keldeo|263\/323|[from] Stealth Rock
|move|p1a: Charizard|Flare Blitz|p2a: Keldeo
|-resisted|p2a: Keldeo
|-damage|p2a: Keldeo|115\/323
|-damage|p1a: Charizard|82\/315|[from] recoil|[of] p2a: Keldeo
|
|-weather|none
|turn|9
|
|switch|p1a: Tyranitar|Tyranitar, F|147\/403
|-damage|p1a: Tyranitar|97\/403|[from] Stealth Rock
|-weather|Sandstorm
|move|p2a: Keldeo|Scald|p1a: Tyranitar
|-supereffective|p1a: Tyranitar
|-damage|p1a: Tyranitar|0 fnt
|faint|p1a: Tyranitar
|
|-weather|Sandstorm|[upkeep]
|-damage|p2a: Keldeo|95\/323|[from] sandstorm
|c|★Lukus|shouldve just sacked ttar
|c|★Lukus|and not let all my mons take that damage
|
|switch|p1a: Excadrill|Excadrill, M|361\/361
|-damage|p1a: Excadrill|350\/361|[from] Stealth Rock
|turn|10
|
|switch|p2a: Togekiss|Togekiss, F|58\/374
|-damage|p2a: Togekiss|0 fnt|[from] Stealth Rock
|faint|p2a: Togekiss
|move|p1a: Excadrill|Earthquake|p2: Togekiss|[notarget]
|-notarget
|
|-weather|Sandstorm|[upkeep]
|
|switch|p2a: Excadrill|Excadrill, M|361\/361
|-damage|p2a: Excadrill|350\/361|[from] Stealth Rock
|turn|11
|c|★Lukus|hope your adament
|
|move|p1a: Excadrill|Earthquake|p2a: Excadrill
|-supereffective|p2a: Excadrill
|-damage|p2a: Excadrill|0 fnt
|-damage|p1a: Excadrill|314\/361|[from] item: Life Orb
|faint|p2a: Excadrill
|
|-weather|Sandstorm|[upkeep]
|c|★Lukus|gg
|c|★terry41|nope jolly
|-message|Lukus forfeited.
|leave|Lukus
|
|win|terry41
|raw|Ladder updating...
|player|p2
|raw|terry41's rating: 1500 &rarr; <strong>1520<\/strong><br \/>(+20 for winning)
|raw|Lukus's rating: 1497 &rarr; <strong>1477<\/strong><br \/>(-20 for losing)