|join|night changes
|join|terry41
|player|p1|night changes|174
|player|p2|terry41|169
|gametype|singles
|gen|6
|tier|OU
|rated
|clearpoke
|poke|p1|Charizard, F
|poke|p1|Hippowdon, F
|poke|p1|Ferrothorn, F
|poke|p1|Starmie
|poke|p1|Clefable, F
|poke|p1|Tornadus-Therian, M
|poke|p2|Excadrill, F
|poke|p2|Tyranitar, F
|poke|p2|Heracross, M
|poke|p2|Azumarill, M
|poke|p2|Thundurus, M
|poke|p2|Landorus, M
|rule|Swagger Clause: Swagger is banned
|rule|Baton Pass Clause: Limit one Pokémon knowing Baton Pass
|rule|Sleep Clause Mod: Limit one foe put to sleep
|rule|Species Clause: Limit one of each Pokémon
|rule|OHKO Clause: OHKO moves are banned
|rule|Moody Clause: Moody is banned
|rule|Evasion Moves Clause: Evasion moves are banned
|rule|Endless Battle Clause: Forcing endless battles is banned
|rule|HP Percentage Mod: HP is shown in percentages
|teampreview
|
|start
|switch|p1a: Clefable|Clefable, F|394\/394
|switch|p2a: Tyranitar|Tyranitar, F|403\/403
|-weather|Sandstorm
|turn|1
|
|move|p1a: Clefable|Stealth Rock|p2a: Tyranitar
|-sidestart|p2: terry41|move: Stealth Rock
|move|p2a: Tyranitar|Stealth Rock|p1a: Clefable
|-sidestart|p1: night changes|move: Stealth Rock
|
|-weather|Sandstorm|[upkeep]
|turn|2
|
|switch|p1a: Hippowdon|Hippowdon, F|420\/420
|-damage|p1a: Hippowdon|394\/420|[from] Stealth Rock
|move|p2a: Tyranitar|Earthquake|p1a: Hippowdon
|-damage|p1a: Hippowdon|323\/420
|
|-weather|Sandstorm|[upkeep]
|-heal|p1a: Hippowdon|349\/420|[from] item: Leftovers
|turn|3
|
|move|p2a: Tyranitar|Ice Beam|p1a: Hippowdon
|-supereffective|p1a: Hippowdon
|-damage|p1a: Hippowdon|195\/420
|move|p1a: Hippowdon|Stone Edge|p2a: Tyranitar
|-damage|p2a: Tyranitar|340\/403
|
|-weather|Sandstorm|[upkeep]
|-heal|p1a: Hippowdon|221\/420|[from] item: Leftovers
|turn|4
|
|move|p2a: Tyranitar|Ice Beam|p1a: Hippowdon
|-supereffective|p1a: Hippowdon
|-damage|p1a: Hippowdon|73\/420
|move|p1a: Hippowdon|Slack Off|p1a: Hippowdon
|-heal|p1a: Hippowdon|283\/420
|
|-weather|Sandstorm|[upkeep]
|-heal|p1a: Hippowdon|309\/420|[from] item: Leftovers
|turn|5
|
|switch|p2a: Heracross|Heracross, M|306\/306
|-damage|p2a: Heracross|268\/306|[from] Stealth Rock
|move|p1a: Hippowdon|Slack Off|p1a: Hippowdon
|-heal|p1a: Hippowdon|420\/420
|
|-weather|Sandstorm|[upkeep]
|-damage|p2a: Heracross|249\/306|[from] sandstorm
|turn|6
|
|detailschange|p2a: Heracross|Heracross-Mega, M
|-mega|p2a: Heracross|Heracross|Heracronite
|move|p2a: Heracross|Bullet Seed|p1a: Hippowdon
|-supereffective|p1a: Hippowdon
|-damage|p1a: Hippowdon|356\/420
|-supereffective|p1a: Hippowdon
|-damage|p1a: Hippowdon|298\/420
|-supereffective|p1a: Hippowdon
|-damage|p1a: Hippowdon|234\/420
|-supereffective|p1a: Hippowdon
|-damage|p1a: Hippowdon|172\/420
|-supereffective|p1a: Hippowdon
|-damage|p1a: Hippowdon|102\/420
|-hitcount|p1a: Hippowdon|5
|move|p1a: Hippowdon|Whirlwind|p2a: Heracross
|drag|p2a: Landorus|Landorus, M|319\/319
|-damage|p2a: Landorus|280\/319|[from] Stealth Rock
|
|-weather|Sandstorm|[upkeep]
|-heal|p1a: Hippowdon|128\/420|[from] item: Leftovers
|turn|7
|
|switch|p1a: Tornadus-Therian|Tornadus-Therian, M|327\/327
|-damage|p1a: Tornadus-Therian|246\/327|[from] Stealth Rock
|move|p2a: Landorus|Psychic|p1a: Tornadus-Therian
|-damage|p1a: Tornadus-Therian|133\/327
|
|-weather|Sandstorm|[upkeep]
|-damage|p1a: Tornadus-Therian|113\/327|[from] sandstorm
|turn|8
|
|move|p1a: Tornadus-Therian|Knock Off|p2a: Landorus
|-damage|p2a: Landorus|192\/319
|-enditem|p2a: Landorus|Life Orb|[from] move: Knock Off|[of] p1a: Tornadus-Therian
|move|p2a: Landorus|Psychic|p1a: Tornadus-Therian
|-damage|p1a: Tornadus-Therian|23\/327
|
|-weather|none
|turn|9
|
|move|p1a: Tornadus-Therian|U-turn|p2a: Landorus
|-resisted|p2a: Landorus
|-damage|p2a: Landorus|161\/319
|
|switch|p1a: Starmie|Starmie|323\/323
|-damage|p1a: Starmie|283\/323|[from] Stealth Rock
|move|p2a: Landorus|Calm Mind|p2a: Landorus
|-boost|p2a: Landorus|spa|1
|-boost|p2a: Landorus|spd|1
|
|-heal|p1a: Starmie|303\/323|[from] item: Leftovers
|turn|10
|
|move|p1a: Starmie|Rapid Spin|p2a: Landorus
|-damage|p2a: Landorus|150\/319
|-sideend|p1: night changes|Stealth Rock|[from] move: Rapid Spin|[of] p1a: Starmie
|move|p2a: Landorus|Earth Power|p1a: Starmie
|-damage|p1a: Starmie|0 fnt
|faint|p1a: Starmie
|
|
|switch|p1a: Tornadus-Therian|Tornadus-Therian, M|132\/327
|turn|11
|
|move|p1a: Tornadus-Therian|U-turn|p2a: Landorus
|-resisted|p2a: Landorus
|-damage|p2a: Landorus|119\/319
|
|switch|p1a: Hippowdon|Hippowdon, F|128\/420
|-weather|Sandstorm
|move|p2a: Landorus|Psychic|p1a: Hippowdon
|-damage|p1a: Hippowdon|0 fnt
|faint|p1a: Hippowdon
|
|-weather|Sandstorm|[upkeep]
|
|switch|p1a: Tornadus-Therian|Tornadus-Therian, M|241\/327
|turn|12
|
|move|p1a: Tornadus-Therian|Hurricane|p2a: Landorus
|-damage|p2a: Landorus|0 fnt
|faint|p2a: Landorus
|
|-weather|Sandstorm|[upkeep]
|-damage|p1a: Tornadus-Therian|221\/327|[from] sandstorm
|
|switch|p2a: Thundurus|Thundurus, M|299\/299
|-damage|p2a: Thundurus|225\/299|[from] Stealth Rock
|turn|13
|
|switch|p1a: Ferrothorn|Ferrothorn, F|352\/352
|move|p2a: Thundurus|Thunder Wave|p1a: Ferrothorn
|-status|p1a: Ferrothorn|par
|
|-weather|Sandstorm|[upkeep]
|-damage|p2a: Thundurus|207\/299|[from] sandstorm
|-heal|p2a: Thundurus|225\/299|[from] item: Leftovers
|turn|14
|
|move|p2a: Thundurus|Taunt|p1a: Ferrothorn
|-start|p1a: Ferrothorn|move: Taunt
|move|p1a: Ferrothorn|Gyro Ball|p2a: Thundurus
|-resisted|p2a: Thundurus
|-damage|p2a: Thundurus|122\/299
|
|-weather|Sandstorm|[upkeep]
|-damage|p2a: Thundurus|104\/299|[from] sandstorm
|-heal|p2a: Thundurus|122\/299|[from] item: Leftovers
|turn|15
|
|switch|p2a: Excadrill|Excadrill, F|361\/361
|-damage|p2a: Excadrill|350\/361|[from] Stealth Rock
|move|p1a: Ferrothorn|Gyro Ball|p2a: Excadrill
|-resisted|p2a: Excadrill
|-damage|p2a: Excadrill|218\/361
|
|-weather|none
|turn|16
|
|move|p2a: Excadrill|Rapid Spin|p1a: Ferrothorn
|-resisted|p1a: Ferrothorn
|-damage|p1a: Ferrothorn|342\/352 par
|-damage|p2a: Excadrill|173\/361|[from] ability: Iron Barbs|[of] p1a: Ferrothorn
|-sideend|p2: terry41|Stealth Rock|[from] move: Rapid Spin|[of] p2a: Excadrill
|-damage|p2a: Excadrill|137\/361|[from] item: Life Orb
|move|p1a: Ferrothorn|Power Whip|p2a: Excadrill
|-damage|p2a: Excadrill|0 fnt
|faint|p2a: Excadrill
|
|-heal|p1a: Ferrothorn|352\/352 par|[from] item: Leftovers
|-end|p1a: Ferrothorn|move: Taunt
|
|switch|p2a: Heracross|Heracross-Mega, M|249\/306
|turn|17
|
|move|p2a: Heracross|Rock Blast|p1a: Ferrothorn
|-resisted|p1a: Ferrothorn
|-damage|p1a: Ferrothorn|338\/352 par
|-resisted|p1a: Ferrothorn
|-damage|p1a: Ferrothorn|325\/352 par
|-resisted|p1a: Ferrothorn
|-damage|p1a: Ferrothorn|312\/352 par
|-resisted|p1a: Ferrothorn
|-damage|p1a: Ferrothorn|299\/352 par
|-crit|p1a: Ferrothorn
|-resisted|p1a: Ferrothorn
|-damage|p1a: Ferrothorn|278\/352 par
|-hitcount|p1a: Ferrothorn|5
|move|p1a: Ferrothorn|Gyro Ball|p2a: Heracross
|-damage|p2a: Heracross|99\/306
|
|-heal|p1a: Ferrothorn|300\/352 par|[from] item: Leftovers
|turn|18
|
|switch|p1a: Clefable|Clefable, F|394\/394
|move|p2a: Heracross|Close Combat|p1a: Clefable
|-resisted|p1a: Clefable
|-damage|p1a: Clefable|226\/394
|-unboost|p2a: Heracross|def|1
|-unboost|p2a: Heracross|spd|1
|
|-heal|p1a: Clefable|250\/394|[from] item: Leftovers
|turn|19
|
|move|p2a: Heracross|Rock Blast|p1a: Clefable
|-damage|p1a: Clefable|208\/394
|-damage|p1a: Clefable|159\/394
|-damage|p1a: Clefable|111\/394
|-damage|p1a: Clefable|62\/394
|-damage|p1a: Clefable|16\/394
|-hitcount|p1a: Clefable|5
|move|p1a: Clefable|Stealth Rock|p2a: Heracross
|-sidestart|p2: terry41|move: Stealth Rock
|
|-heal|p1a: Clefable|40\/394|[from] item: Leftovers
|turn|20
|
|move|p2a: Heracross|Bullet Seed|p1a: Clefable
|-damage|p1a: Clefable|0 fnt
|-hitcount|p1a: Clefable|1
|faint|p1a: Clefable
|
|
|switch|p1a: Charizard|Charizard, F|359\/359
|turn|21
|
|switch|p2a: Tyranitar|Tyranitar, F|340\/403
|-damage|p2a: Tyranitar|290\/403|[from] Stealth Rock
|-weather|Sandstorm
|detailschange|p1a: Charizard|Charizard-Mega-X, F
|-mega|p1a: Charizard|Charizard|Charizardite X
|move|p1a: Charizard|Dragon Claw|p2a: Tyranitar
|-damage|p2a: Tyranitar|182\/403
|
|-weather|Sandstorm|[upkeep]
|-damage|p1a: Charizard|337\/359|[from] sandstorm
|turn|22
|
|move|p1a: Charizard|Dragon Dance|p1a: Charizard
|-boost|p1a: Charizard|atk|1
|-boost|p1a: Charizard|spe|1
|move|p2a: Tyranitar|Earthquake|p1a: Charizard
|-supereffective|p1a: Charizard
|-damage|p1a: Charizard|139\/359
|
|-weather|Sandstorm|[upkeep]
|-damage|p1a: Charizard|117\/359|[from] sandstorm
|turn|23
|
|move|p1a: Charizard|Dragon Claw|p2a: Tyranitar
|-damage|p2a: Tyranitar|10\/403
|move|p2a: Tyranitar|Earthquake|p1a: Charizard
|-supereffective|p1a: Charizard
|-damage|p1a: Charizard|0 fnt
|faint|p1a: Charizard
|
|-weather|Sandstorm|[upkeep]
|
|switch|p1a: Tornadus-Therian|Tornadus-Therian, M|327\/327
|turn|24
|
|move|p1a: Tornadus-Therian|Knock Off|p2a: Tyranitar
|-resisted|p2a: Tyranitar
|-damage|p2a: Tyranitar|0 fnt
|-enditem|p2a: Tyranitar|Smooth Rock|[from] move: Knock Off|[of] p1a: Tornadus-Therian
|faint|p2a: Tyranitar
|
|-weather|Sandstorm|[upkeep]
|-damage|p1a: Tornadus-Therian|307\/327|[from] sandstorm
|
|switch|p2a: Thundurus|Thundurus, M|122\/299
|-damage|p2a: Thundurus|48\/299|[from] Stealth Rock
|turn|25
|
|switch|p1a: Ferrothorn|Ferrothorn, F|300\/352 par
|switch|p2a: Heracross|Heracross-Mega, M|99\/306
|-damage|p2a: Heracross|61\/306|[from] Stealth Rock
|
|-weather|Sandstorm|[upkeep]
|-damage|p2a: Heracross|42\/306|[from] sandstorm
|-heal|p1a: Ferrothorn|322\/352 par|[from] item: Leftovers
|turn|26
|
|move|p2a: Heracross|Close Combat|p1a: Ferrothorn
|-supereffective|p1a: Ferrothorn
|-damage|p1a: Ferrothorn|0 fnt
|-damage|p2a: Heracross|4\/306|[from] ability: Iron Barbs|[of] p1a: Ferrothorn
|-unboost|p2a: Heracross|def|1
|-unboost|p2a: Heracross|spd|1
|faint|p1a: Ferrothorn
|
|-weather|Sandstorm|[upkeep]
|-damage|p2a: Heracross|0 fnt|[from] sandstorm
|faint|p2a: Heracross
|
|switch|p1a: Tornadus-Therian|Tornadus-Therian, M|327\/327
|switch|p2a: Azumarill|Azumarill, M|398\/398
|-damage|p2a: Azumarill|349\/398|[from] Stealth Rock
|turn|27
|
|move|p1a: Tornadus-Therian|Hurricane|p2a: Azumarill|[miss]
|-miss|p1a: Tornadus-Therian|p2a: Azumarill
|move|p2a: Azumarill|Play Rough|p1a: Tornadus-Therian
|-damage|p1a: Tornadus-Therian|0 fnt
|faint|p1a: Tornadus-Therian
|
|win|terry41
|raw|Ladder updating...
|raw|night changes's rating: 1706 &rarr; <strong>1677<\/strong><br \/>(-29 for losing)
|raw|terry41's rating: 1545 &rarr; <strong>1574<\/strong><br \/>(+29 for winning)
|c|★night changes|sigh
|c|★terry41|gg