|join|lil manaphy
|join|TARJA TURUNEN
|player|p1|lil manaphy|8
|player|p2|TARJA TURUNEN|78
|gametype|singles
|gen|6
|tier|OU
|rated
|clearpoke
|poke|p1|Lopunny, M
|poke|p1|Rotom-Wash
|poke|p1|Gothitelle, F
|poke|p1|Mandibuzz, F
|poke|p1|Heatran, F
|poke|p1|Celebi
|poke|p2|Landorus-Therian, M
|poke|p2|Mew
|poke|p2|Gardevoir, F, shiny
|poke|p2|Rotom-Wash
|poke|p2|Keldeo
|poke|p2|Ferrothorn, F
|rule|Swagger Clause: Swagger is banned
|rule|Baton Pass Clause: Limit one Pokémon knowing Baton Pass
|rule|Sleep Clause Mod: Limit one foe put to sleep
|rule|Species Clause: Limit one of each Pokémon
|rule|OHKO Clause: OHKO moves are banned
|rule|Moody Clause: Moody is banned
|rule|Evasion Moves Clause: Evasion moves are banned
|rule|Endless Battle Clause: Forcing endless battles is banned
|rule|HP Percentage Mod: HP is shown in percentages
|teampreview
|
|start
|switch|p1a: Lopunny|Lopunny, M|271\/271
|switch|p2a: NO WILL O WISP|Rotom-Wash|303\/303
|turn|1
|
|detailschange|p1a: Lopunny|Lopunny-Mega, M
|message|Lopunny has Mega Evolved into Mega Lopunny!
|move|p1a: Lopunny|Fake Out|p2a: NO WILL O WISP
|-damage|p2a: NO WILL O WISP|243\/303
|cant|p2a: NO WILL O WISP|flinch
|
|-heal|p2a: NO WILL O WISP|261\/303|[from] item: Leftovers
|turn|2
|
|switch|p1a: Celebi|Celebi|404\/404
|move|p2a: NO WILL O WISP|Will-O-Wisp|p1a: Celebi
|-status|p1a: Celebi|brn
|
|-heal|p2a: NO WILL O WISP|279\/303|[from] item: Leftovers
|-damage|p1a: Celebi|354\/404 brn|[from] brn
|turn|3
|
|switch|p2a: FERRO TROLL|Ferrothorn, F|352\/352
|move|p1a: Celebi|Giga Drain|p2a: FERRO TROLL
|-resisted|p2a: FERRO TROLL
|-damage|p2a: FERRO TROLL|336\/352
|-heal|p1a: Celebi|362\/404 brn|[from] drain|[of] p2a: FERRO TROLL
|
|-heal|p1a: Celebi|387\/404 brn|[from] item: Leftovers
|-heal|p2a: FERRO TROLL|352\/352|[from] item: Leftovers
|-damage|p1a: Celebi|337\/404 brn|[from] brn
|turn|4
|
|move|p1a: Celebi|Baton Pass|p1a: Celebi
|
|switch|p1a: Gothitelle|Gothitelle, F|301\/301
|move|p2a: FERRO TROLL|Stealth Rock|p1a: Gothitelle
|-sidestart|p1: lil manaphy|move: Stealth Rock
|
|turn|5
|
|move|p1a: Gothitelle|Trick|p2a: FERRO TROLL
|-activate|p1a: Gothitelle|move: Trick|[of] p2a: FERRO TROLL
|-item|p2a: FERRO TROLL|Choice Scarf|[from] move: Trick
|-item|p1a: Gothitelle|Leftovers|[from] move: Trick
|move|p2a: FERRO TROLL|Leech Seed|p1a: Gothitelle
|-start|p1a: Gothitelle|move: Leech Seed
|
|-damage|p1a: Gothitelle|264\/301|[from] Leech Seed|[of] p2a: FERRO TROLL
|turn|6
|
|move|p1a: Gothitelle|Calm Mind|p1a: Gothitelle
|-boost|p1a: Gothitelle|spa|1
|-boost|p1a: Gothitelle|spd|1
|move|p2a: FERRO TROLL|Leech Seed|p1a: Gothitelle
|-fail|p1a: Gothitelle
|
|-heal|p1a: Gothitelle|282\/301|[from] item: Leftovers
|-damage|p1a: Gothitelle|245\/301|[from] Leech Seed|[of] p2a: FERRO TROLL
|turn|7
|
|move|p1a: Gothitelle|Calm Mind|p1a: Gothitelle
|-boost|p1a: Gothitelle|spa|1
|-boost|p1a: Gothitelle|spd|1
|move|p2a: FERRO TROLL|Leech Seed|p1a: Gothitelle
|-fail|p1a: Gothitelle
|
|-heal|p1a: Gothitelle|263\/301|[from] item: Leftovers
|-damage|p1a: Gothitelle|226\/301|[from] Leech Seed|[of] p2a: FERRO TROLL
|turn|8
|
|move|p1a: Gothitelle|Calm Mind|p1a: Gothitelle
|-boost|p1a: Gothitelle|spa|1
|-boost|p1a: Gothitelle|spd|1
|move|p2a: FERRO TROLL|Leech Seed|p1a: Gothitelle
|-fail|p1a: Gothitelle
|
|-heal|p1a: Gothitelle|244\/301|[from] item: Leftovers
|-damage|p1a: Gothitelle|207\/301|[from] Leech Seed|[of] p2a: FERRO TROLL
|turn|9
|
|move|p1a: Gothitelle|Calm Mind|p1a: Gothitelle
|-boost|p1a: Gothitelle|spa|1
|-boost|p1a: Gothitelle|spd|1
|move|p2a: FERRO TROLL|Leech Seed|p1a: Gothitelle
|-fail|p1a: Gothitelle
|
|-heal|p1a: Gothitelle|225\/301|[from] item: Leftovers
|-damage|p1a: Gothitelle|188\/301|[from] Leech Seed|[of] p2a: FERRO TROLL
|turn|10
|
|move|p1a: Gothitelle|Calm Mind|p1a: Gothitelle
|-boost|p1a: Gothitelle|spa|1
|-boost|p1a: Gothitelle|spd|1
|move|p2a: FERRO TROLL|Leech Seed|p1a: Gothitelle
|-fail|p1a: Gothitelle
|
|-heal|p1a: Gothitelle|206\/301|[from] item: Leftovers
|-damage|p1a: Gothitelle|169\/301|[from] Leech Seed|[of] p2a: FERRO TROLL
|turn|11
|
|move|p1a: Gothitelle|Calm Mind|p1a: Gothitelle
|-boost|p1a: Gothitelle|spa|1
|-boost|p1a: Gothitelle|spd|1
|move|p2a: FERRO TROLL|Leech Seed|p1a: Gothitelle
|-fail|p1a: Gothitelle
|
|-heal|p1a: Gothitelle|187\/301|[from] item: Leftovers
|-damage|p1a: Gothitelle|150\/301|[from] Leech Seed|[of] p2a: FERRO TROLL
|turn|12
|
|move|p1a: Gothitelle|Psychic|p2a: FERRO TROLL
|-resisted|p2a: FERRO TROLL
|-damage|p2a: FERRO TROLL|151\/352
|move|p2a: FERRO TROLL|Leech Seed|p1a: Gothitelle
|-fail|p1a: Gothitelle
|
|-heal|p1a: Gothitelle|168\/301|[from] item: Leftovers
|-damage|p1a: Gothitelle|131\/301|[from] Leech Seed|[of] p2a: FERRO TROLL
|-heal|p2a: FERRO TROLL|188\/352|[silent]
|turn|13
|
|move|p1a: Gothitelle|Rest|p1a: Gothitelle
|-status|p1a: Gothitelle|slp
|-heal|p1a: Gothitelle|301\/301 slp|[silent]
|-status|p1a: Gothitelle|slp|[from] move: Rest
|move|p2a: FERRO TROLL|Leech Seed|p1a: Gothitelle
|-fail|p1a: Gothitelle
|
|-damage|p1a: Gothitelle|264\/301 slp|[from] Leech Seed|[of] p2a: FERRO TROLL
|-heal|p2a: FERRO TROLL|225\/352|[silent]
|turn|14
|
|cant|p1a: Gothitelle|slp
|move|p2a: FERRO TROLL|Leech Seed|p1a: Gothitelle
|-fail|p1a: Gothitelle
|
|-heal|p1a: Gothitelle|282\/301 slp|[from] item: Leftovers
|-damage|p1a: Gothitelle|245\/301 slp|[from] Leech Seed|[of] p2a: FERRO TROLL
|-heal|p2a: FERRO TROLL|262\/352|[silent]
|turn|15
|
|cant|p1a: Gothitelle|slp
|move|p2a: FERRO TROLL|Leech Seed|p1a: Gothitelle|[miss]
|-miss|p2a: FERRO TROLL|p1a: Gothitelle
|
|-heal|p1a: Gothitelle|263\/301 slp|[from] item: Leftovers
|-damage|p1a: Gothitelle|226\/301 slp|[from] Leech Seed|[of] p2a: FERRO TROLL
|-heal|p2a: FERRO TROLL|299\/352|[silent]
|turn|16
|
|-curestatus|p1a: Gothitelle|slp
|move|p1a: Gothitelle|Psychic|p2a: FERRO TROLL
|-resisted|p2a: FERRO TROLL
|-damage|p2a: FERRO TROLL|114\/352
|-unboost|p2a: FERRO TROLL|spd|1
|move|p2a: FERRO TROLL|Leech Seed|p1a: Gothitelle
|-fail|p1a: Gothitelle
|
|-heal|p1a: Gothitelle|244\/301|[from] item: Leftovers
|-damage|p1a: Gothitelle|207\/301|[from] Leech Seed|[of] p2a: FERRO TROLL
|-heal|p2a: FERRO TROLL|151\/352|[silent]
|turn|17
|
|move|p1a: Gothitelle|Psychic|p2a: FERRO TROLL
|-resisted|p2a: FERRO TROLL
|-damage|p2a: FERRO TROLL|0 fnt
|faint|p2a: FERRO TROLL
|
|-heal|p1a: Gothitelle|225\/301|[from] item: Leftovers
|
|switch|p2a: Land|Landorus-Therian, M|326\/326
|-ability|p2a: Land|Intimidate|[of] p1a: Gothitelle
|-unboost|p1a: Gothitelle|atk|1
|turn|18
|
|move|p2a: Land|U-turn|p1a: Gothitelle
|-supereffective|p1a: Gothitelle
|-damage|p1a: Gothitelle|29\/301
|
|switch|p2a: Mew|Mew|403\/403
|move|p1a: Gothitelle|Psychic|p2a: Mew
|-resisted|p2a: Mew
|-damage|p2a: Mew|193\/403
|
|-heal|p2a: Mew|218\/403|[from] item: Leftovers
|-heal|p1a: Gothitelle|47\/301|[from] item: Leftovers
|-damage|p1a: Gothitelle|10\/301|[from] Leech Seed|[of] p2a: Mew
|-heal|p2a: Mew|255\/403|[silent]
|turn|19
|
|move|p2a: Mew|Knock Off|p1a: Gothitelle
|-supereffective|p1a: Gothitelle
|-damage|p1a: Gothitelle|0 fnt
|-enditem|p1a: Gothitelle|Leftovers|[from] move: Knock Off|[of] p2a: Mew
|faint|p1a: Gothitelle
|
|-heal|p2a: Mew|280\/403|[from] item: Leftovers
|
|switch|p1a: Heatran|Heatran, F|386\/386
|-damage|p1a: Heatran|338\/386|[from] Stealth Rock
|turn|20
|
|move|p2a: Mew|Taunt|p1a: Heatran
|-start|p1a: Heatran|move: Taunt
|move|p1a: Heatran|Lava Plume|p2a: Mew
|-damage|p2a: Mew|192\/403
|
|-heal|p2a: Mew|217\/403|[from] item: Leftovers
|-heal|p1a: Heatran|362\/386|[from] item: Leftovers
|turn|21
|
|switch|p2a: NO WILL O WISP|Rotom-Wash|279\/303
|switch|p1a: Lopunny|Lopunny-Mega, M|271\/271
|-damage|p1a: Lopunny|255\/271|[from] Stealth Rock
|
|-heal|p2a: NO WILL O WISP|297\/303|[from] item: Leftovers
|turn|22
|
|switch|p1a: Celebi|Celebi|337\/404
|-damage|p1a: Celebi|287\/404|[from] Stealth Rock
|move|p2a: NO WILL O WISP|Volt Switch|p1a: Celebi
|-resisted|p1a: Celebi
|-damage|p1a: Celebi|257\/404
|
|switch|p2a: Land|Landorus-Therian, M|326\/326
|-ability|p2a: Land|Intimidate|[of] p1a: Celebi
|-unboost|p1a: Celebi|atk|1
|
|-heal|p1a: Celebi|282\/404|[from] item: Leftovers
|turn|23
|
|switch|p1a: Rotom-Wash|Rotom-Wash|303\/303
|-damage|p1a: Rotom-Wash|266\/303|[from] Stealth Rock
|move|p2a: Land|U-turn|p1a: Rotom-Wash
|-damage|p1a: Rotom-Wash|196\/303
|
|switch|p2a: NO WILL O WISP|Rotom-Wash|297\/303
|
|-heal|p1a: Rotom-Wash|214\/303|[from] item: Leftovers
|-heal|p2a: NO WILL O WISP|303\/303|[from] item: Leftovers
|turn|24
|
|move|p1a: Rotom-Wash|Will-O-Wisp|p2a: NO WILL O WISP
|-status|p2a: NO WILL O WISP|brn
|move|p2a: NO WILL O WISP|Will-O-Wisp|p1a: Rotom-Wash
|-status|p1a: Rotom-Wash|brn
|
|-heal|p1a: Rotom-Wash|232\/303 brn|[from] item: Leftovers
|-damage|p1a: Rotom-Wash|195\/303 brn|[from] brn
|-damage|p2a: NO WILL O WISP|266\/303 brn|[from] brn
|turn|25
|
|move|p1a: Rotom-Wash|Pain Split|p2a: NO WILL O WISP
|-sethp|p2a: NO WILL O WISP|230\/303 brn|p1a: Rotom-Wash|230\/303 brn|[from] move: Pain Split
|move|p2a: NO WILL O WISP|Volt Switch|p1a: Rotom-Wash
|-crit|p1a: Rotom-Wash
|-damage|p1a: Rotom-Wash|110\/303 brn
|
|switch|p2a: GET MARRIED|Gardevoir, F, shiny|277\/277
|-ability|p2a: GET MARRIED|Levitate|[from] ability: Trace|[of] p1a: Rotom-Wash
|
|-heal|p1a: Rotom-Wash|128\/303 brn|[from] item: Leftovers
|-damage|p1a: Rotom-Wash|91\/303 brn|[from] brn
|turn|26
|
|switch|p1a: Heatran|Heatran, F|362\/386
|-damage|p1a: Heatran|314\/386|[from] Stealth Rock
|detailschange|p2a: GET MARRIED|Gardevoir-Mega, F, shiny
|message|Gardevoir has Mega Evolved into Mega Gardevoir!
|move|p2a: GET MARRIED|Hyper Voice|p1a: Heatran
|-resisted|p1a: Heatran
|-damage|p1a: Heatran|273\/386
|
|-heal|p1a: Heatran|297\/386|[from] item: Leftovers
|turn|27
|
|move|p2a: GET MARRIED|Substitute|p2a: GET MARRIED
|-start|p2a: GET MARRIED|Substitute
|-damage|p2a: GET MARRIED|208\/277
|move|p1a: Heatran|Lava Plume|p2a: GET MARRIED
|-end|p2a: GET MARRIED|Substitute
|
|-heal|p1a: Heatran|321\/386|[from] item: Leftovers
|turn|28
|
|move|p2a: GET MARRIED|Calm Mind|p2a: GET MARRIED
|-boost|p2a: GET MARRIED|spa|1
|-boost|p2a: GET MARRIED|spd|1
|move|p1a: Heatran|Lava Plume|p2a: GET MARRIED
|-damage|p2a: GET MARRIED|147\/277
|
|-heal|p1a: Heatran|345\/386|[from] item: Leftovers
|turn|29
|
|move|p2a: GET MARRIED|Psyshock|p1a: Heatran
|-resisted|p1a: Heatran
|-damage|p1a: Heatran|219\/386
|move|p1a: Heatran|Lava Plume|p2a: GET MARRIED
|-damage|p2a: GET MARRIED|84\/277
|-status|p2a: GET MARRIED|brn
|
|-heal|p1a: Heatran|243\/386|[from] item: Leftovers
|-damage|p2a: GET MARRIED|50\/277 brn|[from] brn
|turn|30
|
|move|p2a: GET MARRIED|Psyshock|p1a: Heatran
|-resisted|p1a: Heatran
|-damage|p1a: Heatran|113\/386
|move|p1a: Heatran|Stealth Rock|p2a: GET MARRIED
|-sidestart|p2: TARJA TURUNEN|move: Stealth Rock
|
|-heal|p1a: Heatran|137\/386|[from] item: Leftovers
|-damage|p2a: GET MARRIED|16\/277 brn|[from] brn
|turn|31
|
|move|p1a: Heatran|Protect|p1a: Heatran
|-singleturn|p1a: Heatran|Protect
|move|p2a: GET MARRIED|Hyper Voice|p1a: Heatran
|-activate|p1a: Heatran|Protect
|
|-heal|p1a: Heatran|161\/386|[from] item: Leftovers
|-damage|p2a: GET MARRIED|0 fnt|[from] brn
|faint|p2a: GET MARRIED
|
|switch|p2a: COME STALL|Keldeo|323\/323
|-damage|p2a: COME STALL|303\/323|[from] Stealth Rock
|turn|32
|
|switch|p1a: Celebi|Celebi|282\/404
|-damage|p1a: Celebi|232\/404|[from] Stealth Rock
|move|p2a: COME STALL|Hydro Pump|p1a: Celebi
|-resisted|p1a: Celebi
|-damage|p1a: Celebi|129\/404
|
|-heal|p1a: Celebi|154\/404|[from] item: Leftovers
|turn|33
|
|switch|p2a: Mew|Mew|217\/403
|-damage|p2a: Mew|167\/403|[from] Stealth Rock
|move|p1a: Celebi|Recover|p1a: Celebi
|-heal|p1a: Celebi|356\/404
|
|-heal|p2a: Mew|192\/403|[from] item: Leftovers
|-heal|p1a: Celebi|381\/404|[from] item: Leftovers
|turn|34
|
|move|p2a: Mew|Knock Off|p1a: Celebi
|-supereffective|p1a: Celebi
|-damage|p1a: Celebi|225\/404
|-enditem|p1a: Celebi|Leftovers|[from] move: Knock Off|[of] p2a: Mew
|move|p1a: Celebi|Baton Pass|p1a: Celebi
|
|switch|p1a: Lopunny|Lopunny-Mega, M|255\/271
|-damage|p1a: Lopunny|239\/271|[from] Stealth Rock
|
|-heal|p2a: Mew|217\/403|[from] item: Leftovers
|turn|35
|
|move|p1a: Lopunny|Fake Out|p2a: Mew
|-crit|p2a: Mew
|-damage|p2a: Mew|97\/403
|cant|p2a: Mew|flinch
|
|-heal|p2a: Mew|122\/403|[from] item: Leftovers
|turn|36
|
|move|p1a: Lopunny|Return|p2a: Mew
|-damage|p2a: Mew|0 fnt
|faint|p2a: Mew
|
|
|switch|p2a: Land|Landorus-Therian, M|326\/326
|-damage|p2a: Land|286\/326|[from] Stealth Rock
|-ability|p2a: Land|Intimidate|[of] p1a: Lopunny
|-unboost|p1a: Lopunny|atk|1
|turn|37
|
|switch|p1a: Heatran|Heatran, F|161\/386
|-damage|p1a: Heatran|113\/386|[from] Stealth Rock
|move|p2a: Land|U-turn|p1a: Heatran
|-resisted|p1a: Heatran
|-damage|p1a: Heatran|91\/386
|
|switch|p2a: COME STALL|Keldeo|303\/323
|-damage|p2a: COME STALL|283\/323|[from] Stealth Rock
|
|-heal|p1a: Heatran|115\/386|[from] item: Leftovers
|turn|38
|
|move|p2a: COME STALL|Secret Sword|p1a: Heatran
|-supereffective|p1a: Heatran
|-damage|p1a: Heatran|0 fnt
|faint|p1a: Heatran
|
|
|switch|p1a: Celebi|Celebi|225\/404
|-damage|p1a: Celebi|175\/404|[from] Stealth Rock
|turn|39
|
|move|p2a: COME STALL|Secret Sword|p1a: Celebi
|-resisted|p1a: Celebi
|-damage|p1a: Celebi|56\/404
|move|p1a: Celebi|Giga Drain|p2a: COME STALL
|-supereffective|p2a: COME STALL
|-damage|p2a: COME STALL|103\/323
|-heal|p1a: Celebi|146\/404|[from] drain|[of] p2a: COME STALL
|
|turn|40
|
|switch|p2a: Land|Landorus-Therian, M|286\/326
|-damage|p2a: Land|246\/326|[from] Stealth Rock
|-ability|p2a: Land|Intimidate|[of] p1a: Celebi
|-unboost|p1a: Celebi|atk|1
|move|p1a: Celebi|Recover|p1a: Celebi
|-heal|p1a: Celebi|348\/404
|
|turn|41
|
|switch|p1a: Rotom-Wash|Rotom-Wash|91\/303 brn
|-damage|p1a: Rotom-Wash|54\/303 brn|[from] Stealth Rock
|move|p2a: Land|U-turn|p1a: Rotom-Wash
|-damage|p1a: Rotom-Wash|0 fnt
|faint|p1a: Rotom-Wash
|
|switch|p2a: COME STALL|Keldeo|103\/323
|-damage|p2a: COME STALL|83\/323|[from] Stealth Rock
|
|
|switch|p1a: Celebi|Celebi|348\/404
|-damage|p1a: Celebi|298\/404|[from] Stealth Rock
|turn|42
|
|move|p2a: COME STALL|Icy Wind|p1a: Celebi
|-supereffective|p1a: Celebi
|-damage|p1a: Celebi|162\/404
|-unboost|p1a: Celebi|spe|1
|move|p1a: Celebi|Giga Drain|p2a: COME STALL
|-supereffective|p2a: COME STALL
|-damage|p2a: COME STALL|0 fnt
|-heal|p1a: Celebi|204\/404|[from] drain|[of] p2a: COME STALL
|faint|p2a: COME STALL
|
|
|switch|p2a: Land|Landorus-Therian, M|246\/326
|-damage|p2a: Land|206\/326|[from] Stealth Rock
|-ability|p2a: Land|Intimidate|[of] p1a: Celebi
|-unboost|p1a: Celebi|atk|1
|turn|43
|
|switch|p1a: Mandibuzz|Mandibuzz, F|424\/424
|-damage|p1a: Mandibuzz|318\/424|[from] Stealth Rock
|move|p2a: Land|Stone Edge|p1a: Mandibuzz
|-supereffective|p1a: Mandibuzz
|-damage|p1a: Mandibuzz|128\/424
|
|-heal|p1a: Mandibuzz|154\/424|[from] item: Leftovers
|turn|44
|
|switch|p1a: Lopunny|Lopunny-Mega, M|239\/271
|-damage|p1a: Lopunny|223\/271|[from] Stealth Rock
|move|p2a: Land|Stone Edge|p1a: Lopunny
|-resisted|p1a: Lopunny
|-damage|p1a: Lopunny|157\/271
|
|turn|45
|
|move|p2a: Land|Stone Edge|p1a: Lopunny
|-resisted|p1a: Lopunny
|-damage|p1a: Lopunny|95\/271
|move|p1a: Lopunny|Ice Punch|p2a: Land
|-supereffective|p2a: Land
|-damage|p2a: Land|0 fnt
|faint|p2a: Land
|
|-message|TARJA TURUNEN forfeited.
|
|win|lil manaphy
|raw|Ladder updating...
|leave|TARJA TURUNEN
|player|p2
|raw|lil manaphy's rating: 1690 &rarr; <strong>1708<\/strong><br \/>(+18 for winning)
|raw|TARJA TURUNEN's rating: 1645 &rarr; <strong>1628<\/strong><br \/>(-17 for losing)