|join|Noctis93
|join|TARJA TURUNEN
|player|p1|Noctis93|101
|player|p2|TARJA TURUNEN|170
|gametype|singles
|gen|6
|tier|OU
|rated
|clearpoke
|poke|p1|Gardevoir, M
|poke|p1|Ferrothorn, F
|poke|p1|Bisharp, F
|poke|p1|Latias, F
|poke|p1|Landorus-Therian, M
|poke|p1|Zapdos
|poke|p2|Metagross, shiny
|poke|p2|Landorus, M
|poke|p2|Talonflame, F
|poke|p2|Terrakion
|poke|p2|Rotom-Wash
|poke|p2|Greninja, F
|rule|Swagger Clause: Swagger is banned
|rule|Baton Pass Clause: Limit one Pokémon knowing Baton Pass
|rule|Sleep Clause Mod: Limit one foe put to sleep
|rule|Species Clause: Limit one of each Pokémon
|rule|OHKO Clause: OHKO moves are banned
|rule|Moody Clause: Moody is banned
|rule|Evasion Moves Clause: Evasion moves are banned
|rule|Endless Battle Clause: Forcing endless battles is banned
|rule|HP Percentage Mod: HP is shown in percentages
|teampreview
|
|start
|switch|p1a: Gardevoir|Gardevoir, M|278\/278
|switch|p2a: ADAMANT BIG BULL|Terrakion|323\/323
|-ability|p1a: Gardevoir|Justified|[from] ability: Trace|[of] p2a: ADAMANT BIG BULL
|turn|1
|
|detailschange|p1a: Gardevoir|Gardevoir-Mega, M
|-mega|p1a: Gardevoir|Gardevoir|Gardevoirite
|move|p2a: ADAMANT BIG BULL|Stealth Rock|p1a: Gardevoir
|-sidestart|p1: Noctis93|move: Stealth Rock
|move|p1a: Gardevoir|Hyper Voice|p2a: ADAMANT BIG BULL
|-supereffective|p2a: ADAMANT BIG BULL
|-enditem|p2a: ADAMANT BIG BULL|Focus Sash
|-damage|p2a: ADAMANT BIG BULL|1\/323
|
|turn|2
|
|switch|p1a: Ferrothorn|Ferrothorn, F|352\/352
|-damage|p1a: Ferrothorn|330\/352|[from] Stealth Rock
|move|p2a: ADAMANT BIG BULL|Close Combat|p1a: Ferrothorn
|-supereffective|p1a: Ferrothorn
|-damage|p1a: Ferrothorn|96\/352
|-damage|p2a: ADAMANT BIG BULL|0 fnt|[from] ability: Iron Barbs|[of] p1a: Ferrothorn
|faint|p2a: ADAMANT BIG BULL
|
|
|switch|p2a: Landorus|Landorus, M|319\/319
|turn|3
|
|move|p2a: Landorus|Earth Power|p1a: Ferrothorn
|-damage|p1a: Ferrothorn|0 fnt
|faint|p1a: Ferrothorn
|
|
|switch|p1a: Zapdos|Zapdos|322\/322
|-damage|p1a: Zapdos|242\/322|[from] Stealth Rock
|-ability|p1a: Zapdos|Pressure
|turn|4
|
|move|p1a: Zapdos|Hidden Power|p2a: Landorus
|-supereffective|p2a: Landorus
|-damage|p2a: Landorus|0 fnt
|faint|p2a: Landorus
|
|
|switch|p2a: Rotom-Wash|Rotom-Wash|304\/304
|turn|5
|
|switch|p1a: Landorus-Therian|Landorus-Therian, M|333\/333
|-damage|p1a: Landorus-Therian|292\/333|[from] Stealth Rock
|-ability|p1a: Landorus-Therian|Intimidate|[of] p2a: Rotom-Wash
|-unboost|p2a: Rotom-Wash|atk|1
|move|p2a: Rotom-Wash|Volt Switch|p1a: Landorus-Therian
|-immune|p1a: Landorus-Therian|[msg]
|
|-heal|p1a: Landorus-Therian|312\/333|[from] item: Leftovers
|turn|6
|
|move|p1a: Landorus-Therian|Stealth Rock|p2a: Rotom-Wash
|-sidestart|p2: TARJA TURUNEN|move: Stealth Rock
|move|p2a: Rotom-Wash|Hydro Pump|p1a: Landorus-Therian
|-supereffective|p1a: Landorus-Therian
|-damage|p1a: Landorus-Therian|0 fnt
|faint|p1a: Landorus-Therian
|
|
|switch|p1a: Gardevoir|Gardevoir-Mega, M|278\/278
|-damage|p1a: Gardevoir|244\/278|[from] Stealth Rock
|turn|7
|
|move|p1a: Gardevoir|Hyper Voice|p2a: Rotom-Wash
|-damage|p2a: Rotom-Wash|99\/304
|move|p2a: Rotom-Wash|Volt Switch|p1a: Gardevoir
|-damage|p1a: Gardevoir|174\/278
|
|switch|p2a: Metagross|Metagross, shiny|301\/301
|-damage|p2a: Metagross|283\/301|[from] Stealth Rock
|
|turn|8
|
|detailschange|p2a: Metagross|Metagross-Mega, shiny
|-mega|p2a: Metagross|Metagross|Metagrossite
|move|p1a: Gardevoir|Hidden Power|p2a: Metagross
|-supereffective|p2a: Metagross
|-damage|p2a: Metagross|127\/301
|move|p2a: Metagross|Ice Punch|p1a: Gardevoir
|-damage|p1a: Gardevoir|0 fnt
|faint|p1a: Gardevoir
|
|
|switch|p1a: Zapdos|Zapdos|242\/322
|-damage|p1a: Zapdos|162\/322|[from] Stealth Rock
|-ability|p1a: Zapdos|Pressure
|turn|9
|
|move|p1a: Zapdos|Thunderbolt|p2a: Metagross
|-damage|p2a: Metagross|0 fnt
|faint|p2a: Metagross
|
|
|switch|p2a: Talonflame|Talonflame, F|309\/309
|-damage|p2a: Talonflame|155\/309|[from] Stealth Rock
|turn|10
|
|move|p2a: Talonflame|Brave Bird|p1a: Zapdos
|-resisted|p1a: Zapdos
|-damage|p1a: Zapdos|36\/322
|-damage|p2a: Talonflame|113\/309|[from] recoil|[of] p1a: Zapdos
|-damage|p2a: Talonflame|83\/309|[from] item: Life Orb
|move|p1a: Zapdos|Thunderbolt|p2a: Talonflame
|-supereffective|p2a: Talonflame
|-damage|p2a: Talonflame|0 fnt
|faint|p2a: Talonflame
|
|
|switch|p2a: Rotom-Wash|Rotom-Wash|99\/304
|-damage|p2a: Rotom-Wash|61\/304|[from] Stealth Rock
|turn|11
|
|move|p1a: Zapdos|Thunderbolt|p2a: Rotom-Wash
|-damage|p2a: Rotom-Wash|0 fnt
|faint|p2a: Rotom-Wash
|
|
|switch|p2a: Greninja|Greninja, F|285\/285
|-damage|p2a: Greninja|250\/285|[from] Stealth Rock
|turn|12
|
|move|p1a: Zapdos|Thunderbolt|p2a: Greninja
|-crit|p2a: Greninja
|-supereffective|p2a: Greninja
|-damage|p2a: Greninja|0 fnt
|faint|p2a: Greninja
|
|win|Noctis93
|raw|Ladder updating...
|raw|Noctis93's rating: 1552 &rarr; <strong>1574<\/strong><br \/>(+22 for winning)
|raw|TARJA TURUNEN's rating: 1570 &rarr; <strong>1549<\/strong><br \/>(-21 for losing)
|leave|TARJA TURUNEN
|player|p2