|join|Wizard from Aus
|join|TARJA TURUNEN
|player|p1|Wizard from Aus|109
|player|p2|TARJA TURUNEN|260
|gametype|singles
|gen|6
|tier|OU
|rated
|clearpoke
|poke|p1|Azelf
|poke|p1|Bisharp, F
|poke|p1|Azumarill, F
|poke|p1|Talonflame, F
|poke|p1|Medicham, F
|poke|p1|Zygarde
|poke|p2|Bisharp, F
|poke|p2|Breloom, M
|poke|p2|Dragonite, M
|poke|p2|Charizard, M
|poke|p2|Terrakion
|poke|p2|Greninja, F
|rule|Swagger Clause: Swagger is banned
|rule|Baton Pass Clause: Limit one Pokémon knowing Baton Pass
|rule|Sleep Clause Mod: Limit one foe put to sleep
|rule|Species Clause: Limit one of each Pokémon
|rule|OHKO Clause: OHKO moves are banned
|rule|Moody Clause: Moody is banned
|rule|Evasion Moves Clause: Evasion moves are banned
|rule|Endless Battle Clause: Forcing endless battles is banned
|rule|HP Percentage Mod: HP is shown in percentages
|teampreview
|
|start
|switch|p1a: Azelf|Azelf|291\/291
|switch|p2a: Breloom|Breloom, M|262\/262
|turn|1
|
|move|p1a: Azelf|Stealth Rock|p2a: Breloom
|-sidestart|p2: TARJA TURUNEN|move: Stealth Rock
|move|p2a: Breloom|Bullet Seed|p1a: Azelf
|-damage|p1a: Azelf|209\/291
|-damage|p1a: Azelf|118\/291
|-damage|p1a: Azelf|30\/291
|-damage|p1a: Azelf|0 fnt
|-hitcount|p1a: Azelf|4
|faint|p1a: Azelf
|
|
|switch|p1a: Medicham|Medicham, F|261\/261
|turn|2
|
|switch|p2a: Charizard|Charizard, M|333\/333
|-damage|p2a: Charizard|167\/333|[from] Stealth Rock
|detailschange|p1a: Medicham|Medicham-Mega, F
|message|Medicham has Mega Evolved into Mega Medicham!
|move|p1a: Medicham|Fake Out|p2a: Charizard
|-damage|p2a: Charizard|72\/333
|
|turn|3
|
|detailschange|p2a: Charizard|Charizard-Mega-X, M
|message|Charizard has Mega Evolved into Mega Charizard!
|move|p1a: Medicham|Zen Headbutt|p2a: Charizard
|-damage|p2a: Charizard|0 fnt
|faint|p2a: Charizard
|
|
|switch|p2a: Greninja|Greninja, F|285\/285
|-damage|p2a: Greninja|250\/285|[from] Stealth Rock
|turn|4
|
|move|p2a: Greninja|Extrasensory|p1a: Medicham
|-start|p2a: Greninja|typechange|Psychic|[from] Protean
|-damage|p1a: Medicham|88\/261
|-damage|p2a: Greninja|222\/285|[from] item: Life Orb
|move|p1a: Medicham|Thunder Punch|p2a: Greninja
|-damage|p2a: Greninja|9\/285
|
|turn|5
|
|switch|p1a: Zygarde|Zygarde|407\/407
|-ability|p1a: Zygarde|Aura Break
|move|p2a: Greninja|Spikes|p1a: Zygarde
|-start|p2a: Greninja|typechange|Ground|[from] Protean
|-sidestart|p1: Wizard from Aus|Spikes
|
|turn|6
|
|move|p1a: Zygarde|Extreme Speed|p2a: Greninja
|-damage|p2a: Greninja|0 fnt
|faint|p2a: Greninja
|
|
|switch|p2a: Breloom|Breloom, M|262\/262
|-damage|p2a: Breloom|246\/262|[from] Stealth Rock
|turn|7
|
|move|p2a: Breloom|Spore|p1a: Zygarde
|-status|p1a: Zygarde|slp
|cant|p1a: Zygarde|slp
|
|turn|8
|
|move|p2a: Breloom|Bullet Seed|p1a: Zygarde
|-damage|p1a: Zygarde|347\/407 slp
|-damage|p1a: Zygarde|286\/407 slp
|-hitcount|p1a: Zygarde|2
|cant|p1a: Zygarde|slp
|
|-heal|p1a: Zygarde|311\/407 slp|[from] item: Leftovers
|turn|9
|
|move|p2a: Breloom|Bullet Seed|p1a: Zygarde
|-damage|p1a: Zygarde|250\/407 slp
|-damage|p1a: Zygarde|190\/407 slp
|-damage|p1a: Zygarde|136\/407 slp
|-hitcount|p1a: Zygarde|3
|-curestatus|p1a: Zygarde|slp
|move|p1a: Zygarde|Dragon Tail|p2a: Breloom
|-damage|p2a: Breloom|161\/262
|drag|p2a: Terrakion|Terrakion|323\/323
|-damage|p2a: Terrakion|303\/323|[from] Stealth Rock
|
|-heal|p1a: Zygarde|161\/407|[from] item: Leftovers
|turn|10
|
|move|p2a: Terrakion|Stealth Rock|p1a: Zygarde
|-sidestart|p1: Wizard from Aus|move: Stealth Rock
|move|p1a: Zygarde|Coil|p1a: Zygarde
|-boost|p1a: Zygarde|atk|1
|-boost|p1a: Zygarde|def|1
|-boost|p1a: Zygarde|accuracy|1
|
|-heal|p1a: Zygarde|186\/407|[from] item: Leftovers
|turn|11
|
|move|p2a: Terrakion|Close Combat|p1a: Zygarde
|-damage|p1a: Zygarde|71\/407
|-unboost|p2a: Terrakion|def|1
|-unboost|p2a: Terrakion|spd|1
|move|p1a: Zygarde|Dragon Tail|p2a: Terrakion
|-crit|p2a: Terrakion
|-damage|p2a: Terrakion|32\/323
|drag|p2a: Bisharp|Bisharp, F|271\/271
|-damage|p2a: Bisharp|255\/271|[from] Stealth Rock
|
|-heal|p1a: Zygarde|96\/407|[from] item: Leftovers
|turn|12
|
|move|p2a: Bisharp|Knock Off|p1a: Zygarde
|-damage|p1a: Zygarde|0 fnt
|-enditem|p1a: Zygarde|Leftovers|[from] move: Knock Off|[of] p2a: Bisharp
|faint|p1a: Zygarde
|
|
|switch|p1a: Azumarill|Azumarill, F|364\/364
|-damage|p1a: Azumarill|319\/364|[from] Spikes
|-damage|p1a: Azumarill|274\/364|[from] Stealth Rock
|turn|13
|
|move|p2a: Bisharp|Iron Head|p1a: Azumarill
|-damage|p1a: Azumarill|117\/364
|-enditem|p1a: Azumarill|Sitrus Berry|[eat]
|-heal|p1a: Azumarill|208\/364|[from] item: Sitrus Berry
|cant|p1a: Azumarill|flinch
|
|turn|14
|
|move|p2a: Bisharp|Iron Head|p1a: Azumarill
|-damage|p1a: Azumarill|39\/364
|move|p1a: Azumarill|Superpower|p2a: Bisharp
|-supereffective|p2a: Bisharp
|-damage|p2a: Bisharp|0 fnt
|-unboost|p1a: Azumarill|atk|1
|-unboost|p1a: Azumarill|def|1
|faint|p2a: Bisharp
|
|
|switch|p2a: Dragonite|Dragonite, M|323\/323
|-damage|p2a: Dragonite|243\/323|[from] Stealth Rock
|turn|15
|
|move|p2a: Dragonite|Extreme Speed|p1a: Azumarill
|-crit|p1a: Azumarill
|-damage|p1a: Azumarill|0 fnt
|faint|p1a: Azumarill
|
|
|switch|p1a: Medicham|Medicham-Mega, F|88\/261
|-damage|p1a: Medicham|72\/261|[from] Stealth Rock
|-damage|p1a: Medicham|40\/261|[from] Spikes
|turn|16
|
|switch|p2a: Terrakion|Terrakion|32\/323
|-damage|p2a: Terrakion|12\/323|[from] Stealth Rock
|move|p1a: Medicham|Fake Out|p2a: Terrakion
|-resisted|p2a: Terrakion
|-damage|p2a: Terrakion|0 fnt
|faint|p2a: Terrakion
|
|
|switch|p2a: Dragonite|Dragonite, M|243\/323
|-damage|p2a: Dragonite|163\/323|[from] Stealth Rock
|turn|17
|
|move|p2a: Dragonite|Extreme Speed|p1a: Medicham
|-crit|p1a: Medicham
|-damage|p1a: Medicham|0 fnt
|faint|p1a: Medicham
|
|
|switch|p1a: Bisharp|Bisharp, F|272\/272
|-damage|p1a: Bisharp|238\/272|[from] Spikes
|-damage|p1a: Bisharp|221\/272|[from] Stealth Rock
|turn|18
|
|switch|p2a: Breloom|Breloom, M|161\/262
|-damage|p2a: Breloom|145\/262|[from] Stealth Rock
|move|p1a: Bisharp|Iron Head|p2a: Breloom
|-damage|p2a: Breloom|0 fnt
|-damage|p1a: Bisharp|194\/272|[from] item: Life Orb
|faint|p2a: Breloom
|
|
|switch|p2a: Dragonite|Dragonite, M|163\/323
|-damage|p2a: Dragonite|83\/323|[from] Stealth Rock
|turn|19
|
|move|p2a: Dragonite|Extreme Speed|p1a: Bisharp
|-resisted|p1a: Bisharp
|-damage|p1a: Bisharp|108\/272
|move|p1a: Bisharp|Sucker Punch|p2a: Dragonite
|-fail|p2a: Dragonite
|
|turn|20
|
|move|p2a: Dragonite|Extreme Speed|p1a: Bisharp
|-resisted|p1a: Bisharp
|-damage|p1a: Bisharp|24\/272
|move|p1a: Bisharp|Knock Off|p2a: Dragonite
|-damage|p2a: Dragonite|0 fnt
|-enditem|p2a: Dragonite|Choice Band|[from] move: Knock Off|[of] p1a: Bisharp
|-damage|p1a: Bisharp|0 fnt|[from] item: Life Orb
|faint|p2a: Dragonite
|faint|p1a: Bisharp
|
|win|Wizard from Aus
|raw|Ladder updating...
|raw|Wizard from Aus's rating: 1720 &rarr; <strong>1741<\/strong><br \/>(+21 for winning)
|raw|TARJA TURUNEN's rating: 1735 &rarr; <strong>1714<\/strong><br \/>(-21 for losing)