|join|TARJA TURUNEN
|join|Yes i love that
|player|p1|TARJA TURUNEN|78
|player|p2|Yes i love that|161
|gametype|singles
|gen|6
|tier|OU
|rated
|clearpoke
|poke|p1|Landorus-Therian, M
|poke|p1|Mew
|poke|p1|Gardevoir, F, shiny
|poke|p1|Rotom-Wash
|poke|p1|Keldeo
|poke|p1|Ferrothorn, F
|poke|p2|Greninja, F
|poke|p2|Rotom-Wash
|poke|p2|Landorus-Therian, M
|poke|p2|Scizor, M
|poke|p2|Clefable, M
|poke|p2|Latias, F
|rule|Swagger Clause: Swagger is banned
|rule|Baton Pass Clause: Limit one Pokémon knowing Baton Pass
|rule|Sleep Clause Mod: Limit one foe put to sleep
|rule|Species Clause: Limit one of each Pokémon
|rule|OHKO Clause: OHKO moves are banned
|rule|Moody Clause: Moody is banned
|rule|Evasion Moves Clause: Evasion moves are banned
|rule|Endless Battle Clause: Forcing endless battles is banned
|rule|HP Percentage Mod: HP is shown in percentages
|teampreview
|
|start
|switch|p1a: FERRO TROLL|Ferrothorn, F|352\/352
|switch|p2a: Clefable|Clefable, M|394\/394
|turn|1
|
|move|p2a: Clefable|Stealth Rock|p1a: FERRO TROLL
|-sidestart|p1: TARJA TURUNEN|move: Stealth Rock
|move|p1a: FERRO TROLL|Gyro Ball|p2a: Clefable
|-supereffective|p2a: Clefable
|-damage|p2a: Clefable|208\/394
|
|-heal|p2a: Clefable|232\/394|[from] item: Leftovers
|turn|2
|
|move|p2a: Clefable|Soft-Boiled|p2a: Clefable
|-heal|p2a: Clefable|394\/394
|move|p1a: FERRO TROLL|Stealth Rock|p2a: Clefable
|-sidestart|p2: Yes i love that|move: Stealth Rock
|
|turn|3
|
|switch|p1a: GET MARRIED|Gardevoir, F, shiny|277\/277
|-damage|p1a: GET MARRIED|243\/277|[from] Stealth Rock
|-ability|p1a: GET MARRIED|Magic Guard|[from] ability: Trace|[of] p2a: Clefable
|move|p2a: Clefable|Flamethrower|p1a: GET MARRIED
|-damage|p1a: GET MARRIED|179\/277
|
|turn|4
|
|switch|p2a: Scizor|Scizor, M|324\/324
|-damage|p2a: Scizor|284\/324|[from] Stealth Rock
|detailschange|p1a: GET MARRIED|Gardevoir-Mega, F, shiny
|message|Gardevoir has Mega Evolved into Mega Gardevoir!
|move|p1a: GET MARRIED|Hyper Voice|p2a: Scizor
|-resisted|p2a: Scizor
|-damage|p2a: Scizor|158\/324
|
|turn|5
|
|switch|p1a: NO WILL O WISP|Rotom-Wash|303\/303
|-damage|p1a: NO WILL O WISP|266\/303|[from] Stealth Rock
|detailschange|p2a: Scizor|Scizor-Mega, M
|message|Scizor has Mega Evolved into Mega Scizor!
|move|p2a: Scizor|Roost|p2a: Scizor
|-heal|p2a: Scizor|320\/324
|
|-heal|p1a: NO WILL O WISP|284\/303|[from] item: Leftovers
|turn|6
|
|switch|p2a: Clefable|Clefable, M|394\/394
|move|p1a: NO WILL O WISP|Will-O-Wisp|p2a: Clefable
|-status|p2a: Clefable|brn
|
|-heal|p1a: NO WILL O WISP|302\/303|[from] item: Leftovers
|turn|7
|
|move|p1a: NO WILL O WISP|Pain Split|p2a: Clefable
|-sethp|p2a: Clefable|348\/394 brn|p1a: NO WILL O WISP|303\/303|[from] move: Pain Split
|move|p2a: Clefable|Moonblast|p1a: NO WILL O WISP
|-damage|p1a: NO WILL O WISP|216\/303
|-unboost|p1a: NO WILL O WISP|spa|1
|
|-heal|p1a: NO WILL O WISP|234\/303|[from] item: Leftovers
|-heal|p2a: Clefable|372\/394 brn|[from] item: Leftovers
|turn|8
|
|move|p1a: NO WILL O WISP|Pain Split|p2a: Clefable
|-sethp|p2a: Clefable|303\/394 brn|p1a: NO WILL O WISP|303\/303|[from] move: Pain Split
|move|p2a: Clefable|Moonblast|p1a: NO WILL O WISP
|-damage|p1a: NO WILL O WISP|216\/303
|
|-heal|p1a: NO WILL O WISP|234\/303|[from] item: Leftovers
|-heal|p2a: Clefable|327\/394 brn|[from] item: Leftovers
|turn|9
|
|move|p1a: NO WILL O WISP|Volt Switch|p2a: Clefable
|-damage|p2a: Clefable|260\/394 brn
|
|switch|p1a: Mew|Mew|403\/403
|-damage|p1a: Mew|353\/403|[from] Stealth Rock
|move|p2a: Clefable|Moonblast|p1a: Mew
|-damage|p1a: Mew|272\/403
|-unboost|p1a: Mew|spa|1
|
|-heal|p1a: Mew|297\/403|[from] item: Leftovers
|-heal|p2a: Clefable|284\/394 brn|[from] item: Leftovers
|turn|10
|
|move|p1a: Mew|Taunt|p2a: Clefable
|-start|p2a: Clefable|move: Taunt
|move|p2a: Clefable|Moonblast|p1a: Mew
|-damage|p1a: Mew|218\/403
|-unboost|p1a: Mew|spa|1
|
|-heal|p1a: Mew|243\/403|[from] item: Leftovers
|-heal|p2a: Clefable|308\/394 brn|[from] item: Leftovers
|turn|11
|
|switch|p2a: Greninja|Greninja, F|285\/285
|-damage|p2a: Greninja|250\/285|[from] Stealth Rock
|move|p1a: Mew|Knock Off|p2a: Greninja
|-resisted|p2a: Greninja
|-damage|p2a: Greninja|195\/285
|-enditem|p2a: Greninja|Life Orb|[from] move: Knock Off|[of] p1a: Mew
|
|-heal|p1a: Mew|268\/403|[from] item: Leftovers
|turn|12
|
|switch|p1a: FERRO TROLL|Ferrothorn, F|352\/352
|-damage|p1a: FERRO TROLL|330\/352|[from] Stealth Rock
|move|p2a: Greninja|Spikes|p1a: FERRO TROLL
|-start|p2a: Greninja|typechange|Ground|[from] Protean
|-sidestart|p1: TARJA TURUNEN|Spikes
|
|-heal|p1a: FERRO TROLL|352\/352|[from] item: Leftovers
|turn|13
|
|move|p2a: Greninja|Spikes|p1a: FERRO TROLL
|-sidestart|p1: TARJA TURUNEN|Spikes
|move|p1a: FERRO TROLL|Leech Seed|p2a: Greninja
|-start|p2a: Greninja|move: Leech Seed
|
|-damage|p2a: Greninja|160\/285|[from] Leech Seed|[of] p1a: FERRO TROLL
|turn|14
|
|move|p2a: Greninja|Spikes|p1a: FERRO TROLL
|-sidestart|p1: TARJA TURUNEN|Spikes
|move|p1a: FERRO TROLL|Gyro Ball|p2a: Greninja
|-damage|p2a: Greninja|0 fnt
|faint|p2a: Greninja
|
|
|switch|p2a: Clefable|Clefable, M|308\/394 brn
|turn|15
|
|move|p2a: Clefable|Flamethrower|p1a: FERRO TROLL
|-supereffective|p1a: FERRO TROLL
|-damage|p1a: FERRO TROLL|128\/352
|move|p1a: FERRO TROLL|Leech Seed|p2a: Clefable
|-start|p2a: Clefable|move: Leech Seed
|
|-heal|p2a: Clefable|332\/394 brn|[from] item: Leftovers
|-heal|p1a: FERRO TROLL|150\/352|[from] item: Leftovers
|turn|16
|
|move|p1a: FERRO TROLL|Protect|p1a: FERRO TROLL
|-singleturn|p1a: FERRO TROLL|Protect
|move|p2a: Clefable|Moonblast|p1a: FERRO TROLL
|-activate|p1a: FERRO TROLL|Protect
|
|-heal|p2a: Clefable|356\/394 brn|[from] item: Leftovers
|-heal|p1a: FERRO TROLL|172\/352|[from] item: Leftovers
|turn|17
|
|switch|p1a: NO WILL O WISP|Rotom-Wash|234\/303
|-damage|p1a: NO WILL O WISP|197\/303|[from] Stealth Rock
|move|p2a: Clefable|Flamethrower|p1a: NO WILL O WISP
|-resisted|p1a: NO WILL O WISP
|-damage|p1a: NO WILL O WISP|169\/303
|
|-heal|p1a: NO WILL O WISP|187\/303|[from] item: Leftovers
|-heal|p2a: Clefable|380\/394 brn|[from] item: Leftovers
|turn|18
|
|move|p1a: NO WILL O WISP|Pain Split|p2a: Clefable
|-sethp|p2a: Clefable|283\/394 brn|p1a: NO WILL O WISP|283\/303|[from] move: Pain Split
|move|p2a: Clefable|Flamethrower|p1a: NO WILL O WISP
|-resisted|p1a: NO WILL O WISP
|-damage|p1a: NO WILL O WISP|254\/303
|
|-heal|p1a: NO WILL O WISP|272\/303|[from] item: Leftovers
|-heal|p2a: Clefable|307\/394 brn|[from] item: Leftovers
|turn|19
|
|move|p1a: NO WILL O WISP|Hydro Pump|p2a: Clefable|[miss]
|-miss|p1a: NO WILL O WISP|p2a: Clefable
|move|p2a: Clefable|Flamethrower|p1a: NO WILL O WISP
|-resisted|p1a: NO WILL O WISP
|-damage|p1a: NO WILL O WISP|246\/303
|
|-heal|p1a: NO WILL O WISP|264\/303|[from] item: Leftovers
|-heal|p2a: Clefable|331\/394 brn|[from] item: Leftovers
|turn|20
|
|move|p1a: NO WILL O WISP|Volt Switch|p2a: Clefable
|-damage|p2a: Clefable|243\/394 brn
|
|switch|p1a: Land|Landorus-Therian, M|326\/326
|-damage|p1a: Land|286\/326|[from] Stealth Rock
|-ability|p1a: Land|Intimidate|[of] p2a: Clefable
|-unboost|p2a: Clefable|atk|1
|move|p2a: Clefable|Moonblast|p1a: Land
|-damage|p1a: Land|154\/326
|
|-heal|p2a: Clefable|267\/394 brn|[from] item: Leftovers
|turn|21
|
|switch|p2a: Landorus-Therian|Landorus-Therian, M|319\/319
|-damage|p2a: Landorus-Therian|280\/319|[from] Stealth Rock
|-ability|p2a: Landorus-Therian|Intimidate|[of] p1a: Land
|-unboost|p1a: Land|atk|1
|move|p1a: Land|Earthquake|p2a: Landorus-Therian
|-immune|p2a: Landorus-Therian|[msg]
|
|turn|22
|
|switch|p1a: FERRO TROLL|Ferrothorn, F|172\/352
|-damage|p1a: FERRO TROLL|84\/352|[from] Spikes
|-damage|p1a: FERRO TROLL|62\/352|[from] Stealth Rock
|move|p2a: Landorus-Therian|U-turn|p1a: FERRO TROLL
|-damage|p1a: FERRO TROLL|0 fnt
|-damage|p2a: Landorus-Therian|241\/319|[from] ability: Iron Barbs|[of] p1a: FERRO TROLL
|faint|p1a: FERRO TROLL
|
|switch|p2a: Clefable|Clefable, M|267\/394 brn
|
|-heal|p2a: Clefable|291\/394 brn|[from] item: Leftovers
|
|switch|p1a: GET MARRIED|Gardevoir-Mega, F, shiny|179\/277
|-damage|p1a: GET MARRIED|145\/277|[from] Stealth Rock
|-damage|p1a: GET MARRIED|76\/277|[from] Spikes
|turn|23
|
|switch|p2a: Scizor|Scizor-Mega, M|320\/324
|-damage|p2a: Scizor|280\/324|[from] Stealth Rock
|move|p1a: GET MARRIED|Substitute|p1a: GET MARRIED
|-start|p1a: GET MARRIED|Substitute
|-damage|p1a: GET MARRIED|7\/277
|
|turn|24
|
|move|p2a: Scizor|Bullet Punch|p1a: GET MARRIED
|-supereffective|p1a: GET MARRIED
|-end|p1a: GET MARRIED|Substitute
|move|p1a: GET MARRIED|Hyper Voice|p2a: Scizor
|-resisted|p2a: Scizor
|-damage|p2a: Scizor|164\/324
|
|turn|25
|
|move|p2a: Scizor|Bullet Punch|p1a: GET MARRIED
|-supereffective|p1a: GET MARRIED
|-damage|p1a: GET MARRIED|0 fnt
|faint|p1a: GET MARRIED
|
|
|switch|p1a: COME STALL|Keldeo|323\/323
|-damage|p1a: COME STALL|303\/323|[from] Stealth Rock
|-damage|p1a: COME STALL|223\/323|[from] Spikes
|turn|26
|
|switch|p2a: Rotom-Wash|Rotom-Wash|304\/304
|-damage|p2a: Rotom-Wash|266\/304|[from] Stealth Rock
|move|p1a: COME STALL|Hydro Pump|p2a: Rotom-Wash
|-resisted|p2a: Rotom-Wash
|-damage|p2a: Rotom-Wash|140\/304
|
|-heal|p2a: Rotom-Wash|159\/304|[from] item: Leftovers
|turn|27
|
|switch|p1a: NO WILL O WISP|Rotom-Wash|264\/303
|-damage|p1a: NO WILL O WISP|227\/303|[from] Stealth Rock
|move|p2a: Rotom-Wash|Volt Switch|p1a: NO WILL O WISP
|-damage|p1a: NO WILL O WISP|158\/303
|
|switch|p2a: Latias|Latias, F|302\/302
|-damage|p2a: Latias|265\/302|[from] Stealth Rock
|
|-heal|p1a: NO WILL O WISP|176\/303|[from] item: Leftovers
|turn|28
|
|move|p2a: Latias|Psyshock|p1a: NO WILL O WISP
|-damage|p1a: NO WILL O WISP|42\/303
|-damage|p2a: Latias|235\/302|[from] item: Life Orb
|move|p1a: NO WILL O WISP|Will-O-Wisp|p2a: Latias|[miss]
|-miss|p1a: NO WILL O WISP|p2a: Latias
|
|-heal|p1a: NO WILL O WISP|60\/303|[from] item: Leftovers
|turn|29
|-message|TARJA TURUNEN forfeited.
|
|win|Yes i love that
|raw|Ladder updating...
|leave|TARJA TURUNEN
|player|p1
|c|★Yes i love that|sorry
|raw|TARJA TURUNEN's rating: 1434 &rarr; <strong>1410<\/strong><br \/>(-24 for losing)
|raw|Yes i love that's rating: 1369 &rarr; <strong>1393<\/strong><br \/>(+24 for winning)