|join|TARJA TURUNEN
|join|lmop ok kid
|player|p1|TARJA TURUNEN|70
|player|p2|lmop ok kid|68
|gametype|singles
|gen|6
|tier|OU
|rated
|clearpoke
|poke|p1|Tyranitar, M
|poke|p1|Excadrill, F
|poke|p1|Thundurus, M
|poke|p1|Greninja, F
|poke|p1|Clefable, F
|poke|p1|Azumarill, F
|poke|p2|Bisharp, F
|poke|p2|Venusaur, M
|poke|p2|Heatran, M
|poke|p2|Keldeo
|poke|p2|Chansey, F
|poke|p2|Skarmory, M
|rule|Swagger Clause: Swagger is banned
|rule|Baton Pass Clause: Limit one Pokémon knowing Baton Pass
|rule|Sleep Clause Mod: Limit one foe put to sleep
|rule|Species Clause: Limit one of each Pokémon
|rule|OHKO Clause: OHKO moves are banned
|rule|Moody Clause: Moody is banned
|rule|Evasion Moves Clause: Evasion moves are banned
|rule|Endless Battle Clause: Forcing endless battles is banned
|rule|HP Percentage Mod: HP is shown in percentages
|teampreview
|
|start
|switch|p1a: Thundurus|Thundurus, M|299\/299
|switch|p2a: Venusaur|Venusaur, M|364\/364
|turn|1
|
|detailschange|p2a: Venusaur|Venusaur-Mega, M
|message|Venusaur has Mega Evolved into Mega Venusaur!
|move|p1a: Thundurus|Thunder Wave|p2a: Venusaur
|-status|p2a: Venusaur|par
|cant|p2a: Venusaur|par
|
|turn|2
|
|switch|p1a: Excadrill|Excadrill, F|367\/367
|move|p2a: Venusaur|Leech Seed|p1a: Excadrill
|-start|p1a: Excadrill|move: Leech Seed
|
|-damage|p1a: Excadrill|322\/367|[from] Leech Seed|[of] p2a: Venusaur
|turn|3
|
|switch|p1a: Tyranitar|Tyranitar, M|404\/404
|-weather|Sandstorm
|move|p2a: Venusaur|Giga Drain|p1a: Tyranitar
|-supereffective|p1a: Tyranitar
|-damage|p1a: Tyranitar|288\/404
|
|-weather|Sandstorm|[upkeep]
|-damage|p2a: Venusaur|342\/364 par|[from] sandstorm
|turn|4
|
|switch|p2a: Heatran|Heatran, M|323\/323
|-item|p2a: Heatran|Air Balloon
|move|p1a: Tyranitar|Stealth Rock|p2a: Heatran
|-sidestart|p2: lmop ok kid|move: Stealth Rock
|
|-weather|Sandstorm|[upkeep]
|turn|5
|
|switch|p1a: Greninja|Greninja, F|285\/285
|move|p2a: Heatran|Stealth Rock|p1a: Greninja
|-sidestart|p1: TARJA TURUNEN|move: Stealth Rock
|
|-weather|Sandstorm|[upkeep]
|-damage|p1a: Greninja|268\/285|[from] sandstorm
|turn|6
|
|switch|p2a: Chansey|Chansey, F|704\/704
|-damage|p2a: Chansey|616\/704|[from] Stealth Rock
|move|p1a: Greninja|Hydro Pump|p2a: Chansey
|-start|p1a: Greninja|typechange|Water|[from] Protean
|-damage|p2a: Chansey|483\/704
|-damage|p1a: Greninja|240\/285|[from] item: Life Orb
|
|-weather|Sandstorm|[upkeep]
|-damage|p1a: Greninja|223\/285|[from] sandstorm
|-damage|p2a: Chansey|439\/704|[from] sandstorm
|turn|7
|
|switch|p1a: Excadrill|Excadrill, F|322\/367
|-damage|p1a: Excadrill|311\/367|[from] Stealth Rock
|move|p2a: Chansey|Soft-Boiled|p2a: Chansey
|-heal|p2a: Chansey|704\/704
|
|-weather|Sandstorm|[upkeep]
|-damage|p2a: Chansey|660\/704|[from] sandstorm
|turn|8
|
|move|p1a: Excadrill|Rapid Spin|p2a: Chansey
|-damage|p2a: Chansey|611\/704
|-sideend|p1: TARJA TURUNEN|Stealth Rock|[from] move: Rapid Spin|[of] p1a: Excadrill
|-damage|p1a: Excadrill|275\/367|[from] item: Life Orb
|move|p2a: Chansey|Seismic Toss|p1a: Excadrill
|-damage|p1a: Excadrill|175\/367
|
|-weather|Sandstorm|[upkeep]
|-damage|p2a: Chansey|567\/704|[from] sandstorm
|turn|9
|
|switch|p2a: Skarmory|Skarmory, M|334\/334
|-damage|p2a: Skarmory|293\/334|[from] Stealth Rock
|move|p1a: Excadrill|Earthquake|p2a: Skarmory
|-immune|p2a: Skarmory|[msg]
|
|-weather|Sandstorm|[upkeep]
|turn|10
|
|switch|p1a: Azumarill|Azumarill, F|403\/403
|move|p2a: Skarmory|Spikes|p1a: Azumarill
|-sidestart|p1: TARJA TURUNEN|Spikes
|
|-weather|none
|turn|11
|
|move|p2a: Skarmory|Spikes|p1a: Azumarill
|-sidestart|p1: TARJA TURUNEN|Spikes
|move|p1a: Azumarill|Knock Off|p2a: Skarmory
|-damage|p2a: Skarmory|147\/334
|-damage|p1a: Azumarill|336\/403|[from] item: Rocky Helmet|[of] p2a: Skarmory
|-enditem|p2a: Skarmory|Rocky Helmet|[from] move: Knock Off|[of] p1a: Azumarill
|
|turn|12
|
|switch|p1a: Thundurus|Thundurus, M|299\/299
|move|p2a: Skarmory|Roost|p2a: Skarmory
|-heal|p2a: Skarmory|314\/334
|
|turn|13
|join|slowbroed what els
|
|switch|p2a: Chansey|Chansey, F|567\/704
|-damage|p2a: Chansey|479\/704|[from] Stealth Rock
|move|p1a: Thundurus|Thunderbolt|p2a: Chansey
|-crit|p2a: Chansey
|-damage|p2a: Chansey|302\/704
|-damage|p1a: Thundurus|270\/299|[from] item: Life Orb
|
|turn|14
|
|move|p1a: Thundurus|Superpower|p2a: Chansey
|-supereffective|p2a: Chansey
|-damage|p2a: Chansey|0 fnt
|-unboost|p1a: Thundurus|atk|1
|-unboost|p1a: Thundurus|def|1
|-damage|p1a: Thundurus|241\/299|[from] item: Life Orb
|faint|p2a: Chansey
|
|
|switch|p2a: Bisharp|Bisharp, F|271\/271
|-damage|p2a: Bisharp|255\/271|[from] Stealth Rock
|turn|15
|
|move|p1a: Thundurus|Thunder Wave|p2a: Bisharp
|-status|p2a: Bisharp|par
|cant|p2a: Bisharp|par
|
|-heal|p2a: Bisharp|271\/271 par|[from] item: Leftovers
|turn|16
|
|switch|p1a: Tyranitar|Tyranitar, M|288\/404
|-damage|p1a: Tyranitar|221\/404|[from] Spikes
|-weather|Sandstorm
|move|p2a: Bisharp|Sucker Punch|p1a: Tyranitar
|-fail|p1a: Tyranitar
|
|-weather|Sandstorm|[upkeep]
|turn|17
|
|move|p1a: Tyranitar|Pursuit|p2a: Bisharp|[from]Pursuit
|-crit|p2a: Bisharp
|-resisted|p2a: Bisharp
|-damage|p2a: Bisharp|172\/271 par
|switch|p2a: Keldeo|Keldeo|322\/322
|-damage|p2a: Keldeo|302\/322|[from] Stealth Rock
|
|-weather|Sandstorm|[upkeep]
|-damage|p2a: Keldeo|282\/322|[from] sandstorm
|-heal|p2a: Keldeo|302\/322|[from] item: Leftovers
|turn|18
|
|move|p2a: Keldeo|Scald|p1a: Tyranitar
|-supereffective|p1a: Tyranitar
|-damage|p1a: Tyranitar|63\/404
|move|p1a: Tyranitar|Ice Beam|p2a: Keldeo
|-crit|p2a: Keldeo
|-resisted|p2a: Keldeo
|-damage|p2a: Keldeo|239\/322
|
|-weather|Sandstorm|[upkeep]
|-damage|p2a: Keldeo|219\/322|[from] sandstorm
|-heal|p2a: Keldeo|239\/322|[from] item: Leftovers
|turn|19
|
|move|p2a: Keldeo|Scald|p1a: Tyranitar
|-supereffective|p1a: Tyranitar
|-damage|p1a: Tyranitar|0 fnt
|faint|p1a: Tyranitar
|
|-weather|Sandstorm|[upkeep]
|-damage|p2a: Keldeo|219\/322|[from] sandstorm
|-heal|p2a: Keldeo|239\/322|[from] item: Leftovers
|
|switch|p1a: Excadrill|Excadrill, F|175\/367
|-damage|p1a: Excadrill|114\/367|[from] Spikes
|turn|20
|
|switch|p2a: Skarmory|Skarmory, M|314\/334
|-damage|p2a: Skarmory|273\/334|[from] Stealth Rock
|move|p1a: Excadrill|Rapid Spin|p2a: Skarmory
|-resisted|p2a: Skarmory
|-damage|p2a: Skarmory|263\/334
|-sideend|p1: TARJA TURUNEN|Spikes|[from] move: Rapid Spin|[of] p1a: Excadrill
|-damage|p1a: Excadrill|78\/367|[from] item: Life Orb
|
|-weather|Sandstorm|[upkeep]
|turn|21
|
|switch|p1a: Thundurus|Thundurus, M|241\/299
|move|p2a: Skarmory|Spikes|p1a: Thundurus
|-sidestart|p1: TARJA TURUNEN|Spikes
|
|-weather|Sandstorm|[upkeep]
|-damage|p1a: Thundurus|223\/299|[from] sandstorm
|turn|22
|
|switch|p1a: Greninja|Greninja, F|223\/285
|-damage|p1a: Greninja|188\/285|[from] Spikes
|switch|p2a: Venusaur|Venusaur-Mega, M|342\/364 par
|-damage|p2a: Venusaur|297\/364 par|[from] Stealth Rock
|
|-weather|Sandstorm|[upkeep]
|-damage|p1a: Greninja|171\/285|[from] sandstorm
|-damage|p2a: Venusaur|275\/364 par|[from] sandstorm
|turn|23
|
|move|p1a: Greninja|Extrasensory|p2a: Venusaur
|-start|p1a: Greninja|typechange|Psychic|[from] Protean
|-supereffective|p2a: Venusaur
|-damage|p2a: Venusaur|7\/364 par
|-damage|p1a: Greninja|143\/285|[from] item: Life Orb
|cant|p2a: Venusaur|flinch
|
|-weather|none
|turn|24
|
|move|p1a: Greninja|Extrasensory|p2a: Venusaur
|-supereffective|p2a: Venusaur
|-damage|p2a: Venusaur|0 fnt
|-damage|p1a: Greninja|115\/285|[from] item: Life Orb
|faint|p2a: Venusaur
|
|
|switch|p2a: Bisharp|Bisharp, F|172\/271 par
|-damage|p2a: Bisharp|156\/271 par|[from] Stealth Rock
|turn|25
|
|switch|p1a: Azumarill|Azumarill, F|336\/403
|-damage|p1a: Azumarill|286\/403|[from] Spikes
|move|p2a: Bisharp|Sucker Punch|p1a: Azumarill
|-fail|p1a: Azumarill
|
|-heal|p2a: Bisharp|172\/271 par|[from] item: Leftovers
|turn|26
|
|switch|p2a: Skarmory|Skarmory, M|263\/334
|-damage|p2a: Skarmory|222\/334|[from] Stealth Rock
|move|p1a: Azumarill|Waterfall|p2a: Skarmory
|-damage|p2a: Skarmory|44\/334
|
|turn|27
|
|move|p2a: Skarmory|Brave Bird|p1a: Azumarill
|-damage|p1a: Azumarill|142\/403
|-damage|p2a: Skarmory|0 fnt|[from] recoil|[of] p1a: Azumarill
|faint|p2a: Skarmory
|move|p1a: Azumarill|Waterfall|p2: Skarmory|[notarget]
|-notarget
|
|
|switch|p2a: Keldeo|Keldeo|239\/322
|-damage|p2a: Keldeo|219\/322|[from] Stealth Rock
|turn|28
|
|move|p2a: Keldeo|Scald|p1a: Azumarill
|-resisted|p1a: Azumarill
|-damage|p1a: Azumarill|52\/403
|move|p1a: Azumarill|Waterfall|p2a: Keldeo
|-resisted|p2a: Keldeo
|-damage|p2a: Keldeo|78\/322
|
|-heal|p2a: Keldeo|98\/322|[from] item: Leftovers
|turn|29
|
|move|p2a: Keldeo|Scald|p1a: Azumarill
|-resisted|p1a: Azumarill
|-damage|p1a: Azumarill|0 fnt
|faint|p1a: Azumarill
|
|-heal|p2a: Keldeo|118\/322|[from] item: Leftovers
|
|switch|p1a: Greninja|Greninja, F|115\/285
|-damage|p1a: Greninja|80\/285|[from] Spikes
|turn|30
|join|TOTEMO
|
|move|p1a: Greninja|Extrasensory|p2a: Keldeo
|-start|p1a: Greninja|typechange|Psychic|[from] Protean
|-supereffective|p2a: Keldeo
|-damage|p2a: Keldeo|0 fnt
|-damage|p1a: Greninja|52\/285|[from] item: Life Orb
|faint|p2a: Keldeo
|
|
|switch|p2a: Bisharp|Bisharp, F|172\/271 par
|-damage|p2a: Bisharp|156\/271 par|[from] Stealth Rock
|turn|31
|
|move|p2a: Bisharp|Sucker Punch|p1a: Greninja
|-supereffective|p1a: Greninja
|-damage|p1a: Greninja|0 fnt
|faint|p1a: Greninja
|
|-heal|p2a: Bisharp|172\/271 par|[from] item: Leftovers
|join|Alvok
|
|switch|p1a: Clefable|Clefable, F|394\/394
|turn|32
|leave|Alvok
|
|switch|p2a: Heatran|Heatran, M|323\/323
|-damage|p2a: Heatran|283\/323|[from] Stealth Rock
|-item|p2a: Heatran|Air Balloon
|move|p1a: Clefable|Moonblast|p2a: Heatran
|-resisted|p2a: Heatran
|-damage|p2a: Heatran|259\/323
|-enditem|p2a: Heatran|Air Balloon
|
|turn|33
|
|move|p1a: Clefable|Protect|p1a: Clefable
|-singleturn|p1a: Clefable|Protect
|move|p2a: Heatran|Fire Blast|p1a: Clefable
|-activate|p1a: Clefable|Protect
|
|turn|34
|
|move|p2a: Heatran|Toxic|p1a: Clefable
|-status|p1a: Clefable|tox
|move|p1a: Clefable|Thunder Wave|p2a: Heatran
|-status|p2a: Heatran|par
|
|turn|35
|
|move|p1a: Clefable|Moonblast|p2a: Heatran
|-resisted|p2a: Heatran
|-damage|p2a: Heatran|233\/323 par
|-unboost|p2a: Heatran|spa|1
|move|p2a: Heatran|Fire Blast|p1a: Clefable
|-damage|p1a: Clefable|244\/394 tox
|
|-heal|p1a: Clefable|268\/394 tox|[from] item: Leftovers
|turn|36
|
|move|p1a: Clefable|Moonblast|p2a: Heatran
|-resisted|p2a: Heatran
|-damage|p2a: Heatran|209\/323 par
|move|p2a: Heatran|Stealth Rock|p1a: Clefable
|-sidestart|p1: TARJA TURUNEN|move: Stealth Rock
|
|-heal|p1a: Clefable|292\/394 tox|[from] item: Leftovers
|turn|37
|
|move|p1a: Clefable|Moonblast|p2a: Heatran
|-crit|p2a: Heatran
|-resisted|p2a: Heatran
|-damage|p2a: Heatran|173\/323 par
|-unboost|p2a: Heatran|spa|1
|move|p2a: Heatran|Taunt|p1a: Clefable
|-start|p1a: Clefable|move: Taunt
|
|-heal|p1a: Clefable|316\/394 tox|[from] item: Leftovers
|turn|38
|
|move|p1a: Clefable|Moonblast|p2a: Heatran
|-resisted|p2a: Heatran
|-damage|p2a: Heatran|147\/323 par
|move|p2a: Heatran|Fire Blast|p1a: Clefable
|-damage|p1a: Clefable|205\/394 tox
|
|-heal|p1a: Clefable|229\/394 tox|[from] item: Leftovers
|turn|39
|
|move|p1a: Clefable|Moonblast|p2a: Heatran
|-crit|p2a: Heatran
|-resisted|p2a: Heatran
|-damage|p2a: Heatran|110\/323 par
|move|p2a: Heatran|Fire Blast|p1a: Clefable
|-damage|p1a: Clefable|129\/394 tox
|
|-heal|p1a: Clefable|153\/394 tox|[from] item: Leftovers
|turn|40
|
|move|p1a: Clefable|Moonblast|p2a: Heatran
|-resisted|p2a: Heatran
|-damage|p2a: Heatran|86\/323 par
|-unboost|p2a: Heatran|spa|1
|move|p2a: Heatran|Fire Blast|p1a: Clefable
|-damage|p1a: Clefable|68\/394 tox
|
|-heal|p1a: Clefable|92\/394 tox|[from] item: Leftovers
|-end|p1a: Clefable|move: Taunt
|turn|41
|
|switch|p2a: Bisharp|Bisharp, F|172\/271 par
|-damage|p2a: Bisharp|156\/271 par|[from] Stealth Rock
|move|p1a: Clefable|Protect|p1a: Clefable
|-fail|p1a: Clefable
|
|-heal|p1a: Clefable|116\/394 tox|[from] item: Leftovers
|-heal|p2a: Bisharp|172\/271 par|[from] item: Leftovers
|turn|42
|
|move|p1a: Clefable|Wish|p1a: Clefable
|move|p2a: Bisharp|Iron Head|p1a: Clefable
|-supereffective|p1a: Clefable
|-damage|p1a: Clefable|0 fnt
|faint|p1a: Clefable
|
|-heal|p2a: Bisharp|188\/271 par|[from] item: Leftovers
|
|switch|p1a: Thundurus|Thundurus, M|223\/299
|-damage|p1a: Thundurus|149\/299|[from] Stealth Rock
|turn|43
|
|move|p2a: Bisharp|Sucker Punch|p1a: Thundurus
|-damage|p1a: Thundurus|0 fnt
|faint|p1a: Thundurus
|
|-heal|p2a: Bisharp|204\/271 par|[from] item: Leftovers
|
|switch|p1a: Excadrill|Excadrill, F|78\/367
|-damage|p1a: Excadrill|33\/367|[from] Spikes
|-damage|p1a: Excadrill|22\/367|[from] Stealth Rock
|turn|44
|
|cant|p2a: Bisharp|par
|move|p1a: Excadrill|Earthquake|p2a: Bisharp
|-supereffective|p2a: Bisharp
|-damage|p2a: Bisharp|0 fnt
|-damage|p1a: Excadrill|0 fnt|[from] item: Life Orb
|faint|p2a: Bisharp
|faint|p1a: Excadrill
|
|win|lmop ok kid
|raw|Ladder updating...
|raw|TARJA TURUNEN's rating: 1650 &rarr; <strong>1627<\/strong><br \/>(-23 for losing)
|raw|lmop ok kid's rating: 1606 &rarr; <strong>1629<\/strong><br \/>(+23 for winning)