|join|swagster249
|join|Mamoswineflu
|player|p1|swagster249|3
|player|p2|Mamoswineflu|169
|gametype|singles
|gen|6
|tier|OU
|rated
|clearpoke
|poke|p1|Rotom-Wash
|poke|p1|Greninja, M
|poke|p1|Umbreon, M
|poke|p1|Landorus-Therian, M
|poke|p1|Metagross
|poke|p1|Drapion, M, shiny
|poke|p2|Latios, M
|poke|p2|Rotom-Wash
|poke|p2|Mamoswine, F
|poke|p2|Talonflame, M
|poke|p2|Conkeldurr, F
|poke|p2|Ferrothorn, M
|rule|Swagger Clause: Swagger is banned
|rule|Baton Pass Clause: Limit one Pokémon knowing Baton Pass
|rule|Sleep Clause Mod: Limit one foe put to sleep
|rule|Species Clause: Limit one of each Pokémon
|rule|OHKO Clause: OHKO moves are banned
|rule|Moody Clause: Moody is banned
|rule|Evasion Moves Clause: Evasion moves are banned
|rule|Endless Battle Clause: Forcing endless battles is banned
|rule|HP Percentage Mod: HP is shown in percentages
|teampreview
|c|★swagster249|dammit i hate this background
|
|start
|switch|p1a: Drapion|Drapion, M, shiny|344\/344
|switch|p2a: Latios|Latios, M|301\/301
|turn|1
|
|detailschange|p2a: Latios|Latios-Mega, M
|message|Latios has Mega Evolved into Mega Latios!
|move|p2a: Latios|Earthquake|p1a: Drapion
|-supereffective|p1a: Drapion
|-damage|p1a: Drapion|166\/344
|move|p1a: Drapion|Knock Off|p2a: Latios
|-supereffective|p2a: Latios
|-damage|p2a: Latios|169\/301
|
|turn|2
|
|move|p2a: Latios|Draco Meteor|p1a: Drapion
|-damage|p1a: Drapion|0 fnt
|-unboost|p2a: Latios|spa|2
|faint|p1a: Drapion
|
|
|switch|p1a: Metagross|Metagross|302\/302
|turn|3
|
|switch|p2a: Rotom-Wash|Rotom-Wash|304\/304
|switch|p1a: Landorus-Therian|Landorus-Therian, M|350\/350
|-ability|p1a: Landorus-Therian|Intimidate|[of] p2a: Rotom-Wash
|-unboost|p2a: Rotom-Wash|atk|1
|
|turn|4
|
|move|p1a: Landorus-Therian|Stealth Rock|p2a: Rotom-Wash
|-sidestart|p2: Mamoswineflu|move: Stealth Rock
|move|p2a: Rotom-Wash|Hydro Pump|p1a: Landorus-Therian|[miss]
|-miss|p2a: Rotom-Wash|p1a: Landorus-Therian
|
|turn|5
|
|switch|p1a: Umbreon|Umbreon, M|394\/394
|move|p2a: Rotom-Wash|Volt Switch|p1a: Umbreon
|-crit|p1a: Umbreon
|-damage|p1a: Umbreon|319\/394
|
|switch|p2a: Conkeldurr|Conkeldurr, F|351\/351
|-damage|p2a: Conkeldurr|330\/351|[from] Stealth Rock
|
|-heal|p1a: Umbreon|343\/394|[from] item: Leftovers
|turn|6
|
|move|p1a: Umbreon|Protect|p1a: Umbreon
|-singleturn|p1a: Umbreon|Protect
|move|p2a: Conkeldurr|Knock Off|p1a: Umbreon
|-activate|p1a: Umbreon|Protect
|
|-heal|p1a: Umbreon|367\/394|[from] item: Leftovers
|turn|7
|
|switch|p1a: Landorus-Therian|Landorus-Therian, M|350\/350
|-ability|p1a: Landorus-Therian|Intimidate|[of] p2a: Conkeldurr
|-unboost|p2a: Conkeldurr|atk|1
|move|p2a: Conkeldurr|Knock Off|p1a: Landorus-Therian
|-damage|p1a: Landorus-Therian|264\/350
|-enditem|p1a: Landorus-Therian|Leftovers|[from] move: Knock Off|[of] p2a: Conkeldurr
|
|turn|8
|
|move|p1a: Landorus-Therian|Earthquake|p2a: Conkeldurr
|-damage|p2a: Conkeldurr|164\/351
|move|p2a: Conkeldurr|Knock Off|p1a: Landorus-Therian
|-damage|p1a: Landorus-Therian|203\/350
|
|turn|9
|
|switch|p2a: Ferrothorn|Ferrothorn, M|352\/352
|-damage|p2a: Ferrothorn|330\/352|[from] Stealth Rock
|move|p1a: Landorus-Therian|Earthquake|p2a: Ferrothorn
|-damage|p2a: Ferrothorn|210\/352
|
|-heal|p2a: Ferrothorn|232\/352|[from] item: Leftovers
|turn|10
|
|move|p1a: Landorus-Therian|Earthquake|p2a: Ferrothorn
|-damage|p2a: Ferrothorn|114\/352
|move|p2a: Ferrothorn|Leech Seed|p1a: Landorus-Therian|[miss]
|-miss|p2a: Ferrothorn|p1a: Landorus-Therian
|
|-heal|p2a: Ferrothorn|136\/352|[from] item: Leftovers
|turn|11
|
|switch|p2a: Rotom-Wash|Rotom-Wash|304\/304
|-damage|p2a: Rotom-Wash|266\/304|[from] Stealth Rock
|move|p1a: Landorus-Therian|Earthquake|p2a: Rotom-Wash
|-immune|p2a: Rotom-Wash|[msg]
|
|-heal|p2a: Rotom-Wash|285\/304|[from] item: Leftovers
|turn|12
|
|switch|p1a: Umbreon|Umbreon, M|367\/394
|move|p2a: Rotom-Wash|Volt Switch|p1a: Umbreon
|-damage|p1a: Umbreon|310\/394
|
|switch|p2a: Ferrothorn|Ferrothorn, M|136\/352
|-damage|p2a: Ferrothorn|114\/352|[from] Stealth Rock
|
|-heal|p1a: Umbreon|334\/394|[from] item: Leftovers
|-heal|p2a: Ferrothorn|136\/352|[from] item: Leftovers
|turn|13
|
|move|p1a: Umbreon|Foul Play|p2a: Ferrothorn
|-damage|p2a: Ferrothorn|51\/352
|-damage|p1a: Umbreon|285\/394|[from] ability: Iron Barbs|[of] p2a: Ferrothorn
|move|p2a: Ferrothorn|Leech Seed|p1a: Umbreon
|-start|p1a: Umbreon|move: Leech Seed
|
|-heal|p1a: Umbreon|309\/394|[from] item: Leftovers
|-heal|p2a: Ferrothorn|73\/352|[from] item: Leftovers
|-damage|p1a: Umbreon|260\/394|[from] Leech Seed|[of] p2a: Ferrothorn
|-heal|p2a: Ferrothorn|122\/352|[silent]
|turn|14
|
|switch|p1a: Landorus-Therian|Landorus-Therian, M|203\/350
|-ability|p1a: Landorus-Therian|Intimidate|[of] p2a: Ferrothorn
|-unboost|p2a: Ferrothorn|atk|1
|move|p2a: Ferrothorn|Leech Seed|p1a: Landorus-Therian
|-start|p1a: Landorus-Therian|move: Leech Seed
|
|-heal|p2a: Ferrothorn|144\/352|[from] item: Leftovers
|-damage|p1a: Landorus-Therian|160\/350|[from] Leech Seed|[of] p2a: Ferrothorn
|-heal|p2a: Ferrothorn|187\/352|[silent]
|turn|15
|
|move|p1a: Landorus-Therian|U-turn|p2a: Ferrothorn
|-damage|p2a: Ferrothorn|130\/352
|-damage|p1a: Landorus-Therian|117\/350|[from] ability: Iron Barbs|[of] p2a: Ferrothorn
|
|switch|p1a: Greninja|Greninja, M|286\/286
|move|p2a: Ferrothorn|Leech Seed|p1a: Greninja
|-start|p1a: Greninja|move: Leech Seed
|
|-heal|p2a: Ferrothorn|152\/352|[from] item: Leftovers
|-damage|p1a: Greninja|251\/286|[from] Leech Seed|[of] p2a: Ferrothorn
|-heal|p2a: Ferrothorn|187\/352|[silent]
|turn|16
|
|move|p1a: Greninja|Hidden Power|p2a: Ferrothorn
|-start|p1a: Greninja|typechange|Fire|[from] Protean
|-supereffective|p2a: Ferrothorn
|-damage|p2a: Ferrothorn|0 fnt
|-damage|p1a: Greninja|223\/286|[from] item: Life Orb
|faint|p2a: Ferrothorn
|
|
|switch|p2a: Rotom-Wash|Rotom-Wash|285\/304
|-damage|p2a: Rotom-Wash|247\/304|[from] Stealth Rock
|turn|17
|
|switch|p1a: Umbreon|Umbreon, M|260\/394
|move|p2a: Rotom-Wash|Volt Switch|p1a: Umbreon
|-crit|p1a: Umbreon
|-damage|p1a: Umbreon|182\/394
|
|switch|p2a: Conkeldurr|Conkeldurr, F|164\/351
|-damage|p2a: Conkeldurr|143\/351|[from] Stealth Rock
|
|-heal|p1a: Umbreon|206\/394|[from] item: Leftovers
|turn|18
|
|move|p1a: Umbreon|Wish|p1a: Umbreon
|move|p2a: Conkeldurr|Drain Punch|p1a: Umbreon
|-supereffective|p1a: Umbreon
|-damage|p1a: Umbreon|0 fnt
|-heal|p2a: Conkeldurr|246\/351|[from] drain|[of] p1a: Umbreon
|faint|p1a: Umbreon
|
|
|switch|p1a: Metagross|Metagross|302\/302
|turn|19
|
|detailschange|p1a: Metagross|Metagross-Mega
|message|Metagross has Mega Evolved into Mega Metagross!
|move|p1a: Metagross|Zen Headbutt|p2a: Conkeldurr
|-supereffective|p2a: Conkeldurr
|-damage|p2a: Conkeldurr|0 fnt
|faint|p2a: Conkeldurr
|
|
|switch|p2a: Rotom-Wash|Rotom-Wash|247\/304
|-damage|p2a: Rotom-Wash|209\/304|[from] Stealth Rock
|turn|20
|
|move|p1a: Metagross|Zen Headbutt|p2a: Rotom-Wash
|-damage|p2a: Rotom-Wash|80\/304
|move|p2a: Rotom-Wash|Will-O-Wisp|p1a: Metagross|[miss]
|-miss|p2a: Rotom-Wash|p1a: Metagross
|
|-heal|p2a: Rotom-Wash|99\/304|[from] item: Leftovers
|turn|21
|
|move|p1a: Metagross|Zen Headbutt|p2a: Rotom-Wash
|-crit|p2a: Rotom-Wash
|-damage|p2a: Rotom-Wash|0 fnt
|faint|p2a: Rotom-Wash
|
|
|switch|p2a: Talonflame|Talonflame, M|325\/325
|-damage|p2a: Talonflame|163\/325|[from] Stealth Rock
|turn|22
|
|move|p2a: Talonflame|Flare Blitz|p1a: Metagross
|-supereffective|p1a: Metagross
|-damage|p1a: Metagross|37\/302
|-damage|p2a: Talonflame|76\/325|[from] recoil|[of] p1a: Metagross
|-damage|p2a: Talonflame|44\/325|[from] item: Life Orb
|move|p1a: Metagross|Zen Headbutt|p2a: Talonflame
|-damage|p2a: Talonflame|0 fnt
|faint|p2a: Talonflame
|
|
|switch|p2a: Latios|Latios-Mega, M|169\/301
|-damage|p2a: Latios|132\/301|[from] Stealth Rock
|turn|23
|
|move|p1a: Metagross|Iron Head|p2a: Latios
|-damage|p2a: Latios|0 fnt
|faint|p2a: Latios
|
|-message|Mamoswineflu forfeited.
|
|win|swagster249
|raw|Ladder updating...
|raw|swagster249's rating: 1292 &rarr; <strong>1322<\/strong><br \/>(+30 for winning)
|raw|Mamoswineflu's rating: 1360 &rarr; <strong>1336<\/strong><br \/>(-24 for losing)
|leave|Mamoswineflu
|player|p2