|join|Teddeh
|join|WhiteQueen
|player|p1|Teddeh|143
|player|p2|WhiteQueen|34
|gametype|singles
|gen|6
|tier|UU
|rated
|rule|Sleep Clause Mod: Limit one foe put to sleep
|rule|Species Clause: Limit one of each Pokémon
|rule|OHKO Clause: OHKO moves are banned
|rule|Moody Clause: Moody is banned
|rule|Evasion Moves Clause: Evasion moves are banned
|rule|Endless Battle Clause: Forcing endless battles is banned
|rule|HP Percentage Mod: HP is shown in percentages
|clearpoke
|poke|p1|Gallade, M
|poke|p1|Kyurem
|poke|p1|Cobalion
|poke|p1|Crobat, M
|poke|p1|Zygarde
|poke|p1|Florges, F
|poke|p2|Mienshao, M
|poke|p2|Nidoqueen, F
|poke|p2|Pidgeot, M
|poke|p2|Shaymin
|poke|p2|Jirachi
|poke|p2|Blastoise, F
|rule|Swagger Clause: Swagger is banned
|rule|Baton Pass Clause: Limit one Pokémon knowing Baton Pass
|teampreview
|join|Emma Bae
|
|start
|switch|p1a: Kyurem|Kyurem|391\/391
|switch|p2a: Mienshao|Mienshao, M|271\/271
|-ability|p1a: Kyurem|Pressure
|turn|1
|c|★Teddeh|ohai emma
|
|switch|p1a: Crobat|Crobat, M|369\/369
|move|p2a: Mienshao|Knock Off|p1a: Crobat
|-damage|p1a: Crobat|244\/369
|-damage|p2a: Mienshao|244\/271|[from] item: Life Orb
|
|turn|2
|c| Emma Bae|hi teddehh :D
|c|★Teddeh|appreciate the tunes
|c|★Teddeh|https:\/\/www.youtube.com\/watch?v=b6vSf0cA9qY&list=FLdyrgEj8wC8ww-bvBJUW_aQ&index=4
|
|switch|p2a: Blastoise|Blastoise, F|361\/361
|move|p1a: Crobat|Roost|p1a: Crobat
|-heal|p1a: Crobat|369\/369
|
|turn|3
|
|switch|p1a: Kyurem|Kyurem|391\/391
|-ability|p1a: Kyurem|Pressure
|move|p2a: Blastoise|Scald|p1a: Kyurem
|-resisted|p1a: Kyurem
|-damage|p1a: Kyurem|349\/391
|
|turn|4
|join|Luna dBridge
|
|move|p2a: Blastoise|Protect|p2a: Blastoise
|-singleturn|p2a: Blastoise|Protect
|move|p1a: Kyurem|Draco Meteor|p2a: Blastoise
|-activate|p2a: Blastoise|Protect
|
|turn|5
|
|switch|p2a: Jirachi|Jirachi|341\/341
|move|p1a: Kyurem|Draco Meteor|p2a: Jirachi
|-resisted|p2a: Jirachi
|-damage|p2a: Jirachi|159\/341
|-unboost|p1a: Kyurem|spa|2
|
|turn|6
|c| Luna dBridge|nb
|
|switch|p1a: Cobalion|Cobalion|385\/385
|move|p2a: Jirachi|U-turn|p1a: Cobalion
|-resisted|p1a: Cobalion
|-damage|p1a: Cobalion|372\/385
|c| Emma Bae|oml da specs is so real
|
|switch|p2a: Pidgeot|Pidgeot, M|307\/307
|
|-heal|p1a: Cobalion|385\/385|[from] item: Leftovers
|turn|7
|c|★Teddeh|dis heat wave tho
|c|★Teddeh|should really be clicking hurricane tho
|
|detailschange|p2a: Pidgeot|Pidgeot-Mega, M
|message|Pidgeot has Mega Evolved into Mega Pidgeot!
|move|p2a: Pidgeot|Hurricane|p1a: Cobalion
|-damage|p1a: Cobalion|207\/385
|move|p1a: Cobalion|Volt Switch|p2a: Pidgeot
|-supereffective|p2a: Pidgeot
|-damage|p2a: Pidgeot|181\/307
|c| Emma Bae|hurricane probably does more
|c| Emma Bae|and that is AV
|c| Emma Bae|oml teddeh
|c|★Teddeh|no
|c|★Teddeh|it isn't
|
|switch|p1a: Kyurem|Kyurem|349\/391
|-ability|p1a: Kyurem|Pressure
|
|turn|8
|c| Luna dBridge|nb
|c| Emma Bae|reaaaallyy??
|c|★Teddeh|really
|
|move|p2a: Pidgeot|Hurricane|p1a: Kyurem
|-damage|p1a: Kyurem|121\/391
|move|p1a: Kyurem|Draco Meteor|p2a: Pidgeot
|-damage|p2a: Pidgeot|0 fnt
|-unboost|p1a: Kyurem|spa|2
|faint|p2a: Pidgeot
|
|c| Emma Bae|oh shit you're against whitequeen lol
|c|★Teddeh|who's whitequeen
|
|switch|p2a: Nidoqueen|Nidoqueen, F|383\/383
|turn|9
|
|switch|p1a: Cobalion|Cobalion|207\/385
|move|p2a: Nidoqueen|Stealth Rock|p1a: Cobalion
|-sidestart|p1: Teddeh|move: Stealth Rock
|
|-heal|p1a: Cobalion|231\/385|[from] item: Leftovers
|turn|10
|
|move|p1a: Cobalion|Stealth Rock|p2a: Nidoqueen
|-sidestart|p2: WhiteQueen|move: Stealth Rock
|move|p2a: Nidoqueen|Earth Power|p1a: Cobalion
|-supereffective|p1a: Cobalion
|-damage|p1a: Cobalion|21\/385
|
|-heal|p1a: Cobalion|45\/385|[from] item: Leftovers
|turn|11
|c| Emma Bae|didn't he\/she get into the olt with like the best WL ratio in the whole tour?
|c| Luna dBridge|thats spdef
|c| Emma Bae|OU OLT
|c| Luna dBridge|has to be
|
|move|p1a: Cobalion|Flash Cannon|p2a: Nidoqueen
|-damage|p2a: Nidoqueen|314\/383
|move|p2a: Nidoqueen|Toxic Spikes|p1a: Cobalion
|-sidestart|p1: Teddeh|move: Toxic Spikes
|
|-heal|p1a: Cobalion|69\/385|[from] item: Leftovers
|-heal|p2a: Nidoqueen|337\/383|[from] item: Black Sludge
|turn|12
|c|★Teddeh|it is spdef
|c|★Teddeh|indeed
|c| Emma Bae|lmfao flash cannon
|c| Luna dBridge|nb
|
|move|p1a: Cobalion|Flash Cannon|p2a: Nidoqueen
|-damage|p2a: Nidoqueen|259\/383
|move|p2a: Nidoqueen|Toxic Spikes|p1a: Cobalion
|-sidestart|p1: Teddeh|move: Toxic Spikes
|
|-heal|p1a: Cobalion|93\/385|[from] item: Leftovers
|-heal|p2a: Nidoqueen|282\/383|[from] item: Black Sludge
|turn|13
|c| Luna dBridge|cannon is real
|c|★WhiteQueen|yeah i did
|c|★WhiteQueen|i am the best
|c| Emma Bae|^told ya ;)
|c|★Teddeh|oo
|c|★WhiteQueen|your olt question
|c|★Teddeh|she's the best
|
|switch|p1a: Crobat|Crobat, M|369\/369
|-damage|p1a: Crobat|277\/369|[from] Stealth Rock
|move|p2a: Nidoqueen|Earth Power|p1a: Crobat
|-immune|p1a: Crobat|[msg]
|
|-heal|p2a: Nidoqueen|305\/383|[from] item: Black Sludge
|turn|14
|c| Emma Bae|lol
|
|switch|p2a: Blastoise|Blastoise, F|361\/361
|-damage|p2a: Blastoise|316\/361|[from] Stealth Rock
|move|p1a: Crobat|Defog|p2a: Blastoise
|-unboost|p2a: Blastoise|evasion|1
|-sideend|p2: WhiteQueen|Stealth Rock|[from] move: Defog|[of] p2a: Blastoise
|-sideend|p1: Teddeh|Toxic Spikes|[from] move: Defog|[of] p1a: Crobat
|-sideend|p1: Teddeh|Stealth Rock|[from] move: Defog|[of] p1a: Crobat
|
|-heal|p2a: Blastoise|338\/361|[from] item: Leftovers
|turn|15
|
|switch|p1a: Florges|Florges, F|357\/357
|move|p2a: Blastoise|Scald|p1a: Florges
|-damage|p1a: Florges|306\/357
|
|-heal|p2a: Blastoise|360\/361|[from] item: Leftovers
|-heal|p1a: Florges|328\/357|[from] item: Leftovers
|turn|16
|c| Luna dBridge|mfw
|c| Emma Bae|>using regular toise
|c| Luna dBridge|regular blastoise
|
|switch|p1a: Kyurem|Kyurem|121\/391
|-ability|p1a: Kyurem|Pressure
|move|p2a: Blastoise|Scald|p1a: Kyurem
|-resisted|p1a: Kyurem
|-damage|p1a: Kyurem|79\/391
|
|-heal|p2a: Blastoise|361\/361|[from] item: Leftovers
|turn|17
|
|move|p2a: Blastoise|Protect|p2a: Blastoise
|-singleturn|p2a: Blastoise|Protect
|move|p1a: Kyurem|Draco Meteor|p2a: Blastoise
|-activate|p2a: Blastoise|Protect
|
|turn|18
|c| Luna dBridge|kek
|
|move|p1a: Kyurem|Draco Meteor|p2a: Blastoise
|-crit|p2a: Blastoise
|-damage|p2a: Blastoise|0 fnt
|-unboost|p1a: Kyurem|spa|2
|faint|p2a: Blastoise
|
|c|★Teddeh|ooofff
|c| Luna dBridge|nb
|c|★Teddeh|sorry man
|
|switch|p2a: Nidoqueen|Nidoqueen, F|305\/383
|turn|19
|
|switch|p1a: Crobat|Crobat, M|277\/369
|move|p2a: Nidoqueen|Stealth Rock|p1a: Crobat
|-sidestart|p1: Teddeh|move: Stealth Rock
|
|-heal|p2a: Nidoqueen|328\/383|[from] item: Black Sludge
|turn|20
|
|move|p1a: Crobat|Defog|p2a: Nidoqueen
|-unboost|p2a: Nidoqueen|evasion|1
|-sideend|p1: Teddeh|Stealth Rock|[from] move: Defog|[of] p1a: Crobat
|move|p2a: Nidoqueen|Sludge Wave|p1a: Crobat
|-resisted|p1a: Crobat
|-damage|p1a: Crobat|208\/369
|
|-heal|p2a: Nidoqueen|351\/383|[from] item: Black Sludge
|turn|21
|
|move|p1a: Crobat|Taunt|p2a: Nidoqueen
|-start|p2a: Nidoqueen|move: Taunt
|move|p2a: Nidoqueen|Earth Power|p1a: Crobat
|-immune|p1a: Crobat|[msg]
|
|-heal|p2a: Nidoqueen|374\/383|[from] item: Black Sludge
|turn|22
|join|baenail
|join|Eyan
|join|Truth In Lies
|
|move|p1a: Crobat|Acrobatics|p2a: Nidoqueen
|-damage|p2a: Nidoqueen|238\/383
|move|p2a: Nidoqueen|Earth Power|p1a: Crobat
|-immune|p1a: Crobat|[msg]
|
|-heal|p2a: Nidoqueen|261\/383|[from] item: Black Sludge
|turn|23
|
|move|p1a: Crobat|Acrobatics|p2a: Nidoqueen
|-damage|p2a: Nidoqueen|122\/383
|move|p2a: Nidoqueen|Sludge Wave|p1a: Crobat
|-resisted|p1a: Crobat
|-damage|p1a: Crobat|140\/369
|
|-heal|p2a: Nidoqueen|145\/383|[from] item: Black Sludge
|-end|p2a: Nidoqueen|move: Taunt
|turn|24
|
|move|p1a: Crobat|Taunt|p2a: Nidoqueen
|-start|p2a: Nidoqueen|move: Taunt
|move|p2a: Nidoqueen|Sludge Wave|p1a: Crobat
|-resisted|p1a: Crobat
|-damage|p1a: Crobat|74\/369
|
|-heal|p2a: Nidoqueen|168\/383|[from] item: Black Sludge
|turn|25
|
|move|p1a: Crobat|Acrobatics|p2a: Nidoqueen
|-damage|p2a: Nidoqueen|39\/383
|move|p2a: Nidoqueen|Earth Power|p1a: Crobat
|-immune|p1a: Crobat|[msg]
|
|-heal|p2a: Nidoqueen|62\/383|[from] item: Black Sludge
|turn|26
|
|move|p1a: Crobat|Acrobatics|p2a: Nidoqueen
|-damage|p2a: Nidoqueen|0 fnt
|faint|p2a: Nidoqueen
|
|
|switch|p2a: Jirachi|Jirachi|159\/341
|turn|27
|
|move|p2a: Jirachi|Iron Head|p1a: Crobat
|-damage|p1a: Crobat|0 fnt
|faint|p1a: Crobat
|
|
|switch|p1a: Zygarde|Zygarde|404\/404
|-ability|p1a: Zygarde|Aura Break
|turn|28
|c| Emma Bae|ew scarf rachi
|
|move|p2a: Jirachi|Iron Head|p1a: Zygarde
|-damage|p1a: Zygarde|305\/404
|cant|p1a: Zygarde|flinch
|
|-heal|p1a: Zygarde|330\/404|[from] item: Leftovers
|turn|29
|c|★Teddeh|stop it
|
|move|p2a: Jirachi|Iron Head|p1a: Zygarde
|-damage|p1a: Zygarde|222\/404
|move|p1a: Zygarde|Coil|p1a: Zygarde
|-boost|p1a: Zygarde|atk|1
|-boost|p1a: Zygarde|def|1
|-boost|p1a: Zygarde|accuracy|1
|
|-heal|p1a: Zygarde|247\/404|[from] item: Leftovers
|turn|30
|c| Emma Bae|idiot
|c|★Teddeh|let me tell you about a kid named steven
|c| Emma Bae|why didnt u kill it
|
|move|p2a: Jirachi|Iron Head|p1a: Zygarde
|-damage|p1a: Zygarde|175\/404
|move|p1a: Zygarde|Earthquake|p2a: Jirachi
|-supereffective|p2a: Jirachi
|-damage|p2a: Jirachi|0 fnt
|faint|p2a: Jirachi
|
|-heal|p1a: Zygarde|200\/404|[from] item: Leftovers
|c|★WhiteQueen|he's so lucky he knows the flinch won't work, that's why
|-message|WhiteQueen forfeited.
|
|win|Teddeh
|raw|Ladder updating...
|leave|WhiteQueen
|player|p2
|c|★Teddeh|:c
|c|★Teddeh|so lucky
|leave|baenail
|c| Eyan|lmao
|c|★Teddeh|who was she?
|raw|Teddeh's rating: 1477 &rarr; <strong>1492<\/strong><br \/>(+15 for winning)
|raw|WhiteQueen's rating: 1392 &rarr; <strong>1376<\/strong><br \/>(-16 for losing)
|c| Eyan|you had inner focus gallade anyway
|c| Emma Bae|some really good ou player
|c| Emma Bae|she got in the OLT
|c| Eyan|Yeah
|c| Emma Bae|with the best WL ratio
|c|★Teddeh|oo
|c|★Teddeh|well
|c| Emma Bae|like
|c| Emma Bae|43W-2L
|c|★Teddeh|she got rekt by a UU noob
|c| Emma Bae|or something
|leave|Eyan
|leave|Truth In Lies
|c| Emma Bae|teddeh
|leave|Emma Bae
|leave|Teddeh
|player|p1