|join|Volbeatdown
|join|Teddeh
|player|p1|Volbeatdown|126
|player|p2|Teddeh|143
|gametype|singles
|gen|6
|tier|UU
|rated
|rule|Sleep Clause Mod: Limit one foe put to sleep
|rule|Species Clause: Limit one of each Pokémon
|rule|OHKO Clause: OHKO moves are banned
|rule|Moody Clause: Moody is banned
|rule|Evasion Moves Clause: Evasion moves are banned
|rule|Endless Battle Clause: Forcing endless battles is banned
|rule|HP Percentage Mod: HP is shown in percentages
|clearpoke
|poke|p1|Hydreigon, M
|poke|p1|Jirachi
|poke|p1|Lopunny, F
|poke|p1|Tentacruel, F
|poke|p1|Gligar, F
|poke|p1|Vaporeon, F
|poke|p2|Gallade, M
|poke|p2|Kyurem
|poke|p2|Cobalion
|poke|p2|Crobat, F
|poke|p2|Zygarde
|poke|p2|Florges, F
|rule|Swagger Clause: Swagger is banned
|rule|Baton Pass Clause: Limit one Pokémon knowing Baton Pass
|teampreview
|
|start
|switch|p1a: Tentacruel|Tentacruel, F|364\/364
|switch|p2a: Kyurem|Kyurem|391\/391
|-ability|p2a: Kyurem|Pressure
|turn|1
|c|★Volbeatdown|eugh
|c|★Volbeatdown|yugioh
|c|★Teddeh|:]]
|
|move|p2a: Kyurem|Earth Power|p1a: Tentacruel
|-supereffective|p1a: Tentacruel
|-damage|p1a: Tentacruel|78\/364
|move|p1a: Tentacruel|Toxic Spikes|p2a: Kyurem
|-sidestart|p2: Teddeh|move: Toxic Spikes
|
|-heal|p1a: Tentacruel|100\/364|[from] item: Black Sludge
|turn|2
|
|switch|p2a: Crobat|Crobat, F|369\/369
|switch|p1a: Vaporeon|Vaporeon, F|464\/464
|
|turn|3
|
|move|p2a: Crobat|Defog|p1a: Vaporeon
|-unboost|p1a: Vaporeon|evasion|1
|-sideend|p2: Teddeh|Toxic Spikes|[from] move: Defog|[of] p2a: Crobat
|move|p1a: Vaporeon|Scald|p2a: Crobat
|-damage|p2a: Crobat|249\/369
|-status|p2a: Crobat|brn
|
|-damage|p2a: Crobat|203\/369 brn|[from] brn
|turn|4
|
|switch|p2a: Kyurem|Kyurem|391\/391
|-ability|p2a: Kyurem|Pressure
|move|p1a: Vaporeon|Scald|p2a: Kyurem
|-crit|p2a: Kyurem
|-resisted|p2a: Kyurem
|-damage|p2a: Kyurem|301\/391
|
|turn|5
|
|move|p1a: Vaporeon|Protect|p1a: Vaporeon
|-singleturn|p1a: Vaporeon|Protect
|move|p2a: Kyurem|Dragon Pulse|p1a: Vaporeon
|-activate|p1a: Vaporeon|Protect
|
|turn|6
|
|move|p2a: Kyurem|Dragon Pulse|p1a: Vaporeon
|-damage|p1a: Vaporeon|241\/464
|move|p1a: Vaporeon|Wish|p1a: Vaporeon
|
|-heal|p1a: Vaporeon|270\/464|[from] item: Leftovers
|turn|7
|
|switch|p2a: Florges|Florges, F|357\/357
|move|p1a: Vaporeon|Scald|p2a: Florges
|-damage|p2a: Florges|287\/357
|-status|p2a: Florges|brn
|
|-heal|p1a: Vaporeon|464\/464|[from] move: Wish|[wisher] Vaporeon
|-heal|p2a: Florges|309\/357 brn|[from] item: Leftovers
|-damage|p2a: Florges|265\/357 brn|[from] brn
|turn|8
|
|switch|p1a: Tentacruel|Tentacruel, F|100\/364
|move|p2a: Florges|Aromatherapy|p2a: Florges
|-cureteam|p2a: Florges|[from] move: Aromatherapy
|
|-heal|p1a: Tentacruel|122\/364|[from] item: Black Sludge
|-heal|p2a: Florges|287\/357|[from] item: Leftovers
|turn|9
|
|switch|p2a: Gallade|Gallade, M|277\/277
|move|p1a: Tentacruel|Toxic Spikes|p2a: Gallade
|-sidestart|p2: Teddeh|move: Toxic Spikes
|
|-heal|p1a: Tentacruel|144\/364|[from] item: Black Sludge
|turn|10
|
|detailschange|p2a: Gallade|Gallade-Mega, M
|message|Gallade has Mega Evolved into Mega Gallade!
|move|p2a: Gallade|Knock Off|p1a: Tentacruel
|-damage|p1a: Tentacruel|25\/364
|-enditem|p1a: Tentacruel|Black Sludge|[from] move: Knock Off|[of] p2a: Gallade
|move|p1a: Tentacruel|Toxic|p2a: Gallade
|-status|p2a: Gallade|tox
|
|-damage|p2a: Gallade|260\/277 tox|[from] psn
|turn|11
|c|★Volbeatdown|ah
|
|move|p2a: Gallade|Knock Off|p1a: Tentacruel
|-damage|p1a: Tentacruel|0 fnt
|faint|p1a: Tentacruel
|
|-damage|p2a: Gallade|226\/277 tox|[from] psn
|
|switch|p1a: Gligar|Gligar, F|334\/334
|turn|12
|
|switch|p2a: Crobat|Crobat, F|203\/369
|move|p1a: Gligar|U-turn|p2a: Crobat
|-resisted|p2a: Crobat
|-damage|p2a: Crobat|190\/369
|
|switch|p1a: Jirachi|Jirachi|341\/341
|
|turn|13
|
|move|p1a: Jirachi|Iron Head|p2a: Crobat
|-damage|p2a: Crobat|37\/369
|move|p2a: Crobat|Defog|p1a: Jirachi
|-unboost|p1a: Jirachi|evasion|1
|-sideend|p2: Teddeh|Toxic Spikes|[from] move: Defog|[of] p2a: Crobat
|
|turn|14
|c|★Teddeh|lol
|c|★Volbeatdown|egh
|
|switch|p2a: Cobalion|Cobalion|385\/385
|move|p1a: Jirachi|Iron Head|p2a: Cobalion
|-resisted|p2a: Cobalion
|-damage|p2a: Cobalion|340\/385
|
|-heal|p2a: Cobalion|364\/385|[from] item: Leftovers
|turn|15
|
|switch|p1a: Gligar|Gligar, F|334\/334
|move|p2a: Cobalion|Stealth Rock|p1a: Gligar
|-sidestart|p1: Volbeatdown|move: Stealth Rock
|
|-heal|p2a: Cobalion|385\/385|[from] item: Leftovers
|turn|16
|
|move|p2a: Cobalion|Toxic|p1a: Gligar
|-fail|p1a: Gligar
|move|p1a: Gligar|Stealth Rock|p2a: Cobalion
|-sidestart|p2: Teddeh|move: Stealth Rock
|
|turn|17
|c|★Volbeatdown|,
|c|★Teddeh|i thought
|c|★Teddeh|you were defog
|c|★Teddeh|for a second
|c|★Teddeh|but it was too late
|c|★Teddeh|lol
|
|switch|p2a: Crobat|Crobat, F|37\/369
|-damage|p2a: Crobat|0 fnt|[from] Stealth Rock
|faint|p2a: Crobat
|move|p1a: Gligar|U-turn|p2: Crobat|[notarget]
|-notarget
|
|
|switch|p2a: Kyurem|Kyurem|301\/391
|-damage|p2a: Kyurem|204\/391|[from] Stealth Rock
|-ability|p2a: Kyurem|Pressure
|turn|18
|
|switch|p1a: Vaporeon|Vaporeon, F|464\/464
|-damage|p1a: Vaporeon|406\/464|[from] Stealth Rock
|move|p2a: Kyurem|Draco Meteor|p1a: Vaporeon
|-damage|p1a: Vaporeon|64\/464
|-unboost|p2a: Kyurem|spa|2
|
|-heal|p1a: Vaporeon|93\/464|[from] item: Leftovers
|turn|19
|
|move|p1a: Vaporeon|Protect|p1a: Vaporeon
|-singleturn|p1a: Vaporeon|Protect
|move|p2a: Kyurem|Draco Meteor|p1a: Vaporeon
|-activate|p1a: Vaporeon|Protect
|
|-heal|p1a: Vaporeon|122\/464|[from] item: Leftovers
|turn|20
|
|switch|p1a: Jirachi|Jirachi|341\/341
|-damage|p1a: Jirachi|320\/341|[from] Stealth Rock
|move|p2a: Kyurem|Draco Meteor|p1a: Jirachi
|-resisted|p1a: Jirachi
|-damage|p1a: Jirachi|226\/341
|-unboost|p2a: Kyurem|spa|2
|
|turn|21
|
|switch|p2a: Cobalion|Cobalion|385\/385
|-damage|p2a: Cobalion|373\/385|[from] Stealth Rock
|move|p1a: Jirachi|U-turn|p2a: Cobalion
|-resisted|p2a: Cobalion
|-damage|p2a: Cobalion|360\/385
|
|switch|p1a: Gligar|Gligar, F|334\/334
|-damage|p1a: Gligar|293\/334|[from] Stealth Rock
|
|-heal|p2a: Cobalion|384\/385|[from] item: Leftovers
|turn|22
|
|move|p2a: Cobalion|Flash Cannon|p1a: Gligar
|-damage|p1a: Gligar|233\/334
|-unboost|p1a: Gligar|spd|1
|move|p1a: Gligar|Earthquake|p2a: Cobalion
|-supereffective|p2a: Cobalion
|-damage|p2a: Cobalion|240\/385
|
|-heal|p2a: Cobalion|264\/385|[from] item: Leftovers
|turn|23
|
|switch|p2a: Florges|Florges, F|287\/357
|-damage|p2a: Florges|243\/357|[from] Stealth Rock
|move|p1a: Gligar|U-turn|p2a: Florges
|-resisted|p2a: Florges
|-damage|p2a: Florges|223\/357
|
|switch|p1a: Jirachi|Jirachi|226\/341
|-damage|p1a: Jirachi|205\/341|[from] Stealth Rock
|
|-heal|p2a: Florges|245\/357|[from] item: Leftovers
|turn|24
|
|switch|p2a: Cobalion|Cobalion|264\/385
|-damage|p2a: Cobalion|252\/385|[from] Stealth Rock
|move|p1a: Jirachi|Iron Head|p2a: Cobalion
|-resisted|p2a: Cobalion
|-damage|p2a: Cobalion|207\/385
|
|-heal|p2a: Cobalion|231\/385|[from] item: Leftovers
|turn|25
|
|switch|p1a: Gligar|Gligar, F|233\/334
|-damage|p1a: Gligar|192\/334|[from] Stealth Rock
|move|p2a: Cobalion|Flash Cannon|p1a: Gligar
|-damage|p1a: Gligar|134\/334
|
|-heal|p2a: Cobalion|255\/385|[from] item: Leftovers
|turn|26
|
|switch|p2a: Florges|Florges, F|245\/357
|-damage|p2a: Florges|201\/357|[from] Stealth Rock
|move|p1a: Gligar|Roost|p1a: Gligar
|-heal|p1a: Gligar|301\/334
|
|-heal|p2a: Florges|223\/357|[from] item: Leftovers
|turn|27
|
|move|p1a: Gligar|U-turn|p2a: Florges
|-resisted|p2a: Florges
|-damage|p2a: Florges|204\/357
|
|switch|p1a: Lopunny|Lopunny, F|334\/334
|-damage|p1a: Lopunny|293\/334|[from] Stealth Rock
|move|p2a: Florges|Synthesis|p2a: Florges
|-heal|p2a: Florges|357\/357
|
|turn|28
|
|detailschange|p1a: Lopunny|Lopunny-Mega, F
|message|Lopunny has Mega Evolved into Mega Lopunny!
|move|p1a: Lopunny|Encore|p2a: Florges
|-start|p2a: Florges|Encore
|move|p2a: Florges|Synthesis|p2a: Florges
|
|turn|29
|
|switch|p2a: Kyurem|Kyurem|204\/391
|-damage|p2a: Kyurem|107\/391|[from] Stealth Rock
|-ability|p2a: Kyurem|Pressure
|move|p1a: Lopunny|Drain Punch|p2a: Kyurem
|-supereffective|p2a: Kyurem
|-damage|p2a: Kyurem|0 fnt
|-heal|p1a: Lopunny|334\/334|[from] drain|[of] p2a: Kyurem
|faint|p2a: Kyurem
|
|
|switch|p2a: Florges|Florges, F|357\/357
|-damage|p2a: Florges|313\/357|[from] Stealth Rock
|turn|30
|
|move|p1a: Lopunny|Substitute|p1a: Lopunny
|-start|p1a: Lopunny|Substitute
|-damage|p1a: Lopunny|251\/334
|move|p2a: Florges|Aromatherapy|p2a: Florges
|-cureteam|p2a: Florges|[from] move: Aromatherapy
|
|-heal|p2a: Florges|335\/357|[from] item: Leftovers
|turn|31
|c|★Teddeh|>.>
|c|★Volbeatdown|lol
|c|★Teddeh|sub + encore
|c|★Teddeh|risky
|c|★Volbeatdown|its marths set
|c|★Volbeatdown|ez to punch holes with
|
|move|p1a: Lopunny|Drain Punch|p2a: Florges
|-crit|p2a: Florges
|-resisted|p2a: Florges
|-damage|p2a: Florges|248\/357
|-heal|p1a: Lopunny|295\/334|[from] drain|[of] p2a: Florges
|move|p2a: Florges|Moonblast|p1a: Lopunny
|-supereffective|p1a: Lopunny
|-end|p1a: Lopunny|Substitute
|
|-heal|p2a: Florges|270\/357|[from] item: Leftovers
|turn|32
|c|★Volbeatdown|wut
|c|★Teddeh|nice and punching holes m8
|c|★Teddeh|nice over prediction ;)
|
|switch|p1a: Vaporeon|Vaporeon, F|122\/464
|-damage|p1a: Vaporeon|64\/464|[from] Stealth Rock
|move|p2a: Florges|Moonblast|p1a: Vaporeon
|-damage|p1a: Vaporeon|0 fnt
|faint|p1a: Vaporeon
|
|-heal|p2a: Florges|292\/357|[from] item: Leftovers
|
|switch|p1a: Jirachi|Jirachi|205\/341
|-damage|p1a: Jirachi|184\/341|[from] Stealth Rock
|turn|33
|
|switch|p2a: Cobalion|Cobalion|255\/385
|-damage|p2a: Cobalion|243\/385|[from] Stealth Rock
|move|p1a: Jirachi|Iron Head|p2a: Cobalion
|-resisted|p2a: Cobalion
|-damage|p2a: Cobalion|197\/385
|
|-heal|p2a: Cobalion|221\/385|[from] item: Leftovers
|turn|34
|
|switch|p1a: Gligar|Gligar, F|301\/334
|-damage|p1a: Gligar|260\/334|[from] Stealth Rock
|switch|p2a: Gallade|Gallade-Mega, M|226\/277
|-damage|p2a: Gallade|209\/277|[from] Stealth Rock
|
|turn|35
|
|move|p2a: Gallade|Knock Off|p1a: Gligar
|-damage|p1a: Gligar|177\/334
|-enditem|p1a: Gligar|Eviolite|[from] move: Knock Off|[of] p2a: Gallade
|move|p1a: Gligar|Earthquake|p2a: Gallade
|-damage|p2a: Gallade|113\/277
|
|turn|36
|
|move|p2a: Gallade|Zen Headbutt|p1a: Gligar
|-damage|p1a: Gligar|18\/334
|move|p1a: Gligar|Earthquake|p2a: Gallade
|-damage|p2a: Gallade|11\/277
|
|turn|37
|
|move|p2a: Gallade|Drain Punch|p1a: Gligar
|-resisted|p1a: Gligar
|-damage|p1a: Gligar|0 fnt
|-heal|p2a: Gallade|20\/277|[from] drain|[of] p1a: Gligar
|faint|p1a: Gligar
|
|
|switch|p1a: Jirachi|Jirachi|184\/341
|-damage|p1a: Jirachi|163\/341|[from] Stealth Rock
|turn|38
|
|switch|p2a: Zygarde|Zygarde|404\/404
|-damage|p2a: Zygarde|379\/404|[from] Stealth Rock
|-ability|p2a: Zygarde|Aura Break
|move|p1a: Jirachi|U-turn|p2a: Zygarde
|-damage|p2a: Zygarde|319\/404
|
|switch|p1a: Hydreigon|Hydreigon, M|325\/325
|-damage|p1a: Hydreigon|285\/325|[from] Stealth Rock
|
|-heal|p2a: Zygarde|344\/404|[from] item: Leftovers
|turn|39
|
|switch|p2a: Florges|Florges, F|292\/357
|-damage|p2a: Florges|248\/357|[from] Stealth Rock
|move|p1a: Hydreigon|Draco Meteor|p2a: Florges
|-immune|p2a: Florges|[msg]
|
|-heal|p2a: Florges|270\/357|[from] item: Leftovers
|turn|40
|
|switch|p1a: Jirachi|Jirachi|163\/341
|-damage|p1a: Jirachi|142\/341|[from] Stealth Rock
|move|p2a: Florges|Moonblast|p1a: Jirachi
|-crit|p1a: Jirachi
|-resisted|p1a: Jirachi
|-damage|p1a: Jirachi|55\/341
|
|-heal|p2a: Florges|292\/357|[from] item: Leftovers
|turn|41
|
|switch|p2a: Cobalion|Cobalion|221\/385
|-damage|p2a: Cobalion|209\/385|[from] Stealth Rock
|move|p1a: Jirachi|Iron Head|p2a: Cobalion
|-crit|p2a: Cobalion
|-resisted|p2a: Cobalion
|-damage|p2a: Cobalion|142\/385
|
|-heal|p2a: Cobalion|166\/385|[from] item: Leftovers
|turn|42
|
|move|p1a: Jirachi|Iron Head|p2a: Cobalion
|-resisted|p2a: Cobalion
|-damage|p2a: Cobalion|114\/385
|move|p2a: Cobalion|Volt Switch|p1a: Jirachi
|-damage|p1a: Jirachi|3\/341
|c|★Volbeatdown|rip
|c|★Teddeh|:(
|
|switch|p2a: Zygarde|Zygarde|344\/404
|-damage|p2a: Zygarde|319\/404|[from] Stealth Rock
|-ability|p2a: Zygarde|Aura Break
|
|-heal|p2a: Zygarde|344\/404|[from] item: Leftovers
|turn|43
|join|r0ady
|
|move|p1a: Jirachi|Iron Head|p2a: Zygarde
|-damage|p2a: Zygarde|239\/404
|cant|p2a: Zygarde|flinch
|
|-heal|p2a: Zygarde|264\/404|[from] item: Leftovers
|turn|44
|
|move|p1a: Jirachi|Iron Head|p2a: Zygarde
|-damage|p2a: Zygarde|170\/404
|move|p2a: Zygarde|Earthquake|p1a: Jirachi
|-supereffective|p1a: Jirachi
|-damage|p1a: Jirachi|0 fnt
|faint|p1a: Jirachi
|
|-heal|p2a: Zygarde|195\/404|[from] item: Leftovers
|
|switch|p1a: Lopunny|Lopunny-Mega, F|295\/334
|-damage|p1a: Lopunny|275\/334|[from] Stealth Rock
|turn|45
|
|move|p1a: Lopunny|Return|p2a: Zygarde
|-damage|p2a: Zygarde|71\/404
|move|p2a: Zygarde|Earthquake|p1a: Lopunny
|-crit|p1a: Lopunny
|-damage|p1a: Lopunny|95\/334
|
|-heal|p2a: Zygarde|96\/404|[from] item: Leftovers
|turn|46
|
|move|p1a: Lopunny|Drain Punch|p2a: Zygarde
|-damage|p2a: Zygarde|0 fnt
|-heal|p1a: Lopunny|143\/334|[from] drain|[of] p2a: Zygarde
|faint|p2a: Zygarde
|
|
|switch|p2a: Florges|Florges, F|292\/357
|-damage|p2a: Florges|248\/357|[from] Stealth Rock
|turn|47
|
|move|p1a: Lopunny|Return|p2a: Florges
|-damage|p2a: Florges|110\/357
|move|p2a: Florges|Moonblast|p1a: Lopunny
|-supereffective|p1a: Lopunny
|-damage|p1a: Lopunny|0 fnt
|faint|p1a: Lopunny
|
|-heal|p2a: Florges|132\/357|[from] item: Leftovers
|
|switch|p1a: Hydreigon|Hydreigon, M|285\/325
|-damage|p1a: Hydreigon|245\/325|[from] Stealth Rock
|turn|48
|-message|Volbeatdown forfeited.
|leave|Volbeatdown
|
|move|p1a: Hydreigon|Dark Pulse|p2a: Florges
|-resisted|p2a: Florges
|-damage|p2a: Florges|71\/357
|-damage|p1a: Hydreigon|213\/325|[from] item: Life Orb
|move|p2a: Florges|Moonblast|p1a: Hydreigon
|-supereffective|p1a: Hydreigon
|-damage|p1a: Hydreigon|0 fnt
|faint|p1a: Hydreigon
|
|win|Teddeh
|raw|Ladder updating...
|player|p1
|leave|r0ady
|raw|Volbeatdown's rating: 1421 &rarr; <strong>1408<\/strong><br \/>(-13 for losing)
|raw|Teddeh's rating: 1543 &rarr; <strong>1556<\/strong><br \/>(+13 for winning)