|join|Teddeh
|join|Ununhexium
|player|p1|Teddeh|143
|player|p2|Ununhexium|33
|gametype|singles
|gen|6
|tier|UU
|rule|Sleep Clause Mod: Limit one foe put to sleep
|rule|Species Clause: Limit one of each Pokémon
|rule|OHKO Clause: OHKO moves are banned
|rule|Moody Clause: Moody is banned
|rule|Evasion Moves Clause: Evasion moves are banned
|rule|Endless Battle Clause: Forcing endless battles is banned
|rule|HP Percentage Mod: HP is shown in percentages
|clearpoke
|poke|p1|Gallade, M
|poke|p1|Kyurem
|poke|p1|Cobalion
|poke|p1|Crobat, M
|poke|p1|Zygarde
|poke|p1|Florges, F
|poke|p2|Krookodile, F
|poke|p2|Gallade, M
|poke|p2|Whimsicott, M
|poke|p2|Jirachi
|poke|p2|Suicune
|poke|p2|Crobat, M
|rule|Swagger Clause: Swagger is banned
|rule|Baton Pass Clause: Limit one Pokémon knowing Baton Pass
|teampreview
|join|warzoid
|join|Tom Yabo
|c|★Ununhexium|gl
|c|★Teddeh|where'd you go?
|join|jesus bang
|c|★Teddeh|i've been lost withouttt youuuu
|join|Eren Swaeger
|join|So Dynamic
|c|★Ununhexium|?
|c|★Teddeh|time moves slowww
|c| jesus bang|just click buttons
|c|★Teddeh|:]
|c| jesus bang|he tries to distract you imo
|join|TheCanadianWifier
|
|start
|switch|p1a: Kyurem|Kyurem|391\/391
|switch|p2a: Crobat|Crobat, M|373\/373
|-ability|p1a: Kyurem|Pressure
|turn|1
|c|★Ununhexium|ik ik
|c| jesus bang|so you dont pay attention and he wins eZ
|c| TheCanadianWifier|teddeh
|c| TheCanadianWifier|ur my favourite sherrif
|
|move|p2a: Crobat|U-turn|p1a: Kyurem
|-damage|p1a: Kyurem|336\/391
|c| jesus bang|also
|
|switch|p2a: Jirachi|Jirachi|341\/341
|move|p1a: Kyurem|Earth Power|p2a: Jirachi
|-supereffective|p2a: Jirachi
|-damage|p2a: Jirachi|0 fnt
|faint|p2a: Jirachi
|
|c| jesus bang|did DMT build this team teddeh
|c| Eren Swaeger|rekt
|c|★Ununhexium|damn
|join|0rbital
|
|switch|p2a: Gallade|Gallade, M|277\/277
|turn|2
|c|★Teddeh|nooo
|c|★Teddeh|i did
|join|The Goomy
|c| Eren Swaeger|Penetrated
|c|★Teddeh|i'm just sucky at uu
|join|iplaytennislol
|
|switch|p1a: Gallade|Gallade, M|277\/277
|detailschange|p2a: Gallade|Gallade-Mega, M
|message|Gallade has Mega Evolved into Mega Gallade!
|move|p2a: Gallade|Close Combat|p1a: Gallade
|-resisted|p1a: Gallade
|-damage|p1a: Gallade|100\/277
|-unboost|p2a: Gallade|def|1
|-unboost|p2a: Gallade|spd|1
|
|turn|3
|leave|iplaytennislol
|c| Eren Swaeger|damn
|c|★Ununhexium|that looked like it hurt
|join|GoodGutana
|c| 0rbital|sneak
|c| 0rbital|now
|
|detailschange|p1a: Gallade|Gallade-Mega, M
|message|Gallade has Mega Evolved into Mega Gallade!
|move|p2a: Gallade|Shadow Sneak|p1a: Gallade
|-supereffective|p1a: Gallade
|-damage|p1a: Gallade|0 fnt
|faint|p1a: Gallade
|
|
|switch|p1a: Crobat|Crobat, M|369\/369
|turn|4
|
|switch|p1a: Kyurem|Kyurem|336\/391
|-ability|p1a: Kyurem|Pressure
|switch|p2a: Suicune|Suicune|404\/404
|-ability|p2a: Suicune|Pressure
|
|turn|5
|join|Munkin
|
|move|p1a: Kyurem|Ice Beam|p2a: Suicune
|-resisted|p2a: Suicune
|-damage|p2a: Suicune|286\/404
|move|p2a: Suicune|Scald|p1a: Kyurem
|-resisted|p1a: Kyurem
|-damage|p1a: Kyurem|291\/391
|
|-heal|p2a: Suicune|311\/404|[from] item: Leftovers
|turn|6
|c|★Teddeh|go away
|join|MidnightSwami
|c| GoodGutana|gl unun
|c| GoodGutana|:)
|join|dapumpkin19
|join|gobosox
|join|Dingus Poop
|
|switch|p1a: Florges|Florges, F|357\/357
|move|p2a: Suicune|Scald|p1a: Florges
|-damage|p1a: Florges|299\/357
|-status|p1a: Florges|brn
|
|-heal|p2a: Suicune|336\/404|[from] item: Leftovers
|-heal|p1a: Florges|321\/357 brn|[from] item: Leftovers
|-damage|p1a: Florges|277\/357 brn|[from] brn
|turn|7
|c| jesus bang|how do you even win
|c| jesus bang|vs crocune
|c| jesus bang|rofl
|
|move|p2a: Suicune|Substitute|p2a: Suicune
|-start|p2a: Suicune|Substitute
|-damage|p2a: Suicune|235\/404
|move|p1a: Florges|Aromatherapy|p1a: Florges
|-cureteam|p1a: Florges|[from] move: Aromatherapy
|
|-heal|p2a: Suicune|260\/404|[from] item: Leftovers
|-heal|p1a: Florges|299\/357|[from] item: Leftovers
|turn|8
|c| Munkin|shh
|c| MidnightSwami|new record on how many legendaries you can squeeze into a team
|
|move|p2a: Suicune|Calm Mind|p2a: Suicune
|-boost|p2a: Suicune|spa|1
|-boost|p2a: Suicune|spd|1
|move|p1a: Florges|Calm Mind|p1a: Florges
|-boost|p1a: Florges|spa|1
|-boost|p1a: Florges|spd|1
|
|-heal|p2a: Suicune|285\/404|[from] item: Leftovers
|-heal|p1a: Florges|321\/357|[from] item: Leftovers
|turn|9
|c| gobosox|they tried to ban it ah yueah
|c| jesus bang|I know
|c| gobosox|it got 2 votes
|join|Kasby
|c| jesus bang|I read it
|c| Munkin|he had leaf blade gallade
|c| gobosox|oh
|c| jesus bang|cuz they are fucking
|
|move|p2a: Suicune|Calm Mind|p2a: Suicune
|-boost|p2a: Suicune|spa|1
|-boost|p2a: Suicune|spd|1
|move|p1a: Florges|Calm Mind|p1a: Florges
|-boost|p1a: Florges|spa|1
|-boost|p1a: Florges|spd|1
|
|-heal|p2a: Suicune|310\/404|[from] item: Leftovers
|-heal|p1a: Florges|343\/357|[from] item: Leftovers
|turn|10
|c| gobosox|i didnt know you could read
|c| jesus bang|pussies
|c| jesus bang|lol
|join|getready444dis
|join|innovamania
|join|xShiba
|c| jesus bang|I use forums
|
|move|p1a: Florges|Calm Mind|p1a: Florges
|-boost|p1a: Florges|spa|1
|-boost|p1a: Florges|spd|1
|move|p2a: Suicune|Roar|p1a: Florges
|drag|p1a: Kyurem|Kyurem|291\/391
|-ability|p1a: Kyurem|Pressure
|
|-heal|p2a: Suicune|335\/404|[from] item: Leftovers
|turn|11
|c| jesus bang|pretty often
|c|★Ununhexium|GO AWAY FLORGES
|c| jesus bang|just dont type shit cuz takes so much work
|c| warzoid|OH SNAP
|c|★Teddeh|i misclicked
|c|★Teddeh|3i4pb342p3bhg
|
|move|p1a: Kyurem|Draco Meteor|p2a: Suicune
|-end|p2a: Suicune|Substitute
|-unboost|p1a: Kyurem|spa|2
|move|p2a: Suicune|Calm Mind|p2a: Suicune
|-boost|p2a: Suicune|spa|1
|-boost|p2a: Suicune|spd|1
|
|-heal|p2a: Suicune|360\/404|[from] item: Leftovers
|turn|12
|c|★Teddeh|i was mindlessly clicking
|c|★Teddeh|and my mouse slipped
|c|★Teddeh|hahaha
|
|switch|p1a: Crobat|Crobat, M|369\/369
|move|p2a: Suicune|Substitute|p2a: Suicune
|-start|p2a: Suicune|Substitute
|-damage|p2a: Suicune|259\/404
|
|-heal|p2a: Suicune|284\/404|[from] item: Leftovers
|turn|13
|
|move|p1a: Crobat|Taunt|p2a: Suicune
|-start|p2a: Suicune|move: Taunt
|move|p2a: Suicune|Scald|p1a: Crobat
|-damage|p1a: Crobat|101\/369
|
|-heal|p2a: Suicune|309\/404|[from] item: Leftovers
|turn|14
|c| Kasby|It's been a while since I've last seen a kyurem in uu
|
|move|p1a: Crobat|Acrobatics|p2a: Suicune
|-activate|p2a: Suicune|Substitute|[damage]
|move|p2a: Suicune|Scald|p1a: Crobat
|-damage|p1a: Crobat|0 fnt
|faint|p1a: Crobat
|
|-heal|p2a: Suicune|334\/404|[from] item: Leftovers
|leave|TheCanadianWifier
|c|★Ununhexium|same lol
|join|Bob the m8
|
|switch|p1a: Florges|Florges, F|343\/357
|turn|15
|c|★Ununhexium|kind of refreshing
|leave|innovamania
|
|move|p2a: Suicune|Scald|p1a: Florges
|-damage|p1a: Florges|205\/357
|-status|p1a: Florges|brn
|move|p1a: Florges|Calm Mind|p1a: Florges
|-boost|p1a: Florges|spa|1
|-boost|p1a: Florges|spd|1
|
|-heal|p2a: Suicune|359\/404|[from] item: Leftovers
|-heal|p1a: Florges|227\/357 brn|[from] item: Leftovers
|-damage|p1a: Florges|183\/357 brn|[from] brn
|-end|p2a: Suicune|move: Taunt
|turn|16
|c| warzoid|so how's that inner focus crobat working out?
|c| gobosox|rip your hopes and dreas
|c| GoodGutana|YES ununhexium
|c| gobosox|*dreams
|c| jesus bang|lmao
|c|★Teddeh|as i said
|c|★Teddeh|my finger slipped :L
|join|kidcashmeout
|
|move|p2a: Suicune|Scald|p1a: Florges
|-damage|p1a: Florges|93\/357 brn
|move|p1a: Florges|Synthesis|p1a: Florges
|-heal|p1a: Florges|271\/357 brn
|
|-heal|p2a: Suicune|384\/404|[from] item: Leftovers
|-heal|p1a: Florges|293\/357 brn|[from] item: Leftovers
|-damage|p1a: Florges|249\/357 brn|[from] brn
|turn|17
|c| jesus bang|cm flower
|join|Colbrushie
|c| jesus bang|with synthesis
|c|★Teddeh|i wouldn't actually make that move
|join|TrauMillah
|c|★Teddeh|deliberately
|c| Kasby|that's what you get for being Whitney lol
|
|move|p2a: Suicune|Calm Mind|p2a: Suicune
|-boost|p2a: Suicune|spa|1
|-boost|p2a: Suicune|spd|1
|move|p1a: Florges|Aromatherapy|p1a: Florges
|-cureteam|p1a: Florges|[from] move: Aromatherapy
|
|-heal|p2a: Suicune|404\/404|[from] item: Leftovers
|-heal|p1a: Florges|271\/357|[from] item: Leftovers
|turn|18
|
|move|p2a: Suicune|Calm Mind|p2a: Suicune
|-boost|p2a: Suicune|spa|1
|-boost|p2a: Suicune|spd|1
|move|p1a: Florges|Calm Mind|p1a: Florges
|-boost|p1a: Florges|spa|1
|-boost|p1a: Florges|spd|1
|
|-heal|p1a: Florges|293\/357|[from] item: Leftovers
|turn|19
|c| gobosox|maybe if you washed your hands after jerking off your fingers wouldnt slip smh
|c| gobosox|basic hygiene
|
|move|p2a: Suicune|Calm Mind|p2a: Suicune
|-boost|p2a: Suicune|spa|1
|-boost|p2a: Suicune|spd|1
|move|p1a: Florges|Calm Mind|p1a: Florges
|-boost|p1a: Florges|spa|1
|-boost|p1a: Florges|spd|1
|
|-heal|p1a: Florges|315\/357|[from] item: Leftovers
|turn|20
|c|★Ununhexium|lol
|c|★Teddeh|haven't even jerked off yet gobo
|c| dapumpkin19|more like gobosux
|c|★Teddeh|silly gobo
|
|move|p1a: Florges|Calm Mind|p1a: Florges
|-boost|p1a: Florges|spa|1
|-boost|p1a: Florges|spd|1
|move|p2a: Suicune|Roar|p1a: Florges
|drag|p1a: Zygarde|Zygarde|404\/404
|-ability|p1a: Zygarde|Aura Break
|
|turn|21
|c|★Teddeh|wut
|c| Kasby|lol
|c| Colbrushie|rest
|c| Colbrushie|in
|c| Colbrushie|peace
|c| Bob the m8|fkn rip
|c|★Teddeh|lol
|join|ImSNT
|c|★Teddeh|gg
|c|★Ununhexium|gg
|leave|Munkin
|c| TrauMillah|GG
|-message|Teddeh forfeited.
|join|YeLlOw☆SkArMoRy☆
|join|THE_iTodd
|c|★Teddeh|:]
|
|win|Ununhexium
|c| Kasby|rip in peace
|leave|Colbrushie
|leave|Bob the m8
|leave|MidnightSwami
|leave|Teddeh
|player|p1
|leave|Kasby
|c| 0rbital|noice
|leave|jesus bang
|leave|So Dynamic
|c| GoodGutana|gg unun
|leave|YeLlOw☆SkArMoRy☆
|leave|0rbital
|leave|Tom Yabo
|c| TrauMillah|GG unuunununununun
|leave|ImSNT
|leave|Dingus Poop
|leave|xShiba
|c| dapumpkin19|Taking that suicune dick