|join|abgeiern
|join|Wolf Bros
|player|p1|abgeiern|260
|player|p2|Wolf Bros|168
|gametype|singles
|gen|6
|tier|OU
|rated
|clearpoke
|poke|p1|Infernape, M
|poke|p1|Keldeo
|poke|p1|Dragonite, F
|poke|p1|Bisharp, F
|poke|p1|Thundurus, M
|poke|p1|Metagross
|poke|p2|Sableye, F
|poke|p2|Excadrill, M
|poke|p2|Manaphy
|poke|p2|Gliscor, F
|poke|p2|Talonflame, F
|poke|p2|Clefable, M
|rule|Swagger Clause: Swagger is banned
|rule|Baton Pass Clause: Limit one Pokémon knowing Baton Pass
|rule|Sleep Clause Mod: Limit one foe put to sleep
|rule|Species Clause: Limit one of each Pokémon
|rule|OHKO Clause: OHKO moves are banned
|rule|Moody Clause: Moody is banned
|rule|Evasion Moves Clause: Evasion moves are banned
|rule|Endless Battle Clause: Forcing endless battles is banned
|rule|HP Percentage Mod: HP is shown in percentages
|teampreview
|
|start
|switch|p1a: Infernape|Infernape, M|293\/293
|switch|p2a: Gliscor|Gliscor, F|353\/353
|turn|1
|
|move|p1a: Infernape|Stealth Rock|p2a: Gliscor
|-sidestart|p2: Wolf Bros|move: Stealth Rock
|move|p2a: Gliscor|Stealth Rock|p1a: Infernape
|-sidestart|p1: abgeiern|move: Stealth Rock
|
|-status|p2a: Gliscor|tox|[from] item: Toxic Orb
|turn|2
|
|move|p1a: Infernape|Fire Blast|p2a: Gliscor
|-damage|p2a: Gliscor|155\/353 tox
|move|p2a: Gliscor|Earthquake|p1a: Infernape
|-supereffective|p1a: Infernape
|-damage|p1a: Infernape|21\/293
|
|-heal|p2a: Gliscor|199\/353 tox|[from] ability: Poison Heal
|turn|3
|
|switch|p2a: Manaphy|Manaphy|401\/401
|-damage|p2a: Manaphy|351\/401|[from] Stealth Rock
|move|p1a: Infernape|Endeavor|p2a: Manaphy
|-damage|p2a: Manaphy|21\/401
|
|-heal|p2a: Manaphy|46\/401|[from] item: Leftovers
|turn|4
|
|move|p1a: Infernape|Vacuum Wave|p2a: Manaphy
|-damage|p2a: Manaphy|3\/401
|move|p2a: Manaphy|Scald|p1a: Infernape
|-supereffective|p1a: Infernape
|-damage|p1a: Infernape|0 fnt
|faint|p1a: Infernape
|
|-heal|p2a: Manaphy|28\/401|[from] item: Leftovers
|
|switch|p1a: Keldeo|Keldeo|322\/322
|-damage|p1a: Keldeo|302\/322|[from] Stealth Rock
|turn|5
|
|move|p1a: Keldeo|Scald|p2a: Manaphy
|-resisted|p2a: Manaphy
|-damage|p2a: Manaphy|0 fnt
|faint|p2a: Manaphy
|
|
|switch|p2a: Talonflame|Talonflame, F|345\/345
|-damage|p2a: Talonflame|173\/345|[from] Stealth Rock
|turn|6
|
|switch|p1a: Bisharp|Bisharp, F|271\/271
|-damage|p1a: Bisharp|255\/271|[from] Stealth Rock
|move|p2a: Talonflame|Will-O-Wisp|p1a: Bisharp
|-status|p1a: Bisharp|brn
|
|-heal|p2a: Talonflame|194\/345|[from] item: Leftovers
|-damage|p1a: Bisharp|222\/271 brn|[from] brn
|turn|7
|
|move|p2a: Talonflame|Roost|p2a: Talonflame
|-heal|p2a: Talonflame|345\/345
|move|p1a: Bisharp|Knock Off|p2a: Talonflame
|-damage|p2a: Talonflame|188\/345
|-enditem|p2a: Talonflame|Leftovers|[from] move: Knock Off|[of] p1a: Bisharp
|-damage|p1a: Bisharp|195\/271 brn|[from] item: Life Orb
|
|-damage|p1a: Bisharp|162\/271 brn|[from] brn
|turn|8
|
|move|p2a: Talonflame|Will-O-Wisp|p1a: Bisharp
|-fail|p1a: Bisharp|brn
|move|p1a: Bisharp|Swords Dance|p1a: Bisharp
|-boost|p1a: Bisharp|atk|2
|
|-damage|p1a: Bisharp|129\/271 brn|[from] brn
|turn|9
|
|move|p2a: Talonflame|Roost|p2a: Talonflame
|-heal|p2a: Talonflame|345\/345
|move|p1a: Bisharp|Knock Off|p2a: Talonflame
|-damage|p2a: Talonflame|121\/345
|-damage|p1a: Bisharp|102\/271 brn|[from] item: Life Orb
|
|-damage|p1a: Bisharp|69\/271 brn|[from] brn
|turn|10
|
|move|p2a: Talonflame|Brave Bird|p1a: Bisharp
|-crit|p1a: Bisharp
|-resisted|p1a: Bisharp
|-damage|p1a: Bisharp|0 fnt
|-damage|p2a: Talonflame|98\/345|[from] recoil|[of] p1a: Bisharp
|faint|p1a: Bisharp
|
|
|switch|p1a: Thundurus|Thundurus, M|299\/299
|-damage|p1a: Thundurus|225\/299|[from] Stealth Rock
|turn|11
|
|switch|p2a: Gliscor|Gliscor, F|199\/353 tox
|-damage|p2a: Gliscor|155\/353 tox|[from] Stealth Rock
|move|p1a: Thundurus|Thunderbolt|p2a: Gliscor
|-immune|p2a: Gliscor|[msg]
|
|-heal|p2a: Gliscor|199\/353 tox|[from] ability: Poison Heal
|turn|12
|
|switch|p2a: Excadrill|Excadrill, M|424\/424
|-damage|p2a: Excadrill|411\/424|[from] Stealth Rock
|-ability|p2a: Excadrill|Mold Breaker
|move|p1a: Thundurus|Hidden Power|p2a: Excadrill
|-damage|p2a: Excadrill|323\/424
|-damage|p1a: Thundurus|196\/299|[from] item: Life Orb
|
|-heal|p2a: Excadrill|349\/424|[from] item: Leftovers
|turn|13
|
|move|p1a: Thundurus|Superpower|p2a: Excadrill
|-supereffective|p2a: Excadrill
|-damage|p2a: Excadrill|0 fnt
|-unboost|p1a: Thundurus|atk|1
|-unboost|p1a: Thundurus|def|1
|-damage|p1a: Thundurus|167\/299|[from] item: Life Orb
|faint|p2a: Excadrill
|
|
|switch|p2a: Sableye|Sableye, F|303\/303
|-damage|p2a: Sableye|266\/303|[from] Stealth Rock
|turn|14
|
|detailschange|p2a: Sableye|Sableye-Mega, F
|-mega|p2a: Sableye|Sableye|Sablenite
|move|p2a: Sableye|Recover|p2a: Sableye
|-heal|p2a: Sableye|303\/303
|move|p1a: Thundurus|Thunderbolt|p2a: Sableye
|-damage|p2a: Sableye|182\/303
|-damage|p1a: Thundurus|138\/299|[from] item: Life Orb
|
|turn|15
|
|move|p1a: Thundurus|Thunderbolt|p2a: Sableye
|-damage|p2a: Sableye|44\/303
|-damage|p1a: Thundurus|109\/299|[from] item: Life Orb
|move|p2a: Sableye|Recover|p2a: Sableye
|-heal|p2a: Sableye|196\/303
|
|turn|16
|
|move|p1a: Thundurus|Thunderbolt|p2a: Sableye
|-damage|p2a: Sableye|70\/303
|-damage|p1a: Thundurus|80\/299|[from] item: Life Orb
|move|p2a: Sableye|Recover|p2a: Sableye
|-heal|p2a: Sableye|222\/303
|
|turn|17
|
|move|p1a: Thundurus|Thunderbolt|p2a: Sableye
|-damage|p2a: Sableye|93\/303
|-damage|p1a: Thundurus|51\/299|[from] item: Life Orb
|move|p2a: Sableye|Recover|p2a: Sableye
|-heal|p2a: Sableye|245\/303
|
|turn|18
|
|move|p1a: Thundurus|Thunderbolt|p2a: Sableye
|-damage|p2a: Sableye|107\/303
|-damage|p1a: Thundurus|22\/299|[from] item: Life Orb
|move|p2a: Sableye|Recover|p2a: Sableye
|-heal|p2a: Sableye|259\/303
|
|turn|19
|
|move|p1a: Thundurus|Thunderbolt|p2a: Sableye
|-damage|p2a: Sableye|130\/303
|-damage|p1a: Thundurus|0 fnt|[from] item: Life Orb
|faint|p1a: Thundurus
|move|p2a: Sableye|Recover|p2a: Sableye
|-heal|p2a: Sableye|282\/303
|
|
|switch|p1a: Dragonite|Dragonite, F|323\/323
|-damage|p1a: Dragonite|243\/323|[from] Stealth Rock
|turn|20
|
|move|p1a: Dragonite|Outrage|p2a: Sableye
|-crit|p2a: Sableye
|-damage|p2a: Sableye|0 fnt
|faint|p2a: Sableye
|
|
|switch|p2a: Clefable|Clefable, M|393\/393
|-damage|p2a: Clefable|344\/393|[from] Stealth Rock
|turn|21
|
|move|p1a: Dragonite|Outrage|p2a: Clefable
|-immune|p2a: Clefable|[msg]
|move|p2a: Clefable|Calm Mind|p2a: Clefable
|-boost|p2a: Clefable|spa|1
|-boost|p2a: Clefable|spd|1
|
|-end|p1a: Dragonite|rampage
|-start|p1a: Dragonite|confusion
|-heal|p2a: Clefable|368\/393|[from] item: Leftovers
|turn|22
|
|switch|p1a: Metagross|Metagross|301\/301
|-damage|p1a: Metagross|283\/301|[from] Stealth Rock
|move|p2a: Clefable|Calm Mind|p2a: Clefable
|-boost|p2a: Clefable|spa|1
|-boost|p2a: Clefable|spd|1
|
|-heal|p2a: Clefable|392\/393|[from] item: Leftovers
|turn|23
|
|detailschange|p1a: Metagross|Metagross-Mega
|-mega|p1a: Metagross|Metagross|Metagrossite
|move|p1a: Metagross|Meteor Mash|p2a: Clefable|[miss]
|-miss|p1a: Metagross|p2a: Clefable
|move|p2a: Clefable|Moonblast|p1a: Metagross
|-resisted|p1a: Metagross
|-damage|p1a: Metagross|184\/301
|
|-heal|p2a: Clefable|393\/393|[from] item: Leftovers
|turn|24
|
|switch|p2a: Talonflame|Talonflame, F|98\/345
|-damage|p2a: Talonflame|0 fnt|[from] Stealth Rock
|faint|p2a: Talonflame
|move|p1a: Metagross|Meteor Mash|p2: Talonflame|[notarget]
|-notarget
|
|
|switch|p2a: Gliscor|Gliscor, F|199\/353 tox
|-damage|p2a: Gliscor|155\/353 tox|[from] Stealth Rock
|turn|25
|
|switch|p1a: Keldeo|Keldeo|302\/322
|-damage|p1a: Keldeo|282\/322|[from] Stealth Rock
|move|p2a: Gliscor|Earthquake|p1a: Keldeo
|-damage|p1a: Keldeo|153\/322
|
|-heal|p2a: Gliscor|199\/353 tox|[from] ability: Poison Heal
|turn|26
|
|switch|p2a: Clefable|Clefable, M|393\/393
|-damage|p2a: Clefable|344\/393|[from] Stealth Rock
|move|p1a: Keldeo|Hydro Pump|p2a: Clefable
|-damage|p2a: Clefable|79\/393
|
|-heal|p2a: Clefable|103\/393|[from] item: Leftovers
|turn|27
|
|move|p1a: Keldeo|Hydro Pump|p2a: Clefable|[miss]
|-miss|p1a: Keldeo|p2a: Clefable
|move|p2a: Clefable|Moonlight|p2a: Clefable
|-heal|p2a: Clefable|299\/393
|
|-heal|p2a: Clefable|323\/393|[from] item: Leftovers
|turn|28
|
|move|p1a: Keldeo|Hydro Pump|p2a: Clefable
|-damage|p2a: Clefable|25\/393
|move|p2a: Clefable|Calm Mind|p2a: Clefable
|-boost|p2a: Clefable|spa|1
|-boost|p2a: Clefable|spd|1
|
|-heal|p2a: Clefable|49\/393|[from] item: Leftovers
|turn|29
|
|move|p1a: Keldeo|Hydro Pump|p2a: Clefable
|-damage|p2a: Clefable|0 fnt
|faint|p2a: Clefable
|
|c|★Wolf Bros|band
|c|★Wolf Bros|specs
|c|★Wolf Bros|lol
|c|★Wolf Bros|dude l2p
|-message|Wolf Bros forfeited.
|
|win|abgeiern
|raw|Ladder updating...
|leave|Wolf Bros
|player|p2
|raw|abgeiern's rating: 1348 &rarr; <strong>1366<\/strong><br \/>(+18 for winning)
|raw|Wolf Bros's rating: 1301 &rarr; <strong>1284<\/strong><br \/>(-17 for losing)