|join|TCMK
|join|ExtremeGengar
|player|p1|TCMK|153
|player|p2|ExtremeGengar|266
|gametype|singles
|gen|6
|tier|OU
|rated
|clearpoke
|poke|p1|Skarmory, M
|poke|p1|Chansey, F
|poke|p1|Mawile, F, shiny
|poke|p1|Quagsire, M
|poke|p1|Slowbro, M
|poke|p1|Latias, F, shiny
|poke|p2|Gengar, M
|poke|p2|Porygon2
|poke|p2|Gyarados, M
|poke|p2|Thundurus, M
|poke|p2|Espeon, M
|poke|p2|Manaphy
|rule|Swagger Clause: Swagger is banned
|rule|Baton Pass Clause: Limit one Pokémon knowing Baton Pass
|rule|Sleep Clause Mod: Limit one foe put to sleep
|rule|Species Clause: Limit one of each Pokémon
|rule|OHKO Clause: OHKO moves are banned
|rule|Moody Clause: Moody is banned
|rule|Evasion Moves Clause: Evasion moves are banned
|rule|Endless Battle Clause: Forcing endless battles is banned
|rule|HP Percentage Mod: HP is reported as percentages
|teampreview
|join|manuway
|join|Karate Wiggins
|
|start
|switch|p1a: LOLNAAAAAAH|Latias, F, shiny|363\/363
|switch|p2a: Gengar|Gengar, M|261\/261
|turn|1
|
|move|p2a: Gengar|Shadow Ball|p1a: LOLNAAAAAAH
|-supereffective|p1a: LOLNAAAAAAH
|-damage|p1a: LOLNAAAAAAH|147\/363
|move|p1a: LOLNAAAAAAH|Psyshock|p2a: Gengar
|-supereffective|p2a: Gengar
|-enditem|p2a: Gengar|Focus Sash
|-damage|p2a: Gengar|1\/261
|
|-heal|p1a: LOLNAAAAAAH|169\/363|[from] item: Leftovers
|turn|2
|
|switch|p2a: Thundurus|Thundurus, M|299\/299
|switch|p1a: Fallon|Chansey, F|703\/703
|
|turn|3
|
|switch|p1a: checkers>chess|Quagsire, M|394\/394
|move|p2a: Thundurus|Knock Off|p1a: checkers>chess
|-crit|p1a: checkers>chess
|-damage|p1a: checkers>chess|295\/394
|-enditem|p1a: checkers>chess|Leftovers|[from] move: Knock Off|[of] p2a: Thundurus
|
|turn|4
|
|switch|p2a: Espeon|Espeon, M|334\/334
|move|p1a: checkers>chess|Recover|p1a: checkers>chess
|-heal|p1a: checkers>chess|394\/394
|
|turn|5
|
|switch|p1a: Medusa|Mawile, F, shiny|304\/304
|-ability|p1a: Medusa|Intimidate|[of] p2a: Espeon
|-unboost|p2a: Espeon|atk|1
|move|p2a: Espeon|Psychic|p1a: Medusa
|-resisted|p1a: Medusa
|-damage|p1a: Medusa|226\/304
|
|turn|6
|
|detailschange|p1a: Medusa|Mawile-Mega, F, shiny
|message|Mawile has Mega Evolved into Mega Mawile!
|move|p2a: Espeon|Reflect|p2a: Espeon
|-sidestart|p2: ExtremeGengar|Reflect
|move|p1a: Medusa|Play Rough|p2a: Espeon
|-damage|p2a: Espeon|154\/334
|
|turn|7
|
|switch|p2a: Gyarados|Gyarados, M|370\/370
|-ability|p2a: Gyarados|Intimidate|[of] p1a: Medusa
|-unboost|p1a: Medusa|atk|1
|switch|p1a: Fallon|Chansey, F|703\/703
|
|turn|8
|
|switch|p2a: Espeon|Espeon, M|154\/334
|switch|p1a: manbearpig|Slowbro, M|393\/393
|
|turn|9
|
|switch|p1a: Fallon|Chansey, F|703\/703
|move|p2a: Espeon|Light Screen|p2a: Espeon
|-sidestart|p2: ExtremeGengar|move: Light Screen
|
|turn|10
|
|switch|p2a: Gengar|Gengar, M|1\/261
|move|p1a: Fallon|Wish|p1a: Fallon
|
|turn|11
|
|switch|p1a: Medusa|Mawile-Mega, F, shiny|226\/304
|move|p2a: Gengar|Shadow Ball|p1a: Medusa
|-damage|p1a: Medusa|111\/304
|
|-heal|p1a: Medusa|304\/304|[from] move: Wish|[wisher] Fallon
|turn|12
|
|move|p2a: Gengar|Will-O-Wisp|p1a: Medusa
|-status|p1a: Medusa|brn
|move|p1a: Medusa|Play Rough|p2a: Gengar
|-resisted|p2a: Gengar
|-damage|p2a: Gengar|0 fnt
|faint|p2a: Gengar
|
|-damage|p1a: Medusa|266\/304 brn|[from] brn
|
|switch|p2a: Thundurus|Thundurus, M|299\/299
|turn|13
|
|switch|p1a: checkers>chess|Quagsire, M|394\/394
|move|p2a: Thundurus|Thunderbolt|p1a: checkers>chess
|-immune|p1a: checkers>chess|[msg]
|
|-sideend|p2: ExtremeGengar|Reflect
|turn|14
|
|move|p2a: Thundurus|Psychic|p1a: checkers>chess
|-damage|p1a: checkers>chess|240\/394
|-unboost|p1a: checkers>chess|spd|1
|move|p1a: checkers>chess|Scald|p2a: Thundurus
|-damage|p2a: Thundurus|256\/299
|-status|p2a: Thundurus|brn
|
|-damage|p2a: Thundurus|219\/299 brn|[from] brn
|turn|15
|
|switch|p1a: Fallon|Chansey, F|703\/703
|move|p2a: Thundurus|Knock Off|p1a: Fallon
|-damage|p1a: Fallon|638\/703
|-enditem|p1a: Fallon|Eviolite|[from] move: Knock Off|[of] p2a: Thundurus
|
|-damage|p2a: Thundurus|182\/299 brn|[from] brn
|turn|16
|
|move|p2a: Thundurus|Thunderbolt|p1a: Fallon
|-damage|p1a: Fallon|512\/703
|move|p1a: Fallon|Soft-Boiled|p1a: Fallon
|-heal|p1a: Fallon|703\/703
|
|-damage|p2a: Thundurus|145\/299 brn|[from] brn
|-sideend|p2: ExtremeGengar|move: Light Screen
|turn|17
|
|switch|p2a: Espeon|Espeon, M|154\/334
|move|p1a: Fallon|Soft-Boiled|p1a: Fallon
|-fail|p1a: Fallon
|
|turn|18
|
|switch|p1a: Medusa|Mawile-Mega, F, shiny|266\/304 brn
|move|p2a: Espeon|Reflect|p2a: Espeon
|-sidestart|p2: ExtremeGengar|Reflect
|
|-damage|p1a: Medusa|228\/304 brn|[from] brn
|turn|19
|
|move|p2a: Espeon|Hidden Power|p1a: Medusa
|-supereffective|p1a: Medusa
|-damage|p1a: Medusa|130\/304 brn
|move|p1a: Medusa|Rest|p1a: Medusa
|-status|p1a: Medusa|slp
|-heal|p1a: Medusa|304\/304 slp|[silent]
|-status|p1a: Medusa|slp|[from] move: Rest
|
|turn|20
|
|switch|p2a: Manaphy|Manaphy|341\/341
|switch|p1a: LOLNAAAAAAH|Latias, F, shiny|169\/363
|
|-heal|p1a: LOLNAAAAAAH|191\/363|[from] item: Leftovers
|turn|21
|
|switch|p1a: Fallon|Chansey, F|703\/703
|move|p2a: Manaphy|Tail Glow|p2a: Manaphy
|-boost|p2a: Manaphy|spa|3
|
|turn|22
|
|move|p2a: Manaphy|Surf|p1a: Fallon
|-crit|p1a: Fallon
|-damage|p1a: Fallon|267\/703
|move|p1a: Fallon|Toxic|p2a: Manaphy
|-status|p2a: Manaphy|tox
|
|-damage|p2a: Manaphy|320\/341 tox|[from] psn
|turn|23
|chat|TCMK|omg
|
|switch|p1a: whirld wind|Skarmory, M|333\/333
|move|p2a: Manaphy|Surf|p1a: whirld wind
|-activate|p1a: whirld wind|Sturdy
|-damage|p1a: whirld wind|1\/333
|
|-heal|p2a: Manaphy|341\/341 tox|[from] item: Leftovers
|-heal|p1a: whirld wind|21\/333|[from] item: Leftovers
|-damage|p2a: Manaphy|299\/341 tox|[from] psn
|turn|24
|
|move|p2a: Manaphy|Surf|p1a: whirld wind
|-crit|p1a: whirld wind
|-damage|p1a: whirld wind|0 fnt
|faint|p1a: whirld wind
|
|-heal|p2a: Manaphy|320\/341 tox|[from] item: Leftovers
|-damage|p2a: Manaphy|257\/341 tox|[from] psn
|
|switch|p1a: checkers>chess|Quagsire, M|240\/394
|turn|25
|
|switch|p1a: LOLNAAAAAAH|Latias, F, shiny|191\/363
|move|p2a: Manaphy|Energy Ball|p1a: LOLNAAAAAAH
|-resisted|p1a: LOLNAAAAAAH
|-damage|p1a: LOLNAAAAAAH|112\/363
|
|-heal|p2a: Manaphy|278\/341 tox|[from] item: Leftovers
|-heal|p1a: LOLNAAAAAAH|134\/363|[from] item: Leftovers
|-damage|p2a: Manaphy|194\/341 tox|[from] psn
|-sideend|p2: ExtremeGengar|Reflect
|turn|26
|
|switch|p1a: Fallon|Chansey, F|267\/703
|move|p2a: Manaphy|Surf|p1a: Fallon
|-crit|p1a: Fallon
|-damage|p1a: Fallon|0 fnt
|faint|p1a: Fallon
|
|-heal|p2a: Manaphy|215\/341 tox|[from] item: Leftovers
|-damage|p2a: Manaphy|110\/341 tox|[from] psn
|
|switch|p1a: manbearpig|Slowbro, M|393\/393
|turn|27
|
|switch|p1a: LOLNAAAAAAH|Latias, F, shiny|134\/363
|move|p2a: Manaphy|Energy Ball|p1a: LOLNAAAAAAH
|-resisted|p1a: LOLNAAAAAAH
|-damage|p1a: LOLNAAAAAAH|52\/363
|
|-heal|p2a: Manaphy|131\/341 tox|[from] item: Leftovers
|-heal|p1a: LOLNAAAAAAH|74\/363|[from] item: Leftovers
|-damage|p2a: Manaphy|5\/341 tox|[from] psn
|turn|28
|
|move|p2a: Manaphy|Energy Ball|p1a: LOLNAAAAAAH
|-resisted|p1a: LOLNAAAAAAH
|-damage|p1a: LOLNAAAAAAH|0 fnt
|faint|p1a: LOLNAAAAAAH
|
|-heal|p2a: Manaphy|26\/341 tox|[from] item: Leftovers
|-damage|p2a: Manaphy|0 fnt|[from] psn
|faint|p2a: Manaphy
|
|switch|p2a: Espeon|Espeon, M|154\/334
|switch|p1a: checkers>chess|Quagsire, M|240\/394
|turn|29
|
|switch|p1a: manbearpig|Slowbro, M|393\/393
|move|p2a: Espeon|Psychic|p1a: manbearpig
|-crit|p1a: manbearpig
|-resisted|p1a: manbearpig
|-damage|p1a: manbearpig|266\/393
|
|-heal|p1a: manbearpig|290\/393|[from] item: Leftovers
|turn|30
|
|switch|p2a: Porygon2|Porygon2|374\/374
|-ability|p2a: Porygon2|Regenerator|[from] ability: Trace|[of] p1a: manbearpig
|move|p1a: manbearpig|Scald|p2a: Porygon2
|-crit|p2a: Porygon2
|-damage|p2a: Porygon2|283\/374
|-status|p2a: Porygon2|brn
|
|-heal|p1a: manbearpig|314\/393|[from] item: Leftovers
|-damage|p2a: Porygon2|237\/374 brn|[from] brn
|turn|31
|
|switch|p1a: Medusa|Mawile-Mega, F, shiny|304\/304 slp
|move|p2a: Porygon2|Toxic|p1a: Medusa
|-fail|p1a: Medusa
|
|-damage|p2a: Porygon2|191\/374 brn|[from] brn
|turn|32
|
|switch|p2a: Gyarados|Gyarados, M|370\/370
|-ability|p2a: Gyarados|Intimidate|[of] p1a: Medusa
|-unboost|p1a: Medusa|atk|1
|cant|p1a: Medusa|slp
|move|p1a: Medusa|Sleep Talk|p1a: Medusa
|move|p1a: Medusa|Power-Up Punch|p2a: Gyarados|[from]Sleep Talk
|-resisted|p2a: Gyarados
|-damage|p2a: Gyarados|348\/370
|-boost|p1a: Medusa|atk|1
|
|turn|33
|
|switch|p1a: manbearpig|Slowbro, M|393\/393
|move|p2a: Gyarados|Earthquake|p1a: manbearpig
|-damage|p1a: manbearpig|321\/393
|
|-heal|p1a: manbearpig|345\/393|[from] item: Leftovers
|turn|34
|
|switch|p2a: Porygon2|Porygon2|315\/374 brn
|-ability|p2a: Porygon2|Regenerator|[from] ability: Trace|[of] p1a: manbearpig
|move|p1a: manbearpig|Scald|p2a: Porygon2
|-damage|p2a: Porygon2|255\/374 brn
|
|-heal|p1a: manbearpig|369\/393|[from] item: Leftovers
|-damage|p2a: Porygon2|209\/374 brn|[from] brn
|turn|35
|
|switch|p1a: Medusa|Mawile-Mega, F, shiny|304\/304 slp
|move|p2a: Porygon2|Discharge|p1a: Medusa
|-damage|p1a: Medusa|254\/304 slp
|
|-damage|p2a: Porygon2|163\/374 brn|[from] brn
|turn|36
|
|switch|p2a: Gyarados|Gyarados, M|348\/370
|-ability|p2a: Gyarados|Intimidate|[of] p1a: Medusa
|-unboost|p1a: Medusa|atk|1
|cant|p1a: Medusa|slp
|move|p1a: Medusa|Sleep Talk|p1a: Medusa
|move|p1a: Medusa|Play Rough|p2a: Gyarados|[from]Sleep Talk
|-damage|p2a: Gyarados|201\/370
|
|turn|37
|
|switch|p1a: manbearpig|Slowbro, M|393\/393
|move|p2a: Gyarados|Dragon Dance|p2a: Gyarados
|-boost|p2a: Gyarados|atk|1
|-boost|p2a: Gyarados|spe|1
|
|turn|38
|
|move|p2a: Gyarados|Dragon Dance|p2a: Gyarados
|-boost|p2a: Gyarados|atk|1
|-boost|p2a: Gyarados|spe|1
|move|p1a: manbearpig|Toxic|p2a: Gyarados
|-status|p2a: Gyarados|tox
|
|-damage|p2a: Gyarados|178\/370 tox|[from] psn
|turn|39
|leave|manuway
|
|move|p2a: Gyarados|Dragon Dance|p2a: Gyarados
|-boost|p2a: Gyarados|atk|1
|-boost|p2a: Gyarados|spe|1
|move|p1a: manbearpig|Slack Off|p1a: manbearpig
|-fail|p1a: manbearpig
|
|-damage|p2a: Gyarados|132\/370 tox|[from] psn
|turn|40
|
|detailschange|p2a: Gyarados|Gyarados-Mega, M
|message|Gyarados has Mega Evolved into Mega Gyarados!
|-ability|p2a: Gyarados|Mold Breaker
|move|p2a: Gyarados|Dragon Dance|p2a: Gyarados
|-boost|p2a: Gyarados|atk|1
|-boost|p2a: Gyarados|spe|1
|move|p1a: manbearpig|Slack Off|p1a: manbearpig
|-fail|p1a: manbearpig
|
|-damage|p2a: Gyarados|63\/370 tox|[from] psn
|turn|41
|
|move|p2a: Gyarados|Earthquake|p1a: manbearpig
|-crit|p1a: manbearpig
|-damage|p1a: manbearpig|6\/393
|move|p1a: manbearpig|Slack Off|p1a: manbearpig
|-heal|p1a: manbearpig|203\/393
|
|-heal|p1a: manbearpig|227\/393|[from] item: Leftovers
|-damage|p2a: Gyarados|0 fnt|[from] psn
|faint|p2a: Gyarados
|
|switch|p2a: Thundurus|Thundurus, M|145\/299 brn
|turn|42
|
|switch|p1a: checkers>chess|Quagsire, M|240\/394
|move|p2a: Thundurus|Psychic|p1a: checkers>chess
|-damage|p1a: checkers>chess|85\/394
|
|-damage|p2a: Thundurus|108\/299 brn|[from] brn
|turn|43
|
|switch|p1a: Medusa|Mawile-Mega, F, shiny|254\/304 slp
|move|p2a: Thundurus|Thunderbolt|p1a: Medusa
|-damage|p1a: Medusa|134\/304 slp
|
|-damage|p2a: Thundurus|71\/299 brn|[from] brn
|turn|44
|
|move|p2a: Thundurus|Thunderbolt|p1a: Medusa
|-damage|p1a: Medusa|11\/304 slp
|-curestatus|p1a: Medusa|slp
|move|p1a: Medusa|Rest|p1a: Medusa
|-status|p1a: Medusa|slp
|-heal|p1a: Medusa|304\/304 slp|[silent]
|-status|p1a: Medusa|slp|[from] move: Rest
|
|-damage|p2a: Thundurus|34\/299 brn|[from] brn
|turn|45
|
|switch|p1a: checkers>chess|Quagsire, M|85\/394
|move|p2a: Thundurus|Thunderbolt|p1a: checkers>chess
|-immune|p1a: checkers>chess|[msg]
|
|-damage|p2a: Thundurus|0 fnt|[from] brn
|faint|p2a: Thundurus
|-message|ExtremeGengar forfeited.
|
|win|TCMK
|raw|Ladder updating...
|leave|ExtremeGengar
|player|p2
|raw|TCMK's rating: 1873 &rarr; <strong>1890<\/strong><br \/>(+17 for winning)
|raw|ExtremeGengar's rating: 1813 &rarr; <strong>1796<\/strong><br \/>(-17 for losing)
|leave|TCMK
|player|p1
|leave|Karate Wiggins
|join|TCMK