|join|Caralhu
|join|SoundofMadness
|player|p1|Caralhu|165
|player|p2|SoundofMadness|80
|gametype|singles
|gen|6
|tier|OU
|rated
|clearpoke
|poke|p1|Kyurem-Black
|poke|p1|Mew
|poke|p1|Politoed, F
|poke|p1|Kabutops, M
|poke|p1|Ferrothorn, F
|poke|p1|Scizor, M
|poke|p2|Charizard, M
|poke|p2|Skarmory, F
|poke|p2|Clefable, M
|poke|p2|Heatran, F
|poke|p2|Tentacruel, M
|poke|p2|Wobbuffet, M
|rule|Swagger Clause: Swagger is banned
|rule|Baton Pass Clause: Limit one Pokémon knowing Baton Pass
|rule|Sleep Clause Mod: Limit one foe put to sleep
|rule|Species Clause: Limit one of each Pokémon
|rule|OHKO Clause: OHKO moves are banned
|rule|Moody Clause: Moody is banned
|rule|Evasion Moves Clause: Evasion moves are banned
|rule|Endless Battle Clause: Forcing endless battles is banned
|rule|HP Percentage Mod: HP is shown in percentages
|teampreview
|
|start
|switch|p1a: Politoed|Politoed, F|384\/384
|switch|p2a: Tentacruel|Tentacruel, M|361\/361
|-weather|RainDance
|turn|1
|
|move|p2a: Tentacruel|Toxic Spikes|p1a: Politoed
|-sidestart|p1: Caralhu|move: Toxic Spikes
|move|p1a: Politoed|Hypnosis|p2a: Tentacruel
|-status|p2a: Tentacruel|slp
|
|-weather|RainDance|[upkeep]
|turn|2
|
|switch|p2a: Skarmory|Skarmory, F|334\/334
|switch|p1a: Scizor|Scizor, M|342\/342
|
|-weather|RainDance|[upkeep]
|turn|3
|
|detailschange|p1a: Scizor|Scizor-Mega, M
|message|Scizor has Mega Evolved into Mega Scizor!
|move|p2a: Skarmory|Spikes|p1a: Scizor
|-sidestart|p1: Caralhu|Spikes
|move|p1a: Scizor|Defog|p2a: Skarmory
|-unboost|p2a: Skarmory|evasion|1
|-sideend|p1: Caralhu|Spikes|[from] move: Defog|[of] p1a: Scizor
|-sideend|p1: Caralhu|Toxic Spikes|[from] move: Defog|[of] p1a: Scizor
|
|-weather|RainDance|[upkeep]
|turn|4
|
|switch|p1a: Kyurem-Black|Kyurem-Black|392\/392
|-ability|p1a: Kyurem-Black|Teravolt
|move|p2a: Skarmory|Spikes|p1a: Kyurem-Black
|-sidestart|p1: Caralhu|Spikes
|
|-weather|RainDance|[upkeep]
|turn|5
|
|move|p1a: Kyurem-Black|Fusion Bolt|p2a: Skarmory
|-supereffective|p2a: Skarmory
|-damage|p2a: Skarmory|144\/334
|move|p2a: Skarmory|Whirlwind|p1a: Kyurem-Black
|drag|p1a: Ferrothorn|Ferrothorn, F|352\/352
|-damage|p1a: Ferrothorn|308\/352|[from] Spikes
|
|-weather|RainDance|[upkeep]
|-heal|p1a: Ferrothorn|330\/352|[from] item: Leftovers
|turn|6
|
|move|p2a: Skarmory|Roost|p2a: Skarmory
|-heal|p2a: Skarmory|311\/334
|move|p1a: Ferrothorn|Stealth Rock|p2a: Skarmory
|-sidestart|p2: SoundofMadness|move: Stealth Rock
|
|-weather|RainDance|[upkeep]
|-heal|p1a: Ferrothorn|352\/352|[from] item: Leftovers
|turn|7
|
|move|p2a: Skarmory|Spikes|p1a: Ferrothorn
|-sidestart|p1: Caralhu|Spikes
|move|p1a: Ferrothorn|Leech Seed|p2a: Skarmory
|-start|p2a: Skarmory|move: Leech Seed
|
|-weather|RainDance|[upkeep]
|-damage|p2a: Skarmory|270\/334|[from] Leech Seed|[of] p1a: Ferrothorn
|turn|8
|
|switch|p2a: Heatran|Heatran, F|386\/386
|-damage|p2a: Heatran|338\/386|[from] Stealth Rock
|move|p1a: Ferrothorn|Gyro Ball|p2a: Heatran
|-resisted|p2a: Heatran
|-damage|p2a: Heatran|312\/386
|
|-weather|none
|-heal|p2a: Heatran|336\/386|[from] item: Leftovers
|turn|9
|
|switch|p1a: Politoed|Politoed, F|384\/384
|-damage|p1a: Politoed|320\/384|[from] Spikes
|-weather|RainDance
|move|p2a: Heatran|Stealth Rock|p1a: Politoed
|-sidestart|p1: Caralhu|move: Stealth Rock
|
|-weather|RainDance|[upkeep]
|-heal|p2a: Heatran|360\/386|[from] item: Leftovers
|turn|10
|
|switch|p2a: Wobbuffet|Wobbuffet, M|584\/584
|-damage|p2a: Wobbuffet|511\/584|[from] Stealth Rock
|move|p1a: Politoed|Hypnosis|p2a: Wobbuffet
|-message|Sleep Clause Mod activated.
|-fail|p2a: Wobbuffet
|
|-weather|RainDance|[upkeep]
|-heal|p2a: Wobbuffet|547\/584|[from] item: Leftovers
|turn|11
|
|move|p1a: Politoed|Hypnosis|p2a: Wobbuffet
|-message|Sleep Clause Mod activated.
|-fail|p2a: Wobbuffet
|move|p2a: Wobbuffet|Encore|p1a: Politoed
|-start|p1a: Politoed|Encore
|
|-weather|RainDance|[upkeep]
|-heal|p2a: Wobbuffet|583\/584|[from] item: Leftovers
|turn|12
|
|switch|p2a: Charizard|Charizard, M|359\/359
|-damage|p2a: Charizard|180\/359|[from] Stealth Rock
|move|p1a: Politoed|Hypnosis|p2a: Charizard
|-message|Sleep Clause Mod activated.
|-fail|p2a: Charizard
|
|-weather|RainDance|[upkeep]
|turn|13
|
|detailschange|p2a: Charizard|Charizard-Mega-X, M
|message|Charizard has Mega Evolved into Mega Charizard!
|move|p2a: Charizard|Roost|p2a: Charizard
|-heal|p2a: Charizard|359\/359
|move|p1a: Politoed|Hypnosis|p2a: Charizard
|-message|Sleep Clause Mod activated.
|-fail|p2a: Charizard
|
|-weather|RainDance|[upkeep]
|turn|14
|
|switch|p1a: Kyurem-Black|Kyurem-Black|392\/392
|-damage|p1a: Kyurem-Black|294\/392|[from] Stealth Rock
|-damage|p1a: Kyurem-Black|229\/392|[from] Spikes
|-ability|p1a: Kyurem-Black|Teravolt
|move|p2a: Charizard|Will-O-Wisp|p1a: Kyurem-Black
|-status|p1a: Kyurem-Black|brn
|
|-weather|RainDance|[upkeep]
|-damage|p1a: Kyurem-Black|180\/392 brn|[from] brn
|turn|15
|
|switch|p2a: Clefable|Clefable, M|394\/394
|-damage|p2a: Clefable|345\/394|[from] Stealth Rock
|move|p1a: Kyurem-Black|Dragon Claw|p2a: Clefable
|-immune|p2a: Clefable|[msg]
|
|-weather|RainDance|[upkeep]
|-heal|p2a: Clefable|369\/394|[from] item: Leftovers
|-damage|p1a: Kyurem-Black|131\/392 brn|[from] brn
|turn|16
|
|switch|p1a: Scizor|Scizor-Mega, M|342\/342
|-damage|p1a: Scizor|300\/342|[from] Stealth Rock
|-damage|p1a: Scizor|243\/342|[from] Spikes
|move|p2a: Clefable|Aromatherapy|p2a: Clefable
|-cureteam|p2a: Clefable|[from] move: Aromatherapy
|
|-weather|none
|-heal|p2a: Clefable|393\/394|[from] item: Leftovers
|turn|17
|
|switch|p2a: Tentacruel|Tentacruel, M|361\/361
|-damage|p2a: Tentacruel|316\/361|[from] Stealth Rock
|move|p1a: Scizor|Defog|p2a: Tentacruel
|-unboost|p2a: Tentacruel|evasion|1
|-sideend|p2: SoundofMadness|Stealth Rock|[from] move: Defog|[of] p2a: Tentacruel
|-sideend|p1: Caralhu|Spikes|[from] move: Defog|[of] p1a: Scizor
|-sideend|p1: Caralhu|Stealth Rock|[from] move: Defog|[of] p1a: Scizor
|
|-heal|p2a: Tentacruel|338\/361|[from] item: Black Sludge
|turn|18
|
|switch|p1a: Politoed|Politoed, F|320\/384
|-weather|RainDance
|move|p2a: Tentacruel|Toxic Spikes|p1a: Politoed
|-sidestart|p1: Caralhu|move: Toxic Spikes
|
|-weather|RainDance|[upkeep]
|-heal|p2a: Tentacruel|360\/361|[from] item: Black Sludge
|turn|19
|
|switch|p1a: Scizor|Scizor-Mega, M|243\/342
|move|p2a: Tentacruel|Toxic Spikes|p1a: Scizor
|-sidestart|p1: Caralhu|move: Toxic Spikes
|
|-weather|RainDance|[upkeep]
|-heal|p2a: Tentacruel|361\/361|[from] item: Black Sludge
|turn|20
|
|move|p2a: Tentacruel|Scald|p1a: Scizor
|-damage|p1a: Scizor|117\/342
|move|p1a: Scizor|Defog|p2a: Tentacruel
|-unboost|p2a: Tentacruel|evasion|1
|-sideend|p1: Caralhu|Toxic Spikes|[from] move: Defog|[of] p1a: Scizor
|
|-weather|RainDance|[upkeep]
|turn|21
|
|switch|p1a: Mew|Mew|404\/404
|move|p2a: Tentacruel|Scald|p1a: Mew
|-damage|p1a: Mew|322\/404
|-status|p1a: Mew|brn
|-status|p2a: Tentacruel|brn
|
|-weather|RainDance|[upkeep]
|-heal|p1a: Mew|347\/404 brn|[from] item: Leftovers
|-damage|p2a: Tentacruel|316\/361 brn|[from] brn
|-damage|p1a: Mew|297\/404 brn|[from] brn
|turn|22
|
|move|p2a: Tentacruel|Knock Off|p1a: Mew
|-supereffective|p1a: Mew
|-damage|p1a: Mew|245\/404 brn
|-enditem|p1a: Mew|Leftovers|[from] move: Knock Off|[of] p2a: Tentacruel
|move|p1a: Mew|Swords Dance|p1a: Mew
|-boost|p1a: Mew|atk|2
|
|-weather|RainDance|[upkeep]
|-heal|p2a: Tentacruel|338\/361 brn|[from] item: Black Sludge
|-damage|p2a: Tentacruel|293\/361 brn|[from] brn
|-damage|p1a: Mew|195\/404 brn|[from] brn
|turn|23
|
|switch|p2a: Skarmory|Skarmory, F|270\/334
|move|p1a: Mew|Swords Dance|p1a: Mew
|-boost|p1a: Mew|atk|2
|
|-weather|RainDance|[upkeep]
|-damage|p1a: Mew|145\/404 brn|[from] brn
|turn|24
|
|move|p1a: Mew|Baton Pass|p1a: Mew
|
|switch|p1a: Kabutops|Kabutops, M|262\/262
|move|p2a: Skarmory|Whirlwind|p1a: Kabutops
|drag|p1a: Mew|Mew|145\/404 brn
|
|-weather|RainDance|[upkeep]
|-damage|p1a: Mew|95\/404 brn|[from] brn
|turn|25
|
|move|p1a: Mew|Baton Pass|p1a: Mew
|
|switch|p1a: Kabutops|Kabutops, M|262\/262
|move|p2a: Skarmory|Spikes|p1a: Kabutops
|-sidestart|p1: Caralhu|Spikes
|
|-weather|none
|turn|26
|-message|Caralhu forfeited.
|
|win|SoundofMadness
|raw|Ladder updating...
|raw|Caralhu's rating: 1417 &rarr; <strong>1398<\/strong><br \/>(-19 for losing)
|raw|SoundofMadness's rating: 1437 &rarr; <strong>1456<\/strong><br \/>(+19 for winning)
|leave|Caralhu
|player|p1