|join|Zenzo
|join|Caralhu
|player|p1|Zenzo|263
|player|p2|Caralhu|165
|gametype|singles
|gen|6
|tier|OU
|rated
|clearpoke
|poke|p1|Bisharp, F
|poke|p1|Venusaur, M
|poke|p1|Heatran, M
|poke|p1|Keldeo
|poke|p1|Chansey, F
|poke|p1|Skarmory, M
|poke|p2|Cresselia, F
|poke|p2|Azumarill, M
|poke|p2|Volcarona, F
|poke|p2|Latios, M
|poke|p2|Scizor, M
|poke|p2|Landorus-Therian, M
|rule|Swagger Clause: Swagger is banned
|rule|Baton Pass Clause: Limit one Pokémon knowing Baton Pass
|rule|Sleep Clause Mod: Limit one foe put to sleep
|rule|Species Clause: Limit one of each Pokémon
|rule|OHKO Clause: OHKO moves are banned
|rule|Moody Clause: Moody is banned
|rule|Evasion Moves Clause: Evasion moves are banned
|rule|Endless Battle Clause: Forcing endless battles is banned
|rule|HP Percentage Mod: HP is shown in percentages
|teampreview
|join|Honchkrow love
|
|start
|switch|p1a: Heatran|Heatran, M|386\/386
|switch|p2a: Latios|Latios, M|302\/302
|-item|p1a: Heatran|Air Balloon
|turn|1
|
|move|p2a: Latios|Surf|p1a: Heatran
|-supereffective|p1a: Heatran
|-damage|p1a: Heatran|142\/386
|-enditem|p1a: Heatran|Air Balloon
|-damage|p2a: Latios|272\/302|[from] item: Life Orb
|move|p1a: Heatran|Toxic|p2a: Latios
|-status|p2a: Latios|tox
|
|-damage|p2a: Latios|254\/302 tox|[from] psn
|turn|2
|
|switch|p2a: Landorus-Therian|Landorus-Therian, M|320\/320
|-ability|p2a: Landorus-Therian|Intimidate|[of] p1a: Heatran
|-unboost|p1a: Heatran|atk|1
|switch|p1a: Chansey|Chansey, F|704\/704
|
|turn|3
|
|switch|p1a: Skarmory|Skarmory, M|334\/334
|move|p2a: Landorus-Therian|Superpower|p1a: Skarmory
|-damage|p1a: Skarmory|245\/334
|-damage|p2a: Landorus-Therian|267\/320|[from] item: Rocky Helmet|[of] p1a: Skarmory
|-unboost|p2a: Landorus-Therian|atk|1
|-unboost|p2a: Landorus-Therian|def|1
|
|turn|4
|
|switch|p2a: Scizor|Scizor, M|344\/344
|switch|p1a: Keldeo|Keldeo|323\/323
|
|turn|5
|
|switch|p2a: Azumarill|Azumarill, M|404\/404
|move|p1a: Keldeo|Scald|p2a: Azumarill
|-resisted|p2a: Azumarill
|-damage|p2a: Azumarill|320\/404
|-status|p2a: Azumarill|brn
|
|-damage|p2a: Azumarill|270\/404 brn|[from] brn
|turn|6
|c| Honchkrow love|ez burn
|c|★Zenzo|first time in a week that's happened.
|
|switch|p1a: Venusaur|Venusaur, M|364\/364
|switch|p2a: Latios|Latios, M|254\/302 tox
|
|-damage|p2a: Latios|236\/302 tox|[from] psn
|turn|7
|
|switch|p1a: Chansey|Chansey, F|704\/704
|move|p2a: Latios|Psyshock|p1a: Chansey
|-damage|p1a: Chansey|454\/704
|-damage|p2a: Latios|206\/302 tox|[from] item: Life Orb
|
|-damage|p2a: Latios|170\/302 tox|[from] psn
|turn|8
|
|switch|p2a: Landorus-Therian|Landorus-Therian, M|267\/320
|-ability|p2a: Landorus-Therian|Intimidate|[of] p1a: Chansey
|-unboost|p1a: Chansey|atk|1
|move|p1a: Chansey|Soft-Boiled|p1a: Chansey
|-heal|p1a: Chansey|704\/704
|
|turn|9
|
|switch|p1a: Skarmory|Skarmory, M|245\/334
|move|p2a: Landorus-Therian|U-turn|p1a: Skarmory
|-resisted|p1a: Skarmory
|-damage|p1a: Skarmory|231\/334
|-damage|p2a: Landorus-Therian|214\/320|[from] item: Rocky Helmet|[of] p1a: Skarmory
|
|switch|p2a: Scizor|Scizor, M|344\/344
|
|turn|10
|
|switch|p1a: Venusaur|Venusaur, M|364\/364
|detailschange|p2a: Scizor|Scizor-Mega, M
|message|Scizor has Mega Evolved into Mega Scizor!
|move|p2a: Scizor|Swords Dance|p2a: Scizor
|-boost|p2a: Scizor|atk|2
|
|turn|11
|
|detailschange|p1a: Venusaur|Venusaur-Mega, M
|message|Venusaur has Mega Evolved into Mega Venusaur!
|move|p1a: Venusaur|Hidden Power|p2a: Scizor
|-supereffective|p2a: Scizor
|-damage|p2a: Scizor|112\/344
|move|p2a: Scizor|Swords Dance|p2a: Scizor
|-boost|p2a: Scizor|atk|2
|
|turn|12
|
|move|p2a: Scizor|Bullet Punch|p1a: Venusaur
|-damage|p1a: Venusaur|123\/364
|move|p1a: Venusaur|Hidden Power|p2a: Scizor
|-supereffective|p2a: Scizor
|-damage|p2a: Scizor|0 fnt
|faint|p2a: Scizor
|
|
|switch|p2a: Cresselia|Cresselia, F|444\/444
|turn|13
|
|switch|p1a: Bisharp|Bisharp, F|334\/334
|move|p2a: Cresselia|Thunder Wave|p1a: Bisharp
|-status|p1a: Bisharp|par
|
|turn|14
|
|switch|p2a: Volcarona|Volcarona, F|312\/312
|move|p1a: Bisharp|Knock Off|p2a: Volcarona
|-damage|p2a: Volcarona|44\/312
|-enditem|p2a: Volcarona|Lum Berry|[from] move: Knock Off|[of] p1a: Bisharp
|
|turn|15
|c|★Zenzo|that's not a counter
|
|switch|p1a: Chansey|Chansey, F|704\/704
|move|p2a: Volcarona|Fiery Dance|p1a: Chansey
|-damage|p1a: Chansey|598\/704
|
|turn|16
|
|switch|p2a: Cresselia|Cresselia, F|444\/444
|move|p1a: Chansey|Seismic Toss|p2a: Cresselia
|-damage|p2a: Cresselia|344\/444
|
|-heal|p2a: Cresselia|371\/444|[from] item: Leftovers
|turn|17
|
|switch|p1a: Heatran|Heatran, M|142\/386
|move|p2a: Cresselia|Lunar Dance|p2a: Cresselia
|faint|p2a: Cresselia
|
|
|switch|p2a: Azumarill|Azumarill, M|270\/404 brn
|-heal|p2a: Azumarill|404\/404|[from] move: Lunar Dance
|turn|18
|
|switch|p1a: Skarmory|Skarmory, M|231\/334
|move|p2a: Azumarill|Body Slam|p1a: Skarmory
|-resisted|p1a: Skarmory
|-damage|p1a: Skarmory|194\/334
|-damage|p2a: Azumarill|337\/404|[from] item: Rocky Helmet|[of] p1a: Skarmory
|
|turn|19
|
|move|p1a: Skarmory|Roost|p1a: Skarmory
|-heal|p1a: Skarmory|334\/334
|move|p2a: Azumarill|Belly Drum|p2a: Azumarill
|-damage|p2a: Azumarill|135\/404
|-setboost|p2a: Azumarill|atk|6|[from] move: Belly Drum
|-enditem|p2a: Azumarill|Sitrus Berry|[eat]
|-heal|p2a: Azumarill|236\/404|[from] item: Sitrus Berry
|
|turn|20
|
|move|p2a: Azumarill|Aqua Jet|p1a: Skarmory
|-damage|p1a: Skarmory|130\/334
|-damage|p2a: Azumarill|169\/404|[from] item: Rocky Helmet|[of] p1a: Skarmory
|move|p1a: Skarmory|Whirlwind|p2a: Azumarill
|drag|p2a: Latios|Latios, M|170\/302 tox
|
|-damage|p2a: Latios|152\/302 tox|[from] psn
|turn|21
|
|switch|p1a: Chansey|Chansey, F|598\/704
|move|p2a: Latios|Hidden Power|p1a: Chansey
|-crit|p1a: Chansey
|-damage|p1a: Chansey|504\/704
|-damage|p2a: Latios|122\/302 tox|[from] item: Life Orb
|
|-damage|p2a: Latios|86\/302 tox|[from] psn
|turn|22
|-message|Caralhu forfeited.
|
|win|Zenzo
|raw|Ladder updating...
|leave|Caralhu
|player|p2
|leave|Zenzo
|player|p1
|raw|Zenzo's rating: 1724 &rarr; <strong>1741<\/strong><br \/>(+17 for winning)
|raw|Caralhu's rating: 1674 &rarr; <strong>1657<\/strong><br \/>(-17 for losing)
|join|Zenzo