|join|Mertesacker
|join|Sunshine 92
|player|p1|Mertesacker|153
|player|p2|Sunshine 92|264
|gametype|singles
|gen|6
|tier|OU
|rated
|clearpoke
|poke|p1|Gengar, F
|poke|p1|Dragonite, M
|poke|p1|Scizor, M
|poke|p1|Manectric, M
|poke|p1|Smeargle, F
|poke|p1|Keldeo
|poke|p2|Thundurus, M
|poke|p2|Metagross
|poke|p2|Keldeo
|poke|p2|Bisharp, F
|poke|p2|Landorus-Therian, M
|poke|p2|Garchomp, F
|rule|Swagger Clause: Swagger is banned
|rule|Baton Pass Clause: Limit one Pokémon knowing Baton Pass
|rule|Sleep Clause Mod: Limit one foe put to sleep
|rule|Species Clause: Limit one of each Pokémon
|rule|OHKO Clause: OHKO moves are banned
|rule|Moody Clause: Moody is banned
|rule|Evasion Moves Clause: Evasion moves are banned
|rule|Endless Battle Clause: Forcing endless battles is banned
|rule|HP Percentage Mod: HP is shown in percentages
|teampreview
|
|start
|switch|p1a: Smeargle|Smeargle, F|314\/314
|switch|p2a: Thundurus|Thundurus, M|299\/299
|turn|1
|
|switch|p1a: Manectric|Manectric, M|281\/281
|move|p2a: Thundurus|Taunt|p1a: Manectric
|-start|p1a: Manectric|move: Taunt
|
|turn|2
|
|switch|p2a: Bisharp|Bisharp, F|291\/291
|switch|p1a: Smeargle|Smeargle, F|314\/314
|
|turn|3
|
|move|p1a: Smeargle|Spore|p2a: Bisharp
|-status|p2a: Bisharp|slp
|cant|p2a: Bisharp|slp
|
|turn|4
|
|move|p1a: Smeargle|Stealth Rock|p2a: Bisharp
|-sidestart|p2: Sunshine 92|move: Stealth Rock
|cant|p2a: Bisharp|slp
|
|turn|5
|
|move|p1a: Smeargle|Sticky Web|p2a: Bisharp
|-sidestart|p2: Sunshine 92|move: Sticky Web
|cant|p2a: Bisharp|slp
|
|turn|6
|
|switch|p1a: Keldeo|Keldeo|323\/323
|-curestatus|p2a: Bisharp|slp
|move|p2a: Bisharp|Knock Off|p1a: Keldeo
|-resisted|p1a: Keldeo
|-damage|p1a: Keldeo|200\/323
|-boost|p1a: Keldeo|atk|1|[from] ability: Justified
|-enditem|p1a: Keldeo|Leftovers|[from] move: Knock Off|[of] p2a: Bisharp
|-damage|p2a: Bisharp|262\/291|[from] item: Life Orb
|
|turn|7
|
|switch|p2a: Keldeo|Keldeo|324\/324
|-damage|p2a: Keldeo|304\/324|[from] Stealth Rock
|-activate|p2a: Keldeo|move: Sticky Web
|-unboost|p2a: Keldeo|spe|1
|move|p1a: Keldeo|Secret Sword|p2a: Keldeo
|-damage|p2a: Keldeo|133\/324
|
|turn|8
|
|switch|p2a: Thundurus|Thundurus, M|299\/299
|-damage|p2a: Thundurus|225\/299|[from] Stealth Rock
|move|p1a: Keldeo|Secret Sword|p2a: Thundurus
|-resisted|p2a: Thundurus
|-damage|p2a: Thundurus|118\/299
|
|turn|9
|
|switch|p2a: Landorus-Therian|Landorus-Therian, M|320\/320
|-damage|p2a: Landorus-Therian|280\/320|[from] Stealth Rock
|-ability|p2a: Landorus-Therian|Intimidate|[of] p1a: Keldeo
|-unboost|p1a: Keldeo|atk|1
|move|p1a: Keldeo|Icy Wind|p2a: Landorus-Therian
|-supereffective|p2a: Landorus-Therian
|-damage|p2a: Landorus-Therian|0 fnt
|faint|p2a: Landorus-Therian
|
|
|switch|p2a: Thundurus|Thundurus, M|118\/299
|-damage|p2a: Thundurus|44\/299|[from] Stealth Rock
|turn|10
|
|switch|p1a: Manectric|Manectric, M|281\/281
|move|p2a: Thundurus|Volt Switch|p1a: Manectric
|-boost|p1a: Manectric|spa|1|[from] ability: Lightning Rod
|
|turn|11
|-message|Sunshine 92 forfeited.
|leave|Sunshine 92
|
|win|Mertesacker
|raw|Ladder updating...
|player|p2
|raw|Mertesacker's rating: 1225 &rarr; <strong>1251<\/strong><br \/>(+26 for winning)
|raw|Sunshine 92's rating: 1240 &rarr; <strong>1214<\/strong><br \/>(-26 for losing)