|join|ProtonFlaring
|join|Gripper
|player|p1|ProtonFlaring|257
|player|p2|Gripper|142
|gametype|singles
|gen|6
|tier|OU
|rated
|clearpoke
|poke|p1|Scizor, M
|poke|p1|Empoleon, M
|poke|p1|Victini
|poke|p1|Sylveon, F
|poke|p1|Raikou, shiny
|poke|p1|Hydreigon, M
|poke|p2|Gliscor, M
|poke|p2|Venusaur, F
|poke|p2|Hippowdon, F
|poke|p2|Jirachi
|poke|p2|Tentacruel, F
|poke|p2|Rotom-Wash
|rule|Swagger Clause: Swagger is banned
|rule|Baton Pass Clause: Limit one Pokémon knowing Baton Pass
|rule|Sleep Clause Mod: Limit one foe put to sleep
|rule|Species Clause: Limit one of each Pokémon
|rule|OHKO Clause: OHKO moves are banned
|rule|Moody Clause: Moody is banned
|rule|Evasion Moves Clause: Evasion moves are banned
|rule|Endless Battle Clause: Forcing endless battles is banned
|rule|HP Percentage Mod: HP is shown in percentages
|teampreview
|
|start
|switch|p1a: Empoleon|Empoleon, M|371\/371
|switch|p2a: Wus|Rotom-Wash|304\/304
|turn|1
|
|switch|p1a: Raikou|Raikou, shiny|321\/321
|-ability|p1a: Raikou|Pressure
|move|p2a: Wus|Volt Switch|p1a: Raikou
|-crit|p1a: Raikou
|-resisted|p1a: Raikou
|-damage|p1a: Raikou|255\/321
|
|switch|p2a: Grippah|Gliscor, M|352\/352
|
|-status|p2a: Grippah|tox|[from] item: Toxic Orb
|turn|2
|
|switch|p1a: Hydreigon|Hydreigon, M|325\/325
|switch|p2a: Koala|Jirachi|404\/404
|
|turn|3
|
|move|p1a: Hydreigon|Dark Pulse|p2a: Koala
|-supereffective|p2a: Koala
|-damage|p2a: Koala|115\/404
|-damage|p1a: Hydreigon|293\/325|[from] item: Life Orb
|move|p2a: Koala|Wish|p2a: Koala
|
|-heal|p2a: Koala|140\/404|[from] item: Leftovers
|turn|4
|
|move|p2a: Koala|Protect|p2a: Koala
|-singleturn|p2a: Koala|Protect
|move|p1a: Hydreigon|Dark Pulse|p2a: Koala
|-activate|p2a: Koala|Protect
|
|-heal|p2a: Koala|342\/404|[from] move: Wish|[wisher] Koala
|-heal|p2a: Koala|367\/404|[from] item: Leftovers
|turn|5
|
|switch|p2a: Tentukles|Tentacruel, F|364\/364
|move|p1a: Hydreigon|Earth Power|p2a: Tentukles
|-supereffective|p2a: Tentukles
|-damage|p2a: Tentukles|185\/364
|-unboost|p2a: Tentukles|spd|1
|-damage|p1a: Hydreigon|261\/325|[from] item: Life Orb
|
|-heal|p2a: Tentukles|207\/364|[from] item: Black Sludge
|turn|6
|join|shit bus
|
|switch|p2a: Grippah|Gliscor, M|352\/352 tox
|move|p1a: Hydreigon|Earth Power|p2a: Grippah
|-immune|p2a: Grippah|[msg]
|
|turn|7
|
|move|p1a: Hydreigon|Dark Pulse|p2a: Grippah
|-damage|p2a: Grippah|173\/352 tox
|-damage|p1a: Hydreigon|229\/325|[from] item: Life Orb
|move|p2a: Grippah|Knock Off|p1a: Hydreigon
|-resisted|p1a: Hydreigon
|-damage|p1a: Hydreigon|190\/325
|-enditem|p1a: Hydreigon|Life Orb|[from] move: Knock Off|[of] p2a: Grippah
|
|-heal|p2a: Grippah|217\/352 tox|[from] ability: Poison Heal
|turn|8
|
|switch|p2a: Hippopotamut|Hippowdon, F|420\/420
|-weather|Sandstorm
|move|p1a: Hydreigon|Draco Meteor|p2a: Hippopotamut
|-damage|p2a: Hippopotamut|126\/420
|-unboost|p1a: Hydreigon|spa|2
|
|-weather|Sandstorm|[upkeep]
|-damage|p1a: Hydreigon|170\/325|[from] sandstorm
|-heal|p2a: Hippopotamut|152\/420|[from] item: Leftovers
|turn|9
|
|move|p1a: Hydreigon|Draco Meteor|p2a: Hippopotamut|[miss]
|-miss|p1a: Hydreigon|p2a: Hippopotamut
|move|p2a: Hippopotamut|Slack Off|p2a: Hippopotamut
|-heal|p2a: Hippopotamut|362\/420
|
|-weather|Sandstorm|[upkeep]
|-damage|p1a: Hydreigon|150\/325|[from] sandstorm
|-heal|p2a: Hippopotamut|388\/420|[from] item: Leftovers
|turn|10
|c|★Gripper|don't worry
|c|★Gripper|you got max damage the first time
|
|switch|p1a: Empoleon|Empoleon, M|371\/371
|move|p2a: Hippopotamut|Stealth Rock|p1a: Empoleon
|-sidestart|p1: ProtonFlaring|move: Stealth Rock
|
|-weather|Sandstorm|[upkeep]
|-heal|p2a: Hippopotamut|414\/420|[from] item: Leftovers
|turn|11
|
|move|p1a: Empoleon|Aqua Jet|p2a: Hippopotamut
|-supereffective|p2a: Hippopotamut
|-damage|p2a: Hippopotamut|302\/420
|-damage|p1a: Empoleon|334\/371|[from] item: Life Orb
|move|p2a: Hippopotamut|Earthquake|p1a: Empoleon
|-supereffective|p1a: Empoleon
|-damage|p1a: Empoleon|38\/371
|
|-weather|Sandstorm|[upkeep]
|-heal|p2a: Hippopotamut|328\/420|[from] item: Leftovers
|turn|12
|c|★Gripper|look at this fucking lord
|
|switch|p2a: Petallic taste|Venusaur, F|359\/359
|move|p1a: Empoleon|Aqua Jet|p2a: Petallic taste
|-resisted|p2a: Petallic taste
|-damage|p2a: Petallic taste|314\/359
|-damage|p1a: Empoleon|1\/371|[from] item: Life Orb
|
|-weather|none
|turn|13
|
|detailschange|p2a: Petallic taste|Venusaur-Mega, F
|-mega|p2a: Petallic taste|Venusaur|Venusaurite
|move|p2a: Petallic taste|Hidden Power|p1a: Empoleon
|-damage|p1a: Empoleon|0 fnt
|faint|p1a: Empoleon
|
|
|switch|p1a: Raikou|Raikou, shiny|255\/321
|-damage|p1a: Raikou|215\/321|[from] Stealth Rock
|-ability|p1a: Raikou|Pressure
|turn|14
|
|move|p1a: Raikou|Extrasensory|p2a: Petallic taste
|-supereffective|p2a: Petallic taste
|-damage|p2a: Petallic taste|126\/359
|cant|p2a: Petallic taste|flinch
|
|turn|15
|
|switch|p2a: Koala|Jirachi|367\/404
|move|p1a: Raikou|Extrasensory|p2a: Koala
|-resisted|p2a: Koala
|-damage|p2a: Koala|349\/404
|
|-heal|p2a: Koala|374\/404|[from] item: Leftovers
|turn|16
|
|move|p1a: Raikou|Volt Switch|p2a: Koala
|-damage|p2a: Koala|272\/404
|
|switch|p1a: Victini|Victini|341\/341
|-damage|p1a: Victini|256\/341|[from] Stealth Rock
|move|p2a: Koala|Wish|p2a: Koala
|
|-heal|p2a: Koala|297\/404|[from] item: Leftovers
|turn|17
|
|switch|p2a: Hippopotamut|Hippowdon, F|328\/420
|-weather|Sandstorm
|move|p1a: Victini|U-turn|p2a: Hippopotamut
|-damage|p2a: Hippopotamut|275\/420
|
|switch|p1a: Hydreigon|Hydreigon, M|150\/325
|-damage|p1a: Hydreigon|110\/325|[from] Stealth Rock
|
|-weather|Sandstorm|[upkeep]
|-damage|p1a: Hydreigon|90\/325|[from] sandstorm
|-heal|p2a: Hippopotamut|420\/420|[from] move: Wish|[wisher] Koala
|turn|18
|
|move|p1a: Hydreigon|Dark Pulse|p2a: Hippopotamut
|-damage|p2a: Hippopotamut|237\/420
|move|p2a: Hippopotamut|Slack Off|p2a: Hippopotamut
|-heal|p2a: Hippopotamut|420\/420
|
|-weather|Sandstorm|[upkeep]
|-damage|p1a: Hydreigon|70\/325|[from] sandstorm
|turn|19
|
|move|p1a: Hydreigon|Draco Meteor|p2a: Hippopotamut|[miss]
|-miss|p1a: Hydreigon|p2a: Hippopotamut
|move|p2a: Hippopotamut|Stone Edge|p1a: Hydreigon|[miss]
|-miss|p2a: Hippopotamut|p1a: Hydreigon
|
|-weather|Sandstorm|[upkeep]
|-damage|p1a: Hydreigon|50\/325|[from] sandstorm
|turn|20
|
|move|p1a: Hydreigon|Dark Pulse|p2a: Hippopotamut
|-damage|p2a: Hippopotamut|246\/420
|move|p2a: Hippopotamut|Slack Off|p2a: Hippopotamut
|-heal|p2a: Hippopotamut|420\/420
|
|-weather|Sandstorm|[upkeep]
|-damage|p1a: Hydreigon|30\/325|[from] sandstorm
|turn|21
|
|move|p1a: Hydreigon|Draco Meteor|p2a: Hippopotamut
|-damage|p2a: Hippopotamut|144\/420
|-unboost|p1a: Hydreigon|spa|2
|move|p2a: Hippopotamut|Stone Edge|p1a: Hydreigon
|-damage|p1a: Hydreigon|0 fnt
|faint|p1a: Hydreigon
|
|-weather|none
|-heal|p2a: Hippopotamut|170\/420|[from] item: Leftovers
|
|switch|p1a: Scizor|Scizor, M|343\/343
|-damage|p1a: Scizor|301\/343|[from] Stealth Rock
|turn|22
|
|switch|p2a: Wus|Rotom-Wash|304\/304
|detailschange|p1a: Scizor|Scizor-Mega, M
|-mega|p1a: Scizor|Scizor|Scizorite
|move|p1a: Scizor|Swords Dance|p1a: Scizor
|-boost|p1a: Scizor|atk|2
|
|turn|23
|
|move|p2a: Wus|Will-O-Wisp|p1a: Scizor
|-status|p1a: Scizor|brn
|move|p1a: Scizor|Superpower|p2a: Wus
|-damage|p2a: Wus|194\/304
|-unboost|p1a: Scizor|atk|1
|-unboost|p1a: Scizor|def|1
|
|-heal|p2a: Wus|213\/304|[from] item: Leftovers
|-damage|p1a: Scizor|259\/343 brn|[from] brn
|turn|24
|
|switch|p1a: Sylveon|Sylveon, F|393\/393
|-damage|p1a: Sylveon|344\/393|[from] Stealth Rock
|move|p2a: Wus|Hydro Pump|p1a: Sylveon
|-damage|p1a: Sylveon|236\/393
|
|-heal|p2a: Wus|232\/304|[from] item: Leftovers
|turn|25
|
|move|p2a: Wus|Volt Switch|p1a: Sylveon
|-damage|p1a: Sylveon|161\/393
|
|switch|p2a: Tentukles|Tentacruel, F|207\/364
|move|p1a: Sylveon|Wish|p1a: Sylveon
|
|-heal|p2a: Tentukles|229\/364|[from] item: Black Sludge
|turn|26
|
|switch|p1a: Scizor|Scizor-Mega, M|259\/343 brn
|-damage|p1a: Scizor|217\/343 brn|[from] Stealth Rock
|move|p2a: Tentukles|Knock Off|p1a: Scizor
|-damage|p1a: Scizor|195\/343 brn
|
|-heal|p1a: Scizor|343\/343 brn|[from] move: Wish|[wisher] Sylveon
|-heal|p2a: Tentukles|251\/364|[from] item: Black Sludge
|-damage|p1a: Scizor|301\/343 brn|[from] brn
|turn|27
|
|switch|p2a: Petallic taste|Venusaur-Mega, F|126\/359
|move|p1a: Scizor|U-turn|p2a: Petallic taste
|-damage|p2a: Petallic taste|69\/359
|
|switch|p1a: Victini|Victini|256\/341
|-damage|p1a: Victini|171\/341|[from] Stealth Rock
|
|turn|28
|
|switch|p2a: Grippah|Gliscor, M|217\/352 tox
|move|p1a: Victini|Zen Headbutt|p2a: Grippah
|-damage|p2a: Grippah|105\/352 tox
|
|-heal|p2a: Grippah|149\/352 tox|[from] ability: Poison Heal
|turn|29
|
|move|p1a: Victini|V-create|p2a: Grippah
|-damage|p2a: Grippah|0 fnt
|-unboost|p1a: Victini|def|1
|-unboost|p1a: Victini|spd|1
|-unboost|p1a: Victini|spe|1
|faint|p2a: Grippah
|
|
|switch|p2a: Wus|Rotom-Wash|232\/304
|turn|30
|
|switch|p1a: Sylveon|Sylveon, F|161\/393
|-damage|p1a: Sylveon|112\/393|[from] Stealth Rock
|move|p2a: Wus|Hydro Pump|p1a: Sylveon|[miss]
|-miss|p2a: Wus|p1a: Sylveon
|
|-heal|p2a: Wus|251\/304|[from] item: Leftovers
|turn|31
|
|switch|p2a: Petallic taste|Venusaur-Mega, F|69\/359
|move|p1a: Sylveon|Wish|p1a: Sylveon
|
|turn|32
|
|switch|p1a: Victini|Victini|171\/341
|-damage|p1a: Victini|86\/341|[from] Stealth Rock
|move|p2a: Petallic taste|Synthesis|p2a: Petallic taste
|-heal|p2a: Petallic taste|248\/359
|
|-heal|p1a: Victini|282\/341|[from] move: Wish|[wisher] Sylveon
|turn|33
|
|switch|p2a: Wus|Rotom-Wash|251\/304
|move|p1a: Victini|Zen Headbutt|p2a: Wus
|-damage|p2a: Wus|161\/304
|
|-heal|p2a: Wus|180\/304|[from] item: Leftovers
|turn|34
|
|move|p1a: Victini|U-turn|p2a: Wus
|-damage|p2a: Wus|131\/304
|
|switch|p1a: Raikou|Raikou, shiny|215\/321
|-damage|p1a: Raikou|175\/321|[from] Stealth Rock
|-ability|p1a: Raikou|Pressure
|move|p2a: Wus|Hydro Pump|p1a: Raikou|[miss]
|-miss|p2a: Wus|p1a: Raikou
|
|-heal|p2a: Wus|150\/304|[from] item: Leftovers
|turn|35
|
|switch|p2a: Koala|Jirachi|297\/404
|move|p1a: Raikou|Extrasensory|p2a: Koala
|-resisted|p2a: Koala
|-damage|p2a: Koala|278\/404
|
|-heal|p2a: Koala|303\/404|[from] item: Leftovers
|turn|36
|
|move|p1a: Raikou|Volt Switch|p2a: Koala
|-damage|p2a: Koala|207\/404
|
|switch|p1a: Scizor|Scizor-Mega, M|301\/343 brn
|-damage|p1a: Scizor|259\/343 brn|[from] Stealth Rock
|move|p2a: Koala|Wish|p2a: Koala
|
|-heal|p2a: Koala|232\/404|[from] item: Leftovers
|-damage|p1a: Scizor|217\/343 brn|[from] brn
|turn|37
|
|switch|p2a: Wus|Rotom-Wash|150\/304
|move|p1a: Scizor|Swords Dance|p1a: Scizor
|-boost|p1a: Scizor|atk|2
|
|-heal|p2a: Wus|304\/304|[from] move: Wish|[wisher] Koala
|-damage|p1a: Scizor|175\/343 brn|[from] brn
|turn|38
|
|move|p2a: Wus|Hydro Pump|p1a: Scizor
|-damage|p1a: Scizor|40\/343 brn
|move|p1a: Scizor|Swords Dance|p1a: Scizor
|-boost|p1a: Scizor|atk|2
|
|-damage|p1a: Scizor|0 fnt|[from] brn
|faint|p1a: Scizor
|
|switch|p1a: Raikou|Raikou, shiny|175\/321
|-damage|p1a: Raikou|135\/321|[from] Stealth Rock
|-ability|p1a: Raikou|Pressure
|turn|39
|
|move|p1a: Raikou|Thunderbolt|p2a: Wus
|-damage|p2a: Wus|145\/304
|move|p2a: Wus|Volt Switch|p1a: Raikou
|-resisted|p1a: Raikou
|-damage|p1a: Raikou|84\/321
|
|switch|p2a: Koala|Jirachi|232\/404
|
|-heal|p2a: Koala|257\/404|[from] item: Leftovers
|turn|40
|
|move|p1a: Raikou|Thunderbolt|p2a: Koala
|-damage|p2a: Koala|136\/404
|-status|p2a: Koala|par
|move|p2a: Koala|Toxic|p1a: Raikou
|-status|p1a: Raikou|tox
|
|-heal|p2a: Koala|161\/404 par|[from] item: Leftovers
|-damage|p1a: Raikou|64\/321 tox|[from] psn
|turn|41
|
|switch|p2a: Hippopotamut|Hippowdon, F|170\/420
|-weather|Sandstorm
|move|p1a: Raikou|Thunderbolt|p2a: Hippopotamut
|-immune|p2a: Hippopotamut|[msg]
|
|-weather|Sandstorm|[upkeep]
|-damage|p1a: Raikou|44\/321 tox|[from] sandstorm
|-heal|p2a: Hippopotamut|196\/420|[from] item: Leftovers
|-damage|p1a: Raikou|4\/321 tox|[from] psn
|turn|42
|
|move|p1a: Raikou|Extrasensory|p2a: Hippopotamut
|-crit|p2a: Hippopotamut
|-damage|p2a: Hippopotamut|13\/420
|move|p2a: Hippopotamut|Slack Off|p2a: Hippopotamut
|-heal|p2a: Hippopotamut|223\/420
|
|-weather|Sandstorm|[upkeep]
|-damage|p1a: Raikou|0 fnt|[from] sandstorm
|-heal|p2a: Hippopotamut|249\/420|[from] item: Leftovers
|faint|p1a: Raikou
|
|switch|p1a: Sylveon|Sylveon, F|112\/393
|-damage|p1a: Sylveon|63\/393|[from] Stealth Rock
|turn|43
|
|switch|p2a: Petallic taste|Venusaur-Mega, F|248\/359
|move|p1a: Sylveon|Wish|p1a: Sylveon
|
|-weather|Sandstorm|[upkeep]
|-damage|p2a: Petallic taste|226\/359|[from] sandstorm
|-damage|p1a: Sylveon|39\/393|[from] sandstorm
|turn|44
|
|move|p2a: Petallic taste|Sludge Bomb|p1a: Sylveon
|-supereffective|p1a: Sylveon
|-damage|p1a: Sylveon|0 fnt
|faint|p1a: Sylveon
|
|-weather|Sandstorm|[upkeep]
|-damage|p2a: Petallic taste|204\/359|[from] sandstorm
|
|switch|p1a: Victini|Victini|282\/341
|-damage|p1a: Victini|197\/341|[from] Stealth Rock
|turn|45
|
|switch|p2a: Koala|Jirachi|161\/404 par
|move|p1a: Victini|Zen Headbutt|p2a: Koala
|-resisted|p2a: Koala
|-damage|p2a: Koala|128\/404 par
|
|-weather|none
|-heal|p2a: Koala|153\/404 par|[from] item: Leftovers
|turn|46
|c|★Gripper|one of the worst games I've ever had the misfortune of playing
|
|move|p1a: Victini|Bolt Strike|p2a: Koala
|-crit|p2a: Koala
|-damage|p2a: Koala|0 fnt
|faint|p2a: Koala
|
|
|switch|p2a: Hippopotamut|Hippowdon, F|249\/420
|-weather|Sandstorm
|turn|47
|
|move|p1a: Victini|Zen Headbutt|p2a: Hippopotamut
|-crit|p2a: Hippopotamut
|-damage|p2a: Hippopotamut|99\/420
|move|p2a: Hippopotamut|Earthquake|p1a: Victini
|-supereffective|p1a: Victini
|-damage|p1a: Victini|0 fnt
|faint|p1a: Victini
|
|win|Gripper
|raw|Ladder updating...
|raw|ProtonFlaring's rating: 1323 &rarr; <strong>1302<\/strong><br \/>(-21 for losing)
|raw|Gripper's rating: 1305 &rarr; <strong>1326<\/strong><br \/>(+21 for winning)