|join|In Your Window
|join|subzeromk
|player|p1|In Your Window|266
|player|p2|subzeromk|20
|gametype|singles
|gen|6
|tier|OU
|rated
|clearpoke
|poke|p1|Beedrill, F
|poke|p1|Magnezone
|poke|p1|Garchomp, F
|poke|p1|Diggersby, F
|poke|p1|Latias, F
|poke|p1|Azumarill, F
|poke|p2|Garchomp, F
|poke|p2|Sylveon, M
|poke|p2|Heracross, M
|poke|p2|Breloom, F
|poke|p2|Bisharp, M
|poke|p2|Tyranitar, F
|rule|Swagger Clause: Swagger is banned
|rule|Baton Pass Clause: Limit one Pokémon knowing Baton Pass
|rule|Sleep Clause Mod: Limit one foe put to sleep
|rule|Species Clause: Limit one of each Pokémon
|rule|OHKO Clause: OHKO moves are banned
|rule|Moody Clause: Moody is banned
|rule|Evasion Moves Clause: Evasion moves are banned
|rule|Endless Battle Clause: Forcing endless battles is banned
|rule|HP Percentage Mod: HP is shown in percentages
|teampreview
|join|Hellfire♣Chainy
|
|start
|switch|p1a: Magnezone|Magnezone|281\/281
|switch|p2a: Garchomp|Garchomp, F|419\/419
|turn|1
|
|switch|p1a: Azumarill|Azumarill, F|401\/401
|move|p2a: Garchomp|Stealth Rock|p1a: Azumarill
|-sidestart|p1: In Your Window|move: Stealth Rock
|
|turn|2
|
|move|p2a: Garchomp|Earthquake|p1a: Azumarill
|-damage|p1a: Azumarill|220\/401
|move|p1a: Azumarill|Play Rough|p2a: Garchomp
|-supereffective|p2a: Garchomp
|-damage|p2a: Garchomp|137\/419
|-damage|p1a: Azumarill|170\/401|[from] ability: Rough Skin|[of] p2a: Garchomp
|-damage|p1a: Azumarill|104\/401|[from] item: Rocky Helmet|[of] p2a: Garchomp
|
|turn|3
|
|switch|p1a: Latias|Latias, F|309\/309
|-damage|p1a: Latias|271\/309|[from] Stealth Rock
|move|p2a: Garchomp|Earthquake|p1a: Latias
|-immune|p1a: Latias|[msg]
|
|turn|4
|
|switch|p2a: Tyranitar|Tyranitar, F|404\/404
|-weather|Sandstorm
|move|p1a: Latias|Defog|p2a: Tyranitar
|-unboost|p2a: Tyranitar|evasion|1
|-sideend|p1: In Your Window|Stealth Rock|[from] move: Defog|[of] p1a: Latias
|
|-weather|Sandstorm|[upkeep]
|-damage|p1a: Latias|252\/309|[from] sandstorm
|turn|5
|
|move|p1a: Latias|Healing Wish|p1a: Latias
|faint|p1a: Latias
|move|p2a: Tyranitar|Pursuit|p1: Latias|[notarget]
|-notarget
|
|-weather|Sandstorm|[upkeep]
|
|switch|p1a: Azumarill|Azumarill, F|104\/401
|-heal|p1a: Azumarill|401\/401|[from] move: Healing Wish
|turn|6
|
|switch|p2a: Garchomp|Garchomp, F|137\/419
|move|p1a: Azumarill|Play Rough|p2a: Garchomp
|-supereffective|p2a: Garchomp
|-damage|p2a: Garchomp|0 fnt
|-damage|p1a: Azumarill|351\/401|[from] ability: Rough Skin|[of] p2a: Garchomp
|-damage|p1a: Azumarill|285\/401|[from] item: Rocky Helmet|[of] p2a: Garchomp
|faint|p2a: Garchomp
|
|-weather|Sandstorm|[upkeep]
|-damage|p1a: Azumarill|260\/401|[from] sandstorm
|
|switch|p2a: Breloom|Breloom, F|262\/262
|turn|7
|
|switch|p1a: Magnezone|Magnezone|281\/281
|move|p2a: Breloom|Bullet Seed|p1a: Magnezone
|-crit|p1a: Magnezone
|-resisted|p1a: Magnezone
|-damage|p1a: Magnezone|226\/281
|-resisted|p1a: Magnezone
|-damage|p1a: Magnezone|187\/281
|-resisted|p1a: Magnezone
|-damage|p1a: Magnezone|152\/281
|-hitcount|p1a: Magnezone|3
|-damage|p2a: Breloom|236\/262|[from] item: Life Orb
|
|-weather|Sandstorm|[upkeep]
|-damage|p2a: Breloom|220\/262|[from] sandstorm
|turn|8
|
|switch|p1a: Garchomp|Garchomp, F|357\/357
|move|p2a: Breloom|Mach Punch|p1a: Garchomp
|-damage|p1a: Garchomp|217\/357
|-damage|p2a: Breloom|188\/262|[from] ability: Rough Skin|[of] p1a: Garchomp
|-damage|p2a: Breloom|162\/262|[from] item: Life Orb
|
|-weather|none
|turn|9
|
|switch|p2a: Tyranitar|Tyranitar, F|404\/404
|-weather|Sandstorm
|move|p1a: Garchomp|Stealth Rock|p2a: Tyranitar
|-sidestart|p2: subzeromk|move: Stealth Rock
|
|-weather|Sandstorm|[upkeep]
|turn|10
|
|switch|p1a: Magnezone|Magnezone|152\/281
|move|p2a: Tyranitar|Ice Beam|p1a: Magnezone
|-resisted|p1a: Magnezone
|-damage|p1a: Magnezone|112\/281
|
|-weather|Sandstorm|[upkeep]
|turn|11
|
|move|p1a: Magnezone|Volt Switch|p2a: Tyranitar
|-damage|p2a: Tyranitar|340\/404
|
|switch|p1a: Azumarill|Azumarill, F|260\/401
|move|p2a: Tyranitar|Fire Blast|p1a: Azumarill
|-crit|p1a: Azumarill
|-resisted|p1a: Azumarill
|-damage|p1a: Azumarill|214\/401
|
|-weather|Sandstorm|[upkeep]
|-damage|p1a: Azumarill|189\/401|[from] sandstorm
|-heal|p2a: Tyranitar|365\/404|[from] item: Leftovers
|turn|12
|
|move|p2a: Tyranitar|Stone Edge|p1a: Azumarill
|-damage|p1a: Azumarill|20\/401
|move|p1a: Azumarill|Play Rough|p2a: Tyranitar
|-supereffective|p2a: Tyranitar
|-damage|p2a: Tyranitar|65\/404
|
|-weather|Sandstorm|[upkeep]
|-damage|p1a: Azumarill|0 fnt|[from] sandstorm
|-heal|p2a: Tyranitar|90\/404|[from] item: Leftovers
|faint|p1a: Azumarill
|
|switch|p1a: Beedrill|Beedrill, F|271\/271
|turn|13
|
|detailschange|p1a: Beedrill|Beedrill-Mega, F
|message|Beedrill has Mega Evolved into Mega Beedrill!
|move|p1a: Beedrill|U-turn|p2a: Tyranitar
|-supereffective|p2a: Tyranitar
|-damage|p2a: Tyranitar|0 fnt
|faint|p2a: Tyranitar
|
|switch|p1a: Garchomp|Garchomp, F|217\/357
|
|-weather|none
|
|switch|p2a: Sylveon|Sylveon, M|393\/393
|-damage|p2a: Sylveon|344\/393|[from] Stealth Rock
|turn|14
|
|switch|p1a: Magnezone|Magnezone|112\/281
|move|p2a: Sylveon|Hyper Voice|p1a: Magnezone
|-resisted|p1a: Magnezone
|-damage|p1a: Magnezone|0 fnt
|faint|p1a: Magnezone
|
|
|switch|p1a: Beedrill|Beedrill-Mega, F|271\/271
|turn|15
|
|switch|p2a: Madara|Bisharp, M|289\/289
|-damage|p2a: Madara|271\/289|[from] Stealth Rock
|move|p1a: Beedrill|Drill Run|p2a: Madara
|-crit|p2a: Madara
|-supereffective|p2a: Madara
|-damage|p2a: Madara|0 fnt
|faint|p2a: Madara
|
|join|Yoshiraptor
|
|switch|p2a: Heracross|Heracross, M|308\/308
|-damage|p2a: Heracross|270\/308|[from] Stealth Rock
|turn|16
|
|detailschange|p2a: Heracross|Heracross-Mega, M
|message|Heracross has Mega Evolved into Mega Heracross!
|move|p1a: Beedrill|U-turn|p2a: Heracross
|-resisted|p2a: Heracross
|-damage|p2a: Heracross|189\/308
|
|switch|p1a: Garchomp|Garchomp, F|217\/357
|move|p2a: Heracross|Pin Missile|p1a: Garchomp
|-damage|p1a: Garchomp|147\/357
|-damage|p1a: Garchomp|77\/357
|-damage|p1a: Garchomp|13\/357
|-damage|p1a: Garchomp|0 fnt
|-hitcount|p1a: Garchomp|4
|faint|p1a: Garchomp
|
|
|switch|p1a: Diggersby|Diggersby, F|309\/309
|turn|17
|join|Hellfire♣Yum
|
|move|p1a: Diggersby|Frustration|p2a: Heracross
|-damage|p2a: Heracross|0 fnt
|-damage|p1a: Diggersby|279\/309|[from] item: Life Orb
|faint|p2a: Heracross
|
|
|switch|p2a: Breloom|Breloom, F|162\/262
|-damage|p2a: Breloom|146\/262|[from] Stealth Rock
|turn|18
|
|move|p1a: Diggersby|Quick Attack|p2a: Breloom
|-damage|p2a: Breloom|16\/262
|-damage|p1a: Diggersby|249\/309|[from] item: Life Orb
|move|p2a: Breloom|Spore|p1a: Diggersby
|-status|p1a: Diggersby|slp
|
|turn|19
|-message|subzeromk forfeited.
|
|win|In Your Window
|raw|Ladder updating...
|leave|subzeromk
|player|p2
|leave|Hellfire♣Yum
|leave|Yoshiraptor
|raw|In Your Window's rating: 1546 &rarr; <strong>1572<\/strong><br \/>(+26 for winning)
|raw|subzeromk's rating: 1649 &rarr; <strong>1623<\/strong><br \/>(-26 for losing)