|join|subzeromk
|join|lil manaphy
|player|p1|subzeromk|20
|player|p2|lil manaphy|8
|gametype|singles
|gen|6
|tier|OU
|rated
|clearpoke
|poke|p1|Heracross, M
|poke|p1|Garchomp, M
|poke|p1|Sylveon, M
|poke|p1|Breloom, M
|poke|p1|Bisharp, M
|poke|p1|Heatran, F
|poke|p2|Lopunny, M
|poke|p2|Rotom-Wash
|poke|p2|Gothitelle, M
|poke|p2|Mandibuzz, F
|poke|p2|Heatran, M
|poke|p2|Celebi
|rule|Swagger Clause: Swagger is banned
|rule|Baton Pass Clause: Limit one Pokémon knowing Baton Pass
|rule|Sleep Clause Mod: Limit one foe put to sleep
|rule|Species Clause: Limit one of each Pokémon
|rule|OHKO Clause: OHKO moves are banned
|rule|Moody Clause: Moody is banned
|rule|Evasion Moves Clause: Evasion moves are banned
|rule|Endless Battle Clause: Forcing endless battles is banned
|rule|HP Percentage Mod: HP is shown in percentages
|teampreview
|
|start
|switch|p1a: Heracross|Heracross, M|301\/301
|switch|p2a: Mandibuzz|Mandibuzz, F|424\/424
|turn|1
|
|switch|p1a: Garchomp|Garchomp, M|420\/420
|move|p2a: Mandibuzz|Foul Play|p1a: Garchomp
|-damage|p1a: Garchomp|311\/420
|-damage|p2a: Mandibuzz|371\/424|[from] ability: Rough Skin|[of] p1a: Garchomp
|-damage|p2a: Mandibuzz|301\/424|[from] item: Rocky Helmet|[of] p1a: Garchomp
|
|-heal|p2a: Mandibuzz|327\/424|[from] item: Leftovers
|turn|2
|join|Markastan
|c| Markastan|LOL
|
|move|p1a: Garchomp|Stealth Rock|p2a: Mandibuzz
|-sidestart|p2: lil manaphy|move: Stealth Rock
|move|p2a: Mandibuzz|Taunt|p1a: Garchomp
|-start|p1a: Garchomp|move: Taunt
|
|-heal|p2a: Mandibuzz|353\/424|[from] item: Leftovers
|turn|3
|c| Markastan|sorry cpas
|
|switch|p1a: Sylveon|Sylveon, M|390\/390
|move|p2a: Mandibuzz|Defog|p1a: Sylveon
|-unboost|p1a: Sylveon|evasion|1
|-sideend|p2: lil manaphy|Stealth Rock|[from] move: Defog|[of] p2a: Mandibuzz
|
|-heal|p2a: Mandibuzz|379\/424|[from] item: Leftovers
|turn|4
|join|Oni-Sama
|
|switch|p2a: Celebi|Celebi|404\/404
|switch|p1a: Heracross|Heracross, M|301\/301
|
|turn|5
|
|switch|p2a: Heatran|Heatran, M|386\/386
|detailschange|p1a: Heracross|Heracross-Mega, M
|message|Heracross has Mega Evolved into Mega Heracross!
|move|p1a: Heracross|Pin Missile|p2a: Heatran
|-resisted|p2a: Heatran
|-damage|p2a: Heatran|372\/386
|-resisted|p2a: Heatran
|-damage|p2a: Heatran|359\/386
|-resisted|p2a: Heatran
|-damage|p2a: Heatran|344\/386
|-resisted|p2a: Heatran
|-damage|p2a: Heatran|330\/386
|-resisted|p2a: Heatran
|-damage|p2a: Heatran|317\/386
|-hitcount|p2a: Heatran|5
|
|-heal|p2a: Heatran|341\/386|[from] item: Leftovers
|turn|6
|
|move|p2a: Heatran|Protect|p2a: Heatran
|-singleturn|p2a: Heatran|Protect
|move|p1a: Heracross|Close Combat|p2a: Heatran
|-activate|p2a: Heatran|Protect
|
|-heal|p2a: Heatran|365\/386|[from] item: Leftovers
|turn|7
|
|switch|p1a: Garchomp|Garchomp, M|311\/420
|switch|p2a: Gothitelle|Gothitelle, M|301\/301
|
|turn|8
|
|move|p2a: Gothitelle|Trick|p1a: Garchomp
|-activate|p2a: Gothitelle|move: Trick|[of] p1a: Garchomp
|-item|p1a: Garchomp|Choice Scarf|[from] move: Trick
|-item|p2a: Gothitelle|Rocky Helmet|[from] move: Trick
|move|p1a: Garchomp|Stealth Rock|p2a: Gothitelle
|-sidestart|p2: lil manaphy|move: Stealth Rock
|
|turn|9
|
|move|p1a: Garchomp|Stealth Rock|p2a: Gothitelle
|-fail|p2a: Gothitelle
|move|p2a: Gothitelle|Psychic|p1a: Garchomp
|-damage|p1a: Garchomp|163\/420
|
|turn|10
|
|move|p1a: Garchomp|Stealth Rock|p2a: Gothitelle
|-fail|p2a: Gothitelle
|move|p2a: Gothitelle|Calm Mind|p2a: Gothitelle
|-boost|p2a: Gothitelle|spa|1
|-boost|p2a: Gothitelle|spd|1
|
|turn|11
|
|move|p1a: Garchomp|Stealth Rock|p2a: Gothitelle
|-fail|p2a: Gothitelle
|move|p2a: Gothitelle|Calm Mind|p2a: Gothitelle
|-boost|p2a: Gothitelle|spa|1
|-boost|p2a: Gothitelle|spd|1
|
|turn|12
|
|move|p1a: Garchomp|Stealth Rock|p2a: Gothitelle
|-fail|p2a: Gothitelle
|move|p2a: Gothitelle|Trick|p1a: Garchomp
|-activate|p2a: Gothitelle|move: Trick|[of] p1a: Garchomp
|-item|p1a: Garchomp|Rocky Helmet|[from] move: Trick
|-item|p2a: Gothitelle|Choice Scarf|[from] move: Trick
|
|turn|13
|
|move|p2a: Gothitelle|Psychic|p1a: Garchomp
|-damage|p1a: Garchomp|0 fnt
|faint|p1a: Garchomp
|
|
|switch|p1a: Madara|Bisharp, M|272\/272
|turn|14
|
|switch|p2a: Lopunny|Lopunny, M|271\/271
|-damage|p2a: Lopunny|238\/271|[from] Stealth Rock
|move|p1a: Madara|Swords Dance|p1a: Madara
|-boost|p1a: Madara|atk|2
|
|turn|15
|
|detailschange|p2a: Lopunny|Lopunny-Mega, M
|message|Lopunny has Mega Evolved into Mega Lopunny!
|move|p1a: Madara|Sucker Punch|p2a: Lopunny
|-resisted|p2a: Lopunny
|-damage|p2a: Lopunny|47\/271
|-damage|p1a: Madara|245\/272|[from] item: Life Orb
|move|p2a: Lopunny|High Jump Kick|p1a: Madara
|-supereffective|p1a: Madara
|-damage|p1a: Madara|0 fnt
|faint|p1a: Madara
|
|
|switch|p1a: Heracross|Heracross-Mega, M|301\/301
|turn|16
|leave|Oni-Sama
|
|move|p2a: Lopunny|Return|p1a: Heracross
|-damage|p1a: Heracross|142\/301
|move|p1a: Heracross|Pin Missile|p2a: Lopunny
|-resisted|p2a: Lopunny
|-damage|p2a: Lopunny|14\/271
|-resisted|p2a: Lopunny
|-damage|p2a: Lopunny|0 fnt
|-hitcount|p2a: Lopunny|2
|faint|p2a: Lopunny
|
|
|switch|p2a: Gothitelle|Gothitelle, M|301\/301
|-damage|p2a: Gothitelle|264\/301|[from] Stealth Rock
|turn|17
|
|move|p2a: Gothitelle|Psychic|p1a: Heracross
|-supereffective|p1a: Heracross
|-damage|p1a: Heracross|0 fnt
|faint|p1a: Heracross
|
|
|switch|p1a: Heatran|Heatran, F|323\/323
|-item|p1a: Heatran|Air Balloon
|turn|18
|join|CleanerThanRotom-W
|-message|subzeromk forfeited.
|
|win|lil manaphy
|raw|Ladder updating...
|leave|subzeromk
|player|p1
|raw|subzeromk's rating: 1688 &rarr; <strong>1665<\/strong><br \/>(-23 for losing)
|raw|lil manaphy's rating: 1638 &rarr; <strong>1660<\/strong><br \/>(+22 for winning)
|leave|Markastan