|join|LMay
|join|guy sensei
|player|p1|LMay|283
|player|p2|guy sensei|101
|gametype|singles
|gen|6
|tier|OU
|rated
|clearpoke
|poke|p1|Altaria, M, shiny
|poke|p1|Magnezone, shiny
|poke|p1|Greninja, M, shiny
|poke|p1|Chansey, F, shiny
|poke|p1|Gengar, M, shiny
|poke|p1|Mamoswine, M
|poke|p2|Sableye, M
|poke|p2|Talonflame, F
|poke|p2|Bisharp, F
|poke|p2|Landorus-Therian, M
|poke|p2|Magnezone
|poke|p2|Weavile, M
|rule|Swagger Clause: Swagger is banned
|rule|Baton Pass Clause: Limit one Pokémon knowing Baton Pass
|rule|Sleep Clause Mod: Limit one foe put to sleep
|rule|Species Clause: Limit one of each Pokémon
|rule|OHKO Clause: OHKO moves are banned
|rule|Moody Clause: Moody is banned
|rule|Evasion Moves Clause: Evasion moves are banned
|rule|Endless Battle Clause: Forcing endless battles is banned
|rule|HP Percentage Mod: HP is shown in percentages
|teampreview
|
|start
|switch|p1a: Silver|Altaria, M, shiny|291\/291
|switch|p2a: Sableye|Sableye, M|304\/304
|turn|1
|
|switch|p2a: Landorus-Therian|Landorus-Therian, M|379\/379
|-ability|p2a: Landorus-Therian|Intimidate|[of] p1a: Silver
|-unboost|p1a: Silver|atk|1
|detailschange|p1a: Silver|Altaria-Mega, M, shiny
|-mega|p1a: Silver|Altaria|Altarianite
|move|p1a: Silver|Frustration|p2a: Landorus-Therian
|-damage|p2a: Landorus-Therian|259\/379
|
|-heal|p2a: Landorus-Therian|282\/379|[from] item: Leftovers
|turn|2
|
|switch|p1a: Venom|Greninja, M, shiny|286\/286
|move|p2a: Landorus-Therian|U-turn|p1a: Venom
|-supereffective|p1a: Venom
|-damage|p1a: Venom|68\/286
|
|switch|p2a: Sableye|Sableye, M|304\/304
|
|turn|3
|
|detailschange|p2a: Sableye|Sableye-Mega, M
|-mega|p2a: Sableye|Sableye|Sablenite
|move|p2a: Sableye|Will-O-Wisp|p1a: Venom
|-status|p1a: Venom|brn
|move|p1a: Venom|Scald|p2a: Sableye
|-start|p1a: Venom|typechange|Water|[from] Protean
|-damage|p2a: Sableye|182\/304
|-damage|p1a: Venom|40\/286 brn|[from] item: Life Orb
|
|-damage|p1a: Venom|5\/286 brn|[from] brn
|turn|4
|
|move|p1a: Venom|Scald|p2a: Sableye
|-damage|p2a: Sableye|52\/304
|-damage|p1a: Venom|0 fnt|[from] item: Life Orb
|faint|p1a: Venom
|move|p2a: Sableye|Recover|p2a: Sableye
|-heal|p2a: Sableye|204\/304
|
|
|switch|p1a: Silver|Altaria-Mega, M, shiny|291\/291
|turn|5
|
|switch|p2a: Landorus-Therian|Landorus-Therian, M|282\/379
|-ability|p2a: Landorus-Therian|Intimidate|[of] p1a: Silver
|-unboost|p1a: Silver|atk|1
|move|p1a: Silver|Frustration|p2a: Landorus-Therian
|-damage|p2a: Landorus-Therian|173\/379
|
|-heal|p2a: Landorus-Therian|196\/379|[from] item: Leftovers
|turn|6
|
|move|p1a: Silver|Dragon Dance|p1a: Silver
|-boost|p1a: Silver|atk|1
|-boost|p1a: Silver|spe|1
|move|p2a: Landorus-Therian|Earthquake|p1a: Silver
|-damage|p1a: Silver|155\/291
|
|-heal|p2a: Landorus-Therian|219\/379|[from] item: Leftovers
|turn|7
|
|move|p1a: Silver|Roost|p1a: Silver
|-heal|p1a: Silver|291\/291
|move|p2a: Landorus-Therian|Stealth Rock|p1a: Silver
|-sidestart|p1: LMay|move: Stealth Rock
|
|-heal|p2a: Landorus-Therian|242\/379|[from] item: Leftovers
|turn|8
|
|move|p1a: Silver|Dragon Dance|p1a: Silver
|-boost|p1a: Silver|atk|1
|-boost|p1a: Silver|spe|1
|move|p2a: Landorus-Therian|Earthquake|p1a: Silver
|-crit|p1a: Silver
|-damage|p1a: Silver|66\/291
|
|-heal|p2a: Landorus-Therian|265\/379|[from] item: Leftovers
|turn|9
|
|switch|p2a: Talonflame|Talonflame, F|318\/318
|move|p1a: Silver|Roost|p1a: Silver
|-heal|p1a: Silver|212\/291
|
|turn|10
|
|move|p1a: Silver|Frustration|p2a: Talonflame
|-resisted|p2a: Talonflame
|-damage|p2a: Talonflame|93\/318
|move|p2a: Talonflame|Swords Dance|p2a: Talonflame
|-boost|p2a: Talonflame|atk|2
|
|turn|11
|
|switch|p1a: FREEZE|Chansey, F, shiny|704\/704
|-damage|p1a: FREEZE|616\/704|[from] Stealth Rock
|move|p2a: Talonflame|Brave Bird|p1a: FREEZE
|-damage|p1a: FREEZE|99\/704
|-damage|p2a: Talonflame|0 fnt|[from] recoil|[of] p1a: FREEZE
|faint|p2a: Talonflame
|
|
|switch|p2a: Weavile|Weavile, M|281\/281
|-ability|p2a: Weavile|Pressure
|turn|12
|
|move|p2a: Weavile|Knock Off|p1a: FREEZE
|-damage|p1a: FREEZE|0 fnt
|-enditem|p1a: FREEZE|Eviolite|[from] move: Knock Off|[of] p2a: Weavile
|-damage|p2a: Weavile|253\/281|[from] item: Life Orb
|faint|p1a: FREEZE
|
|
|switch|p1a: Magnum|Mamoswine, M|362\/362
|-damage|p1a: Magnum|317\/362|[from] Stealth Rock
|turn|13
|
|move|p1a: Magnum|Earthquake|p2a: Weavile
|-damage|p2a: Weavile|0 fnt
|faint|p2a: Weavile
|
|
|switch|p2a: Landorus-Therian|Landorus-Therian, M|265\/379
|-ability|p2a: Landorus-Therian|Intimidate|[of] p1a: Magnum
|-unboost|p1a: Magnum|atk|1
|turn|14
|c|★guy sensei|lol i had the win but really scarf mamo
|
|switch|p1a: Ghostic|Gengar, M, shiny|262\/262
|-damage|p1a: Ghostic|230\/262|[from] Stealth Rock
|move|p2a: Landorus-Therian|U-turn|p1a: Ghostic
|-resisted|p1a: Ghostic
|-damage|p1a: Ghostic|201\/262
|
|switch|p2a: Bisharp|Bisharp, F|271\/271
|
|-heal|p1a: Ghostic|217\/262|[from] item: Black Sludge
|turn|15
|
|move|p1a: Ghostic|Will-O-Wisp|p2a: Bisharp
|-status|p2a: Bisharp|brn
|move|p2a: Bisharp|Iron Head|p1a: Ghostic
|-damage|p1a: Ghostic|108\/262
|
|-heal|p1a: Ghostic|124\/262|[from] item: Black Sludge
|-damage|p2a: Bisharp|238\/271 brn|[from] brn
|turn|16
|
|move|p1a: Ghostic|Substitute|p1a: Ghostic
|-start|p1a: Ghostic|Substitute
|-damage|p1a: Ghostic|59\/262
|move|p2a: Bisharp|Knock Off|p1a: Ghostic
|-supereffective|p1a: Ghostic
|-end|p1a: Ghostic|Substitute
|
|-heal|p1a: Ghostic|75\/262|[from] item: Black Sludge
|-damage|p2a: Bisharp|205\/271 brn|[from] brn
|turn|17
|
|move|p1a: Ghostic|Taunt|p2a: Bisharp
|-start|p2a: Bisharp|move: Taunt
|move|p2a: Bisharp|Iron Head|p1a: Ghostic
|-damage|p1a: Ghostic|0 fnt
|faint|p1a: Ghostic
|
|-damage|p2a: Bisharp|172\/271 brn|[from] brn
|
|switch|p1a: Android|Magnezone, shiny|283\/283
|-damage|p1a: Android|266\/283|[from] Stealth Rock
|turn|18
|
|move|p2a: Bisharp|Knock Off|p1a: Android
|-damage|p1a: Android|167\/283
|-enditem|p1a: Android|Choice Specs|[from] move: Knock Off|[of] p2a: Bisharp
|move|p1a: Android|Volt Switch|p2a: Bisharp
|-damage|p2a: Bisharp|0 fnt
|faint|p2a: Bisharp
|
|switch|p1a: Magnum|Mamoswine, M|317\/362
|-damage|p1a: Magnum|272\/362|[from] Stealth Rock
|
|
|switch|p2a: Sableye|Sableye-Mega, M|204\/304
|turn|19
|
|switch|p1a: Android|Magnezone, shiny|167\/283
|-damage|p1a: Android|150\/283|[from] Stealth Rock
|move|p2a: Sableye|Will-O-Wisp|p1a: Android|[miss]
|-miss|p2a: Sableye|p1a: Android
|
|turn|20
|
|switch|p2a: Landorus-Therian|Landorus-Therian, M|265\/379
|-ability|p2a: Landorus-Therian|Intimidate|[of] p1a: Android
|-unboost|p1a: Android|atk|1
|move|p1a: Android|Flash Cannon|p2a: Landorus-Therian
|-damage|p2a: Landorus-Therian|72\/379
|
|-heal|p2a: Landorus-Therian|95\/379|[from] item: Leftovers
|turn|21
|
|move|p2a: Landorus-Therian|Earthquake|p1a: Android
|-supereffective|p1a: Android
|-damage|p1a: Android|0 fnt
|faint|p1a: Android
|
|-heal|p2a: Landorus-Therian|118\/379|[from] item: Leftovers
|
|switch|p1a: Magnum|Mamoswine, M|272\/362
|-damage|p1a: Magnum|227\/362|[from] Stealth Rock
|turn|22
|
|move|p1a: Magnum|Icicle Crash|p2a: Landorus-Therian
|-supereffective|p2a: Landorus-Therian
|-damage|p2a: Landorus-Therian|0 fnt
|faint|p2a: Landorus-Therian
|
|
|switch|p2a: Sableye|Sableye-Mega, M|204\/304
|turn|23
|
|move|p1a: Magnum|Icicle Crash|p2a: Sableye
|-damage|p2a: Sableye|87\/304
|move|p2a: Sableye|Will-O-Wisp|p1a: Magnum
|-status|p1a: Magnum|brn
|
|-damage|p1a: Magnum|182\/362 brn|[from] brn
|turn|24
|
|switch|p1a: Silver|Altaria-Mega, M, shiny|212\/291
|-damage|p1a: Silver|176\/291|[from] Stealth Rock
|switch|p2a: Magnezone|Magnezone|281\/281
|
|turn|25
|
|move|p1a: Silver|Earthquake|p2a: Magnezone
|-supereffective|p2a: Magnezone
|-damage|p2a: Magnezone|0 fnt
|faint|p2a: Magnezone
|
|-message|guy sensei forfeited.
|
|win|LMay
|raw|Ladder updating...
|leave|guy sensei
|player|p2
|raw|LMay's rating: 1581 &rarr; <strong>1601<\/strong><br \/>(+20 for winning)
|raw|guy sensei's rating: 1573 &rarr; <strong>1553<\/strong><br \/>(-20 for losing)