|join|LMay
|join|RS Dark_Killer79
|player|p1|LMay|283
|player|p2|RS Dark_Killer79|293
|gametype|singles
|gen|6
|tier|OU
|rated
|clearpoke
|poke|p1|Altaria, M, shiny
|poke|p1|Magnezone, shiny
|poke|p1|Greninja, M, shiny
|poke|p1|Chansey, F, shiny
|poke|p1|Gengar, M, shiny
|poke|p1|Mamoswine, M
|poke|p2|Landorus, M
|poke|p2|Azumarill, M
|poke|p2|Bisharp, M
|poke|p2|Gengar, M
|poke|p2|Thundurus, M
|poke|p2|Keldeo-Resolute
|rule|Swagger Clause: Swagger is banned
|rule|Baton Pass Clause: Limit one Pokémon knowing Baton Pass
|rule|Sleep Clause Mod: Limit one foe put to sleep
|rule|Species Clause: Limit one of each Pokémon
|rule|OHKO Clause: OHKO moves are banned
|rule|Moody Clause: Moody is banned
|rule|Evasion Moves Clause: Evasion moves are banned
|rule|Endless Battle Clause: Forcing endless battles is banned
|rule|HP Percentage Mod: HP is shown in percentages
|teampreview
|
|start
|switch|p1a: FREEZE|Chansey, F, shiny|704\/704
|switch|p2a: Landorus|Landorus, M|319\/319
|turn|1
|
|move|p2a: Landorus|Stealth Rock|p1a: FREEZE
|-sidestart|p1: LMay|move: Stealth Rock
|move|p1a: FREEZE|Stealth Rock|p2a: Landorus
|-sidestart|p2: RS Dark_Killer79|move: Stealth Rock
|
|turn|2
|
|move|p2a: Landorus|Explosion|p1a: FREEZE
|-damage|p1a: FREEZE|392\/704
|faint|p2a: Landorus
|move|p1a: FREEZE|Seismic Toss|p2: Landorus|[notarget]
|-notarget
|
|
|switch|p2a: Gengar|Gengar, M|261\/261
|-damage|p2a: Gengar|229\/261|[from] Stealth Rock
|turn|3
|
|switch|p1a: Android|Magnezone, shiny|283\/283
|-damage|p1a: Android|266\/283|[from] Stealth Rock
|move|p2a: Gengar|Substitute|p2a: Gengar
|-start|p2a: Gengar|Substitute
|-damage|p2a: Gengar|164\/261
|
|-heal|p2a: Gengar|180\/261|[from] item: Black Sludge
|turn|4
|
|move|p2a: Gengar|Shadow Ball|p1a: Android
|-damage|p1a: Android|109\/283
|move|p1a: Android|Volt Switch|p2a: Gengar
|-end|p2a: Gengar|Substitute
|
|switch|p1a: Venom|Greninja, M, shiny|286\/286
|-damage|p1a: Venom|251\/286|[from] Stealth Rock
|
|-heal|p2a: Gengar|196\/261|[from] item: Black Sludge
|turn|5
|
|switch|p2a: Keldeo-Resolute|Keldeo-Resolute|323\/323
|-damage|p2a: Keldeo-Resolute|303\/323|[from] Stealth Rock
|move|p1a: Venom|Scald|p2a: Keldeo-Resolute
|-start|p1a: Venom|typechange|Water|[from] Protean
|-resisted|p2a: Keldeo-Resolute
|-damage|p2a: Keldeo-Resolute|221\/323
|-damage|p1a: Venom|223\/286|[from] item: Life Orb
|
|turn|6
|
|switch|p1a: Android|Magnezone, shiny|109\/283
|-damage|p1a: Android|92\/283|[from] Stealth Rock
|move|p2a: Keldeo-Resolute|Secret Sword|p1a: Android
|-supereffective|p1a: Android
|-damage|p1a: Android|0 fnt
|faint|p1a: Android
|
|
|switch|p1a: Ghostic|Gengar, M, shiny|267\/267
|-damage|p1a: Ghostic|234\/267|[from] Stealth Rock
|turn|7
|
|switch|p2a: Bisharp|Bisharp, M|271\/271
|-damage|p2a: Bisharp|255\/271|[from] Stealth Rock
|move|p1a: Ghostic|Substitute|p1a: Ghostic
|-start|p1a: Ghostic|Substitute
|-damage|p1a: Ghostic|168\/267
|
|-heal|p1a: Ghostic|184\/267|[from] item: Black Sludge
|turn|8
|
|move|p1a: Ghostic|Will-O-Wisp|p2a: Bisharp
|-status|p2a: Bisharp|brn
|move|p2a: Bisharp|Knock Off|p1a: Ghostic
|-supereffective|p1a: Ghostic
|-end|p1a: Ghostic|Substitute
|-damage|p2a: Bisharp|228\/271 brn|[from] item: Life Orb
|
|-heal|p1a: Ghostic|200\/267|[from] item: Black Sludge
|-damage|p2a: Bisharp|195\/271 brn|[from] brn
|turn|9
|
|move|p1a: Ghostic|Substitute|p1a: Ghostic
|-start|p1a: Ghostic|Substitute
|-damage|p1a: Ghostic|134\/267
|move|p2a: Bisharp|Knock Off|p1a: Ghostic
|-supereffective|p1a: Ghostic
|-end|p1a: Ghostic|Substitute
|-damage|p2a: Bisharp|168\/271 brn|[from] item: Life Orb
|
|-heal|p1a: Ghostic|150\/267|[from] item: Black Sludge
|-damage|p2a: Bisharp|135\/271 brn|[from] brn
|turn|10
|
|move|p1a: Ghostic|Substitute|p1a: Ghostic
|-start|p1a: Ghostic|Substitute
|-damage|p1a: Ghostic|84\/267
|move|p2a: Bisharp|Knock Off|p1a: Ghostic
|-supereffective|p1a: Ghostic
|-end|p1a: Ghostic|Substitute
|-damage|p2a: Bisharp|108\/271 brn|[from] item: Life Orb
|
|-heal|p1a: Ghostic|100\/267|[from] item: Black Sludge
|-damage|p2a: Bisharp|75\/271 brn|[from] brn
|turn|11
|
|move|p1a: Ghostic|Substitute|p1a: Ghostic
|-start|p1a: Ghostic|Substitute
|-damage|p1a: Ghostic|34\/267
|move|p2a: Bisharp|Knock Off|p1a: Ghostic
|-supereffective|p1a: Ghostic
|-end|p1a: Ghostic|Substitute
|-damage|p2a: Bisharp|48\/271 brn|[from] item: Life Orb
|
|-heal|p1a: Ghostic|50\/267|[from] item: Black Sludge
|-damage|p2a: Bisharp|15\/271 brn|[from] brn
|turn|12
|
|move|p2a: Bisharp|Sucker Punch|p1a: Ghostic
|-fail|p1a: Ghostic
|move|p1a: Ghostic|Substitute|p1a: Ghostic
|-fail|p1a: Ghostic|move: Substitute|[weak]
|
|-heal|p1a: Ghostic|66\/267|[from] item: Black Sludge
|-damage|p2a: Bisharp|0 fnt|[from] brn
|faint|p2a: Bisharp
|
|switch|p2a: Azumarill|Azumarill, M|404\/404
|-damage|p2a: Azumarill|354\/404|[from] Stealth Rock
|turn|13
|
|move|p2a: Azumarill|Aqua Jet|p1a: Ghostic
|-damage|p1a: Ghostic|0 fnt
|faint|p1a: Ghostic
|
|
|switch|p1a: FREEZE|Chansey, F, shiny|392\/704
|-damage|p1a: FREEZE|304\/704|[from] Stealth Rock
|turn|14
|
|move|p1a: FREEZE|Seismic Toss|p2a: Azumarill
|-damage|p2a: Azumarill|254\/404
|move|p2a: Azumarill|Play Rough|p1a: FREEZE
|-damage|p1a: FREEZE|36\/704
|
|turn|15
|
|move|p2a: Azumarill|Aqua Jet|p1a: FREEZE
|-damage|p1a: FREEZE|0 fnt
|faint|p1a: FREEZE
|
|
|switch|p1a: Silver|Altaria, M, shiny|294\/294
|-damage|p1a: Silver|221\/294|[from] Stealth Rock
|-ability|p1a: Silver|Cloud Nine
|turn|16
|
|detailschange|p1a: Silver|Altaria-Mega, M, shiny
|message|Altaria has Mega Evolved into Mega Altaria!
|move|p1a: Silver|Return|p2a: Azumarill
|-damage|p2a: Azumarill|0 fnt
|faint|p2a: Azumarill
|
|
|switch|p2a: Gengar|Gengar, M|196\/261
|-damage|p2a: Gengar|164\/261|[from] Stealth Rock
|turn|17
|
|switch|p1a: Magnum|Mamoswine, M|362\/362
|-damage|p1a: Magnum|317\/362|[from] Stealth Rock
|move|p2a: Gengar|Substitute|p2a: Gengar
|-start|p2a: Gengar|Substitute
|-damage|p2a: Gengar|99\/261
|
|-heal|p2a: Gengar|115\/261|[from] item: Black Sludge
|turn|18
|
|move|p1a: Magnum|Knock Off|p2a: Gengar
|-supereffective|p2a: Gengar
|-end|p2a: Gengar|Substitute
|move|p2a: Gengar|Shadow Ball|p1a: Magnum
|-damage|p1a: Magnum|98\/362
|
|-heal|p2a: Gengar|131\/261|[from] item: Black Sludge
|turn|19
|
|switch|p2a: Keldeo-Resolute|Keldeo-Resolute|221\/323
|-damage|p2a: Keldeo-Resolute|201\/323|[from] Stealth Rock
|move|p1a: Magnum|Knock Off|p2a: Keldeo-Resolute
|-resisted|p2a: Keldeo-Resolute
|-damage|p2a: Keldeo-Resolute|136\/323
|-boost|p2a: Keldeo-Resolute|atk|1|[from] ability: Justified
|-enditem|p2a: Keldeo-Resolute|Choice Scarf|[from] move: Knock Off|[of] p1a: Magnum
|
|turn|20
|
|move|p1a: Magnum|Knock Off|p2a: Keldeo-Resolute
|-resisted|p2a: Keldeo-Resolute
|-damage|p2a: Keldeo-Resolute|92\/323
|-boost|p2a: Keldeo-Resolute|atk|1|[from] ability: Justified
|move|p2a: Keldeo-Resolute|Scald|p1a: Magnum
|-supereffective|p1a: Magnum
|-damage|p1a: Magnum|0 fnt
|faint|p1a: Magnum
|
|
|switch|p1a: Silver|Altaria-Mega, M, shiny|221\/294
|-damage|p1a: Silver|185\/294|[from] Stealth Rock
|turn|21
|
|move|p2a: Keldeo-Resolute|Hidden Power|p1a: Silver
|-supereffective|p1a: Silver
|-damage|p1a: Silver|53\/294
|move|p1a: Silver|Dragon Dance|p1a: Silver
|-boost|p1a: Silver|atk|1
|-boost|p1a: Silver|spe|1
|
|turn|22
|
|move|p1a: Silver|Roost|p1a: Silver
|-heal|p1a: Silver|200\/294
|move|p2a: Keldeo-Resolute|Hidden Power|p1a: Silver
|-supereffective|p1a: Silver
|-damage|p1a: Silver|56\/294
|
|turn|23
|
|move|p1a: Silver|Return|p2a: Keldeo-Resolute
|-supereffective|p2a: Keldeo-Resolute
|-damage|p2a: Keldeo-Resolute|0 fnt
|faint|p2a: Keldeo-Resolute
|
|
|switch|p2a: Thundurus|Thundurus, M|299\/299
|-damage|p2a: Thundurus|225\/299|[from] Stealth Rock
|turn|24
|
|move|p1a: Silver|Return|p2a: Thundurus
|-damage|p2a: Thundurus|0 fnt
|faint|p2a: Thundurus
|
|-message|RS Dark_Killer79 forfeited.
|
|win|LMay
|raw|Ladder updating...
|leave|RS Dark_Killer79
|player|p2
|raw|LMay's rating: 1504 &rarr; <strong>1517<\/strong><br \/>(+13 for winning)
|raw|RS Dark_Killer79's rating: 1390 &rarr; <strong>1376<\/strong><br \/>(-14 for losing)