|join|LMay
|join|Boyo
|player|p1|LMay|283
|player|p2|Boyo|244
|gametype|singles
|gen|6
|tier|OU
|rated
|clearpoke
|poke|p1|Altaria, M, shiny
|poke|p1|Magnezone, shiny
|poke|p1|Greninja, M, shiny
|poke|p1|Chansey, F, shiny
|poke|p1|Gengar, M, shiny
|poke|p1|Mamoswine, M
|poke|p2|Thundurus, M
|poke|p2|Breloom, M
|poke|p2|Alakazam, M
|poke|p2|Gengar, M
|poke|p2|Empoleon, M
|poke|p2|Rhyperior, M
|rule|Swagger Clause: Swagger is banned
|rule|Baton Pass Clause: Limit one Pokémon knowing Baton Pass
|rule|Sleep Clause Mod: Limit one foe put to sleep
|rule|Species Clause: Limit one of each Pokémon
|rule|OHKO Clause: OHKO moves are banned
|rule|Moody Clause: Moody is banned
|rule|Evasion Moves Clause: Evasion moves are banned
|rule|Endless Battle Clause: Forcing endless battles is banned
|rule|HP Percentage Mod: HP is shown in percentages
|teampreview
|
|start
|switch|p1a: Ghostic|Gengar, M, shiny|267\/267
|switch|p2a: Rhyperior|Rhyperior, M|424\/424
|turn|1
|
|move|p1a: Ghostic|Will-O-Wisp|p2a: Rhyperior
|-status|p2a: Rhyperior|brn
|move|p2a: Rhyperior|Stone Edge|p1a: Ghostic
|-crit|p1a: Ghostic
|-damage|p1a: Ghostic|50\/267
|
|-heal|p1a: Ghostic|66\/267|[from] item: Black Sludge
|-damage|p2a: Rhyperior|371\/424 brn|[from] brn
|turn|2
|
|switch|p1a: Android|Magnezone, shiny|283\/283
|move|p2a: Rhyperior|Stone Edge|p1a: Android
|-resisted|p1a: Android
|-damage|p1a: Android|246\/283
|
|-heal|p2a: Rhyperior|397\/424 brn|[from] item: Leftovers
|-damage|p2a: Rhyperior|344\/424 brn|[from] brn
|turn|3
|
|move|p1a: Android|Volt Switch|p2a: Rhyperior
|-immune|p2a: Rhyperior|[msg]
|move|p2a: Rhyperior|Earthquake|p1a: Android
|-supereffective|p1a: Android
|-damage|p1a: Android|0 fnt
|faint|p1a: Android
|
|-heal|p2a: Rhyperior|370\/424 brn|[from] item: Leftovers
|-damage|p2a: Rhyperior|317\/424 brn|[from] brn
|
|switch|p1a: FREEZE|Chansey, F, shiny|704\/704
|turn|4
|
|switch|p2a: Thundurus|Thundurus, M|299\/299
|move|p1a: FREEZE|Stealth Rock|p2a: Thundurus
|-sidestart|p2: Boyo|move: Stealth Rock
|
|turn|5
|
|switch|p1a: Ghostic|Gengar, M, shiny|66\/267
|move|p2a: Thundurus|Knock Off|p1a: Ghostic
|-supereffective|p1a: Ghostic
|-damage|p1a: Ghostic|0 fnt
|-enditem|p1a: Ghostic|Black Sludge|[from] move: Knock Off|[of] p2a: Thundurus
|-damage|p2a: Thundurus|270\/299|[from] item: Life Orb
|faint|p1a: Ghostic
|
|
|switch|p1a: Venom|Greninja, M, shiny|286\/286
|turn|6
|
|switch|p1a: Magnum|Mamoswine, M|362\/362
|switch|p2a: Rhyperior|Rhyperior, M|317\/424 brn
|-damage|p2a: Rhyperior|291\/424 brn|[from] Stealth Rock
|
|-heal|p2a: Rhyperior|317\/424 brn|[from] item: Leftovers
|-damage|p2a: Rhyperior|264\/424 brn|[from] brn
|turn|7
|
|move|p1a: Magnum|Knock Off|p2a: Rhyperior
|-damage|p2a: Rhyperior|180\/424 brn
|-enditem|p2a: Rhyperior|Leftovers|[from] move: Knock Off|[of] p1a: Magnum
|move|p2a: Rhyperior|Fire Punch|p1a: Magnum
|-supereffective|p1a: Magnum
|-damage|p1a: Magnum|308\/362
|
|-damage|p2a: Rhyperior|127\/424 brn|[from] brn
|turn|8
|
|switch|p1a: Silver|Altaria, M, shiny|294\/294
|-ability|p1a: Silver|Cloud Nine
|move|p2a: Rhyperior|Earthquake|p1a: Silver
|-immune|p1a: Silver|[msg]
|
|-damage|p2a: Rhyperior|74\/424 brn|[from] brn
|turn|9
|
|detailschange|p1a: Silver|Altaria-Mega, M, shiny
|message|Altaria has Mega Evolved into Mega Altaria!
|move|p1a: Silver|Dragon Dance|p1a: Silver
|-boost|p1a: Silver|atk|1
|-boost|p1a: Silver|spe|1
|move|p2a: Rhyperior|Ice Punch|p1a: Silver
|-supereffective|p1a: Silver
|-damage|p1a: Silver|214\/294
|
|-damage|p2a: Rhyperior|21\/424 brn|[from] brn
|turn|10
|
|move|p1a: Silver|Return|p2a: Rhyperior
|-damage|p2a: Rhyperior|0 fnt
|faint|p2a: Rhyperior
|
|
|switch|p2a: Empoleon|Empoleon, M|372\/372
|-damage|p2a: Empoleon|349\/372|[from] Stealth Rock
|turn|11
|
|move|p1a: Silver|Earthquake|p2a: Empoleon
|-supereffective|p2a: Empoleon
|-damage|p2a: Empoleon|0 fnt
|faint|p2a: Empoleon
|
|
|switch|p2a: Thundurus|Thundurus, M|270\/299
|-damage|p2a: Thundurus|196\/299|[from] Stealth Rock
|turn|12
|
|move|p1a: Silver|Return|p2a: Thundurus
|-damage|p2a: Thundurus|0 fnt
|faint|p2a: Thundurus
|
|c|★Boyo|gg
|
|switch|p2a: Gengar|Gengar, M|259\/259
|-damage|p2a: Gengar|227\/259|[from] Stealth Rock
|turn|13
|
|move|p1a: Silver|Return|p2a: Gengar
|-resisted|p2a: Gengar
|-damage|p2a: Gengar|0 fnt
|faint|p2a: Gengar
|
|
|switch|p2a: Breloom|Breloom, M|261\/261
|-damage|p2a: Breloom|245\/261|[from] Stealth Rock
|turn|14
|
|move|p1a: Silver|Return|p2a: Breloom
|-supereffective|p2a: Breloom
|-damage|p2a: Breloom|0 fnt
|faint|p2a: Breloom
|
|
|switch|p2a: Alakazam|Alakazam, M|251\/251
|turn|15
|
|detailschange|p2a: Alakazam|Alakazam-Mega, M
|message|Alakazam has Mega Evolved into Mega Alakazam!
|-ability|p2a: Alakazam|Pixilate|[from] ability: Trace|[of] p1a: Silver
|move|p1a: Silver|Return|p2a: Alakazam
|-crit|p2a: Alakazam
|-damage|p2a: Alakazam|0 fnt
|faint|p2a: Alakazam
|
|win|LMay
|raw|Ladder updating...
|raw|LMay's rating: 1484 &rarr; <strong>1503<\/strong><br \/>(+19 for winning)
|raw|Boyo's rating: 1461 &rarr; <strong>1442<\/strong><br \/>(-19 for losing)