|join|yutmuffin
|join|no1globe
|player|p1|yutmuffin|169
|player|p2|no1globe|169
|gametype|singles
|gen|6
|tier|OU
|rated
|clearpoke
|poke|p1|Landorus, M
|poke|p1|Gardevoir, M
|poke|p1|Jirachi
|poke|p1|Heatran, M
|poke|p1|Sableye, M
|poke|p1|Rotom-Wash
|poke|p2|Latias, F
|poke|p2|Rotom-Wash
|poke|p2|Azumarill, F
|poke|p2|Lopunny, F
|poke|p2|Heatran, F
|poke|p2|Landorus-Therian, M
|rule|Swagger Clause: Swagger is banned
|rule|Baton Pass Clause: Limit one Pokémon knowing Baton Pass
|rule|Sleep Clause Mod: Limit one foe put to sleep
|rule|Species Clause: Limit one of each Pokémon
|rule|OHKO Clause: OHKO moves are banned
|rule|Moody Clause: Moody is banned
|rule|Evasion Moves Clause: Evasion moves are banned
|rule|Endless Battle Clause: Forcing endless battles is banned
|rule|HP Percentage Mod: HP is shown in percentages
|teampreview
|
|start
|switch|p1a: Sableye|Sableye, M|303\/303
|switch|p2a: Rotom-Wash|Rotom-Wash|303\/303
|turn|1
|
|detailschange|p1a: Sableye|Sableye-Mega, M
|-mega|p1a: Sableye|Sableye|Sablenite
|move|p1a: Sableye|Will-O-Wisp|p2a: Rotom-Wash
|-status|p2a: Rotom-Wash|brn
|move|p2a: Rotom-Wash|Volt Switch|p1a: Sableye
|-damage|p1a: Sableye|231\/303
|
|switch|p2a: Azumarill|Azumarill, F|341\/341
|
|turn|2
|
|switch|p1a: Jirachi|Jirachi|341\/341
|move|p2a: Azumarill|Play Rough|p1a: Jirachi
|-resisted|p1a: Jirachi
|-damage|p1a: Jirachi|245\/341
|-unboost|p1a: Jirachi|atk|1
|
|turn|3
|leave|no1globe
|player|p2
|join|no1globe
|player|p2|no1globe|169
|
|move|p1a: Jirachi|U-turn|p2a: Azumarill
|-resisted|p2a: Azumarill
|-damage|p2a: Azumarill|311\/341
|
|switch|p1a: Rotom-Wash|Rotom-Wash|304\/304
|move|p2a: Azumarill|Knock Off|p1a: Rotom-Wash
|-damage|p1a: Rotom-Wash|207\/304
|-enditem|p1a: Rotom-Wash|Chesto Berry|[from] move: Knock Off|[of] p2a: Azumarill
|
|turn|4
|
|switch|p2a: Rotom-Wash|Rotom-Wash|303\/303 brn
|move|p1a: Rotom-Wash|Volt Switch|p2a: Rotom-Wash
|-damage|p2a: Rotom-Wash|221\/303 brn
|
|switch|p1a: Gardevoir|Gardevoir, M|277\/277
|-ability|p1a: Gardevoir|Levitate|[from] ability: Trace|[of] p2a: Rotom-Wash
|
|-heal|p2a: Rotom-Wash|239\/303 brn|[from] item: Leftovers
|-damage|p2a: Rotom-Wash|202\/303 brn|[from] brn
|turn|5
|
|switch|p2a: Heatran|Heatran, F|323\/323
|-item|p2a: Heatran|Air Balloon
|move|p1a: Gardevoir|Moonblast|p2a: Heatran
|-resisted|p2a: Heatran
|-damage|p2a: Heatran|263\/323
|-enditem|p2a: Heatran|Air Balloon
|
|turn|6
|
|switch|p1a: Sableye|Sableye-Mega, M|231\/303
|move|p2a: Heatran|Lava Plume|p1a: Sableye
|-damage|p1a: Sableye|84\/303
|
|turn|7
|
|switch|p1a: Landorus|Landorus, M|319\/319
|move|p2a: Heatran|Lava Plume|p1a: Landorus
|-damage|p1a: Landorus|139\/319
|
|turn|8
|
|switch|p2a: Landorus-Therian|Landorus-Therian, M|319\/319
|-ability|p2a: Landorus-Therian|Intimidate|[of] p1a: Landorus
|-unboost|p1a: Landorus|atk|1
|move|p1a: Landorus|Rock Polish|p1a: Landorus
|-boost|p1a: Landorus|spe|2
|
|turn|9
|
|move|p1a: Landorus|Hidden Power|p2a: Landorus-Therian
|-crit|p2a: Landorus-Therian
|-supereffective|p2a: Landorus-Therian
|-damage|p2a: Landorus-Therian|0 fnt
|-damage|p1a: Landorus|108\/319|[from] item: Life Orb
|faint|p2a: Landorus-Therian
|
|
|switch|p2a: Azumarill|Azumarill, F|311\/341
|turn|10
|
|switch|p1a: Jirachi|Jirachi|245\/341
|move|p2a: Azumarill|Aqua Jet|p1a: Jirachi
|-damage|p1a: Jirachi|161\/341
|
|turn|11
|
|switch|p2a: Rotom-Wash|Rotom-Wash|202\/303 brn
|move|p1a: Jirachi|Iron Head|p2a: Rotom-Wash
|-resisted|p2a: Rotom-Wash
|-damage|p2a: Rotom-Wash|178\/303 brn
|
|-heal|p2a: Rotom-Wash|196\/303 brn|[from] item: Leftovers
|-damage|p2a: Rotom-Wash|159\/303 brn|[from] brn
|turn|12
|
|switch|p1a: Heatran|Heatran, M|385\/385
|move|p2a: Rotom-Wash|Volt Switch|p1a: Heatran
|-damage|p1a: Heatran|325\/385
|
|switch|p2a: Lopunny|Lopunny, F|271\/271
|
|-heal|p1a: Heatran|349\/385|[from] item: Leftovers
|turn|13
|
|detailschange|p2a: Lopunny|Lopunny-Mega, F
|-mega|p2a: Lopunny|Lopunny|Lopunnite
|move|p2a: Lopunny|Fake Out|p1a: Heatran
|-resisted|p1a: Heatran
|-damage|p1a: Heatran|313\/385
|cant|p1a: Heatran|flinch
|
|-heal|p1a: Heatran|337\/385|[from] item: Leftovers
|turn|14
|
|move|p1a: Heatran|Protect|p1a: Heatran
|-singleturn|p1a: Heatran|Protect
|move|p2a: Lopunny|High Jump Kick|p1a: Heatran
|-activate|p1a: Heatran|Protect
|-damage|p2a: Lopunny|136\/271|[from] highjumpkick
|
|-heal|p1a: Heatran|361\/385|[from] item: Leftovers
|turn|15
|
|move|p2a: Lopunny|High Jump Kick|p1a: Heatran
|-supereffective|p1a: Heatran
|-damage|p1a: Heatran|0 fnt
|faint|p1a: Heatran
|
|
|switch|p1a: Gardevoir|Gardevoir, M|277\/277
|-ability|p1a: Gardevoir|Scrappy|[from] ability: Trace|[of] p2a: Lopunny
|turn|16
|
|switch|p2a: Heatran|Heatran, F|263\/323
|move|p1a: Gardevoir|Focus Blast|p2a: Heatran
|-supereffective|p2a: Heatran
|-damage|p2a: Heatran|0 fnt
|faint|p2a: Heatran
|
|
|switch|p2a: Azumarill|Azumarill, F|311\/341
|turn|17
|
|switch|p1a: Sableye|Sableye-Mega, M|84\/303
|move|p2a: Azumarill|Play Rough|p1a: Sableye
|-supereffective|p1a: Sableye
|-damage|p1a: Sableye|0 fnt
|faint|p1a: Sableye
|
|
|switch|p1a: Rotom-Wash|Rotom-Wash|207\/304
|turn|18
|
|switch|p2a: Rotom-Wash|Rotom-Wash|159\/303 brn
|move|p1a: Rotom-Wash|Will-O-Wisp|p2a: Rotom-Wash
|-fail|p2a: Rotom-Wash|brn
|
|-heal|p2a: Rotom-Wash|177\/303 brn|[from] item: Leftovers
|-damage|p2a: Rotom-Wash|140\/303 brn|[from] brn
|turn|19
|
|move|p1a: Rotom-Wash|Hydro Pump|p2a: Rotom-Wash
|-resisted|p2a: Rotom-Wash
|-damage|p2a: Rotom-Wash|73\/303 brn
|move|p2a: Rotom-Wash|Volt Switch|p1a: Rotom-Wash
|-damage|p1a: Rotom-Wash|128\/304
|
|switch|p2a: Latias|Latias, F|319\/319
|
|turn|20
|
|switch|p2a: Azumarill|Azumarill, F|311\/341
|switch|p1a: Jirachi|Jirachi|161\/341
|
|turn|21
|
|move|p1a: Jirachi|U-turn|p2a: Azumarill
|-resisted|p2a: Azumarill
|-damage|p2a: Azumarill|264\/341
|
|switch|p1a: Landorus|Landorus, M|108\/319
|move|p2a: Azumarill|Knock Off|p1a: Landorus
|-damage|p1a: Landorus|0 fnt
|-enditem|p1a: Landorus|Life Orb|[from] move: Knock Off|[of] p2a: Azumarill
|faint|p1a: Landorus
|
|
|switch|p1a: Rotom-Wash|Rotom-Wash|128\/304
|turn|22
|
|switch|p2a: Rotom-Wash|Rotom-Wash|73\/303 brn
|move|p1a: Rotom-Wash|Volt Switch|p2a: Rotom-Wash
|-damage|p2a: Rotom-Wash|0 fnt
|faint|p2a: Rotom-Wash
|
|switch|p1a: Jirachi|Jirachi|161\/341
|
|
|switch|p2a: Azumarill|Azumarill, F|264\/341
|turn|23
|
|move|p1a: Jirachi|Iron Head|p2a: Azumarill
|-damage|p2a: Azumarill|117\/341
|cant|p2a: Azumarill|flinch
|
|turn|24
|
|switch|p2a: Lopunny|Lopunny-Mega, F|136\/271
|move|p1a: Jirachi|Iron Head|p2a: Lopunny
|-damage|p2a: Lopunny|6\/271
|
|turn|25
|
|switch|p1a: Rotom-Wash|Rotom-Wash|128\/304
|move|p2a: Lopunny|Fake Out|p1a: Rotom-Wash
|-damage|p1a: Rotom-Wash|73\/304
|
|turn|26
|
|move|p2a: Lopunny|Return|p1a: Rotom-Wash
|-damage|p1a: Rotom-Wash|0 fnt
|faint|p1a: Rotom-Wash
|
|
|switch|p1a: Jirachi|Jirachi|161\/341
|turn|27
|
|move|p1a: Jirachi|Iron Head|p2a: Lopunny
|-damage|p2a: Lopunny|0 fnt
|faint|p2a: Lopunny
|
|
|switch|p2a: Latias|Latias, F|319\/319
|turn|28
|
|switch|p1a: Gardevoir|Gardevoir, M|277\/277
|-ability|p1a: Gardevoir|Levitate|[from] ability: Trace|[of] p2a: Latias
|move|p2a: Latias|Healing Wish|p2a: Latias
|faint|p2a: Latias
|
|
|switch|p2a: Azumarill|Azumarill, F|117\/341
|-heal|p2a: Azumarill|341\/341|[from] move: Healing Wish
|turn|29
|
|move|p1a: Gardevoir|Trick|p2a: Azumarill
|-activate|p1a: Gardevoir|move: Trick|[of] p2a: Azumarill
|-item|p2a: Azumarill|Choice Specs|[from] move: Trick
|-item|p1a: Gardevoir|Assault Vest|[from] move: Trick
|move|p2a: Azumarill|Waterfall|p1a: Gardevoir
|-damage|p1a: Gardevoir|24\/277
|
|turn|30
|
|move|p1a: Gardevoir|Psyshock|p2a: Azumarill
|-damage|p2a: Azumarill|184\/341
|move|p2a: Azumarill|Waterfall|p1a: Gardevoir
|-damage|p1a: Gardevoir|0 fnt
|faint|p1a: Gardevoir
|
|
|switch|p1a: Jirachi|Jirachi|161\/341
|turn|31
|c|★yutmuffin|60% to win....
|c|★no1globe|yes :)
|c|★no1globe|lol
|c|★no1globe|gg
|
|move|p1a: Jirachi|Iron Head|p2a: Azumarill
|-damage|p2a: Azumarill|25\/341
|move|p2a: Azumarill|Waterfall|p1a: Jirachi
|-damage|p1a: Jirachi|0 fnt
|faint|p1a: Jirachi
|
|win|no1globe
|raw|Ladder updating...
|raw|yutmuffin's rating: 1462 &rarr; <strong>1441<\/strong><br \/>(-21 for losing)
|raw|no1globe's rating: 1443 &rarr; <strong>1464<\/strong><br \/>(+21 for winning)
|c|★no1globe|ahhahaha
|c|★no1globe|gg
|c|★no1globe|;)
|c|★yutmuffin|gg