|join|wish killer
|join|Jefo
|player|p1|wish killer|1
|player|p2|Jefo|#cpgtan
|gametype|singles
|gen|6
|tier|OU
|clearpoke
|poke|p1|Bisharp, M
|poke|p1|Venusaur, M
|poke|p1|Heatran, M
|poke|p1|Keldeo
|poke|p1|Chansey, F
|poke|p1|Skarmory, F
|poke|p2|Lopunny, F
|poke|p2|Heatran, F
|poke|p2|Ferrothorn, F
|poke|p2|Slowbro, M
|poke|p2|Gengar, M
|poke|p2|Raikou
|rule|Swagger Clause: Swagger is banned
|rule|Baton Pass Clause: Limit one Pokémon knowing Baton Pass
|rule|Sleep Clause Mod: Limit one foe put to sleep
|rule|Species Clause: Limit one of each Pokémon
|rule|OHKO Clause: OHKO moves are banned
|rule|Moody Clause: Moody is banned
|rule|Evasion Moves Clause: Evasion moves are banned
|rule|Endless Battle Clause: Forcing endless battles is banned
|rule|HP Percentage Mod: HP is shown in percentages
|teampreview
|join|UnderDoge42
|join|Mega Magic Bounce
|join|The Ess of Johan
|join|Pure Demize
|join|Alldaalts
|join|5th
|join|BIGGSTEELIX
|join|stockholm negro
|join|i came from leddit
|c| i came from leddit|go bloody!
|join|Alkov
|c|★wish killer|welcome lusty
|c| i came from leddit|......``welcome jefo``
|join|Dayanne
|join|Jupiter Ascending
|join|Bin Suna
|c| Jupiter Ascending|leddddddddit
|c| i came from leddit|nice meme
|
|start
|switch|p1a: Heatran|Heatran, M|340\/340
|switch|p2a: Raikou|Raikou|321\/321
|-ability|p2a: Raikou|Pressure
|-item|p1a: Heatran|Air Balloon
|turn|1
|join|Qubae
|
|move|p2a: Raikou|Volt Switch|p1a: Heatran
|-damage|p1a: Heatran|190\/340
|-enditem|p1a: Heatran|Air Balloon
|
|switch|p2a: Lopunny|Lopunny, F|271\/271
|move|p1a: Heatran|Stealth Rock|p2a: Lopunny
|-sidestart|p2: Jefo|move: Stealth Rock
|
|turn|2
|
|switch|p1a: Venusaur|Venusaur, M|364\/364
|detailschange|p2a: Lopunny|Lopunny-Mega, F
|-mega|p2a: Lopunny|Lopunny|Lopunnite
|move|p2a: Lopunny|High Jump Kick|p1a: Venusaur
|-resisted|p1a: Venusaur
|-damage|p1a: Venusaur|265\/364
|
|turn|3
|
|switch|p2a: Heatran|Heatran, F|386\/386
|-damage|p2a: Heatran|338\/386|[from] Stealth Rock
|detailschange|p1a: Venusaur|Venusaur-Mega, M
|-mega|p1a: Venusaur|Venusaur|Venusaurite
|move|p1a: Venusaur|Giga Drain|p2a: Heatran
|-resisted|p2a: Heatran
|-damage|p2a: Heatran|322\/386
|-heal|p1a: Venusaur|273\/364|[from] drain|[of] p2a: Heatran
|
|-heal|p2a: Heatran|346\/386|[from] item: Leftovers
|turn|4
|join|pkmntrainur
|
|switch|p1a: Keldeo|Keldeo|323\/323
|move|p2a: Heatran|Stealth Rock|p1a: Keldeo
|-sidestart|p1: wish killer|move: Stealth Rock
|
|-heal|p2a: Heatran|370\/386|[from] item: Leftovers
|turn|5
|
|switch|p1a: Bisharp|Bisharp, M|334\/334
|-damage|p1a: Bisharp|314\/334|[from] Stealth Rock
|switch|p2a: Slowbro|Slowbro, M|394\/394
|-damage|p2a: Slowbro|345\/394|[from] Stealth Rock
|
|-heal|p1a: Bisharp|334\/334|[from] item: Leftovers
|-heal|p2a: Slowbro|369\/394|[from] item: Leftovers
|turn|6
|join|Bloodz
|
|move|p1a: Bisharp|Knock Off|p2a: Slowbro
|-supereffective|p2a: Slowbro
|-damage|p2a: Slowbro|103\/394
|-enditem|p2a: Slowbro|Leftovers|[from] move: Knock Off|[of] p1a: Bisharp
|move|p2a: Slowbro|Scald|p1a: Bisharp
|-damage|p1a: Bisharp|217\/334
|
|-heal|p1a: Bisharp|237\/334|[from] item: Leftovers
|turn|7
|
|switch|p2a: Ferrothorn|Ferrothorn, F|351\/351
|-damage|p2a: Ferrothorn|330\/351|[from] Stealth Rock
|move|p1a: Bisharp|Knock Off|p2a: Ferrothorn
|-damage|p2a: Ferrothorn|215\/351
|-damage|p1a: Bisharp|196\/334|[from] ability: Iron Barbs|[of] p2a: Ferrothorn
|-damage|p1a: Bisharp|141\/334|[from] item: Rocky Helmet|[of] p2a: Ferrothorn
|-enditem|p2a: Ferrothorn|Rocky Helmet|[from] move: Knock Off|[of] p1a: Bisharp
|
|-heal|p1a: Bisharp|161\/334|[from] item: Leftovers
|turn|8
|leave|Bloodz
|c| i came from leddit|.............
|
|switch|p1a: Skarmory|Skarmory, F|334\/334
|-damage|p1a: Skarmory|293\/334|[from] Stealth Rock
|switch|p2a: Lopunny|Lopunny-Mega, F|271\/271
|-damage|p2a: Lopunny|255\/271|[from] Stealth Rock
|
|turn|9
|
|switch|p2a: Raikou|Raikou|321\/321
|-damage|p2a: Raikou|281\/321|[from] Stealth Rock
|-ability|p2a: Raikou|Pressure
|move|p1a: Skarmory|Brave Bird|p2a: Raikou
|-resisted|p2a: Raikou
|-damage|p2a: Raikou|212\/321
|-damage|p1a: Skarmory|270\/334|[from] recoil|[of] p2a: Raikou
|
|turn|10
|join|Rawk Hawk
|
|switch|p1a: Chansey|Chansey, F|684\/684
|-damage|p1a: Chansey|599\/684|[from] Stealth Rock
|move|p2a: Raikou|Volt Switch|p1a: Chansey
|-damage|p1a: Chansey|493\/684
|join|yuruuu
|
|switch|p2a: Lopunny|Lopunny-Mega, F|255\/271
|-damage|p2a: Lopunny|239\/271|[from] Stealth Rock
|
|turn|11
|
|switch|p1a: Skarmory|Skarmory, F|270\/334
|-damage|p1a: Skarmory|229\/334|[from] Stealth Rock
|move|p2a: Lopunny|High Jump Kick|p1a: Skarmory
|-damage|p1a: Skarmory|84\/334
|-damage|p2a: Lopunny|194\/271|[from] item: Rocky Helmet|[of] p1a: Skarmory
|
|turn|12
|
|move|p2a: Lopunny|High Jump Kick|p1a: Skarmory
|-damage|p1a: Skarmory|0 fnt
|-damage|p2a: Lopunny|149\/271|[from] item: Rocky Helmet|[of] p1a: Skarmory
|faint|p1a: Skarmory
|
|
|switch|p1a: Venusaur|Venusaur-Mega, M|273\/364
|-damage|p1a: Venusaur|228\/364|[from] Stealth Rock
|turn|13
|
|switch|p2a: Heatran|Heatran, F|370\/386
|-damage|p2a: Heatran|322\/386|[from] Stealth Rock
|move|p1a: Venusaur|Synthesis|p1a: Venusaur
|-heal|p1a: Venusaur|364\/364
|
|-heal|p2a: Heatran|346\/386|[from] item: Leftovers
|turn|14
|
|switch|p1a: Chansey|Chansey, F|493\/684
|-damage|p1a: Chansey|408\/684|[from] Stealth Rock
|move|p2a: Heatran|Toxic|p1a: Chansey
|-status|p1a: Chansey|tox
|
|-heal|p2a: Heatran|370\/386|[from] item: Leftovers
|-damage|p1a: Chansey|366\/684 tox|[from] psn
|turn|15
|
|move|p2a: Heatran|Taunt|p1a: Chansey
|-start|p1a: Chansey|move: Taunt
|cant|p1a: Chansey|move: Taunt|Soft-Boiled
|
|-heal|p2a: Heatran|386\/386|[from] item: Leftovers
|-damage|p1a: Chansey|282\/684 tox|[from] psn
|turn|16
|c| i came from leddit|STOP IT JEFO
|
|switch|p2a: Raikou|Raikou|212\/321
|-damage|p2a: Raikou|172\/321|[from] Stealth Rock
|-ability|p2a: Raikou|Pressure
|move|p1a: Chansey|Seismic Toss|p2a: Raikou
|-damage|p2a: Raikou|72\/321
|
|-damage|p1a: Chansey|156\/684 tox|[from] psn
|turn|17
|
|move|p2a: Raikou|Volt Switch|p1a: Chansey
|-damage|p1a: Chansey|48\/684 tox
|
|switch|p2a: Gengar|Gengar, M|261\/261
|-damage|p2a: Gengar|229\/261|[from] Stealth Rock
|move|p1a: Chansey|Seismic Toss|p2a: Gengar
|-immune|p2a: Gengar|[msg]
|
|-damage|p1a: Chansey|0 fnt|[from] psn
|faint|p1a: Chansey
|c| i came from leddit|ok
|join|Cal Clutterbuck
|
|switch|p1a: Bisharp|Bisharp, M|161\/334
|-damage|p1a: Bisharp|141\/334|[from] Stealth Rock
|turn|18
|
|switch|p2a: Lopunny|Lopunny-Mega, F|149\/271
|-damage|p2a: Lopunny|133\/271|[from] Stealth Rock
|move|p1a: Bisharp|Sucker Punch|p2a: Lopunny
|-fail|p2a: Lopunny
|
|-heal|p1a: Bisharp|161\/334|[from] item: Leftovers
|turn|19
|
|switch|p1a: Venusaur|Venusaur-Mega, M|364\/364
|-damage|p1a: Venusaur|319\/364|[from] Stealth Rock
|move|p2a: Lopunny|Power-Up Punch|p1a: Venusaur
|-resisted|p1a: Venusaur
|-damage|p1a: Venusaur|298\/364
|-boost|p2a: Lopunny|atk|1
|
|turn|20
|c| i came from leddit|no
|
|switch|p2a: Heatran|Heatran, F|386\/386
|-damage|p2a: Heatran|338\/386|[from] Stealth Rock
|move|p1a: Venusaur|Giga Drain|p2a: Heatran
|-resisted|p2a: Heatran
|-damage|p2a: Heatran|320\/386
|-heal|p1a: Venusaur|307\/364|[from] drain|[of] p2a: Heatran
|
|-heal|p2a: Heatran|344\/386|[from] item: Leftovers
|turn|21
|
|switch|p1a: Keldeo|Keldeo|323\/323
|-damage|p1a: Keldeo|303\/323|[from] Stealth Rock
|switch|p2a: Gengar|Gengar, M|229\/261
|-damage|p2a: Gengar|197\/261|[from] Stealth Rock
|
|-heal|p1a: Keldeo|323\/323|[from] item: Leftovers
|turn|22
|
|move|p2a: Gengar|Shadow Ball|p1a: Keldeo
|-damage|p1a: Keldeo|101\/323
|-damage|p2a: Gengar|171\/261|[from] item: Life Orb
|move|p1a: Keldeo|Icy Wind|p2a: Gengar
|-damage|p2a: Gengar|88\/261
|-unboost|p2a: Gengar|spe|1
|
|-heal|p1a: Keldeo|121\/323|[from] item: Leftovers
|turn|23
|
|switch|p2a: Slowbro|Slowbro, M|234\/394
|-damage|p2a: Slowbro|185\/394|[from] Stealth Rock
|move|p1a: Keldeo|Scald|p2a: Slowbro
|-resisted|p2a: Slowbro
|-damage|p2a: Slowbro|102\/394
|
|-heal|p1a: Keldeo|141\/323|[from] item: Leftovers
|turn|24
|
|switch|p1a: Venusaur|Venusaur-Mega, M|307\/364
|-damage|p1a: Venusaur|262\/364|[from] Stealth Rock
|switch|p2a: Gengar|Gengar, M|88\/261
|-damage|p2a: Gengar|56\/261|[from] Stealth Rock
|
|turn|25
|
|move|p2a: Gengar|Taunt|p1a: Venusaur
|-start|p1a: Venusaur|move: Taunt
|move|p1a: Venusaur|Giga Drain|p2a: Gengar
|-resisted|p2a: Gengar
|-damage|p2a: Gengar|0 fnt
|-heal|p1a: Venusaur|290\/364|[from] drain|[of] p2a: Gengar
|faint|p2a: Gengar
|
|c| i came from leddit|bop
|c| Dayanne|nice
|
|switch|p2a: Heatran|Heatran, F|344\/386
|-damage|p2a: Heatran|296\/386|[from] Stealth Rock
|turn|26
|
|switch|p1a: Heatran|Heatran, M|190\/340
|-damage|p1a: Heatran|148\/340|[from] Stealth Rock
|move|p2a: Heatran|Lava Plume|p1a: Heatran
|-start|p1a: Heatran|ability: Flash Fire
|
|-heal|p2a: Heatran|320\/386|[from] item: Leftovers
|turn|27
|
|switch|p2a: Raikou|Raikou|72\/321
|-damage|p2a: Raikou|32\/321|[from] Stealth Rock
|-ability|p2a: Raikou|Pressure
|move|p1a: Heatran|Taunt|p2a: Raikou
|-start|p2a: Raikou|move: Taunt
|
|turn|28
|
|move|p2a: Raikou|Volt Switch|p1a: Heatran
|-damage|p1a: Heatran|0 fnt
|faint|p1a: Heatran
|
|switch|p2a: Slowbro|Slowbro, M|233\/394
|-damage|p2a: Slowbro|184\/394|[from] Stealth Rock
|
|
|switch|p1a: Bisharp|Bisharp, M|161\/334
|-damage|p1a: Bisharp|141\/334|[from] Stealth Rock
|turn|29
|
|move|p1a: Bisharp|Knock Off|p2a: Slowbro
|-supereffective|p2a: Slowbro
|-damage|p2a: Slowbro|26\/394
|move|p2a: Slowbro|Scald|p1a: Bisharp
|-damage|p1a: Bisharp|3\/334
|-status|p1a: Bisharp|brn
|
|-heal|p1a: Bisharp|23\/334 brn|[from] item: Leftovers
|-damage|p1a: Bisharp|0 fnt|[from] brn
|faint|p1a: Bisharp
|c| i came from leddit|;-;
|
|switch|p1a: Keldeo|Keldeo|141\/323
|-damage|p1a: Keldeo|121\/323|[from] Stealth Rock
|turn|30
|
|switch|p2a: Raikou|Raikou|32\/321
|-damage|p2a: Raikou|0 fnt|[from] Stealth Rock
|faint|p2a: Raikou
|move|p1a: Keldeo|Scald|p2: Raikou|[notarget]
|-notarget
|
|-heal|p1a: Keldeo|141\/323|[from] item: Leftovers
|c| i came from leddit|my lil mana
|join|Attribute
|
|switch|p2a: Lopunny|Lopunny-Mega, F|133\/271
|-damage|p2a: Lopunny|117\/271|[from] Stealth Rock
|turn|31
|
|switch|p1a: Venusaur|Venusaur-Mega, M|290\/364
|-damage|p1a: Venusaur|245\/364|[from] Stealth Rock
|move|p2a: Lopunny|Return|p1a: Venusaur
|-damage|p1a: Venusaur|136\/364
|
|turn|32
|
|move|p2a: Lopunny|Return|p1a: Venusaur
|-crit|p1a: Venusaur
|-damage|p1a: Venusaur|0 fnt
|faint|p1a: Venusaur
|
|c| i came from leddit|whats the next jefo
|leave|stockholm negro
|c|★Jefo|what move did you click?
|c| Dayanne|....
|-message|wish killer forfeited.
|leave|wish killer
|
|win|Jefo
|player|p1
|leave|BIGGSTEELIX
|leave|Alkov
|leave|Jupiter Ascending
|leave|Mega Magic Bounce
|leave|i came from leddit
|leave|UnderDoge42
|leave|Alldaalts
|leave|5th
|leave|Dayanne
|leave|Attribute
|leave|The Ess of Johan
|leave|Rawk Hawk
|leave|Cal Clutterbuck
|join|Biz
|leave|Bin Suna
|join|z0mOG