|join|miasmata
|join|wish killer
|join|CleanerThanRotom-W
|player|p1|miasmata|101
|player|p2|wish killer|68
|gametype|singles
|gen|6
|tier|OU
|rated
|clearpoke
|poke|p1|Cloyster, F
|poke|p1|Landorus-Therian, M
|poke|p1|Latios, M
|poke|p1|Azumarill, F
|poke|p1|Scizor, F
|poke|p1|Tyranitar, M
|poke|p2|Bisharp, F
|poke|p2|Venusaur, F
|poke|p2|Heatran, F
|poke|p2|Keldeo
|poke|p2|Chansey, F
|poke|p2|Skarmory, M
|rule|Swagger Clause: Swagger is banned
|rule|Baton Pass Clause: Limit one Pokémon knowing Baton Pass
|rule|Sleep Clause Mod: Limit one foe put to sleep
|rule|Species Clause: Limit one of each Pokémon
|rule|OHKO Clause: OHKO moves are banned
|rule|Moody Clause: Moody is banned
|rule|Evasion Moves Clause: Evasion moves are banned
|rule|Endless Battle Clause: Forcing endless battles is banned
|rule|HP Percentage Mod: HP is shown in percentages
|teampreview
|c|★wish killer|gl hf
|
|start
|switch|p1a: Landorus-Therian|Landorus-Therian, M|319\/319
|switch|p2a: Heatran|Heatran, F|340\/340
|-ability|p1a: Landorus-Therian|Intimidate|[of] p2a: Heatran
|-unboost|p2a: Heatran|atk|1
|-item|p2a: Heatran|Air Balloon
|turn|1
|join|Jefo
|leave|Jefo
|
|move|p1a: Landorus-Therian|Knock Off|p2a: Heatran
|-damage|p2a: Heatran|234\/340
|-enditem|p2a: Heatran|Air Balloon
|move|p2a: Heatran|Stealth Rock|p1a: Landorus-Therian
|-sidestart|p1: miasmata|move: Stealth Rock
|
|turn|2
|
|switch|p2a: Venusaur|Venusaur, F|364\/364
|move|p1a: Landorus-Therian|Stealth Rock|p2a: Venusaur
|-sidestart|p2: wish killer|move: Stealth Rock
|
|turn|3
|
|detailschange|p2a: Venusaur|Venusaur-Mega, F
|-mega|p2a: Venusaur|Venusaur|Venusaurite
|move|p1a: Landorus-Therian|Earthquake|p2a: Venusaur
|-damage|p2a: Venusaur|244\/364
|move|p2a: Venusaur|Leech Seed|p1a: Landorus-Therian
|-start|p1a: Landorus-Therian|move: Leech Seed
|
|-damage|p1a: Landorus-Therian|280\/319|[from] Leech Seed|[of] p2a: Venusaur
|-heal|p2a: Venusaur|283\/364|[silent]
|turn|4
|
|switch|p1a: Latios|Latios, M|364\/364
|-damage|p1a: Latios|319\/364|[from] Stealth Rock
|move|p2a: Venusaur|Leech Seed|p1a: Latios
|-start|p1a: Latios|move: Leech Seed
|
|-damage|p1a: Latios|274\/364|[from] Leech Seed|[of] p2a: Venusaur
|-heal|p2a: Venusaur|328\/364|[silent]
|turn|5
|
|switch|p1a: Scizor|Scizor, F|281\/281
|-damage|p1a: Scizor|246\/281|[from] Stealth Rock
|move|p2a: Venusaur|Giga Drain|p1a: Scizor
|-resisted|p1a: Scizor
|-damage|p1a: Scizor|212\/281
|-heal|p2a: Venusaur|345\/364|[from] drain|[of] p1a: Scizor
|
|turn|6
|
|switch|p1a: Latios|Latios, M|274\/364
|-damage|p1a: Latios|229\/364|[from] Stealth Rock
|move|p2a: Venusaur|Hidden Power|p1a: Latios
|-resisted|p1a: Latios
|-damage|p1a: Latios|204\/364
|
|turn|7
|join|yuy
|
|switch|p1a: Landorus-Therian|Landorus-Therian, M|280\/319
|-damage|p1a: Landorus-Therian|241\/319|[from] Stealth Rock
|-ability|p1a: Landorus-Therian|Intimidate|[of] p2a: Venusaur
|-unboost|p2a: Venusaur|atk|1
|switch|p2a: Heatran|Heatran, F|234\/340
|-damage|p2a: Heatran|192\/340|[from] Stealth Rock
|
|turn|8
|
|move|p1a: Landorus-Therian|Earthquake|p2a: Heatran
|-supereffective|p2a: Heatran
|-damage|p2a: Heatran|0 fnt
|faint|p2a: Heatran
|
|
|switch|p2a: Keldeo|Keldeo|323\/323
|-damage|p2a: Keldeo|303\/323|[from] Stealth Rock
|turn|9
|
|switch|p1a: Latios|Latios, M|204\/364
|-damage|p1a: Latios|159\/364|[from] Stealth Rock
|move|p2a: Keldeo|Substitute|p2a: Keldeo
|-start|p2a: Keldeo|Substitute
|-damage|p2a: Keldeo|223\/323
|
|-heal|p2a: Keldeo|243\/323|[from] item: Leftovers
|turn|10
|
|move|p1a: Latios|Light Screen|p1a: Latios
|-sidestart|p1: miasmata|move: Light Screen
|move|p2a: Keldeo|Scald|p1a: Latios
|-crit|p1a: Latios
|-resisted|p1a: Latios
|-damage|p1a: Latios|60\/364
|-status|p1a: Latios|brn
|
|-heal|p2a: Keldeo|263\/323|[from] item: Leftovers
|-damage|p1a: Latios|15\/364 brn|[from] brn
|turn|11
|
|move|p1a: Latios|Safeguard|p1a: Latios
|-sidestart|p1: miasmata|Safeguard
|move|p2a: Keldeo|Calm Mind|p2a: Keldeo
|-boost|p2a: Keldeo|spa|1
|-boost|p2a: Keldeo|spd|1
|
|-heal|p2a: Keldeo|283\/323|[from] item: Leftovers
|-damage|p1a: Latios|0 fnt|[from] brn
|faint|p1a: Latios
|
|switch|p1a: Cloyster|Cloyster, F|247\/247
|-damage|p1a: Cloyster|186\/247|[from] Stealth Rock
|turn|12
|c| CleanerThanRotom-W|amazing player
|
|move|p2a: Keldeo|Secret Sword|p1a: Cloyster
|-supereffective|p1a: Cloyster
|-damage|p1a: Cloyster|59\/247
|move|p1a: Cloyster|Shell Smash|p1a: Cloyster
|-boost|p1a: Cloyster|atk|2
|-boost|p1a: Cloyster|spa|2
|-boost|p1a: Cloyster|spe|2
|-unboost|p1a: Cloyster|def|1
|-unboost|p1a: Cloyster|spd|1
|
|-heal|p2a: Keldeo|303\/323|[from] item: Leftovers
|turn|13
|
|move|p1a: Cloyster|Icicle Spear|p2a: Keldeo
|-resisted|p2a: Keldeo
|-activate|p2a: Keldeo|Substitute|[damage]
|-resisted|p2a: Keldeo
|-end|p2a: Keldeo|Substitute
|-resisted|p2a: Keldeo
|-damage|p2a: Keldeo|259\/323
|-resisted|p2a: Keldeo
|-damage|p2a: Keldeo|214\/323
|-resisted|p2a: Keldeo
|-damage|p2a: Keldeo|170\/323
|-hitcount|p2a: Keldeo|5
|move|p2a: Keldeo|Secret Sword|p1a: Cloyster
|-supereffective|p1a: Cloyster
|-damage|p1a: Cloyster|0 fnt
|faint|p1a: Cloyster
|
|-heal|p2a: Keldeo|190\/323|[from] item: Leftovers
|
|switch|p1a: Azumarill|Azumarill, F|364\/364
|-damage|p1a: Azumarill|319\/364|[from] Stealth Rock
|turn|14
|
|switch|p1a: Landorus-Therian|Landorus-Therian, M|241\/319
|-damage|p1a: Landorus-Therian|202\/319|[from] Stealth Rock
|-ability|p1a: Landorus-Therian|Intimidate|[of] p2a: Keldeo
|-unboost|p2a: Keldeo|atk|1
|move|p2a: Keldeo|Scald|p1a: Landorus-Therian
|-supereffective|p1a: Landorus-Therian
|-damage|p1a: Landorus-Therian|0 fnt
|faint|p1a: Landorus-Therian
|
|-heal|p2a: Keldeo|210\/323|[from] item: Leftovers
|-message|miasmata forfeited.
|
|win|wish killer
|raw|Ladder updating...
|leave|miasmata
|player|p1
|leave|yuy
|join|yuy
|raw|Ladder (probably) updated, but score could not be retrieved (timeout).
|raw|Ladder (probably) updated, but score could not be retrieved (Error: socket hang up).