|join|elzy
|join|UnBolievable
|player|p1|elzy|265
|player|p2|UnBolievable|153
|gametype|singles
|gen|6
|tier|OU
|rated
|clearpoke
|poke|p1|Hawlucha, F
|poke|p1|Porygon2
|poke|p1|Gengar, F
|poke|p1|Metagross
|poke|p1|Venusaur, M
|poke|p1|Umbreon, M
|poke|p2|Milotic, F, shiny
|poke|p2|Heatran, F
|poke|p2|Conkeldurr, M, shiny
|poke|p2|Gardevoir, F, shiny
|poke|p2|Latios, M
|poke|p2|Kyurem-Black, shiny
|rule|Swagger Clause: Swagger is banned
|rule|Baton Pass Clause: Limit one Pokémon knowing Baton Pass
|rule|Sleep Clause Mod: Limit one foe put to sleep
|rule|Species Clause: Limit one of each Pokémon
|rule|OHKO Clause: OHKO moves are banned
|rule|Moody Clause: Moody is banned
|rule|Evasion Moves Clause: Evasion moves are banned
|rule|Endless Battle Clause: Forcing endless battles is banned
|rule|HP Percentage Mod: HP is shown in percentages
|teampreview
|
|start
|switch|p1a: Mr.crujidor|Hawlucha, F|298\/298
|switch|p2a: Gardevoir|Gardevoir, F, shiny|277\/277
|-ability|p2a: Gardevoir|Limber|[from] ability: Trace|[of] p1a: Mr.crujidor
|turn|1
|
|switch|p2a: Heatran|Heatran, F|378\/378
|move|p1a: Mr.crujidor|U-turn|p2a: Heatran
|-resisted|p2a: Heatran
|-damage|p2a: Heatran|364\/378
|
|switch|p1a: I am fat|Venusaur, M|364\/364
|
|-heal|p2a: Heatran|378\/378|[from] item: Leftovers
|turn|2
|
|move|p2a: Heatran|Stealth Rock|p1a: I am fat
|-sidestart|p1: elzy|move: Stealth Rock
|move|p1a: I am fat|Knock Off|p2a: Heatran
|-damage|p2a: Heatran|323\/378
|-enditem|p2a: Heatran|Leftovers|[from] move: Knock Off|[of] p1a: I am fat
|
|turn|3
|
|detailschange|p1a: I am fat|Venusaur-Mega, M
|message|Venusaur has Mega Evolved into Mega Venusaur!
|move|p2a: Heatran|Lava Plume|p1a: I am fat
|-supereffective|p1a: I am fat
|-damage|p1a: I am fat|278\/364
|move|p1a: I am fat|Earthquake|p2a: Heatran
|-supereffective|p2a: Heatran
|-damage|p2a: Heatran|35\/378
|
|turn|4
|
|move|p2a: Heatran|Lava Plume|p1a: I am fat
|-supereffective|p1a: I am fat
|-damage|p1a: I am fat|188\/364
|-status|p1a: I am fat|brn
|move|p1a: I am fat|Knock Off|p2a: Heatran
|-damage|p2a: Heatran|13\/378
|
|-damage|p1a: I am fat|143\/364 brn|[from] brn
|turn|5
|
|switch|p2a: Latios|Latios, M|301\/301
|move|p1a: I am fat|Synthesis|p1a: I am fat
|-heal|p1a: I am fat|325\/364 brn
|
|-damage|p1a: I am fat|280\/364 brn|[from] brn
|turn|6
|
|switch|p1a: Umbreon|Umbreon, M|394\/394
|-damage|p1a: Umbreon|345\/394|[from] Stealth Rock
|move|p2a: Latios|Psyshock|p1a: Umbreon
|-immune|p1a: Umbreon|[msg]
|
|-heal|p1a: Umbreon|369\/394|[from] item: Leftovers
|turn|7
|
|switch|p2a: Conkeldurr|Conkeldurr, M, shiny|414\/414
|move|p1a: Umbreon|Heal Bell|p1a: Umbreon
|-cureteam|p1a: Umbreon|[from] move: HealBell
|
|-heal|p1a: Umbreon|393\/394|[from] item: Leftovers
|turn|8
|
|switch|p1a: I am fat|Venusaur-Mega, M|280\/364
|-damage|p1a: I am fat|235\/364|[from] Stealth Rock
|move|p2a: Conkeldurr|Fire Punch|p1a: I am fat
|-supereffective|p1a: I am fat
|-damage|p1a: I am fat|167\/364
|
|turn|9
|
|move|p1a: I am fat|Leech Seed|p2a: Conkeldurr
|-start|p2a: Conkeldurr|move: Leech Seed
|move|p2a: Conkeldurr|Fire Punch|p1a: I am fat
|-supereffective|p1a: I am fat
|-damage|p1a: I am fat|91\/364
|-status|p1a: I am fat|brn
|
|-damage|p2a: Conkeldurr|363\/414|[from] Leech Seed|[of] p1a: I am fat
|-heal|p1a: I am fat|142\/364 brn|[silent]
|-damage|p1a: I am fat|97\/364 brn|[from] brn
|turn|10
|
|switch|p2a: Heatran|Heatran, F|13\/378
|move|p1a: I am fat|Synthesis|p1a: I am fat
|-heal|p1a: I am fat|279\/364 brn
|
|-damage|p1a: I am fat|234\/364 brn|[from] brn
|turn|11
|
|switch|p1a: Umbreon|Umbreon, M|393\/394
|-damage|p1a: Umbreon|344\/394|[from] Stealth Rock
|move|p2a: Heatran|Lava Plume|p1a: Umbreon
|-damage|p1a: Umbreon|259\/394
|
|-heal|p1a: Umbreon|283\/394|[from] item: Leftovers
|turn|12
|
|move|p2a: Heatran|Lava Plume|p1a: Umbreon
|-damage|p1a: Umbreon|202\/394
|move|p1a: Umbreon|Foul Play|p2a: Heatran
|-damage|p2a: Heatran|0 fnt
|faint|p2a: Heatran
|
|-heal|p1a: Umbreon|226\/394|[from] item: Leftovers
|
|switch|p2a: Gardevoir|Gardevoir, F, shiny|277\/277
|-ability|p2a: Gardevoir|Synchronize|[from] ability: Trace|[of] p1a: Umbreon
|turn|13
|
|switch|p1a: Metaweight|Metagross|364\/364
|-damage|p1a: Metaweight|342\/364|[from] Stealth Rock
|detailschange|p2a: Gardevoir|Gardevoir-Mega, F, shiny
|message|Gardevoir has Mega Evolved into Mega Gardevoir!
|move|p2a: Gardevoir|Hyper Voice|p1a: Metaweight
|-resisted|p1a: Metaweight
|-damage|p1a: Metaweight|207\/364
|
|turn|14
|
|switch|p2a: Milotic|Milotic, F, shiny|394\/394
|move|p1a: Metaweight|Meteor Mash|p2a: Milotic|[miss]
|-miss|p1a: Metaweight|p2a: Milotic
|
|turn|15
|
|switch|p2a: Latios|Latios, M|301\/301
|switch|p1a: Umbreon|Umbreon, M|226\/394
|-damage|p1a: Umbreon|177\/394|[from] Stealth Rock
|
|-heal|p1a: Umbreon|201\/394|[from] item: Leftovers
|turn|16
|
|move|p2a: Latios|Draco Meteor|p1a: Umbreon
|-damage|p1a: Umbreon|2\/394
|-unboost|p2a: Latios|spa|2
|-damage|p2a: Latios|271\/301|[from] item: Life Orb
|move|p1a: Umbreon|Moonlight|p1a: Umbreon
|-heal|p1a: Umbreon|199\/394
|
|-heal|p1a: Umbreon|223\/394|[from] item: Leftovers
|turn|17
|
|switch|p2a: Gardevoir|Gardevoir-Mega, F, shiny|277\/277
|move|p1a: Umbreon|Moonlight|p1a: Umbreon
|-heal|p1a: Umbreon|394\/394
|
|turn|18
|
|move|p2a: Gardevoir|Hyper Voice|p1a: Umbreon
|-supereffective|p1a: Umbreon
|-damage|p1a: Umbreon|70\/394
|move|p1a: Umbreon|Heal Bell|p1a: Umbreon
|-cureteam|p1a: Umbreon|[from] move: HealBell
|
|-heal|p1a: Umbreon|94\/394|[from] item: Leftovers
|turn|19
|
|switch|p1a: Don risas|Gengar, F|262\/262
|-damage|p1a: Don risas|230\/262|[from] Stealth Rock
|move|p2a: Gardevoir|Hyper Voice|p1a: Don risas
|-resisted|p1a: Don risas
|-damage|p1a: Don risas|77\/262
|
|turn|20
|
|switch|p2a: Milotic|Milotic, F, shiny|394\/394
|move|p1a: Don risas|Sludge Bomb|p2a: Milotic
|-damage|p2a: Milotic|246\/394
|-damage|p1a: Don risas|51\/262|[from] item: Life Orb
|
|-heal|p2a: Milotic|270\/394|[from] item: Leftovers
|turn|21
|
|move|p1a: Don risas|Energy Ball|p2a: Milotic
|-supereffective|p2a: Milotic
|-damage|p2a: Milotic|78\/394
|-damage|p1a: Don risas|25\/262|[from] item: Life Orb
|move|p2a: Milotic|Scald|p1a: Don risas
|-damage|p1a: Don risas|0 fnt
|faint|p1a: Don risas
|
|-heal|p2a: Milotic|102\/394|[from] item: Leftovers
|
|switch|p1a: Mr.crujidor|Hawlucha, F|298\/298
|-damage|p1a: Mr.crujidor|261\/298|[from] Stealth Rock
|turn|22
|-message|UnBolievable lost due to inactivity.
|
|win|elzy
|raw|Ladder updating...
|raw|Ladder (probably) updated, but score could not be retrieved (timeout).
|raw|Ladder (probably) updated, but score could not be retrieved (Error: socket hang up).