|join|elzy
|join|Blawado
|player|p1|elzy|102
|player|p2|Blawado|47
|gametype|singles
|gen|6
|tier|OU
|rated
|clearpoke
|poke|p1|Slowbro, M
|poke|p1|Sylveon, M
|poke|p1|Conkeldurr, F
|poke|p1|Venusaur, F
|poke|p1|Greninja, M
|poke|p1|Excadrill, F
|poke|p2|Skarmory, M
|poke|p2|Excadrill, M
|poke|p2|Breloom, M
|poke|p2|Weavile, M
|poke|p2|Volcarona, M
|poke|p2|Lopunny, M
|rule|Swagger Clause: Swagger is banned
|rule|Baton Pass Clause: Limit one Pokémon knowing Baton Pass
|rule|Sleep Clause Mod: Limit one foe put to sleep
|rule|Species Clause: Limit one of each Pokémon
|rule|OHKO Clause: OHKO moves are banned
|rule|Moody Clause: Moody is banned
|rule|Evasion Moves Clause: Evasion moves are banned
|rule|Endless Battle Clause: Forcing endless battles is banned
|rule|HP Percentage Mod: HP is shown in percentages
|teampreview
|
|start
|switch|p1a: Sylveon|Sylveon, M|394\/394
|switch|p2a: Volcarona|Volcarona, M|373\/373
|turn|1
|
|switch|p1a: Conkeldurr|Conkeldurr, F|414\/414
|move|p2a: Volcarona|Quiver Dance|p2a: Volcarona
|-boost|p2a: Volcarona|spa|1
|-boost|p2a: Volcarona|spd|1
|-boost|p2a: Volcarona|spe|1
|
|turn|2
|
|move|p2a: Volcarona|Quiver Dance|p2a: Volcarona
|-boost|p2a: Volcarona|spa|1
|-boost|p2a: Volcarona|spd|1
|-boost|p2a: Volcarona|spe|1
|move|p1a: Conkeldurr|Knock Off|p2a: Volcarona
|-damage|p2a: Volcarona|233\/373
|-enditem|p2a: Volcarona|Leftovers|[from] move: Knock Off|[of] p1a: Conkeldurr
|
|turn|3
|
|move|p2a: Volcarona|Fiery Dance|p1a: Conkeldurr
|-damage|p1a: Conkeldurr|170\/414
|-boost|p2a: Volcarona|spa|1
|move|p1a: Conkeldurr|Knock Off|p2a: Volcarona
|-damage|p2a: Volcarona|134\/373
|
|turn|4
|
|move|p2a: Volcarona|Fiery Dance|p1a: Conkeldurr
|-damage|p1a: Conkeldurr|0 fnt
|-boost|p2a: Volcarona|spa|1
|faint|p1a: Conkeldurr
|
|
|switch|p1a: Venusaur|Venusaur, F|364\/364
|turn|5
|c|★Blawado|gg
|
|detailschange|p1a: Venusaur|Venusaur-Mega, F
|message|Venusaur has Mega Evolved into Mega Venusaur!
|move|p2a: Volcarona|Fiery Dance|p1a: Venusaur
|-supereffective|p1a: Venusaur
|-damage|p1a: Venusaur|70\/364
|-boost|p2a: Volcarona|spa|1
|move|p1a: Venusaur|Earthquake|p2a: Volcarona
|-damage|p2a: Volcarona|51\/373
|
|turn|6
|
|move|p2a: Volcarona|Fiery Dance|p1a: Venusaur
|-supereffective|p1a: Venusaur
|-damage|p1a: Venusaur|0 fnt
|faint|p1a: Venusaur
|
|
|switch|p1a: Sylveon|Sylveon, M|394\/394
|turn|7
|
|move|p2a: Volcarona|Fiery Dance|p1a: Sylveon
|-damage|p1a: Sylveon|120\/394
|-boost|p2a: Volcarona|spa|1
|move|p1a: Sylveon|Hyper Voice|p2a: Volcarona
|-crit|p2a: Volcarona
|-resisted|p2a: Volcarona
|-damage|p2a: Volcarona|0 fnt
|faint|p2a: Volcarona
|
|-heal|p1a: Sylveon|144\/394|[from] item: Leftovers
|c|★Blawado|ahhh the crit xD
|
|switch|p2a: Lopunny|Lopunny, M|272\/272
|turn|8
|
|detailschange|p2a: Lopunny|Lopunny-Mega, M
|message|Lopunny has Mega Evolved into Mega Lopunny!
|move|p1a: Sylveon|Protect|p1a: Sylveon
|-singleturn|p1a: Sylveon|Protect
|move|p2a: Lopunny|Fake Out|p1a: Sylveon
|-activate|p1a: Sylveon|Protect
|
|-heal|p1a: Sylveon|168\/394|[from] item: Leftovers
|turn|9
|
|switch|p1a: Slowbro|Slowbro, M|394\/394
|move|p2a: Lopunny|Return|p1a: Slowbro
|-damage|p1a: Slowbro|258\/394
|
|-heal|p1a: Slowbro|282\/394|[from] item: Leftovers
|turn|10
|
|switch|p2a: Weavile|Weavile, M|282\/282
|move|p1a: Slowbro|Toxic|p2a: Weavile
|-status|p2a: Weavile|tox
|
|-heal|p1a: Slowbro|306\/394|[from] item: Leftovers
|-damage|p2a: Weavile|265\/282 tox|[from] psn
|turn|11
|
|switch|p1a: Sylveon|Sylveon, M|168\/394
|move|p2a: Weavile|Knock Off|p1a: Sylveon
|-resisted|p1a: Sylveon
|-damage|p1a: Sylveon|54\/394
|-enditem|p1a: Sylveon|Leftovers|[from] move: Knock Off|[of] p2a: Weavile
|
|-damage|p2a: Weavile|231\/282 tox|[from] psn
|turn|12
|
|move|p2a: Weavile|Ice Shard|p1a: Sylveon
|-damage|p1a: Sylveon|0 fnt
|faint|p1a: Sylveon
|
|-damage|p2a: Weavile|180\/282 tox|[from] psn
|
|switch|p1a: Excadrill|Excadrill, F|362\/362
|-ability|p1a: Excadrill|Mold Breaker
|turn|13
|
|move|p1a: Excadrill|Iron Head|p2a: Weavile
|-supereffective|p2a: Weavile
|-damage|p2a: Weavile|0 fnt
|faint|p2a: Weavile
|
|
|switch|p2a: Lopunny|Lopunny-Mega, M|272\/272
|turn|14
|
|move|p2a: Lopunny|Fake Out|p1a: Excadrill
|-resisted|p1a: Excadrill
|-damage|p1a: Excadrill|308\/362
|cant|p1a: Excadrill|flinch
|
|turn|15
|
|switch|p2a: Skarmory|Skarmory, M|334\/334
|move|p1a: Excadrill|Iron Head|p2a: Skarmory
|-resisted|p2a: Skarmory
|-damage|p2a: Skarmory|289\/334
|-damage|p1a: Excadrill|248\/362|[from] item: Rocky Helmet|[of] p2a: Skarmory
|
|turn|16
|
|switch|p1a: Greninja|Greninja, M|286\/286
|move|p2a: Skarmory|Stealth Rock|p1a: Greninja
|-sidestart|p1: elzy|move: Stealth Rock
|
|turn|17
|
|move|p1a: Greninja|Hydro Pump|p2a: Skarmory
|-start|p1a: Greninja|typechange|Water|[from] Protean
|-damage|p2a: Skarmory|0 fnt
|-damage|p1a: Greninja|258\/286|[from] item: Life Orb
|faint|p2a: Skarmory
|
|
|switch|p2a: Breloom|Breloom, M|262\/262
|turn|18
|
|move|p1a: Greninja|Extrasensory|p2a: Breloom
|-start|p1a: Greninja|typechange|Psychic|[from] Protean
|-supereffective|p2a: Breloom
|-enditem|p2a: Breloom|Focus Sash
|-damage|p2a: Breloom|1\/262
|-damage|p1a: Greninja|230\/286|[from] item: Life Orb
|move|p2a: Breloom|Bullet Seed|p1a: Greninja
|-damage|p1a: Greninja|139\/286
|-damage|p1a: Greninja|40\/286
|-damage|p1a: Greninja|0 fnt
|-hitcount|p1a: Greninja|3
|faint|p1a: Greninja
|
|
|switch|p1a: Excadrill|Excadrill, F|248\/362
|-damage|p1a: Excadrill|237\/362|[from] Stealth Rock
|-ability|p1a: Excadrill|Mold Breaker
|turn|19
|
|move|p2a: Breloom|Mach Punch|p1a: Excadrill
|-supereffective|p1a: Excadrill
|-damage|p1a: Excadrill|0 fnt
|faint|p1a: Excadrill
|
|
|switch|p1a: Slowbro|Slowbro, M|394\/394
|-damage|p1a: Slowbro|345\/394|[from] Stealth Rock
|turn|20
|
|move|p2a: Breloom|Bullet Seed|p1a: Slowbro
|-supereffective|p1a: Slowbro
|-damage|p1a: Slowbro|255\/394
|-supereffective|p1a: Slowbro
|-damage|p1a: Slowbro|157\/394
|-hitcount|p1a: Slowbro|2
|move|p1a: Slowbro|Ice Beam|p2a: Breloom
|-supereffective|p2a: Breloom
|-damage|p2a: Breloom|0 fnt
|faint|p2a: Breloom
|
|-heal|p1a: Slowbro|181\/394|[from] item: Leftovers
|
|switch|p2a: Lopunny|Lopunny-Mega, M|272\/272
|turn|21
|
|move|p2a: Lopunny|Fake Out|p1a: Slowbro
|-damage|p1a: Slowbro|133\/394
|cant|p1a: Slowbro|flinch
|
|-heal|p1a: Slowbro|157\/394|[from] item: Leftovers
|turn|22
|
|move|p2a: Lopunny|Return|p1a: Slowbro
|-damage|p1a: Slowbro|16\/394
|move|p1a: Slowbro|Slack Off|p1a: Slowbro
|-heal|p1a: Slowbro|213\/394
|
|-heal|p1a: Slowbro|237\/394|[from] item: Leftovers
|turn|23
|
|move|p2a: Lopunny|Return|p1a: Slowbro
|-damage|p1a: Slowbro|105\/394
|move|p1a: Slowbro|Slack Off|p1a: Slowbro
|-heal|p1a: Slowbro|302\/394
|
|-heal|p1a: Slowbro|326\/394|[from] item: Leftovers
|turn|24
|
|move|p2a: Lopunny|Return|p1a: Slowbro
|-damage|p1a: Slowbro|185\/394
|move|p1a: Slowbro|Scald|p2a: Lopunny
|-damage|p2a: Lopunny|178\/272
|
|-heal|p1a: Slowbro|209\/394|[from] item: Leftovers
|turn|25
|
|move|p2a: Lopunny|Return|p1a: Slowbro
|-damage|p1a: Slowbro|83\/394
|move|p1a: Slowbro|Slack Off|p1a: Slowbro
|-heal|p1a: Slowbro|280\/394
|
|-heal|p1a: Slowbro|304\/394|[from] item: Leftovers
|turn|26
|
|move|p2a: Lopunny|Return|p1a: Slowbro
|-damage|p1a: Slowbro|168\/394
|move|p1a: Slowbro|Scald|p2a: Lopunny
|-damage|p2a: Lopunny|88\/272
|-status|p2a: Lopunny|brn
|
|-heal|p1a: Slowbro|192\/394|[from] item: Leftovers
|-damage|p2a: Lopunny|54\/272 brn|[from] brn
|turn|27
|
|move|p2a: Lopunny|Return|p1a: Slowbro
|-damage|p1a: Slowbro|123\/394
|move|p1a: Slowbro|Slack Off|p1a: Slowbro
|-heal|p1a: Slowbro|320\/394
|
|-heal|p1a: Slowbro|344\/394|[from] item: Leftovers
|-damage|p2a: Lopunny|20\/272 brn|[from] brn
|turn|28
|
|move|p2a: Lopunny|Return|p1a: Slowbro
|-damage|p1a: Slowbro|281\/394
|move|p1a: Slowbro|Slack Off|p1a: Slowbro
|-heal|p1a: Slowbro|394\/394
|
|-damage|p2a: Lopunny|0 fnt|[from] brn
|faint|p2a: Lopunny
|
|switch|p2a: Excadrill|Excadrill, M|362\/362
|-ability|p2a: Excadrill|Mold Breaker
|turn|29
|
|move|p2a: Excadrill|Earthquake|p1a: Slowbro
|-damage|p1a: Slowbro|274\/394
|move|p1a: Slowbro|Scald|p2a: Excadrill
|-supereffective|p2a: Excadrill
|-damage|p2a: Excadrill|72\/362
|
|-heal|p1a: Slowbro|298\/394|[from] item: Leftovers
|turn|30
|c|★Blawado|cant belive this xD
|
|move|p2a: Excadrill|Earthquake|p1a: Slowbro
|-damage|p1a: Slowbro|178\/394
|move|p1a: Slowbro|Scald|p2a: Excadrill
|-supereffective|p2a: Excadrill
|-damage|p2a: Excadrill|0 fnt
|faint|p2a: Excadrill
|
|win|elzy
|raw|Ladder updating...
|raw|elzy's rating: 1508 &rarr; <strong>1525<\/strong><br \/>(+17 for winning)
|raw|Blawado's rating: 1448 &rarr; <strong>1431<\/strong><br \/>(-17 for losing)