|join|elzy
|join|Tenshinhan
|player|p1|elzy|2
|player|p2|Tenshinhan|121
|gametype|singles
|gen|6
|tier|OU
|clearpoke
|poke|p1|Hawlucha, M
|poke|p1|Porygon2
|poke|p1|Gengar, M
|poke|p1|Metagross
|poke|p1|Venusaur, F
|poke|p1|Umbreon, F
|poke|p2|Excadrill, M
|poke|p2|Terrakion
|poke|p2|Dragonite, F
|poke|p2|Venusaur, M
|poke|p2|Heatran, M
|poke|p2|Rotom-Wash
|rule|Swagger Clause: Swagger is banned
|rule|Baton Pass Clause: Limit one Pokémon knowing Baton Pass
|rule|Sleep Clause Mod: Limit one foe put to sleep
|rule|Species Clause: Limit one of each Pokémon
|rule|OHKO Clause: OHKO moves are banned
|rule|Moody Clause: Moody is banned
|rule|Evasion Moves Clause: Evasion moves are banned
|rule|Endless Battle Clause: Forcing endless battles is banned
|rule|HP Percentage Mod: HP is shown in percentages
|teampreview
|c|★Tenshinhan|suerte!
|c|★elzy|buena suerte
|
|start
|switch|p1a: I am fat|Venusaur, F|364\/364
|switch|p2a: Rotom-Wash|Rotom-Wash|304\/304
|turn|1
|
|detailschange|p1a: I am fat|Venusaur-Mega, F
|message|Venusaur has Mega Evolved into Mega Venusaur!
|move|p2a: Rotom-Wash|Volt Switch|p1a: I am fat
|-resisted|p1a: I am fat
|-damage|p1a: I am fat|332\/364
|
|switch|p2a: Heatran|Heatran, M|324\/324
|move|p1a: I am fat|Knock Off|p2a: Heatran
|-damage|p2a: Heatran|246\/324
|-enditem|p2a: Heatran|Leftovers|[from] move: Knock Off|[of] p1a: I am fat
|
|turn|2
|
|move|p2a: Heatran|Stealth Rock|p1a: I am fat
|-sidestart|p1: elzy|move: Stealth Rock
|move|p1a: I am fat|Earthquake|p2a: Heatran
|-supereffective|p2a: Heatran
|-damage|p2a: Heatran|0 fnt
|faint|p2a: Heatran
|
|
|switch|p2a: Venusaur|Venusaur, M|359\/359
|turn|3
|
|switch|p1a: Metaweight|Metagross|364\/364
|-damage|p1a: Metaweight|342\/364|[from] Stealth Rock
|detailschange|p2a: Venusaur|Venusaur-Mega, M
|message|Venusaur has Mega Evolved into Mega Venusaur!
|move|p2a: Venusaur|Hidden Power|p1a: Metaweight
|-supereffective|p1a: Metaweight
|-damage|p1a: Metaweight|164\/364
|-enditem|p1a: Metaweight|Sitrus Berry|[eat]
|-heal|p1a: Metaweight|255\/364|[from] item: Sitrus Berry
|
|turn|4
|
|switch|p2a: Rotom-Wash|Rotom-Wash|304\/304
|move|p1a: Metaweight|Zen Headbutt|p2a: Rotom-Wash
|-damage|p2a: Rotom-Wash|219\/304
|
|-heal|p2a: Rotom-Wash|238\/304|[from] item: Leftovers
|turn|5
|
|switch|p1a: Umbreon|Umbreon, F|394\/394
|-damage|p1a: Umbreon|345\/394|[from] Stealth Rock
|move|p2a: Rotom-Wash|Will-O-Wisp|p1a: Umbreon
|-status|p1a: Umbreon|brn
|-status|p2a: Rotom-Wash|brn
|
|-heal|p2a: Rotom-Wash|257\/304 brn|[from] item: Leftovers
|-heal|p1a: Umbreon|369\/394 brn|[from] item: Leftovers
|-damage|p2a: Rotom-Wash|219\/304 brn|[from] brn
|-damage|p1a: Umbreon|320\/394 brn|[from] brn
|turn|6
|
|move|p2a: Rotom-Wash|Volt Switch|p1a: Umbreon
|-damage|p1a: Umbreon|266\/394 brn
|
|switch|p2a: Terrakion|Terrakion|324\/324
|move|p1a: Umbreon|Heal Bell|p1a: Umbreon
|-cureteam|p1a: Umbreon|[from] move: HealBell
|
|-heal|p1a: Umbreon|290\/394|[from] item: Leftovers
|turn|7
|
|switch|p1a: Don risas|Gengar, M|262\/262
|-damage|p1a: Don risas|230\/262|[from] Stealth Rock
|move|p2a: Terrakion|Stone Edge|p1a: Don risas
|-damage|p1a: Don risas|0 fnt
|faint|p1a: Don risas
|
|
|switch|p1a: I am fat|Venusaur-Mega, F|332\/364
|-damage|p1a: I am fat|287\/364|[from] Stealth Rock
|turn|8
|
|switch|p2a: Venusaur|Venusaur-Mega, M|359\/359
|move|p1a: I am fat|Leech Seed|p2a: Venusaur
|-immune|p2a: Venusaur|[msg]
|
|turn|9
|
|move|p2a: Venusaur|Sludge Bomb|p1a: I am fat
|-damage|p1a: I am fat|149\/364
|move|p1a: I am fat|Knock Off|p2a: Venusaur
|-damage|p2a: Venusaur|312\/359
|
|turn|10
|
|move|p2a: Venusaur|Sludge Bomb|p1a: I am fat
|-damage|p1a: I am fat|17\/364
|move|p1a: I am fat|Synthesis|p1a: I am fat
|-heal|p1a: I am fat|199\/364
|
|turn|11
|
|move|p2a: Venusaur|Sludge Bomb|p1a: I am fat
|-damage|p1a: I am fat|61\/364
|move|p1a: I am fat|Synthesis|p1a: I am fat
|-heal|p1a: I am fat|243\/364
|
|turn|12
|
|switch|p1a: Metaweight|Metagross|255\/364
|-damage|p1a: Metaweight|233\/364|[from] Stealth Rock
|move|p2a: Venusaur|Sludge Bomb|p1a: Metaweight
|-immune|p1a: Metaweight|[msg]
|
|turn|13
|
|switch|p2a: Rotom-Wash|Rotom-Wash|219\/304 brn
|move|p1a: Metaweight|Zen Headbutt|p2a: Rotom-Wash
|-damage|p2a: Rotom-Wash|125\/304 brn
|
|-heal|p2a: Rotom-Wash|144\/304 brn|[from] item: Leftovers
|-damage|p2a: Rotom-Wash|106\/304 brn|[from] brn
|turn|14
|
|switch|p1a: Trollygon2|Porygon2|374\/374
|-damage|p1a: Trollygon2|328\/374|[from] Stealth Rock
|-boost|p1a: Trollygon2|spa|1|[from] ability: Download
|move|p2a: Rotom-Wash|Pain Split|p1a: Trollygon2
|-sethp|p1a: Trollygon2|217\/374|p2a: Rotom-Wash|217\/304 brn|[from] move: Pain Split
|
|-heal|p2a: Rotom-Wash|236\/304 brn|[from] item: Leftovers
|-damage|p2a: Rotom-Wash|198\/304 brn|[from] brn
|turn|15
|
|move|p2a: Rotom-Wash|Will-O-Wisp|p1a: Trollygon2
|-status|p1a: Trollygon2|brn
|move|p1a: Trollygon2|Recover|p1a: Trollygon2
|-heal|p1a: Trollygon2|374\/374 brn
|
|-heal|p2a: Rotom-Wash|217\/304 brn|[from] item: Leftovers
|-damage|p2a: Rotom-Wash|179\/304 brn|[from] brn
|-damage|p1a: Trollygon2|328\/374 brn|[from] brn
|turn|16
|
|move|p2a: Rotom-Wash|Volt Switch|p1a: Trollygon2
|-damage|p1a: Trollygon2|274\/374 brn
|
|switch|p2a: Venusaur|Venusaur-Mega, M|312\/359
|move|p1a: Trollygon2|Thunderbolt|p2a: Venusaur
|-resisted|p2a: Venusaur
|-damage|p2a: Venusaur|253\/359
|
|-damage|p1a: Trollygon2|228\/374 brn|[from] brn
|turn|17
|
|move|p2a: Venusaur|Giga Drain|p1a: Trollygon2
|-crit|p1a: Trollygon2
|-damage|p1a: Trollygon2|99\/374 brn
|-heal|p2a: Venusaur|318\/359|[from] drain|[of] p1a: Trollygon2
|move|p1a: Trollygon2|Thunder Wave|p2a: Venusaur
|-status|p2a: Venusaur|par
|
|-damage|p1a: Trollygon2|53\/374 brn|[from] brn
|turn|18
|
|switch|p2a: Terrakion|Terrakion|324\/324
|move|p1a: Trollygon2|Recover|p1a: Trollygon2
|-heal|p1a: Trollygon2|240\/374 brn
|
|-damage|p1a: Trollygon2|194\/374 brn|[from] brn
|turn|19
|
|move|p2a: Terrakion|Close Combat|p1a: Trollygon2
|-supereffective|p1a: Trollygon2
|-damage|p1a: Trollygon2|0 fnt
|-unboost|p2a: Terrakion|def|1
|-unboost|p2a: Terrakion|spd|1
|faint|p1a: Trollygon2
|
|
|switch|p1a: Mr.crujidor|Hawlucha, M|298\/298
|-damage|p1a: Mr.crujidor|261\/298|[from] Stealth Rock
|turn|20
|
|switch|p2a: Rotom-Wash|Rotom-Wash|179\/304 brn
|move|p1a: Mr.crujidor|High Jump Kick|p2a: Rotom-Wash
|-damage|p2a: Rotom-Wash|50\/304 brn
|
|-heal|p2a: Rotom-Wash|69\/304 brn|[from] item: Leftovers
|-damage|p2a: Rotom-Wash|31\/304 brn|[from] brn
|turn|21
|
|move|p1a: Mr.crujidor|Acrobatics|p2a: Rotom-Wash
|-resisted|p2a: Rotom-Wash
|-damage|p2a: Rotom-Wash|0 fnt
|faint|p2a: Rotom-Wash
|
|c|★Tenshinhan|data! hawlucha
|
|switch|p2a: Dragonite|Dragonite, F|324\/324
|turn|22
|
|move|p1a: Mr.crujidor|U-turn|p2a: Dragonite
|-crit|p2a: Dragonite
|-resisted|p2a: Dragonite
|-damage|p2a: Dragonite|299\/324
|
|switch|p1a: Metaweight|Metagross|233\/364
|-damage|p1a: Metaweight|211\/364|[from] Stealth Rock
|move|p2a: Dragonite|Dragon Claw|p1a: Metaweight
|-resisted|p1a: Metaweight
|-damage|p1a: Metaweight|166\/364
|
|turn|23
|
|switch|p2a: Excadrill|Excadrill, M|362\/362
|-ability|p2a: Excadrill|Mold Breaker
|move|p1a: Metaweight|Meteor Mash|p2a: Excadrill
|-resisted|p2a: Excadrill
|-damage|p2a: Excadrill|267\/362
|-boost|p1a: Metaweight|atk|1
|
|turn|24
|
|move|p2a: Excadrill|Earthquake|p1a: Metaweight
|-supereffective|p1a: Metaweight
|-damage|p1a: Metaweight|0 fnt
|faint|p1a: Metaweight
|
|
|switch|p1a: Mr.crujidor|Hawlucha, M|261\/298
|-damage|p1a: Mr.crujidor|224\/298|[from] Stealth Rock
|turn|25
|
|switch|p2a: Venusaur|Venusaur-Mega, M|318\/359 par
|move|p1a: Mr.crujidor|High Jump Kick|p2a: Venusaur
|-resisted|p2a: Venusaur
|-damage|p2a: Venusaur|246\/359 par
|
|turn|26
|
|move|p1a: Mr.crujidor|Acrobatics|p2a: Venusaur
|-supereffective|p2a: Venusaur
|-damage|p2a: Venusaur|0 fnt
|faint|p2a: Venusaur
|
|
|switch|p2a: Dragonite|Dragonite, F|299\/324
|turn|27
|
|move|p1a: Mr.crujidor|U-turn|p2a: Dragonite
|-resisted|p2a: Dragonite
|-damage|p2a: Dragonite|262\/324
|
|switch|p1a: Umbreon|Umbreon, F|290\/394
|-damage|p1a: Umbreon|241\/394|[from] Stealth Rock
|move|p2a: Dragonite|Dragon Claw|p1a: Umbreon
|-damage|p1a: Umbreon|106\/394
|
|-heal|p1a: Umbreon|130\/394|[from] item: Leftovers
|turn|28
|
|move|p2a: Dragonite|Dragon Dance|p2a: Dragonite
|-boost|p2a: Dragonite|atk|1
|-boost|p2a: Dragonite|spe|1
|move|p1a: Umbreon|Moonlight|p1a: Umbreon
|-heal|p1a: Umbreon|327\/394
|
|-heal|p1a: Umbreon|351\/394|[from] item: Leftovers
|turn|29
|
|move|p2a: Dragonite|Dragon Claw|p1a: Umbreon
|-damage|p1a: Umbreon|150\/394
|move|p1a: Umbreon|Foul Play|p2a: Dragonite
|-damage|p2a: Dragonite|0 fnt
|faint|p2a: Dragonite
|
|-heal|p1a: Umbreon|174\/394|[from] item: Leftovers
|
|switch|p2a: Terrakion|Terrakion|324\/324
|turn|30
|
|move|p2a: Terrakion|Stone Edge|p1a: Umbreon
|-damage|p1a: Umbreon|0 fnt
|faint|p1a: Umbreon
|
|
|switch|p1a: Mr.crujidor|Hawlucha, M|224\/298
|-damage|p1a: Mr.crujidor|187\/298|[from] Stealth Rock
|turn|31
|
|move|p1a: Mr.crujidor|High Jump Kick|p2a: Terrakion
|-supereffective|p2a: Terrakion
|-damage|p2a: Terrakion|0 fnt
|faint|p2a: Terrakion
|
|
|switch|p2a: Excadrill|Excadrill, M|267\/362
|-ability|p2a: Excadrill|Mold Breaker
|turn|32
|
|move|p2a: Excadrill|Iron Head|p1a: Mr.crujidor
|-damage|p1a: Mr.crujidor|0 fnt
|faint|p1a: Mr.crujidor
|
|
|switch|p1a: I am fat|Venusaur-Mega, F|243\/364
|-damage|p1a: I am fat|198\/364|[from] Stealth Rock
|turn|33
|
|move|p2a: Excadrill|Iron Head|p1a: I am fat
|-damage|p1a: I am fat|80\/364
|move|p1a: I am fat|Synthesis|p1a: I am fat
|-heal|p1a: I am fat|262\/364
|
|turn|34
|
|move|p2a: Excadrill|Iron Head|p1a: I am fat
|-damage|p1a: I am fat|145\/364
|move|p1a: I am fat|Leech Seed|p2a: Excadrill
|-start|p2a: Excadrill|move: Leech Seed
|
|-damage|p2a: Excadrill|222\/362|[from] Leech Seed|[of] p1a: I am fat
|-heal|p1a: I am fat|190\/364|[silent]
|turn|35
|
|move|p2a: Excadrill|Iron Head|p1a: I am fat
|-damage|p1a: I am fat|72\/364
|cant|p1a: I am fat|flinch
|
|-damage|p2a: Excadrill|177\/362|[from] Leech Seed|[of] p1a: I am fat
|-heal|p1a: I am fat|117\/364|[silent]
|turn|36
|
|move|p2a: Excadrill|Iron Head|p1a: I am fat
|-damage|p1a: I am fat|9\/364
|move|p1a: I am fat|Synthesis|p1a: I am fat
|-heal|p1a: I am fat|191\/364
|
|-damage|p2a: Excadrill|132\/362|[from] Leech Seed|[of] p1a: I am fat
|-heal|p1a: I am fat|236\/364|[silent]
|turn|37
|c|★Tenshinhan|joder
|c|★Tenshinhan|vaya mala suerte
|
|move|p2a: Excadrill|Iron Head|p1a: I am fat
|-damage|p1a: I am fat|128\/364
|cant|p1a: I am fat|flinch
|
|-damage|p2a: Excadrill|87\/362|[from] Leech Seed|[of] p1a: I am fat
|-heal|p1a: I am fat|173\/364|[silent]
|turn|38
|
|move|p2a: Excadrill|Iron Head|p1a: I am fat
|-damage|p1a: I am fat|59\/364
|move|p1a: I am fat|Knock Off|p2a: Excadrill
|-damage|p2a: Excadrill|0 fnt
|-enditem|p2a: Excadrill|Choice Scarf|[from] move: Knock Off|[of] p1a: I am fat
|faint|p2a: Excadrill
|
|win|elzy
|c|★Tenshinhan|en fin
|c|★Tenshinhan|cuando la suerte no quiere
|leave|Tenshinhan
|player|p2
|leave|elzy
|player|p1
|join|elzy