|join|King UU
|join|Xerneas For Ubers
|player|p1|King UU|22
|player|p2|Xerneas For Ubers|285
|gametype|singles
|gen|6
|tier|UU
|rated
|rule|Sleep Clause Mod: Limit one foe put to sleep
|rule|Species Clause: Limit one of each Pokémon
|rule|OHKO Clause: OHKO moves are banned
|rule|Moody Clause: Moody is banned
|rule|Evasion Moves Clause: Evasion moves are banned
|rule|Endless Battle Clause: Forcing endless battles is banned
|rule|HP Percentage Mod: HP is shown in percentages
|clearpoke
|poke|p1|Yanmega, F
|poke|p1|Krookodile, M
|poke|p1|Machamp, F
|poke|p1|Jirachi
|poke|p1|Vaporeon, M
|poke|p1|Infernape, M
|poke|p2|Amoonguss, F
|poke|p2|Krookodile, M
|poke|p2|Lopunny, F
|poke|p2|Swampert, M
|poke|p2|Crobat, F
|poke|p2|Umbreon, F
|rule|Swagger Clause: Swagger is banned
|rule|Baton Pass Clause: Limit one Pokémon knowing Baton Pass
|teampreview
|
|start
|switch|p1a: Infernape|Infernape, M|293\/293
|switch|p2a: switchins where|Lopunny, F|271\/271
|turn|1
|
|switch|p1a: Vaporeon|Vaporeon, M|464\/464
|detailschange|p2a: switchins where|Lopunny-Mega, F
|message|Lopunny has Mega Evolved into Mega Lopunny!
|move|p2a: switchins where|Fake Out|p1a: Vaporeon
|-damage|p1a: Vaporeon|374\/464
|
|-heal|p1a: Vaporeon|403\/464|[from] item: Leftovers
|turn|2
|
|switch|p2a: rocks|Swampert, M|404\/404
|move|p1a: Vaporeon|Protect|p1a: Vaporeon
|-fail|p1a: Vaporeon
|
|-heal|p1a: Vaporeon|432\/464|[from] item: Leftovers
|turn|3
|
|move|p1a: Vaporeon|Baton Pass|p1a: Vaporeon
|
|switch|p1a: Infernape|Infernape, M|293\/293
|move|p2a: rocks|Stealth Rock|p1a: Infernape
|-sidestart|p1: King UU|move: Stealth Rock
|
|turn|4
|
|switch|p2a: fast bat|Crobat, F|373\/373
|move|p1a: Infernape|Stealth Rock|p2a: fast bat
|-sidestart|p2: Xerneas For Ubers|move: Stealth Rock
|
|turn|5
|
|move|p2a: fast bat|Brave Bird|p1a: Infernape
|-supereffective|p1a: Infernape
|-enditem|p1a: Infernape|Focus Sash
|-damage|p1a: Infernape|1\/293
|-damage|p2a: fast bat|277\/373|[from] recoil|[of] p1a: Infernape
|move|p1a: Infernape|Fire Blast|p2a: fast bat
|-damage|p2a: fast bat|0 fnt
|faint|p2a: fast bat
|
|
|switch|p2a: switchins where|Lopunny-Mega, F|271\/271
|-damage|p2a: switchins where|255\/271|[from] Stealth Rock
|turn|6
|
|move|p2a: switchins where|Fake Out|p1a: Infernape
|-damage|p1a: Infernape|0 fnt
|faint|p1a: Infernape
|
|
|switch|p1a: Machamp|Machamp, F|321\/321
|-damage|p1a: Machamp|301\/321|[from] Stealth Rock
|turn|7
|
|switch|p2a: keldeo counter|Amoonguss, F|400\/400
|-damage|p2a: keldeo counter|350\/400|[from] Stealth Rock
|move|p1a: Machamp|Dynamic Punch|p2a: keldeo counter
|-resisted|p2a: keldeo counter
|-damage|p2a: keldeo counter|204\/400
|-start|p2a: keldeo counter|confusion
|
|-heal|p2a: keldeo counter|229\/400|[from] item: Black Sludge
|turn|8
|
|move|p1a: Machamp|Dynamic Punch|p2a: keldeo counter
|-resisted|p2a: keldeo counter
|-damage|p2a: keldeo counter|100\/400
|-activate|p2a: keldeo counter|confusion
|move|p2a: keldeo counter|Spore|p1a: Machamp
|-status|p1a: Machamp|slp
|
|-heal|p2a: keldeo counter|125\/400|[from] item: Black Sludge
|turn|9
|
|switch|p2a: rocks|Swampert, M|404\/404
|-damage|p2a: rocks|379\/404|[from] Stealth Rock
|cant|p1a: Machamp|slp
|
|-heal|p2a: rocks|404\/404|[from] item: Leftovers
|turn|10
|
|cant|p1a: Machamp|slp
|move|p2a: rocks|Earthquake|p1a: Machamp
|-damage|p1a: Machamp|154\/321 slp
|
|turn|11
|
|cant|p1a: Machamp|slp
|move|p2a: rocks|Earthquake|p1a: Machamp
|-damage|p1a: Machamp|0 fnt
|faint|p1a: Machamp
|
|
|switch|p1a: Yanmega|Yanmega, F|313\/313
|-damage|p1a: Yanmega|157\/313|[from] Stealth Rock
|turn|12
|
|switch|p2a: keldeo counter|Amoonguss, F|258\/400
|-damage|p2a: keldeo counter|208\/400|[from] Stealth Rock
|move|p1a: Yanmega|Giga Drain|p2a: keldeo counter
|-resisted|p2a: keldeo counter
|-damage|p2a: keldeo counter|172\/400
|-heal|p1a: Yanmega|175\/313|[from] drain|[of] p2a: keldeo counter
|-damage|p1a: Yanmega|144\/313|[from] item: Life Orb
|
|-heal|p2a: keldeo counter|197\/400|[from] item: Black Sludge
|-boost|p1a: Yanmega|spe|1|[from] ability: Speed Boost
|turn|13
|
|switch|p2a: wall|Umbreon, F|394\/394
|-damage|p2a: wall|345\/394|[from] Stealth Rock
|move|p1a: Yanmega|Air Slash|p2a: wall
|-damage|p2a: wall|246\/394
|-damage|p1a: Yanmega|113\/313|[from] item: Life Orb
|
|-heal|p2a: wall|270\/394|[from] item: Leftovers
|-boost|p1a: Yanmega|spe|1|[from] ability: Speed Boost
|turn|14
|
|move|p2a: wall|Protect|p2a: wall
|-singleturn|p2a: wall|Protect
|move|p1a: Yanmega|Bug Buzz|p2a: wall
|-activate|p2a: wall|Protect
|
|-heal|p2a: wall|294\/394|[from] item: Leftovers
|-boost|p1a: Yanmega|spe|1|[from] ability: Speed Boost
|turn|15
|
|move|p1a: Yanmega|Bug Buzz|p2a: wall
|-supereffective|p2a: wall
|-damage|p2a: wall|57\/394
|-damage|p1a: Yanmega|82\/313|[from] item: Life Orb
|move|p2a: wall|Wish|p2a: wall
|
|-heal|p2a: wall|81\/394|[from] item: Leftovers
|-boost|p1a: Yanmega|spe|1|[from] ability: Speed Boost
|turn|16
|
|move|p2a: wall|Protect|p2a: wall
|-singleturn|p2a: wall|Protect
|move|p1a: Yanmega|Bug Buzz|p2a: wall
|-activate|p2a: wall|Protect
|
|-heal|p2a: wall|278\/394|[from] move: Wish|[wisher] wall
|-heal|p2a: wall|302\/394|[from] item: Leftovers
|-boost|p1a: Yanmega|spe|1|[from] ability: Speed Boost
|turn|17
|
|move|p1a: Yanmega|Bug Buzz|p2a: wall
|-supereffective|p2a: wall
|-damage|p2a: wall|42\/394
|-damage|p1a: Yanmega|51\/313|[from] item: Life Orb
|move|p2a: wall|Wish|p2a: wall
|
|-heal|p2a: wall|66\/394|[from] item: Leftovers
|-boost|p1a: Yanmega|spe|1|[from] ability: Speed Boost
|turn|18
|
|move|p2a: wall|Protect|p2a: wall
|-singleturn|p2a: wall|Protect
|move|p1a: Yanmega|Bug Buzz|p2a: wall
|-activate|p2a: wall|Protect
|
|-heal|p2a: wall|263\/394|[from] move: Wish|[wisher] wall
|-heal|p2a: wall|287\/394|[from] item: Leftovers
|turn|19
|
|move|p1a: Yanmega|Bug Buzz|p2a: wall
|-supereffective|p2a: wall
|-damage|p2a: wall|19\/394
|-unboost|p2a: wall|spd|1
|-damage|p1a: Yanmega|20\/313|[from] item: Life Orb
|move|p2a: wall|Wish|p2a: wall
|
|-heal|p2a: wall|43\/394|[from] item: Leftovers
|turn|20
|
|move|p2a: wall|Protect|p2a: wall
|-singleturn|p2a: wall|Protect
|move|p1a: Yanmega|Bug Buzz|p2a: wall
|-activate|p2a: wall|Protect
|
|-heal|p2a: wall|240\/394|[from] move: Wish|[wisher] wall
|-heal|p2a: wall|264\/394|[from] item: Leftovers
|turn|21
|
|move|p1a: Yanmega|Bug Buzz|p2a: wall
|-supereffective|p2a: wall
|-damage|p2a: wall|0 fnt
|-damage|p1a: Yanmega|0 fnt|[from] item: Life Orb
|faint|p2a: wall
|faint|p1a: Yanmega
|
|
|switch|p2a: switchins where|Lopunny-Mega, F|255\/271
|switch|p1a: Jirachi|Jirachi|341\/341
|-damage|p1a: Jirachi|320\/341|[from] Stealth Rock
|-damage|p2a: switchins where|239\/271|[from] Stealth Rock
|turn|22
|
|move|p2a: switchins where|Fake Out|p1a: Jirachi
|-resisted|p1a: Jirachi
|-damage|p1a: Jirachi|283\/341
|cant|p1a: Jirachi|flinch
|
|turn|23
|join|namehtmas
|
|switch|p2a: rocks|Swampert, M|404\/404
|-damage|p2a: rocks|379\/404|[from] Stealth Rock
|move|p1a: Jirachi|U-turn|p2a: rocks
|-damage|p2a: rocks|326\/404
|
|switch|p1a: Vaporeon|Vaporeon, M|432\/464
|-damage|p1a: Vaporeon|374\/464|[from] Stealth Rock
|
|-heal|p1a: Vaporeon|403\/464|[from] item: Leftovers
|-heal|p2a: rocks|351\/404|[from] item: Leftovers
|turn|24
|
|switch|p2a: keldeo counter|Amoonguss, F|330\/400
|-damage|p2a: keldeo counter|280\/400|[from] Stealth Rock
|move|p1a: Vaporeon|Scald|p2a: keldeo counter
|-resisted|p2a: keldeo counter
|-damage|p2a: keldeo counter|220\/400
|
|-heal|p1a: Vaporeon|432\/464|[from] item: Leftovers
|-heal|p2a: keldeo counter|245\/400|[from] item: Black Sludge
|turn|25
|
|move|p1a: Vaporeon|Scald|p2a: keldeo counter
|-resisted|p2a: keldeo counter
|-damage|p2a: keldeo counter|182\/400
|move|p2a: keldeo counter|Giga Drain|p1a: Vaporeon
|-supereffective|p1a: Vaporeon
|-damage|p1a: Vaporeon|270\/464
|-heal|p2a: keldeo counter|263\/400|[from] drain|[of] p1a: Vaporeon
|
|-heal|p1a: Vaporeon|299\/464|[from] item: Leftovers
|-heal|p2a: keldeo counter|288\/400|[from] item: Black Sludge
|turn|26
|
|move|p1a: Vaporeon|Scald|p2a: keldeo counter
|-resisted|p2a: keldeo counter
|-damage|p2a: keldeo counter|230\/400
|move|p2a: keldeo counter|Spore|p1a: Vaporeon
|-status|p1a: Vaporeon|slp
|
|-heal|p1a: Vaporeon|328\/464 slp|[from] item: Leftovers
|-heal|p2a: keldeo counter|255\/400|[from] item: Black Sludge
|turn|27
|
|switch|p1a: Jirachi|Jirachi|283\/341
|-damage|p1a: Jirachi|262\/341|[from] Stealth Rock
|move|p2a: keldeo counter|Foul Play|p1a: Jirachi
|-crit|p1a: Jirachi
|-supereffective|p1a: Jirachi
|-damage|p1a: Jirachi|0 fnt
|faint|p1a: Jirachi
|
|-heal|p2a: keldeo counter|280\/400|[from] item: Black Sludge
|c|★King UU|oo
|c|★King UU|gg
|
|switch|p1a: Krookodile|Krookodile, M|393\/393
|-damage|p1a: Krookodile|369\/393|[from] Stealth Rock
|-ability|p1a: Krookodile|Intimidate|[of] p2a: keldeo counter
|-unboost|p2a: keldeo counter|atk|1
|turn|28
|
|move|p1a: Krookodile|Bulk Up|p1a: Krookodile
|-boost|p1a: Krookodile|atk|1
|-boost|p1a: Krookodile|def|1
|move|p2a: keldeo counter|Giga Drain|p1a: Krookodile
|-supereffective|p1a: Krookodile
|-damage|p1a: Krookodile|115\/393
|-heal|p2a: keldeo counter|400\/400|[from] drain|[of] p1a: Krookodile
|
|-heal|p1a: Krookodile|139\/393|[from] item: Leftovers
|turn|29
|
|move|p1a: Krookodile|Knock Off|p2a: keldeo counter
|-damage|p2a: keldeo counter|169\/400
|-enditem|p2a: keldeo counter|Black Sludge|[from] move: Knock Off|[of] p1a: Krookodile
|move|p2a: keldeo counter|Giga Drain|p1a: Krookodile
|-supereffective|p1a: Krookodile
|-damage|p1a: Krookodile|0 fnt
|-heal|p2a: keldeo counter|239\/400|[from] drain|[of] p1a: Krookodile
|faint|p1a: Krookodile
|
|c|★Xerneas For Ubers|oh wow
|
|switch|p1a: Vaporeon|Vaporeon, M|328\/464 slp
|-damage|p1a: Vaporeon|270\/464 slp|[from] Stealth Rock
|turn|30
|c|★Xerneas For Ubers|I just noticed i'm playing the king
|
|cant|p1a: Vaporeon|slp
|move|p2a: keldeo counter|Giga Drain|p1a: Vaporeon
|-supereffective|p1a: Vaporeon
|-damage|p1a: Vaporeon|100\/464 slp
|-heal|p2a: keldeo counter|324\/400|[from] drain|[of] p1a: Vaporeon
|
|-heal|p1a: Vaporeon|129\/464 slp|[from] item: Leftovers
|turn|31
|c|★King UU|wp
|c|★King UU|:o
|
|cant|p1a: Vaporeon|slp
|move|p2a: keldeo counter|Giga Drain|p1a: Vaporeon
|-supereffective|p1a: Vaporeon
|-damage|p1a: Vaporeon|0 fnt
|-heal|p2a: keldeo counter|389\/400|[from] drain|[of] p1a: Vaporeon
|faint|p1a: Vaporeon
|
|win|Xerneas For Ubers
|raw|Ladder updating...
|raw|King UU's rating: 1411 &rarr; <strong>1396<\/strong><br \/>(-15 for losing)
|raw|Xerneas For Ubers's rating: 1496 &rarr; <strong>1511<\/strong><br \/>(+15 for winning)
|c|★Xerneas For Ubers|gg
|leave|King UU
|player|p1
|leave|namehtmas