|join|PokeHD
|join|ULT Hogg
|player|p1|PokeHD|279
|player|p2|ULT Hogg|125
|gametype|singles
|gen|6
|tier|UU
|rated
|rule|Sleep Clause Mod: Limit one foe put to sleep
|rule|Species Clause: Limit one of each Pokémon
|rule|OHKO Clause: OHKO moves are banned
|rule|Moody Clause: Moody is banned
|rule|Evasion Moves Clause: Evasion moves are banned
|rule|Endless Battle Clause: Forcing endless battles is banned
|rule|HP Percentage Mod: HP is shown in percentages
|clearpoke
|poke|p1|Serperior, M, shiny
|poke|p1|Snorlax, M, shiny
|poke|p1|Chandelure, F
|poke|p1|Krookodile, M
|poke|p1|Crobat, F
|poke|p1|Blastoise, F, shiny
|poke|p2|Medicham, M
|poke|p2|Doublade, M
|poke|p2|Shaymin
|poke|p2|Raikou
|poke|p2|Crobat, M
|poke|p2|Swampert, M
|rule|Swagger Clause: Swagger is banned
|rule|Baton Pass Clause: Limit one Pokémon knowing Baton Pass
|teampreview
|
|start
|switch|p1a: Blastoise|Blastoise, F, shiny|362\/362
|switch|p2a: Crobat|Crobat, M|373\/373
|turn|1
|
|detailschange|p1a: Blastoise|Blastoise-Mega, F, shiny
|-mega|p1a: Blastoise|Blastoise|Blastoisinite
|move|p2a: Crobat|U-turn|p1a: Blastoise
|-damage|p1a: Blastoise|315\/362
|
|switch|p2a: Shaymin|Shaymin|341\/341
|move|p1a: Blastoise|Ice Beam|p2a: Shaymin
|-supereffective|p2a: Shaymin
|-damage|p2a: Shaymin|115\/341
|
|turn|2
|
|switch|p1a: Crobat|Crobat, F|323\/323
|move|p2a: Shaymin|Seed Flare|p1a: Crobat
|-resisted|p1a: Crobat
|-damage|p1a: Crobat|237\/323
|-unboost|p1a: Crobat|spd|2
|
|turn|3
|
|switch|p2a: Raikou|Raikou|321\/321
|-ability|p2a: Raikou|Pressure
|move|p1a: Crobat|Brave Bird|p2a: Raikou
|-resisted|p2a: Raikou
|-damage|p2a: Raikou|195\/321
|-damage|p1a: Crobat|195\/323|[from] recoil|[of] p2a: Raikou
|
|turn|4
|
|switch|p1a: Krookodile|Krookodile, M|394\/394
|-ability|p1a: Krookodile|Intimidate|[of] p2a: Raikou
|-unboost|p2a: Raikou|atk|1
|move|p2a: Raikou|Volt Switch|p1a: Krookodile
|-immune|p1a: Krookodile|[msg]
|
|turn|5
|
|switch|p2a: Swampert|Swampert, M|403\/403
|move|p1a: Krookodile|Knock Off|p2a: Swampert
|-damage|p2a: Swampert|301\/403
|-enditem|p2a: Swampert|Leftovers|[from] move: Knock Off|[of] p1a: Krookodile
|
|turn|6
|
|switch|p1a: Blastoise|Blastoise-Mega, F, shiny|315\/362
|move|p2a: Swampert|Scald|p1a: Blastoise
|-resisted|p1a: Blastoise
|-damage|p1a: Blastoise|278\/362
|
|turn|7
|
|move|p1a: Blastoise|Scald|p2a: Swampert
|-damage|p2a: Swampert|121\/403
|move|p2a: Swampert|Stealth Rock|p1a: Blastoise
|-sidestart|p1: PokeHD|move: Stealth Rock
|
|turn|8
|
|switch|p2a: Shaymin|Shaymin|115\/341
|move|p1a: Blastoise|Rapid Spin|p2a: Shaymin
|-damage|p2a: Shaymin|100\/341
|-sideend|p1: PokeHD|Stealth Rock|[from] move: Rapid Spin|[of] p1a: Blastoise
|
|turn|9
|
|switch|p1a: Snorlax|Snorlax, M, shiny|497\/497
|move|p2a: Shaymin|Seed Flare|p1a: Snorlax
|-damage|p1a: Snorlax|304\/497
|
|-heal|p1a: Snorlax|335\/497|[from] item: Leftovers
|turn|10
|
|switch|p2a: Doublade|Doublade, M|319\/319
|move|p1a: Snorlax|Crunch|p2a: Doublade
|-supereffective|p2a: Doublade
|-damage|p2a: Doublade|257\/319
|
|-heal|p1a: Snorlax|366\/497|[from] item: Leftovers
|turn|11
|
|switch|p1a: Krookodile|Krookodile, M|394\/394
|-ability|p1a: Krookodile|Intimidate|[of] p2a: Doublade
|-unboost|p2a: Doublade|atk|1
|move|p2a: Doublade|Swords Dance|p2a: Doublade
|-boost|p2a: Doublade|atk|2
|
|turn|12
|
|move|p1a: Krookodile|Knock Off|p2a: Doublade
|-supereffective|p2a: Doublade
|-damage|p2a: Doublade|141\/319
|-enditem|p2a: Doublade|Eviolite|[from] move: Knock Off|[of] p1a: Krookodile
|move|p2a: Doublade|Sacred Sword|p1a: Krookodile
|-supereffective|p1a: Krookodile
|-damage|p1a: Krookodile|146\/394
|
|-heal|p1a: Krookodile|170\/394|[from] item: Leftovers
|turn|13
|
|move|p1a: Krookodile|Earthquake|p2a: Doublade
|-supereffective|p2a: Doublade
|-damage|p2a: Doublade|0 fnt
|faint|p2a: Doublade
|
|-heal|p1a: Krookodile|194\/394|[from] item: Leftovers
|
|switch|p2a: Medicham|Medicham, M|261\/261
|turn|14
|
|switch|p1a: Chandelure|Chandelure, F|261\/261
|detailschange|p2a: Medicham|Medicham-Mega, M
|-mega|p2a: Medicham|Medicham|Medichamite
|move|p2a: Medicham|Ice Punch|p1a: Chandelure
|-resisted|p1a: Chandelure
|-damage|p1a: Chandelure|177\/261
|
|turn|15
|
|switch|p2a: Swampert|Swampert, M|121\/403
|move|p1a: Chandelure|Shadow Ball|p2a: Swampert
|-damage|p2a: Swampert|0 fnt
|faint|p2a: Swampert
|
|
|switch|p2a: Raikou|Raikou|195\/321
|-ability|p2a: Raikou|Pressure
|turn|16
|
|switch|p1a: Krookodile|Krookodile, M|194\/394
|-ability|p1a: Krookodile|Intimidate|[of] p2a: Raikou
|-unboost|p2a: Raikou|atk|1
|move|p2a: Raikou|Hidden Power|p1a: Krookodile
|-supereffective|p1a: Krookodile
|-damage|p1a: Krookodile|30\/394
|
|-heal|p1a: Krookodile|54\/394|[from] item: Leftovers
|turn|17
|
|switch|p2a: Medicham|Medicham-Mega, M|261\/261
|switch|p1a: Snorlax|Snorlax, M, shiny|366\/497
|
|-heal|p1a: Snorlax|397\/497|[from] item: Leftovers
|turn|18
|
|move|p2a: Medicham|Zen Headbutt|p1a: Snorlax
|-damage|p1a: Snorlax|133\/497
|move|p1a: Snorlax|Body Slam|p2a: Medicham
|-damage|p2a: Medicham|137\/261
|
|-heal|p1a: Snorlax|164\/497|[from] item: Leftovers
|turn|19
|
|switch|p1a: Krookodile|Krookodile, M|54\/394
|-ability|p1a: Krookodile|Intimidate|[of] p2a: Medicham
|-unboost|p2a: Medicham|atk|1
|move|p2a: Medicham|High Jump Kick|p1a: Krookodile
|-supereffective|p1a: Krookodile
|-damage|p1a: Krookodile|0 fnt
|faint|p1a: Krookodile
|
|
|switch|p1a: Serperior|Serperior, M, shiny|291\/291
|turn|20
|
|switch|p2a: Crobat|Crobat, M|373\/373
|move|p1a: Serperior|Glare|p2a: Crobat
|-status|p2a: Crobat|par
|
|turn|21
|
|move|p1a: Serperior|Leaf Storm|p2a: Crobat
|-resisted|p2a: Crobat
|-damage|p2a: Crobat|314\/373 par
|-boost|p1a: Serperior|spa|2
|move|p2a: Crobat|Brave Bird|p1a: Serperior
|-supereffective|p1a: Serperior
|-damage|p1a: Serperior|9\/291
|-damage|p2a: Crobat|221\/373 par|[from] recoil|[of] p1a: Serperior
|
|-heal|p2a: Crobat|244\/373 par|[from] item: Black Sludge
|turn|22
|
|move|p1a: Serperior|Dragon Pulse|p2a: Crobat
|-damage|p2a: Crobat|87\/373 par
|move|p2a: Crobat|Brave Bird|p1a: Serperior
|-supereffective|p1a: Serperior
|-damage|p1a: Serperior|0 fnt
|-damage|p2a: Crobat|84\/373 par|[from] recoil|[of] p1a: Serperior
|faint|p1a: Serperior
|
|-heal|p2a: Crobat|107\/373 par|[from] item: Black Sludge
|
|switch|p1a: Snorlax|Snorlax, M, shiny|164\/497
|turn|23
|
|move|p1a: Snorlax|Body Slam|p2a: Crobat
|-damage|p2a: Crobat|0 fnt
|faint|p2a: Crobat
|
|-heal|p1a: Snorlax|195\/497|[from] item: Leftovers
|
|switch|p2a: Medicham|Medicham-Mega, M|137\/261
|turn|24
|
|switch|p1a: Blastoise|Blastoise-Mega, F, shiny|278\/362
|move|p2a: Medicham|Zen Headbutt|p1a: Blastoise
|-damage|p1a: Blastoise|76\/362
|
|turn|25
|
|move|p2a: Medicham|Zen Headbutt|p1a: Blastoise
|-crit|p1a: Blastoise
|-damage|p1a: Blastoise|0 fnt
|faint|p1a: Blastoise
|
|
|switch|p1a: Crobat|Crobat, F|195\/323
|turn|26
|
|switch|p2a: Raikou|Raikou|195\/321
|-ability|p2a: Raikou|Pressure
|move|p1a: Crobat|U-turn|p2a: Raikou
|-damage|p2a: Raikou|109\/321
|
|switch|p1a: Snorlax|Snorlax, M, shiny|195\/497
|
|-heal|p1a: Snorlax|226\/497|[from] item: Leftovers
|turn|27
|
|move|p2a: Raikou|Volt Switch|p1a: Snorlax
|-damage|p1a: Snorlax|139\/497
|
|switch|p2a: Shaymin|Shaymin|100\/341
|move|p1a: Snorlax|Body Slam|p2a: Shaymin
|-damage|p2a: Shaymin|0 fnt
|faint|p2a: Shaymin
|
|-heal|p1a: Snorlax|170\/497|[from] item: Leftovers
|
|switch|p2a: Medicham|Medicham-Mega, M|137\/261
|turn|28
|
|switch|p1a: Chandelure|Chandelure, F|177\/261
|move|p2a: Medicham|Zen Headbutt|p1a: Chandelure|[miss]
|-miss|p2a: Medicham|p1a: Chandelure
|
|turn|29
|c|★ULT Hogg|well
|c|★ULT Hogg|that's gg
|
|move|p2a: Medicham|Zen Headbutt|p1a: Chandelure
|-damage|p1a: Chandelure|0 fnt
|faint|p1a: Chandelure
|
|c|★ULT Hogg|oh
|c|★ULT Hogg|unless you're not scarfed
|c|★PokeHD|:P
|c|★ULT Hogg|I've been playing this whole time thinking you were
|c|★ULT Hogg|=\
|c|★PokeHD|I can still win though
|
|switch|p1a: Crobat|Crobat, F|195\/323
|turn|30
|c|★ULT Hogg|you can, although it's dependent on a high roll from BB
|c|★PokeHD|Yeah :\/
|
|switch|p2a: Raikou|Raikou|109\/321
|-ability|p2a: Raikou|Pressure
|move|p1a: Crobat|Brave Bird|p2a: Raikou
|-resisted|p2a: Raikou
|-damage|p2a: Raikou|0 fnt
|-damage|p1a: Crobat|159\/323|[from] recoil|[of] p2a: Raikou
|faint|p2a: Raikou
|
|
|switch|p2a: Medicham|Medicham-Mega, M|137\/261
|turn|31
|c|★ULT Hogg|gg
|c|★PokeHD|If it has bullet punch there is no way I can win anymore
|
|switch|p1a: Snorlax|Snorlax, M, shiny|170\/497
|move|p2a: Medicham|Fake Out|p1a: Snorlax
|-damage|p1a: Snorlax|88\/497
|
|-heal|p1a: Snorlax|119\/497|[from] item: Leftovers
|turn|32
|c|★ULT Hogg|nope
|c|★ULT Hogg|ice punch
|c|★PokeHD|Some people carry IP with BP
|
|move|p2a: Medicham|Zen Headbutt|p1a: Snorlax
|-damage|p1a: Snorlax|0 fnt
|faint|p1a: Snorlax
|
|
|switch|p1a: Crobat|Crobat, F|159\/323
|turn|33
|
|move|p1a: Crobat|Brave Bird|p2a: Medicham
|-supereffective|p2a: Medicham
|-damage|p2a: Medicham|0 fnt
|-damage|p1a: Crobat|114\/323|[from] recoil|[of] p2a: Medicham
|faint|p2a: Medicham
|
|win|PokeHD
|raw|Ladder updating...
|raw|PokeHD's rating: 1425 &rarr; <strong>1447<\/strong><br \/>(+22 for winning)
|raw|ULT Hogg's rating: 1451 &rarr; <strong>1430<\/strong><br \/>(-21 for losing)
|c|★PokeHD|gg
|leave|ULT Hogg