|join|Mistakess
|join|awesomness
|player|p1|Mistakess|40
|player|p2|awesomness|80
|gametype|singles
|gen|6
|tier|OU
|rated
|clearpoke
|poke|p1|Greninja, M, shiny
|poke|p1|Charizard, M
|poke|p1|Infernape, M
|poke|p1|Dragonite, F
|poke|p1|Azumarill, F, shiny
|poke|p1|Scizor, M
|poke|p2|Sableye, M
|poke|p2|Rotom-Wash
|poke|p2|Heatran, M
|poke|p2|Azumarill, M
|poke|p2|Latios, M
|poke|p2|Landorus-Therian, M
|rule|Swagger Clause: Swagger is banned
|rule|Baton Pass Clause: Limit one Pokémon knowing Baton Pass
|rule|Sleep Clause Mod: Limit one foe put to sleep
|rule|Species Clause: Limit one of each Pokémon
|rule|OHKO Clause: OHKO moves are banned
|rule|Moody Clause: Moody is banned
|rule|Evasion Moves Clause: Evasion moves are banned
|rule|Endless Battle Clause: Forcing endless battles is banned
|rule|HP Percentage Mod: HP is shown in percentages
|teampreview
|
|start
|switch|p1a: Lancer|Infernape, M|293\/293
|switch|p2a: Cleanest Rotom|Rotom-Wash|304\/304
|turn|1
|
|move|p1a: Lancer|Stealth Rock|p2a: Cleanest Rotom
|-sidestart|p2: awesomness|move: Stealth Rock
|move|p2a: Cleanest Rotom|Will-O-Wisp|p1a: Lancer
|-fail|p1a: Lancer
|
|turn|2
|
|move|p1a: Lancer|Fire Blast|p2a: Cleanest Rotom
|-resisted|p2a: Cleanest Rotom
|-damage|p2a: Cleanest Rotom|228\/304
|-status|p2a: Cleanest Rotom|brn
|move|p2a: Cleanest Rotom|Will-O-Wisp|p1a: Lancer
|-fail|p1a: Lancer
|
|-damage|p2a: Cleanest Rotom|190\/304 brn|[from] brn
|turn|3
|
|move|p1a: Lancer|Fire Blast|p2a: Cleanest Rotom
|-resisted|p2a: Cleanest Rotom
|-damage|p2a: Cleanest Rotom|112\/304 brn
|move|p2a: Cleanest Rotom|Hydro Pump|p1a: Lancer
|-supereffective|p1a: Lancer
|-enditem|p1a: Lancer|Focus Sash
|-damage|p1a: Lancer|1\/293
|
|-damage|p2a: Cleanest Rotom|74\/304 brn|[from] brn
|turn|4
|
|move|p1a: Lancer|Fire Blast|p2a: Cleanest Rotom
|-resisted|p2a: Cleanest Rotom
|-damage|p2a: Cleanest Rotom|0 fnt
|faint|p2a: Cleanest Rotom
|
|
|switch|p2a: Bleezus|Azumarill, M|404\/404
|-damage|p2a: Bleezus|354\/404|[from] Stealth Rock
|turn|5
|
|move|p1a: Lancer|Endeavor|p2a: Bleezus
|-damage|p2a: Bleezus|1\/404
|-enditem|p2a: Bleezus|Sitrus Berry|[eat]
|-heal|p2a: Bleezus|102\/404|[from] item: Sitrus Berry
|move|p2a: Bleezus|Belly Drum|p2a: Bleezus
|-fail|p2a: Bleezus
|
|turn|6
|
|move|p2a: Bleezus|Aqua Jet|p1a: Lancer
|-supereffective|p1a: Lancer
|-damage|p1a: Lancer|0 fnt
|faint|p1a: Lancer
|
|
|switch|p1a: Berserker|Charizard, M|333\/333
|turn|7
|
|detailschange|p1a: Berserker|Charizard-Mega-X, M
|message|Charizard has Mega Evolved into Mega Charizard!
|move|p1a: Berserker|Dragon Dance|p1a: Berserker
|-boost|p1a: Berserker|atk|1
|-boost|p1a: Berserker|spe|1
|move|p2a: Bleezus|Play Rough|p1a: Berserker
|-damage|p1a: Berserker|159\/333
|
|turn|8
|
|move|p2a: Bleezus|Aqua Jet|p1a: Berserker
|-damage|p1a: Berserker|72\/333
|move|p1a: Berserker|Roost|p1a: Berserker
|-heal|p1a: Berserker|239\/333
|
|turn|9
|
|move|p1a: Berserker|Fire Punch|p2a: Bleezus
|-resisted|p2a: Bleezus
|-damage|p2a: Bleezus|0 fnt
|faint|p2a: Bleezus
|
|
|switch|p2a: Landorus-Therian|Landorus-Therian, M|320\/320
|-damage|p2a: Landorus-Therian|280\/320|[from] Stealth Rock
|-ability|p2a: Landorus-Therian|Intimidate|[of] p1a: Berserker
|-unboost|p1a: Berserker|atk|1
|turn|10
|
|move|p2a: Landorus-Therian|U-turn|p1a: Berserker
|-crit|p1a: Berserker
|-resisted|p1a: Berserker
|-damage|p1a: Berserker|177\/333
|
|switch|p2a: UFO|Heatran, M|386\/386
|-damage|p2a: UFO|338\/386|[from] Stealth Rock
|-item|p2a: UFO|Air Balloon
|move|p1a: Berserker|Dragon Claw|p2a: UFO
|-resisted|p2a: UFO
|-damage|p2a: UFO|242\/386
|-enditem|p2a: UFO|Air Balloon
|
|turn|11
|
|move|p1a: Berserker|Dragon Claw|p2a: UFO
|-resisted|p2a: UFO
|-damage|p2a: UFO|142\/386
|move|p2a: UFO|Stealth Rock|p1a: Berserker
|-sidestart|p1: Mistakess|move: Stealth Rock
|
|turn|12
|
|move|p1a: Berserker|Dragon Claw|p2a: UFO
|-resisted|p2a: UFO
|-damage|p2a: UFO|43\/386
|move|p2a: UFO|Roar|p1a: Berserker
|drag|p1a: Saber|Dragonite, F|323\/323
|-damage|p1a: Saber|243\/323|[from] Stealth Rock
|
|turn|13
|
|move|p1a: Saber|Extreme Speed|p2a: UFO
|-resisted|p2a: UFO
|-damage|p2a: UFO|0 fnt
|-damage|p1a: Saber|211\/323|[from] item: Life Orb
|faint|p2a: UFO
|
|
|switch|p2a: Sableye|Sableye, M|304\/304
|-damage|p2a: Sableye|266\/304|[from] Stealth Rock
|turn|14
|
|move|p2a: Sableye|Will-O-Wisp|p1a: Saber
|-status|p1a: Saber|brn
|move|p1a: Saber|Draco Meteor|p2a: Sableye
|-damage|p2a: Sableye|0 fnt
|-unboost|p1a: Saber|spa|2
|-damage|p1a: Saber|179\/323 brn|[from] item: Life Orb
|faint|p2a: Sableye
|
|-damage|p1a: Saber|139\/323 brn|[from] brn
|
|switch|p2a: Steven's Gift|Latios, M|302\/302
|-damage|p2a: Steven's Gift|265\/302|[from] Stealth Rock
|turn|15
|
|move|p2a: Steven's Gift|Psyshock|p1a: Saber
|-crit|p1a: Saber
|-damage|p1a: Saber|0 fnt
|-damage|p2a: Steven's Gift|235\/302|[from] item: Life Orb
|faint|p1a: Saber
|
|
|switch|p1a: Assassin|Greninja, M, shiny|285\/285
|-damage|p1a: Assassin|250\/285|[from] Stealth Rock
|turn|16
|
|move|p1a: Assassin|Ice Beam|p2a: Steven's Gift
|-start|p1a: Assassin|typechange|Ice|[from] Protean
|-supereffective|p2a: Steven's Gift
|-damage|p2a: Steven's Gift|0 fnt
|-damage|p1a: Assassin|222\/285|[from] item: Life Orb
|faint|p2a: Steven's Gift
|
|
|switch|p2a: Landorus-Therian|Landorus-Therian, M|280\/320
|-damage|p2a: Landorus-Therian|240\/320|[from] Stealth Rock
|-ability|p2a: Landorus-Therian|Intimidate|[of] p1a: Assassin
|-unboost|p1a: Assassin|atk|1
|turn|17
|
|move|p1a: Assassin|Shadow Sneak|p2a: Landorus-Therian
|-start|p1a: Assassin|typechange|Ghost|[from] Protean
|-damage|p2a: Landorus-Therian|197\/320
|-damage|p1a: Assassin|194\/285|[from] item: Life Orb
|move|p2a: Landorus-Therian|Earthquake|p1a: Assassin
|-damage|p1a: Assassin|0 fnt
|faint|p1a: Assassin
|
|
|switch|p1a: Rider|Azumarill, F, shiny|403\/403
|-damage|p1a: Rider|353\/403|[from] Stealth Rock
|turn|18
|
|move|p1a: Rider|Aqua Jet|p2a: Landorus-Therian
|-supereffective|p2a: Landorus-Therian
|-damage|p2a: Landorus-Therian|0 fnt
|faint|p2a: Landorus-Therian
|
|win|Mistakess
|raw|Ladder updating...
|leave|awesomness
|player|p2