|join|shartruce2
|join|ally451
|player|p1|shartruce2|43
|player|p2|ally451|50
|gametype|singles
|gen|6
|tier|OU
|rated
|clearpoke
|poke|p1|Sableye, F
|poke|p1|Skarmory, M
|poke|p1|Quagsire, M
|poke|p1|Gliscor, F
|poke|p1|Gyarados, M
|poke|p1|Jirachi
|poke|p2|Whimsicott, M
|poke|p2|Slowbro, M
|poke|p2|Chansey, F
|poke|p2|Ditto
|poke|p2|Gliscor, F
|poke|p2|Tentacruel, F
|rule|Swagger Clause: Swagger is banned
|rule|Baton Pass Clause: Limit one Pokémon knowing Baton Pass
|rule|Sleep Clause Mod: Limit one foe put to sleep
|rule|Species Clause: Limit one of each Pokémon
|rule|OHKO Clause: OHKO moves are banned
|rule|Moody Clause: Moody is banned
|rule|Evasion Moves Clause: Evasion moves are banned
|rule|Endless Battle Clause: Forcing endless battles is banned
|rule|HP Percentage Mod: HP is shown in percentages
|teampreview
|
|start
|switch|p1a: Sableye|Sableye, F|304\/304
|switch|p2a: Whimsicott|Whimsicott, M|323\/323
|turn|1
|
|detailschange|p1a: Sableye|Sableye-Mega, F
|message|Sableye has Mega Evolved into Mega Sableye!
|move|p1a: Sableye|Will-O-Wisp|p2a: Whimsicott
|-status|p2a: Whimsicott|brn
|move|p2a: Whimsicott|Moonblast|p1a: Sableye
|-supereffective|p1a: Sableye
|-damage|p1a: Sableye|172\/304
|-unboost|p1a: Sableye|spa|1
|
|-damage|p2a: Whimsicott|283\/323 brn|[from] brn
|turn|2
|
|move|p2a: Whimsicott|Moonblast|p1a: Sableye
|-supereffective|p1a: Sableye
|-damage|p1a: Sableye|52\/304
|-unboost|p1a: Sableye|spa|1
|move|p1a: Sableye|Recover|p1a: Sableye
|-heal|p1a: Sableye|204\/304
|
|-heal|p2a: Whimsicott|303\/323 brn|[from] item: Leftovers
|-damage|p2a: Whimsicott|263\/323 brn|[from] brn
|turn|3
|
|switch|p2a: Chansey|Chansey, F|704\/704
|move|p1a: Sableye|Recover|p1a: Sableye
|-heal|p1a: Sableye|304\/304
|
|turn|4
|
|move|p2a: Chansey|Heal Bell|p2a: Chansey
|-cureteam|p2a: Chansey|[from] move: HealBell
|move|p1a: Sableye|Knock Off|p2a: Chansey
|-damage|p2a: Chansey|568\/704
|-enditem|p2a: Chansey|Eviolite|[from] move: Knock Off|[of] p1a: Sableye
|
|turn|5
|
|move|p2a: Chansey|Wish|p2a: Chansey
|move|p1a: Sableye|Knock Off|p2a: Chansey
|-damage|p2a: Chansey|430\/704
|
|turn|6
|
|switch|p2a: Slowbro|Slowbro, M|394\/394
|move|p1a: Sableye|Knock Off|p2a: Slowbro
|-supereffective|p2a: Slowbro
|-damage|p2a: Slowbro|302\/394
|
|-heal|p2a: Slowbro|394\/394|[from] move: Wish|[wisher] Chansey
|turn|7
|
|detailschange|p2a: Slowbro|Slowbro-Mega, M
|message|Slowbro has Mega Evolved into Mega Slowbro!
|move|p2a: Slowbro|Scald|p1a: Sableye
|-damage|p1a: Sableye|222\/304
|move|p1a: Sableye|Will-O-Wisp|p2a: Slowbro
|-status|p2a: Slowbro|brn
|
|-damage|p2a: Slowbro|345\/394 brn|[from] brn
|turn|8
|
|switch|p1a: Gyarados|Gyarados, M|393\/393
|-ability|p1a: Gyarados|Intimidate|[of] p2a: Slowbro
|-unboost|p2a: Slowbro|atk|1
|move|p2a: Slowbro|Scald|p1a: Gyarados
|-resisted|p1a: Gyarados
|-damage|p1a: Gyarados|352\/393
|-status|p1a: Gyarados|brn
|
|-heal|p1a: Gyarados|376\/393 brn|[from] item: Leftovers
|-damage|p1a: Gyarados|327\/393 brn|[from] brn
|-damage|p2a: Slowbro|296\/394 brn|[from] brn
|turn|9
|
|switch|p1a: Jirachi|Jirachi|404\/404
|switch|p2a: Ditto|Ditto|300\/300
|-transform|p2a: Ditto|p1a: Jirachi
|
|turn|10
|
|move|p2a: Ditto|U-turn|p1a: Jirachi
|-damage|p1a: Jirachi|348\/404
|
|switch|p2a: Gliscor|Gliscor, F|353\/353
|move|p1a: Jirachi|U-turn|p2a: Gliscor
|-resisted|p2a: Gliscor
|-damage|p2a: Gliscor|334\/353
|
|switch|p1a: Gliscor|Gliscor, F|354\/354
|
|-status|p1a: Gliscor|tox|[from] item: Toxic Orb
|-status|p2a: Gliscor|tox|[from] item: Toxic Orb
|turn|11
|
|move|p1a: Gliscor|Swords Dance|p1a: Gliscor
|-boost|p1a: Gliscor|atk|2
|move|p2a: Gliscor|Stealth Rock|p1a: Gliscor
|-sidestart|p1: shartruce2|move: Stealth Rock
|
|-heal|p2a: Gliscor|353\/353 tox|[from] ability: Poison Heal
|turn|12
|
|move|p1a: Gliscor|Earthquake|p2a: Gliscor
|-immune|p2a: Gliscor|[msg]
|move|p2a: Gliscor|Substitute|p2a: Gliscor
|-start|p2a: Gliscor|Substitute
|-damage|p2a: Gliscor|265\/353 tox
|
|-heal|p2a: Gliscor|309\/353 tox|[from] ability: Poison Heal
|turn|13
|
|move|p1a: Gliscor|Swords Dance|p1a: Gliscor
|-boost|p1a: Gliscor|atk|2
|move|p2a: Gliscor|Knock Off|p1a: Gliscor
|-damage|p1a: Gliscor|302\/354 tox
|-enditem|p1a: Gliscor|Toxic Orb|[from] move: Knock Off|[of] p2a: Gliscor
|
|-heal|p1a: Gliscor|346\/354 tox|[from] ability: Poison Heal
|-heal|p2a: Gliscor|353\/353 tox|[from] ability: Poison Heal
|turn|14
|
|move|p1a: Gliscor|Swords Dance|p1a: Gliscor
|-boost|p1a: Gliscor|atk|2
|move|p2a: Gliscor|Stealth Rock|p1a: Gliscor
|-fail|p1a: Gliscor
|
|-heal|p1a: Gliscor|354\/354 tox|[from] ability: Poison Heal
|turn|15
|join|gamerguy1123
|
|move|p1a: Gliscor|Acrobatics|p2a: Gliscor
|-end|p2a: Gliscor|Substitute
|move|p2a: Gliscor|Knock Off|p1a: Gliscor
|-damage|p1a: Gliscor|319\/354 tox
|
|-heal|p1a: Gliscor|354\/354 tox|[from] ability: Poison Heal
|turn|16
|
|move|p1a: Gliscor|Acrobatics|p2a: Gliscor
|-damage|p2a: Gliscor|58\/353 tox
|move|p2a: Gliscor|Baton Pass|p2a: Gliscor
|c| gamerguy1123|https:\/\/www.youtube.com\/watch?v=kTqlWhwTILw
|
|switch|p2a: Ditto|Ditto|300\/300
|-transform|p2a: Ditto|p1a: Gliscor
|
|turn|17
|join|Storm Zone
|
|switch|p1a: Quagsire|Quagsire, M|394\/394
|-damage|p1a: Quagsire|370\/394|[from] Stealth Rock
|move|p2a: Ditto|Acrobatics|p1a: Quagsire
|-damage|p1a: Quagsire|322\/394
|
|-heal|p1a: Quagsire|346\/394|[from] item: Leftovers
|turn|18
|
|switch|p2a: Chansey|Chansey, F|430\/704
|move|p1a: Quagsire|Scald|p2a: Chansey
|-damage|p2a: Chansey|369\/704
|-status|p2a: Chansey|brn
|
|-heal|p1a: Quagsire|370\/394|[from] item: Leftovers
|-damage|p2a: Chansey|281\/704 brn|[from] brn
|turn|19
|
|switch|p1a: Skarmory|Skarmory, M|334\/334
|-damage|p1a: Skarmory|293\/334|[from] Stealth Rock
|move|p2a: Chansey|Heal Bell|p2a: Chansey
|-cureteam|p2a: Chansey|[from] move: HealBell
|
|turn|20
|leave|Storm Zone
|
|move|p1a: Skarmory|Defog|p2a: Chansey
|-unboost|p2a: Chansey|evasion|1
|-sideend|p1: shartruce2|Stealth Rock|[from] move: Defog|[of] p1a: Skarmory
|move|p2a: Chansey|Soft-Boiled|p2a: Chansey
|-heal|p2a: Chansey|633\/704
|
|turn|21
|
|move|p1a: Skarmory|Stealth Rock|p2a: Chansey
|-sidestart|p2: ally451|move: Stealth Rock
|move|p2a: Chansey|Wish|p2a: Chansey
|
|turn|22
|join|L0NE
|
|switch|p1a: Gyarados|Gyarados, M|327\/393 brn
|-ability|p1a: Gyarados|Intimidate|[of] p2a: Chansey
|-unboost|p2a: Chansey|atk|1
|switch|p2a: Slowbro|Slowbro-Mega, M|296\/394
|-damage|p2a: Slowbro|247\/394|[from] Stealth Rock
|
|-heal|p2a: Slowbro|394\/394|[from] move: Wish|[wisher] Chansey
|-heal|p1a: Gyarados|351\/393 brn|[from] item: Leftovers
|-damage|p1a: Gyarados|302\/393 brn|[from] brn
|turn|23
|
|move|p1a: Gyarados|Rest|p1a: Gyarados
|-status|p1a: Gyarados|slp
|-heal|p1a: Gyarados|393\/393 slp|[silent]
|-status|p1a: Gyarados|slp|[from] move: Rest
|move|p2a: Slowbro|Scald|p1a: Gyarados
|-resisted|p1a: Gyarados
|-damage|p1a: Gyarados|354\/393 slp
|
|-heal|p1a: Gyarados|378\/393 slp|[from] item: Leftovers
|turn|24
|
|cant|p1a: Gyarados|slp
|move|p1a: Gyarados|Sleep Talk|p1a: Gyarados
|move|p1a: Gyarados|Rest|p1a: Gyarados|[from]Sleep Talk
|-fail|p1a: Gyarados
|move|p2a: Slowbro|Scald|p1a: Gyarados
|-resisted|p1a: Gyarados
|-damage|p1a: Gyarados|336\/393 slp
|
|-heal|p1a: Gyarados|360\/393 slp|[from] item: Leftovers
|turn|25
|
|cant|p1a: Gyarados|slp
|move|p1a: Gyarados|Sleep Talk|p1a: Gyarados
|move|p1a: Gyarados|Waterfall|p2a: Slowbro|[from]Sleep Talk
|-resisted|p2a: Slowbro
|-damage|p2a: Slowbro|364\/394
|cant|p2a: Slowbro|flinch
|
|-heal|p1a: Gyarados|384\/393 slp|[from] item: Leftovers
|turn|26
|
|move|p2a: Slowbro|Scald|p1a: Gyarados
|-resisted|p1a: Gyarados
|-damage|p1a: Gyarados|344\/393 slp
|-curestatus|p1a: Gyarados|slp
|move|p1a: Gyarados|Roar|p2a: Slowbro
|drag|p2a: Whimsicott|Whimsicott, M|263\/323
|-damage|p2a: Whimsicott|223\/323|[from] Stealth Rock
|
|-heal|p2a: Whimsicott|243\/323|[from] item: Leftovers
|-heal|p1a: Gyarados|368\/393|[from] item: Leftovers
|turn|27
|
|switch|p1a: Jirachi|Jirachi|348\/404
|move|p2a: Whimsicott|Leech Seed|p1a: Jirachi
|-start|p1a: Jirachi|move: Leech Seed
|
|-heal|p2a: Whimsicott|263\/323|[from] item: Leftovers
|-heal|p1a: Jirachi|373\/404|[from] item: Leftovers
|-damage|p1a: Jirachi|323\/404|[from] Leech Seed|[of] p2a: Whimsicott
|-heal|p2a: Whimsicott|313\/323|[silent]
|turn|28
|
|move|p2a: Whimsicott|Substitute|p2a: Whimsicott
|-start|p2a: Whimsicott|Substitute
|-damage|p2a: Whimsicott|233\/323
|move|p1a: Jirachi|U-turn|p2a: Whimsicott
|-activate|p2a: Whimsicott|Substitute|[damage]
|
|switch|p1a: Gliscor|Gliscor, F|354\/354 tox
|
|-heal|p2a: Whimsicott|253\/323|[from] item: Leftovers
|turn|29
|
|move|p2a: Whimsicott|Leech Seed|p1a: Gliscor
|-start|p1a: Gliscor|move: Leech Seed
|move|p1a: Gliscor|Acrobatics|p2a: Whimsicott
|-supereffective|p2a: Whimsicott
|-end|p2a: Whimsicott|Substitute
|
|-heal|p2a: Whimsicott|273\/323|[from] item: Leftovers
|-damage|p1a: Gliscor|310\/354 tox|[from] Leech Seed|[of] p2a: Whimsicott
|-heal|p2a: Whimsicott|317\/323|[silent]
|-heal|p1a: Gliscor|354\/354 tox|[from] ability: Poison Heal
|turn|30
|
|switch|p2a: Tentacruel|Tentacruel, F|364\/364
|-damage|p2a: Tentacruel|319\/364|[from] Stealth Rock
|switch|p1a: Jirachi|Jirachi|323\/404
|
|-heal|p1a: Jirachi|348\/404|[from] item: Leftovers
|-heal|p2a: Tentacruel|341\/364|[from] item: Black Sludge
|turn|31
|
|move|p1a: Jirachi|U-turn|p2a: Tentacruel
|-resisted|p2a: Tentacruel
|-damage|p2a: Tentacruel|316\/364
|
|switch|p1a: Sableye|Sableye-Mega, F|222\/304
|move|p2a: Tentacruel|Rapid Spin|p1a: Sableye
|-immune|p1a: Sableye|[msg]
|
|-heal|p2a: Tentacruel|338\/364|[from] item: Black Sludge
|turn|32
|
|move|p2a: Tentacruel|Scald|p1a: Sableye
|-damage|p1a: Sableye|170\/304
|move|p1a: Sableye|Will-O-Wisp|p2a: Tentacruel
|-status|p2a: Tentacruel|brn
|
|-heal|p2a: Tentacruel|360\/364 brn|[from] item: Black Sludge
|-damage|p2a: Tentacruel|315\/364 brn|[from] brn
|turn|33
|
|move|p2a: Tentacruel|Scald|p1a: Sableye
|-damage|p1a: Sableye|121\/304
|-status|p1a: Sableye|brn
|move|p1a: Sableye|Recover|p1a: Sableye
|-heal|p1a: Sableye|273\/304 brn
|
|-heal|p2a: Tentacruel|337\/364 brn|[from] item: Black Sludge
|-damage|p2a: Tentacruel|292\/364 brn|[from] brn
|-damage|p1a: Sableye|235\/304 brn|[from] brn
|turn|34
|
|switch|p2a: Chansey|Chansey, F|633\/704
|-damage|p2a: Chansey|545\/704|[from] Stealth Rock
|move|p1a: Sableye|Knock Off|p2a: Chansey
|-damage|p2a: Chansey|482\/704
|
|-damage|p1a: Sableye|197\/304 brn|[from] brn
|turn|35
|
|switch|p1a: Gliscor|Gliscor, F|354\/354 tox
|move|p2a: Chansey|Wish|p2a: Chansey
|
|turn|36
|
|switch|p2a: Tentacruel|Tentacruel, F|292\/364 brn
|-damage|p2a: Tentacruel|247\/364 brn|[from] Stealth Rock
|move|p1a: Gliscor|Acrobatics|p2a: Tentacruel
|-damage|p2a: Tentacruel|129\/364 brn
|
|-heal|p2a: Tentacruel|364\/364 brn|[from] move: Wish|[wisher] Chansey
|-damage|p2a: Tentacruel|319\/364 brn|[from] brn
|turn|37
|
|switch|p2a: Slowbro|Slowbro-Mega, M|364\/394
|-damage|p2a: Slowbro|315\/394|[from] Stealth Rock
|move|p1a: Gliscor|Earthquake|p2a: Slowbro
|-damage|p2a: Slowbro|263\/394
|
|turn|38
|
|switch|p1a: Gyarados|Gyarados, M|368\/393
|-ability|p1a: Gyarados|Intimidate|[of] p2a: Slowbro
|-unboost|p2a: Slowbro|atk|1
|move|p2a: Slowbro|Scald|p1a: Gyarados
|-resisted|p1a: Gyarados
|-damage|p1a: Gyarados|329\/393
|
|-heal|p1a: Gyarados|353\/393|[from] item: Leftovers
|turn|39
|
|move|p2a: Slowbro|Scald|p1a: Gyarados
|-resisted|p1a: Gyarados
|-damage|p1a: Gyarados|308\/393
|-status|p1a: Gyarados|brn
|move|p1a: Gyarados|Roar|p2a: Slowbro
|drag|p2a: Gliscor|Gliscor, F|58\/353
|-damage|p2a: Gliscor|14\/353|[from] Stealth Rock
|
|-heal|p1a: Gyarados|332\/393 brn|[from] item: Leftovers
|-damage|p1a: Gyarados|283\/393 brn|[from] brn
|-status|p2a: Gliscor|tox|[from] item: Toxic Orb
|turn|40
|
|switch|p2a: Ditto|Ditto|300\/300
|-damage|p2a: Ditto|263\/300|[from] Stealth Rock
|-transform|p2a: Ditto|p1a: Gyarados
|-ability|p2a: Ditto|Intimidate|[of] p1a: Gyarados
|-unboost|p1a: Gyarados|atk|1
|switch|p1a: Gliscor|Gliscor, F|354\/354 tox
|
|turn|41
|join|Biz
|leave|Biz
|
|switch|p1a: Gyarados|Gyarados, M|283\/393 brn
|-ability|p1a: Gyarados|Intimidate|[of] p2a: Ditto
|-unboost|p2a: Ditto|atk|1
|move|p2a: Ditto|Waterfall|p1a: Gyarados
|-resisted|p1a: Gyarados
|-damage|p1a: Gyarados|237\/393 brn
|
|-heal|p1a: Gyarados|261\/393 brn|[from] item: Leftovers
|-damage|p1a: Gyarados|212\/393 brn|[from] brn
|turn|42
|
|move|p2a: Ditto|Waterfall|p1a: Gyarados
|-resisted|p1a: Gyarados
|-damage|p1a: Gyarados|164\/393 brn
|move|p1a: Gyarados|Rest|p1a: Gyarados
|-status|p1a: Gyarados|slp
|-heal|p1a: Gyarados|393\/393 slp|[silent]
|-status|p1a: Gyarados|slp|[from] move: Rest
|
|turn|43
|
|switch|p2a: Tentacruel|Tentacruel, F|319\/364 brn
|-damage|p2a: Tentacruel|274\/364 brn|[from] Stealth Rock
|cant|p1a: Gyarados|slp
|move|p1a: Gyarados|Sleep Talk|p1a: Gyarados
|move|p1a: Gyarados|Waterfall|p2a: Tentacruel|[from]Sleep Talk
|-resisted|p2a: Tentacruel
|-damage|p2a: Tentacruel|224\/364 brn
|
|-heal|p2a: Tentacruel|246\/364 brn|[from] item: Black Sludge
|-damage|p2a: Tentacruel|201\/364 brn|[from] brn
|turn|44
|
|switch|p2a: Chansey|Chansey, F|482\/704
|-damage|p2a: Chansey|394\/704|[from] Stealth Rock
|switch|p1a: Sableye|Sableye-Mega, F|197\/304 brn
|
|-damage|p1a: Sableye|159\/304 brn|[from] brn
|turn|45
|
|switch|p1a: Gliscor|Gliscor, F|354\/354 tox
|move|p2a: Chansey|Heal Bell|p2a: Chansey
|-cureteam|p2a: Chansey|[from] move: HealBell
|
|turn|46
|
|move|p1a: Gliscor|Acrobatics|p2a: Chansey
|-damage|p2a: Chansey|135\/704
|move|p2a: Chansey|Soft-Boiled|p2a: Chansey
|-heal|p2a: Chansey|487\/704
|
|turn|47
|
|switch|p2a: Slowbro|Slowbro-Mega, M|263\/394
|-damage|p2a: Slowbro|214\/394|[from] Stealth Rock
|move|p1a: Gliscor|Swords Dance|p1a: Gliscor
|-boost|p1a: Gliscor|atk|2
|
|turn|48
|
|switch|p1a: Gyarados|Gyarados, M|393\/393 slp
|-ability|p1a: Gyarados|Intimidate|[of] p2a: Slowbro
|-unboost|p2a: Slowbro|atk|1
|move|p2a: Slowbro|Slack Off|p2a: Slowbro
|-heal|p2a: Slowbro|394\/394
|
|turn|49
|
|cant|p1a: Gyarados|slp
|move|p1a: Gyarados|Sleep Talk|p1a: Gyarados
|move|p1a: Gyarados|Rest|p1a: Gyarados|[from]Sleep Talk
|-fail|p1a: Gyarados
|move|p2a: Slowbro|Scald|p1a: Gyarados
|-resisted|p1a: Gyarados
|-damage|p1a: Gyarados|351\/393 slp
|
|-heal|p1a: Gyarados|375\/393 slp|[from] item: Leftovers
|turn|50
|c| gamerguy1123|yo sd
|c| gamerguy1123|ahh nb
|
|switch|p2a: Tentacruel|Tentacruel, F|201\/364
|-damage|p2a: Tentacruel|156\/364|[from] Stealth Rock
|-curestatus|p1a: Gyarados|slp
|move|p1a: Gyarados|Roar|p2a: Tentacruel
|drag|p2a: Whimsicott|Whimsicott, M|317\/323
|-damage|p2a: Whimsicott|277\/323|[from] Stealth Rock
|
|-heal|p2a: Whimsicott|297\/323|[from] item: Leftovers
|-heal|p1a: Gyarados|393\/393|[from] item: Leftovers
|turn|51
|
|switch|p1a: Skarmory|Skarmory, M|293\/334
|move|p2a: Whimsicott|Leech Seed|p1a: Skarmory
|-start|p1a: Skarmory|move: Leech Seed
|
|-heal|p2a: Whimsicott|317\/323|[from] item: Leftovers
|-damage|p1a: Skarmory|252\/334|[from] Leech Seed|[of] p2a: Whimsicott
|-heal|p2a: Whimsicott|323\/323|[silent]
|turn|52
|
|switch|p1a: Jirachi|Jirachi|348\/404
|move|p2a: Whimsicott|Substitute|p2a: Whimsicott
|-start|p2a: Whimsicott|Substitute
|-damage|p2a: Whimsicott|243\/323
|
|-heal|p2a: Whimsicott|263\/323|[from] item: Leftovers
|-heal|p1a: Jirachi|373\/404|[from] item: Leftovers
|turn|53
|
|move|p2a: Whimsicott|Moonblast|p1a: Jirachi
|-resisted|p1a: Jirachi
|-damage|p1a: Jirachi|338\/404
|move|p1a: Jirachi|Iron Head|p2a: Whimsicott
|-supereffective|p2a: Whimsicott
|-end|p2a: Whimsicott|Substitute
|
|-heal|p2a: Whimsicott|283\/323|[from] item: Leftovers
|-heal|p1a: Jirachi|363\/404|[from] item: Leftovers
|turn|54
|
|switch|p2a: Slowbro|Slowbro-Mega, M|394\/394
|-damage|p2a: Slowbro|345\/394|[from] Stealth Rock
|move|p1a: Jirachi|Iron Head|p2a: Slowbro
|-resisted|p2a: Slowbro
|-damage|p2a: Slowbro|321\/394
|
|-heal|p1a: Jirachi|388\/404|[from] item: Leftovers
|turn|55
|
|move|p1a: Jirachi|U-turn|p2a: Slowbro
|-supereffective|p2a: Slowbro
|-damage|p2a: Slowbro|273\/394
|
|switch|p1a: Gyarados|Gyarados, M|393\/393
|-ability|p1a: Gyarados|Intimidate|[of] p2a: Slowbro
|-unboost|p2a: Slowbro|atk|1
|move|p2a: Slowbro|Scald|p1a: Gyarados
|-resisted|p1a: Gyarados
|-damage|p1a: Gyarados|354\/393
|-status|p1a: Gyarados|brn
|
|-heal|p1a: Gyarados|378\/393 brn|[from] item: Leftovers
|-damage|p1a: Gyarados|329\/393 brn|[from] brn
|turn|56
|
|switch|p2a: Tentacruel|Tentacruel, F|156\/364
|-damage|p2a: Tentacruel|111\/364|[from] Stealth Rock
|move|p1a: Gyarados|Roar|p2a: Tentacruel
|drag|p2a: Slowbro|Slowbro-Mega, M|273\/394
|-damage|p2a: Slowbro|224\/394|[from] Stealth Rock
|
|-heal|p1a: Gyarados|353\/393 brn|[from] item: Leftovers
|-damage|p1a: Gyarados|304\/393 brn|[from] brn
|turn|57
|
|move|p2a: Slowbro|Slack Off|p2a: Slowbro
|-heal|p2a: Slowbro|394\/394
|move|p1a: Gyarados|Roar|p2a: Slowbro
|drag|p2a: Chansey|Chansey, F|487\/704
|-damage|p2a: Chansey|399\/704|[from] Stealth Rock
|
|-heal|p1a: Gyarados|328\/393 brn|[from] item: Leftovers
|-damage|p1a: Gyarados|279\/393 brn|[from] brn
|turn|58
|
|switch|p1a: Jirachi|Jirachi|388\/404
|move|p2a: Chansey|Soft-Boiled|p2a: Chansey
|-heal|p2a: Chansey|704\/704
|
|-heal|p1a: Jirachi|404\/404|[from] item: Leftovers
|turn|59
|
|move|p1a: Jirachi|Iron Head|p2a: Chansey
|-damage|p2a: Chansey|524\/704
|cant|p2a: Chansey|flinch
|
|turn|60
|
|move|p1a: Jirachi|Iron Head|p2a: Chansey
|-crit|p2a: Chansey
|-damage|p2a: Chansey|238\/704
|cant|p2a: Chansey|flinch
|
|turn|61
|
|move|p1a: Jirachi|Iron Head|p2a: Chansey
|-damage|p2a: Chansey|36\/704
|move|p2a: Chansey|Soft-Boiled|p2a: Chansey
|-heal|p2a: Chansey|388\/704
|
|turn|62
|
|switch|p2a: Slowbro|Slowbro-Mega, M|394\/394
|-damage|p2a: Slowbro|345\/394|[from] Stealth Rock
|move|p1a: Jirachi|Iron Head|p2a: Slowbro
|-resisted|p2a: Slowbro
|-damage|p2a: Slowbro|324\/394
|
|turn|63
|
|move|p1a: Jirachi|U-turn|p2a: Slowbro
|-supereffective|p2a: Slowbro
|-damage|p2a: Slowbro|268\/394
|
|switch|p1a: Gyarados|Gyarados, M|279\/393 brn
|-ability|p1a: Gyarados|Intimidate|[of] p2a: Slowbro
|-unboost|p2a: Slowbro|atk|1
|move|p2a: Slowbro|Scald|p1a: Gyarados
|-crit|p1a: Gyarados
|-resisted|p1a: Gyarados
|-damage|p1a: Gyarados|219\/393 brn
|
|-heal|p1a: Gyarados|243\/393 brn|[from] item: Leftovers
|-damage|p1a: Gyarados|194\/393 brn|[from] brn
|turn|64
|
|switch|p2a: Whimsicott|Whimsicott, M|283\/323
|-damage|p2a: Whimsicott|243\/323|[from] Stealth Rock
|move|p1a: Gyarados|Rest|p1a: Gyarados
|-status|p1a: Gyarados|slp
|-heal|p1a: Gyarados|393\/393 slp|[silent]
|-status|p1a: Gyarados|slp|[from] move: Rest
|
|-heal|p2a: Whimsicott|263\/323|[from] item: Leftovers
|turn|65
|
|switch|p1a: Jirachi|Jirachi|404\/404
|move|p2a: Whimsicott|Encore|p1a: Jirachi
|-fail|p1a: Jirachi
|
|-heal|p2a: Whimsicott|283\/323|[from] item: Leftovers
|turn|66
|
|switch|p2a: Slowbro|Slowbro-Mega, M|268\/394
|-damage|p2a: Slowbro|219\/394|[from] Stealth Rock
|move|p1a: Jirachi|Iron Head|p2a: Slowbro
|-resisted|p2a: Slowbro
|-damage|p2a: Slowbro|195\/394
|
|turn|67
|
|move|p1a: Jirachi|U-turn|p2a: Slowbro
|-supereffective|p2a: Slowbro
|-damage|p2a: Slowbro|141\/394
|c|★ally451|!data rest
|c|~|\/data-move Rest

|
|switch|p1a: Quagsire|Quagsire, M|370\/394
|move|p2a: Slowbro|Slack Off|p2a: Slowbro
|-heal|p2a: Slowbro|338\/394
|
|-heal|p1a: Quagsire|394\/394|[from] item: Leftovers
|turn|68
|join|Dragongroudon9
|
|move|p1a: Quagsire|Toxic|p2a: Slowbro
|-status|p2a: Slowbro|tox
|move|p2a: Slowbro|Scald|p1a: Quagsire
|-damage|p1a: Quagsire|216\/394
|-status|p1a: Quagsire|brn
|
|-heal|p1a: Quagsire|240\/394 brn|[from] item: Leftovers
|-damage|p1a: Quagsire|191\/394 brn|[from] brn
|-damage|p2a: Slowbro|314\/394 tox|[from] psn
|turn|69
|
|switch|p1a: Jirachi|Jirachi|404\/404
|switch|p2a: Chansey|Chansey, F|388\/704
|-damage|p2a: Chansey|300\/704|[from] Stealth Rock
|
|turn|70
|
|switch|p2a: Slowbro|Slowbro-Mega, M|314\/394 tox
|-damage|p2a: Slowbro|265\/394 tox|[from] Stealth Rock
|move|p1a: Jirachi|Iron Head|p2a: Slowbro
|-resisted|p2a: Slowbro
|-damage|p2a: Slowbro|241\/394 tox
|
|-damage|p2a: Slowbro|217\/394 tox|[from] psn
|turn|71
|
|move|p1a: Jirachi|Iron Head|p2a: Slowbro
|-resisted|p2a: Slowbro
|-damage|p2a: Slowbro|196\/394 tox
|move|p2a: Slowbro|Slack Off|p2a: Slowbro
|-heal|p2a: Slowbro|393\/394 tox
|
|-damage|p2a: Slowbro|345\/394 tox|[from] psn
|turn|72
|leave|Dragongroudon9
|
|move|p1a: Jirachi|Iron Head|p2a: Slowbro
|-resisted|p2a: Slowbro
|-damage|p2a: Slowbro|324\/394 tox
|cant|p2a: Slowbro|flinch
|
|-damage|p2a: Slowbro|252\/394 tox|[from] psn
|turn|73
|
|switch|p2a: Gliscor|Gliscor, F|14\/353
|-damage|p2a: Gliscor|0 fnt|[from] Stealth Rock
|faint|p2a: Gliscor
|move|p1a: Jirachi|Iron Head|p2: Gliscor|[notarget]
|-notarget
|
|
|switch|p2a: Ditto|Ditto|263\/300
|-damage|p2a: Ditto|226\/300|[from] Stealth Rock
|-transform|p2a: Ditto|p1a: Jirachi
|turn|74
|
|move|p2a: Ditto|Iron Head|p1a: Jirachi
|-resisted|p1a: Jirachi
|-damage|p1a: Jirachi|356\/404
|move|p1a: Jirachi|U-turn|p2a: Ditto
|-damage|p2a: Ditto|170\/300
|
|switch|p1a: Gyarados|Gyarados, M|393\/393 slp
|-ability|p1a: Gyarados|Intimidate|[of] p2a: Ditto
|-unboost|p2a: Ditto|atk|1
|
|turn|75
|c|★ally451|gg you win
|join|Witchfynde
|c|★ally451|i have no chance to spin
|-message|ally451 forfeited.
|
|win|shartruce2
|raw|Ladder updating...