|join|shartruce2
|join|theButlerdidit
|player|p1|shartruce2|43
|player|p2|theButlerdidit|124
|gametype|singles
|gen|6
|tier|OU
|clearpoke
|poke|p1|Charizard, F
|poke|p1|Mew
|poke|p1|Tyranitar, F
|poke|p1|Keldeo
|poke|p1|Doublade, M
|poke|p1|Celebi
|poke|p2|Venusaur, M
|poke|p2|Rotom-Wash
|poke|p2|Bisharp, M
|poke|p2|Azumarill, M
|poke|p2|Landorus, M
|poke|p2|Ferrothorn, F
|rule|Swagger Clause: Swagger is banned
|rule|Baton Pass Clause: Limit one Pokémon knowing Baton Pass
|rule|Sleep Clause Mod: Limit one foe put to sleep
|rule|Species Clause: Limit one of each Pokémon
|rule|OHKO Clause: OHKO moves are banned
|rule|Moody Clause: Moody is banned
|rule|Evasion Moves Clause: Evasion moves are banned
|rule|Endless Battle Clause: Forcing endless battles is banned
|rule|HP Percentage Mod: HP is shown in percentages
|teampreview
|join|JDynasty
|join|just click ex
|join|Acrokid098
|leave|JDynasty
|join|JDynasty
|join|asdfCookie
|join|gorex
|join|test1n
|join|Draeden
|join|Nani Man
|join|Prankster
|
|start
|switch|p1a: Mew|Mew|404\/404
|switch|p2a: Ferrothorn|Ferrothorn, F|352\/352
|turn|1
|c|@Nani Man|i love one direction
|join|BLUEE Gym Leader
|join|Alvok
|join|jake5
|
|move|p1a: Mew|Will-O-Wisp|p2a: Ferrothorn|[miss]
|-miss|p1a: Mew|p2a: Ferrothorn
|move|p2a: Ferrothorn|Stealth Rock|p1a: Mew
|-sidestart|p1: shartruce2|move: Stealth Rock
|
|turn|2
|
|move|p1a: Mew|Reflect Type|p2a: Ferrothorn
|-start|p1a: Mew|typechange|[from] move: Reflect Type|[of] p2a: Ferrothorn
|move|p2a: Ferrothorn|Leech Seed|p1a: Mew
|-immune|p1a: Mew|[msg]
|
|turn|3
|join|Primal Gyarados
|
|move|p1a: Mew|Defog|p2a: Ferrothorn
|-unboost|p2a: Ferrothorn|evasion|1
|-sideend|p1: shartruce2|Stealth Rock|[from] move: Defog|[of] p1a: Mew
|move|p2a: Ferrothorn|Thunder Wave|p1a: Mew
|-status|p1a: Mew|par
|-status|p2a: Ferrothorn|par
|
|turn|4
|c| just click ex|whut why not taunt 
|c| just click ex|reflectt ype nice and creative
|c| jake5|he probs didn't expect t-wave
|
|switch|p1a: Charizard|Charizard, F|359\/359
|move|p2a: Ferrothorn|Stealth Rock|p1a: Charizard
|-sidestart|p1: shartruce2|move: Stealth Rock
|
|turn|5
|c| jake5|hardly any carry it
|c| jake5|he had nothing to fear otherwise
|c| just click ex|I mean you dont want rocks up so why not taunt turn one
|
|switch|p2a: Rotom-Wash|Rotom-Wash|254\/254
|detailschange|p1a: Charizard|Charizard-Mega-Y, F
|message|Charizard has Mega Evolved into Mega Charizard!
|-weather|SunnyDay
|move|p1a: Charizard|Will-O-Wisp|p2a: Rotom-Wash
|-status|p2a: Rotom-Wash|brn
|
|-weather|SunnyDay|[upkeep]
|-damage|p2a: Rotom-Wash|223\/254 brn|[from] brn
|turn|6
|join|AthensHero
|join|Ugh Srsly?
|c| jake5|he knew he could've defogged so it didn't matter to him
|c| jake5|then coulda taunted later
|
|switch|p1a: Celebi|Celebi|404\/404
|-damage|p1a: Celebi|354\/404|[from] Stealth Rock
|move|p2a: Rotom-Wash|Thunderbolt|p1a: Celebi
|-resisted|p1a: Celebi
|-damage|p1a: Celebi|283\/404
|
|-weather|SunnyDay|[upkeep]
|-heal|p1a: Celebi|308\/404|[from] item: Leftovers
|-damage|p2a: Rotom-Wash|192\/254 brn|[from] brn
|turn|7
|join|Mystialized
|join|ShootingStarmie
|leave|Mystialized
|
|switch|p2a: Venusaur|Venusaur, M|363\/363
|move|p1a: Celebi|Heal Bell|p1a: Celebi
|-cureteam|p1a: Celebi|[from] move: HealBell
|
|-weather|SunnyDay|[upkeep]
|-heal|p1a: Celebi|333\/404|[from] item: Leftovers
|turn|8
|
|move|p2a: Venusaur|Sludge Bomb|p1a: Celebi
|-supereffective|p1a: Celebi
|-damage|p1a: Celebi|117\/404
|-status|p1a: Celebi|psn
|move|p1a: Celebi|Baton Pass|p1a: Celebi
|
|switch|p1a: Mew|Mew|404\/404
|-damage|p1a: Mew|354\/404|[from] Stealth Rock
|
|-weather|SunnyDay|[upkeep]
|-heal|p1a: Mew|379\/404|[from] item: Leftovers
|turn|9
|join|MattL
|c|★theButlerdidit|wait, celebei is psychic
|
|switch|p2a: Bisharp|Bisharp, M|317\/317
|move|p1a: Mew|Defog|p2a: Bisharp
|-unboost|p2a: Bisharp|evasion|1
|-boost|p2a: Bisharp|atk|2|[from] ability: Defiant
|-sideend|p1: shartruce2|Stealth Rock|[from] move: Defog|[of] p1a: Mew
|
|-weather|none
|-heal|p1a: Mew|404\/404|[from] item: Leftovers
|turn|10
|c|★theButlerdidit|derp
|c| test1n|yes?
|join|deathbored
|
|move|p1a: Mew|Reflect Type|p2a: Bisharp
|-start|p1a: Mew|typechange|[from] move: Reflect Type|[of] p2a: Bisharp
|move|p2a: Bisharp|Knock Off|p1a: Mew
|-resisted|p1a: Mew
|-damage|p1a: Mew|257\/404
|-enditem|p1a: Mew|Leftovers|[from] move: Knock Off|[of] p2a: Bisharp
|
|turn|11
|c|@MattL|yessssssssss shart
|c|+ShootingStarmie|*-*
|
|switch|p2a: Landorus|Landorus, M|320\/320
|move|p1a: Mew|Will-O-Wisp|p2a: Landorus
|-status|p2a: Landorus|brn
|
|-damage|p2a: Landorus|280\/320 brn|[from] brn
|turn|12
|
|switch|p1a: Charizard|Charizard-Mega-Y, F|359\/359
|-weather|SunnyDay
|move|p2a: Landorus|Earth Power|p1a: Charizard
|-immune|p1a: Charizard|[msg]
|
|-weather|SunnyDay|[upkeep]
|-damage|p2a: Landorus|240\/320 brn|[from] brn
|turn|13
|
|move|p2a: Landorus|Sludge Wave|p1a: Charizard
|-damage|p1a: Charizard|230\/359
|move|p1a: Charizard|Flamethrower|p2a: Landorus
|-damage|p2a: Landorus|0 fnt
|faint|p2a: Landorus
|
|-weather|SunnyDay|[upkeep]
|
|switch|p2a: Rotom-Wash|Rotom-Wash|192\/254 brn
|turn|14
|
|switch|p1a: Celebi|Celebi|117\/404
|move|p2a: Rotom-Wash|Volt Switch|p1a: Celebi
|-resisted|p1a: Celebi
|-damage|p1a: Celebi|56\/404
|
|switch|p2a: Bisharp|Bisharp, M|317\/317
|
|-weather|SunnyDay|[upkeep]
|-heal|p1a: Celebi|81\/404|[from] item: Leftovers
|turn|15
|join|irl cat
|c|@MattL|you should've RTd again lol
|leave|test1n
|
|move|p2a: Bisharp|Pursuit|p1a: Celebi|[from]Pursuit
|-supereffective|p1a: Celebi
|-damage|p1a: Celebi|0 fnt
|faint|p1a: Celebi
|
|-weather|SunnyDay|[upkeep]
|c|@MattL|wait I'm like 10 turns behind
|leave|Ugh Srsly?
|
|switch|p1a: Keldeo|Keldeo|323\/323
|turn|16
|c| Draeden|lol
|
|switch|p2a: Azumarill|Azumarill, M|404\/404
|move|p1a: Keldeo|Scald|p2a: Azumarill
|-resisted|p2a: Azumarill
|-damage|p2a: Azumarill|345\/404
|-status|p2a: Azumarill|brn
|
|-weather|none
|-damage|p2a: Azumarill|295\/404 brn|[from] brn
|turn|17
|c|+ShootingStarmie|ripriprip
|
|switch|p1a: Doublade|Doublade, M|322\/322
|move|p2a: Azumarill|Play Rough|p1a: Doublade
|-resisted|p1a: Doublade
|-damage|p1a: Doublade|289\/322
|
|-damage|p2a: Azumarill|245\/404 brn|[from] brn
|turn|18
|
|switch|p2a: Bisharp|Bisharp, M|317\/317
|switch|p1a: Charizard|Charizard-Mega-Y, F|230\/359
|-weather|SunnyDay
|
|-weather|SunnyDay|[upkeep]
|turn|19
|join|Repeater1947
|
|move|p2a: Bisharp|Sucker Punch|p1a: Charizard
|-fail|p1a: Charizard
|move|p1a: Charizard|Roost|p1a: Charizard
|-heal|p1a: Charizard|359\/359
|
|-weather|SunnyDay|[upkeep]
|turn|20
|
|switch|p2a: Rotom-Wash|Rotom-Wash|192\/254 brn
|move|p1a: Charizard|Will-O-Wisp|p2a: Rotom-Wash
|-fail|p2a: Rotom-Wash|brn
|
|-weather|SunnyDay|[upkeep]
|-damage|p2a: Rotom-Wash|161\/254 brn|[from] brn
|turn|21
|join|HxH KilluaSenpai
|
|switch|p1a: Mew|Mew|257\/404
|move|p2a: Rotom-Wash|Volt Switch|p1a: Mew
|-damage|p1a: Mew|136\/404
|
|switch|p2a: Azumarill|Azumarill, M|245\/404 brn
|
|-weather|SunnyDay|[upkeep]
|-damage|p2a: Azumarill|195\/404 brn|[from] brn
|turn|22
|
|move|p1a: Mew|Roost|p1a: Mew
|-heal|p1a: Mew|338\/404
|move|p2a: Azumarill|Play Rough|p1a: Mew
|-damage|p1a: Mew|217\/404
|
|-weather|none
|-damage|p2a: Azumarill|145\/404 brn|[from] brn
|turn|23
|
|switch|p2a: Venusaur|Venusaur, M|363\/363
|move|p1a: Mew|Roost|p1a: Mew
|-heal|p1a: Mew|404\/404
|
|turn|24
|
|detailschange|p2a: Venusaur|Venusaur-Mega, M
|message|Venusaur has Mega Evolved into Mega Venusaur!
|move|p1a: Mew|Will-O-Wisp|p2a: Venusaur|[miss]
|-miss|p1a: Mew|p2a: Venusaur
|move|p2a: Venusaur|Sludge Bomb|p1a: Mew
|-damage|p1a: Mew|284\/404
|-status|p1a: Mew|psn
|
|-damage|p1a: Mew|234\/404 psn|[from] psn
|turn|25
|
|switch|p2a: Ferrothorn|Ferrothorn, F|352\/352 par
|move|p1a: Mew|Will-O-Wisp|p2a: Ferrothorn
|-fail|p2a: Ferrothorn
|
|-damage|p1a: Mew|184\/404 psn|[from] psn
|turn|26
|
|switch|p1a: Charizard|Charizard-Mega-Y, F|359\/359
|-weather|SunnyDay
|move|p2a: Ferrothorn|Stealth Rock|p1a: Charizard
|-sidestart|p1: shartruce2|move: Stealth Rock
|
|-weather|SunnyDay|[upkeep]
|turn|27
|join|craing ;_;
|leave|craing ;_;
|
|switch|p2a: Rotom-Wash|Rotom-Wash|161\/254 brn
|move|p1a: Charizard|Flamethrower|p2a: Rotom-Wash
|-resisted|p2a: Rotom-Wash
|-damage|p2a: Rotom-Wash|57\/254 brn
|
|-weather|SunnyDay|[upkeep]
|-damage|p2a: Rotom-Wash|26\/254 brn|[from] brn
|turn|28
|join|craing ;_;
|leave|craing ;_;
|join|Toetodile
|leave|AthensHero
|
|move|p2a: Rotom-Wash|Volt Switch|p1a: Charizard
|-supereffective|p1a: Charizard
|-damage|p1a: Charizard|189\/359
|
|switch|p2a: Azumarill|Azumarill, M|145\/404 brn
|move|p1a: Charizard|Roost|p1a: Charizard
|-heal|p1a: Charizard|359\/359
|
|-weather|SunnyDay|[upkeep]
|-damage|p2a: Azumarill|95\/404 brn|[from] brn
|turn|29
|
|move|p1a: Charizard|Earthquake|p2a: Azumarill
|-damage|p2a: Azumarill|3\/404 brn
|move|p2a: Azumarill|Waterfall|p1a: Charizard
|-supereffective|p1a: Charizard
|-damage|p1a: Charizard|209\/359
|
|-weather|SunnyDay|[upkeep]
|-damage|p2a: Azumarill|0 fnt|[from] brn
|faint|p2a: Azumarill
|c| Toetodile|eq?
|c| Toetodile|focus blast is better
|
|switch|p2a: Rotom-Wash|Rotom-Wash|26\/254 brn
|turn|30
|
|switch|p1a: Tyranitar|Tyranitar, F|404\/404
|-damage|p1a: Tyranitar|354\/404|[from] Stealth Rock
|-weather|Sandstorm
|move|p2a: Rotom-Wash|Thunderbolt|p1a: Tyranitar
|-damage|p1a: Tyranitar|257\/404
|
|-weather|Sandstorm|[upkeep]
|-damage|p2a: Rotom-Wash|11\/254 brn|[from] sandstorm
|-heal|p1a: Tyranitar|282\/404|[from] item: Leftovers
|-damage|p2a: Rotom-Wash|0 fnt|[from] brn
|faint|p2a: Rotom-Wash
|
|switch|p2a: Ferrothorn|Ferrothorn, F|352\/352 par
|turn|31
|join|Calloflochie
|leave|HxH KilluaSenpai
|
|move|p1a: Tyranitar|Stealth Rock|p2a: Ferrothorn
|-sidestart|p2: theButlerdidit|move: Stealth Rock
|move|p2a: Ferrothorn|Power Whip|p1a: Tyranitar
|-supereffective|p1a: Tyranitar
|-damage|p1a: Tyranitar|114\/404
|
|-weather|Sandstorm|[upkeep]
|-heal|p1a: Tyranitar|139\/404|[from] item: Leftovers
|turn|32
|leave|irl cat
|
|move|p1a: Tyranitar|Pursuit|p2a: Ferrothorn
|-damage|p2a: Ferrothorn|315\/352 par
|-damage|p1a: Tyranitar|89\/404|[from] ability: Iron Barbs|[of] p2a: Ferrothorn
|move|p2a: Ferrothorn|Leech Seed|p1a: Tyranitar
|-start|p1a: Tyranitar|move: Leech Seed
|
|-weather|Sandstorm|[upkeep]
|-heal|p1a: Tyranitar|114\/404|[from] item: Leftovers
|-heal|p2a: Ferrothorn|337\/352 par|[from] item: Leftovers
|-damage|p1a: Tyranitar|64\/404|[from] Leech Seed|[of] p2a: Ferrothorn
|-heal|p2a: Ferrothorn|352\/352 par|[silent]
|turn|33
|
|move|p1a: Tyranitar|Pursuit|p2a: Ferrothorn
|-damage|p2a: Ferrothorn|313\/352 par
|-damage|p1a: Tyranitar|14\/404|[from] ability: Iron Barbs|[of] p2a: Ferrothorn
|move|p2a: Ferrothorn|Power Whip|p1a: Tyranitar
|-supereffective|p1a: Tyranitar
|-damage|p1a: Tyranitar|0 fnt
|faint|p1a: Tyranitar
|
|-weather|Sandstorm|[upkeep]
|-heal|p2a: Ferrothorn|335\/352 par|[from] item: Leftovers
|join|Gym Leader Sendrom
|join|Qubae
|join|zappcap
|
|switch|p1a: Charizard|Charizard-Mega-Y, F|209\/359
|-damage|p1a: Charizard|30\/359|[from] Stealth Rock
|-weather|SunnyDay
|turn|34
|leave|zappcap
|join|dfgfh
|join|Nelson
|
|move|p1a: Charizard|Flamethrower|p2a: Ferrothorn
|-supereffective|p2a: Ferrothorn
|-damage|p2a: Ferrothorn|0 fnt
|faint|p2a: Ferrothorn
|
|-weather|SunnyDay|[upkeep]
|
|switch|p2a: Bisharp|Bisharp, M|317\/317
|-damage|p2a: Bisharp|298\/317|[from] Stealth Rock
|turn|35
|c| Gym Leader Sendrom|sp 
|leave|Nelson
|
|move|p1a: Charizard|Roost|p1a: Charizard
|-heal|p1a: Charizard|210\/359
|move|p2a: Bisharp|Knock Off|p1a: Charizard
|-damage|p1a: Charizard|60\/359
|
|-weather|SunnyDay|[upkeep]
|turn|36
|leave|asdfCookie
|
|move|p2a: Bisharp|Sucker Punch|p1a: Charizard
|-fail|p1a: Charizard
|move|p1a: Charizard|Roost|p1a: Charizard
|-heal|p1a: Charizard|240\/359
|
|-weather|SunnyDay|[upkeep]
|turn|37
|c| jake5|he can easily rooost stall
|c| jake5|shartruce doesn't even have to predict
|
|move|p1a: Charizard|Will-O-Wisp|p2a: Bisharp
|-status|p2a: Bisharp|brn
|move|p2a: Bisharp|Knock Off|p1a: Charizard
|-damage|p1a: Charizard|170\/359
|
|-weather|SunnyDay|[upkeep]
|-damage|p2a: Bisharp|259\/317 brn|[from] brn
|turn|38
|
|move|p1a: Charizard|Roost|p1a: Charizard
|-heal|p1a: Charizard|350\/359
|move|p2a: Bisharp|Knock Off|p1a: Charizard
|-damage|p1a: Charizard|272\/359
|
|-weather|none
|-damage|p2a: Bisharp|220\/317 brn|[from] brn
|turn|39
|c| Toetodile|wow cool zard!
|
|switch|p2a: Venusaur|Venusaur-Mega, M|363\/363
|-damage|p2a: Venusaur|318\/363|[from] Stealth Rock
|move|p1a: Charizard|Flamethrower|p2a: Venusaur
|-supereffective|p2a: Venusaur
|-damage|p2a: Venusaur|198\/363
|
|turn|40
|
|move|p1a: Charizard|Will-O-Wisp|p2a: Venusaur
|-status|p2a: Venusaur|brn
|move|p2a: Venusaur|Sludge Bomb|p1a: Charizard
|-damage|p1a: Charizard|175\/359
|
|-damage|p2a: Venusaur|153\/363 brn|[from] brn
|turn|41
|
|move|p1a: Charizard|Roost|p1a: Charizard
|-heal|p1a: Charizard|355\/359
|move|p2a: Venusaur|Sludge Bomb|p1a: Charizard
|-damage|p1a: Charizard|262\/359
|
|-damage|p2a: Venusaur|108\/363 brn|[from] brn
|turn|42
|
|switch|p1a: Mew|Mew|184\/404 psn
|-damage|p1a: Mew|134\/404 psn|[from] Stealth Rock
|move|p2a: Venusaur|Synthesis|p2a: Venusaur
|-heal|p2a: Venusaur|289\/363 brn
|
|-damage|p1a: Mew|84\/404 psn|[from] psn
|-damage|p2a: Venusaur|244\/363 brn|[from] brn
|turn|43
|
|move|p1a: Mew|Defog|p2a: Venusaur
|-unboost|p2a: Venusaur|evasion|1
|-sideend|p2: theButlerdidit|Stealth Rock|[from] move: Defog|[of] p2a: Venusaur
|-sideend|p1: shartruce2|Stealth Rock|[from] move: Defog|[of] p1a: Mew
|move|p2a: Venusaur|Sludge Bomb|p1a: Mew
|-damage|p1a: Mew|0 fnt
|faint|p1a: Mew
|
|-damage|p2a: Venusaur|199\/363 brn|[from] brn
|
|switch|p1a: Doublade|Doublade, M|289\/322
|turn|44
|
|switch|p2a: Bisharp|Bisharp, M|220\/317 brn
|move|p1a: Doublade|Gyro Ball|p2a: Bisharp
|-resisted|p2a: Bisharp
|-damage|p2a: Bisharp|176\/317 brn
|
|-damage|p2a: Bisharp|137\/317 brn|[from] brn
|turn|45
|
|switch|p1a: Keldeo|Keldeo|323\/323
|move|p2a: Bisharp|Knock Off|p1a: Keldeo
|-resisted|p1a: Keldeo
|-damage|p1a: Keldeo|272\/323
|-boost|p1a: Keldeo|atk|1|[from] ability: Justified
|-enditem|p1a: Keldeo|Choice Specs|[from] move: Knock Off|[of] p2a: Bisharp
|
|-damage|p2a: Bisharp|98\/317 brn|[from] brn
|turn|46
|
|switch|p2a: Venusaur|Venusaur-Mega, M|199\/363 brn
|move|p1a: Keldeo|Scald|p2a: Venusaur
|-resisted|p2a: Venusaur
|-damage|p2a: Venusaur|145\/363 brn
|
|-damage|p2a: Venusaur|100\/363 brn|[from] brn
|turn|47
|leave|Qubae
|
|switch|p1a: Doublade|Doublade, M|289\/322
|move|p2a: Venusaur|Synthesis|p2a: Venusaur
|-heal|p2a: Venusaur|281\/363 brn
|
|-damage|p2a: Venusaur|236\/363 brn|[from] brn
|turn|48
|leave|MattL
|
|switch|p2a: Bisharp|Bisharp, M|98\/317 brn
|move|p1a: Doublade|Gyro Ball|p2a: Bisharp
|-resisted|p2a: Bisharp
|-damage|p2a: Bisharp|52\/317 brn
|
|-damage|p2a: Bisharp|13\/317 brn|[from] brn
|turn|49
|join|BenzMafia
|
|move|p2a: Bisharp|Pursuit|p1a: Doublade
|-supereffective|p1a: Doublade
|-damage|p1a: Doublade|251\/322
|move|p1a: Doublade|Gyro Ball|p2a: Bisharp
|-resisted|p2a: Bisharp
|-damage|p2a: Bisharp|0 fnt
|faint|p2a: Bisharp
|
|
|switch|p2a: Venusaur|Venusaur-Mega, M|236\/363 brn
|turn|50
|
|move|p2a: Venusaur|Hidden Power|p1a: Doublade
|-supereffective|p1a: Doublade
|-damage|p1a: Doublade|155\/322
|move|p1a: Doublade|Gyro Ball|p2a: Venusaur
|-damage|p2a: Venusaur|167\/363 brn
|
|-damage|p2a: Venusaur|122\/363 brn|[from] brn
|turn|51
|
|move|p2a: Venusaur|Synthesis|p2a: Venusaur
|-heal|p2a: Venusaur|303\/363 brn
|move|p1a: Doublade|Gyro Ball|p2a: Venusaur
|-damage|p2a: Venusaur|225\/363 brn
|
|-damage|p2a: Venusaur|180\/363 brn|[from] brn
|turn|52
|
|move|p2a: Venusaur|Hidden Power|p1a: Doublade
|-supereffective|p1a: Doublade
|-damage|p1a: Doublade|67\/322
|move|p1a: Doublade|Gyro Ball|p2a: Venusaur
|-damage|p2a: Venusaur|99\/363 brn
|
|-damage|p2a: Venusaur|54\/363 brn|[from] brn
|turn|53
|
|move|p2a: Venusaur|Synthesis|p2a: Venusaur
|-heal|p2a: Venusaur|235\/363 brn
|move|p1a: Doublade|Gyro Ball|p2a: Venusaur
|-damage|p2a: Venusaur|159\/363 brn
|
|-damage|p2a: Venusaur|114\/363 brn|[from] brn
|turn|54
|
|move|p2a: Venusaur|Hidden Power|p1a: Doublade
|-supereffective|p1a: Doublade
|-damage|p1a: Doublade|0 fnt
|faint|p1a: Doublade
|
|-damage|p2a: Venusaur|69\/363 brn|[from] brn
|
|switch|p1a: Charizard|Charizard-Mega-Y, F|262\/359
|-weather|SunnyDay
|turn|55
|join|daftmau5
|
|move|p1a: Charizard|Flamethrower|p2a: Venusaur
|-supereffective|p2a: Venusaur
|-damage|p2a: Venusaur|0 fnt
|faint|p2a: Venusaur
|
|win|shartruce2
|join|Nelson
|leave|deathbored
|leave|Prankster
|leave|dfgfh
|c|★theButlerdidit|gg
|leave|Alvok
|c|★shartruce2|gg
|leave|theButlerdidit
|player|p2
|leave|BenzMafia
|leave|Repeater1947
|leave|Nelson
|join|Mistress Remilia
|leave|Draeden
|leave|Mistress Remilia
|leave|Acrokid098
|leave|just click ex
|leave|daftmau5
|leave|Gym Leader Sendrom
|leave|Calloflochie
|join|Repeater1947
|leave|ShootingStarmie
|leave|Repeater1947
|leave|Nani Man
|leave|gorex
|leave|Toetodile
|leave|Primal Gyarados
|leave|jake5
|leave|shartruce2
|player|p1