|join|Juice Weasel
|join|Cendillo
|player|p1|Juice Weasel|172
|player|p2|Cendillo|190
|gametype|singles
|gen|6
|tier|UU
|rated
|rule|Sleep Clause Mod: Limit one foe put to sleep
|rule|Species Clause: Limit one of each Pokémon
|rule|OHKO Clause: OHKO moves are banned
|rule|Moody Clause: Moody is banned
|rule|Evasion Moves Clause: Evasion moves are banned
|rule|Endless Battle Clause: Forcing endless battles is banned
|rule|HP Percentage Mod: HP is shown in percentages
|clearpoke
|poke|p1|Alakazam, M
|poke|p1|Arcanine, F
|poke|p1|Florges, F
|poke|p1|Doublade, M
|poke|p1|Hitmonlee, M
|poke|p1|Jirachi
|poke|p2|Hippowdon, F
|poke|p2|Stoutland, M
|poke|p2|Infernape, M
|poke|p2|Jirachi
|poke|p2|Raikou
|poke|p2|Blastoise, F
|rule|Swagger Clause: Swagger is banned
|rule|Baton Pass Clause: Limit one Pokémon knowing Baton Pass
|teampreview
|
|start
|switch|p1a: Lionheart|Arcanine, F|383\/383
|switch|p2a: Hippowdon|Hippowdon, F|420\/420
|-ability|p1a: Lionheart|Intimidate|[of] p2a: Hippowdon
|-unboost|p2a: Hippowdon|atk|1
|-weather|Sandstorm
|turn|1
|
|move|p1a: Lionheart|Will-O-Wisp|p2a: Hippowdon
|-status|p2a: Hippowdon|brn
|move|p2a: Hippowdon|Stealth Rock|p1a: Lionheart
|-sidestart|p1: Juice Weasel|move: Stealth Rock
|
|-weather|Sandstorm|[upkeep]
|-damage|p1a: Lionheart|360\/383|[from] sandstorm
|-damage|p2a: Hippowdon|368\/420 brn|[from] brn
|turn|2
|
|move|p1a: Lionheart|Flare Blitz|p2a: Hippowdon
|-damage|p2a: Hippowdon|235\/420 brn
|-damage|p1a: Lionheart|316\/383|[from] recoil|[of] p2a: Hippowdon
|move|p2a: Hippowdon|Slack Off|p2a: Hippowdon
|-heal|p2a: Hippowdon|420\/420 brn
|
|-weather|Sandstorm|[upkeep]
|-damage|p1a: Lionheart|293\/383|[from] sandstorm
|-damage|p2a: Hippowdon|368\/420 brn|[from] brn
|turn|3
|
|switch|p2a: Blastoise|Blastoise, F|361\/361
|move|p1a: Lionheart|Flare Blitz|p2a: Blastoise
|-resisted|p2a: Blastoise
|-damage|p2a: Blastoise|288\/361
|-status|p2a: Blastoise|brn
|-damage|p1a: Lionheart|269\/383|[from] recoil|[of] p2a: Blastoise
|
|-weather|Sandstorm|[upkeep]
|-damage|p1a: Lionheart|246\/383|[from] sandstorm
|-damage|p2a: Blastoise|266\/361 brn|[from] sandstorm
|-damage|p2a: Blastoise|221\/361 brn|[from] brn
|turn|4
|
|switch|p1a: Freya|Florges, F|360\/360
|-damage|p1a: Freya|315\/360|[from] Stealth Rock
|detailschange|p2a: Blastoise|Blastoise-Mega, F
|-mega|p2a: Blastoise|Blastoise|Blastoisinite
|move|p2a: Blastoise|Water Pulse|p1a: Freya
|-damage|p1a: Freya|188\/360
|
|-weather|Sandstorm|[upkeep]
|-damage|p2a: Blastoise|199\/361 brn|[from] sandstorm
|-damage|p1a: Freya|166\/360|[from] sandstorm
|-heal|p1a: Freya|188\/360|[from] item: Leftovers
|-damage|p2a: Blastoise|154\/361 brn|[from] brn
|turn|5
|
|switch|p2a: Stoutland|Stoutland, M|311\/311
|move|p1a: Freya|Wish|p1a: Freya
|
|-weather|Sandstorm|[upkeep]
|-damage|p1a: Freya|166\/360|[from] sandstorm
|-heal|p1a: Freya|188\/360|[from] item: Leftovers
|turn|6
|
|move|p1a: Freya|Protect|p1a: Freya
|-singleturn|p1a: Freya|Protect
|move|p2a: Stoutland|Return|p1a: Freya
|-activate|p1a: Freya|Protect
|
|-weather|Sandstorm|[upkeep]
|-damage|p1a: Freya|166\/360|[from] sandstorm
|-heal|p1a: Freya|346\/360|[from] move: Wish|[wisher] Freya
|-heal|p1a: Freya|360\/360|[from] item: Leftovers
|turn|7
|
|switch|p2a: Infernape|Infernape, M|293\/293
|switch|p1a: Venetia Shield|Doublade, M|322\/322
|-damage|p1a: Venetia Shield|302\/322|[from] Stealth Rock
|
|-weather|Sandstorm|[upkeep]
|-damage|p2a: Infernape|275\/293|[from] sandstorm
|turn|8
|
|switch|p1a: Lionheart|Arcanine, F|246\/383
|-damage|p1a: Lionheart|151\/383|[from] Stealth Rock
|-ability|p1a: Lionheart|Intimidate|[of] p2a: Infernape
|-unboost|p2a: Infernape|atk|1
|move|p2a: Infernape|Fire Blast|p1a: Lionheart
|-resisted|p1a: Lionheart
|-damage|p1a: Lionheart|30\/383
|-damage|p2a: Infernape|246\/293|[from] item: Life Orb
|
|-weather|none
|turn|9
|
|move|p1a: Lionheart|Extreme Speed|p2a: Infernape
|-damage|p2a: Infernape|144\/293
|move|p2a: Infernape|U-turn|p1a: Lionheart
|-resisted|p1a: Lionheart
|-damage|p1a: Lionheart|9\/383
|-damage|p2a: Infernape|96\/293|[from] item: Rocky Helmet|[of] p1a: Lionheart
|-damage|p2a: Infernape|67\/293|[from] item: Life Orb
|
|switch|p2a: Hippowdon|Hippowdon, F|368\/420 brn
|-weather|Sandstorm
|
|-weather|Sandstorm|[upkeep]
|-damage|p1a: Lionheart|0 fnt|[from] sandstorm
|-damage|p2a: Hippowdon|316\/420 brn|[from] brn
|faint|p1a: Lionheart
|
|switch|p1a: Stardust|Jirachi|341\/341
|-damage|p1a: Stardust|320\/341|[from] Stealth Rock
|turn|10
|
|move|p1a: Stardust|Stealth Rock|p2a: Hippowdon
|-sidestart|p2: Cendillo|move: Stealth Rock
|move|p2a: Hippowdon|Earthquake|p1a: Stardust
|-supereffective|p1a: Stardust
|-damage|p1a: Stardust|176\/341
|
|-weather|Sandstorm|[upkeep]
|-damage|p2a: Hippowdon|264\/420 brn|[from] brn
|turn|11
|
|move|p1a: Stardust|Iron Head|p2a: Hippowdon
|-damage|p2a: Hippowdon|179\/420 brn
|move|p2a: Hippowdon|Earthquake|p1a: Stardust
|-supereffective|p1a: Stardust
|-damage|p1a: Stardust|42\/341
|
|-weather|Sandstorm|[upkeep]
|-damage|p2a: Hippowdon|127\/420 brn|[from] brn
|turn|12
|
|switch|p2a: Blastoise|Blastoise-Mega, F|154\/361 brn
|-damage|p2a: Blastoise|109\/361 brn|[from] Stealth Rock
|move|p1a: Stardust|Energy Ball|p2a: Blastoise
|-supereffective|p2a: Blastoise
|-damage|p2a: Blastoise|0 fnt
|faint|p2a: Blastoise
|
|-weather|Sandstorm|[upkeep]
|
|switch|p2a: Raikou|Raikou|321\/321
|-damage|p2a: Raikou|281\/321|[from] Stealth Rock
|-ability|p2a: Raikou|Pressure
|turn|13
|
|move|p2a: Raikou|Volt Switch|p1a: Stardust
|-damage|p1a: Stardust|0 fnt
|faint|p1a: Stardust
|
|switch|p2a: Stoutland|Stoutland, M|311\/311
|-damage|p2a: Stoutland|273\/311|[from] Stealth Rock
|
|-weather|Sandstorm|[upkeep]
|
|switch|p1a: Freya|Florges, F|360\/360
|-damage|p1a: Freya|315\/360|[from] Stealth Rock
|turn|14
|
|move|p1a: Freya|Protect|p1a: Freya
|-singleturn|p1a: Freya|Protect
|move|p2a: Stoutland|Return|p1a: Freya
|-activate|p1a: Freya|Protect
|
|-weather|Sandstorm|[upkeep]
|-damage|p1a: Freya|293\/360|[from] sandstorm
|-heal|p1a: Freya|315\/360|[from] item: Leftovers
|turn|15
|
|switch|p1a: Venetia Shield|Doublade, M|302\/322
|-damage|p1a: Venetia Shield|282\/322|[from] Stealth Rock
|move|p2a: Stoutland|Return|p1a: Venetia Shield
|-immune|p1a: Venetia Shield|[msg]
|
|-weather|Sandstorm|[upkeep]
|turn|16
|
|switch|p2a: Raikou|Raikou|281\/321
|-damage|p2a: Raikou|241\/321|[from] Stealth Rock
|-ability|p2a: Raikou|Pressure
|move|p1a: Venetia Shield|Swords Dance|p1a: Venetia Shield
|-boost|p1a: Venetia Shield|atk|2
|
|-weather|none
|-heal|p2a: Raikou|261\/321|[from] item: Leftovers
|turn|17
|
|move|p1a: Venetia Shield|Shadow Sneak|p2a: Raikou
|-damage|p2a: Raikou|90\/321
|move|p2a: Raikou|Thunderbolt|p1a: Venetia Shield
|-damage|p1a: Venetia Shield|99\/322
|
|-heal|p2a: Raikou|110\/321|[from] item: Leftovers
|turn|18
|
|switch|p2a: Stoutland|Stoutland, M|273\/311
|-damage|p2a: Stoutland|235\/311|[from] Stealth Rock
|move|p1a: Venetia Shield|Shadow Sneak|p2a: Stoutland
|-immune|p2a: Stoutland|[msg]
|
|turn|19
|
|switch|p1a: Mad Dog|Hitmonlee, M|304\/304
|-damage|p1a: Mad Dog|285\/304|[from] Stealth Rock
|move|p2a: Stoutland|Crunch|p1a: Mad Dog
|-resisted|p1a: Mad Dog
|-damage|p1a: Mad Dog|162\/304
|-unboost|p1a: Mad Dog|def|1
|
|turn|20
|
|move|p2a: Stoutland|Crunch|p1a: Mad Dog
|-resisted|p1a: Mad Dog
|-damage|p1a: Mad Dog|0 fnt
|faint|p1a: Mad Dog
|
|
|switch|p1a: Freya|Florges, F|315\/360
|-damage|p1a: Freya|270\/360|[from] Stealth Rock
|turn|21
|
|switch|p2a: Jirachi|Jirachi|342\/342
|-damage|p2a: Jirachi|321\/342|[from] Stealth Rock
|move|p1a: Freya|Wish|p1a: Freya
|
|-heal|p2a: Jirachi|342\/342|[from] item: Leftovers
|-heal|p1a: Freya|292\/360|[from] item: Leftovers
|turn|22
|c|★Juice Weasel|i love it when garbage players get bailed out by hax. awesome def drop for you
|
|switch|p1a: Venetia Shield|Doublade, M|99\/322
|-damage|p1a: Venetia Shield|79\/322|[from] Stealth Rock
|move|p2a: Jirachi|Iron Head|p1a: Venetia Shield
|-resisted|p1a: Venetia Shield
|-damage|p1a: Venetia Shield|49\/322
|
|-heal|p1a: Venetia Shield|229\/322|[from] move: Wish|[wisher] Freya
|turn|23
|
|move|p2a: Jirachi|U-turn|p1a: Venetia Shield
|-resisted|p1a: Venetia Shield
|-damage|p1a: Venetia Shield|221\/322
|
|switch|p2a: Hippowdon|Hippowdon, F|127\/420 brn
|-damage|p2a: Hippowdon|101\/420 brn|[from] Stealth Rock
|-weather|Sandstorm
|move|p1a: Venetia Shield|Swords Dance|p1a: Venetia Shield
|-boost|p1a: Venetia Shield|atk|2
|
|-weather|Sandstorm|[upkeep]
|-damage|p2a: Hippowdon|49\/420 brn|[from] brn
|turn|24
|
|move|p1a: Venetia Shield|Shadow Sneak|p2a: Hippowdon
|-damage|p2a: Hippowdon|0 fnt
|faint|p2a: Hippowdon
|
|-weather|Sandstorm|[upkeep]
|
|switch|p2a: Stoutland|Stoutland, M|235\/311
|-damage|p2a: Stoutland|197\/311|[from] Stealth Rock
|turn|25
|
|move|p2a: Stoutland|Crunch|p1a: Venetia Shield
|-supereffective|p1a: Venetia Shield
|-damage|p1a: Venetia Shield|83\/322
|move|p1a: Venetia Shield|Sacred Sword|p2a: Stoutland
|-supereffective|p2a: Stoutland
|-damage|p2a: Stoutland|0 fnt
|faint|p2a: Stoutland
|
|-weather|Sandstorm|[upkeep]
|c|★Juice Weasel|it's ogre
|
|switch|p2a: Jirachi|Jirachi|342\/342
|-damage|p2a: Jirachi|321\/342|[from] Stealth Rock
|turn|26
|
|move|p1a: Venetia Shield|Shadow Sneak|p2a: Jirachi
|-supereffective|p2a: Jirachi
|-damage|p2a: Jirachi|37\/342
|move|p2a: Jirachi|Iron Head|p1a: Venetia Shield
|-resisted|p1a: Venetia Shield
|-damage|p1a: Venetia Shield|55\/322
|
|-weather|Sandstorm|[upkeep]
|-heal|p2a: Jirachi|58\/342|[from] item: Leftovers
|turn|27
|-message|Cendillo forfeited.
|leave|Cendillo
|
|move|p1a: Venetia Shield|Shadow Sneak|p2a: Jirachi
|-crit|p2a: Jirachi
|-supereffective|p2a: Jirachi
|-damage|p2a: Jirachi|0 fnt
|faint|p2a: Jirachi
|
|-weather|Sandstorm|[upkeep]
|
|win|Juice Weasel
|raw|Ladder updating...
|player|p2
|raw|Juice Weasel's rating: 1477 &rarr; <strong>1486<\/strong><br \/>(+9 for winning)
|raw|Cendillo's rating: 1279 &rarr; <strong>1267<\/strong><br \/>(-12 for losing)