|join|Juice Weasel
|join|Vaporeon for Ubers
|player|p1|Juice Weasel|172
|player|p2|Vaporeon for Ubers|#cpgtan
|gametype|singles
|gen|6
|tier|UU
|rated
|rule|Sleep Clause Mod: Limit one foe put to sleep
|rule|Species Clause: Limit one of each Pokémon
|rule|OHKO Clause: OHKO moves are banned
|rule|Moody Clause: Moody is banned
|rule|Evasion Moves Clause: Evasion moves are banned
|rule|Endless Battle Clause: Forcing endless battles is banned
|rule|HP Percentage Mod: HP is shown in percentages
|clearpoke
|poke|p1|Infernape, M
|poke|p1|Aerodactyl, M
|poke|p1|Chesnaught, F
|poke|p1|Vaporeon, F
|poke|p1|Forretress, M, shiny
|poke|p1|Hydreigon, M
|poke|p2|Chesnaught, F
|poke|p2|Blissey, F
|poke|p2|Spiritomb, M
|poke|p2|Tentacruel, F
|poke|p2|Hippowdon, M
|poke|p2|Suicune
|rule|Swagger Clause: Swagger is banned
|rule|Baton Pass Clause: Limit one Pokémon knowing Baton Pass
|teampreview
|
|start
|switch|p1a: Walnut|Forretress, M, shiny|354\/354
|switch|p2a: Hippowdon|Hippowdon, M|420\/420
|turn|1
|
|move|p2a: Hippowdon|Stealth Rock|p1a: Walnut
|-sidestart|p1: Juice Weasel|move: Stealth Rock
|move|p1a: Walnut|Stealth Rock|p2a: Hippowdon
|-sidestart|p2: Vaporeon for Ubers|move: Stealth Rock
|
|turn|2
|
|switch|p2a: Spiritomb|Spiritomb, M|304\/304
|-damage|p2a: Spiritomb|266\/304|[from] Stealth Rock
|move|p1a: Walnut|Toxic|p2a: Spiritomb
|-status|p2a: Spiritomb|tox
|
|-heal|p2a: Spiritomb|285\/304 tox|[from] item: Leftovers
|-damage|p2a: Spiritomb|266\/304 tox|[from] psn
|turn|3
|
|switch|p1a: Infernape|Infernape, M|293\/293
|-damage|p1a: Infernape|257\/293|[from] Stealth Rock
|move|p2a: Spiritomb|Will-O-Wisp|p1a: Infernape
|-fail|p1a: Infernape
|
|-heal|p2a: Spiritomb|285\/304 tox|[from] item: Leftovers
|-damage|p2a: Spiritomb|247\/304 tox|[from] psn
|turn|4
|
|switch|p2a: Tentacruel|Tentacruel, F|364\/364
|-damage|p2a: Tentacruel|319\/364|[from] Stealth Rock
|move|p1a: Infernape|Swords Dance|p1a: Infernape
|-boost|p1a: Infernape|atk|2
|
|-heal|p2a: Tentacruel|341\/364|[from] item: Black Sludge
|turn|5
|
|move|p1a: Infernape|Flare Blitz|p2a: Tentacruel
|-crit|p2a: Tentacruel
|-resisted|p2a: Tentacruel
|-damage|p2a: Tentacruel|16\/364
|-damage|p1a: Infernape|150\/293|[from] recoil|[of] p2a: Tentacruel
|-damage|p1a: Infernape|121\/293|[from] item: Life Orb
|move|p2a: Tentacruel|Scald|p1a: Infernape
|-supereffective|p1a: Infernape
|-damage|p1a: Infernape|0 fnt
|faint|p1a: Infernape
|
|-heal|p2a: Tentacruel|38\/364|[from] item: Black Sludge
|
|switch|p1a: Petrie|Aerodactyl, M|321\/321
|-damage|p1a: Petrie|241\/321|[from] Stealth Rock
|turn|6
|
|detailschange|p1a: Petrie|Aerodactyl-Mega, M
|-mega|p1a: Petrie|Aerodactyl|Aerodactylite
|move|p1a: Petrie|Pursuit|p2a: Tentacruel|[from]Pursuit
|-damage|p2a: Tentacruel|0 fnt
|faint|p2a: Tentacruel
|
|
|switch|p2a: Suicune|Suicune|404\/404
|-damage|p2a: Suicune|354\/404|[from] Stealth Rock
|-ability|p2a: Suicune|Pressure
|turn|7
|
|switch|p1a: Ariel|Vaporeon, F|451\/451
|-damage|p1a: Ariel|395\/451|[from] Stealth Rock
|switch|p2a: Chesnaught|Chesnaught, F|380\/380
|-damage|p2a: Chesnaught|357\/380|[from] Stealth Rock
|
|-heal|p1a: Ariel|423\/451|[from] item: Leftovers
|-heal|p2a: Chesnaught|380\/380|[from] item: Leftovers
|turn|8
|
|move|p1a: Ariel|Scald|p2a: Chesnaught
|-resisted|p2a: Chesnaught
|-damage|p2a: Chesnaught|323\/380
|-status|p2a: Chesnaught|brn
|move|p2a: Chesnaught|Spikes|p1a: Ariel
|-sidestart|p1: Juice Weasel|Spikes
|
|-heal|p1a: Ariel|451\/451|[from] item: Leftovers
|-heal|p2a: Chesnaught|346\/380 brn|[from] item: Leftovers
|-damage|p2a: Chesnaught|299\/380 brn|[from] brn
|turn|9
|
|switch|p2a: Blissey|Blissey, F|714\/714
|-damage|p2a: Blissey|625\/714|[from] Stealth Rock
|move|p1a: Ariel|Baton Pass|p1a: Ariel
|
|switch|p1a: Walnut|Forretress, M, shiny|354\/354
|-damage|p1a: Walnut|310\/354|[from] Spikes
|-damage|p1a: Walnut|266\/354|[from] Stealth Rock
|
|-heal|p2a: Blissey|669\/714|[from] item: Leftovers
|-heal|p1a: Walnut|288\/354|[from] item: Leftovers
|turn|10
|
|switch|p2a: Spiritomb|Spiritomb, M|247\/304 tox
|-damage|p2a: Spiritomb|209\/304 tox|[from] Stealth Rock
|move|p1a: Walnut|Volt Switch|p2a: Spiritomb
|-damage|p2a: Spiritomb|185\/304 tox
|
|switch|p1a: Hydreigon|Hydreigon, M|325\/325
|-damage|p1a: Hydreigon|285\/325|[from] Stealth Rock
|
|-heal|p2a: Spiritomb|204\/304 tox|[from] item: Leftovers
|-damage|p2a: Spiritomb|185\/304 tox|[from] psn
|turn|11
|
|switch|p2a: Blissey|Blissey, F|669\/714
|-damage|p2a: Blissey|580\/714|[from] Stealth Rock
|move|p1a: Hydreigon|U-turn|p2a: Blissey
|-damage|p2a: Blissey|493\/714
|
|switch|p1a: Chesnaughtyinbed|Chesnaught, F|380\/380
|-damage|p1a: Chesnaughtyinbed|357\/380|[from] Stealth Rock
|-damage|p1a: Chesnaughtyinbed|310\/380|[from] Spikes
|
|-heal|p1a: Chesnaughtyinbed|333\/380|[from] item: Leftovers
|-heal|p2a: Blissey|537\/714|[from] item: Leftovers
|turn|12
|
|move|p1a: Chesnaughtyinbed|Spikes|p2a: Blissey
|-sidestart|p2: Vaporeon for Ubers|Spikes
|move|p2a: Blissey|Heal Bell|p2a: Blissey
|-cureteam|p2a: Blissey|[from] move: HealBell
|
|-heal|p1a: Chesnaughtyinbed|356\/380|[from] item: Leftovers
|-heal|p2a: Blissey|581\/714|[from] item: Leftovers
|turn|13
|-message|Vaporeon for Ubers forfeited.
|leave|Vaporeon for Ubers
|
|win|Juice Weasel
|raw|Ladder updating...
|player|p2
|raw|Ladder (probably) updated, but score could not be retrieved (timeout).
|raw|Ladder (probably) updated, but score could not be retrieved (Error: socket hang up).