|join|hairy toenail
|join|AquaCat
|player|p1|hairy toenail|147
|player|p2|AquaCat|45
|gametype|singles
|gen|6
|tier|UU
|rated
|rule|Sleep Clause Mod: Limit one foe put to sleep
|rule|Species Clause: Limit one of each Pokémon
|rule|OHKO Clause: OHKO moves are banned
|rule|Moody Clause: Moody is banned
|rule|Evasion Moves Clause: Evasion moves are banned
|rule|Endless Battle Clause: Forcing endless battles is banned
|rule|HP Percentage Mod: HP is shown in percentages
|clearpoke
|poke|p1|Hydreigon, F
|poke|p1|Whimsicott, F
|poke|p1|Toxicroak, M
|poke|p1|Dugtrio, M
|poke|p1|Blastoise, F
|poke|p1|Jirachi
|poke|p2|Togekiss, F, shiny
|poke|p2|Bronzong, shiny
|poke|p2|Vaporeon, F, shiny
|poke|p2|Krookodile, M
|poke|p2|Gligar, F, shiny
|poke|p2|Chandelure, M, shiny
|rule|Swagger Clause: Swagger is banned
|rule|Baton Pass Clause: Limit one Pokémon knowing Baton Pass
|teampreview
|c|★hairy toenail|glhf
|c|★AquaCat|U2
|c|★AquaCat|Good thing duggy doesn't bother this team too much
|
|start
|switch|p1a: King Cotton|Whimsicott, F|261\/261
|switch|p2a: Vaporeon|Vaporeon, F, shiny|464\/464
|turn|1
|
|switch|p2a: Bronzong|Bronzong, shiny|338\/338
|move|p1a: King Cotton|U-turn|p2a: Bronzong
|-damage|p2a: Bronzong|309\/338
|
|switch|p1a: P.I.M.P|Blastoise, F|349\/349
|
|-heal|p2a: Bronzong|330\/338|[from] item: Leftovers
|turn|2
|
|switch|p2a: Vaporeon|Vaporeon, F, shiny|464\/464
|detailschange|p1a: P.I.M.P|Blastoise-Mega, F
|message|Blastoise has Mega Evolved into Mega Blastoise!
|move|p1a: P.I.M.P|Dark Pulse|p2a: Vaporeon
|-damage|p2a: Vaporeon|293\/464
|
|-heal|p2a: Vaporeon|322\/464|[from] item: Leftovers
|turn|3
|
|move|p1a: P.I.M.P|Dark Pulse|p2a: Vaporeon
|-damage|p2a: Vaporeon|172\/464
|cant|p2a: Vaporeon|flinch
|
|-heal|p2a: Vaporeon|201\/464|[from] item: Leftovers
|turn|4
|
|move|p2a: Vaporeon|Protect|p2a: Vaporeon
|-singleturn|p2a: Vaporeon|Protect
|move|p1a: P.I.M.P|Dark Pulse|p2a: Vaporeon
|-activate|p2a: Vaporeon|Protect
|
|-heal|p2a: Vaporeon|230\/464|[from] item: Leftovers
|turn|5
|
|move|p1a: P.I.M.P|Dragon Pulse|p2a: Vaporeon
|-damage|p2a: Vaporeon|53\/464
|move|p2a: Vaporeon|Wish|p2a: Vaporeon
|
|-heal|p2a: Vaporeon|82\/464|[from] item: Leftovers
|turn|6
|
|switch|p1a: King Cotton|Whimsicott, F|261\/261
|move|p2a: Vaporeon|Protect|p2a: Vaporeon
|-fail|p2a: Vaporeon
|
|-heal|p2a: Vaporeon|314\/464|[from] move: Wish|[wisher] Vaporeon
|-heal|p2a: Vaporeon|343\/464|[from] item: Leftovers
|turn|7
|
|move|p2a: Vaporeon|Protect|p2a: Vaporeon
|-singleturn|p2a: Vaporeon|Protect
|move|p1a: King Cotton|U-turn|p2a: Vaporeon
|-activate|p2a: Vaporeon|Protect
|
|-heal|p2a: Vaporeon|372\/464|[from] item: Leftovers
|turn|8
|
|move|p1a: King Cotton|U-turn|p2a: Vaporeon
|-crit|p2a: Vaporeon
|-damage|p2a: Vaporeon|318\/464
|c|★AquaCat|Specsicott?
|
|switch|p1a: Ribbit|Toxicroak, M|307\/307
|move|p2a: Vaporeon|Scald|p1a: Ribbit
|-immune|p1a: Ribbit|[msg]
|
|-heal|p2a: Vaporeon|347\/464|[from] item: Leftovers
|turn|9
|c|★AquaCat|Maybe
|
|switch|p1a: P.I.M.P|Blastoise-Mega, F|349\/349
|switch|p2a: Gligar|Gligar, F, shiny|334\/334
|
|turn|10
|
|switch|p2a: Togekiss|Togekiss, F, shiny|311\/311
|move|p1a: P.I.M.P|Dark Pulse|p2a: Togekiss
|-resisted|p2a: Togekiss
|-damage|p2a: Togekiss|251\/311
|
|-heal|p2a: Togekiss|270\/311|[from] item: Leftovers
|turn|11
|c|★hairy toenail|sorry i was making a sandwich
|
|move|p1a: P.I.M.P|Scald|p2a: Togekiss
|-damage|p2a: Togekiss|149\/311
|move|p2a: Togekiss|Air Slash|p1a: P.I.M.P
|-damage|p1a: P.I.M.P|244\/349
|
|-heal|p2a: Togekiss|168\/311|[from] item: Leftovers
|turn|12
|
|switch|p2a: Vaporeon|Vaporeon, F, shiny|347\/464
|move|p1a: P.I.M.P|Scald|p2a: Vaporeon
|-heal|p2a: Vaporeon|463\/464|[from] ability: Water Absorb|[of] p1a: P.I.M.P
|
|-heal|p2a: Vaporeon|464\/464|[from] item: Leftovers
|turn|13
|
|switch|p1a: King Cotton|Whimsicott, F|261\/261
|switch|p2a: Gligar|Gligar, F, shiny|334\/334
|
|turn|14
|
|move|p1a: King Cotton|Giga Drain|p2a: Gligar
|-damage|p2a: Gligar|271\/334
|move|p2a: Gligar|Toxic|p1a: King Cotton
|-status|p1a: King Cotton|tox
|
|-damage|p1a: King Cotton|245\/261 tox|[from] psn
|turn|15
|
|move|p1a: King Cotton|Giga Drain|p2a: Gligar
|-damage|p2a: Gligar|216\/334
|-heal|p1a: King Cotton|261\/261 tox|[from] drain|[of] p2a: Gligar
|move|p2a: Gligar|Toxic|p1a: King Cotton
|-fail|p1a: King Cotton|tox
|
|-damage|p1a: King Cotton|229\/261 tox|[from] psn
|turn|16
|
|move|p1a: King Cotton|U-turn|p2a: Gligar
|-resisted|p2a: Gligar
|-damage|p2a: Gligar|205\/334
|
|switch|p1a: Hnnnggg|Jirachi|403\/403
|move|p2a: Gligar|Roost|p2a: Gligar
|-heal|p2a: Gligar|334\/334
|
|turn|17
|
|switch|p2a: Vaporeon|Vaporeon, F, shiny|464\/464
|move|p1a: Hnnnggg|U-turn|p2a: Vaporeon
|-crit|p2a: Vaporeon
|-damage|p2a: Vaporeon|383\/464
|
|switch|p1a: Ribbit|Toxicroak, M|307\/307
|
|-heal|p2a: Vaporeon|412\/464|[from] item: Leftovers
|turn|18
|
|switch|p1a: P.I.M.P|Blastoise-Mega, F|244\/349
|move|p2a: Vaporeon|Wish|p2a: Vaporeon
|
|-heal|p2a: Vaporeon|441\/464|[from] item: Leftovers
|turn|19
|
|move|p1a: P.I.M.P|Dark Pulse|p2a: Vaporeon
|-damage|p2a: Vaporeon|272\/464
|move|p2a: Vaporeon|Scald|p1a: P.I.M.P
|-resisted|p1a: P.I.M.P
|-damage|p1a: P.I.M.P|199\/349
|-status|p1a: P.I.M.P|brn
|
|-heal|p2a: Vaporeon|464\/464|[from] move: Wish|[wisher] Vaporeon
|-damage|p1a: P.I.M.P|156\/349 brn|[from] brn
|turn|20
|
|switch|p1a: Ribbit|Toxicroak, M|307\/307
|switch|p2a: Bronzong|Bronzong, shiny|330\/338
|
|-heal|p2a: Bronzong|338\/338|[from] item: Leftovers
|turn|21
|
|move|p1a: Ribbit|Drain Punch|p2a: Bronzong
|-damage|p2a: Bronzong|189\/338
|-damage|p1a: Ribbit|277\/307|[from] item: Life Orb
|move|p2a: Bronzong|Stealth Rock|p1a: Ribbit
|-sidestart|p1: hairy toenail|move: Stealth Rock
|
|-heal|p2a: Bronzong|210\/338|[from] item: Leftovers
|turn|22
|
|switch|p2a: Chandelure|Chandelure, M, shiny|261\/261
|move|p1a: Ribbit|Drain Punch|p2a: Chandelure
|-immune|p2a: Chandelure|[msg]
|
|turn|23
|
|switch|p1a: Dr. Dreigon|Hydreigon, F|325\/325
|-damage|p1a: Dr. Dreigon|285\/325|[from] Stealth Rock
|move|p2a: Chandelure|Substitute|p2a: Chandelure
|-start|p2a: Chandelure|Substitute
|-damage|p2a: Chandelure|196\/261
|
|-heal|p2a: Chandelure|212\/261|[from] item: Leftovers
|turn|24
|
|move|p1a: Dr. Dreigon|Dark Pulse|p2a: Chandelure
|-supereffective|p2a: Chandelure
|-end|p2a: Chandelure|Substitute
|move|p2a: Chandelure|Fire Blast|p1a: Dr. Dreigon
|-resisted|p1a: Dr. Dreigon
|-damage|p1a: Dr. Dreigon|165\/325
|
|-heal|p2a: Chandelure|228\/261|[from] item: Leftovers
|turn|25
|
|switch|p1a: Hnnnggg|Jirachi|403\/403
|-damage|p1a: Hnnnggg|378\/403|[from] Stealth Rock
|switch|p2a: Krookodile|Krookodile, M|332\/332
|
|-heal|p1a: Hnnnggg|403\/403|[from] item: Leftovers
|turn|26
|
|move|p2a: Krookodile|Knock Off|p1a: Hnnnggg
|-supereffective|p1a: Hnnnggg
|-damage|p1a: Hnnnggg|67\/403
|-enditem|p1a: Hnnnggg|Leftovers|[from] move: Knock Off|[of] p2a: Krookodile
|move|p1a: Hnnnggg|Stealth Rock|p2a: Krookodile
|-sidestart|p2: AquaCat|move: Stealth Rock
|
|turn|27
|
|switch|p1a: King Cotton|Whimsicott, F|229\/261 tox
|-damage|p1a: King Cotton|197\/261 tox|[from] Stealth Rock
|move|p2a: Krookodile|Knock Off|p1a: King Cotton
|-resisted|p1a: King Cotton
|-damage|p1a: King Cotton|102\/261 tox
|-enditem|p1a: King Cotton|Leftovers|[from] move: Knock Off|[of] p2a: Krookodile
|
|-damage|p1a: King Cotton|86\/261 tox|[from] psn
|turn|28
|
|switch|p2a: Bronzong|Bronzong, shiny|210\/338
|-damage|p2a: Bronzong|189\/338|[from] Stealth Rock
|move|p1a: King Cotton|Giga Drain|p2a: Bronzong
|-resisted|p2a: Bronzong
|-damage|p2a: Bronzong|153\/338
|-heal|p1a: King Cotton|104\/261 tox|[from] drain|[of] p2a: Bronzong
|
|-heal|p2a: Bronzong|174\/338|[from] item: Leftovers
|-damage|p1a: King Cotton|72\/261 tox|[from] psn
|turn|29
|
|move|p1a: King Cotton|U-turn|p2a: Bronzong
|-damage|p2a: Bronzong|142\/338
|
|switch|p1a: Ribbit|Toxicroak, M|277\/307
|-damage|p1a: Ribbit|258\/307|[from] Stealth Rock
|move|p2a: Bronzong|Gyro Ball|p1a: Ribbit
|-damage|p1a: Ribbit|125\/307
|
|-heal|p2a: Bronzong|163\/338|[from] item: Leftovers
|turn|30
|
|move|p1a: Ribbit|Drain Punch|p2a: Bronzong
|-crit|p2a: Bronzong
|-damage|p2a: Bronzong|0 fnt
|-heal|p1a: Ribbit|207\/307|[from] drain|[of] p2a: Bronzong
|-damage|p1a: Ribbit|177\/307|[from] item: Life Orb
|faint|p2a: Bronzong
|
|
|switch|p2a: Krookodile|Krookodile, M|332\/332
|-damage|p2a: Krookodile|312\/332|[from] Stealth Rock
|turn|31
|
|switch|p1a: Hnnnggg|Jirachi|67\/403
|-damage|p1a: Hnnnggg|42\/403|[from] Stealth Rock
|move|p2a: Krookodile|Earthquake|p1a: Hnnnggg
|-supereffective|p1a: Hnnnggg
|-damage|p1a: Hnnnggg|0 fnt
|faint|p1a: Hnnnggg
|-boost|p2a: Krookodile|atk|1|[from] ability: Moxie
|
|
|switch|p1a: Dr. Dreigon|Hydreigon, F|165\/325
|-damage|p1a: Dr. Dreigon|125\/325|[from] Stealth Rock
|turn|32
|
|move|p1a: Dr. Dreigon|U-turn|p2a: Krookodile
|-crit|p2a: Krookodile
|-supereffective|p2a: Krookodile
|-damage|p2a: Krookodile|118\/332
|
|switch|p1a: Penis Mole|Dugtrio, M|211\/211
|-damage|p1a: Penis Mole|198\/211|[from] Stealth Rock
|move|p2a: Krookodile|Earthquake|p1a: Penis Mole
|-damage|p1a: Penis Mole|0 fnt
|faint|p1a: Penis Mole
|-boost|p2a: Krookodile|atk|1|[from] ability: Moxie
|
|
|switch|p1a: Dr. Dreigon|Hydreigon, F|125\/325
|-damage|p1a: Dr. Dreigon|85\/325|[from] Stealth Rock
|turn|33
|
|switch|p2a: Gligar|Gligar, F, shiny|334\/334
|-damage|p2a: Gligar|293\/334|[from] Stealth Rock
|move|p1a: Dr. Dreigon|Flamethrower|p2a: Gligar
|-crit|p2a: Gligar
|-damage|p2a: Gligar|189\/334
|
|turn|34
|
|switch|p1a: King Cotton|Whimsicott, F|72\/261 tox
|-damage|p1a: King Cotton|40\/261 tox|[from] Stealth Rock
|move|p2a: Gligar|Roost|p2a: Gligar
|-heal|p2a: Gligar|334\/334
|
|-damage|p1a: King Cotton|24\/261 tox|[from] psn
|turn|35
|
|move|p1a: King Cotton|Giga Drain|p2a: Gligar
|-damage|p2a: Gligar|279\/334
|-heal|p1a: King Cotton|52\/261 tox|[from] drain|[of] p2a: Gligar
|move|p2a: Gligar|Earthquake|p1a: King Cotton
|-resisted|p1a: King Cotton
|-damage|p1a: King Cotton|0 fnt
|faint|p1a: King Cotton
|
|
|switch|p1a: P.I.M.P|Blastoise-Mega, F|156\/349 brn
|-damage|p1a: P.I.M.P|113\/349 brn|[from] Stealth Rock
|turn|36
|
|switch|p2a: Vaporeon|Vaporeon, F, shiny|464\/464
|-damage|p2a: Vaporeon|406\/464|[from] Stealth Rock
|move|p1a: P.I.M.P|Rapid Spin|p2a: Vaporeon
|-damage|p2a: Vaporeon|398\/464
|-sideend|p1: hairy toenail|Stealth Rock|[from] move: Rapid Spin|[of] p1a: P.I.M.P
|
|-heal|p2a: Vaporeon|427\/464|[from] item: Leftovers
|-damage|p1a: P.I.M.P|70\/349 brn|[from] brn
|turn|37
|
|switch|p1a: Ribbit|Toxicroak, M|177\/307
|move|p2a: Vaporeon|Wish|p2a: Vaporeon
|
|-heal|p2a: Vaporeon|456\/464|[from] item: Leftovers
|turn|38
|
|switch|p2a: Chandelure|Chandelure, M, shiny|228\/261
|-damage|p2a: Chandelure|163\/261|[from] Stealth Rock
|move|p1a: Ribbit|Gunk Shot|p2a: Chandelure
|-resisted|p2a: Chandelure
|-damage|p2a: Chandelure|8\/261
|-damage|p1a: Ribbit|147\/307|[from] item: Life Orb
|
|-heal|p2a: Chandelure|240\/261|[from] move: Wish|[wisher] Vaporeon
|-heal|p2a: Chandelure|256\/261|[from] item: Leftovers
|turn|39
|
|move|p1a: Ribbit|Gunk Shot|p2a: Chandelure
|-resisted|p2a: Chandelure
|-damage|p2a: Chandelure|104\/261
|-damage|p1a: Ribbit|117\/307|[from] item: Life Orb
|move|p2a: Chandelure|Shadow Ball|p1a: Ribbit
|-damage|p1a: Ribbit|0 fnt
|faint|p1a: Ribbit
|
|-heal|p2a: Chandelure|120\/261|[from] item: Leftovers
|
|switch|p1a: Dr. Dreigon|Hydreigon, F|85\/325
|turn|40
|c|★AquaCat|Gg
|c|★AquaCat|Wp
|
|move|p1a: Dr. Dreigon|Dark Pulse|p2a: Chandelure
|-supereffective|p2a: Chandelure
|-damage|p2a: Chandelure|0 fnt
|faint|p2a: Chandelure
|
|
|switch|p2a: Togekiss|Togekiss, F, shiny|168\/311
|-damage|p2a: Togekiss|91\/311|[from] Stealth Rock
|turn|41
|
|move|p1a: Dr. Dreigon|Dark Pulse|p2a: Togekiss
|-resisted|p2a: Togekiss
|-damage|p2a: Togekiss|41\/311
|move|p2a: Togekiss|Roost|p2a: Togekiss
|-heal|p2a: Togekiss|197\/311
|
|-heal|p2a: Togekiss|216\/311|[from] item: Leftovers
|turn|42
|
|move|p1a: Dr. Dreigon|Dark Pulse|p2a: Togekiss
|-resisted|p2a: Togekiss
|-damage|p2a: Togekiss|165\/311
|move|p2a: Togekiss|Dazzling Gleam|p1a: Dr. Dreigon
|-supereffective|p1a: Dr. Dreigon
|-damage|p1a: Dr. Dreigon|0 fnt
|faint|p1a: Dr. Dreigon
|
|-heal|p2a: Togekiss|184\/311|[from] item: Leftovers
|
|switch|p1a: P.I.M.P|Blastoise-Mega, F|70\/349 brn
|turn|43
|
|move|p1a: P.I.M.P|Scald|p2a: Togekiss
|-damage|p2a: Togekiss|78\/311
|move|p2a: Togekiss|Dazzling Gleam|p1a: P.I.M.P
|-damage|p1a: P.I.M.P|0 fnt
|faint|p1a: P.I.M.P
|
|win|AquaCat
|raw|Ladder updating...
|c|★hairy toenail|gg
|c|★AquaCat|Very good game
|leave|hairy toenail
|player|p1
|raw|Ladder (probably) updated, but score could not be retrieved (timeout).
|raw|Ladder (probably) updated, but score could not be retrieved (Error: socket hang up).