|join|Kitten Milk
|join|hairy toenail
|player|p1|Kitten Milk|110
|player|p2|hairy toenail|147
|gametype|singles
|gen|6
|tier|UU
|rule|Sleep Clause Mod: Limit one foe put to sleep
|rule|Species Clause: Limit one of each Pokémon
|rule|OHKO Clause: OHKO moves are banned
|rule|Moody Clause: Moody is banned
|rule|Evasion Moves Clause: Evasion moves are banned
|rule|Endless Battle Clause: Forcing endless battles is banned
|rule|HP Percentage Mod: HP is shown in percentages
|clearpoke
|poke|p1|Hydreigon, M
|poke|p1|Kyurem
|poke|p1|Granbull, F
|poke|p1|Blissey, F
|poke|p1|Vaporeon, M
|poke|p1|Forretress, M
|poke|p2|Machamp, F
|poke|p2|Shaymin
|poke|p2|Jirachi
|poke|p2|Gligar, F
|poke|p2|Vaporeon, M
|poke|p2|Infernape, F
|rule|Swagger Clause: Swagger is banned
|rule|Baton Pass Clause: Limit one Pokémon knowing Baton Pass
|teampreview
|c|★hairy toenail|glhf
|c|★Kitten Milk|u2
|
|start
|switch|p1a: scraydragin.png|Hydreigon, M|325\/325
|switch|p2a: Machamp|Machamp, F|343\/343
|turn|1
|join|BenzMafia
|
|switch|p2a: Vaporeon|Vaporeon, M|463\/463
|move|p1a: scraydragin.png|U-turn|p2a: Vaporeon
|-damage|p2a: Vaporeon|389\/463
|
|switch|p1a: fat.zip|Blissey, F|714\/714
|
|-heal|p2a: Vaporeon|417\/463|[from] item: Leftovers
|turn|2
|
|move|p2a: Vaporeon|Baton Pass|p2a: Vaporeon
|
|switch|p2a: Machamp|Machamp, F|343\/343
|move|p1a: fat.zip|Seismic Toss|p2a: Machamp
|-damage|p2a: Machamp|243\/343
|
|turn|3
|
|switch|p1a: uwannagom8.java|Granbull, F|384\/384
|-ability|p1a: uwannagom8.java|Intimidate|[of] p2a: Machamp
|-unboost|p2a: Machamp|atk|1
|move|p2a: Machamp|Knock Off|p1a: uwannagom8.java
|-resisted|p1a: uwannagom8.java
|-damage|p1a: uwannagom8.java|331\/384
|-enditem|p1a: uwannagom8.java|Leftovers|[from] move: Knock Off|[of] p2a: Machamp
|
|turn|4
|
|switch|p2a: Gligar|Gligar, F|333\/333
|switch|p1a: scraydragin.png|Hydreigon, M|325\/325
|
|turn|5
|
|move|p1a: scraydragin.png|U-turn|p2a: Gligar
|-resisted|p2a: Gligar
|-damage|p2a: Gligar|319\/333
|
|switch|p1a: forkhead.edu|Kyurem|391\/391
|-ability|p1a: forkhead.edu|Pressure
|move|p2a: Gligar|Roost|p2a: Gligar
|-heal|p2a: Gligar|333\/333
|
|turn|6
|
|switch|p2a: Vaporeon|Vaporeon, M|417\/463
|move|p1a: forkhead.edu|Draco Meteor|p2a: Vaporeon
|-damage|p2a: Vaporeon|209\/463
|-unboost|p1a: forkhead.edu|spa|2
|-damage|p1a: forkhead.edu|352\/391|[from] item: Life Orb
|
|-heal|p2a: Vaporeon|237\/463|[from] item: Leftovers
|turn|7
|
|move|p1a: forkhead.edu|Outrage|p2a: Vaporeon
|-damage|p2a: Vaporeon|0 fnt
|-damage|p1a: forkhead.edu|313\/391|[from] item: Life Orb
|faint|p2a: Vaporeon
|
|
|switch|p2a: Jirachi|Jirachi|341\/341
|turn|8
|
|move|p2a: Jirachi|Iron Head|p1a: forkhead.edu
|-supereffective|p1a: forkhead.edu
|-damage|p1a: forkhead.edu|47\/391
|cant|p1a: forkhead.edu|flinch
|
|-end|p1a: forkhead.edu|rampage
|-start|p1a: forkhead.edu|confusion
|turn|9
|
|switch|p2a: Gligar|Gligar, F|333\/333
|switch|p1a: balls.com|Forretress, M|354\/354
|
|turn|10
|
|switch|p1a: frilledgecko.jpg|Vaporeon, M|464\/464
|move|p2a: Gligar|Earthquake|p1a: frilledgecko.jpg
|-crit|p1a: frilledgecko.jpg
|-damage|p1a: frilledgecko.jpg|316\/464
|
|-heal|p1a: frilledgecko.jpg|345\/464|[from] item: Leftovers
|turn|11
|
|switch|p2a: Shaymin|Shaymin|341\/341
|move|p1a: frilledgecko.jpg|Wish|p1a: frilledgecko.jpg
|
|-heal|p1a: frilledgecko.jpg|374\/464|[from] item: Leftovers
|turn|12
|
|switch|p1a: scraydragin.png|Hydreigon, M|325\/325
|move|p2a: Shaymin|Dazzling Gleam|p1a: scraydragin.png
|-supereffective|p1a: scraydragin.png
|-damage|p1a: scraydragin.png|0 fnt
|-damage|p2a: Shaymin|307\/341|[from] item: Life Orb
|faint|p1a: scraydragin.png
|
|join|Alien Undead Cop
|c| Alien Undead Cop|hey toenail
|c|★hairy toenail|hi cop
|
|switch|p1a: fat.zip|Blissey, F|714\/714
|turn|13
|
|switch|p2a: Gligar|Gligar, F|333\/333
|move|p1a: fat.zip|Stealth Rock|p2a: Gligar
|-sidestart|p2: hairy toenail|move: Stealth Rock
|
|turn|14
|c| Alien Undead Cop|you hear bout megas already?
|
|move|p2a: Gligar|Defog|p1a: fat.zip
|-unboost|p1a: fat.zip|evasion|1
|-sideend|p2: hairy toenail|Stealth Rock|[from] move: Defog|[of] p2a: Gligar
|move|p1a: fat.zip|Toxic|p2a: Gligar
|-status|p2a: Gligar|tox
|
|-damage|p2a: Gligar|313\/333 tox|[from] psn
|turn|15
|
|switch|p2a: Machamp|Machamp, F|243\/343
|move|p1a: fat.zip|Stealth Rock|p2a: Machamp
|-sidestart|p2: hairy toenail|move: Stealth Rock
|
|turn|16
|c|★hairy toenail|yeah
|
|switch|p1a: uwannagom8.java|Granbull, F|331\/384
|-ability|p1a: uwannagom8.java|Intimidate|[of] p2a: Machamp
|-unboost|p2a: Machamp|atk|1
|move|p2a: Machamp|Heavy Slam|p1a: uwannagom8.java
|-supereffective|p1a: uwannagom8.java
|-damage|p1a: uwannagom8.java|187\/384
|
|turn|17
|c| Alien Undead Cop|you know it has just hit me
|
|switch|p2a: Jirachi|Jirachi|341\/341
|-damage|p2a: Jirachi|320\/341|[from] Stealth Rock
|switch|p1a: frilledgecko.jpg|Vaporeon, M|374\/464
|
|-heal|p1a: frilledgecko.jpg|403\/464|[from] item: Leftovers
|turn|18
|c| Alien Undead Cop|because sharpedo and tyrantrum can't learn hyper fang
|c| Alien Undead Cop|hyper fang isn't strong jaw bosted
|
|move|p1a: frilledgecko.jpg|Protect|p1a: frilledgecko.jpg
|-singleturn|p1a: frilledgecko.jpg|Protect
|move|p2a: Jirachi|Trick|p1a: frilledgecko.jpg
|-activate|p1a: frilledgecko.jpg|Protect
|
|-heal|p1a: frilledgecko.jpg|432\/464|[from] item: Leftovers
|turn|19
|
|switch|p2a: Infernape|Infernape, F|293\/293
|-damage|p2a: Infernape|257\/293|[from] Stealth Rock
|move|p1a: frilledgecko.jpg|Wish|p1a: frilledgecko.jpg
|
|-heal|p1a: frilledgecko.jpg|461\/464|[from] item: Leftovers
|turn|20
|
|switch|p2a: Shaymin|Shaymin|307\/341
|-damage|p2a: Shaymin|265\/341|[from] Stealth Rock
|move|p1a: frilledgecko.jpg|Baton Pass|p1a: frilledgecko.jpg
|
|switch|p1a: forkhead.edu|Kyurem|47\/391
|-ability|p1a: forkhead.edu|Pressure
|
|-heal|p1a: forkhead.edu|279\/391|[from] move: Wish|[wisher] frilledgecko.jpg
|turn|21
|
|switch|p1a: fat.zip|Blissey, F|714\/714
|move|p2a: Shaymin|Dazzling Gleam|p1a: fat.zip
|-damage|p1a: fat.zip|628\/714
|-damage|p2a: Shaymin|231\/341|[from] item: Life Orb
|
|-heal|p1a: fat.zip|672\/714|[from] item: Leftovers
|turn|22
|
|switch|p2a: Jirachi|Jirachi|320\/341
|-damage|p2a: Jirachi|299\/341|[from] Stealth Rock
|switch|p1a: uwannagom8.java|Granbull, F|187\/384
|-ability|p1a: uwannagom8.java|Intimidate|[of] p2a: Jirachi
|-unboost|p2a: Jirachi|atk|1
|
|turn|23
|
|switch|p1a: frilledgecko.jpg|Vaporeon, M|461\/464
|move|p2a: Jirachi|U-turn|p1a: frilledgecko.jpg
|-damage|p1a: frilledgecko.jpg|413\/464
|
|switch|p2a: Machamp|Machamp, F|243\/343
|-damage|p2a: Machamp|222\/343|[from] Stealth Rock
|
|-heal|p1a: frilledgecko.jpg|442\/464|[from] item: Leftovers
|turn|24
|
|move|p1a: frilledgecko.jpg|Protect|p1a: frilledgecko.jpg
|-singleturn|p1a: frilledgecko.jpg|Protect
|move|p2a: Machamp|Close Combat|p1a: frilledgecko.jpg
|-activate|p1a: frilledgecko.jpg|Protect
|
|-heal|p1a: frilledgecko.jpg|464\/464|[from] item: Leftovers
|turn|25
|
|move|p2a: Machamp|Close Combat|p1a: frilledgecko.jpg
|-damage|p1a: frilledgecko.jpg|104\/464
|-unboost|p2a: Machamp|def|1
|-unboost|p2a: Machamp|spd|1
|move|p1a: frilledgecko.jpg|Wish|p1a: frilledgecko.jpg
|
|-heal|p1a: frilledgecko.jpg|133\/464|[from] item: Leftovers
|turn|26
|
|switch|p2a: Jirachi|Jirachi|299\/341
|-damage|p2a: Jirachi|278\/341|[from] Stealth Rock
|move|p1a: frilledgecko.jpg|Protect|p1a: frilledgecko.jpg
|-fail|p1a: frilledgecko.jpg
|
|-heal|p1a: frilledgecko.jpg|365\/464|[from] move: Wish|[wisher] frilledgecko.jpg
|-heal|p1a: frilledgecko.jpg|394\/464|[from] item: Leftovers
|turn|27
|
|move|p1a: frilledgecko.jpg|Protect|p1a: frilledgecko.jpg
|-singleturn|p1a: frilledgecko.jpg|Protect
|move|p2a: Jirachi|Trick|p1a: frilledgecko.jpg
|-activate|p1a: frilledgecko.jpg|Protect
|
|-heal|p1a: frilledgecko.jpg|423\/464|[from] item: Leftovers
|turn|28
|
|switch|p1a: forkhead.edu|Kyurem|279\/391
|-ability|p1a: forkhead.edu|Pressure
|move|p2a: Jirachi|Trick|p1a: forkhead.edu
|-activate|p2a: Jirachi|move: Trick|[of] p1a: forkhead.edu
|-item|p1a: forkhead.edu|Choice Scarf|[from] move: Trick
|-item|p2a: Jirachi|Life Orb|[from] move: Trick
|
|turn|29
|
|switch|p1a: frilledgecko.jpg|Vaporeon, M|423\/464
|move|p2a: Jirachi|Iron Head|p1a: frilledgecko.jpg
|-resisted|p1a: frilledgecko.jpg
|-damage|p1a: frilledgecko.jpg|353\/464
|-damage|p2a: Jirachi|244\/341|[from] item: Life Orb
|
|-heal|p1a: frilledgecko.jpg|382\/464|[from] item: Leftovers
|turn|30
|
|move|p2a: Jirachi|Trick|p1a: frilledgecko.jpg
|-activate|p2a: Jirachi|move: Trick|[of] p1a: frilledgecko.jpg
|-item|p1a: frilledgecko.jpg|Life Orb|[from] move: Trick
|-item|p2a: Jirachi|Leftovers|[from] move: Trick
|move|p1a: frilledgecko.jpg|Wish|p1a: frilledgecko.jpg
|
|-heal|p2a: Jirachi|265\/341|[from] item: Leftovers
|turn|31
|
|move|p2a: Jirachi|Iron Head|p1a: frilledgecko.jpg
|-resisted|p1a: frilledgecko.jpg
|-damage|p1a: frilledgecko.jpg|327\/464
|move|p1a: frilledgecko.jpg|Baton Pass|p1a: frilledgecko.jpg
|
|switch|p1a: uwannagom8.java|Granbull, F|187\/384
|-ability|p1a: uwannagom8.java|Intimidate|[of] p2a: Jirachi
|-unboost|p2a: Jirachi|atk|1
|
|-heal|p1a: uwannagom8.java|384\/384|[from] move: Wish|[wisher] frilledgecko.jpg
|-heal|p2a: Jirachi|286\/341|[from] item: Leftovers
|turn|32
|
|switch|p1a: balls.com|Forretress, M|354\/354
|move|p2a: Jirachi|U-turn|p1a: balls.com
|-resisted|p1a: balls.com
|-damage|p1a: balls.com|340\/354
|
|switch|p2a: Gligar|Gligar, F|313\/333 tox
|-damage|p2a: Gligar|272\/333 tox|[from] Stealth Rock
|
|-heal|p1a: balls.com|354\/354|[from] item: Leftovers
|-damage|p2a: Gligar|252\/333 tox|[from] psn
|turn|33
|
|move|p2a: Gligar|Defog|p1a: balls.com
|-unboost|p1a: balls.com|evasion|1
|-sideend|p2: hairy toenail|Stealth Rock|[from] move: Defog|[of] p2a: Gligar
|move|p1a: balls.com|Spikes|p2a: Gligar
|-sidestart|p2: hairy toenail|Spikes
|
|-damage|p2a: Gligar|212\/333 tox|[from] psn
|turn|34
|
|move|p2a: Gligar|Defog|p1a: balls.com
|-unboost|p1a: balls.com|evasion|1
|-sideend|p2: hairy toenail|Spikes|[from] move: Defog|[of] p2a: Gligar
|move|p1a: balls.com|Spikes|p2a: Gligar
|-sidestart|p2: hairy toenail|Spikes
|
|-damage|p2a: Gligar|152\/333 tox|[from] psn
|turn|35
|
|move|p2a: Gligar|Roost|p2a: Gligar
|-heal|p2a: Gligar|319\/333 tox
|move|p1a: balls.com|Gyro Ball|p2a: Gligar
|-damage|p2a: Gligar|285\/333 tox
|
|-damage|p2a: Gligar|205\/333 tox|[from] psn
|turn|36
|
|switch|p2a: Infernape|Infernape, F|257\/293
|-damage|p2a: Infernape|221\/293|[from] Spikes
|move|p1a: balls.com|Spikes|p2a: Infernape
|-sidestart|p2: hairy toenail|Spikes
|
|turn|37
|
|switch|p1a: frilledgecko.jpg|Vaporeon, M|327\/464
|move|p2a: Infernape|Fire Blast|p1a: frilledgecko.jpg
|-resisted|p1a: frilledgecko.jpg
|-damage|p1a: frilledgecko.jpg|210\/464
|-damage|p2a: Infernape|192\/293|[from] item: Life Orb
|
|turn|38
|
|move|p2a: Infernape|Grass Knot|p1a: frilledgecko.jpg
|-supereffective|p1a: frilledgecko.jpg
|-damage|p1a: frilledgecko.jpg|36\/464
|-damage|p2a: Infernape|163\/293|[from] item: Life Orb
|move|p1a: frilledgecko.jpg|Scald|p2a: Infernape
|-crit|p2a: Infernape
|-supereffective|p2a: Infernape
|-damage|p2a: Infernape|0 fnt
|-damage|p1a: frilledgecko.jpg|0 fnt|[from] item: Life Orb
|faint|p2a: Infernape
|faint|p1a: frilledgecko.jpg
|
|
|switch|p1a: forkhead.edu|Kyurem|279\/391
|switch|p2a: Gligar|Gligar, F|205\/333 tox
|-ability|p1a: forkhead.edu|Pressure
|turn|39
|
|switch|p2a: Jirachi|Jirachi|286\/341
|-damage|p2a: Jirachi|230\/341|[from] Spikes
|move|p1a: forkhead.edu|Ice Beam|p2a: Jirachi
|-resisted|p2a: Jirachi
|-damage|p2a: Jirachi|164\/341
|
|-heal|p2a: Jirachi|185\/341|[from] item: Leftovers
|turn|40
|
|switch|p1a: balls.com|Forretress, M|354\/354
|move|p2a: Jirachi|Iron Head|p1a: balls.com
|-resisted|p1a: balls.com
|-damage|p1a: balls.com|317\/354
|
|-heal|p2a: Jirachi|206\/341|[from] item: Leftovers
|-heal|p1a: balls.com|339\/354|[from] item: Leftovers
|turn|41
|
|switch|p1a: forkhead.edu|Kyurem|279\/391
|-ability|p1a: forkhead.edu|Pressure
|move|p2a: Jirachi|Fire Punch|p1a: forkhead.edu
|-damage|p1a: forkhead.edu|191\/391
|
|-heal|p2a: Jirachi|227\/341|[from] item: Leftovers
|turn|42
|
|switch|p1a: balls.com|Forretress, M|339\/354
|switch|p2a: Gligar|Gligar, F|205\/333 tox
|
|-heal|p1a: balls.com|354\/354|[from] item: Leftovers
|-damage|p2a: Gligar|185\/333 tox|[from] psn
|turn|43
|
|move|p2a: Gligar|Roost|p2a: Gligar
|-heal|p2a: Gligar|333\/333 tox
|move|p1a: balls.com|Spikes|p2a: Gligar
|-sidestart|p2: hairy toenail|Spikes
|
|-damage|p2a: Gligar|293\/333 tox|[from] psn
|turn|44
|join|piikaa
|
|move|p2a: Gligar|Defog|p1a: balls.com
|-unboost|p1a: balls.com|evasion|1
|-sideend|p2: hairy toenail|Spikes|[from] move: Defog|[of] p2a: Gligar
|move|p1a: balls.com|Spikes|p2a: Gligar
|-sidestart|p2: hairy toenail|Spikes
|
|-damage|p2a: Gligar|233\/333 tox|[from] psn
|turn|45
|
|move|p2a: Gligar|Stealth Rock|p1a: balls.com
|-sidestart|p1: Kitten Milk|move: Stealth Rock
|move|p1a: balls.com|Volt Switch|p2a: Gligar
|-immune|p2a: Gligar|[msg]
|
|-damage|p2a: Gligar|153\/333 tox|[from] psn
|turn|46
|
|switch|p2a: Jirachi|Jirachi|227\/341
|-damage|p2a: Jirachi|185\/341|[from] Spikes
|move|p1a: balls.com|Rapid Spin|p2a: Jirachi
|-resisted|p2a: Jirachi
|-damage|p2a: Jirachi|178\/341
|-sideend|p1: Kitten Milk|Stealth Rock|[from] move: Rapid Spin|[of] p1a: balls.com
|
|-heal|p2a: Jirachi|199\/341|[from] item: Leftovers
|turn|47
|
|move|p2a: Jirachi|Fire Punch|p1a: balls.com
|-supereffective|p1a: balls.com
|-damage|p1a: balls.com|134\/354
|move|p1a: balls.com|Volt Switch|p2a: Jirachi
|-damage|p2a: Jirachi|161\/341
|
|switch|p1a: uwannagom8.java|Granbull, F|384\/384
|-ability|p1a: uwannagom8.java|Intimidate|[of] p2a: Jirachi
|-unboost|p2a: Jirachi|atk|1
|
|-heal|p2a: Jirachi|182\/341|[from] item: Leftovers
|turn|48
|c| piikaa|very power
|
|switch|p1a: fat.zip|Blissey, F|672\/714
|move|p2a: Jirachi|U-turn|p1a: fat.zip
|-damage|p1a: fat.zip|593\/714
|
|switch|p2a: Machamp|Machamp, F|222\/343
|-damage|p2a: Machamp|180\/343|[from] Spikes
|
|-heal|p1a: fat.zip|637\/714|[from] item: Leftovers
|turn|49
|
|switch|p1a: uwannagom8.java|Granbull, F|384\/384
|-ability|p1a: uwannagom8.java|Intimidate|[of] p2a: Machamp
|-unboost|p2a: Machamp|atk|1
|move|p2a: Machamp|Heavy Slam|p1a: uwannagom8.java
|-supereffective|p1a: uwannagom8.java
|-damage|p1a: uwannagom8.java|242\/384
|
|turn|50
|
|switch|p2a: Gligar|Gligar, F|153\/333 tox
|move|p1a: uwannagom8.java|Rest|p1a: uwannagom8.java
|-status|p1a: uwannagom8.java|slp
|-heal|p1a: uwannagom8.java|384\/384 slp|[silent]
|-status|p1a: uwannagom8.java|slp|[from] move: Rest
|
|-damage|p2a: Gligar|133\/333 tox|[from] psn
|turn|51
|
|move|p2a: Gligar|Defog|p1a: uwannagom8.java
|-unboost|p1a: uwannagom8.java|evasion|1
|-sideend|p2: hairy toenail|Spikes|[from] move: Defog|[of] p2a: Gligar
|cant|p1a: uwannagom8.java|slp
|move|p1a: uwannagom8.java|Sleep Talk|p1a: uwannagom8.java
|move|p1a: uwannagom8.java|Heal Bell|p1a: uwannagom8.java|[from]Sleep Talk
|-cureteam|p1a: uwannagom8.java|[from] move: HealBell
|
|-damage|p2a: Gligar|93\/333 tox|[from] psn
|turn|52
|
|switch|p2a: Jirachi|Jirachi|182\/341
|switch|p1a: fat.zip|Blissey, F|637\/714
|
|-heal|p2a: Jirachi|203\/341|[from] item: Leftovers
|-heal|p1a: fat.zip|681\/714|[from] item: Leftovers
|turn|53
|
|move|p2a: Jirachi|Iron Head|p1a: fat.zip
|-crit|p1a: fat.zip
|-damage|p1a: fat.zip|345\/714
|move|p1a: fat.zip|Seismic Toss|p2a: Jirachi
|-damage|p2a: Jirachi|103\/341
|
|-heal|p2a: Jirachi|124\/341|[from] item: Leftovers
|-heal|p1a: fat.zip|389\/714|[from] item: Leftovers
|turn|54
|
|switch|p1a: uwannagom8.java|Granbull, F|384\/384
|-ability|p1a: uwannagom8.java|Intimidate|[of] p2a: Jirachi
|-unboost|p2a: Jirachi|atk|1
|move|p2a: Jirachi|Iron Head|p1a: uwannagom8.java
|-supereffective|p1a: uwannagom8.java
|-damage|p1a: uwannagom8.java|252\/384
|
|-heal|p2a: Jirachi|145\/341|[from] item: Leftovers
|turn|55
|c| piikaa|oi Hairy, you wifi battle rite?
|
|switch|p1a: balls.com|Forretress, M|134\/354
|move|p2a: Jirachi|U-turn|p1a: balls.com
|-crit|p1a: balls.com
|-resisted|p1a: balls.com
|-damage|p1a: balls.com|101\/354
|
|switch|p2a: Machamp|Machamp, F|180\/343
|
|-heal|p1a: balls.com|123\/354|[from] item: Leftovers
|turn|56
|c|★hairy toenail|not right now no
|
|switch|p1a: uwannagom8.java|Granbull, F|252\/384
|-ability|p1a: uwannagom8.java|Intimidate|[of] p2a: Machamp
|-unboost|p2a: Machamp|atk|1
|move|p2a: Machamp|Close Combat|p1a: uwannagom8.java
|-resisted|p1a: uwannagom8.java
|-damage|p1a: uwannagom8.java|148\/384
|-unboost|p2a: Machamp|def|1
|-unboost|p2a: Machamp|spd|1
|
|turn|57
|c| piikaa|ah, kk
|
|switch|p2a: Jirachi|Jirachi|145\/341
|move|p1a: uwannagom8.java|Rest|p1a: uwannagom8.java
|-status|p1a: uwannagom8.java|slp
|-heal|p1a: uwannagom8.java|384\/384 slp|[silent]
|-status|p1a: uwannagom8.java|slp|[from] move: Rest
|
|-heal|p2a: Jirachi|166\/341|[from] item: Leftovers
|turn|58
|
|move|p2a: Jirachi|Iron Head|p1a: uwannagom8.java
|-supereffective|p1a: uwannagom8.java
|-damage|p1a: uwannagom8.java|190\/384 slp
|cant|p1a: uwannagom8.java|slp
|cant|p1a: uwannagom8.java|flinch
|
|-heal|p2a: Jirachi|187\/341|[from] item: Leftovers
|turn|59
|c|★Kitten Milk|gg
|c|★Kitten Milk|i really need eq on this
|leave|Kitten Milk
|player|p1
|c|★hairy toenail|gg
|leave|Alien Undead Cop
|c| piikaa|k
|c|★hairy toenail|pika
|c| piikaa|hm?
piikaa was promoted to Room Voice by hairy toenail.
|c|+piikaa|k
|c|★hairy toenail|can you forfeit?
|player|p1|piikaa|266
|c|★piikaa|yh
|-message|piikaa forfeited.
|
|win|hairy toenail
|c|★hairy toenail|ty
|c|★piikaa|np