|join|dynamic test
|join|hairy toenail
|player|p1|dynamic test|265
|player|p2|hairy toenail|147
|gametype|singles
|gen|6
|tier|UU
|rated
|rule|Sleep Clause Mod: Limit one foe put to sleep
|rule|Species Clause: Limit one of each Pokémon
|rule|OHKO Clause: OHKO moves are banned
|rule|Moody Clause: Moody is banned
|rule|Evasion Moves Clause: Evasion moves are banned
|rule|Endless Battle Clause: Forcing endless battles is banned
|rule|HP Percentage Mod: HP is shown in percentages
|clearpoke
|poke|p1|Jirachi
|poke|p1|Tentacruel, M
|poke|p1|Dugtrio, F
|poke|p1|Whimsicott, F
|poke|p1|Hydreigon, F
|poke|p1|Sableye, F
|poke|p2|Goodra, M
|poke|p2|Blastoise, M
|poke|p2|Nidoqueen, F
|poke|p2|Jirachi
|poke|p2|Hydreigon, M
|poke|p2|Fletchinder, F
|rule|Swagger Clause: Swagger is banned
|rule|Baton Pass Clause: Limit one Pokémon knowing Baton Pass
|teampreview
|c|★hairy toenail|glhf
|c|★dynamic test|gl hf
|
|start
|switch|p1a: Tentacruel|Tentacruel, M|364\/364
|switch|p2a: Nidoqueen|Nidoqueen, F|362\/362
|turn|1
|join|Alluka Zoldyck
|
|switch|p1a: Hydreigon|Hydreigon, F|325\/325
|move|p2a: Nidoqueen|Earth Power|p1a: Hydreigon
|-immune|p1a: Hydreigon|[msg]
|
|turn|2
|join|Thosar
|
|move|p1a: Hydreigon|U-turn|p2a: Nidoqueen
|-resisted|p2a: Nidoqueen
|-damage|p2a: Nidoqueen|334\/362
|
|switch|p1a: Jirachi|Jirachi|341\/341
|move|p2a: Nidoqueen|Ice Beam|p1a: Jirachi
|-resisted|p1a: Jirachi
|-damage|p1a: Jirachi|272\/341
|
|-heal|p1a: Jirachi|293\/341|[from] item: Leftovers
|turn|3
|join|BenzMafia
|
|switch|p2a: Jirachi|Jirachi|404\/404
|move|p1a: Jirachi|U-turn|p2a: Jirachi
|-damage|p2a: Jirachi|330\/404
|
|switch|p1a: Tentacruel|Tentacruel, M|364\/364
|
|-heal|p2a: Jirachi|355\/404|[from] item: Leftovers
|turn|4
|leave|Thosar
|
|switch|p2a: Goodra|Goodra, M|338\/338
|move|p1a: Tentacruel|Scald|p2a: Goodra
|-resisted|p2a: Goodra
|-damage|p2a: Goodra|311\/338
|
|turn|5
|
|move|p2a: Goodra|Earthquake|p1a: Tentacruel
|-supereffective|p1a: Tentacruel
|-damage|p1a: Tentacruel|66\/364
|move|p1a: Tentacruel|Toxic Spikes|p2a: Goodra
|-sidestart|p2: hairy toenail|move: Toxic Spikes
|
|-heal|p1a: Tentacruel|88\/364|[from] item: Black Sludge
|turn|6
|join|The UUser
|
|switch|p2a: Hydreigon|Hydreigon, M|325\/325
|switch|p1a: Dugtrio|Dugtrio, F|212\/212
|
|turn|7
|
|switch|p1a: Whimsicott|Whimsicott, F|261\/261
|move|p2a: Hydreigon|U-turn|p1a: Whimsicott
|-crit|p1a: Whimsicott
|-damage|p1a: Whimsicott|172\/261
|
|switch|p2a: Fletchinder|Fletchinder, F|291\/291
|
|-heal|p1a: Whimsicott|188\/261|[from] item: Leftovers
|turn|8
|
|move|p1a: Whimsicott|Moonblast|p2a: Fletchinder
|-resisted|p2a: Fletchinder
|-damage|p2a: Fletchinder|186\/291
|move|p2a: Fletchinder|Will-O-Wisp|p1a: Whimsicott
|-status|p1a: Whimsicott|brn
|
|-heal|p1a: Whimsicott|204\/261 brn|[from] item: Leftovers
|-damage|p1a: Whimsicott|172\/261 brn|[from] brn
|turn|9
|
|switch|p1a: Jirachi|Jirachi|293\/341
|move|p2a: Fletchinder|Will-O-Wisp|p1a: Jirachi
|-status|p1a: Jirachi|brn
|
|-heal|p1a: Jirachi|314\/341 brn|[from] item: Leftovers
|-damage|p1a: Jirachi|272\/341 brn|[from] brn
|turn|10
|c| The UUser|the man is real
|
|switch|p2a: Nidoqueen|Nidoqueen, F|334\/362
|-sideend|p2: hairy toenail|move: Toxic Spikes|[of] p2a: Nidoqueen
|move|p1a: Jirachi|Stealth Rock|p2a: Nidoqueen
|-sidestart|p2: hairy toenail|move: Stealth Rock
|
|-heal|p1a: Jirachi|293\/341 brn|[from] item: Leftovers
|-damage|p1a: Jirachi|251\/341 brn|[from] brn
|turn|11
|
|move|p1a: Jirachi|Iron Head|p2a: Nidoqueen
|-damage|p2a: Nidoqueen|265\/362
|cant|p2a: Nidoqueen|flinch
|
|-heal|p1a: Jirachi|272\/341 brn|[from] item: Leftovers
|-damage|p1a: Jirachi|230\/341 brn|[from] brn
|turn|12
|
|move|p1a: Jirachi|U-turn|p2a: Nidoqueen
|-resisted|p2a: Nidoqueen
|-damage|p2a: Nidoqueen|245\/362
|
|switch|p1a: Hydreigon|Hydreigon, F|325\/325
|move|p2a: Nidoqueen|Earth Power|p1a: Hydreigon
|-immune|p1a: Hydreigon|[msg]
|
|turn|13
|
|move|p1a: Hydreigon|U-turn|p2a: Nidoqueen
|-resisted|p2a: Nidoqueen
|-damage|p2a: Nidoqueen|217\/362
|
|switch|p1a: Tentacruel|Tentacruel, M|88\/364
|move|p2a: Nidoqueen|Ice Beam|p1a: Tentacruel
|-resisted|p1a: Tentacruel
|-damage|p1a: Tentacruel|31\/364
|
|-heal|p1a: Tentacruel|53\/364|[from] item: Black Sludge
|turn|14
|c|★dynamic test|i prolly alreeady lost
|
|move|p1a: Tentacruel|Scald|p2a: Nidoqueen
|-supereffective|p2a: Nidoqueen
|-damage|p2a: Nidoqueen|31\/362
|move|p2a: Nidoqueen|Ice Beam|p1a: Tentacruel
|-resisted|p1a: Tentacruel
|-damage|p1a: Tentacruel|0 fnt
|faint|p1a: Tentacruel
|
|
|switch|p1a: Hydreigon|Hydreigon, F|325\/325
|turn|15
|
|move|p1a: Hydreigon|Dark Pulse|p2a: Nidoqueen
|-damage|p2a: Nidoqueen|0 fnt
|faint|p2a: Nidoqueen
|
|
|switch|p2a: Blastoise|Blastoise, M|347\/347
|-damage|p2a: Blastoise|304\/347|[from] Stealth Rock
|turn|16
|
|switch|p1a: Whimsicott|Whimsicott, F|172\/261 brn
|detailschange|p2a: Blastoise|Blastoise-Mega, M
|message|Blastoise has Mega Evolved into Mega Blastoise!
|move|p2a: Blastoise|Rapid Spin|p1a: Whimsicott
|-damage|p1a: Whimsicott|156\/261 brn
|-sideend|p2: hairy toenail|Stealth Rock|[from] move: Rapid Spin|[of] p2a: Blastoise
|
|-heal|p1a: Whimsicott|172\/261 brn|[from] item: Leftovers
|-damage|p1a: Whimsicott|140\/261 brn|[from] brn
|turn|17
|
|switch|p2a: Jirachi|Jirachi|355\/404
|move|p1a: Whimsicott|U-turn|p2a: Jirachi
|-damage|p2a: Jirachi|333\/404
|c|★dynamic test|yea this team is shit
|join|BIG SCHLONG MCDONG
|
|switch|p1a: Dugtrio|Dugtrio, F|212\/212
|
|-heal|p2a: Jirachi|358\/404|[from] item: Leftovers
|turn|18
|c| The UUser|haha that's quite the name 
|
|move|p1a: Dugtrio|Earthquake|p2a: Jirachi
|-supereffective|p2a: Jirachi
|-damage|p2a: Jirachi|0 fnt
|faint|p2a: Jirachi
|
|
|switch|p2a: Fletchinder|Fletchinder, F|186\/291
|turn|19
|
|switch|p1a: Hydreigon|Hydreigon, F|325\/325
|move|p2a: Fletchinder|Swords Dance|p2a: Fletchinder
|-boost|p2a: Fletchinder|atk|2
|
|turn|20
|c|★dynamic test|i need to calc
|c|★hairy toenail|hmm
|c|★hairy toenail|are u hasty
|c|★hairy toenail|lol
|
|switch|p2a: Goodra|Goodra, M|311\/338
|move|p1a: Hydreigon|Dark Pulse|p2a: Goodra
|-damage|p2a: Goodra|212\/338
|
|turn|21
|
|switch|p1a: Jirachi|Jirachi|230\/341 brn
|move|p2a: Goodra|Iron Tail|p1a: Jirachi
|-crit|p1a: Jirachi
|-resisted|p1a: Jirachi
|-damage|p1a: Jirachi|117\/341 brn
|
|-heal|p1a: Jirachi|138\/341 brn|[from] item: Leftovers
|-damage|p1a: Jirachi|96\/341 brn|[from] brn
|turn|22
|
|switch|p2a: Blastoise|Blastoise-Mega, M|304\/347
|move|p1a: Jirachi|Stealth Rock|p2a: Blastoise
|-sidestart|p2: hairy toenail|move: Stealth Rock
|
|-heal|p1a: Jirachi|117\/341 brn|[from] item: Leftovers
|-damage|p1a: Jirachi|75\/341 brn|[from] brn
|turn|23
|
|move|p1a: Jirachi|Iron Head|p2a: Blastoise
|-resisted|p2a: Blastoise
|-damage|p2a: Blastoise|280\/347
|move|p2a: Blastoise|Rapid Spin|p1a: Jirachi
|-resisted|p1a: Jirachi
|-damage|p1a: Jirachi|68\/341 brn
|-sideend|p2: hairy toenail|Stealth Rock|[from] move: Rapid Spin|[of] p2a: Blastoise
|
|-heal|p1a: Jirachi|89\/341 brn|[from] item: Leftovers
|-damage|p1a: Jirachi|47\/341 brn|[from] brn
|turn|24
|
|move|p1a: Jirachi|Stealth Rock|p2a: Blastoise
|-sidestart|p2: hairy toenail|move: Stealth Rock
|move|p2a: Blastoise|Rapid Spin|p1a: Jirachi
|-resisted|p1a: Jirachi
|-damage|p1a: Jirachi|40\/341 brn
|-sideend|p2: hairy toenail|Stealth Rock|[from] move: Rapid Spin|[of] p2a: Blastoise
|
|-heal|p1a: Jirachi|61\/341 brn|[from] item: Leftovers
|-damage|p1a: Jirachi|19\/341 brn|[from] brn
|turn|25
|
|move|p1a: Jirachi|U-turn|p2a: Blastoise
|-damage|p2a: Blastoise|250\/347
|
|switch|p1a: Whimsicott|Whimsicott, F|140\/261 brn
|move|p2a: Blastoise|Rapid Spin|p1a: Whimsicott
|-damage|p1a: Whimsicott|122\/261 brn
|
|-heal|p1a: Whimsicott|138\/261 brn|[from] item: Leftovers
|-damage|p1a: Whimsicott|106\/261 brn|[from] brn
|turn|26
|
|move|p1a: Whimsicott|Giga Drain|p2a: Blastoise
|-supereffective|p2a: Blastoise
|-damage|p2a: Blastoise|92\/347
|-heal|p1a: Whimsicott|185\/261 brn|[from] drain|[of] p2a: Blastoise
|move|p2a: Blastoise|Dark Pulse|p1a: Whimsicott
|-resisted|p1a: Whimsicott
|-damage|p1a: Whimsicott|65\/261 brn
|
|-heal|p1a: Whimsicott|81\/261 brn|[from] item: Leftovers
|-damage|p1a: Whimsicott|49\/261 brn|[from] brn
|turn|27
|
|move|p1a: Whimsicott|Moonblast|p2a: Blastoise
|-damage|p2a: Blastoise|0 fnt
|faint|p2a: Blastoise
|
|-heal|p1a: Whimsicott|65\/261 brn|[from] item: Leftovers
|-damage|p1a: Whimsicott|33\/261 brn|[from] brn
|
|switch|p2a: Fletchinder|Fletchinder, F|186\/291
|turn|28
|
|move|p2a: Fletchinder|Acrobatics|p1a: Whimsicott
|-supereffective|p1a: Whimsicott
|-damage|p1a: Whimsicott|0 fnt
|faint|p1a: Whimsicott
|
|
|switch|p1a: Jirachi|Jirachi|19\/341 brn
|turn|29
|c|★dynamic test|wait
|c|★dynamic test|o nvm
|
|move|p2a: Fletchinder|Acrobatics|p1a: Jirachi
|-resisted|p1a: Jirachi
|-damage|p1a: Jirachi|0 fnt
|faint|p1a: Jirachi
|
|c|★dynamic test|rachi wasnt doin much anyways
|
|switch|p1a: Hydreigon|Hydreigon, F|325\/325
|turn|30
|
|switch|p2a: Goodra|Goodra, M|212\/338
|move|p1a: Hydreigon|Draco Meteor|p2a: Goodra
|-supereffective|p2a: Goodra
|-damage|p2a: Goodra|0 fnt
|-unboost|p1a: Hydreigon|spa|2
|faint|p2a: Goodra
|
|
|switch|p2a: Hydreigon|Hydreigon, M|325\/325
|turn|31
|
|switch|p1a: Sableye|Sableye, F|304\/304
|move|p2a: Hydreigon|U-turn|p1a: Sableye
|-damage|p1a: Sableye|233\/304
|
|switch|p2a: Fletchinder|Fletchinder, F|186\/291
|
|-heal|p1a: Sableye|252\/304|[from] item: Leftovers
|turn|32
|
|move|p2a: Fletchinder|Acrobatics|p1a: Sableye
|-damage|p1a: Sableye|71\/304
|move|p1a: Sableye|Taunt|p2a: Fletchinder
|-start|p2a: Fletchinder|move: Taunt
|
|-heal|p1a: Sableye|90\/304|[from] item: Leftovers
|turn|33
|
|switch|p1a: Hydreigon|Hydreigon, F|325\/325
|move|p2a: Fletchinder|Acrobatics|p1a: Hydreigon
|-damage|p1a: Hydreigon|157\/325
|
|turn|34
|c|★dynamic test|o
|c|★dynamic test|fucking burd
|
|move|p2a: Fletchinder|Acrobatics|p1a: Hydreigon
|-damage|p1a: Hydreigon|0 fnt
|faint|p1a: Hydreigon
|
|
|switch|p1a: Dugtrio|Dugtrio, F|212\/212
|turn|35
|
|move|p2a: Fletchinder|Acrobatics|p1a: Dugtrio
|-damage|p1a: Dugtrio|0 fnt
|faint|p1a: Dugtrio
|
|-end|p2a: Fletchinder|move: Taunt
|
|switch|p1a: Sableye|Sableye, F|90\/304
|turn|36
|c|★dynamic test|gg
|c|★hairy toenail|gg 
|
|move|p2a: Fletchinder|Acrobatics|p1a: Sableye
|-damage|p1a: Sableye|0 fnt
|faint|p1a: Sableye
|
|win|hairy toenail
|raw|Ladder updating...
|c|★dynamic test|thought
|c|★dynamic test|sucker
|c|★dynamic test|was obvious
|raw|dynamic test's rating: 1592 &rarr; <strong>1576<\/strong><br \/>(-16 for losing)
|raw|hairy toenail's rating: 1648 &rarr; <strong>1665<\/strong><br \/>(+17 for winning)
|c|★hairy toenail|58 max