|join|Bob the Bro
|join|hairy toenail
|player|p1|Bob the Bro|23
|player|p2|hairy toenail|147
|gametype|singles
|gen|6
|tier|UU
|rule|Sleep Clause Mod: Limit one foe put to sleep
|rule|Species Clause: Limit one of each Pokémon
|rule|OHKO Clause: OHKO moves are banned
|rule|Moody Clause: Moody is banned
|rule|Evasion Moves Clause: Evasion moves are banned
|rule|Endless Battle Clause: Forcing endless battles is banned
|rule|HP Percentage Mod: HP is shown in percentages
|clearpoke
|poke|p1|Celebi
|poke|p1|Aggron, M, shiny
|poke|p1|Crobat, M, shiny
|poke|p1|Blissey, F, shiny
|poke|p1|Alomomola, M, shiny
|poke|p1|Krookodile, F, shiny
|poke|p2|Machamp, M
|poke|p2|Shaymin
|poke|p2|Jirachi
|poke|p2|Gligar, F
|poke|p2|Vaporeon, M
|poke|p2|Infernape, F
|rule|Swagger Clause: Swagger is banned
|rule|Baton Pass Clause: Limit one Pokémon knowing Baton Pass
|teampreview
|c|★Bob the Bro|gl
|c|★hairy toenail|hf
|join|I<3Magikarp
|
|start
|switch|p1a: fat cunt|Aggron, M, shiny|344\/344
|switch|p2a: Jirachi|Jirachi|341\/341
|turn|1
|
|detailschange|p1a: fat cunt|Aggron-Mega, M, shiny
|message|Aggron has Mega Evolved into Mega Aggron!
|move|p2a: Jirachi|U-turn|p1a: fat cunt
|-resisted|p1a: fat cunt
|-damage|p1a: fat cunt|326\/344
|c|★Bob the Bro|hihi magikarp
|c| I<3Magikarp|yo
|
|switch|p2a: Gligar|Gligar, F|333\/333
|move|p1a: fat cunt|Stealth Rock|p2a: Gligar
|-sidestart|p2: hairy toenail|move: Stealth Rock
|
|turn|2
|
|switch|p1a: ugly cunt|Alomomola, M, shiny|534\/534
|move|p2a: Gligar|Defog|p1a: ugly cunt
|-unboost|p1a: ugly cunt|evasion|1
|-sideend|p2: hairy toenail|Stealth Rock|[from] move: Defog|[of] p2a: Gligar
|
|turn|3
|
|switch|p2a: Vaporeon|Vaporeon, M|463\/463
|move|p1a: ugly cunt|Toxic|p2a: Vaporeon
|-status|p2a: Vaporeon|tox
|
|-damage|p2a: Vaporeon|435\/463 tox|[from] psn
|turn|4
|
|switch|p1a: Big Nigga|Crobat, M, shiny|325\/325
|move|p2a: Vaporeon|Wish|p2a: Vaporeon
|
|-heal|p2a: Vaporeon|463\/463 tox|[from] item: Leftovers
|-damage|p2a: Vaporeon|407\/463 tox|[from] psn
|turn|5
|
|switch|p1a: Celebi|Celebi|341\/341
|move|p2a: Vaporeon|Baton Pass|p2a: Vaporeon
|
|switch|p2a: Jirachi|Jirachi|341\/341
|
|turn|6
|
|switch|p1a: ugly cunt|Alomomola, M, shiny|534\/534
|move|p2a: Jirachi|U-turn|p1a: ugly cunt
|-damage|p1a: ugly cunt|467\/534
|-damage|p2a: Jirachi|285\/341|[from] item: Rocky Helmet|[of] p1a: ugly cunt
|
|switch|p2a: Shaymin|Shaymin|341\/341
|
|turn|7
|
|switch|p1a: Celebi|Celebi|341\/341
|move|p2a: Shaymin|Seed Flare|p1a: Celebi
|-resisted|p1a: Celebi
|-damage|p1a: Celebi|218\/341
|-damage|p2a: Shaymin|307\/341|[from] item: Life Orb
|
|-heal|p1a: Celebi|239\/341|[from] item: Leftovers
|turn|8
|
|move|p1a: Celebi|Recover|p1a: Celebi
|-heal|p1a: Celebi|341\/341
|move|p2a: Shaymin|Dazzling Gleam|p1a: Celebi
|-damage|p1a: Celebi|242\/341
|-damage|p2a: Shaymin|273\/341|[from] item: Life Orb
|
|-heal|p1a: Celebi|263\/341|[from] item: Leftovers
|turn|9
|
|switch|p2a: Infernape|Infernape, F|293\/293
|move|p1a: Celebi|Swords Dance|p1a: Celebi
|-boost|p1a: Celebi|atk|2
|
|-heal|p1a: Celebi|284\/341|[from] item: Leftovers
|turn|10
|
|switch|p1a: ugly cunt|Alomomola, M, shiny|534\/534
|move|p2a: Infernape|Fire Blast|p1a: ugly cunt
|-resisted|p1a: ugly cunt
|-damage|p1a: ugly cunt|364\/534
|-status|p1a: ugly cunt|brn
|-damage|p2a: Infernape|264\/293|[from] item: Life Orb
|
|-damage|p1a: ugly cunt|298\/534 brn|[from] brn
|turn|11
|
|switch|p2a: Vaporeon|Vaporeon, M|407\/463 tox
|switch|p1a: Big Nigga|Crobat, M, shiny|325\/325
|
|-heal|p2a: Vaporeon|435\/463 tox|[from] item: Leftovers
|-damage|p2a: Vaporeon|407\/463 tox|[from] psn
|turn|12
|
|switch|p1a: Fattest Cunt|Blissey, F, shiny|714\/714
|move|p2a: Vaporeon|Scald|p1a: Fattest Cunt
|-damage|p1a: Fattest Cunt|644\/714
|-status|p1a: Fattest Cunt|brn
|
|-heal|p2a: Vaporeon|435\/463 tox|[from] item: Leftovers
|-heal|p1a: Fattest Cunt|688\/714 brn|[from] item: Leftovers
|-damage|p2a: Vaporeon|379\/463 tox|[from] psn
|-damage|p1a: Fattest Cunt|599\/714 brn|[from] brn
|turn|13
|
|move|p2a: Vaporeon|Baton Pass|p2a: Vaporeon
|c|★Bob the Bro|oml the burns lol
|
|switch|p2a: Machamp|Machamp, M|343\/343
|move|p1a: Fattest Cunt|Heal Bell|p1a: Fattest Cunt
|-cureteam|p1a: Fattest Cunt|[from] move: HealBell
|
|-heal|p1a: Fattest Cunt|643\/714|[from] item: Leftovers
|turn|14
|
|switch|p1a: ugly cunt|Alomomola, M, shiny|476\/534
|move|p2a: Machamp|Knock Off|p1a: ugly cunt
|-damage|p1a: ugly cunt|308\/534
|-damage|p2a: Machamp|286\/343|[from] item: Rocky Helmet|[of] p1a: ugly cunt
|-enditem|p1a: ugly cunt|Rocky Helmet|[from] move: Knock Off|[of] p2a: Machamp
|
|turn|15
|
|switch|p2a: Vaporeon|Vaporeon, M|379\/463 tox
|move|p1a: ugly cunt|Wish|p1a: ugly cunt
|
|-heal|p2a: Vaporeon|407\/463 tox|[from] item: Leftovers
|-damage|p2a: Vaporeon|379\/463 tox|[from] psn
|turn|16
|
|switch|p1a: Celebi|Celebi|284\/341
|move|p2a: Vaporeon|Baton Pass|p2a: Vaporeon
|
|switch|p2a: Jirachi|Jirachi|285\/341
|
|-heal|p1a: Celebi|341\/341|[from] move: Wish|[wisher] ugly cunt
|turn|17
|
|switch|p1a: fat cunt|Aggron-Mega, M, shiny|326\/344
|move|p2a: Jirachi|U-turn|p1a: fat cunt
|-resisted|p1a: fat cunt
|-damage|p1a: fat cunt|309\/344
|
|switch|p2a: Machamp|Machamp, M|286\/343
|
|turn|18
|
|move|p2a: Machamp|Close Combat|p1a: fat cunt
|-supereffective|p1a: fat cunt
|-damage|p1a: fat cunt|38\/344
|-unboost|p2a: Machamp|def|1
|-unboost|p2a: Machamp|spd|1
|move|p1a: fat cunt|Heavy Slam|p2a: Machamp
|-damage|p2a: Machamp|42\/343
|
|turn|19
|
|switch|p1a: ugly cunt|Alomomola, M, shiny|486\/534
|move|p2a: Machamp|Close Combat|p1a: ugly cunt
|-damage|p1a: ugly cunt|135\/534
|-unboost|p2a: Machamp|def|1
|-unboost|p2a: Machamp|spd|1
|
|turn|20
|
|switch|p1a: Big Nigga|Crobat, M, shiny|325\/325
|move|p2a: Machamp|Close Combat|p1a: Big Nigga
|-resisted|p1a: Big Nigga
|-damage|p1a: Big Nigga|213\/325
|-unboost|p2a: Machamp|def|1
|-unboost|p2a: Machamp|spd|1
|
|turn|21
|
|switch|p2a: Gligar|Gligar, F|333\/333
|move|p1a: Big Nigga|Acrobatics|p2a: Gligar
|-damage|p2a: Gligar|264\/333
|
|turn|22
|
|move|p1a: Big Nigga|Taunt|p2a: Gligar
|-start|p2a: Gligar|move: Taunt
|cant|p2a: Gligar|move: Taunt|Stealth Rock
|
|turn|23
|
|switch|p1a: ugly cunt|Alomomola, M, shiny|313\/534
|switch|p2a: Jirachi|Jirachi|285\/341
|
|turn|24
|
|move|p2a: Jirachi|U-turn|p1a: ugly cunt
|-damage|p1a: ugly cunt|243\/534
|
|switch|p2a: Vaporeon|Vaporeon, M|379\/463 tox
|move|p1a: ugly cunt|Wish|p1a: ugly cunt
|
|-heal|p2a: Vaporeon|407\/463 tox|[from] item: Leftovers
|-damage|p2a: Vaporeon|379\/463 tox|[from] psn
|turn|25
|
|switch|p1a: Celebi|Celebi|341\/341
|move|p2a: Vaporeon|Scald|p1a: Celebi
|-resisted|p1a: Celebi
|-damage|p1a: Celebi|293\/341
|
|-heal|p1a: Celebi|341\/341|[from] move: Wish|[wisher] ugly cunt
|-heal|p2a: Vaporeon|407\/463 tox|[from] item: Leftovers
|-damage|p2a: Vaporeon|351\/463 tox|[from] psn
|turn|26
|
|switch|p2a: Jirachi|Jirachi|285\/341
|move|p1a: Celebi|Swords Dance|p1a: Celebi
|-boost|p1a: Celebi|atk|2
|
|turn|27
|
|switch|p1a: fat cunt|Aggron-Mega, M, shiny|38\/344
|move|p2a: Jirachi|U-turn|p1a: fat cunt
|-resisted|p1a: fat cunt
|-damage|p1a: fat cunt|20\/344
|
|switch|p2a: Machamp|Machamp, M|42\/343
|
|turn|28
|
|move|p2a: Machamp|Ice Punch|p1a: fat cunt
|-resisted|p1a: fat cunt
|-damage|p1a: fat cunt|0 fnt
|faint|p1a: fat cunt
|
|
|switch|p1a: The Don|Krookodile, F, shiny|331\/331
|-ability|p1a: The Don|Intimidate|[of] p2a: Machamp
|-unboost|p2a: Machamp|atk|1
|turn|29
|
|switch|p2a: Gligar|Gligar, F|264\/333
|move|p1a: The Don|Knock Off|p2a: Gligar
|-damage|p2a: Gligar|156\/333
|-enditem|p2a: Gligar|Eviolite|[from] move: Knock Off|[of] p1a: The Don
|
|turn|30
|
|move|p1a: The Don|Knock Off|p2a: Gligar
|-damage|p2a: Gligar|51\/333
|move|p2a: Gligar|Stealth Rock|p1a: The Don
|-sidestart|p1: Bob the Bro|move: Stealth Rock
|
|turn|31
|
|move|p1a: The Don|Knock Off|p2a: Gligar
|-crit|p2a: Gligar
|-damage|p2a: Gligar|0 fnt
|faint|p2a: Gligar
|
|
|switch|p2a: Vaporeon|Vaporeon, M|351\/463 tox
|turn|32
|
|move|p1a: The Don|Knock Off|p2a: Vaporeon
|-damage|p2a: Vaporeon|65\/463 tox
|-enditem|p2a: Vaporeon|Leftovers|[from] move: Knock Off|[of] p1a: The Don
|move|p2a: Vaporeon|Wish|p2a: Vaporeon
|
|-damage|p2a: Vaporeon|37\/463 tox|[from] psn
|turn|33
|
|move|p2a: Vaporeon|Protect|p2a: Vaporeon
|-singleturn|p2a: Vaporeon|Protect
|move|p1a: The Don|Knock Off|p2a: Vaporeon
|-activate|p2a: Vaporeon|Protect
|
|-heal|p2a: Vaporeon|268\/463 tox|[from] move: Wish|[wisher] Vaporeon
|-damage|p2a: Vaporeon|212\/463 tox|[from] psn
|turn|34
|join|meowiekins
|
|switch|p1a: Celebi|Celebi|341\/341
|-damage|p1a: Celebi|299\/341|[from] Stealth Rock
|switch|p2a: Infernape|Infernape, F|264\/293
|
|-heal|p1a: Celebi|320\/341|[from] item: Leftovers
|turn|35
|
|move|p2a: Infernape|Fire Blast|p1a: Celebi
|-supereffective|p1a: Celebi
|-damage|p1a: Celebi|0 fnt
|-damage|p2a: Infernape|235\/293|[from] item: Life Orb
|faint|p1a: Celebi
|
|
|switch|p1a: Big Nigga|Crobat, M, shiny|213\/325
|-damage|p1a: Big Nigga|132\/325|[from] Stealth Rock
|turn|36
|
|switch|p2a: Jirachi|Jirachi|285\/341
|move|p1a: Big Nigga|Defog|p2a: Jirachi
|-unboost|p2a: Jirachi|evasion|1
|-sideend|p1: Bob the Bro|Stealth Rock|[from] move: Defog|[of] p1a: Big Nigga
|
|turn|37
|
|move|p2a: Jirachi|Trick|p1a: Big Nigga
|-activate|p2a: Jirachi|move: Trick|[of] p1a: Big Nigga
|-item|p1a: Big Nigga|Choice Scarf|[from] move: Trick
|move|p1a: Big Nigga|Roost|p1a: Big Nigga
|-heal|p1a: Big Nigga|295\/325
|
|turn|38
|
|switch|p1a: ugly cunt|Alomomola, M, shiny|421\/534
|switch|p2a: Machamp|Machamp, M|42\/343
|
|turn|39
|
|switch|p2a: Vaporeon|Vaporeon, M|212\/463 tox
|move|p1a: ugly cunt|Scald|p2a: Vaporeon
|-heal|p2a: Vaporeon|327\/463 tox|[from] ability: Water Absorb|[of] p1a: ugly cunt
|
|-damage|p2a: Vaporeon|299\/463 tox|[from] psn
|turn|40
|
|switch|p1a: The Don|Krookodile, F, shiny|331\/331
|-ability|p1a: The Don|Intimidate|[of] p2a: Vaporeon
|-unboost|p2a: Vaporeon|atk|1
|move|p2a: Vaporeon|Wish|p2a: Vaporeon
|
|-damage|p2a: Vaporeon|243\/463 tox|[from] psn
|turn|41
|
|switch|p2a: Shaymin|Shaymin|273\/341
|move|p1a: The Don|Earthquake|p2a: Shaymin
|-resisted|p2a: Shaymin
|-damage|p2a: Shaymin|144\/341
|
|-heal|p2a: Shaymin|341\/341|[from] move: Wish|[wisher] Vaporeon
|turn|42
|
|switch|p1a: Big Nigga|Crobat, M, shiny|295\/325
|move|p2a: Shaymin|Dazzling Gleam|p1a: Big Nigga
|-resisted|p1a: Big Nigga
|-damage|p1a: Big Nigga|230\/325
|-damage|p2a: Shaymin|307\/341|[from] item: Life Orb
|
|turn|43
|
|switch|p2a: Jirachi|Jirachi|285\/341
|move|p1a: Big Nigga|Taunt|p2a: Jirachi
|-start|p2a: Jirachi|move: Taunt
|
|turn|44
|
|switch|p1a: ugly cunt|Alomomola, M, shiny|534\/534
|move|p2a: Jirachi|Iron Head|p1a: ugly cunt
|-resisted|p1a: ugly cunt
|-damage|p1a: ugly cunt|474\/534
|
|turn|45
|
|move|p2a: Jirachi|U-turn|p1a: ugly cunt
|-crit|p1a: ugly cunt
|-damage|p1a: ugly cunt|377\/534
|
|switch|p2a: Vaporeon|Vaporeon, M|243\/463 tox
|move|p1a: ugly cunt|Wish|p1a: ugly cunt
|
|-damage|p2a: Vaporeon|215\/463 tox|[from] psn
|turn|46
|
|switch|p1a: The Don|Krookodile, F, shiny|331\/331
|-ability|p1a: The Don|Intimidate|[of] p2a: Vaporeon
|-unboost|p2a: Vaporeon|atk|1
|move|p2a: Vaporeon|Wish|p2a: Vaporeon
|
|-damage|p2a: Vaporeon|159\/463 tox|[from] psn
|turn|47
|
|move|p2a: Vaporeon|Protect|p2a: Vaporeon
|-singleturn|p2a: Vaporeon|Protect
|move|p1a: The Don|Knock Off|p2a: Vaporeon
|-activate|p2a: Vaporeon|Protect
|
|-heal|p2a: Vaporeon|390\/463 tox|[from] move: Wish|[wisher] Vaporeon
|-damage|p2a: Vaporeon|306\/463 tox|[from] psn
|turn|48
|
|switch|p1a: ugly cunt|Alomomola, M, shiny|534\/534
|move|p2a: Vaporeon|Wish|p2a: Vaporeon
|
|-damage|p2a: Vaporeon|194\/463 tox|[from] psn
|turn|49
|
|move|p2a: Vaporeon|Scald|p1a: ugly cunt
|-resisted|p1a: ugly cunt
|-damage|p1a: ugly cunt|461\/534
|move|p1a: ugly cunt|Wish|p1a: ugly cunt
|
|-heal|p2a: Vaporeon|425\/463 tox|[from] move: Wish|[wisher] Vaporeon
|-damage|p2a: Vaporeon|285\/463 tox|[from] psn
|turn|50
|
|switch|p2a: Jirachi|Jirachi|285\/341
|switch|p1a: The Don|Krookodile, F, shiny|331\/331
|-ability|p1a: The Don|Intimidate|[of] p2a: Jirachi
|-unboost|p2a: Jirachi|atk|1
|
|turn|51
|
|move|p2a: Jirachi|U-turn|p1a: The Don
|-supereffective|p1a: The Don
|-damage|p1a: The Don|219\/331
|
|switch|p2a: Shaymin|Shaymin|307\/341
|move|p1a: The Don|Knock Off|p2a: Shaymin
|-damage|p2a: Shaymin|63\/341
|-enditem|p2a: Shaymin|Life Orb|[from] move: Knock Off|[of] p1a: The Don
|
|turn|52
|
|switch|p1a: Big Nigga|Crobat, M, shiny|230\/325
|move|p2a: Shaymin|Rest|p2a: Shaymin
|-status|p2a: Shaymin|slp
|-heal|p2a: Shaymin|341\/341 slp|[silent]
|-status|p2a: Shaymin|slp|[from] move: Rest
|
|turn|53
|
|switch|p1a: The Don|Krookodile, F, shiny|219\/331
|-ability|p1a: The Don|Intimidate|[of] p2a: Shaymin
|-unboost|p2a: Shaymin|atk|1
|switch|p2a: Jirachi|Jirachi|285\/341
|
|turn|54
|
|switch|p1a: ugly cunt|Alomomola, M, shiny|534\/534
|move|p2a: Jirachi|U-turn|p1a: ugly cunt
|-damage|p1a: ugly cunt|467\/534
|
|switch|p2a: Shaymin|Shaymin|341\/341
|
|turn|55
|join|so dynamic
|c| so dynamic|bob getting
|c| so dynamic|rekt
|
|switch|p1a: Fattest Cunt|Blissey, F, shiny|643\/714
|move|p2a: Shaymin|Seed Flare|p1a: Fattest Cunt
|-damage|p1a: Fattest Cunt|508\/714
|
|-heal|p1a: Fattest Cunt|552\/714|[from] item: Leftovers
|turn|56
|
|switch|p2a: Vaporeon|Vaporeon, M|285\/463 tox
|move|p1a: Fattest Cunt|Wish|p1a: Fattest Cunt
|
|-heal|p1a: Fattest Cunt|596\/714|[from] item: Leftovers
|-damage|p2a: Vaporeon|257\/463 tox|[from] psn
|turn|57
|c|★Bob the Bro|ikr lol
|
|move|p2a: Vaporeon|Scald|p1a: Fattest Cunt
|-crit|p1a: Fattest Cunt
|-damage|p1a: Fattest Cunt|484\/714
|-status|p1a: Fattest Cunt|brn
|move|p1a: Fattest Cunt|Seismic Toss|p2a: Vaporeon
|-damage|p2a: Vaporeon|157\/463 tox
|
|-heal|p1a: Fattest Cunt|714\/714 brn|[from] move: Wish|[wisher] Fattest Cunt
|-damage|p2a: Vaporeon|101\/463 tox|[from] psn
|-damage|p1a: Fattest Cunt|625\/714 brn|[from] brn
|turn|58
|c| so dynamic|does this have heal bell
|c|★Bob the Bro|n
|c| so dynamic|talking to
|c| so dynamic|him not u
|c|★Bob the Bro|wow rood
|
|switch|p2a: Jirachi|Jirachi|285\/341
|move|p1a: Fattest Cunt|Seismic Toss|p2a: Jirachi
|-damage|p2a: Jirachi|185\/341
|
|-heal|p1a: Fattest Cunt|669\/714 brn|[from] item: Leftovers
|-damage|p1a: Fattest Cunt|580\/714 brn|[from] brn
|turn|59
|c| I<3Magikarp|kek
|
|switch|p1a: ugly cunt|Alomomola, M, shiny|534\/534
|move|p2a: Jirachi|Iron Head|p1a: ugly cunt
|-crit|p1a: ugly cunt
|-resisted|p1a: ugly cunt
|-damage|p1a: ugly cunt|450\/534
|
|turn|60
|c| so dynamic|shouldve gone for
|c| so dynamic|trick
|
|move|p2a: Jirachi|U-turn|p1a: ugly cunt
|-damage|p1a: ugly cunt|384\/534
|c|★Bob the Bro|tricked bat
|c|★hairy toenail|scroll up
|
|switch|p2a: Vaporeon|Vaporeon, M|101\/463 tox
|move|p1a: ugly cunt|Wish|p1a: ugly cunt
|
|-damage|p2a: Vaporeon|73\/463 tox|[from] psn
|turn|61
|c| so dynamic|o
|c| so dynamic|my bad
|
|switch|p1a: The Don|Krookodile, F, shiny|219\/331
|-ability|p1a: The Don|Intimidate|[of] p2a: Vaporeon
|-unboost|p2a: Vaporeon|atk|1
|move|p2a: Vaporeon|Wish|p2a: Vaporeon
|
|-heal|p1a: The Don|331\/331|[from] move: Wish|[wisher] ugly cunt
|-damage|p2a: Vaporeon|17\/463 tox|[from] psn
|turn|62
|join|Dad's Dad
|c| Dad's Dad|Bob is a mother fucking bro
|
|move|p2a: Vaporeon|Protect|p2a: Vaporeon
|-singleturn|p2a: Vaporeon|Protect
|move|p1a: The Don|Superpower|p2a: Vaporeon
|-activate|p2a: Vaporeon|Protect
|
|-heal|p2a: Vaporeon|248\/463 tox|[from] move: Wish|[wisher] Vaporeon
|-damage|p2a: Vaporeon|164\/463 tox|[from] psn
|turn|63
|
|switch|p2a: Shaymin|Shaymin|341\/341
|move|p1a: The Don|Superpower|p2a: Shaymin
|-damage|p2a: Shaymin|162\/341
|-unboost|p1a: The Don|atk|1
|-unboost|p1a: The Don|def|1
|
|turn|64
|c| Dad's Dad|catch this psychic
|
|switch|p2a: Jirachi|Jirachi|185\/341
|switch|p1a: Big Nigga|Crobat, M, shiny|230\/325
|
|turn|65
|
|switch|p1a: ugly cunt|Alomomola, M, shiny|534\/534
|move|p2a: Jirachi|U-turn|p1a: ugly cunt
|-damage|p1a: ugly cunt|467\/534
|
|switch|p2a: Shaymin|Shaymin|162\/341
|
|turn|66
|
|switch|p1a: Fattest Cunt|Blissey, F, shiny|580\/714
|move|p2a: Shaymin|Seed Flare|p1a: Fattest Cunt
|-damage|p1a: Fattest Cunt|456\/714
|
|-heal|p1a: Fattest Cunt|500\/714|[from] item: Leftovers
|turn|67
|c| so dynamic|see this is why u run
|
|move|p2a: Shaymin|Rest|p2a: Shaymin
|-status|p2a: Shaymin|slp
|-heal|p2a: Shaymin|341\/341 slp|[silent]
|-status|p2a: Shaymin|slp|[from] move: Rest
|move|p1a: Fattest Cunt|Seismic Toss|p2a: Shaymin
|-damage|p2a: Shaymin|241\/341 slp
|
|-heal|p1a: Fattest Cunt|544\/714|[from] item: Leftovers
|turn|68
|c| so dynamic|sub cm rachi
|
|switch|p2a: Jirachi|Jirachi|185\/341
|move|p1a: Fattest Cunt|Seismic Toss|p2a: Jirachi
|-damage|p2a: Jirachi|85\/341
|
|-heal|p1a: Fattest Cunt|588\/714|[from] item: Leftovers
|turn|69
|
|switch|p1a: ugly cunt|Alomomola, M, shiny|534\/534
|move|p2a: Jirachi|Iron Head|p1a: ugly cunt
|-resisted|p1a: ugly cunt
|-damage|p1a: ugly cunt|478\/534
|
|turn|70
|
|move|p2a: Jirachi|U-turn|p1a: ugly cunt
|-damage|p1a: ugly cunt|417\/534
|
|switch|p2a: Vaporeon|Vaporeon, M|164\/463 tox
|move|p1a: ugly cunt|Wish|p1a: ugly cunt
|
|-damage|p2a: Vaporeon|136\/463 tox|[from] psn
|turn|71
|
|switch|p1a: The Don|Krookodile, F, shiny|331\/331
|-ability|p1a: The Don|Intimidate|[of] p2a: Vaporeon
|-unboost|p2a: Vaporeon|atk|1
|move|p2a: Vaporeon|Wish|p2a: Vaporeon
|
|-damage|p2a: Vaporeon|80\/463 tox|[from] psn
|turn|72
|
|move|p2a: Vaporeon|Protect|p2a: Vaporeon
|-singleturn|p2a: Vaporeon|Protect
|move|p1a: The Don|Earthquake|p2a: Vaporeon
|-activate|p2a: Vaporeon|Protect
|
|-heal|p2a: Vaporeon|311\/463 tox|[from] move: Wish|[wisher] Vaporeon
|-damage|p2a: Vaporeon|227\/463 tox|[from] psn
|turn|73
|
|switch|p2a: Shaymin|Shaymin|241\/341
|move|p1a: The Don|Earthquake|p2a: Shaymin
|-resisted|p2a: Shaymin
|-damage|p2a: Shaymin|124\/341
|
|turn|74
|
|switch|p1a: Fattest Cunt|Blissey, F, shiny|588\/714
|move|p2a: Shaymin|Rest|p2a: Shaymin
|-status|p2a: Shaymin|slp
|-heal|p2a: Shaymin|341\/341 slp|[silent]
|-status|p2a: Shaymin|slp|[from] move: Rest
|
|-heal|p1a: Fattest Cunt|632\/714|[from] item: Leftovers
|turn|75
|join|Ununhexium
|
|cant|p2a: Shaymin|slp
|move|p1a: Fattest Cunt|Seismic Toss|p2a: Shaymin
|-damage|p2a: Shaymin|241\/341 slp
|
|-heal|p1a: Fattest Cunt|676\/714|[from] item: Leftovers
|turn|76
|
|cant|p2a: Shaymin|slp
|move|p1a: Fattest Cunt|Seismic Toss|p2a: Shaymin
|-damage|p2a: Shaymin|141\/341 slp
|
|-heal|p1a: Fattest Cunt|714\/714|[from] item: Leftovers
|turn|77
|
|-curestatus|p2a: Shaymin|slp
|move|p2a: Shaymin|Rest|p2a: Shaymin
|-status|p2a: Shaymin|slp
|-heal|p2a: Shaymin|341\/341 slp|[silent]
|-status|p2a: Shaymin|slp|[from] move: Rest
|move|p1a: Fattest Cunt|Seismic Toss|p2a: Shaymin
|-damage|p2a: Shaymin|241\/341 slp
|
|turn|78
|leave|Ununhexium
|
|switch|p2a: Infernape|Infernape, F|235\/293
|move|p1a: Fattest Cunt|Seismic Toss|p2a: Infernape
|-damage|p2a: Infernape|135\/293
|
|turn|79
|
|switch|p1a: Big Nigga|Crobat, M, shiny|230\/325
|move|p2a: Infernape|Grass Knot|p1a: Big Nigga
|-resisted|p1a: Big Nigga
|-damage|p1a: Big Nigga|198\/325
|-damage|p2a: Infernape|106\/293|[from] item: Life Orb
|
|turn|80
|c| so dynamic|stay in on the uturn
|c| so dynamic|yn
|c|★hairy toenail|no u turn
|c|★Bob the Bro|its ogre for something
|
|move|p1a: Big Nigga|Acrobatics|p2a: Infernape
|-supereffective|p2a: Infernape
|-damage|p2a: Infernape|0 fnt
|faint|p2a: Infernape
|
|
|switch|p2a: Vaporeon|Vaporeon, M|227\/463 tox
|turn|81
|c| so dynamic|acro with item
|
|move|p1a: Big Nigga|Acrobatics|p2a: Vaporeon
|-crit|p2a: Vaporeon
|-damage|p2a: Vaporeon|88\/463 tox
|move|p2a: Vaporeon|Wish|p2a: Vaporeon
|
|-damage|p2a: Vaporeon|60\/463 tox|[from] psn
|turn|82
|
|switch|p1a: The Don|Krookodile, F, shiny|331\/331
|-ability|p1a: The Don|Intimidate|[of] p2a: Vaporeon
|-unboost|p2a: Vaporeon|atk|1
|move|p2a: Vaporeon|Protect|p2a: Vaporeon
|-fail|p2a: Vaporeon
|
|-heal|p2a: Vaporeon|291\/463 tox|[from] move: Wish|[wisher] Vaporeon
|-damage|p2a: Vaporeon|235\/463 tox|[from] psn
|turn|83
|
|switch|p2a: Shaymin|Shaymin|241\/341
|move|p1a: The Don|Earthquake|p2a: Shaymin
|-resisted|p2a: Shaymin
|-damage|p2a: Shaymin|118\/341
|
|turn|84
|
|switch|p1a: Big Nigga|Crobat, M, shiny|198\/325
|move|p2a: Shaymin|Rest|p2a: Shaymin
|-status|p2a: Shaymin|slp
|-heal|p2a: Shaymin|341\/341 slp|[silent]
|-status|p2a: Shaymin|slp|[from] move: Rest
|
|turn|85
|
|switch|p2a: Vaporeon|Vaporeon, M|235\/463 tox
|move|p1a: Big Nigga|Acrobatics|p2a: Vaporeon
|-damage|p2a: Vaporeon|145\/463 tox
|
|-damage|p2a: Vaporeon|117\/463 tox|[from] psn
|turn|86
|
|move|p1a: Big Nigga|Acrobatics|p2a: Vaporeon
|-damage|p2a: Vaporeon|24\/463 tox
|move|p2a: Vaporeon|Wish|p2a: Vaporeon
|
|-damage|p2a: Vaporeon|0 fnt|[from] psn
|faint|p2a: Vaporeon
|c|★hairy toenail|ah rip
|
|switch|p2a: Jirachi|Jirachi|85\/341
|turn|87
|
|switch|p1a: ugly cunt|Alomomola, M, shiny|534\/534
|move|p2a: Jirachi|Iron Head|p1a: ugly cunt
|-resisted|p1a: ugly cunt
|-damage|p1a: ugly cunt|475\/534
|
|-heal|p2a: Jirachi|316\/341|[from] move: Wish|[wisher] Vaporeon
|turn|88
|
|move|p2a: Jirachi|U-turn|p1a: ugly cunt
|-damage|p1a: ugly cunt|407\/534
|
|switch|p2a: Shaymin|Shaymin|341\/341
|move|p1a: ugly cunt|Wish|p1a: ugly cunt
|
|turn|89
|
|switch|p2a: Jirachi|Jirachi|316\/341
|switch|p1a: Big Nigga|Crobat, M, shiny|198\/325
|
|-heal|p1a: Big Nigga|325\/325|[from] move: Wish|[wisher] ugly cunt
|turn|90
|
|switch|p1a: ugly cunt|Alomomola, M, shiny|534\/534
|move|p2a: Jirachi|U-turn|p1a: ugly cunt
|-damage|p1a: ugly cunt|469\/534
|
|switch|p2a: Shaymin|Shaymin|341\/341
|
|turn|91
|
|switch|p2a: Machamp|Machamp, M|42\/343
|switch|p1a: Fattest Cunt|Blissey, F, shiny|714\/714
|
|turn|92
|
|move|p1a: Fattest Cunt|Protect|p1a: Fattest Cunt
|-singleturn|p1a: Fattest Cunt|Protect
|move|p2a: Machamp|Heavy Slam|p1a: Fattest Cunt
|-activate|p1a: Fattest Cunt|Protect
|
|turn|93
|
|switch|p2a: Shaymin|Shaymin|341\/341
|switch|p1a: ugly cunt|Alomomola, M, shiny|534\/534
|
|turn|94
|c|★Bob the Bro|i have a 60% chance of living this flare
|c|★Bob the Bro|should i risk
|c|★hairy toenail|do you have coat?
|c|★hairy toenail|oh wait nvm
|
|move|p2a: Shaymin|Seed Flare|p1a: ugly cunt
|-crit|p1a: ugly cunt
|-supereffective|p1a: ugly cunt
|-damage|p1a: ugly cunt|0 fnt
|faint|p1a: ugly cunt
|
|c|★Bob the Bro|fk me
|
|switch|p1a: Big Nigga|Crobat, M, shiny|325\/325
|turn|95
|
|switch|p1a: The Don|Krookodile, F, shiny|331\/331
|-ability|p1a: The Don|Intimidate|[of] p2a: Shaymin
|-unboost|p2a: Shaymin|atk|1
|switch|p2a: Jirachi|Jirachi|316\/341
|
|turn|96
|
|move|p2a: Jirachi|U-turn|p1a: The Don
|-supereffective|p1a: The Don
|-damage|p1a: The Don|171\/331
|
|move|p1a: The Don|Pursuit|p2a: Jirachi|[from]Pursuit
|-crit|p2a: Jirachi
|-supereffective|p2a: Jirachi
|-damage|p2a: Jirachi|0 fnt
|faint|p2a: Jirachi
|
|
|switch|p2a: Shaymin|Shaymin|341\/341
|turn|97
|
|switch|p1a: Fattest Cunt|Blissey, F, shiny|714\/714
|move|p2a: Shaymin|Dazzling Gleam|p1a: Fattest Cunt
|-damage|p1a: Fattest Cunt|663\/714
|
|-heal|p1a: Fattest Cunt|707\/714|[from] item: Leftovers
|turn|98
|c|★Bob the Bro|i think its ogre
|
|move|p2a: Shaymin|Seed Flare|p1a: Fattest Cunt|[miss]
|-miss|p2a: Shaymin|p1a: Fattest Cunt
|move|p1a: Fattest Cunt|Seismic Toss|p2a: Shaymin
|-damage|p2a: Shaymin|241\/341
|
|-heal|p1a: Fattest Cunt|714\/714|[from] item: Leftovers
|turn|99
|
|move|p2a: Shaymin|Seed Flare|p1a: Fattest Cunt
|-damage|p1a: Fattest Cunt|597\/714
|move|p1a: Fattest Cunt|Seismic Toss|p2a: Shaymin
|-damage|p2a: Shaymin|141\/341
|
|-heal|p1a: Fattest Cunt|641\/714|[from] item: Leftovers
|turn|100
|
|switch|p1a: Big Nigga|Crobat, M, shiny|325\/325
|move|p2a: Shaymin|Dazzling Gleam|p1a: Big Nigga
|-resisted|p1a: Big Nigga
|-damage|p1a: Big Nigga|279\/325
|
|turn|101
|
|move|p1a: Big Nigga|Acrobatics|p2a: Shaymin
|-supereffective|p2a: Shaymin
|-damage|p2a: Shaymin|0 fnt
|faint|p2a: Shaymin
|
|c|★Bob the Bro|gg
|
|switch|p2a: Machamp|Machamp, M|42\/343
|turn|102
|c| meowiekins|Big Nigga comin thru
|
|move|p1a: Big Nigga|Acrobatics|p2a: Machamp
|-supereffective|p2a: Machamp
|-damage|p2a: Machamp|0 fnt
|faint|p2a: Machamp
|
|win|Bob the Bro
|c|★hairy toenail|gg man
|leave|hairy toenail
|player|p2
|leave|Bob the Bro
|player|p1