|join|hairy toenail
|join|dudman
|player|p1|hairy toenail|147
|player|p2|dudman|171
|gametype|singles
|gen|6
|tier|UU
|rated
|rule|Sleep Clause Mod: Limit one foe put to sleep
|rule|Species Clause: Limit one of each Pokémon
|rule|OHKO Clause: OHKO moves are banned
|rule|Moody Clause: Moody is banned
|rule|Evasion Moves Clause: Evasion moves are banned
|rule|Endless Battle Clause: Forcing endless battles is banned
|rule|HP Percentage Mod: HP is shown in percentages
|clearpoke
|poke|p1|Goodra, M
|poke|p1|Blastoise, F
|poke|p1|Nidoqueen, F
|poke|p1|Jirachi
|poke|p1|Hydreigon, M
|poke|p1|Fletchinder, M
|poke|p2|Nidoking, M
|poke|p2|Suicune
|poke|p2|Mienshao, M
|poke|p2|Aggron, F
|poke|p2|Chandelure, F
|poke|p2|Whimsicott, F
|rule|Swagger Clause: Swagger is banned
|rule|Baton Pass Clause: Limit one Pokémon knowing Baton Pass
|teampreview
|c|★hairy toenail|glhf
|c|★dudman|hf
|
|start
|switch|p1a: Nidoqueen|Nidoqueen, F|362\/362
|switch|p2a: Nidoking|Nidoking, M|303\/303
|turn|1
|join|Cranham
|
|switch|p1a: Goodra|Goodra, M|338\/338
|move|p2a: Nidoking|Ice Beam|p1a: Goodra
|-supereffective|p1a: Goodra
|-damage|p1a: Goodra|143\/338
|
|turn|2
|c|+Cranham|stop using goodra ffs
|c|★dudman|banded goodra is love
|c|★dudman|banded goodra is life
|
|move|p2a: Nidoking|Ice Beam|p1a: Goodra
|-supereffective|p1a: Goodra
|-damage|p1a: Goodra|0 fnt
|faint|p1a: Goodra
|
|
|switch|p1a: Blastoise|Blastoise, F|347\/347
|turn|3
|
|switch|p2a: Whimsicott|Whimsicott, F|261\/261
|detailschange|p1a: Blastoise|Blastoise-Mega, F
|message|Blastoise has Mega Evolved into Mega Blastoise!
|move|p1a: Blastoise|Scald|p2a: Whimsicott
|-resisted|p2a: Whimsicott
|-damage|p2a: Whimsicott|152\/261
|
|-heal|p2a: Whimsicott|168\/261|[from] item: Leftovers
|turn|4
|c|+Cranham|>not using ice beam
|
|switch|p1a: Jirachi|Jirachi|404\/404
|move|p2a: Whimsicott|U-turn|p1a: Jirachi
|-damage|p1a: Jirachi|370\/404
|c|+Cranham|nerd
|
|switch|p2a: Chandelure|Chandelure, F|261\/261
|
|-heal|p1a: Jirachi|395\/404|[from] item: Leftovers
|turn|5
|
|switch|p1a: Hydreigon|Hydreigon, M|325\/325
|move|p2a: Chandelure|Fire Blast|p1a: Hydreigon
|-resisted|p1a: Hydreigon
|-damage|p1a: Hydreigon|147\/325
|
|turn|6
|
|switch|p2a: Whimsicott|Whimsicott, F|168\/261
|move|p1a: Hydreigon|Dark Pulse|p2a: Whimsicott
|-resisted|p2a: Whimsicott
|-damage|p2a: Whimsicott|78\/261
|
|-heal|p2a: Whimsicott|94\/261|[from] item: Leftovers
|turn|7
|
|switch|p1a: Jirachi|Jirachi|395\/404
|move|p2a: Whimsicott|U-turn|p1a: Jirachi
|-damage|p1a: Jirachi|359\/404
|
|switch|p2a: Chandelure|Chandelure, F|261\/261
|
|-heal|p1a: Jirachi|384\/404|[from] item: Leftovers
|turn|8
|
|move|p1a: Jirachi|Toxic|p2a: Chandelure|[miss]
|-miss|p1a: Jirachi|p2a: Chandelure
|move|p2a: Chandelure|Shadow Ball|p1a: Jirachi
|-supereffective|p1a: Jirachi
|-damage|p1a: Jirachi|0 fnt
|faint|p1a: Jirachi
|
|
|switch|p1a: Hydreigon|Hydreigon, M|147\/325
|turn|9
|
|switch|p2a: Whimsicott|Whimsicott, F|94\/261
|move|p1a: Hydreigon|Draco Meteor|p2a: Whimsicott
|-immune|p2a: Whimsicott|[msg]
|
|-heal|p2a: Whimsicott|110\/261|[from] item: Leftovers
|turn|10
|
|switch|p1a: Fletchinder|Fletchinder, M|291\/291
|move|p2a: Whimsicott|U-turn|p1a: Fletchinder
|-resisted|p1a: Fletchinder
|-damage|p1a: Fletchinder|277\/291
|
|switch|p2a: Suicune|Suicune|365\/365
|-ability|p2a: Suicune|Pressure
|
|turn|11
|
|switch|p1a: Blastoise|Blastoise-Mega, F|347\/347
|move|p2a: Suicune|Scald|p1a: Blastoise
|-resisted|p1a: Blastoise
|-damage|p1a: Blastoise|290\/347
|
|turn|12
|
|move|p2a: Suicune|Calm Mind|p2a: Suicune
|-boost|p2a: Suicune|spa|1
|-boost|p2a: Suicune|spd|1
|move|p1a: Blastoise|Dark Pulse|p2a: Suicune
|-damage|p2a: Suicune|264\/365
|
|-heal|p2a: Suicune|286\/365|[from] item: Leftovers
|turn|13
|
|move|p2a: Suicune|Calm Mind|p2a: Suicune
|-boost|p2a: Suicune|spa|1
|-boost|p2a: Suicune|spd|1
|move|p1a: Blastoise|Scald|p2a: Suicune
|-resisted|p2a: Suicune
|-damage|p2a: Suicune|250\/365
|
|-heal|p2a: Suicune|272\/365|[from] item: Leftovers
|turn|14
|
|move|p2a: Suicune|Substitute|p2a: Suicune
|-start|p2a: Suicune|Substitute
|-damage|p2a: Suicune|181\/365
|move|p1a: Blastoise|Dragon Pulse|p2a: Suicune
|-activate|p2a: Suicune|Substitute|[damage]
|
|-heal|p2a: Suicune|203\/365|[from] item: Leftovers
|turn|15
|
|move|p2a: Suicune|Scald|p1a: Blastoise
|-resisted|p1a: Blastoise
|-damage|p1a: Blastoise|185\/347
|-status|p1a: Blastoise|brn
|move|p1a: Blastoise|Dragon Pulse|p2a: Suicune
|-end|p2a: Suicune|Substitute
|
|-heal|p2a: Suicune|225\/365|[from] item: Leftovers
|-damage|p1a: Blastoise|142\/347 brn|[from] brn
|turn|16
|
|move|p2a: Suicune|Substitute|p2a: Suicune
|-start|p2a: Suicune|Substitute
|-damage|p2a: Suicune|134\/365
|move|p1a: Blastoise|Dragon Pulse|p2a: Suicune
|-activate|p2a: Suicune|Substitute|[damage]
|
|-heal|p2a: Suicune|156\/365|[from] item: Leftovers
|-damage|p1a: Blastoise|99\/347 brn|[from] brn
|turn|17
|join|so dynamic
|
|move|p2a: Suicune|Scald|p1a: Blastoise
|-resisted|p1a: Blastoise
|-damage|p1a: Blastoise|0 fnt
|faint|p1a: Blastoise
|
|-heal|p2a: Suicune|178\/365|[from] item: Leftovers
|
|switch|p1a: Hydreigon|Hydreigon, M|147\/325
|turn|18
|join|Adil
|join|Eyan
|
|move|p1a: Hydreigon|U-turn|p2a: Suicune
|-end|p2a: Suicune|Substitute
|c| Adil|#ClipTheToenail
|
|switch|p1a: Nidoqueen|Nidoqueen, F|362\/362
|move|p2a: Suicune|Substitute|p2a: Suicune
|-start|p2a: Suicune|Substitute
|-damage|p2a: Suicune|87\/365
|
|-heal|p2a: Suicune|109\/365|[from] item: Leftovers
|turn|19
|
|move|p2a: Suicune|Scald|p1a: Nidoqueen
|-supereffective|p1a: Nidoqueen
|-damage|p1a: Nidoqueen|0 fnt
|faint|p1a: Nidoqueen
|
|-heal|p2a: Suicune|131\/365|[from] item: Leftovers
|
|switch|p1a: Hydreigon|Hydreigon, M|147\/325
|turn|20
|
|move|p1a: Hydreigon|Draco Meteor|p2a: Suicune
|-crit|p2a: Suicune
|-end|p2a: Suicune|Substitute
|-unboost|p1a: Hydreigon|spa|2
|move|p2a: Suicune|Ice Beam|p1a: Hydreigon
|-supereffective|p1a: Hydreigon
|-damage|p1a: Hydreigon|0 fnt
|faint|p1a: Hydreigon
|
|-heal|p2a: Suicune|153\/365|[from] item: Leftovers
|
|switch|p1a: Fletchinder|Fletchinder, M|277\/291
|turn|21
|
|move|p1a: Fletchinder|Acrobatics|p2a: Suicune
|-damage|p2a: Suicune|17\/365
|move|p2a: Suicune|Scald|p1a: Fletchinder
|-supereffective|p1a: Fletchinder
|-damage|p1a: Fletchinder|0 fnt
|faint|p1a: Fletchinder
|
|win|dudman
|raw|Ladder updating...
|raw|hairy toenail's rating: 1657 &rarr; <strong>1633<\/strong><br \/>(-24 for losing)
|raw|dudman's rating: 1601 &rarr; <strong>1624<\/strong><br \/>(+23 for winning)
|c|★dudman|gg
|c|★hairy toenail|gg 
|leave|hairy toenail
|player|p1