|join|subzeromkx
|join|ThE0testing
|player|p1|subzeromkx|20
|player|p2|ThE0testing|162
|gametype|singles
|gen|6
|tier|OU
|rated
|clearpoke
|poke|p1|Breloom, M
|poke|p1|Gardevoir, M
|poke|p1|Thundurus, M
|poke|p1|Bisharp, F
|poke|p1|Latias, F
|poke|p1|Garchomp, M
|poke|p2|Lopunny, F
|poke|p2|Azumarill, M
|poke|p2|Azelf
|poke|p2|Bisharp, M
|poke|p2|Landorus, M
|poke|p2|Wobbuffet, F
|rule|Swagger Clause: Swagger is banned
|rule|Baton Pass Clause: Limit one Pokémon knowing Baton Pass
|rule|Sleep Clause Mod: Limit one foe put to sleep
|rule|Species Clause: Limit one of each Pokémon
|rule|OHKO Clause: OHKO moves are banned
|rule|Moody Clause: Moody is banned
|rule|Evasion Moves Clause: Evasion moves are banned
|rule|Endless Battle Clause: Forcing endless battles is banned
|rule|HP Percentage Mod: HP is shown in percentages
|teampreview
|
|start
|switch|p1a: Gardevoir|Gardevoir, M|314\/314
|switch|p2a: Azelf|Azelf|291\/291
|-ability|p1a: Gardevoir|Levitate|[from] ability: Trace|[of] p2a: Azelf
|turn|1
|
|detailschange|p1a: Gardevoir|Gardevoir-Mega, M
|-mega|p1a: Gardevoir|Gardevoir|Gardevoirite
|move|p2a: Azelf|Stealth Rock|p1a: Gardevoir
|-sidestart|p1: subzeromkx|move: Stealth Rock
|move|p1a: Gardevoir|Hyper Voice|p2a: Azelf
|-enditem|p2a: Azelf|Focus Sash
|-damage|p2a: Azelf|1\/291
|
|turn|2
|
|switch|p1a: Kisame|Garchomp, M|420\/420
|-damage|p1a: Kisame|394\/420|[from] Stealth Rock
|move|p2a: Azelf|Explosion|p1a: Kisame
|-crit|p1a: Kisame
|-damage|p1a: Kisame|87\/420
|faint|p2a: Azelf
|
|
|switch|p2a: Landorus|Landorus, M|319\/319
|turn|3
|
|move|p2a: Landorus|Sludge Wave|p1a: Kisame
|-resisted|p1a: Kisame
|-damage|p1a: Kisame|0 fnt
|faint|p1a: Kisame
|
|
|switch|p1a: Gardevoir|Gardevoir-Mega, M|314\/314
|-damage|p1a: Gardevoir|275\/314|[from] Stealth Rock
|turn|4
|
|move|p2a: Landorus|Earth Power|p1a: Gardevoir
|-damage|p1a: Gardevoir|61\/314
|move|p1a: Gardevoir|Hyper Voice|p2a: Landorus
|-damage|p2a: Landorus|16\/319
|
|turn|5
|
|move|p2a: Landorus|Earth Power|p1a: Gardevoir
|-damage|p1a: Gardevoir|0 fnt
|faint|p1a: Gardevoir
|
|
|switch|p1a: Breloom|Breloom, M|262\/262
|-damage|p1a: Breloom|246\/262|[from] Stealth Rock
|turn|6
|
|move|p1a: Breloom|Mach Punch|p2a: Landorus
|-resisted|p2a: Landorus
|-damage|p2a: Landorus|0 fnt
|-damage|p1a: Breloom|220\/262|[from] item: Life Orb
|faint|p2a: Landorus
|
|
|switch|p2a: Lopunny|Lopunny, F|271\/271
|turn|7
|
|switch|p1a: Thundurus|Thundurus, M|299\/299
|-damage|p1a: Thundurus|225\/299|[from] Stealth Rock
|detailschange|p2a: Lopunny|Lopunny-Mega, F
|-mega|p2a: Lopunny|Lopunny|Lopunnite
|move|p2a: Lopunny|Fake Out|p1a: Thundurus
|-damage|p1a: Thundurus|111\/299
|
|turn|8
|
|switch|p2a: Wobbuffet|Wobbuffet, F|534\/534
|move|p1a: Thundurus|Thunderbolt|p2a: Wobbuffet
|-crit|p2a: Wobbuffet
|-damage|p2a: Wobbuffet|191\/534
|-damage|p1a: Thundurus|82\/299|[from] item: Life Orb
|-enditem|p2a: Wobbuffet|Sitrus Berry|[eat]
|-heal|p2a: Wobbuffet|324\/534|[from] item: Sitrus Berry
|
|turn|9
|
|move|p1a: Thundurus|Thunderbolt|p2a: Wobbuffet
|-damage|p2a: Wobbuffet|110\/534
|-damage|p1a: Thundurus|53\/299|[from] item: Life Orb
|move|p2a: Wobbuffet|Safeguard|p2a: Wobbuffet
|-sidestart|p2: ThE0testing|Safeguard
|
|turn|10
|
|move|p1a: Thundurus|Thunderbolt|p2a: Wobbuffet
|-damage|p2a: Wobbuffet|0 fnt
|-damage|p1a: Thundurus|24\/299|[from] item: Life Orb
|faint|p2a: Wobbuffet
|
|
|switch|p2a: Lopunny|Lopunny-Mega, F|271\/271
|turn|11
|
|move|p2a: Lopunny|Frustration|p1a: Thundurus
|-damage|p1a: Thundurus|0 fnt
|faint|p1a: Thundurus
|
|
|switch|p1a: Breloom|Breloom, M|220\/262
|-damage|p1a: Breloom|204\/262|[from] Stealth Rock
|turn|12
|
|switch|p2a: Bisharp|Bisharp, M|271\/271
|move|p1a: Breloom|Mach Punch|p2a: Bisharp
|-supereffective|p2a: Bisharp
|-damage|p2a: Bisharp|0 fnt
|-damage|p1a: Breloom|178\/262|[from] item: Life Orb
|faint|p2a: Bisharp
|
|
|switch|p2a: Lopunny|Lopunny-Mega, F|271\/271
|turn|13
|
|switch|p1a: Latias|Latias, F|301\/301
|-damage|p1a: Latias|264\/301|[from] Stealth Rock
|move|p2a: Lopunny|Fake Out|p1a: Latias
|-damage|p1a: Latias|189\/301
|
|-sideend|p2: ThE0testing|Safeguard
|turn|14
|
|move|p2a: Lopunny|Frustration|p1a: Latias
|-damage|p1a: Latias|0 fnt
|faint|p1a: Latias
|
|
|switch|p1a: Breloom|Breloom, M|178\/262
|-damage|p1a: Breloom|162\/262|[from] Stealth Rock
|turn|15
|
|switch|p2a: Azumarill|Azumarill, M|364\/364
|move|p1a: Breloom|Mach Punch|p2a: Azumarill
|-resisted|p2a: Azumarill
|-damage|p2a: Azumarill|278\/364
|-damage|p1a: Breloom|136\/262|[from] item: Life Orb
|
|turn|16
|
|switch|p2a: Lopunny|Lopunny-Mega, F|271\/271
|move|p1a: Breloom|Bullet Seed|p2a: Lopunny
|-crit|p2a: Lopunny
|-damage|p2a: Lopunny|133\/271
|-damage|p2a: Lopunny|46\/271
|-hitcount|p2a: Lopunny|2
|-damage|p1a: Breloom|110\/262|[from] item: Life Orb
|
|turn|17
|
|switch|p1a: Bisharp|Bisharp, F|272\/272
|-damage|p1a: Bisharp|255\/272|[from] Stealth Rock
|move|p2a: Lopunny|Fake Out|p1a: Bisharp
|-resisted|p1a: Bisharp
|-damage|p1a: Bisharp|217\/272
|
|turn|18
|c|★ThE0testing|gg
|
|move|p2a: Lopunny|High Jump Kick|p1a: Bisharp
|-supereffective|p1a: Bisharp
|-damage|p1a: Bisharp|0 fnt
|faint|p1a: Bisharp
|
|-message|subzeromkx forfeited.
|
|win|ThE0testing
|raw|Ladder updating...
|leave|subzeromkx
|player|p1
|raw|subzeromkx's rating: 1689 &rarr; <strong>1667<\/strong><br \/>(-22 for losing)
|raw|ThE0testing's rating: 1659 &rarr; <strong>1681<\/strong><br \/>(+22 for winning)