|join|subzeromkx
|join|back in my life
|player|p1|subzeromkx|20
|player|p2|back in my life|137
|gametype|singles
|gen|6
|tier|OU
|rated
|clearpoke
|poke|p1|Garchomp, M
|poke|p1|Landorus, M
|poke|p1|Gardevoir, F, shiny
|poke|p1|Breloom, M
|poke|p1|Bisharp, M
|poke|p1|Latias, F
|poke|p2|Sableye, F
|poke|p2|Tentacruel, F
|poke|p2|Clefable, F
|poke|p2|Skarmory, M
|poke|p2|Chansey, F
|poke|p2|Chesnaught, M
|rule|Swagger Clause: Swagger is banned
|rule|Baton Pass Clause: Limit one Pokémon knowing Baton Pass
|rule|Sleep Clause Mod: Limit one foe put to sleep
|rule|Species Clause: Limit one of each Pokémon
|rule|OHKO Clause: OHKO moves are banned
|rule|Moody Clause: Moody is banned
|rule|Evasion Moves Clause: Evasion moves are banned
|rule|Endless Battle Clause: Forcing endless battles is banned
|rule|HP Percentage Mod: HP is shown in percentages
|teampreview
|join|TheUberTherian
|
|start
|switch|p1a: Hilda|Gardevoir, F, shiny|314\/314
|switch|p2a: Sableye|Sableye, F|303\/303
|-ability|p1a: Hilda|Prankster|[from] ability: Trace|[of] p2a: Sableye
|turn|1
|
|switch|p2a: Tentacruel|Tentacruel, F|363\/363
|detailschange|p1a: Hilda|Gardevoir-Mega, F, shiny
|-mega|p1a: Hilda|Gardevoir|Gardevoirite
|move|p1a: Hilda|Hyper Voice|p2a: Tentacruel
|-resisted|p2a: Tentacruel
|-damage|p2a: Tentacruel|273\/363
|
|-heal|p2a: Tentacruel|295\/363|[from] item: Black Sludge
|turn|2
|
|switch|p2a: Chansey|Chansey, F|703\/703
|move|p1a: Hilda|Psyshock|p2a: Chansey
|-damage|p2a: Chansey|447\/703
|
|turn|3
|
|move|p1a: Hilda|Taunt|p2a: Chansey
|-start|p2a: Chansey|move: Taunt
|cant|p2a: Chansey|move: Taunt|Soft-Boiled
|
|turn|4
|leave|back in my life
|player|p2
|c| TheUberTherian|Rekt
|c| TheUberTherian|XD
|c| TheUberTherian|LOL
|c| TheUberTherian|the ragequit
|c| TheUberTherian|grats zero
|c| TheUberTherian|LOL
|c| TheUberTherian|LOL
|c| TheUberTherian|free wins
|c|★subzeromkx|dunno how much I get
|c|★subzeromkx|from this
|c| TheUberTherian|he is kinda high
|c|★subzeromkx|I hope so
|c| TheUberTherian|yea
|c| TheUberTherian|hes 1667
|c|★subzeromkx|probably 9
|c|★subzeromkx|or 10
|c| TheUberTherian|no 11
|c| TheUberTherian|:$
|c|★subzeromkx|stall is a free win for me
|c| TheUberTherian|yea
|c| TheUberTherian|xD
|-message|backinmylife lost due to inactivity.
|
|win|subzeromkx
|raw|Ladder updating...
|raw|subzeromkx's rating: 1805 &rarr; <strong>1817<\/strong><br \/>(+12 for winning)
|raw|back in my life's rating: 1667 &rarr; <strong>1655<\/strong><br \/>(-12 for losing)
|c|★subzeromkx|yay!
|c| TheUberTherian|grats
|c| TheUberTherian|XD