|join|Neo AE
|join|Dark_382
|player|p1|Neo AE|153
|player|p2|Dark_382|102
|gametype|singles
|gen|6
|tier|OU
|rated
|clearpoke
|poke|p1|Venusaur, M
|poke|p1|Clefable, F
|poke|p1|Heatran, F
|poke|p1|Mandibuzz, F
|poke|p1|Azumarill, F
|poke|p1|Landorus, M
|poke|p2|Tyranitar, M
|poke|p2|Excadrill, F
|poke|p2|Manectric, F
|poke|p2|Talonflame, F
|poke|p2|Dragonite, F
|poke|p2|Mamoswine, F
|rule|Swagger Clause: Swagger is banned
|rule|Baton Pass Clause: Limit one Pokémon knowing Baton Pass
|rule|Sleep Clause Mod: Limit one foe put to sleep
|rule|Species Clause: Limit one of each Pokémon
|rule|OHKO Clause: OHKO moves are banned
|rule|Moody Clause: Moody is banned
|rule|Evasion Moves Clause: Evasion moves are banned
|rule|Endless Battle Clause: Forcing endless battles is banned
|rule|HP Percentage Mod: HP is reported as percentages
|teampreview
|
|start
|switch|p1a: Venusaur|Venusaur, M|363\/363
|switch|p2a: Tyranitar|Tyranitar, M|341\/341
|-weather|Sandstorm
|turn|1
|
|switch|p2a: Talonflame|Talonflame, F|298\/298
|detailschange|p1a: Venusaur|Venusaur-Mega, M
|message|Venusaur has Mega Evolved into Mega Venusaur!
|move|p1a: Venusaur|Sleep Powder|p2a: Talonflame
|-status|p2a: Talonflame|slp
|
|-weather|Sandstorm|[upkeep]
|-damage|p2a: Talonflame|280\/298 slp|[from] sandstorm
|-damage|p1a: Venusaur|341\/363|[from] sandstorm
|turn|2
|-message|Dark_382 forfeited.
|
|win|Neo AE
|raw|Ladder updating...
|leave|Dark_382
|player|p2
|raw|Neo AE's rating: 1810 &rarr; <strong>1820<\/strong><br \/>(+10 for winning)
|raw|Dark_382's rating: 1621 &rarr; <strong>1611<\/strong><br \/>(-10 for losing)