|join|TCMK
|join|Bacon and Blissey
|player|p1|TCMK|153
|player|p2|Bacon and Blissey|101
|gametype|singles
|gen|6
|tier|OU
|rated
|clearpoke
|poke|p1|Skarmory, M
|poke|p1|Chansey, F
|poke|p1|Mawile, F, shiny
|poke|p1|Quagsire, M
|poke|p1|Slowbro, M
|poke|p1|Latias, F, shiny
|poke|p2|Pinsir, M
|poke|p2|Keldeo
|poke|p2|Magnezone
|poke|p2|Talonflame, F
|poke|p2|Mamoswine, F
|poke|p2|Latias, F
|rule|Swagger Clause: Swagger is banned
|rule|Baton Pass Clause: Limit one Pokémon knowing Baton Pass
|rule|Sleep Clause Mod: Limit one foe put to sleep
|rule|Species Clause: Limit one of each Pokémon
|rule|OHKO Clause: OHKO moves are banned
|rule|Moody Clause: Moody is banned
|rule|Evasion Moves Clause: Evasion moves are banned
|rule|Endless Battle Clause: Forcing endless battles is banned
|rule|HP Percentage Mod: HP is reported as percentages
|teampreview
|
|start
|switch|p1a: manbearpig|Slowbro, M|393\/393
|switch|p2a: Mamoswine|Mamoswine, F|361\/361
|turn|1
|
|move|p2a: Mamoswine|Freeze-Dry|p1a: manbearpig
|-supereffective|p1a: manbearpig
|-damage|p1a: manbearpig|253\/393
|-status|p1a: manbearpig|frz
|-curestatus|p1a: manbearpig|frz
|move|p1a: manbearpig|Scald|p2a: Mamoswine
|-supereffective|p2a: Mamoswine
|-damage|p2a: Mamoswine|47\/361
|
|-heal|p1a: manbearpig|277\/393|[from] item: Leftovers
|turn|2
|chat|TCMK|you do realize
|chat|TCMK|you need lo for that to be effective tho
|chat|TCMK|right? lool
|
|move|p2a: Mamoswine|Stealth Rock|p1a: manbearpig
|-sidestart|p1: TCMK|move: Stealth Rock
|move|p1a: manbearpig|Scald|p2a: Mamoswine
|-supereffective|p2a: Mamoswine
|-damage|p2a: Mamoswine|0 fnt
|faint|p2a: Mamoswine
|
|-heal|p1a: manbearpig|301\/393|[from] item: Leftovers
|
|switch|p2a: Magnezone|Magnezone|282\/282
|turn|3
|
|switch|p1a: LOLNAAAAAAH|Latias, F, shiny|363\/363
|-damage|p1a: LOLNAAAAAAH|318\/363|[from] Stealth Rock
|move|p2a: Magnezone|Volt Switch|p1a: LOLNAAAAAAH
|-resisted|p1a: LOLNAAAAAAH
|-damage|p1a: LOLNAAAAAAH|266\/363
|
|switch|p2a: Talonflame|Talonflame, F|298\/298
|
|-heal|p1a: LOLNAAAAAAH|288\/363|[from] item: Leftovers
|turn|4
|
|move|p2a: Talonflame|U-turn|p1a: LOLNAAAAAAH
|-supereffective|p1a: LOLNAAAAAAH
|-damage|p1a: LOLNAAAAAAH|138\/363
|
|switch|p2a: Magnezone|Magnezone|282\/282
|move|p1a: LOLNAAAAAAH|Defog|p2a: Magnezone
|-unboost|p2a: Magnezone|evasion|1
|-sideend|p1: TCMK|Stealth Rock|[from] move: Defog|[of] p1a: LOLNAAAAAAH
|
|-heal|p1a: LOLNAAAAAAH|160\/363|[from] item: Leftovers
|turn|5
|
|move|p2a: Magnezone|Flash Cannon|p1a: LOLNAAAAAAH
|-damage|p1a: LOLNAAAAAAH|48\/363
|move|p1a: LOLNAAAAAAH|Roost|p1a: LOLNAAAAAAH
|-heal|p1a: LOLNAAAAAAH|230\/363
|
|-heal|p1a: LOLNAAAAAAH|252\/363|[from] item: Leftovers
|turn|6
|
|switch|p2a: Latias|Latias, F|319\/319
|switch|p1a: Fallon|Chansey, F|703\/703
|
|turn|7
|
|switch|p2a: Keldeo|Keldeo|323\/323
|move|p1a: Fallon|Toxic|p2a: Keldeo
|-status|p2a: Keldeo|tox
|
|-damage|p2a: Keldeo|303\/323 tox|[from] psn
|turn|8
|
|switch|p2a: Pinsir|Pinsir, M|271\/271
|switch|p1a: LOLNAAAAAAH|Latias, F, shiny|252\/363
|
|-heal|p1a: LOLNAAAAAAH|274\/363|[from] item: Leftovers
|turn|9
|
|switch|p1a: Medusa|Mawile, F, shiny|304\/304
|-ability|p1a: Medusa|Intimidate|[of] p2a: Pinsir
|-unboost|p2a: Pinsir|atk|1
|detailschange|p2a: Pinsir|Pinsir-Mega, M
|message|Pinsir has Mega Evolved into Mega Pinsir!
|move|p2a: Pinsir|Swords Dance|p2a: Pinsir
|-boost|p2a: Pinsir|atk|2
|
|turn|10
|
|switch|p1a: manbearpig|Slowbro, M|393\/393
|move|p2a: Pinsir|Earthquake|p1a: manbearpig
|-damage|p1a: manbearpig|265\/393
|
|-heal|p1a: manbearpig|289\/393|[from] item: Leftovers
|turn|11
|
|move|p2a: Pinsir|Frustration|p1a: manbearpig
|-damage|p1a: manbearpig|3\/393
|move|p1a: manbearpig|Toxic|p2a: Pinsir
|-status|p2a: Pinsir|tox
|
|-heal|p1a: manbearpig|27\/393|[from] item: Leftovers
|-damage|p2a: Pinsir|255\/271 tox|[from] psn
|turn|12
|
|switch|p1a: whirld wind|Skarmory, M|333\/333
|move|p2a: Pinsir|Frustration|p1a: whirld wind
|-resisted|p1a: whirld wind
|-damage|p1a: whirld wind|217\/333
|
|-heal|p1a: whirld wind|237\/333|[from] item: Leftovers
|-damage|p2a: Pinsir|223\/271 tox|[from] psn
|turn|13
|
|switch|p2a: Magnezone|Magnezone|282\/282
|switch|p1a: checkers>chess|Quagsire, M|394\/394
|
|turn|14
|
|switch|p1a: Fallon|Chansey, F|703\/703
|move|p2a: Magnezone|Flash Cannon|p1a: Fallon
|-damage|p1a: Fallon|625\/703
|
|turn|15
|
|switch|p2a: Keldeo|Keldeo|303\/323 tox
|move|p1a: Fallon|Toxic|p2a: Keldeo
|-fail|p2a: Keldeo|tox
|
|-damage|p2a: Keldeo|283\/323 tox|[from] psn
|turn|16
|
|switch|p1a: LOLNAAAAAAH|Latias, F, shiny|274\/363
|move|p2a: Keldeo|Scald|p1a: LOLNAAAAAAH
|-resisted|p1a: LOLNAAAAAAH
|-damage|p1a: LOLNAAAAAAH|198\/363
|
|-heal|p1a: LOLNAAAAAAH|220\/363|[from] item: Leftovers
|-damage|p2a: Keldeo|243\/323 tox|[from] psn
|turn|17
|
|switch|p2a: Magnezone|Magnezone|282\/282
|move|p1a: LOLNAAAAAAH|Psyshock|p2a: Magnezone
|-resisted|p2a: Magnezone
|-damage|p2a: Magnezone|236\/282
|
|-heal|p1a: LOLNAAAAAAH|242\/363|[from] item: Leftovers
|turn|18
|
|move|p2a: Magnezone|Volt Switch|p1a: LOLNAAAAAAH
|-resisted|p1a: LOLNAAAAAAH
|-damage|p1a: LOLNAAAAAAH|196\/363
|
|switch|p2a: Latias|Latias, F|319\/319
|move|p1a: LOLNAAAAAAH|Roost|p1a: LOLNAAAAAAH
|-heal|p1a: LOLNAAAAAAH|363\/363
|
|turn|19
|
|switch|p1a: Medusa|Mawile, F, shiny|304\/304
|-ability|p1a: Medusa|Intimidate|[of] p2a: Latias
|-unboost|p2a: Latias|atk|1
|move|p2a: Latias|Draco Meteor|p1a: Medusa
|-immune|p1a: Medusa|[msg]
|
|turn|20
|
|switch|p2a: Keldeo|Keldeo|243\/323 tox
|detailschange|p1a: Medusa|Mawile-Mega, F, shiny
|message|Mawile has Mega Evolved into Mega Mawile!
|move|p1a: Medusa|Power-Up Punch|p2a: Keldeo
|-damage|p2a: Keldeo|173\/323 tox
|-boost|p1a: Medusa|atk|1
|
|-damage|p2a: Keldeo|153\/323 tox|[from] psn
|turn|21
|
|switch|p1a: LOLNAAAAAAH|Latias, F, shiny|363\/363
|move|p2a: Keldeo|Scald|p1a: LOLNAAAAAAH
|-resisted|p1a: LOLNAAAAAAH
|-damage|p1a: LOLNAAAAAAH|273\/363
|
|-heal|p1a: LOLNAAAAAAH|295\/363|[from] item: Leftovers
|-damage|p2a: Keldeo|113\/323 tox|[from] psn
|turn|22
|
|move|p2a: Keldeo|Scald|p1a: LOLNAAAAAAH
|-resisted|p1a: LOLNAAAAAAH
|-damage|p1a: LOLNAAAAAAH|208\/363
|move|p1a: LOLNAAAAAAH|Psyshock|p2a: Keldeo
|-supereffective|p2a: Keldeo
|-damage|p2a: Keldeo|0 fnt
|faint|p2a: Keldeo
|
|-heal|p1a: LOLNAAAAAAH|230\/363|[from] item: Leftovers
|
|switch|p2a: Latias|Latias, F|319\/319
|turn|23
|
|switch|p2a: Pinsir|Pinsir-Mega, M|223\/271 tox
|switch|p1a: Medusa|Mawile-Mega, F, shiny|304\/304
|
|-damage|p2a: Pinsir|207\/271 tox|[from] psn
|turn|24
|
|move|p2a: Pinsir|Earthquake|p1a: Medusa
|-supereffective|p1a: Medusa
|-damage|p1a: Medusa|98\/304
|move|p1a: Medusa|Play Rough|p2a: Pinsir
|-damage|p2a: Pinsir|23\/271 tox
|-unboost|p2a: Pinsir|atk|1
|
|-damage|p2a: Pinsir|0 fnt|[from] psn
|faint|p2a: Pinsir
|-message|Bacon and Blissey forfeited.
|
|win|TCMK
|raw|Ladder updating...
|leave|Bacon and Blissey
|player|p2
|raw|TCMK's rating: 1679 &rarr; <strong>1700<\/strong><br \/>(+21 for winning)
|raw|Bacon and Blissey's rating: 1702 &rarr; <strong>1680<\/strong><br \/>(-22 for losing)