|join|TCMK
|join|Ethan700
|player|p1|TCMK|153
|player|p2|Ethan700|1
|gametype|singles
|gen|6
|tier|OU
|rated
|clearpoke
|poke|p1|Skarmory, M
|poke|p1|Chansey, F
|poke|p1|Mawile, F, shiny
|poke|p1|Quagsire, M
|poke|p1|Slowbro, M
|poke|p1|Latias, F, shiny
|poke|p2|Heracross, M
|poke|p2|Nidoking, M
|poke|p2|Aromatisse, F
|poke|p2|Mew
|poke|p2|Victini
|poke|p2|Porygon2
|rule|Swagger Clause: Swagger is banned
|rule|Baton Pass Clause: Limit one Pokémon knowing Baton Pass
|rule|Sleep Clause Mod: Limit one foe put to sleep
|rule|Species Clause: Limit one of each Pokémon
|rule|OHKO Clause: OHKO moves are banned
|rule|Moody Clause: Moody is banned
|rule|Evasion Moves Clause: Evasion moves are banned
|rule|Endless Battle Clause: Forcing endless battles is banned
|rule|HP Percentage Mod: HP is reported as percentages
|teampreview
|chat|Ethan700|gl,hf
|
|start
|switch|p1a: manbearpig|Slowbro, M|393\/393
|switch|p2a: Victini|Victini|341\/341
|turn|1
|
|move|p2a: Victini|U-turn|p1a: manbearpig
|-supereffective|p1a: manbearpig
|-damage|p1a: manbearpig|255\/393
|
|switch|p2a: Mew|Mew|404\/404
|move|p1a: manbearpig|Toxic|p2a: Mew|[miss]
|-miss|p1a: manbearpig|p2a: Mew
|
|-heal|p1a: manbearpig|279\/393|[from] item: Leftovers
|turn|2
|
|move|p2a: Mew|Stealth Rock|p1a: manbearpig
|-sidestart|p1: TCMK|move: Stealth Rock
|move|p1a: manbearpig|Scald|p2a: Mew
|-damage|p2a: Mew|338\/404
|
|-heal|p2a: Mew|363\/404|[from] item: Leftovers
|-heal|p1a: manbearpig|303\/393|[from] item: Leftovers
|turn|3
|
|switch|p2a: Aromatisse|Aromatisse, F|406\/406
|move|p1a: manbearpig|Scald|p2a: Aromatisse
|-damage|p2a: Aromatisse|331\/406
|-status|p2a: Aromatisse|brn
|
|-heal|p1a: manbearpig|327\/393|[from] item: Leftovers
|-heal|p2a: Aromatisse|356\/406 brn|[from] item: Leftovers
|-damage|p2a: Aromatisse|306\/406 brn|[from] brn
|turn|4
|
|switch|p1a: Medusa|Mawile, F, shiny|304\/304
|-damage|p1a: Medusa|285\/304|[from] Stealth Rock
|-ability|p1a: Medusa|Intimidate|[of] p2a: Aromatisse
|-unboost|p2a: Aromatisse|atk|1
|move|p2a: Aromatisse|Aromatherapy|p2a: Aromatisse
|-cureteam|p2a: Aromatisse|[from] move: Aromatherapy
|
|-heal|p2a: Aromatisse|331\/406|[from] item: Leftovers
|turn|5
|
|switch|p2a: Mew|Mew|363\/404
|detailschange|p1a: Medusa|Mawile-Mega, F, shiny
|message|Mawile has Mega Evolved into Mega Mawile!
|move|p1a: Medusa|Play Rough|p2a: Mew
|-damage|p2a: Mew|155\/404
|
|-heal|p2a: Mew|180\/404|[from] item: Leftovers
|turn|6
|
|move|p2a: Mew|Will-O-Wisp|p1a: Medusa
|-status|p1a: Medusa|brn
|move|p1a: Medusa|Power-Up Punch|p2a: Mew
|-resisted|p2a: Mew
|-damage|p2a: Mew|163\/404
|-boost|p1a: Medusa|atk|1
|
|-heal|p2a: Mew|188\/404|[from] item: Leftovers
|-damage|p1a: Medusa|247\/304 brn|[from] brn
|turn|7
|
|move|p2a: Mew|Roost|p2a: Mew
|-heal|p2a: Mew|390\/404
|move|p1a: Medusa|Rest|p1a: Medusa
|-status|p1a: Medusa|slp
|-heal|p1a: Medusa|304\/304 slp|[silent]
|-status|p1a: Medusa|slp|[from] move: Rest
|
|-heal|p2a: Mew|404\/404|[from] item: Leftovers
|turn|8
|
|switch|p2a: Victini|Victini|341\/341
|cant|p1a: Medusa|slp
|move|p1a: Medusa|Sleep Talk|p1a: Medusa
|move|p1a: Medusa|Rest|p1a: Medusa|[from]Sleep Talk
|-fail|p1a: Medusa
|
|turn|9
|
|switch|p1a: manbearpig|Slowbro, M|393\/393
|-damage|p1a: manbearpig|344\/393|[from] Stealth Rock
|move|p2a: Victini|Bolt Strike|p1a: manbearpig
|-supereffective|p1a: manbearpig
|-damage|p1a: manbearpig|62\/393
|
|-heal|p1a: manbearpig|86\/393|[from] item: Leftovers
|turn|10
|
|switch|p2a: Porygon2|Porygon2|374\/374
|-ability|p2a: Porygon2|Regenerator|[from] ability: Trace|[of] p1a: manbearpig
|switch|p1a: checkers>chess|Quagsire, M|394\/394
|-damage|p1a: checkers>chess|370\/394|[from] Stealth Rock
|
|-heal|p1a: checkers>chess|394\/394|[from] item: Leftovers
|turn|11
|
|switch|p1a: Medusa|Mawile-Mega, F, shiny|304\/304 slp
|-damage|p1a: Medusa|285\/304 slp|[from] Stealth Rock
|move|p2a: Porygon2|Toxic|p1a: Medusa
|-fail|p1a: Medusa
|
|turn|12
|
|switch|p2a: Victini|Victini|341\/341
|cant|p1a: Medusa|slp
|move|p1a: Medusa|Sleep Talk|p1a: Medusa
|move|p1a: Medusa|Play Rough|p2a: Victini|[from]Sleep Talk
|-resisted|p2a: Victini
|-damage|p2a: Victini|226\/341
|
|turn|13
|
|switch|p1a: checkers>chess|Quagsire, M|394\/394
|-damage|p1a: checkers>chess|370\/394|[from] Stealth Rock
|move|p2a: Victini|V-create|p1a: checkers>chess
|-resisted|p1a: checkers>chess
|-damage|p1a: checkers>chess|218\/394
|-unboost|p2a: Victini|def|1
|-unboost|p2a: Victini|spd|1
|-unboost|p2a: Victini|spe|1
|
|-heal|p1a: checkers>chess|242\/394|[from] item: Leftovers
|turn|14
|
|switch|p2a: Mew|Mew|404\/404
|move|p1a: checkers>chess|Recover|p1a: checkers>chess
|-heal|p1a: checkers>chess|394\/394
|
|turn|15
|
|switch|p1a: Medusa|Mawile-Mega, F, shiny|285\/304 slp
|-damage|p1a: Medusa|266\/304 slp|[from] Stealth Rock
|move|p2a: Mew|Will-O-Wisp|p1a: Medusa|[miss]
|-miss|p2a: Mew|p1a: Medusa
|
|turn|16
|
|switch|p2a: Victini|Victini|226\/341
|-curestatus|p1a: Medusa|slp
|move|p1a: Medusa|Power-Up Punch|p2a: Victini
|-resisted|p2a: Victini
|-damage|p2a: Victini|193\/341
|-boost|p1a: Medusa|atk|1
|
|turn|17
|
|switch|p1a: checkers>chess|Quagsire, M|394\/394
|-damage|p1a: checkers>chess|370\/394|[from] Stealth Rock
|move|p2a: Victini|V-create|p1a: checkers>chess
|-resisted|p1a: checkers>chess
|-damage|p1a: checkers>chess|205\/394
|-unboost|p2a: Victini|def|1
|-unboost|p2a: Victini|spd|1
|-unboost|p2a: Victini|spe|1
|
|-heal|p1a: checkers>chess|229\/394|[from] item: Leftovers
|turn|18
|
|switch|p2a: Aromatisse|Aromatisse, F|331\/406
|move|p1a: checkers>chess|Recover|p1a: checkers>chess
|-heal|p1a: checkers>chess|394\/394
|
|-heal|p2a: Aromatisse|356\/406|[from] item: Leftovers
|turn|19
|
|move|p1a: checkers>chess|Toxic|p2a: Aromatisse
|-status|p2a: Aromatisse|tox
|move|p2a: Aromatisse|Wish|p2a: Aromatisse
|
|-heal|p2a: Aromatisse|381\/406 tox|[from] item: Leftovers
|-damage|p2a: Aromatisse|356\/406 tox|[from] psn
|turn|20
|
|switch|p1a: Medusa|Mawile-Mega, F, shiny|266\/304
|-damage|p1a: Medusa|247\/304|[from] Stealth Rock
|move|p2a: Aromatisse|Aromatherapy|p2a: Aromatisse
|-cureteam|p2a: Aromatisse|[from] move: Aromatherapy
|
|-heal|p2a: Aromatisse|406\/406|[from] move: Wish|[wisher] Aromatisse
|turn|21
|
|switch|p2a: Mew|Mew|404\/404
|move|p1a: Medusa|Play Rough|p2a: Mew
|-damage|p2a: Mew|175\/404
|
|-heal|p2a: Mew|200\/404|[from] item: Leftovers
|turn|22
|
|move|p2a: Mew|Will-O-Wisp|p1a: Medusa|[miss]
|-miss|p2a: Mew|p1a: Medusa
|move|p1a: Medusa|Rest|p1a: Medusa
|-status|p1a: Medusa|slp
|-heal|p1a: Medusa|304\/304 slp|[silent]
|-status|p1a: Medusa|slp|[from] move: Rest
|
|-heal|p2a: Mew|225\/404|[from] item: Leftovers
|turn|23
|
|switch|p2a: Aromatisse|Aromatisse, F|406\/406
|cant|p1a: Medusa|slp
|move|p1a: Medusa|Sleep Talk|p1a: Medusa
|move|p1a: Medusa|Play Rough|p2a: Aromatisse|[from]Sleep Talk
|-damage|p2a: Aromatisse|136\/406
|-unboost|p2a: Aromatisse|atk|1
|
|-heal|p2a: Aromatisse|161\/406|[from] item: Leftovers
|turn|24
|
|cant|p1a: Medusa|slp
|move|p1a: Medusa|Sleep Talk|p1a: Medusa
|move|p1a: Medusa|Play Rough|p2a: Aromatisse|[from]Sleep Talk|[miss]
|-miss|p1a: Medusa|p2a: Aromatisse
|move|p2a: Aromatisse|Wish|p2a: Aromatisse
|
|-heal|p2a: Aromatisse|186\/406|[from] item: Leftovers
|turn|25
|
|switch|p2a: Victini|Victini|193\/341
|-curestatus|p1a: Medusa|slp
|move|p1a: Medusa|Play Rough|p2a: Victini
|-resisted|p2a: Victini
|-damage|p2a: Victini|78\/341
|
|-heal|p2a: Victini|281\/341|[from] move: Wish|[wisher] Aromatisse
|turn|26
|
|switch|p1a: checkers>chess|Quagsire, M|394\/394
|-damage|p1a: checkers>chess|370\/394|[from] Stealth Rock
|move|p2a: Victini|U-turn|p1a: checkers>chess
|-damage|p1a: checkers>chess|284\/394
|
|switch|p2a: Aromatisse|Aromatisse, F|186\/406
|
|-heal|p1a: checkers>chess|308\/394|[from] item: Leftovers
|-heal|p2a: Aromatisse|211\/406|[from] item: Leftovers
|turn|27
|
|move|p1a: checkers>chess|Recover|p1a: checkers>chess
|-heal|p1a: checkers>chess|394\/394
|move|p2a: Aromatisse|Wish|p2a: Aromatisse
|
|-heal|p2a: Aromatisse|236\/406|[from] item: Leftovers
|turn|28
|
|switch|p1a: Medusa|Mawile-Mega, F, shiny|304\/304
|-damage|p1a: Medusa|285\/304|[from] Stealth Rock
|switch|p2a: Victini|Victini|281\/341
|
|-heal|p2a: Victini|341\/341|[from] move: Wish|[wisher] Aromatisse
|turn|29
|
|switch|p1a: checkers>chess|Quagsire, M|394\/394
|-damage|p1a: checkers>chess|370\/394|[from] Stealth Rock
|move|p2a: Victini|V-create|p1a: checkers>chess
|-resisted|p1a: checkers>chess
|-damage|p1a: checkers>chess|205\/394
|-unboost|p2a: Victini|def|1
|-unboost|p2a: Victini|spd|1
|-unboost|p2a: Victini|spe|1
|
|-heal|p1a: checkers>chess|229\/394|[from] item: Leftovers
|turn|30
|
|switch|p2a: Aromatisse|Aromatisse, F|236\/406
|move|p1a: checkers>chess|Recover|p1a: checkers>chess
|-heal|p1a: checkers>chess|394\/394
|
|-heal|p2a: Aromatisse|261\/406|[from] item: Leftovers
|turn|31
|
|switch|p1a: Medusa|Mawile-Mega, F, shiny|285\/304
|-damage|p1a: Medusa|266\/304|[from] Stealth Rock
|move|p2a: Aromatisse|Wish|p2a: Aromatisse
|
|-heal|p2a: Aromatisse|286\/406|[from] item: Leftovers
|turn|32
|
|switch|p2a: Mew|Mew|225\/404
|move|p1a: Medusa|Play Rough|p2a: Mew
|-damage|p2a: Mew|8\/404
|
|-heal|p2a: Mew|211\/404|[from] move: Wish|[wisher] Aromatisse
|-heal|p2a: Mew|236\/404|[from] item: Leftovers
|turn|33
|
|move|p2a: Mew|Will-O-Wisp|p1a: Medusa
|-status|p1a: Medusa|brn
|move|p1a: Medusa|Rest|p1a: Medusa
|-status|p1a: Medusa|slp
|-heal|p1a: Medusa|304\/304 slp|[silent]
|-status|p1a: Medusa|slp|[from] move: Rest
|
|-heal|p2a: Mew|261\/404|[from] item: Leftovers
|turn|34
|
|switch|p2a: Victini|Victini|341\/341
|cant|p1a: Medusa|slp
|move|p1a: Medusa|Sleep Talk|p1a: Medusa
|move|p1a: Medusa|Play Rough|p2a: Victini|[from]Sleep Talk
|-resisted|p2a: Victini
|-damage|p2a: Victini|236\/341
|
|turn|35
|
|switch|p1a: checkers>chess|Quagsire, M|394\/394
|-damage|p1a: checkers>chess|370\/394|[from] Stealth Rock
|move|p2a: Victini|U-turn|p1a: checkers>chess
|-damage|p1a: checkers>chess|285\/394
|
|switch|p2a: Aromatisse|Aromatisse, F|286\/406
|
|-heal|p1a: checkers>chess|309\/394|[from] item: Leftovers
|-heal|p2a: Aromatisse|311\/406|[from] item: Leftovers
|turn|36
|
|move|p1a: checkers>chess|Earthquake|p2a: Aromatisse
|-damage|p2a: Aromatisse|173\/406
|move|p2a: Aromatisse|Wish|p2a: Aromatisse
|
|-heal|p1a: checkers>chess|333\/394|[from] item: Leftovers
|-heal|p2a: Aromatisse|198\/406|[from] item: Leftovers
|turn|37
|
|switch|p2a: Victini|Victini|236\/341
|move|p1a: checkers>chess|Toxic|p2a: Victini
|-status|p2a: Victini|tox
|
|-heal|p2a: Victini|341\/341 tox|[from] move: Wish|[wisher] Aromatisse
|-heal|p1a: checkers>chess|357\/394|[from] item: Leftovers
|-damage|p2a: Victini|320\/341 tox|[from] psn
|turn|38
|
|move|p2a: Victini|U-turn|p1a: checkers>chess
|-damage|p1a: checkers>chess|267\/394
|
|switch|p2a: Mew|Mew|261\/404
|move|p1a: checkers>chess|Earthquake|p2a: Mew
|-damage|p2a: Mew|165\/404
|
|-heal|p2a: Mew|190\/404|[from] item: Leftovers
|-heal|p1a: checkers>chess|291\/394|[from] item: Leftovers
|turn|39
|
|move|p2a: Mew|Roost|p2a: Mew
|-heal|p2a: Mew|392\/404
|move|p1a: checkers>chess|Recover|p1a: checkers>chess
|-heal|p1a: checkers>chess|394\/394
|
|-heal|p2a: Mew|404\/404|[from] item: Leftovers
|turn|40
|
|switch|p1a: Medusa|Mawile-Mega, F, shiny|304\/304 slp
|-damage|p1a: Medusa|285\/304 slp|[from] Stealth Rock
|move|p2a: Mew|Will-O-Wisp|p1a: Medusa
|-fail|p1a: Medusa
|
|turn|41
|
|switch|p2a: Nidoking|Nidoking, M|304\/304
|cant|p1a: Medusa|slp
|move|p1a: Medusa|Sleep Talk|p1a: Medusa
|move|p1a: Medusa|Rest|p1a: Medusa|[from]Sleep Talk
|-fail|p1a: Medusa
|
|turn|42
|
|switch|p1a: LOLNAAAAAAH|Latias, F, shiny|363\/363
|-damage|p1a: LOLNAAAAAAH|318\/363|[from] Stealth Rock
|move|p2a: Nidoking|Ice Beam|p1a: LOLNAAAAAAH
|-supereffective|p1a: LOLNAAAAAAH
|-damage|p1a: LOLNAAAAAAH|110\/363
|
|-heal|p1a: LOLNAAAAAAH|132\/363|[from] item: Leftovers
|turn|43
|
|switch|p1a: Fallon|Chansey, F|703\/703
|-damage|p1a: Fallon|616\/703|[from] Stealth Rock
|switch|p2a: Mew|Mew|404\/404
|
|turn|44
|
|switch|p2a: Heracross|Heracross, M|302\/302
|move|p1a: Fallon|Toxic|p2a: Heracross
|-status|p2a: Heracross|tox
|
|-damage|p2a: Heracross|284\/302 tox|[from] psn
|turn|45
|
|switch|p1a: manbearpig|Slowbro, M|217\/393
|-damage|p1a: manbearpig|168\/393|[from] Stealth Rock
|move|p2a: Heracross|Knock Off|p1a: manbearpig
|-supereffective|p1a: manbearpig
|-damage|p1a: manbearpig|4\/393
|-enditem|p1a: manbearpig|Leftovers|[from] move: Knock Off|[of] p2a: Heracross
|
|-damage|p2a: Heracross|248\/302 tox|[from] psn
|turn|46
|
|switch|p2a: Nidoking|Nidoking, M|304\/304
|move|p1a: manbearpig|Slack Off|p1a: manbearpig
|-heal|p1a: manbearpig|201\/393
|
|turn|47
|
|switch|p1a: Fallon|Chansey, F|616\/703
|-damage|p1a: Fallon|529\/703|[from] Stealth Rock
|move|p2a: Nidoking|Thunderbolt|p1a: Fallon
|-damage|p1a: Fallon|454\/703
|
|turn|48
|
|switch|p2a: Aromatisse|Aromatisse, F|198\/406
|move|p1a: Fallon|Soft-Boiled|p1a: Fallon
|-heal|p1a: Fallon|703\/703
|
|-heal|p2a: Aromatisse|223\/406|[from] item: Leftovers
|turn|49
|
|move|p1a: Fallon|Toxic|p2a: Aromatisse
|-status|p2a: Aromatisse|tox
|move|p2a: Aromatisse|Aromatherapy|p2a: Aromatisse
|-cureteam|p2a: Aromatisse|[from] move: Aromatherapy
|
|-heal|p2a: Aromatisse|248\/406|[from] item: Leftovers
|turn|50
|
|switch|p1a: Medusa|Mawile-Mega, F, shiny|285\/304 slp
|-damage|p1a: Medusa|266\/304 slp|[from] Stealth Rock
|move|p2a: Aromatisse|Wish|p2a: Aromatisse
|
|-heal|p2a: Aromatisse|273\/406|[from] item: Leftovers
|turn|51
|
|switch|p2a: Victini|Victini|320\/341
|-curestatus|p1a: Medusa|slp
|move|p1a: Medusa|Play Rough|p2a: Victini
|-resisted|p2a: Victini
|-damage|p2a: Victini|206\/341
|
|-heal|p2a: Victini|341\/341|[from] move: Wish|[wisher] Aromatisse
|turn|52
|
|switch|p1a: manbearpig|Slowbro, M|332\/393
|-damage|p1a: manbearpig|283\/393|[from] Stealth Rock
|move|p2a: Victini|V-create|p1a: manbearpig
|-resisted|p1a: manbearpig
|-damage|p1a: manbearpig|137\/393
|-unboost|p2a: Victini|def|1
|-unboost|p2a: Victini|spd|1
|-unboost|p2a: Victini|spe|1
|
|turn|53
|
|switch|p1a: checkers>chess|Quagsire, M|394\/394
|-damage|p1a: checkers>chess|370\/394|[from] Stealth Rock
|move|p2a: Victini|V-create|p1a: checkers>chess
|-resisted|p1a: checkers>chess
|-damage|p1a: checkers>chess|217\/394
|-unboost|p2a: Victini|def|1
|-unboost|p2a: Victini|spd|1
|-unboost|p2a: Victini|spe|1
|
|-heal|p1a: checkers>chess|241\/394|[from] item: Leftovers
|turn|54
|
|switch|p2a: Mew|Mew|404\/404
|move|p1a: checkers>chess|Recover|p1a: checkers>chess
|-heal|p1a: checkers>chess|394\/394
|
|turn|55
|
|switch|p1a: manbearpig|Slowbro, M|268\/393
|-damage|p1a: manbearpig|219\/393|[from] Stealth Rock
|move|p2a: Mew|Will-O-Wisp|p1a: manbearpig
|-status|p1a: manbearpig|brn
|
|-damage|p1a: manbearpig|170\/393 brn|[from] brn
|turn|56
|
|switch|p2a: Porygon2|Porygon2|374\/374
|-ability|p2a: Porygon2|Regenerator|[from] ability: Trace|[of] p1a: manbearpig
|move|p1a: manbearpig|Slack Off|p1a: manbearpig
|-heal|p1a: manbearpig|367\/393 brn
|
|-damage|p1a: manbearpig|318\/393 brn|[from] brn
|turn|57
|
|switch|p1a: Medusa|Mawile-Mega, F, shiny|266\/304
|-damage|p1a: Medusa|247\/304|[from] Stealth Rock
|move|p2a: Porygon2|Thunderbolt|p1a: Medusa
|-damage|p1a: Medusa|190\/304
|
|turn|58
|
|switch|p2a: Victini|Victini|341\/341
|move|p1a: Medusa|Play Rough|p2a: Victini
|-resisted|p2a: Victini
|-damage|p2a: Victini|240\/341
|
|turn|59
|
|switch|p1a: manbearpig|Slowbro, M|393\/393 brn
|-damage|p1a: manbearpig|344\/393 brn|[from] Stealth Rock
|move|p2a: Victini|U-turn|p1a: manbearpig
|-supereffective|p1a: manbearpig
|-damage|p1a: manbearpig|196\/393 brn
|
|switch|p2a: Nidoking|Nidoking, M|304\/304
|
|-damage|p1a: manbearpig|147\/393 brn|[from] brn
|turn|60
|
|switch|p2a: Heracross|Heracross, M|248\/302
|switch|p1a: Fallon|Chansey, F|703\/703
|-damage|p1a: Fallon|616\/703|[from] Stealth Rock
|
|turn|61
|
|switch|p1a: whirld wind|Skarmory, M|333\/333
|-damage|p1a: whirld wind|292\/333|[from] Stealth Rock
|move|p2a: Heracross|Knock Off|p1a: whirld wind
|-damage|p1a: whirld wind|230\/333
|-enditem|p1a: whirld wind|Leftovers|[from] move: Knock Off|[of] p2a: Heracross
|
|turn|62
|
|switch|p2a: Porygon2|Porygon2|374\/374
|-ability|p2a: Porygon2|Sturdy|[from] ability: Trace|[of] p1a: whirld wind
|move|p1a: whirld wind|Stealth Rock|p2a: Porygon2
|-sidestart|p2: Ethan700|move: Stealth Rock
|
|turn|63
|
|switch|p1a: Medusa|Mawile-Mega, F, shiny|190\/304
|-damage|p1a: Medusa|171\/304|[from] Stealth Rock
|switch|p2a: Aromatisse|Aromatisse, F|273\/406
|-damage|p2a: Aromatisse|223\/406|[from] Stealth Rock
|
|-heal|p2a: Aromatisse|248\/406|[from] item: Leftovers
|turn|64
|
|switch|p2a: Mew|Mew|404\/404
|-damage|p2a: Mew|354\/404|[from] Stealth Rock
|move|p1a: Medusa|Play Rough|p2a: Mew
|-damage|p2a: Mew|149\/404
|
|-heal|p2a: Mew|174\/404|[from] item: Leftovers
|turn|65
|
|move|p2a: Mew|Roost|p2a: Mew
|-heal|p2a: Mew|376\/404
|move|p1a: Medusa|Play Rough|p2a: Mew
|-damage|p2a: Mew|157\/404
|
|-heal|p2a: Mew|182\/404|[from] item: Leftovers
|turn|66
|
|move|p2a: Mew|Will-O-Wisp|p1a: Medusa
|-status|p1a: Medusa|brn
|move|p1a: Medusa|Rest|p1a: Medusa
|-status|p1a: Medusa|slp
|-heal|p1a: Medusa|304\/304 slp|[silent]
|-status|p1a: Medusa|slp|[from] move: Rest
|
|-heal|p2a: Mew|207\/404|[from] item: Leftovers
|turn|67
|
|move|p2a: Mew|Roost|p2a: Mew
|-heal|p2a: Mew|404\/404
|cant|p1a: Medusa|slp
|move|p1a: Medusa|Sleep Talk|p1a: Medusa
|move|p1a: Medusa|Play Rough|p2a: Mew|[from]Sleep Talk|[miss]
|-miss|p1a: Medusa|p2a: Mew
|
|turn|68
|
|move|p2a: Mew|Defog|p1a: Medusa
|-unboost|p1a: Medusa|evasion|1
|-sideend|p1: TCMK|Stealth Rock|[from] move: Defog|[of] p1a: Medusa
|-sideend|p2: Ethan700|Stealth Rock|[from] move: Defog|[of] p2a: Mew
|cant|p1a: Medusa|slp
|move|p1a: Medusa|Sleep Talk|p1a: Medusa
|move|p1a: Medusa|Play Rough|p2a: Mew|[from]Sleep Talk
|-damage|p2a: Mew|190\/404
|
|-heal|p2a: Mew|215\/404|[from] item: Leftovers
|turn|69
|
|move|p2a: Mew|Roost|p2a: Mew
|-heal|p2a: Mew|404\/404
|-curestatus|p1a: Medusa|slp
|move|p1a: Medusa|Power-Up Punch|p2a: Mew
|-resisted|p2a: Mew
|-damage|p2a: Mew|372\/404
|-boost|p1a: Medusa|atk|1
|
|-heal|p2a: Mew|397\/404|[from] item: Leftovers
|turn|70
|
|move|p2a: Mew|Will-O-Wisp|p1a: Medusa
|-status|p1a: Medusa|brn
|move|p1a: Medusa|Play Rough|p2a: Mew
|-damage|p2a: Mew|240\/404
|
|-heal|p2a: Mew|265\/404|[from] item: Leftovers
|-damage|p1a: Medusa|266\/304 brn|[from] brn
|turn|71
|
|move|p2a: Mew|Stealth Rock|p1a: Medusa
|-sidestart|p1: TCMK|move: Stealth Rock
|move|p1a: Medusa|Rest|p1a: Medusa
|-status|p1a: Medusa|slp
|-heal|p1a: Medusa|304\/304 slp|[silent]
|-status|p1a: Medusa|slp|[from] move: Rest
|
|-heal|p2a: Mew|290\/404|[from] item: Leftovers
|turn|72
|
|switch|p2a: Victini|Victini|240\/341
|cant|p1a: Medusa|slp
|move|p1a: Medusa|Sleep Talk|p1a: Medusa
|move|p1a: Medusa|Play Rough|p2a: Victini|[from]Sleep Talk
|-resisted|p2a: Victini
|-damage|p2a: Victini|75\/341
|
|turn|73
|
|switch|p1a: checkers>chess|Quagsire, M|394\/394
|-damage|p1a: checkers>chess|370\/394|[from] Stealth Rock
|move|p2a: Victini|U-turn|p1a: checkers>chess
|-crit|p1a: checkers>chess
|-damage|p1a: checkers>chess|241\/394
|
|switch|p2a: Nidoking|Nidoking, M|304\/304
|
|-heal|p1a: checkers>chess|265\/394|[from] item: Leftovers
|turn|74
|
|switch|p2a: Heracross|Heracross, M|248\/302
|switch|p1a: Fallon|Chansey, F|616\/703
|-damage|p1a: Fallon|529\/703|[from] Stealth Rock
|
|turn|75
|
|switch|p1a: manbearpig|Slowbro, M|278\/393 brn
|-damage|p1a: manbearpig|229\/393 brn|[from] Stealth Rock
|move|p2a: Heracross|Megahorn|p1a: manbearpig|[miss]
|-miss|p2a: Heracross|p1a: manbearpig
|
|-damage|p1a: manbearpig|180\/393 brn|[from] brn
|turn|76
|
|switch|p2a: Porygon2|Porygon2|374\/374
|-ability|p2a: Porygon2|Regenerator|[from] ability: Trace|[of] p1a: manbearpig
|switch|p1a: Medusa|Mawile-Mega, F, shiny|304\/304 slp
|-damage|p1a: Medusa|285\/304 slp|[from] Stealth Rock
|
|turn|77
|
|switch|p2a: Nidoking|Nidoking, M|304\/304
|cant|p1a: Medusa|slp
|move|p1a: Medusa|Sleep Talk|p1a: Medusa
|move|p1a: Medusa|Play Rough|p2a: Nidoking|[from]Sleep Talk
|-resisted|p2a: Nidoking
|-damage|p2a: Nidoking|158\/304
|
|turn|78
|
|switch|p1a: Fallon|Chansey, F|529\/703
|-damage|p1a: Fallon|442\/703|[from] Stealth Rock
|move|p2a: Nidoking|Earth Power|p1a: Fallon
|-damage|p1a: Fallon|325\/703
|
|turn|79
|
|switch|p2a: Aromatisse|Aromatisse, F|248\/406
|move|p1a: Fallon|Soft-Boiled|p1a: Fallon
|-heal|p1a: Fallon|677\/703
|
|-heal|p2a: Aromatisse|273\/406|[from] item: Leftovers
|turn|80
|
|move|p1a: Fallon|Toxic|p2a: Aromatisse
|-status|p2a: Aromatisse|tox
|move|p2a: Aromatisse|Wish|p2a: Aromatisse
|
|-heal|p2a: Aromatisse|298\/406 tox|[from] item: Leftovers
|-damage|p2a: Aromatisse|273\/406 tox|[from] psn
|turn|81
|
|switch|p2a: Nidoking|Nidoking, M|158\/304
|move|p1a: Fallon|Seismic Toss|p2a: Nidoking
|-damage|p2a: Nidoking|58\/304
|
|-heal|p2a: Nidoking|261\/304|[from] move: Wish|[wisher] Aromatisse
|turn|82
|
|switch|p2a: Aromatisse|Aromatisse, F|273\/406 tox
|move|p1a: Fallon|Seismic Toss|p2a: Aromatisse
|-damage|p2a: Aromatisse|173\/406 tox
|
|-heal|p2a: Aromatisse|198\/406 tox|[from] item: Leftovers
|-damage|p2a: Aromatisse|173\/406 tox|[from] psn
|turn|83
|
|move|p1a: Fallon|Seismic Toss|p2a: Aromatisse
|-damage|p2a: Aromatisse|73\/406 tox
|move|p2a: Aromatisse|Aromatherapy|p2a: Aromatisse
|-cureteam|p2a: Aromatisse|[from] move: Aromatherapy
|
|-heal|p2a: Aromatisse|98\/406|[from] item: Leftovers
|turn|84
|
|move|p2a: Aromatisse|Protect|p2a: Aromatisse
|-singleturn|p2a: Aromatisse|Protect
|move|p1a: Fallon|Seismic Toss|p2a: Aromatisse
|-activate|p2a: Aromatisse|Protect
|
|-heal|p2a: Aromatisse|123\/406|[from] item: Leftovers
|turn|85
|
|move|p1a: Fallon|Seismic Toss|p2a: Aromatisse
|-damage|p2a: Aromatisse|23\/406
|move|p2a: Aromatisse|Wish|p2a: Aromatisse
|
|-heal|p2a: Aromatisse|48\/406|[from] item: Leftovers
|turn|86
|
|switch|p1a: Medusa|Mawile-Mega, F, shiny|285\/304 slp
|-damage|p1a: Medusa|266\/304 slp|[from] Stealth Rock
|move|p2a: Aromatisse|Protect|p2a: Aromatisse
|-fail|p2a: Aromatisse
|
|-heal|p2a: Aromatisse|251\/406|[from] move: Wish|[wisher] Aromatisse
|-heal|p2a: Aromatisse|276\/406|[from] item: Leftovers
|turn|87
|
|switch|p2a: Nidoking|Nidoking, M|261\/304
|-curestatus|p1a: Medusa|slp
|move|p1a: Medusa|Play Rough|p2a: Nidoking
|-resisted|p2a: Nidoking
|-damage|p2a: Nidoking|114\/304
|
|turn|88
|
|switch|p2a: Aromatisse|Aromatisse, F|276\/406
|switch|p1a: Fallon|Chansey, F|677\/703
|-damage|p1a: Fallon|590\/703|[from] Stealth Rock
|
|-heal|p2a: Aromatisse|301\/406|[from] item: Leftovers
|turn|89
|
|switch|p1a: Medusa|Mawile-Mega, F, shiny|266\/304
|-damage|p1a: Medusa|247\/304|[from] Stealth Rock
|move|p2a: Aromatisse|Wish|p2a: Aromatisse
|
|-heal|p2a: Aromatisse|326\/406|[from] item: Leftovers
|turn|90
|
|switch|p2a: Mew|Mew|290\/404
|move|p1a: Medusa|Play Rough|p2a: Mew
|-damage|p2a: Mew|59\/404
|
|-heal|p2a: Mew|262\/404|[from] move: Wish|[wisher] Aromatisse
|-heal|p2a: Mew|287\/404|[from] item: Leftovers
|turn|91
|chat|Ethan700|How many PP's for play rough pkease ?
|chat|Ethan700|please*
|
|move|p2a: Mew|Will-O-Wisp|p1a: Medusa
|-status|p1a: Medusa|brn
|move|p1a: Medusa|Rest|p1a: Medusa
|-status|p1a: Medusa|slp
|-heal|p1a: Medusa|304\/304 slp|[silent]
|-status|p1a: Medusa|slp|[from] move: Rest
|
|-heal|p2a: Mew|312\/404|[from] item: Leftovers
|turn|92
|
|switch|p2a: Victini|Victini|75\/341
|cant|p1a: Medusa|slp
|move|p1a: Medusa|Sleep Talk|p1a: Medusa
|move|p1a: Medusa|Rest|p1a: Medusa|[from]Sleep Talk
|-fail|p1a: Medusa
|
|turn|93
|
|switch|p1a: manbearpig|Slowbro, M|311\/393 brn
|-damage|p1a: manbearpig|262\/393 brn|[from] Stealth Rock
|move|p2a: Victini|U-turn|p1a: manbearpig
|-supereffective|p1a: manbearpig
|-damage|p1a: manbearpig|122\/393 brn
|
|switch|p2a: Heracross|Heracross, M|248\/302
|
|-damage|p1a: manbearpig|73\/393 brn|[from] brn
|turn|94
|
|move|p2a: Heracross|Close Combat|p1a: manbearpig
|-resisted|p1a: manbearpig
|-damage|p1a: manbearpig|3\/393 brn
|-unboost|p2a: Heracross|def|1
|-unboost|p2a: Heracross|spd|1
|move|p1a: manbearpig|Slack Off|p1a: manbearpig
|-heal|p1a: manbearpig|200\/393 brn
|
|-damage|p1a: manbearpig|151\/393 brn|[from] brn
|turn|95
|chat|Ethan700|.-.
|
|switch|p2a: Nidoking|Nidoking, M|114\/304
|move|p1a: manbearpig|Slack Off|p1a: manbearpig
|-heal|p1a: manbearpig|348\/393 brn
|
|-damage|p1a: manbearpig|299\/393 brn|[from] brn
|turn|96
|
|switch|p1a: Fallon|Chansey, F|590\/703
|-damage|p1a: Fallon|503\/703|[from] Stealth Rock
|move|p2a: Nidoking|Thunderbolt|p1a: Fallon
|-damage|p1a: Fallon|428\/703
|
|turn|97
|
|switch|p2a: Aromatisse|Aromatisse, F|326\/406
|move|p1a: Fallon|Soft-Boiled|p1a: Fallon
|-heal|p1a: Fallon|703\/703
|
|-heal|p2a: Aromatisse|351\/406|[from] item: Leftovers
|turn|98
|
|move|p1a: Fallon|Toxic|p2a: Aromatisse|[miss]
|-miss|p1a: Fallon|p2a: Aromatisse
|move|p2a: Aromatisse|Wish|p2a: Aromatisse
|
|-heal|p2a: Aromatisse|376\/406|[from] item: Leftovers
|turn|99
|
|switch|p2a: Nidoking|Nidoking, M|114\/304
|move|p1a: Fallon|Seismic Toss|p2a: Nidoking
|-damage|p2a: Nidoking|14\/304
|
|-heal|p2a: Nidoking|217\/304|[from] move: Wish|[wisher] Aromatisse
|turn|100
|
|switch|p2a: Aromatisse|Aromatisse, F|376\/406
|move|p1a: Fallon|Toxic|p2a: Aromatisse
|-status|p2a: Aromatisse|tox
|
|-heal|p2a: Aromatisse|401\/406 tox|[from] item: Leftovers
|-damage|p2a: Aromatisse|376\/406 tox|[from] psn
|turn|101
|
|switch|p1a: Medusa|Mawile-Mega, F, shiny|304\/304 slp
|-damage|p1a: Medusa|285\/304 slp|[from] Stealth Rock
|move|p2a: Aromatisse|Wish|p2a: Aromatisse
|
|-heal|p2a: Aromatisse|401\/406 tox|[from] item: Leftovers
|-damage|p2a: Aromatisse|351\/406 tox|[from] psn
|turn|102
|
|switch|p2a: Nidoking|Nidoking, M|217\/304
|cant|p1a: Medusa|slp
|move|p1a: Medusa|Sleep Talk|p1a: Medusa
|move|p1a: Medusa|Rest|p1a: Medusa|[from]Sleep Talk
|-fail|p1a: Medusa
|
|-heal|p2a: Nidoking|304\/304|[from] move: Wish|[wisher] Aromatisse
|turn|103
|
|switch|p1a: Fallon|Chansey, F|703\/703
|-damage|p1a: Fallon|616\/703|[from] Stealth Rock
|move|p2a: Nidoking|Earth Power|p1a: Fallon
|-damage|p1a: Fallon|494\/703
|
|turn|104
|
|switch|p2a: Aromatisse|Aromatisse, F|351\/406 tox
|move|p1a: Fallon|Seismic Toss|p2a: Aromatisse
|-damage|p2a: Aromatisse|251\/406 tox
|
|-heal|p2a: Aromatisse|276\/406 tox|[from] item: Leftovers
|-damage|p2a: Aromatisse|251\/406 tox|[from] psn
|turn|105
|
|switch|p1a: checkers>chess|Quagsire, M|265\/394
|-damage|p1a: checkers>chess|241\/394|[from] Stealth Rock
|move|p2a: Aromatisse|Aromatherapy|p2a: Aromatisse
|-cureteam|p2a: Aromatisse|[from] move: Aromatherapy
|
|-heal|p1a: checkers>chess|265\/394|[from] item: Leftovers
|-heal|p2a: Aromatisse|276\/406|[from] item: Leftovers
|turn|106
|
|move|p1a: checkers>chess|Recover|p1a: checkers>chess
|-heal|p1a: checkers>chess|394\/394
|move|p2a: Aromatisse|Wish|p2a: Aromatisse
|
|-heal|p2a: Aromatisse|301\/406|[from] item: Leftovers
|turn|107
|
|switch|p2a: Mew|Mew|312\/404
|move|p1a: checkers>chess|Earthquake|p2a: Mew
|-damage|p2a: Mew|218\/404
|
|-heal|p2a: Mew|404\/404|[from] move: Wish|[wisher] Aromatisse
|turn|108
|
|switch|p1a: LOLNAAAAAAH|Latias, F, shiny|132\/363
|-damage|p1a: LOLNAAAAAAH|87\/363|[from] Stealth Rock
|move|p2a: Mew|Will-O-Wisp|p1a: LOLNAAAAAAH
|-status|p1a: LOLNAAAAAAH|brn
|
|-heal|p1a: LOLNAAAAAAH|109\/363 brn|[from] item: Leftovers
|-damage|p1a: LOLNAAAAAAH|64\/363 brn|[from] brn
|turn|109
|join|Xenial
|
|switch|p2a: Aromatisse|Aromatisse, F|301\/406
|move|p1a: LOLNAAAAAAH|Roost|p1a: LOLNAAAAAAH
|-heal|p1a: LOLNAAAAAAH|246\/363 brn
|
|-heal|p1a: LOLNAAAAAAH|268\/363 brn|[from] item: Leftovers
|-heal|p2a: Aromatisse|326\/406|[from] item: Leftovers
|-damage|p1a: LOLNAAAAAAH|223\/363 brn|[from] brn
|turn|110
|
|switch|p1a: Medusa|Mawile-Mega, F, shiny|285\/304 slp
|-damage|p1a: Medusa|266\/304 slp|[from] Stealth Rock
|move|p2a: Aromatisse|Wish|p2a: Aromatisse
|
|-heal|p2a: Aromatisse|351\/406|[from] item: Leftovers
|turn|111
|
|switch|p2a: Nidoking|Nidoking, M|304\/304
|-curestatus|p1a: Medusa|slp
|move|p1a: Medusa|Play Rough|p2a: Nidoking
|-resisted|p2a: Nidoking
|-damage|p2a: Nidoking|179\/304
|
|-heal|p2a: Nidoking|304\/304|[from] move: Wish|[wisher] Aromatisse
|turn|112
|
|switch|p2a: Heracross|Heracross, M|248\/302
|switch|p1a: Fallon|Chansey, F|494\/703
|-damage|p1a: Fallon|407\/703|[from] Stealth Rock
|
|turn|113
|join|Mendokuse
|
|switch|p1a: manbearpig|Slowbro, M|393\/393 brn
|-damage|p1a: manbearpig|344\/393 brn|[from] Stealth Rock
|move|p2a: Heracross|Megahorn|p1a: manbearpig
|-crit|p1a: manbearpig
|-supereffective|p1a: manbearpig
|-damage|p1a: manbearpig|0 fnt
|faint|p1a: manbearpig
|-boost|p2a: Heracross|atk|1|[from] ability: Moxie
|
|chat|Mendokuse|Aller Ethan!!!!!
|
|switch|p1a: whirld wind|Skarmory, M|230\/333
|-damage|p1a: whirld wind|189\/333|[from] Stealth Rock
|turn|114
|chat|Ethan700|:D
|chat|Xenial|allez* :p
|
|switch|p2a: Porygon2|Porygon2|374\/374
|-ability|p2a: Porygon2|Sturdy|[from] ability: Trace|[of] p1a: whirld wind
|move|p1a: whirld wind|Roost|p1a: whirld wind
|-heal|p1a: whirld wind|333\/333
|
|turn|115
|
|switch|p1a: Medusa|Mawile-Mega, F, shiny|266\/304
|-damage|p1a: Medusa|247\/304|[from] Stealth Rock
|switch|p2a: Nidoking|Nidoking, M|304\/304
|
|turn|116
|
|switch|p1a: Fallon|Chansey, F|407\/703
|-damage|p1a: Fallon|320\/703|[from] Stealth Rock
|move|p2a: Nidoking|Earth Power|p1a: Fallon
|-damage|p1a: Fallon|211\/703
|
|turn|117
|
|switch|p2a: Heracross|Heracross, M|248\/302
|move|p1a: Fallon|Soft-Boiled|p1a: Fallon
|-heal|p1a: Fallon|563\/703
|
|turn|118
|
|switch|p1a: whirld wind|Skarmory, M|333\/333
|-damage|p1a: whirld wind|292\/333|[from] Stealth Rock
|move|p2a: Heracross|Knock Off|p1a: whirld wind
|-damage|p1a: whirld wind|243\/333
|
|turn|119
|
|switch|p2a: Mew|Mew|404\/404
|move|p1a: whirld wind|Stealth Rock|p2a: Mew
|-sidestart|p2: Ethan700|move: Stealth Rock
|
|turn|120
|
|switch|p1a: Medusa|Mawile-Mega, F, shiny|247\/304
|-damage|p1a: Medusa|228\/304|[from] Stealth Rock
|move|p2a: Mew|Will-O-Wisp|p1a: Medusa|[miss]
|-miss|p2a: Mew|p1a: Medusa
|
|turn|121
|
|move|p2a: Mew|Defog|p1a: Medusa
|-unboost|p1a: Medusa|evasion|1
|-sideend|p1: TCMK|Stealth Rock|[from] move: Defog|[of] p1a: Medusa
|-sideend|p2: Ethan700|Stealth Rock|[from] move: Defog|[of] p2a: Mew
|move|p1a: Medusa|Power-Up Punch|p2a: Mew
|-resisted|p2a: Mew
|-damage|p2a: Mew|370\/404
|-boost|p1a: Medusa|atk|1
|
|-heal|p2a: Mew|395\/404|[from] item: Leftovers
|turn|122
|chat|Ethan700|._.
|
|move|p2a: Mew|Will-O-Wisp|p1a: Medusa
|-status|p1a: Medusa|brn
|move|p1a: Medusa|Rest|p1a: Medusa
|-status|p1a: Medusa|slp
|-heal|p1a: Medusa|304\/304 slp|[silent]
|-status|p1a: Medusa|slp|[from] move: Rest
|
|-heal|p2a: Mew|404\/404|[from] item: Leftovers
|turn|123
|
|move|p2a: Mew|Stealth Rock|p1a: Medusa
|-sidestart|p1: TCMK|move: Stealth Rock
|cant|p1a: Medusa|slp
|move|p1a: Medusa|Sleep Talk|p1a: Medusa
|move|p1a: Medusa|Power-Up Punch|p2a: Mew|[from]Sleep Talk
|-resisted|p2a: Mew
|-damage|p2a: Mew|356\/404
|-boost|p1a: Medusa|atk|1
|
|-heal|p2a: Mew|381\/404|[from] item: Leftovers
|turn|124
|
|switch|p2a: Nidoking|Nidoking, M|304\/304
|cant|p1a: Medusa|slp
|move|p1a: Medusa|Sleep Talk|p1a: Medusa
|move|p1a: Medusa|Power-Up Punch|p2a: Nidoking|[from]Sleep Talk
|-resisted|p2a: Nidoking
|-damage|p2a: Nidoking|219\/304
|-boost|p1a: Medusa|atk|1
|
|turn|125
|
|switch|p1a: Fallon|Chansey, F|563\/703
|-damage|p1a: Fallon|476\/703|[from] Stealth Rock
|move|p2a: Nidoking|Earth Power|p1a: Fallon
|-damage|p1a: Fallon|347\/703
|
|turn|126
|
|switch|p2a: Aromatisse|Aromatisse, F|351\/406
|move|p1a: Fallon|Soft-Boiled|p1a: Fallon
|-heal|p1a: Fallon|699\/703
|
|-heal|p2a: Aromatisse|376\/406|[from] item: Leftovers
|turn|127
|
|switch|p2a: Nidoking|Nidoking, M|219\/304
|move|p1a: Fallon|Seismic Toss|p2a: Nidoking
|-damage|p2a: Nidoking|119\/304
|
|turn|128
|
|switch|p2a: Aromatisse|Aromatisse, F|376\/406
|move|p1a: Fallon|Seismic Toss|p2a: Aromatisse
|-damage|p2a: Aromatisse|276\/406
|
|-heal|p2a: Aromatisse|301\/406|[from] item: Leftovers
|turn|129
|
|switch|p1a: Medusa|Mawile-Mega, F, shiny|304\/304 slp
|-damage|p1a: Medusa|285\/304 slp|[from] Stealth Rock
|move|p2a: Aromatisse|Wish|p2a: Aromatisse
|
|-heal|p2a: Aromatisse|326\/406|[from] item: Leftovers
|turn|130
|
|switch|p2a: Mew|Mew|381\/404
|-curestatus|p1a: Medusa|slp
|move|p1a: Medusa|Power-Up Punch|p2a: Mew
|-resisted|p2a: Mew
|-damage|p2a: Mew|346\/404
|-boost|p1a: Medusa|atk|1
|
|-heal|p2a: Mew|404\/404|[from] move: Wish|[wisher] Aromatisse
|turn|131
|chat|Ethan700|PP's for play rough please...
|
|move|p2a: Mew|Will-O-Wisp|p1a: Medusa
|-status|p1a: Medusa|brn
|move|p1a: Medusa|Rest|p1a: Medusa
|-status|p1a: Medusa|slp
|-heal|p1a: Medusa|304\/304 slp|[silent]
|-status|p1a: Medusa|slp|[from] move: Rest
|
|turn|132
|
|switch|p2a: Nidoking|Nidoking, M|119\/304
|cant|p1a: Medusa|slp
|move|p1a: Medusa|Sleep Talk|p1a: Medusa
|move|p1a: Medusa|Power-Up Punch|p2a: Nidoking|[from]Sleep Talk
|-resisted|p2a: Nidoking
|-damage|p2a: Nidoking|63\/304
|-boost|p1a: Medusa|atk|1
|
|turn|133
|
|switch|p1a: Fallon|Chansey, F|699\/703
|-damage|p1a: Fallon|612\/703|[from] Stealth Rock
|move|p2a: Nidoking|Earth Power|p1a: Fallon
|-damage|p1a: Fallon|494\/703
|
|turn|134
|
|switch|p2a: Aromatisse|Aromatisse, F|326\/406
|move|p1a: Fallon|Soft-Boiled|p1a: Fallon
|-heal|p1a: Fallon|703\/703
|
|-heal|p2a: Aromatisse|351\/406|[from] item: Leftovers
|turn|135
|
|switch|p2a: Nidoking|Nidoking, M|63\/304
|move|p1a: Fallon|Seismic Toss|p2a: Nidoking
|-damage|p2a: Nidoking|0 fnt
|faint|p2a: Nidoking
|
|
|switch|p2a: Heracross|Heracross, M|248\/302
|turn|136
|
|switch|p1a: whirld wind|Skarmory, M|243\/333
|-damage|p1a: whirld wind|202\/333|[from] Stealth Rock
|move|p2a: Heracross|Close Combat|p1a: whirld wind
|-damage|p1a: whirld wind|78\/333
|-unboost|p2a: Heracross|def|1
|-unboost|p2a: Heracross|spd|1
|
|turn|137
|
|move|p2a: Heracross|Close Combat|p1a: whirld wind
|-damage|p1a: whirld wind|0 fnt
|-unboost|p2a: Heracross|def|1
|-unboost|p2a: Heracross|spd|1
|faint|p1a: whirld wind
|-boost|p2a: Heracross|atk|1|[from] ability: Moxie
|
|
|switch|p1a: checkers>chess|Quagsire, M|394\/394
|-damage|p1a: checkers>chess|370\/394|[from] Stealth Rock
|turn|138
|
|switch|p2a: Aromatisse|Aromatisse, F|351\/406
|move|p1a: checkers>chess|Toxic|p2a: Aromatisse
|-status|p2a: Aromatisse|tox
|
|-heal|p1a: checkers>chess|394\/394|[from] item: Leftovers
|-heal|p2a: Aromatisse|376\/406 tox|[from] item: Leftovers
|-damage|p2a: Aromatisse|351\/406 tox|[from] psn
|turn|139
|
|move|p1a: checkers>chess|Earthquake|p2a: Aromatisse
|-damage|p2a: Aromatisse|206\/406 tox
|move|p2a: Aromatisse|Aromatherapy|p2a: Aromatisse
|-cureteam|p2a: Aromatisse|[from] move: Aromatherapy
|
|-heal|p2a: Aromatisse|231\/406|[from] item: Leftovers
|turn|140
|
|move|p1a: checkers>chess|Toxic|p2a: Aromatisse
|-status|p2a: Aromatisse|tox
|move|p2a: Aromatisse|Wish|p2a: Aromatisse
|
|-heal|p2a: Aromatisse|256\/406 tox|[from] item: Leftovers
|-damage|p2a: Aromatisse|231\/406 tox|[from] psn
|turn|141
|
|switch|p2a: Heracross|Heracross, M|248\/302
|move|p1a: checkers>chess|Earthquake|p2a: Heracross
|-resisted|p2a: Heracross
|-damage|p2a: Heracross|179\/302
|
|-heal|p2a: Heracross|302\/302|[from] move: Wish|[wisher] Aromatisse
|turn|142
|
|switch|p2a: Mew|Mew|404\/404
|move|p1a: checkers>chess|Toxic|p2a: Mew
|-status|p2a: Mew|tox
|-status|p1a: checkers>chess|tox
|
|-damage|p2a: Mew|379\/404 tox|[from] psn
|-damage|p1a: checkers>chess|370\/394 tox|[from] psn
|turn|143
|
|switch|p2a: Porygon2|Porygon2|374\/374
|-ability|p2a: Porygon2|Unaware|[from] ability: Trace|[of] p1a: checkers>chess
|switch|p1a: Medusa|Mawile-Mega, F, shiny|304\/304 slp
|-damage|p1a: Medusa|285\/304 slp|[from] Stealth Rock
|
|turn|144
|
|switch|p1a: Fallon|Chansey, F|703\/703
|-damage|p1a: Fallon|616\/703|[from] Stealth Rock
|switch|p2a: Victini|Victini|75\/341
|
|turn|145
|
|switch|p1a: LOLNAAAAAAH|Latias, F, shiny|223\/363 brn
|-damage|p1a: LOLNAAAAAAH|178\/363 brn|[from] Stealth Rock
|move|p2a: Victini|U-turn|p1a: LOLNAAAAAAH
|-supereffective|p1a: LOLNAAAAAAH
|-damage|p1a: LOLNAAAAAAH|0 fnt
|faint|p1a: LOLNAAAAAAH
|
|switch|p2a: Heracross|Heracross, M|302\/302
|
|
|switch|p1a: checkers>chess|Quagsire, M|370\/394 tox
|-damage|p1a: checkers>chess|346\/394 tox|[from] Stealth Rock
|turn|146
|
|switch|p2a: Aromatisse|Aromatisse, F|231\/406 tox
|move|p1a: checkers>chess|Scald|p2a: Aromatisse
|-damage|p2a: Aromatisse|179\/406 tox
|
|-heal|p1a: checkers>chess|370\/394 tox|[from] item: Leftovers
|-heal|p2a: Aromatisse|204\/406 tox|[from] item: Leftovers
|-damage|p1a: checkers>chess|346\/394 tox|[from] psn
|-damage|p2a: Aromatisse|179\/406 tox|[from] psn
|turn|147
|
|switch|p1a: Medusa|Mawile-Mega, F, shiny|285\/304 slp
|-damage|p1a: Medusa|266\/304 slp|[from] Stealth Rock
|move|p2a: Aromatisse|Aromatherapy|p2a: Aromatisse
|-cureteam|p2a: Aromatisse|[from] move: Aromatherapy
|
|-heal|p2a: Aromatisse|204\/406|[from] item: Leftovers
|turn|148
|chat|Mendokuse|VictiCheat :3
|
|switch|p2a: Mew|Mew|379\/404
|cant|p1a: Medusa|slp
|move|p1a: Medusa|Sleep Talk|p1a: Medusa
|move|p1a: Medusa|Rest|p1a: Medusa|[from]Sleep Talk
|-fail|p1a: Medusa
|
|-heal|p2a: Mew|404\/404|[from] item: Leftovers
|turn|149
|join|DragoniT
|
|switch|p2a: Porygon2|Porygon2|374\/374
|-ability|p2a: Porygon2|Huge Power|[from] ability: Trace|[of] p1a: Medusa
|switch|p1a: Fallon|Chansey, F|616\/703
|-damage|p1a: Fallon|529\/703|[from] Stealth Rock
|
|turn|150
|leave|DragoniT
|
|switch|p2a: Aromatisse|Aromatisse, F|204\/406
|move|p1a: Fallon|Toxic|p2a: Aromatisse
|-status|p2a: Aromatisse|tox
|
|-heal|p2a: Aromatisse|229\/406 tox|[from] item: Leftovers
|-damage|p2a: Aromatisse|204\/406 tox|[from] psn
|turn|151
|
|switch|p2a: Heracross|Heracross, M|302\/302
|move|p1a: Fallon|Heal Bell|p1a: Fallon
|-cureteam|p1a: Fallon|[from] move: HealBell
|
|turn|152
|
|switch|p1a: checkers>chess|Quagsire, M|346\/394
|-damage|p1a: checkers>chess|322\/394|[from] Stealth Rock
|move|p2a: Heracross|Close Combat|p1a: checkers>chess
|-damage|p1a: checkers>chess|165\/394
|-unboost|p2a: Heracross|def|1
|-unboost|p2a: Heracross|spd|1
|
|-heal|p1a: checkers>chess|189\/394|[from] item: Leftovers
|turn|153
|
|switch|p2a: Mew|Mew|404\/404
|move|p1a: checkers>chess|Recover|p1a: checkers>chess
|-heal|p1a: checkers>chess|386\/394
|
|-heal|p1a: checkers>chess|394\/394|[from] item: Leftovers
|turn|154
|
|switch|p1a: Fallon|Chansey, F|529\/703
|-damage|p1a: Fallon|442\/703|[from] Stealth Rock
|move|p2a: Mew|Will-O-Wisp|p1a: Fallon
|-status|p1a: Fallon|brn
|
|-damage|p1a: Fallon|355\/703 brn|[from] brn
|turn|155
|
|switch|p2a: Victini|Victini|75\/341
|move|p1a: Fallon|Seismic Toss|p2a: Victini
|-damage|p2a: Victini|0 fnt
|faint|p2a: Victini
|
|-damage|p1a: Fallon|268\/703 brn|[from] brn
|
|switch|p2a: Heracross|Heracross, M|302\/302
|turn|156
|
|switch|p1a: checkers>chess|Quagsire, M|394\/394
|-damage|p1a: checkers>chess|370\/394|[from] Stealth Rock
|move|p2a: Heracross|Close Combat|p1a: checkers>chess
|-damage|p1a: checkers>chess|193\/394
|-unboost|p2a: Heracross|def|1
|-unboost|p2a: Heracross|spd|1
|
|-heal|p1a: checkers>chess|217\/394|[from] item: Leftovers
|turn|157
|
|switch|p2a: Mew|Mew|404\/404
|move|p1a: checkers>chess|Recover|p1a: checkers>chess
|-heal|p1a: checkers>chess|394\/394
|
|turn|158
|
|switch|p2a: Heracross|Heracross, M|302\/302
|switch|p1a: Medusa|Mawile-Mega, F, shiny|266\/304
|-damage|p1a: Medusa|247\/304|[from] Stealth Rock
|
|turn|159
|
|switch|p2a: Mew|Mew|404\/404
|move|p1a: Medusa|Play Rough|p2a: Mew
|-damage|p2a: Mew|190\/404
|
|-heal|p2a: Mew|215\/404|[from] item: Leftovers
|turn|160
|
|switch|p1a: Fallon|Chansey, F|268\/703
|-damage|p1a: Fallon|181\/703|[from] Stealth Rock
|move|p2a: Mew|Roost|p2a: Mew
|-heal|p2a: Mew|404\/404
|
|turn|161
|
|switch|p2a: Heracross|Heracross, M|302\/302
|move|p1a: Fallon|Soft-Boiled|p1a: Fallon
|-heal|p1a: Fallon|533\/703
|
|turn|162
|
|switch|p2a: Porygon2|Porygon2|374\/374
|-ability|p2a: Porygon2|Natural Cure|[from] ability: Trace|[of] p1a: Fallon
|switch|p1a: checkers>chess|Quagsire, M|394\/394
|-damage|p1a: checkers>chess|370\/394|[from] Stealth Rock
|
|-heal|p1a: checkers>chess|394\/394|[from] item: Leftovers
|turn|163
|
|switch|p1a: Fallon|Chansey, F|533\/703
|-damage|p1a: Fallon|446\/703|[from] Stealth Rock
|move|p2a: Porygon2|Toxic|p1a: Fallon
|-status|p1a: Fallon|tox
|
|-damage|p1a: Fallon|403\/703 tox|[from] psn
|turn|164
|
|switch|p2a: Heracross|Heracross, M|302\/302
|move|p1a: Fallon|Seismic Toss|p2a: Heracross
|-damage|p2a: Heracross|202\/302
|
|-damage|p1a: Fallon|317\/703 tox|[from] psn
|turn|165
|
|switch|p1a: checkers>chess|Quagsire, M|394\/394
|-damage|p1a: checkers>chess|370\/394|[from] Stealth Rock
|move|p2a: Heracross|Close Combat|p1a: checkers>chess
|-damage|p1a: checkers>chess|192\/394
|-unboost|p2a: Heracross|def|1
|-unboost|p2a: Heracross|spd|1
|
|-heal|p1a: checkers>chess|216\/394|[from] item: Leftovers
|turn|166
|
|switch|p2a: Mew|Mew|404\/404
|move|p1a: checkers>chess|Recover|p1a: checkers>chess
|-heal|p1a: checkers>chess|394\/394
|
|turn|167
|
|switch|p2a: Heracross|Heracross, M|202\/302
|switch|p1a: Fallon|Chansey, F|317\/703
|-damage|p1a: Fallon|230\/703|[from] Stealth Rock
|
|turn|168
|
|switch|p1a: checkers>chess|Quagsire, M|394\/394
|-damage|p1a: checkers>chess|370\/394|[from] Stealth Rock
|move|p2a: Heracross|Knock Off|p1a: checkers>chess
|-crit|p1a: checkers>chess
|-damage|p1a: checkers>chess|229\/394
|-enditem|p1a: checkers>chess|Leftovers|[from] move: Knock Off|[of] p2a: Heracross
|
|turn|169
|
|switch|p2a: Porygon2|Porygon2|374\/374
|-ability|p2a: Porygon2|Unaware|[from] ability: Trace|[of] p1a: checkers>chess
|move|p1a: checkers>chess|Recover|p1a: checkers>chess
|-heal|p1a: checkers>chess|394\/394
|
|turn|170
|
|switch|p2a: Heracross|Heracross, M|202\/302
|switch|p1a: Medusa|Mawile-Mega, F, shiny|247\/304
|-damage|p1a: Medusa|228\/304|[from] Stealth Rock
|
|turn|171
|
|switch|p2a: Mew|Mew|404\/404
|move|p1a: Medusa|Play Rough|p2a: Mew
|-crit|p2a: Mew
|-damage|p2a: Mew|100\/404
|
|-heal|p2a: Mew|125\/404|[from] item: Leftovers
|turn|172
|
|move|p2a: Mew|Roost|p2a: Mew
|-heal|p2a: Mew|327\/404
|move|p1a: Medusa|Power-Up Punch|p2a: Mew
|-resisted|p2a: Mew
|-damage|p2a: Mew|296\/404
|-boost|p1a: Medusa|atk|1
|
|-heal|p2a: Mew|321\/404|[from] item: Leftovers
|turn|173
|
|move|p2a: Mew|Will-O-Wisp|p1a: Medusa
|-status|p1a: Medusa|brn
|move|p1a: Medusa|Power-Up Punch|p2a: Mew
|-resisted|p2a: Mew
|-damage|p2a: Mew|297\/404
|-boost|p1a: Medusa|atk|1
|
|-heal|p2a: Mew|322\/404|[from] item: Leftovers
|-damage|p1a: Medusa|190\/304 brn|[from] brn
|turn|174
|
|switch|p2a: Heracross|Heracross, M|202\/302
|move|p1a: Medusa|Rest|p1a: Medusa
|-status|p1a: Medusa|slp
|-heal|p1a: Medusa|304\/304 slp|[silent]
|-status|p1a: Medusa|slp|[from] move: Rest
|
|turn|175
|
|switch|p2a: Porygon2|Porygon2|374\/374
|-ability|p2a: Porygon2|Huge Power|[from] ability: Trace|[of] p1a: Medusa
|switch|p1a: checkers>chess|Quagsire, M|394\/394
|-damage|p1a: checkers>chess|370\/394|[from] Stealth Rock
|
|turn|176
|
|switch|p2a: Heracross|Heracross, M|202\/302
|move|p1a: checkers>chess|Scald|p2a: Heracross
|-damage|p2a: Heracross|130\/302
|
|turn|177
|
|switch|p2a: Mew|Mew|322\/404
|move|p1a: checkers>chess|Earthquake|p2a: Mew
|-damage|p2a: Mew|210\/404
|
|-heal|p2a: Mew|235\/404|[from] item: Leftovers
|turn|178
|
|switch|p2a: Heracross|Heracross, M|130\/302
|switch|p1a: Fallon|Chansey, F|230\/703
|-damage|p1a: Fallon|143\/703|[from] Stealth Rock
|
|turn|179
|
|switch|p1a: Medusa|Mawile-Mega, F, shiny|304\/304 slp
|-damage|p1a: Medusa|285\/304 slp|[from] Stealth Rock
|move|p2a: Heracross|Close Combat|p1a: Medusa
|-damage|p1a: Medusa|105\/304 slp
|-unboost|p2a: Heracross|def|1
|-unboost|p2a: Heracross|spd|1
|
|turn|180
|
|switch|p1a: checkers>chess|Quagsire, M|370\/394
|-damage|p1a: checkers>chess|346\/394|[from] Stealth Rock
|move|p2a: Heracross|Close Combat|p1a: checkers>chess
|-crit|p1a: checkers>chess
|-damage|p1a: checkers>chess|91\/394
|-unboost|p2a: Heracross|def|1
|-unboost|p2a: Heracross|spd|1
|
|turn|181
|
|switch|p2a: Mew|Mew|235\/404
|move|p1a: checkers>chess|Recover|p1a: checkers>chess
|-heal|p1a: checkers>chess|288\/394
|
|-heal|p2a: Mew|260\/404|[from] item: Leftovers
|turn|182
|
|switch|p1a: Medusa|Mawile-Mega, F, shiny|105\/304 slp
|-damage|p1a: Medusa|86\/304 slp|[from] Stealth Rock
|move|p2a: Mew|Roost|p2a: Mew
|-heal|p2a: Mew|404\/404
|
|turn|183
|
|switch|p2a: Porygon2|Porygon2|374\/374
|-ability|p2a: Porygon2|Huge Power|[from] ability: Trace|[of] p1a: Medusa
|cant|p1a: Medusa|slp
|
|turn|184
|
|cant|p1a: Medusa|slp
|move|p2a: Porygon2|Thunderbolt|p1a: Medusa
|-damage|p1a: Medusa|28\/304 slp
|
|turn|185
|
|-curestatus|p1a: Medusa|slp
|move|p1a: Medusa|Rest|p1a: Medusa
|-status|p1a: Medusa|slp
|-heal|p1a: Medusa|304\/304 slp|[silent]
|-status|p1a: Medusa|slp|[from] move: Rest
|move|p2a: Porygon2|Thunderbolt|p1a: Medusa
|-damage|p1a: Medusa|241\/304 slp
|
|turn|186
|
|cant|p1a: Medusa|slp
|move|p2a: Porygon2|Thunderbolt|p1a: Medusa
|-damage|p1a: Medusa|176\/304 slp
|
|turn|187
|
|cant|p1a: Medusa|slp
|move|p2a: Porygon2|Thunderbolt|p1a: Medusa
|-damage|p1a: Medusa|111\/304 slp
|
|turn|188
|
|-curestatus|p1a: Medusa|slp
|move|p1a: Medusa|Power-Up Punch|p2a: Porygon2
|-supereffective|p2a: Porygon2
|-damage|p2a: Porygon2|308\/374
|-boost|p1a: Medusa|atk|1
|move|p2a: Porygon2|Thunderbolt|p1a: Medusa
|-damage|p1a: Medusa|53\/304
|-status|p1a: Medusa|par
|
|turn|189
|
|switch|p1a: checkers>chess|Quagsire, M|288\/394
|-damage|p1a: checkers>chess|264\/394|[from] Stealth Rock
|move|p2a: Porygon2|Thunderbolt|p1a: checkers>chess
|-immune|p1a: checkers>chess|[msg]
|
|turn|190
|
|switch|p2a: Aromatisse|Aromatisse, F|204\/406 tox
|switch|p1a: Fallon|Chansey, F|143\/703
|-damage|p1a: Fallon|56\/703|[from] Stealth Rock
|
|-heal|p2a: Aromatisse|229\/406 tox|[from] item: Leftovers
|-damage|p2a: Aromatisse|204\/406 tox|[from] psn
|turn|191
|
|switch|p2a: Heracross|Heracross, M|130\/302
|move|p1a: Fallon|Soft-Boiled|p1a: Fallon
|-heal|p1a: Fallon|408\/703
|
|turn|192
|
|move|p2a: Heracross|Megahorn|p1a: Fallon
|-damage|p1a: Fallon|132\/703
|move|p1a: Fallon|Soft-Boiled|p1a: Fallon
|-heal|p1a: Fallon|484\/703
|
|turn|193
|
|switch|p2a: Porygon2|Porygon2|308\/374
|-ability|p2a: Porygon2|Natural Cure|[from] ability: Trace|[of] p1a: Fallon
|move|p1a: Fallon|Soft-Boiled|p1a: Fallon
|-heal|p1a: Fallon|703\/703
|
|turn|194
|
|move|p2a: Porygon2|Toxic|p1a: Fallon
|-status|p1a: Fallon|tox
|move|p1a: Fallon|Seismic Toss|p2a: Porygon2
|-damage|p2a: Porygon2|208\/374
|
|-damage|p1a: Fallon|660\/703 tox|[from] psn
|turn|195
|
|switch|p2a: Aromatisse|Aromatisse, F|204\/406 tox
|move|p1a: Fallon|Heal Bell|p1a: Fallon
|-cureteam|p1a: Fallon|[from] move: HealBell
|
|-heal|p2a: Aromatisse|229\/406 tox|[from] item: Leftovers
|-damage|p2a: Aromatisse|204\/406 tox|[from] psn
|turn|196
|
|move|p1a: Fallon|Seismic Toss|p2a: Aromatisse
|-damage|p2a: Aromatisse|104\/406 tox
|move|p2a: Aromatisse|Aromatherapy|p2a: Aromatisse
|-cureteam|p2a: Aromatisse|[from] move: Aromatherapy
|
|-heal|p2a: Aromatisse|129\/406|[from] item: Leftovers
|turn|197
|
|switch|p1a: Medusa|Mawile-Mega, F, shiny|53\/304
|-damage|p1a: Medusa|34\/304|[from] Stealth Rock
|move|p2a: Aromatisse|Wish|p2a: Aromatisse
|
|-heal|p2a: Aromatisse|154\/406|[from] item: Leftovers
|turn|198
|
|move|p2a: Aromatisse|Protect|p2a: Aromatisse
|-singleturn|p2a: Aromatisse|Protect
|move|p1a: Medusa|Rest|p1a: Medusa
|-status|p1a: Medusa|slp
|-heal|p1a: Medusa|304\/304 slp|[silent]
|-status|p1a: Medusa|slp|[from] move: Rest
|
|-heal|p2a: Aromatisse|357\/406|[from] move: Wish|[wisher] Aromatisse
|-heal|p2a: Aromatisse|382\/406|[from] item: Leftovers
|turn|199
|
|switch|p1a: Fallon|Chansey, F|660\/703
|-damage|p1a: Fallon|573\/703|[from] Stealth Rock
|switch|p2a: Porygon2|Porygon2|208\/374
|-ability|p2a: Porygon2|Natural Cure|[from] ability: Trace|[of] p1a: Fallon
|
|turn|200
|
|move|p2a: Porygon2|Recover|p2a: Porygon2
|-heal|p2a: Porygon2|374\/374
|move|p1a: Fallon|Toxic|p2a: Porygon2
|-status|p2a: Porygon2|tox
|
|-damage|p2a: Porygon2|351\/374 tox|[from] psn
|turn|201
|chat|Ethan700|Z'êtes là ? :hap:
|
|move|p2a: Porygon2|Toxic|p1a: Fallon
|-status|p1a: Fallon|tox
|move|p1a: Fallon|Toxic|p2a: Porygon2
|-fail|p2a: Porygon2|tox
|
|-damage|p2a: Porygon2|305\/374 tox|[from] psn
|-damage|p1a: Fallon|530\/703 tox|[from] psn
|turn|202
|
|switch|p2a: Heracross|Heracross, M|130\/302
|switch|p1a: Medusa|Mawile-Mega, F, shiny|304\/304 slp
|-damage|p1a: Medusa|285\/304 slp|[from] Stealth Rock
|
|turn|203
|
|switch|p2a: Porygon2|Porygon2|305\/374
|-ability|p2a: Porygon2|Huge Power|[from] ability: Trace|[of] p1a: Medusa
|switch|p1a: Fallon|Chansey, F|530\/703
|-damage|p1a: Fallon|443\/703|[from] Stealth Rock
|
|turn|204
|
|switch|p2a: Mew|Mew|404\/404
|move|p1a: Fallon|Soft-Boiled|p1a: Fallon
|-heal|p1a: Fallon|703\/703
|
|turn|205
|
|switch|p2a: Porygon2|Porygon2|305\/374
|-ability|p2a: Porygon2|Natural Cure|[from] ability: Trace|[of] p1a: Fallon
|move|p1a: Fallon|Toxic|p2a: Porygon2
|-status|p2a: Porygon2|tox
|
|-damage|p2a: Porygon2|282\/374 tox|[from] psn
|turn|206
|
|switch|p1a: Medusa|Mawile-Mega, F, shiny|285\/304 slp
|-damage|p1a: Medusa|266\/304 slp|[from] Stealth Rock
|move|p2a: Porygon2|Recover|p2a: Porygon2
|-heal|p2a: Porygon2|374\/374 tox
|
|-damage|p2a: Porygon2|328\/374 tox|[from] psn
|turn|207
|
|switch|p1a: checkers>chess|Quagsire, M|264\/394
|-damage|p1a: checkers>chess|240\/394|[from] Stealth Rock
|switch|p2a: Aromatisse|Aromatisse, F|382\/406
|
|-heal|p2a: Aromatisse|406\/406|[from] item: Leftovers
|turn|208
|
|move|p1a: checkers>chess|Earthquake|p2a: Aromatisse
|-damage|p2a: Aromatisse|279\/406
|move|p2a: Aromatisse|Moonblast|p1a: checkers>chess
|-damage|p1a: checkers>chess|92\/394
|-unboost|p1a: checkers>chess|spa|1
|
|-heal|p2a: Aromatisse|304\/406|[from] item: Leftovers
|turn|209
|
|move|p1a: checkers>chess|Recover|p1a: checkers>chess
|-heal|p1a: checkers>chess|289\/394
|move|p2a: Aromatisse|Moonblast|p1a: checkers>chess
|-damage|p1a: checkers>chess|121\/394
|
|-heal|p2a: Aromatisse|329\/406|[from] item: Leftovers
|turn|210
|
|move|p1a: checkers>chess|Recover|p1a: checkers>chess
|-heal|p1a: checkers>chess|318\/394
|move|p2a: Aromatisse|Moonblast|p1a: checkers>chess
|-damage|p1a: checkers>chess|168\/394
|-unboost|p1a: checkers>chess|spa|1
|
|-heal|p2a: Aromatisse|354\/406|[from] item: Leftovers
|turn|211
|
|move|p1a: checkers>chess|Recover|p1a: checkers>chess
|-heal|p1a: checkers>chess|365\/394
|move|p2a: Aromatisse|Moonblast|p1a: checkers>chess
|-damage|p1a: checkers>chess|199\/394
|-unboost|p1a: checkers>chess|spa|1
|
|-heal|p2a: Aromatisse|379\/406|[from] item: Leftovers
|turn|212
|
|move|p1a: checkers>chess|Toxic|p2a: Aromatisse
|-status|p2a: Aromatisse|tox
|move|p2a: Aromatisse|Moonblast|p1a: checkers>chess
|-damage|p1a: checkers>chess|28\/394
|
|-heal|p2a: Aromatisse|404\/406 tox|[from] item: Leftovers
|-damage|p2a: Aromatisse|379\/406 tox|[from] psn
|turn|213
|
|switch|p2a: Heracross|Heracross, M|130\/302
|move|p1a: checkers>chess|Earthquake|p2a: Heracross
|-crit|p2a: Heracross
|-resisted|p2a: Heracross
|-damage|p2a: Heracross|37\/302
|
|turn|214
|
|switch|p1a: Fallon|Chansey, F|703\/703
|-damage|p1a: Fallon|616\/703|[from] Stealth Rock
|move|p2a: Heracross|Knock Off|p1a: Fallon
|-damage|p1a: Fallon|462\/703
|-enditem|p1a: Fallon|Eviolite|[from] move: Knock Off|[of] p2a: Heracross
|
|turn|215
|
|switch|p2a: Mew|Mew|404\/404
|move|p1a: Fallon|Seismic Toss|p2a: Mew
|-damage|p2a: Mew|304\/404
|
|-heal|p2a: Mew|329\/404|[from] item: Leftovers
|turn|216
|-message|Ethan700 lost due to inactivity.
|
|win|TCMK
|raw|Ladder updating...
|raw|TCMK's rating: 1506 &rarr; <strong>1526<\/strong><br \/>(+20 for winning)
|raw|Ethan700's rating: 1502 &rarr; <strong>1482<\/strong><br \/>(-20 for losing)
|chat|TCMK|loool
|leave|TCMK
|player|p1
|leave|Xenial