|join|TCMK
|join|Inferno Moose
|player|p1|TCMK|153
|player|p2|Inferno Moose|125
|gametype|singles
|gen|6
|tier|OU
|rated
|clearpoke
|poke|p1|Landorus-Therian, M
|poke|p1|Slowbro, M
|poke|p1|Amoonguss, F
|poke|p1|Bisharp, M
|poke|p1|Diancie
|poke|p1|Latios, M
|poke|p2|Latios, M
|poke|p2|Bisharp, F
|poke|p2|Keldeo
|poke|p2|Manectric, F
|poke|p2|Talonflame, F
|poke|p2|Chansey, F
|rule|Swagger Clause: Swagger is banned
|rule|Baton Pass Clause: Limit one Pokémon knowing Baton Pass
|rule|Sleep Clause Mod: Limit one foe put to sleep
|rule|Species Clause: Limit one of each Pokémon
|rule|OHKO Clause: OHKO moves are banned
|rule|Moody Clause: Moody is banned
|rule|Evasion Moves Clause: Evasion moves are banned
|rule|Endless Battle Clause: Forcing endless battles is banned
|rule|HP Percentage Mod: HP is shown in percentages
|teampreview
|
|start
|switch|p1a: Diancie|Diancie|257\/257
|switch|p2a: Keldeo|Keldeo|323\/323
|turn|1
|
|detailschange|p1a: Diancie|Diancie-Mega
|-mega|p1a: Diancie|Diancie|Diancite
|move|p1a: Diancie|Protect|p1a: Diancie
|-singleturn|p1a: Diancie|Protect
|move|p2a: Keldeo|Scald|p1a: Diancie
|-activate|p1a: Diancie|Protect
|
|turn|2
|
|switch|p1a: Amoonguss|Amoonguss, F|432\/432
|switch|p2a: Manectric|Manectric, F|281\/281
|
|turn|3
|
|detailschange|p2a: Manectric|Manectric-Mega, F
|-mega|p2a: Manectric|Manectric|Manectite
|-ability|p2a: Manectric|Intimidate|[of] p1a: Amoonguss
|-unboost|p1a: Amoonguss|atk|1
|move|p2a: Manectric|Volt Switch|p1a: Amoonguss
|-crit|p1a: Amoonguss
|-resisted|p1a: Amoonguss
|-damage|p1a: Amoonguss|319\/432
|
|switch|p2a: Chansey|Chansey, F|703\/703
|move|p1a: Amoonguss|Toxic|p2a: Chansey
|-status|p2a: Chansey|tox
|
|-heal|p1a: Amoonguss|346\/432|[from] item: Black Sludge
|-damage|p2a: Chansey|660\/703 tox|[from] psn
|turn|4
|
|switch|p2a: Talonflame|Talonflame, F|297\/297
|switch|p1a: Landorus-Therian|Landorus-Therian, M|381\/381
|-ability|p1a: Landorus-Therian|Intimidate|[of] p2a: Talonflame
|-unboost|p2a: Talonflame|atk|1
|
|turn|5
|
|move|p2a: Talonflame|U-turn|p1a: Landorus-Therian
|-resisted|p1a: Landorus-Therian
|-damage|p1a: Landorus-Therian|360\/381
|-damage|p2a: Talonflame|268\/297|[from] item: Life Orb
|
|switch|p2a: Keldeo|Keldeo|323\/323
|move|p1a: Landorus-Therian|Stealth Rock|p2a: Keldeo
|-sidestart|p2: Inferno Moose|move: Stealth Rock
|
|-heal|p1a: Landorus-Therian|381\/381|[from] item: Leftovers
|turn|6
|
|switch|p2a: Latios|Latios, M|301\/301
|-damage|p2a: Latios|264\/301|[from] Stealth Rock
|switch|p1a: Amoonguss|Amoonguss, F|432\/432
|
|-heal|p2a: Latios|282\/301|[from] item: Leftovers
|turn|7
|
|switch|p1a: Bisharp|Bisharp, M|279\/279
|move|p2a: Latios|Defog|p1a: Bisharp
|-unboost|p1a: Bisharp|evasion|1
|-boost|p1a: Bisharp|atk|2|[from] ability: Defiant
|-sideend|p2: Inferno Moose|Stealth Rock|[from] move: Defog|[of] p2a: Latios
|
|-heal|p2a: Latios|300\/301|[from] item: Leftovers
|turn|8
|
|move|p2a: Latios|Draco Meteor|p1a: Bisharp
|-crit|p1a: Bisharp
|-resisted|p1a: Bisharp
|-damage|p1a: Bisharp|36\/279
|-unboost|p2a: Latios|spa|2
|move|p1a: Bisharp|Knock Off|p2a: Latios
|-supereffective|p2a: Latios
|-damage|p2a: Latios|0 fnt
|-enditem|p2a: Latios|Leftovers|[from] move: Knock Off|[of] p1a: Bisharp
|-damage|p1a: Bisharp|9\/279|[from] item: Life Orb
|faint|p2a: Latios
|
|
|switch|p2a: Talonflame|Talonflame, F|268\/297
|turn|9
|c|★TCMK|lol k
|c|★Inferno Moose|??
|
|switch|p1a: Landorus-Therian|Landorus-Therian, M|381\/381
|-ability|p1a: Landorus-Therian|Intimidate|[of] p2a: Talonflame
|-unboost|p2a: Talonflame|atk|1
|move|p2a: Talonflame|Brave Bird|p1a: Landorus-Therian
|-damage|p1a: Landorus-Therian|271\/381
|-damage|p2a: Talonflame|232\/297|[from] recoil|[of] p1a: Landorus-Therian
|-damage|p2a: Talonflame|203\/297|[from] item: Life Orb
|
|-heal|p1a: Landorus-Therian|294\/381|[from] item: Leftovers
|turn|10
|
|switch|p2a: Manectric|Manectric-Mega, F|281\/281
|-ability|p2a: Manectric|Intimidate|[of] p1a: Landorus-Therian
|-unboost|p1a: Landorus-Therian|atk|1
|move|p1a: Landorus-Therian|Stealth Rock|p2a: Manectric
|-sidestart|p2: Inferno Moose|move: Stealth Rock
|
|-heal|p1a: Landorus-Therian|317\/381|[from] item: Leftovers
|turn|11
|
|switch|p1a: Amoonguss|Amoonguss, F|432\/432
|move|p2a: Manectric|Hidden Power|p1a: Amoonguss
|-supereffective|p1a: Amoonguss
|-damage|p1a: Amoonguss|272\/432
|
|-heal|p1a: Amoonguss|299\/432|[from] item: Black Sludge
|turn|12
|
|switch|p1a: Bisharp|Bisharp, M|9\/279
|move|p2a: Manectric|Flamethrower|p1a: Bisharp
|-supereffective|p1a: Bisharp
|-damage|p1a: Bisharp|0 fnt
|faint|p1a: Bisharp
|
|
|switch|p1a: Amoonguss|Amoonguss, F|432\/432
|turn|13
|
|move|p2a: Manectric|Flamethrower|p1a: Amoonguss
|-supereffective|p1a: Amoonguss
|-damage|p1a: Amoonguss|174\/432
|-status|p1a: Amoonguss|brn
|move|p1a: Amoonguss|Toxic|p2a: Manectric
|-status|p2a: Manectric|tox
|
|-heal|p1a: Amoonguss|201\/432 brn|[from] item: Black Sludge
|-damage|p2a: Manectric|264\/281 tox|[from] psn
|-damage|p1a: Amoonguss|147\/432 brn|[from] brn
|turn|14
|
|switch|p1a: Latios|Latios, M|309\/309
|move|p2a: Manectric|Volt Switch|p1a: Latios
|-resisted|p1a: Latios
|-damage|p1a: Latios|253\/309
|
|switch|p2a: Bisharp|Bisharp, F|271\/271
|-damage|p2a: Bisharp|255\/271|[from] Stealth Rock
|
|turn|15
|
|move|p1a: Latios|Thunderbolt|p2a: Bisharp
|-damage|p2a: Bisharp|78\/271
|-damage|p1a: Latios|223\/309|[from] item: Life Orb
|move|p2a: Bisharp|Swords Dance|p2a: Bisharp
|-boost|p2a: Bisharp|atk|2
|
|turn|16
|
|switch|p1a: Diancie|Diancie-Mega|257\/257
|move|p2a: Bisharp|Sucker Punch|p1a: Diancie
|-fail|p1a: Diancie
|
|turn|17
|
|move|p2a: Bisharp|Sucker Punch|p1a: Diancie
|-resisted|p1a: Diancie
|-damage|p1a: Diancie|66\/257
|-damage|p2a: Bisharp|51\/271|[from] item: Life Orb
|move|p1a: Diancie|Moonblast|p2a: Bisharp
|-damage|p2a: Bisharp|0 fnt
|faint|p2a: Bisharp
|
|
|switch|p2a: Manectric|Manectric-Mega, F|264\/281 tox
|-damage|p2a: Manectric|229\/281 tox|[from] Stealth Rock
|-ability|p2a: Manectric|Intimidate|[of] p1a: Diancie
|-unboost|p1a: Diancie|atk|1
|turn|18
|
|switch|p1a: Amoonguss|Amoonguss, F|291\/432 brn
|move|p2a: Manectric|Volt Switch|p1a: Amoonguss
|-resisted|p1a: Amoonguss
|-damage|p1a: Amoonguss|226\/432 brn
|
|switch|p2a: Talonflame|Talonflame, F|203\/297
|-damage|p2a: Talonflame|55\/297|[from] Stealth Rock
|
|-heal|p1a: Amoonguss|253\/432 brn|[from] item: Black Sludge
|-damage|p1a: Amoonguss|199\/432 brn|[from] brn
|turn|19
|
|switch|p1a: Slowbro|Slowbro, M|393\/393
|move|p2a: Talonflame|Roost|p2a: Talonflame
|-heal|p2a: Talonflame|204\/297
|
|turn|20
|
|move|p2a: Talonflame|U-turn|p1a: Slowbro
|-supereffective|p1a: Slowbro
|-damage|p1a: Slowbro|294\/393
|-damage|p2a: Talonflame|175\/297|[from] item: Life Orb
|
|switch|p2a: Manectric|Manectric-Mega, F|229\/281 tox
|-damage|p2a: Manectric|194\/281 tox|[from] Stealth Rock
|-ability|p2a: Manectric|Intimidate|[of] p1a: Slowbro
|-unboost|p1a: Slowbro|atk|1
|move|p1a: Slowbro|Scald|p2a: Manectric
|-damage|p2a: Manectric|86\/281 tox
|
|-heal|p1a: Slowbro|318\/393|[from] item: Leftovers
|-damage|p2a: Manectric|69\/281 tox|[from] psn
|turn|21
|
|switch|p1a: Amoonguss|Amoonguss, F|343\/432 brn
|move|p2a: Manectric|Flamethrower|p1a: Amoonguss
|-supereffective|p1a: Amoonguss
|-damage|p1a: Amoonguss|109\/432 brn
|
|-heal|p1a: Amoonguss|136\/432 brn|[from] item: Black Sludge
|-damage|p2a: Manectric|35\/281 tox|[from] psn
|-damage|p1a: Amoonguss|82\/432 brn|[from] brn
|turn|22
|-message|Inferno Moose forfeited.
|
|win|TCMK
|raw|Ladder updating...
|raw|TCMK's rating: 1579 &rarr; <strong>1594<\/strong><br \/>(+15 for winning)
|raw|Inferno Moose's rating: 1482 &rarr; <strong>1467<\/strong><br \/>(-15 for losing)
|c|★Inferno Moose|i hate stall cores
|c|★TCMK|you have
|c|★TCMK|a chansey