|join|Ligabue
|join|TCMK
|player|p1|Ligabue|53
|player|p2|TCMK|153
|gametype|singles
|gen|6
|tier|OU
|rated
|clearpoke
|poke|p1|Tyranitar, M
|poke|p1|Landorus, M
|poke|p1|Keldeo
|poke|p1|Skarmory, M
|poke|p1|Altaria, F
|poke|p1|Ferrothorn, F
|poke|p2|Landorus-Therian, M
|poke|p2|Slowbro, M
|poke|p2|Amoonguss, F
|poke|p2|Bisharp, M
|poke|p2|Diancie
|poke|p2|Latios, M
|rule|Swagger Clause: Swagger is banned
|rule|Baton Pass Clause: Limit one Pokémon knowing Baton Pass
|rule|Sleep Clause Mod: Limit one foe put to sleep
|rule|Species Clause: Limit one of each Pokémon
|rule|OHKO Clause: OHKO moves are banned
|rule|Moody Clause: Moody is banned
|rule|Evasion Moves Clause: Evasion moves are banned
|rule|Endless Battle Clause: Forcing endless battles is banned
|rule|HP Percentage Mod: HP is shown in percentages
|teampreview
|
|start
|switch|p1a: Landorus|Landorus, M|319\/319
|switch|p2a: Diancie|Diancie|257\/257
|turn|1
|join|y4
|
|detailschange|p2a: Diancie|Diancie-Mega
|-mega|p2a: Diancie|Diancie|Diancite
|move|p2a: Diancie|Protect|p2a: Diancie
|-singleturn|p2a: Diancie|Protect
|move|p1a: Landorus|Earth Power|p2a: Diancie
|-activate|p2a: Diancie|Protect
|
|turn|2
|
|switch|p2a: Latios|Latios, M|309\/309
|switch|p1a: Tyranitar|Tyranitar, M|342\/342
|-weather|Sandstorm
|
|-weather|Sandstorm|[upkeep]
|-damage|p2a: Latios|290\/309|[from] sandstorm
|turn|3
|join|y4 sucK
|
|move|p1a: Tyranitar|Pursuit|p2a: Latios|[from]Pursuit
|-supereffective|p2a: Latios
|-damage|p2a: Latios|0 fnt
|faint|p2a: Latios
|
|-weather|Sandstorm|[upkeep]
|c| y4|slammed
|
|switch|p2a: Landorus-Therian|Landorus-Therian, M|381\/381
|-ability|p2a: Landorus-Therian|Intimidate|[of] p1a: Tyranitar
|-unboost|p1a: Tyranitar|atk|1
|turn|4
|
|switch|p1a: Skarmory|Skarmory, M|333\/333
|move|p2a: Landorus-Therian|Stealth Rock|p1a: Skarmory
|-sidestart|p1: Ligabue|move: Stealth Rock
|
|-weather|Sandstorm|[upkeep]
|turn|5
|join|Clefairy
|
|move|p2a: Landorus-Therian|Knock Off|p1a: Skarmory
|-damage|p1a: Skarmory|273\/333
|-enditem|p1a: Skarmory|Shed Shell|[from] move: Knock Off|[of] p2a: Landorus-Therian
|move|p1a: Skarmory|Defog|p2a: Landorus-Therian
|-unboost|p2a: Landorus-Therian|evasion|1
|-sideend|p1: Ligabue|Stealth Rock|[from] move: Defog|[of] p1a: Skarmory
|
|-weather|Sandstorm|[upkeep]
|turn|6
|
|switch|p1a: Keldeo|Keldeo|324\/324
|move|p2a: Landorus-Therian|Stealth Rock|p1a: Keldeo
|-sidestart|p1: Ligabue|move: Stealth Rock
|
|-weather|none
|turn|7
|
|switch|p2a: Amoonguss|Amoonguss, F|432\/432
|move|p1a: Keldeo|Scald|p2a: Amoonguss
|-resisted|p2a: Amoonguss
|-damage|p2a: Amoonguss|357\/432
|
|-heal|p2a: Amoonguss|384\/432|[from] item: Black Sludge
|turn|8
|
|move|p1a: Keldeo|Calm Mind|p1a: Keldeo
|-boost|p1a: Keldeo|spa|1
|-boost|p1a: Keldeo|spd|1
|move|p2a: Amoonguss|Hidden Power|p1a: Keldeo
|-resisted|p1a: Keldeo
|-damage|p1a: Keldeo|308\/324
|
|-heal|p1a: Keldeo|324\/324|[from] item: Leftovers
|-heal|p2a: Amoonguss|411\/432|[from] item: Black Sludge
|turn|9
|
|move|p1a: Keldeo|Substitute|p1a: Keldeo
|-start|p1a: Keldeo|Substitute
|-damage|p1a: Keldeo|243\/324
|move|p2a: Amoonguss|Giga Drain|p1a: Keldeo
|-supereffective|p1a: Keldeo
|-end|p1a: Keldeo|Substitute
|-heal|p2a: Amoonguss|432\/432|[from] drain|[of] p1a: Keldeo
|
|-heal|p1a: Keldeo|263\/324|[from] item: Leftovers
|turn|10
|
|move|p1a: Keldeo|Substitute|p1a: Keldeo
|-start|p1a: Keldeo|Substitute
|-damage|p1a: Keldeo|182\/324
|move|p2a: Amoonguss|Giga Drain|p1a: Keldeo
|-supereffective|p1a: Keldeo
|-end|p1a: Keldeo|Substitute
|
|-heal|p1a: Keldeo|202\/324|[from] item: Leftovers
|turn|11
|
|move|p1a: Keldeo|Calm Mind|p1a: Keldeo
|-boost|p1a: Keldeo|spa|1
|-boost|p1a: Keldeo|spd|1
|move|p2a: Amoonguss|Giga Drain|p1a: Keldeo
|-supereffective|p1a: Keldeo
|-damage|p1a: Keldeo|106\/324
|
|-heal|p1a: Keldeo|126\/324|[from] item: Leftovers
|turn|12
|
|move|p1a: Keldeo|Scald|p2a: Amoonguss
|-resisted|p2a: Amoonguss
|-damage|p2a: Amoonguss|266\/432
|-status|p2a: Amoonguss|brn
|move|p2a: Amoonguss|Giga Drain|p1a: Keldeo
|-supereffective|p1a: Keldeo
|-damage|p1a: Keldeo|46\/324
|-heal|p2a: Amoonguss|306\/432 brn|[from] drain|[of] p1a: Keldeo
|
|-heal|p1a: Keldeo|66\/324|[from] item: Leftovers
|-heal|p2a: Amoonguss|333\/432 brn|[from] item: Black Sludge
|-damage|p2a: Amoonguss|279\/432 brn|[from] brn
|turn|13
|
|switch|p1a: Skarmory|Skarmory, M|273\/333
|-damage|p1a: Skarmory|232\/333|[from] Stealth Rock
|move|p2a: Amoonguss|Giga Drain|p1a: Skarmory
|-resisted|p1a: Skarmory
|-damage|p1a: Skarmory|205\/333
|-heal|p2a: Amoonguss|293\/432 brn|[from] drain|[of] p1a: Skarmory
|
|-heal|p2a: Amoonguss|320\/432 brn|[from] item: Black Sludge
|-damage|p2a: Amoonguss|266\/432 brn|[from] brn
|turn|14
|
|switch|p2a: Landorus-Therian|Landorus-Therian, M|381\/381
|-ability|p2a: Landorus-Therian|Intimidate|[of] p1a: Skarmory
|-unboost|p1a: Skarmory|atk|1
|move|p1a: Skarmory|Defog|p2a: Landorus-Therian
|-unboost|p2a: Landorus-Therian|evasion|1
|-sideend|p1: Ligabue|Stealth Rock|[from] move: Defog|[of] p1a: Skarmory
|
|turn|15
|
|move|p2a: Landorus-Therian|Stealth Rock|p1a: Skarmory
|-sidestart|p1: Ligabue|move: Stealth Rock
|move|p1a: Skarmory|Roost|p1a: Skarmory
|-heal|p1a: Skarmory|333\/333
|
|turn|16
|
|move|p2a: Landorus-Therian|Knock Off|p1a: Skarmory
|-damage|p1a: Skarmory|291\/333
|move|p1a: Skarmory|Counter|p2a: Landorus-Therian
|-damage|p2a: Landorus-Therian|297\/381
|
|-heal|p2a: Landorus-Therian|320\/381|[from] item: Leftovers
|turn|17
|
|move|p2a: Landorus-Therian|Knock Off|p1a: Skarmory
|-damage|p1a: Skarmory|253\/333
|move|p1a: Skarmory|Defog|p2a: Landorus-Therian
|-unboost|p2a: Landorus-Therian|evasion|1
|-sideend|p1: Ligabue|Stealth Rock|[from] move: Defog|[of] p1a: Skarmory
|
|-heal|p2a: Landorus-Therian|343\/381|[from] item: Leftovers
|turn|18
|
|switch|p1a: Keldeo|Keldeo|66\/324
|move|p2a: Landorus-Therian|Stealth Rock|p1a: Keldeo
|-sidestart|p1: Ligabue|move: Stealth Rock
|
|-heal|p1a: Keldeo|86\/324|[from] item: Leftovers
|-heal|p2a: Landorus-Therian|366\/381|[from] item: Leftovers
|turn|19
|
|switch|p2a: Amoonguss|Amoonguss, F|410\/432 brn
|move|p1a: Keldeo|Scald|p2a: Amoonguss
|-crit|p2a: Amoonguss
|-resisted|p2a: Amoonguss
|-damage|p2a: Amoonguss|299\/432 brn
|
|-heal|p1a: Keldeo|106\/324|[from] item: Leftovers
|-heal|p2a: Amoonguss|326\/432 brn|[from] item: Black Sludge
|-damage|p2a: Amoonguss|272\/432 brn|[from] brn
|turn|20
|
|switch|p1a: Skarmory|Skarmory, M|253\/333
|-damage|p1a: Skarmory|212\/333|[from] Stealth Rock
|switch|p2a: Slowbro|Slowbro, M|393\/393
|
|turn|21
|
|switch|p1a: Altaria|Altaria, F|309\/309
|-damage|p1a: Altaria|232\/309|[from] Stealth Rock
|move|p2a: Slowbro|Scald|p1a: Altaria
|-resisted|p1a: Altaria
|-damage|p1a: Altaria|184\/309
|-status|p1a: Altaria|brn
|
|-damage|p1a: Altaria|146\/309 brn|[from] brn
|turn|22
|
|move|p1a: Altaria|Roost|p1a: Altaria
|-heal|p1a: Altaria|301\/309 brn
|move|p2a: Slowbro|Scald|p1a: Altaria
|-resisted|p1a: Altaria
|-damage|p1a: Altaria|252\/309 brn
|
|-damage|p1a: Altaria|214\/309 brn|[from] brn
|turn|23
|
|detailschange|p1a: Altaria|Altaria-Mega, F
|-mega|p1a: Altaria|Altaria|Altarianite
|move|p1a: Altaria|Hyper Voice|p2a: Slowbro
|-damage|p2a: Slowbro|141\/393
|move|p2a: Slowbro|Scald|p1a: Altaria
|-resisted|p1a: Altaria
|-damage|p1a: Altaria|168\/309 brn
|
|-heal|p2a: Slowbro|165\/393|[from] item: Leftovers
|-damage|p1a: Altaria|130\/309 brn|[from] brn
|turn|24
|
|switch|p2a: Amoonguss|Amoonguss, F|416\/432 brn
|move|p1a: Altaria|Fire Blast|p2a: Amoonguss|[miss]
|-miss|p1a: Altaria|p2a: Amoonguss
|
|-heal|p2a: Amoonguss|432\/432 brn|[from] item: Black Sludge
|-damage|p1a: Altaria|92\/309 brn|[from] brn
|-damage|p2a: Amoonguss|378\/432 brn|[from] brn
|turn|25
|c|★Ligabue|die by tbc
|c|★Ligabue|noob
|
|move|p1a: Altaria|Roost|p1a: Altaria
|-heal|p1a: Altaria|247\/309 brn
|move|p2a: Amoonguss|Clear Smog|p1a: Altaria
|-crit|p1a: Altaria
|-supereffective|p1a: Altaria
|-damage|p1a: Altaria|91\/309 brn
|-clearboost|p1a: Altaria
|
|-heal|p2a: Amoonguss|405\/432 brn|[from] item: Black Sludge
|-damage|p1a: Altaria|53\/309 brn|[from] brn
|-damage|p2a: Amoonguss|351\/432 brn|[from] brn
|turn|26
|join|TOTEMO
|
|move|p1a: Altaria|Roost|p1a: Altaria
|-heal|p1a: Altaria|208\/309 brn
|move|p2a: Amoonguss|Clear Smog|p1a: Altaria
|-supereffective|p1a: Altaria
|-damage|p1a: Altaria|104\/309 brn
|-clearboost|p1a: Altaria
|
|-heal|p2a: Amoonguss|378\/432 brn|[from] item: Black Sludge
|-damage|p1a: Altaria|66\/309 brn|[from] brn
|-damage|p2a: Amoonguss|324\/432 brn|[from] brn
|turn|27
|
|move|p1a: Altaria|Roost|p1a: Altaria
|-heal|p1a: Altaria|221\/309 brn
|move|p2a: Amoonguss|Clear Smog|p1a: Altaria
|-supereffective|p1a: Altaria
|-damage|p1a: Altaria|125\/309 brn
|-clearboost|p1a: Altaria
|
|-heal|p2a: Amoonguss|351\/432 brn|[from] item: Black Sludge
|-damage|p1a: Altaria|87\/309 brn|[from] brn
|-damage|p2a: Amoonguss|297\/432 brn|[from] brn
|turn|28
|
|move|p1a: Altaria|Fire Blast|p2a: Amoonguss
|-supereffective|p2a: Amoonguss
|-damage|p2a: Amoonguss|37\/432 brn
|move|p2a: Amoonguss|Clear Smog|p1a: Altaria
|-supereffective|p1a: Altaria
|-damage|p1a: Altaria|0 fnt
|-clearboost|p1a: Altaria
|faint|p1a: Altaria
|
|-heal|p2a: Amoonguss|64\/432 brn|[from] item: Black Sludge
|-damage|p2a: Amoonguss|10\/432 brn|[from] brn
|
|switch|p1a: Landorus|Landorus, M|319\/319
|-damage|p1a: Landorus|280\/319|[from] Stealth Rock
|turn|29
|c| y4|yo clear smog
|c| y4|or u lose
|c|★TCMK|thanks for the advice
|c| y4|np
|c| y4 sucK|dnt listen he sucK
|c|★Ligabue|lol
|c| y4|V_V
|
|move|p1a: Landorus|Stealth Rock|p2a: Amoonguss
|-sidestart|p2: TCMK|move: Stealth Rock
|move|p2a: Amoonguss|Toxic|p1a: Landorus
|-status|p1a: Landorus|tox
|
|-heal|p2a: Amoonguss|37\/432 brn|[from] item: Black Sludge
|-damage|p1a: Landorus|261\/319 tox|[from] psn
|-damage|p2a: Amoonguss|0 fnt|[from] brn
|faint|p2a: Amoonguss
|c| y4|u got toxic on everything bro
|
|switch|p2a: Diancie|Diancie-Mega|257\/257
|-damage|p2a: Diancie|225\/257|[from] Stealth Rock
|turn|30
|
|move|p2a: Diancie|Protect|p2a: Diancie
|-singleturn|p2a: Diancie|Protect
|move|p1a: Landorus|Earth Power|p2a: Diancie
|-activate|p2a: Diancie|Protect
|
|-damage|p1a: Landorus|223\/319 tox|[from] psn
|turn|31
|
|move|p2a: Diancie|Moonblast|p1a: Landorus
|-damage|p1a: Landorus|0 fnt
|faint|p1a: Landorus
|
|
|switch|p1a: Ferrothorn|Ferrothorn, F|352\/352
|-damage|p1a: Ferrothorn|330\/352|[from] Stealth Rock
|turn|32
|
|switch|p2a: Slowbro|Slowbro, M|296\/393
|-damage|p2a: Slowbro|247\/393|[from] Stealth Rock
|move|p1a: Ferrothorn|Power Whip|p2a: Slowbro
|-supereffective|p2a: Slowbro
|-damage|p2a: Slowbro|79\/393
|
|-heal|p2a: Slowbro|103\/393|[from] item: Leftovers
|-heal|p1a: Ferrothorn|352\/352|[from] item: Leftovers
|turn|33
|
|switch|p1a: Tyranitar|Tyranitar, M|342\/342
|-damage|p1a: Tyranitar|300\/342|[from] Stealth Rock
|-weather|Sandstorm
|move|p2a: Slowbro|Slack Off|p2a: Slowbro
|-heal|p2a: Slowbro|300\/393
|
|-weather|Sandstorm|[upkeep]
|-damage|p2a: Slowbro|276\/393|[from] sandstorm
|-heal|p2a: Slowbro|300\/393|[from] item: Leftovers
|turn|34
|
|move|p1a: Tyranitar|Crunch|p2a: Slowbro
|-supereffective|p2a: Slowbro
|-damage|p2a: Slowbro|118\/393
|-unboost|p2a: Slowbro|def|1
|move|p2a: Slowbro|Slack Off|p2a: Slowbro
|-heal|p2a: Slowbro|315\/393
|
|-weather|Sandstorm|[upkeep]
|-damage|p2a: Slowbro|291\/393|[from] sandstorm
|-heal|p2a: Slowbro|315\/393|[from] item: Leftovers
|turn|35
|
|switch|p1a: Keldeo|Keldeo|106\/324
|-damage|p1a: Keldeo|86\/324|[from] Stealth Rock
|switch|p2a: Landorus-Therian|Landorus-Therian, M|366\/381
|-damage|p2a: Landorus-Therian|319\/381|[from] Stealth Rock
|-ability|p2a: Landorus-Therian|Intimidate|[of] p1a: Keldeo
|-unboost|p1a: Keldeo|atk|1
|
|-weather|Sandstorm|[upkeep]
|-damage|p1a: Keldeo|66\/324|[from] sandstorm
|-heal|p1a: Keldeo|86\/324|[from] item: Leftovers
|-heal|p2a: Landorus-Therian|342\/381|[from] item: Leftovers
|turn|36
|
|switch|p2a: Slowbro|Slowbro, M|393\/393
|-damage|p2a: Slowbro|344\/393|[from] Stealth Rock
|move|p1a: Keldeo|Scald|p2a: Slowbro
|-resisted|p2a: Slowbro
|-damage|p2a: Slowbro|256\/393
|-status|p2a: Slowbro|brn
|
|-weather|Sandstorm|[upkeep]
|-damage|p1a: Keldeo|66\/324|[from] sandstorm
|-damage|p2a: Slowbro|232\/393 brn|[from] sandstorm
|-heal|p1a: Keldeo|86\/324|[from] item: Leftovers
|-heal|p2a: Slowbro|256\/393 brn|[from] item: Leftovers
|-damage|p2a: Slowbro|207\/393 brn|[from] brn
|turn|37
|c| y4|los scald burn
|c|★Ligabue|los
|c|★Ligabue|fireblast
|c|★Ligabue|of the game miss
|c|★Ligabue|-.-
|c| y4|:>
|
|switch|p1a: Tyranitar|Tyranitar, M|300\/342
|-damage|p1a: Tyranitar|258\/342|[from] Stealth Rock
|move|p2a: Slowbro|Slack Off|p2a: Slowbro
|-heal|p2a: Slowbro|393\/393 brn
|
|-weather|none
|-damage|p2a: Slowbro|344\/393 brn|[from] brn
|turn|38
|
|switch|p2a: Landorus-Therian|Landorus-Therian, M|342\/381
|-damage|p2a: Landorus-Therian|295\/381|[from] Stealth Rock
|-ability|p2a: Landorus-Therian|Intimidate|[of] p1a: Tyranitar
|-unboost|p1a: Tyranitar|atk|1
|move|p1a: Tyranitar|Crunch|p2a: Landorus-Therian
|-crit|p2a: Landorus-Therian
|-damage|p2a: Landorus-Therian|105\/381
|
|-heal|p2a: Landorus-Therian|128\/381|[from] item: Leftovers
|turn|39
|
|switch|p1a: Skarmory|Skarmory, M|212\/333
|-damage|p1a: Skarmory|171\/333|[from] Stealth Rock
|move|p2a: Landorus-Therian|U-turn|p1a: Skarmory
|-resisted|p1a: Skarmory
|-damage|p1a: Skarmory|160\/333
|
|switch|p2a: Slowbro|Slowbro, M|393\/393 brn
|-damage|p2a: Slowbro|344\/393 brn|[from] Stealth Rock
|
|-heal|p2a: Slowbro|368\/393 brn|[from] item: Leftovers
|-damage|p2a: Slowbro|319\/393 brn|[from] brn
|turn|40
|
|move|p1a: Skarmory|Roost|p1a: Skarmory
|-heal|p1a: Skarmory|327\/333
|move|p2a: Slowbro|Scald|p1a: Skarmory
|-damage|p1a: Skarmory|189\/333
|-status|p1a: Skarmory|brn
|
|-heal|p2a: Slowbro|343\/393 brn|[from] item: Leftovers
|-damage|p1a: Skarmory|148\/333 brn|[from] brn
|-damage|p2a: Slowbro|294\/393 brn|[from] brn
|turn|41
|
|move|p1a: Skarmory|Roost|p1a: Skarmory
|-heal|p1a: Skarmory|315\/333 brn
|move|p2a: Slowbro|Slack Off|p2a: Slowbro
|-heal|p2a: Slowbro|393\/393 brn
|
|-damage|p1a: Skarmory|274\/333 brn|[from] brn
|-damage|p2a: Slowbro|344\/393 brn|[from] brn
|turn|42
|
|switch|p1a: Tyranitar|Tyranitar, M|258\/342
|-damage|p1a: Tyranitar|216\/342|[from] Stealth Rock
|-weather|Sandstorm
|move|p2a: Slowbro|Scald|p1a: Tyranitar
|-supereffective|p1a: Tyranitar
|-damage|p1a: Tyranitar|88\/342
|
|-weather|Sandstorm|[upkeep]
|-damage|p2a: Slowbro|320\/393 brn|[from] sandstorm
|-heal|p2a: Slowbro|344\/393 brn|[from] item: Leftovers
|-damage|p2a: Slowbro|295\/393 brn|[from] brn
|turn|43
|leave|Clefairy
|
|move|p1a: Tyranitar|Crunch|p2a: Slowbro
|-supereffective|p2a: Slowbro
|-damage|p2a: Slowbro|91\/393 brn
|move|p2a: Slowbro|Scald|p1a: Tyranitar
|-supereffective|p1a: Tyranitar
|-damage|p1a: Tyranitar|0 fnt
|faint|p1a: Tyranitar
|
|-weather|Sandstorm|[upkeep]
|-damage|p2a: Slowbro|67\/393 brn|[from] sandstorm
|-heal|p2a: Slowbro|91\/393 brn|[from] item: Leftovers
|-damage|p2a: Slowbro|42\/393 brn|[from] brn
|
|switch|p1a: Keldeo|Keldeo|86\/324
|-damage|p1a: Keldeo|66\/324|[from] Stealth Rock
|turn|44
|
|switch|p2a: Landorus-Therian|Landorus-Therian, M|128\/381
|-damage|p2a: Landorus-Therian|81\/381|[from] Stealth Rock
|-ability|p2a: Landorus-Therian|Intimidate|[of] p1a: Keldeo
|-unboost|p1a: Keldeo|atk|1
|move|p1a: Keldeo|Scald|p2a: Landorus-Therian
|-supereffective|p2a: Landorus-Therian
|-damage|p2a: Landorus-Therian|0 fnt
|faint|p2a: Landorus-Therian
|
|-weather|Sandstorm|[upkeep]
|-damage|p1a: Keldeo|46\/324|[from] sandstorm
|-heal|p1a: Keldeo|66\/324|[from] item: Leftovers
|
|switch|p2a: Diancie|Diancie-Mega|225\/257
|-damage|p2a: Diancie|193\/257|[from] Stealth Rock
|turn|45
|
|switch|p1a: Ferrothorn|Ferrothorn, F|352\/352
|-damage|p1a: Ferrothorn|330\/352|[from] Stealth Rock
|move|p2a: Diancie|Earth Power|p1a: Ferrothorn
|-damage|p1a: Ferrothorn|253\/352
|
|-weather|Sandstorm|[upkeep]
|-heal|p1a: Ferrothorn|275\/352|[from] item: Leftovers
|turn|46
|
|switch|p2a: Bisharp|Bisharp, M|279\/279
|-damage|p2a: Bisharp|262\/279|[from] Stealth Rock
|move|p1a: Ferrothorn|Leech Seed|p2a: Bisharp
|-start|p2a: Bisharp|move: Leech Seed
|
|-weather|none
|-heal|p1a: Ferrothorn|297\/352|[from] item: Leftovers
|-damage|p2a: Bisharp|228\/279|[from] Leech Seed|[of] p1a: Ferrothorn
|-heal|p1a: Ferrothorn|331\/352|[silent]
|turn|47
|
|switch|p1a: Skarmory|Skarmory, M|274\/333 brn
|-damage|p1a: Skarmory|233\/333 brn|[from] Stealth Rock
|move|p2a: Bisharp|Knock Off|p1a: Skarmory
|-damage|p1a: Skarmory|147\/333 brn
|-damage|p2a: Bisharp|201\/279|[from] item: Life Orb
|
|-damage|p2a: Bisharp|167\/279|[from] Leech Seed|[of] p1a: Skarmory
|-heal|p1a: Skarmory|181\/333 brn|[silent]
|-damage|p1a: Skarmory|140\/333 brn|[from] brn
|turn|48
|
|switch|p2a: Slowbro|Slowbro, M|173\/393 brn
|-damage|p2a: Slowbro|124\/393 brn|[from] Stealth Rock
|switch|p1a: Ferrothorn|Ferrothorn, F|331\/352
|-damage|p1a: Ferrothorn|309\/352|[from] Stealth Rock
|
|-heal|p2a: Slowbro|148\/393 brn|[from] item: Leftovers
|-heal|p1a: Ferrothorn|331\/352|[from] item: Leftovers
|-damage|p2a: Slowbro|99\/393 brn|[from] brn
|turn|49
|
|move|p2a: Slowbro|Slack Off|p2a: Slowbro
|-heal|p2a: Slowbro|296\/393 brn
|move|p1a: Ferrothorn|Power Whip|p2a: Slowbro
|-supereffective|p2a: Slowbro
|-damage|p2a: Slowbro|98\/393 brn
|
|-heal|p2a: Slowbro|122\/393 brn|[from] item: Leftovers
|-heal|p1a: Ferrothorn|352\/352|[from] item: Leftovers
|-damage|p2a: Slowbro|73\/393 brn|[from] brn
|turn|50
|
|switch|p2a: Bisharp|Bisharp, M|167\/279
|-damage|p2a: Bisharp|150\/279|[from] Stealth Rock
|move|p1a: Ferrothorn|Leech Seed|p2a: Bisharp
|-start|p2a: Bisharp|move: Leech Seed
|
|-damage|p2a: Bisharp|116\/279|[from] Leech Seed|[of] p1a: Ferrothorn
|turn|51
|
|move|p2a: Bisharp|Knock Off|p1a: Ferrothorn
|-damage|p1a: Ferrothorn|199\/352
|-damage|p2a: Bisharp|82\/279|[from] ability: Iron Barbs|[of] p1a: Ferrothorn
|-enditem|p1a: Ferrothorn|Leftovers|[from] move: Knock Off|[of] p2a: Bisharp
|-damage|p2a: Bisharp|55\/279|[from] item: Life Orb
|move|p1a: Ferrothorn|Power Whip|p2a: Bisharp
|-resisted|p2a: Bisharp
|-damage|p2a: Bisharp|0 fnt
|faint|p2a: Bisharp
|
|
|switch|p2a: Slowbro|Slowbro, M|204\/393 brn
|-damage|p2a: Slowbro|155\/393 brn|[from] Stealth Rock
|turn|52
|
|switch|p1a: Keldeo|Keldeo|66\/324
|-damage|p1a: Keldeo|46\/324|[from] Stealth Rock
|move|p2a: Slowbro|Flamethrower|p1a: Keldeo
|-resisted|p1a: Keldeo
|-damage|p1a: Keldeo|9\/324
|-status|p1a: Keldeo|brn
|
|-heal|p1a: Keldeo|29\/324 brn|[from] item: Leftovers
|-heal|p2a: Slowbro|179\/393 brn|[from] item: Leftovers
|-damage|p1a: Keldeo|0 fnt|[from] brn
|-damage|p2a: Slowbro|130\/393 brn|[from] brn
|faint|p1a: Keldeo
|c|★Ligabue|.,.
|c|★Ligabue|.-..
|c|★Ligabue|L+SA+
|c|★Ligabue|GFSMKLèDG
|c|★Ligabue|LòS
|c|★Ligabue|h
|c|★Ligabue|FJH
|c|★Ligabue|JHFL
|c|★Ligabue|HK
|c|★Ligabue|HNL
|c|★Ligabue|fL
|c|★Ligabue|xc
|c|★Ligabue|bN
|c|★Ligabue|df
|c|★TCMK|did that even matter
|join|la douleur exquise
|c|★Ligabue|how to fully outplay
|c|★TCMK|i jst toxic you next turn and keep pressing slack off
|c|★TCMK|lol
|c|★Ligabue|ur oppo and lose
|c|★TCMK|u didnt
|c|★TCMK|even
|c|★Ligabue|lol sure
|c|★TCMK|outplay because keldeo would have fucking died in like
|c|★TCMK|3 turns
|c|★Ligabue|watch the log
|c|★TCMK|lool
|c|★TCMK|only turn you outplayed me
|c|★TCMK|was alt on the switch to amoongus
|c|★Ligabue|shut up
|c|★Ligabue|plz
|c|★Ligabue|remember how did u lose latios
|c|★Ligabue|and try to learn
|c|★Ligabue|how to play this game
|c|★TCMK|remember how you lost to slowbro
|c|★Ligabue|withouth haxing
|
|switch|p1a: Ferrothorn|Ferrothorn, F|199\/352
|-damage|p1a: Ferrothorn|177\/352|[from] Stealth Rock
|turn|53
|
|move|p2a: Slowbro|Flamethrower|p1a: Ferrothorn
|-supereffective|p1a: Ferrothorn
|-damage|p1a: Ferrothorn|0 fnt
|faint|p1a: Ferrothorn
|
|-heal|p2a: Slowbro|154\/393 brn|[from] item: Leftovers
|-damage|p2a: Slowbro|105\/393 brn|[from] brn
|c|★TCMK|nigga actually thinks
|
|switch|p1a: Skarmory|Skarmory, M|140\/333 brn
|-damage|p1a: Skarmory|99\/333 brn|[from] Stealth Rock
|turn|54
|c|★TCMK|that burn mattered
|c|★Ligabue|lol
|c|★TCMK|this nigg a crazy lool
|c|★Ligabue|sure
|
|move|p1a: Skarmory|Roost|p1a: Skarmory
|-heal|p1a: Skarmory|266\/333 brn
|move|p2a: Slowbro|Slack Off|p2a: Slowbro
|-heal|p2a: Slowbro|302\/393 brn
|
|-heal|p2a: Slowbro|326\/393 brn|[from] item: Leftovers
|-damage|p1a: Skarmory|225\/333 brn|[from] brn
|-damage|p2a: Slowbro|277\/393 brn|[from] brn
|turn|55
|c|★TCMK|that's like saying a crit against a mon at 20 percent
|c|★TCMK|mattered
|c|★Ligabue|i save this log
|c|★Ligabue|to share
|c|★TCMK|save it of you losing, go ahead lol
|c|★Ligabue|how noob and lucky u r
|c|★Ligabue|at the same time
|c|★Ligabue|cya
|c|★TCMK|I'm pretty sure
|c|★TCMK|your just bad
|-message|Ligabue forfeited.
|
|win|TCMK
|raw|Ladder updating...
|c|★TCMK|looks at your win loss
|raw|Ligabue's rating: 1635 &rarr; <strong>1615<\/strong><br \/>(-20 for losing)
|raw|TCMK's rating: 1633 &rarr; <strong>1654<\/strong><br \/>(+21 for winning)
|c|★TCMK|you arent that good
|c|★Ligabue|just testing
|c| y4|fuckin slammed
|c| y4|SIMPLY
|c|★Ligabue|^
|c| y4|TESTING
|c|★TCMK|you've played how many games