|join|Torm
|join|sniperaim
|player|p1|Torm|107
|player|p2|sniperaim|220
|gametype|singles
|gen|6
|tier|UU
|rule|Sleep Clause Mod: Limit one foe put to sleep
|rule|Species Clause: Limit one of each Pokémon
|rule|OHKO Clause: OHKO moves are banned
|rule|Moody Clause: Moody is banned
|rule|Evasion Moves Clause: Evasion moves are banned
|rule|Endless Battle Clause: Forcing endless battles is banned
|rule|HP Percentage Mod: HP is shown in percentages
|clearpoke
|poke|p1|Mienshao, M
|poke|p1|Hydreigon, M
|poke|p1|Lucario, M
|poke|p1|Ampharos, M
|poke|p1|Gligar, M
|poke|p1|Empoleon, M
|poke|p2|Azelf
|poke|p2|Raikou, shiny
|poke|p2|Nidoqueen, F
|poke|p2|Hawlucha, M, shiny
|poke|p2|Mienshao, F
|poke|p2|Lucario, M
|rule|Swagger Clause: Swagger is banned
|rule|Baton Pass Clause: Limit one Pokémon knowing Baton Pass
|teampreview
|join|Dracp
|join|ULT Benja
|join|so dynamic
|c| ULT Benja|im walkin on sunshine OHHHH
|join|Tryce
|
|start
|switch|p1a: Gligar|Gligar, M|334\/334
|switch|p2a: Chingg|Azelf|292\/292
|turn|1
|join|Duskt70
|
|move|p2a: Chingg|Taunt|p1a: Gligar
|-start|p1a: Gligar|move: Taunt
|move|p1a: Gligar|U-turn|p2a: Chingg
|-supereffective|p2a: Chingg
|-damage|p2a: Chingg|166\/292
|
|switch|p1a: Hydreigon|Hydreigon, M|325\/325
|
|turn|2
|
|move|p1a: Hydreigon|Dark Pulse|p2a: Chingg
|-supereffective|p2a: Chingg
|-damage|p2a: Chingg|0 fnt
|faint|p2a: Chingg
|
|
|switch|p2a: Beat it up|Lucario, M|282\/282
|turn|3
|
|switch|p1a: Gligar|Gligar, M|334\/334
|move|p2a: Beat it up|Swords Dance|p2a: Beat it up
|-boost|p2a: Beat it up|atk|2
|
|turn|4
|c| ULT Benja|go torm!
|
|switch|p2a: Nacho Libre|Hawlucha, M, shiny|297\/297
|move|p1a: Gligar|Earthquake|p2a: Nacho Libre
|-immune|p2a: Nacho Libre|[msg]
|
|turn|5
|
|move|p2a: Nacho Libre|Swords Dance|p2a: Nacho Libre
|-boost|p2a: Nacho Libre|atk|2
|move|p1a: Gligar|U-turn|p2a: Nacho Libre
|-resisted|p2a: Nacho Libre
|-damage|p2a: Nacho Libre|284\/297
|
|switch|p1a: Hydreigon|Hydreigon, M|325\/325
|
|turn|6
|join|Emma Bae ♥
|c| Emma Bae ♥|3 fighting types on sniperaims team
|join|Luna Bae ♥
|c| Emma Bae ♥|that psychic weakness is real
|join|Niteck
|c| Luna Bae ♥|+ queen
|c| Emma Bae ♥|i know 
|c| so dynamic|well mew is going up anyways
|join|Derpsaur
|c| Luna Bae ♥|wait that rumours true :|?
|c| Duskt70|reveal zen headbutt hydreigon
|
|switch|p2a: Nidoqueen|Nidoqueen, F|362\/362
|move|p1a: Hydreigon|Draco Meteor|p2a: Nidoqueen|[miss]
|-miss|p1a: Hydreigon|p2a: Nidoqueen
|
|turn|7
|c| so dynamic|shouldve predicted the draco miss
|join|Pirate Marowak
|c| ULT Benja|queen lives the draco meteor
|
|switch|p1a: Mienshao|Mienshao, M|271\/271
|move|p2a: Nidoqueen|Ice Beam|p1a: Mienshao
|-damage|p1a: Mienshao|72\/271
|
|turn|8
|leave|Luna Bae ♥
|c| Tryce|how do you avoid a meteor?
|
|move|p1a: Mienshao|Knock Off|p2a: Nidoqueen
|-damage|p2a: Nidoqueen|198\/362
|-enditem|p2a: Nidoqueen|Life Orb|[from] move: Knock Off|[of] p1a: Mienshao
|-damage|p1a: Mienshao|45\/271|[from] item: Life Orb
|move|p2a: Nidoqueen|Ice Beam|p1a: Mienshao
|-damage|p1a: Mienshao|0 fnt
|faint|p1a: Mienshao
|
|c| Duskt70|agility
|c| Duskt70|and a bit of luck
|leave|Emma Bae ♥
|join|PrettySmallDick
|
|switch|p1a: Empoleon|Empoleon, M|372\/372
|turn|9
|join|Ultra Possum
|
|move|p2a: Nidoqueen|Stealth Rock|p1a: Empoleon
|-sidestart|p1: Torm|move: Stealth Rock
|move|p1a: Empoleon|Scald|p2a: Nidoqueen
|-supereffective|p2a: Nidoqueen
|-damage|p2a: Nidoqueen|0 fnt
|faint|p2a: Nidoqueen
|
|c| ULT Benja|shooby dowap zepow hizzle shizzle middle pewoz
|
|switch|p2a: Beat it up|Lucario, M|282\/282
|turn|10
|
|switch|p1a: Gligar|Gligar, M|334\/334
|-damage|p1a: Gligar|293\/334|[from] Stealth Rock
|move|p2a: Beat it up|Swords Dance|p2a: Beat it up
|-boost|p2a: Beat it up|atk|2
|
|turn|11
|
|move|p2a: Beat it up|Crunch|p1a: Gligar
|-damage|p1a: Gligar|176\/334
|-damage|p2a: Beat it up|254\/282|[from] item: Life Orb
|move|p1a: Gligar|Earthquake|p2a: Beat it up
|-supereffective|p2a: Beat it up
|-damage|p2a: Beat it up|0 fnt
|faint|p2a: Beat it up
|
|
|switch|p2a: Nacho Libre|Hawlucha, M, shiny|284\/297
|turn|12
|
|move|p2a: Nacho Libre|Sky Attack|p1a: Gligar|[still]
|-prepare|p2a: Nacho Libre|Sky Attack|p1a: Gligar
|-enditem|p2a: Nacho Libre|Power Herb
|-anim|p2a: Nacho Libre|Sky Attack|p1a: Gligar
|-damage|p1a: Gligar|71\/334
|move|p1a: Gligar|U-turn|p2a: Nacho Libre
|-resisted|p2a: Nacho Libre
|-damage|p2a: Nacho Libre|271\/297
|
|switch|p1a: Ampharos|Ampharos, M|322\/322
|-damage|p1a: Ampharos|282\/322|[from] Stealth Rock
|
|turn|13
|
|detailschange|p1a: Ampharos|Ampharos-Mega, M
|message|Ampharos has Mega Evolved into Mega Ampharos!
|-ability|p1a: Ampharos|Mold Breaker
|move|p2a: Nacho Libre|High Jump Kick|p1a: Ampharos
|-damage|p1a: Ampharos|98\/322
|move|p1a: Ampharos|Volt Switch|p2a: Nacho Libre
|-supereffective|p2a: Nacho Libre
|-damage|p2a: Nacho Libre|0 fnt
|faint|p2a: Nacho Libre
|
|switch|p1a: Hydreigon|Hydreigon, M|325\/325
|-damage|p1a: Hydreigon|285\/325|[from] Stealth Rock
|
|join|rampallian
|
|switch|p2a: Shao-Ming|Mienshao, F|272\/272
|turn|14
|leave|rampallian
|
|switch|p1a: Ampharos|Ampharos-Mega, M|98\/322
|-damage|p1a: Ampharos|58\/322|[from] Stealth Rock
|-ability|p1a: Ampharos|Mold Breaker
|move|p2a: Shao-Ming|High Jump Kick|p1a: Ampharos
|-damage|p1a: Ampharos|0 fnt
|faint|p1a: Ampharos
|
|join|ult bopsquad
|
|switch|p1a: Gligar|Gligar, M|71\/334
|-damage|p1a: Gligar|30\/334|[from] Stealth Rock
|turn|15
|
|move|p2a: Shao-Ming|High Jump Kick|p1a: Gligar
|-resisted|p1a: Gligar
|-damage|p1a: Gligar|0 fnt
|faint|p1a: Gligar
|
|c| ult bopsquad|bop
|
|switch|p1a: Lucario|Lucario, M|281\/281
|-damage|p1a: Lucario|273\/281|[from] Stealth Rock
|turn|16
|c|★sniperaim|3 more
|c|★sniperaim|cmon
|c| Duskt70|hi dingbat
|c| ult bopsquad|don't
|c| ult bopsquad|miss
|
|move|p2a: Shao-Ming|High Jump Kick|p1a: Lucario
|-supereffective|p1a: Lucario
|-damage|p1a: Lucario|0 fnt
|faint|p1a: Lucario
|
|c| ult bopsquad|k
|c| ult bopsquad|?
|
|switch|p1a: Hydreigon|Hydreigon, M|285\/325
|-damage|p1a: Hydreigon|245\/325|[from] Stealth Rock
|turn|17
|
|move|p2a: Shao-Ming|High Jump Kick|p1a: Hydreigon
|-supereffective|p1a: Hydreigon
|-damage|p1a: Hydreigon|0 fnt
|faint|p1a: Hydreigon
|
|c| ULT Benja|nuuuuu
|
|switch|p1a: Empoleon|Empoleon, M|372\/372
|-damage|p1a: Empoleon|349\/372|[from] Stealth Rock
|turn|18
|c|★sniperaim|CLUTCHHH
|c| ult bopsquad|use
|c| ult bopsquad|protect
|
|move|p2a: Shao-Ming|High Jump Kick|p1a: Empoleon
|-supereffective|p1a: Empoleon
|-damage|p1a: Empoleon|0 fnt
|faint|p1a: Empoleon
|
|win|sniperaim
|c| ult bopsquad|pls
|leave|Torm
|player|p1
|leave|so dynamic
|leave|ult bopsquad
|leave|Duskt70
|leave|ULT Benja
|leave|Derpsaur
|join|Torm
|leave|Dracp
|leave|Niteck
|leave|Torm
|join|ult bopsquad
|join|Dracp
|leave|ult bopsquad
|leave|Dracp
|leave|Pirate Marowak
|leave|PrettySmallDick
|join|PrettySmallDick
|leave|PrettySmallDick