|join|ExoticUmbreon
|join|sniperaim
|player|p1|ExoticUmbreon|293
|player|p2|sniperaim|220
|gametype|singles
|gen|6
|tier|UU
|rule|Sleep Clause Mod: Limit one foe put to sleep
|rule|Species Clause: Limit one of each Pokémon
|rule|OHKO Clause: OHKO moves are banned
|rule|Moody Clause: Moody is banned
|rule|Evasion Moves Clause: Evasion moves are banned
|rule|Endless Battle Clause: Forcing endless battles is banned
|rule|HP Percentage Mod: HP is shown in percentages
|clearpoke
|poke|p1|Arcanine, F
|poke|p1|Beedrill, F
|poke|p1|Suicune
|poke|p1|Florges, F
|poke|p1|Honchkrow, M
|poke|p1|Nidoking, M
|poke|p2|Zygarde
|poke|p2|Suicune, shiny
|poke|p2|Jirachi
|poke|p2|Uxie
|poke|p2|Ampharos, F
|poke|p2|Gligar, F
|rule|Swagger Clause: Swagger is banned
|rule|Baton Pass Clause: Limit one Pokémon knowing Baton Pass
|teampreview
|join|Kyla's Nightmare
|
|start
|switch|p1a: Honchkrow|Honchkrow, M|404\/404
|switch|p2a: Uxie|Uxie|354\/354
|turn|1
|
|move|p2a: Uxie|Thunder Wave|p1a: Honchkrow
|-status|p1a: Honchkrow|par
|move|p1a: Honchkrow|Brave Bird|p2a: Uxie
|-damage|p2a: Uxie|174\/354
|-damage|p1a: Honchkrow|345\/404 par|[from] recoil|[of] p2a: Uxie
|
|-heal|p2a: Uxie|196\/354|[from] item: Leftovers
|-heal|p1a: Honchkrow|370\/404 par|[from] item: Leftovers
|turn|2
|
|switch|p2a: Gligar|Gligar, F|333\/333
|move|p1a: Honchkrow|Foul Play|p2a: Gligar
|-damage|p2a: Gligar|281\/333
|
|-heal|p1a: Honchkrow|395\/404 par|[from] item: Leftovers
|turn|3
|
|move|p2a: Gligar|U-turn|p1a: Honchkrow
|-damage|p1a: Honchkrow|317\/404 par
|
|switch|p2a: Ampharos|Ampharos, F|350\/350
|move|p1a: Honchkrow|Brave Bird|p2a: Ampharos
|-resisted|p2a: Ampharos
|-damage|p2a: Ampharos|222\/350
|-damage|p1a: Honchkrow|275\/404 par|[from] recoil|[of] p2a: Ampharos
|
|-heal|p1a: Honchkrow|300\/404 par|[from] item: Leftovers
|turn|4
|
|switch|p1a: Nidoking|Nidoking, M|366\/366
|detailschange|p2a: Ampharos|Ampharos-Mega, F
|-mega|p2a: Ampharos|Ampharos|Ampharosite
|-ability|p2a: Ampharos|Mold Breaker
|move|p2a: Ampharos|Dragon Pulse|p1a: Nidoking
|-damage|p1a: Nidoking|137\/366
|
|turn|5
|c|★sniperaim|hi kyla
|c|★ExoticUmbreon|who?
|
|switch|p2a: Uxie|Uxie|196\/354
|move|p1a: Nidoking|Earthquake|p2a: Uxie
|-immune|p2a: Uxie|[msg]
|
|-heal|p2a: Uxie|218\/354|[from] item: Leftovers
|turn|6
|
|switch|p1a: Honchkrow|Honchkrow, M|300\/404 par
|move|p2a: Uxie|Stealth Rock|p1a: Honchkrow
|-sidestart|p1: ExoticUmbreon|move: Stealth Rock
|
|-heal|p2a: Uxie|240\/354|[from] item: Leftovers
|-heal|p1a: Honchkrow|325\/404 par|[from] item: Leftovers
|turn|7
|
|move|p2a: Uxie|U-turn|p1a: Honchkrow
|-damage|p1a: Honchkrow|256\/404 par
|c|★sniperaim|shes here
|
|switch|p2a: Gligar|Gligar, F|281\/333
|move|p1a: Honchkrow|Foul Play|p2a: Gligar
|-damage|p2a: Gligar|226\/333
|
|-heal|p1a: Honchkrow|281\/404 par|[from] item: Leftovers
|turn|8
|
|move|p2a: Gligar|U-turn|p1a: Honchkrow
|-damage|p1a: Honchkrow|208\/404 par
|
|switch|p2a: Uxie|Uxie|240\/354
|move|p1a: Honchkrow|Brave Bird|p2a: Uxie
|-damage|p2a: Uxie|62\/354
|-damage|p1a: Honchkrow|149\/404 par|[from] recoil|[of] p2a: Uxie
|
|-heal|p2a: Uxie|84\/354|[from] item: Leftovers
|-heal|p1a: Honchkrow|174\/404 par|[from] item: Leftovers
|turn|9
|
|move|p1a: Honchkrow|Sucker Punch|p2a: Uxie
|-supereffective|p2a: Uxie
|-damage|p2a: Uxie|0 fnt
|faint|p2a: Uxie
|-boost|p1a: Honchkrow|atk|1|[from] ability: Moxie
|
|-heal|p1a: Honchkrow|199\/404 par|[from] item: Leftovers
|
|switch|p2a: Ampharos|Ampharos-Mega, F|222\/350
|-ability|p2a: Ampharos|Mold Breaker
|turn|10
|
|move|p1a: Honchkrow|Sucker Punch|p2a: Ampharos
|-damage|p2a: Ampharos|17\/350
|move|p2a: Ampharos|Volt Switch|p1a: Honchkrow
|-supereffective|p1a: Honchkrow
|-damage|p1a: Honchkrow|0 fnt
|faint|p1a: Honchkrow
|
|switch|p2a: Jirachi|Jirachi|342\/342
|
|
|switch|p1a: Arcanine|Arcanine, F|384\/384
|-damage|p1a: Arcanine|288\/384|[from] Stealth Rock
|-ability|p1a: Arcanine|Intimidate|[of] p2a: Jirachi
|-unboost|p2a: Jirachi|atk|1
|turn|11
|c| Kyla's Nightmare|no im not
|
|switch|p2a: Gligar|Gligar, F|226\/333
|move|p1a: Arcanine|Flare Blitz|p2a: Gligar
|-damage|p2a: Gligar|40\/333
|-damage|p1a: Arcanine|227\/384|[from] recoil|[of] p2a: Gligar
|
|turn|12
|c| Kyla's Nightmare|sniper is imagining things
|c|★sniperaim|:[
|
|switch|p1a: Nidoking|Nidoking, M|137\/366
|-damage|p1a: Nidoking|115\/366|[from] Stealth Rock
|move|p2a: Gligar|Roost|p2a: Gligar
|-heal|p2a: Gligar|207\/333
|
|turn|13
|
|switch|p2a: Jirachi|Jirachi|342\/342
|move|p1a: Nidoking|Shadow Claw|p2a: Jirachi
|-supereffective|p2a: Jirachi
|-damage|p2a: Jirachi|112\/342
|
|turn|14
|c| Kyla's Nightmare|oml
|c| Kyla's Nightmare|sniper
|c|★ExoticUmbreon|predicted
|c| Kyla's Nightmare|pick up theg ame
|c|★sniperaim|nnnn
|c| Kyla's Nightmare|*game
|c| Kyla's Nightmare|y
|c| Kyla's Nightmare|ur boutt o get rekt
|
|switch|p2a: Suicune|Suicune, shiny|356\/356
|-ability|p2a: Suicune|Pressure
|move|p1a: Nidoking|Shadow Claw|p2a: Suicune
|-damage|p2a: Suicune|260\/356
|
|-heal|p2a: Suicune|282\/356|[from] item: Leftovers
|turn|15
|c| Kyla's Nightmare|ur mod status in uu room
|c| Kyla's Nightmare|SOILED
|c|★sniperaim|i suk
|c|★ExoticUmbreon|oh sniper do you want my channel link so u can see wen this is uploaded
|c|★sniperaim|y
|
|switch|p1a: Florges|Florges, F|360\/360
|-damage|p1a: Florges|315\/360|[from] Stealth Rock
|move|p2a: Suicune|Scald|p1a: Florges
|-damage|p1a: Florges|263\/360
|-status|p1a: Florges|brn
|
|-heal|p2a: Suicune|304\/356|[from] item: Leftovers
|-damage|p1a: Florges|218\/360 brn|[from] brn
|turn|16
|c| Kyla's Nightmare|I do too
|c|★sniperaim|pls
|c|★ExoticUmbreon|https:\/\/www.youtube.com\/channel\/UCagu_D-DqO3ZC-PyjuaNefg
|
|move|p2a: Suicune|Calm Mind|p2a: Suicune
|-boost|p2a: Suicune|spa|1
|-boost|p2a: Suicune|spd|1
|move|p1a: Florges|Energy Ball|p2a: Suicune
|-supereffective|p2a: Suicune
|-damage|p2a: Suicune|178\/356
|
|-heal|p2a: Suicune|200\/356|[from] item: Leftovers
|-damage|p1a: Florges|173\/360 brn|[from] brn
|turn|17
|c| Kyla's Nightmare|omg
|c| Kyla's Nightmare|190 people
|c| Kyla's Nightmare|;-;
|c| Kyla's Nightmare|they all gonna see this sniper
|c| Kyla's Nightmare|u betr step up ur game
|c|★ExoticUmbreon|lmao this suicune is a problem
|
|move|p2a: Suicune|Scald|p1a: Florges
|-damage|p1a: Florges|85\/360 brn
|move|p1a: Florges|Energy Ball|p2a: Suicune
|-supereffective|p2a: Suicune
|-damage|p2a: Suicune|74\/356
|
|-heal|p2a: Suicune|96\/356|[from] item: Leftovers
|-damage|p1a: Florges|40\/360 brn|[from] brn
|turn|18
|c|★sniperaim|!!
|
|move|p2a: Suicune|Scald|p1a: Florges
|-damage|p1a: Florges|0 fnt
|faint|p1a: Florges
|
|-heal|p2a: Suicune|118\/356|[from] item: Leftovers
|
|switch|p1a: Beedrill|Beedrill, F|272\/272
|-damage|p1a: Beedrill|204\/272|[from] Stealth Rock
|turn|19
|c|★sniperaim|try hard mode
|
|switch|p2a: Gligar|Gligar, F|207\/333
|detailschange|p1a: Beedrill|Beedrill-Mega, F
|-mega|p1a: Beedrill|Beedrill|Beedrillite
|move|p1a: Beedrill|Poison Jab|p2a: Gligar
|-resisted|p2a: Gligar
|-damage|p2a: Gligar|142\/333
|
|turn|20
|
|move|p1a: Beedrill|Knock Off|p2a: Gligar
|-damage|p2a: Gligar|62\/333
|-enditem|p2a: Gligar|Eviolite|[from] move: Knock Off|[of] p1a: Beedrill
|move|p2a: Gligar|Earthquake|p1a: Beedrill
|-damage|p1a: Beedrill|5\/272
|
|turn|21
|
|move|p1a: Beedrill|Knock Off|p2a: Gligar
|-damage|p2a: Gligar|0 fnt
|faint|p2a: Gligar
|
|
|switch|p2a: Jirachi|Jirachi|112\/342
|turn|22
|
|move|p2a: Jirachi|U-turn|p1a: Beedrill
|-resisted|p1a: Beedrill
|-damage|p1a: Beedrill|0 fnt
|faint|p1a: Beedrill
|
|switch|p2a: Zygarde|Zygarde|404\/404
|-ability|p2a: Zygarde|Aura Break
|
|
|switch|p1a: Suicune|Suicune|404\/404
|-damage|p1a: Suicune|354\/404|[from] Stealth Rock
|-ability|p1a: Suicune|Pressure
|turn|23
|
|move|p1a: Suicune|Calm Mind|p1a: Suicune
|-boost|p1a: Suicune|spa|1
|-boost|p1a: Suicune|spd|1
|move|p2a: Zygarde|Dragon Tail|p1a: Suicune
|-damage|p1a: Suicune|291\/404
|drag|p1a: Arcanine|Arcanine, F|227\/384
|-damage|p1a: Arcanine|131\/384|[from] Stealth Rock
|-ability|p1a: Arcanine|Intimidate|[of] p2a: Zygarde
|-unboost|p2a: Zygarde|atk|1
|
|turn|24
|
|move|p1a: Arcanine|Extreme Speed|p2a: Zygarde
|-damage|p2a: Zygarde|291\/404
|move|p2a: Zygarde|Substitute|p2a: Zygarde
|-start|p2a: Zygarde|Substitute
|-damage|p2a: Zygarde|190\/404
|
|-heal|p2a: Zygarde|215\/404|[from] item: Leftovers
|turn|25
|
|move|p1a: Arcanine|Extreme Speed|p2a: Zygarde
|-end|p2a: Zygarde|Substitute
|move|p2a: Zygarde|Coil|p2a: Zygarde
|-boost|p2a: Zygarde|atk|1
|-boost|p2a: Zygarde|def|1
|-boost|p2a: Zygarde|accuracy|1
|
|-heal|p2a: Zygarde|240\/404|[from] item: Leftovers
|turn|26
|
|move|p1a: Arcanine|Extreme Speed|p2a: Zygarde
|-damage|p2a: Zygarde|164\/404
|move|p2a: Zygarde|Substitute|p2a: Zygarde
|-start|p2a: Zygarde|Substitute
|-damage|p2a: Zygarde|63\/404
|
|-heal|p2a: Zygarde|88\/404|[from] item: Leftovers
|turn|27
|
|move|p1a: Arcanine|Extreme Speed|p2a: Zygarde
|-activate|p2a: Zygarde|Substitute|[damage]
|move|p2a: Zygarde|Earthquake|p1a: Arcanine
|-supereffective|p1a: Arcanine
|-damage|p1a: Arcanine|0 fnt
|faint|p1a: Arcanine
|
|-heal|p2a: Zygarde|113\/404|[from] item: Leftovers
|
|switch|p1a: Nidoking|Nidoking, M|115\/366
|-damage|p1a: Nidoking|93\/366|[from] Stealth Rock
|turn|28
|
|move|p2a: Zygarde|Earthquake|p1a: Nidoking
|-supereffective|p1a: Nidoking
|-damage|p1a: Nidoking|0 fnt
|faint|p1a: Nidoking
|
|-heal|p2a: Zygarde|138\/404|[from] item: Leftovers
|
|switch|p1a: Suicune|Suicune|291\/404
|-damage|p1a: Suicune|241\/404|[from] Stealth Rock
|-ability|p1a: Suicune|Pressure
|turn|29
|
|move|p2a: Zygarde|Earthquake|p1a: Suicune
|-damage|p1a: Suicune|127\/404
|move|p1a: Suicune|Ice Beam|p2a: Zygarde
|-supereffective|p2a: Zygarde
|-end|p2a: Zygarde|Substitute
|
|-heal|p2a: Zygarde|163\/404|[from] item: Leftovers
|-heal|p1a: Suicune|152\/404|[from] item: Leftovers
|turn|30
|
|move|p2a: Zygarde|Earthquake|p1a: Suicune
|-damage|p1a: Suicune|52\/404
|move|p1a: Suicune|Ice Beam|p2a: Zygarde
|-supereffective|p2a: Zygarde
|-damage|p2a: Zygarde|0 fnt
|faint|p2a: Zygarde
|
|-heal|p1a: Suicune|77\/404|[from] item: Leftovers
|c|★ExoticUmbreon|gg
|
|switch|p2a: Jirachi|Jirachi|112\/342
|turn|31
|
|move|p2a: Jirachi|Healing Wish|p2a: Jirachi
|faint|p2a: Jirachi
|move|p1a: Suicune|Hydro Pump|p2: Jirachi|[notarget]
|-notarget
|
|-heal|p1a: Suicune|102\/404|[from] item: Leftovers
|
|switch|p2a: Ampharos|Ampharos-Mega, F|17\/350
|-heal|p2a: Ampharos|350\/350|[from] move: Healing Wish
|-ability|p2a: Ampharos|Mold Breaker
|turn|32
|c|★sniperaim|gg!
|c|★ExoticUmbreon|this nigga used healing wish
|
|move|p1a: Suicune|Ice Beam|p2a: Ampharos
|-supereffective|p2a: Ampharos
|-damage|p2a: Ampharos|178\/350
|move|p2a: Ampharos|Volt Switch|p1a: Suicune
|-supereffective|p1a: Suicune
|-damage|p1a: Suicune|0 fnt
|faint|p1a: Suicune
|
|win|sniperaim
|c|★ExoticUmbreon|lmao im weaaak
|c| Kyla's Nightmare|lol
|c| Kyla's Nightmare|gg
|c|★ExoticUmbreon|gg man
|c|★sniperaim|heh
|c|★sniperaim|gg
|leave|Kyla's Nightmare
|c|★sniperaim|i sub
|join|Kyla's Nightmare
|c|★ExoticUmbreon|thank you
|c|★sniperaim|!!!
|c|★ExoticUmbreon|when the battle goes up
|c|★ExoticUmbreon|ill be sure to come here and let u know