|join|sniperaim
|join|meowiekins
|player|p1|sniperaim|220
|player|p2|meowiekins|160
|gametype|singles
|gen|6
|tier|UU
|rule|Sleep Clause Mod: Limit one foe put to sleep
|rule|Species Clause: Limit one of each Pokémon
|rule|OHKO Clause: OHKO moves are banned
|rule|Moody Clause: Moody is banned
|rule|Evasion Moves Clause: Evasion moves are banned
|rule|Endless Battle Clause: Forcing endless battles is banned
|rule|HP Percentage Mod: HP is shown in percentages
|clearpoke
|poke|p1|Yanmega, M
|poke|p1|Machamp, M
|poke|p1|Rotom-Heat
|poke|p1|Mienshao, F
|poke|p1|Forretress, F
|poke|p1|Jirachi, shiny
|poke|p2|Shedinja
|poke|p2|Xatu, M
|poke|p2|Tentacruel, M
|poke|p2|Krookodile, M
|poke|p2|Aromatisse, F
|poke|p2|Rotom-Heat
|rule|Swagger Clause: Swagger is banned
|rule|Baton Pass Clause: Limit one Pokémon knowing Baton Pass
|teampreview
|c|★meowiekins|my alt for dark horse
|c|★meowiekins|is call me dmt
|c|★meowiekins|good name?
|c|★meowiekins|yn
|c|★sniperaim|yes nice also am lag
|
|start
|switch|p1a: mit romney|Rotom-Heat|303\/303
|switch|p2a: Rotom-Heat|Rotom-Heat|241\/241
|turn|1
|
|move|p2a: Rotom-Heat|Volt Switch|p1a: mit romney
|-resisted|p1a: mit romney
|-damage|p1a: mit romney|215\/303
|
|switch|p2a: Aromatisse|Aromatisse, F|406\/406
|move|p1a: mit romney|Volt Switch|p2a: Aromatisse
|-damage|p2a: Aromatisse|309\/406
|
|switch|p1a: bnea|Forretress, F|354\/354
|
|-heal|p2a: Aromatisse|334\/406|[from] item: Leftovers
|turn|2
|
|switch|p2a: Xatu|Xatu, M|271\/271
|move|p1a: bnea|Volt Switch|p2a: Xatu
|-supereffective|p2a: Xatu
|-damage|p2a: Xatu|171\/271
|
|switch|p1a: Ming-Shao|Mienshao, F|271\/271
|
|turn|3
|
|switch|p2a: Aromatisse|Aromatisse, F|334\/406
|move|p1a: Ming-Shao|U-turn|p2a: Aromatisse
|-resisted|p2a: Aromatisse
|-damage|p2a: Aromatisse|296\/406
|
|switch|p1a: HAX LORD|Jirachi, shiny|342\/342
|
|-heal|p2a: Aromatisse|321\/406|[from] item: Leftovers
|turn|4
|
|switch|p1a: mit romney|Rotom-Heat|215\/303
|switch|p2a: Shedinja|Shedinja|1\/1
|
|-heal|p1a: mit romney|233\/303|[from] item: Leftovers
|turn|5
|c|★sniperaim|im
|c|★sniperaim|laggn
|
|switch|p2a: Rotom-Heat|Rotom-Heat|241\/241
|move|p1a: mit romney|Will-O-Wisp|p2a: Rotom-Heat
|-fail|p2a: Rotom-Heat
|
|-heal|p1a: mit romney|251\/303|[from] item: Leftovers
|turn|6
|c|★meowiekins|we dun has to fight
|c|★meowiekins|if you lagging too much
|c|★sniperaim|its co
|
|move|p2a: Rotom-Heat|Volt Switch|p1a: mit romney
|-resisted|p1a: mit romney
|-damage|p1a: mit romney|172\/303
|
|switch|p2a: Krookodile|Krookodile, M|332\/332
|move|p1a: mit romney|Volt Switch|p2a: Krookodile
|-immune|p2a: Krookodile|[msg]
|
|-heal|p1a: mit romney|190\/303|[from] item: Leftovers
|turn|7
|
|move|p2a: Krookodile|Stone Edge|p1a: mit romney
|-supereffective|p1a: mit romney
|-damage|p1a: mit romney|42\/303
|move|p1a: mit romney|Will-O-Wisp|p2a: Krookodile
|-status|p2a: Krookodile|brn
|
|-heal|p1a: mit romney|60\/303|[from] item: Leftovers
|-damage|p2a: Krookodile|291\/332 brn|[from] brn
|turn|8
|c|★meowiekins|wow
|c|★meowiekins|that edge
|c|★meowiekins|did -
|c|★meowiekins|0
|c|★sniperaim|ofc
|
|switch|p1a: Fisting|Machamp, M|344\/344
|move|p2a: Krookodile|Stone Edge|p1a: Fisting
|-resisted|p1a: Fisting
|-damage|p1a: Fisting|309\/344
|
|-damage|p2a: Krookodile|250\/332 brn|[from] brn
|turn|9
|
|switch|p2a: Tentacruel|Tentacruel, M|364\/364
|move|p1a: Fisting|Dynamic Punch|p2a: Tentacruel
|-resisted|p2a: Tentacruel
|-damage|p2a: Tentacruel|245\/364
|-start|p2a: Tentacruel|confusion
|
|-heal|p2a: Tentacruel|267\/364|[from] item: Leftovers
|turn|10
|
|switch|p2a: Aromatisse|Aromatisse, F|321\/406
|move|p1a: Fisting|Knock Off|p2a: Aromatisse
|-resisted|p2a: Aromatisse
|-damage|p2a: Aromatisse|261\/406
|-enditem|p2a: Aromatisse|Leftovers|[from] move: Knock Off|[of] p1a: Fisting
|
|turn|11
|
|move|p1a: Fisting|Heavy Slam|p2a: Aromatisse
|-supereffective|p2a: Aromatisse
|-damage|p2a: Aromatisse|0 fnt
|faint|p2a: Aromatisse
|
|c|★meowiekins|o
|c|★meowiekins|kthen
|
|switch|p2a: Xatu|Xatu, M|171\/271
|turn|12
|c|★sniperaim|0.0
|
|move|p2a: Xatu|Psyshock|p1a: Fisting
|-supereffective|p1a: Fisting
|-damage|p1a: Fisting|0 fnt
|-damage|p2a: Xatu|144\/271|[from] item: Life Orb
|faint|p1a: Fisting
|
|c|★meowiekins|rip
|c|★meowiekins|inferior espeon comin thru
|join|waiv
|
|switch|p1a: Ming-Shao|Mienshao, F|271\/271
|turn|13
|
|move|p1a: Ming-Shao|U-turn|p2a: Xatu
|-damage|p2a: Xatu|32\/271
|
|switch|p1a: mit romney|Rotom-Heat|60\/303
|move|p2a: Xatu|Psyshock|p1a: mit romney
|-damage|p1a: mit romney|0 fnt
|-damage|p2a: Xatu|5\/271|[from] item: Life Orb
|faint|p1a: mit romney
|
|
|switch|p1a: Ming-Shao|Mienshao, F|271\/271
|turn|14
|
|move|p1a: Ming-Shao|U-turn|p2a: Xatu
|-damage|p2a: Xatu|0 fnt
|faint|p2a: Xatu
|
|switch|p1a: I need a mega|Yanmega, M|313\/313
|
|
|switch|p2a: Rotom-Heat|Rotom-Heat|241\/241
|turn|15
|
|move|p1a: I need a mega|Protect|p1a: I need a mega
|-singleturn|p1a: I need a mega|Protect
|move|p2a: Rotom-Heat|Volt Switch|p1a: I need a mega
|-activate|p1a: I need a mega|Protect
|
|-boost|p1a: I need a mega|spe|1|[from] ability: Speed Boost
|turn|16
|c|★meowiekins|pls no
|c|★meowiekins|weakness policy
|c|★meowiekins|endure
|
|switch|p1a: bnea|Forretress, F|354\/354
|move|p2a: Rotom-Heat|Volt Switch|p1a: bnea
|-damage|p1a: bnea|170\/354
|
|switch|p2a: Tentacruel|Tentacruel, M|267\/364
|
|-heal|p2a: Tentacruel|289\/364|[from] item: Leftovers
|-heal|p1a: bnea|192\/354|[from] item: Leftovers
|turn|17
|leave|waiv
|
|move|p2a: Tentacruel|Toxic Spikes|p1a: bnea
|-sidestart|p1: sniperaim|move: Toxic Spikes
|move|p1a: bnea|Stealth Rock|p2a: Tentacruel
|-sidestart|p2: meowiekins|move: Stealth Rock
|
|-heal|p2a: Tentacruel|311\/364|[from] item: Leftovers
|-heal|p1a: bnea|214\/354|[from] item: Leftovers
|turn|18
|
|move|p2a: Tentacruel|Rapid Spin|p1a: bnea
|-resisted|p1a: bnea
|-damage|p1a: bnea|210\/354
|-sideend|p2: meowiekins|Stealth Rock|[from] move: Rapid Spin|[of] p2a: Tentacruel
|move|p1a: bnea|Rapid Spin|p2a: Tentacruel
|-damage|p2a: Tentacruel|290\/364
|-sideend|p1: sniperaim|Toxic Spikes|[from] move: Rapid Spin|[of] p1a: bnea
|
|-heal|p2a: Tentacruel|312\/364|[from] item: Leftovers
|-heal|p1a: bnea|232\/354|[from] item: Leftovers
|turn|19
|
|move|p2a: Tentacruel|Scald|p1a: bnea
|-damage|p1a: bnea|159\/354
|move|p1a: bnea|Volt Switch|p2a: Tentacruel
|-supereffective|p2a: Tentacruel
|-damage|p2a: Tentacruel|262\/364
|
|switch|p1a: HAX LORD|Jirachi, shiny|342\/342
|
|-heal|p2a: Tentacruel|284\/364|[from] item: Leftovers
|turn|20
|
|switch|p1a: bnea|Forretress, F|159\/354
|switch|p2a: Shedinja|Shedinja|1\/1
|
|-heal|p1a: bnea|181\/354|[from] item: Leftovers
|turn|21
|
|move|p2a: Shedinja|Protect|p2a: Shedinja
|-singleturn|p2a: Shedinja|Protect
|move|p1a: bnea|Volt Switch|p2a: Shedinja
|-activate|p2a: Shedinja|Protect
|
|-heal|p1a: bnea|203\/354|[from] item: Leftovers
|turn|22
|
|move|p2a: Shedinja|Swords Dance|p2a: Shedinja
|-boost|p2a: Shedinja|atk|2
|move|p1a: bnea|Volt Switch|p2a: Shedinja
|-activate|p2a: Shedinja|ability: Wonder Guard
|
|-heal|p1a: bnea|225\/354|[from] item: Leftovers
|turn|23
|
|switch|p1a: Ming-Shao|Mienshao, F|271\/271
|move|p2a: Shedinja|Swords Dance|p2a: Shedinja
|-boost|p2a: Shedinja|atk|2
|
|turn|24
|c|★meowiekins|sheddy coming thru
|
|move|p2a: Shedinja|Shadow Sneak|p1a: Ming-Shao
|-damage|p1a: Ming-Shao|7\/271
|move|p1a: Ming-Shao|Knock Off|p2a: Shedinja
|-supereffective|p2a: Shedinja
|-enditem|p2a: Shedinja|Focus Sash
|-damage|p2a: Shedinja|1\/1
|
|turn|25
|c|★meowiekins|oml
|c|★meowiekins|sheddy
|c|★meowiekins|youre gar
|c|★meowiekins|bage
|
|move|p2a: Shedinja|Shadow Sneak|p1a: Ming-Shao
|-damage|p1a: Ming-Shao|0 fnt
|faint|p1a: Ming-Shao
|
|
|switch|p1a: I need a mega|Yanmega, M|313\/313
|turn|26
|
|switch|p2a: Krookodile|Krookodile, M|250\/332 brn
|move|p1a: I need a mega|Air Slash|p2a: Krookodile
|-damage|p2a: Krookodile|0 fnt
|-damage|p1a: I need a mega|282\/313|[from] item: Life Orb
|faint|p2a: Krookodile
|
|-boost|p1a: I need a mega|spe|1|[from] ability: Speed Boost
|
|switch|p2a: Rotom-Heat|Rotom-Heat|241\/241
|turn|27
|c|★sniperaim|lool
|c|★meowiekins|idk if i ohko
|
|move|p1a: I need a mega|Protect|p1a: I need a mega
|-singleturn|p1a: I need a mega|Protect
|move|p2a: Rotom-Heat|Volt Switch|p1a: I need a mega
|-activate|p1a: I need a mega|Protect
|
|-boost|p1a: I need a mega|spe|1|[from] ability: Speed Boost
|turn|28
|c|★meowiekins|and im psure
|c|★meowiekins|sheddy is the counter
|c|★meowiekins|to your devilish jirachi
|
|switch|p1a: bnea|Forretress, F|225\/354
|move|p2a: Rotom-Heat|Volt Switch|p1a: bnea
|-damage|p1a: bnea|53\/354
|
|switch|p2a: Tentacruel|Tentacruel, M|284\/364
|
|-heal|p2a: Tentacruel|306\/364|[from] item: Leftovers
|-heal|p1a: bnea|75\/354|[from] item: Leftovers
|turn|29
|
|move|p2a: Tentacruel|Scald|p1a: bnea
|-damage|p1a: bnea|0 fnt
|faint|p1a: bnea
|
|-heal|p2a: Tentacruel|328\/364|[from] item: Leftovers
|
|switch|p1a: I need a mega|Yanmega, M|282\/313
|turn|30
|
|move|p1a: I need a mega|Air Slash|p2a: Tentacruel
|-damage|p2a: Tentacruel|210\/364
|-damage|p1a: I need a mega|251\/313|[from] item: Life Orb
|move|p2a: Tentacruel|Scald|p1a: I need a mega
|-damage|p1a: I need a mega|121\/313
|-status|p1a: I need a mega|brn
|
|-heal|p2a: Tentacruel|232\/364|[from] item: Leftovers
|-damage|p1a: I need a mega|82\/313 brn|[from] brn
|-boost|p1a: I need a mega|spe|1|[from] ability: Speed Boost
|turn|31
|c|★meowiekins|flinch rotom to death imo
|c|★meowiekins|o
|
|move|p1a: I need a mega|Psychic|p2a: Tentacruel
|-supereffective|p2a: Tentacruel
|-damage|p2a: Tentacruel|58\/364
|-damage|p1a: I need a mega|51\/313 brn|[from] item: Life Orb
|move|p2a: Tentacruel|Scald|p1a: I need a mega
|-damage|p1a: I need a mega|0 fnt
|faint|p1a: I need a mega
|
|-heal|p2a: Tentacruel|80\/364|[from] item: Leftovers
|
|switch|p1a: HAX LORD|Jirachi, shiny|342\/342
|turn|32
|c|★meowiekins|tfw
|c|★meowiekins|sub toxic
|c|★meowiekins|not sub cm
|c|★meowiekins|and i lose
|
|switch|p2a: Shedinja|Shedinja|1\/1
|move|p1a: HAX LORD|Psyshock|p2a: Shedinja
|-activate|p2a: Shedinja|ability: Wonder Guard
|
|turn|33
|c|★sniperaim|gg ill ust forfeit
|c|★meowiekins|gg
|c|★sniperaim|bare lag
|c|★meowiekins|true
|leave|sniperaim
|player|p1
|player|p2|meeeeowiekins|160
|player|p2|meowiekins|160
|player|p2|call me dmt|160
|join|lol my team is ass
|join|Nervous System
|leave|Nervous System
|leave|lol my team is ass
|join|Nervous System
|join|kyla-kylls
|leave|Nervous System
|leave|kyla-kylls
|-message|Player 1 lost due to inactivity.
|
|win|call me dmt