|join|bananagram
|join|sniperaim
|player|p1|bananagram|71
|player|p2|sniperaim|220
|gametype|singles
|gen|6
|tier|UU
|rule|Sleep Clause Mod: Limit one foe put to sleep
|rule|Species Clause: Limit one of each Pokémon
|rule|OHKO Clause: OHKO moves are banned
|rule|Moody Clause: Moody is banned
|rule|Evasion Moves Clause: Evasion moves are banned
|rule|Endless Battle Clause: Forcing endless battles is banned
|rule|HP Percentage Mod: HP is shown in percentages
|clearpoke
|poke|p1|Alomomola, F
|poke|p1|Arcanine, M
|poke|p1|Ampharos, M
|poke|p1|Celebi
|poke|p1|Jirachi
|poke|p1|Crobat, F
|poke|p2|Abomasnow, F, shiny
|poke|p2|Jirachi, shiny
|poke|p2|Kyurem, shiny
|poke|p2|Porygon2
|poke|p2|Swampert, M
|poke|p2|Gligar, F, shiny
|rule|Swagger Clause: Swagger is banned
|rule|Baton Pass Clause: Limit one Pokémon knowing Baton Pass
|teampreview
|
|start
|switch|p1a: Jirachi|Jirachi|341\/341
|switch|p2a: Bad Partner|Swampert, M|404\/404
|turn|1
|
|move|p1a: Jirachi|Trick|p2a: Bad Partner
|-activate|p1a: Jirachi|move: Trick|[of] p2a: Bad Partner
|-item|p2a: Bad Partner|Choice Scarf|[from] move: Trick
|-item|p1a: Jirachi|Leftovers|[from] move: Trick
|move|p2a: Bad Partner|Earthquake|p1a: Jirachi
|-supereffective|p1a: Jirachi
|-damage|p1a: Jirachi|77\/341
|
|-heal|p1a: Jirachi|98\/341|[from] item: Leftovers
|turn|2
|join|Lixx
|
|switch|p1a: Crobat|Crobat, F|334\/334
|switch|p2a: China|Porygon2|374\/374
|-ability|p2a: China|Infiltrator|[from] ability: Trace|[of] p1a: Crobat
|
|turn|3
|
|switch|p2a: Bad Partner|Swampert, M|404\/404
|move|p1a: Crobat|U-turn|p2a: Bad Partner
|-damage|p2a: Bad Partner|355\/404
|c| Lixx|sniperaim with dem hashtag 1337 nick names
|
|switch|p1a: Alomomola|Alomomola, F|534\/534
|
|turn|4
|
|move|p2a: Bad Partner|Toxic|p1a: Alomomola
|-status|p1a: Alomomola|tox
|move|p1a: Alomomola|Toxic|p2a: Bad Partner
|-status|p2a: Bad Partner|tox
|
|-damage|p2a: Bad Partner|330\/404 tox|[from] psn
|-damage|p1a: Alomomola|501\/534 tox|[from] psn
|turn|5
|
|switch|p1a: Arcanine|Arcanine, M|339\/339
|move|p2a: Bad Partner|Toxic|p1a: Arcanine
|-status|p1a: Arcanine|tox
|
|-damage|p1a: Arcanine|318\/339 tox|[from] psn
|-damage|p2a: Bad Partner|280\/404 tox|[from] psn
|turn|6
|
|switch|p2a: oxycodone|Gligar, F, shiny|334\/334
|move|p1a: Arcanine|Close Combat|p2a: oxycodone
|-resisted|p2a: oxycodone
|-damage|p2a: oxycodone|291\/334
|-unboost|p1a: Arcanine|def|1
|-unboost|p1a: Arcanine|spd|1
|-damage|p1a: Arcanine|285\/339 tox|[from] item: Life Orb
|
|-damage|p1a: Arcanine|243\/339 tox|[from] psn
|turn|7
|join|Freelancer Mac
|
|switch|p1a: Alomomola|Alomomola, F|534\/534 tox
|switch|p2a: Bad Partner|Swampert, M|280\/404 tox
|
|-damage|p2a: Bad Partner|255\/404 tox|[from] psn
|-damage|p1a: Alomomola|501\/534 tox|[from] psn
|turn|8
|
|move|p2a: Bad Partner|Stealth Rock|p1a: Alomomola
|-sidestart|p1: bananagram|move: Stealth Rock
|move|p1a: Alomomola|Wish|p1a: Alomomola
|
|-heal|p1a: Alomomola|534\/534 tox|[from] item: Leftovers
|-damage|p2a: Bad Partner|205\/404 tox|[from] psn
|-damage|p1a: Alomomola|468\/534 tox|[from] psn
|turn|9
|
|switch|p2a: hokage|Jirachi, shiny|342\/342
|switch|p1a: Jirachi|Jirachi|98\/341
|-damage|p1a: Jirachi|77\/341|[from] Stealth Rock
|
|-heal|p1a: Jirachi|341\/341|[from] move: Wish|[wisher] Alomomola
|turn|10
|c| Lixx|hokage
|c| Lixx|nb nickanme tbh
|c|★bananagram|I don't get it
|join|Shady Kid 2
|c| Freelancer Mac|idgie
|c| Shady Kid 2|snip i want a rematchwhen u got time
|
|switch|p2a: KILL THEM|Kyurem, shiny|391\/391
|-ability|p2a: KILL THEM|Pressure
|move|p1a: Jirachi|Trick|p2a: KILL THEM
|-activate|p1a: Jirachi|move: Trick|[of] p2a: KILL THEM
|-item|p2a: KILL THEM|Leftovers|[from] move: Trick
|-item|p1a: Jirachi|Choice Scarf|[from] move: Trick
|
|turn|11
|
|switch|p2a: Bad Partner|Swampert, M|205\/404 tox
|move|p1a: Jirachi|Iron Head|p2a: Bad Partner
|-resisted|p2a: Bad Partner
|-damage|p2a: Bad Partner|153\/404 tox
|
|-damage|p2a: Bad Partner|128\/404 tox|[from] psn
|turn|12
|
|switch|p1a: Crobat|Crobat, F|334\/334
|-damage|p1a: Crobat|251\/334|[from] Stealth Rock
|move|p2a: Bad Partner|Scald|p1a: Crobat
|-damage|p1a: Crobat|98\/334
|
|-heal|p1a: Crobat|118\/334|[from] item: Black Sludge
|-damage|p2a: Bad Partner|78\/404 tox|[from] psn
|turn|13
|leave|Shady Kid 2
|
|move|p1a: Crobat|Roost|p1a: Crobat
|-heal|p1a: Crobat|285\/334
|move|p2a: Bad Partner|Scald|p1a: Crobat
|-damage|p1a: Crobat|128\/334
|
|-heal|p1a: Crobat|148\/334|[from] item: Black Sludge
|-damage|p2a: Bad Partner|3\/404 tox|[from] psn
|turn|14
|
|move|p1a: Crobat|Brave Bird|p2a: Bad Partner
|-damage|p2a: Bad Partner|0 fnt
|-damage|p1a: Crobat|147\/334|[from] recoil|[of] p2a: Bad Partner
|faint|p2a: Bad Partner
|
|-heal|p1a: Crobat|167\/334|[from] item: Black Sludge
|
|switch|p2a: KILL THEM|Kyurem, shiny|391\/391
|-ability|p2a: KILL THEM|Pressure
|turn|15
|
|move|p1a: Crobat|Roost|p1a: Crobat
|-heal|p1a: Crobat|334\/334
|move|p2a: KILL THEM|Dragon Pulse|p1a: Crobat
|-damage|p1a: Crobat|124\/334
|
|-heal|p1a: Crobat|144\/334|[from] item: Black Sludge
|turn|16
|
|move|p1a: Crobat|Defog|p2a: KILL THEM
|-unboost|p2a: KILL THEM|evasion|1
|-sideend|p1: bananagram|Stealth Rock|[from] move: Defog|[of] p1a: Crobat
|move|p2a: KILL THEM|Dragon Pulse|p1a: Crobat
|-damage|p1a: Crobat|0 fnt
|faint|p1a: Crobat
|
|
|switch|p1a: Jirachi|Jirachi|341\/341
|turn|17
|
|switch|p2a: oxycodone|Gligar, F, shiny|291\/334
|move|p1a: Jirachi|U-turn|p2a: oxycodone
|-resisted|p2a: oxycodone
|-damage|p2a: oxycodone|273\/334
|
|switch|p1a: Alomomola|Alomomola, F|534\/534 tox
|
|-damage|p1a: Alomomola|501\/534 tox|[from] psn
|turn|18
|join|OG_Wanka
|
|switch|p2a: China|Porygon2|374\/374
|-ability|p2a: China|Regenerator|[from] ability: Trace|[of] p1a: Alomomola
|move|p1a: Alomomola|Knock Off|p2a: China
|-crit|p2a: China
|-damage|p2a: China|313\/374
|-enditem|p2a: China|Eviolite|[from] move: Knock Off|[of] p1a: Alomomola
|
|-heal|p1a: Alomomola|534\/534 tox|[from] item: Leftovers
|-damage|p1a: Alomomola|468\/534 tox|[from] psn
|turn|19
|
|move|p1a: Alomomola|Toxic|p2a: China
|-status|p2a: China|tox
|move|p2a: China|Discharge|p1a: Alomomola
|-supereffective|p1a: Alomomola
|-damage|p1a: Alomomola|306\/534 tox
|
|-heal|p1a: Alomomola|339\/534 tox|[from] item: Leftovers
|-damage|p1a: Alomomola|240\/534 tox|[from] psn
|-damage|p2a: China|290\/374 tox|[from] psn
|turn|20
|
|switch|p1a: Ampharos|Ampharos, M|322\/322
|move|p2a: China|Tri Attack|p1a: Ampharos
|-damage|p1a: Ampharos|220\/322
|
|-damage|p2a: China|244\/374 tox|[from] psn
|turn|21
|join|DrReuniclusoqfjfs
|c| DrReuniclusoqfjfs|Hi
|
|move|p1a: Ampharos|Agility|p1a: Ampharos
|-boost|p1a: Ampharos|spe|2
|move|p2a: China|Tri Attack|p1a: Ampharos
|-damage|p1a: Ampharos|121\/322
|
|-damage|p2a: China|175\/374 tox|[from] psn
|turn|22
|c|★bananagram|yo
|join|Dad's Dad
|c| OG_Wanka|oh boy
|
|detailschange|p1a: Ampharos|Ampharos-Mega, M
|message|Ampharos has Mega Evolved into Mega Ampharos!
|-ability|p1a: Ampharos|Mold Breaker
|move|p1a: Ampharos|Thunderbolt|p2a: China
|-damage|p2a: China|19\/374 tox
|move|p2a: China|Tri Attack|p1a: Ampharos
|-damage|p1a: Ampharos|37\/322
|
|-damage|p2a: China|0 fnt|[from] psn
|faint|p2a: China
|c| OG_Wanka|here comes jhonny
|c| OG_Wanka|ice shard tho
|
|switch|p2a: President|Abomasnow, F, shiny|383\/383
|turn|23
|c| OG_Wanka|haha
|c| OG_Wanka|OBAMA
|c| OG_Wanka|ftw
|
|switch|p1a: Jirachi|Jirachi|341\/341
|move|p2a: President|Ice Shard|p1a: Jirachi
|-resisted|p1a: Jirachi
|-damage|p1a: Jirachi|311\/341
|
|turn|24
|c| DrReuniclusoqfjfs|SD here on switch
|c| Dad's Dad|sniperaim capitilizing on this tiers fatal ice weakness i see
|join|Arabelle
|c| DrReuniclusoqfjfs|or nah
|c| OG_Wanka|amph is crippled anyways
|c| DrReuniclusoqfjfs|O
|c| OG_Wanka|cant do shit
|
|switch|p2a: oxycodone|Gligar, F, shiny|273\/334
|move|p1a: Jirachi|Iron Head|p2a: oxycodone
|-crit|p2a: oxycodone
|-damage|p2a: oxycodone|189\/334
|
|turn|25
|c| OG_Wanka|his whole team outspeeds
|
|switch|p1a: Alomomola|Alomomola, F|418\/534 tox
|move|p2a: oxycodone|Roost|p2a: oxycodone
|-heal|p2a: oxycodone|334\/334
|
|-heal|p1a: Alomomola|451\/534 tox|[from] item: Leftovers
|-damage|p1a: Alomomola|418\/534 tox|[from] psn
|turn|26
|
|switch|p2a: KILL THEM|Kyurem, shiny|391\/391
|-ability|p2a: KILL THEM|Pressure
|move|p1a: Alomomola|Toxic|p2a: KILL THEM
|-status|p2a: KILL THEM|tox
|
|-heal|p1a: Alomomola|451\/534 tox|[from] item: Leftovers
|-damage|p2a: KILL THEM|367\/391 tox|[from] psn
|-damage|p1a: Alomomola|385\/534 tox|[from] psn
|turn|27
|c| Lixx|celebi is cool i'd prob use abom if i didnt use celebi on my current test team
|c| DrReuniclusoqfjfs|Kyurem
|c| Lixx|idk
|c| DrReuniclusoqfjfs|my fren
|c| Lixx|snipers team is real weak to fighitng spam tho
|
|move|p2a: KILL THEM|Dragon Pulse|p1a: Alomomola
|-damage|p1a: Alomomola|177\/534 tox
|move|p1a: Alomomola|Wish|p1a: Alomomola
|
|-heal|p2a: KILL THEM|391\/391 tox|[from] item: Leftovers
|-heal|p1a: Alomomola|210\/534 tox|[from] item: Leftovers
|-damage|p2a: KILL THEM|343\/391 tox|[from] psn
|-damage|p1a: Alomomola|111\/534 tox|[from] psn
|turn|28
|c| OG_Wanka|one glig is gone
|c| OG_Wanka|it def is
|
|switch|p1a: Jirachi|Jirachi|311\/341
|move|p2a: KILL THEM|Earth Power|p1a: Jirachi
|-supereffective|p1a: Jirachi
|-damage|p1a: Jirachi|61\/341
|
|-heal|p1a: Jirachi|328\/341|[from] move: Wish|[wisher] Alomomola
|-heal|p2a: KILL THEM|367\/391 tox|[from] item: Leftovers
|-damage|p2a: KILL THEM|295\/391 tox|[from] psn
|turn|29
|c| DrReuniclusoqfjfs|I used celebi on my team for the tour
|c| DrReuniclusoqfjfs|Such a fun set
|c| Lixx|wanka u have school tomorrow get to bed
|
|switch|p2a: oxycodone|Gligar, F, shiny|334\/334
|move|p1a: Jirachi|Zen Headbutt|p2a: oxycodone
|-damage|p2a: oxycodone|274\/334
|
|turn|30
|c| OG_Wanka|nope i have off
|c| DrReuniclusoqfjfs|y
|c| OG_Wanka|the jewish holliday
|c| DrReuniclusoqfjfs|o
|c| OG_Wanka|roshashana
|c| Dad's Dad|lel
|c| OG_Wanka|idk how to spell it lel
|
|switch|p1a: Celebi|Celebi|404\/404
|move|p2a: oxycodone|Taunt|p1a: Celebi
|-start|p1a: Celebi|move: Taunt
|
|turn|31
|c| DrReuniclusoqfjfs|Ok, I'm taking tomorrow off then
|c| Dad's Dad|im a dirty jew too
|c| OG_Wanka|lixx wht LP are you doin
|c| DrReuniclusoqfjfs|Changing religions for time off school=worth it
|c| OG_Wanka|fire emblem?
|
|switch|p2a: hokage|Jirachi, shiny|342\/342
|move|p1a: Celebi|U-turn|p2a: hokage
|-damage|p2a: hokage|293\/342
|
|switch|p1a: Arcanine|Arcanine, M|243\/339 tox
|
|-heal|p2a: hokage|314\/342|[from] item: Leftovers
|-damage|p1a: Arcanine|222\/339 tox|[from] psn
|turn|32
|c| Dad's Dad|the powerful nickname
|c| OG_Wanka|rachi the 32450347530 hokage
|c| OG_Wanka|i like it
|
|switch|p2a: oxycodone|Gligar, F, shiny|274\/334
|move|p1a: Arcanine|Flare Blitz|p2a: oxycodone
|-damage|p2a: oxycodone|145\/334
|-status|p2a: oxycodone|brn
|-damage|p1a: Arcanine|179\/339 tox|[from] recoil|[of] p2a: oxycodone
|-damage|p1a: Arcanine|146\/339 tox|[from] item: Life Orb
|
|-damage|p1a: Arcanine|104\/339 tox|[from] psn
|-damage|p2a: oxycodone|104\/334 brn|[from] brn
|turn|33
|c| DrReuniclusoqfjfs|You're using celebi wrong
|c| Lixx|>oxycodone
|c| Dad's Dad|wait
|c| Lixx|neb
|c| Dad's Dad|a fire type burned something
|c| DrReuniclusoqfjfs|where was the weakness policy
|c| Dad's Dad|whet
|c| Dad's Dad|whet teh fock
|c| Lixx|lol i cant read this
|leave|Lixx
|c|★bananagram|hm
|join|Jet Nebula
|
|switch|p1a: Celebi|Celebi|404\/404
|move|p2a: oxycodone|Taunt|p1a: Celebi
|-start|p1a: Celebi|move: Taunt
|
|-damage|p2a: oxycodone|63\/334 brn|[from] brn
|turn|34
|
|switch|p2a: hokage|Jirachi, shiny|314\/342
|move|p1a: Celebi|U-turn|p2a: hokage
|-damage|p2a: hokage|260\/342
|
|switch|p1a: Alomomola|Alomomola, F|289\/534 tox
|
|-heal|p2a: hokage|281\/342|[from] item: Leftovers
|-heal|p1a: Alomomola|322\/534 tox|[from] item: Leftovers
|-damage|p1a: Alomomola|289\/534 tox|[from] psn
|turn|35
|
|move|p2a: hokage|Energy Ball|p1a: Alomomola
|-supereffective|p1a: Alomomola
|-damage|p1a: Alomomola|55\/534 tox
|-unboost|p1a: Alomomola|spd|1
|move|p1a: Alomomola|Wish|p1a: Alomomola
|
|-heal|p2a: hokage|302\/342|[from] item: Leftovers
|-heal|p1a: Alomomola|88\/534 tox|[from] item: Leftovers
|-damage|p1a: Alomomola|22\/534 tox|[from] psn
|turn|36
|
|switch|p1a: Ampharos|Ampharos-Mega, M|37\/322
|-ability|p1a: Ampharos|Mold Breaker
|move|p2a: hokage|Psyshock|p1a: Ampharos
|-damage|p1a: Ampharos|0 fnt
|faint|p1a: Ampharos
|
|-heal|p2a: hokage|323\/342|[from] item: Leftovers
|
|switch|p1a: Celebi|Celebi|404\/404
|turn|37
|
|move|p2a: hokage|Calm Mind|p2a: hokage
|-boost|p2a: hokage|spa|1
|-boost|p2a: hokage|spd|1
|move|p1a: Celebi|Heal Bell|p1a: Celebi
|-cureteam|p1a: Celebi|[from] move: HealBell
|
|-heal|p2a: hokage|342\/342|[from] item: Leftovers
|turn|38
|
|move|p2a: hokage|Calm Mind|p2a: hokage
|-boost|p2a: hokage|spa|1
|-boost|p2a: hokage|spd|1
|move|p1a: Celebi|Healing Wish|p1a: Celebi
|faint|p1a: Celebi
|
|join|Dudeman130498
|
|switch|p1a: Arcanine|Arcanine, M|104\/339
|-heal|p1a: Arcanine|339\/339|[from] move: Healing Wish
|turn|39
|join|Chopped Up
|join|Sixkiller
|
|switch|p2a: oxycodone|Gligar, F, shiny|63\/334 brn
|move|p1a: Arcanine|Flare Blitz|p2a: oxycodone
|-damage|p2a: oxycodone|0 fnt
|-damage|p1a: Arcanine|318\/339|[from] recoil|[of] p2a: oxycodone
|-damage|p1a: Arcanine|285\/339|[from] item: Life Orb
|faint|p2a: oxycodone
|
|
|switch|p2a: KILL THEM|Kyurem, shiny|295\/391 tox
|-ability|p2a: KILL THEM|Pressure
|turn|40
|
|switch|p1a: Alomomola|Alomomola, F|200\/534
|move|p2a: KILL THEM|Earth Power|p1a: Alomomola
|-damage|p1a: Alomomola|45\/534
|
|-heal|p2a: KILL THEM|319\/391 tox|[from] item: Leftovers
|-heal|p1a: Alomomola|78\/534|[from] item: Leftovers
|-damage|p2a: KILL THEM|295\/391 tox|[from] psn
|turn|41
|c| Freelancer Mac|Yes master E-E
|
|switch|p2a: hokage|Jirachi, shiny|342\/342
|move|p1a: Alomomola|Protect|p1a: Alomomola
|-fail|p1a: Alomomola
|
|-heal|p1a: Alomomola|111\/534|[from] item: Leftovers
|turn|42
|c| Freelancer Mac|I will kill them
|
|move|p2a: hokage|Psyshock|p1a: Alomomola
|-damage|p1a: Alomomola|0 fnt
|faint|p1a: Alomomola
|
|
|switch|p1a: Arcanine|Arcanine, M|285\/339
|turn|43
|
|switch|p2a: KILL THEM|Kyurem, shiny|295\/391 tox
|-ability|p2a: KILL THEM|Pressure
|move|p1a: Arcanine|Flare Blitz|p2a: KILL THEM
|-damage|p2a: KILL THEM|0 fnt
|-damage|p1a: Arcanine|188\/339|[from] recoil|[of] p2a: KILL THEM
|-damage|p1a: Arcanine|155\/339|[from] item: Life Orb
|faint|p2a: KILL THEM
|
|
|switch|p2a: President|Abomasnow, F, shiny|383\/383
|turn|44
|
|detailschange|p2a: President|Abomasnow-Mega, F, shiny
|message|Abomasnow has Mega Evolved into Mega Abomasnow!
|-weather|Hail
|move|p1a: Arcanine|Flare Blitz|p2a: President
|-supereffective|p2a: President
|-damage|p2a: President|0 fnt
|-damage|p1a: Arcanine|29\/339|[from] recoil|[of] p2a: President
|-damage|p1a: Arcanine|0 fnt|[from] item: Life Orb
|faint|p2a: President
|faint|p1a: Arcanine
|
|-weather|Hail|[upkeep]
|c| Dudeman130498|why didn't u just psyshock the arcanine..
|
|switch|p1a: Jirachi|Jirachi|328\/341
|switch|p2a: hokage|Jirachi, shiny|342\/342
|turn|45
|c| DrReuniclusoqfjfs|rechi v rachi
|
|move|p1a: Jirachi|Trick|p2a: hokage
|-activate|p1a: Jirachi|move: Trick|[of] p2a: hokage
|-item|p2a: hokage|Choice Scarf|[from] move: Trick
|-item|p1a: Jirachi|Leftovers|[from] move: Trick
|move|p2a: hokage|Psyshock|p1a: Jirachi
|-resisted|p1a: Jirachi
|-damage|p1a: Jirachi|296\/341
|
|-weather|Hail|[upkeep]
|-damage|p2a: hokage|321\/342|[from] hail
|-damage|p1a: Jirachi|275\/341|[from] hail
|-heal|p1a: Jirachi|296\/341|[from] item: Leftovers
|turn|46
|
|move|p2a: hokage|Psyshock|p1a: Jirachi
|-resisted|p1a: Jirachi
|-damage|p1a: Jirachi|264\/341
|move|p1a: Jirachi|U-turn|p2a: hokage
|-damage|p2a: hokage|248\/342
|
|-weather|Hail|[upkeep]
|-damage|p2a: hokage|227\/342|[from] hail
|-damage|p1a: Jirachi|243\/341|[from] hail
|-heal|p1a: Jirachi|264\/341|[from] item: Leftovers
|turn|47
|c|★bananagram|gg
|leave|Dudeman130498
|
|move|p2a: hokage|Psyshock|p1a: Jirachi
|-resisted|p1a: Jirachi
|-damage|p1a: Jirachi|237\/341
|move|p1a: Jirachi|U-turn|p2a: hokage
|-damage|p2a: hokage|146\/342
|
|-weather|Hail|[upkeep]
|-damage|p2a: hokage|125\/342|[from] hail
|-damage|p1a: Jirachi|216\/341|[from] hail
|-heal|p1a: Jirachi|237\/341|[from] item: Leftovers
|turn|48
|leave|Sixkiller
|c|★sniperaim|i sacked the wrong poke
|c|★bananagram|I need to go to bed 
|c|★bananagram|why cant I lose
|
|move|p2a: hokage|Psyshock|p1a: Jirachi
|-resisted|p1a: Jirachi
|-damage|p1a: Jirachi|206\/341
|move|p1a: Jirachi|U-turn|p2a: hokage
|-crit|p2a: hokage
|-damage|p2a: hokage|20\/342
|
|-weather|none
|-heal|p1a: Jirachi|227\/341|[from] item: Leftovers
|turn|49
|c| DrReuniclusoqfjfs|Then just do \/forfeit
|c|★bananagram|no
|
|move|p2a: hokage|Psyshock|p1a: Jirachi
|-resisted|p1a: Jirachi
|-damage|p1a: Jirachi|199\/341
|move|p1a: Jirachi|U-turn|p2a: hokage
|-damage|p2a: hokage|0 fnt
|faint|p2a: hokage
|
|win|bananagram
|c| DrReuniclusoqfjfs|I had homework so I did that ._.
|leave|sniperaim
|player|p2
|leave|Chopped Up
|leave|DrReuniclusoqfjfs
|leave|Freelancer Mac
|leave|Jet Nebula
|leave|Dad's Dad