|join|sniperaim
|join|thisbemyfault
|player|p1|sniperaim|220
|player|p2|thisbemyfault|108
|gametype|singles
|gen|6
|tier|UU
|rule|Sleep Clause Mod: Limit one foe put to sleep
|rule|Species Clause: Limit one of each Pokémon
|rule|OHKO Clause: OHKO moves are banned
|rule|Moody Clause: Moody is banned
|rule|Evasion Moves Clause: Evasion moves are banned
|rule|Endless Battle Clause: Forcing endless battles is banned
|rule|HP Percentage Mod: HP is shown in percentages
|clearpoke
|poke|p1|Sharpedo, M
|poke|p1|Hippowdon, M
|poke|p1|Machamp, M
|poke|p1|Tentacruel, M
|poke|p1|Jirachi
|poke|p1|Whimsicott, M
|poke|p2|Krookodile, M
|poke|p2|Jirachi, shiny
|poke|p2|Hydreigon, M
|poke|p2|Gligar, F
|poke|p2|Vaporeon, M
|poke|p2|Ampharos, M
|rule|Swagger Clause: Swagger is banned
|rule|Baton Pass Clause: Limit one Pokémon knowing Baton Pass
|teampreview
|c|★thisbemyfault|lol u have jirachi on every team
|c|★thisbemyfault|u fuccboi
|c|★sniperaim|kek
|
|start
|switch|p1a: Machamp|Machamp, M|343\/343
|switch|p2a: Jirachi|Jirachi, shiny|341\/341
|turn|1
|c|★thisbemyfault|252+ Atk Choice Band Machamp Knock Off (97.5 BP) vs. 0 HP \/ 0 Def Jirachi: 350-412 (102.6 - 120.8%) -- guaranteed OHKO
|c|★thisbemyfault|r u banded
|c|★thisbemyfault|?
|c|★sniperaim|n
|c|★thisbemyfault|w8 no ur not real lmoa
|c|★thisbemyfault|u run av
|c|★sniperaim|kk
|c|★sniperaim|stay
|c|★sniperaim|stay
|
|switch|p1a: Tentacruel|Tentacruel, M|364\/364
|move|p2a: Jirachi|Psyshock|p1a: Tentacruel
|-supereffective|p1a: Tentacruel
|-damage|p1a: Tentacruel|100\/364
|
|-heal|p1a: Tentacruel|122\/364|[from] item: Black Sludge
|turn|2
|c|★thisbemyfault|lol
|c|★sniperaim|..
|c|★thisbemyfault|u said stay in
|c|★sniperaim|ooo
|
|switch|p2a: Krookodile|Krookodile, M|331\/331
|-ability|p2a: Krookodile|Intimidate|[of] p1a: Tentacruel
|-unboost|p1a: Tentacruel|atk|1
|switch|p1a: Hippowdon|Hippowdon, M|420\/420
|-weather|Sandstorm
|
|-weather|Sandstorm|[upkeep]
|turn|3
|
|move|p2a: Krookodile|Stealth Rock|p1a: Hippowdon
|-sidestart|p1: sniperaim|move: Stealth Rock
|move|p1a: Hippowdon|Toxic|p2a: Krookodile
|-status|p2a: Krookodile|tox
|
|-weather|Sandstorm|[upkeep]
|-damage|p2a: Krookodile|311\/331 tox|[from] psn
|turn|4
|
|move|p2a: Krookodile|Knock Off|p1a: Hippowdon
|-damage|p1a: Hippowdon|278\/420
|-enditem|p1a: Hippowdon|Leftovers|[from] move: Knock Off|[of] p2a: Krookodile
|move|p1a: Hippowdon|Stealth Rock|p2a: Krookodile
|-sidestart|p2: thisbemyfault|move: Stealth Rock
|
|-weather|Sandstorm|[upkeep]
|-damage|p2a: Krookodile|271\/331 tox|[from] psn
|turn|5
|c|★sniperaim|wek
|c|★thisbemyfault|lol
|c|★sniperaim|af
|c|★thisbemyfault|hippowdon is bulky
|c|★thisbemyfault|also why r u sand stream
|c|★thisbemyfault|?
|c|★sniperaim|c:
|c|★thisbemyfault|ur fucking stupid lmoa
|c|★sniperaim|helps w t spike
|
|switch|p2a: Hydreigon|Hydreigon, M|325\/325
|-damage|p2a: Hydreigon|285\/325|[from] Stealth Rock
|move|p1a: Hippowdon|Slack Off|p1a: Hippowdon
|-heal|p1a: Hippowdon|420\/420
|
|-weather|Sandstorm|[upkeep]
|-damage|p2a: Hydreigon|265\/325|[from] sandstorm
|turn|6
|c|★thisbemyfault|i have a big dick
|c|★sniperaim|n
|c|★thisbemyfault|lol i do
|
|move|p2a: Hydreigon|Draco Meteor|p1a: Hippowdon
|-damage|p1a: Hippowdon|189\/420
|-unboost|p2a: Hydreigon|spa|2
|move|p1a: Hippowdon|Slack Off|p1a: Hippowdon
|-heal|p1a: Hippowdon|399\/420
|
|-weather|none
|turn|7
|c|★sniperaim|shut up
|c|★sniperaim|yum
|c|★thisbemyfault|>yum
|c|★thisbemyfault|>took 55%
|
|switch|p2a: Jirachi|Jirachi, shiny|341\/341
|-damage|p2a: Jirachi|320\/341|[from] Stealth Rock
|move|p1a: Hippowdon|Toxic|p2a: Jirachi|[miss]
|-miss|p1a: Hippowdon|p2a: Jirachi
|
|-heal|p2a: Jirachi|341\/341|[from] item: Leftovers
|turn|8
|c|★thisbemyfault|lol srry 4 miss
|c|★thisbemyfault|:)
|c|★sniperaim|k
|
|move|p2a: Jirachi|Energy Ball|p1a: Hippowdon
|-supereffective|p1a: Hippowdon
|-damage|p1a: Hippowdon|207\/420
|-unboost|p1a: Hippowdon|spd|1
|move|p1a: Hippowdon|Earthquake|p2a: Jirachi
|-supereffective|p2a: Jirachi
|-damage|p2a: Jirachi|87\/341
|
|-heal|p2a: Jirachi|108\/341|[from] item: Leftovers
|turn|9
|c|★thisbemyfault|not hax
|c|★sniperaim|meanie
|c|★thisbemyfault|!data energy ball
|c|~|\/data-move Energy Ball

|c|★thisbemyfault|!data serene grace
|c|~|\/data-ability Serene Grace

|
|switch|p1a: Jirachi|Jirachi|342\/342
|-damage|p1a: Jirachi|321\/342|[from] Stealth Rock
|move|p2a: Jirachi|Energy Ball|p1a: Jirachi
|-resisted|p1a: Jirachi
|-damage|p1a: Jirachi|279\/342
|
|-heal|p2a: Jirachi|129\/341|[from] item: Leftovers
|turn|10
|c|★thisbemyfault|o w8 only 10%
|c|★thisbemyfault|yeah thats hax lmoa
|
|switch|p2a: Vaporeon|Vaporeon, M|449\/449
|-damage|p2a: Vaporeon|393\/449|[from] Stealth Rock
|move|p1a: Jirachi|U-turn|p2a: Vaporeon
|-damage|p2a: Vaporeon|318\/449
|c|★thisbemyfault|i thought it was 10 lol
|
|switch|p1a: Tentacruel|Tentacruel, M|122\/364
|-damage|p1a: Tentacruel|77\/364|[from] Stealth Rock
|
|-heal|p1a: Tentacruel|99\/364|[from] item: Black Sludge
|-heal|p2a: Vaporeon|346\/449|[from] item: Leftovers
|turn|11
|c|★sniperaim|stfu
|c|★thisbemyfault|no u
|
|move|p1a: Tentacruel|Rapid Spin|p2a: Vaporeon
|-damage|p2a: Vaporeon|335\/449
|-sideend|p1: sniperaim|Stealth Rock|[from] move: Rapid Spin|[of] p1a: Tentacruel
|move|p2a: Vaporeon|Wish|p2a: Vaporeon
|
|-heal|p1a: Tentacruel|121\/364|[from] item: Black Sludge
|-heal|p2a: Vaporeon|363\/449|[from] item: Leftovers
|turn|12
|c|★thisbemyfault|why r u a gay fuccboi
|c|★thisbemyfault|?
|
|move|p1a: Tentacruel|Scald|p2a: Vaporeon
|-heal|p2a: Vaporeon|449\/449|[from] ability: Water Absorb|[of] p1a: Tentacruel
|move|p2a: Vaporeon|Baton Pass|p2a: Vaporeon
|c|★thisbemyfault|lmoa
|c|★sniperaim|k
|c|★thisbemyfault|ur fucking shit
|
|switch|p2a: Jirachi|Jirachi, shiny|129\/341
|-damage|p2a: Jirachi|108\/341|[from] Stealth Rock
|
|-heal|p2a: Jirachi|332\/341|[from] move: Wish|[wisher] Vaporeon
|-heal|p2a: Jirachi|341\/341|[from] item: Leftovers
|-heal|p1a: Tentacruel|143\/364|[from] item: Black Sludge
|turn|13
|
|switch|p1a: Jirachi|Jirachi|279\/342
|move|p2a: Jirachi|Psyshock|p1a: Jirachi
|-resisted|p1a: Jirachi
|-damage|p1a: Jirachi|251\/342
|
|turn|14
|c|★thisbemyfault|superrachi is good
|c|★sniperaim|idc
|
|move|p1a: Jirachi|U-turn|p2a: Jirachi
|-damage|p2a: Jirachi|271\/341
|c|★thisbemyfault|yes u do lol
|c|★thisbemyfault|UUST N1GGER joined;
|c|★thisbemyfault|lmoa
|
|switch|p1a: Whimsicott|Whimsicott, M|280\/280
|move|p2a: Jirachi|Moonblast|p1a: Whimsicott
|-crit|p1a: Whimsicott
|-damage|p1a: Whimsicott|95\/280
|-unboost|p1a: Whimsicott|spa|1
|
|-heal|p1a: Whimsicott|112\/280|[from] item: Leftovers
|-heal|p2a: Jirachi|292\/341|[from] item: Leftovers
|turn|15
|c|★sniperaim|k
|c|★thisbemyfault|stronk
|
|move|p1a: Whimsicott|U-turn|p2a: Jirachi
|-damage|p2a: Jirachi|257\/341
|c|★thisbemyfault|lol
|c|★thisbemyfault|wtf r u doing
|
|switch|p1a: Jirachi|Jirachi|251\/342
|move|p2a: Jirachi|Psyshock|p1a: Jirachi
|-resisted|p1a: Jirachi
|-damage|p1a: Jirachi|224\/342
|
|-heal|p2a: Jirachi|278\/341|[from] item: Leftovers
|turn|16
|
|move|p1a: Jirachi|U-turn|p2a: Jirachi
|-damage|p2a: Jirachi|214\/341
|
|switch|p1a: Tentacruel|Tentacruel, M|143\/364
|move|p2a: Jirachi|Moonblast|p1a: Tentacruel
|-resisted|p1a: Tentacruel
|-damage|p1a: Tentacruel|106\/364
|-unboost|p1a: Tentacruel|spa|1
|
|-heal|p2a: Jirachi|235\/341|[from] item: Leftovers
|-heal|p1a: Tentacruel|128\/364|[from] item: Black Sludge
|turn|17
|
|move|p2a: Jirachi|Calm Mind|p2a: Jirachi
|-boost|p2a: Jirachi|spa|1
|-boost|p2a: Jirachi|spd|1
|move|p1a: Tentacruel|Toxic Spikes|p2a: Jirachi
|-sidestart|p2: thisbemyfault|move: Toxic Spikes
|
|-heal|p2a: Jirachi|256\/341|[from] item: Leftovers
|-heal|p1a: Tentacruel|150\/364|[from] item: Black Sludge
|turn|18
|
|switch|p1a: Whimsicott|Whimsicott, M|112\/280
|move|p2a: Jirachi|Psyshock|p1a: Whimsicott
|-damage|p1a: Whimsicott|0 fnt
|faint|p1a: Whimsicott
|
|-heal|p2a: Jirachi|277\/341|[from] item: Leftovers
|c|★thisbemyfault|lol
|
|switch|p1a: Sharpedo|Sharpedo, M|282\/282
|turn|19
|
|move|p1a: Sharpedo|Protect|p1a: Sharpedo
|-singleturn|p1a: Sharpedo|Protect
|move|p2a: Jirachi|Moonblast|p1a: Sharpedo
|-activate|p1a: Sharpedo|Protect
|
|-heal|p2a: Jirachi|298\/341|[from] item: Leftovers
|-boost|p1a: Sharpedo|spe|1|[from] ability: Speed Boost
|turn|20
|
|switch|p2a: Krookodile|Krookodile, M|271\/331 tox
|-damage|p2a: Krookodile|251\/331 tox|[from] Stealth Rock
|-ability|p2a: Krookodile|Intimidate|[of] p1a: Sharpedo
|-unboost|p1a: Sharpedo|atk|1
|detailschange|p1a: Sharpedo|Sharpedo-Mega, M
|-mega|p1a: Sharpedo|Sharpedo|Sharpedonite
|move|p1a: Sharpedo|Crunch|p2a: Krookodile
|-resisted|p2a: Krookodile
|-damage|p2a: Krookodile|155\/331 tox
|
|-damage|p2a: Krookodile|135\/331 tox|[from] psn
|turn|21
|
|move|p1a: Sharpedo|Waterfall|p2a: Krookodile
|-supereffective|p2a: Krookodile
|-damage|p2a: Krookodile|0 fnt
|faint|p2a: Krookodile
|
|c|★thisbemyfault|rip speed boosts
|c|★sniperaim|idc
|c|★thisbemyfault|lol
|
|switch|p2a: Hydreigon|Hydreigon, M|265\/325
|-damage|p2a: Hydreigon|225\/325|[from] Stealth Rock
|turn|22
|
|move|p1a: Sharpedo|Protect|p1a: Sharpedo
|-singleturn|p1a: Sharpedo|Protect
|move|p2a: Hydreigon|Draco Meteor|p1a: Sharpedo
|-activate|p1a: Sharpedo|Protect
|
|turn|23
|
|switch|p1a: Jirachi|Jirachi|224\/342
|move|p2a: Hydreigon|Draco Meteor|p1a: Jirachi
|-resisted|p1a: Jirachi
|-damage|p1a: Jirachi|111\/342
|-unboost|p2a: Hydreigon|spa|2
|
|turn|24
|c|★thisbemyfault|the counter
|
|switch|p2a: Gligar|Gligar, F|333\/333
|-damage|p2a: Gligar|292\/333|[from] Stealth Rock
|move|p1a: Jirachi|U-turn|p2a: Gligar
|-crit|p2a: Gligar
|-resisted|p2a: Gligar
|-damage|p2a: Gligar|261\/333
|c|★thisbemyfault|wow u crit me
|c|★thisbemyfault|u fuck
|c|★sniperaim|idc
|
|switch|p1a: Sharpedo|Sharpedo-Mega, M|282\/282
|
|turn|25
|
|move|p1a: Sharpedo|Ice Fang|p2a: Gligar
|-supereffective|p2a: Gligar
|-damage|p2a: Gligar|0 fnt
|faint|p2a: Gligar
|
|c|★thisbemyfault|that kills wtf
|c|★sniperaim|no shit
|c|★thisbemyfault|>no shit
|c|★sniperaim|ur bad
|c|★sniperaim|lol
|c|★thisbemyfault|lol
|c|★thisbemyfault|ur bad
|
|switch|p2a: Hydreigon|Hydreigon, M|225\/325
|-damage|p2a: Hydreigon|185\/325|[from] Stealth Rock
|turn|26
|
|move|p1a: Sharpedo|Protect|p1a: Sharpedo
|-singleturn|p1a: Sharpedo|Protect
|move|p2a: Hydreigon|Draco Meteor|p1a: Sharpedo
|-activate|p1a: Sharpedo|Protect
|
|turn|27
|
|switch|p1a: Tentacruel|Tentacruel, M|150\/364
|move|p2a: Hydreigon|Draco Meteor|p1a: Tentacruel
|-damage|p1a: Tentacruel|0 fnt
|-unboost|p2a: Hydreigon|spa|2
|faint|p1a: Tentacruel
|
|
|switch|p1a: Hippowdon|Hippowdon, M|207\/420
|-weather|Sandstorm
|turn|28
|
|switch|p2a: Vaporeon|Vaporeon, M|449\/449
|-damage|p2a: Vaporeon|393\/449|[from] Stealth Rock
|-status|p2a: Vaporeon|psn
|move|p1a: Hippowdon|Slack Off|p1a: Hippowdon
|-heal|p1a: Hippowdon|417\/420
|
|-weather|Sandstorm|[upkeep]
|-damage|p2a: Vaporeon|365\/449 psn|[from] sandstorm
|-heal|p2a: Vaporeon|393\/449 psn|[from] item: Leftovers
|-damage|p2a: Vaporeon|337\/449 psn|[from] psn
|turn|29
|
|switch|p1a: Machamp|Machamp, M|343\/343
|move|p2a: Vaporeon|Wish|p2a: Vaporeon
|
|-weather|Sandstorm|[upkeep]
|-damage|p1a: Machamp|322\/343|[from] sandstorm
|-damage|p2a: Vaporeon|309\/449 psn|[from] sandstorm
|-heal|p2a: Vaporeon|337\/449 psn|[from] item: Leftovers
|-damage|p2a: Vaporeon|281\/449 psn|[from] psn
|turn|30
|
|move|p2a: Vaporeon|Protect|p2a: Vaporeon
|-singleturn|p2a: Vaporeon|Protect
|move|p1a: Machamp|Knock Off|p2a: Vaporeon
|-activate|p2a: Vaporeon|Protect
|
|-weather|Sandstorm|[upkeep]
|-damage|p1a: Machamp|301\/343|[from] sandstorm
|-damage|p2a: Vaporeon|253\/449 psn|[from] sandstorm
|-heal|p2a: Vaporeon|449\/449 psn|[from] move: Wish|[wisher] Vaporeon
|-damage|p2a: Vaporeon|393\/449 psn|[from] psn
|turn|31
|
|move|p1a: Machamp|Knock Off|p2a: Vaporeon
|-damage|p2a: Vaporeon|254\/449 psn
|-enditem|p2a: Vaporeon|Leftovers|[from] move: Knock Off|[of] p1a: Machamp
|move|p2a: Vaporeon|Wish|p2a: Vaporeon
|
|-weather|Sandstorm|[upkeep]
|-damage|p1a: Machamp|280\/343|[from] sandstorm
|-damage|p2a: Vaporeon|226\/449 psn|[from] sandstorm
|-damage|p2a: Vaporeon|170\/449 psn|[from] psn
|turn|32
|
|move|p2a: Vaporeon|Protect|p2a: Vaporeon
|-singleturn|p2a: Vaporeon|Protect
|move|p1a: Machamp|Knock Off|p2a: Vaporeon
|-activate|p2a: Vaporeon|Protect
|
|-weather|none
|-heal|p2a: Vaporeon|394\/449 psn|[from] move: Wish|[wisher] Vaporeon
|-damage|p2a: Vaporeon|338\/449 psn|[from] psn
|turn|33
|
|move|p1a: Machamp|Knock Off|p2a: Vaporeon
|-crit|p2a: Vaporeon
|-damage|p2a: Vaporeon|189\/449 psn
|move|p2a: Vaporeon|Wish|p2a: Vaporeon
|
|-damage|p2a: Vaporeon|133\/449 psn|[from] psn
|turn|34
|c|★thisbemyfault|mfw
|
|move|p2a: Vaporeon|Protect|p2a: Vaporeon
|-singleturn|p2a: Vaporeon|Protect
|move|p1a: Machamp|Close Combat|p2a: Vaporeon
|-activate|p2a: Vaporeon|Protect
|
|-heal|p2a: Vaporeon|357\/449 psn|[from] move: Wish|[wisher] Vaporeon
|-damage|p2a: Vaporeon|301\/449 psn|[from] psn
|turn|35
|c|★thisbemyfault|dont fkn crit me u shit
|c|★sniperaim|idc
|
|move|p1a: Machamp|Knock Off|p2a: Vaporeon
|-damage|p2a: Vaporeon|202\/449 psn
|move|p2a: Vaporeon|Scald|p1a: Machamp
|-damage|p1a: Machamp|207\/343
|
|-damage|p2a: Vaporeon|146\/449 psn|[from] psn
|turn|36
|c|★thisbemyfault|lol
|
|switch|p1a: Sharpedo|Sharpedo-Mega, M|282\/282
|move|p2a: Vaporeon|Scald|p1a: Sharpedo
|-resisted|p1a: Sharpedo
|-damage|p1a: Sharpedo|207\/282
|-status|p1a: Sharpedo|brn
|
|-damage|p1a: Sharpedo|172\/282 brn|[from] brn
|-damage|p2a: Vaporeon|90\/449 psn|[from] psn
|turn|37
|c|★thisbemyfault|:)
|c|★sniperaim|sacking
|c|★sniperaim|idc
|c|★thisbemyfault|k didnt ask
|
|move|p1a: Sharpedo|Crunch|p2a: Vaporeon
|-damage|p2a: Vaporeon|0 fnt
|faint|p2a: Vaporeon
|
|-damage|p1a: Sharpedo|137\/282 brn|[from] brn
|
|switch|p2a: Jirachi|Jirachi, shiny|298\/341
|-damage|p2a: Jirachi|277\/341|[from] Stealth Rock
|turn|38
|
|move|p2a: Jirachi|Energy Ball|p1a: Sharpedo
|-supereffective|p1a: Sharpedo
|-damage|p1a: Sharpedo|0 fnt
|faint|p1a: Sharpedo
|
|-heal|p2a: Jirachi|298\/341|[from] item: Leftovers
|
|switch|p1a: Hippowdon|Hippowdon, M|417\/420
|-weather|Sandstorm
|turn|39
|
|move|p2a: Jirachi|Energy Ball|p1a: Hippowdon
|-supereffective|p1a: Hippowdon
|-damage|p1a: Hippowdon|229\/420
|move|p1a: Hippowdon|Earthquake|p2a: Jirachi
|-supereffective|p2a: Jirachi
|-damage|p2a: Jirachi|26\/341
|
|-weather|Sandstorm|[upkeep]
|-heal|p2a: Jirachi|47\/341|[from] item: Leftovers
|turn|40
|c|★thisbemyfault|thats max damage u fk
|c|★thisbemyfault|also nice sp.def drop u haxing fgt
|
|move|p2a: Jirachi|Energy Ball|p1a: Hippowdon
|-supereffective|p1a: Hippowdon
|-damage|p1a: Hippowdon|41\/420
|move|p1a: Hippowdon|Slack Off|p1a: Hippowdon
|-heal|p1a: Hippowdon|251\/420
|
|-weather|Sandstorm|[upkeep]
|-heal|p2a: Jirachi|68\/341|[from] item: Leftovers
|turn|41
|
|move|p2a: Jirachi|Energy Ball|p1a: Hippowdon
|-supereffective|p1a: Hippowdon
|-damage|p1a: Hippowdon|69\/420
|move|p1a: Hippowdon|Earthquake|p2a: Jirachi
|-supereffective|p2a: Jirachi
|-damage|p2a: Jirachi|0 fnt
|faint|p2a: Jirachi
|
|-weather|Sandstorm|[upkeep]
|
|switch|p2a: Ampharos|Ampharos, M|369\/369
|-damage|p2a: Ampharos|323\/369|[from] Stealth Rock
|-status|p2a: Ampharos|psn
|turn|42
|
|detailschange|p2a: Ampharos|Ampharos-Mega, M
|-mega|p2a: Ampharos|Ampharos|Ampharosite
|-ability|p2a: Ampharos|Mold Breaker
|move|p2a: Ampharos|Dragon Pulse|p1a: Hippowdon
|-damage|p1a: Hippowdon|0 fnt
|faint|p1a: Hippowdon
|
|-weather|Sandstorm|[upkeep]
|-damage|p2a: Ampharos|300\/369 psn|[from] sandstorm
|-damage|p2a: Ampharos|254\/369 psn|[from] psn
|
|switch|p1a: Machamp|Machamp, M|207\/343
|turn|43
|
|move|p1a: Machamp|Ice Punch|p2a: Ampharos
|-supereffective|p2a: Ampharos
|-damage|p2a: Ampharos|78\/369 psn
|move|p2a: Ampharos|Thunderbolt|p1a: Machamp
|-damage|p1a: Machamp|50\/343
|
|-weather|none
|-damage|p2a: Ampharos|32\/369 psn|[from] psn
|turn|44
|
|move|p1a: Machamp|Ice Punch|p2a: Ampharos
|-supereffective|p2a: Ampharos
|-damage|p2a: Ampharos|0 fnt
|faint|p2a: Ampharos
|
|
|switch|p2a: Hydreigon|Hydreigon, M|185\/325
|-damage|p2a: Hydreigon|145\/325|[from] Stealth Rock
|turn|45
|
|move|p2a: Hydreigon|Fire Blast|p1a: Machamp
|-damage|p1a: Machamp|0 fnt
|faint|p1a: Machamp
|
|join|PaulK618
|c|★thisbemyfault|252 Atk Jirachi U-turn vs. 0 HP \/ 0 Def Hydreigon: 140-166 (43 - 51%) -- 3.9% chance to 2HKO
|
|switch|p1a: Jirachi|Jirachi|111\/342
|turn|46
|c|★sniperaim|ez
|c|★thisbemyfault|hydreigon pull thlu
|
|move|p1a: Jirachi|U-turn|p2a: Hydreigon
|-supereffective|p2a: Hydreigon
|-damage|p2a: Hydreigon|0 fnt
|faint|p2a: Hydreigon
|
|win|sniperaim
|c|★thisbemyfault|hax
|c|★sniperaim|gg
|c|★sniperaim|noob