|join|Christo m8
|join|sniperaim
|player|p1|Christo m8|142
|player|p2|sniperaim|220
|gametype|singles
|gen|6
|tier|UU
|rated
|rule|Sleep Clause Mod: Limit one foe put to sleep
|rule|Species Clause: Limit one of each Pokémon
|rule|OHKO Clause: OHKO moves are banned
|rule|Moody Clause: Moody is banned
|rule|Evasion Moves Clause: Evasion moves are banned
|rule|Endless Battle Clause: Forcing endless battles is banned
|rule|HP Percentage Mod: HP is shown in percentages
|clearpoke
|poke|p1|Hydreigon, M
|poke|p1|Pidgeot, F
|poke|p1|Jirachi
|poke|p1|Raikou
|poke|p1|Machamp, M
|poke|p1|Zygarde
|poke|p2|Zygarde
|poke|p2|Ampharos, M
|poke|p2|Uxie
|poke|p2|Jirachi
|poke|p2|Suicune
|poke|p2|Gligar, F
|rule|Swagger Clause: Swagger is banned
|rule|Baton Pass Clause: Limit one Pokémon knowing Baton Pass
|teampreview
|join|The Moosh
|join|feng the bob
|join|pokeblade101
|
|start
|switch|p1a: Jirachi|Jirachi|341\/341
|switch|p2a: Dont use dark|Uxie|354\/354
|turn|1
|
|move|p1a: Jirachi|Trick|p2a: Dont use dark
|-activate|p1a: Jirachi|move: Trick|[of] p2a: Dont use dark
|-item|p2a: Dont use dark|Choice Scarf|[from] move: Trick
|-item|p1a: Jirachi|Leftovers|[from] move: Trick
|move|p2a: Dont use dark|Knock Off|p1a: Jirachi
|-supereffective|p1a: Jirachi
|-damage|p1a: Jirachi|233\/341
|-enditem|p1a: Jirachi|Leftovers|[from] move: Knock Off|[of] p2a: Dont use dark
|
|turn|2
|
|move|p2a: Dont use dark|Knock Off|p1a: Jirachi
|-supereffective|p1a: Jirachi
|-damage|p1a: Jirachi|159\/341
|move|p1a: Jirachi|U-turn|p2a: Dont use dark
|-supereffective|p2a: Dont use dark
|-damage|p2a: Dont use dark|242\/354
|
|switch|p1a: Pidgeot|Pidgeot, F|307\/307
|
|turn|3
|
|switch|p2a: Guess what i eat|Gligar, F|333\/333
|switch|p1a: Hydreigon|Hydreigon, M|325\/325
|
|turn|4
|leave|The Moosh
|
|move|p1a: Hydreigon|Draco Meteor|p2a: Guess what i eat
|-damage|p2a: Guess what i eat|89\/333
|-unboost|p1a: Hydreigon|spa|2
|move|p2a: Guess what i eat|U-turn|p1a: Hydreigon
|-supereffective|p1a: Hydreigon
|-damage|p1a: Hydreigon|235\/325
|
|switch|p2a: Dont use dark|Uxie|242\/354
|
|turn|5
|
|switch|p1a: Pidgeot|Pidgeot, F|307\/307
|move|p2a: Dont use dark|Stealth Rock|p1a: Pidgeot
|-sidestart|p1: Christo m8|move: Stealth Rock
|
|turn|6
|
|switch|p2a: My hair tho|Ampharos, M|350\/350
|detailschange|p1a: Pidgeot|Pidgeot-Mega, F
|-mega|p1a: Pidgeot|Pidgeot|Pidgeotite
|move|p1a: Pidgeot|Defog|p2a: My hair tho
|-unboost|p2a: My hair tho|evasion|1
|-sideend|p1: Christo m8|Stealth Rock|[from] move: Defog|[of] p1a: Pidgeot
|
|turn|7
|
|switch|p1a: Machamp|Machamp, M|374\/374
|detailschange|p2a: My hair tho|Ampharos-Mega, M
|-mega|p2a: My hair tho|Ampharos|Ampharosite
|-ability|p2a: My hair tho|Mold Breaker
|move|p2a: My hair tho|Dragon Pulse|p1a: Machamp
|-damage|p1a: Machamp|229\/374
|
|turn|8
|
|switch|p2a: Dont use dark|Uxie|242\/354
|move|p1a: Machamp|Dynamic Punch|p2a: Dont use dark
|-resisted|p2a: Dont use dark
|-damage|p2a: Dont use dark|170\/354
|-start|p2a: Dont use dark|confusion
|
|turn|9
|
|-activate|p2a: Dont use dark|confusion
|-damage|p2a: Dont use dark|151\/354|[from] confusion
|move|p1a: Machamp|Knock Off|p2a: Dont use dark
|-supereffective|p2a: Dont use dark
|-damage|p2a: Dont use dark|0 fnt
|-enditem|p2a: Dont use dark|Choice Scarf|[from] move: Knock Off|[of] p1a: Machamp
|faint|p2a: Dont use dark
|
|
|switch|p2a: Lmao I'm cancer|Jirachi|342\/342
|turn|10
|
|switch|p1a: Jirachi|Jirachi|159\/341
|move|p2a: Lmao I'm cancer|Zen Headbutt|p1a: Jirachi
|-resisted|p1a: Jirachi
|-damage|p1a: Jirachi|129\/341
|
|turn|11
|
|switch|p2a: My hair tho|Ampharos-Mega, M|350\/350
|-ability|p2a: My hair tho|Mold Breaker
|move|p1a: Jirachi|Trick|p2a: My hair tho
|-fail|p2a: My hair tho
|
|turn|12
|
|move|p1a: Jirachi|Zen Headbutt|p2a: My hair tho
|-damage|p2a: My hair tho|227\/350
|move|p2a: My hair tho|Dragon Pulse|p1a: Jirachi
|-resisted|p1a: Jirachi
|-damage|p1a: Jirachi|27\/341
|
|turn|13
|
|switch|p2a: Lmao I'm cancer|Jirachi|342\/342
|move|p1a: Jirachi|Zen Headbutt|p2a: Lmao I'm cancer|[miss]
|-miss|p1a: Jirachi|p2a: Lmao I'm cancer
|
|turn|14
|c| pokeblade101|Damn
|
|move|p2a: Lmao I'm cancer|U-turn|p1a: Jirachi
|-damage|p1a: Jirachi|0 fnt
|faint|p1a: Jirachi
|c| pokeblade101|Lol
|
|switch|p2a: Suicunenite|Suicune|356\/356
|-ability|p2a: Suicunenite|Pressure
|
|
|switch|p1a: Raikou|Raikou|321\/321
|-ability|p1a: Raikou|Pressure
|turn|15
|
|switch|p2a: My hair tho|Ampharos-Mega, M|227\/350
|-ability|p2a: My hair tho|Mold Breaker
|move|p1a: Raikou|Substitute|p1a: Raikou
|-start|p1a: Raikou|Substitute
|-damage|p1a: Raikou|241\/321
|
|-heal|p1a: Raikou|261\/321|[from] item: Leftovers
|turn|16
|
|move|p1a: Raikou|Hidden Power|p2a: My hair tho
|-crit|p2a: My hair tho
|-supereffective|p2a: My hair tho
|-damage|p2a: My hair tho|47\/350
|move|p2a: My hair tho|Dragon Pulse|p1a: Raikou
|-end|p1a: Raikou|Substitute
|
|-heal|p1a: Raikou|281\/321|[from] item: Leftovers
|turn|17
|c|★Christo m8|sorry
|
|switch|p2a: Lmao I'm cancer|Jirachi|342\/342
|move|p1a: Raikou|Hidden Power|p2a: Lmao I'm cancer
|-resisted|p2a: Lmao I'm cancer
|-damage|p2a: Lmao I'm cancer|307\/342
|
|-heal|p1a: Raikou|301\/321|[from] item: Leftovers
|turn|18
|
|switch|p1a: Machamp|Machamp, M|229\/374
|move|p2a: Lmao I'm cancer|U-turn|p1a: Machamp
|-resisted|p1a: Machamp
|-damage|p1a: Machamp|190\/374
|
|switch|p2a: Guess what i eat|Gligar, F|89\/333
|
|turn|19
|
|move|p2a: Guess what i eat|Earthquake|p1a: Machamp
|-damage|p1a: Machamp|84\/374
|move|p1a: Machamp|Knock Off|p2a: Guess what i eat
|-damage|p2a: Guess what i eat|10\/333
|-enditem|p2a: Guess what i eat|Eviolite|[from] move: Knock Off|[of] p1a: Machamp
|
|turn|20
|
|move|p1a: Machamp|Bullet Punch|p2a: Guess what i eat
|-damage|p2a: Guess what i eat|0 fnt
|faint|p2a: Guess what i eat
|
|
|switch|p2a: Suicunenite|Suicune|356\/356
|-ability|p2a: Suicunenite|Pressure
|turn|21
|join|daD s'daD
|
|move|p2a: Suicunenite|Scald|p1a: Machamp
|-damage|p1a: Machamp|0 fnt
|faint|p1a: Machamp
|
|c| daD s'daD|why are u in a bad mood sniperaim?
|
|switch|p1a: Raikou|Raikou|301\/321
|-ability|p1a: Raikou|Pressure
|turn|22
|
|move|p1a: Raikou|Thunderbolt|p2a: Suicunenite
|-supereffective|p2a: Suicunenite
|-damage|p2a: Suicunenite|110\/356
|move|p2a: Suicunenite|Scald|p1a: Raikou
|-damage|p1a: Raikou|189\/321
|
|-heal|p1a: Raikou|209\/321|[from] item: Leftovers
|-heal|p2a: Suicunenite|132\/356|[from] item: Leftovers
|turn|23
|c|★sniperaim|long story
|
|switch|p2a: Lmao I'm cancer|Jirachi|307\/342
|move|p1a: Raikou|Thunderbolt|p2a: Lmao I'm cancer
|-damage|p2a: Lmao I'm cancer|159\/342
|
|-heal|p1a: Raikou|229\/321|[from] item: Leftovers
|turn|24
|
|switch|p1a: Pidgeot|Pidgeot-Mega, F|307\/307
|move|p2a: Lmao I'm cancer|Zen Headbutt|p1a: Pidgeot
|-damage|p1a: Pidgeot|159\/307
|
|turn|25
|
|switch|p2a: High Guard|Zygarde|404\/404
|-ability|p2a: High Guard|Aura Break
|move|p1a: Pidgeot|Hurricane|p2a: High Guard
|-damage|p2a: High Guard|235\/404
|
|-heal|p2a: High Guard|260\/404|[from] item: Leftovers
|turn|26
|c|★Christo m8|ez
|
|move|p1a: Pidgeot|Hurricane|p2a: High Guard
|-damage|p2a: High Guard|101\/404
|move|p2a: High Guard|Dragon Tail|p1a: Pidgeot
|-damage|p1a: Pidgeot|74\/307
|drag|p1a: Raikou|Raikou|229\/321
|-ability|p1a: Raikou|Pressure
|
|-heal|p1a: Raikou|249\/321|[from] item: Leftovers
|-heal|p2a: High Guard|126\/404|[from] item: Leftovers
|turn|27
|join|Volbeatdown
|
|switch|p2a: My hair tho|Ampharos-Mega, M|47\/350
|-ability|p2a: My hair tho|Mold Breaker
|move|p1a: Raikou|Hidden Power|p2a: My hair tho
|-crit|p2a: My hair tho
|-supereffective|p2a: My hair tho
|-damage|p2a: My hair tho|0 fnt
|faint|p2a: My hair tho
|
|-heal|p1a: Raikou|269\/321|[from] item: Leftovers
|c| pokeblade101|Hmm sub coil set
|
|switch|p2a: Lmao I'm cancer|Jirachi|159\/342
|turn|28
|
|switch|p1a: Pidgeot|Pidgeot-Mega, F|74\/307
|move|p2a: Lmao I'm cancer|Iron Head|p1a: Pidgeot
|-damage|p1a: Pidgeot|0 fnt
|faint|p1a: Pidgeot
|
|
|switch|p1a: Zygarde|Zygarde|358\/358
|-ability|p1a: Zygarde|Aura Break
|turn|29
|
|move|p2a: Lmao I'm cancer|Iron Head|p1a: Zygarde
|-damage|p1a: Zygarde|256\/358
|cant|p1a: Zygarde|flinch
|
|turn|30
|
|move|p2a: Lmao I'm cancer|Iron Head|p1a: Zygarde
|-damage|p1a: Zygarde|147\/358
|move|p1a: Zygarde|Earthquake|p2a: Lmao I'm cancer
|-supereffective|p2a: Lmao I'm cancer
|-damage|p2a: Lmao I'm cancer|0 fnt
|faint|p2a: Lmao I'm cancer
|
|c| pokeblade101|:o
|
|switch|p2a: Suicunenite|Suicune|132\/356
|-ability|p2a: Suicunenite|Pressure
|turn|31
|c| pokeblade101|Nvm
|c| pokeblade101|That gg
|c| pokeblade101|Outrage
|
|move|p1a: Zygarde|Earthquake|p2a: Suicunenite
|-damage|p2a: Suicunenite|0 fnt
|faint|p2a: Suicunenite
|
|
|switch|p2a: High Guard|Zygarde|126\/404
|-ability|p2a: High Guard|Aura Break
|turn|32
|c| pokeblade101|Nvm
|c|★Christo m8|gg
|c| pokeblade101|Gg
|
|move|p1a: Zygarde|Outrage|p2a: High Guard
|-supereffective|p2a: High Guard
|-damage|p2a: High Guard|0 fnt
|faint|p2a: High Guard
|
|win|Christo m8
|raw|Ladder updating...
|raw|Christo m8's rating: 1527 &rarr; <strong>1551<\/strong><br \/>(+24 for winning)
|raw|sniperaim's rating: 1597 &rarr; <strong>1573<\/strong><br \/>(-24 for losing)
|c| pokeblade101|This team we made is tto ggo
|leave|sniperaim
|c| pokeblade101|Good
|player|p2
|leave|feng the bob
|leave|daD s'daD
|c|★Christo m8|ngl easiest win of my life
|c| pokeblade101|Ngl?
|c|★Christo m8|got outplayed everytime
|c|★Christo m8|not gonna lie
|c| pokeblade101|Yh that was pretty hype
|c| pokeblade101|Just post this battle
|c|★Christo m8|like he got shit on