|join|sniperaim
|join|namehtmas
|player|p1|sniperaim|220
|player|p2|namehtmas|168
|gametype|singles
|gen|6
|tier|UU
|rule|Sleep Clause Mod: Limit one foe put to sleep
|rule|Species Clause: Limit one of each Pokémon
|rule|OHKO Clause: OHKO moves are banned
|rule|Moody Clause: Moody is banned
|rule|Evasion Moves Clause: Evasion moves are banned
|rule|Endless Battle Clause: Forcing endless battles is banned
|rule|HP Percentage Mod: HP is shown in percentages
|clearpoke
|poke|p1|Togekiss, F
|poke|p1|Tentacruel, M
|poke|p1|Swampert, F
|poke|p1|Hydreigon, M
|poke|p1|Umbreon, M
|poke|p1|Aggron, M
|poke|p2|Alakazam, M
|poke|p2|Mienshao, F
|poke|p2|Ampharos, M
|poke|p2|Empoleon, F
|poke|p2|Krookodile, F
|poke|p2|Crobat, M
|rule|Swagger Clause: Swagger is banned
|rule|Baton Pass Clause: Limit one Pokémon knowing Baton Pass
|teampreview
|
|start
|switch|p1a: Swampert|Swampert, F|401\/401
|switch|p2a: Crobat|Crobat, M|374\/374
|turn|1
|
|move|p2a: Crobat|Taunt|p1a: Swampert
|-start|p1a: Swampert|move: Taunt
|move|p1a: Swampert|Scald|p2a: Crobat
|-damage|p2a: Crobat|283\/374
|
|-heal|p2a: Crobat|306\/374|[from] item: Black Sludge
|turn|2
|join|billfren
|
|move|p2a: Crobat|U-turn|p1a: Swampert
|-damage|p1a: Swampert|361\/401
|
|switch|p2a: Mienshao|Mienshao, F|271\/271
|move|p1a: Swampert|Scald|p2a: Mienshao
|-damage|p2a: Mienshao|136\/271
|
|-heal|p1a: Swampert|386\/401|[from] item: Leftovers
|turn|3
|
|switch|p1a: Pls stay|Togekiss, F|325\/325
|move|p2a: Mienshao|High Jump Kick|p1a: Pls stay
|-resisted|p1a: Pls stay
|-damage|p1a: Pls stay|243\/325
|-damage|p2a: Mienshao|109\/271|[from] item: Life Orb
|
|-heal|p1a: Pls stay|263\/325|[from] item: Leftovers
|turn|4
|
|switch|p1a: Swampert|Swampert, F|386\/401
|move|p2a: Mienshao|Poison Jab|p1a: Swampert
|-resisted|p1a: Swampert
|-damage|p1a: Swampert|341\/401
|-damage|p2a: Mienshao|82\/271|[from] item: Life Orb
|
|-heal|p1a: Swampert|366\/401|[from] item: Leftovers
|turn|5
|
|move|p2a: Mienshao|High Jump Kick|p1a: Swampert
|-damage|p1a: Swampert|152\/401
|-damage|p2a: Mienshao|55\/271|[from] item: Life Orb
|move|p1a: Swampert|Stealth Rock|p2a: Mienshao
|-sidestart|p2: namehtmas|move: Stealth Rock
|
|-heal|p1a: Swampert|177\/401|[from] item: Leftovers
|turn|6
|
|switch|p1a: Tentacruel|Tentacruel, M|364\/364
|move|p2a: Mienshao|U-turn|p1a: Tentacruel
|-resisted|p1a: Tentacruel
|-damage|p1a: Tentacruel|307\/364
|-damage|p2a: Mienshao|28\/271|[from] item: Life Orb
|
|switch|p2a: Empoleon|Empoleon, F|372\/372
|-damage|p2a: Empoleon|349\/372|[from] Stealth Rock
|
|-heal|p1a: Tentacruel|329\/364|[from] item: Black Sludge
|-heal|p2a: Empoleon|372\/372|[from] item: Leftovers
|turn|7
|
|move|p1a: Tentacruel|Scald|p2a: Empoleon
|-resisted|p2a: Empoleon
|-damage|p2a: Empoleon|345\/372
|move|p2a: Empoleon|Defog|p1a: Tentacruel
|-fail|p1a: Tentacruel|unboost|[from] ability: Clear Body|[of] p1a: Tentacruel
|-sideend|p2: namehtmas|Stealth Rock|[from] move: Defog|[of] p2a: Empoleon
|
|-heal|p1a: Tentacruel|351\/364|[from] item: Black Sludge
|-heal|p2a: Empoleon|368\/372|[from] item: Leftovers
|turn|8
|
|switch|p1a: Umbreon|Umbreon, M|394\/394
|move|p2a: Empoleon|Stealth Rock|p1a: Umbreon
|-sidestart|p1: sniperaim|move: Stealth Rock
|
|-heal|p2a: Empoleon|372\/372|[from] item: Leftovers
|turn|9
|
|switch|p2a: Ampharos|Ampharos, M|384\/384
|move|p1a: Umbreon|Wish|p1a: Umbreon
|
|turn|10
|
|detailschange|p2a: Ampharos|Ampharos-Mega, M
|message|Ampharos has Mega Evolved into Mega Ampharos!
|-ability|p2a: Ampharos|Mold Breaker
|move|p1a: Umbreon|Foul Play|p2a: Ampharos
|-damage|p2a: Ampharos|321\/384
|move|p2a: Ampharos|Dragon Pulse|p1a: Umbreon
|-crit|p1a: Umbreon
|-damage|p1a: Umbreon|264\/394
|
|-heal|p1a: Umbreon|394\/394|[from] move: Wish|[wisher] Umbreon
|turn|11
|
|move|p1a: Umbreon|Wish|p1a: Umbreon
|move|p2a: Ampharos|Volt Switch|p1a: Umbreon
|-damage|p1a: Umbreon|316\/394
|
|switch|p2a: Mienshao|Mienshao, F|118\/271
|
|-heal|p1a: Umbreon|340\/394|[from] item: Leftovers
|turn|12
|
|switch|p1a: Swampert|Swampert, F|177\/401
|-damage|p1a: Swampert|152\/401|[from] Stealth Rock
|move|p2a: Mienshao|U-turn|p1a: Swampert
|-damage|p1a: Swampert|74\/401
|-damage|p2a: Mienshao|91\/271|[from] item: Life Orb
|c| billfren|smh namehtas
|
|switch|p2a: Alakazam|Alakazam, M|252\/252
|
|-heal|p1a: Swampert|271\/401|[from] move: Wish|[wisher] Umbreon
|-heal|p1a: Swampert|296\/401|[from] item: Leftovers
|turn|13
|
|switch|p1a: Aggron|Aggron, M|344\/344
|-damage|p1a: Aggron|323\/344|[from] Stealth Rock
|move|p2a: Alakazam|Calm Mind|p2a: Alakazam
|-boost|p2a: Alakazam|spa|1
|-boost|p2a: Alakazam|spd|1
|
|turn|14
|
|switch|p2a: Ampharos|Ampharos-Mega, M|321\/384
|-ability|p2a: Ampharos|Mold Breaker
|detailschange|p1a: Aggron|Aggron-Mega, M
|message|Aggron has Mega Evolved into Mega Aggron!
|move|p1a: Aggron|Iron Head|p2a: Ampharos
|-resisted|p2a: Ampharos
|-damage|p2a: Ampharos|278\/384
|
|turn|15
|
|switch|p1a: Umbreon|Umbreon, M|340\/394
|-damage|p1a: Umbreon|291\/394|[from] Stealth Rock
|move|p2a: Ampharos|Dragon Pulse|p1a: Umbreon
|-damage|p1a: Umbreon|203\/394
|
|-heal|p1a: Umbreon|227\/394|[from] item: Leftovers
|turn|16
|
|move|p1a: Umbreon|Wish|p1a: Umbreon
|move|p2a: Ampharos|Volt Switch|p1a: Umbreon
|-damage|p1a: Umbreon|145\/394
|
|switch|p2a: Mienshao|Mienshao, F|181\/271
|
|-heal|p1a: Umbreon|169\/394|[from] item: Leftovers
|turn|17
|
|move|p1a: Umbreon|Protect|p1a: Umbreon
|-singleturn|p1a: Umbreon|Protect
|move|p2a: Mienshao|High Jump Kick|p1a: Umbreon
|-activate|p1a: Umbreon|Protect
|-damage|p2a: Mienshao|46\/271|[from] highjumpkick
|
|-heal|p1a: Umbreon|366\/394|[from] move: Wish|[wisher] Umbreon
|-heal|p1a: Umbreon|390\/394|[from] item: Leftovers
|turn|18
|
|switch|p1a: Swampert|Swampert, F|296\/401
|-damage|p1a: Swampert|271\/401|[from] Stealth Rock
|move|p2a: Mienshao|U-turn|p1a: Swampert
|-damage|p1a: Swampert|196\/401
|-damage|p2a: Mienshao|19\/271|[from] item: Life Orb
|
|switch|p2a: Alakazam|Alakazam, M|252\/252
|
|-heal|p1a: Swampert|221\/401|[from] item: Leftovers
|turn|19
|
|move|p2a: Alakazam|Calm Mind|p2a: Alakazam
|-boost|p2a: Alakazam|spa|1
|-boost|p2a: Alakazam|spd|1
|move|p1a: Swampert|Earthquake|p2a: Alakazam
|-crit|p2a: Alakazam
|-damage|p2a: Alakazam|0 fnt
|faint|p2a: Alakazam
|
|-heal|p1a: Swampert|246\/401|[from] item: Leftovers
|c|★namehtmas|rip
|c|★sniperaim|sryz
|
|switch|p2a: Mienshao|Mienshao, F|109\/271
|turn|20
|c|★namehtmas|):
|
|switch|p1a: Tentacruel|Tentacruel, M|351\/364
|-damage|p1a: Tentacruel|306\/364|[from] Stealth Rock
|move|p2a: Mienshao|U-turn|p1a: Tentacruel
|-crit|p1a: Tentacruel
|-resisted|p1a: Tentacruel
|-damage|p1a: Tentacruel|223\/364
|-damage|p2a: Mienshao|82\/271|[from] item: Life Orb
|
|switch|p2a: Ampharos|Ampharos-Mega, M|278\/384
|-ability|p2a: Ampharos|Mold Breaker
|
|-heal|p1a: Tentacruel|245\/364|[from] item: Black Sludge
|turn|21
|
|move|p1a: Tentacruel|Rapid Spin|p2a: Ampharos
|-damage|p2a: Ampharos|271\/384
|-sideend|p1: sniperaim|Stealth Rock|[from] move: Rapid Spin|[of] p1a: Tentacruel
|move|p2a: Ampharos|Volt Switch|p1a: Tentacruel
|-supereffective|p1a: Tentacruel
|-damage|p1a: Tentacruel|41\/364
|
|switch|p2a: Mienshao|Mienshao, F|172\/271
|
|-heal|p1a: Tentacruel|63\/364|[from] item: Black Sludge
|turn|22
|
|move|p2a: Mienshao|Knock Off|p1a: Tentacruel
|-damage|p1a: Tentacruel|0 fnt
|-enditem|p1a: Tentacruel|Black Sludge|[from] move: Knock Off|[of] p2a: Mienshao
|-damage|p2a: Mienshao|145\/271|[from] item: Life Orb
|faint|p1a: Tentacruel
|
|
|switch|p1a: Hydreigon|Hydreigon, M|325\/325
|turn|23
|
|switch|p2a: Empoleon|Empoleon, F|372\/372
|move|p1a: Hydreigon|U-turn|p2a: Empoleon
|-resisted|p2a: Empoleon
|-damage|p2a: Empoleon|344\/372
|
|switch|p1a: Swampert|Swampert, F|246\/401
|
|-heal|p2a: Empoleon|367\/372|[from] item: Leftovers
|-heal|p1a: Swampert|271\/401|[from] item: Leftovers
|turn|24
|c|★namehtmas|aww man i almost stayed in
|
|move|p2a: Empoleon|Scald|p1a: Swampert
|-damage|p1a: Swampert|159\/401
|move|p1a: Swampert|Earthquake|p2a: Empoleon
|-supereffective|p2a: Empoleon
|-damage|p2a: Empoleon|61\/372
|
|-heal|p2a: Empoleon|84\/372|[from] item: Leftovers
|-heal|p1a: Swampert|184\/401|[from] item: Leftovers
|turn|25
|c|★sniperaim|0.0
|
|move|p2a: Empoleon|Stealth Rock|p1a: Swampert
|-sidestart|p1: sniperaim|move: Stealth Rock
|move|p1a: Swampert|Earthquake|p2a: Empoleon
|-supereffective|p2a: Empoleon
|-damage|p2a: Empoleon|0 fnt
|faint|p2a: Empoleon
|
|-heal|p1a: Swampert|209\/401|[from] item: Leftovers
|
|switch|p2a: Mienshao|Mienshao, F|235\/271
|turn|26
|
|move|p2a: Mienshao|High Jump Kick|p1a: Swampert
|-damage|p1a: Swampert|0 fnt
|-damage|p2a: Mienshao|208\/271|[from] item: Life Orb
|faint|p1a: Swampert
|
|c|★namehtmas|isn't shao so good
|c|★namehtmas|:O
|
|switch|p1a: Hydreigon|Hydreigon, M|325\/325
|-damage|p1a: Hydreigon|285\/325|[from] Stealth Rock
|turn|27
|c|★sniperaim|yea its p gr8
|
|switch|p2a: Crobat|Crobat, M|306\/374
|move|p1a: Hydreigon|Draco Meteor|p2a: Crobat
|-damage|p2a: Crobat|21\/374
|-unboost|p1a: Hydreigon|spa|2
|
|-heal|p2a: Crobat|44\/374|[from] item: Black Sludge
|turn|28
|
|switch|p2a: Krookodile|Krookodile, F|332\/332
|move|p1a: Hydreigon|Draco Meteor|p2a: Krookodile
|-damage|p2a: Krookodile|178\/332
|-unboost|p1a: Hydreigon|spa|2
|
|turn|29
|
|switch|p1a: Pls stay|Togekiss, F|263\/325
|-damage|p1a: Pls stay|182\/325|[from] Stealth Rock
|switch|p2a: Ampharos|Ampharos-Mega, M|271\/384
|-ability|p2a: Ampharos|Mold Breaker
|
|-heal|p1a: Pls stay|202\/325|[from] item: Leftovers
|turn|30
|join|Bob the Bro
|
|move|p1a: Pls stay|Roost|p1a: Pls stay
|-heal|p1a: Pls stay|325\/325
|move|p2a: Ampharos|Volt Switch|p1a: Pls stay
|-damage|p1a: Pls stay|216\/325
|
|switch|p2a: Mienshao|Mienshao, F|271\/271
|
|-heal|p1a: Pls stay|236\/325|[from] item: Leftovers
|turn|31
|
|move|p2a: Mienshao|U-turn|p1a: Pls stay
|-resisted|p1a: Pls stay
|-damage|p1a: Pls stay|211\/325
|-damage|p2a: Mienshao|244\/271|[from] item: Life Orb
|
|switch|p2a: Ampharos|Ampharos-Mega, M|271\/384
|-ability|p2a: Ampharos|Mold Breaker
|move|p1a: Pls stay|Air Slash|p2a: Ampharos
|-resisted|p2a: Ampharos
|-damage|p2a: Ampharos|208\/384
|
|-heal|p1a: Pls stay|231\/325|[from] item: Leftovers
|turn|32
|
|move|p1a: Pls stay|Roost|p1a: Pls stay
|-heal|p1a: Pls stay|325\/325
|move|p2a: Ampharos|Volt Switch|p1a: Pls stay
|-damage|p1a: Pls stay|201\/325
|
|switch|p2a: Crobat|Crobat, M|44\/374
|
|-heal|p2a: Crobat|67\/374|[from] item: Black Sludge
|-heal|p1a: Pls stay|221\/325|[from] item: Leftovers
|turn|33
|
|move|p2a: Crobat|Brave Bird|p1a: Pls stay
|-damage|p1a: Pls stay|77\/325
|-damage|p2a: Crobat|19\/374|[from] recoil|[of] p1a: Pls stay
|move|p1a: Pls stay|Nasty Plot|p1a: Pls stay
|-boost|p1a: Pls stay|spa|2
|
|-heal|p2a: Crobat|42\/374|[from] item: Black Sludge
|-heal|p1a: Pls stay|97\/325|[from] item: Leftovers
|turn|34
|
|move|p2a: Crobat|U-turn|p1a: Pls stay
|-resisted|p1a: Pls stay
|-damage|p1a: Pls stay|82\/325
|
|switch|p2a: Ampharos|Ampharos-Mega, M|208\/384
|-ability|p2a: Ampharos|Mold Breaker
|move|p1a: Pls stay|Roost|p1a: Pls stay
|-heal|p1a: Pls stay|245\/325
|
|-heal|p1a: Pls stay|265\/325|[from] item: Leftovers
|turn|35
|c| Bob the Bro|rekt
|
|move|p1a: Pls stay|Air Slash|p2a: Ampharos
|-resisted|p2a: Ampharos
|-damage|p2a: Ampharos|100\/384
|cant|p2a: Ampharos|flinch
|
|-heal|p1a: Pls stay|285\/325|[from] item: Leftovers
|turn|36
|
|move|p1a: Pls stay|Air Slash|p2a: Ampharos
|-resisted|p2a: Ampharos
|-damage|p2a: Ampharos|0 fnt
|faint|p2a: Ampharos
|
|-heal|p1a: Pls stay|305\/325|[from] item: Leftovers
|
|switch|p2a: Crobat|Crobat, M|42\/374
|turn|37
|
|move|p2a: Crobat|Brave Bird|p1a: Pls stay
|-damage|p1a: Pls stay|151\/325
|-damage|p2a: Crobat|0 fnt|[from] recoil|[of] p1a: Pls stay
|faint|p2a: Crobat
|move|p1a: Pls stay|Flamethrower|p2: Crobat|[notarget]
|-notarget
|
|-heal|p1a: Pls stay|171\/325|[from] item: Leftovers
|
|switch|p2a: Mienshao|Mienshao, F|271\/271
|turn|38
|
|move|p2a: Mienshao|Poison Jab|p1a: Pls stay
|-supereffective|p1a: Pls stay
|-damage|p1a: Pls stay|0 fnt
|-damage|p2a: Mienshao|244\/271|[from] item: Life Orb
|faint|p1a: Pls stay
|
|
|switch|p1a: Hydreigon|Hydreigon, M|285\/325
|-damage|p1a: Hydreigon|245\/325|[from] Stealth Rock
|turn|39
|
|move|p1a: Hydreigon|U-turn|p2a: Mienshao
|-resisted|p2a: Mienshao
|-damage|p2a: Mienshao|204\/271
|c|★namehtmas|what
|
|switch|p1a: Umbreon|Umbreon, M|390\/394
|-damage|p1a: Umbreon|341\/394|[from] Stealth Rock
|move|p2a: Mienshao|High Jump Kick|p1a: Umbreon|[miss]
|-miss|p2a: Mienshao|p1a: Umbreon
|-damage|p2a: Mienshao|69\/271|[from] highjumpkick
|
|-heal|p1a: Umbreon|365\/394|[from] item: Leftovers
|turn|40
|c|★namehtmas|why
|c|★namehtmas|oml
|c| Bob the Bro|predicted miss
|c| Bob the Bro|obv
|c|★sniperaim|:x
|c|★namehtmas|i'm gonna chalk this up as a win to myself if that hits but w\/e
|join|Bud Hertz
|c|★sniperaim|ii have nuff sacks
|
|move|p1a: Umbreon|Protect|p1a: Umbreon
|-singleturn|p1a: Umbreon|Protect
|move|p2a: Mienshao|U-turn|p1a: Umbreon
|-activate|p1a: Umbreon|Protect
|
|-heal|p1a: Umbreon|389\/394|[from] item: Leftovers
|turn|41
|
|move|p1a: Umbreon|Protect|p1a: Umbreon
|-fail|p1a: Umbreon
|move|p2a: Mienshao|High Jump Kick|p1a: Umbreon
|-supereffective|p1a: Umbreon
|-damage|p1a: Umbreon|0 fnt
|-damage|p2a: Mienshao|42\/271|[from] item: Life Orb
|faint|p1a: Umbreon
|
|c|★namehtmas|ya tru
|
|switch|p1a: Hydreigon|Hydreigon, M|245\/325
|-damage|p1a: Hydreigon|205\/325|[from] Stealth Rock
|turn|42
|
|move|p1a: Hydreigon|Draco Meteor|p2a: Mienshao
|-damage|p2a: Mienshao|0 fnt
|-unboost|p1a: Hydreigon|spa|2
|faint|p2a: Mienshao
|
|
|switch|p2a: Krookodile|Krookodile, F|178\/332
|turn|43
|
|switch|p1a: Aggron|Aggron-Mega, M|323\/344
|-damage|p1a: Aggron|302\/344|[from] Stealth Rock
|move|p2a: Krookodile|Superpower|p1a: Aggron
|-supereffective|p1a: Aggron
|-damage|p1a: Aggron|202\/344
|-unboost|p2a: Krookodile|atk|1
|-unboost|p2a: Krookodile|def|1
|
|turn|44
|c|★namehtmas|geeg
|
|move|p2a: Krookodile|Superpower|p1a: Aggron
|-supereffective|p1a: Aggron
|-damage|p1a: Aggron|136\/344
|-unboost|p2a: Krookodile|atk|1
|-unboost|p2a: Krookodile|def|1
|move|p1a: Aggron|Curse|p1a: Aggron
|-boost|p1a: Aggron|atk|1
|-boost|p1a: Aggron|def|1
|-unboost|p1a: Aggron|spe|1
|
|turn|45
|c|★sniperaim|gg
|c| Bob the Bro|gobo
|c|★namehtmas|i coulda sacked krook and fished for draco miss
|
|move|p2a: Krookodile|Superpower|p1a: Aggron
|-supereffective|p1a: Aggron
|-damage|p1a: Aggron|105\/344
|-unboost|p2a: Krookodile|atk|1
|-unboost|p2a: Krookodile|def|1
|move|p1a: Aggron|Iron Head|p2a: Krookodile
|-damage|p2a: Krookodile|0 fnt
|faint|p2a: Krookodile
|
|win|sniperaim
|c|★sniperaim|i thought u were
|leave|namehtmas
|player|p2
|c|★sniperaim|earlier
|leave|Bob the Bro
|leave|Uultron
|join|DrReuniclus3
|leave|DrReuniclus3
|join|I<3Magikarp
|leave|I<3Magikarp
|leave|billfren