|join|sniperaim
|join|Bob the Bro
|player|p1|sniperaim|220
|player|p2|Bob the Bro|23
|gametype|singles
|gen|6
|tier|UU
|rule|Sleep Clause Mod: Limit one foe put to sleep
|rule|Species Clause: Limit one of each Pokémon
|rule|OHKO Clause: OHKO moves are banned
|rule|Moody Clause: Moody is banned
|rule|Evasion Moves Clause: Evasion moves are banned
|rule|Endless Battle Clause: Forcing endless battles is banned
|rule|HP Percentage Mod: HP is shown in percentages
|clearpoke
|poke|p1|Pidgeot, F
|poke|p1|Cobalion
|poke|p1|Entei, shiny
|poke|p1|Jirachi
|poke|p1|Gligar, M
|poke|p1|Slowking, M
|poke|p2|Shedinja
|poke|p2|Blissey, F
|poke|p2|Tentacruel, M
|poke|p2|Zygarde
|poke|p2|Aggron, M
|poke|p2|Togetic, M
|rule|Swagger Clause: Swagger is banned
|rule|Baton Pass Clause: Limit one Pokémon knowing Baton Pass
|teampreview
|c|★Bob the Bro|what is this garb
|
|start
|switch|p1a: Entei|Entei, shiny|371\/371
|switch|p2a: Archilles|Aggron, M|344\/344
|-ability|p1a: Entei|Pressure
|turn|1
|join|Colbrushie
|c|★sniperaim|ur demise
|
|switch|p2a: Kraken|Tentacruel, M|364\/364
|move|p1a: Entei|Sacred Fire|p2a: Kraken
|-resisted|p2a: Kraken
|-damage|p2a: Kraken|241\/364
|
|-heal|p2a: Kraken|263\/364|[from] item: Black Sludge
|turn|2
|c|★Bob the Bro|ct
|c| Colbrushie|what scrub
|c| Colbrushie|uses ab
|c| Colbrushie|av
|
|move|p1a: Entei|Sacred Fire|p2a: Kraken
|-crit|p2a: Kraken
|-resisted|p2a: Kraken
|-damage|p2a: Kraken|71\/364
|-status|p2a: Kraken|brn
|move|p2a: Kraken|Toxic|p1a: Entei
|-status|p1a: Entei|tox
|
|-heal|p2a: Kraken|93\/364 brn|[from] item: Black Sludge
|-damage|p1a: Entei|348\/371 tox|[from] psn
|-damage|p2a: Kraken|48\/364 brn|[from] brn
|turn|3
|c|★Bob the Bro|sick
|
|switch|p2a: Serpentine|Zygarde|404\/404
|-ability|p2a: Serpentine|Aura Break
|move|p1a: Entei|Sacred Fire|p2a: Serpentine
|-resisted|p2a: Serpentine
|-damage|p2a: Serpentine|291\/404
|
|-heal|p2a: Serpentine|316\/404|[from] item: Leftovers
|-damage|p1a: Entei|302\/371 tox|[from] psn
|turn|4
|
|switch|p1a: Slowking|Slowking, M|394\/394
|move|p2a: Serpentine|Dragon Tail|p1a: Slowking
|-damage|p1a: Slowking|333\/394
|drag|p1a: Pidgeot|Pidgeot, F|307\/307
|
|-heal|p2a: Serpentine|341\/404|[from] item: Leftovers
|turn|5
|join|poonHunter (DD)
|join|DMT
|join|waiv
|
|switch|p2a: Venus|Blissey, F|714\/714
|detailschange|p1a: Pidgeot|Pidgeot-Mega, F
|-mega|p1a: Pidgeot|Pidgeot|Pidgeotite
|move|p1a: Pidgeot|U-turn|p2a: Venus
|-damage|p2a: Venus|653\/714
|c|+DMT|S
|c|+DMT|N
|c|+DMT|I
|c|+DMT|BO
|c|+DMT|OB
|
|switch|p1a: Entei|Entei, shiny|302\/371 tox
|-ability|p1a: Entei|Pressure
|
|-heal|p2a: Venus|697\/714|[from] item: Leftovers
|-damage|p1a: Entei|279\/371 tox|[from] psn
|turn|6
|c| poonHunter (DD)|yay snapper using mega burd
|
|move|p1a: Entei|Sacred Fire|p2a: Venus
|-damage|p2a: Venus|204\/714
|-status|p2a: Venus|brn
|move|p2a: Venus|Counter|p1a: Entei
|-damage|p1a: Entei|0 fnt
|faint|p1a: Entei
|
|-heal|p2a: Venus|248\/714 brn|[from] item: Leftovers
|-damage|p2a: Venus|159\/714 brn|[from] brn
|c|+DMT|OW
|c|★Bob the Bro|this fgt crit burn me
|c| poonHunter (DD)|r IP
|c|+DMT|bob if you cry
|c|+DMT|it will feel better
|c|★Bob the Bro|ofc
|
|switch|p1a: Pidgeot|Pidgeot-Mega, F|307\/307
|turn|7
|c| Colbrushie|tears are the best way to get rid of salt
|c| Colbrushie|:^]
|
|switch|p2a: Freyja|Togetic, M|314\/314
|move|p1a: Pidgeot|Hurricane|p2a: Freyja
|-damage|p2a: Freyja|176\/314
|-start|p2a: Freyja|confusion
|
|turn|8
|c|★Bob the Bro|fkn
|c|★Bob the Bro|hax
|c| poonHunter (DD)|ez
|c|★sniperaim|ez
|
|switch|p2a: Archilles|Aggron, M|344\/344
|move|p1a: Pidgeot|Hurricane|p2a: Archilles
|-resisted|p2a: Archilles
|-damage|p2a: Archilles|295\/344
|
|turn|9
|
|detailschange|p2a: Archilles|Aggron-Mega, M
|-mega|p2a: Archilles|Aggron|Aggronite
|move|p1a: Pidgeot|U-turn|p2a: Archilles
|-crit|p2a: Archilles
|-resisted|p2a: Archilles
|-damage|p2a: Archilles|282\/344
|
|switch|p1a: Cobalion|Cobalion|386\/386
|move|p2a: Archilles|Toxic|p1a: Cobalion
|-fail|p1a: Cobalion
|
|turn|10
|c| poonHunter (DD)|rip
|
|switch|p2a: Hades|Shedinja|1\/1
|move|p1a: Cobalion|Stealth Rock|p2a: Hades
|-sidestart|p2: Bob the Bro|move: Stealth Rock
|
|turn|11
|
|move|p1a: Cobalion|Taunt|p2a: Hades
|-start|p2a: Hades|move: Taunt
|cant|p2a: Hades|move: Taunt|Will-O-Wisp
|
|turn|12
|
|switch|p1a: Pidgeot|Pidgeot-Mega, F|307\/307
|move|p2a: Hades|X-Scissor|p1a: Pidgeot
|-resisted|p1a: Pidgeot
|-damage|p1a: Pidgeot|234\/307
|
|turn|13
|
|switch|p2a: Serpentine|Zygarde|341\/404
|-damage|p2a: Serpentine|316\/404|[from] Stealth Rock
|-ability|p2a: Serpentine|Aura Break
|move|p1a: Pidgeot|Hurricane|p2a: Serpentine
|-damage|p2a: Serpentine|174\/404
|
|-heal|p2a: Serpentine|199\/404|[from] item: Leftovers
|turn|14
|c|+DMT|bob you get 6-0'd
|c|+DMT|by hax
|c|+DMT|!dt shell armor
|c|~|\/data-ability Shell Armor
|raw|<font size="1"><\/font>
|c|★Bob the Bro|ofc
|c|+DMT|!dt shield dust
|c|~|\/data-ability Shield Dust
|raw|<font size="1"><\/font>
|
|move|p1a: Pidgeot|Hurricane|p2a: Serpentine
|-damage|p2a: Serpentine|60\/404
|-start|p2a: Serpentine|confusion
|-activate|p2a: Serpentine|confusion
|move|p2a: Serpentine|Dragon Tail|p1a: Pidgeot
|-damage|p1a: Pidgeot|149\/307
|drag|p1a: Cobalion|Cobalion|386\/386
|
|-heal|p2a: Serpentine|85\/404|[from] item: Leftovers
|turn|15
|
|move|p1a: Cobalion|Close Combat|p2a: Serpentine
|-damage|p2a: Serpentine|0 fnt
|-unboost|p1a: Cobalion|def|1
|-unboost|p1a: Cobalion|spd|1
|faint|p2a: Serpentine
|
|
|switch|p2a: Archilles|Aggron-Mega, M|282\/344
|-damage|p2a: Archilles|261\/344|[from] Stealth Rock
|turn|16
|
|switch|p1a: Gligar|Gligar, M|334\/334
|move|p2a: Archilles|Heavy Slam|p1a: Gligar
|-damage|p1a: Gligar|213\/334
|
|turn|17
|
|move|p1a: Gligar|U-turn|p2a: Archilles
|-resisted|p2a: Archilles
|-damage|p2a: Archilles|251\/344
|
|switch|p1a: Slowking|Slowking, M|394\/394
|move|p2a: Archilles|Stealth Rock|p1a: Slowking
|-sidestart|p1: sniperaim|move: Stealth Rock
|
|turn|18
|
|move|p2a: Archilles|Toxic|p1a: Slowking
|-status|p1a: Slowking|tox
|move|p1a: Slowking|Nasty Plot|p1a: Slowking
|-boost|p1a: Slowking|spa|2
|
|-damage|p1a: Slowking|370\/394 tox|[from] psn
|turn|19
|
|switch|p2a: Kraken|Tentacruel, M|48\/364 brn
|-damage|p2a: Kraken|3\/364 brn|[from] Stealth Rock
|move|p1a: Slowking|Scald|p2a: Kraken
|-resisted|p2a: Kraken
|-damage|p2a: Kraken|0 fnt
|faint|p2a: Kraken
|
|-heal|p1a: Slowking|394\/394 tox|[from] item: Leftovers
|-damage|p1a: Slowking|346\/394 tox|[from] psn
|
|switch|p2a: Freyja|Togetic, M|176\/314
|-damage|p2a: Freyja|98\/314|[from] Stealth Rock
|turn|20
|
|move|p2a: Freyja|Defog|p1a: Slowking
|-unboost|p1a: Slowking|evasion|1
|-sideend|p1: sniperaim|Stealth Rock|[from] move: Defog|[of] p1a: Slowking
|-sideend|p2: Bob the Bro|Stealth Rock|[from] move: Defog|[of] p2a: Freyja
|move|p1a: Slowking|Scald|p2a: Freyja
|-damage|p2a: Freyja|0 fnt
|faint|p2a: Freyja
|
|-heal|p1a: Slowking|370\/394 tox|[from] item: Leftovers
|-damage|p1a: Slowking|298\/394 tox|[from] psn
|
|switch|p2a: Archilles|Aggron-Mega, M|251\/344
|turn|21
|
|move|p2a: Archilles|Stealth Rock|p1a: Slowking
|-sidestart|p1: sniperaim|move: Stealth Rock
|move|p1a: Slowking|Scald|p2a: Archilles
|-damage|p2a: Archilles|82\/344
|
|-heal|p1a: Slowking|322\/394 tox|[from] item: Leftovers
|-damage|p1a: Slowking|226\/394 tox|[from] psn
|turn|22
|
|switch|p2a: Hades|Shedinja|1\/1
|switch|p1a: Cobalion|Cobalion|386\/386
|-damage|p1a: Cobalion|374\/386|[from] Stealth Rock
|
|-heal|p1a: Cobalion|386\/386|[from] item: Leftovers
|turn|23
|c|+DMT|ez
|c|+DMT|sweep
|c|+DMT|ez
|
|switch|p2a: Archilles|Aggron-Mega, M|82\/344
|move|p1a: Cobalion|Stealth Rock|p2a: Archilles
|-sidestart|p2: Bob the Bro|move: Stealth Rock
|
|turn|24
|c|★Bob the Bro|oh
|c|★sniperaim|bob
|c|★Bob the Bro|rip
|c|★sniperaim|ut shit
|c|+DMT|SD on rox
|
|move|p1a: Cobalion|Close Combat|p2a: Archilles
|-crit|p2a: Archilles
|-supereffective|p2a: Archilles
|-damage|p2a: Archilles|0 fnt
|-unboost|p1a: Cobalion|def|1
|-unboost|p1a: Cobalion|spd|1
|faint|p2a: Archilles
|
|c|+DMT|sciz pidg
|c|+DMT|snek rachi
|c|+DMT|glig sd and kil
|c|+DMT|kil kng
|c|★Bob the Bro|i choked
|c|+DMT|huehuehuehue
|leave|DMT
|-message|Bob the Bro forfeited.
|
|win|sniperaim
|leave|Bob the Bro
|player|p2
|join|DatGuyChuck
|join|Lucipurrr
|join|Spuun
|leave|DatGuyChuck
|leave|waiv
|c| Lucipurrr|lol
|leave|poonHunter (DD)
|leave|Lucipurrr