|join|Fenix-
|join|i wuv gen5
|player|p1|Fenix-|2
|player|p2|i wuv gen5|96
|gametype|singles
|gen|5
|tier|[Gen 5] OU
|rated
|rule|Evasion Abilities Clause: Evasion abilities are banned
|clearpoke
|poke|p1|Politoed, F
|poke|p1|Dugtrio, F
|poke|p1|Jirachi
|poke|p1|Tentacruel, F
|poke|p1|Latios, M
|poke|p1|Dragonite, M
|poke|p2|Politoed, F
|poke|p2|Scizor, F
|poke|p2|Ferrothorn, F
|poke|p2|Landorus-Therian, M
|poke|p2|Starmie
|poke|p2|Latios, M
|rule|Sleep Clause Mod: Limit one foe put to sleep
|rule|Species Clause: Limit one of each Pokémon
|rule|OHKO Clause: OHKO moves are banned
|rule|Moody Clause: Moody is banned
|rule|Evasion Moves Clause: Evasion moves are banned
|rule|Endless Battle Clause: Forcing endless battles is banned
|rule|HP Percentage Mod: HP is shown in percentages
|teampreview
|join|FS Misfortune
|
|start
|switch|p1a: Latios|Latios, M|302\/302
|switch|p2a: Landorus-Therian|Landorus-Therian, M|382\/382
|-ability|p2a: Landorus-Therian|Intimidate|[of] p1a: Latios
|-unboost|p1a: Latios|atk|1
|turn|1
|
|switch|p2a: Ferrothorn|Ferrothorn, F|351\/351
|move|p1a: Latios|Draco Meteor|p2a: Ferrothorn
|-resisted|p2a: Ferrothorn
|-damage|p2a: Ferrothorn|263\/351
|-unboost|p1a: Latios|spa|2
|
|-heal|p2a: Ferrothorn|284\/351|[from] item: Leftovers
|turn|2
|
|switch|p1a: Politoed|Politoed, F|384\/384
|-weather|RainDance|[from] ability: Drizzle|[of] p1a: Politoed
|move|p2a: Ferrothorn|Spikes|p1a: Politoed
|-sidestart|p1: Fenix-|Spikes
|
|-weather|RainDance|[upkeep]
|-heal|p2a: Ferrothorn|305\/351|[from] item: Leftovers
|turn|3
|
|switch|p2a: Starmie|Starmie|261\/261
|move|p1a: Politoed|Scald|p2a: Starmie
|-resisted|p2a: Starmie
|-damage|p2a: Starmie|185\/261
|-status|p2a: Starmie|brn
|
|-weather|RainDance|[upkeep]
|-damage|p2a: Starmie|153\/261 brn|[from] brn
|turn|4
|
|switch|p1a: Latios|Latios, M|302\/302
|move|p2a: Starmie|Recover|p2a: Starmie
|-heal|p2a: Starmie|261\/261 brn
|
|-weather|RainDance|[upkeep]
|-damage|p2a: Starmie|229\/261 brn|[from] brn
|turn|5
|
|move|p1a: Latios|Trick|p2a: Starmie
|-activate|p1a: Latios|move: Trick|[of] p2a: Starmie
|-item|p2a: Starmie|Choice Scarf|[from] move: Trick
|-item|p1a: Latios|Life Orb|[from] move: Trick
|move|p2a: Starmie|Ice Beam|p1a: Latios
|-supereffective|p1a: Latios
|-damage|p1a: Latios|64\/302
|
|-weather|RainDance|[upkeep]
|-damage|p2a: Starmie|197\/261 brn|[from] brn
|turn|6
|
|switch|p1a: Tentacruel|Tentacruel, F|363\/363
|-damage|p1a: Tentacruel|318\/363|[from] Spikes
|move|p2a: Starmie|Ice Beam|p1a: Tentacruel
|-resisted|p1a: Tentacruel
|-damage|p1a: Tentacruel|267\/363
|
|-weather|RainDance|[upkeep]
|-heal|p1a: Tentacruel|289\/363|[from] ability: Rain Dish
|-heal|p1a: Tentacruel|311\/363|[from] item: Black Sludge
|-damage|p2a: Starmie|165\/261 brn|[from] brn
|turn|7
|
|switch|p2a: Landorus-Therian|Landorus-Therian, M|382\/382
|-ability|p2a: Landorus-Therian|Intimidate|[of] p1a: Tentacruel
|-unboost|p1a: Tentacruel|atk|1
|move|p1a: Tentacruel|Rapid Spin|p2a: Landorus-Therian
|-damage|p2a: Landorus-Therian|376\/382
|-sideend|p1: Fenix-|Spikes|[from] move: Rapid Spin|[of] p1a: Tentacruel
|
|-weather|RainDance|[upkeep]
|-heal|p1a: Tentacruel|333\/363|[from] ability: Rain Dish
|-heal|p2a: Landorus-Therian|382\/382|[from] item: Leftovers
|-heal|p1a: Tentacruel|355\/363|[from] item: Black Sludge
|turn|8
|
|switch|p1a: Latios|Latios, M|64\/302
|move|p2a: Landorus-Therian|Stealth Rock|p1a: Latios
|-sidestart|p1: Fenix-|move: Stealth Rock
|
|-weather|RainDance|[upkeep]
|turn|9
|
|switch|p2a: Scizor|Scizor, F|281\/281
|move|p1a: Latios|Draco Meteor|p2a: Scizor
|-resisted|p2a: Scizor
|-damage|p2a: Scizor|90\/281
|-unboost|p1a: Latios|spa|2
|-damage|p1a: Latios|34\/302|[from] item: Life Orb
|
|-weather|RainDance|[upkeep]
|turn|10
|
|move|p2a: Scizor|Bullet Punch|p1a: Latios
|-damage|p1a: Latios|0 fnt
|faint|p1a: Latios
|
|-weather|RainDance|[upkeep]
|
|switch|p1a: Jirachi|Jirachi|404\/404
|-damage|p1a: Jirachi|379\/404|[from] Stealth Rock
|turn|11
|
|move|p1a: Jirachi|Substitute|p1a: Jirachi
|-start|p1a: Jirachi|Substitute
|-damage|p1a: Jirachi|278\/404
|move|p2a: Scizor|Superpower|p1a: Jirachi
|-crit|p1a: Jirachi
|-end|p1a: Jirachi|Substitute
|-unboost|p2a: Scizor|atk|1
|-unboost|p2a: Scizor|def|1
|
|-weather|RainDance|[upkeep]
|-heal|p1a: Jirachi|303\/404|[from] item: Leftovers
|turn|12
|
|switch|p2a: Politoed|Politoed, F|322\/322
|move|p1a: Jirachi|Thunder|p2a: Politoed
|-supereffective|p2a: Politoed
|-damage|p2a: Politoed|144\/322
|-status|p2a: Politoed|par
|
|-weather|RainDance|[upkeep]
|-heal|p1a: Jirachi|328\/404|[from] item: Leftovers
|turn|13
|
|move|p1a: Jirachi|Substitute|p1a: Jirachi
|-start|p1a: Jirachi|Substitute
|-damage|p1a: Jirachi|227\/404
|move|p2a: Politoed|Encore|p1a: Jirachi
|-start|p1a: Jirachi|Encore
|
|-weather|RainDance|[upkeep]
|-heal|p1a: Jirachi|252\/404|[from] item: Leftovers
|turn|14
|
|switch|p2a: Latios|Latios, M|302\/302
|move|p1a: Jirachi|Substitute|p1a: Jirachi
|-fail|p1a: Jirachi|move: Substitute
|
|-weather|RainDance|[upkeep]
|-heal|p1a: Jirachi|277\/404|[from] item: Leftovers
|turn|15
|
|move|p2a: Latios|Surf|p1a: Jirachi
|-end|p1a: Jirachi|Substitute
|move|p1a: Jirachi|Substitute|p1a: Jirachi
|-start|p1a: Jirachi|Substitute
|-damage|p1a: Jirachi|176\/404
|
|-weather|RainDance|[upkeep]
|-heal|p1a: Jirachi|201\/404|[from] item: Leftovers
|turn|16
|
|switch|p1a: Tentacruel|Tentacruel, F|355\/363
|-damage|p1a: Tentacruel|310\/363|[from] Stealth Rock
|move|p2a: Latios|Surf|p1a: Tentacruel
|-resisted|p1a: Tentacruel
|-damage|p1a: Tentacruel|193\/363
|
|-weather|RainDance|[upkeep]
|-heal|p1a: Tentacruel|215\/363|[from] ability: Rain Dish
|-heal|p1a: Tentacruel|237\/363|[from] item: Black Sludge
|turn|17
|
|switch|p2a: Landorus-Therian|Landorus-Therian, M|382\/382
|-ability|p2a: Landorus-Therian|Intimidate|[of] p1a: Tentacruel
|-unboost|p1a: Tentacruel|atk|1
|move|p1a: Tentacruel|Rapid Spin|p2a: Landorus-Therian
|-damage|p2a: Landorus-Therian|375\/382
|-sideend|p1: Fenix-|Stealth Rock|[from] move: Rapid Spin|[of] p1a: Tentacruel
|
|-weather|RainDance|[upkeep]
|-heal|p1a: Tentacruel|259\/363|[from] ability: Rain Dish
|-heal|p2a: Landorus-Therian|382\/382|[from] item: Leftovers
|-heal|p1a: Tentacruel|281\/363|[from] item: Black Sludge
|turn|18
|
|move|p2a: Landorus-Therian|Earthquake|p1a: Tentacruel
|-crit|p1a: Tentacruel
|-supereffective|p1a: Tentacruel
|-damage|p1a: Tentacruel|0 fnt
|faint|p1a: Tentacruel
|
|-weather|RainDance|[upkeep]
|
|switch|p1a: Politoed|Politoed, F|384\/384
|turn|19
|
|move|p2a: Landorus-Therian|Stealth Rock|p1a: Politoed
|-sidestart|p1: Fenix-|move: Stealth Rock
|move|p1a: Politoed|Scald|p2a: Landorus-Therian
|-supereffective|p2a: Landorus-Therian
|-damage|p2a: Landorus-Therian|16\/382
|
|-weather|RainDance|[upkeep]
|-heal|p2a: Landorus-Therian|39\/382|[from] item: Leftovers
|turn|20
|
|move|p2a: Landorus-Therian|U-turn|p1a: Politoed
|-damage|p1a: Politoed|317\/384
|
|switch|p2a: Latios|Latios, M|302\/302
|move|p1a: Politoed|Scald|p2a: Latios
|-resisted|p2a: Latios
|-damage|p2a: Latios|242\/302
|
|-weather|RainDance|[upkeep]
|-heal|p1a: Politoed|341\/384|[from] item: Leftovers
|turn|21
|
|move|p2a: Latios|Draco Meteor|p1a: Politoed
|-damage|p1a: Politoed|0 fnt
|-unboost|p2a: Latios|spa|2
|faint|p1a: Politoed
|
|-weather|RainDance|[upkeep]
|
|switch|p1a: Jirachi|Jirachi|201\/404
|-damage|p1a: Jirachi|176\/404|[from] Stealth Rock
|turn|22
|
|move|p2a: Latios|Draco Meteor|p1a: Jirachi
|-resisted|p1a: Jirachi
|-damage|p1a: Jirachi|83\/404
|-unboost|p2a: Latios|spa|2
|move|p1a: Jirachi|Substitute|p1a: Jirachi
|-fail|p1a: Jirachi|move: Substitute|[weak]
|
|-weather|RainDance|[upkeep]
|-heal|p1a: Jirachi|108\/404|[from] item: Leftovers
|turn|23
|
|move|p2a: Latios|Draco Meteor|p1a: Jirachi
|-resisted|p1a: Jirachi
|-damage|p1a: Jirachi|47\/404
|-unboost|p2a: Latios|spa|2
|move|p1a: Jirachi|Thunder|p2a: Latios
|-resisted|p2a: Latios
|-damage|p2a: Latios|197\/302
|
|-weather|RainDance|[upkeep]
|-heal|p1a: Jirachi|72\/404|[from] item: Leftovers
|turn|24
|
|switch|p2a: Landorus-Therian|Landorus-Therian, M|39\/382
|-ability|p2a: Landorus-Therian|Intimidate|[of] p1a: Jirachi
|-unboost|p1a: Jirachi|atk|1
|move|p1a: Jirachi|Thunder|p2a: Landorus-Therian
|-immune|p2a: Landorus-Therian|[msg]
|
|-weather|RainDance|[upkeep]
|-heal|p1a: Jirachi|97\/404|[from] item: Leftovers
|-heal|p2a: Landorus-Therian|62\/382|[from] item: Leftovers
|turn|25
|
|move|p1a: Jirachi|Water Pulse|p2a: Landorus-Therian
|-supereffective|p2a: Landorus-Therian
|-damage|p2a: Landorus-Therian|0 fnt
|faint|p2a: Landorus-Therian
|
|-weather|RainDance|[upkeep]
|-heal|p1a: Jirachi|122\/404|[from] item: Leftovers
|
|switch|p2a: Latios|Latios, M|197\/302
|turn|26
|
|move|p2a: Latios|Draco Meteor|p1a: Jirachi
|-resisted|p1a: Jirachi
|-damage|p1a: Jirachi|0 fnt
|-unboost|p2a: Latios|spa|2
|faint|p1a: Jirachi
|
|-weather|RainDance|[upkeep]
|
|switch|p1a: Dugtrio|Dugtrio, F|201\/201
|-damage|p1a: Dugtrio|189\/201|[from] Stealth Rock
|turn|27
|
|switch|p2a: Politoed|Politoed, F|144\/322 par
|move|p1a: Dugtrio|Earthquake|p2a: Politoed
|-damage|p2a: Politoed|0 fnt
|faint|p2a: Politoed
|
|-weather|RainDance|[upkeep]
|
|switch|p2a: Starmie|Starmie|165\/261 brn
|turn|28
|
|move|p2a: Starmie|Ice Beam|p1a: Dugtrio
|-supereffective|p1a: Dugtrio
|-damage|p1a: Dugtrio|0 fnt
|faint|p1a: Dugtrio
|
|-weather|RainDance|[upkeep]
|-damage|p2a: Starmie|133\/261 brn|[from] brn
|
|switch|p1a: Dragonite|Dragonite, M|386\/386
|-damage|p1a: Dragonite|290\/386|[from] Stealth Rock
|turn|29
|
|move|p2a: Starmie|Ice Beam|p1a: Dragonite
|-supereffective|p1a: Dragonite
|-damage|p1a: Dragonite|0 fnt
|faint|p1a: Dragonite
|
|win|i wuv gen5
|raw|Ladder updating...
|c|★i wuv gen5|gg
|raw|Fenix-'s rating: 1416 &rarr; <strong>1382<\/strong><br \/>(-34 for losing)
|raw|i wuv gen5's rating: 1123 &rarr; <strong>1165<\/strong><br \/>(+42 for winning)
|leave|Fenix-
|player|p1