|join|LT1A PDC
|join|Fenix-
|player|p1|LT1A PDC|101
|player|p2|Fenix-|25
|gametype|singles
|gen|6
|tier|OU
|rated
|clearpoke
|poke|p1|Terrakion
|poke|p1|Garchomp, F
|poke|p1|Thundurus, M
|poke|p1|Gardevoir, M
|poke|p1|Dragonite, M
|poke|p1|Greninja, M
|poke|p2|Chansey, F
|poke|p2|Quagsire, F
|poke|p2|Heatran, F
|poke|p2|Clefable, F
|poke|p2|Mew
|poke|p2|Chesnaught, M
|rule|Swagger Clause: Swagger is banned
|rule|Baton Pass Clause: Limit one Pokémon knowing Baton Pass
|rule|Sleep Clause Mod: Limit one foe put to sleep
|rule|Species Clause: Limit one of each Pokémon
|rule|OHKO Clause: OHKO moves are banned
|rule|Moody Clause: Moody is banned
|rule|Evasion Moves Clause: Evasion moves are banned
|rule|Endless Battle Clause: Forcing endless battles is banned
|rule|HP Percentage Mod: HP is shown in percentages
|teampreview
|
|start
|switch|p1a: Terrakion|Terrakion|323\/323
|switch|p2a: Cheesenaught|Chesnaught, M|380\/380
|turn|1
|
|move|p1a: Terrakion|Stealth Rock|p2a: Cheesenaught
|-sidestart|p2: Fenix-|move: Stealth Rock
|move|p2a: Cheesenaught|Hammer Arm|p1a: Terrakion
|-supereffective|p1a: Terrakion
|-damage|p1a: Terrakion|63\/323
|-unboost|p2a: Cheesenaught|spe|1
|
|turn|2
|
|move|p1a: Terrakion|Close Combat|p2a: Cheesenaught
|-damage|p2a: Cheesenaught|238\/380
|-unboost|p1a: Terrakion|def|1
|-unboost|p1a: Terrakion|spd|1
|move|p2a: Cheesenaught|Leech Seed|p1a: Terrakion
|-start|p1a: Terrakion|move: Leech Seed
|
|-heal|p2a: Cheesenaught|261\/380|[from] item: Leftovers
|-damage|p1a: Terrakion|23\/323|[from] Leech Seed|[of] p2a: Cheesenaught
|-heal|p2a: Cheesenaught|301\/380|[silent]
|turn|3
|
|move|p2a: Cheesenaught|Spiky Shield|p2a: Cheesenaught
|-singleturn|p2a: Cheesenaught|move: Protect
|move|p1a: Terrakion|Taunt|p2a: Cheesenaught
|-activate|p2a: Cheesenaught|move: Protect
|
|-heal|p2a: Cheesenaught|324\/380|[from] item: Leftovers
|-damage|p1a: Terrakion|0 fnt|[from] Leech Seed|[of] p2a: Cheesenaught
|-heal|p2a: Cheesenaught|347\/380|[silent]
|faint|p1a: Terrakion
|
|switch|p1a: Gardevoir|Gardevoir, M|277\/277
|turn|4
|
|switch|p2a: Synchro|Chansey, F|641\/641
|-damage|p2a: Synchro|561\/641|[from] Stealth Rock
|detailschange|p1a: Gardevoir|Gardevoir-Mega, M
|message|Gardevoir has Mega Evolved into Mega Gardevoir!
|move|p1a: Gardevoir|Hyper Voice|p2a: Synchro
|-damage|p2a: Synchro|422\/641
|
|turn|5
|
|move|p1a: Gardevoir|Taunt|p2a: Synchro
|-start|p2a: Synchro|move: Taunt
|cant|p2a: Synchro|move: Taunt|Soft-Boiled
|
|turn|6
|
|move|p1a: Gardevoir|Psyshock|p2a: Synchro
|-damage|p2a: Synchro|191\/641
|move|p2a: Synchro|Seismic Toss|p1a: Gardevoir
|-damage|p1a: Gardevoir|177\/277
|
|turn|7
|
|switch|p2a: Heatran|Heatran, F|386\/386
|-damage|p2a: Heatran|338\/386|[from] Stealth Rock
|move|p1a: Gardevoir|Psyshock|p2a: Heatran
|-resisted|p2a: Heatran
|-damage|p2a: Heatran|253\/386
|
|-heal|p2a: Heatran|277\/386|[from] item: Leftovers
|turn|8
|
|move|p1a: Gardevoir|Focus Blast|p2a: Heatran
|-supereffective|p2a: Heatran
|-damage|p2a: Heatran|41\/386
|move|p2a: Heatran|Lava Plume|p1a: Gardevoir
|-damage|p1a: Gardevoir|77\/277
|-status|p1a: Gardevoir|brn
|
|-heal|p2a: Heatran|65\/386|[from] item: Leftovers
|-damage|p1a: Gardevoir|43\/277 brn|[from] brn
|turn|9
|
|move|p1a: Gardevoir|Psyshock|p2a: Heatran
|-resisted|p2a: Heatran
|-damage|p2a: Heatran|0 fnt
|faint|p2a: Heatran
|
|-damage|p1a: Gardevoir|9\/277 brn|[from] brn
|
|switch|p2a: Cheesenaught|Chesnaught, M|347\/380
|-damage|p2a: Cheesenaught|324\/380|[from] Stealth Rock
|turn|10
|
|move|p2a: Cheesenaught|Spiky Shield|p2a: Cheesenaught
|-singleturn|p2a: Cheesenaught|move: Protect
|move|p1a: Gardevoir|Hyper Voice|p2a: Cheesenaught
|-activate|p2a: Cheesenaught|move: Protect
|
|-heal|p2a: Cheesenaught|347\/380|[from] item: Leftovers
|-damage|p1a: Gardevoir|0 fnt|[from] brn
|faint|p1a: Gardevoir
|
|switch|p1a: Greninja|Greninja, M|285\/285
|turn|11
|
|move|p1a: Greninja|Ice Beam|p2a: Cheesenaught
|-start|p1a: Greninja|typechange|Ice|[from] Protean
|-supereffective|p2a: Cheesenaught
|-damage|p2a: Cheesenaught|0 fnt
|-damage|p1a: Greninja|257\/285|[from] item: Life Orb
|faint|p2a: Cheesenaught
|
|
|switch|p2a: Synchro|Chansey, F|191\/641
|-damage|p2a: Synchro|111\/641|[from] Stealth Rock
|turn|12
|
|move|p1a: Greninja|Hydro Pump|p2a: Synchro|[miss]
|-start|p1a: Greninja|typechange|Water|[from] Protean
|-miss|p1a: Greninja|p2a: Synchro
|move|p2a: Synchro|Soft-Boiled|p2a: Synchro
|-heal|p2a: Synchro|432\/641
|
|turn|13
|
|switch|p1a: Dragonite|Dragonite, M|323\/323
|move|p2a: Synchro|Soft-Boiled|p2a: Synchro
|-heal|p2a: Synchro|641\/641
|
|turn|14
|
|switch|p2a: Clefable|Clefable, F|394\/394
|move|p1a: Dragonite|Outrage|p2a: Clefable
|-immune|p2a: Clefable|[msg]
|
|turn|15
|
|switch|p1a: Thundurus|Thundurus, M|351\/351
|move|p2a: Clefable|Moonblast|p1a: Thundurus
|-damage|p1a: Thundurus|159\/351
|-unboost|p1a: Thundurus|spa|1
|
|-heal|p1a: Thundurus|180\/351|[from] item: Leftovers
|turn|16
|
|move|p1a: Thundurus|Taunt|p2a: Clefable
|-start|p2a: Clefable|move: Taunt
|cant|p2a: Clefable|move: Taunt|Calm Mind
|
|-heal|p1a: Thundurus|201\/351|[from] item: Leftovers
|turn|17
|
|move|p1a: Thundurus|Thunder Wave|p2a: Clefable
|-status|p2a: Clefable|par
|move|p2a: Clefable|Moonblast|p1a: Thundurus
|-damage|p1a: Thundurus|0 fnt
|faint|p1a: Thundurus
|
|
|switch|p1a: Greninja|Greninja, M|257\/285
|turn|18
|
|switch|p2a: Synchro|Chansey, F|641\/641
|-damage|p2a: Synchro|561\/641|[from] Stealth Rock
|move|p1a: Greninja|Hydro Pump|p2a: Synchro
|-start|p1a: Greninja|typechange|Water|[from] Protean
|-damage|p2a: Synchro|456\/641
|-damage|p1a: Greninja|229\/285|[from] item: Life Orb
|
|turn|19
|
|switch|p1a: Dragonite|Dragonite, M|323\/323
|move|p2a: Synchro|Wish|p2a: Synchro
|
|turn|20
|
|move|p1a: Dragonite|Earthquake|p2a: Synchro
|-damage|p2a: Synchro|169\/641
|move|p2a: Synchro|Heal Bell|p2a: Synchro
|-cureteam|p2a: Synchro|[from] move: HealBell
|
|-heal|p2a: Synchro|489\/641|[from] move: Wish|[wisher] Synchro
|turn|21
|
|move|p1a: Dragonite|Earthquake|p2a: Synchro
|-crit|p2a: Synchro
|-damage|p2a: Synchro|111\/641
|move|p2a: Synchro|Soft-Boiled|p2a: Synchro
|-heal|p2a: Synchro|432\/641
|
|turn|22
|
|switch|p1a: Garchomp|Garchomp, F|358\/358
|move|p2a: Synchro|Soft-Boiled|p2a: Synchro
|-heal|p2a: Synchro|641\/641
|
|turn|23
|
|switch|p2a: Reality|Quagsire, F|393\/393
|-damage|p2a: Reality|369\/393|[from] Stealth Rock
|move|p1a: Garchomp|Swords Dance|p1a: Garchomp
|-boost|p1a: Garchomp|atk|2
|
|-heal|p2a: Reality|393\/393|[from] item: Leftovers
|turn|24
|
|move|p1a: Garchomp|Earthquake|p2a: Reality
|-damage|p2a: Reality|248\/393
|move|p2a: Reality|Toxic|p1a: Garchomp
|-status|p1a: Garchomp|tox
|
|-heal|p2a: Reality|272\/393|[from] item: Leftovers
|-damage|p1a: Garchomp|336\/358 tox|[from] psn
|turn|25
|-message|LT1A PDC forfeited.
|
|win|Fenix-
|raw|Ladder updating...
|leave|LT1A PDC
|player|p1
|raw|LT1A PDC's rating: 1785 &rarr; <strong>1761<\/strong><br \/>(-24 for losing)
|raw|Fenix-'s rating: 1711 &rarr; <strong>1735<\/strong><br \/>(+24 for winning)
|leave|Fenix-
|player|p2