|join|Fenix-
|join|TheTommy10200
|player|p1|Fenix-|1
|player|p2|TheTommy10200|184
|gametype|singles
|gen|6
|tier|OU
|rated
|clearpoke
|poke|p1|Chansey, F
|poke|p1|Quagsire, F
|poke|p1|Heatran, F
|poke|p1|Clefable, F
|poke|p1|Mew
|poke|p1|Chesnaught, M
|poke|p2|Infernape, M
|poke|p2|Landorus-Therian, M
|poke|p2|Rotom-Wash
|poke|p2|Ferrothorn, M
|poke|p2|Clefable, M, shiny
|poke|p2|Latios, M
|rule|Swagger Clause: Swagger is banned
|rule|Baton Pass Clause: Limit one Pokémon knowing Baton Pass
|rule|Sleep Clause Mod: Limit one foe put to sleep
|rule|Species Clause: Limit one of each Pokémon
|rule|OHKO Clause: OHKO moves are banned
|rule|Moody Clause: Moody is banned
|rule|Evasion Moves Clause: Evasion moves are banned
|rule|Endless Battle Clause: Forcing endless battles is banned
|rule|HP Percentage Mod: HP is shown in percentages
|teampreview
|
|start
|switch|p1a: Mew|Mew|364\/364
|switch|p2a: IWasUnawareOfThat|Clefable, M, shiny|394\/394
|turn|1
|
|switch|p1a: Heatran|Heatran, F|386\/386
|move|p2a: IWasUnawareOfThat|Calm Mind|p2a: IWasUnawareOfThat
|-boost|p2a: IWasUnawareOfThat|spa|1
|-boost|p2a: IWasUnawareOfThat|spd|1
|
|turn|2
|
|move|p1a: Heatran|Stealth Rock|p2a: IWasUnawareOfThat
|-sidestart|p2: TheTommy10200|move: Stealth Rock
|move|p2a: IWasUnawareOfThat|Calm Mind|p2a: IWasUnawareOfThat
|-boost|p2a: IWasUnawareOfThat|spa|1
|-boost|p2a: IWasUnawareOfThat|spd|1
|
|turn|3
|
|move|p2a: IWasUnawareOfThat|Calm Mind|p2a: IWasUnawareOfThat
|-boost|p2a: IWasUnawareOfThat|spa|1
|-boost|p2a: IWasUnawareOfThat|spd|1
|move|p1a: Heatran|Roar|p2a: IWasUnawareOfThat
|drag|p2a: The Lead Ape|Infernape, M|293\/293
|-damage|p2a: The Lead Ape|257\/293|[from] Stealth Rock
|
|turn|4
|
|switch|p1a: Reality|Quagsire, F|393\/393
|move|p2a: The Lead Ape|Gunk Shot|p1a: Reality
|-resisted|p1a: Reality
|-damage|p1a: Reality|332\/393
|-status|p1a: Reality|psn
|-damage|p2a: The Lead Ape|228\/293|[from] item: Life Orb
|
|-heal|p1a: Reality|356\/393 psn|[from] item: Leftovers
|-damage|p1a: Reality|307\/393 psn|[from] psn
|turn|5
|
|switch|p2a: IWasUnawareOfThat|Clefable, M, shiny|394\/394
|move|p1a: Reality|Scald|p2a: IWasUnawareOfThat
|-damage|p2a: IWasUnawareOfThat|336\/394
|
|-heal|p2a: IWasUnawareOfThat|360\/394|[from] item: Leftovers
|-heal|p1a: Reality|331\/393 psn|[from] item: Leftovers
|-damage|p1a: Reality|282\/393 psn|[from] psn
|turn|6
|
|switch|p2a: The Lead Ape|Infernape, M|228\/293
|-damage|p2a: The Lead Ape|192\/293|[from] Stealth Rock
|switch|p1a: Heatran|Heatran, F|386\/386
|
|turn|7
|
|switch|p1a: Mew|Mew|364\/364
|move|p2a: The Lead Ape|Close Combat|p1a: Mew
|-resisted|p1a: Mew
|-damage|p1a: Mew|276\/364
|-unboost|p2a: The Lead Ape|def|1
|-unboost|p2a: The Lead Ape|spd|1
|-damage|p2a: The Lead Ape|163\/293|[from] item: Life Orb
|
|-heal|p1a: Mew|298\/364|[from] item: Leftovers
|turn|8
|
|switch|p2a: IWasUnawareOfThat|Clefable, M, shiny|360\/394
|move|p1a: Mew|Roost|p1a: Mew
|-heal|p1a: Mew|364\/364
|
|-heal|p2a: IWasUnawareOfThat|384\/394|[from] item: Leftovers
|turn|9
|
|switch|p1a: Heatran|Heatran, F|386\/386
|move|p2a: IWasUnawareOfThat|Calm Mind|p2a: IWasUnawareOfThat
|-boost|p2a: IWasUnawareOfThat|spa|1
|-boost|p2a: IWasUnawareOfThat|spd|1
|
|-heal|p2a: IWasUnawareOfThat|394\/394|[from] item: Leftovers
|turn|10
|
|move|p2a: IWasUnawareOfThat|Moonblast|p1a: Heatran
|-resisted|p1a: Heatran
|-damage|p1a: Heatran|355\/386
|move|p1a: Heatran|Roar|p2a: IWasUnawareOfThat
|drag|p2a: The Lead Ape|Infernape, M|163\/293
|-damage|p2a: The Lead Ape|127\/293|[from] Stealth Rock
|
|-heal|p1a: Heatran|379\/386|[from] item: Leftovers
|turn|11
|
|switch|p1a: Mew|Mew|364\/364
|move|p2a: The Lead Ape|Overheat|p1a: Mew
|-damage|p1a: Mew|160\/364
|-unboost|p2a: The Lead Ape|spa|2
|-damage|p2a: The Lead Ape|98\/293|[from] item: Life Orb
|
|-heal|p1a: Mew|182\/364|[from] item: Leftovers
|turn|12
|
|move|p2a: The Lead Ape|Gunk Shot|p1a: Mew
|-damage|p1a: Mew|44\/364
|-damage|p2a: The Lead Ape|69\/293|[from] item: Life Orb
|move|p1a: Mew|Roost|p1a: Mew
|-heal|p1a: Mew|226\/364
|
|-heal|p1a: Mew|248\/364|[from] item: Leftovers
|turn|13
|
|move|p2a: The Lead Ape|Gunk Shot|p1a: Mew
|-damage|p1a: Mew|119\/364
|-status|p1a: Mew|psn
|-status|p2a: The Lead Ape|psn
|-damage|p2a: The Lead Ape|40\/293 psn|[from] item: Life Orb
|move|p1a: Mew|Roost|p1a: Mew
|-heal|p1a: Mew|301\/364 psn
|
|-heal|p1a: Mew|323\/364 psn|[from] item: Leftovers
|-damage|p2a: The Lead Ape|4\/293 psn|[from] psn
|-damage|p1a: Mew|278\/364 psn|[from] psn
|turn|14
|
|switch|p2a: IWasUnawareOfThat|Clefable, M, shiny|394\/394
|move|p1a: Mew|Roost|p1a: Mew
|-heal|p1a: Mew|364\/364 psn
|
|-damage|p1a: Mew|319\/364 psn|[from] psn
|turn|15
|
|switch|p1a: Synchro|Chansey, F|641\/641
|switch|p2a: The Lead Ape|Infernape, M|4\/293 psn
|-damage|p2a: The Lead Ape|0 fnt|[from] Stealth Rock
|faint|p2a: The Lead Ape
|
|
|switch|p2a: GetThaSTARA-DXP|Ferrothorn, M|352\/352
|-damage|p2a: GetThaSTARA-DXP|330\/352|[from] Stealth Rock
|turn|16
|
|move|p1a: Synchro|Heal Bell|p1a: Synchro
|-cureteam|p1a: Synchro|[from] move: HealBell
|move|p2a: GetThaSTARA-DXP|Stealth Rock|p1a: Synchro
|-sidestart|p1: Fenix-|move: Stealth Rock
|
|-heal|p2a: GetThaSTARA-DXP|352\/352|[from] item: Leftovers
|turn|17
|
|switch|p1a: Mew|Mew|319\/364
|-damage|p1a: Mew|274\/364|[from] Stealth Rock
|move|p2a: GetThaSTARA-DXP|Leech Seed|p1a: Mew
|-start|p1a: Mew|move: Leech Seed
|
|-heal|p1a: Mew|296\/364|[from] item: Leftovers
|-damage|p1a: Mew|251\/364|[from] Leech Seed|[of] p2a: GetThaSTARA-DXP
|turn|18
|
|move|p2a: GetThaSTARA-DXP|Protect|p2a: GetThaSTARA-DXP
|-singleturn|p2a: GetThaSTARA-DXP|Protect
|move|p1a: Mew|Will-O-Wisp|p2a: GetThaSTARA-DXP
|-activate|p2a: GetThaSTARA-DXP|Protect
|
|-heal|p1a: Mew|273\/364|[from] item: Leftovers
|-damage|p1a: Mew|228\/364|[from] Leech Seed|[of] p2a: GetThaSTARA-DXP
|turn|19
|
|move|p1a: Mew|Roost|p1a: Mew
|-heal|p1a: Mew|364\/364
|move|p2a: GetThaSTARA-DXP|Gyro Ball|p1a: Mew
|-damage|p1a: Mew|235\/364
|
|-heal|p1a: Mew|257\/364|[from] item: Leftovers
|-damage|p1a: Mew|212\/364|[from] Leech Seed|[of] p2a: GetThaSTARA-DXP
|turn|20
|
|switch|p2a: IWasUnawareOfThat|Clefable, M, shiny|394\/394
|move|p1a: Mew|Roost|p1a: Mew
|-heal|p1a: Mew|364\/364
|
|-damage|p1a: Mew|319\/364|[from] Leech Seed|[of] p2a: IWasUnawareOfThat
|turn|21
|
|switch|p1a: Heatran|Heatran, F|379\/386
|-damage|p1a: Heatran|331\/386|[from] Stealth Rock
|switch|p2a: ➴ 1K ARROWS ➴|Landorus-Therian, M|320\/320
|-damage|p2a: ➴ 1K ARROWS ➴|280\/320|[from] Stealth Rock
|-ability|p2a: ➴ 1K ARROWS ➴|Intimidate|[of] p1a: Heatran
|-unboost|p1a: Heatran|atk|1
|
|-heal|p1a: Heatran|355\/386|[from] item: Leftovers
|turn|22
|
|move|p1a: Heatran|Protect|p1a: Heatran
|-singleturn|p1a: Heatran|Protect
|move|p2a: ➴ 1K ARROWS ➴|Knock Off|p1a: Heatran
|-activate|p1a: Heatran|Protect
|
|-heal|p1a: Heatran|379\/386|[from] item: Leftovers
|turn|23
|
|switch|p2a: IWasUnawareOfThat|Clefable, M, shiny|394\/394
|switch|p1a: Cheesenaught|Chesnaught, M|380\/380
|-damage|p1a: Cheesenaught|357\/380|[from] Stealth Rock
|
|-heal|p1a: Cheesenaught|380\/380|[from] item: Leftovers
|turn|24
|
|switch|p1a: Heatran|Heatran, F|379\/386
|-damage|p1a: Heatran|331\/386|[from] Stealth Rock
|switch|p2a: HP-FIREorFIGHTING|Latios, M|302\/302
|-damage|p2a: HP-FIREorFIGHTING|265\/302|[from] Stealth Rock
|
|-heal|p1a: Heatran|355\/386|[from] item: Leftovers
|turn|25
|
|move|p1a: Heatran|Protect|p1a: Heatran
|-singleturn|p1a: Heatran|Protect
|move|p2a: HP-FIREorFIGHTING|Surf|p1a: Heatran
|-activate|p1a: Heatran|Protect
|
|-heal|p1a: Heatran|379\/386|[from] item: Leftovers
|turn|26
|
|switch|p1a: Synchro|Chansey, F|641\/641
|-damage|p1a: Synchro|561\/641|[from] Stealth Rock
|move|p2a: HP-FIREorFIGHTING|Psyshock|p1a: Synchro
|-damage|p1a: Synchro|308\/641
|-damage|p2a: HP-FIREorFIGHTING|235\/302|[from] item: Life Orb
|
|turn|27
|
|switch|p2a: IWasUnawareOfThat|Clefable, M, shiny|394\/394
|move|p1a: Synchro|Soft-Boiled|p1a: Synchro
|-heal|p1a: Synchro|629\/641
|
|turn|28
|
|switch|p1a: Heatran|Heatran, F|379\/386
|-damage|p1a: Heatran|331\/386|[from] Stealth Rock
|move|p2a: IWasUnawareOfThat|Calm Mind|p2a: IWasUnawareOfThat
|-boost|p2a: IWasUnawareOfThat|spa|1
|-boost|p2a: IWasUnawareOfThat|spd|1
|
|-heal|p1a: Heatran|355\/386|[from] item: Leftovers
|turn|29
|
|move|p2a: IWasUnawareOfThat|Moonblast|p1a: Heatran
|-resisted|p1a: Heatran
|-damage|p1a: Heatran|327\/386
|move|p1a: Heatran|Roar|p2a: IWasUnawareOfThat
|drag|p2a: ➴ 1K ARROWS ➴|Landorus-Therian, M|280\/320
|-damage|p2a: ➴ 1K ARROWS ➴|240\/320|[from] Stealth Rock
|-ability|p2a: ➴ 1K ARROWS ➴|Intimidate|[of] p1a: Heatran
|-unboost|p1a: Heatran|atk|1
|
|-heal|p1a: Heatran|351\/386|[from] item: Leftovers
|turn|30
|
|move|p1a: Heatran|Protect|p1a: Heatran
|-singleturn|p1a: Heatran|Protect
|move|p2a: ➴ 1K ARROWS ➴|Earthquake|p1a: Heatran
|-activate|p1a: Heatran|Protect
|
|-heal|p1a: Heatran|375\/386|[from] item: Leftovers
|turn|31
|
|switch|p2a: HP-FIREorFIGHTING|Latios, M|235\/302
|-damage|p2a: HP-FIREorFIGHTING|198\/302|[from] Stealth Rock
|switch|p1a: Cheesenaught|Chesnaught, M|380\/380
|-damage|p1a: Cheesenaught|357\/380|[from] Stealth Rock
|
|-heal|p1a: Cheesenaught|380\/380|[from] item: Leftovers
|turn|32
|c|★TheTommy10200|If only these plays i was going for actually effected stall lol
|
|switch|p1a: Synchro|Chansey, F|629\/641
|-damage|p1a: Synchro|549\/641|[from] Stealth Rock
|move|p2a: HP-FIREorFIGHTING|Psyshock|p1a: Synchro
|-damage|p1a: Synchro|314\/641
|-damage|p2a: HP-FIREorFIGHTING|168\/302|[from] item: Life Orb
|
|turn|33
|
|move|p2a: HP-FIREorFIGHTING|Psyshock|p1a: Synchro
|-crit|p1a: Synchro
|-damage|p1a: Synchro|0 fnt
|-damage|p2a: HP-FIREorFIGHTING|138\/302|[from] item: Life Orb
|faint|p1a: Synchro
|
|
|switch|p1a: Clefable|Clefable, F|394\/394
|turn|34
|
|switch|p2a: IWasUnawareOfThat|Clefable, M, shiny|394\/394
|move|p1a: Clefable|Moonblast|p2a: IWasUnawareOfThat
|-damage|p2a: IWasUnawareOfThat|248\/394
|
|-heal|p2a: IWasUnawareOfThat|272\/394|[from] item: Leftovers
|turn|35
|
|move|p2a: IWasUnawareOfThat|Soft-Boiled|p2a: IWasUnawareOfThat
|-heal|p2a: IWasUnawareOfThat|394\/394
|move|p1a: Clefable|Moonblast|p2a: IWasUnawareOfThat
|-damage|p2a: IWasUnawareOfThat|225\/394
|-unboost|p2a: IWasUnawareOfThat|spa|1
|
|-heal|p2a: IWasUnawareOfThat|249\/394|[from] item: Leftovers
|turn|36
|
|move|p2a: IWasUnawareOfThat|Calm Mind|p2a: IWasUnawareOfThat
|-boost|p2a: IWasUnawareOfThat|spa|1
|-boost|p2a: IWasUnawareOfThat|spd|1
|move|p1a: Clefable|Moonblast|p2a: IWasUnawareOfThat
|-damage|p2a: IWasUnawareOfThat|135\/394
|
|-heal|p2a: IWasUnawareOfThat|159\/394|[from] item: Leftovers
|turn|37
|
|move|p2a: IWasUnawareOfThat|Soft-Boiled|p2a: IWasUnawareOfThat
|-heal|p2a: IWasUnawareOfThat|356\/394
|move|p1a: Clefable|Moonblast|p2a: IWasUnawareOfThat
|-damage|p2a: IWasUnawareOfThat|242\/394
|-unboost|p2a: IWasUnawareOfThat|spa|1
|
|-heal|p2a: IWasUnawareOfThat|266\/394|[from] item: Leftovers
|turn|38
|
|switch|p1a: Heatran|Heatran, F|375\/386
|-damage|p1a: Heatran|327\/386|[from] Stealth Rock
|move|p2a: IWasUnawareOfThat|Calm Mind|p2a: IWasUnawareOfThat
|-boost|p2a: IWasUnawareOfThat|spa|1
|-boost|p2a: IWasUnawareOfThat|spd|1
|
|-heal|p1a: Heatran|351\/386|[from] item: Leftovers
|-heal|p2a: IWasUnawareOfThat|290\/394|[from] item: Leftovers
|turn|39
|
|move|p1a: Heatran|Lava Plume|p2a: IWasUnawareOfThat
|-damage|p2a: IWasUnawareOfThat|235\/394
|-status|p2a: IWasUnawareOfThat|brn
|move|p2a: IWasUnawareOfThat|Soft-Boiled|p2a: IWasUnawareOfThat
|-heal|p2a: IWasUnawareOfThat|394\/394 brn
|
|-heal|p1a: Heatran|375\/386|[from] item: Leftovers
|turn|40
|
|move|p2a: IWasUnawareOfThat|Moonblast|p1a: Heatran
|-resisted|p1a: Heatran
|-damage|p1a: Heatran|356\/386
|move|p1a: Heatran|Roar|p2a: IWasUnawareOfThat
|drag|p2a: Not at my Wash!|Rotom-Wash|304\/304
|-damage|p2a: Not at my Wash!|266\/304|[from] Stealth Rock
|
|-heal|p2a: Not at my Wash!|285\/304|[from] item: Leftovers
|-heal|p1a: Heatran|380\/386|[from] item: Leftovers
|turn|41
|
|switch|p1a: Mew|Mew|319\/364
|-damage|p1a: Mew|274\/364|[from] Stealth Rock
|move|p2a: Not at my Wash!|Will-O-Wisp|p1a: Mew
|-status|p1a: Mew|brn
|-status|p2a: Not at my Wash!|brn
|
|-heal|p1a: Mew|296\/364 brn|[from] item: Leftovers
|-heal|p2a: Not at my Wash!|304\/304 brn|[from] item: Leftovers
|-damage|p1a: Mew|251\/364 brn|[from] brn
|-damage|p2a: Not at my Wash!|266\/304 brn|[from] brn
|turn|42
|
|move|p1a: Mew|Defog|p2a: Not at my Wash!
|-unboost|p2a: Not at my Wash!|evasion|1
|-sideend|p2: TheTommy10200|Stealth Rock|[from] move: Defog|[of] p2a: Not at my Wash!
|-sideend|p1: Fenix-|Stealth Rock|[from] move: Defog|[of] p1a: Mew
|move|p2a: Not at my Wash!|Volt Switch|p1a: Mew
|-damage|p1a: Mew|166\/364 brn
|
|switch|p2a: ➴ 1K ARROWS ➴|Landorus-Therian, M|240\/320
|-ability|p2a: ➴ 1K ARROWS ➴|Intimidate|[of] p1a: Mew
|-unboost|p1a: Mew|atk|1
|
|-heal|p1a: Mew|188\/364 brn|[from] item: Leftovers
|-damage|p1a: Mew|143\/364 brn|[from] brn
|turn|43
|
|switch|p1a: Cheesenaught|Chesnaught, M|380\/380
|move|p2a: ➴ 1K ARROWS ➴|Knock Off|p1a: Cheesenaught
|-resisted|p1a: Cheesenaught
|-damage|p1a: Cheesenaught|342\/380
|-enditem|p1a: Cheesenaught|Leftovers|[from] move: Knock Off|[of] p2a: ➴ 1K ARROWS ➴
|
|turn|44
|
|switch|p2a: IWasUnawareOfThat|Clefable, M, shiny|394\/394 brn
|move|p1a: Cheesenaught|Hammer Arm|p2a: IWasUnawareOfThat
|-resisted|p2a: IWasUnawareOfThat
|-damage|p2a: IWasUnawareOfThat|322\/394 brn
|-unboost|p1a: Cheesenaught|spe|1
|
|-heal|p2a: IWasUnawareOfThat|346\/394 brn|[from] item: Leftovers
|turn|45
|
|switch|p2a: ➴ 1K ARROWS ➴|Landorus-Therian, M|240\/320
|-ability|p2a: ➴ 1K ARROWS ➴|Intimidate|[of] p1a: Cheesenaught
|-unboost|p1a: Cheesenaught|atk|1
|move|p1a: Cheesenaught|Spikes|p2a: ➴ 1K ARROWS ➴
|-sidestart|p2: TheTommy10200|Spikes
|
|turn|46
|
|move|p2a: ➴ 1K ARROWS ➴|U-turn|p1a: Cheesenaught
|-damage|p1a: Cheesenaught|280\/380
|
|switch|p2a: HP-FIREorFIGHTING|Latios, M|138\/302
|move|p1a: Cheesenaught|Leech Seed|p2a: HP-FIREorFIGHTING
|-start|p2a: HP-FIREorFIGHTING|move: Leech Seed
|
|-damage|p2a: HP-FIREorFIGHTING|101\/302|[from] Leech Seed|[of] p1a: Cheesenaught
|-heal|p1a: Cheesenaught|317\/380|[silent]
|turn|47
|
|move|p1a: Cheesenaught|Spiky Shield|p1a: Cheesenaught
|-singleturn|p1a: Cheesenaught|move: Protect
|move|p2a: HP-FIREorFIGHTING|Defog|p1a: Cheesenaught
|-activate|p1a: Cheesenaught|move: Protect
|
|-damage|p2a: HP-FIREorFIGHTING|64\/302|[from] Leech Seed|[of] p1a: Cheesenaught
|-heal|p1a: Cheesenaught|354\/380|[silent]
|turn|48
|
|switch|p1a: Clefable|Clefable, F|394\/394
|move|p2a: HP-FIREorFIGHTING|Surf|p1a: Clefable
|-damage|p1a: Clefable|237\/394
|-damage|p2a: HP-FIREorFIGHTING|34\/302|[from] item: Life Orb
|
|-damage|p2a: HP-FIREorFIGHTING|0 fnt|[from] Leech Seed|[of] p1a: Clefable
|-heal|p1a: Clefable|271\/394|[silent]
|faint|p2a: HP-FIREorFIGHTING
|
|switch|p2a: IWasUnawareOfThat|Clefable, M, shiny|346\/394 brn
|turn|49
|
|move|p2a: IWasUnawareOfThat|Calm Mind|p2a: IWasUnawareOfThat
|-boost|p2a: IWasUnawareOfThat|spa|1
|-boost|p2a: IWasUnawareOfThat|spd|1
|move|p1a: Clefable|Soft-Boiled|p1a: Clefable
|-heal|p1a: Clefable|394\/394
|
|-heal|p2a: IWasUnawareOfThat|370\/394 brn|[from] item: Leftovers
|turn|50
|
|switch|p1a: Heatran|Heatran, F|380\/386
|move|p2a: IWasUnawareOfThat|Calm Mind|p2a: IWasUnawareOfThat
|-boost|p2a: IWasUnawareOfThat|spa|1
|-boost|p2a: IWasUnawareOfThat|spd|1
|
|-heal|p1a: Heatran|386\/386|[from] item: Leftovers
|-heal|p2a: IWasUnawareOfThat|394\/394 brn|[from] item: Leftovers
|turn|51
|c|★TheTommy10200|!data roar
|c|~|\/data-move Roar

|
|move|p1a: Heatran|Stealth Rock|p2a: IWasUnawareOfThat
|-sidestart|p2: TheTommy10200|move: Stealth Rock
|move|p2a: IWasUnawareOfThat|Moonblast|p1a: Heatran
|-resisted|p1a: Heatran
|-damage|p1a: Heatran|344\/386
|
|-heal|p1a: Heatran|368\/386|[from] item: Leftovers
|turn|52
|
|move|p1a: Heatran|Lava Plume|p2a: IWasUnawareOfThat
|-damage|p2a: IWasUnawareOfThat|345\/394 brn
|move|p2a: IWasUnawareOfThat|Moonblast|p1a: Heatran
|-resisted|p1a: Heatran
|-damage|p1a: Heatran|330\/386
|-unboost|p1a: Heatran|spa|1
|
|-heal|p1a: Heatran|354\/386|[from] item: Leftovers
|-heal|p2a: IWasUnawareOfThat|369\/394 brn|[from] item: Leftovers
|turn|53
|
|move|p1a: Heatran|Stealth Rock|p2a: IWasUnawareOfThat
|-fail|p2a: IWasUnawareOfThat
|move|p2a: IWasUnawareOfThat|Moonblast|p1a: Heatran
|-resisted|p1a: Heatran
|-damage|p1a: Heatran|313\/386
|-unboost|p1a: Heatran|spa|1
|
|-heal|p1a: Heatran|337\/386|[from] item: Leftovers
|-heal|p2a: IWasUnawareOfThat|393\/394 brn|[from] item: Leftovers
|turn|54
|
|move|p1a: Heatran|Stealth Rock|p2a: IWasUnawareOfThat
|-fail|p2a: IWasUnawareOfThat
|move|p2a: IWasUnawareOfThat|Calm Mind|p2a: IWasUnawareOfThat
|-boost|p2a: IWasUnawareOfThat|spa|1
|-boost|p2a: IWasUnawareOfThat|spd|1
|
|-heal|p1a: Heatran|361\/386|[from] item: Leftovers
|-heal|p2a: IWasUnawareOfThat|394\/394 brn|[from] item: Leftovers
|turn|55
|
|move|p2a: IWasUnawareOfThat|Moonblast|p1a: Heatran
|-resisted|p1a: Heatran
|-damage|p1a: Heatran|316\/386
|move|p1a: Heatran|Roar|p2a: IWasUnawareOfThat
|drag|p2a: Not at my Wash!|Rotom-Wash|266\/304 brn
|-damage|p2a: Not at my Wash!|228\/304 brn|[from] Stealth Rock
|
|-heal|p2a: Not at my Wash!|247\/304 brn|[from] item: Leftovers
|-heal|p1a: Heatran|340\/386|[from] item: Leftovers
|-damage|p2a: Not at my Wash!|209\/304 brn|[from] brn
|turn|56
|
|move|p1a: Heatran|Protect|p1a: Heatran
|-singleturn|p1a: Heatran|Protect
|move|p2a: Not at my Wash!|Hydro Pump|p1a: Heatran
|-activate|p1a: Heatran|Protect
|
|-heal|p2a: Not at my Wash!|228\/304 brn|[from] item: Leftovers
|-heal|p1a: Heatran|364\/386|[from] item: Leftovers
|-damage|p2a: Not at my Wash!|190\/304 brn|[from] brn
|turn|57
|
|switch|p1a: Cheesenaught|Chesnaught, M|354\/380
|move|p2a: Not at my Wash!|Will-O-Wisp|p1a: Cheesenaught
|-status|p1a: Cheesenaught|brn
|
|-heal|p2a: Not at my Wash!|209\/304 brn|[from] item: Leftovers
|-damage|p2a: Not at my Wash!|171\/304 brn|[from] brn
|-damage|p1a: Cheesenaught|307\/380 brn|[from] brn
|turn|58
|
|move|p2a: Not at my Wash!|Volt Switch|p1a: Cheesenaught
|-resisted|p1a: Cheesenaught
|-damage|p1a: Cheesenaught|254\/380 brn
|
|switch|p2a: IWasUnawareOfThat|Clefable, M, shiny|394\/394 brn
|move|p1a: Cheesenaught|Hammer Arm|p2a: IWasUnawareOfThat
|-resisted|p2a: IWasUnawareOfThat
|-damage|p2a: IWasUnawareOfThat|361\/394 brn
|-unboost|p1a: Cheesenaught|spe|1
|
|-heal|p2a: IWasUnawareOfThat|385\/394 brn|[from] item: Leftovers
|-damage|p1a: Cheesenaught|207\/380 brn|[from] brn
|turn|59
|
|switch|p1a: Mew|Mew|143\/364 brn
|move|p2a: IWasUnawareOfThat|Moonblast|p1a: Mew
|-damage|p1a: Mew|43\/364 brn
|-unboost|p1a: Mew|spa|1
|
|-heal|p1a: Mew|65\/364 brn|[from] item: Leftovers
|-heal|p2a: IWasUnawareOfThat|394\/394 brn|[from] item: Leftovers
|-damage|p1a: Mew|20\/364 brn|[from] brn
|turn|60
|
|move|p1a: Mew|Roost|p1a: Mew
|-heal|p1a: Mew|202\/364 brn
|move|p2a: IWasUnawareOfThat|Calm Mind|p2a: IWasUnawareOfThat
|-boost|p2a: IWasUnawareOfThat|spa|1
|-boost|p2a: IWasUnawareOfThat|spd|1
|
|-heal|p1a: Mew|224\/364 brn|[from] item: Leftovers
|-damage|p1a: Mew|179\/364 brn|[from] brn
|turn|61
|
|move|p1a: Mew|Roost|p1a: Mew
|-heal|p1a: Mew|361\/364 brn
|move|p2a: IWasUnawareOfThat|Moonblast|p1a: Mew
|-damage|p1a: Mew|204\/364 brn
|
|-heal|p1a: Mew|226\/364 brn|[from] item: Leftovers
|-damage|p1a: Mew|181\/364 brn|[from] brn
|turn|62
|
|move|p1a: Mew|Roost|p1a: Mew
|-heal|p1a: Mew|363\/364 brn
|move|p2a: IWasUnawareOfThat|Calm Mind|p2a: IWasUnawareOfThat
|-boost|p2a: IWasUnawareOfThat|spa|1
|-boost|p2a: IWasUnawareOfThat|spd|1
|
|-heal|p1a: Mew|364\/364 brn|[from] item: Leftovers
|-damage|p1a: Mew|319\/364 brn|[from] brn
|turn|63
|
|switch|p1a: Heatran|Heatran, F|364\/386
|move|p2a: IWasUnawareOfThat|Calm Mind|p2a: IWasUnawareOfThat
|-boost|p2a: IWasUnawareOfThat|spa|1
|-boost|p2a: IWasUnawareOfThat|spd|1
|
|-heal|p1a: Heatran|386\/386|[from] item: Leftovers
|turn|64
|
|move|p1a: Heatran|Lava Plume|p2a: IWasUnawareOfThat
|-damage|p2a: IWasUnawareOfThat|352\/394 brn
|move|p2a: IWasUnawareOfThat|Moonblast|p1a: Heatran
|-resisted|p1a: Heatran
|-damage|p1a: Heatran|335\/386
|
|-heal|p1a: Heatran|359\/386|[from] item: Leftovers
|-heal|p2a: IWasUnawareOfThat|376\/394 brn|[from] item: Leftovers
|turn|65
|
|move|p1a: Heatran|Protect|p1a: Heatran
|-singleturn|p1a: Heatran|Protect
|move|p2a: IWasUnawareOfThat|Calm Mind|p2a: IWasUnawareOfThat
|-boost|p2a: IWasUnawareOfThat|spa|1
|-boost|p2a: IWasUnawareOfThat|spd|1
|
|-heal|p1a: Heatran|383\/386|[from] item: Leftovers
|-heal|p2a: IWasUnawareOfThat|394\/394 brn|[from] item: Leftovers
|turn|66
|
|move|p2a: IWasUnawareOfThat|Calm Mind|p2a: IWasUnawareOfThat
|-boost|p2a: IWasUnawareOfThat|spa|1
|-boost|p2a: IWasUnawareOfThat|spd|1
|move|p1a: Heatran|Roar|p2a: IWasUnawareOfThat
|drag|p2a: Not at my Wash!|Rotom-Wash|171\/304 brn
|-damage|p2a: Not at my Wash!|133\/304 brn|[from] Stealth Rock
|
|-heal|p2a: Not at my Wash!|152\/304 brn|[from] item: Leftovers
|-heal|p1a: Heatran|386\/386|[from] item: Leftovers
|-damage|p2a: Not at my Wash!|114\/304 brn|[from] brn
|turn|67
|
|move|p1a: Heatran|Protect|p1a: Heatran
|-singleturn|p1a: Heatran|Protect
|move|p2a: Not at my Wash!|Pain Split|p1a: Heatran
|-activate|p1a: Heatran|Protect
|
|-heal|p2a: Not at my Wash!|133\/304 brn|[from] item: Leftovers
|-damage|p2a: Not at my Wash!|95\/304 brn|[from] brn
|turn|68
|
|switch|p1a: Mew|Mew|319\/364 brn
|move|p2a: Not at my Wash!|Volt Switch|p1a: Mew
|-crit|p1a: Mew
|-damage|p1a: Mew|180\/364 brn
|
|switch|p2a: ➴ 1K ARROWS ➴|Landorus-Therian, M|240\/320
|-damage|p2a: ➴ 1K ARROWS ➴|200\/320|[from] Stealth Rock
|-ability|p2a: ➴ 1K ARROWS ➴|Intimidate|[of] p1a: Mew
|-unboost|p1a: Mew|atk|1
|
|-heal|p1a: Mew|202\/364 brn|[from] item: Leftovers
|-damage|p1a: Mew|157\/364 brn|[from] brn
|turn|69
|
|switch|p1a: Cheesenaught|Chesnaught, M|207\/380 brn
|move|p2a: ➴ 1K ARROWS ➴|Knock Off|p1a: Cheesenaught
|-resisted|p1a: Cheesenaught
|-damage|p1a: Cheesenaught|181\/380 brn
|
|-damage|p1a: Cheesenaught|134\/380 brn|[from] brn
|turn|70
|
|switch|p2a: IWasUnawareOfThat|Clefable, M, shiny|394\/394 brn
|switch|p1a: Reality|Quagsire, F|282\/393
|
|-heal|p1a: Reality|306\/393|[from] item: Leftovers
|turn|71
|
|move|p2a: IWasUnawareOfThat|Moonblast|p1a: Reality
|-damage|p1a: Reality|164\/393
|move|p1a: Reality|Recover|p1a: Reality
|-heal|p1a: Reality|361\/393
|
|-heal|p1a: Reality|385\/393|[from] item: Leftovers
|turn|72
|
|switch|p2a: Not at my Wash!|Rotom-Wash|95\/304 brn
|-damage|p2a: Not at my Wash!|57\/304 brn|[from] Stealth Rock
|move|p1a: Reality|Scald|p2a: Not at my Wash!
|-resisted|p2a: Not at my Wash!
|-damage|p2a: Not at my Wash!|24\/304 brn
|
|-heal|p2a: Not at my Wash!|43\/304 brn|[from] item: Leftovers
|-heal|p1a: Reality|393\/393|[from] item: Leftovers
|-damage|p2a: Not at my Wash!|5\/304 brn|[from] brn
|turn|73
|
|switch|p1a: Cheesenaught|Chesnaught, M|134\/380 brn
|move|p2a: Not at my Wash!|Pain Split|p1a: Cheesenaught
|-sethp|p1a: Cheesenaught|69\/380 brn|p2a: Not at my Wash!|69\/304 brn|[from] move: Pain Split
|
|-heal|p2a: Not at my Wash!|88\/304 brn|[from] item: Leftovers
|-damage|p2a: Not at my Wash!|50\/304 brn|[from] brn
|-damage|p1a: Cheesenaught|22\/380 brn|[from] brn
|turn|74
|
|move|p1a: Cheesenaught|Spiky Shield|p1a: Cheesenaught
|-singleturn|p1a: Cheesenaught|move: Protect
|move|p2a: Not at my Wash!|Volt Switch|p1a: Cheesenaught
|-activate|p1a: Cheesenaught|move: Protect
|
|-heal|p2a: Not at my Wash!|69\/304 brn|[from] item: Leftovers
|-damage|p2a: Not at my Wash!|31\/304 brn|[from] brn
|-damage|p1a: Cheesenaught|0 fnt|[from] brn
|faint|p1a: Cheesenaught
|
|switch|p1a: Clefable|Clefable, F|394\/394
|turn|75
|join|square1010
|
|move|p2a: Not at my Wash!|Pain Split|p1a: Clefable
|-sethp|p1a: Clefable|212\/394|p2a: Not at my Wash!|212\/304 brn|[from] move: Pain Split
|move|p1a: Clefable|Calm Mind|p1a: Clefable
|-boost|p1a: Clefable|spa|1
|-boost|p1a: Clefable|spd|1
|
|-heal|p2a: Not at my Wash!|231\/304 brn|[from] item: Leftovers
|-damage|p2a: Not at my Wash!|193\/304 brn|[from] brn
|turn|76
|
|move|p2a: Not at my Wash!|Volt Switch|p1a: Clefable
|-damage|p1a: Clefable|152\/394
|
|switch|p2a: IWasUnawareOfThat|Clefable, M, shiny|394\/394 brn
|move|p1a: Clefable|Moonblast|p2a: IWasUnawareOfThat
|-damage|p2a: IWasUnawareOfThat|144\/394 brn
|-unboost|p2a: IWasUnawareOfThat|spa|1
|
|-heal|p2a: IWasUnawareOfThat|168\/394 brn|[from] item: Leftovers
|turn|77
|c|★TheTommy10200|Your running SpAtk
|c|★TheTommy10200|Uh oh
|
|move|p2a: IWasUnawareOfThat|Soft-Boiled|p2a: IWasUnawareOfThat
|-heal|p2a: IWasUnawareOfThat|365\/394 brn
|move|p1a: Clefable|Moonblast|p2a: IWasUnawareOfThat
|-damage|p2a: IWasUnawareOfThat|123\/394 brn
|
|-heal|p2a: IWasUnawareOfThat|147\/394 brn|[from] item: Leftovers
|turn|78
|
|move|p2a: IWasUnawareOfThat|Soft-Boiled|p2a: IWasUnawareOfThat
|-heal|p2a: IWasUnawareOfThat|344\/394 brn
|move|p1a: Clefable|Moonblast|p2a: IWasUnawareOfThat
|-damage|p2a: IWasUnawareOfThat|113\/394 brn
|-unboost|p2a: IWasUnawareOfThat|spa|1
|
|-heal|p2a: IWasUnawareOfThat|137\/394 brn|[from] item: Leftovers
|turn|79
|
|switch|p2a: GetThaSTARA-DXP|Ferrothorn, M|352\/352
|-damage|p2a: GetThaSTARA-DXP|330\/352|[from] Stealth Rock
|-damage|p2a: GetThaSTARA-DXP|286\/352|[from] Spikes
|move|p1a: Clefable|Moonblast|p2a: GetThaSTARA-DXP
|-resisted|p2a: GetThaSTARA-DXP
|-damage|p2a: GetThaSTARA-DXP|169\/352
|-unboost|p2a: GetThaSTARA-DXP|spa|1
|
|-heal|p2a: GetThaSTARA-DXP|191\/352|[from] item: Leftovers
|turn|80
|
|move|p1a: Clefable|Focus Blast|p2a: GetThaSTARA-DXP|[miss]
|-miss|p1a: Clefable|p2a: GetThaSTARA-DXP
|move|p2a: GetThaSTARA-DXP|Gyro Ball|p1a: Clefable
|-supereffective|p1a: Clefable
|-damage|p1a: Clefable|0 fnt
|faint|p1a: Clefable
|
|-heal|p2a: GetThaSTARA-DXP|213\/352|[from] item: Leftovers
|
|switch|p1a: Heatran|Heatran, F|386\/386
|turn|81
|c|★TheTommy10200|Running Focus Blast is actually really smart on SpAtk Clef... can you give me the set so i can change Latios
|
|switch|p2a: IWasUnawareOfThat|Clefable, M, shiny|137\/394 brn
|move|p1a: Heatran|Roar|p2a: IWasUnawareOfThat
|drag|p2a: ➴ 1K ARROWS ➴|Landorus-Therian, M|200\/320
|-damage|p2a: ➴ 1K ARROWS ➴|160\/320|[from] Stealth Rock
|-ability|p2a: ➴ 1K ARROWS ➴|Intimidate|[of] p1a: Heatran
|-unboost|p1a: Heatran|atk|1
|
|turn|82
|
|move|p1a: Heatran|Protect|p1a: Heatran
|-singleturn|p1a: Heatran|Protect
|move|p2a: ➴ 1K ARROWS ➴|Knock Off|p1a: Heatran
|-activate|p1a: Heatran|Protect
|
|turn|83
|
|switch|p2a: IWasUnawareOfThat|Clefable, M, shiny|137\/394 brn
|switch|p1a: Reality|Quagsire, F|393\/393
|
|-heal|p2a: IWasUnawareOfThat|161\/394 brn|[from] item: Leftovers
|turn|84
|
|switch|p1a: Mew|Mew|157\/364 brn
|move|p2a: IWasUnawareOfThat|Soft-Boiled|p2a: IWasUnawareOfThat
|-heal|p2a: IWasUnawareOfThat|358\/394 brn
|
|-heal|p1a: Mew|179\/364 brn|[from] item: Leftovers
|-heal|p2a: IWasUnawareOfThat|382\/394 brn|[from] item: Leftovers
|-damage|p1a: Mew|134\/364 brn|[from] brn
|turn|85
|join|Knack und rack
|
|move|p1a: Mew|Roost|p1a: Mew
|-heal|p1a: Mew|316\/364 brn
|move|p2a: IWasUnawareOfThat|Calm Mind|p2a: IWasUnawareOfThat
|-boost|p2a: IWasUnawareOfThat|spa|1
|-boost|p2a: IWasUnawareOfThat|spd|1
|
|-heal|p1a: Mew|338\/364 brn|[from] item: Leftovers
|-heal|p2a: IWasUnawareOfThat|394\/394 brn|[from] item: Leftovers
|-damage|p1a: Mew|293\/364 brn|[from] brn
|turn|86
|
|switch|p1a: Heatran|Heatran, F|386\/386
|move|p2a: IWasUnawareOfThat|Moonblast|p1a: Heatran
|-resisted|p1a: Heatran
|-damage|p1a: Heatran|358\/386
|
|-heal|p1a: Heatran|382\/386|[from] item: Leftovers
|turn|87
|
|switch|p2a: Not at my Wash!|Rotom-Wash|193\/304 brn
|-damage|p2a: Not at my Wash!|155\/304 brn|[from] Stealth Rock
|move|p1a: Heatran|Lava Plume|p2a: Not at my Wash!
|-resisted|p2a: Not at my Wash!
|-damage|p2a: Not at my Wash!|104\/304 brn
|
|-heal|p2a: Not at my Wash!|123\/304 brn|[from] item: Leftovers
|-heal|p1a: Heatran|386\/386|[from] item: Leftovers
|-damage|p2a: Not at my Wash!|85\/304 brn|[from] brn
|turn|88
|
|move|p1a: Heatran|Protect|p1a: Heatran
|-singleturn|p1a: Heatran|Protect
|move|p2a: Not at my Wash!|Pain Split|p1a: Heatran
|-activate|p1a: Heatran|Protect
|
|-heal|p2a: Not at my Wash!|104\/304 brn|[from] item: Leftovers
|-damage|p2a: Not at my Wash!|66\/304 brn|[from] brn
|turn|89
|join|juanito1234
|
|switch|p1a: Mew|Mew|293\/364 brn
|move|p2a: Not at my Wash!|Pain Split|p1a: Mew
|-sethp|p1a: Mew|179\/364 brn|p2a: Not at my Wash!|179\/304 brn|[from] move: Pain Split
|
|-heal|p1a: Mew|201\/364 brn|[from] item: Leftovers
|-heal|p2a: Not at my Wash!|198\/304 brn|[from] item: Leftovers
|-damage|p1a: Mew|156\/364 brn|[from] brn
|-damage|p2a: Not at my Wash!|160\/304 brn|[from] brn
|turn|90
|leave|juanito1234
|
|switch|p2a: ➴ 1K ARROWS ➴|Landorus-Therian, M|160\/320
|-damage|p2a: ➴ 1K ARROWS ➴|120\/320|[from] Stealth Rock
|-ability|p2a: ➴ 1K ARROWS ➴|Intimidate|[of] p1a: Mew
|-unboost|p1a: Mew|atk|1
|move|p1a: Mew|Roost|p1a: Mew
|-heal|p1a: Mew|338\/364 brn
|
|-heal|p1a: Mew|360\/364 brn|[from] item: Leftovers
|-damage|p1a: Mew|315\/364 brn|[from] brn
|turn|91
|leave|Knack und rack
|c|★TheTommy10200|Knock off?
|c|★TheTommy10200|Oh
|
|switch|p1a: Reality|Quagsire, F|393\/393
|move|p2a: ➴ 1K ARROWS ➴|Knock Off|p1a: Reality
|-damage|p1a: Reality|291\/393
|-enditem|p1a: Reality|Leftovers|[from] move: Knock Off|[of] p2a: ➴ 1K ARROWS ➴
|
|turn|92
|
|switch|p2a: IWasUnawareOfThat|Clefable, M, shiny|394\/394 brn
|move|p1a: Reality|Recover|p1a: Reality
|-heal|p1a: Reality|393\/393
|
|turn|93
|
|switch|p2a: ➴ 1K ARROWS ➴|Landorus-Therian, M|120\/320
|-damage|p2a: ➴ 1K ARROWS ➴|80\/320|[from] Stealth Rock
|-ability|p2a: ➴ 1K ARROWS ➴|Intimidate|[of] p1a: Reality
|-unboost|p1a: Reality|atk|1
|switch|p1a: Heatran|Heatran, F|386\/386
|
|turn|94
|
|move|p1a: Heatran|Protect|p1a: Heatran
|-singleturn|p1a: Heatran|Protect
|move|p2a: ➴ 1K ARROWS ➴|Earthquake|p1a: Heatran
|-activate|p1a: Heatran|Protect
|
|turn|95
|
|switch|p2a: Not at my Wash!|Rotom-Wash|160\/304 brn
|-damage|p2a: Not at my Wash!|122\/304 brn|[from] Stealth Rock
|switch|p1a: Reality|Quagsire, F|393\/393
|
|-heal|p2a: Not at my Wash!|141\/304 brn|[from] item: Leftovers
|-damage|p2a: Not at my Wash!|103\/304 brn|[from] brn
|turn|96
|
|switch|p1a: Mew|Mew|315\/364 brn
|move|p2a: Not at my Wash!|Pain Split|p1a: Mew
|-sethp|p1a: Mew|209\/364 brn|p2a: Not at my Wash!|209\/304 brn|[from] move: Pain Split
|
|-heal|p1a: Mew|231\/364 brn|[from] item: Leftovers
|-heal|p2a: Not at my Wash!|228\/304 brn|[from] item: Leftovers
|-damage|p1a: Mew|186\/364 brn|[from] brn
|-damage|p2a: Not at my Wash!|190\/304 brn|[from] brn
|turn|97
|
|move|p1a: Mew|Roost|p1a: Mew
|-heal|p1a: Mew|364\/364 brn
|move|p2a: Not at my Wash!|Hydro Pump|p1a: Mew
|-damage|p1a: Mew|225\/364 brn
|
|-heal|p1a: Mew|247\/364 brn|[from] item: Leftovers
|-heal|p2a: Not at my Wash!|209\/304 brn|[from] item: Leftovers
|-damage|p1a: Mew|202\/364 brn|[from] brn
|-damage|p2a: Not at my Wash!|171\/304 brn|[from] brn
|turn|98
|
|move|p1a: Mew|Will-O-Wisp|p2a: Not at my Wash!|[miss]
|-miss|p1a: Mew|p2a: Not at my Wash!
|move|p2a: Not at my Wash!|Pain Split|p1a: Mew
|-sethp|p1a: Mew|186\/364 brn|p2a: Not at my Wash!|186\/304 brn|[from] move: Pain Split
|
|-heal|p1a: Mew|208\/364 brn|[from] item: Leftovers
|-heal|p2a: Not at my Wash!|205\/304 brn|[from] item: Leftovers
|-damage|p1a: Mew|163\/364 brn|[from] brn
|-damage|p2a: Not at my Wash!|167\/304 brn|[from] brn
|turn|99
|
|move|p1a: Mew|Roost|p1a: Mew
|-heal|p1a: Mew|345\/364 brn
|move|p2a: Not at my Wash!|Volt Switch|p1a: Mew
|-crit|p1a: Mew
|-damage|p1a: Mew|215\/364 brn
|
|switch|p2a: GetThaSTARA-DXP|Ferrothorn, M|213\/352
|-damage|p2a: GetThaSTARA-DXP|191\/352|[from] Stealth Rock
|-damage|p2a: GetThaSTARA-DXP|147\/352|[from] Spikes
|
|-heal|p1a: Mew|237\/364 brn|[from] item: Leftovers
|-heal|p2a: GetThaSTARA-DXP|169\/352|[from] item: Leftovers
|-damage|p1a: Mew|192\/364 brn|[from] brn
|turn|100
|
|move|p1a: Mew|Will-O-Wisp|p2a: GetThaSTARA-DXP
|-status|p2a: GetThaSTARA-DXP|brn
|move|p2a: GetThaSTARA-DXP|Leech Seed|p1a: Mew
|-start|p1a: Mew|move: Leech Seed
|
|-heal|p1a: Mew|214\/364 brn|[from] item: Leftovers
|-heal|p2a: GetThaSTARA-DXP|191\/352 brn|[from] item: Leftovers
|-damage|p1a: Mew|169\/364 brn|[from] Leech Seed|[of] p2a: GetThaSTARA-DXP
|-heal|p2a: GetThaSTARA-DXP|236\/352 brn|[silent]
|-damage|p1a: Mew|124\/364 brn|[from] brn
|-damage|p2a: GetThaSTARA-DXP|192\/352 brn|[from] brn
|turn|101
|
|switch|p1a: Heatran|Heatran, F|386\/386
|move|p2a: GetThaSTARA-DXP|Leech Seed|p1a: Heatran
|-start|p1a: Heatran|move: Leech Seed
|
|-heal|p2a: GetThaSTARA-DXP|214\/352 brn|[from] item: Leftovers
|-damage|p1a: Heatran|338\/386|[from] Leech Seed|[of] p2a: GetThaSTARA-DXP
|-heal|p2a: GetThaSTARA-DXP|262\/352 brn|[silent]
|-damage|p2a: GetThaSTARA-DXP|218\/352 brn|[from] brn
|turn|102
|
|switch|p1a: Mew|Mew|124\/364 brn
|move|p2a: GetThaSTARA-DXP|Protect|p2a: GetThaSTARA-DXP
|-fail|p2a: GetThaSTARA-DXP
|
|-heal|p1a: Mew|146\/364 brn|[from] item: Leftovers
|-heal|p2a: GetThaSTARA-DXP|240\/352 brn|[from] item: Leftovers
|-damage|p1a: Mew|101\/364 brn|[from] brn
|-damage|p2a: GetThaSTARA-DXP|196\/352 brn|[from] brn
|turn|103
|join|Kapranos
|
|move|p1a: Mew|Roost|p1a: Mew
|-heal|p1a: Mew|283\/364 brn
|move|p2a: GetThaSTARA-DXP|Stealth Rock|p1a: Mew
|-sidestart|p1: Fenix-|move: Stealth Rock
|
|-heal|p1a: Mew|305\/364 brn|[from] item: Leftovers
|-heal|p2a: GetThaSTARA-DXP|218\/352 brn|[from] item: Leftovers
|-damage|p1a: Mew|260\/364 brn|[from] brn
|-damage|p2a: GetThaSTARA-DXP|174\/352 brn|[from] brn
|turn|104
|join|MrLoser
|join|ragnegXmotor
|
|switch|p1a: Heatran|Heatran, F|338\/386
|-damage|p1a: Heatran|290\/386|[from] Stealth Rock
|move|p2a: GetThaSTARA-DXP|Leech Seed|p1a: Heatran
|-start|p1a: Heatran|move: Leech Seed
|
|-heal|p1a: Heatran|314\/386|[from] item: Leftovers
|-heal|p2a: GetThaSTARA-DXP|196\/352 brn|[from] item: Leftovers
|-damage|p1a: Heatran|266\/386|[from] Leech Seed|[of] p2a: GetThaSTARA-DXP
|-heal|p2a: GetThaSTARA-DXP|244\/352 brn|[silent]
|-damage|p2a: GetThaSTARA-DXP|200\/352 brn|[from] brn
|turn|105
|join|ur triggering me
|join|Marc Jeremy
|join|ninster24
|join|lynxHdn
|c|★TheTommy10200|I'm getting so lucky with all these Leech Seed Hits
|
|move|p2a: GetThaSTARA-DXP|Protect|p2a: GetThaSTARA-DXP
|-singleturn|p2a: GetThaSTARA-DXP|Protect
|move|p1a: Heatran|Roar|p2a: GetThaSTARA-DXP
|drag|p2a: Not at my Wash!|Rotom-Wash|167\/304 brn
|-damage|p2a: Not at my Wash!|129\/304 brn|[from] Stealth Rock
|
|-heal|p2a: Not at my Wash!|148\/304 brn|[from] item: Leftovers
|-heal|p1a: Heatran|290\/386|[from] item: Leftovers
|-damage|p1a: Heatran|242\/386|[from] Leech Seed|[of] p2a: Not at my Wash!
|-heal|p2a: Not at my Wash!|196\/304 brn|[silent]
|-damage|p2a: Not at my Wash!|158\/304 brn|[from] brn
|turn|106
|leave|ur triggering me
|join|ur triggering me
|join|1BlackGuy
|leave|square1010
|c|★Fenix-|still having luck
|
|switch|p1a: Mew|Mew|260\/364 brn
|-damage|p1a: Mew|215\/364 brn|[from] Stealth Rock
|move|p2a: Not at my Wash!|Pain Split|p1a: Mew
|-sethp|p1a: Mew|186\/364 brn|p2a: Not at my Wash!|186\/304 brn|[from] move: Pain Split
|
|-heal|p1a: Mew|208\/364 brn|[from] item: Leftovers
|-heal|p2a: Not at my Wash!|205\/304 brn|[from] item: Leftovers
|-damage|p1a: Mew|163\/364 brn|[from] brn
|-damage|p2a: Not at my Wash!|167\/304 brn|[from] brn
|turn|107
|join|adghyvhj
|c| 1BlackGuy|This battle tho!!!! lol.
|
|move|p1a: Mew|Foul Play|p2a: Not at my Wash!
|-damage|p2a: Not at my Wash!|151\/304 brn
|move|p2a: Not at my Wash!|Volt Switch|p1a: Mew
|-damage|p1a: Mew|72\/364 brn
|leave|ur triggering me
|
|switch|p2a: ➴ 1K ARROWS ➴|Landorus-Therian, M|80\/320
|-damage|p2a: ➴ 1K ARROWS ➴|40\/320|[from] Stealth Rock
|-ability|p2a: ➴ 1K ARROWS ➴|Intimidate|[of] p1a: Mew
|-unboost|p1a: Mew|atk|1
|
|-heal|p1a: Mew|94\/364 brn|[from] item: Leftovers
|-damage|p1a: Mew|49\/364 brn|[from] brn
|turn|108
|join|Excess Logic
|
|switch|p1a: Reality|Quagsire, F|393\/393
|-damage|p1a: Reality|369\/393|[from] Stealth Rock
|move|p2a: ➴ 1K ARROWS ➴|Earthquake|p1a: Reality
|-damage|p1a: Reality|206\/393
|
|turn|109
|c| 1BlackGuy|THE PLAYS!!!!!!!!!!!!!
|c| lynxHdn|stall, stall everywhere
|
|switch|p2a: GetThaSTARA-DXP|Ferrothorn, M|200\/352 brn
|-damage|p2a: GetThaSTARA-DXP|156\/352 brn|[from] Spikes
|-damage|p2a: GetThaSTARA-DXP|134\/352 brn|[from] Stealth Rock
|move|p1a: Reality|Recover|p1a: Reality
|-heal|p1a: Reality|393\/393
|
|-heal|p2a: GetThaSTARA-DXP|156\/352 brn|[from] item: Leftovers
|-damage|p2a: GetThaSTARA-DXP|112\/352 brn|[from] brn
|turn|110
|
|move|p1a: Reality|Earthquake|p2a: GetThaSTARA-DXP
|-damage|p2a: GetThaSTARA-DXP|52\/352 brn
|move|p2a: GetThaSTARA-DXP|Leech Seed|p1a: Reality
|-start|p1a: Reality|move: Leech Seed
|
|-heal|p2a: GetThaSTARA-DXP|74\/352 brn|[from] item: Leftovers
|-damage|p1a: Reality|344\/393|[from] Leech Seed|[of] p2a: GetThaSTARA-DXP
|-heal|p2a: GetThaSTARA-DXP|123\/352 brn|[silent]
|-damage|p2a: GetThaSTARA-DXP|79\/352 brn|[from] brn
|turn|111
|join|Blackwing-Dragon
|
|switch|p1a: Heatran|Heatran, F|242\/386
|-damage|p1a: Heatran|194\/386|[from] Stealth Rock
|move|p2a: GetThaSTARA-DXP|Leech Seed|p1a: Heatran
|-start|p1a: Heatran|move: Leech Seed
|
|-heal|p1a: Heatran|218\/386|[from] item: Leftovers
|-heal|p2a: GetThaSTARA-DXP|101\/352 brn|[from] item: Leftovers
|-damage|p1a: Heatran|170\/386|[from] Leech Seed|[of] p2a: GetThaSTARA-DXP
|-heal|p2a: GetThaSTARA-DXP|149\/352 brn|[silent]
|-damage|p2a: GetThaSTARA-DXP|105\/352 brn|[from] brn
|turn|112
|c| 1BlackGuy|THE COME BACK IS REAL
|
|switch|p2a: ➴ 1K ARROWS ➴|Landorus-Therian, M|40\/320
|-damage|p2a: ➴ 1K ARROWS ➴|0 fnt|[from] Stealth Rock
|faint|p2a: ➴ 1K ARROWS ➴
|move|p1a: Heatran|Lava Plume|p2: ➴ 1K ARROWS ➴|[notarget]
|-notarget
|
|-heal|p1a: Heatran|194\/386|[from] item: Leftovers
|
|switch|p2a: Not at my Wash!|Rotom-Wash|151\/304 brn
|-damage|p2a: Not at my Wash!|113\/304 brn|[from] Stealth Rock
|turn|113
|leave|Blackwing-Dragon
|join|Kelik2k13
|c| 1BlackGuy|Fenix you complete booty lol.
|c|★Fenix-|shut the fuck up
|
|switch|p1a: Mew|Mew|49\/364 brn
|-damage|p1a: Mew|4\/364 brn|[from] Stealth Rock
|move|p2a: Not at my Wash!|Will-O-Wisp|p1a: Mew
|-fail|p1a: Mew|brn
|
|-heal|p1a: Mew|26\/364 brn|[from] item: Leftovers
|-heal|p2a: Not at my Wash!|132\/304 brn|[from] item: Leftovers
|-damage|p1a: Mew|0 fnt|[from] brn
|-damage|p2a: Not at my Wash!|94\/304 brn|[from] brn
|faint|p1a: Mew
|c| 1BlackGuy|lmaooo
|c|★Fenix-|i have been haxed
|c| 1BlackGuy|i know bro
|leave|MrLoser
|
|switch|p1a: Reality|Quagsire, F|344\/393
|-damage|p1a: Reality|320\/393|[from] Stealth Rock
|turn|114
|c| 1BlackGuy|lol
|join|sweegster
|c|★TheTommy10200|That Psyshock crit LOL
|c| 1BlackGuy|lol
|
|move|p2a: Not at my Wash!|Pain Split|p1a: Reality
|-sethp|p1a: Reality|207\/393|p2a: Not at my Wash!|207\/304 brn|[from] move: Pain Split
|move|p1a: Reality|Scald|p2a: Not at my Wash!
|-resisted|p2a: Not at my Wash!
|-damage|p2a: Not at my Wash!|175\/304 brn
|
|-heal|p2a: Not at my Wash!|194\/304 brn|[from] item: Leftovers
|-damage|p2a: Not at my Wash!|156\/304 brn|[from] brn
|turn|115
|c|★TheTommy10200|Ahh nice and powerful
|join|tronick79
|leave|Marc Jeremy
|
|move|p2a: Not at my Wash!|Will-O-Wisp|p1a: Reality|[miss]
|-miss|p2a: Not at my Wash!|p1a: Reality
|move|p1a: Reality|Recover|p1a: Reality
|-heal|p1a: Reality|393\/393
|
|-heal|p2a: Not at my Wash!|175\/304 brn|[from] item: Leftovers
|-damage|p2a: Not at my Wash!|137\/304 brn|[from] brn
|turn|116
|
|switch|p1a: Heatran|Heatran, F|194\/386
|-damage|p1a: Heatran|146\/386|[from] Stealth Rock
|move|p2a: Not at my Wash!|Hydro Pump|p1a: Heatran
|-supereffective|p1a: Heatran
|-damage|p1a: Heatran|0 fnt
|faint|p1a: Heatran
|
|-heal|p2a: Not at my Wash!|156\/304 brn|[from] item: Leftovers
|-damage|p2a: Not at my Wash!|118\/304 brn|[from] brn
|c|★TheTommy10200|Nahh bitch
|leave|Fenix-
|player|p1
|c| 1BlackGuy|The YAPER THO lol.
|c| lynxHdn|gg
|join|BigLeopard
|c| Excess Logic|that was pretty fucking obvious too
|c| Kapranos|he's the very best fenix
|leave|sweegster
|leave|Kapranos
|leave|BigLeopard
|leave|tronick79
|leave|lynxHdn
|c| 1BlackGuy|nope lol
|leave|ninster24
|leave|1BlackGuy
|leave|Excess Logic
|leave|adghyvhj
|-message|fenix lost due to inactivity.
|
|win|TheTommy10200
|raw|Ladder updating...
|raw|Fenix-'s rating: 1709 &rarr; <strong>1687<\/strong><br \/>(-22 for losing)
|raw|TheTommy10200's rating: 1666 &rarr; <strong>1689<\/strong><br \/>(+23 for winning)