|join|lil manaphy
|join|Fenix-
|player|p1|lil manaphy|9
|player|p2|Fenix-|2
|gametype|singles
|gen|6
|tier|OU
|rated
|clearpoke
|poke|p1|Gardevoir, F
|poke|p1|Keldeo-Resolute
|poke|p1|Chansey, F
|poke|p1|Mandibuzz, F
|poke|p1|Amoonguss, M
|poke|p1|Landorus-Therian, M
|poke|p2|Suicune
|poke|p2|Sceptile, M
|poke|p2|Jirachi
|poke|p2|Zapdos
|poke|p2|Clefable, M
|poke|p2|Landorus-Therian, M
|rule|Swagger Clause: Swagger is banned
|rule|Baton Pass Clause: Limit one Pokémon knowing Baton Pass
|rule|Sleep Clause Mod: Limit one foe put to sleep
|rule|Species Clause: Limit one of each Pokémon
|rule|OHKO Clause: OHKO moves are banned
|rule|Moody Clause: Moody is banned
|rule|Evasion Moves Clause: Evasion moves are banned
|rule|Endless Battle Clause: Forcing endless battles is banned
|rule|HP Percentage Mod: HP is shown in percentages
|teampreview
|
|start
|switch|p1a: Landorus-Therian|Landorus-Therian, M|382\/382
|switch|p2a: Sceptile|Sceptile, M|282\/282
|-ability|p1a: Landorus-Therian|Intimidate|[of] p2a: Sceptile
|-unboost|p2a: Sceptile|atk|1
|turn|1
|
|switch|p2a: Landorus-Therian|Landorus-Therian, M|330\/330
|-ability|p2a: Landorus-Therian|Intimidate|[of] p1a: Landorus-Therian
|-unboost|p1a: Landorus-Therian|atk|1
|move|p1a: Landorus-Therian|U-turn|p2a: Landorus-Therian
|-resisted|p2a: Landorus-Therian
|-damage|p2a: Landorus-Therian|301\/330
|
|switch|p1a: Keldeo-Resolute|Keldeo-Resolute|323\/323
|
|turn|2
|
|switch|p2a: Suicune|Suicune|404\/404
|-ability|p2a: Suicune|Pressure
|move|p1a: Keldeo-Resolute|Scald|p2a: Suicune
|-resisted|p2a: Suicune
|-damage|p2a: Suicune|345\/404
|-status|p2a: Suicune|brn
|
|-heal|p2a: Suicune|370\/404 brn|[from] item: Leftovers
|-damage|p2a: Suicune|320\/404 brn|[from] brn
|turn|3
|
|switch|p2a: Landorus-Therian|Landorus-Therian, M|301\/330
|-ability|p2a: Landorus-Therian|Intimidate|[of] p1a: Keldeo-Resolute
|-unboost|p1a: Keldeo-Resolute|atk|1
|move|p1a: Keldeo-Resolute|Substitute|p1a: Keldeo-Resolute
|-start|p1a: Keldeo-Resolute|Substitute
|-damage|p1a: Keldeo-Resolute|243\/323
|
|-heal|p1a: Keldeo-Resolute|263\/323|[from] item: Leftovers
|turn|4
|
|move|p2a: Landorus-Therian|U-turn|p1a: Keldeo-Resolute
|-crit|p1a: Keldeo-Resolute
|-resisted|p1a: Keldeo-Resolute
|-end|p1a: Keldeo-Resolute|Substitute
|
|switch|p2a: Suicune|Suicune|320\/404 brn
|-ability|p2a: Suicune|Pressure
|move|p1a: Keldeo-Resolute|Scald|p2a: Suicune
|-resisted|p2a: Suicune
|-damage|p2a: Suicune|259\/404 brn
|
|-heal|p1a: Keldeo-Resolute|283\/323|[from] item: Leftovers
|-heal|p2a: Suicune|284\/404 brn|[from] item: Leftovers
|-damage|p2a: Suicune|234\/404 brn|[from] brn
|turn|5
|
|move|p1a: Keldeo-Resolute|Substitute|p1a: Keldeo-Resolute
|-start|p1a: Keldeo-Resolute|Substitute
|-damage|p1a: Keldeo-Resolute|203\/323
|move|p2a: Suicune|Calm Mind|p2a: Suicune
|-boost|p2a: Suicune|spa|1
|-boost|p2a: Suicune|spd|1
|
|-heal|p1a: Keldeo-Resolute|223\/323|[from] item: Leftovers
|-heal|p2a: Suicune|259\/404 brn|[from] item: Leftovers
|-damage|p2a: Suicune|209\/404 brn|[from] brn
|turn|6
|
|move|p1a: Keldeo-Resolute|Calm Mind|p1a: Keldeo-Resolute
|-boost|p1a: Keldeo-Resolute|spa|1
|-boost|p1a: Keldeo-Resolute|spd|1
|move|p2a: Suicune|Rest|p2a: Suicune
|-status|p2a: Suicune|slp
|-heal|p2a: Suicune|404\/404 slp|[silent]
|-status|p2a: Suicune|slp|[from] move: Rest
|
|-heal|p1a: Keldeo-Resolute|243\/323|[from] item: Leftovers
|turn|7
|
|move|p1a: Keldeo-Resolute|Scald|p2a: Suicune
|-resisted|p2a: Suicune
|-damage|p2a: Suicune|338\/404 slp
|cant|p2a: Suicune|slp
|move|p2a: Suicune|Sleep Talk|p2a: Suicune
|move|p2a: Suicune|Calm Mind|p2a: Suicune|[from]Sleep Talk
|-boost|p2a: Suicune|spa|1
|-boost|p2a: Suicune|spd|1
|
|-heal|p1a: Keldeo-Resolute|263\/323|[from] item: Leftovers
|-heal|p2a: Suicune|363\/404 slp|[from] item: Leftovers
|turn|8
|
|move|p1a: Keldeo-Resolute|Calm Mind|p1a: Keldeo-Resolute
|-boost|p1a: Keldeo-Resolute|spa|1
|-boost|p1a: Keldeo-Resolute|spd|1
|cant|p2a: Suicune|slp
|move|p2a: Suicune|Sleep Talk|p2a: Suicune
|move|p2a: Suicune|Calm Mind|p2a: Suicune|[from]Sleep Talk
|-boost|p2a: Suicune|spa|1
|-boost|p2a: Suicune|spd|1
|
|-heal|p1a: Keldeo-Resolute|283\/323|[from] item: Leftovers
|-heal|p2a: Suicune|388\/404 slp|[from] item: Leftovers
|turn|9
|
|move|p1a: Keldeo-Resolute|Calm Mind|p1a: Keldeo-Resolute
|-boost|p1a: Keldeo-Resolute|spa|1
|-boost|p1a: Keldeo-Resolute|spd|1
|-curestatus|p2a: Suicune|slp
|move|p2a: Suicune|Scald|p1a: Keldeo-Resolute
|-resisted|p1a: Keldeo-Resolute
|-activate|p1a: Keldeo-Resolute|Substitute|[damage]
|
|-heal|p1a: Keldeo-Resolute|303\/323|[from] item: Leftovers
|-heal|p2a: Suicune|404\/404|[from] item: Leftovers
|turn|10
|
|move|p1a: Keldeo-Resolute|Calm Mind|p1a: Keldeo-Resolute
|-boost|p1a: Keldeo-Resolute|spa|1
|-boost|p1a: Keldeo-Resolute|spd|1
|move|p2a: Suicune|Scald|p1a: Keldeo-Resolute
|-resisted|p1a: Keldeo-Resolute
|-end|p1a: Keldeo-Resolute|Substitute
|
|-heal|p1a: Keldeo-Resolute|323\/323|[from] item: Leftovers
|turn|11
|
|move|p1a: Keldeo-Resolute|Substitute|p1a: Keldeo-Resolute
|-start|p1a: Keldeo-Resolute|Substitute
|-damage|p1a: Keldeo-Resolute|243\/323
|move|p2a: Suicune|Scald|p1a: Keldeo-Resolute
|-resisted|p1a: Keldeo-Resolute
|-activate|p1a: Keldeo-Resolute|Substitute|[damage]
|
|-heal|p1a: Keldeo-Resolute|263\/323|[from] item: Leftovers
|turn|12
|
|move|p1a: Keldeo-Resolute|Calm Mind|p1a: Keldeo-Resolute
|-boost|p1a: Keldeo-Resolute|spa|1
|-boost|p1a: Keldeo-Resolute|spd|1
|move|p2a: Suicune|Scald|p1a: Keldeo-Resolute
|-resisted|p1a: Keldeo-Resolute
|-activate|p1a: Keldeo-Resolute|Substitute|[damage]
|
|-heal|p1a: Keldeo-Resolute|283\/323|[from] item: Leftovers
|turn|13
|
|move|p1a: Keldeo-Resolute|Calm Mind|p1a: Keldeo-Resolute
|-boost|p1a: Keldeo-Resolute|spa|1
|-boost|p1a: Keldeo-Resolute|spd|1
|move|p2a: Suicune|Scald|p1a: Keldeo-Resolute
|-resisted|p1a: Keldeo-Resolute
|-end|p1a: Keldeo-Resolute|Substitute
|
|-heal|p1a: Keldeo-Resolute|303\/323|[from] item: Leftovers
|turn|14
|
|move|p1a: Keldeo-Resolute|Substitute|p1a: Keldeo-Resolute
|-start|p1a: Keldeo-Resolute|Substitute
|-damage|p1a: Keldeo-Resolute|223\/323
|move|p2a: Suicune|Scald|p1a: Keldeo-Resolute
|-resisted|p1a: Keldeo-Resolute
|-activate|p1a: Keldeo-Resolute|Substitute|[damage]
|
|-heal|p1a: Keldeo-Resolute|243\/323|[from] item: Leftovers
|turn|15
|
|move|p1a: Keldeo-Resolute|Secret Sword|p2a: Suicune
|-damage|p2a: Suicune|5\/404
|move|p2a: Suicune|Scald|p1a: Keldeo-Resolute
|-resisted|p1a: Keldeo-Resolute
|-activate|p1a: Keldeo-Resolute|Substitute|[damage]
|
|-heal|p1a: Keldeo-Resolute|263\/323|[from] item: Leftovers
|-heal|p2a: Suicune|30\/404|[from] item: Leftovers
|turn|16
|leave|Fenix-
|player|p2
|-message|fenix lost due to inactivity.
|
|win|lil manaphy
|raw|Ladder updating...
|raw|lil manaphy's rating: 1728 &rarr; <strong>1747<\/strong><br \/>(+19 for winning)
|raw|Fenix-'s rating: 1704 &rarr; <strong>1685<\/strong><br \/>(-19 for losing)