|join|Antler Management
|join|22dula
|player|p1|Antler Management|55
|player|p2|22dula|2
|gametype|singles
|gen|6
|tier|UU
|rated
|rule|Sleep Clause Mod: Limit one foe put to sleep
|rule|Species Clause: Limit one of each Pokémon
|rule|OHKO Clause: OHKO moves are banned
|rule|Moody Clause: Moody is banned
|rule|Evasion Moves Clause: Evasion moves are banned
|rule|Endless Battle Clause: Forcing endless battles is banned
|rule|HP Percentage Mod: HP is shown in percentages
|clearpoke
|poke|p1|Suicune
|poke|p1|Yanmega, F, shiny
|poke|p1|Chandelure, M
|poke|p1|Togetic, M
|poke|p1|Donphan, F
|poke|p1|Sceptile, F
|poke|p2|Haxorus, F
|poke|p2|Shuckle, M
|poke|p2|Lucario, M
|poke|p2|Blastoise, M
|poke|p2|Florges, F
|poke|p2|Chandelure, F
|rule|Swagger Clause: Swagger is banned
|rule|Baton Pass Clause: Limit one Pokémon knowing Baton Pass
|teampreview
|
|start
|switch|p1a: Bravely Default|Togetic, M|313\/313
|switch|p2a: Blastoise|Blastoise, M|361\/361
|turn|1
|
|detailschange|p2a: Blastoise|Blastoise-Mega, M
|-mega|p2a: Blastoise|Blastoise|Blastoisinite
|move|p2a: Blastoise|Scald|p1a: Bravely Default
|-damage|p1a: Bravely Default|259\/313
|-status|p1a: Bravely Default|brn
|move|p1a: Bravely Default|Nasty Plot|p1a: Bravely Default
|-boost|p1a: Bravely Default|spa|2
|
|-damage|p1a: Bravely Default|220\/313 brn|[from] brn
|turn|2
|
|move|p2a: Blastoise|Ice Beam|p1a: Bravely Default
|-supereffective|p1a: Bravely Default
|-damage|p1a: Bravely Default|138\/313 brn
|move|p1a: Bravely Default|Roost|p1a: Bravely Default
|-heal|p1a: Bravely Default|295\/313 brn
|
|-damage|p1a: Bravely Default|256\/313 brn|[from] brn
|turn|3
|
|switch|p2a: Shuckle|Shuckle, M|243\/243
|move|p1a: Bravely Default|Nasty Plot|p1a: Bravely Default
|-boost|p1a: Bravely Default|spa|2
|
|-damage|p1a: Bravely Default|217\/313 brn|[from] brn
|turn|4
|
|move|p1a: Bravely Default|Magic Coat|p1a: Bravely Default
|-singleturn|p1a: Bravely Default|move: Magic Coat
|move|p2a: Shuckle|Sticky Web|p1a: Bravely Default
|move|p1a: Bravely Default|Sticky Web|p2a: Shuckle|[from]Magic Coat
|-sidestart|p2: 22dula|move: Sticky Web
|
|-damage|p1a: Bravely Default|178\/313 brn|[from] brn
|turn|5
|
|move|p1a: Bravely Default|Nasty Plot|p1a: Bravely Default
|-boost|p1a: Bravely Default|spa|2
|move|p2a: Shuckle|Sticky Web|p1a: Bravely Default
|-sidestart|p1: Antler Management|move: Sticky Web
|
|-damage|p1a: Bravely Default|139\/313 brn|[from] brn
|turn|6
|
|move|p1a: Bravely Default|Baton Pass|p1a: Bravely Default
|
|switch|p1a: Sceptile|Sceptile, F|281\/281
|-activate|p1a: Sceptile|move: Sticky Web
|-unboost|p1a: Sceptile|spe|1
|move|p2a: Shuckle|Stealth Rock|p1a: Sceptile
|-sidestart|p1: Antler Management|move: Stealth Rock
|
|turn|7
|
|detailschange|p1a: Sceptile|Sceptile-Mega, F
|-mega|p1a: Sceptile|Sceptile|Sceptilite
|move|p1a: Sceptile|Giga Drain|p2a: Shuckle
|-damage|p2a: Shuckle|12\/243
|move|p2a: Shuckle|Encore|p1a: Sceptile
|-start|p1a: Sceptile|Encore
|
|turn|8
|
|move|p1a: Sceptile|Giga Drain|p2a: Shuckle
|-damage|p2a: Shuckle|0 fnt
|faint|p2a: Shuckle
|
|
|switch|p2a: Chandelure|Chandelure, F|261\/261
|-activate|p2a: Chandelure|move: Sticky Web
|-unboost|p2a: Chandelure|spe|1
|turn|9
|
|move|p1a: Sceptile|Giga Drain|p2a: Chandelure
|-resisted|p2a: Chandelure
|-damage|p2a: Chandelure|0 fnt
|faint|p2a: Chandelure
|
|-message|22dula forfeited.
|leave|22dula
|
|win|Antler Management
|raw|Ladder updating...
|player|p2
|raw|Antler Management's rating: 1517 &rarr; <strong>1539<\/strong><br \/>(+22 for winning)
|raw|22dula's rating: 1546 &rarr; <strong>1524<\/strong><br \/>(-22 for losing)