|join|RandM Chaos
|join|FlareBlitz
|player|p1|RandM Chaos|126
|player|p2|FlareBlitz|169
|gametype|singles
|gen|6
|tier|UU
|rated
|rule|Sleep Clause Mod: Limit one foe put to sleep
|rule|Species Clause: Limit one of each Pokémon
|rule|OHKO Clause: OHKO moves are banned
|rule|Moody Clause: Moody is banned
|rule|Evasion Moves Clause: Evasion moves are banned
|rule|Endless Battle Clause: Forcing endless battles is banned
|rule|HP Percentage Mod: HP is reported as percentages
|clearpoke
|poke|p1|Victini
|poke|p1|Blastoise, F
|poke|p1|Blissey, F
|poke|p1|Gligar, M
|poke|p1|Nidoking, M
|poke|p1|Poliwrath, M
|poke|p2|Sharpedo, F
|poke|p2|Crobat, M
|poke|p2|Rhyperior, F
|poke|p2|Cofagrigus, M
|poke|p2|Toxicroak, M
|poke|p2|Escavalier, F
|rule|Swagger Clause: Swagger is banned
|rule|Baton Pass Clause: Limit one Pokémon knowing Baton Pass
|teampreview
|chat|RandM Chaos|oh its flareblitz
|chat|RandM Chaos|gl hf
|chat|FlareBlitz|Hello :3
|
|start
|switch|p1a: Victini|Victini|341\/341
|switch|p2a: Escavalier|Escavalier, F|344\/344
|turn|1
|chat|FlareBlitz|Thanks you too
|
|switch|p2a: Rhyperior|Rhyperior, F|433\/433
|move|p1a: Victini|Trick|p2a: Rhyperior
|-activate|p1a: Victini|move: Trick|[of] p2a: Rhyperior
|-item|p2a: Rhyperior|Choice Band|[from] move: Trick
|-item|p1a: Victini|Choice Band|[from] move: Trick
|
|turn|2
|
|move|p1a: Victini|U-turn|p2a: Rhyperior
|-damage|p2a: Rhyperior|352\/433
|
|switch|p1a: Poliwrath|Poliwrath, M|384\/384
|move|p2a: Rhyperior|Stone Edge|p1a: Poliwrath
|-resisted|p1a: Poliwrath
|-damage|p1a: Poliwrath|273\/384
|
|-heal|p1a: Poliwrath|297\/384|[from] item: Leftovers
|turn|3
|
|switch|p1a: Nidoking|Nidoking, M|303\/303
|switch|p2a: Crobat|Crobat, M|325\/325
|
|turn|4
|
|move|p2a: Crobat|Brave Bird|p1a: Nidoking
|-damage|p1a: Nidoking|6\/303
|-damage|p2a: Crobat|227\/325|[from] recoil|[of] p1a: Nidoking
|move|p1a: Nidoking|Ice Beam|p2a: Crobat
|-supereffective|p2a: Crobat
|-damage|p2a: Crobat|0 fnt
|faint|p2a: Crobat
|
|
|switch|p2a: Sharpedo|Sharpedo, F|281\/281
|turn|5
|
|switch|p1a: Poliwrath|Poliwrath, M|297\/384
|move|p2a: Sharpedo|Crunch|p1a: Poliwrath
|-resisted|p1a: Poliwrath
|-damage|p1a: Poliwrath|231\/384
|-damage|p2a: Sharpedo|253\/281|[from] item: Life Orb
|
|-heal|p1a: Poliwrath|255\/384|[from] item: Leftovers
|-boost|p2a: Sharpedo|spe|1|[from] ability: Speed Boost
|turn|6
|
|switch|p2a: Toxicroak|Toxicroak, M|315\/315
|move|p1a: Poliwrath|Circle Throw|p2a: Toxicroak
|-resisted|p2a: Toxicroak
|-damage|p2a: Toxicroak|267\/315
|drag|p2a: Sharpedo|Sharpedo, F|253\/281
|
|-heal|p1a: Poliwrath|279\/384|[from] item: Leftovers
|turn|7
|
|switch|p2a: Escavalier|Escavalier, F|344\/344
|move|p1a: Poliwrath|Toxic|p2a: Escavalier
|-fail|p2a: Escavalier
|
|-heal|p1a: Poliwrath|303\/384|[from] item: Leftovers
|turn|8
|
|switch|p1a: Gligar|Gligar, M|334\/334
|move|p2a: Escavalier|Knock Off|p1a: Gligar
|-damage|p1a: Gligar|238\/334
|-enditem|p1a: Gligar|Eviolite|[from] move: Knock Off|[of] p2a: Escavalier
|
|turn|9
|
|switch|p2a: Sharpedo|Sharpedo, F|253\/281
|move|p1a: Gligar|Stealth Rock|p2a: Sharpedo
|-sidestart|p2: FlareBlitz|move: Stealth Rock
|
|turn|10
|
|switch|p1a: Poliwrath|Poliwrath, M|303\/384
|move|p2a: Sharpedo|Crunch|p1a: Poliwrath
|-resisted|p1a: Poliwrath
|-damage|p1a: Poliwrath|235\/384
|-damage|p2a: Sharpedo|225\/281|[from] item: Life Orb
|
|-heal|p1a: Poliwrath|259\/384|[from] item: Leftovers
|-boost|p2a: Sharpedo|spe|1|[from] ability: Speed Boost
|turn|11
|
|switch|p2a: Cofagrigus|Cofagrigus, M|320\/320
|-damage|p2a: Cofagrigus|280\/320|[from] Stealth Rock
|switch|p1a: Gligar|Gligar, M|238\/334
|
|-heal|p2a: Cofagrigus|300\/320|[from] item: Leftovers
|turn|12
|
|move|p1a: Gligar|Toxic|p2a: Cofagrigus
|-status|p2a: Cofagrigus|tox
|move|p2a: Cofagrigus|Nasty Plot|p2a: Cofagrigus
|-boost|p2a: Cofagrigus|spa|2
|
|-heal|p2a: Cofagrigus|320\/320 tox|[from] item: Leftovers
|-damage|p2a: Cofagrigus|300\/320 tox|[from] psn
|turn|13
|
|switch|p2a: Toxicroak|Toxicroak, M|267\/315
|-damage|p2a: Toxicroak|248\/315|[from] Stealth Rock
|move|p1a: Gligar|Earthquake|p2a: Toxicroak
|-supereffective|p2a: Toxicroak
|-damage|p2a: Toxicroak|0 fnt
|faint|p2a: Toxicroak
|
|
|switch|p2a: Sharpedo|Sharpedo, F|225\/281
|-damage|p2a: Sharpedo|190\/281|[from] Stealth Rock
|turn|14
|
|switch|p2a: Rhyperior|Rhyperior, F|352\/433
|-damage|p2a: Rhyperior|325\/433|[from] Stealth Rock
|switch|p1a: Poliwrath|Poliwrath, M|259\/384
|
|-heal|p1a: Poliwrath|283\/384|[from] item: Leftovers
|turn|15
|
|move|p1a: Poliwrath|Scald|p2a: Rhyperior
|-supereffective|p2a: Rhyperior
|-damage|p2a: Rhyperior|19\/433
|move|p2a: Rhyperior|Earthquake|p1a: Poliwrath
|-damage|p1a: Poliwrath|51\/384
|
|-heal|p1a: Poliwrath|75\/384|[from] item: Leftovers
|turn|16
|chat|FlareBlitz|Bulkywrath
|
|move|p1a: Poliwrath|Scald|p2a: Rhyperior
|-supereffective|p2a: Rhyperior
|-damage|p2a: Rhyperior|0 fnt
|faint|p2a: Rhyperior
|
|-heal|p1a: Poliwrath|99\/384|[from] item: Leftovers
|chat|RandM Chaos|so underrated imo
|
|switch|p2a: Escavalier|Escavalier, F|344\/344
|-damage|p2a: Escavalier|301\/344|[from] Stealth Rock
|turn|17
|
|move|p1a: Poliwrath|Scald|p2a: Escavalier
|-damage|p2a: Escavalier|228\/344
|move|p2a: Escavalier|Megahorn|p1a: Poliwrath|[miss]
|-miss|p2a: Escavalier|p1a: Poliwrath
|
|-heal|p1a: Poliwrath|123\/384|[from] item: Leftovers
|turn|18
|
|move|p1a: Poliwrath|Rest|p1a: Poliwrath
|-status|p1a: Poliwrath|slp
|-heal|p1a: Poliwrath|384\/384 slp|[silent]
|-status|p1a: Poliwrath|slp|[from] move: Rest
|move|p2a: Escavalier|Megahorn|p1a: Poliwrath|[miss]
|-miss|p2a: Escavalier|p1a: Poliwrath
|
|turn|19
|
|cant|p1a: Poliwrath|slp
|move|p2a: Escavalier|Megahorn|p1a: Poliwrath
|-resisted|p1a: Poliwrath
|-damage|p1a: Poliwrath|252\/384 slp
|
|-heal|p1a: Poliwrath|276\/384 slp|[from] item: Leftovers
|turn|20
|
|cant|p1a: Poliwrath|slp
|move|p2a: Escavalier|Megahorn|p1a: Poliwrath
|-resisted|p1a: Poliwrath
|-damage|p1a: Poliwrath|136\/384 slp
|
|-heal|p1a: Poliwrath|160\/384 slp|[from] item: Leftovers
|turn|21
|
|-curestatus|p1a: Poliwrath|slp
|move|p1a: Poliwrath|Scald|p2a: Escavalier
|-crit|p2a: Escavalier
|-damage|p2a: Escavalier|134\/344
|-status|p2a: Escavalier|brn
|move|p2a: Escavalier|Megahorn|p1a: Poliwrath
|-resisted|p1a: Poliwrath
|-damage|p1a: Poliwrath|88\/384
|
|-heal|p1a: Poliwrath|112\/384|[from] item: Leftovers
|-damage|p2a: Escavalier|91\/344 brn|[from] brn
|turn|22
|chat|FlareBlitz|gg
|-message|FlareBlitz forfeited.
|
|win|RandM Chaos
|raw|Ladder updating...
|leave|FlareBlitz
|player|p2
|raw|RandM Chaos's rating: 1466 &rarr; <strong>1492<\/strong><br \/>(+26 for winning)
|raw|FlareBlitz's rating: 1565 &rarr; <strong>1540<\/strong><br \/>(-25 for losing)
|chat|RandM Chaos|gg