|join|FlareBlitz
|join|laddering is bad
|player|p1|FlareBlitz|1
|player|p2|laddering is bad|110
|gametype|singles
|gen|6
|tier|UU
|rule|Sleep Clause Mod: Limit one foe put to sleep
|rule|Species Clause: Limit one of each Pokémon
|rule|OHKO Clause: OHKO moves are banned
|rule|Moody Clause: Moody is banned
|rule|Evasion Moves Clause: Evasion moves are banned
|rule|Endless Battle Clause: Forcing endless battles is banned
|rule|HP Percentage Mod: HP is reported as percentages
|clearpoke
|poke|p1|Blastoise, M
|poke|p1|Haxorus, M
|poke|p1|Entei, shiny
|poke|p1|Lucario, M
|poke|p1|Swampert, M
|poke|p1|Flygon, F
|poke|p2|Absol, F
|poke|p2|Jirachi
|poke|p2|Crobat, F
|poke|p2|Nidoqueen, F
|poke|p2|Cobalion
|poke|p2|Shaymin
|rule|Swagger Clause: Swagger is banned
|rule|Baton Pass Clause: Limit one Pokémon knowing Baton Pass
|teampreview
|
|start
|switch|p1a: Blastoise|Blastoise, M|353\/353
|switch|p2a: Jirachi|Jirachi|341\/341
|turn|1
|
|detailschange|p1a: Blastoise|Blastoise-Mega, M
|message|Blastoise has Mega Evolved into Mega Blastoise!
|move|p2a: Jirachi|U-turn|p1a: Blastoise
|-damage|p1a: Blastoise|296\/353
|join|Nas
|
|switch|p2a: Shaymin|Shaymin|341\/341
|move|p1a: Blastoise|Dark Pulse|p2a: Shaymin
|-damage|p2a: Shaymin|169\/341
|
|turn|2
|join|Royalty
|join|Dudeman130498
|
|switch|p1a: Lucario|Lucario, M|281\/281
|move|p2a: Shaymin|Seed Flare|p1a: Lucario
|-resisted|p1a: Lucario
|-damage|p1a: Lucario|104\/281
|-unboost|p1a: Lucario|spd|2
|
|turn|3
|
|switch|p2a: Cobalion|Cobalion|386\/386
|move|p1a: Lucario|Extreme Speed|p2a: Cobalion
|-resisted|p2a: Cobalion
|-damage|p2a: Cobalion|335\/386
|-damage|p1a: Lucario|76\/281|[from] item: Life Orb
|
|-heal|p2a: Cobalion|359\/386|[from] item: Leftovers
|turn|4
|
|switch|p2a: Shaymin|Shaymin|169\/341
|switch|p1a: Swampert|Swampert, M|401\/401
|
|turn|5
|
|switch|p1a: Lucario|Lucario, M|76\/281
|move|p2a: Shaymin|Seed Flare|p1a: Lucario
|-resisted|p1a: Lucario
|-damage|p1a: Lucario|0 fnt
|faint|p1a: Lucario
|
|
|switch|p1a: Entei|Entei, shiny|372\/372
|-ability|p1a: Entei|Pressure
|turn|6
|
|switch|p2a: Crobat|Crobat, F|373\/373
|move|p1a: Entei|Sacred Fire|p2a: Crobat
|-damage|p2a: Crobat|73\/373
|-status|p2a: Crobat|brn
|
|-heal|p2a: Crobat|96\/373 brn|[from] item: Black Sludge
|-damage|p2a: Crobat|50\/373 brn|[from] brn
|turn|7
|
|switch|p1a: Swampert|Swampert, M|401\/401
|move|p2a: Crobat|Brave Bird|p1a: Swampert
|-damage|p1a: Swampert|343\/401
|-damage|p2a: Crobat|31\/373 brn|[from] recoil|[of] p1a: Swampert
|
|-heal|p2a: Crobat|54\/373 brn|[from] item: Black Sludge
|-heal|p1a: Swampert|368\/401|[from] item: Leftovers
|-damage|p2a: Crobat|8\/373 brn|[from] brn
|turn|8
|chat|Nas|strong ferret
|
|move|p2a: Crobat|U-turn|p1a: Swampert
|-damage|p1a: Swampert|347\/401
|
|switch|p2a: Shaymin|Shaymin|169\/341
|move|p1a: Swampert|Stealth Rock|p2a: Shaymin
|-sidestart|p2: laddering is bad|move: Stealth Rock
|
|-heal|p1a: Swampert|372\/401|[from] item: Leftovers
|turn|9
|
|switch|p1a: Entei|Entei, shiny|372\/372
|-ability|p1a: Entei|Pressure
|move|p2a: Shaymin|Seed Flare|p1a: Entei
|-resisted|p1a: Entei
|-damage|p1a: Entei|217\/372
|
|turn|10
|
|switch|p2a: Crobat|Crobat, F|8\/373 brn
|-damage|p2a: Crobat|0 fnt|[from] Stealth Rock
|faint|p2a: Crobat
|move|p1a: Entei|Sacred Fire|p2: Crobat|[notarget]
|-notarget
|
|
|switch|p2a: Nidoqueen|Nidoqueen, F|353\/353
|-damage|p2a: Nidoqueen|331\/353|[from] Stealth Rock
|turn|11
|
|switch|p1a: Blastoise|Blastoise-Mega, M|296\/353
|move|p2a: Nidoqueen|Ice Beam|p1a: Blastoise
|-resisted|p1a: Blastoise
|-damage|p1a: Blastoise|238\/353
|
|turn|12
|
|move|p2a: Nidoqueen|Sludge Bomb|p1a: Blastoise
|-damage|p1a: Blastoise|63\/353
|move|p1a: Blastoise|Scald|p2a: Nidoqueen
|-supereffective|p2a: Nidoqueen
|-damage|p2a: Nidoqueen|0 fnt
|faint|p2a: Nidoqueen
|
|chat|FlareBlitz|Why not sludge wave
|chat|Nas|maybe has both
|chat|laddering is bad|i didnt even realize
|chat|Royalty|in case of mummy
|chat|FlareBlitz|Dual poison
|chat|Royalty|go for psn chance
|
|switch|p2a: Shaymin|Shaymin|169\/341
|-damage|p2a: Shaymin|127\/341|[from] Stealth Rock
|turn|13
|chat|FlareBlitz|Maybe it's to bait chesnaught
|chat|Royalty|next level
|chat|laddering is bad|perf ches lure
|chat|laddering is bad|tbh
|
|move|p2a: Shaymin|Seed Flare|p1a: Blastoise
|-supereffective|p1a: Blastoise
|-damage|p1a: Blastoise|0 fnt
|faint|p1a: Blastoise
|
|
|switch|p1a: Flygon|Flygon, F|301\/301
|turn|14
|
|switch|p2a: Jirachi|Jirachi|341\/341
|-damage|p2a: Jirachi|320\/341|[from] Stealth Rock
|move|p1a: Flygon|U-turn|p2a: Jirachi
|-damage|p2a: Jirachi|252\/341
|
|switch|p1a: Entei|Entei, shiny|217\/372
|-ability|p1a: Entei|Pressure
|
|turn|15
|
|switch|p1a: Swampert|Swampert, M|372\/401
|move|p2a: Jirachi|Iron Head|p1a: Swampert
|-resisted|p1a: Swampert
|-damage|p1a: Swampert|322\/401
|
|-heal|p1a: Swampert|347\/401|[from] item: Leftovers
|turn|16
|
|move|p2a: Jirachi|Iron Head|p1a: Swampert
|-resisted|p1a: Swampert
|-damage|p1a: Swampert|301\/401
|move|p1a: Swampert|Roar|p2a: Jirachi
|drag|p2a: Cobalion|Cobalion|359\/386
|-damage|p2a: Cobalion|347\/386|[from] Stealth Rock
|
|-heal|p2a: Cobalion|371\/386|[from] item: Leftovers
|-heal|p1a: Swampert|326\/401|[from] item: Leftovers
|turn|17
|chat|Royalty|some p bad ground weak goin on here
|join|omf ur rude
|chat|laddering is bad|more
|chat|laddering is bad|fire weakness
|
|switch|p2a: Jirachi|Jirachi|252\/341
|-damage|p2a: Jirachi|231\/341|[from] Stealth Rock
|move|p1a: Swampert|Earthquake|p2a: Jirachi
|-supereffective|p2a: Jirachi
|-damage|p2a: Jirachi|0 fnt
|faint|p2a: Jirachi
|
|-heal|p1a: Swampert|351\/401|[from] item: Leftovers
|
|switch|p2a: Shaymin|Shaymin|127\/341
|-damage|p2a: Shaymin|85\/341|[from] Stealth Rock
|turn|18
|chat|FlareBlitz|._.
|
|switch|p1a: Haxorus|Haxorus, M|302\/302
|-ability|p1a: Haxorus|Mold Breaker
|move|p2a: Shaymin|Seed Flare|p1a: Haxorus
|-resisted|p1a: Haxorus
|-damage|p1a: Haxorus|132\/302
|
|turn|19
|
|move|p2a: Shaymin|Seed Flare|p1a: Haxorus
|-resisted|p1a: Haxorus
|-damage|p1a: Haxorus|0 fnt
|faint|p1a: Haxorus
|
|
|switch|p1a: Flygon|Flygon, F|301\/301
|turn|20
|
|move|p1a: Flygon|U-turn|p2a: Shaymin
|-supereffective|p2a: Shaymin
|-damage|p2a: Shaymin|0 fnt
|faint|p2a: Shaymin
|
|switch|p1a: Swampert|Swampert, M|351\/401
|
|-heal|p1a: Swampert|376\/401|[from] item: Leftovers
|
|switch|p2a: Absol|Absol, F|271\/271
|-damage|p2a: Absol|238\/271|[from] Stealth Rock
|turn|21
|
|detailschange|p2a: Absol|Absol-Mega, F
|message|Absol has Mega Evolved into Mega Absol!
|move|p2a: Absol|Swords Dance|p2a: Absol
|-boost|p2a: Absol|atk|2
|move|p1a: Swampert|Scald|p2a: Absol
|-damage|p2a: Absol|105\/271
|-status|p2a: Absol|brn
|
|-heal|p1a: Swampert|401\/401|[from] item: Leftovers
|-damage|p2a: Absol|72\/271 brn|[from] brn
|turn|22
|chat|laddering is bad|dix
|
|move|p2a: Absol|Play Rough|p1a: Swampert
|-crit|p1a: Swampert
|-damage|p1a: Swampert|256\/401
|move|p1a: Swampert|Earthquake|p2a: Absol
|-damage|p2a: Absol|0 fnt
|faint|p2a: Absol
|
|-heal|p1a: Swampert|281\/401|[from] item: Leftovers
|
|switch|p2a: Cobalion|Cobalion|371\/386
|-damage|p2a: Cobalion|359\/386|[from] Stealth Rock
|turn|23
|
|move|p2a: Cobalion|Calm Mind|p2a: Cobalion
|-boost|p2a: Cobalion|spa|1
|-boost|p2a: Cobalion|spd|1
|move|p1a: Swampert|Earthquake|p2a: Cobalion
|-supereffective|p2a: Cobalion
|-damage|p2a: Cobalion|135\/386
|
|-heal|p2a: Cobalion|159\/386|[from] item: Leftovers
|-heal|p1a: Swampert|306\/401|[from] item: Leftovers
|turn|24
|
|move|p2a: Cobalion|Focus Blast|p1a: Swampert
|-damage|p1a: Swampert|89\/401
|move|p1a: Swampert|Earthquake|p2a: Cobalion
|-supereffective|p2a: Cobalion
|-damage|p2a: Cobalion|0 fnt
|faint|p2a: Cobalion
|
|win|FlareBlitz
|chat|FlareBlitz|gg.
|chat|laddering is bad|do you have another team
|chat|laddering is bad|or do you wanna do samesies
|leave|Royalty
|chat|FlareBlitz|Hmmm
|chat|FlareBlitz|I'll make another team
|chat|FlareBlitz|Lag