|join|FlareBlitz
|join|dodmen
|player|p1|FlareBlitz|1
|player|p2|dodmen|171
|gametype|singles
|gen|6
|tier|UU
|rated
|rule|Sleep Clause Mod: Limit one foe put to sleep
|rule|Species Clause: Limit one of each Pokémon
|rule|OHKO Clause: OHKO moves are banned
|rule|Moody Clause: Moody is banned
|rule|Evasion Moves Clause: Evasion moves are banned
|rule|Endless Battle Clause: Forcing endless battles is banned
|rule|HP Percentage Mod: HP is shown in percentages
|clearpoke
|poke|p1|Infernape, F
|poke|p1|Haxorus, F
|poke|p1|Jirachi
|poke|p1|Togekiss, M
|poke|p1|Suicune
|poke|p1|Staraptor, M
|poke|p2|Slowking, F
|poke|p2|Diancie
|poke|p2|Cofagrigus, M
|poke|p2|Rhyperior, M
|poke|p2|Escavalier, F
|poke|p2|Omastar, M
|rule|Swagger Clause: Swagger is banned
|rule|Baton Pass Clause: Limit one Pokémon knowing Baton Pass
|teampreview
|
|start
|switch|p1a: Suicune|Suicune|404\/404
|switch|p2a: SMASHING"|Omastar, M|281\/281
|-ability|p1a: Suicune|Pressure
|turn|1
|
|move|p2a: SMASHING"|Stealth Rock|p1a: Suicune
|-sidestart|p1: FlareBlitz|move: Stealth Rock
|move|p1a: Suicune|Calm Mind|p1a: Suicune
|-boost|p1a: Suicune|spa|1
|-boost|p1a: Suicune|spd|1
|
|turn|2
|
|switch|p2a: KNOCK OFF|Slowking, F|394\/394
|move|p1a: Suicune|Substitute|p1a: Suicune
|-start|p1a: Suicune|Substitute
|-damage|p1a: Suicune|303\/404
|
|-heal|p1a: Suicune|328\/404|[from] item: Leftovers
|turn|3
|
|move|p1a: Suicune|Calm Mind|p1a: Suicune
|-boost|p1a: Suicune|spa|1
|-boost|p1a: Suicune|spd|1
|move|p2a: KNOCK OFF|Nasty Plot|p2a: KNOCK OFF
|-boost|p2a: KNOCK OFF|spa|2
|
|-heal|p1a: Suicune|353\/404|[from] item: Leftovers
|turn|4
|
|move|p1a: Suicune|Calm Mind|p1a: Suicune
|-boost|p1a: Suicune|spa|1
|-boost|p1a: Suicune|spd|1
|move|p2a: KNOCK OFF|Psyshock|p1a: Suicune
|-end|p1a: Suicune|Substitute
|
|-heal|p1a: Suicune|378\/404|[from] item: Leftovers
|turn|5
|
|switch|p1a: Jirachi|Jirachi|401\/401
|-damage|p1a: Jirachi|376\/401|[from] Stealth Rock
|move|p2a: KNOCK OFF|Psyshock|p1a: Jirachi
|-resisted|p1a: Jirachi
|-damage|p1a: Jirachi|308\/401
|
|-heal|p1a: Jirachi|333\/401|[from] item: Leftovers
|turn|6
|
|move|p1a: Jirachi|Stealth Rock|p2a: KNOCK OFF
|-sidestart|p2: dodmen|move: Stealth Rock
|move|p2a: KNOCK OFF|Trick Room|p2a: KNOCK OFF
|-fieldstart|move: Trick Room|[of] p2a: KNOCK OFF
|
|-heal|p1a: Jirachi|358\/401|[from] item: Leftovers
|turn|7
|
|move|p2a: KNOCK OFF|Scald|p1a: Jirachi
|-damage|p1a: Jirachi|124\/401
|move|p1a: Jirachi|Toxic|p2a: KNOCK OFF
|-status|p2a: KNOCK OFF|tox
|
|-heal|p1a: Jirachi|149\/401|[from] item: Leftovers
|-damage|p2a: KNOCK OFF|370\/394 tox|[from] psn
|turn|8
|
|move|p2a: KNOCK OFF|Scald|p1a: Jirachi
|-damage|p1a: Jirachi|0 fnt
|faint|p1a: Jirachi
|
|-damage|p2a: KNOCK OFF|322\/394 tox|[from] psn
|
|switch|p1a: Suicune|Suicune|378\/404
|-damage|p1a: Suicune|328\/404|[from] Stealth Rock
|-ability|p1a: Suicune|Pressure
|turn|9
|
|move|p2a: KNOCK OFF|Psyshock|p1a: Suicune
|-damage|p1a: Suicune|106\/404
|move|p1a: Suicune|Scald|p2a: KNOCK OFF
|-resisted|p2a: KNOCK OFF
|-damage|p2a: KNOCK OFF|269\/394 tox
|
|-heal|p1a: Suicune|131\/404|[from] item: Leftovers
|-damage|p2a: KNOCK OFF|197\/394 tox|[from] psn
|turn|10
|
|switch|p1a: Haxorus|Haxorus, F|293\/293
|-damage|p1a: Haxorus|257\/293|[from] Stealth Rock
|-ability|p1a: Haxorus|Mold Breaker
|move|p2a: KNOCK OFF|Psyshock|p1a: Haxorus
|-damage|p1a: Haxorus|0 fnt
|faint|p1a: Haxorus
|
|-damage|p2a: KNOCK OFF|101\/394 tox|[from] psn
|-fieldend|move: Trick Room
|
|switch|p1a: Staraptor|Staraptor, M|312\/312
|-damage|p1a: Staraptor|234\/312|[from] Stealth Rock
|turn|11
|
|move|p1a: Staraptor|Brave Bird|p2a: KNOCK OFF
|-damage|p2a: KNOCK OFF|0 fnt
|-damage|p1a: Staraptor|201\/312|[from] recoil|[of] p2a: KNOCK OFF
|faint|p2a: KNOCK OFF
|
|
|switch|p2a: OFFENSE|Diancie|241\/241
|-damage|p2a: OFFENSE|211\/241|[from] Stealth Rock
|turn|12
|
|move|p1a: Staraptor|Brave Bird|p2a: OFFENSE
|-resisted|p2a: OFFENSE
|-damage|p2a: OFFENSE|94\/241
|-damage|p1a: Staraptor|162\/312|[from] recoil|[of] p2a: OFFENSE
|move|p2a: OFFENSE|Trick Room|p2a: OFFENSE
|-fieldstart|move: Trick Room|[of] p2a: OFFENSE
|
|turn|13
|
|switch|p1a: Suicune|Suicune|131\/404
|-damage|p1a: Suicune|81\/404|[from] Stealth Rock
|-ability|p1a: Suicune|Pressure
|move|p2a: OFFENSE|Moonblast|p1a: Suicune
|-damage|p1a: Suicune|0 fnt
|-damage|p2a: OFFENSE|70\/241|[from] item: Life Orb
|faint|p1a: Suicune
|
|
|switch|p1a: Togekiss|Togekiss, M|369\/369
|-damage|p1a: Togekiss|277\/369|[from] Stealth Rock
|turn|14
|
|move|p2a: OFFENSE|Diamond Storm|p1a: Togekiss
|-supereffective|p1a: Togekiss
|-damage|p1a: Togekiss|0 fnt
|-boost|p2a: OFFENSE|def|1
|-damage|p2a: OFFENSE|46\/241|[from] item: Life Orb
|faint|p1a: Togekiss
|
|c|★FlareBlitz|gg
|-message|FlareBlitz forfeited.
|
|win|dodmen
|raw|Ladder updating...
|leave|FlareBlitz
|player|p1
|raw|FlareBlitz's rating: 1470 &rarr; <strong>1449<\/strong><br \/>(-21 for losing)
|raw|dodmen's rating: 1440 &rarr; <strong>1462<\/strong><br \/>(+22 for winning)
|join|Bob the Bae
|leave|Bob the Bae
|join|Bob the Bae
|leave|Bob the Bae
|join|ANGER MANAGEMENT