|join|Meruu
|join|FlareBlitz
|player|p1|Meruu|253
|player|p2|FlareBlitz|266
|gametype|singles
|gen|6
|tier|UU
|rated
|rule|Sleep Clause Mod: Limit one foe put to sleep
|rule|Species Clause: Limit one of each Pokémon
|rule|OHKO Clause: OHKO moves are banned
|rule|Moody Clause: Moody is banned
|rule|Evasion Moves Clause: Evasion moves are banned
|rule|Endless Battle Clause: Forcing endless battles is banned
|rule|HP Percentage Mod: HP is reported as percentages
|clearpoke
|poke|p1|Mew
|poke|p1|Hydreigon, F
|poke|p1|Aggron, F
|poke|p1|Alomomola, M
|poke|p1|Virizion
|poke|p1|Crobat, F
|poke|p2|Haxorus, F
|poke|p2|Blastoise, M
|poke|p2|Crobat, M
|poke|p2|Chesnaught, F
|poke|p2|Victini
|poke|p2|Jirachi
|rule|Swagger Clause: Swagger is banned
|rule|Baton Pass Clause: Limit one Pokémon knowing Baton Pass
|teampreview
|chat|FlareBlitz|o
|join|Enki
|chat|Meruu|yay
|chat|Meruu|i get a good test
|chat|Meruu|n_n
|
|start
|switch|p1a: Rose|Hydreigon, F|325\/325
|switch|p2a: Victini|Victini|341\/341
|turn|1
|
|switch|p1a: Meru|Alomomola, M|508\/508
|switch|p2a: Chesnaught|Chesnaught, F|380\/380
|
|turn|2
|
|switch|p1a: Haschel|Crobat, F|374\/374
|move|p2a: Chesnaught|Spikes|p1a: Haschel
|-sidestart|p1: Meruu|Spikes
|
|turn|3
|
|switch|p2a: Victini|Victini|341\/341
|move|p1a: Haschel|Defog|p2a: Victini
|-unboost|p2a: Victini|evasion|1
|-sideend|p1: Meruu|Spikes|[from] move: Defog|[of] p1a: Haschel
|
|turn|4
|
|move|p1a: Haschel|U-turn|p2a: Victini
|-damage|p2a: Victini|291\/341
|
|switch|p1a: Meru|Alomomola, M|508\/508
|move|p2a: Victini|Bolt Strike|p1a: Meru
|-supereffective|p1a: Meru
|-damage|p1a: Meru|200\/508
|-damage|p2a: Victini|235\/341|[from] item: Rocky Helmet|[of] p1a: Meru
|
|turn|5
|
|switch|p2a: Haxorus|Haxorus, F|317\/317
|-ability|p2a: Haxorus|Mold Breaker
|switch|p1a: Rose|Hydreigon, F|325\/325
|
|turn|6
|
|switch|p2a: Jirachi|Jirachi|401\/401
|move|p1a: Rose|Draco Meteor|p2a: Jirachi
|-resisted|p2a: Jirachi
|-damage|p2a: Jirachi|297\/401
|-unboost|p1a: Rose|spa|2
|
|-heal|p2a: Jirachi|322\/401|[from] item: Leftovers
|turn|7
|
|switch|p1a: Meru|Alomomola, M|369\/508
|move|p2a: Jirachi|Stealth Rock|p1a: Meru
|-sidestart|p1: Meruu|move: Stealth Rock
|
|-heal|p2a: Jirachi|347\/401|[from] item: Leftovers
|turn|8
|
|move|p2a: Jirachi|Toxic|p1a: Meru
|-status|p1a: Meru|tox
|move|p1a: Meru|Scald|p2a: Jirachi
|-damage|p2a: Jirachi|299\/401
|
|-heal|p2a: Jirachi|324\/401|[from] item: Leftovers
|-damage|p1a: Meru|338\/508 tox|[from] psn
|turn|9
|
|move|p2a: Jirachi|Iron Head|p1a: Meru
|-resisted|p1a: Meru
|-damage|p1a: Meru|298\/508 tox
|-damage|p2a: Jirachi|258\/401|[from] item: Rocky Helmet|[of] p1a: Meru
|cant|p1a: Meru|flinch
|
|-heal|p2a: Jirachi|283\/401|[from] item: Leftovers
|-damage|p1a: Meru|236\/508 tox|[from] psn
|turn|10
|
|switch|p1a: Kongol|Aggron, F|344\/344
|-damage|p1a: Kongol|323\/344|[from] Stealth Rock
|move|p2a: Jirachi|Fire Punch|p1a: Kongol
|-damage|p1a: Kongol|292\/344
|
|-heal|p2a: Jirachi|308\/401|[from] item: Leftovers
|turn|11
|
|switch|p2a: Blastoise|Blastoise, M|353\/353
|detailschange|p1a: Kongol|Aggron-Mega, F
|message|Aggron has Mega Evolved into Mega Aggron!
|move|p1a: Kongol|Stealth Rock|p2a: Blastoise
|-sidestart|p2: FlareBlitz|move: Stealth Rock
|
|turn|12
|
|switch|p1a: Lavitz|Virizion|323\/323
|-damage|p1a: Lavitz|303\/323|[from] Stealth Rock
|detailschange|p2a: Blastoise|Blastoise-Mega, M
|message|Blastoise has Mega Evolved into Mega Blastoise!
|move|p2a: Blastoise|Rapid Spin|p1a: Lavitz
|-damage|p1a: Lavitz|283\/323
|-sideend|p2: FlareBlitz|Stealth Rock|[from] move: Rapid Spin|[of] p2a: Blastoise
|
|turn|13
|
|switch|p2a: Chesnaught|Chesnaught, F|380\/380
|move|p1a: Lavitz|Zen Headbutt|p2a: Chesnaught
|-supereffective|p2a: Chesnaught
|-damage|p2a: Chesnaught|292\/380
|
|-heal|p2a: Chesnaught|315\/380|[from] item: Leftovers
|turn|14
|chat|FlareBlitz|._.
|
|move|p1a: Lavitz|Swords Dance|p1a: Lavitz
|-boost|p1a: Lavitz|atk|2
|move|p2a: Chesnaught|Leech Seed|p1a: Lavitz
|-immune|p1a: Lavitz|[msg]
|
|-heal|p2a: Chesnaught|338\/380|[from] item: Leftovers
|turn|15
|
|move|p1a: Lavitz|Zen Headbutt|p2a: Chesnaught|[miss]
|-miss|p1a: Lavitz|p2a: Chesnaught
|move|p2a: Chesnaught|Spikes|p1a: Lavitz
|-sidestart|p1: Meruu|Spikes
|
|-heal|p2a: Chesnaught|361\/380|[from] item: Leftovers
|turn|16
|chat|Meruu|o.o
|join|ah yueah
|
|move|p1a: Lavitz|Swords Dance|p1a: Lavitz
|-boost|p1a: Lavitz|atk|2
|move|p2a: Chesnaught|Spikes|p1a: Lavitz
|-sidestart|p1: Meruu|Spikes
|
|-heal|p2a: Chesnaught|380\/380|[from] item: Leftovers
|turn|17
|
|move|p2a: Chesnaught|Spiky Shield|p2a: Chesnaught
|-singleturn|p2a: Chesnaught|move: Protect
|move|p1a: Lavitz|Zen Headbutt|p2a: Chesnaught
|-activate|p2a: Chesnaught|move: Protect
|-damage|p1a: Lavitz|243\/323|[from] Spiky Shield|[of] p2a: Chesnaught
|
|turn|18
|
|switch|p2a: Jirachi|Jirachi|308\/401
|move|p1a: Lavitz|Zen Headbutt|p2a: Jirachi
|-crit|p2a: Jirachi
|-resisted|p2a: Jirachi
|-damage|p2a: Jirachi|219\/401
|
|-heal|p2a: Jirachi|244\/401|[from] item: Leftovers
|turn|19
|chat|Meruu|ok nerd time to sac something
|join|Brobat is not here
|
|move|p1a: Lavitz|Zen Headbutt|p2a: Jirachi
|-resisted|p2a: Jirachi
|-damage|p2a: Jirachi|188\/401
|move|p2a: Jirachi|Fire Punch|p1a: Lavitz
|-supereffective|p1a: Lavitz
|-damage|p1a: Lavitz|87\/323
|
|-heal|p2a: Jirachi|213\/401|[from] item: Leftovers
|turn|20
|
|move|p1a: Lavitz|Close Combat|p2a: Jirachi
|-damage|p2a: Jirachi|0 fnt
|-unboost|p1a: Lavitz|def|1
|-unboost|p1a: Lavitz|spd|1
|faint|p2a: Jirachi
|
|join|big dick franklin
|
|switch|p2a: Crobat|Crobat, M|329\/329
|turn|21
|chat|Brobat is not here|N3rd u
|
|switch|p1a: Meru|Alomomola, M|405\/508 tox
|-damage|p1a: Meru|342\/508 tox|[from] Stealth Rock
|-damage|p1a: Meru|258\/508 tox|[from] Spikes
|move|p2a: Crobat|U-turn|p1a: Meru
|-damage|p1a: Meru|178\/508 tox
|-damage|p2a: Crobat|275\/329|[from] item: Rocky Helmet|[of] p1a: Meru
|
|switch|p2a: Haxorus|Haxorus, F|317\/317
|-ability|p2a: Haxorus|Mold Breaker
|
|-damage|p1a: Meru|147\/508 tox|[from] psn
|turn|22
|
|move|p2a: Haxorus|Dragon Dance|p2a: Haxorus
|-boost|p2a: Haxorus|atk|1
|-boost|p2a: Haxorus|spe|1
|move|p1a: Meru|Healing Wish|p1a: Meru
|faint|p1a: Meru
|
|chat|FlareBlitz|._.;
|chat|FlareBlitz|That's a little awk
|chat|Meruu|hm
|chat|Meruu|i think imma go the ironic route
|
|switch|p1a: Rose|Hydreigon, F|325\/325
|-heal|p1a: Rose|325\/325|[from] move: Healing Wish
|-damage|p1a: Rose|285\/325|[from] Stealth Rock
|turn|23
|
|switch|p2a: Chesnaught|Chesnaught, F|380\/380
|move|p1a: Rose|Dragon Pulse|p2a: Chesnaught
|-damage|p2a: Chesnaught|199\/380
|
|-heal|p2a: Chesnaught|222\/380|[from] item: Leftovers
|turn|24
|
|switch|p1a: Haschel|Crobat, F|374\/374
|-damage|p1a: Haschel|281\/374|[from] Stealth Rock
|move|p2a: Chesnaught|Leech Seed|p1a: Haschel
|-start|p1a: Haschel|move: Leech Seed
|
|-heal|p1a: Haschel|304\/374|[from] item: Leftovers
|-heal|p2a: Chesnaught|245\/380|[from] item: Leftovers
|-damage|p1a: Haschel|258\/374|[from] Leech Seed|[of] p2a: Chesnaught
|-heal|p2a: Chesnaught|291\/380|[silent]
|turn|25
|
|move|p2a: Chesnaught|Spiky Shield|p2a: Chesnaught
|-singleturn|p2a: Chesnaught|move: Protect
|move|p1a: Haschel|Defog|p2a: Chesnaught
|-activate|p2a: Chesnaught|move: Protect
|
|-heal|p1a: Haschel|281\/374|[from] item: Leftovers
|-heal|p2a: Chesnaught|314\/380|[from] item: Leftovers
|-damage|p1a: Haschel|235\/374|[from] Leech Seed|[of] p2a: Chesnaught
|-heal|p2a: Chesnaught|360\/380|[silent]
|turn|26
|
|switch|p2a: Victini|Victini|235\/341
|move|p1a: Haschel|Defog|p2a: Victini
|-unboost|p2a: Victini|evasion|1
|-sideend|p1: Meruu|Spikes|[from] move: Defog|[of] p1a: Haschel
|-sideend|p1: Meruu|Stealth Rock|[from] move: Defog|[of] p1a: Haschel
|
|-heal|p1a: Haschel|258\/374|[from] item: Leftovers
|-damage|p1a: Haschel|212\/374|[from] Leech Seed|[of] p2a: Victini
|-heal|p2a: Victini|281\/341|[silent]
|turn|27
|
|move|p1a: Haschel|U-turn|p2a: Victini
|-damage|p2a: Victini|222\/341
|join|Shit User
|
|switch|p1a: Rose|Hydreigon, F|285\/325
|move|p2a: Victini|V-create|p1a: Rose
|-resisted|p1a: Rose
|-damage|p1a: Rose|60\/325
|-unboost|p2a: Victini|def|1
|-unboost|p2a: Victini|spd|1
|-unboost|p2a: Victini|spe|1
|
|turn|28
|join|borkurus
|
|switch|p2a: Chesnaught|Chesnaught, F|360\/380
|move|p1a: Rose|U-turn|p2a: Chesnaught
|-damage|p2a: Chesnaught|329\/380
|
|switch|p1a: Haschel|Crobat, F|212\/374
|
|-heal|p1a: Haschel|235\/374|[from] item: Leftovers
|-heal|p2a: Chesnaught|352\/380|[from] item: Leftovers
|turn|29
|
|switch|p2a: Haxorus|Haxorus, F|317\/317
|-ability|p2a: Haxorus|Mold Breaker
|move|p1a: Haschel|Roost|p1a: Haschel
|-heal|p1a: Haschel|374\/374
|
|turn|30
|
|move|p1a: Haschel|U-turn|p2a: Haxorus
|-damage|p2a: Haxorus|257\/317
|
|switch|p1a: Kongol|Aggron-Mega, F|292\/344
|move|p2a: Haxorus|Dragon Claw|p1a: Kongol
|-resisted|p1a: Kongol
|-damage|p1a: Kongol|241\/344
|-damage|p2a: Haxorus|226\/317|[from] item: Life Orb
|
|turn|31
|
|switch|p2a: Chesnaught|Chesnaught, F|352\/380
|move|p1a: Kongol|Heavy Slam|p2a: Chesnaught
|-damage|p2a: Chesnaught|258\/380
|
|-heal|p2a: Chesnaught|281\/380|[from] item: Leftovers
|turn|32
|
|switch|p1a: Dart|Mew|361\/361
|move|p2a: Chesnaught|Spikes|p1a: Dart
|-sidestart|p1: Meruu|Spikes
|
|-heal|p2a: Chesnaught|304\/380|[from] item: Leftovers
|turn|33
|
|switch|p2a: Blastoise|Blastoise-Mega, M|353\/353
|move|p1a: Dart|Nasty Plot|p1a: Dart
|-boost|p1a: Dart|spa|2
|
|turn|34
|chat|Shit User|kek
|
|move|p1a: Dart|Psyshock|p2a: Blastoise
|-damage|p2a: Blastoise|145\/353
|move|p2a: Blastoise|Dark Pulse|p1a: Dart
|-supereffective|p1a: Dart
|-enditem|p1a: Dart|Colbur Berry|[eat]
|-damage|p1a: Dart|210\/361
|
|turn|35
|chat|Shit User|LOL
|chat|FlareBlitz|wat
|chat|FlareBlitz|k...
|chat|Meruu|ok
|chat|Meruu|I have to fix my mew
|chat|Brobat is not here|that kek
|chat|Meruu|now that hax is in the tier
|chat|Meruu|x_x
|chat|Shit User|get
|chat|Shit User|counterteamed
|chat|Brobat is not here|kek
|chat|Brobat is not here|use now np again
|
|move|p1a: Dart|Dark Pulse|p2a: Blastoise
|-damage|p2a: Blastoise|9\/353
|move|p2a: Blastoise|Dark Pulse|p1a: Dart
|-supereffective|p1a: Dart
|-damage|p1a: Dart|0 fnt
|faint|p1a: Dart
|
|chat|Shit User|lol fg
|chat|Brobat is not here|you deserve that
|chat|Brobat is not here|and a kek
|chat|Shit User|did you even calc it firs
|
|switch|p1a: Haschel|Crobat, F|374\/374
|turn|36
|chat|Meruu|no
|
|move|p1a: Haschel|U-turn|p2a: Blastoise
|-damage|p2a: Blastoise|0 fnt
|faint|p2a: Blastoise
|
|switch|p1a: Rose|Hydreigon, F|60\/325
|
|chat|FlareBlitz|._.
|
|switch|p2a: Chesnaught|Chesnaught, F|304\/380
|turn|37
|
|switch|p1a: Kongol|Aggron-Mega, F|241\/344
|-damage|p1a: Kongol|198\/344|[from] Spikes
|move|p2a: Chesnaught|Leech Seed|p1a: Kongol
|-start|p1a: Kongol|move: Leech Seed
|
|-heal|p2a: Chesnaught|327\/380|[from] item: Leftovers
|-damage|p1a: Kongol|155\/344|[from] Leech Seed|[of] p2a: Chesnaught
|-heal|p2a: Chesnaught|370\/380|[silent]
|turn|38
|
|move|p2a: Chesnaught|Spikes|p1a: Kongol
|-sidestart|p1: Meruu|Spikes
|move|p1a: Kongol|Stealth Rock|p2a: Chesnaught
|-sidestart|p2: FlareBlitz|move: Stealth Rock
|
|-heal|p2a: Chesnaught|380\/380|[from] item: Leftovers
|-damage|p1a: Kongol|112\/344|[from] Leech Seed|[of] p2a: Chesnaught
|turn|39
|
|switch|p1a: Lavitz|Virizion|87\/323
|-damage|p1a: Lavitz|34\/323|[from] Spikes
|move|p2a: Chesnaught|Leech Seed|p1a: Lavitz
|-immune|p1a: Lavitz|[msg]
|
|turn|40
|chat|Brobat is not here|What are you doing face fish
|
|move|p1a: Lavitz|Zen Headbutt|p2a: Chesnaught
|-supereffective|p2a: Chesnaught
|-damage|p2a: Chesnaught|288\/380
|move|p2a: Chesnaught|Wood Hammer|p1a: Lavitz
|-resisted|p1a: Lavitz
|-damage|p1a: Lavitz|0 fnt
|-damage|p2a: Chesnaught|277\/380|[from] recoil|[of] p1a: Lavitz
|faint|p1a: Lavitz
|
|-heal|p2a: Chesnaught|300\/380|[from] item: Leftovers
|chat|FlareBlitz|He needs victini weakened
|chat|FlareBlitz|Or it beats him pretty easily.
|chat|Shit User|so much power
|
|switch|p1a: Haschel|Crobat, F|374\/374
|turn|41
|chat|Brobat is not here|i mean you will not defog?
|
|move|p1a: Haschel|Brave Bird|p2a: Chesnaught
|-supereffective|p2a: Chesnaught
|-damage|p2a: Chesnaught|0 fnt
|-damage|p1a: Haschel|275\/374|[from] recoil|[of] p2a: Chesnaught
|faint|p2a: Chesnaught
|
|-heal|p1a: Haschel|298\/374|[from] item: Leftovers
|chat|Brobat is not here|even if you put rocks?
|chat|FlareBlitz|:3
|chat|Brobat is not here|kek
|
|switch|p2a: Crobat|Crobat, M|275\/329
|-damage|p2a: Crobat|193\/329|[from] Stealth Rock
|turn|42
|chat|FlareBlitz|This should work.
|
|move|p1a: Haschel|U-turn|p2a: Crobat
|-resisted|p2a: Crobat
|-damage|p2a: Crobat|176\/329
|chat|FlareBlitz|Oh
|
|switch|p1a: Kongol|Aggron-Mega, F|112\/344
|-damage|p1a: Kongol|55\/344|[from] Spikes
|move|p2a: Crobat|Brave Bird|p1a: Kongol
|-resisted|p1a: Kongol
|-damage|p1a: Kongol|0 fnt
|-damage|p2a: Crobat|158\/329|[from] recoil|[of] p1a: Kongol
|faint|p1a: Kongol
|
|chat|FlareBlitz|You cunt.
|chat|Meruu|gggg
|
|switch|p1a: Rose|Hydreigon, F|60\/325
|turn|43
|chat|FlareBlitz|gg.
|
|move|p1a: Rose|Dark Pulse|p2a: Crobat
|-damage|p2a: Crobat|5\/329
|move|p2a: Crobat|Brave Bird|p1a: Rose
|-damage|p1a: Rose|0 fnt
|-damage|p2a: Crobat|0 fnt|[from] recoil|[of] p1a: Rose
|faint|p1a: Rose
|faint|p2a: Crobat
|
|chat|Meruu|NO
|chat|FlareBlitz|ROFL.
|chat|Shit User|k
|chat|Shit User|e
|chat|Shit User|k
|chat|ah yueah|bop
|join|Just passing time
|
|switch|p1a: Haschel|Crobat, F|298\/374
|switch|p2a: Victini|Victini|222\/341
|-damage|p2a: Victini|137\/341|[from] Stealth Rock
|turn|44
|chat|Meruu|CROBAT AGAINST THE WORLD
|chat|FlareBlitz|I
|chat|Shit User|its okay
|chat|FlareBlitz|Can't
|chat|FlareBlitz|Stop 
|chat|Shit User|crobat can sponge
|chat|Meruu|also I should've calc'd that are you band
|
|move|p1a: Haschel|Brave Bird|p2a: Victini
|-damage|p2a: Victini|5\/341
|-damage|p1a: Haschel|254\/374|[from] recoil|[of] p2a: Victini
|move|p2a: Victini|V-create|p1a: Haschel
|-damage|p1a: Haschel|0 fnt
|-unboost|p2a: Victini|def|1
|-unboost|p2a: Victini|spd|1
|-unboost|p2a: Victini|spe|1
|faint|p1a: Haschel
|
|win|FlareBlitz
|raw|Ladder updating...
|raw|Meruu's rating: 1744 &rarr; <strong>1720<\/strong><br \/>(-24 for losing)
|raw|FlareBlitz's rating: 1681 &rarr; <strong>1704<\/strong><br \/>(+23 for winning)
|chat|FlareBlitz|gg.
|chat|Meruu|mfw
|chat|Shit User|were those 2 low roles
|chat|Meruu|nice naught tho
|leave|Just passing time
|chat|Brobat is not here|that 2%
|chat|FlareBlitz|Mine isn't 0 hp
|chat|FlareBlitz|Crobat that is.
|chat|FlareBlitz|Hence, his outsped.
|chat|Shit User|i feel like those were 2 low roles
|chat|Meruu|nobody runs 0 hp crobat
|chat|Brobat is not here|lol
|chat|Meruu|but
|chat|FlareBlitz|What's yours
|chat|Meruu|now that i fixed my mew
|chat|FlareBlitz|Why was your mew broken??
|chat|Meruu|i would've won
|chat|Meruu|:o
|chat|FlareBlitz|.__.
|chat|Meruu|it was to outspeed +spe 90s
|chat|Shit User|also major mis plays
|chat|Meruu|so I didn't want you to bring tini in
|chat|Meruu|but now that it's max spe
|chat|Meruu|nothing 2 fear
|chat|Shit User|even still
|chat|FlareBlitz|o
|chat|Shit User|was it worth
|chat|FlareBlitz|Except a speed tie I guess
|chat|Meruu|pr0bably not
|chat|Shit User|like he didnt know
|chat|Shit User|you werent max speed
|chat|Meruu|speed tie is better than str8 up losing
|chat|Shit User|opponent always expects the worst
|chat|FlareBlitz|Yeah
|chat|Shit User|if its smart op
|chat|FlareBlitz|That reminds me
|chat|FlareBlitz|Time to make an SD celebi team
|chat|FlareBlitz|Later
|leave|Meruu
|player|p1
|leave|FlareBlitz
|player|p2
|leave|Shit User
|leave|borkurus
|leave|big dick franklin