|join|Preserve
|join|Mounts
|player|p1|Preserve|101
|player|p2|Mounts|101
|gametype|singles
|gen|6
|tier|OU
|rated
|clearpoke
|poke|p1|Alakazam, M
|poke|p1|Tyranitar, F
|poke|p1|Rotom-Wash
|poke|p1|Tornadus-Therian, M
|poke|p1|Scizor, M
|poke|p1|Landorus-Therian, M
|poke|p2|Charizard, F
|poke|p2|Dragonite, M
|poke|p2|Excadrill, M
|poke|p2|Tyranitar, M
|poke|p2|Azumarill, M
|poke|p2|Gengar, M
|rule|Swagger Clause: Swagger is banned
|rule|Baton Pass Clause: Limit one Pokémon knowing Baton Pass
|rule|Sleep Clause Mod: Limit one foe put to sleep
|rule|Species Clause: Limit one of each Pokémon
|rule|OHKO Clause: OHKO moves are banned
|rule|Moody Clause: Moody is banned
|rule|Evasion Moves Clause: Evasion moves are banned
|rule|Endless Battle Clause: Forcing endless battles is banned
|rule|HP Percentage Mod: HP is shown in percentages
|teampreview
|
|start
|switch|p1a: Landorus-Therian|Landorus-Therian, M|382\/382
|switch|p2a: Kundera|Tyranitar, M|404\/404
|-ability|p1a: Landorus-Therian|Intimidate|[of] p2a: Kundera
|-unboost|p2a: Kundera|atk|1
|-weather|Sandstorm
|turn|1
|
|move|p1a: Landorus-Therian|Earthquake|p2a: Kundera
|-supereffective|p2a: Kundera
|-damage|p2a: Kundera|168\/404
|move|p2a: Kundera|Stealth Rock|p1a: Landorus-Therian
|-sidestart|p1: Preserve|move: Stealth Rock
|
|-weather|Sandstorm|[upkeep]
|turn|2
|
|switch|p2a: Leibniz|Gengar, M|262\/262
|move|p1a: Landorus-Therian|Stealth Rock|p2a: Leibniz
|-sidestart|p2: Mounts|move: Stealth Rock
|
|-weather|Sandstorm|[upkeep]
|-damage|p2a: Leibniz|246\/262|[from] sandstorm
|-heal|p2a: Leibniz|262\/262|[from] item: Black Sludge
|turn|3
|
|switch|p1a: Rotom-Wash|Rotom-Wash|304\/304
|-damage|p1a: Rotom-Wash|266\/304|[from] Stealth Rock
|move|p2a: Leibniz|Will-O-Wisp|p1a: Rotom-Wash|[miss]
|-miss|p2a: Leibniz|p1a: Rotom-Wash
|
|-weather|Sandstorm|[upkeep]
|-damage|p2a: Leibniz|246\/262|[from] sandstorm
|-damage|p1a: Rotom-Wash|247\/304|[from] sandstorm
|-heal|p2a: Leibniz|262\/262|[from] item: Black Sludge
|-heal|p1a: Rotom-Wash|266\/304|[from] item: Leftovers
|turn|4
|
|move|p2a: Leibniz|Will-O-Wisp|p1a: Rotom-Wash
|-status|p1a: Rotom-Wash|brn
|move|p1a: Rotom-Wash|Volt Switch|p2a: Leibniz
|-damage|p2a: Leibniz|148\/262
|
|switch|p1a: Tornadus-Therian|Tornadus-Therian, M|299\/299
|-damage|p1a: Tornadus-Therian|225\/299|[from] Stealth Rock
|
|-weather|Sandstorm|[upkeep]
|-damage|p1a: Tornadus-Therian|207\/299|[from] sandstorm
|-damage|p2a: Leibniz|132\/262|[from] sandstorm
|-heal|p2a: Leibniz|148\/262|[from] item: Black Sludge
|turn|5
|
|switch|p2a: Spinoza|Excadrill, M|362\/362
|-damage|p2a: Spinoza|351\/362|[from] Stealth Rock
|move|p1a: Tornadus-Therian|Hurricane|p2a: Spinoza|[miss]
|-miss|p1a: Tornadus-Therian|p2a: Spinoza
|
|-weather|Sandstorm|[upkeep]
|-damage|p1a: Tornadus-Therian|189\/299|[from] sandstorm
|turn|6
|
|move|p2a: Spinoza|Rapid Spin|p1a: Tornadus-Therian
|-crit|p1a: Tornadus-Therian
|-damage|p1a: Tornadus-Therian|119\/299
|-sideend|p2: Mounts|Stealth Rock|[from] move: Rapid Spin|[of] p2a: Spinoza
|-damage|p2a: Spinoza|315\/362|[from] item: Life Orb
|move|p1a: Tornadus-Therian|Superpower|p2a: Spinoza
|-supereffective|p2a: Spinoza
|-damage|p2a: Spinoza|0 fnt
|-unboost|p1a: Tornadus-Therian|atk|1
|-unboost|p1a: Tornadus-Therian|def|1
|-damage|p1a: Tornadus-Therian|90\/299|[from] item: Life Orb
|faint|p2a: Spinoza
|
|-weather|Sandstorm|[upkeep]
|-damage|p1a: Tornadus-Therian|72\/299|[from] sandstorm
|
|switch|p2a: Proust|Dragonite, M|330\/330
|turn|7
|
|move|p1a: Tornadus-Therian|U-turn|p2a: Proust
|-resisted|p2a: Proust
|-damage|p2a: Proust|316\/330
|-damage|p1a: Tornadus-Therian|43\/299|[from] item: Life Orb
|
|switch|p1a: Landorus-Therian|Landorus-Therian, M|382\/382
|-damage|p1a: Landorus-Therian|335\/382|[from] Stealth Rock
|-ability|p1a: Landorus-Therian|Intimidate|[of] p2a: Proust
|-unboost|p2a: Proust|atk|1
|move|p2a: Proust|Dragon Dance|p2a: Proust
|-boost|p2a: Proust|atk|1
|-boost|p2a: Proust|spe|1
|
|-weather|Sandstorm|[upkeep]
|-damage|p2a: Proust|296\/330|[from] sandstorm
|-heal|p1a: Landorus-Therian|358\/382|[from] item: Leftovers
|turn|8
|
|move|p2a: Proust|Dragon Dance|p2a: Proust
|-boost|p2a: Proust|atk|1
|-boost|p2a: Proust|spe|1
|move|p1a: Landorus-Therian|Stealth Rock|p2a: Proust
|-sidestart|p2: Mounts|move: Stealth Rock
|
|-weather|none
|-heal|p1a: Landorus-Therian|381\/382|[from] item: Leftovers
|turn|9
|
|move|p2a: Proust|Dragon Dance|p2a: Proust
|-boost|p2a: Proust|atk|1
|-boost|p2a: Proust|spe|1
|move|p1a: Landorus-Therian|Stone Edge|p2a: Proust|[miss]
|-miss|p1a: Landorus-Therian|p2a: Proust
|
|-heal|p1a: Landorus-Therian|382\/382|[from] item: Leftovers
|turn|10
|
|move|p2a: Proust|Outrage|p1a: Landorus-Therian
|-damage|p1a: Landorus-Therian|0 fnt
|faint|p1a: Landorus-Therian
|
|
|switch|p1a: AA-12|Scizor, M|344\/344
|-damage|p1a: AA-12|301\/344|[from] Stealth Rock
|turn|11
|
|move|p1a: AA-12|Bullet Punch|p2a: Proust
|-damage|p2a: Proust|118\/330
|move|p2a: Proust|Outrage|p1a: AA-12
|-resisted|p1a: AA-12
|-damage|p1a: AA-12|47\/344
|
|-end|p2a: Proust|rampage
|-start|p2a: Proust|confusion
|-enditem|p2a: Proust|Lum Berry|[eat]
|-end|p2a: Proust|confusion
|turn|12
|
|move|p2a: Proust|Extreme Speed|p1a: AA-12
|-resisted|p1a: AA-12
|-damage|p1a: AA-12|0 fnt
|faint|p1a: AA-12
|
|
|switch|p1a: Alakazam|Alakazam, M|251\/251
|turn|13
|
|detailschange|p1a: Alakazam|Alakazam-Mega, M
|message|Alakazam has Mega Evolved into Mega Alakazam!
|-ability|p1a: Alakazam|Multiscale|[from] ability: Trace|[of] p2a: Proust
|move|p2a: Proust|Earthquake|p1a: Alakazam
|-damage|p1a: Alakazam|48\/251
|move|p1a: Alakazam|Psyshock|p2a: Proust
|-damage|p2a: Proust|0 fnt
|faint|p2a: Proust
|
|
|switch|p2a: Louis Marin|Azumarill, M|384\/384
|-damage|p2a: Louis Marin|336\/384|[from] Stealth Rock
|turn|14
|
|switch|p1a: Rotom-Wash|Rotom-Wash|266\/304 brn
|-damage|p1a: Rotom-Wash|228\/304 brn|[from] Stealth Rock
|move|p2a: Louis Marin|Aqua Jet|p1a: Rotom-Wash
|-resisted|p1a: Rotom-Wash
|-damage|p1a: Rotom-Wash|187\/304 brn
|
|-heal|p1a: Rotom-Wash|206\/304 brn|[from] item: Leftovers
|-damage|p1a: Rotom-Wash|168\/304 brn|[from] brn
|turn|15
|
|switch|p2a: Kundera|Tyranitar, M|168\/404
|-damage|p2a: Kundera|118\/404|[from] Stealth Rock
|-weather|Sandstorm
|move|p1a: Rotom-Wash|Volt Switch|p2a: Kundera
|-damage|p2a: Kundera|55\/404
|
|switch|p1a: Tornadus-Therian|Tornadus-Therian, M|142\/299
|-damage|p1a: Tornadus-Therian|68\/299|[from] Stealth Rock
|
|-weather|Sandstorm|[upkeep]
|-damage|p1a: Tornadus-Therian|50\/299|[from] sandstorm
|turn|16
|
|move|p1a: Tornadus-Therian|U-turn|p2a: Kundera
|-supereffective|p2a: Kundera
|-damage|p2a: Kundera|0 fnt
|-damage|p1a: Tornadus-Therian|21\/299|[from] item: Life Orb
|faint|p2a: Kundera
|
|switch|p1a: Tyranitar|Tyranitar, F|403\/403
|-damage|p1a: Tyranitar|353\/403|[from] Stealth Rock
|
|-weather|Sandstorm|[upkeep]
|
|switch|p2a: Louis Marin|Azumarill, M|336\/384
|-damage|p2a: Louis Marin|288\/384|[from] Stealth Rock
|turn|17
|
|move|p1a: Tyranitar|Stone Edge|p2a: Louis Marin
|-damage|p2a: Louis Marin|62\/384
|-enditem|p2a: Louis Marin|Sitrus Berry|[eat]
|-heal|p2a: Louis Marin|158\/384|[from] item: Sitrus Berry
|move|p2a: Louis Marin|Play Rough|p1a: Tyranitar
|-supereffective|p1a: Tyranitar
|-damage|p1a: Tyranitar|0 fnt
|faint|p1a: Tyranitar
|
|-weather|Sandstorm|[upkeep]
|-damage|p2a: Louis Marin|134\/384|[from] sandstorm
|
|switch|p1a: Rotom-Wash|Rotom-Wash|168\/304 brn
|-damage|p1a: Rotom-Wash|130\/304 brn|[from] Stealth Rock
|turn|18
|
|switch|p2a: Leibniz|Gengar, M|148\/262
|-damage|p2a: Leibniz|116\/262|[from] Stealth Rock
|move|p1a: Rotom-Wash|Volt Switch|p2a: Leibniz
|-damage|p2a: Leibniz|7\/262
|
|switch|p1a: Tornadus-Therian|Tornadus-Therian, M|120\/299
|-damage|p1a: Tornadus-Therian|46\/299|[from] Stealth Rock
|
|-weather|Sandstorm|[upkeep]
|-damage|p1a: Tornadus-Therian|28\/299|[from] sandstorm
|-damage|p2a: Leibniz|0 fnt|[from] sandstorm
|faint|p2a: Leibniz
|
|switch|p2a: Louis Marin|Azumarill, M|134\/384
|-damage|p2a: Louis Marin|86\/384|[from] Stealth Rock
|turn|19
|
|move|p2a: Louis Marin|Aqua Jet|p1a: Tornadus-Therian
|-damage|p1a: Tornadus-Therian|0 fnt
|faint|p1a: Tornadus-Therian
|
|-weather|Sandstorm|[upkeep]
|-damage|p2a: Louis Marin|62\/384|[from] sandstorm
|
|switch|p1a: Rotom-Wash|Rotom-Wash|130\/304 brn
|-damage|p1a: Rotom-Wash|92\/304 brn|[from] Stealth Rock
|turn|20
|
|move|p1a: Rotom-Wash|Volt Switch|p2a: Louis Marin
|-supereffective|p2a: Louis Marin
|-damage|p2a: Louis Marin|0 fnt
|faint|p2a: Louis Marin
|
|switch|p1a: Alakazam|Alakazam-Mega, M|48\/251
|-damage|p1a: Alakazam|17\/251|[from] Stealth Rock
|
|-weather|Sandstorm|[upkeep]
|-damage|p1a: Alakazam|2\/251|[from] sandstorm
|
|switch|p2a: Nietzsche|Charizard, F|298\/298
|-ability|p1a: Alakazam|Blaze|[from] ability: Trace|[of] p2a: Nietzsche
|-damage|p2a: Nietzsche|149\/298|[from] Stealth Rock
|turn|21
|
|detailschange|p2a: Nietzsche|Charizard-Mega-X, F
|message|Charizard has Mega Evolved into Mega Charizard!
|move|p1a: Alakazam|Psyshock|p2a: Nietzsche
|-damage|p2a: Nietzsche|0 fnt
|faint|p2a: Nietzsche
|
|win|Preserve
|raw|Ladder updating...
|leave|Mounts
|player|p2
|raw|Preserve's rating: 1742 &rarr; <strong>1755<\/strong><br \/>(+13 for winning)
|raw|Mounts's rating: 1630 &rarr; <strong>1616<\/strong><br \/>(-14 for losing)