|join|Reverb
|join|Mounts
|player|p1|Reverb|#reverb
|player|p2|Mounts|101
|gametype|singles
|gen|6
|tier|OU
|rated
|clearpoke
|poke|p1|Celebi
|poke|p1|Heatran, F
|poke|p1|Gardevoir, F
|poke|p1|Keldeo
|poke|p1|Landorus-Therian, M
|poke|p1|Raikou
|poke|p2|Dragonite, F
|poke|p2|Bisharp, M
|poke|p2|Keldeo
|poke|p2|Azelf
|poke|p2|Thundurus, M
|poke|p2|Garchomp, F
|rule|Swagger Clause: Swagger is banned
|rule|Baton Pass Clause: Limit one Pokémon knowing Baton Pass
|rule|Sleep Clause Mod: Limit one foe put to sleep
|rule|Species Clause: Limit one of each Pokémon
|rule|OHKO Clause: OHKO moves are banned
|rule|Moody Clause: Moody is banned
|rule|Evasion Moves Clause: Evasion moves are banned
|rule|Endless Battle Clause: Forcing endless battles is banned
|rule|HP Percentage Mod: HP is shown in percentages
|teampreview
|
|start
|switch|p1a: Landorus-Therian|Landorus-Therian, M|382\/382
|switch|p2a: Garchomp|Garchomp, F|357\/357
|-ability|p1a: Landorus-Therian|Intimidate|[of] p2a: Garchomp
|-unboost|p2a: Garchomp|atk|1
|turn|1
|join|I'm Bi...sharp
|
|move|p2a: Garchomp|Stealth Rock|p1a: Landorus-Therian
|-sidestart|p1: Reverb|move: Stealth Rock
|move|p1a: Landorus-Therian|Earthquake|p2a: Garchomp
|-damage|p2a: Garchomp|185\/357
|
|turn|2
|
|move|p2a: Garchomp|Swords Dance|p2a: Garchomp
|-boost|p2a: Garchomp|atk|2
|move|p1a: Landorus-Therian|Stealth Rock|p2a: Garchomp
|-sidestart|p2: Mounts|move: Stealth Rock
|
|turn|3
|
|move|p2a: Garchomp|Outrage|p1a: Landorus-Therian
|-damage|p1a: Landorus-Therian|124\/382
|move|p1a: Landorus-Therian|Earthquake|p2a: Garchomp
|-damage|p2a: Garchomp|19\/357
|
|-heal|p1a: Landorus-Therian|147\/382|[from] item: Leftovers
|turn|4
|
|switch|p1a: Gardevoir|Gardevoir, F|277\/277
|-damage|p1a: Gardevoir|243\/277|[from] Stealth Rock
|-ability|p1a: Gardevoir|Rough Skin|[from] ability: Trace|[of] p2a: Garchomp
|move|p2a: Garchomp|Outrage|p1a: Gardevoir
|-immune|p1a: Gardevoir|[msg]
|
|turn|5
|
|switch|p1a: Landorus-Therian|Landorus-Therian, M|147\/382
|-damage|p1a: Landorus-Therian|100\/382|[from] Stealth Rock
|-ability|p1a: Landorus-Therian|Intimidate|[of] p2a: Garchomp
|-unboost|p2a: Garchomp|atk|1
|move|p2a: Garchomp|Earthquake|p1a: Landorus-Therian
|-immune|p1a: Landorus-Therian|[msg]
|
|-heal|p1a: Landorus-Therian|123\/382|[from] item: Leftovers
|turn|6
|
|move|p2a: Garchomp|Outrage|p1a: Landorus-Therian
|-damage|p1a: Landorus-Therian|0 fnt
|faint|p1a: Landorus-Therian
|
|
|switch|p1a: Gardevoir|Gardevoir, F|243\/277
|-damage|p1a: Gardevoir|209\/277|[from] Stealth Rock
|-ability|p1a: Gardevoir|Rough Skin|[from] ability: Trace|[of] p2a: Garchomp
|turn|7
|join|Based Team Player
|
|detailschange|p1a: Gardevoir|Gardevoir-Mega, F
|-mega|p1a: Gardevoir|Gardevoir|Gardevoirite
|move|p2a: Garchomp|Outrage|p1a: Gardevoir
|-immune|p1a: Gardevoir|[msg]
|move|p1a: Gardevoir|Hyper Voice|p2a: Garchomp
|-crit|p2a: Garchomp
|-supereffective|p2a: Garchomp
|-damage|p2a: Garchomp|0 fnt
|faint|p2a: Garchomp
|
|c|★Reverb|>crit
|c|★Reverb|>bs hax
|join|Ox the Box
|join|CleanerThanRotom-W
|leave|Ox the Box
|join|Ox the Box
|
|switch|p2a: Keldeo|Keldeo|323\/323
|-damage|p2a: Keldeo|303\/323|[from] Stealth Rock
|turn|8
|join|Costi93
|join|NagariHO
|c| NagariHO|who dies?
|join|AdityaKhuntia
|leave|AdityaKhuntia
|c| Ox the Box|garde lives
|
|move|p2a: Keldeo|Hydro Pump|p1a: Gardevoir|[miss]
|-miss|p2a: Keldeo|p1a: Gardevoir
|move|p1a: Gardevoir|Hyper Voice|p2a: Keldeo
|-supereffective|p2a: Keldeo
|-damage|p2a: Keldeo|0 fnt
|faint|p2a: Keldeo
|
|
|switch|p2a: Bisharp|Bisharp, M|271\/271
|-damage|p2a: Bisharp|255\/271|[from] Stealth Rock
|turn|9
|c| NagariHO|i know
|c| NagariHO|i meant on Mounts side
|
|switch|p1a: Keldeo|Keldeo|322\/322
|-damage|p1a: Keldeo|302\/322|[from] Stealth Rock
|move|p2a: Bisharp|Iron Head|p1a: Keldeo
|-resisted|p1a: Keldeo
|-damage|p1a: Keldeo|198\/322
|-damage|p2a: Bisharp|228\/271|[from] item: Life Orb
|
|turn|10
|
|move|p2a: Bisharp|Sucker Punch|p1a: Keldeo
|-resisted|p1a: Keldeo
|-damage|p1a: Keldeo|89\/322
|-boost|p1a: Keldeo|atk|1|[from] ability: Justified
|-damage|p2a: Bisharp|201\/271|[from] item: Life Orb
|move|p1a: Keldeo|Scald|p2a: Bisharp
|-damage|p2a: Bisharp|0 fnt
|faint|p2a: Bisharp
|
|join|StalkingJamvad
|join|c1one
|
|switch|p2a: Dragonite|Dragonite, F|323\/323
|-damage|p2a: Dragonite|243\/323|[from] Stealth Rock
|turn|11
|
|move|p1a: Keldeo|Scald|p2a: Dragonite
|-resisted|p2a: Dragonite
|-damage|p2a: Dragonite|146\/323
|move|p2a: Dragonite|Dragon Dance|p2a: Dragonite
|-boost|p2a: Dragonite|atk|1
|-boost|p2a: Dragonite|spe|1
|
|turn|12
|
|move|p2a: Dragonite|Dragon Dance|p2a: Dragonite
|-boost|p2a: Dragonite|atk|1
|-boost|p2a: Dragonite|spe|1
|move|p1a: Keldeo|Scald|p2a: Dragonite
|-crit|p2a: Dragonite
|-resisted|p2a: Dragonite
|-damage|p2a: Dragonite|0 fnt
|faint|p2a: Dragonite
|
|c| I'm Bi...sharp|they do say greed is a sin.
|-message|Mounts forfeited.
|leave|Mounts
|c| NagariHO|yup
|
|win|Reverb
|raw|Ladder updating...
|player|p2
|leave|Reverb
|player|p1
|raw|Reverb's rating: 1738 &rarr; <strong>1756<\/strong><br \/>(+18 for winning)
|raw|Mounts's rating: 1697 &rarr; <strong>1679<\/strong><br \/>(-18 for losing)
|leave|Ox the Box
|leave|Based Team Player
|leave|CleanerThanRotom-W
|leave|I'm Bi...sharp
|leave|Costi93
|join|anchorage
|leave|anchorage
|leave|NagariHO