|join|Rhayader
|join|Xu Zhu
|player|p1|Rhayader|#showtan
|player|p2|Xu Zhu|210
|gametype|singles
|gen|6
|tier|OU
|rated
|clearpoke
|poke|p1|Zapdos
|poke|p1|Toxicroak, F
|poke|p1|Altaria, M
|poke|p1|Claydol
|poke|p1|Rotom-Heat
|poke|p1|Bisharp, F
|poke|p2|Mew
|poke|p2|Chansey, F
|poke|p2|Clefable, F
|poke|p2|Arcanine, M, shiny
|poke|p2|Forretress, M, shiny
|poke|p2|Sableye, M, shiny
|rule|Swagger Clause: Swagger is banned
|rule|Baton Pass Clause: Limit one Pokémon knowing Baton Pass
|rule|Sleep Clause Mod: Limit one foe put to sleep
|rule|Species Clause: Limit one of each Pokémon
|rule|OHKO Clause: OHKO moves are banned
|rule|Moody Clause: Moody is banned
|rule|Evasion Moves Clause: Evasion moves are banned
|rule|Endless Battle Clause: Forcing endless battles is banned
|rule|HP Percentage Mod: HP is shown in percentages
|teampreview
|join|Draws-stuff
|
|start
|switch|p1a: Toxicroak|Toxicroak, F|307\/307
|switch|p2a: ³⁰² ✗ ヤミラミ|Sableye, M, shiny|303\/303
|turn|1
|join|Aminiscent
|
|switch|p1a: Rotom-Heat|Rotom-Heat|304\/304
|detailschange|p2a: ³⁰² ✗ ヤミラミ|Sableye-Mega, M, shiny
|message|Sableye has Mega Evolved into Mega Sableye!
|move|p2a: ³⁰² ✗ ヤミラミ|Confuse Ray|p1a: Rotom-Heat
|-start|p1a: Rotom-Heat|confusion
|
|turn|2
|
|-activate|p1a: Rotom-Heat|confusion
|-damage|p1a: Rotom-Heat|292\/304|[from] confusion
|move|p2a: ³⁰² ✗ ヤミラミ|Knock Off|p1a: Rotom-Heat
|-damage|p1a: Rotom-Heat|222\/304
|-enditem|p1a: Rotom-Heat|Leftovers|[from] move: Knock Off|[of] p2a: ³⁰² ✗ ヤミラミ
|
|turn|3
|
|-activate|p1a: Rotom-Heat|confusion
|move|p1a: Rotom-Heat|Volt Switch|p2a: ³⁰² ✗ ヤミラミ
|-damage|p2a: ³⁰² ✗ ヤミラミ|239\/303
|
|switch|p1a: Altaria|Altaria, M|299\/299
|move|p2a: ³⁰² ✗ ヤミラミ|Knock Off|p1a: Altaria
|-damage|p1a: Altaria|227\/299
|
|turn|4
|
|switch|p2a: ⁰⁵⁹ ♥ ウインディ|Arcanine, M, shiny|383\/383
|-ability|p2a: ⁰⁵⁹ ♥ ウインディ|Intimidate|[of] p1a: Altaria
|-unboost|p1a: Altaria|atk|1
|detailschange|p1a: Altaria|Altaria-Mega, M
|message|Altaria has Mega Evolved into Mega Altaria!
|move|p1a: Altaria|Dragon Dance|p1a: Altaria
|-boost|p1a: Altaria|atk|1
|-boost|p1a: Altaria|spe|1
|
|turn|5
|
|move|p1a: Altaria|Earthquake|p2a: ⁰⁵⁹ ♥ ウインディ
|-crit|p2a: ⁰⁵⁹ ♥ ウインディ
|-supereffective|p2a: ⁰⁵⁹ ♥ ウインディ
|-damage|p2a: ⁰⁵⁹ ♥ ウインディ|91\/383
|move|p2a: ⁰⁵⁹ ♥ ウインディ|Will-O-Wisp|p1a: Altaria
|-status|p1a: Altaria|brn
|
|-damage|p1a: Altaria|190\/299 brn|[from] brn
|turn|6
|join|Akiii
|c| Aminiscent|lmoa shitmon
|
|move|p1a: Altaria|Dragon Dance|p1a: Altaria
|-boost|p1a: Altaria|atk|1
|-boost|p1a: Altaria|spe|1
|move|p2a: ⁰⁵⁹ ♥ ウインディ|Morning Sun|p2a: ⁰⁵⁹ ♥ ウインディ
|-heal|p2a: ⁰⁵⁹ ♥ ウインディ|282\/383
|
|-damage|p1a: Altaria|153\/299 brn|[from] brn
|turn|7
|
|move|p1a: Altaria|Roost|p1a: Altaria
|-heal|p1a: Altaria|299\/299 brn
|move|p2a: ⁰⁵⁹ ♥ ウインディ|Morning Sun|p2a: ⁰⁵⁹ ♥ ウインディ
|-heal|p2a: ⁰⁵⁹ ♥ ウインディ|383\/383
|
|-damage|p1a: Altaria|262\/299 brn|[from] brn
|turn|8
|
|move|p1a: Altaria|Dragon Dance|p1a: Altaria
|-boost|p1a: Altaria|atk|1
|-boost|p1a: Altaria|spe|1
|move|p2a: ⁰⁵⁹ ♥ ウインディ|Iron Tail|p1a: Altaria
|-supereffective|p1a: Altaria
|-damage|p1a: Altaria|112\/299 brn
|-unboost|p1a: Altaria|def|1
|
|-damage|p1a: Altaria|75\/299 brn|[from] brn
|turn|9
|join|kawaiidesunii
|
|switch|p2a: ⁰³⁶ ☪ ピクシー|Clefable, F|393\/393
|move|p1a: Altaria|Earthquake|p2a: ⁰³⁶ ☪ ピクシー
|-damage|p2a: ⁰³⁶ ☪ ピクシー|335\/393
|
|-damage|p1a: Altaria|38\/299 brn|[from] brn
|turn|10
|
|move|p1a: Altaria|Roost|p1a: Altaria
|-heal|p1a: Altaria|188\/299 brn
|move|p2a: ⁰³⁶ ☪ ピクシー|Moonblast|p1a: Altaria
|-supereffective|p1a: Altaria
|-damage|p1a: Altaria|0 fnt
|faint|p1a: Altaria
|
|
|switch|p1a: Claydol|Claydol|324\/324
|turn|11
|
|switch|p2a: ³⁰² ✗ ヤミラミ|Sableye-Mega, M, shiny|239\/303
|move|p1a: Claydol|Stealth Rock|p2a: ³⁰² ✗ ヤミラミ
|move|p2a: ³⁰² ✗ ヤミラミ|Stealth Rock|p1a: Claydol|[from]Magic Bounce
|-sidestart|p1: Rhayader|move: Stealth Rock
|
|turn|12
|c|★Rhayader|oh yeah
|
|switch|p1a: Bisharp|Bisharp, F|271\/271
|-damage|p1a: Bisharp|255\/271|[from] Stealth Rock
|move|p2a: ³⁰² ✗ ヤミラミ|Knock Off|p1a: Bisharp
|-crit|p1a: Bisharp
|-resisted|p1a: Bisharp
|-damage|p1a: Bisharp|183\/271
|-enditem|p1a: Bisharp|Black Glasses|[from] move: Knock Off|[of] p2a: ³⁰² ✗ ヤミラミ
|
|turn|13
|
|switch|p2a: ²⁰⁵ ❋ フォレトス|Forretress, M, shiny|351\/351
|move|p1a: Bisharp|Knock Off|p2a: ²⁰⁵ ❋ フォレトス
|-damage|p2a: ²⁰⁵ ❋ フォレトス|242\/351
|-enditem|p2a: ²⁰⁵ ❋ フォレトス|Leftovers|[from] move: Knock Off|[of] p1a: Bisharp
|
|turn|14
|
|move|p1a: Bisharp|Swords Dance|p1a: Bisharp
|-boost|p1a: Bisharp|atk|2
|move|p2a: ²⁰⁵ ❋ フォレトス|Volt Switch|p1a: Bisharp
|-damage|p1a: Bisharp|132\/271
|
|switch|p2a: ¹⁵¹ ♫ ミュウ ♀|Mew|341\/341
|
|turn|15
|
|move|p2a: ¹⁵¹ ♫ ミュウ ♀|Vacuum Wave|p1a: Bisharp
|-supereffective|p1a: Bisharp
|-damage|p1a: Bisharp|0 fnt
|-damage|p2a: ¹⁵¹ ♫ ミュウ ♀|307\/341|[from] item: Life Orb
|faint|p1a: Bisharp
|
|c| Akiii|lol
|c|★Rhayader|lmao
|join|Ridaz
|
|switch|p1a: Toxicroak|Toxicroak, F|307\/307
|-damage|p1a: Toxicroak|288\/307|[from] Stealth Rock
|turn|16
|
|switch|p2a: ²⁰⁵ ❋ フォレトス|Forretress, M, shiny|242\/351
|move|p1a: Toxicroak|Substitute|p1a: Toxicroak
|-start|p1a: Toxicroak|Substitute
|-damage|p1a: Toxicroak|212\/307
|
|-heal|p1a: Toxicroak|231\/307|[from] item: Black Sludge
|turn|17
|
|move|p1a: Toxicroak|Swords Dance|p1a: Toxicroak
|-boost|p1a: Toxicroak|atk|2
|move|p2a: ²⁰⁵ ❋ フォレトス|Reflect|p2a: ²⁰⁵ ❋ フォレトス
|-sidestart|p2: Xu Zhu|Reflect
|
|-heal|p1a: Toxicroak|250\/307|[from] item: Black Sludge
|turn|18
|
|move|p1a: Toxicroak|Swords Dance|p1a: Toxicroak
|-boost|p1a: Toxicroak|atk|2
|move|p2a: ²⁰⁵ ❋ フォレトス|Volt Switch|p1a: Toxicroak
|-activate|p1a: Toxicroak|Substitute|[damage]
|
|switch|p2a: ⁰³⁶ ☪ ピクシー|Clefable, F|335\/393
|
|-heal|p1a: Toxicroak|269\/307|[from] item: Black Sludge
|turn|19
|
|move|p1a: Toxicroak|Gunk Shot|p2a: ⁰³⁶ ☪ ピクシー
|-supereffective|p2a: ⁰³⁶ ☪ ピクシー
|-damage|p2a: ⁰³⁶ ☪ ピクシー|139\/393
|move|p2a: ⁰³⁶ ☪ ピクシー|Moonblast|p1a: Toxicroak
|-end|p1a: Toxicroak|Substitute
|
|-heal|p1a: Toxicroak|288\/307|[from] item: Black Sludge
|turn|20
|
|move|p1a: Toxicroak|Gunk Shot|p2a: ⁰³⁶ ☪ ピクシー
|-crit|p2a: ⁰³⁶ ☪ ピクシー
|-supereffective|p2a: ⁰³⁶ ☪ ピクシー
|-damage|p2a: ⁰³⁶ ☪ ピクシー|0 fnt
|faint|p2a: ⁰³⁶ ☪ ピクシー
|
|-heal|p1a: Toxicroak|307\/307|[from] item: Black Sludge
|
|switch|p2a: ¹⁵¹ ♫ ミュウ ♀|Mew|307\/341
|turn|21
|
|move|p1a: Toxicroak|Gunk Shot|p2a: ¹⁵¹ ♫ ミュウ ♀
|-damage|p2a: ¹⁵¹ ♫ ミュウ ♀|24\/341
|move|p2a: ¹⁵¹ ♫ ミュウ ♀|Psyshock|p1a: Toxicroak
|-supereffective|p1a: Toxicroak
|-damage|p1a: Toxicroak|0 fnt
|-damage|p2a: ¹⁵¹ ♫ ミュウ ♀|0 fnt|[from] item: Life Orb
|faint|p1a: Toxicroak
|faint|p2a: ¹⁵¹ ♫ ミュウ ♀
|
|-sideend|p2: Xu Zhu|Reflect
|
|switch|p1a: Zapdos|Zapdos|364\/364
|switch|p2a: ³⁰² ✗ ヤミラミ|Sableye-Mega, M, shiny|239\/303
|-damage|p1a: Zapdos|273\/364|[from] Stealth Rock
|-ability|p1a: Zapdos|Pressure
|turn|22
|
|move|p1a: Zapdos|Thunderbolt|p2a: ³⁰² ✗ ヤミラミ
|-damage|p2a: ³⁰² ✗ ヤミラミ|95\/303
|-damage|p1a: Zapdos|237\/364|[from] item: Life Orb
|move|p2a: ³⁰² ✗ ヤミラミ|Confuse Ray|p1a: Zapdos
|-start|p1a: Zapdos|confusion
|
|turn|23
|
|-activate|p1a: Zapdos|confusion
|-damage|p1a: Zapdos|195\/364|[from] confusion
|move|p2a: ³⁰² ✗ ヤミラミ|Recover|p2a: ³⁰² ✗ ヤミラミ
|-heal|p2a: ³⁰² ✗ ヤミラミ|247\/303
|
|turn|24
|
|-end|p1a: Zapdos|confusion
|move|p1a: Zapdos|Roost|p1a: Zapdos
|-heal|p1a: Zapdos|364\/364
|move|p2a: ³⁰² ✗ ヤミラミ|Foul Play|p1a: Zapdos
|-damage|p1a: Zapdos|252\/364
|
|turn|25
|
|switch|p2a: ¹¹³ ✚ ラッキー|Chansey, F|645\/645
|move|p1a: Zapdos|Thunderbolt|p2a: ¹¹³ ✚ ラッキー
|-damage|p2a: ¹¹³ ✚ ラッキー|535\/645
|-damage|p1a: Zapdos|216\/364|[from] item: Life Orb
|
|turn|26
|c|★Rhayader|and i cant kill this anymore lmao
|-message|Rhayader forfeited.
|
|win|Xu Zhu
|raw|Ladder updating...
|leave|Rhayader
|player|p1
|leave|Aminiscent
|leave|kawaiidesunii
|raw|Rhayader's rating: 1369 &rarr; <strong>1349<\/strong><br \/>(-20 for losing)
|raw|Xu Zhu's rating: 1369 &rarr; <strong>1389<\/strong><br \/>(+20 for winning)