|join|SFNanashi
|join|Rhayader
|player|p1|SFNanashi|170
|player|p2|Rhayader|40
|gametype|singles
|gen|6
|tier|OU
|rated
|clearpoke
|poke|p1|Breloom, F
|poke|p1|Greninja, M
|poke|p1|Landorus, M
|poke|p1|Terrakion
|poke|p1|Bisharp, M
|poke|p1|Manectric, F
|poke|p2|Diancie
|poke|p2|Hippowdon, M
|poke|p2|Alomomola, M
|poke|p2|Sylveon, M
|poke|p2|Garchomp, F
|poke|p2|Aegislash, F
|rule|Swagger Clause: Swagger is banned
|rule|Baton Pass Clause: Limit one Pokémon knowing Baton Pass
|rule|Sleep Clause Mod: Limit one foe put to sleep
|rule|Species Clause: Limit one of each Pokémon
|rule|OHKO Clause: OHKO moves are banned
|rule|Moody Clause: Moody is banned
|rule|Evasion Moves Clause: Evasion moves are banned
|rule|Endless Battle Clause: Forcing endless battles is banned
|rule|HP Percentage Mod: HP is reported as percentages
|teampreview
|
|start
|switch|p1a: Breloom|Breloom, F|261\/261
|switch|p2a: Mega-Tyranitar|Hippowdon, M|420\/420
|-weather|Sandstorm
|turn|1
|
|switch|p2a: pls no ban|Aegislash, F|322\/322
|move|p1a: Breloom|Spore|p2a: pls no ban
|-status|p2a: pls no ban|slp
|
|-weather|Sandstorm|[upkeep]
|-damage|p1a: Breloom|245\/261|[from] sandstorm
|turn|2
|
|switch|p1a: Bisharp|Bisharp, M|271\/271
|cant|p2a: pls no ban|slp
|
|-weather|Sandstorm|[upkeep]
|turn|3
|
|switch|p2a: Not a Mega|Garchomp, F|357\/357
|move|p1a: Bisharp|Knock Off|p2a: Not a Mega
|-damage|p2a: Not a Mega|225\/357
|-damage|p1a: Bisharp|238\/271|[from] ability: Rough Skin|[of] p2a: Not a Mega
|
|-weather|Sandstorm|[upkeep]
|turn|4
|
|switch|p1a: Landorus|Landorus, M|319\/319
|detailschange|p2a: Not a Mega|Garchomp-Mega, F
|message|Garchomp has Mega Evolved into Mega Garchomp!
|move|p2a: Not a Mega|Stone Edge|p1a: Landorus
|-damage|p1a: Landorus|135\/319
|
|-weather|Sandstorm|[upkeep]
|turn|5
|
|move|p1a: Landorus|Earth Power|p2a: Not a Mega
|-damage|p2a: Not a Mega|0 fnt
|faint|p2a: Not a Mega
|
|-weather|Sandstorm|[upkeep]
|
|switch|p2a: Mega-Carbink|Diancie|304\/304
|turn|6
|
|move|p1a: Landorus|Earth Power|p2a: Mega-Carbink
|-supereffective|p2a: Mega-Carbink
|-damage|p2a: Mega-Carbink|23\/304
|move|p2a: Mega-Carbink|Diamond Storm|p1a: Landorus
|-damage|p1a: Landorus|0 fnt
|faint|p1a: Landorus
|
|-weather|Sandstorm|[upkeep]
|-heal|p2a: Mega-Carbink|42\/304|[from] item: Leftovers
|
|switch|p1a: Manectric|Manectric, F|281\/281
|turn|7
|
|switch|p2a: pls no ban|Aegislash, F|322\/322 slp
|detailschange|p1a: Manectric|Manectric-Mega, F
|message|Manectric has Mega Evolved into Mega Manectric!
|-ability|p1a: Manectric|Intimidate|[of] p2a: pls no ban
|-unboost|p2a: pls no ban|atk|1
|move|p1a: Manectric|Volt Switch|p2a: pls no ban
|-damage|p2a: pls no ban|226\/322 slp
|
|switch|p1a: Bisharp|Bisharp, M|238\/271
|
|-weather|Sandstorm|[upkeep]
|-heal|p2a: pls no ban|246\/322 slp|[from] item: Leftovers
|turn|8
|
|-curestatus|p2a: pls no ban|slp
|move|p2a: pls no ban|King's Shield|p2a: pls no ban
|-singleturn|p2a: pls no ban|Protect
|move|p1a: Bisharp|Knock Off|p2a: pls no ban
|-activate|p2a: pls no ban|Protect
|-unboost|p1a: Bisharp|atk|2
|-boost|p1a: Bisharp|atk|2|[from] ability: Defiant
|
|-weather|none
|-heal|p2a: pls no ban|266\/322|[from] item: Leftovers
|turn|9
|
|switch|p2a: Mega-Tyranitar|Hippowdon, M|420\/420
|-weather|Sandstorm
|move|p1a: Bisharp|Knock Off|p2a: Mega-Tyranitar
|-damage|p2a: Mega-Tyranitar|293\/420
|-enditem|p2a: Mega-Tyranitar|Smooth Rock|[from] move: Knock Off|[of] p1a: Bisharp
|
|-weather|Sandstorm|[upkeep]
|turn|10
|
|switch|p1a: Breloom|Breloom, F|245\/261
|move|p2a: Mega-Tyranitar|Stealth Rock|p1a: Breloom
|-sidestart|p1: SFNanashi|move: Stealth Rock
|
|-weather|Sandstorm|[upkeep]
|-damage|p1a: Breloom|229\/261|[from] sandstorm
|turn|11
|
|switch|p2a: Mega-Carbink|Diancie|42\/304
|move|p1a: Breloom|Bullet Seed|p2a: Mega-Carbink
|-crit|p2a: Mega-Carbink
|-supereffective|p2a: Mega-Carbink
|-damage|p2a: Mega-Carbink|0 fnt
|-hitcount|p2a: Mega-Carbink|1
|faint|p2a: Mega-Carbink
|
|-weather|Sandstorm|[upkeep]
|-damage|p1a: Breloom|213\/261|[from] sandstorm
|
|switch|p2a: pls no ban|Aegislash, F|266\/322
|turn|12
|
|switch|p2a: Mega-Tyranitar|Hippowdon, M|293\/420
|move|p1a: Breloom|Spore|p2a: Mega-Tyranitar
|-status|p2a: Mega-Tyranitar|slp
|
|-weather|Sandstorm|[upkeep]
|-damage|p1a: Breloom|197\/261|[from] sandstorm
|turn|13
|
|switch|p1a: Bisharp|Bisharp, M|238\/271
|-damage|p1a: Bisharp|222\/271|[from] Stealth Rock
|switch|p2a: pls no ban|Aegislash, F|266\/322
|
|-weather|Sandstorm|[upkeep]
|-heal|p2a: pls no ban|286\/322|[from] item: Leftovers
|turn|14
|
|move|p1a: Bisharp|Knock Off|p2a: pls no ban
|-supereffective|p2a: pls no ban
|-damage|p2a: pls no ban|34\/322
|-enditem|p2a: pls no ban|Leftovers|[from] move: Knock Off|[of] p1a: Bisharp
|-formechange|p2a: pls no ban|Aegislash-Blade
|move|p2a: pls no ban|Sacred Sword|p1a: Bisharp
|-supereffective|p1a: Bisharp
|-damage|p1a: Bisharp|0 fnt
|faint|p1a: Bisharp
|
|-weather|Sandstorm|[upkeep]
|
|switch|p1a: Greninja|Greninja, M|285\/285
|-damage|p1a: Greninja|250\/285|[from] Stealth Rock
|turn|15
|
|switch|p2a: Mega-Meta|Sylveon, M|394\/394
|move|p1a: Greninja|Scald|p2a: Mega-Meta
|-start|p1a: Greninja|typechange|Water|[from] Protean
|-damage|p2a: Mega-Meta|258\/394
|-damage|p1a: Greninja|222\/285|[from] item: Life Orb
|
|-weather|Sandstorm|[upkeep]
|-damage|p1a: Greninja|205\/285|[from] sandstorm
|-damage|p2a: Mega-Meta|234\/394|[from] sandstorm
|-heal|p2a: Mega-Meta|258\/394|[from] item: Leftovers
|turn|16
|
|switch|p1a: Breloom|Breloom, F|197\/261
|-damage|p1a: Breloom|181\/261|[from] Stealth Rock
|move|p2a: Mega-Meta|Wish|p2a: Mega-Meta
|
|-weather|none
|-heal|p2a: Mega-Meta|282\/394|[from] item: Leftovers
|turn|17
|
|switch|p1a: Greninja|Greninja, M|205\/285
|-damage|p1a: Greninja|170\/285|[from] Stealth Rock
|move|p2a: Mega-Meta|Hyper Voice|p1a: Greninja
|-supereffective|p1a: Greninja
|-damage|p1a: Greninja|0 fnt
|faint|p1a: Greninja
|
|-heal|p2a: Mega-Meta|394\/394|[from] move: Wish|[wisher] Mega-Meta
|
|switch|p1a: Breloom|Breloom, F|181\/261
|-damage|p1a: Breloom|165\/261|[from] Stealth Rock
|turn|18
|
|move|p1a: Breloom|Bullet Seed|p2a: Mega-Meta
|-damage|p2a: Mega-Meta|328\/394
|-crit|p2a: Mega-Meta
|-damage|p2a: Mega-Meta|235\/394
|-damage|p2a: Mega-Meta|166\/394
|-hitcount|p2a: Mega-Meta|3
|move|p2a: Mega-Meta|Hyper Voice|p1a: Breloom
|-supereffective|p1a: Breloom
|-damage|p1a: Breloom|0 fnt
|faint|p1a: Breloom
|
|-heal|p2a: Mega-Meta|190\/394|[from] item: Leftovers
|
|switch|p1a: Terrakion|Terrakion|323\/323
|-damage|p1a: Terrakion|303\/323|[from] Stealth Rock
|turn|19
|
|switch|p2a: Mega-Luvdisc|Alomomola, M|534\/534
|move|p1a: Terrakion|Stone Edge|p2a: Mega-Luvdisc
|-damage|p2a: Mega-Luvdisc|294\/534
|
|-heal|p2a: Mega-Luvdisc|327\/534|[from] item: Leftovers
|turn|20
|
|switch|p1a: Manectric|Manectric-Mega, F|281\/281
|-damage|p1a: Manectric|246\/281|[from] Stealth Rock
|-ability|p1a: Manectric|Intimidate|[of] p2a: Mega-Luvdisc
|-unboost|p2a: Mega-Luvdisc|atk|1
|move|p2a: Mega-Luvdisc|Soak|p1a: Manectric
|-start|p1a: Manectric|typechange|Water
|
|-heal|p2a: Mega-Luvdisc|360\/534|[from] item: Leftovers
|turn|21
|
|switch|p2a: Mega-Tyranitar|Hippowdon, M|293\/420 slp
|-weather|Sandstorm
|move|p1a: Manectric|Thunderbolt|p2a: Mega-Tyranitar
|-immune|p2a: Mega-Tyranitar|[msg]
|
|-weather|Sandstorm|[upkeep]
|-damage|p1a: Manectric|229\/281|[from] sandstorm
|turn|22
|
|move|p1a: Manectric|Hidden Power|p2a: Mega-Tyranitar
|-supereffective|p2a: Mega-Tyranitar
|-damage|p2a: Mega-Tyranitar|91\/420 slp
|cant|p2a: Mega-Tyranitar|slp
|
|-weather|Sandstorm|[upkeep]
|-damage|p1a: Manectric|212\/281|[from] sandstorm
|turn|23
|
|switch|p2a: Mega-Luvdisc|Alomomola, M|534\/534
|move|p1a: Manectric|Hidden Power|p2a: Mega-Luvdisc
|-resisted|p2a: Mega-Luvdisc
|-damage|p2a: Mega-Luvdisc|463\/534
|
|-weather|Sandstorm|[upkeep]
|-damage|p1a: Manectric|195\/281|[from] sandstorm
|-damage|p2a: Mega-Luvdisc|430\/534|[from] sandstorm
|-heal|p2a: Mega-Luvdisc|463\/534|[from] item: Leftovers
|turn|24
|
|move|p2a: Mega-Luvdisc|Protect|p2a: Mega-Luvdisc
|-singleturn|p2a: Mega-Luvdisc|Protect
|move|p1a: Manectric|Thunderbolt|p2a: Mega-Luvdisc
|-activate|p2a: Mega-Luvdisc|Protect
|
|-weather|Sandstorm|[upkeep]
|-damage|p1a: Manectric|178\/281|[from] sandstorm
|-damage|p2a: Mega-Luvdisc|430\/534|[from] sandstorm
|-heal|p2a: Mega-Luvdisc|463\/534|[from] item: Leftovers
|turn|25
|
|switch|p2a: Mega-Meta|Sylveon, M|190\/394
|move|p1a: Manectric|Thunderbolt|p2a: Mega-Meta
|-damage|p2a: Mega-Meta|109\/394
|
|-weather|none
|-heal|p2a: Mega-Meta|133\/394|[from] item: Leftovers
|turn|26
|
|move|p1a: Manectric|Volt Switch|p2a: Mega-Meta
|-damage|p2a: Mega-Meta|62\/394
|
|switch|p1a: Terrakion|Terrakion|303\/323
|-damage|p1a: Terrakion|283\/323|[from] Stealth Rock
|move|p2a: Mega-Meta|Wish|p2a: Mega-Meta
|
|-heal|p2a: Mega-Meta|86\/394|[from] item: Leftovers
|turn|27
|
|switch|p2a: Mega-Luvdisc|Alomomola, M|534\/534
|move|p1a: Terrakion|Stone Edge|p2a: Mega-Luvdisc|[miss]
|-miss|p1a: Terrakion|p2a: Mega-Luvdisc
|
|turn|28
|
|switch|p1a: Manectric|Manectric-Mega, F|178\/281
|-damage|p1a: Manectric|143\/281|[from] Stealth Rock
|-ability|p1a: Manectric|Intimidate|[of] p2a: Mega-Luvdisc
|-unboost|p2a: Mega-Luvdisc|atk|1
|move|p2a: Mega-Luvdisc|Toxic|p1a: Manectric
|-status|p1a: Manectric|tox
|
|-damage|p1a: Manectric|126\/281 tox|[from] psn
|turn|29
|
|move|p2a: Mega-Luvdisc|Protect|p2a: Mega-Luvdisc
|-singleturn|p2a: Mega-Luvdisc|Protect
|move|p1a: Manectric|Thunderbolt|p2a: Mega-Luvdisc
|-activate|p2a: Mega-Luvdisc|Protect
|
|-damage|p1a: Manectric|92\/281 tox|[from] psn
|turn|30
|
|switch|p2a: Mega-Tyranitar|Hippowdon, M|91\/420 slp
|-weather|Sandstorm
|move|p1a: Manectric|Thunderbolt|p2a: Mega-Tyranitar
|-immune|p2a: Mega-Tyranitar|[msg]
|
|-weather|Sandstorm|[upkeep]
|-damage|p1a: Manectric|75\/281 tox|[from] sandstorm
|-damage|p1a: Manectric|24\/281 tox|[from] psn
|turn|31
|
|move|p1a: Manectric|Flamethrower|p2a: Mega-Tyranitar
|-damage|p2a: Mega-Tyranitar|0 fnt
|faint|p2a: Mega-Tyranitar
|
|-weather|Sandstorm|[upkeep]
|-damage|p1a: Manectric|7\/281 tox|[from] sandstorm
|-damage|p1a: Manectric|0 fnt|[from] psn
|faint|p1a: Manectric
|
|switch|p1a: Terrakion|Terrakion|283\/323
|-damage|p1a: Terrakion|263\/323|[from] Stealth Rock
|switch|p2a: Mega-Luvdisc|Alomomola, M|534\/534
|turn|32
|
|move|p1a: Terrakion|Stone Edge|p2a: Mega-Luvdisc
|-damage|p2a: Mega-Luvdisc|326\/534
|move|p2a: Mega-Luvdisc|Soak|p1a: Terrakion
|-start|p1a: Terrakion|typechange|Water
|
|-weather|Sandstorm|[upkeep]
|-damage|p1a: Terrakion|243\/323|[from] sandstorm
|-damage|p2a: Mega-Luvdisc|293\/534|[from] sandstorm
|-heal|p2a: Mega-Luvdisc|326\/534|[from] item: Leftovers
|turn|33
|
|move|p1a: Terrakion|Stone Edge|p2a: Mega-Luvdisc
|-damage|p2a: Mega-Luvdisc|182\/534
|move|p2a: Mega-Luvdisc|Wish|p2a: Mega-Luvdisc
|
|-weather|Sandstorm|[upkeep]
|-damage|p1a: Terrakion|223\/323|[from] sandstorm
|-damage|p2a: Mega-Luvdisc|149\/534|[from] sandstorm
|-heal|p2a: Mega-Luvdisc|182\/534|[from] item: Leftovers
|turn|34
|
|move|p2a: Mega-Luvdisc|Protect|p2a: Mega-Luvdisc
|-singleturn|p2a: Mega-Luvdisc|Protect
|move|p1a: Terrakion|Stone Edge|p2a: Mega-Luvdisc
|-activate|p2a: Mega-Luvdisc|Protect
|
|-weather|none
|-heal|p2a: Mega-Luvdisc|449\/534|[from] move: Wish|[wisher] Mega-Luvdisc
|-heal|p2a: Mega-Luvdisc|482\/534|[from] item: Leftovers
|turn|35
|
|move|p1a: Terrakion|Stone Edge|p2a: Mega-Luvdisc
|-damage|p2a: Mega-Luvdisc|337\/534
|move|p2a: Mega-Luvdisc|Wish|p2a: Mega-Luvdisc
|
|-heal|p2a: Mega-Luvdisc|370\/534|[from] item: Leftovers
|turn|36
|
|move|p1a: Terrakion|Stone Edge|p2a: Mega-Luvdisc
|-damage|p2a: Mega-Luvdisc|217\/534
|move|p2a: Mega-Luvdisc|Toxic|p1a: Terrakion
|-status|p1a: Terrakion|tox
|
|-heal|p2a: Mega-Luvdisc|484\/534|[from] move: Wish|[wisher] Mega-Luvdisc
|-heal|p2a: Mega-Luvdisc|517\/534|[from] item: Leftovers
|-damage|p1a: Terrakion|203\/323 tox|[from] psn
|turn|37
|
|move|p1a: Terrakion|Stone Edge|p2a: Mega-Luvdisc
|-crit|p2a: Mega-Luvdisc
|-damage|p2a: Mega-Luvdisc|285\/534
|move|p2a: Mega-Luvdisc|Wish|p2a: Mega-Luvdisc
|
|-heal|p2a: Mega-Luvdisc|318\/534|[from] item: Leftovers
|-damage|p1a: Terrakion|163\/323 tox|[from] psn
|turn|38
|
|switch|p2a: pls no ban|Aegislash, F|34\/322
|-activate|p1a: Terrakion|move: Struggle
|move|p1a: Terrakion|Struggle|p2a: pls no ban
|-damage|p2a: pls no ban|0 fnt
|-damage|p1a: Terrakion|83\/323 tox
|faint|p2a: pls no ban
|
|-damage|p1a: Terrakion|23\/323 tox|[from] psn
|chat|SFNanashi|lol
|
|switch|p2a: Mega-Luvdisc|Alomomola, M|496\/534
|turn|39
|
|-activate|p1a: Terrakion|move: Struggle
|move|p1a: Terrakion|Struggle|p2a: Mega-Luvdisc
|-damage|p2a: Mega-Luvdisc|416\/534
|-damage|p1a: Terrakion|0 fnt
|faint|p1a: Terrakion
|
|win|Rhayader
|raw|Ladder updating...
|raw|SFNanashi's rating: 1553 &rarr; <strong>1529<\/strong><br \/>(-24 for losing)
|raw|Rhayader's rating: 1452 &rarr; <strong>1477<\/strong><br \/>(+25 for winning)