|join|ArchPhantom
|join|Rhayader
|player|p1|ArchPhantom|274
|player|p2|Rhayader|266
|gametype|singles
|gen|6
|tier|OU
|rated
|clearpoke
|poke|p1|Latias, F
|poke|p1|Gyarados, M
|poke|p1|Landorus, M
|poke|p1|Rotom-Wash
|poke|p1|Ferrothorn, F
|poke|p1|Sylveon, M
|poke|p2|Steelix, M
|poke|p2|Porygon2
|poke|p2|Medicham, F
|poke|p2|Sylveon, M
|poke|p2|Alomomola, F
|poke|p2|Rotom-Heat
|rule|Swagger Clause: Swagger is banned
|rule|Baton Pass Clause: Limit one Pokémon knowing Baton Pass
|rule|Sleep Clause Mod: Limit one foe put to sleep
|rule|Species Clause: Limit one of each Pokémon
|rule|OHKO Clause: OHKO moves are banned
|rule|Moody Clause: Moody is banned
|rule|Evasion Moves Clause: Evasion moves are banned
|rule|Endless Battle Clause: Forcing endless battles is banned
|rule|HP Percentage Mod: HP is shown in percentages
|teampreview
|
|start
|switch|p1a: Gyarados|Gyarados, M|331\/331
|switch|p2a: STEEEEEEEEEEEEEEEE|Steelix, M|268\/268
|-ability|p1a: Gyarados|Intimidate|[of] p2a: STEEEEEEEEEEEEEEEE
|-unboost|p2a: STEEEEEEEEEEEEEEEE|atk|1
|turn|1
|
|switch|p1a: Ferrothorn|Ferrothorn, F|352\/352
|move|p2a: STEEEEEEEEEEEEEEEE|Stealth Rock|p1a: Ferrothorn
|-sidestart|p1: ArchPhantom|move: Stealth Rock
|
|turn|2
|
|switch|p2a: ghost oven|Rotom-Heat|279\/279
|move|p1a: Ferrothorn|Stealth Rock|p2a: ghost oven
|-sidestart|p2: Rhayader|move: Stealth Rock
|
|turn|3
|
|move|p1a: Ferrothorn|Protect|p1a: Ferrothorn
|-singleturn|p1a: Ferrothorn|Protect
|move|p2a: ghost oven|Will-O-Wisp|p1a: Ferrothorn
|-activate|p1a: Ferrothorn|Protect
|
|turn|4
|
|switch|p1a: Rotom-Wash|Rotom-Wash|304\/304
|-damage|p1a: Rotom-Wash|266\/304|[from] Stealth Rock
|move|p2a: ghost oven|Will-O-Wisp|p1a: Rotom-Wash
|-status|p1a: Rotom-Wash|brn
|
|-heal|p1a: Rotom-Wash|285\/304 brn|[from] item: Leftovers
|-damage|p1a: Rotom-Wash|247\/304 brn|[from] brn
|turn|5
|
|switch|p2a: super meta|Sylveon, M|394\/394
|-damage|p2a: super meta|345\/394|[from] Stealth Rock
|move|p1a: Rotom-Wash|Volt Switch|p2a: super meta
|-damage|p2a: super meta|272\/394
|
|switch|p1a: Ferrothorn|Ferrothorn, F|352\/352
|-damage|p1a: Ferrothorn|330\/352|[from] Stealth Rock
|
|-heal|p2a: super meta|296\/394|[from] item: Leftovers
|-heal|p1a: Ferrothorn|352\/352|[from] item: Leftovers
|turn|6
|
|switch|p2a: FUCK YOU CHANSEY|Medicham, F|261\/261
|-damage|p2a: FUCK YOU CHANSEY|245\/261|[from] Stealth Rock
|move|p1a: Ferrothorn|Leech Seed|p2a: FUCK YOU CHANSEY
|-start|p2a: FUCK YOU CHANSEY|move: Leech Seed
|
|-damage|p2a: FUCK YOU CHANSEY|213\/261|[from] Leech Seed|[of] p1a: Ferrothorn
|turn|7
|
|switch|p1a: Sylveon|Sylveon, M|394\/394
|-damage|p1a: Sylveon|345\/394|[from] Stealth Rock
|detailschange|p2a: FUCK YOU CHANSEY|Medicham-Mega, F
|message|Medicham has Mega Evolved into Mega Medicham!
|move|p2a: FUCK YOU CHANSEY|Fire Punch|p1a: Sylveon
|-damage|p1a: Sylveon|186\/394
|
|-heal|p1a: Sylveon|210\/394|[from] item: Leftovers
|-damage|p2a: FUCK YOU CHANSEY|181\/261|[from] Leech Seed|[of] p1a: Sylveon
|-heal|p1a: Sylveon|242\/394|[silent]
|turn|8
|
|move|p2a: FUCK YOU CHANSEY|Zen Headbutt|p1a: Sylveon
|-damage|p1a: Sylveon|0 fnt
|faint|p1a: Sylveon
|
|
|switch|p1a: Latias|Latias, F|303\/303
|-damage|p1a: Latias|266\/303|[from] Stealth Rock
|turn|9
|
|switch|p2a: best ducke|Porygon2|374\/374
|-damage|p2a: best ducke|328\/374|[from] Stealth Rock
|-ability|p2a: best ducke|Levitate|[from] ability: Trace|[of] p1a: Latias
|move|p1a: Latias|Psyshock|p2a: best ducke
|-damage|p2a: best ducke|203\/374
|-damage|p1a: Latias|236\/303|[from] item: Life Orb
|
|turn|10
|
|switch|p1a: Landorus|Landorus, M|319\/319
|-damage|p1a: Landorus|280\/319|[from] Stealth Rock
|move|p2a: best ducke|Thunder Wave|p1a: Landorus
|-immune|p1a: Landorus|[msg]
|
|turn|11
|
|move|p1a: Landorus|Knock Off|p2a: best ducke
|-damage|p2a: best ducke|111\/374
|-enditem|p2a: best ducke|Eviolite|[from] move: Knock Off|[of] p1a: Landorus
|-damage|p1a: Landorus|249\/319|[from] item: Life Orb
|move|p2a: best ducke|Ice Beam|p1a: Landorus
|-supereffective|p1a: Landorus
|-damage|p1a: Landorus|0 fnt
|faint|p1a: Landorus
|
|
|switch|p1a: Latias|Latias, F|236\/303
|-damage|p1a: Latias|199\/303|[from] Stealth Rock
|turn|12
|
|move|p1a: Latias|Psyshock|p2a: best ducke
|-damage|p2a: best ducke|0 fnt
|-damage|p1a: Latias|169\/303|[from] item: Life Orb
|faint|p2a: best ducke
|
|
|switch|p2a: super meta|Sylveon, M|296\/394
|-damage|p2a: super meta|247\/394|[from] Stealth Rock
|turn|13
|
|move|p1a: Latias|Psyshock|p2a: super meta
|-damage|p2a: super meta|83\/394
|-damage|p1a: Latias|139\/303|[from] item: Life Orb
|move|p2a: super meta|Wish|p2a: super meta
|
|-heal|p2a: super meta|107\/394|[from] item: Leftovers
|turn|14
|
|switch|p2a: STEEEEEEEEEEEEEEEE|Steelix, M|268\/268
|-damage|p2a: STEEEEEEEEEEEEEEEE|260\/268|[from] Stealth Rock
|move|p1a: Latias|Roost|p1a: Latias
|-heal|p1a: Latias|291\/303
|
|-heal|p2a: STEEEEEEEEEEEEEEEE|268\/268|[from] move: Wish|[wisher] super meta
|turn|15
|
|move|p1a: Latias|Hidden Power|p2a: STEEEEEEEEEEEEEEEE
|-supereffective|p2a: STEEEEEEEEEEEEEEEE
|-damage|p2a: STEEEEEEEEEEEEEEEE|112\/268
|-damage|p1a: Latias|261\/303|[from] item: Life Orb
|move|p2a: STEEEEEEEEEEEEEEEE|Gyro Ball|p1a: Latias
|-damage|p1a: Latias|8\/303
|
|-heal|p2a: STEEEEEEEEEEEEEEEE|128\/268|[from] item: Leftovers
|turn|16
|
|move|p1a: Latias|Roost|p1a: Latias
|-heal|p1a: Latias|160\/303
|move|p2a: STEEEEEEEEEEEEEEEE|Roar|p1a: Latias
|drag|p1a: Rotom-Wash|Rotom-Wash|247\/304 brn
|-damage|p1a: Rotom-Wash|209\/304 brn|[from] Stealth Rock
|
|-heal|p1a: Rotom-Wash|228\/304 brn|[from] item: Leftovers
|-heal|p2a: STEEEEEEEEEEEEEEEE|144\/268|[from] item: Leftovers
|-damage|p1a: Rotom-Wash|190\/304 brn|[from] brn
|turn|17
|
|move|p1a: Rotom-Wash|Volt Switch|p2a: STEEEEEEEEEEEEEEEE
|-immune|p2a: STEEEEEEEEEEEEEEEE|[msg]
|move|p2a: STEEEEEEEEEEEEEEEE|Roar|p1a: Rotom-Wash
|drag|p1a: Ferrothorn|Ferrothorn, F|352\/352
|-damage|p1a: Ferrothorn|330\/352|[from] Stealth Rock
|
|-heal|p1a: Ferrothorn|352\/352|[from] item: Leftovers
|-heal|p2a: STEEEEEEEEEEEEEEEE|160\/268|[from] item: Leftovers
|turn|18
|
|switch|p2a: Mega-Luvdisc|Alomomola, F|534\/534
|-damage|p2a: Mega-Luvdisc|468\/534|[from] Stealth Rock
|move|p1a: Ferrothorn|Leech Seed|p2a: Mega-Luvdisc
|-start|p2a: Mega-Luvdisc|move: Leech Seed
|
|-heal|p2a: Mega-Luvdisc|501\/534|[from] item: Leftovers
|-damage|p2a: Mega-Luvdisc|435\/534|[from] Leech Seed|[of] p1a: Ferrothorn
|turn|19
|
|switch|p1a: Gyarados|Gyarados, M|331\/331
|-damage|p1a: Gyarados|249\/331|[from] Stealth Rock
|-ability|p1a: Gyarados|Intimidate|[of] p2a: Mega-Luvdisc
|-unboost|p2a: Mega-Luvdisc|atk|1
|move|p2a: Mega-Luvdisc|Wish|p2a: Mega-Luvdisc
|
|-heal|p2a: Mega-Luvdisc|468\/534|[from] item: Leftovers
|-damage|p2a: Mega-Luvdisc|402\/534|[from] Leech Seed|[of] p1a: Gyarados
|-heal|p1a: Gyarados|315\/331|[silent]
|turn|20
|
|switch|p2a: super meta|Sylveon, M|107\/394
|-damage|p2a: super meta|58\/394|[from] Stealth Rock
|move|p1a: Gyarados|Substitute|p1a: Gyarados
|-start|p1a: Gyarados|Substitute
|-damage|p1a: Gyarados|233\/331
|
|-heal|p2a: super meta|325\/394|[from] move: Wish|[wisher] Mega-Luvdisc
|-heal|p2a: super meta|349\/394|[from] item: Leftovers
|turn|21
|
|move|p1a: Gyarados|Dragon Dance|p1a: Gyarados
|-boost|p1a: Gyarados|atk|1
|-boost|p1a: Gyarados|spe|1
|move|p2a: super meta|Hyper Voice|p1a: Gyarados
|-damage|p1a: Gyarados|74\/331
|
|-heal|p2a: super meta|373\/394|[from] item: Leftovers
|turn|22
|
|detailschange|p1a: Gyarados|Gyarados-Mega, M
|message|Gyarados has Mega Evolved into Mega Gyarados!
|-ability|p1a: Gyarados|Mold Breaker
|move|p1a: Gyarados|Waterfall|p2a: super meta
|-damage|p2a: super meta|117\/394
|move|p2a: super meta|Hyper Voice|p1a: Gyarados
|-supereffective|p1a: Gyarados
|-damage|p1a: Gyarados|0 fnt
|faint|p1a: Gyarados
|
|-heal|p2a: super meta|141\/394|[from] item: Leftovers
|
|switch|p1a: Latias|Latias, F|160\/303
|-damage|p1a: Latias|123\/303|[from] Stealth Rock
|turn|23
|
|move|p1a: Latias|Psyshock|p2a: super meta
|-damage|p2a: super meta|0 fnt
|-damage|p1a: Latias|93\/303|[from] item: Life Orb
|faint|p2a: super meta
|
|
|switch|p2a: ghost oven|Rotom-Heat|279\/279
|-damage|p2a: ghost oven|210\/279|[from] Stealth Rock
|turn|24
|
|move|p2a: ghost oven|Trick|p1a: Latias
|-activate|p2a: ghost oven|move: Trick|[of] p1a: Latias
|-item|p1a: Latias|Choice Scarf|[from] move: Trick
|-item|p2a: ghost oven|Life Orb|[from] move: Trick
|move|p1a: Latias|Reflect Type|p2a: ghost oven
|-start|p1a: Latias|typechange|Electric\/Fire|[from] move: Reflect Type|[of] p2a: ghost oven
|
|turn|25
|
|switch|p1a: Ferrothorn|Ferrothorn, F|352\/352
|-damage|p1a: Ferrothorn|330\/352|[from] Stealth Rock
|move|p2a: ghost oven|Volt Switch|p1a: Ferrothorn
|-resisted|p1a: Ferrothorn
|-damage|p1a: Ferrothorn|270\/352
|-damage|p2a: ghost oven|183\/279|[from] item: Life Orb
|
|switch|p2a: FUCK YOU CHANSEY|Medicham-Mega, F|181\/261
|-damage|p2a: FUCK YOU CHANSEY|165\/261|[from] Stealth Rock
|
|-heal|p1a: Ferrothorn|292\/352|[from] item: Leftovers
|turn|26
|c|★Rhayader|nice latias set
|c|★ArchPhantom|Thnx
|c|★ArchPhantom|gg :)
|c|★Rhayader|i was really waiting for that defog lol
|c|★ArchPhantom|Haha
|
|switch|p1a: Rotom-Wash|Rotom-Wash|190\/304 brn
|-damage|p1a: Rotom-Wash|152\/304 brn|[from] Stealth Rock
|move|p2a: FUCK YOU CHANSEY|Fire Punch|p1a: Rotom-Wash
|-resisted|p1a: Rotom-Wash
|-damage|p1a: Rotom-Wash|99\/304 brn
|
|-heal|p1a: Rotom-Wash|118\/304 brn|[from] item: Leftovers
|-damage|p1a: Rotom-Wash|80\/304 brn|[from] brn
|turn|27
|
|move|p2a: FUCK YOU CHANSEY|High Jump Kick|p1a: Rotom-Wash
|-damage|p1a: Rotom-Wash|0 fnt
|faint|p1a: Rotom-Wash
|
|
|switch|p1a: Latias|Latias, F|93\/303
|-damage|p1a: Latias|56\/303|[from] Stealth Rock
|turn|28
|
|switch|p2a: STEEEEEEEEEEEEEEEE|Steelix, M|160\/268
|-damage|p2a: STEEEEEEEEEEEEEEEE|152\/268|[from] Stealth Rock
|move|p1a: Latias|Roost|p1a: Latias
|-heal|p1a: Latias|208\/303
|
|-heal|p2a: STEEEEEEEEEEEEEEEE|168\/268|[from] item: Leftovers
|turn|29
|
|switch|p1a: Ferrothorn|Ferrothorn, F|292\/352
|-damage|p1a: Ferrothorn|270\/352|[from] Stealth Rock
|move|p2a: STEEEEEEEEEEEEEEEE|Roar|p1a: Ferrothorn
|drag|p1a: Latias|Latias, F|208\/303
|-damage|p1a: Latias|171\/303|[from] Stealth Rock
|
|-heal|p2a: STEEEEEEEEEEEEEEEE|184\/268|[from] item: Leftovers
|turn|30
|
|move|p1a: Latias|Hidden Power|p2a: STEEEEEEEEEEEEEEEE
|-supereffective|p2a: STEEEEEEEEEEEEEEEE
|-damage|p2a: STEEEEEEEEEEEEEEEE|46\/268
|move|p2a: STEEEEEEEEEEEEEEEE|Gyro Ball|p1a: Latias
|-damage|p1a: Latias|0 fnt
|faint|p1a: Latias
|
|-heal|p2a: STEEEEEEEEEEEEEEEE|62\/268|[from] item: Leftovers
|
|switch|p1a: Ferrothorn|Ferrothorn, F|270\/352
|-damage|p1a: Ferrothorn|248\/352|[from] Stealth Rock
|turn|31
|
|move|p1a: Ferrothorn|Leech Seed|p2a: STEEEEEEEEEEEEEEEE
|-start|p2a: STEEEEEEEEEEEEEEEE|move: Leech Seed
|move|p2a: STEEEEEEEEEEEEEEEE|Earthquake|p1a: Ferrothorn
|-damage|p1a: Ferrothorn|149\/352
|
|-heal|p1a: Ferrothorn|171\/352|[from] item: Leftovers
|-heal|p2a: STEEEEEEEEEEEEEEEE|78\/268|[from] item: Leftovers
|-damage|p2a: STEEEEEEEEEEEEEEEE|45\/268|[from] Leech Seed|[of] p1a: Ferrothorn
|-heal|p1a: Ferrothorn|204\/352|[silent]
|turn|32
|
|move|p1a: Ferrothorn|Leech Seed|p2a: STEEEEEEEEEEEEEEEE
|-fail|p2a: STEEEEEEEEEEEEEEEE
|move|p2a: STEEEEEEEEEEEEEEEE|Earthquake|p1a: Ferrothorn
|-damage|p1a: Ferrothorn|120\/352
|
|-heal|p1a: Ferrothorn|142\/352|[from] item: Leftovers
|-heal|p2a: STEEEEEEEEEEEEEEEE|61\/268|[from] item: Leftovers
|-damage|p2a: STEEEEEEEEEEEEEEEE|28\/268|[from] Leech Seed|[of] p1a: Ferrothorn
|-heal|p1a: Ferrothorn|175\/352|[silent]
|turn|33
|
|move|p1a: Ferrothorn|Protect|p1a: Ferrothorn
|-singleturn|p1a: Ferrothorn|Protect
|move|p2a: STEEEEEEEEEEEEEEEE|Earthquake|p1a: Ferrothorn
|-activate|p1a: Ferrothorn|Protect
|
|-heal|p1a: Ferrothorn|197\/352|[from] item: Leftovers
|-heal|p2a: STEEEEEEEEEEEEEEEE|44\/268|[from] item: Leftovers
|-damage|p2a: STEEEEEEEEEEEEEEEE|11\/268|[from] Leech Seed|[of] p1a: Ferrothorn
|-heal|p1a: Ferrothorn|230\/352|[silent]
|turn|34
|
|move|p1a: Ferrothorn|Protect|p1a: Ferrothorn
|-singleturn|p1a: Ferrothorn|Protect
|move|p2a: STEEEEEEEEEEEEEEEE|Earthquake|p1a: Ferrothorn
|-activate|p1a: Ferrothorn|Protect
|
|-heal|p1a: Ferrothorn|252\/352|[from] item: Leftovers
|-heal|p2a: STEEEEEEEEEEEEEEEE|27\/268|[from] item: Leftovers
|-damage|p2a: STEEEEEEEEEEEEEEEE|0 fnt|[from] Leech Seed|[of] p1a: Ferrothorn
|-heal|p1a: Ferrothorn|279\/352|[silent]
|faint|p2a: STEEEEEEEEEEEEEEEE
|
|switch|p2a: FUCK YOU CHANSEY|Medicham-Mega, F|165\/261
|-damage|p2a: FUCK YOU CHANSEY|149\/261|[from] Stealth Rock
|turn|35
|c|★ArchPhantom|nice team. Man medi is a threat 
|
|move|p2a: FUCK YOU CHANSEY|Fire Punch|p1a: Ferrothorn
|-supereffective|p1a: Ferrothorn
|-damage|p1a: Ferrothorn|0 fnt
|-damage|p2a: FUCK YOU CHANSEY|117\/261|[from] ability: Iron Barbs|[of] p1a: Ferrothorn
|faint|p1a: Ferrothorn
|
|win|Rhayader
|raw|Ladder updating...
|raw|ArchPhantom's rating: 1524 &rarr; <strong>1505<\/strong><br \/>(-19 for losing)
|raw|Rhayader's rating: 1553 &rarr; <strong>1578<\/strong><br \/>(+25 for winning)
|c|★Rhayader|yeah
|c|★Rhayader|gg
|c|★ArchPhantom|gg
|leave|ArchPhantom
|player|p1