|join|2276a
|join|Rhayader
|player|p1|2276a|162
|player|p2|Rhayader|#showtan
|gametype|singles
|gen|6
|tier|OU
|rated
|clearpoke
|poke|p1|Altaria, F
|poke|p1|Heatran, M
|poke|p1|Ferrothorn, M
|poke|p1|Rotom-Wash
|poke|p1|Sableye, M
|poke|p1|Mew
|poke|p2|Zapdos
|poke|p2|Toxicroak, M
|poke|p2|Altaria, F
|poke|p2|Empoleon, F
|poke|p2|Rotom-Heat
|poke|p2|Bisharp, M
|rule|Swagger Clause: Swagger is banned
|rule|Baton Pass Clause: Limit one Pokémon knowing Baton Pass
|rule|Sleep Clause Mod: Limit one foe put to sleep
|rule|Species Clause: Limit one of each Pokémon
|rule|OHKO Clause: OHKO moves are banned
|rule|Moody Clause: Moody is banned
|rule|Evasion Moves Clause: Evasion moves are banned
|rule|Endless Battle Clause: Forcing endless battles is banned
|rule|HP Percentage Mod: HP is shown in percentages
|teampreview
|join|Djsol
|join|The Lister Mr.
|join|Aminiscent
|join|3-Cheese Pizzans
|
|start
|switch|p1a: Sableye|Sableye, M|303\/303
|switch|p2a: zap7|Zapdos|364\/364
|-ability|p2a: zap7|Pressure
|turn|1
|c| The Lister Mr.|watch out for mega
|c| 3-Cheese Pizzans|hes gonna tundawave
|c| 3-Cheese Pizzans|better bounce that shit right back
|c|★Rhayader|im setting rocks
|
|move|p2a: zap7|Thunderbolt|p1a: Sableye
|-crit|p1a: Sableye
|-damage|p1a: Sableye|0 fnt
|-damage|p2a: zap7|328\/364|[from] item: Life Orb
|faint|p1a: Sableye
|
|c| Djsol|with zapadoo?
|c|★Rhayader|yes
|c| Djsol|CRITS MATTER
|c|★2276a|?
|c| Aminiscent|bully timeru
|
|switch|p1a: Mew|Mew|342\/342
|turn|2
|c| The Lister Mr.|quick use stealth lightning
|c|★Rhayader|spoiler: it actually didnt matter
|c|★Rhayader|now i can set rocks safely
|c|★Rhayader|no bounces here
|
|move|p2a: zap7|Thunderbolt|p1a: Mew
|-damage|p1a: Mew|159\/342
|-damage|p2a: zap7|292\/364|[from] item: Life Orb
|move|p1a: Mew|Ice Beam|p2a: zap7
|-supereffective|p2a: zap7
|-damage|p2a: zap7|132\/364
|
|turn|3
|leave|Aminiscent
|c|★Rhayader|zapdos the best mon
|c| The Lister Mr.|n**ice meme**
|
|switch|p1a: Ferrothorn|Ferrothorn, M|351\/351
|move|p2a: zap7|Thunderbolt|p1a: Ferrothorn
|-resisted|p1a: Ferrothorn
|-damage|p1a: Ferrothorn|281\/351
|-damage|p2a: zap7|96\/364|[from] item: Life Orb
|
|-heal|p1a: Ferrothorn|302\/351|[from] item: Leftovers
|turn|4
|c| The Lister Mr.|quick use stealth fire
|c|★Rhayader|i clicked magic coat
|
|move|p1a: Ferrothorn|Protect|p1a: Ferrothorn
|-singleturn|p1a: Ferrothorn|Protect
|move|p2a: zap7|Heat Wave|p1a: Ferrothorn
|-activate|p1a: Ferrothorn|Protect
|
|-heal|p1a: Ferrothorn|323\/351|[from] item: Leftovers
|turn|5
|c| The Lister Mr.|hawt
|
|switch|p1a: Heatran|Heatran, M|323\/323
|-item|p1a: Heatran|Air Balloon
|move|p2a: zap7|Roost|p2a: zap7
|-heal|p2a: zap7|278\/364
|
|turn|6
|c| The Lister Mr.|dinkws
|c|★Rhayader|>implying any heatran-grass type is hard to predict
|
|move|p1a: Heatran|Lava Plume|p2a: zap7
|-damage|p2a: zap7|115\/364
|move|p2a: zap7|Thunderbolt|p1a: Heatran
|-damage|p1a: Heatran|89\/323
|-enditem|p1a: Heatran|Air Balloon
|-damage|p2a: zap7|79\/364|[from] item: Life Orb
|
|turn|7
|c|★Rhayader|nice fast heatran
|
|switch|p2a: ghost oven|Rotom-Heat|304\/304
|move|p1a: Heatran|Lava Plume|p2a: ghost oven
|-resisted|p2a: ghost oven
|-damage|p2a: ghost oven|234\/304
|
|-heal|p2a: ghost oven|253\/304|[from] item: Leftovers
|turn|8
|c| The Lister Mr.|le scarftran
|c|★Rhayader|>balloon
|c| The Lister Mr.|you popped it and itl landed on a scarf
|
|switch|p1a: Rotom-Wash|Rotom-Wash|303\/303
|move|p2a: ghost oven|Volt Switch|p1a: Rotom-Wash
|-damage|p1a: Rotom-Wash|228\/303
|c|★Rhayader|its not the first fast balloon heatran i see
|c| The Lister Mr.|**duh**
|c| The Lister Mr.|why is zap7 not fast
|
|switch|p2a: zap7|Zapdos|79\/364
|-ability|p2a: zap7|Pressure
|
|-heal|p1a: Rotom-Wash|246\/303|[from] item: Leftovers
|turn|9
|c|★Rhayader|zap7 is fast
|c|★Rhayader|that heatran is really fast
|c| The Lister Mr.|zapdos is barely fast apparently
|c| The Lister Mr.|77 v 100
|c|★Rhayader|>implying i run max speed
|c|★Rhayader|that's probably a timid heatran
|c| The Lister Mr.|>not running max speed modest
|
|move|p2a: zap7|Roost|p2a: zap7
|-heal|p2a: zap7|261\/364
|move|p1a: Rotom-Wash|Hydro Pump|p2a: zap7|[miss]
|-miss|p1a: Rotom-Wash|p2a: zap7
|
|-heal|p1a: Rotom-Wash|264\/303|[from] item: Leftovers
|turn|10
|
|move|p2a: zap7|Thunderbolt|p1a: Rotom-Wash
|-damage|p1a: Rotom-Wash|57\/303
|-damage|p2a: zap7|225\/364|[from] item: Life Orb
|move|p1a: Rotom-Wash|Hydro Pump|p2a: zap7
|-damage|p2a: zap7|75\/364
|
|-heal|p1a: Rotom-Wash|75\/303|[from] item: Leftovers
|turn|11
|
|move|p2a: zap7|Thunderbolt|p1a: Rotom-Wash
|-damage|p1a: Rotom-Wash|0 fnt
|-damage|p2a: zap7|39\/364|[from] item: Life Orb
|faint|p1a: Rotom-Wash
|
|c|★Rhayader|zapdos the best mon
|
|switch|p1a: Mew|Mew|159\/342
|turn|12
|
|move|p1a: Mew|Vacuum Wave|p2a: zap7
|-resisted|p2a: zap7
|-damage|p2a: zap7|22\/364
|move|p2a: zap7|Thunderbolt|p1a: Mew
|-damage|p1a: Mew|0 fnt
|-damage|p2a: zap7|0 fnt|[from] item: Life Orb
|faint|p1a: Mew
|faint|p2a: zap7
|
|
|switch|p1a: Heatran|Heatran, M|89\/323
|switch|p2a: ghost oven|Rotom-Heat|253\/304
|turn|13
|
|switch|p1a: Ferrothorn|Ferrothorn, M|323\/351
|move|p2a: ghost oven|Volt Switch|p1a: Ferrothorn
|-resisted|p1a: Ferrothorn
|-damage|p1a: Ferrothorn|295\/351
|
|switch|p2a: frog meme|Toxicroak, M|307\/307
|
|-heal|p1a: Ferrothorn|316\/351|[from] item: Leftovers
|turn|14
|
|move|p2a: frog meme|Swords Dance|p2a: frog meme
|-boost|p2a: frog meme|atk|2
|move|p1a: Ferrothorn|Leech Seed|p2a: frog meme|[miss]
|-miss|p1a: Ferrothorn|p2a: frog meme
|
|-heal|p1a: Ferrothorn|337\/351|[from] item: Leftovers
|turn|15
|c|★2276a|all bad
|c|★Rhayader|>implying it would matter
|
|move|p2a: frog meme|Drain Punch|p1a: Ferrothorn
|-supereffective|p1a: Ferrothorn
|-damage|p1a: Ferrothorn|0 fnt
|-damage|p2a: frog meme|269\/307|[from] ability: Iron Barbs|[of] p1a: Ferrothorn
|faint|p1a: Ferrothorn
|
|-heal|p2a: frog meme|288\/307|[from] item: Black Sludge
|c|★Rhayader|you have nothing anyway
|
|switch|p1a: Heatran|Heatran, M|89\/323
|turn|16
|
|move|p2a: frog meme|Sucker Punch|p1a: Heatran
|-damage|p1a: Heatran|0 fnt
|faint|p1a: Heatran
|
|-heal|p2a: frog meme|307\/307|[from] item: Black Sludge
|c|★Rhayader|literally 3 mons
|
|switch|p1a: Altaria|Altaria, F|291\/291
|turn|17
|
|detailschange|p1a: Altaria|Altaria-Mega, F
|-mega|p1a: Altaria|Altaria|Altarianite
|move|p1a: Altaria|Dragon Dance|p1a: Altaria
|-boost|p1a: Altaria|atk|1
|-boost|p1a: Altaria|spe|1
|move|p2a: frog meme|Gunk Shot|p1a: Altaria
|-supereffective|p1a: Altaria
|-damage|p1a: Altaria|0 fnt
|faint|p1a: Altaria
|
|win|Rhayader
|raw|Ladder updating...
|raw|2276a's rating: 1487 &rarr; <strong>1470<\/strong><br \/>(-17 for losing)
|raw|Rhayader's rating: 1547 &rarr; <strong>1563<\/strong><br \/>(+16 for winning)