|join|Rhayader
|join|WonderchildIT
|player|p1|Rhayader|40
|player|p2|WonderchildIT|280
|gametype|singles
|gen|6
|tier|OU
|rated
|clearpoke
|poke|p1|Zapdos
|poke|p1|Toxicroak, M
|poke|p1|Altaria, F
|poke|p1|Claydol, shiny
|poke|p1|Rotom-Heat
|poke|p1|Bisharp, F
|poke|p2|Rotom-Wash
|poke|p2|Greninja, M
|poke|p2|Venusaur, F
|poke|p2|Scizor, M
|poke|p2|Mew
|poke|p2|Ferrothorn, M
|rule|Swagger Clause: Swagger is banned
|rule|Baton Pass Clause: Limit one Pokémon knowing Baton Pass
|rule|Sleep Clause Mod: Limit one foe put to sleep
|rule|Species Clause: Limit one of each Pokémon
|rule|OHKO Clause: OHKO moves are banned
|rule|Moody Clause: Moody is banned
|rule|Evasion Moves Clause: Evasion moves are banned
|rule|Endless Battle Clause: Forcing endless battles is banned
|rule|HP Percentage Mod: HP is shown in percentages
|teampreview
|
|start
|switch|p1a: frog meme|Toxicroak, M|307\/307
|switch|p2a: Venusaur|Venusaur, F|320\/320
|turn|1
|
|detailschange|p2a: Venusaur|Venusaur-Mega, F
|message|Venusaur has Mega Evolved into Mega Venusaur!
|move|p1a: frog meme|Substitute|p1a: frog meme
|-start|p1a: frog meme|Substitute
|-damage|p1a: frog meme|231\/307
|move|p2a: Venusaur|Sludge Bomb|p1a: frog meme
|-resisted|p1a: frog meme
|-end|p1a: frog meme|Substitute
|
|-heal|p1a: frog meme|250\/307|[from] item: Black Sludge
|turn|2
|
|switch|p1a: le 5050 man|Bisharp, F|271\/271
|move|p2a: Venusaur|Sludge Bomb|p1a: le 5050 man
|-immune|p1a: le 5050 man|[msg]
|
|turn|3
|
|move|p2a: Venusaur|Giga Drain|p1a: le 5050 man
|-resisted|p1a: le 5050 man
|-damage|p1a: le 5050 man|186\/271
|move|p1a: le 5050 man|Swords Dance|p1a: le 5050 man
|-boost|p1a: le 5050 man|atk|2
|
|turn|4
|
|move|p2a: Venusaur|Giga Drain|p1a: le 5050 man
|-resisted|p1a: le 5050 man
|-damage|p1a: le 5050 man|93\/271
|move|p1a: le 5050 man|Iron Head|p2a: Venusaur
|-damage|p2a: Venusaur|50\/320
|
|turn|5
|
|switch|p2a: Ferrothorn|Ferrothorn, M|352\/352
|move|p1a: le 5050 man|Sucker Punch|p2a: Ferrothorn
|-fail|p2a: Ferrothorn
|
|turn|6
|
|move|p1a: le 5050 man|Knock Off|p2a: Ferrothorn
|-damage|p2a: Ferrothorn|66\/352
|-damage|p1a: le 5050 man|60\/271|[from] ability: Iron Barbs|[of] p2a: Ferrothorn
|-damage|p1a: le 5050 man|15\/271|[from] item: Rocky Helmet|[of] p2a: Ferrothorn
|-enditem|p2a: Ferrothorn|Rocky Helmet|[from] move: Knock Off|[of] p1a: le 5050 man
|move|p2a: Ferrothorn|Leech Seed|p1a: le 5050 man
|-start|p1a: le 5050 man|move: Leech Seed
|
|-damage|p1a: le 5050 man|0 fnt|[from] Leech Seed|[of] p2a: Ferrothorn
|-heal|p2a: Ferrothorn|81\/352|[silent]
|faint|p1a: le 5050 man
|
|switch|p1a: frog meme|Toxicroak, M|250\/307
|turn|7
|
|switch|p2a: Scizor|Scizor, M|343\/343
|move|p1a: frog meme|Drain Punch|p2a: Scizor
|-damage|p2a: Scizor|205\/343
|-heal|p1a: frog meme|307\/307|[from] drain|[of] p2a: Scizor
|
|turn|8
|
|switch|p1a: ghost oven|Rotom-Heat|304\/304
|move|p2a: Scizor|U-turn|p1a: ghost oven
|-resisted|p1a: ghost oven
|-damage|p1a: ghost oven|234\/304
|
|switch|p2a: Rotom-Wash|Rotom-Wash|304\/304
|
|-heal|p1a: ghost oven|253\/304|[from] item: Leftovers
|turn|9
|
|move|p2a: Rotom-Wash|Volt Switch|p1a: ghost oven
|-resisted|p1a: ghost oven
|-damage|p1a: ghost oven|215\/304
|
|switch|p2a: Venusaur|Venusaur-Mega, F|50\/320
|move|p1a: ghost oven|Volt Switch|p2a: Venusaur
|-resisted|p2a: Venusaur
|-damage|p2a: Venusaur|10\/320
|
|switch|p1a: zap7|Zapdos|364\/364
|-ability|p1a: zap7|Pressure
|
|turn|10
|
|move|p1a: zap7|Thunderbolt|p2a: Venusaur
|-resisted|p2a: Venusaur
|-damage|p2a: Venusaur|0 fnt
|-damage|p1a: zap7|328\/364|[from] item: Life Orb
|faint|p2a: Venusaur
|
|
|switch|p2a: Mew|Mew|404\/404
|turn|11
|
|move|p1a: zap7|Thunderbolt|p2a: Mew
|-damage|p2a: Mew|232\/404
|-damage|p1a: zap7|292\/364|[from] item: Life Orb
|move|p2a: Mew|Knock Off|p1a: zap7
|-damage|p1a: zap7|209\/364
|-enditem|p1a: zap7|Life Orb|[from] move: Knock Off|[of] p2a: Mew
|
|-heal|p2a: Mew|257\/404|[from] item: Leftovers
|turn|12
|
|move|p1a: zap7|Thunderbolt|p2a: Mew
|-damage|p2a: Mew|131\/404
|move|p2a: Mew|Will-O-Wisp|p1a: zap7
|-status|p1a: zap7|brn
|
|-heal|p2a: Mew|156\/404|[from] item: Leftovers
|-damage|p1a: zap7|164\/364 brn|[from] brn
|turn|13
|
|move|p1a: zap7|Thunderbolt|p2a: Mew
|-damage|p2a: Mew|35\/404
|move|p2a: Mew|Roost|p2a: Mew
|-heal|p2a: Mew|237\/404
|
|-heal|p2a: Mew|262\/404|[from] item: Leftovers
|-damage|p1a: zap7|119\/364 brn|[from] brn
|turn|14
|
|move|p1a: zap7|Roost|p1a: zap7
|-heal|p1a: zap7|301\/364 brn
|move|p2a: Mew|Taunt|p1a: zap7
|-start|p1a: zap7|move: Taunt
|
|-heal|p2a: Mew|287\/404|[from] item: Leftovers
|-damage|p1a: zap7|256\/364 brn|[from] brn
|turn|15
|
|move|p1a: zap7|Thunderbolt|p2a: Mew
|-damage|p2a: Mew|173\/404
|move|p2a: Mew|Knock Off|p1a: zap7
|-damage|p1a: zap7|192\/364 brn
|
|-heal|p2a: Mew|198\/404|[from] item: Leftovers
|-damage|p1a: zap7|147\/364 brn|[from] brn
|turn|16
|
|switch|p1a: ghost oven|Rotom-Heat|215\/304
|move|p2a: Mew|Roost|p2a: Mew
|-heal|p2a: Mew|400\/404
|
|-heal|p2a: Mew|404\/404|[from] item: Leftovers
|-heal|p1a: ghost oven|234\/304|[from] item: Leftovers
|turn|17
|
|move|p2a: Mew|Knock Off|p1a: ghost oven
|-damage|p1a: ghost oven|185\/304
|-enditem|p1a: ghost oven|Leftovers|[from] move: Knock Off|[of] p2a: Mew
|move|p1a: ghost oven|Will-O-Wisp|p2a: Mew|[miss]
|-miss|p1a: ghost oven|p2a: Mew
|
|turn|18
|
|move|p2a: Mew|Taunt|p1a: ghost oven
|-start|p1a: ghost oven|move: Taunt
|move|p1a: ghost oven|Volt Switch|p2a: Mew
|-damage|p2a: Mew|344\/404
|
|switch|p1a: frog meme|Toxicroak, M|307\/307
|
|-heal|p2a: Mew|369\/404|[from] item: Leftovers
|turn|19
|
|move|p1a: frog meme|Substitute|p1a: frog meme
|-start|p1a: frog meme|Substitute
|-damage|p1a: frog meme|231\/307
|move|p2a: Mew|Knock Off|p1a: frog meme
|-resisted|p1a: frog meme
|-activate|p1a: frog meme|Substitute|[damage]
|
|-heal|p1a: frog meme|250\/307|[from] item: Black Sludge
|-heal|p2a: Mew|394\/404|[from] item: Leftovers
|turn|20
|
|move|p1a: frog meme|Swords Dance|p1a: frog meme
|-boost|p1a: frog meme|atk|2
|move|p2a: Mew|Knock Off|p1a: frog meme
|-resisted|p1a: frog meme
|-end|p1a: frog meme|Substitute
|
|-heal|p1a: frog meme|269\/307|[from] item: Black Sludge
|-heal|p2a: Mew|404\/404|[from] item: Leftovers
|turn|21
|
|switch|p2a: Rotom-Wash|Rotom-Wash|304\/304
|move|p1a: frog meme|Substitute|p1a: frog meme
|-start|p1a: frog meme|Substitute
|-damage|p1a: frog meme|193\/307
|
|-heal|p1a: frog meme|212\/307|[from] item: Black Sludge
|turn|22
|
|move|p1a: frog meme|Gunk Shot|p2a: Rotom-Wash
|-crit|p2a: Rotom-Wash
|-damage|p2a: Rotom-Wash|0 fnt
|faint|p2a: Rotom-Wash
|
|-heal|p1a: frog meme|231\/307|[from] item: Black Sludge
|
|switch|p2a: Scizor|Scizor, M|205\/343
|turn|23
|
|move|p2a: Scizor|Bullet Punch|p1a: frog meme
|-end|p1a: frog meme|Substitute
|move|p1a: frog meme|Drain Punch|p2a: Scizor
|-damage|p2a: Scizor|0 fnt
|-heal|p1a: frog meme|307\/307|[from] drain|[of] p2a: Scizor
|faint|p2a: Scizor
|
|
|switch|p2a: Greninja|Greninja, M|285\/285
|turn|24
|
|switch|p1a: ghost oven|Rotom-Heat|185\/304
|move|p2a: Greninja|Hydro Pump|p1a: ghost oven
|-start|p2a: Greninja|typechange|Water|[from] Protean
|-supereffective|p1a: ghost oven
|-damage|p1a: ghost oven|0 fnt
|-damage|p2a: Greninja|257\/285|[from] item: Life Orb
|faint|p1a: ghost oven
|
|
|switch|p1a: thanks owle|Claydol, shiny|324\/324
|turn|25
|
|switch|p2a: Mew|Mew|404\/404
|move|p1a: thanks owle|Power Split|p2a: Mew
|-activate|p1a: thanks owle|Power Split|[of] p2a: Mew
|
|turn|26
|
|move|p2a: Mew|Will-O-Wisp|p1a: thanks owle|[miss]
|-miss|p2a: Mew|p1a: thanks owle
|move|p1a: thanks owle|Stealth Rock|p2a: Mew
|-sidestart|p2: WonderchildIT|move: Stealth Rock
|
|turn|27
|
|move|p2a: Mew|Will-O-Wisp|p1a: thanks owle
|-status|p1a: thanks owle|brn
|move|p1a: thanks owle|Earth Power|p2a: Mew
|-damage|p2a: Mew|340\/404
|
|-heal|p2a: Mew|365\/404|[from] item: Leftovers
|-damage|p1a: thanks owle|284\/324 brn|[from] brn
|turn|28
|
|switch|p1a: zap7|Zapdos|147\/364 brn
|-ability|p1a: zap7|Pressure
|move|p2a: Mew|Will-O-Wisp|p1a: zap7|[miss]
|-miss|p2a: Mew|p1a: zap7
|
|-heal|p2a: Mew|390\/404|[from] item: Leftovers
|-damage|p1a: zap7|102\/364 brn|[from] brn
|turn|29
|
|move|p1a: zap7|Roost|p1a: zap7
|-heal|p1a: zap7|284\/364 brn
|move|p2a: Mew|Taunt|p1a: zap7
|-start|p1a: zap7|move: Taunt
|
|-heal|p2a: Mew|404\/404|[from] item: Leftovers
|-damage|p1a: zap7|239\/364 brn|[from] brn
|turn|30
|
|switch|p1a: thanks owle|Claydol, shiny|284\/324 brn
|move|p2a: Mew|Will-O-Wisp|p1a: thanks owle
|-fail|p1a: thanks owle|brn
|
|-heal|p1a: thanks owle|304\/324 brn|[from] item: Leftovers
|-damage|p1a: thanks owle|264\/324 brn|[from] brn
|turn|31
|
|switch|p1a: zap7|Zapdos|239\/364 brn
|-ability|p1a: zap7|Pressure
|move|p2a: Mew|Will-O-Wisp|p1a: zap7
|-fail|p1a: zap7|brn
|
|-damage|p1a: zap7|194\/364 brn|[from] brn
|turn|32
|
|move|p1a: zap7|Roost|p1a: zap7
|-heal|p1a: zap7|364\/364 brn
|move|p2a: Mew|Will-O-Wisp|p1a: zap7
|-fail|p1a: zap7|brn
|
|-damage|p1a: zap7|319\/364 brn|[from] brn
|turn|33
|
|switch|p1a: thanks owle|Claydol, shiny|264\/324 brn
|move|p2a: Mew|Will-O-Wisp|p1a: thanks owle
|-fail|p1a: thanks owle|brn
|
|-heal|p1a: thanks owle|284\/324 brn|[from] item: Leftovers
|-damage|p1a: thanks owle|244\/324 brn|[from] brn
|turn|34
|
|switch|p1a: zap7|Zapdos|319\/364 brn
|-ability|p1a: zap7|Pressure
|move|p2a: Mew|Knock Off|p1a: zap7
|-damage|p1a: zap7|273\/364 brn
|
|-damage|p1a: zap7|228\/364 brn|[from] brn
|turn|35
|
|move|p1a: zap7|Roost|p1a: zap7
|-heal|p1a: zap7|364\/364 brn
|move|p2a: Mew|Will-O-Wisp|p1a: zap7
|-fail|p1a: zap7|brn
|
|-damage|p1a: zap7|319\/364 brn|[from] brn
|turn|36
|
|move|p1a: zap7|Thunderbolt|p2a: Mew
|-damage|p2a: Mew|286\/404
|move|p2a: Mew|Knock Off|p1a: zap7
|-damage|p1a: zap7|273\/364 brn
|
|-heal|p2a: Mew|311\/404|[from] item: Leftovers
|-damage|p1a: zap7|228\/364 brn|[from] brn
|turn|37
|
|move|p1a: zap7|Thunderbolt|p2a: Mew
|-damage|p2a: Mew|194\/404
|move|p2a: Mew|Knock Off|p1a: zap7
|-damage|p1a: zap7|183\/364 brn
|
|-heal|p2a: Mew|219\/404|[from] item: Leftovers
|-damage|p1a: zap7|138\/364 brn|[from] brn
|turn|38
|
|move|p1a: zap7|Roost|p1a: zap7
|-heal|p1a: zap7|320\/364 brn
|move|p2a: Mew|Will-O-Wisp|p1a: zap7
|-fail|p1a: zap7|brn
|
|-heal|p2a: Mew|244\/404|[from] item: Leftovers
|-damage|p1a: zap7|275\/364 brn|[from] brn
|turn|39
|
|move|p1a: zap7|Thunderbolt|p2a: Mew
|-damage|p2a: Mew|114\/404
|move|p2a: Mew|Roost|p2a: Mew
|-heal|p2a: Mew|316\/404
|
|-heal|p2a: Mew|341\/404|[from] item: Leftovers
|-damage|p1a: zap7|230\/364 brn|[from] brn
|turn|40
|
|move|p1a: zap7|Thunderbolt|p2a: Mew
|-damage|p2a: Mew|223\/404
|move|p2a: Mew|Knock Off|p1a: zap7
|-damage|p1a: zap7|186\/364 brn
|
|-heal|p2a: Mew|248\/404|[from] item: Leftovers
|-damage|p1a: zap7|141\/364 brn|[from] brn
|turn|41
|
|move|p1a: zap7|Roost|p1a: zap7
|-heal|p1a: zap7|323\/364 brn
|move|p2a: Mew|Roost|p2a: Mew
|-heal|p2a: Mew|404\/404
|
|-damage|p1a: zap7|278\/364 brn|[from] brn
|turn|42
|
|move|p1a: zap7|Thunderbolt|p2a: Mew
|-damage|p2a: Mew|275\/404
|move|p2a: Mew|Knock Off|p1a: zap7
|-crit|p1a: zap7
|-damage|p1a: zap7|208\/364 brn
|
|-heal|p2a: Mew|300\/404|[from] item: Leftovers
|-damage|p1a: zap7|163\/364 brn|[from] brn
|turn|43
|
|move|p1a: zap7|Thunderbolt|p2a: Mew
|-damage|p2a: Mew|165\/404
|move|p2a: Mew|Knock Off|p1a: zap7
|-crit|p1a: zap7
|-damage|p1a: zap7|92\/364 brn
|
|-heal|p2a: Mew|190\/404|[from] item: Leftovers
|-damage|p1a: zap7|47\/364 brn|[from] brn
|turn|44
|
|switch|p1a: frog meme|Toxicroak, M|307\/307
|move|p2a: Mew|Will-O-Wisp|p1a: frog meme
|-status|p1a: frog meme|brn
|
|-heal|p2a: Mew|215\/404|[from] item: Leftovers
|-damage|p1a: frog meme|269\/307 brn|[from] brn
|turn|45
|
|switch|p2a: Ferrothorn|Ferrothorn, M|81\/352
|-damage|p2a: Ferrothorn|59\/352|[from] Stealth Rock
|move|p1a: frog meme|Substitute|p1a: frog meme
|-start|p1a: frog meme|Substitute
|-damage|p1a: frog meme|193\/307 brn
|
|-heal|p1a: frog meme|212\/307 brn|[from] item: Black Sludge
|-damage|p1a: frog meme|174\/307 brn|[from] brn
|turn|46
|
|move|p1a: frog meme|Drain Punch|p2a: Ferrothorn
|-supereffective|p2a: Ferrothorn
|-damage|p2a: Ferrothorn|0 fnt
|-heal|p1a: frog meme|204\/307 brn|[from] drain|[of] p2a: Ferrothorn
|-damage|p1a: frog meme|166\/307 brn|[from] ability: Iron Barbs|[of] p2a: Ferrothorn
|faint|p2a: Ferrothorn
|
|-heal|p1a: frog meme|185\/307 brn|[from] item: Black Sludge
|-damage|p1a: frog meme|147\/307 brn|[from] brn
|
|switch|p2a: Mew|Mew|215\/404
|-damage|p2a: Mew|165\/404|[from] Stealth Rock
|turn|47
|
|move|p1a: frog meme|Swords Dance|p1a: frog meme
|-boost|p1a: frog meme|atk|2
|move|p2a: Mew|Roost|p2a: Mew
|-heal|p2a: Mew|367\/404
|
|-heal|p1a: frog meme|166\/307 brn|[from] item: Black Sludge
|-heal|p2a: Mew|392\/404|[from] item: Leftovers
|-damage|p1a: frog meme|128\/307 brn|[from] brn
|turn|48
|
|move|p1a: frog meme|Gunk Shot|p2a: Mew
|-damage|p2a: Mew|197\/404
|move|p2a: Mew|Knock Off|p1a: frog meme
|-resisted|p1a: frog meme
|-activate|p1a: frog meme|Substitute|[damage]
|
|-heal|p1a: frog meme|147\/307 brn|[from] item: Black Sludge
|-heal|p2a: Mew|222\/404|[from] item: Leftovers
|-damage|p1a: frog meme|109\/307 brn|[from] brn
|turn|49
|
|move|p1a: frog meme|Gunk Shot|p2a: Mew|[miss]
|-miss|p1a: frog meme|p2a: Mew
|move|p2a: Mew|Roost|p2a: Mew
|-heal|p2a: Mew|404\/404
|
|-heal|p1a: frog meme|128\/307 brn|[from] item: Black Sludge
|-damage|p1a: frog meme|90\/307 brn|[from] brn
|turn|50
|
|move|p1a: frog meme|Swords Dance|p1a: frog meme
|-boost|p1a: frog meme|atk|2
|move|p2a: Mew|Knock Off|p1a: frog meme
|-resisted|p1a: frog meme
|-end|p1a: frog meme|Substitute
|
|-heal|p1a: frog meme|109\/307 brn|[from] item: Black Sludge
|-damage|p1a: frog meme|71\/307 brn|[from] brn
|turn|51
|
|move|p1a: frog meme|Drain Punch|p2a: Mew
|-resisted|p2a: Mew
|-damage|p2a: Mew|317\/404
|-heal|p1a: frog meme|115\/307 brn|[from] drain|[of] p2a: Mew
|move|p2a: Mew|Knock Off|p1a: frog meme
|-resisted|p1a: frog meme
|-damage|p1a: frog meme|59\/307 brn
|-enditem|p1a: frog meme|Black Sludge|[from] move: Knock Off|[of] p2a: Mew
|
|-heal|p2a: Mew|342\/404|[from] item: Leftovers
|-damage|p1a: frog meme|21\/307 brn|[from] brn
|turn|52
|
|move|p1a: frog meme|Drain Punch|p2a: Mew
|-resisted|p2a: Mew
|-damage|p2a: Mew|249\/404
|-heal|p1a: frog meme|68\/307 brn|[from] drain|[of] p2a: Mew
|move|p2a: Mew|Roost|p2a: Mew
|-heal|p2a: Mew|404\/404
|
|-damage|p1a: frog meme|30\/307 brn|[from] brn
|turn|53
|
|move|p1a: frog meme|Gunk Shot|p2a: Mew
|-damage|p2a: Mew|91\/404
|move|p2a: Mew|Knock Off|p1a: frog meme
|-resisted|p1a: frog meme
|-damage|p1a: frog meme|0 fnt
|faint|p1a: frog meme
|
|-heal|p2a: Mew|116\/404|[from] item: Leftovers
|
|switch|p1a: zap7|Zapdos|47\/364 brn
|-ability|p1a: zap7|Pressure
|turn|54
|
|move|p1a: zap7|Thunderbolt|p2a: Mew
|-damage|p2a: Mew|0 fnt
|faint|p2a: Mew
|
|-damage|p1a: zap7|2\/364 brn|[from] brn
|
|switch|p2a: Greninja|Greninja, M|257\/285
|-damage|p2a: Greninja|222\/285|[from] Stealth Rock
|turn|55
|
|move|p2a: Greninja|Ice Beam|p1a: zap7
|-start|p2a: Greninja|typechange|Ice|[from] Protean
|-supereffective|p1a: zap7
|-damage|p1a: zap7|0 fnt
|-damage|p2a: Greninja|194\/285|[from] item: Life Orb
|faint|p1a: zap7
|
|
|switch|p1a: thanks owle|Claydol, shiny|244\/324 brn
|turn|56
|
|move|p2a: Greninja|Grass Knot|p1a: thanks owle
|-start|p2a: Greninja|typechange|Grass|[from] Protean
|-supereffective|p1a: thanks owle
|-damage|p1a: thanks owle|0 fnt
|-damage|p2a: Greninja|166\/285|[from] item: Life Orb
|faint|p1a: thanks owle
|
|
|switch|p1a: sky toad|Altaria, F|299\/299
|turn|57
|c|★WonderchildIT|whoever wins
|c|★WonderchildIT|that willow on toxicroak
|c|★WonderchildIT|was clutch
|c|★WonderchildIT|gg bo
|
|detailschange|p1a: sky toad|Altaria-Mega, F
|message|Altaria has Mega Evolved into Mega Altaria!
|move|p2a: Greninja|Ice Beam|p1a: sky toad
|-start|p2a: Greninja|typechange|Ice|[from] Protean
|-supereffective|p1a: sky toad
|-damage|p1a: sky toad|0 fnt
|-damage|p2a: Greninja|138\/285|[from] item: Life Orb
|faint|p1a: sky toad
|
|win|WonderchildIT
|raw|Ladder updating...
|c|★Rhayader|gg
|raw|Rhayader's rating: 1485 &rarr; <strong>1463<\/strong><br \/>(-22 for losing)
|raw|WonderchildIT's rating: 1450 &rarr; <strong>1472<\/strong><br \/>(+22 for winning)
|leave|Rhayader
|player|p1