|join|Blue Erlade
|join|pokehawk123
|player|p1|Blue Erlade|286
|player|p2|pokehawk123|82
|gametype|singles
|gen|6
|tier|OU
|rated
|clearpoke
|poke|p1|Latias, F
|poke|p1|Ferrothorn, M
|poke|p1|Landorus-Therian, M
|poke|p1|Talonflame, F
|poke|p1|Conkeldurr, M
|poke|p1|Latios, M
|poke|p2|Latias, F
|poke|p2|Mandibuzz, F
|poke|p2|Azumarill, F
|poke|p2|Greninja, F
|poke|p2|Heatran, F
|poke|p2|Charizard, F
|rule|Swagger Clause: Swagger is banned
|rule|Baton Pass Clause: Limit one Pokémon knowing Baton Pass
|rule|Sleep Clause Mod: Limit one foe put to sleep
|rule|Species Clause: Limit one of each Pokémon
|rule|OHKO Clause: OHKO moves are banned
|rule|Moody Clause: Moody is banned
|rule|Evasion Moves Clause: Evasion moves are banned
|rule|Endless Battle Clause: Forcing endless battles is banned
|rule|HP Percentage Mod: HP is shown in percentages
|teampreview
|
|start
|switch|p1a: Latios|Latios, M|302\/302
|switch|p2a: Heatran|Heatran, F|386\/386
|turn|1
|
|detailschange|p1a: Latios|Latios-Mega, M
|message|Latios has Mega Evolved into Mega Latios!
|move|p1a: Latios|Earthquake|p2a: Heatran
|-supereffective|p2a: Heatran
|-damage|p2a: Heatran|126\/386
|move|p2a: Heatran|Stealth Rock|p1a: Latios
|-sidestart|p1: Blue Erlade|move: Stealth Rock
|
|-heal|p2a: Heatran|150\/386|[from] item: Leftovers
|turn|2
|
|switch|p2a: Mandibuzz|Mandibuzz, F|423\/423
|move|p1a: Latios|Draco Meteor|p2a: Mandibuzz
|-damage|p2a: Mandibuzz|189\/423
|-unboost|p1a: Latios|spa|2
|
|turn|3
|
|switch|p1a: Conkeldurr|Conkeldurr, M|414\/414
|-damage|p1a: Conkeldurr|389\/414|[from] Stealth Rock
|move|p2a: Mandibuzz|Foul Play|p1a: Conkeldurr
|-resisted|p1a: Conkeldurr
|-damage|p1a: Conkeldurr|291\/414
|
|turn|4
|
|move|p2a: Mandibuzz|Roost|p2a: Mandibuzz
|-heal|p2a: Mandibuzz|401\/423
|move|p1a: Conkeldurr|Drain Punch|p2a: Mandibuzz
|-supereffective|p2a: Mandibuzz
|-damage|p2a: Mandibuzz|167\/423
|-heal|p1a: Conkeldurr|408\/414|[from] drain|[of] p2a: Mandibuzz
|-damage|p1a: Conkeldurr|339\/414|[from] item: Rocky Helmet|[of] p2a: Mandibuzz
|
|turn|5
|
|switch|p2a: Charizard|Charizard, F|298\/298
|move|p1a: Conkeldurr|Ice Punch|p2a: Charizard
|-damage|p2a: Charizard|167\/298
|
|turn|6
|
|move|p2a: Charizard|Dragon Dance|p2a: Charizard
|-boost|p2a: Charizard|atk|1
|-boost|p2a: Charizard|spe|1
|move|p1a: Conkeldurr|Drain Punch|p2a: Charizard
|-resisted|p2a: Charizard
|-damage|p2a: Charizard|74\/298
|-heal|p1a: Conkeldurr|386\/414|[from] drain|[of] p2a: Charizard
|
|turn|7
|join|themage11111
|
|detailschange|p2a: Charizard|Charizard-Mega-X, F
|message|Charizard has Mega Evolved into Mega Charizard!
|move|p2a: Charizard|Dragon Claw|p1a: Conkeldurr
|-damage|p1a: Conkeldurr|35\/414
|move|p1a: Conkeldurr|Ice Punch|p2a: Charizard
|-damage|p2a: Charizard|0 fnt
|faint|p2a: Charizard
|
|
|switch|p2a: Azumarill|Azumarill, F|404\/404
|turn|8
|
|switch|p1a: Ferrothorn|Ferrothorn, M|352\/352
|-damage|p1a: Ferrothorn|330\/352|[from] Stealth Rock
|move|p2a: Azumarill|Aqua Jet|p1a: Ferrothorn
|-crit|p1a: Ferrothorn
|-resisted|p1a: Ferrothorn
|-damage|p1a: Ferrothorn|276\/352
|-damage|p2a: Azumarill|354\/404|[from] ability: Iron Barbs|[of] p1a: Ferrothorn
|-damage|p2a: Azumarill|287\/404|[from] item: Rocky Helmet|[of] p1a: Ferrothorn
|
|turn|9
|
|switch|p2a: Heatran|Heatran, F|150\/386
|move|p1a: Ferrothorn|Leech Seed|p2a: Heatran
|-start|p2a: Heatran|move: Leech Seed
|
|-heal|p2a: Heatran|174\/386|[from] item: Leftovers
|-damage|p2a: Heatran|126\/386|[from] Leech Seed|[of] p1a: Ferrothorn
|-heal|p1a: Ferrothorn|324\/352|[silent]
|turn|10
|
|move|p1a: Ferrothorn|Protect|p1a: Ferrothorn
|-singleturn|p1a: Ferrothorn|Protect
|move|p2a: Heatran|Lava Plume|p1a: Ferrothorn
|-activate|p1a: Ferrothorn|Protect
|
|-heal|p2a: Heatran|150\/386|[from] item: Leftovers
|-damage|p2a: Heatran|102\/386|[from] Leech Seed|[of] p1a: Ferrothorn
|-heal|p1a: Ferrothorn|352\/352|[silent]
|turn|11
|
|switch|p1a: Latias|Latias, F|302\/302
|-damage|p1a: Latias|265\/302|[from] Stealth Rock
|move|p2a: Heatran|Lava Plume|p1a: Latias
|-resisted|p1a: Latias
|-damage|p1a: Latias|221\/302
|
|-heal|p2a: Heatran|126\/386|[from] item: Leftovers
|-damage|p2a: Heatran|78\/386|[from] Leech Seed|[of] p1a: Latias
|-heal|p1a: Latias|269\/302|[silent]
|turn|12
|
|switch|p2a: Greninja|Greninja, F|285\/285
|move|p1a: Latias|Defog|p2a: Greninja
|-unboost|p2a: Greninja|evasion|1
|-sideend|p1: Blue Erlade|Stealth Rock|[from] move: Defog|[of] p1a: Latias
|
|turn|13
|
|switch|p1a: Ferrothorn|Ferrothorn, M|352\/352
|move|p2a: Greninja|Dark Pulse|p1a: Ferrothorn
|-start|p2a: Greninja|typechange|Dark|[from] Protean
|-damage|p1a: Ferrothorn|216\/352
|-damage|p2a: Greninja|257\/285|[from] item: Life Orb
|
|turn|14
|
|move|p2a: Greninja|Dark Pulse|p1a: Ferrothorn
|-damage|p1a: Ferrothorn|86\/352
|-damage|p2a: Greninja|229\/285|[from] item: Life Orb
|move|p1a: Ferrothorn|Leech Seed|p2a: Greninja
|-start|p2a: Greninja|move: Leech Seed
|
|-damage|p2a: Greninja|194\/285|[from] Leech Seed|[of] p1a: Ferrothorn
|-heal|p1a: Ferrothorn|121\/352|[silent]
|turn|15
|
|switch|p2a: Heatran|Heatran, F|78\/386
|move|p1a: Ferrothorn|Protect|p1a: Ferrothorn
|-fail|p1a: Ferrothorn
|
|-heal|p2a: Heatran|102\/386|[from] item: Leftovers
|turn|16
|
|switch|p1a: Latias|Latias, F|269\/302
|move|p2a: Heatran|Stealth Rock|p1a: Latias
|-sidestart|p1: Blue Erlade|move: Stealth Rock
|
|-heal|p2a: Heatran|126\/386|[from] item: Leftovers
|turn|17
|
|move|p1a: Latias|Draco Meteor|p2a: Heatran
|-resisted|p2a: Heatran
|-damage|p2a: Heatran|0 fnt
|-unboost|p1a: Latias|spa|2
|-damage|p1a: Latias|239\/302|[from] item: Life Orb
|faint|p2a: Heatran
|
|
|switch|p2a: Latias|Latias, F|302\/302
|turn|18
|
|switch|p1a: Ferrothorn|Ferrothorn, M|121\/352
|-damage|p1a: Ferrothorn|99\/352|[from] Stealth Rock
|move|p2a: Latias|Calm Mind|p2a: Latias
|-boost|p2a: Latias|spa|1
|-boost|p2a: Latias|spd|1
|
|turn|19
|
|move|p2a: Latias|Dragon Breath|p1a: Ferrothorn
|-resisted|p1a: Ferrothorn
|-damage|p1a: Ferrothorn|13\/352
|-status|p1a: Ferrothorn|par
|-damage|p2a: Latias|272\/302|[from] item: Life Orb
|move|p1a: Ferrothorn|Leech Seed|p2a: Latias|[miss]
|-miss|p1a: Ferrothorn|p2a: Latias
|
|turn|20
|
|move|p2a: Latias|Dragon Breath|p1a: Ferrothorn
|-resisted|p1a: Ferrothorn
|-damage|p1a: Ferrothorn|0 fnt
|-damage|p2a: Latias|242\/302|[from] item: Life Orb
|faint|p1a: Ferrothorn
|
|
|switch|p1a: Landorus-Therian|Landorus-Therian, M|320\/320
|-damage|p1a: Landorus-Therian|280\/320|[from] Stealth Rock
|-ability|p1a: Landorus-Therian|Intimidate|[of] p2a: Latias
|-unboost|p2a: Latias|atk|1
|turn|21
|
|move|p1a: Landorus-Therian|Knock Off|p2a: Latias
|-supereffective|p2a: Latias
|-damage|p2a: Latias|0 fnt
|-enditem|p2a: Latias|Life Orb|[from] move: Knock Off|[of] p1a: Landorus-Therian
|faint|p2a: Latias
|
|
|switch|p2a: Azumarill|Azumarill, F|287\/404
|turn|22
|
|switch|p1a: Latias|Latias, F|239\/302
|-damage|p1a: Latias|202\/302|[from] Stealth Rock
|switch|p2a: Mandibuzz|Mandibuzz, F|167\/423
|
|turn|23
|
|move|p1a: Latias|Defog|p2a: Mandibuzz
|-unboost|p2a: Mandibuzz|evasion|1
|-sideend|p1: Blue Erlade|Stealth Rock|[from] move: Defog|[of] p1a: Latias
|move|p2a: Mandibuzz|Roost|p2a: Mandibuzz
|-heal|p2a: Mandibuzz|379\/423
|
|turn|24
|
|move|p1a: Latias|Healing Wish|p1a: Latias
|faint|p1a: Latias
|move|p2a: Mandibuzz|Foul Play|p1: Latias|[notarget]
|-notarget
|
|
|switch|p1a: Conkeldurr|Conkeldurr, M|35\/414
|-heal|p1a: Conkeldurr|414\/414|[from] move: Healing Wish
|turn|25
|
|switch|p2a: Azumarill|Azumarill, F|287\/404
|move|p1a: Conkeldurr|Drain Punch|p2a: Azumarill
|-resisted|p2a: Azumarill
|-damage|p2a: Azumarill|200\/404
|
|turn|26
|
|move|p2a: Azumarill|Play Rough|p1a: Conkeldurr
|-supereffective|p1a: Conkeldurr
|-damage|p1a: Conkeldurr|0 fnt
|faint|p1a: Conkeldurr
|
|
|switch|p1a: Latios|Latios-Mega, M|302\/302
|turn|27
|
|move|p1a: Latios|Psyshock|p2a: Azumarill
|-damage|p2a: Azumarill|0 fnt
|faint|p2a: Azumarill
|
|
|switch|p2a: Greninja|Greninja, F|194\/285
|turn|28
|
|switch|p1a: Landorus-Therian|Landorus-Therian, M|280\/320
|-ability|p1a: Landorus-Therian|Intimidate|[of] p2a: Greninja
|-unboost|p2a: Greninja|atk|1
|move|p2a: Greninja|Ice Beam|p1a: Landorus-Therian
|-start|p2a: Greninja|typechange|Ice|[from] Protean
|-supereffective|p1a: Landorus-Therian
|-damage|p1a: Landorus-Therian|0 fnt
|-damage|p2a: Greninja|166\/285|[from] item: Life Orb
|faint|p1a: Landorus-Therian
|
|
|switch|p1a: Talonflame|Talonflame, F|319\/319
|turn|29
|c| themage11111|lol
|
|switch|p2a: Mandibuzz|Mandibuzz, F|379\/423
|move|p1a: Talonflame|Brave Bird|p2a: Mandibuzz
|-damage|p2a: Mandibuzz|240\/423
|-damage|p1a: Talonflame|266\/319|[from] item: Rocky Helmet|[of] p2a: Mandibuzz
|-damage|p1a: Talonflame|220\/319|[from] recoil|[of] p2a: Mandibuzz
|
|turn|30
|
|move|p1a: Talonflame|Swords Dance|p1a: Talonflame
|-boost|p1a: Talonflame|atk|2
|move|p2a: Mandibuzz|Foul Play|p1a: Talonflame
|-damage|p1a: Talonflame|0 fnt
|faint|p1a: Talonflame
|
|
|switch|p1a: Latios|Latios-Mega, M|302\/302
|turn|31
|c| themage11111|that mightve cost the game
|c|★pokehawk123|SD on a foul play poke? lololol
|
|move|p1a: Latios|Hidden Power|p2a: Mandibuzz
|-damage|p2a: Mandibuzz|159\/423
|move|p2a: Mandibuzz|Foul Play|p1a: Latios
|-supereffective|p1a: Latios
|-damage|p1a: Latios|0 fnt
|faint|p1a: Latios
|
|win|pokehawk123
|raw|Ladder updating...
|c| themage11111|da plays
|raw|Blue Erlade's rating: 1287 &rarr; <strong>1256<\/strong><br \/>(-31 for losing)
|raw|pokehawk123's rating: 1197 &rarr; <strong>1228<\/strong><br \/>(+31 for winning)
|c| themage11111|lolololol
|c|★pokehawk123|gg tho
|c|★Blue Erlade|gg
|leave|Blue Erlade
|player|p1
|leave|themage11111