|join|Loner23
|join|Blue Erlade
|player|p1|Loner23|164
|player|p2|Blue Erlade|286
|gametype|singles
|gen|6
|tier|OU
|rated
|clearpoke
|poke|p1|Metagross, shiny
|poke|p1|Keldeo
|poke|p1|Landorus-Therian, M, shiny
|poke|p1|Bisharp, M, shiny
|poke|p1|Latios, M, shiny
|poke|p1|Conkeldurr, F, shiny
|poke|p2|Slowbro, M
|poke|p2|Chansey, F
|poke|p2|Clefable, F
|poke|p2|Ferrothorn, F
|poke|p2|Latias, F
|poke|p2|Rotom-Wash
|rule|Swagger Clause: Swagger is banned
|rule|Baton Pass Clause: Limit one Pokémon knowing Baton Pass
|rule|Sleep Clause Mod: Limit one foe put to sleep
|rule|Species Clause: Limit one of each Pokémon
|rule|OHKO Clause: OHKO moves are banned
|rule|Moody Clause: Moody is banned
|rule|Evasion Moves Clause: Evasion moves are banned
|rule|Endless Battle Clause: Forcing endless battles is banned
|rule|HP Percentage Mod: HP is shown in percentages
|teampreview
|c|★Blue Erlade|Gl hf
|
|start
|switch|p1a: Trident|Keldeo|323\/323
|switch|p2a: Rotom-Wash|Rotom-Wash|304\/304
|turn|1
|
|switch|p1a: Mr.Cloud|Landorus-Therian, M, shiny|319\/319
|-ability|p1a: Mr.Cloud|Intimidate|[of] p2a: Rotom-Wash
|-unboost|p2a: Rotom-Wash|atk|1
|move|p2a: Rotom-Wash|Volt Switch|p1a: Mr.Cloud
|-immune|p1a: Mr.Cloud|[msg]
|
|turn|2
|
|switch|p1a: Bruh|Conkeldurr, F, shiny|413\/413
|move|p2a: Rotom-Wash|Will-O-Wisp|p1a: Bruh
|-status|p1a: Bruh|brn
|
|-damage|p1a: Bruh|362\/413 brn|[from] brn
|turn|3
|
|move|p2a: Rotom-Wash|Volt Switch|p1a: Bruh
|-damage|p1a: Bruh|278\/413 brn
|
|switch|p2a: Clefable|Clefable, F|394\/394
|move|p1a: Bruh|Knock Off|p2a: Clefable
|-resisted|p2a: Clefable
|-damage|p2a: Clefable|308\/394
|-enditem|p2a: Clefable|Leftovers|[from] move: Knock Off|[of] p1a: Bruh
|
|-damage|p1a: Bruh|227\/413 brn|[from] brn
|turn|4
|
|switch|p1a: Casshern|Bisharp, M, shiny|271\/271
|move|p2a: Clefable|Fire Blast|p1a: Casshern
|-supereffective|p1a: Casshern
|-damage|p1a: Casshern|49\/271
|
|turn|5
|
|move|p1a: Casshern|Iron Head|p2a: Clefable
|-supereffective|p2a: Clefable
|-damage|p2a: Clefable|44\/394
|move|p2a: Clefable|Moonblast|p1a: Casshern
|-damage|p1a: Casshern|0 fnt
|faint|p1a: Casshern
|
|
|switch|p1a: Xavier|Metagross, shiny|301\/301
|turn|6
|
|detailschange|p1a: Xavier|Metagross-Mega, shiny
|-mega|p1a: Xavier|Metagross|Metagrossite
|move|p1a: Xavier|Earthquake|p2a: Clefable
|-damage|p2a: Clefable|0 fnt
|faint|p2a: Clefable
|
|
|switch|p2a: Slowbro|Slowbro, M|393\/393
|turn|7
|
|switch|p1a: Link|Latios, M, shiny|301\/301
|move|p2a: Slowbro|Calm Mind|p2a: Slowbro
|-boost|p2a: Slowbro|spa|1
|-boost|p2a: Slowbro|spd|1
|
|turn|8
|
|switch|p2a: Chansey|Chansey, F|662\/662
|move|p1a: Link|Thunderbolt|p2a: Chansey
|-damage|p2a: Chansey|567\/662
|
|turn|9
|
|switch|p1a: Bruh|Conkeldurr, F, shiny|227\/413 brn
|move|p2a: Chansey|Seismic Toss|p1a: Bruh
|-damage|p1a: Bruh|127\/413 brn
|
|-damage|p1a: Bruh|76\/413 brn|[from] brn
|turn|10
|
|switch|p2a: Ferrothorn|Ferrothorn, F|351\/351
|move|p1a: Bruh|Drain Punch|p2a: Ferrothorn
|-supereffective|p2a: Ferrothorn
|-damage|p2a: Ferrothorn|49\/351
|-heal|p1a: Bruh|227\/413 brn|[from] drain|[of] p2a: Ferrothorn
|-damage|p1a: Bruh|176\/413 brn|[from] ability: Iron Barbs|[of] p2a: Ferrothorn
|
|-damage|p1a: Bruh|125\/413 brn|[from] brn
|turn|11
|
|move|p1a: Bruh|Mach Punch|p2a: Ferrothorn
|-supereffective|p2a: Ferrothorn
|-damage|p2a: Ferrothorn|0 fnt
|-damage|p1a: Bruh|74\/413 brn|[from] ability: Iron Barbs|[of] p2a: Ferrothorn
|faint|p2a: Ferrothorn
|
|-damage|p1a: Bruh|23\/413 brn|[from] brn
|
|switch|p2a: Slowbro|Slowbro, M|393\/393
|turn|12
|
|switch|p1a: Link|Latios, M, shiny|301\/301
|detailschange|p2a: Slowbro|Slowbro-Mega, M
|-mega|p2a: Slowbro|Slowbro|Slowbronite
|move|p2a: Slowbro|Calm Mind|p2a: Slowbro
|-boost|p2a: Slowbro|spa|1
|-boost|p2a: Slowbro|spd|1
|
|turn|13
|
|move|p1a: Link|Thunderbolt|p2a: Slowbro
|-supereffective|p2a: Slowbro
|-damage|p2a: Slowbro|141\/393
|move|p2a: Slowbro|Calm Mind|p2a: Slowbro
|-boost|p2a: Slowbro|spa|1
|-boost|p2a: Slowbro|spd|1
|
|turn|14
|
|switch|p2a: Chansey|Chansey, F|567\/662
|move|p1a: Link|Thunderbolt|p2a: Chansey
|-damage|p2a: Chansey|470\/662
|
|turn|15
|
|move|p1a: Link|Thunderbolt|p2a: Chansey
|-damage|p2a: Chansey|374\/662
|move|p2a: Chansey|Seismic Toss|p1a: Link
|-damage|p1a: Link|201\/301
|
|turn|16
|
|switch|p1a: Bruh|Conkeldurr, F, shiny|23\/413 brn
|move|p2a: Chansey|Soft-Boiled|p2a: Chansey
|-heal|p2a: Chansey|662\/662
|
|-damage|p1a: Bruh|0 fnt|[from] brn
|faint|p1a: Bruh
|
|switch|p1a: Trident|Keldeo|323\/323
|turn|17
|
|move|p1a: Trident|Secret Sword|p2a: Chansey
|-supereffective|p2a: Chansey
|-damage|p2a: Chansey|0 fnt
|-damage|p1a: Trident|291\/323|[from] item: Life Orb
|faint|p2a: Chansey
|
|
|switch|p2a: Latias|Latias, F|302\/302
|turn|18
|
|switch|p1a: Xavier|Metagross-Mega, shiny|301\/301
|move|p2a: Latias|Draco Meteor|p1a: Xavier
|-resisted|p1a: Xavier
|-damage|p1a: Xavier|179\/301
|-unboost|p2a: Latias|spa|2
|-damage|p2a: Latias|272\/302|[from] item: Life Orb
|
|turn|19
|
|switch|p2a: Rotom-Wash|Rotom-Wash|304\/304
|move|p1a: Xavier|Meteor Mash|p2a: Rotom-Wash
|-resisted|p2a: Rotom-Wash
|-damage|p2a: Rotom-Wash|261\/304
|-boost|p1a: Xavier|atk|1
|
|-heal|p2a: Rotom-Wash|280\/304|[from] item: Leftovers
|turn|20
|
|move|p1a: Xavier|Zen Headbutt|p2a: Rotom-Wash
|-damage|p2a: Rotom-Wash|67\/304
|move|p2a: Rotom-Wash|Volt Switch|p1a: Xavier
|-damage|p1a: Xavier|92\/301
|
|switch|p2a: Slowbro|Slowbro-Mega, M|141\/393
|
|turn|21
|
|move|p1a: Xavier|Meteor Mash|p2a: Slowbro
|-resisted|p2a: Slowbro
|-damage|p2a: Slowbro|61\/393
|move|p2a: Slowbro|Rest|p2a: Slowbro
|-status|p2a: Slowbro|slp
|-heal|p2a: Slowbro|393\/393 slp|[silent]
|-status|p2a: Slowbro|slp|[from] move: Rest
|
|turn|22
|
|switch|p1a: Link|Latios, M, shiny|201\/301
|cant|p2a: Slowbro|slp
|move|p2a: Slowbro|Sleep Talk|p2a: Slowbro
|move|p2a: Slowbro|Rest|p2a: Slowbro|[from]Sleep Talk
|-fail|p2a: Slowbro
|
|turn|23
|
|switch|p2a: Latias|Latias, F|272\/302
|move|p1a: Link|Thunderbolt|p2a: Latias
|-resisted|p2a: Latias
|-damage|p2a: Latias|208\/302
|
|turn|24
|
|switch|p1a: Xavier|Metagross-Mega, shiny|92\/301
|move|p2a: Latias|Draco Meteor|p1a: Xavier
|-resisted|p1a: Xavier
|-damage|p1a: Xavier|0 fnt
|-unboost|p2a: Latias|spa|2
|-damage|p2a: Latias|178\/302|[from] item: Life Orb
|faint|p1a: Xavier
|
|
|switch|p1a: Mr.Cloud|Landorus-Therian, M, shiny|319\/319
|-ability|p1a: Mr.Cloud|Intimidate|[of] p2a: Latias
|-unboost|p2a: Latias|atk|1
|turn|25
|
|switch|p2a: Rotom-Wash|Rotom-Wash|67\/304
|move|p1a: Mr.Cloud|U-turn|p2a: Rotom-Wash
|-damage|p2a: Rotom-Wash|2\/304
|
|switch|p1a: Trident|Keldeo|291\/323
|
|-heal|p2a: Rotom-Wash|21\/304|[from] item: Leftovers
|turn|26
|
|move|p1a: Trident|Secret Sword|p2a: Rotom-Wash
|-damage|p2a: Rotom-Wash|0 fnt
|-damage|p1a: Trident|259\/323|[from] item: Life Orb
|faint|p2a: Rotom-Wash
|
|
|switch|p2a: Slowbro|Slowbro-Mega, M|393\/393 slp
|turn|27
|
|move|p1a: Trident|Taunt|p2a: Slowbro
|-start|p2a: Slowbro|move: Taunt
|cant|p2a: Slowbro|slp
|cant|p2a: Slowbro|move: Taunt|Sleep Talk
|
|turn|28
|
|switch|p1a: Link|Latios, M, shiny|201\/301
|-curestatus|p2a: Slowbro|slp
|move|p2a: Slowbro|Scald|p1a: Link
|-resisted|p1a: Link
|-damage|p1a: Link|150\/301
|
|turn|29
|
|move|p1a: Link|Thunderbolt|p2a: Slowbro
|-supereffective|p2a: Slowbro
|-damage|p2a: Slowbro|0 fnt
|faint|p2a: Slowbro
|
|
|switch|p2a: Latias|Latias, F|178\/302
|turn|30
|c|★Blue Erlade|gg
|c|★Loner23|u too
|-message|Blue Erlade forfeited.
|
|win|Loner23
|raw|Ladder updating...
|leave|Blue Erlade
|player|p2
|raw|Loner23's rating: 1446 &rarr; <strong>1470<\/strong><br \/>(+24 for winning)
|raw|Blue Erlade's rating: 1522 &rarr; <strong>1498<\/strong><br \/>(-24 for losing)