|join|Alvadora
|join|flashyjoey
|player|p1|Alvadora|256
|player|p2|flashyjoey|33
|gametype|singles
|gen|6
|tier|OU
|rated
|clearpoke
|poke|p1|Kyurem-Black, shiny
|poke|p1|Gardevoir, F, shiny
|poke|p1|Mandibuzz, F
|poke|p1|Hippowdon, F
|poke|p1|Celebi
|poke|p1|Keldeo-Resolute
|poke|p2|Starmie
|poke|p2|Chesnaught, M
|poke|p2|Talonflame, F
|poke|p2|Excadrill, F
|poke|p2|Tyranitar, F
|poke|p2|Gardevoir, F
|rule|Swagger Clause: Swagger is banned
|rule|Baton Pass Clause: Limit one Pokémon knowing Baton Pass
|rule|Sleep Clause Mod: Limit one foe put to sleep
|rule|Species Clause: Limit one of each Pokémon
|rule|OHKO Clause: OHKO moves are banned
|rule|Moody Clause: Moody is banned
|rule|Evasion Moves Clause: Evasion moves are banned
|rule|Endless Battle Clause: Forcing endless battles is banned
|rule|HP Percentage Mod: HP is shown in percentages
|teampreview
|
|start
|switch|p1a: Celebi|Celebi|403\/403
|switch|p2a: Talonflame|Talonflame, F|351\/351
|turn|1
|
|switch|p1a: Hippowdon|Hippowdon, F|419\/419
|-weather|Sandstorm
|move|p2a: Talonflame|Will-O-Wisp|p1a: Hippowdon
|-status|p1a: Hippowdon|brn
|
|-weather|Sandstorm|[upkeep]
|-damage|p2a: Talonflame|330\/351|[from] sandstorm
|-heal|p2a: Talonflame|351\/351|[from] item: Leftovers
|-damage|p1a: Hippowdon|367\/419 brn|[from] brn
|turn|2
|
|switch|p1a: Celebi|Celebi|403\/403
|move|p2a: Talonflame|Taunt|p1a: Celebi
|-start|p1a: Celebi|move: Taunt
|
|-weather|Sandstorm|[upkeep]
|-damage|p2a: Talonflame|330\/351|[from] sandstorm
|-damage|p1a: Celebi|378\/403|[from] sandstorm
|-heal|p2a: Talonflame|351\/351|[from] item: Leftovers
|-heal|p1a: Celebi|403\/403|[from] item: Leftovers
|turn|3
|
|switch|p1a: Hippowdon|Hippowdon, F|367\/419 brn
|move|p2a: Talonflame|Brave Bird|p1a: Hippowdon
|-damage|p1a: Hippowdon|288\/419 brn
|-damage|p2a: Talonflame|325\/351|[from] recoil|[of] p1a: Hippowdon
|
|-weather|Sandstorm|[upkeep]
|-damage|p2a: Talonflame|304\/351|[from] sandstorm
|-heal|p2a: Talonflame|325\/351|[from] item: Leftovers
|-heal|p1a: Hippowdon|314\/419 brn|[from] item: Leftovers
|-damage|p1a: Hippowdon|262\/419 brn|[from] brn
|turn|4
|
|move|p2a: Talonflame|Taunt|p1a: Hippowdon
|-start|p1a: Hippowdon|move: Taunt
|move|p1a: Hippowdon|Stone Edge|p2a: Talonflame
|-supereffective|p2a: Talonflame
|-damage|p2a: Talonflame|97\/351
|
|-weather|Sandstorm|[upkeep]
|-damage|p2a: Talonflame|76\/351|[from] sandstorm
|-heal|p2a: Talonflame|97\/351|[from] item: Leftovers
|-heal|p1a: Hippowdon|288\/419 brn|[from] item: Leftovers
|-damage|p1a: Hippowdon|236\/419 brn|[from] brn
|turn|5
|
|switch|p2a: Tyranitar|Tyranitar, F|341\/341
|move|p1a: Hippowdon|Earthquake|p2a: Tyranitar
|-supereffective|p2a: Tyranitar
|-damage|p2a: Tyranitar|219\/341
|
|-weather|none
|-heal|p1a: Hippowdon|262\/419 brn|[from] item: Leftovers
|-damage|p1a: Hippowdon|210\/419 brn|[from] brn
|turn|6
|
|switch|p1a: Mandibuzz|Mandibuzz, F|423\/423
|move|p2a: Tyranitar|Stealth Rock|p1a: Mandibuzz
|-sidestart|p1: Alvadora|move: Stealth Rock
|
|turn|7
|
|move|p2a: Tyranitar|Stone Edge|p1a: Mandibuzz
|-supereffective|p1a: Mandibuzz
|-damage|p1a: Mandibuzz|133\/423
|move|p1a: Mandibuzz|Defog|p2a: Tyranitar
|-unboost|p2a: Tyranitar|evasion|1
|-sideend|p1: Alvadora|Stealth Rock|[from] move: Defog|[of] p1a: Mandibuzz
|
|-heal|p1a: Mandibuzz|159\/423|[from] item: Leftovers
|turn|8
|
|move|p2a: Tyranitar|Stealth Rock|p1a: Mandibuzz
|-sidestart|p1: Alvadora|move: Stealth Rock
|move|p1a: Mandibuzz|Roost|p1a: Mandibuzz
|-heal|p1a: Mandibuzz|371\/423
|
|-heal|p1a: Mandibuzz|397\/423|[from] item: Leftovers
|turn|9
|
|move|p2a: Tyranitar|Stone Edge|p1a: Mandibuzz
|-crit|p1a: Mandibuzz
|-supereffective|p1a: Mandibuzz
|-damage|p1a: Mandibuzz|0 fnt
|faint|p1a: Mandibuzz
|
|c|★Alvadora|seriously
|c|★Alvadora|what are the odds
|
|switch|p1a: Gardevoir|Gardevoir, F, shiny|277\/277
|-damage|p1a: Gardevoir|243\/277|[from] Stealth Rock
|-ability|p1a: Gardevoir|Sand Stream|[from] ability: Trace|[of] p2a: Tyranitar
|-weather|Sandstorm
|turn|10
|
|switch|p2a: Chesnaught|Chesnaught, M|379\/379
|detailschange|p1a: Gardevoir|Gardevoir-Mega, F, shiny
|-mega|p1a: Gardevoir|Gardevoir|Gardevoirite
|move|p1a: Gardevoir|Hyper Voice|p2a: Chesnaught
|-supereffective|p2a: Chesnaught
|-damage|p2a: Chesnaught|0 fnt
|faint|p2a: Chesnaught
|
|-weather|Sandstorm|[upkeep]
|-damage|p1a: Gardevoir|226\/277|[from] sandstorm
|
|switch|p2a: Excadrill|Excadrill, F|361\/361
|turn|11
|
|switch|p1a: Celebi|Celebi|403\/403
|-damage|p1a: Celebi|353\/403|[from] Stealth Rock
|move|p2a: Excadrill|Iron Head|p1a: Celebi
|-damage|p1a: Celebi|158\/403
|-damage|p2a: Excadrill|325\/361|[from] item: Life Orb
|
|-weather|Sandstorm|[upkeep]
|-damage|p1a: Celebi|133\/403|[from] sandstorm
|-heal|p1a: Celebi|158\/403|[from] item: Leftovers
|turn|12
|c|★Alvadora|zzz that crit on mandibuzz
|c|★Alvadora|means i lost to this
|
|move|p2a: Excadrill|Iron Head|p1a: Celebi
|-damage|p1a: Celebi|0 fnt
|-damage|p2a: Excadrill|289\/361|[from] item: Life Orb
|faint|p1a: Celebi
|
|-weather|Sandstorm|[upkeep]
|
|switch|p1a: Hippowdon|Hippowdon, F|210\/419 brn
|-damage|p1a: Hippowdon|184\/419 brn|[from] Stealth Rock
|turn|13
|c|★flashyjoey|if i stoned egde
|c|★flashyjoey|u would die anyways
|c|★flashyjoey|i mean stone edge instead of SR
|c|★Alvadora|the odds of you missing > the odds of you always hitting + crit
|
|switch|p2a: Starmie|Starmie|323\/323
|move|p1a: Hippowdon|Slack Off|p1a: Hippowdon
|-heal|p1a: Hippowdon|394\/419 brn
|
|-weather|Sandstorm|[upkeep]
|-damage|p2a: Starmie|303\/323|[from] sandstorm
|-heal|p2a: Starmie|323\/323|[from] item: Leftovers
|-heal|p1a: Hippowdon|419\/419 brn|[from] item: Leftovers
|-damage|p1a: Hippowdon|367\/419 brn|[from] brn
|turn|14
|c|★flashyjoey|80% accuracy is good enough for me :P
|
|switch|p1a: Kyurem-Black|Kyurem-Black, shiny|391\/391
|-damage|p1a: Kyurem-Black|294\/391|[from] Stealth Rock
|-ability|p1a: Kyurem-Black|Teravolt
|move|p2a: Starmie|Scald|p1a: Kyurem-Black
|-resisted|p1a: Kyurem-Black
|-damage|p1a: Kyurem-Black|241\/391
|-status|p1a: Kyurem-Black|brn
|
|-weather|none
|-damage|p1a: Kyurem-Black|193\/391 brn|[from] brn
|turn|15
|
|switch|p2a: Gardevoir|Gardevoir, F|293\/293
|-ability|p2a: Gardevoir|Teravolt|[from] ability: Trace|[of] p1a: Kyurem-Black
|-ability|p2a: Gardevoir|Teravolt
|move|p1a: Kyurem-Black|Fusion Bolt|p2a: Gardevoir
|-damage|p2a: Gardevoir|184\/293
|-damage|p1a: Kyurem-Black|154\/391 brn|[from] item: Life Orb
|
|-damage|p1a: Kyurem-Black|106\/391 brn|[from] brn
|turn|16
|
|detailschange|p2a: Gardevoir|Gardevoir-Mega, F
|-mega|p2a: Gardevoir|Gardevoir|Gardevoirite
|move|p1a: Kyurem-Black|Ice Beam|p2a: Gardevoir
|-damage|p2a: Gardevoir|12\/293
|-damage|p1a: Kyurem-Black|67\/391 brn|[from] item: Life Orb
|move|p2a: Gardevoir|Hyper Voice|p1a: Kyurem-Black
|-supereffective|p1a: Kyurem-Black
|-damage|p1a: Kyurem-Black|0 fnt
|faint|p1a: Kyurem-Black
|
|
|switch|p1a: Keldeo-Resolute|Keldeo-Resolute|323\/323
|-damage|p1a: Keldeo-Resolute|303\/323|[from] Stealth Rock
|turn|17
|
|move|p1a: Keldeo-Resolute|Scald|p2a: Gardevoir
|-damage|p2a: Gardevoir|0 fnt
|faint|p2a: Gardevoir
|
|-heal|p1a: Keldeo-Resolute|323\/323|[from] item: Leftovers
|
|switch|p2a: Starmie|Starmie|323\/323
|turn|18
|
|switch|p1a: Gardevoir|Gardevoir-Mega, F, shiny|226\/277
|-damage|p1a: Gardevoir|192\/277|[from] Stealth Rock
|move|p2a: Starmie|Psyshock|p1a: Gardevoir
|-resisted|p1a: Gardevoir
|-damage|p1a: Gardevoir|129\/277
|
|turn|19
|
|switch|p2a: Tyranitar|Tyranitar, F|219\/341
|-weather|Sandstorm
|move|p1a: Gardevoir|Hyper Voice|p2a: Tyranitar
|-supereffective|p2a: Tyranitar
|-damage|p2a: Tyranitar|0 fnt
|faint|p2a: Tyranitar
|
|-weather|Sandstorm|[upkeep]
|-damage|p1a: Gardevoir|112\/277|[from] sandstorm
|
|switch|p2a: Excadrill|Excadrill, F|289\/361
|turn|20
|
|switch|p1a: Hippowdon|Hippowdon, F|367\/419 brn
|-damage|p1a: Hippowdon|341\/419 brn|[from] Stealth Rock
|move|p2a: Excadrill|Earthquake|p1a: Hippowdon
|-damage|p1a: Hippowdon|162\/419 brn
|-damage|p2a: Excadrill|253\/361|[from] item: Life Orb
|
|-weather|Sandstorm|[upkeep]
|-heal|p1a: Hippowdon|188\/419 brn|[from] item: Leftovers
|-damage|p1a: Hippowdon|136\/419 brn|[from] brn
|turn|21
|
|move|p2a: Excadrill|Earthquake|p1a: Hippowdon
|-damage|p1a: Hippowdon|0 fnt
|-damage|p2a: Excadrill|217\/361|[from] item: Life Orb
|faint|p1a: Hippowdon
|
|-weather|Sandstorm|[upkeep]
|
|switch|p1a: Keldeo-Resolute|Keldeo-Resolute|323\/323
|-damage|p1a: Keldeo-Resolute|303\/323|[from] Stealth Rock
|turn|22
|
|switch|p2a: Starmie|Starmie|323\/323
|move|p1a: Keldeo-Resolute|Scald|p2a: Starmie
|-resisted|p2a: Starmie
|-damage|p2a: Starmie|248\/323
|
|-weather|Sandstorm|[upkeep]
|-damage|p2a: Starmie|228\/323|[from] sandstorm
|-damage|p1a: Keldeo-Resolute|283\/323|[from] sandstorm
|-heal|p2a: Starmie|248\/323|[from] item: Leftovers
|-heal|p1a: Keldeo-Resolute|303\/323|[from] item: Leftovers
|turn|23
|
|move|p2a: Starmie|Psyshock|p1a: Keldeo-Resolute
|-supereffective|p1a: Keldeo-Resolute
|-damage|p1a: Keldeo-Resolute|81\/323
|move|p1a: Keldeo-Resolute|Scald|p2a: Starmie
|-resisted|p2a: Starmie
|-damage|p2a: Starmie|174\/323
|-status|p2a: Starmie|brn
|
|-weather|Sandstorm|[upkeep]
|-damage|p2a: Starmie|154\/323 brn|[from] sandstorm
|-damage|p1a: Keldeo-Resolute|61\/323|[from] sandstorm
|-heal|p2a: Starmie|174\/323 brn|[from] item: Leftovers
|-heal|p1a: Keldeo-Resolute|81\/323|[from] item: Leftovers
|-damage|p2a: Starmie|134\/323 brn|[from] brn
|turn|24
|c|★flashyjoey|gg
|
|switch|p1a: Gardevoir|Gardevoir-Mega, F, shiny|112\/277
|-damage|p1a: Gardevoir|78\/277|[from] Stealth Rock
|move|p2a: Starmie|Psyshock|p1a: Gardevoir
|-resisted|p1a: Gardevoir
|-damage|p1a: Gardevoir|13\/277
|
|-weather|Sandstorm|[upkeep]
|-damage|p2a: Starmie|114\/323 brn|[from] sandstorm
|-damage|p1a: Gardevoir|0 fnt|[from] sandstorm
|-heal|p2a: Starmie|134\/323 brn|[from] item: Leftovers
|-damage|p2a: Starmie|94\/323 brn|[from] brn
|faint|p1a: Gardevoir
|c|★Alvadora|gg
|
|switch|p1a: Keldeo-Resolute|Keldeo-Resolute|81\/323
|-damage|p1a: Keldeo-Resolute|61\/323|[from] Stealth Rock
|turn|25
|-message|Alvadora forfeited.
|
|win|flashyjoey
|raw|Ladder updating...
|leave|Alvadora
|player|p1
|raw|Alvadora's rating: 1713 &rarr; <strong>1686<\/strong><br \/>(-27 for losing)
|raw|flashyjoey's rating: 1587 &rarr; <strong>1614<\/strong><br \/>(+27 for winning)