|join|Dayanne
|join|FlashyJoey
|player|p1|Dayanne|37
|player|p2|FlashyJoey|33
|gametype|singles
|gen|6
|tier|OU
|rated
|clearpoke
|poke|p1|Chansey, F
|poke|p1|Zapdos
|poke|p1|Scizor, M
|poke|p1|Clefable, F
|poke|p1|Gliscor, M
|poke|p1|Slowbro, M
|poke|p2|Starmie
|poke|p2|Chesnaught, M
|poke|p2|Talonflame, F
|poke|p2|Excadrill, M
|poke|p2|Tyranitar, M
|poke|p2|Gardevoir, F
|rule|Swagger Clause: Swagger is banned
|rule|Baton Pass Clause: Limit one Pokémon knowing Baton Pass
|rule|Sleep Clause Mod: Limit one foe put to sleep
|rule|Species Clause: Limit one of each Pokémon
|rule|OHKO Clause: OHKO moves are banned
|rule|Moody Clause: Moody is banned
|rule|Evasion Moves Clause: Evasion moves are banned
|rule|Endless Battle Clause: Forcing endless battles is banned
|rule|HP Percentage Mod: HP is shown in percentages
|teampreview
|
|start
|switch|p1a: Slowbro|Slowbro, M|394\/394
|switch|p2a: Gardevoir|Gardevoir, F|277\/277
|-ability|p2a: Gardevoir|Regenerator|[from] ability: Trace|[of] p1a: Slowbro
|turn|1
|
|switch|p2a: Tyranitar|Tyranitar, M|341\/341
|-weather|Sandstorm
|move|p1a: Slowbro|Toxic|p2a: Tyranitar
|-status|p2a: Tyranitar|tox
|
|-weather|Sandstorm|[upkeep]
|-damage|p1a: Slowbro|370\/394|[from] sandstorm
|-heal|p1a: Slowbro|394\/394|[from] item: Leftovers
|-damage|p2a: Tyranitar|320\/341 tox|[from] psn
|turn|2
|
|switch|p1a: Gliscor|Gliscor, M|352\/352
|move|p2a: Tyranitar|Stealth Rock|p1a: Gliscor
|-sidestart|p1: Dayanne|move: Stealth Rock
|
|-weather|Sandstorm|[upkeep]
|-damage|p2a: Tyranitar|278\/341 tox|[from] psn
|-status|p1a: Gliscor|tox|[from] item: Toxic Orb
|turn|3
|
|switch|p2a: Starmie|Starmie|323\/323
|move|p1a: Gliscor|Knock Off|p2a: Starmie
|-supereffective|p2a: Starmie
|-damage|p2a: Starmie|171\/323
|-enditem|p2a: Starmie|Leftovers|[from] move: Knock Off|[of] p1a: Gliscor
|
|-weather|Sandstorm|[upkeep]
|-damage|p2a: Starmie|151\/323|[from] sandstorm
|turn|4
|
|switch|p2a: Chesnaught|Chesnaught, M|379\/379
|move|p1a: Gliscor|Earthquake|p2a: Chesnaught
|-crit|p2a: Chesnaught
|-resisted|p2a: Chesnaught
|-damage|p2a: Chesnaught|319\/379
|
|-weather|Sandstorm|[upkeep]
|-damage|p2a: Chesnaught|296\/379|[from] sandstorm
|-heal|p2a: Chesnaught|319\/379|[from] item: Leftovers
|turn|5
|
|move|p1a: Gliscor|Taunt|p2a: Chesnaught
|-start|p2a: Chesnaught|move: Taunt
|cant|p2a: Chesnaught|move: Taunt|Spikes
|
|-weather|Sandstorm|[upkeep]
|-damage|p2a: Chesnaught|296\/379|[from] sandstorm
|-heal|p2a: Chesnaught|319\/379|[from] item: Leftovers
|turn|6
|
|switch|p2a: Starmie|Starmie|151\/323
|move|p1a: Gliscor|Knock Off|p2a: Starmie
|-supereffective|p2a: Starmie
|-damage|p2a: Starmie|45\/323
|
|-weather|Sandstorm|[upkeep]
|-damage|p2a: Starmie|25\/323|[from] sandstorm
|turn|7
|
|move|p2a: Starmie|Recover|p2a: Starmie
|-heal|p2a: Starmie|187\/323
|move|p1a: Gliscor|Earthquake|p2a: Starmie
|-damage|p2a: Starmie|60\/323
|
|-weather|Sandstorm|[upkeep]
|-damage|p2a: Starmie|40\/323|[from] sandstorm
|turn|8
|
|move|p2a: Starmie|Recover|p2a: Starmie
|-heal|p2a: Starmie|202\/323
|move|p1a: Gliscor|Earthquake|p2a: Starmie
|-damage|p2a: Starmie|64\/323
|
|-weather|none
|turn|9
|
|move|p2a: Starmie|Recover|p2a: Starmie
|-heal|p2a: Starmie|226\/323
|move|p1a: Gliscor|Earthquake|p2a: Starmie
|-damage|p2a: Starmie|97\/323
|
|turn|10
|
|switch|p1a: Zapdos|Zapdos|384\/384
|-damage|p1a: Zapdos|288\/384|[from] Stealth Rock
|-ability|p1a: Zapdos|Pressure
|move|p2a: Starmie|Recover|p2a: Starmie
|-heal|p2a: Starmie|259\/323
|
|-heal|p1a: Zapdos|312\/384|[from] item: Leftovers
|turn|11
|
|move|p2a: Starmie|Scald|p1a: Zapdos
|-damage|p1a: Zapdos|213\/384
|move|p1a: Zapdos|Defog|p2a: Starmie
|-unboost|p2a: Starmie|evasion|1
|-sideend|p1: Dayanne|Stealth Rock|[from] move: Defog|[of] p1a: Zapdos
|
|-heal|p1a: Zapdos|237\/384|[from] item: Leftovers
|turn|12
|
|switch|p2a: Tyranitar|Tyranitar, M|278\/341 tox
|-weather|Sandstorm
|move|p1a: Zapdos|Roost|p1a: Zapdos
|-heal|p1a: Zapdos|384\/384
|
|-weather|Sandstorm|[upkeep]
|-damage|p1a: Zapdos|360\/384|[from] sandstorm
|-heal|p1a: Zapdos|384\/384|[from] item: Leftovers
|-damage|p2a: Tyranitar|257\/341 tox|[from] psn
|turn|13
|
|move|p2a: Tyranitar|Stone Edge|p1a: Zapdos
|-supereffective|p1a: Zapdos
|-damage|p1a: Zapdos|90\/384
|move|p1a: Zapdos|Heat Wave|p2a: Tyranitar
|-resisted|p2a: Tyranitar
|-damage|p2a: Tyranitar|225\/341 tox
|
|-weather|Sandstorm|[upkeep]
|-damage|p1a: Zapdos|66\/384|[from] sandstorm
|-heal|p1a: Zapdos|90\/384|[from] item: Leftovers
|-damage|p2a: Tyranitar|183\/341 tox|[from] psn
|turn|14
|
|switch|p1a: Scizor|Scizor, M|344\/344
|move|p2a: Tyranitar|Stealth Rock|p1a: Scizor
|-sidestart|p1: Dayanne|move: Stealth Rock
|
|-weather|Sandstorm|[upkeep]
|-damage|p2a: Tyranitar|120\/341 tox|[from] psn
|turn|15
|
|switch|p2a: Talonflame|Talonflame, F|351\/351
|switch|p1a: Gliscor|Gliscor, M|352\/352 tox
|-damage|p1a: Gliscor|308\/352 tox|[from] Stealth Rock
|
|-weather|Sandstorm|[upkeep]
|-damage|p2a: Talonflame|330\/351|[from] sandstorm
|-heal|p2a: Talonflame|351\/351|[from] item: Leftovers
|-heal|p1a: Gliscor|352\/352 tox|[from] ability: Poison Heal
|turn|16
|
|move|p2a: Talonflame|Taunt|p1a: Gliscor
|-start|p1a: Gliscor|move: Taunt
|move|p1a: Gliscor|Knock Off|p2a: Talonflame
|-damage|p2a: Talonflame|267\/351
|-enditem|p2a: Talonflame|Leftovers|[from] move: Knock Off|[of] p1a: Gliscor
|
|-weather|Sandstorm|[upkeep]
|-damage|p2a: Talonflame|246\/351|[from] sandstorm
|turn|17
|
|switch|p2a: Chesnaught|Chesnaught, M|319\/379
|move|p1a: Gliscor|Knock Off|p2a: Chesnaught
|-resisted|p2a: Chesnaught
|-damage|p2a: Chesnaught|295\/379
|-enditem|p2a: Chesnaught|Leftovers|[from] move: Knock Off|[of] p1a: Gliscor
|
|-weather|Sandstorm|[upkeep]
|-damage|p2a: Chesnaught|272\/379|[from] sandstorm
|turn|18
|
|switch|p1a: Zapdos|Zapdos|90\/384
|-damage|p1a: Zapdos|0 fnt|[from] Stealth Rock
|faint|p1a: Zapdos
|move|p2a: Chesnaught|Spikes|p1: Zapdos
|-sidestart|p1: Dayanne|Spikes
|
|-weather|Sandstorm|[upkeep]
|-damage|p2a: Chesnaught|249\/379|[from] sandstorm
|
|switch|p1a: Clefable|Clefable, F|394\/394
|-damage|p1a: Clefable|345\/394|[from] Stealth Rock
|-damage|p1a: Clefable|296\/394|[from] Spikes
|turn|19
|
|switch|p2a: Talonflame|Talonflame, F|246\/351
|move|p1a: Clefable|Moonblast|p2a: Talonflame
|-resisted|p2a: Talonflame
|-damage|p2a: Talonflame|195\/351
|
|-weather|none
|-heal|p1a: Clefable|320\/394|[from] item: Leftovers
|turn|20
|
|move|p2a: Talonflame|Taunt|p1a: Clefable
|-start|p1a: Clefable|move: Taunt
|cant|p1a: Clefable|move: Taunt|Wish
|
|-heal|p1a: Clefable|344\/394|[from] item: Leftovers
|turn|21
|
|switch|p1a: Slowbro|Slowbro, M|394\/394
|-damage|p1a: Slowbro|345\/394|[from] Spikes
|-damage|p1a: Slowbro|296\/394|[from] Stealth Rock
|move|p2a: Talonflame|Roost|p2a: Talonflame
|-heal|p2a: Talonflame|351\/351
|
|-heal|p1a: Slowbro|320\/394|[from] item: Leftovers
|turn|22
|
|switch|p2a: Starmie|Starmie|259\/323
|move|p1a: Slowbro|Scald|p2a: Starmie
|-resisted|p2a: Starmie
|-damage|p2a: Starmie|207\/323
|
|-heal|p1a: Slowbro|344\/394|[from] item: Leftovers
|turn|23
|
|move|p2a: Starmie|Scald|p1a: Slowbro
|-resisted|p1a: Slowbro
|-damage|p1a: Slowbro|283\/394
|move|p1a: Slowbro|Toxic|p2a: Starmie
|-status|p2a: Starmie|tox
|
|-heal|p1a: Slowbro|307\/394|[from] item: Leftovers
|-damage|p2a: Starmie|187\/323 tox|[from] psn
|turn|24
|
|move|p2a: Starmie|Scald|p1a: Slowbro
|-resisted|p1a: Slowbro
|-damage|p1a: Slowbro|250\/394
|-status|p1a: Slowbro|brn
|move|p1a: Slowbro|Psyshock|p2a: Starmie
|-resisted|p2a: Starmie
|-damage|p2a: Starmie|137\/323 tox
|
|-heal|p1a: Slowbro|274\/394 brn|[from] item: Leftovers
|-damage|p2a: Starmie|97\/323 tox|[from] psn
|-damage|p1a: Slowbro|225\/394 brn|[from] brn
|turn|25
|
|move|p2a: Starmie|Recover|p2a: Starmie
|-heal|p2a: Starmie|259\/323 tox
|move|p1a: Slowbro|Slack Off|p1a: Slowbro
|-heal|p1a: Slowbro|394\/394 brn
|
|-damage|p2a: Starmie|199\/323 tox|[from] psn
|-damage|p1a: Slowbro|345\/394 brn|[from] brn
|turn|26
|
|switch|p2a: Chesnaught|Chesnaught, M|249\/379
|switch|p1a: Gliscor|Gliscor, M|352\/352 tox
|-damage|p1a: Gliscor|308\/352 tox|[from] Stealth Rock
|
|-heal|p1a: Gliscor|352\/352 tox|[from] ability: Poison Heal
|turn|27
|
|switch|p2a: Starmie|Starmie|199\/323
|move|p1a: Gliscor|Taunt|p2a: Starmie
|-start|p2a: Starmie|move: Taunt
|
|turn|28
|
|move|p2a: Starmie|Scald|p1a: Gliscor
|-supereffective|p1a: Gliscor
|-damage|p1a: Gliscor|182\/352 tox
|move|p1a: Gliscor|Knock Off|p2a: Starmie
|-supereffective|p2a: Starmie
|-damage|p2a: Starmie|89\/323
|
|-heal|p1a: Gliscor|226\/352 tox|[from] ability: Poison Heal
|turn|29
|
|switch|p2a: Chesnaught|Chesnaught, M|249\/379
|move|p1a: Gliscor|Earthquake|p2a: Chesnaught
|-resisted|p2a: Chesnaught
|-damage|p2a: Chesnaught|209\/379
|
|-heal|p1a: Gliscor|270\/352 tox|[from] ability: Poison Heal
|turn|30
|
|switch|p2a: Gardevoir|Gardevoir, F|277\/277
|-ability|p2a: Gardevoir|Poison Heal|[from] ability: Trace|[of] p1a: Gliscor
|move|p1a: Gliscor|Taunt|p2a: Gardevoir
|-start|p2a: Gardevoir|move: Taunt
|
|-heal|p1a: Gliscor|314\/352 tox|[from] ability: Poison Heal
|turn|31
|
|detailschange|p2a: Gardevoir|Gardevoir-Mega, F
|-mega|p2a: Gardevoir|Gardevoir|Gardevoirite
|move|p2a: Gardevoir|Hyper Voice|p1a: Gliscor
|-damage|p1a: Gliscor|77\/352 tox
|move|p1a: Gliscor|Earthquake|p2a: Gardevoir
|-damage|p2a: Gardevoir|121\/277
|
|-heal|p1a: Gliscor|121\/352 tox|[from] ability: Poison Heal
|turn|32
|
|switch|p1a: Scizor|Scizor, M|344\/344
|-damage|p1a: Scizor|301\/344|[from] Spikes
|-damage|p1a: Scizor|258\/344|[from] Stealth Rock
|move|p2a: Gardevoir|Psyshock|p1a: Scizor
|-resisted|p1a: Scizor
|-damage|p1a: Scizor|195\/344
|
|turn|33
|
|switch|p2a: Talonflame|Talonflame, F|351\/351
|detailschange|p1a: Scizor|Scizor-Mega, M
|-mega|p1a: Scizor|Scizor|Scizorite
|move|p1a: Scizor|Roost|p1a: Scizor
|-heal|p1a: Scizor|344\/344
|
|turn|34
|
|switch|p1a: Slowbro|Slowbro, M|394\/394 brn
|-damage|p1a: Slowbro|345\/394 brn|[from] Spikes
|-damage|p1a: Slowbro|296\/394 brn|[from] Stealth Rock
|move|p2a: Talonflame|Taunt|p1a: Slowbro
|-start|p1a: Slowbro|move: Taunt
|
|-heal|p1a: Slowbro|320\/394 brn|[from] item: Leftovers
|-damage|p1a: Slowbro|271\/394 brn|[from] brn
|turn|35
|
|switch|p2a: Starmie|Starmie|89\/323
|move|p1a: Slowbro|Scald|p2a: Starmie
|-resisted|p2a: Starmie
|-damage|p2a: Starmie|38\/323
|
|-heal|p1a: Slowbro|295\/394 brn|[from] item: Leftovers
|-damage|p1a: Slowbro|246\/394 brn|[from] brn
|turn|36
|
|switch|p1a: Chansey|Chansey, F|704\/704
|-damage|p1a: Chansey|616\/704|[from] Stealth Rock
|-damage|p1a: Chansey|528\/704|[from] Spikes
|move|p2a: Starmie|Recover|p2a: Starmie
|-heal|p2a: Starmie|200\/323
|
|turn|37
|
|switch|p2a: Chesnaught|Chesnaught, M|209\/379
|move|p1a: Chansey|Stealth Rock|p2a: Chesnaught
|-sidestart|p2: FlashyJoey|move: Stealth Rock
|
|turn|38
|
|switch|p1a: Gliscor|Gliscor, M|121\/352 tox
|-damage|p1a: Gliscor|77\/352 tox|[from] Stealth Rock
|move|p2a: Chesnaught|Spikes|p1a: Gliscor
|-sidestart|p1: Dayanne|Spikes
|
|-heal|p1a: Gliscor|121\/352 tox|[from] ability: Poison Heal
|turn|39
|
|move|p1a: Gliscor|Roost|p1a: Gliscor
|-heal|p1a: Gliscor|297\/352 tox
|move|p2a: Chesnaught|Wood Hammer|p1a: Gliscor
|-supereffective|p1a: Gliscor
|-damage|p1a: Gliscor|57\/352 tox
|-damage|p2a: Chesnaught|130\/379|[from] recoil|[of] p1a: Gliscor
|
|-heal|p1a: Gliscor|101\/352 tox|[from] ability: Poison Heal
|turn|40
|
|move|p1a: Gliscor|Roost|p1a: Gliscor
|-heal|p1a: Gliscor|277\/352 tox
|move|p2a: Chesnaught|Synthesis|p2a: Chesnaught
|-heal|p2a: Chesnaught|319\/379
|
|-heal|p1a: Gliscor|321\/352 tox|[from] ability: Poison Heal
|turn|41
|
|switch|p2a: Starmie|Starmie|200\/323
|-damage|p2a: Starmie|160\/323|[from] Stealth Rock
|move|p1a: Gliscor|Taunt|p2a: Starmie
|-start|p2a: Starmie|move: Taunt
|
|-heal|p1a: Gliscor|352\/352 tox|[from] ability: Poison Heal
|turn|42
|
|move|p2a: Starmie|Rapid Spin|p1a: Gliscor
|-damage|p1a: Gliscor|344\/352 tox
|-sideend|p2: FlashyJoey|Stealth Rock|[from] move: Rapid Spin|[of] p2a: Starmie
|move|p1a: Gliscor|Earthquake|p2a: Starmie
|-damage|p2a: Starmie|37\/323
|
|-heal|p1a: Gliscor|352\/352 tox|[from] ability: Poison Heal
|turn|43
|
|switch|p2a: Talonflame|Talonflame, F|351\/351
|move|p1a: Gliscor|Knock Off|p2a: Talonflame
|-damage|p2a: Talonflame|293\/351
|
|turn|44
|
|move|p2a: Talonflame|Taunt|p1a: Gliscor
|-start|p1a: Gliscor|move: Taunt
|move|p1a: Gliscor|Knock Off|p2a: Talonflame
|-damage|p2a: Talonflame|232\/351
|
|turn|45
|
|move|p2a: Talonflame|Roost|p2a: Talonflame
|-heal|p2a: Talonflame|351\/351
|move|p1a: Gliscor|Knock Off|p2a: Talonflame
|-damage|p2a: Talonflame|294\/351
|
|turn|46
|
|switch|p2a: Chesnaught|Chesnaught, M|319\/379
|move|p1a: Gliscor|Knock Off|p2a: Chesnaught
|-resisted|p2a: Chesnaught
|-damage|p2a: Chesnaught|303\/379
|
|-end|p1a: Gliscor|move: Taunt
|turn|47
|
|switch|p2a: Gardevoir|Gardevoir-Mega, F|121\/277
|move|p1a: Gliscor|Taunt|p2a: Gardevoir
|-start|p2a: Gardevoir|move: Taunt
|
|turn|48
|
|move|p2a: Gardevoir|Hyper Voice|p1a: Gliscor
|-damage|p1a: Gliscor|118\/352 tox
|move|p1a: Gliscor|Earthquake|p2a: Gardevoir
|-damage|p2a: Gardevoir|0 fnt
|faint|p2a: Gardevoir
|
|-heal|p1a: Gliscor|162\/352 tox|[from] ability: Poison Heal
|
|switch|p2a: Starmie|Starmie|37\/323
|turn|49
|
|switch|p1a: Chansey|Chansey, F|528\/704
|-damage|p1a: Chansey|440\/704|[from] Stealth Rock
|-damage|p1a: Chansey|323\/704|[from] Spikes
|move|p2a: Starmie|Scald|p1a: Chansey
|-damage|p1a: Chansey|268\/704
|-status|p1a: Chansey|brn
|
|-damage|p1a: Chansey|180\/704 brn|[from] brn
|turn|50
|
|switch|p2a: Excadrill|Excadrill, M|361\/361
|move|p1a: Chansey|Soft-Boiled|p1a: Chansey
|-heal|p1a: Chansey|532\/704 brn
|
|-damage|p1a: Chansey|444\/704 brn|[from] brn
|turn|51
|
|switch|p1a: Scizor|Scizor-Mega, M|344\/344
|-damage|p1a: Scizor|301\/344|[from] Stealth Rock
|-damage|p1a: Scizor|244\/344|[from] Spikes
|move|p2a: Excadrill|Swords Dance|p2a: Excadrill
|-boost|p2a: Excadrill|atk|2
|
|turn|52
|
|move|p2a: Excadrill|Earthquake|p1a: Scizor
|-damage|p1a: Scizor|0 fnt
|-damage|p2a: Excadrill|325\/361|[from] item: Life Orb
|faint|p1a: Scizor
|
|c|★FlashyJoey|gg i guess
|
|switch|p1a: Slowbro|Slowbro, M|377\/394 brn
|-damage|p1a: Slowbro|328\/394 brn|[from] Stealth Rock
|-damage|p1a: Slowbro|263\/394 brn|[from] Spikes
|turn|53
|
|move|p2a: Excadrill|Earthquake|p1a: Slowbro
|-damage|p1a: Slowbro|0 fnt
|-damage|p2a: Excadrill|289\/361|[from] item: Life Orb
|faint|p1a: Slowbro
|
|-message|Dayanne forfeited.
|leave|Dayanne
|
|win|FlashyJoey
|raw|Ladder updating...
|player|p1
|raw|Dayanne's rating: 1705 &rarr; <strong>1683<\/strong><br \/>(-22 for losing)
|raw|FlashyJoey's rating: 1686 &rarr; <strong>1707<\/strong><br \/>(+21 for winning)