|join|flashyjoey
|join|Flattoped Dragon
|player|p1|flashyjoey|33
|player|p2|Flattoped Dragon|274
|gametype|singles
|gen|6
|tier|OU
|rated
|clearpoke
|poke|p1|Starmie
|poke|p1|Chesnaught, M
|poke|p1|Talonflame, F
|poke|p1|Excadrill, F
|poke|p1|Tyranitar, F
|poke|p1|Gardevoir, F
|poke|p2|Metagross
|poke|p2|Bisharp, F
|poke|p2|Landorus-Therian, M
|poke|p2|Clefable, M
|poke|p2|Keldeo
|poke|p2|Rotom-Wash
|rule|Swagger Clause: Swagger is banned
|rule|Baton Pass Clause: Limit one Pokémon knowing Baton Pass
|rule|Sleep Clause Mod: Limit one foe put to sleep
|rule|Species Clause: Limit one of each Pokémon
|rule|OHKO Clause: OHKO moves are banned
|rule|Moody Clause: Moody is banned
|rule|Evasion Moves Clause: Evasion moves are banned
|rule|Endless Battle Clause: Forcing endless battles is banned
|rule|HP Percentage Mod: HP is shown in percentages
|teampreview
|
|start
|switch|p1a: Gardevoir|Gardevoir, F|277\/277
|switch|p2a: Landorus-Therian|Landorus-Therian, M|382\/382
|-ability|p1a: Gardevoir|Intimidate|[from] ability: Trace|[of] p2a: Landorus-Therian
|-ability|p1a: Gardevoir|Intimidate|[of] p2a: Landorus-Therian
|-unboost|p2a: Landorus-Therian|atk|1
|-ability|p2a: Landorus-Therian|Intimidate|[of] p1a: Gardevoir
|-unboost|p1a: Gardevoir|atk|1
|turn|1
|
|detailschange|p1a: Gardevoir|Gardevoir-Mega, F
|-mega|p1a: Gardevoir|Gardevoir|Gardevoirite
|move|p1a: Gardevoir|Hyper Voice|p2a: Landorus-Therian
|-damage|p2a: Landorus-Therian|103\/382
|move|p2a: Landorus-Therian|Stealth Rock|p1a: Gardevoir
|-sidestart|p1: flashyjoey|move: Stealth Rock
|
|-heal|p2a: Landorus-Therian|126\/382|[from] item: Leftovers
|turn|2
|c|★Flattoped Dragon|hahaha
|c|★Flattoped Dragon|crap
|c|★Flattoped Dragon|who do i switch to?
|c|★flashyjoey|metang?
|
|switch|p2a: Clefable|Clefable, M|394\/394
|move|p1a: Gardevoir|Hidden Power|p2a: Clefable
|-crit|p2a: Clefable
|-damage|p2a: Clefable|247\/394
|
|-heal|p2a: Clefable|271\/394|[from] item: Leftovers
|turn|3
|c|★Flattoped Dragon|metagross?
|c|★flashyjoey|yep?
|c|★flashyjoey|resist both STAB
|c|★Flattoped Dragon|hahaha glad i didn't tho
|c|★flashyjoey|:)
|c|★Flattoped Dragon|what's that hidden power of yours?
|c|★flashyjoey|yeah
|c|★Flattoped Dragon|fire!
|
|move|p1a: Gardevoir|Hyper Voice|p2a: Clefable
|-damage|p2a: Clefable|0 fnt
|faint|p2a: Clefable
|
|c|★Flattoped Dragon|lol
|c|★Flattoped Dragon|crap
|
|switch|p2a: Metagross|Metagross|301\/301
|turn|4
|c|★Flattoped Dragon|die fiend
|c|★Flattoped Dragon|what made you choose a team like this dude?
|c|★Flattoped Dragon|it's hype
|c|★flashyjoey|idk
|c|★flashyjoey|i think MGarde is awewome
|c|★Flattoped Dragon|it's straight balance
|c|★flashyjoey|and i like starmie
|c|★Flattoped Dragon|yeah dude
|
|switch|p1a: Starmie|Starmie|323\/323
|-damage|p1a: Starmie|283\/323|[from] Stealth Rock
|detailschange|p2a: Metagross|Metagross-Mega
|-mega|p2a: Metagross|Metagross|Metagrossite
|move|p2a: Metagross|Bullet Punch|p1a: Starmie
|-resisted|p1a: Starmie
|-damage|p1a: Starmie|224\/323
|
|-heal|p1a: Starmie|244\/323|[from] item: Leftovers
|turn|5
|c|★Flattoped Dragon|MGarde is dope
|
|switch|p2a: Bisharp|Bisharp, F|319\/319
|move|p1a: Starmie|Rapid Spin|p2a: Bisharp
|-resisted|p2a: Bisharp
|-damage|p2a: Bisharp|314\/319
|-sideend|p1: flashyjoey|Stealth Rock|[from] move: Rapid Spin|[of] p1a: Starmie
|
|-heal|p1a: Starmie|264\/323|[from] item: Leftovers
|turn|6
|
|switch|p1a: Chesnaught|Chesnaught, M|379\/379
|move|p2a: Bisharp|Knock Off|p1a: Chesnaught
|-resisted|p1a: Chesnaught
|-damage|p1a: Chesnaught|323\/379
|-enditem|p1a: Chesnaught|Leftovers|[from] move: Knock Off|[of] p2a: Bisharp
|
|turn|7
|
|switch|p2a: Metagross|Metagross-Mega|301\/301
|move|p1a: Chesnaught|Spikes|p2a: Metagross
|-sidestart|p2: Flattoped Dragon|Spikes
|
|turn|8
|
|switch|p1a: Starmie|Starmie|264\/323
|move|p2a: Metagross|Zen Headbutt|p1a: Starmie
|-resisted|p1a: Starmie
|-damage|p1a: Starmie|152\/323
|
|-heal|p1a: Starmie|172\/323|[from] item: Leftovers
|turn|9
|
|move|p1a: Starmie|Recover|p1a: Starmie
|-heal|p1a: Starmie|323\/323
|move|p2a: Metagross|Earthquake|p1a: Starmie
|-damage|p1a: Starmie|173\/323
|
|-heal|p1a: Starmie|193\/323|[from] item: Leftovers
|turn|10
|
|switch|p2a: Rotom-Wash|Rotom-Wash|303\/303
|move|p1a: Starmie|Scald|p2a: Rotom-Wash
|-resisted|p2a: Rotom-Wash
|-damage|p2a: Rotom-Wash|258\/303
|-status|p2a: Rotom-Wash|brn
|
|-heal|p1a: Starmie|213\/323|[from] item: Leftovers
|-heal|p2a: Rotom-Wash|276\/303 brn|[from] item: Leftovers
|-damage|p2a: Rotom-Wash|239\/303 brn|[from] brn
|turn|11
|
|switch|p1a: Tyranitar|Tyranitar, F|341\/341
|-weather|Sandstorm
|move|p2a: Rotom-Wash|Will-O-Wisp|p1a: Tyranitar
|-status|p1a: Tyranitar|brn
|
|-weather|Sandstorm|[upkeep]
|-damage|p2a: Rotom-Wash|221\/303 brn|[from] sandstorm
|-heal|p2a: Rotom-Wash|239\/303 brn|[from] item: Leftovers
|-damage|p1a: Tyranitar|299\/341 brn|[from] brn
|-damage|p2a: Rotom-Wash|202\/303 brn|[from] brn
|turn|12
|
|move|p1a: Tyranitar|Stealth Rock|p2a: Rotom-Wash
|-sidestart|p2: Flattoped Dragon|move: Stealth Rock
|move|p2a: Rotom-Wash|Hydro Pump|p1a: Tyranitar
|-supereffective|p1a: Tyranitar
|-damage|p1a: Tyranitar|119\/341 brn
|
|-weather|Sandstorm|[upkeep]
|-damage|p2a: Rotom-Wash|184\/303 brn|[from] sandstorm
|-heal|p2a: Rotom-Wash|202\/303 brn|[from] item: Leftovers
|-damage|p1a: Tyranitar|77\/341 brn|[from] brn
|-damage|p2a: Rotom-Wash|165\/303 brn|[from] brn
|turn|13
|
|switch|p1a: Chesnaught|Chesnaught, M|323\/379
|move|p2a: Rotom-Wash|Volt Switch|p1a: Chesnaught
|-resisted|p1a: Chesnaught
|-damage|p1a: Chesnaught|266\/379
|
|switch|p2a: Metagross|Metagross-Mega|301\/301
|-damage|p2a: Metagross|283\/301|[from] Stealth Rock
|-damage|p2a: Metagross|246\/301|[from] Spikes
|
|-weather|Sandstorm|[upkeep]
|-damage|p1a: Chesnaught|243\/379|[from] sandstorm
|turn|14
|
|switch|p1a: Talonflame|Talonflame, F|351\/351
|move|p2a: Metagross|Earthquake|p1a: Talonflame
|-immune|p1a: Talonflame|[msg]
|
|-weather|Sandstorm|[upkeep]
|-damage|p1a: Talonflame|330\/351|[from] sandstorm
|-heal|p1a: Talonflame|351\/351|[from] item: Leftovers
|turn|15
|
|switch|p2a: Keldeo|Keldeo|323\/323
|-damage|p2a: Keldeo|283\/323|[from] Spikes
|-damage|p2a: Keldeo|263\/323|[from] Stealth Rock
|move|p1a: Talonflame|Will-O-Wisp|p2a: Keldeo
|-status|p2a: Keldeo|brn
|
|-weather|Sandstorm|[upkeep]
|-damage|p2a: Keldeo|243\/323 brn|[from] sandstorm
|-damage|p1a: Talonflame|330\/351|[from] sandstorm
|-heal|p1a: Talonflame|351\/351|[from] item: Leftovers
|-damage|p2a: Keldeo|203\/323 brn|[from] brn
|turn|16
|c|★Flattoped Dragon|nice switch
|c|★flashyjoey|wow
|c|★flashyjoey|u sac it
|c|★Flattoped Dragon|sac?
|
|switch|p1a: Starmie|Starmie|213\/323
|move|p2a: Keldeo|Hidden Power|p1a: Starmie
|-supereffective|p1a: Starmie
|-damage|p1a: Starmie|25\/323
|
|-weather|Sandstorm|[upkeep]
|-damage|p2a: Keldeo|183\/323 brn|[from] sandstorm
|-damage|p1a: Starmie|5\/323|[from] sandstorm
|-heal|p1a: Starmie|25\/323|[from] item: Leftovers
|-damage|p2a: Keldeo|143\/323 brn|[from] brn
|turn|17
|c|★flashyjoey|nice :))
|c|★Flattoped Dragon|thanks
|
|switch|p1a: Chesnaught|Chesnaught, M|243\/379
|move|p2a: Keldeo|Hidden Power|p1a: Chesnaught
|-resisted|p1a: Chesnaught
|-damage|p1a: Chesnaught|195\/379
|
|-weather|Sandstorm|[upkeep]
|-damage|p2a: Keldeo|123\/323 brn|[from] sandstorm
|-damage|p1a: Chesnaught|172\/379|[from] sandstorm
|-damage|p2a: Keldeo|83\/323 brn|[from] brn
|turn|18
|c|★Flattoped Dragon|dude thing is without clefable i'm done
|c|★Flattoped Dragon|he's huge
|c|★Flattoped Dragon|to my team
|
|switch|p2a: Landorus-Therian|Landorus-Therian, M|126\/382
|-damage|p2a: Landorus-Therian|79\/382|[from] Stealth Rock
|-ability|p2a: Landorus-Therian|Intimidate|[of] p1a: Chesnaught
|-unboost|p1a: Chesnaught|atk|1
|move|p1a: Chesnaught|Spikes|p2a: Landorus-Therian
|-sidestart|p2: Flattoped Dragon|Spikes
|
|-weather|none
|-heal|p2a: Landorus-Therian|102\/382|[from] item: Leftovers
|turn|19
|
|move|p2a: Landorus-Therian|U-turn|p1a: Chesnaught
|-damage|p1a: Chesnaught|124\/379
|
|switch|p2a: Metagross|Metagross-Mega|246\/301
|-damage|p2a: Metagross|196\/301|[from] Spikes
|-damage|p2a: Metagross|178\/301|[from] Stealth Rock
|move|p1a: Chesnaught|Wood Hammer|p2a: Metagross
|-resisted|p2a: Metagross
|-damage|p2a: Metagross|146\/301
|-damage|p1a: Chesnaught|113\/379|[from] recoil|[of] p2a: Metagross
|
|turn|20
|c|★flashyjoey|so why did u switch him in into mgarde?
|
|move|p2a: Metagross|Ice Punch|p1a: Chesnaught
|-supereffective|p1a: Chesnaught
|-damage|p1a: Chesnaught|0 fnt
|faint|p1a: Chesnaught
|
|
|switch|p1a: Starmie|Starmie|25\/323
|turn|21
|c|★Flattoped Dragon|who?
|c|★flashyjoey|Mega Gardevoir
|c|★flashyjoey|ops
|c|★Flattoped Dragon|switch who into it?
|c|★flashyjoey|forgot bullet punch
|c|★Flattoped Dragon|lol
|c|★flashyjoey|clef to mGarde
|
|switch|p1a: Talonflame|Talonflame, F|351\/351
|move|p2a: Metagross|Bullet Punch|p1a: Talonflame
|-resisted|p1a: Talonflame
|-damage|p1a: Talonflame|286\/351
|
|-heal|p1a: Talonflame|307\/351|[from] item: Leftovers
|turn|22
|c|★Flattoped Dragon|ahhh
|c|★Flattoped Dragon|cuz i felt anyone one else would die to him
|c|★flashyjoey|Matagross wont
|c|★Flattoped Dragon|i knew you had something against my mega meta
|c|★Flattoped Dragon|so i didn't want it to lose hp
|c|★flashyjoey|nice :)
|c|★Flattoped Dragon|i didn't expect hyper voice to kill clefable with 70% tho
|
|switch|p2a: Landorus-Therian|Landorus-Therian, M|102\/382
|-damage|p2a: Landorus-Therian|55\/382|[from] Stealth Rock
|-ability|p2a: Landorus-Therian|Intimidate|[of] p1a: Talonflame
|-unboost|p1a: Talonflame|atk|1
|move|p1a: Talonflame|Will-O-Wisp|p2a: Landorus-Therian
|-status|p2a: Landorus-Therian|brn
|
|-heal|p1a: Talonflame|328\/351|[from] item: Leftovers
|-heal|p2a: Landorus-Therian|78\/382 brn|[from] item: Leftovers
|-damage|p2a: Landorus-Therian|31\/382 brn|[from] brn
|turn|23
|
|move|p1a: Talonflame|Brave Bird|p2a: Landorus-Therian
|-damage|p2a: Landorus-Therian|0 fnt
|-damage|p1a: Talonflame|318\/351|[from] recoil|[of] p2a: Landorus-Therian
|faint|p2a: Landorus-Therian
|
|-heal|p1a: Talonflame|339\/351|[from] item: Leftovers
|
|switch|p2a: Rotom-Wash|Rotom-Wash|165\/303 brn
|-damage|p2a: Rotom-Wash|128\/303 brn|[from] Stealth Rock
|turn|24
|
|move|p1a: Talonflame|Taunt|p2a: Rotom-Wash
|-start|p2a: Rotom-Wash|move: Taunt
|cant|p2a: Rotom-Wash|move: Taunt|Pain Split
|
|-heal|p1a: Talonflame|351\/351|[from] item: Leftovers
|-heal|p2a: Rotom-Wash|146\/303 brn|[from] item: Leftovers
|-damage|p2a: Rotom-Wash|109\/303 brn|[from] brn
|turn|25
|c|★Flattoped Dragon|hahaha
|
|move|p1a: Talonflame|Brave Bird|p2a: Rotom-Wash
|-resisted|p2a: Rotom-Wash
|-damage|p2a: Rotom-Wash|82\/303 brn
|-damage|p1a: Talonflame|342\/351|[from] recoil|[of] p2a: Rotom-Wash
|move|p2a: Rotom-Wash|Hydro Pump|p1a: Talonflame
|-supereffective|p1a: Talonflame
|-damage|p1a: Talonflame|94\/351
|
|-heal|p1a: Talonflame|115\/351|[from] item: Leftovers
|-heal|p2a: Rotom-Wash|100\/303 brn|[from] item: Leftovers
|-damage|p2a: Rotom-Wash|63\/303 brn|[from] brn
|turn|26
|c|★Flattoped Dragon|shouldn't have fell for that
|
|move|p1a: Talonflame|Roost|p1a: Talonflame
|-heal|p1a: Talonflame|291\/351
|move|p2a: Rotom-Wash|Hydro Pump|p1a: Talonflame|[miss]
|-miss|p2a: Rotom-Wash|p1a: Talonflame
|
|-heal|p1a: Talonflame|312\/351|[from] item: Leftovers
|-heal|p2a: Rotom-Wash|81\/303 brn|[from] item: Leftovers
|-damage|p2a: Rotom-Wash|44\/303 brn|[from] brn
|-end|p2a: Rotom-Wash|move: Taunt
|turn|27
|c|★Flattoped Dragon|why'd he have to miss
|
|switch|p1a: Gardevoir|Gardevoir-Mega, F|277\/277
|move|p2a: Rotom-Wash|Hydro Pump|p1a: Gardevoir|[miss]
|-miss|p2a: Rotom-Wash|p1a: Gardevoir
|
|-heal|p2a: Rotom-Wash|62\/303 brn|[from] item: Leftovers
|-damage|p2a: Rotom-Wash|25\/303 brn|[from] brn
|turn|28
|c|★flashyjoey|sorry :\/
|c|★Flattoped Dragon|wow, again
|
|move|p1a: Gardevoir|Substitute|p1a: Gardevoir
|-start|p1a: Gardevoir|Substitute
|-damage|p1a: Gardevoir|208\/277
|move|p2a: Rotom-Wash|Pain Split|p1a: Gardevoir
|
|-heal|p2a: Rotom-Wash|43\/303 brn|[from] item: Leftovers
|-damage|p2a: Rotom-Wash|6\/303 brn|[from] brn
|turn|29
|c|★Flattoped Dragon|i shoulda pain split
|
|move|p1a: Gardevoir|Hyper Voice|p2a: Rotom-Wash
|-damage|p2a: Rotom-Wash|0 fnt
|faint|p2a: Rotom-Wash
|
|
|switch|p2a: Bisharp|Bisharp, F|314\/319
|-damage|p2a: Bisharp|295\/319|[from] Stealth Rock
|-damage|p2a: Bisharp|242\/319|[from] Spikes
|turn|30
|
|move|p2a: Bisharp|Sucker Punch|p1a: Gardevoir
|-end|p1a: Gardevoir|Substitute
|move|p1a: Gardevoir|Hyper Voice|p2a: Bisharp
|-crit|p2a: Bisharp
|-damage|p2a: Bisharp|0 fnt
|faint|p2a: Bisharp
|
|
|switch|p2a: Metagross|Metagross-Mega|146\/301
|-damage|p2a: Metagross|128\/301|[from] Stealth Rock
|-damage|p2a: Metagross|78\/301|[from] Spikes
|turn|31
|c|★Flattoped Dragon|fa la la la
|c|★Flattoped Dragon|gg btw
|
|switch|p1a: Tyranitar|Tyranitar, F|77\/341 brn
|-weather|Sandstorm
|move|p2a: Metagross|Bullet Punch|p1a: Tyranitar
|-supereffective|p1a: Tyranitar
|-damage|p1a: Tyranitar|0 fnt
|faint|p1a: Tyranitar
|
|-weather|Sandstorm|[upkeep]
|c|★flashyjoey|gg
|
|switch|p1a: Excadrill|Excadrill, F|361\/361
|turn|32
|
|move|p1a: Excadrill|Earthquake|p2a: Metagross
|-supereffective|p2a: Metagross
|-damage|p2a: Metagross|0 fnt
|-damage|p1a: Excadrill|325\/361|[from] item: Life Orb
|faint|p2a: Metagross
|
|-weather|Sandstorm|[upkeep]
|c|★Flattoped Dragon|sand rush excadrill
|
|switch|p2a: Keldeo|Keldeo|83\/323 brn
|-damage|p2a: Keldeo|63\/323 brn|[from] Stealth Rock
|-damage|p2a: Keldeo|10\/323 brn|[from] Spikes
|turn|33
|c|★flashyjoey|yep
|c|★Flattoped Dragon|of course
|c|★flashyjoey|its op
|c|★Flattoped Dragon|yeah
|
|move|p1a: Excadrill|Earthquake|p2a: Keldeo
|-damage|p2a: Keldeo|0 fnt
|-damage|p1a: Excadrill|289\/361|[from] item: Life Orb
|faint|p2a: Keldeo
|
|win|flashyjoey
|raw|Ladder updating...
|raw|flashyjoey's rating: 1569 &rarr; <strong>1581<\/strong><br \/>(+12 for winning)
|raw|Flattoped Dragon's rating: 1438 &rarr; <strong>1425<\/strong><br \/>(-13 for losing)
|c|★flashyjoey|gg men
|c|★Flattoped Dragon|i have another team
|c|★Flattoped Dragon|with tyranitar and sand rush exca
|c|★Flattoped Dragon|but yeah
|c|★Flattoped Dragon|gg
|leave|Flattoped Dragon
|player|p2