|join|chaoticchrome
|join|A$AP No Rocky
|player|p1|chaoticchrome|265
|player|p2|A$AP No Rocky|170
|gametype|singles
|gen|6
|tier|OU
|rated
|clearpoke
|poke|p1|Starmie
|poke|p1|Clefable, F
|poke|p1|Garchomp, M
|poke|p1|Galvantula, M
|poke|p1|Skarmory, F
|poke|p1|Weavile, M
|poke|p2|Gyarados, F
|poke|p2|Magnezone
|poke|p2|Clefable, M
|poke|p2|Landorus, M
|poke|p2|Scizor, F
|poke|p2|Mew
|rule|Swagger Clause: Swagger is banned
|rule|Baton Pass Clause: Limit one Pokémon knowing Baton Pass
|rule|Sleep Clause Mod: Limit one foe put to sleep
|rule|Species Clause: Limit one of each Pokémon
|rule|OHKO Clause: OHKO moves are banned
|rule|Moody Clause: Moody is banned
|rule|Evasion Moves Clause: Evasion moves are banned
|rule|Endless Battle Clause: Forcing endless battles is banned
|rule|HP Percentage Mod: HP is shown in percentages
|teampreview
|
|start
|switch|p1a: Galvantula|Galvantula, M|281\/281
|switch|p2a: Mew|Mew|404\/404
|turn|1
|
|move|p1a: Galvantula|Bug Buzz|p2a: Mew
|-crit|p2a: Mew
|-supereffective|p2a: Mew
|-damage|p2a: Mew|24\/404
|move|p2a: Mew|Stealth Rock|p1a: Galvantula
|-sidestart|p1: chaoticchrome|move: Stealth Rock
|
|-heal|p2a: Mew|49\/404|[from] item: Leftovers
|turn|2
|c|★chaoticchrome|jesus haha
|
|switch|p2a: Scizor|Scizor, F|344\/344
|move|p1a: Galvantula|Bug Buzz|p2a: Scizor
|-resisted|p2a: Scizor
|-damage|p2a: Scizor|260\/344
|
|turn|3
|
|move|p1a: Galvantula|Sticky Web|p2a: Scizor
|-sidestart|p2: A$AP No Rocky|move: Sticky Web
|move|p2a: Scizor|U-turn|p1a: Galvantula
|-enditem|p1a: Galvantula|Focus Sash
|-damage|p1a: Galvantula|1\/281
|
|switch|p2a: Magnezone|Magnezone|281\/281
|-activate|p2a: Magnezone|move: Sticky Web
|-unboost|p2a: Magnezone|spe|1
|
|turn|4
|
|move|p1a: Galvantula|Thunder|p2a: Magnezone
|-resisted|p2a: Magnezone
|-damage|p2a: Magnezone|187\/281
|move|p2a: Magnezone|Flash Cannon|p1a: Galvantula
|-resisted|p1a: Galvantula
|-damage|p1a: Galvantula|0 fnt
|faint|p1a: Galvantula
|
|
|switch|p1a: Starmie|Starmie|324\/324
|-damage|p1a: Starmie|284\/324|[from] Stealth Rock
|turn|5
|
|switch|p2a: Scizor|Scizor, F|260\/344
|-activate|p2a: Scizor|move: Sticky Web
|-unboost|p2a: Scizor|spe|1
|move|p1a: Starmie|Rapid Spin|p2a: Scizor
|-resisted|p2a: Scizor
|-damage|p2a: Scizor|255\/344
|-sideend|p1: chaoticchrome|Stealth Rock|[from] move: Rapid Spin|[of] p1a: Starmie
|
|-heal|p1a: Starmie|304\/324|[from] item: Leftovers
|turn|6
|
|move|p2a: Scizor|Pursuit|p1a: Starmie|[from]Pursuit
|-supereffective|p1a: Starmie
|-damage|p1a: Starmie|0 fnt
|faint|p1a: Starmie
|
|c|★chaoticchrome|nb
|
|switch|p1a: Garchomp|Garchomp, M|420\/420
|turn|7
|
|switch|p2a: Clefable|Clefable, M|394\/394
|-activate|p2a: Clefable|move: Sticky Web
|-unboost|p2a: Clefable|spe|1
|detailschange|p1a: Garchomp|Garchomp-Mega, M
|-mega|p1a: Garchomp|Garchomp|Garchompite
|move|p1a: Garchomp|Hone Claws|p1a: Garchomp
|-boost|p1a: Garchomp|atk|1
|-boost|p1a: Garchomp|accuracy|1
|
|turn|8
|
|move|p1a: Garchomp|Earthquake|p2a: Clefable
|-damage|p2a: Clefable|0 fnt
|faint|p2a: Clefable
|
|
|switch|p2a: Landorus|Landorus, M|319\/319
|turn|9
|
|move|p2a: Landorus|Earth Power|p1a: Garchomp
|-damage|p1a: Garchomp|173\/420
|move|p1a: Garchomp|Dragon Rush|p2a: Landorus
|-damage|p2a: Landorus|0 fnt
|faint|p2a: Landorus
|
|
|switch|p2a: Scizor|Scizor, F|255\/344
|-activate|p2a: Scizor|move: Sticky Web
|-unboost|p2a: Scizor|spe|1
|turn|10
|
|move|p2a: Scizor|Bullet Punch|p1a: Garchomp
|-damage|p1a: Garchomp|25\/420
|move|p1a: Garchomp|Fire Blast|p2a: Scizor
|-supereffective|p2a: Scizor
|-damage|p2a: Scizor|0 fnt
|faint|p2a: Scizor
|
|
|switch|p2a: Gyarados|Gyarados, F|332\/332
|turn|11
|
|move|p2a: Gyarados|Dragon Dance|p2a: Gyarados
|-boost|p2a: Gyarados|atk|1
|-boost|p2a: Gyarados|spe|1
|move|p1a: Garchomp|Dragon Rush|p2a: Gyarados
|-damage|p2a: Gyarados|0 fnt
|faint|p2a: Gyarados
|
|c|★chaoticchrome|my god that damage haha
|-message|A$AP No Rocky forfeited.
|
|win|chaoticchrome
|raw|Ladder updating...
|leave|A$AP No Rocky
|player|p2
|raw|chaoticchrome's rating: 1345 &rarr; <strong>1366<\/strong><br \/>(+21 for winning)
|raw|A$AP No Rocky's rating: 1367 &rarr; <strong>1346<\/strong><br \/>(-21 for losing)