|join|Blexx
|join|Mikey C
|player|p1|Blexx|170
|player|p2|Mikey C|12
|gametype|singles
|gen|6
|tier|UU
|rated
|rule|Sleep Clause Mod: Limit one foe put to sleep
|rule|Species Clause: Limit one of each Pokémon
|rule|OHKO Clause: OHKO moves are banned
|rule|Moody Clause: Moody is banned
|rule|Evasion Moves Clause: Evasion moves are banned
|rule|Endless Battle Clause: Forcing endless battles is banned
|rule|HP Percentage Mod: HP is shown in percentages
|clearpoke
|poke|p1|Roserade, F, shiny
|poke|p1|Milotic, F
|poke|p1|Crobat, F
|poke|p1|Jirachi
|poke|p1|Mienshao, M
|poke|p1|Druddigon, M
|poke|p2|Crobat, F, shiny
|poke|p2|Darmanitan, F
|poke|p2|Krookodile, F
|poke|p2|Blastoise, F, shiny
|poke|p2|Honchkrow, F
|poke|p2|Jirachi
|rule|Swagger Clause: Swagger is banned
|rule|Baton Pass Clause: Limit one Pokémon knowing Baton Pass
|teampreview
|
|start
|switch|p1a: Druddigon|Druddigon, M|358\/358
|switch|p2a: Krookodile|Krookodile, F|394\/394
|-ability|p2a: Krookodile|Intimidate|[of] p1a: Druddigon
|-unboost|p1a: Druddigon|atk|1
|turn|1
|
|move|p2a: Krookodile|Stealth Rock|p1a: Druddigon
|-sidestart|p1: Blexx|move: Stealth Rock
|move|p1a: Druddigon|Stealth Rock|p2a: Krookodile
|-sidestart|p2: Mikey C|move: Stealth Rock
|
|turn|2
|
|move|p2a: Krookodile|Knock Off|p1a: Druddigon
|-damage|p1a: Druddigon|250\/358
|-damage|p2a: Krookodile|345\/394|[from] ability: Rough Skin|[of] p1a: Druddigon
|-damage|p2a: Krookodile|280\/394|[from] item: Rocky Helmet|[of] p1a: Druddigon
|-enditem|p1a: Druddigon|Rocky Helmet|[from] move: Knock Off|[of] p2a: Krookodile
|move|p1a: Druddigon|Glare|p2a: Krookodile
|-status|p2a: Krookodile|par
|
|-heal|p2a: Krookodile|304\/394 par|[from] item: Leftovers
|turn|3
|
|switch|p2a: Jirachi|Jirachi|342\/342
|-damage|p2a: Jirachi|321\/342|[from] Stealth Rock
|move|p1a: Druddigon|Roar|p2a: Jirachi
|drag|p2a: Blastoise|Blastoise, F, shiny|362\/362
|-damage|p2a: Blastoise|317\/362|[from] Stealth Rock
|
|turn|4
|
|detailschange|p2a: Blastoise|Blastoise-Mega, F, shiny
|-mega|p2a: Blastoise|Blastoise|Blastoisinite
|move|p2a: Blastoise|Dragon Pulse|p1a: Druddigon
|-supereffective|p1a: Druddigon
|-damage|p1a: Druddigon|0 fnt
|faint|p1a: Druddigon
|
|c|★Blexx|lol?
|
|switch|p1a: Roserade|Roserade, F, shiny|324\/324
|-damage|p1a: Roserade|284\/324|[from] Stealth Rock
|turn|5
|
|move|p1a: Roserade|Leech Seed|p2a: Blastoise
|-start|p2a: Blastoise|move: Leech Seed
|move|p2a: Blastoise|Rapid Spin|p1a: Roserade
|-crit|p1a: Roserade
|-damage|p1a: Roserade|255\/324
|-end|p2a: Blastoise|Leech Seed|[from] move: Rapid Spin|[of] p2a: Blastoise
|-sideend|p2: Mikey C|Stealth Rock|[from] move: Rapid Spin|[of] p2a: Blastoise
|
|-heal|p1a: Roserade|275\/324|[from] item: Black Sludge
|turn|6
|
|move|p1a: Roserade|Spikes|p2a: Blastoise
|-sidestart|p2: Mikey C|Spikes
|move|p2a: Blastoise|Dark Pulse|p1a: Roserade
|-damage|p1a: Roserade|167\/324
|
|-heal|p1a: Roserade|187\/324|[from] item: Black Sludge
|turn|7
|
|move|p1a: Roserade|Giga Drain|p2a: Blastoise
|-supereffective|p2a: Blastoise
|-damage|p2a: Blastoise|137\/362
|-heal|p1a: Roserade|277\/324|[from] drain|[of] p2a: Blastoise
|move|p2a: Blastoise|Dragon Pulse|p1a: Roserade
|-damage|p1a: Roserade|162\/324
|
|-heal|p1a: Roserade|182\/324|[from] item: Black Sludge
|turn|8
|
|switch|p2a: Crobat|Crobat, F, shiny|312\/312
|move|p1a: Roserade|Leech Seed|p2a: Crobat|[miss]
|-miss|p1a: Roserade|p2a: Crobat
|
|-heal|p1a: Roserade|202\/324|[from] item: Black Sludge
|turn|9
|
|switch|p1a: Jirachi|Jirachi|404\/404
|-damage|p1a: Jirachi|379\/404|[from] Stealth Rock
|move|p2a: Crobat|Brave Bird|p1a: Jirachi
|-resisted|p1a: Jirachi
|-damage|p1a: Jirachi|301\/404
|-damage|p2a: Crobat|286\/312|[from] recoil|[of] p1a: Jirachi
|
|-heal|p1a: Jirachi|326\/404|[from] item: Leftovers
|turn|10
|
|move|p2a: Crobat|U-turn|p1a: Jirachi
|-damage|p1a: Jirachi|282\/404
|
|switch|p2a: Krookodile|Krookodile, F|304\/394 par
|-damage|p2a: Krookodile|255\/394 par|[from] Spikes
|-ability|p2a: Krookodile|Intimidate|[of] p1a: Jirachi
|-unboost|p1a: Jirachi|atk|1
|move|p1a: Jirachi|Wish|p1a: Jirachi
|
|-heal|p1a: Jirachi|307\/404|[from] item: Leftovers
|-heal|p2a: Krookodile|279\/394 par|[from] item: Leftovers
|turn|11
|
|switch|p1a: Milotic|Milotic, F|391\/391
|-damage|p1a: Milotic|343\/391|[from] Stealth Rock
|cant|p2a: Krookodile|par
|
|-heal|p1a: Milotic|391\/391|[from] move: Wish|[wisher] Jirachi
|-heal|p2a: Krookodile|303\/394 par|[from] item: Leftovers
|turn|12
|
|move|p1a: Milotic|Scald|p2a: Krookodile
|-supereffective|p2a: Krookodile
|-damage|p2a: Krookodile|97\/394 par
|cant|p2a: Krookodile|par
|
|-heal|p2a: Krookodile|121\/394 par|[from] item: Leftovers
|turn|13
|
|switch|p2a: Jirachi|Jirachi|321\/342
|-damage|p2a: Jirachi|279\/342|[from] Spikes
|move|p1a: Milotic|Scald|p2a: Jirachi
|-damage|p2a: Jirachi|183\/342
|-status|p2a: Jirachi|brn
|
|-damage|p2a: Jirachi|141\/342 brn|[from] brn
|turn|14
|
|move|p2a: Jirachi|Body Slam|p1a: Milotic
|-damage|p1a: Milotic|352\/391
|-damage|p2a: Jirachi|84\/342 brn|[from] item: Rocky Helmet|[of] p1a: Milotic
|-status|p1a: Milotic|par
|move|p1a: Milotic|Scald|p2a: Jirachi
|-damage|p2a: Jirachi|0 fnt
|faint|p2a: Jirachi
|
|
|switch|p2a: Blastoise|Blastoise-Mega, F, shiny|137\/362
|-damage|p2a: Blastoise|92\/362|[from] Spikes
|turn|15
|
|move|p2a: Blastoise|Rapid Spin|p1a: Milotic
|-damage|p1a: Milotic|343\/391 par
|-damage|p2a: Blastoise|32\/362|[from] item: Rocky Helmet|[of] p1a: Milotic
|-sideend|p2: Mikey C|Spikes|[from] move: Rapid Spin|[of] p2a: Blastoise
|move|p1a: Milotic|Scald|p2a: Blastoise
|-crit|p2a: Blastoise
|-resisted|p2a: Blastoise
|-damage|p2a: Blastoise|0 fnt
|faint|p2a: Blastoise
|
|
|switch|p2a: Krookodile|Krookodile, F|121\/394 par
|-ability|p2a: Krookodile|Intimidate|[of] p1a: Milotic
|-unboost|p1a: Milotic|atk|1
|turn|16
|
|move|p2a: Krookodile|Knock Off|p1a: Milotic
|-damage|p1a: Milotic|265\/391 par
|-damage|p2a: Krookodile|56\/394 par|[from] item: Rocky Helmet|[of] p1a: Milotic
|-enditem|p1a: Milotic|Rocky Helmet|[from] move: Knock Off|[of] p2a: Krookodile
|move|p1a: Milotic|Scald|p2a: Krookodile
|-supereffective|p2a: Krookodile
|-damage|p2a: Krookodile|0 fnt
|faint|p2a: Krookodile
|
|
|switch|p2a: Honchkrow|Honchkrow, F|342\/342
|turn|17
|
|move|p2a: Honchkrow|Brave Bird|p1a: Milotic
|-damage|p1a: Milotic|138\/391 par
|-damage|p2a: Honchkrow|300\/342|[from] recoil|[of] p1a: Milotic
|move|p1a: Milotic|Scald|p2a: Honchkrow
|-damage|p2a: Honchkrow|135\/342
|
|turn|18
|
|move|p2a: Honchkrow|Brave Bird|p1a: Milotic
|-damage|p1a: Milotic|21\/391 par
|-damage|p2a: Honchkrow|96\/342|[from] recoil|[of] p1a: Milotic
|move|p1a: Milotic|Scald|p2a: Honchkrow
|-damage|p2a: Honchkrow|0 fnt
|faint|p2a: Honchkrow
|
|
|switch|p2a: Crobat|Crobat, F, shiny|286\/312
|turn|19
|
|move|p2a: Crobat|Brave Bird|p1a: Milotic
|-damage|p1a: Milotic|0 fnt
|-damage|p2a: Crobat|279\/312|[from] recoil|[of] p1a: Milotic
|faint|p1a: Milotic
|
|
|switch|p1a: Jirachi|Jirachi|307\/404
|-damage|p1a: Jirachi|282\/404|[from] Stealth Rock
|turn|20
|
|move|p2a: Crobat|U-turn|p1a: Jirachi
|-damage|p1a: Jirachi|232\/404
|
|switch|p2a: Darmanitan|Darmanitan, F|352\/352
|move|p1a: Jirachi|Psyshock|p2a: Darmanitan
|-damage|p2a: Darmanitan|187\/352
|
|-heal|p1a: Jirachi|257\/404|[from] item: Leftovers
|turn|21
|
|move|p2a: Darmanitan|Flare Blitz|p1a: Jirachi
|-supereffective|p1a: Jirachi
|-damage|p1a: Jirachi|0 fnt
|-damage|p2a: Darmanitan|102\/352|[from] recoil|[of] p1a: Jirachi
|faint|p1a: Jirachi
|
|
|switch|p1a: Mienshao|Mienshao, M|271\/271
|-damage|p1a: Mienshao|255\/271|[from] Stealth Rock
|turn|22
|
|move|p2a: Darmanitan|Flare Blitz|p1a: Mienshao
|-damage|p1a: Mienshao|0 fnt
|-damage|p2a: Darmanitan|18\/352|[from] recoil|[of] p1a: Mienshao
|faint|p1a: Mienshao
|
|
|switch|p1a: Roserade|Roserade, F, shiny|202\/324
|-damage|p1a: Roserade|162\/324|[from] Stealth Rock
|turn|23
|
|move|p2a: Darmanitan|Flare Blitz|p1a: Roserade
|-supereffective|p1a: Roserade
|-damage|p1a: Roserade|0 fnt
|-damage|p2a: Darmanitan|0 fnt|[from] recoil|[of] p1a: Roserade
|faint|p1a: Roserade
|faint|p2a: Darmanitan
|
|
|switch|p2a: Crobat|Crobat, F, shiny|279\/312
|switch|p1a: Crobat|Crobat, F|353\/353
|-damage|p1a: Crobat|265\/353|[from] Stealth Rock
|turn|24
|
|move|p2a: Crobat|Brave Bird|p1a: Crobat
|-damage|p1a: Crobat|7\/353
|-damage|p2a: Crobat|194\/312|[from] recoil|[of] p1a: Crobat
|move|p1a: Crobat|Roost|p1a: Crobat
|-heal|p1a: Crobat|184\/353
|
|-heal|p1a: Crobat|206\/353|[from] item: Black Sludge
|turn|25
|
|move|p2a: Crobat|Brave Bird|p1a: Crobat
|-crit|p1a: Crobat
|-damage|p1a: Crobat|0 fnt
|-damage|p2a: Crobat|126\/312|[from] recoil|[of] p1a: Crobat
|faint|p1a: Crobat
|
|win|Mikey C
|raw|Ladder updating...
|raw|Blexx's rating: 1343 &rarr; <strong>1327<\/strong><br \/>(-16 for losing)
|raw|Mikey C's rating: 1406 &rarr; <strong>1422<\/strong><br \/>(+16 for winning)
|c|★Mikey C|gg