|join|Blexx
|join|aznrod
|player|p1|Blexx|2
|player|p2|aznrod|163
|gametype|singles
|gen|6
|tier|UU
|rated
|rule|Sleep Clause Mod: Limit one foe put to sleep
|rule|Species Clause: Limit one of each Pokémon
|rule|OHKO Clause: OHKO moves are banned
|rule|Moody Clause: Moody is banned
|rule|Evasion Moves Clause: Evasion moves are banned
|rule|Endless Battle Clause: Forcing endless battles is banned
|rule|HP Percentage Mod: HP is shown in percentages
|clearpoke
|poke|p1|Uxie
|poke|p1|Whimsicott, F
|poke|p1|Vaporeon, F
|poke|p1|Shuckle, F
|poke|p1|Torkoal, F, shiny
|poke|p1|Slurpuff, F, shiny
|poke|p2|Infernape, F
|poke|p2|Donphan, M
|poke|p2|Chandelure, F
|poke|p2|Nidoking, M
|poke|p2|Ampharos, F
|poke|p2|Cloyster, M
|rule|Swagger Clause: Swagger is banned
|rule|Baton Pass Clause: Limit one Pokémon knowing Baton Pass
|teampreview
|
|start
|switch|p1a: Torkoal|Torkoal, F, shiny|344\/344
|switch|p2a: Donphan|Donphan, M|384\/384
|turn|1
|
|move|p2a: Donphan|Stealth Rock|p1a: Torkoal
|-sidestart|p1: Blexx|move: Stealth Rock
|move|p1a: Torkoal|Stealth Rock|p2a: Donphan
|-sidestart|p2: aznrod|move: Stealth Rock
|
|turn|2
|
|move|p2a: Donphan|Rapid Spin|p1a: Torkoal
|-damage|p1a: Torkoal|331\/344
|-sideend|p2: aznrod|Stealth Rock|[from] move: Rapid Spin|[of] p2a: Donphan
|move|p1a: Torkoal|Lava Plume|p2a: Donphan
|-damage|p2a: Donphan|266\/384
|
|-heal|p2a: Donphan|290\/384|[from] item: Leftovers
|-heal|p1a: Torkoal|344\/344|[from] item: Leftovers
|turn|3
|
|move|p2a: Donphan|Earthquake|p1a: Torkoal
|-supereffective|p1a: Torkoal
|-damage|p1a: Torkoal|152\/344
|move|p1a: Torkoal|Stealth Rock|p2a: Donphan
|-sidestart|p2: aznrod|move: Stealth Rock
|
|-heal|p2a: Donphan|314\/384|[from] item: Leftovers
|-heal|p1a: Torkoal|173\/344|[from] item: Leftovers
|turn|4
|
|move|p2a: Donphan|Rapid Spin|p1a: Torkoal
|-damage|p1a: Torkoal|160\/344
|-sideend|p2: aznrod|Stealth Rock|[from] move: Rapid Spin|[of] p2a: Donphan
|move|p1a: Torkoal|Lava Plume|p2a: Donphan
|-damage|p2a: Donphan|190\/384
|
|-heal|p2a: Donphan|214\/384|[from] item: Leftovers
|-heal|p1a: Torkoal|181\/344|[from] item: Leftovers
|turn|5
|
|switch|p1a: Uxie|Uxie|353\/353
|-damage|p1a: Uxie|309\/353|[from] Stealth Rock
|move|p2a: Donphan|Earthquake|p1a: Uxie
|-immune|p1a: Uxie|[msg]
|
|-heal|p2a: Donphan|238\/384|[from] item: Leftovers
|turn|6
|
|move|p2a: Donphan|Ice Shard|p1a: Uxie
|-damage|p1a: Uxie|289\/353
|move|p1a: Uxie|Light Screen|p1a: Uxie
|-sidestart|p1: Blexx|move: Light Screen
|
|-heal|p2a: Donphan|262\/384|[from] item: Leftovers
|turn|7
|
|move|p2a: Donphan|Ice Shard|p1a: Uxie
|-damage|p1a: Uxie|268\/353
|move|p1a: Uxie|Reflect|p1a: Uxie
|-sidestart|p1: Blexx|Reflect
|
|-heal|p2a: Donphan|286\/384|[from] item: Leftovers
|turn|8
|
|switch|p1a: Vaporeon|Vaporeon, F|463\/463
|-damage|p1a: Vaporeon|406\/463|[from] Stealth Rock
|move|p2a: Donphan|Ice Shard|p1a: Vaporeon
|-resisted|p1a: Vaporeon
|-damage|p1a: Vaporeon|394\/463
|
|-heal|p1a: Vaporeon|422\/463|[from] item: Leftovers
|-heal|p2a: Donphan|310\/384|[from] item: Leftovers
|turn|9
|
|move|p1a: Vaporeon|Acid Armor|p1a: Vaporeon
|-boost|p1a: Vaporeon|def|2
|move|p2a: Donphan|Earthquake|p1a: Vaporeon
|-damage|p1a: Vaporeon|376\/463
|
|-heal|p1a: Vaporeon|404\/463|[from] item: Leftovers
|-heal|p2a: Donphan|334\/384|[from] item: Leftovers
|turn|10
|
|move|p1a: Vaporeon|Aqua Ring|p1a: Vaporeon
|-start|p1a: Vaporeon|Aqua Ring
|move|p2a: Donphan|Earthquake|p1a: Vaporeon
|-crit|p1a: Vaporeon
|-damage|p1a: Vaporeon|118\/463
|
|-heal|p1a: Vaporeon|146\/463|[from] item: Leftovers
|-heal|p2a: Donphan|358\/384|[from] item: Leftovers
|-heal|p1a: Vaporeon|174\/463|[from] Aqua Ring
|turn|11
|
|move|p1a: Vaporeon|Baton Pass|p1a: Vaporeon
|
|switch|p1a: Slurpuff|Slurpuff, F, shiny|306\/306
|-damage|p1a: Slurpuff|268\/306|[from] Stealth Rock
|move|p2a: Donphan|Earthquake|p1a: Slurpuff
|-damage|p1a: Slurpuff|229\/306
|
|-heal|p2a: Donphan|382\/384|[from] item: Leftovers
|-heal|p1a: Slurpuff|248\/306|[from] Aqua Ring
|turn|12
|
|move|p1a: Slurpuff|Belly Drum|p1a: Slurpuff
|-damage|p1a: Slurpuff|95\/306
|-setboost|p1a: Slurpuff|atk|6|[from] move: Belly Drum
|-enditem|p1a: Slurpuff|Sitrus Berry|[eat]
|-heal|p1a: Slurpuff|171\/306|[from] item: Sitrus Berry
|move|p2a: Donphan|Earthquake|p1a: Slurpuff
|-crit|p1a: Slurpuff
|-damage|p1a: Slurpuff|0 fnt
|faint|p1a: Slurpuff
|
|-heal|p2a: Donphan|384\/384|[from] item: Leftovers
|-message|Blexx forfeited.
|
|win|aznrod
|raw|Ladder updating...
|leave|Blexx
|player|p1
|raw|Blexx's rating: 1203 &rarr; <strong>1170<\/strong><br \/>(-33 for losing)
|raw|aznrod's rating: 1091 &rarr; <strong>1125<\/strong><br \/>(+34 for winning)