|join|Laddering Hooer
|join|crazybones
|player|p1|Laddering Hooer|260
|player|p2|crazybones|211
|gametype|singles
|gen|6
|tier|OU
|rated
|clearpoke
|poke|p1|Garchomp, M
|poke|p1|Bisharp, F
|poke|p1|Breloom, F
|poke|p1|Charizard, M
|poke|p1|Azumarill, M
|poke|p1|Latias, F
|poke|p2|Victini
|poke|p2|Staraptor, M, shiny
|poke|p2|Scolipede, M, shiny
|poke|p2|Latias, F, shiny
|poke|p2|Suicune, shiny
|poke|p2|Weavile, M
|rule|Swagger Clause: Swagger is banned
|rule|Baton Pass Clause: Limit one Pokémon knowing Baton Pass
|rule|Sleep Clause Mod: Limit one foe put to sleep
|rule|Species Clause: Limit one of each Pokémon
|rule|OHKO Clause: OHKO moves are banned
|rule|Moody Clause: Moody is banned
|rule|Evasion Moves Clause: Evasion moves are banned
|rule|Endless Battle Clause: Forcing endless battles is banned
|rule|HP Percentage Mod: HP is shown in percentages
|teampreview
|
|start
|switch|p1a: Garchomp|Garchomp, M|357\/357
|switch|p2a: Weavile|Weavile, M|281\/281
|-ability|p2a: Weavile|Pressure
|turn|1
|
|move|p2a: Weavile|Taunt|p1a: Garchomp
|-start|p1a: Garchomp|move: Taunt
|move|p1a: Garchomp|Outrage|p2a: Weavile
|-crit|p2a: Weavile
|-enditem|p2a: Weavile|Focus Sash
|-damage|p2a: Weavile|1\/281
|
|turn|2
|
|move|p2a: Weavile|Ice Shard|p1a: Garchomp
|-supereffective|p1a: Garchomp
|-damage|p1a: Garchomp|57\/357
|move|p1a: Garchomp|Outrage|p2a: Weavile
|-crit|p2a: Weavile
|-damage|p2a: Weavile|0 fnt
|faint|p2a: Weavile
|
|c|★Laddering Hooer|Critchomp over here with the real shit.
|
|switch|p2a: Suicune|Suicune, shiny|403\/403
|-ability|p2a: Suicune|Pressure
|turn|3
|
|move|p1a: Garchomp|Outrage|p2a: Suicune
|-damage|p2a: Suicune|268\/403
|move|p2a: Suicune|Scald|p1a: Garchomp
|-damage|p1a: Garchomp|0 fnt
|faint|p1a: Garchomp
|
|-heal|p2a: Suicune|293\/403|[from] item: Leftovers
|
|switch|p1a: Breloom|Breloom, F|261\/261
|turn|4
|
|move|p1a: Breloom|Spore|p2a: Suicune
|-status|p2a: Suicune|slp
|cant|p2a: Suicune|slp
|
|-heal|p2a: Suicune|318\/403 slp|[from] item: Leftovers
|turn|5
|
|move|p1a: Breloom|Swords Dance|p1a: Breloom
|-boost|p1a: Breloom|atk|2
|cant|p2a: Suicune|slp
|move|p2a: Suicune|Sleep Talk|p2a: Suicune
|move|p2a: Suicune|Calm Mind|p2a: Suicune|[from]Sleep Talk
|-boost|p2a: Suicune|spa|1
|-boost|p2a: Suicune|spd|1
|
|-heal|p2a: Suicune|343\/403 slp|[from] item: Leftovers
|turn|6
|c|★Laddering Hooer|Crocone?! :D Is it Crocune?
|
|move|p1a: Breloom|Bullet Seed|p2a: Suicune
|-supereffective|p2a: Suicune
|-damage|p2a: Suicune|163\/403 slp
|-supereffective|p2a: Suicune
|-damage|p2a: Suicune|0 fnt
|-hitcount|p2a: Suicune|2
|faint|p2a: Suicune
|
|
|switch|p2a: Staraptor|Staraptor, M, shiny|374\/374
|-ability|p2a: Staraptor|Intimidate|[of] p1a: Breloom
|-unboost|p1a: Breloom|atk|1
|turn|7
|
|move|p2a: Staraptor|Final Gambit|p1a: Breloom
|-enditem|p1a: Breloom|Focus Sash
|-damage|p1a: Breloom|1\/261
|faint|p2a: Staraptor
|move|p1a: Breloom|Spore|p2: Staraptor|[notarget]
|-notarget
|
|
|switch|p2a: Victini|Victini|404\/404
|turn|8
|
|move|p1a: Breloom|Mach Punch|p2a: Victini
|-resisted|p2a: Victini
|-damage|p2a: Victini|320\/404
|move|p2a: Victini|U-turn|p1a: Breloom
|-damage|p1a: Breloom|0 fnt
|faint|p1a: Breloom
|
|switch|p2a: Scolipede|Scolipede, M, shiny|323\/323
|
|
|switch|p1a: Azumarill|Azumarill, M|342\/342
|turn|9
|
|move|p2a: Scolipede|Iron Defense|p2a: Scolipede
|-boost|p2a: Scolipede|def|2
|move|p1a: Azumarill|Belly Drum|p1a: Azumarill
|-damage|p1a: Azumarill|171\/342
|-setboost|p1a: Azumarill|atk|6|[from] move: Belly Drum
|-enditem|p1a: Azumarill|Sitrus Berry|[eat]
|-heal|p1a: Azumarill|256\/342|[from] item: Sitrus Berry
|
|-boost|p2a: Scolipede|spe|1|[from] ability: Speed Boost
|turn|10
|
|move|p2a: Scolipede|Protect|p2a: Scolipede
|-singleturn|p2a: Scolipede|Protect
|move|p1a: Azumarill|Aqua Jet|p2a: Scolipede
|-activate|p2a: Scolipede|Protect
|
|-boost|p2a: Scolipede|spe|1|[from] ability: Speed Boost
|turn|11
|
|move|p1a: Azumarill|Aqua Jet|p2a: Scolipede
|-damage|p2a: Scolipede|196\/323
|move|p2a: Scolipede|Iron Defense|p2a: Scolipede
|-boost|p2a: Scolipede|def|2
|
|-boost|p2a: Scolipede|spe|1|[from] ability: Speed Boost
|turn|12
|
|move|p2a: Scolipede|Protect|p2a: Scolipede
|-singleturn|p2a: Scolipede|Protect
|move|p1a: Azumarill|Waterfall|p2a: Scolipede
|-activate|p2a: Scolipede|Protect
|
|-boost|p2a: Scolipede|spe|1|[from] ability: Speed Boost
|turn|13
|
|move|p2a: Scolipede|Baton Pass|p2a: Scolipede
|
|switch|p2a: Latias|Latias, F, shiny|364\/364
|move|p1a: Azumarill|Waterfall|p2a: Latias
|-resisted|p2a: Latias
|-damage|p2a: Latias|254\/364
|
|turn|14
|
|detailschange|p2a: Latias|Latias-Mega, F, shiny
|-mega|p2a: Latias|Latias|Latiasite
|move|p2a: Latias|Stored Power|p1a: Azumarill
|-damage|p1a: Azumarill|0 fnt
|faint|p1a: Azumarill
|
|
|switch|p1a: Bisharp|Bisharp, F|271\/271
|turn|15
|
|move|p2a: Latias|Calm Mind|p2a: Latias
|-boost|p2a: Latias|spa|1
|-boost|p2a: Latias|spd|1
|move|p1a: Bisharp|Knock Off|p2a: Latias
|-supereffective|p2a: Latias
|-damage|p2a: Latias|182\/364
|
|turn|16
|
|move|p2a: Latias|Roost|p2a: Latias
|-heal|p2a: Latias|364\/364
|move|p1a: Bisharp|Swords Dance|p1a: Bisharp
|-boost|p1a: Bisharp|atk|2
|
|turn|17
|
|move|p2a: Latias|Thunderbolt|p1a: Bisharp
|-damage|p1a: Bisharp|79\/271
|move|p1a: Bisharp|Swords Dance|p1a: Bisharp
|-boost|p1a: Bisharp|atk|2
|
|turn|18
|
|move|p1a: Bisharp|Sucker Punch|p2a: Latias
|-supereffective|p2a: Latias
|-damage|p2a: Latias|118\/364
|move|p2a: Latias|Thunderbolt|p1a: Bisharp
|-damage|p1a: Bisharp|0 fnt
|faint|p1a: Bisharp
|
|c|★Laddering Hooer|gg
|
|switch|p1a: Latias|Latias, F|301\/301
|turn|19
|
|move|p2a: Latias|Roost|p2a: Latias
|-heal|p2a: Latias|300\/364
|move|p1a: Latias|Draco Meteor|p2a: Latias
|-supereffective|p2a: Latias
|-damage|p2a: Latias|97\/364
|-unboost|p1a: Latias|spa|2
|-damage|p1a: Latias|271\/301|[from] item: Life Orb
|
|turn|20
|c|★crazybones|u cant still crit
|
|move|p2a: Latias|Roost|p2a: Latias
|-heal|p2a: Latias|279\/364
|move|p1a: Latias|Healing Wish|p1a: Latias
|faint|p1a: Latias
|
|c|★Laddering Hooer|True, true.
|c|★crazybones|can*
|c|★crazybones|o you XD
|
|switch|p1a: Charizard|Charizard, M|359\/359
|-heal|p1a: Charizard|359\/359|[from] move: Healing Wish
|turn|21
|c|★Laddering Hooer|Latias didn't believe in itself.
|
|detailschange|p1a: Charizard|Charizard-Mega-X, M
|-mega|p1a: Charizard|Charizard|Charizardite X
|move|p2a: Latias|Stored Power|p1a: Charizard
|-damage|p1a: Charizard|0 fnt
|faint|p1a: Charizard
|
|win|crazybones
|raw|Ladder updating...
|raw|Laddering Hooer's rating: 1596 &rarr; <strong>1576<\/strong><br \/>(-20 for losing)
|raw|crazybones's rating: 1597 &rarr; <strong>1617<\/strong><br \/>(+20 for winning)
|c|★Laddering Hooer|gg :P
|c|★crazybones|gg
|leave|Laddering Hooer