|join|HaloOverCOD
|join|crazybones
|player|p1|HaloOverCOD|1
|player|p2|crazybones|211
|gametype|singles
|gen|6
|tier|OU
|rated
|clearpoke
|poke|p1|Metagross
|poke|p1|Manaphy
|poke|p1|Diggersby, F
|poke|p1|Breloom, F
|poke|p1|Latios, M
|poke|p1|Heatran, M
|poke|p2|Victini
|poke|p2|Staraptor, M, shiny
|poke|p2|Scolipede, M, shiny
|poke|p2|Latias, F, shiny
|poke|p2|Suicune, shiny
|poke|p2|Weavile, M
|rule|Swagger Clause: Swagger is banned
|rule|Baton Pass Clause: Limit one Pokémon knowing Baton Pass
|rule|Sleep Clause Mod: Limit one foe put to sleep
|rule|Species Clause: Limit one of each Pokémon
|rule|OHKO Clause: OHKO moves are banned
|rule|Moody Clause: Moody is banned
|rule|Evasion Moves Clause: Evasion moves are banned
|rule|Endless Battle Clause: Forcing endless battles is banned
|rule|HP Percentage Mod: HP is shown in percentages
|teampreview
|
|start
|switch|p1a: Heatran|Heatran, M|325\/325
|switch|p2a: Weavile|Weavile, M|281\/281
|-ability|p2a: Weavile|Pressure
|-item|p1a: Heatran|Air Balloon
|turn|1
|
|move|p2a: Weavile|Fake Out|p1a: Heatran
|-resisted|p1a: Heatran
|-damage|p1a: Heatran|304\/325
|-enditem|p1a: Heatran|Air Balloon
|cant|p1a: Heatran|flinch
|
|turn|2
|
|move|p2a: Weavile|Taunt|p1a: Heatran
|-start|p1a: Heatran|move: Taunt
|cant|p1a: Heatran|move: Taunt|Stealth Rock
|
|turn|3
|
|switch|p2a: Suicune|Suicune, shiny|403\/403
|-ability|p2a: Suicune|Pressure
|move|p1a: Heatran|Fire Blast|p2a: Suicune
|-resisted|p2a: Suicune
|-damage|p2a: Suicune|322\/403
|
|-heal|p2a: Suicune|347\/403|[from] item: Leftovers
|turn|4
|
|switch|p1a: Manaphy|Manaphy|401\/401
|move|p2a: Suicune|Scald|p1a: Manaphy
|-resisted|p1a: Manaphy
|-damage|p1a: Manaphy|355\/401
|
|-heal|p2a: Suicune|372\/403|[from] item: Leftovers
|turn|5
|
|move|p1a: Manaphy|Energy Ball|p2a: Suicune
|-supereffective|p2a: Suicune
|-damage|p2a: Suicune|158\/403
|move|p2a: Suicune|Calm Mind|p2a: Suicune
|-boost|p2a: Suicune|spa|1
|-boost|p2a: Suicune|spd|1
|
|-heal|p2a: Suicune|183\/403|[from] item: Leftovers
|turn|6
|
|move|p1a: Manaphy|Tail Glow|p1a: Manaphy
|-boost|p1a: Manaphy|spa|3
|move|p2a: Suicune|Rest|p2a: Suicune
|-status|p2a: Suicune|slp
|-heal|p2a: Suicune|403\/403 slp|[silent]
|-status|p2a: Suicune|slp|[from] move: Rest
|
|turn|7
|
|move|p1a: Manaphy|Scald|p2a: Suicune
|-resisted|p2a: Suicune
|-damage|p2a: Suicune|316\/403 slp
|cant|p2a: Suicune|slp
|move|p2a: Suicune|Sleep Talk|p2a: Suicune
|move|p2a: Suicune|Scald|p1a: Manaphy|[from]Sleep Talk
|-resisted|p1a: Manaphy
|-damage|p1a: Manaphy|295\/401
|-status|p1a: Manaphy|brn
|
|-heal|p2a: Suicune|341\/403 slp|[from] item: Leftovers
|-damage|p1a: Manaphy|245\/401 brn|[from] brn
|turn|8
|
|move|p1a: Manaphy|Energy Ball|p2a: Suicune
|-supereffective|p2a: Suicune
|-damage|p2a: Suicune|0 fnt
|faint|p2a: Suicune
|
|-damage|p1a: Manaphy|195\/401 brn|[from] brn
|
|switch|p2a: Victini|Victini|404\/404
|turn|9
|
|move|p2a: Victini|Final Gambit|p1a: Manaphy
|-damage|p1a: Manaphy|0 fnt
|faint|p2a: Victini
|faint|p1a: Manaphy
|
|c|★HaloOverCOD|wtf:]
|c|★HaloOverCOD|never saw that move
|
|switch|p2a: Staraptor|Staraptor, M, shiny|374\/374
|switch|p1a: Heatran|Heatran, M|304\/325
|-ability|p2a: Staraptor|Intimidate|[of] p1a: Heatran
|-unboost|p1a: Heatran|atk|1
|turn|10
|
|move|p2a: Staraptor|Final Gambit|p1a: Heatran
|-damage|p1a: Heatran|0 fnt
|faint|p2a: Staraptor
|faint|p1a: Heatran
|
|c|★HaloOverCOD|wtf
|
|switch|p2a: Weavile|Weavile, M|281\/281
|switch|p1a: Latios|Latios, M|301\/301
|-ability|p2a: Weavile|Pressure
|turn|11
|
|move|p2a: Weavile|Fake Out|p1a: Latios
|-damage|p1a: Latios|244\/301
|cant|p1a: Latios|flinch
|
|turn|12
|
|move|p2a: Weavile|Ice Shard|p1a: Latios
|-supereffective|p1a: Latios
|-damage|p1a: Latios|82\/301
|move|p1a: Latios|Thunderbolt|p2a: Weavile
|-damage|p2a: Weavile|167\/281
|
|turn|13
|
|move|p2a: Weavile|Ice Shard|p1a: Latios
|-supereffective|p1a: Latios
|-damage|p1a: Latios|0 fnt
|faint|p1a: Latios
|
|
|switch|p1a: Breloom|Breloom, F|261\/261
|turn|14
|
|move|p2a: Weavile|Ice Shard|p1a: Breloom
|-supereffective|p1a: Breloom
|-damage|p1a: Breloom|109\/261
|move|p1a: Breloom|Spore|p2a: Weavile
|-status|p2a: Weavile|slp
|
|turn|15
|
|cant|p2a: Weavile|slp
|move|p1a: Breloom|Bullet Seed|p2a: Weavile
|-damage|p2a: Weavile|70\/281 slp
|-damage|p2a: Weavile|0 fnt
|-hitcount|p2a: Weavile|2
|faint|p2a: Weavile
|
|
|switch|p2a: Scolipede|Scolipede, M, shiny|323\/323
|turn|16
|
|switch|p1a: Diggersby|Diggersby, F|311\/311
|move|p2a: Scolipede|Protect|p2a: Scolipede
|-fail|p2a: Scolipede
|
|-boost|p2a: Scolipede|spe|1|[from] ability: Speed Boost
|turn|17
|
|move|p2a: Scolipede|Protect|p2a: Scolipede
|-singleturn|p2a: Scolipede|Protect
|move|p1a: Diggersby|Return|p2a: Scolipede
|-activate|p2a: Scolipede|Protect
|
|-boost|p2a: Scolipede|spe|1|[from] ability: Speed Boost
|turn|18
|
|move|p2a: Scolipede|Iron Defense|p2a: Scolipede
|-boost|p2a: Scolipede|def|2
|move|p1a: Diggersby|Return|p2a: Scolipede
|-damage|p2a: Scolipede|235\/323
|
|-boost|p2a: Scolipede|spe|1|[from] ability: Speed Boost
|turn|19
|
|move|p2a: Scolipede|Iron Defense|p2a: Scolipede
|-boost|p2a: Scolipede|def|2
|move|p1a: Diggersby|Swords Dance|p1a: Diggersby
|-boost|p1a: Diggersby|atk|2
|
|-boost|p2a: Scolipede|spe|1|[from] ability: Speed Boost
|turn|20
|
|move|p2a: Scolipede|Substitute|p2a: Scolipede
|-start|p2a: Scolipede|Substitute
|-damage|p2a: Scolipede|155\/323
|move|p1a: Diggersby|Return|p2a: Scolipede
|-end|p2a: Scolipede|Substitute
|
|-boost|p2a: Scolipede|spe|1|[from] ability: Speed Boost
|turn|21
|
|move|p2a: Scolipede|Iron Defense|p2a: Scolipede
|-boost|p2a: Scolipede|def|2
|move|p1a: Diggersby|Return|p2a: Scolipede
|-damage|p2a: Scolipede|68\/323
|
|-boost|p2a: Scolipede|spe|1|[from] ability: Speed Boost
|turn|22
|
|move|p2a: Scolipede|Baton Pass|p2a: Scolipede
|
|switch|p2a: Latias|Latias, F, shiny|364\/364
|move|p1a: Diggersby|Return|p2a: Latias
|-damage|p2a: Latias|228\/364
|
|turn|23
|
|detailschange|p2a: Latias|Latias-Mega, F, shiny
|-mega|p2a: Latias|Latias|Latiasite
|move|p2a: Latias|Stored Power|p1a: Diggersby
|-enditem|p1a: Diggersby|Focus Sash
|-damage|p1a: Diggersby|1\/311
|move|p1a: Diggersby|Return|p2a: Latias
|-damage|p2a: Latias|122\/364
|
|turn|24
|
|move|p2a: Latias|Stored Power|p1a: Diggersby
|-damage|p1a: Diggersby|0 fnt
|faint|p1a: Diggersby
|
|
|switch|p1a: Metagross|Metagross|301\/301
|turn|25
|
|detailschange|p1a: Metagross|Metagross-Mega
|-mega|p1a: Metagross|Metagross|Metagrossite
|move|p2a: Latias|Roost|p2a: Latias
|-heal|p2a: Latias|304\/364
|move|p1a: Metagross|Ice Punch|p2a: Latias
|-supereffective|p2a: Latias
|-damage|p2a: Latias|248\/364
|
|turn|26
|c|★crazybones|u can still crit
|c|★crazybones|or froze me
|c|★HaloOverCOD|i will
|
|move|p2a: Latias|Calm Mind|p2a: Latias
|-boost|p2a: Latias|spa|1
|-boost|p2a: Latias|spd|1
|move|p1a: Metagross|Ice Punch|p2a: Latias
|-crit|p2a: Latias
|-supereffective|p2a: Latias
|-damage|p2a: Latias|0 fnt
|faint|p2a: Latias
|
|c|★crazybones|XD good luck
|c|★HaloOverCOD|hhHhH
|c|★crazybones|ahahah
|c|★HaloOverCOD|gg
|c|★HaloOverCOD|im sorry
|
|switch|p2a: Scolipede|Scolipede, M, shiny|68\/323
|turn|27
|c|★crazybones|i call for it
|c|★HaloOverCOD|:]
|
|move|p1a: Metagross|Ice Punch|p2a: Scolipede
|-crit|p2a: Scolipede
|-damage|p2a: Scolipede|0 fnt
|faint|p2a: Scolipede
|
|win|HaloOverCOD
|raw|Ladder updating...
|raw|HaloOverCOD's rating: 1714 &rarr; <strong>1729<\/strong><br \/>(+15 for winning)
|raw|crazybones's rating: 1635 &rarr; <strong>1619<\/strong><br \/>(-16 for losing)
|c|★crazybones|meta the critmon
|c|★crazybones|gg