|join|crazybones
|join|Domickoh
|player|p1|crazybones|211
|player|p2|Domickoh|266
|gametype|singles
|gen|6
|tier|OU
|rated
|clearpoke
|poke|p1|Victini
|poke|p1|Staraptor, M, shiny
|poke|p1|Scolipede, F, shiny
|poke|p1|Latias, F, shiny
|poke|p1|Talonflame, M, shiny
|poke|p1|Suicune, shiny
|poke|p2|Conkeldurr, F
|poke|p2|Landorus-Therian, M
|poke|p2|Manectric, F
|poke|p2|Skarmory, F
|poke|p2|Serperior, F
|poke|p2|Heatran, F
|rule|Swagger Clause: Swagger is banned
|rule|Baton Pass Clause: Limit one Pokémon knowing Baton Pass
|rule|Sleep Clause Mod: Limit one foe put to sleep
|rule|Species Clause: Limit one of each Pokémon
|rule|OHKO Clause: OHKO moves are banned
|rule|Moody Clause: Moody is banned
|rule|Evasion Moves Clause: Evasion moves are banned
|rule|Endless Battle Clause: Forcing endless battles is banned
|rule|HP Percentage Mod: HP is shown in percentages
|teampreview
|
|start
|switch|p1a: Staraptor|Staraptor, M, shiny|374\/374
|switch|p2a: Heatran|Heatran, F|386\/386
|-ability|p1a: Staraptor|Intimidate|[of] p2a: Heatran
|-unboost|p2a: Heatran|atk|1
|turn|1
|
|move|p1a: Staraptor|Final Gambit|p2a: Heatran
|-damage|p2a: Heatran|12\/386
|faint|p1a: Staraptor
|move|p2a: Heatran|Stealth Rock|p1: Staraptor
|-sidestart|p1: crazybones|move: Stealth Rock
|
|-heal|p2a: Heatran|36\/386|[from] item: Leftovers
|
|switch|p1a: Suicune|Suicune, shiny|403\/403
|-damage|p1a: Suicune|353\/403|[from] Stealth Rock
|-ability|p1a: Suicune|Pressure
|turn|2
|
|switch|p2a: Serperior|Serperior, F|291\/291
|move|p1a: Suicune|Scald|p2a: Serperior
|-resisted|p2a: Serperior
|-damage|p2a: Serperior|247\/291
|
|-heal|p2a: Serperior|265\/291|[from] item: Leftovers
|-heal|p1a: Suicune|378\/403|[from] item: Leftovers
|turn|3
|
|move|p2a: Serperior|Substitute|p2a: Serperior
|-start|p2a: Serperior|Substitute
|-damage|p2a: Serperior|193\/291
|move|p1a: Suicune|Scald|p2a: Serperior
|-resisted|p2a: Serperior
|-activate|p2a: Serperior|Substitute|[damage]
|
|-heal|p2a: Serperior|211\/291|[from] item: Leftovers
|-heal|p1a: Suicune|403\/403|[from] item: Leftovers
|turn|4
|
|move|p2a: Serperior|Leaf Storm|p1a: Suicune
|-supereffective|p1a: Suicune
|-damage|p1a: Suicune|125\/403
|-boost|p2a: Serperior|spa|2
|move|p1a: Suicune|Scald|p2a: Serperior
|-resisted|p2a: Serperior
|-end|p2a: Serperior|Substitute
|
|-heal|p2a: Serperior|229\/291|[from] item: Leftovers
|-heal|p1a: Suicune|150\/403|[from] item: Leftovers
|turn|5
|
|move|p2a: Serperior|Substitute|p2a: Serperior
|-start|p2a: Serperior|Substitute
|-damage|p2a: Serperior|157\/291
|move|p1a: Suicune|Scald|p2a: Serperior
|-resisted|p2a: Serperior
|-activate|p2a: Serperior|Substitute|[damage]
|
|-heal|p2a: Serperior|175\/291|[from] item: Leftovers
|-heal|p1a: Suicune|175\/403|[from] item: Leftovers
|turn|6
|
|move|p2a: Serperior|Leaf Storm|p1a: Suicune
|-supereffective|p1a: Suicune
|-damage|p1a: Suicune|0 fnt
|-boost|p2a: Serperior|spa|2
|faint|p1a: Suicune
|
|-heal|p2a: Serperior|193\/291|[from] item: Leftovers
|
|switch|p1a: Talonflame|Talonflame, M, shiny|359\/359
|-damage|p1a: Talonflame|180\/359|[from] Stealth Rock
|turn|7
|
|move|p1a: Talonflame|Brave Bird|p2a: Serperior
|-supereffective|p2a: Serperior
|-end|p2a: Serperior|Substitute
|-damage|p1a: Talonflame|171\/359|[from] recoil|[of] p2a: Serperior
|move|p2a: Serperior|Dragon Pulse|p1a: Talonflame
|-damage|p1a: Talonflame|0 fnt
|faint|p1a: Talonflame
|
|-heal|p2a: Serperior|211\/291|[from] item: Leftovers
|
|switch|p1a: Victini|Victini|404\/404
|-damage|p1a: Victini|303\/404|[from] Stealth Rock
|turn|8
|
|move|p1a: Victini|Final Gambit|p2a: Serperior
|-damage|p2a: Serperior|0 fnt
|faint|p1a: Victini
|faint|p2a: Serperior
|
|
|switch|p1a: Scolipede|Scolipede, F, shiny|323\/323
|switch|p2a: Heatran|Heatran, F|36\/386
|-damage|p1a: Scolipede|243\/323|[from] Stealth Rock
|turn|9
|
|move|p1a: Scolipede|Protect|p1a: Scolipede
|-singleturn|p1a: Scolipede|Protect
|move|p2a: Heatran|Lava Plume|p1a: Scolipede
|-activate|p1a: Scolipede|Protect
|
|-heal|p2a: Heatran|60\/386|[from] item: Leftovers
|-boost|p1a: Scolipede|spe|1|[from] ability: Speed Boost
|turn|10
|
|move|p1a: Scolipede|Substitute|p1a: Scolipede
|-start|p1a: Scolipede|Substitute
|-damage|p1a: Scolipede|163\/323
|move|p2a: Heatran|Roar|p1a: Scolipede
|drag|p1a: Latias|Latias, F, shiny|364\/364
|-damage|p1a: Latias|319\/364|[from] Stealth Rock
|
|-heal|p2a: Heatran|84\/386|[from] item: Leftovers
|turn|11
|
|switch|p2a: Landorus-Therian|Landorus-Therian, M|319\/319
|-ability|p2a: Landorus-Therian|Intimidate|[of] p1a: Latias
|-unboost|p1a: Latias|atk|1
|detailschange|p1a: Latias|Latias-Mega, F, shiny
|-mega|p1a: Latias|Latias|Latiasite
|move|p1a: Latias|Thunderbolt|p2a: Landorus-Therian
|-immune|p2a: Landorus-Therian|[msg]
|
|turn|12
|
|switch|p1a: Scolipede|Scolipede, F, shiny|163\/323
|-damage|p1a: Scolipede|83\/323|[from] Stealth Rock
|move|p2a: Landorus-Therian|U-turn|p1a: Scolipede
|-resisted|p1a: Scolipede
|-damage|p1a: Scolipede|48\/323
|
|switch|p2a: Manectric|Manectric, F|281\/281
|
|turn|13
|
|detailschange|p2a: Manectric|Manectric-Mega, F
|-mega|p2a: Manectric|Manectric|Manectite
|-ability|p2a: Manectric|Intimidate|[of] p1a: Scolipede
|-unboost|p1a: Scolipede|atk|1
|move|p1a: Scolipede|Protect|p1a: Scolipede
|-singleturn|p1a: Scolipede|Protect
|move|p2a: Manectric|Flamethrower|p1a: Scolipede
|-activate|p1a: Scolipede|Protect
|
|-boost|p1a: Scolipede|spe|1|[from] ability: Speed Boost
|turn|14
|
|move|p2a: Manectric|Hidden Power|p1a: Scolipede
|-damage|p1a: Scolipede|0 fnt
|faint|p1a: Scolipede
|
|
|switch|p1a: Latias|Latias-Mega, F, shiny|319\/364
|-damage|p1a: Latias|274\/364|[from] Stealth Rock
|turn|15
|
|move|p2a: Manectric|Hidden Power|p1a: Latias
|-supereffective|p1a: Latias
|-damage|p1a: Latias|196\/364
|move|p1a: Latias|Calm Mind|p1a: Latias
|-boost|p1a: Latias|spa|1
|-boost|p1a: Latias|spd|1
|
|turn|16
|
|move|p2a: Manectric|Hidden Power|p1a: Latias
|-supereffective|p1a: Latias
|-damage|p1a: Latias|146\/364
|move|p1a: Latias|Roost|p1a: Latias
|-heal|p1a: Latias|328\/364
|
|turn|17
|
|move|p2a: Manectric|Hidden Power|p1a: Latias
|-supereffective|p1a: Latias
|-damage|p1a: Latias|272\/364
|move|p1a: Latias|Calm Mind|p1a: Latias
|-boost|p1a: Latias|spa|1
|-boost|p1a: Latias|spd|1
|
|turn|18
|
|move|p2a: Manectric|Hidden Power|p1a: Latias
|-supereffective|p1a: Latias
|-damage|p1a: Latias|234\/364
|move|p1a: Latias|Roost|p1a: Latias
|-heal|p1a: Latias|364\/364
|
|turn|19
|
|move|p2a: Manectric|Hidden Power|p1a: Latias
|-supereffective|p1a: Latias
|-damage|p1a: Latias|324\/364
|move|p1a: Latias|Calm Mind|p1a: Latias
|-boost|p1a: Latias|spa|1
|-boost|p1a: Latias|spd|1
|
|turn|20
|
|move|p2a: Manectric|Hidden Power|p1a: Latias
|-supereffective|p1a: Latias
|-damage|p1a: Latias|290\/364
|move|p1a: Latias|Calm Mind|p1a: Latias
|-boost|p1a: Latias|spa|1
|-boost|p1a: Latias|spd|1
|
|turn|21
|
|move|p2a: Manectric|Hidden Power|p1a: Latias
|-supereffective|p1a: Latias
|-damage|p1a: Latias|264\/364
|move|p1a: Latias|Roost|p1a: Latias
|-heal|p1a: Latias|364\/364
|
|turn|22
|
|move|p2a: Manectric|Hidden Power|p1a: Latias
|-supereffective|p1a: Latias
|-damage|p1a: Latias|338\/364
|move|p1a: Latias|Stored Power|p2a: Manectric
|-damage|p2a: Manectric|0 fnt
|faint|p2a: Manectric
|
|
|switch|p2a: Landorus-Therian|Landorus-Therian, M|319\/319
|-ability|p2a: Landorus-Therian|Intimidate|[of] p1a: Latias
|-unboost|p1a: Latias|atk|1
|turn|23
|
|move|p2a: Landorus-Therian|U-turn|p1a: Latias
|-supereffective|p1a: Latias
|-damage|p1a: Latias|170\/364
|
|switch|p2a: Heatran|Heatran, F|84\/386
|move|p1a: Latias|Stored Power|p2a: Heatran
|-resisted|p2a: Heatran
|-damage|p2a: Heatran|0 fnt
|faint|p2a: Heatran
|
|
|switch|p2a: Landorus-Therian|Landorus-Therian, M|319\/319
|-ability|p2a: Landorus-Therian|Intimidate|[of] p1a: Latias
|-unboost|p1a: Latias|atk|1
|turn|24
|
|move|p2a: Landorus-Therian|U-turn|p1a: Latias
|-supereffective|p1a: Latias
|-damage|p1a: Latias|20\/364
|
|switch|p2a: Skarmory|Skarmory, F|333\/333
|move|p1a: Latias|Roost|p1a: Latias
|-heal|p1a: Latias|202\/364
|
|turn|25
|
|move|p1a: Latias|Roost|p1a: Latias
|-heal|p1a: Latias|364\/364
|move|p2a: Skarmory|Brave Bird|p1a: Latias
|-damage|p1a: Latias|270\/364
|-damage|p2a: Skarmory|302\/333|[from] recoil|[of] p1a: Latias
|
|turn|26
|
|move|p1a: Latias|Thunderbolt|p2a: Skarmory
|-supereffective|p2a: Skarmory
|-damage|p2a: Skarmory|0 fnt
|faint|p2a: Skarmory
|
|
|switch|p2a: Landorus-Therian|Landorus-Therian, M|319\/319
|-ability|p2a: Landorus-Therian|Intimidate|[of] p1a: Latias
|-unboost|p1a: Latias|atk|1
|turn|27
|
|move|p2a: Landorus-Therian|U-turn|p1a: Latias
|-supereffective|p1a: Latias
|-damage|p1a: Latias|106\/364
|
|switch|p2a: Conkeldurr|Conkeldurr, F|352\/352
|move|p1a: Latias|Roost|p1a: Latias
|-heal|p1a: Latias|288\/364
|
|turn|28
|
|move|p1a: Latias|Stored Power|p2a: Conkeldurr
|-supereffective|p2a: Conkeldurr
|-damage|p2a: Conkeldurr|0 fnt
|faint|p2a: Conkeldurr
|
|
|switch|p2a: Landorus-Therian|Landorus-Therian, M|319\/319
|-ability|p2a: Landorus-Therian|Intimidate|[of] p1a: Latias
|-unboost|p1a: Latias|atk|1
|turn|29
|
|move|p2a: Landorus-Therian|U-turn|p1a: Latias
|-supereffective|p1a: Latias
|-damage|p1a: Latias|130\/364
|move|p1a: Latias|Stored Power|p2a: Landorus-Therian
|-damage|p2a: Landorus-Therian|0 fnt
|faint|p2a: Landorus-Therian
|
|win|crazybones
|raw|Ladder updating...
|raw|crazybones's rating: 1557 &rarr; <strong>1572<\/strong><br \/>(+15 for winning)
|raw|Domickoh's rating: 1467 &rarr; <strong>1452<\/strong><br \/>(-15 for losing)