|join|DarkraiTho
|join|crazybones
|player|p1|DarkraiTho|167
|player|p2|crazybones|211
|gametype|singles
|gen|6
|tier|OU
|rated
|clearpoke
|poke|p1|Diancie
|poke|p1|Landorus-Therian, M
|poke|p1|Heatran, M
|poke|p1|Latios, M
|poke|p1|Azumarill, M
|poke|p1|Conkeldurr, F
|poke|p2|Gardevoir, M, shiny
|poke|p2|Scizor, F
|poke|p2|Landorus-Therian, M
|poke|p2|Keldeo-Resolute
|poke|p2|Latias, F
|poke|p2|Jirachi
|rule|Swagger Clause: Swagger is banned
|rule|Baton Pass Clause: Limit one Pokémon knowing Baton Pass
|rule|Sleep Clause Mod: Limit one foe put to sleep
|rule|Species Clause: Limit one of each Pokémon
|rule|OHKO Clause: OHKO moves are banned
|rule|Moody Clause: Moody is banned
|rule|Evasion Moves Clause: Evasion moves are banned
|rule|Endless Battle Clause: Forcing endless battles is banned
|rule|HP Percentage Mod: HP is shown in percentages
|teampreview
|
|start
|switch|p1a: Landorus-Therian|Landorus-Therian, M|319\/319
|switch|p2a: Gardevoir|Gardevoir, M, shiny|339\/339
|-ability|p1a: Landorus-Therian|Intimidate|[of] p2a: Gardevoir
|-unboost|p2a: Gardevoir|atk|1
|turn|1
|
|detailschange|p2a: Gardevoir|Gardevoir-Mega, M, shiny
|-mega|p2a: Gardevoir|Gardevoir|Gardevoirite
|move|p1a: Landorus-Therian|U-turn|p2a: Gardevoir
|-damage|p2a: Gardevoir|221\/339
|
|switch|p1a: Heatran|Heatran, M|386\/386
|move|p2a: Gardevoir|Hyper Voice|p1a: Heatran
|-resisted|p1a: Heatran
|-damage|p1a: Heatran|337\/386
|
|-heal|p1a: Heatran|361\/386|[from] item: Leftovers
|turn|2
|
|move|p2a: Gardevoir|Thunder Wave|p1a: Heatran
|-status|p1a: Heatran|par
|move|p1a: Heatran|Stealth Rock|p2a: Gardevoir
|-sidestart|p2: crazybones|move: Stealth Rock
|
|-heal|p1a: Heatran|385\/386 par|[from] item: Leftovers
|turn|3
|
|switch|p2a: Keldeo-Resolute|Keldeo-Resolute|323\/323
|-damage|p2a: Keldeo-Resolute|303\/323|[from] Stealth Rock
|cant|p1a: Heatran|par
|
|-heal|p2a: Keldeo-Resolute|323\/323|[from] item: Leftovers
|-heal|p1a: Heatran|386\/386 par|[from] item: Leftovers
|turn|4
|
|move|p1a: Heatran|Protect|p1a: Heatran
|-singleturn|p1a: Heatran|Protect
|move|p2a: Keldeo-Resolute|Substitute|p2a: Keldeo-Resolute
|-start|p2a: Keldeo-Resolute|Substitute
|-damage|p2a: Keldeo-Resolute|243\/323
|
|-heal|p2a: Keldeo-Resolute|263\/323|[from] item: Leftovers
|turn|5
|
|move|p2a: Keldeo-Resolute|Calm Mind|p2a: Keldeo-Resolute
|-boost|p2a: Keldeo-Resolute|spa|1
|-boost|p2a: Keldeo-Resolute|spd|1
|cant|p1a: Heatran|par
|
|-heal|p2a: Keldeo-Resolute|283\/323|[from] item: Leftovers
|turn|6
|
|move|p2a: Keldeo-Resolute|Secret Sword|p1a: Heatran
|-supereffective|p1a: Heatran
|-damage|p1a: Heatran|0 fnt
|faint|p1a: Heatran
|
|-heal|p2a: Keldeo-Resolute|303\/323|[from] item: Leftovers
|
|switch|p1a: Landorus-Therian|Landorus-Therian, M|319\/319
|-activate|p2a: Keldeo-Resolute|Substitute|ability: Intimidate|[of] p1a: Landorus-Therian
|turn|7
|
|move|p1a: Landorus-Therian|Earthquake|p2a: Keldeo-Resolute
|-end|p2a: Keldeo-Resolute|Substitute
|move|p2a: Keldeo-Resolute|Scald|p1a: Landorus-Therian
|-supereffective|p1a: Landorus-Therian
|-damage|p1a: Landorus-Therian|0 fnt
|faint|p1a: Landorus-Therian
|
|-heal|p2a: Keldeo-Resolute|323\/323|[from] item: Leftovers
|
|switch|p1a: Azumarill|Azumarill, M|404\/404
|turn|8
|
|move|p2a: Keldeo-Resolute|Substitute|p2a: Keldeo-Resolute
|-start|p2a: Keldeo-Resolute|Substitute
|-damage|p2a: Keldeo-Resolute|243\/323
|move|p1a: Azumarill|Belly Drum|p1a: Azumarill
|-damage|p1a: Azumarill|202\/404
|-setboost|p1a: Azumarill|atk|6|[from] move: Belly Drum
|-enditem|p1a: Azumarill|Sitrus Berry|[eat]
|-heal|p1a: Azumarill|303\/404|[from] item: Sitrus Berry
|
|-heal|p2a: Keldeo-Resolute|263\/323|[from] item: Leftovers
|turn|9
|
|move|p1a: Azumarill|Aqua Jet|p2a: Keldeo-Resolute
|-resisted|p2a: Keldeo-Resolute
|-end|p2a: Keldeo-Resolute|Substitute
|move|p2a: Keldeo-Resolute|Scald|p1a: Azumarill
|-resisted|p1a: Azumarill
|-damage|p1a: Azumarill|180\/404
|
|-heal|p2a: Keldeo-Resolute|283\/323|[from] item: Leftovers
|turn|10
|
|move|p1a: Azumarill|Aqua Jet|p2a: Keldeo-Resolute
|-resisted|p2a: Keldeo-Resolute
|-damage|p2a: Keldeo-Resolute|97\/323
|move|p2a: Keldeo-Resolute|Secret Sword|p1a: Azumarill
|-resisted|p1a: Azumarill
|-damage|p1a: Azumarill|50\/404
|
|-heal|p2a: Keldeo-Resolute|117\/323|[from] item: Leftovers
|turn|11
|
|move|p1a: Azumarill|Aqua Jet|p2a: Keldeo-Resolute
|-resisted|p2a: Keldeo-Resolute
|-damage|p2a: Keldeo-Resolute|0 fnt
|faint|p2a: Keldeo-Resolute
|
|
|switch|p2a: Scizor|Scizor, F|343\/343
|-damage|p2a: Scizor|301\/343|[from] Stealth Rock
|turn|12
|
|move|p2a: Scizor|Bullet Punch|p1a: Azumarill
|-damage|p1a: Azumarill|0 fnt
|faint|p1a: Azumarill
|
|
|switch|p1a: Conkeldurr|Conkeldurr, F|413\/413
|turn|13
|
|switch|p2a: Landorus-Therian|Landorus-Therian, M|319\/319
|-damage|p2a: Landorus-Therian|280\/319|[from] Stealth Rock
|-ability|p2a: Landorus-Therian|Intimidate|[of] p1a: Conkeldurr
|-unboost|p1a: Conkeldurr|atk|1
|move|p1a: Conkeldurr|Knock Off|p2a: Landorus-Therian
|-damage|p2a: Landorus-Therian|183\/319
|-enditem|p2a: Landorus-Therian|Choice Scarf|[from] move: Knock Off|[of] p1a: Conkeldurr
|
|turn|14
|
|move|p2a: Landorus-Therian|Earthquake|p1a: Conkeldurr
|-damage|p1a: Conkeldurr|194\/413
|move|p1a: Conkeldurr|Ice Punch|p2a: Landorus-Therian
|-supereffective|p2a: Landorus-Therian
|-damage|p2a: Landorus-Therian|0 fnt
|faint|p2a: Landorus-Therian
|
|
|switch|p2a: Gardevoir|Gardevoir-Mega, M, shiny|221\/339
|-damage|p2a: Gardevoir|179\/339|[from] Stealth Rock
|turn|15
|
|move|p2a: Gardevoir|Hyper Voice|p1a: Conkeldurr
|-supereffective|p1a: Conkeldurr
|-damage|p1a: Conkeldurr|0 fnt
|faint|p1a: Conkeldurr
|
|
|switch|p1a: Diancie|Diancie|241\/241
|turn|16
|
|move|p2a: Gardevoir|Hyper Voice|p1a: Diancie
|-damage|p1a: Diancie|54\/241
|move|p1a: Diancie|Rock Polish|p1a: Diancie
|-boost|p1a: Diancie|spe|2
|
|turn|17
|
|detailschange|p1a: Diancie|Diancie-Mega
|-mega|p1a: Diancie|Diancie|Diancite
|move|p1a: Diancie|Moonblast|p2a: Gardevoir
|-damage|p2a: Gardevoir|11\/339
|-unboost|p2a: Gardevoir|spa|1
|move|p2a: Gardevoir|Hyper Voice|p1a: Diancie
|-damage|p1a: Diancie|0 fnt
|faint|p1a: Diancie
|
|-message|DarkraiTho forfeited.
|leave|DarkraiTho
|
|win|crazybones
|raw|Ladder updating...
|player|p1
|raw|DarkraiTho's rating: 1437 &rarr; <strong>1418<\/strong><br \/>(-19 for losing)
|raw|crazybones's rating: 1448 &rarr; <strong>1468<\/strong><br \/>(+20 for winning)