|join|arnyyr
|join|kill all bp fags
|player|p1|arnyyr|211
|player|p2|kill all bp fags|209
|gametype|singles
|gen|6
|tier|OU
|rated
|clearpoke
|poke|p1|Infernape, M
|poke|p1|Keldeo
|poke|p1|Thundurus, M
|poke|p1|Metagross
|poke|p1|Bisharp, M
|poke|p1|Dragonite, M
|poke|p2|Slowbro, F
|poke|p2|Tyranitar, M
|poke|p2|Landorus-Therian, M
|poke|p2|Clefable, M
|poke|p2|Jirachi
|poke|p2|Keldeo-Resolute, shiny
|rule|Swagger Clause: Swagger is banned
|rule|Baton Pass Clause: Limit one Pokémon knowing Baton Pass
|rule|Sleep Clause Mod: Limit one foe put to sleep
|rule|Species Clause: Limit one of each Pokémon
|rule|OHKO Clause: OHKO moves are banned
|rule|Moody Clause: Moody is banned
|rule|Evasion Moves Clause: Evasion moves are banned
|rule|Endless Battle Clause: Forcing endless battles is banned
|rule|HP Percentage Mod: HP is shown in percentages
|teampreview
|c|★arnyyr|nice and tele
|c|★arnyyr|gl hf
|
|start
|switch|p1a: Infernape|Infernape, M|355\/355
|switch|p2a: Slowbro|Slowbro, F|391\/391
|turn|1
|
|detailschange|p2a: Slowbro|Slowbro-Mega, F
|-mega|p2a: Slowbro|Slowbro|Slowbronite
|move|p1a: Infernape|Stealth Rock|p2a: Slowbro
|-sidestart|p2: kill all bp fags|move: Stealth Rock
|move|p2a: Slowbro|Psyshock|p1a: Infernape
|-supereffective|p1a: Infernape
|-damage|p1a: Infernape|49\/355
|
|turn|2
|
|move|p1a: Infernape|Endeavor|p2a: Slowbro
|-damage|p2a: Slowbro|49\/391
|move|p2a: Slowbro|Scald|p1a: Infernape
|-supereffective|p1a: Infernape
|-damage|p1a: Infernape|0 fnt
|faint|p1a: Infernape
|
|
|switch|p1a: Thundurus|Thundurus, M|299\/299
|turn|3
|
|switch|p2a: Jirachi|Jirachi|403\/403
|-damage|p2a: Jirachi|378\/403|[from] Stealth Rock
|move|p1a: Thundurus|Thunderbolt|p2a: Jirachi
|-damage|p2a: Jirachi|221\/403
|-damage|p1a: Thundurus|270\/299|[from] item: Life Orb
|
|-heal|p2a: Jirachi|246\/403|[from] item: Leftovers
|turn|4
|
|move|p1a: Thundurus|Thunder Wave|p2a: Jirachi
|-status|p2a: Jirachi|par
|move|p2a: Jirachi|Stealth Rock|p1a: Thundurus
|-sidestart|p1: arnyyr|move: Stealth Rock
|
|-heal|p2a: Jirachi|271\/403 par|[from] item: Leftovers
|turn|5
|
|switch|p2a: Landorus-Therian|Landorus-Therian, M|319\/319
|-damage|p2a: Landorus-Therian|280\/319|[from] Stealth Rock
|-ability|p2a: Landorus-Therian|Intimidate|[of] p1a: Thundurus
|-unboost|p1a: Thundurus|atk|1
|move|p1a: Thundurus|Thunderbolt|p2a: Landorus-Therian
|-immune|p2a: Landorus-Therian|[msg]
|
|turn|6
|
|switch|p1a: Keldeo|Keldeo|323\/323
|-damage|p1a: Keldeo|303\/323|[from] Stealth Rock
|move|p2a: Landorus-Therian|U-turn|p1a: Keldeo
|-resisted|p1a: Keldeo
|-damage|p1a: Keldeo|257\/323
|
|switch|p2a: Keldeo-Resolute|Keldeo-Resolute, shiny|323\/323
|-damage|p2a: Keldeo-Resolute|303\/323|[from] Stealth Rock
|
|-heal|p2a: Keldeo-Resolute|323\/323|[from] item: Leftovers
|turn|7
|
|move|p2a: Keldeo-Resolute|Secret Sword|p1a: Keldeo
|-damage|p1a: Keldeo|86\/323
|move|p1a: Keldeo|Hidden Power|p2a: Keldeo-Resolute
|-supereffective|p2a: Keldeo-Resolute
|-damage|p2a: Keldeo-Resolute|103\/323
|
|-heal|p2a: Keldeo-Resolute|123\/323|[from] item: Leftovers
|turn|8
|
|switch|p2a: Tyranitar|Tyranitar, M|341\/341
|-damage|p2a: Tyranitar|299\/341|[from] Stealth Rock
|-weather|Sandstorm
|move|p1a: Keldeo|Hidden Power|p2a: Tyranitar
|-damage|p2a: Tyranitar|233\/341
|
|-weather|Sandstorm|[upkeep]
|-damage|p1a: Keldeo|66\/323|[from] sandstorm
|turn|9
|
|move|p2a: Tyranitar|Pursuit|p1a: Keldeo
|-resisted|p1a: Keldeo
|-damage|p1a: Keldeo|27\/323
|-boost|p1a: Keldeo|atk|1|[from] ability: Justified
|move|p1a: Keldeo|Hidden Power|p2a: Tyranitar
|-damage|p2a: Tyranitar|156\/341
|
|-weather|Sandstorm|[upkeep]
|-damage|p1a: Keldeo|7\/323|[from] sandstorm
|turn|10
|
|switch|p2a: Landorus-Therian|Landorus-Therian, M|280\/319
|-damage|p2a: Landorus-Therian|241\/319|[from] Stealth Rock
|-ability|p2a: Landorus-Therian|Intimidate|[of] p1a: Keldeo
|-unboost|p1a: Keldeo|atk|1
|move|p1a: Keldeo|Hidden Power|p2a: Landorus-Therian
|-immune|p2a: Landorus-Therian|[msg]
|
|-weather|Sandstorm|[upkeep]
|-damage|p1a: Keldeo|0 fnt|[from] sandstorm
|faint|p1a: Keldeo
|
|switch|p1a: Bisharp|Bisharp, M|271\/271
|-damage|p1a: Bisharp|255\/271|[from] Stealth Rock
|turn|11
|
|switch|p1a: Dragonite|Dragonite, M|323\/323
|-damage|p1a: Dragonite|243\/323|[from] Stealth Rock
|move|p2a: Landorus-Therian|Earthquake|p1a: Dragonite
|-immune|p1a: Dragonite|[msg]
|
|-weather|Sandstorm|[upkeep]
|-damage|p1a: Dragonite|223\/323|[from] sandstorm
|turn|12
|
|switch|p2a: Clefable|Clefable, M|394\/394
|-damage|p2a: Clefable|345\/394|[from] Stealth Rock
|move|p1a: Dragonite|Earthquake|p2a: Clefable
|-damage|p2a: Clefable|157\/394
|
|-weather|none
|-heal|p2a: Clefable|181\/394|[from] item: Leftovers
|turn|13
|
|switch|p1a: Metagross|Metagross|301\/301
|-damage|p1a: Metagross|283\/301|[from] Stealth Rock
|switch|p2a: Landorus-Therian|Landorus-Therian, M|241\/319
|-damage|p2a: Landorus-Therian|202\/319|[from] Stealth Rock
|-ability|p2a: Landorus-Therian|Intimidate|[of] p1a: Metagross
|-fail|p1a: Metagross|unboost|[from] ability: Clear Body|[of] p1a: Metagross
|
|turn|14
|
|detailschange|p1a: Metagross|Metagross-Mega
|-mega|p1a: Metagross|Metagross|Metagrossite
|move|p2a: Landorus-Therian|Earthquake|p1a: Metagross
|-supereffective|p1a: Metagross
|-damage|p1a: Metagross|11\/301
|move|p1a: Metagross|Ice Punch|p2a: Landorus-Therian
|-supereffective|p2a: Landorus-Therian
|-damage|p2a: Landorus-Therian|0 fnt
|faint|p2a: Landorus-Therian
|
|
|switch|p2a: Jirachi|Jirachi|271\/403 par
|-damage|p2a: Jirachi|246\/403 par|[from] Stealth Rock
|turn|15
|
|move|p1a: Metagross|Earthquake|p2a: Jirachi
|-supereffective|p2a: Jirachi
|-damage|p2a: Jirachi|0 fnt
|faint|p2a: Jirachi
|
|
|switch|p2a: Tyranitar|Tyranitar, M|156\/341
|-damage|p2a: Tyranitar|114\/341|[from] Stealth Rock
|-weather|Sandstorm
|turn|16
|
|move|p2a: Tyranitar|Crunch|p1a: Metagross
|-supereffective|p1a: Metagross
|-damage|p1a: Metagross|0 fnt
|faint|p1a: Metagross
|
|-weather|Sandstorm|[upkeep]
|
|switch|p1a: Bisharp|Bisharp, M|255\/271
|-damage|p1a: Bisharp|239\/271|[from] Stealth Rock
|turn|17
|
|switch|p2a: Slowbro|Slowbro-Mega, F|49\/391
|-damage|p2a: Slowbro|1\/391|[from] Stealth Rock
|move|p1a: Bisharp|Knock Off|p2a: Slowbro
|-supereffective|p2a: Slowbro
|-damage|p2a: Slowbro|0 fnt
|-damage|p1a: Bisharp|212\/271|[from] item: Life Orb
|faint|p2a: Slowbro
|
|-weather|Sandstorm|[upkeep]
|
|switch|p2a: Keldeo-Resolute|Keldeo-Resolute, shiny|123\/323
|-damage|p2a: Keldeo-Resolute|103\/323|[from] Stealth Rock
|turn|18
|
|switch|p1a: Dragonite|Dragonite, M|223\/323
|-damage|p1a: Dragonite|143\/323|[from] Stealth Rock
|move|p2a: Keldeo-Resolute|Substitute|p2a: Keldeo-Resolute
|-start|p2a: Keldeo-Resolute|Substitute
|-damage|p2a: Keldeo-Resolute|23\/323
|
|-weather|Sandstorm|[upkeep]
|-damage|p2a: Keldeo-Resolute|3\/323|[from] sandstorm
|-damage|p1a: Dragonite|123\/323|[from] sandstorm
|-heal|p2a: Keldeo-Resolute|23\/323|[from] item: Leftovers
|turn|19
|
|move|p1a: Dragonite|Extreme Speed|p2a: Keldeo-Resolute
|-end|p2a: Keldeo-Resolute|Substitute
|move|p2a: Keldeo-Resolute|Scald|p1a: Dragonite
|-resisted|p1a: Dragonite
|-damage|p1a: Dragonite|48\/323
|-status|p1a: Dragonite|brn
|
|-weather|Sandstorm|[upkeep]
|-damage|p2a: Keldeo-Resolute|3\/323|[from] sandstorm
|-damage|p1a: Dragonite|28\/323 brn|[from] sandstorm
|-heal|p2a: Keldeo-Resolute|23\/323|[from] item: Leftovers
|-damage|p1a: Dragonite|0 fnt|[from] brn
|faint|p1a: Dragonite
|
|switch|p1a: Thundurus|Thundurus, M|270\/299
|-damage|p1a: Thundurus|196\/299|[from] Stealth Rock
|turn|20
|c|★arnyyr|gg
|
|switch|p2a: Clefable|Clefable, M|181\/394
|-damage|p2a: Clefable|132\/394|[from] Stealth Rock
|move|p1a: Thundurus|Thunderbolt|p2a: Clefable
|-damage|p2a: Clefable|0 fnt
|-damage|p1a: Thundurus|167\/299|[from] item: Life Orb
|faint|p2a: Clefable
|
|-weather|none
|
|switch|p2a: Tyranitar|Tyranitar, M|114\/341
|-damage|p2a: Tyranitar|72\/341|[from] Stealth Rock
|-weather|Sandstorm
|turn|21
|
|move|p1a: Thundurus|Thunder Wave|p2a: Tyranitar
|-status|p2a: Tyranitar|par
|move|p2a: Tyranitar|Crunch|p1a: Thundurus
|-damage|p1a: Thundurus|0 fnt
|faint|p1a: Thundurus
|
|-weather|Sandstorm|[upkeep]
|
|switch|p1a: Bisharp|Bisharp, M|212\/271
|-damage|p1a: Bisharp|196\/271|[from] Stealth Rock
|turn|22
|
|move|p1a: Bisharp|Iron Head|p2a: Tyranitar
|-supereffective|p2a: Tyranitar
|-damage|p2a: Tyranitar|0 fnt
|-damage|p1a: Bisharp|169\/271|[from] item: Life Orb
|faint|p2a: Tyranitar
|
|-weather|Sandstorm|[upkeep]
|
|switch|p2a: Keldeo-Resolute|Keldeo-Resolute, shiny|23\/323
|-damage|p2a: Keldeo-Resolute|3\/323|[from] Stealth Rock
|turn|23
|
|move|p1a: Bisharp|Sucker Punch|p2a: Keldeo-Resolute
|-resisted|p2a: Keldeo-Resolute
|-damage|p2a: Keldeo-Resolute|0 fnt
|-damage|p1a: Bisharp|142\/271|[from] item: Life Orb
|faint|p2a: Keldeo-Resolute
|
|win|arnyyr
|raw|Ladder updating...
|leave|kill all bp fags
|raw|arnyyr's rating: 1557 &rarr; <strong>1577<\/strong><br \/>(+20 for winning)
|raw|kill all bp fags's rating: 1551 &rarr; <strong>1531<\/strong><br \/>(-20 for losing)
|player|p2