|join|kill all bp fags
|join|Beslem
|player|p1|kill all bp fags|209
|player|p2|Beslem|54
|gametype|singles
|gen|6
|tier|OU
|rated
|clearpoke
|poke|p1|Tyranitar, M
|poke|p1|Slowbro, F
|poke|p1|Jirachi
|poke|p1|Keldeo-Resolute, shiny
|poke|p1|Clefable, F, shiny
|poke|p1|Landorus-Therian, M
|poke|p2|Sceptile, F
|poke|p2|Empoleon, F
|poke|p2|Gengar, F
|poke|p2|Conkeldurr, M
|poke|p2|Chandelure, M
|poke|p2|Honchkrow, M
|rule|Swagger Clause: Swagger is banned
|rule|Baton Pass Clause: Limit one Pokémon knowing Baton Pass
|rule|Sleep Clause Mod: Limit one foe put to sleep
|rule|Species Clause: Limit one of each Pokémon
|rule|OHKO Clause: OHKO moves are banned
|rule|Moody Clause: Moody is banned
|rule|Evasion Moves Clause: Evasion moves are banned
|rule|Endless Battle Clause: Forcing endless battles is banned
|rule|HP Percentage Mod: HP is shown in percentages
|teampreview
|
|start
|switch|p1a: Landorus-Therian|Landorus-Therian, M|325\/325
|switch|p2a: Bon appart|Empoleon, F|372\/372
|-ability|p1a: Landorus-Therian|Intimidate|[of] p2a: Bon appart
|-unboost|p2a: Bon appart|atk|1
|-item|p2a: Bon appart|Air Balloon
|turn|1
|
|move|p1a: Landorus-Therian|U-turn|p2a: Bon appart
|-resisted|p2a: Bon appart
|-damage|p2a: Bon appart|338\/372
|-enditem|p2a: Bon appart|Air Balloon
|
|switch|p1a: Clefable|Clefable, F, shiny|394\/394
|move|p2a: Bon appart|Stealth Rock|p1a: Clefable
|-sidestart|p1: kill all bp fags|move: Stealth Rock
|
|turn|2
|
|switch|p1a: Jirachi|Jirachi|403\/403
|-damage|p1a: Jirachi|378\/403|[from] Stealth Rock
|move|p2a: Bon appart|Roar|p1a: Jirachi
|drag|p1a: Clefable|Clefable, F, shiny|394\/394
|-damage|p1a: Clefable|345\/394|[from] Stealth Rock
|
|-heal|p1a: Clefable|369\/394|[from] item: Leftovers
|turn|3
|
|switch|p1a: Jirachi|Jirachi|378\/403
|-damage|p1a: Jirachi|353\/403|[from] Stealth Rock
|move|p2a: Bon appart|Roar|p1a: Jirachi
|drag|p1a: Landorus-Therian|Landorus-Therian, M|325\/325
|-damage|p1a: Landorus-Therian|285\/325|[from] Stealth Rock
|-ability|p1a: Landorus-Therian|Intimidate|[of] p2a: Bon appart
|-unboost|p2a: Bon appart|atk|1
|
|turn|4
|
|move|p1a: Landorus-Therian|U-turn|p2a: Bon appart
|-resisted|p2a: Bon appart
|-damage|p2a: Bon appart|299\/372
|
|switch|p1a: Clefable|Clefable, F, shiny|369\/394
|-damage|p1a: Clefable|320\/394|[from] Stealth Rock
|move|p2a: Bon appart|Scald|p1a: Clefable
|-damage|p1a: Clefable|205\/394
|
|-heal|p1a: Clefable|229\/394|[from] item: Leftovers
|turn|5
|
|move|p1a: Clefable|Wish|p1a: Clefable
|move|p2a: Bon appart|Roar|p1a: Clefable
|drag|p1a: Landorus-Therian|Landorus-Therian, M|285\/325
|-damage|p1a: Landorus-Therian|245\/325|[from] Stealth Rock
|-ability|p1a: Landorus-Therian|Intimidate|[of] p2a: Bon appart
|-unboost|p2a: Bon appart|atk|1
|
|turn|6
|
|move|p1a: Landorus-Therian|U-turn|p2a: Bon appart
|-resisted|p2a: Bon appart
|-damage|p2a: Bon appart|262\/372
|
|switch|p1a: Keldeo-Resolute|Keldeo-Resolute, shiny|323\/323
|-damage|p1a: Keldeo-Resolute|303\/323|[from] Stealth Rock
|move|p2a: Bon appart|Roar|p1a: Keldeo-Resolute
|drag|p1a: Clefable|Clefable, F, shiny|229\/394
|-damage|p1a: Clefable|180\/394|[from] Stealth Rock
|
|-heal|p1a: Clefable|377\/394|[from] move: Wish|[wisher] Clefable
|-heal|p1a: Clefable|394\/394|[from] item: Leftovers
|turn|7
|
|switch|p1a: Jirachi|Jirachi|353\/403
|-damage|p1a: Jirachi|328\/403|[from] Stealth Rock
|move|p2a: Bon appart|Roar|p1a: Jirachi
|drag|p1a: Clefable|Clefable, F, shiny|394\/394
|-damage|p1a: Clefable|345\/394|[from] Stealth Rock
|
|-heal|p1a: Clefable|369\/394|[from] item: Leftovers
|turn|8
|
|move|p1a: Clefable|Wish|p1a: Clefable
|move|p2a: Bon appart|Scald|p1a: Clefable
|-damage|p1a: Clefable|245\/394
|
|-heal|p1a: Clefable|269\/394|[from] item: Leftovers
|turn|9
|
|switch|p1a: Jirachi|Jirachi|328\/403
|-damage|p1a: Jirachi|303\/403|[from] Stealth Rock
|move|p2a: Bon appart|Roar|p1a: Jirachi
|drag|p1a: Clefable|Clefable, F, shiny|269\/394
|-damage|p1a: Clefable|220\/394|[from] Stealth Rock
|
|-heal|p1a: Clefable|394\/394|[from] move: Wish|[wisher] Clefable
|turn|10
|
|move|p1a: Clefable|Wish|p1a: Clefable
|move|p2a: Bon appart|Scald|p1a: Clefable
|-damage|p1a: Clefable|289\/394
|
|-heal|p1a: Clefable|313\/394|[from] item: Leftovers
|turn|11
|
|switch|p1a: Jirachi|Jirachi|303\/403
|-damage|p1a: Jirachi|278\/403|[from] Stealth Rock
|move|p2a: Bon appart|Roar|p1a: Jirachi
|drag|p1a: Tyranitar|Tyranitar, M|341\/341
|-damage|p1a: Tyranitar|299\/341|[from] Stealth Rock
|-weather|Sandstorm
|
|-weather|Sandstorm|[upkeep]
|-heal|p1a: Tyranitar|341\/341|[from] move: Wish|[wisher] Clefable
|turn|12
|
|switch|p1a: Jirachi|Jirachi|278\/403
|-damage|p1a: Jirachi|253\/403|[from] Stealth Rock
|switch|p2a: Conkeldurr|Conkeldurr, M|413\/413
|
|-weather|Sandstorm|[upkeep]
|-damage|p2a: Conkeldurr|388\/413|[from] sandstorm
|-heal|p1a: Jirachi|278\/403|[from] item: Leftovers
|turn|13
|
|switch|p2a: Honchkrow|Honchkrow, M|341\/341
|move|p1a: Jirachi|Stealth Rock|p2a: Honchkrow
|-sidestart|p2: Beslem|move: Stealth Rock
|
|-weather|Sandstorm|[upkeep]
|-damage|p2a: Honchkrow|320\/341|[from] sandstorm
|-heal|p1a: Jirachi|303\/403|[from] item: Leftovers
|turn|14
|
|switch|p1a: Tyranitar|Tyranitar, M|341\/341
|-damage|p1a: Tyranitar|299\/341|[from] Stealth Rock
|move|p2a: Honchkrow|Drill Peck|p1a: Tyranitar
|-resisted|p1a: Tyranitar
|-damage|p1a: Tyranitar|215\/341
|-damage|p2a: Honchkrow|286\/341|[from] item: Life Orb
|
|-weather|Sandstorm|[upkeep]
|-damage|p2a: Honchkrow|265\/341|[from] sandstorm
|turn|15
|
|switch|p1a: Clefable|Clefable, F, shiny|313\/394
|-damage|p1a: Clefable|264\/394|[from] Stealth Rock
|move|p2a: Honchkrow|Superpower|p1a: Clefable
|-resisted|p1a: Clefable
|-damage|p1a: Clefable|172\/394
|-unboost|p2a: Honchkrow|atk|1
|-unboost|p2a: Honchkrow|def|1
|-damage|p2a: Honchkrow|231\/341|[from] item: Life Orb
|
|-weather|none
|-heal|p1a: Clefable|196\/394|[from] item: Leftovers
|turn|16
|
|switch|p2a: Bon appart|Empoleon, F|262\/372
|-damage|p2a: Bon appart|239\/372|[from] Stealth Rock
|move|p1a: Clefable|Protect|p1a: Clefable
|-fail|p1a: Clefable
|
|-heal|p1a: Clefable|220\/394|[from] item: Leftovers
|turn|17
|
|move|p1a: Clefable|Wish|p1a: Clefable
|move|p2a: Bon appart|Scald|p1a: Clefable
|-damage|p1a: Clefable|100\/394
|
|-heal|p1a: Clefable|124\/394|[from] item: Leftovers
|turn|18
|
|switch|p1a: Jirachi|Jirachi|303\/403
|-damage|p1a: Jirachi|278\/403|[from] Stealth Rock
|move|p2a: Bon appart|Roar|p1a: Jirachi
|drag|p1a: Keldeo-Resolute|Keldeo-Resolute, shiny|303\/323
|-damage|p1a: Keldeo-Resolute|283\/323|[from] Stealth Rock
|
|-heal|p1a: Keldeo-Resolute|323\/323|[from] move: Wish|[wisher] Clefable
|turn|19
|
|switch|p2a: Conkeldurr|Conkeldurr, M|388\/413
|-damage|p2a: Conkeldurr|363\/413|[from] Stealth Rock
|move|p1a: Keldeo-Resolute|Substitute|p1a: Keldeo-Resolute
|-start|p1a: Keldeo-Resolute|Substitute
|-damage|p1a: Keldeo-Resolute|243\/323
|
|-heal|p1a: Keldeo-Resolute|263\/323|[from] item: Leftovers
|turn|20
|
|move|p1a: Keldeo-Resolute|Secret Sword|p2a: Conkeldurr
|-damage|p2a: Conkeldurr|197\/413
|move|p2a: Conkeldurr|Drain Punch|p1a: Keldeo-Resolute
|-end|p1a: Keldeo-Resolute|Substitute
|-heal|p2a: Conkeldurr|237\/413|[from] drain|[of] p1a: Keldeo-Resolute
|
|-heal|p1a: Keldeo-Resolute|283\/323|[from] item: Leftovers
|turn|21
|
|switch|p1a: Slowbro|Slowbro, F|394\/394
|-damage|p1a: Slowbro|345\/394|[from] Stealth Rock
|move|p2a: Conkeldurr|Drain Punch|p1a: Slowbro
|-resisted|p1a: Slowbro
|-damage|p1a: Slowbro|276\/394
|-heal|p2a: Conkeldurr|272\/413|[from] drain|[of] p1a: Slowbro
|
|turn|22
|
|switch|p2a: Chandelure|Chandelure, M|324\/324
|-damage|p2a: Chandelure|243\/324|[from] Stealth Rock
|move|p1a: Slowbro|Psyshock|p2a: Chandelure
|-damage|p2a: Chandelure|140\/324
|
|-heal|p2a: Chandelure|160\/324|[from] item: Leftovers
|turn|23
|
|switch|p1a: Tyranitar|Tyranitar, M|215\/341
|-damage|p1a: Tyranitar|173\/341|[from] Stealth Rock
|-weather|Sandstorm
|move|p2a: Chandelure|Shadow Ball|p1a: Tyranitar
|-resisted|p1a: Tyranitar
|-damage|p1a: Tyranitar|121\/341
|
|-weather|Sandstorm|[upkeep]
|-damage|p2a: Chandelure|140\/324|[from] sandstorm
|-heal|p2a: Chandelure|160\/324|[from] item: Leftovers
|turn|24
|
|move|p1a: Tyranitar|Pursuit|p2a: Chandelure|[from]Pursuit
|-supereffective|p2a: Chandelure
|-damage|p2a: Chandelure|0 fnt
|faint|p2a: Chandelure
|
|-weather|Sandstorm|[upkeep]
|
|switch|p2a: Kamakishin|Sceptile, F|281\/281
|-damage|p2a: Kamakishin|246\/281|[from] Stealth Rock
|turn|25
|
|switch|p1a: Jirachi|Jirachi|278\/403
|-damage|p1a: Jirachi|253\/403|[from] Stealth Rock
|detailschange|p2a: Kamakishin|Sceptile-Mega, F
|-mega|p2a: Kamakishin|Sceptile|Sceptilite
|move|p2a: Kamakishin|Focus Blast|p1a: Jirachi|[miss]
|-miss|p2a: Kamakishin|p1a: Jirachi
|
|-weather|Sandstorm|[upkeep]
|-damage|p2a: Kamakishin|229\/281|[from] sandstorm
|-heal|p1a: Jirachi|278\/403|[from] item: Leftovers
|turn|26
|
|switch|p2a: Bon appart|Empoleon, F|239\/372
|-damage|p2a: Bon appart|216\/372|[from] Stealth Rock
|move|p1a: Jirachi|U-turn|p2a: Bon appart
|-resisted|p2a: Bon appart
|-damage|p2a: Bon appart|194\/372
|
|switch|p1a: Keldeo-Resolute|Keldeo-Resolute, shiny|283\/323
|-damage|p1a: Keldeo-Resolute|263\/323|[from] Stealth Rock
|
|-weather|Sandstorm|[upkeep]
|-damage|p1a: Keldeo-Resolute|243\/323|[from] sandstorm
|-heal|p1a: Keldeo-Resolute|263\/323|[from] item: Leftovers
|turn|27
|
|move|p1a: Keldeo-Resolute|Secret Sword|p2a: Bon appart
|-supereffective|p2a: Bon appart
|-damage|p2a: Bon appart|0 fnt
|faint|p2a: Bon appart
|
|-weather|none
|-heal|p1a: Keldeo-Resolute|283\/323|[from] item: Leftovers
|
|switch|p2a: Conkeldurr|Conkeldurr, M|272\/413
|-damage|p2a: Conkeldurr|247\/413|[from] Stealth Rock
|turn|28
|
|switch|p1a: Clefable|Clefable, F, shiny|124\/394
|-damage|p1a: Clefable|75\/394|[from] Stealth Rock
|move|p2a: Conkeldurr|Knock Off|p1a: Clefable
|-resisted|p1a: Clefable
|-damage|p1a: Clefable|18\/394
|-enditem|p1a: Clefable|Leftovers|[from] move: Knock Off|[of] p2a: Conkeldurr
|
|turn|29
|
|switch|p1a: Slowbro|Slowbro, F|394\/394
|-damage|p1a: Slowbro|345\/394|[from] Stealth Rock
|move|p2a: Conkeldurr|Ice Punch|p1a: Slowbro
|-resisted|p1a: Slowbro
|-damage|p1a: Slowbro|306\/394
|-status|p1a: Slowbro|frz
|
|turn|30
|
|detailschange|p1a: Slowbro|Slowbro-Mega, F
|-mega|p1a: Slowbro|Slowbro|Slowbronite
|move|p2a: Conkeldurr|Knock Off|p1a: Slowbro
|-supereffective|p1a: Slowbro
|-damage|p1a: Slowbro|216\/394 frz
|-curestatus|p1a: Slowbro|frz
|move|p1a: Slowbro|Scald|p2a: Conkeldurr
|-damage|p2a: Conkeldurr|145\/413
|-status|p2a: Conkeldurr|brn
|
|-damage|p2a: Conkeldurr|94\/413 brn|[from] brn
|turn|31
|
|move|p2a: Conkeldurr|Knock Off|p1a: Slowbro
|-supereffective|p1a: Slowbro
|-damage|p1a: Slowbro|62\/394
|move|p1a: Slowbro|Slack Off|p1a: Slowbro
|-heal|p1a: Slowbro|259\/394
|
|-damage|p2a: Conkeldurr|43\/413 brn|[from] brn
|turn|32
|
|move|p2a: Conkeldurr|Knock Off|p1a: Slowbro
|-supereffective|p1a: Slowbro
|-damage|p1a: Slowbro|123\/394
|move|p1a: Slowbro|Slack Off|p1a: Slowbro
|-heal|p1a: Slowbro|320\/394
|
|-damage|p2a: Conkeldurr|0 fnt|[from] brn
|faint|p2a: Conkeldurr
|
|switch|p2a: Gengar|Gengar, F|261\/261
|-damage|p2a: Gengar|229\/261|[from] Stealth Rock
|turn|33
|
|move|p2a: Gengar|Shadow Ball|p1a: Slowbro
|-supereffective|p1a: Slowbro
|-damage|p1a: Slowbro|42\/394
|-unboost|p1a: Slowbro|spd|1
|move|p1a: Slowbro|Psyshock|p2a: Gengar
|-supereffective|p2a: Gengar
|-damage|p2a: Gengar|0 fnt
|faint|p2a: Gengar
|
|
|switch|p2a: Honchkrow|Honchkrow, M|231\/341
|-damage|p2a: Honchkrow|146\/341|[from] Stealth Rock
|turn|34
|
|move|p2a: Honchkrow|Drill Peck|p1a: Slowbro
|-damage|p1a: Slowbro|0 fnt
|-damage|p2a: Honchkrow|112\/341|[from] item: Life Orb
|faint|p1a: Slowbro
|-boost|p2a: Honchkrow|atk|1|[from] ability: Moxie
|
|
|switch|p1a: Landorus-Therian|Landorus-Therian, M|245\/325
|-damage|p1a: Landorus-Therian|205\/325|[from] Stealth Rock
|-ability|p1a: Landorus-Therian|Intimidate|[of] p2a: Honchkrow
|-unboost|p2a: Honchkrow|atk|1
|turn|35
|
|move|p2a: Honchkrow|Sucker Punch|p1a: Landorus-Therian
|-damage|p1a: Landorus-Therian|0 fnt
|-damage|p2a: Honchkrow|78\/341|[from] item: Life Orb
|faint|p1a: Landorus-Therian
|-boost|p2a: Honchkrow|atk|1|[from] ability: Moxie
|
|
|switch|p1a: Tyranitar|Tyranitar, M|121\/341
|-damage|p1a: Tyranitar|79\/341|[from] Stealth Rock
|-weather|Sandstorm
|turn|36
|
|move|p2a: Honchkrow|Sucker Punch|p1a: Tyranitar
|-resisted|p1a: Tyranitar
|-damage|p1a: Tyranitar|0 fnt
|-damage|p2a: Honchkrow|44\/341|[from] item: Life Orb
|faint|p1a: Tyranitar
|-boost|p2a: Honchkrow|atk|1|[from] ability: Moxie
|
|-weather|Sandstorm|[upkeep]
|-damage|p2a: Honchkrow|23\/341|[from] sandstorm
|
|switch|p1a: Keldeo-Resolute|Keldeo-Resolute, shiny|283\/323
|-damage|p1a: Keldeo-Resolute|263\/323|[from] Stealth Rock
|turn|37
|
|move|p1a: Keldeo-Resolute|Substitute|p1a: Keldeo-Resolute
|-start|p1a: Keldeo-Resolute|Substitute
|-damage|p1a: Keldeo-Resolute|183\/323
|move|p2a: Honchkrow|Drill Peck|p1a: Keldeo-Resolute
|-supereffective|p1a: Keldeo-Resolute
|-end|p1a: Keldeo-Resolute|Substitute
|-damage|p2a: Honchkrow|0 fnt|[from] item: Life Orb
|faint|p2a: Honchkrow
|
|-weather|Sandstorm|[upkeep]
|-damage|p1a: Keldeo-Resolute|163\/323|[from] sandstorm
|-heal|p1a: Keldeo-Resolute|183\/323|[from] item: Leftovers
|
|switch|p2a: Kamakishin|Sceptile-Mega, F|229\/281
|-damage|p2a: Kamakishin|194\/281|[from] Stealth Rock
|turn|38
|
|switch|p1a: Clefable|Clefable, F, shiny|18\/394
|-damage|p1a: Clefable|0 fnt|[from] Stealth Rock
|faint|p1a: Clefable
|move|p2a: Kamakishin|Leech Seed|p1: Clefable|[notarget]
|-notarget
|
|-weather|Sandstorm|[upkeep]
|-damage|p2a: Kamakishin|177\/281|[from] sandstorm
|
|switch|p1a: Jirachi|Jirachi|278\/403
|-damage|p1a: Jirachi|253\/403|[from] Stealth Rock
|turn|39
|
|move|p2a: Kamakishin|Focus Blast|p1a: Jirachi
|-damage|p1a: Jirachi|121\/403
|move|p1a: Jirachi|U-turn|p2a: Kamakishin
|-supereffective|p2a: Kamakishin
|-damage|p2a: Kamakishin|23\/281
|
|switch|p1a: Keldeo-Resolute|Keldeo-Resolute, shiny|183\/323
|-damage|p1a: Keldeo-Resolute|163\/323|[from] Stealth Rock
|
|-weather|Sandstorm|[upkeep]
|-damage|p2a: Kamakishin|6\/281|[from] sandstorm
|-damage|p1a: Keldeo-Resolute|143\/323|[from] sandstorm
|-heal|p1a: Keldeo-Resolute|163\/323|[from] item: Leftovers
|turn|40
|
|move|p2a: Kamakishin|Focus Blast|p1a: Keldeo-Resolute
|-damage|p1a: Keldeo-Resolute|0 fnt
|faint|p1a: Keldeo-Resolute
|
|-weather|none
|
|switch|p1a: Jirachi|Jirachi|121\/403
|-damage|p1a: Jirachi|96\/403|[from] Stealth Rock
|turn|41
|
|move|p2a: Kamakishin|Leaf Storm|p1a: Jirachi
|-resisted|p1a: Jirachi
|-damage|p1a: Jirachi|0 fnt
|-unboost|p2a: Kamakishin|spa|2
|faint|p1a: Jirachi
|
|win|Beslem
|raw|Ladder updating...
|raw|kill all bp fags's rating: 1405 &rarr; <strong>1381<\/strong><br \/>(-24 for losing)
|raw|Beslem's rating: 1341 &rarr; <strong>1365<\/strong><br \/>(+24 for winning)
|leave|kill all bp fags