|join|gyarad0site
|join|Jukain
|player|p1|gyarad0site|195
|player|p2|Jukain|291
|gametype|singles
|gen|6
|tier|OU
|rated
|clearpoke
|poke|p1|Scizor, M, shiny
|poke|p1|Manaphy, shiny
|poke|p1|Thundurus, M
|poke|p1|Landorus-Therian, M
|poke|p1|Cobalion
|poke|p1|Latios, M
|poke|p2|Hydreigon, M
|poke|p2|Metagross
|poke|p2|Azumarill, M
|poke|p2|Landorus-Therian, M
|poke|p2|Thundurus, M
|poke|p2|Breloom, F
|rule|Swagger Clause: Swagger is banned
|rule|Baton Pass Clause: Limit one Pokémon knowing Baton Pass
|rule|Sleep Clause Mod: Limit one foe put to sleep
|rule|Species Clause: Limit one of each Pokémon
|rule|OHKO Clause: OHKO moves are banned
|rule|Moody Clause: Moody is banned
|rule|Evasion Moves Clause: Evasion moves are banned
|rule|Endless Battle Clause: Forcing endless battles is banned
|rule|HP Percentage Mod: HP is shown in percentages
|teampreview
|c|★Jukain|o lol right as i switch teams again
|c|★Jukain|glhf
|c|★gyarad0site|hf
|
|start
|switch|p1a: Thundurus|Thundurus, M|299\/299
|switch|p2a: Metagross|Metagross|301\/301
|turn|1
|
|detailschange|p2a: Metagross|Metagross-Mega
|message|Metagross has Mega Evolved into Mega Metagross!
|move|p1a: Thundurus|Volt Switch|p2a: Metagross
|-damage|p2a: Metagross|183\/301
|
|switch|p1a: flAMberge|Cobalion|358\/358
|move|p2a: Metagross|Stealth Rock|p1a: flAMberge
|-sidestart|p1: gyarad0site|move: Stealth Rock
|
|turn|2
|
|move|p2a: Metagross|Zen Headbutt|p1a: flAMberge
|-damage|p1a: flAMberge|198\/358
|move|p1a: flAMberge|Volt Switch|p2a: Metagross
|-damage|p2a: Metagross|141\/301
|
|switch|p1a: sAMuel L|Landorus-Therian, M|381\/381
|-damage|p1a: sAMuel L|334\/381|[from] Stealth Rock
|-ability|p1a: sAMuel L|Intimidate|[of] p2a: Metagross
|-unboost|p2a: Metagross|atk|1
|
|-heal|p1a: sAMuel L|357\/381|[from] item: Leftovers
|turn|3
|
|switch|p2a: Thundurus|Thundurus, M|299\/299
|move|p1a: sAMuel L|Stealth Rock|p2a: Thundurus
|-sidestart|p2: Jukain|move: Stealth Rock
|
|-heal|p1a: sAMuel L|380\/381|[from] item: Leftovers
|turn|4
|
|move|p2a: Thundurus|Knock Off|p1a: sAMuel L
|-damage|p1a: sAMuel L|297\/381
|-enditem|p1a: sAMuel L|Leftovers|[from] move: Knock Off|[of] p2a: Thundurus
|-damage|p2a: Thundurus|270\/299|[from] item: Life Orb
|move|p1a: sAMuel L|Rock Tomb|p2a: Thundurus
|-supereffective|p2a: Thundurus
|-damage|p2a: Thundurus|100\/299
|-unboost|p2a: Thundurus|spe|1
|
|turn|5
|
|switch|p2a: Landorus-Therian|Landorus-Therian, M|319\/319
|-damage|p2a: Landorus-Therian|280\/319|[from] Stealth Rock
|-ability|p2a: Landorus-Therian|Intimidate|[of] p1a: sAMuel L
|-unboost|p1a: sAMuel L|atk|1
|switch|p1a: flAMberge|Cobalion|198\/358
|-damage|p1a: flAMberge|187\/358|[from] Stealth Rock
|
|-heal|p1a: flAMberge|209\/358|[from] item: Leftovers
|turn|6
|
|move|p2a: Landorus-Therian|U-turn|p1a: flAMberge
|-resisted|p1a: flAMberge
|-damage|p1a: flAMberge|193\/358
|
|switch|p2a: Azumarill|Azumarill, M|341\/341
|-damage|p2a: Azumarill|299\/341|[from] Stealth Rock
|move|p1a: flAMberge|Volt Switch|p2a: Azumarill
|-supereffective|p2a: Azumarill
|-damage|p2a: Azumarill|189\/341
|
|switch|p1a: Thundurus|Thundurus, M|299\/299
|-damage|p1a: Thundurus|225\/299|[from] Stealth Rock
|
|-heal|p1a: Thundurus|243\/299|[from] item: Leftovers
|turn|7
|
|move|p2a: Azumarill|Aqua Jet|p1a: Thundurus
|-damage|p1a: Thundurus|83\/299
|move|p1a: Thundurus|Volt Switch|p2a: Azumarill
|-supereffective|p2a: Azumarill
|-damage|p2a: Azumarill|0 fnt
|faint|p2a: Azumarill
|
|switch|p1a: flAMberge|Cobalion|193\/358
|-damage|p1a: flAMberge|182\/358|[from] Stealth Rock
|
|-heal|p1a: flAMberge|204\/358|[from] item: Leftovers
|
|switch|p2a: Metagross|Metagross-Mega|141\/301
|-damage|p2a: Metagross|123\/301|[from] Stealth Rock
|turn|8
|
|move|p2a: Metagross|Hammer Arm|p1a: flAMberge
|-crit|p1a: flAMberge
|-supereffective|p1a: flAMberge
|-damage|p1a: flAMberge|0 fnt
|-unboost|p2a: Metagross|spe|1
|faint|p1a: flAMberge
|
|
|switch|p1a: murakAMi|Manaphy, shiny|351\/351
|-damage|p1a: murakAMi|308\/351|[from] Stealth Rock
|turn|9
|
|move|p1a: murakAMi|Scald|p2a: Metagross
|-damage|p2a: Metagross|2\/301
|-status|p2a: Metagross|brn
|move|p2a: Metagross|Zen Headbutt|p1a: murakAMi
|-damage|p1a: murakAMi|199\/351
|
|-heal|p1a: murakAMi|220\/351|[from] item: Leftovers
|-damage|p2a: Metagross|0 fnt|[from] brn
|faint|p2a: Metagross
|
|switch|p2a: Hydreigon|Hydreigon, M|325\/325
|-damage|p2a: Hydreigon|285\/325|[from] Stealth Rock
|turn|10
|
|move|p2a: Hydreigon|Draco Meteor|p1a: murakAMi
|-damage|p1a: murakAMi|0 fnt
|-unboost|p2a: Hydreigon|spa|2
|-damage|p2a: Hydreigon|253\/325|[from] item: Life Orb
|faint|p1a: murakAMi
|
|join|Gizmo∞
|
|switch|p1a: Latios|Latios, M|301\/301
|-damage|p1a: Latios|264\/301|[from] Stealth Rock
|turn|11
|c|★gyarad0site|okay latios
|c| Gizmo∞|hydrei-meta-azu
|
|switch|p2a: Breloom|Breloom, F|261\/261
|-damage|p2a: Breloom|245\/261|[from] Stealth Rock
|move|p1a: Latios|Draco Meteor|p2a: Breloom|[miss]
|-miss|p1a: Latios|p2a: Breloom
|
|turn|12
|c|★gyarad0site|we will hit every draco thanks
|
|move|p2a: Breloom|Mach Punch|p1a: Latios
|-resisted|p1a: Latios
|-damage|p1a: Latios|201\/301
|move|p1a: Latios|Draco Meteor|p2a: Breloom|[miss]
|-miss|p1a: Latios|p2a: Breloom
|
|turn|13
|c| Gizmo∞|i've seen that like three times now
|c|★gyarad0site|.
|
|move|p1a: Latios|Draco Meteor|p2a: Breloom
|-damage|p2a: Breloom|0 fnt
|-unboost|p1a: Latios|spa|2
|faint|p2a: Breloom
|
|c|★Jukain|o ur scarfed
|c|★Jukain|ok
|
|switch|p2a: Landorus-Therian|Landorus-Therian, M|280\/319
|-damage|p2a: Landorus-Therian|241\/319|[from] Stealth Rock
|-ability|p2a: Landorus-Therian|Intimidate|[of] p1a: Latios
|-unboost|p1a: Latios|atk|1
|turn|14
|
|switch|p1a: sAMuel L|Landorus-Therian, M|297\/381
|-damage|p1a: sAMuel L|250\/381|[from] Stealth Rock
|-ability|p1a: sAMuel L|Intimidate|[of] p2a: Landorus-Therian
|-unboost|p2a: Landorus-Therian|atk|1
|move|p2a: Landorus-Therian|U-turn|p1a: sAMuel L
|-resisted|p1a: sAMuel L
|-damage|p1a: sAMuel L|226\/381
|
|switch|p2a: Hydreigon|Hydreigon, M|253\/325
|-damage|p2a: Hydreigon|213\/325|[from] Stealth Rock
|
|turn|15
|
|move|p2a: Hydreigon|Dark Pulse|p1a: sAMuel L
|-crit|p1a: sAMuel L
|-damage|p1a: sAMuel L|0 fnt
|-damage|p2a: Hydreigon|181\/325|[from] item: Life Orb
|faint|p1a: sAMuel L
|
|
|switch|p1a: Latios|Latios, M|201\/301
|-damage|p1a: Latios|164\/301|[from] Stealth Rock
|turn|16
|
|move|p1a: Latios|Draco Meteor|p2a: Hydreigon
|-supereffective|p2a: Hydreigon
|-damage|p2a: Hydreigon|0 fnt
|-unboost|p1a: Latios|spa|2
|faint|p2a: Hydreigon
|
|
|switch|p2a: Landorus-Therian|Landorus-Therian, M|241\/319
|-damage|p2a: Landorus-Therian|202\/319|[from] Stealth Rock
|-ability|p2a: Landorus-Therian|Intimidate|[of] p1a: Latios
|-unboost|p1a: Latios|atk|1
|turn|17
|
|switch|p1a: Thundurus|Thundurus, M|83\/299
|-damage|p1a: Thundurus|9\/299|[from] Stealth Rock
|move|p2a: Landorus-Therian|U-turn|p1a: Thundurus
|-resisted|p1a: Thundurus
|-damage|p1a: Thundurus|0 fnt
|faint|p1a: Thundurus
|
|switch|p2a: Thundurus|Thundurus, M|100\/299
|-damage|p2a: Thundurus|26\/299|[from] Stealth Rock
|
|
|switch|p1a: rAMbo|Scizor, M, shiny|291\/291
|-damage|p1a: rAMbo|255\/291|[from] Stealth Rock
|turn|18
|
|detailschange|p1a: rAMbo|Scizor-Mega, M, shiny
|message|Scizor has Mega Evolved into Mega Scizor!
|move|p2a: Thundurus|Thunder Wave|p1a: rAMbo
|-status|p1a: rAMbo|par
|move|p1a: rAMbo|Bullet Punch|p2a: Thundurus
|-resisted|p2a: Thundurus
|-damage|p2a: Thundurus|0 fnt
|faint|p2a: Thundurus
|
|
|switch|p2a: Landorus-Therian|Landorus-Therian, M|202\/319
|-damage|p2a: Landorus-Therian|163\/319|[from] Stealth Rock
|-ability|p2a: Landorus-Therian|Intimidate|[of] p1a: rAMbo
|-unboost|p1a: rAMbo|atk|1
|turn|19
|
|move|p1a: rAMbo|Bullet Punch|p2a: Landorus-Therian
|-damage|p2a: Landorus-Therian|69\/319
|move|p2a: Landorus-Therian|Stone Edge|p1a: rAMbo
|-damage|p1a: rAMbo|164\/291 par
|
|turn|20
|
|cant|p1a: rAMbo|par
|move|p2a: Landorus-Therian|Stone Edge|p1a: rAMbo
|-damage|p1a: rAMbo|72\/291 par
|
|turn|21
|
|move|p1a: rAMbo|Bullet Punch|p2a: Landorus-Therian
|-damage|p2a: Landorus-Therian|0 fnt
|faint|p2a: Landorus-Therian
|
|win|gyarad0site
|raw|Ladder updating...
|c|★gyarad0site|gg
|c|★Jukain|gg
|leave|Jukain
|player|p2
|raw|gyarad0site's rating: 1765 &rarr; <strong>1781<\/strong><br \/>(+16 for winning)
|raw|Jukain's rating: 1690 &rarr; <strong>1674<\/strong><br \/>(-16 for losing)