|join|4d0pt3d
|join|gyarad0site
|player|p1|4d0pt3d|25
|player|p2|gyarad0site|195
|gametype|singles
|gen|6
|tier|OU
|clearpoke
|poke|p1|Hawlucha, F
|poke|p1|Landorus-Therian, M
|poke|p1|Manaphy
|poke|p1|Latias, F
|poke|p1|Manectric, M
|poke|p1|Heatran, M
|poke|p2|Lopunny, F, shiny
|poke|p2|Celebi
|poke|p2|Hippowdon, M
|poke|p2|Zapdos
|poke|p2|Azumarill, M
|poke|p2|Lucario, F
|rule|Swagger Clause: Swagger is banned
|rule|Baton Pass Clause: Limit one Pokémon knowing Baton Pass
|rule|Sleep Clause Mod: Limit one foe put to sleep
|rule|Species Clause: Limit one of each Pokémon
|rule|OHKO Clause: OHKO moves are banned
|rule|Moody Clause: Moody is banned
|rule|Evasion Moves Clause: Evasion moves are banned
|rule|Endless Battle Clause: Forcing endless battles is banned
|rule|HP Percentage Mod: HP is shown in percentages
|teampreview
|c|★gyarad0site|lol i like how you just forf'd that match
|c|★4d0pt3d|oh yeah this team
|c|★gyarad0site|werent you winning
|c|★gyarad0site|o u added latias
|c|★4d0pt3d|but he was easy
|
|start
|switch|p1a: Landorus-Therian|Landorus-Therian, M|339\/339
|switch|p2a: Hippowdon|Hippowdon, M|420\/420
|-ability|p1a: Landorus-Therian|Intimidate|[of] p2a: Hippowdon
|-unboost|p2a: Hippowdon|atk|1
|-weather|Sandstorm
|turn|1
|
|move|p1a: Landorus-Therian|U-turn|p2a: Hippowdon
|-damage|p2a: Hippowdon|356\/420
|c|★4d0pt3d|i'm looking at your team rn
|c|★gyarad0site|lool
|c|★gyarad0site|i'm using rocks
|c|★4d0pt3d|!dt rock tomb
|c|~|\/data-move Rock Tomb
|raw|<font size="1"><font color=#585858>Priority:<\/font> 0&nbsp;|&ThickSpace;<font color=#585858><font color=black>&#10003; Secondary effect<\/font><\/font>&nbsp;|&ThickSpace;<font color=#585858><font color=black>&#10003; Blocked by Protect<\/font><\/font>&nbsp;|&ThickSpace;<font color=#585858>Target:<\/font> One Adjacent Pokemon<\/font>
|c|★gyarad0site|jusplay
|
|switch|p1a: Hawlucha|Hawlucha, F|304\/304
|move|p2a: Hippowdon|Stealth Rock|p1a: Hawlucha
|-sidestart|p1: 4d0pt3d|move: Stealth Rock
|
|-weather|Sandstorm|[upkeep]
|-damage|p1a: Hawlucha|285\/304|[from] sandstorm
|-heal|p2a: Hippowdon|382\/420|[from] item: Leftovers
|turn|2
|
|switch|p2a: Zapdos|Zapdos|384\/384
|-ability|p2a: Zapdos|Pressure
|move|p1a: Hawlucha|Substitute|p1a: Hawlucha
|-start|p1a: Hawlucha|Substitute
|-damage|p1a: Hawlucha|209\/304
|
|-weather|Sandstorm|[upkeep]
|-damage|p1a: Hawlucha|190\/304|[from] sandstorm
|-damage|p2a: Zapdos|360\/384|[from] sandstorm
|-heal|p2a: Zapdos|384\/384|[from] item: Leftovers
|turn|3
|
|move|p1a: Hawlucha|Acrobatics|p2a: Zapdos
|-resisted|p2a: Zapdos
|-damage|p2a: Zapdos|348\/384
|move|p2a: Zapdos|Volt Switch|p1a: Hawlucha
|-supereffective|p1a: Hawlucha
|-end|p1a: Hawlucha|Substitute
|
|switch|p2a: Hippowdon|Hippowdon, M|382\/420
|
|-weather|Sandstorm|[upkeep]
|-damage|p1a: Hawlucha|171\/304|[from] sandstorm
|-heal|p2a: Hippowdon|408\/420|[from] item: Leftovers
|turn|4
|c|★4d0pt3d|i really like the idea of rock tomb
|
|switch|p1a: Latias|Latias, F|319\/319
|-damage|p1a: Latias|280\/319|[from] Stealth Rock
|switch|p2a: Zapdos|Zapdos|348\/384
|-ability|p2a: Zapdos|Pressure
|
|-weather|Sandstorm|[upkeep]
|-damage|p1a: Latias|261\/319|[from] sandstorm
|-damage|p2a: Zapdos|324\/384|[from] sandstorm
|-heal|p2a: Zapdos|348\/384|[from] item: Leftovers
|turn|5
|c|★4d0pt3d|is it good?
|c|★gyarad0site|not really
|join|Squirrelll
|c|★gyarad0site|lol
|c|★gyarad0site|nah it is on occasion
|c|★4d0pt3d|sounds good in theory with bulky attackers
|c|★4d0pt3d|like azu\/luke
|c|★4d0pt3d|i mean slower attackers
|c|★gyarad0site|need to change my celebi set i think
|join|daftmau5
|
|move|p1a: Latias|Defog|p2a: Zapdos
|-unboost|p2a: Zapdos|evasion|1
|-sideend|p1: 4d0pt3d|Stealth Rock|[from] move: Defog|[of] p1a: Latias
|move|p2a: Zapdos|Toxic|p1a: Latias
|-status|p1a: Latias|tox
|
|-weather|none
|-heal|p2a: Zapdos|372\/384|[from] item: Leftovers
|-damage|p1a: Latias|242\/319 tox|[from] psn
|turn|6
|c|★4d0pt3d|change np to sub
|c|★4d0pt3d|js
|c|★4d0pt3d|unless you need to beat bro
|c|★gyarad0site|yeh i have literally no reason for NP
|c|★gyarad0site|or any recipients
|c| daftmau5|could make it sd
|c| daftmau5|pass to luc\/azu\/lop
|c|★gyarad0site|that does sound sexy
|
|switch|p2a: Azumarill|Azumarill, M|404\/404
|move|p1a: Latias|Draco Meteor|p2a: Azumarill
|-immune|p2a: Azumarill|[msg]
|
|-damage|p1a: Latias|204\/319 tox|[from] psn
|turn|7
|c| Squirrelll|sub is pretty worthless. Your usually better obv BPing on the switches then losing 25% and having your BP mons sub broken everytime
|join|Yuttt.annual
|c| Yuttt.annual|iits called
|c| Yuttt.annual|easing predictions
|
|switch|p2a: Celebi|Celebi|404\/404
|move|p1a: Latias|Psychic|p2a: Celebi
|-resisted|p2a: Celebi
|-damage|p2a: Celebi|338\/404
|-damage|p1a: Latias|173\/319 tox|[from] item: Life Orb
|
|-heal|p2a: Celebi|363\/404|[from] item: Leftovers
|-damage|p1a: Latias|116\/319 tox|[from] psn
|turn|8
|c| Squirrelll|keldeo comes in when it hard counters
|c| Squirrelll|your BPs are an easy prediction
|c| Squirrelll|sub is a waste
|c| Yuttt.annual|but if you are countering something you outspeed
|c| Yuttt.annual|like say breloom
|
|switch|p1a: Heatran|Heatran, M|333\/333
|-item|p1a: Heatran|Air Balloon
|move|p2a: Celebi|Baton Pass|p2a: Celebi
|c| Yuttt.annual|if you baton pass and they stay in
|c|★4d0pt3d|fuck
|
|switch|p2a: Lopunny|Lopunny, F, shiny|271\/271
|
|turn|9
|
|switch|p1a: Landorus-Therian|Landorus-Therian, M|339\/339
|-ability|p1a: Landorus-Therian|Intimidate|[of] p2a: Lopunny
|-unboost|p2a: Lopunny|atk|1
|detailschange|p2a: Lopunny|Lopunny-Mega, F, shiny
|-mega|p2a: Lopunny|Lopunny|Lopunnite
|move|p2a: Lopunny|High Jump Kick|p1a: Landorus-Therian
|-resisted|p1a: Landorus-Therian
|-damage|p1a: Landorus-Therian|254\/339
|
|turn|10
|c| Squirrelll|sp def celebi is a weird example vs breloom
|
|switch|p2a: Zapdos|Zapdos|372\/384
|-ability|p2a: Zapdos|Pressure
|move|p1a: Landorus-Therian|U-turn|p2a: Zapdos
|-resisted|p2a: Zapdos
|-damage|p2a: Zapdos|330\/384
|c| Squirrelll|you can only beat sash 3 atk anyways
|c| Squirrelll|so your usually atking no matter what
|
|switch|p1a: Manectric|Manectric, M|281\/281
|
|-heal|p2a: Zapdos|354\/384|[from] item: Leftovers
|turn|11
|
|detailschange|p1a: Manectric|Manectric-Mega, M
|-mega|p1a: Manectric|Manectric|Manectite
|-ability|p1a: Manectric|Intimidate|[of] p2a: Zapdos
|-unboost|p2a: Zapdos|atk|1
|move|p1a: Manectric|Hidden Power|p2a: Zapdos
|-supereffective|p2a: Zapdos
|-damage|p2a: Zapdos|206\/384
|move|p2a: Zapdos|Toxic|p1a: Manectric
|-status|p1a: Manectric|tox
|
|-heal|p2a: Zapdos|230\/384|[from] item: Leftovers
|-damage|p1a: Manectric|264\/281 tox|[from] psn
|turn|12
|
|move|p1a: Manectric|Thunderbolt|p2a: Zapdos
|-damage|p2a: Zapdos|61\/384
|move|p2a: Zapdos|Roost|p2a: Zapdos
|-heal|p2a: Zapdos|253\/384
|
|-heal|p2a: Zapdos|277\/384|[from] item: Leftovers
|-damage|p1a: Manectric|230\/281 tox|[from] psn
|turn|13
|c| Squirrelll|NP \/ perish are the best options for beating all the CM mons
|c| Squirrelll|thats kinda its niche
|c| Yuttt.annual|SD
|c| Squirrelll|SD is ok
|
|move|p1a: Manectric|Volt Switch|p2a: Zapdos
|-damage|p2a: Zapdos|124\/384
|c| Squirrelll|but then you lose your ability to break clefable sableye ect
|c| Yuttt.annual|perish baton pass
|c| Yuttt.annual|sounds good set
|
|switch|p1a: Landorus-Therian|Landorus-Therian, M|254\/339
|-ability|p1a: Landorus-Therian|Intimidate|[of] p2a: Zapdos
|-unboost|p2a: Zapdos|atk|1
|move|p2a: Zapdos|Roost|p2a: Zapdos
|-heal|p2a: Zapdos|316\/384
|
|-heal|p2a: Zapdos|340\/384|[from] item: Leftovers
|turn|14
|c| Squirrelll|obv not passing it <.<
|c| Squirrelll|its a great win condition
|c| Squirrelll|try it
|c| Squirrelll|and youll understand
|c| Yuttt.annual|i use it
|
|move|p1a: Landorus-Therian|Stone Edge|p2a: Zapdos
|-supereffective|p2a: Zapdos
|-damage|p2a: Zapdos|102\/384
|move|p2a: Zapdos|Roost|p2a: Zapdos
|-heal|p2a: Zapdos|294\/384
|
|-heal|p2a: Zapdos|318\/384|[from] item: Leftovers
|turn|15
|c| Yuttt.annual|my pokemen die
|c| Squirrelll|not doing it right
|
|switch|p2a: Hippowdon|Hippowdon, M|408\/420
|-weather|Sandstorm
|move|p1a: Landorus-Therian|Stone Edge|p2a: Hippowdon
|-resisted|p2a: Hippowdon
|-damage|p2a: Hippowdon|366\/420
|
|-weather|Sandstorm|[upkeep]
|-heal|p2a: Hippowdon|392\/420|[from] item: Leftovers
|turn|16
|c| Yuttt.annual|maybe it is not being right
|c| Squirrelll|ive used celebi on every team
|c| Squirrelll|in oras
|c| Squirrelll|damn near
|c| Squirrelll|im very fimilar with it lol
|
|switch|p1a: Manaphy|Manaphy|365\/365
|move|p2a: Hippowdon|Stealth Rock|p1a: Manaphy
|-sidestart|p1: 4d0pt3d|move: Stealth Rock
|
|-weather|Sandstorm|[upkeep]
|-damage|p1a: Manaphy|343\/365|[from] sandstorm
|-heal|p1a: Manaphy|365\/365|[from] item: Leftovers
|-heal|p2a: Hippowdon|418\/420|[from] item: Leftovers
|turn|17
|
|switch|p1a: Heatran|Heatran, M|333\/333
|-damage|p1a: Heatran|292\/333|[from] Stealth Rock
|-item|p1a: Heatran|Air Balloon
|switch|p2a: Celebi|Celebi|363\/404
|
|-weather|Sandstorm|[upkeep]
|-damage|p2a: Celebi|338\/404|[from] sandstorm
|-heal|p2a: Celebi|363\/404|[from] item: Leftovers
|turn|18
|join|Alkov
|c| Squirrelll|perish gives a lot of mons free switch ins on the obv switch
|c| Squirrelll|it with lop is great
|c| Yuttt.annual|recover\/giga\/perish\/protect
|c| Yuttt.annual|imo
|c| Yuttt.annual|tbh
|c| Squirrelll|also when its down to like 3 v 3s and 2 v 2s you can force a switch which wins alot of games
|c| Squirrelll|protect?
|
|switch|p2a: Azumarill|Azumarill, M|404\/404
|move|p1a: Heatran|Toxic|p2a: Azumarill
|-status|p2a: Azumarill|tox
|
|-weather|Sandstorm|[upkeep]
|-damage|p2a: Azumarill|379\/404 tox|[from] sandstorm
|-damage|p2a: Azumarill|354\/404 tox|[from] psn
|turn|19
|c| Squirrelll|..
|leave|Squirrelll
|
|switch|p1a: Latias|Latias, F|116\/319 tox
|-damage|p1a: Latias|77\/319 tox|[from] Stealth Rock
|move|p2a: Azumarill|Knock Off|p1a: Latias
|-supereffective|p1a: Latias
|-damage|p1a: Latias|0 fnt
|-enditem|p1a: Latias|Life Orb|[from] move: Knock Off|[of] p2a: Azumarill
|faint|p1a: Latias
|
|-weather|none
|-damage|p2a: Azumarill|304\/404 tox|[from] psn
|
|switch|p1a: Manectric|Manectric-Mega, M|230\/281 tox
|-damage|p1a: Manectric|195\/281 tox|[from] Stealth Rock
|-ability|p1a: Manectric|Intimidate|[of] p2a: Azumarill
|-unboost|p2a: Azumarill|atk|1
|turn|20
|
|switch|p2a: Hippowdon|Hippowdon, M|418\/420
|-weather|Sandstorm
|move|p1a: Manectric|Volt Switch|p2a: Hippowdon
|-immune|p2a: Hippowdon|[msg]
|
|-weather|Sandstorm|[upkeep]
|-damage|p1a: Manectric|178\/281 tox|[from] sandstorm
|-heal|p2a: Hippowdon|420\/420|[from] item: Leftovers
|-damage|p1a: Manectric|161\/281 tox|[from] psn
|turn|21
|
|switch|p1a: Landorus-Therian|Landorus-Therian, M|254\/339
|-damage|p1a: Landorus-Therian|212\/339|[from] Stealth Rock
|-ability|p1a: Landorus-Therian|Intimidate|[of] p2a: Hippowdon
|-unboost|p2a: Hippowdon|atk|1
|move|p2a: Hippowdon|Earthquake|p1a: Landorus-Therian
|-immune|p1a: Landorus-Therian|[msg]
|
|-weather|Sandstorm|[upkeep]
|turn|22
|join|TYP-Cats
|
|move|p1a: Landorus-Therian|Knock Off|p2a: Hippowdon
|-damage|p2a: Hippowdon|345\/420
|-enditem|p2a: Hippowdon|Leftovers|[from] move: Knock Off|[of] p1a: Landorus-Therian
|move|p2a: Hippowdon|Rock Tomb|p1a: Landorus-Therian
|-damage|p1a: Landorus-Therian|172\/339
|-unboost|p1a: Landorus-Therian|spe|1
|
|-weather|Sandstorm|[upkeep]
|turn|23
|
|switch|p1a: Manaphy|Manaphy|365\/365
|-damage|p1a: Manaphy|320\/365|[from] Stealth Rock
|switch|p2a: Lopunny|Lopunny-Mega, F, shiny|271\/271
|
|-weather|Sandstorm|[upkeep]
|-damage|p2a: Lopunny|255\/271|[from] sandstorm
|-damage|p1a: Manaphy|298\/365|[from] sandstorm
|-heal|p1a: Manaphy|320\/365|[from] item: Leftovers
|turn|24
|
|switch|p1a: Landorus-Therian|Landorus-Therian, M|172\/339
|-damage|p1a: Landorus-Therian|130\/339|[from] Stealth Rock
|-ability|p1a: Landorus-Therian|Intimidate|[of] p2a: Lopunny
|-unboost|p2a: Lopunny|atk|1
|move|p2a: Lopunny|High Jump Kick|p1a: Landorus-Therian
|-resisted|p1a: Landorus-Therian
|-damage|p1a: Landorus-Therian|49\/339
|
|-weather|none
|turn|25
|
|switch|p2a: Hippowdon|Hippowdon, M|345\/420
|-weather|Sandstorm
|move|p1a: Landorus-Therian|Earthquake|p2a: Hippowdon
|-damage|p2a: Hippowdon|222\/420
|
|-weather|Sandstorm|[upkeep]
|turn|26
|
|switch|p2a: Zapdos|Zapdos|318\/384
|-ability|p2a: Zapdos|Pressure
|move|p1a: Landorus-Therian|Earthquake|p2a: Zapdos
|-immune|p2a: Zapdos|[msg]
|
|-weather|Sandstorm|[upkeep]
|-damage|p2a: Zapdos|294\/384|[from] sandstorm
|-heal|p2a: Zapdos|318\/384|[from] item: Leftovers
|turn|27
|leave|Yuttt.annual
|
|switch|p1a: Heatran|Heatran, M|292\/333
|-damage|p1a: Heatran|251\/333|[from] Stealth Rock
|-item|p1a: Heatran|Air Balloon
|move|p2a: Zapdos|Volt Switch|p1a: Heatran
|-damage|p1a: Heatran|151\/333
|-enditem|p1a: Heatran|Air Balloon
|c|★4d0pt3d|i like pressing random buttons
|c| TYP-Cats|whats the set on that zapdos...
|c| TYP-Cats|I never seen volt on a zapdos before...
|
|switch|p2a: Lopunny|Lopunny-Mega, F, shiny|255\/271
|
|-weather|Sandstorm|[upkeep]
|-damage|p2a: Lopunny|239\/271|[from] sandstorm
|turn|28
|
|move|p2a: Lopunny|High Jump Kick|p1a: Heatran
|-supereffective|p1a: Heatran
|-damage|p1a: Heatran|0 fnt
|faint|p1a: Heatran
|
|-weather|Sandstorm|[upkeep]
|-damage|p2a: Lopunny|223\/271|[from] sandstorm
|
|switch|p1a: Hawlucha|Hawlucha, F|171\/304
|-damage|p1a: Hawlucha|133\/304|[from] Stealth Rock
|-enditem|p1a: Hawlucha|Sitrus Berry|[eat]
|-heal|p1a: Hawlucha|209\/304|[from] item: Sitrus Berry
|turn|29
|c|★gyarad0site|just volt switch in place of tbolt
|c|★gyarad0site|basically
|c|★4d0pt3d|can you just sweep with azu?
|join|ggggd
|
|switch|p2a: Zapdos|Zapdos|318\/384
|-ability|p2a: Zapdos|Pressure
|move|p1a: Hawlucha|Swords Dance|p1a: Hawlucha
|-boost|p1a: Hawlucha|atk|2
|
|-weather|none
|-heal|p2a: Zapdos|342\/384|[from] item: Leftovers
|turn|30
|c|★gyarad0site|if i BD you revenge it w\/ mana
|c|★4d0pt3d|o yeh
|c|★4d0pt3d|let me sack mana
|
|switch|p1a: Manaphy|Manaphy|320\/365
|-damage|p1a: Manaphy|275\/365|[from] Stealth Rock
|move|p2a: Zapdos|Volt Switch|p1a: Manaphy
|-supereffective|p1a: Manaphy
|-damage|p1a: Manaphy|81\/365
|c|★gyarad0site|lool
|
|switch|p2a: Lucario|Lucario, F|281\/281
|
|-heal|p1a: Manaphy|103\/365|[from] item: Leftovers
|turn|31
|
|move|p2a: Lucario|Extreme Speed|p1a: Manaphy
|-damage|p1a: Manaphy|0 fnt
|-damage|p2a: Lucario|253\/281|[from] item: Life Orb
|faint|p1a: Manaphy
|
|join|NocturOP
|
|switch|p1a: Landorus-Therian|Landorus-Therian, M|49\/339
|-damage|p1a: Landorus-Therian|7\/339|[from] Stealth Rock
|-ability|p1a: Landorus-Therian|Intimidate|[of] p2a: Lucario
|-unboost|p2a: Lucario|atk|1
|turn|32
|leave|NocturOP
|c|★gyarad0site|grood grame
|
|move|p2a: Lucario|Extreme Speed|p1a: Landorus-Therian
|-damage|p1a: Landorus-Therian|0 fnt
|-damage|p2a: Lucario|225\/281|[from] item: Life Orb
|faint|p1a: Landorus-Therian
|
|c|★4d0pt3d|gg
|
|switch|p1a: Manectric|Manectric-Mega, M|161\/281 tox
|-damage|p1a: Manectric|126\/281 tox|[from] Stealth Rock
|-ability|p1a: Manectric|Intimidate|[of] p2a: Lucario
|-unboost|p2a: Lucario|atk|1
|turn|33
|
|switch|p2a: Zapdos|Zapdos|342\/384
|-ability|p2a: Zapdos|Pressure
|move|p1a: Manectric|Overheat|p2a: Zapdos
|-damage|p2a: Zapdos|164\/384
|-unboost|p1a: Manectric|spa|2
|
|-heal|p2a: Zapdos|188\/384|[from] item: Leftovers
|-damage|p1a: Manectric|109\/281 tox|[from] psn
|turn|34
|
|move|p1a: Manectric|Thunderbolt|p2a: Zapdos
|-damage|p2a: Zapdos|95\/384
|move|p2a: Zapdos|Roost|p2a: Zapdos
|-heal|p2a: Zapdos|287\/384
|
|-heal|p2a: Zapdos|311\/384|[from] item: Leftovers
|-damage|p1a: Manectric|75\/281 tox|[from] psn
|turn|35
|
|move|p1a: Manectric|Thunderbolt|p2a: Zapdos
|-damage|p2a: Zapdos|221\/384
|move|p2a: Zapdos|Volt Switch|p1a: Manectric
|-resisted|p1a: Manectric
|-damage|p1a: Manectric|9\/281 tox
|
|switch|p2a: Lucario|Lucario, F|225\/281
|
|-damage|p1a: Manectric|0 fnt|[from] psn
|faint|p1a: Manectric
|
|switch|p1a: Hawlucha|Hawlucha, F|209\/304
|-damage|p1a: Hawlucha|171\/304|[from] Stealth Rock
|turn|36
|
|move|p2a: Lucario|Extreme Speed|p1a: Hawlucha
|-damage|p1a: Hawlucha|15\/304
|-damage|p2a: Lucario|197\/281|[from] item: Life Orb
|move|p1a: Hawlucha|High Jump Kick|p2a: Lucario
|-supereffective|p2a: Lucario
|-damage|p2a: Lucario|0 fnt
|faint|p2a: Lucario
|
|
|switch|p2a: Azumarill|Azumarill, M|304\/404 tox
|turn|37
|
|move|p2a: Azumarill|Aqua Jet|p1a: Hawlucha
|-damage|p1a: Hawlucha|0 fnt
|faint|p1a: Hawlucha
|
|win|gyarad0site
|c|★4d0pt3d|noice sweep
|c|★gyarad0site|lol