|join|LionDKaiser1
|join|Mr.DarkAlgae
|player|p1|LionDKaiser1|274
|player|p2|Mr.DarkAlgae|170
|gametype|singles
|gen|6
|tier|UU
|rated
|rule|Sleep Clause Mod: Limit one foe put to sleep
|rule|Species Clause: Limit one of each Pokémon
|rule|OHKO Clause: OHKO moves are banned
|rule|Moody Clause: Moody is banned
|rule|Evasion Moves Clause: Evasion moves are banned
|rule|Endless Battle Clause: Forcing endless battles is banned
|rule|HP Percentage Mod: HP is shown in percentages
|clearpoke
|poke|p1|Donphan, F
|poke|p1|Cloyster, M, shiny
|poke|p1|Jirachi
|poke|p1|Florges, F
|poke|p1|Lucario, M
|poke|p1|Shaymin
|poke|p2|Dragalge, M
|poke|p2|Aromatisse, F
|poke|p2|Chesnaught, F
|poke|p2|Empoleon, F
|poke|p2|Noivern, F
|poke|p2|Spiritomb, M
|rule|Swagger Clause: Swagger is banned
|rule|Baton Pass Clause: Limit one Pokémon knowing Baton Pass
|teampreview
|
|start
|switch|p1a: Jirachi|Jirachi|341\/341
|switch|p2a: Noivern|Noivern, F|315\/315
|turn|1
|
|move|p2a: Noivern|Switcheroo|p1a: Jirachi
|-activate|p2a: Noivern|move: Trick|[of] p1a: Jirachi
|-item|p1a: Jirachi|Choice Scarf|[from] Trick
|-item|p2a: Noivern|Leftovers|[from] Trick
|move|p1a: Jirachi|Thunder Wave|p2a: Noivern
|-status|p2a: Noivern|par
|
|turn|2
|
|switch|p1a: Florges|Florges, F|298\/298
|move|p2a: Noivern|U-turn|p1a: Florges
|-resisted|p1a: Florges
|-damage|p1a: Florges|278\/298
|
|switch|p2a: Dragalge|Dragalge, M|334\/334
|
|turn|3
|
|move|p1a: Florges|Psychic|p2a: Dragalge
|-supereffective|p2a: Dragalge
|-damage|p2a: Dragalge|164\/334
|move|p2a: Dragalge|Sludge Wave|p1a: Florges
|-supereffective|p1a: Florges
|-damage|p1a: Florges|114\/298
|
|-heal|p2a: Dragalge|184\/334|[from] item: Black Sludge
|turn|4
|
|switch|p2a: Empoleon|Empoleon, F|372\/372
|move|p1a: Florges|Psychic|p2a: Empoleon
|-resisted|p2a: Empoleon
|-damage|p2a: Empoleon|335\/372
|
|-heal|p2a: Empoleon|358\/372|[from] item: Leftovers
|turn|5
|
|switch|p1a: Shaymin|Shaymin|404\/404
|move|p2a: Empoleon|Scald|p1a: Shaymin
|-resisted|p1a: Shaymin
|-damage|p1a: Shaymin|350\/404
|
|-heal|p1a: Shaymin|375\/404|[from] item: Leftovers
|-heal|p2a: Empoleon|372\/372|[from] item: Leftovers
|turn|6
|
|switch|p2a: Spiritomb|Spiritomb, M|304\/304
|move|p1a: Shaymin|Seed Flare|p2a: Spiritomb|[miss]
|-miss|p1a: Shaymin|p2a: Spiritomb
|
|-heal|p1a: Shaymin|400\/404|[from] item: Leftovers
|turn|7
|
|move|p1a: Shaymin|Seed Flare|p2a: Spiritomb
|-damage|p2a: Spiritomb|106\/304
|-unboost|p2a: Spiritomb|spd|2
|move|p2a: Spiritomb|Trick|p1a: Shaymin
|-activate|p2a: Spiritomb|move: Trick|[of] p1a: Shaymin
|-item|p1a: Shaymin|Choice Band|[from] move: Trick
|-item|p2a: Spiritomb|Leftovers|[from] move: Trick
|
|-heal|p2a: Spiritomb|125\/304|[from] item: Leftovers
|turn|8
|
|switch|p2a: Aromatisse|Aromatisse, F|406\/406
|move|p1a: Shaymin|Air Slash|p2a: Aromatisse
|-damage|p2a: Aromatisse|314\/406
|
|-heal|p2a: Aromatisse|339\/406|[from] item: Leftovers
|turn|9
|
|switch|p1a: Jirachi|Jirachi|341\/341
|move|p2a: Aromatisse|Aromatherapy|p2a: Aromatisse
|-cureteam|p2a: Aromatisse|[from] move: Aromatherapy
|
|-heal|p2a: Aromatisse|364\/406|[from] item: Leftovers
|turn|10
|
|switch|p2a: Empoleon|Empoleon, F|372\/372
|move|p1a: Jirachi|Iron Head|p2a: Empoleon
|-resisted|p2a: Empoleon
|-damage|p2a: Empoleon|339\/372
|
|-heal|p2a: Empoleon|362\/372|[from] item: Leftovers
|turn|11
|
|switch|p1a: Donphan|Donphan, F|384\/384
|move|p2a: Empoleon|Stealth Rock|p1a: Donphan
|-sidestart|p1: LionDKaiser1|move: Stealth Rock
|
|-heal|p2a: Empoleon|372\/372|[from] item: Leftovers
|turn|12
|
|switch|p2a: Chesnaught|Chesnaught, F|380\/380
|move|p1a: Donphan|Earthquake|p2a: Chesnaught
|-resisted|p2a: Chesnaught
|-damage|p2a: Chesnaught|322\/380
|
|-heal|p2a: Chesnaught|345\/380|[from] item: Leftovers
|turn|13
|
|move|p2a: Chesnaught|Leech Seed|p1a: Donphan
|-start|p1a: Donphan|move: Leech Seed
|move|p1a: Donphan|Stealth Rock|p2a: Chesnaught
|-sidestart|p2: Mr.DarkAlgae|move: Stealth Rock
|
|-heal|p2a: Chesnaught|368\/380|[from] item: Leftovers
|-damage|p1a: Donphan|336\/384|[from] Leech Seed|[of] p2a: Chesnaught
|-heal|p2a: Chesnaught|380\/380|[silent]
|turn|14
|
|move|p2a: Chesnaught|Spiky Shield|p2a: Chesnaught
|-singleturn|p2a: Chesnaught|move: Protect
|move|p1a: Donphan|Rapid Spin|p2a: Chesnaught
|-activate|p2a: Chesnaught|move: Protect
|-damage|p1a: Donphan|288\/384|[from] Spiky Shield|[of] p2a: Chesnaught
|
|-heal|p1a: Donphan|312\/384|[from] item: Leftovers
|-damage|p1a: Donphan|264\/384|[from] Leech Seed|[of] p2a: Chesnaught
|turn|15
|
|move|p2a: Chesnaught|Wood Hammer|p1a: Donphan
|-supereffective|p1a: Donphan
|-damage|p1a: Donphan|22\/384
|-damage|p2a: Chesnaught|300\/380|[from] recoil|[of] p1a: Donphan
|move|p1a: Donphan|Rapid Spin|p2a: Chesnaught
|-damage|p2a: Chesnaught|283\/380
|-end|p1a: Donphan|Leech Seed|[from] move: Rapid Spin|[of] p1a: Donphan
|-sideend|p1: LionDKaiser1|Stealth Rock|[from] move: Rapid Spin|[of] p1a: Donphan
|
|-heal|p2a: Chesnaught|306\/380|[from] item: Leftovers
|-heal|p1a: Donphan|46\/384|[from] item: Leftovers
|turn|16
|
|move|p1a: Donphan|Ice Shard|p2a: Chesnaught
|-supereffective|p2a: Chesnaught
|-damage|p2a: Chesnaught|244\/380
|move|p2a: Chesnaught|Spikes|p1a: Donphan
|-sidestart|p1: LionDKaiser1|Spikes
|
|-heal|p2a: Chesnaught|267\/380|[from] item: Leftovers
|-heal|p1a: Donphan|70\/384|[from] item: Leftovers
|turn|17
|
|move|p1a: Donphan|Ice Shard|p2a: Chesnaught
|-supereffective|p2a: Chesnaught
|-damage|p2a: Chesnaught|205\/380
|move|p2a: Chesnaught|Leech Seed|p1a: Donphan
|-start|p1a: Donphan|move: Leech Seed
|
|-heal|p2a: Chesnaught|228\/380|[from] item: Leftovers
|-heal|p1a: Donphan|94\/384|[from] item: Leftovers
|-damage|p1a: Donphan|46\/384|[from] Leech Seed|[of] p2a: Chesnaught
|-heal|p2a: Chesnaught|276\/380|[silent]
|turn|18
|
|move|p2a: Chesnaught|Spikes|p1a: Donphan
|-sidestart|p1: LionDKaiser1|Spikes
|move|p1a: Donphan|Rapid Spin|p2a: Chesnaught
|-damage|p2a: Chesnaught|260\/380
|-end|p1a: Donphan|Leech Seed|[from] move: Rapid Spin|[of] p1a: Donphan
|-sideend|p1: LionDKaiser1|Spikes|[from] move: Rapid Spin|[of] p1a: Donphan
|
|-heal|p2a: Chesnaught|283\/380|[from] item: Leftovers
|-heal|p1a: Donphan|70\/384|[from] item: Leftovers
|turn|19
|
|move|p1a: Donphan|Ice Shard|p2a: Chesnaught
|-supereffective|p2a: Chesnaught
|-damage|p2a: Chesnaught|219\/380
|move|p2a: Chesnaught|Wood Hammer|p1a: Donphan
|-supereffective|p1a: Donphan
|-damage|p1a: Donphan|0 fnt
|-damage|p2a: Chesnaught|196\/380|[from] recoil|[of] p1a: Donphan
|faint|p1a: Donphan
|
|-heal|p2a: Chesnaught|219\/380|[from] item: Leftovers
|
|switch|p1a: Shaymin|Shaymin|400\/404
|turn|20
|
|switch|p2a: Empoleon|Empoleon, F|372\/372
|-damage|p2a: Empoleon|349\/372|[from] Stealth Rock
|move|p1a: Shaymin|Air Slash|p2a: Empoleon
|-resisted|p2a: Empoleon
|-damage|p2a: Empoleon|319\/372
|
|-heal|p2a: Empoleon|342\/372|[from] item: Leftovers
|turn|21
|
|switch|p1a: Jirachi|Jirachi|341\/341
|move|p2a: Empoleon|Scald|p1a: Jirachi
|-damage|p1a: Jirachi|233\/341
|-status|p1a: Jirachi|brn
|
|-heal|p2a: Empoleon|365\/372|[from] item: Leftovers
|-damage|p1a: Jirachi|191\/341 brn|[from] brn
|turn|22
|
|move|p1a: Jirachi|Thunder Wave|p2a: Empoleon
|-status|p2a: Empoleon|par
|move|p2a: Empoleon|Defog|p1a: Jirachi
|-unboost|p1a: Jirachi|evasion|1
|-sideend|p2: Mr.DarkAlgae|Stealth Rock|[from] move: Defog|[of] p2a: Empoleon
|
|-heal|p2a: Empoleon|372\/372 par|[from] item: Leftovers
|-damage|p1a: Jirachi|149\/341 brn|[from] brn
|turn|23
|
|switch|p1a: Cloyster|Cloyster, M, shiny|241\/241
|move|p2a: Empoleon|Stealth Rock|p1a: Cloyster
|-sidestart|p1: LionDKaiser1|move: Stealth Rock
|
|turn|24
|
|move|p1a: Cloyster|Shell Smash|p1a: Cloyster
|-boost|p1a: Cloyster|atk|2
|-boost|p1a: Cloyster|spa|2
|-boost|p1a: Cloyster|spe|2
|-unboost|p1a: Cloyster|def|1
|-unboost|p1a: Cloyster|spd|1
|cant|p2a: Empoleon|par
|
|turn|25
|
|move|p1a: Cloyster|Razor Shell|p2a: Empoleon
|-resisted|p2a: Empoleon
|-damage|p2a: Empoleon|246\/372 par
|-unboost|p2a: Empoleon|def|1
|move|p2a: Empoleon|Roar|p1a: Cloyster
|drag|p1a: Lucario|Lucario, M|281\/281
|-damage|p1a: Lucario|273\/281|[from] Stealth Rock
|
|-heal|p2a: Empoleon|269\/372 par|[from] item: Leftovers
|turn|26
|
|switch|p2a: Noivern|Noivern, F|315\/315
|move|p1a: Lucario|Swords Dance|p1a: Lucario
|-boost|p1a: Lucario|atk|2
|
|turn|27
|
|move|p2a: Noivern|Air Slash|p1a: Lucario
|-damage|p1a: Lucario|102\/281
|move|p1a: Lucario|Crunch|p2a: Noivern
|-damage|p2a: Noivern|36\/315
|-damage|p1a: Lucario|74\/281|[from] item: Life Orb
|
|-heal|p2a: Noivern|55\/315|[from] item: Leftovers
|turn|28
|
|move|p1a: Lucario|Extreme Speed|p2a: Noivern
|-damage|p2a: Noivern|0 fnt
|-damage|p1a: Lucario|46\/281|[from] item: Life Orb
|faint|p2a: Noivern
|
|
|switch|p2a: Aromatisse|Aromatisse, F|364\/406
|turn|29
|c|★Mr.DarkAlgae|no BP?
|
|move|p1a: Lucario|Extreme Speed|p2a: Aromatisse
|-damage|p2a: Aromatisse|161\/406
|-damage|p1a: Lucario|18\/281|[from] item: Life Orb
|move|p2a: Aromatisse|Wish|p2a: Aromatisse
|
|-heal|p2a: Aromatisse|186\/406|[from] item: Leftovers
|turn|30
|
|switch|p2a: Spiritomb|Spiritomb, M|125\/304
|move|p1a: Lucario|Crunch|p2a: Spiritomb
|-damage|p2a: Spiritomb|0 fnt
|-damage|p1a: Lucario|0 fnt|[from] item: Life Orb
|faint|p2a: Spiritomb
|faint|p1a: Lucario
|
|
|switch|p1a: Jirachi|Jirachi|149\/341 brn
|-damage|p1a: Jirachi|128\/341 brn|[from] Stealth Rock
|switch|p2a: Aromatisse|Aromatisse, F|186\/406
|turn|31
|
|move|p2a: Aromatisse|Protect|p2a: Aromatisse
|-singleturn|p2a: Aromatisse|Protect
|move|p1a: Jirachi|Iron Head|p2a: Aromatisse
|-activate|p2a: Aromatisse|Protect
|
|-heal|p2a: Aromatisse|211\/406|[from] item: Leftovers
|-damage|p1a: Jirachi|86\/341 brn|[from] brn
|turn|32
|
|switch|p2a: Chesnaught|Chesnaught, F|219\/380
|move|p1a: Jirachi|Iron Head|p2a: Chesnaught
|-damage|p2a: Chesnaught|179\/380
|
|-heal|p2a: Chesnaught|202\/380|[from] item: Leftovers
|-damage|p1a: Jirachi|44\/341 brn|[from] brn
|turn|33
|
|move|p1a: Jirachi|Iron Head|p2a: Chesnaught
|-damage|p2a: Chesnaught|165\/380
|cant|p2a: Chesnaught|flinch
|
|-heal|p2a: Chesnaught|188\/380|[from] item: Leftovers
|-damage|p1a: Jirachi|2\/341 brn|[from] brn
|turn|34
|
|move|p2a: Chesnaught|Spiky Shield|p2a: Chesnaught
|-singleturn|p2a: Chesnaught|move: Protect
|move|p1a: Jirachi|Iron Head|p2a: Chesnaught
|-activate|p2a: Chesnaught|move: Protect
|-damage|p1a: Jirachi|0 fnt|[from] Spiky Shield|[of] p2a: Chesnaught
|faint|p1a: Jirachi
|
|-heal|p2a: Chesnaught|211\/380|[from] item: Leftovers
|join|GamerTherapyTV
|
|switch|p1a: Shaymin|Shaymin|400\/404
|-damage|p1a: Shaymin|350\/404|[from] Stealth Rock
|turn|35
|
|move|p1a: Shaymin|Seed Flare|p2a: Chesnaught|[miss]
|-miss|p1a: Shaymin|p2a: Chesnaught
|move|p2a: Chesnaught|Spikes|p1a: Shaymin
|-sidestart|p1: LionDKaiser1|Spikes
|
|-heal|p2a: Chesnaught|234\/380|[from] item: Leftovers
|turn|36
|
|move|p1a: Shaymin|Seed Flare|p2a: Chesnaught|[miss]
|-miss|p1a: Shaymin|p2a: Chesnaught
|move|p2a: Chesnaught|Spikes|p1a: Shaymin
|-sidestart|p1: LionDKaiser1|Spikes
|
|-heal|p2a: Chesnaught|257\/380|[from] item: Leftovers
|turn|37
|c| GamerTherapyTV|lion this is not for the tourney right?
|
|move|p1a: Shaymin|Seed Flare|p2a: Chesnaught
|-resisted|p2a: Chesnaught
|-damage|p2a: Chesnaught|133\/380
|move|p2a: Chesnaught|Spikes|p1a: Shaymin
|-sidestart|p1: LionDKaiser1|Spikes
|
|-heal|p2a: Chesnaught|156\/380|[from] item: Leftovers
|turn|38
|
|switch|p1a: Florges|Florges, F|114\/298
|-damage|p1a: Florges|77\/298|[from] Stealth Rock
|-damage|p1a: Florges|3\/298|[from] Spikes
|switch|p2a: Dragalge|Dragalge, M|184\/334
|
|-heal|p2a: Dragalge|204\/334|[from] item: Black Sludge
|turn|39
|join|Tripledeathstar
|
|move|p1a: Florges|Psychic|p2a: Dragalge
|-supereffective|p2a: Dragalge
|-damage|p2a: Dragalge|36\/334
|-unboost|p2a: Dragalge|spd|1
|move|p2a: Dragalge|Toxic Spikes|p1a: Florges
|-sidestart|p1: LionDKaiser1|move: Toxic Spikes
|
|-heal|p2a: Dragalge|56\/334|[from] item: Black Sludge
|turn|40
|leave|Tripledeathstar
|
|move|p1a: Florges|Psychic|p2a: Dragalge
|-supereffective|p2a: Dragalge
|-damage|p2a: Dragalge|0 fnt
|faint|p2a: Dragalge
|
|c|★LionDKaiser1|no it is not 
|
|switch|p2a: Empoleon|Empoleon, F|269\/372 par
|turn|41
|join|berightback
|
|move|p1a: Florges|Psychic|p2a: Empoleon
|-resisted|p2a: Empoleon
|-damage|p2a: Empoleon|232\/372 par
|move|p2a: Empoleon|Roar|p1a: Florges
|drag|p1a: Cloyster|Cloyster, M, shiny|241\/241
|-damage|p1a: Cloyster|181\/241|[from] Stealth Rock
|-status|p1a: Cloyster|psn
|-damage|p1a: Cloyster|121\/241 psn|[from] Spikes
|
|-heal|p2a: Empoleon|255\/372 par|[from] item: Leftovers
|-damage|p1a: Cloyster|91\/241 psn|[from] psn
|turn|42
|
|move|p1a: Cloyster|Razor Shell|p2a: Empoleon
|-resisted|p2a: Empoleon
|-damage|p2a: Empoleon|189\/372 par
|move|p2a: Empoleon|Roar|p1a: Cloyster
|drag|p1a: Florges|Florges, F|3\/298
|-status|p1a: Florges|psn
|-damage|p1a: Florges|0 fnt|[from] Stealth Rock
|faint|p1a: Florges
|
|-heal|p2a: Empoleon|212\/372 par|[from] item: Leftovers
|join|creeper fusion
|leave|GamerTherapyTV
|leave|creeper fusion
|
|switch|p1a: Shaymin|Shaymin|350\/404
|-damage|p1a: Shaymin|300\/404|[from] Stealth Rock
|-status|p1a: Shaymin|psn
|-damage|p1a: Shaymin|199\/404 psn|[from] Spikes
|turn|43
|c|★Mr.DarkAlgae|which tourney are you in?
|
|move|p1a: Shaymin|Earth Power|p2a: Empoleon
|-supereffective|p2a: Empoleon
|-damage|p2a: Empoleon|74\/372 par
|move|p2a: Empoleon|Roar|p1a: Shaymin
|drag|p1a: Cloyster|Cloyster, M, shiny|91\/241 psn
|-damage|p1a: Cloyster|31\/241 psn|[from] Stealth Rock
|-damage|p1a: Cloyster|0 fnt|[from] Spikes
|faint|p1a: Cloyster
|
|-heal|p2a: Empoleon|97\/372 par|[from] item: Leftovers
|
|switch|p1a: Shaymin|Shaymin|199\/404
|-damage|p1a: Shaymin|98\/404|[from] Spikes
|-status|p1a: Shaymin|psn
|-damage|p1a: Shaymin|48\/404 psn|[from] Stealth Rock
|turn|44
|
|move|p1a: Shaymin|Rest|p1a: Shaymin
|-status|p1a: Shaymin|slp
|-heal|p1a: Shaymin|404\/404 slp|[silent]
|-status|p1a: Shaymin|slp|[from] move: Rest
|move|p2a: Empoleon|Scald|p1a: Shaymin
|-resisted|p1a: Shaymin
|-damage|p1a: Shaymin|324\/404 slp
|
|-heal|p2a: Empoleon|120\/372 par|[from] item: Leftovers
|turn|45
|c|★Mr.DarkAlgae|...
|-message|LionDKaiser1 forfeited.
|
|win|Mr.DarkAlgae
|raw|Ladder updating...
|leave|LionDKaiser1
|player|p1
|raw|LionDKaiser1's rating: 1429 &rarr; <strong>1405<\/strong><br \/>(-24 for losing)
|raw|Mr.DarkAlgae's rating: 1365 &rarr; <strong>1389<\/strong><br \/>(+24 for winning)