|join|LionDKaiser1
|join|Akanne
|player|p1|LionDKaiser1|274
|player|p2|Akanne|237
|gametype|singles
|gen|6
|tier|UU
|rule|Sleep Clause Mod: Limit one foe put to sleep
|rule|Species Clause: Limit one of each Pokémon
|rule|OHKO Clause: OHKO moves are banned
|rule|Moody Clause: Moody is banned
|rule|Evasion Moves Clause: Evasion moves are banned
|rule|Endless Battle Clause: Forcing endless battles is banned
|rule|HP Percentage Mod: HP is shown in percentages
|clearpoke
|poke|p1|Metagross
|poke|p1|Rotom-Heat
|poke|p1|Vaporeon, M
|poke|p1|Aggron, F
|poke|p1|Scrafty, M
|poke|p1|Hydreigon, M
|poke|p2|Arcanine, F
|poke|p2|Togekiss, M
|poke|p2|Aggron, M
|poke|p2|Jirachi
|poke|p2|Suicune
|poke|p2|Blissey, F
|rule|Swagger Clause: Swagger is banned
|rule|Baton Pass Clause: Limit one Pokémon knowing Baton Pass
|teampreview
|join|Frickett
|
|start
|switch|p1a: Aggron|Aggron, F|344\/344
|switch|p2a: Arcanine|Arcanine, F|383\/383
|-ability|p2a: Arcanine|Intimidate|[of] p1a: Aggron
|-unboost|p1a: Aggron|atk|1
|turn|1
|join|rmb98
|
|detailschange|p1a: Aggron|Aggron-Mega, F
|message|Aggron has Mega Evolved into Mega Aggron!
|move|p2a: Arcanine|Will-O-Wisp|p1a: Aggron
|-status|p1a: Aggron|brn
|move|p1a: Aggron|Stealth Rock|p2a: Arcanine
|-sidestart|p2: Akanne|move: Stealth Rock
|
|-damage|p1a: Aggron|301\/344 brn|[from] brn
|turn|2
|
|move|p2a: Arcanine|Flare Blitz|p1a: Aggron
|-supereffective|p1a: Aggron
|-damage|p1a: Aggron|193\/344 brn
|-damage|p2a: Arcanine|347\/383|[from] recoil|[of] p1a: Aggron
|move|p1a: Aggron|Toxic|p2a: Arcanine
|-status|p2a: Arcanine|tox
|
|-heal|p2a: Arcanine|370\/383 tox|[from] item: Leftovers
|-damage|p2a: Arcanine|347\/383 tox|[from] psn
|-damage|p1a: Aggron|150\/344 brn|[from] brn
|turn|3
|
|switch|p2a: Togekiss|Togekiss, M|374\/374
|-damage|p2a: Togekiss|281\/374|[from] Stealth Rock
|switch|p1a: Vaporeon|Vaporeon, M|463\/463
|
|-heal|p2a: Togekiss|304\/374|[from] item: Leftovers
|turn|4
|
|move|p2a: Togekiss|Heal Bell|p2a: Togekiss
|-cureteam|p2a: Togekiss|[from] move: HealBell
|move|p1a: Vaporeon|Toxic|p2a: Togekiss
|-status|p2a: Togekiss|tox
|
|-heal|p2a: Togekiss|327\/374 tox|[from] item: Leftovers
|-damage|p2a: Togekiss|304\/374 tox|[from] psn
|turn|5
|
|move|p1a: Vaporeon|Protect|p1a: Vaporeon
|-singleturn|p1a: Vaporeon|Protect
|move|p2a: Togekiss|Heal Bell|p2a: Togekiss
|-cureteam|p2a: Togekiss|[from] move: HealBell
|
|-heal|p2a: Togekiss|327\/374|[from] item: Leftovers
|turn|6
|
|switch|p2a: Blissey|Blissey, F|714\/714
|-damage|p2a: Blissey|625\/714|[from] Stealth Rock
|move|p1a: Vaporeon|Scald|p2a: Blissey
|-damage|p2a: Blissey|549\/714
|-status|p2a: Blissey|brn
|
|-heal|p2a: Blissey|593\/714 brn|[from] item: Leftovers
|-damage|p2a: Blissey|504\/714 brn|[from] brn
|turn|7
|
|switch|p1a: Metagross|Metagross|302\/302
|move|p2a: Blissey|Wish|p2a: Blissey
|
|-heal|p2a: Blissey|548\/714 brn|[from] item: Leftovers
|-damage|p2a: Blissey|459\/714 brn|[from] brn
|turn|8
|
|switch|p2a: Arcanine|Arcanine, F|347\/383
|-damage|p2a: Arcanine|252\/383|[from] Stealth Rock
|-ability|p2a: Arcanine|Intimidate|[of] p1a: Metagross
|-fail|p1a: Metagross|unboost|[from] ability: Clear Body|[of] p1a: Metagross
|move|p1a: Metagross|Zen Headbutt|p2a: Arcanine
|-damage|p2a: Arcanine|107\/383
|
|-heal|p2a: Arcanine|383\/383|[from] move: Wish|[wisher] Blissey
|turn|9
|
|switch|p1a: Aggron|Aggron-Mega, F|150\/344 brn
|move|p2a: Arcanine|Will-O-Wisp|p1a: Aggron|[miss]
|-miss|p2a: Arcanine|p1a: Aggron
|
|-damage|p1a: Aggron|107\/344 brn|[from] brn
|turn|10
|
|switch|p2a: Aggron|Aggron, M|344\/344
|-damage|p2a: Aggron|323\/344|[from] Stealth Rock
|move|p1a: Aggron|Toxic|p2a: Aggron
|-fail|p2a: Aggron
|
|-damage|p1a: Aggron|64\/344 brn|[from] brn
|turn|11
|
|detailschange|p2a: Aggron|Aggron-Mega, M
|message|Aggron has Mega Evolved into Mega Aggron!
|move|p1a: Aggron|Earthquake|p2a: Aggron
|-supereffective|p2a: Aggron
|-damage|p2a: Aggron|287\/344
|move|p2a: Aggron|Stealth Rock|p1a: Aggron
|-sidestart|p1: LionDKaiser1|move: Stealth Rock
|
|-damage|p1a: Aggron|21\/344 brn|[from] brn
|turn|12
|
|move|p1a: Aggron|Earthquake|p2a: Aggron
|-crit|p2a: Aggron
|-supereffective|p2a: Aggron
|-damage|p2a: Aggron|233\/344
|move|p2a: Aggron|Earthquake|p1a: Aggron
|-supereffective|p1a: Aggron
|-damage|p1a: Aggron|0 fnt
|faint|p1a: Aggron
|
|
|switch|p1a: Rotom-Heat|Rotom-Heat|241\/241
|-damage|p1a: Rotom-Heat|181\/241|[from] Stealth Rock
|turn|13
|
|switch|p2a: Arcanine|Arcanine, F|383\/383
|-damage|p2a: Arcanine|288\/383|[from] Stealth Rock
|-ability|p2a: Arcanine|Intimidate|[of] p1a: Rotom-Heat
|-unboost|p1a: Rotom-Heat|atk|1
|move|p1a: Rotom-Heat|Overheat|p2a: Arcanine
|-resisted|p2a: Arcanine
|-damage|p2a: Arcanine|176\/383
|-unboost|p1a: Rotom-Heat|spa|2
|
|-heal|p2a: Arcanine|199\/383|[from] item: Leftovers
|turn|14
|
|switch|p1a: Vaporeon|Vaporeon, M|463\/463
|-damage|p1a: Vaporeon|406\/463|[from] Stealth Rock
|move|p2a: Arcanine|Morning Sun|p2a: Arcanine
|-heal|p2a: Arcanine|383\/383
|
|-heal|p1a: Vaporeon|434\/463|[from] item: Leftovers
|turn|15
|
|switch|p2a: Blissey|Blissey, F|459\/714
|-damage|p2a: Blissey|370\/714|[from] Stealth Rock
|move|p1a: Vaporeon|Wish|p1a: Vaporeon
|
|-heal|p1a: Vaporeon|462\/463|[from] item: Leftovers
|-heal|p2a: Blissey|414\/714|[from] item: Leftovers
|turn|16
|
|switch|p1a: Rotom-Heat|Rotom-Heat|181\/241
|-damage|p1a: Rotom-Heat|121\/241|[from] Stealth Rock
|move|p2a: Blissey|Wish|p2a: Blissey
|
|-heal|p1a: Rotom-Heat|241\/241|[from] move: Wish|[wisher] Vaporeon
|-heal|p2a: Blissey|458\/714|[from] item: Leftovers
|turn|17
|
|move|p2a: Blissey|Protect|p2a: Blissey
|-singleturn|p2a: Blissey|Protect
|move|p1a: Rotom-Heat|Trick|p2a: Blissey
|-activate|p2a: Blissey|Protect
|
|-heal|p2a: Blissey|714\/714|[from] move: Wish|[wisher] Blissey
|turn|18
|
|switch|p2a: Aggron|Aggron-Mega, M|233\/344
|-damage|p2a: Aggron|212\/344|[from] Stealth Rock
|move|p1a: Rotom-Heat|Trick|p2a: Aggron
|-fail|p2a: Aggron
|
|turn|19
|
|move|p1a: Rotom-Heat|Overheat|p2a: Aggron
|-supereffective|p2a: Aggron
|-damage|p2a: Aggron|0 fnt
|-unboost|p1a: Rotom-Heat|spa|2
|faint|p2a: Aggron
|
|c|★Akanne|wait what
|join|jamiekingsley
|c|★Akanne|flame orb?
|c|★Akanne|nice
|c|★LionDKaiser1|hehehe
|c|★LionDKaiser1|thanks
|
|switch|p2a: Suicune|Suicune|404\/404
|-damage|p2a: Suicune|354\/404|[from] Stealth Rock
|-ability|p2a: Suicune|Pressure
|turn|20
|
|move|p1a: Rotom-Heat|Trick|p2a: Suicune
|-activate|p1a: Rotom-Heat|move: Trick|[of] p2a: Suicune
|-item|p2a: Suicune|Flame Orb|[from] move: Trick
|-item|p1a: Rotom-Heat|Leftovers|[from] move: Trick
|move|p2a: Suicune|Calm Mind|p2a: Suicune
|-boost|p2a: Suicune|spa|1
|-boost|p2a: Suicune|spd|1
|
|-status|p2a: Suicune|brn|[from] item: Flame Orb
|turn|21
|
|move|p1a: Rotom-Heat|Thunderbolt|p2a: Suicune
|-crit|p2a: Suicune
|-supereffective|p2a: Suicune
|-damage|p2a: Suicune|46\/404 brn
|move|p2a: Suicune|Calm Mind|p2a: Suicune
|-boost|p2a: Suicune|spa|1
|-boost|p2a: Suicune|spd|1
|
|-damage|p2a: Suicune|0 fnt|[from] brn
|faint|p2a: Suicune
|c|★LionDKaiser1|wow
|leave|jamiekingsley
|c|★LionDKaiser1|i'm sorry
|
|switch|p2a: Blissey|Blissey, F|714\/714
|-damage|p2a: Blissey|625\/714|[from] Stealth Rock
|turn|22
|
|move|p1a: Rotom-Heat|Pain Split|p2a: Blissey
|-sethp|p2a: Blissey|433\/714|p1a: Rotom-Heat|241\/241|[from] move: Pain Split
|move|p2a: Blissey|Wish|p2a: Blissey
|
|-heal|p2a: Blissey|477\/714|[from] item: Leftovers
|turn|23
|
|switch|p1a: Metagross|Metagross|302\/302
|-damage|p1a: Metagross|284\/302|[from] Stealth Rock
|move|p2a: Blissey|Toxic|p1a: Metagross
|-fail|p1a: Metagross
|
|-heal|p2a: Blissey|714\/714|[from] move: Wish|[wisher] Blissey
|-heal|p1a: Metagross|302\/302|[from] item: Leftovers
|turn|24
|
|move|p2a: Blissey|Protect|p2a: Blissey
|-singleturn|p2a: Blissey|Protect
|move|p1a: Metagross|Zen Headbutt|p2a: Blissey
|-activate|p2a: Blissey|Protect
|
|turn|25
|
|move|p1a: Metagross|Ice Punch|p2a: Blissey
|-damage|p2a: Blissey|530\/714
|move|p2a: Blissey|Wish|p2a: Blissey
|
|-heal|p2a: Blissey|574\/714|[from] item: Leftovers
|turn|26
|join|emexon
|join|CRYING PANDA
|
|switch|p2a: Arcanine|Arcanine, F|383\/383
|-damage|p2a: Arcanine|288\/383|[from] Stealth Rock
|-ability|p2a: Arcanine|Intimidate|[of] p1a: Metagross
|-fail|p1a: Metagross|unboost|[from] ability: Clear Body|[of] p1a: Metagross
|move|p1a: Metagross|Zen Headbutt|p2a: Arcanine
|-damage|p2a: Arcanine|147\/383
|
|-heal|p2a: Arcanine|383\/383|[from] move: Wish|[wisher] Blissey
|turn|27
|
|switch|p1a: Vaporeon|Vaporeon, M|462\/463
|-damage|p1a: Vaporeon|405\/463|[from] Stealth Rock
|move|p2a: Arcanine|Will-O-Wisp|p1a: Vaporeon
|-status|p1a: Vaporeon|brn
|
|-heal|p1a: Vaporeon|433\/463 brn|[from] item: Leftovers
|-damage|p1a: Vaporeon|376\/463 brn|[from] brn
|turn|28
|
|switch|p2a: Blissey|Blissey, F|574\/714
|-damage|p2a: Blissey|485\/714|[from] Stealth Rock
|move|p1a: Vaporeon|Scald|p2a: Blissey
|-crit|p2a: Blissey
|-damage|p2a: Blissey|355\/714
|-status|p2a: Blissey|brn
|
|-heal|p1a: Vaporeon|404\/463 brn|[from] item: Leftovers
|-heal|p2a: Blissey|399\/714 brn|[from] item: Leftovers
|-damage|p1a: Vaporeon|347\/463 brn|[from] brn
|-damage|p2a: Blissey|310\/714 brn|[from] brn
|turn|29
|
|switch|p1a: Scrafty|Scrafty, M|334\/334
|-damage|p1a: Scrafty|314\/334|[from] Stealth Rock
|move|p2a: Blissey|Wish|p2a: Blissey
|
|-heal|p1a: Scrafty|334\/334|[from] item: Leftovers
|-heal|p2a: Blissey|354\/714 brn|[from] item: Leftovers
|-damage|p2a: Blissey|265\/714 brn|[from] brn
|turn|30
|
|switch|p2a: Togekiss|Togekiss, M|327\/374
|-damage|p2a: Togekiss|234\/374|[from] Stealth Rock
|move|p1a: Scrafty|Knock Off|p2a: Togekiss
|-resisted|p2a: Togekiss
|-damage|p2a: Togekiss|177\/374
|-enditem|p2a: Togekiss|Leftovers|[from] move: Knock Off|[of] p1a: Scrafty
|
|-heal|p2a: Togekiss|374\/374|[from] move: Wish|[wisher] Blissey
|turn|31
|join|Nocebo
|leave|Nocebo
|
|switch|p2a: Arcanine|Arcanine, F|383\/383
|-damage|p2a: Arcanine|288\/383|[from] Stealth Rock
|-ability|p2a: Arcanine|Intimidate|[of] p1a: Scrafty
|-unboost|p1a: Scrafty|atk|1
|switch|p1a: Vaporeon|Vaporeon, M|347\/463 brn
|-damage|p1a: Vaporeon|290\/463 brn|[from] Stealth Rock
|
|-heal|p2a: Arcanine|311\/383|[from] item: Leftovers
|-heal|p1a: Vaporeon|318\/463 brn|[from] item: Leftovers
|-damage|p1a: Vaporeon|261\/463 brn|[from] brn
|turn|32
|join|mikosafagot420
|
|move|p2a: Arcanine|Morning Sun|p2a: Arcanine
|-heal|p2a: Arcanine|383\/383
|move|p1a: Vaporeon|Toxic|p2a: Arcanine
|-status|p2a: Arcanine|tox
|
|-heal|p1a: Vaporeon|289\/463 brn|[from] item: Leftovers
|-damage|p2a: Arcanine|360\/383 tox|[from] psn
|-damage|p1a: Vaporeon|232\/463 brn|[from] brn
|turn|33
|
|switch|p2a: Togekiss|Togekiss, M|374\/374
|-damage|p2a: Togekiss|281\/374|[from] Stealth Rock
|move|p1a: Vaporeon|Wish|p1a: Vaporeon
|
|-heal|p1a: Vaporeon|260\/463 brn|[from] item: Leftovers
|-damage|p1a: Vaporeon|203\/463 brn|[from] brn
|turn|34
|
|move|p2a: Togekiss|Heal Bell|p2a: Togekiss
|-cureteam|p2a: Togekiss|[from] move: HealBell
|move|p1a: Vaporeon|Scald|p2a: Togekiss
|-damage|p2a: Togekiss|214\/374
|
|-heal|p1a: Vaporeon|434\/463 brn|[from] move: Wish|[wisher] Vaporeon
|-heal|p1a: Vaporeon|462\/463 brn|[from] item: Leftovers
|-damage|p1a: Vaporeon|405\/463 brn|[from] brn
|turn|35
|
|move|p2a: Togekiss|Roost|p2a: Togekiss
|-heal|p2a: Togekiss|374\/374
|move|p1a: Vaporeon|Toxic|p2a: Togekiss|[miss]
|-miss|p1a: Vaporeon|p2a: Togekiss
|
|-heal|p1a: Vaporeon|433\/463 brn|[from] item: Leftovers
|-damage|p1a: Vaporeon|376\/463 brn|[from] brn
|turn|36
|
|move|p2a: Togekiss|Air Slash|p1a: Vaporeon
|-damage|p1a: Vaporeon|264\/463 brn
|cant|p1a: Vaporeon|flinch
|
|-heal|p1a: Vaporeon|292\/463 brn|[from] item: Leftovers
|-damage|p1a: Vaporeon|235\/463 brn|[from] brn
|turn|37
|
|move|p2a: Togekiss|Air Slash|p1a: Vaporeon
|-damage|p1a: Vaporeon|130\/463 brn
|move|p1a: Vaporeon|Toxic|p2a: Togekiss|[miss]
|-miss|p1a: Vaporeon|p2a: Togekiss
|
|-heal|p1a: Vaporeon|158\/463 brn|[from] item: Leftovers
|-damage|p1a: Vaporeon|101\/463 brn|[from] brn
|turn|38
|join|jamiekingsley
|
|move|p2a: Togekiss|Air Slash|p1a: Vaporeon
|-damage|p1a: Vaporeon|0 fnt
|faint|p1a: Vaporeon
|
|
|switch|p1a: Metagross|Metagross|302\/302
|-damage|p1a: Metagross|284\/302|[from] Stealth Rock
|turn|39
|leave|jamiekingsley
|
|switch|p2a: Arcanine|Arcanine, F|360\/383
|-damage|p2a: Arcanine|265\/383|[from] Stealth Rock
|-ability|p2a: Arcanine|Intimidate|[of] p1a: Metagross
|-fail|p1a: Metagross|unboost|[from] ability: Clear Body|[of] p1a: Metagross
|move|p1a: Metagross|Ice Punch|p2a: Arcanine
|-resisted|p2a: Arcanine
|-damage|p2a: Arcanine|225\/383
|
|-heal|p1a: Metagross|302\/302|[from] item: Leftovers
|-heal|p2a: Arcanine|248\/383|[from] item: Leftovers
|turn|40
|
|switch|p1a: Rotom-Heat|Rotom-Heat|241\/241
|-damage|p1a: Rotom-Heat|181\/241|[from] Stealth Rock
|move|p2a: Arcanine|Will-O-Wisp|p1a: Rotom-Heat
|-fail|p1a: Rotom-Heat
|
|-heal|p2a: Arcanine|271\/383|[from] item: Leftovers
|-heal|p1a: Rotom-Heat|196\/241|[from] item: Leftovers
|turn|41
|join|Cinco Diablo
|
|move|p2a: Arcanine|Extreme Speed|p1a: Rotom-Heat
|-damage|p1a: Rotom-Heat|146\/241
|move|p1a: Rotom-Heat|Thunderbolt|p2a: Arcanine
|-damage|p2a: Arcanine|121\/383
|
|-heal|p2a: Arcanine|144\/383|[from] item: Leftovers
|-heal|p1a: Rotom-Heat|161\/241|[from] item: Leftovers
|turn|42
|
|switch|p2a: Blissey|Blissey, F|265\/714
|-damage|p2a: Blissey|176\/714|[from] Stealth Rock
|move|p1a: Rotom-Heat|Thunderbolt|p2a: Blissey
|-damage|p2a: Blissey|91\/714
|
|-heal|p1a: Rotom-Heat|176\/241|[from] item: Leftovers
|-heal|p2a: Blissey|135\/714|[from] item: Leftovers
|turn|43
|join|Ambyjkl
|
|move|p2a: Blissey|Protect|p2a: Blissey
|-singleturn|p2a: Blissey|Protect
|move|p1a: Rotom-Heat|Overheat|p2a: Blissey
|-activate|p2a: Blissey|Protect
|
|-heal|p1a: Rotom-Heat|191\/241|[from] item: Leftovers
|-heal|p2a: Blissey|179\/714|[from] item: Leftovers
|turn|44
|
|move|p1a: Rotom-Heat|Overheat|p2a: Blissey
|-damage|p2a: Blissey|40\/714
|-unboost|p1a: Rotom-Heat|spa|2
|move|p2a: Blissey|Wish|p2a: Blissey
|
|-heal|p1a: Rotom-Heat|206\/241|[from] item: Leftovers
|-heal|p2a: Blissey|84\/714|[from] item: Leftovers
|turn|45
|
|switch|p1a: Scrafty|Scrafty, M|334\/334
|-damage|p1a: Scrafty|314\/334|[from] Stealth Rock
|move|p2a: Blissey|Protect|p2a: Blissey
|-fail|p2a: Blissey
|
|-heal|p2a: Blissey|441\/714|[from] move: Wish|[wisher] Blissey
|-heal|p1a: Scrafty|334\/334|[from] item: Leftovers
|-heal|p2a: Blissey|485\/714|[from] item: Leftovers
|turn|46
|join|Harshinee
|
|switch|p2a: Togekiss|Togekiss, M|374\/374
|-damage|p2a: Togekiss|281\/374|[from] Stealth Rock
|move|p1a: Scrafty|Knock Off|p2a: Togekiss
|-resisted|p2a: Togekiss
|-damage|p2a: Togekiss|245\/374
|
|turn|47
|
|switch|p1a: Rotom-Heat|Rotom-Heat|206\/241
|-damage|p1a: Rotom-Heat|146\/241|[from] Stealth Rock
|move|p2a: Togekiss|Roost|p2a: Togekiss
|-heal|p2a: Togekiss|374\/374
|
|-heal|p1a: Rotom-Heat|161\/241|[from] item: Leftovers
|turn|48
|
|switch|p2a: Blissey|Blissey, F|485\/714
|-damage|p2a: Blissey|396\/714|[from] Stealth Rock
|move|p1a: Rotom-Heat|Thunderbolt|p2a: Blissey
|-damage|p2a: Blissey|309\/714
|
|-heal|p1a: Rotom-Heat|176\/241|[from] item: Leftovers
|-heal|p2a: Blissey|353\/714|[from] item: Leftovers
|turn|49
|
|move|p1a: Rotom-Heat|Thunderbolt|p2a: Blissey
|-damage|p2a: Blissey|256\/714
|move|p2a: Blissey|Wish|p2a: Blissey
|
|-heal|p1a: Rotom-Heat|191\/241|[from] item: Leftovers
|-heal|p2a: Blissey|300\/714|[from] item: Leftovers
|turn|50
|
|move|p1a: Rotom-Heat|Thunderbolt|p2a: Blissey
|-crit|p2a: Blissey
|-damage|p2a: Blissey|153\/714
|move|p2a: Blissey|Toxic|p1a: Rotom-Heat
|-status|p1a: Rotom-Heat|tox
|
|-heal|p2a: Blissey|510\/714|[from] move: Wish|[wisher] Blissey
|-heal|p1a: Rotom-Heat|206\/241 tox|[from] item: Leftovers
|-heal|p2a: Blissey|554\/714|[from] item: Leftovers
|-damage|p1a: Rotom-Heat|191\/241 tox|[from] psn
|turn|51
|leave|Cinco Diablo
|
|move|p1a: Rotom-Heat|Pain Split|p2a: Blissey
|-sethp|p2a: Blissey|372\/714|p1a: Rotom-Heat|241\/241 tox|[from] move: Pain Split
|move|p2a: Blissey|Wish|p2a: Blissey
|
|-heal|p2a: Blissey|416\/714|[from] item: Leftovers
|-damage|p1a: Rotom-Heat|211\/241 tox|[from] psn
|turn|52
|leave|Ambyjkl
|raw|<div class="broadcast-blue"><b>ORAS OU ladder is now available under OM of the Month. Visit the <a href="\/othermetas" class="ilink">Other Metas<\/a> room to discuss ORAS OU.<\/b><\/div>
|
|move|p1a: Rotom-Heat|Pain Split|p2a: Blissey
|-sethp|p2a: Blissey|313\/714|p1a: Rotom-Heat|241\/241 tox|[from] move: Pain Split
|move|p2a: Blissey|Wish|p2a: Blissey
|-fail|p2a: Blissey
|
|-heal|p2a: Blissey|670\/714|[from] move: Wish|[wisher] Blissey
|-heal|p2a: Blissey|714\/714|[from] item: Leftovers
|-damage|p1a: Rotom-Heat|196\/241 tox|[from] psn
|turn|53
|
|switch|p1a: Metagross|Metagross|302\/302
|-damage|p1a: Metagross|284\/302|[from] Stealth Rock
|move|p2a: Blissey|Wish|p2a: Blissey
|
|-heal|p1a: Metagross|302\/302|[from] item: Leftovers
|turn|54
|
|switch|p2a: Jirachi|Jirachi|341\/341
|-damage|p2a: Jirachi|320\/341|[from] Stealth Rock
|move|p1a: Metagross|Zen Headbutt|p2a: Jirachi
|-resisted|p2a: Jirachi
|-damage|p2a: Jirachi|278\/341
|
|-heal|p2a: Jirachi|341\/341|[from] move: Wish|[wisher] Blissey
|turn|55
|
|switch|p1a: Hydreigon|Hydreigon, M|325\/325
|-damage|p1a: Hydreigon|285\/325|[from] Stealth Rock
|move|p2a: Jirachi|Iron Head|p1a: Hydreigon
|-damage|p1a: Hydreigon|134\/325
|
|turn|56
|
|switch|p2a: Blissey|Blissey, F|714\/714
|-damage|p2a: Blissey|625\/714|[from] Stealth Rock
|move|p1a: Hydreigon|Surf|p2a: Blissey
|-damage|p2a: Blissey|551\/714
|
|-heal|p2a: Blissey|595\/714|[from] item: Leftovers
|turn|57
|
|switch|p1a: Metagross|Metagross|302\/302
|-damage|p1a: Metagross|284\/302|[from] Stealth Rock
|move|p2a: Blissey|Seismic Toss|p1a: Metagross
|-damage|p1a: Metagross|184\/302
|
|-heal|p1a: Metagross|202\/302|[from] item: Leftovers
|-heal|p2a: Blissey|639\/714|[from] item: Leftovers
|turn|58
|
|switch|p2a: Jirachi|Jirachi|341\/341
|-damage|p2a: Jirachi|320\/341|[from] Stealth Rock
|move|p1a: Metagross|Ice Punch|p2a: Jirachi
|-resisted|p2a: Jirachi
|-damage|p2a: Jirachi|270\/341
|
|-heal|p1a: Metagross|220\/302|[from] item: Leftovers
|turn|59
|join|WiikHulten
|
|switch|p1a: Hydreigon|Hydreigon, M|134\/325
|-damage|p1a: Hydreigon|94\/325|[from] Stealth Rock
|move|p2a: Jirachi|Iron Head|p1a: Hydreigon
|-damage|p1a: Hydreigon|0 fnt
|faint|p1a: Hydreigon
|
|
|switch|p1a: Scrafty|Scrafty, M|334\/334
|-damage|p1a: Scrafty|314\/334|[from] Stealth Rock
|turn|60
|
|switch|p2a: Togekiss|Togekiss, M|374\/374
|-damage|p2a: Togekiss|281\/374|[from] Stealth Rock
|move|p1a: Scrafty|Knock Off|p2a: Togekiss
|-resisted|p2a: Togekiss
|-damage|p2a: Togekiss|244\/374
|
|-heal|p1a: Scrafty|334\/334|[from] item: Leftovers
|turn|61
|join|shades92
|
|move|p2a: Togekiss|Roost|p2a: Togekiss
|-heal|p2a: Togekiss|374\/374
|move|p1a: Scrafty|Bulk Up|p1a: Scrafty
|-boost|p1a: Scrafty|atk|1
|-boost|p1a: Scrafty|def|1
|
|turn|62
|join|testnameyo
|
|move|p2a: Togekiss|Dazzling Gleam|p1a: Scrafty
|-supereffective|p1a: Scrafty
|-damage|p1a: Scrafty|58\/334
|move|p1a: Scrafty|Bulk Up|p1a: Scrafty
|-boost|p1a: Scrafty|atk|1
|-boost|p1a: Scrafty|def|1
|
|-heal|p1a: Scrafty|78\/334|[from] item: Leftovers
|turn|63
|
|switch|p1a: Metagross|Metagross|220\/302
|-damage|p1a: Metagross|202\/302|[from] Stealth Rock
|move|p2a: Togekiss|Dazzling Gleam|p1a: Metagross
|-resisted|p1a: Metagross
|-damage|p1a: Metagross|146\/302
|
|-heal|p1a: Metagross|164\/302|[from] item: Leftovers
|turn|64
|
|switch|p2a: Jirachi|Jirachi|270\/341
|-damage|p2a: Jirachi|249\/341|[from] Stealth Rock
|move|p1a: Metagross|Rock Polish|p1a: Metagross
|-boost|p1a: Metagross|spe|2
|
|-heal|p1a: Metagross|182\/302|[from] item: Leftovers
|turn|65
|
|move|p1a: Metagross|Ice Punch|p2a: Jirachi
|-resisted|p2a: Jirachi
|-damage|p2a: Jirachi|202\/341
|move|p2a: Jirachi|Iron Head|p1a: Metagross
|-resisted|p1a: Metagross
|-damage|p1a: Metagross|133\/302
|
|-heal|p1a: Metagross|151\/302|[from] item: Leftovers
|turn|66
|
|move|p1a: Metagross|Ice Punch|p2a: Jirachi
|-resisted|p2a: Jirachi
|-damage|p2a: Jirachi|148\/341
|move|p2a: Jirachi|Iron Head|p1a: Metagross
|-resisted|p1a: Metagross
|-damage|p1a: Metagross|102\/302
|
|-heal|p1a: Metagross|120\/302|[from] item: Leftovers
|turn|67
|join|Lehuze
|
|move|p1a: Metagross|Ice Punch|p2a: Jirachi
|-resisted|p2a: Jirachi
|-damage|p2a: Jirachi|101\/341
|move|p2a: Jirachi|Iron Head|p1a: Metagross
|-resisted|p1a: Metagross
|-damage|p1a: Metagross|69\/302
|
|-heal|p1a: Metagross|87\/302|[from] item: Leftovers
|turn|68
|
|move|p1a: Metagross|Ice Punch|p2a: Jirachi
|-resisted|p2a: Jirachi
|-damage|p2a: Jirachi|51\/341
|move|p2a: Jirachi|Iron Head|p1a: Metagross
|-resisted|p1a: Metagross
|-damage|p1a: Metagross|33\/302
|
|-heal|p1a: Metagross|51\/302|[from] item: Leftovers
|turn|69
|join|Dead0ne
|
|switch|p2a: Arcanine|Arcanine, F|144\/383
|-damage|p2a: Arcanine|49\/383|[from] Stealth Rock
|-ability|p2a: Arcanine|Intimidate|[of] p1a: Metagross
|-fail|p1a: Metagross|unboost|[from] ability: Clear Body|[of] p1a: Metagross
|move|p1a: Metagross|Ice Punch|p2a: Arcanine
|-resisted|p2a: Arcanine
|-damage|p2a: Arcanine|5\/383
|
|-heal|p1a: Metagross|69\/302|[from] item: Leftovers
|-heal|p2a: Arcanine|28\/383|[from] item: Leftovers
|turn|70
|
|move|p2a: Arcanine|Extreme Speed|p1a: Metagross
|-resisted|p1a: Metagross
|-damage|p1a: Metagross|42\/302
|move|p1a: Metagross|Bullet Punch|p2a: Arcanine
|-resisted|p2a: Arcanine
|-damage|p2a: Arcanine|0 fnt
|faint|p2a: Arcanine
|
|-heal|p1a: Metagross|60\/302|[from] item: Leftovers
|
|switch|p2a: Blissey|Blissey, F|639\/714
|-damage|p2a: Blissey|550\/714|[from] Stealth Rock
|turn|71
|c| mikosafagot420|holllyy sheeeeeeeeeeeeeeeeeeeeeeeeeeeeeeeeeeeeeeeeeeeeeeeeeeeeeeeeeeeeeeeeeeeeeeeeeeeeeeeeeeeeeeeeeeeeeeeeeeeeeeeeeeet
|c| WiikHulten|metagross mvp
|join|Cbhulk92
|
|switch|p1a: Scrafty|Scrafty, M|78\/334
|-damage|p1a: Scrafty|58\/334|[from] Stealth Rock
|move|p2a: Blissey|Seismic Toss|p1a: Scrafty
|-damage|p1a: Scrafty|0 fnt
|faint|p1a: Scrafty
|
|-heal|p2a: Blissey|594\/714|[from] item: Leftovers
|
|switch|p1a: Rotom-Heat|Rotom-Heat|196\/241 tox
|-damage|p1a: Rotom-Heat|136\/241 tox|[from] Stealth Rock
|turn|72
|
|move|p2a: Blissey|Protect|p2a: Blissey
|-singleturn|p2a: Blissey|Protect
|move|p1a: Rotom-Heat|Pain Split|p2a: Blissey
|-activate|p2a: Blissey|Protect
|
|-heal|p1a: Rotom-Heat|151\/241 tox|[from] item: Leftovers
|-heal|p2a: Blissey|638\/714|[from] item: Leftovers
|-damage|p1a: Rotom-Heat|136\/241 tox|[from] psn
|turn|73
|
|move|p1a: Rotom-Heat|Thunderbolt|p2a: Blissey
|-damage|p2a: Blissey|545\/714
|move|p2a: Blissey|Wish|p2a: Blissey
|
|-heal|p1a: Rotom-Heat|151\/241 tox|[from] item: Leftovers
|-heal|p2a: Blissey|589\/714|[from] item: Leftovers
|-damage|p1a: Rotom-Heat|121\/241 tox|[from] psn
|turn|74
|
|move|p1a: Rotom-Heat|Thunderbolt|p2a: Blissey
|-damage|p2a: Blissey|501\/714
|move|p2a: Blissey|Seismic Toss|p1a: Rotom-Heat
|-damage|p1a: Rotom-Heat|21\/241 tox
|
|-heal|p2a: Blissey|714\/714|[from] move: Wish|[wisher] Blissey
|-heal|p1a: Rotom-Heat|36\/241 tox|[from] item: Leftovers
|-damage|p1a: Rotom-Heat|0 fnt|[from] psn
|faint|p1a: Rotom-Heat
|
|switch|p1a: Metagross|Metagross|60\/302
|-damage|p1a: Metagross|42\/302|[from] Stealth Rock
|turn|75
|c| CRYING PANDA|gg
|
|move|p1a: Metagross|Zen Headbutt|p2a: Blissey
|-damage|p2a: Blissey|431\/714
|move|p2a: Blissey|Seismic Toss|p1a: Metagross
|-damage|p1a: Metagross|0 fnt
|faint|p1a: Metagross
|
|win|Akanne
|leave|WiikHulten
|leave|Cbhulk92
|leave|testnameyo