|join|LionDKaiser1
|join|SomeNerdyBear
|player|p1|LionDKaiser1|274
|player|p2|SomeNerdyBear|169
|gametype|singles
|gen|6
|tier|UU
|rated
|rule|Sleep Clause Mod: Limit one foe put to sleep
|rule|Species Clause: Limit one of each Pokémon
|rule|OHKO Clause: OHKO moves are banned
|rule|Moody Clause: Moody is banned
|rule|Evasion Moves Clause: Evasion moves are banned
|rule|Endless Battle Clause: Forcing endless battles is banned
|rule|HP Percentage Mod: HP is shown in percentages
|clearpoke
|poke|p1|Florges, F
|poke|p1|Chesnaught, F
|poke|p1|Swampert, M
|poke|p1|Rotom-Heat
|poke|p1|Mew
|poke|p1|Kingdra, M
|poke|p2|Blastoise, M
|poke|p2|Umbreon, M, shiny
|poke|p2|Donphan, M
|poke|p2|Jirachi
|poke|p2|Chandelure, F
|poke|p2|Blissey, F
|rule|Swagger Clause: Swagger is banned
|rule|Baton Pass Clause: Limit one Pokémon knowing Baton Pass
|teampreview
|
|start
|switch|p1a: Swampert|Swampert, M|404\/404
|switch|p2a: Chandelure|Chandelure, F|324\/324
|turn|1
|
|switch|p1a: Florges|Florges, F|357\/357
|move|p2a: Chandelure|Energy Ball|p1a: Florges
|-damage|p1a: Florges|230\/357
|
|-heal|p1a: Florges|252\/357|[from] item: Leftovers
|turn|2
|
|switch|p2a: Jirachi|Jirachi|341\/341
|move|p1a: Florges|Moonblast|p2a: Jirachi
|-resisted|p2a: Jirachi
|-damage|p2a: Jirachi|257\/341
|
|-heal|p1a: Florges|274\/357|[from] item: Leftovers
|turn|3
|
|switch|p1a: Rotom-Heat|Rotom-Heat|304\/304
|move|p2a: Jirachi|Iron Head|p1a: Rotom-Heat
|-resisted|p1a: Rotom-Heat
|-damage|p1a: Rotom-Heat|274\/304
|
|-heal|p1a: Rotom-Heat|293\/304|[from] item: Leftovers
|turn|4
|
|switch|p2a: Chandelure|Chandelure, F|324\/324
|move|p1a: Rotom-Heat|Will-O-Wisp|p2a: Chandelure
|-fail|p2a: Chandelure
|
|-heal|p1a: Rotom-Heat|304\/304|[from] item: Leftovers
|turn|5
|
|move|p1a: Rotom-Heat|Volt Switch|p2a: Chandelure
|-damage|p2a: Chandelure|227\/324
|
|switch|p1a: Florges|Florges, F|274\/357
|move|p2a: Chandelure|Shadow Ball|p1a: Florges
|-damage|p1a: Florges|96\/357
|
|-heal|p1a: Florges|118\/357|[from] item: Leftovers
|turn|6
|
|move|p2a: Chandelure|Shadow Ball|p1a: Florges
|-damage|p1a: Florges|0 fnt
|faint|p1a: Florges
|
|
|switch|p1a: Swampert|Swampert, M|404\/404
|turn|7
|
|switch|p2a: Artemis|Blastoise, M|362\/362
|move|p1a: Swampert|Stealth Rock|p2a: Artemis
|-sidestart|p2: SomeNerdyBear|move: Stealth Rock
|
|turn|8
|
|detailschange|p2a: Artemis|Blastoise-Mega, M
|message|Blastoise has Mega Evolved into Mega Blastoise!
|move|p2a: Artemis|Rapid Spin|p1a: Swampert
|-damage|p1a: Swampert|393\/404
|-sideend|p2: SomeNerdyBear|Stealth Rock|[from] move: Rapid Spin|[of] p2a: Artemis
|move|p1a: Swampert|Toxic|p2a: Artemis
|-status|p2a: Artemis|tox
|
|-heal|p1a: Swampert|404\/404|[from] item: Leftovers
|-damage|p2a: Artemis|340\/362 tox|[from] psn
|turn|9
|
|switch|p2a: Blissey|Blissey, F|714\/714
|move|p1a: Swampert|Stealth Rock|p2a: Blissey
|-sidestart|p2: SomeNerdyBear|move: Stealth Rock
|
|turn|10
|
|switch|p1a: Chesnaught|Chesnaught, F|380\/380
|move|p2a: Blissey|Heal Bell|p2a: Blissey
|-cureteam|p2a: Blissey|[from] move: HealBell
|
|turn|11
|
|switch|p2a: Hysterium|Donphan, M|384\/384
|-damage|p2a: Hysterium|360\/384|[from] Stealth Rock
|move|p1a: Chesnaught|Leech Seed|p2a: Hysterium
|-start|p2a: Hysterium|move: Leech Seed
|
|-heal|p2a: Hysterium|384\/384|[from] item: Leftovers
|-damage|p2a: Hysterium|336\/384|[from] Leech Seed|[of] p1a: Chesnaught
|turn|12
|
|move|p1a: Chesnaught|Spiky Shield|p1a: Chesnaught
|-singleturn|p1a: Chesnaught|move: Protect
|move|p2a: Hysterium|Rapid Spin|p1a: Chesnaught
|-activate|p1a: Chesnaught|move: Protect
|-damage|p2a: Hysterium|288\/384|[from] Spiky Shield|[of] p1a: Chesnaught
|
|-heal|p2a: Hysterium|312\/384|[from] item: Leftovers
|-damage|p2a: Hysterium|264\/384|[from] Leech Seed|[of] p1a: Chesnaught
|turn|13
|
|move|p1a: Chesnaught|Spikes|p2a: Hysterium
|-sidestart|p2: SomeNerdyBear|Spikes
|move|p2a: Hysterium|Rapid Spin|p1a: Chesnaught
|-damage|p1a: Chesnaught|364\/380
|-end|p2a: Hysterium|Leech Seed|[from] move: Rapid Spin|[of] p2a: Hysterium
|-sideend|p2: SomeNerdyBear|Spikes|[from] move: Rapid Spin|[of] p2a: Hysterium
|-sideend|p2: SomeNerdyBear|Stealth Rock|[from] move: Rapid Spin|[of] p2a: Hysterium
|
|-heal|p1a: Chesnaught|380\/380|[from] item: Leftovers
|-heal|p2a: Hysterium|288\/384|[from] item: Leftovers
|turn|14
|
|move|p1a: Chesnaught|Leech Seed|p2a: Hysterium
|-start|p2a: Hysterium|move: Leech Seed
|move|p2a: Hysterium|Stealth Rock|p1a: Chesnaught
|-sidestart|p1: LionDKaiser1|move: Stealth Rock
|
|-heal|p2a: Hysterium|312\/384|[from] item: Leftovers
|-damage|p2a: Hysterium|264\/384|[from] Leech Seed|[of] p1a: Chesnaught
|turn|15
|
|switch|p2a: Chandelure|Chandelure, F|227\/324
|move|p1a: Chesnaught|Spikes|p2a: Chandelure
|-sidestart|p2: SomeNerdyBear|Spikes
|
|turn|16
|
|move|p1a: Chesnaught|Spiky Shield|p1a: Chesnaught
|-singleturn|p1a: Chesnaught|move: Protect
|move|p2a: Chandelure|Flamethrower|p1a: Chesnaught
|-activate|p1a: Chesnaught|move: Protect
|
|turn|17
|
|switch|p1a: Kingdra|Kingdra, M|291\/291
|-damage|p1a: Kingdra|255\/291|[from] Stealth Rock
|move|p2a: Chandelure|Flamethrower|p1a: Kingdra
|-resisted|p1a: Kingdra
|-damage|p1a: Kingdra|179\/291
|
|turn|18
|
|switch|p2a: Blissey|Blissey, F|714\/714
|-damage|p2a: Blissey|625\/714|[from] Spikes
|move|p1a: Kingdra|Agility|p1a: Kingdra
|-boost|p1a: Kingdra|spe|2
|
|-heal|p2a: Blissey|669\/714|[from] item: Leftovers
|turn|19
|
|move|p1a: Kingdra|Focus Energy|p1a: Kingdra
|-start|p1a: Kingdra|move: Focus Energy
|move|p2a: Blissey|Toxic|p1a: Kingdra
|-status|p1a: Kingdra|tox
|
|-heal|p2a: Blissey|713\/714|[from] item: Leftovers
|-damage|p1a: Kingdra|161\/291 tox|[from] psn
|turn|20
|
|move|p2a: Blissey|Protect|p2a: Blissey
|-singleturn|p2a: Blissey|Protect
|move|p1a: Kingdra|Draco Meteor|p2a: Blissey
|-activate|p2a: Blissey|Protect
|
|-heal|p2a: Blissey|714\/714|[from] item: Leftovers
|-damage|p1a: Kingdra|125\/291 tox|[from] psn
|turn|21
|
|move|p1a: Kingdra|Draco Meteor|p2a: Blissey
|-crit|p2a: Blissey
|-damage|p2a: Blissey|371\/714
|-unboost|p1a: Kingdra|spa|2
|move|p2a: Blissey|Wish|p2a: Blissey
|
|-heal|p2a: Blissey|415\/714|[from] item: Leftovers
|-damage|p1a: Kingdra|71\/291 tox|[from] psn
|turn|22
|
|switch|p1a: Swampert|Swampert, M|404\/404
|-damage|p1a: Swampert|379\/404|[from] Stealth Rock
|move|p2a: Blissey|Protect|p2a: Blissey
|-fail|p2a: Blissey
|
|-heal|p2a: Blissey|714\/714|[from] move: Wish|[wisher] Blissey
|-heal|p1a: Swampert|404\/404|[from] item: Leftovers
|turn|23
|
|move|p2a: Blissey|Wish|p2a: Blissey
|move|p1a: Swampert|Stealth Rock|p2a: Blissey
|-sidestart|p2: SomeNerdyBear|move: Stealth Rock
|
|turn|24
|
|switch|p2a: Artemis|Blastoise-Mega, M|340\/362
|-damage|p2a: Artemis|295\/362|[from] Stealth Rock
|-damage|p2a: Artemis|250\/362|[from] Spikes
|move|p1a: Swampert|Earthquake|p2a: Artemis
|-damage|p2a: Artemis|138\/362
|
|-heal|p2a: Artemis|362\/362|[from] move: Wish|[wisher] Blissey
|turn|25
|
|move|p2a: Artemis|Rapid Spin|p1a: Swampert
|-damage|p1a: Swampert|392\/404
|-sideend|p2: SomeNerdyBear|Spikes|[from] move: Rapid Spin|[of] p2a: Artemis
|-sideend|p2: SomeNerdyBear|Stealth Rock|[from] move: Rapid Spin|[of] p2a: Artemis
|move|p1a: Swampert|Toxic|p2a: Artemis
|-status|p2a: Artemis|tox
|
|-heal|p1a: Swampert|404\/404|[from] item: Leftovers
|-damage|p2a: Artemis|340\/362 tox|[from] psn
|turn|26
|
|switch|p2a: Chandelure|Chandelure, F|227\/324
|move|p1a: Swampert|Earthquake|p2a: Chandelure
|-supereffective|p2a: Chandelure
|-damage|p2a: Chandelure|0 fnt
|faint|p2a: Chandelure
|
|
|switch|p2a: Sleight|Umbreon, M, shiny|394\/394
|turn|27
|
|switch|p1a: Kingdra|Kingdra, M|71\/291 tox
|-damage|p1a: Kingdra|35\/291 tox|[from] Stealth Rock
|move|p2a: Sleight|Wish|p2a: Sleight
|
|-damage|p1a: Kingdra|17\/291 tox|[from] psn
|turn|28
|
|move|p1a: Kingdra|Draco Meteor|p2a: Sleight
|-damage|p2a: Sleight|265\/394
|-unboost|p1a: Kingdra|spa|2
|move|p2a: Sleight|Curse|p2a: Sleight
|-boost|p2a: Sleight|atk|1
|-boost|p2a: Sleight|def|1
|-unboost|p2a: Sleight|spe|1
|
|-heal|p2a: Sleight|394\/394|[from] move: Wish|[wisher] Sleight
|-damage|p1a: Kingdra|0 fnt|[from] psn
|faint|p1a: Kingdra
|
|switch|p1a: Rotom-Heat|Rotom-Heat|304\/304
|-damage|p1a: Rotom-Heat|228\/304|[from] Stealth Rock
|turn|29
|
|switch|p2a: Blissey|Blissey, F|714\/714
|move|p1a: Rotom-Heat|Will-O-Wisp|p2a: Blissey
|-status|p2a: Blissey|brn
|
|-heal|p1a: Rotom-Heat|247\/304|[from] item: Leftovers
|-damage|p2a: Blissey|625\/714 brn|[from] brn
|turn|30
|
|move|p1a: Rotom-Heat|Pain Split|p2a: Blissey
|-sethp|p2a: Blissey|436\/714 brn|p1a: Rotom-Heat|304\/304|[from] move: Pain Split
|move|p2a: Blissey|Heal Bell|p2a: Blissey
|-cureteam|p2a: Blissey|[from] move: HealBell
|
|-heal|p2a: Blissey|480\/714|[from] item: Leftovers
|turn|31
|
|move|p1a: Rotom-Heat|Volt Switch|p2a: Blissey
|-damage|p2a: Blissey|410\/714
|
|switch|p1a: Mew|Mew|341\/341
|-damage|p1a: Mew|299\/341|[from] Stealth Rock
|move|p2a: Blissey|Wish|p2a: Blissey
|
|-heal|p1a: Mew|320\/341|[from] item: Leftovers
|-heal|p2a: Blissey|454\/714|[from] item: Leftovers
|turn|32
|
|move|p1a: Mew|Nasty Plot|p1a: Mew
|-boost|p1a: Mew|spa|2
|move|p2a: Blissey|Toxic|p1a: Mew
|-status|p1a: Mew|tox
|-status|p2a: Blissey|tox
|
|-heal|p2a: Blissey|714\/714 tox|[from] move: Wish|[wisher] Blissey
|-heal|p1a: Mew|341\/341 tox|[from] item: Leftovers
|-damage|p1a: Mew|320\/341 tox|[from] psn
|-damage|p2a: Blissey|670\/714 tox|[from] psn
|turn|33
|
|switch|p2a: Hysterium|Donphan, M|264\/384
|move|p1a: Mew|Psyshock|p2a: Hysterium
|-damage|p2a: Hysterium|74\/384
|
|-heal|p1a: Mew|341\/341 tox|[from] item: Leftovers
|-heal|p2a: Hysterium|98\/384|[from] item: Leftovers
|-damage|p1a: Mew|299\/341 tox|[from] psn
|turn|34
|
|move|p2a: Hysterium|Ice Shard|p1a: Mew
|-damage|p1a: Mew|253\/341 tox
|move|p1a: Mew|Giga Drain|p2a: Hysterium
|-supereffective|p2a: Hysterium
|-damage|p2a: Hysterium|0 fnt
|-heal|p1a: Mew|302\/341 tox|[from] drain|[of] p2a: Hysterium
|faint|p2a: Hysterium
|
|-heal|p1a: Mew|323\/341 tox|[from] item: Leftovers
|-damage|p1a: Mew|260\/341 tox|[from] psn
|
|switch|p2a: Jirachi|Jirachi|257\/341
|turn|35
|
|move|p2a: Jirachi|Iron Head|p1a: Mew
|-damage|p1a: Mew|142\/341 tox
|cant|p1a: Mew|flinch
|
|-heal|p1a: Mew|163\/341 tox|[from] item: Leftovers
|-damage|p1a: Mew|79\/341 tox|[from] psn
|turn|36
|
|switch|p1a: Swampert|Swampert, M|404\/404
|-damage|p1a: Swampert|379\/404|[from] Stealth Rock
|move|p2a: Jirachi|Iron Head|p1a: Swampert
|-resisted|p1a: Swampert
|-damage|p1a: Swampert|335\/404
|
|-heal|p1a: Swampert|360\/404|[from] item: Leftovers
|turn|37
|
|switch|p2a: Sleight|Umbreon, M, shiny|394\/394
|move|p1a: Swampert|Earthquake|p2a: Sleight
|-damage|p2a: Sleight|273\/394
|
|-heal|p2a: Sleight|297\/394|[from] item: Leftovers
|-heal|p1a: Swampert|385\/404|[from] item: Leftovers
|turn|38
|
|move|p2a: Sleight|Wish|p2a: Sleight
|move|p1a: Swampert|Stealth Rock|p2a: Sleight
|-sidestart|p2: SomeNerdyBear|move: Stealth Rock
|
|-heal|p2a: Sleight|321\/394|[from] item: Leftovers
|-heal|p1a: Swampert|404\/404|[from] item: Leftovers
|turn|39
|
|switch|p1a: Chesnaught|Chesnaught, F|380\/380
|-damage|p1a: Chesnaught|357\/380|[from] Stealth Rock
|move|p2a: Sleight|Curse|p2a: Sleight
|-boost|p2a: Sleight|atk|1
|-boost|p2a: Sleight|def|1
|-unboost|p2a: Sleight|spe|1
|
|-heal|p2a: Sleight|394\/394|[from] move: Wish|[wisher] Sleight
|-heal|p1a: Chesnaught|380\/380|[from] item: Leftovers
|turn|40
|
|move|p1a: Chesnaught|Leech Seed|p2a: Sleight
|-start|p2a: Sleight|move: Leech Seed
|move|p2a: Sleight|Wish|p2a: Sleight
|
|-damage|p2a: Sleight|345\/394|[from] Leech Seed|[of] p1a: Chesnaught
|turn|41
|
|switch|p2a: Jirachi|Jirachi|257\/341
|-damage|p2a: Jirachi|236\/341|[from] Stealth Rock
|move|p1a: Chesnaught|Hammer Arm|p2a: Jirachi
|-damage|p2a: Jirachi|107\/341
|-unboost|p1a: Chesnaught|spe|1
|
|-heal|p2a: Jirachi|304\/341|[from] move: Wish|[wisher] Sleight
|turn|42
|
|move|p1a: Chesnaught|Spiky Shield|p1a: Chesnaught
|-singleturn|p1a: Chesnaught|move: Protect
|move|p2a: Jirachi|Zen Headbutt|p1a: Chesnaught
|-activate|p1a: Chesnaught|move: Protect
|-damage|p2a: Jirachi|262\/341|[from] Spiky Shield|[of] p1a: Chesnaught
|
|turn|43
|
|move|p2a: Jirachi|Zen Headbutt|p1a: Chesnaught
|-supereffective|p1a: Chesnaught
|-damage|p1a: Chesnaught|228\/380
|move|p1a: Chesnaught|Leech Seed|p2a: Jirachi
|-start|p2a: Jirachi|move: Leech Seed
|
|-heal|p1a: Chesnaught|251\/380|[from] item: Leftovers
|-damage|p2a: Jirachi|220\/341|[from] Leech Seed|[of] p1a: Chesnaught
|-heal|p1a: Chesnaught|293\/380|[silent]
|turn|44
|
|switch|p2a: Artemis|Blastoise-Mega, M|340\/362
|-damage|p2a: Artemis|295\/362|[from] Stealth Rock
|move|p1a: Chesnaught|Spikes|p2a: Artemis
|-sidestart|p2: SomeNerdyBear|Spikes
|
|-heal|p1a: Chesnaught|316\/380|[from] item: Leftovers
|turn|45
|
|move|p1a: Chesnaught|Spiky Shield|p1a: Chesnaught
|-singleturn|p1a: Chesnaught|move: Protect
|move|p2a: Artemis|Aura Sphere|p1a: Chesnaught
|-activate|p1a: Chesnaught|move: Protect
|
|-heal|p1a: Chesnaught|339\/380|[from] item: Leftovers
|turn|46
|
|move|p2a: Artemis|Rapid Spin|p1a: Chesnaught
|-damage|p1a: Chesnaught|330\/380
|-sideend|p2: SomeNerdyBear|Spikes|[from] move: Rapid Spin|[of] p2a: Artemis
|-sideend|p2: SomeNerdyBear|Stealth Rock|[from] move: Rapid Spin|[of] p2a: Artemis
|move|p1a: Chesnaught|Leech Seed|p2a: Artemis
|-start|p2a: Artemis|move: Leech Seed
|
|-heal|p1a: Chesnaught|353\/380|[from] item: Leftovers
|-damage|p2a: Artemis|250\/362|[from] Leech Seed|[of] p1a: Chesnaught
|-heal|p1a: Chesnaught|380\/380|[silent]
|turn|47
|
|move|p2a: Artemis|Aura Sphere|p1a: Chesnaught
|-immune|p1a: Chesnaught|[msg]|[from] Bulletproof
|move|p1a: Chesnaught|Spikes|p2a: Artemis
|-sidestart|p2: SomeNerdyBear|Spikes
|
|-damage|p2a: Artemis|205\/362|[from] Leech Seed|[of] p1a: Chesnaught
|turn|48
|
|switch|p2a: Blissey|Blissey, F|670\/714
|-damage|p2a: Blissey|581\/714|[from] Spikes
|move|p1a: Chesnaught|Spiky Shield|p1a: Chesnaught
|-fail|p1a: Chesnaught
|
|-heal|p2a: Blissey|625\/714|[from] item: Leftovers
|turn|49
|
|move|p2a: Blissey|Toxic|p1a: Chesnaught
|-status|p1a: Chesnaught|tox
|move|p1a: Chesnaught|Hammer Arm|p2a: Blissey
|-supereffective|p2a: Blissey
|-damage|p2a: Blissey|199\/714
|-unboost|p1a: Chesnaught|spe|1
|
|-heal|p2a: Blissey|243\/714|[from] item: Leftovers
|-damage|p1a: Chesnaught|357\/380 tox|[from] psn
|turn|50
|
|switch|p2a: Artemis|Blastoise-Mega, M|205\/362
|-damage|p2a: Artemis|160\/362|[from] Spikes
|move|p1a: Chesnaught|Leech Seed|p2a: Artemis
|-start|p2a: Artemis|move: Leech Seed
|
|-heal|p1a: Chesnaught|380\/380 tox|[from] item: Leftovers
|-damage|p2a: Artemis|115\/362|[from] Leech Seed|[of] p1a: Chesnaught
|-damage|p1a: Chesnaught|334\/380 tox|[from] psn
|turn|51
|
|switch|p2a: Jirachi|Jirachi|220\/341
|-damage|p2a: Jirachi|178\/341|[from] Spikes
|move|p1a: Chesnaught|Hammer Arm|p2a: Jirachi
|-damage|p2a: Jirachi|43\/341
|-unboost|p1a: Chesnaught|spe|1
|
|-heal|p1a: Chesnaught|357\/380 tox|[from] item: Leftovers
|-damage|p1a: Chesnaught|288\/380 tox|[from] psn
|turn|52
|
|move|p1a: Chesnaught|Spiky Shield|p1a: Chesnaught
|-singleturn|p1a: Chesnaught|move: Protect
|move|p2a: Jirachi|Zen Headbutt|p1a: Chesnaught
|-activate|p1a: Chesnaught|move: Protect
|-damage|p2a: Jirachi|1\/341|[from] Spiky Shield|[of] p1a: Chesnaught
|
|-heal|p1a: Chesnaught|311\/380 tox|[from] item: Leftovers
|-damage|p1a: Chesnaught|219\/380 tox|[from] psn
|turn|53
|
|move|p2a: Jirachi|Zen Headbutt|p1a: Chesnaught
|-crit|p1a: Chesnaught
|-supereffective|p1a: Chesnaught
|-damage|p1a: Chesnaught|0 fnt
|faint|p1a: Chesnaught
|
|
|switch|p1a: Mew|Mew|79\/341 tox
|-damage|p1a: Mew|37\/341 tox|[from] Stealth Rock
|turn|54
|
|switch|p2a: Sleight|Umbreon, M, shiny|345\/394
|-damage|p2a: Sleight|296\/394|[from] Spikes
|move|p1a: Mew|Flamethrower|p2a: Sleight
|-damage|p2a: Sleight|239\/394
|
|-heal|p1a: Mew|58\/341 tox|[from] item: Leftovers
|-heal|p2a: Sleight|263\/394|[from] item: Leftovers
|-damage|p1a: Mew|37\/341 tox|[from] psn
|turn|55
|
|move|p1a: Mew|Giga Drain|p2a: Sleight
|-damage|p2a: Sleight|218\/394
|-heal|p1a: Mew|60\/341 tox|[from] drain|[of] p2a: Sleight
|move|p2a: Sleight|Wish|p2a: Sleight
|
|-heal|p1a: Mew|81\/341 tox|[from] item: Leftovers
|-heal|p2a: Sleight|242\/394|[from] item: Leftovers
|-damage|p1a: Mew|39\/341 tox|[from] psn
|turn|56
|
|move|p2a: Sleight|Protect|p2a: Sleight
|-singleturn|p2a: Sleight|Protect
|move|p1a: Mew|Nasty Plot|p1a: Mew
|-boost|p1a: Mew|spa|2
|
|-heal|p2a: Sleight|394\/394|[from] move: Wish|[wisher] Sleight
|-heal|p1a: Mew|60\/341 tox|[from] item: Leftovers
|-damage|p1a: Mew|0 fnt|[from] psn
|faint|p1a: Mew
|
|switch|p1a: Swampert|Swampert, M|404\/404
|-damage|p1a: Swampert|379\/404|[from] Stealth Rock
|turn|57
|
|move|p2a: Sleight|Wish|p2a: Sleight
|move|p1a: Swampert|Stealth Rock|p2a: Sleight
|-sidestart|p2: SomeNerdyBear|move: Stealth Rock
|
|-heal|p1a: Swampert|404\/404|[from] item: Leftovers
|turn|58
|
|switch|p2a: Artemis|Blastoise-Mega, M|115\/362
|-damage|p2a: Artemis|70\/362|[from] Spikes
|-damage|p2a: Artemis|25\/362|[from] Stealth Rock
|move|p1a: Swampert|Earthquake|p2a: Artemis
|-damage|p2a: Artemis|0 fnt
|faint|p2a: Artemis
|
|
|switch|p2a: Jirachi|Jirachi|1\/341
|-damage|p2a: Jirachi|0 fnt|[from] Spikes
|faint|p2a: Jirachi
|
|switch|p2a: Sleight|Umbreon, M, shiny|394\/394
|-damage|p2a: Sleight|345\/394|[from] Stealth Rock
|-damage|p2a: Sleight|296\/394|[from] Spikes
|turn|59
|
|move|p2a: Sleight|Wish|p2a: Sleight
|move|p1a: Swampert|Toxic|p2a: Sleight|[miss]
|-miss|p1a: Swampert|p2a: Sleight
|
|-heal|p2a: Sleight|320\/394|[from] item: Leftovers
|turn|60
|
|move|p2a: Sleight|Curse|p2a: Sleight
|-boost|p2a: Sleight|atk|1
|-boost|p2a: Sleight|def|1
|-unboost|p2a: Sleight|spe|1
|move|p1a: Swampert|Earthquake|p2a: Sleight
|-damage|p2a: Sleight|236\/394
|
|-heal|p2a: Sleight|394\/394|[from] move: Wish|[wisher] Sleight
|turn|61
|
|move|p1a: Swampert|Toxic|p2a: Sleight
|-status|p2a: Sleight|tox
|-status|p1a: Swampert|tox
|move|p2a: Sleight|Curse|p2a: Sleight
|-boost|p2a: Sleight|atk|1
|-boost|p2a: Sleight|def|1
|-unboost|p2a: Sleight|spe|1
|
|-damage|p1a: Swampert|379\/404 tox|[from] psn
|-damage|p2a: Sleight|370\/394 tox|[from] psn
|turn|62
|
|move|p1a: Swampert|Earthquake|p2a: Sleight
|-damage|p2a: Sleight|309\/394 tox
|move|p2a: Sleight|Wish|p2a: Sleight
|
|-heal|p1a: Swampert|404\/404 tox|[from] item: Leftovers
|-heal|p2a: Sleight|333\/394 tox|[from] item: Leftovers
|-damage|p1a: Swampert|354\/404 tox|[from] psn
|-damage|p2a: Sleight|285\/394 tox|[from] psn
|turn|63
|
|move|p1a: Swampert|Earthquake|p2a: Sleight
|-crit|p2a: Sleight
|-damage|p2a: Sleight|107\/394 tox
|move|p2a: Sleight|Curse|p2a: Sleight
|-boost|p2a: Sleight|atk|1
|-boost|p2a: Sleight|def|1
|-unboost|p2a: Sleight|spe|1
|
|-heal|p2a: Sleight|304\/394 tox|[from] move: Wish|[wisher] Sleight
|-heal|p1a: Swampert|379\/404 tox|[from] item: Leftovers
|-heal|p2a: Sleight|328\/394 tox|[from] item: Leftovers
|-damage|p1a: Swampert|304\/404 tox|[from] psn
|-damage|p2a: Sleight|256\/394 tox|[from] psn
|turn|64
|
|move|p1a: Swampert|Earthquake|p2a: Sleight
|-damage|p2a: Sleight|208\/394 tox
|move|p2a: Sleight|Payback|p1a: Swampert
|-damage|p1a: Swampert|139\/404 tox
|
|-heal|p1a: Swampert|164\/404 tox|[from] item: Leftovers
|-heal|p2a: Sleight|232\/394 tox|[from] item: Leftovers
|-damage|p1a: Swampert|64\/404 tox|[from] psn
|-damage|p2a: Sleight|136\/394 tox|[from] psn
|turn|65
|
|move|p1a: Swampert|Scald|p2a: Sleight
|-damage|p2a: Sleight|57\/394 tox
|move|p2a: Sleight|Payback|p1a: Swampert
|-damage|p1a: Swampert|0 fnt
|faint|p1a: Swampert
|
|-heal|p2a: Sleight|81\/394 tox|[from] item: Leftovers
|-damage|p2a: Sleight|0 fnt|[from] psn
|faint|p2a: Sleight
|
|switch|p1a: Rotom-Heat|Rotom-Heat|304\/304
|-damage|p1a: Rotom-Heat|228\/304|[from] Stealth Rock
|switch|p2a: Blissey|Blissey, F|243\/714
|-damage|p2a: Blissey|154\/714|[from] Stealth Rock
|-damage|p2a: Blissey|65\/714|[from] Spikes
|turn|66
|
|move|p2a: Blissey|Protect|p2a: Blissey
|-singleturn|p2a: Blissey|Protect
|move|p1a: Rotom-Heat|Overheat|p2a: Blissey
|-activate|p2a: Blissey|Protect
|
|-heal|p1a: Rotom-Heat|247\/304|[from] item: Leftovers
|-heal|p2a: Blissey|109\/714|[from] item: Leftovers
|turn|67
|
|move|p1a: Rotom-Heat|Overheat|p2a: Blissey|[miss]
|-miss|p1a: Rotom-Heat|p2a: Blissey
|move|p2a: Blissey|Wish|p2a: Blissey
|
|-heal|p1a: Rotom-Heat|266\/304|[from] item: Leftovers
|-heal|p2a: Blissey|153\/714|[from] item: Leftovers
|turn|68
|
|move|p2a: Blissey|Protect|p2a: Blissey
|-singleturn|p2a: Blissey|Protect
|move|p1a: Rotom-Heat|Will-O-Wisp|p2a: Blissey
|-activate|p2a: Blissey|Protect
|
|-heal|p2a: Blissey|510\/714|[from] move: Wish|[wisher] Blissey
|-heal|p1a: Rotom-Heat|285\/304|[from] item: Leftovers
|-heal|p2a: Blissey|554\/714|[from] item: Leftovers
|turn|69
|c|★LionDKaiser1|that miss saved you
|
|move|p1a: Rotom-Heat|Will-O-Wisp|p2a: Blissey
|-status|p2a: Blissey|brn
|move|p2a: Blissey|Wish|p2a: Blissey
|
|-heal|p1a: Rotom-Heat|304\/304|[from] item: Leftovers
|-heal|p2a: Blissey|598\/714 brn|[from] item: Leftovers
|-damage|p2a: Blissey|509\/714 brn|[from] brn
|turn|70
|c|★SomeNerdyBear|It really did
|
|move|p1a: Rotom-Heat|Volt Switch|p2a: Blissey
|-crit|p2a: Blissey
|-damage|p2a: Blissey|404\/714 brn
|move|p2a: Blissey|Toxic|p1a: Rotom-Heat
|-status|p1a: Rotom-Heat|tox
|
|-heal|p2a: Blissey|714\/714 brn|[from] move: Wish|[wisher] Blissey
|-damage|p1a: Rotom-Heat|285\/304 tox|[from] psn
|-damage|p2a: Blissey|625\/714 brn|[from] brn
|turn|71
|
|move|p1a: Rotom-Heat|Volt Switch|p2a: Blissey
|-damage|p2a: Blissey|555\/714 brn
|move|p2a: Blissey|Heal Bell|p2a: Blissey
|-cureteam|p2a: Blissey|[from] move: HealBell
|
|-heal|p1a: Rotom-Heat|304\/304 tox|[from] item: Leftovers
|-heal|p2a: Blissey|599\/714|[from] item: Leftovers
|-damage|p1a: Rotom-Heat|266\/304 tox|[from] psn
|turn|72
|
|move|p1a: Rotom-Heat|Will-O-Wisp|p2a: Blissey
|-status|p2a: Blissey|brn
|move|p2a: Blissey|Wish|p2a: Blissey
|
|-heal|p1a: Rotom-Heat|285\/304 tox|[from] item: Leftovers
|-heal|p2a: Blissey|643\/714 brn|[from] item: Leftovers
|-damage|p1a: Rotom-Heat|228\/304 tox|[from] psn
|-damage|p2a: Blissey|554\/714 brn|[from] brn
|turn|73
|
|move|p1a: Rotom-Heat|Volt Switch|p2a: Blissey
|-damage|p2a: Blissey|481\/714 brn
|move|p2a: Blissey|Heal Bell|p2a: Blissey
|-cureteam|p2a: Blissey|[from] move: HealBell
|
|-heal|p2a: Blissey|714\/714|[from] move: Wish|[wisher] Blissey
|-heal|p1a: Rotom-Heat|247\/304 tox|[from] item: Leftovers
|-damage|p1a: Rotom-Heat|171\/304 tox|[from] psn
|turn|74
|
|move|p2a: Blissey|Protect|p2a: Blissey
|-singleturn|p2a: Blissey|Protect
|move|p1a: Rotom-Heat|Will-O-Wisp|p2a: Blissey
|-activate|p2a: Blissey|Protect
|
|-heal|p1a: Rotom-Heat|190\/304 tox|[from] item: Leftovers
|-damage|p1a: Rotom-Heat|95\/304 tox|[from] psn
|turn|75
|
|move|p1a: Rotom-Heat|Will-O-Wisp|p2a: Blissey
|-status|p2a: Blissey|brn
|move|p2a: Blissey|Wish|p2a: Blissey
|
|-heal|p1a: Rotom-Heat|114\/304 tox|[from] item: Leftovers
|-damage|p1a: Rotom-Heat|0 fnt|[from] psn
|-damage|p2a: Blissey|625\/714 brn|[from] brn
|faint|p1a: Rotom-Heat
|
|win|SomeNerdyBear
|raw|Ladder updating...
|leave|LionDKaiser1
|c|★SomeNerdyBear|Gg
|raw|LionDKaiser1's rating: 1228 &rarr; <strong>1206<\/strong><br \/>(-22 for losing)
|raw|SomeNerdyBear's rating: 1270 &rarr; <strong>1292<\/strong><br \/>(+22 for winning)
|player|p1