|join|nicky k.
|join|DMT
|player|p1|nicky k.|3
|player|p2|DMT|184
|gametype|singles
|gen|6
|tier|UU
|rated
|rule|Sleep Clause Mod: Limit one foe put to sleep
|rule|Species Clause: Limit one of each Pokémon
|rule|OHKO Clause: OHKO moves are banned
|rule|Moody Clause: Moody is banned
|rule|Evasion Moves Clause: Evasion moves are banned
|rule|Endless Battle Clause: Forcing endless battles is banned
|rule|HP Percentage Mod: HP is shown in percentages
|clearpoke
|poke|p1|Suicune
|poke|p1|Crobat, M
|poke|p1|Arcanine, F
|poke|p1|Forretress, M
|poke|p1|Alakazam, F
|poke|p1|Sandslash, M
|poke|p2|Gligar, M
|poke|p2|Lopunny, F
|poke|p2|Darmanitan, M
|poke|p2|Jirachi
|poke|p2|Crobat, F
|poke|p2|Heliolisk, M
|rule|Swagger Clause: Swagger is banned
|rule|Baton Pass Clause: Limit one Pokémon knowing Baton Pass
|teampreview
|join|BenzMafia
|
|start
|switch|p1a: Sandslash|Sandslash, M|354\/354
|switch|p2a: Gligar|Gligar, M|334\/334
|turn|1
|c|★nicky k.|do u even know what dmt is?
|c|★DMT|yes
|
|move|p2a: Gligar|U-turn|p1a: Sandslash
|-damage|p1a: Sandslash|323\/354
|
|switch|p2a: Heliolisk|Heliolisk, M|265\/265
|move|p1a: Sandslash|Stealth Rock|p2a: Heliolisk
|-sidestart|p2: DMT|move: Stealth Rock
|
|-heal|p1a: Sandslash|345\/354|[from] item: Leftovers
|turn|2
|
|move|p2a: Heliolisk|Grass Knot|p1a: Sandslash
|-supereffective|p1a: Sandslash
|-damage|p1a: Sandslash|56\/354
|-damage|p2a: Heliolisk|239\/265|[from] item: Life Orb
|move|p1a: Sandslash|Earthquake|p2a: Heliolisk
|-supereffective|p2a: Heliolisk
|-damage|p2a: Heliolisk|0 fnt
|faint|p2a: Heliolisk
|
|-heal|p1a: Sandslash|78\/354|[from] item: Leftovers
|join|THE_iTodd
|c| THE_iTodd|★DMT: bl dhf
|c| THE_iTodd|first turn
|c| THE_iTodd|predict
|c|★DMT|rip me
|
|switch|p2a: Lopunny|Lopunny, F|271\/271
|-damage|p2a: Lopunny|238\/271|[from] Stealth Rock
|turn|3
|
|switch|p1a: Forretress|Forretress, M|312\/312
|detailschange|p2a: Lopunny|Lopunny-Mega, F
|message|Lopunny has Mega Evolved into Mega Lopunny!
|move|p2a: Lopunny|Return|p1a: Forretress
|-resisted|p1a: Forretress
|-damage|p1a: Forretress|246\/312
|
|-heal|p1a: Forretress|265\/312|[from] item: Leftovers
|turn|4
|
|move|p2a: Lopunny|Power-Up Punch|p1a: Forretress
|-crit|p1a: Forretress
|-damage|p1a: Forretress|184\/312
|-boost|p2a: Lopunny|atk|1
|move|p1a: Forretress|Counter|p2a: Lopunny
|-damage|p2a: Lopunny|76\/271
|
|-heal|p1a: Forretress|203\/312|[from] item: Leftovers
|turn|5
|
|move|p2a: Lopunny|Baton Pass|p2a: Lopunny
|
|switch|p2a: Gligar|Gligar, M|334\/334
|-damage|p2a: Gligar|293\/334|[from] Stealth Rock
|move|p1a: Forretress|Spikes|p2a: Gligar
|-sidestart|p2: DMT|Spikes
|
|-heal|p1a: Forretress|222\/312|[from] item: Leftovers
|turn|6
|join|SadPierrot
|
|move|p2a: Gligar|Earthquake|p1a: Forretress
|-damage|p1a: Forretress|116\/312
|move|p1a: Forretress|Toxic|p2a: Gligar
|-fail|p2a: Gligar
|
|-heal|p1a: Forretress|135\/312|[from] item: Leftovers
|turn|7
|c|★DMT|I should probably stop playing
|c|★DMT|I'm not doing too well
|join|dodmen
|c| THE_iTodd|no you're doing
|join|ANGER MANAGEMENT
|c| THE_iTodd|grrrrrrrrrrrrrr8
|
|switch|p1a: Suicune|Suicune|404\/404
|-ability|p1a: Suicune|Pressure
|move|p2a: Gligar|Stealth Rock|p1a: Suicune
|-sidestart|p1: nicky k.|move: Stealth Rock
|
|turn|8
|c| THE_iTodd|!
|c| THE_iTodd|like frosted flakes
|c|★DMT|I have nothing for cune
|
|move|p1a: Suicune|Scald|p2a: Gligar
|-supereffective|p2a: Gligar
|-damage|p2a: Gligar|179\/334
|-status|p2a: Gligar|brn
|move|p2a: Gligar|U-turn|p1a: Suicune
|-damage|p1a: Suicune|372\/404
|c|★DMT|anymore
|c|★DMT|cuz I fodderd my checks
|c| THE_iTodd|oh yeah
|
|switch|p2a: Jirachi|Jirachi|341\/341
|-damage|p2a: Jirachi|320\/341|[from] Stealth Rock
|-damage|p2a: Jirachi|278\/341|[from] Spikes
|
|-heal|p1a: Suicune|397\/404|[from] item: Leftovers
|turn|9
|c| THE_iTodd|you should not sack
|c| THE_iTodd|heliolisk
|join|Alldaalts
|c| THE_iTodd|sometimes
|c|★DMT|tru!
|c| THE_iTodd|!
|c|★DMT|I was banking on crit
|c|★DMT|on the sandslash
|c| THE_iTodd|thats fair
|
|move|p2a: Jirachi|U-turn|p1a: Suicune
|-damage|p1a: Suicune|338\/404
|
|switch|p2a: Gligar|Gligar, M|179\/334 brn
|-damage|p2a: Gligar|138\/334 brn|[from] Stealth Rock
|move|p1a: Suicune|Scald|p2a: Gligar
|-supereffective|p2a: Gligar
|-damage|p2a: Gligar|6\/334 brn
|
|-heal|p1a: Suicune|363\/404|[from] item: Leftovers
|-damage|p2a: Gligar|0 fnt|[from] brn
|faint|p2a: Gligar
|
|switch|p2a: Jirachi|Jirachi|278\/341
|-damage|p2a: Jirachi|257\/341|[from] Stealth Rock
|-damage|p2a: Jirachi|215\/341|[from] Spikes
|turn|10
|
|move|p2a: Jirachi|Trick|p1a: Suicune
|-activate|p2a: Jirachi|move: Trick|[of] p1a: Suicune
|-item|p1a: Suicune|Choice Scarf|[from] move: Trick
|-item|p2a: Jirachi|Leftovers|[from] move: Trick
|move|p1a: Suicune|Scald|p2a: Jirachi
|-damage|p2a: Jirachi|131\/341
|
|-heal|p2a: Jirachi|152\/341|[from] item: Leftovers
|turn|11
|
|move|p2a: Jirachi|Iron Head|p1a: Suicune
|-resisted|p1a: Suicune
|-damage|p1a: Suicune|311\/404
|move|p1a: Suicune|Scald|p2a: Jirachi
|-damage|p2a: Jirachi|64\/341
|-status|p2a: Jirachi|brn
|
|-heal|p2a: Jirachi|85\/341 brn|[from] item: Leftovers
|-damage|p2a: Jirachi|43\/341 brn|[from] brn
|turn|12
|
|move|p2a: Jirachi|Healing Wish|p2a: Jirachi
|faint|p2a: Jirachi
|move|p1a: Suicune|Scald|p2: Jirachi|[notarget]
|-notarget
|
|c| THE_iTodd|good thing you have lots of things to take scalds now!
|c| THE_iTodd|oh
|
|switch|p2a: Lopunny|Lopunny-Mega, F|76\/271
|-heal|p2a: Lopunny|271\/271|[from] move: Healing Wish
|-damage|p2a: Lopunny|255\/271|[from] Stealth Rock
|-damage|p2a: Lopunny|222\/271|[from] Spikes
|turn|13
|c| SadPierrot|lol
|
|move|p2a: Lopunny|Power-Up Punch|p1a: Suicune
|-crit|p1a: Suicune
|-damage|p1a: Suicune|212\/404
|-boost|p2a: Lopunny|atk|1
|move|p1a: Suicune|Scald|p2a: Lopunny
|-damage|p2a: Lopunny|131\/271
|
|turn|14
|c| THE_iTodd|don't
|c| THE_iTodd|burn
|c| THE_iTodd|don't
|c| THE_iTodd|burn
|c| THE_iTodd|ez
|c|★nicky k.|i basically already won haha
|
|move|p2a: Lopunny|Power-Up Punch|p1a: Suicune
|-damage|p1a: Suicune|118\/404
|-boost|p2a: Lopunny|atk|1
|move|p1a: Suicune|Scald|p2a: Lopunny
|-damage|p2a: Lopunny|34\/271
|
|turn|15
|c|★DMT|no burn
|c|★DMT|hehehe
|
|move|p2a: Lopunny|Drain Punch|p1a: Suicune
|-damage|p1a: Suicune|0 fnt
|-heal|p2a: Lopunny|93\/271|[from] drain|[of] p1a: Suicune
|faint|p1a: Suicune
|
|c| THE_iTodd|well
|c| THE_iTodd|he's espeed
|c|★DMT|ya nah it's cool
|c| THE_iTodd|rk9
|
|switch|p1a: Forretress|Forretress, M|135\/312
|-damage|p1a: Forretress|96\/312|[from] Stealth Rock
|turn|16
|c|★DMT|fake out goes before
|
|move|p2a: Lopunny|Drain Punch|p1a: Forretress
|-damage|p1a: Forretress|0 fnt
|-heal|p2a: Lopunny|141\/271|[from] drain|[of] p1a: Forretress
|faint|p1a: Forretress
|
|c|+dodmen|yum
|c| THE_iTodd|i guess he's not
|c| THE_iTodd|rk9
|
|switch|p1a: Crobat|Crobat, M|311\/311
|-damage|p1a: Crobat|234\/311|[from] Stealth Rock
|turn|17
|c| THE_iTodd|speedy
|
|move|p2a: Lopunny|Return|p1a: Crobat
|-damage|p1a: Crobat|0 fnt
|faint|p1a: Crobat
|
|c|+dodmen|!
|c|★nicky k.|wtf haha
|
|switch|p1a: Arcanine|Arcanine, F|384\/384
|-damage|p1a: Arcanine|288\/384|[from] Stealth Rock
|-ability|p1a: Arcanine|Intimidate|[of] p2a: Lopunny
|-unboost|p2a: Lopunny|atk|1
|turn|18
|c|+dodmen|!data mega lopunny
|c|~|\/data-pokemon Lopunny-Mega

|c|+dodmen|fast!
|
|move|p1a: Arcanine|Extreme Speed|p2a: Lopunny
|-damage|p2a: Lopunny|44\/271
|move|p2a: Lopunny|Drain Punch|p1a: Arcanine
|-damage|p1a: Arcanine|38\/384
|-heal|p2a: Lopunny|169\/271|[from] drain|[of] p1a: Arcanine
|
|-heal|p1a: Arcanine|62\/384|[from] item: Leftovers
|turn|19
|c| THE_iTodd|mfw
|c| THE_iTodd|actually
|c| SadPierrot|turning it around
|c|+dodmen|mfw
|c| THE_iTodd|speedy rk9
|
|move|p2a: Lopunny|Drain Punch|p1a: Arcanine
|-damage|p1a: Arcanine|0 fnt
|-heal|p2a: Lopunny|200\/271|[from] drain|[of] p1a: Arcanine
|faint|p1a: Arcanine
|
|
|switch|p1a: Alakazam|Alakazam, F|252\/252
|turn|20
|c| THE_iTodd|why didn't you bring that in
|c|★DMT|nice n' upload
|c| SadPierrot|shouldve wowed
|c| THE_iTodd|when lop had
|c| THE_iTodd|10%
|
|move|p2a: Lopunny|Return|p1a: Alakazam
|-damage|p1a: Alakazam|0 fnt
|faint|p1a: Alakazam
|
|c| THE_iTodd|?
|
|switch|p1a: Sandslash|Sandslash, M|78\/354
|-damage|p1a: Sandslash|56\/354|[from] Stealth Rock
|turn|21
|c|+dodmen|prw
|
|move|p2a: Lopunny|Baton Pass|p2a: Lopunny
|
|switch|p2a: Crobat|Crobat, F|311\/311
|-damage|p2a: Crobat|234\/311|[from] Stealth Rock
|move|p1a: Sandslash|Earthquake|p2a: Crobat
|-immune|p2a: Crobat|[msg]
|
|-heal|p1a: Sandslash|78\/354|[from] item: Leftovers
|turn|22
|c|+dodmen|predicted
|c|+dodmen|m8
|
|move|p2a: Crobat|Brave Bird|p1a: Sandslash
|-damage|p1a: Sandslash|0 fnt
|-damage|p2a: Crobat|208\/311|[from] recoil|[of] p1a: Sandslash
|faint|p1a: Sandslash
|
|win|DMT
|raw|Ladder updating...
|c|★DMT|gg!
|c| SadPierrot|now you're just showing off
|c|★DMT|ya
|c|★DMT|upload :^]
|c| SadPierrot|lol
|c| THE_iTodd|lol
|c| THE_iTodd|hi youtube!
|c| BenzMafia|nb nb
|raw|nicky k.'s rating: 1221 &rarr; <strong>1205<\/strong><br \/>(-16 for losing)
|raw|DMT's rating: 1355 &rarr; <strong>1367<\/strong><br \/>(+12 for winning)
|leave|THE_iTodd
|leave|BenzMafia
|leave|SadPierrot
|leave|nicky k.
|player|p1