|join|DMT
|join|Prof.Celsius
|player|p1|DMT|184
|player|p2|Prof.Celsius|264
|gametype|singles
|gen|6
|tier|UU
|rated
|rule|Sleep Clause Mod: Limit one foe put to sleep
|rule|Species Clause: Limit one of each Pokémon
|rule|OHKO Clause: OHKO moves are banned
|rule|Moody Clause: Moody is banned
|rule|Evasion Moves Clause: Evasion moves are banned
|rule|Endless Battle Clause: Forcing endless battles is banned
|rule|HP Percentage Mod: HP is shown in percentages
|clearpoke
|poke|p1|Entei, shiny
|poke|p1|Raikou
|poke|p1|Suicune
|poke|p1|Chesnaught, M
|poke|p1|Crobat, F
|poke|p1|Forretress, M
|poke|p2|Camerupt, F
|poke|p2|Diancie
|poke|p2|Roserade, F
|poke|p2|Honchkrow, F
|poke|p2|Snorlax, F
|poke|p2|Slowking, M
|rule|Swagger Clause: Swagger is banned
|rule|Baton Pass Clause: Limit one Pokémon knowing Baton Pass
|teampreview
|
|start
|switch|p1a: Crobat|Crobat, F|311\/311
|switch|p2a: Slowking|Slowking, M|393\/393
|turn|1
|
|move|p1a: Crobat|Toxic|p2a: Slowking
|-status|p2a: Slowking|tox
|move|p2a: Slowking|Trick Room|p2a: Slowking
|-fieldstart|move: Trick Room|[of] p2a: Slowking
|
|-damage|p2a: Slowking|369\/393 tox|[from] psn
|turn|2
|
|switch|p1a: Forretress|Forretress, M|354\/354
|move|p2a: Slowking|Nasty Plot|p2a: Slowking
|-boost|p2a: Slowking|spa|2
|
|-heal|p2a: Slowking|393\/393 tox|[from] item: Leftovers
|-damage|p2a: Slowking|345\/393 tox|[from] psn
|turn|3
|join|Wolfiii
|join|Colbrushie
|
|move|p1a: Forretress|Stealth Rock|p2a: Slowking
|-sidestart|p2: Prof.Celsius|move: Stealth Rock
|move|p2a: Slowking|Scald|p1a: Forretress
|-activate|p1a: Forretress|Sturdy
|-damage|p1a: Forretress|1\/354
|
|-heal|p1a: Forretress|23\/354|[from] item: Leftovers
|-heal|p2a: Slowking|369\/393 tox|[from] item: Leftovers
|-damage|p2a: Slowking|297\/393 tox|[from] psn
|turn|4
|join|newfren
|
|move|p1a: Forretress|Gyro Ball|p2a: Slowking
|-resisted|p2a: Slowking
|-damage|p2a: Slowking|276\/393 tox
|move|p2a: Slowking|Scald|p1a: Forretress
|-damage|p1a: Forretress|0 fnt
|faint|p1a: Forretress
|
|-heal|p2a: Slowking|300\/393 tox|[from] item: Leftovers
|-damage|p2a: Slowking|204\/393 tox|[from] psn
|c| newfren|r u going to lose dmt
|join|Bob the Bro
|
|switch|p1a: Chesnaught|Chesnaught, M|380\/380
|turn|5
|c|★DMT|probably!
|c| Colbrushie|tfw outslowed
|c| newfren|cool
|
|switch|p2a: Honchkrow|Honchkrow, F|341\/341
|-damage|p2a: Honchkrow|256\/341|[from] Stealth Rock
|move|p1a: Chesnaught|Spiky Shield|p1a: Chesnaught
|-fail|p1a: Chesnaught
|
|-fieldend|move: Trick Room
|turn|6
|
|move|p1a: Chesnaught|Spiky Shield|p1a: Chesnaught
|-singleturn|p1a: Chesnaught|move: Protect
|move|p2a: Honchkrow|Defog|p1a: Chesnaught
|-activate|p1a: Chesnaught|move: Protect
|
|turn|7
|c| Colbrushie|l
|c|★DMT|oh cool
|c| Bob the Bro|wot
|c|★DMT|defog krow
|c| Wolfiii|predikshuns by dmt
|
|move|p2a: Honchkrow|Defog|p1a: Chesnaught
|-unboost|p1a: Chesnaught|evasion|1
|-sideend|p2: Prof.Celsius|Stealth Rock|[from] move: Defog|[of] p2a: Honchkrow
|move|p1a: Chesnaught|Drain Punch|p2a: Honchkrow
|-crit|p2a: Honchkrow
|-damage|p2a: Honchkrow|27\/341
|
|turn|8
|join|DocReunitickles
|c| Colbrushie|oof
|c| Bob the Bro|wow hax
|c| Colbrushie|but it's ok
|c| Colbrushie|he can still switch in
|
|switch|p2a: Roserade|Roserade, F|324\/324
|switch|p1a: Raikou|Raikou|321\/321
|-ability|p1a: Raikou|Pressure
|
|turn|9
|c| Colbrushie|because no rocks !
|
|move|p1a: Raikou|Substitute|p1a: Raikou
|-start|p1a: Raikou|Substitute
|-damage|p1a: Raikou|241\/321
|move|p2a: Roserade|Spikes|p1a: Raikou
|-sidestart|p1: DMT|Spikes
|
|-heal|p1a: Raikou|261\/321|[from] item: Leftovers
|turn|10
|c| Bob the Bro|col no one likes you
|c|★DMT|I have HP water
|c| Wolfiii|sub CM>
|c|★DMT|don't go to camerupt
|c| Colbrushie|you're just upset
|c| Colbrushie|that i disowned you
|
|switch|p2a: Snorlax|Snorlax, F|497\/497
|move|p1a: Raikou|Calm Mind|p1a: Raikou
|-boost|p1a: Raikou|spa|1
|-boost|p1a: Raikou|spd|1
|
|-heal|p1a: Raikou|281\/321|[from] item: Leftovers
|turn|11
|c| Bob the Bro|no u
|
|move|p1a: Raikou|Thunderbolt|p2a: Snorlax
|-damage|p2a: Snorlax|341\/497
|move|p2a: Snorlax|Body Slam|p1a: Raikou
|-end|p1a: Raikou|Substitute
|
|-heal|p1a: Raikou|301\/321|[from] item: Leftovers
|-heal|p2a: Snorlax|372\/497|[from] item: Leftovers
|turn|12
|
|move|p1a: Raikou|Thunderbolt|p2a: Snorlax
|-damage|p2a: Snorlax|225\/497
|move|p2a: Snorlax|Body Slam|p1a: Raikou
|-damage|p1a: Raikou|166\/321
|
|-heal|p1a: Raikou|186\/321|[from] item: Leftovers
|-heal|p2a: Snorlax|256\/497|[from] item: Leftovers
|turn|13
|c| Bob the Bro|gofor the crit
|
|switch|p1a: Suicune|Suicune|403\/403
|-damage|p1a: Suicune|353\/403|[from] Spikes
|-ability|p1a: Suicune|Pressure
|move|p2a: Snorlax|Rest|p2a: Snorlax
|-status|p2a: Snorlax|slp
|-heal|p2a: Snorlax|497\/497 slp|[silent]
|-status|p2a: Snorlax|slp|[from] move: Rest
|
|turn|14
|
|move|p1a: Suicune|Calm Mind|p1a: Suicune
|-boost|p1a: Suicune|spa|1
|-boost|p1a: Suicune|spd|1
|cant|p2a: Snorlax|slp
|move|p2a: Snorlax|Sleep Talk|p2a: Snorlax
|move|p2a: Snorlax|Rest|p2a: Snorlax|[from]Sleep Talk
|-fail|p2a: Snorlax
|
|turn|15
|c|★DMT|wait
|
|move|p1a: Suicune|Calm Mind|p1a: Suicune
|-boost|p1a: Suicune|spa|1
|-boost|p1a: Suicune|spd|1
|cant|p2a: Snorlax|slp
|move|p2a: Snorlax|Sleep Talk|p2a: Snorlax
|move|p2a: Snorlax|Rest|p2a: Snorlax|[from]Sleep Talk
|-fail|p2a: Snorlax
|
|turn|16
|c|★DMT|now what
|c|★DMT|ww?
|
|move|p1a: Suicune|Scald|p2a: Snorlax
|-damage|p2a: Snorlax|367\/497 slp
|-curestatus|p2a: Snorlax|slp
|move|p2a: Snorlax|Body Slam|p1a: Suicune
|-damage|p1a: Suicune|287\/403
|-status|p1a: Suicune|par
|
|-heal|p2a: Snorlax|398\/497|[from] item: Leftovers
|turn|17
|c| Colbrushie|he sleep talks a third time
|c|★DMT|oh n just para
|
|move|p2a: Snorlax|Curse|p2a: Snorlax
|-boost|p2a: Snorlax|atk|1
|-boost|p2a: Snorlax|def|1
|-unboost|p2a: Snorlax|spe|1
|cant|p1a: Suicune|par
|
|-heal|p2a: Snorlax|429\/497|[from] item: Leftovers
|turn|18
|c|★DMT|can I burn?
|c|★DMT|nop!
|
|move|p2a: Snorlax|Body Slam|p1a: Suicune
|-damage|p1a: Suicune|190\/403 par
|move|p1a: Suicune|Scald|p2a: Snorlax
|-damage|p2a: Snorlax|314\/497
|-status|p2a: Snorlax|brn
|
|-heal|p2a: Snorlax|345\/497 brn|[from] item: Leftovers
|-damage|p2a: Snorlax|283\/497 brn|[from] brn
|turn|19
|c| Wolfiii|nb
|
|move|p2a: Snorlax|Rest|p2a: Snorlax
|-status|p2a: Snorlax|slp
|-heal|p2a: Snorlax|497\/497 slp|[silent]
|-status|p2a: Snorlax|slp|[from] move: Rest
|cant|p1a: Suicune|par
|
|turn|20
|
|cant|p2a: Snorlax|slp
|move|p2a: Snorlax|Sleep Talk|p2a: Snorlax
|move|p2a: Snorlax|Body Slam|p1a: Suicune|[from]Sleep Talk
|-damage|p1a: Suicune|81\/403 par
|move|p1a: Suicune|Rest|p1a: Suicune
|-status|p1a: Suicune|slp
|-heal|p1a: Suicune|403\/403 slp|[silent]
|-status|p1a: Suicune|slp|[from] move: Rest
|-enditem|p1a: Suicune|Chesto Berry|[eat]
|-curestatus|p1a: Suicune|slp
|
|turn|21
|
|move|p1a: Suicune|Calm Mind|p1a: Suicune
|-boost|p1a: Suicune|spa|1
|-boost|p1a: Suicune|spd|1
|cant|p2a: Snorlax|slp
|move|p2a: Snorlax|Sleep Talk|p2a: Snorlax
|move|p2a: Snorlax|Body Slam|p1a: Suicune|[from]Sleep Talk
|-damage|p1a: Suicune|295\/403
|
|turn|22
|c|★DMT|just
|c|★DMT|para
|c|★DMT|is what im scared of!
|
|move|p1a: Suicune|Calm Mind|p1a: Suicune
|-boost|p1a: Suicune|spa|1
|-boost|p1a: Suicune|spd|1
|-curestatus|p2a: Snorlax|slp
|move|p2a: Snorlax|Body Slam|p1a: Suicune
|-damage|p1a: Suicune|193\/403
|
|turn|23
|
|move|p1a: Suicune|Scald|p2a: Snorlax
|-damage|p2a: Snorlax|310\/497
|move|p2a: Snorlax|Body Slam|p1a: Suicune
|-damage|p1a: Suicune|82\/403
|
|-heal|p2a: Snorlax|341\/497|[from] item: Leftovers
|turn|24
|c| Bob the Bro|rip
|c|★DMT|rip ip
|
|move|p1a: Suicune|Rest|p1a: Suicune
|-status|p1a: Suicune|slp
|-heal|p1a: Suicune|403\/403 slp|[silent]
|-status|p1a: Suicune|slp|[from] move: Rest
|move|p2a: Snorlax|Body Slam|p1a: Suicune
|-damage|p1a: Suicune|294\/403 slp
|
|-heal|p2a: Snorlax|372\/497|[from] item: Leftovers
|turn|25
|c| Bob the Bro|just pp stall body slams
|c| Bob the Bro|tbh
|c|★DMT|ya
|
|cant|p1a: Suicune|slp
|move|p2a: Snorlax|Curse|p2a: Snorlax
|-boost|p2a: Snorlax|atk|1
|-boost|p2a: Snorlax|def|1
|-unboost|p2a: Snorlax|spe|1
|
|-heal|p2a: Snorlax|403\/497|[from] item: Leftovers
|turn|26
|c|★DMT|idk I lose to curselax and reuni
|
|cant|p1a: Suicune|slp
|move|p2a: Snorlax|Body Slam|p1a: Suicune
|-damage|p1a: Suicune|143\/403 slp
|
|-heal|p2a: Snorlax|434\/497|[from] item: Leftovers
|turn|27
|
|-curestatus|p1a: Suicune|slp
|move|p1a: Suicune|Scald|p2a: Snorlax
|-damage|p2a: Snorlax|235\/497
|-status|p2a: Snorlax|brn
|move|p2a: Snorlax|Curse|p2a: Snorlax
|-boost|p2a: Snorlax|atk|1
|-boost|p2a: Snorlax|def|1
|-unboost|p2a: Snorlax|spe|1
|
|-heal|p2a: Snorlax|266\/497 brn|[from] item: Leftovers
|-damage|p2a: Snorlax|204\/497 brn|[from] brn
|turn|28
|c|★DMT|aye
|c| Bob the Bro|rekt
|
|move|p1a: Suicune|Calm Mind|p1a: Suicune
|-boost|p1a: Suicune|spa|1
|-boost|p1a: Suicune|spd|1
|move|p2a: Snorlax|Rest|p2a: Snorlax
|-status|p2a: Snorlax|slp
|-heal|p2a: Snorlax|497\/497 slp|[silent]
|-status|p2a: Snorlax|slp|[from] move: Rest
|
|turn|29
|c|★DMT|now just
|c|★DMT|2 restes
|c|★DMT|E Z
|
|move|p1a: Suicune|Scald|p2a: Snorlax
|-damage|p2a: Snorlax|289\/497 slp
|cant|p2a: Snorlax|slp
|
|-heal|p2a: Snorlax|320\/497 slp|[from] item: Leftovers
|turn|30
|c|★Prof.Celsius|miss
|c|★Prof.Celsius|clocl
|c|★DMT|or curse idk
|c|★DMT|lel
|c| Colbrushie|pp stall
|
|move|p1a: Suicune|Scald|p2a: Snorlax
|-damage|p2a: Snorlax|104\/497 slp
|cant|p2a: Snorlax|slp
|move|p2a: Snorlax|Sleep Talk|p2a: Snorlax
|move|p2a: Snorlax|Curse|p2a: Snorlax|[from]Sleep Talk
|-boost|p2a: Snorlax|atk|1
|-boost|p2a: Snorlax|def|1
|-unboost|p2a: Snorlax|spe|1
|
|-heal|p2a: Snorlax|135\/497 slp|[from] item: Leftovers
|turn|31
|c| Bob the Bro|or just not go for sleep talk
|c| Colbrushie|imo
|c|★DMT|oof
|c| Wolfiii|nb
|
|move|p1a: Suicune|Scald|p2a: Snorlax
|-damage|p2a: Snorlax|0 fnt
|faint|p2a: Snorlax
|
|c|★DMT|sad part is ya
|c|★DMT|not ogre
|
|switch|p2a: Honchkrow|Honchkrow, F|27\/341
|turn|32
|c|★DMT|cuz hoonch
|
|switch|p1a: Chesnaught|Chesnaught, M|380\/380
|-damage|p1a: Chesnaught|333\/380|[from] Spikes
|move|p2a: Honchkrow|Brave Bird|p1a: Chesnaught
|-supereffective|p1a: Chesnaught
|-damage|p1a: Chesnaught|0 fnt
|-damage|p2a: Honchkrow|0 fnt|[from] recoil|[of] p1a: Chesnaught
|faint|p1a: Chesnaught
|faint|p2a: Honchkrow
|
|c| Bob the Bro|dw its lefties support krow
|c| Wolfiii|oof
|c| Colbrushie|rip
|
|switch|p1a: Suicune|Suicune|143\/403
|switch|p2a: Diancie|Diancie|304\/304
|-damage|p1a: Suicune|93\/403|[from] Spikes
|-ability|p1a: Suicune|Pressure
|turn|33
|
|move|p1a: Suicune|Rest|p1a: Suicune
|-status|p1a: Suicune|slp
|-heal|p1a: Suicune|403\/403 slp|[silent]
|-status|p1a: Suicune|slp|[from] move: Rest
|move|p2a: Diancie|Trick Room|p2a: Diancie
|-fieldstart|move: Trick Room|[of] p2a: Diancie
|
|turn|34
|
|switch|p2a: Camerupt|Camerupt, F|343\/343
|cant|p1a: Suicune|slp
|
|turn|35
|
|switch|p1a: Crobat|Crobat, F|311\/311
|detailschange|p2a: Camerupt|Camerupt-Mega, F
|-mega|p2a: Camerupt|Camerupt|Cameruptite
|move|p2a: Camerupt|Earth Power|p1a: Crobat
|-immune|p1a: Crobat|[msg]
|
|turn|36
|c|★DMT|no rock slide please!
|c|★DMT|or fire blast miss
|
|switch|p1a: Entei|Entei, shiny|371\/371
|-damage|p1a: Entei|325\/371|[from] Spikes
|-ability|p1a: Entei|Pressure
|move|p2a: Camerupt|Fire Blast|p1a: Entei
|-resisted|p1a: Entei
|-damage|p1a: Entei|121\/371
|
|turn|37
|c|★DMT|or something idek
|join|pokemon is ebola
|c|★DMT|oh not bad
|
|move|p1a: Entei|Extreme Speed|p2a: Camerupt
|-damage|p2a: Camerupt|187\/343
|move|p2a: Camerupt|Earth Power|p1a: Entei
|-crit|p1a: Entei
|-supereffective|p1a: Entei
|-damage|p1a: Entei|0 fnt
|faint|p1a: Entei
|
|-fieldend|move: Trick Room
|
|switch|p1a: Suicune|Suicune|403\/403 slp
|-damage|p1a: Suicune|353\/403 slp|[from] Spikes
|-ability|p1a: Suicune|Pressure
|turn|38
|join|testlum
|
|switch|p2a: Roserade|Roserade, F|324\/324
|cant|p1a: Suicune|slp
|
|turn|39
|
|switch|p1a: Raikou|Raikou|186\/321
|-damage|p1a: Raikou|146\/321|[from] Spikes
|-ability|p1a: Raikou|Pressure
|move|p2a: Roserade|Leech Seed|p1a: Raikou
|-start|p1a: Raikou|move: Leech Seed
|
|-heal|p1a: Raikou|166\/321|[from] item: Leftovers
|-damage|p1a: Raikou|126\/321|[from] Leech Seed|[of] p2a: Roserade
|turn|40
|c|★DMT|ooo
|
|switch|p1a: Crobat|Crobat, F|311\/311
|switch|p2a: Diancie|Diancie|304\/304
|
|turn|41
|c|★DMT|that's something I haven't seen in a long time
|
|move|p1a: Crobat|Taunt|p2a: Diancie
|-start|p2a: Diancie|move: Taunt
|cant|p2a: Diancie|move: Taunt|Trick Room
|
|turn|42
|
|move|p1a: Crobat|Toxic|p2a: Diancie
|-status|p2a: Diancie|tox
|move|p2a: Diancie|Moonblast|p1a: Crobat
|-resisted|p1a: Crobat
|-damage|p1a: Crobat|211\/311
|
|-heal|p1a: Crobat|230\/311|[from] item: Black Sludge
|-damage|p2a: Diancie|285\/304 tox|[from] psn
|turn|43
|c| newfren|ep here
|c|★DMT|n
|c|★DMT|don't bother
|
|switch|p2a: Slowking|Slowking, M|335\/393 tox
|move|p1a: Crobat|Taunt|p2a: Slowking
|-start|p2a: Slowking|move: Taunt
|
|-heal|p1a: Crobat|249\/311|[from] item: Black Sludge
|-heal|p2a: Slowking|359\/393 tox|[from] item: Leftovers
|-damage|p2a: Slowking|335\/393 tox|[from] psn
|turn|44
|c|★DMT|I have steel wing
|
|switch|p1a: Raikou|Raikou|126\/321
|-damage|p1a: Raikou|86\/321|[from] Spikes
|-ability|p1a: Raikou|Pressure
|move|p2a: Slowking|Psyshock|p1a: Raikou
|-damage|p1a: Raikou|0 fnt
|faint|p1a: Raikou
|
|-heal|p2a: Slowking|359\/393 tox|[from] item: Leftovers
|-damage|p2a: Slowking|311\/393 tox|[from] psn
|
|switch|p1a: Suicune|Suicune|353\/403 slp
|-damage|p1a: Suicune|303\/403 slp|[from] Spikes
|-ability|p1a: Suicune|Pressure
|turn|45
|c| newfren|can suicune win yet
|c| Bob the Bro|just run sleep talk you shit
|c|★DMT|ya I should
|c|★DMT|everyone runs croak then
|
|-curestatus|p1a: Suicune|slp
|move|p1a: Suicune|Calm Mind|p1a: Suicune
|-boost|p1a: Suicune|spa|1
|-boost|p1a: Suicune|spd|1
|move|p2a: Slowking|Psyshock|p1a: Suicune
|-damage|p1a: Suicune|210\/403
|
|-heal|p2a: Slowking|335\/393 tox|[from] item: Leftovers
|-damage|p2a: Slowking|263\/393 tox|[from] psn
|turn|46
|c|★DMT|with scarf stone edge
|
|switch|p2a: Roserade|Roserade, F|324\/324
|move|p1a: Suicune|Calm Mind|p1a: Suicune
|-boost|p1a: Suicune|spa|1
|-boost|p1a: Suicune|spd|1
|
|turn|47
|c|★DMT|rest or beam
|c|★DMT|or what
|c|★DMT|rest probably
|c|★DMT|he's seed so eh
|c| newfren|crit beam
|
|move|p2a: Roserade|Leech Seed|p1a: Suicune
|-start|p1a: Suicune|move: Leech Seed
|move|p1a: Suicune|Rest|p1a: Suicune
|-status|p1a: Suicune|slp
|-heal|p1a: Suicune|403\/403 slp|[silent]
|-status|p1a: Suicune|slp|[from] move: Rest
|
|-damage|p1a: Suicune|353\/403 slp|[from] Leech Seed|[of] p2a: Roserade
|turn|48
|c| newfren|you spid
|c|★DMT|ya
|c| newfren|*spud
|
|switch|p2a: Diancie|Diancie|285\/304 tox
|cant|p1a: Suicune|slp
|
|-heal|p2a: Diancie|304\/304 tox|[from] item: Leftovers
|-damage|p1a: Suicune|303\/403 slp|[from] Leech Seed|[of] p2a: Diancie
|-damage|p2a: Diancie|285\/304 tox|[from] psn
|turn|49
|c|★DMT|should have rec tonite
|c|★DMT|sometimes I question myself
|c|★DMT|!
|
|cant|p1a: Suicune|slp
|move|p2a: Diancie|Heal Bell|p2a: Diancie
|-cureteam|p2a: Diancie|[from] move: HealBell
|
|-heal|p2a: Diancie|304\/304|[from] item: Leftovers
|-damage|p1a: Suicune|253\/403 slp|[from] Leech Seed|[of] p2a: Diancie
|turn|50
|c|★DMT|oh wtf
|c|★DMT|it gets that now
|c| Bob the Bro|sick
|c|★DMT|welp
|c| DocReunitickles|wait
|c|★DMT|rip me
|c| DocReunitickles|what
|c|★DMT|I did not know that
|c| DocReunitickles|was
|c|★DMT|yeah
|
|-curestatus|p1a: Suicune|slp
|move|p1a: Suicune|Scald|p2a: Diancie
|-supereffective|p2a: Diancie
|-damage|p2a: Diancie|80\/304
|move|p2a: Diancie|Trick Room|p2a: Diancie
|-fieldstart|move: Trick Room|[of] p2a: Diancie
|
|-heal|p2a: Diancie|99\/304|[from] item: Leftovers
|-damage|p1a: Suicune|203\/403|[from] Leech Seed|[of] p2a: Diancie
|-heal|p2a: Diancie|149\/304|[silent]
|turn|51
|c|★DMT|that's cool
|leave|Wolfiii
|
|switch|p1a: Crobat|Crobat, F|249\/311
|move|p2a: Diancie|Stealth Rock|p1a: Crobat
|-sidestart|p1: DMT|move: Stealth Rock
|
|-heal|p2a: Diancie|168\/304|[from] item: Leftovers
|-heal|p1a: Crobat|268\/311|[from] item: Black Sludge
|turn|52
|
|switch|p2a: Slowking|Slowking, M|393\/393
|move|p1a: Crobat|Toxic|p2a: Slowking
|-status|p2a: Slowking|tox
|
|-heal|p1a: Crobat|287\/311|[from] item: Black Sludge
|-damage|p2a: Slowking|369\/393 tox|[from] psn
|turn|53
|
|move|p2a: Slowking|Nasty Plot|p2a: Slowking
|-boost|p2a: Slowking|spa|2
|move|p1a: Crobat|Roost|p1a: Crobat
|-heal|p1a: Crobat|311\/311
|
|-heal|p2a: Slowking|393\/393 tox|[from] item: Leftovers
|-damage|p2a: Slowking|345\/393 tox|[from] psn
|turn|54
|c|★DMT|oopsies
|c|★DMT|gg
|
|switch|p1a: Suicune|Suicune|203\/403
|-damage|p1a: Suicune|153\/403|[from] Stealth Rock
|-damage|p1a: Suicune|103\/403|[from] Spikes
|-ability|p1a: Suicune|Pressure
|move|p2a: Slowking|Psyshock|p1a: Suicune
|-damage|p1a: Suicune|0 fnt
|faint|p1a: Suicune
|
|-heal|p2a: Slowking|369\/393 tox|[from] item: Leftovers
|-damage|p2a: Slowking|297\/393 tox|[from] psn
|-fieldend|move: Trick Room
|
|switch|p1a: Crobat|Crobat, F|311\/311
|-damage|p1a: Crobat|234\/311|[from] Stealth Rock
|turn|55
|c|★Prof.Celsius|gg
|c|★DMT|maybe crit bb
|
|move|p1a: Crobat|Brave Bird|p2a: Slowking
|-damage|p2a: Slowking|113\/393 tox
|-damage|p1a: Crobat|173\/311|[from] recoil|[of] p2a: Slowking
|move|p2a: Slowking|Psyshock|p1a: Crobat
|-supereffective|p1a: Crobat
|-damage|p1a: Crobat|0 fnt
|faint|p1a: Crobat
|
|win|Prof.Celsius
|raw|Ladder updating...
|raw|DMT's rating: 1546 &rarr; <strong>1515<\/strong><br \/>(-31 for losing)
|raw|Prof.Celsius's rating: 1313 &rarr; <strong>1345<\/strong><br \/>(+32 for winning)
|c|★DMT|nope
|join|Wolfiii
|leave|DMT
|player|p1
|leave|Prof.Celsius
|player|p2
|leave|Bob the Bro
|leave|DocReunitickles
|leave|testlum