|join|DMT
|join|TheCanadianWifier
|player|p1|DMT|184
|player|p2|TheCanadianWifier|57
|gametype|singles
|gen|6
|tier|UU
|rule|Sleep Clause Mod: Limit one foe put to sleep
|rule|Species Clause: Limit one of each Pokémon
|rule|OHKO Clause: OHKO moves are banned
|rule|Moody Clause: Moody is banned
|rule|Evasion Moves Clause: Evasion moves are banned
|rule|Endless Battle Clause: Forcing endless battles is banned
|rule|HP Percentage Mod: HP is shown in percentages
|clearpoke
|poke|p1|Krookodile, M
|poke|p1|Tentacruel, F
|poke|p1|Magneton
|poke|p1|Hydreigon, M
|poke|p1|Crobat, F
|poke|p1|Blissey, F
|poke|p2|Absol, M
|poke|p2|Raikou
|poke|p2|Dragalge, F
|poke|p2|Jirachi
|poke|p2|Zygarde
|poke|p2|Swampert, F
|rule|Swagger Clause: Swagger is banned
|rule|Baton Pass Clause: Limit one Pokémon knowing Baton Pass
|teampreview
|join|iplaytennislol
|join|QueenOfLuvdiscs
|join|Colbrushie
|c| iplaytennislol|F
|c| iplaytennislol|I
|c| iplaytennislol|R
|c| iplaytennislol|S
|c| iplaytennislol|T
|c| iplaytennislol|FIRST
|c| Colbrushie|as expected of a horse
|
|start
|switch|p1a: Blissey|Blissey, F|714\/714
|switch|p2a: Jirachi|Jirachi|341\/341
|turn|1
|
|move|p2a: Jirachi|Trick|p1a: Blissey
|-activate|p2a: Jirachi|move: Trick|[of] p1a: Blissey
|-item|p1a: Blissey|Choice Scarf|[from] move: Trick
|-item|p2a: Jirachi|Chople Berry|[from] move: Trick
|move|p1a: Blissey|Stealth Rock|p2a: Jirachi
|-sidestart|p2: TheCanadianWifier|move: Stealth Rock
|
|turn|2
|
|move|p2a: Jirachi|Iron Head|p1a: Blissey
|-damage|p1a: Blissey|492\/714
|cant|p1a: Blissey|flinch
|
|turn|3
|join|The Goomy
|
|switch|p1a: Crobat|Crobat, F|311\/311
|move|p2a: Jirachi|Iron Head|p1a: Crobat
|-damage|p1a: Crobat|160\/311
|
|turn|4
|c| The Goomy|neigh
|
|move|p1a: Crobat|Roost|p1a: Crobat
|-heal|p1a: Crobat|311\/311
|move|p2a: Jirachi|U-turn|p1a: Crobat
|-resisted|p1a: Crobat
|-damage|p1a: Crobat|271\/311
|c| Colbrushie|tennis
|c| Colbrushie|respond when you're talked to
|
|switch|p2a: Swampert|Swampert, F|404\/404
|-damage|p2a: Swampert|379\/404|[from] Stealth Rock
|
|-heal|p2a: Swampert|404\/404|[from] item: Leftovers
|turn|5
|
|move|p1a: Crobat|Acrobatics|p2a: Swampert
|-damage|p2a: Swampert|290\/404
|move|p2a: Swampert|Scald|p1a: Crobat
|-damage|p1a: Crobat|168\/311
|
|-heal|p2a: Swampert|315\/404|[from] item: Leftovers
|turn|6
|c| iplaytennislol|colbrushie
|
|move|p1a: Crobat|U-turn|p2a: Swampert
|-damage|p2a: Swampert|264\/404
|
|switch|p1a: Hydreigon|Hydreigon, M|325\/325
|move|p2a: Swampert|Stealth Rock|p1a: Hydreigon
|-sidestart|p1: DMT|move: Stealth Rock
|
|-heal|p2a: Swampert|289\/404|[from] item: Leftovers
|turn|7
|c| Colbrushie|?
|c| iplaytennislol|go study for finals ya scrub
|join|LessThanThreeMan
|c| Colbrushie|no
|join|innovamania
|c| iplaypennislol|ok this name
|c| iplaypennislol|it top tier
|c| iplaypennislol|LOL
|
|move|p1a: Hydreigon|Dark Pulse|p2a: Swampert
|-crit|p2a: Swampert
|-damage|p2a: Swampert|52\/404
|move|p2a: Swampert|Roar|p1a: Hydreigon
|drag|p1a: Blissey|Blissey, F|492\/714
|-damage|p1a: Blissey|403\/714|[from] Stealth Rock
|
|-heal|p2a: Swampert|77\/404|[from] item: Leftovers
|turn|8
|join|eaglehawk
|
|move|p1a: Blissey|Seismic Toss|p2a: Swampert
|-damage|p2a: Swampert|0 fnt
|faint|p2a: Swampert
|
|c| eaglehawk|he's gonna lose
|join|boltsandbombers
|c| Colbrushie|inside imo
|
|switch|p2a: Zygarde|Zygarde|404\/404
|-damage|p2a: Zygarde|379\/404|[from] Stealth Rock
|-ability|p2a: Zygarde|Aura Break
|turn|9
|
|switch|p1a: Hydreigon|Hydreigon, M|325\/325
|-damage|p1a: Hydreigon|285\/325|[from] Stealth Rock
|move|p2a: Zygarde|Substitute|p2a: Zygarde
|-start|p2a: Zygarde|Substitute
|-damage|p2a: Zygarde|278\/404
|
|-heal|p2a: Zygarde|303\/404|[from] item: Leftovers
|turn|10
|
|move|p1a: Hydreigon|U-turn|p2a: Zygarde
|-activate|p2a: Zygarde|Substitute|[damage]
|
|switch|p1a: Blissey|Blissey, F|403\/714
|-damage|p1a: Blissey|314\/714|[from] Stealth Rock
|move|p2a: Zygarde|Dragon Tail|p1a: Blissey
|-damage|p1a: Blissey|175\/714
|drag|p1a: Krookodile|Krookodile, M|331\/331
|-damage|p1a: Krookodile|311\/331|[from] Stealth Rock
|
|-heal|p2a: Zygarde|328\/404|[from] item: Leftovers
|turn|11
|join|Dolph The Showoff
|
|move|p1a: Krookodile|Knock Off|p2a: Zygarde
|-end|p2a: Zygarde|Substitute
|move|p2a: Zygarde|Coil|p2a: Zygarde
|-boost|p2a: Zygarde|atk|1
|-boost|p2a: Zygarde|def|1
|-boost|p2a: Zygarde|accuracy|1
|
|-heal|p2a: Zygarde|353\/404|[from] item: Leftovers
|turn|12
|c| iplaytennislol|crrrrrrrrrrrrrrrrriiiiiiiiiiiiiiiiiiiittttttttttttt
|
|switch|p2a: Absol|Absol, M|271\/271
|-damage|p2a: Absol|238\/271|[from] Stealth Rock
|move|p1a: Krookodile|Knock Off|p2a: Absol
|-resisted|p2a: Absol
|-damage|p2a: Absol|157\/271
|-boost|p2a: Absol|atk|1|[from] ability: Justified
|
|turn|13
|join|SmashBrosBrawl
|
|switch|p1a: Blissey|Blissey, F|175\/714
|-damage|p1a: Blissey|86\/714|[from] Stealth Rock
|detailschange|p2a: Absol|Absol-Mega, M
|message|Absol has Mega Evolved into Mega Absol!
|move|p2a: Absol|Play Rough|p1a: Blissey
|-damage|p1a: Blissey|0 fnt
|faint|p1a: Blissey
|
|c|+SmashBrosBrawl|d
|c|+SmashBrosBrawl|m
|c|+SmashBrosBrawl|t
|
|switch|p1a: Krookodile|Krookodile, M|311\/331
|-damage|p1a: Krookodile|291\/331|[from] Stealth Rock
|turn|14
|c| boltsandbombers|why wouldnt you just keep boosting?
|
|move|p2a: Absol|Sucker Punch|p1a: Krookodile
|-resisted|p1a: Krookodile
|-damage|p1a: Krookodile|141\/331
|move|p1a: Krookodile|Earthquake|p2a: Absol
|-damage|p2a: Absol|0 fnt
|faint|p2a: Absol
|-boost|p1a: Krookodile|atk|1|[from] ability: Moxie
|
|c|+SmashBrosBrawl|so
|c|+SmashBrosBrawl|ogre
|
|switch|p2a: Zygarde|Zygarde|353\/404
|-damage|p2a: Zygarde|328\/404|[from] Stealth Rock
|-ability|p2a: Zygarde|Aura Break
|turn|15
|c|★DMT|zygarde!
|c|★DMT|save him!
|
|move|p1a: Krookodile|Earthquake|p2a: Zygarde
|-damage|p2a: Zygarde|103\/404
|move|p2a: Zygarde|Dragon Tail|p1a: Krookodile
|-damage|p1a: Krookodile|62\/331
|drag|p1a: Magneton|Magneton|241\/241
|-damage|p1a: Magneton|226\/241|[from] Stealth Rock
|
|-heal|p2a: Zygarde|128\/404|[from] item: Leftovers
|turn|16
|leave|Dolph The Showoff
|
|switch|p2a: Jirachi|Jirachi|341\/341
|-damage|p2a: Jirachi|320\/341|[from] Stealth Rock
|switch|p1a: Crobat|Crobat, F|168\/311
|-damage|p1a: Crobat|91\/311|[from] Stealth Rock
|
|turn|17
|
|move|p1a: Crobat|Roost|p1a: Crobat
|-heal|p1a: Crobat|247\/311
|move|p2a: Jirachi|Zen Headbutt|p1a: Crobat
|-supereffective|p1a: Crobat
|-damage|p1a: Crobat|0 fnt
|faint|p1a: Crobat
|
|
|switch|p1a: Magneton|Magneton|226\/241
|-damage|p1a: Magneton|211\/241|[from] Stealth Rock
|turn|18
|
|move|p2a: Jirachi|Trick|p1a: Magneton
|-activate|p2a: Jirachi|move: Trick|[of] p1a: Magneton
|-item|p1a: Magneton|Chople Berry|[from] move: Trick
|-item|p2a: Jirachi|Eviolite|[from] move: Trick
|move|p1a: Magneton|Flash Cannon|p2a: Jirachi
|-crit|p2a: Jirachi
|-resisted|p2a: Jirachi
|-damage|p2a: Jirachi|202\/341
|-unboost|p2a: Jirachi|spd|1
|
|turn|19
|
|move|p2a: Jirachi|Zen Headbutt|p1a: Magneton
|-resisted|p1a: Magneton
|-damage|p1a: Magneton|145\/241
|move|p1a: Magneton|Flash Cannon|p2a: Jirachi
|-resisted|p2a: Jirachi
|-damage|p2a: Jirachi|98\/341
|
|turn|20
|
|move|p2a: Jirachi|Zen Headbutt|p1a: Magneton
|-resisted|p1a: Magneton
|-damage|p1a: Magneton|84\/241
|move|p1a: Magneton|Hidden Power|p2a: Jirachi
|-resisted|p2a: Jirachi
|-damage|p2a: Jirachi|41\/341
|
|turn|21
|join|dodmen
|c|+dodmen|hi!
|
|switch|p1a: Krookodile|Krookodile, M|62\/331
|-damage|p1a: Krookodile|42\/331|[from] Stealth Rock
|move|p2a: Jirachi|U-turn|p1a: Krookodile
|-supereffective|p1a: Krookodile
|-damage|p1a: Krookodile|0 fnt
|faint|p1a: Krookodile
|
|switch|p2a: Raikou|Raikou|384\/384
|-damage|p2a: Raikou|336\/384|[from] Stealth Rock
|-ability|p2a: Raikou|Pressure
|
|-heal|p2a: Raikou|360\/384|[from] item: Leftovers
|c|★DMT|hi!
|join|Can-Eh-Dian
|
|switch|p1a: Tentacruel|Tentacruel, F|364\/364
|-damage|p1a: Tentacruel|319\/364|[from] Stealth Rock
|turn|22
|
|switch|p2a: Dragalge|Dragalge, F|271\/271
|-damage|p2a: Dragalge|238\/271|[from] Stealth Rock
|move|p1a: Tentacruel|Scald|p2a: Dragalge
|-resisted|p2a: Dragalge
|-damage|p2a: Dragalge|208\/271
|
|-heal|p1a: Tentacruel|341\/364|[from] item: Black Sludge
|turn|23
|
|move|p1a: Tentacruel|Toxic Spikes|p2a: Dragalge
|-sidestart|p2: TheCanadianWifier|move: Toxic Spikes
|move|p2a: Dragalge|Draco Meteor|p1a: Tentacruel
|-damage|p1a: Tentacruel|59\/364
|-unboost|p2a: Dragalge|spa|2
|
|-heal|p1a: Tentacruel|81\/364|[from] item: Black Sludge
|turn|24
|
|move|p1a: Tentacruel|Scald|p2a: Dragalge
|-resisted|p2a: Dragalge
|-damage|p2a: Dragalge|175\/271
|move|p2a: Dragalge|Draco Meteor|p1a: Tentacruel
|-damage|p1a: Tentacruel|0 fnt
|-unboost|p2a: Dragalge|spa|2
|faint|p1a: Tentacruel
|
|
|switch|p1a: Magneton|Magneton|84\/241
|-damage|p1a: Magneton|69\/241|[from] Stealth Rock
|turn|25
|join|Ajna
|
|switch|p2a: Zygarde|Zygarde|128\/404
|-damage|p2a: Zygarde|103\/404|[from] Stealth Rock
|-status|p2a: Zygarde|psn
|-ability|p2a: Zygarde|Aura Break
|move|p1a: Magneton|Flash Cannon|p2a: Zygarde
|-damage|p2a: Zygarde|0 fnt
|faint|p2a: Zygarde
|
|leave|innovamania
|
|switch|p2a: Dragalge|Dragalge, F|175\/271
|-sideend|p2: TheCanadianWifier|move: Toxic Spikes|[of] p2a: Dragalge
|-damage|p2a: Dragalge|142\/271|[from] Stealth Rock
|turn|26
|
|move|p1a: Magneton|Flash Cannon|p2a: Dragalge
|-damage|p2a: Dragalge|9\/271
|move|p2a: Dragalge|Focus Blast|p1a: Magneton
|-supereffective|p1a: Magneton
|-enditem|p1a: Magneton|Chople Berry|[eat]
|-damage|p1a: Magneton|0 fnt
|faint|p1a: Magneton
|
|
|switch|p1a: Hydreigon|Hydreigon, M|285\/325
|-damage|p1a: Hydreigon|245\/325|[from] Stealth Rock
|turn|27
|
|move|p1a: Hydreigon|Dark Pulse|p2a: Dragalge
|-damage|p2a: Dragalge|0 fnt
|faint|p2a: Dragalge
|
|
|switch|p2a: Jirachi|Jirachi|41\/341
|-damage|p2a: Jirachi|20\/341|[from] Stealth Rock
|turn|28
|
|move|p1a: Hydreigon|Dark Pulse|p2a: Jirachi
|-supereffective|p2a: Jirachi
|-damage|p2a: Jirachi|0 fnt
|faint|p2a: Jirachi
|
|
|switch|p2a: Raikou|Raikou|360\/384
|-damage|p2a: Raikou|312\/384|[from] Stealth Rock
|-ability|p2a: Raikou|Pressure
|turn|29
|
|move|p1a: Hydreigon|Dark Pulse|p2a: Raikou
|-damage|p2a: Raikou|161\/384
|move|p2a: Raikou|Calm Mind|p2a: Raikou
|-boost|p2a: Raikou|spa|1
|-boost|p2a: Raikou|spd|1
|
|-heal|p2a: Raikou|185\/384|[from] item: Leftovers
|turn|30
|
|move|p1a: Hydreigon|Dark Pulse|p2a: Raikou
|-damage|p2a: Raikou|94\/384
|move|p2a: Raikou|Hidden Power|p1a: Hydreigon
|-supereffective|p1a: Hydreigon
|-damage|p1a: Hydreigon|81\/325
|
|-heal|p2a: Raikou|118\/384|[from] item: Leftovers
|turn|31
|
|move|p1a: Hydreigon|Dark Pulse|p2a: Raikou
|-damage|p2a: Raikou|19\/384
|cant|p2a: Raikou|flinch
|
|-heal|p2a: Raikou|43\/384|[from] item: Leftovers
|turn|32
|join|Dirpz
|c|+SmashBrosBrawl|flinch city
|c| Colbrushie|flinch
|c|+SmashBrosBrawl|,
|c| Colbrushie|LOL
|c|★TheCanadianWifier|:[
|c|+SmashBrosBrawl|bye
|c|★TheCanadianWifier|lol ggg
|c| iplaytennislol|not hax
|c|★DMT|UPLOAAAAAAAAAAAAAAD
|c| iplaytennislol|called it in call
|c|+SmashBrosBrawl|uplo
|c|+SmashBrosBrawl|ad
|c|★DMT|UUUUUUUUUUPLOOOOOOOOOAAAAAADDDDDDDDDDDDDDDD
|c|★TheCanadianWifier|y
|c| LessThanThreeMan|lol
|
|move|p1a: Hydreigon|Dark Pulse|p2a: Raikou
|-damage|p2a: Raikou|0 fnt
|faint|p2a: Raikou
|
|win|DMT
|c|+dodmen|no signal beam
|c|+dodmen|:(
|leave|SmashBrosBrawl
|leave|iplaytennislol
|leave|Ajna
|leave|LessThanThreeMan
|leave|Can-Eh-Dian
|join|Nintega-soft
|leave|QueenOfLuvdiscs
|leave|Nintega-soft
|join|Can-Eh-Dian
|leave|Can-Eh-Dian
|leave|boltsandbombers
|leave|The Goomy
|leave|Colbrushie
|join|iplaytennislol
|leave|iplaytennislol
|leave|Dirpz
|join|Helloooo
|leave|Helloooo
|join|Bob the Bae
|leave|Bob the Bae
|leave|DMT
|player|p1