|join|DMT
|join|porrtal 2
|player|p1|DMT|184
|player|p2|porrtal 2|1
|gametype|singles
|gen|6
|tier|UU
|rule|Sleep Clause Mod: Limit one foe put to sleep
|rule|Species Clause: Limit one of each Pokémon
|rule|OHKO Clause: OHKO moves are banned
|rule|Moody Clause: Moody is banned
|rule|Evasion Moves Clause: Evasion moves are banned
|rule|Endless Battle Clause: Forcing endless battles is banned
|rule|HP Percentage Mod: HP is shown in percentages
|clearpoke
|poke|p1|Hydreigon, M
|poke|p1|Tentacruel, F
|poke|p1|Chesnaught, F
|poke|p1|Sceptile, F
|poke|p1|Forretress, F
|poke|p1|Fletchinder, M
|poke|p2|Swampert, F
|poke|p2|Florges, F
|poke|p2|Forretress, F
|poke|p2|Raikou
|poke|p2|Hydreigon, M
|poke|p2|Gallade, M
|rule|Swagger Clause: Swagger is banned
|rule|Baton Pass Clause: Limit one Pokémon knowing Baton Pass
|teampreview
|c|★porrtal 2|oh this team
|c|★porrtal 2|gl hf
|c|★DMT|ya
|c|★DMT|u2
|
|start
|switch|p1a: Chesnaught|Chesnaught, F|380\/380
|switch|p2a: Wallbreaker|Hydreigon, M|325\/325
|turn|1
|
|move|p2a: Wallbreaker|Draco Meteor|p1a: Chesnaught
|-damage|p1a: Chesnaught|85\/380
|-unboost|p2a: Wallbreaker|spa|2
|move|p1a: Chesnaught|Leech Seed|p2a: Wallbreaker
|-start|p2a: Wallbreaker|move: Leech Seed
|
|-heal|p1a: Chesnaught|108\/380|[from] item: Leftovers
|-damage|p2a: Wallbreaker|285\/325|[from] Leech Seed|[of] p1a: Chesnaught
|-heal|p1a: Chesnaught|148\/380|[silent]
|turn|2
|
|switch|p2a: Balanced|Gallade, M|278\/278
|move|p1a: Chesnaught|Synthesis|p1a: Chesnaught
|-heal|p1a: Chesnaught|338\/380
|
|-heal|p1a: Chesnaught|361\/380|[from] item: Leftovers
|turn|3
|
|detailschange|p2a: Balanced|Gallade-Mega, M
|message|Gallade has Mega Evolved into Mega Gallade!
|move|p2a: Balanced|Swords Dance|p2a: Balanced
|-boost|p2a: Balanced|atk|2
|move|p1a: Chesnaught|Leech Seed|p2a: Balanced
|-start|p2a: Balanced|move: Leech Seed
|
|-heal|p1a: Chesnaught|380\/380|[from] item: Leftovers
|-damage|p2a: Balanced|244\/278|[from] Leech Seed|[of] p1a: Chesnaught
|turn|4
|
|switch|p1a: Hydreigon|Hydreigon, M|325\/325
|move|p2a: Balanced|Swords Dance|p2a: Balanced
|-boost|p2a: Balanced|atk|2
|
|-damage|p2a: Balanced|210\/278|[from] Leech Seed|[of] p1a: Hydreigon
|turn|5
|
|move|p2a: Balanced|Close Combat|p1a: Hydreigon
|-supereffective|p1a: Hydreigon
|-damage|p1a: Hydreigon|0 fnt
|-unboost|p2a: Balanced|def|1
|-unboost|p2a: Balanced|spd|1
|faint|p1a: Hydreigon
|
|
|switch|p1a: Fletchinder|Fletchinder, M|265\/265
|turn|6
|c|★DMT|oh wait
|c|★DMT|you have sneak don't you
|
|move|p2a: Balanced|Shadow Sneak|p1a: Fletchinder
|-damage|p1a: Fletchinder|6\/265
|move|p1a: Fletchinder|Acrobatics|p2a: Balanced
|-supereffective|p2a: Balanced
|-damage|p2a: Balanced|0 fnt
|faint|p2a: Balanced
|
|c|★DMT|I keep forgetting these things carry that
|c|★porrtal 2|:O
|c|★DMT|also bulk
|c|★porrtal 2|i needed priority
|
|switch|p2a: Forretress|Forretress, F|354\/354
|turn|7
|c|★DMT|yeah fair
|
|move|p1a: Fletchinder|Will-O-Wisp|p2a: Forretress
|-status|p2a: Forretress|brn
|move|p2a: Forretress|Stealth Rock|p1a: Fletchinder
|-sidestart|p1: DMT|move: Stealth Rock
|
|-damage|p2a: Forretress|310\/354 brn|[from] brn
|turn|8
|c|★porrtal 2|i know you have no fire move
|
|move|p1a: Fletchinder|Roost|p1a: Fletchinder
|-heal|p1a: Fletchinder|139\/265
|move|p2a: Forretress|Volt Switch|p1a: Fletchinder
|-damage|p1a: Fletchinder|76\/265
|
|switch|p2a: Raikou|Raikou|321\/321
|-ability|p2a: Raikou|Pressure
|
|turn|9
|
|switch|p1a: Chesnaught|Chesnaught, F|380\/380
|-damage|p1a: Chesnaught|357\/380|[from] Stealth Rock
|move|p2a: Raikou|Volt Switch|p1a: Chesnaught
|-resisted|p1a: Chesnaught
|-damage|p1a: Chesnaught|261\/380
|-damage|p2a: Raikou|289\/321|[from] item: Life Orb
|
|switch|p2a: Florges|Florges, F|360\/360
|
|-heal|p1a: Chesnaught|284\/380|[from] item: Leftovers
|turn|10
|join|Froggyboy
|join|Ajna
|
|switch|p1a: Forretress|Forretress, F|354\/354
|-damage|p1a: Forretress|310\/354|[from] Stealth Rock
|move|p2a: Florges|Heal Bell|p2a: Florges
|-cureteam|p2a: Florges|[from] move: HealBell
|
|-heal|p1a: Forretress|332\/354|[from] item: Leftovers
|turn|11
|join|i wish i had swag
|
|switch|p2a: Wallbreaker|Hydreigon, M|285\/325
|move|p1a: Forretress|Stealth Rock|p2a: Wallbreaker
|-sidestart|p2: porrtal 2|move: Stealth Rock
|
|-heal|p1a: Forretress|354\/354|[from] item: Leftovers
|turn|12
|
|switch|p1a: Chesnaught|Chesnaught, F|284\/380
|-damage|p1a: Chesnaught|261\/380|[from] Stealth Rock
|move|p2a: Wallbreaker|Flamethrower|p1a: Chesnaught
|-supereffective|p1a: Chesnaught
|-damage|p1a: Chesnaught|19\/380
|-status|p1a: Chesnaught|brn
|
|-heal|p1a: Chesnaught|42\/380 brn|[from] item: Leftovers
|-damage|p1a: Chesnaught|0 fnt|[from] brn
|faint|p1a: Chesnaught
|
|switch|p1a: Tentacruel|Tentacruel, F|364\/364
|-damage|p1a: Tentacruel|319\/364|[from] Stealth Rock
|turn|13
|leave|Froggyboy
|
|switch|p2a: Raikou|Raikou|289\/321
|-damage|p2a: Raikou|249\/321|[from] Stealth Rock
|-ability|p2a: Raikou|Pressure
|move|p1a: Tentacruel|Rapid Spin|p2a: Raikou
|-damage|p2a: Raikou|235\/321
|-sideend|p1: DMT|Stealth Rock|[from] move: Rapid Spin|[of] p1a: Tentacruel
|
|-heal|p1a: Tentacruel|341\/364|[from] item: Black Sludge
|turn|14
|join|poonHunter (DD)
|leave|i wish i had swag
|
|move|p2a: Raikou|Thunderbolt|p1a: Tentacruel
|-supereffective|p1a: Tentacruel
|-damage|p1a: Tentacruel|97\/364
|-damage|p2a: Raikou|203\/321|[from] item: Life Orb
|move|p1a: Tentacruel|Knock Off|p2a: Raikou
|-damage|p2a: Raikou|126\/321
|-enditem|p2a: Raikou|Life Orb|[from] move: Knock Off|[of] p1a: Tentacruel
|
|-heal|p1a: Tentacruel|119\/364|[from] item: Black Sludge
|turn|15
|join|Shauntal 2.0
|
|move|p2a: Raikou|Thunderbolt|p1a: Tentacruel
|-supereffective|p1a: Tentacruel
|-damage|p1a: Tentacruel|0 fnt
|faint|p1a: Tentacruel
|
|
|switch|p1a: Sceptile|Sceptile, F|282\/282
|turn|16
|
|detailschange|p1a: Sceptile|Sceptile-Mega, F
|message|Sceptile has Mega Evolved into Mega Sceptile!
|move|p1a: Sceptile|Substitute|p1a: Sceptile
|-start|p1a: Sceptile|Substitute
|-damage|p1a: Sceptile|212\/282
|move|p2a: Raikou|Extrasensory|p1a: Sceptile
|-end|p1a: Sceptile|Substitute
|
|turn|17
|c|★DMT|o
|
|move|p1a: Sceptile|Giga Drain|p2a: Raikou
|-damage|p2a: Raikou|0 fnt
|-heal|p1a: Sceptile|275\/282|[from] drain|[of] p2a: Raikou
|faint|p2a: Raikou
|
|c| poonHunter (DD)|??
|
|switch|p2a: Florges|Florges, F|360\/360
|-damage|p2a: Florges|315\/360|[from] Stealth Rock
|turn|18
|
|switch|p1a: Forretress|Forretress, F|354\/354
|move|p2a: Florges|Moonblast|p1a: Forretress
|-resisted|p1a: Forretress
|-damage|p1a: Forretress|258\/354
|
|-heal|p2a: Florges|337\/360|[from] item: Leftovers
|-heal|p1a: Forretress|280\/354|[from] item: Leftovers
|turn|19
|
|switch|p2a: Rachi shall not pa|Swampert, F|401\/401
|-damage|p2a: Rachi shall not pa|376\/401|[from] Stealth Rock
|switch|p1a: Sceptile|Sceptile-Mega, F|275\/282
|
|-heal|p2a: Rachi shall not pa|401\/401|[from] item: Leftovers
|turn|20
|
|switch|p2a: Wallbreaker|Hydreigon, M|285\/325
|-damage|p2a: Wallbreaker|245\/325|[from] Stealth Rock
|move|p1a: Sceptile|Giga Drain|p2a: Wallbreaker
|-resisted|p2a: Wallbreaker
|-damage|p2a: Wallbreaker|159\/325
|-heal|p1a: Sceptile|282\/282|[from] drain|[of] p2a: Wallbreaker
|
|turn|21
|c| poonHunter (DD)|sub where
|
|switch|p1a: Forretress|Forretress, F|280\/354
|move|p2a: Wallbreaker|Flamethrower|p1a: Forretress
|-supereffective|p1a: Forretress
|-damage|p1a: Forretress|0 fnt
|faint|p1a: Forretress
|
|
|switch|p1a: Fletchinder|Fletchinder, M|76\/265
|turn|22
|
|move|p2a: Wallbreaker|Flamethrower|p1a: Fletchinder
|-resisted|p1a: Fletchinder
|-damage|p1a: Fletchinder|0 fnt
|faint|p1a: Fletchinder
|
|c|★porrtal 2|gg
|c|★DMT|derp
|
|switch|p1a: Sceptile|Sceptile-Mega, F|282\/282
|turn|23
|c| poonHunter (DD)|dmt!!!!!1
|c|★DMT|gg
|c|★DMT|thought roost was too obvious
|join|Dirty Danny
|
|switch|p2a: Rachi shall not pa|Swampert, F|401\/401
|-damage|p2a: Rachi shall not pa|376\/401|[from] Stealth Rock
|move|p1a: Sceptile|Dragon Pulse|p2a: Rachi shall not pa
|-damage|p2a: Rachi shall not pa|202\/401
|
|-heal|p2a: Rachi shall not pa|227\/401|[from] item: Leftovers
|turn|24
|
|move|p1a: Sceptile|Substitute|p1a: Sceptile
|-start|p1a: Sceptile|Substitute
|-damage|p1a: Sceptile|212\/282
|move|p2a: Rachi shall not pa|Toxic|p1a: Sceptile
|
|-heal|p2a: Rachi shall not pa|252\/401|[from] item: Leftovers
|turn|25
|
|move|p1a: Sceptile|Giga Drain|p2a: Rachi shall not pa
|-supereffective|p2a: Rachi shall not pa
|-damage|p2a: Rachi shall not pa|0 fnt
|-heal|p1a: Sceptile|282\/282|[from] drain|[of] p2a: Rachi shall not pa
|faint|p2a: Rachi shall not pa
|
|leave|Dirty Danny
|
|switch|p2a: Forretress|Forretress, F|310\/354
|-damage|p2a: Forretress|266\/354|[from] Stealth Rock
|turn|26
|
|move|p1a: Sceptile|Focus Blast|p2a: Forretress
|-damage|p2a: Forretress|49\/354
|move|p2a: Forretress|Rapid Spin|p1a: Sceptile
|-activate|p1a: Sceptile|Substitute|[damage]
|-sideend|p2: porrtal 2|Stealth Rock|[from] move: Rapid Spin|[of] p2a: Forretress
|
|-heal|p2a: Forretress|71\/354|[from] item: Leftovers
|turn|27
|
|move|p1a: Sceptile|Dragon Pulse|p2a: Forretress
|-resisted|p2a: Forretress
|-damage|p2a: Forretress|0 fnt
|faint|p2a: Forretress
|
|
|switch|p2a: Florges|Florges, F|337\/360
|turn|28
|
|move|p1a: Sceptile|Giga Drain|p2a: Florges
|-damage|p2a: Florges|250\/360
|move|p2a: Florges|Moonblast|p1a: Sceptile
|-supereffective|p1a: Sceptile
|-end|p1a: Sceptile|Substitute
|
|-heal|p2a: Florges|272\/360|[from] item: Leftovers
|turn|29
|
|move|p1a: Sceptile|Giga Drain|p2a: Florges
|-damage|p2a: Florges|190\/360
|move|p2a: Florges|Moonblast|p1a: Sceptile
|-supereffective|p1a: Sceptile
|-damage|p1a: Sceptile|24\/282
|
|-heal|p2a: Florges|212\/360|[from] item: Leftovers
|turn|30
|c| poonHunter (DD)|rip
|c|★porrtal 2|gg
|c|★DMT|gg
|
|move|p1a: Sceptile|Focus Blast|p2a: Florges
|-resisted|p2a: Florges
|-damage|p2a: Florges|169\/360
|move|p2a: Florges|Moonblast|p1a: Sceptile
|-supereffective|p1a: Sceptile
|-damage|p1a: Sceptile|0 fnt
|faint|p1a: Sceptile
|
|win|porrtal 2
|leave|poonHunter (DD)
|leave|DMT
|player|p1
|join|DMT
|leave|Ajna
|leave|DMT