|join|DMT
|join|Typhlosion271
|player|p1|DMT|184
|player|p2|Typhlosion271|35
|gametype|singles
|gen|6
|tier|UU
|rule|Sleep Clause Mod: Limit one foe put to sleep
|rule|Species Clause: Limit one of each Pokémon
|rule|OHKO Clause: OHKO moves are banned
|rule|Moody Clause: Moody is banned
|rule|Evasion Moves Clause: Evasion moves are banned
|rule|Endless Battle Clause: Forcing endless battles is banned
|rule|HP Percentage Mod: HP is shown in percentages
|clearpoke
|poke|p1|Entei, shiny
|poke|p1|Raikou
|poke|p1|Suicune
|poke|p1|Chesnaught, F
|poke|p1|Crobat, M
|poke|p1|Forretress, M
|poke|p2|Aggron, F
|poke|p2|Suicune
|poke|p2|Donphan, F
|poke|p2|Blissey, F
|poke|p2|Virizion
|poke|p2|Rotom-Heat
|rule|Swagger Clause: Swagger is banned
|rule|Baton Pass Clause: Limit one Pokémon knowing Baton Pass
|teampreview
|c|★DMT|bl dhf
|join|DrReuniclus3
|join|BIG SEAN'S ADLIBS
|join|Colbrushie
|join|Galexe
|join|Spuun
|join|A1d0g
|join|THE iTodd
|c| A1d0g|WOOOOO
|
|start
|switch|p1a: Entei|Entei, shiny|371\/371
|switch|p2a: Rotom-Heat|Rotom-Heat|241\/241
|-ability|p1a: Entei|Pressure
|turn|1
|c|★Typhlosion271|so confused with all the typo
|join|i wish i had hoes
|
|move|p2a: Rotom-Heat|Volt Switch|p1a: Entei
|-damage|p1a: Entei|227\/371
|join|bestman 2
|
|switch|p2a: Suicune|Suicune|404\/404
|-ability|p2a: Suicune|Pressure
|move|p1a: Entei|Toxic|p2a: Suicune
|-status|p2a: Suicune|tox
|
|-damage|p2a: Suicune|379\/404 tox|[from] psn
|turn|2
|join|Lucipurrr
|c| i wish i had hoes|g dmt
|c| i wish i had hoes|go!
|
|switch|p1a: Chesnaught|Chesnaught, F|380\/380
|move|p2a: Suicune|Scald|p1a: Chesnaught
|-resisted|p1a: Chesnaught
|-damage|p1a: Chesnaught|342\/380
|
|-heal|p2a: Suicune|404\/404 tox|[from] item: Leftovers
|-heal|p1a: Chesnaught|365\/380|[from] item: Leftovers
|-damage|p2a: Suicune|354\/404 tox|[from] psn
|turn|3
|c| A1d0g|Entei with toxic. kek
|c| i wish i had hoes|i love u tyler
|
|switch|p2a: Rotom-Heat|Rotom-Heat|241\/241
|move|p1a: Chesnaught|Spikes|p2a: Rotom-Heat
|-sidestart|p2: Typhlosion271|Spikes
|
|-heal|p1a: Chesnaught|380\/380|[from] item: Leftovers
|turn|4
|c|★DMT|thanks!
|c| i wish i had hoes|pls win
|
|move|p1a: Chesnaught|Spiky Shield|p1a: Chesnaught
|-singleturn|p1a: Chesnaught|move: Protect
|move|p2a: Rotom-Heat|Trick|p1a: Chesnaught
|-activate|p1a: Chesnaught|move: Protect
|
|turn|5
|c|★DMT|ok!
|c| i wish i had hoes|!!!!!!!!!!!!!!!!1
|c|★DMT|I'll try my best
|c|★DMT|!
|
|switch|p2a: Donphan|Donphan, F|383\/383
|-damage|p2a: Donphan|336\/383|[from] Spikes
|switch|p1a: Entei|Entei, shiny|227\/371
|-ability|p1a: Entei|Pressure
|
|turn|6
|c| A1d0g|I like shorts. They are comfy and easy to wear
|c| i wish i had hoes|xD
|c|★DMT|see
|
|switch|p1a: Chesnaught|Chesnaught, F|380\/380
|move|p2a: Donphan|Rapid Spin|p1a: Chesnaught
|-damage|p1a: Chesnaught|360\/380
|-sideend|p2: Typhlosion271|Spikes|[from] move: Rapid Spin|[of] p2a: Donphan
|
|-heal|p1a: Chesnaught|380\/380|[from] item: Leftovers
|turn|7
|c|★DMT|the DMT in me
|c|★DMT|said go for the sacred fire
|
|switch|p2a: Rotom-Heat|Rotom-Heat|241\/241
|move|p1a: Chesnaught|Spikes|p2a: Rotom-Heat
|-sidestart|p2: Typhlosion271|Spikes
|
|turn|8
|c| Colbrushie|don't believe in yourself
|c|★DMT|k
|c| DrReuniclus3|It was an ez burn
|c| DrReuniclus3|tbh
|c| Colbrushie|believe in the dmt who believes in you
|
|move|p1a: Chesnaught|Spiky Shield|p1a: Chesnaught
|-singleturn|p1a: Chesnaught|move: Protect
|move|p2a: Rotom-Heat|Overheat|p1a: Chesnaught
|-activate|p1a: Chesnaught|move: Protect
|
|turn|9
|c| A1d0g|TTGL! <#
|c| DrReuniclus3|10\/10 colbrushie
|c| i wish i had hoes|dads dad says im suckn ur dick dmt
|c| DrReuniclus3|10\/10
|c| i wish i had hoes|:[
|c| Spuun|be a man dmt
|
|switch|p2a: Virizion|Virizion|323\/323
|-damage|p2a: Virizion|283\/323|[from] Spikes
|move|p1a: Chesnaught|Leech Seed|p2a: Virizion
|-immune|p2a: Virizion|[msg]
|
|turn|10
|c|★DMT|oof
|leave|THE iTodd
|c|★DMT|almost manly
|
|move|p2a: Virizion|Swords Dance|p2a: Virizion
|-boost|p2a: Virizion|atk|2
|move|p1a: Chesnaught|Drain Punch|p2a: Virizion
|-damage|p2a: Virizion|150\/323
|
|turn|11
|c|★DMT|I mean 7
|c| Spuun|dont worry, I trus
|c|★DMT|Still
|c|★DMT|p manly
|c| Spuun|t
|
|move|p1a: Chesnaught|Spiky Shield|p1a: Chesnaught
|-singleturn|p1a: Chesnaught|move: Protect
|move|p2a: Virizion|X-Scissor|p1a: Chesnaught
|-activate|p1a: Chesnaught|move: Protect
|-damage|p2a: Virizion|110\/323|[from] Spiky Shield|[of] p1a: Chesnaught
|
|turn|12
|
|switch|p1a: Crobat|Crobat, M|311\/311
|move|p2a: Virizion|Close Combat|p1a: Crobat
|-resisted|p1a: Crobat
|-damage|p1a: Crobat|219\/311
|-unboost|p2a: Virizion|def|1
|-unboost|p2a: Virizion|spd|1
|
|-heal|p1a: Crobat|238\/311|[from] item: Black Sludge
|turn|13
|join|PLOF
|
|switch|p2a: Rotom-Heat|Rotom-Heat|241\/241
|move|p1a: Crobat|Taunt|p2a: Rotom-Heat
|-start|p2a: Rotom-Heat|move: Taunt
|
|-heal|p1a: Crobat|257\/311|[from] item: Black Sludge
|turn|14
|leave|PLOF
|
|switch|p1a: Chesnaught|Chesnaught, F|380\/380
|move|p2a: Rotom-Heat|Volt Switch|p1a: Chesnaught
|-resisted|p1a: Chesnaught
|-damage|p1a: Chesnaught|332\/380
|
|switch|p2a: Aggron|Aggron, F|344\/344
|-damage|p2a: Aggron|301\/344|[from] Spikes
|
|-heal|p1a: Chesnaught|355\/380|[from] item: Leftovers
|turn|15
|
|detailschange|p2a: Aggron|Aggron-Mega, F
|-mega|p2a: Aggron|Aggron|Aggronite
|move|p1a: Chesnaught|Spikes|p2a: Aggron
|-sidestart|p2: Typhlosion271|Spikes
|move|p2a: Aggron|Stealth Rock|p1a: Chesnaught
|-sidestart|p1: DMT|move: Stealth Rock
|
|-heal|p1a: Chesnaught|378\/380|[from] item: Leftovers
|turn|16
|
|move|p1a: Chesnaught|Leech Seed|p2a: Aggron
|-start|p2a: Aggron|move: Leech Seed
|move|p2a: Aggron|Roar|p1a: Chesnaught
|drag|p1a: Raikou|Raikou|321\/321
|-damage|p1a: Raikou|281\/321|[from] Stealth Rock
|-ability|p1a: Raikou|Pressure
|
|-heal|p1a: Raikou|301\/321|[from] item: Leftovers
|-damage|p2a: Aggron|258\/344|[from] Leech Seed|[of] p1a: Raikou
|-heal|p1a: Raikou|321\/321|[silent]
|turn|17
|
|switch|p1a: Crobat|Crobat, M|257\/311
|-damage|p1a: Crobat|180\/311|[from] Stealth Rock
|switch|p2a: Blissey|Blissey, F|714\/714
|-damage|p2a: Blissey|595\/714|[from] Spikes
|
|-heal|p1a: Crobat|199\/311|[from] item: Black Sludge
|-heal|p2a: Blissey|639\/714|[from] item: Leftovers
|turn|18
|c| i wish i had hoes|dmt
|c|★DMT|>???
|
|move|p2a: Blissey|Protect|p2a: Blissey
|-singleturn|p2a: Blissey|Protect
|move|p1a: Crobat|Taunt|p2a: Blissey
|-activate|p2a: Blissey|Protect
|
|-heal|p1a: Crobat|218\/311|[from] item: Black Sludge
|-heal|p2a: Blissey|683\/714|[from] item: Leftovers
|turn|19
|c| i wish i had hoes|am i good at uu
|
|switch|p1a: Forretress|Forretress, M|354\/354
|-damage|p1a: Forretress|310\/354|[from] Stealth Rock
|move|p2a: Blissey|Wish|p2a: Blissey
|
|-heal|p2a: Blissey|714\/714|[from] item: Leftovers
|-heal|p1a: Forretress|332\/354|[from] item: Leftovers
|turn|20
|c|★DMT|yes!
|c| i wish i had hoes|k
|c|★DMT|__absol__utely!
|
|switch|p2a: Donphan|Donphan, F|336\/383
|-damage|p2a: Donphan|273\/383|[from] Spikes
|move|p1a: Forretress|Gyro Ball|p2a: Donphan
|-crit|p2a: Donphan
|-damage|p2a: Donphan|218\/383
|
|-heal|p2a: Donphan|383\/383|[from] move: Wish|[wisher] Blissey
|-heal|p1a: Forretress|354\/354|[from] item: Leftovers
|turn|21
|
|move|p2a: Donphan|Rapid Spin|p1a: Forretress
|-resisted|p1a: Forretress
|-damage|p1a: Forretress|347\/354
|-sideend|p2: Typhlosion271|Spikes|[from] move: Rapid Spin|[of] p2a: Donphan
|move|p1a: Forretress|Rapid Spin|p2a: Donphan
|-damage|p2a: Donphan|371\/383
|-sideend|p1: DMT|Stealth Rock|[from] move: Rapid Spin|[of] p1a: Forretress
|
|-heal|p1a: Forretress|354\/354|[from] item: Leftovers
|turn|22
|
|move|p2a: Donphan|Knock Off|p1a: Forretress
|-damage|p1a: Forretress|289\/354
|-enditem|p1a: Forretress|Leftovers|[from] move: Knock Off|[of] p2a: Donphan
|move|p1a: Forretress|Stealth Rock|p2a: Donphan
|-sidestart|p2: Typhlosion271|move: Stealth Rock
|
|turn|23
|
|switch|p1a: Crobat|Crobat, M|218\/311
|move|p2a: Donphan|Rapid Spin|p1a: Crobat
|-damage|p1a: Crobat|192\/311
|-sideend|p2: Typhlosion271|Stealth Rock|[from] move: Rapid Spin|[of] p2a: Donphan
|
|-heal|p1a: Crobat|211\/311|[from] item: Black Sludge
|turn|24
|
|move|p1a: Crobat|Toxic|p2a: Donphan
|-status|p2a: Donphan|tox
|move|p2a: Donphan|Knock Off|p1a: Crobat
|-damage|p1a: Crobat|89\/311
|-enditem|p1a: Crobat|Black Sludge|[from] move: Knock Off|[of] p2a: Donphan
|
|-damage|p2a: Donphan|348\/383 tox|[from] psn
|turn|25
|
|switch|p1a: Chesnaught|Chesnaught, F|378\/380
|move|p2a: Donphan|Ice Shard|p1a: Chesnaught
|-supereffective|p1a: Chesnaught
|-damage|p1a: Chesnaught|296\/380
|
|-heal|p1a: Chesnaught|319\/380|[from] item: Leftovers
|-damage|p2a: Donphan|302\/383 tox|[from] psn
|turn|26
|
|switch|p2a: Rotom-Heat|Rotom-Heat|241\/241
|move|p1a: Chesnaught|Spikes|p2a: Rotom-Heat
|-sidestart|p2: Typhlosion271|Spikes
|
|-heal|p1a: Chesnaught|342\/380|[from] item: Leftovers
|turn|27
|
|move|p1a: Chesnaught|Spiky Shield|p1a: Chesnaught
|-singleturn|p1a: Chesnaught|move: Protect
|move|p2a: Rotom-Heat|Trick|p1a: Chesnaught
|-activate|p1a: Chesnaught|move: Protect
|
|-heal|p1a: Chesnaught|365\/380|[from] item: Leftovers
|turn|28
|c|★DMT|team needs
|c|★DMT|a ground type
|join|So the Drama
|c| i wish i had hoes|ily
|c| i wish i had hoes|d
|c| i wish i had hoes|m
|c| i wish i had hoes|t
|c|★Typhlosion271|useless scarf is useless....
|
|switch|p1a: Entei|Entei, shiny|227\/371
|-ability|p1a: Entei|Pressure
|move|p2a: Rotom-Heat|Trick|p1a: Entei
|-activate|p2a: Rotom-Heat|move: Trick|[of] p1a: Entei
|-item|p1a: Entei|Choice Scarf|[from] move: Trick
|-item|p2a: Rotom-Heat|Choice Band|[from] move: Trick
|
|turn|29
|join|Bob the Bro
|c|★DMT|hi bob!
|c|★Typhlosion271|Y! band toxic?
|c| So the Drama|slowbro
|c| i wish i had hoes|n
|
|move|p1a: Entei|Stone Edge|p2a: Rotom-Heat
|-supereffective|p2a: Rotom-Heat
|-damage|p2a: Rotom-Heat|29\/241
|move|p2a: Rotom-Heat|Volt Switch|p1a: Entei
|-damage|p1a: Entei|86\/371
|c|★DMT|because it doubles toxic's power
|join|Gerald Eugene III
|
|switch|p2a: Donphan|Donphan, F|302\/383 tox
|-damage|p2a: Donphan|255\/383 tox|[from] Spikes
|
|-damage|p2a: Donphan|232\/383 tox|[from] psn
|turn|30
|
|switch|p1a: Chesnaught|Chesnaught, F|365\/380
|move|p2a: Donphan|Rapid Spin|p1a: Chesnaught
|-damage|p1a: Chesnaught|345\/380
|-sideend|p2: Typhlosion271|Spikes|[from] move: Rapid Spin|[of] p2a: Donphan
|
|-heal|p1a: Chesnaught|368\/380|[from] item: Leftovers
|-damage|p2a: Donphan|186\/383 tox|[from] psn
|turn|31
|c| Bob the Bro|hi dmt
|c|★DMT|hi!
|c| So the Drama|ya hi dmt
|c|★DMT|hi!
|
|switch|p2a: Blissey|Blissey, F|714\/714
|move|p1a: Chesnaught|Spikes|p2a: Blissey
|-sidestart|p2: Typhlosion271|Spikes
|
|-heal|p1a: Chesnaught|380\/380|[from] item: Leftovers
|turn|32
|
|move|p1a: Chesnaught|Leech Seed|p2a: Blissey
|-start|p2a: Blissey|move: Leech Seed
|move|p2a: Blissey|Wish|p2a: Blissey
|
|-damage|p2a: Blissey|625\/714|[from] Leech Seed|[of] p1a: Chesnaught
|turn|33
|
|switch|p2a: Aggron|Aggron-Mega, F|258\/344
|-damage|p2a: Aggron|215\/344|[from] Spikes
|move|p1a: Chesnaught|Drain Punch|p2a: Aggron
|-supereffective|p2a: Aggron
|-damage|p2a: Aggron|148\/344
|
|-heal|p2a: Aggron|344\/344|[from] move: Wish|[wisher] Blissey
|turn|34
|leave|Gerald Eugene III
|c| So the Drama|doesn't chesnaught get sacred sword?
|c|★Typhlosion271|i concede...
|c|★DMT|they said
|c| DrReuniclus3|rip
|c|★DMT|don't ragequit!
|
|move|p1a: Chesnaught|Spikes|p2a: Aggron
|-sidestart|p2: Typhlosion271|Spikes
|move|p2a: Aggron|Stealth Rock|p1a: Chesnaught
|-sidestart|p1: DMT|move: Stealth Rock
|
|turn|35
|c| So the Drama|yeah typhlosion come on
|leave|Typhlosion271
|player|p2
|c|★DMT|\/\/
|c| So the Drama|you always quit
|c| DrReuniclus3|:(
|c| So the Drama|he always quit
Bob the Bro was promoted to Room Voice by DMT.
|c| DrReuniclus3|bob's gonna finish the fight
|c| bestman 2|yep
|c| DrReuniclus3|o
|c| DrReuniclus3|rip
|c|★DMT|finish
|c|★DMT|the
|c|★DMT|fight
|c| DrReuniclus3|He got dqed
|c|★DMT|I dq'd him
|c| Lucipurrr|Lemme Finish DMT
|c| DrReuniclus3|o
Lucipurrr was promoted to Room Voice by DMT.
|c| So the Drama|do !pick
|player|p2|Lucipurrr|77
|c| So the Drama|aww
|c| DrReuniclus3|Nb
|join|Gerald Eugene III
|c|★Lucipurrr|LEt's go!! BIG O!!!!!!!!!!!!!!!!!!!!!!
|
|move|p1a: Chesnaught|Leech Seed|p2a: Aggron
|-start|p2a: Aggron|move: Leech Seed
|move|p2a: Aggron|Roar|p1a: Chesnaught
|drag|p1a: Entei|Entei, shiny|86\/371
|-damage|p1a: Entei|0 fnt|[from] Stealth Rock
|faint|p1a: Entei
|
|c| DrReuniclus3|nice roar
|c|★Lucipurrr|Thanks
|
|switch|p1a: Chesnaught|Chesnaught, F|380\/380
|-damage|p1a: Chesnaught|357\/380|[from] Stealth Rock
|turn|36
|
|switch|p2a: Rotom-Heat|Rotom-Heat|29\/241
|move|p1a: Chesnaught|Spikes|p2a: Rotom-Heat
|-sidestart|p2: Lucipurrr|Spikes
|
|-heal|p1a: Chesnaught|380\/380|[from] item: Leftovers
|turn|37
|
|move|p1a: Chesnaught|Spiky Shield|p1a: Chesnaught
|-singleturn|p1a: Chesnaught|move: Protect
|move|p2a: Rotom-Heat|Overheat|p1a: Chesnaught
|-activate|p1a: Chesnaught|move: Protect
|
|turn|38
|
|switch|p2a: Donphan|Donphan, F|186\/383 tox
|-damage|p2a: Donphan|91\/383 tox|[from] Spikes
|move|p1a: Chesnaught|Drain Punch|p2a: Donphan
|-damage|p2a: Donphan|16\/383 tox
|
|-damage|p2a: Donphan|0 fnt|[from] psn
|faint|p2a: Donphan
|c|★DMT|I lived
|c|★DMT|with 1%
|c|★DMT|if max dmg lol
|c|★Lucipurrr|That's not a free switch =[
|
|switch|p2a: Rotom-Heat|Rotom-Heat|29\/241
|turn|39
|
|switch|p1a: Suicune|Suicune|403\/403
|-damage|p1a: Suicune|353\/403|[from] Stealth Rock
|-ability|p1a: Suicune|Pressure
|move|p2a: Rotom-Heat|Overheat|p1a: Suicune
|-resisted|p1a: Suicune
|-damage|p1a: Suicune|257\/403
|-unboost|p2a: Rotom-Heat|spa|2
|
|turn|40
|c| So the Drama|chesnaught is SpD?
|c|★DMT|ya
|
|switch|p2a: Virizion|Virizion|110\/323
|-damage|p2a: Virizion|30\/323|[from] Spikes
|move|p1a: Suicune|Scald|p2a: Virizion
|-resisted|p2a: Virizion
|-damage|p2a: Virizion|0 fnt
|faint|p2a: Virizion
|
|c|★Lucipurrr|Now that I see his team
|c|★Lucipurrr|I don't know why I decided TV was more relevant
|c|★DMT|lol
|c|★Lucipurrr|This dude's team is kind of garbo
|
|switch|p2a: Suicune|Suicune|354\/404 tox
|-damage|p2a: Suicune|253\/404 tox|[from] Spikes
|-ability|p2a: Suicune|Pressure
|turn|41
|
|switch|p1a: Chesnaught|Chesnaught, F|380\/380
|-damage|p1a: Chesnaught|357\/380|[from] Stealth Rock
|move|p2a: Suicune|Calm Mind|p2a: Suicune
|-boost|p2a: Suicune|spa|1
|-boost|p2a: Suicune|spd|1
|
|-heal|p2a: Suicune|278\/404 tox|[from] item: Leftovers
|-heal|p1a: Chesnaught|380\/380|[from] item: Leftovers
|-damage|p2a: Suicune|253\/404 tox|[from] psn
|turn|42
|
|switch|p2a: Aggron|Aggron-Mega, F|344\/344
|-damage|p2a: Aggron|258\/344|[from] Spikes
|move|p1a: Chesnaught|Leech Seed|p2a: Aggron
|-start|p2a: Aggron|move: Leech Seed
|
|-damage|p2a: Aggron|215\/344|[from] Leech Seed|[of] p1a: Chesnaught
|turn|43
|
|move|p1a: Chesnaught|Drain Punch|p2a: Aggron
|-supereffective|p2a: Aggron
|-damage|p2a: Aggron|148\/344
|move|p2a: Aggron|Heavy Slam|p1a: Chesnaught
|-crit|p1a: Chesnaught
|-damage|p1a: Chesnaught|155\/380
|
|-heal|p1a: Chesnaught|178\/380|[from] item: Leftovers
|-damage|p2a: Aggron|105\/344|[from] Leech Seed|[of] p1a: Chesnaught
|-heal|p1a: Chesnaught|221\/380|[silent]
|turn|44
|c|★Lucipurrr|The whole team is just like
|c|★Lucipurrr|switch fodder
|c|+Bob the Bro|dmt are you winning
|c|★DMT|ow
|c|★DMT|idk
|
|switch|p2a: Suicune|Suicune|253\/404 tox
|-damage|p2a: Suicune|152\/404 tox|[from] Spikes
|-ability|p2a: Suicune|Pressure
|move|p1a: Chesnaught|Spiky Shield|p1a: Chesnaught
|-fail|p1a: Chesnaught
|
|-heal|p2a: Suicune|177\/404 tox|[from] item: Leftovers
|-heal|p1a: Chesnaught|244\/380|[from] item: Leftovers
|-damage|p2a: Suicune|152\/404 tox|[from] psn
|turn|45
|c|★DMT|n getting donk'd
|
|move|p2a: Suicune|Rest|p2a: Suicune
|-status|p2a: Suicune|slp
|-heal|p2a: Suicune|404\/404 slp|[silent]
|-status|p2a: Suicune|slp|[from] move: Rest
|move|p1a: Chesnaught|Leech Seed|p2a: Suicune
|-start|p2a: Suicune|move: Leech Seed
|
|-heal|p1a: Chesnaught|267\/380|[from] item: Leftovers
|-damage|p2a: Suicune|354\/404 slp|[from] Leech Seed|[of] p1a: Chesnaught
|-heal|p1a: Chesnaught|317\/380|[silent]
|turn|46
|
|switch|p2a: Rotom-Heat|Rotom-Heat|29\/241
|switch|p1a: Raikou|Raikou|321\/321
|-damage|p1a: Raikou|281\/321|[from] Stealth Rock
|-ability|p1a: Raikou|Pressure
|
|-heal|p1a: Raikou|301\/321|[from] item: Leftovers
|turn|47
|
|move|p1a: Raikou|Thunderbolt|p2a: Rotom-Heat
|-resisted|p2a: Rotom-Heat
|-damage|p2a: Rotom-Heat|0 fnt
|faint|p2a: Rotom-Heat
|
|-heal|p1a: Raikou|321\/321|[from] item: Leftovers
|c|★DMT|what was
|c|★DMT|4th move
|c|★DMT|trick heat volt
|c|★DMT|wow?
|c|★DMT|nah he's not that good
|c|★Lucipurrr|uh
|c|★Lucipurrr|uh
|c|★DMT|tbolt
|c|★Lucipurrr|uh
|c|★DMT|signalbeam
|c|★Lucipurrr|uh
|c|★DMT|suckerpunch
|c|★Lucipurrr|uh
|c|★Lucipurrr|I don't thinik I checked
|c|★DMT|oh
|c|★Lucipurrr|it was uh
|c|★DMT|k
|c|★Lucipurrr|I only cared for Volt\/Trick\/Oheat
|c|★DMT|ah
|c| i wish i had hoes|ily
|c| So the Drama|no stall :[
|
|switch|p2a: Blissey|Blissey, F|625\/714
|-damage|p2a: Blissey|447\/714|[from] Spikes
|turn|48
|
|switch|p1a: Forretress|Forretress, M|289\/354
|-damage|p1a: Forretress|245\/354|[from] Stealth Rock
|move|p2a: Blissey|Seismic Toss|p1a: Forretress
|-damage|p1a: Forretress|145\/354
|
|-heal|p2a: Blissey|491\/714|[from] item: Leftovers
|turn|49
|
|move|p2a: Blissey|Seismic Toss|p1a: Forretress
|-damage|p1a: Forretress|45\/354
|move|p1a: Forretress|Rapid Spin|p2a: Blissey
|-damage|p2a: Blissey|466\/714
|-sideend|p1: DMT|Stealth Rock|[from] move: Rapid Spin|[of] p1a: Forretress
|
|-heal|p2a: Blissey|510\/714|[from] item: Leftovers
|turn|50
|
|switch|p1a: Chesnaught|Chesnaught, F|317\/380
|move|p2a: Blissey|Seismic Toss|p1a: Chesnaught
|-damage|p1a: Chesnaught|217\/380
|
|-heal|p1a: Chesnaught|240\/380|[from] item: Leftovers
|-heal|p2a: Blissey|554\/714|[from] item: Leftovers
|turn|51
|
|move|p1a: Chesnaught|Leech Seed|p2a: Blissey
|-start|p2a: Blissey|move: Leech Seed
|move|p2a: Blissey|Heal Bell|p2a: Blissey
|-cureteam|p2a: Blissey|[from] move: HealBell
|
|-heal|p1a: Chesnaught|263\/380|[from] item: Leftovers
|-heal|p2a: Blissey|598\/714|[from] item: Leftovers
|-damage|p2a: Blissey|509\/714|[from] Leech Seed|[of] p1a: Chesnaught
|-heal|p1a: Chesnaught|352\/380|[silent]
|turn|52
|
|switch|p2a: Aggron|Aggron-Mega, F|105\/344
|-damage|p2a: Aggron|19\/344|[from] Spikes
|move|p1a: Chesnaught|Leech Seed|p2a: Aggron
|-start|p2a: Aggron|move: Leech Seed
|
|-heal|p1a: Chesnaught|375\/380|[from] item: Leftovers
|-damage|p2a: Aggron|0 fnt|[from] Leech Seed|[of] p1a: Chesnaught
|-heal|p1a: Chesnaught|380\/380|[silent]
|faint|p2a: Aggron
|c| i wish i had hoes|dmtt
|
|switch|p2a: Suicune|Suicune|354\/404
|-damage|p2a: Suicune|253\/404|[from] Spikes
|-ability|p2a: Suicune|Pressure
|turn|53
|c| i wish i had hoes|!
|
|switch|p1a: Raikou|Raikou|321\/321
|-ability|p1a: Raikou|Pressure
|move|p2a: Suicune|Rest|p2a: Suicune
|-status|p2a: Suicune|slp
|-heal|p2a: Suicune|404\/404 slp|[silent]
|-status|p2a: Suicune|slp|[from] move: Rest
|
|turn|54
|c|★Lucipurrr|I misclicked
|c|★Lucipurrr|lmao
|c|★DMT|oopsies
|c|★Lucipurrr|lol
|
|switch|p1a: Chesnaught|Chesnaught, F|380\/380
|switch|p2a: Blissey|Blissey, F|509\/714
|-damage|p2a: Blissey|331\/714|[from] Spikes
|
|-heal|p2a: Blissey|375\/714|[from] item: Leftovers
|turn|55
|c| i wish i had hoes|gg
|
|move|p1a: Chesnaught|Drain Punch|p2a: Blissey
|-supereffective|p2a: Blissey
|-damage|p2a: Blissey|49\/714
|move|p2a: Blissey|Wish|p2a: Blissey
|
|-heal|p2a: Blissey|93\/714|[from] item: Leftovers
|turn|56
|c|★Lucipurrr|This dudes team though
|c|★Lucipurrr|I don't know how he got to finales
|
|move|p2a: Blissey|Protect|p2a: Blissey
|-singleturn|p2a: Blissey|Protect
|move|p1a: Chesnaught|Drain Punch|p2a: Blissey
|-activate|p2a: Blissey|Protect
|
|-heal|p2a: Blissey|450\/714|[from] move: Wish|[wisher] Blissey
|-heal|p2a: Blissey|494\/714|[from] item: Leftovers
|turn|57
|c|★DMT|lol
|c|★DMT|oh dear it's cancer bliss
|join|watfor
|c|★Lucipurrr|I shouldn't have let him win lol
|
|move|p1a: Chesnaught|Leech Seed|p2a: Blissey
|-start|p2a: Blissey|move: Leech Seed
|move|p2a: Blissey|Seismic Toss|p1a: Chesnaught
|-damage|p1a: Chesnaught|280\/380
|
|-heal|p1a: Chesnaught|303\/380|[from] item: Leftovers
|-heal|p2a: Blissey|538\/714|[from] item: Leftovers
|-damage|p2a: Blissey|449\/714|[from] Leech Seed|[of] p1a: Chesnaught
|-heal|p1a: Chesnaught|380\/380|[silent]
|turn|58
|c| i wish i had hoes|end
|c| i wish i had hoes|i
|c|★Lucipurrr|You and your gimmick dogs
|
|switch|p1a: Crobat|Crobat, M|89\/311
|switch|p2a: Suicune|Suicune|404\/404 slp
|-damage|p2a: Suicune|303\/404 slp|[from] Spikes
|-ability|p2a: Suicune|Pressure
|
|-heal|p2a: Suicune|328\/404 slp|[from] item: Leftovers
|turn|59
|c|★DMT|__gimmick__
|
|move|p1a: Crobat|Taunt|p2a: Suicune
|-start|p2a: Suicune|move: Taunt
|cant|p2a: Suicune|slp
|
|-heal|p2a: Suicune|353\/404 slp|[from] item: Leftovers
|turn|60
|
|switch|p1a: Raikou|Raikou|321\/321
|-ability|p1a: Raikou|Pressure
|cant|p2a: Suicune|slp
|
|-heal|p2a: Suicune|378\/404 slp|[from] item: Leftovers
|turn|61
|
|switch|p2a: Blissey|Blissey, F|449\/714
|-damage|p2a: Blissey|271\/714|[from] Spikes
|move|p1a: Raikou|Thunderbolt|p2a: Blissey
|-damage|p2a: Blissey|148\/714
|
|-heal|p2a: Blissey|192\/714|[from] item: Leftovers
|turn|62
|
|switch|p1a: Chesnaught|Chesnaught, F|380\/380
|move|p2a: Blissey|Wish|p2a: Blissey
|
|-heal|p2a: Blissey|236\/714|[from] item: Leftovers
|turn|63
|
|move|p2a: Blissey|Protect|p2a: Blissey
|-singleturn|p2a: Blissey|Protect
|move|p1a: Chesnaught|Drain Punch|p2a: Blissey
|-activate|p2a: Blissey|Protect
|
|-heal|p2a: Blissey|593\/714|[from] move: Wish|[wisher] Blissey
|-heal|p2a: Blissey|637\/714|[from] item: Leftovers
|turn|64
|
|move|p1a: Chesnaught|Leech Seed|p2a: Blissey
|-start|p2a: Blissey|move: Leech Seed
|move|p2a: Blissey|Wish|p2a: Blissey
|
|-heal|p2a: Blissey|681\/714|[from] item: Leftovers
|-damage|p2a: Blissey|592\/714|[from] Leech Seed|[of] p1a: Chesnaught
|turn|65
|
|switch|p1a: Raikou|Raikou|321\/321
|-ability|p1a: Raikou|Pressure
|switch|p2a: Suicune|Suicune|378\/404 slp
|-damage|p2a: Suicune|277\/404 slp|[from] Spikes
|-ability|p2a: Suicune|Pressure
|
|-heal|p2a: Suicune|404\/404 slp|[from] move: Wish|[wisher] Blissey
|turn|66
|
|switch|p1a: Chesnaught|Chesnaught, F|380\/380
|-curestatus|p2a: Suicune|slp
|move|p2a: Suicune|Calm Mind|p2a: Suicune
|-boost|p2a: Suicune|spa|1
|-boost|p2a: Suicune|spd|1
|
|turn|67
|c|★DMT|oooo
|
|move|p2a: Suicune|Scald|p1a: Chesnaught
|-crit|p1a: Chesnaught
|-resisted|p1a: Chesnaught
|-damage|p1a: Chesnaught|302\/380
|move|p1a: Chesnaught|Leech Seed|p2a: Suicune
|-start|p2a: Suicune|move: Leech Seed
|
|-heal|p1a: Chesnaught|325\/380|[from] item: Leftovers
|-damage|p2a: Suicune|354\/404|[from] Leech Seed|[of] p1a: Chesnaught
|-heal|p1a: Chesnaught|375\/380|[silent]
|turn|68
|
|switch|p1a: Forretress|Forretress, M|45\/354
|move|p2a: Suicune|Scald|p1a: Forretress
|-damage|p1a: Forretress|0 fnt
|faint|p1a: Forretress
|
|-heal|p2a: Suicune|379\/404|[from] item: Leftovers
|
|switch|p1a: Suicune|Suicune|257\/403
|-ability|p1a: Suicune|Pressure
|turn|69
|
|move|p1a: Suicune|Calm Mind|p1a: Suicune
|-boost|p1a: Suicune|spa|1
|-boost|p1a: Suicune|spd|1
|move|p2a: Suicune|Calm Mind|p2a: Suicune
|-boost|p2a: Suicune|spa|1
|-boost|p2a: Suicune|spd|1
|
|-heal|p2a: Suicune|404\/404|[from] item: Leftovers
|-damage|p2a: Suicune|354\/404|[from] Leech Seed|[of] p1a: Suicune
|-heal|p1a: Suicune|307\/403|[silent]
|turn|70
|
|move|p1a: Suicune|Calm Mind|p1a: Suicune
|-boost|p1a: Suicune|spa|1
|-boost|p1a: Suicune|spd|1
|move|p2a: Suicune|Scald|p1a: Suicune
|-resisted|p1a: Suicune
|-damage|p1a: Suicune|272\/403
|
|-heal|p2a: Suicune|379\/404|[from] item: Leftovers
|-damage|p2a: Suicune|329\/404|[from] Leech Seed|[of] p1a: Suicune
|-heal|p1a: Suicune|322\/403|[silent]
|turn|71
|
|move|p1a: Suicune|Calm Mind|p1a: Suicune
|-boost|p1a: Suicune|spa|1
|-boost|p1a: Suicune|spd|1
|move|p2a: Suicune|Calm Mind|p2a: Suicune
|-boost|p2a: Suicune|spa|1
|-boost|p2a: Suicune|spd|1
|
|-heal|p2a: Suicune|354\/404|[from] item: Leftovers
|-damage|p2a: Suicune|304\/404|[from] Leech Seed|[of] p1a: Suicune
|-heal|p1a: Suicune|372\/403|[silent]
|turn|72
|
|switch|p1a: Raikou|Raikou|321\/321
|-ability|p1a: Raikou|Pressure
|move|p2a: Suicune|Calm Mind|p2a: Suicune
|-boost|p2a: Suicune|spa|1
|-boost|p2a: Suicune|spd|1
|
|-heal|p2a: Suicune|329\/404|[from] item: Leftovers
|-damage|p2a: Suicune|279\/404|[from] Leech Seed|[of] p1a: Raikou
|turn|73
|
|move|p1a: Raikou|Calm Mind|p1a: Raikou
|-boost|p1a: Raikou|spa|1
|-boost|p1a: Raikou|spd|1
|move|p2a: Suicune|Scald|p1a: Raikou
|-damage|p1a: Raikou|138\/321
|-status|p1a: Raikou|brn
|
|-heal|p1a: Raikou|158\/321 brn|[from] item: Leftovers
|-heal|p2a: Suicune|304\/404|[from] item: Leftovers
|-damage|p2a: Suicune|254\/404|[from] Leech Seed|[of] p1a: Raikou
|-heal|p1a: Raikou|208\/321 brn|[silent]
|-damage|p1a: Raikou|168\/321 brn|[from] brn
|turn|74
|
|move|p1a: Raikou|Calm Mind|p1a: Raikou
|-boost|p1a: Raikou|spa|1
|-boost|p1a: Raikou|spd|1
|move|p2a: Suicune|Scald|p1a: Raikou
|-damage|p1a: Raikou|27\/321 brn
|
|-heal|p1a: Raikou|47\/321 brn|[from] item: Leftovers
|-heal|p2a: Suicune|279\/404|[from] item: Leftovers
|-damage|p2a: Suicune|229\/404|[from] Leech Seed|[of] p1a: Raikou
|-heal|p1a: Raikou|97\/321 brn|[silent]
|-damage|p1a: Raikou|57\/321 brn|[from] brn
|turn|75
|c|★Lucipurrr|Where's your Dog now
|c|★Lucipurrr|Oh
|c|★DMT|idklel
|c|★Lucipurrr|Oh
|c|★Lucipurrr|okay
|
|move|p1a: Raikou|Thunderbolt|p2a: Suicune
|-supereffective|p2a: Suicune
|-damage|p2a: Suicune|49\/404
|move|p2a: Suicune|Scald|p1a: Raikou
|-damage|p1a: Raikou|0 fnt
|faint|p1a: Raikou
|
|-heal|p2a: Suicune|74\/404|[from] item: Leftovers
|c|★Lucipurrr|No, there he is
|
|switch|p1a: Crobat|Crobat, M|89\/311
|turn|76
|c|★Lucipurrr|Right next to you
|c|★Lucipurrr|And your two dead dawgs
|
|move|p1a: Crobat|Taunt|p2a: Suicune
|-start|p2a: Suicune|move: Taunt
|move|p2a: Suicune|Scald|p1a: Crobat
|-damage|p1a: Crobat|0 fnt
|faint|p1a: Crobat
|
|-heal|p2a: Suicune|99\/404|[from] item: Leftovers
|c|★DMT|awe
|c|★Lucipurrr|I wat planning on killing all three dogs
|c|★Lucipurrr|But w\/e
|c|★DMT|o
|c| So the Drama|choke?
|c|★Lucipurrr|This was enoguh
|
|switch|p1a: Suicune|Suicune|372\/403
|-ability|p1a: Suicune|Pressure
|turn|77
|
|move|p1a: Suicune|Scald|p2a: Suicune
|-resisted|p2a: Suicune
|-damage|p2a: Suicune|87\/404
|-status|p2a: Suicune|brn
|move|p2a: Suicune|Scald|p1a: Suicune
|-resisted|p1a: Suicune
|-damage|p1a: Suicune|249\/403
|-status|p1a: Suicune|brn
|
|-heal|p2a: Suicune|112\/404 brn|[from] item: Leftovers
|-damage|p2a: Suicune|62\/404 brn|[from] Leech Seed|[of] p1a: Suicune
|-heal|p1a: Suicune|299\/403 brn|[silent]
|-damage|p1a: Suicune|249\/403 brn|[from] brn
|-damage|p2a: Suicune|12\/404 brn|[from] brn
|turn|78
|c|★Lucipurrr|Nah, he got cocky
|c|★Lucipurrr|I think?
|c|★DMT|???
|
|move|p1a: Suicune|Rest|p1a: Suicune
|-status|p1a: Suicune|slp
|-heal|p1a: Suicune|403\/403 slp|[silent]
|-status|p1a: Suicune|slp|[from] move: Rest
|-enditem|p1a: Suicune|Chesto Berry|[eat]
|-curestatus|p1a: Suicune|slp
|move|p2a: Suicune|Scald|p1a: Suicune
|-resisted|p1a: Suicune
|-damage|p1a: Suicune|282\/403
|-status|p1a: Suicune|brn
|
|-heal|p2a: Suicune|37\/404 brn|[from] item: Leftovers
|-damage|p2a: Suicune|0 fnt|[from] Leech Seed|[of] p1a: Suicune
|-heal|p1a: Suicune|319\/403 brn|[silent]
|-damage|p1a: Suicune|269\/403 brn|[from] brn
|faint|p2a: Suicune
|c|★Lucipurrr|I forgot I was taunted
|c|★Lucipurrr|gg
|c|★DMT|ya
|c|★DMT|gg
|c|★Lucipurrr|gg
|leave|DrReuniclus3
|
|switch|p2a: Blissey|Blissey, F|592\/714
|-damage|p2a: Blissey|414\/714|[from] Spikes
|turn|79
|
|switch|p1a: Chesnaught|Chesnaught, F|375\/380
|move|p2a: Blissey|Seismic Toss|p1a: Chesnaught
|-damage|p1a: Chesnaught|275\/380
|
|-heal|p1a: Chesnaught|298\/380|[from] item: Leftovers
|-heal|p2a: Blissey|458\/714|[from] item: Leftovers
|turn|80
|join|DrReuniclus3
|
|move|p1a: Chesnaught|Leech Seed|p2a: Blissey|[miss]
|-miss|p1a: Chesnaught|p2a: Blissey
|move|p2a: Blissey|Wish|p2a: Blissey
|
|-heal|p1a: Chesnaught|321\/380|[from] item: Leftovers
|-heal|p2a: Blissey|502\/714|[from] item: Leftovers
|turn|81
|leave|DrReuniclus3
|join|Typhlosion271
|
|move|p1a: Chesnaught|Leech Seed|p2a: Blissey
|-start|p2a: Blissey|move: Leech Seed
|move|p2a: Blissey|Seismic Toss|p1a: Chesnaught
|-damage|p1a: Chesnaught|221\/380
|
|-heal|p2a: Blissey|714\/714|[from] move: Wish|[wisher] Blissey
|-heal|p1a: Chesnaught|244\/380|[from] item: Leftovers
|-damage|p2a: Blissey|625\/714|[from] Leech Seed|[of] p1a: Chesnaught
|-heal|p1a: Chesnaught|333\/380|[silent]
|turn|82
|c|★DMT|lol
|c|★DMT|I have
|c|★Lucipurrr|King and CSB would be proud
|leave|Bob the Bro
|c|★DMT|1 leech seed left
|c|★Lucipurrr|Knowing I sent your dawgs to heaven
|
|move|p1a: Chesnaught|Drain Punch|p2a: Blissey
|-supereffective|p2a: Blissey
|-damage|p2a: Blissey|301\/714
|-heal|p1a: Chesnaught|380\/380|[from] drain|[of] p2a: Blissey
|move|p2a: Blissey|Seismic Toss|p1a: Chesnaught
|-damage|p1a: Chesnaught|280\/380
|
|-heal|p1a: Chesnaught|303\/380|[from] item: Leftovers
|-heal|p2a: Blissey|345\/714|[from] item: Leftovers
|-damage|p2a: Blissey|256\/714|[from] Leech Seed|[of] p1a: Chesnaught
|-heal|p1a: Chesnaught|380\/380|[silent]
|turn|83
|c|★DMT|it's dead!
|
|move|p1a: Chesnaught|Drain Punch|p2a: Blissey
|-supereffective|p2a: Blissey
|-damage|p2a: Blissey|0 fnt
|faint|p2a: Blissey
|
|win|DMT
|c|★Lucipurrr|gg
|c|★DMT|gg
|leave|DMT
|player|p1