|join|omegaW
|join|DMT
|player|p1|omegaW|216
|player|p2|DMT|184
|gametype|singles
|gen|6
|tier|UU
|rule|Sleep Clause Mod: Limit one foe put to sleep
|rule|Species Clause: Limit one of each Pokémon
|rule|OHKO Clause: OHKO moves are banned
|rule|Moody Clause: Moody is banned
|rule|Evasion Moves Clause: Evasion moves are banned
|rule|Endless Battle Clause: Forcing endless battles is banned
|rule|HP Percentage Mod: HP is shown in percentages
|clearpoke
|poke|p1|Moltres
|poke|p1|Escavalier, F
|poke|p1|Alomomola, M
|poke|p1|Diancie
|poke|p1|Amoonguss, F
|poke|p1|Snorlax, F
|poke|p2|Abomasnow, F
|poke|p2|Suicune
|poke|p2|Krookodile, F
|poke|p2|Goodra, F
|poke|p2|Crobat, F
|poke|p2|Chandelure, F
|rule|Swagger Clause: Swagger is banned
|rule|Baton Pass Clause: Limit one Pokémon knowing Baton Pass
|teampreview
|join|christie sims
|c|★omegaW|H-Hi again DMT
|c| christie sims|love alomomola in UU
|c|★omegaW|;-;
|c|★DMT|hiiiiiiiiiiiiiiiiiiiii
|c|★omegaW|plz dnt rek me too bad
|c|★omegaW|;-;
|c|★DMT|ok
|
|start
|switch|p1a: Escavalier|Escavalier, F|344\/344
|switch|p2a: Goodra|Goodra, F|335\/335
|turn|1
|c| christie sims|i dont know why it is RU
|c| christie sims|works magnificent 4 me
|
|switch|p1a: Moltres|Moltres|384\/384
|-ability|p1a: Moltres|Pressure
|move|p2a: Goodra|Iron Tail|p1a: Moltres
|-resisted|p1a: Moltres
|-damage|p1a: Moltres|288\/384
|
|-heal|p1a: Moltres|312\/384|[from] item: Leftovers
|turn|2
|
|switch|p2a: Chandelure|Chandelure, F|261\/261
|move|p1a: Moltres|Will-O-Wisp|p2a: Chandelure
|-start|p2a: Chandelure|ability: Flash Fire
|
|-heal|p1a: Moltres|336\/384|[from] item: Leftovers
|turn|3
|join|LessThanThreeMan
|c|★omegaW|o noooo
|join|Happee
|c|★omegaW|o noooo LTTM
|c|★omegaW|is here too
|c|★omegaW|;-;
|c| LessThanThreeMan|eek!
|leave|LessThanThreeMan
|c| christie sims|prediciting the prediction
|c| christie sims|nice
|
|switch|p1a: Snorlax|Snorlax, F|524\/524
|move|p2a: Chandelure|Fire Blast|p1a: Snorlax
|-damage|p1a: Snorlax|328\/524
|
|-heal|p1a: Snorlax|360\/524|[from] item: Leftovers
|turn|4
|join|LessThanThreeMan
|
|move|p2a: Chandelure|Fire Blast|p1a: Snorlax
|-damage|p1a: Snorlax|141\/524
|move|p1a: Snorlax|Frustration|p2a: Chandelure
|-immune|p2a: Chandelure|[msg]
|
|-heal|p1a: Snorlax|173\/524|[from] item: Leftovers
|turn|5
|join|Buffnutkitty
|join|I am......Zubatman
|c|★omegaW|nooooo
|c| christie sims|lol wat?
|c|★DMT|rip everything
|c|★omegaW|why i do that
|c|★omegaW|wait
|c|★DMT|idklel
|c|★omegaW|no
|c|★omegaW|its ok
|c|★DMT|dn't miss
|c|★DMT|plz
|c|★DMT|burn the fish
|c|★DMT|burn the fish
|c|★omegaW|you are gonna
|c|★DMT|burn the fish
|c|★DMT|burn the fish
|c|★DMT|burn the fish
|c|★omegaW|miss
|c|★DMT|burn the fish
|c|★DMT|burn the fish
|c|★DMT|burn the fish
|c|★DMT|burn the fish
|join|She's a Maniac
|c|★omegaW|miss
|c|★omegaW|miss
|c|★omegaW|miss
|c|★omegaW|miss
|c|★DMT|burn the fish
|c|★DMT|burn the fish
|c|★DMT|burn the fish
|c|★DMT|burn the fish
|c|★DMT|burn the fish
|c|★omegaW|miss
|c|★DMT|burn the fish
|c|★DMT|burn the fish
|c| Buffnutkitty|god stfu
|c|★omegaW|miss
|c|★omegaW|miss
|c|★DMT|burn the fish
|c|★DMT|burn the fish
|c|★DMT|burn the fish
|c|★DMT|burn the fish
|c|★DMT|burn the fish
|c|★omegaW|miss
|c|★omegaW|miss
|c|★omegaW|miss
|c|★omegaW|miss
|c|★omegaW|miss
|
|move|p2a: Chandelure|Fire Blast|p1a: Snorlax
|-damage|p1a: Snorlax|0 fnt
|faint|p1a: Snorlax
|
|c|★omegaW|you missed
|join|Acemanassasin
|
|switch|p1a: Diancie|Diancie|241\/241
|turn|6
|c|★DMT|__**ᕙ༼ຈل͜ຈ༽ᕗ burn the fish ᕙ༼ຈل͜ຈ༽ᕗ**__
|
|detailschange|p1a: Diancie|Diancie-Mega
|-mega|p1a: Diancie|Diancie|Diancite
|move|p2a: Chandelure|Fire Blast|p1a: Diancie|[miss]
|-miss|p2a: Chandelure|p1a: Diancie
|move|p1a: Diancie|Rock Polish|p1a: Diancie
|-boost|p1a: Diancie|spe|2
|
|turn|7
|c|★DMT|fuck
|c|★DMT|shit
|c|★omegaW|!!!!!
|c| christie sims|welp
|c|★DMT|gg
|
|switch|p2a: Krookodile|Krookodile, F|331\/331
|-ability|p2a: Krookodile|Intimidate|[of] p1a: Diancie
|-unboost|p1a: Diancie|atk|1
|move|p1a: Diancie|Diamond Storm|p2a: Krookodile
|-resisted|p2a: Krookodile
|-damage|p2a: Krookodile|259\/331
|
|turn|8
|c| Acemanassasin|oh oooo
|c| christie sims|this is awkward
|
|switch|p2a: Crobat|Crobat, F|343\/343
|move|p1a: Diancie|Moonblast|p2a: Crobat
|-resisted|p2a: Crobat
|-damage|p2a: Crobat|213\/343
|
|-heal|p2a: Crobat|234\/343|[from] item: Black Sludge
|turn|9
|c| Buffnutkitty|didn't even miss, that was skillfully dodged
|
|switch|p2a: Suicune|Suicune|373\/373
|-ability|p2a: Suicune|Pressure
|move|p1a: Diancie|Diamond Storm|p2a: Suicune
|-damage|p2a: Suicune|261\/373
|
|-heal|p2a: Suicune|284\/373|[from] item: Leftovers
|turn|10
|c| Acemanassasin|why do that unless scarfed?
|c| Buffnutkitty|Even said, "Avoided"
|
|move|p1a: Diancie|Moonblast|p2a: Suicune
|-damage|p2a: Suicune|97\/373
|move|p2a: Suicune|Scald|p1a: Diancie
|-supereffective|p1a: Diancie
|-damage|p1a: Diancie|41\/241
|
|-heal|p2a: Suicune|120\/373|[from] item: Leftovers
|turn|11
|c|★omegaW|!!!
|c| Acemanassasin|free damage everywhere
|
|move|p1a: Diancie|Moonblast|p2a: Suicune
|-damage|p2a: Suicune|0 fnt
|faint|p2a: Suicune
|
|c| Buffnutkitty|He's livin
|
|switch|p2a: Abomasnow|Abomasnow, F|337\/337
|turn|12
|c| Buffnutkitty|He definitely just lived
|c| Acemanassasin|ice shard
|
|switch|p1a: Escavalier|Escavalier, F|344\/344
|move|p2a: Abomasnow|Ice Shard|p1a: Escavalier
|-resisted|p1a: Escavalier
|-damage|p1a: Escavalier|315\/344
|
|-heal|p1a: Escavalier|336\/344|[from] item: Leftovers
|turn|13
|
|switch|p2a: Krookodile|Krookodile, F|259\/331
|-ability|p2a: Krookodile|Intimidate|[of] p1a: Escavalier
|-unboost|p1a: Escavalier|atk|1
|move|p1a: Escavalier|Knock Off|p2a: Krookodile
|-resisted|p2a: Krookodile
|-damage|p2a: Krookodile|204\/331
|-enditem|p2a: Krookodile|Dread Plate|[from] move: Knock Off|[of] p1a: Escavalier
|
|-heal|p1a: Escavalier|344\/344|[from] item: Leftovers
|turn|14
|c| Buffnutkitty|YUM
|join|JSanchzz26
|
|switch|p1a: Alomomola|Alomomola, M|533\/533
|move|p2a: Krookodile|Stealth Rock|p1a: Alomomola
|-sidestart|p1: omegaW|move: Stealth Rock
|
|turn|15
|c|★DMT|n
|c|★DMT|ok
|c|★DMT|that's ok
|
|move|p2a: Krookodile|Knock Off|p1a: Alomomola
|-damage|p1a: Alomomola|395\/533
|-damage|p2a: Krookodile|149\/331|[from] item: Rocky Helmet|[of] p1a: Alomomola
|-enditem|p1a: Alomomola|Rocky Helmet|[from] move: Knock Off|[of] p2a: Krookodile
|move|p1a: Alomomola|Toxic|p2a: Krookodile
|-status|p2a: Krookodile|tox
|
|-damage|p2a: Krookodile|129\/331 tox|[from] psn
|turn|16
|
|switch|p2a: Goodra|Goodra, F|335\/335
|move|p1a: Alomomola|Wish|p1a: Alomomola
|
|turn|17
|
|switch|p1a: Diancie|Diancie-Mega|41\/241
|-damage|p1a: Diancie|11\/241|[from] Stealth Rock
|move|p2a: Goodra|Power Whip|p1a: Diancie|[miss]
|-miss|p2a: Goodra|p1a: Diancie
|
|-heal|p1a: Diancie|241\/241|[from] move: Wish|[wisher] Alomomola
|turn|18
|c|★DMT|n
|c|★DMT|n
|c|★DMT|n
|c|★DMT|n
|c|★DMT|nnnnnnnnnnnnnnnnnnnnnnnnnnnnnnnnnnnnnnnnnnn
|c| Acemanassasin|dang lol
|c| JSanchzz26|that stinks
|c|★DMT|rip all of the me
|
|switch|p1a: Amoonguss|Amoonguss, F|432\/432
|-damage|p1a: Amoonguss|378\/432|[from] Stealth Rock
|move|p2a: Goodra|Power Whip|p1a: Amoonguss
|-resisted|p1a: Amoonguss
|-damage|p1a: Amoonguss|318\/432
|
|-heal|p1a: Amoonguss|345\/432|[from] item: Black Sludge
|turn|19
|c| JSanchzz26|he could see that from a mile away
|c| Acemanassasin|team is rather weak to mega diancie
|
|switch|p2a: Krookodile|Krookodile, F|129\/331 tox
|-ability|p2a: Krookodile|Intimidate|[of] p1a: Amoonguss
|-unboost|p1a: Amoonguss|atk|1
|move|p1a: Amoonguss|Clear Smog|p2a: Krookodile
|-resisted|p2a: Krookodile
|-damage|p2a: Krookodile|96\/331 tox
|-clearboost|p2a: Krookodile
|
|-heal|p1a: Amoonguss|372\/432|[from] item: Black Sludge
|-damage|p2a: Krookodile|76\/331 tox|[from] psn
|turn|20
|c| JSanchzz26|why didn't u go for a rather more readable move
|c|★DMT|?
|c| Buffnutkitty|Nice and dodged
|
|switch|p2a: Goodra|Goodra, F|335\/335
|switch|p1a: Alomomola|Alomomola, M|533\/533
|-damage|p1a: Alomomola|467\/533|[from] Stealth Rock
|
|turn|21
|c| christie sims|that 20%
|c|★DMT|15%
|c| christie sims|yup
|c| christie sims|mb
|
|switch|p1a: Moltres|Moltres|336\/384
|-damage|p1a: Moltres|144\/384|[from] Stealth Rock
|-ability|p1a: Moltres|Pressure
|move|p2a: Goodra|Power Whip|p1a: Moltres
|-resisted|p1a: Moltres
|-damage|p1a: Moltres|91\/384
|
|-heal|p1a: Moltres|115\/384|[from] item: Leftovers
|turn|22
|c| Acemanassasin|to risky
|
|switch|p2a: Krookodile|Krookodile, F|76\/331 tox
|-ability|p2a: Krookodile|Intimidate|[of] p1a: Moltres
|-unboost|p1a: Moltres|atk|1
|move|p1a: Moltres|Defog|p2a: Krookodile
|-unboost|p2a: Krookodile|evasion|1
|-sideend|p1: omegaW|Stealth Rock|[from] move: Defog|[of] p1a: Moltres
|
|-heal|p1a: Moltres|139\/384|[from] item: Leftovers
|-damage|p2a: Krookodile|56\/331 tox|[from] psn
|turn|23
|c|★omegaW|!!!
|c| JSanchzz26|what
|
|move|p2a: Krookodile|Pursuit|p1a: Moltres
|-damage|p1a: Moltres|72\/384
|move|p1a: Moltres|Flamethrower|p2a: Krookodile
|-damage|p2a: Krookodile|0 fnt
|faint|p2a: Krookodile
|
|-heal|p1a: Moltres|96\/384|[from] item: Leftovers
|c|★DMT|oops
|c| christie sims|lol mfw my defogger us quad weak to SR
|c| JSanchzz26|is this new meta with moltres with roost
|c| christie sims|D:
|
|switch|p2a: Crobat|Crobat, F|234\/343
|turn|24
|c| Acemanassasin|defensive moltress?
|c| JSanchzz26|i mean defog
|c| christie sims|is*
|
|move|p2a: Crobat|Brave Bird|p1a: Moltres
|-damage|p1a: Moltres|0 fnt
|-damage|p2a: Crobat|202\/343|[from] recoil|[of] p1a: Moltres
|faint|p1a: Moltres
|
|-heal|p2a: Crobat|223\/343|[from] item: Black Sludge
|
|switch|p1a: Diancie|Diancie-Mega|241\/241
|turn|25
|c|★omegaW|my name is
|c|★omegaW|princess diancie
|c|★DMT|b
|c|★DMT|a
|
|move|p2a: Crobat|Brave Bird|p1a: Diancie
|-resisted|p1a: Diancie
|-damage|p1a: Diancie|160\/241
|-damage|p2a: Crobat|196\/343|[from] recoil|[of] p1a: Diancie
|move|p1a: Diancie|Diamond Storm|p2a: Crobat
|-supereffective|p2a: Crobat
|-damage|p2a: Crobat|0 fnt
|-boost|p1a: Diancie|def|1
|faint|p2a: Crobat
|
|c|★DMT|l
|c| Acemanassasin|sweep
|c|★DMT|a
|c|★DMT|n
|c|★DMT|c
|c|★DMT|e
|c|★DMT|d
|
|switch|p2a: Goodra|Goodra, F|335\/335
|turn|26
|
|switch|p1a: Escavalier|Escavalier, F|344\/344
|move|p2a: Goodra|Earthquake|p1a: Escavalier
|-damage|p1a: Escavalier|180\/344
|
|-heal|p1a: Escavalier|201\/344|[from] item: Leftovers
|turn|27
|c| christie sims|this is why we cant have mega diancie
|c| Buffnutkitty|Hit him up with that yopper
|
|move|p2a: Goodra|Earthquake|p1a: Escavalier
|-damage|p1a: Escavalier|37\/344
|move|p1a: Escavalier|Megahorn|p2a: Goodra
|-damage|p2a: Goodra|0 fnt
|faint|p2a: Goodra
|
|-heal|p1a: Escavalier|58\/344|[from] item: Leftovers
|c|★DMT|ow
|c| Buffnutkitty|YUM
|
|switch|p2a: Chandelure|Chandelure, F|261\/261
|turn|28
|c| Acemanassasin|its one sweep settle. Dmt just had no counters
|
|move|p2a: Chandelure|Trick|p1a: Escavalier
|-activate|p2a: Chandelure|move: Trick|[of] p1a: Escavalier
|-item|p1a: Escavalier|Choice Specs|[from] move: Trick
|-item|p2a: Chandelure|Leftovers|[from] move: Trick
|move|p1a: Escavalier|Knock Off|p2a: Chandelure
|-supereffective|p2a: Chandelure
|-damage|p2a: Chandelure|0 fnt
|-enditem|p2a: Chandelure|Leftovers|[from] move: Knock Off|[of] p1a: Escavalier
|faint|p2a: Chandelure
|
|c|★DMT|prepare ur angus
|
|switch|p2a: Abomasnow|Abomasnow, F|337\/337
|turn|29
|join|Mega Judy Green
|c| Acemanassasin|mega diancie is perfectly fine in uu
|
|switch|p1a: Alomomola|Alomomola, M|533\/533
|move|p2a: Abomasnow|Swords Dance|p2a: Abomasnow
|-boost|p2a: Abomasnow|atk|2
|
|turn|30
|c| Buffnutkitty|Badaboop bop pow
|c|★omegaW|stop
|c| Mega Judy Green|gg
|c| JSanchzz26|what
|c|★omegaW|plz
|c|★omegaW|plz no
|c|★omegaW|stop
|c|★DMT|__**ᕙ༼ຈل͜ຈ༽ᕗ pepper ur angus ᕙ༼ຈل͜ຈ༽ᕗ**__
|c| christie sims|mega diancie is balanced- no one ever
|join|Mr. Neko
|c|★DMT|__**ᕙ༼ຈل͜ຈ༽ᕗ pepper ur angus ᕙ༼ຈل͜ຈ༽ᕗ**__
|join|Hopkin's Basement
|c|★DMT|__**ᕙ༼ຈل͜ຈ༽ᕗ pepper ur angus ᕙ༼ຈل͜ຈ༽ᕗ**__
|c|★omegaW|Nooooooo
|c|★omegaW|Nooooooo
|c|★omegaW|Nooooooo
|c|★omegaW|Nooooooo
|c| Mega Judy Green|go for sub here
|join|Mighty Dagon
|c| Buffnutkitty|HIT HIM WITH THA TREE
|c| Acemanassasin|christie sims please
|c|★omegaW|you dont have sub
|c|★omegaW|!
|c| christie sims|now that metagross and jirachi are rising
|c| Acemanassasin|wood hammer take half your own life
|c|★omegaW|i run speed
|c| Buffnutkitty|More probably
|c| Hopkin's Basement|hi jed
|c| Buffnutkitty|It's okay, you have brightpoweder
|
|move|p2a: Abomasnow|Swords Dance|p2a: Abomasnow
|-boost|p2a: Abomasnow|atk|2
|move|p1a: Alomomola|Toxic|p2a: Abomasnow
|-status|p2a: Abomasnow|tox
|
|-damage|p2a: Abomasnow|316\/337 tox|[from] psn
|turn|31
|c| Mighty Dagon|u done for
|c| Acemanassasin|greedy protect stall to win
|c|★DMT|yeah
|
|detailschange|p2a: Abomasnow|Abomasnow-Mega, F
|-mega|p2a: Abomasnow|Abomasnow|Abomasite
|-weather|Hail
|move|p1a: Alomomola|Protect|p1a: Alomomola
|-singleturn|p1a: Alomomola|Protect
|move|p2a: Abomasnow|Seed Bomb|p1a: Alomomola
|-activate|p1a: Alomomola|Protect
|
|-weather|Hail|[upkeep]
|-damage|p1a: Alomomola|500\/533|[from] hail
|-damage|p2a: Abomasnow|274\/337 tox|[from] psn
|turn|32
|c|★DMT|I think my angus
|c| Acemanassasin|switch
|c|★DMT|is peppered
|
|switch|p1a: Escavalier|Escavalier, F|58\/344
|move|p2a: Abomasnow|Earthquake|p1a: Escavalier
|-damage|p1a: Escavalier|0 fnt
|faint|p1a: Escavalier
|
|-weather|Hail|[upkeep]
|-damage|p2a: Abomasnow|211\/337 tox|[from] psn
|c| Acemanassasin|then back and protect
|c| Acemanassasin|etc etc
|c| Buffnutkitty|Where's the giga
|c|★DMT|yes
|c|★DMT|I am
|
|switch|p1a: Alomomola|Alomomola, M|533\/533
|turn|33
|c|★DMT|SD giga
|
|move|p1a: Alomomola|Protect|p1a: Alomomola
|-singleturn|p1a: Alomomola|Protect
|move|p2a: Abomasnow|Swords Dance|p2a: Abomasnow
|-boost|p2a: Abomasnow|atk|2
|
|-weather|Hail|[upkeep]
|-damage|p1a: Alomomola|500\/533|[from] hail
|-damage|p2a: Abomasnow|127\/337 tox|[from] psn
|turn|34
|
|switch|p1a: Amoonguss|Amoonguss, F|432\/432
|move|p2a: Abomasnow|Earthquake|p1a: Amoonguss
|-damage|p1a: Amoonguss|0 fnt
|faint|p1a: Amoonguss
|
|-weather|Hail|[upkeep]
|-damage|p2a: Abomasnow|22\/337 tox|[from] psn
|c| Acemanassasin|easy win omega
|c| I am......Zubatman|abomasnow pls stop
|c| I am......Zubatman|too strong
|c|★DMT|gg
|c|★omegaW|gg Fren
|c|★DMT|fuQin diancie!
|c| Mega Judy Green|dmt choked
|c|★omegaW|actually
|c|★DMT|__choked))
|c|★DMT|__choked__
|c| Acemanassasin|idk if he choked
|c|★omegaW|win this fren
|c| Acemanassasin|just outplayed
|-message|omegaW forfeited.
|c| Buffnutkitty|This is modified 1st gen, spc means attacks in general
|
|win|DMT
|c|★DMT|oh
|c| Mega Judy Green|o
|c|★DMT|OH
|c| Acemanassasin|give omega credit
|c|★DMT|OOo
|c| JSanchzz26|what
|leave|christie sims
|leave|Hopkin's Basement
|c| JSanchzz26|why
|leave|DMT
|player|p2
|c| Acemanassasin|dumb
|leave|Buffnutkitty
|c| Mega Judy Green|omega wins in here *points to heart*
|leave|Mega Judy Green
|leave|Mr. Neko