|join|Snickered
|join|Serpi386
|player|p1|Snickered|136
|player|p2|Serpi386|87
|gametype|singles
|gen|6
|tier|OU
|rated
|clearpoke
|poke|p1|Latios, M
|poke|p1|Infernape, M
|poke|p1|Kyurem-Black
|poke|p1|Landorus-Therian, M
|poke|p1|Hawlucha, M
|poke|p1|Venusaur, F
|poke|p2|Mamoswine, F
|poke|p2|Landorus-Therian, M
|poke|p2|Manectric, F
|poke|p2|Excadrill, M
|poke|p2|Azumarill, F
|poke|p2|Tyranitar, F
|rule|Swagger Clause: Swagger is banned
|rule|Baton Pass Clause: Limit one Pokémon knowing Baton Pass
|rule|Sleep Clause Mod: Limit one foe put to sleep
|rule|Species Clause: Limit one of each Pokémon
|rule|OHKO Clause: OHKO moves are banned
|rule|Moody Clause: Moody is banned
|rule|Evasion Moves Clause: Evasion moves are banned
|rule|Endless Battle Clause: Forcing endless battles is banned
|rule|HP Percentage Mod: HP is shown in percentages
|teampreview
|
|start
|switch|p1a: Kyurem-Black|Kyurem-Black|391\/391
|switch|p2a: Mamoswine|Mamoswine, F|361\/361
|-ability|p1a: Kyurem-Black|Teravolt
|turn|1
|
|switch|p2a: Azumarill|Azumarill, F|404\/404
|move|p1a: Kyurem-Black|Iron Head|p2a: Azumarill
|-damage|p2a: Azumarill|263\/404
|
|turn|2
|
|switch|p1a: Venusaur|Venusaur, F|322\/322
|switch|p2a: Excadrill|Excadrill, M|361\/361
|-item|p2a: Excadrill|Air Balloon
|
|turn|3
|
|detailschange|p1a: Venusaur|Venusaur-Mega, F
|message|Venusaur has Mega Evolved into Mega Venusaur!
|move|p2a: Excadrill|Swords Dance|p2a: Excadrill
|-boost|p2a: Excadrill|atk|2
|move|p1a: Venusaur|Sleep Powder|p2a: Excadrill
|-status|p2a: Excadrill|slp
|
|turn|4
|
|switch|p2a: Landorus-Therian|Landorus-Therian, M|319\/319
|-ability|p2a: Landorus-Therian|Intimidate|[of] p1a: Venusaur
|-unboost|p1a: Venusaur|atk|1
|move|p1a: Venusaur|Giga Drain|p2a: Landorus-Therian
|-damage|p2a: Landorus-Therian|177\/319
|
|turn|5
|
|move|p2a: Landorus-Therian|U-turn|p1a: Venusaur
|-damage|p1a: Venusaur|251\/322
|
|switch|p2a: Tyranitar|Tyranitar, F|404\/404
|-weather|Sandstorm
|move|p1a: Venusaur|Giga Drain|p2a: Tyranitar
|-supereffective|p2a: Tyranitar
|-damage|p2a: Tyranitar|246\/404
|-heal|p1a: Venusaur|322\/322|[from] drain|[of] p2a: Tyranitar
|
|-weather|Sandstorm|[upkeep]
|-damage|p1a: Venusaur|302\/322|[from] sandstorm
|turn|6
|
|move|p1a: Venusaur|Giga Drain|p2a: Tyranitar
|-supereffective|p2a: Tyranitar
|-damage|p2a: Tyranitar|106\/404
|-heal|p1a: Venusaur|322\/322|[from] drain|[of] p2a: Tyranitar
|move|p2a: Tyranitar|Stealth Rock|p1a: Venusaur
|-sidestart|p1: Snickered|move: Stealth Rock
|
|-weather|Sandstorm|[upkeep]
|-damage|p1a: Venusaur|302\/322|[from] sandstorm
|turn|7
|
|move|p1a: Venusaur|Giga Drain|p2a: Tyranitar
|-supereffective|p2a: Tyranitar
|-damage|p2a: Tyranitar|0 fnt
|-heal|p1a: Venusaur|322\/322|[from] drain|[of] p2a: Tyranitar
|faint|p2a: Tyranitar
|
|-weather|Sandstorm|[upkeep]
|-damage|p1a: Venusaur|302\/322|[from] sandstorm
|
|switch|p2a: Landorus-Therian|Landorus-Therian, M|177\/319
|-ability|p2a: Landorus-Therian|Intimidate|[of] p1a: Venusaur
|-unboost|p1a: Venusaur|atk|1
|turn|8
|
|move|p2a: Landorus-Therian|Earthquake|p1a: Venusaur
|-damage|p1a: Venusaur|131\/322
|move|p1a: Venusaur|Giga Drain|p2a: Landorus-Therian
|-damage|p2a: Landorus-Therian|48\/319
|-heal|p1a: Venusaur|196\/322|[from] drain|[of] p2a: Landorus-Therian
|
|-weather|Sandstorm|[upkeep]
|-damage|p1a: Venusaur|176\/322|[from] sandstorm
|turn|9
|
|move|p2a: Landorus-Therian|Earthquake|p1a: Venusaur
|-damage|p1a: Venusaur|17\/322
|move|p1a: Venusaur|Giga Drain|p2a: Landorus-Therian
|-crit|p2a: Landorus-Therian
|-damage|p2a: Landorus-Therian|0 fnt
|-heal|p1a: Venusaur|41\/322|[from] drain|[of] p2a: Landorus-Therian
|faint|p2a: Landorus-Therian
|
|-weather|Sandstorm|[upkeep]
|-damage|p1a: Venusaur|21\/322|[from] sandstorm
|
|switch|p2a: Manectric|Manectric, F|281\/281
|turn|10
|
|detailschange|p2a: Manectric|Manectric-Mega, F
|message|Manectric has Mega Evolved into Mega Manectric!
|-ability|p2a: Manectric|Intimidate|[of] p1a: Venusaur
|-unboost|p1a: Venusaur|atk|1
|move|p2a: Manectric|Hidden Power|p1a: Venusaur
|-crit|p1a: Venusaur
|-supereffective|p1a: Venusaur
|-damage|p1a: Venusaur|0 fnt
|faint|p1a: Venusaur
|
|-weather|Sandstorm|[upkeep]
|-damage|p2a: Manectric|264\/281|[from] sandstorm
|
|switch|p1a: Landorus-Therian|Landorus-Therian, M|320\/320
|-damage|p1a: Landorus-Therian|280\/320|[from] Stealth Rock
|-ability|p1a: Landorus-Therian|Intimidate|[of] p2a: Manectric
|-unboost|p2a: Manectric|atk|1
|turn|11
|
|switch|p2a: Excadrill|Excadrill, M|361\/361 slp
|-item|p2a: Excadrill|Air Balloon
|move|p1a: Landorus-Therian|U-turn|p2a: Excadrill
|-resisted|p2a: Excadrill
|-damage|p2a: Excadrill|297\/361 slp
|-enditem|p2a: Excadrill|Air Balloon
|
|switch|p1a: Infernape|Infernape, M|293\/293
|-damage|p1a: Infernape|257\/293|[from] Stealth Rock
|
|-weather|Sandstorm|[upkeep]
|-damage|p1a: Infernape|239\/293|[from] sandstorm
|turn|12
|
|cant|p2a: Excadrill|slp
|move|p1a: Infernape|Overheat|p2a: Excadrill
|-supereffective|p2a: Excadrill
|-damage|p2a: Excadrill|0 fnt
|-unboost|p1a: Infernape|spa|2
|faint|p2a: Excadrill
|
|-weather|none
|
|switch|p2a: Azumarill|Azumarill, F|263\/404
|turn|13
|
|move|p2a: Azumarill|Aqua Jet|p1a: Infernape
|-supereffective|p1a: Infernape
|-damage|p1a: Infernape|0 fnt
|faint|p1a: Infernape
|
|
|switch|p1a: Hawlucha|Hawlucha, M|298\/298
|-damage|p1a: Hawlucha|261\/298|[from] Stealth Rock
|turn|14
|
|switch|p2a: Manectric|Manectric-Mega, F|264\/281
|-ability|p2a: Manectric|Intimidate|[of] p1a: Hawlucha
|-unboost|p1a: Hawlucha|atk|1
|move|p1a: Hawlucha|Sky Attack|p2a: Manectric|[still]
|-prepare|p1a: Hawlucha|Sky Attack|p2a: Manectric
|-enditem|p1a: Hawlucha|Power Herb
|-anim|p1a: Hawlucha|Sky Attack|p2a: Manectric
|-resisted|p2a: Manectric
|-damage|p2a: Manectric|171\/281
|
|turn|15
|
|move|p1a: Hawlucha|High Jump Kick|p2a: Manectric
|-damage|p2a: Manectric|9\/281
|move|p2a: Manectric|Thunderbolt|p1a: Hawlucha
|-supereffective|p1a: Hawlucha
|-damage|p1a: Hawlucha|0 fnt
|faint|p1a: Hawlucha
|
|
|switch|p1a: Landorus-Therian|Landorus-Therian, M|280\/320
|-damage|p1a: Landorus-Therian|240\/320|[from] Stealth Rock
|-ability|p1a: Landorus-Therian|Intimidate|[of] p2a: Manectric
|-unboost|p2a: Manectric|atk|1
|turn|16
|
|move|p1a: Landorus-Therian|U-turn|p2a: Manectric
|-damage|p2a: Manectric|0 fnt
|faint|p2a: Manectric
|
|switch|p1a: Kyurem-Black|Kyurem-Black|391\/391
|-damage|p1a: Kyurem-Black|294\/391|[from] Stealth Rock
|-ability|p1a: Kyurem-Black|Teravolt
|
|
|switch|p2a: Azumarill|Azumarill, F|263\/404
|turn|17
|
|switch|p2a: Mamoswine|Mamoswine, F|361\/361
|move|p1a: Kyurem-Black|Fusion Bolt|p2a: Mamoswine
|-immune|p2a: Mamoswine|[msg]
|
|turn|18
|
|switch|p1a: Latios|Latios, M|302\/302
|-damage|p1a: Latios|265\/302|[from] Stealth Rock
|move|p2a: Mamoswine|Icicle Spear|p1a: Latios
|-supereffective|p1a: Latios
|-damage|p1a: Latios|132\/302
|-supereffective|p1a: Latios
|-damage|p1a: Latios|0 fnt
|-hitcount|p1a: Latios|2
|-damage|p2a: Mamoswine|325\/361|[from] item: Life Orb
|faint|p1a: Latios
|
|
|switch|p1a: Kyurem-Black|Kyurem-Black|294\/391
|-damage|p1a: Kyurem-Black|197\/391|[from] Stealth Rock
|-ability|p1a: Kyurem-Black|Teravolt
|turn|19
|
|move|p2a: Mamoswine|Ice Shard|p1a: Kyurem-Black
|-damage|p1a: Kyurem-Black|96\/391
|-damage|p2a: Mamoswine|289\/361|[from] item: Life Orb
|move|p1a: Kyurem-Black|Iron Head|p2a: Mamoswine
|-supereffective|p2a: Mamoswine
|-damage|p2a: Mamoswine|13\/361
|
|turn|20
|
|move|p2a: Mamoswine|Ice Shard|p1a: Kyurem-Black
|-damage|p1a: Kyurem-Black|10\/391
|-damage|p2a: Mamoswine|0 fnt|[from] item: Life Orb
|faint|p2a: Mamoswine
|move|p1a: Kyurem-Black|Iron Head|p2: Mamoswine|[notarget]
|-notarget
|
|
|switch|p2a: Azumarill|Azumarill, F|263\/404
|turn|21
|
|move|p2a: Azumarill|Aqua Jet|p1a: Kyurem-Black
|-resisted|p1a: Kyurem-Black
|-damage|p1a: Kyurem-Black|0 fnt
|faint|p1a: Kyurem-Black
|
|
|switch|p1a: Landorus-Therian|Landorus-Therian, M|240\/320
|-damage|p1a: Landorus-Therian|200\/320|[from] Stealth Rock
|-ability|p1a: Landorus-Therian|Intimidate|[of] p2a: Azumarill
|-unboost|p2a: Azumarill|atk|1
|turn|22
|c|★Snickered|gg
|c|★Serpi386|gg
|
|move|p2a: Azumarill|Aqua Jet|p1a: Landorus-Therian
|-supereffective|p1a: Landorus-Therian
|-damage|p1a: Landorus-Therian|20\/320
|move|p1a: Landorus-Therian|Earthquake|p2a: Azumarill
|-damage|p2a: Azumarill|44\/404
|
|turn|23
|
|move|p2a: Azumarill|Aqua Jet|p1a: Landorus-Therian
|-supereffective|p1a: Landorus-Therian
|-damage|p1a: Landorus-Therian|0 fnt
|faint|p1a: Landorus-Therian
|
|win|Serpi386
|raw|Ladder updating...