|join|iFenrear
|join|Snickered
|player|p1|iFenrear|156
|player|p2|Snickered|34
|gametype|singles
|gen|6
|tier|OU
|clearpoke
|poke|p1|Mew
|poke|p1|Porygon2
|poke|p1|Heracross, M
|poke|p1|Crawdaunt, M
|poke|p1|Dragonite, M
|poke|p1|Magnezone
|poke|p2|Bisharp, F, shiny
|poke|p2|Keldeo-Resolute
|poke|p2|Landorus-Therian, M
|poke|p2|Thundurus, M
|poke|p2|Gardevoir, F, shiny
|poke|p2|Rotom-Wash
|rule|Swagger Clause: Swagger is banned
|rule|Baton Pass Clause: Limit one Pokémon knowing Baton Pass
|rule|Sleep Clause Mod: Limit one foe put to sleep
|rule|Species Clause: Limit one of each Pokémon
|rule|OHKO Clause: OHKO moves are banned
|rule|Moody Clause: Moody is banned
|rule|Evasion Moves Clause: Evasion moves are banned
|rule|Endless Battle Clause: Forcing endless battles is banned
|rule|HP Percentage Mod: HP is shown in percentages
|teampreview
|join|Specs Fake-Out
|join|Derpson99
|join|XperimentTeams
|join|XxDarkDevil3xX
|c|★iFenrear|no change of teams 
|join|TheLaughingCats
|join|itsduff
|c|★Snickered|good luck have fun my man.
|c| Specs Fake-Out|FINALS HYPE
|c|★Snickered|nope
|join|MushMunkey
|c| Specs Fake-Out|FINALS HYPE
|c|★iFenrear|Have fun :)
|join|Sucker Lunch
|join|5e6btr
|c|★Snickered|everyone can confirm this is the time i was using
|join|TheCheeseLord
|c| MushMunkey|>STORM ZONE
|c| MushMunkey|>>>>>>
|c| MushMunkey|<<<<<<
|c| XperimentTeams|Make yer bets for the winner
|
|start
|switch|p1a: Chaos|Mew|404\/404
|switch|p2a: Landorus-Therian|Landorus-Therian, M|320\/320
|-ability|p2a: Landorus-Therian|Intimidate|[of] p1a: Chaos
|-unboost|p1a: Chaos|atk|1
|turn|1
|c| MushMunkey|storm zone will win
|c| MushMunkey|ezpz
|c| Specs Fake-Out|i bet snickered
|join|churos1.5
|c| Specs Fake-Out|sorry fen
|join|Jemalio
|c|★iFenrear|mush don't make any spoilers
|c|★iFenrear|._.
|join|Baldo1
|
|switch|p2a: Rotom-Wash|Rotom-Wash|250\/250
|move|p1a: Chaos|Trick Room|p1a: Chaos
|-fieldstart|move: Trick Room|[of] p1a: Chaos
|
|turn|2
|c| MushMunkey|I wont
|c|★Snickered|DAMN
|c|★Snickered|THE PLAYS FAM
|c| MushMunkey|his team has
|
|move|p1a: Chaos|Stealth Rock|p2a: Rotom-Wash
|-sidestart|p2: Snickered|move: Stealth Rock
|move|p2a: Rotom-Wash|Will-O-Wisp|p1a: Chaos
|-status|p1a: Chaos|brn
|-status|p2a: Rotom-Wash|brn
|
|-damage|p1a: Chaos|354\/404 brn|[from] brn
|-damage|p2a: Rotom-Wash|219\/250 brn|[from] brn
|turn|3
|join|Sharpteeth
|c| MushMunkey|``a mew
|c| MushMunkey|``a mew``
|join|LT8B 5th
|
|switch|p1a: Terminal|Magnezone|344\/344
|switch|p2a: Landorus-Therian|Landorus-Therian, M|320\/320
|-damage|p2a: Landorus-Therian|280\/320|[from] Stealth Rock
|-ability|p2a: Landorus-Therian|Intimidate|[of] p1a: Terminal
|-unboost|p1a: Terminal|atk|1
|
|-heal|p2a: Landorus-Therian|300\/320|[from] item: Leftovers
|turn|4
|join|Sike2303
|c| Specs Fake-Out|can he kill?
|join|Albacore
|join|finalninja243
|
|move|p1a: Terminal|Flash Cannon|p2a: Landorus-Therian
|-damage|p2a: Landorus-Therian|6\/320
|move|p2a: Landorus-Therian|Stealth Rock|p1a: Terminal
|-sidestart|p1: iFenrear|move: Stealth Rock
|
|-heal|p2a: Landorus-Therian|26\/320|[from] item: Leftovers
|turn|5
|c| Specs Fake-Out|lmao
|c| TheCheeseLord|damn
|c|★iFenrear|LOL
|join|Dragongroudon9
|join|Rekt.com
|c|★Snickered|i just wanted rocks lol
|c| LT8B 5th|q_q
|join|user zf
|c| TheLaughingCats|snickereds team is weak to zone 
|c| TheLaughingCats|rip
|join|Draeden
|c|★Snickered|rip to the vip
|
|move|p1a: Terminal|Flash Cannon|p2a: Landorus-Therian
|-damage|p2a: Landorus-Therian|0 fnt
|faint|p2a: Landorus-Therian
|
|-fieldend|move: Trick Room
|join|lukew1697
|
|switch|p2a: Gardevoir|Gardevoir, F, shiny|277\/277
|-damage|p2a: Gardevoir|243\/277|[from] Stealth Rock
|turn|6
|c|★Snickered|nyess
|
|detailschange|p2a: Gardevoir|Gardevoir-Mega, F, shiny
|message|Gardevoir has Mega Evolved into Mega Gardevoir!
|move|p2a: Gardevoir|Focus Blast|p1a: Terminal
|-supereffective|p1a: Terminal
|-damage|p1a: Terminal|0 fnt
|faint|p1a: Terminal
|
|
|switch|p1a: Crawdaunt|Crawdaunt, M|330\/330
|-damage|p1a: Crawdaunt|289\/330|[from] Stealth Rock
|turn|7
|c| LT8B 5th|I believeeee
|c|★iFenrear|>mfw i invested spdef
|c|★iFenrear|...
|
|move|p1a: Crawdaunt|Aqua Jet|p2a: Gardevoir
|-damage|p2a: Gardevoir|23\/277
|move|p2a: Gardevoir|Hyper Voice|p1a: Crawdaunt
|-supereffective|p1a: Crawdaunt
|-damage|p1a: Crawdaunt|0 fnt
|faint|p1a: Crawdaunt
|
|c| Specs Fake-Out|garde is no joke
|
|switch|p1a: Behemoth|Dragonite, M|386\/386
|-damage|p1a: Behemoth|290\/386|[from] Stealth Rock
|turn|8
|c| Sharpteeth|http:\/\/showdown-afd.psim.us\/battle-ou-181119332
|c| Sike2303|lol
|c| TheCheeseLord|damn son
|join|Bowbinator
|join|Talenheim
|
|move|p1a: Behemoth|Extreme Speed|p2a: Gardevoir
|-damage|p2a: Gardevoir|0 fnt
|faint|p2a: Gardevoir
|
|leave|Bowbinator
|
|switch|p2a: Keldeo-Resolute|Keldeo-Resolute|323\/323
|-damage|p2a: Keldeo-Resolute|303\/323|[from] Stealth Rock
|turn|9
|join|DerpZone1
|
|move|p1a: Behemoth|Extreme Speed|p2a: Keldeo-Resolute
|-damage|p2a: Keldeo-Resolute|114\/323
|move|p2a: Keldeo-Resolute|Icy Wind|p1a: Behemoth
|-supereffective|p1a: Behemoth
|-damage|p1a: Behemoth|0 fnt
|faint|p1a: Behemoth
|
|c| Sucker Lunch|XD
|join|AisMoises
|leave|DerpZone1
|
|switch|p1a: Chaos|Mew|354\/404 brn
|-damage|p1a: Chaos|304\/404 brn|[from] Stealth Rock
|turn|10
|c| Specs Fake-Out|nice derp style sprites
|c| XperimentTeams|That link makes any serious thing funny
|join|Kawhii Leonard
|c|★Snickered|hmm
|c|★Snickered|honestly even if i lose
|c| LT8B 5th|woah why'd I click that link lol
|c|★Snickered|I just want a shout out to my rocks play
|c| Specs Fake-Out|neck n neck this battle
|c|★Snickered|#bestplay2014
|c| TheLaughingCats|n
|c| Specs Fake-Out|lol
|
|switch|p2a: Rotom-Wash|Rotom-Wash|219\/250 brn
|-damage|p2a: Rotom-Wash|188\/250 brn|[from] Stealth Rock
|move|p1a: Chaos|Trick Room|p1a: Chaos
|-fieldstart|move: Trick Room|[of] p1a: Chaos
|
|-heal|p1a: Chaos|329\/404 brn|[from] item: Leftovers
|-heal|p2a: Rotom-Wash|203\/250 brn|[from] item: Leftovers
|-damage|p1a: Chaos|279\/404 brn|[from] brn
|-damage|p2a: Rotom-Wash|172\/250 brn|[from] brn
|turn|11
|c|+Albacore|wtf
|
|move|p1a: Chaos|Knock Off|p2a: Rotom-Wash
|-damage|p2a: Rotom-Wash|145\/250 brn
|-enditem|p2a: Rotom-Wash|Leftovers|[from] move: Knock Off|[of] p1a: Chaos
|move|p2a: Rotom-Wash|Hydro Pump|p1a: Chaos
|-damage|p1a: Chaos|185\/404 brn
|
|-heal|p1a: Chaos|210\/404 brn|[from] item: Leftovers
|-damage|p1a: Chaos|160\/404 brn|[from] brn
|-damage|p2a: Rotom-Wash|114\/250 brn|[from] brn
|turn|12
|c| Sucker Lunch|LOL
|c|★iFenrear|i need a tr and here
|
|move|p1a: Chaos|Roost|p1a: Chaos
|-heal|p1a: Chaos|362\/404 brn
|move|p2a: Rotom-Wash|Thunderbolt|p1a: Chaos
|-crit|p1a: Chaos
|-damage|p1a: Chaos|241\/404 brn
|
|-heal|p1a: Chaos|266\/404 brn|[from] item: Leftovers
|-damage|p1a: Chaos|216\/404 brn|[from] brn
|-damage|p2a: Rotom-Wash|83\/250 brn|[from] brn
|turn|13
|c|+finalninja243|# domoge
|
|move|p1a: Chaos|Roost|p1a: Chaos
|-heal|p1a: Chaos|404\/404 brn
|move|p2a: Rotom-Wash|Pain Split|p1a: Chaos
|-sethp|p1a: Chaos|243\/404 brn|p2a: Rotom-Wash|243\/250 brn|[from] move: Pain Split
|
|-heal|p1a: Chaos|268\/404 brn|[from] item: Leftovers
|-damage|p1a: Chaos|218\/404 brn|[from] brn
|-damage|p2a: Rotom-Wash|212\/250 brn|[from] brn
|turn|14
|c|★Snickered|YUM
|c|+finalninja243|inb4 pain split
|c|+finalninja243|yea
|c|+finalninja243|rofl
|c|+Albacore|wtf
|c|+Albacore|is this set
|c|+Albacore|lol
|
|move|p1a: Chaos|Roost|p1a: Chaos
|-heal|p1a: Chaos|404\/404 brn
|move|p2a: Rotom-Wash|Hydro Pump|p1a: Chaos
|-damage|p1a: Chaos|305\/404 brn
|
|-heal|p1a: Chaos|330\/404 brn|[from] item: Leftovers
|-damage|p1a: Chaos|280\/404 brn|[from] brn
|-damage|p2a: Rotom-Wash|181\/250 brn|[from] brn
|-fieldend|move: Trick Room
|turn|15
|c|★Snickered|its the 
|c|★Snickered|i cant believe its not meta set.
|leave|Draeden
|c| XperimentTeams|I think trick room turns are too short D: just 4 usable turns
|leave|Dragongroudon9
|c|+finalninja243|shouldve
|c|+finalninja243|had bp :(
|join|Dragongroudon9
|c|+Albacore|volt switchless rotom
|c|+Albacore|#newmeta
|c|★Snickered|hehe
|c|+finalninja243|#tbolt
|c|+finalninja243|damage
|
|switch|p2a: Thundurus|Thundurus, M|299\/299
|-damage|p2a: Thundurus|225\/299|[from] Stealth Rock
|move|p1a: Chaos|Trick Room|p1a: Chaos
|-fieldstart|move: Trick Room|[of] p1a: Chaos
|
|-heal|p1a: Chaos|305\/404 brn|[from] item: Leftovers
|-damage|p1a: Chaos|255\/404 brn|[from] brn
|turn|16
|c| Specs Fake-Out|burns affect SpA now
|c| Specs Fake-Out|you didnt know?
|
|switch|p1a: R2P2|Porygon2|374\/374
|-damage|p1a: R2P2|328\/374|[from] Stealth Rock
|-ability|p1a: R2P2|Prankster|[from] ability: Trace|[of] p2a: Thundurus
|move|p2a: Thundurus|Thunderbolt|p1a: R2P2
|-damage|p1a: R2P2|219\/374
|-damage|p2a: Thundurus|196\/299|[from] item: Life Orb
|
|turn|17
|
|move|p1a: R2P2|Ice Beam|p2a: Thundurus
|-supereffective|p2a: Thundurus
|-damage|p2a: Thundurus|34\/299
|move|p2a: Thundurus|Focus Blast|p1a: R2P2|[miss]
|-miss|p2a: Thundurus|p1a: R2P2
|
|turn|18
|c|★Snickered|pls
|c|+finalninja243|LOL
|c|★Snickered|NO
|c|★Snickered|LOOOOL
|c|+finalninja243|the damage
|c| Jemalio|...
|c| TheCheeseLord|top jej
|c|★Snickered|top fucking ke
|c|+finalninja243|!data porgyon2
No Pokemon, item, move, ability or nature named 'porgyon2' was found. Showing the data of 'Porygon2' instead.
|c|~|\/data-pokemon Porygon2

|join|IAmGingy
|c|+finalninja243|0 fucking
|c|★iFenrear|lets see the damage shall we
|c|+finalninja243|damage
|c|★iFenrear|:)
|c|+Albacore|and hera sweeps
|c|+Albacore|gg
|join|TheRealMinimod
|c|+finalninja243|download
|
|move|p1a: R2P2|Ice Beam|p2a: Thundurus
|-supereffective|p2a: Thundurus
|-damage|p2a: Thundurus|0 fnt
|faint|p2a: Thundurus
|
|join|qsns
|c|+finalninja243|:(
|c| TheLaughingCats|lol hera wins here
|leave|qsns
|c| TheCheeseLord|PORYGON2 SWEEP LIKE A BROOM
|c| TheLaughingCats|anyway
|join|LT8R MushMunkey
|c|★Snickered|the topest keks were had today
|
|switch|p2a: Bisharp|Bisharp, F, shiny|271\/271
|-damage|p2a: Bisharp|255\/271|[from] Stealth Rock
|turn|19
|c| Specs Fake-Out|LOL
|c|+finalninja243|although albacore
|
|move|p1a: R2P2|Thunderbolt|p2a: Bisharp
|-damage|p2a: Bisharp|158\/271
|move|p2a: Bisharp|Swords Dance|p2a: Bisharp
|-boost|p2a: Bisharp|atk|2
|
|-fieldend|move: Trick Room
|turn|20
|c| TheLaughingCats|recover
|c| Derpson99|It's not GG, they only half wya there
|join|Demandred
|c| Specs Fake-Out|bisharp is a hat
|c|+finalninja243|how piss weak
|join|sneezo-rus
|c| TheLaughingCats|trick room
|c|+finalninja243|is that
|c| LT8B 5th|psycho cut please
|c| TheLaughingCats|now 
|
|move|p2a: Bisharp|Knock Off|p1a: R2P2
|-damage|p1a: R2P2|0 fnt
|-enditem|p1a: R2P2|Eviolite|[from] move: Knock Off|[of] p2a: Bisharp
|faint|p1a: R2P2
|
|
|switch|p1a: Chaos|Mew|255\/404 brn
|-damage|p1a: Chaos|205\/404 brn|[from] Stealth Rock
|turn|21
|c|★Snickered|YUMMY
|c| Sharpteeth|bisharp countersweep.
|c| TheLaughingCats|YOU DIDNT
|c| TheLaughingCats|TRICK
|join|Klobb
|
|move|p2a: Bisharp|Knock Off|p1a: Chaos
|-supereffective|p1a: Chaos
|-damage|p1a: Chaos|0 fnt
|-enditem|p1a: Chaos|Leftovers|[from] move: Knock Off|[of] p2a: Bisharp
|faint|p1a: Chaos
|
|c| TheLaughingCats|YOU WERE 
|c|★iFenrear|How does hera sweep
|c|+Albacore|plz reveal psycho cut
|c| TheLaughingCats|PRANKSTER
|
|switch|p1a: Juggernaut|Heracross, M|364\/364
|-damage|p1a: Juggernaut|319\/364|[from] Stealth Rock
|turn|22
|c|★Snickered|KEK
|c| LT8B 5th|PSYCHO
|c| TheLaughingCats|FAGT
|c|★Snickered|TOP FUCKING KEK
|c| Sucker Lunch|Them HIPS
|c| Jemalio|wombo combo?
|
|detailschange|p1a: Juggernaut|Heracross-Mega, M
|message|Heracross has Mega Evolved into Mega Heracross!
|move|p2a: Bisharp|Sucker Punch|p1a: Juggernaut
|-resisted|p1a: Juggernaut
|-damage|p1a: Juggernaut|160\/364
|move|p1a: Juggernaut|Pin Missile|p2a: Bisharp
|-damage|p2a: Bisharp|92\/271
|-crit|p2a: Bisharp
|-damage|p2a: Bisharp|0 fnt
|-hitcount|p2a: Bisharp|2
|faint|p2a: Bisharp
|
|c| TheCheeseLord|jesus chirst is this really happening
|c|★Snickered|BRUH
|
|switch|p2a: Keldeo-Resolute|Keldeo-Resolute|114\/323
|-damage|p2a: Keldeo-Resolute|94\/323|[from] Stealth Rock
|turn|23
|c|+Albacore|>sucker punch
|c|+Albacore|wtf
|c|+Albacore|why
|c|★Snickered|LOOL
|c|★iFenrear|lolol
|c|+Albacore|it's TR
|c| Specs Fake-Out|it ogre
|c|★Snickered|thought 
|c|+Albacore|lol
|c|+finalninja243|cuz
|c|★Snickered|yenno
|c|+finalninja243|swag
|c| TheLaughingCats|Go! R2P2 (Porygon2)!
|c| TheLaughingCats|Pointed stones dug into R2P2!
|c|★Snickered|YA
|c| TheLaughingCats|R2P2 traced the opposing Thundurus's Prankster!
|c|+Albacore|it's slower
|c|★Snickered|SWAg
|c| Derpson99|misses w\/ HP
|c|+Albacore|...
|c|★Snickered|FUCK U
|c|+finalninja243|like 
|c|+Albacore|w\/e lol
|c|+finalninja243|tbh
|c|+finalninja243|download
|c|+finalninja243|>trace
|leave|Baldo1
|c| Talenheim|nah
|c| TheLaughingCats|n
|
|move|p2a: Keldeo-Resolute|Scald|p1a: Juggernaut
|-damage|p1a: Juggernaut|16\/364
|move|p1a: Juggernaut|Bullet Seed|p2a: Keldeo-Resolute
|-supereffective|p2a: Keldeo-Resolute
|-damage|p2a: Keldeo-Resolute|4\/323
|-supereffective|p2a: Keldeo-Resolute
|-damage|p2a: Keldeo-Resolute|0 fnt
|-hitcount|p2a: Keldeo-Resolute|2
|faint|p2a: Keldeo-Resolute
|
|c| Sharpteeth|does scald KO?
|c| Talenheim|trace > download
|c|★Snickered|NO
|c|★Snickered|PLS
|c| TheLaughingCats|trace is the best ability
|c| Sharpteeth|!!!!
|c|+finalninja243|LOL
|c| TheLaughingCats|LOL
|join|Dread Arceus
|
|switch|p2a: Rotom-Wash|Rotom-Wash|181\/250 brn
|-damage|p2a: Rotom-Wash|150\/250 brn|[from] Stealth Rock
|turn|24
|c| TheLaughingCats|LOOOOOOOOL
|c| TheCheeseLord|LOL
|c| Sharpteeth|prepare
|c|+Albacore|prankster Tr is still -6 prio js
|c|★Snickered|brUH
|c| TheLaughingCats|nice and weak
|c|★Snickered|FAM NO
|c| TheLaughingCats|as gck
|c| Talenheim|gg
|c| TheCheeseLord|ITS HAPPENING
|c| Sharpteeth|your ANOOS
|
|move|p2a: Rotom-Wash|Thunderbolt|p1a: Juggernaut
|-damage|p1a: Juggernaut|0 fnt
|faint|p1a: Juggernaut
|
|win|Snickered
|c|★iFenrear|gg
|c| LT8B 5th|!
|c| Jemalio|dang homie
|c| Dread Arceus|winner gets voice
|c|★iFenrear|LOL
|c|★Snickered|AHHHHH
|c| Dread Arceus|gogogo
|c| LT8B 5th|GG
|c| Specs Fake-Out|the only misplay you made was killing thundurus
|c|+finalninja243|rofl
|c|★Snickered|FUCK YEAHAHHAHHH
|leave|XxDarkDevil3xX
|c|★Snickered|WOOOOO
|leave|Snickered
|player|p2
|leave|Talenheim
|leave|Dread Arceus
|c| Jemalio|wowowo
|leave|Sharpteeth
|leave|Derpson99
|leave|XperimentTeams
|c| TheCheeseLord|wow
|leave|TheLaughingCats
|leave|Albacore
|leave|TheRealMinimod
|leave|IAmGingy
|leave|Jemalio
|leave|Klobb