|join|Leeeeo
|join|Snickered
|player|p1|Leeeeo|101
|player|p2|Snickered|34
|gametype|singles
|gen|6
|tier|OU
|rated
|clearpoke
|poke|p1|Talonflame, F, shiny
|poke|p1|Chansey, F, shiny
|poke|p1|Mew, shiny
|poke|p1|Bisharp, M, shiny
|poke|p1|Thundurus, M
|poke|p1|Medicham, F, shiny
|poke|p2|Heatran, M
|poke|p2|Azumarill, M, shiny
|poke|p2|Azelf, shiny
|poke|p2|Rotom-Wash
|poke|p2|Garchomp, F
|poke|p2|Gardevoir, F, shiny
|rule|Swagger Clause: Swagger is banned
|rule|Baton Pass Clause: Limit one Pokémon knowing Baton Pass
|rule|Sleep Clause Mod: Limit one foe put to sleep
|rule|Species Clause: Limit one of each Pokémon
|rule|OHKO Clause: OHKO moves are banned
|rule|Moody Clause: Moody is banned
|rule|Evasion Moves Clause: Evasion moves are banned
|rule|Endless Battle Clause: Forcing endless battles is banned
|rule|HP Percentage Mod: HP is shown in percentages
|teampreview
|c|★Snickered|glhf
|
|start
|switch|p1a: Maitre Yoda|Medicham, F, shiny|262\/262
|switch|p2a: Azelf|Azelf, shiny|291\/291
|turn|1
|c|★Leeeeo|gl
|
|detailschange|p1a: Maitre Yoda|Medicham-Mega, F, shiny
|message|Medicham has Mega Evolved into Mega Medicham!
|move|p1a: Maitre Yoda|Fake Out|p2a: Azelf
|-damage|p2a: Azelf|166\/291
|cant|p2a: Azelf|flinch
|
|turn|2
|
|move|p2a: Azelf|Stealth Rock|p1a: Maitre Yoda
|-sidestart|p1: Leeeeo|move: Stealth Rock
|move|p1a: Maitre Yoda|Ice Punch|p2a: Azelf
|-damage|p2a: Azelf|0 fnt
|faint|p2a: Azelf
|
|
|switch|p2a: Azumarill|Azumarill, M, shiny|404\/404
|turn|3
|
|move|p1a: Maitre Yoda|Zen Headbutt|p2a: Azumarill
|-damage|p2a: Azumarill|67\/404
|move|p2a: Azumarill|Play Rough|p1a: Maitre Yoda
|-supereffective|p1a: Maitre Yoda
|-damage|p1a: Maitre Yoda|0 fnt
|faint|p1a: Maitre Yoda
|
|
|switch|p1a: Mew|Mew, shiny|404\/404
|-damage|p1a: Mew|354\/404|[from] Stealth Rock
|turn|4
|
|switch|p2a: Heatran|Heatran, M|380\/380
|move|p1a: Mew|Defog|p2a: Heatran
|-unboost|p2a: Heatran|evasion|1
|-sideend|p1: Leeeeo|Stealth Rock|[from] move: Defog|[of] p1a: Mew
|
|-heal|p1a: Mew|379\/404|[from] item: Leftovers
|turn|5
|
|move|p1a: Mew|Knock Off|p2a: Heatran
|-damage|p2a: Heatran|313\/380
|-enditem|p2a: Heatran|Leftovers|[from] move: Knock Off|[of] p1a: Mew
|move|p2a: Heatran|Toxic|p1a: Mew
|-status|p1a: Mew|tox
|
|-heal|p1a: Mew|404\/404 tox|[from] item: Leftovers
|-damage|p1a: Mew|379\/404 tox|[from] psn
|turn|6
|
|switch|p1a: Leveinard|Chansey, F, shiny|642\/642
|move|p2a: Heatran|Flash Cannon|p1a: Leveinard
|-damage|p1a: Leveinard|584\/642
|
|turn|7
|
|switch|p2a: Gardevoir|Gardevoir, F, shiny|278\/278
|move|p1a: Leveinard|Stealth Rock|p2a: Gardevoir
|-sidestart|p2: Snickered|move: Stealth Rock
|
|turn|8
|
|detailschange|p2a: Gardevoir|Gardevoir-Mega, F, shiny
|message|Gardevoir has Mega Evolved into Mega Gardevoir!
|move|p2a: Gardevoir|Focus Blast|p1a: Leveinard
|-supereffective|p1a: Leveinard
|-damage|p1a: Leveinard|416\/642
|move|p1a: Leveinard|Aromatherapy|p1a: Leveinard
|-cureteam|p1a: Leveinard|[from] move: Aromatherapy
|
|turn|9
|
|move|p2a: Gardevoir|Will-O-Wisp|p1a: Leveinard
|-status|p1a: Leveinard|brn
|move|p1a: Leveinard|Soft-Boiled|p1a: Leveinard
|-heal|p1a: Leveinard|642\/642 brn
|
|-damage|p1a: Leveinard|562\/642 brn|[from] brn
|turn|10
|
|move|p2a: Gardevoir|Psyshock|p1a: Leveinard
|-damage|p1a: Leveinard|331\/642 brn
|move|p1a: Leveinard|Seismic Toss|p2a: Gardevoir
|-damage|p2a: Gardevoir|178\/278
|
|-damage|p1a: Leveinard|251\/642 brn|[from] brn
|turn|11
|
|move|p2a: Gardevoir|Focus Blast|p1a: Leveinard|[miss]
|-miss|p2a: Gardevoir|p1a: Leveinard
|move|p1a: Leveinard|Soft-Boiled|p1a: Leveinard
|-heal|p1a: Leveinard|572\/642 brn
|
|-damage|p1a: Leveinard|492\/642 brn|[from] brn
|turn|12
|c|★Snickered|ugh
|
|move|p2a: Gardevoir|Psyshock|p1a: Leveinard
|-damage|p1a: Leveinard|254\/642 brn
|move|p1a: Leveinard|Seismic Toss|p2a: Gardevoir
|-damage|p2a: Gardevoir|78\/278
|
|-damage|p1a: Leveinard|174\/642 brn|[from] brn
|turn|13
|
|switch|p1a: Scalproie|Bisharp, M, shiny|272\/272
|move|p2a: Gardevoir|Psyshock|p1a: Scalproie
|-immune|p1a: Scalproie|[msg]
|
|turn|14
|
|switch|p2a: Rotom-Wash|Rotom-Wash|304\/304
|-damage|p2a: Rotom-Wash|266\/304|[from] Stealth Rock
|move|p1a: Scalproie|Swords Dance|p1a: Scalproie
|-boost|p1a: Scalproie|atk|2
|
|-heal|p2a: Rotom-Wash|285\/304|[from] item: Leftovers
|turn|15
|
|move|p1a: Scalproie|Knock Off|p2a: Rotom-Wash
|-damage|p2a: Rotom-Wash|0 fnt
|-enditem|p2a: Rotom-Wash|Leftovers|[from] move: Knock Off|[of] p1a: Scalproie
|-damage|p1a: Scalproie|245\/272|[from] item: Life Orb
|faint|p2a: Rotom-Wash
|
|
|switch|p2a: Heatran|Heatran, M|313\/380
|-damage|p2a: Heatran|266\/380|[from] Stealth Rock
|turn|16
|
|move|p1a: Scalproie|Knock Off|p2a: Heatran
|-damage|p2a: Heatran|0 fnt
|-damage|p1a: Scalproie|218\/272|[from] item: Life Orb
|faint|p2a: Heatran
|
|
|switch|p2a: Gardevoir|Gardevoir-Mega, F, shiny|78\/278
|-damage|p2a: Gardevoir|44\/278|[from] Stealth Rock
|turn|17
|c|★Snickered|gg .-.
|
|move|p1a: Scalproie|Sucker Punch|p2a: Gardevoir
|-fail|p2a: Gardevoir
|move|p2a: Gardevoir|Will-O-Wisp|p1a: Scalproie
|-status|p1a: Scalproie|brn
|
|-damage|p1a: Scalproie|184\/272 brn|[from] brn
|turn|18
|
|move|p1a: Scalproie|Sucker Punch|p2a: Gardevoir
|-damage|p2a: Gardevoir|0 fnt
|-damage|p1a: Scalproie|157\/272 brn|[from] item: Life Orb
|faint|p2a: Gardevoir
|
|-damage|p1a: Scalproie|123\/272 brn|[from] brn
|
|switch|p2a: Azumarill|Azumarill, M, shiny|67\/404
|-damage|p2a: Azumarill|17\/404|[from] Stealth Rock
|turn|19
|
|move|p1a: Scalproie|Sucker Punch|p2a: Azumarill
|-resisted|p2a: Azumarill
|-damage|p2a: Azumarill|0 fnt
|-damage|p1a: Scalproie|96\/272 brn|[from] item: Life Orb
|faint|p2a: Azumarill
|
|-damage|p1a: Scalproie|62\/272 brn|[from] brn
|c|★Snickered|gg
|c|★Leeeeo|gg ^^
|
|switch|p2a: Garchomp|Garchomp, F|357\/357
|-damage|p2a: Garchomp|335\/357|[from] Stealth Rock
|turn|20
|c|★Snickered|that was a nice set up
|
|move|p1a: Scalproie|Sucker Punch|p2a: Garchomp
|-crit|p2a: Garchomp
|-damage|p2a: Garchomp|45\/357
|-damage|p1a: Scalproie|28\/272 brn|[from] ability: Rough Skin|[of] p2a: Garchomp
|-damage|p1a: Scalproie|1\/272 brn|[from] item: Life Orb
|move|p2a: Garchomp|Outrage|p1a: Scalproie
|-resisted|p1a: Scalproie
|-damage|p1a: Scalproie|0 fnt
|faint|p1a: Scalproie
|
|
|switch|p1a: Phenix|Talonflame, F, shiny|298\/298
|turn|21
|
|move|p1a: Phenix|Brave Bird|p2a: Garchomp
|-damage|p2a: Garchomp|0 fnt
|-damage|p1a: Phenix|261\/298|[from] ability: Rough Skin|[of] p2a: Garchomp
|-damage|p1a: Phenix|246\/298|[from] recoil|[of] p2a: Garchomp
|faint|p2a: Garchomp
|
|win|Leeeeo
|raw|Ladder updating...
|c|★Leeeeo|;D
|c|★Snickered|nice
|leave|Snickered
|player|p2
|raw|Leeeeo's rating: 1614 &rarr; <strong>1633<\/strong><br \/>(+19 for winning)
|raw|Snickered's rating: 1581 &rarr; <strong>1563<\/strong><br \/>(-18 for losing)