|join|klos
|join|UrNemesis357
|player|p1|klos|78
|player|p2|UrNemesis357|213
|gametype|singles
|gen|6
|tier|UU
|rated
|rule|Sleep Clause Mod: Limit one foe put to sleep
|rule|Species Clause: Limit one of each Pokémon
|rule|OHKO Clause: OHKO moves are banned
|rule|Moody Clause: Moody is banned
|rule|Evasion Moves Clause: Evasion moves are banned
|rule|Endless Battle Clause: Forcing endless battles is banned
|rule|HP Percentage Mod: HP is shown in percentages
|clearpoke
|poke|p1|Mienshao, F
|poke|p1|Diancie
|poke|p1|Serperior, F
|poke|p1|Gligar, F
|poke|p1|Jirachi
|poke|p1|Snorlax, M
|poke|p2|Whimsicott, F
|poke|p2|Jirachi
|poke|p2|Tentacruel, M
|poke|p2|Hydreigon, F
|poke|p2|Dugtrio, F
|poke|p2|Chandelure, F
|rule|Swagger Clause: Swagger is banned
|rule|Baton Pass Clause: Limit one Pokémon knowing Baton Pass
|teampreview
|
|start
|switch|p1a: Mienshao|Mienshao, F|271\/271
|switch|p2a: Tentacruel|Tentacruel, M|361\/361
|turn|1
|
|move|p1a: Mienshao|U-turn|p2a: Tentacruel
|-resisted|p2a: Tentacruel
|-damage|p2a: Tentacruel|325\/361
|
|switch|p1a: Serperior|Serperior, F|289\/289
|move|p2a: Tentacruel|Toxic Spikes|p1a: Serperior
|-sidestart|p1: klos|move: Toxic Spikes
|
|-heal|p2a: Tentacruel|347\/361|[from] item: Black Sludge
|turn|2
|
|switch|p2a: Whimsicott|Whimsicott, F|262\/262
|move|p1a: Serperior|Glare|p2a: Whimsicott
|-status|p2a: Whimsicott|par
|
|turn|3
|
|move|p1a: Serperior|Leaf Storm|p2a: Whimsicott
|-resisted|p2a: Whimsicott
|-damage|p2a: Whimsicott|140\/262 par
|-boost|p1a: Serperior|spa|2
|-damage|p1a: Serperior|261\/289|[from] item: Life Orb
|move|p2a: Whimsicott|Switcheroo|p1a: Serperior
|-activate|p2a: Whimsicott|move: Trick|[of] p1a: Serperior
|-item|p1a: Serperior|Choice Specs|[from] Trick
|-item|p2a: Whimsicott|Life Orb|[from] Trick
|
|turn|4
|
|move|p1a: Serperior|Leaf Storm|p2a: Whimsicott|[miss]
|-miss|p1a: Serperior|p2a: Whimsicott
|move|p2a: Whimsicott|Moonblast|p1a: Serperior
|-damage|p1a: Serperior|101\/289
|-damage|p2a: Whimsicott|114\/262 par|[from] item: Life Orb
|
|turn|5
|
|move|p1a: Serperior|Leaf Storm|p2a: Whimsicott
|-resisted|p2a: Whimsicott
|-damage|p2a: Whimsicott|0 fnt
|-boost|p1a: Serperior|spa|2
|faint|p2a: Whimsicott
|
|
|switch|p2a: Hydreigon|Hydreigon, F|325\/325
|turn|6
|
|switch|p1a: Gligar|Gligar, F|333\/333
|move|p2a: Hydreigon|Dark Pulse|p1a: Gligar
|-damage|p1a: Gligar|213\/333
|
|turn|7
|
|switch|p2a: Tentacruel|Tentacruel, M|347\/361
|move|p1a: Gligar|Roost|p1a: Gligar
|-heal|p1a: Gligar|333\/333
|
|-heal|p2a: Tentacruel|361\/361|[from] item: Black Sludge
|turn|8
|
|move|p2a: Tentacruel|Knock Off|p1a: Gligar
|-damage|p1a: Gligar|306\/333
|-enditem|p1a: Gligar|Eviolite|[from] move: Knock Off|[of] p2a: Tentacruel
|move|p1a: Gligar|Earthquake|p2a: Tentacruel
|-supereffective|p2a: Tentacruel
|-damage|p2a: Tentacruel|175\/361
|
|-heal|p2a: Tentacruel|197\/361|[from] item: Black Sludge
|turn|9
|
|move|p2a: Tentacruel|Scald|p1a: Gligar
|-supereffective|p1a: Gligar
|-damage|p1a: Gligar|120\/333
|move|p1a: Gligar|Earthquake|p2a: Tentacruel
|-supereffective|p2a: Tentacruel
|-damage|p2a: Tentacruel|33\/361
|
|-heal|p2a: Tentacruel|55\/361|[from] item: Black Sludge
|turn|10
|
|move|p2a: Tentacruel|Scald|p1a: Gligar
|-supereffective|p1a: Gligar
|-damage|p1a: Gligar|0 fnt
|faint|p1a: Gligar
|
|-heal|p2a: Tentacruel|77\/361|[from] item: Black Sludge
|
|switch|p1a: Mienshao|Mienshao, F|271\/271
|-status|p1a: Mienshao|psn
|turn|11
|
|move|p1a: Mienshao|Knock Off|p2a: Tentacruel
|-damage|p2a: Tentacruel|0 fnt
|-enditem|p2a: Tentacruel|Black Sludge|[from] move: Knock Off|[of] p1a: Mienshao
|faint|p2a: Tentacruel
|
|-damage|p1a: Mienshao|238\/271 psn|[from] psn
|
|switch|p2a: Hydreigon|Hydreigon, F|325\/325
|turn|12
|
|switch|p1a: Diancie|Diancie|241\/241
|-status|p1a: Diancie|psn
|move|p2a: Hydreigon|U-turn|p1a: Diancie
|-resisted|p1a: Diancie
|-damage|p1a: Diancie|222\/241 psn
|
|switch|p2a: Jirachi|Jirachi|371\/371
|
|-damage|p1a: Diancie|192\/241 psn|[from] psn
|turn|13
|
|switch|p1a: Jirachi|Jirachi|403\/403
|move|p2a: Jirachi|Stealth Rock|p1a: Jirachi
|-sidestart|p1: klos|move: Stealth Rock
|
|turn|14
|
|move|p2a: Jirachi|Fire Punch|p1a: Jirachi
|-supereffective|p1a: Jirachi
|-damage|p1a: Jirachi|283\/403
|move|p1a: Jirachi|Substitute|p1a: Jirachi
|-start|p1a: Jirachi|Substitute
|-damage|p1a: Jirachi|183\/403
|
|-heal|p1a: Jirachi|208\/403|[from] item: Leftovers
|turn|15
|
|move|p2a: Jirachi|Fire Punch|p1a: Jirachi
|-supereffective|p1a: Jirachi
|-end|p1a: Jirachi|Substitute
|move|p1a: Jirachi|Fire Punch|p2a: Jirachi
|-supereffective|p2a: Jirachi
|-damage|p2a: Jirachi|257\/371
|-status|p2a: Jirachi|brn
|
|-heal|p2a: Jirachi|280\/371 brn|[from] item: Leftovers
|-heal|p1a: Jirachi|233\/403|[from] item: Leftovers
|-damage|p2a: Jirachi|234\/371 brn|[from] brn
|turn|16
|
|move|p2a: Jirachi|Fire Punch|p1a: Jirachi
|-supereffective|p1a: Jirachi
|-damage|p1a: Jirachi|171\/403
|-status|p1a: Jirachi|brn
|move|p1a: Jirachi|Substitute|p1a: Jirachi
|-start|p1a: Jirachi|Substitute
|-damage|p1a: Jirachi|71\/403 brn
|
|-heal|p2a: Jirachi|257\/371 brn|[from] item: Leftovers
|-heal|p1a: Jirachi|96\/403 brn|[from] item: Leftovers
|-damage|p2a: Jirachi|211\/371 brn|[from] brn
|-damage|p1a: Jirachi|46\/403 brn|[from] brn
|turn|17
|
|move|p2a: Jirachi|U-turn|p1a: Jirachi
|-activate|p1a: Jirachi|Substitute|[damage]
|
|switch|p2a: Chandelure|Chandelure, F|289\/289
|move|p1a: Jirachi|Fire Punch|p2a: Chandelure
|-start|p2a: Chandelure|ability: Flash Fire
|
|-heal|p1a: Jirachi|71\/403 brn|[from] item: Leftovers
|-damage|p1a: Jirachi|21\/403 brn|[from] brn
|turn|18
|c|★klos|rekt
|
|move|p2a: Chandelure|Substitute|p2a: Chandelure
|-start|p2a: Chandelure|Substitute
|-damage|p2a: Chandelure|217\/289
|move|p1a: Jirachi|Toxic|p2a: Chandelure
|
|-heal|p2a: Chandelure|235\/289|[from] item: Leftovers
|-heal|p1a: Jirachi|46\/403 brn|[from] item: Leftovers
|-damage|p1a: Jirachi|0 fnt|[from] brn
|faint|p1a: Jirachi
|
|switch|p1a: Serperior|Serperior, F|101\/289
|-damage|p1a: Serperior|65\/289|[from] Stealth Rock
|-status|p1a: Serperior|psn
|turn|19
|
|move|p1a: Serperior|Dragon Pulse|p2a: Chandelure
|-end|p2a: Chandelure|Substitute
|move|p2a: Chandelure|Substitute|p2a: Chandelure
|-start|p2a: Chandelure|Substitute
|-damage|p2a: Chandelure|163\/289
|
|-heal|p2a: Chandelure|181\/289|[from] item: Leftovers
|-damage|p1a: Serperior|29\/289 psn|[from] psn
|turn|20
|
|move|p1a: Serperior|Dragon Pulse|p2a: Chandelure
|-end|p2a: Chandelure|Substitute
|move|p2a: Chandelure|Substitute|p2a: Chandelure
|-start|p2a: Chandelure|Substitute
|-damage|p2a: Chandelure|109\/289
|
|-heal|p2a: Chandelure|127\/289|[from] item: Leftovers
|-damage|p1a: Serperior|0 fnt|[from] psn
|faint|p1a: Serperior
|
|switch|p1a: Diancie|Diancie|192\/241 psn
|-damage|p1a: Diancie|162\/241 psn|[from] Stealth Rock
|turn|21
|
|detailschange|p1a: Diancie|Diancie-Mega
|-mega|p1a: Diancie|Diancie|Diancite
|move|p2a: Chandelure|Shadow Ball|p1a: Diancie
|-damage|p1a: Diancie|36\/241 psn
|-unboost|p1a: Diancie|spd|1
|move|p1a: Diancie|Diamond Storm|p2a: Chandelure
|-supereffective|p2a: Chandelure
|-end|p2a: Chandelure|Substitute
|-boost|p1a: Diancie|def|1
|
|-heal|p2a: Chandelure|145\/289|[from] item: Leftovers
|-damage|p1a: Diancie|6\/241 psn|[from] psn
|turn|22
|c|★UrNemesis357|diancite is legal?
|c|★UrNemesis357|damn
|c|★klos|yea
|c|★klos|been tested
|
|switch|p2a: Jirachi|Jirachi|211\/371 brn
|move|p1a: Diancie|Diamond Storm|p2a: Jirachi
|-resisted|p2a: Jirachi
|-damage|p2a: Jirachi|119\/371 brn
|
|-heal|p2a: Jirachi|142\/371 brn|[from] item: Leftovers
|-damage|p1a: Diancie|0 fnt|[from] psn
|-damage|p2a: Jirachi|96\/371 brn|[from] brn
|faint|p1a: Diancie
|
|switch|p1a: Mienshao|Mienshao, F|238\/271 psn
|-damage|p1a: Mienshao|222\/271 psn|[from] Stealth Rock
|turn|23
|
|move|p1a: Mienshao|Knock Off|p2a: Jirachi
|-supereffective|p2a: Jirachi
|-damage|p2a: Jirachi|0 fnt
|-enditem|p2a: Jirachi|Leftovers|[from] move: Knock Off|[of] p1a: Mienshao
|faint|p2a: Jirachi
|
|-damage|p1a: Mienshao|189\/271 psn|[from] psn
|
|switch|p2a: Dugtrio|Dugtrio, F|211\/211
|turn|24
|
|move|p1a: Mienshao|Knock Off|p2a: Dugtrio
|-damage|p2a: Dugtrio|19\/211
|-enditem|p2a: Dugtrio|Choice Band|[from] move: Knock Off|[of] p1a: Mienshao
|move|p2a: Dugtrio|Earthquake|p1a: Mienshao
|-damage|p1a: Mienshao|0 fnt
|faint|p1a: Mienshao
|
|c|★klos|gg
|c|★UrNemesis357|gg
|-message|klos forfeited.
|
|win|UrNemesis357
|raw|Ladder updating...
|leave|klos
|player|p1
|raw|klos's rating: 1376 &rarr; <strong>1362<\/strong><br \/>(-14 for losing)
|raw|UrNemesis357's rating: 1485 &rarr; <strong>1499<\/strong><br \/>(+14 for winning)