|join|Oshony
|join|UrNemesis357
|player|p1|Oshony|159
|player|p2|UrNemesis357|2
|gametype|singles
|gen|6
|tier|UU
|rated
|rule|Sleep Clause Mod: Limit one foe put to sleep
|rule|Species Clause: Limit one of each Pokémon
|rule|OHKO Clause: OHKO moves are banned
|rule|Moody Clause: Moody is banned
|rule|Evasion Moves Clause: Evasion moves are banned
|rule|Endless Battle Clause: Forcing endless battles is banned
|rule|HP Percentage Mod: HP is shown in percentages
|clearpoke
|poke|p1|Medicham, M
|poke|p1|Cobalion
|poke|p1|Dragalge, F
|poke|p1|Galvantula, F
|poke|p1|Espeon, F
|poke|p1|Tyrantrum, F
|poke|p2|Crobat, M
|poke|p2|Jirachi
|poke|p2|Snorlax, M
|poke|p2|Krookodile, M
|poke|p2|Starmie
|poke|p2|Pidgeot, F
|rule|Swagger Clause: Swagger is banned
|rule|Baton Pass Clause: Limit one Pokémon knowing Baton Pass
|teampreview
|
|start
|switch|p1a: Spidey Senses|Galvantula, F|281\/281
|switch|p2a: Crobat|Crobat, M|373\/373
|turn|1
|
|move|p2a: Crobat|Taunt|p1a: Spidey Senses
|-start|p1a: Spidey Senses|move: Taunt
|cant|p1a: Spidey Senses|move: Taunt|Sticky Web
|
|turn|2
|
|move|p2a: Crobat|U-turn|p1a: Spidey Senses
|-damage|p1a: Spidey Senses|210\/281
|
|switch|p2a: Snorlax|Snorlax, M|513\/513
|move|p1a: Spidey Senses|Bug Buzz|p2a: Snorlax
|-damage|p2a: Snorlax|417\/513
|
|-heal|p2a: Snorlax|449\/513|[from] item: Leftovers
|turn|3
|join|Sankes
|
|switch|p1a: Nameless|Cobalion|383\/383
|switch|p2a: Pidgeot|Pidgeot, F|307\/307
|
|turn|4
|
|detailschange|p2a: Pidgeot|Pidgeot-Mega, F
|-mega|p2a: Pidgeot|Pidgeot|Pidgeotite
|move|p1a: Nameless|Stealth Rock|p2a: Pidgeot
|-sidestart|p2: UrNemesis357|move: Stealth Rock
|move|p2a: Pidgeot|U-turn|p1a: Nameless
|-resisted|p1a: Nameless
|-damage|p1a: Nameless|375\/383
|
|switch|p2a: Starmie|Starmie|323\/323
|-damage|p2a: Starmie|283\/323|[from] Stealth Rock
|
|-heal|p2a: Starmie|303\/323|[from] item: Leftovers
|-heal|p1a: Nameless|383\/383|[from] item: Leftovers
|turn|5
|
|move|p2a: Starmie|Scald|p1a: Nameless
|-crit|p1a: Nameless
|-damage|p1a: Nameless|208\/383
|move|p1a: Nameless|Volt Switch|p2a: Starmie
|-supereffective|p2a: Starmie
|-damage|p2a: Starmie|195\/323
|c|★Oshony|the sclad
|c|★Oshony|powerful
|
|switch|p1a: Tyrantrum|Tyrantrum, F|305\/305
|
|-heal|p2a: Starmie|215\/323|[from] item: Leftovers
|turn|6
|
|move|p2a: Starmie|Scald|p1a: Tyrantrum
|-damage|p1a: Tyrantrum|158\/305
|move|p1a: Tyrantrum|Dragon Dance|p1a: Tyrantrum
|-boost|p1a: Tyrantrum|atk|1
|-boost|p1a: Tyrantrum|spe|1
|
|-heal|p1a: Tyrantrum|177\/305|[from] item: Leftovers
|-heal|p2a: Starmie|235\/323|[from] item: Leftovers
|turn|7
|c|★Oshony|i hope this koes
|c| Sankes|if not
|c| Sankes|then tyrantrums shit
|
|switch|p2a: Snorlax|Snorlax, M|449\/513
|-damage|p2a: Snorlax|385\/513|[from] Stealth Rock
|move|p1a: Tyrantrum|Substitute|p1a: Tyrantrum
|-start|p1a: Tyrantrum|Substitute
|-damage|p1a: Tyrantrum|101\/305
|
|-heal|p1a: Tyrantrum|120\/305|[from] item: Leftovers
|-heal|p2a: Snorlax|417\/513|[from] item: Leftovers
|turn|8
|
|move|p1a: Tyrantrum|Dragon Claw|p2a: Snorlax
|-damage|p2a: Snorlax|161\/513
|move|p2a: Snorlax|Body Slam|p1a: Tyrantrum
|-resisted|p1a: Tyrantrum
|-activate|p1a: Tyrantrum|Substitute|[damage]
|
|-heal|p1a: Tyrantrum|139\/305|[from] item: Leftovers
|-heal|p2a: Snorlax|193\/513|[from] item: Leftovers
|turn|9
|c|★Oshony|oml
|
|move|p1a: Tyrantrum|Dragon Dance|p1a: Tyrantrum
|-boost|p1a: Tyrantrum|atk|1
|-boost|p1a: Tyrantrum|spe|1
|move|p2a: Snorlax|Curse|p2a: Snorlax
|-boost|p2a: Snorlax|atk|1
|-boost|p2a: Snorlax|def|1
|-unboost|p2a: Snorlax|spe|1
|
|-heal|p1a: Tyrantrum|158\/305|[from] item: Leftovers
|-heal|p2a: Snorlax|225\/513|[from] item: Leftovers
|turn|10
|
|move|p1a: Tyrantrum|Dragon Claw|p2a: Snorlax
|-damage|p2a: Snorlax|0 fnt
|faint|p2a: Snorlax
|
|-heal|p1a: Tyrantrum|177\/305|[from] item: Leftovers
|
|switch|p2a: Jirachi|Jirachi|341\/341
|-damage|p2a: Jirachi|320\/341|[from] Stealth Rock
|turn|11
|c|★Oshony|tyrantrum finna sweep ._.
|c| Sankes|lol
|
|move|p2a: Jirachi|Iron Head|p1a: Tyrantrum
|-supereffective|p1a: Tyrantrum
|-end|p1a: Tyrantrum|Substitute
|move|p1a: Tyrantrum|Fire Fang|p2a: Jirachi
|-supereffective|p2a: Jirachi
|-damage|p2a: Jirachi|0 fnt
|faint|p2a: Jirachi
|
|-heal|p1a: Tyrantrum|196\/305|[from] item: Leftovers
|
|switch|p2a: Krookodile|Krookodile, M|331\/331
|-damage|p2a: Krookodile|311\/331|[from] Stealth Rock
|-ability|p2a: Krookodile|Intimidate|[of] p1a: Tyrantrum
|-unboost|p1a: Tyrantrum|atk|1
|turn|12
|
|switch|p2a: Crobat|Crobat, M|373\/373
|-damage|p2a: Crobat|280\/373|[from] Stealth Rock
|move|p1a: Tyrantrum|Dragon Claw|p2a: Crobat
|-damage|p2a: Crobat|15\/373
|
|-heal|p1a: Tyrantrum|215\/305|[from] item: Leftovers
|turn|13
|
|move|p1a: Tyrantrum|Substitute|p1a: Tyrantrum
|-start|p1a: Tyrantrum|Substitute
|-damage|p1a: Tyrantrum|139\/305
|move|p2a: Crobat|Taunt|p1a: Tyrantrum
|-start|p1a: Tyrantrum|move: Taunt
|
|-heal|p1a: Tyrantrum|158\/305|[from] item: Leftovers
|turn|14
|c|★Oshony|damn
|c| Sankes|o
|
|move|p1a: Tyrantrum|Dragon Claw|p2a: Crobat
|-crit|p2a: Crobat
|-damage|p2a: Crobat|0 fnt
|faint|p2a: Crobat
|
|-heal|p1a: Tyrantrum|177\/305|[from] item: Leftovers
|
|switch|p2a: Krookodile|Krookodile, M|311\/331
|-damage|p2a: Krookodile|291\/331|[from] Stealth Rock
|-activate|p1a: Tyrantrum|Substitute|ability: Intimidate|[of] p2a: Krookodile
|turn|15
|c|★Oshony|glad it didnt ko
|
|move|p1a: Tyrantrum|Dragon Claw|p2a: Krookodile
|-damage|p2a: Krookodile|24\/331
|move|p2a: Krookodile|Earthquake|p1a: Tyrantrum
|-supereffective|p1a: Tyrantrum
|-end|p1a: Tyrantrum|Substitute
|
|-heal|p1a: Tyrantrum|196\/305|[from] item: Leftovers
|turn|16
|
|move|p1a: Tyrantrum|Dragon Claw|p2a: Krookodile
|-damage|p2a: Krookodile|0 fnt
|faint|p2a: Krookodile
|
|-heal|p1a: Tyrantrum|215\/305|[from] item: Leftovers
|-end|p1a: Tyrantrum|move: Taunt
|
|switch|p2a: Starmie|Starmie|235\/323
|-damage|p2a: Starmie|195\/323|[from] Stealth Rock
|turn|17
|c|★Oshony|gg
|
|move|p1a: Tyrantrum|Dragon Claw|p2a: Starmie
|-damage|p2a: Starmie|0 fnt
|faint|p2a: Starmie
|
|-heal|p1a: Tyrantrum|234\/305|[from] item: Leftovers
|
|switch|p2a: Pidgeot|Pidgeot-Mega, F|307\/307
|-damage|p2a: Pidgeot|231\/307|[from] Stealth Rock
|turn|18
|
|move|p1a: Tyrantrum|Dragon Claw|p2a: Pidgeot
|-damage|p2a: Pidgeot|0 fnt
|faint|p2a: Pidgeot
|
|win|Oshony
|raw|Ladder updating...
|raw|Oshony's rating: 1324 &rarr; <strong>1349<\/strong><br \/>(+25 for winning)
|raw|UrNemesis357's rating: 1416 &rarr; <strong>1391<\/strong><br \/>(-25 for losing)
|leave|UrNemesis357
|player|p2
|leave|Sankes