|join|Dr Felipe
|join|rnd900
|player|p1|Dr Felipe|278
|player|p2|rnd900|170
|gametype|singles
|gen|6
|tier|OU
|rated
|clearpoke
|poke|p1|Charizard, M, shiny
|poke|p1|Azumarill, M
|poke|p1|Landorus, M
|poke|p1|Latios, M, shiny
|poke|p1|Chansey, F, shiny
|poke|p1|Breloom, M
|poke|p2|Lopunny, M
|poke|p2|Clefable, M
|poke|p2|Gliscor, F
|poke|p2|Heatran, M
|poke|p2|Latias, F
|poke|p2|Dragonite, M
|rule|Swagger Clause: Swagger is banned
|rule|Baton Pass Clause: Limit one Pokémon knowing Baton Pass
|rule|Sleep Clause Mod: Limit one foe put to sleep
|rule|Species Clause: Limit one of each Pokémon
|rule|OHKO Clause: OHKO moves are banned
|rule|Moody Clause: Moody is banned
|rule|Evasion Moves Clause: Evasion moves are banned
|rule|Endless Battle Clause: Forcing endless battles is banned
|rule|HP Percentage Mod: HP is shown in percentages
|teampreview
|
|start
|switch|p1a: Ghostface|Chansey, F, shiny|642\/642
|switch|p2a: Heatran|Heatran, M|324\/324
|-item|p2a: Heatran|Air Balloon
|turn|1
|
|move|p2a: Heatran|Taunt|p1a: Ghostface
|-start|p1a: Ghostface|move: Taunt
|move|p1a: Ghostface|Seismic Toss|p2a: Heatran
|-damage|p2a: Heatran|224\/324
|-enditem|p2a: Heatran|Air Balloon
|
|turn|2
|
|switch|p1a: Method Man|Charizard, M, shiny|297\/297
|move|p2a: Heatran|Stealth Rock|p1a: Method Man
|-sidestart|p1: Dr Felipe|move: Stealth Rock
|
|turn|3
|
|move|p1a: Method Man|Dragon Dance|p1a: Method Man
|-boost|p1a: Method Man|atk|1
|-boost|p1a: Method Man|spe|1
|move|p2a: Heatran|Taunt|p1a: Method Man
|-start|p1a: Method Man|move: Taunt
|
|turn|4
|
|move|p1a: Method Man|Earthquake|p2a: Heatran
|-supereffective|p2a: Heatran
|-damage|p2a: Heatran|0 fnt
|faint|p2a: Heatran
|
|
|switch|p2a: Dragonite|Dragonite, M|323\/323
|turn|5
|
|switch|p1a: The ODB|Azumarill, M|401\/401
|-damage|p1a: The ODB|351\/401|[from] Stealth Rock
|move|p2a: Dragonite|Outrage|p1a: The ODB
|-immune|p1a: The ODB|[msg]
|
|turn|6
|
|switch|p2a: Clefable|Clefable, M|394\/394
|move|p1a: The ODB|Knock Off|p2a: Clefable
|-resisted|p2a: Clefable
|-damage|p2a: Clefable|328\/394
|-enditem|p2a: Clefable|Leftovers|[from] move: Knock Off|[of] p1a: The ODB
|
|turn|7
|
|move|p2a: Clefable|Moonblast|p1a: The ODB
|-damage|p1a: The ODB|272\/401
|move|p1a: The ODB|Waterfall|p2a: Clefable
|-damage|p2a: Clefable|189\/394
|
|turn|8
|
|move|p1a: The ODB|Aqua Jet|p2a: Clefable
|-damage|p2a: Clefable|116\/394
|move|p2a: Clefable|Soft-Boiled|p2a: Clefable
|-heal|p2a: Clefable|313\/394
|
|turn|9
|
|switch|p1a: Ghostface|Chansey, F, shiny|642\/642
|-damage|p1a: Ghostface|562\/642|[from] Stealth Rock
|move|p2a: Clefable|Calm Mind|p2a: Clefable
|-boost|p2a: Clefable|spa|1
|-boost|p2a: Clefable|spd|1
|
|turn|10
|
|switch|p2a: Gliscor|Gliscor, F|352\/352
|move|p1a: Ghostface|Stealth Rock|p2a: Gliscor
|-sidestart|p2: rnd900|move: Stealth Rock
|
|-status|p2a: Gliscor|tox|[from] item: Toxic Orb
|turn|11
|
|move|p2a: Gliscor|Swords Dance|p2a: Gliscor
|-boost|p2a: Gliscor|atk|2
|move|p1a: Ghostface|Seismic Toss|p2a: Gliscor
|-damage|p2a: Gliscor|252\/352 tox
|
|-heal|p2a: Gliscor|296\/352 tox|[from] ability: Poison Heal
|turn|12
|
|move|p2a: Gliscor|Swords Dance|p2a: Gliscor
|-boost|p2a: Gliscor|atk|2
|move|p1a: Ghostface|Seismic Toss|p2a: Gliscor
|-damage|p2a: Gliscor|196\/352 tox
|
|-heal|p2a: Gliscor|240\/352 tox|[from] ability: Poison Heal
|turn|13
|
|move|p2a: Gliscor|Swords Dance|p2a: Gliscor
|-boost|p2a: Gliscor|atk|2
|move|p1a: Ghostface|Seismic Toss|p2a: Gliscor
|-damage|p2a: Gliscor|140\/352 tox
|
|-heal|p2a: Gliscor|184\/352 tox|[from] ability: Poison Heal
|turn|14
|
|move|p2a: Gliscor|Baton Pass|p2a: Gliscor
|c|★rnd900|well
|c|★rnd900|gg
|
|switch|p2a: Dragonite|Dragonite, M|323\/323
|-damage|p2a: Dragonite|243\/323|[from] Stealth Rock
|move|p1a: Ghostface|Seismic Toss|p2a: Dragonite
|-damage|p2a: Dragonite|143\/323
|
|turn|15
|
|move|p2a: Dragonite|Extreme Speed|p1a: Ghostface
|-crit|p1a: Ghostface
|-damage|p1a: Ghostface|0 fnt
|faint|p1a: Ghostface
|
|
|switch|p1a: The ODB|Azumarill, M|272\/401
|-damage|p1a: The ODB|222\/401|[from] Stealth Rock
|turn|16
|-message|Dr Felipe forfeited.
|
|win|rnd900
|raw|Ladder updating...
|leave|Dr Felipe
|player|p1
|raw|Dr Felipe's rating: 1534 &rarr; <strong>1515<\/strong><br \/>(-19 for losing)
|raw|rnd900's rating: 1548 &rarr; <strong>1567<\/strong><br \/>(+19 for winning)