|join|rnd900
|join|angel0mike
|player|p1|rnd900|170
|player|p2|angel0mike|144
|gametype|singles
|gen|6
|tier|OU
|rated
|clearpoke
|poke|p1|Lopunny, M
|poke|p1|Gliscor, F
|poke|p1|Heatran, M
|poke|p1|Latias, F
|poke|p1|Dragonite, F
|poke|p1|Azumarill, F
|poke|p2|Bisharp, M
|poke|p2|Landorus, M
|poke|p2|Lopunny, F
|poke|p2|Clefable, M
|poke|p2|Keldeo
|poke|p2|Heatran, M
|rule|Swagger Clause: Swagger is banned
|rule|Baton Pass Clause: Limit one Pokémon knowing Baton Pass
|rule|Sleep Clause Mod: Limit one foe put to sleep
|rule|Species Clause: Limit one of each Pokémon
|rule|OHKO Clause: OHKO moves are banned
|rule|Moody Clause: Moody is banned
|rule|Evasion Moves Clause: Evasion moves are banned
|rule|Endless Battle Clause: Forcing endless battles is banned
|rule|HP Percentage Mod: HP is shown in percentages
|teampreview
|
|start
|switch|p1a: Gliscor|Gliscor, F|352\/352
|switch|p2a: asami|Lopunny, F|271\/271
|turn|1
|
|switch|p2a: yue|Clefable, M|393\/393
|switch|p1a: Azumarill|Azumarill, F|401\/401
|
|turn|2
|
|move|p2a: yue|Moonblast|p1a: Azumarill
|-damage|p1a: Azumarill|310\/401
|move|p1a: Azumarill|Knock Off|p2a: yue
|-resisted|p2a: yue
|-damage|p2a: yue|337\/393
|-enditem|p2a: yue|Leftovers|[from] move: Knock Off|[of] p1a: Azumarill
|
|turn|3
|
|switch|p1a: Heatran|Heatran, M|324\/324
|-item|p1a: Heatran|Air Balloon
|move|p2a: yue|Moonblast|p1a: Heatran
|-resisted|p1a: Heatran
|-damage|p1a: Heatran|298\/324
|-enditem|p1a: Heatran|Air Balloon
|
|turn|4
|
|switch|p2a: Landorus|Landorus, M|319\/319
|move|p1a: Heatran|Stealth Rock|p2a: Landorus
|-sidestart|p2: angel0mike|move: Stealth Rock
|
|turn|5
|
|switch|p1a: Latias|Latias, F|302\/302
|move|p2a: Landorus|Calm Mind|p2a: Landorus
|-boost|p2a: Landorus|spa|1
|-boost|p2a: Landorus|spd|1
|
|turn|6
|
|switch|p2a: kuvisharp|Bisharp, M|271\/271
|-damage|p2a: kuvisharp|255\/271|[from] Stealth Rock
|move|p1a: Latias|Psyshock|p2a: kuvisharp
|-immune|p2a: kuvisharp|[msg]
|
|turn|7
|
|move|p1a: Latias|Draco Meteor|p2a: kuvisharp
|-resisted|p2a: kuvisharp
|-damage|p2a: kuvisharp|76\/271
|-unboost|p1a: Latias|spa|2
|-damage|p1a: Latias|272\/302|[from] item: Life Orb
|move|p2a: kuvisharp|Knock Off|p1a: Latias
|-supereffective|p1a: Latias
|-damage|p1a: Latias|0 fnt
|-enditem|p1a: Latias|Life Orb|[from] move: Knock Off|[of] p2a: kuvisharp
|-damage|p2a: kuvisharp|49\/271|[from] item: Life Orb
|faint|p1a: Latias
|
|
|switch|p1a: Lopunny|Lopunny, M|272\/272
|turn|8
|
|detailschange|p1a: Lopunny|Lopunny-Mega, M
|-mega|p1a: Lopunny|Lopunny|Lopunnite
|move|p2a: kuvisharp|Sucker Punch|p1a: Lopunny
|-resisted|p1a: Lopunny
|-damage|p1a: Lopunny|163\/272
|-damage|p2a: kuvisharp|22\/271|[from] item: Life Orb
|move|p1a: Lopunny|Return|p2a: kuvisharp
|-resisted|p2a: kuvisharp
|-damage|p2a: kuvisharp|0 fnt
|faint|p2a: kuvisharp
|
|
|switch|p2a: Kel D. Owe|Keldeo|323\/323
|-damage|p2a: Kel D. Owe|303\/323|[from] Stealth Rock
|turn|9
|
|switch|p1a: Azumarill|Azumarill, F|310\/401
|move|p2a: Kel D. Owe|Scald|p1a: Azumarill
|-resisted|p1a: Azumarill
|-damage|p1a: Azumarill|258\/401
|
|turn|10
|
|switch|p2a: zuko|Heatran, M|386\/386
|-damage|p2a: zuko|338\/386|[from] Stealth Rock
|move|p1a: Azumarill|Play Rough|p2a: zuko
|-resisted|p2a: zuko
|-damage|p2a: zuko|290\/386
|
|-heal|p2a: zuko|314\/386|[from] item: Leftovers
|turn|11
|
|move|p2a: zuko|Stealth Rock|p1a: Azumarill
|-sidestart|p1: rnd900|move: Stealth Rock
|move|p1a: Azumarill|Waterfall|p2a: zuko
|-supereffective|p2a: zuko
|-damage|p2a: zuko|0 fnt
|faint|p2a: zuko
|
|
|switch|p2a: asami|Lopunny, F|271\/271
|-damage|p2a: asami|238\/271|[from] Stealth Rock
|turn|12
|
|switch|p1a: Gliscor|Gliscor, F|352\/352
|-damage|p1a: Gliscor|308\/352|[from] Stealth Rock
|detailschange|p2a: asami|Lopunny-Mega, F
|-mega|p2a: asami|Lopunny|Lopunnite
|move|p2a: asami|Fake Out|p1a: Gliscor
|-crit|p1a: Gliscor
|-damage|p1a: Gliscor|214\/352
|
|-status|p1a: Gliscor|tox|[from] item: Toxic Orb
|turn|13
|join|Er Filethe
|c|★angel0mike|wapa
|
|move|p2a: asami|Return|p1a: Gliscor
|-damage|p1a: Gliscor|67\/352 tox
|move|p1a: Gliscor|Roost|p1a: Gliscor
|-heal|p1a: Gliscor|243\/352 tox
|
|-heal|p1a: Gliscor|287\/352 tox|[from] ability: Poison Heal
|turn|14
|
|switch|p2a: Kel D. Owe|Keldeo|303\/323
|-damage|p2a: Kel D. Owe|283\/323|[from] Stealth Rock
|move|p1a: Gliscor|Earthquake|p2a: Kel D. Owe
|-damage|p2a: Kel D. Owe|165\/323
|
|-heal|p1a: Gliscor|331\/352 tox|[from] ability: Poison Heal
|turn|15
|c|★angel0mike|te va
|c|★angel0mike|pokespain'
|c|★angel0mike|?
|c| Er Filethe|la pag?
|
|switch|p1a: Heatran|Heatran, M|298\/324
|-damage|p1a: Heatran|258\/324|[from] Stealth Rock
|move|p2a: Kel D. Owe|Scald|p1a: Heatran
|-supereffective|p1a: Heatran
|-damage|p1a: Heatran|6\/324
|
|turn|16
|c|★angel0mike|si
|c| Er Filethe|nop
|c|★angel0mike|oki ty
|
|move|p2a: Kel D. Owe|Scald|p1a: Heatran
|-supereffective|p1a: Heatran
|-damage|p1a: Heatran|0 fnt
|faint|p1a: Heatran
|
|
|switch|p1a: Azumarill|Azumarill, F|258\/401
|-damage|p1a: Azumarill|208\/401|[from] Stealth Rock
|turn|17
|
|switch|p2a: yue|Clefable, M|337\/393
|move|p1a: Azumarill|Play Rough|p2a: yue
|-damage|p2a: yue|169\/393
|-unboost|p2a: yue|atk|1
|
|turn|18
|join|uziti
|
|switch|p1a: Gliscor|Gliscor, F|331\/352 tox
|-damage|p1a: Gliscor|287\/352 tox|[from] Stealth Rock
|move|p2a: yue|Soft-Boiled|p2a: yue
|-heal|p2a: yue|366\/393
|
|-heal|p1a: Gliscor|331\/352 tox|[from] ability: Poison Heal
|turn|19
|
|switch|p2a: Kel D. Owe|Keldeo|165\/323
|-damage|p2a: Kel D. Owe|145\/323|[from] Stealth Rock
|move|p1a: Gliscor|Swords Dance|p1a: Gliscor
|-boost|p1a: Gliscor|atk|2
|
|-heal|p1a: Gliscor|352\/352 tox|[from] ability: Poison Heal
|turn|20
|
|move|p2a: Kel D. Owe|Scald|p1a: Gliscor
|-supereffective|p1a: Gliscor
|-damage|p1a: Gliscor|92\/352 tox
|move|p1a: Gliscor|Earthquake|p2a: Kel D. Owe
|-damage|p2a: Kel D. Owe|0 fnt
|faint|p2a: Kel D. Owe
|
|-heal|p1a: Gliscor|136\/352 tox|[from] ability: Poison Heal
|join|jerry85
|
|switch|p2a: asami|Lopunny-Mega, F|238\/271
|-damage|p2a: asami|222\/271|[from] Stealth Rock
|turn|21
|
|move|p2a: asami|Return|p1a: Gliscor
|-damage|p1a: Gliscor|0 fnt
|faint|p1a: Gliscor
|
|
|switch|p1a: Arceus Jr.|Dragonite, F|323\/323
|-damage|p1a: Arceus Jr.|243\/323|[from] Stealth Rock
|turn|22
|
|move|p2a: asami|Return|p1a: Arceus Jr.
|-damage|p1a: Arceus Jr.|44\/323
|move|p1a: Arceus Jr.|Iron Head|p2a: asami
|-damage|p2a: asami|57\/271
|
|turn|23
|
|move|p2a: asami|Return|p1a: Arceus Jr.
|-damage|p1a: Arceus Jr.|0 fnt
|faint|p1a: Arceus Jr.
|
|
|switch|p1a: Azumarill|Azumarill, F|208\/401
|-damage|p1a: Azumarill|158\/401|[from] Stealth Rock
|turn|24
|
|switch|p2a: Landorus|Landorus, M|319\/319
|-damage|p2a: Landorus|280\/319|[from] Stealth Rock
|move|p1a: Azumarill|Aqua Jet|p2a: Landorus
|-supereffective|p2a: Landorus
|-damage|p2a: Landorus|86\/319
|
|turn|25
|
|move|p1a: Azumarill|Aqua Jet|p2a: Landorus
|-supereffective|p2a: Landorus
|-damage|p2a: Landorus|0 fnt
|faint|p2a: Landorus
|
|
|switch|p2a: yue|Clefable, M|366\/393
|turn|26
|
|move|p2a: yue|Flamethrower|p1a: Azumarill
|-resisted|p1a: Azumarill
|-damage|p1a: Azumarill|132\/401
|move|p1a: Azumarill|Play Rough|p2a: yue
|-damage|p2a: yue|200\/393
|
|turn|27
|
|move|p2a: yue|Soft-Boiled|p2a: yue
|-heal|p2a: yue|393\/393
|move|p1a: Azumarill|Play Rough|p2a: yue
|-damage|p2a: yue|221\/393
|
|turn|28
|
|move|p2a: yue|Soft-Boiled|p2a: yue
|-heal|p2a: yue|393\/393
|move|p1a: Azumarill|Waterfall|p2a: yue
|-damage|p2a: yue|231\/393
|
|turn|29
|
|move|p2a: yue|Soft-Boiled|p2a: yue
|-heal|p2a: yue|393\/393
|move|p1a: Azumarill|Waterfall|p2a: yue
|-damage|p2a: yue|236\/393
|
|turn|30
|
|move|p2a: yue|Moonblast|p1a: Azumarill
|-damage|p1a: Azumarill|45\/401
|move|p1a: Azumarill|Play Rough|p2a: yue
|-damage|p2a: yue|55\/393
|
|turn|31
|
|move|p1a: Azumarill|Aqua Jet|p2a: yue
|-damage|p2a: yue|0 fnt
|faint|p2a: yue
|
|-message|angel0mike forfeited.
|leave|angel0mike
|
|switch|p2a: asami|Lopunny-Mega, F|57\/271
|-damage|p2a: asami|41\/271|[from] Stealth Rock
|turn|32
|
|win|rnd900
|raw|Ladder updating...
|player|p2
|join|ieloudai
|raw|rnd900's rating: 1628 &rarr; <strong>1641<\/strong><br \/>(+13 for winning)
|raw|angel0mike's rating: 1493 &rarr; <strong>1480<\/strong><br \/>(-13 for losing)
|leave|ieloudai
|leave|jerry85