|join|rnd900
|join|miasmata
|player|p1|rnd900|169
|player|p2|miasmata|170
|gametype|singles
|gen|6
|tier|OU
|rated
|clearpoke
|poke|p1|Lopunny, M
|poke|p1|Gliscor, M
|poke|p1|Heatran, M
|poke|p1|Latias, F
|poke|p1|Dragonite, F
|poke|p1|Azumarill, M
|poke|p2|Gyarados, M
|poke|p2|Landorus-Therian, M
|poke|p2|Latios, M
|poke|p2|Chesnaught, F
|poke|p2|Scizor, M
|poke|p2|Rhyperior, F
|rule|Swagger Clause: Swagger is banned
|rule|Baton Pass Clause: Limit one Pokémon knowing Baton Pass
|rule|Sleep Clause Mod: Limit one foe put to sleep
|rule|Species Clause: Limit one of each Pokémon
|rule|OHKO Clause: OHKO moves are banned
|rule|Moody Clause: Moody is banned
|rule|Evasion Moves Clause: Evasion moves are banned
|rule|Endless Battle Clause: Forcing endless battles is banned
|rule|HP Percentage Mod: HP is shown in percentages
|teampreview
|
|start
|switch|p1a: Heatran|Heatran, M|324\/324
|switch|p2a: Landorus-Therian|Landorus-Therian, M|319\/319
|-ability|p2a: Landorus-Therian|Intimidate|[of] p1a: Heatran
|-unboost|p1a: Heatran|atk|1
|-item|p1a: Heatran|Air Balloon
|turn|1
|
|move|p2a: Landorus-Therian|Stealth Rock|p1a: Heatran
|-sidestart|p1: rnd900|move: Stealth Rock
|move|p1a: Heatran|Will-O-Wisp|p2a: Landorus-Therian
|-status|p2a: Landorus-Therian|brn
|
|-damage|p2a: Landorus-Therian|280\/319 brn|[from] brn
|turn|2
|
|switch|p2a: Latios|Latios, M|364\/364
|move|p1a: Heatran|Stealth Rock|p2a: Latios
|-sidestart|p2: miasmata|move: Stealth Rock
|
|turn|3
|
|move|p2a: Latios|Light Screen|p2a: Latios
|-sidestart|p2: miasmata|move: Light Screen
|move|p1a: Heatran|Will-O-Wisp|p2a: Latios|[miss]
|-miss|p1a: Heatran|p2a: Latios
|
|turn|4
|
|move|p2a: Latios|Safeguard|p2a: Latios
|-sidestart|p2: miasmata|Safeguard
|move|p1a: Heatran|Taunt|p2a: Latios
|-start|p2a: Latios|move: Taunt
|
|turn|5
|
|switch|p2a: Gyarados|Gyarados, M|343\/343
|-damage|p2a: Gyarados|258\/343|[from] Stealth Rock
|-ability|p2a: Gyarados|Intimidate|[of] p1a: Heatran
|-unboost|p1a: Heatran|atk|1
|move|p1a: Heatran|Lava Plume|p2a: Gyarados
|-resisted|p2a: Gyarados
|-damage|p2a: Gyarados|223\/343
|
|turn|6
|
|switch|p1a: Azumarill|Azumarill, M|401\/401
|-damage|p1a: Azumarill|351\/401|[from] Stealth Rock
|detailschange|p2a: Gyarados|Gyarados-Mega, M
|-mega|p2a: Gyarados|Gyarados|Gyaradosite
|-ability|p2a: Gyarados|Mold Breaker
|move|p2a: Gyarados|Waterfall|p1a: Azumarill
|-resisted|p1a: Azumarill
|-damage|p1a: Azumarill|258\/401
|
|turn|7
|
|switch|p2a: Landorus-Therian|Landorus-Therian, M|280\/319 brn
|-damage|p2a: Landorus-Therian|241\/319 brn|[from] Stealth Rock
|-ability|p2a: Landorus-Therian|Intimidate|[of] p1a: Azumarill
|-unboost|p1a: Azumarill|atk|1
|move|p1a: Azumarill|Play Rough|p2a: Landorus-Therian
|-damage|p2a: Landorus-Therian|111\/319 brn
|
|-damage|p2a: Landorus-Therian|72\/319 brn|[from] brn
|turn|8
|
|move|p1a: Azumarill|Aqua Jet|p2a: Landorus-Therian
|-supereffective|p2a: Landorus-Therian
|-damage|p2a: Landorus-Therian|0 fnt
|faint|p2a: Landorus-Therian
|
|-sideend|p2: miasmata|Safeguard
|
|switch|p2a: Latios|Latios, M|364\/364
|-damage|p2a: Latios|319\/364|[from] Stealth Rock
|turn|9
|
|move|p2a: Latios|Reflect|p2a: Latios
|-sidestart|p2: miasmata|Reflect
|move|p1a: Azumarill|Play Rough|p2a: Latios
|-supereffective|p2a: Latios
|-damage|p2a: Latios|172\/364
|
|turn|10
|
|switch|p1a: Latias|Latias, F|302\/302
|-damage|p1a: Latias|265\/302|[from] Stealth Rock
|move|p2a: Latios|Memento|p1a: Latias
|-unboost|p1a: Latias|atk|2
|-unboost|p1a: Latias|spa|2
|faint|p2a: Latios
|
|-sideend|p2: miasmata|move: Light Screen
|
|switch|p2a: Chesnaught|Chesnaught, F|320\/320
|-damage|p2a: Chesnaught|300\/320|[from] Stealth Rock
|turn|11
|
|move|p1a: Latias|Psyshock|p2a: Chesnaught
|-crit|p2a: Chesnaught
|-supereffective|p2a: Chesnaught
|-damage|p2a: Chesnaught|0 fnt
|-damage|p1a: Latias|235\/302|[from] item: Life Orb
|faint|p2a: Chesnaught
|
|
|switch|p2a: Scizor|Scizor, M|289\/289
|-damage|p2a: Scizor|253\/289|[from] Stealth Rock
|turn|12
|
|switch|p1a: Gliscor|Gliscor, M|352\/352
|-damage|p1a: Gliscor|308\/352|[from] Stealth Rock
|move|p2a: Scizor|Swords Dance|p2a: Scizor
|-boost|p2a: Scizor|atk|2
|
|-status|p1a: Gliscor|tox|[from] item: Toxic Orb
|turn|13
|
|move|p1a: Gliscor|Swords Dance|p1a: Gliscor
|-boost|p1a: Gliscor|atk|2
|move|p2a: Scizor|Swords Dance|p2a: Scizor
|-boost|p2a: Scizor|atk|2
|
|-heal|p1a: Gliscor|352\/352 tox|[from] ability: Poison Heal
|turn|14
|
|move|p2a: Scizor|Bullet Punch|p1a: Gliscor
|-damage|p1a: Gliscor|0 fnt
|-damage|p2a: Scizor|225\/289|[from] item: Life Orb
|faint|p1a: Gliscor
|
|
|switch|p1a: Heatran|Heatran, M|324\/324
|-damage|p1a: Heatran|284\/324|[from] Stealth Rock
|-item|p1a: Heatran|Air Balloon
|turn|15
|
|move|p1a: Heatran|Lava Plume|p2a: Scizor
|-supereffective|p2a: Scizor
|-damage|p2a: Scizor|0 fnt
|faint|p2a: Scizor
|
|-message|miasmata forfeited.
|leave|miasmata
|
|win|rnd900
|raw|Ladder updating...
|player|p2
|raw|rnd900's rating: 1726 &rarr; <strong>1750<\/strong><br \/>(+24 for winning)
|raw|miasmata's rating: 1797 &rarr; <strong>1773<\/strong><br \/>(-24 for losing)