|join|Q113
|join|DuncanTop3History
|player|p1|Q113|1
|player|p2|DuncanTop3History|92
|gametype|singles
|gen|6
|tier|OU
|rated
|clearpoke
|poke|p1|Swampert, F
|poke|p1|Politoed, F
|poke|p1|Clefable, F
|poke|p1|Manaphy
|poke|p1|Latias, F
|poke|p1|Tornadus-Therian, M
|poke|p2|Metagross
|poke|p2|Keldeo
|poke|p2|Tornadus-Therian, M
|poke|p2|Landorus-Therian, M
|poke|p2|Clefable, M
|poke|p2|Latias, F
|rule|Swagger Clause: Swagger is banned
|rule|Baton Pass Clause: Limit one Pokémon knowing Baton Pass
|rule|Sleep Clause Mod: Limit one foe put to sleep
|rule|Species Clause: Limit one of each Pokémon
|rule|OHKO Clause: OHKO moves are banned
|rule|Moody Clause: Moody is banned
|rule|Evasion Moves Clause: Evasion moves are banned
|rule|Endless Battle Clause: Forcing endless battles is banned
|rule|HP Percentage Mod: HP is shown in percentages
|teampreview
|
|start
|switch|p1a: Manaphy|Manaphy|341\/341
|switch|p2a: Tornadus-Therian|Tornadus-Therian, M|332\/332
|turn|1
|
|move|p2a: Tornadus-Therian|Hurricane|p1a: Manaphy
|-damage|p1a: Manaphy|175\/341
|move|p1a: Manaphy|Scald|p2a: Tornadus-Therian
|-damage|p2a: Tornadus-Therian|230\/332
|
|-heal|p1a: Manaphy|196\/341|[from] item: Leftovers
|turn|2
|
|switch|p1a: Latias|Latias, F|302\/302
|move|p2a: Tornadus-Therian|Hurricane|p1a: Latias
|-damage|p1a: Latias|181\/302
|-start|p1a: Latias|confusion
|
|turn|3
|
|-activate|p1a: Latias|confusion
|move|p1a: Latias|Draco Meteor|p2a: Tornadus-Therian
|-damage|p2a: Tornadus-Therian|68\/332
|-unboost|p1a: Latias|spa|2
|move|p2a: Tornadus-Therian|U-turn|p1a: Latias
|-supereffective|p1a: Latias
|-damage|p1a: Latias|79\/302
|
|switch|p2a: Metagross|Metagross|301\/301
|
|turn|4
|
|detailschange|p2a: Metagross|Metagross-Mega
|-mega|p2a: Metagross|Metagross|Metagrossite
|move|p2a: Metagross|Pursuit|p1a: Latias|[from]Pursuit
|-supereffective|p1a: Latias
|-damage|p1a: Latias|0 fnt
|faint|p1a: Latias
|
|
|switch|p1a: Swampert|Swampert, F|354\/354
|turn|5
|
|detailschange|p1a: Swampert|Swampert-Mega, F
|-mega|p1a: Swampert|Swampert|Swampertite
|move|p2a: Metagross|Zen Headbutt|p1a: Swampert
|-damage|p1a: Swampert|165\/354
|move|p1a: Swampert|Ice Punch|p2a: Metagross
|-resisted|p2a: Metagross
|-damage|p2a: Metagross|263\/301
|-status|p2a: Metagross|frz
|
|turn|6
|
|switch|p2a: Landorus-Therian|Landorus-Therian, M|381\/381
|-ability|p2a: Landorus-Therian|Intimidate|[of] p1a: Swampert
|-unboost|p1a: Swampert|atk|1
|move|p1a: Swampert|Earthquake|p2a: Landorus-Therian
|-immune|p2a: Landorus-Therian|[msg]
|
|turn|7
|
|move|p1a: Swampert|Ice Punch|p2a: Landorus-Therian
|-supereffective|p2a: Landorus-Therian
|-damage|p2a: Landorus-Therian|169\/381
|move|p2a: Landorus-Therian|Stealth Rock|p1a: Swampert
|-sidestart|p1: Q113|move: Stealth Rock
|
|-heal|p2a: Landorus-Therian|192\/381|[from] item: Leftovers
|turn|8
|
|switch|p1a: Politoed|Politoed, F|384\/384
|-damage|p1a: Politoed|336\/384|[from] Stealth Rock
|-weather|RainDance
|switch|p2a: Latias|Latias, F|319\/319
|
|-weather|RainDance|[upkeep]
|turn|9
|
|move|p2a: Latias|Psyshock|p1a: Politoed
|-damage|p1a: Politoed|137\/384
|-damage|p2a: Latias|288\/319|[from] item: Life Orb
|move|p1a: Politoed|Scald|p2a: Latias
|-resisted|p2a: Latias
|-damage|p2a: Latias|232\/319
|-status|p2a: Latias|brn
|
|-weather|RainDance|[upkeep]
|-damage|p2a: Latias|193\/319 brn|[from] brn
|turn|10
|
|switch|p1a: Clefable|Clefable, F|394\/394
|move|p2a: Latias|Psyshock|p1a: Clefable
|-damage|p1a: Clefable|245\/394
|-damage|p2a: Latias|162\/319 brn|[from] item: Life Orb
|
|-weather|RainDance|[upkeep]
|-damage|p2a: Latias|123\/319 brn|[from] brn
|turn|11
|
|switch|p1a: Swampert|Swampert-Mega, F|165\/354
|-damage|p1a: Swampert|143\/354|[from] Stealth Rock
|move|p2a: Latias|Healing Wish|p2a: Latias
|faint|p2a: Latias
|
|-weather|RainDance|[upkeep]
|
|switch|p2a: Metagross|Metagross-Mega|263\/301 frz
|-heal|p2a: Metagross|301\/301|[from] move: Healing Wish
|turn|12
|
|switch|p2a: Landorus-Therian|Landorus-Therian, M|192\/381
|-ability|p2a: Landorus-Therian|Intimidate|[of] p1a: Swampert
|-unboost|p1a: Swampert|atk|1
|move|p1a: Swampert|Earthquake|p2a: Landorus-Therian
|-immune|p2a: Landorus-Therian|[msg]
|
|-weather|RainDance|[upkeep]
|-heal|p2a: Landorus-Therian|215\/381|[from] item: Leftovers
|turn|13
|
|switch|p2a: Keldeo|Keldeo|323\/323
|move|p1a: Swampert|Ice Punch|p2a: Keldeo
|-resisted|p2a: Keldeo
|-damage|p2a: Keldeo|280\/323
|
|-weather|RainDance|[upkeep]
|-heal|p2a: Keldeo|300\/323|[from] item: Leftovers
|turn|14
|
|switch|p1a: Tornadus-Therian|Tornadus-Therian, M|361\/361
|-damage|p1a: Tornadus-Therian|271\/361|[from] Stealth Rock
|move|p2a: Keldeo|Scald|p1a: Tornadus-Therian
|-damage|p1a: Tornadus-Therian|37\/361
|-status|p1a: Tornadus-Therian|brn
|
|-weather|RainDance|[upkeep]
|-heal|p2a: Keldeo|320\/323|[from] item: Leftovers
|-damage|p1a: Tornadus-Therian|0 fnt|[from] brn
|faint|p1a: Tornadus-Therian
|
|switch|p1a: Manaphy|Manaphy|196\/341
|-damage|p1a: Manaphy|154\/341|[from] Stealth Rock
|turn|15
|
|move|p2a: Keldeo|Secret Sword|p1a: Manaphy
|-damage|p1a: Manaphy|0 fnt
|faint|p1a: Manaphy
|
|-weather|none
|-heal|p2a: Keldeo|323\/323|[from] item: Leftovers
|-message|Q113 lost due to inactivity.
|
|win|DuncanTop3History
|raw|Ladder updating...
|raw|Q113's rating: 1569 &rarr; <strong>1554<\/strong><br \/>(-15 for losing)
|raw|DuncanTop3History's rating: 1669 &rarr; <strong>1684<\/strong><br \/>(+15 for winning)