|join|Reverb
|join|DuncanTop3History
|player|p1|Reverb|#reverb
|player|p2|DuncanTop3History|92
|gametype|singles
|gen|6
|tier|OU
|rated
|clearpoke
|poke|p1|Landorus-Therian, M
|poke|p1|Latias, F
|poke|p1|Heatran, F
|poke|p1|Conkeldurr, M
|poke|p1|Azumarill, F
|poke|p1|Heracross, M
|poke|p2|Metagross
|poke|p2|Keldeo
|poke|p2|Tornadus-Therian, M
|poke|p2|Landorus-Therian, M
|poke|p2|Clefable, M
|poke|p2|Latias, F
|rule|Swagger Clause: Swagger is banned
|rule|Baton Pass Clause: Limit one Pokémon knowing Baton Pass
|rule|Sleep Clause Mod: Limit one foe put to sleep
|rule|Species Clause: Limit one of each Pokémon
|rule|OHKO Clause: OHKO moves are banned
|rule|Moody Clause: Moody is banned
|rule|Evasion Moves Clause: Evasion moves are banned
|rule|Endless Battle Clause: Forcing endless battles is banned
|rule|HP Percentage Mod: HP is shown in percentages
|teampreview
|join|Prankster
|c|★DuncanTop3History|gl
|c|★Reverb|u2
|
|start
|switch|p1a: Azumarill|Azumarill, F|341\/341
|switch|p2a: Tornadus-Therian|Tornadus-Therian, M|332\/332
|turn|1
|
|move|p2a: Tornadus-Therian|Hurricane|p1a: Azumarill
|-damage|p1a: Azumarill|155\/341
|move|p1a: Azumarill|Waterfall|p2a: Tornadus-Therian
|-damage|p2a: Tornadus-Therian|22\/332
|
|turn|2
|join|I Iike Squirtles
|
|move|p2a: Tornadus-Therian|U-turn|p1a: Azumarill
|-resisted|p1a: Azumarill
|-damage|p1a: Azumarill|125\/341
|join|MTL Manectric
|
|switch|p2a: Latias|Latias, F|319\/319
|move|p1a: Azumarill|Waterfall|p2a: Latias
|-resisted|p2a: Latias
|-damage|p2a: Latias|189\/319
|
|turn|3
|join|GeenArrow
|
|switch|p1a: Heatran|Heatran, F|385\/385
|move|p2a: Latias|Psyshock|p1a: Heatran
|-resisted|p1a: Heatran
|-damage|p1a: Heatran|307\/385
|-damage|p2a: Latias|158\/319|[from] item: Life Orb
|
|-heal|p1a: Heatran|331\/385|[from] item: Leftovers
|turn|4
|join|El-Soldier
|
|switch|p2a: Tornadus-Therian|Tornadus-Therian, M|132\/332
|move|p1a: Heatran|Stealth Rock|p2a: Tornadus-Therian
|-sidestart|p2: DuncanTop3History|move: Stealth Rock
|
|-heal|p1a: Heatran|355\/385|[from] item: Leftovers
|turn|5
|
|move|p2a: Tornadus-Therian|U-turn|p1a: Heatran
|-resisted|p1a: Heatran
|-damage|p1a: Heatran|344\/385
|
|switch|p2a: Landorus-Therian|Landorus-Therian, M|381\/381
|-damage|p2a: Landorus-Therian|334\/381|[from] Stealth Rock
|-ability|p2a: Landorus-Therian|Intimidate|[of] p1a: Heatran
|-unboost|p1a: Heatran|atk|1
|move|p1a: Heatran|Lava Plume|p2a: Landorus-Therian
|-damage|p2a: Landorus-Therian|204\/381
|-status|p2a: Landorus-Therian|brn
|
|-heal|p1a: Heatran|368\/385|[from] item: Leftovers
|-heal|p2a: Landorus-Therian|227\/381 brn|[from] item: Leftovers
|-damage|p2a: Landorus-Therian|180\/381 brn|[from] brn
|turn|6
|
|move|p1a: Heatran|Taunt|p2a: Landorus-Therian
|-start|p2a: Landorus-Therian|move: Taunt
|cant|p2a: Landorus-Therian|move: Taunt|Stealth Rock
|
|-heal|p1a: Heatran|385\/385|[from] item: Leftovers
|-heal|p2a: Landorus-Therian|203\/381 brn|[from] item: Leftovers
|-damage|p2a: Landorus-Therian|156\/381 brn|[from] brn
|turn|7
|
|switch|p1a: Landorus-Therian|Landorus-Therian, M|319\/319
|-ability|p1a: Landorus-Therian|Intimidate|[of] p2a: Landorus-Therian
|-unboost|p2a: Landorus-Therian|atk|1
|move|p2a: Landorus-Therian|U-turn|p1a: Landorus-Therian
|-resisted|p1a: Landorus-Therian
|-damage|p1a: Landorus-Therian|305\/319
|
|switch|p2a: Keldeo|Keldeo|323\/323
|-damage|p2a: Keldeo|303\/323|[from] Stealth Rock
|
|-heal|p2a: Keldeo|323\/323|[from] item: Leftovers
|turn|8
|join|Lukus
|join|Alkov
|
|switch|p1a: Conkeldurr|Conkeldurr, M|364\/364
|move|p2a: Keldeo|Scald|p1a: Conkeldurr
|-damage|p1a: Conkeldurr|258\/364
|
|turn|9
|join|mouse de frank
|
|switch|p2a: Clefable|Clefable, M|394\/394
|switch|p1a: Azumarill|Azumarill, F|125\/341
|
|turn|10
|
|move|p1a: Azumarill|Waterfall|p2a: Clefable
|-damage|p2a: Clefable|138\/394
|move|p2a: Clefable|Moonblast|p1a: Azumarill
|-damage|p1a: Azumarill|0 fnt
|faint|p1a: Azumarill
|
|-heal|p2a: Clefable|162\/394|[from] item: Leftovers
|join|daftmau5
|
|switch|p1a: Heracross|Heracross, M|301\/301
|turn|11
|
|switch|p2a: Landorus-Therian|Landorus-Therian, M|156\/381 brn
|-damage|p2a: Landorus-Therian|109\/381 brn|[from] Stealth Rock
|-ability|p2a: Landorus-Therian|Intimidate|[of] p1a: Heracross
|-unboost|p1a: Heracross|atk|1
|detailschange|p1a: Heracross|Heracross-Mega, M
|-mega|p1a: Heracross|Heracross|Heracronite
|move|p1a: Heracross|Rock Blast|p2a: Landorus-Therian
|-damage|p2a: Landorus-Therian|88\/381 brn
|-damage|p2a: Landorus-Therian|65\/381 brn
|-damage|p2a: Landorus-Therian|43\/381 brn
|-damage|p2a: Landorus-Therian|21\/381 brn
|-damage|p2a: Landorus-Therian|0 fnt
|-hitcount|p2a: Landorus-Therian|5
|faint|p2a: Landorus-Therian
|
|
|switch|p2a: Tornadus-Therian|Tornadus-Therian, M|242\/332
|-damage|p2a: Tornadus-Therian|159\/332|[from] Stealth Rock
|turn|12
|
|switch|p1a: Heatran|Heatran, F|385\/385
|move|p2a: Tornadus-Therian|Hurricane|p1a: Heatran
|-resisted|p1a: Heatran
|-damage|p1a: Heatran|306\/385
|
|-heal|p1a: Heatran|330\/385|[from] item: Leftovers
|turn|13
|
|move|p2a: Tornadus-Therian|U-turn|p1a: Heatran
|-resisted|p1a: Heatran
|-damage|p1a: Heatran|318\/385
|
|switch|p2a: Keldeo|Keldeo|323\/323
|-damage|p2a: Keldeo|303\/323|[from] Stealth Rock
|move|p1a: Heatran|Lava Plume|p2a: Keldeo
|-resisted|p2a: Keldeo
|-damage|p2a: Keldeo|235\/323
|
|-heal|p2a: Keldeo|255\/323|[from] item: Leftovers
|-heal|p1a: Heatran|342\/385|[from] item: Leftovers
|turn|14
|
|switch|p1a: Latias|Latias, F|364\/364
|move|p2a: Keldeo|Secret Sword|p1a: Latias
|-resisted|p1a: Latias
|-damage|p1a: Latias|304\/364
|
|-heal|p2a: Keldeo|275\/323|[from] item: Leftovers
|-heal|p1a: Latias|326\/364|[from] item: Leftovers
|turn|15
|join|Zhafception
|
|switch|p2a: Metagross|Metagross|301\/301
|-damage|p2a: Metagross|283\/301|[from] Stealth Rock
|move|p1a: Latias|Thunder Wave|p2a: Metagross
|-status|p2a: Metagross|par
|
|-heal|p1a: Latias|348\/364|[from] item: Leftovers
|turn|16
|
|detailschange|p2a: Metagross|Metagross-Mega
|-mega|p2a: Metagross|Metagross|Metagrossite
|move|p2a: Metagross|Pursuit|p1a: Latias|[from]Pursuit
|-supereffective|p1a: Latias
|-damage|p1a: Latias|128\/364
|switch|p1a: Heatran|Heatran, F|342\/385
|
|-heal|p1a: Heatran|366\/385|[from] item: Leftovers
|turn|17
|
|switch|p2a: Latias|Latias, F|158\/319
|-damage|p2a: Latias|119\/319|[from] Stealth Rock
|move|p1a: Heatran|Lava Plume|p2a: Latias
|-resisted|p2a: Latias
|-damage|p2a: Latias|70\/319
|
|-heal|p1a: Heatran|385\/385|[from] item: Leftovers
|turn|18
|
|move|p2a: Latias|Defog|p1a: Heatran
|-unboost|p1a: Heatran|evasion|1
|-sideend|p2: DuncanTop3History|Stealth Rock|[from] move: Defog|[of] p2a: Latias
|move|p1a: Heatran|Lava Plume|p2a: Latias
|-resisted|p2a: Latias
|-damage|p2a: Latias|24\/319
|
|turn|19
|
|move|p2a: Latias|Healing Wish|p2a: Latias
|faint|p2a: Latias
|move|p1a: Heatran|Stealth Rock|p2: Latias
|-sidestart|p2: DuncanTop3History|move: Stealth Rock
|
|
|switch|p2a: Metagross|Metagross-Mega|283\/301 par
|-heal|p2a: Metagross|301\/301|[from] move: Healing Wish
|-damage|p2a: Metagross|283\/301|[from] Stealth Rock
|turn|20
|
|switch|p2a: Keldeo|Keldeo|275\/323
|-damage|p2a: Keldeo|255\/323|[from] Stealth Rock
|switch|p1a: Landorus-Therian|Landorus-Therian, M|305\/319
|-ability|p1a: Landorus-Therian|Intimidate|[of] p2a: Keldeo
|-unboost|p2a: Keldeo|atk|1
|
|-heal|p2a: Keldeo|275\/323|[from] item: Leftovers
|turn|21
|
|move|p1a: Landorus-Therian|U-turn|p2a: Keldeo
|-resisted|p2a: Keldeo
|-damage|p2a: Keldeo|228\/323
|
|switch|p1a: Conkeldurr|Conkeldurr, M|258\/364
|move|p2a: Keldeo|Scald|p1a: Conkeldurr
|-damage|p1a: Conkeldurr|155\/364
|
|-heal|p2a: Keldeo|248\/323|[from] item: Leftovers
|turn|22
|join|looiiyut
|
|switch|p2a: Clefable|Clefable, M|162\/394
|move|p1a: Conkeldurr|Drain Punch|p2a: Clefable
|-resisted|p2a: Clefable
|-damage|p2a: Clefable|75\/394
|-heal|p1a: Conkeldurr|199\/364|[from] drain|[of] p2a: Clefable
|
|-heal|p2a: Clefable|99\/394|[from] item: Leftovers
|turn|23
|join|Jared.O
|
|switch|p1a: Latias|Latias, F|128\/364
|move|p2a: Clefable|Soft-Boiled|p2a: Clefable
|-heal|p2a: Clefable|296\/394
|
|-heal|p1a: Latias|150\/364|[from] item: Leftovers
|-heal|p2a: Clefable|320\/394|[from] item: Leftovers
|turn|24
|
|move|p1a: Latias|Recover|p1a: Latias
|-heal|p1a: Latias|332\/364
|move|p2a: Clefable|Moonblast|p1a: Latias
|-supereffective|p1a: Latias
|-damage|p1a: Latias|156\/364
|
|-heal|p1a: Latias|178\/364|[from] item: Leftovers
|-heal|p2a: Clefable|344\/394|[from] item: Leftovers
|turn|25
|
|switch|p1a: Heatran|Heatran, F|385\/385
|move|p2a: Clefable|Calm Mind|p2a: Clefable
|-boost|p2a: Clefable|spa|1
|-boost|p2a: Clefable|spd|1
|
|-heal|p2a: Clefable|368\/394|[from] item: Leftovers
|turn|26
|
|switch|p2a: Tornadus-Therian|Tornadus-Therian, M|269\/332
|-damage|p2a: Tornadus-Therian|186\/332|[from] Stealth Rock
|move|p1a: Heatran|Roar|p2a: Tornadus-Therian
|drag|p2a: Metagross|Metagross-Mega|283\/301
|-damage|p2a: Metagross|265\/301|[from] Stealth Rock
|
|turn|27
|
|switch|p2a: Clefable|Clefable, M|368\/394
|switch|p1a: Landorus-Therian|Landorus-Therian, M|305\/319
|-ability|p1a: Landorus-Therian|Intimidate|[of] p2a: Clefable
|-unboost|p2a: Clefable|atk|1
|
|-heal|p2a: Clefable|392\/394|[from] item: Leftovers
|turn|28
|
|move|p1a: Landorus-Therian|U-turn|p2a: Clefable
|-resisted|p2a: Clefable
|-damage|p2a: Clefable|348\/394
|
|switch|p1a: Heatran|Heatran, F|385\/385
|move|p2a: Clefable|Soft-Boiled|p2a: Clefable
|-heal|p2a: Clefable|394\/394
|
|turn|29
|
|switch|p2a: Tornadus-Therian|Tornadus-Therian, M|296\/332
|-damage|p2a: Tornadus-Therian|213\/332|[from] Stealth Rock
|move|p1a: Heatran|Lava Plume|p2a: Tornadus-Therian
|-damage|p2a: Tornadus-Therian|128\/332
|
|turn|30
|
|move|p2a: Tornadus-Therian|Focus Blast|p1a: Heatran
|-crit|p1a: Heatran
|-supereffective|p1a: Heatran
|-damage|p1a: Heatran|71\/385
|move|p1a: Heatran|Lava Plume|p2a: Tornadus-Therian
|-damage|p2a: Tornadus-Therian|37\/332
|
|-heal|p1a: Heatran|95\/385|[from] item: Leftovers
|turn|31
|
|move|p2a: Tornadus-Therian|Focus Blast|p1a: Heatran
|-supereffective|p1a: Heatran
|-damage|p1a: Heatran|0 fnt
|faint|p1a: Heatran
|
|c| daftmau5|sick burns
|
|switch|p1a: Landorus-Therian|Landorus-Therian, M|305\/319
|-ability|p1a: Landorus-Therian|Intimidate|[of] p2a: Tornadus-Therian
|-unboost|p2a: Tornadus-Therian|atk|1
|turn|32
|
|switch|p2a: Clefable|Clefable, M|394\/394
|move|p1a: Landorus-Therian|U-turn|p2a: Clefable
|-resisted|p2a: Clefable
|-damage|p2a: Clefable|344\/394
|
|switch|p1a: Heracross|Heracross-Mega, M|301\/301
|
|-heal|p2a: Clefable|368\/394|[from] item: Leftovers
|turn|33
|
|move|p1a: Heracross|Swords Dance|p1a: Heracross
|-boost|p1a: Heracross|atk|2
|move|p2a: Clefable|Moonblast|p1a: Heracross
|-supereffective|p1a: Heracross
|-damage|p1a: Heracross|97\/301
|-unboost|p1a: Heracross|spa|1
|
|-heal|p2a: Clefable|392\/394|[from] item: Leftovers
|turn|34
|
|switch|p2a: Metagross|Metagross-Mega|265\/301
|-damage|p2a: Metagross|247\/301|[from] Stealth Rock
|move|p1a: Heracross|Rock Blast|p2a: Metagross
|-resisted|p2a: Metagross
|-damage|p2a: Metagross|215\/301
|-resisted|p2a: Metagross
|-damage|p2a: Metagross|186\/301
|-resisted|p2a: Metagross
|-damage|p2a: Metagross|158\/301
|-resisted|p2a: Metagross
|-damage|p2a: Metagross|127\/301
|-resisted|p2a: Metagross
|-damage|p2a: Metagross|94\/301
|-hitcount|p2a: Metagross|5
|
|turn|35
|
|switch|p1a: Landorus-Therian|Landorus-Therian, M|305\/319
|-ability|p1a: Landorus-Therian|Intimidate|[of] p2a: Metagross
|-unboost|p2a: Metagross|atk|1
|move|p2a: Metagross|Meteor Mash|p1a: Landorus-Therian
|-damage|p1a: Landorus-Therian|155\/319
|
|turn|36
|
|move|p1a: Landorus-Therian|U-turn|p2a: Metagross
|-damage|p2a: Metagross|26\/301
|
|switch|p1a: Latias|Latias, F|178\/364
|move|p2a: Metagross|Zen Headbutt|p1a: Latias
|-resisted|p1a: Latias
|-damage|p1a: Latias|122\/364
|
|-heal|p1a: Latias|144\/364|[from] item: Leftovers
|turn|37
|
|move|p2a: Metagross|Pursuit|p1a: Latias
|-supereffective|p1a: Latias
|-damage|p1a: Latias|66\/364
|move|p1a: Latias|Recover|p1a: Latias
|-heal|p1a: Latias|248\/364
|
|-heal|p1a: Latias|270\/364|[from] item: Leftovers
|turn|38
|
|move|p2a: Metagross|Ice Punch|p1a: Latias
|-supereffective|p1a: Latias
|-damage|p1a: Latias|132\/364
|move|p1a: Latias|Thunder Wave|p2a: Metagross
|-status|p2a: Metagross|par
|
|-heal|p1a: Latias|154\/364|[from] item: Leftovers
|turn|39
|leave|Jared.O
|c| daftmau5|that is so fat
|
|move|p1a: Latias|Recover|p1a: Latias
|-heal|p1a: Latias|336\/364
|move|p2a: Metagross|Meteor Mash|p1a: Latias
|-damage|p1a: Latias|221\/364
|-boost|p2a: Metagross|atk|1
|
|-heal|p1a: Latias|243\/364|[from] item: Leftovers
|turn|40
|c| daftmau5|holy hell
|
|move|p1a: Latias|Psyshock|p2a: Metagross
|-resisted|p2a: Metagross
|-damage|p2a: Metagross|7\/301 par
|move|p2a: Metagross|Ice Punch|p1a: Latias
|-supereffective|p1a: Latias
|-damage|p1a: Latias|49\/364
|
|-heal|p1a: Latias|71\/364|[from] item: Leftovers
|turn|41
|
|move|p1a: Latias|Recover|p1a: Latias
|-heal|p1a: Latias|253\/364
|move|p2a: Metagross|Ice Punch|p1a: Latias
|-supereffective|p1a: Latias
|-damage|p1a: Latias|35\/364
|
|-heal|p1a: Latias|57\/364|[from] item: Leftovers
|turn|42
|leave|mouse de frank
|join|mouse de frank
|leave|mouse de frank
|
|move|p1a: Latias|Recover|p1a: Latias
|-heal|p1a: Latias|239\/364
|move|p2a: Metagross|Ice Punch|p1a: Latias
|-supereffective|p1a: Latias
|-damage|p1a: Latias|23\/364
|
|-heal|p1a: Latias|45\/364|[from] item: Leftovers
|turn|43
|c|★Reverb|nice paras
|
|move|p1a: Latias|Recover|p1a: Latias
|-heal|p1a: Latias|227\/364
|move|p2a: Metagross|Ice Punch|p1a: Latias
|-supereffective|p1a: Latias
|-damage|p1a: Latias|15\/364
|
|-heal|p1a: Latias|37\/364|[from] item: Leftovers
|turn|44
|c| MTL Manectric|which will come first
|c| MTL Manectric|para or freeze
|
|move|p1a: Latias|Recover|p1a: Latias
|-heal|p1a: Latias|219\/364
|cant|p2a: Metagross|par
|
|-heal|p1a: Latias|241\/364|[from] item: Leftovers
|turn|45
|c| MTL Manectric|ahh
|c|★Reverb|thank god
|
|move|p1a: Latias|Psyshock|p2a: Metagross
|-resisted|p2a: Metagross
|-damage|p2a: Metagross|0 fnt
|faint|p2a: Metagross
|
|-heal|p1a: Latias|263\/364|[from] item: Leftovers
|
|switch|p2a: Clefable|Clefable, M|392\/394
|turn|46
|
|move|p1a: Latias|Thunder Wave|p2a: Clefable
|-status|p2a: Clefable|par
|move|p2a: Clefable|Moonblast|p1a: Latias
|-supereffective|p1a: Latias
|-damage|p1a: Latias|107\/364
|-unboost|p1a: Latias|spa|1
|
|-heal|p1a: Latias|129\/364|[from] item: Leftovers
|-heal|p2a: Clefable|394\/394 par|[from] item: Leftovers
|turn|47
|c| MTL Manectric|dude.. that's
|
|move|p1a: Latias|Recover|p1a: Latias
|-heal|p1a: Latias|311\/364
|move|p2a: Clefable|Calm Mind|p2a: Clefable
|-boost|p2a: Clefable|spa|1
|-boost|p2a: Clefable|spd|1
|
|-heal|p1a: Latias|333\/364|[from] item: Leftovers
|turn|48
|c| MTL Manectric|set up fodder
|
|switch|p1a: Conkeldurr|Conkeldurr, M|199\/364
|move|p2a: Clefable|Moonblast|p1a: Conkeldurr
|-supereffective|p1a: Conkeldurr
|-damage|p1a: Conkeldurr|0 fnt
|faint|p1a: Conkeldurr
|
|c| MTL Manectric|there it is
|
|switch|p1a: Landorus-Therian|Landorus-Therian, M|155\/319
|-ability|p1a: Landorus-Therian|Intimidate|[of] p2a: Clefable
|-unboost|p2a: Clefable|atk|1
|turn|49
|
|switch|p2a: Tornadus-Therian|Tornadus-Therian, M|147\/332
|-damage|p2a: Tornadus-Therian|64\/332|[from] Stealth Rock
|move|p1a: Landorus-Therian|Earthquake|p2a: Tornadus-Therian
|-immune|p2a: Tornadus-Therian|[msg]
|
|turn|50
|c| MTL Manectric|reverb use ox's weather team again?
|
|switch|p1a: Latias|Latias, F|333\/364
|move|p2a: Tornadus-Therian|Hurricane|p1a: Latias
|-damage|p1a: Latias|206\/364
|-start|p1a: Latias|confusion
|
|-heal|p1a: Latias|228\/364|[from] item: Leftovers
|turn|51
|
|switch|p1a: Landorus-Therian|Landorus-Therian, M|155\/319
|-ability|p1a: Landorus-Therian|Intimidate|[of] p2a: Tornadus-Therian
|-unboost|p2a: Tornadus-Therian|atk|1
|move|p2a: Tornadus-Therian|U-turn|p1a: Landorus-Therian
|-resisted|p1a: Landorus-Therian
|-damage|p1a: Landorus-Therian|139\/319
|
|switch|p2a: Keldeo|Keldeo|248\/323
|-damage|p2a: Keldeo|228\/323|[from] Stealth Rock
|
|-heal|p2a: Keldeo|248\/323|[from] item: Leftovers
|turn|52
|
|switch|p2a: Tornadus-Therian|Tornadus-Therian, M|174\/332
|-damage|p2a: Tornadus-Therian|91\/332|[from] Stealth Rock
|move|p1a: Landorus-Therian|U-turn|p2a: Tornadus-Therian
|-resisted|p2a: Tornadus-Therian
|-damage|p2a: Tornadus-Therian|34\/332
|
|switch|p1a: Latias|Latias, F|228\/364
|
|-heal|p1a: Latias|250\/364|[from] item: Leftovers
|turn|53
|
|move|p2a: Tornadus-Therian|U-turn|p1a: Latias
|-supereffective|p1a: Latias
|-damage|p1a: Latias|174\/364
|
|switch|p2a: Clefable|Clefable, M|394\/394 par
|move|p1a: Latias|Psyshock|p2a: Clefable
|-damage|p2a: Clefable|286\/394 par
|
|-heal|p1a: Latias|196\/364|[from] item: Leftovers
|-heal|p2a: Clefable|310\/394 par|[from] item: Leftovers
|turn|54
|
|switch|p1a: Landorus-Therian|Landorus-Therian, M|139\/319
|-ability|p1a: Landorus-Therian|Intimidate|[of] p2a: Clefable
|-unboost|p2a: Clefable|atk|1
|move|p2a: Clefable|Moonblast|p1a: Landorus-Therian
|-damage|p1a: Landorus-Therian|0 fnt
|faint|p1a: Landorus-Therian
|
|-heal|p2a: Clefable|334\/394 par|[from] item: Leftovers
|
|switch|p1a: Heracross|Heracross-Mega, M|97\/301
|turn|55
|
|switch|p2a: Keldeo|Keldeo|248\/323
|-damage|p2a: Keldeo|228\/323|[from] Stealth Rock
|move|p1a: Heracross|Rock Blast|p2a: Keldeo
|-resisted|p2a: Keldeo
|-damage|p2a: Keldeo|206\/323
|-resisted|p2a: Keldeo
|-damage|p2a: Keldeo|184\/323
|-resisted|p2a: Keldeo
|-damage|p2a: Keldeo|161\/323
|-resisted|p2a: Keldeo
|-damage|p2a: Keldeo|139\/323
|-crit|p2a: Keldeo
|-resisted|p2a: Keldeo
|-damage|p2a: Keldeo|102\/323
|-hitcount|p2a: Keldeo|5
|
|-heal|p2a: Keldeo|122\/323|[from] item: Leftovers
|turn|56
|-message|Reverb forfeited.
|
|win|DuncanTop3History
|raw|Ladder updating...
|leave|Reverb
|player|p1
|raw|Reverb's rating: 1766 &rarr; <strong>1740<\/strong><br \/>(-26 for losing)
|raw|DuncanTop3History's rating: 1654 &rarr; <strong>1680<\/strong><br \/>(+26 for winning)
|leave|daftmau5
|leave|Zhafception
|join|Zhafception
|leave|Zhafception