|join|In My Arms
|join|ebolapact
|player|p1|In My Arms|33
|player|p2|ebolapact|290
|gametype|singles
|gen|6
|tier|UU
|rated
|rule|Sleep Clause Mod: Limit one foe put to sleep
|rule|Species Clause: Limit one of each Pokémon
|rule|OHKO Clause: OHKO moves are banned
|rule|Moody Clause: Moody is banned
|rule|Evasion Moves Clause: Evasion moves are banned
|rule|Endless Battle Clause: Forcing endless battles is banned
|rule|HP Percentage Mod: HP is shown in percentages
|clearpoke
|poke|p1|Sharpedo, M, shiny
|poke|p1|Swampert, F, shiny
|poke|p1|Noivern, M, shiny
|poke|p1|Empoleon, M, shiny
|poke|p1|Infernape, F
|poke|p1|Toxicroak, F, shiny
|poke|p2|Reuniclus, F
|poke|p2|Medicham, M
|poke|p2|Jirachi, shiny
|poke|p2|Hydreigon, M
|poke|p2|Krookodile, M
|poke|p2|Tentacruel, M
|rule|Swagger Clause: Swagger is banned
|rule|Baton Pass Clause: Limit one Pokémon knowing Baton Pass
|teampreview
|
|start
|switch|p1a: Infernape|Infernape, F|294\/294
|switch|p2a: Jirachi|Jirachi, shiny|341\/341
|turn|1
|
|switch|p2a: Tentacruel|Tentacruel, M|363\/363
|move|p1a: Infernape|Stealth Rock|p2a: Tentacruel
|-sidestart|p2: ebolapact|move: Stealth Rock
|
|turn|2
|
|switch|p1a: Toxicroak|Toxicroak, F, shiny|308\/308
|move|p2a: Tentacruel|Rapid Spin|p1a: Toxicroak
|-damage|p1a: Toxicroak|294\/308
|-sideend|p2: ebolapact|Stealth Rock|[from] move: Rapid Spin|[of] p2a: Tentacruel
|
|turn|3
|
|switch|p2a: Krookodile|Krookodile, M|331\/331
|-ability|p2a: Krookodile|Intimidate|[of] p1a: Toxicroak
|-unboost|p1a: Toxicroak|atk|1
|move|p1a: Toxicroak|Nasty Plot|p1a: Toxicroak
|-boost|p1a: Toxicroak|spa|2
|
|turn|4
|
|switch|p2a: Reuniclus|Reuniclus, F|424\/424
|move|p1a: Toxicroak|Vacuum Wave|p2a: Reuniclus
|-resisted|p2a: Reuniclus
|-damage|p2a: Reuniclus|337\/424
|-damage|p1a: Toxicroak|264\/308|[from] item: Life Orb
|
|-heal|p2a: Reuniclus|363\/424|[from] item: Leftovers
|turn|5
|
|switch|p2a: Jirachi|Jirachi, shiny|341\/341
|move|p1a: Toxicroak|Sludge Wave|p2a: Jirachi
|-immune|p2a: Jirachi|[msg]
|
|turn|6
|
|switch|p1a: Empoleon|Empoleon, M, shiny|353\/353
|move|p2a: Jirachi|Psyshock|p1a: Empoleon
|-resisted|p1a: Empoleon
|-damage|p1a: Empoleon|284\/353
|
|turn|7
|
|move|p2a: Jirachi|Stealth Rock|p1a: Empoleon
|-sidestart|p1: In My Arms|move: Stealth Rock
|move|p1a: Empoleon|Swords Dance|p1a: Empoleon
|-boost|p1a: Empoleon|atk|2
|
|turn|8
|
|move|p2a: Jirachi|Energy Ball|p1a: Empoleon
|-damage|p1a: Empoleon|196\/353
|move|p1a: Empoleon|Knock Off|p2a: Jirachi
|-supereffective|p2a: Jirachi
|-damage|p2a: Jirachi|0 fnt
|-enditem|p2a: Jirachi|Leftovers|[from] move: Knock Off|[of] p1a: Empoleon
|faint|p2a: Jirachi
|
|
|switch|p2a: Medicham|Medicham, M|261\/261
|turn|9
|
|detailschange|p2a: Medicham|Medicham-Mega, M
|-mega|p2a: Medicham|Medicham|Medichamite
|move|p2a: Medicham|Fake Out|p1a: Empoleon
|-resisted|p1a: Empoleon
|-damage|p1a: Empoleon|156\/353
|cant|p1a: Empoleon|flinch
|
|turn|10
|
|move|p1a: Empoleon|Aqua Jet|p2a: Medicham
|-damage|p2a: Medicham|134\/261
|move|p2a: Medicham|High Jump Kick|p1a: Empoleon
|-supereffective|p1a: Empoleon
|-enditem|p1a: Empoleon|Chople Berry|[eat]
|-damage|p1a: Empoleon|0 fnt
|faint|p1a: Empoleon
|
|
|switch|p1a: Infernape|Infernape, F|294\/294
|-damage|p1a: Infernape|258\/294|[from] Stealth Rock
|turn|11
|
|switch|p2a: Reuniclus|Reuniclus, F|363\/424
|move|p1a: Infernape|Stealth Rock|p2a: Reuniclus
|-sidestart|p2: ebolapact|move: Stealth Rock
|
|-heal|p2a: Reuniclus|389\/424|[from] item: Leftovers
|turn|12
|
|switch|p1a: Noivern|Noivern, M, shiny|312\/312
|-damage|p1a: Noivern|234\/312|[from] Stealth Rock
|move|p2a: Reuniclus|Focus Blast|p1a: Noivern
|-resisted|p1a: Noivern
|-damage|p1a: Noivern|164\/312
|
|-heal|p2a: Reuniclus|415\/424|[from] item: Leftovers
|turn|13
|
|switch|p2a: Tentacruel|Tentacruel, M|363\/363
|-damage|p2a: Tentacruel|318\/363|[from] Stealth Rock
|move|p1a: Noivern|Boomburst|p2a: Tentacruel
|-damage|p2a: Tentacruel|133\/363
|
|-heal|p2a: Tentacruel|155\/363|[from] item: Black Sludge
|turn|14
|
|move|p1a: Noivern|Boomburst|p2a: Tentacruel
|-damage|p2a: Tentacruel|0 fnt
|faint|p2a: Tentacruel
|
|
|switch|p2a: Medicham|Medicham-Mega, M|134\/261
|-damage|p2a: Medicham|118\/261|[from] Stealth Rock
|turn|15
|
|switch|p1a: Infernape|Infernape, F|258\/294
|-damage|p1a: Infernape|222\/294|[from] Stealth Rock
|move|p2a: Medicham|Fake Out|p1a: Infernape
|-damage|p1a: Infernape|111\/294
|
|turn|16
|
|switch|p2a: Reuniclus|Reuniclus, F|415\/424
|move|p1a: Infernape|Fire Blast|p2a: Reuniclus
|-damage|p2a: Reuniclus|235\/424
|
|-heal|p2a: Reuniclus|261\/424|[from] item: Leftovers
|turn|17
|
|move|p1a: Infernape|Endeavor|p2a: Reuniclus
|-damage|p2a: Reuniclus|111\/424
|move|p2a: Reuniclus|Recover|p2a: Reuniclus
|-heal|p2a: Reuniclus|323\/424
|
|-heal|p2a: Reuniclus|349\/424|[from] item: Leftovers
|turn|18
|
|move|p1a: Infernape|Endeavor|p2a: Reuniclus
|-damage|p2a: Reuniclus|111\/424
|move|p2a: Reuniclus|Calm Mind|p2a: Reuniclus
|-boost|p2a: Reuniclus|spa|1
|-boost|p2a: Reuniclus|spd|1
|
|-heal|p2a: Reuniclus|137\/424|[from] item: Leftovers
|turn|19
|
|move|p1a: Infernape|Fire Blast|p2a: Reuniclus
|-damage|p2a: Reuniclus|14\/424
|-status|p2a: Reuniclus|brn
|move|p2a: Reuniclus|Recover|p2a: Reuniclus
|-heal|p2a: Reuniclus|226\/424 brn
|
|-heal|p2a: Reuniclus|252\/424 brn|[from] item: Leftovers
|turn|20
|
|move|p1a: Infernape|Endeavor|p2a: Reuniclus
|-damage|p2a: Reuniclus|111\/424 brn
|move|p2a: Reuniclus|Recover|p2a: Reuniclus
|-heal|p2a: Reuniclus|323\/424 brn
|
|-heal|p2a: Reuniclus|349\/424 brn|[from] item: Leftovers
|turn|21
|
|move|p1a: Infernape|Endeavor|p2a: Reuniclus
|-damage|p2a: Reuniclus|111\/424 brn
|move|p2a: Reuniclus|Calm Mind|p2a: Reuniclus
|-boost|p2a: Reuniclus|spa|1
|-boost|p2a: Reuniclus|spd|1
|
|-heal|p2a: Reuniclus|137\/424 brn|[from] item: Leftovers
|turn|22
|
|switch|p1a: Noivern|Noivern, M, shiny|164\/312
|-damage|p1a: Noivern|86\/312|[from] Stealth Rock
|move|p2a: Reuniclus|Recover|p2a: Reuniclus
|-heal|p2a: Reuniclus|349\/424 brn
|
|-heal|p2a: Reuniclus|375\/424 brn|[from] item: Leftovers
|turn|23
|
|switch|p2a: Medicham|Medicham-Mega, M|118\/261
|-damage|p2a: Medicham|102\/261|[from] Stealth Rock
|move|p1a: Noivern|Switcheroo|p2a: Medicham
|-fail|p2a: Medicham
|
|turn|24
|
|switch|p1a: Infernape|Infernape, F|111\/294
|-damage|p1a: Infernape|75\/294|[from] Stealth Rock
|move|p2a: Medicham|High Jump Kick|p1a: Infernape
|-damage|p1a: Infernape|0 fnt
|faint|p1a: Infernape
|
|
|switch|p1a: Sharpedo|Sharpedo, M, shiny|285\/285
|-damage|p1a: Sharpedo|250\/285|[from] Stealth Rock
|turn|25
|
|switch|p2a: Krookodile|Krookodile, M|331\/331
|-damage|p2a: Krookodile|311\/331|[from] Stealth Rock
|-ability|p2a: Krookodile|Intimidate|[of] p1a: Sharpedo
|-unboost|p1a: Sharpedo|atk|1
|move|p1a: Sharpedo|Ice Fang|p2a: Krookodile
|-supereffective|p2a: Krookodile
|-damage|p2a: Krookodile|134\/331
|-status|p2a: Krookodile|frz
|-damage|p1a: Sharpedo|222\/285|[from] item: Life Orb
|
|-boost|p1a: Sharpedo|spe|1|[from] ability: Speed Boost
|turn|26
|
|switch|p2a: Hydreigon|Hydreigon, M|325\/325
|-damage|p2a: Hydreigon|285\/325|[from] Stealth Rock
|move|p1a: Sharpedo|Waterfall|p2a: Hydreigon
|-resisted|p2a: Hydreigon
|-damage|p2a: Hydreigon|220\/325
|-damage|p1a: Sharpedo|194\/285|[from] item: Life Orb
|
|-boost|p1a: Sharpedo|spe|1|[from] ability: Speed Boost
|turn|27
|
|move|p1a: Sharpedo|Protect|p1a: Sharpedo
|-singleturn|p1a: Sharpedo|Protect
|move|p2a: Hydreigon|U-turn|p1a: Sharpedo
|-activate|p1a: Sharpedo|Protect
|
|-boost|p1a: Sharpedo|spe|1|[from] ability: Speed Boost
|turn|28
|
|switch|p1a: Noivern|Noivern, M, shiny|86\/312
|-damage|p1a: Noivern|8\/312|[from] Stealth Rock
|move|p2a: Hydreigon|U-turn|p1a: Noivern
|-resisted|p1a: Noivern
|-damage|p1a: Noivern|0 fnt
|faint|p1a: Noivern
|
|switch|p2a: Medicham|Medicham-Mega, M|102\/261
|-damage|p2a: Medicham|86\/261|[from] Stealth Rock
|
|
|switch|p1a: Sharpedo|Sharpedo, M, shiny|194\/285
|-damage|p1a: Sharpedo|159\/285|[from] Stealth Rock
|turn|29
|
|move|p1a: Sharpedo|Protect|p1a: Sharpedo
|-singleturn|p1a: Sharpedo|Protect
|move|p2a: Medicham|Fake Out|p1a: Sharpedo
|-activate|p1a: Sharpedo|Protect
|
|-boost|p1a: Sharpedo|spe|1|[from] ability: Speed Boost
|turn|30
|
|switch|p2a: Krookodile|Krookodile, M|134\/331 frz
|-damage|p2a: Krookodile|114\/331 frz|[from] Stealth Rock
|-ability|p2a: Krookodile|Intimidate|[of] p1a: Sharpedo
|-unboost|p1a: Sharpedo|atk|1
|move|p1a: Sharpedo|Waterfall|p2a: Krookodile
|-supereffective|p2a: Krookodile
|-damage|p2a: Krookodile|0 fnt
|-damage|p1a: Sharpedo|131\/285|[from] item: Life Orb
|faint|p2a: Krookodile
|
|-boost|p1a: Sharpedo|spe|1|[from] ability: Speed Boost
|
|switch|p2a: Hydreigon|Hydreigon, M|220\/325
|-damage|p2a: Hydreigon|180\/325|[from] Stealth Rock
|turn|31
|
|move|p1a: Sharpedo|Protect|p1a: Sharpedo
|-singleturn|p1a: Sharpedo|Protect
|move|p2a: Hydreigon|U-turn|p1a: Sharpedo
|-activate|p1a: Sharpedo|Protect
|
|-boost|p1a: Sharpedo|spe|1|[from] ability: Speed Boost
|turn|32
|
|switch|p1a: Swampert|Swampert, F, shiny|361\/361
|-damage|p1a: Swampert|339\/361|[from] Stealth Rock
|move|p2a: Hydreigon|U-turn|p1a: Swampert
|-damage|p1a: Swampert|282\/361
|
|switch|p2a: Medicham|Medicham-Mega, M|86\/261
|-damage|p2a: Medicham|70\/261|[from] Stealth Rock
|
|turn|33
|
|detailschange|p1a: Swampert|Swampert-Mega, F, shiny
|-mega|p1a: Swampert|Swampert|Swampertite
|move|p2a: Medicham|Fake Out|p1a: Swampert
|-damage|p1a: Swampert|212\/361
|cant|p1a: Swampert|flinch
|
|turn|34
|
|move|p2a: Medicham|High Jump Kick|p1a: Swampert
|-damage|p1a: Swampert|0 fnt
|faint|p1a: Swampert
|
|
|switch|p1a: Sharpedo|Sharpedo, M, shiny|131\/285
|-damage|p1a: Sharpedo|96\/285|[from] Stealth Rock
|turn|35
|
|switch|p2a: Hydreigon|Hydreigon, M|180\/325
|-damage|p2a: Hydreigon|140\/325|[from] Stealth Rock
|move|p1a: Sharpedo|Crunch|p2a: Hydreigon
|-resisted|p2a: Hydreigon
|-damage|p2a: Hydreigon|39\/325
|-unboost|p2a: Hydreigon|def|1
|-damage|p1a: Sharpedo|68\/285|[from] item: Life Orb
|
|-boost|p1a: Sharpedo|spe|1|[from] ability: Speed Boost
|turn|36
|
|move|p1a: Sharpedo|Protect|p1a: Sharpedo
|-singleturn|p1a: Sharpedo|Protect
|move|p2a: Hydreigon|U-turn|p1a: Sharpedo
|-activate|p1a: Sharpedo|Protect
|
|-boost|p1a: Sharpedo|spe|1|[from] ability: Speed Boost
|turn|37
|
|move|p1a: Sharpedo|Crunch|p2a: Hydreigon
|-resisted|p2a: Hydreigon
|-damage|p2a: Hydreigon|0 fnt
|-damage|p1a: Sharpedo|40\/285|[from] item: Life Orb
|faint|p2a: Hydreigon
|
|-boost|p1a: Sharpedo|spe|1|[from] ability: Speed Boost
|
|switch|p2a: Medicham|Medicham-Mega, M|70\/261
|-damage|p2a: Medicham|54\/261|[from] Stealth Rock
|turn|38
|
|switch|p1a: Toxicroak|Toxicroak, F, shiny|264\/308
|-damage|p1a: Toxicroak|245\/308|[from] Stealth Rock
|move|p2a: Medicham|Fake Out|p1a: Toxicroak
|-damage|p1a: Toxicroak|138\/308
|
|turn|39
|
|move|p1a: Toxicroak|Vacuum Wave|p2a: Medicham
|-resisted|p2a: Medicham
|-damage|p2a: Medicham|11\/261
|-damage|p1a: Toxicroak|108\/308|[from] item: Life Orb
|move|p2a: Medicham|Zen Headbutt|p1a: Toxicroak
|-supereffective|p1a: Toxicroak
|-damage|p1a: Toxicroak|0 fnt
|faint|p1a: Toxicroak
|
|-message|In My Arms forfeited.
|leave|In My Arms
|
|win|ebolapact
|raw|Ladder updating...
|player|p1
|raw|In My Arms's rating: 1616 &rarr; <strong>1591<\/strong><br \/>(-25 for losing)
|raw|ebolapact's rating: 1528 &rarr; <strong>1553<\/strong><br \/>(+25 for winning)