|join|MajinYoshi
|join|FelixE
|player|p1|MajinYoshi|33
|player|p2|FelixE|3
|gametype|singles
|gen|6
|tier|OU
|rated
|clearpoke
|poke|p1|Starmie
|poke|p1|Garchomp, M
|poke|p1|Slowbro, M
|poke|p1|Thundurus-Therian, M
|poke|p1|Heatran, M
|poke|p1|Ferrothorn, M
|poke|p2|Landorus, M
|poke|p2|Clefable, F
|poke|p2|Amoonguss, F, shiny
|poke|p2|Slowbro, F, shiny
|poke|p2|Conkeldurr, F
|poke|p2|Skarmory, M
|rule|Swagger Clause: Swagger is banned
|rule|Baton Pass Clause: Limit one Pokémon knowing Baton Pass
|rule|Sleep Clause Mod: Limit one foe put to sleep
|rule|Species Clause: Limit one of each Pokémon
|rule|OHKO Clause: OHKO moves are banned
|rule|Moody Clause: Moody is banned
|rule|Evasion Moves Clause: Evasion moves are banned
|rule|Endless Battle Clause: Forcing endless battles is banned
|rule|HP Percentage Mod: HP is shown in percentages
|teampreview
|
|start
|switch|p1a: Pyrrhon|Heatran, M|386\/386
|switch|p2a: Conkeldurr|Conkeldurr, F|413\/413
|turn|1
|
|switch|p1a: Josh|Slowbro, M|393\/393
|move|p2a: Conkeldurr|Drain Punch|p1a: Josh
|-resisted|p1a: Josh
|-damage|p1a: Josh|343\/393
|
|turn|2
|
|move|p2a: Conkeldurr|Knock Off|p1a: Josh
|-supereffective|p1a: Josh
|-damage|p1a: Josh|223\/393
|move|p1a: Josh|Psyshock|p2a: Conkeldurr
|-supereffective|p2a: Conkeldurr
|-damage|p2a: Conkeldurr|215\/413
|
|turn|3
|
|switch|p2a: Landorus|Landorus, M|319\/319
|move|p1a: Josh|Scald|p2a: Landorus
|-supereffective|p2a: Landorus
|-damage|p2a: Landorus|95\/319
|
|turn|4
|
|switch|p1a: Scimitar|Garchomp, M|357\/357
|move|p2a: Landorus|Earth Power|p1a: Scimitar
|-crit|p1a: Scimitar
|-damage|p1a: Scimitar|0 fnt
|faint|p1a: Scimitar
|
|
|switch|p1a: Ruben|Starmie|261\/261
|turn|5
|
|switch|p2a: Slowbro|Slowbro, F, shiny|393\/393
|move|p1a: Ruben|Ice Beam|p2a: Slowbro
|-resisted|p2a: Slowbro
|-damage|p2a: Slowbro|305\/393
|-damage|p1a: Ruben|235\/261|[from] item: Life Orb
|
|turn|6
|
|switch|p1a: Raijin|Thundurus-Therian, M|299\/299
|switch|p2a: Amoonguss|Amoonguss, F, shiny|432\/432
|
|turn|7
|
|move|p1a: Raijin|Volt Switch|p2a: Amoonguss
|-resisted|p2a: Amoonguss
|-damage|p2a: Amoonguss|373\/432
|
|switch|p1a: Chris|Ferrothorn, M|352\/352
|move|p2a: Amoonguss|Spore|p1a: Chris
|-fail|p1a: Chris
|
|-heal|p2a: Amoonguss|400\/432|[from] item: Black Sludge
|turn|8
|
|move|p2a: Amoonguss|Hidden Power|p1a: Chris
|-supereffective|p1a: Chris
|-damage|p1a: Chris|196\/352
|move|p1a: Chris|Leech Seed|p2a: Amoonguss
|-immune|p2a: Amoonguss|[msg]
|
|-heal|p2a: Amoonguss|427\/432|[from] item: Black Sludge
|-heal|p1a: Chris|218\/352|[from] item: Leftovers
|turn|9
|
|switch|p1a: Pyrrhon|Heatran, M|386\/386
|move|p2a: Amoonguss|Spore|p1a: Pyrrhon
|-status|p1a: Pyrrhon|slp
|
|-heal|p2a: Amoonguss|432\/432|[from] item: Black Sludge
|turn|10
|
|switch|p2a: Slowbro|Slowbro, F, shiny|393\/393
|cant|p1a: Pyrrhon|slp
|
|turn|11
|
|-curestatus|p1a: Pyrrhon|slp
|move|p1a: Pyrrhon|Toxic|p2a: Slowbro
|-status|p2a: Slowbro|tox
|move|p2a: Slowbro|Calm Mind|p2a: Slowbro
|-boost|p2a: Slowbro|spa|1
|-boost|p2a: Slowbro|spd|1
|
|-damage|p2a: Slowbro|369\/393 tox|[from] psn
|turn|12
|
|switch|p1a: Chris|Ferrothorn, M|218\/352
|detailschange|p2a: Slowbro|Slowbro-Mega, F, shiny
|-mega|p2a: Slowbro|Slowbro|Slowbronite
|move|p2a: Slowbro|Calm Mind|p2a: Slowbro
|-boost|p2a: Slowbro|spa|1
|-boost|p2a: Slowbro|spd|1
|
|-heal|p1a: Chris|240\/352|[from] item: Leftovers
|-damage|p2a: Slowbro|321\/393 tox|[from] psn
|turn|13
|
|move|p2a: Slowbro|Scald|p1a: Chris
|-resisted|p1a: Chris
|-damage|p1a: Chris|132\/352
|move|p1a: Chris|Leech Seed|p2a: Slowbro
|-start|p2a: Slowbro|move: Leech Seed
|
|-heal|p1a: Chris|154\/352|[from] item: Leftovers
|-damage|p2a: Slowbro|272\/393 tox|[from] Leech Seed|[of] p1a: Chris
|-heal|p1a: Chris|203\/352|[silent]
|-damage|p2a: Slowbro|200\/393 tox|[from] psn
|turn|14
|
|move|p2a: Slowbro|Calm Mind|p2a: Slowbro
|-boost|p2a: Slowbro|spa|1
|-boost|p2a: Slowbro|spd|1
|move|p1a: Chris|Spikes|p2a: Slowbro
|-sidestart|p2: FelixE|Spikes
|
|-heal|p1a: Chris|225\/352|[from] item: Leftovers
|-damage|p2a: Slowbro|151\/393 tox|[from] Leech Seed|[of] p1a: Chris
|-heal|p1a: Chris|274\/352|[silent]
|-damage|p2a: Slowbro|55\/393 tox|[from] psn
|turn|15
|
|move|p2a: Slowbro|Rest|p2a: Slowbro
|-status|p2a: Slowbro|slp
|-heal|p2a: Slowbro|393\/393 slp|[silent]
|-status|p2a: Slowbro|slp|[from] move: Rest
|move|p1a: Chris|Spikes|p2a: Slowbro
|-sidestart|p2: FelixE|Spikes
|
|-heal|p1a: Chris|296\/352|[from] item: Leftovers
|-damage|p2a: Slowbro|344\/393 slp|[from] Leech Seed|[of] p1a: Chris
|-heal|p1a: Chris|345\/352|[silent]
|turn|16
|
|switch|p1a: Raijin|Thundurus-Therian, M|299\/299
|cant|p2a: Slowbro|slp
|move|p2a: Slowbro|Sleep Talk|p2a: Slowbro
|move|p2a: Slowbro|Rest|p2a: Slowbro|[from]Sleep Talk
|-fail|p2a: Slowbro
|
|-damage|p2a: Slowbro|295\/393 slp|[from] Leech Seed|[of] p1a: Raijin
|turn|17
|
|move|p1a: Raijin|Thunderbolt|p2a: Slowbro
|-supereffective|p2a: Slowbro
|-damage|p2a: Slowbro|119\/393 slp
|cant|p2a: Slowbro|slp
|move|p2a: Slowbro|Sleep Talk|p2a: Slowbro
|move|p2a: Slowbro|Scald|p1a: Raijin|[from]Sleep Talk
|-damage|p1a: Raijin|0 fnt
|faint|p1a: Raijin
|
|
|switch|p1a: Chris|Ferrothorn, M|345\/352
|turn|18
|
|-curestatus|p2a: Slowbro|slp
|move|p2a: Slowbro|Scald|p1a: Chris
|-resisted|p1a: Chris
|-damage|p1a: Chris|207\/352
|move|p1a: Chris|Power Whip|p2a: Slowbro
|-supereffective|p2a: Slowbro
|-damage|p2a: Slowbro|0 fnt
|faint|p2a: Slowbro
|
|-heal|p1a: Chris|229\/352|[from] item: Leftovers
|
|switch|p2a: Skarmory|Skarmory, M|334\/334
|turn|19
|
|move|p2a: Skarmory|Defog|p1a: Chris
|-unboost|p1a: Chris|evasion|1
|-sideend|p2: FelixE|Spikes|[from] move: Defog|[of] p2a: Skarmory
|move|p1a: Chris|Leech Seed|p2a: Skarmory
|-start|p2a: Skarmory|move: Leech Seed
|
|-heal|p1a: Chris|251\/352|[from] item: Leftovers
|-damage|p2a: Skarmory|293\/334|[from] Leech Seed|[of] p1a: Chris
|-heal|p1a: Chris|292\/352|[silent]
|turn|20
|
|switch|p2a: Landorus|Landorus, M|95\/319
|move|p1a: Chris|Spikes|p2a: Landorus
|-sidestart|p2: FelixE|Spikes
|
|-heal|p1a: Chris|314\/352|[from] item: Leftovers
|turn|21
|
|switch|p1a: Ruben|Starmie|235\/261
|move|p2a: Landorus|Earth Power|p1a: Ruben
|-damage|p1a: Ruben|0 fnt
|faint|p1a: Ruben
|
|c|★FelixE|gg
|
|switch|p1a: Josh|Slowbro, M|354\/393
|turn|22
|
|detailschange|p1a: Josh|Slowbro-Mega, M
|-mega|p1a: Josh|Slowbro|Slowbronite
|move|p2a: Landorus|Earth Power|p1a: Josh
|-damage|p1a: Josh|58\/393
|move|p1a: Josh|Psyshock|p2a: Landorus
|-crit|p2a: Landorus
|-damage|p2a: Landorus|0 fnt
|faint|p2a: Landorus
|
|
|switch|p2a: Amoonguss|Amoonguss, F, shiny|432\/432
|-damage|p2a: Amoonguss|378\/432|[from] Spikes
|turn|23
|
|move|p1a: Josh|Psyshock|p2a: Amoonguss
|-supereffective|p2a: Amoonguss
|-damage|p2a: Amoonguss|42\/432
|move|p2a: Amoonguss|Giga Drain|p1a: Josh
|-supereffective|p1a: Josh
|-damage|p1a: Josh|0 fnt
|-heal|p2a: Amoonguss|71\/432|[from] drain|[of] p1a: Josh
|faint|p1a: Josh
|
|-heal|p2a: Amoonguss|98\/432|[from] item: Black Sludge
|
|switch|p1a: Pyrrhon|Heatran, M|386\/386
|turn|24
|
|switch|p2a: Clefable|Clefable, F|393\/393
|-damage|p2a: Clefable|344\/393|[from] Spikes
|move|p1a: Pyrrhon|Lava Plume|p2a: Clefable
|-damage|p2a: Clefable|223\/393
|
|-heal|p2a: Clefable|247\/393|[from] item: Leftovers
|turn|25
|
|move|p1a: Pyrrhon|Lava Plume|p2a: Clefable
|-damage|p2a: Clefable|117\/393
|move|p2a: Clefable|Cosmic Power|p2a: Clefable
|-boost|p2a: Clefable|def|1
|-boost|p2a: Clefable|spd|1
|
|-heal|p2a: Clefable|141\/393|[from] item: Leftovers
|turn|26
|
|move|p1a: Pyrrhon|Toxic|p2a: Clefable
|-status|p2a: Clefable|tox
|move|p2a: Clefable|Moonlight|p2a: Clefable
|-heal|p2a: Clefable|337\/393 tox
|
|-heal|p2a: Clefable|361\/393 tox|[from] item: Leftovers
|-damage|p2a: Clefable|337\/393 tox|[from] psn
|turn|27
|
|switch|p1a: Chris|Ferrothorn, M|314\/352
|switch|p2a: Amoonguss|Amoonguss, F, shiny|242\/432
|-damage|p2a: Amoonguss|188\/432|[from] Spikes
|
|-heal|p2a: Amoonguss|215\/432|[from] item: Black Sludge
|-heal|p1a: Chris|336\/352|[from] item: Leftovers
|turn|28
|
|switch|p2a: Conkeldurr|Conkeldurr, F|215\/413
|-damage|p2a: Conkeldurr|164\/413|[from] Spikes
|move|p1a: Chris|Gyro Ball|p2a: Conkeldurr
|-damage|p2a: Conkeldurr|83\/413
|
|-heal|p1a: Chris|352\/352|[from] item: Leftovers
|turn|29
|
|move|p2a: Conkeldurr|Drain Punch|p1a: Chris
|-supereffective|p1a: Chris
|-damage|p1a: Chris|170\/352
|-heal|p2a: Conkeldurr|174\/413|[from] drain|[of] p1a: Chris
|-damage|p2a: Conkeldurr|123\/413|[from] ability: Iron Barbs|[of] p1a: Chris
|move|p1a: Chris|Power Whip|p2a: Conkeldurr
|-damage|p2a: Conkeldurr|0 fnt
|faint|p2a: Conkeldurr
|
|-heal|p1a: Chris|192\/352|[from] item: Leftovers
|c|★MajinYoshi|gg
|
|switch|p2a: Amoonguss|Amoonguss, F, shiny|359\/432
|-damage|p2a: Amoonguss|305\/432|[from] Spikes
|turn|30
|
|move|p2a: Amoonguss|Hidden Power|p1a: Chris
|-supereffective|p1a: Chris
|-damage|p1a: Chris|48\/352
|move|p1a: Chris|Spikes|p2a: Amoonguss
|-sidestart|p2: FelixE|Spikes
|
|-heal|p2a: Amoonguss|332\/432|[from] item: Black Sludge
|-heal|p1a: Chris|70\/352|[from] item: Leftovers
|turn|31
|
|switch|p1a: Pyrrhon|Heatran, M|386\/386
|move|p2a: Amoonguss|Hidden Power|p1a: Pyrrhon
|-start|p1a: Pyrrhon|ability: Flash Fire
|
|-heal|p2a: Amoonguss|359\/432|[from] item: Black Sludge
|turn|32
|
|move|p1a: Pyrrhon|Lava Plume|p2a: Amoonguss
|-supereffective|p2a: Amoonguss
|-damage|p2a: Amoonguss|77\/432
|move|p2a: Amoonguss|Spore|p1a: Pyrrhon
|-status|p1a: Pyrrhon|slp
|
|-heal|p2a: Amoonguss|104\/432|[from] item: Black Sludge
|turn|33
|
|cant|p1a: Pyrrhon|slp
|move|p2a: Amoonguss|Giga Drain|p1a: Pyrrhon
|-resisted|p1a: Pyrrhon
|-damage|p1a: Pyrrhon|372\/386 slp
|-heal|p2a: Amoonguss|111\/432|[from] drain|[of] p1a: Pyrrhon
|
|-heal|p1a: Pyrrhon|386\/386 slp|[from] item: Leftovers
|-heal|p2a: Amoonguss|138\/432|[from] item: Black Sludge
|turn|34
|
|switch|p2a: Skarmory|Skarmory, M|293\/334
|cant|p1a: Pyrrhon|slp
|
|-heal|p2a: Skarmory|313\/334|[from] item: Leftovers
|turn|35
|
|-curestatus|p1a: Pyrrhon|slp
|move|p1a: Pyrrhon|Lava Plume|p2a: Skarmory
|-supereffective|p2a: Skarmory
|-damage|p2a: Skarmory|0 fnt
|faint|p2a: Skarmory
|
|
|switch|p2a: Clefable|Clefable, F|337\/393 tox
|-damage|p2a: Clefable|272\/393 tox|[from] Spikes
|turn|36
|
|move|p1a: Pyrrhon|Lava Plume|p2a: Clefable
|-damage|p2a: Clefable|79\/393 tox
|move|p2a: Clefable|Cosmic Power|p2a: Clefable
|-boost|p2a: Clefable|def|1
|-boost|p2a: Clefable|spd|1
|
|-heal|p2a: Clefable|103\/393 tox|[from] item: Leftovers
|-damage|p2a: Clefable|79\/393 tox|[from] psn
|turn|37
|
|move|p1a: Pyrrhon|Lava Plume|p2a: Clefable
|-damage|p2a: Clefable|0 fnt
|faint|p2a: Clefable
|
|-message|FelixE forfeited.
|leave|FelixE
|
|win|MajinYoshi
|raw|Ladder updating...
|player|p2