|join|Haunted.Shadow
|join|TofuTroll
|player|p1|Haunted.Shadow|81
|player|p2|TofuTroll|124
|gametype|singles
|gen|6
|tier|UU
|rated
|rule|Sleep Clause Mod: Limit one foe put to sleep
|rule|Species Clause: Limit one of each Pokémon
|rule|OHKO Clause: OHKO moves are banned
|rule|Moody Clause: Moody is banned
|rule|Evasion Moves Clause: Evasion moves are banned
|rule|Endless Battle Clause: Forcing endless battles is banned
|rule|HP Percentage Mod: HP is shown in percentages
|clearpoke
|poke|p1|Machamp, F
|poke|p1|Roserade, F
|poke|p1|Jirachi
|poke|p1|Blastoise, F
|poke|p1|Diancie
|poke|p1|Yanmega, F
|poke|p2|Swampert, M
|poke|p2|Umbreon, M
|poke|p2|Crobat, M
|poke|p2|Hydreigon, M
|poke|p2|Raikou
|poke|p2|Krookodile, M
|rule|Swagger Clause: Swagger is banned
|rule|Baton Pass Clause: Limit one Pokémon knowing Baton Pass
|teampreview
|
|start
|switch|p1a: Yanmega|Yanmega, F|314\/314
|switch|p2a: Crobat|Crobat, M|373\/373
|turn|1
|
|move|p1a: Yanmega|Protect|p1a: Yanmega
|-singleturn|p1a: Yanmega|Protect
|move|p2a: Crobat|Taunt|p1a: Yanmega
|-activate|p1a: Yanmega|Protect
|
|-boost|p1a: Yanmega|spe|1|[from] ability: Speed Boost
|turn|2
|
|switch|p1a: Diancie|Diancie|303\/303
|move|p2a: Crobat|Brave Bird|p1a: Diancie
|-resisted|p1a: Diancie
|-damage|p1a: Diancie|267\/303
|-damage|p2a: Crobat|361\/373|[from] recoil|[of] p1a: Diancie
|
|-heal|p2a: Crobat|373\/373|[from] item: Black Sludge
|-heal|p1a: Diancie|285\/303|[from] item: Leftovers
|turn|3
|
|switch|p2a: Swampert|Swampert, M|401\/401
|switch|p1a: Blastoise|Blastoise, F|357\/357
|
|turn|4
|
|switch|p2a: Umbreon|Umbreon, M|394\/394
|detailschange|p1a: Blastoise|Blastoise-Mega, F
|message|Blastoise has Mega Evolved into Mega Blastoise!
|move|p1a: Blastoise|Scald|p2a: Umbreon
|-damage|p2a: Umbreon|289\/394
|
|-heal|p2a: Umbreon|313\/394|[from] item: Leftovers
|turn|5
|
|move|p1a: Blastoise|Aura Sphere|p2a: Umbreon
|-supereffective|p2a: Umbreon
|-damage|p2a: Umbreon|135\/394
|move|p2a: Umbreon|Foul Play|p1a: Blastoise
|-damage|p1a: Blastoise|273\/357
|
|-heal|p2a: Umbreon|159\/394|[from] item: Leftovers
|turn|6
|
|move|p2a: Umbreon|Protect|p2a: Umbreon
|-singleturn|p2a: Umbreon|Protect
|move|p1a: Blastoise|Aura Sphere|p2a: Umbreon
|-activate|p2a: Umbreon|Protect
|
|-heal|p2a: Umbreon|183\/394|[from] item: Leftovers
|turn|7
|
|move|p1a: Blastoise|Aura Sphere|p2a: Umbreon
|-supereffective|p2a: Umbreon
|-damage|p2a: Umbreon|0 fnt
|faint|p2a: Umbreon
|
|
|switch|p2a: Raikou|Raikou|322\/322
|-ability|p2a: Raikou|Pressure
|turn|8
|
|switch|p1a: Roserade|Roserade, F|262\/262
|move|p2a: Raikou|Volt Switch|p1a: Roserade
|-resisted|p1a: Roserade
|-damage|p1a: Roserade|166\/262
|
|switch|p2a: Hydreigon|Hydreigon, M|326\/326
|
|-heal|p1a: Roserade|182\/262|[from] item: Black Sludge
|turn|9
|
|switch|p1a: Diancie|Diancie|285\/303
|move|p2a: Hydreigon|U-turn|p1a: Diancie
|-resisted|p1a: Diancie
|-damage|p1a: Diancie|266\/303
|-damage|p2a: Hydreigon|294\/326|[from] item: Life Orb
|
|switch|p2a: Swampert|Swampert, M|401\/401
|
|-heal|p1a: Diancie|284\/303|[from] item: Leftovers
|turn|10
|
|move|p2a: Swampert|Stealth Rock|p1a: Diancie
|-sidestart|p1: Haunted.Shadow|move: Stealth Rock
|move|p1a: Diancie|Stealth Rock|p2a: Swampert
|-sidestart|p2: TofuTroll|move: Stealth Rock
|
|-heal|p1a: Diancie|302\/303|[from] item: Leftovers
|turn|11
|
|switch|p1a: Blastoise|Blastoise-Mega, F|273\/357
|-damage|p1a: Blastoise|229\/357|[from] Stealth Rock
|move|p2a: Swampert|Earthquake|p1a: Blastoise
|-damage|p1a: Blastoise|117\/357
|
|turn|12
|
|move|p1a: Blastoise|Rapid Spin|p2a: Swampert
|-damage|p2a: Swampert|389\/401
|-sideend|p1: Haunted.Shadow|Stealth Rock|[from] move: Rapid Spin|[of] p1a: Blastoise
|move|p2a: Swampert|Roar|p1a: Blastoise
|drag|p1a: Jirachi|Jirachi|341\/341
|
|-heal|p2a: Swampert|401\/401|[from] item: Leftovers
|turn|13
|
|move|p1a: Jirachi|U-turn|p2a: Swampert
|-damage|p2a: Swampert|344\/401
|
|switch|p1a: Blastoise|Blastoise-Mega, F|117\/357
|move|p2a: Swampert|Stealth Rock|p1a: Blastoise
|-sidestart|p1: Haunted.Shadow|move: Stealth Rock
|
|-heal|p2a: Swampert|369\/401|[from] item: Leftovers
|turn|14
|
|move|p1a: Blastoise|Rapid Spin|p2a: Swampert
|-damage|p2a: Swampert|357\/401
|-sideend|p1: Haunted.Shadow|Stealth Rock|[from] move: Rapid Spin|[of] p1a: Blastoise
|move|p2a: Swampert|Earthquake|p1a: Blastoise
|-damage|p1a: Blastoise|3\/357
|
|-heal|p2a: Swampert|382\/401|[from] item: Leftovers
|turn|15
|
|move|p1a: Blastoise|Scald|p2a: Swampert
|-damage|p2a: Swampert|220\/401
|move|p2a: Swampert|Stealth Rock|p1a: Blastoise
|-sidestart|p1: Haunted.Shadow|move: Stealth Rock
|
|-heal|p2a: Swampert|245\/401|[from] item: Leftovers
|turn|16
|
|move|p1a: Blastoise|Rapid Spin|p2a: Swampert
|-damage|p2a: Swampert|233\/401
|-sideend|p1: Haunted.Shadow|Stealth Rock|[from] move: Rapid Spin|[of] p1a: Blastoise
|move|p2a: Swampert|Earthquake|p1a: Blastoise
|-damage|p1a: Blastoise|0 fnt
|faint|p1a: Blastoise
|
|-heal|p2a: Swampert|258\/401|[from] item: Leftovers
|
|switch|p1a: Roserade|Roserade, F|182\/262
|turn|17
|
|switch|p2a: Crobat|Crobat, M|373\/373
|-damage|p2a: Crobat|280\/373|[from] Stealth Rock
|move|p1a: Roserade|Spikes|p2a: Crobat
|-sidestart|p2: TofuTroll|Spikes
|
|-heal|p2a: Crobat|303\/373|[from] item: Black Sludge
|-heal|p1a: Roserade|198\/262|[from] item: Black Sludge
|turn|18
|
|switch|p1a: Jirachi|Jirachi|341\/341
|move|p2a: Crobat|Defog|p1a: Jirachi
|-unboost|p1a: Jirachi|evasion|1
|-sideend|p2: TofuTroll|Spikes|[from] move: Defog|[of] p2a: Crobat
|-sideend|p2: TofuTroll|Stealth Rock|[from] move: Defog|[of] p2a: Crobat
|
|-heal|p2a: Crobat|326\/373|[from] item: Black Sludge
|turn|19
|
|switch|p2a: Raikou|Raikou|322\/322
|-ability|p2a: Raikou|Pressure
|move|p1a: Jirachi|Trick|p2a: Raikou
|-activate|p1a: Jirachi|move: Trick|[of] p2a: Raikou
|-item|p2a: Raikou|Choice Scarf|[from] move: Trick
|-item|p1a: Jirachi|Choice Specs|[from] move: Trick
|
|turn|20
|
|move|p2a: Raikou|Volt Switch|p1a: Jirachi
|-damage|p1a: Jirachi|208\/341
|
|switch|p2a: Swampert|Swampert, M|258\/401
|move|p1a: Jirachi|U-turn|p2a: Swampert
|-damage|p2a: Swampert|208\/401
|
|switch|p1a: Yanmega|Yanmega, F|314\/314
|
|-heal|p2a: Swampert|233\/401|[from] item: Leftovers
|turn|21
|
|move|p1a: Yanmega|Air Slash|p2a: Swampert
|-damage|p2a: Swampert|54\/401
|-damage|p1a: Yanmega|283\/314|[from] item: Life Orb
|move|p2a: Swampert|Scald|p1a: Yanmega
|-damage|p1a: Yanmega|160\/314
|
|-heal|p2a: Swampert|79\/401|[from] item: Leftovers
|-boost|p1a: Yanmega|spe|1|[from] ability: Speed Boost
|turn|22
|
|move|p1a: Yanmega|Bug Buzz|p2a: Swampert
|-damage|p2a: Swampert|0 fnt
|-damage|p1a: Yanmega|129\/314|[from] item: Life Orb
|faint|p2a: Swampert
|
|-boost|p1a: Yanmega|spe|1|[from] ability: Speed Boost
|
|switch|p2a: Crobat|Crobat, M|326\/373
|turn|23
|
|switch|p1a: Diancie|Diancie|302\/303
|move|p2a: Crobat|Brave Bird|p1a: Diancie
|-resisted|p1a: Diancie
|-damage|p1a: Diancie|262\/303
|-damage|p2a: Crobat|313\/373|[from] recoil|[of] p1a: Diancie
|
|-heal|p2a: Crobat|336\/373|[from] item: Black Sludge
|-heal|p1a: Diancie|280\/303|[from] item: Leftovers
|turn|24
|
|move|p2a: Crobat|Taunt|p1a: Diancie
|-start|p1a: Diancie|move: Taunt
|move|p1a: Diancie|Moonblast|p2a: Crobat
|-resisted|p2a: Crobat
|-damage|p2a: Crobat|274\/373
|
|-heal|p2a: Crobat|297\/373|[from] item: Black Sludge
|-heal|p1a: Diancie|298\/303|[from] item: Leftovers
|turn|25
|
|switch|p2a: Raikou|Raikou|322\/322
|-ability|p2a: Raikou|Pressure
|move|p1a: Diancie|Diamond Storm|p2a: Raikou
|-damage|p2a: Raikou|174\/322
|
|-heal|p1a: Diancie|303\/303|[from] item: Leftovers
|turn|26
|
|move|p2a: Raikou|Hidden Power|p1a: Diancie
|-supereffective|p1a: Diancie
|-damage|p1a: Diancie|203\/303
|move|p1a: Diancie|Moonblast|p2a: Raikou
|-damage|p2a: Raikou|53\/322
|
|-heal|p1a: Diancie|221\/303|[from] item: Leftovers
|-end|p1a: Diancie|move: Taunt
|turn|27
|
|switch|p1a: Roserade|Roserade, F|198\/262
|move|p2a: Raikou|Hidden Power|p1a: Roserade
|-resisted|p1a: Roserade
|-damage|p1a: Roserade|182\/262
|
|-heal|p1a: Roserade|198\/262|[from] item: Black Sludge
|turn|28
|
|switch|p2a: Crobat|Crobat, M|297\/373
|switch|p1a: Jirachi|Jirachi|208\/341
|
|-heal|p2a: Crobat|320\/373|[from] item: Black Sludge
|turn|29
|
|move|p2a: Crobat|Taunt|p1a: Jirachi
|-start|p1a: Jirachi|move: Taunt
|cant|p1a: Jirachi|move: Taunt|Trick
|
|-heal|p2a: Crobat|343\/373|[from] item: Black Sludge
|turn|30
|
|move|p2a: Crobat|Brave Bird|p1a: Jirachi
|-resisted|p1a: Jirachi
|-damage|p1a: Jirachi|133\/341
|-damage|p2a: Crobat|318\/373|[from] recoil|[of] p1a: Jirachi
|move|p1a: Jirachi|U-turn|p2a: Crobat
|-resisted|p2a: Crobat
|-damage|p2a: Crobat|296\/373
|
|switch|p1a: Diancie|Diancie|221\/303
|
|-heal|p2a: Crobat|319\/373|[from] item: Black Sludge
|-heal|p1a: Diancie|239\/303|[from] item: Leftovers
|turn|31
|
|move|p2a: Crobat|Taunt|p1a: Diancie
|-start|p1a: Diancie|move: Taunt
|move|p1a: Diancie|Diamond Storm|p2a: Crobat
|-supereffective|p2a: Crobat
|-damage|p2a: Crobat|41\/373
|-boost|p1a: Diancie|def|1
|
|-heal|p2a: Crobat|64\/373|[from] item: Black Sludge
|-heal|p1a: Diancie|257\/303|[from] item: Leftovers
|turn|32
|
|move|p2a: Crobat|Roost|p2a: Crobat
|-heal|p2a: Crobat|251\/373
|move|p1a: Diancie|Diamond Storm|p2a: Crobat
|-damage|p2a: Crobat|110\/373
|
|-heal|p2a: Crobat|133\/373|[from] item: Black Sludge
|-heal|p1a: Diancie|275\/303|[from] item: Leftovers
|turn|33
|
|move|p2a: Crobat|Roost|p2a: Crobat
|-heal|p2a: Crobat|320\/373
|move|p1a: Diancie|Diamond Storm|p2a: Crobat
|-damage|p2a: Crobat|179\/373
|
|-heal|p2a: Crobat|202\/373|[from] item: Black Sludge
|-heal|p1a: Diancie|293\/303|[from] item: Leftovers
|-end|p1a: Diancie|move: Taunt
|turn|34
|
|switch|p2a: Krookodile|Krookodile, M|332\/332
|move|p1a: Diancie|Stealth Rock|p2a: Krookodile
|-sidestart|p2: TofuTroll|move: Stealth Rock
|
|-heal|p1a: Diancie|303\/303|[from] item: Leftovers
|turn|35
|
|move|p2a: Krookodile|Earthquake|p1a: Diancie
|-supereffective|p1a: Diancie
|-damage|p1a: Diancie|163\/303
|move|p1a: Diancie|Moonblast|p2a: Krookodile
|-supereffective|p2a: Krookodile
|-damage|p2a: Krookodile|26\/332
|
|-heal|p1a: Diancie|181\/303|[from] item: Leftovers
|turn|36
|
|switch|p1a: Yanmega|Yanmega, F|129\/314
|move|p2a: Krookodile|Earthquake|p1a: Yanmega
|-immune|p1a: Yanmega|[msg]
|
|turn|37
|
|switch|p2a: Raikou|Raikou|53\/322
|-damage|p2a: Raikou|13\/322|[from] Stealth Rock
|-ability|p2a: Raikou|Pressure
|move|p1a: Yanmega|Bug Buzz|p2a: Raikou
|-damage|p2a: Raikou|0 fnt
|-damage|p1a: Yanmega|98\/314|[from] item: Life Orb
|faint|p2a: Raikou
|
|-boost|p1a: Yanmega|spe|1|[from] ability: Speed Boost
|
|switch|p2a: Crobat|Crobat, M|202\/373
|-damage|p2a: Crobat|109\/373|[from] Stealth Rock
|turn|38
|
|move|p1a: Yanmega|Air Slash|p2a: Crobat
|-damage|p2a: Crobat|0 fnt
|-damage|p1a: Yanmega|67\/314|[from] item: Life Orb
|faint|p2a: Crobat
|
|-boost|p1a: Yanmega|spe|1|[from] ability: Speed Boost
|-message|TofuTroll forfeited.
|
|win|Haunted.Shadow
|raw|Ladder updating...
|raw|Haunted.Shadow's rating: 1421 &rarr; <strong>1445<\/strong><br \/>(+24 for winning)
|raw|TofuTroll's rating: 1497 &rarr; <strong>1472<\/strong><br \/>(-25 for losing)
|leave|TofuTroll
|player|p2