|join|El Capybara
|join|st123
|player|p1|El Capybara|142
|player|p2|st123|153
|gametype|singles
|gen|6
|tier|UU
|rated
|rule|Sleep Clause Mod: Limit one foe put to sleep
|rule|Species Clause: Limit one of each Pokémon
|rule|OHKO Clause: OHKO moves are banned
|rule|Moody Clause: Moody is banned
|rule|Evasion Moves Clause: Evasion moves are banned
|rule|Endless Battle Clause: Forcing endless battles is banned
|rule|HP Percentage Mod: HP is shown in percentages
|clearpoke
|poke|p1|Galvantula, M
|poke|p1|Gallade, M
|poke|p1|Chandelure, F
|poke|p1|Metagross
|poke|p1|Honchkrow, F
|poke|p1|Porygon-Z
|poke|p2|Jirachi
|poke|p2|Hydreigon, M
|poke|p2|Togekiss, M
|poke|p2|Swampert, F
|poke|p2|Ampharos, M
|poke|p2|Victini
|rule|Swagger Clause: Swagger is banned
|rule|Baton Pass Clause: Limit one Pokémon knowing Baton Pass
|teampreview
|
|start
|switch|p1a: Invidia|Galvantula, M|281\/281
|switch|p2a: Ampharos|Ampharos, M|352\/352
|turn|1
|
|detailschange|p2a: Ampharos|Ampharos-Mega, M
|message|Ampharos has Mega Evolved into Mega Ampharos!
|-ability|p2a: Ampharos|Mold Breaker
|move|p1a: Invidia|Sticky Web|p2a: Ampharos
|-sidestart|p2: st123|move: Sticky Web
|move|p2a: Ampharos|Dragon Pulse|p1a: Invidia
|-enditem|p1a: Invidia|Focus Sash
|-damage|p1a: Invidia|1\/281
|
|turn|2
|
|move|p1a: Invidia|Bug Buzz|p2a: Ampharos
|-damage|p2a: Ampharos|220\/352
|move|p2a: Ampharos|Volt Switch|p1a: Invidia
|-resisted|p1a: Invidia
|-damage|p1a: Invidia|0 fnt
|faint|p1a: Invidia
|
|switch|p2a: Hydreigon|Hydreigon, M|325\/325
|
|
|switch|p1a: Avaritia|Chandelure, F|262\/262
|turn|3
|
|switch|p1a: Acedia|Gallade, M|340\/340
|move|p2a: Hydreigon|Dark Pulse|p1a: Acedia
|-damage|p1a: Acedia|237\/340
|-boost|p1a: Acedia|atk|1|[from] ability: Justified
|-damage|p2a: Hydreigon|293\/325|[from] item: Life Orb
|
|turn|4
|
|move|p2a: Hydreigon|Draco Meteor|p1a: Acedia
|-damage|p1a: Acedia|60\/340
|-unboost|p2a: Hydreigon|spa|2
|-damage|p2a: Hydreigon|261\/325|[from] item: Life Orb
|move|p1a: Acedia|Drain Punch|p2a: Hydreigon
|-supereffective|p2a: Hydreigon
|-damage|p2a: Hydreigon|0 fnt
|-heal|p1a: Acedia|191\/340|[from] drain|[of] p2a: Hydreigon
|faint|p2a: Hydreigon
|
|
|switch|p2a: Togekiss|Togekiss, M|374\/374
|turn|5
|
|move|p1a: Acedia|Ice Punch|p2a: Togekiss
|-supereffective|p2a: Togekiss
|-damage|p2a: Togekiss|92\/374
|move|p2a: Togekiss|Defog|p1a: Acedia
|-unboost|p1a: Acedia|evasion|1
|-sideend|p2: st123|Sticky Web|[from] move: Defog|[of] p2a: Togekiss
|
|-heal|p2a: Togekiss|115\/374|[from] item: Leftovers
|turn|6
|
|move|p1a: Acedia|Ice Punch|p2a: Togekiss
|-supereffective|p2a: Togekiss
|-damage|p2a: Togekiss|0 fnt
|faint|p2a: Togekiss
|
|
|switch|p2a: Victini|Victini|341\/341
|turn|7
|
|move|p2a: Victini|V-create|p1a: Acedia
|-damage|p1a: Acedia|0 fnt
|-unboost|p2a: Victini|def|1
|-unboost|p2a: Victini|spd|1
|-unboost|p2a: Victini|spe|1
|faint|p1a: Acedia
|
|
|switch|p1a: Gula|Metagross|302\/302
|turn|8
|
|switch|p1a: Avaritia|Chandelure, F|262\/262
|move|p2a: Victini|V-create|p1a: Avaritia
|-start|p1a: Avaritia|ability: Flash Fire
|
|turn|9
|
|switch|p2a: Swampert|Swampert, F|401\/401
|move|p1a: Avaritia|Substitute|p1a: Avaritia
|-start|p1a: Avaritia|Substitute
|-damage|p1a: Avaritia|197\/262
|
|-heal|p1a: Avaritia|213\/262|[from] item: Leftovers
|turn|10
|
|move|p1a: Avaritia|Calm Mind|p1a: Avaritia
|-boost|p1a: Avaritia|spa|1
|-boost|p1a: Avaritia|spd|1
|move|p2a: Swampert|Roar|p1a: Avaritia
|drag|p1a: Ira|Honchkrow, F|342\/342
|
|turn|11
|join|EyanZ
|
|move|p1a: Ira|Brave Bird|p2a: Swampert
|-damage|p2a: Swampert|179\/401
|-damage|p1a: Ira|269\/342|[from] recoil|[of] p2a: Swampert
|-damage|p1a: Ira|235\/342|[from] item: Life Orb
|move|p2a: Swampert|Stealth Rock|p1a: Ira
|-sidestart|p1: El Capybara|move: Stealth Rock
|
|-heal|p2a: Swampert|204\/401|[from] item: Leftovers
|turn|12
|
|switch|p2a: Ampharos|Ampharos-Mega, M|220\/352
|-ability|p2a: Ampharos|Mold Breaker
|move|p1a: Ira|Brave Bird|p2a: Ampharos
|-resisted|p2a: Ampharos
|-damage|p2a: Ampharos|98\/352
|-damage|p1a: Ira|195\/342|[from] recoil|[of] p2a: Ampharos
|-damage|p1a: Ira|161\/342|[from] item: Life Orb
|
|turn|13
|
|move|p1a: Ira|Sucker Punch|p2a: Ampharos
|-damage|p2a: Ampharos|0 fnt
|-damage|p1a: Ira|127\/342|[from] item: Life Orb
|faint|p2a: Ampharos
|-boost|p1a: Ira|atk|1|[from] ability: Moxie
|
|join|Undercover Donut
|
|switch|p2a: Victini|Victini|341\/341
|turn|14
|
|move|p1a: Ira|Sucker Punch|p2a: Victini
|-fail|p2a: Victini
|move|p2a: Victini|Trick|p1a: Ira
|-activate|p2a: Victini|move: Trick|[of] p1a: Ira
|-item|p1a: Ira|Choice Band|[from] move: Trick
|-item|p2a: Victini|Life Orb|[from] move: Trick
|
|turn|15
|
|switch|p2a: Swampert|Swampert, F|204\/401
|move|p1a: Ira|Brave Bird|p2a: Swampert
|-crit|p2a: Swampert
|-damage|p2a: Swampert|0 fnt
|-damage|p1a: Ira|60\/342|[from] recoil|[of] p2a: Swampert
|faint|p2a: Swampert
|-boost|p1a: Ira|atk|1|[from] ability: Moxie
|
|
|switch|p2a: Jirachi|Jirachi|341\/341
|turn|16
|
|move|p2a: Jirachi|U-turn|p1a: Ira
|-damage|p1a: Ira|0 fnt
|faint|p1a: Ira
|
|switch|p2a: Victini|Victini|341\/341
|
|
|switch|p1a: Superbia|Porygon-Z|312\/312
|-damage|p1a: Superbia|273\/312|[from] Stealth Rock
|-boost|p1a: Superbia|atk|1|[from] ability: Download
|turn|17
|
|move|p2a: Victini|V-create|p1a: Superbia
|-damage|p1a: Superbia|0 fnt
|-unboost|p2a: Victini|def|1
|-unboost|p2a: Victini|spd|1
|-unboost|p2a: Victini|spe|1
|-damage|p2a: Victini|307\/341|[from] item: Life Orb
|faint|p1a: Superbia
|
|
|switch|p1a: Avaritia|Chandelure, F|213\/262
|-damage|p1a: Avaritia|148\/262|[from] Stealth Rock
|turn|18
|
|switch|p2a: Jirachi|Jirachi|341\/341
|move|p1a: Avaritia|Shadow Ball|p2a: Jirachi
|-supereffective|p2a: Jirachi
|-damage|p2a: Jirachi|27\/341
|-unboost|p2a: Jirachi|spd|1
|
|-heal|p1a: Avaritia|164\/262|[from] item: Leftovers
|turn|19
|
|move|p2a: Jirachi|Iron Head|p1a: Avaritia
|-resisted|p1a: Avaritia
|-damage|p1a: Avaritia|104\/262
|move|p1a: Avaritia|Substitute|p1a: Avaritia
|-start|p1a: Avaritia|Substitute
|-damage|p1a: Avaritia|39\/262
|
|-heal|p1a: Avaritia|55\/262|[from] item: Leftovers
|turn|20
|
|move|p2a: Jirachi|Iron Head|p1a: Avaritia
|-resisted|p1a: Avaritia
|-activate|p1a: Avaritia|Substitute|[damage]
|move|p1a: Avaritia|Shadow Ball|p2a: Jirachi
|-supereffective|p2a: Jirachi
|-damage|p2a: Jirachi|0 fnt
|faint|p2a: Jirachi
|
|-heal|p1a: Avaritia|71\/262|[from] item: Leftovers
|
|switch|p2a: Victini|Victini|307\/341
|turn|21
|
|move|p2a: Victini|Bolt Strike|p1a: Avaritia
|-end|p1a: Avaritia|Substitute
|-damage|p2a: Victini|273\/341|[from] item: Life Orb
|move|p1a: Avaritia|Shadow Ball|p2a: Victini
|-supereffective|p2a: Victini
|-damage|p2a: Victini|0 fnt
|faint|p2a: Victini
|
|win|El Capybara
|raw|Ladder updating...
|raw|El Capybara's rating: 1544 &rarr; <strong>1567<\/strong><br \/>(+23 for winning)
|raw|st123's rating: 1594 &rarr; <strong>1572<\/strong><br \/>(-22 for losing)
|leave|st123
|player|p2
|leave|El Capybara
|player|p1
|leave|Undercover Donut