|join|st123
|join|Luos
|player|p1|st123|170
|player|p2|Luos|152
|gametype|singles
|gen|6
|tier|UU
|rated
|rule|Sleep Clause Mod: Limit one foe put to sleep
|rule|Species Clause: Limit one of each Pokémon
|rule|OHKO Clause: OHKO moves are banned
|rule|Moody Clause: Moody is banned
|rule|Evasion Moves Clause: Evasion moves are banned
|rule|Endless Battle Clause: Forcing endless battles is banned
|rule|HP Percentage Mod: HP is reported as percentages
|clearpoke
|poke|p1|Granbull, F, shiny
|poke|p1|Slowbro, M
|poke|p1|Blissey, F
|poke|p1|Mew
|poke|p1|Victini
|poke|p1|Heracross, F
|poke|p2|Nidoking, M
|poke|p2|Blissey, F
|poke|p2|Slowbro, M
|poke|p2|Raikou, shiny
|poke|p2|Shaymin, shiny
|poke|p2|Haxorus, M, shiny
|rule|Swagger Clause: Swagger is banned
|rule|Baton Pass Clause: Limit one Pokémon knowing Baton Pass
|teampreview
|
|start
|switch|p1a: Victini|Victini|341\/341
|switch|p2a: Slowbro|Slowbro, M|394\/394
|turn|1
|
|move|p1a: Victini|Trick|p2a: Slowbro
|-activate|p1a: Victini|move: Trick|[of] p2a: Slowbro
|-item|p2a: Slowbro|Choice Scarf|[from] move: Trick
|-item|p1a: Victini|Leftovers|[from] move: Trick
|move|p2a: Slowbro|Scald|p1a: Victini
|-supereffective|p1a: Victini
|-damage|p1a: Victini|147\/341
|
|-heal|p1a: Victini|168\/341|[from] item: Leftovers
|turn|2
|join|the singularity
|chat|the singularity|before I forget
|
|move|p1a: Victini|U-turn|p2a: Slowbro
|-supereffective|p2a: Slowbro
|-damage|p2a: Slowbro|296\/394
|chat|the singularity|question about granbull
|
|switch|p1a: Blissey|Blissey, F|651\/651
|move|p2a: Slowbro|Scald|p1a: Blissey
|-damage|p1a: Blissey|593\/651
|
|-heal|p1a: Blissey|633\/651|[from] item: Leftovers
|turn|3
|chat|the singularity|do you run impish or 16 atk adamant?
|chat|the singularity|or more attack
|chat|st123|its impish 4 attack
|
|switch|p2a: Nidoking|Nidoking, M|304\/304
|move|p1a: Blissey|Stealth Rock|p2a: Nidoking
|-sidestart|p2: Luos|move: Stealth Rock
|
|-heal|p1a: Blissey|651\/651|[from] item: Leftovers
|turn|4
|chat|the singularity|ok
|
|move|p2a: Nidoking|Poison Jab|p1a: Blissey
|-damage|p1a: Blissey|300\/651
|move|p1a: Blissey|Seismic Toss|p2a: Nidoking
|-damage|p2a: Nidoking|204\/304
|
|-heal|p1a: Blissey|340\/651|[from] item: Leftovers
|turn|5
|chat|the singularity|yea that's bulky af with intimidate
|
|switch|p2a: Raikou|Raikou, shiny|322\/322
|-damage|p2a: Raikou|282\/322|[from] Stealth Rock
|-ability|p2a: Raikou|Pressure
|switch|p1a: Slowbro|Slowbro, M|394\/394
|
|turn|6
|
|switch|p1a: Mew|Mew|404\/404
|move|p2a: Raikou|Volt Switch|p1a: Mew
|-damage|p1a: Mew|325\/404
|
|switch|p2a: Blissey|Blissey, F|714\/714
|-damage|p2a: Blissey|625\/714|[from] Stealth Rock
|
|-heal|p1a: Mew|350\/404|[from] item: Leftovers
|-heal|p2a: Blissey|669\/714|[from] item: Leftovers
|turn|7
|
|switch|p1a: Heracross|Heracross, F|301\/301
|move|p2a: Blissey|Stealth Rock|p1a: Heracross
|-sidestart|p1: st123|move: Stealth Rock
|
|-heal|p2a: Blissey|713\/714|[from] item: Leftovers
|turn|8
|
|switch|p2a: Shaymin|Shaymin, shiny|341\/341
|-damage|p2a: Shaymin|299\/341|[from] Stealth Rock
|move|p1a: Heracross|Megahorn|p2a: Shaymin|[miss]
|-miss|p1a: Heracross|p2a: Shaymin
|
|turn|9
|
|move|p2a: Shaymin|Air Slash|p1a: Heracross
|-supereffective|p1a: Heracross
|-damage|p1a: Heracross|0 fnt
|-damage|p2a: Shaymin|265\/341|[from] item: Life Orb
|faint|p1a: Heracross
|
|
|switch|p1a: Blissey|Blissey, F|340\/651
|-damage|p1a: Blissey|259\/651|[from] Stealth Rock
|turn|10
|
|move|p2a: Shaymin|Seed Flare|p1a: Blissey
|-damage|p1a: Blissey|121\/651
|-unboost|p1a: Blissey|spd|2
|-damage|p2a: Shaymin|231\/341|[from] item: Life Orb
|move|p1a: Blissey|Soft-Boiled|p1a: Blissey
|-heal|p1a: Blissey|447\/651
|
|-heal|p1a: Blissey|487\/651|[from] item: Leftovers
|turn|11
|
|switch|p1a: Mew|Mew|350\/404
|-damage|p1a: Mew|300\/404|[from] Stealth Rock
|move|p2a: Shaymin|Seed Flare|p1a: Mew|[miss]
|-miss|p2a: Shaymin|p1a: Mew
|
|-heal|p1a: Mew|325\/404|[from] item: Leftovers
|turn|12
|
|switch|p2a: Blissey|Blissey, F|713\/714
|-damage|p2a: Blissey|624\/714|[from] Stealth Rock
|move|p1a: Mew|Psychic|p2a: Blissey
|-damage|p2a: Blissey|546\/714
|
|-heal|p1a: Mew|350\/404|[from] item: Leftovers
|-heal|p2a: Blissey|590\/714|[from] item: Leftovers
|turn|13
|
|move|p1a: Mew|Defog|p2a: Blissey
|-unboost|p2a: Blissey|evasion|1
|-sideend|p2: Luos|Stealth Rock|[from] move: Defog|[of] p2a: Blissey
|-sideend|p1: st123|Stealth Rock|[from] move: Defog|[of] p1a: Mew
|move|p2a: Blissey|Toxic|p1a: Mew
|-status|p1a: Mew|tox
|-status|p2a: Blissey|tox
|
|-heal|p1a: Mew|375\/404 tox|[from] item: Leftovers
|-heal|p2a: Blissey|634\/714 tox|[from] item: Leftovers
|-damage|p1a: Mew|350\/404 tox|[from] psn
|-damage|p2a: Blissey|590\/714 tox|[from] psn
|turn|14
|
|switch|p1a: Victini|Victini|168\/341
|move|p2a: Blissey|Stealth Rock|p1a: Victini
|-sidestart|p1: st123|move: Stealth Rock
|
|-heal|p1a: Victini|189\/341|[from] item: Leftovers
|-heal|p2a: Blissey|634\/714 tox|[from] item: Leftovers
|-damage|p2a: Blissey|546\/714 tox|[from] psn
|turn|15
|
|switch|p2a: Slowbro|Slowbro, M|394\/394
|move|p1a: Victini|Bolt Strike|p2a: Slowbro
|-supereffective|p2a: Slowbro
|-damage|p2a: Slowbro|212\/394
|
|-heal|p1a: Victini|210\/341|[from] item: Leftovers
|turn|16
|
|switch|p2a: Nidoking|Nidoking, M|204\/304
|move|p1a: Victini|U-turn|p2a: Nidoking
|-resisted|p2a: Nidoking
|-damage|p2a: Nidoking|165\/304
|
|switch|p1a: Mew|Mew|350\/404 tox
|-damage|p1a: Mew|300\/404 tox|[from] Stealth Rock
|
|-heal|p1a: Mew|325\/404 tox|[from] item: Leftovers
|-damage|p1a: Mew|300\/404 tox|[from] psn
|turn|17
|
|switch|p2a: Blissey|Blissey, F|546\/714
|move|p1a: Mew|Will-O-Wisp|p2a: Blissey|[miss]
|-miss|p1a: Mew|p2a: Blissey
|
|-heal|p1a: Mew|325\/404 tox|[from] item: Leftovers
|-heal|p2a: Blissey|590\/714|[from] item: Leftovers
|-damage|p1a: Mew|275\/404 tox|[from] psn
|turn|18
|
|move|p1a: Mew|Defog|p2a: Blissey
|-unboost|p2a: Blissey|evasion|1
|-sideend|p1: st123|Stealth Rock|[from] move: Defog|[of] p1a: Mew
|move|p2a: Blissey|Seismic Toss|p1a: Mew
|-damage|p1a: Mew|175\/404 tox
|
|-heal|p1a: Mew|200\/404 tox|[from] item: Leftovers
|-heal|p2a: Blissey|634\/714|[from] item: Leftovers
|-damage|p1a: Mew|125\/404 tox|[from] psn
|turn|19
|
|switch|p1a: Granbull|Granbull, F, shiny|384\/384
|-ability|p1a: Granbull|Intimidate|[of] p2a: Blissey
|-unboost|p2a: Blissey|atk|1
|move|p2a: Blissey|Stealth Rock|p1a: Granbull
|-sidestart|p1: st123|move: Stealth Rock
|
|-heal|p2a: Blissey|678\/714|[from] item: Leftovers
|turn|20
|
|switch|p2a: Slowbro|Slowbro, M|343\/394
|move|p1a: Granbull|Heal Bell|p1a: Granbull
|-cureteam|p1a: Granbull|[from] move: HealBell
|
|turn|21
|
|switch|p2a: Raikou|Raikou, shiny|282\/322
|-ability|p2a: Raikou|Pressure
|switch|p1a: Blissey|Blissey, F|487\/651
|-damage|p1a: Blissey|406\/651|[from] Stealth Rock
|
|-heal|p1a: Blissey|446\/651|[from] item: Leftovers
|turn|22
|
|move|p2a: Raikou|Volt Switch|p1a: Blissey
|-damage|p1a: Blissey|370\/651
|
|switch|p2a: Nidoking|Nidoking, M|165\/304
|move|p1a: Blissey|Toxic|p2a: Nidoking
|-fail|p2a: Nidoking
|
|-heal|p1a: Blissey|410\/651|[from] item: Leftovers
|turn|23
|
|switch|p1a: Slowbro|Slowbro, M|394\/394
|-damage|p1a: Slowbro|345\/394|[from] Stealth Rock
|move|p2a: Nidoking|Poison Jab|p1a: Slowbro
|-damage|p1a: Slowbro|215\/394
|
|-heal|p1a: Slowbro|239\/394|[from] item: Leftovers
|turn|24
|
|switch|p2a: Shaymin|Shaymin, shiny|231\/341
|move|p1a: Slowbro|Psyshock|p2a: Shaymin
|-damage|p2a: Shaymin|137\/341
|
|-heal|p1a: Slowbro|263\/394|[from] item: Leftovers
|turn|25
|
|switch|p1a: Blissey|Blissey, F|410\/651
|-damage|p1a: Blissey|329\/651|[from] Stealth Rock
|move|p2a: Shaymin|Rest|p2a: Shaymin
|-status|p2a: Shaymin|slp
|-heal|p2a: Shaymin|341\/341 slp|[silent]
|-status|p2a: Shaymin|slp|[from] move: Rest
|
|-heal|p1a: Blissey|369\/651|[from] item: Leftovers
|turn|26
|
|switch|p2a: Haxorus|Haxorus, M, shiny|293\/293
|-ability|p2a: Haxorus|Mold Breaker
|move|p1a: Blissey|Soft-Boiled|p1a: Blissey
|-heal|p1a: Blissey|651\/651
|
|turn|27
|
|switch|p1a: Granbull|Granbull, F, shiny|384\/384
|-damage|p1a: Granbull|336\/384|[from] Stealth Rock
|-ability|p1a: Granbull|Intimidate|[of] p2a: Haxorus
|-unboost|p2a: Haxorus|atk|1
|move|p2a: Haxorus|Dual Chop|p1a: Granbull
|-immune|p1a: Granbull|[msg]
|
|-heal|p1a: Granbull|360\/384|[from] item: Leftovers
|turn|28
|
|switch|p2a: Slowbro|Slowbro, M|394\/394
|move|p1a: Granbull|Play Rough|p2a: Slowbro
|-damage|p2a: Slowbro|306\/394
|
|-heal|p1a: Granbull|384\/384|[from] item: Leftovers
|turn|29
|
|switch|p1a: Slowbro|Slowbro, M|394\/394
|-damage|p1a: Slowbro|345\/394|[from] Stealth Rock
|move|p2a: Slowbro|Scald|p1a: Slowbro
|-resisted|p1a: Slowbro
|-damage|p1a: Slowbro|285\/394
|
|-heal|p1a: Slowbro|309\/394|[from] item: Leftovers
|turn|30
|
|move|p2a: Slowbro|Scald|p1a: Slowbro
|-resisted|p1a: Slowbro
|-damage|p1a: Slowbro|252\/394
|move|p1a: Slowbro|Calm Mind|p1a: Slowbro
|-boost|p1a: Slowbro|spa|1
|-boost|p1a: Slowbro|spd|1
|
|-heal|p1a: Slowbro|276\/394|[from] item: Leftovers
|turn|31
|
|switch|p2a: Shaymin|Shaymin, shiny|341\/341
|move|p1a: Slowbro|Calm Mind|p1a: Slowbro
|-boost|p1a: Slowbro|spa|1
|-boost|p1a: Slowbro|spd|1
|
|-heal|p1a: Slowbro|300\/394|[from] item: Leftovers
|turn|32
|
|switch|p1a: Blissey|Blissey, F|651\/651
|-damage|p1a: Blissey|570\/651|[from] Stealth Rock
|move|p2a: Shaymin|Seed Flare|p1a: Blissey
|-damage|p1a: Blissey|413\/651
|-damage|p2a: Shaymin|307\/341|[from] item: Life Orb
|
|-heal|p1a: Blissey|453\/651|[from] item: Leftovers
|turn|33
|
|move|p2a: Shaymin|Seed Flare|p1a: Blissey
|-damage|p1a: Blissey|292\/651
|-unboost|p1a: Blissey|spd|2
|-damage|p2a: Shaymin|273\/341|[from] item: Life Orb
|move|p1a: Blissey|Seismic Toss|p2a: Shaymin
|-damage|p2a: Shaymin|173\/341
|
|-heal|p1a: Blissey|332\/651|[from] item: Leftovers
|turn|34
|
|move|p2a: Shaymin|Seed Flare|p1a: Blissey
|-damage|p1a: Blissey|40\/651
|-damage|p2a: Shaymin|139\/341|[from] item: Life Orb
|move|p1a: Blissey|Soft-Boiled|p1a: Blissey
|-heal|p1a: Blissey|366\/651
|
|-heal|p1a: Blissey|406\/651|[from] item: Leftovers
|turn|35
|
|move|p2a: Shaymin|Seed Flare|p1a: Blissey
|-damage|p1a: Blissey|132\/651
|-damage|p2a: Shaymin|105\/341|[from] item: Life Orb
|move|p1a: Blissey|Seismic Toss|p2a: Shaymin
|-damage|p2a: Shaymin|5\/341
|
|-heal|p1a: Blissey|172\/651|[from] item: Leftovers
|turn|36
|chat|the singularity|rolls
|
|move|p2a: Shaymin|Rest|p2a: Shaymin
|-status|p2a: Shaymin|slp
|-heal|p2a: Shaymin|341\/341 slp|[silent]
|-status|p2a: Shaymin|slp|[from] move: Rest
|move|p1a: Blissey|Soft-Boiled|p1a: Blissey
|-heal|p1a: Blissey|498\/651
|
|-heal|p1a: Blissey|538\/651|[from] item: Leftovers
|turn|37
|
|switch|p2a: Raikou|Raikou, shiny|282\/322
|-ability|p2a: Raikou|Pressure
|move|p1a: Blissey|Stealth Rock|p2a: Raikou
|-sidestart|p2: Luos|move: Stealth Rock
|
|-heal|p1a: Blissey|578\/651|[from] item: Leftovers
|turn|38
|
|move|p2a: Raikou|Thunderbolt|p1a: Blissey
|-damage|p1a: Blissey|382\/651
|move|p1a: Blissey|Soft-Boiled|p1a: Blissey
|-heal|p1a: Blissey|651\/651
|
|turn|39
|
|move|p2a: Raikou|Volt Switch|p1a: Blissey
|-damage|p1a: Blissey|512\/651
|
|switch|p2a: Shaymin|Shaymin, shiny|341\/341
|-damage|p2a: Shaymin|299\/341|[from] Stealth Rock
|move|p1a: Blissey|Seismic Toss|p2a: Shaymin
|-damage|p2a: Shaymin|199\/341
|
|-heal|p1a: Blissey|552\/651|[from] item: Leftovers
|turn|40
|
|switch|p1a: Victini|Victini|210\/341
|-damage|p1a: Victini|125\/341|[from] Stealth Rock
|move|p2a: Shaymin|Air Slash|p1a: Victini
|-damage|p1a: Victini|25\/341
|-damage|p2a: Shaymin|165\/341|[from] item: Life Orb
|
|-heal|p1a: Victini|46\/341|[from] item: Leftovers
|turn|41
|
|move|p1a: Victini|V-create|p2a: Shaymin
|-supereffective|p2a: Shaymin
|-damage|p2a: Shaymin|0 fnt
|-unboost|p1a: Victini|def|1
|-unboost|p1a: Victini|spd|1
|-unboost|p1a: Victini|spe|1
|faint|p2a: Shaymin
|
|-heal|p1a: Victini|67\/341|[from] item: Leftovers
|
|switch|p2a: Slowbro|Slowbro, M|394\/394
|-damage|p2a: Slowbro|345\/394|[from] Stealth Rock
|turn|42
|
|move|p1a: Victini|U-turn|p2a: Slowbro
|-supereffective|p2a: Slowbro
|-damage|p2a: Slowbro|255\/394
|
|switch|p1a: Slowbro|Slowbro, M|394\/394
|-damage|p1a: Slowbro|345\/394|[from] Stealth Rock
|move|p2a: Slowbro|Scald|p1a: Slowbro
|-resisted|p1a: Slowbro
|-damage|p1a: Slowbro|293\/394
|
|-heal|p1a: Slowbro|317\/394|[from] item: Leftovers
|turn|43
|
|switch|p2a: Raikou|Raikou, shiny|282\/322
|-damage|p2a: Raikou|242\/322|[from] Stealth Rock
|-ability|p2a: Raikou|Pressure
|move|p1a: Slowbro|Calm Mind|p1a: Slowbro
|-boost|p1a: Slowbro|spa|1
|-boost|p1a: Slowbro|spd|1
|
|-heal|p1a: Slowbro|341\/394|[from] item: Leftovers
|turn|44
|
|move|p2a: Raikou|Thunderbolt|p1a: Slowbro
|-supereffective|p1a: Slowbro
|-damage|p1a: Slowbro|123\/394
|move|p1a: Slowbro|Psyshock|p2a: Raikou
|-damage|p2a: Raikou|55\/322
|
|-heal|p1a: Slowbro|147\/394|[from] item: Leftovers
|turn|45
|
|switch|p1a: Blissey|Blissey, F|552\/651
|-damage|p1a: Blissey|471\/651|[from] Stealth Rock
|move|p2a: Raikou|Volt Switch|p1a: Blissey
|-damage|p1a: Blissey|398\/651
|
|switch|p2a: Haxorus|Haxorus, M, shiny|293\/293
|-damage|p2a: Haxorus|257\/293|[from] Stealth Rock
|-ability|p2a: Haxorus|Mold Breaker
|
|-heal|p1a: Blissey|438\/651|[from] item: Leftovers
|turn|46
|
|switch|p1a: Granbull|Granbull, F, shiny|384\/384
|-damage|p1a: Granbull|336\/384|[from] Stealth Rock
|-ability|p1a: Granbull|Intimidate|[of] p2a: Haxorus
|-unboost|p2a: Haxorus|atk|1
|move|p2a: Haxorus|Poison Jab|p1a: Granbull
|-supereffective|p1a: Granbull
|-damage|p1a: Granbull|210\/384
|-status|p1a: Granbull|psn
|
|-heal|p1a: Granbull|234\/384 psn|[from] item: Leftovers
|-damage|p1a: Granbull|186\/384 psn|[from] psn
|turn|47
|
|switch|p2a: Slowbro|Slowbro, M|386\/394
|-damage|p2a: Slowbro|337\/394|[from] Stealth Rock
|move|p1a: Granbull|Rest|p1a: Granbull
|-status|p1a: Granbull|slp
|-heal|p1a: Granbull|384\/384 slp|[silent]
|-status|p1a: Granbull|slp|[from] move: Rest
|
|turn|48
|
|switch|p2a: Nidoking|Nidoking, M|165\/304
|-damage|p2a: Nidoking|146\/304|[from] Stealth Rock
|cant|p1a: Granbull|slp
|move|p1a: Granbull|Sleep Talk|p1a: Granbull
|move|p1a: Granbull|Play Rough|p2a: Nidoking|[from]Sleep Talk
|-resisted|p2a: Nidoking
|-damage|p2a: Nidoking|65\/304
|
|turn|49
|
|move|p2a: Nidoking|Poison Jab|p1a: Granbull
|-supereffective|p1a: Granbull
|-damage|p1a: Granbull|49\/384 slp
|cant|p1a: Granbull|slp
|move|p1a: Granbull|Sleep Talk|p1a: Granbull
|move|p1a: Granbull|Heal Bell|p1a: Granbull|[from]Sleep Talk
|-cureteam|p1a: Granbull|[from] move: HealBell
|
|-heal|p1a: Granbull|73\/384|[from] item: Leftovers
|turn|50
|chat|the singularity|I love that set, lol
|
|switch|p1a: Victini|Victini|67\/341
|-damage|p1a: Victini|0 fnt|[from] Stealth Rock
|faint|p1a: Victini
|move|p2a: Nidoking|Poison Jab|p1: Victini|[notarget]
|-notarget
|
|chat|the singularity|good ol' gsc uu style
|
|switch|p1a: Slowbro|Slowbro, M|278\/394
|-damage|p1a: Slowbro|229\/394|[from] Stealth Rock
|turn|51
|
|move|p2a: Nidoking|Poison Jab|p1a: Slowbro
|-damage|p1a: Slowbro|93\/394
|move|p1a: Slowbro|Slack Off|p1a: Slowbro
|-heal|p1a: Slowbro|290\/394
|
|-heal|p1a: Slowbro|314\/394|[from] item: Leftovers
|turn|52
|
|switch|p2a: Blissey|Blissey, F|678\/714
|-damage|p2a: Blissey|589\/714|[from] Stealth Rock
|move|p1a: Slowbro|Scald|p2a: Blissey
|-damage|p2a: Blissey|516\/714
|
|-heal|p2a: Blissey|560\/714|[from] item: Leftovers
|-heal|p1a: Slowbro|338\/394|[from] item: Leftovers
|turn|53
|
|switch|p1a: Mew|Mew|125\/404
|-damage|p1a: Mew|75\/404|[from] Stealth Rock
|move|p2a: Blissey|Toxic|p1a: Mew
|-status|p1a: Mew|tox
|-status|p2a: Blissey|tox
|
|-heal|p1a: Mew|100\/404 tox|[from] item: Leftovers
|-heal|p2a: Blissey|604\/714 tox|[from] item: Leftovers
|-damage|p1a: Mew|75\/404 tox|[from] psn
|-damage|p2a: Blissey|560\/714 tox|[from] psn
|turn|54
|
|move|p1a: Mew|Soft-Boiled|p1a: Mew
|-heal|p1a: Mew|277\/404 tox
|move|p2a: Blissey|Seismic Toss|p1a: Mew
|-damage|p1a: Mew|177\/404 tox
|
|-heal|p1a: Mew|202\/404 tox|[from] item: Leftovers
|-heal|p2a: Blissey|604\/714 tox|[from] item: Leftovers
|-damage|p1a: Mew|152\/404 tox|[from] psn
|-damage|p2a: Blissey|516\/714 tox|[from] psn
|turn|55
|
|switch|p2a: Haxorus|Haxorus, M, shiny|257\/293
|-damage|p2a: Haxorus|221\/293|[from] Stealth Rock
|-ability|p2a: Haxorus|Mold Breaker
|move|p1a: Mew|Soft-Boiled|p1a: Mew
|-heal|p1a: Mew|354\/404 tox
|
|-heal|p1a: Mew|379\/404 tox|[from] item: Leftovers
|-damage|p1a: Mew|304\/404 tox|[from] psn
|turn|56
|
|switch|p2a: Blissey|Blissey, F|516\/714
|-damage|p2a: Blissey|427\/714|[from] Stealth Rock
|switch|p1a: Granbull|Granbull, F, shiny|73\/384
|-damage|p1a: Granbull|25\/384|[from] Stealth Rock
|-ability|p1a: Granbull|Intimidate|[of] p2a: Blissey
|-unboost|p2a: Blissey|atk|1
|
|-heal|p2a: Blissey|471\/714|[from] item: Leftovers
|-heal|p1a: Granbull|49\/384|[from] item: Leftovers
|turn|57
|
|switch|p1a: Blissey|Blissey, F|438\/651
|-damage|p1a: Blissey|357\/651|[from] Stealth Rock
|move|p2a: Blissey|Seismic Toss|p1a: Blissey
|-damage|p1a: Blissey|257\/651
|
|-heal|p1a: Blissey|297\/651|[from] item: Leftovers
|-heal|p2a: Blissey|515\/714|[from] item: Leftovers
|turn|58
|
|move|p1a: Blissey|Soft-Boiled|p1a: Blissey
|-heal|p1a: Blissey|623\/651
|move|p2a: Blissey|Toxic|p1a: Blissey
|-status|p1a: Blissey|tox
|
|-heal|p1a: Blissey|651\/651 tox|[from] item: Leftovers
|-heal|p2a: Blissey|559\/714|[from] item: Leftovers
|-damage|p1a: Blissey|611\/651 tox|[from] psn
|turn|59
|
|move|p1a: Blissey|Toxic|p2a: Blissey
|-status|p2a: Blissey|tox
|move|p2a: Blissey|Seismic Toss|p1a: Blissey
|-damage|p1a: Blissey|511\/651 tox
|
|-heal|p1a: Blissey|551\/651 tox|[from] item: Leftovers
|-heal|p2a: Blissey|603\/714 tox|[from] item: Leftovers
|-damage|p1a: Blissey|471\/651 tox|[from] psn
|-damage|p2a: Blissey|559\/714 tox|[from] psn
|turn|60
|
|switch|p1a: Mew|Mew|304\/404 tox
|-damage|p1a: Mew|254\/404 tox|[from] Stealth Rock
|switch|p2a: Slowbro|Slowbro, M|394\/394
|-damage|p2a: Slowbro|345\/394|[from] Stealth Rock
|
|-heal|p1a: Mew|279\/404 tox|[from] item: Leftovers
|-damage|p1a: Mew|254\/404 tox|[from] psn
|turn|61
|
|move|p1a: Mew|Defog|p2a: Slowbro
|-unboost|p2a: Slowbro|evasion|1
|-sideend|p2: Luos|Stealth Rock|[from] move: Defog|[of] p2a: Slowbro
|-sideend|p1: st123|Stealth Rock|[from] move: Defog|[of] p1a: Mew
|move|p2a: Slowbro|Scald|p1a: Mew
|-damage|p1a: Mew|187\/404 tox
|
|-heal|p1a: Mew|212\/404 tox|[from] item: Leftovers
|-damage|p1a: Mew|162\/404 tox|[from] psn
|turn|62
|
|switch|p1a: Slowbro|Slowbro, M|394\/394
|switch|p2a: Raikou|Raikou, shiny|55\/322
|-ability|p2a: Raikou|Pressure
|
|turn|63
|
|move|p2a: Raikou|Volt Switch|p1a: Slowbro
|-supereffective|p1a: Slowbro
|-damage|p1a: Slowbro|122\/394
|
|switch|p2a: Blissey|Blissey, F|559\/714
|move|p1a: Slowbro|Scald|p2a: Blissey
|-damage|p2a: Blissey|489\/714
|
|-heal|p2a: Blissey|533\/714|[from] item: Leftovers
|-heal|p1a: Slowbro|146\/394|[from] item: Leftovers
|turn|64
|
|switch|p1a: Granbull|Granbull, F, shiny|49\/384
|-ability|p1a: Granbull|Intimidate|[of] p2a: Blissey
|-unboost|p2a: Blissey|atk|1
|move|p2a: Blissey|Seismic Toss|p1a: Granbull
|-damage|p1a: Granbull|0 fnt
|faint|p1a: Granbull
|
|-heal|p2a: Blissey|577\/714|[from] item: Leftovers
|
|switch|p1a: Slowbro|Slowbro, M|277\/394
|turn|65
|
|move|p2a: Blissey|Toxic|p1a: Slowbro
|-status|p1a: Slowbro|tox
|move|p1a: Slowbro|Calm Mind|p1a: Slowbro
|-boost|p1a: Slowbro|spa|1
|-boost|p1a: Slowbro|spd|1
|
|-heal|p2a: Blissey|621\/714|[from] item: Leftovers
|-heal|p1a: Slowbro|301\/394 tox|[from] item: Leftovers
|-damage|p1a: Slowbro|277\/394 tox|[from] psn
|turn|66
|
|move|p2a: Blissey|Stealth Rock|p1a: Slowbro
|-sidestart|p1: st123|move: Stealth Rock
|move|p1a: Slowbro|Psyshock|p2a: Blissey
|-damage|p2a: Blissey|363\/714
|
|-heal|p2a: Blissey|407\/714|[from] item: Leftovers
|-heal|p1a: Slowbro|301\/394 tox|[from] item: Leftovers
|-damage|p1a: Slowbro|253\/394 tox|[from] psn
|turn|67
|
|move|p2a: Blissey|Seismic Toss|p1a: Slowbro
|-damage|p1a: Slowbro|153\/394 tox
|move|p1a: Slowbro|Calm Mind|p1a: Slowbro
|-boost|p1a: Slowbro|spa|1
|-boost|p1a: Slowbro|spd|1
|
|-heal|p2a: Blissey|451\/714|[from] item: Leftovers
|-heal|p1a: Slowbro|177\/394 tox|[from] item: Leftovers
|-damage|p1a: Slowbro|105\/394 tox|[from] psn
|turn|68
|
|move|p2a: Blissey|Seismic Toss|p1a: Slowbro
|-damage|p1a: Slowbro|5\/394 tox
|move|p1a: Slowbro|Psyshock|p2a: Blissey
|-damage|p2a: Blissey|136\/714
|
|-heal|p2a: Blissey|180\/714|[from] item: Leftovers
|-heal|p1a: Slowbro|29\/394 tox|[from] item: Leftovers
|-damage|p1a: Slowbro|0 fnt|[from] psn
|faint|p1a: Slowbro
|
|switch|p1a: Mew|Mew|162\/404 tox
|-damage|p1a: Mew|112\/404 tox|[from] Stealth Rock
|turn|69
|
|switch|p2a: Haxorus|Haxorus, M, shiny|221\/293
|-ability|p2a: Haxorus|Mold Breaker
|move|p1a: Mew|Will-O-Wisp|p2a: Haxorus
|-status|p2a: Haxorus|brn
|
|-heal|p1a: Mew|137\/404 tox|[from] item: Leftovers
|-damage|p2a: Haxorus|185\/293 brn|[from] brn
|-damage|p1a: Mew|112\/404 tox|[from] psn
|turn|70
|
|move|p2a: Haxorus|Outrage|p1a: Mew
|-damage|p1a: Mew|0 fnt
|faint|p1a: Mew
|
|-damage|p2a: Haxorus|149\/293 brn|[from] brn
|
|switch|p1a: Blissey|Blissey, F|471\/651
|-damage|p1a: Blissey|390\/651|[from] Stealth Rock
|turn|71
|
|move|p2a: Haxorus|Outrage|p1a: Blissey
|-damage|p1a: Blissey|170\/651
|move|p1a: Blissey|Soft-Boiled|p1a: Blissey
|-heal|p1a: Blissey|496\/651
|
|-heal|p1a: Blissey|536\/651|[from] item: Leftovers
|-damage|p2a: Haxorus|113\/293 brn|[from] brn
|turn|72
|
|move|p2a: Haxorus|Outrage|p1a: Blissey
|-damage|p1a: Blissey|319\/651
|move|p1a: Blissey|Stealth Rock|p2a: Haxorus
|-sidestart|p2: Luos|move: Stealth Rock
|
|-end|p2a: Haxorus|rampage
|-start|p2a: Haxorus|confusion
|-heal|p1a: Blissey|359\/651|[from] item: Leftovers
|-damage|p2a: Haxorus|77\/293 brn|[from] brn
|turn|73
|
|-activate|p2a: Haxorus|confusion
|move|p2a: Haxorus|Outrage|p1a: Blissey
|-damage|p1a: Blissey|127\/651
|move|p1a: Blissey|Soft-Boiled|p1a: Blissey
|-heal|p1a: Blissey|453\/651
|
|-heal|p1a: Blissey|493\/651|[from] item: Leftovers
|-damage|p2a: Haxorus|41\/293 brn|[from] brn
|turn|74
|
|-activate|p2a: Haxorus|confusion
|-damage|p2a: Haxorus|10\/293 brn|[from] confusion
|move|p1a: Blissey|Soft-Boiled|p1a: Blissey
|-heal|p1a: Blissey|651\/651
|
|-end|p2a: Haxorus|rampage
|-damage|p2a: Haxorus|0 fnt|[from] brn
|faint|p2a: Haxorus
|
|switch|p2a: Blissey|Blissey, F|180\/714
|-damage|p2a: Blissey|91\/714|[from] Stealth Rock
|turn|75
|
|move|p1a: Blissey|Seismic Toss|p2a: Blissey
|-damage|p2a: Blissey|0 fnt
|faint|p2a: Blissey
|
|chat|the singularity|nice
|
|switch|p2a: Slowbro|Slowbro, M|394\/394
|-damage|p2a: Slowbro|345\/394|[from] Stealth Rock
|turn|76
|chat|st123|i put 4 evs in speed for that lol
|
|move|p1a: Blissey|Toxic|p2a: Slowbro
|-status|p2a: Slowbro|tox
|move|p2a: Slowbro|Scald|p1a: Blissey
|-damage|p1a: Blissey|594\/651
|
|-heal|p1a: Blissey|634\/651|[from] item: Leftovers
|-damage|p2a: Slowbro|321\/394 tox|[from] psn
|turn|77
|
|move|p1a: Blissey|Seismic Toss|p2a: Slowbro
|-damage|p2a: Slowbro|221\/394 tox
|move|p2a: Slowbro|Scald|p1a: Blissey
|-damage|p1a: Blissey|568\/651
|
|-heal|p1a: Blissey|608\/651|[from] item: Leftovers
|-damage|p2a: Slowbro|173\/394 tox|[from] psn
|turn|78
|
|move|p1a: Blissey|Seismic Toss|p2a: Slowbro
|-damage|p2a: Slowbro|73\/394 tox
|move|p2a: Slowbro|Scald|p1a: Blissey
|-damage|p1a: Blissey|550\/651
|
|-heal|p1a: Blissey|590\/651|[from] item: Leftovers
|-damage|p2a: Slowbro|1\/394 tox|[from] psn
|turn|79
|-message|Luos forfeited.
|
|win|st123
|raw|Ladder updating...
|raw|st123's rating: 1657 &rarr; <strong>1668<\/strong><br \/>(+11 for winning)
|raw|Luos's rating: 1488 &rarr; <strong>1477<\/strong><br \/>(-11 for losing)
|leave|Luos
|player|p2
|leave|st123
|player|p1