|join|st123
|join|Dudeman130498
|player|p1|st123|266
|player|p2|Dudeman130498|171
|gametype|singles
|gen|6
|tier|UU
|rule|Sleep Clause Mod: Limit one foe put to sleep
|rule|Species Clause: Limit one of each Pokémon
|rule|OHKO Clause: OHKO moves are banned
|rule|Moody Clause: Moody is banned
|rule|Evasion Moves Clause: Evasion moves are banned
|rule|Endless Battle Clause: Forcing endless battles is banned
|rule|HP Percentage Mod: HP is reported as percentages
|clearpoke
|poke|p1|Froslass, F
|poke|p1|Sableye, M
|poke|p1|Lucario, M, shiny
|poke|p1|Swampert, F
|poke|p1|Roserade, M
|poke|p1|Noivern, F
|poke|p2|Aerodactyl, F
|poke|p2|Nidoqueen, F
|poke|p2|Honchkrow, M
|poke|p2|Mienshao, F
|poke|p2|Florges, F
|poke|p2|Alomomola, F
|rule|Swagger Clause: Swagger is banned
|rule|Baton Pass Clause: Limit one Pokémon knowing Baton Pass
|teampreview
|join|scotti
|
|start
|switch|p1a: Froslass|Froslass, F|281\/281
|switch|p2a: Aerodactyl|Aerodactyl, F|315\/315
|turn|1
|
|switch|p1a: Swampert|Swampert, F|404\/404
|detailschange|p2a: Aerodactyl|Aerodactyl-Mega, F
|message|Aerodactyl has Mega Evolved into Mega Aerodactyl!
|move|p2a: Aerodactyl|Taunt|p1a: Swampert
|-start|p1a: Swampert|move: Taunt
|
|turn|2
|join|epic4eternity
|join|so dynamic
|join|watfor
|join|TheSacredUtopian
|
|switch|p2a: Alomomola|Alomomola, F|492\/492
|move|p1a: Swampert|Scald|p2a: Alomomola
|-resisted|p2a: Alomomola
|-damage|p2a: Alomomola|432\/492
|
|turn|3
|
|switch|p1a: Roserade|Roserade, M|261\/261
|move|p2a: Alomomola|Knock Off|p1a: Roserade
|-damage|p1a: Roserade|160\/261
|-enditem|p1a: Roserade|Life Orb|[from] move: Knock Off|[of] p2a: Alomomola
|
|turn|4
|
|switch|p2a: Florges|Florges, F|360\/360
|move|p1a: Roserade|Giga Drain|p2a: Florges
|-damage|p2a: Florges|279\/360
|-heal|p1a: Roserade|201\/261|[from] drain|[of] p2a: Florges
|
|-heal|p2a: Florges|301\/360|[from] item: Leftovers
|turn|5
|
|move|p1a: Roserade|Toxic Spikes|p2a: Florges
|-sidestart|p2: Dudeman130498|move: Toxic Spikes
|move|p2a: Florges|Psychic|p1a: Roserade
|-supereffective|p1a: Roserade
|-damage|p1a: Roserade|43\/261
|
|-heal|p2a: Florges|323\/360|[from] item: Leftovers
|turn|6
|
|move|p1a: Roserade|Sleep Powder|p2a: Florges
|-status|p2a: Florges|slp
|cant|p2a: Florges|slp
|
|-heal|p2a: Florges|345\/360 slp|[from] item: Leftovers
|turn|7
|join|King UU
|
|move|p1a: Roserade|Sludge Bomb|p2a: Florges
|-crit|p2a: Florges
|-supereffective|p2a: Florges
|-damage|p2a: Florges|61\/360 slp
|-curestatus|p2a: Florges|slp
|move|p2a: Florges|Moonblast|p1a: Roserade
|-resisted|p1a: Roserade
|-damage|p1a: Roserade|0 fnt
|faint|p1a: Roserade
|
|-heal|p2a: Florges|83\/360|[from] item: Leftovers
|chat|King UU|way to tell me
|chat|Dudeman130498|;o
|join|feng
|chat|Dudeman130498|sorry
|
|switch|p1a: Lucario|Lucario, M, shiny|281\/281
|turn|8
|
|switch|p2a: Nidoqueen|Nidoqueen, F|379\/379
|-sideend|p2: Dudeman130498|move: Toxic Spikes|[of] p2a: Nidoqueen
|move|p1a: Lucario|Close Combat|p2a: Nidoqueen
|-resisted|p2a: Nidoqueen
|-damage|p2a: Nidoqueen|239\/379
|-unboost|p1a: Lucario|def|1
|-unboost|p1a: Lucario|spd|1
|-damage|p1a: Lucario|253\/281|[from] item: Life Orb
|
|turn|9
|chat|King UU|that
|chat|King UU|isn't defensive
|
|move|p1a: Lucario|Swords Dance|p1a: Lucario
|-boost|p1a: Lucario|atk|2
|move|p2a: Nidoqueen|Stealth Rock|p1a: Lucario
|-sidestart|p1: st123|move: Stealth Rock
|
|turn|10
|chat|Dudeman130498|oo
|
|move|p1a: Lucario|Close Combat|p2a: Nidoqueen
|-resisted|p2a: Nidoqueen
|-damage|p2a: Nidoqueen|0 fnt
|-unboost|p1a: Lucario|def|1
|-unboost|p1a: Lucario|spd|1
|-damage|p1a: Lucario|225\/281|[from] item: Life Orb
|faint|p2a: Nidoqueen
|
|join|Giz.Moz.Ian
|
|switch|p2a: Aerodactyl|Aerodactyl-Mega, F|315\/315
|turn|11
|chat|epic4eternity|be double priority plz
|chat|Dudeman130498|i will not like you if you bp
|chat|watfor|reveal bp here
|chat|watfor|imo
|
|switch|p1a: Swampert|Swampert, F|404\/404
|-damage|p1a: Swampert|379\/404|[from] Stealth Rock
|move|p2a: Aerodactyl|Aerial Ace|p1a: Swampert
|-damage|p1a: Swampert|261\/404
|
|-heal|p1a: Swampert|286\/404|[from] item: Leftovers
|turn|12
|chat|scotti|aww
|
|move|p2a: Aerodactyl|Taunt|p1a: Swampert
|-start|p1a: Swampert|move: Taunt
|cant|p1a: Swampert|move: Taunt|Stealth Rock
|
|-heal|p1a: Swampert|311\/404|[from] item: Leftovers
|turn|13
|
|switch|p2a: Alomomola|Alomomola, F|492\/492
|move|p1a: Swampert|Scald|p2a: Alomomola
|-resisted|p2a: Alomomola
|-damage|p2a: Alomomola|435\/492
|-status|p2a: Alomomola|brn
|
|-heal|p1a: Swampert|336\/404|[from] item: Leftovers
|-damage|p2a: Alomomola|374\/492 brn|[from] brn
|turn|14
|
|move|p2a: Alomomola|Scald|p1a: Swampert
|-damage|p1a: Swampert|272\/404
|move|p1a: Swampert|Scald|p2a: Alomomola
|-resisted|p2a: Alomomola
|-damage|p2a: Alomomola|315\/492 brn
|
|-heal|p1a: Swampert|297\/404|[from] item: Leftovers
|-damage|p2a: Alomomola|254\/492 brn|[from] brn
|-end|p1a: Swampert|move: Taunt
|turn|15
|
|move|p2a: Alomomola|Toxic|p1a: Swampert
|-status|p1a: Swampert|tox
|move|p1a: Swampert|Stealth Rock|p2a: Alomomola
|-sidestart|p2: Dudeman130498|move: Stealth Rock
|
|-heal|p1a: Swampert|322\/404 tox|[from] item: Leftovers
|-damage|p2a: Alomomola|193\/492 brn|[from] brn
|-damage|p1a: Swampert|297\/404 tox|[from] psn
|turn|16
|
|move|p2a: Alomomola|Knock Off|p1a: Swampert
|-damage|p1a: Swampert|269\/404 tox
|-enditem|p1a: Swampert|Leftovers|[from] move: Knock Off|[of] p2a: Alomomola
|move|p1a: Swampert|Earthquake|p2a: Alomomola
|-damage|p2a: Alomomola|49\/492 brn
|
|-damage|p2a: Alomomola|0 fnt|[from] brn
|-damage|p1a: Swampert|219\/404 tox|[from] psn
|faint|p2a: Alomomola
|chat|Dudeman130498|o 
|
|switch|p2a: Florges|Florges, F|83\/360
|-damage|p2a: Florges|38\/360|[from] Stealth Rock
|turn|17
|chat|Dudeman130498|:[
|
|move|p2a: Florges|Moonblast|p1a: Swampert
|-damage|p1a: Swampert|89\/404 tox
|move|p1a: Swampert|Earthquake|p2a: Florges
|-damage|p2a: Florges|0 fnt
|faint|p2a: Florges
|
|-damage|p1a: Swampert|14\/404 tox|[from] psn
|join|lel rused
|
|switch|p2a: Honchkrow|Honchkrow, M|341\/341
|-damage|p2a: Honchkrow|256\/341|[from] Stealth Rock
|turn|18
|
|move|p2a: Honchkrow|Brave Bird|p1a: Swampert
|-damage|p1a: Swampert|0 fnt
|-damage|p2a: Honchkrow|251\/341|[from] recoil|[of] p1a: Swampert
|faint|p1a: Swampert
|-boost|p2a: Honchkrow|atk|1|[from] ability: Moxie
|
|chat|King UU|You're still ok
|chat|lel rused|r-r-r-rip
|
|switch|p1a: Lucario|Lucario, M, shiny|225\/281
|-damage|p1a: Lucario|217\/281|[from] Stealth Rock
|turn|19
|
|move|p1a: Lucario|Extreme Speed|p2a: Honchkrow
|-damage|p2a: Honchkrow|35\/341
|-damage|p1a: Lucario|189\/281|[from] item: Life Orb
|move|p2a: Honchkrow|Brave Bird|p1a: Lucario
|-damage|p1a: Lucario|0 fnt
|-damage|p2a: Honchkrow|0 fnt|[from] recoil|[of] p1a: Lucario
|faint|p1a: Lucario
|faint|p2a: Honchkrow
|
|chat|lel rused|marth got dat ez pz win
|join|Volbeatdown
|
|switch|p2a: Aerodactyl|Aerodactyl-Mega, F|315\/315
|-damage|p2a: Aerodactyl|237\/315|[from] Stealth Rock
|switch|p1a: Sableye|Sableye, M|303\/303
|-damage|p1a: Sableye|266\/303|[from] Stealth Rock
|turn|20
|chat|so dynamic|will-o-miss
|chat|watfor|ok now we just need to dodge this willowisp
|chat|watfor|ez
|chat|Dudeman130498|^^
|
|move|p1a: Sableye|Will-O-Wisp|p2a: Aerodactyl
|-status|p2a: Aerodactyl|brn
|move|p2a: Aerodactyl|Taunt|p1a: Sableye
|-start|p1a: Sableye|move: Taunt
|
|-heal|p1a: Sableye|284\/303|[from] item: Leftovers
|-damage|p2a: Aerodactyl|198\/315 brn|[from] brn
|turn|21
|leave|Volbeatdown
|
|switch|p1a: Froslass|Froslass, F|281\/281
|-damage|p1a: Froslass|211\/281|[from] Stealth Rock
|move|p2a: Aerodactyl|Stone Edge|p1a: Froslass
|-crit|p1a: Froslass
|-supereffective|p1a: Froslass
|-damage|p1a: Froslass|0 fnt
|faint|p1a: Froslass
|
|-damage|p2a: Aerodactyl|159\/315 brn|[from] brn
|chat|King UU|DO IT
|chat|TheSacredUtopian|too late
|chat|King UU|DO IT
|join|Global Threat
|
|switch|p1a: Noivern|Noivern, F|311\/311
|-damage|p1a: Noivern|234\/311|[from] Stealth Rock
|turn|22
|
|move|p2a: Aerodactyl|Stone Edge|p1a: Noivern|[miss]
|-miss|p2a: Aerodactyl|p1a: Noivern
|move|p1a: Noivern|Draco Meteor|p2a: Aerodactyl
|-damage|p2a: Aerodactyl|0 fnt
|-unboost|p1a: Noivern|spa|2
|faint|p2a: Aerodactyl
|
|chat|Dudeman130498|shit
|chat|King UU|YOU
|chat|lel rused|nice
|chat|King UU|CAN
|chat|lel rused|NICE
|chat|King UU|DO
|chat|lel rused|NICE
|chat|King UU|IT
|chat|King UU|YOU
|chat|Dudeman130498|lol
|chat|King UU|CAN
|chat|King UU|DO
|
|switch|p2a: Mienshao|Mienshao, F|271\/271
|-damage|p2a: Mienshao|255\/271|[from] Stealth Rock
|turn|23
|chat|King UU|IT
|chat|epic4eternity|sabelye won anyway
|
|move|p1a: Noivern|Draco Meteor|p2a: Mienshao
|-damage|p2a: Mienshao|95\/271
|-unboost|p1a: Noivern|spa|2
|move|p2a: Mienshao|Knock Off|p1a: Noivern
|-damage|p1a: Noivern|44\/311
|-enditem|p1a: Noivern|Draco Plate|[from] move: Knock Off|[of] p2a: Mienshao
|
|turn|24
|chat|TheSacredUtopian|spam
|chat|lel rused|get fkn rekt
|
|move|p1a: Noivern|Draco Meteor|p2a: Mienshao
|-damage|p2a: Mienshao|1\/271
|-unboost|p1a: Noivern|spa|2
|move|p2a: Mienshao|Knock Off|p1a: Noivern
|-damage|p1a: Noivern|0 fnt
|faint|p1a: Noivern
|
|chat|Dudeman130498|kek
|chat|King UU|GOGOGO
|chat|so dynamic|miss
|chat|King UU|GOGOGOGO
|chat|so dynamic|miss
|chat|so dynamic|miss
|
|switch|p1a: Sableye|Sableye, M|284\/303
|-damage|p1a: Sableye|247\/303|[from] Stealth Rock
|turn|25
|chat|so dynamic|miss
|chat|so dynamic|miss
|chat|watfor|CRIT
|chat|King UU|All the WAYYY
|chat|so dynamic|miss
|chat|watfor|SABLEYE
|
|move|p2a: Mienshao|Knock Off|p1a: Sableye
|-damage|p1a: Sableye|23\/303
|-enditem|p1a: Sableye|Leftovers|[from] move: Knock Off|[of] p2a: Mienshao
|move|p1a: Sableye|Knock Off|p2a: Mienshao
|-resisted|p2a: Mienshao
|-damage|p2a: Mienshao|0 fnt
|-enditem|p2a: Mienshao|Choice Band|[from] move: Knock Off|[of] p1a: Sableye
|faint|p2a: Mienshao
|
|win|st123
|chat|so dynamic|miss
|chat|King UU|CHOICE BANDARUUU
|chat|watfor|NO
|chat|Dudeman130498|gg man
|chat|King UU|I told you
|chat|lel rused|get rekt
|chat|watfor|;~;
|chat|st123|gg
|chat|King UU|You motherfucker
|chat|TheSacredUtopian|close
|chat|King UU|to make
|chat|King UU|it
|chat|King UU|adamant
|leave|scotti
|leave|watfor
|chat|King UU|lol
|chat|King UU|<3
|chat|Dudeman130498|lol
|leave|Dudeman130498
|player|p2
|leave|lel rused
|leave|King UU
|leave|Global Threat
|leave|epic4eternity
|chat|TheSacredUtopian|nice win 