|join|st123
|join|bananagram
|player|p1|st123|153
|player|p2|bananagram|71
|gametype|singles
|gen|6
|tier|UU
|rule|Sleep Clause Mod: Limit one foe put to sleep
|rule|Species Clause: Limit one of each Pokémon
|rule|OHKO Clause: OHKO moves are banned
|rule|Moody Clause: Moody is banned
|rule|Evasion Moves Clause: Evasion moves are banned
|rule|Endless Battle Clause: Forcing endless battles is banned
|rule|HP Percentage Mod: HP is shown in percentages
|clearpoke
|poke|p1|Cresselia, F, shiny
|poke|p1|Dugtrio, F
|poke|p1|Umbreon, M
|poke|p1|Vaporeon, M
|poke|p1|Nidoqueen, F
|poke|p1|Crobat, F
|poke|p2|Alomomola, F
|poke|p2|Arcanine, M
|poke|p2|Ampharos, F
|poke|p2|Celebi
|poke|p2|Jirachi
|poke|p2|Crobat, M
|rule|Swagger Clause: Swagger is banned
|rule|Baton Pass Clause: Limit one Pokémon knowing Baton Pass
|teampreview
|join|so dynamic
|join|chiefpoptart
|join|Dagon Tests
|join|Kejaun
|join|snowy1213
|join|SkywardSword596
|join|pleasebegood
|join|The UUser
|c| chiefpoptart|st dont lose
|c|★st123|k
|join|Frickett
|join|kyla-kylls
|c|★bananagram|why not?
|c| chiefpoptart|makes me look less bad
|c| Kejaun|yea
|c| SkywardSword596|lol
|c| chiefpoptart|lol
|join|Pinkin Lark
|c| kyla-kylls|ikr 
|
|start
|switch|p1a: Nidoqueen|Nidoqueen, F|384\/384
|switch|p2a: Jirachi|Jirachi|341\/341
|turn|1
|c| Kejaun|XD
|c| kyla-kylls|i think that too
|join|TheMegaDonphan
|c| snowy1213|Cresselia can sweep this team too if it gets setup
|
|move|p2a: Jirachi|U-turn|p1a: Nidoqueen
|-resisted|p1a: Nidoqueen
|-damage|p1a: Nidoqueen|355\/384
|c| kyla-kylls|when i lose to someone
|
|switch|p2a: Crobat|Crobat, M|334\/334
|move|p1a: Nidoqueen|Toxic Spikes|p2a: Crobat
|-sidestart|p2: bananagram|move: Toxic Spikes
|
|-heal|p1a: Nidoqueen|379\/384|[from] item: Leftovers
|turn|2
|c|★bananagram|hm
|
|move|p2a: Crobat|U-turn|p1a: Nidoqueen
|-resisted|p1a: Nidoqueen
|-damage|p1a: Nidoqueen|351\/384
|
|switch|p2a: Jirachi|Jirachi|341\/341
|move|p1a: Nidoqueen|Ice Beam|p2a: Jirachi
|-resisted|p2a: Jirachi
|-damage|p2a: Jirachi|302\/341
|
|-heal|p1a: Nidoqueen|375\/384|[from] item: Leftovers
|turn|3
|
|move|p2a: Jirachi|Zen Headbutt|p1a: Nidoqueen
|-supereffective|p1a: Nidoqueen
|-damage|p1a: Nidoqueen|153\/384
|move|p1a: Nidoqueen|Earth Power|p2a: Jirachi
|-crit|p2a: Jirachi
|-supereffective|p2a: Jirachi
|-damage|p2a: Jirachi|0 fnt
|faint|p2a: Jirachi
|
|-heal|p1a: Nidoqueen|177\/384|[from] item: Leftovers
|c| snowy1213|Future sight jirachi IMO
|c| SkywardSword596|doom desire
|join|LiberalLucario
|
|switch|p2a: Alomomola|Alomomola, F|534\/534
|-status|p2a: Alomomola|psn
|turn|4
|c| Dagon Tests|does future sight hit dark types?
|join|UUST Munkin
|
|move|p1a: Nidoqueen|Toxic Spikes|p2a: Alomomola
|-sidestart|p2: bananagram|move: Toxic Spikes
|move|p2a: Alomomola|Knock Off|p1a: Nidoqueen
|-damage|p1a: Nidoqueen|129\/384
|-enditem|p1a: Nidoqueen|Leftovers|[from] move: Knock Off|[of] p2a: Alomomola
|
|-damage|p2a: Alomomola|468\/534 psn|[from] psn
|turn|5
|c| snowy1213|No
|c| Kejaun|no
|c| Pinkin Lark|someone should do future sight\/doom desire jirachi
|c|★bananagram|none of my teams are good against nidoqueen
|
|move|p1a: Nidoqueen|Earth Power|p2a: Alomomola
|-damage|p2a: Alomomola|341\/534 psn
|move|p2a: Alomomola|Wish|p2a: Alomomola
|
|-heal|p2a: Alomomola|374\/534 psn|[from] item: Leftovers
|-damage|p2a: Alomomola|308\/534 psn|[from] psn
|turn|6
|c| snowy1213|wow
|c| LiberalLucario|no team is good against nidoqueen
|
|move|p2a: Alomomola|Knock Off|p1a: Nidoqueen
|-damage|p1a: Nidoqueen|99\/384
|move|p1a: Nidoqueen|Roar|p2a: Alomomola
|drag|p2a: Ampharos|Ampharos, F|384\/384
|-status|p2a: Ampharos|tox
|
|-damage|p2a: Ampharos|360\/384 tox|[from] psn
|turn|7
|c| LiberalLucario|unless it has like blissey or umbreon
|c| snowy1213|Thats bulky for an alomola
|c| UUST Munkin|apparently you can only have either doom desire or future sight at one time
|c| LiberalLucario|lol
|
|switch|p2a: Crobat|Crobat, M|334\/334
|move|p1a: Nidoqueen|Ice Beam|p2a: Crobat
|-supereffective|p2a: Crobat
|-damage|p2a: Crobat|168\/334
|
|-heal|p2a: Crobat|188\/334|[from] item: Black Sludge
|turn|8
|c| TheMegaDonphan|ohhhhhhh!!!!!
|c| chiefpoptart|cloyster rapes nidi king or queen
|c| snowy1213|*On the special side
|c| LiberalLucario|idk why you would run future sight over doom desire
|
|move|p2a: Crobat|Defog|p1a: Nidoqueen
|-unboost|p1a: Nidoqueen|evasion|1
|-sideend|p2: bananagram|Toxic Spikes|[from] move: Defog|[of] p2a: Crobat
|move|p1a: Nidoqueen|Ice Beam|p2a: Crobat
|-supereffective|p2a: Crobat
|-damage|p2a: Crobat|14\/334
|
|-heal|p2a: Crobat|34\/334|[from] item: Black Sludge
|turn|9
|c| snowy1213|PP issues
|leave|SkywardSword596
|
|move|p2a: Crobat|Roost|p2a: Crobat
|-heal|p2a: Crobat|201\/334
|move|p1a: Nidoqueen|Toxic Spikes|p2a: Crobat
|-sidestart|p2: bananagram|move: Toxic Spikes
|
|-heal|p2a: Crobat|221\/334|[from] item: Black Sludge
|turn|10
|c| LiberalLucario|but doom desire does not have an immunity and has more BP
|
|move|p2a: Crobat|Brave Bird|p1a: Nidoqueen
|-damage|p1a: Nidoqueen|0 fnt
|-damage|p2a: Crobat|188\/334|[from] recoil|[of] p1a: Nidoqueen
|faint|p1a: Nidoqueen
|
|-heal|p2a: Crobat|208\/334|[from] item: Black Sludge
|join|ClaudioFerreira
|c| LiberalLucario|and tbh you shouldn't be using doom desire 8 times in the course of a match anyway
|c| snowy1213|But it's still a worse offensive type
|join|SkywardSword596
|c| so dynamic|that queen did
|
|switch|p1a: Body Time|Cresselia, F, shiny|433\/433
|turn|11
|c| snowy1213|That's true
|c| so dynamic|more than it shoudlve
|c| so dynamic|u had alom
|c| Dagon Tests|here we go
|
|move|p2a: Crobat|U-turn|p1a: Body Time
|-supereffective|p1a: Body Time
|-damage|p1a: Body Time|321\/433
|c| Pinkin Lark|doom desire is great if you have bait for fairy types to switch into
|c| LiberalLucario|you didnt even defog
|
|switch|p2a: Alomomola|Alomomola, F|486\/534 psn
|move|p1a: Body Time|Psyshock|p2a: Alomomola
|-damage|p2a: Alomomola|387\/534 psn
|
|-heal|p1a: Body Time|348\/433|[from] item: Leftovers
|-heal|p2a: Alomomola|420\/534 psn|[from] item: Leftovers
|-damage|p2a: Alomomola|354\/534 psn|[from] psn
|turn|12
|c| LiberalLucario|mistake
|c| snowy1213|Cresselia wins unless celebi is SD
|c| LiberalLucario|just um
|c| LiberalLucario|setup a sub now
|c| LiberalLucario|and win
|c| LiberalLucario|lol'
|
|move|p1a: Body Time|Substitute|p1a: Body Time
|-start|p1a: Body Time|Substitute
|-damage|p1a: Body Time|240\/433
|move|p2a: Alomomola|Knock Off|p1a: Body Time
|-supereffective|p1a: Body Time
|-activate|p1a: Body Time|Substitute|[damage]
|
|-heal|p1a: Body Time|267\/433|[from] item: Leftovers
|-heal|p2a: Alomomola|387\/534 psn|[from] item: Leftovers
|-damage|p2a: Alomomola|321\/534 psn|[from] psn
|turn|13
|c| UUST Munkin|SubCM?
|c| snowy1213|Yeah
|
|move|p1a: Body Time|Calm Mind|p1a: Body Time
|-boost|p1a: Body Time|spa|1
|-boost|p1a: Body Time|spd|1
|move|p2a: Alomomola|Knock Off|p1a: Body Time
|-supereffective|p1a: Body Time
|-end|p1a: Body Time|Substitute
|
|-heal|p1a: Body Time|294\/433|[from] item: Leftovers
|-heal|p2a: Alomomola|354\/534 psn|[from] item: Leftovers
|-damage|p2a: Alomomola|288\/534 psn|[from] psn
|turn|14
|c| UUST Munkin|ouchy
|
|move|p1a: Body Time|Substitute|p1a: Body Time
|-start|p1a: Body Time|Substitute
|-damage|p1a: Body Time|186\/433
|move|p2a: Alomomola|Toxic|p1a: Body Time
|
|-heal|p1a: Body Time|213\/433|[from] item: Leftovers
|-heal|p2a: Alomomola|321\/534 psn|[from] item: Leftovers
|-damage|p2a: Alomomola|255\/534 psn|[from] psn
|turn|15
|
|switch|p2a: Crobat|Crobat, M|208\/334
|move|p1a: Body Time|Moonblast|p2a: Crobat
|-resisted|p2a: Crobat
|-damage|p2a: Crobat|146\/334
|
|-heal|p2a: Crobat|166\/334|[from] item: Black Sludge
|-heal|p1a: Body Time|240\/433|[from] item: Leftovers
|turn|16
|join|try me 101
|
|move|p2a: Crobat|Brave Bird|p1a: Body Time
|-damage|p1a: Body Time|101\/433
|-damage|p2a: Crobat|120\/334|[from] recoil|[of] p1a: Body Time
|move|p1a: Body Time|Psyshock|p2a: Crobat
|-supereffective|p2a: Crobat
|-damage|p2a: Crobat|0 fnt
|faint|p2a: Crobat
|
|-heal|p1a: Body Time|128\/433|[from] item: Leftovers
|c| try me 101|uh oh
|c| try me 101|is cress back?
|c| LiberalLucario|damn that was a hugeass msitake
|
|switch|p2a: Arcanine|Arcanine, M|339\/339
|-status|p2a: Arcanine|psn
|turn|17
|c| LiberalLucario|*mistake
|c| Pinkin Lark|this is when infiltrator whimsi is god
|c| Kejaun|saw that come'n
|c| TheMegaDonphan|well hes in trouble
|
|move|p2a: Arcanine|Flare Blitz|p1a: Body Time
|-end|p1a: Body Time|Substitute
|-damage|p2a: Arcanine|303\/339 psn|[from] recoil|[of] p1a: Body Time
|-damage|p2a: Arcanine|270\/339 psn|[from] item: Life Orb
|move|p1a: Body Time|Psyshock|p2a: Arcanine
|-damage|p2a: Arcanine|114\/339 psn
|
|-heal|p1a: Body Time|155\/433|[from] item: Leftovers
|-damage|p2a: Arcanine|72\/339 psn|[from] psn
|turn|18
|c|★bananagram|well, whatever
|join|YoungLegend
|c| Pinkin Lark|ooh?
|
|switch|p1a: Vaporeon|Vaporeon, M|450\/450
|move|p2a: Arcanine|Flare Blitz|p1a: Vaporeon
|-resisted|p1a: Vaporeon
|-damage|p1a: Vaporeon|297\/450
|-damage|p2a: Arcanine|22\/339 psn|[from] recoil|[of] p1a: Vaporeon
|-damage|p2a: Arcanine|0 fnt|[from] item: Life Orb
|faint|p2a: Arcanine
|
|-heal|p1a: Vaporeon|325\/450|[from] item: Leftovers
|-message|bananagram forfeited.
|
|win|st123
|leave|bananagram
|player|p2
|leave|The UUser
|leave|st123
|player|p1
|c| Kejaun|gg
|leave|YoungLegend
|c| chiefpoptart|gg
|leave|snowy1213
|leave|Kejaun