|join|Lol1z da Fuccboi
|join|Wolfhead69
|player|p1|Lol1z da Fuccboi|169
|player|p2|Wolfhead69|101
|gametype|singles
|gen|6
|tier|UU
|rated
|rule|Sleep Clause Mod: Limit one foe put to sleep
|rule|Species Clause: Limit one of each Pokémon
|rule|OHKO Clause: OHKO moves are banned
|rule|Moody Clause: Moody is banned
|rule|Evasion Moves Clause: Evasion moves are banned
|rule|Endless Battle Clause: Forcing endless battles is banned
|rule|HP Percentage Mod: HP is shown in percentages
|clearpoke
|poke|p1|Swampert, F
|poke|p1|Celebi
|poke|p1|Entei, shiny
|poke|p1|Forretress, F
|poke|p1|Mienshao, F
|poke|p1|Hydreigon, M
|poke|p2|Galvantula, M
|poke|p2|Empoleon, M
|poke|p2|Lucario, M
|poke|p2|Aerodactyl, M
|poke|p2|Donphan, F
|poke|p2|Chandelure, M
|rule|Swagger Clause: Swagger is banned
|rule|Baton Pass Clause: Limit one Pokémon knowing Baton Pass
|teampreview
|
|start
|switch|p1a: Entei|Entei, shiny|372\/372
|switch|p2a: Galvantula|Galvantula, M|282\/282
|-ability|p1a: Entei|Pressure
|turn|1
|c|★Wolfhead69|seems to be only like 3 people on right now
|leave|Wolfhead69
|player|p2
|join|Wolfhead69
|player|p2|Wolfhead69|101
|
|move|p2a: Galvantula|Sticky Web|p1a: Entei
|-sidestart|p1: Lol1z da Fuccboi|move: Sticky Web
|move|p1a: Entei|Sacred Fire|p2a: Galvantula
|-supereffective|p2a: Galvantula
|-enditem|p2a: Galvantula|Focus Sash
|-damage|p2a: Galvantula|1\/282
|
|turn|2
|c|★Lol1z da Fuccboi|lol
|
|switch|p2a: Chandelure|Chandelure, M|262\/262
|switch|p1a: Hydreigon|Hydreigon, M|325\/325
|
|turn|3
|
|move|p1a: Hydreigon|Dark Pulse|p2a: Chandelure
|-supereffective|p2a: Chandelure
|-damage|p2a: Chandelure|0 fnt
|faint|p2a: Chandelure
|
|
|switch|p2a: Lucario|Lucario, M|282\/282
|turn|4
|
|switch|p1a: Forretress|Forretress, F|354\/354
|-activate|p1a: Forretress|move: Sticky Web
|-unboost|p1a: Forretress|spe|1
|move|p2a: Lucario|Swords Dance|p2a: Lucario
|-boost|p2a: Lucario|atk|2
|
|turn|5
|
|move|p2a: Lucario|Close Combat|p1a: Forretress
|-damage|p1a: Forretress|38\/354
|-unboost|p2a: Lucario|def|1
|-unboost|p2a: Lucario|spd|1
|-damage|p2a: Lucario|254\/282|[from] item: Life Orb
|move|p1a: Forretress|Volt Switch|p2a: Lucario
|-damage|p2a: Lucario|182\/282
|
|switch|p1a: Mienshao|Mienshao, F|271\/271
|-activate|p1a: Mienshao|move: Sticky Web
|-unboost|p1a: Mienshao|spe|1
|
|turn|6
|
|move|p1a: Mienshao|Fake Out|p2a: Lucario
|-resisted|p2a: Lucario
|-damage|p2a: Lucario|116\/282
|-damage|p1a: Mienshao|244\/271|[from] item: Life Orb
|cant|p2a: Lucario|flinch
|
|turn|7
|
|switch|p1a: Forretress|Forretress, F|38\/354
|-activate|p1a: Forretress|move: Sticky Web
|-unboost|p1a: Forretress|spe|1
|move|p2a: Lucario|Extreme Speed|p1a: Forretress
|-resisted|p1a: Forretress
|-damage|p1a: Forretress|0 fnt
|-damage|p2a: Lucario|88\/282|[from] item: Life Orb
|faint|p1a: Forretress
|
|
|switch|p1a: Mienshao|Mienshao, F|271\/271
|-activate|p1a: Mienshao|move: Sticky Web
|-unboost|p1a: Mienshao|spe|1
|turn|8
|
|move|p1a: Mienshao|Fake Out|p2a: Lucario
|-crit|p2a: Lucario
|-resisted|p2a: Lucario
|-damage|p2a: Lucario|0 fnt
|-damage|p1a: Mienshao|244\/271|[from] item: Life Orb
|faint|p2a: Lucario
|
|
|switch|p2a: Aerodactyl|Aerodactyl, M|302\/302
|-ability|p2a: Aerodactyl|Unnerve|p1: Lol1z da Fuccboi
|turn|9
|
|switch|p1a: Swampert|Swampert, F|404\/404
|-activate|p1a: Swampert|move: Sticky Web
|-unboost|p1a: Swampert|spe|1
|detailschange|p2a: Aerodactyl|Aerodactyl-Mega, M
|-mega|p2a: Aerodactyl|Aerodactyl|Aerodactylite
|move|p2a: Aerodactyl|Hone Claws|p2a: Aerodactyl
|-boost|p2a: Aerodactyl|atk|1
|-boost|p2a: Aerodactyl|accuracy|1
|
|turn|10
|
|move|p2a: Aerodactyl|Aerial Ace|p1a: Swampert
|-damage|p1a: Swampert|167\/404
|move|p1a: Swampert|Scald|p2a: Aerodactyl
|-supereffective|p2a: Aerodactyl
|-damage|p2a: Aerodactyl|114\/302
|
|-heal|p1a: Swampert|192\/404|[from] item: Leftovers
|turn|11
|
|move|p2a: Aerodactyl|Aerial Ace|p1a: Swampert
|-damage|p1a: Swampert|0 fnt
|faint|p1a: Swampert
|
|
|switch|p1a: Hydreigon|Hydreigon, M|325\/325
|turn|12
|
|switch|p2a: Galvantula|Galvantula, M|1\/282
|move|p1a: Hydreigon|Dark Pulse|p2a: Galvantula
|-crit|p2a: Galvantula
|-damage|p2a: Galvantula|0 fnt
|faint|p2a: Galvantula
|
|
|switch|p2a: Donphan|Donphan, F|384\/384
|turn|13
|
|move|p1a: Hydreigon|Dark Pulse|p2a: Donphan
|-crit|p2a: Donphan
|-damage|p2a: Donphan|95\/384
|move|p2a: Donphan|Knock Off|p1a: Hydreigon
|-resisted|p1a: Hydreigon
|-damage|p1a: Hydreigon|250\/325
|-enditem|p1a: Hydreigon|Choice Scarf|[from] move: Knock Off|[of] p2a: Donphan
|
|-heal|p2a: Donphan|119\/384|[from] item: Leftovers
|turn|14
|
|move|p2a: Donphan|Ice Shard|p1a: Hydreigon
|-supereffective|p1a: Hydreigon
|-damage|p1a: Hydreigon|130\/325
|move|p1a: Hydreigon|Dark Pulse|p2a: Donphan
|-damage|p2a: Donphan|0 fnt
|faint|p2a: Donphan
|
|
|switch|p2a: Aerodactyl|Aerodactyl-Mega, M|114\/302
|turn|15
|
|move|p2a: Aerodactyl|Stone Edge|p1a: Hydreigon
|-damage|p1a: Hydreigon|0 fnt
|faint|p1a: Hydreigon
|
|
|switch|p1a: Mienshao|Mienshao, F|271\/271
|-activate|p1a: Mienshao|move: Sticky Web
|-unboost|p1a: Mienshao|spe|1
|turn|16
|
|move|p1a: Mienshao|Fake Out|p2a: Aerodactyl
|-resisted|p2a: Aerodactyl
|-damage|p2a: Aerodactyl|75\/302
|-damage|p1a: Mienshao|244\/271|[from] item: Life Orb
|cant|p2a: Aerodactyl|flinch
|
|turn|17
|
|switch|p1a: Entei|Entei, shiny|372\/372
|-activate|p1a: Entei|move: Sticky Web
|-unboost|p1a: Entei|spe|1
|-ability|p1a: Entei|Pressure
|move|p2a: Aerodactyl|Aerial Ace|p1a: Entei
|-damage|p1a: Entei|189\/372
|
|turn|18
|
|switch|p2a: Empoleon|Empoleon, M|372\/372
|move|p1a: Entei|Extreme Speed|p2a: Empoleon
|-resisted|p2a: Empoleon
|-damage|p2a: Empoleon|318\/372
|
|-heal|p2a: Empoleon|341\/372|[from] item: Leftovers
|turn|19
|
|switch|p1a: Celebi|Celebi|404\/404
|-activate|p1a: Celebi|move: Sticky Web
|-unboost|p1a: Celebi|spe|1
|move|p2a: Empoleon|Yawn|p1a: Celebi
|-start|p1a: Celebi|move: Yawn|[of] p2a: Empoleon
|
|-heal|p2a: Empoleon|364\/372|[from] item: Leftovers
|turn|20
|
|move|p1a: Celebi|Giga Drain|p2a: Empoleon
|-damage|p2a: Empoleon|280\/372
|move|p2a: Empoleon|Stealth Rock|p1a: Celebi
|-sidestart|p1: Lol1z da Fuccboi|move: Stealth Rock
|
|-status|p1a: Celebi|slp
|-heal|p2a: Empoleon|303\/372|[from] item: Leftovers
|turn|21
|
|switch|p2a: Aerodactyl|Aerodactyl-Mega, M|75\/302
|cant|p1a: Celebi|slp
|
|turn|22
|
|move|p2a: Aerodactyl|Aerial Ace|p1a: Celebi
|-supereffective|p1a: Celebi
|-damage|p1a: Celebi|96\/404 slp
|cant|p1a: Celebi|slp
|
|-heal|p1a: Celebi|121\/404 slp|[from] item: Leftovers
|turn|23
|
|move|p2a: Aerodactyl|Aerial Ace|p1a: Celebi
|-supereffective|p1a: Celebi
|-damage|p1a: Celebi|0 fnt
|faint|p1a: Celebi
|
|
|switch|p1a: Entei|Entei, shiny|189\/372
|-activate|p1a: Entei|move: Sticky Web
|-unboost|p1a: Entei|spe|1
|-damage|p1a: Entei|96\/372|[from] Stealth Rock
|-ability|p1a: Entei|Pressure
|turn|24
|
|switch|p2a: Empoleon|Empoleon, M|303\/372
|move|p1a: Entei|Sacred Fire|p2a: Empoleon
|-damage|p2a: Empoleon|81\/372
|
|-heal|p2a: Empoleon|104\/372|[from] item: Leftovers
|turn|25
|
|switch|p1a: Mienshao|Mienshao, F|271\/271
|-damage|p1a: Mienshao|255\/271|[from] Stealth Rock
|-activate|p1a: Mienshao|move: Sticky Web
|-unboost|p1a: Mienshao|spe|1
|move|p2a: Empoleon|Yawn|p1a: Mienshao
|-start|p1a: Mienshao|move: Yawn|[of] p2a: Empoleon
|
|-heal|p2a: Empoleon|127\/372|[from] item: Leftovers
|turn|26
|
|move|p1a: Mienshao|High Jump Kick|p2a: Empoleon
|-supereffective|p2a: Empoleon
|-damage|p2a: Empoleon|0 fnt
|-damage|p1a: Mienshao|228\/271|[from] item: Life Orb
|faint|p2a: Empoleon
|
|-status|p1a: Mienshao|slp
|
|switch|p2a: Aerodactyl|Aerodactyl-Mega, M|75\/302
|turn|27
|
|move|p2a: Aerodactyl|Aerial Ace|p1a: Mienshao
|-supereffective|p1a: Mienshao
|-damage|p1a: Mienshao|0 fnt
|faint|p1a: Mienshao
|
|c|★Wolfhead69|gg
|
|switch|p1a: Entei|Entei, shiny|96\/372
|-damage|p1a: Entei|3\/372|[from] Stealth Rock
|-activate|p1a: Entei|move: Sticky Web
|-unboost|p1a: Entei|spe|1
|-ability|p1a: Entei|Pressure
|turn|28
|c|★Lol1z da Fuccboi|gg
|
|move|p1a: Entei|Extreme Speed|p2a: Aerodactyl
|-resisted|p2a: Aerodactyl
|-damage|p2a: Aerodactyl|0 fnt
|faint|p2a: Aerodactyl
|
|win|Lol1z da Fuccboi
|raw|Ladder updating...
|raw|Lol1z da Fuccboi's rating: 1561 &rarr; <strong>1587<\/strong><br \/>(+26 for winning)
|raw|Wolfhead69's rating: 1666 &rarr; <strong>1640<\/strong><br \/>(-26 for losing)
|leave|Wolfhead69
|player|p2