|join|Lol1z da Fuccboi
|join|151forfun
|player|p1|Lol1z da Fuccboi|1
|player|p2|151forfun|3
|gametype|singles
|gen|6
|tier|UU
|rated
|rule|Sleep Clause Mod: Limit one foe put to sleep
|rule|Species Clause: Limit one of each Pokémon
|rule|OHKO Clause: OHKO moves are banned
|rule|Moody Clause: Moody is banned
|rule|Evasion Moves Clause: Evasion moves are banned
|rule|Endless Battle Clause: Forcing endless battles is banned
|rule|HP Percentage Mod: HP is shown in percentages
|clearpoke
|poke|p1|Swampert, F
|poke|p1|Celebi
|poke|p1|Entei, shiny
|poke|p1|Forretress, M
|poke|p1|Mienshao, M
|poke|p1|Hydreigon, M
|poke|p2|Blastoise, F
|poke|p2|Nidoqueen, F
|poke|p2|Weezing, M
|poke|p2|Snorlax, M
|poke|p2|Arcanine, M
|poke|p2|Alakazam, M
|rule|Swagger Clause: Swagger is banned
|rule|Baton Pass Clause: Limit one Pokémon knowing Baton Pass
|teampreview
|
|start
|switch|p1a: Swampert|Swampert, F|404\/404
|switch|p2a: Arcanine|Arcanine, M|383\/383
|-ability|p2a: Arcanine|Intimidate|[of] p1a: Swampert
|-unboost|p1a: Swampert|atk|1
|turn|1
|
|switch|p2a: Weezing|Weezing, M|334\/334
|move|p1a: Swampert|Stealth Rock|p2a: Weezing
|-sidestart|p2: 151forfun|move: Stealth Rock
|
|turn|2
|
|switch|p1a: Celebi|Celebi|404\/404
|move|p2a: Weezing|Toxic Spikes|p1a: Celebi
|-sidestart|p1: Lol1z da Fuccboi|move: Toxic Spikes
|
|turn|3
|
|switch|p2a: Snorlax|Snorlax, M|461\/461
|-damage|p2a: Snorlax|404\/461|[from] Stealth Rock
|move|p1a: Celebi|Psychic|p2a: Snorlax
|-damage|p2a: Snorlax|340\/461
|
|turn|4
|
|move|p1a: Celebi|U-turn|p2a: Snorlax
|-damage|p2a: Snorlax|286\/461
|
|move|p2a: Snorlax|Pursuit|p1a: Celebi|[from]Pursuit
|-supereffective|p1a: Celebi
|-damage|p1a: Celebi|196\/404
|switch|p1a: Forretress|Forretress, M|354\/354
|
|turn|5
|
|switch|p2a: Blastoise|Blastoise, F|362\/362
|-damage|p2a: Blastoise|317\/362|[from] Stealth Rock
|move|p1a: Forretress|Rapid Spin|p2a: Blastoise
|-damage|p2a: Blastoise|300\/362
|-sideend|p1: Lol1z da Fuccboi|Toxic Spikes|[from] move: Rapid Spin|[of] p1a: Forretress
|
|turn|6
|
|detailschange|p2a: Blastoise|Blastoise-Mega, F
|-mega|p2a: Blastoise|Blastoise|Blastoisinite
|move|p2a: Blastoise|Dark Pulse|p1a: Forretress
|-damage|p1a: Forretress|131\/354
|cant|p1a: Forretress|flinch
|
|-heal|p1a: Forretress|153\/354|[from] item: Leftovers
|turn|7
|
|switch|p1a: Mienshao|Mienshao, M|271\/271
|move|p2a: Blastoise|Rapid Spin|p1a: Mienshao
|-damage|p1a: Mienshao|250\/271
|-sideend|p2: 151forfun|Stealth Rock|[from] move: Rapid Spin|[of] p2a: Blastoise
|
|turn|8
|
|move|p1a: Mienshao|Fake Out|p2a: Blastoise
|-damage|p2a: Blastoise|248\/362
|-damage|p1a: Mienshao|223\/271|[from] item: Life Orb
|cant|p2a: Blastoise|flinch
|
|turn|9
|
|switch|p2a: Arcanine|Arcanine, M|383\/383
|-ability|p2a: Arcanine|Intimidate|[of] p1a: Mienshao
|-unboost|p1a: Mienshao|atk|1
|move|p1a: Mienshao|High Jump Kick|p2a: Arcanine|[miss]
|-miss|p1a: Mienshao|p2a: Arcanine
|-damage|p1a: Mienshao|88\/271|[from] highjumpkick
|
|turn|10
|
|switch|p1a: Swampert|Swampert, F|404\/404
|move|p2a: Arcanine|Extreme Speed|p1a: Swampert
|-damage|p1a: Swampert|258\/404
|
|-heal|p1a: Swampert|283\/404|[from] item: Leftovers
|turn|11
|
|switch|p2a: Alakazam|Alakazam, M|252\/252
|move|p1a: Swampert|Stealth Rock|p2a: Alakazam
|-sidestart|p2: 151forfun|move: Stealth Rock
|
|-heal|p1a: Swampert|308\/404|[from] item: Leftovers
|turn|12
|
|switch|p1a: Hydreigon|Hydreigon, M|325\/325
|move|p2a: Alakazam|Dazzling Gleam|p1a: Hydreigon
|-supereffective|p1a: Hydreigon
|-damage|p1a: Hydreigon|0 fnt
|faint|p1a: Hydreigon
|
|
|switch|p1a: Entei|Entei, shiny|372\/372
|-ability|p1a: Entei|Pressure
|turn|13
|
|switch|p2a: Weezing|Weezing, M|334\/334
|-damage|p2a: Weezing|293\/334|[from] Stealth Rock
|move|p1a: Entei|Extreme Speed|p2a: Weezing
|-damage|p2a: Weezing|203\/334
|
|-heal|p2a: Weezing|223\/334|[from] item: Black Sludge
|turn|14
|c|★Lol1z da Fuccboi|are you oh no oh no oh no?
|c|★151forfun|noper
|
|switch|p1a: Celebi|Celebi|196\/404
|move|p2a: Weezing|Toxic Spikes|p1a: Celebi
|-sidestart|p1: Lol1z da Fuccboi|move: Toxic Spikes
|
|-heal|p1a: Celebi|221\/404|[from] item: Leftovers
|-heal|p2a: Weezing|243\/334|[from] item: Black Sludge
|turn|15
|
|switch|p2a: Nidoqueen|Nidoqueen, F|346\/346
|-damage|p2a: Nidoqueen|325\/346|[from] Stealth Rock
|move|p1a: Celebi|Nasty Plot|p1a: Celebi
|-boost|p1a: Celebi|spa|2
|
|-heal|p1a: Celebi|246\/404|[from] item: Leftovers
|turn|16
|
|move|p1a: Celebi|Psychic|p2a: Nidoqueen
|-supereffective|p2a: Nidoqueen
|-damage|p2a: Nidoqueen|0 fnt
|faint|p2a: Nidoqueen
|
|-heal|p1a: Celebi|271\/404|[from] item: Leftovers
|
|switch|p2a: Snorlax|Snorlax, M|286\/461
|-damage|p2a: Snorlax|229\/461|[from] Stealth Rock
|turn|17
|
|move|p1a: Celebi|Giga Drain|p2a: Snorlax
|-damage|p2a: Snorlax|121\/461
|-heal|p1a: Celebi|325\/404|[from] drain|[of] p2a: Snorlax
|move|p2a: Snorlax|Crunch|p1a: Celebi
|-crit|p1a: Celebi
|-supereffective|p1a: Celebi
|-damage|p1a: Celebi|17\/404
|
|-heal|p1a: Celebi|42\/404|[from] item: Leftovers
|turn|18
|
|move|p1a: Celebi|U-turn|p2a: Snorlax
|-damage|p2a: Snorlax|63\/461
|
|switch|p1a: Forretress|Forretress, M|153\/354
|move|p2a: Snorlax|Crunch|p1a: Forretress
|-damage|p1a: Forretress|100\/354
|
|-heal|p1a: Forretress|122\/354|[from] item: Leftovers
|turn|19
|
|switch|p2a: Blastoise|Blastoise-Mega, F|248\/362
|-damage|p2a: Blastoise|203\/362|[from] Stealth Rock
|move|p1a: Forretress|Spikes|p2a: Blastoise
|-sidestart|p2: 151forfun|Spikes
|
|-heal|p1a: Forretress|144\/354|[from] item: Leftovers
|turn|20
|
|move|p2a: Blastoise|Dark Pulse|p1a: Forretress
|-damage|p1a: Forretress|0 fnt
|faint|p1a: Forretress
|
|
|switch|p1a: Mienshao|Mienshao, M|178\/271
|-status|p1a: Mienshao|psn
|turn|21
|
|switch|p2a: Snorlax|Snorlax, M|63\/461
|-damage|p2a: Snorlax|6\/461|[from] Spikes
|-damage|p2a: Snorlax|0 fnt|[from] Stealth Rock
|faint|p2a: Snorlax
|move|p1a: Mienshao|High Jump Kick|p2: Snorlax|[notarget]
|-notarget
|
|-damage|p1a: Mienshao|145\/271 psn|[from] psn
|
|switch|p2a: Alakazam|Alakazam, M|252\/252
|turn|22
|
|switch|p1a: Entei|Entei, shiny|372\/372
|-status|p1a: Entei|psn
|-ability|p1a: Entei|Pressure
|move|p2a: Alakazam|Psyshock|p1a: Entei
|-damage|p1a: Entei|210\/372 psn
|
|-damage|p1a: Entei|164\/372 psn|[from] psn
|turn|23
|
|move|p2a: Alakazam|Psyshock|p1a: Entei
|-damage|p1a: Entei|1\/372 psn
|move|p1a: Entei|Stone Edge|p2a: Alakazam
|-enditem|p2a: Alakazam|Focus Sash
|-damage|p2a: Alakazam|1\/252
|
|-damage|p1a: Entei|0 fnt|[from] psn
|faint|p1a: Entei
|
|switch|p1a: Mienshao|Mienshao, M|235\/271 psn
|turn|24
|
|switch|p2a: Weezing|Weezing, M|243\/334
|-damage|p2a: Weezing|202\/334|[from] Stealth Rock
|move|p1a: Mienshao|Knock Off|p2a: Weezing
|-damage|p2a: Weezing|106\/334
|-enditem|p2a: Weezing|Black Sludge|[from] move: Knock Off|[of] p1a: Mienshao
|-damage|p1a: Mienshao|208\/271 psn|[from] item: Life Orb
|
|-damage|p1a: Mienshao|175\/271 psn|[from] psn
|turn|25
|
|move|p1a: Mienshao|High Jump Kick|p2a: Weezing
|-resisted|p2a: Weezing
|-damage|p2a: Weezing|18\/334
|-damage|p1a: Mienshao|148\/271 psn|[from] item: Life Orb
|move|p2a: Weezing|Sludge Bomb|p1a: Mienshao
|-damage|p1a: Mienshao|13\/271 psn
|
|-damage|p1a: Mienshao|0 fnt|[from] psn
|faint|p1a: Mienshao
|-message|Lol1z da Fuccboi forfeited.
|leave|Lol1z da Fuccboi
|c|★151forfun|gg. sorry for early hax
|
|win|151forfun
|raw|Ladder updating...
|player|p1
|raw|Lol1z da Fuccboi's rating: 1697 &rarr; <strong>1668<\/strong><br \/>(-29 for losing)
|raw|151forfun's rating: 1528 &rarr; <strong>1557<\/strong><br \/>(+29 for winning)