|join|Lol1z da Fuccboi
|join|oh no oh no
|player|p1|Lol1z da Fuccboi|169
|player|p2|oh no oh no|157
|gametype|singles
|gen|6
|tier|UU
|rated
|rule|Sleep Clause Mod: Limit one foe put to sleep
|rule|Species Clause: Limit one of each Pokémon
|rule|OHKO Clause: OHKO moves are banned
|rule|Moody Clause: Moody is banned
|rule|Evasion Moves Clause: Evasion moves are banned
|rule|Endless Battle Clause: Forcing endless battles is banned
|rule|HP Percentage Mod: HP is shown in percentages
|clearpoke
|poke|p1|Swampert, M
|poke|p1|Celebi
|poke|p1|Entei, shiny
|poke|p1|Forretress, M
|poke|p1|Mienshao, F
|poke|p1|Hydreigon, F
|poke|p2|Weezing, M
|poke|p2|Forretress, F
|poke|p2|Suicune
|poke|p2|Celebi
|poke|p2|Blissey, F
|poke|p2|Spiritomb, F
|rule|Swagger Clause: Swagger is banned
|rule|Baton Pass Clause: Limit one Pokémon knowing Baton Pass
|teampreview
|
|start
|switch|p1a: Entei|Entei, shiny|372\/372
|switch|p2a: m8|Celebi|403\/403
|-ability|p1a: Entei|Pressure
|turn|1
|
|switch|p2a: m9|Suicune|404\/404
|-ability|p2a: m9|Pressure
|move|p1a: Entei|Toxic|p2a: m9
|-status|p2a: m9|tox
|
|-damage|p2a: m9|379\/404 tox|[from] psn
|turn|2
|
|switch|p1a: Swampert|Swampert, M|404\/404
|move|p2a: m9|Scald|p1a: Swampert
|-damage|p1a: Swampert|332\/404
|
|-heal|p2a: m9|404\/404 tox|[from] item: Leftovers
|-heal|p1a: Swampert|357\/404|[from] item: Leftovers
|-damage|p2a: m9|354\/404 tox|[from] psn
|turn|3
|
|switch|p2a: m8|Celebi|403\/403
|move|p1a: Swampert|Stealth Rock|p2a: m8
|-sidestart|p2: oh no oh no|move: Stealth Rock
|
|-heal|p1a: Swampert|382\/404|[from] item: Leftovers
|turn|4
|
|switch|p1a: Hydreigon|Hydreigon, F|325\/325
|move|p2a: m8|Stealth Rock|p1a: Hydreigon
|-sidestart|p1: Lol1z da Fuccboi|move: Stealth Rock
|
|turn|5
|
|switch|p2a: m9|Blissey, F|657\/657
|-damage|p2a: m9|575\/657|[from] Stealth Rock
|move|p1a: Hydreigon|U-turn|p2a: m9
|-damage|p2a: m9|473\/657
|
|switch|p1a: Mienshao|Mienshao, F|271\/271
|-damage|p1a: Mienshao|255\/271|[from] Stealth Rock
|
|-heal|p2a: m9|514\/657|[from] item: Leftovers
|turn|6
|
|move|p2a: m9|Protect|p2a: m9
|-singleturn|p2a: m9|Protect
|move|p1a: Mienshao|Knock Off|p2a: m9
|-activate|p2a: m9|Protect
|
|-heal|p2a: m9|555\/657|[from] item: Leftovers
|turn|7
|
|switch|p2a: m8|Weezing, M|333\/333
|-damage|p2a: m8|292\/333|[from] Stealth Rock
|move|p1a: Mienshao|High Jump Kick|p2a: m8
|-resisted|p2a: m8
|-damage|p2a: m8|195\/333
|-damage|p1a: Mienshao|228\/271|[from] item: Life Orb
|
|-heal|p2a: m8|215\/333|[from] item: Leftovers
|turn|8
|
|move|p1a: Mienshao|U-turn|p2a: m8
|-resisted|p2a: m8
|-damage|p2a: m8|180\/333
|-damage|p1a: Mienshao|201\/271|[from] item: Life Orb
|
|switch|p1a: Celebi|Celebi|404\/404
|-damage|p1a: Celebi|354\/404|[from] Stealth Rock
|move|p2a: m8|Will-O-Wisp|p1a: Celebi
|-status|p1a: Celebi|brn
|
|-heal|p1a: Celebi|379\/404 brn|[from] item: Leftovers
|-heal|p2a: m8|200\/333|[from] item: Leftovers
|-damage|p1a: Celebi|329\/404 brn|[from] brn
|turn|9
|
|switch|p2a: m9|Forretress, F|354\/354
|-damage|p2a: m9|310\/354|[from] Stealth Rock
|move|p1a: Celebi|Nasty Plot|p1a: Celebi
|-boost|p1a: Celebi|spa|2
|
|-heal|p1a: Celebi|354\/404 brn|[from] item: Leftovers
|-heal|p2a: m9|332\/354|[from] item: Leftovers
|-damage|p1a: Celebi|304\/404 brn|[from] brn
|turn|10
|
|move|p1a: Celebi|Psychic|p2a: m9
|-resisted|p2a: m9
|-damage|p2a: m9|187\/354
|move|p2a: m9|Rapid Spin|p1a: Celebi
|-damage|p1a: Celebi|288\/404 brn
|-sideend|p2: oh no oh no|Stealth Rock|[from] move: Rapid Spin|[of] p2a: m9
|
|-heal|p1a: Celebi|313\/404 brn|[from] item: Leftovers
|-heal|p2a: m9|209\/354|[from] item: Leftovers
|-damage|p1a: Celebi|263\/404 brn|[from] brn
|turn|11
|
|switch|p2a: m8|Spiritomb, F|304\/304
|move|p1a: Celebi|U-turn|p2a: m8
|-damage|p2a: m8|278\/304
|
|switch|p1a: Entei|Entei, shiny|372\/372
|-damage|p1a: Entei|279\/372|[from] Stealth Rock
|-ability|p1a: Entei|Pressure
|
|-heal|p2a: m8|297\/304|[from] item: Leftovers
|turn|12
|
|switch|p2a: m9|Suicune|354\/404 tox
|-ability|p2a: m9|Pressure
|move|p1a: Entei|Sacred Fire|p2a: m9
|-resisted|p2a: m9
|-damage|p2a: m9|262\/404 tox
|
|-heal|p2a: m9|287\/404 tox|[from] item: Leftovers
|-damage|p2a: m9|262\/404 tox|[from] psn
|turn|13
|
|switch|p1a: Swampert|Swampert, M|382\/404
|-damage|p1a: Swampert|357\/404|[from] Stealth Rock
|move|p2a: m9|Rest|p2a: m9
|-status|p2a: m9|slp
|-heal|p2a: m9|404\/404 slp|[silent]
|-status|p2a: m9|slp|[from] move: Rest
|
|-heal|p1a: Swampert|382\/404|[from] item: Leftovers
|turn|14
|
|cant|p2a: m9|slp
|move|p2a: m9|Sleep Talk|p2a: m9
|move|p2a: m9|Scald|p1a: Swampert|[from]Sleep Talk
|-damage|p1a: Swampert|318\/404
|move|p1a: Swampert|Stealth Rock|p2a: m9
|-sidestart|p2: oh no oh no|move: Stealth Rock
|
|-heal|p1a: Swampert|343\/404|[from] item: Leftovers
|turn|15
|
|switch|p1a: Celebi|Celebi|263\/404
|-damage|p1a: Celebi|213\/404|[from] Stealth Rock
|cant|p2a: m9|slp
|move|p2a: m9|Sleep Talk|p2a: m9
|move|p2a: m9|Rest|p2a: m9|[from]Sleep Talk
|-fail|p2a: m9
|
|-heal|p1a: Celebi|238\/404|[from] item: Leftovers
|turn|16
|
|switch|p2a: m9|Blissey, F|555\/657
|-damage|p2a: m9|473\/657|[from] Stealth Rock
|move|p1a: Celebi|Nasty Plot|p1a: Celebi
|-boost|p1a: Celebi|spa|2
|
|-heal|p1a: Celebi|263\/404|[from] item: Leftovers
|-heal|p2a: m9|514\/657|[from] item: Leftovers
|turn|17
|
|move|p1a: Celebi|Giga Drain|p2a: m9
|-damage|p2a: m9|397\/657
|-heal|p1a: Celebi|322\/404|[from] drain|[of] p2a: m9
|move|p2a: m9|Toxic|p1a: Celebi
|-status|p1a: Celebi|tox
|
|-heal|p1a: Celebi|347\/404 tox|[from] item: Leftovers
|-heal|p2a: m9|438\/657|[from] item: Leftovers
|-damage|p1a: Celebi|322\/404 tox|[from] psn
|turn|18
|
|move|p1a: Celebi|U-turn|p2a: m9
|-damage|p2a: m9|333\/657
|
|switch|p1a: Mienshao|Mienshao, F|271\/271
|-damage|p1a: Mienshao|255\/271|[from] Stealth Rock
|move|p2a: m9|Wish|p2a: m9
|
|-heal|p2a: m9|374\/657|[from] item: Leftovers
|turn|19
|
|switch|p2a: m9|Forretress, F|209\/354
|-damage|p2a: m9|165\/354|[from] Stealth Rock
|move|p1a: Mienshao|Knock Off|p2a: m9
|-damage|p2a: m9|75\/354
|-enditem|p2a: m9|Leftovers|[from] move: Knock Off|[of] p1a: Mienshao
|-damage|p1a: Mienshao|228\/271|[from] item: Life Orb
|
|-heal|p2a: m9|354\/354|[from] move: Wish|[wisher] m9
|turn|20
|
|move|p1a: Mienshao|High Jump Kick|p2a: m9
|-damage|p2a: m9|190\/354
|-damage|p1a: Mienshao|201\/271|[from] item: Life Orb
|move|p2a: m9|Spikes|p1a: Mienshao
|-sidestart|p1: Lol1z da Fuccboi|Spikes
|
|turn|21
|
|move|p1a: Mienshao|High Jump Kick|p2a: m9
|-damage|p2a: m9|15\/354
|-damage|p1a: Mienshao|174\/271|[from] item: Life Orb
|move|p2a: m9|Gyro Ball|p1a: Mienshao
|-damage|p1a: Mienshao|6\/271
|
|turn|22
|
|switch|p1a: Hydreigon|Hydreigon, F|325\/325
|-damage|p1a: Hydreigon|285\/325|[from] Stealth Rock
|move|p2a: m9|Spikes|p1a: Hydreigon
|-sidestart|p1: Lol1z da Fuccboi|Spikes
|
|turn|23
|
|move|p1a: Hydreigon|Dark Pulse|p2a: m9
|-crit|p2a: m9
|-damage|p2a: m9|0 fnt
|faint|p2a: m9
|
|
|switch|p2a: m9|Blissey, F|374\/657
|-damage|p2a: m9|292\/657|[from] Stealth Rock
|turn|24
|
|switch|p1a: Forretress|Forretress, M|354\/354
|-damage|p1a: Forretress|295\/354|[from] Spikes
|-damage|p1a: Forretress|251\/354|[from] Stealth Rock
|move|p2a: m9|Seismic Toss|p1a: Forretress
|-damage|p1a: Forretress|151\/354
|
|-heal|p2a: m9|333\/657|[from] item: Leftovers
|-heal|p1a: Forretress|173\/354|[from] item: Leftovers
|turn|25
|
|switch|p2a: m8|Spiritomb, F|297\/304
|-damage|p2a: m8|259\/304|[from] Stealth Rock
|move|p1a: Forretress|Spikes|p2a: m8
|-sidestart|p2: oh no oh no|Spikes
|
|-heal|p2a: m8|278\/304|[from] item: Leftovers
|-heal|p1a: Forretress|195\/354|[from] item: Leftovers
|turn|26
|
|move|p2a: m8|Will-O-Wisp|p1a: Forretress
|-status|p1a: Forretress|brn
|move|p1a: Forretress|Spikes|p2a: m8
|-sidestart|p2: oh no oh no|Spikes
|
|-heal|p2a: m8|297\/304|[from] item: Leftovers
|-heal|p1a: Forretress|217\/354 brn|[from] item: Leftovers
|-damage|p1a: Forretress|173\/354 brn|[from] brn
|turn|27
|
|move|p2a: m8|Foul Play|p1a: Forretress
|-damage|p1a: Forretress|119\/354 brn
|move|p1a: Forretress|Spikes|p2a: m8
|-sidestart|p2: oh no oh no|Spikes
|
|-heal|p2a: m8|304\/304|[from] item: Leftovers
|-heal|p1a: Forretress|141\/354 brn|[from] item: Leftovers
|-damage|p1a: Forretress|97\/354 brn|[from] brn
|turn|28
|
|move|p2a: m8|Foul Play|p1a: Forretress
|-crit|p1a: Forretress
|-damage|p1a: Forretress|15\/354 brn
|move|p1a: Forretress|Volt Switch|p2a: m8
|-damage|p2a: m8|279\/304
|
|switch|p1a: Hydreigon|Hydreigon, F|285\/325
|-damage|p1a: Hydreigon|245\/325|[from] Stealth Rock
|
|-heal|p2a: m8|298\/304|[from] item: Leftovers
|turn|29
|
|move|p1a: Hydreigon|Dark Pulse|p2a: m8
|-damage|p2a: m8|205\/304
|cant|p2a: m8|flinch
|
|-heal|p2a: m8|224\/304|[from] item: Leftovers
|turn|30
|
|move|p1a: Hydreigon|Dark Pulse|p2a: m8
|-damage|p2a: m8|131\/304
|move|p2a: m8|Will-O-Wisp|p1a: Hydreigon
|-status|p1a: Hydreigon|brn
|
|-heal|p2a: m8|150\/304|[from] item: Leftovers
|-damage|p1a: Hydreigon|205\/325 brn|[from] brn
|turn|31
|
|move|p1a: Hydreigon|Dark Pulse|p2a: m8
|-damage|p2a: m8|51\/304
|move|p2a: m8|Rest|p2a: m8
|-status|p2a: m8|slp
|-heal|p2a: m8|304\/304 slp|[silent]
|-status|p2a: m8|slp|[from] move: Rest
|
|-damage|p1a: Hydreigon|165\/325 brn|[from] brn
|turn|32
|
|move|p1a: Hydreigon|Dark Pulse|p2a: m8
|-damage|p2a: m8|202\/304 slp
|cant|p2a: m8|slp
|cant|p2a: m8|flinch
|
|-heal|p2a: m8|221\/304 slp|[from] item: Leftovers
|-damage|p1a: Hydreigon|125\/325 brn|[from] brn
|turn|33
|
|switch|p1a: Swampert|Swampert, M|343\/404
|-damage|p1a: Swampert|276\/404|[from] Spikes
|-damage|p1a: Swampert|251\/404|[from] Stealth Rock
|cant|p2a: m8|slp
|move|p2a: m8|Sleep Talk|p2a: m8
|move|p2a: m8|Will-O-Wisp|p1a: Swampert|[from]Sleep Talk
|-status|p1a: Swampert|brn
|
|-heal|p1a: Swampert|276\/404 brn|[from] item: Leftovers
|-heal|p2a: m8|240\/304 slp|[from] item: Leftovers
|-damage|p1a: Swampert|226\/404 brn|[from] brn
|turn|34
|
|move|p1a: Swampert|Scald|p2a: m8
|-damage|p2a: m8|186\/304 slp
|-curestatus|p2a: m8|slp
|move|p2a: m8|Foul Play|p1a: Swampert
|-crit|p1a: Swampert
|-damage|p1a: Swampert|27\/404 brn
|
|-heal|p1a: Swampert|52\/404 brn|[from] item: Leftovers
|-heal|p2a: m8|205\/304|[from] item: Leftovers
|-damage|p1a: Swampert|2\/404 brn|[from] brn
|turn|35
|
|move|p1a: Swampert|Scald|p2a: m8
|-damage|p2a: m8|126\/304
|-status|p2a: m8|brn
|move|p2a: m8|Rest|p2a: m8
|-status|p2a: m8|slp
|-heal|p2a: m8|304\/304 slp|[silent]
|-status|p2a: m8|slp|[from] move: Rest
|
|-heal|p1a: Swampert|27\/404 brn|[from] item: Leftovers
|-damage|p1a: Swampert|0 fnt|[from] brn
|faint|p1a: Swampert
|
|switch|p1a: Celebi|Celebi|322\/404
|-damage|p1a: Celebi|272\/404|[from] Stealth Rock
|-damage|p1a: Celebi|205\/404|[from] Spikes
|turn|36
|
|move|p1a: Celebi|Nasty Plot|p1a: Celebi
|-boost|p1a: Celebi|spa|2
|cant|p2a: m8|slp
|move|p2a: m8|Sleep Talk|p2a: m8
|move|p2a: m8|Foul Play|p1a: Celebi|[from]Sleep Talk
|-supereffective|p1a: Celebi
|-damage|p1a: Celebi|0 fnt
|faint|p1a: Celebi
|
|
|switch|p1a: Entei|Entei, shiny|279\/372
|-damage|p1a: Entei|186\/372|[from] Stealth Rock
|-damage|p1a: Entei|124\/372|[from] Spikes
|-ability|p1a: Entei|Pressure
|turn|37
|
|switch|p2a: m9|Suicune|404\/404 slp
|-damage|p2a: m9|354\/404 slp|[from] Stealth Rock
|-damage|p2a: m9|253\/404 slp|[from] Spikes
|-ability|p2a: m9|Pressure
|move|p1a: Entei|Sacred Fire|p2a: m9
|-resisted|p2a: m9
|-damage|p2a: m9|161\/404 slp
|
|-heal|p2a: m9|186\/404 slp|[from] item: Leftovers
|turn|38
|
|move|p1a: Entei|Sacred Fire|p2a: m9
|-resisted|p2a: m9
|-damage|p2a: m9|96\/404 slp
|-curestatus|p2a: m9|slp
|move|p2a: m9|Sleep Talk|p2a: m9
|-fail|p2a: m9
|
|-heal|p2a: m9|121\/404|[from] item: Leftovers
|turn|39
|c|★Lol1z da Fuccboi|gg
|c|★oh no oh no|gg
|-message|Lol1z da Fuccboi forfeited.
|leave|Lol1z da Fuccboi
|
|win|oh no oh no
|raw|Ladder updating...
|player|p1
|raw|Lol1z da Fuccboi's rating: 1663 &rarr; <strong>1639<\/strong><br \/>(-24 for losing)
|raw|oh no oh no's rating: 1592 &rarr; <strong>1616<\/strong><br \/>(+24 for winning)