|join|Stone kick m8
|join|Meroz
|player|p1|Stone kick m8|102
|player|p2|Meroz|92
|gametype|singles
|gen|6
|tier|OU
|rated
|clearpoke
|poke|p1|Lopunny, F
|poke|p1|Bisharp, M
|poke|p1|Ferrothorn, F
|poke|p1|Latios, M
|poke|p1|Rotom-Wash
|poke|p1|Landorus-Therian, M
|poke|p2|Venusaur, M
|poke|p2|Charizard, M
|poke|p2|Tyranitar, M
|poke|p2|Excadrill, F
|poke|p2|Ferrothorn, F
|poke|p2|Keldeo
|rule|Swagger Clause: Swagger is banned
|rule|Baton Pass Clause: Limit one Pokémon knowing Baton Pass
|rule|Sleep Clause Mod: Limit one foe put to sleep
|rule|Species Clause: Limit one of each Pokémon
|rule|OHKO Clause: OHKO moves are banned
|rule|Moody Clause: Moody is banned
|rule|Evasion Moves Clause: Evasion moves are banned
|rule|Endless Battle Clause: Forcing endless battles is banned
|rule|HP Percentage Mod: HP is shown in percentages
|teampreview
|
|start
|switch|p1a: Lopunny|Lopunny, F|271\/271
|switch|p2a: Charizard|Charizard, M|297\/297
|turn|1
|
|detailschange|p1a: Lopunny|Lopunny-Mega, F
|-mega|p1a: Lopunny|Lopunny|Lopunnite
|detailschange|p2a: Charizard|Charizard-Mega-Y, M
|-mega|p2a: Charizard|Charizard|Charizardite Y
|-weather|SunnyDay
|move|p1a: Lopunny|Fake Out|p2a: Charizard
|-damage|p2a: Charizard|210\/297
|cant|p2a: Charizard|flinch
|
|-weather|SunnyDay|[upkeep]
|turn|2
|
|switch|p2a: Ferrothorn|Ferrothorn, F|352\/352
|move|p1a: Lopunny|Return|p2a: Ferrothorn
|-resisted|p2a: Ferrothorn
|-damage|p2a: Ferrothorn|293\/352
|-damage|p1a: Lopunny|238\/271|[from] ability: Iron Barbs|[of] p2a: Ferrothorn
|
|-weather|SunnyDay|[upkeep]
|-heal|p2a: Ferrothorn|315\/352|[from] item: Leftovers
|turn|3
|
|switch|p1a: Bisharp|Bisharp, M|271\/271
|switch|p2a: Venusaur|Venusaur, M|301\/301
|
|-weather|SunnyDay|[upkeep]
|turn|4
|
|move|p2a: Venusaur|Hidden Power|p1a: Bisharp
|-supereffective|p1a: Bisharp
|-damage|p1a: Bisharp|0 fnt
|-damage|p2a: Venusaur|271\/301|[from] item: Life Orb
|faint|p1a: Bisharp
|
|-weather|SunnyDay|[upkeep]
|
|switch|p1a: Latios|Latios, M|301\/301
|turn|5
|
|switch|p1a: Lopunny|Lopunny-Mega, F|238\/271
|move|p2a: Venusaur|Sludge Bomb|p1a: Lopunny
|-damage|p1a: Lopunny|26\/271
|-status|p1a: Lopunny|psn
|-damage|p2a: Venusaur|241\/301|[from] item: Life Orb
|
|-weather|none
|-damage|p1a: Lopunny|0 fnt|[from] psn
|faint|p1a: Lopunny
|-message|Stone kick m8 forfeited.
|
|win|Meroz
|raw|Ladder updating...
|leave|Stone kick m8
|player|p1
|raw|Stone kick m8's rating: 1599 &rarr; <strong>1578<\/strong><br \/>(-21 for losing)
|raw|Meroz's rating: 1581 &rarr; <strong>1602<\/strong><br \/>(+21 for winning)
|leave|Meroz
|player|p2
|join|Meroz