|join|ekanen
|join|SL) VetDancX
|player|p1|ekanen|145
|player|p2|SL) VetDancX|153
|gametype|singles
|gen|6
|tier|OU
|rated
|clearpoke
|poke|p1|Gardevoir, F
|poke|p1|Keldeo
|poke|p1|Mandibuzz, F
|poke|p1|Ferrothorn, F
|poke|p1|Thundurus, M
|poke|p1|Landorus-Therian, M
|poke|p2|Talonflame, F
|poke|p2|Excadrill, M
|poke|p2|Tyranitar, F
|poke|p2|Dragonite, M
|poke|p2|Pinsir, M
|poke|p2|Gyarados, F
|rule|Swagger Clause: Swagger is banned
|rule|Baton Pass Clause: Limit one Pokémon knowing Baton Pass
|rule|Sleep Clause Mod: Limit one foe put to sleep
|rule|Species Clause: Limit one of each Pokémon
|rule|OHKO Clause: OHKO moves are banned
|rule|Moody Clause: Moody is banned
|rule|Evasion Moves Clause: Evasion moves are banned
|rule|Endless Battle Clause: Forcing endless battles is banned
|rule|HP Percentage Mod: HP is shown in percentages
|teampreview
|
|start
|switch|p1a: Keldeo|Keldeo|323\/323
|switch|p2a: Scarf|Tyranitar, F|341\/341
|-weather|Sandstorm
|turn|1
|
|move|p1a: Keldeo|Scald|p2a: Scarf
|-supereffective|p2a: Scarf
|-damage|p2a: Scarf|57\/341
|move|p2a: Scarf|Stealth Rock|p1a: Keldeo
|-sidestart|p1: ekanen|move: Stealth Rock
|
|-weather|Sandstorm|[upkeep]
|-damage|p1a: Keldeo|303\/323|[from] sandstorm
|turn|2
|
|move|p1a: Keldeo|Scald|p2a: Scarf
|-supereffective|p2a: Scarf
|-damage|p2a: Scarf|0 fnt
|faint|p2a: Scarf
|
|-weather|Sandstorm|[upkeep]
|-damage|p1a: Keldeo|283\/323|[from] sandstorm
|
|switch|p2a: )|Talonflame, F|298\/298
|turn|3
|
|switch|p1a: Mandibuzz|Mandibuzz, F|423\/423
|-damage|p1a: Mandibuzz|318\/423|[from] Stealth Rock
|move|p2a: )|Brave Bird|p1a: Mandibuzz
|-damage|p1a: Mandibuzz|114\/423
|-damage|p2a: )|249\/298|[from] item: Rocky Helmet|[of] p1a: Mandibuzz
|-damage|p2a: )|182\/298|[from] recoil|[of] p1a: Mandibuzz
|
|-weather|Sandstorm|[upkeep]
|-damage|p2a: )|164\/298|[from] sandstorm
|turn|4
|
|move|p2a: )|Brave Bird|p1a: Mandibuzz
|-crit|p1a: Mandibuzz
|-damage|p1a: Mandibuzz|0 fnt
|-damage|p2a: )|115\/298|[from] item: Rocky Helmet|[of] p1a: Mandibuzz
|-damage|p2a: )|77\/298|[from] recoil|[of] p1a: Mandibuzz
|faint|p1a: Mandibuzz
|
|-weather|Sandstorm|[upkeep]
|-damage|p2a: )|59\/298|[from] sandstorm
|
|switch|p1a: Ferrothorn|Ferrothorn, F|352\/352
|-damage|p1a: Ferrothorn|330\/352|[from] Stealth Rock
|turn|5
|
|move|p2a: )|Brave Bird|p1a: Ferrothorn
|-damage|p1a: Ferrothorn|140\/352
|-damage|p2a: )|22\/298|[from] ability: Iron Barbs|[of] p1a: Ferrothorn
|-damage|p2a: )|0 fnt|[from] recoil|[of] p1a: Ferrothorn
|faint|p2a: )
|move|p1a: Ferrothorn|Stealth Rock|p2: )
|-sidestart|p2: SL) VetDancX|move: Stealth Rock
|
|-weather|none
|-heal|p1a: Ferrothorn|162\/352|[from] item: Leftovers
|
|switch|p2a: Excabron|Excadrill, M|362\/362
|-damage|p2a: Excabron|351\/362|[from] Stealth Rock
|turn|6
|
|move|p2a: Excabron|Rapid Spin|p1a: Ferrothorn
|-resisted|p1a: Ferrothorn
|-damage|p1a: Ferrothorn|150\/352
|-damage|p2a: Excabron|306\/362|[from] ability: Iron Barbs|[of] p1a: Ferrothorn
|-sideend|p2: SL) VetDancX|Stealth Rock|[from] move: Rapid Spin|[of] p2a: Excabron
|-damage|p2a: Excabron|270\/362|[from] item: Life Orb
|move|p1a: Ferrothorn|Stealth Rock|p2a: Excabron
|-sidestart|p2: SL) VetDancX|move: Stealth Rock
|
|-heal|p1a: Ferrothorn|172\/352|[from] item: Leftovers
|turn|7
|
|move|p2a: Excabron|Earthquake|p1a: Ferrothorn
|-damage|p1a: Ferrothorn|0 fnt
|-damage|p2a: Excabron|234\/362|[from] item: Life Orb
|faint|p1a: Ferrothorn
|
|
|switch|p1a: Keldeo|Keldeo|283\/323
|-damage|p1a: Keldeo|263\/323|[from] Stealth Rock
|turn|8
|
|move|p1a: Keldeo|Scald|p2a: Excabron
|-supereffective|p2a: Excabron
|-damage|p2a: Excabron|0 fnt
|faint|p2a: Excabron
|
|
|switch|p2a: VetDancX|Gyarados, F|332\/332
|-damage|p2a: VetDancX|249\/332|[from] Stealth Rock
|turn|9
|
|move|p1a: Keldeo|Scald|p2a: VetDancX
|-resisted|p2a: VetDancX
|-damage|p2a: VetDancX|146\/332
|move|p2a: VetDancX|Dragon Dance|p2a: VetDancX
|-boost|p2a: VetDancX|atk|1
|-boost|p2a: VetDancX|spe|1
|
|turn|10
|
|move|p2a: VetDancX|Dragon Dance|p2a: VetDancX
|-boost|p2a: VetDancX|atk|1
|-boost|p2a: VetDancX|spe|1
|move|p1a: Keldeo|Scald|p2a: VetDancX
|-resisted|p2a: VetDancX
|-damage|p2a: VetDancX|43\/332
|
|turn|11
|
|move|p2a: VetDancX|Earthquake|p1a: Keldeo
|-damage|p1a: Keldeo|0 fnt
|faint|p1a: Keldeo
|-boost|p2a: VetDancX|atk|1|[from] ability: Moxie
|
|
|switch|p1a: Thundurus|Thundurus, M|299\/299
|-damage|p1a: Thundurus|225\/299|[from] Stealth Rock
|turn|12
|
|move|p1a: Thundurus|Thunder Wave|p2a: VetDancX
|-status|p2a: VetDancX|par
|-enditem|p2a: VetDancX|Lum Berry|[eat]
|-curestatus|p2a: VetDancX|par
|move|p2a: VetDancX|Waterfall|p1a: Thundurus
|-damage|p1a: Thundurus|0 fnt
|faint|p1a: Thundurus
|-boost|p2a: VetDancX|atk|1|[from] ability: Moxie
|
|-message|ekanen forfeited.
|
|win|SL) VetDancX
|raw|Ladder updating...
|leave|ekanen
|player|p1