|join|Reverb
|join|naneek
|player|p1|Reverb|#reverb
|player|p2|naneek|175
|gametype|singles
|gen|6
|tier|OU
|rated
|clearpoke
|poke|p1|Empoleon, F
|poke|p1|Tyranitar, F
|poke|p1|Charizard, F
|poke|p1|Keldeo
|poke|p1|Kyurem-Black
|poke|p1|Landorus-Therian, M
|poke|p2|Metagross
|poke|p2|Thundurus, M
|poke|p2|Landorus-Therian, M
|poke|p2|Keldeo-Resolute
|poke|p2|Latios, M
|poke|p2|Rotom-Wash
|rule|Swagger Clause: Swagger is banned
|rule|Baton Pass Clause: Limit one Pokémon knowing Baton Pass
|rule|Sleep Clause Mod: Limit one foe put to sleep
|rule|Species Clause: Limit one of each Pokémon
|rule|OHKO Clause: OHKO moves are banned
|rule|Moody Clause: Moody is banned
|rule|Evasion Moves Clause: Evasion moves are banned
|rule|Endless Battle Clause: Forcing endless battles is banned
|rule|HP Percentage Mod: HP is shown in percentages
|teampreview
|join|Phlipadelphia
|
|start
|switch|p1a: Charizard|Charizard, F|297\/297
|switch|p2a: Rotom-Wash|Rotom-Wash|303\/303
|turn|1
|join|Dragonite VII
|
|detailschange|p1a: Charizard|Charizard-Mega-Y, F
|message|Charizard has Mega Evolved into Mega Charizard!
|-weather|SunnyDay
|move|p2a: Rotom-Wash|Volt Switch|p1a: Charizard
|-crit|p1a: Charizard
|-supereffective|p1a: Charizard
|-damage|p1a: Charizard|73\/297
|
|switch|p2a: Latios|Latios, M|301\/301
|move|p1a: Charizard|Solar Beam|p2a: Latios|[still]
|-prepare|p1a: Charizard|Solar Beam|p2a: Latios
|-anim|p1a: Charizard|Solar Beam|p2a: Latios
|-resisted|p2a: Latios
|-damage|p2a: Latios|223\/301
|
|-weather|SunnyDay|[upkeep]
|turn|2
|join|Venom GT
|
|move|p2a: Latios|Draco Meteor|p1a: Charizard
|-damage|p1a: Charizard|0 fnt
|-unboost|p2a: Latios|spa|2
|-damage|p2a: Latios|193\/301|[from] item: Life Orb
|faint|p1a: Charizard
|
|-weather|SunnyDay|[upkeep]
|
|switch|p1a: Tyranitar|Tyranitar, F|383\/383
|-weather|Sandstorm
|turn|3
|
|move|p1a: Tyranitar|Pursuit|p2a: Latios|[from]Pursuit
|-supereffective|p2a: Latios
|-damage|p2a: Latios|0 fnt
|faint|p2a: Latios
|
|-weather|Sandstorm|[upkeep]
|join|azogue
|
|switch|p2a: Keldeo-Resolute|Keldeo-Resolute|323\/323
|turn|4
|
|switch|p1a: Landorus-Therian|Landorus-Therian, M|327\/327
|-ability|p1a: Landorus-Therian|Intimidate|[of] p2a: Keldeo-Resolute
|-unboost|p2a: Keldeo-Resolute|atk|1
|move|p2a: Keldeo-Resolute|Substitute|p2a: Keldeo-Resolute
|-start|p2a: Keldeo-Resolute|Substitute
|-damage|p2a: Keldeo-Resolute|243\/323
|
|-weather|Sandstorm|[upkeep]
|-damage|p2a: Keldeo-Resolute|223\/323|[from] sandstorm
|-heal|p2a: Keldeo-Resolute|243\/323|[from] item: Leftovers
|turn|5
|join|fabiohimself
|
|move|p1a: Landorus-Therian|U-turn|p2a: Keldeo-Resolute
|-resisted|p2a: Keldeo-Resolute
|-activate|p2a: Keldeo-Resolute|Substitute|[damage]
|
|switch|p1a: Empoleon|Empoleon, F|372\/372
|move|p2a: Keldeo-Resolute|Scald|p1a: Empoleon
|-resisted|p1a: Empoleon
|-damage|p1a: Empoleon|306\/372
|
|-weather|Sandstorm|[upkeep]
|-damage|p2a: Keldeo-Resolute|223\/323|[from] sandstorm
|-heal|p2a: Keldeo-Resolute|243\/323|[from] item: Leftovers
|-heal|p1a: Empoleon|329\/372|[from] item: Leftovers
|turn|6
|
|move|p2a: Keldeo-Resolute|Secret Sword|p1a: Empoleon
|-supereffective|p1a: Empoleon
|-damage|p1a: Empoleon|99\/372
|move|p1a: Empoleon|Roar|p2a: Keldeo-Resolute
|drag|p2a: Metagross|Metagross|301\/301
|
|-weather|Sandstorm|[upkeep]
|-heal|p1a: Empoleon|122\/372|[from] item: Leftovers
|turn|7
|join|GGamer745
|
|detailschange|p2a: Metagross|Metagross-Mega
|message|Metagross has Mega Evolved into Mega Metagross!
|move|p2a: Metagross|Meteor Mash|p1a: Empoleon
|-resisted|p1a: Empoleon
|-damage|p1a: Empoleon|74\/372
|move|p1a: Empoleon|Stealth Rock|p2a: Metagross
|-sidestart|p2: naneek|move: Stealth Rock
|
|-weather|none
|-heal|p1a: Empoleon|97\/372|[from] item: Leftovers
|turn|8
|
|move|p2a: Metagross|Earthquake|p1a: Empoleon
|-supereffective|p1a: Empoleon
|-damage|p1a: Empoleon|0 fnt
|faint|p1a: Empoleon
|
|
|switch|p1a: Landorus-Therian|Landorus-Therian, M|327\/327
|-ability|p1a: Landorus-Therian|Intimidate|[of] p2a: Metagross
|-unboost|p2a: Metagross|atk|1
|turn|9
|
|move|p1a: Landorus-Therian|Earthquake|p2a: Metagross
|-supereffective|p2a: Metagross
|-damage|p2a: Metagross|29\/301
|move|p2a: Metagross|Meteor Mash|p1a: Landorus-Therian
|-damage|p1a: Landorus-Therian|156\/327
|
|turn|10
|
|switch|p1a: Keldeo|Keldeo|323\/323
|switch|p2a: Rotom-Wash|Rotom-Wash|303\/303
|-damage|p2a: Rotom-Wash|266\/303|[from] Stealth Rock
|
|turn|11
|
|move|p2a: Rotom-Wash|Volt Switch|p1a: Keldeo
|-supereffective|p1a: Keldeo
|-damage|p1a: Keldeo|141\/323
|
|switch|p2a: Thundurus|Thundurus, M|299\/299
|-damage|p2a: Thundurus|225\/299|[from] Stealth Rock
|move|p1a: Keldeo|Scald|p2a: Thundurus
|-damage|p2a: Thundurus|0 fnt
|faint|p2a: Thundurus
|
|
|switch|p2a: Keldeo-Resolute|Keldeo-Resolute|243\/323
|-damage|p2a: Keldeo-Resolute|223\/323|[from] Stealth Rock
|turn|12
|
|move|p1a: Keldeo|Scald|p2a: Keldeo-Resolute
|-resisted|p2a: Keldeo-Resolute
|-damage|p2a: Keldeo-Resolute|111\/323
|move|p2a: Keldeo-Resolute|Scald|p1a: Keldeo
|-crit|p1a: Keldeo
|-resisted|p1a: Keldeo
|-damage|p1a: Keldeo|23\/323
|-status|p1a: Keldeo|brn
|
|-heal|p2a: Keldeo-Resolute|131\/323|[from] item: Leftovers
|-damage|p1a: Keldeo|0 fnt|[from] brn
|faint|p1a: Keldeo
|
|switch|p1a: Kyurem-Black|Kyurem-Black|391\/391
|-ability|p1a: Kyurem-Black|Teravolt
|turn|13
|
|switch|p2a: Rotom-Wash|Rotom-Wash|266\/303
|-damage|p2a: Rotom-Wash|229\/303|[from] Stealth Rock
|move|p1a: Kyurem-Black|Fusion Bolt|p2a: Rotom-Wash
|-damage|p2a: Rotom-Wash|95\/303
|
|turn|14
|
|move|p1a: Kyurem-Black|Fusion Bolt|p2a: Rotom-Wash
|-damage|p2a: Rotom-Wash|0 fnt
|faint|p2a: Rotom-Wash
|
|
|switch|p2a: Landorus-Therian|Landorus-Therian, M|381\/381
|-damage|p2a: Landorus-Therian|334\/381|[from] Stealth Rock
|-ability|p2a: Landorus-Therian|Intimidate|[of] p1a: Kyurem-Black
|-unboost|p1a: Kyurem-Black|atk|1
|turn|15
|
|switch|p1a: Landorus-Therian|Landorus-Therian, M|156\/327
|-ability|p1a: Landorus-Therian|Intimidate|[of] p2a: Landorus-Therian
|-unboost|p2a: Landorus-Therian|atk|1
|move|p2a: Landorus-Therian|Stealth Rock|p1a: Landorus-Therian
|-sidestart|p1: Reverb|move: Stealth Rock
|
|-heal|p2a: Landorus-Therian|357\/381|[from] item: Leftovers
|turn|16
|
|move|p1a: Landorus-Therian|Explosion|p2a: Landorus-Therian
|-damage|p2a: Landorus-Therian|130\/381
|faint|p1a: Landorus-Therian
|move|p2a: Landorus-Therian|Knock Off|p1: Landorus-Therian|[notarget]
|-notarget
|
|-heal|p2a: Landorus-Therian|153\/381|[from] item: Leftovers
|
|switch|p1a: Kyurem-Black|Kyurem-Black|391\/391
|-damage|p1a: Kyurem-Black|294\/391|[from] Stealth Rock
|-ability|p1a: Kyurem-Black|Teravolt
|turn|17
|
|move|p1a: Kyurem-Black|Outrage|p2a: Landorus-Therian
|-damage|p2a: Landorus-Therian|0 fnt
|faint|p2a: Landorus-Therian
|
|
|switch|p2a: Metagross|Metagross-Mega|29\/301
|-damage|p2a: Metagross|11\/301|[from] Stealth Rock
|turn|18
|
|move|p2a: Metagross|Bullet Punch|p1a: Kyurem-Black
|-supereffective|p1a: Kyurem-Black
|-damage|p1a: Kyurem-Black|78\/391
|move|p1a: Kyurem-Black|Outrage|p2a: Metagross
|-resisted|p2a: Metagross
|-damage|p2a: Metagross|0 fnt
|faint|p2a: Metagross
|
|-end|p1a: Kyurem-Black|rampage
|-start|p1a: Kyurem-Black|confusion
|join|crawdauntite
|
|switch|p2a: Keldeo-Resolute|Keldeo-Resolute|131\/323
|-damage|p2a: Keldeo-Resolute|111\/323|[from] Stealth Rock
|turn|19
|c|★Reverb|nice
|c|★Reverb|a 50-50 lol
|
|-activate|p1a: Kyurem-Black|confusion
|move|p1a: Kyurem-Black|Outrage|p2a: Keldeo-Resolute
|-damage|p2a: Keldeo-Resolute|0 fnt
|faint|p2a: Keldeo-Resolute
|
|win|Reverb
|raw|Ladder updating...
|c|★Reverb|gg
|leave|naneek
|player|p2
|join|Flan76
|leave|fabiohimself
|join|fabiohimself
|leave|azogue
|leave|fabiohimself