|join|Modessi
|join|Tipsy Russian
|player|p1|Modessi|148
|player|p2|Tipsy Russian|169
|gametype|singles
|gen|6
|tier|UU
|rated
|rule|Sleep Clause Mod: Limit one foe put to sleep
|rule|Species Clause: Limit one of each Pokémon
|rule|OHKO Clause: OHKO moves are banned
|rule|Moody Clause: Moody is banned
|rule|Evasion Moves Clause: Evasion moves are banned
|rule|Endless Battle Clause: Forcing endless battles is banned
|rule|HP Percentage Mod: HP is reported as percentages
|clearpoke
|poke|p1|Arcanine, M
|poke|p1|Cacturne, M
|poke|p1|Starmie
|poke|p1|Noivern, F, shiny
|poke|p1|Nidoqueen, F
|poke|p1|Lucario, F
|poke|p2|Chesnaught, M
|poke|p2|Victini
|poke|p2|Infernape, F
|poke|p2|Noivern, F
|poke|p2|Tentacruel, M
|poke|p2|Celebi
|rule|Swagger Clause: Swagger is banned
|rule|Baton Pass Clause: Limit one Pokémon knowing Baton Pass
|teampreview
|
|start
|switch|p1a: Noivern|Noivern, F, shiny|311\/311
|switch|p2a: Noivern|Noivern, F|311\/311
|turn|1
|
|move|p2a: Noivern|U-turn|p1a: Noivern
|-crit|p1a: Noivern
|-resisted|p1a: Noivern
|-damage|p1a: Noivern|277\/311
|
|switch|p2a: Tentacruel|Tentacruel, M|364\/364
|move|p1a: Noivern|Draco Meteor|p2a: Tentacruel
|-damage|p2a: Tentacruel|177\/364
|-unboost|p1a: Noivern|spa|2
|
|-heal|p2a: Tentacruel|199\/364|[from] item: Black Sludge
|turn|2
|
|switch|p1a: Starmie|Starmie|261\/261
|move|p2a: Tentacruel|Toxic Spikes|p1a: Starmie
|-sidestart|p1: Modessi|move: Toxic Spikes
|
|-heal|p2a: Tentacruel|221\/364|[from] item: Black Sludge
|turn|3
|
|switch|p2a: Celebi|Celebi|404\/404
|move|p1a: Starmie|Psyshock|p2a: Celebi
|-resisted|p2a: Celebi
|-damage|p2a: Celebi|325\/404
|-damage|p1a: Starmie|235\/261|[from] item: Life Orb
|
|-heal|p2a: Celebi|350\/404|[from] item: Leftovers
|turn|4
|
|switch|p1a: Nidoqueen|Nidoqueen, F|384\/384
|-sideend|p1: Modessi|move: Toxic Spikes|[of] p1a: Nidoqueen
|move|p2a: Celebi|Swords Dance|p2a: Celebi
|-boost|p2a: Celebi|atk|2
|
|-heal|p2a: Celebi|375\/404|[from] item: Leftovers
|turn|5
|
|move|p2a: Celebi|Stealth Rock|p1a: Nidoqueen
|-sidestart|p1: Modessi|move: Stealth Rock
|move|p1a: Nidoqueen|Sludge Wave|p2a: Celebi
|-supereffective|p2a: Celebi
|-damage|p2a: Celebi|183\/404
|
|-heal|p2a: Celebi|208\/404|[from] item: Leftovers
|turn|6
|
|move|p2a: Celebi|Swords Dance|p2a: Celebi
|-boost|p2a: Celebi|atk|2
|move|p1a: Nidoqueen|Sludge Wave|p2a: Celebi
|-supereffective|p2a: Celebi
|-damage|p2a: Celebi|22\/404
|
|-heal|p2a: Celebi|47\/404|[from] item: Leftovers
|turn|7
|
|move|p2a: Celebi|Baton Pass|p2a: Celebi
|
|switch|p2a: Victini|Victini|341\/341
|move|p1a: Nidoqueen|Sludge Wave|p2a: Victini
|-damage|p2a: Victini|224\/341
|
|turn|8
|
|move|p2a: Victini|Zen Headbutt|p1a: Nidoqueen
|-supereffective|p1a: Nidoqueen
|-damage|p1a: Nidoqueen|0 fnt
|faint|p1a: Nidoqueen
|
|
|switch|p1a: Cacturne|Cacturne, M|281\/281
|-damage|p1a: Cacturne|246\/281|[from] Stealth Rock
|turn|9
|
|switch|p2a: Chesnaught|Chesnaught, M|380\/380
|move|p1a: Cacturne|Sucker Punch|p2a: Chesnaught
|-fail|p2a: Chesnaught
|
|turn|10
|
|switch|p1a: Noivern|Noivern, F, shiny|277\/311
|-damage|p1a: Noivern|200\/311|[from] Stealth Rock
|move|p2a: Chesnaught|Toxic|p1a: Noivern
|-status|p1a: Noivern|tox
|
|-damage|p1a: Noivern|181\/311 tox|[from] psn
|turn|11
|
|move|p1a: Noivern|Air Slash|p2a: Chesnaught
|-supereffective|p2a: Chesnaught
|-damage|p2a: Chesnaught|0 fnt
|faint|p2a: Chesnaught
|
|-damage|p1a: Noivern|143\/311 tox|[from] psn
|
|switch|p2a: Noivern|Noivern, F|311\/311
|turn|12
|
|move|p1a: Noivern|Air Slash|p2a: Noivern
|-damage|p2a: Noivern|109\/311
|cant|p2a: Noivern|flinch
|
|-damage|p1a: Noivern|86\/311 tox|[from] psn
|turn|13
|
|move|p1a: Noivern|Air Slash|p2a: Noivern
|-damage|p2a: Noivern|0 fnt
|faint|p2a: Noivern
|
|-damage|p1a: Noivern|10\/311 tox|[from] psn
|chat|Tipsy Russian|fuck
|
|switch|p2a: Tentacruel|Tentacruel, M|221\/364
|turn|14
|
|move|p1a: Noivern|Air Slash|p2a: Tentacruel
|-damage|p2a: Tentacruel|118\/364
|move|p2a: Tentacruel|Scald|p1a: Noivern
|-resisted|p1a: Noivern
|-damage|p1a: Noivern|0 fnt
|faint|p1a: Noivern
|
|-heal|p2a: Tentacruel|140\/364|[from] item: Black Sludge
|
|switch|p1a: Lucario|Lucario, F|281\/281
|-damage|p1a: Lucario|273\/281|[from] Stealth Rock
|turn|15
|
|move|p1a: Lucario|Earthquake|p2a: Tentacruel
|-supereffective|p2a: Tentacruel
|-damage|p2a: Tentacruel|0 fnt
|-damage|p1a: Lucario|245\/281|[from] item: Life Orb
|faint|p2a: Tentacruel
|
|
|switch|p2a: Victini|Victini|224\/341
|turn|16
|
|switch|p1a: Arcanine|Arcanine, M|321\/321
|-damage|p1a: Arcanine|241\/321|[from] Stealth Rock
|-ability|p1a: Arcanine|Intimidate|[of] p2a: Victini
|-unboost|p2a: Victini|atk|1
|move|p2a: Victini|Bolt Strike|p1a: Arcanine
|-crit|p1a: Arcanine
|-damage|p1a: Arcanine|0 fnt
|faint|p1a: Arcanine
|
|
|switch|p1a: Cacturne|Cacturne, M|246\/281
|-damage|p1a: Cacturne|211\/281|[from] Stealth Rock
|turn|17
|
|switch|p2a: Celebi|Celebi|47\/404
|move|p1a: Cacturne|Drain Punch|p2a: Celebi
|-resisted|p2a: Celebi
|-damage|p2a: Celebi|0 fnt
|-heal|p1a: Cacturne|235\/281|[from] drain|[of] p2a: Celebi
|-damage|p1a: Cacturne|207\/281|[from] item: Life Orb
|faint|p2a: Celebi
|
|
|switch|p2a: Infernape|Infernape, F|293\/293
|turn|18
|
|move|p1a: Cacturne|Sucker Punch|p2a: Infernape
|-resisted|p2a: Infernape
|-damage|p2a: Infernape|146\/293
|-damage|p1a: Cacturne|179\/281|[from] item: Life Orb
|move|p2a: Infernape|Grass Knot|p1a: Cacturne
|-resisted|p1a: Cacturne
|-damage|p1a: Cacturne|101\/281
|-damage|p2a: Infernape|117\/293|[from] item: Life Orb
|
|turn|19
|
|move|p1a: Cacturne|Sucker Punch|p2a: Infernape
|-fail|p2a: Infernape
|move|p2a: Infernape|Nasty Plot|p2a: Infernape
|-boost|p2a: Infernape|spa|2
|
|turn|20
|
|move|p1a: Cacturne|Sucker Punch|p2a: Infernape
|-fail|p2a: Infernape
|move|p2a: Infernape|Nasty Plot|p2a: Infernape
|-boost|p2a: Infernape|spa|2
|
|turn|21
|
|move|p1a: Cacturne|Sucker Punch|p2a: Infernape
|-resisted|p2a: Infernape
|-damage|p2a: Infernape|0 fnt
|-damage|p1a: Cacturne|73\/281|[from] item: Life Orb
|faint|p2a: Infernape
|
|
|switch|p2a: Victini|Victini|224\/341
|turn|22
|
|move|p1a: Cacturne|Sucker Punch|p2a: Victini
|-supereffective|p2a: Victini
|-damage|p2a: Victini|0 fnt
|-damage|p1a: Cacturne|45\/281|[from] item: Life Orb
|faint|p2a: Victini
|
|win|Modessi
|raw|Ladder updating...
|raw|Modessi's rating: 1200 &rarr; <strong>1232<\/strong><br \/>(+32 for winning)
|raw|Tipsy Russian's rating: 1301 &rarr; <strong>1276<\/strong><br \/>(-25 for losing)
|chat|Modessi|gg