|join|Tipsy Russian
|join|C Melv 90
|player|p1|Tipsy Russian|169
|player|p2|C Melv 90|293
|gametype|singles
|gen|6
|tier|UU
|rated
|rule|Sleep Clause Mod: Limit one foe put to sleep
|rule|Species Clause: Limit one of each Pokémon
|rule|OHKO Clause: OHKO moves are banned
|rule|Moody Clause: Moody is banned
|rule|Evasion Moves Clause: Evasion moves are banned
|rule|Endless Battle Clause: Forcing endless battles is banned
|rule|HP Percentage Mod: HP is reported as percentages
|clearpoke
|poke|p1|Chesnaught, M
|poke|p1|Victini
|poke|p1|Infernape, M
|poke|p1|Noivern, F
|poke|p1|Tentacruel, F
|poke|p1|Celebi
|poke|p2|Swampert, M
|poke|p2|Milotic, F
|poke|p2|Jirachi
|poke|p2|Mienshao, F
|poke|p2|Aerodactyl, M
|poke|p2|Chandelure, F
|rule|Swagger Clause: Swagger is banned
|rule|Baton Pass Clause: Limit one Pokémon knowing Baton Pass
|teampreview
|
|start
|switch|p1a: Noivern|Noivern, F|311\/311
|switch|p2a: Aerodactyl|Aerodactyl, M|302\/302
|turn|1
|
|detailschange|p2a: Aerodactyl|Aerodactyl-Mega, M
|message|Aerodactyl has Mega Evolved into Mega Aerodactyl!
|move|p2a: Aerodactyl|Ice Fang|p1a: Noivern
|-supereffective|p1a: Noivern
|-damage|p1a: Noivern|0 fnt
|faint|p1a: Noivern
|
|
|switch|p1a: Tentacruel|Tentacruel, F|364\/364
|turn|2
|
|move|p2a: Aerodactyl|Taunt|p1a: Tentacruel
|-start|p1a: Tentacruel|move: Taunt
|move|p1a: Tentacruel|Scald|p2a: Aerodactyl
|-crit|p2a: Aerodactyl
|-supereffective|p2a: Aerodactyl
|-damage|p2a: Aerodactyl|50\/302
|-status|p2a: Aerodactyl|brn
|
|-damage|p2a: Aerodactyl|13\/302 brn|[from] brn
|turn|3
|chat|C Melv 90|The luck is real.
|
|move|p2a: Aerodactyl|Stone Edge|p1a: Tentacruel|[miss]
|-miss|p2a: Aerodactyl|p1a: Tentacruel
|move|p1a: Tentacruel|Scald|p2a: Aerodactyl
|-supereffective|p2a: Aerodactyl
|-damage|p2a: Aerodactyl|0 fnt
|faint|p2a: Aerodactyl
|
|chat|Tipsy Russian|your 2hko'd
|chat|Tipsy Russian|it wasn't that lucky
|chat|C Melv 90|Crit, burn, miss.... The luck is real. Stone Edge would've done 35-40% without the burn.
|
|switch|p2a: Jirachi|Jirachi|404\/404
|turn|4
|
|switch|p1a: Celebi|Celebi|404\/404
|move|p2a: Jirachi|Thunder Wave|p1a: Celebi
|-status|p1a: Celebi|par
|
|turn|5
|
|move|p2a: Jirachi|Stealth Rock|p1a: Celebi
|-sidestart|p1: Tipsy Russian|move: Stealth Rock
|cant|p1a: Celebi|par
|
|turn|6
|
|move|p2a: Jirachi|Iron Head|p1a: Celebi
|-damage|p1a: Celebi|313\/404 par
|cant|p1a: Celebi|flinch
|
|-heal|p1a: Celebi|338\/404 par|[from] item: Leftovers
|turn|7
|
|switch|p1a: Infernape|Infernape, M|293\/293
|-damage|p1a: Infernape|257\/293|[from] Stealth Rock
|move|p2a: Jirachi|Thunder Wave|p1a: Infernape
|-status|p1a: Infernape|par
|
|turn|8
|chat|Tipsy Russian|what a queef
|chat|Tipsy Russian|lame cheap tactics
|chat|C Melv 90|Obvious switch was obvious.
|
|switch|p2a: Swampert|Swampert, M|393\/393
|cant|p1a: Infernape|par
|
|turn|9
|
|switch|p1a: Celebi|Celebi|338\/404
|-damage|p1a: Celebi|288\/404|[from] Stealth Rock
|move|p2a: Swampert|Ice Punch|p1a: Celebi
|-supereffective|p1a: Celebi
|-damage|p1a: Celebi|42\/404
|
|-heal|p1a: Celebi|67\/404|[from] item: Leftovers
|turn|10
|
|switch|p2a: Jirachi|Jirachi|404\/404
|move|p1a: Celebi|Swords Dance|p1a: Celebi
|-boost|p1a: Celebi|atk|2
|
|-heal|p1a: Celebi|92\/404|[from] item: Leftovers
|turn|11
|
|move|p1a: Celebi|Swords Dance|p1a: Celebi
|-boost|p1a: Celebi|atk|2
|move|p2a: Jirachi|Iron Head|p1a: Celebi
|-damage|p1a: Celebi|0 fnt
|faint|p1a: Celebi
|
|
|switch|p1a: Victini|Victini|341\/341
|-damage|p1a: Victini|256\/341|[from] Stealth Rock
|turn|12
|
|switch|p2a: Swampert|Swampert, M|393\/393
|move|p1a: Victini|Bolt Strike|p2a: Swampert
|-immune|p2a: Swampert|[msg]
|
|turn|13
|-message|Tipsy Russian forfeited.
|
|win|C Melv 90
|raw|Ladder updating...
|leave|Tipsy Russian
|player|p1
|raw|Tipsy Russian's rating: 1242 &rarr; <strong>1216<\/strong><br \/>(-26 for losing)
|raw|C Melv 90's rating: 1239 &rarr; <strong>1264<\/strong><br \/>(+25 for winning)
|chat|C Melv 90|Lol