|join|Tipsy Russian
|join|Typhozzz
|player|p1|Tipsy Russian|47
|player|p2|Typhozzz|143
|gametype|singles
|gen|6
|tier|UU
|rated
|rule|Sleep Clause Mod: Limit one foe put to sleep
|rule|Species Clause: Limit one of each Pokémon
|rule|OHKO Clause: OHKO moves are banned
|rule|Moody Clause: Moody is banned
|rule|Evasion Moves Clause: Evasion moves are banned
|rule|Endless Battle Clause: Forcing endless battles is banned
|rule|HP Percentage Mod: HP is shown in percentages
|clearpoke
|poke|p1|Beedrill, M
|poke|p1|Rotom-Heat
|poke|p1|Forretress, M
|poke|p1|Jirachi
|poke|p1|Vaporeon, F
|poke|p1|Hydreigon, M
|poke|p2|Beedrill, M
|poke|p2|Raikou
|poke|p2|Lucario, M
|poke|p2|Suicune
|poke|p2|Bronzong
|poke|p2|Tentacruel, M
|rule|Swagger Clause: Swagger is banned
|rule|Baton Pass Clause: Limit one Pokémon knowing Baton Pass
|teampreview
|c|★Typhozzz|gl hf
|c|★Typhozzz|hello?
|c|★Typhozzz|?_?
|
|start
|switch|p1a: Hydreigon|Hydreigon, M|325\/325
|switch|p2a: Uturn The Meta|Beedrill, M|271\/271
|turn|1
|
|detailschange|p2a: Uturn The Meta|Beedrill-Mega, M
|-mega|p2a: Uturn The Meta|Beedrill|Beedrillite
|move|p2a: Uturn The Meta|Protect|p2a: Uturn The Meta
|-singleturn|p2a: Uturn The Meta|Protect
|move|p1a: Hydreigon|Dark Pulse|p2a: Uturn The Meta
|-activate|p2a: Uturn The Meta|Protect
|
|turn|2
|
|move|p1a: Hydreigon|Dark Pulse|p2a: Uturn The Meta
|-damage|p2a: Uturn The Meta|106\/271
|move|p2a: Uturn The Meta|U-turn|p1a: Hydreigon
|-supereffective|p1a: Hydreigon
|-damage|p1a: Hydreigon|0 fnt
|faint|p1a: Hydreigon
|
|switch|p2a: ZAP YO DUM ASS|Raikou|321\/321
|-ability|p2a: ZAP YO DUM ASS|Pressure
|
|
|switch|p1a: Beedrill|Beedrill, M|271\/271
|turn|3
|
|detailschange|p1a: Beedrill|Beedrill-Mega, M
|-mega|p1a: Beedrill|Beedrill|Beedrillite
|move|p1a: Beedrill|Protect|p1a: Beedrill
|-singleturn|p1a: Beedrill|Protect
|move|p2a: ZAP YO DUM ASS|Volt Switch|p1a: Beedrill
|-activate|p1a: Beedrill|Protect
|
|turn|4
|c|★Typhozzz|omg
|c|★Typhozzz|this cancel button
|
|move|p1a: Beedrill|Knock Off|p2a: ZAP YO DUM ASS
|-damage|p2a: ZAP YO DUM ASS|145\/321
|-enditem|p2a: ZAP YO DUM ASS|Choice Specs|[from] move: Knock Off|[of] p1a: Beedrill
|move|p2a: ZAP YO DUM ASS|Volt Switch|p1a: Beedrill
|-damage|p1a: Beedrill|138\/271
|
|switch|p2a: BRICKSQUAD|Lucario, M|281\/281
|
|turn|5
|
|switch|p1a: Rotom-Heat|Rotom-Heat|303\/303
|move|p2a: BRICKSQUAD|Close Combat|p1a: Rotom-Heat
|-damage|p1a: Rotom-Heat|61\/303
|-unboost|p2a: BRICKSQUAD|def|1
|-unboost|p2a: BRICKSQUAD|spd|1
|-damage|p2a: BRICKSQUAD|253\/281|[from] item: Life Orb
|
|-heal|p1a: Rotom-Heat|79\/303|[from] item: Leftovers
|turn|6
|
|move|p2a: BRICKSQUAD|Extreme Speed|p1a: Rotom-Heat
|-damage|p1a: Rotom-Heat|0 fnt
|-damage|p2a: BRICKSQUAD|225\/281|[from] item: Life Orb
|faint|p1a: Rotom-Heat
|
|-message|Tipsy Russian forfeited.
|leave|Tipsy Russian
|
|switch|p1a: Vaporeon|Vaporeon, F|464\/464
|turn|7
|
|win|Typhozzz
|raw|Ladder updating...
|c|★Typhozzz|gg,,,
|player|p1
|raw|Tipsy Russian's rating: 1476 &rarr; <strong>1455<\/strong><br \/>(-21 for losing)
|raw|Typhozzz's rating: 1459 &rarr; <strong>1480<\/strong><br \/>(+21 for winning)