|join|Tipsy Russian
|join|misty star151
|player|p1|Tipsy Russian|102
|player|p2|misty star151|155
|gametype|singles
|gen|6
|tier|UU
|rated
|rule|Sleep Clause Mod: Limit one foe put to sleep
|rule|Species Clause: Limit one of each Pokémon
|rule|OHKO Clause: OHKO moves are banned
|rule|Moody Clause: Moody is banned
|rule|Evasion Moves Clause: Evasion moves are banned
|rule|Endless Battle Clause: Forcing endless battles is banned
|rule|HP Percentage Mod: HP is reported as percentages
|clearpoke
|poke|p1|Hippowdon, M
|poke|p1|Stoutland, F
|poke|p1|Celebi
|poke|p1|Granbull, M
|poke|p1|Tentacruel, F
|poke|p1|Haxorus, M, shiny
|poke|p2|Zoroark, M, shiny
|poke|p2|Jolteon, M
|poke|p2|Toxicroak, F, shiny
|poke|p2|Rotom-Heat
|poke|p2|Lucario, F, shiny
|poke|p2|Kingdra, M
|rule|Swagger Clause: Swagger is banned
|rule|Baton Pass Clause: Limit one Pokémon knowing Baton Pass
|teampreview
|
|start
|switch|p1a: Hippowdon|Hippowdon, M|420\/420
|switch|p2a: Jolteon|Jolteon, M|272\/272
|-weather|Sandstorm
|turn|1
|
|move|p2a: Jolteon|Substitute|p2a: Jolteon
|-start|p2a: Jolteon|Substitute
|-damage|p2a: Jolteon|204\/272
|move|p1a: Hippowdon|Toxic|p2a: Jolteon
|
|-weather|Sandstorm|[upkeep]
|-damage|p2a: Jolteon|187\/272|[from] sandstorm
|-heal|p2a: Jolteon|204\/272|[from] item: Leftovers
|turn|2
|
|move|p2a: Jolteon|Shadow Ball|p1a: Hippowdon
|-damage|p1a: Hippowdon|292\/420
|move|p1a: Hippowdon|Earthquake|p2a: Jolteon
|-supereffective|p2a: Jolteon
|-end|p2a: Jolteon|Substitute
|
|-weather|Sandstorm|[upkeep]
|-damage|p2a: Jolteon|187\/272|[from] sandstorm
|-heal|p2a: Jolteon|204\/272|[from] item: Leftovers
|turn|3
|
|move|p2a: Jolteon|Substitute|p2a: Jolteon
|-start|p2a: Jolteon|Substitute
|-damage|p2a: Jolteon|136\/272
|move|p1a: Hippowdon|Stealth Rock|p2a: Jolteon
|-sidestart|p2: misty star151|move: Stealth Rock
|
|-weather|Sandstorm|[upkeep]
|-damage|p2a: Jolteon|119\/272|[from] sandstorm
|-heal|p2a: Jolteon|136\/272|[from] item: Leftovers
|turn|4
|
|move|p2a: Jolteon|Yawn|p1a: Hippowdon
|-start|p1a: Hippowdon|move: Yawn|[of] p2a: Jolteon
|move|p1a: Hippowdon|Earthquake|p2a: Jolteon
|-supereffective|p2a: Jolteon
|-end|p2a: Jolteon|Substitute
|
|-weather|Sandstorm|[upkeep]
|-damage|p2a: Jolteon|119\/272|[from] sandstorm
|-heal|p2a: Jolteon|136\/272|[from] item: Leftovers
|turn|5
|
|switch|p1a: Tentacruel|Tentacruel, F|364\/364
|move|p2a: Jolteon|Substitute|p2a: Jolteon
|-start|p2a: Jolteon|Substitute
|-damage|p2a: Jolteon|68\/272
|
|-weather|Sandstorm|[upkeep]
|-damage|p2a: Jolteon|51\/272|[from] sandstorm
|-damage|p1a: Tentacruel|342\/364|[from] sandstorm
|-heal|p2a: Jolteon|68\/272|[from] item: Leftovers
|-heal|p1a: Tentacruel|364\/364|[from] item: Black Sludge
|turn|6
|
|move|p2a: Jolteon|Thunderbolt|p1a: Tentacruel
|-supereffective|p1a: Tentacruel
|-damage|p1a: Tentacruel|172\/364
|move|p1a: Tentacruel|Ice Beam|p2a: Jolteon
|-activate|p2a: Jolteon|Substitute|[damage]
|
|-weather|Sandstorm|[upkeep]
|-damage|p2a: Jolteon|51\/272|[from] sandstorm
|-damage|p1a: Tentacruel|150\/364|[from] sandstorm
|-heal|p2a: Jolteon|68\/272|[from] item: Leftovers
|-heal|p1a: Tentacruel|172\/364|[from] item: Black Sludge
|turn|7
|
|move|p2a: Jolteon|Thunderbolt|p1a: Tentacruel
|-supereffective|p1a: Tentacruel
|-damage|p1a: Tentacruel|0 fnt
|faint|p1a: Tentacruel
|
|-weather|Sandstorm|[upkeep]
|-damage|p2a: Jolteon|51\/272|[from] sandstorm
|-heal|p2a: Jolteon|68\/272|[from] item: Leftovers
|
|switch|p1a: Hippowdon|Hippowdon, M|292\/420
|turn|8
|
|move|p2a: Jolteon|Shadow Ball|p1a: Hippowdon
|-damage|p1a: Hippowdon|180\/420
|move|p1a: Hippowdon|Earthquake|p2a: Jolteon
|-supereffective|p2a: Jolteon
|-end|p2a: Jolteon|Substitute
|
|-weather|none
|-heal|p2a: Jolteon|85\/272|[from] item: Leftovers
|turn|9
|
|switch|p2a: Rotom-Heat|Rotom-Heat|242\/242
|-damage|p2a: Rotom-Heat|182\/242|[from] Stealth Rock
|move|p1a: Hippowdon|Earthquake|p2a: Rotom-Heat
|-immune|p2a: Rotom-Heat|[msg]
|
|-heal|p2a: Rotom-Heat|197\/242|[from] item: Leftovers
|turn|10
|
|switch|p1a: Granbull|Granbull, M|384\/384
|-ability|p1a: Granbull|Intimidate|[of] p2a: Rotom-Heat
|-unboost|p2a: Rotom-Heat|atk|1
|move|p2a: Rotom-Heat|Will-O-Wisp|p1a: Granbull
|-status|p1a: Granbull|brn
|
|-heal|p2a: Rotom-Heat|212\/242|[from] item: Leftovers
|-damage|p1a: Granbull|336\/384 brn|[from] brn
|turn|11
|
|move|p2a: Rotom-Heat|Volt Switch|p1a: Granbull
|-damage|p1a: Granbull|198\/384 brn
|
|switch|p2a: Kingdra|Kingdra, M|292\/292
|-damage|p2a: Kingdra|256\/292|[from] Stealth Rock
|move|p1a: Granbull|Rest|p1a: Granbull
|-status|p1a: Granbull|slp
|-heal|p1a: Granbull|384\/384 slp|[silent]
|-status|p1a: Granbull|slp|[from] move: Rest
|
|-heal|p2a: Kingdra|274\/292|[from] item: Leftovers
|turn|12
|
|move|p2a: Kingdra|Substitute|p2a: Kingdra
|-start|p2a: Kingdra|Substitute
|-damage|p2a: Kingdra|201\/292
|cant|p1a: Granbull|slp
|move|p1a: Granbull|Sleep Talk|p1a: Granbull
|move|p1a: Granbull|Play Rough|p2a: Kingdra|[from]Sleep Talk
|-supereffective|p2a: Kingdra
|-end|p2a: Kingdra|Substitute
|
|-heal|p2a: Kingdra|219\/292|[from] item: Leftovers
|turn|13
|
|move|p2a: Kingdra|Dragon Dance|p2a: Kingdra
|-boost|p2a: Kingdra|atk|1
|-boost|p2a: Kingdra|spe|1
|cant|p1a: Granbull|slp
|move|p1a: Granbull|Sleep Talk|p1a: Granbull
|move|p1a: Granbull|Play Rough|p2a: Kingdra|[from]Sleep Talk
|-supereffective|p2a: Kingdra
|-damage|p2a: Kingdra|0 fnt
|faint|p2a: Kingdra
|
|
|switch|p2a: Toxicroak|Toxicroak, F, shiny|308\/308
|-damage|p2a: Toxicroak|289\/308|[from] Stealth Rock
|turn|14
|
|switch|p1a: Hippowdon|Hippowdon, M|180\/420
|-weather|Sandstorm
|move|p2a: Toxicroak|Swords Dance|p2a: Toxicroak
|-boost|p2a: Toxicroak|atk|2
|
|-weather|Sandstorm|[upkeep]
|-damage|p2a: Toxicroak|270\/308|[from] sandstorm
|turn|15
|
|move|p2a: Toxicroak|Drain Punch|p1a: Hippowdon
|-damage|p1a: Hippowdon|0 fnt
|-heal|p2a: Toxicroak|308\/308|[from] drain|[of] p1a: Hippowdon
|-damage|p2a: Toxicroak|278\/308|[from] item: Life Orb
|faint|p1a: Hippowdon
|
|-weather|Sandstorm|[upkeep]
|-damage|p2a: Toxicroak|259\/308|[from] sandstorm
|
|switch|p1a: Stoutland|Stoutland, F|311\/311
|turn|16
|
|move|p1a: Stoutland|Return|p2a: Toxicroak
|-damage|p2a: Toxicroak|0 fnt
|-damage|p1a: Stoutland|280\/311|[from] item: Life Orb
|faint|p2a: Toxicroak
|
|-weather|Sandstorm|[upkeep]
|
|switch|p2a: Lucario|Lucario, F, shiny|262\/262
|-damage|p2a: Lucario|230\/262|[from] Stealth Rock
|turn|17
|
|move|p1a: Stoutland|Superpower|p2a: Lucario
|-supereffective|p2a: Lucario
|replace|p2a: Zoroark|Zoroark, M, shiny|230\/262
|-damage|p2a: Zoroark|0 fnt
|-unboost|p1a: Stoutland|atk|1
|-unboost|p1a: Stoutland|def|1
|-damage|p1a: Stoutland|249\/311|[from] item: Life Orb
|faint|p2a: Zoroark
|
|-weather|Sandstorm|[upkeep]
|
|switch|p2a: Rotom-Heat|Rotom-Heat|212\/242
|-damage|p2a: Rotom-Heat|152\/242|[from] Stealth Rock
|turn|18
|
|move|p1a: Stoutland|Return|p2a: Rotom-Heat
|-crit|p2a: Rotom-Heat
|-damage|p2a: Rotom-Heat|0 fnt
|-damage|p1a: Stoutland|218\/311|[from] item: Life Orb
|faint|p2a: Rotom-Heat
|
|-weather|Sandstorm|[upkeep]
|
|switch|p2a: Lucario|Lucario, F, shiny|282\/282
|-damage|p2a: Lucario|274\/282|[from] Stealth Rock
|turn|19
|
|move|p2a: Lucario|Bullet Punch|p1a: Stoutland
|-damage|p1a: Stoutland|70\/311
|-damage|p2a: Lucario|246\/282|[from] item: Life Orb
|move|p1a: Stoutland|Superpower|p2a: Lucario
|-supereffective|p2a: Lucario
|-damage|p2a: Lucario|0 fnt
|-unboost|p1a: Stoutland|atk|1
|-unboost|p1a: Stoutland|def|1
|-damage|p1a: Stoutland|39\/311|[from] item: Life Orb
|faint|p2a: Lucario
|
|-weather|Sandstorm|[upkeep]
|-message|misty star151 forfeited.
|
|win|Tipsy Russian
|raw|Ladder updating...
|leave|misty star151
|player|p2
|raw|Tipsy Russian's rating: 1327 &rarr; <strong>1341<\/strong><br \/>(+14 for winning)
|raw|misty star151's rating: 1222 &rarr; <strong>1204<\/strong><br \/>(-18 for losing)