|join|Tipsy Russian
|join|Naruto(sage)
|player|p1|Tipsy Russian|47
|player|p2|Naruto(sage)|260
|gametype|singles
|gen|6
|tier|UU
|rule|Sleep Clause Mod: Limit one foe put to sleep
|rule|Species Clause: Limit one of each Pokémon
|rule|OHKO Clause: OHKO moves are banned
|rule|Moody Clause: Moody is banned
|rule|Evasion Moves Clause: Evasion moves are banned
|rule|Endless Battle Clause: Forcing endless battles is banned
|rule|HP Percentage Mod: HP is shown in percentages
|clearpoke
|poke|p1|Fletchinder, M
|poke|p1|Dugtrio, M
|poke|p1|Florges, F
|poke|p1|Shaymin
|poke|p1|Aerodactyl, F
|poke|p1|Empoleon, M
|poke|p2|Roserade, M
|poke|p2|Toxicroak, M
|poke|p2|Darmanitan, M
|poke|p2|Flygon, M
|poke|p2|Crobat, F
|poke|p2|Swampert, F
|rule|Swagger Clause: Swagger is banned
|rule|Baton Pass Clause: Limit one Pokémon knowing Baton Pass
|teampreview
|join|KingEnvoy
|join|boltsandbombers
|c|★Tipsy Russian|hf
|join|SassyLoafOfBread
|c|★Naruto(sage)|gl
|join|Ult Sasuke(Susanoo
|join|i will play you
|join|Game of Dad
|join|Silverlocks
|join|drtfgyhuj
|join|kidd timelapse
|c| i will play you|this is uu
|join|senegal
|c| i will play you|my tier
|join|Bud Hertz
|join|emexon
|join|Dudeman130498
|
|start
|switch|p1a: Shaymin|Shaymin|341\/341
|switch|p2a: Swampert|Swampert, F|404\/404
|turn|1
|join|LightningLuxray
|c| Dudeman130498|solid af lead
|
|switch|p2a: Crobat|Crobat, F|312\/312
|move|p1a: Shaymin|Seed Flare|p2a: Crobat
|-resisted|p2a: Crobat
|-damage|p2a: Crobat|228\/312
|-unboost|p2a: Crobat|spd|2
|
|-heal|p2a: Crobat|247\/312|[from] item: Black Sludge
|turn|2
|leave|emexon
|join|mla1
|c| mla1|gl hf
|leave|kidd timelapse
|
|switch|p1a: Empoleon|Empoleon, M|372\/372
|move|p2a: Crobat|U-turn|p1a: Empoleon
|-resisted|p1a: Empoleon
|-damage|p1a: Empoleon|346\/372
|join|Calloflochie
|join|TTM Styx
|leave|Calloflochie
|
|switch|p2a: Toxicroak|Toxicroak, M|308\/308
|
|-heal|p1a: Empoleon|369\/372|[from] item: Leftovers
|turn|3
|join|eaglehawk
|
|switch|p1a: Aerodactyl|Aerodactyl, F|331\/331
|move|p2a: Toxicroak|Drain Punch|p1a: Aerodactyl
|-damage|p1a: Aerodactyl|156\/331
|
|turn|4
|join|LucarioTesting
|join|SpaSweeper Gatomon
|
|switch|p2a: Swampert|Swampert, F|404\/404
|detailschange|p1a: Aerodactyl|Aerodactyl-Mega, F
|message|Aerodactyl has Mega Evolved into Mega Aerodactyl!
|move|p1a: Aerodactyl|Roost|p1a: Aerodactyl
|-heal|p1a: Aerodactyl|322\/331
|
|turn|5
|join|emexon
|
|switch|p1a: Shaymin|Shaymin|341\/341
|move|p2a: Swampert|Waterfall|p1a: Shaymin
|-crit|p1a: Shaymin
|-resisted|p1a: Shaymin
|-damage|p1a: Shaymin|245\/341
|
|turn|6
|join|shady kid 2
|
|switch|p2a: Roserade|Roserade, M|261\/261
|move|p1a: Shaymin|Psychic|p2a: Roserade
|-supereffective|p2a: Roserade
|-damage|p2a: Roserade|13\/261
|
|-heal|p2a: Roserade|29\/261|[from] item: Black Sludge
|turn|7
|
|switch|p2a: Flygon|Flygon, M|302\/302
|move|p1a: Shaymin|Psychic|p2a: Flygon
|-damage|p2a: Flygon|155\/302
|
|turn|8
|c| shady kid 2|naruto is gona win
|c| Dudeman130498|tfw no psychic resists
|
|switch|p1a: Aerodactyl|Aerodactyl-Mega, F|322\/331
|move|p2a: Flygon|U-turn|p1a: Aerodactyl
|-resisted|p1a: Aerodactyl
|-damage|p1a: Aerodactyl|280\/331
|c| mla1|i like both of these teams
|c| Ult Sasuke(Susanoo|the sage falls here
|c| KingEnvoy|not today
|
|switch|p2a: Swampert|Swampert, F|404\/404
|
|turn|9
|c| shady kid 2|ecept for empoleon he can easly beat everything ealse
|c| senegal|all russian needs is to wear dow that pert and bird is golden
|
|switch|p1a: Empoleon|Empoleon, M|369\/372
|move|p2a: Swampert|Ice Punch|p1a: Empoleon
|-resisted|p1a: Empoleon
|-damage|p1a: Empoleon|353\/372
|
|-heal|p1a: Empoleon|372\/372|[from] item: Leftovers
|turn|10
|
|move|p1a: Empoleon|Stealth Rock|p2a: Swampert
|-sidestart|p2: Naruto(sage)|move: Stealth Rock
|move|p2a: Swampert|Earthquake|p1a: Empoleon
|-supereffective|p1a: Empoleon
|-damage|p1a: Empoleon|114\/372
|
|-heal|p1a: Empoleon|137\/372|[from] item: Leftovers
|turn|11
|c|★Tipsy Russian|mm shit
|c| i will play you|?
|c|★Tipsy Russian|thought waas banded :(
|
|move|p1a: Empoleon|Toxic|p2a: Swampert
|-status|p2a: Swampert|tox
|move|p2a: Swampert|Stealth Rock|p1a: Empoleon
|-sidestart|p1: Tipsy Russian|move: Stealth Rock
|
|-heal|p1a: Empoleon|160\/372|[from] item: Leftovers
|-damage|p2a: Swampert|379\/404 tox|[from] psn
|turn|12
|
|switch|p2a: Toxicroak|Toxicroak, M|308\/308
|-damage|p2a: Toxicroak|289\/308|[from] Stealth Rock
|move|p1a: Empoleon|Scald|p2a: Toxicroak
|-heal|p2a: Toxicroak|308\/308|[from] ability: Dry Skin|[of] p1a: Empoleon
|
|-heal|p1a: Empoleon|183\/372|[from] item: Leftovers
|turn|13
|c| senegal|worth it, do it
|join|Emma Bae ♥
|c| Ult Sasuke(Susanoo|im the only one who'd do that
|c| boltsandbombers|slurp
|c| senegal|gross
|
|switch|p1a: Aerodactyl|Aerodactyl-Mega, F|280\/331
|-damage|p1a: Aerodactyl|198\/331|[from] Stealth Rock
|move|p2a: Toxicroak|Gunk Shot|p1a: Aerodactyl
|-resisted|p1a: Aerodactyl
|-damage|p1a: Aerodactyl|95\/331
|-status|p1a: Aerodactyl|psn
|
|-damage|p1a: Aerodactyl|54\/331 psn|[from] psn
|turn|14
|c| i will play you|delicious
|c| i will play you|nutrious
|c| boltsandbombers|ouch
|
|move|p2a: Toxicroak|Sucker Punch|p1a: Aerodactyl
|-fail|p1a: Aerodactyl
|move|p1a: Aerodactyl|Roost|p1a: Aerodactyl
|-heal|p1a: Aerodactyl|220\/331 psn
|
|-damage|p1a: Aerodactyl|179\/331 psn|[from] psn
|turn|15
|c| senegal|two of those things are true
|join|BlindyMcBlind
|c| SassyLoafOfBread|God, that damage, and poison hax
|
|switch|p2a: Swampert|Swampert, F|379\/404 tox
|-damage|p2a: Swampert|354\/404 tox|[from] Stealth Rock
|move|p1a: Aerodactyl|Roost|p1a: Aerodactyl
|-heal|p1a: Aerodactyl|331\/331 psn
|
|-heal|p2a: Swampert|379\/404 tox|[from] item: Leftovers
|-damage|p1a: Aerodactyl|290\/331 psn|[from] psn
|-damage|p2a: Swampert|354\/404 tox|[from] psn
|turn|16
|join|Alldaalts
|
|switch|p1a: Empoleon|Empoleon, M|183\/372
|-damage|p1a: Empoleon|160\/372|[from] Stealth Rock
|move|p2a: Swampert|Earthquake|p1a: Empoleon
|-supereffective|p1a: Empoleon
|-damage|p1a: Empoleon|0 fnt
|faint|p1a: Empoleon
|
|-heal|p2a: Swampert|379\/404 tox|[from] item: Leftovers
|-damage|p2a: Swampert|329\/404 tox|[from] psn
|
|switch|p1a: Shaymin|Shaymin|245\/341
|-damage|p1a: Shaymin|203\/341|[from] Stealth Rock
|turn|17
|c| Ult Sasuke(Susanoo|get predicted
|c| drtfgyhuj|mega aero is so resilient lol
|
|move|p1a: Shaymin|Seed Flare|p2a: Swampert
|-supereffective|p2a: Swampert
|-damage|p2a: Swampert|0 fnt
|faint|p2a: Swampert
|
|c| i will play you|no defog, rapid s
|c| i will play you|??
|c| senegal|balllllerrrr
|
|switch|p2a: Crobat|Crobat, F|247\/312
|-damage|p2a: Crobat|169\/312|[from] Stealth Rock
|turn|18
|
|switch|p1a: Aerodactyl|Aerodactyl-Mega, F|290\/331 psn
|-damage|p1a: Aerodactyl|208\/331 psn|[from] Stealth Rock
|move|p2a: Crobat|Brave Bird|p1a: Aerodactyl
|-resisted|p1a: Aerodactyl
|-damage|p1a: Aerodactyl|115\/331 psn
|-damage|p2a: Crobat|138\/312|[from] recoil|[of] p1a: Aerodactyl
|
|-heal|p2a: Crobat|157\/312|[from] item: Black Sludge
|-damage|p1a: Aerodactyl|74\/331 psn|[from] psn
|turn|19
|c| SassyLoafOfBread|Eating it up
|
|move|p1a: Aerodactyl|Roost|p1a: Aerodactyl
|-heal|p1a: Aerodactyl|240\/331 psn
|move|p2a: Crobat|Brave Bird|p1a: Aerodactyl
|-resisted|p1a: Aerodactyl
|-damage|p1a: Aerodactyl|147\/331 psn
|-damage|p2a: Crobat|126\/312|[from] recoil|[of] p1a: Aerodactyl
|
|-heal|p2a: Crobat|145\/312|[from] item: Black Sludge
|-damage|p1a: Aerodactyl|106\/331 psn|[from] psn
|turn|20
|
|move|p1a: Aerodactyl|Roost|p1a: Aerodactyl
|-heal|p1a: Aerodactyl|272\/331 psn
|move|p2a: Crobat|Roost|p2a: Crobat
|-heal|p2a: Crobat|301\/312
|
|-heal|p2a: Crobat|312\/312|[from] item: Black Sludge
|-damage|p1a: Aerodactyl|231\/331 psn|[from] psn
|turn|21
|
|switch|p2a: Roserade|Roserade, M|29\/261
|-damage|p2a: Roserade|0 fnt|[from] Stealth Rock
|faint|p2a: Roserade
|move|p1a: Aerodactyl|Aerial Ace|p2: Roserade|[notarget]
|-notarget
|
|-damage|p1a: Aerodactyl|190\/331 psn|[from] psn
|
|switch|p2a: Crobat|Crobat, F|312\/312
|-damage|p2a: Crobat|234\/312|[from] Stealth Rock
|turn|22
|
|move|p1a: Aerodactyl|Roost|p1a: Aerodactyl
|-heal|p1a: Aerodactyl|331\/331 psn
|move|p2a: Crobat|Roost|p2a: Crobat
|-heal|p2a: Crobat|312\/312
|
|-damage|p1a: Aerodactyl|290\/331 psn|[from] psn
|turn|23
|c| senegal|lol
|
|move|p1a: Aerodactyl|Stone Edge|p2a: Crobat|[miss]
|-miss|p1a: Aerodactyl|p2a: Crobat
|move|p2a: Crobat|Brave Bird|p1a: Aerodactyl
|-resisted|p1a: Aerodactyl
|-damage|p1a: Aerodactyl|200\/331 psn
|-damage|p2a: Crobat|282\/312|[from] recoil|[of] p1a: Aerodactyl
|
|-heal|p2a: Crobat|301\/312|[from] item: Black Sludge
|-damage|p1a: Aerodactyl|159\/331 psn|[from] psn
|turn|24
|
|switch|p2a: Toxicroak|Toxicroak, M|308\/308
|-damage|p2a: Toxicroak|289\/308|[from] Stealth Rock
|move|p1a: Aerodactyl|Roost|p1a: Aerodactyl
|-heal|p1a: Aerodactyl|325\/331 psn
|
|-damage|p1a: Aerodactyl|284\/331 psn|[from] psn
|turn|25
|
|switch|p2a: Flygon|Flygon, M|155\/302
|-damage|p2a: Flygon|137\/302|[from] Stealth Rock
|move|p1a: Aerodactyl|Aerial Ace|p2a: Flygon
|-damage|p2a: Flygon|0 fnt
|faint|p2a: Flygon
|
|-damage|p1a: Aerodactyl|243\/331 psn|[from] psn
|
|switch|p2a: Crobat|Crobat, F|301\/312
|-damage|p2a: Crobat|223\/312|[from] Stealth Rock
|turn|26
|
|move|p1a: Aerodactyl|Aerial Ace|p2a: Crobat
|-damage|p2a: Crobat|45\/312
|move|p2a: Crobat|Roost|p2a: Crobat
|-heal|p2a: Crobat|201\/312
|
|-heal|p2a: Crobat|220\/312|[from] item: Black Sludge
|-damage|p1a: Aerodactyl|202\/331 psn|[from] psn
|turn|27
|leave|Alldaalts
|c| senegal|see turn 21
|join|viaw
|join|OG_Wanka
|leave|KingEnvoy
|c| viaw|gg
|
|move|p1a: Aerodactyl|Aerial Ace|p2a: Crobat
|-damage|p2a: Crobat|39\/312
|move|p2a: Crobat|Roost|p2a: Crobat
|-heal|p2a: Crobat|195\/312
|
|-heal|p2a: Crobat|214\/312|[from] item: Black Sludge
|-damage|p1a: Aerodactyl|161\/331 psn|[from] psn
|turn|28
|
|move|p1a: Aerodactyl|Roost|p1a: Aerodactyl
|-heal|p1a: Aerodactyl|327\/331 psn
|move|p2a: Crobat|Roost|p2a: Crobat
|-heal|p2a: Crobat|312\/312
|
|-damage|p1a: Aerodactyl|286\/331 psn|[from] psn
|turn|29
|
|move|p1a: Aerodactyl|Stone Edge|p2a: Crobat|[miss]
|-miss|p1a: Aerodactyl|p2a: Crobat
|move|p2a: Crobat|Brave Bird|p1a: Aerodactyl
|-resisted|p1a: Aerodactyl
|-damage|p1a: Aerodactyl|190\/331 psn
|-damage|p2a: Crobat|280\/312|[from] recoil|[of] p1a: Aerodactyl
|
|-heal|p2a: Crobat|299\/312|[from] item: Black Sludge
|-damage|p1a: Aerodactyl|149\/331 psn|[from] psn
|turn|30
|
|move|p1a: Aerodactyl|Roost|p1a: Aerodactyl
|-heal|p1a: Aerodactyl|315\/331 psn
|move|p2a: Crobat|Brave Bird|p1a: Aerodactyl
|-resisted|p1a: Aerodactyl
|-damage|p1a: Aerodactyl|221\/331 psn
|-damage|p2a: Crobat|268\/312|[from] recoil|[of] p1a: Aerodactyl
|
|-heal|p2a: Crobat|287\/312|[from] item: Black Sludge
|-damage|p1a: Aerodactyl|180\/331 psn|[from] psn
|turn|31
|c| i will play you|what about 21?
|join|Bob the Bro
|
|move|p1a: Aerodactyl|Stone Edge|p2a: Crobat|[miss]
|-miss|p1a: Aerodactyl|p2a: Crobat
|move|p2a: Crobat|Brave Bird|p1a: Aerodactyl
|-resisted|p1a: Aerodactyl
|-damage|p1a: Aerodactyl|87\/331 psn
|-damage|p2a: Crobat|256\/312|[from] recoil|[of] p1a: Aerodactyl
|
|-heal|p2a: Crobat|275\/312|[from] item: Black Sludge
|-damage|p1a: Aerodactyl|46\/331 psn|[from] psn
|turn|32
|c| i will play you|turn
|c| i will play you|21
|c| mla1|stone miss
|join|BO1
|c|★Tipsy Russian|badly trained aero
|
|move|p1a: Aerodactyl|Roost|p1a: Aerodactyl
|-heal|p1a: Aerodactyl|212\/331 psn
|move|p2a: Crobat|Brave Bird|p1a: Aerodactyl
|-resisted|p1a: Aerodactyl
|-damage|p1a: Aerodactyl|111\/331 psn
|-damage|p2a: Crobat|242\/312|[from] recoil|[of] p1a: Aerodactyl
|
|-heal|p2a: Crobat|261\/312|[from] item: Black Sludge
|-damage|p1a: Aerodactyl|70\/331 psn|[from] psn
|turn|33
|c| mla1|lol
|c|★Tipsy Russian|0-3
|c| i will play you|plllllllooooooooooooooooollllllllll
|c| i will play you|adfad
|
|move|p1a: Aerodactyl|Roost|p1a: Aerodactyl
|-heal|p1a: Aerodactyl|236\/331 psn
|move|p2a: Crobat|Brave Bird|p1a: Aerodactyl
|-resisted|p1a: Aerodactyl
|-damage|p1a: Aerodactyl|145\/331 psn
|-damage|p2a: Crobat|231\/312|[from] recoil|[of] p1a: Aerodactyl
|
|-heal|p2a: Crobat|250\/312|[from] item: Black Sludge
|-damage|p1a: Aerodactyl|104\/331 psn|[from] psn
|turn|34
|c| senegal|i just dont understand the toxi swtich in, followed by a double switch
|join|kyla-kylls
|
|move|p1a: Aerodactyl|Roost|p1a: Aerodactyl
|-heal|p1a: Aerodactyl|270\/331 psn
|move|p2a: Crobat|Roost|p2a: Crobat
|-heal|p2a: Crobat|312\/312
|
|-damage|p1a: Aerodactyl|229\/331 psn|[from] psn
|turn|35
|c| senegal|like he didnt have aace
|leave|i will play you
|c| Ult Sasuke(Susanoo|everything changed when the stall nation attacked
|c|★Tipsy Russian|neither of these teams are stall
|c| boltsandbombers|roost spam
|
|move|p1a: Aerodactyl|Aerial Ace|p2a: Crobat
|-damage|p2a: Crobat|146\/312
|move|p2a: Crobat|Brave Bird|p1a: Aerodactyl
|-resisted|p1a: Aerodactyl
|-damage|p1a: Aerodactyl|136\/331 psn
|-damage|p2a: Crobat|115\/312|[from] recoil|[of] p1a: Aerodactyl
|
|-heal|p2a: Crobat|134\/312|[from] item: Black Sludge
|-damage|p1a: Aerodactyl|95\/331 psn|[from] psn
|turn|36
|c| Ult Sasuke(Susanoo|this is a stall battle right now thou
|c| senegal|baller
|c| Emma Bae ♥|nah aero won
|c| mla1|aero just won stall fest
|c| boltsandbombers|ace in the hole
|join|Volbeatdown
|c| senegal|roosting offensive support mons does not stall make
|c| Dudeman130498|i mean
|leave|Volbeatdown
|c| Dudeman130498|just kill the crobat
|c| Dudeman130498|and fletch and duggy win the rest
|
|switch|p2a: Toxicroak|Toxicroak, M|289\/308
|-damage|p2a: Toxicroak|270\/308|[from] Stealth Rock
|move|p1a: Aerodactyl|Aerial Ace|p2a: Toxicroak
|-supereffective|p2a: Toxicroak
|-damage|p2a: Toxicroak|0 fnt
|faint|p2a: Toxicroak
|
|-damage|p1a: Aerodactyl|54\/331 psn|[from] psn
|
|switch|p2a: Darmanitan|Darmanitan, M|351\/351
|-damage|p2a: Darmanitan|264\/351|[from] Stealth Rock
|turn|37
|
|move|p1a: Aerodactyl|Aerial Ace|p2a: Darmanitan
|-damage|p2a: Darmanitan|45\/351
|move|p2a: Darmanitan|Flare Blitz|p1a: Aerodactyl
|-resisted|p1a: Aerodactyl
|-damage|p1a: Aerodactyl|0 fnt
|-damage|p2a: Darmanitan|27\/351|[from] recoil|[of] p1a: Aerodactyl
|faint|p1a: Aerodactyl
|
|join|Latetu
|
|switch|p1a: Fletchinder|Fletchinder, M|291\/291
|-damage|p1a: Fletchinder|146\/291|[from] Stealth Rock
|turn|38
|c| boltsandbombers|duggy + fletch wins
|c| senegal|bird <3
|c| boltsandbombers|or just fletch
|
|move|p1a: Fletchinder|Acrobatics|p2a: Darmanitan
|-damage|p2a: Darmanitan|0 fnt
|faint|p2a: Darmanitan
|
|
|switch|p2a: Crobat|Crobat, F|134\/312
|-damage|p2a: Crobat|56\/312|[from] Stealth Rock
|turn|39
|leave|Latetu
|leave|senegal
|c|★Naruto(sage)|gg
|c|★Tipsy Russian|gg
|
|move|p1a: Fletchinder|Acrobatics|p2a: Crobat
|-crit|p2a: Crobat
|-damage|p2a: Crobat|0 fnt
|faint|p2a: Crobat
|
|win|Tipsy Russian
|c| boltsandbombers|berd is the werd
|c| mla1|fletchinder pulling thorugh?
|c| mla1|gg
|leave|Tipsy Russian
|player|p1
|leave|Emma Bae ♥
|leave|mla1
|leave|Bob the Bro
|leave|Ult Sasuke(Susanoo
|leave|SassyLoafOfBread
|leave|Game of Dad
|leave|Naruto(sage)
|player|p2
|leave|LucarioTesting
|leave|Dudeman130498
|leave|TTM Styx
|leave|Bud Hertz
|leave|boltsandbombers
|leave|kyla-kylls