|join|Tipsy Russian
|join|Weedle Rapes Teams
|player|p1|Tipsy Russian|47
|player|p2|Weedle Rapes Teams|191
|gametype|singles
|gen|6
|tier|UU
|rated
|rule|Sleep Clause Mod: Limit one foe put to sleep
|rule|Species Clause: Limit one of each Pokémon
|rule|OHKO Clause: OHKO moves are banned
|rule|Moody Clause: Moody is banned
|rule|Evasion Moves Clause: Evasion moves are banned
|rule|Endless Battle Clause: Forcing endless battles is banned
|rule|HP Percentage Mod: HP is shown in percentages
|clearpoke
|poke|p1|Magneton
|poke|p1|Fletchinder, M
|poke|p1|Dugtrio, M
|poke|p1|Swampert, F
|poke|p1|Florges, F
|poke|p1|Blastoise, F
|poke|p2|Swampert, M
|poke|p2|Tentacruel, F
|poke|p2|Aggron, F
|poke|p2|Goodra, M
|poke|p2|Heracross, F
|poke|p2|Rotom-Heat
|rule|Swagger Clause: Swagger is banned
|rule|Baton Pass Clause: Limit one Pokémon knowing Baton Pass
|teampreview
|join|twinturbo2jz
|c|★Weedle Rapes Teams|Scary team, glhf
|c|★Tipsy Russian|hf
|
|start
|switch|p1a: Swampert|Swampert, F|404\/404
|switch|p2a: Swamp Rock|Swampert, M|404\/404
|turn|1
|
|move|p2a: Swamp Rock|Stealth Rock|p1a: Swampert
|-sidestart|p1: Tipsy Russian|move: Stealth Rock
|move|p1a: Swampert|Scald|p2a: Swamp Rock
|-damage|p2a: Swamp Rock|319\/404
|-status|p2a: Swamp Rock|brn
|
|-heal|p2a: Swamp Rock|344\/404 brn|[from] item: Leftovers
|-damage|p2a: Swamp Rock|294\/404 brn|[from] brn
|turn|2
|
|move|p2a: Swamp Rock|Scald|p1a: Swampert
|-damage|p1a: Swampert|317\/404
|move|p1a: Swampert|Stealth Rock|p2a: Swamp Rock
|-sidestart|p2: Weedle Rapes Teams|move: Stealth Rock
|
|-heal|p1a: Swampert|342\/404|[from] item: Leftovers
|-heal|p2a: Swamp Rock|319\/404 brn|[from] item: Leftovers
|-damage|p2a: Swamp Rock|269\/404 brn|[from] brn
|turn|3
|
|switch|p1a: Blastoise|Blastoise, F|362\/362
|-damage|p1a: Blastoise|317\/362|[from] Stealth Rock
|switch|p2a: Mr. Roboto|Aggron, F|344\/344
|-damage|p2a: Mr. Roboto|323\/344|[from] Stealth Rock
|
|turn|4
|
|switch|p2a: Colonel Parker|Tentacruel, F|364\/364
|-damage|p2a: Colonel Parker|319\/364|[from] Stealth Rock
|detailschange|p1a: Blastoise|Blastoise-Mega, F
|message|Blastoise has Mega Evolved into Mega Blastoise!
|move|p1a: Blastoise|Scald|p2a: Colonel Parker
|-resisted|p2a: Colonel Parker
|-damage|p2a: Colonel Parker|265\/364
|-status|p2a: Colonel Parker|brn
|
|-heal|p2a: Colonel Parker|287\/364 brn|[from] item: Black Sludge
|-damage|p2a: Colonel Parker|242\/364 brn|[from] brn
|turn|5
|
|switch|p2a: Swamp Rock|Swampert, M|269\/404 brn
|-damage|p2a: Swamp Rock|244\/404 brn|[from] Stealth Rock
|switch|p1a: Magneton|Magneton|242\/242
|-damage|p1a: Magneton|227\/242|[from] Stealth Rock
|
|-heal|p2a: Swamp Rock|269\/404 brn|[from] item: Leftovers
|-damage|p2a: Swamp Rock|219\/404 brn|[from] brn
|turn|6
|
|switch|p2a: Buck Ovens|Rotom-Heat|241\/241
|-damage|p2a: Buck Ovens|181\/241|[from] Stealth Rock
|move|p1a: Magneton|Hidden Power|p2a: Buck Ovens
|-resisted|p2a: Buck Ovens
|-damage|p2a: Buck Ovens|134\/241
|
|turn|7
|
|switch|p1a: Florges|Florges, F|337\/337
|-damage|p1a: Florges|295\/337|[from] Stealth Rock
|move|p2a: Buck Ovens|Overheat|p1a: Florges
|-damage|p1a: Florges|186\/337
|-unboost|p2a: Buck Ovens|spa|2
|
|-heal|p1a: Florges|207\/337|[from] item: Leftovers
|turn|8
|
|switch|p2a: Colonel Parker|Tentacruel, F|242\/364 brn
|-damage|p2a: Colonel Parker|197\/364 brn|[from] Stealth Rock
|move|p1a: Florges|Moonblast|p2a: Colonel Parker
|-resisted|p2a: Colonel Parker
|-damage|p2a: Colonel Parker|159\/364 brn
|
|-heal|p2a: Colonel Parker|181\/364 brn|[from] item: Black Sludge
|-heal|p1a: Florges|228\/337|[from] item: Leftovers
|-damage|p2a: Colonel Parker|136\/364 brn|[from] brn
|turn|9
|join|SuperSawgy
|
|switch|p1a: Magneton|Magneton|227\/242
|-damage|p1a: Magneton|212\/242|[from] Stealth Rock
|move|p2a: Colonel Parker|Toxic Spikes|p1a: Magneton
|-sidestart|p1: Tipsy Russian|move: Toxic Spikes
|
|-heal|p2a: Colonel Parker|158\/364 brn|[from] item: Black Sludge
|-damage|p2a: Colonel Parker|113\/364 brn|[from] brn
|turn|10
|
|switch|p2a: Gary Busey|Goodra, M|384\/384
|-damage|p2a: Gary Busey|336\/384|[from] Stealth Rock
|move|p1a: Magneton|Flash Cannon|p2a: Gary Busey
|-damage|p2a: Gary Busey|185\/384
|
|turn|11
|
|switch|p1a: Florges|Florges, F|228\/337
|-status|p1a: Florges|psn
|-damage|p1a: Florges|186\/337 psn|[from] Stealth Rock
|move|p2a: Gary Busey|Ice Beam|p1a: Florges
|-damage|p1a: Florges|95\/337 psn
|
|-heal|p1a: Florges|116\/337 psn|[from] item: Leftovers
|-damage|p1a: Florges|74\/337 psn|[from] psn
|turn|12
|
|move|p2a: Gary Busey|Ice Beam|p1a: Florges
|-damage|p1a: Florges|0 fnt
|faint|p1a: Florges
|
|
|switch|p1a: Blastoise|Blastoise-Mega, F|317\/362
|-status|p1a: Blastoise|psn
|-damage|p1a: Blastoise|272\/362 psn|[from] Stealth Rock
|turn|13
|c|★Tipsy Russian|cute specs
|
|move|p2a: Gary Busey|Ice Beam|p1a: Blastoise
|-resisted|p1a: Blastoise
|-damage|p1a: Blastoise|207\/362 psn
|move|p1a: Blastoise|Rapid Spin|p2a: Gary Busey
|-damage|p2a: Gary Busey|166\/384
|-unboost|p1a: Blastoise|spe|1
|-sideend|p1: Tipsy Russian|Toxic Spikes|[from] move: Rapid Spin|[of] p1a: Blastoise
|-sideend|p1: Tipsy Russian|Stealth Rock|[from] move: Rapid Spin|[of] p1a: Blastoise
|
|-damage|p1a: Blastoise|162\/362 psn|[from] psn
|turn|14
|c|★Weedle Rapes Teams|CANCEL BUTTON
|c|★Weedle Rapes Teams|Y U NO WORK
|c|★Weedle Rapes Teams|ffs
|c|★Weedle Rapes Teams|Also thanks, it looks kind of good
|c|★Tipsy Russian|i prefer physical
|c|★Tipsy Russian|much more rage inducing
|c|★Weedle Rapes Teams|Physical is cool, but for this team I prefer specs
|
|move|p2a: Gary Busey|Ice Beam|p1a: Blastoise
|-crit|p1a: Blastoise
|-resisted|p1a: Blastoise
|-damage|p1a: Blastoise|65\/362 psn
|move|p1a: Blastoise|Ice Beam|p2a: Gary Busey
|-supereffective|p2a: Gary Busey
|-damage|p2a: Gary Busey|6\/384
|
|-damage|p1a: Blastoise|20\/362 psn|[from] psn
|turn|15
|c|★Weedle Rapes Teams|The bulk is real
|c|★Tipsy Russian|niiiiice crit
|
|move|p2a: Gary Busey|Ice Beam|p1a: Blastoise
|-resisted|p1a: Blastoise
|-damage|p1a: Blastoise|0 fnt
|faint|p1a: Blastoise
|
|c|★Weedle Rapes Teams|It didnt matter in the end
|
|switch|p1a: Dugtrio|Dugtrio, M|201\/201
|turn|16
|
|move|p1a: Dugtrio|Earthquake|p2a: Gary Busey
|-damage|p2a: Gary Busey|0 fnt
|faint|p2a: Gary Busey
|
|
|switch|p2a: Swamp Rock|Swampert, M|219\/404 brn
|-damage|p2a: Swamp Rock|194\/404 brn|[from] Stealth Rock
|turn|17
|
|switch|p1a: Swampert|Swampert, F|342\/404
|move|p2a: Swamp Rock|Scald|p1a: Swampert
|-damage|p1a: Swampert|246\/404
|
|-heal|p1a: Swampert|271\/404|[from] item: Leftovers
|-heal|p2a: Swamp Rock|219\/404 brn|[from] item: Leftovers
|-damage|p2a: Swamp Rock|169\/404 brn|[from] brn
|turn|18
|
|move|p2a: Swamp Rock|Scald|p1a: Swampert
|-damage|p1a: Swampert|174\/404
|-status|p1a: Swampert|brn
|move|p1a: Swampert|Scald|p2a: Swamp Rock
|-damage|p2a: Swamp Rock|85\/404 brn
|
|-heal|p2a: Swamp Rock|110\/404 brn|[from] item: Leftovers
|-heal|p1a: Swampert|199\/404 brn|[from] item: Leftovers
|-damage|p1a: Swampert|149\/404 brn|[from] brn
|-damage|p2a: Swamp Rock|60\/404 brn|[from] brn
|turn|19
|
|move|p1a: Swampert|Scald|p2a: Swamp Rock
|-damage|p2a: Swamp Rock|0 fnt
|faint|p2a: Swamp Rock
|
|-heal|p1a: Swampert|174\/404 brn|[from] item: Leftovers
|-damage|p1a: Swampert|124\/404 brn|[from] brn
|
|switch|p2a: Colonel Parker|Tentacruel, F|113\/364 brn
|-damage|p2a: Colonel Parker|68\/364 brn|[from] Stealth Rock
|turn|20
|
|switch|p1a: Magneton|Magneton|212\/242
|move|p2a: Colonel Parker|Rapid Spin|p1a: Magneton
|-resisted|p1a: Magneton
|-damage|p1a: Magneton|209\/242
|-sideend|p2: Weedle Rapes Teams|Stealth Rock|[from] move: Rapid Spin|[of] p2a: Colonel Parker
|
|-heal|p2a: Colonel Parker|90\/364 brn|[from] item: Black Sludge
|-damage|p2a: Colonel Parker|45\/364 brn|[from] brn
|turn|21
|
|move|p1a: Magneton|Volt Switch|p2a: Colonel Parker
|-supereffective|p2a: Colonel Parker
|-damage|p2a: Colonel Parker|0 fnt
|faint|p2a: Colonel Parker
|
|switch|p1a: Fletchinder|Fletchinder, M|291\/291
|
|
|switch|p2a: Mr. Roboto|Aggron, F|323\/344
|turn|22
|
|switch|p1a: Swampert|Swampert, F|124\/404 brn
|detailschange|p2a: Mr. Roboto|Aggron-Mega, F
|message|Aggron has Mega Evolved into Mega Aggron!
|move|p2a: Mr. Roboto|Heavy Slam|p1a: Swampert
|-resisted|p1a: Swampert
|-damage|p1a: Swampert|42\/404 brn
|
|-heal|p1a: Swampert|67\/404 brn|[from] item: Leftovers
|-damage|p1a: Swampert|17\/404 brn|[from] brn
|turn|23
|
|switch|p2a: Ringo Starr|Heracross, F|301\/301
|move|p1a: Swampert|Stealth Rock|p2a: Ringo Starr
|-sidestart|p2: Weedle Rapes Teams|move: Stealth Rock
|
|-heal|p1a: Swampert|42\/404 brn|[from] item: Leftovers
|-damage|p1a: Swampert|0 fnt|[from] brn
|faint|p1a: Swampert
|
|switch|p1a: Fletchinder|Fletchinder, M|291\/291
|turn|24
|
|switch|p2a: Mr. Roboto|Aggron-Mega, F|323\/344
|-damage|p2a: Mr. Roboto|302\/344|[from] Stealth Rock
|move|p1a: Fletchinder|Acrobatics|p2a: Mr. Roboto
|-resisted|p2a: Mr. Roboto
|-damage|p2a: Mr. Roboto|265\/344
|
|turn|25
|
|switch|p1a: Dugtrio|Dugtrio, M|201\/201
|move|p2a: Mr. Roboto|Earthquake|p1a: Dugtrio
|-enditem|p1a: Dugtrio|Focus Sash
|-damage|p1a: Dugtrio|1\/201
|
|turn|26
|
|move|p1a: Dugtrio|Reversal|p2a: Mr. Roboto
|-supereffective|p2a: Mr. Roboto
|-damage|p2a: Mr. Roboto|144\/344
|move|p2a: Mr. Roboto|Heavy Slam|p1a: Dugtrio
|-damage|p1a: Dugtrio|0 fnt
|faint|p1a: Dugtrio
|
|
|switch|p1a: Magneton|Magneton|209\/242
|turn|27
|
|move|p1a: Magneton|Volt Switch|p2a: Mr. Roboto
|-damage|p2a: Mr. Roboto|0 fnt
|faint|p2a: Mr. Roboto
|
|switch|p1a: Fletchinder|Fletchinder, M|291\/291
|
|
|switch|p2a: Buck Ovens|Rotom-Heat|134\/241
|-damage|p2a: Buck Ovens|74\/241|[from] Stealth Rock
|turn|28
|
|move|p1a: Fletchinder|Acrobatics|p2a: Buck Ovens
|-resisted|p2a: Buck Ovens
|-damage|p2a: Buck Ovens|8\/241
|move|p2a: Buck Ovens|Volt Switch|p1a: Fletchinder
|-supereffective|p1a: Fletchinder
|-damage|p1a: Fletchinder|0 fnt
|faint|p1a: Fletchinder
|
|switch|p2a: Ringo Starr|Heracross, F|301\/301
|-damage|p2a: Ringo Starr|264\/301|[from] Stealth Rock
|
|
|switch|p1a: Magneton|Magneton|209\/242
|turn|29
|c|★Weedle Rapes Teams|You should have switched out, unless your packing hp flying
|
|move|p2a: Ringo Starr|Close Combat|p1a: Magneton
|-supereffective|p1a: Magneton
|-damage|p1a: Magneton|0 fnt
|-unboost|p2a: Ringo Starr|def|1
|-unboost|p2a: Ringo Starr|spd|1
|faint|p1a: Magneton
|
|win|Weedle Rapes Teams
|raw|Ladder updating...
|raw|Tipsy Russian's rating: 1533 &rarr; <strong>1506<\/strong><br \/>(-27 for losing)
|raw|Weedle Rapes Teams's rating: 1410 &rarr; <strong>1436<\/strong><br \/>(+26 for winning)
|c|★Weedle Rapes Teams|gg
|leave|Tipsy Russian
|player|p1