|join|tipsy Russian
|join|SleepyCell
|player|p1|tipsy Russian|47
|player|p2|SleepyCell|33
|gametype|singles
|gen|6
|tier|UU
|rated
|rule|Sleep Clause Mod: Limit one foe put to sleep
|rule|Species Clause: Limit one of each Pokémon
|rule|OHKO Clause: OHKO moves are banned
|rule|Moody Clause: Moody is banned
|rule|Evasion Moves Clause: Evasion moves are banned
|rule|Endless Battle Clause: Forcing endless battles is banned
|rule|HP Percentage Mod: HP is shown in percentages
|clearpoke
|poke|p1|Escavalier, M
|poke|p1|Snorlax, M
|poke|p1|Spiritomb, M
|poke|p1|Roserade, F
|poke|p1|Aerodactyl, M
|poke|p1|Krookodile, F
|poke|p2|Sceptile, M, shiny
|poke|p2|Milotic, F
|poke|p2|Diancie
|poke|p2|Chandelure, F
|poke|p2|Forretress, M
|poke|p2|Machamp, M, shiny
|rule|Swagger Clause: Swagger is banned
|rule|Baton Pass Clause: Limit one Pokémon knowing Baton Pass
|teampreview
|
|start
|switch|p1a: Spiritomb|Spiritomb, M|301\/301
|switch|p2a: Bob|Forretress, M|292\/292
|turn|1
|
|move|p1a: Spiritomb|Will-O-Wisp|p2a: Bob
|-status|p2a: Bob|brn
|move|p2a: Bob|Stealth Rock|p1a: Spiritomb
|-sidestart|p1: tipsy Russian|move: Stealth Rock
|
|-damage|p2a: Bob|256\/292 brn|[from] brn
|turn|2
|
|switch|p1a: Aerodactyl|Aerodactyl, M|311\/311
|-damage|p1a: Aerodactyl|234\/311|[from] Stealth Rock
|switch|p2a: Lola|Milotic, F|331\/331
|
|turn|3
|
|switch|p1a: Roserade|Roserade, F|324\/324
|-damage|p1a: Roserade|284\/324|[from] Stealth Rock
|move|p2a: Lola|Ice Beam|p1a: Roserade
|-supereffective|p1a: Roserade
|-damage|p1a: Roserade|110\/324
|
|-heal|p1a: Roserade|130\/324|[from] item: Black Sludge
|turn|4
|
|switch|p2a: Bob|Forretress, M|256\/292 brn
|move|p1a: Roserade|Giga Drain|p2a: Bob
|-resisted|p2a: Bob
|-damage|p2a: Bob|220\/292 brn
|-heal|p1a: Roserade|148\/324|[from] drain|[of] p2a: Bob
|
|-heal|p1a: Roserade|168\/324|[from] item: Black Sludge
|-heal|p2a: Bob|238\/292 brn|[from] item: Leftovers
|-damage|p2a: Bob|202\/292 brn|[from] brn
|turn|5
|
|move|p1a: Roserade|Toxic Spikes|p2a: Bob
|-sidestart|p2: SleepyCell|move: Toxic Spikes
|move|p2a: Bob|Earthquake|p1a: Roserade
|-damage|p1a: Roserade|114\/324
|
|-heal|p1a: Roserade|134\/324|[from] item: Black Sludge
|-heal|p2a: Bob|220\/292 brn|[from] item: Leftovers
|-damage|p2a: Bob|184\/292 brn|[from] brn
|turn|6
|
|switch|p1a: Spiritomb|Spiritomb, M|301\/301
|-damage|p1a: Spiritomb|264\/301|[from] Stealth Rock
|move|p2a: Bob|Rapid Spin|p1a: Spiritomb
|-immune|p1a: Spiritomb|[msg]
|
|-heal|p2a: Bob|202\/292 brn|[from] item: Leftovers
|-damage|p2a: Bob|166\/292 brn|[from] brn
|turn|7
|
|move|p1a: Spiritomb|Pursuit|p2a: Bob|[from]Pursuit
|-damage|p2a: Bob|78\/292 brn
|switch|p2a: Levi|Sceptile, M, shiny|281\/281
|-status|p2a: Levi|psn
|
|-damage|p2a: Levi|246\/281 psn|[from] psn
|turn|8
|
|detailschange|p2a: Levi|Sceptile-Mega, M, shiny
|-mega|p2a: Levi|Sceptile|Sceptilite
|move|p1a: Spiritomb|Sucker Punch|p2a: Levi
|-fail|p2a: Levi
|move|p2a: Levi|Substitute|p2a: Levi
|-start|p2a: Levi|Substitute
|-damage|p2a: Levi|176\/281 psn
|
|-damage|p2a: Levi|141\/281 psn|[from] psn
|turn|9
|
|switch|p1a: Escavalier|Escavalier, M|343\/343
|-damage|p1a: Escavalier|301\/343|[from] Stealth Rock
|move|p2a: Levi|Dragon Pulse|p1a: Escavalier
|-resisted|p1a: Escavalier
|-damage|p1a: Escavalier|248\/343
|
|-damage|p2a: Levi|106\/281 psn|[from] psn
|turn|10
|
|move|p2a: Levi|Hidden Power|p1a: Escavalier
|-crit|p1a: Escavalier
|-damage|p1a: Escavalier|160\/343
|move|p1a: Escavalier|Knock Off|p2a: Levi
|-end|p2a: Levi|Substitute
|
|-damage|p2a: Levi|71\/281 psn|[from] psn
|turn|11
|join|Ununhexium
|join|Pinkin Lark
|
|move|p1a: Escavalier|Pursuit|p2a: Levi|[from]Pursuit
|-damage|p2a: Levi|0 fnt
|faint|p2a: Levi
|
|c|★tipsy Russian|ez
|
|switch|p2a: Celia|Chandelure, F|262\/262
|-status|p2a: Celia|psn
|turn|12
|
|switch|p2a: Mister|Machamp, M, shiny|384\/384
|-status|p2a: Mister|psn
|switch|p1a: Snorlax|Snorlax, M|524\/524
|-damage|p1a: Snorlax|459\/524|[from] Stealth Rock
|
|-heal|p1a: Snorlax|491\/524|[from] item: Leftovers
|-damage|p2a: Mister|336\/384 psn|[from] psn
|turn|13
|join|Good Time $5
|join|Cell in a Hell
|c|★SleepyCell|ez
|c| Pinkin Lark|watch him be no guard
|c| Ununhexium|ow the double switch
|c| Pinkin Lark|and waste the greatest guts opportunity
|join|DracoMaster Dab
|
|switch|p1a: Roserade|Roserade, F|134\/324
|-damage|p1a: Roserade|94\/324|[from] Stealth Rock
|move|p2a: Mister|Knock Off|p1a: Roserade
|-damage|p1a: Roserade|0 fnt
|-enditem|p1a: Roserade|Black Sludge|[from] move: Knock Off|[of] p2a: Mister
|faint|p1a: Roserade
|
|-damage|p2a: Mister|288\/384 psn|[from] psn
|c|★tipsy Russian|hm
|
|switch|p1a: Aerodactyl|Aerodactyl, M|234\/311
|-damage|p1a: Aerodactyl|157\/311|[from] Stealth Rock
|turn|14
|
|switch|p2a: Lola|Milotic, F|331\/331
|-status|p2a: Lola|psn
|detailschange|p1a: Aerodactyl|Aerodactyl-Mega, M
|-mega|p1a: Aerodactyl|Aerodactyl|Aerodactylite
|move|p1a: Aerodactyl|Aerial Ace|p2a: Lola
|-damage|p2a: Lola|238\/331 psn
|
|-heal|p2a: Lola|258\/331 psn|[from] item: Leftovers
|-damage|p2a: Lola|217\/331 psn|[from] psn
|turn|15
|c| Ununhexium|i really want heracross to drop
|c| Ununhexium|so i can replace machamp
|c|★tipsy Russian|i want conk
|c|★tipsy Russian|tbh
|c| Ununhexium|i want pinsir :P
|c| Pinkin Lark|youll never get mega
|c|★tipsy Russian|i really want terrakion
|c| Pinkin Lark|EVER
|c| Ununhexium|i really want landorus i again
|c| Ununhexium|that was a lot of fun to play with
|c| Good Time $5|no terrakion plz
|
|move|p1a: Aerodactyl|Stone Edge|p2a: Lola
|-damage|p2a: Lola|100\/331 psn
|move|p2a: Lola|Recover|p2a: Lola
|-heal|p2a: Lola|266\/331 psn
|
|-heal|p2a: Lola|286\/331 psn|[from] item: Leftovers
|-damage|p2a: Lola|245\/331 psn|[from] psn
|turn|16
|c| Good Time $5|conk would be cool though
|c| Ununhexium|mamo would be fun af to play with
|
|switch|p1a: Snorlax|Snorlax, M|491\/524
|-damage|p1a: Snorlax|426\/524|[from] Stealth Rock
|move|p2a: Lola|Recover|p2a: Lola
|-heal|p2a: Lola|331\/331 psn
|
|-heal|p1a: Snorlax|458\/524|[from] item: Leftovers
|-damage|p2a: Lola|290\/331 psn|[from] psn
|turn|17
|c| Ununhexium|but tbh id run icicle spear over crash
|c| Ununhexium|because fuck zygarde
|
|move|p2a: Lola|Toxic|p1a: Snorlax
|-status|p1a: Snorlax|tox
|move|p1a: Snorlax|Frustration|p2a: Lola
|-damage|p2a: Lola|211\/331 psn
|
|-heal|p2a: Lola|231\/331 psn|[from] item: Leftovers
|-heal|p1a: Snorlax|490\/524 tox|[from] item: Leftovers
|-damage|p2a: Lola|190\/331 psn|[from] psn
|-damage|p1a: Snorlax|458\/524 tox|[from] psn
|turn|18
|
|move|p2a: Lola|Recover|p2a: Lola
|-heal|p2a: Lola|331\/331 psn
|move|p1a: Snorlax|Curse|p1a: Snorlax
|-boost|p1a: Snorlax|atk|1
|-boost|p1a: Snorlax|def|1
|-unboost|p1a: Snorlax|spe|1
|
|-heal|p1a: Snorlax|490\/524 tox|[from] item: Leftovers
|-damage|p2a: Lola|290\/331 psn|[from] psn
|-damage|p1a: Snorlax|426\/524 tox|[from] psn
|turn|19
|
|switch|p2a: Mister|Machamp, M, shiny|288\/384 psn
|move|p1a: Snorlax|Curse|p1a: Snorlax
|-boost|p1a: Snorlax|atk|1
|-boost|p1a: Snorlax|def|1
|-unboost|p1a: Snorlax|spe|1
|
|-heal|p1a: Snorlax|458\/524 tox|[from] item: Leftovers
|-damage|p2a: Mister|240\/384 psn|[from] psn
|-damage|p1a: Snorlax|362\/524 tox|[from] psn
|turn|20
|c| Ununhexium|inb4
|c| Ununhexium|av
|c| Ununhexium|no guard
|c| DracoMaster Dab|av op
|c|★tipsy Russian|do i live a cc
|c| Ununhexium|AV is actually a good set
|c| Ununhexium|tbh
|
|switch|p1a: Spiritomb|Spiritomb, M|264\/301
|-damage|p1a: Spiritomb|227\/301|[from] Stealth Rock
|move|p2a: Mister|Dynamic Punch|p1a: Spiritomb
|-immune|p1a: Spiritomb|[msg]
|
|-damage|p2a: Mister|192\/384 psn|[from] psn
|turn|21
|c| Pinkin Lark|oh look
|c|★tipsy Russian|lololol
|c| Pinkin Lark|no guard
|c| Pinkin Lark|what a surprise
|c| Good Time $5|wooooh
|c| Pinkin Lark|btw, AV would have done like 40%
|join|Catsarenice
|
|move|p2a: Mister|Knock Off|p1a: Spiritomb
|-damage|p1a: Spiritomb|114\/301
|-enditem|p1a: Spiritomb|Dread Plate|[from] move: Knock Off|[of] p2a: Mister
|move|p1a: Spiritomb|Pursuit|p2a: Mister
|-resisted|p2a: Mister
|-damage|p2a: Mister|156\/384 psn
|
|-damage|p2a: Mister|108\/384 psn|[from] psn
|turn|22
|c| Good Time $5|you would've hit yourself in confusion
|leave|Catsarenice
|c|★tipsy Russian|oh noes
|c|★tipsy Russian|mmy plate
|c| Pinkin Lark|quick
|c| Pinkin Lark|supply more pl8s
|
|move|p2a: Mister|Stone Edge|p1a: Spiritomb
|-damage|p1a: Spiritomb|0 fnt
|faint|p1a: Spiritomb
|
|-damage|p2a: Mister|60\/384 psn|[from] psn
|c| Ununhexium|dont h8 the pl8 m8
|join|Shit User
|
|switch|p1a: Aerodactyl|Aerodactyl-Mega, M|157\/311
|-damage|p1a: Aerodactyl|80\/311|[from] Stealth Rock
|turn|23
|c|★tipsy Russian|watching netflix to strong
|c| Shit User|he has bp
|c|★tipsy Russian|much destractions
|
|move|p2a: Mister|Bullet Punch|p1a: Aerodactyl
|-supereffective|p1a: Aerodactyl
|-damage|p1a: Aerodactyl|0 fnt
|faint|p1a: Aerodactyl
|
|-damage|p2a: Mister|12\/384 psn|[from] psn
|c| Shit User|noob
|c| Ununhexium|i wish medicham hera conk and pinsir all dropped at the same time
|
|switch|p1a: Krookodile|Krookodile, F|331\/331
|-damage|p1a: Krookodile|311\/331|[from] Stealth Rock
|-ability|p1a: Krookodile|Intimidate|[of] p2a: Mister
|-unboost|p2a: Mister|atk|1
|turn|24
|c|★tipsy Russian|sorry i cant deal with shit sets
|c| Pinkin Lark|fuck medi
|c| Ununhexium|because i like mega aero
|c| Ununhexium|and aero checks them all
|
|switch|p2a: Bob|Forretress, M|78\/292 brn
|move|p1a: Krookodile|Earthquake|p2a: Bob
|-damage|p2a: Bob|0 fnt
|faint|p2a: Bob
|
|-heal|p1a: Krookodile|331\/331|[from] item: Leftovers
|c| Ununhexium|oh and if lopunny and gallade were here
|c| Ununhexium|aero would have a field day
|
|switch|p2a: Lola|Milotic, F|290\/331 psn
|turn|25
|
|move|p1a: Krookodile|Knock Off|p2a: Lola
|-damage|p2a: Lola|196\/331 psn
|-enditem|p2a: Lola|Leftovers|[from] move: Knock Off|[of] p1a: Krookodile
|move|p2a: Lola|Scald|p1a: Krookodile
|-supereffective|p1a: Krookodile
|-damage|p1a: Krookodile|0 fnt
|faint|p1a: Krookodile
|
|-damage|p2a: Lola|155\/331 psn|[from] psn
|
|switch|p1a: Snorlax|Snorlax, M|362\/524 tox
|-damage|p1a: Snorlax|297\/524 tox|[from] Stealth Rock
|turn|26
|
|move|p2a: Lola|Scald|p1a: Snorlax
|-damage|p1a: Snorlax|200\/524 tox
|move|p1a: Snorlax|Rest|p1a: Snorlax
|-status|p1a: Snorlax|slp
|-heal|p1a: Snorlax|524\/524 slp|[silent]
|-status|p1a: Snorlax|slp|[from] move: Rest
|
|-damage|p2a: Lola|114\/331 psn|[from] psn
|turn|27
|
|move|p2a: Lola|Recover|p2a: Lola
|-heal|p2a: Lola|280\/331 psn
|cant|p1a: Snorlax|slp
|
|-damage|p2a: Lola|239\/331 psn|[from] psn
|turn|28
|c|★tipsy Russian|curselax is underrated
|c|★tipsy Russian|tbh
|
|move|p2a: Lola|Scald|p1a: Snorlax
|-damage|p1a: Snorlax|416\/524 slp
|cant|p1a: Snorlax|slp
|
|-heal|p1a: Snorlax|448\/524 slp|[from] item: Leftovers
|-damage|p2a: Lola|198\/331 psn|[from] psn
|turn|29
|
|move|p2a: Lola|Scald|p1a: Snorlax
|-damage|p1a: Snorlax|349\/524 slp
|-curestatus|p1a: Snorlax|slp
|move|p1a: Snorlax|Curse|p1a: Snorlax
|-boost|p1a: Snorlax|atk|1
|-boost|p1a: Snorlax|def|1
|-unboost|p1a: Snorlax|spe|1
|
|-heal|p1a: Snorlax|381\/524|[from] item: Leftovers
|-damage|p2a: Lola|157\/331 psn|[from] psn
|turn|30
|c| Good Time $5|my RW team has been nothing but curselax
|c| Good Time $5|should be A- imo
|
|move|p2a: Lola|Toxic|p1a: Snorlax
|-status|p1a: Snorlax|tox
|move|p1a: Snorlax|Curse|p1a: Snorlax
|-boost|p1a: Snorlax|atk|1
|-boost|p1a: Snorlax|def|1
|-unboost|p1a: Snorlax|spe|1
|
|-heal|p1a: Snorlax|413\/524 tox|[from] item: Leftovers
|-damage|p2a: Lola|116\/331 psn|[from] psn
|-damage|p1a: Snorlax|381\/524 tox|[from] psn
|turn|31
|join|Dark Future
|leave|Dark Future
|
|move|p2a: Lola|Recover|p2a: Lola
|-heal|p2a: Lola|282\/331 psn
|move|p1a: Snorlax|Curse|p1a: Snorlax
|-boost|p1a: Snorlax|atk|1
|-boost|p1a: Snorlax|def|1
|-unboost|p1a: Snorlax|spe|1
|
|-heal|p1a: Snorlax|413\/524 tox|[from] item: Leftovers
|-damage|p2a: Lola|241\/331 psn|[from] psn
|-damage|p1a: Snorlax|349\/524 tox|[from] psn
|turn|32
|c| Pinkin Lark|lets watch as this milotic desperately tries to outstall a curselax
|
|switch|p2a: Mister|Machamp, M, shiny|12\/384 psn
|move|p1a: Snorlax|Rest|p1a: Snorlax
|-status|p1a: Snorlax|slp
|-heal|p1a: Snorlax|524\/524 slp|[silent]
|-status|p1a: Snorlax|slp|[from] move: Rest
|
|-damage|p2a: Mister|0 fnt|[from] psn
|faint|p2a: Mister
|c|★tipsy Russian|misplayed
|c|★tipsy Russian|quite badly
|
|switch|p2a: Celia|Chandelure, F|262\/262 psn
|turn|33
|
|move|p2a: Celia|Flamethrower|p1a: Snorlax
|-damage|p1a: Snorlax|412\/524 slp
|cant|p1a: Snorlax|slp
|
|-heal|p1a: Snorlax|444\/524 slp|[from] item: Leftovers
|-damage|p2a: Celia|230\/262 psn|[from] psn
|turn|34
|c| Shit User|nice specs
|
|move|p2a: Celia|Flamethrower|p1a: Snorlax
|-damage|p1a: Snorlax|344\/524 slp
|cant|p1a: Snorlax|slp
|
|-heal|p1a: Snorlax|376\/524 slp|[from] item: Leftovers
|-damage|p2a: Celia|198\/262 psn|[from] psn
|turn|35
|
|move|p2a: Celia|Flamethrower|p1a: Snorlax
|-damage|p1a: Snorlax|268\/524 slp
|-curestatus|p1a: Snorlax|slp
|move|p1a: Snorlax|Crunch|p2a: Celia
|-supereffective|p2a: Celia
|-damage|p2a: Celia|0 fnt
|faint|p2a: Celia
|
|-heal|p1a: Snorlax|300\/524|[from] item: Leftovers
|c|★tipsy Russian|i'm lefties you  noob
|
|switch|p2a: Fraulein|Diancie|304\/304
|-status|p2a: Fraulein|psn
|turn|36
|c|★SleepyCell|dam lol somebody's mad
|c| Good Time $5|LO explosion crit here
|c|★tipsy Russian|pls no
|
|move|p2a: Fraulein|Moonblast|p1a: Snorlax
|-damage|p1a: Snorlax|207\/524
|move|p1a: Snorlax|Frustration|p2a: Fraulein
|-crit|p2a: Fraulein
|-resisted|p2a: Fraulein
|-damage|p2a: Fraulein|148\/304 psn
|
|-heal|p2a: Fraulein|167\/304 psn|[from] item: Leftovers
|-heal|p1a: Snorlax|239\/524|[from] item: Leftovers
|-damage|p2a: Fraulein|129\/304 psn|[from] psn
|turn|37
|
|move|p2a: Fraulein|Moonblast|p1a: Snorlax
|-damage|p1a: Snorlax|148\/524
|move|p1a: Snorlax|Frustration|p2a: Fraulein
|-resisted|p2a: Fraulein
|-damage|p2a: Fraulein|41\/304 psn
|
|-heal|p2a: Fraulein|60\/304 psn|[from] item: Leftovers
|-heal|p1a: Snorlax|180\/524|[from] item: Leftovers
|-damage|p2a: Fraulein|22\/304 psn|[from] psn
|turn|38
|c|★tipsy Russian|i'm so mad rn
|c| Shit User|rest bish
|
|move|p2a: Fraulein|Moonblast|p1a: Snorlax
|-damage|p1a: Snorlax|86\/524
|move|p1a: Snorlax|Rest|p1a: Snorlax
|-status|p1a: Snorlax|slp
|-heal|p1a: Snorlax|524\/524 slp|[silent]
|-status|p1a: Snorlax|slp|[from] move: Rest
|
|-heal|p2a: Fraulein|41\/304 psn|[from] item: Leftovers
|-damage|p2a: Fraulein|3\/304 psn|[from] psn
|turn|39
|c| Ununhexium|why
|
|move|p2a: Fraulein|Moonblast|p1a: Snorlax
|-damage|p1a: Snorlax|431\/524 slp
|cant|p1a: Snorlax|slp
|
|-heal|p2a: Fraulein|22\/304 psn|[from] item: Leftovers
|-heal|p1a: Snorlax|463\/524 slp|[from] item: Leftovers
|-damage|p2a: Fraulein|0 fnt|[from] psn
|faint|p2a: Fraulein
|c|★tipsy Russian|why what
|
|switch|p2a: Lola|Milotic, F|241\/331 psn
|turn|40
|c| Ununhexium|why were you so mad
|c| Ununhexium|rn
|c|★tipsy Russian|idk
|
|move|p2a: Lola|Scald|p1a: Snorlax
|-damage|p1a: Snorlax|364\/524 slp
|cant|p1a: Snorlax|slp
|
|-heal|p1a: Snorlax|396\/524 slp|[from] item: Leftovers
|-damage|p2a: Lola|200\/331 psn|[from] psn
|turn|41
|c|★tipsy Russian|i was jking
|c|★tipsy Russian|l0l
|
|move|p2a: Lola|Scald|p1a: Snorlax
|-damage|p1a: Snorlax|297\/524 slp
|-curestatus|p1a: Snorlax|slp
|move|p1a: Snorlax|Frustration|p2a: Lola
|-damage|p2a: Lola|0 fnt
|faint|p2a: Lola
|
|win|tipsy Russian
|raw|Ladder updating...
|raw|tipsy Russian's rating: 1472 &rarr; <strong>1484<\/strong><br \/>(+12 for winning)
|raw|SleepyCell's rating: 1306 &rarr; <strong>1295<\/strong><br \/>(-11 for losing)
|c| Ununhexium|alright
|leave|Good Time $5
|c|★tipsy Russian|gg
|c|★SleepyCell|gg
|leave|SleepyCell
|leave|tipsy Russian
|leave|Cell in a Hell
|player|p2
|player|p1
|leave|Pinkin Lark
|leave|Shit User
|leave|Ununhexium
|join|dragonsrocks1
|c| dragonsrocks1|hi
|leave|DracoMaster Dab