|join|Bl153
|join|Tipsy Russian
|player|p1|Bl153|101
|player|p2|Tipsy Russian|47
|gametype|singles
|gen|6
|tier|UU
|rated
|rule|Sleep Clause Mod: Limit one foe put to sleep
|rule|Species Clause: Limit one of each Pokémon
|rule|OHKO Clause: OHKO moves are banned
|rule|Moody Clause: Moody is banned
|rule|Evasion Moves Clause: Evasion moves are banned
|rule|Endless Battle Clause: Forcing endless battles is banned
|rule|HP Percentage Mod: HP is shown in percentages
|clearpoke
|poke|p1|Blastoise, M
|poke|p1|Jirachi
|poke|p1|Snorlax, M
|poke|p1|Goodra, F
|poke|p1|Amoonguss, M
|poke|p1|Florges, F
|poke|p2|Whimsicott, F, shiny
|poke|p2|Raikou
|poke|p2|Chesnaught, M
|poke|p2|Nidoqueen, F
|poke|p2|Azelf
|poke|p2|Togetic, M
|rule|Swagger Clause: Swagger is banned
|rule|Baton Pass Clause: Limit one Pokémon knowing Baton Pass
|teampreview
|c|★Bl153|gl hf
|c|★Tipsy Russian|u2
|
|start
|switch|p1a: Blastoise|Blastoise, M|361\/361
|switch|p2a: Azelf|Azelf|291\/291
|turn|1
|
|detailschange|p1a: Blastoise|Blastoise-Mega, M
|message|Blastoise has Mega Evolved into Mega Blastoise!
|move|p2a: Azelf|U-turn|p1a: Blastoise
|-damage|p1a: Blastoise|287\/361
|
|switch|p2a: Raikou|Raikou|321\/321
|-ability|p2a: Raikou|Pressure
|move|p1a: Blastoise|Scald|p2a: Raikou
|-damage|p2a: Raikou|224\/321
|
|turn|2
|
|switch|p1a: Amoonguss|Amoonguss, M|431\/431
|move|p2a: Raikou|Volt Switch|p1a: Amoonguss
|-resisted|p1a: Amoonguss
|-damage|p1a: Amoonguss|385\/431
|
|switch|p2a: Azelf|Azelf|291\/291
|
|-heal|p1a: Amoonguss|411\/431|[from] item: Black Sludge
|turn|3
|
|switch|p1a: Jirachi|Jirachi|341\/341
|move|p2a: Azelf|Knock Off|p1a: Jirachi
|-crit|p1a: Jirachi
|-supereffective|p1a: Jirachi
|-damage|p1a: Jirachi|1\/341
|-enditem|p1a: Jirachi|Choice Band|[from] move: Knock Off|[of] p2a: Azelf
|
|turn|4
|
|switch|p1a: Blastoise|Blastoise-Mega, M|287\/361
|move|p2a: Azelf|Knock Off|p1a: Blastoise
|-damage|p1a: Blastoise|224\/361
|
|turn|5
|
|switch|p2a: Raikou|Raikou|224\/321
|-ability|p2a: Raikou|Pressure
|move|p1a: Blastoise|Scald|p2a: Raikou
|-damage|p2a: Raikou|125\/321
|-status|p2a: Raikou|brn
|
|-damage|p2a: Raikou|85\/321 brn|[from] brn
|turn|6
|
|switch|p1a: Amoonguss|Amoonguss, M|431\/431
|move|p2a: Raikou|Volt Switch|p1a: Amoonguss
|-resisted|p1a: Amoonguss
|-damage|p1a: Amoonguss|386\/431
|
|switch|p2a: Azelf|Azelf|291\/291
|
|-heal|p1a: Amoonguss|412\/431|[from] item: Black Sludge
|turn|7
|
|switch|p1a: Blastoise|Blastoise-Mega, M|224\/361
|move|p2a: Azelf|Zen Headbutt|p1a: Blastoise
|-damage|p1a: Blastoise|104\/361
|
|turn|8
|
|move|p2a: Azelf|Zen Headbutt|p1a: Blastoise
|-damage|p1a: Blastoise|0 fnt
|faint|p1a: Blastoise
|
|
|switch|p1a: Snorlax|Snorlax, M|461\/461
|turn|9
|
|switch|p2a: Whimsicott|Whimsicott, F, shiny|261\/261
|move|p1a: Snorlax|Body Slam|p2a: Whimsicott
|-damage|p2a: Whimsicott|126\/261
|-status|p2a: Whimsicott|par
|
|-heal|p2a: Whimsicott|142\/261 par|[from] item: Leftovers
|turn|10
|
|switch|p2a: Togetic|Togetic, M|314\/314
|move|p1a: Snorlax|Fire Punch|p2a: Togetic
|-crit|p2a: Togetic
|-damage|p2a: Togetic|250\/314
|
|turn|11
|
|switch|p1a: Florges|Florges, F|359\/359
|move|p2a: Togetic|Heal Bell|p2a: Togetic
|-cureteam|p2a: Togetic|[from] move: HealBell
|
|turn|12
|
|switch|p2a: Nidoqueen|Nidoqueen, F|348\/348
|move|p1a: Florges|Wish|p1a: Florges
|
|turn|13
|
|switch|p1a: Jirachi|Jirachi|1\/341
|move|p2a: Nidoqueen|Earth Power|p1a: Jirachi
|-supereffective|p1a: Jirachi
|-damage|p1a: Jirachi|0 fnt
|faint|p1a: Jirachi
|
|
|switch|p1a: Goodra|Goodra, F|381\/381
|turn|14
|
|switch|p2a: Raikou|Raikou|85\/321
|-ability|p2a: Raikou|Pressure
|move|p1a: Goodra|Draco Meteor|p2a: Raikou
|-damage|p2a: Raikou|0 fnt
|-unboost|p1a: Goodra|spa|2
|faint|p2a: Raikou
|
|
|switch|p2a: Whimsicott|Whimsicott, F, shiny|142\/261
|turn|15
|
|switch|p1a: Amoonguss|Amoonguss, M|431\/431
|move|p2a: Whimsicott|Encore|p1a: Amoonguss
|-fail|p1a: Amoonguss
|
|-heal|p2a: Whimsicott|158\/261|[from] item: Leftovers
|turn|16
|
|switch|p2a: Nidoqueen|Nidoqueen, F|348\/348
|move|p1a: Amoonguss|Spore|p2a: Nidoqueen
|-status|p2a: Nidoqueen|slp
|
|turn|17
|
|switch|p2a: Azelf|Azelf|291\/291
|switch|p1a: Snorlax|Snorlax, M|461\/461
|
|turn|18
|
|move|p2a: Azelf|U-turn|p1a: Snorlax
|-damage|p1a: Snorlax|384\/461
|
|switch|p2a: Whimsicott|Whimsicott, F, shiny|158\/261
|move|p1a: Snorlax|Body Slam|p2a: Whimsicott
|-damage|p2a: Whimsicott|32\/261
|
|-heal|p2a: Whimsicott|48\/261|[from] item: Leftovers
|turn|19
|
|move|p2a: Whimsicott|Leech Seed|p1a: Snorlax
|-start|p1a: Snorlax|move: Leech Seed
|move|p1a: Snorlax|Fire Punch|p2a: Whimsicott
|-supereffective|p2a: Whimsicott
|-damage|p2a: Whimsicott|0 fnt
|faint|p2a: Whimsicott
|
|
|switch|p2a: Chesnaught|Chesnaught, M|358\/358
|turn|20
|
|switch|p1a: Amoonguss|Amoonguss, M|431\/431
|move|p2a: Chesnaught|Wood Hammer|p1a: Amoonguss
|-resisted|p1a: Amoonguss
|-damage|p1a: Amoonguss|328\/431
|-damage|p2a: Chesnaught|324\/358|[from] recoil|[of] p1a: Amoonguss
|
|-heal|p1a: Amoonguss|354\/431|[from] item: Black Sludge
|turn|21
|
|switch|p2a: Azelf|Azelf|291\/291
|move|p1a: Amoonguss|Clear Smog|p2a: Azelf
|-damage|p2a: Azelf|225\/291
|-clearboost|p2a: Azelf
|
|-heal|p1a: Amoonguss|380\/431|[from] item: Black Sludge
|turn|22
|
|switch|p1a: Florges|Florges, F|359\/359
|move|p2a: Azelf|Zen Headbutt|p1a: Florges
|-damage|p1a: Florges|239\/359
|
|-heal|p1a: Florges|261\/359|[from] item: Leftovers
|turn|23
|
|switch|p2a: Nidoqueen|Nidoqueen, F|348\/348 slp
|move|p1a: Florges|Moonblast|p2a: Nidoqueen
|-resisted|p2a: Nidoqueen
|-damage|p2a: Nidoqueen|279\/348 slp
|
|-heal|p1a: Florges|283\/359|[from] item: Leftovers
|turn|24
|
|switch|p1a: Snorlax|Snorlax, M|384\/461
|cant|p2a: Nidoqueen|slp
|
|turn|25
|
|switch|p2a: Togetic|Togetic, M|250\/314
|move|p1a: Snorlax|Body Slam|p2a: Togetic
|-damage|p2a: Togetic|174\/314
|
|turn|26
|
|move|p2a: Togetic|Heal Bell|p2a: Togetic
|-cureteam|p2a: Togetic|[from] move: HealBell
|move|p1a: Snorlax|Body Slam|p2a: Togetic
|-damage|p2a: Togetic|92\/314
|
|turn|27
|
|move|p2a: Togetic|Roost|p2a: Togetic
|-heal|p2a: Togetic|249\/314
|move|p1a: Snorlax|Body Slam|p2a: Togetic
|-damage|p2a: Togetic|170\/314
|
|turn|28
|
|move|p2a: Togetic|Dazzling Gleam|p1a: Snorlax
|-damage|p1a: Snorlax|333\/461
|move|p1a: Snorlax|Body Slam|p2a: Togetic
|-damage|p2a: Togetic|91\/314
|
|turn|29
|
|move|p2a: Togetic|Roost|p2a: Togetic
|-heal|p2a: Togetic|248\/314
|move|p1a: Snorlax|Body Slam|p2a: Togetic
|-damage|p2a: Togetic|164\/314
|
|turn|30
|
|move|p2a: Togetic|Dazzling Gleam|p1a: Snorlax
|-damage|p1a: Snorlax|281\/461
|move|p1a: Snorlax|Body Slam|p2a: Togetic
|-damage|p2a: Togetic|80\/314
|
|turn|31
|
|switch|p1a: Florges|Florges, F|283\/359
|move|p2a: Togetic|Roost|p2a: Togetic
|-heal|p2a: Togetic|237\/314
|
|-heal|p1a: Florges|305\/359|[from] item: Leftovers
|turn|32
|
|switch|p2a: Nidoqueen|Nidoqueen, F|279\/348
|move|p1a: Florges|Wish|p1a: Florges
|
|-heal|p1a: Florges|327\/359|[from] item: Leftovers
|turn|33
|
|switch|p1a: Snorlax|Snorlax, M|281\/461
|move|p2a: Nidoqueen|Sludge Wave|p1a: Snorlax
|-damage|p1a: Snorlax|141\/461
|
|-heal|p1a: Snorlax|320\/461|[from] move: Wish|[wisher] Florges
|turn|34
|
|move|p2a: Nidoqueen|Sludge Wave|p1a: Snorlax
|-damage|p1a: Snorlax|176\/461
|move|p1a: Snorlax|Body Slam|p2a: Nidoqueen
|-damage|p2a: Nidoqueen|114\/348
|
|turn|35
|
|switch|p1a: Amoonguss|Amoonguss, M|431\/431
|move|p2a: Nidoqueen|Sludge Wave|p1a: Amoonguss
|-damage|p1a: Amoonguss|227\/431
|
|-heal|p1a: Amoonguss|253\/431|[from] item: Black Sludge
|turn|36
|
|move|p2a: Nidoqueen|Sludge Wave|p1a: Amoonguss
|-damage|p1a: Amoonguss|74\/431
|move|p1a: Amoonguss|Spore|p2a: Nidoqueen
|-status|p2a: Nidoqueen|slp
|
|-heal|p1a: Amoonguss|100\/431|[from] item: Black Sludge
|turn|37
|
|switch|p2a: Chesnaught|Chesnaught, M|324\/358
|move|p1a: Amoonguss|Foul Play|p2a: Chesnaught
|-resisted|p2a: Chesnaught
|-damage|p2a: Chesnaught|275\/358
|
|-heal|p1a: Amoonguss|126\/431|[from] item: Black Sludge
|turn|38
|
|switch|p1a: Florges|Florges, F|327\/359
|move|p2a: Chesnaught|Earthquake|p1a: Florges
|-damage|p1a: Florges|154\/359
|
|-heal|p1a: Florges|176\/359|[from] item: Leftovers
|turn|39
|
|move|p1a: Florges|Protect|p1a: Florges
|-singleturn|p1a: Florges|Protect
|move|p2a: Chesnaught|Earthquake|p1a: Florges
|-activate|p1a: Florges|Protect
|
|-heal|p1a: Florges|198\/359|[from] item: Leftovers
|turn|40
|
|switch|p2a: Azelf|Azelf|225\/291
|move|p1a: Florges|Wish|p1a: Florges
|
|-heal|p1a: Florges|220\/359|[from] item: Leftovers
|turn|41
|
|switch|p1a: Snorlax|Snorlax, M|176\/461
|move|p2a: Azelf|Zen Headbutt|p1a: Snorlax
|-damage|p1a: Snorlax|40\/461
|
|-heal|p1a: Snorlax|219\/461|[from] move: Wish|[wisher] Florges
|turn|42
|
|switch|p2a: Togetic|Togetic, M|237\/314
|move|p1a: Snorlax|Body Slam|p2a: Togetic
|-damage|p2a: Togetic|164\/314
|-status|p2a: Togetic|par
|
|turn|43
|
|switch|p1a: Florges|Florges, F|220\/359
|cant|p2a: Togetic|par
|
|-heal|p1a: Florges|242\/359|[from] item: Leftovers
|turn|44
|
|move|p1a: Florges|Wish|p1a: Florges
|move|p2a: Togetic|Heal Bell|p2a: Togetic
|-cureteam|p2a: Togetic|[from] move: HealBell
|
|-heal|p1a: Florges|264\/359|[from] item: Leftovers
|turn|45
|
|switch|p1a: Snorlax|Snorlax, M|219\/461
|switch|p2a: Nidoqueen|Nidoqueen, F|114\/348
|
|-heal|p1a: Snorlax|398\/461|[from] move: Wish|[wisher] Florges
|turn|46
|
|move|p2a: Nidoqueen|Stealth Rock|p1a: Snorlax
|-sidestart|p1: Bl153|move: Stealth Rock
|move|p1a: Snorlax|Body Slam|p2a: Nidoqueen
|-damage|p2a: Nidoqueen|0 fnt
|faint|p2a: Nidoqueen
|
|
|switch|p2a: Togetic|Togetic, M|164\/314
|turn|47
|
|move|p2a: Togetic|Dazzling Gleam|p1a: Snorlax
|-damage|p1a: Snorlax|353\/461
|move|p1a: Snorlax|Body Slam|p2a: Togetic
|-damage|p2a: Togetic|89\/314
|-status|p2a: Togetic|par
|
|turn|48
|
|move|p1a: Snorlax|Body Slam|p2a: Togetic
|-damage|p2a: Togetic|13\/314 par
|move|p2a: Togetic|Roost|p2a: Togetic
|-heal|p2a: Togetic|170\/314 par
|
|turn|49
|
|move|p1a: Snorlax|Body Slam|p2a: Togetic
|-damage|p2a: Togetic|94\/314 par
|cant|p2a: Togetic|par
|
|turn|50
|
|move|p1a: Snorlax|Body Slam|p2a: Togetic
|-crit|p2a: Togetic
|-damage|p2a: Togetic|0 fnt
|faint|p2a: Togetic
|
|
|switch|p2a: Chesnaught|Chesnaught, M|275\/358
|turn|51
|
|switch|p1a: Amoonguss|Amoonguss, M|269\/431
|-damage|p1a: Amoonguss|216\/431|[from] Stealth Rock
|move|p2a: Chesnaught|Wood Hammer|p1a: Amoonguss
|-resisted|p1a: Amoonguss
|-damage|p1a: Amoonguss|112\/431
|-damage|p2a: Chesnaught|241\/358|[from] recoil|[of] p1a: Amoonguss
|
|-heal|p1a: Amoonguss|138\/431|[from] item: Black Sludge
|turn|52
|
|move|p2a: Chesnaught|Wood Hammer|p1a: Amoonguss
|-resisted|p1a: Amoonguss
|-damage|p1a: Amoonguss|30\/431
|-damage|p2a: Chesnaught|205\/358|[from] recoil|[of] p1a: Amoonguss
|move|p1a: Amoonguss|Clear Smog|p2a: Chesnaught
|-crit|p2a: Chesnaught
|-supereffective|p2a: Chesnaught
|-damage|p2a: Chesnaught|0 fnt
|-clearboost|p2a: Chesnaught
|faint|p2a: Chesnaught
|
|-heal|p1a: Amoonguss|56\/431|[from] item: Black Sludge
|c|★Tipsy Russian|nice crits
|
|switch|p2a: Azelf|Azelf|225\/291
|turn|53
|c|★Bl153|yeah whatever I lost 4 straight cause of hax so quiet honestly
|c|★Tipsy Russian|i didnt
|c|★Tipsy Russian|thats your problem
|
|move|p2a: Azelf|Zen Headbutt|p1a: Amoonguss
|-supereffective|p1a: Amoonguss
|-damage|p1a: Amoonguss|0 fnt
|faint|p1a: Amoonguss
|
|
|switch|p1a: Snorlax|Snorlax, M|353\/461
|-damage|p1a: Snorlax|296\/461|[from] Stealth Rock
|turn|54
|
|move|p2a: Azelf|Zen Headbutt|p1a: Snorlax
|-damage|p1a: Snorlax|152\/461
|cant|p1a: Snorlax|flinch
|
|turn|55
|
|move|p2a: Azelf|Zen Headbutt|p1a: Snorlax
|-damage|p1a: Snorlax|16\/461
|move|p1a: Snorlax|Body Slam|p2a: Azelf
|-damage|p2a: Azelf|24\/291
|
|turn|56
|
|move|p2a: Azelf|Zen Headbutt|p1a: Snorlax
|-damage|p1a: Snorlax|0 fnt
|faint|p1a: Snorlax
|
|
|switch|p1a: Florges|Florges, F|264\/359
|-damage|p1a: Florges|220\/359|[from] Stealth Rock
|turn|57
|
|move|p1a: Florges|Protect|p1a: Florges
|-singleturn|p1a: Florges|Protect
|move|p2a: Azelf|Zen Headbutt|p1a: Florges
|-activate|p1a: Florges|Protect
|
|-heal|p1a: Florges|242\/359|[from] item: Leftovers
|turn|58
|
|move|p2a: Azelf|Zen Headbutt|p1a: Florges
|-damage|p1a: Florges|124\/359
|move|p1a: Florges|Moonblast|p2a: Azelf
|-damage|p2a: Azelf|0 fnt
|faint|p2a: Azelf
|
|win|Bl153
|raw|Ladder updating...
|raw|Bl153's rating: 1396 &rarr; <strong>1419<\/strong><br \/>(+23 for winning)
|raw|Tipsy Russian's rating: 1457 &rarr; <strong>1433<\/strong><br \/>(-24 for losing)
|c|★Bl153|gg
|leave|Tipsy Russian
|player|p2