|join|Tipsy Russian
|join|TehSheep
|player|p1|Tipsy Russian|47
|player|p2|TehSheep|124
|gametype|singles
|gen|6
|tier|UU
|rated
|rule|Sleep Clause Mod: Limit one foe put to sleep
|rule|Species Clause: Limit one of each Pokémon
|rule|OHKO Clause: OHKO moves are banned
|rule|Moody Clause: Moody is banned
|rule|Evasion Moves Clause: Evasion moves are banned
|rule|Endless Battle Clause: Forcing endless battles is banned
|rule|HP Percentage Mod: HP is shown in percentages
|clearpoke
|poke|p1|Whimsicott, F
|poke|p1|Infernape, M
|poke|p1|Raikou
|poke|p1|Florges, F
|poke|p1|Gligar, F
|poke|p1|Starmie
|poke|p2|Shuckle, M
|poke|p2|Raichu, M
|poke|p2|Flygon, M
|poke|p2|Sableye, M, shiny
|poke|p2|Roserade, M
|poke|p2|Blastoise, F
|rule|Swagger Clause: Swagger is banned
|rule|Baton Pass Clause: Limit one Pokémon knowing Baton Pass
|teampreview
|c|★TehSheep|gl;hf
|
|start
|switch|p1a: Whimsicott|Whimsicott, F|261\/261
|switch|p2a: Roserade|Roserade, M|323\/323
|turn|1
|
|switch|p1a: Raikou|Raikou|321\/321
|-ability|p1a: Raikou|Pressure
|move|p2a: Roserade|Sludge Bomb|p1a: Raikou
|-damage|p1a: Raikou|242\/321
|
|turn|2
|
|move|p1a: Raikou|Extrasensory|p2a: Roserade
|-supereffective|p2a: Roserade
|-damage|p2a: Roserade|205\/323
|move|p2a: Roserade|Toxic Spikes|p1a: Raikou
|-sidestart|p1: Tipsy Russian|move: Toxic Spikes
|
|-heal|p2a: Roserade|225\/323|[from] item: Black Sludge
|turn|3
|
|switch|p1a: Starmie|Starmie|261\/261
|-status|p1a: Starmie|psn
|move|p2a: Roserade|Leech Seed|p1a: Starmie
|-start|p1a: Starmie|move: Leech Seed
|
|-heal|p2a: Roserade|245\/323|[from] item: Black Sludge
|-damage|p1a: Starmie|229\/261 psn|[from] Leech Seed|[of] p2a: Roserade
|-heal|p2a: Roserade|277\/323|[silent]
|-damage|p1a: Starmie|197\/261 psn|[from] psn
|turn|4
|
|switch|p2a: Sableye|Sableye, M, shiny|304\/304
|move|p1a: Starmie|Psyshock|p2a: Sableye
|-immune|p2a: Sableye|[msg]
|
|-heal|p1a: Starmie|213\/261 psn|[from] item: Leftovers
|-damage|p1a: Starmie|181\/261 psn|[from] Leech Seed|[of] p2a: Sableye
|-damage|p1a: Starmie|149\/261 psn|[from] psn
|turn|5
|
|switch|p1a: Florges|Florges, F|341\/341
|-status|p1a: Florges|psn
|move|p2a: Sableye|Trick|p1a: Florges
|-activate|p2a: Sableye|move: Trick|[of] p1a: Florges
|-item|p1a: Florges|Iron Ball|[from] move: Trick
|-item|p2a: Sableye|Leftovers|[from] move: Trick
|
|-damage|p1a: Florges|299\/341 psn|[from] psn
|turn|6
|
|switch|p2a: Roserade|Roserade, M|277\/323
|move|p1a: Florges|Moonblast|p2a: Roserade
|-resisted|p2a: Roserade
|-damage|p2a: Roserade|238\/323
|
|-heal|p2a: Roserade|258\/323|[from] item: Black Sludge
|-damage|p1a: Florges|257\/341 psn|[from] psn
|turn|7
|
|switch|p1a: Infernape|Infernape, M|293\/293
|-status|p1a: Infernape|psn
|move|p2a: Roserade|Substitute|p2a: Roserade
|-start|p2a: Roserade|Substitute
|-damage|p2a: Roserade|178\/323
|
|-heal|p2a: Roserade|198\/323|[from] item: Black Sludge
|-damage|p1a: Infernape|257\/293 psn|[from] psn
|turn|8
|
|move|p1a: Infernape|Flare Blitz|p2a: Roserade
|-supereffective|p2a: Roserade
|-end|p2a: Roserade|Substitute
|-damage|p1a: Infernape|231\/293 psn|[from] recoil|[of] p2a: Roserade
|-damage|p1a: Infernape|202\/293 psn|[from] item: Life Orb
|move|p2a: Roserade|Sludge Bomb|p1a: Infernape
|-damage|p1a: Infernape|27\/293 psn
|
|-heal|p2a: Roserade|218\/323|[from] item: Black Sludge
|-damage|p1a: Infernape|0 fnt|[from] psn
|faint|p1a: Infernape
|
|switch|p1a: Raikou|Raikou|242\/321
|-status|p1a: Raikou|psn
|-ability|p1a: Raikou|Pressure
|turn|9
|
|move|p1a: Raikou|Volt Switch|p2a: Roserade
|-resisted|p2a: Roserade
|-damage|p2a: Roserade|182\/323
|
|switch|p1a: Gligar|Gligar, F|324\/324
|move|p2a: Roserade|Leech Seed|p1a: Gligar
|-start|p1a: Gligar|move: Leech Seed
|
|-heal|p2a: Roserade|202\/323|[from] item: Black Sludge
|-damage|p1a: Gligar|284\/324|[from] Leech Seed|[of] p2a: Roserade
|-heal|p2a: Roserade|242\/323|[silent]
|turn|10
|
|switch|p2a: Shuckle|Shuckle, M|244\/244
|move|p1a: Gligar|Knock Off|p2a: Shuckle
|-damage|p2a: Shuckle|218\/244
|-enditem|p2a: Shuckle|Leftovers|[from] move: Knock Off|[of] p1a: Gligar
|
|-damage|p1a: Gligar|244\/324|[from] Leech Seed|[of] p2a: Shuckle
|-heal|p2a: Shuckle|244\/244|[silent]
|turn|11
|-message|Tipsy Russian forfeited.
|
|win|TehSheep
|raw|Ladder updating...
|leave|Tipsy Russian
|player|p1
|raw|Tipsy Russian's rating: 1508 &rarr; <strong>1479<\/strong><br \/>(-29 for losing)
|raw|TehSheep's rating: 1345 &rarr; <strong>1374<\/strong><br \/>(+29 for winning)