|join|CoolTrainerGary
|join|sdarbzzz
|player|p1|CoolTrainerGary|102
|player|p2|sdarbzzz|163
|gametype|singles
|gen|6
|tier|UU
|rated
|rule|Sleep Clause Mod: Limit one foe put to sleep
|rule|Species Clause: Limit one of each Pokémon
|rule|OHKO Clause: OHKO moves are banned
|rule|Moody Clause: Moody is banned
|rule|Evasion Moves Clause: Evasion moves are banned
|rule|Endless Battle Clause: Forcing endless battles is banned
|rule|HP Percentage Mod: HP is shown in percentages
|clearpoke
|poke|p1|Azelf
|poke|p1|Moltres
|poke|p1|Raikou
|poke|p1|Entei, shiny
|poke|p1|Celebi
|poke|p1|Lucario, F
|poke|p2|Chandelure, F
|poke|p2|Crobat, F
|poke|p2|Chesnaught, M
|poke|p2|Forretress, M
|poke|p2|Empoleon, M
|poke|p2|Hydreigon, M
|rule|Swagger Clause: Swagger is banned
|rule|Baton Pass Clause: Limit one Pokémon knowing Baton Pass
|teampreview
|
|start
|switch|p1a: Azmah|Azelf|291\/291
|switch|p2a: Crobat|Crobat, F|312\/312
|turn|1
|
|switch|p1a: Raipoo|Raikou|321\/321
|-ability|p1a: Raipoo|Pressure
|move|p2a: Crobat|U-turn|p1a: Raipoo
|-damage|p1a: Raipoo|206\/321
|
|switch|p2a: Hydreigon|Hydreigon, M|325\/325
|
|-heal|p1a: Raipoo|226\/321|[from] item: Leftovers
|turn|2
|
|move|p2a: Hydreigon|Draco Meteor|p1a: Raipoo
|-damage|p1a: Raipoo|0 fnt
|-unboost|p2a: Hydreigon|spa|2
|faint|p1a: Raipoo
|
|
|switch|p1a: Azmah|Azelf|291\/291
|turn|3
|
|switch|p2a: Forretress|Forretress, M|344\/344
|move|p1a: Azmah|Stealth Rock|p2a: Forretress
|-sidestart|p2: sdarbzzz|move: Stealth Rock
|
|turn|4
|
|move|p1a: Azmah|Fire Blast|p2a: Forretress
|-supereffective|p2a: Forretress
|-activate|p2a: Forretress|Sturdy
|-damage|p2a: Forretress|1\/344
|move|p2a: Forretress|Gyro Ball|p1a: Azmah
|-damage|p1a: Azmah|98\/291
|
|turn|5
|
|switch|p2a: Empoleon|Empoleon, M|344\/344
|-damage|p2a: Empoleon|323\/344|[from] Stealth Rock
|move|p1a: Azmah|Explosion|p2a: Empoleon
|-resisted|p2a: Empoleon
|-damage|p2a: Empoleon|162\/344
|faint|p1a: Azmah
|
|
|switch|p1a: Mardis Gras|Entei, shiny|371\/371
|-ability|p1a: Mardis Gras|Pressure
|turn|6
|
|move|p1a: Mardis Gras|Sacred Fire|p2a: Empoleon
|-damage|p2a: Empoleon|0 fnt
|-damage|p1a: Mardis Gras|334\/371|[from] item: Life Orb
|faint|p2a: Empoleon
|
|
|switch|p2a: Hydreigon|Hydreigon, M|325\/325
|-damage|p2a: Hydreigon|285\/325|[from] Stealth Rock
|turn|7
|
|move|p1a: Mardis Gras|Extreme Speed|p2a: Hydreigon
|-damage|p2a: Hydreigon|125\/325
|-damage|p1a: Mardis Gras|297\/371|[from] item: Life Orb
|move|p2a: Hydreigon|Earth Power|p1a: Mardis Gras
|-supereffective|p1a: Mardis Gras
|-damage|p1a: Mardis Gras|21\/371
|-unboost|p1a: Mardis Gras|spd|1
|
|turn|8
|
|move|p2a: Hydreigon|Earth Power|p1a: Mardis Gras
|-supereffective|p1a: Mardis Gras
|-damage|p1a: Mardis Gras|0 fnt
|faint|p1a: Mardis Gras
|
|
|switch|p1a: Trey8|Moltres|347\/347
|-ability|p1a: Trey8|Pressure
|turn|9
|
|switch|p2a: Forretress|Forretress, M|1\/344
|-damage|p2a: Forretress|0 fnt|[from] Stealth Rock
|faint|p2a: Forretress
|move|p1a: Trey8|Agility|p1a: Trey8
|-boost|p1a: Trey8|spe|2
|
|
|switch|p2a: Chandelure|Chandelure, F|261\/261
|-damage|p2a: Chandelure|196\/261|[from] Stealth Rock
|turn|10
|
|move|p1a: Trey8|Air Slash|p2a: Chandelure
|-damage|p2a: Chandelure|0 fnt
|-damage|p1a: Trey8|313\/347|[from] item: Life Orb
|faint|p2a: Chandelure
|
|
|switch|p2a: Hydreigon|Hydreigon, M|125\/325
|-damage|p2a: Hydreigon|85\/325|[from] Stealth Rock
|turn|11
|
|move|p1a: Trey8|Air Slash|p2a: Hydreigon
|-damage|p2a: Hydreigon|0 fnt
|-damage|p1a: Trey8|279\/347|[from] item: Life Orb
|faint|p2a: Hydreigon
|
|
|switch|p2a: Crobat|Crobat, F|312\/312
|-damage|p2a: Crobat|234\/312|[from] Stealth Rock
|turn|12
|
|move|p1a: Trey8|Fire Blast|p2a: Crobat|[miss]
|-miss|p1a: Trey8|p2a: Crobat
|move|p2a: Crobat|Brave Bird|p1a: Trey8
|-damage|p1a: Trey8|0 fnt
|-damage|p2a: Crobat|142\/312|[from] recoil|[of] p1a: Trey8
|faint|p1a: Trey8
|
|
|switch|p1a: Lucario|Lucario, F|281\/281
|turn|13
|
|move|p1a: Lucario|Extreme Speed|p2a: Crobat
|-damage|p2a: Crobat|0 fnt
|-damage|p1a: Lucario|253\/281|[from] item: Life Orb
|faint|p2a: Crobat
|
|
|switch|p2a: Chesnaught|Chesnaught, M|376\/376
|-damage|p2a: Chesnaught|353\/376|[from] Stealth Rock
|turn|14
|
|move|p1a: Lucario|Close Combat|p2a: Chesnaught
|-damage|p2a: Chesnaught|197\/376
|-unboost|p1a: Lucario|def|1
|-unboost|p1a: Lucario|spd|1
|-damage|p1a: Lucario|225\/281|[from] item: Life Orb
|move|p2a: Chesnaught|Drain Punch|p1a: Lucario
|-supereffective|p1a: Lucario
|-damage|p1a: Lucario|0 fnt
|-heal|p2a: Chesnaught|310\/376|[from] drain|[of] p1a: Lucario
|faint|p1a: Lucario
|
|-heal|p2a: Chesnaught|333\/376|[from] item: Leftovers
|
|switch|p1a: Onion|Celebi|404\/404
|turn|15
|
|move|p1a: Onion|Nasty Plot|p1a: Onion
|-boost|p1a: Onion|spa|2
|move|p2a: Chesnaught|Drain Punch|p1a: Onion
|-resisted|p1a: Onion
|-damage|p1a: Onion|358\/404
|-heal|p2a: Chesnaught|356\/376|[from] drain|[of] p1a: Onion
|
|-heal|p2a: Chesnaught|376\/376|[from] item: Leftovers
|turn|16
|
|move|p1a: Onion|Nasty Plot|p1a: Onion
|-boost|p1a: Onion|spa|2
|move|p2a: Chesnaught|Drain Punch|p1a: Onion
|-resisted|p1a: Onion
|-damage|p1a: Onion|310\/404
|
|turn|17
|
|move|p1a: Onion|Nasty Plot|p1a: Onion
|-boost|p1a: Onion|spa|2
|move|p2a: Chesnaught|Drain Punch|p1a: Onion
|-resisted|p1a: Onion
|-damage|p1a: Onion|263\/404
|
|turn|18
|
|move|p1a: Onion|Giga Drain|p2a: Chesnaught
|-resisted|p2a: Chesnaught
|-damage|p2a: Chesnaught|142\/376
|-heal|p1a: Onion|380\/404|[from] drain|[of] p2a: Chesnaught
|move|p2a: Chesnaught|Drain Punch|p1a: Onion
|-resisted|p1a: Onion
|-damage|p1a: Onion|332\/404
|-heal|p2a: Chesnaught|166\/376|[from] drain|[of] p1a: Onion
|
|-heal|p2a: Chesnaught|189\/376|[from] item: Leftovers
|turn|19
|c|★CoolTrainerGary|gg
|c|★sdarbzzz|gg
|
|move|p1a: Onion|Giga Drain|p2a: Chesnaught
|-resisted|p2a: Chesnaught
|-damage|p2a: Chesnaught|0 fnt
|-heal|p1a: Onion|404\/404|[from] drain|[of] p2a: Chesnaught
|faint|p2a: Chesnaught
|
|win|CoolTrainerGary
|raw|Ladder updating...
|raw|CoolTrainerGary's rating: 1443 &rarr; <strong>1453<\/strong><br \/>(+10 for winning)
|raw|sdarbzzz's rating: 1244 &rarr; <strong>1232<\/strong><br \/>(-12 for losing)