|join|silent on rampage
|join|ALIENS ARE COMING
|player|p1|silent on rampage|158
|player|p2|ALIENS ARE COMING|23
|gametype|singles
|gen|6
|tier|UU
|rated
|rule|Sleep Clause Mod: Limit one foe put to sleep
|rule|Species Clause: Limit one of each Pokémon
|rule|OHKO Clause: OHKO moves are banned
|rule|Moody Clause: Moody is banned
|rule|Evasion Moves Clause: Evasion moves are banned
|rule|Endless Battle Clause: Forcing endless battles is banned
|rule|HP Percentage Mod: HP is shown in percentages
|clearpoke
|poke|p1|Pangoro, F, shiny
|poke|p1|Florges, F
|poke|p1|Crobat, F
|poke|p1|Doublade, M
|poke|p1|Swampert, F
|poke|p1|Slowking, M
|poke|p2|Jirachi
|poke|p2|Lucario, F
|poke|p2|Medicham, M
|poke|p2|Crobat, F
|poke|p2|Vaporeon, M
|poke|p2|Hydreigon, F
|rule|Swagger Clause: Swagger is banned
|rule|Baton Pass Clause: Limit one Pokémon knowing Baton Pass
|teampreview
|
|start
|switch|p1a: Crobat|Crobat, F|373\/373
|switch|p2a: Jirachi|Jirachi|404\/404
|turn|1
|
|switch|p1a: Swampert|Swampert, F|403\/403
|move|p2a: Jirachi|Stealth Rock|p1a: Swampert
|-sidestart|p1: silent on rampage|move: Stealth Rock
|
|turn|2
|
|switch|p2a: Vaporeon|Vaporeon, M|464\/464
|detailschange|p1a: Swampert|Swampert-Mega, F
|-mega|p1a: Swampert|Swampert|Swampertite
|move|p1a: Swampert|Stealth Rock|p2a: Vaporeon
|-sidestart|p2: ALIENS ARE COMING|move: Stealth Rock
|
|turn|3
|
|switch|p1a: Slowking|Slowking, M|394\/394
|-damage|p1a: Slowking|345\/394|[from] Stealth Rock
|move|p2a: Vaporeon|Scald|p1a: Slowking
|-resisted|p1a: Slowking
|-damage|p1a: Slowking|301\/394
|-status|p1a: Slowking|brn
|
|-heal|p1a: Slowking|325\/394 brn|[from] item: Leftovers
|-damage|p1a: Slowking|276\/394 brn|[from] brn
|turn|4
|
|move|p2a: Vaporeon|Protect|p2a: Vaporeon
|-singleturn|p2a: Vaporeon|Protect
|move|p1a: Slowking|Trick Room|p1a: Slowking
|-fieldstart|move: Trick Room|[of] p1a: Slowking
|
|-heal|p1a: Slowking|300\/394 brn|[from] item: Leftovers
|-damage|p1a: Slowking|251\/394 brn|[from] brn
|turn|5
|
|move|p1a: Slowking|Psyshock|p2a: Vaporeon
|-damage|p2a: Vaporeon|346\/464
|move|p2a: Vaporeon|Wish|p2a: Vaporeon
|
|-heal|p1a: Slowking|275\/394 brn|[from] item: Leftovers
|-heal|p2a: Vaporeon|375\/464|[from] item: Leftovers
|-damage|p1a: Slowking|226\/394 brn|[from] brn
|turn|6
|
|switch|p1a: Florges|Florges, F|360\/360
|-damage|p1a: Florges|315\/360|[from] Stealth Rock
|move|p2a: Vaporeon|Scald|p1a: Florges
|-damage|p1a: Florges|255\/360
|-status|p1a: Florges|brn
|
|-heal|p2a: Vaporeon|464\/464|[from] move: Wish|[wisher] Vaporeon
|-heal|p1a: Florges|277\/360 brn|[from] item: Leftovers
|-damage|p1a: Florges|232\/360 brn|[from] brn
|turn|7
|
|move|p2a: Vaporeon|Scald|p1a: Florges
|-damage|p1a: Florges|168\/360 brn
|move|p1a: Florges|Aromatherapy|p1a: Florges
|-cureteam|p1a: Florges|[from] move: Aromatherapy
|
|-heal|p1a: Florges|190\/360|[from] item: Leftovers
|turn|8
|
|move|p2a: Vaporeon|Scald|p1a: Florges
|-damage|p1a: Florges|126\/360
|move|p1a: Florges|Wish|p1a: Florges
|
|-heal|p1a: Florges|148\/360|[from] item: Leftovers
|-fieldend|move: Trick Room
|turn|9
|
|switch|p2a: Jirachi|Jirachi|404\/404
|-damage|p2a: Jirachi|379\/404|[from] Stealth Rock
|move|p1a: Florges|Moonblast|p2a: Jirachi
|-resisted|p2a: Jirachi
|-damage|p2a: Jirachi|338\/404
|
|-heal|p1a: Florges|328\/360|[from] move: Wish|[wisher] Florges
|-heal|p2a: Jirachi|363\/404|[from] item: Leftovers
|-heal|p1a: Florges|350\/360|[from] item: Leftovers
|turn|10
|
|switch|p1a: Doublade|Doublade, M|322\/322
|-damage|p1a: Doublade|302\/322|[from] Stealth Rock
|move|p2a: Jirachi|U-turn|p1a: Doublade
|-resisted|p1a: Doublade
|-damage|p1a: Doublade|296\/322
|
|switch|p2a: Vaporeon|Vaporeon, M|464\/464
|-damage|p2a: Vaporeon|406\/464|[from] Stealth Rock
|
|-heal|p2a: Vaporeon|435\/464|[from] item: Leftovers
|turn|11
|
|switch|p1a: Slowking|Slowking, M|357\/394
|-damage|p1a: Slowking|308\/394|[from] Stealth Rock
|move|p2a: Vaporeon|Scald|p1a: Slowking
|-resisted|p1a: Slowking
|-damage|p1a: Slowking|262\/394
|
|-heal|p2a: Vaporeon|464\/464|[from] item: Leftovers
|-heal|p1a: Slowking|286\/394|[from] item: Leftovers
|turn|12
|
|move|p2a: Vaporeon|Scald|p1a: Slowking
|-resisted|p1a: Slowking
|-damage|p1a: Slowking|237\/394
|move|p1a: Slowking|Nasty Plot|p1a: Slowking
|-boost|p1a: Slowking|spa|2
|
|-heal|p1a: Slowking|261\/394|[from] item: Leftovers
|turn|13
|
|move|p2a: Vaporeon|Scald|p1a: Slowking
|-resisted|p1a: Slowking
|-damage|p1a: Slowking|214\/394
|move|p1a: Slowking|Psyshock|p2a: Vaporeon
|-damage|p2a: Vaporeon|187\/464
|
|-heal|p2a: Vaporeon|216\/464|[from] item: Leftovers
|-heal|p1a: Slowking|238\/394|[from] item: Leftovers
|turn|14
|
|switch|p2a: Hydreigon|Hydreigon, F|325\/325
|-damage|p2a: Hydreigon|285\/325|[from] Stealth Rock
|move|p1a: Slowking|Nasty Plot|p1a: Slowking
|-boost|p1a: Slowking|spa|2
|
|-heal|p1a: Slowking|262\/394|[from] item: Leftovers
|turn|15
|
|switch|p1a: Florges|Florges, F|350\/360
|-damage|p1a: Florges|305\/360|[from] Stealth Rock
|move|p2a: Hydreigon|Dark Pulse|p1a: Florges
|-resisted|p1a: Florges
|-damage|p1a: Florges|263\/360
|
|-heal|p1a: Florges|285\/360|[from] item: Leftovers
|turn|16
|
|switch|p2a: Jirachi|Jirachi|363\/404
|-damage|p2a: Jirachi|338\/404|[from] Stealth Rock
|switch|p1a: Doublade|Doublade, M|296\/322
|-damage|p1a: Doublade|276\/322|[from] Stealth Rock
|
|-heal|p2a: Jirachi|363\/404|[from] item: Leftovers
|turn|17
|
|move|p2a: Jirachi|Thunder Wave|p1a: Doublade
|-status|p1a: Doublade|par
|cant|p1a: Doublade|par
|
|-heal|p2a: Jirachi|388\/404|[from] item: Leftovers
|turn|18
|
|move|p2a: Jirachi|U-turn|p1a: Doublade
|-resisted|p1a: Doublade
|-damage|p1a: Doublade|270\/322 par
|
|move|p1a: Doublade|Pursuit|p2a: Jirachi|[from]Pursuit
|-supereffective|p2a: Jirachi
|-damage|p2a: Jirachi|212\/404
|switch|p2a: Vaporeon|Vaporeon, M|216\/464
|-damage|p2a: Vaporeon|158\/464|[from] Stealth Rock
|
|-heal|p2a: Vaporeon|187\/464|[from] item: Leftovers
|turn|19
|
|switch|p1a: Pangoro|Pangoro, F, shiny|331\/331
|-damage|p1a: Pangoro|311\/331|[from] Stealth Rock
|move|p2a: Vaporeon|Wish|p2a: Vaporeon
|
|-heal|p2a: Vaporeon|216\/464|[from] item: Leftovers
|turn|20
|
|move|p2a: Vaporeon|Protect|p2a: Vaporeon
|-singleturn|p2a: Vaporeon|Protect
|move|p1a: Pangoro|Swords Dance|p1a: Pangoro
|-boost|p1a: Pangoro|atk|2
|
|-heal|p2a: Vaporeon|448\/464|[from] move: Wish|[wisher] Vaporeon
|-heal|p2a: Vaporeon|464\/464|[from] item: Leftovers
|turn|21
|
|switch|p2a: Jirachi|Jirachi|212\/404
|-damage|p2a: Jirachi|187\/404|[from] Stealth Rock
|move|p1a: Pangoro|Knock Off|p2a: Jirachi
|-supereffective|p2a: Jirachi
|-damage|p2a: Jirachi|0 fnt
|-enditem|p2a: Jirachi|Leftovers|[from] move: Knock Off|[of] p1a: Pangoro
|faint|p2a: Jirachi
|
|
|switch|p2a: Medicham|Medicham, M|261\/261
|-damage|p2a: Medicham|245\/261|[from] Stealth Rock
|turn|22
|
|switch|p1a: Doublade|Doublade, M|270\/322 par
|-damage|p1a: Doublade|250\/322 par|[from] Stealth Rock
|detailschange|p2a: Medicham|Medicham-Mega, M
|-mega|p2a: Medicham|Medicham|Medichamite
|move|p2a: Medicham|High Jump Kick|p1a: Doublade
|-immune|p1a: Doublade|[msg]
|-damage|p2a: Medicham|115\/261|[from] highjumpkick
|
|turn|23
|
|move|p1a: Doublade|Pursuit|p2a: Medicham|[from]Pursuit
|-damage|p2a: Medicham|17\/261
|switch|p2a: Vaporeon|Vaporeon, M|464\/464
|-damage|p2a: Vaporeon|406\/464|[from] Stealth Rock
|
|-heal|p2a: Vaporeon|435\/464|[from] item: Leftovers
|turn|24
|
|switch|p1a: Slowking|Slowking, M|393\/394
|-damage|p1a: Slowking|344\/394|[from] Stealth Rock
|move|p2a: Vaporeon|Wish|p2a: Vaporeon
|
|-heal|p2a: Vaporeon|464\/464|[from] item: Leftovers
|-heal|p1a: Slowking|368\/394|[from] item: Leftovers
|turn|25
|
|switch|p2a: Hydreigon|Hydreigon, F|285\/325
|-damage|p2a: Hydreigon|245\/325|[from] Stealth Rock
|move|p1a: Slowking|Scald|p2a: Hydreigon
|-crit|p2a: Hydreigon
|-resisted|p2a: Hydreigon
|-damage|p2a: Hydreigon|142\/325
|
|-heal|p2a: Hydreigon|325\/325|[from] move: Wish|[wisher] Vaporeon
|-heal|p1a: Slowking|392\/394|[from] item: Leftovers
|turn|26
|
|move|p2a: Hydreigon|U-turn|p1a: Slowking
|-supereffective|p1a: Slowking
|-damage|p1a: Slowking|242\/394
|
|switch|p2a: Vaporeon|Vaporeon, M|464\/464
|-damage|p2a: Vaporeon|406\/464|[from] Stealth Rock
|move|p1a: Slowking|Psyshock|p2a: Vaporeon
|-crit|p2a: Vaporeon
|-damage|p2a: Vaporeon|222\/464
|
|-heal|p2a: Vaporeon|251\/464|[from] item: Leftovers
|-heal|p1a: Slowking|266\/394|[from] item: Leftovers
|turn|27
|
|switch|p1a: Pangoro|Pangoro, F, shiny|311\/331
|-damage|p1a: Pangoro|291\/331|[from] Stealth Rock
|move|p2a: Vaporeon|Wish|p2a: Vaporeon
|
|-heal|p2a: Vaporeon|280\/464|[from] item: Leftovers
|turn|28
|
|move|p1a: Pangoro|Drain Punch|p2a: Vaporeon
|-damage|p2a: Vaporeon|121\/464
|-heal|p1a: Pangoro|331\/331|[from] drain|[of] p2a: Vaporeon
|move|p2a: Vaporeon|Scald|p1a: Pangoro
|-damage|p1a: Pangoro|193\/331
|
|-heal|p2a: Vaporeon|353\/464|[from] move: Wish|[wisher] Vaporeon
|-heal|p2a: Vaporeon|382\/464|[from] item: Leftovers
|turn|29
|
|move|p1a: Pangoro|Drain Punch|p2a: Vaporeon
|-crit|p2a: Vaporeon
|-damage|p2a: Vaporeon|124\/464
|-heal|p1a: Pangoro|322\/331|[from] drain|[of] p2a: Vaporeon
|move|p2a: Vaporeon|Wish|p2a: Vaporeon
|
|-heal|p2a: Vaporeon|153\/464|[from] item: Leftovers
|turn|30
|
|move|p2a: Vaporeon|Protect|p2a: Vaporeon
|-singleturn|p2a: Vaporeon|Protect
|move|p1a: Pangoro|Swords Dance|p1a: Pangoro
|-boost|p1a: Pangoro|atk|2
|
|-heal|p2a: Vaporeon|385\/464|[from] move: Wish|[wisher] Vaporeon
|-heal|p2a: Vaporeon|414\/464|[from] item: Leftovers
|turn|31
|
|switch|p2a: Crobat|Crobat, F|374\/374
|-damage|p2a: Crobat|281\/374|[from] Stealth Rock
|move|p1a: Pangoro|Knock Off|p2a: Crobat
|-damage|p2a: Crobat|0 fnt
|-enditem|p2a: Crobat|Black Sludge|[from] move: Knock Off|[of] p1a: Pangoro
|faint|p2a: Crobat
|
|
|switch|p2a: Medicham|Medicham-Mega, M|17\/261
|-damage|p2a: Medicham|1\/261|[from] Stealth Rock
|turn|32
|
|switch|p1a: Doublade|Doublade, M|250\/322 par
|-damage|p1a: Doublade|230\/322 par|[from] Stealth Rock
|move|p2a: Medicham|Drain Punch|p1a: Doublade
|-immune|p1a: Doublade|[msg]
|
|turn|33
|
|switch|p2a: Vaporeon|Vaporeon, M|414\/464
|-damage|p2a: Vaporeon|356\/464|[from] Stealth Rock
|move|p1a: Doublade|Shadow Sneak|p2a: Vaporeon
|-damage|p2a: Vaporeon|284\/464
|
|-heal|p2a: Vaporeon|313\/464|[from] item: Leftovers
|turn|34
|
|switch|p1a: Florges|Florges, F|285\/360
|-damage|p1a: Florges|240\/360|[from] Stealth Rock
|move|p2a: Vaporeon|Wish|p2a: Vaporeon
|
|-heal|p1a: Florges|262\/360|[from] item: Leftovers
|-heal|p2a: Vaporeon|342\/464|[from] item: Leftovers
|turn|35
|
|move|p1a: Florges|Aromatherapy|p1a: Florges
|-cureteam|p1a: Florges|[from] move: Aromatherapy
|move|p2a: Vaporeon|Scald|p1a: Florges
|-damage|p1a: Florges|202\/360
|
|-heal|p2a: Vaporeon|464\/464|[from] move: Wish|[wisher] Vaporeon
|-heal|p1a: Florges|224\/360|[from] item: Leftovers
|turn|36
|
|move|p1a: Florges|Wish|p1a: Florges
|move|p2a: Vaporeon|Scald|p1a: Florges
|-damage|p1a: Florges|161\/360
|-status|p1a: Florges|brn
|
|-heal|p1a: Florges|183\/360 brn|[from] item: Leftovers
|-damage|p1a: Florges|138\/360 brn|[from] brn
|turn|37
|
|move|p1a: Florges|Aromatherapy|p1a: Florges
|-cureteam|p1a: Florges|[from] move: Aromatherapy
|move|p2a: Vaporeon|Scald|p1a: Florges
|-damage|p1a: Florges|78\/360
|
|-heal|p1a: Florges|258\/360|[from] move: Wish|[wisher] Florges
|-heal|p1a: Florges|280\/360|[from] item: Leftovers
|turn|38
|
|move|p1a: Florges|Moonblast|p2a: Vaporeon
|-damage|p2a: Vaporeon|328\/464
|-unboost|p2a: Vaporeon|spa|1
|move|p2a: Vaporeon|Scald|p1a: Florges
|-damage|p1a: Florges|238\/360
|
|-heal|p1a: Florges|260\/360|[from] item: Leftovers
|-heal|p2a: Vaporeon|357\/464|[from] item: Leftovers
|turn|39
|
|move|p1a: Florges|Wish|p1a: Florges
|move|p2a: Vaporeon|Wish|p2a: Vaporeon
|
|-heal|p1a: Florges|282\/360|[from] item: Leftovers
|-heal|p2a: Vaporeon|386\/464|[from] item: Leftovers
|turn|40
|
|switch|p2a: Lucario|Lucario, F|281\/281
|-damage|p2a: Lucario|273\/281|[from] Stealth Rock
|move|p1a: Florges|Moonblast|p2a: Lucario
|-damage|p2a: Lucario|95\/281
|
|-heal|p1a: Florges|360\/360|[from] move: Wish|[wisher] Florges
|-heal|p2a: Lucario|281\/281|[from] move: Wish|[wisher] Vaporeon
|turn|41
|
|move|p2a: Lucario|Swords Dance|p2a: Lucario
|-boost|p2a: Lucario|atk|2
|move|p1a: Florges|Moonblast|p2a: Lucario
|-damage|p2a: Lucario|121\/281
|
|turn|42
|
|switch|p1a: Crobat|Crobat, F|373\/373
|-damage|p1a: Crobat|280\/373|[from] Stealth Rock
|move|p2a: Lucario|Extreme Speed|p1a: Crobat
|-crit|p1a: Crobat
|-damage|p1a: Crobat|0 fnt
|-damage|p2a: Lucario|93\/281|[from] item: Life Orb
|faint|p1a: Crobat
|
|
|switch|p1a: Doublade|Doublade, M|230\/322
|-damage|p1a: Doublade|210\/322|[from] Stealth Rock
|turn|43
|
|move|p1a: Doublade|Shadow Sneak|p2a: Lucario
|-damage|p2a: Lucario|0 fnt
|faint|p2a: Lucario
|
|
|switch|p2a: Hydreigon|Hydreigon, F|325\/325
|-damage|p2a: Hydreigon|285\/325|[from] Stealth Rock
|turn|44
|-message|ALIENS ARE COMING forfeited.
|
|win|silent on rampage
|raw|Ladder updating...
|leave|ALIENS ARE COMING
|player|p2
|raw|silent on rampage's rating: 1589 &rarr; <strong>1597<\/strong><br \/>(+8 for winning)
|raw|ALIENS ARE COMING's rating: 1350 &rarr; <strong>1342<\/strong><br \/>(-8 for losing)