|join|TheUberTherian
|join|1800Rekt
|player|p1|TheUberTherian|167
|player|p2|1800Rekt|270
|gametype|singles
|gen|6
|tier|OU
|rated
|clearpoke
|poke|p1|Scizor, F
|poke|p1|Mamoswine, M
|poke|p1|Zoroark, F
|poke|p1|Infernape, M
|poke|p1|Thundurus-Therian, M
|poke|p1|Manaphy
|poke|p2|Victini
|poke|p2|Diancie
|poke|p2|Rotom-Wash, shiny
|poke|p2|Keldeo-Resolute, shiny
|poke|p2|Latios, M
|poke|p2|Empoleon, M, shiny
|rule|Swagger Clause: Swagger is banned
|rule|Baton Pass Clause: Limit one Pokémon knowing Baton Pass
|rule|Sleep Clause Mod: Limit one foe put to sleep
|rule|Species Clause: Limit one of each Pokémon
|rule|OHKO Clause: OHKO moves are banned
|rule|Moody Clause: Moody is banned
|rule|Evasion Moves Clause: Evasion moves are banned
|rule|Endless Battle Clause: Forcing endless battles is banned
|rule|HP Percentage Mod: HP is shown in percentages
|teampreview
|c|★TheUberTherian|gl
|
|start
|switch|p1a: Mamoswine|Mamoswine, M|362\/362
|switch|p2a: Rotom-Wash|Rotom-Wash, shiny|304\/304
|turn|1
|
|switch|p1a: Manaphy|Manaphy|341\/341
|move|p2a: Rotom-Wash|Will-O-Wisp|p1a: Manaphy|[miss]
|-miss|p2a: Rotom-Wash|p1a: Manaphy
|
|turn|2
|
|switch|p1a: Thundurus-Therian|Thundurus-Therian, M|299\/299
|move|p2a: Rotom-Wash|Volt Switch|p1a: Thundurus-Therian
|-immune|p1a: Thundurus-Therian|[msg]
|
|turn|3
|
|move|p1a: Thundurus-Therian|Volt Switch|p2a: Rotom-Wash
|-damage|p2a: Rotom-Wash|169\/304
|
|switch|p1a: Manaphy|Manaphy|341\/341
|move|p2a: Rotom-Wash|Will-O-Wisp|p1a: Manaphy
|-status|p1a: Manaphy|brn
|
|-heal|p2a: Rotom-Wash|188\/304|[from] item: Leftovers
|-damage|p1a: Manaphy|299\/341 brn|[from] brn
|turn|4
|
|move|p1a: Manaphy|Energy Ball|p2a: Rotom-Wash
|-supereffective|p2a: Rotom-Wash
|-damage|p2a: Rotom-Wash|26\/304
|move|p2a: Rotom-Wash|Volt Switch|p1a: Manaphy
|-supereffective|p1a: Manaphy
|-damage|p1a: Manaphy|129\/341 brn
|
|switch|p2a: Keldeo-Resolute|Keldeo-Resolute, shiny|324\/324
|
|-heal|p1a: Manaphy|150\/341 brn|[from] item: Leftovers
|-damage|p1a: Manaphy|108\/341 brn|[from] brn
|turn|5
|
|switch|p1a: Thundurus-Therian|Thundurus-Therian, M|299\/299
|move|p2a: Keldeo-Resolute|Secret Sword|p1a: Thundurus-Therian
|-resisted|p1a: Thundurus-Therian
|-damage|p1a: Thundurus-Therian|191\/299
|
|turn|6
|join|Izzy Oak Towers
|
|switch|p2a: Rotom-Wash|Rotom-Wash, shiny|26\/304
|move|p1a: Thundurus-Therian|Volt Switch|p2a: Rotom-Wash
|-damage|p2a: Rotom-Wash|0 fnt
|faint|p2a: Rotom-Wash
|
|switch|p1a: Mamoswine|Mamoswine, M|362\/362
|
|
|switch|p2a: Keldeo-Resolute|Keldeo-Resolute, shiny|324\/324
|turn|7
|
|move|p2a: Keldeo-Resolute|Scald|p1a: Mamoswine
|-supereffective|p1a: Mamoswine
|-enditem|p1a: Mamoswine|Focus Sash
|-damage|p1a: Mamoswine|1\/362
|move|p1a: Mamoswine|Endeavor|p2a: Keldeo-Resolute
|-damage|p2a: Keldeo-Resolute|1\/324
|
|turn|8
|
|move|p1a: Mamoswine|Ice Shard|p2a: Keldeo-Resolute
|-resisted|p2a: Keldeo-Resolute
|-damage|p2a: Keldeo-Resolute|0 fnt
|faint|p2a: Keldeo-Resolute
|
|
|switch|p2a: Victini|Victini|355\/355
|turn|9
|
|switch|p1a: Manaphy|Manaphy|108\/341 brn
|move|p2a: Victini|U-turn|p1a: Manaphy
|-damage|p1a: Manaphy|0 fnt
|faint|p1a: Manaphy
|c|★TheUberTherian|band
|c|★TheUberTherian|(HMM)
|
|switch|p2a: Latios|Latios, M|302\/302
|
|
|switch|p1a: Thundurus-Therian|Thundurus-Therian, M|261\/261
|turn|10
|
|switch|p2a: Diancie|Diancie|244\/244
|move|p1a: Thundurus-Therian|Sucker Punch|p2a: Diancie
|-fail|p2a: Diancie
|
|turn|11
|
|switch|p1a: Scizor|Scizor, F|343\/343
|detailschange|p2a: Diancie|Diancie-Mega
|-mega|p2a: Diancie|Diancie|Diancite
|move|p2a: Diancie|Hidden Power|p1a: Scizor
|-supereffective|p1a: Scizor
|-damage|p1a: Scizor|0 fnt
|faint|p1a: Scizor
|
|
|switch|p1a: Thundurus-Therian|Thundurus-Therian, M|191\/299
|turn|12
|
|move|p1a: Thundurus-Therian|Volt Switch|p2a: Diancie
|-damage|p2a: Diancie|118\/244
|
|switch|p1a: Infernape|Infernape, M|293\/293
|move|p2a: Diancie|Ancient Power|p1a: Infernape
|-crit|p1a: Infernape
|-damage|p1a: Infernape|35\/293
|
|turn|13
|
|move|p1a: Infernape|Mach Punch|p2a: Diancie
|-damage|p2a: Diancie|35\/244
|-damage|p1a: Infernape|6\/293|[from] item: Life Orb
|move|p2a: Diancie|Ancient Power|p1a: Infernape
|-damage|p1a: Infernape|0 fnt
|faint|p1a: Infernape
|
|
|switch|p1a: Thundurus-Therian|Thundurus-Therian, M|191\/299
|turn|14
|
|move|p1a: Thundurus-Therian|Volt Switch|p2a: Diancie
|-damage|p2a: Diancie|0 fnt
|faint|p2a: Diancie
|
|switch|p1a: Mamoswine|Mamoswine, M|261\/261
|
|c|★1800Rekt|What
|c|★1800Rekt|How can Zorko be This and thunderus
|
|switch|p2a: Empoleon|Empoleon, M, shiny|372\/372
|turn|15
|
|switch|p1a: Mamoswine|Mamoswine, M|1\/362
|move|p2a: Empoleon|Scald|p1a: Mamoswine
|-supereffective|p1a: Mamoswine
|-damage|p1a: Mamoswine|0 fnt
|faint|p1a: Mamoswine
|
|
|switch|p1a: Thundurus-Therian|Thundurus-Therian, M|191\/299
|turn|16
|
|move|p1a: Thundurus-Therian|Volt Switch|p2a: Empoleon
|-supereffective|p2a: Empoleon
|-damage|p2a: Empoleon|156\/372
|
|switch|p1a: Zoroark|Zoroark, F|261\/261
|move|p2a: Empoleon|Scald|p1a: Zoroark
|-damage|p1a: Zoroark|98\/261
|-status|p1a: Zoroark|brn
|
|-heal|p2a: Empoleon|179\/372|[from] item: Leftovers
|-damage|p1a: Zoroark|66\/261 brn|[from] brn
|turn|17
|
|move|p1a: Zoroark|Dark Pulse|p2a: Empoleon
|-damage|p2a: Empoleon|53\/372
|-damage|p1a: Zoroark|40\/261 brn|[from] item: Life Orb
|move|p2a: Empoleon|Stealth Rock|p1a: Zoroark
|-sidestart|p1: TheUberTherian|move: Stealth Rock
|
|-heal|p2a: Empoleon|76\/372|[from] item: Leftovers
|-damage|p1a: Zoroark|8\/261 brn|[from] brn
|turn|18
|c|★TheUberTherian|stupid burn
|c|★TheUberTherian|;(
|
|move|p1a: Zoroark|Dark Pulse|p2a: Empoleon
|-damage|p2a: Empoleon|0 fnt
|-damage|p1a: Zoroark|0 fnt|[from] item: Life Orb
|faint|p2a: Empoleon
|faint|p1a: Zoroark
|
|
|switch|p2a: Latios|Latios, M|302\/302
|switch|p1a: Thundurus-Therian|Thundurus-Therian, M|191\/299
|-damage|p1a: Thundurus-Therian|117\/299|[from] Stealth Rock
|turn|19
|
|move|p2a: Latios|Psyshock|p1a: Thundurus-Therian
|-damage|p1a: Thundurus-Therian|0 fnt
|faint|p1a: Thundurus-Therian
|
|win|1800Rekt
|raw|Ladder updating...
|raw|TheUberTherian's rating: 1744 &rarr; <strong>1718<\/strong><br \/>(-26 for losing)
|raw|1800Rekt's rating: 1627 &rarr; <strong>1653<\/strong><br \/>(+26 for winning)
|leave|TheUberTherian
|player|p1
|leave|Izzy Oak Towers