|join|Ace Trainer Apollo
|join|Steez Ibanez
|player|p1|Ace Trainer Apollo|266
|player|p2|Steez Ibanez|290
|gametype|singles
|gen|6
|tier|OU
|rated
|clearpoke
|poke|p1|Archeops, F
|poke|p1|Rotom-Wash
|poke|p1|Flygon, M
|poke|p1|Whimsicott, F
|poke|p1|Jolteon, F
|poke|p1|Beedrill, M
|poke|p2|Altaria, M
|poke|p2|Heatran, M
|poke|p2|Latios, M
|poke|p2|Landorus-Therian, M
|poke|p2|Rotom-Wash
|poke|p2|Clefable, M
|rule|Swagger Clause: Swagger is banned
|rule|Baton Pass Clause: Limit one Pokémon knowing Baton Pass
|rule|Sleep Clause Mod: Limit one foe put to sleep
|rule|Species Clause: Limit one of each Pokémon
|rule|OHKO Clause: OHKO moves are banned
|rule|Moody Clause: Moody is banned
|rule|Evasion Moves Clause: Evasion moves are banned
|rule|Endless Battle Clause: Forcing endless battles is banned
|rule|HP Percentage Mod: HP is shown in percentages
|teampreview
|
|start
|switch|p1a: Mr. Clean|Rotom-Wash|303\/303
|switch|p2a: Shukaku|Landorus-Therian, M|319\/319
|-ability|p2a: Shukaku|Intimidate|[of] p1a: Mr. Clean
|-unboost|p1a: Mr. Clean|atk|1
|turn|1
|
|move|p2a: Shukaku|U-turn|p1a: Mr. Clean
|-damage|p1a: Mr. Clean|237\/303
|
|switch|p2a: Indigo|Clefable, M|394\/394
|move|p1a: Mr. Clean|Volt Switch|p2a: Indigo
|-damage|p2a: Indigo|313\/394
|
|switch|p1a: No.15|Beedrill, M|293\/293
|
|-heal|p2a: Indigo|337\/394|[from] item: Leftovers
|turn|2
|
|switch|p2a: Susano'o|Heatran, M|385\/385
|detailschange|p1a: No.15|Beedrill-Mega, M
|message|Beedrill has Mega Evolved into Mega Beedrill!
|move|p1a: No.15|Knock Off|p2a: Susano'o
|-damage|p2a: Susano'o|269\/385
|-enditem|p2a: Susano'o|Leftovers|[from] move: Knock Off|[of] p1a: No.15
|
|turn|3
|
|switch|p2a: Shukaku|Landorus-Therian, M|319\/319
|-ability|p2a: Shukaku|Intimidate|[of] p1a: No.15
|-unboost|p1a: No.15|atk|1
|move|p1a: No.15|U-turn|p2a: Shukaku
|-resisted|p2a: Shukaku
|-damage|p2a: Shukaku|251\/319
|
|switch|p1a: Mr. Clean|Rotom-Wash|237\/303
|
|-heal|p1a: Mr. Clean|255\/303|[from] item: Leftovers
|turn|4
|
|move|p2a: Shukaku|Knock Off|p1a: Mr. Clean
|-damage|p1a: Mr. Clean|166\/303
|-enditem|p1a: Mr. Clean|Leftovers|[from] move: Knock Off|[of] p2a: Shukaku
|move|p1a: Mr. Clean|Hydro Pump|p2a: Shukaku|[miss]
|-miss|p1a: Mr. Clean|p2a: Shukaku
|
|turn|5
|c|★Ace Trainer Apollo|lovely
|c|★Steez Ibanez|happens
|
|move|p2a: Shukaku|Knock Off|p1a: Mr. Clean
|-damage|p1a: Mr. Clean|105\/303
|move|p1a: Mr. Clean|Volt Switch|p2a: Shukaku
|-immune|p2a: Shukaku|[msg]
|
|turn|6
|
|switch|p2a: Indigo|Clefable, M|337\/394
|move|p1a: Mr. Clean|Hydro Pump|p2a: Indigo|[miss]
|-miss|p1a: Mr. Clean|p2a: Indigo
|
|-heal|p2a: Indigo|361\/394|[from] item: Leftovers
|turn|7
|
|move|p1a: Mr. Clean|Pain Split|p2a: Indigo
|-sethp|p2a: Indigo|233\/394|p1a: Mr. Clean|233\/303|[from] move: Pain Split
|move|p2a: Indigo|Stealth Rock|p1a: Mr. Clean
|-sidestart|p1: Ace Trainer Apollo|move: Stealth Rock
|
|-heal|p2a: Indigo|257\/394|[from] item: Leftovers
|turn|8
|
|move|p1a: Mr. Clean|Volt Switch|p2a: Indigo
|-damage|p2a: Indigo|179\/394
|
|switch|p1a: No.15|Beedrill-Mega, M|293\/293
|-damage|p1a: No.15|220\/293|[from] Stealth Rock
|move|p2a: Indigo|Soft-Boiled|p2a: Indigo
|-heal|p2a: Indigo|376\/394
|
|-heal|p2a: Indigo|394\/394|[from] item: Leftovers
|turn|9
|
|move|p1a: No.15|Knock Off|p2a: Indigo
|-resisted|p2a: Indigo
|-damage|p2a: Indigo|328\/394
|-enditem|p2a: Indigo|Leftovers|[from] move: Knock Off|[of] p1a: No.15
|move|p2a: Indigo|Fire Blast|p1a: No.15
|-supereffective|p1a: No.15
|-damage|p1a: No.15|14\/293
|
|turn|10
|
|switch|p2a: Susano'o|Heatran, M|269\/385
|move|p1a: No.15|Poison Jab|p2a: Susano'o
|-immune|p2a: Susano'o|[msg]
|
|turn|11
|
|switch|p2a: Lavadora|Rotom-Wash|303\/303
|move|p1a: No.15|U-turn|p2a: Lavadora
|-damage|p2a: Lavadora|175\/303
|
|switch|p1a: Antlione|Flygon, M|346\/346
|-damage|p1a: Antlione|325\/346|[from] Stealth Rock
|
|-heal|p2a: Lavadora|193\/303|[from] item: Leftovers
|turn|12
|
|move|p1a: Antlione|Defog|p2a: Lavadora
|-unboost|p2a: Lavadora|evasion|1
|-sideend|p1: Ace Trainer Apollo|Stealth Rock|[from] move: Defog|[of] p1a: Antlione
|move|p2a: Lavadora|Will-O-Wisp|p1a: Antlione
|-status|p1a: Antlione|brn
|-enditem|p1a: Antlione|Lum Berry|[eat]
|-curestatus|p1a: Antlione|brn
|
|-heal|p2a: Lavadora|211\/303|[from] item: Leftovers
|turn|13
|
|switch|p1a: Jolt|Jolteon, F|291\/291
|move|p2a: Lavadora|Will-O-Wisp|p1a: Jolt|[miss]
|-miss|p2a: Lavadora|p1a: Jolt
|
|-heal|p2a: Lavadora|229\/303|[from] item: Leftovers
|turn|14
|
|move|p1a: Jolt|Wish|p1a: Jolt
|move|p2a: Lavadora|Pain Split|p1a: Jolt
|-sethp|p1a: Jolt|260\/291|p2a: Lavadora|260\/303|[from] move: Pain Split
|
|-heal|p2a: Lavadora|278\/303|[from] item: Leftovers
|turn|15
|
|move|p1a: Jolt|Volt Switch|p2a: Lavadora
|-damage|p2a: Lavadora|153\/303
|-damage|p1a: Jolt|231\/291|[from] item: Life Orb
|
|switch|p1a: Mr. Clean|Rotom-Wash|233\/303
|move|p2a: Lavadora|Hydro Pump|p1a: Mr. Clean
|-resisted|p1a: Mr. Clean
|-damage|p1a: Mr. Clean|166\/303
|
|-heal|p1a: Mr. Clean|303\/303|[from] move: Wish|[wisher] Jolt
|-heal|p2a: Lavadora|171\/303|[from] item: Leftovers
|turn|16
|
|move|p1a: Mr. Clean|Will-O-Wisp|p2a: Lavadora
|-status|p2a: Lavadora|brn
|move|p2a: Lavadora|Volt Switch|p1a: Mr. Clean
|-damage|p1a: Mr. Clean|216\/303
|
|switch|p2a: Indigo|Clefable, M|328\/394
|
|turn|17
|
|move|p1a: Mr. Clean|Volt Switch|p2a: Indigo
|-damage|p2a: Indigo|246\/394
|
|switch|p1a: Aero|Archeops, F|311\/311
|move|p2a: Indigo|Moonblast|p1a: Aero
|-damage|p1a: Aero|158\/311
|
|turn|18
|
|move|p1a: Aero|Head Smash|p2a: Indigo
|-damage|p2a: Indigo|0 fnt
|-damage|p1a: Aero|35\/311|[from] recoil|[of] p2a: Indigo
|faint|p2a: Indigo
|
|
|switch|p2a: Shukaku|Landorus-Therian, M|251\/319
|-ability|p2a: Shukaku|Intimidate|[of] p1a: Aero
|-unboost|p1a: Aero|atk|1
|turn|19
|
|switch|p1a: Whimsi|Whimsicott, F|322\/322
|move|p2a: Shukaku|U-turn|p1a: Whimsi
|-damage|p1a: Whimsi|241\/322
|
|switch|p2a: Susano'o|Heatran, M|269\/385
|
|turn|20
|
|move|p1a: Whimsi|U-turn|p2a: Susano'o
|-resisted|p2a: Susano'o
|-damage|p2a: Susano'o|259\/385
|
|switch|p1a: Antlione|Flygon, M|325\/346
|move|p2a: Susano'o|Lava Plume|p1a: Antlione
|-resisted|p1a: Antlione
|-damage|p1a: Antlione|247\/346
|
|turn|21
|
|switch|p2a: Shukaku|Landorus-Therian, M|251\/319
|-ability|p2a: Shukaku|Intimidate|[of] p1a: Antlione
|-unboost|p1a: Antlione|atk|1
|move|p1a: Antlione|Earthquake|p2a: Shukaku
|-immune|p2a: Shukaku|[msg]
|
|turn|22
|
|move|p2a: Shukaku|U-turn|p1a: Antlione
|-damage|p1a: Antlione|140\/346
|
|switch|p2a: Susano'o|Heatran, M|259\/385
|move|p1a: Antlione|Hidden Power|p2a: Susano'o
|-resisted|p2a: Susano'o
|-damage|p2a: Susano'o|251\/385
|
|turn|23
|
|move|p1a: Antlione|Earthquake|p2a: Susano'o
|-supereffective|p2a: Susano'o
|-damage|p2a: Susano'o|0 fnt
|faint|p2a: Susano'o
|
|
|switch|p2a: 99|Latios, M|299\/299
|turn|24
|
|switch|p1a: Jolt|Jolteon, F|231\/291
|move|p2a: 99|Psyshock|p1a: Jolt
|-damage|p1a: Jolt|0 fnt
|-damage|p2a: 99|270\/299|[from] item: Life Orb
|faint|p1a: Jolt
|
|
|switch|p1a: No.15|Beedrill-Mega, M|14\/293
|turn|25
|
|switch|p2a: Shukaku|Landorus-Therian, M|251\/319
|-ability|p2a: Shukaku|Intimidate|[of] p1a: No.15
|-unboost|p1a: No.15|atk|1
|move|p1a: No.15|Knock Off|p2a: Shukaku
|-damage|p2a: Shukaku|152\/319
|-enditem|p2a: Shukaku|Choice Scarf|[from] move: Knock Off|[of] p1a: No.15
|
|turn|26
|
|move|p1a: No.15|U-turn|p2a: Shukaku
|-resisted|p2a: Shukaku
|-damage|p2a: Shukaku|88\/319
|
|switch|p1a: Antlione|Flygon, M|140\/346
|move|p2a: Shukaku|U-turn|p1a: Antlione
|-damage|p1a: Antlione|41\/346
|
|switch|p2a: Nimbus|Altaria, M|353\/353
|
|turn|27
|
|move|p1a: Antlione|Hidden Power|p2a: Nimbus
|-supereffective|p2a: Nimbus
|-damage|p2a: Nimbus|205\/353
|move|p2a: Nimbus|Dragon Dance|p2a: Nimbus
|-boost|p2a: Nimbus|atk|1
|-boost|p2a: Nimbus|spe|1
|
|turn|28
|
|detailschange|p2a: Nimbus|Altaria-Mega, M
|message|Altaria has Mega Evolved into Mega Altaria!
|move|p1a: Antlione|Hidden Power|p2a: Nimbus
|-supereffective|p2a: Nimbus
|-damage|p2a: Nimbus|121\/353
|move|p2a: Nimbus|Roost|p2a: Nimbus
|-heal|p2a: Nimbus|298\/353
|
|turn|29
|
|switch|p1a: Whimsi|Whimsicott, F|241\/322
|move|p2a: Nimbus|Dragon Dance|p2a: Nimbus
|-boost|p2a: Nimbus|atk|1
|-boost|p2a: Nimbus|spe|1
|
|turn|30
|
|move|p1a: Whimsi|Encore|p2a: Nimbus
|-start|p2a: Nimbus|Encore
|move|p2a: Nimbus|Dragon Dance|p2a: Nimbus
|-boost|p2a: Nimbus|atk|1
|-boost|p2a: Nimbus|spe|1
|
|turn|31
|
|switch|p2a: Lavadora|Rotom-Wash|171\/303 brn
|move|p1a: Whimsi|Stun Spore|p2a: Lavadora
|-fail|p2a: Lavadora
|
|-heal|p2a: Lavadora|189\/303 brn|[from] item: Leftovers
|-damage|p2a: Lavadora|152\/303 brn|[from] brn
|turn|32
|
|move|p1a: Whimsi|U-turn|p2a: Lavadora
|-damage|p2a: Lavadora|121\/303 brn
|
|switch|p1a: Antlione|Flygon, M|41\/346
|move|p2a: Lavadora|Pain Split|p1a: Antlione
|-sethp|p1a: Antlione|81\/346|p2a: Lavadora|81\/303 brn|[from] move: Pain Split
|
|-heal|p2a: Lavadora|99\/303 brn|[from] item: Leftovers
|-damage|p2a: Lavadora|62\/303 brn|[from] brn
|turn|33
|c|★Steez Ibanez|lol
|
|move|p1a: Antlione|Fire Blast|p2a: Lavadora
|-resisted|p2a: Lavadora
|-damage|p2a: Lavadora|24\/303 brn
|move|p2a: Lavadora|Hydro Pump|p1a: Antlione
|-damage|p1a: Antlione|0 fnt
|faint|p1a: Antlione
|
|-heal|p2a: Lavadora|42\/303 brn|[from] item: Leftovers
|-damage|p2a: Lavadora|5\/303 brn|[from] brn
|
|switch|p1a: No.15|Beedrill-Mega, M|14\/293
|turn|34
|
|move|p1a: No.15|U-turn|p2a: Lavadora
|-damage|p2a: Lavadora|0 fnt
|faint|p2a: Lavadora
|
|switch|p1a: Aero|Archeops, F|35\/311
|
|
|switch|p2a: Shukaku|Landorus-Therian, M|88\/319
|-ability|p2a: Shukaku|Intimidate|[of] p1a: Aero
|-unboost|p1a: Aero|atk|1
|turn|35
|
|move|p1a: Aero|Stealth Rock|p2a: Shukaku
|-sidestart|p2: Steez Ibanez|move: Stealth Rock
|move|p2a: Shukaku|Knock Off|p1a: Aero
|-damage|p1a: Aero|0 fnt
|-enditem|p1a: Aero|Choice Scarf|[from] move: Knock Off|[of] p2a: Shukaku
|faint|p1a: Aero
|
|
|switch|p1a: Mr. Clean|Rotom-Wash|216\/303
|turn|36
|
|move|p2a: Shukaku|U-turn|p1a: Mr. Clean
|-damage|p1a: Mr. Clean|148\/303
|
|switch|p2a: 99|Latios, M|270\/299
|-damage|p2a: 99|233\/299|[from] Stealth Rock
|move|p1a: Mr. Clean|Will-O-Wisp|p2a: 99
|-status|p2a: 99|brn
|
|-damage|p2a: 99|196\/299 brn|[from] brn
|turn|37
|
|move|p2a: 99|Defog|p1a: Mr. Clean
|-unboost|p1a: Mr. Clean|evasion|1
|-sideend|p2: Steez Ibanez|Stealth Rock|[from] move: Defog|[of] p2a: 99
|move|p1a: Mr. Clean|Volt Switch|p2a: 99
|-resisted|p2a: 99
|-damage|p2a: 99|157\/299 brn
|
|switch|p1a: No.15|Beedrill-Mega, M|14\/293
|
|-damage|p2a: 99|120\/299 brn|[from] brn
|turn|38
|
|switch|p2a: Shukaku|Landorus-Therian, M|88\/319
|-ability|p2a: Shukaku|Intimidate|[of] p1a: No.15
|-unboost|p1a: No.15|atk|1
|move|p1a: No.15|Poison Jab|p2a: Shukaku
|-resisted|p2a: Shukaku
|-damage|p2a: Shukaku|6\/319
|
|turn|39
|
|move|p1a: No.15|Poison Jab|p2a: Shukaku
|-resisted|p2a: Shukaku
|-damage|p2a: Shukaku|0 fnt
|faint|p2a: Shukaku
|
|
|switch|p2a: Nimbus|Altaria-Mega, M|298\/353
|turn|40
|
|move|p1a: No.15|U-turn|p2a: Nimbus
|-resisted|p2a: Nimbus
|-damage|p2a: Nimbus|250\/353
|
|switch|p1a: Whimsi|Whimsicott, F|241\/322
|move|p2a: Nimbus|Return|p1a: Whimsi
|-damage|p1a: Whimsi|78\/322
|-enditem|p1a: Whimsi|Sitrus Berry|[eat]
|-heal|p1a: Whimsi|158\/322|[from] item: Sitrus Berry
|
|turn|41
|c|★Ace Trainer Apollo|gg
|
|move|p1a: Whimsi|Stun Spore|p2a: Nimbus
|-status|p2a: Nimbus|par
|move|p2a: Nimbus|Return|p1a: Whimsi
|-damage|p1a: Whimsi|0 fnt
|faint|p1a: Whimsi
|
|
|switch|p1a: No.15|Beedrill-Mega, M|14\/293
|turn|42
|
|move|p1a: No.15|Poison Jab|p2a: Nimbus
|-supereffective|p2a: Nimbus
|-damage|p2a: Nimbus|0 fnt
|faint|p2a: Nimbus
|
|
|switch|p2a: 99|Latios, M|120\/299 brn
|turn|43
|
|move|p1a: No.15|Protect|p1a: No.15
|-singleturn|p1a: No.15|Protect
|move|p2a: 99|Psyshock|p1a: No.15
|-activate|p1a: No.15|Protect
|
|-damage|p2a: 99|83\/299 brn|[from] brn
|turn|44
|c|★Steez Ibanez|gg
|
|switch|p1a: Mr. Clean|Rotom-Wash|148\/303
|move|p2a: 99|Psyshock|p1a: Mr. Clean
|-damage|p1a: Mr. Clean|30\/303
|-damage|p2a: 99|54\/299 brn|[from] item: Life Orb
|
|-damage|p2a: 99|17\/299 brn|[from] brn
|turn|45
|
|move|p2a: 99|Psyshock|p1a: Mr. Clean
|-damage|p1a: Mr. Clean|0 fnt
|-damage|p2a: 99|0 fnt|[from] item: Life Orb
|faint|p1a: Mr. Clean
|faint|p2a: 99
|
|win|Ace Trainer Apollo
|raw|Ladder updating...