|join|Steez Ibanez
|join|darkcelebi59
|player|p1|Steez Ibanez|290
|player|p2|darkcelebi59|170
|gametype|singles
|gen|6
|tier|OU
|rated
|clearpoke
|poke|p1|Chesnaught, M
|poke|p1|Heatran, M
|poke|p1|Rotom-Wash
|poke|p1|Landorus-Therian, M
|poke|p1|Latias, F
|poke|p1|Gyarados, M
|poke|p2|Lucario, M
|poke|p2|Azumarill, M
|poke|p2|Scizor, F
|poke|p2|Venusaur, F
|poke|p2|Landorus, M
|poke|p2|Latios, M
|rule|Swagger Clause: Swagger is banned
|rule|Baton Pass Clause: Limit one Pokémon knowing Baton Pass
|rule|Sleep Clause Mod: Limit one foe put to sleep
|rule|Species Clause: Limit one of each Pokémon
|rule|OHKO Clause: OHKO moves are banned
|rule|Moody Clause: Moody is banned
|rule|Evasion Moves Clause: Evasion moves are banned
|rule|Endless Battle Clause: Forcing endless battles is banned
|rule|HP Percentage Mod: HP is shown in percentages
|teampreview
|
|start
|switch|p1a: Lavadora|Rotom-Wash|303\/303
|switch|p2a: Scizor|Scizor, F|281\/281
|turn|1
|
|move|p2a: Scizor|U-turn|p1a: Lavadora
|-damage|p1a: Lavadora|153\/303
|
|switch|p2a: Venusaur|Venusaur, F|364\/364
|move|p1a: Lavadora|Will-O-Wisp|p2a: Venusaur
|-status|p2a: Venusaur|brn
|
|-heal|p1a: Lavadora|171\/303|[from] item: Leftovers
|-damage|p2a: Venusaur|319\/364 brn|[from] brn
|turn|2
|
|detailschange|p2a: Venusaur|Venusaur-Mega, F
|message|Venusaur has Mega Evolved into Mega Venusaur!
|move|p1a: Lavadora|Pain Split|p2a: Venusaur
|-sethp|p2a: Venusaur|245\/364 brn|p1a: Lavadora|245\/303|[from] move: Pain Split
|move|p2a: Venusaur|Giga Drain|p1a: Lavadora
|-supereffective|p1a: Lavadora
|-damage|p1a: Lavadora|29\/303
|-heal|p2a: Venusaur|353\/364 brn|[from] drain|[of] p1a: Lavadora
|
|-heal|p1a: Lavadora|47\/303|[from] item: Leftovers
|-damage|p2a: Venusaur|308\/364 brn|[from] brn
|turn|3
|
|switch|p1a: Flatbush|Chesnaught, M|380\/380
|move|p2a: Venusaur|Giga Drain|p1a: Flatbush
|-resisted|p1a: Flatbush
|-damage|p1a: Flatbush|320\/380
|-heal|p2a: Venusaur|338\/364 brn|[from] drain|[of] p1a: Flatbush
|
|-heal|p1a: Flatbush|343\/380|[from] item: Leftovers
|-damage|p2a: Venusaur|293\/364 brn|[from] brn
|turn|4
|
|switch|p2a: Landorus|Landorus, M|319\/319
|move|p1a: Flatbush|Spikes|p2a: Landorus
|-sidestart|p2: darkcelebi59|Spikes
|
|-heal|p1a: Flatbush|366\/380|[from] item: Leftovers
|turn|5
|
|switch|p1a: Latias|Latias, F|301\/301
|move|p2a: Landorus|Stealth Rock|p1a: Latias
|-sidestart|p1: Steez Ibanez|move: Stealth Rock
|
|turn|6
|
|move|p1a: Latias|Draco Meteor|p2a: Landorus
|-damage|p2a: Landorus|0 fnt
|-unboost|p1a: Latias|spa|2
|-damage|p1a: Latias|271\/301|[from] item: Life Orb
|faint|p2a: Landorus
|
|
|switch|p2a: Scizor|Scizor, F|281\/281
|-damage|p2a: Scizor|246\/281|[from] Spikes
|turn|7
|
|move|p2a: Scizor|Pursuit|p1a: Latias|[from]Pursuit
|-supereffective|p1a: Latias
|-damage|p1a: Latias|0 fnt
|faint|p1a: Latias
|
|
|switch|p1a: Kuton|Heatran, M|385\/385
|-damage|p1a: Kuton|337\/385|[from] Stealth Rock
|turn|8
|
|switch|p2a: Azumarill|Azumarill, M|404\/404
|-damage|p2a: Azumarill|354\/404|[from] Spikes
|move|p1a: Kuton|Lava Plume|p2a: Azumarill
|-resisted|p2a: Azumarill
|-damage|p2a: Azumarill|288\/404
|-status|p2a: Azumarill|brn
|
|-heal|p1a: Kuton|361\/385|[from] item: Leftovers
|-damage|p2a: Azumarill|238\/404 brn|[from] brn
|turn|9
|
|move|p1a: Kuton|Protect|p1a: Kuton
|-singleturn|p1a: Kuton|Protect
|move|p2a: Azumarill|Waterfall|p1a: Kuton
|-activate|p1a: Kuton|Protect
|
|-heal|p1a: Kuton|385\/385|[from] item: Leftovers
|-damage|p2a: Azumarill|188\/404 brn|[from] brn
|turn|10
|
|move|p1a: Kuton|Earth Power|p2a: Azumarill
|-crit|p2a: Azumarill
|-damage|p2a: Azumarill|18\/404 brn
|move|p2a: Azumarill|Waterfall|p1a: Kuton
|-supereffective|p1a: Kuton
|-damage|p1a: Kuton|149\/385
|
|-heal|p1a: Kuton|173\/385|[from] item: Leftovers
|-damage|p2a: Azumarill|0 fnt|[from] brn
|faint|p2a: Azumarill
|
|switch|p2a: Lucario|Lucario, M|281\/281
|-damage|p2a: Lucario|246\/281|[from] Spikes
|turn|11
|
|move|p2a: Lucario|Close Combat|p1a: Kuton
|-supereffective|p1a: Kuton
|-damage|p1a: Kuton|0 fnt
|-unboost|p2a: Lucario|def|1
|-unboost|p2a: Lucario|spd|1
|-damage|p2a: Lucario|218\/281|[from] item: Life Orb
|faint|p1a: Kuton
|
|
|switch|p1a: Flatbush|Chesnaught, M|366\/380
|-damage|p1a: Flatbush|343\/380|[from] Stealth Rock
|turn|12
|
|switch|p2a: Venusaur|Venusaur-Mega, F|293\/364 brn
|-damage|p2a: Venusaur|248\/364 brn|[from] Spikes
|move|p1a: Flatbush|Drain Punch|p2a: Venusaur
|-resisted|p2a: Venusaur
|-damage|p2a: Venusaur|218\/364 brn
|-heal|p1a: Flatbush|358\/380|[from] drain|[of] p2a: Venusaur
|
|-heal|p1a: Flatbush|380\/380|[from] item: Leftovers
|-damage|p2a: Venusaur|173\/364 brn|[from] brn
|turn|13
|
|move|p2a: Venusaur|Synthesis|p2a: Venusaur
|-heal|p2a: Venusaur|355\/364 brn
|move|p1a: Flatbush|Spikes|p2a: Venusaur
|-sidestart|p2: darkcelebi59|Spikes
|
|-damage|p2a: Venusaur|310\/364 brn|[from] brn
|turn|14
|
|move|p2a: Venusaur|Hidden Power|p1a: Flatbush
|-supereffective|p1a: Flatbush
|-damage|p1a: Flatbush|228\/380
|move|p1a: Flatbush|Spikes|p2a: Venusaur
|-sidestart|p2: darkcelebi59|Spikes
|
|-heal|p1a: Flatbush|251\/380|[from] item: Leftovers
|-damage|p2a: Venusaur|265\/364 brn|[from] brn
|turn|15
|
|move|p1a: Flatbush|Spiky Shield|p1a: Flatbush
|-singleturn|p1a: Flatbush|move: Protect
|move|p2a: Venusaur|Hidden Power|p1a: Flatbush
|-activate|p1a: Flatbush|move: Protect
|
|-heal|p1a: Flatbush|274\/380|[from] item: Leftovers
|-damage|p2a: Venusaur|220\/364 brn|[from] brn
|turn|16
|
|switch|p1a: Shukaku|Landorus-Therian, M|381\/381
|-damage|p1a: Shukaku|334\/381|[from] Stealth Rock
|-ability|p1a: Shukaku|Intimidate|[of] p2a: Venusaur
|-unboost|p2a: Venusaur|atk|1
|move|p2a: Venusaur|Synthesis|p2a: Venusaur
|-heal|p2a: Venusaur|364\/364 brn
|
|-heal|p1a: Shukaku|357\/381|[from] item: Leftovers
|-damage|p2a: Venusaur|319\/364 brn|[from] brn
|turn|17
|
|move|p1a: Shukaku|Earthquake|p2a: Venusaur
|-damage|p2a: Venusaur|211\/364 brn
|move|p2a: Venusaur|Giga Drain|p1a: Shukaku
|-damage|p1a: Shukaku|233\/381
|-heal|p2a: Venusaur|273\/364 brn|[from] drain|[of] p1a: Shukaku
|
|-heal|p1a: Shukaku|256\/381|[from] item: Leftovers
|-damage|p2a: Venusaur|228\/364 brn|[from] brn
|turn|18
|
|move|p1a: Shukaku|Earthquake|p2a: Venusaur
|-damage|p2a: Venusaur|101\/364 brn
|move|p2a: Venusaur|Giga Drain|p1a: Shukaku
|-damage|p1a: Shukaku|126\/381
|-heal|p2a: Venusaur|166\/364 brn|[from] drain|[of] p1a: Shukaku
|
|-heal|p1a: Shukaku|149\/381|[from] item: Leftovers
|-damage|p2a: Venusaur|121\/364 brn|[from] brn
|turn|19
|
|move|p1a: Shukaku|Earthquake|p2a: Venusaur
|-damage|p2a: Venusaur|10\/364 brn
|move|p2a: Venusaur|Synthesis|p2a: Venusaur
|-heal|p2a: Venusaur|192\/364 brn
|
|-heal|p1a: Shukaku|172\/381|[from] item: Leftovers
|-damage|p2a: Venusaur|147\/364 brn|[from] brn
|turn|20
|
|move|p1a: Shukaku|Earthquake|p2a: Venusaur
|-damage|p2a: Venusaur|24\/364 brn
|move|p2a: Venusaur|Synthesis|p2a: Venusaur
|-heal|p2a: Venusaur|206\/364 brn
|
|-heal|p1a: Shukaku|195\/381|[from] item: Leftovers
|-damage|p2a: Venusaur|161\/364 brn|[from] brn
|turn|21
|
|switch|p2a: Latios|Latios, M|302\/302
|move|p1a: Shukaku|Earthquake|p2a: Latios
|-immune|p2a: Latios|[msg]
|
|-heal|p1a: Shukaku|218\/381|[from] item: Leftovers
|turn|22
|
|move|p2a: Latios|Defog|p1a: Shukaku
|-unboost|p1a: Shukaku|evasion|1
|-sideend|p1: Steez Ibanez|Stealth Rock|[from] move: Defog|[of] p1a: Shukaku
|-sideend|p2: darkcelebi59|Spikes|[from] move: Defog|[of] p2a: Latios
|move|p1a: Shukaku|Stealth Rock|p2a: Latios
|-sidestart|p2: darkcelebi59|move: Stealth Rock
|
|-heal|p1a: Shukaku|241\/381|[from] item: Leftovers
|turn|23
|
|move|p2a: Latios|Psyshock|p1a: Shukaku
|-damage|p1a: Shukaku|76\/381
|-damage|p2a: Latios|272\/302|[from] item: Life Orb
|move|p1a: Shukaku|U-turn|p2a: Latios
|-supereffective|p2a: Latios
|-damage|p2a: Latios|72\/302
|
|switch|p1a: Leviathan|Gyarados, M|332\/332
|-ability|p1a: Leviathan|Intimidate|[of] p2a: Latios
|-unboost|p2a: Latios|atk|1
|
|turn|24
|
|switch|p1a: Lavadora|Rotom-Wash|47\/303
|move|p2a: Latios|Draco Meteor|p1a: Lavadora
|-damage|p1a: Lavadora|0 fnt
|-unboost|p2a: Latios|spa|2
|-damage|p2a: Latios|42\/302|[from] item: Life Orb
|faint|p1a: Lavadora
|
|
|switch|p1a: Leviathan|Gyarados, M|332\/332
|-ability|p1a: Leviathan|Intimidate|[of] p2a: Latios
|-unboost|p2a: Latios|atk|1
|turn|25
|
|detailschange|p1a: Leviathan|Gyarados-Mega, M
|message|Gyarados has Mega Evolved into Mega Gyarados!
|-ability|p1a: Leviathan|Mold Breaker
|move|p2a: Latios|Draco Meteor|p1a: Leviathan
|-damage|p1a: Leviathan|214\/332
|-unboost|p2a: Latios|spa|2
|-damage|p2a: Latios|12\/302|[from] item: Life Orb
|move|p1a: Leviathan|Dragon Dance|p1a: Leviathan
|-boost|p1a: Leviathan|atk|1
|-boost|p1a: Leviathan|spe|1
|
|turn|26
|
|move|p1a: Leviathan|Substitute|p1a: Leviathan
|-start|p1a: Leviathan|Substitute
|-damage|p1a: Leviathan|131\/332
|move|p2a: Latios|Draco Meteor|p1a: Leviathan
|-end|p1a: Leviathan|Substitute
|-unboost|p2a: Latios|spa|2
|-damage|p2a: Latios|0 fnt|[from] item: Life Orb
|faint|p2a: Latios
|
|
|switch|p2a: Scizor|Scizor, F|246\/281
|-damage|p2a: Scizor|211\/281|[from] Stealth Rock
|turn|27
|
|move|p2a: Scizor|Bullet Punch|p1a: Leviathan
|-resisted|p1a: Leviathan
|-damage|p1a: Leviathan|53\/332
|move|p1a: Leviathan|Waterfall|p2a: Scizor
|-damage|p2a: Scizor|0 fnt
|faint|p2a: Scizor
|
|
|switch|p2a: Lucario|Lucario, M|218\/281
|-damage|p2a: Lucario|210\/281|[from] Stealth Rock
|turn|28
|
|move|p2a: Lucario|Extreme Speed|p1a: Leviathan
|-crit|p1a: Leviathan
|-damage|p1a: Leviathan|0 fnt
|-damage|p2a: Lucario|182\/281|[from] item: Life Orb
|faint|p1a: Leviathan
|
|
|switch|p1a: Shukaku|Landorus-Therian, M|76\/381
|-ability|p1a: Shukaku|Intimidate|[of] p2a: Lucario
|-unboost|p2a: Lucario|atk|1
|turn|29
|
|switch|p1a: Flatbush|Chesnaught, M|274\/380
|move|p2a: Lucario|Extreme Speed|p1a: Flatbush
|-damage|p1a: Flatbush|221\/380
|-damage|p2a: Lucario|154\/281|[from] item: Life Orb
|
|-heal|p1a: Flatbush|244\/380|[from] item: Leftovers
|turn|30
|
|switch|p2a: Venusaur|Venusaur-Mega, F|161\/364 brn
|-damage|p2a: Venusaur|116\/364 brn|[from] Stealth Rock
|switch|p1a: Shukaku|Landorus-Therian, M|76\/381
|-ability|p1a: Shukaku|Intimidate|[of] p2a: Venusaur
|-unboost|p2a: Venusaur|atk|1
|
|-heal|p1a: Shukaku|99\/381|[from] item: Leftovers
|-damage|p2a: Venusaur|71\/364 brn|[from] brn
|turn|31
|c|★Steez Ibanez|gg
|
|move|p1a: Shukaku|Earthquake|p2a: Venusaur
|-damage|p2a: Venusaur|0 fnt
|faint|p2a: Venusaur
|
|-heal|p1a: Shukaku|122\/381|[from] item: Leftovers
|
|switch|p2a: Lucario|Lucario, M|154\/281
|-damage|p2a: Lucario|146\/281|[from] Stealth Rock
|turn|32
|c|★darkcelebi59|gg i played that way too obv shouldve checked your rank beor
|c|★darkcelebi59|before
|c|★Steez Ibanez|my rank? why
|c|★darkcelebi59|thought u werent that high
|
|move|p2a: Lucario|Extreme Speed|p1a: Shukaku
|-damage|p1a: Shukaku|26\/381
|-damage|p2a: Lucario|118\/281|[from] item: Life Orb
|move|p1a: Shukaku|Earthquake|p2a: Lucario
|-supereffective|p2a: Lucario
|-damage|p2a: Lucario|0 fnt
|faint|p2a: Lucario
|
|win|Steez Ibanez
|raw|Ladder updating...
|raw|Steez Ibanez's rating: 1692 &rarr; <strong>1707<\/strong><br \/>(+15 for winning)
|raw|darkcelebi59's rating: 1603 &rarr; <strong>1588<\/strong><br \/>(-15 for losing)