|join|steainer
|join|Steez Ibanez
|player|p1|steainer|101
|player|p2|Steez Ibanez|290
|gametype|singles
|gen|6
|tier|OU
|rated
|clearpoke
|poke|p1|Salamence, M
|poke|p1|Magnezone
|poke|p1|Conkeldurr, F
|poke|p1|Landorus-Therian, M
|poke|p1|Slowbro, M
|poke|p1|Greninja, F
|poke|p2|Magnezone
|poke|p2|Landorus-Therian, M
|poke|p2|Sceptile, M
|poke|p2|Latias, F
|poke|p2|Keldeo-Resolute
|poke|p2|Sylveon, M
|rule|Swagger Clause: Swagger is banned
|rule|Baton Pass Clause: Limit one Pokémon knowing Baton Pass
|rule|Sleep Clause Mod: Limit one foe put to sleep
|rule|Species Clause: Limit one of each Pokémon
|rule|OHKO Clause: OHKO moves are banned
|rule|Moody Clause: Moody is banned
|rule|Evasion Moves Clause: Evasion moves are banned
|rule|Endless Battle Clause: Forcing endless battles is banned
|rule|HP Percentage Mod: HP is shown in percentages
|teampreview
|
|start
|switch|p1a: Landorus-Therian|Landorus-Therian, M|320\/320
|switch|p2a: Shukaku|Landorus-Therian, M|381\/381
|-ability|p1a: Landorus-Therian|Intimidate|[of] p2a: Shukaku
|-unboost|p2a: Shukaku|atk|1
|-ability|p2a: Shukaku|Intimidate|[of] p1a: Landorus-Therian
|-unboost|p1a: Landorus-Therian|atk|1
|turn|1
|
|switch|p1a: Conkeldurr|Conkeldurr, F|364\/364
|move|p2a: Shukaku|Stealth Rock|p1a: Conkeldurr
|-sidestart|p1: steainer|move: Stealth Rock
|
|turn|2
|
|move|p2a: Shukaku|U-turn|p1a: Conkeldurr
|-resisted|p1a: Conkeldurr
|-damage|p1a: Conkeldurr|334\/364
|
|switch|p2a: Pixelmon|Sylveon, M|393\/393
|move|p1a: Conkeldurr|Poison Jab|p2a: Pixelmon
|-supereffective|p2a: Pixelmon
|-damage|p2a: Pixelmon|189\/393
|-status|p2a: Pixelmon|psn
|
|-heal|p2a: Pixelmon|213\/393 psn|[from] item: Leftovers
|-damage|p2a: Pixelmon|164\/393 psn|[from] psn
|turn|3
|
|switch|p1a: Magnezone|Magnezone|344\/344
|-damage|p1a: Magnezone|323\/344|[from] Stealth Rock
|move|p2a: Pixelmon|Hyper Voice|p1a: Magnezone
|-resisted|p1a: Magnezone
|-damage|p1a: Magnezone|269\/344
|
|-heal|p2a: Pixelmon|188\/393 psn|[from] item: Leftovers
|-damage|p2a: Pixelmon|139\/393 psn|[from] psn
|turn|4
|
|move|p2a: Pixelmon|Heal Bell|p2a: Pixelmon
|-cureteam|p2a: Pixelmon|[from] move: HealBell
|move|p1a: Magnezone|Volt Switch|p2a: Pixelmon
|-damage|p2a: Pixelmon|25\/393
|
|switch|p1a: Greninja|Greninja, F|285\/285
|-damage|p1a: Greninja|250\/285|[from] Stealth Rock
|
|-heal|p2a: Pixelmon|49\/393|[from] item: Leftovers
|turn|5
|
|move|p2a: Pixelmon|Protect|p2a: Pixelmon
|-singleturn|p2a: Pixelmon|Protect
|move|p1a: Greninja|Ice Beam|p2a: Pixelmon
|-start|p1a: Greninja|typechange|Ice|[from] Protean
|-activate|p2a: Pixelmon|Protect
|
|-heal|p2a: Pixelmon|73\/393|[from] item: Leftovers
|turn|6
|
|switch|p2a: Perseus|Keldeo-Resolute|323\/323
|move|p1a: Greninja|Gunk Shot|p2a: Perseus
|-start|p1a: Greninja|typechange|Poison|[from] Protean
|-damage|p2a: Perseus|185\/323
|
|turn|7
|
|switch|p1a: Slowbro|Slowbro, M|394\/394
|-damage|p1a: Slowbro|345\/394|[from] Stealth Rock
|move|p2a: Perseus|Scald|p1a: Slowbro
|-resisted|p1a: Slowbro
|-damage|p1a: Slowbro|216\/394
|
|-heal|p1a: Slowbro|240\/394|[from] item: Leftovers
|turn|8
|
|move|p2a: Perseus|Scald|p1a: Slowbro
|-resisted|p1a: Slowbro
|-damage|p1a: Slowbro|114\/394
|move|p1a: Slowbro|Thunder Wave|p2a: Perseus
|-status|p2a: Perseus|par
|
|-heal|p1a: Slowbro|138\/394|[from] item: Leftovers
|turn|9
|
|switch|p1a: Conkeldurr|Conkeldurr, F|334\/364
|-damage|p1a: Conkeldurr|312\/364|[from] Stealth Rock
|switch|p2a: Pixelmon|Sylveon, M|73\/393
|
|-heal|p2a: Pixelmon|97\/393|[from] item: Leftovers
|turn|10
|
|move|p2a: Pixelmon|Protect|p2a: Pixelmon
|-singleturn|p2a: Pixelmon|Protect
|move|p1a: Conkeldurr|Poison Jab|p2a: Pixelmon
|-activate|p2a: Pixelmon|Protect
|
|-heal|p2a: Pixelmon|121\/393|[from] item: Leftovers
|turn|11
|
|switch|p1a: Magnezone|Magnezone|269\/344
|-damage|p1a: Magnezone|248\/344|[from] Stealth Rock
|move|p2a: Pixelmon|Wish|p2a: Pixelmon
|
|-heal|p2a: Pixelmon|145\/393|[from] item: Leftovers
|turn|12
|
|move|p2a: Pixelmon|Protect|p2a: Pixelmon
|-singleturn|p2a: Pixelmon|Protect
|move|p1a: Magnezone|Hidden Power|p2a: Pixelmon
|-activate|p2a: Pixelmon|Protect
|
|-heal|p2a: Pixelmon|341\/393|[from] move: Wish|[wisher] Pixelmon
|-heal|p2a: Pixelmon|365\/393|[from] item: Leftovers
|turn|13
|
|move|p2a: Pixelmon|Heal Bell|p2a: Pixelmon
|-cureteam|p2a: Pixelmon|[from] move: HealBell
|move|p1a: Magnezone|Flash Cannon|p2a: Pixelmon
|-supereffective|p2a: Pixelmon
|-damage|p2a: Pixelmon|117\/393
|
|-heal|p2a: Pixelmon|141\/393|[from] item: Leftovers
|turn|14
|
|switch|p2a: MAG|Magnezone|281\/281
|move|p1a: Magnezone|Thunderbolt|p2a: MAG
|-resisted|p2a: MAG
|-damage|p2a: MAG|182\/281
|
|turn|15
|
|move|p2a: MAG|Hidden Power|p1a: Magnezone
|-supereffective|p1a: Magnezone
|-damage|p1a: Magnezone|78\/344
|move|p1a: Magnezone|Hidden Power|p2a: MAG
|-supereffective|p2a: MAG
|-damage|p2a: MAG|0 fnt
|faint|p2a: MAG
|
|
|switch|p2a: Perseus|Keldeo-Resolute|185\/323
|turn|16
|
|move|p2a: Perseus|Scald|p1a: Magnezone
|-damage|p1a: Magnezone|0 fnt
|faint|p1a: Magnezone
|
|
|switch|p1a: Salamence|Salamence, M|337\/337
|-damage|p1a: Salamence|253\/337|[from] Stealth Rock
|-ability|p1a: Salamence|Intimidate|[of] p2a: Perseus
|-unboost|p2a: Perseus|atk|1
|turn|17
|
|detailschange|p1a: Salamence|Salamence-Mega, M
|message|Salamence has Mega Evolved into Mega Salamence!
|move|p2a: Perseus|Scald|p1a: Salamence
|-resisted|p1a: Salamence
|-damage|p1a: Salamence|166\/337
|move|p1a: Salamence|Substitute|p1a: Salamence
|-start|p1a: Salamence|Substitute
|-damage|p1a: Salamence|82\/337
|
|turn|18
|
|move|p2a: Perseus|Scald|p1a: Salamence
|-resisted|p1a: Salamence
|-end|p1a: Salamence|Substitute
|move|p1a: Salamence|Dragon Dance|p1a: Salamence
|-boost|p1a: Salamence|atk|1
|-boost|p1a: Salamence|spe|1
|
|turn|19
|
|switch|p2a: Shukaku|Landorus-Therian, M|381\/381
|-ability|p2a: Shukaku|Intimidate|[of] p1a: Salamence
|-unboost|p1a: Salamence|atk|1
|move|p1a: Salamence|Frustration|p2a: Shukaku
|-damage|p2a: Shukaku|185\/381
|
|-heal|p2a: Shukaku|208\/381|[from] item: Leftovers
|turn|20
|
|move|p1a: Salamence|Roost|p1a: Salamence
|-heal|p1a: Salamence|251\/337
|move|p2a: Shukaku|Stone Edge|p1a: Salamence
|-damage|p1a: Salamence|157\/337
|
|-heal|p2a: Shukaku|231\/381|[from] item: Leftovers
|turn|21
|
|move|p1a: Salamence|Roost|p1a: Salamence
|-heal|p1a: Salamence|326\/337
|move|p2a: Shukaku|Earthquake|p1a: Salamence
|-damage|p1a: Salamence|176\/337
|
|-heal|p2a: Shukaku|254\/381|[from] item: Leftovers
|turn|22
|
|move|p1a: Salamence|Roost|p1a: Salamence
|-heal|p1a: Salamence|337\/337
|move|p2a: Shukaku|Stone Edge|p1a: Salamence
|-damage|p1a: Salamence|242\/337
|
|-heal|p2a: Shukaku|277\/381|[from] item: Leftovers
|turn|23
|
|move|p1a: Salamence|Frustration|p2a: Shukaku
|-damage|p2a: Shukaku|90\/381
|move|p2a: Shukaku|Stone Edge|p1a: Salamence
|-supereffective|p1a: Salamence
|-damage|p1a: Salamence|50\/337
|
|-heal|p2a: Shukaku|113\/381|[from] item: Leftovers
|turn|24
|
|move|p1a: Salamence|Frustration|p2a: Shukaku
|-damage|p2a: Shukaku|0 fnt
|faint|p2a: Shukaku
|
|
|switch|p2a: Latias|Latias, F|301\/301
|turn|25
|
|move|p1a: Salamence|Frustration|p2a: Latias
|-damage|p2a: Latias|49\/301
|move|p2a: Latias|Psyshock|p1a: Salamence
|-damage|p1a: Salamence|0 fnt
|-damage|p2a: Latias|19\/301|[from] item: Life Orb
|faint|p1a: Salamence
|
|c|★Steez Ibanez|insane
|
|switch|p1a: Greninja|Greninja, F|250\/285
|-damage|p1a: Greninja|215\/285|[from] Stealth Rock
|turn|26
|
|move|p1a: Greninja|Ice Beam|p2a: Latias
|-start|p1a: Greninja|typechange|Ice|[from] Protean
|-supereffective|p2a: Latias
|-damage|p2a: Latias|0 fnt
|faint|p2a: Latias
|
|
|switch|p2a: Pikkon|Sceptile, M|281\/281
|turn|27
|
|detailschange|p2a: Pikkon|Sceptile-Mega, M
|message|Sceptile has Mega Evolved into Mega Sceptile!
|move|p1a: Greninja|Ice Beam|p2a: Pikkon
|-supereffective|p2a: Pikkon
|-damage|p2a: Pikkon|0 fnt
|faint|p2a: Pikkon
|
|
|switch|p2a: Perseus|Keldeo-Resolute|185\/323
|turn|28
|
|switch|p1a: Slowbro|Slowbro, M|269\/394
|-damage|p1a: Slowbro|220\/394|[from] Stealth Rock
|move|p2a: Perseus|Scald|p1a: Slowbro
|-resisted|p1a: Slowbro
|-damage|p1a: Slowbro|89\/394
|
|-heal|p1a: Slowbro|113\/394|[from] item: Leftovers
|turn|29
|
|move|p2a: Perseus|Scald|p1a: Slowbro
|-resisted|p1a: Slowbro
|-damage|p1a: Slowbro|0 fnt
|faint|p1a: Slowbro
|
|
|switch|p1a: Landorus-Therian|Landorus-Therian, M|320\/320
|-damage|p1a: Landorus-Therian|280\/320|[from] Stealth Rock
|-ability|p1a: Landorus-Therian|Intimidate|[of] p2a: Perseus
|-unboost|p2a: Perseus|atk|1
|turn|30
|c|★steainer|gg
|
|move|p1a: Landorus-Therian|Earthquake|p2a: Perseus
|-damage|p2a: Perseus|0 fnt
|faint|p2a: Perseus
|
|
|switch|p2a: Pixelmon|Sylveon, M|141\/393
|turn|31
|
|move|p2a: Pixelmon|Protect|p2a: Pixelmon
|-singleturn|p2a: Pixelmon|Protect
|move|p1a: Landorus-Therian|Earthquake|p2a: Pixelmon
|-activate|p2a: Pixelmon|Protect
|
|-heal|p2a: Pixelmon|165\/393|[from] item: Leftovers
|turn|32
|
|move|p1a: Landorus-Therian|Earthquake|p2a: Pixelmon
|-damage|p2a: Pixelmon|0 fnt
|faint|p2a: Pixelmon
|
|win|steainer
|raw|Ladder updating...
|raw|steainer's rating: 1404 &rarr; <strong>1424<\/strong><br \/>(+20 for winning)
|raw|Steez Ibanez's rating: 1388 &rarr; <strong>1369<\/strong><br \/>(-19 for losing)