|join|Steez Ibanez
|join|Poketroopa
|player|p1|Steez Ibanez|25
|player|p2|Poketroopa|265
|gametype|singles
|gen|6
|tier|OU
|rated
|clearpoke
|poke|p1|Manectric, M, shiny
|poke|p1|Landorus-Therian, M
|poke|p1|Latias, F
|poke|p1|Azumarill, M
|poke|p1|Kyurem-Black
|poke|p1|Scizor, M
|poke|p2|Charizard, M
|poke|p2|Greninja, M
|poke|p2|Talonflame, F
|poke|p2|Slowbro, M
|poke|p2|Scizor, M
|poke|p2|Kyurem-Black
|rule|Swagger Clause: Swagger is banned
|rule|Baton Pass Clause: Limit one Pokémon knowing Baton Pass
|rule|Sleep Clause Mod: Limit one foe put to sleep
|rule|Species Clause: Limit one of each Pokémon
|rule|OHKO Clause: OHKO moves are banned
|rule|Moody Clause: Moody is banned
|rule|Evasion Moves Clause: Evasion moves are banned
|rule|Endless Battle Clause: Forcing endless battles is banned
|rule|HP Percentage Mod: HP is shown in percentages
|teampreview
|
|start
|switch|p1a: Deadpool|Scizor, M|343\/343
|switch|p2a: Kyurem-Black|Kyurem-Black|405\/405
|-ability|p2a: Kyurem-Black|Teravolt
|turn|1
|
|move|p2a: Kyurem-Black|Earth Power|p1a: Deadpool
|-damage|p1a: Deadpool|200\/343
|move|p1a: Deadpool|U-turn|p2a: Kyurem-Black
|-damage|p2a: Kyurem-Black|216\/405
|
|switch|p1a: Athena|Latias, F|301\/301
|
|-heal|p2a: Kyurem-Black|241\/405|[from] item: Leftovers
|turn|2
|
|switch|p1a: Black Atom|Manectric, M, shiny|281\/281
|move|p2a: Kyurem-Black|Ice Beam|p1a: Black Atom
|-damage|p1a: Black Atom|28\/281
|
|-heal|p2a: Kyurem-Black|266\/405|[from] item: Leftovers
|turn|3
|c|★Steez Ibanez|wow
|
|detailschange|p1a: Black Atom|Manectric-Mega, M, shiny
|message|Manectric has Mega Evolved into Mega Manectric!
|-ability|p1a: Black Atom|Intimidate|[of] p2a: Kyurem-Black
|-unboost|p2a: Kyurem-Black|atk|1
|move|p1a: Black Atom|Volt Switch|p2a: Kyurem-Black
|-resisted|p2a: Kyurem-Black
|-damage|p2a: Kyurem-Black|188\/405
|
|switch|p1a: Deadpool|Scizor, M|200\/343
|move|p2a: Kyurem-Black|Ice Beam|p1a: Deadpool
|-resisted|p1a: Deadpool
|-damage|p1a: Deadpool|105\/343
|
|-heal|p2a: Kyurem-Black|213\/405|[from] item: Leftovers
|turn|4
|
|switch|p2a: Slowbro|Slowbro, M|394\/394
|move|p1a: Deadpool|Bullet Punch|p2a: Slowbro
|-resisted|p2a: Slowbro
|-damage|p2a: Slowbro|338\/394
|
|-heal|p2a: Slowbro|362\/394|[from] item: Leftovers
|turn|5
|
|switch|p1a: Nuke|Azumarill, M|345\/345
|move|p2a: Slowbro|Scald|p1a: Nuke
|-resisted|p1a: Nuke
|-damage|p1a: Nuke|315\/345
|-status|p1a: Nuke|brn
|
|-heal|p2a: Slowbro|386\/394|[from] item: Leftovers
|-damage|p1a: Nuke|272\/345 brn|[from] brn
|turn|6
|-message|Steez Ibanez forfeited.
|
|win|Poketroopa
|raw|Ladder updating...
|raw|Steez Ibanez's rating: 1721 &rarr; <strong>1701<\/strong><br \/>(-20 for losing)
|raw|Poketroopa's rating: 1712 &rarr; <strong>1732<\/strong><br \/>(+20 for winning)
|leave|Steez Ibanez
|player|p1