|join|Steez Ibanez
|join|wabbafeet
|player|p1|Steez Ibanez|290
|player|p2|wabbafeet|151
|gametype|singles
|gen|6
|tier|OU
|rated
|clearpoke
|poke|p1|Chesnaught, M
|poke|p1|Heatran, M
|poke|p1|Rotom-Wash
|poke|p1|Landorus-Therian, M
|poke|p1|Latias, F
|poke|p1|Gyarados, M
|poke|p2|Heracross, F
|poke|p2|Heatran, F
|poke|p2|Skarmory, F
|poke|p2|Nidoking, M
|poke|p2|Rotom-Wash
|poke|p2|Latios, M
|rule|Swagger Clause: Swagger is banned
|rule|Baton Pass Clause: Limit one Pokémon knowing Baton Pass
|rule|Sleep Clause Mod: Limit one foe put to sleep
|rule|Species Clause: Limit one of each Pokémon
|rule|OHKO Clause: OHKO moves are banned
|rule|Moody Clause: Moody is banned
|rule|Evasion Moves Clause: Evasion moves are banned
|rule|Endless Battle Clause: Forcing endless battles is banned
|rule|HP Percentage Mod: HP is shown in percentages
|teampreview
|
|start
|switch|p1a: Lavadora|Rotom-Wash|303\/303
|switch|p2a: Rotom-Wash|Rotom-Wash|242\/242
|turn|1
|
|move|p2a: Rotom-Wash|Volt Switch|p1a: Lavadora
|-damage|p1a: Lavadora|194\/303
|
|switch|p2a: Nidoking|Nidoking, M|304\/304
|move|p1a: Lavadora|Will-O-Wisp|p2a: Nidoking
|-status|p2a: Nidoking|brn
|
|-heal|p1a: Lavadora|212\/303|[from] item: Leftovers
|-damage|p2a: Nidoking|266\/304 brn|[from] brn
|turn|2
|
|switch|p2a: Latios|Latios, M|302\/302
|switch|p1a: Kuton|Heatran, M|385\/385
|
|turn|3
|
|switch|p2a: Rotom-Wash|Rotom-Wash|242\/242
|switch|p1a: Lavadora|Rotom-Wash|212\/303
|
|-heal|p1a: Lavadora|230\/303|[from] item: Leftovers
|turn|4
|
|switch|p1a: Shukaku|Landorus-Therian, M|381\/381
|-ability|p1a: Shukaku|Intimidate|[of] p2a: Rotom-Wash
|-unboost|p2a: Rotom-Wash|atk|1
|move|p2a: Rotom-Wash|Volt Switch|p1a: Shukaku
|-immune|p1a: Shukaku|[msg]
|
|turn|5
|
|switch|p2a: Skarmory|Skarmory, F|334\/334
|move|p1a: Shukaku|U-turn|p2a: Skarmory
|-resisted|p2a: Skarmory
|-damage|p2a: Skarmory|322\/334
|-damage|p1a: Shukaku|318\/381|[from] item: Rocky Helmet|[of] p2a: Skarmory
|
|switch|p1a: Lavadora|Rotom-Wash|230\/303
|
|-heal|p1a: Lavadora|248\/303|[from] item: Leftovers
|turn|6
|
|switch|p2a: Latios|Latios, M|302\/302
|move|p1a: Lavadora|Volt Switch|p2a: Latios
|-crit|p2a: Latios
|-resisted|p2a: Latios
|-damage|p2a: Latios|238\/302
|
|switch|p1a: Kuton|Heatran, M|385\/385
|
|turn|7
|
|switch|p2a: Rotom-Wash|Rotom-Wash|242\/242
|move|p1a: Kuton|Lava Plume|p2a: Rotom-Wash
|-resisted|p2a: Rotom-Wash
|-damage|p2a: Rotom-Wash|188\/242
|
|turn|8
|
|move|p1a: Kuton|Protect|p1a: Kuton
|-singleturn|p1a: Kuton|Protect
|move|p2a: Rotom-Wash|Hydro Pump|p1a: Kuton
|-activate|p1a: Kuton|Protect
|
|turn|9
|
|switch|p2a: Latios|Latios, M|238\/302
|move|p1a: Kuton|Toxic|p2a: Latios
|-status|p2a: Latios|tox
|
|-damage|p2a: Latios|220\/302 tox|[from] psn
|turn|10
|
|switch|p2a: Rotom-Wash|Rotom-Wash|188\/242
|move|p1a: Kuton|Protect|p1a: Kuton
|-fail|p1a: Kuton
|
|turn|11
|
|move|p1a: Kuton|Protect|p1a: Kuton
|-singleturn|p1a: Kuton|Protect
|move|p2a: Rotom-Wash|Volt Switch|p1a: Kuton
|-activate|p1a: Kuton|Protect
|
|turn|12
|
|move|p2a: Rotom-Wash|Volt Switch|p1a: Kuton
|-damage|p1a: Kuton|297\/385
|
|switch|p2a: Nidoking|Nidoking, M|266\/304 brn
|move|p1a: Kuton|Lava Plume|p2a: Nidoking
|-crit|p2a: Nidoking
|-damage|p2a: Nidoking|46\/304 brn
|
|-heal|p1a: Kuton|321\/385|[from] item: Leftovers
|-damage|p2a: Nidoking|8\/304 brn|[from] brn
|turn|13
|
|move|p1a: Kuton|Protect|p1a: Kuton
|-singleturn|p1a: Kuton|Protect
|move|p2a: Nidoking|Earth Power|p1a: Kuton
|-activate|p1a: Kuton|Protect
|
|-heal|p1a: Kuton|345\/385|[from] item: Leftovers
|-damage|p2a: Nidoking|0 fnt|[from] brn
|faint|p2a: Nidoking
|
|switch|p2a: Heatran|Heatran, F|386\/386
|turn|14
|
|move|p1a: Kuton|Earth Power|p2a: Heatran
|-supereffective|p2a: Heatran
|-damage|p2a: Heatran|146\/386
|move|p2a: Heatran|Stealth Rock|p1a: Kuton
|-sidestart|p1: Steez Ibanez|move: Stealth Rock
|
|-heal|p1a: Kuton|369\/385|[from] item: Leftovers
|-heal|p2a: Heatran|170\/386|[from] item: Leftovers
|turn|15
|
|switch|p2a: Rotom-Wash|Rotom-Wash|188\/242
|move|p1a: Kuton|Earth Power|p2a: Rotom-Wash
|-immune|p2a: Rotom-Wash|[msg]
|
|-heal|p1a: Kuton|385\/385|[from] item: Leftovers
|turn|16
|
|move|p1a: Kuton|Protect|p1a: Kuton
|-singleturn|p1a: Kuton|Protect
|move|p2a: Rotom-Wash|Hydro Pump|p1a: Kuton
|-activate|p1a: Kuton|Protect
|
|turn|17
|
|switch|p1a: Latias|Latias, F|301\/301
|-damage|p1a: Latias|264\/301|[from] Stealth Rock
|move|p2a: Rotom-Wash|Hydro Pump|p1a: Latias
|-resisted|p1a: Latias
|-damage|p1a: Latias|189\/301
|
|turn|18
|
|switch|p2a: Heatran|Heatran, F|170\/386
|move|p1a: Latias|Defog|p2a: Heatran
|-unboost|p2a: Heatran|evasion|1
|-sideend|p1: Steez Ibanez|Stealth Rock|[from] move: Defog|[of] p1a: Latias
|
|-heal|p2a: Heatran|194\/386|[from] item: Leftovers
|turn|19
|
|move|p1a: Latias|Psyshock|p2a: Heatran
|-resisted|p2a: Heatran
|-damage|p2a: Heatran|123\/386
|-damage|p1a: Latias|159\/301|[from] item: Life Orb
|move|p2a: Heatran|Stealth Rock|p1a: Latias
|-sidestart|p1: Steez Ibanez|move: Stealth Rock
|
|-heal|p2a: Heatran|147\/386|[from] item: Leftovers
|turn|20
|
|move|p1a: Latias|Defog|p2a: Heatran
|-unboost|p2a: Heatran|evasion|1
|-sideend|p1: Steez Ibanez|Stealth Rock|[from] move: Defog|[of] p1a: Latias
|move|p2a: Heatran|Flash Cannon|p1a: Latias
|-damage|p1a: Latias|60\/301
|
|-heal|p2a: Heatran|171\/386|[from] item: Leftovers
|turn|21
|
|switch|p1a: Shukaku|Landorus-Therian, M|318\/381
|-ability|p1a: Shukaku|Intimidate|[of] p2a: Heatran
|-unboost|p2a: Heatran|atk|1
|move|p2a: Heatran|Stealth Rock|p1a: Shukaku
|-sidestart|p1: Steez Ibanez|move: Stealth Rock
|
|-heal|p1a: Shukaku|341\/381|[from] item: Leftovers
|-heal|p2a: Heatran|195\/386|[from] item: Leftovers
|turn|22
|
|switch|p2a: Skarmory|Skarmory, F|322\/334
|move|p1a: Shukaku|Stealth Rock|p2a: Skarmory
|-sidestart|p2: wabbafeet|move: Stealth Rock
|
|-heal|p1a: Shukaku|364\/381|[from] item: Leftovers
|turn|23
|
|move|p1a: Shukaku|Stone Edge|p2a: Skarmory
|-damage|p2a: Skarmory|252\/334
|move|p2a: Skarmory|Whirlwind|p1a: Shukaku
|drag|p1a: Lavadora|Rotom-Wash|248\/303
|-damage|p1a: Lavadora|211\/303|[from] Stealth Rock
|
|-heal|p1a: Lavadora|229\/303|[from] item: Leftovers
|turn|24
|
|switch|p2a: Latios|Latios, M|220\/302 tox
|-damage|p2a: Latios|183\/302 tox|[from] Stealth Rock
|move|p1a: Lavadora|Volt Switch|p2a: Latios
|-resisted|p2a: Latios
|-damage|p2a: Latios|143\/302 tox
|
|switch|p1a: Kuton|Heatran, M|385\/385
|-damage|p1a: Kuton|337\/385|[from] Stealth Rock
|
|-heal|p1a: Kuton|361\/385|[from] item: Leftovers
|-damage|p2a: Latios|125\/302 tox|[from] psn
|turn|25
|
|switch|p2a: Rotom-Wash|Rotom-Wash|188\/242
|-damage|p2a: Rotom-Wash|158\/242|[from] Stealth Rock
|move|p1a: Kuton|Lava Plume|p2a: Rotom-Wash
|-resisted|p2a: Rotom-Wash
|-damage|p2a: Rotom-Wash|106\/242
|
|-heal|p1a: Kuton|385\/385|[from] item: Leftovers
|turn|26
|
|move|p1a: Kuton|Protect|p1a: Kuton
|-singleturn|p1a: Kuton|Protect
|move|p2a: Rotom-Wash|Volt Switch|p1a: Kuton
|-activate|p1a: Kuton|Protect
|
|turn|27
|
|move|p2a: Rotom-Wash|Volt Switch|p1a: Kuton
|-damage|p1a: Kuton|306\/385
|
|switch|p2a: Heatran|Heatran, F|195\/386
|-damage|p2a: Heatran|147\/386|[from] Stealth Rock
|move|p1a: Kuton|Lava Plume|p2a: Heatran
|-start|p2a: Heatran|ability: Flash Fire
|
|-heal|p1a: Kuton|330\/385|[from] item: Leftovers
|-heal|p2a: Heatran|171\/386|[from] item: Leftovers
|turn|28
|
|switch|p2a: Rotom-Wash|Rotom-Wash|106\/242
|-damage|p2a: Rotom-Wash|76\/242|[from] Stealth Rock
|move|p1a: Kuton|Earth Power|p2a: Rotom-Wash
|-immune|p2a: Rotom-Wash|[msg]
|
|-heal|p1a: Kuton|354\/385|[from] item: Leftovers
|turn|29
|
|move|p1a: Kuton|Protect|p1a: Kuton
|-singleturn|p1a: Kuton|Protect
|move|p2a: Rotom-Wash|Hydro Pump|p1a: Kuton
|-activate|p1a: Kuton|Protect
|
|-heal|p1a: Kuton|378\/385|[from] item: Leftovers
|turn|30
|
|switch|p1a: Flatbush|Chesnaught, M|380\/380
|-damage|p1a: Flatbush|357\/380|[from] Stealth Rock
|move|p2a: Rotom-Wash|Hydro Pump|p1a: Flatbush
|-resisted|p1a: Flatbush
|-damage|p1a: Flatbush|244\/380
|
|-heal|p1a: Flatbush|267\/380|[from] item: Leftovers
|turn|31
|
|switch|p2a: Skarmory|Skarmory, F|252\/334
|-damage|p2a: Skarmory|211\/334|[from] Stealth Rock
|move|p1a: Flatbush|Leech Seed|p2a: Skarmory
|-start|p2a: Skarmory|move: Leech Seed
|
|-heal|p1a: Flatbush|290\/380|[from] item: Leftovers
|-damage|p2a: Skarmory|170\/334|[from] Leech Seed|[of] p1a: Flatbush
|-heal|p1a: Flatbush|331\/380|[silent]
|turn|32
|
|move|p2a: Skarmory|Roost|p2a: Skarmory
|-heal|p2a: Skarmory|334\/334
|move|p1a: Flatbush|Spikes|p2a: Skarmory
|-sidestart|p2: wabbafeet|Spikes
|
|-heal|p1a: Flatbush|354\/380|[from] item: Leftovers
|-damage|p2a: Skarmory|293\/334|[from] Leech Seed|[of] p1a: Flatbush
|-heal|p1a: Flatbush|380\/380|[silent]
|turn|33
|
|move|p2a: Skarmory|Defog|p1a: Flatbush
|-unboost|p1a: Flatbush|evasion|1
|-sideend|p1: Steez Ibanez|Stealth Rock|[from] move: Defog|[of] p1a: Flatbush
|-sideend|p2: wabbafeet|Spikes|[from] move: Defog|[of] p2a: Skarmory
|-sideend|p2: wabbafeet|Stealth Rock|[from] move: Defog|[of] p2a: Skarmory
|move|p1a: Flatbush|Drain Punch|p2a: Skarmory
|-damage|p2a: Skarmory|238\/334
|-damage|p1a: Flatbush|317\/380|[from] item: Rocky Helmet|[of] p2a: Skarmory
|
|-heal|p1a: Flatbush|340\/380|[from] item: Leftovers
|-damage|p2a: Skarmory|197\/334|[from] Leech Seed|[of] p1a: Flatbush
|-heal|p1a: Flatbush|380\/380|[silent]
|turn|34
|
|move|p2a: Skarmory|Brave Bird|p1a: Flatbush
|-crit|p1a: Flatbush
|-supereffective|p1a: Flatbush
|-damage|p1a: Flatbush|0 fnt
|-damage|p2a: Skarmory|72\/334|[from] recoil|[of] p1a: Flatbush
|faint|p1a: Flatbush
|
|c|★Steez Ibanez|lol
|
|switch|p1a: Lavadora|Rotom-Wash|229\/303
|turn|35
|
|switch|p2a: Latios|Latios, M|125\/302 tox
|move|p1a: Lavadora|Volt Switch|p2a: Latios
|-resisted|p2a: Latios
|-damage|p2a: Latios|85\/302 tox
|
|switch|p1a: Kuton|Heatran, M|378\/385
|
|-heal|p1a: Kuton|385\/385|[from] item: Leftovers
|-damage|p2a: Latios|67\/302 tox|[from] psn
|turn|36
|
|move|p2a: Latios|Thunderbolt|p1a: Kuton
|-damage|p1a: Kuton|279\/385
|move|p1a: Kuton|Lava Plume|p2a: Latios
|-resisted|p2a: Latios
|-damage|p2a: Latios|17\/302 tox
|
|-heal|p1a: Kuton|303\/385|[from] item: Leftovers
|-damage|p2a: Latios|0 fnt|[from] psn
|faint|p2a: Latios
|
|switch|p2a: Heracross|Heracross, F|302\/302
|turn|37
|
|switch|p1a: Shukaku|Landorus-Therian, M|364\/381
|-ability|p1a: Shukaku|Intimidate|[of] p2a: Heracross
|-unboost|p2a: Heracross|atk|1
|detailschange|p2a: Heracross|Heracross-Mega, F
|message|Heracross has Mega Evolved into Mega Heracross!
|move|p2a: Heracross|Rock Blast|p1a: Shukaku
|-damage|p1a: Shukaku|341\/381
|-damage|p1a: Shukaku|315\/381
|-damage|p1a: Shukaku|292\/381
|-damage|p1a: Shukaku|266\/381
|-damage|p1a: Shukaku|242\/381
|-hitcount|p1a: Shukaku|5
|
|-heal|p1a: Shukaku|265\/381|[from] item: Leftovers
|turn|38
|
|switch|p2a: Skarmory|Skarmory, F|72\/334
|move|p1a: Shukaku|U-turn|p2a: Skarmory
|-resisted|p2a: Skarmory
|-damage|p2a: Skarmory|60\/334
|-damage|p1a: Shukaku|202\/381|[from] item: Rocky Helmet|[of] p2a: Skarmory
|
|switch|p1a: Lavadora|Rotom-Wash|229\/303
|
|-heal|p1a: Lavadora|247\/303|[from] item: Leftovers
|turn|39
|
|switch|p2a: Heatran|Heatran, F|171\/386
|move|p1a: Lavadora|Volt Switch|p2a: Heatran
|-damage|p2a: Heatran|110\/386
|
|switch|p1a: Leviathan|Gyarados, M|331\/331
|-ability|p1a: Leviathan|Intimidate|[of] p2a: Heatran
|-unboost|p2a: Heatran|atk|1
|
|-heal|p2a: Heatran|134\/386|[from] item: Leftovers
|turn|40
|
|detailschange|p1a: Leviathan|Gyarados-Mega, M
|message|Gyarados has Mega Evolved into Mega Gyarados!
|-ability|p1a: Leviathan|Mold Breaker
|move|p1a: Leviathan|Waterfall|p2a: Heatran
|-supereffective|p2a: Heatran
|-damage|p2a: Heatran|0 fnt
|faint|p2a: Heatran
|
|
|switch|p2a: Heracross|Heracross-Mega, F|302\/302
|turn|41
|
|switch|p1a: Shukaku|Landorus-Therian, M|202\/381
|-ability|p1a: Shukaku|Intimidate|[of] p2a: Heracross
|-unboost|p2a: Heracross|atk|1
|move|p2a: Heracross|Substitute|p2a: Heracross
|-start|p2a: Heracross|Substitute
|-damage|p2a: Heracross|227\/302
|
|-heal|p1a: Shukaku|225\/381|[from] item: Leftovers
|turn|42
|
|move|p2a: Heracross|Rock Blast|p1a: Shukaku
|-damage|p1a: Shukaku|199\/381
|-damage|p1a: Shukaku|174\/381
|-damage|p1a: Shukaku|149\/381
|-damage|p1a: Shukaku|126\/381
|-damage|p1a: Shukaku|102\/381
|-hitcount|p1a: Shukaku|5
|move|p1a: Shukaku|U-turn|p2a: Heracross
|-resisted|p2a: Heracross
|-activate|p2a: Heracross|Substitute|[damage]
|
|switch|p1a: Latias|Latias, F|60\/301
|
|turn|43
|
|move|p1a: Latias|Psyshock|p2a: Heracross
|-supereffective|p2a: Heracross
|-end|p2a: Heracross|Substitute
|-damage|p1a: Latias|30\/301|[from] item: Life Orb
|move|p2a: Heracross|Pin Missile|p1a: Latias
|-supereffective|p1a: Latias
|-damage|p1a: Latias|0 fnt
|-hitcount|p1a: Latias|1
|faint|p1a: Latias
|
|
|switch|p1a: Lavadora|Rotom-Wash|247\/303
|turn|44
|
|switch|p2a: Rotom-Wash|Rotom-Wash|76\/242
|move|p1a: Lavadora|Will-O-Wisp|p2a: Rotom-Wash|[miss]
|-miss|p1a: Lavadora|p2a: Rotom-Wash
|
|-heal|p1a: Lavadora|265\/303|[from] item: Leftovers
|turn|45
|
|switch|p1a: Shukaku|Landorus-Therian, M|102\/381
|-ability|p1a: Shukaku|Intimidate|[of] p2a: Rotom-Wash
|-unboost|p2a: Rotom-Wash|atk|1
|move|p2a: Rotom-Wash|Trick|p1a: Shukaku
|-activate|p2a: Rotom-Wash|move: Trick|[of] p1a: Shukaku
|-item|p1a: Shukaku|Choice Scarf|[from] move: Trick
|-item|p2a: Rotom-Wash|Leftovers|[from] move: Trick
|
|-heal|p2a: Rotom-Wash|91\/242|[from] item: Leftovers
|turn|46
|
|switch|p2a: Skarmory|Skarmory, F|60\/334
|move|p1a: Shukaku|U-turn|p2a: Skarmory
|-crit|p2a: Skarmory
|-resisted|p2a: Skarmory
|-damage|p2a: Skarmory|43\/334
|-damage|p1a: Shukaku|39\/381|[from] item: Rocky Helmet|[of] p2a: Skarmory
|
|switch|p1a: Lavadora|Rotom-Wash|265\/303
|
|-heal|p1a: Lavadora|283\/303|[from] item: Leftovers
|turn|47
|
|switch|p2a: Rotom-Wash|Rotom-Wash|91\/242
|move|p1a: Lavadora|Volt Switch|p2a: Rotom-Wash
|-damage|p2a: Rotom-Wash|3\/242
|
|switch|p1a: Shukaku|Landorus-Therian, M|39\/381
|-ability|p1a: Shukaku|Intimidate|[of] p2a: Rotom-Wash
|-unboost|p2a: Rotom-Wash|atk|1
|
|-heal|p2a: Rotom-Wash|18\/242|[from] item: Leftovers
|turn|48
|
|switch|p1a: Lavadora|Rotom-Wash|283\/303
|switch|p2a: Skarmory|Skarmory, F|43\/334
|
|-heal|p1a: Lavadora|301\/303|[from] item: Leftovers
|turn|49
|
|switch|p2a: Rotom-Wash|Rotom-Wash|18\/242
|move|p1a: Lavadora|Volt Switch|p2a: Rotom-Wash
|-damage|p2a: Rotom-Wash|0 fnt
|faint|p2a: Rotom-Wash
|
|switch|p1a: Shukaku|Landorus-Therian, M|39\/381
|
|
|switch|p2a: Skarmory|Skarmory, F|43\/334
|turn|50
|
|move|p1a: Shukaku|Stone Edge|p2a: Skarmory|[miss]
|-miss|p1a: Shukaku|p2a: Skarmory
|move|p2a: Skarmory|Roost|p2a: Skarmory
|-heal|p2a: Skarmory|210\/334
|
|turn|51
|c|★Steez Ibanez|lol
|
|switch|p1a: Kuton|Heatran, M|303\/385
|move|p2a: Skarmory|Roost|p2a: Skarmory
|-heal|p2a: Skarmory|334\/334
|
|-heal|p1a: Kuton|327\/385|[from] item: Leftovers
|turn|52
|
|move|p1a: Kuton|Lava Plume|p2a: Skarmory
|-supereffective|p2a: Skarmory
|-activate|p2a: Skarmory|Sturdy
|-damage|p2a: Skarmory|1\/334
|move|p2a: Skarmory|Whirlwind|p1a: Kuton
|drag|p1a: Leviathan|Gyarados-Mega, M|331\/331
|-ability|p1a: Leviathan|Mold Breaker
|
|turn|53
|
|move|p1a: Leviathan|Crunch|p2a: Skarmory
|-damage|p2a: Skarmory|0 fnt
|-damage|p1a: Leviathan|276\/331|[from] item: Rocky Helmet|[of] p2a: Skarmory
|faint|p2a: Skarmory
|
|
|switch|p2a: Heracross|Heracross-Mega, F|227\/302
|turn|54
|
|move|p1a: Leviathan|Waterfall|p2a: Heracross
|-crit|p2a: Heracross
|-damage|p2a: Heracross|26\/302
|move|p2a: Heracross|Pin Missile|p1a: Leviathan
|-supereffective|p1a: Leviathan
|-damage|p1a: Leviathan|150\/331
|-supereffective|p1a: Leviathan
|-damage|p1a: Leviathan|34\/331
|-supereffective|p1a: Leviathan
|-damage|p1a: Leviathan|0 fnt
|-hitcount|p1a: Leviathan|3
|faint|p1a: Leviathan
|
|
|switch|p1a: Shukaku|Landorus-Therian, M|39\/381
|-ability|p1a: Shukaku|Intimidate|[of] p2a: Heracross
|-unboost|p2a: Heracross|atk|1
|turn|55
|
|move|p1a: Shukaku|Earthquake|p2a: Heracross
|-resisted|p2a: Heracross
|-damage|p2a: Heracross|0 fnt
|faint|p2a: Heracross
|
|win|Steez Ibanez
|raw|Ladder updating...
|c|★Steez Ibanez|gg
|raw|Steez Ibanez's rating: 1577 &rarr; <strong>1593<\/strong><br \/>(+16 for winning)
|raw|wabbafeet's rating: 1518 &rarr; <strong>1502<\/strong><br \/>(-16 for losing)