|join|Steez Ibanez
|join|Davon
|player|p1|Steez Ibanez|290
|player|p2|Davon|75
|gametype|singles
|gen|6
|tier|OU
|rated
|clearpoke
|poke|p1|Altaria, M
|poke|p1|Landorus-Therian, M
|poke|p1|Latias, F
|poke|p1|Heatran, M
|poke|p1|Rotom-Wash
|poke|p1|Weavile, M
|poke|p2|Amoonguss, F
|poke|p2|Sharpedo, F
|poke|p2|Heatran, F
|poke|p2|Landorus-Therian, M
|poke|p2|Conkeldurr, M
|poke|p2|Starmie
|rule|Swagger Clause: Swagger is banned
|rule|Baton Pass Clause: Limit one Pokémon knowing Baton Pass
|rule|Sleep Clause Mod: Limit one foe put to sleep
|rule|Species Clause: Limit one of each Pokémon
|rule|OHKO Clause: OHKO moves are banned
|rule|Moody Clause: Moody is banned
|rule|Evasion Moves Clause: Evasion moves are banned
|rule|Endless Battle Clause: Forcing endless battles is banned
|rule|HP Percentage Mod: HP is shown in percentages
|teampreview
|
|start
|switch|p1a: Lavadora|Rotom-Wash|303\/303
|switch|p2a: Landorus-Therian|Landorus-Therian, M|320\/320
|-ability|p2a: Landorus-Therian|Intimidate|[of] p1a: Lavadora
|-unboost|p1a: Lavadora|atk|1
|turn|1
|
|move|p2a: Landorus-Therian|U-turn|p1a: Lavadora
|-damage|p1a: Lavadora|237\/303
|
|switch|p2a: Amoonguss|Amoonguss, F|432\/432
|move|p1a: Lavadora|Volt Switch|p2a: Amoonguss
|-resisted|p2a: Amoonguss
|-damage|p2a: Amoonguss|393\/432
|
|switch|p1a: Nimbus|Altaria, M|292\/292
|
|-heal|p2a: Amoonguss|420\/432|[from] item: Black Sludge
|turn|2
|
|move|p1a: Nimbus|Substitute|p1a: Nimbus
|-start|p1a: Nimbus|Substitute
|-damage|p1a: Nimbus|219\/292
|move|p2a: Amoonguss|Sludge Bomb|p1a: Nimbus
|-end|p1a: Nimbus|Substitute
|
|-heal|p2a: Amoonguss|432\/432|[from] item: Black Sludge
|turn|3
|
|switch|p1a: Kuton|Heatran, M|385\/385
|move|p2a: Amoonguss|Spore|p1a: Kuton
|-status|p1a: Kuton|slp
|
|turn|4
|
|switch|p1a: Latias|Latias, F|301\/301
|switch|p2a: Sharpedo|Sharpedo, F|281\/281
|
|turn|5
|leave|Davon
|player|p2
|-message|davon lost due to inactivity.
|
|win|Steez Ibanez
|raw|Ladder updating...
|raw|Steez Ibanez's rating: 1550 &rarr; <strong>1569<\/strong><br \/>(+19 for winning)
|raw|Davon's rating: 1530 &rarr; <strong>1511<\/strong><br \/>(-19 for losing)
|leave|Steez Ibanez
|player|p1
|join|Davon