|join|Raedwulf
|join|Steez Ibanez
|player|p1|Raedwulf|163
|player|p2|Steez Ibanez|290
|gametype|singles
|gen|6
|tier|OU
|rated
|clearpoke
|poke|p1|Tyranitar, F
|poke|p1|Landorus-Therian, M
|poke|p1|Latias, F
|poke|p1|Rotom-Wash
|poke|p1|Scizor, F
|poke|p1|Excadrill, F
|poke|p2|Gengar, M
|poke|p2|Ferrothorn, M
|poke|p2|Azumarill, M
|poke|p2|Charizard, M
|poke|p2|Excadrill, M
|poke|p2|Mew
|rule|Swagger Clause: Swagger is banned
|rule|Baton Pass Clause: Limit one Pokémon knowing Baton Pass
|rule|Sleep Clause Mod: Limit one foe put to sleep
|rule|Species Clause: Limit one of each Pokémon
|rule|OHKO Clause: OHKO moves are banned
|rule|Moody Clause: Moody is banned
|rule|Evasion Moves Clause: Evasion moves are banned
|rule|Endless Battle Clause: Forcing endless battles is banned
|rule|HP Percentage Mod: HP is shown in percentages
|teampreview
|
|start
|switch|p1a: Tyranitar|Tyranitar, F|403\/403
|switch|p2a: OG|Mew|403\/403
|-weather|Sandstorm
|turn|1
|
|move|p2a: OG|Taunt|p1a: Tyranitar
|-start|p1a: Tyranitar|move: Taunt
|cant|p1a: Tyranitar|move: Taunt|Stealth Rock
|
|-weather|Sandstorm|[upkeep]
|-damage|p2a: OG|378\/403|[from] sandstorm
|-heal|p2a: OG|403\/403|[from] item: Leftovers
|turn|2
|
|move|p2a: OG|Will-O-Wisp|p1a: Tyranitar
|-status|p1a: Tyranitar|brn
|move|p1a: Tyranitar|Crunch|p2a: OG
|-supereffective|p2a: OG
|-damage|p2a: OG|269\/403
|
|-weather|Sandstorm|[upkeep]
|-damage|p2a: OG|244\/403|[from] sandstorm
|-heal|p2a: OG|269\/403|[from] item: Leftovers
|-damage|p1a: Tyranitar|353\/403 brn|[from] brn
|turn|3
|
|switch|p1a: Latias|Latias, F|319\/319
|move|p2a: OG|Knock Off|p1a: Latias
|-supereffective|p1a: Latias
|-damage|p1a: Latias|159\/319
|-enditem|p1a: Latias|Life Orb|[from] move: Knock Off|[of] p2a: OG
|
|-weather|Sandstorm|[upkeep]
|-damage|p1a: Latias|140\/319|[from] sandstorm
|-damage|p2a: OG|244\/403|[from] sandstorm
|-heal|p2a: OG|269\/403|[from] item: Leftovers
|turn|4
|
|move|p1a: Latias|Draco Meteor|p2a: OG
|-damage|p2a: OG|104\/403
|-unboost|p1a: Latias|spa|2
|move|p2a: OG|Soft-Boiled|p2a: OG
|-heal|p2a: OG|306\/403
|
|-weather|Sandstorm|[upkeep]
|-damage|p1a: Latias|121\/319|[from] sandstorm
|-damage|p2a: OG|281\/403|[from] sandstorm
|-heal|p2a: OG|306\/403|[from] item: Leftovers
|turn|5
|c|★Steez Ibanez|Nothing for mew
|
|switch|p1a: Tyranitar|Tyranitar, F|353\/403 brn
|move|p2a: OG|Will-O-Wisp|p1a: Tyranitar
|-fail|p1a: Tyranitar|brn
|
|-weather|Sandstorm|[upkeep]
|-damage|p2a: OG|281\/403|[from] sandstorm
|-heal|p2a: OG|306\/403|[from] item: Leftovers
|-damage|p1a: Tyranitar|303\/403 brn|[from] brn
|turn|6
|
|move|p2a: OG|Taunt|p1a: Tyranitar
|-start|p1a: Tyranitar|move: Taunt
|move|p1a: Tyranitar|Crunch|p2a: OG
|-supereffective|p2a: OG
|-damage|p2a: OG|180\/403
|
|-weather|Sandstorm|[upkeep]
|-damage|p2a: OG|155\/403|[from] sandstorm
|-heal|p2a: OG|180\/403|[from] item: Leftovers
|-damage|p1a: Tyranitar|253\/403 brn|[from] brn
|turn|7
|
|move|p2a: OG|Knock Off|p1a: Tyranitar
|-resisted|p1a: Tyranitar
|-damage|p1a: Tyranitar|220\/403 brn
|-enditem|p1a: Tyranitar|Smooth Rock|[from] move: Knock Off|[of] p2a: OG
|move|p1a: Tyranitar|Crunch|p2a: OG
|-supereffective|p2a: OG
|-damage|p2a: OG|58\/403
|-unboost|p2a: OG|def|1
|
|-weather|Sandstorm|[upkeep]
|-damage|p2a: OG|33\/403|[from] sandstorm
|-heal|p2a: OG|58\/403|[from] item: Leftovers
|-damage|p1a: Tyranitar|170\/403 brn|[from] brn
|turn|8
|
|move|p2a: OG|Soft-Boiled|p2a: OG
|-heal|p2a: OG|260\/403
|move|p1a: Tyranitar|Crunch|p2a: OG
|-supereffective|p2a: OG
|-damage|p2a: OG|60\/403
|
|-weather|none
|-heal|p2a: OG|85\/403|[from] item: Leftovers
|-damage|p1a: Tyranitar|120\/403 brn|[from] brn
|-end|p1a: Tyranitar|move: Taunt
|turn|9
|
|switch|p2a: Racks|Ferrothorn, M|351\/351
|move|p1a: Tyranitar|Crunch|p2a: Racks
|-damage|p2a: Racks|306\/351
|-damage|p1a: Tyranitar|70\/403 brn|[from] ability: Iron Barbs|[of] p2a: Racks
|
|-damage|p1a: Tyranitar|20\/403 brn|[from] brn
|turn|10
|
|switch|p1a: Rotom-Wash|Rotom-Wash|304\/304
|move|p2a: Racks|Spikes|p1a: Rotom-Wash
|-sidestart|p1: Raedwulf|Spikes
|
|turn|11
|
|switch|p2a: Doomsday|Charizard, M|321\/321
|move|p1a: Rotom-Wash|Will-O-Wisp|p2a: Doomsday
|-fail|p2a: Doomsday
|
|turn|12
|
|switch|p2a: Shock Wave|Excadrill, M|361\/361
|-ability|p2a: Shock Wave|Mold Breaker
|-item|p2a: Shock Wave|Air Balloon
|move|p1a: Rotom-Wash|Hydro Pump|p2a: Shock Wave
|-supereffective|p2a: Shock Wave
|-damage|p2a: Shock Wave|7\/361
|-enditem|p2a: Shock Wave|Air Balloon
|
|turn|13
|
|move|p2a: Shock Wave|Earthquake|p1a: Rotom-Wash
|-supereffective|p1a: Rotom-Wash
|-damage|p1a: Rotom-Wash|46\/304
|move|p1a: Rotom-Wash|Hydro Pump|p2a: Shock Wave
|-supereffective|p2a: Shock Wave
|-damage|p2a: Shock Wave|0 fnt
|faint|p2a: Shock Wave
|
|-heal|p1a: Rotom-Wash|65\/304|[from] item: Leftovers
|
|switch|p2a: Zetsu|Gengar, M|260\/260
|turn|14
|
|switch|p1a: Tyranitar|Tyranitar, F|20\/403 brn
|-damage|p1a: Tyranitar|0 fnt|[from] Spikes
|faint|p1a: Tyranitar
|move|p2a: Zetsu|Shadow Ball|p1: Tyranitar|[notarget]
|-notarget
|
|
|switch|p1a: Latias|Latias, F|121\/319
|turn|15
|
|move|p1a: Latias|Psyshock|p2a: Zetsu
|-crit|p2a: Zetsu
|-supereffective|p2a: Zetsu
|-damage|p2a: Zetsu|0 fnt
|faint|p2a: Zetsu
|
|
|switch|p2a: Racks|Ferrothorn, M|306\/351
|turn|16
|
|move|p1a: Latias|Defog|p2a: Racks
|-unboost|p2a: Racks|evasion|1
|-sideend|p1: Raedwulf|Spikes|[from] move: Defog|[of] p1a: Latias
|move|p2a: Racks|Thunder Wave|p1a: Latias
|-status|p1a: Latias|par
|
|turn|17
|
|switch|p1a: Scizor|Scizor, F|303\/303
|move|p2a: Racks|Leech Seed|p1a: Scizor
|-start|p1a: Scizor|move: Leech Seed
|
|-damage|p1a: Scizor|266\/303|[from] Leech Seed|[of] p2a: Racks
|-heal|p2a: Racks|343\/351|[silent]
|turn|18
|
|detailschange|p1a: Scizor|Scizor-Mega, F
|message|Scizor has Mega Evolved into Mega Scizor!
|move|p1a: Scizor|Swords Dance|p1a: Scizor
|-boost|p1a: Scizor|atk|2
|move|p2a: Racks|Thunder Wave|p1a: Scizor
|-status|p1a: Scizor|par
|
|-damage|p1a: Scizor|229\/303 par|[from] Leech Seed|[of] p2a: Racks
|-heal|p2a: Racks|351\/351|[silent]
|turn|19
|
|switch|p2a: OG|Mew|85\/403
|move|p1a: Scizor|Swords Dance|p1a: Scizor
|-boost|p1a: Scizor|atk|2
|
|-heal|p2a: OG|110\/403|[from] item: Leftovers
|-damage|p1a: Scizor|192\/303 par|[from] Leech Seed|[of] p2a: OG
|-heal|p2a: OG|147\/403|[silent]
|turn|20
|
|switch|p2a: Racks|Ferrothorn, M|351\/351
|move|p1a: Scizor|Bullet Punch|p2a: Racks
|-resisted|p2a: Racks
|-damage|p2a: Racks|216\/351
|-damage|p1a: Scizor|155\/303 par|[from] ability: Iron Barbs|[of] p2a: Racks
|
|-damage|p1a: Scizor|118\/303 par|[from] Leech Seed|[of] p2a: Racks
|-heal|p2a: Racks|253\/351|[silent]
|turn|21
|
|switch|p2a: Doomsday|Charizard, M|321\/321
|move|p1a: Scizor|Bug Bite|p2a: Doomsday
|-resisted|p2a: Doomsday
|-damage|p2a: Doomsday|150\/321
|
|-damage|p1a: Scizor|81\/303 par|[from] Leech Seed|[of] p2a: Doomsday
|-heal|p2a: Doomsday|187\/321|[silent]
|turn|22
|
|detailschange|p2a: Doomsday|Charizard-Mega-X, M
|message|Charizard has Mega Evolved into Mega Charizard!
|cant|p1a: Scizor|par
|move|p2a: Doomsday|Roost|p2a: Doomsday
|-heal|p2a: Doomsday|321\/321
|
|-damage|p1a: Scizor|44\/303 par|[from] Leech Seed|[of] p2a: Doomsday
|turn|23
|
|switch|p2a: Racks|Ferrothorn, M|253\/351
|move|p1a: Scizor|Bullet Punch|p2a: Racks
|-resisted|p2a: Racks
|-damage|p2a: Racks|109\/351
|-damage|p1a: Scizor|7\/303 par|[from] ability: Iron Barbs|[of] p2a: Racks
|
|-damage|p1a: Scizor|0 fnt|[from] Leech Seed|[of] p2a: Racks
|-heal|p2a: Racks|116\/351|[silent]
|faint|p1a: Scizor
|
|switch|p1a: Excadrill|Excadrill, F|362\/362
|turn|24
|
|move|p1a: Excadrill|Earthquake|p2a: Racks
|-damage|p2a: Racks|0 fnt
|-damage|p1a: Excadrill|326\/362|[from] item: Life Orb
|faint|p2a: Racks
|
|
|switch|p2a: Nuke|Azumarill, M|345\/345
|turn|25
|
|switch|p1a: Latias|Latias, F|121\/319 par
|move|p2a: Nuke|Knock Off|p1a: Latias
|-supereffective|p1a: Latias
|-damage|p1a: Latias|0 fnt
|faint|p1a: Latias
|
|
|switch|p1a: Landorus-Therian|Landorus-Therian, M|320\/320
|-ability|p1a: Landorus-Therian|Intimidate|[of] p2a: Nuke
|-unboost|p2a: Nuke|atk|1
|turn|26
|
|move|p1a: Landorus-Therian|U-turn|p2a: Nuke
|-resisted|p2a: Nuke
|-damage|p2a: Nuke|294\/345
|
|switch|p1a: Rotom-Wash|Rotom-Wash|65\/304
|move|p2a: Nuke|Knock Off|p1a: Rotom-Wash
|-damage|p1a: Rotom-Wash|0 fnt
|-enditem|p1a: Rotom-Wash|Leftovers|[from] move: Knock Off|[of] p2a: Nuke
|faint|p1a: Rotom-Wash
|
|
|switch|p1a: Landorus-Therian|Landorus-Therian, M|320\/320
|-ability|p1a: Landorus-Therian|Intimidate|[of] p2a: Nuke
|-unboost|p2a: Nuke|atk|1
|turn|27
|
|switch|p2a: OG|Mew|147\/403
|move|p1a: Landorus-Therian|Earthquake|p2a: OG
|-damage|p2a: OG|0 fnt
|faint|p2a: OG
|
|
|switch|p2a: Nuke|Azumarill, M|294\/345
|turn|28
|
|switch|p1a: Excadrill|Excadrill, F|326\/362
|move|p2a: Nuke|Waterfall|p1a: Excadrill
|-supereffective|p1a: Excadrill
|-damage|p1a: Excadrill|0 fnt
|faint|p1a: Excadrill
|
|c|★Steez Ibanez|gg
|
|switch|p1a: Landorus-Therian|Landorus-Therian, M|320\/320
|-ability|p1a: Landorus-Therian|Intimidate|[of] p2a: Nuke
|-unboost|p2a: Nuke|atk|1
|turn|29
|
|switch|p2a: Doomsday|Charizard-Mega-X, M|321\/321
|move|p1a: Landorus-Therian|Earthquake|p2a: Doomsday
|-supereffective|p2a: Doomsday
|-damage|p2a: Doomsday|0 fnt
|faint|p2a: Doomsday
|
|
|switch|p2a: Nuke|Azumarill, M|294\/345
|turn|30
|
|move|p1a: Landorus-Therian|Earthquake|p2a: Nuke
|-crit|p2a: Nuke
|-damage|p2a: Nuke|0 fnt
|faint|p2a: Nuke
|
|win|Raedwulf
|raw|Ladder updating...
|raw|Raedwulf's rating: 1598 &rarr; <strong>1619<\/strong><br \/>(+21 for winning)
|raw|Steez Ibanez's rating: 1622 &rarr; <strong>1600<\/strong><br \/>(-22 for losing)
|c|★Steez Ibanez|lmao
|c|★Raedwulf|gg
|leave|Steez Ibanez
|player|p2