|join|40 the kid1
|join|onnipotente
|player|p1|40 the kid1|169
|player|p2|onnipotente|265
|gametype|singles
|gen|6
|tier|OU
|rated
|clearpoke
|poke|p1|Diancie
|poke|p1|Azumarill, M
|poke|p1|Talonflame, M
|poke|p1|Ferrothorn, M
|poke|p1|Mew
|poke|p1|Latias, F
|poke|p2|Blissey, F
|poke|p2|Klefki, F
|poke|p2|Rotom-Wash
|poke|p2|Sableye, M
|poke|p2|Landorus-Therian, M
|poke|p2|Lucario, F
|rule|Swagger Clause: Swagger is banned
|rule|Baton Pass Clause: Limit one Pokémon knowing Baton Pass
|rule|Sleep Clause Mod: Limit one foe put to sleep
|rule|Species Clause: Limit one of each Pokémon
|rule|OHKO Clause: OHKO moves are banned
|rule|Moody Clause: Moody is banned
|rule|Evasion Moves Clause: Evasion moves are banned
|rule|Endless Battle Clause: Forcing endless battles is banned
|rule|HP Percentage Mod: HP is shown in percentages
|teampreview
|
|start
|switch|p1a: Diancie|Diancie|241\/241
|switch|p2a: Landorus-Therian|Landorus-Therian, M|333\/333
|-ability|p2a: Landorus-Therian|Intimidate|[of] p1a: Diancie
|-fail|p1a: Diancie|unboost|[from] ability: Clear Body|[of] p1a: Diancie
|turn|1
|
|switch|p2a: Blissey|Blissey, F|652\/652
|detailschange|p1a: Diancie|Diancie-Mega
|-mega|p1a: Diancie|Diancie|Diancite
|move|p1a: Diancie|Protect|p1a: Diancie
|-fail|p1a: Diancie
|
|turn|2
|
|switch|p1a: Ferrothorn|Ferrothorn, M|352\/352
|move|p2a: Blissey|Seismic Toss|p1a: Ferrothorn
|-damage|p1a: Ferrothorn|252\/352
|-damage|p2a: Blissey|571\/652|[from] ability: Iron Barbs|[of] p1a: Ferrothorn
|
|-heal|p2a: Blissey|611\/652|[from] item: Leftovers
|-heal|p1a: Ferrothorn|274\/352|[from] item: Leftovers
|turn|3
|
|switch|p2a: Sableye|Sableye, M|304\/304
|move|p1a: Ferrothorn|Stealth Rock|p2a: Sableye
|-sidestart|p2: onnipotente|move: Stealth Rock
|
|-heal|p1a: Ferrothorn|296\/352|[from] item: Leftovers
|turn|4
|
|switch|p1a: Diancie|Diancie-Mega|241\/241
|detailschange|p2a: Sableye|Sableye-Mega, M
|-mega|p2a: Sableye|Sableye|Sablenite
|move|p2a: Sableye|Calm Mind|p2a: Sableye
|-boost|p2a: Sableye|spa|1
|-boost|p2a: Sableye|spd|1
|
|turn|5
|
|switch|p2a: Klefki|Klefki, F|318\/318
|-damage|p2a: Klefki|299\/318|[from] Stealth Rock
|move|p1a: Diancie|Moonblast|p2a: Klefki
|-resisted|p2a: Klefki
|-damage|p2a: Klefki|218\/318
|
|-heal|p2a: Klefki|237\/318|[from] item: Leftovers
|turn|6
|
|move|p2a: Klefki|Magnet Rise|p2a: Klefki
|-start|p2a: Klefki|Magnet Rise
|move|p1a: Diancie|Earth Power|p2a: Klefki
|-immune|p2a: Klefki|[msg]
|
|-heal|p2a: Klefki|256\/318|[from] item: Leftovers
|turn|7
|
|move|p1a: Diancie|Moonblast|p2a: Klefki
|-resisted|p2a: Klefki
|-damage|p2a: Klefki|180\/318
|move|p2a: Klefki|Dazzling Gleam|p1a: Diancie
|-damage|p1a: Diancie|171\/241
|
|-heal|p2a: Klefki|199\/318|[from] item: Leftovers
|turn|8
|
|switch|p1a: Talonflame|Talonflame, M|297\/297
|move|p2a: Klefki|Dazzling Gleam|p1a: Talonflame
|-resisted|p1a: Talonflame
|-damage|p1a: Talonflame|248\/297
|
|-heal|p2a: Klefki|218\/318|[from] item: Leftovers
|turn|9
|
|switch|p2a: Rotom-Wash|Rotom-Wash|303\/303
|-damage|p2a: Rotom-Wash|266\/303|[from] Stealth Rock
|move|p1a: Talonflame|Flare Blitz|p2a: Rotom-Wash
|-resisted|p2a: Rotom-Wash
|-damage|p2a: Rotom-Wash|188\/303
|-status|p2a: Rotom-Wash|brn
|-damage|p1a: Talonflame|222\/297|[from] recoil|[of] p2a: Rotom-Wash
|
|-damage|p2a: Rotom-Wash|151\/303 brn|[from] brn
|turn|10
|
|move|p1a: Talonflame|Flare Blitz|p2a: Rotom-Wash
|-resisted|p2a: Rotom-Wash
|-damage|p2a: Rotom-Wash|62\/303 brn
|-damage|p1a: Talonflame|193\/297|[from] recoil|[of] p2a: Rotom-Wash
|move|p2a: Rotom-Wash|Volt Switch|p1a: Talonflame
|-supereffective|p1a: Talonflame
|-damage|p1a: Talonflame|0 fnt
|faint|p1a: Talonflame
|
|switch|p2a: Landorus-Therian|Landorus-Therian, M|333\/333
|-damage|p2a: Landorus-Therian|292\/333|[from] Stealth Rock
|
|
|switch|p1a: Ferrothorn|Ferrothorn, M|296\/352
|turn|11
|
|move|p2a: Landorus-Therian|Earthquake|p1a: Ferrothorn
|-damage|p1a: Ferrothorn|176\/352
|move|p1a: Ferrothorn|Gyro Ball|p2a: Landorus-Therian
|-damage|p2a: Landorus-Therian|103\/333
|
|-heal|p1a: Ferrothorn|198\/352|[from] item: Leftovers
|turn|12
|
|switch|p2a: Sableye|Sableye-Mega, M|304\/304
|-damage|p2a: Sableye|266\/304|[from] Stealth Rock
|move|p1a: Ferrothorn|Leech Seed|p2a: Sableye
|move|p2a: Sableye|Leech Seed|p1a: Ferrothorn|[from]Magic Bounce
|-immune|p1a: Ferrothorn|[msg]
|
|-heal|p1a: Ferrothorn|220\/352|[from] item: Leftovers
|turn|13
|
|switch|p1a: Diancie|Diancie-Mega|171\/241
|move|p2a: Sableye|Dark Pulse|p1a: Diancie
|-resisted|p1a: Diancie
|-damage|p1a: Diancie|137\/241
|
|turn|14
|
|switch|p2a: Rotom-Wash|Rotom-Wash|62\/303 brn
|-damage|p2a: Rotom-Wash|25\/303 brn|[from] Stealth Rock
|move|p1a: Diancie|Earth Power|p2a: Rotom-Wash
|-immune|p2a: Rotom-Wash|[msg]
|
|-damage|p2a: Rotom-Wash|0 fnt|[from] brn
|faint|p2a: Rotom-Wash
|
|switch|p2a: Klefki|Klefki, F|218\/318
|-damage|p2a: Klefki|199\/318|[from] Stealth Rock
|turn|15
|
|move|p1a: Diancie|Diamond Storm|p2a: Klefki
|-resisted|p2a: Klefki
|-damage|p2a: Klefki|106\/318
|move|p2a: Klefki|Dazzling Gleam|p1a: Diancie
|-damage|p1a: Diancie|67\/241
|
|-heal|p2a: Klefki|125\/318|[from] item: Leftovers
|turn|16
|
|switch|p1a: Mew|Mew|404\/404
|move|p2a: Klefki|Magnet Rise|p2a: Klefki
|-start|p2a: Klefki|Magnet Rise
|
|-heal|p2a: Klefki|144\/318|[from] item: Leftovers
|turn|17
|
|switch|p1a: Ferrothorn|Ferrothorn, M|220\/352
|switch|p2a: Sableye|Sableye-Mega, M|266\/304
|-damage|p2a: Sableye|228\/304|[from] Stealth Rock
|
|-heal|p1a: Ferrothorn|242\/352|[from] item: Leftovers
|turn|18
|
|switch|p1a: Azumarill|Azumarill, M|386\/386
|move|p2a: Sableye|Dark Pulse|p1a: Azumarill
|-resisted|p1a: Azumarill
|-damage|p1a: Azumarill|332\/386
|
|turn|19
|
|switch|p2a: Landorus-Therian|Landorus-Therian, M|103\/333
|-damage|p2a: Landorus-Therian|62\/333|[from] Stealth Rock
|-ability|p2a: Landorus-Therian|Intimidate|[of] p1a: Azumarill
|-unboost|p1a: Azumarill|atk|1
|move|p1a: Azumarill|Belly Drum|p1a: Azumarill
|-damage|p1a: Azumarill|139\/386
|-setboost|p1a: Azumarill|atk|6|[from] move: Belly Drum
|-enditem|p1a: Azumarill|Sitrus Berry|[eat]
|-heal|p1a: Azumarill|235\/386|[from] item: Sitrus Berry
|
|turn|20
|
|move|p1a: Azumarill|Aqua Jet|p2a: Landorus-Therian
|-supereffective|p2a: Landorus-Therian
|-damage|p2a: Landorus-Therian|0 fnt
|faint|p2a: Landorus-Therian
|
|
|switch|p2a: Klefki|Klefki, F|144\/318
|-damage|p2a: Klefki|125\/318|[from] Stealth Rock
|turn|21
|
|move|p2a: Klefki|Thunder Wave|p1a: Azumarill
|-status|p1a: Azumarill|par
|move|p1a: Azumarill|Aqua Jet|p2a: Klefki
|-damage|p2a: Klefki|0 fnt
|faint|p2a: Klefki
|
|
|switch|p2a: Blissey|Blissey, F|611\/652
|-damage|p2a: Blissey|530\/652|[from] Stealth Rock
|turn|22
|
|move|p1a: Azumarill|Aqua Jet|p2a: Blissey
|-damage|p2a: Blissey|0 fnt
|faint|p2a: Blissey
|
|
|switch|p2a: Sableye|Sableye-Mega, M|228\/304
|-damage|p2a: Sableye|190\/304|[from] Stealth Rock
|turn|23
|
|switch|p1a: Latias|Latias, F|301\/301
|move|p2a: Sableye|Dark Pulse|p1a: Latias
|-supereffective|p1a: Latias
|-damage|p1a: Latias|169\/301
|
|turn|24
|
|move|p1a: Latias|Healing Wish|p1a: Latias
|faint|p1a: Latias
|move|p2a: Sableye|Recover|p2a: Sableye
|-heal|p2a: Sableye|304\/304
|
|
|switch|p1a: Diancie|Diancie-Mega|67\/241
|-heal|p1a: Diancie|241\/241|[from] move: Healing Wish
|turn|25
|
|move|p1a: Diancie|Moonblast|p2a: Sableye
|-supereffective|p2a: Sableye
|-damage|p2a: Sableye|0 fnt
|faint|p2a: Sableye
|
|
|switch|p2a: Lucario|Lucario, F|281\/281
|-damage|p2a: Lucario|273\/281|[from] Stealth Rock
|turn|26
|
|move|p2a: Lucario|Bullet Punch|p1a: Diancie
|-supereffective|p1a: Diancie
|-damage|p1a: Diancie|0 fnt
|-damage|p2a: Lucario|245\/281|[from] item: Life Orb
|faint|p1a: Diancie
|
|
|switch|p1a: Mew|Mew|404\/404
|turn|27
|
|move|p2a: Lucario|Swords Dance|p2a: Lucario
|-boost|p2a: Lucario|atk|2
|move|p1a: Mew|Will-O-Wisp|p2a: Lucario
|-status|p2a: Lucario|brn
|
|-damage|p2a: Lucario|210\/281 brn|[from] brn
|turn|28
|
|move|p2a: Lucario|Swords Dance|p2a: Lucario
|-boost|p2a: Lucario|atk|2
|move|p1a: Mew|Knock Off|p2a: Lucario
|-resisted|p2a: Lucario
|-damage|p2a: Lucario|157\/281 brn
|-boost|p2a: Lucario|atk|1|[from] ability: Justified
|-enditem|p2a: Lucario|Life Orb|[from] move: Knock Off|[of] p1a: Mew
|
|-damage|p2a: Lucario|122\/281 brn|[from] brn
|turn|29
|
|move|p2a: Lucario|Close Combat|p1a: Mew
|-resisted|p1a: Mew
|-damage|p1a: Mew|224\/404
|-unboost|p2a: Lucario|def|1
|-unboost|p2a: Lucario|spd|1
|move|p1a: Mew|Knock Off|p2a: Lucario
|-resisted|p2a: Lucario
|-damage|p2a: Lucario|75\/281 brn
|-boost|p2a: Lucario|atk|1|[from] ability: Justified
|
|-heal|p1a: Mew|249\/404|[from] item: Leftovers
|-damage|p2a: Lucario|40\/281 brn|[from] brn
|turn|30
|-message|onnipotente forfeited.
|leave|onnipotente
|
|win|40 the kid1
|raw|Ladder updating...
|player|p2
|raw|40 the kid1's rating: 1745 &rarr; <strong>1751<\/strong><br \/>(+6 for winning)
|raw|onnipotente's rating: 1448 &rarr; <strong>1442<\/strong><br \/>(-6 for losing)