|join|Ghislaine my heart
|join|TDOG34
|player|p1|Ghislaine my heart|280
|player|p2|TDOG34|220
|gametype|singles
|gen|6
|tier|OU
|rated
|clearpoke
|poke|p1|Keldeo
|poke|p1|Metagross
|poke|p1|Greninja, M
|poke|p1|Latios, M
|poke|p1|Landorus-Therian, M
|poke|p1|Magneton
|poke|p2|Greninja, F
|poke|p2|Victini
|poke|p2|Lopunny, F
|poke|p2|Landorus-Therian, M
|poke|p2|Keldeo
|poke|p2|Ferrothorn, F
|rule|Swagger Clause: Swagger is banned
|rule|Baton Pass Clause: Limit one Pokémon knowing Baton Pass
|rule|Sleep Clause Mod: Limit one foe put to sleep
|rule|Species Clause: Limit one of each Pokémon
|rule|OHKO Clause: OHKO moves are banned
|rule|Moody Clause: Moody is banned
|rule|Evasion Moves Clause: Evasion moves are banned
|rule|Endless Battle Clause: Forcing endless battles is banned
|rule|HP Percentage Mod: HP is shown in percentages
|teampreview
|
|start
|switch|p1a: Magneton|Magneton|241\/241
|switch|p2a: Lopunny|Lopunny, F|271\/271
|turn|1
|
|switch|p1a: Landorus-Therian|Landorus-Therian, M|382\/382
|-ability|p1a: Landorus-Therian|Intimidate|[of] p2a: Lopunny
|-unboost|p2a: Lopunny|atk|1
|detailschange|p2a: Lopunny|Lopunny-Mega, F
|-mega|p2a: Lopunny|Lopunny|Lopunnite
|move|p2a: Lopunny|High Jump Kick|p1a: Landorus-Therian
|-resisted|p1a: Landorus-Therian
|-damage|p1a: Landorus-Therian|322\/382
|
|-heal|p1a: Landorus-Therian|345\/382|[from] item: Leftovers
|turn|2
|
|move|p2a: Lopunny|Ice Punch|p1a: Landorus-Therian
|-supereffective|p1a: Landorus-Therian
|-damage|p1a: Landorus-Therian|157\/382
|move|p1a: Landorus-Therian|Stealth Rock|p2a: Lopunny
|-sidestart|p2: TDOG34|move: Stealth Rock
|
|-heal|p1a: Landorus-Therian|180\/382|[from] item: Leftovers
|turn|3
|
|switch|p1a: Metagross|Metagross|301\/301
|move|p2a: Lopunny|Ice Punch|p1a: Metagross
|-resisted|p1a: Metagross
|-damage|p1a: Metagross|274\/301
|
|turn|4
|
|switch|p2a: Ferrothorn|Ferrothorn, F|351\/351
|-damage|p2a: Ferrothorn|330\/351|[from] Stealth Rock
|switch|p1a: Keldeo|Keldeo|323\/323
|
|turn|5
|
|move|p1a: Keldeo|Substitute|p1a: Keldeo
|-start|p1a: Keldeo|Substitute
|-damage|p1a: Keldeo|243\/323
|move|p2a: Ferrothorn|Thunder Wave|p1a: Keldeo
|
|-heal|p1a: Keldeo|263\/323|[from] item: Leftovers
|turn|6
|
|switch|p2a: Lopunny|Lopunny-Mega, F|271\/271
|-damage|p2a: Lopunny|255\/271|[from] Stealth Rock
|move|p1a: Keldeo|Secret Sword|p2a: Lopunny
|-supereffective|p2a: Lopunny
|-damage|p2a: Lopunny|0 fnt
|faint|p2a: Lopunny
|
|-heal|p1a: Keldeo|283\/323|[from] item: Leftovers
|
|switch|p2a: Victini|Victini|404\/404
|-damage|p2a: Victini|303\/404|[from] Stealth Rock
|turn|7
|
|move|p2a: Victini|Final Gambit|p1a: Keldeo
|-end|p1a: Keldeo|Substitute
|faint|p2a: Victini
|move|p1a: Keldeo|Scald|p2: Victini|[notarget]
|-notarget
|
|-heal|p1a: Keldeo|303\/323|[from] item: Leftovers
|
|switch|p2a: Greninja|Greninja, F|285\/285
|-damage|p2a: Greninja|250\/285|[from] Stealth Rock
|turn|8
|
|switch|p1a: Magneton|Magneton|241\/241
|move|p2a: Greninja|Scald|p1a: Magneton
|-start|p2a: Greninja|typechange|Water|[from] Protean
|-damage|p1a: Magneton|73\/241
|
|turn|9
|
|move|p1a: Magneton|Volt Switch|p2a: Greninja
|-supereffective|p2a: Greninja
|-damage|p2a: Greninja|0 fnt
|faint|p2a: Greninja
|
|switch|p1a: Latios|Latios, M|299\/299
|
|
|switch|p2a: Landorus-Therian|Landorus-Therian, M|337\/337
|-damage|p2a: Landorus-Therian|295\/337|[from] Stealth Rock
|-ability|p2a: Landorus-Therian|Intimidate|[of] p1a: Latios
|-unboost|p1a: Latios|atk|1
|turn|10
|
|move|p1a: Latios|Draco Meteor|p2a: Landorus-Therian
|-damage|p2a: Landorus-Therian|0 fnt
|-unboost|p1a: Latios|spa|2
|-damage|p1a: Latios|270\/299|[from] item: Life Orb
|faint|p2a: Landorus-Therian
|
|
|switch|p2a: Keldeo|Keldeo|323\/323
|-damage|p2a: Keldeo|303\/323|[from] Stealth Rock
|turn|11
|
|move|p1a: Latios|Psyshock|p2a: Keldeo
|-supereffective|p2a: Keldeo
|-damage|p2a: Keldeo|100\/323
|-damage|p1a: Latios|241\/299|[from] item: Life Orb
|move|p2a: Keldeo|Substitute|p2a: Keldeo
|-start|p2a: Keldeo|Substitute
|-damage|p2a: Keldeo|20\/323
|
|-heal|p2a: Keldeo|40\/323|[from] item: Leftovers
|turn|12
|
|move|p1a: Latios|Psyshock|p2a: Keldeo
|-supereffective|p2a: Keldeo
|-end|p2a: Keldeo|Substitute
|-damage|p1a: Latios|212\/299|[from] item: Life Orb
|move|p2a: Keldeo|Icy Wind|p1a: Latios
|-supereffective|p1a: Latios
|-damage|p1a: Latios|92\/299
|-unboost|p1a: Latios|spe|1
|
|-heal|p2a: Keldeo|60\/323|[from] item: Leftovers
|turn|13
|
|move|p2a: Keldeo|Icy Wind|p1a: Latios
|-supereffective|p1a: Latios
|-damage|p1a: Latios|0 fnt
|faint|p1a: Latios
|
|-heal|p2a: Keldeo|80\/323|[from] item: Leftovers
|
|switch|p1a: Magneton|Magneton|73\/241
|turn|14
|
|move|p1a: Magneton|Volt Switch|p2a: Keldeo
|-supereffective|p2a: Keldeo
|-damage|p2a: Keldeo|0 fnt
|faint|p2a: Keldeo
|
|switch|p1a: Keldeo|Keldeo|303\/323
|
|-heal|p1a: Keldeo|323\/323|[from] item: Leftovers
|-message|TDOG34 forfeited.
|leave|TDOG34
|
|win|Ghislaine my heart
|raw|Ladder updating...
|player|p2
|raw|Ghislaine my heart's rating: 1406 &rarr; <strong>1428<\/strong><br \/>(+22 for winning)
|raw|TDOG34's rating: 1436 &rarr; <strong>1414<\/strong><br \/>(-22 for losing)