|join|broke_and_famous
|join|Wrr
|player|p1|broke_and_famous|288
|player|p2|Wrr|144
|gametype|singles
|gen|6
|tier|UU
|rated
|rule|Sleep Clause Mod: Limit one foe put to sleep
|rule|Species Clause: Limit one of each Pokémon
|rule|OHKO Clause: OHKO moves are banned
|rule|Moody Clause: Moody is banned
|rule|Evasion Moves Clause: Evasion moves are banned
|rule|Endless Battle Clause: Forcing endless battles is banned
|rule|HP Percentage Mod: HP is reported as percentages
|clearpoke
|poke|p1|Mienshao, M
|poke|p1|Raikou, shiny
|poke|p1|Roserade, F
|poke|p1|Forretress, M
|poke|p1|Jellicent, M
|poke|p1|Aerodactyl, F
|poke|p2|Hydreigon, F
|poke|p2|Jirachi
|poke|p2|Donphan, F
|poke|p2|Slowbro, M
|poke|p2|Toxicroak, F
|poke|p2|Abomasnow, M
|rule|Swagger Clause: Swagger is banned
|rule|Baton Pass Clause: Limit one Pokémon knowing Baton Pass
|teampreview
|
|start
|switch|p1a: Aerodactyl|Aerodactyl, F|301\/301
|switch|p2a: Donphan|Donphan, F|379\/379
|-ability|p1a: Aerodactyl|Pressure
|turn|1
|
|detailschange|p1a: Aerodactyl|Aerodactyl-Mega, F
|message|Aerodactyl has Mega Evolved into Mega Aerodactyl!
|move|p1a: Aerodactyl|Taunt|p2a: Donphan
|-start|p2a: Donphan|move: Taunt
|move|p2a: Donphan|Stone Edge|p1a: Aerodactyl|[miss]
|-miss|p2a: Donphan|p1a: Aerodactyl
|
|turn|2
|
|switch|p1a: Forretress|Forretress, M|354\/354
|move|p2a: Donphan|Stone Edge|p1a: Forretress
|-damage|p1a: Forretress|284\/354
|
|-heal|p1a: Forretress|306\/354|[from] item: Leftovers
|turn|3
|
|switch|p2a: Hydreigon|Hydreigon, F|325\/325
|move|p1a: Forretress|Volt Switch|p2a: Hydreigon
|-resisted|p2a: Hydreigon
|-damage|p2a: Hydreigon|305\/325
|
|switch|p1a: Mienshao|Mienshao, M|271\/271
|
|turn|4
|
|switch|p2a: Toxicroak|Toxicroak, F|370\/370
|move|p1a: Mienshao|U-turn|p2a: Toxicroak
|-resisted|p2a: Toxicroak
|-damage|p2a: Toxicroak|341\/370
|
|switch|p1a: Roserade|Roserade, F|261\/261
|
|-heal|p2a: Toxicroak|364\/370|[from] item: Black Sludge
|turn|5
|
|switch|p2a: Hydreigon|Hydreigon, F|305\/325
|move|p1a: Roserade|Extrasensory|p2a: Hydreigon
|-immune|p2a: Hydreigon|[msg]
|
|turn|6
|
|move|p2a: Hydreigon|U-turn|p1a: Roserade
|-damage|p1a: Roserade|189\/261
|
|switch|p2a: Jirachi|Jirachi|341\/341
|move|p1a: Roserade|Dazzling Gleam|p2a: Jirachi
|-resisted|p2a: Jirachi
|-damage|p2a: Jirachi|290\/341
|
|-heal|p2a: Jirachi|311\/341|[from] item: Leftovers
|-heal|p1a: Roserade|205\/261|[from] item: Black Sludge
|turn|7
|
|move|p2a: Jirachi|Stealth Rock|p1a: Roserade
|-sidestart|p1: broke_and_famous|move: Stealth Rock
|move|p1a: Roserade|Hidden Power|p2a: Jirachi
|-supereffective|p2a: Jirachi
|-damage|p2a: Jirachi|79\/341
|
|-heal|p2a: Jirachi|100\/341|[from] item: Leftovers
|-heal|p1a: Roserade|221\/261|[from] item: Black Sludge
|turn|8
|
|move|p2a: Jirachi|Iron Head|p1a: Roserade
|-damage|p1a: Roserade|28\/261
|move|p1a: Roserade|Hidden Power|p2a: Jirachi
|-supereffective|p2a: Jirachi
|-damage|p2a: Jirachi|0 fnt
|faint|p2a: Jirachi
|
|-heal|p1a: Roserade|44\/261|[from] item: Black Sludge
|
|switch|p2a: Abomasnow|Abomasnow, M|384\/384
|-weather|Hail
|turn|9
|
|switch|p1a: Forretress|Forretress, M|306\/354
|-damage|p1a: Forretress|262\/354|[from] Stealth Rock
|detailschange|p2a: Abomasnow|Abomasnow-Mega, M
|message|Abomasnow has Mega Evolved into Mega Abomasnow!
|move|p2a: Abomasnow|Ice Shard|p1a: Forretress
|-resisted|p1a: Forretress
|-damage|p1a: Forretress|238\/354
|
|-weather|Hail|[upkeep]
|-damage|p1a: Forretress|216\/354|[from] hail
|-heal|p1a: Forretress|238\/354|[from] item: Leftovers
|turn|10
|
|switch|p2a: Donphan|Donphan, F|379\/379
|move|p1a: Forretress|Rapid Spin|p2a: Donphan
|-damage|p2a: Donphan|369\/379
|-sideend|p1: broke_and_famous|Stealth Rock|[from] move: Rapid Spin|[of] p1a: Forretress
|
|-weather|Hail|[upkeep]
|-damage|p2a: Donphan|346\/379|[from] hail
|-damage|p1a: Forretress|216\/354|[from] hail
|-heal|p1a: Forretress|238\/354|[from] item: Leftovers
|turn|11
|
|move|p2a: Donphan|Knock Off|p1a: Forretress
|-damage|p1a: Forretress|176\/354
|-enditem|p1a: Forretress|Leftovers|[from] move: Knock Off|[of] p2a: Donphan
|move|p1a: Forretress|Stealth Rock|p2a: Donphan
|-sidestart|p2: Wrr|move: Stealth Rock
|
|-weather|Hail|[upkeep]
|-damage|p2a: Donphan|323\/379|[from] hail
|-damage|p1a: Forretress|154\/354|[from] hail
|turn|12
|
|move|p2a: Donphan|Earthquake|p1a: Forretress
|-damage|p1a: Forretress|52\/354
|move|p1a: Forretress|Stealth Rock|p2a: Donphan
|-fail|p2a: Donphan
|
|-weather|Hail|[upkeep]
|-damage|p2a: Donphan|300\/379|[from] hail
|-damage|p1a: Forretress|30\/354|[from] hail
|turn|13
|
|switch|p1a: Aerodactyl|Aerodactyl-Mega, F|301\/301
|move|p2a: Donphan|Rapid Spin|p1a: Aerodactyl
|-resisted|p1a: Aerodactyl
|-damage|p1a: Aerodactyl|287\/301
|-sideend|p2: Wrr|Stealth Rock|[from] move: Rapid Spin|[of] p2a: Donphan
|
|-weather|none
|turn|14
|
|switch|p2a: Slowbro|Slowbro, M|394\/394
|move|p1a: Aerodactyl|Crunch|p2a: Slowbro
|-supereffective|p2a: Slowbro
|-damage|p2a: Slowbro|212\/394
|-unboost|p2a: Slowbro|def|1
|
|-heal|p2a: Slowbro|236\/394|[from] item: Leftovers
|turn|15
|
|switch|p2a: Donphan|Donphan, F|300\/379
|move|p1a: Aerodactyl|Crunch|p2a: Donphan
|-damage|p2a: Donphan|192\/379
|
|turn|16
|
|move|p1a: Aerodactyl|Iron Head|p2a: Donphan
|-damage|p2a: Donphan|90\/379
|cant|p2a: Donphan|flinch
|
|turn|17
|
|move|p1a: Aerodactyl|Crunch|p2a: Donphan
|-damage|p2a: Donphan|0 fnt
|faint|p2a: Donphan
|
|
|switch|p2a: Slowbro|Slowbro, M|367\/394
|turn|18
|
|move|p1a: Aerodactyl|Crunch|p2a: Slowbro
|-crit|p2a: Slowbro
|-supereffective|p2a: Slowbro
|-damage|p2a: Slowbro|87\/394
|move|p2a: Slowbro|Psyshock|p1a: Aerodactyl
|-damage|p1a: Aerodactyl|187\/301
|
|-heal|p2a: Slowbro|111\/394|[from] item: Leftovers
|turn|19
|
|switch|p2a: Hydreigon|Hydreigon, F|305\/325
|move|p1a: Aerodactyl|Iron Head|p2a: Hydreigon
|-damage|p2a: Hydreigon|165\/325
|
|turn|20
|
|move|p2a: Hydreigon|Draco Meteor|p1a: Aerodactyl
|-damage|p1a: Aerodactyl|0 fnt
|-unboost|p2a: Hydreigon|spa|2
|faint|p1a: Aerodactyl
|
|
|switch|p1a: Jellicent|Jellicent, M|404\/404
|turn|21
|
|switch|p2a: Slowbro|Slowbro, M|242\/394
|move|p1a: Jellicent|Will-O-Wisp|p2a: Slowbro|[miss]
|-miss|p1a: Jellicent|p2a: Slowbro
|
|-heal|p2a: Slowbro|266\/394|[from] item: Leftovers
|turn|22
|
|move|p1a: Jellicent|Shadow Ball|p2a: Slowbro
|-supereffective|p2a: Slowbro
|-damage|p2a: Slowbro|68\/394
|-unboost|p2a: Slowbro|spd|1
|move|p2a: Slowbro|Psyshock|p1a: Jellicent
|-crit|p1a: Jellicent
|-damage|p1a: Jellicent|215\/404
|
|-heal|p1a: Jellicent|240\/404|[from] item: Leftovers
|-heal|p2a: Slowbro|92\/394|[from] item: Leftovers
|turn|23
|
|switch|p2a: Hydreigon|Hydreigon, F|165\/325
|move|p1a: Jellicent|Will-O-Wisp|p2a: Hydreigon
|-status|p2a: Hydreigon|brn
|
|-heal|p1a: Jellicent|265\/404|[from] item: Leftovers
|-damage|p2a: Hydreigon|125\/325 brn|[from] brn
|turn|24
|
|move|p2a: Hydreigon|Draco Meteor|p1a: Jellicent
|-damage|p1a: Jellicent|97\/404
|-unboost|p2a: Hydreigon|spa|2
|move|p1a: Jellicent|Recover|p1a: Jellicent
|-heal|p1a: Jellicent|299\/404
|
|-heal|p1a: Jellicent|324\/404|[from] item: Leftovers
|-damage|p2a: Hydreigon|85\/325 brn|[from] brn
|turn|25
|
|move|p2a: Hydreigon|Draco Meteor|p1a: Jellicent
|-damage|p1a: Jellicent|239\/404
|-unboost|p2a: Hydreigon|spa|2
|move|p1a: Jellicent|Will-O-Wisp|p2a: Hydreigon
|-fail|p2a: Hydreigon|brn
|
|-heal|p1a: Jellicent|264\/404|[from] item: Leftovers
|-damage|p2a: Hydreigon|45\/325 brn|[from] brn
|turn|26
|
|move|p2a: Hydreigon|Draco Meteor|p1a: Jellicent
|-damage|p1a: Jellicent|209\/404
|-unboost|p2a: Hydreigon|spa|2
|move|p1a: Jellicent|Will-O-Wisp|p2a: Hydreigon
|-fail|p2a: Hydreigon|brn
|
|-heal|p1a: Jellicent|234\/404|[from] item: Leftovers
|-damage|p2a: Hydreigon|5\/325 brn|[from] brn
|turn|27
|
|move|p2a: Hydreigon|Draco Meteor|p1a: Jellicent
|-damage|p1a: Jellicent|194\/404
|move|p1a: Jellicent|Recover|p1a: Jellicent
|-heal|p1a: Jellicent|396\/404
|
|-heal|p1a: Jellicent|404\/404|[from] item: Leftovers
|-damage|p2a: Hydreigon|0 fnt|[from] brn
|faint|p2a: Hydreigon
|
|switch|p2a: Toxicroak|Toxicroak, F|364\/370
|turn|28
|
|switch|p1a: Forretress|Forretress, M|30\/354
|move|p2a: Toxicroak|Substitute|p2a: Toxicroak
|-start|p2a: Toxicroak|Substitute
|-damage|p2a: Toxicroak|272\/370
|
|-heal|p2a: Toxicroak|295\/370|[from] item: Black Sludge
|turn|29
|
|move|p2a: Toxicroak|Drain Punch|p1a: Forretress
|-damage|p1a: Forretress|0 fnt
|-heal|p2a: Toxicroak|310\/370|[from] drain|[of] p1a: Forretress
|faint|p1a: Forretress
|
|-heal|p2a: Toxicroak|333\/370|[from] item: Black Sludge
|
|switch|p1a: Roserade|Roserade, F|44\/261
|turn|30
|
|move|p2a: Toxicroak|Sucker Punch|p1a: Roserade
|-damage|p1a: Roserade|0 fnt
|faint|p1a: Roserade
|
|-heal|p2a: Toxicroak|356\/370|[from] item: Black Sludge
|
|switch|p1a: Raikou|Raikou, shiny|321\/321
|-ability|p1a: Raikou|Pressure
|turn|31
|
|move|p1a: Raikou|Volt Switch|p2a: Toxicroak
|-end|p2a: Toxicroak|Substitute
|
|switch|p1a: Jellicent|Jellicent, M|404\/404
|move|p2a: Toxicroak|Gunk Shot|p1a: Jellicent
|-resisted|p1a: Jellicent
|-damage|p1a: Jellicent|272\/404
|
|-heal|p2a: Toxicroak|370\/370|[from] item: Black Sludge
|-heal|p1a: Jellicent|297\/404|[from] item: Leftovers
|turn|32
|
|move|p2a: Toxicroak|Substitute|p2a: Toxicroak
|-start|p2a: Toxicroak|Substitute
|-damage|p2a: Toxicroak|278\/370
|move|p1a: Jellicent|Shadow Ball|p2a: Toxicroak
|-end|p2a: Toxicroak|Substitute
|
|-heal|p2a: Toxicroak|301\/370|[from] item: Black Sludge
|-heal|p1a: Jellicent|322\/404|[from] item: Leftovers
|turn|33
|
|move|p2a: Toxicroak|Substitute|p2a: Toxicroak
|-start|p2a: Toxicroak|Substitute
|-damage|p2a: Toxicroak|209\/370
|move|p1a: Jellicent|Will-O-Wisp|p2a: Toxicroak
|
|-heal|p2a: Toxicroak|232\/370|[from] item: Black Sludge
|-heal|p1a: Jellicent|347\/404|[from] item: Leftovers
|turn|34
|
|move|p2a: Toxicroak|Sucker Punch|p1a: Jellicent
|-fail|p1a: Jellicent
|move|p1a: Jellicent|Will-O-Wisp|p2a: Toxicroak
|
|-heal|p2a: Toxicroak|255\/370|[from] item: Black Sludge
|-heal|p1a: Jellicent|372\/404|[from] item: Leftovers
|turn|35
|
|move|p2a: Toxicroak|Gunk Shot|p1a: Jellicent
|-resisted|p1a: Jellicent
|-damage|p1a: Jellicent|246\/404
|move|p1a: Jellicent|Will-O-Wisp|p2a: Toxicroak
|
|-heal|p2a: Toxicroak|278\/370|[from] item: Black Sludge
|-heal|p1a: Jellicent|271\/404|[from] item: Leftovers
|turn|36
|
|move|p2a: Toxicroak|Sucker Punch|p1a: Jellicent
|-fail|p1a: Jellicent
|move|p1a: Jellicent|Will-O-Wisp|p2a: Toxicroak
|
|-heal|p2a: Toxicroak|301\/370|[from] item: Black Sludge
|-heal|p1a: Jellicent|296\/404|[from] item: Leftovers
|turn|37
|
|move|p2a: Toxicroak|Sucker Punch|p1a: Jellicent
|-fail|p1a: Jellicent
|move|p1a: Jellicent|Recover|p1a: Jellicent
|-heal|p1a: Jellicent|404\/404
|
|-heal|p2a: Toxicroak|324\/370|[from] item: Black Sludge
|turn|38
|
|move|p2a: Toxicroak|Gunk Shot|p1a: Jellicent
|-resisted|p1a: Jellicent
|-damage|p1a: Jellicent|278\/404
|move|p1a: Jellicent|Will-O-Wisp|p2a: Toxicroak
|
|-heal|p2a: Toxicroak|347\/370|[from] item: Black Sludge
|-heal|p1a: Jellicent|303\/404|[from] item: Leftovers
|turn|39
|
|move|p2a: Toxicroak|Gunk Shot|p1a: Jellicent
|-resisted|p1a: Jellicent
|-damage|p1a: Jellicent|165\/404
|-status|p1a: Jellicent|psn
|move|p1a: Jellicent|Shadow Ball|p2a: Toxicroak
|-end|p2a: Toxicroak|Substitute
|
|-heal|p2a: Toxicroak|370\/370|[from] item: Black Sludge
|-heal|p1a: Jellicent|190\/404 psn|[from] item: Leftovers
|-damage|p1a: Jellicent|140\/404 psn|[from] psn
|turn|40
|
|move|p2a: Toxicroak|Substitute|p2a: Toxicroak
|-start|p2a: Toxicroak|Substitute
|-damage|p2a: Toxicroak|278\/370
|move|p1a: Jellicent|Recover|p1a: Jellicent
|-heal|p1a: Jellicent|342\/404 psn
|
|-heal|p2a: Toxicroak|301\/370|[from] item: Black Sludge
|-heal|p1a: Jellicent|367\/404 psn|[from] item: Leftovers
|-damage|p1a: Jellicent|317\/404 psn|[from] psn
|turn|41
|
|move|p2a: Toxicroak|Sucker Punch|p1a: Jellicent
|-fail|p1a: Jellicent
|move|p1a: Jellicent|Will-O-Wisp|p2a: Toxicroak
|
|-heal|p2a: Toxicroak|324\/370|[from] item: Black Sludge
|-heal|p1a: Jellicent|342\/404 psn|[from] item: Leftovers
|-damage|p1a: Jellicent|292\/404 psn|[from] psn
|turn|42
|
|move|p2a: Toxicroak|Sucker Punch|p1a: Jellicent
|-fail|p1a: Jellicent
|move|p1a: Jellicent|Will-O-Wisp|p2a: Toxicroak
|
|-heal|p2a: Toxicroak|347\/370|[from] item: Black Sludge
|-heal|p1a: Jellicent|317\/404 psn|[from] item: Leftovers
|-damage|p1a: Jellicent|267\/404 psn|[from] psn
|turn|43
|
|move|p2a: Toxicroak|Gunk Shot|p1a: Jellicent
|-resisted|p1a: Jellicent
|-damage|p1a: Jellicent|136\/404 psn
|move|p1a: Jellicent|Recover|p1a: Jellicent
|-heal|p1a: Jellicent|338\/404 psn
|
|-heal|p2a: Toxicroak|370\/370|[from] item: Black Sludge
|-heal|p1a: Jellicent|363\/404 psn|[from] item: Leftovers
|-damage|p1a: Jellicent|313\/404 psn|[from] psn
|turn|44
|
|move|p2a: Toxicroak|Gunk Shot|p1a: Jellicent
|-resisted|p1a: Jellicent
|-damage|p1a: Jellicent|179\/404 psn
|move|p1a: Jellicent|Will-O-Wisp|p2a: Toxicroak
|
|-heal|p1a: Jellicent|204\/404 psn|[from] item: Leftovers
|-damage|p1a: Jellicent|154\/404 psn|[from] psn
|turn|45
|
|move|p2a: Toxicroak|Gunk Shot|p1a: Jellicent
|-resisted|p1a: Jellicent
|-damage|p1a: Jellicent|19\/404 psn
|move|p1a: Jellicent|Recover|p1a: Jellicent
|-heal|p1a: Jellicent|221\/404 psn
|
|-heal|p1a: Jellicent|246\/404 psn|[from] item: Leftovers
|-damage|p1a: Jellicent|196\/404 psn|[from] psn
|turn|46
|
|move|p2a: Toxicroak|Substitute|p2a: Toxicroak
|-fail|p2a: Toxicroak|move: Substitute
|move|p1a: Jellicent|Recover|p1a: Jellicent
|-heal|p1a: Jellicent|398\/404 psn
|
|-heal|p1a: Jellicent|404\/404 psn|[from] item: Leftovers
|-damage|p1a: Jellicent|354\/404 psn|[from] psn
|turn|47
|
|move|p2a: Toxicroak|Sucker Punch|p1a: Jellicent
|-fail|p1a: Jellicent
|move|p1a: Jellicent|Will-O-Wisp|p2a: Toxicroak
|
|-heal|p1a: Jellicent|379\/404 psn|[from] item: Leftovers
|-damage|p1a: Jellicent|329\/404 psn|[from] psn
|turn|48
|
|move|p2a: Toxicroak|Drain Punch|p1a: Jellicent
|-immune|p1a: Jellicent|[msg]
|move|p1a: Jellicent|Will-O-Wisp|p2a: Toxicroak
|
|-heal|p1a: Jellicent|354\/404 psn|[from] item: Leftovers
|-damage|p1a: Jellicent|304\/404 psn|[from] psn
|turn|49
|
|move|p2a: Toxicroak|Drain Punch|p1a: Jellicent
|-immune|p1a: Jellicent|[msg]
|move|p1a: Jellicent|Shadow Ball|p2a: Toxicroak
|-end|p2a: Toxicroak|Substitute
|
|-heal|p1a: Jellicent|329\/404 psn|[from] item: Leftovers
|-damage|p1a: Jellicent|279\/404 psn|[from] psn
|turn|50
|
|move|p2a: Toxicroak|Substitute|p2a: Toxicroak
|-start|p2a: Toxicroak|Substitute
|-damage|p2a: Toxicroak|278\/370
|move|p1a: Jellicent|Will-O-Wisp|p2a: Toxicroak
|
|-heal|p2a: Toxicroak|301\/370|[from] item: Black Sludge
|-heal|p1a: Jellicent|304\/404 psn|[from] item: Leftovers
|-damage|p1a: Jellicent|254\/404 psn|[from] psn
|turn|51
|
|move|p2a: Toxicroak|Drain Punch|p1a: Jellicent
|-immune|p1a: Jellicent|[msg]
|move|p1a: Jellicent|Will-O-Wisp|p2a: Toxicroak
|
|-heal|p2a: Toxicroak|324\/370|[from] item: Black Sludge
|-heal|p1a: Jellicent|279\/404 psn|[from] item: Leftovers
|-damage|p1a: Jellicent|229\/404 psn|[from] psn
|turn|52
|
|move|p2a: Toxicroak|Drain Punch|p1a: Jellicent
|-immune|p1a: Jellicent|[msg]
|move|p1a: Jellicent|Will-O-Wisp|p2a: Toxicroak|[miss]
|-miss|p1a: Jellicent|p2a: Toxicroak
|
|-heal|p2a: Toxicroak|347\/370|[from] item: Black Sludge
|-heal|p1a: Jellicent|254\/404 psn|[from] item: Leftovers
|-damage|p1a: Jellicent|204\/404 psn|[from] psn
|turn|53
|
|move|p2a: Toxicroak|Drain Punch|p1a: Jellicent
|-immune|p1a: Jellicent|[msg]
|move|p1a: Jellicent|Recover|p1a: Jellicent
|-heal|p1a: Jellicent|404\/404 psn
|
|-heal|p2a: Toxicroak|370\/370|[from] item: Black Sludge
|-damage|p1a: Jellicent|354\/404 psn|[from] psn
|turn|54
|
|move|p2a: Toxicroak|Drain Punch|p1a: Jellicent
|-immune|p1a: Jellicent|[msg]
|move|p1a: Jellicent|Shadow Ball|p2a: Toxicroak
|-end|p2a: Toxicroak|Substitute
|
|-heal|p1a: Jellicent|379\/404 psn|[from] item: Leftovers
|-damage|p1a: Jellicent|329\/404 psn|[from] psn
|turn|55
|
|move|p2a: Toxicroak|Substitute|p2a: Toxicroak
|-start|p2a: Toxicroak|Substitute
|-damage|p2a: Toxicroak|278\/370
|move|p1a: Jellicent|Will-O-Wisp|p2a: Toxicroak|[miss]
|-miss|p1a: Jellicent|p2a: Toxicroak
|
|-heal|p2a: Toxicroak|301\/370|[from] item: Black Sludge
|-heal|p1a: Jellicent|354\/404 psn|[from] item: Leftovers
|-damage|p1a: Jellicent|304\/404 psn|[from] psn
|turn|56
|
|move|p2a: Toxicroak|Drain Punch|p1a: Jellicent
|-immune|p1a: Jellicent|[msg]
|move|p1a: Jellicent|Will-O-Wisp|p2a: Toxicroak|[miss]
|-miss|p1a: Jellicent|p2a: Toxicroak
|
|-heal|p2a: Toxicroak|324\/370|[from] item: Black Sludge
|-heal|p1a: Jellicent|329\/404 psn|[from] item: Leftovers
|-damage|p1a: Jellicent|279\/404 psn|[from] psn
|turn|57
|
|move|p2a: Toxicroak|Drain Punch|p1a: Jellicent
|-immune|p1a: Jellicent|[msg]
|move|p1a: Jellicent|Shadow Ball|p2a: Toxicroak
|-end|p2a: Toxicroak|Substitute
|
|-heal|p2a: Toxicroak|347\/370|[from] item: Black Sludge
|-heal|p1a: Jellicent|304\/404 psn|[from] item: Leftovers
|-damage|p1a: Jellicent|254\/404 psn|[from] psn
|turn|58
|
|move|p2a: Toxicroak|Substitute|p2a: Toxicroak
|-start|p2a: Toxicroak|Substitute
|-damage|p2a: Toxicroak|255\/370
|move|p1a: Jellicent|Will-O-Wisp|p2a: Toxicroak
|
|-heal|p2a: Toxicroak|278\/370|[from] item: Black Sludge
|-heal|p1a: Jellicent|279\/404 psn|[from] item: Leftovers
|-damage|p1a: Jellicent|229\/404 psn|[from] psn
|turn|59
|
|move|p2a: Toxicroak|Drain Punch|p1a: Jellicent
|-immune|p1a: Jellicent|[msg]
|move|p1a: Jellicent|Recover|p1a: Jellicent
|-heal|p1a: Jellicent|404\/404 psn
|
|-heal|p2a: Toxicroak|301\/370|[from] item: Black Sludge
|-damage|p1a: Jellicent|354\/404 psn|[from] psn
|turn|60
|
|move|p2a: Toxicroak|Drain Punch|p1a: Jellicent
|-immune|p1a: Jellicent|[msg]
|move|p1a: Jellicent|Shadow Ball|p2a: Toxicroak
|-end|p2a: Toxicroak|Substitute
|
|-heal|p2a: Toxicroak|324\/370|[from] item: Black Sludge
|-heal|p1a: Jellicent|379\/404 psn|[from] item: Leftovers
|-damage|p1a: Jellicent|329\/404 psn|[from] psn
|turn|61
|
|move|p2a: Toxicroak|Substitute|p2a: Toxicroak
|-start|p2a: Toxicroak|Substitute
|-damage|p2a: Toxicroak|232\/370
|move|p1a: Jellicent|Shadow Ball|p2a: Toxicroak
|-end|p2a: Toxicroak|Substitute
|
|-heal|p2a: Toxicroak|255\/370|[from] item: Black Sludge
|-heal|p1a: Jellicent|354\/404 psn|[from] item: Leftovers
|-damage|p1a: Jellicent|304\/404 psn|[from] psn
|turn|62
|
|move|p2a: Toxicroak|Substitute|p2a: Toxicroak
|-start|p2a: Toxicroak|Substitute
|-damage|p2a: Toxicroak|163\/370
|move|p1a: Jellicent|Will-O-Wisp|p2a: Toxicroak|[miss]
|-miss|p1a: Jellicent|p2a: Toxicroak
|
|-heal|p2a: Toxicroak|186\/370|[from] item: Black Sludge
|-heal|p1a: Jellicent|329\/404 psn|[from] item: Leftovers
|-damage|p1a: Jellicent|279\/404 psn|[from] psn
|turn|63
|
|move|p2a: Toxicroak|Sucker Punch|p1a: Jellicent
|-supereffective|p1a: Jellicent
|-damage|p1a: Jellicent|43\/404 psn
|move|p1a: Jellicent|Shadow Ball|p2a: Toxicroak
|-end|p2a: Toxicroak|Substitute
|
|-heal|p2a: Toxicroak|209\/370|[from] item: Black Sludge
|-heal|p1a: Jellicent|68\/404 psn|[from] item: Leftovers
|-damage|p1a: Jellicent|18\/404 psn|[from] psn
|turn|64
|
|move|p2a: Toxicroak|Gunk Shot|p1a: Jellicent
|-resisted|p1a: Jellicent
|-damage|p1a: Jellicent|0 fnt
|faint|p1a: Jellicent
|
|-heal|p2a: Toxicroak|232\/370|[from] item: Black Sludge
|
|switch|p1a: Raikou|Raikou, shiny|321\/321
|-ability|p1a: Raikou|Pressure
|turn|65
|
|move|p1a: Raikou|Volt Switch|p2a: Toxicroak
|-damage|p2a: Toxicroak|10\/370
|
|switch|p1a: Mienshao|Mienshao, M|271\/271
|move|p2a: Toxicroak|Drain Punch|p1a: Mienshao
|-damage|p1a: Mienshao|82\/271
|-heal|p2a: Toxicroak|105\/370|[from] drain|[of] p1a: Mienshao
|
|-heal|p2a: Toxicroak|128\/370|[from] item: Black Sludge
|turn|66
|
|move|p1a: Mienshao|Aerial Ace|p2a: Toxicroak
|-supereffective|p2a: Toxicroak
|-damage|p2a: Toxicroak|0 fnt
|faint|p2a: Toxicroak
|
|
|switch|p2a: Slowbro|Slowbro, M|223\/394
|turn|67
|
|switch|p1a: Raikou|Raikou, shiny|321\/321
|-ability|p1a: Raikou|Pressure
|move|p2a: Slowbro|Scald|p1a: Raikou
|-damage|p1a: Raikou|225\/321
|
|-heal|p2a: Slowbro|247\/394|[from] item: Leftovers
|turn|68
|
|move|p1a: Raikou|Volt Switch|p2a: Slowbro
|-supereffective|p2a: Slowbro
|-damage|p2a: Slowbro|0 fnt
|faint|p2a: Slowbro
|
|switch|p1a: Mienshao|Mienshao, M|172\/271
|
|
|switch|p2a: Abomasnow|Abomasnow-Mega, M|384\/384
|-weather|Hail
|turn|69
|
|switch|p1a: Raikou|Raikou, shiny|225\/321
|-ability|p1a: Raikou|Pressure
|move|p2a: Abomasnow|Ice Shard|p1a: Raikou
|-damage|p1a: Raikou|123\/321
|
|-weather|Hail|[upkeep]
|-damage|p1a: Raikou|103\/321|[from] hail
|turn|70
|
|move|p1a: Raikou|Shadow Ball|p2a: Abomasnow
|-damage|p2a: Abomasnow|257\/384
|move|p2a: Abomasnow|Substitute|p2a: Abomasnow
|-start|p2a: Abomasnow|Substitute
|-damage|p2a: Abomasnow|161\/384
|
|-weather|Hail|[upkeep]
|-damage|p1a: Raikou|83\/321|[from] hail
|turn|71
|
|move|p1a: Raikou|Shadow Ball|p2a: Abomasnow
|-end|p2a: Abomasnow|Substitute
|move|p2a: Abomasnow|Substitute|p2a: Abomasnow
|-start|p2a: Abomasnow|Substitute
|-damage|p2a: Abomasnow|65\/384
|
|-weather|Hail|[upkeep]
|-damage|p1a: Raikou|63\/321|[from] hail
|turn|72
|
|move|p2a: Abomasnow|Ice Shard|p1a: Raikou
|-damage|p1a: Raikou|0 fnt
|faint|p1a: Raikou
|
|-weather|Hail|[upkeep]
|
|switch|p1a: Mienshao|Mienshao, M|262\/271
|turn|73
|
|move|p1a: Mienshao|U-turn|p2a: Abomasnow
|-supereffective|p2a: Abomasnow
|-end|p2a: Abomasnow|Substitute
|move|p2a: Abomasnow|Earthquake|p1a: Mienshao
|-damage|p1a: Mienshao|49\/271
|
|-weather|none
|turn|74
|
|move|p2a: Abomasnow|Ice Shard|p1a: Mienshao
|-damage|p1a: Mienshao|0 fnt
|faint|p1a: Mienshao
|
|win|Wrr
|raw|Ladder updating...
|chat|Wrr|gg
|raw|broke_and_famous's rating: 1411 &rarr; <strong>1385<\/strong><br \/>(-26 for losing)
|raw|Wrr's rating: 1315 &rarr; <strong>1340<\/strong><br \/>(+25 for winning)
|leave|broke_and_famous
|player|p1