|join|Lupusgirl
|join|broke_and_famous
|player|p1|Lupusgirl|101
|player|p2|broke_and_famous|288
|gametype|singles
|gen|6
|tier|UU
|rated
|rule|Sleep Clause Mod: Limit one foe put to sleep
|rule|Species Clause: Limit one of each Pokémon
|rule|OHKO Clause: OHKO moves are banned
|rule|Moody Clause: Moody is banned
|rule|Evasion Moves Clause: Evasion moves are banned
|rule|Endless Battle Clause: Forcing endless battles is banned
|rule|HP Percentage Mod: HP is reported as percentages
|clearpoke
|poke|p1|Donphan, F
|poke|p1|Shaymin
|poke|p1|Slowbro, M
|poke|p1|Darmanitan, M
|poke|p1|Scrafty, F
|poke|p1|Metagross
|poke|p2|Mienshao, F
|poke|p2|Raikou, shiny
|poke|p2|Roserade, F
|poke|p2|Forretress, M
|poke|p2|Jellicent, F
|poke|p2|Aerodactyl, M
|rule|Swagger Clause: Swagger is banned
|rule|Baton Pass Clause: Limit one Pokémon knowing Baton Pass
|teampreview
|
|start
|switch|p1a: Scrafty|Scrafty, F|334\/334
|switch|p2a: Roserade|Roserade, F|261\/261
|turn|1
|
|move|p2a: Roserade|Dazzling Gleam|p1a: Scrafty
|-supereffective|p1a: Scrafty
|-damage|p1a: Scrafty|2\/334
|move|p1a: Scrafty|Zen Headbutt|p2a: Roserade|[miss]
|-miss|p1a: Scrafty|p2a: Roserade
|
|-heal|p1a: Scrafty|22\/334|[from] item: Leftovers
|turn|2
|
|switch|p1a: Darmanitan|Darmanitan, M|351\/351
|move|p2a: Roserade|Hidden Power|p1a: Darmanitan
|-resisted|p1a: Darmanitan
|-damage|p1a: Darmanitan|265\/351
|
|turn|3
|
|switch|p2a: Jellicent|Jellicent, F|404\/404
|move|p1a: Darmanitan|U-turn|p2a: Jellicent
|-crit|p2a: Jellicent
|-resisted|p2a: Jellicent
|-damage|p2a: Jellicent|322\/404
|
|switch|p1a: Shaymin|Shaymin|341\/341
|
|-heal|p2a: Jellicent|347\/404|[from] item: Leftovers
|turn|4
|
|switch|p2a: Aerodactyl|Aerodactyl, M|301\/301
|-ability|p2a: Aerodactyl|Pressure
|move|p1a: Shaymin|Air Slash|p2a: Aerodactyl
|-resisted|p2a: Aerodactyl
|-damage|p2a: Aerodactyl|252\/301
|
|turn|5
|-message|Lupusgirl forfeited.
|
|win|broke_and_famous
|raw|Ladder updating...
|leave|Lupusgirl
|player|p1