|join|toiletpkay
|join|LT7X TDragonKnight
|player|p1|toiletpkay|293
|player|p2|LT7X TDragonKnight|153
|gametype|singles
|gen|6
|tier|OU
|rated
|clearpoke
|poke|p1|Azumarill, M
|poke|p1|Victini
|poke|p1|Manectric, F
|poke|p1|Scizor, F
|poke|p1|Landorus-Therian, M
|poke|p1|Keldeo
|poke|p2|Suicune
|poke|p2|Scizor, M
|poke|p2|Landorus-Therian, M
|poke|p2|Heatran, M
|poke|p2|Mew
|poke|p2|Latios, M
|rule|Swagger Clause: Swagger is banned
|rule|Baton Pass Clause: Limit one Pokémon knowing Baton Pass
|rule|Sleep Clause Mod: Limit one foe put to sleep
|rule|Species Clause: Limit one of each Pokémon
|rule|OHKO Clause: OHKO moves are banned
|rule|Moody Clause: Moody is banned
|rule|Evasion Moves Clause: Evasion moves are banned
|rule|Endless Battle Clause: Forcing endless battles is banned
|rule|HP Percentage Mod: HP is shown in percentages
|teampreview
|
|start
|switch|p1a: Keldeo|Keldeo|323\/323
|switch|p2a: Landorus-Therian|Landorus-Therian, M|325\/325
|-ability|p2a: Landorus-Therian|Intimidate|[of] p1a: Keldeo
|-unboost|p1a: Keldeo|atk|1
|turn|1
|
|move|p2a: Landorus-Therian|U-turn|p1a: Keldeo
|-resisted|p1a: Keldeo
|-damage|p1a: Keldeo|271\/323
|
|switch|p2a: Suicune|Suicune|399\/399
|-ability|p2a: Suicune|Pressure
|move|p1a: Keldeo|Scald|p2a: Suicune
|-resisted|p2a: Suicune
|-damage|p2a: Suicune|326\/399
|
|-heal|p2a: Suicune|350\/399|[from] item: Leftovers
|turn|2
|join|ShootingStarmie
|
|move|p1a: Keldeo|Scald|p2a: Suicune
|-resisted|p2a: Suicune
|-damage|p2a: Suicune|274\/399
|-status|p2a: Suicune|brn
|move|p2a: Suicune|Scald|p1a: Keldeo
|-resisted|p1a: Keldeo
|-damage|p1a: Keldeo|225\/323
|
|-heal|p2a: Suicune|298\/399 brn|[from] item: Leftovers
|-damage|p2a: Suicune|249\/399 brn|[from] brn
|turn|3
|c|+ShootingStarmie|how can u 
|c|+ShootingStarmie|start another game
|c|+ShootingStarmie|,_,
|
|move|p1a: Keldeo|Substitute|p1a: Keldeo
|-start|p1a: Keldeo|Substitute
|-damage|p1a: Keldeo|145\/323
|move|p2a: Suicune|Calm Mind|p2a: Suicune
|-boost|p2a: Suicune|spa|1
|-boost|p2a: Suicune|spd|1
|
|-heal|p2a: Suicune|273\/399 brn|[from] item: Leftovers
|-damage|p2a: Suicune|224\/399 brn|[from] brn
|turn|4
|c|★LT7X TDragonKnight|i'm not top 8 yet
|c|★toiletpkay|got bored lol
|
|move|p1a: Keldeo|Scald|p2a: Suicune
|-resisted|p2a: Suicune
|-damage|p2a: Suicune|171\/399 brn
|move|p2a: Suicune|Scald|p1a: Keldeo
|-resisted|p1a: Keldeo
|-activate|p1a: Keldeo|Substitute|[damage]
|
|-heal|p2a: Suicune|195\/399 brn|[from] item: Leftovers
|-damage|p2a: Suicune|146\/399 brn|[from] brn
|turn|5
|c|+ShootingStarmie|id fear facing stall ;;
|
|switch|p2a: Latios|Latios, M|299\/299
|move|p1a: Keldeo|Scald|p2a: Latios
|-resisted|p2a: Latios
|-damage|p2a: Latios|226\/299
|
|turn|6
|
|switch|p1a: Scizor|Scizor, F|281\/281
|move|p2a: Latios|Psyshock|p1a: Scizor
|-resisted|p1a: Scizor
|-damage|p1a: Scizor|195\/281
|-damage|p2a: Latios|197\/299|[from] item: Life Orb
|
|turn|7
|c|+ShootingStarmie|toilet do wat u do best
|join|iFenrear
|
|move|p1a: Scizor|Pursuit|p2a: Latios|[from]Pursuit
|-supereffective|p2a: Latios
|-damage|p2a: Latios|0 fnt
|faint|p2a: Latios
|
|c|+ShootingStarmie|and flush this man
|c|+ShootingStarmie|there it is
|
|switch|p2a: Scizor|Scizor, M|343\/343
|turn|8
|c|★toiletpkay|ill try
|c|★toiletpkay|but i didnt play ou for ahes
|c|★toiletpkay|ages
|c|+ShootingStarmie|dk ur nuthin but poo
|
|detailschange|p2a: Scizor|Scizor-Mega, M
|message|Scizor has Mega Evolved into Mega Scizor!
|move|p2a: Scizor|U-turn|p1a: Scizor
|-resisted|p1a: Scizor
|-damage|p1a: Scizor|124\/281
|c|+ShootingStarmie|flush flush
|
|switch|p2a: Heatran|Heatran, M|379\/379
|move|p1a: Scizor|U-turn|p2a: Heatran
|-resisted|p2a: Heatran
|-damage|p2a: Heatran|346\/379
|
|switch|p1a: Landorus-Therian|Landorus-Therian, M|350\/350
|-ability|p1a: Landorus-Therian|Intimidate|[of] p2a: Heatran
|-unboost|p2a: Heatran|atk|1
|
|-heal|p2a: Heatran|369\/379|[from] item: Leftovers
|turn|9
|
|switch|p2a: Landorus-Therian|Landorus-Therian, M|325\/325
|-ability|p2a: Landorus-Therian|Intimidate|[of] p1a: Landorus-Therian
|-unboost|p1a: Landorus-Therian|atk|1
|move|p1a: Landorus-Therian|Knock Off|p2a: Landorus-Therian
|-damage|p2a: Landorus-Therian|220\/325
|-enditem|p2a: Landorus-Therian|Choice Scarf|[from] move: Knock Off|[of] p1a: Landorus-Therian
|
|turn|10
|c|★toiletpkay|thats the scarf gone :D
|
|move|p2a: Landorus-Therian|U-turn|p1a: Landorus-Therian
|-resisted|p1a: Landorus-Therian
|-damage|p1a: Landorus-Therian|299\/350
|
|switch|p2a: Scizor|Scizor-Mega, M|343\/343
|move|p1a: Landorus-Therian|Stealth Rock|p2a: Scizor
|-sidestart|p2: LT7X TDragonKnight|move: Stealth Rock
|
|-heal|p1a: Landorus-Therian|320\/350|[from] item: Leftovers
|turn|11
|
|move|p1a: Landorus-Therian|Earthquake|p2a: Scizor
|-damage|p2a: Scizor|229\/343
|move|p2a: Scizor|U-turn|p1a: Landorus-Therian
|-resisted|p1a: Landorus-Therian
|-damage|p1a: Landorus-Therian|242\/350
|c| iFenrear|so subcmkeldeo can safely sweep
|
|switch|p2a: Suicune|Suicune|146\/399 brn
|-damage|p2a: Suicune|97\/399 brn|[from] Stealth Rock
|-ability|p2a: Suicune|Pressure
|
|-heal|p1a: Landorus-Therian|263\/350|[from] item: Leftovers
|-heal|p2a: Suicune|121\/399 brn|[from] item: Leftovers
|-damage|p2a: Suicune|72\/399 brn|[from] brn
|turn|12
|
|move|p1a: Landorus-Therian|Earthquake|p2a: Suicune
|-damage|p2a: Suicune|0 fnt
|faint|p2a: Suicune
|
|-heal|p1a: Landorus-Therian|284\/350|[from] item: Leftovers
|
|switch|p2a: Scizor|Scizor-Mega, M|229\/343
|-damage|p2a: Scizor|187\/343|[from] Stealth Rock
|turn|13
|c|+ShootingStarmie|rip suicune :[
|
|move|p1a: Landorus-Therian|U-turn|p2a: Scizor
|-resisted|p2a: Scizor
|-damage|p2a: Scizor|161\/343
|c|★toiletpkay|hmmm
|
|switch|p1a: Victini|Victini|341\/341
|move|p2a: Scizor|Roost|p2a: Scizor
|-heal|p2a: Scizor|333\/343
|
|turn|14
|
|switch|p2a: Heatran|Heatran, M|369\/379
|-damage|p2a: Heatran|322\/379|[from] Stealth Rock
|move|p1a: Victini|Bolt Strike|p2a: Heatran
|-damage|p2a: Heatran|185\/379
|
|-heal|p2a: Heatran|208\/379|[from] item: Leftovers
|turn|15
|
|move|p1a: Victini|Bolt Strike|p2a: Heatran
|-damage|p2a: Heatran|64\/379
|move|p2a: Heatran|Stealth Rock|p1a: Victini
|-sidestart|p1: toiletpkay|move: Stealth Rock
|
|-heal|p2a: Heatran|87\/379|[from] item: Leftovers
|turn|16
|
|switch|p2a: Landorus-Therian|Landorus-Therian, M|220\/325
|-damage|p2a: Landorus-Therian|180\/325|[from] Stealth Rock
|-ability|p2a: Landorus-Therian|Intimidate|[of] p1a: Victini
|-unboost|p1a: Victini|atk|1
|move|p1a: Victini|Blue Flare|p2a: Landorus-Therian
|-damage|p2a: Landorus-Therian|0 fnt
|faint|p2a: Landorus-Therian
|
|c|★toiletpkay|gg
|
|switch|p2a: Mew|Mew|403\/403
|-damage|p2a: Mew|353\/403|[from] Stealth Rock
|turn|17
|
|switch|p1a: Keldeo|Keldeo|145\/323
|-damage|p1a: Keldeo|125\/323|[from] Stealth Rock
|move|p2a: Mew|Knock Off|p1a: Keldeo
|-crit|p1a: Keldeo
|-resisted|p1a: Keldeo
|-damage|p1a: Keldeo|66\/323
|-boost|p1a: Keldeo|atk|1|[from] ability: Justified
|-enditem|p1a: Keldeo|Mystic Water|[from] move: Knock Off|[of] p2a: Mew
|
|-heal|p2a: Mew|378\/403|[from] item: Leftovers
|turn|18
|join|stathakis
|
|move|p1a: Keldeo|Endeavor|p2a: Mew
|-damage|p2a: Mew|66\/403
|move|p2a: Mew|Will-O-Wisp|p1a: Keldeo
|-status|p1a: Keldeo|brn
|
|-heal|p2a: Mew|91\/403|[from] item: Leftovers
|-damage|p1a: Keldeo|26\/323 brn|[from] brn
|turn|19
|
|switch|p2a: Heatran|Heatran, M|87\/379
|-damage|p2a: Heatran|40\/379|[from] Stealth Rock
|move|p1a: Keldeo|Scald|p2a: Heatran
|-supereffective|p2a: Heatran
|-damage|p2a: Heatran|0 fnt
|faint|p2a: Heatran
|
|-damage|p1a: Keldeo|0 fnt|[from] brn
|faint|p1a: Keldeo
|c| stathakis|dk
|c| stathakis|wtf happened here
|c|★LT7X TDragonKnight|i played bad
|
|switch|p1a: Victini|Victini|341\/341
|-damage|p1a: Victini|256\/341|[from] Stealth Rock
|switch|p2a: Mew|Mew|91\/403
|-damage|p2a: Mew|41\/403|[from] Stealth Rock
|turn|20
|c|+ShootingStarmie|he got flushed
|c|+ShootingStarmie|by the toilet
|c|★toiletpkay|looks like i wernt as rusty as i thought
|
|move|p1a: Victini|Blue Flare|p2a: Mew
|-damage|p2a: Mew|0 fnt
|faint|p2a: Mew
|
|c|★LT7X TDragonKnight|zzz
|c| iFenrear|lol
|c| stathakis|do any of you guys know who toiletpkay is?
|c|★LT7X TDragonKnight|gg
|-message|LT7X TDragonKnight forfeited.
|c| iFenrear|with that team nobody can be rusty
|c| stathakis|i should say, is he good?
|
|win|toiletpkay
|raw|Ladder updating...
|raw|toiletpkay's rating: 1847 &rarr; <strong>1864<\/strong><br \/>(+17 for winning)
|raw|LT7X TDragonKnight's rating: 1796 &rarr; <strong>1779<\/strong><br \/>(-17 for losing)
|leave|LT7X TDragonKnight
|player|p2
|c|★toiletpkay|ou is too boring is
|c|★toiletpkay|for me
|c|★toiletpkay|ill wait for for oras
|c| stathakis|try dpp
|leave|stathakis
|leave|iFenrear
|leave|ShootingStarmie