|join|Ygritte
|join|toiletpkay
|player|p1|Ygritte|102
|player|p2|toiletpkay|293
|gametype|singles
|gen|6
|tier|OU
|rated
|clearpoke
|poke|p1|Quagsire, F
|poke|p1|Gothitelle, F
|poke|p1|Landorus-Therian, M
|poke|p1|Amoonguss, F
|poke|p1|Manectric, F
|poke|p1|Chansey, F
|poke|p2|Azumarill, F
|poke|p2|Victini
|poke|p2|Manectric, M
|poke|p2|Scizor, M
|poke|p2|Landorus-Therian, M
|poke|p2|Keldeo
|rule|Swagger Clause: Swagger is banned
|rule|Baton Pass Clause: Limit one Pokémon knowing Baton Pass
|rule|Sleep Clause Mod: Limit one foe put to sleep
|rule|Species Clause: Limit one of each Pokémon
|rule|OHKO Clause: OHKO moves are banned
|rule|Moody Clause: Moody is banned
|rule|Evasion Moves Clause: Evasion moves are banned
|rule|Endless Battle Clause: Forcing endless battles is banned
|rule|HP Percentage Mod: HP is shown in percentages
|teampreview
|
|start
|switch|p1a: Amoonguss|Amoonguss, F|432\/432
|switch|p2a: Victini|Victini|341\/341
|turn|1
|
|switch|p1a: Quagsire|Quagsire, F|394\/394
|move|p2a: Victini|Blue Flare|p1a: Quagsire
|-resisted|p1a: Quagsire
|-damage|p1a: Quagsire|263\/394
|
|-heal|p1a: Quagsire|287\/394|[from] item: Leftovers
|turn|2
|
|switch|p1a: Chansey|Chansey, F|642\/642
|move|p2a: Victini|Energy Ball|p1a: Chansey
|-damage|p1a: Chansey|606\/642
|
|turn|3
|
|move|p2a: Victini|V-create|p1a: Chansey
|-damage|p1a: Chansey|164\/642
|-unboost|p2a: Victini|def|1
|-unboost|p2a: Victini|spd|1
|-unboost|p2a: Victini|spe|1
|move|p1a: Chansey|Stealth Rock|p2a: Victini
|-sidestart|p2: toiletpkay|move: Stealth Rock
|
|turn|4
|
|switch|p1a: Landorus-Therian|Landorus-Therian, M|319\/319
|-ability|p1a: Landorus-Therian|Intimidate|[of] p2a: Victini
|-unboost|p2a: Victini|atk|1
|move|p2a: Victini|V-create|p1a: Landorus-Therian
|-damage|p1a: Landorus-Therian|69\/319
|-unboost|p2a: Victini|def|1
|-unboost|p2a: Victini|spd|1
|-unboost|p2a: Victini|spe|1
|
|turn|5
|
|switch|p2a: Landorus-Therian|Landorus-Therian, M|350\/350
|-damage|p2a: Landorus-Therian|307\/350|[from] Stealth Rock
|-ability|p2a: Landorus-Therian|Intimidate|[of] p1a: Landorus-Therian
|-unboost|p1a: Landorus-Therian|atk|1
|move|p1a: Landorus-Therian|U-turn|p2a: Landorus-Therian
|-resisted|p2a: Landorus-Therian
|-damage|p2a: Landorus-Therian|275\/350
|
|switch|p1a: Amoonguss|Amoonguss, F|432\/432
|
|-heal|p2a: Landorus-Therian|296\/350|[from] item: Leftovers
|turn|6
|
|move|p2a: Landorus-Therian|Stealth Rock|p1a: Amoonguss
|-sidestart|p1: Ygritte|move: Stealth Rock
|move|p1a: Amoonguss|Spore|p2a: Landorus-Therian
|-status|p2a: Landorus-Therian|slp
|
|-heal|p2a: Landorus-Therian|317\/350 slp|[from] item: Leftovers
|turn|7
|
|switch|p2a: Scizor|Scizor, M|281\/281
|-damage|p2a: Scizor|246\/281|[from] Stealth Rock
|move|p1a: Amoonguss|Sludge Bomb|p2a: Scizor
|-immune|p2a: Scizor|[msg]
|
|turn|8
|
|move|p2a: Scizor|Aerial Ace|p1a: Amoonguss
|-crit|p1a: Amoonguss
|-supereffective|p1a: Amoonguss
|-damage|p1a: Amoonguss|72\/432
|-damage|p2a: Scizor|200\/281|[from] item: Rocky Helmet|[of] p1a: Amoonguss
|move|p1a: Amoonguss|Foul Play|p2a: Scizor
|-damage|p2a: Scizor|80\/281
|
|turn|9
|
|move|p2a: Scizor|Pursuit|p1a: Amoonguss|[from]Pursuit
|-damage|p1a: Amoonguss|0 fnt
|-damage|p2a: Scizor|34\/281|[from] item: Rocky Helmet|[of] p1a: Amoonguss
|faint|p1a: Amoonguss
|
|
|switch|p1a: Manectric|Manectric, F|281\/281
|-damage|p1a: Manectric|246\/281|[from] Stealth Rock
|turn|10
|
|detailschange|p1a: Manectric|Manectric-Mega, F
|message|Manectric has Mega Evolved into Mega Manectric!
|-ability|p1a: Manectric|Intimidate|[of] p2a: Scizor
|-unboost|p2a: Scizor|atk|1
|move|p2a: Scizor|Bullet Punch|p1a: Manectric
|-resisted|p1a: Manectric
|-damage|p1a: Manectric|195\/281
|move|p1a: Manectric|Flamethrower|p2a: Scizor
|-supereffective|p2a: Scizor
|-damage|p2a: Scizor|0 fnt
|faint|p2a: Scizor
|
|
|switch|p2a: Manectric|Manectric, M|281\/281
|-damage|p2a: Manectric|246\/281|[from] Stealth Rock
|turn|11
|
|switch|p1a: Quagsire|Quagsire, F|287\/394
|-damage|p1a: Quagsire|263\/394|[from] Stealth Rock
|detailschange|p2a: Manectric|Manectric-Mega, M
|message|Manectric has Mega Evolved into Mega Manectric!
|-ability|p2a: Manectric|Intimidate|[of] p1a: Quagsire
|-unboost|p1a: Quagsire|atk|1
|move|p2a: Manectric|Hidden Power|p1a: Quagsire
|-damage|p1a: Quagsire|167\/394
|
|-heal|p1a: Quagsire|191\/394|[from] item: Leftovers
|turn|12
|
|switch|p2a: Keldeo|Keldeo|323\/323
|-damage|p2a: Keldeo|303\/323|[from] Stealth Rock
|move|p1a: Quagsire|Scald|p2a: Keldeo
|-resisted|p2a: Keldeo
|-damage|p2a: Keldeo|265\/323
|
|-heal|p1a: Quagsire|215\/394|[from] item: Leftovers
|turn|13
|
|switch|p1a: Chansey|Chansey, F|164\/642
|-damage|p1a: Chansey|84\/642|[from] Stealth Rock
|move|p2a: Keldeo|Scald|p1a: Chansey
|-damage|p1a: Chansey|0 fnt
|faint|p1a: Chansey
|
|
|switch|p1a: Manectric|Manectric-Mega, F|195\/281
|-damage|p1a: Manectric|160\/281|[from] Stealth Rock
|-ability|p1a: Manectric|Intimidate|[of] p2a: Keldeo
|-unboost|p2a: Keldeo|atk|1
|turn|14
|
|switch|p2a: Landorus-Therian|Landorus-Therian, M|317\/350 slp
|-damage|p2a: Landorus-Therian|274\/350 slp|[from] Stealth Rock
|-ability|p2a: Landorus-Therian|Intimidate|[of] p1a: Manectric
|-unboost|p1a: Manectric|atk|1
|move|p1a: Manectric|Volt Switch|p2a: Landorus-Therian
|-immune|p2a: Landorus-Therian|[msg]
|
|-heal|p2a: Landorus-Therian|295\/350 slp|[from] item: Leftovers
|turn|15
|
|switch|p2a: Victini|Victini|341\/341
|-damage|p2a: Victini|256\/341|[from] Stealth Rock
|move|p1a: Manectric|Volt Switch|p2a: Victini
|-crit|p2a: Victini
|-damage|p2a: Victini|78\/341
|
|switch|p1a: Landorus-Therian|Landorus-Therian, M|69\/319
|-damage|p1a: Landorus-Therian|30\/319|[from] Stealth Rock
|-ability|p1a: Landorus-Therian|Intimidate|[of] p2a: Victini
|-unboost|p2a: Victini|atk|1
|
|turn|16
|
|switch|p2a: Landorus-Therian|Landorus-Therian, M|295\/350 slp
|-damage|p2a: Landorus-Therian|252\/350 slp|[from] Stealth Rock
|-ability|p2a: Landorus-Therian|Intimidate|[of] p1a: Landorus-Therian
|-unboost|p1a: Landorus-Therian|atk|1
|move|p1a: Landorus-Therian|Knock Off|p2a: Landorus-Therian
|-damage|p2a: Landorus-Therian|161\/350 slp
|-enditem|p2a: Landorus-Therian|Leftovers|[from] move: Knock Off|[of] p1a: Landorus-Therian
|
|turn|17
|
|move|p1a: Landorus-Therian|Knock Off|p2a: Landorus-Therian
|-damage|p2a: Landorus-Therian|100\/350 slp
|cant|p2a: Landorus-Therian|slp
|
|turn|18
|
|move|p1a: Landorus-Therian|Knock Off|p2a: Landorus-Therian
|-damage|p2a: Landorus-Therian|41\/350 slp
|cant|p2a: Landorus-Therian|slp
|
|turn|19
|
|switch|p2a: Victini|Victini|78\/341
|-damage|p2a: Victini|0 fnt|[from] Stealth Rock
|faint|p2a: Victini
|move|p1a: Landorus-Therian|Knock Off|p2: Victini|[notarget]
|-notarget
|
|
|switch|p2a: Azumarill|Azumarill, F|342\/342
|-damage|p2a: Azumarill|300\/342|[from] Stealth Rock
|turn|20
|
|move|p2a: Azumarill|Aqua Jet|p1a: Landorus-Therian
|-supereffective|p1a: Landorus-Therian
|-damage|p1a: Landorus-Therian|0 fnt
|faint|p1a: Landorus-Therian
|
|
|switch|p1a: Manectric|Manectric-Mega, F|160\/281
|-damage|p1a: Manectric|125\/281|[from] Stealth Rock
|-ability|p1a: Manectric|Intimidate|[of] p2a: Azumarill
|-unboost|p2a: Azumarill|atk|1
|turn|21
|
|switch|p2a: Landorus-Therian|Landorus-Therian, M|41\/350 slp
|-damage|p2a: Landorus-Therian|0 fnt|[from] Stealth Rock
|faint|p2a: Landorus-Therian
|move|p1a: Manectric|Volt Switch|p2: Landorus-Therian|[notarget]
|-notarget
|
|
|switch|p2a: Manectric|Manectric-Mega, M|246\/281
|-damage|p2a: Manectric|211\/281|[from] Stealth Rock
|-ability|p2a: Manectric|Intimidate|[of] p1a: Manectric
|-unboost|p1a: Manectric|atk|1
|turn|22
|
|switch|p1a: Quagsire|Quagsire, F|215\/394
|-damage|p1a: Quagsire|191\/394|[from] Stealth Rock
|move|p2a: Manectric|Hidden Power|p1a: Quagsire
|-crit|p1a: Quagsire
|-damage|p1a: Quagsire|36\/394
|
|-heal|p1a: Quagsire|60\/394|[from] item: Leftovers
|turn|23
|
|move|p2a: Manectric|Hidden Power|p1a: Quagsire
|-damage|p1a: Quagsire|0 fnt
|faint|p1a: Quagsire
|
|
|switch|p1a: Gothitelle|Gothitelle, F|281\/281
|-damage|p1a: Gothitelle|246\/281|[from] Stealth Rock
|turn|24
|
|move|p2a: Manectric|Volt Switch|p1a: Gothitelle
|-damage|p1a: Gothitelle|137\/281
|
|switch|p2a: Keldeo|Keldeo|265\/323
|-damage|p2a: Keldeo|245\/323|[from] Stealth Rock
|move|p1a: Gothitelle|Psychic|p2a: Keldeo
|-supereffective|p2a: Keldeo
|-damage|p2a: Keldeo|0 fnt
|faint|p2a: Keldeo
|
|
|switch|p2a: Manectric|Manectric-Mega, M|211\/281
|-damage|p2a: Manectric|176\/281|[from] Stealth Rock
|-ability|p2a: Manectric|Intimidate|[of] p1a: Gothitelle
|-unboost|p1a: Gothitelle|atk|1
|turn|25
|
|move|p2a: Manectric|Thunderbolt|p1a: Gothitelle
|-damage|p1a: Gothitelle|0 fnt
|faint|p1a: Gothitelle
|
|
|switch|p1a: Manectric|Manectric-Mega, F|125\/281
|-damage|p1a: Manectric|90\/281|[from] Stealth Rock
|-ability|p1a: Manectric|Intimidate|[of] p2a: Manectric
|-unboost|p2a: Manectric|atk|1
|turn|26
|
|move|p2a: Manectric|Flamethrower|p1a: Manectric
|-damage|p1a: Manectric|0 fnt
|faint|p1a: Manectric
|
|win|toiletpkay
|raw|Ladder updating...
|raw|Ygritte's rating: 1837 &rarr; <strong>1820<\/strong><br \/>(-17 for losing)
|raw|toiletpkay's rating: 1881 &rarr; <strong>1898<\/strong><br \/>(+17 for winning)
|leave|Ygritte
|player|p1