|join|Ragingflygon
|join|N199ERDESTROYER
|player|p1|Ragingflygon|49
|player|p2|N199ERDESTROYER|253
|gametype|singles
|gen|6
|tier|OU
|rated
|clearpoke
|poke|p1|Altaria, M
|poke|p1|Slowbro, F
|poke|p1|Gengar, M
|poke|p1|Magnezone
|poke|p1|Skarmory, M
|poke|p1|Infernape, M
|poke|p2|Clefable, M
|poke|p2|Keldeo
|poke|p2|Mew
|poke|p2|Landorus-Therian, M
|poke|p2|Venusaur, M
|poke|p2|Rotom-Heat
|rule|Swagger Clause: Swagger is banned
|rule|Baton Pass Clause: Limit one Pokémon knowing Baton Pass
|rule|Sleep Clause Mod: Limit one foe put to sleep
|rule|Species Clause: Limit one of each Pokémon
|rule|OHKO Clause: OHKO moves are banned
|rule|Moody Clause: Moody is banned
|rule|Evasion Moves Clause: Evasion moves are banned
|rule|Endless Battle Clause: Forcing endless battles is banned
|rule|HP Percentage Mod: HP is shown in percentages
|teampreview
|
|start
|switch|p1a: Infernape|Infernape, M|293\/293
|switch|p2a: Venusaur|Venusaur, M|363\/363
|turn|1
|
|detailschange|p2a: Venusaur|Venusaur-Mega, M
|-mega|p2a: Venusaur|Venusaur|Venusaurite
|move|p1a: Infernape|U-turn|p2a: Venusaur
|-damage|p2a: Venusaur|303\/363
|
|switch|p1a: Gengar|Gengar, M|261\/261
|move|p2a: Venusaur|Sludge Bomb|p1a: Gengar
|-resisted|p1a: Gengar
|-damage|p1a: Gengar|221\/261
|
|-heal|p1a: Gengar|237\/261|[from] item: Black Sludge
|turn|2
|
|move|p1a: Gengar|Substitute|p1a: Gengar
|-start|p1a: Gengar|Substitute
|-damage|p1a: Gengar|172\/261
|move|p2a: Venusaur|Knock Off|p1a: Gengar
|-crit|p1a: Gengar
|-supereffective|p1a: Gengar
|-end|p1a: Gengar|Substitute
|
|-heal|p1a: Gengar|188\/261|[from] item: Black Sludge
|turn|3
|c|★N199ERDESTROYER|nice try
|leave|Ragingflygon
|player|p1
|-message|ragingflygon lost due to inactivity.
|
|win|N199ERDESTROYER
|raw|Ladder updating...
|raw|Ragingflygon's rating: 1456 &rarr; <strong>1435<\/strong><br \/>(-21 for losing)
|raw|N199ERDESTROYER's rating: 1445 &rarr; <strong>1466<\/strong><br \/>(+21 for winning)