|join|PandemoniumHeart
|join|dtw
|player|p1|PandemoniumHeart|52
|player|p2|dtw|1
|gametype|singles
|gen|6
|tier|OU
|rated
|clearpoke
|poke|p1|Dragonite, F
|poke|p1|Excadrill, F
|poke|p1|Diancie
|poke|p1|Slowbro, M
|poke|p1|Tyranitar, M
|poke|p1|Ferrothorn, M
|poke|p2|Gengar, M
|poke|p2|Landorus, M
|poke|p2|Keldeo
|poke|p2|Terrakion
|poke|p2|Talonflame, M
|poke|p2|Staraptor, F
|rule|Swagger Clause: Swagger is banned
|rule|Baton Pass Clause: Limit one Pokémon knowing Baton Pass
|rule|Sleep Clause Mod: Limit one foe put to sleep
|rule|Species Clause: Limit one of each Pokémon
|rule|OHKO Clause: OHKO moves are banned
|rule|Moody Clause: Moody is banned
|rule|Evasion Moves Clause: Evasion moves are banned
|rule|Endless Battle Clause: Forcing endless battles is banned
|rule|HP Percentage Mod: HP is shown in percentages
|teampreview
|
|start
|switch|p1a: Ferrothorn|Ferrothorn, M|352\/352
|switch|p2a: Terrakion|Terrakion|323\/323
|turn|1
|
|switch|p1a: Slowbro|Slowbro, M|394\/394
|move|p2a: Terrakion|Taunt|p1a: Slowbro
|-start|p1a: Slowbro|move: Taunt
|
|turn|2
|
|move|p2a: Terrakion|Stealth Rock|p1a: Slowbro
|-sidestart|p1: PandemoniumHeart|move: Stealth Rock
|move|p1a: Slowbro|Scald|p2a: Terrakion
|-supereffective|p2a: Terrakion
|-damage|p2a: Terrakion|131\/323
|
|turn|3
|
|move|p2a: Terrakion|Stone Edge|p1a: Slowbro|[miss]
|-miss|p2a: Terrakion|p1a: Slowbro
|move|p1a: Slowbro|Scald|p2a: Terrakion
|-supereffective|p2a: Terrakion
|-damage|p2a: Terrakion|0 fnt
|faint|p2a: Terrakion
|
|
|switch|p2a: Gengar|Gengar, M|261\/261
|turn|4
|
|switch|p1a: Tyranitar|Tyranitar, M|345\/345
|-damage|p1a: Tyranitar|302\/345|[from] Stealth Rock
|-weather|Sandstorm
|move|p2a: Gengar|Substitute|p2a: Gengar
|-start|p2a: Gengar|Substitute
|-damage|p2a: Gengar|196\/261
|
|-weather|Sandstorm|[upkeep]
|-damage|p2a: Gengar|180\/261|[from] sandstorm
|turn|5
|
|switch|p1a: Dragonite|Dragonite, F|347\/347
|-damage|p1a: Dragonite|261\/347|[from] Stealth Rock
|move|p2a: Gengar|Focus Blast|p1a: Dragonite
|-resisted|p1a: Dragonite
|-damage|p1a: Dragonite|178\/347
|-damage|p2a: Gengar|154\/261|[from] item: Life Orb
|
|-weather|Sandstorm|[upkeep]
|-damage|p2a: Gengar|138\/261|[from] sandstorm
|-damage|p1a: Dragonite|157\/347|[from] sandstorm
|-heal|p1a: Dragonite|178\/347|[from] item: Leftovers
|turn|6
|
|move|p2a: Gengar|Shadow Ball|p1a: Dragonite
|-damage|p1a: Dragonite|6\/347
|-damage|p2a: Gengar|112\/261|[from] item: Life Orb
|move|p1a: Dragonite|Roost|p1a: Dragonite
|-heal|p1a: Dragonite|180\/347
|
|-weather|Sandstorm|[upkeep]
|-damage|p2a: Gengar|96\/261|[from] sandstorm
|-damage|p1a: Dragonite|159\/347|[from] sandstorm
|-heal|p1a: Dragonite|180\/347|[from] item: Leftovers
|turn|7
|
|move|p2a: Gengar|Shadow Ball|p1a: Dragonite
|-damage|p1a: Dragonite|20\/347
|-damage|p2a: Gengar|70\/261|[from] item: Life Orb
|move|p1a: Dragonite|Roost|p1a: Dragonite
|-heal|p1a: Dragonite|194\/347
|
|-weather|Sandstorm|[upkeep]
|-damage|p2a: Gengar|54\/261|[from] sandstorm
|-damage|p1a: Dragonite|173\/347|[from] sandstorm
|-heal|p1a: Dragonite|194\/347|[from] item: Leftovers
|turn|8
|
|move|p2a: Gengar|Shadow Ball|p1a: Dragonite
|-damage|p1a: Dragonite|37\/347
|-damage|p2a: Gengar|28\/261|[from] item: Life Orb
|move|p1a: Dragonite|Roost|p1a: Dragonite
|-heal|p1a: Dragonite|211\/347
|
|-weather|Sandstorm|[upkeep]
|-damage|p2a: Gengar|12\/261|[from] sandstorm
|-damage|p1a: Dragonite|190\/347|[from] sandstorm
|-heal|p1a: Dragonite|211\/347|[from] item: Leftovers
|turn|9
|
|move|p2a: Gengar|Pain Split|p1a: Dragonite
|-sethp|p1a: Dragonite|111\/347|p2a: Gengar|111\/261|[from] move: Pain Split
|move|p1a: Dragonite|Roost|p1a: Dragonite
|-heal|p1a: Dragonite|285\/347
|
|-weather|Sandstorm|[upkeep]
|-damage|p2a: Gengar|95\/261|[from] sandstorm
|-damage|p1a: Dragonite|264\/347|[from] sandstorm
|-heal|p1a: Dragonite|285\/347|[from] item: Leftovers
|turn|10
|
|move|p2a: Gengar|Pain Split|p1a: Dragonite
|-sethp|p1a: Dragonite|190\/347|p2a: Gengar|190\/261|[from] move: Pain Split
|move|p1a: Dragonite|Roost|p1a: Dragonite
|-heal|p1a: Dragonite|347\/347
|
|-weather|Sandstorm|[upkeep]
|-damage|p2a: Gengar|174\/261|[from] sandstorm
|-damage|p1a: Dragonite|326\/347|[from] sandstorm
|-heal|p1a: Dragonite|347\/347|[from] item: Leftovers
|turn|11
|
|move|p2a: Gengar|Shadow Ball|p1a: Dragonite
|-damage|p1a: Dragonite|266\/347
|-damage|p2a: Gengar|148\/261|[from] item: Life Orb
|move|p1a: Dragonite|Thunderbolt|p2a: Gengar
|-end|p2a: Gengar|Substitute
|
|-weather|none
|-heal|p1a: Dragonite|287\/347|[from] item: Leftovers
|turn|12
|
|move|p2a: Gengar|Shadow Ball|p1a: Dragonite
|-damage|p1a: Dragonite|118\/347
|-damage|p2a: Gengar|122\/261|[from] item: Life Orb
|move|p1a: Dragonite|Thunderbolt|p2a: Gengar
|-damage|p2a: Gengar|18\/261
|
|-heal|p1a: Dragonite|139\/347|[from] item: Leftovers
|turn|13
|
|switch|p2a: Landorus|Landorus, M|319\/319
|switch|p1a: Tyranitar|Tyranitar, M|302\/345
|-damage|p1a: Tyranitar|259\/345|[from] Stealth Rock
|-weather|Sandstorm
|
|-weather|Sandstorm|[upkeep]
|turn|14
|
|move|p2a: Landorus|Focus Blast|p1a: Tyranitar
|-supereffective|p1a: Tyranitar
|-damage|p1a: Tyranitar|0 fnt
|faint|p1a: Tyranitar
|
|-weather|Sandstorm|[upkeep]
|
|switch|p1a: Ferrothorn|Ferrothorn, M|352\/352
|-damage|p1a: Ferrothorn|330\/352|[from] Stealth Rock
|turn|15
|
|switch|p2a: Gengar|Gengar, M|18\/261
|move|p1a: Ferrothorn|Stealth Rock|p2a: Gengar
|-sidestart|p2: dtw|move: Stealth Rock
|
|-weather|Sandstorm|[upkeep]
|-damage|p2a: Gengar|2\/261|[from] sandstorm
|-heal|p1a: Ferrothorn|352\/352|[from] item: Leftovers
|turn|16
|
|move|p2a: Gengar|Pain Split|p1a: Ferrothorn
|-sethp|p1a: Ferrothorn|177\/352|p2a: Gengar|177\/261|[from] move: Pain Split
|move|p1a: Ferrothorn|Power Whip|p2a: Gengar
|-resisted|p2a: Gengar
|-damage|p2a: Gengar|81\/261
|
|-weather|Sandstorm|[upkeep]
|-damage|p2a: Gengar|65\/261|[from] sandstorm
|-heal|p1a: Ferrothorn|199\/352|[from] item: Leftovers
|turn|17
|
|move|p2a: Gengar|Focus Blast|p1a: Ferrothorn
|-supereffective|p1a: Ferrothorn
|-damage|p1a: Ferrothorn|0 fnt
|-damage|p2a: Gengar|39\/261|[from] item: Life Orb
|faint|p1a: Ferrothorn
|
|-weather|Sandstorm|[upkeep]
|-damage|p2a: Gengar|23\/261|[from] sandstorm
|
|switch|p1a: Excadrill|Excadrill, F|362\/362
|-damage|p1a: Excadrill|351\/362|[from] Stealth Rock
|turn|18
|
|move|p1a: Excadrill|Iron Head|p2a: Gengar
|-damage|p2a: Gengar|0 fnt
|-damage|p1a: Excadrill|315\/362|[from] item: Life Orb
|faint|p2a: Gengar
|
|-weather|Sandstorm|[upkeep]
|
|switch|p2a: Keldeo|Keldeo|323\/323
|-damage|p2a: Keldeo|303\/323|[from] Stealth Rock
|turn|19
|
|move|p1a: Excadrill|Earthquake|p2a: Keldeo
|-damage|p2a: Keldeo|14\/323
|-damage|p1a: Excadrill|279\/362|[from] item: Life Orb
|move|p2a: Keldeo|Hydro Pump|p1a: Excadrill
|-supereffective|p1a: Excadrill
|-damage|p1a: Excadrill|0 fnt
|faint|p1a: Excadrill
|
|-weather|Sandstorm|[upkeep]
|-damage|p2a: Keldeo|0 fnt|[from] sandstorm
|faint|p2a: Keldeo
|
|switch|p2a: Staraptor|Staraptor, F|311\/311
|switch|p1a: Slowbro|Slowbro, M|394\/394
|-damage|p2a: Staraptor|234\/311|[from] Stealth Rock
|-damage|p1a: Slowbro|345\/394|[from] Stealth Rock
|turn|20
|
|move|p2a: Staraptor|Brave Bird|p1a: Slowbro
|-damage|p1a: Slowbro|104\/394
|-damage|p2a: Staraptor|154\/311|[from] recoil|[of] p1a: Slowbro
|move|p1a: Slowbro|Scald|p2a: Staraptor
|-damage|p2a: Staraptor|7\/311
|
|-weather|none
|-heal|p1a: Slowbro|128\/394|[from] item: Leftovers
|turn|21
|
|switch|p1a: Dragonite|Dragonite, F|139\/347
|-damage|p1a: Dragonite|53\/347|[from] Stealth Rock
|move|p2a: Staraptor|Brave Bird|p1a: Dragonite
|-damage|p1a: Dragonite|0 fnt
|-damage|p2a: Staraptor|0 fnt|[from] recoil|[of] p1a: Dragonite
|faint|p1a: Dragonite
|faint|p2a: Staraptor
|
|
|switch|p2a: Landorus|Landorus, M|319\/319
|switch|p1a: Slowbro|Slowbro, M|259\/394
|-damage|p2a: Landorus|280\/319|[from] Stealth Rock
|-damage|p1a: Slowbro|210\/394|[from] Stealth Rock
|turn|22
|
|move|p2a: Landorus|Earth Power|p1a: Slowbro
|-damage|p1a: Slowbro|0 fnt
|faint|p1a: Slowbro
|
|
|switch|p1a: Diancie|Diancie|284\/284
|-damage|p1a: Diancie|249\/284|[from] Stealth Rock
|turn|23
|
|detailschange|p1a: Diancie|Diancie-Mega
|-mega|p1a: Diancie|Diancie|Diancite
|move|p2a: Landorus|Earth Power|p1a: Diancie
|-supereffective|p1a: Diancie
|-damage|p1a: Diancie|0 fnt
|faint|p1a: Diancie
|
|win|dtw
|raw|Ladder updating...
|raw|PandemoniumHeart's rating: 1461 &rarr; <strong>1439<\/strong><br \/>(-22 for losing)
|raw|dtw's rating: 1438 &rarr; <strong>1459<\/strong><br \/>(+21 for winning)
|c|★dtw|gg