|join|LiberalLucario
|join|captain fuccboi420
|join|Volbeatdown
|join|BasedAaron
|player|p1|LiberalLucario|290
|player|p2|captain fuccboi420|170
|gametype|singles
|gen|6
|tier|UU
|rated
|rule|Sleep Clause Mod: Limit one foe put to sleep
|rule|Species Clause: Limit one of each Pokémon
|rule|OHKO Clause: OHKO moves are banned
|rule|Moody Clause: Moody is banned
|rule|Evasion Moves Clause: Evasion moves are banned
|rule|Endless Battle Clause: Forcing endless battles is banned
|rule|HP Percentage Mod: HP is shown in percentages
|clearpoke
|poke|p1|Rotom-Mow
|poke|p1|Machamp, F
|poke|p1|Suicune
|poke|p1|Entei, shiny
|poke|p1|Aggron, M
|poke|p1|Gligar, M
|poke|p2|Swampert, M
|poke|p2|Celebi
|poke|p2|Entei, shiny
|poke|p2|Forretress, M
|poke|p2|Mienshao, F
|poke|p2|Hydreigon, F
|rule|Swagger Clause: Swagger is banned
|rule|Baton Pass Clause: Limit one Pokémon knowing Baton Pass
|teampreview
|c|★captain fuccboi420|that rotom c doe
|c|★captain fuccboi420|i like it
|c|★LiberalLucario|me 22
|
|start
|switch|p1a: Rotom-Mow|Rotom-Mow|241\/241
|switch|p2a: Entei|Entei, shiny|372\/372
|-ability|p2a: Entei|Pressure
|turn|1
|
|switch|p1a: Suicune|Suicune|404\/404
|-ability|p1a: Suicune|Pressure
|move|p2a: Entei|Toxic|p1a: Suicune
|-status|p1a: Suicune|tox
|
|-damage|p1a: Suicune|379\/404 tox|[from] psn
|turn|2
|c| Volbeatdown|ebin
|
|switch|p2a: Swampert|Swampert, M|404\/404
|switch|p1a: Entei|Entei, shiny|371\/371
|-ability|p1a: Entei|Pressure
|
|turn|3
|
|switch|p1a: Rotom-Mow|Rotom-Mow|241\/241
|move|p2a: Swampert|Stealth Rock|p1a: Rotom-Mow
|-sidestart|p1: LiberalLucario|move: Stealth Rock
|
|turn|4
|
|switch|p2a: Hydreigon|Hydreigon, F|325\/325
|move|p1a: Rotom-Mow|Volt Switch|p2a: Hydreigon
|-resisted|p2a: Hydreigon
|-damage|p2a: Hydreigon|242\/325
|
|switch|p1a: Machamp|Machamp, F|344\/344
|-damage|p1a: Machamp|323\/344|[from] Stealth Rock
|
|turn|5
|
|move|p2a: Hydreigon|U-turn|p1a: Machamp
|-resisted|p1a: Machamp
|-damage|p1a: Machamp|290\/344
|
|switch|p2a: Forretress|Forretress, M|354\/354
|move|p1a: Machamp|Knock Off|p2a: Forretress
|-damage|p2a: Forretress|275\/354
|-enditem|p2a: Forretress|Leftovers|[from] move: Knock Off|[of] p1a: Machamp
|
|turn|6
|
|switch|p1a: Gligar|Gligar, M|334\/334
|-damage|p1a: Gligar|293\/334|[from] Stealth Rock
|move|p2a: Forretress|Volt Switch|p1a: Gligar
|-immune|p1a: Gligar|[msg]
|
|turn|7
|
|switch|p2a: Mienshao|Mienshao, F|271\/271
|move|p1a: Gligar|Defog|p2a: Mienshao
|-unboost|p2a: Mienshao|evasion|1
|-sideend|p1: LiberalLucario|Stealth Rock|[from] move: Defog|[of] p1a: Gligar
|
|turn|8
|c|★captain fuccboi420|gah
|c|★captain fuccboi420|i wanna hjk
|
|move|p2a: Mienshao|Knock Off|p1a: Gligar
|-damage|p1a: Gligar|198\/334
|-enditem|p1a: Gligar|Eviolite|[from] move: Knock Off|[of] p2a: Mienshao
|-damage|p2a: Mienshao|244\/271|[from] item: Life Orb
|move|p1a: Gligar|U-turn|p2a: Mienshao
|-resisted|p2a: Mienshao
|-damage|p2a: Mienshao|212\/271
|join|DumbPeopleBeLike
|join|meowiekins
|
|switch|p1a: Suicune|Suicune|379\/404 tox
|-ability|p1a: Suicune|Pressure
|
|-heal|p1a: Suicune|404\/404 tox|[from] item: Leftovers
|-damage|p1a: Suicune|379\/404 tox|[from] psn
|turn|9
|join|joltage
|
|move|p2a: Mienshao|U-turn|p1a: Suicune
|-damage|p1a: Suicune|306\/404 tox
|-damage|p2a: Mienshao|185\/271|[from] item: Life Orb
|join|Kyla's Nightmare
|
|switch|p2a: Swampert|Swampert, M|404\/404
|move|p1a: Suicune|Ice Beam|p2a: Swampert
|-damage|p2a: Swampert|347\/404
|-status|p2a: Swampert|frz
|
|-heal|p1a: Suicune|331\/404 tox|[from] item: Leftovers
|-heal|p2a: Swampert|372\/404 frz|[from] item: Leftovers
|-damage|p1a: Suicune|281\/404 tox|[from] psn
|turn|10
|c|★captain fuccboi420|oh no
|c|★LiberalLucario|ill just
|c|★LiberalLucario|freeze u
|c|★captain fuccboi420|oh no
|c|★LiberalLucario|stay
|c|★LiberalLucario|freezen
|
|switch|p1a: Rotom-Mow|Rotom-Mow|241\/241
|switch|p2a: Mienshao|Mienshao, F|271\/271
|
|turn|11
|c|★captain fuccboi420|i dislkike this
|c|★captain fuccboi420|v much
|c|★captain fuccboi420|not cool
|
|switch|p1a: Gligar|Gligar, M|198\/334
|move|p2a: Mienshao|Fake Out|p1a: Gligar
|-damage|p1a: Gligar|138\/334
|-damage|p2a: Mienshao|244\/271|[from] item: Life Orb
|
|turn|12
|c|★captain fuccboi420|oh hold up
|c|★captain fuccboi420|rotom specs??
|c|★LiberalLucario|y
|c|★LiberalLucario|i'm real..
|c| meowiekins|specs rotoms are good
|c| meowiekins|bulky is for lame-os
|c|★LiberalLucario|tru.
|c|★LiberalLucario|u gonna
|c|★captain fuccboi420|ye
|c|★LiberalLucario|make a play or
|c|★captain fuccboi420|im scrub
|c|★LiberalLucario|should i timer
|c|★captain fuccboi420|thought it was scarf
|
|move|p2a: Mienshao|U-turn|p1a: Gligar
|-resisted|p1a: Gligar
|-damage|p1a: Gligar|86\/334
|-damage|p2a: Mienshao|217\/271|[from] item: Life Orb
|
|switch|p2a: Hydreigon|Hydreigon, F|242\/325
|move|p1a: Gligar|Roost|p1a: Gligar
|-heal|p1a: Gligar|253\/334
|
|turn|13
|
|move|p2a: Hydreigon|Draco Meteor|p1a: Gligar
|-damage|p1a: Gligar|40\/334
|-unboost|p2a: Hydreigon|spa|2
|move|p1a: Gligar|Roost|p1a: Gligar
|-heal|p1a: Gligar|207\/334
|
|turn|14
|c|★LiberalLucario|rip.
|
|switch|p2a: Swampert|Swampert, M|372\/404 frz
|move|p1a: Gligar|U-turn|p2a: Swampert
|-damage|p2a: Swampert|324\/404 frz
|
|switch|p1a: Rotom-Mow|Rotom-Mow|241\/241
|
|-heal|p2a: Swampert|349\/404 frz|[from] item: Leftovers
|turn|15
|
|switch|p2a: Celebi|Celebi|404\/404
|move|p1a: Rotom-Mow|Leaf Storm|p2a: Celebi|[miss]
|-miss|p1a: Rotom-Mow|p2a: Celebi
|
|turn|16
|
|switch|p1a: Aggron|Aggron, M|344\/344
|move|p2a: Celebi|U-turn|p1a: Aggron
|-resisted|p1a: Aggron
|-damage|p1a: Aggron|329\/344
|
|switch|p2a: Swampert|Swampert, M|349\/404 frz
|
|-heal|p2a: Swampert|374\/404 frz|[from] item: Leftovers
|turn|17
|join|Eren Swaeger
|c|★LiberalLucario|thaw urself
|leave|Eren Swaeger
|
|switch|p1a: Rotom-Mow|Rotom-Mow|241\/241
|cant|p2a: Swampert|frz
|
|-heal|p2a: Swampert|399\/404 frz|[from] item: Leftovers
|turn|18
|c| meowiekins|use scald
|c|★LiberalLucario|rip
|c| meowiekins|scald thaws you
|c| meowiekins|(dont do it now
|c|★LiberalLucario|^
|c|★LiberalLucario|or
|c|★LiberalLucario|do it now
|c|★LiberalLucario|:]
|c|★LiberalLucario|im using volt switch
|c|★captain fuccboi420|oh
|c|★captain fuccboi420|right
|
|switch|p2a: Hydreigon|Hydreigon, F|242\/325
|move|p1a: Rotom-Mow|Leaf Storm|p2a: Hydreigon
|-resisted|p2a: Hydreigon
|-damage|p2a: Hydreigon|81\/325
|-unboost|p1a: Rotom-Mow|spa|2
|
|turn|19
|
|switch|p1a: Machamp|Machamp, F|290\/344
|move|p2a: Hydreigon|U-turn|p1a: Machamp
|-resisted|p1a: Machamp
|-damage|p1a: Machamp|256\/344
|
|switch|p2a: Mienshao|Mienshao, F|271\/271
|
|turn|20
|
|switch|p1a: Gligar|Gligar, M|207\/334
|move|p2a: Mienshao|High Jump Kick|p1a: Gligar
|-resisted|p1a: Gligar
|-damage|p1a: Gligar|65\/334
|-damage|p2a: Mienshao|244\/271|[from] item: Life Orb
|
|turn|21
|c|★captain fuccboi420|DAMN
|c|★LiberalLucario|,
|c|★LiberalLucario|damn.
|
|move|p2a: Mienshao|High Jump Kick|p1a: Gligar
|-resisted|p1a: Gligar
|-damage|p1a: Gligar|0 fnt
|-damage|p2a: Mienshao|217\/271|[from] item: Life Orb
|faint|p1a: Gligar
|
|c|★LiberalLucario|you didnt even
|c|★LiberalLucario|miss
|c|★LiberalLucario|:(
|c|★captain fuccboi420|wow i hit a 90% high jump miss
|
|switch|p1a: Entei|Entei, shiny|371\/371
|-ability|p1a: Entei|Pressure
|turn|22
|c|★captain fuccboi420|i wana do it again
|
|switch|p2a: Swampert|Swampert, M|399\/404 frz
|move|p1a: Entei|Extreme Speed|p2a: Swampert
|-damage|p2a: Swampert|248\/404 frz
|
|-heal|p2a: Swampert|273\/404 frz|[from] item: Leftovers
|turn|23
|
|move|p1a: Entei|Extreme Speed|p2a: Swampert
|-damage|p2a: Swampert|126\/404 frz
|-curestatus|p2a: Swampert|frz
|move|p2a: Swampert|Scald|p1a: Entei
|-supereffective|p1a: Entei
|-damage|p1a: Entei|41\/371
|
|-heal|p2a: Swampert|151\/404|[from] item: Leftovers
|turn|24
|c|★LiberalLucario|ow!
|
|switch|p1a: Rotom-Mow|Rotom-Mow|241\/241
|move|p2a: Swampert|Stealth Rock|p1a: Rotom-Mow
|-sidestart|p1: LiberalLucario|move: Stealth Rock
|
|-heal|p2a: Swampert|176\/404|[from] item: Leftovers
|turn|25
|c|★captain fuccboi420|ur gonna volt switch
|c|★LiberalLucario|y
|c|★captain fuccboi420|cuz i said so
|
|switch|p2a: Celebi|Celebi|404\/404
|move|p1a: Rotom-Mow|Leaf Storm|p2a: Celebi
|-resisted|p2a: Celebi
|-damage|p2a: Celebi|305\/404
|-unboost|p1a: Rotom-Mow|spa|2
|
|-heal|p2a: Celebi|330\/404|[from] item: Leftovers
|turn|26
|
|switch|p1a: Aggron|Aggron, M|329\/344
|-damage|p1a: Aggron|308\/344|[from] Stealth Rock
|move|p2a: Celebi|U-turn|p1a: Aggron
|-crit|p1a: Aggron
|-resisted|p1a: Aggron
|-damage|p1a: Aggron|287\/344
|c|★LiberalLucario|can you stop uturning
|c|★LiberalLucario|thx
|c|★captain fuccboi420|no ty
|
|switch|p2a: Forretress|Forretress, M|275\/354
|
|turn|27
|
|detailschange|p1a: Aggron|Aggron-Mega, M
|-mega|p1a: Aggron|Aggron|Aggronite
|move|p1a: Aggron|Stealth Rock|p2a: Forretress
|-sidestart|p2: captain fuccboi420|move: Stealth Rock
|move|p2a: Forretress|Spikes|p1a: Aggron
|-sidestart|p1: LiberalLucario|Spikes
|
|turn|28
|
|move|p2a: Forretress|Spikes|p1a: Aggron
|-sidestart|p1: LiberalLucario|Spikes
|move|p1a: Aggron|Roar|p2a: Forretress
|drag|p2a: Mienshao|Mienshao, F|271\/271
|-damage|p2a: Mienshao|255\/271|[from] Stealth Rock
|
|turn|29
|c|★captain fuccboi420|big dmg
|c|★captain fuccboi420|coming up
|
|move|p2a: Mienshao|Fake Out|p1a: Aggron
|-crit|p1a: Aggron
|-resisted|p1a: Aggron
|-damage|p1a: Aggron|268\/344
|-damage|p2a: Mienshao|228\/271|[from] item: Life Orb
|cant|p1a: Aggron|flinch
|
|turn|30
|c|★LiberalLucario|did u rly need that
|
|move|p2a: Mienshao|U-turn|p1a: Aggron
|-resisted|p1a: Aggron
|-damage|p1a: Aggron|247\/344
|-damage|p2a: Mienshao|201\/271|[from] item: Life Orb
|c|★LiberalLucario|5.5%
|c|★LiberalLucario|lmao
|c|★captain fuccboi420|duh
|
|switch|p2a: Forretress|Forretress, M|275\/354
|-damage|p2a: Forretress|231\/354|[from] Stealth Rock
|move|p1a: Aggron|Heavy Slam|p2a: Forretress
|-resisted|p2a: Forretress
|-damage|p2a: Forretress|196\/354
|
|turn|31
|
|move|p1a: Aggron|Earthquake|p2a: Forretress
|-damage|p2a: Forretress|141\/354
|move|p2a: Forretress|Rapid Spin|p1a: Aggron
|-crit|p1a: Aggron
|-resisted|p1a: Aggron
|-damage|p1a: Aggron|242\/344
|-sideend|p2: captain fuccboi420|Stealth Rock|[from] move: Rapid Spin|[of] p2a: Forretress
|
|turn|32
|c|★captain fuccboi420|not gonna lie
|c|★captain fuccboi420|that crit probably mattered
|
|move|p1a: Aggron|Earthquake|p2a: Forretress
|-damage|p2a: Forretress|82\/354
|move|p2a: Forretress|Spikes|p1a: Aggron
|-sidestart|p1: LiberalLucario|Spikes
|
|turn|33
|c|★LiberalLucario|tru!
|
|switch|p1a: Entei|Entei, shiny|41\/371
|-damage|p1a: Entei|0 fnt|[from] Stealth Rock
|faint|p1a: Entei
|move|p2a: Forretress|Spikes|p1: Entei
|-fail|p1: Entei
|
|leave|Volbeatdown
|c|★captain fuccboi420|lolol
|c|★captain fuccboi420|dropping dat disrespect
|
|switch|p1a: Rotom-Mow|Rotom-Mow|241\/241
|-damage|p1a: Rotom-Mow|211\/241|[from] Stealth Rock
|turn|34
|
|switch|p2a: Celebi|Celebi|330\/404
|move|p1a: Rotom-Mow|Thunderbolt|p2a: Celebi
|-resisted|p2a: Celebi
|-damage|p2a: Celebi|262\/404
|
|-heal|p2a: Celebi|287\/404|[from] item: Leftovers
|turn|35
|
|move|p1a: Rotom-Mow|Thunderbolt|p2a: Celebi
|-resisted|p2a: Celebi
|-damage|p2a: Celebi|209\/404
|move|p2a: Celebi|Psychic|p1a: Rotom-Mow
|-damage|p1a: Rotom-Mow|108\/241
|
|-heal|p2a: Celebi|234\/404|[from] item: Leftovers
|turn|36
|c|★LiberalLucario|gg.
|-message|LiberalLucario forfeited.
|c|★captain fuccboi420|gg
|-message|LiberalLucario forfeited.
|leave|LiberalLucario
|
|win|captain fuccboi420
|raw|Ladder updating...
|raw|LiberalLucario's rating: 1645 &rarr; <strong>1628<\/strong><br \/>(-17 for losing)
|raw|captain fuccboi420's rating: 1701 &rarr; <strong>1718<\/strong><br \/>(+17 for winning)
|player|p1