|join|captain fuccboi420
|join|MidnightSwami
|player|p1|captain fuccboi420|102
|player|p2|MidnightSwami|1
|gametype|singles
|gen|6
|tier|UU
|rated
|rule|Sleep Clause Mod: Limit one foe put to sleep
|rule|Species Clause: Limit one of each Pokémon
|rule|OHKO Clause: OHKO moves are banned
|rule|Moody Clause: Moody is banned
|rule|Evasion Moves Clause: Evasion moves are banned
|rule|Endless Battle Clause: Forcing endless battles is banned
|rule|HP Percentage Mod: HP is shown in percentages
|clearpoke
|poke|p1|Swampert, M
|poke|p1|Celebi
|poke|p1|Entei, shiny
|poke|p1|Forretress, F
|poke|p1|Mienshao, F
|poke|p1|Hydreigon, F
|poke|p2|Milotic, F, shiny
|poke|p2|Entei, shiny
|poke|p2|Azelf
|poke|p2|Forretress, F
|poke|p2|Crobat, F
|poke|p2|Jolteon, M
|rule|Swagger Clause: Swagger is banned
|rule|Baton Pass Clause: Limit one Pokémon knowing Baton Pass
|teampreview
|
|start
|switch|p1a: Entei|Entei, shiny|372\/372
|switch|p2a: Oscar Wilde|Azelf|291\/291
|-ability|p1a: Entei|Pressure
|turn|1
|
|move|p2a: Oscar Wilde|Explosion|p1a: Entei
|-damage|p1a: Entei|31\/372
|faint|p2a: Oscar Wilde
|move|p1a: Entei|Sacred Fire|p2: Oscar Wilde|[notarget]
|-notarget
|
|c|★captain fuccboi420|DAMN
|
|switch|p2a: Maes Hughes|Crobat, F|311\/311
|turn|2
|c|★captain fuccboi420|NOT WORTH
|
|move|p2a: Maes Hughes|Pursuit|p1a: Entei|[from]Pursuit
|-damage|p1a: Entei|0 fnt
|faint|p1a: Entei
|
|c|★captain fuccboi420|DAMN
|c|★captain fuccboi420|WORTH
|c|★MidnightSwami|i know how devastating entei can be
|
|switch|p1a: Forretress|Forretress, F|354\/354
|turn|3
|
|switch|p2a: Forretress Gump|Forretress, F|354\/354
|move|p1a: Forretress|Volt Switch|p2a: Forretress Gump
|-damage|p2a: Forretress Gump|297\/354
|
|switch|p1a: Hydreigon|Hydreigon, F|325\/325
|
|-heal|p2a: Forretress Gump|319\/354|[from] item: Leftovers
|turn|4
|
|switch|p2a: Sarah Palin|Milotic, F, shiny|394\/394
|move|p1a: Hydreigon|U-turn|p2a: Sarah Palin
|-damage|p2a: Sarah Palin|335\/394
|
|switch|p1a: Celebi|Celebi|404\/404
|
|-heal|p2a: Sarah Palin|359\/394|[from] item: Leftovers
|turn|5
|
|move|p1a: Celebi|Psychic|p2a: Sarah Palin
|-damage|p2a: Sarah Palin|286\/394
|move|p2a: Sarah Palin|Mirror Coat|p1a: Celebi
|-damage|p1a: Celebi|258\/404
|
|-heal|p1a: Celebi|283\/404|[from] item: Leftovers
|-heal|p2a: Sarah Palin|310\/394|[from] item: Leftovers
|turn|6
|
|move|p1a: Celebi|Nasty Plot|p1a: Celebi
|-boost|p1a: Celebi|spa|2
|move|p2a: Sarah Palin|Scald|p1a: Celebi
|-resisted|p1a: Celebi
|-damage|p1a: Celebi|250\/404
|
|-heal|p1a: Celebi|275\/404|[from] item: Leftovers
|-heal|p2a: Sarah Palin|334\/394|[from] item: Leftovers
|turn|7
|
|move|p1a: Celebi|Giga Drain|p2a: Sarah Palin
|-supereffective|p2a: Sarah Palin
|-damage|p2a: Sarah Palin|76\/394
|-heal|p1a: Celebi|404\/404|[from] drain|[of] p2a: Sarah Palin
|move|p2a: Sarah Palin|Dragon Tail|p1a: Celebi
|-damage|p1a: Celebi|370\/404
|drag|p1a: Forretress|Forretress, F|354\/354
|
|-heal|p2a: Sarah Palin|100\/394|[from] item: Leftovers
|turn|8
|
|move|p2a: Sarah Palin|Recover|p2a: Sarah Palin
|-heal|p2a: Sarah Palin|297\/394
|move|p1a: Forretress|Volt Switch|p2a: Sarah Palin
|-supereffective|p2a: Sarah Palin
|-damage|p2a: Sarah Palin|249\/394
|
|switch|p1a: Celebi|Celebi|370\/404
|
|-heal|p1a: Celebi|395\/404|[from] item: Leftovers
|-heal|p2a: Sarah Palin|273\/394|[from] item: Leftovers
|turn|9
|
|move|p1a: Celebi|Psychic|p2a: Sarah Palin
|-damage|p2a: Sarah Palin|194\/394
|move|p2a: Sarah Palin|Recover|p2a: Sarah Palin
|-heal|p2a: Sarah Palin|391\/394
|
|-heal|p1a: Celebi|404\/404|[from] item: Leftovers
|-heal|p2a: Sarah Palin|394\/394|[from] item: Leftovers
|turn|10
|
|move|p1a: Celebi|Nasty Plot|p1a: Celebi
|-boost|p1a: Celebi|spa|2
|move|p2a: Sarah Palin|Mirror Coat|p1a: Celebi
|-fail|p1a: Celebi
|
|turn|11
|
|move|p1a: Celebi|Nasty Plot|p1a: Celebi
|-boost|p1a: Celebi|spa|2
|move|p2a: Sarah Palin|Mirror Coat|p1a: Celebi
|-fail|p1a: Celebi
|
|turn|12
|
|move|p1a: Celebi|Psychic|p2a: Sarah Palin
|-damage|p2a: Sarah Palin|183\/394
|move|p2a: Sarah Palin|Dragon Tail|p1a: Celebi|[miss]
|-miss|p2a: Sarah Palin|p1a: Celebi
|
|-heal|p2a: Sarah Palin|207\/394|[from] item: Leftovers
|turn|13
|c|★captain fuccboi420|WOWOWOW
|
|switch|p2a: Oh Shit He|Jolteon, M|272\/272
|move|p1a: Celebi|Psychic|p2a: Oh Shit He
|-damage|p2a: Oh Shit He|0 fnt
|faint|p2a: Oh Shit He
|
|
|switch|p2a: Erebus Unbound|Entei, shiny|372\/372
|-ability|p2a: Erebus Unbound|Pressure
|turn|14
|
|switch|p1a: Swampert|Swampert, M|404\/404
|move|p2a: Erebus Unbound|Sacred Fire|p1a: Swampert
|-resisted|p1a: Swampert
|-damage|p1a: Swampert|251\/404
|
|-heal|p1a: Swampert|276\/404|[from] item: Leftovers
|turn|15
|c|★MidnightSwami|calm down mate
|
|move|p2a: Erebus Unbound|Sacred Fire|p1a: Swampert
|-resisted|p1a: Swampert
|-damage|p1a: Swampert|126\/404
|move|p1a: Swampert|Stealth Rock|p2a: Erebus Unbound
|-sidestart|p2: MidnightSwami|move: Stealth Rock
|
|-heal|p1a: Swampert|151\/404|[from] item: Leftovers
|turn|16
|
|move|p2a: Erebus Unbound|Sacred Fire|p1a: Swampert
|-resisted|p1a: Swampert
|-damage|p1a: Swampert|7\/404
|-status|p1a: Swampert|brn
|move|p1a: Swampert|Earthquake|p2a: Erebus Unbound
|-crit|p2a: Erebus Unbound
|-supereffective|p2a: Erebus Unbound
|-damage|p2a: Erebus Unbound|168\/372
|
|-heal|p1a: Swampert|32\/404 brn|[from] item: Leftovers
|-damage|p1a: Swampert|0 fnt|[from] brn
|faint|p1a: Swampert
|c|★MidnightSwami|lol
|c|★MidnightSwami|crit
|c|★MidnightSwami|nice
|
|switch|p1a: Mienshao|Mienshao, F|271\/271
|turn|17
|c|★captain fuccboi420|calm down mate
|
|switch|p2a: Forretress Gump|Forretress, F|319\/354
|-damage|p2a: Forretress Gump|275\/354|[from] Stealth Rock
|move|p1a: Mienshao|High Jump Kick|p2a: Forretress Gump
|-damage|p2a: Forretress Gump|122\/354
|-damage|p1a: Mienshao|244\/271|[from] item: Life Orb
|
|-heal|p2a: Forretress Gump|144\/354|[from] item: Leftovers
|turn|18
|
|move|p1a: Mienshao|High Jump Kick|p2a: Forretress Gump|[miss]
|-miss|p1a: Mienshao|p2a: Forretress Gump
|-damage|p1a: Mienshao|109\/271|[from] highjumpkick
|move|p2a: Forretress Gump|Rapid Spin|p1a: Mienshao
|-damage|p1a: Mienshao|89\/271
|-sideend|p2: MidnightSwami|Stealth Rock|[from] move: Rapid Spin|[of] p2a: Forretress Gump
|
|-heal|p2a: Forretress Gump|166\/354|[from] item: Leftovers
|turn|19
|
|move|p1a: Mienshao|U-turn|p2a: Forretress Gump
|-resisted|p2a: Forretress Gump
|-damage|p2a: Forretress Gump|135\/354
|-damage|p1a: Mienshao|62\/271|[from] item: Life Orb
|
|switch|p1a: Hydreigon|Hydreigon, F|325\/325
|move|p2a: Forretress Gump|Volt Switch|p1a: Hydreigon
|-resisted|p1a: Hydreigon
|-damage|p1a: Hydreigon|306\/325
|
|switch|p2a: Maes Hughes|Crobat, F|311\/311
|
|turn|20
|
|move|p1a: Hydreigon|U-turn|p2a: Maes Hughes
|-resisted|p2a: Maes Hughes
|-damage|p2a: Maes Hughes|295\/311
|
|switch|p1a: Forretress|Forretress, F|354\/354
|move|p2a: Maes Hughes|U-turn|p1a: Forretress
|-resisted|p1a: Forretress
|-damage|p1a: Forretress|326\/354
|
|switch|p2a: Erebus Unbound|Entei, shiny|168\/372
|-ability|p2a: Erebus Unbound|Pressure
|
|-heal|p1a: Forretress|348\/354|[from] item: Leftovers
|turn|21
|
|switch|p1a: Hydreigon|Hydreigon, F|306\/325
|move|p2a: Erebus Unbound|Sacred Fire|p1a: Hydreigon
|-resisted|p1a: Hydreigon
|-damage|p1a: Hydreigon|149\/325
|
|turn|22
|
|switch|p2a: Sarah Palin|Milotic, F, shiny|207\/394
|move|p1a: Hydreigon|Draco Meteor|p2a: Sarah Palin
|-damage|p2a: Sarah Palin|44\/394
|-unboost|p1a: Hydreigon|spa|2
|
|-heal|p2a: Sarah Palin|68\/394|[from] item: Leftovers
|turn|23
|
|move|p1a: Hydreigon|Draco Meteor|p2a: Sarah Palin
|-damage|p2a: Sarah Palin|0 fnt
|-unboost|p1a: Hydreigon|spa|2
|faint|p2a: Sarah Palin
|
|
|switch|p2a: Erebus Unbound|Entei, shiny|168\/372
|-ability|p2a: Erebus Unbound|Pressure
|turn|24
|
|switch|p1a: Celebi|Celebi|404\/404
|move|p2a: Erebus Unbound|Sacred Fire|p1a: Celebi
|-supereffective|p1a: Celebi
|-damage|p1a: Celebi|0 fnt
|faint|p1a: Celebi
|
|
|switch|p1a: Hydreigon|Hydreigon, F|149\/325
|turn|25
|
|switch|p2a: Forretress Gump|Forretress, F|135\/354
|move|p1a: Hydreigon|Draco Meteor|p2a: Forretress Gump
|-resisted|p2a: Forretress Gump
|-damage|p2a: Forretress Gump|0 fnt
|-unboost|p1a: Hydreigon|spa|2
|faint|p2a: Forretress Gump
|
|
|switch|p2a: Maes Hughes|Crobat, F|295\/311
|turn|26
|
|switch|p1a: Mienshao|Mienshao, F|152\/271
|move|p2a: Maes Hughes|Brave Bird|p1a: Mienshao
|-supereffective|p1a: Mienshao
|-damage|p1a: Mienshao|0 fnt
|-damage|p2a: Maes Hughes|245\/311|[from] recoil|[of] p1a: Mienshao
|faint|p1a: Mienshao
|
|
|switch|p1a: Hydreigon|Hydreigon, F|149\/325
|turn|27
|
|move|p1a: Hydreigon|Draco Meteor|p2a: Maes Hughes|[miss]
|-miss|p1a: Hydreigon|p2a: Maes Hughes
|move|p2a: Maes Hughes|Brave Bird|p1a: Hydreigon
|-damage|p1a: Hydreigon|0 fnt
|-damage|p2a: Maes Hughes|196\/311|[from] recoil|[of] p1a: Hydreigon
|faint|p1a: Hydreigon
|
|c|★MidnightSwami|oh mate
|c|★captain fuccboi420|typical
|
|switch|p1a: Forretress|Forretress, F|348\/354
|turn|28
|c|★captain fuccboi420|nothing new there
|c|★MidnightSwami|if it only did 40% to milo i dont think it wouldve killed
|
|move|p2a: Maes Hughes|Brave Bird|p1a: Forretress
|-damage|p1a: Forretress|209\/354
|-damage|p2a: Maes Hughes|150\/311|[from] recoil|[of] p1a: Forretress
|move|p1a: Forretress|Spikes|p2a: Maes Hughes
|-sidestart|p2: MidnightSwami|Spikes
|
|-heal|p1a: Forretress|231\/354|[from] item: Leftovers
|turn|29
|c|★captain fuccboi420|um
|c|★MidnightSwami|90% is a stretch for draco
|c|★captain fuccboi420|are you max hp max special defense?
|c|★MidnightSwami|no lol
|c|★MidnightSwami|neither is milo
|c|★captain fuccboi420|would have killed for sure
|c|★captain fuccboi420|learn to calc
|c|★MidnightSwami|shes max attack
|c|★captain fuccboi420|judging by ur shitty rank i'm guessing you don't know what a damage calc is
|
|move|p2a: Maes Hughes|Brave Bird|p1a: Forretress
|-damage|p1a: Forretress|101\/354
|-damage|p2a: Maes Hughes|107\/311|[from] recoil|[of] p1a: Forretress
|move|p1a: Forretress|Spikes|p2a: Maes Hughes
|-sidestart|p2: MidnightSwami|Spikes
|
|-heal|p1a: Forretress|123\/354|[from] item: Leftovers
|turn|30
|c|★MidnightSwami|87-103
|c|★captain fuccboi420|garbage
|c|★MidnightSwami|hahaha lol cunt you got outclassed by my shitty rank
|
|move|p2a: Maes Hughes|Brave Bird|p1a: Forretress
|-damage|p1a: Forretress|0 fnt
|-damage|p2a: Maes Hughes|66\/311|[from] recoil|[of] p1a: Forretress
|faint|p1a: Forretress
|
|win|MidnightSwami
|raw|Ladder updating...
|raw|captain fuccboi420's rating: 1567 &rarr; <strong>1537<\/strong><br \/>(-30 for losing)
|raw|MidnightSwami's rating: 1377 &rarr; <strong>1407<\/strong><br \/>(+30 for winning)
|c|★captain fuccboi420|**haxed out
|c|★captain fuccboi420|there's a difference
|c|★MidnightSwami|cry to your mother
|c|★captain fuccboi420|you wonb ecause of luck
|c|★captain fuccboi420|not because you are skilled
|c|★captain fuccboi420|mate
|c|★captain fuccboi420|go suck a donky dick
|c|★captain fuccboi420|and shove a cactus dildo up yoru butthole
|leave|captain fuccboi420
|player|p1