|join|popabear
|join|serretje
|player|p1|popabear|206
|player|p2|serretje|101
|gametype|singles
|gen|6
|tier|UU
|rated
|rule|Sleep Clause Mod: Limit one foe put to sleep
|rule|Species Clause: Limit one of each Pokémon
|rule|OHKO Clause: OHKO moves are banned
|rule|Moody Clause: Moody is banned
|rule|Evasion Moves Clause: Evasion moves are banned
|rule|Endless Battle Clause: Forcing endless battles is banned
|rule|HP Percentage Mod: HP is shown in percentages
|clearpoke
|poke|p1|Forretress, M
|poke|p1|Sharpedo, M
|poke|p1|Rotom-Heat
|poke|p1|Cofagrigus, M
|poke|p1|Florges, F
|poke|p1|Milotic, F
|poke|p2|Hippowdon, F
|poke|p2|Medicham, F
|poke|p2|Stoutland, F
|poke|p2|Empoleon, F
|poke|p2|Roserade, M
|poke|p2|Lucario, F
|rule|Swagger Clause: Swagger is banned
|rule|Baton Pass Clause: Limit one Pokémon knowing Baton Pass
|teampreview
|
|start
|switch|p1a: Cofagrigus|Cofagrigus, M|320\/320
|switch|p2a: Hippowdon|Hippowdon, F|420\/420
|-weather|Sandstorm
|turn|1
|
|move|p2a: Hippowdon|Stealth Rock|p1a: Cofagrigus
|-sidestart|p1: popabear|move: Stealth Rock
|move|p1a: Cofagrigus|Infestation|p2a: Hippowdon
|-damage|p2a: Hippowdon|402\/420
|-activate|p2a: Hippowdon|move: Infestation|[of] p1a: Cofagrigus
|
|-weather|Sandstorm|[upkeep]
|-damage|p1a: Cofagrigus|300\/320|[from] sandstorm
|-damage|p2a: Hippowdon|350\/420|[from] move: Infestation|[partiallytrapped]
|turn|2
|
|move|p1a: Cofagrigus|Will-O-Wisp|p2a: Hippowdon
|-status|p2a: Hippowdon|brn
|move|p2a: Hippowdon|Whirlwind|p1a: Cofagrigus
|drag|p1a: Rotom-Heat|Rotom-Heat|242\/242
|-damage|p1a: Rotom-Heat|182\/242|[from] Stealth Rock
|
|-weather|Sandstorm|[upkeep]
|-damage|p1a: Rotom-Heat|167\/242|[from] sandstorm
|-damage|p2a: Hippowdon|298\/420 brn|[from] brn
|-end|p2a: Hippowdon|Infestation|[partiallytrapped]
|turn|3
|
|move|p1a: Rotom-Heat|Trick|p2a: Hippowdon
|-activate|p1a: Rotom-Heat|move: Trick|[of] p2a: Hippowdon
|-item|p2a: Hippowdon|Choice Specs|[from] move: Trick
|-item|p1a: Rotom-Heat|Smooth Rock|[from] move: Trick
|move|p2a: Hippowdon|Whirlwind|p1a: Rotom-Heat
|drag|p1a: Florges|Florges, F|310\/310
|-damage|p1a: Florges|272\/310|[from] Stealth Rock
|
|-weather|Sandstorm|[upkeep]
|-damage|p1a: Florges|253\/310|[from] sandstorm
|-heal|p1a: Florges|272\/310|[from] item: Leftovers
|-damage|p2a: Hippowdon|246\/420 brn|[from] brn
|turn|4
|
|switch|p1a: Forretress|Forretress, M|353\/353
|-damage|p1a: Forretress|309\/353|[from] Stealth Rock
|switch|p2a: Lucario|Lucario, F|281\/281
|
|-weather|Sandstorm|[upkeep]
|turn|5
|
|move|p2a: Lucario|Swords Dance|p2a: Lucario
|-boost|p2a: Lucario|atk|2
|move|p1a: Forretress|Rapid Spin|p2a: Lucario
|-crit|p2a: Lucario
|-resisted|p2a: Lucario
|-damage|p2a: Lucario|266\/281
|-sideend|p1: popabear|Stealth Rock|[from] move: Rapid Spin|[of] p1a: Forretress
|
|-weather|Sandstorm|[upkeep]
|turn|6
|
|switch|p1a: Cofagrigus|Cofagrigus, M|300\/320
|move|p2a: Lucario|Close Combat|p1a: Cofagrigus
|-immune|p1a: Cofagrigus|[msg]
|
|-weather|Sandstorm|[upkeep]
|-damage|p1a: Cofagrigus|280\/320|[from] sandstorm
|turn|7
|
|move|p2a: Lucario|Iron Tail|p1a: Cofagrigus
|-damage|p1a: Cofagrigus|29\/320
|-endability|p2a: Lucario|justified|[from] Mummy
|-ability|p2a: Lucario|Mummy|[from] Mummy
|-damage|p2a: Lucario|238\/281|[from] item: Life Orb
|move|p1a: Cofagrigus|Will-O-Wisp|p2a: Lucario
|-status|p2a: Lucario|brn
|
|-weather|Sandstorm|[upkeep]
|-damage|p1a: Cofagrigus|9\/320|[from] sandstorm
|-damage|p2a: Lucario|203\/281 brn|[from] brn
|turn|8
|
|move|p2a: Lucario|Swords Dance|p2a: Lucario
|-boost|p2a: Lucario|atk|2
|move|p1a: Cofagrigus|Rest|p1a: Cofagrigus
|-status|p1a: Cofagrigus|slp
|-heal|p1a: Cofagrigus|320\/320 slp|[silent]
|-status|p1a: Cofagrigus|slp|[from] move: Rest
|-enditem|p1a: Cofagrigus|Chesto Berry|[eat]
|-curestatus|p1a: Cofagrigus|slp
|
|-weather|none
|-damage|p2a: Lucario|168\/281 brn|[from] brn
|turn|9
|
|move|p2a: Lucario|Iron Tail|p1a: Cofagrigus
|-damage|p1a: Cofagrigus|141\/320
|-unboost|p1a: Cofagrigus|def|1
|-damage|p2a: Lucario|140\/281 brn|[from] item: Life Orb
|move|p1a: Cofagrigus|Hex|p2a: Lucario
|-damage|p2a: Lucario|0 fnt
|faint|p2a: Lucario
|
|
|switch|p2a: Empoleon|Empoleon, F|371\/371
|turn|10
|
|switch|p1a: Milotic|Milotic, F|393\/393
|move|p2a: Empoleon|Hydro Pump|p1a: Milotic
|-resisted|p1a: Milotic
|-damage|p1a: Milotic|301\/393
|
|-heal|p1a: Milotic|325\/393|[from] item: Leftovers
|turn|11
|
|switch|p2a: Roserade|Roserade, M|324\/324
|move|p1a: Milotic|Dragon Tail|p2a: Roserade
|-damage|p2a: Roserade|284\/324
|drag|p2a: Empoleon|Empoleon, F|371\/371
|
|-heal|p1a: Milotic|349\/393|[from] item: Leftovers
|turn|12
|
|move|p1a: Milotic|Scald|p2a: Empoleon
|-resisted|p2a: Empoleon
|-damage|p2a: Empoleon|321\/371
|move|p2a: Empoleon|Grass Knot|p1a: Milotic
|-supereffective|p1a: Milotic
|-damage|p1a: Milotic|127\/393
|
|-heal|p1a: Milotic|151\/393|[from] item: Leftovers
|turn|13
|
|switch|p1a: Rotom-Heat|Rotom-Heat|167\/242
|move|p2a: Empoleon|Grass Knot|p1a: Rotom-Heat
|-resisted|p1a: Rotom-Heat
|-damage|p1a: Rotom-Heat|150\/242
|
|turn|14
|
|switch|p2a: Hippowdon|Hippowdon, F|246\/420 brn
|-weather|Sandstorm
|move|p1a: Rotom-Heat|Volt Switch|p2a: Hippowdon
|-immune|p2a: Hippowdon|[msg]
|
|-weather|Sandstorm|[upkeep]
|-damage|p1a: Rotom-Heat|135\/242|[from] sandstorm
|-damage|p2a: Hippowdon|194\/420 brn|[from] brn
|turn|15
|
|switch|p1a: Cofagrigus|Cofagrigus, M|141\/320
|move|p2a: Hippowdon|Stealth Rock|p1a: Cofagrigus
|-sidestart|p1: popabear|move: Stealth Rock
|
|-weather|Sandstorm|[upkeep]
|-damage|p1a: Cofagrigus|121\/320|[from] sandstorm
|-damage|p2a: Hippowdon|142\/420 brn|[from] brn
|turn|16
|
|switch|p2a: Stoutland|Stoutland, F|311\/311
|move|p1a: Cofagrigus|Hex|p2a: Stoutland
|-immune|p2a: Stoutland|[msg]
|
|-weather|Sandstorm|[upkeep]
|-damage|p1a: Cofagrigus|101\/320|[from] sandstorm
|turn|17
|
|move|p2a: Stoutland|Wild Charge|p1a: Cofagrigus
|-damage|p1a: Cofagrigus|19\/320
|-endability|p2a: Stoutland|sandrush|[from] Mummy
|-ability|p2a: Stoutland|Mummy|[from] Mummy
|-damage|p2a: Stoutland|290\/311|[from] recoil|[of] p1a: Cofagrigus
|move|p1a: Cofagrigus|Will-O-Wisp|p2a: Stoutland
|-status|p2a: Stoutland|brn
|
|-weather|Sandstorm|[upkeep]
|-damage|p2a: Stoutland|271\/311 brn|[from] sandstorm
|-damage|p1a: Cofagrigus|0 fnt|[from] sandstorm
|-damage|p2a: Stoutland|233\/311 brn|[from] brn
|faint|p1a: Cofagrigus
|
|switch|p1a: Forretress|Forretress, M|309\/353
|-damage|p1a: Forretress|265\/353|[from] Stealth Rock
|turn|18
|
|switch|p2a: Roserade|Roserade, M|284\/324
|move|p1a: Forretress|Gyro Ball|p2a: Roserade
|-damage|p2a: Roserade|164\/324
|
|-weather|none
|-heal|p2a: Roserade|184\/324|[from] item: Black Sludge
|turn|19
|
|move|p2a: Roserade|Sleep Powder|p1a: Forretress
|-status|p1a: Forretress|slp
|cant|p1a: Forretress|slp
|
|-heal|p2a: Roserade|204\/324|[from] item: Black Sludge
|turn|20
|
|switch|p2a: Medicham|Medicham, F|262\/262
|cant|p1a: Forretress|slp
|
|turn|21
|
|move|p2a: Medicham|Fake Out|p1a: Forretress
|-resisted|p1a: Forretress
|-damage|p1a: Forretress|245\/353 slp
|-damage|p2a: Medicham|219\/262|[from] item: Rocky Helmet|[of] p1a: Forretress
|cant|p1a: Forretress|slp
|
|turn|22
|
|detailschange|p2a: Medicham|Medicham-Mega, F
|-mega|p2a: Medicham|Medicham|Medichamite
|move|p2a: Medicham|High Jump Kick|p1a: Forretress
|-damage|p1a: Forretress|7\/353 slp
|-damage|p2a: Medicham|176\/262|[from] item: Rocky Helmet|[of] p1a: Forretress
|-curestatus|p1a: Forretress|slp
|move|p1a: Forretress|Rapid Spin|p2a: Medicham
|-damage|p2a: Medicham|154\/262
|-sideend|p1: popabear|Stealth Rock|[from] move: Rapid Spin|[of] p1a: Forretress
|
|turn|23
|
|move|p2a: Medicham|High Jump Kick|p1a: Forretress
|-damage|p1a: Forretress|0 fnt
|-damage|p2a: Medicham|111\/262|[from] item: Rocky Helmet|[of] p1a: Forretress
|faint|p1a: Forretress
|
|
|switch|p1a: Sharpedo|Sharpedo, M|282\/282
|turn|24
|
|switch|p2a: Hippowdon|Hippowdon, F|142\/420 brn
|-weather|Sandstorm
|move|p1a: Sharpedo|Protect|p1a: Sharpedo
|-fail|p1a: Sharpedo
|
|-weather|Sandstorm|[upkeep]
|-damage|p1a: Sharpedo|265\/282|[from] sandstorm
|-damage|p2a: Hippowdon|90\/420 brn|[from] brn
|-boost|p1a: Sharpedo|spe|1|[from] ability: Speed Boost
|turn|25
|
|move|p1a: Sharpedo|Protect|p1a: Sharpedo
|-singleturn|p1a: Sharpedo|Protect
|move|p2a: Hippowdon|Whirlwind|p1a: Sharpedo
|drag|p1a: Florges|Florges, F|272\/310
|
|-weather|Sandstorm|[upkeep]
|-damage|p1a: Florges|253\/310|[from] sandstorm
|-heal|p1a: Florges|272\/310|[from] item: Leftovers
|-damage|p2a: Hippowdon|38\/420 brn|[from] brn
|turn|26
|
|switch|p2a: Empoleon|Empoleon, F|321\/371
|move|p1a: Florges|Protect|p1a: Florges
|-fail|p1a: Florges
|
|-weather|Sandstorm|[upkeep]
|-damage|p1a: Florges|253\/310|[from] sandstorm
|-heal|p1a: Florges|272\/310|[from] item: Leftovers
|turn|27
|
|move|p1a: Florges|Wish|p1a: Florges
|move|p2a: Empoleon|Flash Cannon|p1a: Florges
|-supereffective|p1a: Florges
|-damage|p1a: Florges|44\/310
|
|-weather|Sandstorm|[upkeep]
|-damage|p1a: Florges|25\/310|[from] sandstorm
|-heal|p1a: Florges|44\/310|[from] item: Leftovers
|turn|28
|
|switch|p1a: Milotic|Milotic, F|151\/393
|switch|p2a: Roserade|Roserade, M|204\/324
|
|-weather|none
|-heal|p1a: Milotic|306\/393|[from] move: Wish|[wisher] Florges
|-heal|p2a: Roserade|224\/324|[from] item: Black Sludge
|-heal|p1a: Milotic|330\/393|[from] item: Leftovers
|turn|29
|
|switch|p1a: Rotom-Heat|Rotom-Heat|135\/242
|move|p2a: Roserade|Sleep Powder|p1a: Rotom-Heat|[miss]
|-miss|p2a: Roserade|p1a: Rotom-Heat
|
|-heal|p2a: Roserade|244\/324|[from] item: Black Sludge
|turn|30
|
|move|p1a: Rotom-Heat|Overheat|p2a: Roserade
|-supereffective|p2a: Roserade
|-damage|p2a: Roserade|0 fnt
|-unboost|p1a: Rotom-Heat|spa|2
|faint|p2a: Roserade
|
|
|switch|p2a: Empoleon|Empoleon, F|321\/371
|turn|31
|
|move|p1a: Rotom-Heat|Volt Switch|p2a: Empoleon
|-supereffective|p2a: Empoleon
|-damage|p2a: Empoleon|211\/371
|
|switch|p1a: Milotic|Milotic, F|330\/393
|move|p2a: Empoleon|Hydro Pump|p1a: Milotic
|-resisted|p1a: Milotic
|-damage|p1a: Milotic|234\/393
|
|-heal|p1a: Milotic|258\/393|[from] item: Leftovers
|turn|32
|
|switch|p2a: Hippowdon|Hippowdon, F|38\/420 brn
|-weather|Sandstorm
|move|p1a: Milotic|Dragon Tail|p2a: Hippowdon
|-damage|p2a: Hippowdon|21\/420 brn
|drag|p2a: Medicham|Medicham-Mega, F|111\/262
|
|-weather|Sandstorm|[upkeep]
|-damage|p2a: Medicham|95\/262|[from] sandstorm
|-damage|p1a: Milotic|234\/393|[from] sandstorm
|-heal|p1a: Milotic|258\/393|[from] item: Leftovers
|turn|33
|
|switch|p1a: Florges|Florges, F|44\/310
|move|p2a: Medicham|Fake Out|p1a: Florges
|-damage|p1a: Florges|0 fnt
|faint|p1a: Florges
|
|-weather|Sandstorm|[upkeep]
|-damage|p2a: Medicham|79\/262|[from] sandstorm
|
|switch|p1a: Sharpedo|Sharpedo, M|265\/282
|turn|34
|
|switch|p2a: Empoleon|Empoleon, F|211\/371
|move|p1a: Sharpedo|Protect|p1a: Sharpedo
|-fail|p1a: Sharpedo
|
|-weather|Sandstorm|[upkeep]
|-damage|p1a: Sharpedo|248\/282|[from] sandstorm
|-boost|p1a: Sharpedo|spe|1|[from] ability: Speed Boost
|turn|35
|
|move|p1a: Sharpedo|Protect|p1a: Sharpedo
|-singleturn|p1a: Sharpedo|Protect
|move|p2a: Empoleon|Grass Knot|p1a: Sharpedo
|-activate|p1a: Sharpedo|Protect
|
|-weather|Sandstorm|[upkeep]
|-damage|p1a: Sharpedo|231\/282|[from] sandstorm
|-boost|p1a: Sharpedo|spe|1|[from] ability: Speed Boost
|turn|36
|
|detailschange|p1a: Sharpedo|Sharpedo-Mega, M
|-mega|p1a: Sharpedo|Sharpedo|Sharpedonite
|move|p1a: Sharpedo|Crunch|p2a: Empoleon
|-damage|p2a: Empoleon|0 fnt
|faint|p2a: Empoleon
|
|-weather|none
|
|switch|p2a: Hippowdon|Hippowdon, F|21\/420 brn
|-weather|Sandstorm
|turn|37
|
|move|p1a: Sharpedo|Crunch|p2a: Hippowdon
|-damage|p2a: Hippowdon|0 fnt
|faint|p2a: Hippowdon
|
|-weather|Sandstorm|[upkeep]
|-damage|p1a: Sharpedo|214\/282|[from] sandstorm
|
|switch|p2a: Medicham|Medicham-Mega, F|79\/262
|turn|38
|
|move|p1a: Sharpedo|Protect|p1a: Sharpedo
|-singleturn|p1a: Sharpedo|Protect
|move|p2a: Medicham|Fake Out|p1a: Sharpedo
|-activate|p1a: Sharpedo|Protect
|
|-weather|Sandstorm|[upkeep]
|-damage|p1a: Sharpedo|197\/282|[from] sandstorm
|-damage|p2a: Medicham|63\/262|[from] sandstorm
|turn|39
|
|move|p2a: Medicham|Bullet Punch|p1a: Sharpedo
|-resisted|p1a: Sharpedo
|-damage|p1a: Sharpedo|141\/282
|move|p1a: Sharpedo|Crunch|p2a: Medicham
|-damage|p2a: Medicham|0 fnt
|faint|p2a: Medicham
|
|-weather|Sandstorm|[upkeep]
|-damage|p1a: Sharpedo|124\/282|[from] sandstorm
|-message|serretje forfeited.
|leave|serretje
|
|win|popabear
|raw|Ladder updating...
|player|p2
|raw|popabear's rating: 1264 &rarr; <strong>1296<\/strong><br \/>(+32 for winning)
|raw|serretje's rating: 1363 &rarr; <strong>1337<\/strong><br \/>(-26 for losing)