|join|ULT Lapraz
|join|mcdowell1041
|player|p1|ULT Lapraz|157
|player|p2|mcdowell1041|102
|gametype|singles
|gen|6
|tier|UU
|rated
|rule|Sleep Clause Mod: Limit one foe put to sleep
|rule|Species Clause: Limit one of each Pokémon
|rule|OHKO Clause: OHKO moves are banned
|rule|Moody Clause: Moody is banned
|rule|Evasion Moves Clause: Evasion moves are banned
|rule|Endless Battle Clause: Forcing endless battles is banned
|rule|HP Percentage Mod: HP is shown in percentages
|clearpoke
|poke|p1|Moltres
|poke|p1|Granbull, M
|poke|p1|Celebi
|poke|p1|Forretress, F
|poke|p1|Blissey, F
|poke|p1|Tentacruel, M
|poke|p2|Nidoqueen, F
|poke|p2|Porygon-Z
|poke|p2|Honchkrow, F
|poke|p2|Slurpuff, M
|poke|p2|Haxorus, M
|poke|p2|Medicham, M
|rule|Swagger Clause: Swagger is banned
|rule|Baton Pass Clause: Limit one Pokémon knowing Baton Pass
|teampreview
|
|start
|switch|p1a: Moltres|Moltres|383\/383
|switch|p2a: Medicham|Medicham, M|261\/261
|-ability|p1a: Moltres|Pressure
|turn|1
|
|detailschange|p2a: Medicham|Medicham-Mega, M
|-mega|p2a: Medicham|Medicham|Medichamite
|move|p2a: Medicham|Fake Out|p1a: Moltres
|-damage|p1a: Moltres|297\/383
|cant|p1a: Moltres|flinch
|
|-heal|p1a: Moltres|320\/383|[from] item: Leftovers
|turn|2
|
|move|p2a: Medicham|Psycho Cut|p1a: Moltres
|-damage|p1a: Moltres|100\/383
|move|p1a: Moltres|Will-O-Wisp|p2a: Medicham
|-status|p2a: Medicham|brn
|
|-heal|p1a: Moltres|123\/383|[from] item: Leftovers
|-damage|p2a: Medicham|229\/261 brn|[from] brn
|turn|3
|
|switch|p1a: Forretress|Forretress, F|354\/354
|move|p2a: Medicham|Drain Punch|p1a: Forretress
|-damage|p1a: Forretress|294\/354
|-heal|p2a: Medicham|259\/261 brn|[from] drain|[of] p1a: Forretress
|
|-heal|p1a: Forretress|316\/354|[from] item: Leftovers
|-damage|p2a: Medicham|227\/261 brn|[from] brn
|turn|4
|
|switch|p2a: Nidoqueen|Nidoqueen, F|321\/321
|move|p1a: Forretress|Spikes|p2a: Nidoqueen
|-sidestart|p2: mcdowell1041|Spikes
|
|-heal|p1a: Forretress|338\/354|[from] item: Leftovers
|turn|5
|
|switch|p1a: Moltres|Moltres|123\/383
|-ability|p1a: Moltres|Pressure
|move|p2a: Nidoqueen|Stealth Rock|p1a: Moltres
|-sidestart|p1: ULT Lapraz|move: Stealth Rock
|
|-heal|p1a: Moltres|146\/383|[from] item: Leftovers
|turn|6
|
|switch|p1a: Blissey|Blissey, F|657\/657
|-damage|p1a: Blissey|575\/657|[from] Stealth Rock
|move|p2a: Nidoqueen|Sludge Wave|p1a: Blissey
|-damage|p1a: Blissey|441\/657
|
|-heal|p1a: Blissey|482\/657|[from] item: Leftovers
|turn|7
|
|move|p2a: Nidoqueen|Earth Power|p1a: Blissey
|-damage|p1a: Blissey|342\/657
|move|p1a: Blissey|Seismic Toss|p2a: Nidoqueen
|-damage|p2a: Nidoqueen|221\/321
|
|-heal|p1a: Blissey|383\/657|[from] item: Leftovers
|turn|8
|
|switch|p2a: Medicham|Medicham-Mega, M|227\/261 brn
|-damage|p2a: Medicham|195\/261 brn|[from] Spikes
|move|p1a: Blissey|Wish|p1a: Blissey
|
|-heal|p1a: Blissey|424\/657|[from] item: Leftovers
|-damage|p2a: Medicham|163\/261 brn|[from] brn
|turn|9
|
|move|p1a: Blissey|Protect|p1a: Blissey
|-singleturn|p1a: Blissey|Protect
|move|p2a: Medicham|High Jump Kick|p1a: Blissey
|-activate|p1a: Blissey|Protect
|-damage|p2a: Medicham|33\/261 brn|[from] highjumpkick
|
|-heal|p1a: Blissey|657\/657|[from] move: Wish|[wisher] Blissey
|-damage|p2a: Medicham|1\/261 brn|[from] brn
|turn|10
|
|switch|p1a: Tentacruel|Tentacruel, M|364\/364
|-damage|p1a: Tentacruel|319\/364|[from] Stealth Rock
|move|p2a: Medicham|Drain Punch|p1a: Tentacruel
|-resisted|p1a: Tentacruel
|-damage|p1a: Tentacruel|264\/364
|-damage|p2a: Medicham|0 fnt|[from] ability: Liquid Ooze|[of] p1a: Tentacruel
|faint|p2a: Medicham
|
|-heal|p1a: Tentacruel|286\/364|[from] item: Black Sludge
|
|switch|p2a: Haxorus|Haxorus, M|301\/301
|-damage|p2a: Haxorus|264\/301|[from] Spikes
|-ability|p2a: Haxorus|Mold Breaker
|turn|11
|
|switch|p1a: Granbull|Granbull, M|384\/384
|-damage|p1a: Granbull|336\/384|[from] Stealth Rock
|-ability|p1a: Granbull|Intimidate|[of] p2a: Haxorus
|-unboost|p2a: Haxorus|atk|1
|move|p2a: Haxorus|Dragon Dance|p2a: Haxorus
|-boost|p2a: Haxorus|atk|1
|-boost|p2a: Haxorus|spe|1
|
|-heal|p1a: Granbull|360\/384|[from] item: Leftovers
|turn|12
|
|move|p2a: Haxorus|Poison Jab|p1a: Granbull
|-supereffective|p1a: Granbull
|-damage|p1a: Granbull|160\/384
|move|p1a: Granbull|Play Rough|p2a: Haxorus
|-supereffective|p2a: Haxorus
|-damage|p2a: Haxorus|0 fnt
|faint|p2a: Haxorus
|
|-heal|p1a: Granbull|184\/384|[from] item: Leftovers
|
|switch|p2a: Slurpuff|Slurpuff, M|328\/328
|-damage|p2a: Slurpuff|287\/328|[from] Spikes
|turn|13
|
|move|p2a: Slurpuff|Belly Drum|p2a: Slurpuff
|-damage|p2a: Slurpuff|123\/328
|-setboost|p2a: Slurpuff|atk|6|[from] move: Belly Drum
|-enditem|p2a: Slurpuff|Sitrus Berry|[eat]
|-heal|p2a: Slurpuff|205\/328|[from] item: Sitrus Berry
|move|p1a: Granbull|Play Rough|p2a: Slurpuff
|-damage|p2a: Slurpuff|63\/328
|-unboost|p2a: Slurpuff|atk|1
|
|-heal|p1a: Granbull|208\/384|[from] item: Leftovers
|turn|14
|
|switch|p1a: Forretress|Forretress, F|338\/354
|-damage|p1a: Forretress|294\/354|[from] Stealth Rock
|move|p2a: Slurpuff|Play Rough|p1a: Forretress
|-resisted|p1a: Forretress
|-damage|p1a: Forretress|179\/354
|
|-heal|p1a: Forretress|201\/354|[from] item: Leftovers
|turn|15
|
|move|p2a: Slurpuff|Drain Punch|p1a: Forretress
|-damage|p1a: Forretress|63\/354
|-heal|p2a: Slurpuff|132\/328|[from] drain|[of] p1a: Forretress
|move|p1a: Forretress|Gyro Ball|p2a: Slurpuff
|-supereffective|p2a: Slurpuff
|-damage|p2a: Slurpuff|0 fnt
|faint|p2a: Slurpuff
|
|-heal|p1a: Forretress|85\/354|[from] item: Leftovers
|
|switch|p2a: Honchkrow|Honchkrow, F|341\/341
|turn|16
|
|switch|p1a: Granbull|Granbull, M|208\/384
|-damage|p1a: Granbull|160\/384|[from] Stealth Rock
|-ability|p1a: Granbull|Intimidate|[of] p2a: Honchkrow
|-unboost|p2a: Honchkrow|atk|1
|move|p2a: Honchkrow|Brave Bird|p1a: Granbull
|-damage|p1a: Granbull|0 fnt
|-damage|p2a: Honchkrow|288\/341|[from] recoil|[of] p1a: Granbull
|-damage|p2a: Honchkrow|254\/341|[from] item: Life Orb
|faint|p1a: Granbull
|-boost|p2a: Honchkrow|atk|1|[from] ability: Moxie
|
|
|switch|p1a: Tentacruel|Tentacruel, M|286\/364
|-damage|p1a: Tentacruel|241\/364|[from] Stealth Rock
|turn|17
|
|move|p2a: Honchkrow|Brave Bird|p1a: Tentacruel
|-damage|p1a: Tentacruel|3\/364
|-damage|p2a: Honchkrow|175\/341|[from] recoil|[of] p1a: Tentacruel
|-damage|p2a: Honchkrow|141\/341|[from] item: Life Orb
|move|p1a: Tentacruel|Rapid Spin|p2a: Honchkrow
|-damage|p2a: Honchkrow|123\/341
|-sideend|p1: ULT Lapraz|Stealth Rock|[from] move: Rapid Spin|[of] p1a: Tentacruel
|
|-heal|p1a: Tentacruel|25\/364|[from] item: Black Sludge
|turn|18
|
|move|p2a: Honchkrow|Pursuit|p1a: Tentacruel|[from]Pursuit
|-damage|p1a: Tentacruel|0 fnt
|-damage|p2a: Honchkrow|89\/341|[from] item: Life Orb
|faint|p1a: Tentacruel
|-boost|p2a: Honchkrow|atk|1|[from] ability: Moxie
|
|
|switch|p1a: Blissey|Blissey, F|657\/657
|turn|19
|
|move|p2a: Honchkrow|Superpower|p1a: Blissey
|-supereffective|p1a: Blissey
|-damage|p1a: Blissey|0 fnt
|-unboost|p2a: Honchkrow|atk|1
|-unboost|p2a: Honchkrow|def|1
|-damage|p2a: Honchkrow|55\/341|[from] item: Life Orb
|faint|p1a: Blissey
|-boost|p2a: Honchkrow|atk|1|[from] ability: Moxie
|
|
|switch|p1a: Moltres|Moltres|146\/383
|-ability|p1a: Moltres|Pressure
|turn|20
|
|move|p2a: Honchkrow|Pursuit|p1a: Moltres
|-damage|p1a: Moltres|0 fnt
|-damage|p2a: Honchkrow|21\/341|[from] item: Life Orb
|faint|p1a: Moltres
|-boost|p2a: Honchkrow|atk|1|[from] ability: Moxie
|
|
|switch|p1a: Forretress|Forretress, F|85\/354
|turn|21
|
|move|p2a: Honchkrow|Pursuit|p1a: Forretress
|-damage|p1a: Forretress|0 fnt
|-damage|p2a: Honchkrow|0 fnt|[from] item: Life Orb
|faint|p1a: Forretress
|faint|p2a: Honchkrow
|
|
|switch|p2a: Nidoqueen|Nidoqueen, F|221\/321
|switch|p1a: Celebi|Celebi|404\/404
|-damage|p2a: Nidoqueen|181\/321|[from] Spikes
|turn|22
|
|move|p2a: Nidoqueen|Sludge Wave|p1a: Celebi
|-supereffective|p1a: Celebi
|-damage|p1a: Celebi|69\/404
|move|p1a: Celebi|Psychic|p2a: Nidoqueen
|-supereffective|p2a: Nidoqueen
|-damage|p2a: Nidoqueen|0 fnt
|faint|p2a: Nidoqueen
|
|-heal|p1a: Celebi|94\/404|[from] item: Leftovers
|
|switch|p2a: Porygon-Z|Porygon-Z|311\/311
|-damage|p2a: Porygon-Z|273\/311|[from] Spikes
|turn|23
|
|move|p2a: Porygon-Z|Tri Attack|p1a: Celebi
|-damage|p1a: Celebi|0 fnt
|faint|p1a: Celebi
|
|win|mcdowell1041
|raw|Ladder updating...
|raw|ULT Lapraz's rating: 1536 &rarr; <strong>1511<\/strong><br \/>(-25 for losing)
|raw|mcdowell1041's rating: 1452 &rarr; <strong>1477<\/strong><br \/>(+25 for winning)
|c|★mcdowell1041|gg
|c|★ULT Lapraz|gg