|join|ult lowgock
|join|mcdowell1041
|player|p1|ult lowgock|169
|player|p2|mcdowell1041|169
|gametype|singles
|gen|6
|tier|UU
|rated
|rule|Sleep Clause Mod: Limit one foe put to sleep
|rule|Species Clause: Limit one of each Pokémon
|rule|OHKO Clause: OHKO moves are banned
|rule|Moody Clause: Moody is banned
|rule|Evasion Moves Clause: Evasion moves are banned
|rule|Endless Battle Clause: Forcing endless battles is banned
|rule|HP Percentage Mod: HP is shown in percentages
|clearpoke
|poke|p1|Slurpuff, F
|poke|p1|Kingdra, F
|poke|p1|Aerodactyl, F
|poke|p1|Nidoqueen, F
|poke|p1|Cobalion
|poke|p1|Honchkrow, M
|poke|p2|Alomomola, M
|poke|p2|Medicham, F
|poke|p2|Snorlax, M
|poke|p2|Krookodile, F
|poke|p2|Whimsicott, M
|poke|p2|Crobat, M
|rule|Swagger Clause: Swagger is banned
|rule|Baton Pass Clause: Limit one Pokémon knowing Baton Pass
|teampreview
|c|★mcdowell1041|gl hf
|
|start
|switch|p1a: Nidoqueen|Nidoqueen, F|345\/345
|switch|p2a: Medicham|Medicham, F|261\/261
|turn|1
|
|switch|p1a: Honchkrow|Honchkrow, M|341\/341
|detailschange|p2a: Medicham|Medicham-Mega, F
|-mega|p2a: Medicham|Medicham|Medichamite
|move|p2a: Medicham|Fake Out|p1a: Honchkrow
|-damage|p1a: Honchkrow|217\/341
|
|turn|2
|
|switch|p2a: Alomomola|Alomomola, M|519\/519
|move|p1a: Honchkrow|Sucker Punch|p2a: Alomomola
|-fail|p2a: Alomomola
|
|turn|3
|
|switch|p1a: Nidoqueen|Nidoqueen, F|345\/345
|move|p2a: Alomomola|Scald|p1a: Nidoqueen
|-supereffective|p1a: Nidoqueen
|-damage|p1a: Nidoqueen|237\/345
|
|turn|4
|
|switch|p2a: Crobat|Crobat, M|369\/369
|move|p1a: Nidoqueen|Stealth Rock|p2a: Crobat
|-sidestart|p2: mcdowell1041|move: Stealth Rock
|
|turn|5
|
|move|p2a: Crobat|Defog|p1a: Nidoqueen
|-unboost|p1a: Nidoqueen|evasion|1
|-sideend|p2: mcdowell1041|Stealth Rock|[from] move: Defog|[of] p2a: Crobat
|move|p1a: Nidoqueen|Ice Beam|p2a: Crobat
|-supereffective|p2a: Crobat
|-damage|p2a: Crobat|75\/369
|
|-heal|p2a: Crobat|98\/369|[from] item: Black Sludge
|turn|6
|
|move|p2a: Crobat|Roost|p2a: Crobat
|-heal|p2a: Crobat|283\/369
|move|p1a: Nidoqueen|Ice Beam|p2a: Crobat
|-damage|p2a: Crobat|111\/369
|
|-heal|p2a: Crobat|134\/369|[from] item: Black Sludge
|turn|7
|
|move|p2a: Crobat|U-turn|p1a: Nidoqueen
|-resisted|p1a: Nidoqueen
|-damage|p1a: Nidoqueen|204\/345
|
|switch|p2a: Snorlax|Snorlax, M|497\/497
|move|p1a: Nidoqueen|Ice Beam|p2a: Snorlax
|-damage|p2a: Snorlax|445\/497
|
|-heal|p2a: Snorlax|476\/497|[from] item: Leftovers
|turn|8
|
|move|p1a: Nidoqueen|Stealth Rock|p2a: Snorlax
|-sidestart|p2: mcdowell1041|move: Stealth Rock
|move|p2a: Snorlax|Frustration|p1a: Nidoqueen
|-damage|p1a: Nidoqueen|68\/345
|
|-heal|p2a: Snorlax|497\/497|[from] item: Leftovers
|turn|9
|
|move|p1a: Nidoqueen|Sludge Wave|p2a: Snorlax
|-damage|p2a: Snorlax|328\/497
|move|p2a: Snorlax|Frustration|p1a: Nidoqueen
|-damage|p1a: Nidoqueen|0 fnt
|faint|p1a: Nidoqueen
|
|-heal|p2a: Snorlax|359\/497|[from] item: Leftovers
|
|switch|p1a: Honchkrow|Honchkrow, M|217\/341
|turn|10
|
|move|p1a: Honchkrow|Brave Bird|p2a: Snorlax
|-damage|p2a: Snorlax|16\/497
|-damage|p1a: Honchkrow|104\/341|[from] recoil|[of] p2a: Snorlax
|-damage|p1a: Honchkrow|70\/341|[from] item: Life Orb
|move|p2a: Snorlax|Frustration|p1a: Honchkrow
|-damage|p1a: Honchkrow|0 fnt
|faint|p1a: Honchkrow
|
|-heal|p2a: Snorlax|47\/497|[from] item: Leftovers
|
|switch|p1a: Slurpuff|Slurpuff, F|316\/316
|turn|11
|
|move|p1a: Slurpuff|Belly Drum|p1a: Slurpuff
|-damage|p1a: Slurpuff|158\/316
|-setboost|p1a: Slurpuff|atk|6|[from] move: Belly Drum
|-enditem|p1a: Slurpuff|Sitrus Berry|[eat]
|-heal|p1a: Slurpuff|237\/316|[from] item: Sitrus Berry
|move|p2a: Snorlax|Frustration|p1a: Slurpuff
|-crit|p1a: Slurpuff
|-damage|p1a: Slurpuff|17\/316
|
|-heal|p2a: Snorlax|78\/497|[from] item: Leftovers
|turn|12
|
|move|p1a: Slurpuff|Drain Punch|p2a: Snorlax
|-supereffective|p2a: Snorlax
|-damage|p2a: Snorlax|0 fnt
|-heal|p1a: Slurpuff|56\/316|[from] drain|[of] p2a: Snorlax
|faint|p2a: Snorlax
|
|
|switch|p2a: Medicham|Medicham-Mega, F|261\/261
|-damage|p2a: Medicham|245\/261|[from] Stealth Rock
|turn|13
|
|switch|p1a: Aerodactyl|Aerodactyl, F|301\/301
|move|p2a: Medicham|Fake Out|p1a: Aerodactyl
|-resisted|p1a: Aerodactyl
|-damage|p1a: Aerodactyl|249\/301
|
|turn|14
|
|switch|p1a: Kingdra|Kingdra, F|301\/301
|switch|p2a: Krookodile|Krookodile, F|331\/331
|-damage|p2a: Krookodile|311\/331|[from] Stealth Rock
|-ability|p2a: Krookodile|Intimidate|[of] p1a: Kingdra
|-unboost|p1a: Kingdra|atk|1
|
|turn|15
|
|switch|p2a: Whimsicott|Whimsicott, M|305\/305
|-damage|p2a: Whimsicott|267\/305|[from] Stealth Rock
|move|p1a: Kingdra|Dragon Dance|p1a: Kingdra
|-boost|p1a: Kingdra|atk|1
|-boost|p1a: Kingdra|spe|1
|
|-heal|p2a: Whimsicott|286\/305|[from] item: Leftovers
|turn|16
|
|switch|p1a: Aerodactyl|Aerodactyl, F|249\/301
|move|p2a: Whimsicott|U-turn|p1a: Aerodactyl
|-resisted|p1a: Aerodactyl
|-damage|p1a: Aerodactyl|222\/301
|
|switch|p2a: Krookodile|Krookodile, F|311\/331
|-damage|p2a: Krookodile|291\/331|[from] Stealth Rock
|-ability|p2a: Krookodile|Intimidate|[of] p1a: Aerodactyl
|-unboost|p1a: Aerodactyl|atk|1
|
|turn|17
|
|detailschange|p1a: Aerodactyl|Aerodactyl-Mega, F
|-mega|p1a: Aerodactyl|Aerodactyl|Aerodactylite
|move|p1a: Aerodactyl|Aqua Tail|p2a: Krookodile
|-supereffective|p2a: Krookodile
|-damage|p2a: Krookodile|53\/331
|move|p2a: Krookodile|Stealth Rock|p1a: Aerodactyl
|-sidestart|p1: ult lowgock|move: Stealth Rock
|
|turn|18
|
|move|p1a: Aerodactyl|Aerial Ace|p2a: Krookodile
|-damage|p2a: Krookodile|0 fnt
|faint|p2a: Krookodile
|
|
|switch|p2a: Alomomola|Alomomola, M|519\/519
|-damage|p2a: Alomomola|455\/519|[from] Stealth Rock
|turn|19
|
|switch|p1a: Slurpuff|Slurpuff, F|56\/316
|-damage|p1a: Slurpuff|17\/316|[from] Stealth Rock
|move|p2a: Alomomola|Scald|p1a: Slurpuff
|-damage|p1a: Slurpuff|0 fnt
|faint|p1a: Slurpuff
|
|
|switch|p1a: Kingdra|Kingdra, F|301\/301
|-damage|p1a: Kingdra|264\/301|[from] Stealth Rock
|turn|20
|
|move|p1a: Kingdra|Dragon Dance|p1a: Kingdra
|-boost|p1a: Kingdra|atk|1
|-boost|p1a: Kingdra|spe|1
|move|p2a: Alomomola|Toxic|p1a: Kingdra
|-status|p1a: Kingdra|tox
|-enditem|p1a: Kingdra|Lum Berry|[eat]
|-curestatus|p1a: Kingdra|tox
|
|turn|21
|
|move|p1a: Kingdra|Substitute|p1a: Kingdra
|-start|p1a: Kingdra|Substitute
|-damage|p1a: Kingdra|189\/301
|move|p2a: Alomomola|Toxic|p1a: Kingdra
|
|turn|22
|
|move|p1a: Kingdra|Waterfall|p2a: Alomomola
|-resisted|p2a: Alomomola
|-damage|p2a: Alomomola|389\/519
|-damage|p1a: Kingdra|139\/301|[from] item: Rocky Helmet|[of] p2a: Alomomola
|move|p2a: Alomomola|Wish|p2a: Alomomola
|
|turn|23
|
|switch|p2a: Whimsicott|Whimsicott, M|286\/305
|-damage|p2a: Whimsicott|248\/305|[from] Stealth Rock
|move|p1a: Kingdra|Dragon Dance|p1a: Kingdra
|-boost|p1a: Kingdra|atk|1
|-boost|p1a: Kingdra|spe|1
|
|-heal|p2a: Whimsicott|305\/305|[from] move: Wish|[wisher] Alomomola
|turn|24
|
|move|p2a: Whimsicott|Encore|p1a: Kingdra
|-start|p1a: Kingdra|Encore
|move|p1a: Kingdra|Dragon Dance|p1a: Kingdra
|-boost|p1a: Kingdra|atk|1
|-boost|p1a: Kingdra|spe|1
|
|turn|25
|
|switch|p1a: Aerodactyl|Aerodactyl-Mega, F|222\/301
|-damage|p1a: Aerodactyl|147\/301|[from] Stealth Rock
|move|p2a: Whimsicott|Leech Seed|p1a: Aerodactyl|[miss]
|-miss|p2a: Whimsicott|p1a: Aerodactyl
|
|turn|26
|
|switch|p2a: Alomomola|Alomomola, M|519\/519
|-damage|p2a: Alomomola|455\/519|[from] Stealth Rock
|move|p1a: Aerodactyl|Aerial Ace|p2a: Alomomola
|-damage|p2a: Alomomola|341\/519
|-damage|p1a: Aerodactyl|97\/301|[from] item: Rocky Helmet|[of] p2a: Alomomola
|
|turn|27
|
|move|p1a: Aerodactyl|Stone Edge|p2a: Alomomola
|-damage|p2a: Alomomola|182\/519
|move|p2a: Alomomola|Scald|p1a: Aerodactyl
|-supereffective|p1a: Aerodactyl
|-damage|p1a: Aerodactyl|0 fnt
|faint|p1a: Aerodactyl
|
|
|switch|p1a: Cobalion|Cobalion|323\/323
|-damage|p1a: Cobalion|313\/323|[from] Stealth Rock
|turn|28
|join|watfor
|
|move|p1a: Cobalion|Swords Dance|p1a: Cobalion
|-boost|p1a: Cobalion|atk|2
|move|p2a: Alomomola|Wish|p2a: Alomomola
|
|turn|29
|
|move|p2a: Alomomola|Protect|p2a: Alomomola
|-singleturn|p2a: Alomomola|Protect
|move|p1a: Cobalion|Close Combat|p2a: Alomomola
|-activate|p2a: Alomomola|Protect
|
|-heal|p2a: Alomomola|441\/519|[from] move: Wish|[wisher] Alomomola
|turn|30
|
|move|p1a: Cobalion|Close Combat|p2a: Alomomola
|-damage|p2a: Alomomola|159\/519
|-damage|p1a: Cobalion|260\/323|[from] item: Rocky Helmet|[of] p2a: Alomomola
|-unboost|p1a: Cobalion|def|1
|-unboost|p1a: Cobalion|spd|1
|move|p2a: Alomomola|Scald|p1a: Cobalion
|-damage|p1a: Cobalion|173\/323
|-status|p1a: Cobalion|brn
|-enditem|p1a: Cobalion|Lum Berry|[eat]
|-curestatus|p1a: Cobalion|brn
|
|turn|31
|
|move|p1a: Cobalion|Close Combat|p2a: Alomomola
|-damage|p2a: Alomomola|0 fnt
|-damage|p1a: Cobalion|120\/323|[from] item: Rocky Helmet|[of] p2a: Alomomola
|-unboost|p1a: Cobalion|def|1
|-unboost|p1a: Cobalion|spd|1
|faint|p2a: Alomomola
|
|join|Emma Bae
|c| Emma Bae|fs  does he really not know what to do o.o
|
|switch|p2a: Crobat|Crobat, M|134\/369
|-damage|p2a: Crobat|42\/369|[from] Stealth Rock
|turn|32
|
|switch|p1a: Kingdra|Kingdra, F|139\/301
|-damage|p1a: Kingdra|102\/301|[from] Stealth Rock
|move|p2a: Crobat|Roost|p2a: Crobat
|-heal|p2a: Crobat|227\/369
|
|-heal|p2a: Crobat|250\/369|[from] item: Black Sludge
|turn|33
|
|switch|p2a: Whimsicott|Whimsicott, M|305\/305
|-damage|p2a: Whimsicott|267\/305|[from] Stealth Rock
|move|p1a: Kingdra|Outrage|p2a: Whimsicott
|-immune|p2a: Whimsicott|[msg]
|
|-heal|p2a: Whimsicott|286\/305|[from] item: Leftovers
|turn|34
|
|move|p2a: Whimsicott|Leech Seed|p1a: Kingdra
|-start|p1a: Kingdra|move: Leech Seed
|move|p1a: Kingdra|Dragon Dance|p1a: Kingdra
|-boost|p1a: Kingdra|atk|1
|-boost|p1a: Kingdra|spe|1
|
|-heal|p2a: Whimsicott|305\/305|[from] item: Leftovers
|-damage|p1a: Kingdra|65\/301|[from] Leech Seed|[of] p2a: Whimsicott
|turn|35
|
|switch|p1a: Cobalion|Cobalion|120\/323
|-damage|p1a: Cobalion|110\/323|[from] Stealth Rock
|move|p2a: Whimsicott|Encore|p1a: Cobalion
|-fail|p1a: Cobalion
|
|turn|36
|
|move|p2a: Whimsicott|Leech Seed|p1a: Cobalion
|-start|p1a: Cobalion|move: Leech Seed
|move|p1a: Cobalion|Iron Head|p2a: Whimsicott
|-supereffective|p2a: Whimsicott
|-damage|p2a: Whimsicott|131\/305
|
|-heal|p2a: Whimsicott|150\/305|[from] item: Leftovers
|-damage|p1a: Cobalion|70\/323|[from] Leech Seed|[of] p2a: Whimsicott
|-heal|p2a: Whimsicott|190\/305|[silent]
|turn|37
|
|move|p1a: Cobalion|Iron Head|p2a: Whimsicott
|-supereffective|p2a: Whimsicott
|-damage|p2a: Whimsicott|8\/305
|move|p2a: Whimsicott|Moonblast|p1a: Cobalion
|-damage|p1a: Cobalion|0 fnt
|faint|p1a: Cobalion
|
|-heal|p2a: Whimsicott|27\/305|[from] item: Leftovers
|
|switch|p1a: Kingdra|Kingdra, F|65\/301
|-damage|p1a: Kingdra|28\/301|[from] Stealth Rock
|turn|38
|
|move|p1a: Kingdra|Waterfall|p2a: Whimsicott
|-crit|p2a: Whimsicott
|-resisted|p2a: Whimsicott
|-damage|p2a: Whimsicott|0 fnt
|faint|p2a: Whimsicott
|
|
|switch|p2a: Medicham|Medicham-Mega, F|245\/261
|-damage|p2a: Medicham|229\/261|[from] Stealth Rock
|turn|39
|
|move|p2a: Medicham|Fake Out|p1a: Kingdra
|-damage|p1a: Kingdra|0 fnt
|faint|p1a: Kingdra
|
|win|mcdowell1041
|raw|Ladder updating...
|c|★mcdowell1041|gg
|leave|ult lowgock
|player|p1
|raw|ult lowgock's rating: 1479 &rarr; <strong>1457<\/strong><br \/>(-22 for losing)
|raw|mcdowell1041's rating: 1430 &rarr; <strong>1453<\/strong><br \/>(+23 for winning)
|leave|watfor
|leave|mcdowell1041
|player|p2