|join|Pradyum2458
|join|Focus Sash Florges
|player|p1|Pradyum2458|142
|player|p2|Focus Sash Florges|114
|gametype|singles
|gen|6
|tier|UU
|rated
|rule|Sleep Clause Mod: Limit one foe put to sleep
|rule|Species Clause: Limit one of each Pokémon
|rule|OHKO Clause: OHKO moves are banned
|rule|Moody Clause: Moody is banned
|rule|Evasion Moves Clause: Evasion moves are banned
|rule|Endless Battle Clause: Forcing endless battles is banned
|rule|HP Percentage Mod: HP is shown in percentages
|clearpoke
|poke|p1|Infernape, F
|poke|p1|Alomomola, F
|poke|p1|Haxorus, M
|poke|p1|Jirachi
|poke|p1|Blissey, F
|poke|p1|Blastoise, F
|poke|p2|Lucario, F
|poke|p2|Jirachi
|poke|p2|Galvantula, M
|poke|p2|Chandelure, M
|poke|p2|Hydreigon, F
|poke|p2|Swampert, F
|rule|Swagger Clause: Swagger is banned
|rule|Baton Pass Clause: Limit one Pokémon knowing Baton Pass
|teampreview
|
|start
|switch|p1a: Infernape|Infernape, F|293\/293
|switch|p2a: Galvantula|Galvantula, M|281\/281
|turn|1
|
|move|p1a: Infernape|Flare Blitz|p2a: Galvantula
|-supereffective|p2a: Galvantula
|-enditem|p2a: Galvantula|Focus Sash
|-damage|p2a: Galvantula|1\/281
|-damage|p1a: Infernape|201\/293|[from] recoil|[of] p2a: Galvantula
|-damage|p1a: Infernape|172\/293|[from] item: Life Orb
|move|p2a: Galvantula|Thunder Wave|p1a: Infernape
|-status|p1a: Infernape|par
|
|turn|2
|
|switch|p2a: Chandelure|Chandelure, M|262\/262
|move|p1a: Infernape|Mach Punch|p2a: Chandelure
|-immune|p2a: Chandelure|[msg]
|
|turn|3
|
|switch|p2a: Galvantula|Galvantula, M|1\/281
|switch|p1a: Blissey|Blissey, F|714\/714
|
|turn|4
|
|move|p2a: Galvantula|Sticky Web|p1a: Blissey
|-sidestart|p1: Pradyum2458|move: Sticky Web
|move|p1a: Blissey|Aromatherapy|p1a: Blissey
|-cureteam|p1a: Blissey|[from] move: Aromatherapy
|
|turn|5
|
|move|p2a: Galvantula|Volt Switch|p1a: Blissey
|-damage|p1a: Blissey|635\/714
|
|switch|p2a: Chandelure|Chandelure, M|262\/262
|move|p1a: Blissey|Seismic Toss|p2a: Chandelure
|-immune|p2a: Chandelure|[msg]
|
|-heal|p1a: Blissey|679\/714|[from] item: Leftovers
|turn|6
|
|switch|p2a: Lucario|Lucario, F|281\/281
|move|p1a: Blissey|Thunder Wave|p2a: Lucario
|-status|p2a: Lucario|par
|
|-heal|p1a: Blissey|714\/714|[from] item: Leftovers
|turn|7
|
|switch|p1a: Alomomola|Alomomola, F|533\/533
|-activate|p1a: Alomomola|move: Sticky Web
|-unboost|p1a: Alomomola|spe|1
|switch|p2a: Galvantula|Galvantula, M|1\/281
|
|turn|8
|
|move|p1a: Alomomola|Protect|p1a: Alomomola
|-singleturn|p1a: Alomomola|Protect
|move|p2a: Galvantula|Volt Switch|p1a: Alomomola
|-activate|p1a: Alomomola|Protect
|
|turn|9
|
|switch|p1a: Blissey|Blissey, F|714\/714
|-activate|p1a: Blissey|move: Sticky Web
|-unboost|p1a: Blissey|spe|1
|move|p2a: Galvantula|Volt Switch|p1a: Blissey
|-damage|p1a: Blissey|630\/714
|
|switch|p2a: Swampert|Swampert, F|341\/341
|
|-heal|p1a: Blissey|674\/714|[from] item: Leftovers
|turn|10
|
|switch|p1a: Blastoise|Blastoise, F|361\/361
|-activate|p1a: Blastoise|move: Sticky Web
|-unboost|p1a: Blastoise|spe|1
|detailschange|p2a: Swampert|Swampert-Mega, F
|-mega|p2a: Swampert|Swampert|Swampertite
|move|p2a: Swampert|Earthquake|p1a: Blastoise
|-damage|p1a: Blastoise|172\/361
|
|turn|11
|
|detailschange|p1a: Blastoise|Blastoise-Mega, F
|-mega|p1a: Blastoise|Blastoise|Blastoisinite
|move|p2a: Swampert|Earthquake|p1a: Blastoise
|-damage|p1a: Blastoise|0 fnt
|faint|p1a: Blastoise
|
|
|switch|p1a: Haxorus|Haxorus, M|293\/293
|-activate|p1a: Haxorus|move: Sticky Web
|-unboost|p1a: Haxorus|spe|1
|-ability|p1a: Haxorus|Mold Breaker
|turn|12
|
|move|p2a: Swampert|Ice Punch|p1a: Haxorus
|-supereffective|p1a: Haxorus
|-damage|p1a: Haxorus|75\/293
|-status|p1a: Haxorus|frz
|-enditem|p1a: Haxorus|Lum Berry|[eat]
|-curestatus|p1a: Haxorus|frz
|move|p1a: Haxorus|Dragon Dance|p1a: Haxorus
|-boost|p1a: Haxorus|atk|1
|-boost|p1a: Haxorus|spe|1
|
|turn|13
|
|switch|p2a: Galvantula|Galvantula, M|1\/281
|move|p1a: Haxorus|Outrage|p2a: Galvantula
|-damage|p2a: Galvantula|0 fnt
|faint|p2a: Galvantula
|
|
|switch|p2a: Jirachi|Jirachi|342\/342
|turn|14
|
|move|p2a: Jirachi|Iron Head|p1a: Haxorus
|-crit|p1a: Haxorus
|-damage|p1a: Haxorus|0 fnt
|faint|p1a: Haxorus
|
|
|switch|p1a: Alomomola|Alomomola, F|533\/533
|-activate|p1a: Alomomola|move: Sticky Web
|-unboost|p1a: Alomomola|spe|1
|turn|15
|
|switch|p2a: Hydreigon|Hydreigon, F|326\/326
|move|p1a: Alomomola|Toxic|p2a: Hydreigon
|-status|p2a: Hydreigon|tox
|
|-damage|p2a: Hydreigon|306\/326 tox|[from] psn
|turn|16
|
|switch|p2a: Chandelure|Chandelure, M|262\/262
|move|p1a: Alomomola|Protect|p1a: Alomomola
|-fail|p1a: Alomomola
|
|turn|17
|
|switch|p2a: Lucario|Lucario, F|281\/281 par
|move|p1a: Alomomola|Protect|p1a: Alomomola
|-fail|p1a: Alomomola
|
|turn|18
|
|move|p1a: Alomomola|Wish|p1a: Alomomola
|move|p2a: Lucario|Swords Dance|p2a: Lucario
|-boost|p2a: Lucario|atk|2
|
|turn|19
|
|move|p1a: Alomomola|Scald|p2a: Lucario
|-damage|p2a: Lucario|223\/281 par
|move|p2a: Lucario|Close Combat|p1a: Alomomola
|-damage|p1a: Alomomola|104\/533
|-damage|p2a: Lucario|177\/281 par|[from] item: Rocky Helmet|[of] p1a: Alomomola
|-unboost|p2a: Lucario|def|1
|-unboost|p2a: Lucario|spd|1
|-damage|p2a: Lucario|149\/281 par|[from] item: Life Orb
|
|-heal|p1a: Alomomola|370\/533|[from] move: Wish|[wisher] Alomomola
|turn|20
|
|move|p1a: Alomomola|Scald|p2a: Lucario
|-crit|p2a: Lucario
|-damage|p2a: Lucario|14\/281 par
|cant|p2a: Lucario|par
|
|turn|21
|
|move|p2a: Lucario|Extreme Speed|p1a: Alomomola
|-damage|p1a: Alomomola|161\/533
|-damage|p2a: Lucario|0 fnt|[from] item: Rocky Helmet|[of] p1a: Alomomola
|faint|p2a: Lucario
|move|p1a: Alomomola|Scald|p2: Lucario|[notarget]
|-notarget
|
|
|switch|p2a: Chandelure|Chandelure, M|262\/262
|turn|22
|
|move|p1a: Alomomola|Protect|p1a: Alomomola
|-singleturn|p1a: Alomomola|Protect
|move|p2a: Chandelure|Calm Mind|p2a: Chandelure
|-boost|p2a: Chandelure|spa|1
|-boost|p2a: Chandelure|spd|1
|
|turn|23
|
|move|p2a: Chandelure|Calm Mind|p2a: Chandelure
|-boost|p2a: Chandelure|spa|1
|-boost|p2a: Chandelure|spd|1
|move|p1a: Alomomola|Wish|p1a: Alomomola
|
|turn|24
|
|move|p2a: Chandelure|Flamethrower|p1a: Alomomola
|-resisted|p1a: Alomomola
|-damage|p1a: Alomomola|0 fnt
|-damage|p2a: Chandelure|236\/262|[from] item: Life Orb
|faint|p1a: Alomomola
|
|
|switch|p1a: Blissey|Blissey, F|674\/714
|-activate|p1a: Blissey|move: Sticky Web
|-unboost|p1a: Blissey|spe|1
|turn|25
|
|move|p2a: Chandelure|Flamethrower|p1a: Blissey
|-damage|p1a: Blissey|300\/714
|-damage|p2a: Chandelure|210\/262|[from] item: Life Orb
|move|p1a: Blissey|Thunder Wave|p2a: Chandelure
|-status|p2a: Chandelure|par
|
|-heal|p1a: Blissey|344\/714|[from] item: Leftovers
|turn|26
|
|move|p1a: Blissey|Soft-Boiled|p1a: Blissey
|-heal|p1a: Blissey|701\/714
|move|p2a: Chandelure|Flamethrower|p1a: Blissey
|-damage|p1a: Blissey|306\/714
|-damage|p2a: Chandelure|184\/262 par|[from] item: Life Orb
|
|-heal|p1a: Blissey|350\/714|[from] item: Leftovers
|turn|27
|
|move|p1a: Blissey|Soft-Boiled|p1a: Blissey
|-heal|p1a: Blissey|707\/714
|move|p2a: Chandelure|Calm Mind|p2a: Chandelure
|-boost|p2a: Chandelure|spa|1
|-boost|p2a: Chandelure|spd|1
|
|-heal|p1a: Blissey|714\/714|[from] item: Leftovers
|turn|28
|
|move|p1a: Blissey|Aromatherapy|p1a: Blissey
|-cureteam|p1a: Blissey|[from] move: Aromatherapy
|move|p2a: Chandelure|Flamethrower|p1a: Blissey
|-damage|p1a: Blissey|221\/714
|-damage|p2a: Chandelure|158\/262 par|[from] item: Life Orb
|
|-heal|p1a: Blissey|265\/714|[from] item: Leftovers
|turn|29
|
|move|p1a: Blissey|Soft-Boiled|p1a: Blissey
|-heal|p1a: Blissey|622\/714
|cant|p2a: Chandelure|par
|
|-heal|p1a: Blissey|666\/714|[from] item: Leftovers
|turn|30
|
|move|p1a: Blissey|Aromatherapy|p1a: Blissey
|-cureteam|p1a: Blissey|[from] move: Aromatherapy
|move|p2a: Chandelure|Calm Mind|p2a: Chandelure
|-boost|p2a: Chandelure|spa|1
|-boost|p2a: Chandelure|spd|1
|
|-heal|p1a: Blissey|710\/714|[from] item: Leftovers
|turn|31
|
|move|p1a: Blissey|Soft-Boiled|p1a: Blissey
|-heal|p1a: Blissey|714\/714
|move|p2a: Chandelure|Flamethrower|p1a: Blissey
|-damage|p1a: Blissey|184\/714
|-damage|p2a: Chandelure|132\/262 par|[from] item: Life Orb
|
|-heal|p1a: Blissey|228\/714|[from] item: Leftovers
|turn|32
|
|move|p1a: Blissey|Soft-Boiled|p1a: Blissey
|-heal|p1a: Blissey|585\/714
|move|p2a: Chandelure|Calm Mind|p2a: Chandelure
|-boost|p2a: Chandelure|spa|1
|-boost|p2a: Chandelure|spd|1
|
|-heal|p1a: Blissey|629\/714|[from] item: Leftovers
|turn|33
|
|switch|p1a: Infernape|Infernape, F|172\/293
|-activate|p1a: Infernape|move: Sticky Web
|-unboost|p1a: Infernape|spe|1
|move|p2a: Chandelure|Flamethrower|p1a: Infernape
|-resisted|p1a: Infernape
|-damage|p1a: Infernape|0 fnt
|-damage|p2a: Chandelure|106\/262 par|[from] item: Life Orb
|faint|p1a: Infernape
|
|
|switch|p1a: Jirachi|Jirachi|341\/341
|-activate|p1a: Jirachi|move: Sticky Web
|-unboost|p1a: Jirachi|spe|1
|turn|34
|
|switch|p2a: Swampert|Swampert-Mega, F|341\/341
|move|p1a: Jirachi|Iron Head|p2a: Swampert
|-resisted|p2a: Swampert
|-damage|p2a: Swampert|286\/341
|
|turn|35
|
|move|p1a: Jirachi|Iron Head|p2a: Swampert
|-resisted|p2a: Swampert
|-damage|p2a: Swampert|226\/341
|cant|p2a: Swampert|flinch
|
|turn|36
|
|move|p1a: Jirachi|Iron Head|p2a: Swampert
|-resisted|p2a: Swampert
|-damage|p2a: Swampert|167\/341
|cant|p2a: Swampert|flinch
|
|turn|37
|
|move|p1a: Jirachi|Iron Head|p2a: Swampert
|-resisted|p2a: Swampert
|-damage|p2a: Swampert|107\/341
|cant|p2a: Swampert|flinch
|
|turn|38
|
|move|p1a: Jirachi|Iron Head|p2a: Swampert
|-resisted|p2a: Swampert
|-damage|p2a: Swampert|43\/341
|move|p2a: Swampert|Rain Dance|p2a: Swampert
|-weather|RainDance
|
|-weather|RainDance|[upkeep]
|turn|39
|
|move|p2a: Swampert|Earthquake|p1a: Jirachi
|-supereffective|p1a: Jirachi
|-damage|p1a: Jirachi|0 fnt
|faint|p1a: Jirachi
|
|-weather|RainDance|[upkeep]
|-message|Pradyum2458 forfeited.
|
|win|Focus Sash Florges
|raw|Ladder updating...
|leave|Pradyum2458
|player|p1
|raw|Pradyum2458's rating: 1274 &rarr; <strong>1257<\/strong><br \/>(-17 for losing)
|raw|Focus Sash Florges's rating: 1395 &rarr; <strong>1408<\/strong><br \/>(+13 for winning)