|join|G0tagofast
|join|EchoDjinn
|player|p1|G0tagofast|101
|player|p2|EchoDjinn|272
|gametype|singles
|gen|6
|tier|OU
|rated
|clearpoke
|poke|p1|Diancie
|poke|p1|Volcarona, M
|poke|p1|Keldeo-Resolute
|poke|p1|Bisharp, F
|poke|p1|Skarmory, F
|poke|p1|Gengar, M
|poke|p2|Metagross
|poke|p2|Mew
|poke|p2|Thundurus, M
|poke|p2|Keldeo-Resolute
|poke|p2|Landorus-Therian, M
|poke|p2|Breloom, M
|rule|Swagger Clause: Swagger is banned
|rule|Baton Pass Clause: Limit one Pokémon knowing Baton Pass
|rule|Sleep Clause Mod: Limit one foe put to sleep
|rule|Species Clause: Limit one of each Pokémon
|rule|OHKO Clause: OHKO moves are banned
|rule|Moody Clause: Moody is banned
|rule|Evasion Moves Clause: Evasion moves are banned
|rule|Endless Battle Clause: Forcing endless battles is banned
|rule|HP Percentage Mod: HP is shown in percentages
|teampreview
|
|start
|switch|p1a: Skarmory|Skarmory, F|271\/271
|switch|p2a: Metagross|Metagross|301\/301
|turn|1
|
|switch|p2a: Mew|Mew|403\/403
|move|p1a: Skarmory|Stealth Rock|p2a: Mew
|-sidestart|p2: EchoDjinn|move: Stealth Rock
|
|turn|2
|
|move|p2a: Mew|Defog|p1a: Skarmory
|-unboost|p1a: Skarmory|evasion|1
|-sideend|p2: EchoDjinn|Stealth Rock|[from] move: Defog|[of] p2a: Mew
|move|p1a: Skarmory|Taunt|p2a: Mew
|-start|p2a: Mew|move: Taunt
|
|turn|3
|
|move|p2a: Mew|Knock Off|p1a: Skarmory
|-damage|p1a: Skarmory|216\/271
|-enditem|p1a: Skarmory|Salac Berry|[from] move: Knock Off|[of] p2a: Mew
|move|p1a: Skarmory|Stealth Rock|p2a: Mew
|-sidestart|p2: EchoDjinn|move: Stealth Rock
|
|turn|4
|
|switch|p2a: Keldeo-Resolute|Keldeo-Resolute|323\/323
|-damage|p2a: Keldeo-Resolute|303\/323|[from] Stealth Rock
|move|p1a: Skarmory|Spikes|p2a: Keldeo-Resolute
|-sidestart|p2: EchoDjinn|Spikes
|
|turn|5
|
|move|p2a: Keldeo-Resolute|Hydro Pump|p1a: Skarmory
|-damage|p1a: Skarmory|0 fnt
|faint|p1a: Skarmory
|
|
|switch|p1a: Keldeo-Resolute|Keldeo-Resolute|323\/323
|turn|6
|
|switch|p2a: Mew|Mew|403\/403
|-damage|p2a: Mew|353\/403|[from] Stealth Rock
|-damage|p2a: Mew|303\/403|[from] Spikes
|move|p1a: Keldeo-Resolute|Scald|p2a: Mew
|-damage|p2a: Mew|140\/403
|-status|p2a: Mew|brn
|-status|p1a: Keldeo-Resolute|brn
|
|-heal|p2a: Mew|165\/403 brn|[from] item: Leftovers
|-damage|p1a: Keldeo-Resolute|283\/323 brn|[from] brn
|-damage|p2a: Mew|115\/403 brn|[from] brn
|turn|7
|
|move|p1a: Keldeo-Resolute|Scald|p2a: Mew
|-crit|p2a: Mew
|-damage|p2a: Mew|0 fnt
|faint|p2a: Mew
|
|-damage|p1a: Keldeo-Resolute|243\/323 brn|[from] brn
|
|switch|p2a: Thundurus|Thundurus, M|299\/299
|-damage|p2a: Thundurus|225\/299|[from] Stealth Rock
|turn|8
|
|move|p2a: Thundurus|Thunderbolt|p1a: Keldeo-Resolute
|-supereffective|p1a: Keldeo-Resolute
|-damage|p1a: Keldeo-Resolute|0 fnt
|-damage|p2a: Thundurus|196\/299|[from] item: Life Orb
|faint|p1a: Keldeo-Resolute
|
|
|switch|p1a: Volcarona|Volcarona, M|329\/329
|turn|9
|
|move|p2a: Thundurus|Thunderbolt|p1a: Volcarona
|-damage|p1a: Volcarona|125\/329
|-damage|p2a: Thundurus|167\/299|[from] item: Life Orb
|move|p1a: Volcarona|Fire Blast|p2a: Thundurus
|-damage|p2a: Thundurus|0 fnt
|-damage|p1a: Volcarona|93\/329|[from] item: Life Orb
|faint|p2a: Thundurus
|
|
|switch|p2a: Keldeo-Resolute|Keldeo-Resolute|303\/323
|-damage|p2a: Keldeo-Resolute|283\/323|[from] Stealth Rock
|-damage|p2a: Keldeo-Resolute|243\/323|[from] Spikes
|turn|10
|
|switch|p1a: Diancie|Diancie|257\/257
|move|p2a: Keldeo-Resolute|Scald|p1a: Diancie
|-supereffective|p1a: Diancie
|-damage|p1a: Diancie|53\/257
|
|turn|11
|
|move|p2a: Keldeo-Resolute|Scald|p1a: Diancie
|-supereffective|p1a: Diancie
|-damage|p1a: Diancie|0 fnt
|faint|p1a: Diancie
|
|
|switch|p1a: Gengar|Gengar, M|261\/261
|turn|12
|
|move|p1a: Gengar|Shadow Ball|p2a: Keldeo-Resolute
|-damage|p2a: Keldeo-Resolute|78\/323
|-unboost|p2a: Keldeo-Resolute|spd|1
|move|p2a: Keldeo-Resolute|Scald|p1a: Gengar
|-damage|p1a: Gengar|92\/261
|
|turn|13
|
|switch|p2a: Landorus-Therian|Landorus-Therian, M|382\/382
|-damage|p2a: Landorus-Therian|335\/382|[from] Stealth Rock
|-ability|p2a: Landorus-Therian|Intimidate|[of] p1a: Gengar
|-unboost|p1a: Gengar|atk|1
|move|p1a: Gengar|Shadow Ball|p2a: Landorus-Therian
|-damage|p2a: Landorus-Therian|176\/382
|-unboost|p2a: Landorus-Therian|spd|1
|
|-heal|p2a: Landorus-Therian|199\/382|[from] item: Leftovers
|turn|14
|c|★G0tagofast|sorry 4 that
|c|★EchoDjinn|eh
|
|move|p1a: Gengar|Shadow Ball|p2a: Landorus-Therian
|-damage|p2a: Landorus-Therian|0 fnt
|faint|p2a: Landorus-Therian
|
|
|switch|p2a: Metagross|Metagross|301\/301
|-damage|p2a: Metagross|264\/301|[from] Spikes
|-damage|p2a: Metagross|246\/301|[from] Stealth Rock
|turn|15
|
|detailschange|p2a: Metagross|Metagross-Mega
|-mega|p2a: Metagross|Metagross|Metagrossite
|move|p1a: Gengar|Shadow Ball|p2a: Metagross
|-supereffective|p2a: Metagross
|-damage|p2a: Metagross|0 fnt
|faint|p2a: Metagross
|
|
|switch|p2a: Breloom|Breloom, M|261\/261
|-damage|p2a: Breloom|245\/261|[from] Stealth Rock
|-damage|p2a: Breloom|213\/261|[from] Spikes
|turn|16
|
|move|p1a: Gengar|Shadow Ball|p2a: Breloom
|-damage|p2a: Breloom|12\/261
|move|p2a: Breloom|Spore|p1a: Gengar
|-status|p1a: Gengar|slp
|
|turn|17
|
|cant|p1a: Gengar|slp
|move|p2a: Breloom|Swords Dance|p2a: Breloom
|-boost|p2a: Breloom|atk|2
|
|turn|18
|
|cant|p1a: Gengar|slp
|move|p2a: Breloom|Bullet Seed|p1a: Gengar
|-resisted|p1a: Gengar
|-damage|p1a: Gengar|0 fnt
|-hitcount|p1a: Gengar|1
|faint|p1a: Gengar
|
|
|switch|p1a: Volcarona|Volcarona, M|93\/329
|turn|19
|
|move|p2a: Breloom|Mach Punch|p1a: Volcarona
|-resisted|p1a: Volcarona
|-damage|p1a: Volcarona|0 fnt
|-status|p2a: Breloom|brn
|faint|p1a: Volcarona
|
|-damage|p2a: Breloom|0 fnt|[from] brn
|faint|p2a: Breloom
|c|★EchoDjinn|sigh
|c|★G0tagofast|thats 4 the free turns of spore
|
|switch|p2a: Keldeo-Resolute|Keldeo-Resolute|78\/323
|switch|p1a: Bisharp|Bisharp, F|290\/290
|-damage|p2a: Keldeo-Resolute|58\/323|[from] Stealth Rock
|-damage|p2a: Keldeo-Resolute|18\/323|[from] Spikes
|turn|20
|c|★G0tagofast|gg
|
|move|p1a: Bisharp|Sucker Punch|p2a: Keldeo-Resolute
|-crit|p2a: Keldeo-Resolute
|-resisted|p2a: Keldeo-Resolute
|-damage|p2a: Keldeo-Resolute|0 fnt
|-damage|p1a: Bisharp|261\/290|[from] item: Life Orb
|faint|p2a: Keldeo-Resolute
|
|win|G0tagofast
|raw|Ladder updating...
|raw|G0tagofast's rating: 1470 &rarr; <strong>1487<\/strong><br \/>(+17 for winning)
|raw|EchoDjinn's rating: 1430 &rarr; <strong>1412<\/strong><br \/>(-18 for losing)
|leave|EchoDjinn