|join|g0tagofast
|join|Honey B4dger
|player|p1|g0tagofast|101
|player|p2|Honey B4dger|265
|gametype|singles
|gen|6
|tier|OU
|rated
|clearpoke
|poke|p1|Metagross
|poke|p1|Volcarona, M
|poke|p1|Tyranitar, F
|poke|p1|Skarmory, M
|poke|p1|Excadrill, F
|poke|p1|Starmie
|poke|p2|Slowbro, F
|poke|p2|Heatran, F
|poke|p2|Landorus-Therian, M
|poke|p2|Raikou
|poke|p2|Diggersby, F
|poke|p2|Ferrothorn, F
|rule|Swagger Clause: Swagger is banned
|rule|Baton Pass Clause: Limit one Pokémon knowing Baton Pass
|rule|Sleep Clause Mod: Limit one foe put to sleep
|rule|Species Clause: Limit one of each Pokémon
|rule|OHKO Clause: OHKO moves are banned
|rule|Moody Clause: Moody is banned
|rule|Evasion Moves Clause: Evasion moves are banned
|rule|Endless Battle Clause: Forcing endless battles is banned
|rule|HP Percentage Mod: HP is shown in percentages
|teampreview
|
|start
|switch|p1a: Volcarona|Volcarona, M|329\/329
|switch|p2a: Vesuvius|Heatran, F|385\/385
|turn|1
|join|NagariNewMeta
|
|move|p1a: Volcarona|Quiver Dance|p1a: Volcarona
|-boost|p1a: Volcarona|spa|1
|-boost|p1a: Volcarona|spd|1
|-boost|p1a: Volcarona|spe|1
|move|p2a: Vesuvius|Taunt|p1a: Volcarona
|-start|p1a: Volcarona|move: Taunt
|
|turn|2
|
|move|p1a: Volcarona|Hidden Power|p2a: Vesuvius
|-supereffective|p2a: Vesuvius
|-damage|p2a: Vesuvius|0 fnt
|-damage|p1a: Volcarona|297\/329|[from] item: Life Orb
|faint|p2a: Vesuvius
|
|c|★g0tagofast|yeah b1tches the fire is back
|c| NagariNewMeta|beautiful
|c| NagariNewMeta|fuck heatran
|
|switch|p2a: Landorus-Therian|Landorus-Therian, M|382\/382
|-ability|p2a: Landorus-Therian|Intimidate|[of] p1a: Volcarona
|-unboost|p1a: Volcarona|atk|1
|turn|3
|c|★g0tagofast|I can sweep his team from one xD
|c|★g0tagofast|unless some fucking fire blast miss
|
|move|p1a: Volcarona|Fire Blast|p2a: Landorus-Therian
|-damage|p2a: Landorus-Therian|0 fnt
|-damage|p1a: Volcarona|265\/329|[from] item: Life Orb
|faint|p2a: Landorus-Therian
|
|c|★g0tagofast|no its gg xD
|c| NagariNewMeta|fuck scarf lando
|
|switch|p2a: Raikou|Raikou|321\/321
|-ability|p2a: Raikou|Pressure
|turn|4
|c| NagariNewMeta|inb4 sash diggersby
|c| NagariNewMeta|actually AV raikou lives
|c| NagariNewMeta|but doesn't kill
|c|★g0tagofast|Volcarona is so amazing
|c|★g0tagofast|do i hidden power or giga drain
|c| NagariNewMeta|he's BL 'cuz it's impossible to set up with him
|c|★g0tagofast|but now heis easyer to use than xY
|
|move|p1a: Volcarona|Giga Drain|p2a: Raikou
|-damage|p2a: Raikou|209\/321
|-heal|p1a: Volcarona|321\/329|[from] drain|[of] p2a: Raikou
|-damage|p1a: Volcarona|289\/329|[from] item: Life Orb
|move|p2a: Raikou|Thunderbolt|p1a: Volcarona
|-damage|p1a: Volcarona|190\/329
|
|-end|p1a: Volcarona|move: Taunt
|turn|5
|c|★g0tagofast|calcs plz
|
|move|p1a: Volcarona|Fire Blast|p2a: Raikou
|-damage|p2a: Raikou|0 fnt
|-damage|p1a: Volcarona|158\/329|[from] item: Life Orb
|faint|p2a: Raikou
|
|c| NagariNewMeta|POWA
|
|switch|p2a: Diggersby|Diggersby, F|312\/312
|turn|6
|c|★g0tagofast|too op
|
|move|p2a: Diggersby|Quick Attack|p1a: Volcarona
|-damage|p1a: Volcarona|17\/329
|move|p1a: Volcarona|Giga Drain|p2a: Diggersby
|-supereffective|p2a: Diggersby
|-damage|p2a: Diggersby|0 fnt
|-heal|p1a: Volcarona|173\/329|[from] drain|[of] p2a: Diggersby
|-damage|p1a: Volcarona|141\/329|[from] item: Life Orb
|faint|p2a: Diggersby
|
|c|★g0tagofast|I love this shit xD
|c|★Honey B4dger|gg
|c| NagariNewMeta|BAWLK!!!
|c|★g0tagofast|gg
|-message|Honey B4dger forfeited.
|leave|Honey B4dger
|
|win|g0tagofast
|raw|Ladder updating...
|player|p2
|raw|g0tagofast's rating: 1646 &rarr; <strong>1660<\/strong><br \/>(+14 for winning)
|raw|Honey B4dger's rating: 1537 &rarr; <strong>1523<\/strong><br \/>(-14 for losing)
|c|★g0tagofast|He set ups on bulky waters xD
|c|★g0tagofast|I share this