|join|G0tagofast
|join|NertyNertNert
|player|p1|G0tagofast|101
|player|p2|NertyNertNert|272
|gametype|singles
|gen|6
|tier|OU
|rated
|clearpoke
|poke|p1|Diancie
|poke|p1|Volcarona, M
|poke|p1|Keldeo-Resolute
|poke|p1|Bisharp, F
|poke|p1|Skarmory, M
|poke|p1|Gengar, F
|poke|p2|Klefki, M
|poke|p2|Starmie
|poke|p2|Medicham, M
|poke|p2|Clefable, M
|poke|p2|Mew
|poke|p2|Landorus-Therian, M
|rule|Swagger Clause: Swagger is banned
|rule|Baton Pass Clause: Limit one Pokémon knowing Baton Pass
|rule|Sleep Clause Mod: Limit one foe put to sleep
|rule|Species Clause: Limit one of each Pokémon
|rule|OHKO Clause: OHKO moves are banned
|rule|Moody Clause: Moody is banned
|rule|Evasion Moves Clause: Evasion moves are banned
|rule|Endless Battle Clause: Forcing endless battles is banned
|rule|HP Percentage Mod: HP is shown in percentages
|teampreview
|
|start
|switch|p1a: Skarmory|Skarmory, M|271\/271
|switch|p2a: Medicham|Medicham, M|261\/261
|turn|1
|
|detailschange|p2a: Medicham|Medicham-Mega, M
|-mega|p2a: Medicham|Medicham|Medichamite
|move|p2a: Medicham|Fake Out|p1a: Skarmory
|-resisted|p1a: Skarmory
|-damage|p1a: Skarmory|244\/271
|cant|p1a: Skarmory|flinch
|
|turn|2
|
|move|p2a: Medicham|Ice Punch|p1a: Skarmory
|-damage|p1a: Skarmory|131\/271
|-status|p1a: Skarmory|frz
|cant|p1a: Skarmory|frz
|
|turn|3
|
|move|p2a: Medicham|High Jump Kick|p1a: Skarmory
|-damage|p1a: Skarmory|0 fnt
|faint|p1a: Skarmory
|
|
|switch|p1a: Gengar|Gengar, F|261\/261
|turn|4
|
|switch|p2a: Klefki|Klefki, M|318\/318
|move|p1a: Gengar|Shadow Ball|p2a: Klefki
|-damage|p2a: Klefki|162\/318
|
|turn|5
|
|switch|p1a: Bisharp|Bisharp, F|289\/289
|move|p2a: Klefki|Thunder Wave|p1a: Bisharp
|-status|p1a: Bisharp|par
|
|turn|6
|
|switch|p2a: Clefable|Clefable, M|394\/394
|cant|p1a: Bisharp|par
|
|turn|7
|
|move|p2a: Clefable|Flamethrower|p1a: Bisharp
|-supereffective|p1a: Bisharp
|-damage|p1a: Bisharp|105\/289 par
|cant|p1a: Bisharp|par
|
|turn|8
|
|switch|p1a: Gengar|Gengar, F|261\/261
|move|p2a: Clefable|Flamethrower|p1a: Gengar
|-damage|p1a: Gengar|175\/261
|
|turn|9
|
|move|p1a: Gengar|Trick|p2a: Clefable
|-activate|p1a: Gengar|move: Trick|[of] p2a: Clefable
|-item|p2a: Clefable|Choice Scarf|[from] move: Trick
|-item|p1a: Gengar|Leftovers|[from] move: Trick
|move|p2a: Clefable|Soft-Boiled|p2a: Clefable
|-fail|p2a: Clefable
|
|-heal|p1a: Gengar|191\/261|[from] item: Leftovers
|turn|10
|
|switch|p2a: Landorus-Therian|Landorus-Therian, M|382\/382
|-ability|p2a: Landorus-Therian|Intimidate|[of] p1a: Gengar
|-unboost|p1a: Gengar|atk|1
|move|p1a: Gengar|Shadow Ball|p2a: Landorus-Therian
|-crit|p2a: Landorus-Therian
|-damage|p2a: Landorus-Therian|112\/382
|
|-heal|p1a: Gengar|207\/261|[from] item: Leftovers
|-heal|p2a: Landorus-Therian|135\/382|[from] item: Leftovers
|turn|11
|
|move|p1a: Gengar|Shadow Ball|p2a: Landorus-Therian
|-damage|p2a: Landorus-Therian|0 fnt
|faint|p2a: Landorus-Therian
|
|-heal|p1a: Gengar|223\/261|[from] item: Leftovers
|
|switch|p2a: Klefki|Klefki, M|162\/318
|turn|12
|
|switch|p1a: Bisharp|Bisharp, F|105\/289 par
|move|p2a: Klefki|Switcheroo|p1a: Bisharp
|-activate|p2a: Klefki|move: Trick|[of] p1a: Bisharp
|-item|p1a: Bisharp|Choice Specs|[from] Trick
|-item|p2a: Klefki|Life Orb|[from] Trick
|
|turn|13
|
|move|p2a: Klefki|Spikes|p1a: Bisharp
|-sidestart|p1: G0tagofast|Spikes
|move|p1a: Bisharp|Pursuit|p2a: Klefki
|-resisted|p2a: Klefki
|-damage|p2a: Klefki|132\/318
|
|turn|14
|
|switch|p1a: Diancie|Diancie|257\/257
|-damage|p1a: Diancie|225\/257|[from] Spikes
|move|p2a: Klefki|Spikes|p1a: Diancie
|-sidestart|p1: G0tagofast|Spikes
|
|turn|15
|
|switch|p2a: Clefable|Clefable, M|394\/394
|detailschange|p1a: Diancie|Diancie-Mega
|-mega|p1a: Diancie|Diancie|Diancite
|move|p1a: Diancie|Rock Polish|p1a: Diancie
|-boost|p1a: Diancie|spe|2
|
|turn|16
|
|move|p1a: Diancie|Moonblast|p2a: Clefable
|-damage|p2a: Clefable|154\/394
|-unboost|p2a: Clefable|spa|1
|move|p2a: Clefable|Calm Mind|p2a: Clefable
|-boost|p2a: Clefable|spa|1
|-boost|p2a: Clefable|spd|1
|
|turn|17
|
|move|p1a: Diancie|Diamond Storm|p2a: Clefable
|-damage|p2a: Clefable|0 fnt
|-boost|p1a: Diancie|def|1
|faint|p2a: Clefable
|
|
|switch|p2a: Medicham|Medicham-Mega, M|261\/261
|turn|18
|
|move|p2a: Medicham|Fake Out|p1a: Diancie
|-resisted|p1a: Diancie
|-damage|p1a: Diancie|199\/257
|cant|p1a: Diancie|flinch
|
|turn|19
|
|move|p2a: Medicham|Bullet Punch|p1a: Diancie
|-supereffective|p1a: Diancie
|-damage|p1a: Diancie|15\/257
|move|p1a: Diancie|Moonblast|p2a: Medicham
|-supereffective|p2a: Medicham
|-damage|p2a: Medicham|0 fnt
|faint|p2a: Medicham
|
|c|★G0tagofast|lol xD
|
|switch|p2a: Mew|Mew|404\/404
|turn|20
|
|move|p1a: Diancie|Moonblast|p2a: Mew
|-damage|p2a: Mew|253\/404
|move|p2a: Mew|Knock Off|p1a: Diancie
|-resisted|p1a: Diancie
|-damage|p1a: Diancie|1\/257
|
|-heal|p2a: Mew|278\/404|[from] item: Leftovers
|turn|21
|
|move|p1a: Diancie|Diamond Storm|p2a: Mew
|-damage|p2a: Mew|107\/404
|-boost|p1a: Diancie|def|1
|move|p2a: Mew|Roost|p2a: Mew
|-heal|p2a: Mew|309\/404
|
|-heal|p2a: Mew|334\/404|[from] item: Leftovers
|turn|22
|
|move|p1a: Diancie|Diamond Storm|p2a: Mew
|-damage|p2a: Mew|157\/404
|-boost|p1a: Diancie|def|1
|move|p2a: Mew|Roost|p2a: Mew
|-heal|p2a: Mew|359\/404
|
|-heal|p2a: Mew|384\/404|[from] item: Leftovers
|turn|23
|
|move|p1a: Diancie|Diamond Storm|p2a: Mew
|-damage|p2a: Mew|210\/404
|move|p2a: Mew|Roar|p1a: Diancie
|move|p1a: Diancie|Roar|p2a: Mew|[from]Magic Bounce
|drag|p2a: Klefki|Klefki, M|132\/318
|
|turn|24
|
|move|p1a: Diancie|Hidden Power|p2a: Klefki
|-supereffective|p2a: Klefki
|-damage|p2a: Klefki|0 fnt
|faint|p2a: Klefki
|
|
|switch|p2a: Mew|Mew|210\/404
|turn|25
|
|move|p1a: Diancie|Diamond Storm|p2a: Mew
|-damage|p2a: Mew|36\/404
|-boost|p1a: Diancie|def|1
|move|p2a: Mew|Roost|p2a: Mew
|-heal|p2a: Mew|238\/404
|
|-heal|p2a: Mew|263\/404|[from] item: Leftovers
|turn|26
|
|move|p1a: Diancie|Diamond Storm|p2a: Mew
|-crit|p2a: Mew
|-damage|p2a: Mew|0 fnt
|faint|p2a: Mew
|
|-message|NertyNertNert forfeited.
|leave|NertyNertNert
|
|win|G0tagofast
|raw|Ladder updating...
|player|p2
|raw|G0tagofast's rating: 1569 &rarr; <strong>1587<\/strong><br \/>(+18 for winning)
|raw|NertyNertNert's rating: 1538 &rarr; <strong>1520<\/strong><br \/>(-18 for losing)