|join|Failosophy
|join|G0tagofast
|player|p1|Failosophy|290
|player|p2|G0tagofast|169
|gametype|singles
|gen|6
|tier|OU
|rated
|clearpoke
|poke|p1|Serperior, M
|poke|p1|Sceptile, F
|poke|p1|Mawile, F
|poke|p1|Dragalge, F
|poke|p1|Gligar, M
|poke|p1|Pangoro, M
|poke|p2|Charizard, F
|poke|p2|Azumarill, F
|poke|p2|Toxicroak, M
|poke|p2|Bisharp, F
|poke|p2|Starmie
|poke|p2|Skarmory, M
|rule|Swagger Clause: Swagger is banned
|rule|Baton Pass Clause: Limit one Pokémon knowing Baton Pass
|rule|Sleep Clause Mod: Limit one foe put to sleep
|rule|Species Clause: Limit one of each Pokémon
|rule|OHKO Clause: OHKO moves are banned
|rule|Moody Clause: Moody is banned
|rule|Evasion Moves Clause: Evasion moves are banned
|rule|Endless Battle Clause: Forcing endless battles is banned
|rule|HP Percentage Mod: HP is shown in percentages
|teampreview
|c|★G0tagofast|MEga mawile is back :0
|
|start
|switch|p1a: Dragalge|Dragalge, F|296\/296
|switch|p2a: Skarmory|Skarmory, M|271\/271
|turn|1
|
|move|p2a: Skarmory|Stealth Rock|p1a: Dragalge
|-sidestart|p1: Failosophy|move: Stealth Rock
|move|p1a: Dragalge|Dragon Pulse|p2a: Skarmory
|-resisted|p2a: Skarmory
|-damage|p2a: Skarmory|134\/271
|
|turn|2
|
|move|p2a: Skarmory|Spikes|p1a: Dragalge
|-sidestart|p1: Failosophy|Spikes
|move|p1a: Dragalge|Sludge Bomb|p2a: Skarmory
|-immune|p2a: Skarmory|[msg]
|
|turn|3
|
|move|p2a: Skarmory|Brave Bird|p1a: Dragalge
|-damage|p1a: Dragalge|116\/296
|-damage|p2a: Skarmory|75\/271|[from] recoil|[of] p1a: Dragalge
|move|p1a: Dragalge|Dragon Pulse|p2a: Skarmory
|-resisted|p2a: Skarmory
|-damage|p2a: Skarmory|0 fnt
|faint|p2a: Skarmory
|
|
|switch|p2a: Starmie|Starmie|261\/261
|turn|4
|
|move|p2a: Starmie|Ice Beam|p1a: Dragalge
|-supereffective|p1a: Dragalge
|-damage|p1a: Dragalge|0 fnt
|-damage|p2a: Starmie|235\/261|[from] item: Life Orb
|faint|p1a: Dragalge
|
|
|switch|p1a: Pangoro|Pangoro, M|371\/371
|-damage|p1a: Pangoro|348\/371|[from] Stealth Rock
|-damage|p1a: Pangoro|302\/371|[from] Spikes
|turn|5
|
|move|p2a: Starmie|Scald|p1a: Pangoro
|-damage|p1a: Pangoro|115\/371
|-damage|p2a: Starmie|209\/261|[from] item: Life Orb
|move|p1a: Pangoro|Knock Off|p2a: Starmie
|-supereffective|p2a: Starmie
|-damage|p2a: Starmie|0 fnt
|-enditem|p2a: Starmie|Life Orb|[from] move: Knock Off|[of] p1a: Pangoro
|faint|p2a: Starmie
|
|
|switch|p2a: Charizard|Charizard, F|309\/309
|turn|6
|
|detailschange|p2a: Charizard|Charizard-Mega-X, F
|-mega|p2a: Charizard|Charizard|Charizardite X
|move|p2a: Charizard|Dragon Dance|p2a: Charizard
|-boost|p2a: Charizard|atk|1
|-boost|p2a: Charizard|spe|1
|move|p1a: Pangoro|Knock Off|p2a: Charizard
|-damage|p2a: Charizard|132\/309
|
|turn|7
|
|move|p2a: Charizard|Dragon Claw|p1a: Pangoro
|-damage|p1a: Pangoro|0 fnt
|faint|p1a: Pangoro
|
|
|switch|p1a: Gligar|Gligar, M|333\/333
|-damage|p1a: Gligar|292\/333|[from] Stealth Rock
|turn|8
|
|move|p2a: Charizard|Dragon Claw|p1a: Gligar
|-damage|p1a: Gligar|150\/333
|move|p1a: Gligar|Earthquake|p2a: Charizard
|-supereffective|p2a: Charizard
|-damage|p2a: Charizard|0 fnt
|faint|p2a: Charizard
|
|
|switch|p2a: Azumarill|Azumarill, F|359\/359
|turn|9
|
|move|p1a: Gligar|Roost|p1a: Gligar
|-heal|p1a: Gligar|317\/333
|move|p2a: Azumarill|Waterfall|p1a: Gligar
|-supereffective|p1a: Gligar
|-damage|p1a: Gligar|59\/333
|
|turn|10
|
|move|p1a: Gligar|Defog|p2a: Azumarill
|-unboost|p2a: Azumarill|evasion|1
|-sideend|p1: Failosophy|Spikes|[from] move: Defog|[of] p1a: Gligar
|-sideend|p1: Failosophy|Stealth Rock|[from] move: Defog|[of] p1a: Gligar
|move|p2a: Azumarill|Waterfall|p1a: Gligar
|-supereffective|p1a: Gligar
|-damage|p1a: Gligar|0 fnt
|faint|p1a: Gligar
|
|
|switch|p1a: Sceptile|Sceptile, F|281\/281
|turn|11
|
|detailschange|p1a: Sceptile|Sceptile-Mega, F
|-mega|p1a: Sceptile|Sceptile|Sceptilite
|move|p1a: Sceptile|Swords Dance|p1a: Sceptile
|-boost|p1a: Sceptile|atk|2
|move|p2a: Azumarill|Waterfall|p1a: Sceptile
|-resisted|p1a: Sceptile
|-damage|p1a: Sceptile|200\/281
|
|turn|12
|
|move|p1a: Sceptile|Leaf Blade|p2a: Azumarill
|-supereffective|p2a: Azumarill
|-damage|p2a: Azumarill|0 fnt
|faint|p2a: Azumarill
|
|
|switch|p2a: Bisharp|Bisharp, F|271\/271
|turn|13
|
|move|p2a: Bisharp|Sucker Punch|p1a: Sceptile
|-crit|p1a: Sceptile
|-damage|p1a: Sceptile|0 fnt
|-damage|p2a: Bisharp|244\/271|[from] item: Life Orb
|faint|p1a: Sceptile
|
|
|switch|p1a: Serperior|Serperior, M|291\/291
|turn|14
|
|move|p1a: Serperior|Hidden Power|p2a: Bisharp
|-supereffective|p2a: Bisharp
|-damage|p2a: Bisharp|65\/271
|-damage|p1a: Serperior|262\/291|[from] item: Life Orb
|move|p2a: Bisharp|Knock Off|p1a: Serperior
|-damage|p1a: Serperior|16\/291
|-enditem|p1a: Serperior|Life Orb|[from] move: Knock Off|[of] p2a: Bisharp
|-damage|p2a: Bisharp|38\/271|[from] item: Life Orb
|
|turn|15
|
|move|p2a: Bisharp|Sucker Punch|p1a: Serperior
|-fail|p1a: Serperior
|move|p1a: Serperior|Synthesis|p1a: Serperior
|-heal|p1a: Serperior|161\/291
|
|turn|16
|
|move|p1a: Serperior|Synthesis|p1a: Serperior
|-heal|p1a: Serperior|291\/291
|move|p2a: Bisharp|Iron Head|p1a: Serperior
|-damage|p1a: Serperior|71\/291
|-damage|p2a: Bisharp|11\/271|[from] item: Life Orb
|
|turn|17
|
|move|p1a: Serperior|Hidden Power|p2a: Bisharp
|-supereffective|p2a: Bisharp
|-damage|p2a: Bisharp|0 fnt
|faint|p2a: Bisharp
|
|
|switch|p2a: Toxicroak|Toxicroak, M|307\/307
|turn|18
|
|move|p1a: Serperior|Hidden Power|p2a: Toxicroak
|-damage|p2a: Toxicroak|215\/307
|move|p2a: Toxicroak|Gunk Shot|p1a: Serperior
|-supereffective|p1a: Serperior
|-damage|p1a: Serperior|0 fnt
|-damage|p2a: Toxicroak|185\/307|[from] item: Life Orb
|faint|p1a: Serperior
|
|
|switch|p1a: Mawile|Mawile, F|266\/266
|turn|19
|
|move|p2a: Toxicroak|Drain Punch|p1a: Mawile
|-damage|p1a: Mawile|91\/266
|-heal|p2a: Toxicroak|273\/307|[from] drain|[of] p1a: Mawile
|-damage|p2a: Toxicroak|243\/307|[from] item: Life Orb
|move|p1a: Mawile|Play Rough|p2a: Toxicroak
|-damage|p2a: Toxicroak|0 fnt
|faint|p2a: Toxicroak
|
|win|Failosophy
|raw|Ladder updating...
|raw|Failosophy's rating: 1535 &rarr; <strong>1555<\/strong><br \/>(+20 for winning)
|raw|G0tagofast's rating: 1532 &rarr; <strong>1513<\/strong><br \/>(-19 for losing)
|c|★Failosophy|I know RU is tough..
|leave|G0tagofast
|player|p2