|join|Mounts
|join|survivor tele
|player|p1|Mounts|101
|player|p2|survivor tele|168
|gametype|singles
|gen|6
|tier|OU
|rated
|clearpoke
|poke|p1|Sceptile, M
|poke|p1|Greninja, M
|poke|p1|Terrakion
|poke|p1|Landorus-Therian, M
|poke|p1|Bisharp, M
|poke|p1|Rotom-Wash
|poke|p2|Jirachi
|poke|p2|Landorus-Therian, M
|poke|p2|Keldeo
|poke|p2|Altaria, F
|poke|p2|Ferrothorn, M
|poke|p2|Mew
|rule|Swagger Clause: Swagger is banned
|rule|Baton Pass Clause: Limit one Pokémon knowing Baton Pass
|rule|Sleep Clause Mod: Limit one foe put to sleep
|rule|Species Clause: Limit one of each Pokémon
|rule|OHKO Clause: OHKO moves are banned
|rule|Moody Clause: Moody is banned
|rule|Evasion Moves Clause: Evasion moves are banned
|rule|Endless Battle Clause: Forcing endless battles is banned
|rule|HP Percentage Mod: HP is shown in percentages
|teampreview
|
|start
|switch|p1a: Rotom-Wash|Rotom-Wash|304\/304
|switch|p2a: Mew|Mew|404\/404
|turn|1
|
|move|p2a: Mew|Will-O-Wisp|p1a: Rotom-Wash
|-status|p1a: Rotom-Wash|brn
|move|p1a: Rotom-Wash|Volt Switch|p2a: Mew
|-damage|p2a: Mew|310\/404
|
|switch|p1a: Terrakion|Terrakion|323\/323
|
|-heal|p2a: Mew|335\/404|[from] item: Leftovers
|turn|2
|
|move|p1a: Terrakion|Substitute|p1a: Terrakion
|-start|p1a: Terrakion|Substitute
|-damage|p1a: Terrakion|243\/323
|move|p2a: Mew|Taunt|p1a: Terrakion
|-start|p1a: Terrakion|move: Taunt
|
|-heal|p2a: Mew|360\/404|[from] item: Leftovers
|turn|3
|
|switch|p2a: Landorus-Therian|Landorus-Therian, M|382\/382
|-activate|p1a: Terrakion|Substitute|ability: Intimidate|[of] p2a: Landorus-Therian
|move|p1a: Terrakion|Stone Edge|p2a: Landorus-Therian
|-damage|p2a: Landorus-Therian|190\/382
|-damage|p1a: Terrakion|211\/323|[from] item: Life Orb
|
|-heal|p2a: Landorus-Therian|213\/382|[from] item: Leftovers
|turn|4
|
|switch|p2a: Ferrothorn|Ferrothorn, M|352\/352
|move|p1a: Terrakion|Stone Edge|p2a: Ferrothorn
|-resisted|p2a: Ferrothorn
|-damage|p2a: Ferrothorn|273\/352
|-damage|p1a: Terrakion|179\/323|[from] item: Life Orb
|
|-heal|p2a: Ferrothorn|295\/352|[from] item: Leftovers
|turn|5
|
|switch|p2a: Mew|Mew|360\/404
|move|p1a: Terrakion|Stone Edge|p2a: Mew|[miss]
|-miss|p1a: Terrakion|p2a: Mew
|
|-heal|p2a: Mew|385\/404|[from] item: Leftovers
|-end|p1a: Terrakion|move: Taunt
|turn|6
|
|switch|p2a: Keldeo|Keldeo|323\/323
|move|p1a: Terrakion|Swords Dance|p1a: Terrakion
|-boost|p1a: Terrakion|atk|2
|
|turn|7
|
|move|p1a: Terrakion|Close Combat|p2a: Keldeo
|-damage|p2a: Keldeo|0 fnt
|-unboost|p1a: Terrakion|def|1
|-unboost|p1a: Terrakion|spd|1
|-damage|p1a: Terrakion|147\/323|[from] item: Life Orb
|faint|p2a: Keldeo
|
|
|switch|p2a: Mew|Mew|385\/404
|turn|8
|
|move|p1a: Terrakion|Stone Edge|p2a: Mew|[miss]
|-miss|p1a: Terrakion|p2a: Mew
|move|p2a: Mew|Knock Off|p1a: Terrakion
|-resisted|p1a: Terrakion
|-activate|p1a: Terrakion|Substitute|[damage]
|
|-heal|p2a: Mew|404\/404|[from] item: Leftovers
|turn|9
|
|switch|p2a: Ferrothorn|Ferrothorn, M|295\/352
|move|p1a: Terrakion|Stone Edge|p2a: Ferrothorn|[miss]
|-miss|p1a: Terrakion|p2a: Ferrothorn
|
|-heal|p2a: Ferrothorn|317\/352|[from] item: Leftovers
|turn|10
|
|switch|p2a: Mew|Mew|404\/404
|move|p1a: Terrakion|Close Combat|p2a: Mew
|-resisted|p2a: Mew
|-damage|p2a: Mew|213\/404
|-unboost|p1a: Terrakion|def|1
|-unboost|p1a: Terrakion|spd|1
|-damage|p1a: Terrakion|115\/323|[from] item: Life Orb
|
|-heal|p2a: Mew|238\/404|[from] item: Leftovers
|turn|11
|
|move|p1a: Terrakion|Swords Dance|p1a: Terrakion
|-boost|p1a: Terrakion|atk|2
|move|p2a: Mew|Soft-Boiled|p2a: Mew
|-heal|p2a: Mew|404\/404
|
|turn|12
|
|move|p1a: Terrakion|Stone Edge|p2a: Mew
|-damage|p2a: Mew|0 fnt
|-damage|p1a: Terrakion|83\/323|[from] item: Life Orb
|faint|p2a: Mew
|
|
|switch|p2a: Ferrothorn|Ferrothorn, M|317\/352
|turn|13
|
|move|p1a: Terrakion|Close Combat|p2a: Ferrothorn
|-supereffective|p2a: Ferrothorn
|-damage|p2a: Ferrothorn|0 fnt
|-damage|p1a: Terrakion|43\/323|[from] ability: Iron Barbs|[of] p2a: Ferrothorn
|-unboost|p1a: Terrakion|def|1
|-unboost|p1a: Terrakion|spd|1
|-damage|p1a: Terrakion|11\/323|[from] item: Life Orb
|faint|p2a: Ferrothorn
|
|
|switch|p2a: Landorus-Therian|Landorus-Therian, M|213\/382
|-activate|p1a: Terrakion|Substitute|ability: Intimidate|[of] p2a: Landorus-Therian
|turn|14
|
|switch|p2a: Jirachi|Jirachi|404\/404
|move|p1a: Terrakion|Close Combat|p2a: Jirachi
|-damage|p2a: Jirachi|0 fnt
|-unboost|p1a: Terrakion|def|1
|-unboost|p1a: Terrakion|spd|1
|-damage|p1a: Terrakion|0 fnt|[from] item: Life Orb
|faint|p2a: Jirachi
|faint|p1a: Terrakion
|
|-message|survivor tele forfeited.
|
|win|Mounts
|raw|Ladder updating...
|leave|survivor tele
|player|p2
|raw|Mounts's rating: 1796 &rarr; <strong>1817<\/strong><br \/>(+21 for winning)
|raw|survivor tele's rating: 1816 &rarr; <strong>1794<\/strong><br \/>(-22 for losing)