|join|wish killer
|join|Mounts
|player|p1|wish killer|101
|player|p2|Mounts|101
|gametype|singles
|gen|6
|tier|OU
|rated
|clearpoke
|poke|p1|Bisharp, M
|poke|p1|Venusaur, F
|poke|p1|Heatran, M
|poke|p1|Keldeo
|poke|p1|Chansey, F
|poke|p1|Skarmory, F
|poke|p2|Sceptile, M
|poke|p2|Greninja, F
|poke|p2|Terrakion
|poke|p2|Landorus-Therian, M
|poke|p2|Bisharp, F
|poke|p2|Rotom-Wash
|rule|Swagger Clause: Swagger is banned
|rule|Baton Pass Clause: Limit one Pokémon knowing Baton Pass
|rule|Sleep Clause Mod: Limit one foe put to sleep
|rule|Species Clause: Limit one of each Pokémon
|rule|OHKO Clause: OHKO moves are banned
|rule|Moody Clause: Moody is banned
|rule|Evasion Moves Clause: Evasion moves are banned
|rule|Endless Battle Clause: Forcing endless battles is banned
|rule|HP Percentage Mod: HP is shown in percentages
|teampreview
|
|start
|switch|p1a: Venusaur|Venusaur, F|364\/364
|switch|p2a: Terrakion|Terrakion|323\/323
|turn|1
|
|switch|p2a: Landorus-Therian|Landorus-Therian, M|382\/382
|-ability|p2a: Landorus-Therian|Intimidate|[of] p1a: Venusaur
|-unboost|p1a: Venusaur|atk|1
|detailschange|p1a: Venusaur|Venusaur-Mega, F
|message|Venusaur has Mega Evolved into Mega Venusaur!
|move|p1a: Venusaur|Giga Drain|p2a: Landorus-Therian
|-damage|p2a: Landorus-Therian|264\/382
|
|-heal|p2a: Landorus-Therian|287\/382|[from] item: Leftovers
|turn|2
|
|switch|p1a: Heatran|Heatran, M|340\/340
|-item|p1a: Heatran|Air Balloon
|move|p2a: Landorus-Therian|Stealth Rock|p1a: Heatran
|-sidestart|p1: wish killer|move: Stealth Rock
|
|-heal|p2a: Landorus-Therian|310\/382|[from] item: Leftovers
|turn|3
|
|move|p1a: Heatran|Stealth Rock|p2a: Landorus-Therian
|-sidestart|p2: Mounts|move: Stealth Rock
|move|p2a: Landorus-Therian|U-turn|p1a: Heatran
|-resisted|p1a: Heatran
|-damage|p1a: Heatran|324\/340
|-enditem|p1a: Heatran|Air Balloon
|
|switch|p2a: Terrakion|Terrakion|323\/323
|-damage|p2a: Terrakion|303\/323|[from] Stealth Rock
|
|turn|4
|
|switch|p1a: Venusaur|Venusaur-Mega, F|364\/364
|-damage|p1a: Venusaur|319\/364|[from] Stealth Rock
|move|p2a: Terrakion|Swords Dance|p2a: Terrakion
|-boost|p2a: Terrakion|atk|2
|
|turn|5
|
|move|p2a: Terrakion|Stone Edge|p1a: Venusaur
|-damage|p1a: Venusaur|37\/364
|-damage|p2a: Terrakion|271\/323|[from] item: Life Orb
|move|p1a: Venusaur|Giga Drain|p2a: Terrakion
|-supereffective|p2a: Terrakion
|-damage|p2a: Terrakion|55\/323
|-heal|p1a: Venusaur|145\/364|[from] drain|[of] p2a: Terrakion
|
|turn|6
|
|switch|p1a: Skarmory|Skarmory, F|334\/334
|-damage|p1a: Skarmory|293\/334|[from] Stealth Rock
|move|p2a: Terrakion|Close Combat|p1a: Skarmory
|-damage|p1a: Skarmory|0 fnt
|-damage|p2a: Terrakion|2\/323|[from] item: Rocky Helmet|[of] p1a: Skarmory
|-unboost|p2a: Terrakion|def|1
|-unboost|p2a: Terrakion|spd|1
|-damage|p2a: Terrakion|0 fnt|[from] item: Life Orb
|faint|p1a: Skarmory
|faint|p2a: Terrakion
|
|
|switch|p2a: Sceptile|Sceptile, M|281\/281
|switch|p1a: Keldeo|Keldeo|323\/323
|-damage|p2a: Sceptile|246\/281|[from] Stealth Rock
|-damage|p1a: Keldeo|303\/323|[from] Stealth Rock
|turn|7
|
|switch|p1a: Chansey|Chansey, F|684\/684
|-damage|p1a: Chansey|599\/684|[from] Stealth Rock
|detailschange|p2a: Sceptile|Sceptile-Mega, M
|message|Sceptile has Mega Evolved into Mega Sceptile!
|move|p2a: Sceptile|Giga Drain|p1a: Chansey
|-crit|p1a: Chansey
|-damage|p1a: Chansey|476\/684
|-heal|p2a: Sceptile|281\/281|[from] drain|[of] p1a: Chansey
|
|turn|8
|
|switch|p2a: Landorus-Therian|Landorus-Therian, M|310\/382
|-damage|p2a: Landorus-Therian|263\/382|[from] Stealth Rock
|-ability|p2a: Landorus-Therian|Intimidate|[of] p1a: Chansey
|-unboost|p1a: Chansey|atk|1
|move|p1a: Chansey|Soft-Boiled|p1a: Chansey
|-heal|p1a: Chansey|684\/684
|
|-heal|p2a: Landorus-Therian|286\/382|[from] item: Leftovers
|turn|9
|
|switch|p1a: Heatran|Heatran, M|324\/340
|-damage|p1a: Heatran|282\/340|[from] Stealth Rock
|move|p2a: Landorus-Therian|Earthquake|p1a: Heatran
|-supereffective|p1a: Heatran
|-damage|p1a: Heatran|0 fnt
|faint|p1a: Heatran
|
|-heal|p2a: Landorus-Therian|309\/382|[from] item: Leftovers
|
|switch|p1a: Keldeo|Keldeo|303\/323
|-damage|p1a: Keldeo|283\/323|[from] Stealth Rock
|turn|10
|
|switch|p2a: Rotom-Wash|Rotom-Wash|304\/304
|-damage|p2a: Rotom-Wash|266\/304|[from] Stealth Rock
|move|p1a: Keldeo|Calm Mind|p1a: Keldeo
|-boost|p1a: Keldeo|spa|1
|-boost|p1a: Keldeo|spd|1
|
|-heal|p1a: Keldeo|303\/323|[from] item: Leftovers
|-heal|p2a: Rotom-Wash|285\/304|[from] item: Leftovers
|turn|11
|
|move|p1a: Keldeo|Secret Sword|p2a: Rotom-Wash
|-crit|p2a: Rotom-Wash
|-damage|p2a: Rotom-Wash|62\/304
|move|p2a: Rotom-Wash|Volt Switch|p1a: Keldeo
|-crit|p1a: Keldeo
|-supereffective|p1a: Keldeo
|-damage|p1a: Keldeo|31\/323
|
|switch|p2a: Sceptile|Sceptile-Mega, M|281\/281
|-damage|p2a: Sceptile|246\/281|[from] Stealth Rock
|
|-heal|p1a: Keldeo|51\/323|[from] item: Leftovers
|turn|12
|
|switch|p1a: Chansey|Chansey, F|684\/684
|-damage|p1a: Chansey|599\/684|[from] Stealth Rock
|move|p2a: Sceptile|Giga Drain|p1a: Chansey
|-damage|p1a: Chansey|518\/684
|-heal|p2a: Sceptile|281\/281|[from] drain|[of] p1a: Chansey
|
|turn|13
|
|switch|p2a: Rotom-Wash|Rotom-Wash|62\/304
|-damage|p2a: Rotom-Wash|24\/304|[from] Stealth Rock
|move|p1a: Chansey|Seismic Toss|p2a: Rotom-Wash
|-damage|p2a: Rotom-Wash|0 fnt
|faint|p2a: Rotom-Wash
|
|
|switch|p2a: Bisharp|Bisharp, F|272\/272
|-damage|p2a: Bisharp|255\/272|[from] Stealth Rock
|turn|14
|
|move|p2a: Bisharp|Swords Dance|p2a: Bisharp
|-boost|p2a: Bisharp|atk|2
|move|p1a: Chansey|Thunder Wave|p2a: Bisharp
|-status|p2a: Bisharp|par
|
|turn|15
|
|switch|p1a: Venusaur|Venusaur-Mega, F|145\/364
|-damage|p1a: Venusaur|100\/364|[from] Stealth Rock
|move|p2a: Bisharp|Knock Off|p1a: Venusaur
|-damage|p1a: Venusaur|0 fnt
|-damage|p2a: Bisharp|228\/272 par|[from] item: Life Orb
|faint|p1a: Venusaur
|
|
|switch|p1a: Bisharp|Bisharp, M|334\/334
|-damage|p1a: Bisharp|314\/334|[from] Stealth Rock
|turn|16
|
|switch|p2a: Greninja|Greninja, F|285\/285
|-damage|p2a: Greninja|250\/285|[from] Stealth Rock
|move|p1a: Bisharp|Swords Dance|p1a: Bisharp
|-boost|p1a: Bisharp|atk|2
|
|-heal|p1a: Bisharp|334\/334|[from] item: Leftovers
|turn|17
|
|move|p1a: Bisharp|Sucker Punch|p2a: Greninja
|-resisted|p2a: Greninja
|-damage|p2a: Greninja|55\/285
|move|p2a: Greninja|Low Kick|p1a: Bisharp
|-start|p2a: Greninja|typechange|Fighting|[from] Protean
|-supereffective|p1a: Bisharp
|-damage|p1a: Bisharp|0 fnt
|-damage|p2a: Greninja|27\/285|[from] item: Life Orb
|faint|p1a: Bisharp
|
|
|switch|p1a: Chansey|Chansey, F|518\/684
|-damage|p1a: Chansey|433\/684|[from] Stealth Rock
|turn|18
|
|move|p2a: Greninja|Low Kick|p1a: Chansey
|-supereffective|p1a: Chansey
|-damage|p1a: Chansey|173\/684
|-damage|p2a: Greninja|0 fnt|[from] item: Life Orb
|faint|p2a: Greninja
|move|p1a: Chansey|Soft-Boiled|p1a: Chansey
|-heal|p1a: Chansey|515\/684
|
|
|switch|p2a: Landorus-Therian|Landorus-Therian, M|309\/382
|-damage|p2a: Landorus-Therian|262\/382|[from] Stealth Rock
|-ability|p2a: Landorus-Therian|Intimidate|[of] p1a: Chansey
|-unboost|p1a: Chansey|atk|1
|turn|19
|
|move|p2a: Landorus-Therian|Toxic|p1a: Chansey
|-status|p1a: Chansey|tox
|move|p1a: Chansey|Soft-Boiled|p1a: Chansey
|-heal|p1a: Chansey|684\/684 tox
|
|-heal|p2a: Landorus-Therian|285\/382|[from] item: Leftovers
|-damage|p1a: Chansey|642\/684 tox|[from] psn
|turn|20
|
|move|p2a: Landorus-Therian|Earthquake|p1a: Chansey
|-damage|p1a: Chansey|446\/684 tox
|move|p1a: Chansey|Aromatherapy|p1a: Chansey
|-cureteam|p1a: Chansey|[from] move: Aromatherapy
|
|-heal|p2a: Landorus-Therian|308\/382|[from] item: Leftovers
|turn|21
|
|switch|p1a: Keldeo|Keldeo|51\/323
|-damage|p1a: Keldeo|31\/323|[from] Stealth Rock
|move|p2a: Landorus-Therian|Earthquake|p1a: Keldeo
|-damage|p1a: Keldeo|0 fnt
|faint|p1a: Keldeo
|
|-heal|p2a: Landorus-Therian|331\/382|[from] item: Leftovers
|-message|wish killer forfeited.
|
|win|Mounts
|raw|Ladder updating...
|leave|wish killer
|player|p1