|join|Mounts
|join|Hogbackfoshmen
|player|p1|Mounts|101
|player|p2|Hogbackfoshmen|265
|gametype|singles
|gen|6
|tier|OU
|rated
|clearpoke
|poke|p1|Sceptile, M
|poke|p1|Greninja, F
|poke|p1|Terrakion
|poke|p1|Landorus-Therian, M
|poke|p1|Bisharp, M
|poke|p1|Rotom-Wash
|poke|p2|Slowbro, M
|poke|p2|Ferrothorn, F
|poke|p2|Conkeldurr, M, shiny
|poke|p2|Bisharp, M
|poke|p2|Gengar, F, shiny
|poke|p2|Landorus, M
|rule|Swagger Clause: Swagger is banned
|rule|Baton Pass Clause: Limit one Pokémon knowing Baton Pass
|rule|Sleep Clause Mod: Limit one foe put to sleep
|rule|Species Clause: Limit one of each Pokémon
|rule|OHKO Clause: OHKO moves are banned
|rule|Moody Clause: Moody is banned
|rule|Evasion Moves Clause: Evasion moves are banned
|rule|Endless Battle Clause: Forcing endless battles is banned
|rule|HP Percentage Mod: HP is shown in percentages
|teampreview
|
|start
|switch|p1a: Gatorade|Rotom-Wash|304\/304
|switch|p2a: Nightmare|Gengar, F, shiny|262\/262
|turn|1
|
|move|p2a: Nightmare|Sludge Bomb|p1a: Gatorade
|-damage|p1a: Gatorade|64\/304
|move|p1a: Gatorade|Hydro Pump|p2a: Nightmare
|-damage|p2a: Nightmare|81\/262
|
|-heal|p1a: Gatorade|83\/304|[from] item: Leftovers
|turn|2
|
|switch|p1a: 200 kids outside|Bisharp, M|272\/272
|move|p2a: Nightmare|Sludge Bomb|p1a: 200 kids outside
|-immune|p1a: 200 kids outside|[msg]
|
|turn|3
|
|switch|p2a: TooSharp|Bisharp, M|272\/272
|move|p1a: 200 kids outside|Sucker Punch|p2a: TooSharp
|-fail|p2a: TooSharp
|
|turn|4
|
|switch|p1a: E. Dantes|Terrakion|323\/323
|move|p2a: TooSharp|Iron Head|p1a: E. Dantes
|-supereffective|p1a: E. Dantes
|-damage|p1a: E. Dantes|0 fnt
|-damage|p2a: TooSharp|245\/272|[from] item: Life Orb
|faint|p1a: E. Dantes
|
|
|switch|p1a: ovoxo|Greninja, F|285\/285
|turn|5
|
|switch|p2a: Ferrothorn|Ferrothorn, F|352\/352
|move|p1a: ovoxo|Low Kick|p2a: Ferrothorn
|-start|p1a: ovoxo|typechange|Fighting|[from] Protean
|-supereffective|p2a: Ferrothorn
|-damage|p2a: Ferrothorn|149\/352
|-damage|p1a: ovoxo|250\/285|[from] ability: Iron Barbs|[of] p2a: Ferrothorn
|-damage|p1a: ovoxo|203\/285|[from] item: Rocky Helmet|[of] p2a: Ferrothorn
|-damage|p1a: ovoxo|175\/285|[from] item: Life Orb
|
|turn|6
|
|switch|p2a: UncleRucus|Conkeldurr, M, shiny|401\/401
|move|p1a: ovoxo|Low Kick|p2a: UncleRucus
|-damage|p2a: UncleRucus|267\/401
|-damage|p1a: ovoxo|147\/285|[from] item: Life Orb
|
|turn|7
|
|move|p1a: ovoxo|Gunk Shot|p2a: UncleRucus
|-start|p1a: ovoxo|typechange|Poison|[from] Protean
|-damage|p2a: UncleRucus|64\/401
|-damage|p1a: ovoxo|119\/285|[from] item: Life Orb
|move|p2a: UncleRucus|Knock Off|p1a: ovoxo
|-damage|p1a: ovoxo|0 fnt
|-enditem|p1a: ovoxo|Life Orb|[from] move: Knock Off|[of] p2a: UncleRucus
|faint|p1a: ovoxo
|
|
|switch|p1a: P. Sherman|Landorus-Therian, M|382\/382
|-ability|p1a: P. Sherman|Intimidate|[of] p2a: UncleRucus
|-unboost|p2a: UncleRucus|atk|1
|turn|8
|
|switch|p2a: Landorus|Landorus, M|320\/320
|move|p1a: P. Sherman|Earthquake|p2a: Landorus
|-immune|p2a: Landorus|[msg]
|
|turn|9
|
|move|p2a: Landorus|Calm Mind|p2a: Landorus
|-boost|p2a: Landorus|spa|1
|-boost|p2a: Landorus|spd|1
|move|p1a: P. Sherman|Stealth Rock|p2a: Landorus
|-sidestart|p2: Hogbackfoshmen|move: Stealth Rock
|
|turn|10
|
|move|p2a: Landorus|Hidden Power|p1a: P. Sherman
|-supereffective|p1a: P. Sherman
|-damage|p1a: P. Sherman|0 fnt
|-damage|p2a: Landorus|288\/320|[from] item: Life Orb
|faint|p1a: P. Sherman
|
|
|switch|p1a: 200 kids outside|Bisharp, M|272\/272
|turn|11
|
|move|p1a: 200 kids outside|Sucker Punch|p2a: Landorus
|-damage|p2a: Landorus|84\/320
|-damage|p1a: 200 kids outside|245\/272|[from] item: Life Orb
|move|p2a: Landorus|Earth Power|p1a: 200 kids outside
|-supereffective|p1a: 200 kids outside
|-damage|p1a: 200 kids outside|0 fnt
|faint|p1a: 200 kids outside
|
|
|switch|p1a: Susceptile|Sceptile, M|281\/281
|turn|12
|
|detailschange|p1a: Susceptile|Sceptile-Mega, M
|-mega|p1a: Susceptile|Sceptile|Sceptilite
|move|p1a: Susceptile|Giga Drain|p2a: Landorus
|-damage|p2a: Landorus|0 fnt
|faint|p2a: Landorus
|
|
|switch|p2a: TooSharp|Bisharp, M|245\/272
|-damage|p2a: TooSharp|228\/272|[from] Stealth Rock
|turn|13
|
|move|p2a: TooSharp|Sucker Punch|p1a: Susceptile
|-damage|p1a: Susceptile|39\/281
|-damage|p2a: TooSharp|201\/272|[from] item: Life Orb
|move|p1a: Susceptile|Hidden Power|p2a: TooSharp
|-supereffective|p2a: TooSharp
|-damage|p2a: TooSharp|7\/272
|
|turn|14
|
|switch|p1a: Gatorade|Rotom-Wash|83\/304
|move|p2a: TooSharp|Sucker Punch|p1a: Gatorade
|-fail|p1a: Gatorade
|
|-heal|p1a: Gatorade|102\/304|[from] item: Leftovers
|turn|15
|
|move|p2a: TooSharp|Pursuit|p1a: Gatorade
|-damage|p1a: Gatorade|34\/304
|-damage|p2a: TooSharp|0 fnt|[from] item: Life Orb
|faint|p2a: TooSharp
|move|p1a: Gatorade|Will-O-Wisp|p2: TooSharp|[notarget]
|-notarget
|
|-heal|p1a: Gatorade|53\/304|[from] item: Leftovers
|
|switch|p2a: Nightmare|Gengar, F, shiny|81\/262
|-damage|p2a: Nightmare|49\/262|[from] Stealth Rock
|turn|16
|
|move|p2a: Nightmare|Sludge Bomb|p1a: Gatorade
|-damage|p1a: Gatorade|0 fnt
|faint|p1a: Gatorade
|
|
|switch|p1a: Susceptile|Sceptile-Mega, M|39\/281
|turn|17
|
|move|p1a: Susceptile|Giga Drain|p2a: Nightmare
|-resisted|p2a: Nightmare
|-damage|p2a: Nightmare|0 fnt
|-heal|p1a: Susceptile|64\/281|[from] drain|[of] p2a: Nightmare
|faint|p2a: Nightmare
|
|
|switch|p2a: UncleRucus|Conkeldurr, M, shiny|64\/401
|-damage|p2a: UncleRucus|39\/401|[from] Stealth Rock
|turn|18
|
|move|p2a: UncleRucus|Mach Punch|p1a: Susceptile
|-damage|p1a: Susceptile|0 fnt
|faint|p1a: Susceptile
|
|win|Hogbackfoshmen
|raw|Ladder updating...
|raw|Mounts's rating: 1746 &rarr; <strong>1715<\/strong><br \/>(-31 for losing)
|raw|Hogbackfoshmen's rating: 1537 &rarr; <strong>1568<\/strong><br \/>(+31 for winning)
|leave|Mounts