|join|Mounts
|join|mr.scout
|player|p1|Mounts|101
|player|p2|mr.scout|2
|gametype|singles
|gen|6
|tier|OU
|rated
|clearpoke
|poke|p1|Landorus-Therian, M
|poke|p1|Bisharp, M
|poke|p1|Rotom-Wash
|poke|p1|Azelf
|poke|p1|Keldeo
|poke|p1|Gardevoir, M
|poke|p2|Sableye, M
|poke|p2|Latios, M
|poke|p2|Landorus-Therian, M
|poke|p2|Clefable, M
|poke|p2|Ferrothorn, M
|poke|p2|Azumarill, F
|rule|Swagger Clause: Swagger is banned
|rule|Baton Pass Clause: Limit one Pokémon knowing Baton Pass
|rule|Sleep Clause Mod: Limit one foe put to sleep
|rule|Species Clause: Limit one of each Pokémon
|rule|OHKO Clause: OHKO moves are banned
|rule|Moody Clause: Moody is banned
|rule|Evasion Moves Clause: Evasion moves are banned
|rule|Endless Battle Clause: Forcing endless battles is banned
|rule|HP Percentage Mod: HP is shown in percentages
|teampreview
|
|start
|switch|p1a: Gardevoir|Gardevoir, M|283\/283
|switch|p2a: Clefable|Clefable, M|394\/394
|-ability|p1a: Gardevoir|Magic Guard|[from] ability: Trace|[of] p2a: Clefable
|turn|1
|
|detailschange|p1a: Gardevoir|Gardevoir-Mega, M
|-mega|p1a: Gardevoir|Gardevoir|Gardevoirite
|move|p1a: Gardevoir|Calm Mind|p1a: Gardevoir
|-boost|p1a: Gardevoir|spa|1
|-boost|p1a: Gardevoir|spd|1
|move|p2a: Clefable|Stealth Rock|p1a: Gardevoir
|-sidestart|p1: Mounts|move: Stealth Rock
|
|turn|2
|
|switch|p2a: Ferrothorn|Ferrothorn, M|351\/351
|move|p1a: Gardevoir|Hyper Voice|p2a: Ferrothorn
|-crit|p2a: Ferrothorn
|-resisted|p2a: Ferrothorn
|-damage|p2a: Ferrothorn|117\/351
|
|-heal|p2a: Ferrothorn|138\/351|[from] item: Leftovers
|turn|3
|
|move|p2a: Ferrothorn|Protect|p2a: Ferrothorn
|-singleturn|p2a: Ferrothorn|Protect
|move|p1a: Gardevoir|Hyper Voice|p2a: Ferrothorn
|-activate|p2a: Ferrothorn|Protect
|
|-heal|p2a: Ferrothorn|159\/351|[from] item: Leftovers
|turn|4
|
|move|p1a: Gardevoir|Focus Blast|p2a: Ferrothorn
|-supereffective|p2a: Ferrothorn
|-damage|p2a: Ferrothorn|0 fnt
|faint|p2a: Ferrothorn
|
|
|switch|p2a: Landorus-Therian|Landorus-Therian, M|319\/319
|-ability|p2a: Landorus-Therian|Intimidate|[of] p1a: Gardevoir
|-unboost|p1a: Gardevoir|atk|1
|turn|5
|
|switch|p1a: Landorus-Therian|Landorus-Therian, M|382\/382
|-damage|p1a: Landorus-Therian|335\/382|[from] Stealth Rock
|-ability|p1a: Landorus-Therian|Intimidate|[of] p2a: Landorus-Therian
|-unboost|p2a: Landorus-Therian|atk|1
|move|p2a: Landorus-Therian|U-turn|p1a: Landorus-Therian
|-resisted|p1a: Landorus-Therian
|-damage|p1a: Landorus-Therian|313\/382
|
|switch|p2a: Sableye|Sableye, M|303\/303
|
|-heal|p1a: Landorus-Therian|336\/382|[from] item: Leftovers
|turn|6
|
|switch|p1a: Gardevoir|Gardevoir-Mega, M|283\/283
|-damage|p1a: Gardevoir|248\/283|[from] Stealth Rock
|move|p2a: Sableye|Will-O-Wisp|p1a: Gardevoir
|-status|p1a: Gardevoir|brn
|
|-damage|p1a: Gardevoir|213\/283 brn|[from] brn
|turn|7
|
|switch|p2a: Azumarill|Azumarill, F|401\/401
|move|p1a: Gardevoir|Hyper Voice|p2a: Azumarill
|-damage|p2a: Azumarill|206\/401
|
|-damage|p1a: Gardevoir|178\/283 brn|[from] brn
|turn|8
|
|switch|p1a: Landorus-Therian|Landorus-Therian, M|336\/382
|-damage|p1a: Landorus-Therian|289\/382|[from] Stealth Rock
|-ability|p1a: Landorus-Therian|Intimidate|[of] p2a: Azumarill
|-unboost|p2a: Azumarill|atk|1
|move|p2a: Azumarill|Play Rough|p1a: Landorus-Therian|[miss]
|-miss|p2a: Azumarill|p1a: Landorus-Therian
|
|-heal|p1a: Landorus-Therian|312\/382|[from] item: Leftovers
|turn|9
|
|switch|p2a: Landorus-Therian|Landorus-Therian, M|319\/319
|-ability|p2a: Landorus-Therian|Intimidate|[of] p1a: Landorus-Therian
|-unboost|p1a: Landorus-Therian|atk|1
|move|p1a: Landorus-Therian|Stealth Rock|p2a: Landorus-Therian
|-sidestart|p2: mr.scout|move: Stealth Rock
|
|-heal|p1a: Landorus-Therian|335\/382|[from] item: Leftovers
|turn|10
|
|move|p2a: Landorus-Therian|U-turn|p1a: Landorus-Therian
|-resisted|p1a: Landorus-Therian
|-damage|p1a: Landorus-Therian|299\/382
|
|switch|p2a: Sableye|Sableye, M|303\/303
|-damage|p2a: Sableye|266\/303|[from] Stealth Rock
|move|p1a: Landorus-Therian|U-turn|p2a: Sableye
|-damage|p2a: Sableye|225\/303
|
|switch|p1a: Gardevoir|Gardevoir-Mega, M|178\/283 brn
|-damage|p1a: Gardevoir|143\/283 brn|[from] Stealth Rock
|
|-damage|p1a: Gardevoir|108\/283 brn|[from] brn
|turn|11
|
|switch|p2a: Azumarill|Azumarill, F|206\/401
|-damage|p2a: Azumarill|156\/401|[from] Stealth Rock
|move|p1a: Gardevoir|Hyper Voice|p2a: Azumarill
|-damage|p2a: Azumarill|0 fnt
|faint|p2a: Azumarill
|
|-damage|p1a: Gardevoir|73\/283 brn|[from] brn
|
|switch|p2a: Latios|Latios, M|301\/301
|-damage|p2a: Latios|264\/301|[from] Stealth Rock
|turn|12
|
|switch|p1a: Bisharp|Bisharp, M|271\/271
|-damage|p1a: Bisharp|255\/271|[from] Stealth Rock
|move|p2a: Latios|Thunderbolt|p1a: Bisharp
|-damage|p1a: Bisharp|85\/271
|-damage|p2a: Latios|234\/301|[from] item: Life Orb
|
|turn|13
|
|switch|p2a: Sableye|Sableye, M|225\/303
|-damage|p2a: Sableye|188\/303|[from] Stealth Rock
|move|p1a: Bisharp|Sucker Punch|p2a: Sableye
|-fail|p2a: Sableye
|
|turn|14
|
|switch|p1a: Keldeo|Keldeo|323\/323
|-damage|p1a: Keldeo|303\/323|[from] Stealth Rock
|detailschange|p2a: Sableye|Sableye-Mega, M
|-mega|p2a: Sableye|Sableye|Sablenite
|move|p2a: Sableye|Shadow Ball|p1a: Keldeo
|-damage|p1a: Keldeo|207\/323
|
|turn|15
|
|switch|p2a: Latios|Latios, M|234\/301
|-damage|p2a: Latios|197\/301|[from] Stealth Rock
|move|p1a: Keldeo|Hydro Pump|p2a: Latios
|-resisted|p2a: Latios
|-damage|p2a: Latios|73\/301
|
|turn|16
|
|move|p2a: Latios|Roost|p2a: Latios
|-heal|p2a: Latios|224\/301
|move|p1a: Keldeo|Hydro Pump|p2a: Latios|[miss]
|-miss|p1a: Keldeo|p2a: Latios
|
|turn|17
|
|switch|p1a: Bisharp|Bisharp, M|85\/271
|-damage|p1a: Bisharp|69\/271|[from] Stealth Rock
|move|p2a: Latios|Thunderbolt|p1a: Bisharp
|-damage|p1a: Bisharp|0 fnt
|-damage|p2a: Latios|194\/301|[from] item: Life Orb
|faint|p1a: Bisharp
|
|
|switch|p1a: Azelf|Azelf|291\/291
|-damage|p1a: Azelf|255\/291|[from] Stealth Rock
|turn|18
|
|switch|p2a: Clefable|Clefable, M|394\/394
|move|p1a: Azelf|Hidden Power|p2a: Clefable
|-damage|p2a: Clefable|320\/394
|-damage|p1a: Azelf|226\/291|[from] item: Life Orb
|
|-heal|p2a: Clefable|344\/394|[from] item: Leftovers
|turn|19
|
|move|p1a: Azelf|Psychic|p2a: Clefable
|-damage|p2a: Clefable|165\/394
|-damage|p1a: Azelf|197\/291|[from] item: Life Orb
|move|p2a: Clefable|Moonblast|p1a: Azelf
|-crit|p1a: Azelf
|-damage|p1a: Azelf|0 fnt
|faint|p1a: Azelf
|
|-heal|p2a: Clefable|189\/394|[from] item: Leftovers
|
|switch|p1a: Keldeo|Keldeo|207\/323
|-damage|p1a: Keldeo|187\/323|[from] Stealth Rock
|turn|20
|
|move|p1a: Keldeo|Hydro Pump|p2a: Clefable
|-damage|p2a: Clefable|0 fnt
|faint|p2a: Clefable
|
|
|switch|p2a: Latios|Latios, M|194\/301
|-damage|p2a: Latios|157\/301|[from] Stealth Rock
|turn|21
|
|switch|p1a: Gardevoir|Gardevoir-Mega, M|73\/283 brn
|-damage|p1a: Gardevoir|38\/283 brn|[from] Stealth Rock
|move|p2a: Latios|Thunderbolt|p1a: Gardevoir
|-damage|p1a: Gardevoir|0 fnt
|-damage|p2a: Latios|127\/301|[from] item: Life Orb
|faint|p1a: Gardevoir
|
|
|switch|p1a: Landorus-Therian|Landorus-Therian, M|299\/382
|-damage|p1a: Landorus-Therian|252\/382|[from] Stealth Rock
|-ability|p1a: Landorus-Therian|Intimidate|[of] p2a: Latios
|-unboost|p2a: Latios|atk|1
|turn|22
|
|move|p2a: Latios|Ice Beam|p1a: Landorus-Therian
|-supereffective|p1a: Landorus-Therian
|-damage|p1a: Landorus-Therian|0 fnt
|-damage|p2a: Latios|97\/301|[from] item: Life Orb
|faint|p1a: Landorus-Therian
|
|
|switch|p1a: Keldeo|Keldeo|187\/323
|-damage|p1a: Keldeo|167\/323|[from] Stealth Rock
|turn|23
|
|move|p2a: Latios|Thunderbolt|p1a: Keldeo
|-supereffective|p1a: Keldeo
|-damage|p1a: Keldeo|0 fnt
|-damage|p2a: Latios|67\/301|[from] item: Life Orb
|faint|p1a: Keldeo
|
|
|switch|p1a: Rotom-Wash|Rotom-Wash|304\/304
|-damage|p1a: Rotom-Wash|266\/304|[from] Stealth Rock
|turn|24
|
|move|p2a: Latios|Roost|p2a: Latios
|-heal|p2a: Latios|218\/301
|move|p1a: Rotom-Wash|Hydro Pump|p2a: Latios
|-resisted|p2a: Latios
|-damage|p2a: Latios|160\/301
|
|-heal|p1a: Rotom-Wash|285\/304|[from] item: Leftovers
|turn|25
|-message|Mounts forfeited.
|leave|Mounts
|
|win|mr.scout
|raw|Ladder updating...
|player|p1
|raw|Mounts's rating: 1726 &rarr; <strong>1697<\/strong><br \/>(-29 for losing)
|raw|mr.scout's rating: 1566 &rarr; <strong>1595<\/strong><br \/>(+29 for winning)