|join|CleanerThanRotom-W
|join|Mounts
|join|Appreciation
|player|p1|CleanerThanRotom-W|226
|player|p2|Mounts|101
|gametype|singles
|gen|6
|tier|OU
|rated
|clearpoke
|poke|p1|Sableye, M
|poke|p1|Chansey, F
|poke|p1|Cresselia, F
|poke|p1|Gothitelle, M
|poke|p1|Skarmory, M
|poke|p1|Quagsire, M
|poke|p2|Landorus-Therian, M
|poke|p2|Bisharp, F
|poke|p2|Rotom-Wash
|poke|p2|Azelf
|poke|p2|Metagross
|poke|p2|Keldeo
|rule|Swagger Clause: Swagger is banned
|rule|Baton Pass Clause: Limit one Pokémon knowing Baton Pass
|rule|Sleep Clause Mod: Limit one foe put to sleep
|rule|Species Clause: Limit one of each Pokémon
|rule|OHKO Clause: OHKO moves are banned
|rule|Moody Clause: Moody is banned
|rule|Evasion Moves Clause: Evasion moves are banned
|rule|Endless Battle Clause: Forcing endless battles is banned
|rule|HP Percentage Mod: HP is shown in percentages
|teampreview
|c| Appreciation|hey mounts :)
|join|cosine180
|
|start
|switch|p1a: Sableye|Sableye, M|303\/303
|switch|p2a: Keldeo|Keldeo|323\/323
|turn|1
|c|★Mounts|hi :)
|
|detailschange|p1a: Sableye|Sableye-Mega, M
|-mega|p1a: Sableye|Sableye|Sablenite
|move|p1a: Sableye|Will-O-Wisp|p2a: Keldeo
|-status|p2a: Keldeo|brn
|move|p2a: Keldeo|Scald|p1a: Sableye
|-damage|p1a: Sableye|159\/303
|
|-damage|p2a: Keldeo|283\/323 brn|[from] brn
|turn|2
|c| cosine180|rip hazards
|
|switch|p2a: Landorus-Therian|Landorus-Therian, M|382\/382
|-ability|p2a: Landorus-Therian|Intimidate|[of] p1a: Sableye
|-unboost|p1a: Sableye|atk|1
|switch|p1a: Gothitelle|Gothitelle, M|301\/301
|
|turn|3
|
|switch|p1a: Skarmory|Skarmory, M|334\/334
|move|p2a: Landorus-Therian|Stealth Rock|p1a: Skarmory
|-sidestart|p1: CleanerThanRotom-W|move: Stealth Rock
|
|turn|4
|
|move|p2a: Landorus-Therian|U-turn|p1a: Skarmory
|-resisted|p1a: Skarmory
|-damage|p1a: Skarmory|323\/334
|join|AdvanceShip
|
|switch|p2a: Bisharp|Bisharp, F|271\/271
|move|p1a: Skarmory|Defog|p2a: Bisharp
|-unboost|p2a: Bisharp|evasion|1
|-boost|p2a: Bisharp|atk|2|[from] ability: Defiant
|-sideend|p1: CleanerThanRotom-W|Stealth Rock|[from] move: Defog|[of] p1a: Skarmory
|
|turn|5
|
|switch|p1a: Quagsire|Quagsire, M|393\/393
|move|p2a: Bisharp|Knock Off|p1a: Quagsire
|-damage|p1a: Quagsire|202\/393
|-enditem|p1a: Quagsire|Leftovers|[from] move: Knock Off|[of] p2a: Bisharp
|-damage|p2a: Bisharp|244\/271|[from] item: Life Orb
|
|turn|6
|
|switch|p2a: Landorus-Therian|Landorus-Therian, M|382\/382
|-ability|p2a: Landorus-Therian|Intimidate|[of] p1a: Quagsire
|-unboost|p1a: Quagsire|atk|1
|move|p1a: Quagsire|Recover|p1a: Quagsire
|-heal|p1a: Quagsire|393\/393
|
|turn|7
|
|switch|p1a: Skarmory|Skarmory, M|323\/334
|move|p2a: Landorus-Therian|Earthquake|p1a: Skarmory
|-immune|p1a: Skarmory|[msg]
|
|turn|8
|
|move|p2a: Landorus-Therian|U-turn|p1a: Skarmory
|-resisted|p1a: Skarmory
|-damage|p1a: Skarmory|312\/334
|
|switch|p2a: Rotom-Wash|Rotom-Wash|304\/304
|move|p1a: Skarmory|Spikes|p2a: Rotom-Wash
|-sidestart|p2: Mounts|Spikes
|
|turn|9
|
|switch|p1a: Chansey|Chansey, F|703\/703
|move|p2a: Rotom-Wash|Will-O-Wisp|p1a: Chansey
|-status|p1a: Chansey|brn
|
|-damage|p1a: Chansey|616\/703 brn|[from] brn
|turn|10
|
|switch|p1a: Quagsire|Quagsire, M|393\/393
|move|p2a: Rotom-Wash|Volt Switch|p1a: Quagsire
|-immune|p1a: Quagsire|[msg]
|
|turn|11
|join|Jukain
|c| Appreciation|lel
|c| Appreciation|the fight for #1 is now begining..
|c|+Jukain|lol
|c|+Jukain|>fight
|c|+Jukain|pls
|c| cosine180|lol
|c| cosine180|shots
|c| Appreciation|BIDIDIDIDILE LEM
|c|★CleanerThanRotom-W|im happy i can ladder again
|c| Appreciation|its a fight.....FIGHT
|c|★CleanerThanRotom-W|i was doing nothig for days lol
|c| Appreciation|u can still ladder even tho youre 1
|c|+Jukain|what do you mean by
|c|+Jukain|doing nothing for days?
|c| cosine180|just pull the tele and make new alts
|c| cosine180|lol
|c|+Jukain|oh
|c|+Jukain|yh this ladder is kinda dead
|c|+Jukain|:[
|c|★CleanerThanRotom-W|i have some nice alts backed up lel,,
|c| Appreciation|it really is
|
|switch|p1a: Cresselia|Cresselia, F|444\/444
|move|p2a: Rotom-Wash|Hydro Pump|p1a: Cresselia
|-damage|p1a: Cresselia|356\/444
|
|-heal|p1a: Cresselia|383\/444|[from] item: Leftovers
|turn|12
|c| Appreciation|like #1 doesnt even have 1900
|c| Appreciation|so ded
|c|★CleanerThanRotom-W|i was 1940
|c|★CleanerThanRotom-W|but then
|
|move|p2a: Rotom-Wash|Volt Switch|p1a: Cresselia
|-damage|p1a: Cresselia|326\/444
|c|★CleanerThanRotom-W|greninja suspect
|c|★CleanerThanRotom-W|lol
|c| cosine180|ladder is only good for testing
|c| Appreciation|n
|
|switch|p2a: Landorus-Therian|Landorus-Therian, M|382\/382
|-ability|p2a: Landorus-Therian|Intimidate|[of] p1a: Cresselia
|-unboost|p1a: Cresselia|atk|1
|move|p1a: Cresselia|Toxic|p2a: Landorus-Therian
|-status|p2a: Landorus-Therian|tox
|
|-heal|p1a: Cresselia|353\/444|[from] item: Leftovers
|-damage|p2a: Landorus-Therian|359\/382 tox|[from] psn
|turn|13
|c| Appreciation|ladder is for pros thx
|c| cosine180|lol
|
|switch|p1a: Skarmory|Skarmory, M|312\/334
|move|p2a: Landorus-Therian|Stealth Rock|p1a: Skarmory
|-sidestart|p1: CleanerThanRotom-W|move: Stealth Rock
|
|-heal|p2a: Landorus-Therian|382\/382 tox|[from] item: Leftovers
|-damage|p2a: Landorus-Therian|336\/382 tox|[from] psn
|turn|14
|
|move|p2a: Landorus-Therian|U-turn|p1a: Skarmory
|-resisted|p1a: Skarmory
|-damage|p1a: Skarmory|301\/334
|c| cosine180|i wonder what azelf that is
|
|switch|p2a: Azelf|Azelf|291\/291
|move|p1a: Skarmory|Defog|p2a: Azelf
|-unboost|p2a: Azelf|evasion|1
|-sideend|p2: Mounts|Spikes|[from] move: Defog|[of] p2a: Azelf
|-sideend|p1: CleanerThanRotom-W|Stealth Rock|[from] move: Defog|[of] p1a: Skarmory
|
|turn|15
|join|testing tems
|
|switch|p2a: Landorus-Therian|Landorus-Therian, M|336\/382 tox
|-ability|p2a: Landorus-Therian|Intimidate|[of] p1a: Skarmory
|-unboost|p1a: Skarmory|atk|1
|switch|p1a: Sableye|Sableye-Mega, M|159\/303
|
|-heal|p2a: Landorus-Therian|359\/382 tox|[from] item: Leftovers
|-damage|p2a: Landorus-Therian|336\/382 tox|[from] psn
|turn|16
|c| cosine180|o
|c| cosine180|rip
|c| Appreciation|cleaner
|c|+Jukain|should have fire blasted
|c|+Jukain|going for the burn
|c| Appreciation|fite me after that
|c|+Jukain|smh
|join|chiquita banana
|c| cosine180|fire blast 2hkoes
|
|move|p2a: Landorus-Therian|U-turn|p1a: Sableye
|-damage|p1a: Sableye|99\/303
|c| Appreciation|u havent battled my new team,,
|c| chiquita banana|go cleaner!
|c| Appreciation|with ur team lel
|c| cosine180|especially if life orb
|c|★CleanerThanRotom-W|i got dis m9s
|
|switch|p2a: Metagross|Metagross|301\/301
|move|p1a: Sableye|Recover|p1a: Sableye
|-heal|p1a: Sableye|251\/303
|
|turn|17
|join|boltsandbombers
|join|Dark380
|
|detailschange|p2a: Metagross|Metagross-Mega
|-mega|p2a: Metagross|Metagross|Metagrossite
|move|p2a: Metagross|Meteor Mash|p1a: Sableye
|-damage|p1a: Sableye|46\/303
|move|p1a: Sableye|Will-O-Wisp|p2a: Metagross
|-status|p2a: Metagross|brn
|
|-damage|p2a: Metagross|264\/301 brn|[from] brn
|turn|18
|c| Appreciation|mounts is still very good tho :)
|c| cosine180|GG.
|
|switch|p1a: Skarmory|Skarmory, M|301\/334
|move|p2a: Metagross|Meteor Mash|p1a: Skarmory
|-resisted|p1a: Skarmory
|-damage|p1a: Skarmory|266\/334
|
|-damage|p2a: Metagross|227\/301 brn|[from] brn
|turn|19
|c| Dark380|knowing mounts this gonna b refresh
|join|MadAsTheHatter
|
|switch|p2a: Rotom-Wash|Rotom-Wash|304\/304
|move|p1a: Skarmory|Spikes|p2a: Rotom-Wash
|-sidestart|p2: Mounts|Spikes
|
|turn|20
|c| MadAsTheHatter|refresh mega metagross
|c| MadAsTheHatter|I like it
|c| Appreciation|new meta........
|c| Dark380|nice pun
|
|switch|p1a: Chansey|Chansey, F|616\/703
|move|p2a: Rotom-Wash|Will-O-Wisp|p1a: Chansey
|-status|p1a: Chansey|brn
|
|-damage|p1a: Chansey|529\/703 brn|[from] brn
|turn|21
|leave|MadAsTheHatter
|c| cosine180|hey what could special metagross run
|
|move|p2a: Rotom-Wash|Volt Switch|p1a: Chansey
|-damage|p1a: Chansey|472\/703 brn
|c| Appreciation|grass knot
|c| cosine180|psychic flash cannon gk hp fire
|c| cosine180|?
|
|switch|p2a: Landorus-Therian|Landorus-Therian, M|336\/382 tox
|-ability|p2a: Landorus-Therian|Intimidate|[of] p1a: Chansey
|-unboost|p1a: Chansey|atk|1
|move|p1a: Chansey|Soft-Boiled|p1a: Chansey
|-heal|p1a: Chansey|703\/703 brn
|
|-heal|p2a: Landorus-Therian|359\/382 tox|[from] item: Leftovers
|-damage|p2a: Landorus-Therian|336\/382 tox|[from] psn
|-damage|p1a: Chansey|616\/703 brn|[from] brn
|turn|22
|c| Appreciation|thats it
|c| Dark380|y
|c| cosine180|lemme do some calcs
|c| cosine180|lol
|c| chiquita banana|psychic
|c| Dark380|,,
|c| Appreciation|what does this thing kill lol
|
|switch|p1a: Skarmory|Skarmory, M|266\/334
|move|p2a: Landorus-Therian|Stealth Rock|p1a: Skarmory
|-sidestart|p1: CleanerThanRotom-W|move: Stealth Rock
|
|-heal|p2a: Landorus-Therian|359\/382 tox|[from] item: Leftovers
|-damage|p2a: Landorus-Therian|313\/382 tox|[from] psn
|turn|23
|c| cosine180|252 SpA Mega Metagross Psychic vs. 252 HP \/ 8 SpD Landorus-T: 151-178 (39.5 - 46.5%) -- guaranteed 3HKO after Leftovers recovery
|
|move|p2a: Landorus-Therian|U-turn|p1a: Skarmory
|-resisted|p1a: Skarmory
|-damage|p1a: Skarmory|255\/334
|c| cosine180|nvrmind
|c| cosine180|weak af
|
|switch|p2a: Rotom-Wash|Rotom-Wash|304\/304
|move|p1a: Skarmory|Defog|p2a: Rotom-Wash
|-unboost|p2a: Rotom-Wash|evasion|1
|-sideend|p2: Mounts|Spikes|[from] move: Defog|[of] p2a: Rotom-Wash
|-sideend|p1: CleanerThanRotom-W|Stealth Rock|[from] move: Defog|[of] p1a: Skarmory
|
|turn|24
|c| Appreciation|calc skarm
|c| Appreciation|hp fire
|c| Appreciation|lel
|c| Dark380|45%
|join|Chillingtilnoon
|c| Dark380|imo
|
|switch|p1a: Chansey|Chansey, F|616\/703
|move|p2a: Rotom-Wash|Volt Switch|p1a: Chansey
|-crit|p1a: Chansey
|-damage|p1a: Chansey|529\/703
|c| Dark380|maybe 50
|join|burgerfresser
|
|switch|p2a: Landorus-Therian|Landorus-Therian, M|313\/382 tox
|-ability|p2a: Landorus-Therian|Intimidate|[of] p1a: Chansey
|-unboost|p1a: Chansey|atk|1
|
|-heal|p2a: Landorus-Therian|336\/382 tox|[from] item: Leftovers
|-damage|p2a: Landorus-Therian|313\/382 tox|[from] psn
|turn|25
|join|Queen Mya
|
|switch|p1a: Skarmory|Skarmory, M|255\/334
|move|p2a: Landorus-Therian|U-turn|p1a: Skarmory
|-resisted|p1a: Skarmory
|-damage|p1a: Skarmory|244\/334
|c| cosine180|(keldeo_
|
|switch|p2a: Rotom-Wash|Rotom-Wash|304\/304
|
|turn|26
|c| chiquita banana|water absorb quag walls keldeo
|
|switch|p1a: Quagsire|Quagsire, M|393\/393
|move|p2a: Rotom-Wash|Will-O-Wisp|p1a: Quagsire
|-status|p1a: Quagsire|brn
|
|-damage|p1a: Quagsire|344\/393 brn|[from] brn
|turn|27
|c| cosine180|o i c chokes
|
|switch|p1a: Chansey|Chansey, F|529\/703
|move|p2a: Rotom-Wash|Hydro Pump|p1a: Chansey
|-damage|p1a: Chansey|435\/703
|
|turn|28
|c| cosine180|now bisharp
|c| cosine180|can win
|c| cosine180|,,
|c| cosine180|doesnt even vswitch
|c| cosine180|:\/
|
|move|p2a: Rotom-Wash|Volt Switch|p1a: Chansey
|-damage|p1a: Chansey|383\/703
|c| Dark380|sorry we're not all as good as u cosine
|c| Dark380|:\/
|c|★CleanerThanRotom-W|:\/
|
|switch|p2a: Landorus-Therian|Landorus-Therian, M|313\/382 tox
|-ability|p2a: Landorus-Therian|Intimidate|[of] p1a: Chansey
|-unboost|p1a: Chansey|atk|1
|move|p1a: Chansey|Heal Bell|p1a: Chansey
|-cureteam|p1a: Chansey|[from] move: HealBell
|
|-heal|p2a: Landorus-Therian|336\/382 tox|[from] item: Leftovers
|-damage|p2a: Landorus-Therian|313\/382 tox|[from] psn
|turn|29
|c| chiquita banana|:\
|c| Appreciation|lel
|c| cosine180|:]
|c| cosine180|no problem dark
|c| chiquita banana|nice meme
|
|switch|p1a: Skarmory|Skarmory, M|244\/334
|move|p2a: Landorus-Therian|Stealth Rock|p1a: Skarmory
|-sidestart|p1: CleanerThanRotom-W|move: Stealth Rock
|
|-heal|p2a: Landorus-Therian|336\/382 tox|[from] item: Leftovers
|-damage|p2a: Landorus-Therian|290\/382 tox|[from] psn
|turn|30
|
|move|p2a: Landorus-Therian|U-turn|p1a: Skarmory
|-resisted|p1a: Skarmory
|-damage|p1a: Skarmory|234\/334
|join|fev'
|
|switch|p2a: Keldeo|Keldeo|283\/323 brn
|move|p1a: Skarmory|Defog|p2a: Keldeo
|-unboost|p2a: Keldeo|evasion|1
|-sideend|p1: CleanerThanRotom-W|Stealth Rock|[from] move: Defog|[of] p1a: Skarmory
|
|-damage|p2a: Keldeo|243\/323 brn|[from] brn
|turn|31
|
|switch|p1a: Sableye|Sableye-Mega, M|46\/303
|move|p2a: Keldeo|Hydro Pump|p1a: Sableye
|-damage|p1a: Sableye|0 fnt
|faint|p1a: Sableye
|
|-damage|p2a: Keldeo|203\/323 brn|[from] brn
|
|switch|p1a: Gothitelle|Gothitelle, M|301\/301
|turn|32
|c| Appreciation|do we still win
|c| chiquita banana|the winner wins
|
|move|p1a: Gothitelle|Psychic|p2a: Keldeo
|-supereffective|p2a: Keldeo
|-damage|p2a: Keldeo|0 fnt
|faint|p2a: Keldeo
|
|
|switch|p2a: Landorus-Therian|Landorus-Therian, M|290\/382 tox
|-ability|p2a: Landorus-Therian|Intimidate|[of] p1a: Gothitelle
|-unboost|p1a: Gothitelle|atk|1
|turn|33
|
|switch|p1a: Skarmory|Skarmory, M|234\/334
|move|p2a: Landorus-Therian|Stealth Rock|p1a: Skarmory
|-sidestart|p1: CleanerThanRotom-W|move: Stealth Rock
|
|-heal|p2a: Landorus-Therian|313\/382 tox|[from] item: Leftovers
|-damage|p2a: Landorus-Therian|290\/382 tox|[from] psn
|turn|34
|c| cosine180|cleaner wins now
|
|move|p2a: Landorus-Therian|U-turn|p1a: Skarmory
|-resisted|p1a: Skarmory
|-damage|p1a: Skarmory|224\/334
|c| chiquita banana|preducted
|c| cosine180|cause he can use goth to trick rotom
|c| cosine180|:]
|
|switch|p2a: Rotom-Wash|Rotom-Wash|304\/304
|move|p1a: Skarmory|Defog|p2a: Rotom-Wash
|-unboost|p2a: Rotom-Wash|evasion|1
|-sideend|p1: CleanerThanRotom-W|Stealth Rock|[from] move: Defog|[of] p1a: Skarmory
|
|turn|35
|c| chiquita banana|bishep cen sweep cuz hes water absob
|c| Appreciation|>bishep
|c| Appreciation|>cen
|c| Appreciation|>cuz
|c| Appreciation|>hes
|c| chiquita banana|>v^> meme arrows
|
|switch|p1a: Chansey|Chansey, F|383\/703
|move|p2a: Rotom-Wash|Volt Switch|p1a: Chansey
|-damage|p1a: Chansey|329\/703
|c| Appreciation|he predicted....
|c| Appreciation|woah!
|c| cosine180|well if this keeps on going cleaner eventually loses
|
|switch|p2a: Bisharp|Bisharp, F|244\/271
|
|turn|36
|c| cosine180|just get hazards
|c| cosine180|imo
|c| Appreciation|cleaner gonna make a play...just wait
|
|switch|p2a: Landorus-Therian|Landorus-Therian, M|290\/382 tox
|-ability|p2a: Landorus-Therian|Intimidate|[of] p1a: Chansey
|-unboost|p1a: Chansey|atk|1
|switch|p1a: Quagsire|Quagsire, M|344\/393
|
|-heal|p2a: Landorus-Therian|313\/382 tox|[from] item: Leftovers
|-damage|p2a: Landorus-Therian|290\/382 tox|[from] psn
|turn|37
|c| Appreciation|lando the COUNTER
|c| chiquita banana|preducted
|
|move|p2a: Landorus-Therian|Stealth Rock|p1a: Quagsire
|-sidestart|p1: CleanerThanRotom-W|move: Stealth Rock
|move|p1a: Quagsire|Scald|p2a: Landorus-Therian
|-supereffective|p2a: Landorus-Therian
|-damage|p2a: Landorus-Therian|134\/382 tox
|
|-heal|p2a: Landorus-Therian|157\/382 tox|[from] item: Leftovers
|-damage|p2a: Landorus-Therian|111\/382 tox|[from] psn
|turn|38
|
|move|p2a: Landorus-Therian|Toxic|p1a: Quagsire
|-status|p1a: Quagsire|tox
|move|p1a: Quagsire|Recover|p1a: Quagsire
|-heal|p1a: Quagsire|393\/393 tox
|
|-heal|p2a: Landorus-Therian|134\/382 tox|[from] item: Leftovers
|-damage|p2a: Landorus-Therian|65\/382 tox|[from] psn
|-damage|p1a: Quagsire|369\/393 tox|[from] psn
|turn|39
|c| Appreciation|nooo
|c| Appreciation|wait what
|c| Appreciation|lol
|c| chiquita banana|he has no kok off
|
|move|p2a: Landorus-Therian|U-turn|p1a: Quagsire
|-damage|p1a: Quagsire|310\/393 tox
|c| Appreciation|hope u TOXICD
|c| Appreciation|or maybe not?
|
|switch|p2a: Rotom-Wash|Rotom-Wash|304\/304
|move|p1a: Quagsire|Toxic|p2a: Rotom-Wash
|-status|p2a: Rotom-Wash|tox
|
|-damage|p2a: Rotom-Wash|285\/304 tox|[from] psn
|-damage|p1a: Quagsire|262\/393 tox|[from] psn
|turn|40
|c| Appreciation|good
|c| chiquita banana|rekt
|c| chiquita banana|free hp from h pump
|c| cosine180|ccc
|c| cosine180|cresss
|
|switch|p1a: Gothitelle|Gothitelle, M|301\/301
|-damage|p1a: Gothitelle|264\/301|[from] Stealth Rock
|move|p2a: Rotom-Wash|Volt Switch|p1a: Gothitelle
|-damage|p1a: Gothitelle|189\/301
|c| cosine180|this nigga
|c| cosine180|is makin plays
|c| cosine180|:o
|c| Appreciation|._.
|
|switch|p2a: Bisharp|Bisharp, F|244\/271
|
|turn|41
|c| Appreciation|are we ded
|c|★CleanerThanRotom-W|exactly how i wanted it to work ou frens
|c| Appreciation|yea
|c| chiquita banana|ikr
|c| Appreciation|trick him the scaerf
|c| Appreciation|AHAHAHAH
|c| Appreciation|KMUHUHUHUHU
|c|★CleanerThanRotom-W|ya
|c| cosine180|ye u win
|c| Appreciation|AHAHAHAHAHAHAHAHAHAHAHAHAHAHAHAHAHHAHAAHHAAHAH
|c| cosine180|:]
|
|move|p1a: Gothitelle|Trick|p2a: Bisharp
|-activate|p1a: Gothitelle|move: Trick|[of] p2a: Bisharp
|-item|p2a: Bisharp|Choice Scarf|[from] move: Trick
|-item|p1a: Gothitelle|Life Orb|[from] move: Trick
|move|p2a: Bisharp|Knock Off|p1a: Gothitelle
|-supereffective|p1a: Gothitelle
|-damage|p1a: Gothitelle|0 fnt
|-enditem|p1a: Gothitelle|Life Orb|[from] move: Knock Off|[of] p2a: Bisharp
|faint|p1a: Gothitelle
|
|c| Appreciation|AHHHHHHHHHHHHHHHHHHHHHHHHHHHHHHHHAAAAAAAAAAAAAA
|c|★CleanerThanRotom-W|:]
|c| cosine180|nice
|c| cosine180|now defog
|c| cosine180|rait
|c| Appreciation|>defog
|c| Appreciation|get up a SPIKE
|c| chiquita banana|defog 5 times
|c| Appreciation|jkjkjkjkjkjkjk
|c| cosine180|nnnnnn
|
|switch|p1a: Skarmory|Skarmory, M|224\/334
|-damage|p1a: Skarmory|183\/334|[from] Stealth Rock
|turn|42
|c| Appreciation|what if he
|c| Appreciation|CRITS
|c| Appreciation|?
|c| cosine180|rooooooooooooooooooooooooost
|c| Appreciation|>roost
|join|M0XI3 B00ST
|c| cosine180|double
|leave|M0XI3 B00ST
|c| cosine180|chansey
|c| cosine180|gogogo
|c| Appreciation|dont defog
|
|switch|p2a: Rotom-Wash|Rotom-Wash|285\/304 tox
|move|p1a: Skarmory|Roost|p1a: Skarmory
|-heal|p1a: Skarmory|334\/334
|
|-heal|p2a: Rotom-Wash|304\/304 tox|[from] item: Leftovers
|-damage|p2a: Rotom-Wash|285\/304 tox|[from] psn
|turn|43
|c| Appreciation|good
|c| Appreciation|u nerd
|c|+Jukain|lol man
|c| cosine180|now free defog
|c|+Jukain|how the hell do you ladder sanely with stall
|c| Appreciation|what do u need chansey for
|
|move|p2a: Rotom-Wash|Will-O-Wisp|p1a: Skarmory
|-status|p1a: Skarmory|brn
|move|p1a: Skarmory|Defog|p2a: Rotom-Wash
|-unboost|p2a: Rotom-Wash|evasion|1
|-sideend|p1: CleanerThanRotom-W|Stealth Rock|[from] move: Defog|[of] p1a: Skarmory
|
|-heal|p2a: Rotom-Wash|304\/304 tox|[from] item: Leftovers
|-damage|p2a: Rotom-Wash|266\/304 tox|[from] psn
|-damage|p1a: Skarmory|293\/334 brn|[from] brn
|turn|44
|c| Appreciation|idk
|c|+Jukain|that would drive me insane
|c| Appreciation|yea its weird
|c| Appreciation|but
|c| cosine180|sack the quag
|c| Appreciation|as soonas ur in first and ur good its fine
|c|+Jukain|i wanna see
|c| chiquita banana|u tuch yerself wile u ply
|c| cosine180|then heal bell\/soft
|c| cosine180|and win :]
|c|+Jukain|a double to metagross
|c| Appreciation|just takes you 10000000 hours for one game
|c|+Jukain|and it has
|c|+Jukain|grass knot
|c|+Jukain|:D
|c| Appreciation|lel
|join|Forums Testing
|c| Appreciation|it can still happen.........
|c| Appreciation|but still mounts cant win
|c| cosine180|with sableye some battles are over quickly tho
|
|switch|p1a: Quagsire|Quagsire, M|262\/393 tox
|move|p2a: Rotom-Wash|Volt Switch|p1a: Quagsire
|-immune|p1a: Quagsire|[msg]
|
|-heal|p2a: Rotom-Wash|285\/304 tox|[from] item: Leftovers
|-damage|p2a: Rotom-Wash|228\/304 tox|[from] psn
|-damage|p1a: Quagsire|238\/393 tox|[from] psn
|turn|45
|c|+Jukain|what the hell u talkin about
|c|+Jukain|'mounts cant win
|c|+Jukain|'
|c|+Jukain|leave ur drugs at home
|c| cosine180|he cant
|c| Appreciation|how does he win
|c| cosine180|rly
|c| chiquita banana|if u beliv
|c| Appreciation|skarm cress just wins irl
|
|move|p2a: Rotom-Wash|Volt Switch|p1a: Quagsire
|-immune|p1a: Quagsire|[msg]
|move|p1a: Quagsire|Recover|p1a: Quagsire
|-heal|p1a: Quagsire|393\/393 tox
|
|-heal|p2a: Rotom-Wash|247\/304 tox|[from] item: Leftovers
|-damage|p2a: Rotom-Wash|171\/304 tox|[from] psn
|-damage|p1a: Quagsire|345\/393 tox|[from] psn
|turn|46
|c| cosine180|lol
|
|switch|p1a: Chansey|Chansey, F|329\/703
|move|p2a: Rotom-Wash|Volt Switch|p1a: Chansey
|-crit|p1a: Chansey
|-damage|p1a: Chansey|238\/703
|c| Appreciation|i like d's
|c| cosine180|oo
|c| Appreciation|crit mattered
|c| cosine180|why
|c|+Jukain|this man
|c|+Jukain|haha
|c| Appreciation|mounts is female
|c| Appreciation|........
|
|switch|p2a: Bisharp|Bisharp, F|244\/271
|
|turn|47
|c| chiquita banana|beliv nd u cen achiv mounted
|c| Appreciation|oooo bisharp pursuit
|c| Appreciation|y\/n
|c|+Jukain|why would he even
|c| cosine180|just live
|c| cosine180|imo
|c|+Jukain|he can just knock for free
|c|+Jukain|imo
|c|+Jukain|also u dumb niggas
|c| Appreciation|>knock off for free
|c|+Jukain|how does mounts even lose this now
|c|+Jukain|o.o
|
|switch|p2a: Landorus-Therian|Landorus-Therian, M|65\/382 tox
|-ability|p2a: Landorus-Therian|Intimidate|[of] p1a: Chansey
|-unboost|p1a: Chansey|atk|1
|switch|p1a: Skarmory|Skarmory, M|293\/334 brn
|
|-heal|p2a: Landorus-Therian|88\/382 tox|[from] item: Leftovers
|-damage|p2a: Landorus-Therian|65\/382 tox|[from] psn
|-damage|p1a: Skarmory|252\/334 brn|[from] brn
|turn|48
|c| Appreciation|how does he win this
|c| Appreciation|are u drunk
|c|+Jukain|o rite
|c| Appreciation|u know metagross is burnt
|c|+Jukain|its skill swap cresselia
|c| Appreciation|and stuff
|c| chiquita banana|hes just jukain
|c| Appreciation|lel
|c|+Jukain|oh and gross is burnt
|c| cosine180|ya
|c|+Jukain|nvm lol
|c| Appreciation|yeah
|c| Appreciation|lol
|c|+Jukain|all i know about the game
|c|+Jukain|is like 4 turns
|c| Appreciation|game was over 10 turns ago
|c| Appreciation|lel
|c| cosine180|but i think sacking quag was better
|c| Appreciation|LOL
|c|+Jukain|i haven't been watching and didnt rly pay attention
|c| cosine180|then boiling with chansey
|
|move|p2a: Landorus-Therian|Stealth Rock|p1a: Skarmory
|-sidestart|p1: CleanerThanRotom-W|move: Stealth Rock
|move|p1a: Skarmory|Roost|p1a: Skarmory
|-heal|p1a: Skarmory|334\/334 brn
|
|-heal|p2a: Landorus-Therian|88\/382 tox|[from] item: Leftovers
|-damage|p2a: Landorus-Therian|42\/382 tox|[from] psn
|-damage|p1a: Skarmory|293\/334 brn|[from] brn
|turn|49
|
|move|p2a: Landorus-Therian|U-turn|p1a: Skarmory
|-resisted|p1a: Skarmory
|-damage|p1a: Skarmory|282\/334 brn
|
|switch|p2a: Bisharp|Bisharp, F|244\/271
|move|p1a: Skarmory|Defog|p2a: Bisharp
|-unboost|p2a: Bisharp|evasion|1
|-boost|p2a: Bisharp|atk|2|[from] ability: Defiant
|-sideend|p1: CleanerThanRotom-W|Stealth Rock|[from] move: Defog|[of] p1a: Skarmory
|
|-damage|p1a: Skarmory|241\/334 brn|[from] brn
|turn|50
|c|+Jukain|also chiquita banana hf hiding behind ur alt and throwing insults
|c|+Jukain|hint: no one gives a fuck
|
|move|p2a: Bisharp|Knock Off|p1a: Skarmory
|-damage|p1a: Skarmory|34\/334 brn
|-enditem|p1a: Skarmory|Shed Shell|[from] move: Knock Off|[of] p2a: Bisharp
|move|p1a: Skarmory|Counter|p2a: Bisharp
|-damage|p2a: Bisharp|0 fnt
|faint|p2a: Bisharp
|
|-damage|p1a: Skarmory|0 fnt|[from] brn
|faint|p1a: Skarmory
|c| chiquita banana|wen did i insult ny1
|c| cosine180|chokes
|c| Appreciation|cleaner
|c| Appreciation|...
|c| cosine180|he still got this
|join|dsafsdafsdfa
|c| cosine180|cause chansey
|c| cosine180|-.-
|c| dsafsdafsdfa|does gross have grass knot
|
|switch|p2a: Landorus-Therian|Landorus-Therian, M|42\/382 tox
|switch|p1a: Chansey|Chansey, F|238\/703
|-ability|p2a: Landorus-Therian|Intimidate|[of] p1a: Chansey
|-unboost|p1a: Chansey|atk|1
|turn|51
|c| chiquita banana|chansey sweep incomig
|
|move|p2a: Landorus-Therian|Stealth Rock|p1a: Chansey
|-sidestart|p1: CleanerThanRotom-W|move: Stealth Rock
|move|p1a: Chansey|Soft-Boiled|p1a: Chansey
|-heal|p1a: Chansey|590\/703
|
|-heal|p2a: Landorus-Therian|65\/382 tox|[from] item: Leftovers
|-damage|p2a: Landorus-Therian|42\/382 tox|[from] psn
|turn|52
|c| dsafsdafsdfa|O.o
|c|+Jukain|lol...
|c| Appreciation|maybe it isnt ogre now
|c| cosine180|a bell chimed
|c| Appreciation|how does he beat
|c| Appreciation|azelf
|
|move|p2a: Landorus-Therian|U-turn|p1a: Chansey
|-damage|p1a: Chansey|497\/703
|c| cosine180|cress
|c| Appreciation|taunt?
|c| cosine180|life orb
|
|switch|p2a: Rotom-Wash|Rotom-Wash|171\/304 tox
|move|p1a: Chansey|Heal Bell|p1a: Chansey
|-cureteam|p1a: Chansey|[from] move: HealBell
|
|-heal|p2a: Rotom-Wash|190\/304 tox|[from] item: Leftovers
|-damage|p2a: Rotom-Wash|171\/304 tox|[from] psn
|turn|53
|c| cosine180|o.o
|c| Appreciation|what do u mean by lorb
|c| Appreciation|lel
|
|move|p2a: Rotom-Wash|Will-O-Wisp|p1a: Chansey|[miss]
|-miss|p2a: Rotom-Wash|p1a: Chansey
|move|p1a: Chansey|Stealth Rock|p2a: Rotom-Wash
|-sidestart|p2: Mounts|move: Stealth Rock
|
|-heal|p2a: Rotom-Wash|190\/304 tox|[from] item: Leftovers
|-damage|p2a: Rotom-Wash|152\/304 tox|[from] psn
|turn|54
|c| cosine180|so rotom is the counter now
|c| dsafsdafsdfa|azelf dont got taunt?
|c| chiquita banana|ye it do
|
|move|p2a: Rotom-Wash|Will-O-Wisp|p1a: Chansey
|-status|p1a: Chansey|brn
|move|p1a: Chansey|Soft-Boiled|p1a: Chansey
|-heal|p1a: Chansey|703\/703 brn
|
|-heal|p2a: Rotom-Wash|171\/304 tox|[from] item: Leftovers
|-damage|p2a: Rotom-Wash|114\/304 tox|[from] psn
|-damage|p1a: Chansey|616\/703 brn|[from] brn
|turn|55
|c| Appreciation|every azelf runs taunt,,imo
|c| dsafsdafsdfa|incoming pain split
|
|move|p2a: Rotom-Wash|Pain Split|p1a: Chansey
|-sethp|p1a: Chansey|365\/703 brn|p2a: Rotom-Wash|304\/304 tox|[from] move: Pain Split
|move|p1a: Chansey|Heal Bell|p1a: Chansey
|-cureteam|p1a: Chansey|[from] move: HealBell
|
|-damage|p2a: Rotom-Wash|228\/304 tox|[from] psn
|turn|56
|c|+Jukain|what the fuck is that azelf
|c|+Jukain|anyways
|c|+Jukain|if its not the stealth rock user
|c| Appreciation|yea
|c| Appreciation|thats what ive been thinking
|
|move|p2a: Rotom-Wash|Will-O-Wisp|p1a: Chansey
|-status|p1a: Chansey|brn
|move|p1a: Chansey|Soft-Boiled|p1a: Chansey
|-heal|p1a: Chansey|703\/703 brn
|
|-heal|p2a: Rotom-Wash|247\/304 tox|[from] item: Leftovers
|-damage|p2a: Rotom-Wash|152\/304 tox|[from] psn
|-damage|p1a: Chansey|616\/703 brn|[from] brn
|turn|57
|c|+Jukain|is it like
|c|+Jukain|some weird nasty plot shit
|c|+Jukain|LOL
|c| cosine180|o lool
|c| Appreciation|if it is
|c| dsafsdafsdfa|nasty plot lol
|c| chiquita banana|i seen trick scarf today
|c| cosine180|with psyshock
|c| cosine180|thatd be hilariuos
|
|move|p2a: Rotom-Wash|Volt Switch|p1a: Chansey
|-crit|p1a: Chansey
|-damage|p1a: Chansey|537\/703 brn
|c|+Jukain|lol
|c|+Jukain|np psyshock
|c|+Jukain|would murder this game
|c|+Jukain|eat it for breakfast
|c|+Jukain|:]
|c| Appreciation|that azelf is still gonna be interesting
|c| cosine180|haha
|
|switch|p2a: Landorus-Therian|Landorus-Therian, M|42\/382 tox
|-damage|p2a: Landorus-Therian|0 fnt|[from] Stealth Rock
|faint|p2a: Landorus-Therian
|move|p1a: Chansey|Heal Bell|p1a: Chansey
|-cureteam|p1a: Chansey|[from] move: HealBell
|
|c| Appreciation|but no clue what it is
|join|TheSkyAboveUs
|c| dsafsdafsdfa|uh
|c| Appreciation|maybe lorb?
|c| chiquita banana|cb expolsion
|c| Appreciation|lol
|c| TheSkyAboveUs|i have this team lol
|
|switch|p2a: Rotom-Wash|Rotom-Wash|152\/304 tox
|-damage|p2a: Rotom-Wash|114\/304 tox|[from] Stealth Rock
|turn|58
|c|★CleanerThanRotom-W|lol
|c|+Jukain|lol what is he doing
|c| Appreciation|idk
|c| Appreciation|he doesnt wanna
|c| Appreciation|revreal
|c| Appreciation|azelf set haha
|c| dsafsdafsdfa|252+ Atk Choice Band Azelf Explosion vs. 4 HP \/ 252+ Def Eviolite Chansey: 577-679 (89.8 - 105.7%) -- 37.5% chance to OHKO
|
|move|p2a: Rotom-Wash|Will-O-Wisp|p1a: Chansey
|-status|p1a: Chansey|brn
|move|p1a: Chansey|Soft-Boiled|p1a: Chansey
|-heal|p1a: Chansey|703\/703 brn
|
|-heal|p2a: Rotom-Wash|133\/304 tox|[from] item: Leftovers
|-damage|p2a: Rotom-Wash|114\/304 tox|[from] psn
|-damage|p1a: Chansey|616\/703 brn|[from] brn
|turn|59
|c| dsafsdafsdfa|believe
|c| Appreciation|>
|c| TheSkyAboveUs|where that team with mega venu
|
|move|p2a: Rotom-Wash|Pain Split|p1a: Chansey
|-sethp|p1a: Chansey|365\/703 brn|p2a: Rotom-Wash|304\/304 tox|[from] move: Pain Split
|move|p1a: Chansey|Seismic Toss|p2a: Rotom-Wash
|-damage|p2a: Rotom-Wash|204\/304 tox
|
|-heal|p2a: Rotom-Wash|223\/304 tox|[from] item: Leftovers
|-damage|p2a: Rotom-Wash|185\/304 tox|[from] psn
|-damage|p1a: Chansey|278\/703 brn|[from] brn
|turn|60
|c| Appreciation|i think
|c| chiquita banana|wish killer stole it frum cleaner
|c| Appreciation|his azelf
|c| Appreciation|can beat
|c| Appreciation|cress and quagf
|c| Appreciation|but cant beat chansey
|
|move|p2a: Rotom-Wash|Volt Switch|p1a: Chansey
|-damage|p1a: Chansey|218\/703 brn
|c| Appreciation|so he tries to stall it out of soft boilds
|c| Appreciation|before rotom dies to toxic
|c| Appreciation|y\/n
|c| dsafsdafsdfa|y
|
|switch|p2a: Metagross|Metagross-Mega|227\/301 brn
|-damage|p2a: Metagross|209\/301 brn|[from] Stealth Rock
|move|p1a: Chansey|Soft-Boiled|p1a: Chansey
|-heal|p1a: Chansey|570\/703 brn
|
|-damage|p2a: Metagross|172\/301 brn|[from] brn
|-damage|p1a: Chansey|483\/703 brn|[from] brn
|turn|61
|c| chiquita banana|idk but i wana c rotom chansey 1v1
|c| dsafsdafsdfa|chansey wins
|c| chiquita banana|ik
|
|switch|p1a: Quagsire|Quagsire, M|345\/393
|-damage|p1a: Quagsire|321\/393|[from] Stealth Rock
|move|p2a: Metagross|Hammer Arm|p1a: Quagsire
|-damage|p1a: Quagsire|252\/393
|-unboost|p2a: Metagross|spe|1
|
|-damage|p2a: Metagross|135\/301 brn|[from] brn
|turn|62
|c| dsafsdafsdfa|lol
|c|+Jukain|lol
|c|+Jukain|catch this grass knot
|c| Appreciation|lel
|c| dsafsdafsdfa|swagsire 2 kewl 4 schewl
|c| Appreciation|quag outspeeds imo
|
|switch|p2a: Azelf|Azelf|291\/291
|-damage|p2a: Azelf|255\/291|[from] Stealth Rock
|move|p1a: Quagsire|Recover|p1a: Quagsire
|-heal|p1a: Quagsire|393\/393
|
|turn|63
|c| Appreciation|ITS COMING
|c| dsafsdafsdfa|inside
|c|+Jukain|HERE WE GO
|c| cosine180|lets go
|c| Appreciation|ARE U READY
|c|+Jukain|THE MOMENT OF TRUTH
|c| Appreciation|GRASS KNOT AZELF
|c| chiquita banana|grass knot azelf
|c| Appreciation|inb4 explosion
|c| TheSkyAboveUs|**Art is an**
|c| chiquita banana|trick toxic orb
|c| Appreciation|lel
|c|★Mounts|gg
|c| dsafsdafsdfa|NO
|c| Appreciation|NO
|-message|Mounts forfeited.
|c|★CleanerThanRotom-W|gg
|c| Appreciation|WHY
|c| dsafsdafsdfa|NOOOOOOO
|c| chiquita banana|lol
|leave|TheSkyAboveUs
|c| cosine180|NOOO
|c| Appreciation|mounts
|c| Appreciation|what kind of
|c| Appreciation|azelf
|c| Appreciation|is that
|leave|Jukain
|
|win|CleanerThanRotom-W
|raw|Ladder updating...
|c| Appreciation|:(
|leave|dsafsdafsdfa
|raw|CleanerThanRotom-W's rating: 1860 &rarr; <strong>1873<\/strong><br \/>(+13 for winning)
|raw|Mounts's rating: 1728 &rarr; <strong>1715<\/strong><br \/>(-13 for losing)
|leave|CleanerThanRotom-W
|leave|cosine180
|leave|chiquita banana
|join|chiquita banana
|leave|Dark380
|player|p1
|leave|chiquita banana
|leave|fev'