|join|szaw45
|join|beancount
|player|p1|szaw45|114
|player|p2|beancount|170
|gametype|singles
|gen|6
|tier|OU
|rated
|clearpoke
|poke|p1|Clefable, M, shiny
|poke|p1|Raikou, shiny
|poke|p1|Metagross
|poke|p1|Landorus-Therian, M, shiny
|poke|p1|Keldeo
|poke|p1|Latias, F, shiny
|poke|p2|Arcanine, F
|poke|p2|Tornadus, M
|poke|p2|Suicune
|poke|p2|Florges, F
|poke|p2|Donphan, F
|poke|p2|Sceptile, M
|rule|Swagger Clause: Swagger is banned
|rule|Baton Pass Clause: Limit one Pokémon knowing Baton Pass
|rule|Sleep Clause Mod: Limit one foe put to sleep
|rule|Species Clause: Limit one of each Pokémon
|rule|OHKO Clause: OHKO moves are banned
|rule|Moody Clause: Moody is banned
|rule|Evasion Moves Clause: Evasion moves are banned
|rule|Endless Battle Clause: Forcing endless battles is banned
|rule|HP Percentage Mod: HP is shown in percentages
|teampreview
|
|start
|switch|p1a: Keldeo|Keldeo|323\/323
|switch|p2a: Donphan|Donphan, F|384\/384
|turn|1
|
|switch|p2a: Florges|Florges, F|360\/360
|move|p1a: Keldeo|Scald|p2a: Florges
|-damage|p2a: Florges|210\/360
|-status|p2a: Florges|brn
|
|-heal|p2a: Florges|232\/360 brn|[from] item: Leftovers
|-damage|p2a: Florges|187\/360 brn|[from] brn
|turn|2
|
|move|p1a: Keldeo|Scald|p2a: Florges
|-damage|p2a: Florges|31\/360 brn
|move|p2a: Florges|Moonblast|p1a: Keldeo
|-supereffective|p1a: Keldeo
|-damage|p1a: Keldeo|53\/323
|
|-heal|p2a: Florges|53\/360 brn|[from] item: Leftovers
|-damage|p2a: Florges|8\/360 brn|[from] brn
|turn|3
|
|move|p1a: Keldeo|Scald|p2a: Florges
|-damage|p2a: Florges|0 fnt
|faint|p2a: Florges
|
|
|switch|p2a: Sceptile|Sceptile, M|281\/281
|turn|4
|
|switch|p1a: TigerZoid|Raikou, shiny|321\/321
|-ability|p1a: TigerZoid|Pressure
|detailschange|p2a: Sceptile|Sceptile-Mega, M
|-mega|p2a: Sceptile|Sceptile|Sceptilite
|move|p2a: Sceptile|Swords Dance|p2a: Sceptile
|-boost|p2a: Sceptile|atk|2
|
|turn|5
|
|move|p2a: Sceptile|Earthquake|p1a: TigerZoid
|-supereffective|p1a: TigerZoid
|-damage|p1a: TigerZoid|0 fnt
|faint|p1a: TigerZoid
|
|
|switch|p1a: HoneyBooBoo|Clefable, M, shiny|394\/394
|turn|6
|
|move|p2a: Sceptile|Leaf Blade|p1a: HoneyBooBoo
|-crit|p1a: HoneyBooBoo
|-damage|p1a: HoneyBooBoo|1\/394
|move|p1a: HoneyBooBoo|Moonblast|p2a: Sceptile
|-supereffective|p2a: Sceptile
|-damage|p2a: Sceptile|27\/281
|-unboost|p2a: Sceptile|spa|1
|
|-heal|p1a: HoneyBooBoo|25\/394|[from] item: Leftovers
|turn|7
|
|switch|p1a: SmallPox|Landorus-Therian, M, shiny|319\/319
|-ability|p1a: SmallPox|Intimidate|[of] p2a: Sceptile
|-unboost|p2a: Sceptile|atk|1
|move|p2a: Sceptile|Earthquake|p1a: SmallPox
|-immune|p1a: SmallPox|[msg]
|
|turn|8
|c|★beancount|weird
|
|switch|p1a: Keldeo|Keldeo|53\/323
|move|p2a: Sceptile|Leaf Blade|p1a: Keldeo
|-supereffective|p1a: Keldeo
|-damage|p1a: Keldeo|0 fnt
|faint|p1a: Keldeo
|
|c|★beancount|lol
|
|switch|p1a: SmallPox|Landorus-Therian, M, shiny|319\/319
|-ability|p1a: SmallPox|Intimidate|[of] p2a: Sceptile
|-unboost|p2a: Sceptile|atk|1
|turn|9
|
|move|p2a: Sceptile|Leaf Blade|p1a: SmallPox
|-damage|p1a: SmallPox|217\/319
|-damage|p2a: Sceptile|0 fnt|[from] item: Rocky Helmet|[of] p1a: SmallPox
|faint|p2a: Sceptile
|move|p1a: SmallPox|Stone Edge|p2: Sceptile|[notarget]
|-notarget
|
|
|switch|p2a: Donphan|Donphan, F|384\/384
|turn|10
|
|move|p1a: SmallPox|Earthquake|p2a: Donphan
|-damage|p2a: Donphan|285\/384
|move|p2a: Donphan|Stealth Rock|p1a: SmallPox
|-sidestart|p1: szaw45|move: Stealth Rock
|
|-heal|p2a: Donphan|309\/384|[from] item: Leftovers
|turn|11
|
|move|p1a: SmallPox|Stealth Rock|p2a: Donphan
|-sidestart|p2: beancount|move: Stealth Rock
|move|p2a: Donphan|Knock Off|p1a: SmallPox
|-damage|p1a: SmallPox|150\/319
|-damage|p2a: Donphan|245\/384|[from] item: Rocky Helmet|[of] p1a: SmallPox
|-enditem|p1a: SmallPox|Rocky Helmet|[from] move: Knock Off|[of] p2a: Donphan
|
|-heal|p2a: Donphan|269\/384|[from] item: Leftovers
|turn|12
|
|move|p1a: SmallPox|Earthquake|p2a: Donphan
|-damage|p2a: Donphan|164\/384
|move|p2a: Donphan|Rapid Spin|p1a: SmallPox
|-damage|p1a: SmallPox|133\/319
|-sideend|p2: beancount|Stealth Rock|[from] move: Rapid Spin|[of] p2a: Donphan
|
|-heal|p2a: Donphan|188\/384|[from] item: Leftovers
|turn|13
|
|move|p1a: SmallPox|Stealth Rock|p2a: Donphan
|-sidestart|p2: beancount|move: Stealth Rock
|move|p2a: Donphan|Rapid Spin|p1a: SmallPox
|-crit|p1a: SmallPox
|-damage|p1a: SmallPox|108\/319
|-sideend|p2: beancount|Stealth Rock|[from] move: Rapid Spin|[of] p2a: Donphan
|
|-heal|p2a: Donphan|212\/384|[from] item: Leftovers
|turn|14
|
|move|p1a: SmallPox|Earthquake|p2a: Donphan
|-damage|p2a: Donphan|101\/384
|move|p2a: Donphan|Rapid Spin|p1a: SmallPox
|-damage|p1a: SmallPox|93\/319
|
|-heal|p2a: Donphan|125\/384|[from] item: Leftovers
|turn|15
|
|move|p1a: SmallPox|Earthquake|p2a: Donphan
|-damage|p2a: Donphan|16\/384
|move|p2a: Donphan|Rapid Spin|p1a: SmallPox
|-damage|p1a: SmallPox|79\/319
|
|-heal|p2a: Donphan|40\/384|[from] item: Leftovers
|turn|16
|
|move|p1a: SmallPox|Earthquake|p2a: Donphan
|-damage|p2a: Donphan|0 fnt
|faint|p2a: Donphan
|
|
|switch|p2a: Arcanine|Arcanine, F|384\/384
|-ability|p2a: Arcanine|Intimidate|[of] p1a: SmallPox
|-unboost|p1a: SmallPox|atk|1
|turn|17
|
|switch|p1a: Falkor|Latias, F, shiny|364\/364
|-damage|p1a: Falkor|319\/364|[from] Stealth Rock
|move|p2a: Arcanine|Extreme Speed|p1a: Falkor
|-damage|p1a: Falkor|238\/364
|
|-heal|p1a: Falkor|260\/364|[from] item: Leftovers
|turn|18
|
|switch|p2a: Suicune|Suicune|404\/404
|-ability|p2a: Suicune|Pressure
|move|p1a: Falkor|Thunder Wave|p2a: Suicune
|-status|p2a: Suicune|par
|
|-heal|p1a: Falkor|282\/364|[from] item: Leftovers
|turn|19
|c|★beancount|wt
|
|move|p1a: Falkor|Draco Meteor|p2a: Suicune
|-damage|p2a: Suicune|266\/404 par
|-unboost|p1a: Falkor|spa|2
|move|p2a: Suicune|Calm Mind|p2a: Suicune
|-boost|p2a: Suicune|spa|1
|-boost|p2a: Suicune|spd|1
|
|-heal|p1a: Falkor|304\/364|[from] item: Leftovers
|-heal|p2a: Suicune|291\/404 par|[from] item: Leftovers
|turn|20
|
|move|p1a: Falkor|Healing Wish|p1a: Falkor
|faint|p1a: Falkor
|move|p2a: Suicune|Scald|p1: Falkor|[notarget]
|-notarget
|
|-heal|p2a: Suicune|316\/404 par|[from] item: Leftovers
|
|switch|p1a: HoneyBooBoo|Clefable, M, shiny|25\/394
|-heal|p1a: HoneyBooBoo|394\/394|[from] move: Healing Wish
|turn|21
|
|move|p1a: HoneyBooBoo|Calm Mind|p1a: HoneyBooBoo
|-boost|p1a: HoneyBooBoo|spa|1
|-boost|p1a: HoneyBooBoo|spd|1
|cant|p2a: Suicune|par
|
|-heal|p2a: Suicune|341\/404 par|[from] item: Leftovers
|turn|22
|
|move|p1a: HoneyBooBoo|Calm Mind|p1a: HoneyBooBoo
|-boost|p1a: HoneyBooBoo|spa|1
|-boost|p1a: HoneyBooBoo|spd|1
|move|p2a: Suicune|Calm Mind|p2a: Suicune
|-boost|p2a: Suicune|spa|1
|-boost|p2a: Suicune|spd|1
|
|-heal|p2a: Suicune|366\/404 par|[from] item: Leftovers
|turn|23
|
|move|p1a: HoneyBooBoo|Calm Mind|p1a: HoneyBooBoo
|-boost|p1a: HoneyBooBoo|spa|1
|-boost|p1a: HoneyBooBoo|spd|1
|move|p2a: Suicune|Rest|p2a: Suicune
|-status|p2a: Suicune|slp
|-heal|p2a: Suicune|404\/404 slp|[silent]
|-status|p2a: Suicune|slp|[from] move: Rest
|
|turn|24
|
|cant|p2a: Suicune|slp
|move|p2a: Suicune|Sleep Talk|p2a: Suicune
|move|p2a: Suicune|Rest|p2a: Suicune|[from]Sleep Talk
|-fail|p2a: Suicune
|move|p1a: HoneyBooBoo|Calm Mind|p1a: HoneyBooBoo
|-boost|p1a: HoneyBooBoo|spa|1
|-boost|p1a: HoneyBooBoo|spd|1
|
|turn|25
|
|cant|p2a: Suicune|slp
|move|p2a: Suicune|Sleep Talk|p2a: Suicune
|move|p2a: Suicune|Scald|p1a: HoneyBooBoo|[from]Sleep Talk
|-damage|p1a: HoneyBooBoo|324\/394
|move|p1a: HoneyBooBoo|Calm Mind|p1a: HoneyBooBoo
|-boost|p1a: HoneyBooBoo|spa|1
|-boost|p1a: HoneyBooBoo|spd|1
|
|-heal|p1a: HoneyBooBoo|348\/394|[from] item: Leftovers
|turn|26
|
|-curestatus|p2a: Suicune|slp
|move|p2a: Suicune|Calm Mind|p2a: Suicune
|-boost|p2a: Suicune|spa|1
|-boost|p2a: Suicune|spd|1
|move|p1a: HoneyBooBoo|Calm Mind|p1a: HoneyBooBoo
|-boost|p1a: HoneyBooBoo|spa|1
|-boost|p1a: HoneyBooBoo|spd|1
|
|-heal|p1a: HoneyBooBoo|372\/394|[from] item: Leftovers
|turn|27
|
|move|p2a: Suicune|Calm Mind|p2a: Suicune
|-boost|p2a: Suicune|spa|1
|-boost|p2a: Suicune|spd|1
|move|p1a: HoneyBooBoo|Moonblast|p2a: Suicune
|-damage|p2a: Suicune|269\/404
|
|-heal|p2a: Suicune|294\/404|[from] item: Leftovers
|-heal|p1a: HoneyBooBoo|394\/394|[from] item: Leftovers
|turn|28
|
|move|p2a: Suicune|Calm Mind|p2a: Suicune
|-boost|p2a: Suicune|spa|1
|-boost|p2a: Suicune|spd|1
|move|p1a: HoneyBooBoo|Moonblast|p2a: Suicune
|-damage|p2a: Suicune|186\/404
|
|-heal|p2a: Suicune|211\/404|[from] item: Leftovers
|turn|29
|
|move|p2a: Suicune|Calm Mind|p2a: Suicune
|-boost|p2a: Suicune|spa|1
|-boost|p2a: Suicune|spd|1
|move|p1a: HoneyBooBoo|Moonblast|p2a: Suicune
|-damage|p2a: Suicune|114\/404
|
|-heal|p2a: Suicune|139\/404|[from] item: Leftovers
|turn|30
|
|move|p2a: Suicune|Scald|p1a: HoneyBooBoo
|-damage|p1a: HoneyBooBoo|301\/394
|move|p1a: HoneyBooBoo|Moonblast|p2a: Suicune
|-damage|p2a: Suicune|42\/404
|-unboost|p2a: Suicune|spa|1
|
|-heal|p2a: Suicune|67\/404|[from] item: Leftovers
|-heal|p1a: HoneyBooBoo|325\/394|[from] item: Leftovers
|turn|31
|
|move|p2a: Suicune|Rest|p2a: Suicune
|-status|p2a: Suicune|slp
|-heal|p2a: Suicune|404\/404 slp|[silent]
|-status|p2a: Suicune|slp|[from] move: Rest
|move|p1a: HoneyBooBoo|Moonblast|p2a: Suicune
|-damage|p2a: Suicune|316\/404 slp
|
|-heal|p2a: Suicune|341\/404 slp|[from] item: Leftovers
|-heal|p1a: HoneyBooBoo|349\/394|[from] item: Leftovers
|turn|32
|
|cant|p2a: Suicune|slp
|move|p2a: Suicune|Sleep Talk|p2a: Suicune
|move|p2a: Suicune|Rest|p2a: Suicune|[from]Sleep Talk
|-fail|p2a: Suicune
|move|p1a: HoneyBooBoo|Moonblast|p2a: Suicune
|-damage|p2a: Suicune|251\/404 slp
|-unboost|p2a: Suicune|spa|1
|
|-heal|p2a: Suicune|276\/404 slp|[from] item: Leftovers
|-heal|p1a: HoneyBooBoo|373\/394|[from] item: Leftovers
|turn|33
|
|cant|p2a: Suicune|slp
|move|p2a: Suicune|Sleep Talk|p2a: Suicune
|move|p2a: Suicune|Rest|p2a: Suicune|[from]Sleep Talk
|-fail|p2a: Suicune
|move|p1a: HoneyBooBoo|Moonblast|p2a: Suicune
|-damage|p2a: Suicune|174\/404 slp
|-unboost|p2a: Suicune|spa|1
|
|-heal|p2a: Suicune|199\/404 slp|[from] item: Leftovers
|-heal|p1a: HoneyBooBoo|394\/394|[from] item: Leftovers
|turn|34
|
|-curestatus|p2a: Suicune|slp
|move|p2a: Suicune|Rest|p2a: Suicune
|-status|p2a: Suicune|slp
|-heal|p2a: Suicune|404\/404 slp|[silent]
|-status|p2a: Suicune|slp|[from] move: Rest
|move|p1a: HoneyBooBoo|Moonblast|p2a: Suicune
|-damage|p2a: Suicune|310\/404 slp
|-unboost|p2a: Suicune|spa|1
|
|-heal|p2a: Suicune|335\/404 slp|[from] item: Leftovers
|turn|35
|
|cant|p2a: Suicune|slp
|move|p2a: Suicune|Sleep Talk|p2a: Suicune
|move|p2a: Suicune|Calm Mind|p2a: Suicune|[from]Sleep Talk
|-boost|p2a: Suicune|spa|1
|move|p1a: HoneyBooBoo|Flamethrower|p2a: Suicune
|-resisted|p2a: Suicune
|-damage|p2a: Suicune|303\/404 slp
|
|-heal|p2a: Suicune|328\/404 slp|[from] item: Leftovers
|turn|36
|c|★szaw45|stall battle it is
|
|cant|p2a: Suicune|slp
|move|p2a: Suicune|Sleep Talk|p2a: Suicune
|move|p2a: Suicune|Scald|p1a: HoneyBooBoo|[from]Sleep Talk
|-damage|p1a: HoneyBooBoo|328\/394
|move|p1a: HoneyBooBoo|Flamethrower|p2a: Suicune
|-resisted|p2a: Suicune
|-damage|p2a: Suicune|297\/404 slp
|
|-heal|p2a: Suicune|322\/404 slp|[from] item: Leftovers
|-heal|p1a: HoneyBooBoo|352\/394|[from] item: Leftovers
|turn|37
|
|-curestatus|p2a: Suicune|slp
|move|p2a: Suicune|Calm Mind|p2a: Suicune
|-boost|p2a: Suicune|spa|1
|move|p1a: HoneyBooBoo|Flamethrower|p2a: Suicune
|-resisted|p2a: Suicune
|-damage|p2a: Suicune|293\/404
|
|-heal|p2a: Suicune|318\/404|[from] item: Leftovers
|-heal|p1a: HoneyBooBoo|376\/394|[from] item: Leftovers
|turn|38
|
|move|p2a: Suicune|Calm Mind|p2a: Suicune
|-boost|p2a: Suicune|spa|1
|move|p1a: HoneyBooBoo|Flamethrower|p2a: Suicune
|-resisted|p2a: Suicune
|-damage|p2a: Suicune|288\/404
|
|-heal|p2a: Suicune|313\/404|[from] item: Leftovers
|-heal|p1a: HoneyBooBoo|394\/394|[from] item: Leftovers
|turn|39
|c|★beancount|i didnt think i can win at first
|
|move|p2a: Suicune|Calm Mind|p2a: Suicune
|-boost|p2a: Suicune|spa|1
|move|p1a: HoneyBooBoo|Flamethrower|p2a: Suicune
|-resisted|p2a: Suicune
|-damage|p2a: Suicune|284\/404
|
|-heal|p2a: Suicune|309\/404|[from] item: Leftovers
|turn|40
|c|★szaw45|you cant
|c|★szaw45|i could moonblast and likely crit
|c|★beancount|supposed to click uu
|c|★szaw45|or just kill during sleep but im playing it sage
|
|move|p2a: Suicune|Scald|p1a: HoneyBooBoo
|-damage|p1a: HoneyBooBoo|307\/394
|move|p1a: HoneyBooBoo|Flamethrower|p2a: Suicune
|-resisted|p2a: Suicune
|-damage|p2a: Suicune|281\/404
|
|-heal|p2a: Suicune|306\/404|[from] item: Leftovers
|-heal|p1a: HoneyBooBoo|331\/394|[from] item: Leftovers
|turn|41
|c|★beancount|ok
|
|move|p2a: Suicune|Scald|p1a: HoneyBooBoo
|-damage|p1a: HoneyBooBoo|241\/394
|-status|p1a: HoneyBooBoo|brn
|move|p1a: HoneyBooBoo|Flamethrower|p2a: Suicune
|-resisted|p2a: Suicune
|-damage|p2a: Suicune|274\/404
|
|-heal|p2a: Suicune|299\/404|[from] item: Leftovers
|-heal|p1a: HoneyBooBoo|265\/394 brn|[from] item: Leftovers
|turn|42
|
|move|p2a: Suicune|Scald|p1a: HoneyBooBoo
|-damage|p1a: HoneyBooBoo|166\/394 brn
|move|p1a: HoneyBooBoo|Flamethrower|p2a: Suicune
|-resisted|p2a: Suicune
|-damage|p2a: Suicune|270\/404
|
|-heal|p2a: Suicune|295\/404|[from] item: Leftovers
|-heal|p1a: HoneyBooBoo|190\/394 brn|[from] item: Leftovers
|turn|43
|
|move|p2a: Suicune|Scald|p1a: HoneyBooBoo
|-damage|p1a: HoneyBooBoo|94\/394 brn
|move|p1a: HoneyBooBoo|Soft-Boiled|p1a: HoneyBooBoo
|-heal|p1a: HoneyBooBoo|291\/394 brn
|
|-heal|p2a: Suicune|320\/404|[from] item: Leftovers
|-heal|p1a: HoneyBooBoo|315\/394 brn|[from] item: Leftovers
|turn|44
|
|move|p2a: Suicune|Scald|p1a: HoneyBooBoo
|-damage|p1a: HoneyBooBoo|219\/394 brn
|move|p1a: HoneyBooBoo|Flamethrower|p2a: Suicune
|-resisted|p2a: Suicune
|-damage|p2a: Suicune|290\/404
|-status|p2a: Suicune|brn
|
|-heal|p2a: Suicune|315\/404 brn|[from] item: Leftovers
|-heal|p1a: HoneyBooBoo|243\/394 brn|[from] item: Leftovers
|-damage|p2a: Suicune|265\/404 brn|[from] brn
|turn|45
|
|move|p2a: Suicune|Scald|p1a: HoneyBooBoo
|-damage|p1a: HoneyBooBoo|156\/394 brn
|move|p1a: HoneyBooBoo|Flamethrower|p2a: Suicune
|-resisted|p2a: Suicune
|-damage|p2a: Suicune|236\/404 brn
|
|-heal|p2a: Suicune|261\/404 brn|[from] item: Leftovers
|-heal|p1a: HoneyBooBoo|180\/394 brn|[from] item: Leftovers
|-damage|p2a: Suicune|211\/404 brn|[from] brn
|turn|46
|
|move|p2a: Suicune|Scald|p1a: HoneyBooBoo
|-damage|p1a: HoneyBooBoo|90\/394 brn
|move|p1a: HoneyBooBoo|Moonblast|p2a: Suicune
|-damage|p2a: Suicune|117\/404 brn
|
|-heal|p2a: Suicune|142\/404 brn|[from] item: Leftovers
|-heal|p1a: HoneyBooBoo|114\/394 brn|[from] item: Leftovers
|-damage|p2a: Suicune|92\/404 brn|[from] brn
|turn|47
|
|move|p2a: Suicune|Rest|p2a: Suicune
|-status|p2a: Suicune|slp
|-heal|p2a: Suicune|404\/404 slp|[silent]
|-status|p2a: Suicune|slp|[from] move: Rest
|move|p1a: HoneyBooBoo|Moonblast|p2a: Suicune
|-damage|p2a: Suicune|304\/404 slp
|
|-heal|p2a: Suicune|329\/404 slp|[from] item: Leftovers
|-heal|p1a: HoneyBooBoo|138\/394 brn|[from] item: Leftovers
|turn|48
|c|★beancount|gg
|
|cant|p2a: Suicune|slp
|move|p2a: Suicune|Sleep Talk|p2a: Suicune
|move|p2a: Suicune|Scald|p1a: HoneyBooBoo|[from]Sleep Talk
|-damage|p1a: HoneyBooBoo|47\/394 brn
|move|p1a: HoneyBooBoo|Soft-Boiled|p1a: HoneyBooBoo
|-heal|p1a: HoneyBooBoo|244\/394 brn
|
|-heal|p2a: Suicune|354\/404 slp|[from] item: Leftovers
|-heal|p1a: HoneyBooBoo|268\/394 brn|[from] item: Leftovers
|turn|49
|c|★szaw45|its not over?
|c|★beancount|ur right
|c|★szaw45|i can stall longer lol
|c|★beancount|ok
|
|cant|p2a: Suicune|slp
|move|p2a: Suicune|Sleep Talk|p2a: Suicune
|move|p2a: Suicune|Scald|p1a: HoneyBooBoo|[from]Sleep Talk
|-damage|p1a: HoneyBooBoo|177\/394 brn
|move|p1a: HoneyBooBoo|Calm Mind|p1a: HoneyBooBoo
|-fail|p1a: HoneyBooBoo
|
|-heal|p2a: Suicune|379\/404 slp|[from] item: Leftovers
|-heal|p1a: HoneyBooBoo|201\/394 brn|[from] item: Leftovers
|turn|50
|c|★beancount|as long as u can
|c|★szaw45|its going to come down to moves used
|c|★szaw45|pp
|
|-curestatus|p2a: Suicune|slp
|move|p2a: Suicune|Rest|p2a: Suicune
|-status|p2a: Suicune|slp
|-heal|p2a: Suicune|404\/404 slp|[silent]
|-status|p2a: Suicune|slp|[from] move: Rest
|move|p1a: HoneyBooBoo|Calm Mind|p1a: HoneyBooBoo
|-fail|p1a: HoneyBooBoo
|
|-heal|p1a: HoneyBooBoo|225\/394 brn|[from] item: Leftovers
|turn|51
|c|★beancount|anyway
|c|★beancount|i wasnt supposed to battle u
|
|cant|p2a: Suicune|slp
|move|p2a: Suicune|Sleep Talk|p2a: Suicune
|move|p2a: Suicune|Scald|p1a: HoneyBooBoo|[from]Sleep Talk
|-damage|p1a: HoneyBooBoo|132\/394 brn
|move|p1a: HoneyBooBoo|Calm Mind|p1a: HoneyBooBoo
|-fail|p1a: HoneyBooBoo
|
|-heal|p1a: HoneyBooBoo|156\/394 brn|[from] item: Leftovers
|turn|52
|
|cant|p2a: Suicune|slp
|move|p2a: Suicune|Sleep Talk|p2a: Suicune
|move|p2a: Suicune|Calm Mind|p2a: Suicune|[from]Sleep Talk
|-fail|p2a: Suicune
|move|p1a: HoneyBooBoo|Soft-Boiled|p1a: HoneyBooBoo
|-heal|p1a: HoneyBooBoo|353\/394 brn
|
|-heal|p1a: HoneyBooBoo|377\/394 brn|[from] item: Leftovers
|turn|53
|
|-curestatus|p2a: Suicune|slp
|move|p2a: Suicune|Calm Mind|p2a: Suicune
|-fail|p2a: Suicune
|move|p1a: HoneyBooBoo|Calm Mind|p1a: HoneyBooBoo
|-fail|p1a: HoneyBooBoo
|
|-heal|p1a: HoneyBooBoo|394\/394 brn|[from] item: Leftovers
|turn|54
|
|move|p2a: Suicune|Calm Mind|p2a: Suicune
|-fail|p2a: Suicune
|move|p1a: HoneyBooBoo|Calm Mind|p1a: HoneyBooBoo
|-fail|p1a: HoneyBooBoo
|
|turn|55
|
|move|p2a: Suicune|Calm Mind|p2a: Suicune
|-fail|p2a: Suicune
|move|p1a: HoneyBooBoo|Calm Mind|p1a: HoneyBooBoo
|-fail|p1a: HoneyBooBoo
|
|turn|56
|
|move|p2a: Suicune|Calm Mind|p2a: Suicune
|-fail|p2a: Suicune
|move|p1a: HoneyBooBoo|Calm Mind|p1a: HoneyBooBoo
|-fail|p1a: HoneyBooBoo
|
|turn|57
|
|move|p2a: Suicune|Calm Mind|p2a: Suicune
|-fail|p2a: Suicune
|move|p1a: HoneyBooBoo|Calm Mind|p1a: HoneyBooBoo
|-fail|p1a: HoneyBooBoo
|
|turn|58
|
|move|p2a: Suicune|Calm Mind|p2a: Suicune
|-fail|p2a: Suicune
|move|p1a: HoneyBooBoo|Calm Mind|p1a: HoneyBooBoo
|-fail|p1a: HoneyBooBoo
|
|turn|59
|
|move|p2a: Suicune|Calm Mind|p2a: Suicune
|-fail|p2a: Suicune
|move|p1a: HoneyBooBoo|Calm Mind|p1a: HoneyBooBoo
|-fail|p1a: HoneyBooBoo
|
|turn|60
|
|move|p2a: Suicune|Calm Mind|p2a: Suicune
|-fail|p2a: Suicune
|move|p1a: HoneyBooBoo|Calm Mind|p1a: HoneyBooBoo
|-fail|p1a: HoneyBooBoo
|
|turn|61
|
|move|p2a: Suicune|Calm Mind|p2a: Suicune
|-fail|p2a: Suicune
|move|p1a: HoneyBooBoo|Calm Mind|p1a: HoneyBooBoo
|-fail|p1a: HoneyBooBoo
|
|turn|62
|
|move|p2a: Suicune|Calm Mind|p2a: Suicune
|-fail|p2a: Suicune
|move|p1a: HoneyBooBoo|Calm Mind|p1a: HoneyBooBoo
|-fail|p1a: HoneyBooBoo
|
|turn|63
|
|move|p2a: Suicune|Calm Mind|p2a: Suicune
|-fail|p2a: Suicune
|move|p1a: HoneyBooBoo|Calm Mind|p1a: HoneyBooBoo
|-fail|p1a: HoneyBooBoo
|
|turn|64
|
|move|p2a: Suicune|Calm Mind|p2a: Suicune
|-fail|p2a: Suicune
|move|p1a: HoneyBooBoo|Calm Mind|p1a: HoneyBooBoo
|-fail|p1a: HoneyBooBoo
|
|turn|65
|
|move|p2a: Suicune|Calm Mind|p2a: Suicune
|-fail|p2a: Suicune
|move|p1a: HoneyBooBoo|Calm Mind|p1a: HoneyBooBoo
|-fail|p1a: HoneyBooBoo
|
|turn|66
|
|move|p2a: Suicune|Calm Mind|p2a: Suicune
|-fail|p2a: Suicune
|move|p1a: HoneyBooBoo|Calm Mind|p1a: HoneyBooBoo
|-fail|p1a: HoneyBooBoo
|
|turn|67
|c|★beancount|are u gonna record this battle after ?
|
|move|p2a: Suicune|Calm Mind|p2a: Suicune
|-fail|p2a: Suicune
|move|p1a: HoneyBooBoo|Calm Mind|p1a: HoneyBooBoo
|-fail|p1a: HoneyBooBoo
|
|turn|68
|c|★szaw45|no lol
|
|move|p2a: Suicune|Calm Mind|p2a: Suicune
|-fail|p2a: Suicune
|move|p1a: HoneyBooBoo|Calm Mind|p1a: HoneyBooBoo
|-fail|p1a: HoneyBooBoo
|
|turn|69
|c|★beancount|lol
|
|move|p2a: Suicune|Calm Mind|p2a: Suicune
|-fail|p2a: Suicune
|move|p1a: HoneyBooBoo|Calm Mind|p1a: HoneyBooBoo
|-fail|p1a: HoneyBooBoo
|
|turn|70
|
|move|p2a: Suicune|Calm Mind|p2a: Suicune
|-fail|p2a: Suicune
|move|p1a: HoneyBooBoo|Calm Mind|p1a: HoneyBooBoo
|-fail|p1a: HoneyBooBoo
|
|turn|71
|
|move|p2a: Suicune|Calm Mind|p2a: Suicune
|-fail|p2a: Suicune
|move|p1a: HoneyBooBoo|Calm Mind|p1a: HoneyBooBoo
|-fail|p1a: HoneyBooBoo
|
|turn|72
|
|move|p2a: Suicune|Calm Mind|p2a: Suicune
|-fail|p2a: Suicune
|move|p1a: HoneyBooBoo|Calm Mind|p1a: HoneyBooBoo
|-fail|p1a: HoneyBooBoo
|
|turn|73
|
|move|p2a: Suicune|Calm Mind|p2a: Suicune
|-fail|p2a: Suicune
|move|p1a: HoneyBooBoo|Calm Mind|p1a: HoneyBooBoo
|-fail|p1a: HoneyBooBoo
|
|turn|74
|
|move|p2a: Suicune|Calm Mind|p2a: Suicune
|-fail|p2a: Suicune
|move|p1a: HoneyBooBoo|Calm Mind|p1a: HoneyBooBoo
|-fail|p1a: HoneyBooBoo
|
|turn|75
|
|move|p2a: Suicune|Calm Mind|p2a: Suicune
|-fail|p2a: Suicune
|move|p1a: HoneyBooBoo|Calm Mind|p1a: HoneyBooBoo
|-fail|p1a: HoneyBooBoo
|
|turn|76
|
|move|p2a: Suicune|Scald|p1a: HoneyBooBoo
|-damage|p1a: HoneyBooBoo|303\/394 brn
|move|p1a: HoneyBooBoo|Flamethrower|p2a: Suicune
|-resisted|p2a: Suicune
|-damage|p2a: Suicune|371\/404
|
|-heal|p2a: Suicune|396\/404|[from] item: Leftovers
|-heal|p1a: HoneyBooBoo|327\/394 brn|[from] item: Leftovers
|turn|77
|
|move|p2a: Suicune|Rest|p2a: Suicune
|-status|p2a: Suicune|slp
|-heal|p2a: Suicune|404\/404 slp|[silent]
|-status|p2a: Suicune|slp|[from] move: Rest
|move|p1a: HoneyBooBoo|Flamethrower|p2a: Suicune
|-resisted|p2a: Suicune
|-damage|p2a: Suicune|375\/404 slp
|
|-heal|p2a: Suicune|400\/404 slp|[from] item: Leftovers
|-heal|p1a: HoneyBooBoo|351\/394 brn|[from] item: Leftovers
|turn|78
|
|switch|p1a: Zultan|Metagross|301\/301
|-damage|p1a: Zultan|283\/301|[from] Stealth Rock
|cant|p2a: Suicune|slp
|
|-heal|p2a: Suicune|404\/404 slp|[from] item: Leftovers
|turn|79
|
|detailschange|p1a: Zultan|Metagross-Mega
|-mega|p1a: Zultan|Metagross|Metagrossite
|move|p1a: Zultan|Zen Headbutt|p2a: Suicune|[miss]
|-miss|p1a: Zultan|p2a: Suicune
|cant|p2a: Suicune|slp
|move|p2a: Suicune|Sleep Talk|p2a: Suicune
|move|p2a: Suicune|Rest|p2a: Suicune|[from]Sleep Talk
|-fail|p2a: Suicune
|
|turn|80
|c|★beancount|lol
|c|★szaw45|fuck
|
|move|p1a: Zultan|Zen Headbutt|p2a: Suicune
|-damage|p2a: Suicune|277\/404 slp
|-curestatus|p2a: Suicune|slp
|move|p2a: Suicune|Scald|p1a: Zultan
|-damage|p1a: Zultan|0 fnt
|faint|p1a: Zultan
|
|-heal|p2a: Suicune|302\/404|[from] item: Leftovers
|c|★szaw45|lololol
|c|★szaw45|i got sick of doing this shit fucking wow
|c|★beancount|u gave up on ur own
|c|★beancount|lol
|c|★szaw45|because you wanted to go through a stall which you knew you couldnt win
|c|★szaw45|even if you outstalled you would die with struggle
|c|★beancount|ok
|c|★beancount|i learnt it the hard way
|c|★szaw45|you play the stalls you can win wasted my time so now im wasting yours
|c|★beancount|i am sorry
|c|★beancount|totally understood ur ange
|c|★beancount|anger *
|
|switch|p1a: SmallPox|Landorus-Therian, M, shiny|79\/319
|-damage|p1a: SmallPox|40\/319|[from] Stealth Rock
|-ability|p1a: SmallPox|Intimidate|[of] p2a: Suicune
|-unboost|p2a: Suicune|atk|1
|turn|81
|c|★beancount|u can still crit me
|c|★beancount|lol
|c|★beancount|if i am not wrong
|c|★szaw45|yeah there was no way of you beating me but i didnt want to deal with an hour of playing pp stall
|c|★beancount|alright
|c|★szaw45|nah i worked forever to hit 1500 and its gone because i didnt want to sit through a stall fest
|c|★szaw45|pissed
|c|★beancount|i am sorry
|
|move|p1a: SmallPox|Earthquake|p2a: Suicune
|-damage|p2a: Suicune|190\/404
|move|p2a: Suicune|Scald|p1a: SmallPox
|-supereffective|p1a: SmallPox
|-damage|p1a: SmallPox|0 fnt
|faint|p1a: SmallPox
|
|-heal|p2a: Suicune|215\/404|[from] item: Leftovers
|
|switch|p1a: HoneyBooBoo|Clefable, M, shiny|351\/394 brn
|turn|82
|
|move|p2a: Suicune|Scald|p1a: HoneyBooBoo
|-damage|p1a: HoneyBooBoo|0 fnt
|faint|p1a: HoneyBooBoo
|
|win|beancount
|raw|Ladder updating...
|raw|szaw45's rating: 1528 &rarr; <strong>1510<\/strong><br \/>(-18 for losing)
|raw|beancount's rating: 1574 &rarr; <strong>1592<\/strong><br \/>(+18 for winning)
|leave|szaw45
|player|p1