|join|princess ariel
|join|Altestadores
|player|p1|princess ariel|23
|player|p2|Altestadores|286
|gametype|singles
|gen|5
|tier|[Gen 5] OU
|rated
|rule|Evasion Abilities Clause: Evasion abilities are banned
|clearpoke
|poke|p1|Hippowdon, M
|poke|p1|Forretress, M
|poke|p1|Skarmory, M
|poke|p1|Gothitelle, M
|poke|p1|Blissey, F
|poke|p1|Celebi
|poke|p2|Hippowdon, M
|poke|p2|Salamence, M
|poke|p2|Breloom, M
|poke|p2|Heatran, M
|poke|p2|Amoonguss, M
|poke|p2|Stoutland, M
|rule|Sleep Clause Mod: Limit one foe put to sleep
|rule|Species Clause: Limit one of each Pokémon
|rule|OHKO Clause: OHKO moves are banned
|rule|Moody Clause: Moody is banned
|rule|Evasion Moves Clause: Evasion moves are banned
|rule|Endless Battle Clause: Forcing endless battles is banned
|rule|HP Percentage Mod: HP is shown in percentages
|teampreview
|
|start
|switch|p1a: Hippowdon|Hippowdon, M|420\/420
|switch|p2a: Heatran|Heatran, M|385\/385
|-weather|Sandstorm|[from] ability: Sand Stream|[of] p1a: Hippowdon
|turn|1
|join|princess souji
|
|switch|p1a: Blissey|Blissey, F|652\/652
|move|p2a: Heatran|Substitute|p2a: Heatran
|-start|p2a: Heatran|Substitute
|-damage|p2a: Heatran|289\/385
|
|-weather|Sandstorm|[upkeep]
|-damage|p1a: Blissey|612\/652|[from] sandstorm
|-heal|p2a: Heatran|313\/385|[from] item: Leftovers
|-heal|p1a: Blissey|652\/652|[from] item: Leftovers
|turn|2
|
|move|p2a: Heatran|Lava Plume|p1a: Blissey
|-damage|p1a: Blissey|571\/652
|move|p1a: Blissey|Seismic Toss|p2a: Heatran
|-end|p2a: Heatran|Substitute
|
|-weather|Sandstorm|[upkeep]
|-damage|p1a: Blissey|531\/652|[from] sandstorm
|-heal|p2a: Heatran|337\/385|[from] item: Leftovers
|-heal|p1a: Blissey|571\/652|[from] item: Leftovers
|turn|3
|
|switch|p2a: Hippowdon|Hippowdon, M|420\/420
|move|p1a: Blissey|Wish|p1a: Blissey
|
|-weather|Sandstorm|[upkeep]
|-damage|p1a: Blissey|531\/652|[from] sandstorm
|-heal|p1a: Blissey|571\/652|[from] item: Leftovers
|turn|4
|
|switch|p1a: Forretress|Forretress, M|354\/354
|move|p2a: Hippowdon|Stealth Rock|p1a: Forretress
|-sidestart|p1: princess ariel|move: Stealth Rock
|
|-weather|Sandstorm|[upkeep]
|turn|5
|
|switch|p2a: Breloom|Breloom, M|261\/261
|move|p1a: Forretress|Rapid Spin|p2a: Breloom
|-damage|p2a: Breloom|247\/261
|-sideend|p1: princess ariel|Stealth Rock|[from] move: Rapid Spin|[of] p1a: Forretress
|
|-weather|Sandstorm|[upkeep]
|-damage|p2a: Breloom|231\/261|[from] sandstorm
|turn|6
|
|switch|p1a: Skarmory|Skarmory, M|334\/334
|move|p2a: Breloom|Spore|p1a: Skarmory
|-status|p1a: Skarmory|slp
|
|-weather|Sandstorm|[upkeep]
|-damage|p2a: Breloom|215\/261|[from] sandstorm
|turn|7
|
|switch|p2a: Salamence|Salamence, M|331\/331
|switch|p1a: Celebi|Celebi|404\/404
|
|-weather|Sandstorm|[upkeep]
|-damage|p2a: Salamence|311\/331|[from] sandstorm
|-damage|p1a: Celebi|379\/404|[from] sandstorm
|-heal|p1a: Celebi|404\/404|[from] item: Leftovers
|turn|8
|
|switch|p1a: Hippowdon|Hippowdon, M|420\/420
|move|p2a: Salamence|Fire Blast|p1a: Hippowdon|[miss]
|-miss|p2a: Salamence|p1a: Hippowdon
|
|-weather|Sandstorm|[upkeep]
|-damage|p2a: Salamence|291\/331|[from] sandstorm
|turn|9
|
|switch|p1a: Blissey|Blissey, F|571\/652
|move|p2a: Salamence|Hydro Pump|p1a: Blissey
|-damage|p1a: Blissey|458\/652
|-damage|p2a: Salamence|258\/331|[from] item: Life Orb
|
|-weather|Sandstorm|[upkeep]
|-damage|p2a: Salamence|238\/331|[from] sandstorm
|-damage|p1a: Blissey|418\/652|[from] sandstorm
|-heal|p1a: Blissey|458\/652|[from] item: Leftovers
|turn|10
|
|switch|p1a: Forretress|Forretress, M|354\/354
|move|p2a: Salamence|Outrage|p1a: Forretress
|-resisted|p1a: Forretress
|-damage|p1a: Forretress|268\/354
|-damage|p2a: Salamence|205\/331|[from] item: Life Orb
|
|-weather|Sandstorm|[upkeep]
|-damage|p2a: Salamence|185\/331|[from] sandstorm
|-heal|p1a: Forretress|290\/354|[from] item: Leftovers
|turn|11
|
|move|p2a: Salamence|Outrage|p1a: Forretress
|-resisted|p1a: Forretress
|-damage|p1a: Forretress|198\/354
|-damage|p2a: Salamence|152\/331|[from] item: Life Orb
|move|p1a: Forretress|Hidden Power|p2a: Salamence
|-supereffective|p2a: Salamence
|-damage|p2a: Salamence|0 fnt
|faint|p2a: Salamence
|
|-weather|Sandstorm|[upkeep]
|-heal|p1a: Forretress|220\/354|[from] item: Leftovers
|c|★Altestadores|humpf
|c|★Altestadores|that team seems to be really really bad
|-message|Altestadores forfeited.
|
|win|princess ariel
|raw|Ladder updating...
|raw|princess ariel's rating: 1340 &rarr; <strong>1350<\/strong><br \/>(+10 for winning)
|raw|Altestadores's rating: 1159 &rarr; <strong>1146<\/strong><br \/>(-13 for losing)
|leave|Altestadores
|player|p2