|J|Altestadores
|J|Moonclawz
|player|p1|Altestadores|286
|player|p2|Moonclawz|99
|gametype|singles
|gen|5
|tier|[Gen 5] OU
|rule|Evasion Abilities Clause: Evasion abilities are banned
|clearpoke
|poke|p1|Jirachi
|poke|p1|Scizor, M
|poke|p1|Magnezone
|poke|p1|Kyurem-Black
|poke|p1|Garchomp, M
|poke|p1|Dragonite, M
|poke|p2|Jirachi
|poke|p2|Forretress, M
|poke|p2|Salamence, M
|poke|p2|Tyranitar, F
|poke|p2|Latios, M
|poke|p2|Keldeo
|rule|Sleep Clause Mod: Limit one foe put to sleep
|rule|Species Clause: Limit one of each Pokémon
|rule|OHKO Clause: OHKO moves are banned
|rule|Moody Clause: Moody is banned
|rule|Evasion Moves Clause: Evasion moves are banned
|rule|Endless Battle Clause: Forcing endless battles is banned
|rule|HP Percentage Mod: HP is shown in percentages
|teampreview
|J|Moony
|c|★Altestadores|hf
|c|★Moonclawz|gl hf
|J|Rigas
|
|start
|switch|p1a: Jirachi|Jirachi|355\/355
|switch|p2a: Forretress|Forretress, M|353\/353
|turn|1
|J|HERO Lasen
|J|jungerJabbler
|J|Stathakis
|
|move|p1a: Jirachi|Stealth Rock|p2a: Forretress
|-sidestart|p2: Moonclawz|move: Stealth Rock
|move|p2a: Forretress|Stealth Rock|p1a: Jirachi
|-sidestart|p1: Altestadores|move: Stealth Rock
|
|turn|2
|J|Asuk4
|
|move|p1a: Jirachi|U-turn|p2a: Forretress
|-resisted|p2a: Forretress
|-damage|p2a: Forretress|333\/353
|
|switch|p1a: Magnezone|Magnezone|309\/309
|-damage|p1a: Magnezone|290\/309|[from] Stealth Rock
|move|p2a: Forretress|Rapid Spin|p1a: Magnezone
|-resisted|p1a: Magnezone
|-damage|p1a: Magnezone|280\/309
|-sideend|p2: Moonclawz|Stealth Rock|[from] move: Rapid Spin|[of] p2a: Forretress
|
|turn|3
|J|Lockheeed
|
|move|p1a: Magnezone|Hidden Power|p2a: Forretress
|-supereffective|p2a: Forretress
|-damage|p2a: Forretress|0 fnt
|faint|p2a: Forretress
|
|J|BluBirD
|
|switch|p2a: Keldeo|Keldeo|323\/323
|turn|4
|J|RockyLoutsa
|
|move|p2a: Keldeo|Secret Sword|p1a: Magnezone
|-supereffective|p1a: Magnezone
|-damage|p1a: Magnezone|0 fnt
|faint|p1a: Magnezone
|
|J|Zenadark
|
|switch|p1a: Jirachi|Jirachi|355\/355
|-damage|p1a: Jirachi|333\/355|[from] Stealth Rock
|turn|5
|
|switch|p2a: Jirachi|Jirachi|341\/341
|move|p1a: Jirachi|Stealth Rock|p2a: Jirachi
|-sidestart|p2: Moonclawz|move: Stealth Rock
|
|turn|6
|
|move|p2a: Jirachi|U-turn|p1a: Jirachi
|-damage|p1a: Jirachi|261\/355
|
|switch|p2a: Keldeo|Keldeo|323\/323
|-damage|p2a: Keldeo|303\/323|[from] Stealth Rock
|move|p1a: Jirachi|U-turn|p2a: Keldeo
|-resisted|p2a: Keldeo
|-damage|p2a: Keldeo|275\/323
|
|switch|p1a: Garchomp|Garchomp, M|357\/357
|-damage|p1a: Garchomp|335\/357|[from] Stealth Rock
|
|turn|7
|J|Son of Zeusss
|J|potato14798
|
|switch|p1a: Jirachi|Jirachi|261\/355
|-damage|p1a: Jirachi|239\/355|[from] Stealth Rock
|move|p2a: Keldeo|Icy Wind|p1a: Jirachi
|-resisted|p1a: Jirachi
|-damage|p1a: Jirachi|182\/355
|-unboost|p1a: Jirachi|spe|1
|
|turn|8
|J|Lanueba
|J|dedic
|
|move|p2a: Keldeo|Icy Wind|p1a: Jirachi
|-resisted|p1a: Jirachi
|-damage|p1a: Jirachi|126\/355
|-unboost|p1a: Jirachi|spe|1
|move|p1a: Jirachi|Icy Wind|p2a: Keldeo
|-resisted|p2a: Keldeo
|-damage|p2a: Keldeo|243\/323
|-unboost|p2a: Keldeo|spe|1
|
|turn|9
|
|switch|p2a: Jirachi|Jirachi|341\/341
|-damage|p2a: Jirachi|320\/341|[from] Stealth Rock
|move|p1a: Jirachi|Grass Knot|p2a: Jirachi
|-resisted|p2a: Jirachi
|-damage|p2a: Jirachi|308\/341
|
|turn|10
|
|move|p2a: Jirachi|Iron Head|p1a: Jirachi
|-resisted|p1a: Jirachi
|-damage|p1a: Jirachi|67\/355
|move|p1a: Jirachi|U-turn|p2a: Jirachi
|-damage|p2a: Jirachi|248\/341
|J|Ludo974
|
|switch|p1a: Garchomp|Garchomp, M|335\/357
|-damage|p1a: Garchomp|313\/357|[from] Stealth Rock
|
|turn|11
|
|switch|p2a: Salamence|Salamence, M|331\/331
|-damage|p2a: Salamence|249\/331|[from] Stealth Rock
|-ability|p2a: Salamence|Intimidate|[of] p1a: Garchomp
|-unboost|p1a: Garchomp|atk|1
|move|p1a: Garchomp|Draco Meteor|p2a: Salamence
|-enditem|p1a: Garchomp|Dragon Gem|[from] gem|[move] Draco Meteor
|-supereffective|p2a: Salamence
|-damage|p2a: Salamence|0 fnt
|-unboost|p1a: Garchomp|spa|2
|faint|p2a: Salamence
|
|
|switch|p2a: Keldeo|Keldeo|243\/323
|-damage|p2a: Keldeo|223\/323|[from] Stealth Rock
|turn|12
|
|switch|p1a: Jirachi|Jirachi|67\/355
|-damage|p1a: Jirachi|45\/355|[from] Stealth Rock
|move|p2a: Keldeo|Hydro Pump|p1a: Jirachi
|-damage|p1a: Jirachi|0 fnt
|faint|p1a: Jirachi
|
|
|switch|p1a: Kyurem-Black|Kyurem-Black|391\/391
|-damage|p1a: Kyurem-Black|294\/391|[from] Stealth Rock
|-ability|p1a: Kyurem-Black|Teravolt
|turn|13
|
|switch|p2a: Jirachi|Jirachi|248\/341
|-damage|p2a: Jirachi|227\/341|[from] Stealth Rock
|move|p1a: Kyurem-Black|Dragon Claw|p2a: Jirachi
|-resisted|p2a: Jirachi
|-damage|p2a: Jirachi|80\/341
|
|turn|14
|L|RockyLoutsa
|
|switch|p1a: Garchomp|Garchomp, M|313\/357
|-damage|p1a: Garchomp|291\/357|[from] Stealth Rock
|move|p2a: Jirachi|Ice Punch|p1a: Garchomp
|-supereffective|p1a: Garchomp
|-damage|p1a: Garchomp|0 fnt
|-damage|p2a: Jirachi|38\/341|[from] ability: Rough Skin|[of] p1a: Garchomp
|faint|p1a: Garchomp
|
|
|switch|p1a: Scizor|Scizor, M|319\/319
|-damage|p1a: Scizor|280\/319|[from] Stealth Rock
|turn|15
|
|switch|p2a: Keldeo|Keldeo|223\/323
|-damage|p2a: Keldeo|203\/323|[from] Stealth Rock
|move|p1a: Scizor|Bullet Punch|p2a: Keldeo
|-resisted|p2a: Keldeo
|-damage|p2a: Keldeo|105\/323
|
|turn|16
|
|switch|p1a: Kyurem-Black|Kyurem-Black|294\/391
|-damage|p1a: Kyurem-Black|197\/391|[from] Stealth Rock
|-ability|p1a: Kyurem-Black|Teravolt
|move|p2a: Keldeo|Hydro Pump|p1a: Kyurem-Black
|-resisted|p1a: Kyurem-Black
|-damage|p1a: Kyurem-Black|8\/391
|
|turn|17
|J|boudouche
|
|switch|p2a: Jirachi|Jirachi|38\/341
|-damage|p2a: Jirachi|17\/341|[from] Stealth Rock
|move|p1a: Kyurem-Black|Dragon Claw|p2a: Jirachi
|-resisted|p2a: Jirachi
|-damage|p2a: Jirachi|0 fnt
|faint|p2a: Jirachi
|
|L|Lanueba
|
|switch|p2a: Tyranitar|Tyranitar, F|403\/403
|-damage|p2a: Tyranitar|353\/403|[from] Stealth Rock
|-weather|Sandstorm|[from] ability: Sand Stream|[of] p2a: Tyranitar
|turn|18
|
|move|p1a: Kyurem-Black|Dragon Claw|p2a: Tyranitar
|-damage|p2a: Tyranitar|107\/403
|move|p2a: Tyranitar|Fire Blast|p1a: Kyurem-Black
|-damage|p1a: Kyurem-Black|0 fnt
|faint|p1a: Kyurem-Black
|
|-weather|Sandstorm|[upkeep]
|J|Finggers Crossed
|J|Fiend Hound
|J|Ernes
|
|switch|p1a: Scizor|Scizor, M|280\/319
|-damage|p1a: Scizor|241\/319|[from] Stealth Rock
|turn|19
|
|move|p1a: Scizor|Bullet Punch|p2a: Tyranitar
|-supereffective|p2a: Tyranitar
|-damage|p2a: Tyranitar|0 fnt
|faint|p2a: Tyranitar
|
|-weather|Sandstorm|[upkeep]
|c|+Son of Zeusss|3 steels 3 dragonz
|c|+Son of Zeusss|the building phase is here 
|c|★Altestadores|yh
|J|Leftiez
|
|switch|p2a: Keldeo|Keldeo|105\/323
|-damage|p2a: Keldeo|85\/323|[from] Stealth Rock
|turn|20
|c|+Son of Zeusss|icy wind yn 
|
|move|p1a: Scizor|Bullet Punch|p2a: Keldeo
|-resisted|p2a: Keldeo
|-damage|p2a: Keldeo|0 fnt
|faint|p2a: Keldeo
|
|-weather|Sandstorm|[upkeep]
|
|switch|p2a: Latios|Latios, M|301\/301
|-damage|p2a: Latios|264\/301|[from] Stealth Rock
|turn|21
|
|move|p1a: Scizor|Bullet Punch|p2a: Latios
|-crit|p2a: Latios
|-damage|p2a: Latios|0 fnt
|faint|p2a: Latios
|
|win|Altestadores
|c|★Moonclawz|gg
|c|★Altestadores|gg
|L|Son of Zeusss
|L|Moony
|L|Altestadores
|player|p1
|L|BluBirD
|J|Altestadores
|L|dedic
|L|Leftiez