|join|bassplayer
|join|Tythaeus
|player|p1|bassplayer|2
|player|p2|Tythaeus|190
|gametype|singles
|gen|6
|tier|OU
|clearpoke
|poke|p1|Landorus-Therian, M
|poke|p1|Magnezone
|poke|p1|Pinsir, M
|poke|p1|Rotom-Wash
|poke|p1|Latias, F
|poke|p1|Clefable, F
|poke|p2|Sableye, F
|poke|p2|Heatran, M
|poke|p2|Breloom, F
|poke|p2|Rotom-Wash
|poke|p2|Gardevoir, M
|poke|p2|Landorus-Therian, M
|rule|Swagger Clause: Swagger is banned
|rule|Baton Pass Clause: Limit one Pokémon knowing Baton Pass
|rule|Sleep Clause Mod: Limit one foe put to sleep
|rule|Species Clause: Limit one of each Pokémon
|rule|OHKO Clause: OHKO moves are banned
|rule|Moody Clause: Moody is banned
|rule|Evasion Moves Clause: Evasion moves are banned
|rule|Endless Battle Clause: Forcing endless battles is banned
|rule|HP Percentage Mod: HP is shown in percentages
|teampreview
|c|★bassplayer|hi
|c|★bassplayer|gl
|c|★Tythaeus|U2
|c|★Tythaeus|Using tablet so im a lil laggy
|c|★bassplayer|np
|c|★Tythaeus|If i randomly leave i had to refresh
|c|★bassplayer|i like to play without hurry
|
|start
|switch|p1a: Clefable|Clefable, F|393\/393
|switch|p2a: Gardevoir|Gardevoir, M|278\/278
|-ability|p2a: Gardevoir|Magic Guard|[from] ability: Trace|[of] p1a: Clefable
|turn|1
|
|switch|p2a: Heatran|Heatran, M|323\/323
|move|p1a: Clefable|Stealth Rock|p2a: Heatran
|-sidestart|p2: Tythaeus|move: Stealth Rock
|
|turn|2
|
|switch|p1a: Rotom-Wash|Rotom-Wash|303\/303
|move|p2a: Heatran|Stealth Rock|p1a: Rotom-Wash
|-sidestart|p1: bassplayer|move: Stealth Rock
|
|turn|3
|
|switch|p2a: Rotom-Wash|Rotom-Wash|304\/304
|-damage|p2a: Rotom-Wash|266\/304|[from] Stealth Rock
|move|p1a: Rotom-Wash|Hydro Pump|p2a: Rotom-Wash
|-resisted|p2a: Rotom-Wash
|-damage|p2a: Rotom-Wash|202\/304
|
|-heal|p2a: Rotom-Wash|221\/304|[from] item: Leftovers
|turn|4
|
|move|p2a: Rotom-Wash|Volt Switch|p1a: Rotom-Wash
|-damage|p1a: Rotom-Wash|219\/303
|
|switch|p2a: Heatran|Heatran, M|323\/323
|-damage|p2a: Heatran|283\/323|[from] Stealth Rock
|move|p1a: Rotom-Wash|Volt Switch|p2a: Heatran
|-damage|p2a: Heatran|198\/323
|
|switch|p1a: Pinsir|Pinsir, M|271\/271
|-damage|p1a: Pinsir|204\/271|[from] Stealth Rock
|
|-heal|p2a: Heatran|218\/323|[from] item: Leftovers
|turn|5
|
|switch|p2a: Landorus-Therian|Landorus-Therian, M|319\/319
|-damage|p2a: Landorus-Therian|280\/319|[from] Stealth Rock
|-ability|p2a: Landorus-Therian|Intimidate|[of] p1a: Pinsir
|-fail|p1a: Pinsir|unboost|Attack|[from] ability: Hyper Cutter|[of] p1a: Pinsir
|detailschange|p1a: Pinsir|Pinsir-Mega, M
|-mega|p1a: Pinsir|Pinsir|Pinsirite
|move|p1a: Pinsir|Close Combat|p2a: Landorus-Therian
|-resisted|p2a: Landorus-Therian
|-damage|p2a: Landorus-Therian|190\/319
|-unboost|p1a: Pinsir|def|1
|-unboost|p1a: Pinsir|spd|1
|
|turn|6
|
|switch|p1a: Clefable|Clefable, F|393\/393
|move|p2a: Landorus-Therian|U-turn|p1a: Clefable
|-resisted|p1a: Clefable
|-damage|p1a: Clefable|346\/393
|
|switch|p2a: Heatran|Heatran, M|218\/323
|-damage|p2a: Heatran|178\/323|[from] Stealth Rock
|
|-heal|p2a: Heatran|198\/323|[from] item: Leftovers
|-heal|p1a: Clefable|370\/393|[from] item: Leftovers
|turn|7
|
|switch|p1a: Magnezone|Magnezone|343\/343
|-damage|p1a: Magnezone|322\/343|[from] Stealth Rock
|move|p2a: Heatran|Flash Cannon|p1a: Magnezone
|-resisted|p1a: Magnezone
|-damage|p1a: Magnezone|277\/343
|
|-heal|p2a: Heatran|218\/323|[from] item: Leftovers
|turn|8
|
|switch|p1a: Rotom-Wash|Rotom-Wash|219\/303
|-damage|p1a: Rotom-Wash|182\/303|[from] Stealth Rock
|move|p2a: Heatran|Fire Blast|p1a: Rotom-Wash
|-resisted|p1a: Rotom-Wash
|-damage|p1a: Rotom-Wash|94\/303
|
|-heal|p2a: Heatran|238\/323|[from] item: Leftovers
|-heal|p1a: Rotom-Wash|112\/303|[from] item: Leftovers
|turn|9
|
|switch|p2a: Breloom|Breloom, F|261\/261
|-damage|p2a: Breloom|245\/261|[from] Stealth Rock
|move|p1a: Rotom-Wash|Pain Split|p2a: Breloom
|-sethp|p2a: Breloom|178\/261|p1a: Rotom-Wash|178\/303|[from] move: Pain Split
|
|-heal|p1a: Rotom-Wash|196\/303|[from] item: Leftovers
|turn|10
|
|move|p2a: Breloom|Spore|p1a: Rotom-Wash
|-status|p1a: Rotom-Wash|slp
|cant|p1a: Rotom-Wash|slp
|
|-heal|p1a: Rotom-Wash|214\/303 slp|[from] item: Leftovers
|turn|11
|
|switch|p1a: Landorus-Therian|Landorus-Therian, M|319\/319
|-damage|p1a: Landorus-Therian|280\/319|[from] Stealth Rock
|-ability|p1a: Landorus-Therian|Intimidate|[of] p2a: Breloom
|-unboost|p2a: Breloom|atk|1
|move|p2a: Breloom|Rock Tomb|p1a: Landorus-Therian
|-damage|p1a: Landorus-Therian|177\/319
|-unboost|p1a: Landorus-Therian|spe|1
|-damage|p2a: Breloom|152\/261|[from] item: Life Orb
|
|turn|12
|
|switch|p2a: Landorus-Therian|Landorus-Therian, M|190\/319
|-damage|p2a: Landorus-Therian|151\/319|[from] Stealth Rock
|-ability|p2a: Landorus-Therian|Intimidate|[of] p1a: Landorus-Therian
|-unboost|p1a: Landorus-Therian|atk|1
|move|p1a: Landorus-Therian|U-turn|p2a: Landorus-Therian
|-resisted|p2a: Landorus-Therian
|-damage|p2a: Landorus-Therian|113\/319
|
|switch|p1a: Clefable|Clefable, F|370\/393
|
|-heal|p1a: Clefable|393\/393|[from] item: Leftovers
|turn|13
|
|move|p2a: Landorus-Therian|U-turn|p1a: Clefable
|-resisted|p1a: Clefable
|-damage|p1a: Clefable|348\/393
|
|switch|p2a: Heatran|Heatran, M|238\/323
|-damage|p2a: Heatran|198\/323|[from] Stealth Rock
|move|p1a: Clefable|Heal Bell|p1a: Clefable
|-cureteam|p1a: Clefable|[from] move: HealBell
|
|-heal|p2a: Heatran|218\/323|[from] item: Leftovers
|-heal|p1a: Clefable|372\/393|[from] item: Leftovers
|turn|14
|
|switch|p1a: Rotom-Wash|Rotom-Wash|214\/303
|-damage|p1a: Rotom-Wash|177\/303|[from] Stealth Rock
|move|p2a: Heatran|Fire Blast|p1a: Rotom-Wash|[miss]
|-miss|p2a: Heatran|p1a: Rotom-Wash
|
|-heal|p2a: Heatran|238\/323|[from] item: Leftovers
|-heal|p1a: Rotom-Wash|195\/303|[from] item: Leftovers
|turn|15
|
|switch|p2a: Breloom|Breloom, F|152\/261
|-damage|p2a: Breloom|136\/261|[from] Stealth Rock
|move|p1a: Rotom-Wash|Hydro Pump|p2a: Breloom
|-resisted|p2a: Breloom
|-damage|p2a: Breloom|31\/261
|
|-heal|p1a: Rotom-Wash|213\/303|[from] item: Leftovers
|turn|16
|
|move|p2a: Breloom|Spore|p1a: Rotom-Wash
|-status|p1a: Rotom-Wash|slp
|cant|p1a: Rotom-Wash|slp
|
|-heal|p1a: Rotom-Wash|231\/303 slp|[from] item: Leftovers
|turn|17
|
|switch|p1a: Clefable|Clefable, F|372\/393
|move|p2a: Breloom|Rock Tomb|p1a: Clefable
|-damage|p1a: Clefable|224\/393
|-unboost|p1a: Clefable|spe|1
|-damage|p2a: Breloom|5\/261|[from] item: Life Orb
|
|-heal|p1a: Clefable|248\/393|[from] item: Leftovers
|turn|18
|
|move|p2a: Breloom|Bullet Seed|p1a: Clefable
|-damage|p1a: Clefable|158\/393
|-damage|p1a: Clefable|63\/393
|-hitcount|p1a: Clefable|2
|-damage|p2a: Breloom|0 fnt|[from] item: Life Orb
|faint|p2a: Breloom
|move|p1a: Clefable|Soft-Boiled|p1a: Clefable
|-heal|p1a: Clefable|260\/393
|
|-heal|p1a: Clefable|284\/393|[from] item: Leftovers
|
|switch|p2a: Heatran|Heatran, M|238\/323
|-damage|p2a: Heatran|198\/323|[from] Stealth Rock
|turn|19
|c|★Tythaeus|Lag test
|c|★bassplayer|working
|c|★bassplayer|im thinking
|c|★Tythaeus|K
|
|switch|p1a: Rotom-Wash|Rotom-Wash|231\/303 slp
|-damage|p1a: Rotom-Wash|194\/303 slp|[from] Stealth Rock
|move|p2a: Heatran|Flash Cannon|p1a: Rotom-Wash
|-resisted|p1a: Rotom-Wash
|-damage|p1a: Rotom-Wash|162\/303 slp
|
|-heal|p2a: Heatran|218\/323|[from] item: Leftovers
|-heal|p1a: Rotom-Wash|180\/303 slp|[from] item: Leftovers
|turn|20
|
|switch|p2a: Rotom-Wash|Rotom-Wash|221\/304
|-damage|p2a: Rotom-Wash|183\/304|[from] Stealth Rock
|cant|p1a: Rotom-Wash|slp
|
|-heal|p2a: Rotom-Wash|202\/304|[from] item: Leftovers
|-heal|p1a: Rotom-Wash|198\/303 slp|[from] item: Leftovers
|turn|21
|
|move|p2a: Rotom-Wash|Volt Switch|p1a: Rotom-Wash
|-damage|p1a: Rotom-Wash|123\/303 slp
|
|switch|p2a: Landorus-Therian|Landorus-Therian, M|113\/319
|-damage|p2a: Landorus-Therian|74\/319|[from] Stealth Rock
|-ability|p2a: Landorus-Therian|Intimidate|[of] p1a: Rotom-Wash
|-unboost|p1a: Rotom-Wash|atk|1
|cant|p1a: Rotom-Wash|slp
|
|-heal|p1a: Rotom-Wash|141\/303 slp|[from] item: Leftovers
|turn|22
|
|move|p2a: Landorus-Therian|Knock Off|p1a: Rotom-Wash
|-damage|p1a: Rotom-Wash|58\/303 slp
|-enditem|p1a: Rotom-Wash|Leftovers|[from] move: Knock Off|[of] p2a: Landorus-Therian
|-curestatus|p1a: Rotom-Wash|slp
|move|p1a: Rotom-Wash|Volt Switch|p2a: Landorus-Therian
|-immune|p2a: Landorus-Therian|[msg]
|
|turn|23
|
|move|p2a: Landorus-Therian|Knock Off|p1a: Rotom-Wash
|-damage|p1a: Rotom-Wash|0 fnt
|faint|p1a: Rotom-Wash
|
|
|switch|p1a: Pinsir|Pinsir-Mega, M|204\/271
|-damage|p1a: Pinsir|69\/271|[from] Stealth Rock
|turn|24
|
|move|p1a: Pinsir|Quick Attack|p2a: Landorus-Therian
|-damage|p2a: Landorus-Therian|0 fnt
|faint|p2a: Landorus-Therian
|
|
|switch|p2a: Gardevoir|Gardevoir, M|278\/278
|-damage|p2a: Gardevoir|244\/278|[from] Stealth Rock
|-ability|p2a: Gardevoir|Aerilate|[from] ability: Trace|[of] p1a: Pinsir
|turn|25
|
|move|p2a: Gardevoir|Moonblast|p1a: Pinsir
|-damage|p1a: Pinsir|0 fnt
|faint|p1a: Pinsir
|
|
|switch|p1a: Magnezone|Magnezone|277\/343
|-damage|p1a: Magnezone|256\/343|[from] Stealth Rock
|turn|26
|
|switch|p2a: Rotom-Wash|Rotom-Wash|202\/304
|-damage|p2a: Rotom-Wash|164\/304|[from] Stealth Rock
|move|p1a: Magnezone|Volt Switch|p2a: Rotom-Wash
|-damage|p2a: Rotom-Wash|0 fnt
|faint|p2a: Rotom-Wash
|
|switch|p1a: Landorus-Therian|Landorus-Therian, M|177\/319
|-damage|p1a: Landorus-Therian|138\/319|[from] Stealth Rock
|
|
|switch|p2a: Gardevoir|Gardevoir, M|244\/278
|-damage|p2a: Gardevoir|210\/278|[from] Stealth Rock
|-ability|p2a: Gardevoir|Intimidate|[from] ability: Trace|[of] p1a: Landorus-Therian
|-ability|p2a: Gardevoir|Intimidate|[of] p1a: Landorus-Therian
|-unboost|p1a: Landorus-Therian|atk|1
|turn|27
|
|switch|p1a: Clefable|Clefable, F|284\/393
|move|p2a: Gardevoir|Moonblast|p1a: Clefable
|-damage|p1a: Clefable|136\/393
|
|-heal|p1a: Clefable|160\/393|[from] item: Leftovers
|turn|28
|
|move|p2a: Gardevoir|Moonblast|p1a: Clefable
|-damage|p1a: Clefable|0 fnt
|faint|p1a: Clefable
|
|
|switch|p1a: Magnezone|Magnezone|256\/343
|-damage|p1a: Magnezone|235\/343|[from] Stealth Rock
|turn|29
|
|switch|p2a: Heatran|Heatran, M|218\/323
|-damage|p2a: Heatran|178\/323|[from] Stealth Rock
|move|p1a: Magnezone|Volt Switch|p2a: Heatran
|-damage|p2a: Heatran|0 fnt
|faint|p2a: Heatran
|
|switch|p1a: Latias|Latias, F|301\/301
|-damage|p1a: Latias|264\/301|[from] Stealth Rock
|
|
|switch|p2a: Gardevoir|Gardevoir, M|210\/278
|-damage|p2a: Gardevoir|176\/278|[from] Stealth Rock
|-ability|p2a: Gardevoir|Levitate|[from] ability: Trace|[of] p1a: Latias
|turn|30
|
|move|p2a: Gardevoir|Focus Blast|p1a: Latias
|-resisted|p1a: Latias
|-damage|p1a: Latias|213\/301
|move|p1a: Latias|Psyshock|p2a: Gardevoir
|-resisted|p2a: Gardevoir
|-damage|p2a: Gardevoir|71\/278
|-damage|p1a: Latias|183\/301|[from] item: Life Orb
|
|turn|31
|
|switch|p2a: Sableye|Sableye, F|304\/304
|-damage|p2a: Sableye|266\/304|[from] Stealth Rock
|move|p1a: Latias|Draco Meteor|p2a: Sableye
|-damage|p2a: Sableye|0 fnt
|-unboost|p1a: Latias|spa|2
|-damage|p1a: Latias|153\/301|[from] item: Life Orb
|faint|p2a: Sableye
|
|
|switch|p2a: Gardevoir|Gardevoir, M|71\/278
|-damage|p2a: Gardevoir|37\/278|[from] Stealth Rock
|-ability|p2a: Gardevoir|Levitate|[from] ability: Trace|[of] p1a: Latias
|turn|32
|
|switch|p1a: Landorus-Therian|Landorus-Therian, M|138\/319
|-damage|p1a: Landorus-Therian|99\/319|[from] Stealth Rock
|-ability|p1a: Landorus-Therian|Intimidate|[of] p2a: Gardevoir
|-unboost|p2a: Gardevoir|atk|1
|move|p2a: Gardevoir|Moonblast|p1a: Landorus-Therian
|-damage|p1a: Landorus-Therian|0 fnt
|faint|p1a: Landorus-Therian
|
|
|switch|p1a: Magnezone|Magnezone|235\/343
|-damage|p1a: Magnezone|214\/343|[from] Stealth Rock
|turn|33
|
|move|p2a: Gardevoir|Moonblast|p1a: Magnezone
|-resisted|p1a: Magnezone
|-damage|p1a: Magnezone|127\/343
|move|p1a: Magnezone|Flash Cannon|p2a: Gardevoir
|-supereffective|p2a: Gardevoir
|-damage|p2a: Gardevoir|0 fnt
|faint|p2a: Gardevoir
|
|win|bassplayer
|c|★bassplayer|gg man
|leave|Tythaeus
|player|p2