|join|Tythaeus
|join|empoleonmaster1
|player|p1|Tythaeus|82
|player|p2|empoleonmaster1|238
|gametype|singles
|gen|6
|tier|OU
|clearpoke
|poke|p1|Sableye, F
|poke|p1|Talonflame, F
|poke|p1|Excadrill, F
|poke|p1|Clefable, F
|poke|p1|Gastrodon, F
|poke|p1|Rotom-Wash
|poke|p2|Chesnaught, M
|poke|p2|Empoleon, M
|poke|p2|Talonflame, M
|poke|p2|Gallade, M
|poke|p2|Gengar, M
|poke|p2|Sylveon, F
|rule|Swagger Clause: Swagger is banned
|rule|Baton Pass Clause: Limit one Pokémon knowing Baton Pass
|rule|Sleep Clause Mod: Limit one foe put to sleep
|rule|Species Clause: Limit one of each Pokémon
|rule|OHKO Clause: OHKO moves are banned
|rule|Moody Clause: Moody is banned
|rule|Evasion Moves Clause: Evasion moves are banned
|rule|Endless Battle Clause: Forcing endless battles is banned
|rule|HP Percentage Mod: HP is shown in percentages
|teampreview
|
|start
|switch|p1a: Sableye|Sableye, F|303\/303
|switch|p2a: Sylveon|Sylveon, F|394\/394
|turn|1
|join|Tyranitar248
|c|★empoleonmaster1|testing this team
|c|★Tythaeus|Me too
|c|★empoleonmaster1|just made it about 20 min ago
|c|★empoleonmaster1|glhf
|c| Tyranitar248|no one uses mega audino
|
|switch|p1a: Excadrill|Excadrill, F|424\/424
|-ability|p1a: Excadrill|Mold Breaker
|move|p2a: Sylveon|Toxic|p1a: Excadrill
|-fail|p1a: Excadrill
|
|turn|2
|
|switch|p2a: Chesnaught|Chesnaught, M|341\/341
|move|p1a: Excadrill|Stealth Rock|p2a: Chesnaught
|-sidestart|p2: empoleonmaster1|move: Stealth Rock
|
|turn|3
|leave|Tyranitar248
|
|switch|p1a: Sableye|Sableye, F|303\/303
|move|p2a: Chesnaught|Wood Hammer|p1a: Sableye
|-damage|p1a: Sableye|146\/303
|-damage|p2a: Chesnaught|289\/341|[from] recoil|[of] p1a: Sableye
|
|-heal|p2a: Chesnaught|310\/341|[from] item: Leftovers
|turn|4
|c|★empoleonmaster1|kinda expected
|
|switch|p2a: Empoleon|Empoleon, M|371\/371
|-damage|p2a: Empoleon|348\/371|[from] Stealth Rock
|detailschange|p1a: Sableye|Sableye-Mega, F
|message|Sableye has Mega Evolved into Mega Sableye!
|move|p1a: Sableye|Recover|p1a: Sableye
|-heal|p1a: Sableye|298\/303
|
|-heal|p2a: Empoleon|371\/371|[from] item: Leftovers
|turn|5
|
|move|p2a: Empoleon|Defog|p1a: Sableye
|move|p1a: Sableye|Defog|p2a: Empoleon|[from]Magic Bounce
|-unboost|p2a: Empoleon|evasion|1
|-sideend|p2: empoleonmaster1|Stealth Rock|[from] move: Defog|[of] p2a: Empoleon
|move|p1a: Sableye|Knock Off|p2a: Empoleon
|-damage|p2a: Empoleon|263\/371
|-enditem|p2a: Empoleon|Leftovers|[from] move: Knock Off|[of] p1a: Sableye
|
|turn|6
|
|switch|p1a: Gastrodon|Gastrodon, F|426\/426
|move|p2a: Empoleon|Scald|p1a: Gastrodon
|-boost|p1a: Gastrodon|spa|1|[from] ability: Storm Drain
|
|turn|7
|c|★empoleonmaster1|u reading me like an open book
|
|switch|p2a: Sylveon|Sylveon, F|394\/394
|switch|p1a: Sableye|Sableye-Mega, F|298\/303
|
|turn|8
|
|switch|p1a: Talonflame|Talonflame, F|317\/317
|move|p2a: Sylveon|Hyper Voice|p1a: Talonflame
|-resisted|p1a: Talonflame
|-damage|p1a: Talonflame|222\/317
|
|-heal|p1a: Talonflame|241\/317|[from] item: Leftovers
|turn|9
|
|move|p1a: Talonflame|Flare Blitz|p2a: Sylveon
|-damage|p2a: Sylveon|202\/394
|-damage|p1a: Talonflame|178\/317|[from] recoil|[of] p2a: Sylveon
|move|p2a: Sylveon|Toxic|p1a: Talonflame
|-status|p1a: Talonflame|tox
|
|-heal|p1a: Talonflame|197\/317 tox|[from] item: Leftovers
|-heal|p2a: Sylveon|226\/394|[from] item: Leftovers
|-damage|p1a: Talonflame|178\/317 tox|[from] psn
|turn|10
|
|switch|p1a: Clefable|Clefable, F|394\/394
|move|p2a: Sylveon|Wish|p2a: Sylveon
|
|-heal|p2a: Sylveon|250\/394|[from] item: Leftovers
|turn|11
|
|move|p1a: Clefable|Heal Bell|p1a: Clefable
|-cureteam|p1a: Clefable|[from] move: HealBell
|move|p2a: Sylveon|Hyper Voice|p1a: Clefable
|-damage|p1a: Clefable|268\/394
|
|-heal|p2a: Sylveon|394\/394|[from] move: Wish|[wisher] Sylveon
|-heal|p1a: Clefable|292\/394|[from] item: Leftovers
|turn|12
|
|switch|p2a: Talonflame|Talonflame, M|345\/345
|move|p1a: Clefable|Wish|p1a: Clefable
|
|-heal|p1a: Clefable|316\/394|[from] item: Leftovers
|turn|13
|
|switch|p1a: Rotom-Wash|Rotom-Wash|304\/304
|move|p2a: Talonflame|Brave Bird|p1a: Rotom-Wash
|-resisted|p1a: Rotom-Wash
|-damage|p1a: Rotom-Wash|228\/304
|-damage|p2a: Talonflame|320\/345|[from] recoil|[of] p1a: Rotom-Wash
|
|-heal|p1a: Rotom-Wash|304\/304|[from] move: Wish|[wisher] Clefable
|turn|14
|
|switch|p2a: Sylveon|Sylveon, F|394\/394
|move|p1a: Rotom-Wash|Thunder Wave|p2a: Sylveon
|-status|p2a: Sylveon|par
|
|turn|15
|
|move|p1a: Rotom-Wash|Volt Switch|p2a: Sylveon
|-damage|p2a: Sylveon|340\/394 par
|
|switch|p1a: Excadrill|Excadrill, F|424\/424
|-ability|p1a: Excadrill|Mold Breaker
|move|p2a: Sylveon|Heal Bell|p2a: Sylveon
|-cureteam|p2a: Sylveon|[from] move: HealBell
|
|-heal|p2a: Sylveon|364\/394|[from] item: Leftovers
|turn|16
|
|switch|p2a: Chesnaught|Chesnaught, M|310\/341
|move|p1a: Excadrill|Stealth Rock|p2a: Chesnaught
|-sidestart|p2: empoleonmaster1|move: Stealth Rock
|
|-heal|p2a: Chesnaught|331\/341|[from] item: Leftovers
|turn|17
|
|switch|p1a: Sableye|Sableye-Mega, F|298\/303
|move|p2a: Chesnaught|Wood Hammer|p1a: Sableye
|-damage|p1a: Sableye|175\/303
|-damage|p2a: Chesnaught|290\/341|[from] recoil|[of] p1a: Sableye
|
|-heal|p2a: Chesnaught|311\/341|[from] item: Leftovers
|turn|18
|
|switch|p2a: Empoleon|Empoleon, M|263\/371
|-damage|p2a: Empoleon|240\/371|[from] Stealth Rock
|move|p1a: Sableye|Recover|p1a: Sableye
|-heal|p1a: Sableye|303\/303
|
|turn|19
|
|move|p2a: Empoleon|Stealth Rock|p1a: Sableye
|move|p1a: Sableye|Stealth Rock|p2a: Empoleon|[from]Magic Bounce
|-fail|p2a: Empoleon
|move|p1a: Sableye|Will-O-Wisp|p2a: Empoleon
|-status|p2a: Empoleon|brn
|
|-damage|p2a: Empoleon|194\/371 brn|[from] brn
|turn|20
|c|★empoleonmaster1|fuck i always forget
|
|move|p2a: Empoleon|Scald|p1a: Sableye
|-damage|p1a: Sableye|213\/303
|move|p1a: Sableye|Knock Off|p2a: Empoleon
|-damage|p2a: Empoleon|124\/371 brn
|
|-damage|p2a: Empoleon|78\/371 brn|[from] brn
|turn|21
|
|switch|p2a: Sylveon|Sylveon, F|364\/394
|-damage|p2a: Sylveon|315\/394|[from] Stealth Rock
|move|p1a: Sableye|Recover|p1a: Sableye
|-heal|p1a: Sableye|303\/303
|
|-heal|p2a: Sylveon|339\/394|[from] item: Leftovers
|turn|22
|
|move|p2a: Sylveon|Heal Bell|p2a: Sylveon
|-cureteam|p2a: Sylveon|[from] move: HealBell
|move|p1a: Sableye|Knock Off|p2a: Sylveon
|-resisted|p2a: Sylveon
|-damage|p2a: Sylveon|282\/394
|-enditem|p2a: Sylveon|Leftovers|[from] move: Knock Off|[of] p1a: Sableye
|
|turn|23
|
|switch|p1a: Excadrill|Excadrill, F|424\/424
|-ability|p1a: Excadrill|Mold Breaker
|move|p2a: Sylveon|Wish|p2a: Sylveon
|
|turn|24
|
|switch|p2a: Chesnaught|Chesnaught, M|311\/341
|-damage|p2a: Chesnaught|290\/341|[from] Stealth Rock
|move|p1a: Excadrill|Earthquake|p2a: Chesnaught
|-resisted|p2a: Chesnaught
|-damage|p2a: Chesnaught|224\/341
|
|-heal|p2a: Chesnaught|341\/341|[from] move: Wish|[wisher] Sylveon
|turn|25
|
|switch|p1a: Talonflame|Talonflame, F|178\/317
|switch|p2a: Empoleon|Empoleon, M|78\/371
|-damage|p2a: Empoleon|55\/371|[from] Stealth Rock
|
|-heal|p1a: Talonflame|197\/317|[from] item: Leftovers
|turn|26
|
|move|p1a: Talonflame|Flare Blitz|p2a: Empoleon
|-damage|p2a: Empoleon|0 fnt
|-damage|p1a: Talonflame|179\/317|[from] recoil|[of] p2a: Empoleon
|faint|p2a: Empoleon
|
|-heal|p1a: Talonflame|198\/317|[from] item: Leftovers
|player|p2|Guest 532936|238
|leave|Guest 532936
|player|p2
|-message|Player 2 lost due to inactivity.
|
|win|Tythaeus