|join|Tythaeus
|join|Tattooed Tooth
|player|p1|Tythaeus|96
|player|p2|Tattooed Tooth|17
|gametype|singles
|gen|6
|tier|OU
|clearpoke
|poke|p1|Politoed, F
|poke|p1|Swampert, F
|poke|p1|Celebi
|poke|p1|Manaphy
|poke|p1|Klefki, M
|poke|p1|Magnezone, shiny
|poke|p2|Scizor, F
|poke|p2|Slowbro, M
|poke|p2|Florges, F
|poke|p2|Weavile, M
|poke|p2|Salamence, M
|poke|p2|Venomoth, F
|rule|Swagger Clause: Swagger is banned
|rule|Baton Pass Clause: Limit one Pokémon knowing Baton Pass
|rule|Sleep Clause Mod: Limit one foe put to sleep
|rule|Species Clause: Limit one of each Pokémon
|rule|OHKO Clause: OHKO moves are banned
|rule|Moody Clause: Moody is banned
|rule|Evasion Moves Clause: Evasion moves are banned
|rule|Endless Battle Clause: Forcing endless battles is banned
|rule|HP Percentage Mod: HP is shown in percentages
|teampreview
|c|★Tattooed Tooth|gg btw
|
|start
|switch|p1a: In The Zone|Magnezone, shiny|287\/287
|switch|p2a: Weavile|Weavile, M|282\/282
|-ability|p2a: Weavile|Pressure
|turn|1
|
|switch|p1a: Doctor P|Politoed, F|384\/384
|-weather|RainDance
|move|p2a: Weavile|Knock Off|p1a: Doctor P
|-damage|p1a: Doctor P|107\/384
|-enditem|p1a: Doctor P|Damp Rock|[from] move: Knock Off|[of] p2a: Weavile
|-damage|p2a: Weavile|254\/282|[from] item: Life Orb
|
|-weather|RainDance|[upkeep]
|turn|2
|
|switch|p2a: Slowbro|Slowbro, M|394\/394
|move|p1a: Doctor P|Scald|p2a: Slowbro
|-resisted|p2a: Slowbro
|-damage|p2a: Slowbro|322\/394
|
|-weather|RainDance|[upkeep]
|turn|3
|
|switch|p1a: Manaphy|Manaphy|378\/378
|detailschange|p2a: Slowbro|Slowbro-Mega, M
|-mega|p2a: Slowbro|Slowbro|Slowbronite
|move|p2a: Slowbro|Psyshock|p1a: Manaphy
|-damage|p1a: Manaphy|219\/378
|
|-weather|RainDance|[upkeep]
|-heal|p1a: Manaphy|242\/378|[from] item: Leftovers
|turn|4
|
|switch|p2a: Weavile|Weavile, M|254\/282
|-ability|p2a: Weavile|Pressure
|move|p1a: Manaphy|Tail Glow|p1a: Manaphy
|-boost|p1a: Manaphy|spa|3
|
|-weather|RainDance|[upkeep]
|-heal|p1a: Manaphy|265\/378|[from] item: Leftovers
|turn|5
|
|switch|p1a: Klefki|Klefki, M|318\/318
|move|p2a: Weavile|Fake Out|p1a: Klefki
|-resisted|p1a: Klefki
|-damage|p1a: Klefki|296\/318
|-damage|p2a: Weavile|226\/282|[from] item: Life Orb
|
|-weather|RainDance|[upkeep]
|turn|6
|
|switch|p2a: Scizor|Scizor, F|344\/344
|move|p1a: Klefki|Thunder Wave|p2a: Scizor
|-status|p2a: Scizor|par
|
|-weather|RainDance|[upkeep]
|turn|7
|
|move|p1a: Klefki|Reflect|p1a: Klefki
|-sidestart|p1: Tythaeus|Reflect
|cant|p2a: Scizor|par
|
|-weather|RainDance|[upkeep]
|turn|8
|
|move|p1a: Klefki|Foul Play|p2a: Scizor
|-damage|p2a: Scizor|277\/344 par
|move|p2a: Scizor|Defog|p1a: Klefki
|-unboost|p1a: Klefki|evasion|1
|-sideend|p1: Tythaeus|Reflect
|-sideend|p1: Tythaeus|Reflect|[from] move: Defog|[of] p1a: Klefki
|
|-weather|none
|turn|9
|
|switch|p2a: Salamence|Salamence, M|331\/331
|move|p1a: Klefki|Reflect|p1a: Klefki
|-sidestart|p1: Tythaeus|Reflect
|
|turn|10
|
|switch|p2a: Florges|Florges, F|360\/360
|move|p1a: Klefki|Thunder Wave|p2a: Florges
|-status|p2a: Florges|par
|
|turn|11
|
|switch|p1a: In The Zone|Magnezone, shiny|287\/287
|move|p2a: Florges|Aromatherapy|p2a: Florges
|-cureteam|p2a: Florges|[from] move: Aromatherapy
|
|turn|12
|
|move|p1a: In The Zone|Volt Switch|p2a: Florges
|-damage|p2a: Florges|296\/360
|
|switch|p1a: Klefki|Klefki, M|296\/318
|move|p2a: Florges|Moonblast|p1a: Klefki
|-resisted|p1a: Klefki
|-damage|p1a: Klefki|229\/318
|
|-heal|p2a: Florges|318\/360|[from] item: Leftovers
|turn|13
|
|move|p1a: Klefki|Light Screen|p1a: Klefki
|-sidestart|p1: Tythaeus|move: Light Screen
|move|p2a: Florges|Moonblast|p1a: Klefki
|-resisted|p1a: Klefki
|-damage|p1a: Klefki|195\/318
|
|-heal|p2a: Florges|340\/360|[from] item: Leftovers
|turn|14
|
|switch|p2a: Scizor|Scizor, F|277\/344
|switch|p1a: In The Zone|Magnezone, shiny|287\/287
|
|turn|15
|
|move|p1a: In The Zone|Hidden Power|p2a: Scizor
|-supereffective|p2a: Scizor
|-damage|p2a: Scizor|0 fnt
|faint|p2a: Scizor
|
|
|switch|p2a: Weavile|Weavile, M|226\/282
|-ability|p2a: Weavile|Pressure
|turn|16
|
|switch|p1a: Beef|Swampert, F|366\/366
|move|p2a: Weavile|Brick Break|p1a: Beef
|-sideend|p1: Tythaeus|Reflect
|-sideend|p1: Tythaeus|move: Light Screen
|-damage|p1a: Beef|250\/366
|-damage|p2a: Weavile|198\/282|[from] item: Life Orb
|
|turn|17
|
|switch|p2a: Venomoth|Venomoth, F|281\/281
|detailschange|p1a: Beef|Swampert-Mega, F
|-mega|p1a: Beef|Swampert|Swampertite
|move|p1a: Beef|Waterfall|p2a: Venomoth
|-damage|p2a: Venomoth|20\/281
|
|turn|18
|c|★Tattooed Tooth|terrible misplay u.u
|
|switch|p1a: Klefki|Klefki, M|195\/318
|move|p2a: Venomoth|Bug Buzz|p1a: Klefki
|-resisted|p1a: Klefki
|-damage|p1a: Klefki|117\/318
|
|turn|19
|
|move|p1a: Klefki|Thunder Wave|p2a: Venomoth
|-status|p2a: Venomoth|par
|move|p2a: Venomoth|Sleep Powder|p1a: Klefki
|-status|p1a: Klefki|slp
|
|turn|20
|
|switch|p1a: In The Zone|Magnezone, shiny|287\/287
|switch|p2a: Weavile|Weavile, M|198\/282
|-ability|p2a: Weavile|Pressure
|
|turn|21
|
|switch|p1a: Doctor P|Politoed, F|107\/384
|-weather|RainDance
|move|p2a: Weavile|Knock Off|p1a: Doctor P
|-crit|p1a: Doctor P
|-damage|p1a: Doctor P|0 fnt
|-damage|p2a: Weavile|170\/282|[from] item: Life Orb
|faint|p1a: Doctor P
|
|-weather|RainDance|[upkeep]
|c|★Tattooed Tooth|19 turns later, heh
|
|switch|p1a: Beef|Swampert-Mega, F|250\/366
|turn|22
|
|switch|p2a: Venomoth|Venomoth, F|20\/281 par
|move|p1a: Beef|Earthquake|p2a: Venomoth
|-damage|p2a: Venomoth|0 fnt
|faint|p2a: Venomoth
|
|-weather|RainDance|[upkeep]
|
|switch|p2a: Weavile|Weavile, M|170\/282
|-ability|p2a: Weavile|Pressure
|turn|23
|
|move|p2a: Weavile|Fake Out|p1a: Beef
|-damage|p1a: Beef|194\/366
|-damage|p2a: Weavile|142\/282|[from] item: Life Orb
|cant|p1a: Beef|flinch
|
|-weather|RainDance|[upkeep]
|turn|24
|
|switch|p2a: Salamence|Salamence, M|331\/331
|move|p1a: Beef|Waterfall|p2a: Salamence
|-resisted|p2a: Salamence
|-damage|p2a: Salamence|166\/331
|
|-weather|RainDance|[upkeep]
|turn|25
|
|switch|p2a: Slowbro|Slowbro-Mega, M|322\/394
|move|p1a: Beef|Ice Punch|p2a: Slowbro
|-resisted|p2a: Slowbro
|-damage|p2a: Slowbro|287\/394
|
|-weather|none
|turn|26
|
|switch|p1a: Celebi|Celebi|404\/404
|move|p2a: Slowbro|Psyshock|p1a: Celebi
|-resisted|p1a: Celebi
|-damage|p1a: Celebi|323\/404
|
|-heal|p1a: Celebi|348\/404|[from] item: Leftovers
|turn|27
|
|move|p1a: Celebi|Stealth Rock|p2a: Slowbro
|-sidestart|p2: Tattooed Tooth|move: Stealth Rock
|move|p2a: Slowbro|Flamethrower|p1a: Celebi
|-supereffective|p1a: Celebi
|-damage|p1a: Celebi|164\/404
|-status|p1a: Celebi|brn
|
|-heal|p1a: Celebi|189\/404 brn|[from] item: Leftovers
|-damage|p1a: Celebi|139\/404 brn|[from] brn
|turn|28
|
|switch|p2a: Florges|Florges, F|340\/360
|-damage|p2a: Florges|295\/360|[from] Stealth Rock
|move|p1a: Celebi|Healing Wish|p1a: Celebi
|faint|p1a: Celebi
|
|-heal|p2a: Florges|317\/360|[from] item: Leftovers
|
|switch|p1a: Klefki|Klefki, M|117\/318 slp
|-heal|p1a: Klefki|318\/318|[from] move: Healing Wish
|turn|29
|
|switch|p2a: Slowbro|Slowbro-Mega, M|287\/394
|-damage|p2a: Slowbro|238\/394|[from] Stealth Rock
|switch|p1a: In The Zone|Magnezone, shiny|287\/287
|
|turn|30
|
|switch|p2a: Florges|Florges, F|317\/360
|-damage|p2a: Florges|272\/360|[from] Stealth Rock
|move|p1a: In The Zone|Thunderbolt|p2a: Florges
|-damage|p2a: Florges|185\/360
|
|-heal|p2a: Florges|207\/360|[from] item: Leftovers
|turn|31
|
|move|p1a: In The Zone|Thunderbolt|p2a: Florges
|-damage|p2a: Florges|125\/360
|-status|p2a: Florges|par
|cant|p2a: Florges|par
|
|-heal|p2a: Florges|147\/360 par|[from] item: Leftovers
|turn|32
|
|cant|p2a: Florges|par
|move|p1a: In The Zone|Thunderbolt|p2a: Florges
|-damage|p2a: Florges|54\/360 par
|
|-heal|p2a: Florges|76\/360 par|[from] item: Leftovers
|turn|33
|
|move|p2a: Florges|Protect|p2a: Florges
|-singleturn|p2a: Florges|Protect
|move|p1a: In The Zone|Thunderbolt|p2a: Florges
|-activate|p2a: Florges|Protect
|
|-heal|p2a: Florges|98\/360 par|[from] item: Leftovers
|turn|34
|
|move|p1a: In The Zone|Thunderbolt|p2a: Florges
|-damage|p2a: Florges|19\/360 par
|move|p2a: Florges|Wish|p2a: Florges
|
|-heal|p2a: Florges|41\/360 par|[from] item: Leftovers
|turn|35
|
|cant|p2a: Florges|par
|move|p1a: In The Zone|Thunderbolt|p2a: Florges
|-damage|p2a: Florges|0 fnt
|faint|p2a: Florges
|
|
|switch|p2a: Salamence|Salamence, M|166\/331
|-damage|p2a: Salamence|84\/331|[from] Stealth Rock
|turn|36
|c|★Tythaeus|Stalling gets you nowhere lol
|c|★Tattooed Tooth|just because of paralisis
|
|switch|p1a: Klefki|Klefki, M|318\/318
|move|p2a: Salamence|Earthquake|p1a: Klefki
|-supereffective|p1a: Klefki
|-damage|p1a: Klefki|120\/318
|
|turn|37
|
|switch|p1a: Beef|Swampert-Mega, F|194\/366
|move|p2a: Salamence|Earthquake|p1a: Beef
|-damage|p1a: Beef|79\/366
|
|turn|38
|
|move|p2a: Salamence|Earthquake|p1a: Beef
|-damage|p1a: Beef|0 fnt
|faint|p1a: Beef
|-boost|p2a: Salamence|atk|1|[from] ability: Moxie
|
|
|switch|p1a: Manaphy|Manaphy|265\/378
|turn|39
|
|move|p2a: Salamence|Dragon Dance|p2a: Salamence
|-boost|p2a: Salamence|atk|1
|-boost|p2a: Salamence|spe|1
|move|p1a: Manaphy|Psychic|p2a: Salamence
|-damage|p2a: Salamence|0 fnt
|faint|p2a: Salamence
|
|-heal|p1a: Manaphy|288\/378|[from] item: Leftovers
|c|★Tythaeus|Oh, not scarfed
|
|switch|p2a: Weavile|Weavile, M|142\/282
|-damage|p2a: Weavile|72\/282|[from] Stealth Rock
|-ability|p2a: Weavile|Pressure
|turn|40
|
|move|p2a: Weavile|Fake Out|p1a: Manaphy
|-damage|p1a: Manaphy|232\/378
|-damage|p2a: Weavile|44\/282|[from] item: Life Orb
|cant|p1a: Manaphy|flinch
|
|-heal|p1a: Manaphy|255\/378|[from] item: Leftovers
|turn|41
|
|move|p2a: Weavile|Knock Off|p1a: Manaphy
|-damage|p1a: Manaphy|35\/378
|-enditem|p1a: Manaphy|Leftovers|[from] move: Knock Off|[of] p2a: Weavile
|-damage|p2a: Weavile|16\/282|[from] item: Life Orb
|move|p1a: Manaphy|Scald|p2a: Weavile
|-crit|p2a: Weavile
|-damage|p2a: Weavile|0 fnt
|faint|p2a: Weavile
|
|
|switch|p2a: Slowbro|Slowbro-Mega, M|238\/394
|-damage|p2a: Slowbro|189\/394|[from] Stealth Rock
|turn|42
|
|move|p1a: Manaphy|Tail Glow|p1a: Manaphy
|-boost|p1a: Manaphy|spa|3
|move|p2a: Slowbro|Slack Off|p2a: Slowbro
|-heal|p2a: Slowbro|386\/394
|
|turn|43
|
|move|p1a: Manaphy|Scald|p2a: Slowbro
|-resisted|p2a: Slowbro
|-damage|p2a: Slowbro|203\/394
|move|p2a: Slowbro|Psyshock|p1a: Manaphy
|-damage|p1a: Manaphy|0 fnt
|faint|p1a: Manaphy
|
|
|switch|p1a: In The Zone|Magnezone, shiny|287\/287
|turn|44
|
|move|p1a: In The Zone|Thunderbolt|p2a: Slowbro
|-supereffective|p2a: Slowbro
|-damage|p2a: Slowbro|0 fnt
|faint|p2a: Slowbro
|
|win|Tythaeus
|c|★Tattooed Tooth|I should have gone dragon claw on manaphy =(
|c|★Tattooed Tooth|gg
|c|★Tythaeus|Gg
|leave|Tythaeus
|player|p1