|join|Mohammad
|join|Richizen
|player|p1|Mohammad|1
|player|p2|Richizen|266
|gametype|singles
|gen|6
|tier|OU
|rated
|clearpoke
|poke|p1|Landorus-Therian, M, shiny
|poke|p1|Bisharp, M, shiny
|poke|p1|Medicham, F, shiny
|poke|p1|Greninja, F, shiny
|poke|p1|Togekiss, F, shiny
|poke|p1|Ferrothorn, M, shiny
|poke|p2|Nidoking, M
|poke|p2|Gyarados, M
|poke|p2|Mew
|poke|p2|Weavile, F, shiny
|poke|p2|Hawlucha, M, shiny
|poke|p2|Manectric, F, shiny
|rule|Swagger Clause: Swagger is banned
|rule|Baton Pass Clause: Limit one Pokémon knowing Baton Pass
|rule|Sleep Clause Mod: Limit one foe put to sleep
|rule|Species Clause: Limit one of each Pokémon
|rule|OHKO Clause: OHKO moves are banned
|rule|Moody Clause: Moody is banned
|rule|Evasion Moves Clause: Evasion moves are banned
|rule|Endless Battle Clause: Forcing endless battles is banned
|rule|HP Percentage Mod: HP is shown in percentages
|teampreview
|
|start
|switch|p1a: Medicham|Medicham, F, shiny|262\/262
|switch|p2a: Shinrei|Mew|403\/403
|turn|1
|
|detailschange|p1a: Medicham|Medicham-Mega, F, shiny
|message|Medicham has Mega Evolved into Mega Medicham!
|move|p1a: Medicham|Fake Out|p2a: Shinrei
|-damage|p2a: Shinrei|340\/403
|cant|p2a: Shinrei|flinch
|
|-heal|p2a: Shinrei|365\/403|[from] item: Leftovers
|turn|2
|
|switch|p1a: Ferrothorn|Ferrothorn, M, shiny|352\/352
|move|p2a: Shinrei|Stealth Rock|p1a: Ferrothorn
|-sidestart|p1: Mohammad|move: Stealth Rock
|
|-heal|p2a: Shinrei|390\/403|[from] item: Leftovers
|turn|3
|
|switch|p2a: Burger King|Nidoking, M|365\/365
|move|p1a: Ferrothorn|Leech Seed|p2a: Burger King
|-start|p2a: Burger King|move: Leech Seed
|
|-damage|p2a: Burger King|320\/365|[from] Leech Seed|[of] p1a: Ferrothorn
|turn|4
|
|move|p2a: Burger King|Ice Beam|p1a: Ferrothorn
|-damage|p1a: Ferrothorn|243\/352
|move|p1a: Ferrothorn|Gyro Ball|p2a: Burger King
|-damage|p2a: Burger King|154\/365
|
|-damage|p2a: Burger King|109\/365|[from] Leech Seed|[of] p1a: Ferrothorn
|-heal|p1a: Ferrothorn|288\/352|[silent]
|turn|5
|
|switch|p1a: Medicham|Medicham-Mega, F, shiny|262\/262
|-damage|p1a: Medicham|246\/262|[from] Stealth Rock
|move|p2a: Burger King|Flamethrower|p1a: Medicham
|-damage|p1a: Medicham|82\/262
|
|-damage|p2a: Burger King|64\/365|[from] Leech Seed|[of] p1a: Medicham
|-heal|p1a: Medicham|127\/262|[silent]
|turn|6
|
|move|p1a: Medicham|Fake Out|p2a: Burger King
|-damage|p2a: Burger King|0 fnt
|faint|p2a: Burger King
|
|
|switch|p2a: Mexitacos|Hawlucha, M, shiny|299\/299
|turn|7
|
|switch|p1a: Landorus-Therian|Landorus-Therian, M, shiny|382\/382
|-damage|p1a: Landorus-Therian|335\/382|[from] Stealth Rock
|-ability|p1a: Landorus-Therian|Intimidate|[of] p2a: Mexitacos
|-unboost|p2a: Mexitacos|atk|1
|move|p2a: Mexitacos|Swords Dance|p2a: Mexitacos
|-boost|p2a: Mexitacos|atk|2
|
|-heal|p1a: Landorus-Therian|358\/382|[from] item: Leftovers
|turn|8
|
|move|p2a: Mexitacos|Sky Attack|p1a: Landorus-Therian|[still]
|-prepare|p2a: Mexitacos|Sky Attack|p1a: Landorus-Therian
|-enditem|p2a: Mexitacos|Power Herb
|-anim|p2a: Mexitacos|Sky Attack|p1a: Landorus-Therian
|-damage|p1a: Landorus-Therian|7\/382
|cant|p1a: Landorus-Therian|flinch
|
|-heal|p1a: Landorus-Therian|30\/382|[from] item: Leftovers
|turn|9
|
|move|p2a: Mexitacos|Acrobatics|p1a: Landorus-Therian
|-damage|p1a: Landorus-Therian|0 fnt
|faint|p1a: Landorus-Therian
|
|
|switch|p1a: Ferrothorn|Ferrothorn, M, shiny|288\/352
|-damage|p1a: Ferrothorn|266\/352|[from] Stealth Rock
|turn|10
|
|move|p2a: Mexitacos|High Jump Kick|p1a: Ferrothorn
|-supereffective|p1a: Ferrothorn
|-damage|p1a: Ferrothorn|0 fnt
|-damage|p2a: Mexitacos|262\/299|[from] ability: Iron Barbs|[of] p1a: Ferrothorn
|-damage|p2a: Mexitacos|213\/299|[from] item: Rocky Helmet|[of] p1a: Ferrothorn
|faint|p1a: Ferrothorn
|
|
|switch|p1a: Togekiss|Togekiss, F, shiny|374\/374
|-damage|p1a: Togekiss|281\/374|[from] Stealth Rock
|turn|11
|
|move|p2a: Mexitacos|Acrobatics|p1a: Togekiss
|-damage|p1a: Togekiss|0 fnt
|faint|p1a: Togekiss
|
|-message|Mohammad forfeited.
|
|win|Richizen
|raw|Ladder updating...
|leave|Mohammad
|player|p1
|raw|Mohammad's rating: 1620 &rarr; <strong>1598<\/strong><br \/>(-22 for losing)
|raw|Richizen's rating: 1590 &rarr; <strong>1612<\/strong><br \/>(+22 for winning)