|join|lil manaphy
|join|Mohammad
|player|p1|lil manaphy|8
|player|p2|Mohammad|42
|gametype|singles
|gen|6
|tier|OU
|rated
|clearpoke
|poke|p1|Lopunny, M
|poke|p1|Rotom-Wash
|poke|p1|Gothitelle, F
|poke|p1|Mandibuzz, F
|poke|p1|Heatran, M
|poke|p1|Celebi
|poke|p2|Landorus-Therian, M, shiny
|poke|p2|Greninja, M, shiny
|poke|p2|Reuniclus, F, shiny
|poke|p2|Chansey, F, shiny
|poke|p2|Charizard, F, shiny
|poke|p2|Scizor, F, shiny
|rule|Swagger Clause: Swagger is banned
|rule|Baton Pass Clause: Limit one Pokémon knowing Baton Pass
|rule|Sleep Clause Mod: Limit one foe put to sleep
|rule|Species Clause: Limit one of each Pokémon
|rule|OHKO Clause: OHKO moves are banned
|rule|Moody Clause: Moody is banned
|rule|Evasion Moves Clause: Evasion moves are banned
|rule|Endless Battle Clause: Forcing endless battles is banned
|rule|HP Percentage Mod: HP is shown in percentages
|teampreview
|
|start
|switch|p1a: Lopunny|Lopunny, M|271\/271
|switch|p2a: Charizard|Charizard, F, shiny|307\/307
|turn|1
|
|switch|p2a: Landorus-Therian|Landorus-Therian, M, shiny|382\/382
|-ability|p2a: Landorus-Therian|Intimidate|[of] p1a: Lopunny
|-unboost|p1a: Lopunny|atk|1
|detailschange|p1a: Lopunny|Lopunny-Mega, M
|message|Lopunny has Mega Evolved into Mega Lopunny!
|move|p1a: Lopunny|Fake Out|p2a: Landorus-Therian
|-damage|p2a: Landorus-Therian|328\/382
|
|-heal|p2a: Landorus-Therian|351\/382|[from] item: Leftovers
|turn|2
|
|switch|p1a: Mandibuzz|Mandibuzz, F|424\/424
|move|p2a: Landorus-Therian|Earthquake|p1a: Mandibuzz
|-immune|p1a: Mandibuzz|[msg]
|
|-heal|p2a: Landorus-Therian|374\/382|[from] item: Leftovers
|turn|3
|
|switch|p2a: Chansey|Chansey, F, shiny|704\/704
|move|p1a: Mandibuzz|Foul Play|p2a: Chansey
|-damage|p2a: Chansey|677\/704
|
|turn|4
|
|switch|p2a: Charizard|Charizard, F, shiny|307\/307
|move|p1a: Mandibuzz|Taunt|p2a: Charizard
|-start|p2a: Charizard|move: Taunt
|
|turn|5
|
|switch|p2a: Scizor|Scizor, F, shiny|344\/344
|move|p1a: Mandibuzz|Foul Play|p2a: Scizor
|-damage|p2a: Scizor|164\/344
|
|-heal|p2a: Scizor|185\/344|[from] item: Leftovers
|turn|6
|
|switch|p2a: Chansey|Chansey, F, shiny|677\/704
|move|p1a: Mandibuzz|Taunt|p2a: Chansey
|-start|p2a: Chansey|move: Taunt
|
|turn|7
|
|switch|p1a: Heatran|Heatran, M|386\/386
|switch|p2a: Greninja|Greninja, M, shiny|286\/286
|
|turn|8
|
|move|p2a: Greninja|Hydro Pump|p1a: Heatran
|-start|p2a: Greninja|typechange|Water|[from] Protean
|-supereffective|p1a: Heatran
|-damage|p1a: Heatran|71\/386
|-damage|p2a: Greninja|258\/286|[from] item: Life Orb
|move|p1a: Heatran|Stealth Rock|p2a: Greninja
|-sidestart|p2: Mohammad|move: Stealth Rock
|
|-heal|p1a: Heatran|95\/386|[from] item: Leftovers
|turn|9
|
|switch|p1a: Rotom-Wash|Rotom-Wash|303\/303
|move|p2a: Greninja|Hydro Pump|p1a: Rotom-Wash
|-resisted|p1a: Rotom-Wash
|-damage|p1a: Rotom-Wash|200\/303
|-damage|p2a: Greninja|230\/286|[from] item: Life Orb
|
|-heal|p1a: Rotom-Wash|218\/303|[from] item: Leftovers
|turn|10
|
|move|p2a: Greninja|Hidden Power|p1a: Rotom-Wash
|-start|p2a: Greninja|typechange|Grass|[from] Protean
|-supereffective|p1a: Rotom-Wash
|-damage|p1a: Rotom-Wash|0 fnt
|-damage|p2a: Greninja|202\/286|[from] item: Life Orb
|faint|p1a: Rotom-Wash
|
|
|switch|p1a: Lopunny|Lopunny-Mega, M|271\/271
|turn|11
|
|switch|p2a: Landorus-Therian|Landorus-Therian, M, shiny|374\/382
|-damage|p2a: Landorus-Therian|327\/382|[from] Stealth Rock
|-ability|p2a: Landorus-Therian|Intimidate|[of] p1a: Lopunny
|-unboost|p1a: Lopunny|atk|1
|move|p1a: Lopunny|Ice Punch|p2a: Landorus-Therian
|-supereffective|p2a: Landorus-Therian
|-damage|p2a: Landorus-Therian|59\/382
|
|-heal|p2a: Landorus-Therian|82\/382|[from] item: Leftovers
|turn|12
|
|move|p1a: Lopunny|Return|p2a: Landorus-Therian
|-crit|p2a: Landorus-Therian
|-damage|p2a: Landorus-Therian|0 fnt
|faint|p2a: Landorus-Therian
|
|
|switch|p2a: Scizor|Scizor, F, shiny|185\/344
|-damage|p2a: Scizor|142\/344|[from] Stealth Rock
|turn|13
|
|move|p1a: Lopunny|High Jump Kick|p2a: Scizor
|-damage|p2a: Scizor|0 fnt
|faint|p2a: Scizor
|
|
|switch|p2a: Reuniclus|Reuniclus, F, shiny|424\/424
|turn|14
|
|switch|p1a: Gothitelle|Gothitelle, F|301\/301
|move|p2a: Reuniclus|Trick Room|p2a: Reuniclus
|-fieldstart|move: Trick Room|[of] p2a: Reuniclus
|
|turn|15
|
|move|p2a: Reuniclus|Shadow Ball|p1a: Gothitelle
|-supereffective|p1a: Gothitelle
|-damage|p1a: Gothitelle|72\/301
|move|p1a: Gothitelle|Trick|p2a: Reuniclus
|-activate|p1a: Gothitelle|move: Trick|[of] p2a: Reuniclus
|-item|p2a: Reuniclus|Choice Scarf|[from] move: Trick
|-item|p1a: Gothitelle|Life Orb|[from] move: Trick
|
|turn|16
|
|switch|p1a: Heatran|Heatran, M|95\/386
|move|p2a: Reuniclus|Focus Blast|p1a: Heatran|[miss]
|-miss|p2a: Reuniclus|p1a: Heatran
|
|-heal|p1a: Heatran|119\/386|[from] item: Leftovers
|turn|17
|
|switch|p1a: Celebi|Celebi|404\/404
|move|p2a: Reuniclus|Focus Blast|p1a: Celebi
|-resisted|p1a: Celebi
|-damage|p1a: Celebi|347\/404
|
|-heal|p1a: Celebi|372\/404|[from] item: Leftovers
|turn|18
|
|switch|p2a: Chansey|Chansey, F, shiny|677\/704
|-damage|p2a: Chansey|589\/704|[from] Stealth Rock
|move|p1a: Celebi|Baton Pass|p1a: Celebi
|
|switch|p1a: Gothitelle|Gothitelle, F|72\/301
|
|-fieldend|move: Trick Room
|turn|19
|
|move|p1a: Gothitelle|Rest|p1a: Gothitelle
|-status|p1a: Gothitelle|slp
|-heal|p1a: Gothitelle|301\/301 slp|[silent]
|-status|p1a: Gothitelle|slp|[from] move: Rest
|move|p2a: Chansey|Seismic Toss|p1a: Gothitelle
|-damage|p1a: Gothitelle|201\/301 slp
|
|turn|20
|
|cant|p1a: Gothitelle|slp
|move|p2a: Chansey|Seismic Toss|p1a: Gothitelle
|-damage|p1a: Gothitelle|101\/301 slp
|
|turn|21
|
|cant|p1a: Gothitelle|slp
|move|p2a: Chansey|Seismic Toss|p1a: Gothitelle
|-damage|p1a: Gothitelle|1\/301 slp
|
|turn|22
|-message|Mohammad forfeited.
|
|win|lil manaphy
|raw|Ladder updating...
|leave|Mohammad
|player|p2