|join|Wolfhead69
|join|Miss Noob
|player|p1|Wolfhead69|102
|player|p2|Miss Noob|283
|gametype|singles
|gen|6
|tier|UU
|rated
|rule|Sleep Clause Mod: Limit one foe put to sleep
|rule|Species Clause: Limit one of each Pokémon
|rule|OHKO Clause: OHKO moves are banned
|rule|Moody Clause: Moody is banned
|rule|Evasion Moves Clause: Evasion moves are banned
|rule|Endless Battle Clause: Forcing endless battles is banned
|rule|HP Percentage Mod: HP is shown in percentages
|clearpoke
|poke|p1|Aerodactyl, F
|poke|p1|Lucario, F
|poke|p1|Chandelure, F
|poke|p1|Galvantula, M
|poke|p1|Donphan, F
|poke|p1|Empoleon, F
|poke|p2|Fletchinder, F, shiny
|poke|p2|Raikou, shiny
|poke|p2|Absol, M
|poke|p2|Donphan, M
|poke|p2|Zygarde
|poke|p2|Uxie
|rule|Swagger Clause: Swagger is banned
|rule|Baton Pass Clause: Limit one Pokémon knowing Baton Pass
|teampreview
|
|start
|switch|p1a: Empoleon|Empoleon, F|372\/372
|switch|p2a: Musho|Raikou, shiny|322\/322
|-ability|p2a: Musho|Pressure
|turn|1
|
|move|p2a: Musho|Substitute|p2a: Musho
|-start|p2a: Musho|Substitute
|-damage|p2a: Musho|242\/322
|move|p1a: Empoleon|Stealth Rock|p2a: Musho
|-sidestart|p2: Miss Noob|move: Stealth Rock
|
|-heal|p2a: Musho|262\/322|[from] item: Leftovers
|turn|2
|
|switch|p1a: Donphan|Donphan, F|384\/384
|move|p2a: Musho|Thunderbolt|p1a: Donphan
|-immune|p1a: Donphan|[msg]
|
|-heal|p2a: Musho|282\/322|[from] item: Leftovers
|turn|3
|
|move|p2a: Musho|Hidden Power|p1a: Donphan
|-supereffective|p1a: Donphan
|-damage|p1a: Donphan|188\/384
|move|p1a: Donphan|Earthquake|p2a: Musho
|-supereffective|p2a: Musho
|-end|p2a: Musho|Substitute
|
|-heal|p2a: Musho|302\/322|[from] item: Leftovers
|-heal|p1a: Donphan|212\/384|[from] item: Leftovers
|turn|4
|
|switch|p2a: Uzzi|Uxie|353\/353
|-damage|p2a: Uzzi|309\/353|[from] Stealth Rock
|move|p1a: Donphan|Knock Off|p2a: Uzzi
|-supereffective|p2a: Uzzi
|-damage|p2a: Uzzi|121\/353
|-enditem|p2a: Uzzi|Leftovers|[from] move: Knock Off|[of] p1a: Donphan
|
|-heal|p1a: Donphan|236\/384|[from] item: Leftovers
|turn|5
|
|move|p2a: Uzzi|Stealth Rock|p1a: Donphan
|-sidestart|p1: Wolfhead69|move: Stealth Rock
|move|p1a: Donphan|Knock Off|p2a: Uzzi
|-supereffective|p2a: Uzzi
|-damage|p2a: Uzzi|5\/353
|
|-heal|p1a: Donphan|260\/384|[from] item: Leftovers
|turn|6
|
|move|p2a: Uzzi|Knock Off|p1a: Donphan
|-damage|p1a: Donphan|205\/384
|-enditem|p1a: Donphan|Leftovers|[from] move: Knock Off|[of] p2a: Uzzi
|move|p1a: Donphan|Rapid Spin|p2a: Uzzi
|-damage|p2a: Uzzi|0 fnt
|-sideend|p1: Wolfhead69|Stealth Rock|[from] move: Rapid Spin|[of] p1a: Donphan
|faint|p2a: Uzzi
|
|
|switch|p2a: Rodolfo|Donphan, M|383\/383
|-damage|p2a: Rodolfo|360\/383|[from] Stealth Rock
|turn|7
|
|move|p2a: Rodolfo|Earthquake|p1a: Donphan
|-damage|p1a: Donphan|87\/384
|move|p1a: Donphan|Knock Off|p2a: Rodolfo
|-damage|p2a: Rodolfo|276\/383
|-enditem|p2a: Rodolfo|Leftovers|[from] move: Knock Off|[of] p1a: Donphan
|
|turn|8
|
|move|p2a: Rodolfo|Rapid Spin|p1a: Donphan
|-damage|p1a: Donphan|72\/384
|-sideend|p2: Miss Noob|Stealth Rock|[from] move: Rapid Spin|[of] p2a: Rodolfo
|move|p1a: Donphan|Earthquake|p2a: Rodolfo
|-damage|p2a: Rodolfo|152\/383
|
|turn|9
|
|move|p1a: Donphan|Earthquake|p2a: Rodolfo
|-damage|p2a: Rodolfo|22\/383
|move|p2a: Rodolfo|Earthquake|p1a: Donphan
|-damage|p1a: Donphan|0 fnt
|faint|p1a: Donphan
|
|
|switch|p1a: Empoleon|Empoleon, F|372\/372
|turn|10
|
|move|p1a: Empoleon|Stealth Rock|p2a: Rodolfo
|-sidestart|p2: Miss Noob|move: Stealth Rock
|move|p2a: Rodolfo|Earthquake|p1a: Empoleon
|-supereffective|p1a: Empoleon
|-damage|p1a: Empoleon|166\/372
|
|-heal|p1a: Empoleon|189\/372|[from] item: Leftovers
|turn|11
|
|move|p1a: Empoleon|Scald|p2a: Rodolfo
|-supereffective|p2a: Rodolfo
|-damage|p2a: Rodolfo|0 fnt
|faint|p2a: Rodolfo
|
|-heal|p1a: Empoleon|212\/372|[from] item: Leftovers
|
|switch|p2a: Musho|Raikou, shiny|302\/322
|-damage|p2a: Musho|262\/322|[from] Stealth Rock
|-ability|p2a: Musho|Pressure
|turn|12
|
|move|p2a: Musho|Thunderbolt|p1a: Empoleon
|-supereffective|p1a: Empoleon
|-damage|p1a: Empoleon|0 fnt
|faint|p1a: Empoleon
|
|-heal|p2a: Musho|282\/322|[from] item: Leftovers
|
|switch|p1a: Aerodactyl|Aerodactyl, F|302\/302
|-ability|p1a: Aerodactyl|Pressure
|turn|13
|
|switch|p2a: Lagarton|Zygarde|419\/419
|-damage|p2a: Lagarton|393\/419|[from] Stealth Rock
|-ability|p2a: Lagarton|Aura Break
|detailschange|p1a: Aerodactyl|Aerodactyl-Mega, F
|message|Aerodactyl has Mega Evolved into Mega Aerodactyl!
|move|p1a: Aerodactyl|Earthquake|p2a: Lagarton
|-damage|p2a: Lagarton|286\/419
|
|-heal|p2a: Lagarton|312\/419|[from] item: Leftovers
|turn|14
|
|move|p1a: Aerodactyl|Aerial Ace|p2a: Lagarton
|-damage|p2a: Lagarton|182\/419
|move|p2a: Lagarton|Coil|p2a: Lagarton
|-boost|p2a: Lagarton|atk|1
|-boost|p2a: Lagarton|def|1
|-boost|p2a: Lagarton|accuracy|1
|
|-heal|p2a: Lagarton|208\/419|[from] item: Leftovers
|turn|15
|
|move|p1a: Aerodactyl|Aerial Ace|p2a: Lagarton
|-damage|p2a: Lagarton|129\/419
|move|p2a: Lagarton|Dragon Tail|p1a: Aerodactyl
|-damage|p1a: Aerodactyl|184\/302
|drag|p1a: Lucario|Lucario, F|282\/282
|
|-heal|p2a: Lagarton|155\/419|[from] item: Leftovers
|turn|16
|
|move|p1a: Lucario|Close Combat|p2a: Lagarton
|-damage|p2a: Lagarton|6\/419
|-unboost|p1a: Lucario|def|1
|-unboost|p1a: Lucario|spd|1
|-damage|p1a: Lucario|254\/282|[from] item: Life Orb
|move|p2a: Lagarton|Earthquake|p1a: Lucario
|-supereffective|p1a: Lucario
|-damage|p1a: Lucario|0 fnt
|faint|p1a: Lucario
|
|-heal|p2a: Lagarton|32\/419|[from] item: Leftovers
|
|switch|p1a: Aerodactyl|Aerodactyl-Mega, F|184\/302
|turn|17
|
|move|p1a: Aerodactyl|Aerial Ace|p2a: Lagarton
|-damage|p2a: Lagarton|0 fnt
|faint|p2a: Lagarton
|
|
|switch|p2a: D-Angelo|Absol, M|271\/271
|-damage|p2a: D-Angelo|238\/271|[from] Stealth Rock
|turn|18
|
|switch|p1a: Galvantula|Galvantula, M|282\/282
|detailschange|p2a: D-Angelo|Absol-Mega, M
|message|Absol has Mega Evolved into Mega Absol!
|move|p2a: D-Angelo|Sucker Punch|p1a: Galvantula
|-fail|p1a: Galvantula
|
|turn|19
|
|move|p2a: D-Angelo|Protect|p2a: D-Angelo
|-singleturn|p2a: D-Angelo|Protect
|move|p1a: Galvantula|Bug Buzz|p2a: D-Angelo
|-activate|p2a: D-Angelo|Protect
|
|turn|20
|
|switch|p2a: 5|Fletchinder, F, shiny|327\/327
|-damage|p2a: 5|164\/327|[from] Stealth Rock
|move|p1a: Galvantula|Bug Buzz|p2a: 5
|-resisted|p2a: 5
|-damage|p2a: 5|111\/327
|
|turn|21
|
|switch|p1a: Chandelure|Chandelure, F|261\/261
|move|p2a: 5|Acrobatics|p1a: Chandelure
|-damage|p1a: Chandelure|101\/261
|
|turn|22
|
|move|p2a: 5|Acrobatics|p1a: Chandelure
|-damage|p1a: Chandelure|0 fnt
|faint|p1a: Chandelure
|
|
|switch|p1a: Aerodactyl|Aerodactyl-Mega, F|184\/302
|turn|23
|
|move|p2a: 5|Acrobatics|p1a: Aerodactyl
|-resisted|p1a: Aerodactyl
|-damage|p1a: Aerodactyl|104\/302
|move|p1a: Aerodactyl|Aerial Ace|p2a: 5
|-damage|p2a: 5|0 fnt
|faint|p2a: 5
|
|
|switch|p2a: D-Angelo|Absol-Mega, M|238\/271
|-damage|p2a: D-Angelo|205\/271|[from] Stealth Rock
|turn|24
|
|move|p2a: D-Angelo|Sucker Punch|p1a: Aerodactyl
|-damage|p1a: Aerodactyl|0 fnt
|faint|p1a: Aerodactyl
|
|
|switch|p1a: Galvantula|Galvantula, M|282\/282
|turn|25
|
|move|p2a: D-Angelo|Sucker Punch|p1a: Galvantula
|-damage|p1a: Galvantula|33\/282
|move|p1a: Galvantula|Bug Buzz|p2a: D-Angelo
|-supereffective|p2a: D-Angelo
|-damage|p2a: D-Angelo|0 fnt
|faint|p2a: D-Angelo
|
|c|★Miss Noob|gg
|
|switch|p2a: Musho|Raikou, shiny|282\/322
|-damage|p2a: Musho|242\/322|[from] Stealth Rock
|-ability|p2a: Musho|Pressure
|turn|26
|c|★Wolfhead69|gg
|
|move|p2a: Musho|Thunderbolt|p1a: Galvantula
|-resisted|p1a: Galvantula
|-damage|p1a: Galvantula|0 fnt
|faint|p1a: Galvantula
|
|win|Miss Noob
|raw|Ladder updating...
|leave|Wolfhead69
|player|p1
|raw|Wolfhead69's rating: 1589 &rarr; <strong>1566<\/strong><br \/>(-23 for losing)
|raw|Miss Noob's rating: 1521 &rarr; <strong>1545<\/strong><br \/>(+24 for winning)