|join|VIRUS oO
|join|Uncle Wiseau
|player|p1|VIRUS oO|169
|player|p2|Uncle Wiseau|2
|gametype|singles
|gen|6
|tier|UU
|rated
|rule|Sleep Clause Mod: Limit one foe put to sleep
|rule|Species Clause: Limit one of each Pokémon
|rule|OHKO Clause: OHKO moves are banned
|rule|Moody Clause: Moody is banned
|rule|Evasion Moves Clause: Evasion moves are banned
|rule|Endless Battle Clause: Forcing endless battles is banned
|rule|HP Percentage Mod: HP is reported as percentages
|clearpoke
|poke|p1|Blastoise, M
|poke|p1|Haxorus, F
|poke|p1|Forretress, F
|poke|p1|Jirachi
|poke|p1|Hydreigon, M
|poke|p1|Crobat, M
|poke|p2|Blissey, F
|poke|p2|Suicune
|poke|p2|Victini
|poke|p2|Lucario, M
|poke|p2|Donphan, M
|poke|p2|Roserade, F
|rule|Swagger Clause: Swagger is banned
|rule|Baton Pass Clause: Limit one Pokémon knowing Baton Pass
|teampreview
|
|start
|switch|p1a: Haxorus|Haxorus, F|293\/293
|switch|p2a: Victini|Victini|341\/341
|-ability|p1a: Haxorus|Mold Breaker
|turn|1
|join|Calloflochie
|
|switch|p2a: Donphan|Donphan, M|384\/384
|move|p1a: Haxorus|Earthquake|p2a: Donphan
|-damage|p2a: Donphan|298\/384
|
|-heal|p2a: Donphan|322\/384|[from] item: Leftovers
|turn|2
|join|Um Kek
|
|switch|p1a: Blastoise|Blastoise, M|335\/335
|switch|p2a: Blissey|Blissey, F|714\/714
|
|turn|3
|join|slow testing
|
|switch|p1a: Forretress|Forretress, F|353\/353
|move|p2a: Blissey|Stealth Rock|p1a: Forretress
|-sidestart|p1: VIRUS oO|move: Stealth Rock
|
|turn|4
|
|switch|p2a: Victini|Victini|341\/341
|move|p1a: Forretress|Rapid Spin|p2a: Victini
|-damage|p2a: Victini|326\/341
|-sideend|p1: VIRUS oO|Stealth Rock|[from] move: Rapid Spin|[of] p1a: Forretress
|
|turn|5
|
|switch|p1a: Hydreigon|Hydreigon, M|325\/325
|move|p2a: Victini|V-create|p1a: Hydreigon
|-resisted|p1a: Hydreigon
|-damage|p1a: Hydreigon|86\/325
|-unboost|p2a: Victini|def|1
|-unboost|p2a: Victini|spd|1
|-unboost|p2a: Victini|spe|1
|
|turn|6
|
|switch|p2a: Blissey|Blissey, F|714\/714
|move|p1a: Hydreigon|Draco Meteor|p2a: Blissey
|-damage|p2a: Blissey|503\/714
|-unboost|p1a: Hydreigon|spa|2
|-damage|p1a: Hydreigon|54\/325|[from] item: Life Orb
|
|-heal|p2a: Blissey|547\/714|[from] item: Leftovers
|turn|7
|
|move|p1a: Hydreigon|Superpower|p2a: Blissey
|-supereffective|p2a: Blissey
|-damage|p2a: Blissey|113\/714
|-unboost|p1a: Hydreigon|atk|1
|-unboost|p1a: Hydreigon|def|1
|-damage|p1a: Hydreigon|22\/325|[from] item: Life Orb
|move|p2a: Blissey|Soft-Boiled|p2a: Blissey
|-heal|p2a: Blissey|470\/714
|
|-heal|p2a: Blissey|514\/714|[from] item: Leftovers
|turn|8
|chat|VIRUS oO|weak as fuck
|
|switch|p1a: Haxorus|Haxorus, F|293\/293
|-ability|p1a: Haxorus|Mold Breaker
|move|p2a: Blissey|Stealth Rock|p1a: Haxorus
|-sidestart|p1: VIRUS oO|move: Stealth Rock
|
|-heal|p2a: Blissey|558\/714|[from] item: Leftovers
|turn|9
|
|move|p1a: Haxorus|Swords Dance|p1a: Haxorus
|-boost|p1a: Haxorus|atk|2
|move|p2a: Blissey|Thunder Wave|p1a: Haxorus
|-status|p1a: Haxorus|par
|-enditem|p1a: Haxorus|Lum Berry|[eat]
|-curestatus|p1a: Haxorus|par
|
|-heal|p2a: Blissey|602\/714|[from] item: Leftovers
|turn|10
|
|move|p1a: Haxorus|Outrage|p2a: Blissey
|-damage|p2a: Blissey|0 fnt
|faint|p2a: Blissey
|
|
|switch|p2a: Suicune|Suicune|404\/404
|-ability|p2a: Suicune|Pressure
|turn|11
|
|move|p1a: Haxorus|Outrage|p2a: Suicune
|-damage|p2a: Suicune|80\/404
|move|p2a: Suicune|Ice Beam|p1a: Haxorus
|-crit|p1a: Haxorus
|-supereffective|p1a: Haxorus
|-damage|p1a: Haxorus|55\/293
|
|turn|12
|
|move|p1a: Haxorus|Outrage|p2a: Suicune
|-damage|p2a: Suicune|0 fnt
|faint|p2a: Suicune
|
|-end|p1a: Haxorus|rampage
|-start|p1a: Haxorus|confusion
|
|switch|p2a: Victini|Victini|326\/341
|turn|13
|
|switch|p1a: Hydreigon|Hydreigon, M|22\/325
|-damage|p1a: Hydreigon|0 fnt|[from] Stealth Rock
|faint|p1a: Hydreigon
|move|p2a: Victini|U-turn|p1: Hydreigon|[notarget]
|-notarget
|
|
|switch|p1a: Forretress|Forretress, F|353\/353
|-damage|p1a: Forretress|309\/353|[from] Stealth Rock
|turn|14
|
|move|p2a: Victini|U-turn|p1a: Forretress
|-resisted|p1a: Forretress
|-damage|p1a: Forretress|277\/353
|
|switch|p2a: Lucario|Lucario, M|282\/282
|move|p1a: Forretress|Rapid Spin|p2a: Lucario
|-resisted|p2a: Lucario
|-damage|p2a: Lucario|271\/282
|-sideend|p1: VIRUS oO|Stealth Rock|[from] move: Rapid Spin|[of] p1a: Forretress
|
|-heal|p1a: Forretress|299\/353|[from] item: Leftovers
|turn|15
|
|move|p2a: Lucario|Swords Dance|p2a: Lucario
|-boost|p2a: Lucario|atk|2
|move|p1a: Forretress|Volt Switch|p2a: Lucario
|-damage|p2a: Lucario|221\/282
|
|switch|p1a: Jirachi|Jirachi|341\/341
|
|turn|16
|
|move|p1a: Jirachi|Iron Head|p2a: Lucario
|-resisted|p2a: Lucario
|-damage|p2a: Lucario|143\/282
|cant|p2a: Lucario|flinch
|
|turn|17
|
|move|p1a: Jirachi|Iron Head|p2a: Lucario
|-resisted|p2a: Lucario
|-damage|p2a: Lucario|68\/282
|move|p2a: Lucario|Close Combat|p1a: Jirachi
|-damage|p1a: Jirachi|0 fnt
|-unboost|p2a: Lucario|def|1
|-unboost|p2a: Lucario|spd|1
|-damage|p2a: Lucario|40\/282|[from] item: Life Orb
|faint|p1a: Jirachi
|
|
|switch|p1a: Forretress|Forretress, F|299\/353
|turn|18
|
|switch|p1a: Crobat|Crobat, M|311\/311
|move|p2a: Lucario|Close Combat|p1a: Crobat
|-resisted|p1a: Crobat
|-damage|p1a: Crobat|155\/311
|-unboost|p2a: Lucario|def|1
|-unboost|p2a: Lucario|spd|1
|-damage|p2a: Lucario|12\/282|[from] item: Life Orb
|
|turn|19
|
|switch|p1a: Forretress|Forretress, F|299\/353
|move|p2a: Lucario|Close Combat|p1a: Forretress
|-damage|p1a: Forretress|0 fnt
|-unboost|p2a: Lucario|def|1
|-unboost|p2a: Lucario|spd|1
|-damage|p2a: Lucario|0 fnt|[from] item: Life Orb
|faint|p1a: Forretress
|faint|p2a: Lucario
|
|
|switch|p1a: Crobat|Crobat, M|155\/311
|switch|p2a: Victini|Victini|326\/341
|turn|20
|
|move|p1a: Crobat|Brave Bird|p2a: Victini
|-damage|p2a: Victini|97\/341
|-damage|p1a: Crobat|79\/311|[from] recoil|[of] p2a: Victini
|move|p2a: Victini|V-create|p1a: Crobat
|-damage|p1a: Crobat|0 fnt
|-unboost|p2a: Victini|def|1
|-unboost|p2a: Victini|spd|1
|-unboost|p2a: Victini|spe|1
|faint|p1a: Crobat
|
|
|switch|p1a: Haxorus|Haxorus, F|55\/293
|-ability|p1a: Haxorus|Mold Breaker
|turn|21
|
|switch|p1a: Blastoise|Blastoise, M|335\/335
|move|p2a: Victini|V-create|p1a: Blastoise
|-resisted|p1a: Blastoise
|-damage|p1a: Blastoise|132\/335
|-unboost|p2a: Victini|def|1
|-unboost|p2a: Victini|spd|1
|-unboost|p2a: Victini|spe|1
|
|turn|22
|chat|slow testing|wtf
|chat|VIRUS oO|that made
|chat|VIRUS oO|0 sense
|
|switch|p2a: Roserade|Roserade, F|262\/262
|detailschange|p1a: Blastoise|Blastoise-Mega, M
|message|Blastoise has Mega Evolved into Mega Blastoise!
|move|p1a: Blastoise|Dragon Pulse|p2a: Roserade
|-damage|p2a: Roserade|96\/262
|
|turn|23
|chat|Calloflochie|sacking victini ?_?
|chat|Uncle Wiseau|why would i give you a chance to boost
|chat|slow testing|he was sacking it to bring in phan
|chat|slow testing|made sense to me
|chat|VIRUS oO|because phan beats it at 27
|chat|VIRUS oO|??????
|chat|VIRUS oO|doesnt need to sac tini
|
|move|p2a: Roserade|Leaf Storm|p1a: Blastoise|[miss]
|-miss|p2a: Roserade|p1a: Blastoise
|move|p1a: Blastoise|Dragon Pulse|p2a: Roserade
|-crit|p2a: Roserade
|-damage|p2a: Roserade|0 fnt
|faint|p2a: Roserade
|
|
|switch|p2a: Victini|Victini|97\/341
|turn|24
|chat|Calloflochie|ok now miss
|chat|Calloflochie|and it's a rap
|
|move|p2a: Victini|Bolt Strike|p1a: Blastoise
|-supereffective|p1a: Blastoise
|-damage|p1a: Blastoise|0 fnt
|faint|p1a: Blastoise
|
|
|switch|p1a: Haxorus|Haxorus, F|55\/293
|-ability|p1a: Haxorus|Mold Breaker
|turn|25
|
|move|p2a: Victini|Bolt Strike|p1a: Haxorus
|-resisted|p1a: Haxorus
|-damage|p1a: Haxorus|0 fnt
|faint|p1a: Haxorus
|
|win|Uncle Wiseau
|raw|Ladder updating...
|raw|VIRUS oO's rating: 1544 &rarr; <strong>1527<\/strong><br \/>(-17 for losing)
|raw|Uncle Wiseau's rating: 1586 &rarr; <strong>1604<\/strong><br \/>(+18 for winning)
|leave|VIRUS oO
|player|p1
|leave|slow testing
|leave|Calloflochie