|join|vDark
|join|Uncle Wiseau
|player|p1|vDark|99
|player|p2|Uncle Wiseau|169
|gametype|singles
|gen|6
|tier|UU
|rated
|rule|Sleep Clause Mod: Limit one foe put to sleep
|rule|Species Clause: Limit one of each Pokémon
|rule|OHKO Clause: OHKO moves are banned
|rule|Moody Clause: Moody is banned
|rule|Evasion Moves Clause: Evasion moves are banned
|rule|Endless Battle Clause: Forcing endless battles is banned
|rule|HP Percentage Mod: HP is shown in percentages
|clearpoke
|poke|p1|Empoleon, F
|poke|p1|Entei, shiny
|poke|p1|Jirachi, shiny
|poke|p1|Aerodactyl, M, shiny
|poke|p1|Mienshao, M, shiny
|poke|p1|Krookodile, M
|poke|p2|Medicham, M
|poke|p2|Jirachi
|poke|p2|Suicune
|poke|p2|Darmanitan, F
|poke|p2|Ditto
|poke|p2|Crobat, M
|rule|Swagger Clause: Swagger is banned
|rule|Baton Pass Clause: Limit one Pokémon knowing Baton Pass
|teampreview
|c|★vDark|http:\/\/play.pokemonshowdown.com\/sprites\/xyani\/crobat.gif
|
|start
|switch|p1a: Empoleon|Empoleon, F|372\/372
|switch|p2a: Darmanitan|Darmanitan, F|351\/351
|turn|1
|
|move|p2a: Darmanitan|Flare Blitz|p1a: Empoleon
|-damage|p1a: Empoleon|0 fnt
|-damage|p2a: Darmanitan|228\/351|[from] recoil|[of] p1a: Empoleon
|faint|p1a: Empoleon
|
|
|switch|p1a: Krookodile|Krookodile, M|332\/332
|turn|2
|
|switch|p2a: Suicune|Suicune|403\/403
|-ability|p2a: Suicune|Pressure
|move|p1a: Krookodile|Knock Off|p2a: Suicune
|-damage|p2a: Suicune|247\/403
|-enditem|p2a: Suicune|Chesto Berry|[from] move: Knock Off|[of] p1a: Krookodile
|
|turn|3
|
|switch|p1a: Jirachi|Jirachi, shiny|342\/342
|move|p2a: Suicune|Scald|p1a: Jirachi
|-damage|p1a: Jirachi|245\/342
|
|turn|4
|
|move|p1a: Jirachi|Zen Headbutt|p2a: Suicune|[miss]
|-miss|p1a: Jirachi|p2a: Suicune
|move|p2a: Suicune|Scald|p1a: Jirachi
|-damage|p1a: Jirachi|155\/342
|-status|p1a: Jirachi|brn
|
|-damage|p1a: Jirachi|113\/342 brn|[from] brn
|turn|5
|
|switch|p2a: Jirachi|Jirachi|404\/404
|move|p1a: Jirachi|Zen Headbutt|p2a: Jirachi
|-resisted|p2a: Jirachi
|-damage|p2a: Jirachi|387\/404
|
|-heal|p2a: Jirachi|404\/404|[from] item: Leftovers
|-damage|p1a: Jirachi|71\/342 brn|[from] brn
|turn|6
|
|switch|p1a: Entei|Entei, shiny|371\/371
|-ability|p1a: Entei|Pressure
|move|p2a: Jirachi|Stealth Rock|p1a: Entei
|-sidestart|p1: vDark|move: Stealth Rock
|
|turn|7
|
|switch|p2a: Ditto|Ditto|299\/299
|-transform|p2a: Ditto|p1a: Entei
|-ability|p2a: Ditto|Pressure
|move|p1a: Entei|Sacred Fire|p2a: Ditto
|-resisted|p2a: Ditto
|-damage|p2a: Ditto|146\/299
|
|turn|8
|
|move|p2a: Ditto|Stone Edge|p1a: Entei
|-supereffective|p1a: Entei
|-damage|p1a: Entei|97\/371
|move|p1a: Entei|Sacred Fire|p2a: Ditto
|-resisted|p2a: Ditto
|-damage|p2a: Ditto|0 fnt
|faint|p2a: Ditto
|
|
|switch|p2a: Crobat|Crobat, M|374\/374
|turn|9
|
|move|p2a: Crobat|Brave Bird|p1a: Entei
|-crit|p1a: Entei
|-damage|p1a: Entei|0 fnt
|-damage|p2a: Crobat|342\/374|[from] recoil|[of] p1a: Entei
|faint|p1a: Entei
|
|-heal|p2a: Crobat|365\/374|[from] item: Leftovers
|
|switch|p1a: Aerodactyl|Aerodactyl, M, shiny|302\/302
|-damage|p1a: Aerodactyl|227\/302|[from] Stealth Rock
|turn|10
|
|switch|p2a: Darmanitan|Darmanitan, F|228\/351
|detailschange|p1a: Aerodactyl|Aerodactyl-Mega, M, shiny
|-mega|p1a: Aerodactyl|Aerodactyl|Aerodactylite
|move|p1a: Aerodactyl|Hone Claws|p1a: Aerodactyl
|-boost|p1a: Aerodactyl|atk|1
|-boost|p1a: Aerodactyl|accuracy|1
|
|turn|11
|
|move|p1a: Aerodactyl|Earthquake|p2a: Darmanitan
|-supereffective|p2a: Darmanitan
|-damage|p2a: Darmanitan|0 fnt
|faint|p2a: Darmanitan
|
|
|switch|p2a: Suicune|Suicune|247\/403
|-ability|p2a: Suicune|Pressure
|turn|12
|
|move|p1a: Aerodactyl|Stone Edge|p2a: Suicune
|-damage|p2a: Suicune|6\/403
|move|p2a: Suicune|Scald|p1a: Aerodactyl
|-supereffective|p1a: Aerodactyl
|-damage|p1a: Aerodactyl|47\/302
|
|turn|13
|
|switch|p2a: Medicham|Medicham, M|261\/261
|move|p1a: Aerodactyl|Earthquake|p2a: Medicham
|-damage|p2a: Medicham|24\/261
|
|turn|14
|
|detailschange|p2a: Medicham|Medicham-Mega, M
|-mega|p2a: Medicham|Medicham|Medichamite
|move|p1a: Aerodactyl|Aerial Ace|p2a: Medicham
|-supereffective|p2a: Medicham
|-damage|p2a: Medicham|0 fnt
|faint|p2a: Medicham
|
|
|switch|p2a: Jirachi|Jirachi|404\/404
|turn|15
|
|move|p1a: Aerodactyl|Earthquake|p2a: Jirachi
|-supereffective|p2a: Jirachi
|-damage|p2a: Jirachi|4\/404
|move|p2a: Jirachi|Healing Wish|p2a: Jirachi
|faint|p2a: Jirachi
|
|
|switch|p2a: Suicune|Suicune|6\/403
|-heal|p2a: Suicune|403\/403|[from] move: Healing Wish
|-ability|p2a: Suicune|Pressure
|turn|16
|
|move|p1a: Aerodactyl|Stone Edge|p2a: Suicune
|-damage|p2a: Suicune|162\/403
|move|p2a: Suicune|Scald|p1a: Aerodactyl
|-supereffective|p1a: Aerodactyl
|-damage|p1a: Aerodactyl|0 fnt
|faint|p1a: Aerodactyl
|
|
|switch|p1a: Jirachi|Jirachi, shiny|71\/342 brn
|-damage|p1a: Jirachi|50\/342 brn|[from] Stealth Rock
|turn|17
|
|move|p1a: Jirachi|Zen Headbutt|p2a: Suicune
|-damage|p2a: Suicune|111\/403
|cant|p2a: Suicune|flinch
|
|-damage|p1a: Jirachi|8\/342 brn|[from] brn
|turn|18
|
|move|p1a: Jirachi|Zen Headbutt|p2a: Suicune|[miss]
|-miss|p1a: Jirachi|p2a: Suicune
|move|p2a: Suicune|Rest|p2a: Suicune
|-status|p2a: Suicune|slp
|-heal|p2a: Suicune|403\/403 slp|[silent]
|-status|p2a: Suicune|slp|[from] move: Rest
|
|-damage|p1a: Jirachi|0 fnt|[from] brn
|faint|p1a: Jirachi
|
|switch|p1a: Mienshao|Mienshao, M, shiny|283\/283
|-damage|p1a: Mienshao|266\/283|[from] Stealth Rock
|turn|19
|
|switch|p2a: Crobat|Crobat, M|365\/374
|move|p1a: Mienshao|High Jump Kick|p2a: Crobat
|-resisted|p2a: Crobat
|-damage|p2a: Crobat|292\/374
|
|-heal|p2a: Crobat|315\/374|[from] item: Leftovers
|turn|20
|
|switch|p1a: Krookodile|Krookodile, M|332\/332
|-damage|p1a: Krookodile|312\/332|[from] Stealth Rock
|move|p2a: Crobat|Brave Bird|p1a: Krookodile
|-damage|p1a: Krookodile|155\/332
|-damage|p2a: Crobat|263\/374|[from] recoil|[of] p1a: Krookodile
|
|-heal|p2a: Crobat|286\/374|[from] item: Leftovers
|turn|21
|
|move|p1a: Krookodile|Earthquake|p2a: Crobat
|-immune|p2a: Crobat|[msg]
|move|p2a: Crobat|Brave Bird|p1a: Krookodile
|-damage|p1a: Krookodile|0 fnt
|-damage|p2a: Crobat|235\/374|[from] recoil|[of] p1a: Krookodile
|faint|p1a: Krookodile
|
|-heal|p2a: Crobat|258\/374|[from] item: Leftovers
|
|switch|p1a: Mienshao|Mienshao, M, shiny|283\/283
|-damage|p1a: Mienshao|266\/283|[from] Stealth Rock
|turn|22
|
|move|p1a: Mienshao|Retaliate|p2a: Crobat
|-damage|p2a: Crobat|41\/374
|move|p2a: Crobat|Brave Bird|p1a: Mienshao
|-supereffective|p1a: Mienshao
|-damage|p1a: Mienshao|0 fnt
|-damage|p2a: Crobat|0 fnt|[from] recoil|[of] p1a: Mienshao
|faint|p1a: Mienshao
|faint|p2a: Crobat
|
|win|Uncle Wiseau
|raw|Ladder updating...
|raw|vDark's rating: 1372 &rarr; <strong>1359<\/strong><br \/>(-13 for losing)
|raw|Uncle Wiseau's rating: 1487 &rarr; <strong>1500<\/strong><br \/>(+13 for winning)
|leave|vDark
|player|p1