|join|lolzuk
|join|cap_punONTOP
|player|p1|lolzuk|209
|player|p2|cap_punONTOP|214
|gametype|singles
|gen|6
|tier|OU
|rated
|clearpoke
|poke|p1|Ferrothorn, F
|poke|p1|Heatran, M
|poke|p1|Greninja, M, shiny
|poke|p1|Latios, M
|poke|p1|Talonflame, M
|poke|p1|Lopunny, F
|poke|p2|Gallade, M
|poke|p2|Bisharp, F
|poke|p2|Landorus-Therian, M
|poke|p2|Keldeo
|poke|p2|Clefable, F
|poke|p2|Latias, F
|rule|Swagger Clause: Swagger is banned
|rule|Baton Pass Clause: Limit one Pokémon knowing Baton Pass
|rule|Sleep Clause Mod: Limit one foe put to sleep
|rule|Species Clause: Limit one of each Pokémon
|rule|OHKO Clause: OHKO moves are banned
|rule|Moody Clause: Moody is banned
|rule|Evasion Moves Clause: Evasion moves are banned
|rule|Endless Battle Clause: Forcing endless battles is banned
|rule|HP Percentage Mod: HP is shown in percentages
|teampreview
|
|start
|switch|p1a: Ferrothorn|Ferrothorn, F|352\/352
|switch|p2a: Keldeo|Keldeo|323\/323
|turn|1
|
|move|p1a: Ferrothorn|Protect|p1a: Ferrothorn
|-singleturn|p1a: Ferrothorn|Protect
|move|p2a: Keldeo|Secret Sword|p1a: Ferrothorn
|-activate|p1a: Ferrothorn|Protect
|
|turn|2
|
|switch|p1a: Latios|Latios, M|302\/302
|move|p2a: Keldeo|Secret Sword|p1a: Latios
|-resisted|p1a: Latios
|-damage|p1a: Latios|205\/302
|
|turn|3
|
|switch|p2a: Bisharp|Bisharp, F|271\/271
|switch|p1a: Heatran|Heatran, M|385\/385
|
|turn|4
|
|switch|p2a: Keldeo|Keldeo|323\/323
|move|p1a: Heatran|Lava Plume|p2a: Keldeo
|-crit|p2a: Keldeo
|-resisted|p2a: Keldeo
|-damage|p2a: Keldeo|230\/323
|
|turn|5
|
|switch|p2a: Gallade|Gallade, M|277\/277
|move|p1a: Heatran|Lava Plume|p2a: Gallade
|-damage|p2a: Gallade|178\/277
|
|turn|6
|
|switch|p1a: Latios|Latios, M|205\/302
|detailschange|p2a: Gallade|Gallade-Mega, M
|message|Gallade has Mega Evolved into Mega Gallade!
|move|p2a: Gallade|Close Combat|p1a: Latios
|-resisted|p1a: Latios
|-damage|p1a: Latios|52\/302
|-unboost|p2a: Gallade|def|1
|-unboost|p2a: Gallade|spd|1
|
|turn|7
|
|switch|p2a: Bisharp|Bisharp, F|271\/271
|move|p1a: Latios|Roost|p1a: Latios
|-heal|p1a: Latios|203\/302
|
|turn|8
|
|move|p1a: Latios|Roost|p1a: Latios
|-heal|p1a: Latios|302\/302
|move|p2a: Bisharp|Knock Off|p1a: Latios
|-supereffective|p1a: Latios
|-damage|p1a: Latios|0 fnt
|-enditem|p1a: Latios|Life Orb|[from] move: Knock Off|[of] p2a: Bisharp
|-damage|p2a: Bisharp|244\/271|[from] item: Life Orb
|faint|p1a: Latios
|
|
|switch|p1a: Lopunny|Lopunny, F|271\/271
|turn|9
|
|switch|p2a: Landorus-Therian|Landorus-Therian, M|382\/382
|-ability|p2a: Landorus-Therian|Intimidate|[of] p1a: Lopunny
|-unboost|p1a: Lopunny|atk|1
|detailschange|p1a: Lopunny|Lopunny-Mega, F
|message|Lopunny has Mega Evolved into Mega Lopunny!
|move|p1a: Lopunny|Baton Pass|p1a: Lopunny
|
|switch|p1a: Greninja|Greninja, M, shiny|285\/285
|
|turn|10
|
|switch|p1a: Heatran|Heatran, M|385\/385
|switch|p2a: Latias|Latias, F|319\/319
|
|turn|11
|
|switch|p2a: Clefable|Clefable, F|394\/394
|move|p1a: Heatran|Toxic|p2a: Clefable
|-status|p2a: Clefable|tox
|
|turn|12
|
|move|p1a: Heatran|Stealth Rock|p2a: Clefable
|-sidestart|p2: cap_punONTOP|move: Stealth Rock
|move|p2a: Clefable|Calm Mind|p2a: Clefable
|-boost|p2a: Clefable|spa|1
|-boost|p2a: Clefable|spd|1
|
|turn|13
|
|move|p1a: Heatran|Taunt|p2a: Clefable
|-start|p2a: Clefable|move: Taunt
|cant|p2a: Clefable|move: Taunt|Calm Mind
|
|turn|14
|
|move|p1a: Heatran|Lava Plume|p2a: Clefable
|-damage|p2a: Clefable|306\/394 tox
|move|p2a: Clefable|Moonblast|p1a: Heatran
|-resisted|p1a: Heatran
|-damage|p1a: Heatran|355\/385
|-unboost|p1a: Heatran|spa|1
|
|-heal|p1a: Heatran|379\/385|[from] item: Leftovers
|-heal|p2a: Clefable|330\/394 tox|[from] item: Leftovers
|turn|15
|
|switch|p2a: Latias|Latias, F|319\/319
|-damage|p2a: Latias|280\/319|[from] Stealth Rock
|move|p1a: Heatran|Lava Plume|p2a: Latias
|-resisted|p2a: Latias
|-damage|p2a: Latias|248\/319
|
|-heal|p1a: Heatran|385\/385|[from] item: Leftovers
|turn|16
|
|move|p2a: Latias|Defog|p1a: Heatran
|-unboost|p1a: Heatran|evasion|1
|-sideend|p2: cap_punONTOP|Stealth Rock|[from] move: Defog|[of] p2a: Latias
|move|p1a: Heatran|Lava Plume|p2a: Latias
|-resisted|p2a: Latias
|-damage|p2a: Latias|215\/319
|
|turn|17
|
|switch|p2a: Keldeo|Keldeo|230\/323
|move|p1a: Heatran|Stealth Rock|p2a: Keldeo
|-sidestart|p2: cap_punONTOP|move: Stealth Rock
|
|turn|18
|
|move|p2a: Keldeo|Secret Sword|p1a: Heatran
|-supereffective|p1a: Heatran
|-damage|p1a: Heatran|103\/385
|move|p1a: Heatran|Lava Plume|p2a: Keldeo
|-resisted|p2a: Keldeo
|-damage|p2a: Keldeo|190\/323
|
|-heal|p1a: Heatran|127\/385|[from] item: Leftovers
|turn|19
|
|move|p2a: Keldeo|Secret Sword|p1a: Heatran
|-supereffective|p1a: Heatran
|-damage|p1a: Heatran|0 fnt
|faint|p1a: Heatran
|
|
|switch|p1a: Talonflame|Talonflame, M|297\/297
|turn|20
|
|switch|p2a: Landorus-Therian|Landorus-Therian, M|382\/382
|-damage|p2a: Landorus-Therian|335\/382|[from] Stealth Rock
|-ability|p2a: Landorus-Therian|Intimidate|[of] p1a: Talonflame
|-unboost|p1a: Talonflame|atk|1
|move|p1a: Talonflame|Swords Dance|p1a: Talonflame
|-boost|p1a: Talonflame|atk|2
|
|-heal|p2a: Landorus-Therian|358\/382|[from] item: Leftovers
|turn|21
|
|switch|p1a: Lopunny|Lopunny-Mega, F|271\/271
|move|p2a: Landorus-Therian|Stone Edge|p1a: Lopunny
|-crit|p1a: Lopunny
|-resisted|p1a: Lopunny
|-damage|p1a: Lopunny|183\/271
|
|-heal|p2a: Landorus-Therian|381\/382|[from] item: Leftovers
|turn|22
|
|move|p1a: Lopunny|Return|p2a: Landorus-Therian
|-damage|p2a: Landorus-Therian|240\/382
|move|p2a: Landorus-Therian|Stealth Rock|p1a: Lopunny
|-sidestart|p1: lolzuk|move: Stealth Rock
|
|-heal|p2a: Landorus-Therian|263\/382|[from] item: Leftovers
|turn|23
|
|move|p1a: Lopunny|Return|p2a: Landorus-Therian
|-damage|p2a: Landorus-Therian|113\/382
|move|p2a: Landorus-Therian|U-turn|p1a: Lopunny
|-resisted|p1a: Lopunny
|-damage|p1a: Lopunny|140\/271
|
|switch|p2a: Keldeo|Keldeo|190\/323
|-damage|p2a: Keldeo|170\/323|[from] Stealth Rock
|
|turn|24
|
|move|p2a: Keldeo|Secret Sword|p1a: Lopunny
|-supereffective|p1a: Lopunny
|-damage|p1a: Lopunny|0 fnt
|faint|p1a: Lopunny
|
|
|switch|p1a: Talonflame|Talonflame, M|297\/297
|-damage|p1a: Talonflame|149\/297|[from] Stealth Rock
|turn|25
|
|switch|p2a: Landorus-Therian|Landorus-Therian, M|113\/382
|-damage|p2a: Landorus-Therian|66\/382|[from] Stealth Rock
|-ability|p2a: Landorus-Therian|Intimidate|[of] p1a: Talonflame
|-unboost|p1a: Talonflame|atk|1
|move|p1a: Talonflame|Swords Dance|p1a: Talonflame
|-boost|p1a: Talonflame|atk|2
|
|-heal|p2a: Landorus-Therian|89\/382|[from] item: Leftovers
|turn|26
|
|move|p1a: Talonflame|Brave Bird|p2a: Landorus-Therian
|-damage|p2a: Landorus-Therian|0 fnt
|-damage|p1a: Talonflame|120\/297|[from] recoil|[of] p2a: Landorus-Therian
|faint|p2a: Landorus-Therian
|
|
|switch|p2a: Latias|Latias, F|215\/319
|-damage|p2a: Latias|176\/319|[from] Stealth Rock
|turn|27
|
|move|p1a: Talonflame|Brave Bird|p2a: Latias
|-damage|p2a: Latias|0 fnt
|-damage|p1a: Talonflame|62\/297|[from] recoil|[of] p2a: Latias
|faint|p2a: Latias
|
|
|switch|p2a: Bisharp|Bisharp, F|244\/271
|-damage|p2a: Bisharp|228\/271|[from] Stealth Rock
|turn|28
|
|move|p1a: Talonflame|Flare Blitz|p2a: Bisharp
|-supereffective|p2a: Bisharp
|-damage|p2a: Bisharp|0 fnt
|-damage|p1a: Talonflame|0 fnt|[from] recoil|[of] p2a: Bisharp
|faint|p2a: Bisharp
|faint|p1a: Talonflame
|
|
|switch|p2a: Gallade|Gallade-Mega, M|178\/277
|switch|p1a: Ferrothorn|Ferrothorn, F|352\/352
|-damage|p2a: Gallade|161\/277|[from] Stealth Rock
|-damage|p1a: Ferrothorn|330\/352|[from] Stealth Rock
|turn|29
|
|move|p2a: Gallade|Close Combat|p1a: Ferrothorn
|-supereffective|p1a: Ferrothorn
|-damage|p1a: Ferrothorn|0 fnt
|-damage|p2a: Gallade|127\/277|[from] ability: Iron Barbs|[of] p1a: Ferrothorn
|-unboost|p2a: Gallade|def|1
|-unboost|p2a: Gallade|spd|1
|faint|p1a: Ferrothorn
|
|
|switch|p1a: Greninja|Greninja, M, shiny|285\/285
|-damage|p1a: Greninja|250\/285|[from] Stealth Rock
|turn|30
|
|move|p1a: Greninja|Gunk Shot|p2a: Gallade
|-start|p1a: Greninja|typechange|Poison|[from] Protean
|-damage|p2a: Gallade|0 fnt
|-damage|p1a: Greninja|222\/285|[from] item: Life Orb
|faint|p2a: Gallade
|
|
|switch|p2a: Clefable|Clefable, F|330\/394 tox
|turn|31
|
|move|p1a: Greninja|Gunk Shot|p2a: Clefable
|-supereffective|p2a: Clefable
|-damage|p2a: Clefable|0 fnt
|-damage|p1a: Greninja|194\/285|[from] item: Life Orb
|faint|p2a: Clefable
|
|
|switch|p2a: Keldeo|Keldeo|170\/323
|-damage|p2a: Keldeo|150\/323|[from] Stealth Rock
|turn|32
|
|move|p2a: Keldeo|Hydro Pump|p1a: Greninja
|-damage|p1a: Greninja|0 fnt
|faint|p1a: Greninja
|
|win|cap_punONTOP
|raw|Ladder updating...
|c|★lolzuk|gg
|c|★cap_punONTOP|gg
|leave|lolzuk
|player|p1