|join|Dio Povero
|join|Tom Bus
|player|p1|Dio Povero|168
|player|p2|Tom Bus|142
|gametype|singles
|gen|6
|tier|OU
|rated
|clearpoke
|poke|p1|Sableye, M
|poke|p1|Skarmory, F
|poke|p1|Chesnaught, F
|poke|p1|Chansey, F
|poke|p1|Talonflame, F
|poke|p1|Gastrodon, M
|poke|p2|Gengar, M
|poke|p2|Charizard, F
|poke|p2|Keldeo
|poke|p2|Tyranitar, F
|poke|p2|Excadrill, F
|poke|p2|Thundurus, M
|rule|Swagger Clause: Swagger is banned
|rule|Baton Pass Clause: Limit one Pokémon knowing Baton Pass
|rule|Sleep Clause Mod: Limit one foe put to sleep
|rule|Species Clause: Limit one of each Pokémon
|rule|OHKO Clause: OHKO moves are banned
|rule|Moody Clause: Moody is banned
|rule|Evasion Moves Clause: Evasion moves are banned
|rule|Endless Battle Clause: Forcing endless battles is banned
|rule|HP Percentage Mod: HP is shown in percentages
|teampreview
|
|start
|switch|p1a: Gastrodon|Gastrodon, M|426\/426
|switch|p2a: T rek|Tyranitar, F|403\/403
|-weather|Sandstorm
|turn|1
|
|move|p2a: T rek|Stealth Rock|p1a: Gastrodon
|-sidestart|p1: Dio Povero|move: Stealth Rock
|move|p1a: Gastrodon|Toxic|p2a: T rek
|-status|p2a: T rek|tox
|
|-weather|Sandstorm|[upkeep]
|-damage|p2a: T rek|378\/403 tox|[from] psn
|turn|2
|
|switch|p2a: Burnt2aJohnson|Charizard, F|297\/297
|move|p1a: Gastrodon|Scald|p2a: Burnt2aJohnson
|-supereffective|p2a: Burnt2aJohnson
|-damage|p2a: Burnt2aJohnson|93\/297
|
|-weather|Sandstorm|[upkeep]
|-damage|p2a: Burnt2aJohnson|75\/297|[from] sandstorm
|turn|3
|
|switch|p1a: Chansey|Chansey, F|642\/642
|-damage|p1a: Chansey|562\/642|[from] Stealth Rock
|detailschange|p2a: Burnt2aJohnson|Charizard-Mega-Y, F
|-mega|p2a: Burnt2aJohnson|Charizard|Charizardite Y
|-weather|SunnyDay
|move|p2a: Burnt2aJohnson|Roost|p2a: Burnt2aJohnson
|-heal|p2a: Burnt2aJohnson|224\/297
|
|-weather|SunnyDay|[upkeep]
|turn|4
|
|switch|p2a: T rek|Tyranitar, F|378\/403 tox
|-weather|Sandstorm
|switch|p1a: Sableye|Sableye, M|304\/304
|-damage|p1a: Sableye|266\/304|[from] Stealth Rock
|
|-weather|Sandstorm|[upkeep]
|-damage|p1a: Sableye|247\/304|[from] sandstorm
|-damage|p2a: T rek|353\/403 tox|[from] psn
|turn|5
|
|switch|p2a: Burnt2aJohnson|Charizard-Mega-Y, F|224\/297
|-weather|SunnyDay
|detailschange|p1a: Sableye|Sableye-Mega, M
|-mega|p1a: Sableye|Sableye|Sablenite
|move|p1a: Sableye|Knock Off|p2a: Burnt2aJohnson
|-damage|p2a: Burnt2aJohnson|146\/297
|
|-weather|SunnyDay|[upkeep]
|turn|6
|
|switch|p1a: Chansey|Chansey, F|562\/642
|-damage|p1a: Chansey|482\/642|[from] Stealth Rock
|move|p2a: Burnt2aJohnson|Fire Blast|p1a: Chansey
|-crit|p1a: Chansey
|-damage|p1a: Chansey|214\/642
|
|-weather|SunnyDay|[upkeep]
|turn|7
|
|move|p2a: Burnt2aJohnson|Roost|p2a: Burnt2aJohnson
|-heal|p2a: Burnt2aJohnson|295\/297
|move|p1a: Chansey|Soft-Boiled|p1a: Chansey
|-heal|p1a: Chansey|535\/642
|
|-weather|SunnyDay|[upkeep]
|turn|8
|
|switch|p2a: T rek|Tyranitar, F|353\/403 tox
|-weather|Sandstorm
|move|p1a: Chansey|Seismic Toss|p2a: T rek
|-damage|p2a: T rek|253\/403 tox
|
|-weather|Sandstorm|[upkeep]
|-damage|p1a: Chansey|495\/642|[from] sandstorm
|-damage|p2a: T rek|228\/403 tox|[from] psn
|turn|9
|
|move|p2a: T rek|Pursuit|p1a: Chansey|[from]Pursuit
|-damage|p1a: Chansey|329\/642
|switch|p1a: Skarmory|Skarmory, F|334\/334
|-damage|p1a: Skarmory|293\/334|[from] Stealth Rock
|
|-weather|Sandstorm|[upkeep]
|-damage|p2a: T rek|178\/403 tox|[from] psn
|turn|10
|
|switch|p2a: Burnt2aJohnson|Charizard-Mega-Y, F|295\/297
|-weather|SunnyDay
|move|p1a: Skarmory|Defog|p2a: Burnt2aJohnson
|-unboost|p2a: Burnt2aJohnson|evasion|1
|-sideend|p1: Dio Povero|Stealth Rock|[from] move: Defog|[of] p1a: Skarmory
|
|-weather|SunnyDay|[upkeep]
|turn|11
|
|switch|p1a: Talonflame|Talonflame, F|359\/359
|move|p2a: Burnt2aJohnson|Fire Blast|p1a: Talonflame
|-resisted|p1a: Talonflame
|-damage|p1a: Talonflame|197\/359
|
|-weather|SunnyDay|[upkeep]
|-heal|p1a: Talonflame|219\/359|[from] item: Leftovers
|turn|12
|
|switch|p1a: Gastrodon|Gastrodon, M|426\/426
|move|p2a: Burnt2aJohnson|Fire Blast|p1a: Gastrodon|[miss]
|-miss|p2a: Burnt2aJohnson|p1a: Gastrodon
|
|-weather|SunnyDay|[upkeep]
|turn|13
|
|switch|p2a: T rek|Tyranitar, F|178\/403 tox
|-weather|Sandstorm
|switch|p1a: Talonflame|Talonflame, F|219\/359
|
|-weather|Sandstorm|[upkeep]
|-damage|p1a: Talonflame|197\/359|[from] sandstorm
|-heal|p1a: Talonflame|219\/359|[from] item: Leftovers
|-damage|p2a: T rek|153\/403 tox|[from] psn
|turn|14
|
|switch|p1a: Sableye|Sableye-Mega, M|247\/304
|move|p2a: T rek|Stone Edge|p1a: Sableye|[miss]
|-miss|p2a: T rek|p1a: Sableye
|
|-weather|Sandstorm|[upkeep]
|-damage|p1a: Sableye|228\/304|[from] sandstorm
|-damage|p2a: T rek|103\/403 tox|[from] psn
|turn|15
|
|switch|p2a: Burnt2aJohnson|Charizard-Mega-Y, F|295\/297
|-weather|SunnyDay
|move|p1a: Sableye|Recover|p1a: Sableye
|-heal|p1a: Sableye|304\/304
|
|-weather|SunnyDay|[upkeep]
|turn|16
|
|switch|p1a: Talonflame|Talonflame, F|219\/359
|move|p2a: Burnt2aJohnson|Fire Blast|p1a: Talonflame
|-resisted|p1a: Talonflame
|-damage|p1a: Talonflame|55\/359
|
|-weather|SunnyDay|[upkeep]
|-heal|p1a: Talonflame|77\/359|[from] item: Leftovers
|turn|17
|
|switch|p2a: T rek|Tyranitar, F|103\/403 tox
|-weather|Sandstorm
|move|p1a: Talonflame|Roost|p1a: Talonflame
|-heal|p1a: Talonflame|257\/359
|
|-weather|Sandstorm|[upkeep]
|-damage|p1a: Talonflame|235\/359|[from] sandstorm
|-heal|p1a: Talonflame|257\/359|[from] item: Leftovers
|-damage|p2a: T rek|78\/403 tox|[from] psn
|turn|18
|
|move|p2a: T rek|Pursuit|p1a: Talonflame|[from]Pursuit
|-damage|p1a: Talonflame|88\/359
|switch|p1a: Sableye|Sableye-Mega, M|304\/304
|
|-weather|Sandstorm|[upkeep]
|-damage|p1a: Sableye|285\/304|[from] sandstorm
|-damage|p2a: T rek|28\/403 tox|[from] psn
|turn|19
|
|move|p2a: T rek|Stone Edge|p1a: Sableye
|-damage|p1a: Sableye|191\/304
|move|p1a: Sableye|Knock Off|p2a: T rek
|-resisted|p2a: T rek
|-damage|p2a: T rek|0 fnt
|-enditem|p2a: T rek|Smooth Rock|[from] move: Knock Off|[of] p1a: Sableye
|faint|p2a: T rek
|
|-weather|Sandstorm|[upkeep]
|-damage|p1a: Sableye|172\/304|[from] sandstorm
|
|switch|p2a: KeldeoooOOooO|Keldeo|323\/323
|turn|20
|
|switch|p1a: Gastrodon|Gastrodon, M|426\/426
|move|p2a: KeldeoooOOooO|Substitute|p2a: KeldeoooOOooO
|-start|p2a: KeldeoooOOooO|Substitute
|-damage|p2a: KeldeoooOOooO|243\/323
|
|-weather|Sandstorm|[upkeep]
|-damage|p2a: KeldeoooOOooO|223\/323|[from] sandstorm
|-heal|p2a: KeldeoooOOooO|243\/323|[from] item: Leftovers
|turn|21
|
|move|p2a: KeldeoooOOooO|Calm Mind|p2a: KeldeoooOOooO
|-boost|p2a: KeldeoooOOooO|spa|1
|-boost|p2a: KeldeoooOOooO|spd|1
|move|p1a: Gastrodon|Earthquake|p2a: KeldeoooOOooO
|-end|p2a: KeldeoooOOooO|Substitute
|
|-weather|Sandstorm|[upkeep]
|-damage|p2a: KeldeoooOOooO|223\/323|[from] sandstorm
|-heal|p2a: KeldeoooOOooO|243\/323|[from] item: Leftovers
|turn|22
|
|move|p2a: KeldeoooOOooO|Secret Sword|p1a: Gastrodon
|-damage|p1a: Gastrodon|218\/426
|move|p1a: Gastrodon|Earthquake|p2a: KeldeoooOOooO
|-damage|p2a: KeldeoooOOooO|155\/323
|
|-weather|Sandstorm|[upkeep]
|-damage|p2a: KeldeoooOOooO|135\/323|[from] sandstorm
|-heal|p2a: KeldeoooOOooO|155\/323|[from] item: Leftovers
|-heal|p1a: Gastrodon|244\/426|[from] item: Leftovers
|turn|23
|
|move|p2a: KeldeoooOOooO|Calm Mind|p2a: KeldeoooOOooO
|-boost|p2a: KeldeoooOOooO|spa|1
|-boost|p2a: KeldeoooOOooO|spd|1
|move|p1a: Gastrodon|Earthquake|p2a: KeldeoooOOooO
|-damage|p2a: KeldeoooOOooO|58\/323
|
|-weather|Sandstorm|[upkeep]
|-damage|p2a: KeldeoooOOooO|38\/323|[from] sandstorm
|-heal|p2a: KeldeoooOOooO|58\/323|[from] item: Leftovers
|-heal|p1a: Gastrodon|270\/426|[from] item: Leftovers
|turn|24
|
|switch|p1a: Sableye|Sableye-Mega, M|172\/304
|move|p2a: KeldeoooOOooO|Secret Sword|p1a: Sableye
|-immune|p1a: Sableye|[msg]
|
|-weather|none
|-heal|p2a: KeldeoooOOooO|78\/323|[from] item: Leftovers
|turn|25
|
|switch|p1a: Chesnaught|Chesnaught, F|380\/380
|move|p2a: KeldeoooOOooO|Scald|p1a: Chesnaught
|-resisted|p1a: Chesnaught
|-damage|p1a: Chesnaught|196\/380
|
|-heal|p2a: KeldeoooOOooO|98\/323|[from] item: Leftovers
|-heal|p1a: Chesnaught|219\/380|[from] item: Leftovers
|turn|26
|
|move|p2a: KeldeoooOOooO|Secret Sword|p1a: Chesnaught
|-damage|p1a: Chesnaught|24\/380
|move|p1a: Chesnaught|Drain Punch|p2a: KeldeoooOOooO
|-damage|p2a: KeldeoooOOooO|0 fnt
|-heal|p1a: Chesnaught|73\/380|[from] drain|[of] p2a: KeldeoooOOooO
|faint|p2a: KeldeoooOOooO
|
|-heal|p1a: Chesnaught|96\/380|[from] item: Leftovers
|
|switch|p2a: Burnt2aJohnson|Charizard-Mega-Y, F|295\/297
|-weather|SunnyDay
|turn|27
|
|switch|p1a: Gastrodon|Gastrodon, M|270\/426
|move|p2a: Burnt2aJohnson|Fire Blast|p1a: Gastrodon
|-resisted|p1a: Gastrodon
|-damage|p1a: Gastrodon|69\/426
|-status|p1a: Gastrodon|brn
|
|-weather|SunnyDay|[upkeep]
|-heal|p1a: Gastrodon|95\/426 brn|[from] item: Leftovers
|-damage|p1a: Gastrodon|42\/426 brn|[from] brn
|turn|28
|
|move|p2a: Burnt2aJohnson|Solar Beam|p1a: Gastrodon|[still]
|-prepare|p2a: Burnt2aJohnson|Solar Beam|p1a: Gastrodon
|-anim|p2a: Burnt2aJohnson|Solar Beam|p1a: Gastrodon
|-supereffective|p1a: Gastrodon
|-damage|p1a: Gastrodon|0 fnt
|faint|p1a: Gastrodon
|
|-weather|SunnyDay|[upkeep]
|
|switch|p1a: Chansey|Chansey, F|329\/642
|turn|29
|
|switch|p2a: Chris Shandow|Gengar, M|261\/261
|move|p1a: Chansey|Soft-Boiled|p1a: Chansey
|-heal|p1a: Chansey|642\/642
|
|-weather|SunnyDay|[upkeep]
|turn|30
|
|switch|p1a: Sableye|Sableye-Mega, M|172\/304
|move|p2a: Chris Shandow|Taunt|p1a: Sableye
|move|p1a: Sableye|Taunt|p2a: Chris Shandow|[from]Magic Bounce
|-start|p2a: Chris Shandow|move: Taunt
|
|-weather|SunnyDay|[upkeep]
|turn|31
|
|switch|p2a: Burnt2aJohnson|Charizard-Mega-Y, F|295\/297
|move|p1a: Sableye|Recover|p1a: Sableye
|-heal|p1a: Sableye|304\/304
|
|-weather|none
|turn|32
|
|switch|p2a: Webcake|Excadrill, F|361\/361
|move|p1a: Sableye|Metal Burst|p2a: Webcake
|-fail|p2a: Webcake
|
|turn|33
|
|switch|p2a: Burnt2aJohnson|Charizard-Mega-Y, F|295\/297
|-weather|SunnyDay
|switch|p1a: Talonflame|Talonflame, F|88\/359
|
|-weather|SunnyDay|[upkeep]
|-heal|p1a: Talonflame|110\/359|[from] item: Leftovers
|turn|34
|
|switch|p2a: Blunderbus|Thundurus, M|299\/299
|move|p1a: Talonflame|Roost|p1a: Talonflame
|-heal|p1a: Talonflame|290\/359
|
|-weather|SunnyDay|[upkeep]
|-heal|p1a: Talonflame|312\/359|[from] item: Leftovers
|turn|35
|
|switch|p1a: Chansey|Chansey, F|642\/642
|move|p2a: Blunderbus|Thunderbolt|p1a: Chansey
|-crit|p1a: Chansey
|-damage|p1a: Chansey|498\/642
|-damage|p2a: Blunderbus|270\/299|[from] item: Life Orb
|
|-weather|SunnyDay|[upkeep]
|turn|36
|
|switch|p2a: Chris Shandow|Gengar, M|261\/261
|move|p1a: Chansey|Toxic|p2a: Chris Shandow
|-fail|p2a: Chris Shandow
|
|-weather|SunnyDay|[upkeep]
|turn|37
|
|switch|p1a: Talonflame|Talonflame, F|312\/359
|move|p2a: Chris Shandow|Shadow Ball|p1a: Talonflame
|-damage|p1a: Talonflame|155\/359
|-damage|p2a: Chris Shandow|235\/261|[from] item: Life Orb
|
|-weather|none
|-heal|p1a: Talonflame|177\/359|[from] item: Leftovers
|turn|38
|
|move|p1a: Talonflame|Roost|p1a: Talonflame
|-heal|p1a: Talonflame|357\/359
|move|p2a: Chris Shandow|Sludge Wave|p1a: Talonflame
|-damage|p1a: Talonflame|150\/359
|-status|p1a: Talonflame|psn
|-damage|p2a: Chris Shandow|209\/261|[from] item: Life Orb
|
|-heal|p1a: Talonflame|172\/359 psn|[from] item: Leftovers
|-damage|p1a: Talonflame|128\/359 psn|[from] psn
|turn|39
|
|switch|p2a: Blunderbus|Thundurus, M|270\/299
|move|p1a: Talonflame|Brave Bird|p2a: Blunderbus
|-resisted|p2a: Blunderbus
|-damage|p2a: Blunderbus|188\/299
|-damage|p1a: Talonflame|101\/359 psn|[from] recoil|[of] p2a: Blunderbus
|
|-heal|p1a: Talonflame|123\/359 psn|[from] item: Leftovers
|-damage|p1a: Talonflame|79\/359 psn|[from] psn
|turn|40
|
|switch|p1a: Chansey|Chansey, F|498\/642
|move|p2a: Blunderbus|Focus Blast|p1a: Chansey|[miss]
|-miss|p2a: Blunderbus|p1a: Chansey
|
|turn|41
|
|switch|p2a: Chris Shandow|Gengar, M|209\/261
|switch|p1a: Sableye|Sableye-Mega, M|304\/304
|
|turn|42
|
|switch|p2a: Burnt2aJohnson|Charizard-Mega-Y, F|295\/297
|-weather|SunnyDay
|move|p1a: Sableye|Knock Off|p2a: Burnt2aJohnson
|-damage|p2a: Burnt2aJohnson|208\/297
|
|-weather|SunnyDay|[upkeep]
|turn|43
|
|switch|p1a: Chansey|Chansey, F|498\/642
|move|p2a: Burnt2aJohnson|Fire Blast|p1a: Chansey
|-damage|p1a: Chansey|315\/642
|
|-weather|SunnyDay|[upkeep]
|turn|44
|
|switch|p2a: Chris Shandow|Gengar, M|209\/261
|move|p1a: Chansey|Soft-Boiled|p1a: Chansey
|-heal|p1a: Chansey|636\/642
|
|-weather|SunnyDay|[upkeep]
|turn|45
|
|switch|p1a: Sableye|Sableye-Mega, M|304\/304
|move|p2a: Chris Shandow|Shadow Ball|p1a: Sableye
|-damage|p1a: Sableye|144\/304
|-damage|p2a: Chris Shandow|183\/261|[from] item: Life Orb
|
|-weather|SunnyDay|[upkeep]
|turn|46
|
|switch|p1a: Chansey|Chansey, F|636\/642
|move|p2a: Chris Shandow|Shadow Ball|p1a: Chansey
|-immune|p1a: Chansey|[msg]
|
|-weather|none
|turn|47
|
|switch|p1a: Sableye|Sableye-Mega, M|144\/304
|move|p2a: Chris Shandow|Taunt|p1a: Sableye
|move|p1a: Sableye|Taunt|p2a: Chris Shandow|[from]Magic Bounce
|-start|p2a: Chris Shandow|move: Taunt
|
|turn|48
|
|switch|p1a: Chansey|Chansey, F|636\/642
|move|p2a: Chris Shandow|Shadow Ball|p1a: Chansey
|-immune|p1a: Chansey|[msg]
|
|turn|49
|
|move|p2a: Chris Shandow|Shadow Ball|p1a: Chansey
|-immune|p1a: Chansey|[msg]
|move|p1a: Chansey|Aromatherapy|p1a: Chansey
|-cureteam|p1a: Chansey|[from] move: Aromatherapy
|
|turn|50
|
|switch|p1a: Chesnaught|Chesnaught, F|96\/380
|move|p2a: Chris Shandow|Shadow Ball|p1a: Chesnaught
|-immune|p1a: Chesnaught|[msg]|[from] Bulletproof
|
|-heal|p1a: Chesnaught|119\/380|[from] item: Leftovers
|-end|p2a: Chris Shandow|move: Taunt
|turn|51
|
|switch|p1a: Skarmory|Skarmory, F|293\/334
|move|p2a: Chris Shandow|Sludge Wave|p1a: Skarmory
|-immune|p1a: Skarmory|[msg]
|
|turn|52
|
|switch|p2a: Blunderbus|Thundurus, M|188\/299
|move|p1a: Skarmory|Stealth Rock|p2a: Blunderbus
|-sidestart|p2: Tom Bus|move: Stealth Rock
|
|turn|53
|
|switch|p1a: Chesnaught|Chesnaught, F|119\/380
|move|p2a: Blunderbus|Focus Blast|p1a: Chesnaught
|-immune|p1a: Chesnaught|[msg]|[from] Bulletproof
|
|-heal|p1a: Chesnaught|142\/380|[from] item: Leftovers
|turn|54
|
|switch|p1a: Chansey|Chansey, F|636\/642
|move|p2a: Blunderbus|Hidden Power|p1a: Chansey
|-damage|p1a: Chansey|587\/642
|-damage|p2a: Blunderbus|159\/299|[from] item: Life Orb
|
|turn|55
|
|switch|p2a: Webcake|Excadrill, F|361\/361
|-damage|p2a: Webcake|350\/361|[from] Stealth Rock
|switch|p1a: Sableye|Sableye-Mega, M|144\/304
|
|turn|56
|
|move|p2a: Webcake|Iron Head|p1a: Sableye
|-damage|p1a: Sableye|22\/304
|-damage|p2a: Webcake|314\/361|[from] item: Life Orb
|cant|p1a: Sableye|flinch
|
|turn|57
|c|★Dio Povero|...
|c|★Dio Povero|this is good
|
|move|p2a: Webcake|Iron Head|p1a: Sableye
|-damage|p1a: Sableye|0 fnt
|-damage|p2a: Webcake|278\/361|[from] item: Life Orb
|faint|p1a: Sableye
|
|
|switch|p1a: Chesnaught|Chesnaught, F|142\/380
|turn|58
|
|move|p2a: Webcake|Rapid Spin|p1a: Chesnaught
|-damage|p1a: Chesnaught|120\/380
|-sideend|p2: Tom Bus|Stealth Rock|[from] move: Rapid Spin|[of] p2a: Webcake
|-damage|p2a: Webcake|242\/361|[from] item: Life Orb
|move|p1a: Chesnaught|Roar|p2a: Webcake
|drag|p2a: Blunderbus|Thundurus, M|159\/299
|
|-heal|p1a: Chesnaught|143\/380|[from] item: Leftovers
|turn|59
|
|switch|p1a: Chansey|Chansey, F|587\/642
|move|p2a: Blunderbus|Hidden Power|p1a: Chansey
|-damage|p1a: Chansey|539\/642
|-damage|p2a: Blunderbus|130\/299|[from] item: Life Orb
|
|turn|60
|
|switch|p2a: Chris Shandow|Gengar, M|183\/261
|switch|p1a: Talonflame|Talonflame, F|79\/359
|
|-heal|p1a: Talonflame|101\/359|[from] item: Leftovers
|turn|61
|
|move|p1a: Talonflame|Roost|p1a: Talonflame
|-heal|p1a: Talonflame|281\/359
|move|p2a: Chris Shandow|Sludge Wave|p1a: Talonflame
|-damage|p1a: Talonflame|69\/359
|-damage|p2a: Chris Shandow|157\/261|[from] item: Life Orb
|
|-heal|p1a: Talonflame|91\/359|[from] item: Leftovers
|turn|62
|
|switch|p2a: Webcake|Excadrill, F|242\/361
|move|p1a: Talonflame|Brave Bird|p2a: Webcake
|-resisted|p2a: Webcake
|-damage|p2a: Webcake|152\/361
|-damage|p1a: Talonflame|61\/359|[from] recoil|[of] p2a: Webcake
|
|-heal|p1a: Talonflame|83\/359|[from] item: Leftovers
|turn|63
|
|switch|p1a: Skarmory|Skarmory, F|293\/334
|switch|p2a: Chris Shandow|Gengar, M|157\/261
|
|turn|64
|
|move|p2a: Chris Shandow|Shadow Ball|p1a: Skarmory
|-crit|p1a: Skarmory
|-damage|p1a: Skarmory|0 fnt
|-damage|p2a: Chris Shandow|131\/261|[from] item: Life Orb
|faint|p1a: Skarmory
|
|c|★Dio Povero|...
|c|★Dio Povero|gg i guess
|
|switch|p1a: Talonflame|Talonflame, F|83\/359
|turn|65
|
|switch|p2a: Blunderbus|Thundurus, M|130\/299
|move|p1a: Talonflame|Roost|p1a: Talonflame
|-heal|p1a: Talonflame|263\/359
|
|-heal|p1a: Talonflame|285\/359|[from] item: Leftovers
|turn|66
|
|move|p1a: Talonflame|Roost|p1a: Talonflame
|-heal|p1a: Talonflame|359\/359
|move|p2a: Blunderbus|Thunderbolt|p1a: Talonflame
|-damage|p1a: Talonflame|174\/359
|-damage|p2a: Blunderbus|101\/299|[from] item: Life Orb
|
|-heal|p1a: Talonflame|196\/359|[from] item: Leftovers
|turn|67
|
|switch|p1a: Chansey|Chansey, F|539\/642
|move|p2a: Blunderbus|Thunder Wave|p1a: Chansey
|-status|p1a: Chansey|par
|
|turn|68
|
|switch|p2a: Webcake|Excadrill, F|152\/361
|switch|p1a: Chesnaught|Chesnaught, F|143\/380
|
|-heal|p1a: Chesnaught|166\/380|[from] item: Leftovers
|turn|69
|
|switch|p2a: Chris Shandow|Gengar, M|131\/261
|switch|p1a: Talonflame|Talonflame, F|196\/359
|
|-heal|p1a: Talonflame|218\/359|[from] item: Leftovers
|turn|70
|
|move|p1a: Talonflame|Brave Bird|p2a: Chris Shandow
|-damage|p2a: Chris Shandow|0 fnt
|-damage|p1a: Talonflame|175\/359|[from] recoil|[of] p2a: Chris Shandow
|faint|p2a: Chris Shandow
|
|-heal|p1a: Talonflame|197\/359|[from] item: Leftovers
|
|switch|p2a: Webcake|Excadrill, F|152\/361
|turn|71
|
|switch|p1a: Chesnaught|Chesnaught, F|166\/380
|move|p2a: Webcake|Rock Slide|p1a: Chesnaught
|-resisted|p1a: Chesnaught
|-damage|p1a: Chesnaught|128\/380
|-damage|p2a: Webcake|116\/361|[from] item: Life Orb
|
|-heal|p1a: Chesnaught|151\/380|[from] item: Leftovers
|turn|72
|
|move|p2a: Webcake|Iron Head|p1a: Chesnaught
|-damage|p1a: Chesnaught|21\/380
|-damage|p2a: Webcake|80\/361|[from] item: Life Orb
|move|p1a: Chesnaught|Spikes|p2a: Webcake
|-sidestart|p2: Tom Bus|Spikes
|
|-heal|p1a: Chesnaught|44\/380|[from] item: Leftovers
|turn|73
|
|move|p2a: Webcake|Iron Head|p1a: Chesnaught
|-damage|p1a: Chesnaught|0 fnt
|-damage|p2a: Webcake|44\/361|[from] item: Life Orb
|faint|p1a: Chesnaught
|
|
|switch|p1a: Talonflame|Talonflame, F|197\/359
|turn|74
|
|move|p1a: Talonflame|Brave Bird|p2a: Webcake
|-resisted|p2a: Webcake
|-damage|p2a: Webcake|0 fnt
|-damage|p1a: Talonflame|182\/359|[from] recoil|[of] p2a: Webcake
|faint|p2a: Webcake
|
|-heal|p1a: Talonflame|204\/359|[from] item: Leftovers
|
|switch|p2a: Blunderbus|Thundurus, M|101\/299
|turn|75
|
|switch|p1a: Chansey|Chansey, F|539\/642
|move|p2a: Blunderbus|Thunderbolt|p1a: Chansey
|-damage|p1a: Chansey|432\/642
|-status|p1a: Chansey|par
|-damage|p2a: Blunderbus|72\/299|[from] item: Life Orb
|
|turn|76
|
|move|p2a: Blunderbus|Focus Blast|p1a: Chansey
|-supereffective|p1a: Chansey
|-damage|p1a: Chansey|232\/642 par
|-damage|p2a: Blunderbus|43\/299|[from] item: Life Orb
|move|p1a: Chansey|Soft-Boiled|p1a: Chansey
|-heal|p1a: Chansey|553\/642 par
|
|turn|77
|-message|Tom Bus forfeited.
|leave|Tom Bus
|
|win|Dio Povero
|raw|Ladder updating...
|player|p2
|c|★Dio Povero|gg
|raw|Dio Povero's rating: 1637 &rarr; <strong>1656<\/strong><br \/>(+19 for winning)
|raw|Tom Bus's rating: 1625 &rarr; <strong>1606<\/strong><br \/>(-19 for losing)