|join|Razzmitazz2
|join|taw
|player|p1|Razzmitazz2|238
|player|p2|taw|101
|gametype|singles
|gen|6
|tier|OU
|rated
|clearpoke
|poke|p1|Breloom, F
|poke|p1|Greninja, F
|poke|p1|Mandibuzz, F
|poke|p1|Slowbro, M
|poke|p1|Chansey, F
|poke|p1|Bisharp, M
|poke|p2|Rotom-Wash
|poke|p2|Landorus-Therian, M
|poke|p2|Clefable, F
|poke|p2|Talonflame, F
|poke|p2|Lopunny, F
|poke|p2|Starmie
|rule|Swagger Clause: Swagger is banned
|rule|Baton Pass Clause: Limit one Pokémon knowing Baton Pass
|rule|Sleep Clause Mod: Limit one foe put to sleep
|rule|Species Clause: Limit one of each Pokémon
|rule|OHKO Clause: OHKO moves are banned
|rule|Moody Clause: Moody is banned
|rule|Evasion Moves Clause: Evasion moves are banned
|rule|Endless Battle Clause: Forcing endless battles is banned
|rule|HP Percentage Mod: HP is shown in percentages
|teampreview
|
|start
|switch|p1a: Breloom|Breloom, F|261\/261
|switch|p2a: Landorus-Therian|Landorus-Therian, M|382\/382
|-ability|p2a: Landorus-Therian|Intimidate|[of] p1a: Breloom
|-unboost|p1a: Breloom|atk|1
|turn|1
|
|move|p1a: Breloom|Spore|p2a: Landorus-Therian
|-status|p2a: Landorus-Therian|slp
|cant|p2a: Landorus-Therian|slp
|
|turn|2
|
|switch|p1a: Slowbro|Slowbro, M|393\/393
|-curestatus|p2a: Landorus-Therian|slp
|move|p2a: Landorus-Therian|Stealth Rock|p1a: Slowbro
|-sidestart|p1: Razzmitazz2|move: Stealth Rock
|
|turn|3
|
|detailschange|p1a: Slowbro|Slowbro-Mega, M
|-mega|p1a: Slowbro|Slowbro|Slowbronite
|move|p2a: Landorus-Therian|U-turn|p1a: Slowbro
|-supereffective|p1a: Slowbro
|-damage|p1a: Slowbro|319\/393
|
|switch|p2a: Clefable|Clefable, F|394\/394
|move|p1a: Slowbro|Calm Mind|p1a: Slowbro
|-boost|p1a: Slowbro|spa|1
|-boost|p1a: Slowbro|spd|1
|
|turn|4
|
|move|p2a: Clefable|Thunder Wave|p1a: Slowbro
|-status|p1a: Slowbro|par
|move|p1a: Slowbro|Scald|p2a: Clefable
|-crit|p2a: Clefable
|-damage|p2a: Clefable|201\/394
|
|-heal|p2a: Clefable|225\/394|[from] item: Leftovers
|turn|5
|
|move|p2a: Clefable|Calm Mind|p2a: Clefable
|-boost|p2a: Clefable|spa|1
|-boost|p2a: Clefable|spd|1
|cant|p1a: Slowbro|par
|
|-heal|p2a: Clefable|249\/394|[from] item: Leftovers
|turn|6
|
|switch|p1a: Bisharp|Bisharp, M|272\/272
|-damage|p1a: Bisharp|255\/272|[from] Stealth Rock
|move|p2a: Clefable|Calm Mind|p2a: Clefable
|-boost|p2a: Clefable|spa|1
|-boost|p2a: Clefable|spd|1
|
|-heal|p2a: Clefable|273\/394|[from] item: Leftovers
|turn|7
|
|switch|p2a: Landorus-Therian|Landorus-Therian, M|382\/382
|-ability|p2a: Landorus-Therian|Intimidate|[of] p1a: Bisharp
|-unboost|p1a: Bisharp|atk|1
|-boost|p1a: Bisharp|atk|2|[from] ability: Defiant
|move|p1a: Bisharp|Iron Head|p2a: Landorus-Therian
|-damage|p2a: Landorus-Therian|217\/382
|
|-heal|p2a: Landorus-Therian|240\/382|[from] item: Leftovers
|turn|8
|
|move|p1a: Bisharp|Sucker Punch|p2a: Landorus-Therian
|-damage|p2a: Landorus-Therian|35\/382
|move|p2a: Landorus-Therian|Earthquake|p1a: Bisharp
|-supereffective|p1a: Bisharp
|-damage|p1a: Bisharp|0 fnt
|faint|p1a: Bisharp
|
|-heal|p2a: Landorus-Therian|58\/382|[from] item: Leftovers
|
|switch|p1a: Mandibuzz|Mandibuzz, F|424\/424
|-damage|p1a: Mandibuzz|318\/424|[from] Stealth Rock
|turn|9
|
|move|p2a: Landorus-Therian|Stone Edge|p1a: Mandibuzz
|-supereffective|p1a: Mandibuzz
|-damage|p1a: Mandibuzz|164\/424
|move|p1a: Mandibuzz|Defog|p2a: Landorus-Therian
|-unboost|p2a: Landorus-Therian|evasion|1
|-sideend|p1: Razzmitazz2|Stealth Rock|[from] move: Defog|[of] p1a: Mandibuzz
|
|-heal|p2a: Landorus-Therian|81\/382|[from] item: Leftovers
|-heal|p1a: Mandibuzz|190\/424|[from] item: Leftovers
|turn|10
|
|move|p2a: Landorus-Therian|Stealth Rock|p1a: Mandibuzz
|-sidestart|p1: Razzmitazz2|move: Stealth Rock
|move|p1a: Mandibuzz|Brave Bird|p2a: Landorus-Therian
|-damage|p2a: Landorus-Therian|6\/382
|-damage|p1a: Mandibuzz|165\/424|[from] recoil|[of] p2a: Landorus-Therian
|
|-heal|p2a: Landorus-Therian|29\/382|[from] item: Leftovers
|-heal|p1a: Mandibuzz|191\/424|[from] item: Leftovers
|turn|11
|
|move|p2a: Landorus-Therian|Stone Edge|p1a: Mandibuzz
|-supereffective|p1a: Mandibuzz
|-damage|p1a: Mandibuzz|37\/424
|move|p1a: Mandibuzz|Defog|p2a: Landorus-Therian
|-unboost|p2a: Landorus-Therian|evasion|1
|-sideend|p1: Razzmitazz2|Stealth Rock|[from] move: Defog|[of] p1a: Mandibuzz
|
|-heal|p2a: Landorus-Therian|52\/382|[from] item: Leftovers
|-heal|p1a: Mandibuzz|63\/424|[from] item: Leftovers
|turn|12
|
|move|p2a: Landorus-Therian|Stone Edge|p1a: Mandibuzz|[miss]
|-miss|p2a: Landorus-Therian|p1a: Mandibuzz
|move|p1a: Mandibuzz|Roost|p1a: Mandibuzz
|-heal|p1a: Mandibuzz|275\/424
|
|-heal|p2a: Landorus-Therian|75\/382|[from] item: Leftovers
|-heal|p1a: Mandibuzz|301\/424|[from] item: Leftovers
|turn|13
|
|move|p2a: Landorus-Therian|Stealth Rock|p1a: Mandibuzz
|-sidestart|p1: Razzmitazz2|move: Stealth Rock
|move|p1a: Mandibuzz|Taunt|p2a: Landorus-Therian
|-start|p2a: Landorus-Therian|move: Taunt
|
|-heal|p2a: Landorus-Therian|98\/382|[from] item: Leftovers
|-heal|p1a: Mandibuzz|327\/424|[from] item: Leftovers
|turn|14
|
|switch|p2a: Starmie|Starmie|261\/261
|move|p1a: Mandibuzz|Defog|p2a: Starmie
|-unboost|p2a: Starmie|evasion|1
|-sideend|p1: Razzmitazz2|Stealth Rock|[from] move: Defog|[of] p1a: Mandibuzz
|
|-heal|p1a: Mandibuzz|353\/424|[from] item: Leftovers
|turn|15
|
|switch|p1a: Chansey|Chansey, F|703\/703
|move|p2a: Starmie|Trick|p1a: Chansey
|-activate|p2a: Starmie|move: Trick|[of] p1a: Chansey
|-item|p1a: Chansey|Choice Specs|[from] move: Trick
|-item|p2a: Starmie|Eviolite|[from] move: Trick
|
|turn|16
|
|switch|p2a: Landorus-Therian|Landorus-Therian, M|98\/382
|-ability|p2a: Landorus-Therian|Intimidate|[of] p1a: Chansey
|-unboost|p1a: Chansey|atk|1
|move|p1a: Chansey|Toxic|p2a: Landorus-Therian
|-status|p2a: Landorus-Therian|tox
|
|-heal|p2a: Landorus-Therian|121\/382 tox|[from] item: Leftovers
|-damage|p2a: Landorus-Therian|98\/382 tox|[from] psn
|turn|17
|
|switch|p1a: Mandibuzz|Mandibuzz, F|353\/424
|move|p2a: Landorus-Therian|Stealth Rock|p1a: Mandibuzz
|-sidestart|p1: Razzmitazz2|move: Stealth Rock
|
|-heal|p2a: Landorus-Therian|121\/382 tox|[from] item: Leftovers
|-heal|p1a: Mandibuzz|379\/424|[from] item: Leftovers
|-damage|p2a: Landorus-Therian|75\/382 tox|[from] psn
|turn|18
|
|switch|p2a: Talonflame|Talonflame, F|297\/297
|move|p1a: Mandibuzz|Defog|p2a: Talonflame
|-unboost|p2a: Talonflame|evasion|1
|-sideend|p1: Razzmitazz2|Stealth Rock|[from] move: Defog|[of] p1a: Mandibuzz
|
|-heal|p1a: Mandibuzz|405\/424|[from] item: Leftovers
|turn|19
|
|move|p2a: Talonflame|Swords Dance|p2a: Talonflame
|-boost|p2a: Talonflame|atk|2
|move|p1a: Mandibuzz|Taunt|p2a: Talonflame
|-start|p2a: Talonflame|move: Taunt
|
|-heal|p1a: Mandibuzz|424\/424|[from] item: Leftovers
|turn|20
|
|move|p2a: Talonflame|Brave Bird|p1a: Mandibuzz
|-damage|p1a: Mandibuzz|144\/424
|-damage|p2a: Talonflame|205\/297|[from] recoil|[of] p1a: Mandibuzz
|move|p1a: Mandibuzz|Brave Bird|p2a: Talonflame
|-crit|p2a: Talonflame
|-damage|p2a: Talonflame|22\/297
|-damage|p1a: Mandibuzz|84\/424|[from] recoil|[of] p2a: Talonflame
|
|-heal|p1a: Mandibuzz|110\/424|[from] item: Leftovers
|turn|21
|
|move|p2a: Talonflame|Brave Bird|p1a: Mandibuzz
|-damage|p1a: Mandibuzz|0 fnt
|-damage|p2a: Talonflame|0 fnt|[from] recoil|[of] p1a: Mandibuzz
|faint|p1a: Mandibuzz
|faint|p2a: Talonflame
|
|
|switch|p1a: Greninja|Greninja, F|285\/285
|switch|p2a: Landorus-Therian|Landorus-Therian, M|75\/382 tox
|-ability|p2a: Landorus-Therian|Intimidate|[of] p1a: Greninja
|-unboost|p1a: Greninja|atk|1
|turn|22
|
|move|p1a: Greninja|Extrasensory|p2a: Landorus-Therian
|-start|p1a: Greninja|typechange|Psychic|[from] Protean
|-damage|p2a: Landorus-Therian|0 fnt
|-damage|p1a: Greninja|257\/285|[from] item: Life Orb
|faint|p2a: Landorus-Therian
|
|
|switch|p2a: Rotom-Wash|Rotom-Wash|304\/304
|turn|23
|
|switch|p1a: Chansey|Chansey, F|703\/703
|move|p2a: Rotom-Wash|Volt Switch|p1a: Chansey
|-damage|p1a: Chansey|627\/703
|
|switch|p2a: Clefable|Clefable, F|273\/394
|
|-heal|p2a: Clefable|297\/394|[from] item: Leftovers
|turn|24
|
|switch|p1a: Breloom|Breloom, F|261\/261
|move|p2a: Clefable|Thunder Wave|p1a: Breloom
|-status|p1a: Breloom|par
|
|-heal|p2a: Clefable|321\/394|[from] item: Leftovers
|turn|25
|
|switch|p1a: Chansey|Chansey, F|627\/703
|move|p2a: Clefable|Moonblast|p1a: Chansey
|-damage|p1a: Chansey|522\/703
|
|-heal|p2a: Clefable|345\/394|[from] item: Leftovers
|turn|26
|
|move|p2a: Clefable|Calm Mind|p2a: Clefable
|-boost|p2a: Clefable|spa|1
|-boost|p2a: Clefable|spd|1
|move|p1a: Chansey|Heal Bell|p1a: Chansey
|-cureteam|p1a: Chansey|[from] move: HealBell
|
|-heal|p2a: Clefable|369\/394|[from] item: Leftovers
|turn|27
|
|move|p2a: Clefable|Thunder Wave|p1a: Chansey
|-status|p1a: Chansey|par
|move|p1a: Chansey|Heal Bell|p1a: Chansey
|-cureteam|p1a: Chansey|[from] move: HealBell
|
|-heal|p2a: Clefable|393\/394|[from] item: Leftovers
|turn|28
|
|switch|p1a: Breloom|Breloom, F|261\/261
|move|p2a: Clefable|Calm Mind|p2a: Clefable
|-boost|p2a: Clefable|spa|1
|-boost|p2a: Clefable|spd|1
|
|-heal|p2a: Clefable|394\/394|[from] item: Leftovers
|turn|29
|
|move|p1a: Breloom|Spore|p2a: Clefable
|-status|p2a: Clefable|slp
|cant|p2a: Clefable|slp
|
|turn|30
|
|move|p1a: Breloom|Bullet Seed|p2a: Clefable
|-damage|p2a: Clefable|309\/394 slp
|-damage|p2a: Clefable|221\/394 slp
|-damage|p2a: Clefable|137\/394 slp
|-hitcount|p2a: Clefable|3
|-curestatus|p2a: Clefable|slp
|move|p2a: Clefable|Thunder Wave|p1a: Breloom
|-status|p1a: Breloom|par
|
|-heal|p2a: Clefable|161\/394|[from] item: Leftovers
|turn|31
|
|move|p2a: Clefable|Moonblast|p1a: Breloom
|-supereffective|p1a: Breloom
|-enditem|p1a: Breloom|Focus Sash
|-damage|p1a: Breloom|1\/261 par
|move|p1a: Breloom|Bullet Seed|p2a: Clefable
|-damage|p2a: Clefable|71\/394
|-damage|p2a: Clefable|0 fnt
|-hitcount|p2a: Clefable|2
|faint|p2a: Clefable
|
|
|switch|p2a: Lopunny|Lopunny, F|271\/271
|turn|32
|
|switch|p1a: Slowbro|Slowbro-Mega, M|319\/393
|detailschange|p2a: Lopunny|Lopunny-Mega, F
|-mega|p2a: Lopunny|Lopunny|Lopunnite
|move|p2a: Lopunny|Fake Out|p1a: Slowbro
|-damage|p1a: Slowbro|283\/393
|
|turn|33
|
|switch|p2a: Rotom-Wash|Rotom-Wash|304\/304
|move|p1a: Slowbro|Calm Mind|p1a: Slowbro
|-boost|p1a: Slowbro|spa|1
|-boost|p1a: Slowbro|spd|1
|
|turn|34
|
|move|p2a: Rotom-Wash|Will-O-Wisp|p1a: Slowbro
|-status|p1a: Slowbro|brn
|move|p1a: Slowbro|Slack Off|p1a: Slowbro
|-heal|p1a: Slowbro|393\/393 brn
|
|-damage|p1a: Slowbro|344\/393 brn|[from] brn
|turn|35
|
|move|p2a: Rotom-Wash|Volt Switch|p1a: Slowbro
|-supereffective|p1a: Slowbro
|-damage|p1a: Slowbro|212\/393 brn
|
|switch|p2a: Lopunny|Lopunny-Mega, F|271\/271
|move|p1a: Slowbro|Calm Mind|p1a: Slowbro
|-boost|p1a: Slowbro|spa|1
|-boost|p1a: Slowbro|spd|1
|
|-damage|p1a: Slowbro|163\/393 brn|[from] brn
|turn|36
|
|move|p2a: Lopunny|Frustration|p1a: Slowbro
|-damage|p1a: Slowbro|78\/393 brn
|move|p1a: Slowbro|Slack Off|p1a: Slowbro
|-heal|p1a: Slowbro|275\/393 brn
|
|-damage|p1a: Slowbro|226\/393 brn|[from] brn
|turn|37
|
|move|p2a: Lopunny|Frustration|p1a: Slowbro
|-damage|p1a: Slowbro|132\/393 brn
|move|p1a: Slowbro|Scald|p2a: Lopunny
|-crit|p2a: Lopunny
|-damage|p2a: Lopunny|0 fnt
|faint|p2a: Lopunny
|
|-damage|p1a: Slowbro|83\/393 brn|[from] brn
|
|switch|p2a: Rotom-Wash|Rotom-Wash|304\/304
|turn|38
|
|move|p2a: Rotom-Wash|Volt Switch|p1a: Slowbro
|-supereffective|p1a: Slowbro
|-damage|p1a: Slowbro|0 fnt
|faint|p1a: Slowbro
|
|switch|p2a: Starmie|Starmie|261\/261
|
|
|switch|p1a: Chansey|Chansey, F|522\/703
|turn|39
|
|move|p2a: Starmie|Hydro Pump|p1a: Chansey
|-damage|p1a: Chansey|365\/703
|move|p1a: Chansey|Heal Bell|p1a: Chansey
|-cureteam|p1a: Chansey|[from] move: HealBell
|
|turn|40
|
|move|p2a: Starmie|Hydro Pump|p1a: Chansey
|-damage|p1a: Chansey|217\/703
|move|p1a: Chansey|Heal Bell|p1a: Chansey
|-cureteam|p1a: Chansey|[from] move: HealBell
|
|turn|41
|
|move|p2a: Starmie|Hydro Pump|p1a: Chansey
|-damage|p1a: Chansey|52\/703
|move|p1a: Chansey|Heal Bell|p1a: Chansey
|-cureteam|p1a: Chansey|[from] move: HealBell
|
|turn|42
|
|move|p2a: Starmie|Ice Beam|p1a: Chansey
|-damage|p1a: Chansey|0 fnt
|faint|p1a: Chansey
|
|
|switch|p1a: Greninja|Greninja, F|257\/285
|turn|43
|
|switch|p1a: Breloom|Breloom, F|1\/261
|switch|p2a: Rotom-Wash|Rotom-Wash|304\/304
|
|turn|44
|
|move|p1a: Breloom|Spore|p2a: Rotom-Wash
|-status|p2a: Rotom-Wash|slp
|cant|p2a: Rotom-Wash|slp
|
|turn|45
|
|move|p1a: Breloom|Bullet Seed|p2a: Rotom-Wash
|-supereffective|p2a: Rotom-Wash
|-damage|p2a: Rotom-Wash|218\/304 slp
|-crit|p2a: Rotom-Wash
|-supereffective|p2a: Rotom-Wash
|-damage|p2a: Rotom-Wash|72\/304 slp
|-supereffective|p2a: Rotom-Wash
|-damage|p2a: Rotom-Wash|0 fnt
|-hitcount|p2a: Rotom-Wash|3
|faint|p2a: Rotom-Wash
|
|
|switch|p2a: Starmie|Starmie|261\/261
|turn|46
|
|move|p1a: Breloom|Mach Punch|p2a: Starmie
|-resisted|p2a: Starmie
|-damage|p2a: Starmie|195\/261
|move|p2a: Starmie|Ice Beam|p1a: Breloom
|-supereffective|p1a: Breloom
|-damage|p1a: Breloom|0 fnt
|faint|p1a: Breloom
|
|
|switch|p1a: Greninja|Greninja, F|257\/285
|turn|47
|
|move|p1a: Greninja|Gunk Shot|p2a: Starmie|[miss]
|-start|p1a: Greninja|typechange|Poison|[from] Protean
|-miss|p1a: Greninja|p2a: Starmie
|move|p2a: Starmie|Hydro Pump|p1a: Greninja
|-damage|p1a: Greninja|0 fnt
|faint|p1a: Greninja
|
|win|taw
|raw|Ladder updating...
|raw|Razzmitazz2's rating: 1370 &rarr; <strong>1352<\/strong><br \/>(-18 for losing)
|raw|taw's rating: 1404 &rarr; <strong>1422<\/strong><br \/>(+18 for winning)
|c|★taw|ouch
|leave|Razzmitazz2