|join|taw
|join|Vedyn Reborn
|player|p1|taw|265
|player|p2|Vedyn Reborn|162
|gametype|singles
|gen|6
|tier|OU
|rated
|clearpoke
|poke|p1|Serperior, M
|poke|p1|Gyarados, F
|poke|p1|Talonflame, F
|poke|p1|Bisharp, M
|poke|p1|Aerodactyl, M
|poke|p1|Latias, F
|poke|p2|Sableye, F
|poke|p2|Scizor, M
|poke|p2|Arcanine, F
|poke|p2|Keldeo-Resolute
|poke|p2|Gengar, M
|poke|p2|Mandibuzz, F
|rule|Swagger Clause: Swagger is banned
|rule|Baton Pass Clause: Limit one Pokémon knowing Baton Pass
|rule|Sleep Clause Mod: Limit one foe put to sleep
|rule|Species Clause: Limit one of each Pokémon
|rule|OHKO Clause: OHKO moves are banned
|rule|Moody Clause: Moody is banned
|rule|Evasion Moves Clause: Evasion moves are banned
|rule|Endless Battle Clause: Forcing endless battles is banned
|rule|HP Percentage Mod: HP is shown in percentages
|teampreview
|
|start
|switch|p1a: Aerodactyl|Aerodactyl, M|301\/301
|switch|p2a: Scizor|Scizor, M|343\/343
|-ability|p1a: Aerodactyl|Pressure
|turn|1
|
|move|p1a: Aerodactyl|Stealth Rock|p2a: Scizor
|-sidestart|p2: Vedyn Reborn|move: Stealth Rock
|move|p2a: Scizor|U-turn|p1a: Aerodactyl
|-resisted|p1a: Aerodactyl
|-damage|p1a: Aerodactyl|161\/301
|
|switch|p2a: Mandibuzz|Mandibuzz, F|424\/424
|-damage|p2a: Mandibuzz|318\/424|[from] Stealth Rock
|
|-heal|p2a: Mandibuzz|344\/424|[from] item: Leftovers
|turn|2
|
|move|p1a: Aerodactyl|Taunt|p2a: Mandibuzz
|-start|p2a: Mandibuzz|move: Taunt
|move|p2a: Mandibuzz|Foul Play|p1a: Aerodactyl
|-damage|p1a: Aerodactyl|0 fnt
|faint|p1a: Aerodactyl
|
|-heal|p2a: Mandibuzz|370\/424|[from] item: Leftovers
|
|switch|p1a: Serperior|Serperior, M|291\/291
|turn|3
|
|switch|p2a: Scizor|Scizor, M|343\/343
|-damage|p2a: Scizor|301\/343|[from] Stealth Rock
|move|p1a: Serperior|Leaf Storm|p2a: Scizor
|-resisted|p2a: Scizor
|-damage|p2a: Scizor|250\/343
|-boost|p1a: Serperior|spa|2
|
|turn|4
|
|switch|p1a: Talonflame|Talonflame, F|320\/320
|switch|p2a: Arcanine|Arcanine, F|384\/384
|-damage|p2a: Arcanine|288\/384|[from] Stealth Rock
|-ability|p2a: Arcanine|Intimidate|[of] p1a: Talonflame
|-unboost|p1a: Talonflame|atk|1
|
|-heal|p2a: Arcanine|312\/384|[from] item: Leftovers
|turn|5
|
|switch|p1a: Gyarados|Gyarados, F|331\/331
|-ability|p1a: Gyarados|Intimidate|[of] p2a: Arcanine
|-unboost|p2a: Arcanine|atk|1
|move|p2a: Arcanine|Flare Blitz|p1a: Gyarados
|-resisted|p1a: Gyarados
|-damage|p1a: Gyarados|270\/331
|-damage|p2a: Arcanine|292\/384|[from] recoil|[of] p1a: Gyarados
|
|-heal|p2a: Arcanine|316\/384|[from] item: Leftovers
|turn|6
|
|switch|p2a: Keldeo-Resolute|Keldeo-Resolute|323\/323
|-damage|p2a: Keldeo-Resolute|303\/323|[from] Stealth Rock
|move|p1a: Gyarados|Dragon Dance|p1a: Gyarados
|-boost|p1a: Gyarados|atk|1
|-boost|p1a: Gyarados|spe|1
|
|turn|7
|
|detailschange|p1a: Gyarados|Gyarados-Mega, F
|-mega|p1a: Gyarados|Gyarados|Gyaradosite
|-ability|p1a: Gyarados|Mold Breaker
|move|p1a: Gyarados|Earthquake|p2a: Keldeo-Resolute
|-damage|p2a: Keldeo-Resolute|68\/323
|move|p2a: Keldeo-Resolute|Icy Wind|p1a: Gyarados
|-resisted|p1a: Gyarados
|-damage|p1a: Gyarados|235\/331
|-unboost|p1a: Gyarados|spe|1
|-damage|p2a: Keldeo-Resolute|36\/323|[from] item: Life Orb
|
|turn|8
|
|switch|p1a: Talonflame|Talonflame, F|320\/320
|move|p2a: Keldeo-Resolute|Scald|p1a: Talonflame
|-supereffective|p1a: Talonflame
|-damage|p1a: Talonflame|0 fnt
|-damage|p2a: Keldeo-Resolute|4\/323|[from] item: Life Orb
|faint|p1a: Talonflame
|
|
|switch|p1a: Serperior|Serperior, M|291\/291
|turn|9
|
|move|p1a: Serperior|Leaf Storm|p2a: Keldeo-Resolute
|-supereffective|p2a: Keldeo-Resolute
|-damage|p2a: Keldeo-Resolute|0 fnt
|-boost|p1a: Serperior|spa|2
|faint|p2a: Keldeo-Resolute
|
|c|★Vedyn Reborn|!dt serperior
|c|~|\/data-pokemon Serperior
|raw|<font size="1"><font color=#585858>Dex#:<\/font> 497&nbsp;|&ThickSpace;<font color=#585858>Height:<\/font> 3.3 m&nbsp;|&ThickSpace;<font color=#585858>Weight:<\/font> 63 kg <em>(80 BP)<\/em>&nbsp;|&ThickSpace;<font color=#585858>Dex Colour:<\/font> Green&nbsp;|&ThickSpace;<font color=#585858>Egg Group(s):<\/font> Field, Grass&nbsp;|&ThickSpace;<font color=#585858><font color=#585858>Does Not Evolve<\/font><\/font><\/font>
|c|★Vedyn Reborn|hp fire or no is the question
|
|switch|p2a: Mandibuzz|Mandibuzz, F|370\/424
|-damage|p2a: Mandibuzz|264\/424|[from] Stealth Rock
|turn|10
|
|move|p1a: Serperior|Leaf Storm|p2a: Mandibuzz
|-resisted|p2a: Mandibuzz
|-damage|p2a: Mandibuzz|142\/424
|-boost|p1a: Serperior|spa|2
|move|p2a: Mandibuzz|Toxic|p1a: Serperior|[miss]
|-miss|p2a: Mandibuzz|p1a: Serperior
|
|-heal|p2a: Mandibuzz|168\/424|[from] item: Leftovers
|turn|11
|c|★Vedyn Reborn|great
|c|★Vedyn Reborn|fucking great
|
|move|p1a: Serperior|Leaf Storm|p2a: Mandibuzz|[miss]
|-miss|p1a: Serperior|p2a: Mandibuzz
|move|p2a: Mandibuzz|Roost|p2a: Mandibuzz
|-heal|p2a: Mandibuzz|380\/424
|
|-heal|p2a: Mandibuzz|406\/424|[from] item: Leftovers
|turn|12
|
|move|p1a: Serperior|Leaf Storm|p2a: Mandibuzz|[miss]
|-miss|p1a: Serperior|p2a: Mandibuzz
|move|p2a: Mandibuzz|Toxic|p1a: Serperior
|-status|p1a: Serperior|tox
|
|-heal|p2a: Mandibuzz|424\/424|[from] item: Leftovers
|-damage|p1a: Serperior|273\/291 tox|[from] psn
|turn|13
|c|★Vedyn Reborn|mkay
|c|★Vedyn Reborn|nvm
|
|move|p1a: Serperior|Leaf Storm|p2a: Mandibuzz
|-resisted|p2a: Mandibuzz
|-damage|p2a: Mandibuzz|260\/424
|-boost|p1a: Serperior|spa|2
|move|p2a: Mandibuzz|Defog|p1a: Serperior
|-boost|p1a: Serperior|evasion|1
|-sideend|p2: Vedyn Reborn|Stealth Rock|[from] move: Defog|[of] p2a: Mandibuzz
|
|-heal|p2a: Mandibuzz|286\/424|[from] item: Leftovers
|-damage|p1a: Serperior|237\/291 tox|[from] psn
|turn|14
|
|move|p1a: Serperior|Leaf Storm|p2a: Mandibuzz
|-resisted|p2a: Mandibuzz
|-damage|p2a: Mandibuzz|32\/424
|move|p2a: Mandibuzz|Foul Play|p1a: Serperior
|-damage|p1a: Serperior|153\/291 tox
|
|-heal|p2a: Mandibuzz|58\/424|[from] item: Leftovers
|-damage|p1a: Serperior|99\/291 tox|[from] psn
|turn|15
|
|move|p1a: Serperior|Leaf Storm|p2a: Mandibuzz
|-resisted|p2a: Mandibuzz
|-damage|p2a: Mandibuzz|0 fnt
|faint|p2a: Mandibuzz
|
|-damage|p1a: Serperior|27\/291 tox|[from] psn
|
|switch|p2a: Arcanine|Arcanine, F|316\/384
|-ability|p2a: Arcanine|Intimidate|[of] p1a: Serperior
|-boost|p1a: Serperior|atk|1
|turn|16
|
|switch|p1a: Latias|Latias, F|301\/301
|move|p2a: Arcanine|Extreme Speed|p1a: Latias
|-damage|p1a: Latias|221\/301
|
|-heal|p2a: Arcanine|340\/384|[from] item: Leftovers
|turn|17
|
|switch|p2a: Scizor|Scizor, M|250\/343
|move|p1a: Latias|Draco Meteor|p2a: Scizor
|-resisted|p2a: Scizor
|-damage|p2a: Scizor|98\/343
|-unboost|p1a: Latias|spa|2
|-damage|p1a: Latias|191\/301|[from] item: Life Orb
|
|turn|18
|
|move|p1a: Latias|Earthquake|p2a: Scizor
|-damage|p2a: Scizor|19\/343
|-damage|p1a: Latias|161\/301|[from] item: Life Orb
|move|p2a: Scizor|U-turn|p1a: Latias
|-supereffective|p1a: Latias
|-damage|p1a: Latias|0 fnt
|faint|p1a: Latias
|
|switch|p2a: Arcanine|Arcanine, F|340\/384
|
|-heal|p2a: Arcanine|364\/384|[from] item: Leftovers
|
|switch|p1a: Gyarados|Gyarados-Mega, F|235\/331
|-ability|p1a: Gyarados|Mold Breaker
|turn|19
|
|move|p1a: Gyarados|Dragon Dance|p1a: Gyarados
|-boost|p1a: Gyarados|atk|1
|-boost|p1a: Gyarados|spe|1
|move|p2a: Arcanine|Bulldoze|p1a: Gyarados
|-damage|p1a: Gyarados|183\/331
|-unboost|p1a: Gyarados|spe|1
|
|-heal|p2a: Arcanine|384\/384|[from] item: Leftovers
|turn|20
|
|move|p1a: Gyarados|Waterfall|p2a: Arcanine
|-crit|p2a: Arcanine
|-supereffective|p2a: Arcanine
|-damage|p2a: Arcanine|0 fnt
|faint|p2a: Arcanine
|
|
|switch|p2a: Gengar|Gengar, M|261\/261
|turn|21
|
|move|p2a: Gengar|Substitute|p2a: Gengar
|-start|p2a: Gengar|Substitute
|-damage|p2a: Gengar|196\/261
|move|p1a: Gyarados|Crunch|p2a: Gengar
|-supereffective|p2a: Gengar
|-end|p2a: Gengar|Substitute
|
|-heal|p2a: Gengar|212\/261|[from] item: Black Sludge
|turn|22
|
|move|p2a: Gengar|Sludge Bomb|p1a: Gyarados
|-damage|p1a: Gyarados|63\/331
|move|p1a: Gyarados|Crunch|p2a: Gengar
|-supereffective|p2a: Gengar
|-damage|p2a: Gengar|0 fnt
|faint|p2a: Gengar
|
|
|switch|p2a: Scizor|Scizor, M|19\/343
|turn|23
|
|move|p2a: Scizor|Bullet Punch|p1a: Gyarados
|-resisted|p1a: Gyarados
|-damage|p1a: Gyarados|0 fnt
|faint|p1a: Gyarados
|
|
|switch|p1a: Bisharp|Bisharp, M|272\/272
|turn|24
|
|switch|p2a: Sableye|Sableye, F|304\/304
|move|p1a: Bisharp|Swords Dance|p1a: Bisharp
|-boost|p1a: Bisharp|atk|2
|
|turn|25
|
|move|p2a: Sableye|Will-O-Wisp|p1a: Bisharp
|-status|p1a: Bisharp|brn
|move|p1a: Bisharp|Iron Head|p2a: Sableye
|-damage|p2a: Sableye|162\/304
|
|-damage|p1a: Bisharp|238\/272 brn|[from] brn
|turn|26
|
|detailschange|p2a: Sableye|Sableye-Mega, F
|-mega|p2a: Sableye|Sableye|Sablenite
|move|p2a: Sableye|Recover|p2a: Sableye
|-heal|p2a: Sableye|304\/304
|move|p1a: Bisharp|Swords Dance|p1a: Bisharp
|-boost|p1a: Bisharp|atk|2
|
|-damage|p1a: Bisharp|204\/272 brn|[from] brn
|turn|27
|
|move|p1a: Bisharp|Swords Dance|p1a: Bisharp
|-boost|p1a: Bisharp|atk|2
|move|p2a: Sableye|Shadow Ball|p1a: Bisharp
|-resisted|p1a: Bisharp
|-damage|p1a: Bisharp|153\/272 brn
|
|-damage|p1a: Bisharp|119\/272 brn|[from] brn
|turn|28
|
|move|p1a: Bisharp|Iron Head|p2a: Sableye
|-damage|p2a: Sableye|109\/304
|move|p2a: Sableye|Recover|p2a: Sableye
|-heal|p2a: Sableye|261\/304
|
|-damage|p1a: Bisharp|85\/272 brn|[from] brn
|turn|29
|
|move|p1a: Bisharp|Iron Head|p2a: Sableye
|-crit|p2a: Sableye
|-damage|p2a: Sableye|0 fnt
|faint|p2a: Sableye
|
|-damage|p1a: Bisharp|51\/272 brn|[from] brn
|c|★Vedyn Reborn|omfg
|
|switch|p2a: Scizor|Scizor, M|19\/343
|turn|30
|c|★Vedyn Reborn|robbery
|
|move|p1a: Bisharp|Sucker Punch|p2a: Scizor
|-damage|p2a: Scizor|0 fnt
|faint|p2a: Scizor
|
|win|taw
|raw|Ladder updating...
|raw|taw's rating: 1578 &rarr; <strong>1591<\/strong><br \/>(+13 for winning)
|raw|Vedyn Reborn's rating: 1451 &rarr; <strong>1438<\/strong><br \/>(-13 for losing)
|leave|Vedyn Reborn
|player|p2