|join|Ryuk97
|join|taw
|player|p1|Ryuk97|99
|player|p2|taw|170
|gametype|singles
|gen|6
|tier|OU
|rated
|clearpoke
|poke|p1|Diggersby, M
|poke|p1|Raikou
|poke|p1|Scizor, M
|poke|p1|Alakazam, M
|poke|p1|Slowbro, M
|poke|p1|Terrakion
|poke|p2|Serperior, F
|poke|p2|Gyarados, F
|poke|p2|Talonflame, M
|poke|p2|Bisharp, M
|poke|p2|Aerodactyl, F
|poke|p2|Latias, F
|rule|Swagger Clause: Swagger is banned
|rule|Baton Pass Clause: Limit one Pokémon knowing Baton Pass
|rule|Sleep Clause Mod: Limit one foe put to sleep
|rule|Species Clause: Limit one of each Pokémon
|rule|OHKO Clause: OHKO moves are banned
|rule|Moody Clause: Moody is banned
|rule|Evasion Moves Clause: Evasion moves are banned
|rule|Endless Battle Clause: Forcing endless battles is banned
|rule|HP Percentage Mod: HP is shown in percentages
|teampreview
|
|start
|switch|p1a: Terrakion|Terrakion|323\/323
|switch|p2a: Aerodactyl|Aerodactyl, F|301\/301
|-ability|p2a: Aerodactyl|Pressure
|turn|1
|
|move|p2a: Aerodactyl|Taunt|p1a: Terrakion
|-start|p1a: Terrakion|move: Taunt
|move|p1a: Terrakion|Stone Edge|p2a: Aerodactyl|[miss]
|-miss|p1a: Terrakion|p2a: Aerodactyl
|
|turn|2
|
|move|p2a: Aerodactyl|Stealth Rock|p1a: Terrakion
|-sidestart|p1: Ryuk97|move: Stealth Rock
|move|p1a: Terrakion|Stone Edge|p2a: Aerodactyl
|-supereffective|p2a: Aerodactyl
|-enditem|p2a: Aerodactyl|Focus Sash
|-damage|p2a: Aerodactyl|1\/301
|
|turn|3
|
|move|p2a: Aerodactyl|Earthquake|p1a: Terrakion
|-supereffective|p1a: Terrakion
|-damage|p1a: Terrakion|107\/323
|move|p1a: Terrakion|Stone Edge|p2a: Aerodactyl
|-supereffective|p2a: Aerodactyl
|-damage|p2a: Aerodactyl|0 fnt
|faint|p2a: Aerodactyl
|
|-end|p1a: Terrakion|move: Taunt
|
|switch|p2a: Serperior|Serperior, F|291\/291
|turn|4
|
|switch|p1a: Scizor|Scizor, M|343\/343
|-damage|p1a: Scizor|301\/343|[from] Stealth Rock
|move|p2a: Serperior|Leaf Storm|p1a: Scizor
|-resisted|p1a: Scizor
|-damage|p1a: Scizor|255\/343
|-boost|p2a: Serperior|spa|2
|
|turn|5
|
|switch|p2a: Gyarados|Gyarados, F|331\/331
|-ability|p2a: Gyarados|Intimidate|[of] p1a: Scizor
|-unboost|p1a: Scizor|atk|1
|move|p1a: Scizor|Bullet Punch|p2a: Gyarados
|-resisted|p2a: Gyarados
|-damage|p2a: Gyarados|258\/331
|
|turn|6
|
|switch|p1a: Raikou|Raikou|321\/321
|-damage|p1a: Raikou|281\/321|[from] Stealth Rock
|-ability|p1a: Raikou|Pressure
|detailschange|p2a: Gyarados|Gyarados-Mega, F
|-mega|p2a: Gyarados|Gyarados|Gyaradosite
|-ability|p2a: Gyarados|Mold Breaker
|move|p2a: Gyarados|Dragon Dance|p2a: Gyarados
|-boost|p2a: Gyarados|atk|1
|-boost|p2a: Gyarados|spe|1
|
|turn|7
|
|move|p2a: Gyarados|Earthquake|p1a: Raikou
|-supereffective|p1a: Raikou
|-damage|p1a: Raikou|0 fnt
|faint|p1a: Raikou
|
|
|switch|p1a: Diggersby|Diggersby, M|311\/311
|-damage|p1a: Diggersby|292\/311|[from] Stealth Rock
|turn|8
|
|move|p1a: Diggersby|Quick Attack|p2a: Gyarados
|-damage|p2a: Gyarados|149\/331
|-damage|p1a: Diggersby|261\/311|[from] item: Life Orb
|move|p2a: Gyarados|Waterfall|p1a: Diggersby
|-supereffective|p1a: Diggersby
|-damage|p1a: Diggersby|0 fnt
|faint|p1a: Diggersby
|
|
|switch|p1a: Slowbro|Slowbro, M|394\/394
|-damage|p1a: Slowbro|345\/394|[from] Stealth Rock
|turn|9
|
|move|p2a: Gyarados|Crunch|p1a: Slowbro
|-supereffective|p1a: Slowbro
|-damage|p1a: Slowbro|1\/394
|move|p1a: Slowbro|Scald|p2a: Gyarados
|-resisted|p2a: Gyarados
|-damage|p2a: Gyarados|114\/331
|
|-heal|p1a: Slowbro|25\/394|[from] item: Leftovers
|turn|10
|-message|Ryuk97 forfeited.
|
|move|p2a: Gyarados|Crunch|p1a: Slowbro
|-crit|p1a: Slowbro
|-supereffective|p1a: Slowbro
|-damage|p1a: Slowbro|0 fnt
|faint|p1a: Slowbro
|
|leave|Ryuk97
|
|win|taw
|raw|Ladder updating...
|player|p1
|raw|Ryuk97's rating: 1599 &rarr; <strong>1583<\/strong><br \/>(-16 for losing)
|raw|taw's rating: 1665 &rarr; <strong>1682<\/strong><br \/>(+17 for winning)