|join|burgerfresser
|join|EvilUnknown
|player|p1|burgerfresser|260
|player|p2|EvilUnknown|165
|gametype|singles
|gen|6
|tier|OU
|clearpoke
|poke|p1|Venusaur, F
|poke|p1|Keldeo
|poke|p1|Mamoswine, M
|poke|p1|Zapdos
|poke|p1|Mew
|poke|p1|Volcarona, M
|poke|p2|Keldeo
|poke|p2|Archeops, M
|poke|p2|Landorus-Therian, M
|poke|p2|Mew
|poke|p2|Scizor, F
|poke|p2|Rotom-Wash
|rule|Swagger Clause: Swagger is banned
|rule|Baton Pass Clause: Limit one Pokémon knowing Baton Pass
|rule|Sleep Clause Mod: Limit one foe put to sleep
|rule|Species Clause: Limit one of each Pokémon
|rule|OHKO Clause: OHKO moves are banned
|rule|Moody Clause: Moody is banned
|rule|Evasion Moves Clause: Evasion moves are banned
|rule|Endless Battle Clause: Forcing endless battles is banned
|rule|HP Percentage Mod: HP is shown in percentages
|teampreview
|join|HylianBowman
|c|★burgerfresser|gl hf c:
|c|★EvilUnknown|u2
|c|★burgerfresser|dat aeropterix tho
|c|★EvilUnknown|Das ist mega nice
|c| HylianBowman|+3 stylepoints für evil wegen archeops
|join|Marshmallon
|
|start
|switch|p1a: Keldeo|Keldeo|329\/329
|switch|p2a: Keldeo|Keldeo|323\/323
|turn|1
|
|move|p1a: Keldeo|Secret Sword|p2a: Keldeo
|-damage|p2a: Keldeo|130\/323
|move|p2a: Keldeo|Secret Sword|p1a: Keldeo
|-damage|p1a: Keldeo|111\/329
|-damage|p2a: Keldeo|98\/323|[from] item: Life Orb
|
|turn|2
|join|dachboden
|c|★burgerfresser|dat speed tie
|
|switch|p2a: Landorus-Therian|Landorus-Therian, M|319\/319
|-ability|p2a: Landorus-Therian|Intimidate|[of] p1a: Keldeo
|-unboost|p1a: Keldeo|atk|1
|move|p1a: Keldeo|Secret Sword|p2a: Landorus-Therian
|-resisted|p2a: Landorus-Therian
|-damage|p2a: Landorus-Therian|236\/319
|
|turn|3
|
|switch|p1a: Zapdos|Zapdos|384\/384
|-ability|p1a: Zapdos|Pressure
|move|p2a: Landorus-Therian|U-turn|p1a: Zapdos
|-resisted|p1a: Zapdos
|-damage|p1a: Zapdos|350\/384
|
|switch|p2a: Archeops|Archeops, M|291\/291
|
|-heal|p1a: Zapdos|374\/384|[from] item: Leftovers
|turn|4
|
|move|p2a: Archeops|Stone Edge|p1a: Zapdos
|-supereffective|p1a: Zapdos
|-damage|p1a: Zapdos|86\/384
|move|p1a: Zapdos|Thunderbolt|p2a: Archeops
|-supereffective|p2a: Archeops
|-enditem|p2a: Archeops|Focus Sash
|-damage|p2a: Archeops|1\/291
|
|-heal|p1a: Zapdos|110\/384|[from] item: Leftovers
|turn|5
|c|★burgerfresser|sash o.O
|
|switch|p1a: Mew|Mew|404\/404
|move|p2a: Archeops|Stealth Rock|p1a: Mew
|-sidestart|p1: burgerfresser|move: Stealth Rock
|
|turn|6
|c|★burgerfresser|ok
|c| HylianBowman|das zapdos lebt o.O
|c|★EvilUnknown|physisch def
|c|★burgerfresser|weil archeops weak is
|
|move|p2a: Archeops|Endeavor|p1a: Mew
|-damage|p1a: Mew|1\/404
|move|p1a: Mew|Knock Off|p2a: Archeops
|-damage|p2a: Archeops|0 fnt
|faint|p2a: Archeops
|
|-heal|p1a: Mew|26\/404|[from] item: Leftovers
|c|★burgerfresser|dieses set Alda xD
|join|av kakuna
|
|switch|p2a: Keldeo|Keldeo|98\/323
|turn|7
|c|+Marshmallon|typisch Evil :I
|c| HylianBowman|hat archeops nicht 140 atk base?
|
|move|p2a: Keldeo|Scald|p1a: Mew
|-damage|p1a: Mew|0 fnt
|-damage|p2a: Keldeo|66\/323|[from] item: Life Orb
|faint|p1a: Mew
|
|c| av kakuna|doch
|c|★EvilUnknown|ja
|c|+Marshmallon|!dt archeops
|c|~|\/data-pokemon Archeops
|raw|<font size="1"><font color=#585858>Dex#:<\/font> 567&nbsp;|&ThickSpace;<font color=#585858>Height:<\/font> 1.4 m&nbsp;|&ThickSpace;<font color=#585858>Weight:<\/font> 32 kg <em>(60 BP)<\/em>&nbsp;|&ThickSpace;<font color=#585858>Dex Colour:<\/font> Yellow&nbsp;|&ThickSpace;<font color=#585858>Egg Group(s):<\/font> Flying, Water 3&nbsp;|&ThickSpace;<font color=#585858><font color=#585858>Does Not Evolve<\/font><\/font><\/font>
|
|switch|p1a: Venusaur|Venusaur, F|363\/363
|-damage|p1a: Venusaur|318\/363|[from] Stealth Rock
|turn|8
|
|detailschange|p1a: Venusaur|Venusaur-Mega, F
|-mega|p1a: Venusaur|Venusaur|Venusaurite
|move|p2a: Keldeo|Scald|p1a: Venusaur
|-resisted|p1a: Venusaur
|-damage|p1a: Venusaur|235\/363
|-status|p1a: Venusaur|brn
|-damage|p2a: Keldeo|34\/323|[from] item: Life Orb
|move|p1a: Venusaur|Giga Drain|p2a: Keldeo
|-crit|p2a: Keldeo
|-supereffective|p2a: Keldeo
|-damage|p2a: Keldeo|0 fnt
|-heal|p1a: Venusaur|252\/363 brn|[from] drain|[of] p2a: Keldeo
|faint|p2a: Keldeo
|
|-damage|p1a: Venusaur|207\/363 brn|[from] brn
|
|switch|p2a: Mew|Mew|403\/403
|turn|9
|
|move|p2a: Mew|Taunt|p1a: Venusaur
|-start|p1a: Venusaur|move: Taunt
|cant|p1a: Venusaur|move: Taunt|Synthesis
|
|-damage|p1a: Venusaur|162\/363 brn|[from] brn
|turn|10
|
|switch|p1a: Volcarona|Volcarona, M|373\/373
|-damage|p1a: Volcarona|187\/373|[from] Stealth Rock
|move|p2a: Mew|Knock Off|p1a: Volcarona
|-crit|p1a: Volcarona
|-damage|p1a: Volcarona|10\/373
|-enditem|p1a: Volcarona|Leftovers|[from] move: Knock Off|[of] p2a: Mew
|
|turn|11
|c|★EvilUnknown|lol
|
|switch|p2a: Landorus-Therian|Landorus-Therian, M|236\/319
|-ability|p2a: Landorus-Therian|Intimidate|[of] p1a: Volcarona
|-unboost|p1a: Volcarona|atk|1
|move|p1a: Volcarona|Fire Blast|p2a: Landorus-Therian|[miss]
|-miss|p1a: Volcarona|p2a: Landorus-Therian
|
|turn|12
|c|★burgerfresser|hax
|c|★burgerfresser|kein burn
|c|★burgerfresser|verarschen
|c|★EvilUnknown|sorry bru
|
|move|p2a: Landorus-Therian|U-turn|p1a: Volcarona
|-resisted|p1a: Volcarona
|-damage|p1a: Volcarona|0 fnt
|-status|p2a: Landorus-Therian|brn
|faint|p1a: Volcarona
|
|switch|p2a: Mew|Mew|403\/403
|
|
|switch|p1a: Keldeo|Keldeo|111\/329
|-damage|p1a: Keldeo|91\/329|[from] Stealth Rock
|turn|13
|
|move|p1a: Keldeo|Scald|p2a: Mew
|-damage|p2a: Mew|294\/403
|move|p2a: Mew|Taunt|p1a: Keldeo
|-start|p1a: Keldeo|move: Taunt
|
|-heal|p2a: Mew|319\/403|[from] item: Leftovers
|turn|14
|
|move|p1a: Keldeo|Scald|p2a: Mew
|-damage|p2a: Mew|210\/403
|move|p2a: Mew|Will-O-Wisp|p1a: Keldeo|[miss]
|-miss|p2a: Mew|p1a: Keldeo
|
|-heal|p2a: Mew|235\/403|[from] item: Leftovers
|turn|15
|
|move|p1a: Keldeo|Scald|p2a: Mew
|-damage|p2a: Mew|126\/403
|-status|p2a: Mew|brn
|-status|p1a: Keldeo|brn
|move|p2a: Mew|Roost|p2a: Mew
|-heal|p2a: Mew|328\/403 brn
|
|-heal|p2a: Mew|353\/403 brn|[from] item: Leftovers
|-damage|p1a: Keldeo|50\/329 brn|[from] brn
|-damage|p2a: Mew|303\/403 brn|[from] brn
|turn|16
|
|move|p1a: Keldeo|Scald|p2a: Mew
|-damage|p2a: Mew|188\/403 brn
|move|p2a: Mew|Roost|p2a: Mew
|-heal|p2a: Mew|390\/403 brn
|
|-heal|p2a: Mew|403\/403 brn|[from] item: Leftovers
|-damage|p1a: Keldeo|9\/329 brn|[from] brn
|-damage|p2a: Mew|353\/403 brn|[from] brn
|-end|p1a: Keldeo|move: Taunt
|turn|17
|
|switch|p1a: Mamoswine|Mamoswine, M|361\/361
|-damage|p1a: Mamoswine|316\/361|[from] Stealth Rock
|move|p2a: Mew|Roost|p2a: Mew
|-heal|p2a: Mew|403\/403 brn
|
|-damage|p2a: Mew|353\/403 brn|[from] brn
|turn|18
|
|move|p1a: Mamoswine|Earthquake|p2a: Mew
|-damage|p2a: Mew|123\/403 brn
|-damage|p1a: Mamoswine|280\/361|[from] item: Life Orb
|move|p2a: Mew|Will-O-Wisp|p1a: Mamoswine
|-status|p1a: Mamoswine|brn
|
|-heal|p2a: Mew|148\/403 brn|[from] item: Leftovers
|-damage|p1a: Mamoswine|235\/361 brn|[from] brn
|-damage|p2a: Mew|98\/403 brn|[from] brn
|turn|19
|join|Silver99
|
|move|p1a: Mamoswine|Earthquake|p2a: Mew
|-damage|p2a: Mew|0 fnt
|-damage|p1a: Mamoswine|199\/361 brn|[from] item: Life Orb
|faint|p2a: Mew
|
|-damage|p1a: Mamoswine|154\/361 brn|[from] brn
|
|switch|p2a: Scizor|Scizor, F|343\/343
|turn|20
|c|★EvilUnknown|gg
|join|Fahrrad Bang
|
|switch|p1a: Keldeo|Keldeo|9\/329 brn
|-damage|p1a: Keldeo|0 fnt|[from] Stealth Rock
|faint|p1a: Keldeo
|detailschange|p2a: Scizor|Scizor-Mega, F
|-mega|p2a: Scizor|Scizor|Scizorite
|move|p2a: Scizor|Swords Dance|p2a: Scizor
|-boost|p2a: Scizor|atk|2
|
|c|★burgerfresser|gg
|c|+Marshmallon|gg
|
|switch|p1a: Venusaur|Venusaur-Mega, F|162\/363 brn
|-damage|p1a: Venusaur|117\/363 brn|[from] Stealth Rock
|turn|21
|leave|Marshmallon
|c|★burgerfresser|wärst ohne hax so schön von volc gerekt worden >.>
|c|★EvilUnknown|Archeops for Ou :x
|c|★EvilUnknown|Klar
|
|move|p2a: Scizor|Bullet Punch|p1a: Venusaur
|-damage|p1a: Venusaur|0 fnt
|faint|p1a: Venusaur
|
|
|switch|p1a: Mamoswine|Mamoswine, M|154\/361 brn
|-damage|p1a: Mamoswine|109\/361 brn|[from] Stealth Rock
|turn|22
|
|move|p2a: Scizor|Bullet Punch|p1a: Mamoswine
|-supereffective|p1a: Mamoswine
|-damage|p1a: Mamoswine|0 fnt
|faint|p1a: Mamoswine
|
|
|switch|p1a: Zapdos|Zapdos|110\/384
|-damage|p1a: Zapdos|14\/384|[from] Stealth Rock
|-ability|p1a: Zapdos|Pressure
|turn|23
|join|Marshmallon
|c| Fahrrad Bang|lay incense
|c| Fahrrad Bang|bullet miss
|c| Fahrrad Bang|zapdos sweep
|c|+Marshmallon|macht doch einfach ein bo3 draus :>
|c| Fahrrad Bang|lax*+
|c|★burgerfresser|klar, du hättest landou verbrutzeln lassen,ich hatte giga drain und hydro hätte nicht mal kohd
|c| Silver99|Archeops ?
|c|★burgerfresser|war tod
|c| Silver99|Ne allgemein
|
|move|p2a: Scizor|Bullet Punch|p1a: Zapdos
|-resisted|p1a: Zapdos
|-damage|p1a: Zapdos|0 fnt
|faint|p1a: Zapdos
|
|win|EvilUnknown
|leave|HylianBowman
|leave|Marshmallon
|c|★EvilUnknown|wenn lando gestorben wäre
|leave|av kakuna
|c|★EvilUnknown|Hätte ich immernoch scarf rotom
|leave|dachboden
|c|★burgerfresser|k mit scarf hätte ich jetzt nicht gerechnet ._.
|leave|Fahrrad Bang