|join|burgerfresser
|join|Aozatem
|player|p1|burgerfresser|260
|player|p2|Aozatem|266
|gametype|singles
|gen|6
|tier|OU
|rated
|clearpoke
|poke|p1|Gardevoir, M, shiny
|poke|p1|Keldeo-Resolute
|poke|p1|Mandibuzz, F
|poke|p1|Entei, shiny
|poke|p1|Celebi
|poke|p1|Landorus-Therian, M
|poke|p2|Infernape, F
|poke|p2|Metagross
|poke|p2|Keldeo-Resolute
|poke|p2|Thundurus, M
|poke|p2|Dragonite, M
|poke|p2|Bisharp, F
|rule|Swagger Clause: Swagger is banned
|rule|Baton Pass Clause: Limit one Pokémon knowing Baton Pass
|rule|Sleep Clause Mod: Limit one foe put to sleep
|rule|Species Clause: Limit one of each Pokémon
|rule|OHKO Clause: OHKO moves are banned
|rule|Moody Clause: Moody is banned
|rule|Evasion Moves Clause: Evasion moves are banned
|rule|Endless Battle Clause: Forcing endless battles is banned
|rule|HP Percentage Mod: HP is shown in percentages
|teampreview
|join|AdvanceShip
|c|★burgerfresser|nicht dieses ho team schonwieder
|c| AdvanceShip|doch
|c| AdvanceShip|ist das der gleiche spieler?
|
|start
|switch|p1a: Mandibuzz|Mandibuzz, F|424\/424
|switch|p2a: Infernape|Infernape, F|293\/293
|turn|1
|c|★burgerfresser|kp
|
|move|p2a: Infernape|Stealth Rock|p1a: Mandibuzz
|-sidestart|p1: burgerfresser|move: Stealth Rock
|move|p1a: Mandibuzz|Taunt|p2a: Infernape
|-start|p2a: Infernape|move: Taunt
|
|turn|2
|c|★burgerfresser|aber ich hasse das team .-.
|
|move|p2a: Infernape|Fire Blast|p1a: Mandibuzz
|-damage|p1a: Mandibuzz|253\/424
|move|p1a: Mandibuzz|Foul Play|p2a: Infernape
|-resisted|p2a: Infernape
|-damage|p2a: Infernape|233\/293
|
|-heal|p1a: Mandibuzz|279\/424|[from] item: Leftovers
|turn|3
|
|switch|p2a: Bisharp|Bisharp, F|271\/271
|move|p1a: Mandibuzz|Roost|p1a: Mandibuzz
|-heal|p1a: Mandibuzz|424\/424
|
|turn|4
|
|move|p2a: Bisharp|Knock Off|p1a: Mandibuzz
|-resisted|p1a: Mandibuzz
|-damage|p1a: Mandibuzz|337\/424
|-enditem|p1a: Mandibuzz|Leftovers|[from] move: Knock Off|[of] p2a: Bisharp
|-damage|p2a: Bisharp|244\/271|[from] item: Life Orb
|move|p1a: Mandibuzz|Foul Play|p2a: Bisharp
|-resisted|p2a: Bisharp
|-damage|p2a: Bisharp|157\/271
|
|turn|5
|
|move|p2a: Bisharp|Low Kick|p1a: Mandibuzz
|-damage|p1a: Mandibuzz|262\/424
|-damage|p2a: Bisharp|130\/271|[from] item: Life Orb
|move|p1a: Mandibuzz|Foul Play|p2a: Bisharp
|-resisted|p2a: Bisharp
|-damage|p2a: Bisharp|46\/271
|
|turn|6
|
|switch|p2a: Infernape|Infernape, F|233\/293
|move|p1a: Mandibuzz|Roost|p1a: Mandibuzz
|-heal|p1a: Mandibuzz|424\/424
|
|turn|7
|
|move|p2a: Infernape|Taunt|p1a: Mandibuzz
|-start|p1a: Mandibuzz|move: Taunt
|cant|p1a: Mandibuzz|move: Taunt|Taunt
|
|turn|8
|
|move|p2a: Infernape|Fire Blast|p1a: Mandibuzz
|-damage|p1a: Mandibuzz|264\/424
|move|p1a: Mandibuzz|Foul Play|p2a: Infernape
|-resisted|p2a: Infernape
|-damage|p2a: Infernape|179\/293
|
|turn|9
|
|switch|p1a: Keldeo-Resolute|Keldeo-Resolute|323\/323
|-damage|p1a: Keldeo-Resolute|303\/323|[from] Stealth Rock
|move|p2a: Infernape|Fire Blast|p1a: Keldeo-Resolute
|-resisted|p1a: Keldeo-Resolute
|-damage|p1a: Keldeo-Resolute|208\/323
|
|turn|10
|
|switch|p2a: Keldeo-Resolute|Keldeo-Resolute|323\/323
|move|p1a: Keldeo-Resolute|Scald|p2a: Keldeo-Resolute
|-resisted|p2a: Keldeo-Resolute
|-damage|p2a: Keldeo-Resolute|216\/323
|
|turn|11
|
|switch|p1a: Celebi|Celebi|404\/404
|-damage|p1a: Celebi|354\/404|[from] Stealth Rock
|move|p2a: Keldeo-Resolute|Scald|p1a: Celebi
|-resisted|p1a: Celebi
|-damage|p1a: Celebi|303\/404
|
|-heal|p1a: Celebi|328\/404|[from] item: Leftovers
|turn|12
|
|switch|p2a: Metagross|Metagross|301\/301
|move|p1a: Celebi|Stealth Rock|p2a: Metagross
|-sidestart|p2: Aozatem|move: Stealth Rock
|
|-heal|p1a: Celebi|353\/404|[from] item: Leftovers
|turn|13
|c| AdvanceShip|komisch kann kein rmt finden, aber auch egal
|c|★burgerfresser|ich hab das team auch schon so oft gesehen aber kp wo es herkommt
|c| AdvanceShip|ja deswegen ja egal, aber hätte mich jetzt interessiert warum das jeder spielt
|
|detailschange|p2a: Metagross|Metagross-Mega
|-mega|p2a: Metagross|Metagross|Metagrossite
|move|p1a: Celebi|Healing Wish|p1a: Celebi
|faint|p1a: Celebi
|move|p2a: Metagross|Meteor Mash|p1: Celebi|[notarget]
|-notarget
|
|
|switch|p1a: Mandibuzz|Mandibuzz, F|264\/424
|-heal|p1a: Mandibuzz|424\/424|[from] move: Healing Wish
|-damage|p1a: Mandibuzz|318\/424|[from] Stealth Rock
|turn|14
|
|switch|p1a: Gardevoir|Gardevoir, M, shiny|277\/277
|-damage|p1a: Gardevoir|243\/277|[from] Stealth Rock
|-ability|p1a: Gardevoir|Tough Claws|[from] ability: Trace|[of] p2a: Metagross
|move|p2a: Metagross|Meteor Mash|p1a: Gardevoir
|-supereffective|p1a: Gardevoir
|-damage|p1a: Gardevoir|0 fnt
|faint|p1a: Gardevoir
|
|c|★burgerfresser|the counter stays in again
|
|switch|p1a: Landorus-Therian|Landorus-Therian, M|319\/319
|-damage|p1a: Landorus-Therian|280\/319|[from] Stealth Rock
|-ability|p1a: Landorus-Therian|Intimidate|[of] p2a: Metagross
|-unboost|p2a: Metagross|atk|1
|turn|15
|
|move|p1a: Landorus-Therian|U-turn|p2a: Metagross
|-crit|p2a: Metagross
|-damage|p2a: Metagross|200\/301
|join|Trauer
|
|switch|p1a: Mandibuzz|Mandibuzz, F|318\/424
|-damage|p1a: Mandibuzz|212\/424|[from] Stealth Rock
|move|p2a: Metagross|Meteor Mash|p1a: Mandibuzz
|-damage|p1a: Mandibuzz|88\/424
|
|turn|16
|c| Trauer|burger :sabber:
|c| Trauer|y u so nub?
|
|switch|p1a: Landorus-Therian|Landorus-Therian, M|280\/319
|-damage|p1a: Landorus-Therian|241\/319|[from] Stealth Rock
|-ability|p1a: Landorus-Therian|Intimidate|[of] p2a: Metagross
|-unboost|p2a: Metagross|atk|1
|move|p2a: Metagross|Meteor Mash|p1a: Landorus-Therian
|-damage|p1a: Landorus-Therian|112\/319
|
|turn|17
|c|★burgerfresser|cuz ei just am ;-,
|c|★burgerfresser|*;-;
|c| Trauer|k
|
|switch|p2a: Infernape|Infernape, F|179\/293
|-damage|p2a: Infernape|143\/293|[from] Stealth Rock
|move|p1a: Landorus-Therian|U-turn|p2a: Infernape
|-resisted|p2a: Infernape
|-damage|p2a: Infernape|116\/293
|
|switch|p1a: Keldeo-Resolute|Keldeo-Resolute|208\/323
|-damage|p1a: Keldeo-Resolute|188\/323|[from] Stealth Rock
|
|turn|18
|
|move|p2a: Infernape|Fire Blast|p1a: Keldeo-Resolute
|-resisted|p1a: Keldeo-Resolute
|-damage|p1a: Keldeo-Resolute|96\/323
|-status|p1a: Keldeo-Resolute|brn
|move|p1a: Keldeo-Resolute|Secret Sword|p2a: Infernape
|-damage|p2a: Infernape|0 fnt
|faint|p2a: Infernape
|
|-damage|p1a: Keldeo-Resolute|56\/323 brn|[from] brn
|-message|burgerfresser forfeited.
|
|switch|p2a: Keldeo-Resolute|Keldeo-Resolute|216\/323
|-damage|p2a: Keldeo-Resolute|196\/323|[from] Stealth Rock
|turn|19
|
|win|Aozatem
|raw|Ladder updating...
|raw|burgerfresser's rating: 1752 &rarr; <strong>1723<\/strong><br \/>(-29 for losing)
|raw|Aozatem's rating: 1589 &rarr; <strong>1617<\/strong><br \/>(+28 for winning)
|leave|burgerfresser
|player|p1