|join|Alkov
|join|KiyoshiPie
|player|p1|Alkov|256
|player|p2|KiyoshiPie|290
|gametype|singles
|gen|6
|tier|OU
|rated
|clearpoke
|poke|p1|Ferrothorn, F
|poke|p1|Charizard, M, shiny
|poke|p1|Azumarill, M
|poke|p1|Clefable, F
|poke|p1|Latios, M
|poke|p1|Landorus-Therian, M, shiny
|poke|p2|Charizard, M
|poke|p2|Latios, M
|poke|p2|Zapdos
|poke|p2|Swampert, F
|poke|p2|Scizor, M
|poke|p2|Gardevoir, M
|rule|Swagger Clause: Swagger is banned
|rule|Baton Pass Clause: Limit one Pokémon knowing Baton Pass
|rule|Sleep Clause Mod: Limit one foe put to sleep
|rule|Species Clause: Limit one of each Pokémon
|rule|OHKO Clause: OHKO moves are banned
|rule|Moody Clause: Moody is banned
|rule|Evasion Moves Clause: Evasion moves are banned
|rule|Endless Battle Clause: Forcing endless battles is banned
|rule|HP Percentage Mod: HP is shown in percentages
|teampreview
|
|start
|switch|p1a: Ferrothorn|Ferrothorn, F|352\/352
|switch|p2a: Swampert|Swampert, F|404\/404
|turn|1
|
|move|p2a: Swampert|Superpower|p1a: Ferrothorn
|-supereffective|p1a: Ferrothorn
|-damage|p1a: Ferrothorn|56\/352
|-damage|p2a: Swampert|354\/404|[from] ability: Iron Barbs|[of] p1a: Ferrothorn
|-unboost|p2a: Swampert|atk|1
|-unboost|p2a: Swampert|def|1
|move|p1a: Ferrothorn|Stealth Rock|p2a: Swampert
|-sidestart|p2: KiyoshiPie|move: Stealth Rock
|
|-heal|p1a: Ferrothorn|78\/352|[from] item: Leftovers
|turn|2
|join|IamChow
|
|switch|p2a: Latios|Latios, M|301\/301
|-damage|p2a: Latios|264\/301|[from] Stealth Rock
|switch|p1a: Charizard|Charizard, M, shiny|297\/297
|
|turn|3
|
|switch|p1a: Clefable|Clefable, F|394\/394
|move|p2a: Latios|Psyshock|p1a: Clefable
|-damage|p1a: Clefable|225\/394
|-damage|p2a: Latios|234\/301|[from] item: Life Orb
|
|-heal|p1a: Clefable|249\/394|[from] item: Leftovers
|turn|4
|
|move|p2a: Latios|Defog|p1a: Clefable
|-unboost|p1a: Clefable|evasion|1
|-sideend|p2: KiyoshiPie|Stealth Rock|[from] move: Defog|[of] p2a: Latios
|move|p1a: Clefable|Moonblast|p2a: Latios
|-supereffective|p2a: Latios
|-damage|p2a: Latios|48\/301
|
|-heal|p1a: Clefable|273\/394|[from] item: Leftovers
|turn|5
|
|switch|p2a: Charizard|Charizard, M|307\/307
|move|p1a: Clefable|Flamethrower|p2a: Charizard
|-resisted|p2a: Charizard
|-damage|p2a: Charizard|271\/307
|
|-heal|p1a: Clefable|297\/394|[from] item: Leftovers
|turn|6
|
|switch|p1a: Landorus-Therian|Landorus-Therian, M, shiny|320\/320
|-ability|p1a: Landorus-Therian|Intimidate|[of] p2a: Charizard
|-unboost|p2a: Charizard|atk|1
|detailschange|p2a: Charizard|Charizard-Mega-Y, M
|message|Charizard has Mega Evolved into Mega Charizard!
|-weather|SunnyDay
|move|p2a: Charizard|Fire Blast|p1a: Landorus-Therian
|-damage|p1a: Landorus-Therian|0 fnt
|faint|p1a: Landorus-Therian
|
|-weather|SunnyDay|[upkeep]
|
|switch|p1a: Latios|Latios, M|302\/302
|turn|7
|
|switch|p1a: Charizard|Charizard, M, shiny|297\/297
|switch|p2a: Scizor|Scizor, M|344\/344
|
|-weather|SunnyDay|[upkeep]
|turn|8
|
|detailschange|p1a: Charizard|Charizard-Mega-Y, M, shiny
|message|Charizard has Mega Evolved into Mega Charizard!
|move|p1a: Charizard|Flamethrower|p2a: Scizor
|-supereffective|p2a: Scizor
|-damage|p2a: Scizor|0 fnt
|faint|p2a: Scizor
|
|-weather|SunnyDay|[upkeep]
|
|switch|p2a: Zapdos|Zapdos|384\/384
|-ability|p2a: Zapdos|Pressure
|turn|9
|
|switch|p1a: Clefable|Clefable, F|297\/394
|move|p2a: Zapdos|Thunderbolt|p1a: Clefable
|-damage|p1a: Clefable|93\/394
|
|-weather|SunnyDay|[upkeep]
|-heal|p1a: Clefable|117\/394|[from] item: Leftovers
|turn|10
|
|switch|p1a: Latios|Latios, M|302\/302
|move|p2a: Zapdos|Thunderbolt|p1a: Latios
|-resisted|p1a: Latios
|-damage|p1a: Latios|227\/302
|
|-weather|none
|turn|11
|
|switch|p2a: Gardevoir|Gardevoir, M|278\/278
|-ability|p2a: Gardevoir|Levitate|[from] ability: Trace|[of] p1a: Latios
|move|p1a: Latios|Psyshock|p2a: Gardevoir
|-resisted|p2a: Gardevoir
|-damage|p2a: Gardevoir|138\/278
|-damage|p1a: Latios|197\/302|[from] item: Life Orb
|
|turn|12
|
|move|p2a: Gardevoir|Moonblast|p1a: Latios
|-supereffective|p1a: Latios
|-damage|p1a: Latios|0 fnt
|faint|p1a: Latios
|
|
|switch|p1a: Ferrothorn|Ferrothorn, F|78\/352
|turn|13
|
|switch|p2a: Charizard|Charizard-Mega-Y, M|271\/307
|-weather|SunnyDay
|move|p1a: Ferrothorn|Stealth Rock|p2a: Charizard
|-sidestart|p2: KiyoshiPie|move: Stealth Rock
|
|-weather|SunnyDay|[upkeep]
|-heal|p1a: Ferrothorn|100\/352|[from] item: Leftovers
|turn|14
|
|switch|p1a: Clefable|Clefable, F|117\/394
|move|p2a: Charizard|Fire Blast|p1a: Clefable
|-damage|p1a: Clefable|0 fnt
|faint|p1a: Clefable
|
|-weather|SunnyDay|[upkeep]
|
|switch|p1a: Azumarill|Azumarill, M|403\/403
|turn|15
|
|move|p2a: Charizard|Solar Beam|p1a: Azumarill|[still]
|-prepare|p2a: Charizard|Solar Beam|p1a: Azumarill
|-anim|p2a: Charizard|Solar Beam|p1a: Azumarill
|-supereffective|p1a: Azumarill
|-damage|p1a: Azumarill|0 fnt
|faint|p1a: Azumarill
|
|-weather|SunnyDay|[upkeep]
|
|switch|p1a: Charizard|Charizard-Mega-Y, M, shiny|297\/297
|turn|16
|c|★Alkov|zz did the calc and it was 50%
|c|★Alkov|damn ...
|
|move|p1a: Charizard|Flamethrower|p2a: Charizard
|-resisted|p2a: Charizard
|-damage|p2a: Charizard|145\/307
|move|p2a: Charizard|Fire Blast|p1a: Charizard
|-resisted|p1a: Charizard
|-damage|p1a: Charizard|131\/297
|
|-weather|SunnyDay|[upkeep]
|turn|17
|c|★KiyoshiPie|I'm not timid
|
|move|p1a: Charizard|Flamethrower|p2a: Charizard
|-resisted|p2a: Charizard
|-damage|p2a: Charizard|28\/307
|move|p2a: Charizard|Fire Blast|p1a: Charizard|[miss]
|-miss|p2a: Charizard|p1a: Charizard
|
|-weather|none
|turn|18
|
|move|p1a: Charizard|Flamethrower|p2a: Charizard
|-resisted|p2a: Charizard
|-damage|p2a: Charizard|0 fnt
|faint|p2a: Charizard
|
|
|switch|p2a: Latios|Latios, M|48\/301
|-damage|p2a: Latios|11\/301|[from] Stealth Rock
|turn|19
|
|switch|p1a: Ferrothorn|Ferrothorn, F|100\/352
|move|p2a: Latios|Draco Meteor|p1a: Ferrothorn
|-resisted|p1a: Ferrothorn
|-damage|p1a: Ferrothorn|0 fnt
|-unboost|p2a: Latios|spa|2
|-damage|p2a: Latios|0 fnt|[from] item: Life Orb
|faint|p1a: Ferrothorn
|faint|p2a: Latios
|
|
|switch|p2a: Gardevoir|Gardevoir, M|138\/278
|-damage|p2a: Gardevoir|104\/278|[from] Stealth Rock
|switch|p1a: Charizard|Charizard-Mega-Y, M, shiny|131\/297
|-ability|p2a: Gardevoir|Drought|[from] ability: Trace|[of] p1a: Charizard
|-weather|SunnyDay
|turn|20
|
|move|p2a: Gardevoir|Thunderbolt|p1a: Charizard
|-supereffective|p1a: Charizard
|-damage|p1a: Charizard|0 fnt
|faint|p1a: Charizard
|
|win|KiyoshiPie
|raw|Ladder updating...
|raw|Alkov's rating: 1723 &rarr; <strong>1695<\/strong><br \/>(-28 for losing)
|raw|KiyoshiPie's rating: 1582 &rarr; <strong>1610<\/strong><br \/>(+28 for winning)
|c|★Alkov|gg
|c|★KiyoshiPie|gg
|leave|Alkov
|player|p1