|join|Alkov
|join|Dayanne
|player|p1|Alkov|256
|player|p2|Dayanne|37
|gametype|singles
|gen|6
|tier|OU
|rated
|clearpoke
|poke|p1|Kyurem-Black, shiny
|poke|p1|Slowbro, M
|poke|p1|Gardevoir, F, shiny
|poke|p1|Cobalion
|poke|p1|Landorus-Therian, M
|poke|p1|Zapdos
|poke|p2|Chansey, F
|poke|p2|Zapdos
|poke|p2|Scizor, M
|poke|p2|Clefable, F
|poke|p2|Gliscor, M
|poke|p2|Slowbro, M
|rule|Swagger Clause: Swagger is banned
|rule|Baton Pass Clause: Limit one Pokémon knowing Baton Pass
|rule|Sleep Clause Mod: Limit one foe put to sleep
|rule|Species Clause: Limit one of each Pokémon
|rule|OHKO Clause: OHKO moves are banned
|rule|Moody Clause: Moody is banned
|rule|Evasion Moves Clause: Evasion moves are banned
|rule|Endless Battle Clause: Forcing endless battles is banned
|rule|HP Percentage Mod: HP is shown in percentages
|teampreview
|
|start
|switch|p1a: Cobalion|Cobalion|351\/351
|switch|p2a: Slowbro|Slowbro, M|394\/394
|turn|1
|
|move|p1a: Cobalion|Stealth Rock|p2a: Slowbro
|-sidestart|p2: Dayanne|move: Stealth Rock
|move|p2a: Slowbro|Thunder Wave|p1a: Cobalion
|-status|p1a: Cobalion|par
|
|turn|2
|
|move|p2a: Slowbro|Scald|p1a: Cobalion
|-damage|p1a: Cobalion|233\/351 par
|move|p1a: Cobalion|Volt Switch|p2a: Slowbro
|-supereffective|p2a: Slowbro
|-damage|p2a: Slowbro|282\/394
|
|switch|p1a: Zapdos|Zapdos|383\/383
|-ability|p1a: Zapdos|Pressure
|
|-heal|p2a: Slowbro|306\/394|[from] item: Leftovers
|turn|3
|
|switch|p1a: Gardevoir|Gardevoir, F, shiny|277\/277
|-ability|p1a: Gardevoir|Regenerator|[from] ability: Trace|[of] p2a: Slowbro
|switch|p2a: Gliscor|Gliscor, M|352\/352
|-damage|p2a: Gliscor|308\/352|[from] Stealth Rock
|
|-status|p2a: Gliscor|tox|[from] item: Toxic Orb
|turn|4
|
|switch|p2a: Chansey|Chansey, F|704\/704
|-damage|p2a: Chansey|616\/704|[from] Stealth Rock
|detailschange|p1a: Gardevoir|Gardevoir-Mega, F, shiny
|-mega|p1a: Gardevoir|Gardevoir|Gardevoirite
|move|p1a: Gardevoir|Hyper Voice|p2a: Chansey
|-damage|p2a: Chansey|442\/704
|
|turn|5
|
|move|p1a: Gardevoir|Taunt|p2a: Chansey
|-start|p2a: Chansey|move: Taunt
|move|p2a: Chansey|Seismic Toss|p1a: Gardevoir
|-damage|p1a: Gardevoir|177\/277
|
|turn|6
|
|switch|p2a: Scizor|Scizor, M|344\/344
|-damage|p2a: Scizor|301\/344|[from] Stealth Rock
|move|p1a: Gardevoir|Psyshock|p2a: Scizor
|-resisted|p2a: Scizor
|-damage|p2a: Scizor|236\/344
|
|turn|7
|
|switch|p1a: Zapdos|Zapdos|383\/383
|-ability|p1a: Zapdos|Pressure
|switch|p2a: Zapdos|Zapdos|384\/384
|-damage|p2a: Zapdos|288\/384|[from] Stealth Rock
|-ability|p2a: Zapdos|Pressure
|
|-heal|p2a: Zapdos|312\/384|[from] item: Leftovers
|turn|8
|
|switch|p1a: Kyurem-Black|Kyurem-Black, shiny|391\/391
|-ability|p1a: Kyurem-Black|Teravolt
|move|p2a: Zapdos|Defog|p1a: Kyurem-Black
|-unboost|p1a: Kyurem-Black|evasion|1
|-sideend|p2: Dayanne|Stealth Rock|[from] move: Defog|[of] p2a: Zapdos
|
|-heal|p2a: Zapdos|336\/384|[from] item: Leftovers
|turn|9
|join|Mistaken
|
|switch|p2a: Slowbro|Slowbro, M|394\/394
|move|p1a: Kyurem-Black|Fusion Bolt|p2a: Slowbro
|-supereffective|p2a: Slowbro
|-damage|p2a: Slowbro|152\/394
|-damage|p1a: Kyurem-Black|352\/391|[from] item: Life Orb
|
|-heal|p2a: Slowbro|176\/394|[from] item: Leftovers
|turn|10
|c| Mistaken|the coballion team is back :O
|c|★Alkov|mmhmm
|
|switch|p2a: Scizor|Scizor, M|236\/344
|move|p1a: Kyurem-Black|Fusion Bolt|p2a: Scizor
|-damage|p2a: Scizor|119\/344
|-damage|p1a: Kyurem-Black|313\/391|[from] item: Life Orb
|
|turn|11
|c| Mistaken|or did it never stop in the first place
|
|detailschange|p2a: Scizor|Scizor-Mega, M
|-mega|p2a: Scizor|Scizor|Scizorite
|move|p1a: Kyurem-Black|Hidden Power|p2a: Scizor
|-supereffective|p2a: Scizor
|-damage|p2a: Scizor|0 fnt
|-damage|p1a: Kyurem-Black|274\/391|[from] item: Life Orb
|faint|p2a: Scizor
|
|c|★Alkov|never stopped
|
|switch|p2a: Chansey|Chansey, F|442\/704
|turn|12
|
|switch|p1a: Cobalion|Cobalion|233\/351 par
|move|p2a: Chansey|Soft-Boiled|p2a: Chansey
|-heal|p2a: Chansey|704\/704
|
|-heal|p1a: Cobalion|254\/351 par|[from] item: Leftovers
|turn|13
|
|move|p2a: Chansey|Stealth Rock|p1a: Cobalion
|-sidestart|p1: Alkov|move: Stealth Rock
|move|p1a: Cobalion|Stealth Rock|p2a: Chansey
|-sidestart|p2: Dayanne|move: Stealth Rock
|
|-heal|p1a: Cobalion|275\/351 par|[from] item: Leftovers
|turn|14
|
|switch|p2a: Gliscor|Gliscor, M|308\/352 tox
|-damage|p2a: Gliscor|264\/352 tox|[from] Stealth Rock
|switch|p1a: Slowbro|Slowbro, M|394\/394
|-damage|p1a: Slowbro|345\/394|[from] Stealth Rock
|
|-heal|p1a: Slowbro|369\/394|[from] item: Leftovers
|-heal|p2a: Gliscor|308\/352 tox|[from] ability: Poison Heal
|turn|15
|
|move|p2a: Gliscor|Knock Off|p1a: Slowbro
|-supereffective|p1a: Slowbro
|-damage|p1a: Slowbro|269\/394
|-enditem|p1a: Slowbro|Leftovers|[from] move: Knock Off|[of] p2a: Gliscor
|move|p1a: Slowbro|Scald|p2a: Gliscor
|-supereffective|p2a: Gliscor
|-damage|p2a: Gliscor|132\/352 tox
|
|-heal|p2a: Gliscor|176\/352 tox|[from] ability: Poison Heal
|turn|16
|
|move|p2a: Gliscor|Roost|p2a: Gliscor
|-heal|p2a: Gliscor|352\/352 tox
|move|p1a: Slowbro|Scald|p2a: Gliscor
|-supereffective|p2a: Gliscor
|-damage|p2a: Gliscor|164\/352 tox
|
|-heal|p2a: Gliscor|208\/352 tox|[from] ability: Poison Heal
|turn|17
|
|switch|p1a: Gardevoir|Gardevoir-Mega, F, shiny|177\/277
|-damage|p1a: Gardevoir|143\/277|[from] Stealth Rock
|move|p2a: Gliscor|Roost|p2a: Gliscor
|-heal|p2a: Gliscor|352\/352 tox
|
|turn|18
|
|move|p1a: Gardevoir|Hyper Voice|p2a: Gliscor
|-damage|p2a: Gliscor|118\/352 tox
|move|p2a: Gliscor|Earthquake|p1a: Gardevoir
|-damage|p1a: Gardevoir|0 fnt
|faint|p1a: Gardevoir
|
|-heal|p2a: Gliscor|162\/352 tox|[from] ability: Poison Heal
|c|★Alkov|holycrap its max spdef -.-
|c|★Alkov|oh its spdef scor while i get a min roll -.-
|c|★Alkov|it should had done 70% at least urghh
|
|switch|p1a: Kyurem-Black|Kyurem-Black, shiny|274\/391
|-damage|p1a: Kyurem-Black|177\/391|[from] Stealth Rock
|-ability|p1a: Kyurem-Black|Teravolt
|turn|19
|
|switch|p2a: Slowbro|Slowbro, M|307\/394
|-damage|p2a: Slowbro|258\/394|[from] Stealth Rock
|move|p1a: Kyurem-Black|Fusion Bolt|p2a: Slowbro
|-supereffective|p2a: Slowbro
|-damage|p2a: Slowbro|53\/394
|-damage|p1a: Kyurem-Black|138\/391|[from] item: Life Orb
|
|-heal|p2a: Slowbro|77\/394|[from] item: Leftovers
|turn|20
|
|switch|p2a: Chansey|Chansey, F|704\/704
|-damage|p2a: Chansey|616\/704|[from] Stealth Rock
|move|p1a: Kyurem-Black|Ice Beam|p2a: Chansey
|-damage|p2a: Chansey|487\/704
|-damage|p1a: Kyurem-Black|99\/391|[from] item: Life Orb
|
|turn|21
|
|switch|p1a: Cobalion|Cobalion|275\/351 par
|-damage|p1a: Cobalion|265\/351 par|[from] Stealth Rock
|move|p2a: Chansey|Soft-Boiled|p2a: Chansey
|-heal|p2a: Chansey|704\/704
|
|-heal|p1a: Cobalion|286\/351 par|[from] item: Leftovers
|turn|22
|
|switch|p2a: Gliscor|Gliscor, M|162\/352 tox
|-damage|p2a: Gliscor|118\/352 tox|[from] Stealth Rock
|switch|p1a: Zapdos|Zapdos|383\/383
|-damage|p1a: Zapdos|288\/383|[from] Stealth Rock
|-ability|p1a: Zapdos|Pressure
|
|-heal|p1a: Zapdos|311\/383|[from] item: Leftovers
|-heal|p2a: Gliscor|162\/352 tox|[from] ability: Poison Heal
|turn|23
|
|move|p2a: Gliscor|Roost|p2a: Gliscor
|-heal|p2a: Gliscor|338\/352 tox
|move|p1a: Zapdos|Defog|p2a: Gliscor
|-unboost|p2a: Gliscor|evasion|1
|-sideend|p2: Dayanne|Stealth Rock|[from] move: Defog|[of] p2a: Gliscor
|-sideend|p1: Alkov|Stealth Rock|[from] move: Defog|[of] p1a: Zapdos
|
|-heal|p1a: Zapdos|334\/383|[from] item: Leftovers
|-heal|p2a: Gliscor|352\/352 tox|[from] ability: Poison Heal
|turn|24
|
|move|p2a: Gliscor|Knock Off|p1a: Zapdos
|-damage|p1a: Zapdos|273\/383
|-enditem|p1a: Zapdos|Leftovers|[from] move: Knock Off|[of] p2a: Gliscor
|move|p1a: Zapdos|Heat Wave|p2a: Gliscor
|-damage|p2a: Gliscor|256\/352 tox
|
|-heal|p2a: Gliscor|300\/352 tox|[from] ability: Poison Heal
|turn|25
|
|move|p2a: Gliscor|Knock Off|p1a: Zapdos
|-damage|p1a: Zapdos|234\/383
|move|p1a: Zapdos|Roost|p1a: Zapdos
|-heal|p1a: Zapdos|383\/383
|
|-heal|p2a: Gliscor|344\/352 tox|[from] ability: Poison Heal
|turn|26
|
|move|p2a: Gliscor|Knock Off|p1a: Zapdos
|-damage|p1a: Zapdos|340\/383
|move|p1a: Zapdos|Heat Wave|p2a: Gliscor
|-damage|p2a: Gliscor|250\/352 tox
|
|-heal|p2a: Gliscor|294\/352 tox|[from] ability: Poison Heal
|turn|27
|
|move|p2a: Gliscor|Knock Off|p1a: Zapdos
|-damage|p1a: Zapdos|298\/383
|move|p1a: Zapdos|Heat Wave|p2a: Gliscor
|-damage|p2a: Gliscor|208\/352 tox
|
|-heal|p2a: Gliscor|252\/352 tox|[from] ability: Poison Heal
|turn|28
|
|switch|p1a: Cobalion|Cobalion|286\/351 par
|move|p2a: Gliscor|Knock Off|p1a: Cobalion
|-resisted|p1a: Cobalion
|-damage|p1a: Cobalion|258\/351 par
|-boost|p1a: Cobalion|atk|1|[from] ability: Justified
|-enditem|p1a: Cobalion|Leftovers|[from] move: Knock Off|[of] p2a: Gliscor
|
|-heal|p2a: Gliscor|296\/352 tox|[from] ability: Poison Heal
|turn|29
|
|move|p2a: Gliscor|Earthquake|p1a: Cobalion
|-supereffective|p1a: Cobalion
|-damage|p1a: Cobalion|72\/351 par
|move|p1a: Cobalion|Stealth Rock|p2a: Gliscor
|-sidestart|p2: Dayanne|move: Stealth Rock
|
|-heal|p2a: Gliscor|340\/352 tox|[from] ability: Poison Heal
|turn|30
|
|switch|p1a: Slowbro|Slowbro, M|394\/394
|move|p2a: Gliscor|Earthquake|p1a: Slowbro
|-damage|p1a: Slowbro|322\/394
|
|-heal|p2a: Gliscor|352\/352 tox|[from] ability: Poison Heal
|turn|31
|
|switch|p2a: Zapdos|Zapdos|336\/384
|-damage|p2a: Zapdos|240\/384|[from] Stealth Rock
|-ability|p2a: Zapdos|Pressure
|move|p1a: Slowbro|Scald|p2a: Zapdos
|-damage|p2a: Zapdos|144\/384
|
|-heal|p2a: Zapdos|168\/384|[from] item: Leftovers
|turn|32
|
|move|p2a: Zapdos|Defog|p1a: Slowbro
|-unboost|p1a: Slowbro|evasion|1
|-sideend|p2: Dayanne|Stealth Rock|[from] move: Defog|[of] p2a: Zapdos
|move|p1a: Slowbro|Scald|p2a: Zapdos
|-damage|p2a: Zapdos|59\/384
|
|-heal|p2a: Zapdos|83\/384|[from] item: Leftovers
|turn|33
|
|switch|p1a: Landorus-Therian|Landorus-Therian, M|328\/328
|-ability|p1a: Landorus-Therian|Intimidate|[of] p2a: Zapdos
|-unboost|p2a: Zapdos|atk|1
|move|p2a: Zapdos|Roost|p2a: Zapdos
|-heal|p2a: Zapdos|275\/384
|
|-heal|p2a: Zapdos|299\/384|[from] item: Leftovers
|turn|34
|
|switch|p2a: Slowbro|Slowbro, M|208\/394
|move|p1a: Landorus-Therian|Knock Off|p2a: Slowbro
|-supereffective|p2a: Slowbro
|-damage|p2a: Slowbro|28\/394
|-enditem|p2a: Slowbro|Leftovers|[from] move: Knock Off|[of] p1a: Landorus-Therian
|
|turn|35
|
|switch|p2a: Gliscor|Gliscor, M|352\/352 tox
|move|p1a: Landorus-Therian|Knock Off|p2a: Gliscor
|-damage|p2a: Gliscor|253\/352 tox
|-enditem|p2a: Gliscor|Toxic Orb|[from] move: Knock Off|[of] p1a: Landorus-Therian
|
|-heal|p2a: Gliscor|297\/352 tox|[from] ability: Poison Heal
|turn|36
|
|switch|p1a: Slowbro|Slowbro, M|394\/394
|move|p2a: Gliscor|Knock Off|p1a: Slowbro
|-supereffective|p1a: Slowbro
|-damage|p1a: Slowbro|326\/394
|
|-heal|p2a: Gliscor|341\/352 tox|[from] ability: Poison Heal
|turn|37
|
|switch|p2a: Slowbro|Slowbro, M|159\/394
|move|p1a: Slowbro|Scald|p2a: Slowbro
|-resisted|p2a: Slowbro
|-damage|p2a: Slowbro|105\/394
|-status|p2a: Slowbro|brn
|
|-damage|p2a: Slowbro|56\/394 brn|[from] brn
|turn|38
|
|switch|p2a: Chansey|Chansey, F|704\/704
|move|p1a: Slowbro|Scald|p2a: Chansey
|-damage|p2a: Chansey|647\/704
|
|turn|39
|
|switch|p1a: Landorus-Therian|Landorus-Therian, M|328\/328
|-ability|p1a: Landorus-Therian|Intimidate|[of] p2a: Chansey
|-unboost|p2a: Chansey|atk|1
|move|p2a: Chansey|Stealth Rock|p1a: Landorus-Therian
|-sidestart|p1: Alkov|move: Stealth Rock
|
|turn|40
|
|switch|p2a: Gliscor|Gliscor, M|341\/352 tox
|move|p1a: Landorus-Therian|U-turn|p2a: Gliscor
|-resisted|p2a: Gliscor
|-damage|p2a: Gliscor|305\/352 tox
|
|switch|p1a: Slowbro|Slowbro, M|394\/394
|-damage|p1a: Slowbro|345\/394|[from] Stealth Rock
|
|-heal|p2a: Gliscor|349\/352 tox|[from] ability: Poison Heal
|turn|41
|
|switch|p2a: Slowbro|Slowbro, M|187\/394 brn
|move|p1a: Slowbro|Scald|p2a: Slowbro
|-resisted|p2a: Slowbro
|-damage|p2a: Slowbro|128\/394 brn
|
|-damage|p2a: Slowbro|79\/394 brn|[from] brn
|turn|42
|
|switch|p1a: Zapdos|Zapdos|298\/383
|-damage|p1a: Zapdos|203\/383|[from] Stealth Rock
|-ability|p1a: Zapdos|Pressure
|move|p2a: Slowbro|Slack Off|p2a: Slowbro
|-heal|p2a: Slowbro|276\/394 brn
|
|-damage|p2a: Slowbro|227\/394 brn|[from] brn
|turn|43
|
|switch|p2a: Gliscor|Gliscor, M|349\/352 tox
|move|p1a: Zapdos|Defog|p2a: Gliscor
|-unboost|p2a: Gliscor|evasion|1
|-sideend|p1: Alkov|Stealth Rock|[from] move: Defog|[of] p1a: Zapdos
|
|-heal|p2a: Gliscor|352\/352 tox|[from] ability: Poison Heal
|turn|44
|
|move|p2a: Gliscor|Taunt|p1a: Zapdos
|-start|p1a: Zapdos|move: Taunt
|cant|p1a: Zapdos|move: Taunt|Roost
|
|turn|45
|
|switch|p2a: Chansey|Chansey, F|647\/704
|switch|p1a: Slowbro|Slowbro, M|394\/394
|
|turn|46
|
|switch|p1a: Zapdos|Zapdos|203\/383
|-ability|p1a: Zapdos|Pressure
|move|p2a: Chansey|Stealth Rock|p1a: Zapdos
|-sidestart|p1: Alkov|move: Stealth Rock
|
|turn|47
|
|switch|p2a: Clefable|Clefable, F|394\/394
|move|p1a: Zapdos|Defog|p2a: Clefable
|-unboost|p2a: Clefable|evasion|1
|-sideend|p1: Alkov|Stealth Rock|[from] move: Defog|[of] p1a: Zapdos
|
|turn|48
|
|move|p1a: Zapdos|Roost|p1a: Zapdos
|-heal|p1a: Zapdos|383\/383
|move|p2a: Clefable|Calm Mind|p2a: Clefable
|-boost|p2a: Clefable|spa|1
|-boost|p2a: Clefable|spd|1
|
|turn|49
|
|switch|p1a: Slowbro|Slowbro, M|394\/394
|move|p2a: Clefable|Moonblast|p1a: Slowbro
|-damage|p1a: Slowbro|214\/394
|
|turn|50
|
|move|p2a: Clefable|Calm Mind|p2a: Clefable
|-boost|p2a: Clefable|spa|1
|-boost|p2a: Clefable|spd|1
|move|p1a: Slowbro|Thunder Wave|p2a: Clefable
|-status|p2a: Clefable|par
|
|turn|51
|
|switch|p1a: Cobalion|Cobalion|72\/351 par
|move|p2a: Clefable|Calm Mind|p2a: Clefable
|-boost|p2a: Clefable|spa|1
|-boost|p2a: Clefable|spd|1
|
|turn|52
|
|move|p1a: Cobalion|Iron Head|p2a: Clefable
|-supereffective|p2a: Clefable
|-damage|p2a: Clefable|208\/394 par
|cant|p2a: Clefable|par
|
|-heal|p2a: Clefable|232\/394 par|[from] item: Leftovers
|turn|53
|
|switch|p2a: Zapdos|Zapdos|299\/384
|-ability|p2a: Zapdos|Pressure
|move|p1a: Cobalion|Iron Head|p2a: Zapdos
|-resisted|p2a: Zapdos
|-damage|p2a: Zapdos|255\/384
|
|-heal|p2a: Zapdos|279\/384|[from] item: Leftovers
|turn|54
|
|switch|p1a: Zapdos|Zapdos|383\/383
|-ability|p1a: Zapdos|Pressure
|move|p2a: Zapdos|Heat Wave|p1a: Zapdos
|-damage|p1a: Zapdos|280\/383
|
|-heal|p2a: Zapdos|303\/384|[from] item: Leftovers
|turn|55
|
|move|p2a: Zapdos|Heat Wave|p1a: Zapdos
|-crit|p1a: Zapdos
|-damage|p1a: Zapdos|133\/383
|move|p1a: Zapdos|Discharge|p2a: Zapdos
|-damage|p2a: Zapdos|171\/384
|
|-heal|p2a: Zapdos|195\/384|[from] item: Leftovers
|turn|56
|
|move|p2a: Zapdos|Roost|p2a: Zapdos
|-heal|p2a: Zapdos|384\/384
|move|p1a: Zapdos|Roost|p1a: Zapdos
|-heal|p1a: Zapdos|325\/383
|
|turn|57
|
|move|p2a: Zapdos|Heat Wave|p1a: Zapdos
|-miss|p2a: Zapdos|p1a: Zapdos
|move|p1a: Zapdos|Discharge|p2a: Zapdos
|-damage|p2a: Zapdos|245\/384
|
|-heal|p2a: Zapdos|269\/384|[from] item: Leftovers
|turn|58
|
|move|p2a: Zapdos|Heat Wave|p1a: Zapdos
|-damage|p1a: Zapdos|226\/383
|move|p1a: Zapdos|Heat Wave|p2a: Zapdos
|-damage|p2a: Zapdos|172\/384
|
|-heal|p2a: Zapdos|196\/384|[from] item: Leftovers
|turn|59
|
|move|p2a: Zapdos|Roost|p2a: Zapdos
|-heal|p2a: Zapdos|384\/384
|move|p1a: Zapdos|Roost|p1a: Zapdos
|-heal|p1a: Zapdos|383\/383
|
|turn|60
|
|move|p2a: Zapdos|Heat Wave|p1a: Zapdos
|-crit|p1a: Zapdos
|-damage|p1a: Zapdos|223\/383
|move|p1a: Zapdos|Heat Wave|p2a: Zapdos
|-damage|p2a: Zapdos|279\/384
|
|-heal|p2a: Zapdos|303\/384|[from] item: Leftovers
|turn|61
|
|move|p2a: Zapdos|Heat Wave|p1a: Zapdos
|-damage|p1a: Zapdos|119\/383
|move|p1a: Zapdos|Roost|p1a: Zapdos
|-heal|p1a: Zapdos|311\/383
|
|-heal|p2a: Zapdos|327\/384|[from] item: Leftovers
|turn|62
|
|move|p2a: Zapdos|Volt Switch|p1a: Zapdos
|-damage|p1a: Zapdos|208\/383
|
|switch|p2a: Gliscor|Gliscor, M|352\/352 tox
|move|p1a: Zapdos|Heat Wave|p2a: Gliscor
|-crit|p2a: Gliscor
|-damage|p2a: Gliscor|226\/352 tox
|
|-heal|p2a: Gliscor|270\/352 tox|[from] ability: Poison Heal
|turn|63
|
|switch|p1a: Slowbro|Slowbro, M|345\/394
|move|p2a: Gliscor|Taunt|p1a: Slowbro
|-start|p1a: Slowbro|move: Taunt
|
|-heal|p2a: Gliscor|314\/352 tox|[from] ability: Poison Heal
|turn|64
|
|switch|p2a: Chansey|Chansey, F|647\/704
|move|p1a: Slowbro|Scald|p2a: Chansey
|-damage|p2a: Chansey|586\/704
|-status|p2a: Chansey|brn
|
|-damage|p2a: Chansey|498\/704 brn|[from] brn
|turn|65
|
|switch|p1a: Zapdos|Zapdos|208\/383
|-ability|p1a: Zapdos|Pressure
|move|p2a: Chansey|Stealth Rock|p1a: Zapdos
|-sidestart|p1: Alkov|move: Stealth Rock
|
|-damage|p2a: Chansey|410\/704 brn|[from] brn
|turn|66
|
|move|p1a: Zapdos|Roost|p1a: Zapdos
|-heal|p1a: Zapdos|383\/383
|move|p2a: Chansey|Soft-Boiled|p2a: Chansey
|-heal|p2a: Chansey|704\/704 brn
|
|-damage|p2a: Chansey|616\/704 brn|[from] brn
|turn|67
|
|switch|p2a: Zapdos|Zapdos|327\/384
|-ability|p2a: Zapdos|Pressure
|move|p1a: Zapdos|Defog|p2a: Zapdos
|-unboost|p2a: Zapdos|evasion|1
|-sideend|p1: Alkov|Stealth Rock|[from] move: Defog|[of] p1a: Zapdos
|
|-heal|p2a: Zapdos|351\/384|[from] item: Leftovers
|turn|68
|
|move|p2a: Zapdos|Volt Switch|p1a: Zapdos
|-damage|p1a: Zapdos|280\/383
|
|switch|p2a: Gliscor|Gliscor, M|314\/352 tox
|move|p1a: Zapdos|Heat Wave|p2a: Gliscor
|-damage|p2a: Gliscor|220\/352 tox
|
|-heal|p2a: Gliscor|264\/352 tox|[from] ability: Poison Heal
|turn|69
|
|switch|p2a: Chansey|Chansey, F|616\/704
|switch|p1a: Slowbro|Slowbro, M|394\/394
|
|turn|70
|
|switch|p1a: Zapdos|Zapdos|280\/383
|-ability|p1a: Zapdos|Pressure
|move|p2a: Chansey|Stealth Rock|p1a: Zapdos
|-sidestart|p1: Alkov|move: Stealth Rock
|
|turn|71
|
|switch|p2a: Clefable|Clefable, F|232\/394 par
|move|p1a: Zapdos|Defog|p2a: Clefable
|-unboost|p2a: Clefable|evasion|1
|-sideend|p1: Alkov|Stealth Rock|[from] move: Defog|[of] p1a: Zapdos
|
|-heal|p2a: Clefable|256\/394 par|[from] item: Leftovers
|turn|72
|
|switch|p2a: Gliscor|Gliscor, M|264\/352 tox
|move|p1a: Zapdos|Discharge|p2a: Gliscor
|-immune|p2a: Gliscor|[msg]
|
|-heal|p2a: Gliscor|308\/352 tox|[from] ability: Poison Heal
|turn|73
|
|switch|p2a: Chansey|Chansey, F|616\/704
|switch|p1a: Slowbro|Slowbro, M|394\/394
|
|turn|74
|
|switch|p2a: Zapdos|Zapdos|351\/384
|-ability|p2a: Zapdos|Pressure
|switch|p1a: Zapdos|Zapdos|280\/383
|-ability|p1a: Zapdos|Pressure
|
|-heal|p2a: Zapdos|375\/384|[from] item: Leftovers
|turn|75
|
|move|p2a: Zapdos|Volt Switch|p1a: Zapdos
|-damage|p1a: Zapdos|168\/383
|
|switch|p2a: Gliscor|Gliscor, M|308\/352 tox
|move|p1a: Zapdos|Roost|p1a: Zapdos
|-heal|p1a: Zapdos|360\/383
|
|-heal|p2a: Gliscor|352\/352 tox|[from] ability: Poison Heal
|turn|76
|
|switch|p2a: Chansey|Chansey, F|616\/704
|switch|p1a: Slowbro|Slowbro, M|394\/394
|
|turn|77
|leave|Mistaken
|
|switch|p1a: Zapdos|Zapdos|360\/383
|-ability|p1a: Zapdos|Pressure
|move|p2a: Chansey|Stealth Rock|p1a: Zapdos
|-sidestart|p1: Alkov|move: Stealth Rock
|
|turn|78
|
|switch|p2a: Zapdos|Zapdos|375\/384
|-ability|p2a: Zapdos|Pressure
|move|p1a: Zapdos|Defog|p2a: Zapdos
|-unboost|p2a: Zapdos|evasion|1
|-sideend|p1: Alkov|Stealth Rock|[from] move: Defog|[of] p1a: Zapdos
|
|-heal|p2a: Zapdos|384\/384|[from] item: Leftovers
|turn|79
|join|duhgreatone
|
|move|p2a: Zapdos|Volt Switch|p1a: Zapdos
|-damage|p1a: Zapdos|248\/383
|leave|duhgreatone
|
|switch|p2a: Gliscor|Gliscor, M|352\/352 tox
|move|p1a: Zapdos|Discharge|p2a: Gliscor
|-immune|p2a: Gliscor|[msg]
|
|turn|80
|
|switch|p2a: Zapdos|Zapdos|384\/384
|-ability|p2a: Zapdos|Pressure
|switch|p1a: Slowbro|Slowbro, M|394\/394
|
|turn|81
|
|switch|p1a: Landorus-Therian|Landorus-Therian, M|328\/328
|-ability|p1a: Landorus-Therian|Intimidate|[of] p2a: Zapdos
|-unboost|p2a: Zapdos|atk|1
|move|p2a: Zapdos|Volt Switch|p1a: Landorus-Therian
|-immune|p1a: Landorus-Therian|[msg]
|
|turn|82
|
|switch|p2a: Gliscor|Gliscor, M|352\/352 tox
|move|p1a: Landorus-Therian|Knock Off|p2a: Gliscor
|-damage|p2a: Gliscor|288\/352 tox
|
|-heal|p2a: Gliscor|332\/352 tox|[from] ability: Poison Heal
|turn|83
|
|switch|p1a: Slowbro|Slowbro, M|394\/394
|move|p2a: Gliscor|Knock Off|p1a: Slowbro
|-supereffective|p1a: Slowbro
|-damage|p1a: Slowbro|326\/394
|
|-heal|p2a: Gliscor|352\/352 tox|[from] ability: Poison Heal
|turn|84
|
|switch|p2a: Chansey|Chansey, F|616\/704
|move|p1a: Slowbro|Scald|p2a: Chansey
|-damage|p2a: Chansey|558\/704
|
|turn|85
|
|switch|p2a: Zapdos|Zapdos|384\/384
|-ability|p2a: Zapdos|Pressure
|move|p1a: Slowbro|Psyshock|p2a: Zapdos
|-damage|p2a: Zapdos|312\/384
|
|-heal|p2a: Zapdos|336\/384|[from] item: Leftovers
|turn|86
|
|switch|p1a: Zapdos|Zapdos|248\/383
|-ability|p1a: Zapdos|Pressure
|move|p2a: Zapdos|Volt Switch|p1a: Zapdos
|-damage|p1a: Zapdos|137\/383
|
|switch|p2a: Gliscor|Gliscor, M|352\/352 tox
|
|turn|87
|
|switch|p1a: Slowbro|Slowbro, M|394\/394
|move|p2a: Gliscor|Taunt|p1a: Slowbro
|-start|p1a: Slowbro|move: Taunt
|
|turn|88
|
|switch|p2a: Chansey|Chansey, F|558\/704
|move|p1a: Slowbro|Scald|p2a: Chansey
|-damage|p2a: Chansey|495\/704
|
|turn|89
|
|switch|p2a: Zapdos|Zapdos|336\/384
|-ability|p2a: Zapdos|Pressure
|switch|p1a: Zapdos|Zapdos|137\/383
|-ability|p1a: Zapdos|Pressure
|
|-heal|p2a: Zapdos|360\/384|[from] item: Leftovers
|turn|90
|
|move|p2a: Zapdos|Volt Switch|p1a: Zapdos
|-damage|p1a: Zapdos|31\/383
|
|switch|p2a: Gliscor|Gliscor, M|352\/352 tox
|move|p1a: Zapdos|Roost|p1a: Zapdos
|-heal|p1a: Zapdos|223\/383
|
|turn|91
|
|switch|p1a: Slowbro|Slowbro, M|394\/394
|move|p2a: Gliscor|Taunt|p1a: Slowbro
|-start|p1a: Slowbro|move: Taunt
|
|turn|92
|
|move|p2a: Gliscor|Knock Off|p1a: Slowbro
|-supereffective|p1a: Slowbro
|-damage|p1a: Slowbro|326\/394
|move|p1a: Slowbro|Psyshock|p2a: Gliscor
|-damage|p2a: Gliscor|267\/352 tox
|
|-heal|p2a: Gliscor|311\/352 tox|[from] ability: Poison Heal
|turn|93
|
|move|p2a: Gliscor|Knock Off|p1a: Slowbro
|-supereffective|p1a: Slowbro
|-damage|p1a: Slowbro|264\/394
|move|p1a: Slowbro|Scald|p2a: Gliscor
|-supereffective|p2a: Gliscor
|-damage|p2a: Gliscor|125\/352 tox
|
|-heal|p2a: Gliscor|169\/352 tox|[from] ability: Poison Heal
|turn|94
|
|move|p2a: Gliscor|Roost|p2a: Gliscor
|-heal|p2a: Gliscor|345\/352 tox
|move|p1a: Slowbro|Scald|p2a: Gliscor
|-supereffective|p2a: Gliscor
|-damage|p2a: Gliscor|157\/352 tox
|
|-heal|p2a: Gliscor|201\/352 tox|[from] ability: Poison Heal
|-end|p1a: Slowbro|move: Taunt
|turn|95
|
|switch|p2a: Slowbro|Slowbro, M|358\/394 brn
|move|p1a: Slowbro|Scald|p2a: Slowbro
|-resisted|p2a: Slowbro
|-damage|p2a: Slowbro|299\/394 brn
|
|-damage|p2a: Slowbro|250\/394 brn|[from] brn
|turn|96
|
|switch|p1a: Zapdos|Zapdos|223\/383
|-ability|p1a: Zapdos|Pressure
|move|p2a: Slowbro|Scald|p1a: Zapdos
|-damage|p1a: Zapdos|115\/383
|
|-damage|p2a: Slowbro|201\/394 brn|[from] brn
|turn|97
|
|move|p1a: Zapdos|Roost|p1a: Zapdos
|-heal|p1a: Zapdos|307\/383
|move|p2a: Slowbro|Scald|p1a: Zapdos
|-damage|p1a: Zapdos|208\/383
|
|-damage|p2a: Slowbro|152\/394 brn|[from] brn
|turn|98
|
|switch|p2a: Gliscor|Gliscor, M|201\/352 tox
|move|p1a: Zapdos|Discharge|p2a: Gliscor
|-immune|p2a: Gliscor|[msg]
|
|-heal|p2a: Gliscor|245\/352 tox|[from] ability: Poison Heal
|turn|99
|
|switch|p1a: Slowbro|Slowbro, M|394\/394
|move|p2a: Gliscor|Taunt|p1a: Slowbro
|-start|p1a: Slowbro|move: Taunt
|
|-heal|p2a: Gliscor|289\/352 tox|[from] ability: Poison Heal
|turn|100
|
|switch|p2a: Slowbro|Slowbro, M|283\/394 brn
|move|p1a: Slowbro|Scald|p2a: Slowbro
|-resisted|p2a: Slowbro
|-damage|p2a: Slowbro|228\/394 brn
|
|-damage|p2a: Slowbro|179\/394 brn|[from] brn
|turn|101
|
|switch|p1a: Zapdos|Zapdos|208\/383
|-ability|p1a: Zapdos|Pressure
|move|p2a: Slowbro|Scald|p1a: Zapdos
|-damage|p1a: Zapdos|100\/383
|
|-damage|p2a: Slowbro|130\/394 brn|[from] brn
|turn|102
|
|switch|p2a: Gliscor|Gliscor, M|289\/352 tox
|move|p1a: Zapdos|Roost|p1a: Zapdos
|-heal|p1a: Zapdos|292\/383
|
|-heal|p2a: Gliscor|333\/352 tox|[from] ability: Poison Heal
|turn|103
|
|switch|p1a: Slowbro|Slowbro, M|394\/394
|move|p2a: Gliscor|Taunt|p1a: Slowbro
|-start|p1a: Slowbro|move: Taunt
|
|-heal|p2a: Gliscor|352\/352 tox|[from] ability: Poison Heal
|turn|104
|
|switch|p2a: Slowbro|Slowbro, M|261\/394 brn
|move|p1a: Slowbro|Scald|p2a: Slowbro
|-resisted|p2a: Slowbro
|-damage|p2a: Slowbro|208\/394 brn
|
|-damage|p2a: Slowbro|159\/394 brn|[from] brn
|turn|105
|
|switch|p1a: Zapdos|Zapdos|292\/383
|-ability|p1a: Zapdos|Pressure
|switch|p2a: Gliscor|Gliscor, M|352\/352 tox
|
|turn|106
|
|switch|p2a: Chansey|Chansey, F|495\/704
|switch|p1a: Slowbro|Slowbro, M|394\/394
|
|turn|107
|
|switch|p2a: Zapdos|Zapdos|360\/384
|-ability|p2a: Zapdos|Pressure
|switch|p1a: Zapdos|Zapdos|292\/383
|-ability|p1a: Zapdos|Pressure
|
|-heal|p2a: Zapdos|384\/384|[from] item: Leftovers
|turn|108
|
|move|p2a: Zapdos|Volt Switch|p1a: Zapdos
|-damage|p1a: Zapdos|180\/383
|
|switch|p2a: Gliscor|Gliscor, M|352\/352 tox
|move|p1a: Zapdos|Heat Wave|p2a: Gliscor
|-damage|p2a: Gliscor|268\/352 tox
|
|-heal|p2a: Gliscor|312\/352 tox|[from] ability: Poison Heal
|turn|109
|
|switch|p1a: Slowbro|Slowbro, M|394\/394
|move|p2a: Gliscor|Taunt|p1a: Slowbro
|-start|p1a: Slowbro|move: Taunt
|
|-heal|p2a: Gliscor|352\/352 tox|[from] ability: Poison Heal
|turn|110
|
|switch|p2a: Chansey|Chansey, F|495\/704
|move|p1a: Slowbro|Scald|p2a: Chansey
|-damage|p2a: Chansey|438\/704
|
|turn|111
|
|switch|p2a: Gliscor|Gliscor, M|352\/352 tox
|switch|p1a: Zapdos|Zapdos|180\/383
|-ability|p1a: Zapdos|Pressure
|
|turn|112
|
|switch|p2a: Zapdos|Zapdos|384\/384
|-ability|p2a: Zapdos|Pressure
|switch|p1a: Slowbro|Slowbro, M|394\/394
|
|turn|113
|
|switch|p1a: Landorus-Therian|Landorus-Therian, M|328\/328
|-ability|p1a: Landorus-Therian|Intimidate|[of] p2a: Zapdos
|-unboost|p2a: Zapdos|atk|1
|move|p2a: Zapdos|Volt Switch|p1a: Landorus-Therian
|-immune|p1a: Landorus-Therian|[msg]
|
|turn|114
|
|move|p1a: Landorus-Therian|U-turn|p2a: Zapdos
|-crit|p2a: Zapdos
|-resisted|p2a: Zapdos
|-damage|p2a: Zapdos|326\/384
|
|switch|p1a: Slowbro|Slowbro, M|394\/394
|move|p2a: Zapdos|Volt Switch|p1a: Slowbro
|-supereffective|p1a: Slowbro
|-damage|p1a: Slowbro|176\/394
|
|switch|p2a: Slowbro|Slowbro, M|290\/394 brn
|
|-damage|p2a: Slowbro|241\/394 brn|[from] brn
|turn|115
|
|move|p2a: Slowbro|Scald|p1a: Slowbro
|-resisted|p1a: Slowbro
|-damage|p1a: Slowbro|124\/394
|move|p1a: Slowbro|Slack Off|p1a: Slowbro
|-heal|p1a: Slowbro|321\/394
|
|-damage|p2a: Slowbro|192\/394 brn|[from] brn
|turn|116
|
|switch|p1a: Zapdos|Zapdos|180\/383
|-ability|p1a: Zapdos|Pressure
|move|p2a: Slowbro|Scald|p1a: Zapdos
|-damage|p1a: Zapdos|75\/383
|
|-damage|p2a: Slowbro|143\/394 brn|[from] brn
|turn|117
|
|move|p1a: Zapdos|Roost|p1a: Zapdos
|-heal|p1a: Zapdos|267\/383
|move|p2a: Slowbro|Scald|p1a: Zapdos
|-damage|p1a: Zapdos|168\/383
|
|-damage|p2a: Slowbro|94\/394 brn|[from] brn
|turn|118
|
|switch|p2a: Gliscor|Gliscor, M|352\/352 tox
|move|p1a: Zapdos|Roost|p1a: Zapdos
|-heal|p1a: Zapdos|360\/383
|
|turn|119
|
|switch|p2a: Chansey|Chansey, F|438\/704
|switch|p1a: Slowbro|Slowbro, M|394\/394
|
|turn|120
|
|switch|p1a: Zapdos|Zapdos|360\/383
|-ability|p1a: Zapdos|Pressure
|move|p2a: Chansey|Soft-Boiled|p2a: Chansey
|-heal|p2a: Chansey|704\/704
|
|turn|121
|
|switch|p1a: Slowbro|Slowbro, M|394\/394
|switch|p2a: Gliscor|Gliscor, M|352\/352 tox
|
|turn|122
|
|switch|p2a: Slowbro|Slowbro, M|225\/394 brn
|move|p1a: Slowbro|Scald|p2a: Slowbro
|-resisted|p2a: Slowbro
|-damage|p2a: Slowbro|164\/394 brn
|
|-damage|p2a: Slowbro|115\/394 brn|[from] brn
|turn|123
|
|switch|p1a: Zapdos|Zapdos|360\/383
|-ability|p1a: Zapdos|Pressure
|move|p2a: Slowbro|Slack Off|p2a: Slowbro
|-heal|p2a: Slowbro|312\/394 brn
|
|-damage|p2a: Slowbro|263\/394 brn|[from] brn
|turn|124
|
|switch|p1a: Slowbro|Slowbro, M|394\/394
|switch|p2a: Gliscor|Gliscor, M|352\/352 tox
|
|turn|125
|
|switch|p2a: Slowbro|Slowbro, M|394\/394 brn
|move|p1a: Slowbro|Psyshock|p2a: Slowbro
|-resisted|p2a: Slowbro
|-damage|p2a: Slowbro|364\/394 brn
|
|-damage|p2a: Slowbro|315\/394 brn|[from] brn
|turn|126
|
|switch|p1a: Zapdos|Zapdos|360\/383
|-ability|p1a: Zapdos|Pressure
|move|p2a: Slowbro|Scald|p1a: Zapdos
|-crit|p1a: Zapdos
|-damage|p1a: Zapdos|215\/383
|-status|p1a: Zapdos|brn
|
|-damage|p1a: Zapdos|168\/383 brn|[from] brn
|-damage|p2a: Slowbro|266\/394 brn|[from] brn
|turn|127
|
|switch|p2a: Zapdos|Zapdos|326\/384
|-ability|p2a: Zapdos|Pressure
|move|p1a: Zapdos|Roost|p1a: Zapdos
|-heal|p1a: Zapdos|360\/383 brn
|
|-heal|p2a: Zapdos|350\/384|[from] item: Leftovers
|-damage|p1a: Zapdos|313\/383 brn|[from] brn
|turn|128
|
|move|p2a: Zapdos|Volt Switch|p1a: Zapdos
|-damage|p1a: Zapdos|202\/383 brn
|
|switch|p2a: Gliscor|Gliscor, M|352\/352 tox
|move|p1a: Zapdos|Heat Wave|p2a: Gliscor
|-damage|p2a: Gliscor|257\/352 tox
|
|-heal|p2a: Gliscor|301\/352 tox|[from] ability: Poison Heal
|-damage|p1a: Zapdos|155\/383 brn|[from] brn
|turn|129
|
|switch|p2a: Zapdos|Zapdos|350\/384
|-ability|p2a: Zapdos|Pressure
|switch|p1a: Slowbro|Slowbro, M|394\/394
|
|-heal|p2a: Zapdos|374\/384|[from] item: Leftovers
|turn|130
|
|switch|p1a: Landorus-Therian|Landorus-Therian, M|328\/328
|-ability|p1a: Landorus-Therian|Intimidate|[of] p2a: Zapdos
|-unboost|p2a: Zapdos|atk|1
|move|p2a: Zapdos|Volt Switch|p1a: Landorus-Therian
|-immune|p1a: Landorus-Therian|[msg]
|
|-heal|p2a: Zapdos|384\/384|[from] item: Leftovers
|turn|131
|
|switch|p2a: Gliscor|Gliscor, M|301\/352 tox
|move|p1a: Landorus-Therian|Stone Edge|p2a: Gliscor|[miss]
|-miss|p1a: Landorus-Therian|p2a: Gliscor
|
|-heal|p2a: Gliscor|345\/352 tox|[from] ability: Poison Heal
|turn|132
|
|switch|p1a: Slowbro|Slowbro, M|394\/394
|move|p2a: Gliscor|Knock Off|p1a: Slowbro
|-supereffective|p1a: Slowbro
|-damage|p1a: Slowbro|322\/394
|
|-heal|p2a: Gliscor|352\/352 tox|[from] ability: Poison Heal
|turn|133
|
|switch|p2a: Slowbro|Slowbro, M|394\/394 brn
|switch|p1a: Zapdos|Zapdos|155\/383 brn
|-ability|p1a: Zapdos|Pressure
|
|-damage|p1a: Zapdos|108\/383 brn|[from] brn
|-damage|p2a: Slowbro|345\/394 brn|[from] brn
|turn|134
|
|switch|p2a: Chansey|Chansey, F|704\/704
|move|p1a: Zapdos|Roost|p1a: Zapdos
|-heal|p1a: Zapdos|300\/383 brn
|
|-damage|p1a: Zapdos|253\/383 brn|[from] brn
|turn|135
|
|move|p1a: Zapdos|Roost|p1a: Zapdos
|-heal|p1a: Zapdos|383\/383 brn
|move|p2a: Chansey|Stealth Rock|p1a: Zapdos
|-sidestart|p1: Alkov|move: Stealth Rock
|
|-damage|p1a: Zapdos|336\/383 brn|[from] brn
|turn|136
|-message|Alkov forfeited.
|
|win|Dayanne
|raw|Ladder updating...
|raw|Alkov's rating: 1621 &rarr; <strong>1605<\/strong><br \/>(-16 for losing)
|raw|Dayanne's rating: 1706 &rarr; <strong>1721<\/strong><br \/>(+15 for winning)
|leave|Alkov
|player|p1