|join|Alkov
|join|Mega-Nido
|player|p1|Alkov|256
|player|p2|Mega-Nido|2
|gametype|singles
|gen|6
|tier|OU
|rated
|clearpoke
|poke|p1|Altaria, F
|poke|p1|Ferrothorn, F
|poke|p1|Keldeo
|poke|p1|Heatran, F
|poke|p1|Slowbro, M
|poke|p1|Tyranitar, M
|poke|p2|Ferrothorn, M
|poke|p2|Keldeo
|poke|p2|Latios, M
|poke|p2|Metagross, shiny
|poke|p2|Landorus-Therian, M
|poke|p2|Clefable, F
|rule|Swagger Clause: Swagger is banned
|rule|Baton Pass Clause: Limit one Pokémon knowing Baton Pass
|rule|Sleep Clause Mod: Limit one foe put to sleep
|rule|Species Clause: Limit one of each Pokémon
|rule|OHKO Clause: OHKO moves are banned
|rule|Moody Clause: Moody is banned
|rule|Evasion Moves Clause: Evasion moves are banned
|rule|Endless Battle Clause: Forcing endless battles is banned
|rule|HP Percentage Mod: HP is shown in percentages
|teampreview
|
|start
|switch|p1a: Keldeo|Keldeo|324\/324
|switch|p2a: Keldeo|Keldeo|323\/323
|turn|1
|
|switch|p1a: Slowbro|Slowbro, M|394\/394
|switch|p2a: Clefable|Clefable, F|394\/394
|
|turn|2
|
|switch|p2a: Landorus-Therian|Landorus-Therian, M|319\/319
|-ability|p2a: Landorus-Therian|Intimidate|[of] p1a: Slowbro
|-unboost|p1a: Slowbro|atk|1
|move|p1a: Slowbro|Thunder Wave|p2a: Landorus-Therian
|-immune|p2a: Landorus-Therian|[msg]
|
|turn|3
|
|move|p2a: Landorus-Therian|U-turn|p1a: Slowbro
|-supereffective|p1a: Slowbro
|-damage|p1a: Slowbro|266\/394
|
|switch|p2a: Ferrothorn|Ferrothorn, M|352\/352
|move|p1a: Slowbro|Scald|p2a: Ferrothorn
|-resisted|p2a: Ferrothorn
|-damage|p2a: Ferrothorn|314\/352
|
|-heal|p1a: Slowbro|290\/394|[from] item: Leftovers
|-heal|p2a: Ferrothorn|336\/352|[from] item: Leftovers
|turn|4
|
|switch|p1a: Heatran|Heatran, F|386\/386
|move|p2a: Ferrothorn|Stealth Rock|p1a: Heatran
|-sidestart|p1: Alkov|move: Stealth Rock
|
|-heal|p2a: Ferrothorn|352\/352|[from] item: Leftovers
|turn|5
|
|switch|p2a: Keldeo|Keldeo|323\/323
|move|p1a: Heatran|Stealth Rock|p2a: Keldeo
|-sidestart|p2: Mega-Nido|move: Stealth Rock
|
|turn|6
|
|switch|p1a: Slowbro|Slowbro, M|394\/394
|-damage|p1a: Slowbro|345\/394|[from] Stealth Rock
|move|p2a: Keldeo|Scald|p1a: Slowbro
|-resisted|p1a: Slowbro
|-damage|p1a: Slowbro|254\/394
|
|-heal|p1a: Slowbro|278\/394|[from] item: Leftovers
|turn|7
|
|move|p2a: Keldeo|Substitute|p2a: Keldeo
|-start|p2a: Keldeo|Substitute
|-damage|p2a: Keldeo|243\/323
|move|p1a: Slowbro|Scald|p2a: Keldeo
|-resisted|p2a: Keldeo
|-activate|p2a: Keldeo|Substitute|[damage]
|
|-heal|p1a: Slowbro|302\/394|[from] item: Leftovers
|turn|8
|
|move|p2a: Keldeo|Scald|p1a: Slowbro
|-resisted|p1a: Slowbro
|-damage|p1a: Slowbro|218\/394
|move|p1a: Slowbro|Psyshock|p2a: Keldeo
|-supereffective|p2a: Keldeo
|-end|p2a: Keldeo|Substitute
|
|-heal|p1a: Slowbro|242\/394|[from] item: Leftovers
|turn|9
|
|switch|p2a: Ferrothorn|Ferrothorn, M|352\/352
|-damage|p2a: Ferrothorn|330\/352|[from] Stealth Rock
|move|p1a: Slowbro|Scald|p2a: Ferrothorn
|-resisted|p2a: Ferrothorn
|-damage|p2a: Ferrothorn|293\/352
|
|-heal|p1a: Slowbro|266\/394|[from] item: Leftovers
|-heal|p2a: Ferrothorn|315\/352|[from] item: Leftovers
|turn|10
|
|switch|p1a: Ferrothorn|Ferrothorn, F|352\/352
|-damage|p1a: Ferrothorn|330\/352|[from] Stealth Rock
|move|p2a: Ferrothorn|Leech Seed|p1a: Ferrothorn
|-immune|p1a: Ferrothorn|[msg]
|
|-heal|p2a: Ferrothorn|337\/352|[from] item: Leftovers
|-heal|p1a: Ferrothorn|352\/352|[from] item: Leftovers
|turn|11
|
|switch|p2a: Clefable|Clefable, F|394\/394
|move|p1a: Ferrothorn|Spikes|p2a: Clefable
|-sidestart|p2: Mega-Nido|Spikes
|
|turn|12
|
|switch|p2a: Keldeo|Keldeo|243\/323
|-damage|p2a: Keldeo|223\/323|[from] Stealth Rock
|-damage|p2a: Keldeo|183\/323|[from] Spikes
|move|p1a: Ferrothorn|Thunder Wave|p2a: Keldeo
|-status|p2a: Keldeo|par
|
|turn|13
|
|switch|p1a: Slowbro|Slowbro, M|394\/394
|-damage|p1a: Slowbro|345\/394|[from] Stealth Rock
|move|p2a: Keldeo|Substitute|p2a: Keldeo
|-start|p2a: Keldeo|Substitute
|-damage|p2a: Keldeo|103\/323 par
|
|-heal|p1a: Slowbro|369\/394|[from] item: Leftovers
|turn|14
|
|move|p1a: Slowbro|Psyshock|p2a: Keldeo
|-supereffective|p2a: Keldeo
|-end|p2a: Keldeo|Substitute
|move|p2a: Keldeo|Substitute|p2a: Keldeo
|-start|p2a: Keldeo|Substitute
|-damage|p2a: Keldeo|23\/323 par
|-enditem|p2a: Keldeo|Salac Berry|[eat]
|-boost|p2a: Keldeo|spe|1|[from] item: Salac Berry
|
|-heal|p1a: Slowbro|393\/394|[from] item: Leftovers
|turn|15
|c|★Alkov|ohshit
|c|★Alkov|its the legendary
|c|★Alkov|sub salac endeavor
|c|★Alkov|keldeo
|c|★Mega-Nido|lol
|
|move|p2a: Keldeo|Endeavor|p1a: Slowbro
|-damage|p1a: Slowbro|23\/394
|move|p1a: Slowbro|Psyshock|p2a: Keldeo
|-supereffective|p2a: Keldeo
|-end|p2a: Keldeo|Substitute
|
|-heal|p1a: Slowbro|47\/394|[from] item: Leftovers
|turn|16
|c|★Alkov|FUCK I MISCLICK
|c|★Mega-Nido|how?
|c|★Alkov|i wanted to go to ferro to let you die
|c|★Alkov|from endeavor
|c|★Alkov|NOOOOO
|c|★Mega-Nido|oh LOL
|
|switch|p1a: Ferrothorn|Ferrothorn, F|352\/352
|-damage|p1a: Ferrothorn|330\/352|[from] Stealth Rock
|move|p2a: Keldeo|Endeavor|p1a: Ferrothorn
|-damage|p1a: Ferrothorn|23\/352
|-damage|p2a: Keldeo|0 fnt|[from] ability: Iron Barbs|[of] p1a: Ferrothorn
|faint|p2a: Keldeo
|
|-heal|p1a: Ferrothorn|45\/352|[from] item: Leftovers
|
|switch|p2a: Metagross|Metagross, shiny|301\/301
|-damage|p2a: Metagross|283\/301|[from] Stealth Rock
|-damage|p2a: Metagross|246\/301|[from] Spikes
|turn|17
|c|★Mega-Nido|:O
|
|switch|p1a: Slowbro|Slowbro, M|178\/394
|-damage|p1a: Slowbro|129\/394|[from] Stealth Rock
|detailschange|p2a: Metagross|Metagross-Mega, shiny
|-mega|p2a: Metagross|Metagross|Metagrossite
|move|p2a: Metagross|Earthquake|p1a: Slowbro
|-crit|p1a: Slowbro
|-damage|p1a: Slowbro|7\/394
|
|-heal|p1a: Slowbro|31\/394|[from] item: Leftovers
|turn|18
|c|★Alkov|......
|
|switch|p1a: Ferrothorn|Ferrothorn, F|45\/352
|-damage|p1a: Ferrothorn|23\/352|[from] Stealth Rock
|move|p2a: Metagross|Meteor Mash|p1a: Ferrothorn
|-crit|p1a: Ferrothorn
|-resisted|p1a: Ferrothorn
|-damage|p1a: Ferrothorn|0 fnt
|-damage|p2a: Metagross|209\/301|[from] ability: Iron Barbs|[of] p1a: Ferrothorn
|faint|p1a: Ferrothorn
|
|c|★Alkov|i need the regenerator ended up getting crit lol
|c|★Mega-Nido|doubt you wouldve lived the second one tho?
|c|★Mega-Nido|unless you wouldve
|c|★Mega-Nido|then mb
|
|switch|p1a: Slowbro|Slowbro, M|162\/394
|-damage|p1a: Slowbro|113\/394|[from] Stealth Rock
|turn|19
|
|move|p2a: Metagross|Grass Knot|p1a: Slowbro
|-supereffective|p1a: Slowbro
|-damage|p1a: Slowbro|0 fnt
|faint|p1a: Slowbro
|
|c|★Mega-Nido|hue
|c|★Alkov|zzzzzzzzz
|c|★Alkov|urghhh
|c|★Alkov|i needed slowbro to twave you
|
|switch|p1a: Keldeo|Keldeo|324\/324
|-damage|p1a: Keldeo|304\/324|[from] Stealth Rock
|turn|20
|c|★Alkov|that misclick cost me 2 mons dead -.- thats so gay
|c|★Mega-Nido|mmm
|
|switch|p2a: Latios|Latios, M|301\/301
|-damage|p2a: Latios|264\/301|[from] Stealth Rock
|move|p1a: Keldeo|Scald|p2a: Latios
|-crit|p2a: Latios
|-resisted|p2a: Latios
|-damage|p2a: Latios|173\/301
|-status|p2a: Latios|brn
|
|-damage|p2a: Latios|136\/301 brn|[from] brn
|turn|21
|
|switch|p1a: Tyranitar|Tyranitar, M|381\/381
|-damage|p1a: Tyranitar|334\/381|[from] Stealth Rock
|-weather|Sandstorm
|move|p2a: Latios|Defog|p1a: Tyranitar
|-unboost|p1a: Tyranitar|evasion|1
|-sideend|p1: Alkov|Stealth Rock|[from] move: Defog|[of] p1a: Tyranitar
|-sideend|p2: Mega-Nido|Spikes|[from] move: Defog|[of] p2a: Latios
|-sideend|p2: Mega-Nido|Stealth Rock|[from] move: Defog|[of] p2a: Latios
|
|-weather|Sandstorm|[upkeep]
|-damage|p2a: Latios|118\/301 brn|[from] sandstorm
|-damage|p2a: Latios|81\/301 brn|[from] brn
|turn|22
|
|move|p2a: Latios|Draco Meteor|p1a: Tyranitar
|-damage|p1a: Tyranitar|126\/381
|-unboost|p2a: Latios|spa|2
|-damage|p2a: Latios|51\/301 brn|[from] item: Life Orb
|move|p1a: Tyranitar|Pursuit|p2a: Latios
|-supereffective|p2a: Latios
|-damage|p2a: Latios|0 fnt
|faint|p2a: Latios
|
|-weather|Sandstorm|[upkeep]
|
|switch|p2a: Landorus-Therian|Landorus-Therian, M|319\/319
|-ability|p2a: Landorus-Therian|Intimidate|[of] p1a: Tyranitar
|-unboost|p1a: Tyranitar|atk|1
|turn|23
|
|switch|p1a: Keldeo|Keldeo|304\/324
|move|p2a: Landorus-Therian|U-turn|p1a: Keldeo
|-resisted|p1a: Keldeo
|-damage|p1a: Keldeo|259\/324
|
|switch|p2a: Ferrothorn|Ferrothorn, M|337\/352
|
|-weather|Sandstorm|[upkeep]
|-damage|p1a: Keldeo|239\/324|[from] sandstorm
|-heal|p2a: Ferrothorn|352\/352|[from] item: Leftovers
|turn|24
|
|switch|p1a: Heatran|Heatran, F|386\/386
|move|p2a: Ferrothorn|Protect|p2a: Ferrothorn
|-fail|p2a: Ferrothorn
|
|-weather|Sandstorm|[upkeep]
|turn|25
|
|switch|p2a: Landorus-Therian|Landorus-Therian, M|319\/319
|-ability|p2a: Landorus-Therian|Intimidate|[of] p1a: Heatran
|-unboost|p1a: Heatran|atk|1
|move|p1a: Heatran|Lava Plume|p2a: Landorus-Therian
|-damage|p2a: Landorus-Therian|189\/319
|-status|p2a: Landorus-Therian|brn
|
|-weather|none
|-damage|p2a: Landorus-Therian|150\/319 brn|[from] brn
|turn|26
|c|★Mega-Nido|nooo
|
|switch|p1a: Tyranitar|Tyranitar, M|126\/381
|-weather|Sandstorm
|move|p2a: Landorus-Therian|Earthquake|p1a: Tyranitar
|-crit|p1a: Tyranitar
|-supereffective|p1a: Tyranitar
|-damage|p1a: Tyranitar|0 fnt
|faint|p1a: Tyranitar
|
|-weather|Sandstorm|[upkeep]
|-damage|p2a: Landorus-Therian|111\/319 brn|[from] brn
|c|★Mega-Nido|lando couldve done more :'(
|
|switch|p1a: Altaria|Altaria, F|353\/353
|-ability|p1a: Altaria|Cloud Nine
|turn|27
|
|move|p2a: Landorus-Therian|Earthquake|p1a: Altaria
|-immune|p1a: Altaria|[msg]
|move|p1a: Altaria|Dragon Dance|p1a: Altaria
|-boost|p1a: Altaria|atk|1
|-boost|p1a: Altaria|spe|1
|
|-weather|Sandstorm|[upkeep]
|-damage|p2a: Landorus-Therian|72\/319 brn|[from] brn
|turn|28
|
|switch|p2a: Ferrothorn|Ferrothorn, M|352\/352
|move|p1a: Altaria|Dragon Dance|p1a: Altaria
|-boost|p1a: Altaria|atk|1
|-boost|p1a: Altaria|spe|1
|
|-weather|Sandstorm|[upkeep]
|turn|29
|
|switch|p2a: Landorus-Therian|Landorus-Therian, M|72\/319 brn
|-ability|p2a: Landorus-Therian|Intimidate|[of] p1a: Altaria
|-unboost|p1a: Altaria|atk|1
|detailschange|p1a: Altaria|Altaria-Mega, F
|-mega|p1a: Altaria|Altaria|Altarianite
|move|p1a: Altaria|Frustration|p2a: Landorus-Therian
|-damage|p2a: Landorus-Therian|0 fnt
|faint|p2a: Landorus-Therian
|
|-weather|Sandstorm|[upkeep]
|-damage|p1a: Altaria|331\/353|[from] sandstorm
|
|switch|p2a: Metagross|Metagross-Mega, shiny|209\/301
|turn|30
|c|★Mega-Nido|ive never played altaria before .__.
|c|★Mega-Nido|this is bad
|
|switch|p2a: Ferrothorn|Ferrothorn, M|352\/352
|move|p1a: Altaria|Frustration|p2a: Ferrothorn
|-resisted|p2a: Ferrothorn
|-damage|p2a: Ferrothorn|262\/352
|-damage|p1a: Altaria|287\/353|[from] ability: Iron Barbs|[of] p2a: Ferrothorn
|
|-weather|none
|-heal|p2a: Ferrothorn|284\/352|[from] item: Leftovers
|turn|31
|
|move|p1a: Altaria|Dragon Dance|p1a: Altaria
|-boost|p1a: Altaria|atk|1
|-boost|p1a: Altaria|spe|1
|move|p2a: Ferrothorn|Gyro Ball|p1a: Altaria
|-supereffective|p1a: Altaria
|-damage|p1a: Altaria|21\/353
|
|-heal|p2a: Ferrothorn|306\/352|[from] item: Leftovers
|turn|32
|c|★Alkov|ohfuck ....
|
|switch|p1a: Heatran|Heatran, F|386\/386
|move|p2a: Ferrothorn|Stealth Rock|p1a: Heatran
|-sidestart|p1: Alkov|move: Stealth Rock
|
|-heal|p2a: Ferrothorn|328\/352|[from] item: Leftovers
|turn|33
|
|switch|p2a: Clefable|Clefable, F|394\/394
|move|p1a: Heatran|Lava Plume|p2a: Clefable
|-damage|p2a: Clefable|270\/394
|
|-heal|p2a: Clefable|294\/394|[from] item: Leftovers
|turn|34
|
|move|p1a: Heatran|Taunt|p2a: Clefable
|-start|p2a: Clefable|move: Taunt
|cant|p2a: Clefable|move: Taunt|Calm Mind
|
|-heal|p2a: Clefable|318\/394|[from] item: Leftovers
|turn|35
|
|switch|p2a: Ferrothorn|Ferrothorn, M|328\/352
|move|p1a: Heatran|Lava Plume|p2a: Ferrothorn
|-supereffective|p2a: Ferrothorn
|-damage|p2a: Ferrothorn|0 fnt
|faint|p2a: Ferrothorn
|
|
|switch|p2a: Metagross|Metagross-Mega, shiny|209\/301
|turn|36
|
|switch|p1a: Altaria|Altaria-Mega, F|21\/353
|-damage|p1a: Altaria|0 fnt|[from] Stealth Rock
|faint|p1a: Altaria
|move|p2a: Metagross|Earthquake|p1: Altaria|[notarget]
|-notarget
|
|c|★Mega-Nido|i wonder
|
|switch|p1a: Keldeo|Keldeo|239\/324
|-damage|p1a: Keldeo|219\/324|[from] Stealth Rock
|turn|37
|c|★Mega-Nido|if i can live
|
|move|p1a: Keldeo|Icy Wind|p2a: Metagross
|-resisted|p2a: Metagross
|-damage|p2a: Metagross|177\/301
|-unboost|p2a: Metagross|spe|1
|move|p2a: Metagross|Zen Headbutt|p1a: Keldeo
|-supereffective|p1a: Keldeo
|-damage|p1a: Keldeo|0 fnt
|faint|p1a: Keldeo
|
|
|switch|p1a: Heatran|Heatran, F|386\/386
|-damage|p1a: Heatran|338\/386|[from] Stealth Rock
|turn|38
|
|switch|p2a: Clefable|Clefable, F|318\/394
|move|p1a: Heatran|Lava Plume|p2a: Clefable
|-damage|p2a: Clefable|194\/394
|
|-heal|p1a: Heatran|362\/386|[from] item: Leftovers
|-heal|p2a: Clefable|218\/394|[from] item: Leftovers
|turn|39
|c|★Alkov|NOOOOO
|c|★Mega-Nido|:D
|
|move|p1a: Heatran|Lava Plume|p2a: Clefable
|-damage|p2a: Clefable|92\/394
|move|p2a: Clefable|Calm Mind|p2a: Clefable
|-boost|p2a: Clefable|spa|1
|-boost|p2a: Clefable|spd|1
|
|-heal|p1a: Heatran|386\/386|[from] item: Leftovers
|-heal|p2a: Clefable|116\/394|[from] item: Leftovers
|turn|40
|c|★Alkov|i forgotten about clef -.-
|c|★Mega-Nido|LOL
|
|move|p1a: Heatran|Taunt|p2a: Clefable
|-start|p2a: Clefable|move: Taunt
|cant|p2a: Clefable|move: Taunt|Soft-Boiled
|
|-heal|p2a: Clefable|140\/394|[from] item: Leftovers
|turn|41
|
|move|p1a: Heatran|Lava Plume|p2a: Clefable
|-damage|p2a: Clefable|58\/394
|move|p2a: Clefable|Moonblast|p1a: Heatran
|-resisted|p1a: Heatran
|-damage|p1a: Heatran|361\/386
|-unboost|p1a: Heatran|spa|1
|
|-heal|p1a: Heatran|385\/386|[from] item: Leftovers
|-heal|p2a: Clefable|82\/394|[from] item: Leftovers
|turn|42
|
|move|p1a: Heatran|Lava Plume|p2a: Clefable
|-damage|p2a: Clefable|27\/394
|move|p2a: Clefable|Moonblast|p1a: Heatran
|-resisted|p1a: Heatran
|-damage|p1a: Heatran|355\/386
|-unboost|p1a: Heatran|spa|1
|
|-heal|p1a: Heatran|379\/386|[from] item: Leftovers
|-heal|p2a: Clefable|51\/394|[from] item: Leftovers
|-end|p2a: Clefable|move: Taunt
|turn|43
|c|★Alkov|lol SpA drop
|c|★Alkov|rip
|
|move|p1a: Heatran|Lava Plume|p2a: Clefable
|-damage|p2a: Clefable|8\/394
|move|p2a: Clefable|Moonblast|p1a: Heatran
|-resisted|p1a: Heatran
|-damage|p1a: Heatran|350\/386
|
|-heal|p1a: Heatran|374\/386|[from] item: Leftovers
|-heal|p2a: Clefable|32\/394|[from] item: Leftovers
|turn|44
|c|★Alkov|gg
|c|★Mega-Nido|LOL
|c|★Mega-Nido|gg
|
|move|p1a: Heatran|Lava Plume|p2a: Clefable
|-damage|p2a: Clefable|0 fnt
|faint|p2a: Clefable
|
|-heal|p1a: Heatran|386\/386|[from] item: Leftovers
|c|★Alkov|STAHP
|
|switch|p2a: Metagross|Metagross-Mega, shiny|177\/301
|turn|45
|
|move|p2a: Metagross|Earthquake|p1a: Heatran
|-supereffective|p1a: Heatran
|-damage|p1a: Heatran|0 fnt
|faint|p1a: Heatran
|
|win|Mega-Nido
|raw|Ladder updating...