|join|NYChillen
|join|Saved by Dragonite
|player|p1|NYChillen|135
|player|p2|Saved by Dragonite|153
|gametype|singles
|gen|6
|tier|OU
|rated
|clearpoke
|poke|p1|Cloyster, M, shiny
|poke|p1|Greninja, F, shiny
|poke|p1|Gengar, M
|poke|p1|Aerodactyl, M
|poke|p1|Azelf
|poke|p1|Bisharp, F, shiny
|poke|p2|Talonflame, F
|poke|p2|Rotom-Wash
|poke|p2|Chansey, F
|poke|p2|Mew
|poke|p2|Venusaur, M
|poke|p2|Suicune
|rule|Swagger Clause: Swagger is banned
|rule|Baton Pass Clause: Limit one Pokémon knowing Baton Pass
|rule|Sleep Clause Mod: Limit one foe put to sleep
|rule|Species Clause: Limit one of each Pokémon
|rule|OHKO Clause: OHKO moves are banned
|rule|Moody Clause: Moody is banned
|rule|Evasion Moves Clause: Evasion moves are banned
|rule|Endless Battle Clause: Forcing endless battles is banned
|rule|HP Percentage Mod: HP is shown in percentages
|teampreview
|
|start
|switch|p1a: UNC|Azelf|291\/291
|switch|p2a: Talonflame|Talonflame, F|297\/297
|turn|1
|
|move|p1a: UNC|Stealth Rock|p2a: Talonflame
|-sidestart|p2: Saved by Dragonite|move: Stealth Rock
|move|p2a: Talonflame|U-turn|p1a: UNC
|-supereffective|p1a: UNC
|-damage|p1a: UNC|23\/291
|
|switch|p2a: Mew|Mew|404\/404
|-damage|p2a: Mew|354\/404|[from] Stealth Rock
|
|-heal|p2a: Mew|379\/404|[from] item: Leftovers
|turn|2
|
|move|p1a: UNC|Explosion|p2a: Mew
|-damage|p2a: Mew|139\/404
|faint|p1a: UNC
|move|p2a: Mew|Defog|p1: UNC|[notarget]
|-notarget
|
|-heal|p2a: Mew|164\/404|[from] item: Leftovers
|
|switch|p1a: Furman|Gengar, M|261\/261
|turn|3
|
|switch|p2a: Chansey|Chansey, F|642\/642
|-damage|p2a: Chansey|562\/642|[from] Stealth Rock
|move|p1a: Furman|Shadow Ball|p2a: Chansey
|-immune|p2a: Chansey|[msg]
|
|turn|4
|
|move|p1a: Furman|Taunt|p2a: Chansey
|-start|p2a: Chansey|move: Taunt
|cant|p2a: Chansey|move: Taunt|Stealth Rock
|
|turn|5
|
|switch|p2a: Venusaur|Venusaur, M|364\/364
|-damage|p2a: Venusaur|319\/364|[from] Stealth Rock
|move|p1a: Furman|Shadow Ball|p2a: Venusaur
|-damage|p2a: Venusaur|120\/364
|-damage|p1a: Furman|235\/261|[from] item: Life Orb
|
|turn|6
|
|detailschange|p2a: Venusaur|Venusaur-Mega, M
|message|Venusaur has Mega Evolved into Mega Venusaur!
|move|p1a: Furman|Shadow Ball|p2a: Venusaur
|-damage|p2a: Venusaur|0 fnt
|-damage|p1a: Furman|209\/261|[from] item: Life Orb
|faint|p2a: Venusaur
|
|
|switch|p2a: Suicune|Suicune|404\/404
|-damage|p2a: Suicune|354\/404|[from] Stealth Rock
|-ability|p2a: Suicune|Pressure
|turn|7
|
|move|p1a: Furman|Shadow Ball|p2a: Suicune
|-damage|p2a: Suicune|198\/404
|-damage|p1a: Furman|183\/261|[from] item: Life Orb
|move|p2a: Suicune|Calm Mind|p2a: Suicune
|-boost|p2a: Suicune|spa|1
|-boost|p2a: Suicune|spd|1
|
|-heal|p2a: Suicune|223\/404|[from] item: Leftovers
|turn|8
|
|move|p1a: Furman|Taunt|p2a: Suicune
|-start|p2a: Suicune|move: Taunt
|move|p2a: Suicune|Scald|p1a: Furman
|-damage|p1a: Furman|17\/261
|
|-heal|p2a: Suicune|248\/404|[from] item: Leftovers
|turn|9
|
|move|p1a: Furman|Shadow Ball|p2a: Suicune
|-damage|p2a: Suicune|141\/404
|-unboost|p2a: Suicune|spd|1
|-damage|p1a: Furman|0 fnt|[from] item: Life Orb
|faint|p1a: Furman
|move|p2a: Suicune|Scald|p1: Furman|[notarget]
|-notarget
|
|-heal|p2a: Suicune|166\/404|[from] item: Leftovers
|
|switch|p1a: Duke|Cloyster, M, shiny|241\/241
|turn|10
|
|move|p1a: Duke|Explosion|p2a: Suicune
|-damage|p2a: Suicune|0 fnt
|faint|p1a: Duke
|faint|p2a: Suicune
|
|
|switch|p1a: Air Force|Aerodactyl, M|301\/301
|switch|p2a: Rotom-Wash|Rotom-Wash|304\/304
|-damage|p2a: Rotom-Wash|266\/304|[from] Stealth Rock
|-ability|p1a: Air Force|Unnerve|p2: Saved by Dragonite
|turn|11
|
|switch|p1a: Hopkins|Greninja, F, shiny|286\/286
|move|p2a: Rotom-Wash|Hydro Pump|p1a: Hopkins|[miss]
|-miss|p2a: Rotom-Wash|p1a: Hopkins
|
|turn|12
|
|switch|p2a: Chansey|Chansey, F|562\/642
|-damage|p2a: Chansey|482\/642|[from] Stealth Rock
|move|p1a: Hopkins|Hydro Pump|p2a: Chansey|[miss]
|-start|p1a: Hopkins|typechange|Water|[from] Protean
|-miss|p1a: Hopkins|p2a: Chansey
|
|turn|13
|
|move|p1a: Hopkins|U-turn|p2a: Chansey
|-start|p1a: Hopkins|typechange|Bug|[from] Protean
|-damage|p2a: Chansey|361\/642
|-damage|p1a: Hopkins|258\/286|[from] item: Life Orb
|
|switch|p1a: Hofstra|Bisharp, F, shiny|271\/271
|move|p2a: Chansey|Stealth Rock|p1a: Hofstra
|-sidestart|p1: NYChillen|move: Stealth Rock
|
|turn|14
|c|★Saved by Dragonite|holy shit
|c|★Saved by Dragonite|I just graduated from Hofstra in May
|c|★NYChillen|nice
|c|★Saved by Dragonite|wbu?
|c|★NYChillen|i love there lax team
|c|★NYChillen|Suny Cortland
|c|★Saved by Dragonite|lax=lacrosse?
|c|★NYChillen|yea
|
|switch|p2a: Rotom-Wash|Rotom-Wash|266\/304
|-damage|p2a: Rotom-Wash|228\/304|[from] Stealth Rock
|move|p1a: Hofstra|Swords Dance|p1a: Hofstra
|-boost|p1a: Hofstra|atk|2
|
|turn|15
|
|move|p2a: Rotom-Wash|Trick|p1a: Hofstra
|-activate|p2a: Rotom-Wash|move: Trick|[of] p1a: Hofstra
|-item|p1a: Hofstra|Choice Scarf|[from] move: Trick
|-item|p2a: Rotom-Wash|Life Orb|[from] move: Trick
|move|p1a: Hofstra|Swords Dance|p1a: Hofstra
|-boost|p1a: Hofstra|atk|2
|
|turn|16
|
|switch|p1a: Hopkins|Greninja, F, shiny|258\/286
|-damage|p1a: Hopkins|223\/286|[from] Stealth Rock
|move|p2a: Rotom-Wash|Volt Switch|p1a: Hopkins
|-supereffective|p1a: Hopkins
|-damage|p1a: Hopkins|0 fnt
|-damage|p2a: Rotom-Wash|198\/304|[from] item: Life Orb
|faint|p1a: Hopkins
|
|switch|p2a: Chansey|Chansey, F|361\/642
|-damage|p2a: Chansey|281\/642|[from] Stealth Rock
|
|
|switch|p1a: Air Force|Aerodactyl, M|301\/301
|-damage|p1a: Air Force|226\/301|[from] Stealth Rock
|-ability|p1a: Air Force|Unnerve|p2: Saved by Dragonite
|turn|17
|
|detailschange|p1a: Air Force|Aerodactyl-Mega, M
|message|Aerodactyl has Mega Evolved into Mega Aerodactyl!
|move|p1a: Air Force|Taunt|p2a: Chansey
|-start|p2a: Chansey|move: Taunt
|cant|p2a: Chansey|move: Taunt|Soft-Boiled
|
|turn|18
|
|move|p1a: Air Force|Aerial Ace|p2a: Chansey
|-damage|p2a: Chansey|53\/642
|move|p2a: Chansey|Seismic Toss|p1a: Air Force
|-damage|p1a: Air Force|126\/301
|
|turn|19
|
|move|p1a: Air Force|Aerial Ace|p2a: Chansey
|-crit|p2a: Chansey
|-damage|p2a: Chansey|0 fnt
|faint|p2a: Chansey
|
|
|switch|p2a: Rotom-Wash|Rotom-Wash|198\/304
|-damage|p2a: Rotom-Wash|160\/304|[from] Stealth Rock
|turn|20
|
|move|p1a: Air Force|Stone Edge|p2a: Rotom-Wash
|-damage|p2a: Rotom-Wash|16\/304
|move|p2a: Rotom-Wash|Volt Switch|p1a: Air Force
|-crit|p1a: Air Force
|-supereffective|p1a: Air Force
|-damage|p1a: Air Force|0 fnt
|-damage|p2a: Rotom-Wash|0 fnt|[from] item: Life Orb
|faint|p1a: Air Force
|faint|p2a: Rotom-Wash
|
|
|switch|p1a: Hofstra|Bisharp, F, shiny|271\/271
|-damage|p1a: Hofstra|255\/271|[from] Stealth Rock
|switch|p2a: Mew|Mew|164\/404
|-damage|p2a: Mew|114\/404|[from] Stealth Rock
|turn|21
|
|move|p1a: Hofstra|Knock Off|p2a: Mew
|-supereffective|p2a: Mew
|-damage|p2a: Mew|0 fnt
|-enditem|p2a: Mew|Leftovers|[from] move: Knock Off|[of] p1a: Hofstra
|faint|p2a: Mew
|
|
|switch|p2a: Talonflame|Talonflame, F|297\/297
|-damage|p2a: Talonflame|149\/297|[from] Stealth Rock
|turn|22
|c|★Saved by Dragonite|gg
|c|★NYChillen|roost?
|c|★NYChillen|well you win even if recoil takes you down
|c|★NYChillen|gg either way
|c|★Saved by Dragonite|gg
|
|move|p1a: Hofstra|Knock Off|p2a: Talonflame
|-crit|p2a: Talonflame
|-damage|p2a: Talonflame|0 fnt
|-enditem|p2a: Talonflame|Choice Band|[from] move: Knock Off|[of] p1a: Hofstra
|faint|p2a: Talonflame
|
|win|NYChillen
|raw|Ladder updating...
|raw|NYChillen's rating: 1627 &rarr; <strong>1640<\/strong><br \/>(+13 for winning)
|raw|Saved by Dragonite's rating: 1510 &rarr; <strong>1496<\/strong><br \/>(-14 for losing)
|leave|Saved by Dragonite
|player|p2