|join|Olivia Tremors
|join|NYChillen
|player|p1|Olivia Tremors|96
|player|p2|NYChillen|135
|gametype|singles
|gen|6
|tier|OU
|rated
|clearpoke
|poke|p1|Heracross, M
|poke|p1|Suicune
|poke|p1|Ferrothorn, M
|poke|p1|Landorus-Therian, M
|poke|p1|Latios, M
|poke|p1|Heatran, F
|poke|p2|Breloom, F
|poke|p2|Bisharp, F
|poke|p2|Heatran, M
|poke|p2|Sylveon, M
|poke|p2|Heracross, M
|poke|p2|Garchomp, M
|rule|Swagger Clause: Swagger is banned
|rule|Baton Pass Clause: Limit one Pokémon knowing Baton Pass
|rule|Sleep Clause Mod: Limit one foe put to sleep
|rule|Species Clause: Limit one of each Pokémon
|rule|OHKO Clause: OHKO moves are banned
|rule|Moody Clause: Moody is banned
|rule|Evasion Moves Clause: Evasion moves are banned
|rule|Endless Battle Clause: Forcing endless battles is banned
|rule|HP Percentage Mod: HP is shown in percentages
|teampreview
|join|gay home
|c| gay home|dammit my name
|
|start
|switch|p1a: Landorus-Therian|Landorus-Therian, M|337\/337
|switch|p2a: Deze Nuts|Garchomp, M|357\/357
|-ability|p1a: Landorus-Therian|Intimidate|[of] p2a: Deze Nuts
|-unboost|p2a: Deze Nuts|atk|1
|turn|1
|
|move|p2a: Deze Nuts|Stealth Rock|p1a: Landorus-Therian
|-sidestart|p1: Olivia Tremors|move: Stealth Rock
|move|p1a: Landorus-Therian|Earthquake|p2a: Deze Nuts
|-damage|p2a: Deze Nuts|123\/357
|
|turn|2
|c| gay home|seriously landoros
|
|move|p2a: Deze Nuts|Dragon Claw|p1a: Landorus-Therian
|-damage|p1a: Landorus-Therian|229\/337
|move|p1a: Landorus-Therian|Earthquake|p2a: Deze Nuts
|-damage|p2a: Deze Nuts|0 fnt
|faint|p2a: Deze Nuts
|
|-heal|p1a: Landorus-Therian|250\/337|[from] item: Leftovers
|
|switch|p2a: Bowser|Heatran, M|326\/326
|-item|p2a: Bowser|Air Balloon
|turn|3
|
|move|p2a: Bowser|Hidden Power|p1a: Landorus-Therian
|-supereffective|p1a: Landorus-Therian
|-damage|p1a: Landorus-Therian|0 fnt
|faint|p1a: Landorus-Therian
|
|
|switch|p1a: Suicune|Suicune|401\/401
|-damage|p1a: Suicune|351\/401|[from] Stealth Rock
|-ability|p1a: Suicune|Pressure
|turn|4
|
|move|p2a: Bowser|Taunt|p1a: Suicune
|-start|p1a: Suicune|move: Taunt
|move|p1a: Suicune|Scald|p2a: Bowser
|-supereffective|p2a: Bowser
|-damage|p2a: Bowser|174\/326
|-enditem|p2a: Bowser|Air Balloon
|
|-heal|p1a: Suicune|376\/401|[from] item: Leftovers
|turn|5
|
|switch|p2a: Peach|Sylveon, M|392\/392
|move|p1a: Suicune|Scald|p2a: Peach
|-damage|p2a: Peach|328\/392
|
|-heal|p1a: Suicune|401\/401|[from] item: Leftovers
|turn|6
|
|switch|p1a: Heatran|Heatran, F|323\/323
|-damage|p1a: Heatran|283\/323|[from] Stealth Rock
|move|p2a: Peach|Hyper Voice|p1a: Heatran
|-resisted|p1a: Heatran
|-damage|p1a: Heatran|210\/323
|
|turn|7
|
|switch|p2a: Bowser|Heatran, M|174\/326
|move|p1a: Heatran|Earth Power|p2a: Bowser
|-supereffective|p2a: Bowser
|-damage|p2a: Bowser|0 fnt
|faint|p2a: Bowser
|
|
|switch|p2a: Wario|Heracross, M|301\/301
|turn|8
|
|switch|p1a: Suicune|Suicune|401\/401
|-damage|p1a: Suicune|351\/401|[from] Stealth Rock
|-ability|p1a: Suicune|Pressure
|detailschange|p2a: Wario|Heracross-Mega, M
|message|Heracross has Mega Evolved into Mega Heracross!
|move|p2a: Wario|Pin Missile|p1a: Suicune
|-damage|p1a: Suicune|312\/401
|-damage|p1a: Suicune|269\/401
|-damage|p1a: Suicune|227\/401
|-crit|p1a: Suicune
|-damage|p1a: Suicune|170\/401
|-damage|p1a: Suicune|131\/401
|-hitcount|p1a: Suicune|5
|
|-heal|p1a: Suicune|156\/401|[from] item: Leftovers
|turn|9
|
|move|p2a: Wario|Close Combat|p1a: Suicune
|-damage|p1a: Suicune|0 fnt
|-unboost|p2a: Wario|def|1
|-unboost|p2a: Wario|spd|1
|faint|p1a: Suicune
|
|
|switch|p1a: Heatran|Heatran, F|210\/323
|-damage|p1a: Heatran|170\/323|[from] Stealth Rock
|turn|10
|
|switch|p2a: Luigi|Breloom, F|261\/261
|move|p1a: Heatran|Fire Blast|p2a: Luigi
|-supereffective|p2a: Luigi
|-enditem|p2a: Luigi|Focus Sash
|-damage|p2a: Luigi|1\/261
|
|turn|11
|
|switch|p1a: Ferrothorn|Ferrothorn, M|352\/352
|-damage|p1a: Ferrothorn|330\/352|[from] Stealth Rock
|switch|p2a: Wario|Heracross-Mega, M|301\/301
|
|turn|12
|
|move|p2a: Wario|Close Combat|p1a: Ferrothorn
|-supereffective|p1a: Ferrothorn
|-damage|p1a: Ferrothorn|0 fnt
|-damage|p2a: Wario|264\/301|[from] ability: Iron Barbs|[of] p1a: Ferrothorn
|-damage|p2a: Wario|214\/301|[from] item: Rocky Helmet|[of] p1a: Ferrothorn
|-unboost|p2a: Wario|def|1
|-unboost|p2a: Wario|spd|1
|faint|p1a: Ferrothorn
|
|c| gay home|wtf bro
|
|switch|p1a: Heatran|Heatran, F|170\/323
|-damage|p1a: Heatran|130\/323|[from] Stealth Rock
|turn|13
|
|move|p1a: Heatran|Fire Blast|p2a: Wario
|-supereffective|p2a: Wario
|-damage|p2a: Wario|0 fnt
|faint|p2a: Wario
|
|
|switch|p2a: Luigi|Breloom, F|1\/261
|turn|14
|
|move|p2a: Luigi|Mach Punch|p1a: Heatran
|-supereffective|p1a: Heatran
|-damage|p1a: Heatran|0 fnt
|faint|p1a: Heatran
|
|
|switch|p1a: Heracross|Heracross, M|301\/301
|-damage|p1a: Heracross|264\/301|[from] Stealth Rock
|turn|15
|
|detailschange|p1a: Heracross|Heracross-Mega, M
|message|Heracross has Mega Evolved into Mega Heracross!
|move|p1a: Heracross|Swords Dance|p1a: Heracross
|-boost|p1a: Heracross|atk|2
|move|p2a: Luigi|Spore|p1a: Heracross
|-status|p1a: Heracross|slp
|
|turn|16
|
|cant|p1a: Heracross|slp
|move|p2a: Luigi|Rock Tomb|p1a: Heracross
|-damage|p1a: Heracross|177\/301 slp
|-unboost|p1a: Heracross|spe|1
|
|turn|17
|-message|Olivia Tremors forfeited.
|
|win|NYChillen
|raw|Ladder updating...
|leave|Olivia Tremors
|player|p1
|raw|Olivia Tremors's rating: 1748 &rarr; <strong>1722<\/strong><br \/>(-26 for losing)
|raw|NYChillen's rating: 1652 &rarr; <strong>1678<\/strong><br \/>(+26 for winning)