|join|hakinbume
|join|Trumaerd
|player|p1|hakinbume|1
|player|p2|Trumaerd|265
|gametype|singles
|gen|6
|tier|OU
|rated
|clearpoke
|poke|p1|Sableye, M
|poke|p1|Azumarill, M
|poke|p1|Talonflame, F
|poke|p1|Alakazam, F
|poke|p1|Skarmory, M
|poke|p1|Greninja, M
|poke|p2|Bisharp, F
|poke|p2|Chansey, F
|poke|p2|Keldeo
|poke|p2|Skarmory, F
|poke|p2|Venusaur, F
|poke|p2|Heatran, F
|rule|Swagger Clause: Swagger is banned
|rule|Baton Pass Clause: Limit one Pokémon knowing Baton Pass
|rule|Sleep Clause Mod: Limit one foe put to sleep
|rule|Species Clause: Limit one of each Pokémon
|rule|OHKO Clause: OHKO moves are banned
|rule|Moody Clause: Moody is banned
|rule|Evasion Moves Clause: Evasion moves are banned
|rule|Endless Battle Clause: Forcing endless battles is banned
|rule|HP Percentage Mod: HP is shown in percentages
|teampreview
|
|start
|switch|p1a: Sableye|Sableye, M|304\/304
|switch|p2a: Heatran|Heatran, F|386\/386
|-item|p2a: Heatran|Air Balloon
|turn|1
|
|detailschange|p1a: Sableye|Sableye-Mega, M
|message|Sableye has Mega Evolved into Mega Sableye!
|move|p2a: Heatran|Fire Blast|p1a: Sableye
|-damage|p1a: Sableye|204\/304
|move|p1a: Sableye|Knock Off|p2a: Heatran
|-damage|p2a: Heatran|283\/386
|-enditem|p2a: Heatran|Air Balloon
|
|turn|2
|
|switch|p1a: Azumarill|Azumarill, M|404\/404
|move|p2a: Heatran|Fire Blast|p1a: Azumarill
|-resisted|p1a: Azumarill
|-damage|p1a: Azumarill|338\/404
|
|turn|3
|
|switch|p2a: Venusaur|Venusaur, F|364\/364
|move|p1a: Azumarill|Superpower|p2a: Venusaur
|-resisted|p2a: Venusaur
|-damage|p2a: Venusaur|293\/364
|-unboost|p1a: Azumarill|atk|1
|-unboost|p1a: Azumarill|def|1
|
|turn|4
|
|switch|p2a: Keldeo|Keldeo|323\/323
|switch|p1a: Sableye|Sableye-Mega, M|204\/304
|
|turn|5
|
|move|p2a: Keldeo|Scald|p1a: Sableye
|-damage|p1a: Sableye|104\/304
|-status|p1a: Sableye|brn
|move|p1a: Sableye|Recover|p1a: Sableye
|-heal|p1a: Sableye|256\/304 brn
|
|-damage|p1a: Sableye|218\/304 brn|[from] brn
|turn|6
|
|move|p2a: Keldeo|Calm Mind|p2a: Keldeo
|-boost|p2a: Keldeo|spa|1
|-boost|p2a: Keldeo|spd|1
|move|p1a: Sableye|Knock Off|p2a: Keldeo
|-resisted|p2a: Keldeo
|-damage|p2a: Keldeo|297\/323
|-boost|p2a: Keldeo|atk|1|[from] ability: Justified
|-enditem|p2a: Keldeo|Leftovers|[from] move: Knock Off|[of] p1a: Sableye
|
|-damage|p1a: Sableye|180\/304 brn|[from] brn
|turn|7
|
|switch|p1a: Skarmory|Skarmory, M|334\/334
|move|p2a: Keldeo|Scald|p1a: Skarmory
|-damage|p1a: Skarmory|49\/334
|
|-heal|p1a: Skarmory|69\/334|[from] item: Leftovers
|turn|8
|
|move|p2a: Keldeo|Scald|p1a: Skarmory
|-damage|p1a: Skarmory|0 fnt
|faint|p1a: Skarmory
|
|
|switch|p1a: Talonflame|Talonflame, F|298\/298
|turn|9
|
|switch|p2a: Heatran|Heatran, F|283\/386
|move|p1a: Talonflame|Brave Bird|p2a: Heatran
|-resisted|p2a: Heatran
|-damage|p2a: Heatran|199\/386
|-damage|p1a: Talonflame|270\/298|[from] recoil|[of] p2a: Heatran
|
|turn|10
|
|move|p1a: Talonflame|U-turn|p2a: Heatran
|-resisted|p2a: Heatran
|-damage|p2a: Heatran|185\/386
|
|switch|p1a: Azumarill|Azumarill, M|338\/404
|move|p2a: Heatran|Toxic|p1a: Azumarill
|-status|p1a: Azumarill|tox
|
|-damage|p1a: Azumarill|313\/404 tox|[from] psn
|turn|11
|
|switch|p1a: Alakazam|Alakazam, F|252\/252
|move|p2a: Heatran|Stealth Rock|p1a: Alakazam
|-sidestart|p1: hakinbume|move: Stealth Rock
|
|turn|12
|
|switch|p2a: Chansey|Chansey, F|642\/642
|move|p1a: Alakazam|Psychic|p2a: Chansey
|-damage|p2a: Chansey|564\/642
|
|turn|13
|
|switch|p1a: Sableye|Sableye-Mega, M|180\/304 brn
|-damage|p1a: Sableye|142\/304 brn|[from] Stealth Rock
|switch|p2a: Keldeo|Keldeo|297\/323
|
|-damage|p1a: Sableye|104\/304 brn|[from] brn
|turn|14
|
|move|p2a: Keldeo|Calm Mind|p2a: Keldeo
|-boost|p2a: Keldeo|spa|1
|-boost|p2a: Keldeo|spd|1
|move|p1a: Sableye|Recover|p1a: Sableye
|-heal|p1a: Sableye|256\/304 brn
|
|-damage|p1a: Sableye|218\/304 brn|[from] brn
|turn|15
|
|move|p2a: Keldeo|Scald|p1a: Sableye
|-crit|p1a: Sableye
|-damage|p1a: Sableye|25\/304 brn
|move|p1a: Sableye|Knock Off|p2a: Keldeo
|-resisted|p2a: Keldeo
|-damage|p2a: Keldeo|280\/323
|-boost|p2a: Keldeo|atk|1|[from] ability: Justified
|
|-damage|p1a: Sableye|0 fnt|[from] brn
|faint|p1a: Sableye
|
|switch|p1a: Alakazam|Alakazam, F|252\/252
|turn|16
|
|move|p1a: Alakazam|Psychic|p2a: Keldeo
|-supereffective|p2a: Keldeo
|-damage|p2a: Keldeo|20\/323
|move|p2a: Keldeo|Scald|p1a: Alakazam
|-damage|p1a: Alakazam|39\/252
|
|turn|17
|
|switch|p1a: Azumarill|Azumarill, M|313\/404 tox
|-damage|p1a: Azumarill|263\/404 tox|[from] Stealth Rock
|move|p2a: Keldeo|Scald|p1a: Azumarill
|-resisted|p1a: Azumarill
|-damage|p1a: Azumarill|181\/404 tox
|
|-damage|p1a: Azumarill|156\/404 tox|[from] psn
|turn|18
|
|switch|p2a: Venusaur|Venusaur, F|293\/364
|move|p1a: Azumarill|Aqua Jet|p2a: Venusaur
|-resisted|p2a: Venusaur
|-damage|p2a: Venusaur|259\/364
|
|-damage|p1a: Azumarill|106\/404 tox|[from] psn
|turn|19
|-message|hakinbume forfeited.
|
|win|Trumaerd
|raw|Ladder updating...
|leave|hakinbume
|player|p1
|raw|hakinbume's rating: 1188 &rarr; <strong>1164<\/strong><br \/>(-24 for losing)
|raw|Trumaerd's rating: 1197 &rarr; <strong>1222<\/strong><br \/>(+25 for winning)