|join|Etaliviel
|join|Bin Suna
|player|p1|Etaliviel|138
|player|p2|Bin Suna|33
|gametype|singles
|gen|6
|tier|OU
|rated
|clearpoke
|poke|p1|Rotom-Wash
|poke|p1|Keldeo
|poke|p1|Heatran, M
|poke|p1|Altaria, F, shiny
|poke|p1|Landorus-Therian, M
|poke|p1|Excadrill, M
|poke|p2|Chansey, F
|poke|p2|Skarmory, F
|poke|p2|Bisharp, M
|poke|p2|Keldeo-Resolute
|poke|p2|Venusaur, F
|poke|p2|Heatran, M
|rule|Swagger Clause: Swagger is banned
|rule|Baton Pass Clause: Limit one Pokémon knowing Baton Pass
|rule|Sleep Clause Mod: Limit one foe put to sleep
|rule|Species Clause: Limit one of each Pokémon
|rule|OHKO Clause: OHKO moves are banned
|rule|Moody Clause: Moody is banned
|rule|Evasion Moves Clause: Evasion moves are banned
|rule|Endless Battle Clause: Forcing endless battles is banned
|rule|HP Percentage Mod: HP is shown in percentages
|teampreview
|
|start
|switch|p1a: Rotom-Wash|Rotom-Wash|304\/304
|switch|p2a: Heatran|Heatran, M|386\/386
|-item|p2a: Heatran|Air Balloon
|turn|1
|
|move|p1a: Rotom-Wash|Volt Switch|p2a: Heatran
|-damage|p2a: Heatran|322\/386
|-enditem|p2a: Heatran|Air Balloon
|
|switch|p1a: Altaria|Altaria, F, shiny|297\/297
|move|p2a: Heatran|Toxic|p1a: Altaria
|-status|p1a: Altaria|tox
|
|-damage|p1a: Altaria|279\/297 tox|[from] psn
|turn|2
|
|detailschange|p1a: Altaria|Altaria-Mega, F, shiny
|-mega|p1a: Altaria|Altaria|Altarianite
|move|p1a: Altaria|Earthquake|p2a: Heatran
|-crit|p2a: Heatran
|-supereffective|p2a: Heatran
|-damage|p2a: Heatran|0 fnt
|faint|p2a: Heatran
|
|-damage|p1a: Altaria|243\/297 tox|[from] psn
|
|switch|p2a: Skarmory|Skarmory, F|334\/334
|turn|3
|
|move|p1a: Altaria|Fire Blast|p2a: Skarmory
|-crit|p2a: Skarmory
|-supereffective|p2a: Skarmory
|-activate|p2a: Skarmory|Sturdy
|-damage|p2a: Skarmory|1\/334
|move|p2a: Skarmory|Spikes|p1a: Altaria
|-sidestart|p1: Etaliviel|Spikes
|
|-damage|p1a: Altaria|189\/297 tox|[from] psn
|turn|4
|
|switch|p2a: Chansey|Chansey, F|642\/642
|move|p1a: Altaria|Hyper Voice|p2a: Chansey
|-damage|p2a: Chansey|554\/642
|
|-damage|p1a: Altaria|117\/297 tox|[from] psn
|turn|5
|
|switch|p1a: Landorus-Therian|Landorus-Therian, M|354\/354
|-ability|p1a: Landorus-Therian|Intimidate|[of] p2a: Chansey
|-unboost|p2a: Chansey|atk|1
|move|p2a: Chansey|Seismic Toss|p1a: Landorus-Therian
|-damage|p1a: Landorus-Therian|254\/354
|
|turn|6
|
|switch|p2a: Keldeo-Resolute|Keldeo-Resolute|324\/324
|move|p1a: Landorus-Therian|Knock Off|p2a: Keldeo-Resolute
|-resisted|p2a: Keldeo-Resolute
|-damage|p2a: Keldeo-Resolute|250\/324
|-boost|p2a: Keldeo-Resolute|atk|1|[from] ability: Justified
|-enditem|p2a: Keldeo-Resolute|Leftovers|[from] move: Knock Off|[of] p1a: Landorus-Therian
|
|turn|7
|
|switch|p1a: Rotom-Wash|Rotom-Wash|304\/304
|move|p2a: Keldeo-Resolute|Secret Sword|p1a: Rotom-Wash
|-damage|p1a: Rotom-Wash|202\/304
|
|-heal|p1a: Rotom-Wash|221\/304|[from] item: Leftovers
|turn|8
|
|switch|p2a: Venusaur|Venusaur, F|364\/364
|move|p1a: Rotom-Wash|Volt Switch|p2a: Venusaur
|-resisted|p2a: Venusaur
|-damage|p2a: Venusaur|317\/364
|-message|Bin Suna forfeited.
|leave|Bin Suna
|
|win|Etaliviel
|raw|Ladder updating...
|player|p2
|raw|Etaliviel's rating: 1100 &rarr; <strong>1122<\/strong><br \/>(+22 for winning)
|raw|Bin Suna's rating: 1055 &rarr; <strong>1039<\/strong><br \/>(-16 for losing)