|join|Sweep
|join|BFoxy
|player|p1|Sweep|170
|player|p2|BFoxy|172
|gametype|singles
|gen|6
|tier|UU
|rated
|rule|Sleep Clause Mod: Limit one foe put to sleep
|rule|Species Clause: Limit one of each Pokémon
|rule|OHKO Clause: OHKO moves are banned
|rule|Moody Clause: Moody is banned
|rule|Evasion Moves Clause: Evasion moves are banned
|rule|Endless Battle Clause: Forcing endless battles is banned
|rule|HP Percentage Mod: HP is shown in percentages
|clearpoke
|poke|p1|Hippowdon, M
|poke|p1|Stoutland, M
|poke|p1|Celebi
|poke|p1|Arcanine, F
|poke|p1|Starmie
|poke|p1|Aerodactyl, M
|poke|p2|Doublade, F, shiny
|poke|p2|Granbull, M
|poke|p2|Blissey, F
|poke|p2|Houndoom, M
|poke|p2|Tentacruel, M
|poke|p2|Rotom-Mow
|rule|Swagger Clause: Swagger is banned
|rule|Baton Pass Clause: Limit one Pokémon knowing Baton Pass
|teampreview
|
|start
|switch|p1a: Celebi|Celebi|341\/341
|switch|p2a: Kraken|Tentacruel, M|361\/361
|turn|1
|
|move|p1a: Celebi|Psychic|p2a: Kraken
|-supereffective|p2a: Kraken
|-damage|p2a: Kraken|137\/361
|move|p2a: Kraken|Toxic Spikes|p1a: Celebi
|-sidestart|p1: Sweep|move: Toxic Spikes
|
|-heal|p2a: Kraken|159\/361|[from] item: Leftovers
|turn|2
|
|switch|p1a: Aerodactyl|Aerodactyl, M|301\/301
|move|p2a: Kraken|Protect|p2a: Kraken
|-fail|p2a: Kraken
|
|-heal|p2a: Kraken|181\/361|[from] item: Leftovers
|turn|3
|
|detailschange|p1a: Aerodactyl|Aerodactyl-Mega, M
|message|Aerodactyl has Mega Evolved into Mega Aerodactyl!
|move|p2a: Kraken|Protect|p2a: Kraken
|-singleturn|p2a: Kraken|Protect
|move|p1a: Aerodactyl|Stone Edge|p2a: Kraken
|-activate|p2a: Kraken|Protect
|
|-heal|p2a: Kraken|203\/361|[from] item: Leftovers
|turn|4
|
|switch|p2a: Boodro|Granbull, M|377\/377
|-ability|p2a: Boodro|Intimidate|[of] p1a: Aerodactyl
|-unboost|p1a: Aerodactyl|atk|1
|move|p1a: Aerodactyl|Earthquake|p2a: Boodro
|-damage|p2a: Boodro|304\/377
|
|-heal|p2a: Boodro|327\/377|[from] item: Leftovers
|turn|5
|
|switch|p2a: Kraken|Tentacruel, M|203\/361
|move|p1a: Aerodactyl|Taunt|p2a: Kraken
|-start|p2a: Kraken|move: Taunt
|
|-heal|p2a: Kraken|225\/361|[from] item: Leftovers
|turn|6
|
|switch|p1a: Starmie|Starmie|263\/263
|-status|p1a: Starmie|psn
|switch|p2a: Boodro|Granbull, M|327\/377
|-ability|p2a: Boodro|Intimidate|[of] p1a: Starmie
|-unboost|p1a: Starmie|atk|1
|
|-heal|p2a: Boodro|350\/377|[from] item: Leftovers
|-damage|p1a: Starmie|231\/263 psn|[from] psn
|turn|7
|
|switch|p2a: Teen Mom|Blissey, F|651\/651
|move|p1a: Starmie|Hydro Pump|p2a: Teen Mom
|-damage|p2a: Teen Mom|522\/651
|-damage|p1a: Starmie|205\/263 psn|[from] item: Life Orb
|
|-heal|p2a: Teen Mom|562\/651|[from] item: Leftovers
|-damage|p1a: Starmie|173\/263 psn|[from] psn
|turn|8
|
|move|p1a: Starmie|Rapid Spin|p2a: Teen Mom
|-damage|p2a: Teen Mom|544\/651
|-sideend|p1: Sweep|Toxic Spikes|[from] move: Rapid Spin|[of] p1a: Starmie
|-damage|p1a: Starmie|147\/263 psn|[from] item: Life Orb
|move|p2a: Teen Mom|Stealth Rock|p1a: Starmie
|-sidestart|p1: Sweep|move: Stealth Rock
|
|-heal|p2a: Teen Mom|584\/651|[from] item: Leftovers
|-damage|p1a: Starmie|115\/263 psn|[from] psn
|turn|9
|
|switch|p1a: Hippowdon|Hippowdon, M|419\/419
|-damage|p1a: Hippowdon|393\/419|[from] Stealth Rock
|-weather|Sandstorm
|move|p2a: Teen Mom|Seismic Toss|p1a: Hippowdon
|-damage|p1a: Hippowdon|293\/419
|
|-weather|Sandstorm|[upkeep]
|-damage|p2a: Teen Mom|544\/651|[from] sandstorm
|-heal|p2a: Teen Mom|584\/651|[from] item: Leftovers
|-heal|p1a: Hippowdon|319\/419|[from] item: Leftovers
|turn|10
|
|move|p2a: Teen Mom|Toxic|p1a: Hippowdon
|-status|p1a: Hippowdon|tox
|move|p1a: Hippowdon|Stealth Rock|p2a: Teen Mom
|-sidestart|p2: BFoxy|move: Stealth Rock
|
|-weather|Sandstorm|[upkeep]
|-damage|p2a: Teen Mom|544\/651|[from] sandstorm
|-heal|p2a: Teen Mom|584\/651|[from] item: Leftovers
|-heal|p1a: Hippowdon|345\/419 tox|[from] item: Leftovers
|-damage|p1a: Hippowdon|319\/419 tox|[from] psn
|turn|11
|
|switch|p1a: Aerodactyl|Aerodactyl-Mega, M|301\/301
|-damage|p1a: Aerodactyl|226\/301|[from] Stealth Rock
|move|p2a: Teen Mom|Seismic Toss|p1a: Aerodactyl
|-damage|p1a: Aerodactyl|126\/301
|
|-weather|Sandstorm|[upkeep]
|-damage|p2a: Teen Mom|544\/651|[from] sandstorm
|-heal|p2a: Teen Mom|584\/651|[from] item: Leftovers
|turn|12
|
|switch|p2a: Boodro|Granbull, M|350\/377
|-damage|p2a: Boodro|303\/377|[from] Stealth Rock
|-ability|p2a: Boodro|Intimidate|[of] p1a: Aerodactyl
|-unboost|p1a: Aerodactyl|atk|1
|move|p1a: Aerodactyl|Earthquake|p2a: Boodro
|-damage|p2a: Boodro|228\/377
|
|-weather|Sandstorm|[upkeep]
|-damage|p2a: Boodro|205\/377|[from] sandstorm
|-heal|p2a: Boodro|228\/377|[from] item: Leftovers
|turn|13
|
|move|p1a: Aerodactyl|Stone Edge|p2a: Boodro
|-damage|p2a: Boodro|119\/377
|move|p2a: Boodro|Play Rough|p1a: Aerodactyl
|-damage|p1a: Aerodactyl|0 fnt
|faint|p1a: Aerodactyl
|
|-weather|none
|-heal|p2a: Boodro|142\/377|[from] item: Leftovers
|
|switch|p1a: Starmie|Starmie|115\/263
|-damage|p1a: Starmie|83\/263|[from] Stealth Rock
|turn|14
|
|move|p1a: Starmie|Psyshock|p2a: Boodro
|-damage|p2a: Boodro|0 fnt
|-damage|p1a: Starmie|57\/263|[from] item: Life Orb
|faint|p2a: Boodro
|
|
|switch|p2a: Teen Mom|Blissey, F|584\/651
|-damage|p2a: Teen Mom|503\/651|[from] Stealth Rock
|turn|15
|
|move|p1a: Starmie|Psyshock|p2a: Teen Mom
|-damage|p2a: Teen Mom|237\/651
|-damage|p1a: Starmie|31\/263|[from] item: Life Orb
|move|p2a: Teen Mom|Soft-Boiled|p2a: Teen Mom
|-heal|p2a: Teen Mom|563\/651
|
|-heal|p2a: Teen Mom|603\/651|[from] item: Leftovers
|turn|16
|
|move|p1a: Starmie|Rapid Spin|p2a: Teen Mom
|-damage|p2a: Teen Mom|574\/651
|-sideend|p1: Sweep|Stealth Rock|[from] move: Rapid Spin|[of] p1a: Starmie
|-damage|p1a: Starmie|5\/263|[from] item: Life Orb
|move|p2a: Teen Mom|Stealth Rock|p1a: Starmie
|-sidestart|p1: Sweep|move: Stealth Rock
|
|-heal|p2a: Teen Mom|614\/651|[from] item: Leftovers
|turn|17
|
|move|p1a: Starmie|Psyshock|p2a: Teen Mom
|-damage|p2a: Teen Mom|318\/651
|-damage|p1a: Starmie|0 fnt|[from] item: Life Orb
|faint|p1a: Starmie
|move|p2a: Teen Mom|Stealth Rock|p1: Starmie
|-fail|p1: Starmie
|
|-heal|p2a: Teen Mom|358\/651|[from] item: Leftovers
|
|switch|p1a: Arcanine|Arcanine, F|383\/383
|-damage|p1a: Arcanine|288\/383|[from] Stealth Rock
|-ability|p1a: Arcanine|Intimidate|[of] p2a: Teen Mom
|-unboost|p2a: Teen Mom|atk|1
|turn|18
|
|switch|p2a: Cerberus|Houndoom, M|291\/291
|-damage|p2a: Cerberus|219\/291|[from] Stealth Rock
|move|p1a: Arcanine|Flare Blitz|p2a: Cerberus
|-start|p2a: Cerberus|ability: Flash Fire
|
|-heal|p1a: Arcanine|311\/383|[from] item: Leftovers
|turn|19
|
|detailschange|p2a: Cerberus|Houndoom-Mega, M
|message|Houndoom has Mega Evolved into Mega Houndoom!
|move|p2a: Cerberus|Dark Pulse|p1a: Arcanine
|-damage|p1a: Arcanine|115\/383
|move|p1a: Arcanine|Wild Charge|p2a: Cerberus
|-crit|p2a: Cerberus
|-damage|p2a: Cerberus|79\/291
|-damage|p1a: Arcanine|80\/383|[from] recoil|[of] p2a: Cerberus
|
|-heal|p1a: Arcanine|103\/383|[from] item: Leftovers
|turn|20
|
|switch|p1a: Hippowdon|Hippowdon, M|319\/419 tox
|-damage|p1a: Hippowdon|293\/419 tox|[from] Stealth Rock
|-weather|Sandstorm
|move|p2a: Cerberus|Dark Pulse|p1a: Hippowdon
|-damage|p1a: Hippowdon|130\/419 tox
|
|-weather|Sandstorm|[upkeep]
|-damage|p2a: Cerberus|61\/291|[from] sandstorm
|-heal|p1a: Hippowdon|156\/419 tox|[from] item: Leftovers
|-damage|p1a: Hippowdon|130\/419 tox|[from] psn
|turn|21
|
|switch|p1a: Arcanine|Arcanine, F|103\/383
|-damage|p1a: Arcanine|8\/383|[from] Stealth Rock
|-ability|p1a: Arcanine|Intimidate|[of] p2a: Cerberus
|-unboost|p2a: Cerberus|atk|1
|move|p2a: Cerberus|Dark Pulse|p1a: Arcanine
|-damage|p1a: Arcanine|0 fnt
|faint|p1a: Arcanine
|
|-weather|Sandstorm|[upkeep]
|-damage|p2a: Cerberus|43\/291|[from] sandstorm
|
|switch|p1a: Stoutland|Stoutland, M|311\/311
|-damage|p1a: Stoutland|273\/311|[from] Stealth Rock
|turn|22
|
|move|p2a: Cerberus|Sucker Punch|p1a: Stoutland
|-damage|p1a: Stoutland|213\/311
|move|p1a: Stoutland|Crunch|p2a: Cerberus
|-resisted|p2a: Cerberus
|-damage|p2a: Cerberus|0 fnt
|faint|p2a: Cerberus
|
|-weather|Sandstorm|[upkeep]
|
|switch|p2a: Kraken|Tentacruel, M|225\/361
|-damage|p2a: Kraken|180\/361|[from] Stealth Rock
|turn|23
|
|move|p2a: Kraken|Protect|p2a: Kraken
|-singleturn|p2a: Kraken|Protect
|move|p1a: Stoutland|Crunch|p2a: Kraken
|-activate|p2a: Kraken|Protect
|
|-weather|Sandstorm|[upkeep]
|-damage|p2a: Kraken|158\/361|[from] sandstorm
|-heal|p2a: Kraken|180\/361|[from] item: Leftovers
|turn|24
|
|move|p1a: Stoutland|Crunch|p2a: Kraken
|-damage|p2a: Kraken|45\/361
|move|p2a: Kraken|Rapid Spin|p1a: Stoutland
|-damage|p1a: Stoutland|203\/311
|-sideend|p2: BFoxy|Stealth Rock|[from] move: Rapid Spin|[of] p2a: Kraken
|
|-weather|none
|-heal|p2a: Kraken|67\/361|[from] item: Leftovers
|turn|25
|
|move|p2a: Kraken|Protect|p2a: Kraken
|-singleturn|p2a: Kraken|Protect
|move|p1a: Stoutland|Crunch|p2a: Kraken
|-activate|p2a: Kraken|Protect
|
|-heal|p2a: Kraken|89\/361|[from] item: Leftovers
|turn|26
|
|switch|p2a: Landing Strip?|Rotom-Mow|241\/241
|move|p1a: Stoutland|Crunch|p2a: Landing Strip?
|-damage|p2a: Landing Strip?|116\/241
|
|turn|27
|
|switch|p1a: Celebi|Celebi|341\/341
|-damage|p1a: Celebi|299\/341|[from] Stealth Rock
|move|p2a: Landing Strip?|Volt Switch|p1a: Celebi
|-resisted|p1a: Celebi
|-damage|p1a: Celebi|244\/341
|
|switch|p2a: Teen Mom|Blissey, F|358\/651
|
|-heal|p2a: Teen Mom|398\/651|[from] item: Leftovers
|turn|28
|
|move|p1a: Celebi|Trick|p2a: Teen Mom
|-activate|p1a: Celebi|move: Trick|[of] p2a: Teen Mom
|-item|p2a: Teen Mom|Choice Scarf|[from] move: Trick
|-item|p1a: Celebi|Leftovers|[from] move: Trick
|move|p2a: Teen Mom|Toxic|p1a: Celebi
|-status|p1a: Celebi|tox
|
|-heal|p1a: Celebi|265\/341 tox|[from] item: Leftovers
|-damage|p1a: Celebi|244\/341 tox|[from] psn
|turn|29
|
|switch|p2a: Landing Strip?|Rotom-Mow|116\/241
|move|p1a: Celebi|Leaf Storm|p2a: Landing Strip?
|-resisted|p2a: Landing Strip?
|-damage|p2a: Landing Strip?|19\/241
|-unboost|p1a: Celebi|spa|2
|
|-heal|p1a: Celebi|265\/341 tox|[from] item: Leftovers
|-damage|p1a: Celebi|223\/341 tox|[from] psn
|turn|30
|
|move|p2a: Landing Strip?|Volt Switch|p1a: Celebi
|-resisted|p1a: Celebi
|-damage|p1a: Celebi|172\/341 tox
|
|switch|p2a: Teen Mom|Blissey, F|398\/651
|move|p1a: Celebi|U-turn|p2a: Teen Mom
|-damage|p2a: Teen Mom|315\/651
|
|switch|p1a: Stoutland|Stoutland, M|203\/311
|-damage|p1a: Stoutland|165\/311|[from] Stealth Rock
|
|turn|31
|
|switch|p2a: Landing Strip?|Rotom-Mow|19\/241
|move|p1a: Stoutland|Return|p2a: Landing Strip?
|-damage|p2a: Landing Strip?|0 fnt
|faint|p2a: Landing Strip?
|
|
|switch|p2a: Venetia Shield|Doublade, F, shiny|309\/309
|turn|32
|
|switch|p1a: Hippowdon|Hippowdon, M|130\/419 tox
|-damage|p1a: Hippowdon|104\/419 tox|[from] Stealth Rock
|-weather|Sandstorm
|move|p2a: Venetia Shield|Swords Dance|p2a: Venetia Shield
|-boost|p2a: Venetia Shield|atk|2
|
|-weather|Sandstorm|[upkeep]
|-heal|p1a: Hippowdon|130\/419 tox|[from] item: Leftovers
|-damage|p1a: Hippowdon|104\/419 tox|[from] psn
|turn|33
|
|move|p1a: Hippowdon|Earthquake|p2a: Venetia Shield
|-supereffective|p2a: Venetia Shield
|-damage|p2a: Venetia Shield|187\/309
|move|p2a: Venetia Shield|Iron Head|p1a: Hippowdon
|-damage|p1a: Hippowdon|0 fnt
|faint|p1a: Hippowdon
|
|-weather|Sandstorm|[upkeep]
|
|switch|p1a: Stoutland|Stoutland, M|165\/311
|-damage|p1a: Stoutland|127\/311|[from] Stealth Rock
|turn|34
|
|move|p1a: Stoutland|Crunch|p2a: Venetia Shield
|-supereffective|p2a: Venetia Shield
|-damage|p2a: Venetia Shield|49\/309
|-unboost|p2a: Venetia Shield|def|1
|move|p2a: Venetia Shield|Iron Head|p1a: Stoutland
|-damage|p1a: Stoutland|0 fnt
|faint|p1a: Stoutland
|
|-weather|Sandstorm|[upkeep]
|
|switch|p1a: Celebi|Celebi|172\/341
|-damage|p1a: Celebi|130\/341|[from] Stealth Rock
|turn|35
|
|move|p2a: Venetia Shield|Shadow Sneak|p1a: Celebi
|-supereffective|p1a: Celebi
|-damage|p1a: Celebi|0 fnt
|faint|p1a: Celebi
|
|win|BFoxy
|raw|Ladder updating...
|raw|Sweep's rating: 1658 &rarr; <strong>1633<\/strong><br \/>(-25 for losing)
|raw|BFoxy's rating: 1570 &rarr; <strong>1595<\/strong><br \/>(+25 for winning)
|leave|Sweep
|player|p1