|join|BFoxy
|join|ULT Latham
|player|p1|BFoxy|154
|player|p2|ULT Latham|288
|gametype|singles
|gen|6
|tier|UU
|rated
|rule|Sleep Clause Mod: Limit one foe put to sleep
|rule|Species Clause: Limit one of each Pokémon
|rule|OHKO Clause: OHKO moves are banned
|rule|Moody Clause: Moody is banned
|rule|Evasion Moves Clause: Evasion moves are banned
|rule|Endless Battle Clause: Forcing endless battles is banned
|rule|HP Percentage Mod: HP is shown in percentages
|clearpoke
|poke|p1|Doublade, M, shiny
|poke|p1|Granbull, M
|poke|p1|Blissey, F
|poke|p1|Houndoom, M
|poke|p1|Tentacruel, M
|poke|p1|Rotom-Mow
|poke|p2|Suicune
|poke|p2|Hydreigon, F
|poke|p2|Victini
|poke|p2|Mew
|poke|p2|Haxorus, M
|poke|p2|Infernape, F
|rule|Swagger Clause: Swagger is banned
|rule|Baton Pass Clause: Limit one Pokémon knowing Baton Pass
|teampreview
|
|start
|switch|p1a: Landing Strip?|Rotom-Mow|241\/241
|switch|p2a: Hax R Us|Haxorus, M|302\/302
|-ability|p2a: Hax R Us|Mold Breaker
|turn|1
|
|move|p1a: Landing Strip?|Volt Switch|p2a: Hax R Us
|-resisted|p2a: Hax R Us
|-damage|p2a: Hax R Us|227\/302
|
|switch|p1a: Boodro|Granbull, M|377\/377
|-ability|p1a: Boodro|Intimidate|[of] p2a: Hax R Us
|-unboost|p2a: Hax R Us|atk|1
|move|p2a: Hax R Us|Poison Jab|p1a: Boodro
|-supereffective|p1a: Boodro
|-damage|p1a: Boodro|249\/377
|
|-heal|p1a: Boodro|272\/377|[from] item: Leftovers
|turn|2
|
|switch|p2a: Finger|Mew|404\/404
|move|p1a: Boodro|Thunder Wave|p2a: Finger
|-status|p2a: Finger|par
|-status|p1a: Boodro|par
|
|-heal|p1a: Boodro|295\/377 par|[from] item: Leftovers
|turn|3
|
|cant|p2a: Finger|par
|move|p1a: Boodro|Heal Bell|p1a: Boodro
|-cureteam|p1a: Boodro|[from] move: HealBell
|
|-heal|p1a: Boodro|318\/377|[from] item: Leftovers
|turn|4
|
|switch|p1a: Cerberus|Houndoom, M|291\/291
|cant|p2a: Finger|par
|
|turn|5
|
|switch|p2a: The Cro|Suicune|404\/404
|-ability|p2a: The Cro|Pressure
|move|p1a: Cerberus|Dark Pulse|p2a: The Cro
|-damage|p2a: The Cro|290\/404
|
|-heal|p2a: The Cro|315\/404|[from] item: Leftovers
|turn|6
|
|switch|p1a: Landing Strip?|Rotom-Mow|241\/241
|move|p2a: The Cro|Calm Mind|p2a: The Cro
|-boost|p2a: The Cro|spa|1
|-boost|p2a: The Cro|spd|1
|
|-heal|p2a: The Cro|340\/404|[from] item: Leftovers
|turn|7
|
|move|p1a: Landing Strip?|Trick|p2a: The Cro
|-activate|p1a: Landing Strip?|move: Trick|[of] p2a: The Cro
|-item|p2a: The Cro|Choice Scarf|[from] move: Trick
|-item|p1a: Landing Strip?|Leftovers|[from] move: Trick
|move|p2a: The Cro|Calm Mind|p2a: The Cro
|-boost|p2a: The Cro|spa|1
|-boost|p2a: The Cro|spd|1
|
|turn|8
|
|switch|p2a: Finger|Mew|404\/404 par
|move|p1a: Landing Strip?|Volt Switch|p2a: Finger
|-damage|p2a: Finger|322\/404 par
|
|switch|p1a: Cerberus|Houndoom, M|291\/291
|
|-heal|p2a: Finger|347\/404 par|[from] item: Leftovers
|turn|9
|
|switch|p2a: The Cro|Suicune|340\/404
|-ability|p2a: The Cro|Pressure
|move|p1a: Cerberus|Dark Pulse|p2a: The Cro
|-damage|p2a: The Cro|229\/404
|
|turn|10
|
|switch|p1a: Teen Mom|Blissey, F|651\/651
|move|p2a: The Cro|Scald|p1a: Teen Mom
|-damage|p1a: Teen Mom|596\/651
|
|-heal|p1a: Teen Mom|636\/651|[from] item: Leftovers
|turn|11
|
|switch|p2a: Hax R Us|Haxorus, M|227\/302
|-ability|p2a: Hax R Us|Mold Breaker
|move|p1a: Teen Mom|Stealth Rock|p2a: Hax R Us
|-sidestart|p2: ULT Latham|move: Stealth Rock
|
|-heal|p1a: Teen Mom|651\/651|[from] item: Leftovers
|turn|12
|
|switch|p1a: Boodro|Granbull, M|318\/377
|-ability|p1a: Boodro|Intimidate|[of] p2a: Hax R Us
|-unboost|p2a: Hax R Us|atk|1
|move|p2a: Hax R Us|Dragon Dance|p2a: Hax R Us
|-boost|p2a: Hax R Us|atk|1
|-boost|p2a: Hax R Us|spe|1
|
|-heal|p1a: Boodro|341\/377|[from] item: Leftovers
|turn|13
|
|move|p2a: Hax R Us|Poison Jab|p1a: Boodro
|-supereffective|p1a: Boodro
|-damage|p1a: Boodro|133\/377
|move|p1a: Boodro|Play Rough|p2a: Hax R Us
|-supereffective|p2a: Hax R Us
|-damage|p2a: Hax R Us|0 fnt
|faint|p2a: Hax R Us
|
|-heal|p1a: Boodro|156\/377|[from] item: Leftovers
|
|switch|p2a: HotHead|Infernape, F|293\/293
|-damage|p2a: HotHead|257\/293|[from] Stealth Rock
|turn|14
|
|move|p2a: HotHead|Substitute|p2a: HotHead
|-start|p2a: HotHead|Substitute
|-damage|p2a: HotHead|184\/293
|move|p1a: Boodro|Earthquake|p2a: HotHead
|-supereffective|p2a: HotHead
|-end|p2a: HotHead|Substitute
|
|-heal|p2a: HotHead|202\/293|[from] item: Leftovers
|-heal|p1a: Boodro|179\/377|[from] item: Leftovers
|turn|15
|
|switch|p1a: Kraken|Tentacruel, M|361\/361
|move|p2a: HotHead|Flare Blitz|p1a: Kraken
|-resisted|p1a: Kraken
|-damage|p1a: Kraken|269\/361
|-damage|p2a: HotHead|172\/293|[from] recoil|[of] p1a: Kraken
|
|-heal|p2a: HotHead|190\/293|[from] item: Leftovers
|-heal|p1a: Kraken|291\/361|[from] item: Leftovers
|turn|16
|-message|ULT Latham forfeited.
|
|win|BFoxy
|raw|Ladder updating...
|leave|ULT Latham
|player|p2
|raw|BFoxy's rating: 1593 &rarr; <strong>1608<\/strong><br \/>(+15 for winning)
|raw|ULT Latham's rating: 1500 &rarr; <strong>1485<\/strong><br \/>(-15 for losing)