|join|CF Gamebreaker
|join|BFoxy
|player|p1|CF Gamebreaker|289
|player|p2|BFoxy|172
|gametype|singles
|gen|6
|tier|UU
|rated
|rule|Sleep Clause Mod: Limit one foe put to sleep
|rule|Species Clause: Limit one of each Pokémon
|rule|OHKO Clause: OHKO moves are banned
|rule|Moody Clause: Moody is banned
|rule|Evasion Moves Clause: Evasion moves are banned
|rule|Endless Battle Clause: Forcing endless battles is banned
|rule|HP Percentage Mod: HP is shown in percentages
|clearpoke
|poke|p1|Suicune, shiny
|poke|p1|Drifblim, F
|poke|p1|Cresselia, F
|poke|p1|Jirachi
|poke|p1|Kyurem
|poke|p1|Machamp, F
|poke|p2|Doublade, F, shiny
|poke|p2|Granbull, M
|poke|p2|Blissey, F
|poke|p2|Houndoom, M
|poke|p2|Tentacruel, M
|poke|p2|Rotom-Mow
|rule|Swagger Clause: Swagger is banned
|rule|Baton Pass Clause: Limit one Pokémon knowing Baton Pass
|teampreview
|
|start
|switch|p1a: Cresselia|Cresselia, F|444\/444
|switch|p2a: Kraken|Tentacruel, M|361\/361
|turn|1
|
|move|p1a: Cresselia|Magic Coat|p1a: Cresselia
|-singleturn|p1a: Cresselia|move: Magic Coat
|move|p2a: Kraken|Toxic Spikes|p1a: Cresselia
|move|p1a: Cresselia|Toxic Spikes|p2a: Kraken|[from]Magic Coat
|-sidestart|p2: BFoxy|move: Toxic Spikes
|
|turn|2
|
|switch|p1a: Drifblim|Drifblim, F|504\/504
|move|p2a: Kraken|Toxic Spikes|p1a: Drifblim
|-sidestart|p1: CF Gamebreaker|move: Toxic Spikes
|
|turn|3
|
|switch|p2a: Landing Strip?|Rotom-Mow|241\/241
|move|p1a: Drifblim|Stockpile|p1a: Drifblim
|-start|p1a: Drifblim|stockpile1
|-boost|p1a: Drifblim|def|1
|-boost|p1a: Drifblim|spd|1
|
|turn|4
|
|move|p2a: Landing Strip?|Volt Switch|p1a: Drifblim
|-crit|p1a: Drifblim
|-supereffective|p1a: Drifblim
|-damage|p1a: Drifblim|0 fnt
|faint|p1a: Drifblim
|-message|CF Gamebreaker forfeited.
|
|win|BFoxy
|raw|Ladder updating...
|leave|CF Gamebreaker
|player|p1
|raw|CF Gamebreaker's rating: 1544 &rarr; <strong>1522<\/strong><br \/>(-22 for losing)
|raw|BFoxy's rating: 1506 &rarr; <strong>1528<\/strong><br \/>(+22 for winning)