|join|mcts
|join|BFoxy
|player|p1|mcts|147
|player|p2|BFoxy|154
|gametype|singles
|gen|6
|tier|UU
|rated
|rule|Sleep Clause Mod: Limit one foe put to sleep
|rule|Species Clause: Limit one of each Pokémon
|rule|OHKO Clause: OHKO moves are banned
|rule|Moody Clause: Moody is banned
|rule|Evasion Moves Clause: Evasion moves are banned
|rule|Endless Battle Clause: Forcing endless battles is banned
|rule|HP Percentage Mod: HP is shown in percentages
|clearpoke
|poke|p1|Florges, F
|poke|p1|Blastoise, M
|poke|p1|Dugtrio, F
|poke|p1|Celebi
|poke|p1|Slowbro, F
|poke|p1|Entei, shiny
|poke|p2|Doublade, F, shiny
|poke|p2|Granbull, M
|poke|p2|Blissey, F
|poke|p2|Houndoom, M
|poke|p2|Tentacruel, M
|poke|p2|Rotom-Mow
|rule|Swagger Clause: Swagger is banned
|rule|Baton Pass Clause: Limit one Pokémon knowing Baton Pass
|teampreview
|
|start
|switch|p1a: Pe de Feijao|Celebi|369\/369
|switch|p2a: Boodro|Granbull, M|377\/377
|-ability|p2a: Boodro|Intimidate|[of] p1a: Pe de Feijao
|-unboost|p1a: Pe de Feijao|atk|1
|turn|1
|
|switch|p2a: Teen Mom|Blissey, F|651\/651
|move|p1a: Pe de Feijao|Stealth Rock|p2a: Teen Mom
|-sidestart|p2: BFoxy|move: Stealth Rock
|
|turn|2
|
|switch|p1a: Joao Bobo|Slowbro, F|390\/390
|move|p2a: Teen Mom|Stealth Rock|p1a: Joao Bobo
|-sidestart|p1: mcts|move: Stealth Rock
|
|turn|3
|
|move|p2a: Teen Mom|Toxic|p1a: Joao Bobo
|-status|p1a: Joao Bobo|tox
|move|p1a: Joao Bobo|Flamethrower|p2a: Teen Mom
|-damage|p2a: Teen Mom|603\/651
|
|-heal|p2a: Teen Mom|643\/651|[from] item: Leftovers
|-damage|p1a: Joao Bobo|366\/390 tox|[from] psn
|turn|4
|
|switch|p2a: Kraken|Tentacruel, M|361\/361
|-damage|p2a: Kraken|316\/361|[from] Stealth Rock
|switch|p1a: Tartaruga Ninja|Blastoise, M|359\/359
|-damage|p1a: Tartaruga Ninja|315\/359|[from] Stealth Rock
|
|-heal|p2a: Kraken|338\/361|[from] item: Leftovers
|turn|5
|
|detailschange|p1a: Tartaruga Ninja|Blastoise-Mega, M
|message|Blastoise has Mega Evolved into Mega Blastoise!
|move|p2a: Kraken|Rapid Spin|p1a: Tartaruga Ninja
|-damage|p1a: Tartaruga Ninja|307\/359
|-sideend|p2: BFoxy|Stealth Rock|[from] move: Rapid Spin|[of] p2a: Kraken
|move|p1a: Tartaruga Ninja|Rapid Spin|p2a: Kraken
|-damage|p2a: Kraken|323\/361
|-sideend|p1: mcts|Stealth Rock|[from] move: Rapid Spin|[of] p1a: Tartaruga Ninja
|
|-heal|p2a: Kraken|345\/361|[from] item: Leftovers
|turn|6
|
|switch|p1a: PS3|Dugtrio, F|211\/211
|move|p2a: Kraken|Toxic Spikes|p1a: PS3
|-sidestart|p1: mcts|move: Toxic Spikes
|
|-heal|p2a: Kraken|361\/361|[from] item: Leftovers
|turn|7
|
|move|p2a: Kraken|Protect|p2a: Kraken
|-singleturn|p2a: Kraken|Protect
|move|p1a: PS3|Earthquake|p2a: Kraken
|-activate|p2a: Kraken|Protect
|
|turn|8
|c|★mcts|i hate tentacruel
|
|move|p1a: PS3|Earthquake|p2a: Kraken
|-supereffective|p2a: Kraken
|-damage|p2a: Kraken|103\/361
|move|p2a: Kraken|Scald|p1a: PS3
|-supereffective|p1a: PS3
|-damage|p1a: PS3|1\/211
|
|-heal|p2a: Kraken|125\/361|[from] item: Leftovers
|turn|9
|
|move|p2a: Kraken|Protect|p2a: Kraken
|-singleturn|p2a: Kraken|Protect
|move|p1a: PS3|Earthquake|p2a: Kraken
|-activate|p2a: Kraken|Protect
|
|-heal|p2a: Kraken|147\/361|[from] item: Leftovers
|turn|10
|
|move|p1a: PS3|Earthquake|p2a: Kraken
|-supereffective|p2a: Kraken
|-damage|p2a: Kraken|0 fnt
|faint|p2a: Kraken
|
|
|switch|p2a: Landing Strip?|Rotom-Mow|241\/241
|turn|11
|
|switch|p1a: Emilia|Florges, F|360\/360
|-status|p1a: Emilia|psn
|move|p2a: Landing Strip?|Trick|p1a: Emilia
|-activate|p2a: Landing Strip?|move: Trick|[of] p1a: Emilia
|-item|p1a: Emilia|Choice Scarf|[from] move: Trick
|-item|p2a: Landing Strip?|Leftovers|[from] move: Trick
|
|-damage|p1a: Emilia|315\/360 psn|[from] psn
|turn|12
|
|move|p2a: Landing Strip?|Volt Switch|p1a: Emilia
|-damage|p1a: Emilia|254\/360 psn
|
|switch|p2a: Venetia Shield|Doublade, F, shiny|309\/309
|move|p1a: Emilia|Wish|p1a: Emilia
|
|-damage|p1a: Emilia|209\/360 psn|[from] psn
|turn|13
|
|switch|p1a: Tartaruga Ninja|Blastoise-Mega, M|307\/359
|-status|p1a: Tartaruga Ninja|psn
|switch|p2a: Teen Mom|Blissey, F|643\/651
|
|-heal|p1a: Tartaruga Ninja|359\/359 psn|[from] move: Wish|[wisher] Emilia
|-heal|p2a: Teen Mom|651\/651|[from] item: Leftovers
|-damage|p1a: Tartaruga Ninja|315\/359 psn|[from] psn
|turn|14
|
|move|p1a: Tartaruga Ninja|Rapid Spin|p2a: Teen Mom
|-damage|p2a: Teen Mom|623\/651
|-sideend|p1: mcts|Toxic Spikes|[from] move: Rapid Spin|[of] p1a: Tartaruga Ninja
|move|p2a: Teen Mom|Seismic Toss|p1a: Tartaruga Ninja
|-damage|p1a: Tartaruga Ninja|215\/359 psn
|
|-heal|p2a: Teen Mom|651\/651|[from] item: Leftovers
|-damage|p1a: Tartaruga Ninja|171\/359 psn|[from] psn
|turn|15
|
|switch|p1a: Emilia|Florges, F|209\/360 psn
|move|p2a: Teen Mom|Stealth Rock|p1a: Emilia
|-sidestart|p1: mcts|move: Stealth Rock
|
|-damage|p1a: Emilia|164\/360 psn|[from] psn
|turn|16
|
|move|p1a: Emilia|Aromatherapy|p1a: Emilia
|-cureteam|p1a: Emilia|[from] move: Aromatherapy
|move|p2a: Teen Mom|Seismic Toss|p1a: Emilia
|-damage|p1a: Emilia|64\/360
|
|turn|17
|
|switch|p1a: Pe de Feijao|Celebi|369\/369
|-damage|p1a: Pe de Feijao|323\/369|[from] Stealth Rock
|move|p2a: Teen Mom|Seismic Toss|p1a: Pe de Feijao
|-damage|p1a: Pe de Feijao|223\/369
|
|-heal|p1a: Pe de Feijao|246\/369|[from] item: Leftovers
|turn|18
|
|move|p1a: Pe de Feijao|Stealth Rock|p2a: Teen Mom
|-sidestart|p2: BFoxy|move: Stealth Rock
|move|p2a: Teen Mom|Toxic|p1a: Pe de Feijao
|-status|p1a: Pe de Feijao|tox
|
|-heal|p1a: Pe de Feijao|269\/369 tox|[from] item: Leftovers
|-damage|p1a: Pe de Feijao|246\/369 tox|[from] psn
|turn|19
|
|switch|p1a: Emilia|Florges, F|64\/360
|-damage|p1a: Emilia|19\/360|[from] Stealth Rock
|move|p2a: Teen Mom|Seismic Toss|p1a: Emilia
|-damage|p1a: Emilia|0 fnt
|faint|p1a: Emilia
|
|
|switch|p1a: Lion Man|Entei, shiny|371\/371
|-damage|p1a: Lion Man|279\/371|[from] Stealth Rock
|-ability|p1a: Lion Man|Pressure
|turn|20
|
|switch|p2a: Boodro|Granbull, M|377\/377
|-damage|p2a: Boodro|330\/377|[from] Stealth Rock
|-ability|p2a: Boodro|Intimidate|[of] p1a: Lion Man
|-unboost|p1a: Lion Man|atk|1
|move|p1a: Lion Man|Bulldoze|p2a: Boodro
|-damage|p2a: Boodro|267\/377
|-unboost|p2a: Boodro|spe|1
|
|-heal|p2a: Boodro|290\/377|[from] item: Leftovers
|turn|21
|
|switch|p1a: Joao Bobo|Slowbro, F|390\/390
|-damage|p1a: Joao Bobo|342\/390|[from] Stealth Rock
|move|p2a: Boodro|Thunder Wave|p1a: Joao Bobo
|-status|p1a: Joao Bobo|par
|
|-heal|p2a: Boodro|313\/377|[from] item: Leftovers
|-heal|p1a: Joao Bobo|366\/390 par|[from] item: Leftovers
|turn|22
|
|switch|p2a: Landing Strip?|Rotom-Mow|241\/241
|-damage|p2a: Landing Strip?|211\/241|[from] Stealth Rock
|move|p1a: Joao Bobo|Psyshock|p2a: Landing Strip?
|-damage|p2a: Landing Strip?|123\/241
|
|-heal|p2a: Landing Strip?|138\/241|[from] item: Leftovers
|-heal|p1a: Joao Bobo|390\/390 par|[from] item: Leftovers
|turn|23
|
|switch|p1a: Pe de Feijao|Celebi|246\/369
|-damage|p1a: Pe de Feijao|200\/369|[from] Stealth Rock
|move|p2a: Landing Strip?|Volt Switch|p1a: Pe de Feijao
|-resisted|p1a: Pe de Feijao
|-damage|p1a: Pe de Feijao|145\/369
|
|switch|p2a: Venetia Shield|Doublade, F, shiny|309\/309
|-damage|p2a: Venetia Shield|290\/309|[from] Stealth Rock
|
|-heal|p1a: Pe de Feijao|168\/369|[from] item: Leftovers
|turn|24
|
|move|p1a: Pe de Feijao|Nasty Plot|p1a: Pe de Feijao
|-boost|p1a: Pe de Feijao|spa|2
|move|p2a: Venetia Shield|Shadow Claw|p1a: Pe de Feijao
|-supereffective|p1a: Pe de Feijao
|-damage|p1a: Pe de Feijao|0 fnt
|faint|p1a: Pe de Feijao
|
|
|switch|p1a: Tartaruga Ninja|Blastoise-Mega, M|171\/359
|-damage|p1a: Tartaruga Ninja|127\/359|[from] Stealth Rock
|turn|25
|
|switch|p2a: Teen Mom|Blissey, F|651\/651
|-damage|p2a: Teen Mom|570\/651|[from] Stealth Rock
|move|p1a: Tartaruga Ninja|Dark Pulse|p2a: Teen Mom
|-damage|p2a: Teen Mom|461\/651
|
|-heal|p2a: Teen Mom|501\/651|[from] item: Leftovers
|turn|26
|
|move|p1a: Tartaruga Ninja|Rapid Spin|p2a: Teen Mom
|-damage|p2a: Teen Mom|473\/651
|-sideend|p1: mcts|Stealth Rock|[from] move: Rapid Spin|[of] p1a: Tartaruga Ninja
|move|p2a: Teen Mom|Seismic Toss|p1a: Tartaruga Ninja
|-damage|p1a: Tartaruga Ninja|27\/359
|
|-heal|p2a: Teen Mom|513\/651|[from] item: Leftovers
|turn|27
|
|move|p1a: Tartaruga Ninja|Aura Sphere|p2a: Teen Mom
|-supereffective|p2a: Teen Mom
|-damage|p2a: Teen Mom|303\/651
|move|p2a: Teen Mom|Stealth Rock|p1a: Tartaruga Ninja
|-sidestart|p1: mcts|move: Stealth Rock
|
|-heal|p2a: Teen Mom|343\/651|[from] item: Leftovers
|turn|28
|
|move|p1a: Tartaruga Ninja|Rapid Spin|p2a: Teen Mom
|-damage|p2a: Teen Mom|317\/651
|-sideend|p1: mcts|Stealth Rock|[from] move: Rapid Spin|[of] p1a: Tartaruga Ninja
|move|p2a: Teen Mom|Soft-Boiled|p2a: Teen Mom
|-heal|p2a: Teen Mom|643\/651
|
|-heal|p2a: Teen Mom|651\/651|[from] item: Leftovers
|turn|29
|
|switch|p1a: PS3|Dugtrio, F|1\/211
|move|p2a: Teen Mom|Toxic|p1a: PS3
|-status|p1a: PS3|tox
|
|-damage|p1a: PS3|0 fnt|[from] psn
|faint|p1a: PS3
|
|switch|p1a: Lion Man|Entei, shiny|279\/371
|-ability|p1a: Lion Man|Pressure
|turn|30
|
|switch|p2a: Boodro|Granbull, M|313\/377
|-damage|p2a: Boodro|266\/377|[from] Stealth Rock
|-ability|p2a: Boodro|Intimidate|[of] p1a: Lion Man
|-unboost|p1a: Lion Man|atk|1
|move|p1a: Lion Man|Flare Blitz|p2a: Boodro
|-damage|p2a: Boodro|92\/377
|-damage|p1a: Lion Man|222\/371|[from] recoil|[of] p2a: Boodro
|
|-heal|p2a: Boodro|115\/377|[from] item: Leftovers
|turn|31
|
|switch|p2a: Cerberus|Houndoom, M|291\/291
|-damage|p2a: Cerberus|219\/291|[from] Stealth Rock
|move|p1a: Lion Man|Flare Blitz|p2a: Cerberus
|-start|p2a: Cerberus|ability: Flash Fire
|
|turn|32
|
|switch|p1a: Tartaruga Ninja|Blastoise-Mega, M|27\/359
|detailschange|p2a: Cerberus|Houndoom-Mega, M
|message|Houndoom has Mega Evolved into Mega Houndoom!
|move|p2a: Cerberus|Dark Pulse|p1a: Tartaruga Ninja
|-damage|p1a: Tartaruga Ninja|0 fnt
|faint|p1a: Tartaruga Ninja
|
|c|★mcts|gg
|
|switch|p1a: Lion Man|Entei, shiny|222\/371
|-ability|p1a: Lion Man|Pressure
|turn|33
|c|★BFoxy|gg
|
|move|p1a: Lion Man|Extreme Speed|p2a: Cerberus
|-damage|p2a: Cerberus|34\/291
|move|p2a: Cerberus|Dark Pulse|p1a: Lion Man
|-damage|p1a: Lion Man|45\/371
|
|turn|34
|
|move|p1a: Lion Man|Extreme Speed|p2a: Cerberus
|-damage|p2a: Cerberus|0 fnt
|faint|p2a: Cerberus
|
|
|switch|p2a: Venetia Shield|Doublade, F, shiny|290\/309
|-damage|p2a: Venetia Shield|271\/309|[from] Stealth Rock
|turn|35
|
|switch|p1a: Joao Bobo|Slowbro, F|390\/390 par
|move|p2a: Venetia Shield|Shadow Claw|p1a: Joao Bobo
|-supereffective|p1a: Joao Bobo
|-damage|p1a: Joao Bobo|226\/390 par
|
|-heal|p1a: Joao Bobo|250\/390 par|[from] item: Leftovers
|turn|36
|
|move|p2a: Venetia Shield|Swords Dance|p2a: Venetia Shield
|-boost|p2a: Venetia Shield|atk|2
|move|p1a: Joao Bobo|Slack Off|p1a: Joao Bobo
|-heal|p1a: Joao Bobo|390\/390 par
|
|turn|37
|
|move|p2a: Venetia Shield|Shadow Claw|p1a: Joao Bobo
|-supereffective|p1a: Joao Bobo
|-damage|p1a: Joao Bobo|76\/390 par
|move|p1a: Joao Bobo|Flamethrower|p2a: Venetia Shield
|-supereffective|p2a: Venetia Shield
|-damage|p2a: Venetia Shield|109\/309
|
|-heal|p1a: Joao Bobo|100\/390 par|[from] item: Leftovers
|turn|38
|
|move|p2a: Venetia Shield|Shadow Claw|p1a: Joao Bobo
|-supereffective|p1a: Joao Bobo
|-damage|p1a: Joao Bobo|0 fnt
|faint|p1a: Joao Bobo
|
|
|switch|p1a: Lion Man|Entei, shiny|45\/371
|-ability|p1a: Lion Man|Pressure
|turn|39
|
|move|p2a: Venetia Shield|Shadow Sneak|p1a: Lion Man
|-damage|p1a: Lion Man|0 fnt
|faint|p1a: Lion Man
|
|win|BFoxy
|raw|Ladder updating...
|raw|mcts's rating: 1641 &rarr; <strong>1620<\/strong><br \/>(-21 for losing)
|raw|BFoxy's rating: 1621 &rarr; <strong>1642<\/strong><br \/>(+21 for winning)
|leave|mcts
|player|p1