|join|LT1N Jukain
|join|Giggling Grannie
|player|p1|LT1N Jukain|78
|player|p2|Giggling Grannie|69
|gametype|singles
|gen|6
|tier|OU
|rated
|clearpoke
|poke|p1|Jirachi
|poke|p1|Charizard, F
|poke|p1|Gyarados, F
|poke|p1|Gliscor, M
|poke|p1|Mew
|poke|p1|Skarmory, F
|poke|p2|Amoonguss, F
|poke|p2|Charizard, F
|poke|p2|Chansey, F
|poke|p2|Gengar, M
|poke|p2|Suicune
|poke|p2|Skarmory, F
|rule|Swagger Clause: Swagger is banned
|rule|Baton Pass Clause: Limit one Pokémon knowing Baton Pass
|rule|Sleep Clause Mod: Limit one foe put to sleep
|rule|Species Clause: Limit one of each Pokémon
|rule|OHKO Clause: OHKO moves are banned
|rule|Moody Clause: Moody is banned
|rule|Evasion Moves Clause: Evasion moves are banned
|rule|Endless Battle Clause: Forcing endless battles is banned
|rule|HP Percentage Mod: HP is shown in percentages
|teampreview
|join|etaoi
|join|DOGE EBINEST
|join|kektus
|join|haunter
|
|start
|switch|p1a: Charizard|Charizard, F|359\/359
|switch|p2a: Charizard|Charizard, F|357\/357
|turn|1
|
|switch|p1a: Gyarados|Gyarados, F|393\/393
|-ability|p1a: Gyarados|Intimidate|[of] p2a: Charizard
|-unboost|p2a: Charizard|atk|1
|move|p2a: Charizard|Dragon Dance|p2a: Charizard
|-boost|p2a: Charizard|atk|1
|-boost|p2a: Charizard|spe|1
|
|turn|2
|
|switch|p2a: Chansey|Chansey, F|700\/700
|move|p1a: Gyarados|Thunder Wave|p2a: Chansey
|-status|p2a: Chansey|par
|
|turn|3
|
|move|p1a: Gyarados|Waterfall|p2a: Chansey
|-damage|p2a: Chansey|547\/700 par
|cant|p2a: Chansey|par
|
|turn|4
|
|switch|p1a: Charizard|Charizard, F|359\/359
|cant|p2a: Chansey|par
|
|turn|5
|
|detailschange|p1a: Charizard|Charizard-Mega-X, F
|message|Charizard has Mega Evolved into Mega Charizard!
|move|p1a: Charizard|Dragon Claw|p2a: Chansey
|-damage|p2a: Chansey|331\/700 par
|cant|p2a: Chansey|par
|
|turn|6
|c|★Giggling Grannie|....
|
|move|p1a: Charizard|Dragon Claw|p2a: Chansey
|-damage|p2a: Chansey|129\/700 par
|cant|p2a: Chansey|par
|
|turn|7
|c|★LT1N Jukain|sry
|join|LT1A Leader Fox
|join|lt1j jinwhite
|leave|DOGE EBINEST
|c| LT1A Leader Fox|sub toxic jirach + sub toxic gliscor is fucking hell
|join|Apathos
|c| LT1A Leader Fox|jirachi is so good
|-message|Giggling Grannie lost due to inactivity.
|
|win|LT1N Jukain
|raw|Ladder updating...
|raw|LT1N Jukain's rating: 1903 &rarr; <strong>1923<\/strong><br \/>(+20 for winning)
|raw|Giggling Grannie's rating: 1891 &rarr; <strong>1872<\/strong><br \/>(-19 for losing)
|leave|LT1A Leader Fox
|leave|lt1j jinwhite
|c|★LT1N Jukain|i couldnt even
|c|★LT1N Jukain|win this
|c|★LT1N Jukain|at all
|c|★LT1N Jukain|cuz i just realized
|c|★LT1N Jukain|my team is destroyed by crocune
|c|★LT1N Jukain|lol
|c|★LT1N Jukain|:[
|leave|LT1N Jukain
|player|p1
|leave|kektus
|leave|haunter
|leave|Giggling Grannie
|player|p2