|join|Giggling Grannie
|join|Pheonixmaster
|player|p1|Giggling Grannie|69
|player|p2|Pheonixmaster|248
|gametype|singles
|gen|6
|tier|OU
|rated
|clearpoke
|poke|p1|Heatran, M, shiny
|poke|p1|Ferrothorn, F
|poke|p1|Suicune
|poke|p1|Talonflame, F, shiny
|poke|p1|Latias, F
|poke|p1|Heracross, F, shiny
|poke|p2|Charizard, M
|poke|p2|Mienshao, M
|poke|p2|Latios, M
|poke|p2|Raikou
|poke|p2|Ferrothorn, F
|poke|p2|Landorus-Therian, M
|rule|Swagger Clause: Swagger is banned
|rule|Baton Pass Clause: Limit one Pokémon knowing Baton Pass
|rule|Sleep Clause Mod: Limit one foe put to sleep
|rule|Species Clause: Limit one of each Pokémon
|rule|OHKO Clause: OHKO moves are banned
|rule|Moody Clause: Moody is banned
|rule|Evasion Moves Clause: Evasion moves are banned
|rule|Endless Battle Clause: Forcing endless battles is banned
|rule|HP Percentage Mod: HP is shown in percentages
|teampreview
|c|★Pheonixmaster|gl
|
|start
|switch|p1a: Talonflame|Talonflame, F, shiny|351\/351
|switch|p2a: Landorus-Therian|Landorus-Therian, M|325\/325
|-ability|p2a: Landorus-Therian|Intimidate|[of] p1a: Talonflame
|-unboost|p1a: Talonflame|atk|1
|turn|1
|
|switch|p1a: Suicune|Suicune|404\/404
|-ability|p1a: Suicune|Pressure
|move|p2a: Landorus-Therian|U-turn|p1a: Suicune
|-damage|p1a: Suicune|343\/404
|
|switch|p2a: Raikou|Raikou|321\/321
|-ability|p2a: Raikou|Pressure
|
|-heal|p1a: Suicune|368\/404|[from] item: Leftovers
|turn|2
|
|move|p2a: Raikou|Volt Switch|p1a: Suicune
|-supereffective|p1a: Suicune
|-damage|p1a: Suicune|62\/404
|
|switch|p2a: Ferrothorn|Ferrothorn, F|352\/352
|move|p1a: Suicune|Scald|p2a: Ferrothorn
|-resisted|p2a: Ferrothorn
|-damage|p2a: Ferrothorn|320\/352
|-status|p2a: Ferrothorn|brn
|
|-heal|p1a: Suicune|87\/404|[from] item: Leftovers
|-heal|p2a: Ferrothorn|342\/352 brn|[from] item: Leftovers
|-damage|p2a: Ferrothorn|298\/352 brn|[from] brn
|turn|3
|
|move|p1a: Suicune|Rest|p1a: Suicune
|-status|p1a: Suicune|slp
|-heal|p1a: Suicune|404\/404 slp|[silent]
|-status|p1a: Suicune|slp|[from] move: Rest
|move|p2a: Ferrothorn|Stealth Rock|p1a: Suicune
|-sidestart|p1: Giggling Grannie|move: Stealth Rock
|
|-heal|p2a: Ferrothorn|320\/352 brn|[from] item: Leftovers
|-damage|p2a: Ferrothorn|276\/352 brn|[from] brn
|turn|4
|
|switch|p1a: Latias|Latias, F|320\/320
|-damage|p1a: Latias|280\/320|[from] Stealth Rock
|switch|p2a: Raikou|Raikou|321\/321
|-ability|p2a: Raikou|Pressure
|
|turn|5
|
|move|p2a: Raikou|Volt Switch|p1a: Latias
|-resisted|p1a: Latias
|-damage|p1a: Latias|210\/320
|
|switch|p2a: Ferrothorn|Ferrothorn, F|276\/352 brn
|move|p1a: Latias|Defog|p2a: Ferrothorn
|-unboost|p2a: Ferrothorn|evasion|1
|-sideend|p1: Giggling Grannie|Stealth Rock|[from] move: Defog|[of] p1a: Latias
|
|-heal|p2a: Ferrothorn|298\/352 brn|[from] item: Leftovers
|-damage|p2a: Ferrothorn|254\/352 brn|[from] brn
|turn|6
|
|switch|p1a: Heatran|Heatran, M, shiny|380\/380
|move|p2a: Ferrothorn|Leech Seed|p1a: Heatran
|-start|p1a: Heatran|move: Leech Seed
|
|-heal|p2a: Ferrothorn|276\/352 brn|[from] item: Leftovers
|-damage|p1a: Heatran|333\/380|[from] Leech Seed|[of] p2a: Ferrothorn
|-heal|p2a: Ferrothorn|323\/352 brn|[silent]
|-damage|p2a: Ferrothorn|279\/352 brn|[from] brn
|turn|7
|
|switch|p2a: Charizard|Charizard, M|327\/327
|move|p1a: Heatran|Stealth Rock|p2a: Charizard
|-sidestart|p2: Pheonixmaster|move: Stealth Rock
|
|-heal|p1a: Heatran|356\/380|[from] item: Leftovers
|-damage|p1a: Heatran|309\/380|[from] Leech Seed|[of] p2a: Charizard
|turn|8
|
|detailschange|p2a: Charizard|Charizard-Mega-X, M
|message|Charizard has Mega Evolved into Mega Charizard!
|move|p2a: Charizard|Earthquake|p1a: Heatran
|-supereffective|p1a: Heatran
|-damage|p1a: Heatran|0 fnt
|faint|p1a: Heatran
|
|
|switch|p1a: Talonflame|Talonflame, F, shiny|351\/351
|turn|9
|
|switch|p2a: Mienshao|Mienshao, M|269\/269
|-damage|p2a: Mienshao|253\/269|[from] Stealth Rock
|move|p1a: Talonflame|Will-O-Wisp|p2a: Mienshao|[miss]
|-miss|p1a: Talonflame|p2a: Mienshao
|
|turn|10
|
|move|p2a: Mienshao|Fake Out|p1a: Talonflame
|-damage|p1a: Talonflame|289\/351
|-damage|p2a: Mienshao|227\/269|[from] item: Life Orb
|cant|p1a: Talonflame|flinch
|
|-heal|p1a: Talonflame|310\/351|[from] item: Leftovers
|turn|11
|
|move|p2a: Mienshao|U-turn|p1a: Talonflame
|-resisted|p1a: Talonflame
|-damage|p1a: Talonflame|283\/351
|-damage|p2a: Mienshao|201\/269|[from] item: Life Orb
|
|switch|p2a: Latios|Latios, M|309\/309
|-damage|p2a: Latios|271\/309|[from] Stealth Rock
|move|p1a: Talonflame|Swords Dance|p1a: Talonflame
|-boost|p1a: Talonflame|atk|2
|
|-heal|p1a: Talonflame|304\/351|[from] item: Leftovers
|turn|12
|
|move|p1a: Talonflame|Brave Bird|p2a: Latios
|-damage|p2a: Latios|0 fnt
|-damage|p1a: Talonflame|215\/351|[from] recoil|[of] p2a: Latios
|faint|p2a: Latios
|
|-heal|p1a: Talonflame|236\/351|[from] item: Leftovers
|
|switch|p2a: Raikou|Raikou|321\/321
|-damage|p2a: Raikou|281\/321|[from] Stealth Rock
|-ability|p2a: Raikou|Pressure
|turn|13
|
|move|p1a: Talonflame|Roost|p1a: Talonflame
|-heal|p1a: Talonflame|351\/351
|move|p2a: Raikou|Volt Switch|p1a: Talonflame
|-damage|p1a: Talonflame|116\/351
|
|switch|p2a: Landorus-Therian|Landorus-Therian, M|325\/325
|-damage|p2a: Landorus-Therian|285\/325|[from] Stealth Rock
|-ability|p2a: Landorus-Therian|Intimidate|[of] p1a: Talonflame
|-unboost|p1a: Talonflame|atk|1
|
|-heal|p1a: Talonflame|137\/351|[from] item: Leftovers
|turn|14
|
|move|p1a: Talonflame|Brave Bird|p2a: Landorus-Therian
|-damage|p2a: Landorus-Therian|35\/325
|-damage|p1a: Talonflame|54\/351|[from] recoil|[of] p2a: Landorus-Therian
|move|p2a: Landorus-Therian|Stone Edge|p1a: Talonflame
|-supereffective|p1a: Talonflame
|-damage|p1a: Talonflame|0 fnt
|faint|p1a: Talonflame
|
|
|switch|p1a: Ferrothorn|Ferrothorn, F|352\/352
|turn|15
|
|switch|p2a: Ferrothorn|Ferrothorn, F|279\/352 brn
|-damage|p2a: Ferrothorn|257\/352 brn|[from] Stealth Rock
|move|p1a: Ferrothorn|Spikes|p2a: Ferrothorn
|-sidestart|p2: Pheonixmaster|Spikes
|
|-heal|p2a: Ferrothorn|279\/352 brn|[from] item: Leftovers
|-damage|p2a: Ferrothorn|235\/352 brn|[from] brn
|turn|16
|
|move|p1a: Ferrothorn|Spikes|p2a: Ferrothorn
|-sidestart|p2: Pheonixmaster|Spikes
|move|p2a: Ferrothorn|Stealth Rock|p1a: Ferrothorn
|-sidestart|p1: Giggling Grannie|move: Stealth Rock
|
|-heal|p2a: Ferrothorn|257\/352 brn|[from] item: Leftovers
|-damage|p2a: Ferrothorn|213\/352 brn|[from] brn
|turn|17
|
|switch|p2a: Mienshao|Mienshao, M|269\/269
|-damage|p2a: Mienshao|253\/269|[from] Stealth Rock
|-damage|p2a: Mienshao|209\/269|[from] Spikes
|move|p1a: Ferrothorn|Leech Seed|p2a: Mienshao
|-start|p2a: Mienshao|move: Leech Seed
|
|-damage|p2a: Mienshao|176\/269|[from] Leech Seed|[of] p1a: Ferrothorn
|turn|18
|
|move|p1a: Ferrothorn|Protect|p1a: Ferrothorn
|-singleturn|p1a: Ferrothorn|Protect
|move|p2a: Mienshao|High Jump Kick|p1a: Ferrothorn
|-activate|p1a: Ferrothorn|Protect
|-damage|p2a: Mienshao|42\/269|[from] highjumpkick
|
|-damage|p2a: Mienshao|9\/269|[from] Leech Seed|[of] p1a: Ferrothorn
|turn|19
|
|switch|p1a: Heracross|Heracross, F, shiny|324\/324
|-damage|p1a: Heracross|284\/324|[from] Stealth Rock
|move|p2a: Mienshao|High Jump Kick|p1a: Heracross
|-resisted|p1a: Heracross
|-damage|p1a: Heracross|84\/324
|-damage|p2a: Mienshao|0 fnt|[from] item: Life Orb
|faint|p2a: Mienshao
|
|
|switch|p2a: Raikou|Raikou|281\/321
|-damage|p2a: Raikou|228\/321|[from] Spikes
|-damage|p2a: Raikou|188\/321|[from] Stealth Rock
|-ability|p2a: Raikou|Pressure
|turn|20
|
|detailschange|p1a: Heracross|Heracross-Mega, F, shiny
|message|Heracross has Mega Evolved into Mega Heracross!
|move|p2a: Raikou|Shadow Ball|p1a: Heracross
|-damage|p1a: Heracross|0 fnt
|faint|p1a: Heracross
|
|
|switch|p1a: Ferrothorn|Ferrothorn, F|352\/352
|-damage|p1a: Ferrothorn|330\/352|[from] Stealth Rock
|turn|21
|
|switch|p2a: Landorus-Therian|Landorus-Therian, M|35\/325
|-damage|p2a: Landorus-Therian|0 fnt|[from] Stealth Rock
|faint|p2a: Landorus-Therian
|move|p1a: Ferrothorn|Gyro Ball|p2: Landorus-Therian|[notarget]
|-notarget
|
|-heal|p1a: Ferrothorn|352\/352|[from] item: Leftovers
|
|switch|p2a: Charizard|Charizard-Mega-X, M|327\/327
|-damage|p2a: Charizard|273\/327|[from] Spikes
|-damage|p2a: Charizard|192\/327|[from] Stealth Rock
|turn|22
|
|move|p2a: Charizard|Dragon Dance|p2a: Charizard
|-boost|p2a: Charizard|atk|1
|-boost|p2a: Charizard|spe|1
|move|p1a: Ferrothorn|Leech Seed|p2a: Charizard
|-start|p2a: Charizard|move: Leech Seed
|
|-damage|p2a: Charizard|152\/327|[from] Leech Seed|[of] p1a: Ferrothorn
|turn|23
|
|switch|p1a: Suicune|Suicune|404\/404 slp
|-damage|p1a: Suicune|354\/404 slp|[from] Stealth Rock
|-ability|p1a: Suicune|Pressure
|move|p2a: Charizard|Roost|p2a: Charizard
|-heal|p2a: Charizard|316\/327
|
|-heal|p1a: Suicune|379\/404 slp|[from] item: Leftovers
|-damage|p2a: Charizard|276\/327|[from] Leech Seed|[of] p1a: Suicune
|-heal|p1a: Suicune|404\/404 slp|[silent]
|turn|24
|
|move|p2a: Charizard|Dragon Claw|p1a: Suicune
|-damage|p1a: Suicune|221\/404 slp
|cant|p1a: Suicune|slp
|move|p1a: Suicune|Sleep Talk|p1a: Suicune
|move|p1a: Suicune|Rest|p1a: Suicune|[from]Sleep Talk
|-fail|p1a: Suicune
|
|-heal|p1a: Suicune|246\/404 slp|[from] item: Leftovers
|-damage|p2a: Charizard|236\/327|[from] Leech Seed|[of] p1a: Suicune
|-heal|p1a: Suicune|286\/404 slp|[silent]
|turn|25
|
|move|p2a: Charizard|Dragon Claw|p1a: Suicune
|-damage|p1a: Suicune|103\/404 slp
|cant|p1a: Suicune|slp
|move|p1a: Suicune|Sleep Talk|p1a: Suicune
|move|p1a: Suicune|Scald|p2a: Charizard|[from]Sleep Talk
|-damage|p2a: Charizard|140\/327
|
|-heal|p1a: Suicune|128\/404 slp|[from] item: Leftovers
|-damage|p2a: Charizard|100\/327|[from] Leech Seed|[of] p1a: Suicune
|-heal|p1a: Suicune|168\/404 slp|[silent]
|turn|26
|
|move|p2a: Charizard|Dragon Claw|p1a: Suicune
|-damage|p1a: Suicune|0 fnt
|faint|p1a: Suicune
|
|
|switch|p1a: Ferrothorn|Ferrothorn, F|352\/352
|-damage|p1a: Ferrothorn|330\/352|[from] Stealth Rock
|turn|27
|
|move|p2a: Charizard|Roost|p2a: Charizard
|-heal|p2a: Charizard|264\/327
|move|p1a: Ferrothorn|Gyro Ball|p2a: Charizard
|-crit|p2a: Charizard
|-resisted|p2a: Charizard
|-damage|p2a: Charizard|143\/327
|
|-heal|p1a: Ferrothorn|352\/352|[from] item: Leftovers
|-damage|p2a: Charizard|103\/327|[from] Leech Seed|[of] p1a: Ferrothorn
|turn|28
|
|move|p2a: Charizard|Roost|p2a: Charizard
|-heal|p2a: Charizard|267\/327
|move|p1a: Ferrothorn|Gyro Ball|p2a: Charizard
|-resisted|p2a: Charizard
|-damage|p2a: Charizard|189\/327
|
|-damage|p2a: Charizard|149\/327|[from] Leech Seed|[of] p1a: Ferrothorn
|turn|29
|c|★Giggling Grannie|gg
|-message|Giggling Grannie forfeited.
|
|win|Pheonixmaster
|raw|Ladder updating...
|leave|Giggling Grannie
|player|p1
|c|★Pheonixmaster|gg
|raw|Giggling Grannie's rating: 1911 &rarr; <strong>1889<\/strong><br \/>(-22 for losing)
|raw|Pheonixmaster's rating: 1875 &rarr; <strong>1897<\/strong><br \/>(+22 for winning)