|join|Giggling Grannie
|join|elmagous1526
|player|p1|Giggling Grannie|169
|player|p2|elmagous1526|290
|gametype|singles
|gen|6
|tier|OU
|rated
|clearpoke
|poke|p1|Gliscor, F
|poke|p1|Talonflame, M
|poke|p1|Gardevoir, M
|poke|p1|Ferrothorn, M
|poke|p1|Starmie, shiny
|poke|p1|Diggersby, F
|poke|p2|Scolipede, M
|poke|p2|Gyarados, F
|poke|p2|Gengar, M
|poke|p2|Weavile, F
|poke|p2|Arcanine, F, shiny
|poke|p2|Salamence, M
|rule|Swagger Clause: Swagger is banned
|rule|Baton Pass Clause: Limit one Pokémon knowing Baton Pass
|rule|Sleep Clause Mod: Limit one foe put to sleep
|rule|Species Clause: Limit one of each Pokémon
|rule|OHKO Clause: OHKO moves are banned
|rule|Moody Clause: Moody is banned
|rule|Evasion Moves Clause: Evasion moves are banned
|rule|Endless Battle Clause: Forcing endless battles is banned
|rule|HP Percentage Mod: HP is shown in percentages
|teampreview
|
|start
|switch|p1a: Talonflame|Talonflame, M|351\/351
|switch|p2a: Scolipede|Scolipede, M|282\/282
|turn|1
|
|move|p2a: Scolipede|Protect|p2a: Scolipede
|-singleturn|p2a: Scolipede|Protect
|move|p1a: Talonflame|Bulk Up|p1a: Talonflame
|-boost|p1a: Talonflame|atk|1
|-boost|p1a: Talonflame|def|1
|
|-boost|p2a: Scolipede|spe|1|[from] ability: Speed Boost
|turn|2
|
|move|p1a: Talonflame|Brave Bird|p2a: Scolipede
|-supereffective|p2a: Scolipede
|-damage|p2a: Scolipede|0 fnt
|-damage|p1a: Talonflame|258\/351|[from] recoil|[of] p2a: Scolipede
|faint|p2a: Scolipede
|
|-heal|p1a: Talonflame|279\/351|[from] item: Leftovers
|
|switch|p2a: Gyarados|Gyarados, F|352\/352
|turn|3
|
|move|p1a: Talonflame|Will-O-Wisp|p2a: Gyarados|[miss]
|-miss|p1a: Talonflame|p2a: Gyarados
|move|p2a: Gyarados|Waterfall|p1a: Talonflame
|-supereffective|p1a: Talonflame
|-damage|p1a: Talonflame|61\/351
|
|-heal|p1a: Talonflame|82\/351|[from] item: Leftovers
|turn|4
|
|switch|p1a: Ferrothorn|Ferrothorn, M|352\/352
|move|p2a: Gyarados|Waterfall|p1a: Ferrothorn
|-resisted|p1a: Ferrothorn
|-damage|p1a: Ferrothorn|314\/352
|-damage|p2a: Gyarados|308\/352|[from] ability: Iron Barbs|[of] p1a: Ferrothorn
|
|-heal|p1a: Ferrothorn|336\/352|[from] item: Leftovers
|turn|5
|
|detailschange|p2a: Gyarados|Gyarados-Mega, F
|-mega|p2a: Gyarados|Gyarados|Gyaradosite
|-ability|p2a: Gyarados|Mold Breaker
|move|p2a: Gyarados|Dragon Dance|p2a: Gyarados
|-boost|p2a: Gyarados|atk|1
|-boost|p2a: Gyarados|spe|1
|move|p1a: Ferrothorn|Stealth Rock|p2a: Gyarados
|-sidestart|p2: elmagous1526|move: Stealth Rock
|
|-heal|p1a: Ferrothorn|352\/352|[from] item: Leftovers
|turn|6
|
|move|p2a: Gyarados|Dragon Dance|p2a: Gyarados
|-boost|p2a: Gyarados|atk|1
|-boost|p2a: Gyarados|spe|1
|move|p1a: Ferrothorn|Power Whip|p2a: Gyarados
|-supereffective|p2a: Gyarados
|-damage|p2a: Gyarados|92\/352
|
|turn|7
|
|move|p2a: Gyarados|Crunch|p1a: Ferrothorn
|-damage|p1a: Ferrothorn|168\/352
|-damage|p2a: Gyarados|48\/352|[from] ability: Iron Barbs|[of] p1a: Ferrothorn
|move|p1a: Ferrothorn|Power Whip|p2a: Gyarados
|-supereffective|p2a: Gyarados
|-damage|p2a: Gyarados|0 fnt
|faint|p2a: Gyarados
|
|-heal|p1a: Ferrothorn|190\/352|[from] item: Leftovers
|
|switch|p2a: Salamence|Salamence, M|332\/332
|-damage|p2a: Salamence|249\/332|[from] Stealth Rock
|turn|8
|
|switch|p1a: Diggersby|Diggersby, F|320\/320
|move|p2a: Salamence|Dragon Dance|p2a: Salamence
|-boost|p2a: Salamence|atk|1
|-boost|p2a: Salamence|spe|1
|
|turn|9
|
|move|p2a: Salamence|Dragon Claw|p1a: Diggersby
|-damage|p1a: Diggersby|0 fnt
|-damage|p2a: Salamence|216\/332|[from] item: Life Orb
|faint|p1a: Diggersby
|-boost|p2a: Salamence|atk|1|[from] ability: Moxie
|
|
|switch|p1a: Gliscor|Gliscor, F|354\/354
|turn|10
|
|move|p2a: Salamence|Dragon Claw|p1a: Gliscor
|-damage|p1a: Gliscor|108\/354
|-damage|p2a: Salamence|183\/332|[from] item: Life Orb
|move|p1a: Gliscor|Toxic|p2a: Salamence
|-status|p2a: Salamence|tox
|
|-damage|p2a: Salamence|163\/332 tox|[from] psn
|-status|p1a: Gliscor|tox|[from] item: Toxic Orb
|turn|11
|
|move|p1a: Gliscor|Protect|p1a: Gliscor
|-singleturn|p1a: Gliscor|Protect
|move|p2a: Salamence|Dragon Dance|p2a: Salamence
|-boost|p2a: Salamence|atk|1
|-boost|p2a: Salamence|spe|1
|
|-damage|p2a: Salamence|123\/332 tox|[from] psn
|-heal|p1a: Gliscor|152\/354 tox|[from] ability: Poison Heal
|turn|12
|
|switch|p1a: Gardevoir|Gardevoir, M|311\/311
|-ability|p1a: Gardevoir|Moxie|[from] ability: Trace|[of] p2a: Salamence
|move|p2a: Salamence|Dragon Claw|p1a: Gardevoir
|-immune|p1a: Gardevoir|[msg]
|
|-damage|p2a: Salamence|63\/332 tox|[from] psn
|turn|13
|
|switch|p1a: Gliscor|Gliscor, F|152\/354 tox
|move|p2a: Salamence|Iron Tail|p1a: Gliscor|[miss]
|-miss|p2a: Salamence|p1a: Gliscor
|
|-damage|p2a: Salamence|0 fnt|[from] psn
|-heal|p1a: Gliscor|196\/354 tox|[from] ability: Poison Heal
|faint|p2a: Salamence
|
|switch|p2a: Weavile|Weavile, F|281\/281
|-damage|p2a: Weavile|211\/281|[from] Stealth Rock
|-ability|p2a: Weavile|Pressure
|turn|14
|
|move|p2a: Weavile|Ice Shard|p1a: Gliscor
|-supereffective|p1a: Gliscor
|-damage|p1a: Gliscor|0 fnt
|-damage|p2a: Weavile|183\/281|[from] item: Life Orb
|faint|p1a: Gliscor
|
|
|switch|p1a: Gardevoir|Gardevoir, M|311\/311
|-ability|p1a: Gardevoir|Pressure|[from] ability: Trace|[of] p2a: Weavile
|-ability|p1a: Gardevoir|Pressure
|turn|15
|
|detailschange|p1a: Gardevoir|Gardevoir-Mega, M
|-mega|p1a: Gardevoir|Gardevoir|Gardevoirite
|move|p2a: Weavile|Ice Punch|p1a: Gardevoir
|-damage|p1a: Gardevoir|89\/311
|-status|p1a: Gardevoir|frz
|-damage|p2a: Weavile|155\/281|[from] item: Life Orb
|cant|p1a: Gardevoir|frz
|
|turn|16
|
|move|p2a: Weavile|Ice Punch|p1a: Gardevoir
|-damage|p1a: Gardevoir|0 fnt
|-damage|p2a: Weavile|127\/281|[from] item: Life Orb
|faint|p1a: Gardevoir
|
|
|switch|p1a: Ferrothorn|Ferrothorn, M|190\/352
|turn|17
|
|move|p2a: Weavile|Low Kick|p1a: Ferrothorn
|-supereffective|p1a: Ferrothorn
|-damage|p1a: Ferrothorn|0 fnt
|-damage|p2a: Weavile|92\/281|[from] ability: Iron Barbs|[of] p1a: Ferrothorn
|-damage|p2a: Weavile|64\/281|[from] item: Life Orb
|faint|p1a: Ferrothorn
|
|
|switch|p1a: Talonflame|Talonflame, M|82\/351
|turn|18
|
|switch|p1a: Starmie|Starmie, shiny|324\/324
|move|p2a: Weavile|Ice Shard|p1a: Starmie
|-resisted|p1a: Starmie
|-damage|p1a: Starmie|277\/324
|-damage|p2a: Weavile|36\/281|[from] item: Life Orb
|
|-heal|p1a: Starmie|297\/324|[from] item: Leftovers
|turn|19
|
|move|p2a: Weavile|Pursuit|p1a: Starmie
|-supereffective|p1a: Starmie
|-damage|p1a: Starmie|110\/324
|-damage|p2a: Weavile|8\/281|[from] item: Life Orb
|move|p1a: Starmie|Scald|p2a: Weavile
|-damage|p2a: Weavile|0 fnt
|faint|p2a: Weavile
|
|-heal|p1a: Starmie|130\/324|[from] item: Leftovers
|
|switch|p2a: Gengar|Gengar, M|262\/262
|-damage|p2a: Gengar|230\/262|[from] Stealth Rock
|turn|20
|
|move|p1a: Starmie|Psyshock|p2a: Gengar
|-supereffective|p2a: Gengar
|-damage|p2a: Gengar|0 fnt
|faint|p2a: Gengar
|
|-heal|p1a: Starmie|150\/324|[from] item: Leftovers
|
|switch|p2a: Arcanine|Arcanine, F, shiny|342\/342
|-damage|p2a: Arcanine|257\/342|[from] Stealth Rock
|-ability|p2a: Arcanine|Intimidate|[of] p1a: Starmie
|-unboost|p1a: Starmie|atk|1
|turn|21
|
|move|p2a: Arcanine|Extreme Speed|p1a: Starmie
|-damage|p1a: Starmie|66\/324
|move|p1a: Starmie|Recover|p1a: Starmie
|-heal|p1a: Starmie|228\/324
|
|-heal|p1a: Starmie|248\/324|[from] item: Leftovers
|-heal|p2a: Arcanine|278\/342|[from] item: Leftovers
|turn|22
|
|move|p2a: Arcanine|Extreme Speed|p1a: Starmie
|-crit|p1a: Starmie
|-damage|p1a: Starmie|119\/324
|move|p1a: Starmie|Scald|p2a: Arcanine
|-supereffective|p2a: Arcanine
|-damage|p2a: Arcanine|60\/342
|
|-heal|p1a: Starmie|139\/324|[from] item: Leftovers
|-heal|p2a: Arcanine|81\/342|[from] item: Leftovers
|turn|23
|
|move|p2a: Arcanine|Extreme Speed|p1a: Starmie
|-damage|p1a: Starmie|63\/324
|move|p1a: Starmie|Scald|p2a: Arcanine
|-crit|p2a: Arcanine
|-supereffective|p2a: Arcanine
|-damage|p2a: Arcanine|0 fnt
|faint|p2a: Arcanine
|
|win|Giggling Grannie
|raw|Ladder updating...
|raw|Giggling Grannie's rating: 1136 &rarr; <strong>1159<\/strong><br \/>(+23 for winning)
|raw|elmagous1526's rating: 1108 &rarr; <strong>1085<\/strong><br \/>(-23 for losing)