|join|Giggling Grannie
|join|Mega Magic Bounce
|player|p1|Giggling Grannie|121
|player|p2|Mega Magic Bounce|66
|gametype|singles
|gen|6
|tier|OU
|rated
|clearpoke
|poke|p1|Tyranitar, F
|poke|p1|Venusaur, M
|poke|p1|Manaphy
|poke|p1|Terrakion
|poke|p1|Zoroark, F, shiny
|poke|p1|Skarmory, M
|poke|p2|Serperior, F
|poke|p2|Metagross
|poke|p2|Heatran, F
|poke|p2|Clefable, F
|poke|p2|Gastrodon, F
|poke|p2|Talonflame, F
|rule|Swagger Clause: Swagger is banned
|rule|Baton Pass Clause: Limit one Pokémon knowing Baton Pass
|rule|Sleep Clause Mod: Limit one foe put to sleep
|rule|Species Clause: Limit one of each Pokémon
|rule|OHKO Clause: OHKO moves are banned
|rule|Moody Clause: Moody is banned
|rule|Evasion Moves Clause: Evasion moves are banned
|rule|Endless Battle Clause: Forcing endless battles is banned
|rule|HP Percentage Mod: HP is shown in percentages
|teampreview
|
|start
|switch|p1a: Manaphy|Manaphy|404\/404
|switch|p2a: Clefable|Clefable, F|394\/394
|turn|1
|join|NANOlp643741
|c| NANOlp643741|hi
|leave|NANOlp643741
|
|switch|p1a: Venusaur|Venusaur, M|360\/360
|move|p2a: Clefable|Stealth Rock|p1a: Venusaur
|-sidestart|p1: Giggling Grannie|move: Stealth Rock
|
|turn|2
|
|switch|p2a: Metagross|Metagross|301\/301
|detailschange|p1a: Venusaur|Venusaur-Mega, M
|-mega|p1a: Venusaur|Venusaur|Venusaurite
|move|p1a: Venusaur|Sleep Powder|p2a: Metagross
|-status|p2a: Metagross|slp
|
|turn|3
|
|switch|p1a: Skarmory|Skarmory, M|334\/334
|-damage|p1a: Skarmory|293\/334|[from] Stealth Rock
|detailschange|p2a: Metagross|Metagross-Mega
|-mega|p2a: Metagross|Metagross|Metagrossite
|cant|p2a: Metagross|slp
|
|turn|4
|
|switch|p2a: Talonflame|Talonflame, F|297\/297
|move|p1a: Skarmory|Defog|p2a: Talonflame
|-unboost|p2a: Talonflame|evasion|1
|-sideend|p1: Giggling Grannie|Stealth Rock|[from] move: Defog|[of] p1a: Skarmory
|
|turn|5
|
|move|p2a: Talonflame|Swords Dance|p2a: Talonflame
|-boost|p2a: Talonflame|atk|2
|move|p1a: Skarmory|Spikes|p2a: Talonflame
|-sidestart|p2: Mega Magic Bounce|Spikes
|
|turn|6
|
|move|p2a: Talonflame|Flare Blitz|p1a: Skarmory
|-crit|p1a: Skarmory
|-supereffective|p1a: Skarmory
|-damage|p1a: Skarmory|0 fnt
|-damage|p2a: Talonflame|248\/297|[from] item: Rocky Helmet|[of] p1a: Skarmory
|-damage|p2a: Talonflame|151\/297|[from] recoil|[of] p1a: Skarmory
|faint|p1a: Skarmory
|
|
|switch|p1a: Tyranitar|Tyranitar, F|404\/404
|-weather|Sandstorm
|turn|7
|
|move|p2a: Talonflame|Natural Gift|p1a: Tyranitar
|-supereffective|p1a: Tyranitar
|-damage|p1a: Tyranitar|24\/404
|move|p1a: Tyranitar|Pursuit|p2a: Talonflame
|-damage|p2a: Talonflame|61\/297
|
|-weather|Sandstorm|[upkeep]
|-damage|p2a: Talonflame|43\/297|[from] sandstorm
|turn|8
|
|move|p2a: Talonflame|Brave Bird|p1a: Tyranitar
|-resisted|p1a: Tyranitar
|-damage|p1a: Tyranitar|0 fnt
|-damage|p2a: Talonflame|35\/297|[from] recoil|[of] p1a: Tyranitar
|faint|p1a: Tyranitar
|
|-weather|Sandstorm|[upkeep]
|-damage|p2a: Talonflame|17\/297|[from] sandstorm
|-message|Giggling Grannie forfeited.
|
|win|Mega Magic Bounce
|raw|Ladder updating...
|leave|Giggling Grannie
|player|p1
|raw|Giggling Grannie's rating: 1640 &rarr; <strong>1618<\/strong><br \/>(-22 for losing)
|raw|Mega Magic Bounce's rating: 1609 &rarr; <strong>1631<\/strong><br \/>(+22 for winning)