|join|Linck129
|join|im telegend
|player|p1|Linck129|1
|player|p2|im telegend|168
|gametype|singles
|gen|6
|tier|OU
|rated
|clearpoke
|poke|p1|Tyranitar, M
|poke|p1|Slowbro, M
|poke|p1|Charizard, M
|poke|p1|Amoonguss, M
|poke|p1|Excadrill, F
|poke|p1|Clefable, F
|poke|p2|Mew
|poke|p2|Infernape, M
|poke|p2|Gardevoir, F
|poke|p2|Garchomp, M
|poke|p2|Raikou
|poke|p2|Latios, M
|rule|Swagger Clause: Swagger is banned
|rule|Baton Pass Clause: Limit one Pokémon knowing Baton Pass
|rule|Sleep Clause Mod: Limit one foe put to sleep
|rule|Species Clause: Limit one of each Pokémon
|rule|OHKO Clause: OHKO moves are banned
|rule|Moody Clause: Moody is banned
|rule|Evasion Moves Clause: Evasion moves are banned
|rule|Endless Battle Clause: Forcing endless battles is banned
|rule|HP Percentage Mod: HP is shown in percentages
|teampreview
|join|lil manaphy
|join|uCan'tSeeMe
|join|Leiane
|join|escavalier
|
|start
|switch|p1a: Tyranitar|Tyranitar, M|404\/404
|switch|p2a: Infernape|Infernape, M|293\/293
|-weather|Sandstorm
|turn|1
|join|Paul Gilbert
|join|Aloha
|
|switch|p1a: Charizard|Charizard, M|359\/359
|move|p2a: Infernape|Stealth Rock|p1a: Charizard
|-sidestart|p1: Linck129|move: Stealth Rock
|
|-weather|Sandstorm|[upkeep]
|-damage|p2a: Infernape|275\/293|[from] sandstorm
|-damage|p1a: Charizard|337\/359|[from] sandstorm
|turn|2
|
|detailschange|p1a: Charizard|Charizard-Mega-X, M
|message|Charizard has Mega Evolved into Mega Charizard!
|move|p2a: Infernape|Close Combat|p1a: Charizard
|-crit|p1a: Charizard
|-damage|p1a: Charizard|75\/359
|-unboost|p2a: Infernape|def|1
|-unboost|p2a: Infernape|spd|1
|move|p1a: Charizard|Dragon Dance|p1a: Charizard
|-boost|p1a: Charizard|atk|1
|-boost|p1a: Charizard|spe|1
|
|-weather|Sandstorm|[upkeep]
|-damage|p1a: Charizard|53\/359|[from] sandstorm
|-damage|p2a: Infernape|257\/293|[from] sandstorm
|turn|3
|c|★Linck129|nice
|
|move|p1a: Charizard|Roost|p1a: Charizard
|-heal|p1a: Charizard|233\/359
|move|p2a: Infernape|Close Combat|p1a: Charizard
|-damage|p1a: Charizard|62\/359
|-unboost|p2a: Infernape|def|1
|-unboost|p2a: Infernape|spd|1
|
|-weather|Sandstorm|[upkeep]
|-damage|p1a: Charizard|40\/359|[from] sandstorm
|-damage|p2a: Infernape|239\/293|[from] sandstorm
|turn|4
|
|move|p1a: Charizard|Dragon Claw|p2a: Infernape
|-damage|p2a: Infernape|0 fnt
|faint|p2a: Infernape
|
|-weather|Sandstorm|[upkeep]
|-damage|p1a: Charizard|18\/359|[from] sandstorm
|
|switch|p2a: Garchomp|Garchomp, M|357\/357
|turn|5
|
|move|p2a: Garchomp|Dragon Claw|p1a: Charizard
|-supereffective|p1a: Charizard
|-damage|p1a: Charizard|0 fnt
|faint|p1a: Charizard
|
|-weather|none
|
|switch|p1a: Excadrill|Excadrill, F|362\/362
|-damage|p1a: Excadrill|351\/362|[from] Stealth Rock
|turn|6
|join|Cienight
|
|switch|p2a: Mew|Mew|401\/401
|move|p1a: Excadrill|Rapid Spin|p2a: Mew
|-damage|p2a: Mew|376\/401
|-sideend|p1: Linck129|Stealth Rock|[from] move: Rapid Spin|[of] p1a: Excadrill
|
|-heal|p2a: Mew|401\/401|[from] item: Leftovers
|turn|7
|c|★im telegend|is there any particular reason now
|c|★im telegend|that doesnt let me win this with mew
|
|switch|p1a: Amoonguss|Amoonguss, M|417\/417
|move|p2a: Mew|Will-O-Wisp|p1a: Amoonguss
|-status|p1a: Amoonguss|brn
|
|-damage|p1a: Amoonguss|365\/417 brn|[from] brn
|turn|8
|c| escavalier|clefable
|
|move|p2a: Mew|Taunt|p1a: Amoonguss
|-start|p1a: Amoonguss|move: Taunt
|move|p1a: Amoonguss|Sludge Bomb|p2a: Mew
|-damage|p2a: Mew|316\/401
|
|-heal|p2a: Mew|341\/401|[from] item: Leftovers
|-heal|p1a: Amoonguss|391\/417 brn|[from] item: Black Sludge
|-damage|p1a: Amoonguss|339\/417 brn|[from] brn
|turn|9
|
|move|p2a: Mew|Knock Off|p1a: Amoonguss
|-crit|p1a: Amoonguss
|-damage|p1a: Amoonguss|190\/417 brn
|-enditem|p1a: Amoonguss|Black Sludge|[from] move: Knock Off|[of] p2a: Mew
|move|p1a: Amoonguss|Sludge Bomb|p2a: Mew
|-damage|p2a: Mew|251\/401
|
|-heal|p2a: Mew|276\/401|[from] item: Leftovers
|-damage|p1a: Amoonguss|138\/417 brn|[from] brn
|turn|10
|c|★Linck129|lol
|
|switch|p2a: Gardevoir|Gardevoir, F|277\/277
|switch|p1a: Tyranitar|Tyranitar, M|404\/404
|-weather|Sandstorm
|
|-weather|Sandstorm|[upkeep]
|-damage|p2a: Gardevoir|260\/277|[from] sandstorm
|turn|11
|join|Omegasization
|
|detailschange|p2a: Gardevoir|Gardevoir-Mega, F
|message|Gardevoir has Mega Evolved into Mega Gardevoir!
|move|p2a: Gardevoir|Focus Blast|p1a: Tyranitar
|-supereffective|p1a: Tyranitar
|-damage|p1a: Tyranitar|4\/404
|move|p1a: Tyranitar|Stone Edge|p2a: Gardevoir
|-crit|p2a: Gardevoir
|-damage|p2a: Gardevoir|0 fnt
|faint|p2a: Gardevoir
|
|-weather|Sandstorm|[upkeep]
|-heal|p1a: Tyranitar|29\/404|[from] item: Leftovers
|c| Aloha|lol
|
|switch|p2a: Raikou|Raikou|321\/321
|-ability|p2a: Raikou|Pressure
|turn|12
|
|switch|p1a: Excadrill|Excadrill, F|351\/362
|move|p2a: Raikou|Hidden Power|p1a: Excadrill
|-damage|p1a: Excadrill|289\/362
|
|-weather|Sandstorm|[upkeep]
|-damage|p2a: Raikou|301\/321|[from] sandstorm
|turn|13
|
|switch|p2a: Latios|Latios, M|301\/301
|move|p1a: Excadrill|Iron Head|p2a: Latios
|-damage|p2a: Latios|112\/301
|
|-weather|Sandstorm|[upkeep]
|-damage|p2a: Latios|94\/301|[from] sandstorm
|turn|14
|
|switch|p2a: Garchomp|Garchomp, M|357\/357
|move|p1a: Excadrill|Iron Head|p2a: Garchomp
|-damage|p2a: Garchomp|197\/357
|-damage|p1a: Excadrill|244\/362|[from] ability: Rough Skin|[of] p2a: Garchomp
|
|-weather|none
|turn|15
|leave|Omegasization
|
|switch|p2a: Mew|Mew|276\/401
|switch|p1a: Slowbro|Slowbro, M|393\/393
|
|-heal|p2a: Mew|301\/401|[from] item: Leftovers
|turn|16
|join|Divixthia
|
|move|p2a: Mew|Taunt|p1a: Slowbro
|-start|p1a: Slowbro|move: Taunt
|cant|p1a: Slowbro|move: Taunt|Thunder Wave
|
|-heal|p2a: Mew|326\/401|[from] item: Leftovers
|turn|17
|leave|Aloha
|
|switch|p1a: Amoonguss|Amoonguss, M|277\/417 brn
|move|p2a: Mew|Knock Off|p1a: Amoonguss
|-damage|p1a: Amoonguss|217\/417 brn
|
|-heal|p2a: Mew|351\/401|[from] item: Leftovers
|-damage|p1a: Amoonguss|165\/417 brn|[from] brn
|turn|18
|
|switch|p2a: Raikou|Raikou|301\/321
|-ability|p2a: Raikou|Pressure
|move|p1a: Amoonguss|Sludge Bomb|p2a: Raikou
|-damage|p2a: Raikou|237\/321
|-status|p2a: Raikou|psn
|
|-damage|p2a: Raikou|197\/321 psn|[from] psn
|-damage|p1a: Amoonguss|113\/417 brn|[from] brn
|turn|19
|
|switch|p1a: Excadrill|Excadrill, F|244\/362
|move|p2a: Raikou|Volt Switch|p1a: Excadrill
|-immune|p1a: Excadrill|[msg]
|
|-damage|p2a: Raikou|157\/321 psn|[from] psn
|turn|20
|
|switch|p2a: Latios|Latios, M|94\/301
|switch|p1a: Tyranitar|Tyranitar, M|29\/404
|-weather|Sandstorm
|
|-weather|Sandstorm|[upkeep]
|-damage|p2a: Latios|76\/301|[from] sandstorm
|-heal|p1a: Tyranitar|54\/404|[from] item: Leftovers
|turn|21
|
|switch|p1a: Excadrill|Excadrill, F|244\/362
|move|p2a: Latios|Psyshock|p1a: Excadrill
|-resisted|p1a: Excadrill
|-damage|p1a: Excadrill|96\/362
|-damage|p2a: Latios|46\/301|[from] item: Life Orb
|
|-weather|Sandstorm|[upkeep]
|-damage|p2a: Latios|28\/301|[from] sandstorm
|turn|22
|
|switch|p2a: Garchomp|Garchomp, M|197\/357
|move|p1a: Excadrill|Iron Head|p2a: Garchomp
|-damage|p2a: Garchomp|17\/357
|-damage|p1a: Excadrill|51\/362|[from] ability: Rough Skin|[of] p2a: Garchomp
|
|-weather|Sandstorm|[upkeep]
|turn|23
|
|switch|p2a: Mew|Mew|351\/401
|move|p1a: Excadrill|Rock Slide|p2a: Mew
|-damage|p2a: Mew|274\/401
|
|-weather|Sandstorm|[upkeep]
|-damage|p2a: Mew|249\/401|[from] sandstorm
|-heal|p2a: Mew|274\/401|[from] item: Leftovers
|turn|24
|
|switch|p1a: Amoonguss|Amoonguss, M|252\/417 brn
|move|p2a: Mew|Knock Off|p1a: Amoonguss
|-damage|p1a: Amoonguss|183\/417 brn
|
|-weather|none
|-heal|p2a: Mew|299\/401|[from] item: Leftovers
|-damage|p1a: Amoonguss|131\/417 brn|[from] brn
|turn|25
|
|switch|p1a: Tyranitar|Tyranitar, M|54\/404
|-weather|Sandstorm
|move|p2a: Mew|Knock Off|p1a: Tyranitar
|-resisted|p1a: Tyranitar
|-damage|p1a: Tyranitar|18\/404
|-enditem|p1a: Tyranitar|Leftovers|[from] move: Knock Off|[of] p2a: Mew
|
|-weather|Sandstorm|[upkeep]
|-damage|p2a: Mew|274\/401|[from] sandstorm
|-heal|p2a: Mew|299\/401|[from] item: Leftovers
|turn|26
|
|move|p2a: Mew|Knock Off|p1a: Tyranitar
|-resisted|p1a: Tyranitar
|-damage|p1a: Tyranitar|0 fnt
|faint|p1a: Tyranitar
|
|-weather|Sandstorm|[upkeep]
|-damage|p2a: Mew|274\/401|[from] sandstorm
|-heal|p2a: Mew|299\/401|[from] item: Leftovers
|
|switch|p1a: Amoonguss|Amoonguss, M|270\/417 brn
|turn|27
|
|move|p2a: Mew|Knock Off|p1a: Amoonguss
|-crit|p1a: Amoonguss
|-damage|p1a: Amoonguss|179\/417 brn
|move|p1a: Amoonguss|Sludge Bomb|p2a: Mew
|-damage|p2a: Mew|206\/401
|-status|p2a: Mew|psn
|
|-weather|Sandstorm|[upkeep]
|-damage|p2a: Mew|181\/401 psn|[from] sandstorm
|-damage|p1a: Amoonguss|153\/417 brn|[from] sandstorm
|-heal|p2a: Mew|206\/401 psn|[from] item: Leftovers
|-damage|p2a: Mew|156\/401 psn|[from] psn
|-damage|p1a: Amoonguss|101\/417 brn|[from] brn
|turn|28
|c|★im telegend|fuck off
|c|★im telegend|garbage
|-message|im telegend forfeited.
|
|win|Linck129
|raw|Ladder updating...
|leave|im telegend
|c| Leiane|lol
|player|p2
|raw|Linck129's rating: 1765 &rarr; <strong>1785<\/strong><br \/>(+20 for winning)
|raw|im telegend's rating: 1754 &rarr; <strong>1735<\/strong><br \/>(-19 for losing)
|c| escavalier|he used 3 sludge bombs
|c| escavalier|lol
|c|★Linck129|lol
|c|★Linck129|-_-
|leave|uCan'tSeeMe
|c|+Paul Gilbert|lol
|c|★Linck129|crit my chari
|leave|Paul Gilbert
|c|★Linck129|what a mess
|leave|escavalier