|join|Linck129
|join|PaypahTowels
|player|p1|Linck129|118
|player|p2|PaypahTowels|265
|gametype|singles
|gen|6
|tier|OU
|rated
|clearpoke
|poke|p1|Pinsir, F
|poke|p1|Magnezone
|poke|p1|Cresselia, F
|poke|p1|Celebi
|poke|p1|Landorus-Therian, M
|poke|p1|Crobat, M
|poke|p2|Skarmory, F
|poke|p2|Landorus-Therian, M
|poke|p2|Rotom-Wash
|poke|p2|Sylveon, F
|poke|p2|Charizard, F
|poke|p2|Bisharp, F
|rule|Swagger Clause: Swagger is banned
|rule|Baton Pass Clause: Limit one Pokémon knowing Baton Pass
|rule|Sleep Clause Mod: Limit one foe put to sleep
|rule|Species Clause: Limit one of each Pokémon
|rule|OHKO Clause: OHKO moves are banned
|rule|Moody Clause: Moody is banned
|rule|Evasion Moves Clause: Evasion moves are banned
|rule|Endless Battle Clause: Forcing endless battles is banned
|rule|HP Percentage Mod: HP is shown in percentages
|teampreview
|
|start
|switch|p1a: Magnezone|Magnezone|282\/282
|switch|p2a: Rotom-Wash|Rotom-Wash|241\/241
|turn|1
|
|move|p2a: Rotom-Wash|Trick|p1a: Magnezone
|-activate|p2a: Rotom-Wash|move: Trick|[of] p1a: Magnezone
|-item|p1a: Magnezone|Choice Scarf|[from] move: Trick
|-item|p2a: Rotom-Wash|Choice Scarf|[from] move: Trick
|move|p1a: Magnezone|Volt Switch|p2a: Rotom-Wash
|-damage|p2a: Rotom-Wash|114\/241
|chat|PaypahTowels|sweet!
|
|switch|p1a: Celebi|Celebi|404\/404
|
|turn|2
|
|switch|p1a: Landorus-Therian|Landorus-Therian, M|320\/320
|-ability|p1a: Landorus-Therian|Intimidate|[of] p2a: Rotom-Wash
|-unboost|p2a: Rotom-Wash|atk|1
|move|p2a: Rotom-Wash|Trick|p1a: Landorus-Therian
|-activate|p2a: Rotom-Wash|move: Trick|[of] p1a: Landorus-Therian
|-item|p1a: Landorus-Therian|Choice Scarf|[from] move: Trick
|-item|p2a: Rotom-Wash|Choice Scarf|[from] move: Trick
|
|turn|3
|chat|PaypahTowels|more!
|
|switch|p2a: Landorus-Therian|Landorus-Therian, M|382\/382
|-ability|p2a: Landorus-Therian|Intimidate|[of] p1a: Landorus-Therian
|-unboost|p1a: Landorus-Therian|atk|1
|switch|p1a: Celebi|Celebi|404\/404
|
|turn|4
|
|switch|p1a: Crobat|Crobat, M|374\/374
|move|p2a: Landorus-Therian|U-turn|p1a: Crobat
|-resisted|p1a: Crobat
|-damage|p1a: Crobat|335\/374
|
|switch|p2a: Rotom-Wash|Rotom-Wash|114\/241
|
|-heal|p1a: Crobat|358\/374|[from] item: Black Sludge
|turn|5
|
|move|p2a: Rotom-Wash|Will-O-Wisp|p1a: Crobat
|-status|p1a: Crobat|brn
|move|p1a: Crobat|Super Fang|p2a: Rotom-Wash|[miss]
|-miss|p1a: Crobat|p2a: Rotom-Wash
|
|-heal|p1a: Crobat|374\/374 brn|[from] item: Black Sludge
|-damage|p1a: Crobat|328\/374 brn|[from] brn
|turn|6
|
|switch|p2a: Sylveon|Sylveon, F|394\/394
|move|p1a: Crobat|Super Fang|p2a: Sylveon
|-damage|p2a: Sylveon|197\/394
|
|-heal|p1a: Crobat|351\/374 brn|[from] item: Black Sludge
|-heal|p2a: Sylveon|221\/394|[from] item: Leftovers
|-damage|p1a: Crobat|305\/374 brn|[from] brn
|turn|7
|
|move|p1a: Crobat|Taunt|p2a: Sylveon
|-start|p2a: Sylveon|move: Taunt
|cant|p2a: Sylveon|move: Taunt|Wish
|
|-heal|p1a: Crobat|328\/374 brn|[from] item: Black Sludge
|-heal|p2a: Sylveon|245\/394|[from] item: Leftovers
|-damage|p1a: Crobat|282\/374 brn|[from] brn
|turn|8
|
|switch|p1a: Magnezone|Magnezone|282\/282
|switch|p2a: Rotom-Wash|Rotom-Wash|114\/241
|
|turn|9
|
|move|p2a: Rotom-Wash|Volt Switch|p1a: Magnezone
|-resisted|p1a: Magnezone
|-damage|p1a: Magnezone|227\/282
|
|switch|p2a: Landorus-Therian|Landorus-Therian, M|382\/382
|-ability|p2a: Landorus-Therian|Intimidate|[of] p1a: Magnezone
|-unboost|p1a: Magnezone|atk|1
|move|p1a: Magnezone|Flash Cannon|p2a: Landorus-Therian
|-damage|p2a: Landorus-Therian|210\/382
|
|turn|10
|
|switch|p1a: Landorus-Therian|Landorus-Therian, M|320\/320
|-ability|p1a: Landorus-Therian|Intimidate|[of] p2a: Landorus-Therian
|-unboost|p2a: Landorus-Therian|atk|1
|move|p2a: Landorus-Therian|Knock Off|p1a: Landorus-Therian
|-damage|p1a: Landorus-Therian|165\/320
|-enditem|p1a: Landorus-Therian|Choice Scarf|[from] move: Knock Off|[of] p2a: Landorus-Therian
|
|turn|11
|
|switch|p2a: Skarmory|Skarmory, F|334\/334
|move|p1a: Landorus-Therian|U-turn|p2a: Skarmory
|-resisted|p2a: Skarmory
|-damage|p2a: Skarmory|320\/334
|
|switch|p1a: Magnezone|Magnezone|227\/282
|
|-heal|p2a: Skarmory|334\/334|[from] item: Leftovers
|turn|12
|
|move|p1a: Magnezone|Thunderbolt|p2a: Skarmory
|-crit|p2a: Skarmory
|-supereffective|p2a: Skarmory
|-activate|p2a: Skarmory|Sturdy
|-damage|p2a: Skarmory|1\/334
|move|p2a: Skarmory|Stealth Rock|p1a: Magnezone
|-sidestart|p1: Linck129|move: Stealth Rock
|
|-heal|p2a: Skarmory|21\/334|[from] item: Leftovers
|turn|13
|
|move|p1a: Magnezone|Thunderbolt|p2a: Skarmory
|-supereffective|p2a: Skarmory
|-damage|p2a: Skarmory|0 fnt
|faint|p2a: Skarmory
|
|
|switch|p2a: Landorus-Therian|Landorus-Therian, M|210\/382
|-ability|p2a: Landorus-Therian|Intimidate|[of] p1a: Magnezone
|-unboost|p1a: Magnezone|atk|1
|turn|14
|
|move|p1a: Magnezone|Thunderbolt|p2a: Landorus-Therian
|-immune|p2a: Landorus-Therian|[msg]
|move|p2a: Landorus-Therian|Stone Edge|p1a: Magnezone|[miss]
|-miss|p2a: Landorus-Therian|p1a: Magnezone
|
|turn|15
|
|switch|p1a: Crobat|Crobat, M|282\/374 brn
|-damage|p1a: Crobat|189\/374 brn|[from] Stealth Rock
|move|p2a: Landorus-Therian|Stone Edge|p1a: Crobat
|-supereffective|p1a: Crobat
|-damage|p1a: Crobat|0 fnt
|faint|p1a: Crobat
|
|
|switch|p1a: Pinsir|Pinsir, F|271\/271
|-damage|p1a: Pinsir|204\/271|[from] Stealth Rock
|turn|16
|
|detailschange|p1a: Pinsir|Pinsir-Mega, F
|message|Pinsir has Mega Evolved into Mega Pinsir!
|move|p1a: Pinsir|Return|p2a: Landorus-Therian
|-damage|p2a: Landorus-Therian|0 fnt
|faint|p2a: Landorus-Therian
|
|
|switch|p2a: Rotom-Wash|Rotom-Wash|114\/241
|turn|17
|
|switch|p1a: Magnezone|Magnezone|227\/282
|-damage|p1a: Magnezone|210\/282|[from] Stealth Rock
|move|p2a: Rotom-Wash|Hydro Pump|p1a: Magnezone|[miss]
|-miss|p2a: Rotom-Wash|p1a: Magnezone
|
|turn|18
|
|move|p2a: Rotom-Wash|Hydro Pump|p1a: Magnezone
|-damage|p1a: Magnezone|12\/282
|move|p1a: Magnezone|Thunderbolt|p2a: Rotom-Wash
|-damage|p2a: Rotom-Wash|0 fnt
|faint|p2a: Rotom-Wash
|
|
|switch|p2a: Sylveon|Sylveon, F|245\/394
|turn|19
|
|move|p1a: Magnezone|Thunderbolt|p2a: Sylveon
|-damage|p2a: Sylveon|145\/394
|move|p2a: Sylveon|Wish|p2a: Sylveon
|
|-heal|p2a: Sylveon|169\/394|[from] item: Leftovers
|turn|20
|
|move|p1a: Magnezone|Thunderbolt|p2a: Sylveon
|-crit|p2a: Sylveon
|-damage|p2a: Sylveon|16\/394
|move|p2a: Sylveon|Calm Mind|p2a: Sylveon
|-boost|p2a: Sylveon|spa|1
|-boost|p2a: Sylveon|spd|1
|
|-heal|p2a: Sylveon|213\/394|[from] move: Wish|[wisher] Sylveon
|-heal|p2a: Sylveon|237\/394|[from] item: Leftovers
|turn|21
|
|switch|p1a: Celebi|Celebi|404\/404
|-damage|p1a: Celebi|354\/404|[from] Stealth Rock
|move|p2a: Sylveon|Hyper Voice|p1a: Celebi
|-damage|p1a: Celebi|149\/404
|
|-heal|p1a: Celebi|174\/404|[from] item: Leftovers
|-heal|p2a: Sylveon|261\/394|[from] item: Leftovers
|turn|22
|
|move|p1a: Celebi|Calm Mind|p1a: Celebi
|-boost|p1a: Celebi|spa|1
|-boost|p1a: Celebi|spd|1
|move|p2a: Sylveon|Wish|p2a: Sylveon
|
|-heal|p1a: Celebi|199\/404|[from] item: Leftovers
|-heal|p2a: Sylveon|285\/394|[from] item: Leftovers
|turn|23
|
|move|p1a: Celebi|Recover|p1a: Celebi
|-heal|p1a: Celebi|401\/404
|move|p2a: Sylveon|Hyper Voice|p1a: Celebi
|-damage|p1a: Celebi|262\/404
|
|-heal|p2a: Sylveon|394\/394|[from] move: Wish|[wisher] Sylveon
|-heal|p1a: Celebi|287\/404|[from] item: Leftovers
|turn|24
|
|move|p1a: Celebi|Calm Mind|p1a: Celebi
|-boost|p1a: Celebi|spa|1
|-boost|p1a: Celebi|spd|1
|move|p2a: Sylveon|Calm Mind|p2a: Sylveon
|-boost|p2a: Sylveon|spa|1
|-boost|p2a: Sylveon|spd|1
|
|-heal|p1a: Celebi|312\/404|[from] item: Leftovers
|turn|25
|
|move|p1a: Celebi|Calm Mind|p1a: Celebi
|-boost|p1a: Celebi|spa|1
|-boost|p1a: Celebi|spd|1
|move|p2a: Sylveon|Calm Mind|p2a: Sylveon
|-boost|p2a: Sylveon|spa|1
|-boost|p2a: Sylveon|spd|1
|
|-heal|p1a: Celebi|337\/404|[from] item: Leftovers
|turn|26
|join|Maomiraeniya
|
|move|p1a: Celebi|Calm Mind|p1a: Celebi
|-boost|p1a: Celebi|spa|1
|-boost|p1a: Celebi|spd|1
|move|p2a: Sylveon|Calm Mind|p2a: Sylveon
|-boost|p2a: Sylveon|spa|1
|-boost|p2a: Sylveon|spd|1
|
|-heal|p1a: Celebi|362\/404|[from] item: Leftovers
|turn|27
|
|move|p1a: Celebi|Calm Mind|p1a: Celebi
|-boost|p1a: Celebi|spa|1
|-boost|p1a: Celebi|spd|1
|move|p2a: Sylveon|Calm Mind|p2a: Sylveon
|-boost|p2a: Sylveon|spa|1
|-boost|p2a: Sylveon|spd|1
|
|-heal|p1a: Celebi|387\/404|[from] item: Leftovers
|turn|28
|join|Zenadark
|
|move|p1a: Celebi|Baton Pass|p1a: Celebi
|
|switch|p1a: Cresselia|Cresselia, F|381\/381
|-damage|p1a: Cresselia|334\/381|[from] Stealth Rock
|move|p2a: Sylveon|Calm Mind|p2a: Sylveon
|-boost|p2a: Sylveon|spa|1
|-boost|p2a: Sylveon|spd|1
|
|-heal|p1a: Cresselia|357\/381|[from] item: Leftovers
|turn|29
|chat|PaypahTowels|if you have psyshock I'm going to be so mad
|
|move|p1a: Cresselia|Psyshock|p2a: Sylveon
|-damage|p2a: Sylveon|0 fnt
|faint|p2a: Sylveon
|
|-heal|p1a: Cresselia|380\/381|[from] item: Leftovers
|chat|Linck129|^^
|chat|PaypahTowels|I'm so mad
|
|switch|p2a: Bisharp|Bisharp, F|272\/272
|turn|30
|
|move|p2a: Bisharp|Sucker Punch|p1a: Cresselia
|-fail|p1a: Cresselia
|move|p1a: Cresselia|Substitute|p1a: Cresselia
|-start|p1a: Cresselia|Substitute
|-damage|p1a: Cresselia|285\/381
|
|-heal|p1a: Cresselia|308\/381|[from] item: Leftovers
|turn|31
|
|move|p2a: Bisharp|Sucker Punch|p1a: Cresselia
|-supereffective|p1a: Cresselia
|-end|p1a: Cresselia|Substitute
|-damage|p2a: Bisharp|245\/272|[from] item: Life Orb
|move|p1a: Cresselia|Hidden Power|p2a: Bisharp
|-supereffective|p2a: Bisharp
|-damage|p2a: Bisharp|0 fnt
|faint|p2a: Bisharp
|
|-heal|p1a: Cresselia|331\/381|[from] item: Leftovers
|
|switch|p2a: Charizard|Charizard, F|298\/298
|turn|32
|
|detailschange|p2a: Charizard|Charizard-Mega-X, F
|message|Charizard has Mega Evolved into Mega Charizard!
|move|p2a: Charizard|Flare Blitz|p1a: Cresselia
|-damage|p1a: Cresselia|58\/381
|-damage|p2a: Charizard|208\/298|[from] recoil|[of] p1a: Cresselia
|move|p1a: Cresselia|Psyshock|p2a: Charizard
|-damage|p2a: Charizard|0 fnt
|faint|p2a: Charizard
|
|win|Linck129
|raw|Ladder updating...
|raw|Linck129's rating: 1590 &rarr; <strong>1610<\/strong><br \/>(+20 for winning)
|raw|PaypahTowels's rating: 1592 &rarr; <strong>1572<\/strong><br \/>(-20 for losing)
|chat|Linck129|gg
|chat|PaypahTowels|gg