|join|BI Admin Jeff
|join|Linck129
|player|p1|BI Admin Jeff|39
|player|p2|Linck129|101
|gametype|singles
|gen|6
|tier|OU
|rated
|clearpoke
|poke|p1|Talonflame, F
|poke|p1|Amoonguss, F
|poke|p1|Gardevoir, M
|poke|p1|Rotom-Wash
|poke|p1|Excadrill, M
|poke|p1|Tyranitar, M
|poke|p2|Salamence, F
|poke|p2|Excadrill, F
|poke|p2|Thundurus, M
|poke|p2|Azumarill, M
|poke|p2|Tyranitar, M
|poke|p2|Dragonite, M
|rule|Swagger Clause: Swagger is banned
|rule|Baton Pass Clause: Limit one Pokémon knowing Baton Pass
|rule|Sleep Clause Mod: Limit one foe put to sleep
|rule|Species Clause: Limit one of each Pokémon
|rule|OHKO Clause: OHKO moves are banned
|rule|Moody Clause: Moody is banned
|rule|Evasion Moves Clause: Evasion moves are banned
|rule|Endless Battle Clause: Forcing endless battles is banned
|rule|HP Percentage Mod: HP is shown in percentages
|teampreview
|
|start
|switch|p1a: Excadrill|Excadrill, M|362\/362
|switch|p2a: Tyranitar|Tyranitar, M|404\/404
|-ability|p1a: Excadrill|Mold Breaker
|-item|p1a: Excadrill|Air Balloon
|-weather|Sandstorm
|turn|1
|
|move|p1a: Excadrill|Rock Slide|p2a: Tyranitar
|-damage|p2a: Tyranitar|314\/404
|move|p2a: Tyranitar|Fire Blast|p1a: Excadrill
|-supereffective|p1a: Excadrill
|-damage|p1a: Excadrill|6\/362
|-enditem|p1a: Excadrill|Air Balloon
|
|-weather|Sandstorm|[upkeep]
|-heal|p2a: Tyranitar|339\/404|[from] item: Leftovers
|turn|2
|
|switch|p2a: Salamence|Salamence, F|337\/337
|-ability|p2a: Salamence|Intimidate|[of] p1a: Excadrill
|-unboost|p1a: Excadrill|atk|1
|move|p1a: Excadrill|Earthquake|p2a: Salamence
|-immune|p2a: Salamence|[msg]
|
|-weather|Sandstorm|[upkeep]
|-damage|p2a: Salamence|316\/337|[from] sandstorm
|turn|3
|
|switch|p1a: Rotom-Wash|Rotom-Wash|304\/304
|switch|p2a: Tyranitar|Tyranitar, M|339\/404
|
|-weather|Sandstorm|[upkeep]
|-damage|p1a: Rotom-Wash|285\/304|[from] sandstorm
|-heal|p1a: Rotom-Wash|304\/304|[from] item: Leftovers
|-heal|p2a: Tyranitar|364\/404|[from] item: Leftovers
|turn|4
|
|move|p1a: Rotom-Wash|Hydro Pump|p2a: Tyranitar|[miss]
|-miss|p1a: Rotom-Wash|p2a: Tyranitar
|move|p2a: Tyranitar|Stealth Rock|p1a: Rotom-Wash
|-sidestart|p1: BI Admin Jeff|move: Stealth Rock
|
|-weather|Sandstorm|[upkeep]
|-damage|p1a: Rotom-Wash|285\/304|[from] sandstorm
|-heal|p1a: Rotom-Wash|304\/304|[from] item: Leftovers
|-heal|p2a: Tyranitar|389\/404|[from] item: Leftovers
|turn|5
|
|move|p1a: Rotom-Wash|Will-O-Wisp|p2a: Tyranitar
|-status|p2a: Tyranitar|brn
|move|p2a: Tyranitar|Crunch|p1a: Rotom-Wash
|-damage|p1a: Rotom-Wash|262\/304
|
|-weather|none
|-heal|p1a: Rotom-Wash|281\/304|[from] item: Leftovers
|-heal|p2a: Tyranitar|404\/404 brn|[from] item: Leftovers
|-damage|p2a: Tyranitar|354\/404 brn|[from] brn
|turn|6
|
|switch|p1a: Tyranitar|Tyranitar, M|404\/404
|-damage|p1a: Tyranitar|354\/404|[from] Stealth Rock
|-weather|Sandstorm
|move|p2a: Tyranitar|Crunch|p1a: Tyranitar
|-resisted|p1a: Tyranitar
|-damage|p1a: Tyranitar|325\/404
|
|-weather|Sandstorm|[upkeep]
|-heal|p2a: Tyranitar|379\/404 brn|[from] item: Leftovers
|-damage|p2a: Tyranitar|329\/404 brn|[from] brn
|turn|7
|
|switch|p2a: Excadrill|Excadrill, F|362\/362
|move|p1a: Tyranitar|Stealth Rock|p2a: Excadrill
|-sidestart|p2: Linck129|move: Stealth Rock
|
|-weather|Sandstorm|[upkeep]
|turn|8
|
|move|p2a: Excadrill|Rapid Spin|p1a: Tyranitar
|-crit|p1a: Tyranitar
|-resisted|p1a: Tyranitar
|-damage|p1a: Tyranitar|307\/404
|-sideend|p2: Linck129|Stealth Rock|[from] move: Rapid Spin|[of] p2a: Excadrill
|move|p1a: Tyranitar|Superpower|p2a: Excadrill
|-supereffective|p2a: Excadrill
|-damage|p2a: Excadrill|0 fnt
|-unboost|p1a: Tyranitar|atk|1
|-unboost|p1a: Tyranitar|def|1
|faint|p2a: Excadrill
|
|-weather|Sandstorm|[upkeep]
|
|switch|p2a: Azumarill|Azumarill, M|404\/404
|turn|9
|
|switch|p1a: Excadrill|Excadrill, M|6\/362
|-damage|p1a: Excadrill|0 fnt|[from] Stealth Rock
|faint|p1a: Excadrill
|move|p2a: Azumarill|Knock Off|p1: Excadrill|[notarget]
|-notarget
|
|-weather|Sandstorm|[upkeep]
|-damage|p2a: Azumarill|379\/404|[from] sandstorm
|
|switch|p1a: Amoonguss|Amoonguss, F|432\/432
|-damage|p1a: Amoonguss|378\/432|[from] Stealth Rock
|turn|10
|
|switch|p2a: Tyranitar|Tyranitar, M|329\/404 brn
|move|p1a: Amoonguss|Spore|p2a: Tyranitar
|-fail|p2a: Tyranitar
|
|-weather|none
|-heal|p2a: Tyranitar|354\/404 brn|[from] item: Leftovers
|-heal|p1a: Amoonguss|405\/432|[from] item: Black Sludge
|-damage|p2a: Tyranitar|304\/404 brn|[from] brn
|turn|11
|
|switch|p2a: Salamence|Salamence, F|316\/337
|-ability|p2a: Salamence|Intimidate|[of] p1a: Amoonguss
|-unboost|p1a: Amoonguss|atk|1
|move|p1a: Amoonguss|Sludge Bomb|p2a: Salamence
|-damage|p2a: Salamence|195\/337
|
|-heal|p1a: Amoonguss|432\/432|[from] item: Black Sludge
|turn|12
|
|switch|p1a: Tyranitar|Tyranitar, M|307\/404
|-damage|p1a: Tyranitar|257\/404|[from] Stealth Rock
|-weather|Sandstorm
|detailschange|p2a: Salamence|Salamence-Mega, F
|message|Salamence has Mega Evolved into Mega Salamence!
|move|p2a: Salamence|Frustration|p1a: Tyranitar
|-resisted|p1a: Tyranitar
|-damage|p1a: Tyranitar|132\/404
|
|-weather|Sandstorm|[upkeep]
|-damage|p2a: Salamence|174\/337|[from] sandstorm
|turn|13
|
|switch|p1a: Rotom-Wash|Rotom-Wash|281\/304
|-damage|p1a: Rotom-Wash|243\/304|[from] Stealth Rock
|move|p2a: Salamence|Earthquake|p1a: Rotom-Wash
|-immune|p1a: Rotom-Wash|[msg]
|
|-weather|Sandstorm|[upkeep]
|-damage|p2a: Salamence|153\/337|[from] sandstorm
|-damage|p1a: Rotom-Wash|224\/304|[from] sandstorm
|-heal|p1a: Rotom-Wash|243\/304|[from] item: Leftovers
|turn|14
|
|switch|p2a: Tyranitar|Tyranitar, M|304\/404 brn
|move|p1a: Rotom-Wash|Will-O-Wisp|p2a: Tyranitar
|-fail|p2a: Tyranitar|brn
|
|-weather|Sandstorm|[upkeep]
|-damage|p1a: Rotom-Wash|224\/304|[from] sandstorm
|-heal|p1a: Rotom-Wash|243\/304|[from] item: Leftovers
|-heal|p2a: Tyranitar|329\/404 brn|[from] item: Leftovers
|-damage|p2a: Tyranitar|279\/404 brn|[from] brn
|turn|15
|
|move|p1a: Rotom-Wash|Volt Switch|p2a: Tyranitar
|-damage|p2a: Tyranitar|227\/404 brn
|
|switch|p1a: Gardevoir|Gardevoir, M|278\/278
|-damage|p1a: Gardevoir|244\/278|[from] Stealth Rock
|-ability|p1a: Gardevoir|Sand Stream|[from] ability: Trace|[of] p2a: Tyranitar
|move|p2a: Tyranitar|Crunch|p1a: Gardevoir
|-damage|p1a: Gardevoir|156\/278
|
|-weather|Sandstorm|[upkeep]
|-damage|p1a: Gardevoir|139\/278|[from] sandstorm
|-heal|p2a: Tyranitar|252\/404 brn|[from] item: Leftovers
|-damage|p2a: Tyranitar|202\/404 brn|[from] brn
|turn|16
|
|detailschange|p1a: Gardevoir|Gardevoir-Mega, M
|message|Gardevoir has Mega Evolved into Mega Gardevoir!
|move|p1a: Gardevoir|Hyper Voice|p2a: Tyranitar
|-supereffective|p2a: Tyranitar
|-damage|p2a: Tyranitar|0 fnt
|faint|p2a: Tyranitar
|
|-weather|none
|
|switch|p2a: Dragonite|Dragonite, M|324\/324
|turn|17
|
|move|p2a: Dragonite|Extreme Speed|p1a: Gardevoir
|-damage|p1a: Gardevoir|0 fnt
|faint|p1a: Gardevoir
|
|
|switch|p1a: Tyranitar|Tyranitar, M|132\/404
|-damage|p1a: Tyranitar|82\/404|[from] Stealth Rock
|-weather|Sandstorm
|turn|18
|
|switch|p2a: Azumarill|Azumarill, M|379\/404
|move|p1a: Tyranitar|Stealth Rock|p2a: Azumarill
|-sidestart|p2: Linck129|move: Stealth Rock
|
|-weather|Sandstorm|[upkeep]
|-damage|p2a: Azumarill|354\/404|[from] sandstorm
|turn|19
|
|move|p1a: Tyranitar|Stone Edge|p2a: Azumarill
|-crit|p2a: Azumarill
|-damage|p2a: Azumarill|69\/404
|move|p2a: Azumarill|Play Rough|p1a: Tyranitar
|-supereffective|p1a: Tyranitar
|-damage|p1a: Tyranitar|0 fnt
|faint|p1a: Tyranitar
|
|-weather|Sandstorm|[upkeep]
|-damage|p2a: Azumarill|44\/404|[from] sandstorm
|
|switch|p1a: Rotom-Wash|Rotom-Wash|243\/304
|-damage|p1a: Rotom-Wash|205\/304|[from] Stealth Rock
|turn|20
|
|move|p1a: Rotom-Wash|Volt Switch|p2a: Azumarill
|-supereffective|p2a: Azumarill
|-damage|p2a: Azumarill|0 fnt
|faint|p2a: Azumarill
|
|switch|p1a: Amoonguss|Amoonguss, F|432\/432
|-damage|p1a: Amoonguss|378\/432|[from] Stealth Rock
|
|-weather|Sandstorm|[upkeep]
|-damage|p1a: Amoonguss|351\/432|[from] sandstorm
|-heal|p1a: Amoonguss|378\/432|[from] item: Black Sludge
|
|switch|p2a: Dragonite|Dragonite, M|324\/324
|-damage|p2a: Dragonite|243\/324|[from] Stealth Rock
|turn|21
|
|move|p2a: Dragonite|Dragon Dance|p2a: Dragonite
|-boost|p2a: Dragonite|atk|1
|-boost|p2a: Dragonite|spe|1
|move|p1a: Amoonguss|Clear Smog|p2a: Dragonite
|-damage|p2a: Dragonite|194\/324
|-clearboost|p2a: Dragonite
|
|-weather|Sandstorm|[upkeep]
|-damage|p2a: Dragonite|174\/324|[from] sandstorm
|-damage|p1a: Amoonguss|351\/432|[from] sandstorm
|-heal|p1a: Amoonguss|378\/432|[from] item: Black Sludge
|turn|22
|
|move|p2a: Dragonite|Outrage|p1a: Amoonguss
|-damage|p1a: Amoonguss|153\/432
|move|p1a: Amoonguss|Clear Smog|p2a: Dragonite
|-damage|p2a: Dragonite|123\/324
|-clearboost|p2a: Dragonite
|
|-weather|none
|-heal|p1a: Amoonguss|180\/432|[from] item: Black Sludge
|turn|23
|
|switch|p1a: Rotom-Wash|Rotom-Wash|205\/304
|-damage|p1a: Rotom-Wash|167\/304|[from] Stealth Rock
|move|p2a: Dragonite|Outrage|p1a: Rotom-Wash
|-damage|p1a: Rotom-Wash|1\/304
|
|-heal|p1a: Rotom-Wash|20\/304|[from] item: Leftovers
|turn|24
|
|move|p2a: Dragonite|Outrage|p1a: Rotom-Wash
|-damage|p1a: Rotom-Wash|0 fnt
|faint|p1a: Rotom-Wash
|
|-end|p2a: Dragonite|rampage
|-start|p2a: Dragonite|confusion
|
|switch|p1a: Amoonguss|Amoonguss, F|324\/432
|-enditem|p2a: Dragonite|Lum Berry|[eat]
|-end|p2a: Dragonite|confusion
|-damage|p1a: Amoonguss|270\/432|[from] Stealth Rock
|turn|25
|
|move|p2a: Dragonite|Outrage|p1a: Amoonguss
|-damage|p1a: Amoonguss|59\/432
|move|p1a: Amoonguss|Spore|p2a: Dragonite
|-status|p2a: Dragonite|slp
|
|-heal|p1a: Amoonguss|86\/432|[from] item: Black Sludge
|turn|26
|
|switch|p1a: Talonflame|Talonflame, F|297\/297
|-damage|p1a: Talonflame|149\/297|[from] Stealth Rock
|cant|p2a: Dragonite|slp
|
|turn|27
|c|★BI Admin Jeff|!data mega salamence
|c|~|\/data-pokemon Salamence-Mega

|
|switch|p2a: Thundurus|Thundurus, M|299\/299
|-damage|p2a: Thundurus|225\/299|[from] Stealth Rock
|move|p1a: Talonflame|Flare Blitz|p2a: Thundurus
|-damage|p2a: Thundurus|0 fnt
|-damage|p1a: Talonflame|75\/297|[from] recoil|[of] p2a: Thundurus
|faint|p2a: Thundurus
|
|
|switch|p2a: Salamence|Salamence-Mega, F|153\/337
|-damage|p2a: Salamence|69\/337|[from] Stealth Rock
|turn|28
|
|move|p1a: Talonflame|Flare Blitz|p2a: Salamence
|-resisted|p2a: Salamence
|-damage|p2a: Salamence|0 fnt
|-damage|p1a: Talonflame|52\/297|[from] recoil|[of] p2a: Salamence
|faint|p2a: Salamence
|
|leave|Linck129
|player|p2
|-message|linck129 lost due to inactivity.
|
|win|BI Admin Jeff
|raw|Ladder updating...
|raw|BI Admin Jeff's rating: 1470 &rarr; <strong>1493<\/strong><br \/>(+23 for winning)
|raw|Linck129's rating: 1509 &rarr; <strong>1487<\/strong><br \/>(-22 for losing)