|join|toiletpkay
|join|Linck129
|player|p1|toiletpkay|293
|player|p2|Linck129|118
|gametype|singles
|gen|6
|tier|OU
|rated
|clearpoke
|poke|p1|Azumarill, M
|poke|p1|Victini
|poke|p1|Manectric, F
|poke|p1|Scizor, M
|poke|p1|Landorus-Therian, M
|poke|p1|Ferrothorn, M
|poke|p2|Medicham, F
|poke|p2|Azelf
|poke|p2|Cacturne, F
|poke|p2|Thundurus, M
|poke|p2|Heatran, F
|poke|p2|Latios, M
|rule|Swagger Clause: Swagger is banned
|rule|Baton Pass Clause: Limit one Pokémon knowing Baton Pass
|rule|Sleep Clause Mod: Limit one foe put to sleep
|rule|Species Clause: Limit one of each Pokémon
|rule|OHKO Clause: OHKO moves are banned
|rule|Moody Clause: Moody is banned
|rule|Evasion Moves Clause: Evasion moves are banned
|rule|Endless Battle Clause: Forcing endless battles is banned
|rule|HP Percentage Mod: HP is reported as percentages
|teampreview
|
|start
|switch|p1a: Landorus-Therian|Landorus-Therian, M|350\/350
|switch|p2a: Azelf|Azelf|291\/291
|-ability|p1a: Landorus-Therian|Intimidate|[of] p2a: Azelf
|-unboost|p2a: Azelf|atk|1
|turn|1
|
|move|p2a: Azelf|Stealth Rock|p1a: Landorus-Therian
|-sidestart|p1: toiletpkay|move: Stealth Rock
|move|p1a: Landorus-Therian|Stealth Rock|p2a: Azelf
|-sidestart|p2: Linck129|move: Stealth Rock
|
|turn|2
|
|move|p2a: Azelf|Psychic|p1a: Landorus-Therian
|-damage|p1a: Landorus-Therian|149\/350
|move|p1a: Landorus-Therian|Knock Off|p2a: Azelf
|-supereffective|p2a: Azelf
|-enditem|p2a: Azelf|Focus Sash
|-damage|p2a: Azelf|1\/291
|
|-heal|p1a: Landorus-Therian|170\/350|[from] item: Leftovers
|turn|3
|
|switch|p1a: Ferrothorn|Ferrothorn, M|352\/352
|-damage|p1a: Ferrothorn|330\/352|[from] Stealth Rock
|move|p2a: Azelf|Fire Blast|p1a: Ferrothorn
|-supereffective|p1a: Ferrothorn
|-damage|p1a: Ferrothorn|0 fnt
|faint|p1a: Ferrothorn
|
|chat|Linck129|yes
|chat|toiletpkay|fuck sake
|chat|toiletpkay|screw u
|
|switch|p1a: Scizor|Scizor, M|281\/281
|-damage|p1a: Scizor|246\/281|[from] Stealth Rock
|turn|4
|chat|Linck129|i will
|
|move|p1a: Scizor|Bullet Punch|p2a: Azelf
|-damage|p2a: Azelf|0 fnt
|-damage|p1a: Scizor|218\/281|[from] item: Life Orb
|faint|p2a: Azelf
|
|
|switch|p2a: Heatran|Heatran, F|386\/386
|-damage|p2a: Heatran|338\/386|[from] Stealth Rock
|turn|5
|
|switch|p1a: Landorus-Therian|Landorus-Therian, M|170\/350
|-damage|p1a: Landorus-Therian|127\/350|[from] Stealth Rock
|-ability|p1a: Landorus-Therian|Intimidate|[of] p2a: Heatran
|-unboost|p2a: Heatran|atk|1
|move|p2a: Heatran|Magma Storm|p1a: Landorus-Therian
|-damage|p1a: Landorus-Therian|0 fnt
|faint|p1a: Landorus-Therian
|
|-heal|p2a: Heatran|362\/386|[from] item: Leftovers
|
|switch|p1a: Azumarill|Azumarill, M|342\/342
|-damage|p1a: Azumarill|300\/342|[from] Stealth Rock
|turn|6
|
|move|p2a: Heatran|Protect|p2a: Heatran
|-singleturn|p2a: Heatran|Protect
|move|p1a: Azumarill|Play Rough|p2a: Heatran
|-activate|p2a: Heatran|Protect
|
|-heal|p2a: Heatran|386\/386|[from] item: Leftovers
|turn|7
|
|switch|p2a: Cacturne|Cacturne, F|281\/281
|-damage|p2a: Cacturne|246\/281|[from] Stealth Rock
|move|p1a: Azumarill|Aqua Jet|p2a: Cacturne
|-heal|p2a: Cacturne|281\/281|[from] ability: Water Absorb|[of] p1a: Azumarill
|
|turn|8
|
|switch|p1a: Victini|Victini|341\/341
|-damage|p1a: Victini|256\/341|[from] Stealth Rock
|move|p2a: Cacturne|Giga Drain|p1a: Victini
|-resisted|p1a: Victini
|-damage|p1a: Victini|178\/341
|-damage|p2a: Cacturne|253\/281|[from] item: Life Orb
|
|turn|9
|
|move|p2a: Cacturne|Sucker Punch|p1a: Victini
|-supereffective|p1a: Victini
|-damage|p1a: Victini|0 fnt
|-damage|p2a: Cacturne|225\/281|[from] item: Life Orb
|faint|p1a: Victini
|
|
|switch|p1a: Scizor|Scizor, M|218\/281
|-damage|p1a: Scizor|183\/281|[from] Stealth Rock
|turn|10
|
|move|p2a: Cacturne|Hidden Power|p1a: Scizor
|-supereffective|p1a: Scizor
|-damage|p1a: Scizor|0 fnt
|-damage|p2a: Cacturne|197\/281|[from] item: Life Orb
|faint|p1a: Scizor
|
|chat|Linck129|CACTURNE
|
|switch|p1a: Manectric|Manectric, F|281\/281
|-damage|p1a: Manectric|246\/281|[from] Stealth Rock
|turn|11
|chat|Linck129|da boss
|
|switch|p2a: Heatran|Heatran, F|386\/386
|-damage|p2a: Heatran|338\/386|[from] Stealth Rock
|detailschange|p1a: Manectric|Manectric-Mega, F
|message|Manectric has Mega Evolved into Mega Manectric!
|-ability|p1a: Manectric|Intimidate|[of] p2a: Heatran
|-unboost|p2a: Heatran|atk|1
|move|p1a: Manectric|Thunderbolt|p2a: Heatran
|-damage|p2a: Heatran|221\/386
|-status|p2a: Heatran|par
|
|-heal|p2a: Heatran|245\/386 par|[from] item: Leftovers
|turn|12
|
|move|p1a: Manectric|Volt Switch|p2a: Heatran
|-crit|p2a: Heatran
|-damage|p2a: Heatran|115\/386 par
|
|switch|p1a: Azumarill|Azumarill, M|300\/342
|-damage|p1a: Azumarill|258\/342|[from] Stealth Rock
|move|p2a: Heatran|Magma Storm|p1a: Azumarill
|-resisted|p1a: Azumarill
|-damage|p1a: Azumarill|162\/342
|-activate|p1a: Azumarill|move: Magma Storm|[of] p2a: Heatran
|-enditem|p1a: Azumarill|Sitrus Berry|[eat]
|-heal|p1a: Azumarill|247\/342|[from] item: Sitrus Berry
|
|-heal|p2a: Heatran|139\/386 par|[from] item: Leftovers
|-damage|p1a: Azumarill|205\/342|[from] move: Magma Storm|[partiallytrapped]
|turn|13
|
|move|p2a: Heatran|Protect|p2a: Heatran
|-singleturn|p2a: Heatran|Protect
|move|p1a: Azumarill|Aqua Jet|p2a: Heatran
|-activate|p2a: Heatran|Protect
|
|-heal|p2a: Heatran|163\/386 par|[from] item: Leftovers
|-damage|p1a: Azumarill|163\/342|[from] move: Magma Storm|[partiallytrapped]
|turn|14
|
|move|p1a: Azumarill|Play Rough|p2a: Heatran
|-resisted|p2a: Heatran
|-damage|p2a: Heatran|117\/386 par
|-unboost|p2a: Heatran|atk|1
|move|p2a: Heatran|Toxic|p1a: Azumarill
|-status|p1a: Azumarill|tox
|
|-heal|p2a: Heatran|141\/386 par|[from] item: Leftovers
|-damage|p1a: Azumarill|142\/342 tox|[from] psn
|-damage|p1a: Azumarill|100\/342 tox|[from] move: Magma Storm|[partiallytrapped]
|turn|15
|-message|toiletpkay forfeited.
|
|win|Linck129
|raw|Ladder updating...
|leave|toiletpkay
|player|p1
|raw|toiletpkay's rating: 1728 &rarr; <strong>1703<\/strong><br \/>(-25 for losing)
|raw|Linck129's rating: 1627 &rarr; <strong>1653<\/strong><br \/>(+26 for winning)