|join|BahaWin
|join|Linck129
|player|p1|BahaWin|286
|player|p2|Linck129|118
|gametype|singles
|gen|6
|tier|OU
|clearpoke
|poke|p1|Tyranitar, M
|poke|p1|Terrakion
|poke|p1|Raikou
|poke|p1|Skarmory, M
|poke|p1|Amoonguss, M
|poke|p1|Charizard, M, shiny
|poke|p2|Pinsir, M
|poke|p2|Magnezone
|poke|p2|Cresselia, F
|poke|p2|Celebi
|poke|p2|Landorus-Therian, M
|poke|p2|Crobat, M
|rule|Swagger Clause: Swagger is banned
|rule|Baton Pass Clause: Limit one Pokémon knowing Baton Pass
|rule|Sleep Clause Mod: Limit one foe put to sleep
|rule|Species Clause: Limit one of each Pokémon
|rule|OHKO Clause: OHKO moves are banned
|rule|Moody Clause: Moody is banned
|rule|Evasion Moves Clause: Evasion moves are banned
|rule|Endless Battle Clause: Forcing endless battles is banned
|rule|HP Percentage Mod: HP is shown in percentages
|teampreview
|chat|BahaWin|hf
|chat|Linck129|ue
|
|start
|switch|p1a: Skarmory|Skarmory, M|334\/334
|switch|p2a: Landorus-Therian|Landorus-Therian, M|320\/320
|-ability|p2a: Landorus-Therian|Intimidate|[of] p1a: Skarmory
|-unboost|p1a: Skarmory|atk|1
|turn|1
|
|move|p2a: Landorus-Therian|U-turn|p1a: Skarmory
|-resisted|p1a: Skarmory
|-damage|p1a: Skarmory|319\/334
|-damage|p2a: Landorus-Therian|267\/320|[from] item: Rocky Helmet|[of] p1a: Skarmory
|
|switch|p2a: Magnezone|Magnezone|282\/282
|move|p1a: Skarmory|Stealth Rock|p2a: Magnezone
|-sidestart|p2: Linck129|move: Stealth Rock
|
|turn|2
|
|move|p2a: Magnezone|Volt Switch|p1a: Skarmory
|-supereffective|p1a: Skarmory
|-damage|p1a: Skarmory|1\/334
|
|switch|p2a: Landorus-Therian|Landorus-Therian, M|267\/320
|-damage|p2a: Landorus-Therian|227\/320|[from] Stealth Rock
|-ability|p2a: Landorus-Therian|Intimidate|[of] p1a: Skarmory
|-unboost|p1a: Skarmory|atk|1
|move|p1a: Skarmory|Roost|p1a: Skarmory
|-heal|p1a: Skarmory|168\/334
|
|turn|3
|
|move|p2a: Landorus-Therian|U-turn|p1a: Skarmory
|-resisted|p1a: Skarmory
|-damage|p1a: Skarmory|153\/334
|-damage|p2a: Landorus-Therian|174\/320|[from] item: Rocky Helmet|[of] p1a: Skarmory
|
|switch|p2a: Crobat|Crobat, M|374\/374
|-damage|p2a: Crobat|281\/374|[from] Stealth Rock
|move|p1a: Skarmory|Roost|p1a: Skarmory
|-heal|p1a: Skarmory|320\/334
|
|-heal|p2a: Crobat|304\/374|[from] item: Black Sludge
|turn|4
|
|switch|p1a: Tyranitar|Tyranitar, M|404\/404
|-weather|Sandstorm
|move|p2a: Crobat|Defog|p1a: Tyranitar
|-unboost|p1a: Tyranitar|evasion|1
|-sideend|p2: Linck129|Stealth Rock|[from] move: Defog|[of] p2a: Crobat
|
|-weather|Sandstorm|[upkeep]
|-damage|p2a: Crobat|281\/374|[from] sandstorm
|-heal|p2a: Crobat|304\/374|[from] item: Black Sludge
|turn|5
|
|move|p2a: Crobat|Super Fang|p1a: Tyranitar
|-damage|p1a: Tyranitar|202\/404
|move|p1a: Tyranitar|Ice Beam|p2a: Crobat
|-supereffective|p2a: Crobat
|-damage|p2a: Crobat|144\/374
|
|-weather|Sandstorm|[upkeep]
|-damage|p2a: Crobat|121\/374|[from] sandstorm
|-heal|p2a: Crobat|144\/374|[from] item: Black Sludge
|turn|6
|
|move|p2a: Crobat|Roost|p2a: Crobat
|-heal|p2a: Crobat|331\/374
|move|p1a: Tyranitar|Earthquake|p2a: Crobat
|-supereffective|p2a: Crobat
|-damage|p2a: Crobat|107\/374
|
|-weather|Sandstorm|[upkeep]
|-damage|p2a: Crobat|84\/374|[from] sandstorm
|-heal|p2a: Crobat|107\/374|[from] item: Black Sludge
|turn|7
|
|move|p2a: Crobat|Roost|p2a: Crobat
|-heal|p2a: Crobat|294\/374
|move|p1a: Tyranitar|Ice Beam|p2a: Crobat
|-damage|p2a: Crobat|217\/374
|
|-weather|Sandstorm|[upkeep]
|-damage|p2a: Crobat|194\/374|[from] sandstorm
|-heal|p2a: Crobat|217\/374|[from] item: Black Sludge
|turn|8
|
|move|p2a: Crobat|Roost|p2a: Crobat
|-heal|p2a: Crobat|374\/374
|move|p1a: Tyranitar|Ice Beam|p2a: Crobat
|-damage|p2a: Crobat|297\/374
|
|-weather|none
|-heal|p2a: Crobat|320\/374|[from] item: Black Sludge
|turn|9
|
|move|p2a: Crobat|Super Fang|p1a: Tyranitar
|-damage|p1a: Tyranitar|101\/404
|move|p1a: Tyranitar|Fire Blast|p2a: Crobat
|-damage|p2a: Crobat|212\/374
|
|-heal|p2a: Crobat|235\/374|[from] item: Black Sludge
|turn|10
|
|switch|p2a: Celebi|Celebi|404\/404
|switch|p1a: Raikou|Raikou|322\/322
|-ability|p1a: Raikou|Pressure
|
|turn|11
|
|move|p1a: Raikou|Volt Switch|p2a: Celebi
|-resisted|p2a: Celebi
|-damage|p2a: Celebi|346\/404
|
|switch|p1a: Amoonguss|Amoonguss, M|432\/432
|move|p2a: Celebi|Baton Pass|p2a: Celebi
|
|switch|p2a: Pinsir|Pinsir, M|271\/271
|
|turn|12
|
|detailschange|p2a: Pinsir|Pinsir-Mega, M
|message|Pinsir has Mega Evolved into Mega Pinsir!
|move|p2a: Pinsir|Return|p1a: Amoonguss
|-supereffective|p1a: Amoonguss
|-damage|p1a: Amoonguss|0 fnt
|faint|p1a: Amoonguss
|
|
|switch|p1a: Charizard|Charizard, M, shiny|307\/307
|turn|13
|
|switch|p2a: Landorus-Therian|Landorus-Therian, M|174\/320
|-ability|p2a: Landorus-Therian|Intimidate|[of] p1a: Charizard
|-unboost|p1a: Charizard|atk|1
|detailschange|p1a: Charizard|Charizard-Mega-Y, M, shiny
|message|Charizard has Mega Evolved into Mega Charizard!
|-weather|SunnyDay
|move|p1a: Charizard|Fire Blast|p2a: Landorus-Therian
|-damage|p2a: Landorus-Therian|0 fnt
|faint|p2a: Landorus-Therian
|
|-weather|SunnyDay|[upkeep]
|
|switch|p2a: Magnezone|Magnezone|282\/282
|turn|14
|
|switch|p1a: Raikou|Raikou|322\/322
|-ability|p1a: Raikou|Pressure
|move|p2a: Magnezone|Volt Switch|p1a: Raikou
|-resisted|p1a: Raikou
|-damage|p1a: Raikou|278\/322
|
|switch|p2a: Celebi|Celebi|346\/404
|
|-weather|SunnyDay|[upkeep]
|-heal|p2a: Celebi|371\/404|[from] item: Leftovers
|turn|15
|
|move|p1a: Raikou|Hidden Power|p2a: Celebi
|-supereffective|p2a: Celebi
|-damage|p2a: Celebi|245\/404
|move|p2a: Celebi|Calm Mind|p2a: Celebi
|-boost|p2a: Celebi|spa|1
|-boost|p2a: Celebi|spd|1
|
|-weather|SunnyDay|[upkeep]
|-heal|p2a: Celebi|270\/404|[from] item: Leftovers
|turn|16
|
|move|p1a: Raikou|Volt Switch|p2a: Celebi
|-resisted|p2a: Celebi
|-damage|p2a: Celebi|234\/404
|
|switch|p1a: Charizard|Charizard-Mega-Y, M, shiny|307\/307
|move|p2a: Celebi|Baton Pass|p2a: Celebi
|
|switch|p2a: Magnezone|Magnezone|282\/282
|
|-weather|SunnyDay|[upkeep]
|turn|17
|
|switch|p1a: Raikou|Raikou|278\/322
|-ability|p1a: Raikou|Pressure
|move|p2a: Magnezone|Thunderbolt|p1a: Raikou
|-resisted|p1a: Raikou
|-damage|p1a: Raikou|205\/322
|
|-weather|none
|turn|18
|
|move|p1a: Raikou|Volt Switch|p2a: Magnezone
|-resisted|p2a: Magnezone
|-damage|p2a: Magnezone|237\/282
|
|switch|p1a: Tyranitar|Tyranitar, M|101\/404
|-weather|Sandstorm
|move|p2a: Magnezone|Thunderbolt|p1a: Tyranitar
|-damage|p1a: Tyranitar|22\/404
|
|-weather|Sandstorm|[upkeep]
|turn|19
|
|move|p2a: Magnezone|Thunderbolt|p1a: Tyranitar
|-damage|p1a: Tyranitar|0 fnt
|faint|p1a: Tyranitar
|
|-weather|Sandstorm|[upkeep]
|
|switch|p1a: Terrakion|Terrakion|323\/323
|turn|20
|
|switch|p1a: Charizard|Charizard-Mega-Y, M, shiny|307\/307
|-weather|SunnyDay
|switch|p2a: Crobat|Crobat, M|235\/374
|
|-weather|SunnyDay|[upkeep]
|-heal|p2a: Crobat|258\/374|[from] item: Black Sludge
|turn|21
|
|move|p2a: Crobat|Super Fang|p1a: Charizard
|-damage|p1a: Charizard|154\/307
|move|p1a: Charizard|Fire Blast|p2a: Crobat
|-damage|p2a: Crobat|0 fnt
|faint|p2a: Crobat
|
|-weather|SunnyDay|[upkeep]
|
|switch|p2a: Magnezone|Magnezone|237\/282
|turn|22
|
|switch|p1a: Raikou|Raikou|205\/322
|-ability|p1a: Raikou|Pressure
|move|p2a: Magnezone|Volt Switch|p1a: Raikou
|-resisted|p1a: Raikou
|-damage|p1a: Raikou|162\/322
|
|switch|p2a: Celebi|Celebi|234\/404
|
|-weather|SunnyDay|[upkeep]
|-heal|p2a: Celebi|259\/404|[from] item: Leftovers
|turn|23
|
|move|p1a: Raikou|Volt Switch|p2a: Celebi
|-resisted|p2a: Celebi
|-damage|p2a: Celebi|198\/404
|
|switch|p1a: Charizard|Charizard-Mega-Y, M, shiny|154\/307
|move|p2a: Celebi|Calm Mind|p2a: Celebi
|-boost|p2a: Celebi|spa|1
|-boost|p2a: Celebi|spd|1
|
|-weather|SunnyDay|[upkeep]
|-heal|p2a: Celebi|223\/404|[from] item: Leftovers
|turn|24
|
|move|p1a: Charizard|Fire Blast|p2a: Celebi
|-supereffective|p2a: Celebi
|-damage|p2a: Celebi|0 fnt
|faint|p2a: Celebi
|
|-weather|none
|
|switch|p2a: Pinsir|Pinsir-Mega, M|271\/271
|turn|25
|
|switch|p1a: Skarmory|Skarmory, M|320\/334
|move|p2a: Pinsir|Return|p1a: Skarmory
|-resisted|p1a: Skarmory
|-damage|p1a: Skarmory|241\/334
|-damage|p2a: Pinsir|226\/271|[from] item: Rocky Helmet|[of] p1a: Skarmory
|
|turn|26
|
|move|p2a: Pinsir|Swords Dance|p2a: Pinsir
|-boost|p2a: Pinsir|atk|2
|move|p1a: Skarmory|Roost|p1a: Skarmory
|-heal|p1a: Skarmory|334\/334
|
|turn|27
|
|switch|p2a: Magnezone|Magnezone|237\/282
|move|p1a: Skarmory|Counter|p2a: Magnezone
|-fail|p2a: Magnezone
|
|turn|28
|
|move|p2a: Magnezone|Thunderbolt|p1a: Skarmory
|-supereffective|p1a: Skarmory
|-activate|p1a: Skarmory|Sturdy
|-damage|p1a: Skarmory|1\/334
|-status|p1a: Skarmory|par
|move|p1a: Skarmory|Roost|p1a: Skarmory
|-heal|p1a: Skarmory|168\/334 par
|
|turn|29
|
|move|p2a: Magnezone|Thunderbolt|p1a: Skarmory
|-supereffective|p1a: Skarmory
|-damage|p1a: Skarmory|0 fnt
|faint|p1a: Skarmory
|
|
|switch|p1a: Terrakion|Terrakion|323\/323
|turn|30
|
|switch|p1a: Charizard|Charizard-Mega-Y, M, shiny|154\/307
|-weather|SunnyDay
|move|p2a: Magnezone|Thunderbolt|p1a: Charizard
|-supereffective|p1a: Charizard
|-damage|p1a: Charizard|0 fnt
|faint|p1a: Charizard
|
|-weather|SunnyDay|[upkeep]
|chat|Linck129|yes
|-message|BahaWin forfeited.
|
|win|Linck129
|leave|BahaWin
|player|p1