|join|CH3-O-CH3
|join|Linck129
|player|p1|CH3-O-CH3|168
|player|p2|Linck129|266
|gametype|singles
|gen|6
|tier|OU
|rated
|clearpoke
|poke|p1|Slowbro, M
|poke|p1|Heatran, F
|poke|p1|Ferrothorn, M
|poke|p1|Gliscor, M
|poke|p1|Latios, M
|poke|p1|Tyranitar, F
|poke|p2|Serperior, M
|poke|p2|Metagross
|poke|p2|Landorus-Therian, M
|poke|p2|Rotom-Wash
|poke|p2|Latios, M
|poke|p2|Volcarona, F
|rule|Swagger Clause: Swagger is banned
|rule|Baton Pass Clause: Limit one Pokémon knowing Baton Pass
|rule|Sleep Clause Mod: Limit one foe put to sleep
|rule|Species Clause: Limit one of each Pokémon
|rule|OHKO Clause: OHKO moves are banned
|rule|Moody Clause: Moody is banned
|rule|Evasion Moves Clause: Evasion moves are banned
|rule|Endless Battle Clause: Forcing endless battles is banned
|rule|HP Percentage Mod: HP is shown in percentages
|teampreview
|
|start
|switch|p1a: Heatran|Heatran, F|385\/385
|switch|p2a: Landorus-Therian|Landorus-Therian, M|382\/382
|-ability|p2a: Landorus-Therian|Intimidate|[of] p1a: Heatran
|-unboost|p1a: Heatran|atk|1
|turn|1
|
|switch|p1a: Ferrothorn|Ferrothorn, M|351\/351
|move|p2a: Landorus-Therian|Earthquake|p1a: Ferrothorn
|-damage|p1a: Ferrothorn|197\/351
|
|-heal|p1a: Ferrothorn|218\/351|[from] item: Leftovers
|turn|2
|
|move|p2a: Landorus-Therian|Earthquake|p1a: Ferrothorn
|-damage|p1a: Ferrothorn|88\/351
|move|p1a: Ferrothorn|Leech Seed|p2a: Landorus-Therian
|-start|p2a: Landorus-Therian|move: Leech Seed
|
|-heal|p1a: Ferrothorn|109\/351|[from] item: Leftovers
|-damage|p2a: Landorus-Therian|335\/382|[from] Leech Seed|[of] p1a: Ferrothorn
|-heal|p1a: Ferrothorn|156\/351|[silent]
|turn|3
|
|switch|p1a: Gliscor|Gliscor, M|353\/353
|move|p2a: Landorus-Therian|Stealth Rock|p1a: Gliscor
|-sidestart|p1: CH3-O-CH3|move: Stealth Rock
|
|-heal|p2a: Landorus-Therian|358\/382|[from] item: Leftovers
|-damage|p2a: Landorus-Therian|311\/382|[from] Leech Seed|[of] p1a: Gliscor
|-status|p1a: Gliscor|tox|[from] item: Toxic Orb
|turn|4
|
|switch|p2a: Metagross|Metagross|301\/301
|move|p1a: Gliscor|Toxic|p2a: Metagross
|-fail|p2a: Metagross
|
|turn|5
|
|switch|p1a: Ferrothorn|Ferrothorn, M|156\/351
|-damage|p1a: Ferrothorn|135\/351|[from] Stealth Rock
|detailschange|p2a: Metagross|Metagross-Mega
|-mega|p2a: Metagross|Metagross|Metagrossite
|move|p2a: Metagross|Meteor Mash|p1a: Ferrothorn
|-resisted|p1a: Ferrothorn
|-damage|p1a: Ferrothorn|53\/351
|-damage|p2a: Metagross|264\/301|[from] ability: Iron Barbs|[of] p1a: Ferrothorn
|
|-heal|p1a: Ferrothorn|74\/351|[from] item: Leftovers
|turn|6
|
|move|p1a: Ferrothorn|Protect|p1a: Ferrothorn
|-singleturn|p1a: Ferrothorn|Protect
|move|p2a: Metagross|Earthquake|p1a: Ferrothorn
|-activate|p1a: Ferrothorn|Protect
|
|-heal|p1a: Ferrothorn|95\/351|[from] item: Leftovers
|turn|7
|
|move|p2a: Metagross|Earthquake|p1a: Ferrothorn
|-damage|p1a: Ferrothorn|10\/351
|move|p1a: Ferrothorn|Leech Seed|p2a: Metagross
|-start|p2a: Metagross|move: Leech Seed
|
|-heal|p1a: Ferrothorn|31\/351|[from] item: Leftovers
|-damage|p2a: Metagross|227\/301|[from] Leech Seed|[of] p1a: Ferrothorn
|-heal|p1a: Ferrothorn|68\/351|[silent]
|turn|8
|
|switch|p2a: Serperior|Serperior, M|291\/291
|move|p1a: Ferrothorn|Leech Seed|p2a: Serperior
|-immune|p2a: Serperior|[msg]
|
|-heal|p1a: Ferrothorn|89\/351|[from] item: Leftovers
|turn|9
|
|switch|p2a: Metagross|Metagross-Mega|227\/301
|move|p1a: Ferrothorn|Spikes|p2a: Metagross
|-sidestart|p2: Linck129|Spikes
|
|-heal|p1a: Ferrothorn|110\/351|[from] item: Leftovers
|turn|10
|
|move|p2a: Metagross|Earthquake|p1a: Ferrothorn
|-damage|p1a: Ferrothorn|18\/351
|move|p1a: Ferrothorn|Leech Seed|p2a: Metagross
|-start|p2a: Metagross|move: Leech Seed
|
|-heal|p1a: Ferrothorn|39\/351|[from] item: Leftovers
|-damage|p2a: Metagross|190\/301|[from] Leech Seed|[of] p1a: Ferrothorn
|-heal|p1a: Ferrothorn|76\/351|[silent]
|turn|11
|
|switch|p2a: Landorus-Therian|Landorus-Therian, M|311\/382
|-ability|p2a: Landorus-Therian|Intimidate|[of] p1a: Ferrothorn
|-unboost|p1a: Ferrothorn|atk|1
|move|p1a: Ferrothorn|Protect|p1a: Ferrothorn
|-fail|p1a: Ferrothorn
|
|-heal|p2a: Landorus-Therian|334\/382|[from] item: Leftovers
|-heal|p1a: Ferrothorn|97\/351|[from] item: Leftovers
|turn|12
|
|switch|p1a: Gliscor|Gliscor, M|353\/353 tox
|-damage|p1a: Gliscor|309\/353 tox|[from] Stealth Rock
|move|p2a: Landorus-Therian|Earthquake|p1a: Gliscor
|-immune|p1a: Gliscor|[msg]
|
|-heal|p2a: Landorus-Therian|357\/382|[from] item: Leftovers
|-heal|p1a: Gliscor|353\/353 tox|[from] ability: Poison Heal
|turn|13
|
|switch|p2a: Latios|Latios, M|301\/301
|move|p1a: Gliscor|Toxic|p2a: Latios|[miss]
|-miss|p1a: Gliscor|p2a: Latios
|
|turn|14
|
|switch|p1a: Tyranitar|Tyranitar, F|341\/341
|-damage|p1a: Tyranitar|299\/341|[from] Stealth Rock
|-weather|Sandstorm
|move|p2a: Latios|Psyshock|p1a: Tyranitar
|-immune|p1a: Tyranitar|[msg]
|
|-weather|Sandstorm|[upkeep]
|-damage|p2a: Latios|283\/301|[from] sandstorm
|turn|15
|
|move|p2a: Latios|Draco Meteor|p1a: Tyranitar
|-damage|p1a: Tyranitar|88\/341
|-unboost|p2a: Latios|spa|2
|-damage|p2a: Latios|253\/301|[from] item: Life Orb
|move|p1a: Tyranitar|Pursuit|p2a: Latios
|-supereffective|p2a: Latios
|-damage|p2a: Latios|0 fnt
|faint|p2a: Latios
|
|-weather|Sandstorm|[upkeep]
|
|switch|p2a: Rotom-Wash|Rotom-Wash|304\/304
|turn|16
|
|switch|p1a: Ferrothorn|Ferrothorn, M|97\/351
|-damage|p1a: Ferrothorn|76\/351|[from] Stealth Rock
|move|p2a: Rotom-Wash|Volt Switch|p1a: Ferrothorn
|-resisted|p1a: Ferrothorn
|-damage|p1a: Ferrothorn|43\/351
|
|switch|p2a: Volcarona|Volcarona, F|374\/374
|-damage|p2a: Volcarona|328\/374|[from] Spikes
|
|-weather|Sandstorm|[upkeep]
|-damage|p2a: Volcarona|305\/374|[from] sandstorm
|-heal|p2a: Volcarona|328\/374|[from] item: Leftovers
|-heal|p1a: Ferrothorn|64\/351|[from] item: Leftovers
|turn|17
|
|move|p2a: Volcarona|Bug Buzz|p1a: Ferrothorn
|-damage|p1a: Ferrothorn|0 fnt
|faint|p1a: Ferrothorn
|
|-weather|Sandstorm|[upkeep]
|-damage|p2a: Volcarona|305\/374|[from] sandstorm
|-heal|p2a: Volcarona|328\/374|[from] item: Leftovers
|
|switch|p1a: Latios|Latios, M|301\/301
|-damage|p1a: Latios|264\/301|[from] Stealth Rock
|turn|18
|
|move|p1a: Latios|Draco Meteor|p2a: Volcarona
|-damage|p2a: Volcarona|15\/374
|-unboost|p1a: Latios|spa|2
|-damage|p1a: Latios|234\/301|[from] item: Life Orb
|move|p2a: Volcarona|Bug Buzz|p1a: Latios
|-supereffective|p1a: Latios
|-damage|p1a: Latios|0 fnt
|faint|p1a: Latios
|
|-weather|none
|-heal|p2a: Volcarona|38\/374|[from] item: Leftovers
|
|switch|p1a: Heatran|Heatran, F|385\/385
|-damage|p1a: Heatran|337\/385|[from] Stealth Rock
|turn|19
|
|move|p2a: Volcarona|Roost|p2a: Volcarona
|-heal|p2a: Volcarona|225\/374
|move|p1a: Heatran|Lava Plume|p2a: Volcarona
|-damage|p2a: Volcarona|120\/374
|
|-heal|p2a: Volcarona|143\/374|[from] item: Leftovers
|-heal|p1a: Heatran|361\/385|[from] item: Leftovers
|turn|20
|
|move|p2a: Volcarona|Roost|p2a: Volcarona
|-heal|p2a: Volcarona|330\/374
|move|p1a: Heatran|Toxic|p2a: Volcarona
|-status|p2a: Volcarona|tox
|
|-heal|p2a: Volcarona|353\/374 tox|[from] item: Leftovers
|-heal|p1a: Heatran|385\/385|[from] item: Leftovers
|-damage|p2a: Volcarona|330\/374 tox|[from] psn
|turn|21
|
|move|p2a: Volcarona|Bug Buzz|p1a: Heatran
|-resisted|p1a: Heatran
|-damage|p1a: Heatran|360\/385
|move|p1a: Heatran|Stealth Rock|p2a: Volcarona
|-sidestart|p2: Linck129|move: Stealth Rock
|
|-heal|p2a: Volcarona|353\/374 tox|[from] item: Leftovers
|-heal|p1a: Heatran|384\/385|[from] item: Leftovers
|-damage|p2a: Volcarona|307\/374 tox|[from] psn
|turn|22
|
|move|p2a: Volcarona|Bug Buzz|p1a: Heatran
|-resisted|p1a: Heatran
|-damage|p1a: Heatran|361\/385
|-unboost|p1a: Heatran|spd|1
|move|p1a: Heatran|Lava Plume|p2a: Volcarona
|-damage|p2a: Volcarona|184\/374 tox
|
|-heal|p2a: Volcarona|207\/374 tox|[from] item: Leftovers
|-heal|p1a: Heatran|385\/385|[from] item: Leftovers
|-damage|p2a: Volcarona|138\/374 tox|[from] psn
|turn|23
|
|move|p2a: Volcarona|Bug Buzz|p1a: Heatran
|-resisted|p1a: Heatran
|-damage|p1a: Heatran|350\/385
|move|p1a: Heatran|Lava Plume|p2a: Volcarona
|-damage|p2a: Volcarona|35\/374 tox
|
|-heal|p2a: Volcarona|58\/374 tox|[from] item: Leftovers
|-heal|p1a: Heatran|374\/385|[from] item: Leftovers
|-damage|p2a: Volcarona|0 fnt|[from] psn
|faint|p2a: Volcarona
|
|switch|p2a: Metagross|Metagross-Mega|190\/301
|-damage|p2a: Metagross|153\/301|[from] Spikes
|-damage|p2a: Metagross|135\/301|[from] Stealth Rock
|turn|24
|
|switch|p1a: Slowbro|Slowbro, M|393\/393
|-damage|p1a: Slowbro|344\/393|[from] Stealth Rock
|move|p2a: Metagross|Grass Knot|p1a: Slowbro
|-supereffective|p1a: Slowbro
|-damage|p1a: Slowbro|158\/393
|
|turn|25
|
|switch|p1a: Gliscor|Gliscor, M|353\/353 tox
|-damage|p1a: Gliscor|309\/353 tox|[from] Stealth Rock
|move|p2a: Metagross|Meteor Mash|p1a: Gliscor
|-damage|p1a: Gliscor|161\/353 tox
|
|-heal|p1a: Gliscor|205\/353 tox|[from] ability: Poison Heal
|turn|26
|
|move|p2a: Metagross|Meteor Mash|p1a: Gliscor
|-damage|p1a: Gliscor|67\/353 tox
|move|p1a: Gliscor|Earthquake|p2a: Metagross
|-supereffective|p2a: Metagross
|-damage|p2a: Metagross|0 fnt
|faint|p2a: Metagross
|
|-heal|p1a: Gliscor|111\/353 tox|[from] ability: Poison Heal
|
|switch|p2a: Rotom-Wash|Rotom-Wash|304\/304
|-damage|p2a: Rotom-Wash|266\/304|[from] Stealth Rock
|turn|27
|
|switch|p1a: Tyranitar|Tyranitar, F|88\/341
|-damage|p1a: Tyranitar|46\/341|[from] Stealth Rock
|-weather|Sandstorm
|move|p2a: Rotom-Wash|Hydro Pump|p1a: Tyranitar
|-supereffective|p1a: Tyranitar
|-damage|p1a: Tyranitar|0 fnt
|faint|p1a: Tyranitar
|
|-weather|Sandstorm|[upkeep]
|-damage|p2a: Rotom-Wash|247\/304|[from] sandstorm
|-heal|p2a: Rotom-Wash|266\/304|[from] item: Leftovers
|
|switch|p1a: Heatran|Heatran, F|374\/385
|-damage|p1a: Heatran|326\/385|[from] Stealth Rock
|turn|28
|
|switch|p2a: Landorus-Therian|Landorus-Therian, M|357\/382
|-damage|p2a: Landorus-Therian|310\/382|[from] Stealth Rock
|-ability|p2a: Landorus-Therian|Intimidate|[of] p1a: Heatran
|-unboost|p1a: Heatran|atk|1
|move|p1a: Heatran|Lava Plume|p2a: Landorus-Therian
|-damage|p2a: Landorus-Therian|169\/382
|
|-weather|Sandstorm|[upkeep]
|-heal|p2a: Landorus-Therian|192\/382|[from] item: Leftovers
|-heal|p1a: Heatran|350\/385|[from] item: Leftovers
|turn|29
|
|switch|p1a: Gliscor|Gliscor, M|111\/353 tox
|-damage|p1a: Gliscor|67\/353 tox|[from] Stealth Rock
|move|p2a: Landorus-Therian|Knock Off|p1a: Gliscor
|-damage|p1a: Gliscor|0 fnt
|-enditem|p1a: Gliscor|Toxic Orb|[from] move: Knock Off|[of] p2a: Landorus-Therian
|faint|p1a: Gliscor
|
|-weather|Sandstorm|[upkeep]
|-heal|p2a: Landorus-Therian|215\/382|[from] item: Leftovers
|
|switch|p1a: Heatran|Heatran, F|350\/385
|-damage|p1a: Heatran|302\/385|[from] Stealth Rock
|turn|30
|c|★CH3-O-CH3|gg
|c|★Linck129|gg
|
|move|p2a: Landorus-Therian|Earthquake|p1a: Heatran
|-supereffective|p1a: Heatran
|-damage|p1a: Heatran|0 fnt
|faint|p1a: Heatran
|
|-weather|Sandstorm|[upkeep]
|-heal|p2a: Landorus-Therian|238\/382|[from] item: Leftovers
|
|switch|p1a: Slowbro|Slowbro, M|289\/393
|-damage|p1a: Slowbro|240\/393|[from] Stealth Rock
|turn|31
|
|switch|p2a: Serperior|Serperior, M|291\/291
|-damage|p2a: Serperior|255\/291|[from] Spikes
|-damage|p2a: Serperior|219\/291|[from] Stealth Rock
|detailschange|p1a: Slowbro|Slowbro-Mega, M
|-mega|p1a: Slowbro|Slowbro|Slowbronite
|move|p1a: Slowbro|Scald|p2a: Serperior
|-resisted|p2a: Serperior
|-damage|p2a: Serperior|161\/291
|-status|p2a: Serperior|brn
|
|-weather|none
|-damage|p2a: Serperior|125\/291 brn|[from] brn
|turn|32
|
|move|p2a: Serperior|Leaf Storm|p1a: Slowbro|[miss]
|-miss|p2a: Serperior|p1a: Slowbro
|move|p1a: Slowbro|Rest|p1a: Slowbro
|-status|p1a: Slowbro|slp
|-heal|p1a: Slowbro|393\/393 slp|[silent]
|-status|p1a: Slowbro|slp|[from] move: Rest
|
|-damage|p2a: Serperior|89\/291 brn|[from] brn
|turn|33
|
|move|p2a: Serperior|Leaf Storm|p1a: Slowbro
|-supereffective|p1a: Slowbro
|-damage|p1a: Slowbro|0 fnt
|-boost|p2a: Serperior|spa|2
|-damage|p2a: Serperior|60\/291 brn|[from] item: Life Orb
|faint|p1a: Slowbro
|
|win|Linck129
|raw|Ladder updating...
|c|★CH3-O-CH3|gg
|raw|CH3-O-CH3's rating: 1483 &rarr; <strong>1469<\/strong><br \/>(-14 for losing)
|raw|Linck129's rating: 1576 &rarr; <strong>1591<\/strong><br \/>(+15 for winning)
|leave|CH3-O-CH3
|c|★Linck129|yèep
|player|p1