|join|Linck129
|join|Rapture's Finest
|player|p1|Linck129|101
|player|p2|Rapture's Finest|88
|gametype|singles
|gen|6
|tier|OU
|rated
|clearpoke
|poke|p1|Landorus-Therian, M
|poke|p1|Sableye, F
|poke|p1|Tauros, M
|poke|p1|Rotom-Wash
|poke|p1|Suicune
|poke|p1|Bisharp, F
|poke|p2|Thundurus, M
|poke|p2|Azelf
|poke|p2|Landorus, M
|poke|p2|Lopunny, M
|poke|p2|Bisharp, F
|poke|p2|Keldeo-Resolute
|rule|Swagger Clause: Swagger is banned
|rule|Baton Pass Clause: Limit one Pokémon knowing Baton Pass
|rule|Sleep Clause Mod: Limit one foe put to sleep
|rule|Species Clause: Limit one of each Pokémon
|rule|OHKO Clause: OHKO moves are banned
|rule|Moody Clause: Moody is banned
|rule|Evasion Moves Clause: Evasion moves are banned
|rule|Endless Battle Clause: Forcing endless battles is banned
|rule|HP Percentage Mod: HP is shown in percentages
|teampreview
|
|start
|switch|p1a: Sableye|Sableye, F|304\/304
|switch|p2a: Azelf|Azelf|291\/291
|turn|1
|
|detailschange|p1a: Sableye|Sableye-Mega, F
|-mega|p1a: Sableye|Sableye|Sablenite
|move|p1a: Sableye|Will-O-Wisp|p2a: Azelf
|-status|p2a: Azelf|brn
|move|p2a: Azelf|Skill Swap|p1a: Sableye
|-activate|p2a: Azelf|move: Skill Swap|Magic Bounce|Levitate|[of] p1a: Sableye
|
|-damage|p2a: Azelf|255\/291 brn|[from] brn
|turn|2
|c|★Linck129|lol
|
|move|p2a: Azelf|Stealth Rock|p1a: Sableye
|-sidestart|p1: Linck129|move: Stealth Rock
|move|p1a: Sableye|Dark Pulse|p2a: Azelf
|-supereffective|p2a: Azelf
|-damage|p2a: Azelf|33\/291 brn
|
|-damage|p2a: Azelf|0 fnt|[from] brn
|faint|p2a: Azelf
|
|switch|p2a: Lopunny|Lopunny, M|271\/271
|turn|3
|
|switch|p1a: Landorus-Therian|Landorus-Therian, M|341\/341
|-damage|p1a: Landorus-Therian|299\/341|[from] Stealth Rock
|-ability|p1a: Landorus-Therian|Intimidate|[of] p2a: Lopunny
|-unboost|p2a: Lopunny|atk|1
|move|p2a: Lopunny|High Jump Kick|p1a: Landorus-Therian
|-resisted|p1a: Landorus-Therian
|-damage|p1a: Landorus-Therian|262\/341
|
|-heal|p1a: Landorus-Therian|283\/341|[from] item: Leftovers
|turn|4
|
|switch|p1a: Sableye|Sableye-Mega, F|304\/304
|-damage|p1a: Sableye|266\/304|[from] Stealth Rock
|detailschange|p2a: Lopunny|Lopunny-Mega, M
|-mega|p2a: Lopunny|Lopunny|Lopunnite
|move|p2a: Lopunny|Ice Punch|p1a: Sableye
|-damage|p1a: Sableye|227\/304
|
|turn|5
|
|switch|p2a: Landorus|Landorus, M|319\/319
|move|p1a: Sableye|Will-O-Wisp|p2a: Landorus
|-status|p2a: Landorus|brn
|
|-damage|p2a: Landorus|280\/319 brn|[from] brn
|turn|6
|
|switch|p1a: Rotom-Wash|Rotom-Wash|304\/304
|-damage|p1a: Rotom-Wash|266\/304|[from] Stealth Rock
|move|p2a: Landorus|Sludge Wave|p1a: Rotom-Wash
|-damage|p1a: Rotom-Wash|78\/304
|
|-heal|p1a: Rotom-Wash|97\/304|[from] item: Leftovers
|-damage|p2a: Landorus|241\/319 brn|[from] brn
|turn|7
|
|move|p2a: Landorus|Psychic|p1a: Rotom-Wash
|-damage|p1a: Rotom-Wash|0 fnt
|faint|p1a: Rotom-Wash
|
|-damage|p2a: Landorus|202\/319 brn|[from] brn
|
|switch|p1a: Tauros|Tauros, M|291\/291
|-damage|p1a: Tauros|255\/291|[from] Stealth Rock
|turn|8
|join|akadar
|join|skysoki
|c| akadar|jk
|c| skysoki|Tauros le vré
|c|★Linck129|oui !!!
|join|Sacripan
|c|★Linck129|OU
|
|move|p1a: Tauros|Rock Climb|p2a: Landorus|[miss]
|-miss|p1a: Tauros|p2a: Landorus
|move|p2a: Landorus|Earth Power|p1a: Tauros
|-damage|p1a: Tauros|0 fnt
|faint|p1a: Tauros
|
|-damage|p2a: Landorus|163\/319 brn|[from] brn
|c| Sacripan|sad
|-message|Linck129 forfeited.
|leave|Linck129
|
|win|Rapture's Finest
|raw|Ladder updating...
|c|★Rapture's Finest|lolol
|player|p1
|raw|Linck129's rating: 1434 &rarr; <strong>1411<\/strong><br \/>(-23 for losing)
|raw|Rapture&apos;s Finest's rating: 1385 &rarr; <strong>1408<\/strong><br \/>(+23 for winning)
|leave|skysoki
|leave|Sacripan