|join|MaryLa
|join|Call me 911
|player|p1|MaryLa|289
|player|p2|Call me 911|239
|gametype|singles
|gen|6
|tier|UU
|rated
|rule|Sleep Clause Mod: Limit one foe put to sleep
|rule|Species Clause: Limit one of each Pokémon
|rule|OHKO Clause: OHKO moves are banned
|rule|Moody Clause: Moody is banned
|rule|Evasion Moves Clause: Evasion moves are banned
|rule|Endless Battle Clause: Forcing endless battles is banned
|rule|HP Percentage Mod: HP is shown in percentages
|clearpoke
|poke|p1|Victini
|poke|p1|Slowbro, M
|poke|p1|Blissey, F
|poke|p1|Absol, F
|poke|p1|Donphan, M
|poke|p1|Noivern, M
|poke|p2|Nidoking, M
|poke|p2|Heracross, M
|poke|p2|Aerodactyl, F
|poke|p2|Whimsicott, M
|poke|p2|Entei, shiny
|poke|p2|Empoleon, M
|rule|Swagger Clause: Swagger is banned
|rule|Baton Pass Clause: Limit one Pokémon knowing Baton Pass
|teampreview
|chat|Call me 911|glh f
|chat|MaryLa|you too :3
|
|start
|switch|p1a: Batman|Noivern, M|311\/311
|switch|p2a: Empoleon|Empoleon, M|372\/372
|-item|p2a: Empoleon|Leftovers|[from] ability: Frisk|[of] p1a: Batman|[identify]
|turn|1
|
|move|p1a: Batman|U-turn|p2a: Empoleon
|-resisted|p2a: Empoleon
|-damage|p2a: Empoleon|354\/372
|
|switch|p1a: NightmareMoon|Absol, F|271\/271
|move|p2a: Empoleon|Stealth Rock|p1a: NightmareMoon
|-sidestart|p1: MaryLa|move: Stealth Rock
|
|-heal|p2a: Empoleon|372\/372|[from] item: Leftovers
|turn|2
|
|detailschange|p1a: NightmareMoon|Absol-Mega, F
|message|Absol has Mega Evolved into Mega Absol!
|move|p1a: NightmareMoon|Superpower|p2a: Empoleon
|-supereffective|p2a: Empoleon
|-damage|p2a: Empoleon|80\/372
|-unboost|p1a: NightmareMoon|atk|1
|-unboost|p1a: NightmareMoon|def|1
|move|p2a: Empoleon|Scald|p1a: NightmareMoon
|-damage|p1a: NightmareMoon|0 fnt
|faint|p1a: NightmareMoon
|
|-heal|p2a: Empoleon|103\/372|[from] item: Leftovers
|
|switch|p1a: Peace!|Victini|341\/341
|-damage|p1a: Peace!|256\/341|[from] Stealth Rock
|turn|3
|
|move|p1a: Peace!|Bolt Strike|p2a: Empoleon
|-supereffective|p2a: Empoleon
|-damage|p2a: Empoleon|0 fnt
|faint|p2a: Empoleon
|
|
|switch|p2a: Nidoking|Nidoking, M|303\/303
|turn|4
|
|switch|p1a: .#GoodWall|Blissey, F|714\/714
|-damage|p1a: .#GoodWall|625\/714|[from] Stealth Rock
|move|p2a: Nidoking|Earth Power|p1a: .#GoodWall
|-damage|p1a: .#GoodWall|489\/714
|
|-heal|p1a: .#GoodWall|533\/714|[from] item: Leftovers
|turn|5
|
|move|p2a: Nidoking|Sludge Wave|p1a: .#GoodWall
|-damage|p1a: .#GoodWall|407\/714
|move|p1a: .#GoodWall|Wish|p1a: .#GoodWall
|
|-heal|p1a: .#GoodWall|451\/714|[from] item: Leftovers
|turn|6
|
|move|p2a: Nidoking|Superpower|p1a: .#GoodWall
|-supereffective|p1a: .#GoodWall
|-damage|p1a: .#GoodWall|0 fnt
|-unboost|p2a: Nidoking|atk|1
|-unboost|p2a: Nidoking|def|1
|-damage|p2a: Nidoking|273\/303|[from] item: Life Orb
|faint|p1a: .#GoodWall
|
|chat|MaryLa|huh.
|
|switch|p1a: Batman|Noivern, M|311\/311
|-damage|p1a: Batman|234\/311|[from] Stealth Rock
|-item|p2a: Nidoking|Life Orb|[from] ability: Frisk|[of] p1a: Batman|[identify]
|turn|7
|chat|Call me 911|:p
|
|switch|p2a: Entei|Entei, shiny|431\/431
|-ability|p2a: Entei|Pressure
|move|p1a: Batman|Draco Meteor|p2a: Entei
|-damage|p2a: Entei|211\/431
|-unboost|p1a: Batman|spa|2
|
|turn|8
|
|switch|p1a: Paul|Slowbro, M|394\/394
|-damage|p1a: Paul|345\/394|[from] Stealth Rock
|move|p2a: Entei|Sacred Fire|p1a: Paul
|-resisted|p1a: Paul
|-damage|p1a: Paul|284\/394
|
|-heal|p1a: Paul|308\/394|[from] item: Leftovers
|turn|9
|
|switch|p2a: Heracross|Heracross, M|301\/301
|move|p1a: Paul|Scald|p2a: Heracross
|-crit|p2a: Heracross
|-damage|p2a: Heracross|166\/301
|
|-heal|p1a: Paul|332\/394|[from] item: Leftovers
|-status|p2a: Heracross|tox|[from] item: Toxic Orb
|turn|10
|
|switch|p1a: Tire|Donphan, M|384\/384
|-damage|p1a: Tire|360\/384|[from] Stealth Rock
|move|p2a: Heracross|Megahorn|p1a: Tire
|-damage|p1a: Tire|173\/384
|
|-heal|p1a: Tire|197\/384|[from] item: Leftovers
|-damage|p2a: Heracross|148\/301 tox|[from] psn
|turn|11
|
|move|p2a: Heracross|Megahorn|p1a: Tire
|-damage|p1a: Tire|2\/384
|move|p1a: Tire|Rapid Spin|p2a: Heracross
|-damage|p2a: Heracross|125\/301 tox
|-sideend|p1: MaryLa|Stealth Rock|[from] move: Rapid Spin|[of] p1a: Tire
|
|-heal|p1a: Tire|26\/384|[from] item: Leftovers
|-damage|p2a: Heracross|89\/301 tox|[from] psn
|turn|12
|
|move|p2a: Heracross|Knock Off|p1a: Tire
|-damage|p1a: Tire|0 fnt
|-enditem|p1a: Tire|Leftovers|[from] move: Knock Off|[of] p2a: Heracross
|faint|p1a: Tire
|
|-damage|p2a: Heracross|35\/301 tox|[from] psn
|
|switch|p1a: Peace!|Victini|256\/341
|turn|13
|
|move|p1a: Peace!|Zen Headbutt|p2a: Heracross
|-supereffective|p2a: Heracross
|-damage|p2a: Heracross|0 fnt
|faint|p2a: Heracross
|
|
|switch|p2a: Aerodactyl|Aerodactyl, F|302\/302
|-ability|p2a: Aerodactyl|Pressure
|turn|14
|
|switch|p1a: Paul|Slowbro, M|394\/394
|detailschange|p2a: Aerodactyl|Aerodactyl-Mega, F
|message|Aerodactyl has Mega Evolved into Mega Aerodactyl!
|move|p2a: Aerodactyl|Stone Edge|p1a: Paul
|-damage|p1a: Paul|267\/394
|
|-heal|p1a: Paul|291\/394|[from] item: Leftovers
|turn|15
|
|switch|p2a: Whimsicott|Whimsicott, M|261\/261
|move|p1a: Paul|Scald|p2a: Whimsicott
|-resisted|p2a: Whimsicott
|-damage|p2a: Whimsicott|201\/261
|
|-heal|p1a: Paul|315\/394|[from] item: Leftovers
|turn|16
|
|switch|p1a: Peace!|Victini|256\/341
|move|p2a: Whimsicott|Moonblast|p1a: Peace!
|-resisted|p1a: Peace!
|-damage|p1a: Peace!|174\/341
|-damage|p2a: Whimsicott|175\/261|[from] item: Life Orb
|
|turn|17
|chat|MaryLa|wow
|chat|MaryLa|a life orb whimsicott
|chat|Call me 911|^^
|chat|MaryLa|I thought I'm the only one that does that xD
|chat|Call me 911|It's not perfect, but I like using it xD
|
|switch|p2a: Entei|Entei, shiny|211\/431
|-ability|p2a: Entei|Pressure
|switch|p1a: Batman|Noivern, M|234\/311
|-item|p2a: Entei|Assault Vest|[from] ability: Frisk|[of] p1a: Batman|[identify]
|
|turn|18
|
|move|p2a: Entei|Extreme Speed|p1a: Batman
|-damage|p1a: Batman|121\/311
|move|p1a: Batman|Draco Meteor|p2a: Entei
|-damage|p2a: Entei|0 fnt
|-unboost|p1a: Batman|spa|2
|faint|p2a: Entei
|
|
|switch|p2a: Whimsicott|Whimsicott, M|175\/261
|turn|19
|
|switch|p1a: Peace!|Victini|174\/341
|move|p2a: Whimsicott|Moonblast|p1a: Peace!
|-resisted|p1a: Peace!
|-damage|p1a: Peace!|87\/341
|-unboost|p1a: Peace!|spa|1
|-damage|p2a: Whimsicott|149\/261|[from] item: Life Orb
|
|turn|20
|
|move|p2a: Whimsicott|Tailwind|p2a: Whimsicott
|-sidestart|p2: Call me 911|move: Tailwind
|move|p1a: Peace!|V-create|p2a: Whimsicott
|-supereffective|p2a: Whimsicott
|-damage|p2a: Whimsicott|0 fnt
|-unboost|p1a: Peace!|def|1
|-unboost|p1a: Peace!|spd|1
|-unboost|p1a: Peace!|spe|1
|faint|p2a: Whimsicott
|
|
|switch|p2a: Nidoking|Nidoking, M|273\/303
|turn|21
|
|move|p2a: Nidoking|Sludge Wave|p1a: Peace!
|-damage|p1a: Peace!|0 fnt
|faint|p1a: Peace!
|
|
|switch|p1a: Paul|Slowbro, M|394\/394
|turn|22
|
|move|p2a: Nidoking|Sludge Wave|p1a: Paul
|-damage|p1a: Paul|117\/394
|move|p1a: Paul|Scald|p2a: Nidoking
|-supereffective|p2a: Nidoking
|-damage|p2a: Nidoking|55\/303
|
|-heal|p1a: Paul|141\/394|[from] item: Leftovers
|turn|23
|
|move|p2a: Nidoking|Sludge Wave|p1a: Paul
|-damage|p1a: Paul|0 fnt
|faint|p1a: Paul
|
|-sideend|p2: Call me 911|move: Tailwind
|
|switch|p1a: Batman|Noivern, M|121\/311
|-item|p2a: Nidoking|Life Orb|[from] ability: Frisk|[of] p1a: Batman|[identify]
|turn|24
|chat|MaryLa|gg xD
|
|move|p1a: Batman|Draco Meteor|p2a: Nidoking
|-damage|p2a: Nidoking|0 fnt
|-unboost|p1a: Batman|spa|2
|faint|p2a: Nidoking
|
|chat|Call me 911|gg:)
|
|switch|p2a: Aerodactyl|Aerodactyl-Mega, F|302\/302
|turn|25
|
|move|p2a: Aerodactyl|Aerial Ace|p1a: Batman
|-damage|p1a: Batman|0 fnt
|faint|p1a: Batman
|
|win|Call me 911
|raw|Ladder updating...
|raw|MaryLa's rating: 1530 &rarr; <strong>1511<\/strong><br \/>(-19 for losing)
|raw|Call me 911's rating: 1549 &rarr; <strong>1568<\/strong><br \/>(+19 for winning)