|join|MaryLa
|join|evboli
|player|p1|MaryLa|289
|player|p2|evboli|169
|gametype|singles
|gen|6
|tier|UU
|rated
|rule|Sleep Clause Mod: Limit one foe put to sleep
|rule|Species Clause: Limit one of each Pokémon
|rule|OHKO Clause: OHKO moves are banned
|rule|Moody Clause: Moody is banned
|rule|Evasion Moves Clause: Evasion moves are banned
|rule|Endless Battle Clause: Forcing endless battles is banned
|rule|HP Percentage Mod: HP is shown in percentages
|clearpoke
|poke|p1|Absol, F, shiny
|poke|p1|Crobat, M
|poke|p1|Swampert, M
|poke|p1|Entei, shiny
|poke|p1|Jirachi, shiny
|poke|p1|Blissey, F
|poke|p2|Darmanitan, M
|poke|p2|Sharpedo, F
|poke|p2|Shaymin
|poke|p2|Raikou, shiny
|poke|p2|Honchkrow, F
|poke|p2|Lucario, M
|rule|Swagger Clause: Swagger is banned
|rule|Baton Pass Clause: Limit one Pokémon knowing Baton Pass
|teampreview
|
|start
|switch|p1a: TeamPlayer|Swampert, M|401\/401
|switch|p2a: Darmanitan|Darmanitan, M|351\/351
|turn|1
|
|move|p2a: Darmanitan|U-turn|p1a: TeamPlayer
|-damage|p1a: TeamPlayer|337\/401
|
|switch|p2a: Shaymin|Shaymin|341\/341
|move|p1a: TeamPlayer|Stealth Rock|p2a: Shaymin
|-sidestart|p2: evboli|move: Stealth Rock
|
|-heal|p1a: TeamPlayer|362\/401|[from] item: Leftovers
|turn|2
|join|Hurricanepigeon
|
|switch|p1a: GoodWall|Blissey, F|714\/714
|move|p2a: Shaymin|Air Slash|p1a: GoodWall
|-damage|p1a: GoodWall|641\/714
|-damage|p2a: Shaymin|307\/341|[from] item: Life Orb
|
|-heal|p1a: GoodWall|685\/714|[from] item: Leftovers
|turn|3
|
|switch|p2a: Lucario|Lucario, M|281\/281
|-damage|p2a: Lucario|273\/281|[from] Stealth Rock
|move|p1a: GoodWall|Seismic Toss|p2a: Lucario
|-damage|p2a: Lucario|173\/281
|
|-heal|p1a: GoodWall|714\/714|[from] item: Leftovers
|turn|4
|
|switch|p1a: Crowbar|Crobat, M|373\/373
|move|p2a: Lucario|Aura Sphere|p1a: Crowbar
|-resisted|p1a: Crowbar
|-damage|p1a: Crowbar|325\/373
|-damage|p2a: Lucario|145\/281|[from] item: Life Orb
|
|turn|5
|leave|Hurricanepigeon
|
|move|p1a: Crowbar|Acrobatics|p2a: Lucario
|-damage|p2a: Lucario|0 fnt
|faint|p2a: Lucario
|
|
|switch|p2a: Darmanitan|Darmanitan, M|351\/351
|-damage|p2a: Darmanitan|264\/351|[from] Stealth Rock
|turn|6
|
|move|p2a: Darmanitan|Flare Blitz|p1a: Crowbar
|-damage|p1a: Crowbar|0 fnt
|-damage|p2a: Darmanitan|157\/351|[from] recoil|[of] p1a: Crowbar
|faint|p1a: Crowbar
|
|
|switch|p1a: TeamPlayer|Swampert, M|362\/401
|turn|7
|
|move|p2a: Darmanitan|Flare Blitz|p1a: TeamPlayer
|-resisted|p1a: TeamPlayer
|-damage|p1a: TeamPlayer|246\/401
|-damage|p2a: Darmanitan|119\/351|[from] recoil|[of] p1a: TeamPlayer
|move|p1a: TeamPlayer|Scald|p2a: Darmanitan
|-supereffective|p2a: Darmanitan
|-damage|p2a: Darmanitan|0 fnt
|faint|p2a: Darmanitan
|
|-heal|p1a: TeamPlayer|271\/401|[from] item: Leftovers
|
|switch|p2a: Shaymin|Shaymin|307\/341
|-damage|p2a: Shaymin|265\/341|[from] Stealth Rock
|turn|8
|
|switch|p1a: Doom|Jirachi, shiny|403\/403
|move|p2a: Shaymin|Seed Flare|p1a: Doom
|-resisted|p1a: Doom
|-damage|p1a: Doom|317\/403
|-damage|p2a: Shaymin|231\/341|[from] item: Life Orb
|
|-heal|p1a: Doom|342\/403|[from] item: Leftovers
|turn|9
|
|move|p2a: Shaymin|Earth Power|p1a: Doom
|-supereffective|p1a: Doom
|-damage|p1a: Doom|178\/403
|-damage|p2a: Shaymin|197\/341|[from] item: Life Orb
|move|p1a: Doom|Substitute|p1a: Doom
|-start|p1a: Doom|Substitute
|-damage|p1a: Doom|78\/403
|
|-heal|p1a: Doom|103\/403|[from] item: Leftovers
|turn|10
|
|move|p2a: Shaymin|Earth Power|p1a: Doom
|-supereffective|p1a: Doom
|-end|p1a: Doom|Substitute
|-damage|p2a: Shaymin|163\/341|[from] item: Life Orb
|move|p1a: Doom|Body Slam|p2a: Shaymin
|-crit|p2a: Shaymin
|-damage|p2a: Shaymin|71\/341
|
|-heal|p1a: Doom|128\/403|[from] item: Leftovers
|turn|11
|
|switch|p1a: GoodWall|Blissey, F|714\/714
|move|p2a: Shaymin|Earth Power|p1a: GoodWall
|-damage|p1a: GoodWall|622\/714
|-damage|p2a: Shaymin|37\/341|[from] item: Life Orb
|
|-heal|p1a: GoodWall|666\/714|[from] item: Leftovers
|turn|12
|
|move|p2a: Shaymin|Rest|p2a: Shaymin
|-status|p2a: Shaymin|slp
|-heal|p2a: Shaymin|341\/341 slp|[silent]
|-status|p2a: Shaymin|slp|[from] move: Rest
|move|p1a: GoodWall|Seismic Toss|p2a: Shaymin
|-damage|p2a: Shaymin|241\/341 slp
|
|-heal|p1a: GoodWall|710\/714|[from] item: Leftovers
|turn|13
|
|switch|p2a: Raikou|Raikou, shiny|321\/321
|-damage|p2a: Raikou|281\/321|[from] Stealth Rock
|-ability|p2a: Raikou|Pressure
|move|p1a: GoodWall|Wish|p1a: GoodWall
|
|-heal|p1a: GoodWall|714\/714|[from] item: Leftovers
|turn|14
|
|switch|p1a: Doom|Jirachi, shiny|128\/403
|move|p2a: Raikou|Aura Sphere|p1a: Doom
|-damage|p1a: Doom|27\/403
|
|-heal|p1a: Doom|384\/403|[from] move: Wish|[wisher] GoodWall
|-heal|p1a: Doom|403\/403|[from] item: Leftovers
|turn|15
|
|switch|p2a: Shaymin|Shaymin|241\/341
|-damage|p2a: Shaymin|199\/341|[from] Stealth Rock
|move|p1a: Doom|Substitute|p1a: Doom
|-start|p1a: Doom|Substitute
|-damage|p1a: Doom|303\/403
|
|-heal|p1a: Doom|328\/403|[from] item: Leftovers
|turn|16
|
|move|p2a: Shaymin|Earth Power|p1a: Doom
|-supereffective|p1a: Doom
|-end|p1a: Doom|Substitute
|-damage|p2a: Shaymin|165\/341|[from] item: Life Orb
|move|p1a: Doom|Body Slam|p2a: Shaymin
|-damage|p2a: Shaymin|94\/341
|-status|p2a: Shaymin|par
|
|-heal|p1a: Doom|353\/403|[from] item: Leftovers
|turn|17
|
|move|p1a: Doom|Iron Head|p2a: Shaymin
|-damage|p2a: Shaymin|1\/341 par
|cant|p2a: Shaymin|flinch
|
|-heal|p1a: Doom|378\/403|[from] item: Leftovers
|turn|18
|c|★evboli|-.-
|
|move|p1a: Doom|Body Slam|p2a: Shaymin
|-damage|p2a: Shaymin|0 fnt
|faint|p2a: Shaymin
|
|-heal|p1a: Doom|403\/403|[from] item: Leftovers
|
|switch|p2a: Raikou|Raikou, shiny|281\/321
|-damage|p2a: Raikou|241\/321|[from] Stealth Rock
|-ability|p2a: Raikou|Pressure
|turn|19
|
|move|p2a: Raikou|Volt Switch|p1a: Doom
|-damage|p1a: Doom|259\/403
|
|switch|p2a: Honchkrow|Honchkrow, F|360\/360
|-damage|p2a: Honchkrow|270\/360|[from] Stealth Rock
|move|p1a: Doom|Substitute|p1a: Doom
|-start|p1a: Doom|Substitute
|-damage|p1a: Doom|159\/403
|
|-heal|p1a: Doom|184\/403|[from] item: Leftovers
|-heal|p2a: Honchkrow|292\/360|[from] item: Leftovers
|turn|20
|
|move|p1a: Doom|Body Slam|p2a: Honchkrow
|-damage|p2a: Honchkrow|173\/360
|move|p2a: Honchkrow|Substitute|p2a: Honchkrow
|-start|p2a: Honchkrow|Substitute
|-damage|p2a: Honchkrow|83\/360
|
|-heal|p1a: Doom|209\/403|[from] item: Leftovers
|-heal|p2a: Honchkrow|105\/360|[from] item: Leftovers
|turn|21
|
|move|p2a: Honchkrow|Sucker Punch|p1a: Doom
|-supereffective|p1a: Doom
|-end|p1a: Doom|Substitute
|move|p1a: Doom|Body Slam|p2a: Honchkrow
|-end|p2a: Honchkrow|Substitute
|
|-heal|p1a: Doom|234\/403|[from] item: Leftovers
|-heal|p2a: Honchkrow|127\/360|[from] item: Leftovers
|turn|22
|
|move|p1a: Doom|Body Slam|p2a: Honchkrow
|-damage|p2a: Honchkrow|23\/360
|move|p2a: Honchkrow|Substitute|p2a: Honchkrow
|-fail|p2a: Honchkrow|move: Substitute|[weak]
|
|-heal|p1a: Doom|259\/403|[from] item: Leftovers
|-heal|p2a: Honchkrow|45\/360|[from] item: Leftovers
|turn|23
|
|move|p2a: Honchkrow|Sucker Punch|p1a: Doom
|-fail|p1a: Doom
|move|p1a: Doom|Substitute|p1a: Doom
|-start|p1a: Doom|Substitute
|-damage|p1a: Doom|159\/403
|
|-heal|p1a: Doom|184\/403|[from] item: Leftovers
|-heal|p2a: Honchkrow|67\/360|[from] item: Leftovers
|turn|24
|
|move|p2a: Honchkrow|Sucker Punch|p1a: Doom
|-supereffective|p1a: Doom
|-end|p1a: Doom|Substitute
|move|p1a: Doom|Body Slam|p2a: Honchkrow
|-damage|p2a: Honchkrow|0 fnt
|faint|p2a: Honchkrow
|
|-heal|p1a: Doom|209\/403|[from] item: Leftovers
|
|switch|p2a: Sharpedo|Sharpedo, F|281\/281
|-damage|p2a: Sharpedo|246\/281|[from] Stealth Rock
|turn|25
|
|move|p2a: Sharpedo|Crunch|p1a: Doom
|-crit|p1a: Doom
|-supereffective|p1a: Doom
|-damage|p1a: Doom|0 fnt
|faint|p1a: Doom
|
|-boost|p2a: Sharpedo|spe|1|[from] ability: Speed Boost
|
|switch|p1a: TeamPlayer|Swampert, M|271\/401
|turn|26
|
|detailschange|p2a: Sharpedo|Sharpedo-Mega, F
|-mega|p2a: Sharpedo|Sharpedo|Sharpedonite
|move|p2a: Sharpedo|Waterfall|p1a: TeamPlayer
|-damage|p1a: TeamPlayer|138\/401
|move|p1a: TeamPlayer|Earthquake|p2a: Sharpedo
|-damage|p2a: Sharpedo|77\/281
|
|-heal|p1a: TeamPlayer|163\/401|[from] item: Leftovers
|turn|27
|
|move|p2a: Sharpedo|Crunch|p1a: TeamPlayer
|-damage|p1a: TeamPlayer|0 fnt
|faint|p1a: TeamPlayer
|
|
|switch|p1a: Celestia|Absol, F, shiny|271\/271
|turn|28
|
|switch|p2a: Raikou|Raikou, shiny|241\/321
|-damage|p2a: Raikou|201\/321|[from] Stealth Rock
|-ability|p2a: Raikou|Pressure
|detailschange|p1a: Celestia|Absol-Mega, F, shiny
|-mega|p1a: Celestia|Absol|Absolite
|move|p1a: Celestia|Sucker Punch|p2a: Raikou
|-fail|p2a: Raikou
|
|turn|29
|
|move|p1a: Celestia|Sucker Punch|p2a: Raikou
|-damage|p2a: Raikou|0 fnt
|faint|p2a: Raikou
|
|
|switch|p2a: Sharpedo|Sharpedo-Mega, F|77\/281
|-damage|p2a: Sharpedo|42\/281|[from] Stealth Rock
|turn|30
|
|move|p2a: Sharpedo|Protect|p2a: Sharpedo
|-singleturn|p2a: Sharpedo|Protect
|move|p1a: Celestia|Sucker Punch|p2a: Sharpedo
|-fail|p2a: Sharpedo
|
|turn|31
|
|move|p2a: Sharpedo|Protect|p2a: Sharpedo
|-fail|p2a: Sharpedo
|move|p1a: Celestia|Sucker Punch|p2a: Sharpedo
|-fail|p2a: Sharpedo
|
|turn|32
|
|move|p2a: Sharpedo|Protect|p2a: Sharpedo
|-singleturn|p2a: Sharpedo|Protect
|move|p1a: Celestia|Sucker Punch|p2a: Sharpedo
|-fail|p2a: Sharpedo
|
|turn|33
|
|move|p2a: Sharpedo|Protect|p2a: Sharpedo
|-fail|p2a: Sharpedo
|move|p1a: Celestia|Play Rough|p2a: Sharpedo
|-supereffective|p2a: Sharpedo
|-damage|p2a: Sharpedo|0 fnt
|faint|p2a: Sharpedo
|
|win|MaryLa
|raw|Ladder updating...
|leave|evboli
|raw|MaryLa's rating: 1387 &rarr; <strong>1403<\/strong><br \/>(+16 for winning)
|raw|evboli's rating: 1321 &rarr; <strong>1305<\/strong><br \/>(-16 for losing)
|player|p2