|join|MaryLa
|join|uutestest
|player|p1|MaryLa|289
|player|p2|uutestest|184
|gametype|singles
|gen|6
|tier|UU
|rated
|rule|Sleep Clause Mod: Limit one foe put to sleep
|rule|Species Clause: Limit one of each Pokémon
|rule|OHKO Clause: OHKO moves are banned
|rule|Moody Clause: Moody is banned
|rule|Evasion Moves Clause: Evasion moves are banned
|rule|Endless Battle Clause: Forcing endless battles is banned
|rule|HP Percentage Mod: HP is shown in percentages
|clearpoke
|poke|p1|Pidgeot, M
|poke|p1|Hippowdon, M
|poke|p1|Florges, F
|poke|p1|Dragalge, F
|poke|p1|Infernape, F
|poke|p1|Empoleon, F
|poke|p2|Blastoise, M
|poke|p2|Haxorus, F
|poke|p2|Serperior, M
|poke|p2|Jirachi
|poke|p2|Rotom-Heat
|poke|p2|Machamp, F
|rule|Swagger Clause: Swagger is banned
|rule|Baton Pass Clause: Limit one Pokémon knowing Baton Pass
|teampreview
|join|Synchronation
|
|start
|switch|p1a: Bird Jesus|Pidgeot, M|307\/307
|switch|p2a: Blastoise|Blastoise, M|361\/361
|turn|1
|
|switch|p2a: Rotom-Heat|Rotom-Heat|304\/304
|detailschange|p1a: Bird Jesus|Pidgeot-Mega, M
|-mega|p1a: Bird Jesus|Pidgeot|Pidgeotite
|move|p1a: Bird Jesus|U-turn|p2a: Rotom-Heat
|-resisted|p2a: Rotom-Heat
|-damage|p2a: Rotom-Heat|289\/304
|
|switch|p1a: Venom|Dragalge, F|319\/319
|
|-heal|p2a: Rotom-Heat|304\/304|[from] item: Leftovers
|turn|2
|
|move|p2a: Rotom-Heat|Volt Switch|p1a: Venom
|-resisted|p1a: Venom
|-damage|p1a: Venom|284\/319
|
|switch|p2a: Jirachi|Jirachi|404\/404
|move|p1a: Venom|Draco Meteor|p2a: Jirachi|[miss]
|-miss|p1a: Venom|p2a: Jirachi
|
|turn|3
|
|switch|p1a: Hippo|Hippowdon, M|419\/419
|-weather|Sandstorm
|move|p2a: Jirachi|Stealth Rock|p1a: Hippo
|-sidestart|p1: MaryLa|move: Stealth Rock
|
|-weather|Sandstorm|[upkeep]
|turn|4
|
|switch|p2a: Serperior|Serperior, M|291\/291
|move|p1a: Hippo|Stealth Rock|p2a: Serperior
|-sidestart|p2: uutestest|move: Stealth Rock
|
|-weather|Sandstorm|[upkeep]
|-damage|p2a: Serperior|273\/291|[from] sandstorm
|turn|5
|
|switch|p1a: King DeDeDe|Empoleon, F|371\/371
|-damage|p1a: King DeDeDe|348\/371|[from] Stealth Rock
|move|p2a: Serperior|Glare|p1a: King DeDeDe
|-status|p1a: King DeDeDe|par
|
|-weather|Sandstorm|[upkeep]
|-damage|p2a: Serperior|255\/291|[from] sandstorm
|-heal|p1a: King DeDeDe|371\/371 par|[from] item: Leftovers
|turn|6
|
|move|p2a: Serperior|Leaf Storm|p1a: King DeDeDe
|-damage|p1a: King DeDeDe|227\/371 par
|-boost|p2a: Serperior|spa|2
|-damage|p2a: Serperior|226\/291|[from] item: Life Orb
|move|p1a: King DeDeDe|Toxic|p2a: Serperior
|-status|p2a: Serperior|tox
|
|-weather|Sandstorm|[upkeep]
|-damage|p2a: Serperior|208\/291 tox|[from] sandstorm
|-heal|p1a: King DeDeDe|250\/371 par|[from] item: Leftovers
|-damage|p2a: Serperior|190\/291 tox|[from] psn
|turn|7
|
|move|p2a: Serperior|Leaf Storm|p1a: King DeDeDe
|-damage|p1a: King DeDeDe|0 fnt
|-boost|p2a: Serperior|spa|2
|-damage|p2a: Serperior|161\/291 tox|[from] item: Life Orb
|faint|p1a: King DeDeDe
|
|-weather|none
|-damage|p2a: Serperior|125\/291 tox|[from] psn
|
|switch|p1a: Bird Jesus|Pidgeot-Mega, M|307\/307
|-damage|p1a: Bird Jesus|231\/307|[from] Stealth Rock
|turn|8
|
|switch|p2a: Jirachi|Jirachi|404\/404
|-damage|p2a: Jirachi|379\/404|[from] Stealth Rock
|move|p1a: Bird Jesus|Hurricane|p2a: Jirachi
|-resisted|p2a: Jirachi
|-damage|p2a: Jirachi|304\/404
|
|-heal|p2a: Jirachi|329\/404|[from] item: Leftovers
|turn|9
|
|move|p1a: Bird Jesus|Heat Wave|p2a: Jirachi
|-supereffective|p2a: Jirachi
|-damage|p2a: Jirachi|143\/404
|move|p2a: Jirachi|Iron Head|p1a: Bird Jesus
|-damage|p1a: Bird Jesus|125\/307
|
|-heal|p2a: Jirachi|168\/404|[from] item: Leftovers
|turn|10
|
|move|p1a: Bird Jesus|Heat Wave|p2a: Jirachi
|-supereffective|p2a: Jirachi
|-damage|p2a: Jirachi|6\/404
|move|p2a: Jirachi|Iron Head|p1a: Bird Jesus
|-damage|p1a: Bird Jesus|14\/307
|
|-heal|p2a: Jirachi|31\/404|[from] item: Leftovers
|turn|11
|
|move|p1a: Bird Jesus|Roost|p1a: Bird Jesus
|-heal|p1a: Bird Jesus|168\/307
|move|p2a: Jirachi|U-turn|p1a: Bird Jesus
|-damage|p1a: Bird Jesus|107\/307
|
|switch|p2a: Blastoise|Blastoise, M|361\/361
|-damage|p2a: Blastoise|316\/361|[from] Stealth Rock
|
|turn|12
|
|detailschange|p2a: Blastoise|Blastoise-Mega, M
|-mega|p2a: Blastoise|Blastoise|Blastoisinite
|move|p1a: Bird Jesus|U-turn|p2a: Blastoise
|-damage|p2a: Blastoise|275\/361
|
|switch|p1a: FlowaPowa|Florges, F|360\/360
|-damage|p1a: FlowaPowa|315\/360|[from] Stealth Rock
|move|p2a: Blastoise|Water Pulse|p1a: FlowaPowa
|-damage|p1a: FlowaPowa|194\/360
|
|-heal|p1a: FlowaPowa|216\/360|[from] item: Leftovers
|turn|13
|
|move|p2a: Blastoise|Rapid Spin|p1a: FlowaPowa
|-damage|p1a: FlowaPowa|200\/360
|-sideend|p2: uutestest|Stealth Rock|[from] move: Rapid Spin|[of] p2a: Blastoise
|move|p1a: FlowaPowa|Wish|p1a: FlowaPowa
|
|-heal|p1a: FlowaPowa|222\/360|[from] item: Leftovers
|turn|14
|
|switch|p1a: Venom|Dragalge, F|284\/319
|-damage|p1a: Venom|245\/319|[from] Stealth Rock
|move|p2a: Blastoise|Water Pulse|p1a: Venom
|-resisted|p1a: Venom
|-damage|p1a: Venom|170\/319
|
|-heal|p1a: Venom|319\/319|[from] move: Wish|[wisher] FlowaPowa
|turn|15
|
|move|p2a: Blastoise|Dragon Pulse|p1a: Venom
|-supereffective|p1a: Venom
|-damage|p1a: Venom|23\/319
|move|p1a: Venom|Draco Meteor|p2a: Blastoise
|-damage|p2a: Blastoise|0 fnt
|-unboost|p1a: Venom|spa|2
|faint|p2a: Blastoise
|
|
|switch|p2a: Haxorus|Haxorus, F|293\/293
|-ability|p2a: Haxorus|Mold Breaker
|turn|16
|
|move|p2a: Haxorus|Dragon Dance|p2a: Haxorus
|-boost|p2a: Haxorus|atk|1
|-boost|p2a: Haxorus|spe|1
|move|p1a: Venom|Draco Meteor|p2a: Haxorus
|-supereffective|p2a: Haxorus
|-damage|p2a: Haxorus|0 fnt
|-unboost|p1a: Venom|spa|2
|faint|p2a: Haxorus
|
|
|switch|p2a: Jirachi|Jirachi|31\/404
|turn|17
|
|move|p2a: Jirachi|Healing Wish|p2a: Jirachi
|faint|p2a: Jirachi
|move|p1a: Venom|Draco Meteor|p2: Jirachi|[notarget]
|-notarget
|
|
|switch|p2a: Serperior|Serperior, M|125\/291 tox
|-heal|p2a: Serperior|291\/291|[from] move: Healing Wish
|turn|18
|
|move|p2a: Serperior|Leaf Storm|p1a: Venom
|-resisted|p1a: Venom
|-damage|p1a: Venom|0 fnt
|-boost|p2a: Serperior|spa|2
|-damage|p2a: Serperior|262\/291|[from] item: Life Orb
|faint|p1a: Venom
|
|
|switch|p1a: Bird Jesus|Pidgeot-Mega, M|107\/307
|-damage|p1a: Bird Jesus|31\/307|[from] Stealth Rock
|turn|19
|
|switch|p2a: Rotom-Heat|Rotom-Heat|304\/304
|move|p1a: Bird Jesus|Roost|p1a: Bird Jesus
|-heal|p1a: Bird Jesus|185\/307
|
|turn|20
|
|switch|p1a: Hippo|Hippowdon, M|419\/419
|-damage|p1a: Hippo|393\/419|[from] Stealth Rock
|-weather|Sandstorm
|move|p2a: Rotom-Heat|Volt Switch|p1a: Hippo
|-immune|p1a: Hippo|[msg]
|
|-weather|Sandstorm|[upkeep]
|-damage|p2a: Rotom-Heat|285\/304|[from] sandstorm
|-heal|p2a: Rotom-Heat|304\/304|[from] item: Leftovers
|-heal|p1a: Hippo|419\/419|[from] item: Leftovers
|turn|21
|
|move|p2a: Rotom-Heat|Will-O-Wisp|p1a: Hippo
|-status|p1a: Hippo|brn
|move|p1a: Hippo|Stealth Rock|p2a: Rotom-Heat
|-sidestart|p2: uutestest|move: Stealth Rock
|
|-weather|Sandstorm|[upkeep]
|-damage|p2a: Rotom-Heat|285\/304|[from] sandstorm
|-heal|p2a: Rotom-Heat|304\/304|[from] item: Leftovers
|-damage|p1a: Hippo|367\/419 brn|[from] brn
|turn|22
|
|switch|p2a: Serperior|Serperior, M|262\/291
|-damage|p2a: Serperior|226\/291|[from] Stealth Rock
|move|p1a: Hippo|Whirlwind|p2a: Serperior
|drag|p2a: Rotom-Heat|Rotom-Heat|304\/304
|-damage|p2a: Rotom-Heat|228\/304|[from] Stealth Rock
|
|-weather|Sandstorm|[upkeep]
|-damage|p2a: Rotom-Heat|209\/304|[from] sandstorm
|-heal|p2a: Rotom-Heat|228\/304|[from] item: Leftovers
|-heal|p1a: Hippo|393\/419 brn|[from] item: Leftovers
|-damage|p1a: Hippo|341\/419 brn|[from] brn
|turn|23
|
|move|p2a: Rotom-Heat|Overheat|p1a: Hippo
|-damage|p1a: Hippo|122\/419 brn
|-unboost|p2a: Rotom-Heat|spa|2
|move|p1a: Hippo|Whirlwind|p2a: Rotom-Heat
|drag|p2a: Machamp|Machamp, F|321\/321
|-damage|p2a: Machamp|301\/321|[from] Stealth Rock
|
|-weather|Sandstorm|[upkeep]
|-damage|p2a: Machamp|281\/321|[from] sandstorm
|-heal|p1a: Hippo|148\/419 brn|[from] item: Leftovers
|-damage|p1a: Hippo|96\/419 brn|[from] brn
|turn|24
|
|move|p2a: Machamp|Ice Punch|p1a: Hippo
|-supereffective|p1a: Hippo
|-damage|p1a: Hippo|0 fnt
|faint|p1a: Hippo
|
|-weather|none
|
|switch|p1a: Bird Jesus|Pidgeot-Mega, M|185\/307
|-damage|p1a: Bird Jesus|109\/307|[from] Stealth Rock
|turn|25
|
|switch|p2a: Rotom-Heat|Rotom-Heat|228\/304
|-damage|p2a: Rotom-Heat|152\/304|[from] Stealth Rock
|move|p1a: Bird Jesus|Hurricane|p2a: Rotom-Heat
|-resisted|p2a: Rotom-Heat
|-damage|p2a: Rotom-Heat|59\/304
|
|-heal|p2a: Rotom-Heat|78\/304|[from] item: Leftovers
|turn|26
|
|move|p1a: Bird Jesus|Hurricane|p2a: Rotom-Heat
|-resisted|p2a: Rotom-Heat
|-damage|p2a: Rotom-Heat|0 fnt
|faint|p2a: Rotom-Heat
|
|
|switch|p2a: Serperior|Serperior, M|226\/291
|-damage|p2a: Serperior|190\/291|[from] Stealth Rock
|turn|27
|
|move|p1a: Bird Jesus|Hurricane|p2a: Serperior
|-crit|p2a: Serperior
|-supereffective|p2a: Serperior
|-damage|p2a: Serperior|0 fnt
|faint|p2a: Serperior
|
|c|★uutestest|gg
|
|switch|p2a: Machamp|Machamp, F|281\/321
|-damage|p2a: Machamp|261\/321|[from] Stealth Rock
|turn|28
|c|★MaryLa|gg
|c|★MaryLa|good team tho
|c|★uutestest|u2
|
|move|p2a: Machamp|Bullet Punch|p1a: Bird Jesus
|-damage|p1a: Bird Jesus|21\/307
|move|p1a: Bird Jesus|Hurricane|p2a: Machamp
|-supereffective|p2a: Machamp
|-damage|p2a: Machamp|0 fnt
|faint|p2a: Machamp
|
|win|MaryLa
|raw|Ladder updating...
|c|★MaryLa|thanks :D
|leave|uutestest
|raw|MaryLa's rating: 1497 &rarr; <strong>1516<\/strong><br \/>(+19 for winning)
|raw|uutestest's rating: 1474 &rarr; <strong>1455<\/strong><br \/>(-19 for losing)
|player|p2