|join|MaryLa
|join|Gentleman Spino
|join|Synchronation
|player|p1|MaryLa|289
|player|p2|Gentleman Spino|244
|gametype|singles
|gen|6
|tier|UU
|rated
|rule|Sleep Clause Mod: Limit one foe put to sleep
|rule|Species Clause: Limit one of each Pokémon
|rule|OHKO Clause: OHKO moves are banned
|rule|Moody Clause: Moody is banned
|rule|Evasion Moves Clause: Evasion moves are banned
|rule|Endless Battle Clause: Forcing endless battles is banned
|rule|HP Percentage Mod: HP is shown in percentages
|clearpoke
|poke|p1|Pidgeot, M
|poke|p1|Hippowdon, M
|poke|p1|Florges, F
|poke|p1|Dragalge, F
|poke|p1|Infernape, F
|poke|p1|Empoleon, M
|poke|p2|Tentacruel, F
|poke|p2|Darmanitan, M
|poke|p2|Serperior, F
|poke|p2|Malamar, F
|poke|p2|Florges, F
|poke|p2|Gligar, F
|rule|Swagger Clause: Swagger is banned
|rule|Baton Pass Clause: Limit one Pokémon knowing Baton Pass
|teampreview
|c|★Gentleman Spino|Good luck and have fun!
|c|★MaryLa|all the contrary xD
|c|★MaryLa|oh and you too
|c|★Gentleman Spino|:]
|c| Synchronation|where is the contrary shuckle??
|c|★MaryLa|right.
|
|start
|switch|p1a: Wonder Woman|Infernape, F|293\/293
|switch|p2a: Roid|Darmanitan, M|351\/351
|turn|1
|c|★Gentleman Spino|in the trash can
|c|★Gentleman Spino|where it belongs
|c|★Gentleman Spino|:p
|c| Synchronation|without a shuckle this team is not complete :(
|
|move|p2a: Roid|U-turn|p1a: Wonder Woman
|-resisted|p1a: Wonder Woman
|-damage|p1a: Wonder Woman|263\/293
|c|★Gentleman Spino|It's more than complete without a shuckle
|c|★Gentleman Spino|:p
|
|switch|p2a: Kite|Gligar, F|327\/327
|move|p1a: Wonder Woman|Close Combat|p2a: Kite
|-resisted|p2a: Kite
|-damage|p2a: Kite|260\/327
|-unboost|p1a: Wonder Woman|def|1
|-unboost|p1a: Wonder Woman|spd|1
|
|turn|2
|c|★MaryLa|poor shuckle.
|c|★Gentleman Spino|poor little shuckle
|
|switch|p1a: Venom|Dragalge, F|319\/319
|move|p2a: Kite|Stealth Rock|p1a: Venom
|-sidestart|p1: MaryLa|move: Stealth Rock
|
|turn|3
|
|switch|p1a: Bird Jesus|Pidgeot, M|307\/307
|-damage|p1a: Bird Jesus|231\/307|[from] Stealth Rock
|move|p2a: Kite|U-turn|p1a: Bird Jesus
|-resisted|p1a: Bird Jesus
|-damage|p1a: Bird Jesus|203\/307
|c| Synchronation|then what about spinda? :D
|
|switch|p2a: Roid|Darmanitan, M|351\/351
|
|turn|4
|c|★Gentleman Spino|Would love to use it
|c|★Gentleman Spino|but it's retarded bad
|c| Synchronation|me too
|
|switch|p1a: Hippo|Hippowdon, M|419\/419
|-damage|p1a: Hippo|393\/419|[from] Stealth Rock
|-weather|Sandstorm
|move|p2a: Roid|Rock Slide|p1a: Hippo
|-resisted|p1a: Hippo
|-damage|p1a: Hippo|353\/419
|
|-weather|Sandstorm|[upkeep]
|-damage|p2a: Roid|330\/351|[from] sandstorm
|-heal|p1a: Hippo|379\/419|[from] item: Leftovers
|turn|5
|c| Synchronation|well there is this one gimmicky trick
|c|★Gentleman Spino|I know
|c|★Gentleman Spino|V-Create
|
|switch|p2a: Jalorda|Serperior, F|291\/291
|move|p1a: Hippo|Stealth Rock|p2a: Jalorda
|-sidestart|p2: Gentleman Spino|move: Stealth Rock
|
|-weather|Sandstorm|[upkeep]
|-damage|p2a: Jalorda|273\/291|[from] sandstorm
|-heal|p2a: Jalorda|291\/291|[from] item: Leftovers
|-heal|p1a: Hippo|405\/419|[from] item: Leftovers
|turn|6
|c| Synchronation|yeah :D
|c|★Gentleman Spino|:]
|
|move|p2a: Jalorda|Substitute|p2a: Jalorda
|-start|p2a: Jalorda|Substitute
|-damage|p2a: Jalorda|219\/291
|move|p1a: Hippo|Whirlwind|p2a: Jalorda
|drag|p2a: Flora|Florges, F|353\/353
|-damage|p2a: Flora|309\/353|[from] Stealth Rock
|
|-weather|Sandstorm|[upkeep]
|-damage|p2a: Flora|287\/353|[from] sandstorm
|-heal|p1a: Hippo|419\/419|[from] item: Leftovers
|turn|7
|c|★Gentleman Spino|Every single time.
|c|★Gentleman Spino|:c
|c| Synchronation|nice one
|c|★MaryLa|xD
|
|switch|p1a: King DeDeDe|Empoleon, M|371\/371
|-damage|p1a: King DeDeDe|348\/371|[from] Stealth Rock
|move|p2a: Flora|Hidden Power|p1a: King DeDeDe
|-supereffective|p1a: King DeDeDe
|-damage|p1a: King DeDeDe|194\/371
|
|-weather|Sandstorm|[upkeep]
|-damage|p2a: Flora|265\/353|[from] sandstorm
|-heal|p1a: King DeDeDe|217\/371|[from] item: Leftovers
|turn|8
|
|move|p2a: Flora|Hidden Power|p1a: King DeDeDe
|-crit|p1a: King DeDeDe
|-supereffective|p1a: King DeDeDe
|-damage|p1a: King DeDeDe|0 fnt
|faint|p1a: King DeDeDe
|
|-weather|none
|c|★Gentleman Spino|Ouch. Sorry man
|c|★MaryLa|...
|c|★MaryLa|*sigh*
|
|switch|p1a: Venom|Dragalge, F|319\/319
|-damage|p1a: Venom|280\/319|[from] Stealth Rock
|turn|9
|
|switch|p2a: Tentanice|Tentacruel, F|357\/357
|-damage|p2a: Tentanice|313\/357|[from] Stealth Rock
|move|p1a: Venom|Draco Meteor|p2a: Tentanice
|-crit|p2a: Tentanice
|-damage|p2a: Tentanice|0 fnt
|-unboost|p1a: Venom|spa|2
|faint|p2a: Tentanice
|
|c|★MaryLa|NOW WE BOTH HAVE ROCKS FOREVER.
|c| Synchronation|in justice we trust!
|c|★MaryLa|THAT'S WHAT YOU GET.
|c|★Gentleman Spino|D':
|c|★MaryLa|>:C
|c|★Gentleman Spino|:'c
|
|switch|p2a: Sedusa|Malamar, F|313\/313
|-damage|p2a: Sedusa|274\/313|[from] Stealth Rock
|turn|10
|
|switch|p1a: Hippo|Hippowdon, M|419\/419
|-damage|p1a: Hippo|393\/419|[from] Stealth Rock
|-weather|Sandstorm
|move|p2a: Sedusa|Knock Off|p1a: Hippo
|-damage|p1a: Hippo|300\/419
|-enditem|p1a: Hippo|Leftovers|[from] move: Knock Off|[of] p2a: Sedusa
|
|-weather|Sandstorm|[upkeep]
|-damage|p2a: Sedusa|255\/313|[from] sandstorm
|turn|11
|c| Synchronation|why sedusa?
|
|move|p2a: Sedusa|Superpower|p1a: Hippo
|-damage|p1a: Hippo|231\/419
|-boost|p2a: Sedusa|atk|1
|-boost|p2a: Sedusa|def|1
|move|p1a: Hippo|Earthquake|p2a: Sedusa
|-damage|p2a: Sedusa|152\/313
|
|-weather|Sandstorm|[upkeep]
|-damage|p2a: Sedusa|133\/313|[from] sandstorm
|turn|12
|c|★Gentleman Spino|You get the reference?
|c| Synchronation|i get the medua part but why SEDusa
|c|★Gentleman Spino|Dude
|
|move|p2a: Sedusa|Superpower|p1a: Hippo
|-damage|p1a: Hippo|121\/419
|-boost|p2a: Sedusa|atk|1
|-boost|p2a: Sedusa|def|1
|move|p1a: Hippo|Slack Off|p1a: Hippo
|-heal|p1a: Hippo|331\/419
|
|-weather|Sandstorm|[upkeep]
|-damage|p2a: Sedusa|114\/313|[from] sandstorm
|turn|13
|c|★Gentleman Spino|Powerpuff freakin' Girls
|c|★Gentleman Spino|xD
|c|★MaryLa|lol.
|c| Synchronation|OOOHHH
|c| Synchronation|right
|
|move|p2a: Sedusa|Superpower|p1a: Hippo
|-damage|p1a: Hippo|178\/419
|-boost|p2a: Sedusa|atk|1
|-boost|p2a: Sedusa|def|1
|move|p1a: Hippo|Whirlwind|p2a: Sedusa
|drag|p2a: Kite|Gligar, F|260\/327
|-damage|p2a: Kite|220\/327|[from] Stealth Rock
|
|-weather|Sandstorm|[upkeep]
|turn|14
|c| Synchronation|nice one xDD
|c|★Gentleman Spino|:]
|c| Synchronation|i like your team
|c|★Gentleman Spino|Thanks
|
|move|p2a: Kite|Roost|p2a: Kite
|-heal|p2a: Kite|327\/327
|move|p1a: Hippo|Slack Off|p1a: Hippo
|-heal|p1a: Hippo|388\/419
|
|-weather|none
|turn|15
|
|move|p2a: Kite|Earthquake|p1a: Hippo
|-damage|p1a: Hippo|327\/419
|move|p1a: Hippo|Whirlwind|p2a: Kite
|drag|p2a: Jalorda|Serperior, F|219\/291
|-damage|p2a: Jalorda|183\/291|[from] Stealth Rock
|
|-heal|p2a: Jalorda|201\/291|[from] item: Leftovers
|turn|16
|
|switch|p1a: FlowaPowa|Florges, F|360\/360
|-damage|p1a: FlowaPowa|315\/360|[from] Stealth Rock
|move|p2a: Jalorda|Leaf Storm|p1a: FlowaPowa
|-crit|p1a: FlowaPowa
|-damage|p1a: FlowaPowa|176\/360
|-boost|p2a: Jalorda|spa|2
|
|-heal|p2a: Jalorda|219\/291|[from] item: Leftovers
|-heal|p1a: FlowaPowa|198\/360|[from] item: Leftovers
|turn|17
|c|★Gentleman Spino|All the crits in the world
|c|★MaryLa|yea
|c|★MaryLa|xD
|
|move|p2a: Jalorda|Substitute|p2a: Jalorda
|-start|p2a: Jalorda|Substitute
|-damage|p2a: Jalorda|147\/291
|move|p1a: FlowaPowa|Moonblast|p2a: Jalorda
|-end|p2a: Jalorda|Substitute
|
|-heal|p2a: Jalorda|165\/291|[from] item: Leftovers
|-heal|p1a: FlowaPowa|220\/360|[from] item: Leftovers
|turn|18
|c| Synchronation|all crits but no sub
|c|★Gentleman Spino|Last battle I Moonblasted a Serperior and gave it a Sp.Atk boost
|c|★Gentleman Spino|:c
|c|★MaryLa|loll
|c|★MaryLa|right, that can happen xD
|c|★Gentleman Spino|And yeah, can't get a single sub
|
|move|p2a: Jalorda|Leaf Storm|p1a: FlowaPowa
|-damage|p1a: FlowaPowa|15\/360
|-boost|p2a: Jalorda|spa|2
|move|p1a: FlowaPowa|Moonblast|p2a: Jalorda
|-damage|p2a: Jalorda|44\/291
|-boost|p2a: Jalorda|spa|1
|
|-heal|p2a: Jalorda|62\/291|[from] item: Leftovers
|-heal|p1a: FlowaPowa|37\/360|[from] item: Leftovers
|turn|19
|c|★MaryLa|XDDD
|c|★Gentleman Spino|xD
|c|★MaryLa|there you go
|c| Synchronation|just like that
|
|move|p2a: Jalorda|Leaf Storm|p1a: FlowaPowa
|-damage|p1a: FlowaPowa|0 fnt
|-boost|p2a: Jalorda|spa|2
|faint|p1a: FlowaPowa
|
|-heal|p2a: Jalorda|80\/291|[from] item: Leftovers
|c| Synchronation|and now
|c| Synchronation|ooohh
|c|★Gentleman Spino|I so love Contrary
|c| Synchronation|i thought you miss now
|c|★Gentleman Spino|Me too :p
|
|switch|p1a: Hippo|Hippowdon, M|327\/419
|-damage|p1a: Hippo|301\/419|[from] Stealth Rock
|-weather|Sandstorm
|turn|20
|c|★Gentleman Spino|Almost clicked Dragon Pulse
|c|★Gentleman Spino|Like a retard
|c| Synchronation|sub!
|c| Synchronation|trust me
|c|★MaryLa|xDDD
|c|★Gentleman Spino|kk
|
|move|p2a: Jalorda|Dragon Pulse|p1a: Hippo
|-damage|p1a: Hippo|0 fnt
|faint|p1a: Hippo
|
|-weather|Sandstorm|[upkeep]
|-damage|p2a: Jalorda|62\/291|[from] sandstorm
|-heal|p2a: Jalorda|80\/291|[from] item: Leftovers
|
|switch|p1a: Wonder Woman|Infernape, F|263\/293
|-damage|p1a: Wonder Woman|227\/293|[from] Stealth Rock
|turn|21
|
|switch|p2a: Kite|Gligar, F|327\/327
|-damage|p2a: Kite|287\/327|[from] Stealth Rock
|move|p1a: Wonder Woman|Mach Punch|p2a: Kite
|-resisted|p2a: Kite
|-damage|p2a: Kite|263\/327
|
|-weather|Sandstorm|[upkeep]
|-damage|p1a: Wonder Woman|209\/293|[from] sandstorm
|turn|22
|
|switch|p1a: Bird Jesus|Pidgeot, M|203\/307
|-damage|p1a: Bird Jesus|127\/307|[from] Stealth Rock
|move|p2a: Kite|Earthquake|p1a: Bird Jesus
|-immune|p1a: Bird Jesus|[msg]
|
|-weather|Sandstorm|[upkeep]
|-damage|p1a: Bird Jesus|108\/307|[from] sandstorm
|turn|23
|c|★Gentleman Spino|I cancelled that
|c|★Gentleman Spino|but Showdown knows better
|c|★Gentleman Spino|.-.
|c| Synchronation|showdown knows what you really want
|
|switch|p2a: Flora|Florges, F|265\/353
|-damage|p2a: Flora|221\/353|[from] Stealth Rock
|detailschange|p1a: Bird Jesus|Pidgeot-Mega, M
|-mega|p1a: Bird Jesus|Pidgeot|Pidgeotite
|move|p1a: Bird Jesus|Hurricane|p2a: Flora
|-damage|p2a: Flora|76\/353
|
|-weather|Sandstorm|[upkeep]
|-damage|p1a: Bird Jesus|89\/307|[from] sandstorm
|-damage|p2a: Flora|54\/353|[from] sandstorm
|turn|24
|c| Synchronation|there is no need for cancel
|c|★Gentleman Spino|Showdown watches me sleep
|
|move|p1a: Bird Jesus|Hurricane|p2a: Flora
|-damage|p2a: Flora|0 fnt
|faint|p2a: Flora
|
|-weather|none
|c|★Gentleman Spino|That was a specs Florges, btw
|c|★Gentleman Spino|Just because
|
|switch|p2a: Roid|Darmanitan, M|330\/351
|-damage|p2a: Roid|243\/351|[from] Stealth Rock
|turn|25
|c|★MaryLa|lol
|c| Synchronation|i knew the damage was kinda high...
|
|switch|p1a: Venom|Dragalge, F|280\/319
|-damage|p1a: Venom|241\/319|[from] Stealth Rock
|move|p2a: Roid|Flare Blitz|p1a: Venom
|-resisted|p1a: Venom
|-damage|p1a: Venom|94\/319
|-damage|p2a: Roid|194\/351|[from] recoil|[of] p1a: Venom
|
|turn|26
|c|★Gentleman Spino|'not very effective'
|c|★Gentleman Spino|right.
|
|move|p2a: Roid|Flare Blitz|p1a: Venom
|-resisted|p1a: Venom
|-damage|p1a: Venom|0 fnt
|-damage|p2a: Roid|163\/351|[from] recoil|[of] p1a: Venom
|faint|p1a: Venom
|
|c|★MaryLa|dragalge's defense is not that nice
|c|★Gentleman Spino|True
|
|switch|p1a: Wonder Woman|Infernape, F|209\/293
|-damage|p1a: Wonder Woman|173\/293|[from] Stealth Rock
|turn|27
|c|★Gentleman Spino|But it's still awesome
|c|★Gentleman Spino|I love its typing and its design
|
|switch|p2a: Jalorda|Serperior, F|80\/291
|-damage|p2a: Jalorda|44\/291|[from] Stealth Rock
|move|p1a: Wonder Woman|U-turn|p2a: Jalorda
|-crit|p2a: Jalorda
|-supereffective|p2a: Jalorda
|-damage|p2a: Jalorda|0 fnt
|faint|p2a: Jalorda
|
|switch|p1a: Bird Jesus|Pidgeot-Mega, M|89\/307
|-damage|p1a: Bird Jesus|13\/307|[from] Stealth Rock
|
|
|switch|p2a: Roid|Darmanitan, M|163\/351
|-damage|p2a: Roid|76\/351|[from] Stealth Rock
|turn|28
|
|move|p2a: Roid|Flare Blitz|p1a: Bird Jesus
|-damage|p1a: Bird Jesus|0 fnt
|-damage|p2a: Roid|72\/351|[from] recoil|[of] p1a: Bird Jesus
|faint|p1a: Bird Jesus
|
|
|switch|p1a: Wonder Woman|Infernape, F|173\/293
|-damage|p1a: Wonder Woman|137\/293|[from] Stealth Rock
|turn|29
|c|★MaryLa|gg
|c|★Gentleman Spino|gg man, nice team
|c|★Gentleman Spino|:]
|c|★MaryLa|thanks :D
|
|move|p1a: Wonder Woman|Mach Punch|p2a: Roid
|-damage|p2a: Roid|0 fnt
|faint|p2a: Roid
|
|
|switch|p2a: Kite|Gligar, F|263\/327
|-damage|p2a: Kite|223\/327|[from] Stealth Rock
|turn|30
|
|move|p1a: Wonder Woman|Mach Punch|p2a: Kite
|-resisted|p2a: Kite
|-damage|p2a: Kite|196\/327
|move|p2a: Kite|Earthquake|p1a: Wonder Woman
|-supereffective|p1a: Wonder Woman
|-damage|p1a: Wonder Woman|0 fnt
|faint|p1a: Wonder Woman
|
|win|Gentleman Spino
|raw|Ladder updating...
|c| Synchronation|if he uses sr the hole time
|c| Synchronation|you could win
|c|★MaryLa|yeeea.
|c|★Gentleman Spino|Sr?
|c|★MaryLa|stealth rock
|raw|Ladder (probably) updated, but score could not be retrieved (timeout).
|raw|Ladder (probably) updated, but score could not be retrieved (Error: socket hang up).
|c|★Gentleman Spino|Oh
|c|★Gentleman Spino|lol
|c|★Gentleman Spino|That would be MLG
|c| Synchronation|aaand no ladder
|c|★MaryLa|xD
|c| Synchronation|sorry no points
|c|★Gentleman Spino|Showdown knows better
|c|★Gentleman Spino|I don't need no points
|c| Synchronation|showdown knows everything
|c|★Gentleman Spino|;-;
|c|★Gentleman Spino|True
|c| Synchronation|too bad showdown has no friend system
|c|★Gentleman Spino|Ikr
|c|★Gentleman Spino|I'd love something like that
|c| Synchronation|i think it mine would contain one more person
|c|★Gentleman Spino|Mine would contain two more c:
|c|★Gentleman Spino|but no
|c|★Gentleman Spino|Showdown knows better
|c| Synchronation|why do they never inplement that??
|c|★Gentleman Spino|I dunno
|c| Synchronation|showdown knows too much
|c|★MaryLa|showdown is stupid :I
|c|★Gentleman Spino|It actually is
|c|★MaryLa|friendsystems are freakin everywhere.
|c|★Gentleman Spino|yeah
|c| Synchronation|i prefer the actual game anyways
|c| Synchronation|i know right?
|c|★Gentleman Spino|Me too
|c|★Gentleman Spino|But you can test silly stuff so easily on PS
|c|★MaryLa|but on the actual game nobody ever plays uu xD
|c|★Gentleman Spino|true ;-;
|c|★Gentleman Spino|And Ubers
|c| Synchronation|its a community and there are players and people
|c|★MaryLa|yea..
|c| Synchronation|why no friend???
|c| Synchronation|uber people are ALOT
|c| Synchronation|not good ones but ALOT
|c| Synchronation|xDD
|c|★MaryLa|xD
|c|★Gentleman Spino|Oh, and now there is a way to hack Pokes to the games
|c|★Gentleman Spino|lol
|c|★MaryLa|obviously.
|c| Synchronation|but they are banned in game
|c|★Gentleman Spino|Are they?
|c| Synchronation|if you battle someone with hacked poke
|c|★Gentleman Spino|I mean, the ones created to be like real ones
|c| Synchronation|then the connecting breaks
|c| Synchronation|and you (the legal player) get the message that you cant play against him
|c|★Gentleman Spino|I hacked myself a lot of Pokes before, like 5 IV Reshi and stuff
|c|★Gentleman Spino|And I was succesfully using them on Wi-Fi
|c|★Gentleman Spino|.-.
|c| Synchronation|as long as the hacks are not something like thunderbolt suicune
|c| Synchronation|they dont recognize it
|c|★Gentleman Spino|Yeah, that's what I was talking about
|c|★Gentleman Spino|Just hacking to safe yourself some time on breeding
|c| Synchronation|i dont care about that
|c| Synchronation|as long as they play good :D
|c| Synchronation|marys showdown has problems btw
|c|★Gentleman Spino|I don't want to spend half of my life breeding a Contrary Serp just to get a female with decent IVs
|c|★Gentleman Spino|And yeah, it's all about the skill 8)
|c| Synchronation|i dont know i like breeding
|c|★MaryLa|you're just weird.
|c|★MaryLa|and I'm back :D
|c|★Gentleman Spino|Me too, but I was breeding Magician Fennekin before
|c| Synchronation|i breeded a lighting rod manactric with HP ice without hacks *-*
|c|★MaryLa|I usually hack all the defoggers.
|c|★MaryLa|because gen 4.
|c|★Gentleman Spino|And getting a female took me like a week
|c| Synchronation|yeah ok that we have to xD
|c|★Gentleman Spino|Yeah, but you can still get a Swanna with Defog without 4th gen
|c|★Gentleman Spino|;-;
|c|★Gentleman Spino|So that's something ;-;
|c|★MaryLa|yaaaay.
|c| Synchronation|but anyways i have 2 or 3 uu player in my list
|c| Synchronation|so there are people who are playing uu online!
|c|★MaryLa|because all you do is play online all day.
|c|★MaryLa|then of course you eventually meet one xD
|c|★Gentleman Spino|lol
|c|★MaryLa|gotta go now
|c|★Gentleman Spino|Just asking out of pure curiosity:
|c|★Gentleman Spino|oh
|c|★MaryLa|ojh
|c|★MaryLa|XD
|c|★Gentleman Spino|ok then
|c|★MaryLa|ask.
|c|★Gentleman Spino|Where do you guys live?
|c|★Gentleman Spino|c:
|c|★MaryLa|germany :D
|c|★Gentleman Spino|Poland :o
|c|★MaryLa|wow.
|c| Synchronation|oh not ar away
|c| Synchronation|*far
|c|★Gentleman Spino|yeah
|c|★MaryLa|still in europe tho
|c| Synchronation|can you speak german?
|c|★Gentleman Spino|Our countries are next to each other
|c|★MaryLa|true xD
|c| Synchronation|i know some that can
|c|★Gentleman Spino|I can say something
|c|★Gentleman Spino|Prepare youselves
|c|★Gentleman Spino|...
|c|★MaryLa|oh boy.
|c| Synchronation|oh boy
|c|★MaryLa|oh girl.
|c|★Gentleman Spino|Ich bin ein wurst.
|c|★MaryLa|XDDDDD
|c| Synchronation|xDDDD
|c|★MaryLa|so you're a sausage.
|c|★Gentleman Spino|Probably not even correctly
|c|★Gentleman Spino|;-;
|c|★Gentleman Spino|Yup
|c| Synchronation|eine
|c|★MaryLa|eine*
|c| Synchronation|otherwise its right
|c|★Gentleman Spino|That's what I thought
|c|★MaryLa|but the rest is fine
|c|★MaryLa|xD
|c|★Gentleman Spino|lol
|c| Synchronation|stop copying me!
|c| Synchronation|._.
|c|★Gentleman Spino|'cause it's die Wurst, not der Wurst
|c|★MaryLa|but it's fun x3
|c|★Gentleman Spino|right
|c|★MaryLa|right
|c| Synchronation|der die das is stupid
|c|★MaryLa|german's hard 'n shit
|c|★Gentleman Spino|Polish is hard as shit too
|c| Synchronation|i can imagine that this is hard to remember xD
|c|★Gentleman Spino|Just sayin'
|c|★Gentleman Spino|It is ;-;
|c|★MaryLa|probably, I didn't even try to learn xD
|c|★Gentleman Spino|Jestem kiełbasą.
|c|★Gentleman Spino|I am a sausage.
|c|★Gentleman Spino|Ich bin eine Wurst.
|c|★Gentleman Spino|I feel like a genius right now
|c| Synchronation|i have a few polish friends and i think the pronounciation is the hardest part
|c|★MaryLa|and I don't have any polish(?) friends
|c|★MaryLa|xD
|c|★Gentleman Spino|It is
|c|★Gentleman Spino|Well, now you do
|c|★Gentleman Spino|:D
|c|★MaryLa|sooo, we wanted to go cook, remember..
|c| Synchronation|you can say "i am a sausage" in three languages
|c|★Gentleman Spino|Yup
|c| Synchronation|congratulation!
|c|★Gentleman Spino|That comes in handy
|c|★Gentleman Spino|;-;
|c|★MaryLa|XD
|c| Synchronation|oh right
|c| Synchronation|we have to go
|c|★MaryLa|riiight.
|c|★Gentleman Spino|Okie Dokie
|c|★Gentleman Spino|Been fun
|c|★MaryLa|nourishment and all that.
|c| Synchronation|it was indeed
|c|★MaryLa|yeah :D
|c|★Gentleman Spino|gg once again
|c|★Gentleman Spino|and have a nice day
|c| Synchronation|have fun laddering without getting points
|c|★MaryLa|gg indeed.
|c|★Gentleman Spino|c:
|c|★MaryLa|you too :D
|c|★MaryLa|haha xD
|c| Synchronation|or waiting until ladder is up again
|c|★MaryLa|bye~
|c|★Gentleman Spino|k, I will
|c|★Gentleman Spino|bye c:
|c| Synchronation|bye :D
|leave|Synchronation