|join|Reverb
|join|napty
|player|p1|Reverb|#reverb
|player|p2|napty|93
|gametype|singles
|gen|6
|tier|OU
|rated
|clearpoke
|poke|p1|Empoleon, F
|poke|p1|Tyranitar, M
|poke|p1|Charizard, F
|poke|p1|Keldeo
|poke|p1|Kyurem-Black
|poke|p1|Landorus-Therian, M
|poke|p2|Landorus-Therian, M
|poke|p2|Greninja, M
|poke|p2|Gardevoir, F
|poke|p2|Bisharp, F
|poke|p2|Gengar, F
|poke|p2|Alomomola, F
|rule|Swagger Clause: Swagger is banned
|rule|Baton Pass Clause: Limit one Pokémon knowing Baton Pass
|rule|Sleep Clause Mod: Limit one foe put to sleep
|rule|Species Clause: Limit one of each Pokémon
|rule|OHKO Clause: OHKO moves are banned
|rule|Moody Clause: Moody is banned
|rule|Evasion Moves Clause: Evasion moves are banned
|rule|Endless Battle Clause: Forcing endless battles is banned
|rule|HP Percentage Mod: HP is shown in percentages
|teampreview
|
|start
|switch|p1a: Charizard|Charizard, F|297\/297
|switch|p2a: Gengar|Gengar, F|324\/324
|turn|1
|
|detailschange|p1a: Charizard|Charizard-Mega-Y, F
|message|Charizard has Mega Evolved into Mega Charizard!
|-weather|SunnyDay
|move|p2a: Gengar|Perish Song|p2a: Gengar
|-fieldactivate|move: Perish Song
|move|p1a: Charizard|Fire Blast|p2a: Gengar
|-enditem|p2a: Gengar|Focus Sash
|-damage|p2a: Gengar|1\/324
|
|-start|p2a: Gengar|perish3
|-start|p1a: Charizard|perish3
|-weather|SunnyDay|[upkeep]
|turn|2
|
|switch|p1a: Tyranitar|Tyranitar, M|383\/383
|-weather|Sandstorm
|move|p2a: Gengar|Protect|p2a: Gengar
|-fail|p2a: Gengar
|
|-start|p2a: Gengar|perish2
|-weather|Sandstorm|[upkeep]
|-damage|p2a: Gengar|0 fnt|[from] sandstorm
|faint|p2a: Gengar
|-message|napty forfeited.
|
|win|Reverb
|raw|Ladder updating...
|leave|napty
|player|p2
|join|JohnxYiu
|raw|Reverb's rating: 1811 &rarr; <strong>1817<\/strong><br \/>(+6 for winning)
|raw|napty's rating: 1512 &rarr; <strong>1506<\/strong><br \/>(-6 for losing)
|join|A2tehBR
|join|bellicose
|join|Yuttt.annual
|leave|A2tehBR
|leave|JohnxYiu
|leave|bellicose