|join|napty
|join|The Louis XIV
|player|p1|napty|93
|player|p2|The Louis XIV|101
|gametype|singles
|gen|6
|tier|OU
|rated
|clearpoke
|poke|p1|Landorus-Therian, M
|poke|p1|Greninja, F
|poke|p1|Celebi
|poke|p1|Camerupt, M
|poke|p1|Bisharp, M
|poke|p1|Latios, M
|poke|p2|Scizor, F
|poke|p2|Thundurus, M
|poke|p2|Landorus, M
|poke|p2|Mew
|poke|p2|Ditto, shiny
|poke|p2|Alomomola, F
|rule|Swagger Clause: Swagger is banned
|rule|Baton Pass Clause: Limit one Pokémon knowing Baton Pass
|rule|Sleep Clause Mod: Limit one foe put to sleep
|rule|Species Clause: Limit one of each Pokémon
|rule|OHKO Clause: OHKO moves are banned
|rule|Moody Clause: Moody is banned
|rule|Evasion Moves Clause: Evasion moves are banned
|rule|Endless Battle Clause: Forcing endless battles is banned
|rule|HP Percentage Mod: HP is shown in percentages
|teampreview
|
|start
|switch|p1a: Camerupt|Camerupt, M|344\/344
|switch|p2a: Scizor|Scizor, F|301\/301
|turn|1
|
|detailschange|p1a: Camerupt|Camerupt-Mega, M
|message|Camerupt has Mega Evolved into Mega Camerupt!
|move|p2a: Scizor|U-turn|p1a: Camerupt
|-resisted|p1a: Camerupt
|-damage|p1a: Camerupt|248\/344
|
|switch|p2a: Ditto|Ditto, shiny|300\/300
|-transform|p2a: Ditto|p1a: Camerupt
|move|p1a: Camerupt|Fire Blast|p2a: Ditto
|-resisted|p2a: Ditto
|-damage|p2a: Ditto|150\/300
|
|turn|2
|
|move|p2a: Ditto|Fire Blast|p1a: Camerupt|[miss]
|-miss|p2a: Ditto|p1a: Camerupt
|move|p1a: Camerupt|Fire Blast|p2a: Ditto
|-resisted|p2a: Ditto
|-damage|p2a: Ditto|17\/300
|
|turn|3
|
|move|p2a: Ditto|Fire Blast|p1a: Camerupt
|-resisted|p1a: Camerupt
|-damage|p1a: Camerupt|91\/344
|move|p1a: Camerupt|Flash Cannon|p2a: Ditto
|-resisted|p2a: Ditto
|-damage|p2a: Ditto|0 fnt
|faint|p2a: Ditto
|
|
|switch|p2a: Landorus|Landorus, M|320\/320
|turn|4
|
|move|p2a: Landorus|Stealth Rock|p1a: Camerupt
|-sidestart|p1: napty|move: Stealth Rock
|move|p1a: Camerupt|Fire Blast|p2a: Landorus
|-damage|p2a: Landorus|0 fnt
|faint|p2a: Landorus
|
|
|switch|p2a: Thundurus|Thundurus, M|300\/300
|turn|5
|
|move|p2a: Thundurus|Focus Blast|p1a: Camerupt|[miss]
|-miss|p2a: Thundurus|p1a: Camerupt
|move|p1a: Camerupt|Fire Blast|p2a: Thundurus
|-crit|p2a: Thundurus
|-damage|p2a: Thundurus|0 fnt
|faint|p2a: Thundurus
|
|-message|The Louis XIV forfeited.
|
|win|napty
|raw|Ladder updating...
|leave|The Louis XIV
|player|p2