|join|napty
|join|UmbreonEternal
|player|p1|napty|93
|player|p2|UmbreonEternal|144
|gametype|singles
|gen|6
|tier|OU
|rated
|clearpoke
|poke|p1|Landorus-Therian, M
|poke|p1|Greninja, M
|poke|p1|Gallade, M
|poke|p1|Bisharp, F
|poke|p1|Heatran, M
|poke|p1|Rotom-Wash
|poke|p2|Umbreon, M, shiny
|poke|p2|Jirachi
|poke|p2|Suicune
|poke|p2|Sylveon, M
|poke|p2|Skarmory, F
|poke|p2|Sceptile, M
|rule|Swagger Clause: Swagger is banned
|rule|Baton Pass Clause: Limit one Pokémon knowing Baton Pass
|rule|Sleep Clause Mod: Limit one foe put to sleep
|rule|Species Clause: Limit one of each Pokémon
|rule|OHKO Clause: OHKO moves are banned
|rule|Moody Clause: Moody is banned
|rule|Evasion Moves Clause: Evasion moves are banned
|rule|Endless Battle Clause: Forcing endless battles is banned
|rule|HP Percentage Mod: HP is shown in percentages
|teampreview
|
|start
|switch|p1a: Gallade|Gallade, M|277\/277
|switch|p2a: Umbreon|Umbreon, M, shiny|394\/394
|turn|1
|
|detailschange|p1a: Gallade|Gallade-Mega, M
|message|Gallade has Mega Evolved into Mega Gallade!
|move|p1a: Gallade|Will-O-Wisp|p2a: Umbreon
|-status|p2a: Umbreon|brn
|-status|p1a: Gallade|brn
|move|p2a: Umbreon|Toxic|p1a: Gallade
|-fail|p1a: Gallade
|
|-damage|p1a: Gallade|243\/277 brn|[from] brn
|-damage|p2a: Umbreon|345\/394 brn|[from] brn
|turn|2
|
|switch|p2a: Sylveon|Sylveon, M|394\/394
|move|p1a: Gallade|Drain Punch|p2a: Sylveon
|-resisted|p2a: Sylveon
|-damage|p2a: Sylveon|359\/394
|-heal|p1a: Gallade|261\/277 brn|[from] drain|[of] p2a: Sylveon
|
|-heal|p2a: Sylveon|383\/394|[from] item: Leftovers
|-damage|p1a: Gallade|227\/277 brn|[from] brn
|turn|3
|
|move|p1a: Gallade|Knock Off|p2a: Sylveon
|-resisted|p2a: Sylveon
|-damage|p2a: Sylveon|351\/394
|-enditem|p2a: Sylveon|Leftovers|[from] move: Knock Off|[of] p1a: Gallade
|move|p2a: Sylveon|Heal Bell|p2a: Sylveon
|-cureteam|p2a: Sylveon|[from] move: HealBell
|
|-damage|p1a: Gallade|193\/277 brn|[from] brn
|turn|4
|
|switch|p1a: Heatran|Heatran, M|323\/323
|move|p2a: Sylveon|Hyper Voice|p1a: Heatran
|-resisted|p1a: Heatran
|-damage|p1a: Heatran|288\/323
|
|turn|5
|
|switch|p2a: Sceptile|Sceptile, M|281\/281
|move|p1a: Heatran|Flash Cannon|p2a: Sceptile
|-damage|p2a: Sceptile|8\/281
|
|turn|6
|
|switch|p1a: Gallade|Gallade-Mega, M|193\/277 brn
|detailschange|p2a: Sceptile|Sceptile-Mega, M
|message|Sceptile has Mega Evolved into Mega Sceptile!
|move|p2a: Sceptile|Earthquake|p1a: Gallade
|-damage|p1a: Gallade|110\/277 brn
|
|-damage|p1a: Gallade|76\/277 brn|[from] brn
|turn|7
|
|move|p2a: Sceptile|Giga Drain|p1a: Gallade
|-damage|p1a: Gallade|0 fnt
|-heal|p2a: Sceptile|46\/281|[from] drain|[of] p1a: Gallade
|faint|p1a: Gallade
|
|
|switch|p1a: Bisharp|Bisharp, F|271\/271
|turn|8
|
|switch|p2a: Umbreon|Umbreon, M, shiny|345\/394
|move|p1a: Bisharp|Swords Dance|p1a: Bisharp
|-boost|p1a: Bisharp|atk|2
|
|-heal|p2a: Umbreon|369\/394|[from] item: Leftovers
|turn|9
|
|move|p1a: Bisharp|Iron Head|p2a: Umbreon
|-damage|p2a: Umbreon|141\/394
|move|p2a: Umbreon|Foul Play|p1a: Bisharp
|-resisted|p1a: Bisharp
|-damage|p1a: Bisharp|100\/271
|
|-heal|p1a: Bisharp|116\/271|[from] item: Leftovers
|-heal|p2a: Umbreon|165\/394|[from] item: Leftovers
|turn|10
|
|move|p1a: Bisharp|Iron Head|p2a: Umbreon
|-damage|p2a: Umbreon|0 fnt
|faint|p2a: Umbreon
|
|-heal|p1a: Bisharp|132\/271|[from] item: Leftovers
|
|switch|p2a: Suicune|Suicune|404\/404
|-ability|p2a: Suicune|Pressure
|turn|11
|
|move|p1a: Bisharp|Knock Off|p2a: Suicune
|-damage|p2a: Suicune|160\/404
|-enditem|p2a: Suicune|Leftovers|[from] move: Knock Off|[of] p1a: Bisharp
|move|p2a: Suicune|Scald|p1a: Bisharp
|-damage|p1a: Bisharp|23\/271
|
|-heal|p1a: Bisharp|39\/271|[from] item: Leftovers
|turn|12
|
|move|p1a: Bisharp|Knock Off|p2a: Suicune
|-crit|p2a: Suicune
|-damage|p2a: Suicune|0 fnt
|faint|p2a: Suicune
|
|-heal|p1a: Bisharp|55\/271|[from] item: Leftovers
|
|switch|p2a: Skarmory|Skarmory, F|334\/334
|turn|13
|
|move|p1a: Bisharp|Knock Off|p2a: Skarmory
|-damage|p2a: Skarmory|40\/334
|-enditem|p2a: Skarmory|Leftovers|[from] move: Knock Off|[of] p1a: Bisharp
|move|p2a: Skarmory|Brave Bird|p1a: Bisharp
|-resisted|p1a: Bisharp
|-damage|p1a: Bisharp|1\/271
|-damage|p2a: Skarmory|22\/334|[from] recoil|[of] p1a: Bisharp
|
|-heal|p1a: Bisharp|17\/271|[from] item: Leftovers
|turn|14
|
|move|p1a: Bisharp|Knock Off|p2a: Skarmory
|-damage|p2a: Skarmory|0 fnt
|faint|p2a: Skarmory
|
|-heal|p1a: Bisharp|33\/271|[from] item: Leftovers
|
|switch|p2a: Sceptile|Sceptile-Mega, M|46\/281
|turn|15
|
|move|p1a: Bisharp|Sucker Punch|p2a: Sceptile
|-damage|p2a: Sceptile|0 fnt
|faint|p2a: Sceptile
|
|-heal|p1a: Bisharp|49\/271|[from] item: Leftovers
|-message|UmbreonEternal forfeited.
|
|win|napty
|raw|Ladder updating...
|leave|UmbreonEternal
|player|p2
|raw|napty's rating: 1508 &rarr; <strong>1528<\/strong><br \/>(+20 for winning)
|raw|UmbreonEternal's rating: 1515 &rarr; <strong>1495<\/strong><br \/>(-20 for losing)