|join|napty
|join|Hogg Horse
|player|p1|napty|287
|player|p2|Hogg Horse|125
|gametype|singles
|gen|6
|tier|OU
|rated
|clearpoke
|poke|p1|Landorus-Therian, M
|poke|p1|Bisharp, F
|poke|p1|Gardevoir, F
|poke|p1|Keldeo
|poke|p1|Heatran, M
|poke|p1|Latias, F
|poke|p2|Shedinja
|poke|p2|Sableye, M
|poke|p2|Chansey, F
|poke|p2|Skarmory, M
|poke|p2|Heatran, F
|poke|p2|Alomomola, M
|rule|Swagger Clause: Swagger is banned
|rule|Baton Pass Clause: Limit one Pokémon knowing Baton Pass
|rule|Sleep Clause Mod: Limit one foe put to sleep
|rule|Species Clause: Limit one of each Pokémon
|rule|OHKO Clause: OHKO moves are banned
|rule|Moody Clause: Moody is banned
|rule|Evasion Moves Clause: Evasion moves are banned
|rule|Endless Battle Clause: Forcing endless battles is banned
|rule|HP Percentage Mod: HP is shown in percentages
|teampreview
|c|★napty|fuckin stall
|c|★napty|damn
|c|★Hogg Horse|I know, right!
|
|start
|switch|p1a: Gardevoir|Gardevoir, F|277\/277
|switch|p2a: Sableye|Sableye, M|303\/303
|-ability|p1a: Gardevoir|Prankster|[from] ability: Trace|[of] p2a: Sableye
|turn|1
|c|★Hogg Horse|I mean fuck
|c|★Hogg Horse|it's everywhere
|
|switch|p1a: Landorus-Therian|Landorus-Therian, M|382\/382
|-ability|p1a: Landorus-Therian|Intimidate|[of] p2a: Sableye
|-unboost|p2a: Sableye|atk|1
|switch|p2a: Shedinja|Shedinja|1\/1
|
|turn|2
|c|★napty|it's everywhere, indeed
|
|switch|p2a: Alomomola|Alomomola, M|479\/479
|move|p1a: Landorus-Therian|Stealth Rock|p2a: Alomomola
|-sidestart|p2: Hogg Horse|move: Stealth Rock
|
|turn|3
|
|move|p1a: Landorus-Therian|Knock Off|p2a: Alomomola
|-damage|p2a: Alomomola|394\/479
|-damage|p1a: Landorus-Therian|319\/382|[from] item: Rocky Helmet|[of] p2a: Alomomola
|-enditem|p2a: Alomomola|Rocky Helmet|[from] move: Knock Off|[of] p1a: Landorus-Therian
|move|p2a: Alomomola|Scald|p1a: Landorus-Therian
|-supereffective|p1a: Landorus-Therian
|-damage|p1a: Landorus-Therian|199\/382
|
|-heal|p1a: Landorus-Therian|222\/382|[from] item: Leftovers
|turn|4
|
|move|p1a: Landorus-Therian|U-turn|p2a: Alomomola
|-damage|p2a: Alomomola|335\/479
|
|switch|p1a: Gardevoir|Gardevoir, F|277\/277
|-ability|p1a: Gardevoir|Regenerator|[from] ability: Trace|[of] p2a: Alomomola
|move|p2a: Alomomola|Wish|p2a: Alomomola
|
|turn|5
|
|switch|p2a: Chansey|Chansey, F|642\/642
|-damage|p2a: Chansey|562\/642|[from] Stealth Rock
|move|p1a: Gardevoir|Taunt|p2a: Chansey
|-start|p2a: Chansey|move: Taunt
|
|-heal|p2a: Chansey|642\/642|[from] move: Wish|[wisher] Alomomola
|turn|6
|
|move|p1a: Gardevoir|Psyshock|p2a: Chansey
|-damage|p2a: Chansey|429\/642
|move|p2a: Chansey|Seismic Toss|p1a: Gardevoir
|-damage|p1a: Gardevoir|177\/277
|
|turn|7
|
|switch|p1a: Bisharp|Bisharp, F|271\/271
|switch|p2a: Sableye|Sableye, M|303\/303
|-damage|p2a: Sableye|266\/303|[from] Stealth Rock
|
|turn|8
|c|★napty|regenerator gardevoir pullin through
|
|switch|p1a: Heatran|Heatran, M|323\/323
|detailschange|p2a: Sableye|Sableye-Mega, M
|-mega|p2a: Sableye|Sableye|Sablenite
|move|p2a: Sableye|Knock Off|p1a: Heatran
|-damage|p1a: Heatran|217\/323
|-enditem|p1a: Heatran|Choice Scarf|[from] move: Knock Off|[of] p2a: Sableye
|
|turn|9
|
|switch|p1a: Keldeo|Keldeo|323\/323
|switch|p2a: Heatran|Heatran, F|385\/385
|-damage|p2a: Heatran|337\/385|[from] Stealth Rock
|
|-heal|p2a: Heatran|361\/385|[from] item: Leftovers
|turn|10
|
|move|p2a: Heatran|Protect|p2a: Heatran
|-singleturn|p2a: Heatran|Protect
|move|p1a: Keldeo|Scald|p2a: Heatran
|-activate|p2a: Heatran|Protect
|
|-heal|p2a: Heatran|385\/385|[from] item: Leftovers
|turn|11
|
|switch|p2a: Chansey|Chansey, F|429\/642
|-damage|p2a: Chansey|349\/642|[from] Stealth Rock
|move|p1a: Keldeo|Scald|p2a: Chansey
|-damage|p2a: Chansey|234\/642
|-status|p2a: Chansey|brn
|
|-damage|p2a: Chansey|154\/642 brn|[from] brn
|turn|12
|
|switch|p1a: Bisharp|Bisharp, F|271\/271
|move|p2a: Chansey|Soft-Boiled|p2a: Chansey
|-heal|p2a: Chansey|475\/642 brn
|
|-damage|p2a: Chansey|395\/642 brn|[from] brn
|turn|13
|
|move|p1a: Bisharp|Pursuit|p2a: Chansey|[from]Pursuit
|-damage|p2a: Chansey|181\/642 brn
|switch|p2a: Alomomola|Alomomola, M|479\/479
|-damage|p2a: Alomomola|420\/479|[from] Stealth Rock
|
|turn|14
|
|switch|p1a: Gardevoir|Gardevoir, F|269\/277
|-ability|p1a: Gardevoir|Regenerator|[from] ability: Trace|[of] p2a: Alomomola
|move|p2a: Alomomola|Toxic|p1a: Gardevoir
|-status|p1a: Gardevoir|tox
|
|-damage|p1a: Gardevoir|252\/277 tox|[from] psn
|turn|15
|
|detailschange|p1a: Gardevoir|Gardevoir-Mega, F
|-mega|p1a: Gardevoir|Gardevoir|Gardevoirite
|move|p1a: Gardevoir|Hyper Voice|p2a: Alomomola
|-damage|p2a: Alomomola|77\/479
|move|p2a: Alomomola|Wish|p2a: Alomomola
|
|-damage|p1a: Gardevoir|218\/277 tox|[from] psn
|turn|16
|
|move|p2a: Alomomola|Protect|p2a: Alomomola
|-singleturn|p2a: Alomomola|Protect
|move|p1a: Gardevoir|Focus Blast|p2a: Alomomola
|-activate|p2a: Alomomola|Protect
|
|-heal|p2a: Alomomola|316\/479|[from] move: Wish|[wisher] Alomomola
|-damage|p1a: Gardevoir|167\/277 tox|[from] psn
|turn|17
|
|switch|p2a: Heatran|Heatran, F|385\/385
|-damage|p2a: Heatran|337\/385|[from] Stealth Rock
|move|p1a: Gardevoir|Hyper Voice|p2a: Heatran
|-resisted|p2a: Heatran
|-damage|p2a: Heatran|287\/385
|
|-heal|p2a: Heatran|311\/385|[from] item: Leftovers
|-damage|p1a: Gardevoir|99\/277 tox|[from] psn
|turn|18
|
|switch|p1a: Keldeo|Keldeo|323\/323
|move|p2a: Heatran|Stealth Rock|p1a: Keldeo
|-sidestart|p1: napty|move: Stealth Rock
|
|-heal|p2a: Heatran|335\/385|[from] item: Leftovers
|turn|19
|c|★napty|fuck it
|
|move|p2a: Heatran|Protect|p2a: Heatran
|-singleturn|p2a: Heatran|Protect
|move|p1a: Keldeo|Scald|p2a: Heatran
|-activate|p2a: Heatran|Protect
|
|-heal|p2a: Heatran|359\/385|[from] item: Leftovers
|turn|20
|
|switch|p2a: Alomomola|Alomomola, M|475\/479
|-damage|p2a: Alomomola|416\/479|[from] Stealth Rock
|move|p1a: Keldeo|Scald|p2a: Alomomola
|-resisted|p2a: Alomomola
|-damage|p2a: Alomomola|269\/479
|-status|p2a: Alomomola|brn
|
|-damage|p2a: Alomomola|210\/479 brn|[from] brn
|turn|21
|
|switch|p1a: Bisharp|Bisharp, F|271\/271
|-damage|p1a: Bisharp|255\/271|[from] Stealth Rock
|move|p2a: Alomomola|Toxic|p1a: Bisharp
|-fail|p1a: Bisharp
|
|-damage|p2a: Alomomola|151\/479 brn|[from] brn
|turn|22
|
|move|p1a: Bisharp|Pursuit|p2a: Alomomola
|-damage|p2a: Alomomola|87\/479 brn
|move|p2a: Alomomola|Wish|p2a: Alomomola
|
|-damage|p2a: Alomomola|28\/479 brn|[from] brn
|turn|23
|
|move|p2a: Alomomola|Protect|p2a: Alomomola
|-singleturn|p2a: Alomomola|Protect
|move|p1a: Bisharp|Pursuit|p2a: Alomomola
|-activate|p2a: Alomomola|Protect
|
|-heal|p2a: Alomomola|267\/479 brn|[from] move: Wish|[wisher] Alomomola
|-damage|p2a: Alomomola|208\/479 brn|[from] brn
|turn|24
|
|switch|p2a: Sableye|Sableye-Mega, M|266\/303
|-damage|p2a: Sableye|229\/303|[from] Stealth Rock
|move|p1a: Bisharp|Knock Off|p2a: Sableye
|-crit|p2a: Sableye
|-damage|p2a: Sableye|85\/303
|
|turn|25
|c|★Hogg Horse|fucck
|c|★napty|you deserve this fuckin crit
|
|move|p1a: Bisharp|Iron Head|p2a: Sableye
|-damage|p2a: Sableye|0 fnt
|faint|p2a: Sableye
|
|c|★napty|for playing stall
|
|switch|p2a: Skarmory|Skarmory, M|333\/333
|-damage|p2a: Skarmory|292\/333|[from] Stealth Rock
|turn|26
|
|move|p1a: Bisharp|Knock Off|p2a: Skarmory
|-damage|p2a: Skarmory|189\/333
|-enditem|p2a: Skarmory|Shed Shell|[from] move: Knock Off|[of] p1a: Bisharp
|move|p2a: Skarmory|Roost|p2a: Skarmory
|-heal|p2a: Skarmory|333\/333
|
|turn|27
|c|★Hogg Horse|aw, come on
|c|★Hogg Horse|I'm playing a shedinja team
|c|★napty|still
|c|★napty|it's stall
|
|move|p1a: Bisharp|Knock Off|p2a: Skarmory
|-damage|p2a: Skarmory|257\/333
|move|p2a: Skarmory|Counter|p1a: Bisharp
|-damage|p1a: Bisharp|103\/271
|-damage|p2a: Skarmory|202\/333|[from] item: Rocky Helmet|[of] p1a: Bisharp
|
|turn|28
|c|★napty|wow
|
|switch|p1a: Heatran|Heatran, M|217\/323
|-damage|p1a: Heatran|177\/323|[from] Stealth Rock
|move|p2a: Skarmory|Roost|p2a: Skarmory
|-heal|p2a: Skarmory|333\/333
|
|turn|29
|
|switch|p2a: Alomomola|Alomomola, M|367\/479 brn
|-damage|p2a: Alomomola|308\/479 brn|[from] Stealth Rock
|move|p1a: Heatran|Lava Plume|p2a: Alomomola
|-resisted|p2a: Alomomola
|-damage|p2a: Alomomola|215\/479 brn
|
|-damage|p2a: Alomomola|156\/479 brn|[from] brn
|turn|30
|
|switch|p2a: Heatran|Heatran, F|359\/385
|-damage|p2a: Heatran|311\/385|[from] Stealth Rock
|move|p1a: Heatran|Lava Plume|p2a: Heatran
|-start|p2a: Heatran|ability: Flash Fire
|
|-heal|p2a: Heatran|335\/385|[from] item: Leftovers
|turn|31
|
|move|p2a: Heatran|Protect|p2a: Heatran
|-singleturn|p2a: Heatran|Protect
|move|p1a: Heatran|Lava Plume|p2a: Heatran
|-activate|p2a: Heatran|Protect
|
|-heal|p2a: Heatran|359\/385|[from] item: Leftovers
|turn|32
|c|★napty|no i dont have earth power
|
|switch|p2a: Alomomola|Alomomola, M|315\/479 brn
|-damage|p2a: Alomomola|256\/479 brn|[from] Stealth Rock
|move|p1a: Heatran|Lava Plume|p2a: Alomomola
|-resisted|p2a: Alomomola
|-damage|p2a: Alomomola|156\/479 brn
|
|-damage|p2a: Alomomola|97\/479 brn|[from] brn
|turn|33
|
|move|p1a: Heatran|Lava Plume|p2a: Alomomola
|-resisted|p2a: Alomomola
|-damage|p2a: Alomomola|0 fnt
|faint|p2a: Alomomola
|
|
|switch|p2a: Chansey|Chansey, F|181\/642
|-damage|p2a: Chansey|101\/642|[from] Stealth Rock
|turn|34
|
|move|p1a: Heatran|Iron Head|p2a: Chansey
|-damage|p2a: Chansey|0 fnt
|faint|p2a: Chansey
|
|c|★Hogg Horse|ah
|c|★Hogg Horse|well, there's not much else to do here
|-message|Hogg Horse forfeited.
|leave|Hogg Horse
|
|win|napty
|raw|Ladder updating...
|player|p2
|raw|napty's rating: 1547 &rarr; <strong>1570<\/strong><br \/>(+23 for winning)
|raw|Hogg Horse's rating: 1593 &rarr; <strong>1570<\/strong><br \/>(-23 for losing)