|join|sempresolojuve
|join|napty
|player|p1|sempresolojuve|101
|player|p2|napty|140
|gametype|singles
|gen|6
|tier|OU
|rated
|clearpoke
|poke|p1|Conkeldurr, M
|poke|p1|Scizor, M
|poke|p1|Garchomp, F
|poke|p1|Jolteon, F
|poke|p1|Gyarados, F
|poke|p1|Gardevoir, M
|poke|p2|Gardevoir, F
|poke|p2|Keldeo-Resolute
|poke|p2|Landorus-Therian, M
|poke|p2|Jirachi
|poke|p2|Talonflame, F
|poke|p2|Latios, M
|rule|Swagger Clause: Swagger is banned
|rule|Baton Pass Clause: Limit one Pokémon knowing Baton Pass
|rule|Sleep Clause Mod: Limit one foe put to sleep
|rule|Species Clause: Limit one of each Pokémon
|rule|OHKO Clause: OHKO moves are banned
|rule|Moody Clause: Moody is banned
|rule|Evasion Moves Clause: Evasion moves are banned
|rule|Endless Battle Clause: Forcing endless battles is banned
|rule|HP Percentage Mod: HP is shown in percentages
|teampreview
|
|start
|switch|p1a: Garchomp|Garchomp, F|420\/420
|switch|p2a: Latios|Latios, M|301\/301
|turn|1
|
|switch|p1a: Gwyndolin|Gardevoir, M|309\/309
|-ability|p1a: Gwyndolin|Levitate|[from] ability: Trace|[of] p2a: Latios
|move|p2a: Latios|Draco Meteor|p1a: Gwyndolin
|-immune|p1a: Gwyndolin|[msg]
|
|turn|2
|
|switch|p2a: Jirachi|Jirachi|404\/404
|detailschange|p1a: Gwyndolin|Gardevoir-Mega, M
|-mega|p1a: Gwyndolin|Gardevoir|Gardevoirite
|move|p1a: Gwyndolin|Hyper Voice|p2a: Jirachi
|-resisted|p2a: Jirachi
|-damage|p2a: Jirachi|292\/404
|
|-heal|p2a: Jirachi|317\/404|[from] item: Leftovers
|turn|3
|
|switch|p2a: Keldeo-Resolute|Keldeo-Resolute|324\/324
|switch|p1a: Garchomp|Garchomp, F|420\/420
|
|turn|4
|
|switch|p1a: Gwyndolin|Gardevoir-Mega, M|309\/309
|move|p2a: Keldeo-Resolute|Scald|p1a: Gwyndolin
|-damage|p1a: Gwyndolin|209\/309
|-status|p1a: Gwyndolin|brn
|
|-damage|p1a: Gwyndolin|171\/309 brn|[from] brn
|turn|5
|
|switch|p2a: Jirachi|Jirachi|317\/404
|move|p1a: Gwyndolin|Pain Split|p2a: Jirachi
|-sethp|p2a: Jirachi|244\/404|p1a: Gwyndolin|244\/309 brn|[from] move: Pain Split
|
|-heal|p2a: Jirachi|269\/404|[from] item: Leftovers
|-damage|p1a: Gwyndolin|206\/309 brn|[from] brn
|turn|6
|
|switch|p1a: Garchomp|Garchomp, F|420\/420
|move|p2a: Jirachi|Wish|p2a: Jirachi
|
|-heal|p2a: Jirachi|294\/404|[from] item: Leftovers
|turn|7
|
|move|p2a: Jirachi|Iron Head|p1a: Garchomp
|-damage|p1a: Garchomp|350\/420
|-damage|p2a: Jirachi|244\/404|[from] ability: Rough Skin|[of] p1a: Garchomp
|-damage|p2a: Jirachi|177\/404|[from] item: Rocky Helmet|[of] p1a: Garchomp
|move|p1a: Garchomp|Stealth Rock|p2a: Jirachi
|-sidestart|p2: napty|move: Stealth Rock
|
|-heal|p2a: Jirachi|379\/404|[from] move: Wish|[wisher] Jirachi
|-heal|p2a: Jirachi|404\/404|[from] item: Leftovers
|turn|8
|
|switch|p2a: Keldeo-Resolute|Keldeo-Resolute|324\/324
|-damage|p2a: Keldeo-Resolute|304\/324|[from] Stealth Rock
|move|p1a: Garchomp|Earthquake|p2a: Keldeo-Resolute
|-damage|p2a: Keldeo-Resolute|142\/324
|
|-heal|p2a: Keldeo-Resolute|162\/324|[from] item: Leftovers
|turn|9
|
|move|p2a: Keldeo-Resolute|Scald|p1a: Garchomp
|-damage|p1a: Garchomp|173\/420
|-status|p1a: Garchomp|brn
|move|p1a: Garchomp|Earthquake|p2a: Keldeo-Resolute
|-damage|p2a: Keldeo-Resolute|81\/324
|
|-heal|p2a: Keldeo-Resolute|101\/324|[from] item: Leftovers
|-damage|p1a: Garchomp|121\/420 brn|[from] brn
|turn|10
|
|switch|p1a: Conkeldurr|Conkeldurr, M|352\/352
|move|p2a: Keldeo-Resolute|Scald|p1a: Conkeldurr
|-damage|p1a: Conkeldurr|247\/352
|
|-heal|p2a: Keldeo-Resolute|121\/324|[from] item: Leftovers
|turn|11
|
|move|p2a: Keldeo-Resolute|Scald|p1a: Conkeldurr
|-damage|p1a: Conkeldurr|153\/352
|move|p1a: Conkeldurr|Knock Off|p2a: Keldeo-Resolute
|-resisted|p2a: Keldeo-Resolute
|-damage|p2a: Keldeo-Resolute|54\/324
|-boost|p2a: Keldeo-Resolute|atk|1|[from] ability: Justified
|-enditem|p2a: Keldeo-Resolute|Leftovers|[from] move: Knock Off|[of] p1a: Conkeldurr
|
|turn|12
|
|switch|p2a: Gardevoir|Gardevoir, F|277\/277
|-damage|p2a: Gardevoir|243\/277|[from] Stealth Rock
|-ability|p2a: Gardevoir|Guts|[from] ability: Trace|[of] p1a: Conkeldurr
|move|p1a: Conkeldurr|Drain Punch|p2a: Gardevoir
|-resisted|p2a: Gardevoir
|-damage|p2a: Gardevoir|186\/277
|-heal|p1a: Conkeldurr|182\/352|[from] drain|[of] p2a: Gardevoir
|
|turn|13
|
|switch|p1a: Scizor|Scizor, M|313\/313
|detailschange|p2a: Gardevoir|Gardevoir-Mega, F
|-mega|p2a: Gardevoir|Gardevoir|Gardevoirite
|move|p2a: Gardevoir|Hyper Voice|p1a: Scizor
|-resisted|p1a: Scizor
|-damage|p1a: Scizor|142\/313
|
|turn|14
|
|switch|p2a: Landorus-Therian|Landorus-Therian, M|381\/381
|-damage|p2a: Landorus-Therian|334\/381|[from] Stealth Rock
|-ability|p2a: Landorus-Therian|Intimidate|[of] p1a: Scizor
|-unboost|p1a: Scizor|atk|1
|move|p1a: Scizor|Bullet Punch|p2a: Landorus-Therian
|-damage|p2a: Landorus-Therian|255\/381
|-damage|p1a: Scizor|90\/313|[from] item: Rocky Helmet|[of] p2a: Landorus-Therian
|-damage|p1a: Scizor|59\/313|[from] item: Life Orb
|
|turn|15
|
|switch|p1a: Gyarados|Gyarados, F|332\/332
|-ability|p1a: Gyarados|Intimidate|[of] p2a: Landorus-Therian
|-unboost|p2a: Landorus-Therian|atk|1
|move|p2a: Landorus-Therian|Stone Edge|p1a: Gyarados
|-supereffective|p1a: Gyarados
|-damage|p1a: Gyarados|170\/332
|
|-heal|p1a: Gyarados|190\/332|[from] item: Leftovers
|turn|16
|
|move|p1a: Gyarados|Dragon Dance|p1a: Gyarados
|-boost|p1a: Gyarados|atk|1
|-boost|p1a: Gyarados|spe|1
|move|p2a: Landorus-Therian|Stone Edge|p1a: Gyarados
|-supereffective|p1a: Gyarados
|-damage|p1a: Gyarados|20\/332
|
|-heal|p1a: Gyarados|40\/332|[from] item: Leftovers
|turn|17
|
|move|p1a: Gyarados|Waterfall|p2a: Landorus-Therian
|-supereffective|p2a: Landorus-Therian
|-damage|p2a: Landorus-Therian|0 fnt
|-damage|p1a: Gyarados|0 fnt|[from] item: Rocky Helmet|[of] p2a: Landorus-Therian
|faint|p1a: Gyarados
|faint|p2a: Landorus-Therian
|
|
|switch|p1a: Jolteon|Jolteon, F|272\/272
|switch|p2a: Latios|Latios, M|301\/301
|-damage|p2a: Latios|264\/301|[from] Stealth Rock
|turn|18
|
|move|p1a: Jolteon|Shadow Ball|p2a: Latios
|-supereffective|p2a: Latios
|-damage|p2a: Latios|0 fnt
|faint|p2a: Latios
|
|c|★napty|what the hell
|
|switch|p2a: Talonflame|Talonflame, F|360\/360
|-damage|p2a: Talonflame|180\/360|[from] Stealth Rock
|turn|19
|
|move|p2a: Talonflame|Roost|p2a: Talonflame
|-heal|p2a: Talonflame|360\/360
|move|p1a: Jolteon|Shadow Ball|p2a: Talonflame
|-damage|p2a: Talonflame|244\/360
|
|-heal|p2a: Talonflame|266\/360|[from] item: Leftovers
|turn|20
|
|switch|p1a: Garchomp|Garchomp, F|121\/420 brn
|move|p2a: Talonflame|Will-O-Wisp|p1a: Garchomp
|-fail|p1a: Garchomp|brn
|
|-heal|p2a: Talonflame|288\/360|[from] item: Leftovers
|-damage|p1a: Garchomp|69\/420 brn|[from] brn
|turn|21
|
|move|p2a: Talonflame|Brave Bird|p1a: Garchomp
|-damage|p1a: Garchomp|0 fnt
|-damage|p2a: Talonflame|243\/360|[from] ability: Rough Skin|[of] p1a: Garchomp
|-damage|p2a: Talonflame|183\/360|[from] item: Rocky Helmet|[of] p1a: Garchomp
|-damage|p2a: Talonflame|160\/360|[from] recoil|[of] p1a: Garchomp
|faint|p1a: Garchomp
|
|-heal|p2a: Talonflame|182\/360|[from] item: Leftovers
|
|switch|p1a: Jolteon|Jolteon, F|272\/272
|turn|22
|
|move|p2a: Talonflame|Roost|p2a: Talonflame
|-heal|p2a: Talonflame|360\/360
|move|p1a: Jolteon|Thunderbolt|p2a: Talonflame
|-damage|p2a: Talonflame|132\/360
|
|-heal|p2a: Talonflame|154\/360|[from] item: Leftovers
|turn|23
|
|move|p2a: Talonflame|Brave Bird|p1a: Jolteon
|-resisted|p1a: Jolteon
|-damage|p1a: Jolteon|180\/272
|-damage|p2a: Talonflame|124\/360|[from] recoil|[of] p1a: Jolteon
|move|p1a: Jolteon|Thunderbolt|p2a: Talonflame
|-supereffective|p2a: Talonflame
|-damage|p2a: Talonflame|0 fnt
|faint|p2a: Talonflame
|
|
|switch|p2a: Jirachi|Jirachi|404\/404
|-damage|p2a: Jirachi|379\/404|[from] Stealth Rock
|turn|24
|
|switch|p1a: Scizor|Scizor, M|59\/313
|move|p2a: Jirachi|Wish|p2a: Jirachi
|
|-heal|p2a: Jirachi|404\/404|[from] item: Leftovers
|turn|25
|
|move|p2a: Jirachi|Fire Punch|p1a: Scizor
|-supereffective|p1a: Scizor
|-damage|p1a: Scizor|0 fnt
|faint|p1a: Scizor
|
|
|switch|p1a: Conkeldurr|Conkeldurr, M|182\/352
|turn|26
|
|switch|p2a: Keldeo-Resolute|Keldeo-Resolute|54\/324
|-damage|p2a: Keldeo-Resolute|34\/324|[from] Stealth Rock
|move|p1a: Conkeldurr|Drain Punch|p2a: Keldeo-Resolute
|-damage|p2a: Keldeo-Resolute|0 fnt
|-heal|p1a: Conkeldurr|199\/352|[from] drain|[of] p2a: Keldeo-Resolute
|faint|p2a: Keldeo-Resolute
|
|
|switch|p2a: Gardevoir|Gardevoir-Mega, F|186\/277
|-damage|p2a: Gardevoir|152\/277|[from] Stealth Rock
|turn|27
|
|switch|p1a: Gwyndolin|Gardevoir-Mega, M|206\/309 brn
|move|p2a: Gardevoir|Hyper Voice|p1a: Gwyndolin
|-damage|p1a: Gwyndolin|17\/309 brn
|
|-damage|p1a: Gwyndolin|0 fnt|[from] brn
|faint|p1a: Gwyndolin
|
|switch|p1a: Jolteon|Jolteon, F|180\/272
|turn|28
|
|move|p1a: Jolteon|Shadow Ball|p2a: Gardevoir
|-supereffective|p2a: Gardevoir
|-damage|p2a: Gardevoir|0 fnt
|faint|p2a: Gardevoir
|
|
|switch|p2a: Jirachi|Jirachi|404\/404
|-damage|p2a: Jirachi|379\/404|[from] Stealth Rock
|turn|29
|
|move|p2a: Jirachi|Protect|p2a: Jirachi
|-singleturn|p2a: Jirachi|Protect
|move|p1a: Jolteon|Shadow Ball|p2a: Jirachi
|-activate|p2a: Jirachi|Protect
|
|-heal|p2a: Jirachi|404\/404|[from] item: Leftovers
|turn|30
|
|move|p1a: Jolteon|Shadow Ball|p2a: Jirachi
|-supereffective|p2a: Jirachi
|-damage|p2a: Jirachi|198\/404
|move|p2a: Jirachi|Fire Punch|p1a: Jolteon
|-damage|p1a: Jolteon|96\/272
|
|-heal|p2a: Jirachi|223\/404|[from] item: Leftovers
|turn|31
|
|move|p2a: Jirachi|Protect|p2a: Jirachi
|-singleturn|p2a: Jirachi|Protect
|move|p1a: Jolteon|Shadow Ball|p2a: Jirachi
|-activate|p2a: Jirachi|Protect
|
|-heal|p2a: Jirachi|248\/404|[from] item: Leftovers
|turn|32
|
|move|p1a: Jolteon|Shadow Ball|p2a: Jirachi
|-supereffective|p2a: Jirachi
|-damage|p2a: Jirachi|46\/404
|move|p2a: Jirachi|Wish|p2a: Jirachi
|
|-heal|p2a: Jirachi|71\/404|[from] item: Leftovers
|turn|33
|
|switch|p1a: Conkeldurr|Conkeldurr, M|199\/352
|move|p2a: Jirachi|Protect|p2a: Jirachi
|-fail|p2a: Jirachi
|
|-heal|p2a: Jirachi|273\/404|[from] move: Wish|[wisher] Jirachi
|-heal|p2a: Jirachi|298\/404|[from] item: Leftovers
|turn|34
|
|move|p2a: Jirachi|Protect|p2a: Jirachi
|-singleturn|p2a: Jirachi|Protect
|move|p1a: Conkeldurr|Knock Off|p2a: Jirachi
|-activate|p2a: Jirachi|Protect
|
|-heal|p2a: Jirachi|323\/404|[from] item: Leftovers
|turn|35
|
|move|p2a: Jirachi|Iron Head|p1a: Conkeldurr
|-damage|p1a: Conkeldurr|93\/352
|cant|p1a: Conkeldurr|flinch
|
|-heal|p2a: Jirachi|348\/404|[from] item: Leftovers
|turn|36
|
|move|p2a: Jirachi|Protect|p2a: Jirachi
|-singleturn|p2a: Jirachi|Protect
|move|p1a: Conkeldurr|Knock Off|p2a: Jirachi
|-activate|p2a: Jirachi|Protect
|
|-heal|p2a: Jirachi|373\/404|[from] item: Leftovers
|turn|37
|
|move|p2a: Jirachi|Iron Head|p1a: Conkeldurr
|-damage|p1a: Conkeldurr|0 fnt
|faint|p1a: Conkeldurr
|
|-heal|p2a: Jirachi|398\/404|[from] item: Leftovers
|
|switch|p1a: Jolteon|Jolteon, F|96\/272
|turn|38
|
|move|p2a: Jirachi|Protect|p2a: Jirachi
|-singleturn|p2a: Jirachi|Protect
|move|p1a: Jolteon|Shadow Ball|p2a: Jirachi
|-activate|p2a: Jirachi|Protect
|
|-heal|p2a: Jirachi|404\/404|[from] item: Leftovers
|turn|39
|
|move|p1a: Jolteon|Shadow Ball|p2a: Jirachi
|-supereffective|p2a: Jirachi
|-damage|p2a: Jirachi|198\/404
|-unboost|p2a: Jirachi|spd|1
|move|p2a: Jirachi|Fire Punch|p1a: Jolteon
|-damage|p1a: Jolteon|1\/272
|
|-heal|p2a: Jirachi|223\/404|[from] item: Leftovers
|turn|40
|
|move|p2a: Jirachi|Protect|p2a: Jirachi
|-singleturn|p2a: Jirachi|Protect
|move|p1a: Jolteon|Shadow Ball|p2a: Jirachi
|-activate|p2a: Jirachi|Protect
|
|-heal|p2a: Jirachi|248\/404|[from] item: Leftovers
|turn|41
|c|★napty|stupid nerd
|
|move|p1a: Jolteon|Shadow Ball|p2a: Jirachi
|-supereffective|p2a: Jirachi
|-damage|p2a: Jirachi|0 fnt
|faint|p2a: Jirachi
|
|win|sempresolojuve
|raw|Ladder updating...
|raw|sempresolojuve's rating: 1511 &rarr; <strong>1531<\/strong><br \/>(+20 for winning)
|raw|napty's rating: 1509 &rarr; <strong>1490<\/strong><br \/>(-19 for losing)
|c|★sempresolojuve|boom
|leave|napty
|player|p2