|join|brownnick
|join|Wooliest Mammoth
|player|p1|brownnick|238
|player|p2|Wooliest Mammoth|101
|gametype|singles
|gen|6
|tier|OU
|rated
|clearpoke
|poke|p1|Blissey, F
|poke|p1|Rotom-Wash
|poke|p1|Greninja, M
|poke|p1|Conkeldurr, F
|poke|p1|Venusaur, M
|poke|p1|Skarmory, F
|poke|p2|Dragonite, F
|poke|p2|Gardevoir, M
|poke|p2|Gliscor, M
|poke|p2|Infernape, M
|poke|p2|Weavile, M
|poke|p2|Tentacruel, M
|rule|Swagger Clause: Swagger is banned
|rule|Baton Pass Clause: Limit one Pokémon knowing Baton Pass
|rule|Sleep Clause Mod: Limit one foe put to sleep
|rule|Species Clause: Limit one of each Pokémon
|rule|OHKO Clause: OHKO moves are banned
|rule|Moody Clause: Moody is banned
|rule|Evasion Moves Clause: Evasion moves are banned
|rule|Endless Battle Clause: Forcing endless battles is banned
|rule|HP Percentage Mod: HP is shown in percentages
|teampreview
|
|start
|switch|p1a: Rotom-Wash|Rotom-Wash|242\/242
|switch|p2a: Infernape|Infernape, M|293\/293
|turn|1
|
|move|p1a: Rotom-Wash|Volt Switch|p2a: Infernape
|-damage|p2a: Infernape|134\/293
|
|switch|p1a: Skarmory|Skarmory, F|334\/334
|move|p2a: Infernape|Close Combat|p1a: Skarmory
|-damage|p1a: Skarmory|225\/334
|-damage|p2a: Infernape|86\/293|[from] item: Rocky Helmet|[of] p1a: Skarmory
|-unboost|p2a: Infernape|def|1
|-unboost|p2a: Infernape|spd|1
|
|turn|2
|
|move|p2a: Infernape|Fire Blast|p1a: Skarmory
|-supereffective|p1a: Skarmory
|-damage|p1a: Skarmory|0 fnt
|faint|p1a: Skarmory
|
|
|switch|p1a: Rotom-Wash|Rotom-Wash|242\/242
|turn|3
|
|switch|p2a: Gliscor|Gliscor, M|354\/354
|move|p1a: Rotom-Wash|Volt Switch|p2a: Gliscor
|-immune|p2a: Gliscor|[msg]
|
|-status|p2a: Gliscor|tox|[from] item: Toxic Orb
|turn|4
|
|switch|p1a: Venusaur|Venusaur, M|364\/364
|move|p2a: Gliscor|Earthquake|p1a: Venusaur
|-damage|p1a: Venusaur|226\/364
|
|turn|5
|
|switch|p2a: Tentacruel|Tentacruel, M|357\/357
|detailschange|p1a: Venusaur|Venusaur-Mega, M
|message|Venusaur has Mega Evolved into Mega Venusaur!
|move|p1a: Venusaur|Giga Drain|p2a: Tentacruel
|-damage|p2a: Tentacruel|270\/357
|-damage|p1a: Venusaur|182\/364|[from] ability: Liquid Ooze|[of] p2a: Tentacruel
|
|-heal|p2a: Tentacruel|292\/357|[from] item: Black Sludge
|turn|6
|
|move|p2a: Tentacruel|Acid Spray|p1a: Venusaur
|-damage|p1a: Venusaur|148\/364
|-unboost|p1a: Venusaur|spd|2
|move|p1a: Venusaur|Synthesis|p1a: Venusaur
|-heal|p1a: Venusaur|330\/364
|
|-heal|p2a: Tentacruel|314\/357|[from] item: Black Sludge
|turn|7
|
|switch|p1a: Blissey|Blissey, F|714\/714
|move|p2a: Tentacruel|Sludge Bomb|p1a: Blissey
|-damage|p1a: Blissey|650\/714
|
|-heal|p2a: Tentacruel|336\/357|[from] item: Black Sludge
|-heal|p1a: Blissey|694\/714|[from] item: Leftovers
|turn|8
|
|switch|p2a: Gliscor|Gliscor, M|354\/354 tox
|move|p1a: Blissey|Wish|p1a: Blissey
|
|-heal|p1a: Blissey|714\/714|[from] item: Leftovers
|turn|9
|
|switch|p1a: Conkeldurr|Conkeldurr, F|414\/414
|move|p2a: Gliscor|Toxic|p1a: Conkeldurr
|-status|p1a: Conkeldurr|tox
|
|-damage|p1a: Conkeldurr|389\/414 tox|[from] psn
|turn|10
|
|move|p2a: Gliscor|Protect|p2a: Gliscor
|-singleturn|p2a: Gliscor|Protect
|move|p1a: Conkeldurr|Knock Off|p2a: Gliscor
|-activate|p2a: Gliscor|Protect
|
|-heal|p1a: Conkeldurr|414\/414 tox|[from] item: Leftovers
|-damage|p1a: Conkeldurr|364\/414 tox|[from] psn
|turn|11
|
|switch|p2a: Infernape|Infernape, M|86\/293
|move|p1a: Conkeldurr|Ice Punch|p2a: Infernape
|-resisted|p2a: Infernape
|-damage|p2a: Infernape|0 fnt
|faint|p2a: Infernape
|
|-heal|p1a: Conkeldurr|389\/414 tox|[from] item: Leftovers
|-damage|p1a: Conkeldurr|314\/414 tox|[from] psn
|
|switch|p2a: Gardevoir|Gardevoir, M|277\/277
|-ability|p2a: Gardevoir|Guts|[from] ability: Trace|[of] p1a: Conkeldurr
|turn|12
|
|switch|p1a: Blissey|Blissey, F|714\/714
|detailschange|p2a: Gardevoir|Gardevoir-Mega, M
|message|Gardevoir has Mega Evolved into Mega Gardevoir!
|move|p2a: Gardevoir|Hyper Voice|p1a: Blissey
|-damage|p1a: Blissey|504\/714
|
|-heal|p1a: Blissey|548\/714|[from] item: Leftovers
|turn|13
|
|move|p2a: Gardevoir|Taunt|p1a: Blissey
|-start|p1a: Blissey|move: Taunt
|cant|p1a: Blissey|move: Taunt|Toxic
|
|-heal|p1a: Blissey|592\/714|[from] item: Leftovers
|turn|14
|
|move|p2a: Gardevoir|Hyper Voice|p1a: Blissey
|-damage|p1a: Blissey|378\/714
|move|p1a: Blissey|Seismic Toss|p2a: Gardevoir
|-damage|p2a: Gardevoir|177\/277
|
|-heal|p1a: Blissey|422\/714|[from] item: Leftovers
|turn|15
|
|move|p2a: Gardevoir|Psyshock|p1a: Blissey
|-damage|p1a: Blissey|104\/714
|move|p1a: Blissey|Seismic Toss|p2a: Gardevoir
|-damage|p2a: Gardevoir|77\/277
|
|-heal|p1a: Blissey|148\/714|[from] item: Leftovers
|-end|p1a: Blissey|move: Taunt
|turn|16
|
|move|p2a: Gardevoir|Hyper Voice|p1a: Blissey
|-damage|p1a: Blissey|0 fnt
|faint|p1a: Blissey
|
|
|switch|p1a: Rotom-Wash|Rotom-Wash|242\/242
|turn|17
|
|switch|p2a: Tentacruel|Tentacruel, M|336\/357
|move|p1a: Rotom-Wash|Volt Switch|p2a: Tentacruel
|-supereffective|p2a: Tentacruel
|-damage|p2a: Tentacruel|196\/357
|
|switch|p1a: Greninja|Greninja, M|286\/286
|
|-heal|p2a: Tentacruel|218\/357|[from] item: Black Sludge
|turn|18
|
|move|p1a: Greninja|Return|p2a: Tentacruel
|-start|p1a: Greninja|typechange|Normal|[from] Protean
|-damage|p2a: Tentacruel|0 fnt
|faint|p2a: Tentacruel
|
|
|switch|p2a: Weavile|Weavile, M|281\/281
|-ability|p2a: Weavile|Pressure
|turn|19
|
|switch|p1a: Venusaur|Venusaur-Mega, M|330\/364
|move|p2a: Weavile|Knock Off|p1a: Venusaur
|-damage|p1a: Venusaur|184\/364
|-damage|p2a: Weavile|253\/281|[from] item: Life Orb
|
|turn|20
|
|move|p2a: Weavile|Knock Off|p1a: Venusaur
|-damage|p1a: Venusaur|48\/364
|-damage|p2a: Weavile|225\/281|[from] item: Life Orb
|move|p1a: Venusaur|Giga Drain|p2a: Weavile
|-crit|p2a: Weavile
|-damage|p2a: Weavile|0 fnt
|-heal|p1a: Venusaur|161\/364|[from] drain|[of] p2a: Weavile
|faint|p2a: Weavile
|
|
|switch|p2a: Gardevoir|Gardevoir-Mega, M|77\/277
|turn|21
|
|move|p2a: Gardevoir|Hyper Voice|p1a: Venusaur
|-resisted|p1a: Venusaur
|-damage|p1a: Venusaur|47\/364
|move|p1a: Venusaur|Sludge Bomb|p2a: Gardevoir
|-supereffective|p2a: Gardevoir
|-damage|p2a: Gardevoir|0 fnt
|faint|p2a: Gardevoir
|
|
|switch|p2a: Dragonite|Dragonite, F|323\/323
|turn|22
|
|move|p2a: Dragonite|Extreme Speed|p1a: Venusaur
|-damage|p1a: Venusaur|0 fnt
|faint|p1a: Venusaur
|
|
|switch|p1a: Rotom-Wash|Rotom-Wash|242\/242
|turn|23
|
|switch|p2a: Gliscor|Gliscor, M|354\/354 tox
|move|p1a: Rotom-Wash|Trick|p2a: Gliscor
|-activate|p1a: Rotom-Wash|move: Trick|[of] p2a: Gliscor
|-item|p2a: Gliscor|Choice Scarf|[from] move: Trick
|-item|p1a: Rotom-Wash|Toxic Orb|[from] move: Trick
|
|-status|p1a: Rotom-Wash|tox|[from] item: Toxic Orb
|turn|24
|
|switch|p1a: Greninja|Greninja, M|286\/286
|move|p2a: Gliscor|Knock Off|p1a: Greninja
|-resisted|p1a: Greninja
|-damage|p1a: Greninja|233\/286
|-enditem|p1a: Greninja|Choice Band|[from] move: Knock Off|[of] p2a: Gliscor
|
|turn|25
|
|move|p1a: Greninja|Waterfall|p2a: Gliscor
|-start|p1a: Greninja|typechange|Water|[from] Protean
|-supereffective|p2a: Gliscor
|-damage|p2a: Gliscor|222\/354 tox
|cant|p2a: Gliscor|flinch
|
|-heal|p2a: Gliscor|266\/354 tox|[from] ability: Poison Heal
|turn|26
|
|move|p1a: Greninja|Waterfall|p2a: Gliscor
|-supereffective|p2a: Gliscor
|-damage|p2a: Gliscor|120\/354 tox
|move|p2a: Gliscor|Knock Off|p1a: Greninja
|-damage|p1a: Greninja|169\/286
|
|-heal|p2a: Gliscor|164\/354 tox|[from] ability: Poison Heal
|turn|27
|
|move|p1a: Greninja|Waterfall|p2a: Gliscor
|-supereffective|p2a: Gliscor
|-damage|p2a: Gliscor|30\/354 tox
|cant|p2a: Gliscor|flinch
|
|-heal|p2a: Gliscor|74\/354 tox|[from] ability: Poison Heal
|turn|28
|
|switch|p2a: Dragonite|Dragonite, F|323\/323
|move|p1a: Greninja|Waterfall|p2a: Dragonite
|-resisted|p2a: Dragonite
|-damage|p2a: Dragonite|295\/323
|
|turn|29
|
|move|p2a: Dragonite|Extreme Speed|p1a: Greninja
|-damage|p1a: Greninja|0 fnt
|faint|p1a: Greninja
|
|
|switch|p1a: Conkeldurr|Conkeldurr, F|314\/414 tox
|turn|30
|
|switch|p2a: Gliscor|Gliscor, M|74\/354 tox
|move|p1a: Conkeldurr|Ice Punch|p2a: Gliscor
|-supereffective|p2a: Gliscor
|-damage|p2a: Gliscor|0 fnt
|faint|p2a: Gliscor
|
|-heal|p1a: Conkeldurr|339\/414 tox|[from] item: Leftovers
|-damage|p1a: Conkeldurr|314\/414 tox|[from] psn
|
|switch|p2a: Dragonite|Dragonite, F|295\/323
|turn|31
|
|move|p2a: Dragonite|Outrage|p1a: Conkeldurr
|-damage|p1a: Conkeldurr|0 fnt
|faint|p1a: Conkeldurr
|
|
|switch|p1a: Rotom-Wash|Rotom-Wash|242\/242 tox
|turn|32
|
|move|p1a: Rotom-Wash|Thunderbolt|p2a: Dragonite
|-damage|p2a: Dragonite|151\/323
|move|p2a: Dragonite|Outrage|p1a: Rotom-Wash
|-damage|p1a: Rotom-Wash|0 fnt
|faint|p1a: Rotom-Wash
|
|win|Wooliest Mammoth
|raw|Ladder updating...
|raw|brownnick's rating: 1548 &rarr; <strong>1529<\/strong><br \/>(-19 for losing)
|raw|Wooliest Mammoth's rating: 1575 &rarr; <strong>1594<\/strong><br \/>(+19 for winning)
|c|★Wooliest Mammoth|gg