|join|silverfy
|join|Wooliest Mammoth
|player|p1|silverfy|2
|player|p2|Wooliest Mammoth|101
|gametype|singles
|gen|6
|tier|OU
|rated
|clearpoke
|poke|p1|Azumarill, F
|poke|p1|Victini
|poke|p1|Kyurem-Black
|poke|p1|Magnezone
|poke|p1|Sylveon, F
|poke|p1|Landorus-Therian, M
|poke|p2|Bisharp, F
|poke|p2|Gengar, F
|poke|p2|Ferrothorn, F
|poke|p2|Hawlucha, F
|poke|p2|Magnezone
|poke|p2|Sylveon, M
|rule|Swagger Clause: Swagger is banned
|rule|Baton Pass Clause: Limit one Pokémon knowing Baton Pass
|rule|Sleep Clause Mod: Limit one foe put to sleep
|rule|Species Clause: Limit one of each Pokémon
|rule|OHKO Clause: OHKO moves are banned
|rule|Moody Clause: Moody is banned
|rule|Evasion Moves Clause: Evasion moves are banned
|rule|Endless Battle Clause: Forcing endless battles is banned
|rule|HP Percentage Mod: HP is shown in percentages
|teampreview
|
|start
|switch|p1a: Azumarill|Azumarill, F|404\/404
|switch|p2a: Hawlucha|Hawlucha, F|328\/328
|turn|1
|
|switch|p1a: Magnezone|Magnezone|326\/326
|move|p2a: Hawlucha|Substitute|p2a: Hawlucha
|-start|p2a: Hawlucha|Substitute
|-damage|p2a: Hawlucha|246\/328
|
|turn|2
|
|switch|p1a: Landorus-Therian|Landorus-Therian, M|345\/345
|-activate|p2a: Hawlucha|Substitute|ability: Intimidate|[of] p1a: Landorus-Therian
|move|p2a: Hawlucha|Swords Dance|p2a: Hawlucha
|-boost|p2a: Hawlucha|atk|2
|
|turn|3
|
|move|p2a: Hawlucha|Swords Dance|p2a: Hawlucha
|-boost|p2a: Hawlucha|atk|2
|move|p1a: Landorus-Therian|Knock Off|p2a: Hawlucha
|-resisted|p2a: Hawlucha
|-activate|p2a: Hawlucha|Substitute|[damage]
|
|turn|4
|
|move|p2a: Hawlucha|Swords Dance|p2a: Hawlucha
|-boost|p2a: Hawlucha|atk|2
|move|p1a: Landorus-Therian|U-turn|p2a: Hawlucha
|-crit|p2a: Hawlucha
|-resisted|p2a: Hawlucha
|-end|p2a: Hawlucha|Substitute
|c|★silverfy|Why do people like you play so stupidly?
|
|switch|p1a: Azumarill|Azumarill, F|404\/404
|
|turn|5
|
|move|p1a: Azumarill|Aqua Jet|p2a: Hawlucha
|-damage|p2a: Hawlucha|89\/328
|-enditem|p2a: Hawlucha|Sitrus Berry|[eat]
|-heal|p2a: Hawlucha|171\/328|[from] item: Sitrus Berry
|move|p2a: Hawlucha|Substitute|p2a: Hawlucha
|-start|p2a: Hawlucha|Substitute
|-damage|p2a: Hawlucha|89\/328
|
|turn|6
|
|move|p1a: Azumarill|Aqua Jet|p2a: Hawlucha
|-end|p2a: Hawlucha|Substitute
|move|p2a: Hawlucha|Acrobatics|p1a: Azumarill
|-damage|p1a: Azumarill|0 fnt
|faint|p1a: Azumarill
|
|
|switch|p1a: Kyurem-Black|Kyurem-Black|402\/402
|-ability|p1a: Kyurem-Black|Teravolt
|turn|7
|
|move|p2a: Hawlucha|Acrobatics|p1a: Kyurem-Black
|-damage|p1a: Kyurem-Black|0 fnt
|faint|p1a: Kyurem-Black
|
|-message|silverfy forfeited.
|
|win|Wooliest Mammoth
|raw|Ladder updating...
|raw|silverfy's rating: 1609 &rarr; <strong>1585<\/strong><br \/>(-24 for losing)
|raw|Wooliest Mammoth's rating: 1541 &rarr; <strong>1565<\/strong><br \/>(+24 for winning)
|leave|silverfy
|player|p1