|join|browoo42
|join|Wooliest Mammoth
|player|p1|browoo42|265
|player|p2|Wooliest Mammoth|101
|gametype|singles
|gen|6
|tier|OU
|rated
|clearpoke
|poke|p1|Scolipede, M
|poke|p1|Pinsir, F
|poke|p1|Heracross, M
|poke|p1|Azumarill, F
|poke|p1|Rotom-Wash
|poke|p1|Latias, F
|poke|p2|Dragonite, M
|poke|p2|Manectric, M
|poke|p2|Gliscor, M
|poke|p2|Infernape, F
|poke|p2|Weavile, M
|poke|p2|Tentacruel, F
|rule|Swagger Clause: Swagger is banned
|rule|Baton Pass Clause: Limit one Pokémon knowing Baton Pass
|rule|Sleep Clause Mod: Limit one foe put to sleep
|rule|Species Clause: Limit one of each Pokémon
|rule|OHKO Clause: OHKO moves are banned
|rule|Moody Clause: Moody is banned
|rule|Evasion Moves Clause: Evasion moves are banned
|rule|Endless Battle Clause: Forcing endless battles is banned
|rule|HP Percentage Mod: HP is shown in percentages
|teampreview
|
|start
|switch|p1a: Scolipede|Scolipede, M|261\/261
|switch|p2a: Manectric|Manectric, M|281\/281
|turn|1
|
|detailschange|p2a: Manectric|Manectric-Mega, M
|message|Manectric has Mega Evolved into Mega Manectric!
|-ability|p2a: Manectric|Intimidate|[of] p1a: Scolipede
|-unboost|p1a: Scolipede|atk|1
|move|p1a: Scolipede|Swords Dance|p1a: Scolipede
|-boost|p1a: Scolipede|atk|2
|move|p2a: Manectric|Thunderbolt|p1a: Scolipede
|-damage|p1a: Scolipede|98\/261
|
|-boost|p1a: Scolipede|spe|1|[from] ability: Speed Boost
|turn|2
|
|move|p1a: Scolipede|Protect|p1a: Scolipede
|-singleturn|p1a: Scolipede|Protect
|move|p2a: Manectric|Volt Switch|p1a: Scolipede
|-activate|p1a: Scolipede|Protect
|
|-boost|p1a: Scolipede|spe|1|[from] ability: Speed Boost
|turn|3
|
|move|p1a: Scolipede|Baton Pass|p1a: Scolipede
|
|switch|p1a: Pinsir|Pinsir, F|271\/271
|move|p2a: Manectric|Volt Switch|p1a: Pinsir
|-damage|p1a: Pinsir|85\/271
|
|switch|p2a: Dragonite|Dragonite, M|323\/323
|
|turn|4
|
|detailschange|p1a: Pinsir|Pinsir-Mega, F
|message|Pinsir has Mega Evolved into Mega Pinsir!
|move|p2a: Dragonite|Extreme Speed|p1a: Pinsir
|-damage|p1a: Pinsir|0 fnt
|faint|p1a: Pinsir
|
|
|switch|p1a: Latias|Latias, F|319\/319
|turn|5
|
|switch|p2a: Tentacruel|Tentacruel, F|357\/357
|move|p1a: Latias|Draco Meteor|p2a: Tentacruel
|-crit|p2a: Tentacruel
|-damage|p2a: Tentacruel|104\/357
|-unboost|p1a: Latias|spa|2
|-damage|p1a: Latias|288\/319|[from] item: Life Orb
|
|-heal|p2a: Tentacruel|126\/357|[from] item: Black Sludge
|turn|6
|
|switch|p2a: Weavile|Weavile, M|281\/281
|-ability|p2a: Weavile|Pressure
|move|p1a: Latias|Draco Meteor|p2a: Weavile
|-damage|p2a: Weavile|128\/281
|-unboost|p1a: Latias|spa|2
|-damage|p1a: Latias|257\/319|[from] item: Life Orb
|
|turn|7
|
|switch|p1a: Rotom-Wash|Rotom-Wash|241\/241
|move|p2a: Weavile|Knock Off|p1a: Rotom-Wash
|-damage|p1a: Rotom-Wash|46\/241
|-enditem|p1a: Rotom-Wash|Leftovers|[from] move: Knock Off|[of] p2a: Weavile
|-damage|p2a: Weavile|100\/281|[from] item: Life Orb
|
|turn|8
|
|switch|p2a: Tentacruel|Tentacruel, F|126\/357
|move|p1a: Rotom-Wash|Hydro Pump|p2a: Tentacruel
|-resisted|p2a: Tentacruel
|-damage|p2a: Tentacruel|81\/357
|
|-heal|p2a: Tentacruel|103\/357|[from] item: Black Sludge
|turn|9
|
|move|p1a: Rotom-Wash|Volt Switch|p2a: Tentacruel
|-supereffective|p2a: Tentacruel
|-damage|p2a: Tentacruel|0 fnt
|faint|p2a: Tentacruel
|
|switch|p1a: Latias|Latias, F|257\/319
|
|
|switch|p2a: Weavile|Weavile, M|100\/281
|-ability|p2a: Weavile|Pressure
|turn|10
|
|switch|p1a: Rotom-Wash|Rotom-Wash|46\/241
|move|p2a: Weavile|Knock Off|p1a: Rotom-Wash
|-damage|p1a: Rotom-Wash|0 fnt
|-damage|p2a: Weavile|72\/281|[from] item: Life Orb
|faint|p1a: Rotom-Wash
|
|
|switch|p1a: Azumarill|Azumarill, F|341\/341
|turn|11
|
|switch|p2a: Manectric|Manectric-Mega, M|281\/281
|-ability|p2a: Manectric|Intimidate|[of] p1a: Azumarill
|-unboost|p1a: Azumarill|atk|1
|move|p1a: Azumarill|Aqua Jet|p2a: Manectric
|-damage|p2a: Manectric|211\/281
|
|turn|12
|
|switch|p1a: Latias|Latias, F|257\/319
|move|p2a: Manectric|Thunderbolt|p1a: Latias
|-resisted|p1a: Latias
|-damage|p1a: Latias|185\/319
|
|turn|13
|
|move|p2a: Manectric|Hidden Power|p1a: Latias
|-supereffective|p1a: Latias
|-damage|p1a: Latias|69\/319
|move|p1a: Latias|Draco Meteor|p2a: Manectric
|-damage|p2a: Manectric|0 fnt
|-unboost|p1a: Latias|spa|2
|-damage|p1a: Latias|38\/319|[from] item: Life Orb
|faint|p2a: Manectric
|
|
|switch|p2a: Dragonite|Dragonite, M|323\/323
|turn|14
|
|switch|p1a: Azumarill|Azumarill, F|341\/341
|move|p2a: Dragonite|Extreme Speed|p1a: Azumarill
|-damage|p1a: Azumarill|188\/341
|
|turn|15
|
|move|p2a: Dragonite|Extreme Speed|p1a: Azumarill
|-damage|p1a: Azumarill|10\/341
|-enditem|p1a: Azumarill|Sitrus Berry|[eat]
|-heal|p1a: Azumarill|95\/341|[from] item: Sitrus Berry
|move|p1a: Azumarill|Play Rough|p2a: Dragonite
|-supereffective|p2a: Dragonite
|-damage|p2a: Dragonite|130\/323
|
|turn|16
|
|move|p2a: Dragonite|Extreme Speed|p1a: Azumarill
|-damage|p1a: Azumarill|0 fnt
|faint|p1a: Azumarill
|
|
|switch|p1a: Heracross|Heracross, M|301\/301
|turn|17
|
|switch|p2a: Gliscor|Gliscor, M|354\/354
|move|p1a: Heracross|Rock Blast|p2a: Gliscor
|-damage|p2a: Gliscor|336\/354
|-damage|p2a: Gliscor|316\/354
|-hitcount|p2a: Gliscor|2
|
|-status|p2a: Gliscor|tox|[from] item: Toxic Orb
|turn|18
|
|switch|p1a: Latias|Latias, F|38\/319
|move|p2a: Gliscor|Toxic|p1a: Latias|[miss]
|-miss|p2a: Gliscor|p1a: Latias
|
|-heal|p2a: Gliscor|354\/354 tox|[from] ability: Poison Heal
|turn|19
|
|move|p2a: Gliscor|Protect|p2a: Gliscor
|-singleturn|p2a: Gliscor|Protect
|move|p1a: Latias|Healing Wish|p1a: Latias
|faint|p1a: Latias
|
|
|switch|p1a: Scolipede|Scolipede, M|98\/261
|-heal|p1a: Scolipede|261\/261|[from] move: Healing Wish
|turn|20
|
|move|p1a: Scolipede|Swords Dance|p1a: Scolipede
|-boost|p1a: Scolipede|atk|2
|move|p2a: Gliscor|Knock Off|p1a: Scolipede
|-damage|p1a: Scolipede|174\/261
|-enditem|p1a: Scolipede|Focus Sash|[from] move: Knock Off|[of] p2a: Gliscor
|
|-boost|p1a: Scolipede|spe|1|[from] ability: Speed Boost
|turn|21
|
|move|p1a: Scolipede|Protect|p1a: Scolipede
|-singleturn|p1a: Scolipede|Protect
|move|p2a: Gliscor|Earthquake|p1a: Scolipede
|-activate|p1a: Scolipede|Protect
|
|-boost|p1a: Scolipede|spe|1|[from] ability: Speed Boost
|turn|22
|
|move|p1a: Scolipede|Swords Dance|p1a: Scolipede
|-boost|p1a: Scolipede|atk|2
|move|p2a: Gliscor|Earthquake|p1a: Scolipede
|-damage|p1a: Scolipede|47\/261
|
|-boost|p1a: Scolipede|spe|1|[from] ability: Speed Boost
|turn|23
|
|switch|p2a: Dragonite|Dragonite, M|130\/323
|move|p1a: Scolipede|Protect|p1a: Scolipede
|-fail|p1a: Scolipede
|
|-boost|p1a: Scolipede|spe|1|[from] ability: Speed Boost
|turn|24
|
|move|p1a: Scolipede|Protect|p1a: Scolipede
|-singleturn|p1a: Scolipede|Protect
|move|p2a: Dragonite|Extreme Speed|p1a: Scolipede
|-activate|p1a: Scolipede|Protect
|
|-boost|p1a: Scolipede|spe|1|[from] ability: Speed Boost
|turn|25
|
|move|p1a: Scolipede|Protect|p1a: Scolipede
|-fail|p1a: Scolipede
|move|p2a: Dragonite|Extreme Speed|p1a: Scolipede
|-damage|p1a: Scolipede|0 fnt
|faint|p1a: Scolipede
|
|
|switch|p1a: Heracross|Heracross, M|301\/301
|turn|26
|
|move|p2a: Dragonite|Extreme Speed|p1a: Heracross
|-damage|p1a: Heracross|96\/301
|move|p1a: Heracross|Rock Blast|p2a: Dragonite
|-supereffective|p2a: Dragonite
|-damage|p2a: Dragonite|64\/323
|-supereffective|p2a: Dragonite
|-damage|p2a: Dragonite|0 fnt
|-hitcount|p2a: Dragonite|2
|faint|p2a: Dragonite
|-boost|p1a: Heracross|atk|1|[from] ability: Moxie
|
|c|★browoo42|gg
|
|switch|p2a: Weavile|Weavile, M|72\/281
|-ability|p2a: Weavile|Pressure
|turn|27
|c|★Wooliest Mammoth|gg
|c|★browoo42|I've used dragonite choice band before but I found it so cheap I tried to do something different haha, thank god this is a test team
|
|move|p2a: Weavile|Ice Punch|p1a: Heracross
|-damage|p1a: Heracross|0 fnt
|-damage|p2a: Weavile|44\/281|[from] item: Life Orb
|faint|p1a: Heracross
|
|win|Wooliest Mammoth
|raw|Ladder updating...
|raw|browoo42's rating: 1445 &rarr; <strong>1425<\/strong><br \/>(-20 for losing)
|raw|Wooliest Mammoth's rating: 1446 &rarr; <strong>1466<\/strong><br \/>(+20 for winning)
|c|★Wooliest Mammoth|Well I don't use legendaries
|c|★Wooliest Mammoth|So I neeed something that outspeeds after weavile
|c|★browoo42|I only use it for defog, and yeah understandable!
|c|★Wooliest Mammoth|GG tho :)
|c|★browoo42|yes GG:)
|leave|browoo42
|player|p1