|join|Wooliest Mammoth
|join|FrostyTrance
|player|p1|Wooliest Mammoth|101
|player|p2|FrostyTrance|153
|gametype|singles
|gen|6
|tier|OU
|rated
|clearpoke
|poke|p1|Dragonite, M
|poke|p1|Manectric, M
|poke|p1|Gliscor, F
|poke|p1|Infernape, M
|poke|p1|Weavile, F
|poke|p1|Tentacruel, F
|poke|p2|Dragonite, M
|poke|p2|Chansey, F
|poke|p2|Heracross, M, shiny
|poke|p2|Crawdaunt, M
|poke|p2|Manectric, F, shiny
|poke|p2|Mamoswine, M, shiny
|rule|Swagger Clause: Swagger is banned
|rule|Baton Pass Clause: Limit one Pokémon knowing Baton Pass
|rule|Sleep Clause Mod: Limit one foe put to sleep
|rule|Species Clause: Limit one of each Pokémon
|rule|OHKO Clause: OHKO moves are banned
|rule|Moody Clause: Moody is banned
|rule|Evasion Moves Clause: Evasion moves are banned
|rule|Endless Battle Clause: Forcing endless battles is banned
|rule|HP Percentage Mod: HP is shown in percentages
|teampreview
|
|start
|switch|p1a: Infernape|Infernape, M|293\/293
|switch|p2a: Chansey|Chansey, F|704\/704
|turn|1
|
|move|p1a: Infernape|Stealth Rock|p2a: Chansey
|-sidestart|p2: FrostyTrance|move: Stealth Rock
|move|p2a: Chansey|Toxic|p1a: Infernape
|-status|p1a: Infernape|tox
|
|-damage|p1a: Infernape|275\/293 tox|[from] psn
|turn|2
|
|move|p1a: Infernape|Close Combat|p2a: Chansey
|-supereffective|p2a: Chansey
|-damage|p2a: Chansey|270\/704
|-unboost|p1a: Infernape|def|1
|-unboost|p1a: Infernape|spd|1
|move|p2a: Chansey|Toxic|p1a: Infernape
|-fail|p1a: Infernape|tox
|
|-damage|p1a: Infernape|239\/293 tox|[from] psn
|turn|3
|
|move|p2a: Chansey|Protect|p2a: Chansey
|-singleturn|p2a: Chansey|Protect
|move|p1a: Infernape|Close Combat|p2a: Chansey
|-activate|p2a: Chansey|Protect
|
|-damage|p1a: Infernape|185\/293 tox|[from] psn
|turn|4
|
|switch|p2a: Heracross|Heracross, M, shiny|302\/302
|-damage|p2a: Heracross|265\/302|[from] Stealth Rock
|move|p1a: Infernape|Close Combat|p2a: Heracross
|-resisted|p2a: Heracross
|-damage|p2a: Heracross|166\/302
|-unboost|p1a: Infernape|def|1
|-unboost|p1a: Infernape|spd|1
|
|-damage|p1a: Infernape|113\/293 tox|[from] psn
|turn|5
|
|move|p2a: Heracross|Knock Off|p1a: Infernape
|-resisted|p1a: Infernape
|-damage|p1a: Infernape|0 fnt
|-enditem|p1a: Infernape|Focus Sash|[from] move: Knock Off|[of] p2a: Heracross
|faint|p1a: Infernape
|-boost|p2a: Heracross|atk|1|[from] ability: Moxie
|
|
|switch|p1a: Gliscor|Gliscor, F|354\/354
|turn|6
|
|move|p1a: Gliscor|Protect|p1a: Gliscor
|-singleturn|p1a: Gliscor|Protect
|move|p2a: Heracross|Knock Off|p1a: Gliscor
|-activate|p1a: Gliscor|Protect
|
|-status|p1a: Gliscor|tox|[from] item: Toxic Orb
|turn|7
|
|switch|p2a: Mamoswine|Mamoswine, M, shiny|424\/424
|-damage|p2a: Mamoswine|371\/424|[from] Stealth Rock
|move|p1a: Gliscor|Knock Off|p2a: Mamoswine
|-damage|p2a: Mamoswine|276\/424
|-enditem|p2a: Mamoswine|Life Orb|[from] move: Knock Off|[of] p1a: Gliscor
|
|turn|8
|
|switch|p1a: Weavile|Weavile, F|281\/281
|-ability|p1a: Weavile|Pressure
|move|p2a: Mamoswine|Stealth Rock|p1a: Weavile
|-sidestart|p1: Wooliest Mammoth|move: Stealth Rock
|
|turn|9
|
|switch|p2a: Heracross|Heracross, M, shiny|166\/302
|-damage|p2a: Heracross|129\/302|[from] Stealth Rock
|move|p1a: Weavile|Low Kick|p2a: Heracross
|-resisted|p2a: Heracross
|-damage|p2a: Heracross|60\/302
|-damage|p1a: Weavile|253\/281|[from] item: Life Orb
|
|turn|10
|
|move|p1a: Weavile|Ice Shard|p2a: Heracross
|-damage|p2a: Heracross|0 fnt
|-damage|p1a: Weavile|225\/281|[from] item: Life Orb
|faint|p2a: Heracross
|
|
|switch|p2a: Chansey|Chansey, F|270\/704
|-damage|p2a: Chansey|182\/704|[from] Stealth Rock
|turn|11
|
|move|p1a: Weavile|Knock Off|p2a: Chansey
|-damage|p2a: Chansey|0 fnt
|-enditem|p2a: Chansey|Eviolite|[from] move: Knock Off|[of] p1a: Weavile
|-damage|p1a: Weavile|197\/281|[from] item: Life Orb
|faint|p2a: Chansey
|
|
|switch|p2a: Dragonite|Dragonite, M|386\/386
|-damage|p2a: Dragonite|290\/386|[from] Stealth Rock
|turn|12
|
|switch|p1a: Gliscor|Gliscor, F|354\/354 tox
|-damage|p1a: Gliscor|310\/354 tox|[from] Stealth Rock
|move|p2a: Dragonite|Extreme Speed|p1a: Gliscor
|-damage|p1a: Gliscor|210\/354 tox
|
|-heal|p1a: Gliscor|254\/354 tox|[from] ability: Poison Heal
|turn|13
|
|switch|p2a: Mamoswine|Mamoswine, M, shiny|276\/424
|-damage|p2a: Mamoswine|223\/424|[from] Stealth Rock
|move|p1a: Gliscor|Knock Off|p2a: Mamoswine
|-damage|p2a: Mamoswine|167\/424
|
|-heal|p1a: Gliscor|298\/354 tox|[from] ability: Poison Heal
|turn|14
|
|move|p1a: Gliscor|Protect|p1a: Gliscor
|-singleturn|p1a: Gliscor|Protect
|move|p2a: Mamoswine|Earthquake|p1a: Gliscor
|-immune|p1a: Gliscor|[msg]
|
|-heal|p1a: Gliscor|342\/354 tox|[from] ability: Poison Heal
|turn|15
|
|switch|p1a: Tentacruel|Tentacruel, F|357\/357
|-damage|p1a: Tentacruel|313\/357|[from] Stealth Rock
|move|p2a: Mamoswine|Earthquake|p1a: Tentacruel
|-supereffective|p1a: Tentacruel
|-damage|p1a: Tentacruel|0 fnt
|faint|p1a: Tentacruel
|
|
|switch|p1a: Manectric|Manectric, M|281\/281
|-damage|p1a: Manectric|246\/281|[from] Stealth Rock
|turn|16
|
|detailschange|p1a: Manectric|Manectric-Mega, M
|message|Manectric has Mega Evolved into Mega Manectric!
|-ability|p1a: Manectric|Intimidate|[of] p2a: Mamoswine
|-unboost|p2a: Mamoswine|atk|1
|move|p2a: Mamoswine|Ice Shard|p1a: Manectric
|-damage|p1a: Manectric|186\/281
|move|p1a: Manectric|Hidden Power|p2a: Mamoswine
|-damage|p2a: Mamoswine|55\/424
|
|turn|17
|
|move|p2a: Mamoswine|Ice Shard|p1a: Manectric
|-damage|p1a: Manectric|128\/281
|move|p1a: Manectric|Hidden Power|p2a: Mamoswine
|-damage|p2a: Mamoswine|0 fnt
|faint|p2a: Mamoswine
|
|
|switch|p2a: Dragonite|Dragonite, M|290\/386
|-damage|p2a: Dragonite|194\/386|[from] Stealth Rock
|turn|18
|
|switch|p1a: Gliscor|Gliscor, F|342\/354 tox
|-damage|p1a: Gliscor|298\/354 tox|[from] Stealth Rock
|move|p2a: Dragonite|Extreme Speed|p1a: Gliscor
|-damage|p1a: Gliscor|194\/354 tox
|
|-heal|p1a: Gliscor|238\/354 tox|[from] ability: Poison Heal
|turn|19
|
|move|p2a: Dragonite|Extreme Speed|p1a: Gliscor
|-damage|p1a: Gliscor|139\/354 tox
|move|p1a: Gliscor|Knock Off|p2a: Dragonite
|-damage|p2a: Dragonite|117\/386
|-enditem|p2a: Dragonite|Choice Band|[from] move: Knock Off|[of] p1a: Gliscor
|
|-heal|p1a: Gliscor|183\/354 tox|[from] ability: Poison Heal
|turn|20
|
|move|p1a: Gliscor|Protect|p1a: Gliscor
|-singleturn|p1a: Gliscor|Protect
|move|p2a: Dragonite|Extreme Speed|p1a: Gliscor
|-activate|p1a: Gliscor|Protect
|
|-heal|p1a: Gliscor|227\/354 tox|[from] ability: Poison Heal
|turn|21
|
|move|p1a: Gliscor|Knock Off|p2a: Dragonite
|-damage|p2a: Dragonite|62\/386
|move|p2a: Dragonite|Fire Punch|p1a: Gliscor
|-damage|p1a: Gliscor|162\/354 tox
|
|-heal|p1a: Gliscor|206\/354 tox|[from] ability: Poison Heal
|turn|22
|
|move|p1a: Gliscor|Knock Off|p2a: Dragonite
|-damage|p2a: Dragonite|7\/386
|move|p2a: Dragonite|Outrage|p1a: Gliscor
|-damage|p1a: Gliscor|52\/354 tox
|
|-heal|p1a: Gliscor|96\/354 tox|[from] ability: Poison Heal
|turn|23
|
|move|p1a: Gliscor|Protect|p1a: Gliscor
|-singleturn|p1a: Gliscor|Protect
|move|p2a: Dragonite|Outrage|p1a: Gliscor
|-activate|p1a: Gliscor|Protect
|
|-heal|p1a: Gliscor|140\/354 tox|[from] ability: Poison Heal
|turn|24
|
|move|p1a: Gliscor|Knock Off|p2a: Dragonite
|-damage|p2a: Dragonite|0 fnt
|faint|p2a: Dragonite
|
|-heal|p1a: Gliscor|184\/354 tox|[from] ability: Poison Heal
|
|switch|p2a: Crawdaunt|Crawdaunt, M|268\/268
|-damage|p2a: Crawdaunt|235\/268|[from] Stealth Rock
|turn|25
|
|move|p1a: Gliscor|Knock Off|p2a: Crawdaunt
|-resisted|p2a: Crawdaunt
|-damage|p2a: Crawdaunt|194\/268
|-enditem|p2a: Crawdaunt|Focus Sash|[from] move: Knock Off|[of] p1a: Gliscor
|move|p2a: Crawdaunt|Dragon Dance|p2a: Crawdaunt
|-boost|p2a: Crawdaunt|atk|1
|-boost|p2a: Crawdaunt|spe|1
|
|-heal|p1a: Gliscor|228\/354 tox|[from] ability: Poison Heal
|turn|26
|
|move|p2a: Crawdaunt|Dragon Dance|p2a: Crawdaunt
|-boost|p2a: Crawdaunt|atk|1
|-boost|p2a: Crawdaunt|spe|1
|move|p1a: Gliscor|Earthquake|p2a: Crawdaunt
|-damage|p2a: Crawdaunt|76\/268
|
|-heal|p1a: Gliscor|272\/354 tox|[from] ability: Poison Heal
|turn|27
|
|move|p1a: Gliscor|Protect|p1a: Gliscor
|-singleturn|p1a: Gliscor|Protect
|move|p2a: Crawdaunt|Waterfall|p1a: Gliscor
|-activate|p1a: Gliscor|Protect
|
|-heal|p1a: Gliscor|316\/354 tox|[from] ability: Poison Heal
|turn|28
|
|switch|p1a: Manectric|Manectric-Mega, M|128\/281
|-damage|p1a: Manectric|93\/281|[from] Stealth Rock
|-ability|p1a: Manectric|Intimidate|[of] p2a: Crawdaunt
|-unboost|p2a: Crawdaunt|atk|1
|move|p2a: Crawdaunt|Knock Off|p1a: Manectric
|-damage|p1a: Manectric|0 fnt
|faint|p1a: Manectric
|
|
|switch|p1a: Dragonite|Dragonite, M|323\/323
|-damage|p1a: Dragonite|243\/323|[from] Stealth Rock
|turn|29
|
|move|p1a: Dragonite|Extreme Speed|p2a: Crawdaunt
|-damage|p2a: Crawdaunt|0 fnt
|faint|p2a: Crawdaunt
|
|
|switch|p2a: Manectric|Manectric, F, shiny|281\/281
|-damage|p2a: Manectric|246\/281|[from] Stealth Rock
|turn|30
|
|detailschange|p2a: Manectric|Manectric-Mega, F, shiny
|message|Manectric has Mega Evolved into Mega Manectric!
|-ability|p2a: Manectric|Intimidate|[of] p1a: Dragonite
|-unboost|p1a: Dragonite|atk|1
|move|p1a: Dragonite|Extreme Speed|p2a: Manectric
|-damage|p2a: Manectric|110\/281
|move|p2a: Manectric|Flamethrower|p1a: Dragonite
|-resisted|p1a: Dragonite
|-damage|p1a: Dragonite|188\/323
|-status|p1a: Dragonite|brn
|
|-damage|p1a: Dragonite|148\/323 brn|[from] brn
|turn|31
|
|move|p1a: Dragonite|Extreme Speed|p2a: Manectric
|-damage|p2a: Manectric|40\/281
|move|p2a: Manectric|Thunderbolt|p1a: Dragonite
|-damage|p1a: Dragonite|0 fnt
|faint|p1a: Dragonite
|
|c|★Wooliest Mammoth|gg
|
|switch|p1a: Weavile|Weavile, F|197\/281
|-damage|p1a: Weavile|127\/281|[from] Stealth Rock
|-ability|p1a: Weavile|Pressure
|turn|32
|
|move|p1a: Weavile|Ice Shard|p2a: Manectric
|-damage|p2a: Manectric|0 fnt
|-damage|p1a: Weavile|99\/281|[from] item: Life Orb
|faint|p2a: Manectric
|
|win|Wooliest Mammoth
|raw|Ladder updating...
|leave|FrostyTrance
|player|p2
|raw|Wooliest Mammoth's rating: 1316 &rarr; <strong>1339<\/strong><br \/>(+23 for winning)
|raw|FrostyTrance's rating: 1358 &rarr; <strong>1336<\/strong><br \/>(-22 for losing)