|join|hardpuzzle
|join|zippleclopper
|player|p1|hardpuzzle|101
|player|p2|zippleclopper|1
|gametype|singles
|gen|6
|tier|OU
|rated
|clearpoke
|poke|p1|Slowbro, M
|poke|p1|Gliscor, F
|poke|p1|Tyranitar, F
|poke|p1|Quagsire, M
|poke|p1|Skarmory, F
|poke|p1|Chansey, F
|poke|p2|Crawdaunt, F
|poke|p2|Venusaur, M
|poke|p2|Victini
|poke|p2|Landorus-Therian, M
|poke|p2|Clefable, M
|poke|p2|Forretress, F
|rule|Swagger Clause: Swagger is banned
|rule|Baton Pass Clause: Limit one Pokémon knowing Baton Pass
|rule|Sleep Clause Mod: Limit one foe put to sleep
|rule|Species Clause: Limit one of each Pokémon
|rule|OHKO Clause: OHKO moves are banned
|rule|Moody Clause: Moody is banned
|rule|Evasion Moves Clause: Evasion moves are banned
|rule|Endless Battle Clause: Forcing endless battles is banned
|rule|HP Percentage Mod: HP is shown in percentages
|teampreview
|
|start
|switch|p1a: Slowbro|Slowbro, M|394\/394
|switch|p2a: Crawdaunt|Crawdaunt, F|268\/268
|turn|1
|
|switch|p1a: Quagsire|Quagsire, M|394\/394
|move|p2a: Crawdaunt|Knock Off|p1a: Quagsire
|-damage|p1a: Quagsire|152\/394
|-enditem|p1a: Quagsire|Leftovers|[from] move: Knock Off|[of] p2a: Crawdaunt
|-damage|p2a: Crawdaunt|242\/268|[from] item: Life Orb
|
|turn|2
|
|switch|p1a: Skarmory|Skarmory, F|334\/334
|move|p2a: Crawdaunt|Crabhammer|p1a: Skarmory
|-damage|p1a: Skarmory|103\/334
|-damage|p2a: Crawdaunt|216\/268|[from] item: Life Orb
|
|turn|3
|
|move|p2a: Crawdaunt|Knock Off|p1a: Skarmory
|-crit|p1a: Skarmory
|-damage|p1a: Skarmory|0 fnt
|-enditem|p1a: Skarmory|Shed Shell|[from] move: Knock Off|[of] p2a: Crawdaunt
|-damage|p2a: Crawdaunt|190\/268|[from] item: Life Orb
|faint|p1a: Skarmory
|
|
|switch|p1a: Tyranitar|Tyranitar, F|342\/342
|-weather|Sandstorm
|turn|4
|
|move|p1a: Tyranitar|Pursuit|p2a: Crawdaunt|[from]Pursuit
|-resisted|p2a: Crawdaunt
|-damage|p2a: Crawdaunt|114\/268
|switch|p2a: Clefable|Clefable, M|394\/394
|
|-weather|Sandstorm|[upkeep]
|-damage|p2a: Clefable|370\/394|[from] sandstorm
|-heal|p2a: Clefable|394\/394|[from] item: Leftovers
|turn|5
|
|switch|p1a: Gliscor|Gliscor, F|352\/352
|move|p2a: Clefable|Stealth Rock|p1a: Gliscor
|-sidestart|p1: hardpuzzle|move: Stealth Rock
|
|-weather|Sandstorm|[upkeep]
|-damage|p2a: Clefable|370\/394|[from] sandstorm
|-heal|p2a: Clefable|394\/394|[from] item: Leftovers
|-status|p1a: Gliscor|tox|[from] item: Toxic Orb
|turn|6
|
|switch|p2a: Venusaur|Venusaur, M|359\/359
|move|p1a: Gliscor|Earthquake|p2a: Venusaur
|-damage|p2a: Venusaur|229\/359
|
|-weather|Sandstorm|[upkeep]
|-damage|p2a: Venusaur|207\/359|[from] sandstorm
|turn|7
|
|detailschange|p2a: Venusaur|Venusaur-Mega, M
|message|Venusaur has Mega Evolved into Mega Venusaur!
|move|p1a: Gliscor|Taunt|p2a: Venusaur
|-start|p2a: Venusaur|move: Taunt
|move|p2a: Venusaur|Giga Drain|p1a: Gliscor
|-damage|p1a: Gliscor|216\/352 tox
|-heal|p2a: Venusaur|275\/359|[from] drain|[of] p1a: Gliscor
|
|-weather|Sandstorm|[upkeep]
|-damage|p2a: Venusaur|253\/359|[from] sandstorm
|-heal|p1a: Gliscor|260\/352 tox|[from] ability: Poison Heal
|turn|8
|
|switch|p1a: Chansey|Chansey, F|704\/704
|-damage|p1a: Chansey|616\/704|[from] Stealth Rock
|move|p2a: Venusaur|Giga Drain|p1a: Chansey
|-damage|p1a: Chansey|532\/704
|-heal|p2a: Venusaur|295\/359|[from] drain|[of] p1a: Chansey
|
|-weather|none
|turn|9
|
|switch|p2a: Crawdaunt|Crawdaunt, F|114\/268
|switch|p1a: Tyranitar|Tyranitar, F|342\/342
|-damage|p1a: Tyranitar|300\/342|[from] Stealth Rock
|-weather|Sandstorm
|
|-weather|Sandstorm|[upkeep]
|-damage|p2a: Crawdaunt|98\/268|[from] sandstorm
|turn|10
|
|move|p1a: Tyranitar|Superpower|p2a: Crawdaunt
|-supereffective|p2a: Crawdaunt
|-damage|p2a: Crawdaunt|0 fnt
|-unboost|p1a: Tyranitar|atk|1
|-unboost|p1a: Tyranitar|def|1
|faint|p2a: Crawdaunt
|
|-weather|Sandstorm|[upkeep]
|
|switch|p2a: Landorus-Therian|Landorus-Therian, M|321\/321
|-ability|p2a: Landorus-Therian|Intimidate|[of] p1a: Tyranitar
|-unboost|p1a: Tyranitar|atk|1
|turn|11
|
|switch|p1a: Gliscor|Gliscor, F|260\/352 tox
|-damage|p1a: Gliscor|216\/352 tox|[from] Stealth Rock
|move|p2a: Landorus-Therian|Knock Off|p1a: Gliscor
|-damage|p1a: Gliscor|118\/352 tox
|-enditem|p1a: Gliscor|Toxic Orb|[from] move: Knock Off|[of] p2a: Landorus-Therian
|
|-weather|Sandstorm|[upkeep]
|-heal|p1a: Gliscor|162\/352 tox|[from] ability: Poison Heal
|turn|12
|
|switch|p2a: Forretress|Forretress, F|353\/353
|move|p1a: Gliscor|Roost|p1a: Gliscor
|-heal|p1a: Gliscor|338\/352 tox
|
|-weather|Sandstorm|[upkeep]
|-heal|p1a: Gliscor|352\/352 tox|[from] ability: Poison Heal
|turn|13
|
|move|p1a: Gliscor|Taunt|p2a: Forretress
|-start|p2a: Forretress|move: Taunt
|move|p2a: Forretress|Gyro Ball|p1a: Gliscor
|-damage|p1a: Gliscor|280\/352 tox
|
|-weather|none
|-heal|p1a: Gliscor|324\/352 tox|[from] ability: Poison Heal
|turn|14
|
|move|p1a: Gliscor|Knock Off|p2a: Forretress
|-damage|p2a: Forretress|298\/353
|-enditem|p2a: Forretress|Shed Shell|[from] move: Knock Off|[of] p1a: Gliscor
|move|p2a: Forretress|Gyro Ball|p1a: Gliscor
|-damage|p1a: Gliscor|255\/352 tox
|
|-heal|p1a: Gliscor|299\/352 tox|[from] ability: Poison Heal
|turn|15
|
|switch|p2a: Venusaur|Venusaur-Mega, M|295\/359
|move|p1a: Gliscor|Earthquake|p2a: Venusaur
|-damage|p2a: Venusaur|204\/359
|
|-heal|p1a: Gliscor|343\/352 tox|[from] ability: Poison Heal
|turn|16
|
|switch|p1a: Chansey|Chansey, F|532\/704
|-damage|p1a: Chansey|444\/704|[from] Stealth Rock
|move|p2a: Venusaur|Synthesis|p2a: Venusaur
|-heal|p2a: Venusaur|359\/359
|
|turn|17
|
|move|p2a: Venusaur|Giga Drain|p1a: Chansey
|-damage|p1a: Chansey|354\/704
|move|p1a: Chansey|Stealth Rock|p2a: Venusaur
|-sidestart|p2: zippleclopper|move: Stealth Rock
|
|turn|18
|
|switch|p1a: Gliscor|Gliscor, F|343\/352 tox
|-damage|p1a: Gliscor|299\/352 tox|[from] Stealth Rock
|move|p2a: Venusaur|Giga Drain|p1a: Gliscor
|-damage|p1a: Gliscor|166\/352 tox
|
|-heal|p1a: Gliscor|210\/352 tox|[from] ability: Poison Heal
|turn|19
|
|switch|p1a: Chansey|Chansey, F|354\/704
|-damage|p1a: Chansey|266\/704|[from] Stealth Rock
|move|p2a: Venusaur|Giga Drain|p1a: Chansey
|-crit|p1a: Chansey
|-damage|p1a: Chansey|127\/704
|
|turn|20
|
|switch|p2a: Victini|Victini|365\/365
|-damage|p2a: Victini|274\/365|[from] Stealth Rock
|move|p1a: Chansey|Soft-Boiled|p1a: Chansey
|-heal|p1a: Chansey|479\/704
|
|turn|21
|
|switch|p1a: Slowbro|Slowbro, M|394\/394
|-damage|p1a: Slowbro|345\/394|[from] Stealth Rock
|move|p2a: Victini|U-turn|p1a: Slowbro
|-supereffective|p1a: Slowbro
|-damage|p1a: Slowbro|245\/394
|
|switch|p2a: Forretress|Forretress, F|298\/353
|-damage|p2a: Forretress|254\/353|[from] Stealth Rock
|
|-heal|p1a: Slowbro|269\/394|[from] item: Leftovers
|turn|22
|
|move|p1a: Slowbro|Scald|p2a: Forretress
|-damage|p2a: Forretress|151\/353
|move|p2a: Forretress|Rapid Spin|p1a: Slowbro
|-damage|p1a: Slowbro|258\/394
|-sideend|p2: zippleclopper|Stealth Rock|[from] move: Rapid Spin|[of] p2a: Forretress
|
|-heal|p1a: Slowbro|282\/394|[from] item: Leftovers
|turn|23
|
|switch|p2a: Venusaur|Venusaur-Mega, M|359\/359
|move|p1a: Slowbro|Scald|p2a: Venusaur
|-resisted|p2a: Venusaur
|-damage|p2a: Venusaur|317\/359
|-status|p2a: Venusaur|brn
|
|-heal|p1a: Slowbro|306\/394|[from] item: Leftovers
|-damage|p2a: Venusaur|273\/359 brn|[from] brn
|turn|24
|
|switch|p2a: Victini|Victini|274\/365
|switch|p1a: Chansey|Chansey, F|479\/704
|-damage|p1a: Chansey|391\/704|[from] Stealth Rock
|
|turn|25
|
|switch|p1a: Tyranitar|Tyranitar, F|300\/342
|-damage|p1a: Tyranitar|258\/342|[from] Stealth Rock
|-weather|Sandstorm
|move|p2a: Victini|U-turn|p1a: Tyranitar
|-supereffective|p1a: Tyranitar
|-damage|p1a: Tyranitar|110\/342
|
|switch|p2a: Landorus-Therian|Landorus-Therian, M|321\/321
|-ability|p2a: Landorus-Therian|Intimidate|[of] p1a: Tyranitar
|-unboost|p1a: Tyranitar|atk|1
|
|-weather|Sandstorm|[upkeep]
|turn|26
|
|switch|p1a: Gliscor|Gliscor, F|210\/352 tox
|-damage|p1a: Gliscor|166\/352 tox|[from] Stealth Rock
|move|p2a: Landorus-Therian|U-turn|p1a: Gliscor
|-resisted|p1a: Gliscor
|-damage|p1a: Gliscor|130\/352 tox
|
|switch|p2a: Victini|Victini|274\/365
|
|-weather|Sandstorm|[upkeep]
|-damage|p2a: Victini|252\/365|[from] sandstorm
|-heal|p1a: Gliscor|174\/352 tox|[from] ability: Poison Heal
|turn|27
|
|switch|p1a: Slowbro|Slowbro, M|394\/394
|-damage|p1a: Slowbro|345\/394|[from] Stealth Rock
|move|p2a: Victini|V-create|p1a: Slowbro
|-resisted|p1a: Slowbro
|-damage|p1a: Slowbro|247\/394
|-unboost|p2a: Victini|def|1
|-unboost|p2a: Victini|spd|1
|-unboost|p2a: Victini|spe|1
|
|-weather|Sandstorm|[upkeep]
|-damage|p2a: Victini|230\/365|[from] sandstorm
|-damage|p1a: Slowbro|223\/394|[from] sandstorm
|-heal|p1a: Slowbro|247\/394|[from] item: Leftovers
|turn|28
|
|switch|p2a: Venusaur|Venusaur-Mega, M|273\/359 brn
|move|p1a: Slowbro|Psyshock|p2a: Venusaur
|-crit|p2a: Venusaur
|-supereffective|p2a: Venusaur
|-damage|p2a: Venusaur|13\/359 brn
|
|-weather|Sandstorm|[upkeep]
|-damage|p2a: Venusaur|0 fnt|[from] sandstorm
|-damage|p1a: Slowbro|223\/394|[from] sandstorm
|-heal|p1a: Slowbro|247\/394|[from] item: Leftovers
|faint|p2a: Venusaur
|
|switch|p2a: Landorus-Therian|Landorus-Therian, M|321\/321
|-ability|p2a: Landorus-Therian|Intimidate|[of] p1a: Slowbro
|-unboost|p1a: Slowbro|atk|1
|turn|29
|
|move|p2a: Landorus-Therian|Knock Off|p1a: Slowbro
|-supereffective|p1a: Slowbro
|-damage|p1a: Slowbro|87\/394
|-enditem|p1a: Slowbro|Leftovers|[from] move: Knock Off|[of] p2a: Landorus-Therian
|move|p1a: Slowbro|Scald|p2a: Landorus-Therian
|-supereffective|p2a: Landorus-Therian
|-damage|p2a: Landorus-Therian|91\/321
|-status|p2a: Landorus-Therian|brn
|
|-weather|none
|-damage|p2a: Landorus-Therian|51\/321 brn|[from] brn
|turn|30
|
|switch|p1a: Gliscor|Gliscor, F|174\/352 tox
|-damage|p1a: Gliscor|130\/352 tox|[from] Stealth Rock
|move|p2a: Landorus-Therian|Knock Off|p1a: Gliscor
|-damage|p1a: Gliscor|97\/352 tox
|
|-damage|p2a: Landorus-Therian|11\/321 brn|[from] brn
|-heal|p1a: Gliscor|141\/352 tox|[from] ability: Poison Heal
|turn|31
|
|move|p2a: Landorus-Therian|Knock Off|p1a: Gliscor
|-damage|p1a: Gliscor|108\/352 tox
|move|p1a: Gliscor|Roost|p1a: Gliscor
|-heal|p1a: Gliscor|284\/352 tox
|
|-damage|p2a: Landorus-Therian|0 fnt|[from] brn
|-heal|p1a: Gliscor|328\/352 tox|[from] ability: Poison Heal
|faint|p2a: Landorus-Therian
|
|switch|p2a: Victini|Victini|230\/365
|turn|32
|
|switch|p1a: Quagsire|Quagsire, M|152\/394
|-damage|p1a: Quagsire|128\/394|[from] Stealth Rock
|move|p2a: Victini|U-turn|p1a: Quagsire
|-damage|p1a: Quagsire|70\/394
|
|switch|p2a: Clefable|Clefable, M|394\/394
|
|turn|33
|
|switch|p1a: Chansey|Chansey, F|391\/704
|-damage|p1a: Chansey|303\/704|[from] Stealth Rock
|move|p2a: Clefable|Moonblast|p1a: Chansey
|-damage|p1a: Chansey|237\/704
|
|turn|34
|
|switch|p2a: Victini|Victini|230\/365
|move|p1a: Chansey|Soft-Boiled|p1a: Chansey
|-heal|p1a: Chansey|589\/704
|
|turn|35
|
|switch|p1a: Slowbro|Slowbro, M|218\/394
|-damage|p1a: Slowbro|169\/394|[from] Stealth Rock
|move|p2a: Victini|V-create|p1a: Slowbro
|-resisted|p1a: Slowbro
|-damage|p1a: Slowbro|69\/394
|-unboost|p2a: Victini|def|1
|-unboost|p2a: Victini|spd|1
|-unboost|p2a: Victini|spe|1
|
|turn|36
|
|switch|p1a: Quagsire|Quagsire, M|70\/394
|-damage|p1a: Quagsire|46\/394|[from] Stealth Rock
|move|p2a: Victini|V-create|p1a: Quagsire
|-resisted|p1a: Quagsire
|-damage|p1a: Quagsire|0 fnt
|-unboost|p2a: Victini|def|1
|-unboost|p2a: Victini|spd|1
|-unboost|p2a: Victini|spe|1
|faint|p1a: Quagsire
|
|
|switch|p1a: Tyranitar|Tyranitar, F|110\/342
|-damage|p1a: Tyranitar|68\/342|[from] Stealth Rock
|-weather|Sandstorm
|turn|37
|
|move|p1a: Tyranitar|Pursuit|p2a: Victini
|-supereffective|p2a: Victini
|-damage|p2a: Victini|0 fnt
|faint|p2a: Victini
|
|-weather|Sandstorm|[upkeep]
|
|switch|p2a: Clefable|Clefable, M|394\/394
|turn|38
|
|switch|p1a: Chansey|Chansey, F|589\/704
|-damage|p1a: Chansey|501\/704|[from] Stealth Rock
|move|p2a: Clefable|Moonblast|p1a: Chansey
|-damage|p1a: Chansey|428\/704
|-unboost|p1a: Chansey|spa|1
|
|-weather|Sandstorm|[upkeep]
|-damage|p2a: Clefable|370\/394|[from] sandstorm
|-damage|p1a: Chansey|384\/704|[from] sandstorm
|-heal|p2a: Clefable|394\/394|[from] item: Leftovers
|turn|39
|-message|zippleclopper forfeited.
|
|win|hardpuzzle
|raw|Ladder updating...
|raw|hardpuzzle's rating: 1814 &rarr; <strong>1824<\/strong><br \/>(+10 for winning)
|raw|zippleclopper's rating: 1624 &rarr; <strong>1614<\/strong><br \/>(-10 for losing)
|leave|zippleclopper
|player|p2