|join|zippleclopper
|join|Lelouch_ZZ
|player|p1|zippleclopper|1
|player|p2|Lelouch_ZZ|250
|gametype|singles
|gen|6
|tier|OU
|rated
|clearpoke
|poke|p1|Crawdaunt, F
|poke|p1|Venusaur, F
|poke|p1|Victini
|poke|p1|Landorus-Therian, M
|poke|p1|Clefable, F
|poke|p1|Forretress, F
|poke|p2|Scizor, F
|poke|p2|Medicham, F, shiny
|poke|p2|Dragonite, F
|poke|p2|Gengar, M
|poke|p2|Rotom-Wash
|poke|p2|Landorus-Therian, M
|rule|Swagger Clause: Swagger is banned
|rule|Baton Pass Clause: Limit one Pokémon knowing Baton Pass
|rule|Sleep Clause Mod: Limit one foe put to sleep
|rule|Species Clause: Limit one of each Pokémon
|rule|OHKO Clause: OHKO moves are banned
|rule|Moody Clause: Moody is banned
|rule|Evasion Moves Clause: Evasion moves are banned
|rule|Endless Battle Clause: Forcing endless battles is banned
|rule|HP Percentage Mod: HP is shown in percentages
|teampreview
|
|start
|switch|p1a: Landorus-Therian|Landorus-Therian, M|319\/319
|switch|p2a: Medicham|Medicham, F, shiny|262\/262
|-ability|p1a: Landorus-Therian|Intimidate|[of] p2a: Medicham
|-unboost|p2a: Medicham|atk|1
|turn|1
|
|detailschange|p2a: Medicham|Medicham-Mega, F, shiny
|message|Medicham has Mega Evolved into Mega Medicham!
|move|p2a: Medicham|Fake Out|p1a: Landorus-Therian
|-damage|p1a: Landorus-Therian|265\/319
|cant|p1a: Landorus-Therian|flinch
|
|turn|2
|
|move|p1a: Landorus-Therian|U-turn|p2a: Medicham
|-damage|p2a: Medicham|157\/262
|
|switch|p1a: Victini|Victini|365\/365
|move|p2a: Medicham|Ice Punch|p1a: Victini
|-resisted|p1a: Victini
|-damage|p1a: Victini|315\/365
|
|turn|3
|
|switch|p2a: Rotom-Wash|Rotom-Wash|304\/304
|move|p1a: Victini|U-turn|p2a: Rotom-Wash
|-damage|p2a: Rotom-Wash|230\/304
|
|switch|p1a: Venusaur|Venusaur, F|359\/359
|
|-heal|p2a: Rotom-Wash|249\/304|[from] item: Leftovers
|turn|4
|
|detailschange|p1a: Venusaur|Venusaur-Mega, F
|message|Venusaur has Mega Evolved into Mega Venusaur!
|move|p2a: Rotom-Wash|Will-O-Wisp|p1a: Venusaur
|-status|p1a: Venusaur|brn
|move|p1a: Venusaur|Giga Drain|p2a: Rotom-Wash
|-supereffective|p2a: Rotom-Wash
|-damage|p2a: Rotom-Wash|57\/304
|
|-heal|p2a: Rotom-Wash|76\/304|[from] item: Leftovers
|-damage|p1a: Venusaur|315\/359 brn|[from] brn
|turn|5
|
|move|p2a: Rotom-Wash|Volt Switch|p1a: Venusaur
|-resisted|p1a: Venusaur
|-damage|p1a: Venusaur|278\/359 brn
|
|switch|p2a: BoO.o|Gengar, M|262\/262
|move|p1a: Venusaur|Giga Drain|p2a: BoO.o
|-resisted|p2a: BoO.o
|-damage|p2a: BoO.o|167\/262
|-heal|p1a: Venusaur|326\/359 brn|[from] drain|[of] p2a: BoO.o
|
|-heal|p2a: BoO.o|183\/262|[from] item: Leftovers
|-damage|p1a: Venusaur|282\/359 brn|[from] brn
|turn|6
|
|move|p2a: BoO.o|Substitute|p2a: BoO.o
|-start|p2a: BoO.o|Substitute
|-damage|p2a: BoO.o|118\/262
|move|p1a: Venusaur|Giga Drain|p2a: BoO.o
|-resisted|p2a: BoO.o
|-end|p2a: BoO.o|Substitute
|-heal|p1a: Venusaur|315\/359 brn|[from] drain|[of] p2a: BoO.o
|
|-heal|p2a: BoO.o|134\/262|[from] item: Leftovers
|-damage|p1a: Venusaur|271\/359 brn|[from] brn
|turn|7
|
|move|p2a: BoO.o|Sludge Wave|p1a: Venusaur
|-damage|p1a: Venusaur|124\/359 brn
|move|p1a: Venusaur|Giga Drain|p2a: BoO.o
|-resisted|p2a: BoO.o
|-damage|p2a: BoO.o|42\/262
|-heal|p1a: Venusaur|170\/359 brn|[from] drain|[of] p2a: BoO.o
|
|-heal|p2a: BoO.o|58\/262|[from] item: Leftovers
|-damage|p1a: Venusaur|126\/359 brn|[from] brn
|turn|8
|
|switch|p1a: Landorus-Therian|Landorus-Therian, M|265\/319
|-ability|p1a: Landorus-Therian|Intimidate|[of] p2a: BoO.o
|-unboost|p2a: BoO.o|atk|1
|move|p2a: BoO.o|Substitute|p2a: BoO.o
|-fail|p2a: BoO.o|move: Substitute|[weak]
|
|-heal|p2a: BoO.o|74\/262|[from] item: Leftovers
|turn|9
|
|switch|p2a: Landorus-Therian|Landorus-Therian, M|381\/381
|-ability|p2a: Landorus-Therian|Intimidate|[of] p1a: Landorus-Therian
|-unboost|p1a: Landorus-Therian|atk|1
|move|p1a: Landorus-Therian|Knock Off|p2a: Landorus-Therian
|-damage|p2a: Landorus-Therian|303\/381
|-enditem|p2a: Landorus-Therian|Leftovers|[from] move: Knock Off|[of] p1a: Landorus-Therian
|
|turn|10
|
|switch|p1a: Forretress|Forretress, F|353\/353
|move|p2a: Landorus-Therian|U-turn|p1a: Forretress
|-resisted|p1a: Forretress
|-damage|p1a: Forretress|324\/353
|
|switch|p2a: Rotom-Wash|Rotom-Wash|76\/304
|
|-heal|p2a: Rotom-Wash|95\/304|[from] item: Leftovers
|turn|11
|
|switch|p1a: Venusaur|Venusaur-Mega, F|126\/359 brn
|move|p2a: Rotom-Wash|Volt Switch|p1a: Venusaur
|-resisted|p1a: Venusaur
|-damage|p1a: Venusaur|90\/359 brn
|
|switch|p2a: BoO.o|Gengar, M|74\/262
|
|-heal|p2a: BoO.o|90\/262|[from] item: Leftovers
|-damage|p1a: Venusaur|46\/359 brn|[from] brn
|turn|12
|
|move|p2a: BoO.o|Shadow Ball|p1a: Venusaur
|-damage|p1a: Venusaur|0 fnt
|faint|p1a: Venusaur
|
|-heal|p2a: BoO.o|106\/262|[from] item: Leftovers
|
|switch|p1a: Landorus-Therian|Landorus-Therian, M|265\/319
|-ability|p1a: Landorus-Therian|Intimidate|[of] p2a: BoO.o
|-unboost|p2a: BoO.o|atk|1
|turn|13
|
|switch|p2a: Landorus-Therian|Landorus-Therian, M|303\/381
|-ability|p2a: Landorus-Therian|Intimidate|[of] p1a: Landorus-Therian
|-unboost|p1a: Landorus-Therian|atk|1
|move|p1a: Landorus-Therian|U-turn|p2a: Landorus-Therian
|-resisted|p2a: Landorus-Therian
|-damage|p2a: Landorus-Therian|277\/381
|
|switch|p1a: Crawdaunt|Crawdaunt, F|268\/268
|
|turn|14
|
|move|p1a: Crawdaunt|Aqua Jet|p2a: Landorus-Therian
|-supereffective|p2a: Landorus-Therian
|-damage|p2a: Landorus-Therian|17\/381
|-damage|p1a: Crawdaunt|242\/268|[from] item: Life Orb
|move|p2a: Landorus-Therian|U-turn|p1a: Crawdaunt
|-supereffective|p1a: Crawdaunt
|-damage|p1a: Crawdaunt|46\/268
|
|switch|p2a: Medicham|Medicham-Mega, F, shiny|157\/262
|
|turn|15
|
|switch|p1a: Landorus-Therian|Landorus-Therian, M|265\/319
|-ability|p1a: Landorus-Therian|Intimidate|[of] p2a: Medicham
|-unboost|p2a: Medicham|atk|1
|move|p2a: Medicham|Fake Out|p1a: Landorus-Therian
|-damage|p1a: Landorus-Therian|204\/319
|
|turn|16
|
|switch|p2a: Scizor|Scizor, F|344\/344
|move|p1a: Landorus-Therian|U-turn|p2a: Scizor
|-resisted|p2a: Scizor
|-damage|p2a: Scizor|298\/344
|
|switch|p1a: Victini|Victini|315\/365
|
|-heal|p2a: Scizor|319\/344|[from] item: Leftovers
|turn|17
|
|switch|p2a: Landorus-Therian|Landorus-Therian, M|17\/381
|-ability|p2a: Landorus-Therian|Intimidate|[of] p1a: Victini
|-unboost|p1a: Victini|atk|1
|move|p1a: Victini|V-create|p2a: Landorus-Therian
|-damage|p2a: Landorus-Therian|0 fnt
|-unboost|p1a: Victini|def|1
|-unboost|p1a: Victini|spd|1
|-unboost|p1a: Victini|spe|1
|faint|p2a: Landorus-Therian
|
|
|switch|p2a: BoO.o|Gengar, M|106\/262
|turn|18
|
|switch|p1a: Forretress|Forretress, F|324\/353
|move|p2a: BoO.o|Shadow Ball|p1a: Forretress
|-damage|p1a: Forretress|170\/353
|
|-heal|p2a: BoO.o|122\/262|[from] item: Leftovers
|turn|19
|
|move|p2a: BoO.o|Shadow Ball|p1a: Forretress
|-crit|p1a: Forretress
|-damage|p1a: Forretress|0 fnt
|faint|p1a: Forretress
|
|-heal|p2a: BoO.o|138\/262|[from] item: Leftovers
|
|switch|p1a: Landorus-Therian|Landorus-Therian, M|204\/319
|-ability|p1a: Landorus-Therian|Intimidate|[of] p2a: BoO.o
|-unboost|p2a: BoO.o|atk|1
|turn|20
|
|switch|p2a: Scizor|Scizor, F|319\/344
|move|p1a: Landorus-Therian|Knock Off|p2a: Scizor
|-damage|p2a: Scizor|202\/344
|-enditem|p2a: Scizor|Leftovers|[from] move: Knock Off|[of] p1a: Landorus-Therian
|
|turn|21
|
|switch|p1a: Crawdaunt|Crawdaunt, F|46\/268
|move|p2a: Scizor|U-turn|p1a: Crawdaunt
|-supereffective|p1a: Crawdaunt
|-damage|p1a: Crawdaunt|0 fnt
|faint|p1a: Crawdaunt
|
|switch|p2a: Medicham|Medicham-Mega, F, shiny|157\/262
|
|
|switch|p1a: Landorus-Therian|Landorus-Therian, M|204\/319
|-ability|p1a: Landorus-Therian|Intimidate|[of] p2a: Medicham
|-unboost|p2a: Medicham|atk|1
|turn|22
|
|move|p2a: Medicham|Fake Out|p1a: Landorus-Therian
|-damage|p1a: Landorus-Therian|141\/319
|cant|p1a: Landorus-Therian|flinch
|
|turn|23
|
|switch|p2a: Rotom-Wash|Rotom-Wash|95\/304
|move|p1a: Landorus-Therian|U-turn|p2a: Rotom-Wash
|-damage|p2a: Rotom-Wash|16\/304
|
|switch|p1a: Victini|Victini|315\/365
|
|-heal|p2a: Rotom-Wash|35\/304|[from] item: Leftovers
|turn|24
|
|move|p1a: Victini|U-turn|p2a: Rotom-Wash
|-damage|p2a: Rotom-Wash|0 fnt
|faint|p2a: Rotom-Wash
|
|switch|p1a: Landorus-Therian|Landorus-Therian, M|141\/319
|
|
|switch|p2a: Medicham|Medicham-Mega, F, shiny|157\/262
|turn|25
|
|switch|p1a: Victini|Victini|315\/365
|move|p2a: Medicham|Fake Out|p1a: Victini
|-crit|p1a: Victini
|-damage|p1a: Victini|191\/365
|
|turn|26
|
|switch|p2a: Dragonite|Dragonite, F|324\/324
|move|p1a: Victini|U-turn|p2a: Dragonite
|-resisted|p2a: Dragonite
|-damage|p2a: Dragonite|304\/324
|
|switch|p1a: Landorus-Therian|Landorus-Therian, M|141\/319
|-ability|p1a: Landorus-Therian|Intimidate|[of] p2a: Dragonite
|-unboost|p2a: Dragonite|atk|1
|
|turn|27
|
|switch|p2a: Scizor|Scizor, F|202\/344
|move|p1a: Landorus-Therian|Stone Edge|p2a: Scizor|[miss]
|-miss|p1a: Landorus-Therian|p2a: Scizor
|
|turn|28
|
|switch|p1a: Victini|Victini|191\/365
|move|p2a: Scizor|U-turn|p1a: Victini
|-damage|p1a: Victini|50\/365
|
|switch|p2a: Dragonite|Dragonite, F|304\/324
|
|turn|29
|
|switch|p1a: Clefable|Clefable, F|394\/394
|move|p2a: Dragonite|Extreme Speed|p1a: Clefable
|-damage|p1a: Clefable|295\/394
|
|-heal|p1a: Clefable|319\/394|[from] item: Leftovers
|turn|30
|
|switch|p2a: BoO.o|Gengar, M|138\/262
|switch|p1a: Landorus-Therian|Landorus-Therian, M|141\/319
|-ability|p1a: Landorus-Therian|Intimidate|[of] p2a: BoO.o
|-unboost|p2a: BoO.o|atk|1
|
|-heal|p2a: BoO.o|154\/262|[from] item: Leftovers
|turn|31
|
|switch|p2a: Scizor|Scizor, F|202\/344
|move|p1a: Landorus-Therian|Knock Off|p2a: Scizor
|-damage|p2a: Scizor|120\/344
|
|turn|32
|
|move|p2a: Scizor|Bullet Punch|p1a: Landorus-Therian
|-damage|p1a: Landorus-Therian|20\/319
|move|p1a: Landorus-Therian|Knock Off|p2a: Scizor
|-damage|p2a: Scizor|31\/344
|
|turn|33
|
|move|p2a: Scizor|Bullet Punch|p1a: Landorus-Therian
|-damage|p1a: Landorus-Therian|0 fnt
|faint|p1a: Landorus-Therian
|
|
|switch|p1a: Victini|Victini|50\/365
|turn|34
|
|move|p2a: Scizor|Bullet Punch|p1a: Victini
|-resisted|p1a: Victini
|-damage|p1a: Victini|0 fnt
|faint|p1a: Victini
|
|-message|zippleclopper forfeited.
|
|win|Lelouch_ZZ
|raw|Ladder updating...
|leave|zippleclopper
|player|p1
|raw|zippleclopper's rating: 1730 &rarr; <strong>1704<\/strong><br \/>(-26 for losing)
|raw|Lelouch_ZZ's rating: 1616 &rarr; <strong>1642<\/strong><br \/>(+26 for winning)