|join|baeninja
|join|zippleclopper
|player|p1|baeninja|274
|player|p2|zippleclopper|1
|gametype|singles
|gen|6
|tier|OU
|rated
|clearpoke
|poke|p1|Sylveon, M
|poke|p1|Slowbro, F
|poke|p1|Amoonguss, F
|poke|p1|Heatran, F
|poke|p1|Skarmory, F
|poke|p1|Sableye, M, shiny
|poke|p2|Togekiss, M
|poke|p2|Klefki, M
|poke|p2|Ferrothorn, M
|poke|p2|Jellicent, M
|poke|p2|Ampharos, F
|poke|p2|Quagsire, M
|rule|Swagger Clause: Swagger is banned
|rule|Baton Pass Clause: Limit one Pokémon knowing Baton Pass
|rule|Sleep Clause Mod: Limit one foe put to sleep
|rule|Species Clause: Limit one of each Pokémon
|rule|OHKO Clause: OHKO moves are banned
|rule|Moody Clause: Moody is banned
|rule|Evasion Moves Clause: Evasion moves are banned
|rule|Endless Battle Clause: Forcing endless battles is banned
|rule|HP Percentage Mod: HP is shown in percentages
|teampreview
|
|start
|switch|p1a: Sableye|Sableye, M, shiny|304\/304
|switch|p2a: Ampharos|Ampharos, F|384\/384
|turn|1
|
|switch|p1a: Amoonguss|Amoonguss, F|432\/432
|detailschange|p2a: Ampharos|Ampharos-Mega, F
|-mega|p2a: Ampharos|Ampharos|Ampharosite
|-ability|p2a: Ampharos|Mold Breaker
|move|p2a: Ampharos|Volt Switch|p1a: Amoonguss
|-resisted|p1a: Amoonguss
|-damage|p1a: Amoonguss|383\/432
|
|switch|p2a: Ferrothorn|Ferrothorn, M|352\/352
|
|-heal|p1a: Amoonguss|410\/432|[from] item: Black Sludge
|turn|2
|
|switch|p2a: Togekiss|Togekiss, M|373\/373
|move|p1a: Amoonguss|Hidden Power|p2a: Togekiss
|-damage|p2a: Togekiss|335\/373
|
|-heal|p2a: Togekiss|358\/373|[from] item: Leftovers
|-heal|p1a: Amoonguss|432\/432|[from] item: Black Sludge
|turn|3
|
|move|p2a: Togekiss|Nasty Plot|p2a: Togekiss
|-boost|p2a: Togekiss|spa|2
|move|p1a: Amoonguss|Spore|p2a: Togekiss
|-status|p2a: Togekiss|slp
|
|-heal|p2a: Togekiss|373\/373 slp|[from] item: Leftovers
|turn|4
|
|cant|p2a: Togekiss|slp
|move|p1a: Amoonguss|Clear Smog|p2a: Togekiss
|-supereffective|p2a: Togekiss
|-damage|p2a: Togekiss|277\/373 slp
|-clearboost|p2a: Togekiss
|
|-heal|p2a: Togekiss|300\/373 slp|[from] item: Leftovers
|turn|5
|
|switch|p1a: Heatran|Heatran, F|386\/386
|cant|p2a: Togekiss|slp
|
|-heal|p2a: Togekiss|323\/373 slp|[from] item: Leftovers
|turn|6
|
|cant|p2a: Togekiss|slp
|move|p1a: Heatran|Stealth Rock|p2a: Togekiss
|-sidestart|p2: zippleclopper|move: Stealth Rock
|
|-heal|p2a: Togekiss|346\/373 slp|[from] item: Leftovers
|turn|7
|
|-curestatus|p2a: Togekiss|slp
|move|p2a: Togekiss|Nasty Plot|p2a: Togekiss
|-boost|p2a: Togekiss|spa|2
|move|p1a: Heatran|Toxic|p2a: Togekiss
|-status|p2a: Togekiss|tox
|
|-heal|p2a: Togekiss|369\/373 tox|[from] item: Leftovers
|-damage|p2a: Togekiss|346\/373 tox|[from] psn
|turn|8
|
|move|p1a: Heatran|Protect|p1a: Heatran
|-singleturn|p1a: Heatran|Protect
|move|p2a: Togekiss|Heal Bell|p2a: Togekiss
|-cureteam|p2a: Togekiss|[from] move: HealBell
|
|-heal|p2a: Togekiss|369\/373|[from] item: Leftovers
|turn|9
|
|switch|p1a: Skarmory|Skarmory, F|334\/334
|move|p2a: Togekiss|Air Slash|p1a: Skarmory
|-resisted|p1a: Skarmory
|-damage|p1a: Skarmory|200\/334
|
|-heal|p2a: Togekiss|373\/373|[from] item: Leftovers
|-heal|p1a: Skarmory|220\/334|[from] item: Leftovers
|turn|10
|
|move|p2a: Togekiss|Air Slash|p1a: Skarmory
|-resisted|p1a: Skarmory
|-damage|p1a: Skarmory|92\/334
|cant|p1a: Skarmory|flinch
|
|-heal|p1a: Skarmory|112\/334|[from] item: Leftovers
|turn|11
|
|switch|p1a: Heatran|Heatran, F|386\/386
|move|p2a: Togekiss|Air Slash|p1a: Heatran
|-resisted|p1a: Heatran
|-damage|p1a: Heatran|305\/386
|
|-heal|p1a: Heatran|329\/386|[from] item: Leftovers
|turn|12
|
|move|p2a: Togekiss|Nasty Plot|p2a: Togekiss
|-boost|p2a: Togekiss|spa|2
|move|p1a: Heatran|Lava Plume|p2a: Togekiss
|-damage|p2a: Togekiss|274\/373
|
|-heal|p2a: Togekiss|297\/373|[from] item: Leftovers
|-heal|p1a: Heatran|353\/386|[from] item: Leftovers
|turn|13
|
|move|p2a: Togekiss|Nasty Plot|p2a: Togekiss
|-boost|p2a: Togekiss|spa|2
|move|p1a: Heatran|Lava Plume|p2a: Togekiss
|-damage|p2a: Togekiss|183\/373
|
|-heal|p2a: Togekiss|206\/373|[from] item: Leftovers
|-heal|p1a: Heatran|377\/386|[from] item: Leftovers
|turn|14
|
|move|p2a: Togekiss|Roost|p2a: Togekiss
|-heal|p2a: Togekiss|373\/373
|move|p1a: Heatran|Toxic|p2a: Togekiss
|-status|p2a: Togekiss|tox
|
|-heal|p1a: Heatran|386\/386|[from] item: Leftovers
|-damage|p2a: Togekiss|350\/373 tox|[from] psn
|turn|15
|
|move|p2a: Togekiss|Heal Bell|p2a: Togekiss
|-cureteam|p2a: Togekiss|[from] move: HealBell
|move|p1a: Heatran|Lava Plume|p2a: Togekiss
|-damage|p2a: Togekiss|245\/373
|
|-heal|p2a: Togekiss|268\/373|[from] item: Leftovers
|turn|16
|
|move|p2a: Togekiss|Air Slash|p1a: Heatran
|-resisted|p1a: Heatran
|-damage|p1a: Heatran|236\/386
|cant|p1a: Heatran|flinch
|
|-heal|p2a: Togekiss|291\/373|[from] item: Leftovers
|-heal|p1a: Heatran|260\/386|[from] item: Leftovers
|turn|17
|
|move|p1a: Heatran|Protect|p1a: Heatran
|-singleturn|p1a: Heatran|Protect
|move|p2a: Togekiss|Air Slash|p1a: Heatran
|-activate|p1a: Heatran|Protect
|
|-heal|p2a: Togekiss|314\/373|[from] item: Leftovers
|-heal|p1a: Heatran|284\/386|[from] item: Leftovers
|turn|18
|
|move|p2a: Togekiss|Air Slash|p1a: Heatran
|-resisted|p1a: Heatran
|-damage|p1a: Heatran|122\/386
|cant|p1a: Heatran|flinch
|
|-heal|p2a: Togekiss|337\/373|[from] item: Leftovers
|-heal|p1a: Heatran|146\/386|[from] item: Leftovers
|turn|19
|
|move|p1a: Heatran|Protect|p1a: Heatran
|-singleturn|p1a: Heatran|Protect
|move|p2a: Togekiss|Air Slash|p1a: Heatran
|-activate|p1a: Heatran|Protect
|
|-heal|p2a: Togekiss|360\/373|[from] item: Leftovers
|-heal|p1a: Heatran|170\/386|[from] item: Leftovers
|turn|20
|
|move|p2a: Togekiss|Air Slash|p1a: Heatran
|-crit|p1a: Heatran
|-resisted|p1a: Heatran
|-damage|p1a: Heatran|0 fnt
|faint|p1a: Heatran
|
|-heal|p2a: Togekiss|373\/373|[from] item: Leftovers
|
|switch|p1a: Sylveon|Sylveon, M|394\/394
|turn|21
|
|move|p1a: Sylveon|Protect|p1a: Sylveon
|-singleturn|p1a: Sylveon|Protect
|move|p2a: Togekiss|Air Slash|p1a: Sylveon
|-activate|p1a: Sylveon|Protect
|
|turn|22
|
|move|p2a: Togekiss|Air Slash|p1a: Sylveon
|-damage|p1a: Sylveon|123\/394
|cant|p1a: Sylveon|flinch
|
|-heal|p1a: Sylveon|147\/394|[from] item: Leftovers
|turn|23
|
|move|p1a: Sylveon|Protect|p1a: Sylveon
|-singleturn|p1a: Sylveon|Protect
|move|p2a: Togekiss|Air Slash|p1a: Sylveon
|-activate|p1a: Sylveon|Protect
|
|-heal|p1a: Sylveon|171\/394|[from] item: Leftovers
|turn|24
|
|move|p2a: Togekiss|Air Slash|p1a: Sylveon|[miss]
|-miss|p2a: Togekiss|p1a: Sylveon
|move|p1a: Sylveon|Hyper Voice|p2a: Togekiss
|-damage|p2a: Togekiss|234\/373
|
|-heal|p2a: Togekiss|257\/373|[from] item: Leftovers
|-heal|p1a: Sylveon|195\/394|[from] item: Leftovers
|turn|25
|
|move|p1a: Sylveon|Protect|p1a: Sylveon
|-singleturn|p1a: Sylveon|Protect
|move|p2a: Togekiss|Roost|p2a: Togekiss
|-heal|p2a: Togekiss|373\/373
|
|-heal|p1a: Sylveon|219\/394|[from] item: Leftovers
|turn|26
|
|switch|p1a: Skarmory|Skarmory, F|112\/334
|move|p2a: Togekiss|Air Slash|p1a: Skarmory
|-crit|p1a: Skarmory
|-resisted|p1a: Skarmory
|-damage|p1a: Skarmory|0 fnt
|faint|p1a: Skarmory
|
|
|switch|p1a: Amoonguss|Amoonguss, F|432\/432
|turn|27
|
|move|p2a: Togekiss|Air Slash|p1a: Amoonguss
|-supereffective|p1a: Amoonguss
|-damage|p1a: Amoonguss|0 fnt
|faint|p1a: Amoonguss
|
|-message|baeninja forfeited.
|leave|baeninja
|
|win|zippleclopper
|raw|Ladder updating...
|player|p1
|raw|baeninja's rating: 1627 &rarr; <strong>1601<\/strong><br \/>(-26 for losing)
|raw|zippleclopper's rating: 1530 &rarr; <strong>1555<\/strong><br \/>(+25 for winning)