|join|Dayanne
|join|lt8m xtra
|player|p1|Dayanne|170
|player|p2|lt8m xtra|101
|gametype|singles
|gen|6
|tier|OU
|rated
|clearpoke
|poke|p1|Chansey, F
|poke|p1|Zapdos
|poke|p1|Scizor, F
|poke|p1|Clefable, F
|poke|p1|Gliscor, M
|poke|p1|Slowbro, M
|poke|p2|Azumarill, M
|poke|p2|Skarmory, F
|poke|p2|Landorus-Therian, M
|poke|p2|Magneton
|poke|p2|Gengar, M
|poke|p2|Pinsir, F
|rule|Swagger Clause: Swagger is banned
|rule|Baton Pass Clause: Limit one Pokémon knowing Baton Pass
|rule|Sleep Clause Mod: Limit one foe put to sleep
|rule|Species Clause: Limit one of each Pokémon
|rule|OHKO Clause: OHKO moves are banned
|rule|Moody Clause: Moody is banned
|rule|Evasion Moves Clause: Evasion moves are banned
|rule|Endless Battle Clause: Forcing endless battles is banned
|rule|HP Percentage Mod: HP is shown in percentages
|teampreview
|
|start
|switch|p1a: Gliscor|Gliscor, M|352\/352
|switch|p2a: Skarmory|Skarmory, F|334\/334
|turn|1
|
|move|p2a: Skarmory|Taunt|p1a: Gliscor
|-start|p1a: Gliscor|move: Taunt
|cant|p1a: Gliscor|move: Taunt|Taunt
|
|-status|p1a: Gliscor|tox|[from] item: Toxic Orb
|turn|2
|
|switch|p1a: Zapdos|Zapdos|384\/384
|-ability|p1a: Zapdos|Pressure
|move|p2a: Skarmory|Stealth Rock|p1a: Zapdos
|-sidestart|p1: Dayanne|move: Stealth Rock
|
|turn|3
|
|move|p2a: Skarmory|Spikes|p1a: Zapdos
|-sidestart|p1: Dayanne|Spikes
|move|p1a: Zapdos|Heat Wave|p2a: Skarmory
|-supereffective|p2a: Skarmory
|-damage|p2a: Skarmory|108\/334
|
|turn|4
|
|move|p2a: Skarmory|Spikes|p1a: Zapdos
|-sidestart|p1: Dayanne|Spikes
|move|p1a: Zapdos|Defog|p2a: Skarmory
|-unboost|p2a: Skarmory|evasion|1
|-sideend|p1: Dayanne|Spikes|[from] move: Defog|[of] p1a: Zapdos
|-sideend|p1: Dayanne|Stealth Rock|[from] move: Defog|[of] p1a: Zapdos
|
|turn|5
|
|move|p2a: Skarmory|Stealth Rock|p1a: Zapdos
|-sidestart|p1: Dayanne|move: Stealth Rock
|move|p1a: Zapdos|Volt Switch|p2a: Skarmory
|-supereffective|p2a: Skarmory
|-damage|p2a: Skarmory|0 fnt
|faint|p2a: Skarmory
|
|switch|p1a: Gliscor|Gliscor, M|352\/352 tox
|-damage|p1a: Gliscor|308\/352 tox|[from] Stealth Rock
|
|-heal|p1a: Gliscor|352\/352 tox|[from] ability: Poison Heal
|
|switch|p2a: Gengar|Gengar, M|261\/261
|turn|6
|
|move|p2a: Gengar|Shadow Ball|p1a: Gliscor
|-damage|p1a: Gliscor|191\/352 tox
|-damage|p2a: Gengar|235\/261|[from] item: Life Orb
|move|p1a: Gliscor|Knock Off|p2a: Gengar
|-supereffective|p2a: Gengar
|-damage|p2a: Gengar|29\/261
|-enditem|p2a: Gengar|Life Orb|[from] move: Knock Off|[of] p1a: Gliscor
|
|-heal|p1a: Gliscor|235\/352 tox|[from] ability: Poison Heal
|turn|7
|
|switch|p2a: Pinsir|Pinsir, F|271\/271
|move|p1a: Gliscor|Roost|p1a: Gliscor
|-heal|p1a: Gliscor|352\/352 tox
|
|turn|8
|
|switch|p1a: Zapdos|Zapdos|384\/384
|-damage|p1a: Zapdos|288\/384|[from] Stealth Rock
|-ability|p1a: Zapdos|Pressure
|detailschange|p2a: Pinsir|Pinsir-Mega, F
|message|Pinsir has Mega Evolved into Mega Pinsir!
|move|p2a: Pinsir|Frustration|p1a: Zapdos
|-resisted|p1a: Zapdos
|-damage|p1a: Zapdos|180\/384
|
|-heal|p1a: Zapdos|204\/384|[from] item: Leftovers
|turn|9
|
|move|p2a: Pinsir|Frustration|p1a: Zapdos
|-resisted|p1a: Zapdos
|-damage|p1a: Zapdos|103\/384
|move|p1a: Zapdos|Roost|p1a: Zapdos
|-heal|p1a: Zapdos|295\/384
|
|-heal|p1a: Zapdos|319\/384|[from] item: Leftovers
|turn|10
|
|switch|p2a: Azumarill|Azumarill, M|342\/342
|move|p1a: Zapdos|Defog|p2a: Azumarill
|-unboost|p2a: Azumarill|evasion|1
|-sideend|p1: Dayanne|Stealth Rock|[from] move: Defog|[of] p1a: Zapdos
|
|-heal|p1a: Zapdos|343\/384|[from] item: Leftovers
|turn|11
|-message|lt8m xtra forfeited.
|
|win|Dayanne
|raw|Ladder updating...
|leave|lt8m xtra
|player|p2
|raw|Dayanne's rating: 1866 &rarr; <strong>1880<\/strong><br \/>(+14 for winning)
|raw|lt8m xtra's rating: 1761 &rarr; <strong>1746<\/strong><br \/>(-15 for losing)