|join|Dayanne
|join|LT8A InAJWeTrust
|player|p1|Dayanne|37
|player|p2|LT8A InAJWeTrust|190
|gametype|singles
|gen|6
|tier|OU
|rated
|clearpoke
|poke|p1|Chansey, F
|poke|p1|Zapdos
|poke|p1|Scizor, F
|poke|p1|Clefable, F
|poke|p1|Gliscor, M
|poke|p1|Slowbro, M
|poke|p2|Azumarill, M
|poke|p2|Diggersby, M
|poke|p2|Gliscor, F
|poke|p2|Dragonite, M
|poke|p2|Latias, F
|poke|p2|Heatran, F
|rule|Swagger Clause: Swagger is banned
|rule|Baton Pass Clause: Limit one Pokémon knowing Baton Pass
|rule|Sleep Clause Mod: Limit one foe put to sleep
|rule|Species Clause: Limit one of each Pokémon
|rule|OHKO Clause: OHKO moves are banned
|rule|Moody Clause: Moody is banned
|rule|Evasion Moves Clause: Evasion moves are banned
|rule|Endless Battle Clause: Forcing endless battles is banned
|rule|HP Percentage Mod: HP is shown in percentages
|teampreview
|
|start
|switch|p1a: Slowbro|Slowbro, M|394\/394
|switch|p2a: Heatran|Heatran, F|324\/324
|turn|1
|
|move|p2a: Heatran|Stealth Rock|p1a: Slowbro
|-sidestart|p1: Dayanne|move: Stealth Rock
|move|p1a: Slowbro|Scald|p2a: Heatran
|-supereffective|p2a: Heatran
|-damage|p2a: Heatran|130\/324
|
|turn|2
|join|DoomX
|join|usarmy13
|
|move|p2a: Heatran|Overheat|p1a: Slowbro
|-resisted|p1a: Slowbro
|-damage|p1a: Slowbro|240\/394
|-unboost|p2a: Heatran|spa|2
|move|p1a: Slowbro|Thunder Wave|p2a: Heatran
|-status|p2a: Heatran|par
|
|-heal|p1a: Slowbro|264\/394|[from] item: Leftovers
|turn|3
|
|switch|p1a: Zapdos|Zapdos|384\/384
|-damage|p1a: Zapdos|288\/384|[from] Stealth Rock
|-ability|p1a: Zapdos|Pressure
|switch|p2a: Azumarill|Azumarill, M|397\/397
|
|-heal|p1a: Zapdos|312\/384|[from] item: Leftovers
|turn|4
|
|move|p1a: Zapdos|Defog|p2a: Azumarill
|-unboost|p2a: Azumarill|evasion|1
|-sideend|p1: Dayanne|Stealth Rock|[from] move: Defog|[of] p1a: Zapdos
|move|p2a: Azumarill|Play Rough|p1a: Zapdos
|-damage|p1a: Zapdos|54\/384
|
|-heal|p1a: Zapdos|78\/384|[from] item: Leftovers
|turn|5
|
|move|p1a: Zapdos|Volt Switch|p2a: Azumarill
|-supereffective|p2a: Azumarill
|-damage|p2a: Azumarill|169\/397
|
|switch|p1a: Scizor|Scizor, F|344\/344
|move|p2a: Azumarill|Play Rough|p1a: Scizor
|-resisted|p1a: Scizor
|-damage|p1a: Scizor|239\/344
|-unboost|p1a: Scizor|atk|1
|
|turn|6
|
|switch|p2a: Heatran|Heatran, F|130\/324 par
|detailschange|p1a: Scizor|Scizor-Mega, F
|message|Scizor has Mega Evolved into Mega Scizor!
|move|p1a: Scizor|Superpower|p2a: Heatran
|-supereffective|p2a: Heatran
|-damage|p2a: Heatran|0 fnt
|-unboost|p1a: Scizor|atk|1
|-unboost|p1a: Scizor|def|1
|faint|p2a: Heatran
|
|leave|usarmy13
|
|switch|p2a: Diggersby|Diggersby, M|311\/311
|turn|7
|
|switch|p1a: Zapdos|Zapdos|78\/384
|-ability|p1a: Zapdos|Pressure
|move|p2a: Diggersby|Return|p1a: Zapdos
|-crit|p1a: Zapdos
|-damage|p1a: Zapdos|0 fnt
|faint|p1a: Zapdos
|
|
|switch|p1a: Scizor|Scizor-Mega, F|239\/344
|turn|8
|
|switch|p2a: Gliscor|Gliscor, F|351\/351
|move|p1a: Scizor|Roost|p1a: Scizor
|-heal|p1a: Scizor|344\/344
|
|-status|p2a: Gliscor|tox|[from] item: Toxic Orb
|turn|9
|
|move|p2a: Gliscor|Earthquake|p1a: Scizor
|-damage|p1a: Scizor|284\/344
|move|p1a: Scizor|Swords Dance|p1a: Scizor
|-boost|p1a: Scizor|atk|2
|
|turn|10
|
|move|p2a: Gliscor|Taunt|p1a: Scizor
|-start|p1a: Scizor|move: Taunt
|cant|p1a: Scizor|move: Taunt|Swords Dance
|
|turn|11
|
|move|p1a: Scizor|Bullet Punch|p2a: Gliscor
|-damage|p2a: Gliscor|194\/351 tox
|move|p2a: Gliscor|Earthquake|p1a: Scizor
|-damage|p1a: Scizor|217\/344
|
|-heal|p2a: Gliscor|237\/351 tox|[from] ability: Poison Heal
|turn|12
|
|switch|p1a: Gliscor|Gliscor, M|352\/352
|move|p2a: Gliscor|Roost|p2a: Gliscor
|-heal|p2a: Gliscor|351\/351 tox
|
|-status|p1a: Gliscor|tox|[from] item: Toxic Orb
|turn|13
|
|move|p1a: Gliscor|Knock Off|p2a: Gliscor
|-damage|p2a: Gliscor|288\/351 tox
|-enditem|p2a: Gliscor|Toxic Orb|[from] move: Knock Off|[of] p1a: Gliscor
|move|p2a: Gliscor|Taunt|p1a: Gliscor
|-start|p1a: Gliscor|move: Taunt
|
|-heal|p2a: Gliscor|331\/351 tox|[from] ability: Poison Heal
|turn|14
|
|move|p2a: Gliscor|Earthquake|p1a: Gliscor
|-immune|p1a: Gliscor|[msg]
|move|p1a: Gliscor|Knock Off|p2a: Gliscor
|-damage|p2a: Gliscor|291\/351 tox
|
|-heal|p2a: Gliscor|334\/351 tox|[from] ability: Poison Heal
|turn|15
|
|switch|p2a: Azumarill|Azumarill, M|169\/397
|move|p1a: Gliscor|Knock Off|p2a: Azumarill
|-resisted|p2a: Azumarill
|-damage|p2a: Azumarill|125\/397
|-enditem|p2a: Azumarill|Choice Band|[from] move: Knock Off|[of] p1a: Gliscor
|
|turn|16
|
|switch|p1a: Slowbro|Slowbro, M|394\/394
|move|p2a: Azumarill|Play Rough|p1a: Slowbro|[miss]
|-miss|p2a: Azumarill|p1a: Slowbro
|
|turn|17
|
|switch|p2a: Gliscor|Gliscor, F|334\/351 tox
|switch|p1a: Scizor|Scizor-Mega, F|217\/344
|
|-heal|p2a: Gliscor|351\/351 tox|[from] ability: Poison Heal
|turn|18
|
|switch|p1a: Gliscor|Gliscor, M|352\/352 tox
|move|p2a: Gliscor|Taunt|p1a: Gliscor
|-start|p1a: Gliscor|move: Taunt
|
|turn|19
|
|switch|p2a: Azumarill|Azumarill, M|125\/397
|move|p1a: Gliscor|Knock Off|p2a: Azumarill
|-resisted|p2a: Azumarill
|-damage|p2a: Azumarill|95\/397
|
|turn|20
|
|switch|p1a: Slowbro|Slowbro, M|394\/394
|move|p2a: Azumarill|Play Rough|p1a: Slowbro
|-damage|p1a: Slowbro|268\/394
|
|-heal|p1a: Slowbro|292\/394|[from] item: Leftovers
|turn|21
|
|switch|p2a: Latias|Latias, F|317\/317
|move|p1a: Slowbro|Scald|p2a: Latias
|-resisted|p2a: Latias
|-damage|p2a: Latias|278\/317
|
|-heal|p1a: Slowbro|316\/394|[from] item: Leftovers
|turn|22
|
|switch|p2a: Diggersby|Diggersby, M|311\/311
|switch|p1a: Chansey|Chansey, F|704\/704
|
|turn|23
|
|move|p2a: Diggersby|Return|p1a: Chansey
|-damage|p1a: Chansey|283\/704
|move|p1a: Chansey|Stealth Rock|p2a: Diggersby
|-sidestart|p2: LT8A InAJWeTrust|move: Stealth Rock
|
|turn|24
|
|switch|p1a: Slowbro|Slowbro, M|394\/394
|move|p2a: Diggersby|Return|p1a: Slowbro
|-damage|p1a: Slowbro|171\/394
|
|-heal|p1a: Slowbro|195\/394|[from] item: Leftovers
|turn|25
|
|switch|p1a: Scizor|Scizor-Mega, F|217\/344
|move|p2a: Diggersby|Return|p1a: Scizor
|-resisted|p1a: Scizor
|-damage|p1a: Scizor|131\/344
|
|turn|26
|
|switch|p2a: Gliscor|Gliscor, F|351\/351 tox
|-damage|p2a: Gliscor|308\/351 tox|[from] Stealth Rock
|move|p1a: Scizor|Roost|p1a: Scizor
|-heal|p1a: Scizor|303\/344
|
|-heal|p2a: Gliscor|351\/351 tox|[from] ability: Poison Heal
|turn|27
|
|switch|p1a: Gliscor|Gliscor, M|352\/352 tox
|move|p2a: Gliscor|Taunt|p1a: Gliscor
|-start|p1a: Gliscor|move: Taunt
|
|turn|28
|
|move|p2a: Gliscor|Taunt|p1a: Gliscor
|-fail|p1a: Gliscor
|move|p1a: Gliscor|Knock Off|p2a: Gliscor
|-crit|p2a: Gliscor
|-damage|p2a: Gliscor|293\/351 tox
|
|-heal|p2a: Gliscor|336\/351 tox|[from] ability: Poison Heal
|turn|29
|
|move|p1a: Gliscor|Knock Off|p2a: Gliscor
|-damage|p2a: Gliscor|295\/351 tox
|move|p2a: Gliscor|Earthquake|p1a: Gliscor
|-immune|p1a: Gliscor|[msg]
|
|-heal|p2a: Gliscor|338\/351 tox|[from] ability: Poison Heal
|turn|30
|
|move|p2a: Gliscor|Earthquake|p1a: Gliscor
|-immune|p1a: Gliscor|[msg]
|move|p1a: Gliscor|Knock Off|p2a: Gliscor
|-damage|p2a: Gliscor|296\/351 tox
|
|-heal|p2a: Gliscor|339\/351 tox|[from] ability: Poison Heal
|-end|p1a: Gliscor|move: Taunt
|turn|31
|
|move|p1a: Gliscor|Knock Off|p2a: Gliscor
|-damage|p2a: Gliscor|299\/351 tox
|move|p2a: Gliscor|Taunt|p1a: Gliscor
|-start|p1a: Gliscor|move: Taunt
|
|-heal|p2a: Gliscor|342\/351 tox|[from] ability: Poison Heal
|turn|32
|
|move|p2a: Gliscor|Earthquake|p1a: Gliscor
|-immune|p1a: Gliscor|[msg]
|move|p1a: Gliscor|Knock Off|p2a: Gliscor
|-damage|p2a: Gliscor|299\/351 tox
|
|-heal|p2a: Gliscor|342\/351 tox|[from] ability: Poison Heal
|turn|33
|
|move|p1a: Gliscor|Knock Off|p2a: Gliscor
|-crit|p2a: Gliscor
|-damage|p2a: Gliscor|286\/351 tox
|move|p2a: Gliscor|Taunt|p1a: Gliscor
|-fail|p1a: Gliscor
|
|-heal|p2a: Gliscor|329\/351 tox|[from] ability: Poison Heal
|turn|34
|
|move|p2a: Gliscor|Earthquake|p1a: Gliscor
|-immune|p1a: Gliscor|[msg]
|move|p1a: Gliscor|Knock Off|p2a: Gliscor
|-damage|p2a: Gliscor|290\/351 tox
|
|-heal|p2a: Gliscor|333\/351 tox|[from] ability: Poison Heal
|-end|p1a: Gliscor|move: Taunt
|turn|35
|
|move|p1a: Gliscor|Taunt|p2a: Gliscor
|-start|p2a: Gliscor|move: Taunt
|cant|p2a: Gliscor|move: Taunt|Taunt
|
|-heal|p2a: Gliscor|351\/351 tox|[from] ability: Poison Heal
|turn|36
|
|switch|p2a: Azumarill|Azumarill, M|95\/397
|-damage|p2a: Azumarill|46\/397|[from] Stealth Rock
|switch|p1a: Scizor|Scizor-Mega, F|303\/344
|
|turn|37
|
|move|p1a: Scizor|Swords Dance|p1a: Scizor
|-boost|p1a: Scizor|atk|2
|move|p2a: Azumarill|Waterfall|p1a: Scizor
|-damage|p1a: Scizor|209\/344
|
|turn|38
|-message|LT8A InAJWeTrust forfeited.
|
|win|Dayanne
|raw|Ladder updating...
|leave|LT8A InAJWeTrust
|player|p2
|raw|Dayanne's rating: 1822 &rarr; <strong>1836<\/strong><br \/>(+14 for winning)
|raw|LT8A InAJWeTrust's rating: 1713 &rarr; <strong>1699<\/strong><br \/>(-14 for losing)
|leave|DoomX