|join|Dayanne
|join|kfreshz
|player|p1|Dayanne|37
|player|p2|kfreshz|129
|gametype|singles
|gen|6
|tier|OU
|rated
|clearpoke
|poke|p1|Chansey, F
|poke|p1|Zapdos
|poke|p1|Scizor, M
|poke|p1|Clefable, F
|poke|p1|Gliscor, M
|poke|p1|Slowbro, M
|poke|p2|Kyurem-Black
|poke|p2|Azumarill, F
|poke|p2|Heatran, F
|poke|p2|Medicham, M
|poke|p2|Rotom-Wash
|poke|p2|Landorus, M
|rule|Swagger Clause: Swagger is banned
|rule|Baton Pass Clause: Limit one Pokémon knowing Baton Pass
|rule|Sleep Clause Mod: Limit one foe put to sleep
|rule|Species Clause: Limit one of each Pokémon
|rule|OHKO Clause: OHKO moves are banned
|rule|Moody Clause: Moody is banned
|rule|Evasion Moves Clause: Evasion moves are banned
|rule|Endless Battle Clause: Forcing endless battles is banned
|rule|HP Percentage Mod: HP is shown in percentages
|teampreview
|
|start
|switch|p1a: Slowbro|Slowbro, M|394\/394
|switch|p2a: Rotom-Wash|Rotom-Wash|304\/304
|turn|1
|
|switch|p1a: Chansey|Chansey, F|704\/704
|move|p2a: Rotom-Wash|Will-O-Wisp|p1a: Chansey
|-status|p1a: Chansey|brn
|
|-damage|p1a: Chansey|616\/704 brn|[from] brn
|turn|2
|
|move|p2a: Rotom-Wash|Will-O-Wisp|p1a: Chansey
|-fail|p1a: Chansey|brn
|move|p1a: Chansey|Stealth Rock|p2a: Rotom-Wash
|-sidestart|p2: kfreshz|move: Stealth Rock
|
|-damage|p1a: Chansey|528\/704 brn|[from] brn
|turn|3
|
|move|p2a: Rotom-Wash|Will-O-Wisp|p1a: Chansey
|-fail|p1a: Chansey|brn
|move|p1a: Chansey|Seismic Toss|p2a: Rotom-Wash
|-damage|p2a: Rotom-Wash|204\/304
|
|-heal|p2a: Rotom-Wash|223\/304|[from] item: Leftovers
|-damage|p1a: Chansey|440\/704 brn|[from] brn
|turn|4
|
|switch|p1a: Gliscor|Gliscor, M|352\/352
|move|p2a: Rotom-Wash|Pain Split|p1a: Gliscor
|-sethp|p1a: Gliscor|287\/352|p2a: Rotom-Wash|287\/304|[from] move: Pain Split
|
|-heal|p2a: Rotom-Wash|304\/304|[from] item: Leftovers
|-status|p1a: Gliscor|tox|[from] item: Toxic Orb
|turn|5
|
|move|p2a: Rotom-Wash|Hydro Pump|p1a: Gliscor
|-supereffective|p1a: Gliscor
|-damage|p1a: Gliscor|21\/352 tox
|move|p1a: Gliscor|Knock Off|p2a: Rotom-Wash
|-damage|p2a: Rotom-Wash|239\/304
|-enditem|p2a: Rotom-Wash|Leftovers|[from] move: Knock Off|[of] p1a: Gliscor
|
|-heal|p1a: Gliscor|65\/352 tox|[from] ability: Poison Heal
|turn|6
|
|move|p2a: Rotom-Wash|Volt Switch|p1a: Gliscor
|-immune|p1a: Gliscor|[msg]
|move|p1a: Gliscor|Roost|p1a: Gliscor
|-heal|p1a: Gliscor|241\/352 tox
|
|-heal|p1a: Gliscor|285\/352 tox|[from] ability: Poison Heal
|turn|7
|
|switch|p1a: Chansey|Chansey, F|440\/704
|move|p2a: Rotom-Wash|Hydro Pump|p1a: Chansey
|-damage|p1a: Chansey|356\/704
|
|turn|8
|
|move|p2a: Rotom-Wash|Will-O-Wisp|p1a: Chansey
|-status|p1a: Chansey|brn
|move|p1a: Chansey|Soft-Boiled|p1a: Chansey
|-heal|p1a: Chansey|704\/704 brn
|
|-damage|p1a: Chansey|616\/704 brn|[from] brn
|turn|9
|
|move|p2a: Rotom-Wash|Pain Split|p1a: Chansey
|-sethp|p1a: Chansey|427\/704 brn|p2a: Rotom-Wash|304\/304|[from] move: Pain Split
|move|p1a: Chansey|Seismic Toss|p2a: Rotom-Wash
|-damage|p2a: Rotom-Wash|204\/304
|
|-damage|p1a: Chansey|339\/704 brn|[from] brn
|turn|10
|
|move|p2a: Rotom-Wash|Hydro Pump|p1a: Chansey
|-damage|p1a: Chansey|254\/704 brn
|move|p1a: Chansey|Soft-Boiled|p1a: Chansey
|-heal|p1a: Chansey|606\/704 brn
|
|-damage|p1a: Chansey|518\/704 brn|[from] brn
|turn|11
|
|move|p2a: Rotom-Wash|Pain Split|p1a: Chansey
|-sethp|p1a: Chansey|361\/704 brn|p2a: Rotom-Wash|304\/304|[from] move: Pain Split
|move|p1a: Chansey|Seismic Toss|p2a: Rotom-Wash
|-damage|p2a: Rotom-Wash|204\/304
|
|-damage|p1a: Chansey|273\/704 brn|[from] brn
|turn|12
|
|move|p2a: Rotom-Wash|Hydro Pump|p1a: Chansey
|-damage|p1a: Chansey|194\/704 brn
|move|p1a: Chansey|Soft-Boiled|p1a: Chansey
|-heal|p1a: Chansey|546\/704 brn
|
|-damage|p1a: Chansey|458\/704 brn|[from] brn
|turn|13
|
|move|p2a: Rotom-Wash|Pain Split|p1a: Chansey
|-sethp|p1a: Chansey|331\/704 brn|p2a: Rotom-Wash|304\/304|[from] move: Pain Split
|move|p1a: Chansey|Seismic Toss|p2a: Rotom-Wash
|-damage|p2a: Rotom-Wash|204\/304
|
|-damage|p1a: Chansey|243\/704 brn|[from] brn
|turn|14
|
|move|p2a: Rotom-Wash|Volt Switch|p1a: Chansey
|-damage|p1a: Chansey|186\/704 brn
|
|switch|p2a: Kyurem-Black|Kyurem-Black|392\/392
|-damage|p2a: Kyurem-Black|294\/392|[from] Stealth Rock
|-ability|p2a: Kyurem-Black|Teravolt
|move|p1a: Chansey|Soft-Boiled|p1a: Chansey
|-heal|p1a: Chansey|538\/704 brn
|
|-damage|p1a: Chansey|450\/704 brn|[from] brn
|turn|15
|
|switch|p1a: Scizor|Scizor, M|344\/344
|move|p2a: Kyurem-Black|Fusion Bolt|p1a: Scizor
|-damage|p1a: Scizor|160\/344
|
|turn|16
|
|switch|p2a: Rotom-Wash|Rotom-Wash|204\/304
|-damage|p2a: Rotom-Wash|166\/304|[from] Stealth Rock
|detailschange|p1a: Scizor|Scizor-Mega, M
|message|Scizor has Mega Evolved into Mega Scizor!
|move|p1a: Scizor|Roost|p1a: Scizor
|-heal|p1a: Scizor|332\/344
|
|turn|17
|
|switch|p1a: Chansey|Chansey, F|450\/704
|move|p2a: Rotom-Wash|Volt Switch|p1a: Chansey
|-damage|p1a: Chansey|390\/704
|
|switch|p2a: Heatran|Heatran, F|386\/386
|-damage|p2a: Heatran|338\/386|[from] Stealth Rock
|
|-heal|p2a: Heatran|362\/386|[from] item: Leftovers
|turn|18
|
|move|p2a: Heatran|Stealth Rock|p1a: Chansey
|-sidestart|p1: Dayanne|move: Stealth Rock
|move|p1a: Chansey|Soft-Boiled|p1a: Chansey
|-heal|p1a: Chansey|704\/704
|
|-heal|p2a: Heatran|386\/386|[from] item: Leftovers
|turn|19
|
|move|p2a: Heatran|Lava Plume|p1a: Chansey
|-damage|p1a: Chansey|625\/704
|move|p1a: Chansey|Seismic Toss|p2a: Heatran
|-damage|p2a: Heatran|286\/386
|
|-heal|p2a: Heatran|310\/386|[from] item: Leftovers
|turn|20
|
|switch|p2a: Rotom-Wash|Rotom-Wash|166\/304
|-damage|p2a: Rotom-Wash|128\/304|[from] Stealth Rock
|move|p1a: Chansey|Seismic Toss|p2a: Rotom-Wash
|-damage|p2a: Rotom-Wash|28\/304
|
|turn|21
|
|switch|p1a: Zapdos|Zapdos|384\/384
|-damage|p1a: Zapdos|288\/384|[from] Stealth Rock
|-ability|p1a: Zapdos|Pressure
|move|p2a: Rotom-Wash|Pain Split|p1a: Zapdos
|-sethp|p1a: Zapdos|158\/384|p2a: Rotom-Wash|158\/304|[from] move: Pain Split
|
|-heal|p1a: Zapdos|182\/384|[from] item: Leftovers
|turn|22
|
|move|p2a: Rotom-Wash|Will-O-Wisp|p1a: Zapdos
|-status|p1a: Zapdos|brn
|move|p1a: Zapdos|Volt Switch|p2a: Rotom-Wash
|-crit|p2a: Rotom-Wash
|-damage|p2a: Rotom-Wash|13\/304
|
|switch|p1a: Scizor|Scizor-Mega, M|332\/344
|-damage|p1a: Scizor|289\/344|[from] Stealth Rock
|
|turn|23
|
|switch|p2a: Heatran|Heatran, F|310\/386
|-damage|p2a: Heatran|262\/386|[from] Stealth Rock
|move|p1a: Scizor|Bullet Punch|p2a: Heatran
|-resisted|p2a: Heatran
|-damage|p2a: Heatran|237\/386
|
|-heal|p2a: Heatran|261\/386|[from] item: Leftovers
|turn|24
|
|switch|p1a: Gliscor|Gliscor, M|285\/352 tox
|-damage|p1a: Gliscor|241\/352 tox|[from] Stealth Rock
|switch|p2a: Medicham|Medicham, M|261\/261
|-damage|p2a: Medicham|245\/261|[from] Stealth Rock
|
|-heal|p1a: Gliscor|285\/352 tox|[from] ability: Poison Heal
|turn|25
|
|switch|p2a: Azumarill|Azumarill, F|402\/402
|-damage|p2a: Azumarill|352\/402|[from] Stealth Rock
|switch|p1a: Slowbro|Slowbro, M|394\/394
|-damage|p1a: Slowbro|345\/394|[from] Stealth Rock
|
|-heal|p1a: Slowbro|369\/394|[from] item: Leftovers
|turn|26
|
|move|p2a: Azumarill|Belly Drum|p2a: Azumarill
|-damage|p2a: Azumarill|151\/402
|-setboost|p2a: Azumarill|atk|6|[from] move: Belly Drum
|-enditem|p2a: Azumarill|Sitrus Berry|[eat]
|-heal|p2a: Azumarill|251\/402|[from] item: Sitrus Berry
|move|p1a: Slowbro|Thunder Wave|p2a: Azumarill
|-status|p2a: Azumarill|par
|
|-heal|p1a: Slowbro|393\/394|[from] item: Leftovers
|turn|27
|
|switch|p1a: Clefable|Clefable, F|394\/394
|-damage|p1a: Clefable|345\/394|[from] Stealth Rock
|move|p2a: Azumarill|Play Rough|p1a: Clefable
|-damage|p1a: Clefable|159\/394
|
|-heal|p1a: Clefable|183\/394|[from] item: Leftovers
|turn|28
|
|move|p1a: Clefable|Protect|p1a: Clefable
|-singleturn|p1a: Clefable|Protect
|move|p2a: Azumarill|Play Rough|p1a: Clefable
|-activate|p1a: Clefable|Protect
|
|-heal|p1a: Clefable|207\/394|[from] item: Leftovers
|turn|29
|
|move|p1a: Clefable|Wish|p1a: Clefable
|move|p2a: Azumarill|Play Rough|p1a: Clefable
|-damage|p1a: Clefable|36\/394
|
|-heal|p1a: Clefable|60\/394|[from] item: Leftovers
|turn|30
|
|switch|p2a: Kyurem-Black|Kyurem-Black|294\/392
|-damage|p2a: Kyurem-Black|196\/392|[from] Stealth Rock
|-ability|p2a: Kyurem-Black|Teravolt
|move|p1a: Clefable|Protect|p1a: Clefable
|-fail|p1a: Clefable
|
|-heal|p1a: Clefable|257\/394|[from] move: Wish|[wisher] Clefable
|-heal|p1a: Clefable|281\/394|[from] item: Leftovers
|turn|31
|
|move|p1a: Clefable|Protect|p1a: Clefable
|-singleturn|p1a: Clefable|Protect
|move|p2a: Kyurem-Black|Iron Head|p1a: Clefable
|-activate|p1a: Clefable|Protect
|
|-heal|p1a: Clefable|305\/394|[from] item: Leftovers
|turn|32
|
|switch|p1a: Scizor|Scizor-Mega, M|289\/344
|-damage|p1a: Scizor|246\/344|[from] Stealth Rock
|move|p2a: Kyurem-Black|Iron Head|p1a: Scizor
|-resisted|p1a: Scizor
|-damage|p1a: Scizor|194\/344
|
|turn|33
|
|switch|p2a: Rotom-Wash|Rotom-Wash|13\/304
|-damage|p2a: Rotom-Wash|0 fnt|[from] Stealth Rock
|faint|p2a: Rotom-Wash
|move|p1a: Scizor|Roost|p1a: Scizor
|-heal|p1a: Scizor|344\/344
|
|-message|kfreshz forfeited.
|leave|kfreshz
|
|win|Dayanne
|raw|Ladder updating...
|player|p2
|raw|Dayanne's rating: 1676 &rarr; <strong>1695<\/strong><br \/>(+19 for winning)
|raw|kfreshz's rating: 1657 &rarr; <strong>1638<\/strong><br \/>(-19 for losing)