|join|Patodragon.v2
|join|Dayanne
|player|p1|Patodragon.v2|169
|player|p2|Dayanne|37
|gametype|singles
|gen|6
|tier|OU
|rated
|clearpoke
|poke|p1|Tyranitar, M
|poke|p1|Altaria, F
|poke|p1|Excadrill, M
|poke|p1|Kyurem-Black
|poke|p1|Ferrothorn, F
|poke|p1|Talonflame, F
|poke|p2|Chansey, F
|poke|p2|Zapdos
|poke|p2|Scizor, F
|poke|p2|Clefable, F
|poke|p2|Gliscor, M
|poke|p2|Slowbro, M
|rule|Swagger Clause: Swagger is banned
|rule|Baton Pass Clause: Limit one Pokémon knowing Baton Pass
|rule|Sleep Clause Mod: Limit one foe put to sleep
|rule|Species Clause: Limit one of each Pokémon
|rule|OHKO Clause: OHKO moves are banned
|rule|Moody Clause: Moody is banned
|rule|Evasion Moves Clause: Evasion moves are banned
|rule|Endless Battle Clause: Forcing endless battles is banned
|rule|HP Percentage Mod: HP is shown in percentages
|teampreview
|
|start
|switch|p1a: Tyranitar|Tyranitar, M|365\/365
|switch|p2a: Slowbro|Slowbro, M|394\/394
|-weather|Sandstorm
|turn|1
|
|move|p1a: Tyranitar|Stealth Rock|p2a: Slowbro
|-sidestart|p2: Dayanne|move: Stealth Rock
|move|p2a: Slowbro|Thunder Wave|p1a: Tyranitar
|-status|p1a: Tyranitar|par
|
|-weather|Sandstorm|[upkeep]
|-damage|p2a: Slowbro|370\/394|[from] Sandstorm
|-heal|p2a: Slowbro|394\/394|[from] item: Leftovers
|turn|2
|
|move|p2a: Slowbro|Scald|p1a: Tyranitar
|-supereffective|p1a: Tyranitar
|-damage|p1a: Tyranitar|249\/365 par
|move|p1a: Tyranitar|Pursuit|p2a: Slowbro
|-supereffective|p2a: Slowbro
|-damage|p2a: Slowbro|286\/394
|
|-weather|Sandstorm|[upkeep]
|-damage|p2a: Slowbro|262\/394|[from] Sandstorm
|-heal|p2a: Slowbro|286\/394|[from] item: Leftovers
|turn|3
|
|switch|p1a: Ferrothorn|Ferrothorn, F|352\/352
|move|p2a: Slowbro|Scald|p1a: Ferrothorn
|-resisted|p1a: Ferrothorn
|-damage|p1a: Ferrothorn|316\/352
|
|-weather|Sandstorm|[upkeep]
|-damage|p2a: Slowbro|262\/394|[from] Sandstorm
|-heal|p2a: Slowbro|286\/394|[from] item: Leftovers
|-heal|p1a: Ferrothorn|338\/352|[from] item: Leftovers
|turn|4
|
|switch|p2a: Zapdos|Zapdos|384\/384
|-damage|p2a: Zapdos|288\/384|[from] Stealth Rock
|-ability|p2a: Zapdos|Pressure
|switch|p1a: Kyurem-Black|Kyurem-Black|403\/403
|-ability|p1a: Kyurem-Black|Teravolt
|
|-weather|Sandstorm|[upkeep]
|-damage|p1a: Kyurem-Black|378\/403|[from] Sandstorm
|-damage|p2a: Zapdos|264\/384|[from] Sandstorm
|-heal|p2a: Zapdos|288\/384|[from] item: Leftovers
|turn|5
|
|switch|p2a: Scizor|Scizor, F|344\/344
|-damage|p2a: Scizor|301\/344|[from] Stealth Rock
|move|p1a: Kyurem-Black|Ice Beam|p2a: Scizor
|-resisted|p2a: Scizor
|-damage|p2a: Scizor|194\/344
|
|-weather|Sandstorm|[upkeep]
|-damage|p1a: Kyurem-Black|353\/403|[from] Sandstorm
|turn|6
|
|detailschange|p2a: Scizor|Scizor-Mega, F
|message|Scizor has Mega Evolved into Mega Scizor!
|move|p1a: Kyurem-Black|Hidden Power|p2a: Scizor
|-supereffective|p2a: Scizor
|-damage|p2a: Scizor|0 fnt
|faint|p2a: Scizor
|
|-weather|Sandstorm|[upkeep]
|-damage|p1a: Kyurem-Black|328\/403|[from] Sandstorm
|
|switch|p2a: Slowbro|Slowbro, M|394\/394
|-damage|p2a: Slowbro|345\/394|[from] Stealth Rock
|turn|7
|
|switch|p1a: Ferrothorn|Ferrothorn, F|338\/352
|move|p2a: Slowbro|Scald|p1a: Ferrothorn
|-resisted|p1a: Ferrothorn
|-damage|p1a: Ferrothorn|298\/352
|-status|p1a: Ferrothorn|brn
|
|-weather|Sandstorm|[upkeep]
|-damage|p2a: Slowbro|321\/394|[from] Sandstorm
|-heal|p2a: Slowbro|345\/394|[from] item: Leftovers
|-heal|p1a: Ferrothorn|320\/352 brn|[from] item: Leftovers
|-damage|p1a: Ferrothorn|276\/352 brn|[from] brn
|turn|8
|
|switch|p2a: Zapdos|Zapdos|288\/384
|-damage|p2a: Zapdos|192\/384|[from] Stealth Rock
|-ability|p2a: Zapdos|Pressure
|move|p1a: Ferrothorn|Leech Seed|p2a: Zapdos
|-start|p2a: Zapdos|move: Leech Seed
|
|-weather|none
|-heal|p2a: Zapdos|216\/384|[from] item: Leftovers
|-heal|p1a: Ferrothorn|298\/352 brn|[from] item: Leftovers
|-damage|p2a: Zapdos|168\/384|[from] Leech Seed|[of] p1a: Ferrothorn
|-heal|p1a: Ferrothorn|346\/352 brn|[silent]
|-damage|p1a: Ferrothorn|302\/352 brn|[from] brn
|turn|9
|
|switch|p1a: Tyranitar|Tyranitar, M|249\/365 par
|-weather|Sandstorm
|move|p2a: Zapdos|Defog|p1a: Tyranitar
|-unboost|p1a: Tyranitar|evasion|1
|-sideend|p2: Dayanne|Stealth Rock|[from] move: Defog|[of] p2a: Zapdos
|
|-weather|Sandstorm|[upkeep]
|-damage|p2a: Zapdos|144\/384|[from] Sandstorm
|-heal|p2a: Zapdos|168\/384|[from] item: Leftovers
|-damage|p2a: Zapdos|120\/384|[from] Leech Seed|[of] p1a: Tyranitar
|-heal|p1a: Tyranitar|297\/365 par|[silent]
|turn|10
|
|move|p2a: Zapdos|Roost|p2a: Zapdos
|-heal|p2a: Zapdos|312\/384
|cant|p1a: Tyranitar|par
|
|-weather|Sandstorm|[upkeep]
|-damage|p2a: Zapdos|288\/384|[from] Sandstorm
|-heal|p2a: Zapdos|312\/384|[from] item: Leftovers
|-damage|p2a: Zapdos|264\/384|[from] Leech Seed|[of] p1a: Tyranitar
|-heal|p1a: Tyranitar|345\/365 par|[silent]
|turn|11
|
|move|p2a: Zapdos|Volt Switch|p1a: Tyranitar
|-damage|p1a: Tyranitar|282\/365 par
|
|switch|p2a: Gliscor|Gliscor, M|352\/352
|cant|p1a: Tyranitar|par
|
|-weather|Sandstorm|[upkeep]
|-status|p2a: Gliscor|tox|[from] item: Toxic Orb
|turn|12
|
|move|p2a: Gliscor|Taunt|p1a: Tyranitar
|-start|p1a: Tyranitar|move: Taunt
|cant|p1a: Tyranitar|move: Taunt|Stealth Rock
|
|-weather|Sandstorm|[upkeep]
|turn|13
|
|move|p2a: Gliscor|Knock Off|p1a: Tyranitar
|-resisted|p1a: Tyranitar
|-damage|p1a: Tyranitar|245\/365 par
|-enditem|p1a: Tyranitar|Smooth Rock|[from] move: Knock Off|[of] p2a: Gliscor
|move|p1a: Tyranitar|Ice Beam|p2a: Gliscor
|-supereffective|p2a: Gliscor
|-damage|p2a: Gliscor|112\/352 tox
|
|-weather|Sandstorm|[upkeep]
|-heal|p2a: Gliscor|156\/352 tox|[from] ability: Poison Heal
|turn|14
|
|switch|p1a: Kyurem-Black|Kyurem-Black|328\/403
|-ability|p1a: Kyurem-Black|Teravolt
|move|p2a: Gliscor|Earthquake|p1a: Kyurem-Black
|-damage|p1a: Kyurem-Black|208\/403
|
|-weather|Sandstorm|[upkeep]
|-damage|p1a: Kyurem-Black|183\/403|[from] Sandstorm
|-heal|p2a: Gliscor|200\/352 tox|[from] ability: Poison Heal
|turn|15
|
|switch|p1a: Ferrothorn|Ferrothorn, F|302\/352 brn
|switch|p2a: Slowbro|Slowbro, M|394\/394
|
|-weather|Sandstorm|[upkeep]
|-damage|p2a: Slowbro|370\/394|[from] Sandstorm
|-heal|p2a: Slowbro|394\/394|[from] item: Leftovers
|-heal|p1a: Ferrothorn|324\/352 brn|[from] item: Leftovers
|-damage|p1a: Ferrothorn|280\/352 brn|[from] brn
|turn|16
|
|switch|p2a: Gliscor|Gliscor, M|200\/352 tox
|move|p1a: Ferrothorn|Leech Seed|p2a: Gliscor
|-start|p2a: Gliscor|move: Leech Seed
|
|-weather|none
|-heal|p1a: Ferrothorn|302\/352 brn|[from] item: Leftovers
|-damage|p2a: Gliscor|156\/352 tox|[from] Leech Seed|[of] p1a: Ferrothorn
|-heal|p1a: Ferrothorn|346\/352 brn|[silent]
|-heal|p2a: Gliscor|200\/352 tox|[from] ability: Poison Heal
|-damage|p1a: Ferrothorn|302\/352 brn|[from] brn
|turn|17
|
|switch|p2a: Zapdos|Zapdos|264\/384
|-ability|p2a: Zapdos|Pressure
|switch|p1a: Tyranitar|Tyranitar, M|245\/365 par
|-weather|Sandstorm
|
|-weather|Sandstorm|[upkeep]
|-damage|p2a: Zapdos|240\/384|[from] Sandstorm
|-heal|p2a: Zapdos|264\/384|[from] item: Leftovers
|turn|18
|
|move|p2a: Zapdos|Volt Switch|p1a: Tyranitar
|-crit|p1a: Tyranitar
|-damage|p1a: Tyranitar|148\/365 par
|
|switch|p2a: Slowbro|Slowbro, M|394\/394
|move|p1a: Tyranitar|Stealth Rock|p2a: Slowbro
|-sidestart|p2: Dayanne|move: Stealth Rock
|
|-weather|Sandstorm|[upkeep]
|-damage|p2a: Slowbro|370\/394|[from] Sandstorm
|-heal|p2a: Slowbro|394\/394|[from] item: Leftovers
|turn|19
|
|switch|p2a: Zapdos|Zapdos|264\/384
|-damage|p2a: Zapdos|168\/384|[from] Stealth Rock
|-ability|p2a: Zapdos|Pressure
|switch|p1a: Ferrothorn|Ferrothorn, F|302\/352 brn
|
|-weather|Sandstorm|[upkeep]
|-damage|p2a: Zapdos|144\/384|[from] Sandstorm
|-heal|p2a: Zapdos|168\/384|[from] item: Leftovers
|-heal|p1a: Ferrothorn|324\/352 brn|[from] item: Leftovers
|-damage|p1a: Ferrothorn|280\/352 brn|[from] brn
|turn|20
|
|move|p2a: Zapdos|Heat Wave|p1a: Ferrothorn
|-miss|p2a: Zapdos|p1a: Ferrothorn
|move|p1a: Ferrothorn|Leech Seed|p2a: Zapdos|[miss]
|-miss|p1a: Ferrothorn|p2a: Zapdos
|
|-weather|Sandstorm|[upkeep]
|-damage|p2a: Zapdos|144\/384|[from] Sandstorm
|-heal|p2a: Zapdos|168\/384|[from] item: Leftovers
|-heal|p1a: Ferrothorn|302\/352 brn|[from] item: Leftovers
|-damage|p1a: Ferrothorn|258\/352 brn|[from] brn
|turn|21
|
|move|p2a: Zapdos|Defog|p1a: Ferrothorn
|-unboost|p1a: Ferrothorn|evasion|1
|-sideend|p2: Dayanne|Stealth Rock|[from] move: Defog|[of] p2a: Zapdos
|move|p1a: Ferrothorn|Leech Seed|p2a: Zapdos
|-start|p2a: Zapdos|move: Leech Seed
|
|-weather|none
|-heal|p2a: Zapdos|192\/384|[from] item: Leftovers
|-heal|p1a: Ferrothorn|280\/352 brn|[from] item: Leftovers
|-damage|p2a: Zapdos|144\/384|[from] Leech Seed|[of] p1a: Ferrothorn
|-heal|p1a: Ferrothorn|328\/352 brn|[silent]
|-damage|p1a: Ferrothorn|284\/352 brn|[from] brn
|turn|22
|
|switch|p1a: Tyranitar|Tyranitar, M|148\/365 par
|-weather|Sandstorm
|move|p2a: Zapdos|Roost|p2a: Zapdos
|-heal|p2a: Zapdos|336\/384
|
|-weather|Sandstorm|[upkeep]
|-damage|p2a: Zapdos|312\/384|[from] Sandstorm
|-heal|p2a: Zapdos|336\/384|[from] item: Leftovers
|-damage|p2a: Zapdos|288\/384|[from] Leech Seed|[of] p1a: Tyranitar
|-heal|p1a: Tyranitar|196\/365 par|[silent]
|turn|23
|
|move|p2a: Zapdos|Volt Switch|p1a: Tyranitar
|-damage|p1a: Tyranitar|130\/365 par
|
|switch|p2a: Slowbro|Slowbro, M|394\/394
|move|p1a: Tyranitar|Stealth Rock|p2a: Slowbro
|-sidestart|p2: Dayanne|move: Stealth Rock
|
|-weather|Sandstorm|[upkeep]
|-damage|p2a: Slowbro|370\/394|[from] Sandstorm
|-heal|p2a: Slowbro|394\/394|[from] item: Leftovers
|turn|24
|
|move|p2a: Slowbro|Scald|p1a: Tyranitar
|-supereffective|p1a: Tyranitar
|-damage|p1a: Tyranitar|16\/365 par
|move|p1a: Tyranitar|Pursuit|p2a: Slowbro
|-supereffective|p2a: Slowbro
|-damage|p2a: Slowbro|302\/394
|
|-weather|Sandstorm|[upkeep]
|-damage|p2a: Slowbro|278\/394|[from] Sandstorm
|-heal|p2a: Slowbro|302\/394|[from] item: Leftovers
|turn|25
|
|switch|p1a: Kyurem-Black|Kyurem-Black|183\/403
|-ability|p1a: Kyurem-Black|Teravolt
|move|p2a: Slowbro|Scald|p1a: Kyurem-Black
|-resisted|p1a: Kyurem-Black
|-damage|p1a: Kyurem-Black|149\/403
|
|-weather|Sandstorm|[upkeep]
|-damage|p1a: Kyurem-Black|124\/403|[from] Sandstorm
|-damage|p2a: Slowbro|278\/394|[from] Sandstorm
|-heal|p2a: Slowbro|302\/394|[from] item: Leftovers
|turn|26
|
|move|p1a: Kyurem-Black|Fusion Bolt|p2a: Slowbro
|-supereffective|p2a: Slowbro
|-damage|p2a: Slowbro|138\/394
|move|p2a: Slowbro|Thunder Wave|p1a: Kyurem-Black
|-status|p1a: Kyurem-Black|par
|
|-weather|none
|-heal|p2a: Slowbro|162\/394|[from] item: Leftovers
|turn|27
|
|move|p2a: Slowbro|Slack Off|p2a: Slowbro
|-heal|p2a: Slowbro|359\/394
|move|p1a: Kyurem-Black|Ice Beam|p2a: Slowbro
|-resisted|p2a: Slowbro
|-damage|p2a: Slowbro|268\/394
|
|-heal|p2a: Slowbro|292\/394|[from] item: Leftovers
|turn|28
|
|move|p2a: Slowbro|Psyshock|p1a: Kyurem-Black
|-damage|p1a: Kyurem-Black|21\/403 par
|move|p1a: Kyurem-Black|Fusion Bolt|p2a: Slowbro
|-supereffective|p2a: Slowbro
|-damage|p2a: Slowbro|118\/394
|
|-heal|p2a: Slowbro|142\/394|[from] item: Leftovers
|turn|29
|
|move|p2a: Slowbro|Slack Off|p2a: Slowbro
|-heal|p2a: Slowbro|339\/394
|move|p1a: Kyurem-Black|Fusion Bolt|p2a: Slowbro
|-supereffective|p2a: Slowbro
|-damage|p2a: Slowbro|183\/394
|
|-heal|p2a: Slowbro|207\/394|[from] item: Leftovers
|turn|30
|
|switch|p1a: Tyranitar|Tyranitar, M|16\/365 par
|-weather|Sandstorm
|move|p2a: Slowbro|Slack Off|p2a: Slowbro
|-heal|p2a: Slowbro|394\/394
|
|-weather|Sandstorm|[upkeep]
|-damage|p2a: Slowbro|370\/394|[from] Sandstorm
|-heal|p2a: Slowbro|394\/394|[from] item: Leftovers
|turn|31
|
|switch|p1a: Ferrothorn|Ferrothorn, F|284\/352 brn
|move|p2a: Slowbro|Scald|p1a: Ferrothorn
|-resisted|p1a: Ferrothorn
|-damage|p1a: Ferrothorn|248\/352 brn
|
|-weather|Sandstorm|[upkeep]
|-damage|p2a: Slowbro|370\/394|[from] Sandstorm
|-heal|p2a: Slowbro|394\/394|[from] item: Leftovers
|-heal|p1a: Ferrothorn|270\/352 brn|[from] item: Leftovers
|-damage|p1a: Ferrothorn|226\/352 brn|[from] brn
|turn|32
|
|switch|p2a: Zapdos|Zapdos|288\/384
|-damage|p2a: Zapdos|192\/384|[from] Stealth Rock
|-ability|p2a: Zapdos|Pressure
|switch|p1a: Altaria|Altaria, F|317\/317
|-ability|p1a: Altaria|Cloud Nine
|
|-weather|Sandstorm|[upkeep]
|-damage|p2a: Zapdos|168\/384|[from] Sandstorm
|-heal|p2a: Zapdos|192\/384|[from] item: Leftovers
|turn|33
|
|detailschange|p1a: Altaria|Altaria-Mega, F
|message|Altaria has Mega Evolved into Mega Altaria!
|move|p1a: Altaria|Dragon Dance|p1a: Altaria
|-boost|p1a: Altaria|atk|1
|-boost|p1a: Altaria|spe|1
|move|p2a: Zapdos|Defog|p1a: Altaria
|-unboost|p1a: Altaria|evasion|1
|-sideend|p2: Dayanne|Stealth Rock|[from] move: Defog|[of] p2a: Zapdos
|
|-weather|Sandstorm|[upkeep]
|-damage|p1a: Altaria|298\/317|[from] Sandstorm
|-damage|p2a: Zapdos|168\/384|[from] Sandstorm
|-heal|p2a: Zapdos|192\/384|[from] item: Leftovers
|turn|34
|
|move|p1a: Altaria|Dragon Dance|p1a: Altaria
|-boost|p1a: Altaria|atk|1
|-boost|p1a: Altaria|spe|1
|move|p2a: Zapdos|Volt Switch|p1a: Altaria
|-resisted|p1a: Altaria
|-damage|p1a: Altaria|247\/317
|
|switch|p2a: Clefable|Clefable, F|394\/394
|
|-weather|none
|turn|35
|
|move|p1a: Altaria|Frustration|p2a: Clefable
|-damage|p2a: Clefable|201\/394
|move|p2a: Clefable|Moonblast|p1a: Altaria
|-supereffective|p1a: Altaria
|-damage|p1a: Altaria|47\/317
|-unboost|p1a: Altaria|spa|1
|
|-heal|p2a: Clefable|225\/394|[from] item: Leftovers
|turn|36
|-message|Patodragon.v2 forfeited.
|
|win|Dayanne
|raw|Ladder updating...
|leave|Patodragon.v2
|player|p1
|raw|Patodragon.v2's rating: 1620 &rarr; <strong>1599<\/strong><br \/>(-21 for losing)
|raw|Dayanne's rating: 1617 &rarr; <strong>1637<\/strong><br \/>(+20 for winning)