|join|Dayanne
|join|CC Chyste
|player|p1|Dayanne|37
|player|p2|CC Chyste|53
|gametype|singles
|gen|6
|tier|OU
|rated
|clearpoke
|poke|p1|Chansey, F
|poke|p1|Zapdos
|poke|p1|Scizor, M
|poke|p1|Clefable, F
|poke|p1|Gliscor, M
|poke|p1|Slowbro, M
|poke|p2|Medicham, F
|poke|p2|Skarmory, M
|poke|p2|Keldeo
|poke|p2|Heatran, M
|poke|p2|Amoonguss, F
|poke|p2|Florges, F
|rule|Swagger Clause: Swagger is banned
|rule|Baton Pass Clause: Limit one Pokémon knowing Baton Pass
|rule|Sleep Clause Mod: Limit one foe put to sleep
|rule|Species Clause: Limit one of each Pokémon
|rule|OHKO Clause: OHKO moves are banned
|rule|Moody Clause: Moody is banned
|rule|Evasion Moves Clause: Evasion moves are banned
|rule|Endless Battle Clause: Forcing endless battles is banned
|rule|HP Percentage Mod: HP is shown in percentages
|teampreview
|
|start
|switch|p1a: Gliscor|Gliscor, M|352\/352
|switch|p2a: Heatran|Heatran, M|324\/324
|-item|p2a: Heatran|Air Balloon
|turn|1
|
|move|p2a: Heatran|Flamethrower|p1a: Gliscor
|-damage|p1a: Gliscor|183\/352
|move|p1a: Gliscor|Taunt|p2a: Heatran
|-start|p2a: Heatran|move: Taunt
|
|-status|p1a: Gliscor|tox|[from] item: Toxic Orb
|turn|2
|
|move|p2a: Heatran|Flamethrower|p1a: Gliscor
|-damage|p1a: Gliscor|27\/352 tox
|move|p1a: Gliscor|Roost|p1a: Gliscor
|-heal|p1a: Gliscor|203\/352 tox
|
|-heal|p1a: Gliscor|247\/352 tox|[from] ability: Poison Heal
|turn|3
|
|move|p2a: Heatran|Flash Cannon|p1a: Gliscor
|-damage|p1a: Gliscor|94\/352 tox
|move|p1a: Gliscor|Roost|p1a: Gliscor
|-heal|p1a: Gliscor|270\/352 tox
|
|-heal|p1a: Gliscor|314\/352 tox|[from] ability: Poison Heal
|turn|4
|
|switch|p2a: Keldeo|Keldeo|324\/324
|move|p1a: Gliscor|Knock Off|p2a: Keldeo
|-resisted|p2a: Keldeo
|-damage|p2a: Keldeo|288\/324
|-boost|p2a: Keldeo|atk|1|[from] ability: Justified
|-enditem|p2a: Keldeo|Leftovers|[from] move: Knock Off|[of] p1a: Gliscor
|
|-heal|p1a: Gliscor|352\/352 tox|[from] ability: Poison Heal
|turn|5
|
|switch|p2a: Amoonguss|Amoonguss, F|432\/432
|switch|p1a: Slowbro|Slowbro, M|394\/394
|
|turn|6
|
|switch|p1a: Gliscor|Gliscor, M|352\/352 tox
|move|p2a: Amoonguss|Spore|p1a: Gliscor
|-fail|p1a: Gliscor
|
|turn|7
|
|switch|p2a: Keldeo|Keldeo|288\/324
|move|p1a: Gliscor|Knock Off|p2a: Keldeo
|-resisted|p2a: Keldeo
|-damage|p2a: Keldeo|260\/324
|-boost|p2a: Keldeo|atk|1|[from] ability: Justified
|
|turn|8
|
|switch|p1a: Slowbro|Slowbro, M|394\/394
|move|p2a: Keldeo|Icy Wind|p1a: Slowbro
|-resisted|p1a: Slowbro
|-damage|p1a: Slowbro|352\/394
|-unboost|p1a: Slowbro|spe|1
|
|-heal|p1a: Slowbro|376\/394|[from] item: Leftovers
|turn|9
|
|move|p2a: Keldeo|Substitute|p2a: Keldeo
|-start|p2a: Keldeo|Substitute
|-damage|p2a: Keldeo|179\/324
|move|p1a: Slowbro|Thunder Wave|p2a: Keldeo
|
|-heal|p1a: Slowbro|394\/394|[from] item: Leftovers
|turn|10
|
|move|p2a: Keldeo|Hydro Pump|p1a: Slowbro
|-resisted|p1a: Slowbro
|-damage|p1a: Slowbro|270\/394
|move|p1a: Slowbro|Psyshock|p2a: Keldeo
|-supereffective|p2a: Keldeo
|-end|p2a: Keldeo|Substitute
|
|-heal|p1a: Slowbro|294\/394|[from] item: Leftovers
|turn|11
|
|switch|p2a: Skarmory|Skarmory, M|321\/321
|move|p1a: Slowbro|Thunder Wave|p2a: Skarmory
|-status|p2a: Skarmory|par
|
|-heal|p1a: Slowbro|318\/394|[from] item: Leftovers
|turn|12
|
|switch|p1a: Zapdos|Zapdos|384\/384
|-ability|p1a: Zapdos|Pressure
|cant|p2a: Skarmory|par
|
|turn|13
|
|switch|p2a: Medicham|Medicham, F|262\/262
|move|p1a: Zapdos|Volt Switch|p2a: Medicham
|-damage|p2a: Medicham|138\/262
|
|switch|p1a: Slowbro|Slowbro, M|394\/394
|
|turn|14
|-message|CC Chyste forfeited.
|
|win|Dayanne
|raw|Ladder updating...
|leave|CC Chyste
|player|p2
|raw|Dayanne's rating: 1543 &rarr; <strong>1558<\/strong><br \/>(+15 for winning)
|raw|CC Chyste's rating: 1446 &rarr; <strong>1432<\/strong><br \/>(-14 for losing)