|join|Bayonet300
|join|Dayanne
|player|p1|Bayonet300|151
|player|p2|Dayanne|37
|gametype|singles
|gen|6
|tier|OU
|rated
|clearpoke
|poke|p1|Excadrill, F
|poke|p1|Tyranitar, M
|poke|p1|Ferrothorn, F
|poke|p1|Keldeo
|poke|p1|Latios, M
|poke|p1|Gardevoir, F
|poke|p2|Chansey, F
|poke|p2|Zapdos
|poke|p2|Scizor, F
|poke|p2|Clefable, F
|poke|p2|Gliscor, M
|poke|p2|Slowbro, M
|rule|Swagger Clause: Swagger is banned
|rule|Baton Pass Clause: Limit one Pokémon knowing Baton Pass
|rule|Sleep Clause Mod: Limit one foe put to sleep
|rule|Species Clause: Limit one of each Pokémon
|rule|OHKO Clause: OHKO moves are banned
|rule|Moody Clause: Moody is banned
|rule|Evasion Moves Clause: Evasion moves are banned
|rule|Endless Battle Clause: Forcing endless battles is banned
|rule|HP Percentage Mod: HP is shown in percentages
|teampreview
|
|start
|switch|p1a: Tyranitar|Tyranitar, M|403\/403
|switch|p2a: Gliscor|Gliscor, M|352\/352
|-weather|Sandstorm
|turn|1
|
|move|p2a: Gliscor|Taunt|p1a: Tyranitar
|-start|p1a: Tyranitar|move: Taunt
|move|p1a: Tyranitar|Ice Beam|p2a: Gliscor
|-supereffective|p2a: Gliscor
|-damage|p2a: Gliscor|148\/352
|
|-weather|Sandstorm|[upkeep]
|-status|p2a: Gliscor|tox|[from] item: Toxic Orb
|turn|2
|
|move|p2a: Gliscor|Roost|p2a: Gliscor
|-heal|p2a: Gliscor|324\/352 tox
|move|p1a: Tyranitar|Ice Beam|p2a: Gliscor
|-supereffective|p2a: Gliscor
|-damage|p2a: Gliscor|210\/352 tox
|
|-weather|Sandstorm|[upkeep]
|-heal|p2a: Gliscor|254\/352 tox|[from] ability: Poison Heal
|turn|3
|
|move|p2a: Gliscor|Earthquake|p1a: Tyranitar
|-supereffective|p1a: Tyranitar
|-damage|p1a: Tyranitar|247\/403
|move|p1a: Tyranitar|Ice Beam|p2a: Gliscor
|-supereffective|p2a: Gliscor
|-damage|p2a: Gliscor|14\/352 tox
|
|-weather|Sandstorm|[upkeep]
|-heal|p2a: Gliscor|58\/352 tox|[from] ability: Poison Heal
|-end|p1a: Tyranitar|move: Taunt
|turn|4
|
|move|p2a: Gliscor|Roost|p2a: Gliscor
|-heal|p2a: Gliscor|234\/352 tox
|move|p1a: Tyranitar|Ice Beam|p2a: Gliscor
|-supereffective|p2a: Gliscor
|-damage|p2a: Gliscor|130\/352 tox
|
|-weather|Sandstorm|[upkeep]
|-heal|p2a: Gliscor|174\/352 tox|[from] ability: Poison Heal
|turn|5
|
|move|p2a: Gliscor|Roost|p2a: Gliscor
|-heal|p2a: Gliscor|350\/352 tox
|move|p1a: Tyranitar|Stealth Rock|p2a: Gliscor
|-sidestart|p2: Dayanne|move: Stealth Rock
|
|-weather|Sandstorm|[upkeep]
|-heal|p2a: Gliscor|352\/352 tox|[from] ability: Poison Heal
|turn|6
|
|switch|p1a: Latios|Latios, M|301\/301
|move|p2a: Gliscor|Earthquake|p1a: Latios
|-immune|p1a: Latios|[msg]
|
|-weather|Sandstorm|[upkeep]
|-damage|p1a: Latios|283\/301|[from] sandstorm
|turn|7
|
|move|p1a: Latios|Hidden Power|p2a: Gliscor
|-damage|p2a: Gliscor|269\/352 tox
|-damage|p1a: Latios|253\/301|[from] item: Life Orb
|move|p2a: Gliscor|Knock Off|p1a: Latios
|-supereffective|p1a: Latios
|-damage|p1a: Latios|75\/301
|-enditem|p1a: Latios|Life Orb|[from] move: Knock Off|[of] p2a: Gliscor
|
|-weather|Sandstorm|[upkeep]
|-damage|p1a: Latios|57\/301|[from] sandstorm
|-heal|p2a: Gliscor|313\/352 tox|[from] ability: Poison Heal
|turn|8
|
|move|p1a: Latios|Hidden Power|p2a: Gliscor
|-damage|p2a: Gliscor|243\/352 tox
|move|p2a: Gliscor|Roost|p2a: Gliscor
|-heal|p2a: Gliscor|352\/352 tox
|
|-weather|none
|turn|9
|
|move|p1a: Latios|Draco Meteor|p2a: Gliscor|[miss]
|-miss|p1a: Latios|p2a: Gliscor
|move|p2a: Gliscor|Knock Off|p1a: Latios
|-supereffective|p1a: Latios
|-damage|p1a: Latios|0 fnt
|faint|p1a: Latios
|
|
|switch|p1a: Keldeo|Keldeo|323\/323
|turn|10
|
|switch|p2a: Slowbro|Slowbro, M|394\/394
|-damage|p2a: Slowbro|345\/394|[from] Stealth Rock
|move|p1a: Keldeo|Hydro Pump|p2a: Slowbro
|-resisted|p2a: Slowbro
|-damage|p2a: Slowbro|181\/394
|
|-heal|p2a: Slowbro|205\/394|[from] item: Leftovers
|turn|11
|
|switch|p1a: Ferrothorn|Ferrothorn, F|352\/352
|move|p2a: Slowbro|Thunder Wave|p1a: Ferrothorn
|-status|p1a: Ferrothorn|par
|
|-heal|p2a: Slowbro|229\/394|[from] item: Leftovers
|turn|12
|
|switch|p2a: Zapdos|Zapdos|384\/384
|-damage|p2a: Zapdos|288\/384|[from] Stealth Rock
|-ability|p2a: Zapdos|Pressure
|move|p1a: Ferrothorn|Leech Seed|p2a: Zapdos
|-start|p2a: Zapdos|move: Leech Seed
|
|-heal|p2a: Zapdos|312\/384|[from] item: Leftovers
|-damage|p2a: Zapdos|264\/384|[from] Leech Seed|[of] p1a: Ferrothorn
|turn|13
|
|switch|p1a: Tyranitar|Tyranitar, M|247\/403
|-weather|Sandstorm
|move|p2a: Zapdos|Defog|p1a: Tyranitar
|-unboost|p1a: Tyranitar|evasion|1
|-sideend|p2: Dayanne|Stealth Rock|[from] move: Defog|[of] p2a: Zapdos
|
|-weather|Sandstorm|[upkeep]
|-damage|p2a: Zapdos|240\/384|[from] sandstorm
|-heal|p2a: Zapdos|264\/384|[from] item: Leftovers
|-damage|p2a: Zapdos|216\/384|[from] Leech Seed|[of] p1a: Tyranitar
|-heal|p1a: Tyranitar|295\/403|[silent]
|turn|14
|
|move|p2a: Zapdos|Volt Switch|p1a: Tyranitar
|-damage|p1a: Tyranitar|226\/403
|
|switch|p2a: Gliscor|Gliscor, M|352\/352 tox
|move|p1a: Tyranitar|Stealth Rock|p2a: Gliscor
|-sidestart|p2: Dayanne|move: Stealth Rock
|
|-weather|Sandstorm|[upkeep]
|turn|15
|
|move|p2a: Gliscor|Earthquake|p1a: Tyranitar
|-supereffective|p1a: Tyranitar
|-damage|p1a: Tyranitar|68\/403
|move|p1a: Tyranitar|Ice Beam|p2a: Gliscor
|-supereffective|p2a: Gliscor
|-damage|p2a: Gliscor|136\/352 tox
|
|-weather|Sandstorm|[upkeep]
|-heal|p2a: Gliscor|180\/352 tox|[from] ability: Poison Heal
|turn|16
|
|move|p2a: Gliscor|Roost|p2a: Gliscor
|-heal|p2a: Gliscor|352\/352 tox
|move|p1a: Tyranitar|Ice Beam|p2a: Gliscor
|-crit|p2a: Gliscor
|-supereffective|p2a: Gliscor
|-damage|p2a: Gliscor|176\/352 tox
|
|-weather|Sandstorm|[upkeep]
|-heal|p2a: Gliscor|220\/352 tox|[from] ability: Poison Heal
|turn|17
|
|move|p2a: Gliscor|Earthquake|p1a: Tyranitar
|-supereffective|p1a: Tyranitar
|-damage|p1a: Tyranitar|0 fnt
|faint|p1a: Tyranitar
|
|-weather|Sandstorm|[upkeep]
|-heal|p2a: Gliscor|264\/352 tox|[from] ability: Poison Heal
|
|switch|p1a: Keldeo|Keldeo|323\/323
|turn|18
|
|switch|p2a: Slowbro|Slowbro, M|360\/394
|-damage|p2a: Slowbro|311\/394|[from] Stealth Rock
|move|p1a: Keldeo|Hydro Pump|p2a: Slowbro
|-resisted|p2a: Slowbro
|-damage|p2a: Slowbro|127\/394
|
|-weather|Sandstorm|[upkeep]
|-damage|p1a: Keldeo|303\/323|[from] sandstorm
|-damage|p2a: Slowbro|103\/394|[from] sandstorm
|-heal|p2a: Slowbro|127\/394|[from] item: Leftovers
|turn|19
|
|switch|p2a: Chansey|Chansey, F|704\/704
|-damage|p2a: Chansey|616\/704|[from] Stealth Rock
|move|p1a: Keldeo|Hydro Pump|p2a: Chansey
|-damage|p2a: Chansey|445\/704
|
|-weather|Sandstorm|[upkeep]
|-damage|p1a: Keldeo|283\/323|[from] sandstorm
|-damage|p2a: Chansey|401\/704|[from] sandstorm
|turn|20
|
|switch|p1a: Excadrill|Excadrill, F|361\/361
|-item|p1a: Excadrill|Air Balloon
|move|p2a: Chansey|Soft-Boiled|p2a: Chansey
|-heal|p2a: Chansey|704\/704
|
|-weather|none
|turn|21
|
|switch|p2a: Scizor|Scizor, F|344\/344
|-damage|p2a: Scizor|301\/344|[from] Stealth Rock
|move|p1a: Excadrill|Iron Head|p2a: Scizor
|-resisted|p2a: Scizor
|-damage|p2a: Scizor|248\/344
|
|turn|22
|
|switch|p1a: Keldeo|Keldeo|283\/323
|detailschange|p2a: Scizor|Scizor-Mega, F
|-mega|p2a: Scizor|Scizor|Scizorite
|move|p2a: Scizor|Roost|p2a: Scizor
|-heal|p2a: Scizor|344\/344
|
|turn|23
|
|switch|p2a: Slowbro|Slowbro, M|258\/394
|-damage|p2a: Slowbro|209\/394|[from] Stealth Rock
|move|p1a: Keldeo|Hydro Pump|p2a: Slowbro
|-resisted|p2a: Slowbro
|-damage|p2a: Slowbro|44\/394
|
|-heal|p2a: Slowbro|68\/394|[from] item: Leftovers
|turn|24
|
|switch|p2a: Chansey|Chansey, F|704\/704
|-damage|p2a: Chansey|616\/704|[from] Stealth Rock
|move|p1a: Keldeo|Hydro Pump|p2a: Chansey
|-damage|p2a: Chansey|421\/704
|
|turn|25
|
|switch|p1a: Gardevoir|Gardevoir, F|277\/277
|-ability|p1a: Gardevoir|Natural Cure|[from] ability: Trace|[of] p2a: Chansey
|move|p2a: Chansey|Soft-Boiled|p2a: Chansey
|-heal|p2a: Chansey|704\/704
|
|turn|26
|
|detailschange|p1a: Gardevoir|Gardevoir-Mega, F
|-mega|p1a: Gardevoir|Gardevoir|Gardevoirite
|move|p1a: Gardevoir|Focus Blast|p2a: Chansey
|-supereffective|p2a: Chansey
|-damage|p2a: Chansey|482\/704
|move|p2a: Chansey|Seismic Toss|p1a: Gardevoir
|-damage|p1a: Gardevoir|177\/277
|
|turn|27
|
|move|p1a: Gardevoir|Psyshock|p2a: Chansey
|-damage|p2a: Chansey|259\/704
|move|p2a: Chansey|Seismic Toss|p1a: Gardevoir
|-damage|p1a: Gardevoir|77\/277
|
|turn|28
|
|move|p1a: Gardevoir|Taunt|p2a: Chansey
|-start|p2a: Chansey|move: Taunt
|cant|p2a: Chansey|move: Taunt|Soft-Boiled
|
|turn|29
|
|move|p1a: Gardevoir|Psyshock|p2a: Chansey
|-damage|p2a: Chansey|54\/704
|move|p2a: Chansey|Seismic Toss|p1a: Gardevoir
|-damage|p1a: Gardevoir|0 fnt
|faint|p1a: Gardevoir
|
|
|switch|p1a: Excadrill|Excadrill, F|361\/361
|-item|p1a: Excadrill|Air Balloon
|turn|30
|
|switch|p2a: Gliscor|Gliscor, M|264\/352 tox
|-damage|p2a: Gliscor|220\/352 tox|[from] Stealth Rock
|move|p1a: Excadrill|Rock Slide|p2a: Gliscor
|-damage|p2a: Gliscor|142\/352 tox
|
|-heal|p2a: Gliscor|186\/352 tox|[from] ability: Poison Heal
|turn|31
|
|switch|p1a: Keldeo|Keldeo|283\/323
|move|p2a: Gliscor|Roost|p2a: Gliscor
|-heal|p2a: Gliscor|352\/352 tox
|
|turn|32
|
|switch|p2a: Chansey|Chansey, F|54\/704
|-damage|p2a: Chansey|0 fnt|[from] Stealth Rock
|faint|p2a: Chansey
|move|p1a: Keldeo|Scald|p2: Chansey|[notarget]
|-notarget
|
|
|switch|p2a: Slowbro|Slowbro, M|199\/394
|-damage|p2a: Slowbro|150\/394|[from] Stealth Rock
|turn|33
|
|switch|p1a: Ferrothorn|Ferrothorn, F|352\/352 par
|switch|p2a: Zapdos|Zapdos|216\/384
|-damage|p2a: Zapdos|120\/384|[from] Stealth Rock
|-ability|p2a: Zapdos|Pressure
|
|-heal|p2a: Zapdos|144\/384|[from] item: Leftovers
|turn|34
|
|move|p2a: Zapdos|Defog|p1a: Ferrothorn
|-unboost|p1a: Ferrothorn|evasion|1
|-sideend|p2: Dayanne|Stealth Rock|[from] move: Defog|[of] p2a: Zapdos
|move|p1a: Ferrothorn|Leech Seed|p2a: Zapdos|[miss]
|-miss|p1a: Ferrothorn|p2a: Zapdos
|
|-heal|p2a: Zapdos|168\/384|[from] item: Leftovers
|turn|35
|
|switch|p1a: Excadrill|Excadrill, F|361\/361
|-item|p1a: Excadrill|Air Balloon
|move|p2a: Zapdos|Heat Wave|p1a: Excadrill
|-supereffective|p1a: Excadrill
|-damage|p1a: Excadrill|101\/361
|-enditem|p1a: Excadrill|Air Balloon
|
|-heal|p2a: Zapdos|192\/384|[from] item: Leftovers
|turn|36
|
|switch|p2a: Scizor|Scizor-Mega, F|344\/344
|move|p1a: Excadrill|Rock Slide|p2a: Scizor
|-damage|p2a: Scizor|295\/344
|
|turn|37
|
|switch|p1a: Keldeo|Keldeo|283\/323
|switch|p2a: Slowbro|Slowbro, M|281\/394
|
|-heal|p2a: Slowbro|305\/394|[from] item: Leftovers
|turn|38
|
|move|p1a: Keldeo|Hydro Pump|p2a: Slowbro
|-resisted|p2a: Slowbro
|-damage|p2a: Slowbro|126\/394
|move|p2a: Slowbro|Psyshock|p1a: Keldeo
|-supereffective|p1a: Keldeo
|-damage|p1a: Keldeo|85\/323
|
|-heal|p2a: Slowbro|150\/394|[from] item: Leftovers
|turn|39
|
|switch|p2a: Clefable|Clefable, F|394\/394
|move|p1a: Keldeo|Hydro Pump|p2a: Clefable
|-damage|p2a: Clefable|93\/394
|
|-heal|p2a: Clefable|117\/394|[from] item: Leftovers
|turn|40
|
|move|p2a: Clefable|Protect|p2a: Clefable
|-singleturn|p2a: Clefable|Protect
|move|p1a: Keldeo|Hydro Pump|p2a: Clefable
|-activate|p2a: Clefable|Protect
|
|-heal|p2a: Clefable|141\/394|[from] item: Leftovers
|turn|41
|
|switch|p1a: Excadrill|Excadrill, F|101\/361
|switch|p2a: Slowbro|Slowbro, M|281\/394
|
|-heal|p2a: Slowbro|305\/394|[from] item: Leftovers
|turn|42
|
|switch|p1a: Ferrothorn|Ferrothorn, F|352\/352 par
|move|p2a: Slowbro|Scald|p1a: Ferrothorn
|-resisted|p1a: Ferrothorn
|-damage|p1a: Ferrothorn|322\/352 par
|
|-heal|p2a: Slowbro|329\/394|[from] item: Leftovers
|-heal|p1a: Ferrothorn|344\/352 par|[from] item: Leftovers
|turn|43
|
|switch|p2a: Zapdos|Zapdos|192\/384
|-ability|p2a: Zapdos|Pressure
|move|p1a: Ferrothorn|Leech Seed|p2a: Zapdos
|-start|p2a: Zapdos|move: Leech Seed
|
|-heal|p2a: Zapdos|216\/384|[from] item: Leftovers
|-heal|p1a: Ferrothorn|352\/352 par|[from] item: Leftovers
|-damage|p2a: Zapdos|168\/384|[from] Leech Seed|[of] p1a: Ferrothorn
|turn|44
|
|switch|p2a: Slowbro|Slowbro, M|394\/394
|switch|p1a: Keldeo|Keldeo|85\/323
|
|turn|45
|
|switch|p1a: Ferrothorn|Ferrothorn, F|352\/352 par
|move|p2a: Slowbro|Psyshock|p1a: Ferrothorn
|-resisted|p1a: Ferrothorn
|-damage|p1a: Ferrothorn|319\/352 par
|
|-heal|p1a: Ferrothorn|341\/352 par|[from] item: Leftovers
|turn|46
|
|switch|p2a: Scizor|Scizor-Mega, F|295\/344
|move|p1a: Ferrothorn|Leech Seed|p2a: Scizor
|-start|p2a: Scizor|move: Leech Seed
|
|-heal|p1a: Ferrothorn|352\/352 par|[from] item: Leftovers
|-damage|p2a: Scizor|252\/344|[from] Leech Seed|[of] p1a: Ferrothorn
|turn|47
|
|switch|p2a: Slowbro|Slowbro, M|394\/394
|cant|p1a: Ferrothorn|par
|
|turn|48
|
|switch|p2a: Zapdos|Zapdos|168\/384
|-ability|p2a: Zapdos|Pressure
|move|p1a: Ferrothorn|Power Whip|p2a: Zapdos|[miss]
|-miss|p1a: Ferrothorn|p2a: Zapdos
|
|-heal|p2a: Zapdos|192\/384|[from] item: Leftovers
|turn|49
|
|switch|p1a: Keldeo|Keldeo|85\/323
|move|p2a: Zapdos|Heat Wave|p1a: Keldeo
|-resisted|p1a: Keldeo
|-damage|p1a: Keldeo|33\/323
|
|-heal|p2a: Zapdos|216\/384|[from] item: Leftovers
|turn|50
|
|move|p1a: Keldeo|Scald|p2a: Zapdos
|-damage|p2a: Zapdos|0 fnt
|faint|p2a: Zapdos
|
|
|switch|p2a: Slowbro|Slowbro, M|394\/394
|turn|51
|
|switch|p1a: Ferrothorn|Ferrothorn, F|352\/352 par
|move|p2a: Slowbro|Psyshock|p1a: Ferrothorn
|-resisted|p1a: Ferrothorn
|-damage|p1a: Ferrothorn|316\/352 par
|
|-heal|p1a: Ferrothorn|338\/352 par|[from] item: Leftovers
|turn|52
|
|switch|p2a: Gliscor|Gliscor, M|352\/352 tox
|move|p1a: Ferrothorn|Leech Seed|p2a: Gliscor
|-start|p2a: Gliscor|move: Leech Seed
|
|-heal|p1a: Ferrothorn|352\/352 par|[from] item: Leftovers
|-damage|p2a: Gliscor|308\/352 tox|[from] Leech Seed|[of] p1a: Ferrothorn
|-heal|p2a: Gliscor|352\/352 tox|[from] ability: Poison Heal
|turn|53
|
|switch|p2a: Scizor|Scizor-Mega, F|252\/344
|move|p1a: Ferrothorn|Power Whip|p2a: Scizor
|-resisted|p2a: Scizor
|-damage|p2a: Scizor|232\/344
|
|turn|54
|
|move|p2a: Scizor|Swords Dance|p2a: Scizor
|-boost|p2a: Scizor|atk|2
|cant|p1a: Ferrothorn|par
|
|turn|55
|
|move|p2a: Scizor|Superpower|p1a: Ferrothorn
|-supereffective|p1a: Ferrothorn
|-damage|p1a: Ferrothorn|0 fnt
|-damage|p2a: Scizor|189\/344|[from] ability: Iron Barbs|[of] p1a: Ferrothorn
|-unboost|p2a: Scizor|atk|1
|-unboost|p2a: Scizor|def|1
|faint|p1a: Ferrothorn
|
|
|switch|p1a: Excadrill|Excadrill, F|101\/361
|turn|56
|
|switch|p2a: Slowbro|Slowbro, M|394\/394
|move|p1a: Excadrill|Earthquake|p2a: Slowbro
|-damage|p2a: Slowbro|265\/394
|
|-heal|p2a: Slowbro|289\/394|[from] item: Leftovers
|turn|57
|
|move|p1a: Excadrill|Earthquake|p2a: Slowbro
|-damage|p2a: Slowbro|162\/394
|move|p2a: Slowbro|Scald|p1a: Excadrill
|-supereffective|p1a: Excadrill
|-damage|p1a: Excadrill|0 fnt
|faint|p1a: Excadrill
|
|-heal|p2a: Slowbro|186\/394|[from] item: Leftovers
|
|switch|p1a: Keldeo|Keldeo|33\/323
|turn|58
|
|move|p1a: Keldeo|Scald|p2a: Slowbro
|-resisted|p2a: Slowbro
|-damage|p2a: Slowbro|48\/394
|move|p2a: Slowbro|Scald|p1a: Keldeo
|-crit|p1a: Keldeo
|-resisted|p1a: Keldeo
|-damage|p1a: Keldeo|0 fnt
|faint|p1a: Keldeo
|
|win|Dayanne
|raw|Ladder updating...
|c|★Bayonet300|gg
|raw|Bayonet300's rating: 1490 &rarr; <strong>1476<\/strong><br \/>(-14 for losing)
|raw|Dayanne's rating: 1594 &rarr; <strong>1610<\/strong><br \/>(+16 for winning)
|leave|Bayonet300
|player|p1