|join|roark201
|join|Messuduppotatoasia
|player|p1|roark201|1
|player|p2|Messuduppotatoasia|142
|gametype|singles
|gen|6
|tier|OU
|rated
|clearpoke
|poke|p1|Quagsire, F
|poke|p1|Mew
|poke|p1|Gothitelle, M
|poke|p1|Dugtrio, M
|poke|p1|Chansey, F
|poke|p1|Skarmory, M
|poke|p2|Landorus-Therian, M
|poke|p2|Raikou
|poke|p2|Ferrothorn, M
|poke|p2|Heatran, F
|poke|p2|Latios, M
|poke|p2|Gyarados, F
|rule|Swagger Clause: Swagger is banned
|rule|Baton Pass Clause: Limit one Pokémon knowing Baton Pass
|rule|Sleep Clause Mod: Limit one foe put to sleep
|rule|Species Clause: Limit one of each Pokémon
|rule|OHKO Clause: OHKO moves are banned
|rule|Moody Clause: Moody is banned
|rule|Evasion Moves Clause: Evasion moves are banned
|rule|Endless Battle Clause: Forcing endless battles is banned
|rule|HP Percentage Mod: HP is shown in percentages
|teampreview
|
|start
|switch|p1a: whack-a-mole|Dugtrio, M|206\/206
|switch|p2a: Latios|Latios, M|301\/301
|turn|1
|
|switch|p1a: cotton candy|Mew|404\/404
|move|p2a: Latios|Psyshock|p1a: cotton candy
|-crit|p1a: cotton candy
|-resisted|p1a: cotton candy
|-damage|p1a: cotton candy|252\/404
|-damage|p2a: Latios|271\/301|[from] item: Life Orb
|
|-heal|p1a: cotton candy|277\/404|[from] item: Leftovers
|turn|2
|
|switch|p1a: Humpty Dump|Chansey, F|704\/704
|move|p2a: Latios|Draco Meteor|p1a: Humpty Dump
|-damage|p1a: Humpty Dump|512\/704
|-unboost|p2a: Latios|spa|2
|-damage|p2a: Latios|241\/301|[from] item: Life Orb
|
|turn|3
|
|switch|p2a: Ferrothorn|Ferrothorn, M|352\/352
|move|p1a: Humpty Dump|Wish|p1a: Humpty Dump
|
|turn|4
|
|switch|p1a: emo goth|Gothitelle, M|301\/301
|move|p2a: Ferrothorn|Leech Seed|p1a: emo goth
|-start|p1a: emo goth|move: Leech Seed
|
|-damage|p1a: emo goth|264\/301|[from] Leech Seed|[of] p2a: Ferrothorn
|turn|5
|
|move|p1a: emo goth|Trick|p2a: Ferrothorn
|-activate|p1a: emo goth|move: Trick|[of] p2a: Ferrothorn
|-item|p2a: Ferrothorn|Choice Scarf|[from] move: Trick
|-item|p1a: emo goth|Leftovers|[from] move: Trick
|move|p2a: Ferrothorn|Gyro Ball|p1a: emo goth
|-damage|p1a: emo goth|156\/301
|
|-heal|p1a: emo goth|174\/301|[from] item: Leftovers
|-damage|p1a: emo goth|137\/301|[from] Leech Seed|[of] p2a: Ferrothorn
|turn|6
|
|move|p1a: emo goth|Rest|p1a: emo goth
|-status|p1a: emo goth|slp
|-heal|p1a: emo goth|301\/301 slp|[silent]
|-status|p1a: emo goth|slp|[from] move: Rest
|move|p2a: Ferrothorn|Gyro Ball|p1a: emo goth
|-damage|p1a: emo goth|187\/301 slp
|
|-heal|p1a: emo goth|205\/301 slp|[from] item: Leftovers
|-damage|p1a: emo goth|168\/301 slp|[from] Leech Seed|[of] p2a: Ferrothorn
|turn|7
|
|switch|p1a: cotton candy|Mew|277\/404
|move|p2a: Ferrothorn|Gyro Ball|p1a: cotton candy
|-damage|p1a: cotton candy|157\/404
|
|-heal|p1a: cotton candy|182\/404|[from] item: Leftovers
|turn|8
|
|switch|p2a: Heatran|Heatran, F|323\/323
|move|p1a: cotton candy|Stealth Rock|p2a: Heatran
|-sidestart|p2: Messuduppotatoasia|move: Stealth Rock
|
|-heal|p1a: cotton candy|207\/404|[from] item: Leftovers
|turn|9
|
|switch|p1a: whack-a-mole|Dugtrio, M|206\/206
|move|p2a: Heatran|Overheat|p1a: whack-a-mole
|-enditem|p1a: whack-a-mole|Focus Sash
|-damage|p1a: whack-a-mole|1\/206
|-unboost|p2a: Heatran|spa|2
|
|turn|10
|
|move|p2a: Heatran|Overheat|p1a: whack-a-mole
|-damage|p1a: whack-a-mole|0 fnt
|-unboost|p2a: Heatran|spa|2
|faint|p1a: whack-a-mole
|
|
|switch|p1a: emo goth|Gothitelle, M|168\/301 slp
|turn|11
|
|move|p2a: Heatran|Overheat|p1a: emo goth
|-damage|p1a: emo goth|83\/301 slp
|-unboost|p2a: Heatran|spa|2
|cant|p1a: emo goth|slp
|
|-heal|p1a: emo goth|101\/301 slp|[from] item: Leftovers
|turn|12
|
|move|p2a: Heatran|Overheat|p1a: emo goth
|-damage|p1a: emo goth|43\/301 slp
|cant|p1a: emo goth|slp
|
|-heal|p1a: emo goth|61\/301 slp|[from] item: Leftovers
|turn|13
|
|move|p2a: Heatran|Overheat|p1a: emo goth|[miss]
|-miss|p2a: Heatran|p1a: emo goth
|-curestatus|p1a: emo goth|slp
|move|p1a: emo goth|Rest|p1a: emo goth
|-status|p1a: emo goth|slp
|-heal|p1a: emo goth|301\/301 slp|[silent]
|-status|p1a: emo goth|slp|[from] move: Rest
|
|turn|14
|
|move|p2a: Heatran|Overheat|p1a: emo goth
|-damage|p1a: emo goth|241\/301 slp
|cant|p1a: emo goth|slp
|
|-heal|p1a: emo goth|259\/301 slp|[from] item: Leftovers
|turn|15
|c|★roark201|!data overheat
|c|~|\/data-move Overheat

|
|move|p2a: Heatran|Overheat|p1a: emo goth
|-damage|p1a: emo goth|199\/301 slp
|cant|p1a: emo goth|slp
|
|-heal|p1a: emo goth|217\/301 slp|[from] item: Leftovers
|turn|16
|
|move|p2a: Heatran|Overheat|p1a: emo goth
|-damage|p1a: emo goth|162\/301 slp
|-curestatus|p1a: emo goth|slp
|move|p1a: emo goth|Rest|p1a: emo goth
|-status|p1a: emo goth|slp
|-heal|p1a: emo goth|301\/301 slp|[silent]
|-status|p1a: emo goth|slp|[from] move: Rest
|
|turn|17
|
|-activate|p2a: Heatran|move: Struggle
|move|p2a: Heatran|Struggle|p1a: emo goth
|-crit|p1a: emo goth
|-damage|p1a: emo goth|252\/301 slp
|-damage|p2a: Heatran|243\/323
|cant|p1a: emo goth|slp
|
|-heal|p1a: emo goth|270\/301 slp|[from] item: Leftovers
|turn|18
|
|-activate|p2a: Heatran|move: Struggle
|move|p2a: Heatran|Struggle|p1a: emo goth
|-crit|p1a: emo goth
|-damage|p1a: emo goth|218\/301 slp
|-damage|p2a: Heatran|163\/323
|cant|p1a: emo goth|slp
|
|-heal|p1a: emo goth|236\/301 slp|[from] item: Leftovers
|turn|19
|
|-activate|p2a: Heatran|move: Struggle
|move|p2a: Heatran|Struggle|p1a: emo goth
|-damage|p1a: emo goth|203\/301 slp
|-damage|p2a: Heatran|83\/323
|-curestatus|p1a: emo goth|slp
|move|p1a: emo goth|Taunt|p2a: Heatran
|-start|p2a: Heatran|move: Taunt
|
|-heal|p1a: emo goth|221\/301|[from] item: Leftovers
|turn|20
|
|-activate|p2a: Heatran|move: Struggle
|move|p2a: Heatran|Struggle|p1a: emo goth
|-damage|p1a: emo goth|189\/301
|-damage|p2a: Heatran|3\/323
|move|p1a: emo goth|Trick|p2a: Heatran
|-activate|p1a: emo goth|move: Trick|[of] p2a: Heatran
|-item|p2a: Heatran|Leftovers|[from] move: Trick
|-item|p1a: emo goth|Choice Scarf|[from] move: Trick
|
|-heal|p2a: Heatran|23\/323|[from] item: Leftovers
|turn|21
|
|move|p1a: emo goth|Psyshock|p2a: Heatran
|-resisted|p2a: Heatran
|-damage|p2a: Heatran|0 fnt
|faint|p2a: Heatran
|
|
|switch|p2a: Latios|Latios, M|241\/301
|-damage|p2a: Latios|204\/301|[from] Stealth Rock
|turn|22
|
|switch|p1a: Humpty Dump|Chansey, F|512\/704
|move|p2a: Latios|Defog|p1a: Humpty Dump
|-unboost|p1a: Humpty Dump|evasion|1
|-sideend|p2: Messuduppotatoasia|Stealth Rock|[from] move: Defog|[of] p2a: Latios
|
|turn|23
|
|switch|p2a: Ferrothorn|Ferrothorn, M|352\/352
|move|p1a: Humpty Dump|Wish|p1a: Humpty Dump
|
|turn|24
|
|switch|p1a: emo goth|Gothitelle, M|189\/301
|move|p2a: Ferrothorn|Gyro Ball|p1a: emo goth
|-damage|p1a: emo goth|26\/301
|
|-heal|p1a: emo goth|301\/301|[from] move: Wish|[wisher] Humpty Dump
|turn|25
|
|switch|p1a: Humpty Dump|Chansey, F|512\/704
|move|p2a: Ferrothorn|Gyro Ball|p1a: Humpty Dump
|-damage|p1a: Humpty Dump|437\/704
|
|turn|26
|
|switch|p2a: Latios|Latios, M|204\/301
|move|p1a: Humpty Dump|Wish|p1a: Humpty Dump
|
|turn|27
|
|move|p1a: Humpty Dump|Protect|p1a: Humpty Dump
|-singleturn|p1a: Humpty Dump|Protect
|move|p2a: Latios|Draco Meteor|p1a: Humpty Dump
|-activate|p1a: Humpty Dump|Protect
|
|-heal|p1a: Humpty Dump|704\/704|[from] move: Wish|[wisher] Humpty Dump
|turn|28
|
|move|p2a: Latios|Psyshock|p1a: Humpty Dump
|-damage|p1a: Humpty Dump|438\/704
|-damage|p2a: Latios|174\/301|[from] item: Life Orb
|move|p1a: Humpty Dump|Seismic Toss|p2a: Latios
|-damage|p2a: Latios|74\/301
|
|turn|29
|
|switch|p2a: Gyarados|Gyarados, F|339\/339
|-ability|p2a: Gyarados|Intimidate|[of] p1a: Humpty Dump
|-unboost|p1a: Humpty Dump|atk|1
|move|p1a: Humpty Dump|Seismic Toss|p2a: Gyarados
|-damage|p2a: Gyarados|239\/339
|
|turn|30
|
|switch|p1a: Sire of Q|Quagsire, F|394\/394
|detailschange|p2a: Gyarados|Gyarados-Mega, F
|message|Gyarados has Mega Evolved into Mega Gyarados!
|-ability|p2a: Gyarados|Mold Breaker
|move|p2a: Gyarados|Dragon Dance|p2a: Gyarados
|-boost|p2a: Gyarados|atk|1
|-boost|p2a: Gyarados|spe|1
|
|turn|31
|
|move|p2a: Gyarados|Waterfall|p1a: Sire of Q
|-damage|p1a: Sire of Q|198\/394
|move|p1a: Sire of Q|Toxic|p2a: Gyarados
|-status|p2a: Gyarados|tox
|
|-damage|p2a: Gyarados|218\/339 tox|[from] psn
|turn|32
|
|switch|p1a: Iago|Skarmory, M|332\/332
|move|p2a: Gyarados|Taunt|p1a: Iago
|-start|p1a: Iago|move: Taunt
|
|-damage|p2a: Gyarados|176\/339 tox|[from] psn
|turn|33
|
|move|p2a: Gyarados|Waterfall|p1a: Iago
|-damage|p1a: Iago|187\/332
|-enditem|p1a: Iago|Red Card|[of] p2a: Gyarados
|drag|p2a: Latios|Latios, M|74\/301
|move|p1a: Iago|Brave Bird|p2a: Latios
|-damage|p2a: Latios|0 fnt
|-damage|p1a: Iago|163\/332|[from] recoil|[of] p2a: Latios
|faint|p2a: Latios
|
|
|switch|p2a: Raikou|Raikou|321\/321
|-ability|p2a: Raikou|Pressure
|turn|34
|
|switch|p1a: Humpty Dump|Chansey, F|438\/704
|move|p2a: Raikou|Volt Switch|p1a: Humpty Dump
|-damage|p1a: Humpty Dump|369\/704
|
|switch|p2a: Gyarados|Gyarados-Mega, F|176\/339 tox
|-ability|p2a: Gyarados|Mold Breaker
|
|-damage|p2a: Gyarados|155\/339 tox|[from] psn
|turn|35
|
|move|p2a: Gyarados|Taunt|p1a: Humpty Dump
|-start|p1a: Humpty Dump|move: Taunt
|cant|p1a: Humpty Dump|move: Taunt|Wish
|
|-damage|p2a: Gyarados|113\/339 tox|[from] psn
|turn|36
|
|switch|p1a: Iago|Skarmory, M|163\/332
|move|p2a: Gyarados|Waterfall|p1a: Iago
|-damage|p1a: Iago|66\/332
|
|-damage|p2a: Gyarados|50\/339 tox|[from] psn
|turn|37
|
|move|p2a: Gyarados|Waterfall|p1a: Iago
|-damage|p1a: Iago|0 fnt
|faint|p1a: Iago
|
|-damage|p2a: Gyarados|0 fnt|[from] psn
|faint|p2a: Gyarados
|
|switch|p1a: emo goth|Gothitelle, M|301\/301
|switch|p2a: Landorus-Therian|Landorus-Therian, M|382\/382
|-ability|p2a: Landorus-Therian|Intimidate|[of] p1a: emo goth
|-unboost|p1a: emo goth|atk|1
|turn|38
|
|move|p1a: emo goth|Trick|p2a: Landorus-Therian
|-activate|p1a: emo goth|move: Trick|[of] p2a: Landorus-Therian
|-item|p2a: Landorus-Therian|Choice Scarf|[from] move: Trick
|-item|p1a: emo goth|Rocky Helmet|[from] move: Trick
|move|p2a: Landorus-Therian|U-turn|p1a: emo goth
|-supereffective|p1a: emo goth
|-damage|p1a: emo goth|147\/301
|-damage|p2a: Landorus-Therian|319\/382|[from] item: Rocky Helmet|[of] p1a: emo goth
|
|switch|p2a: Raikou|Raikou|321\/321
|-ability|p2a: Raikou|Pressure
|
|turn|39
|
|switch|p1a: Humpty Dump|Chansey, F|369\/704
|move|p2a: Raikou|Volt Switch|p1a: Humpty Dump
|-damage|p1a: Humpty Dump|294\/704
|
|switch|p2a: Ferrothorn|Ferrothorn, M|352\/352
|
|turn|40
|
|move|p1a: Humpty Dump|Wish|p1a: Humpty Dump
|move|p2a: Ferrothorn|Spikes|p1a: Humpty Dump
|-sidestart|p1: roark201|Spikes
|
|turn|41
|
|move|p1a: Humpty Dump|Seismic Toss|p2a: Ferrothorn
|-damage|p2a: Ferrothorn|252\/352
|-damage|p1a: Humpty Dump|206\/704|[from] ability: Iron Barbs|[of] p2a: Ferrothorn
|move|p2a: Ferrothorn|Spikes|p1a: Humpty Dump
|-sidestart|p1: roark201|Spikes
|
|-heal|p1a: Humpty Dump|558\/704|[from] move: Wish|[wisher] Humpty Dump
|turn|42
|
|move|p1a: Humpty Dump|Wish|p1a: Humpty Dump
|move|p2a: Ferrothorn|Spikes|p1a: Humpty Dump
|-sidestart|p1: roark201|Spikes
|
|turn|43
|
|switch|p2a: Landorus-Therian|Landorus-Therian, M|319\/382
|-ability|p2a: Landorus-Therian|Intimidate|[of] p1a: Humpty Dump
|-unboost|p1a: Humpty Dump|atk|1
|move|p1a: Humpty Dump|Seismic Toss|p2a: Landorus-Therian
|-damage|p2a: Landorus-Therian|219\/382
|
|-heal|p1a: Humpty Dump|704\/704|[from] move: Wish|[wisher] Humpty Dump
|turn|44
|
|move|p1a: Humpty Dump|Protect|p1a: Humpty Dump
|-singleturn|p1a: Humpty Dump|Protect
|move|p2a: Landorus-Therian|Stealth Rock|p1a: Humpty Dump
|-sidestart|p1: roark201|move: Stealth Rock
|
|turn|45
|
|switch|p2a: Ferrothorn|Ferrothorn, M|252\/352
|move|p1a: Humpty Dump|Seismic Toss|p2a: Ferrothorn
|-damage|p2a: Ferrothorn|152\/352
|-damage|p1a: Humpty Dump|616\/704|[from] ability: Iron Barbs|[of] p2a: Ferrothorn
|
|turn|46
|
|switch|p1a: emo goth|Gothitelle, M|147\/301
|-damage|p1a: emo goth|72\/301|[from] Spikes
|-damage|p1a: emo goth|35\/301|[from] Stealth Rock
|move|p2a: Ferrothorn|Leech Seed|p1a: emo goth
|-start|p1a: emo goth|move: Leech Seed
|
|-damage|p1a: emo goth|0 fnt|[from] Leech Seed|[of] p2a: Ferrothorn
|-heal|p2a: Ferrothorn|187\/352|[silent]
|faint|p1a: emo goth
|
|switch|p1a: cotton candy|Mew|207\/404
|-damage|p1a: cotton candy|157\/404|[from] Stealth Rock
|-damage|p1a: cotton candy|56\/404|[from] Spikes
|turn|47
|
|move|p1a: cotton candy|Soft-Boiled|p1a: cotton candy
|-heal|p1a: cotton candy|258\/404
|move|p2a: Ferrothorn|Leech Seed|p1a: cotton candy
|-start|p1a: cotton candy|move: Leech Seed
|
|-heal|p1a: cotton candy|283\/404|[from] item: Leftovers
|-damage|p1a: cotton candy|233\/404|[from] Leech Seed|[of] p2a: Ferrothorn
|-heal|p2a: Ferrothorn|237\/352|[silent]
|turn|48
|
|switch|p2a: Raikou|Raikou|321\/321
|-ability|p2a: Raikou|Pressure
|move|p1a: cotton candy|Defog|p2a: Raikou
|-unboost|p2a: Raikou|evasion|1
|-sideend|p1: roark201|Spikes|[from] move: Defog|[of] p1a: cotton candy
|-sideend|p1: roark201|Stealth Rock|[from] move: Defog|[of] p1a: cotton candy
|
|-heal|p1a: cotton candy|258\/404|[from] item: Leftovers
|-damage|p1a: cotton candy|208\/404|[from] Leech Seed|[of] p2a: Raikou
|turn|49
|
|switch|p1a: Humpty Dump|Chansey, F|616\/704
|move|p2a: Raikou|Volt Switch|p1a: Humpty Dump
|-damage|p1a: Humpty Dump|538\/704
|
|switch|p2a: Ferrothorn|Ferrothorn, M|237\/352
|
|turn|50
|
|move|p1a: Humpty Dump|Wish|p1a: Humpty Dump
|move|p2a: Ferrothorn|Spikes|p1a: Humpty Dump
|-sidestart|p1: roark201|Spikes
|
|turn|51
|
|switch|p1a: cotton candy|Mew|208\/404
|-damage|p1a: cotton candy|158\/404|[from] Spikes
|move|p2a: Ferrothorn|Spikes|p1a: cotton candy
|-sidestart|p1: roark201|Spikes
|
|-heal|p1a: cotton candy|404\/404|[from] move: Wish|[wisher] Humpty Dump
|turn|52
|
|move|p1a: cotton candy|Will-O-Wisp|p2a: Ferrothorn
|-status|p2a: Ferrothorn|brn
|move|p2a: Ferrothorn|Spikes|p1a: cotton candy
|-sidestart|p1: roark201|Spikes
|
|-damage|p2a: Ferrothorn|193\/352 brn|[from] brn
|turn|53
|-message|Messuduppotatoasia forfeited.
|
|win|roark201
|raw|Ladder updating...
|leave|Messuduppotatoasia
|player|p2
|raw|roark201's rating: 1706 &rarr; <strong>1728<\/strong><br \/>(+22 for winning)
|raw|Messuduppotatoasia's rating: 1753 &rarr; <strong>1730<\/strong><br \/>(-23 for losing)