|join|VolticHalberd
|join|Xiba
|player|p1|VolticHalberd|66
|player|p2|Xiba|266
|gametype|singles
|gen|6
|tier|UU
|rated
|rule|Sleep Clause Mod: Limit one foe put to sleep
|rule|Species Clause: Limit one of each Pokémon
|rule|OHKO Clause: OHKO moves are banned
|rule|Moody Clause: Moody is banned
|rule|Evasion Moves Clause: Evasion moves are banned
|rule|Endless Battle Clause: Forcing endless battles is banned
|rule|HP Percentage Mod: HP is shown in percentages
|clearpoke
|poke|p1|Heliolisk, M
|poke|p1|Tornadus, M
|poke|p1|Liepard, F
|poke|p1|Toxicroak, F
|poke|p1|Swampert, M
|poke|p1|Goodra, F
|poke|p2|Mienshao, M
|poke|p2|Arcanine, M
|poke|p2|Krookodile, M
|poke|p2|Blastoise, F
|poke|p2|Porygon-Z
|poke|p2|Jirachi
|rule|Swagger Clause: Swagger is banned
|rule|Baton Pass Clause: Limit one Pokémon knowing Baton Pass
|teampreview
|
|start
|switch|p1a: General Croaker|Toxicroak, F|370\/370
|switch|p2a: Krookodile|Krookodile, M|331\/331
|-ability|p2a: Krookodile|Intimidate|[of] p1a: General Croaker
|-unboost|p1a: General Croaker|atk|1
|turn|1
|
|move|p2a: Krookodile|Knock Off|p1a: General Croaker
|-resisted|p1a: General Croaker
|-damage|p1a: General Croaker|188\/370
|-enditem|p1a: General Croaker|Black Sludge|[from] move: Knock Off|[of] p2a: Krookodile
|move|p1a: General Croaker|Drain Punch|p2a: Krookodile
|-supereffective|p2a: Krookodile
|-damage|p2a: Krookodile|121\/331
|-heal|p1a: General Croaker|293\/370|[from] drain|[of] p2a: Krookodile
|
|turn|2
|
|switch|p2a: Arcanine|Arcanine, M|383\/383
|-ability|p2a: Arcanine|Intimidate|[of] p1a: General Croaker
|-unboost|p1a: General Croaker|atk|1
|move|p1a: General Croaker|Drain Punch|p2a: Arcanine
|-damage|p2a: Arcanine|326\/383
|-heal|p1a: General Croaker|322\/370|[from] drain|[of] p2a: Arcanine
|
|-heal|p2a: Arcanine|349\/383|[from] item: Leftovers
|turn|3
|
|move|p2a: Arcanine|Will-O-Wisp|p1a: General Croaker
|-status|p1a: General Croaker|brn
|move|p1a: General Croaker|Earthquake|p2a: Arcanine
|-supereffective|p2a: Arcanine
|-damage|p2a: Arcanine|295\/383
|
|-heal|p2a: Arcanine|318\/383|[from] item: Leftovers
|-damage|p1a: General Croaker|276\/370 brn|[from] brn
|turn|4
|
|move|p2a: Arcanine|Flare Blitz|p1a: General Croaker
|-damage|p1a: General Croaker|14\/370 brn
|-damage|p2a: Arcanine|232\/383|[from] recoil|[of] p1a: General Croaker
|move|p1a: General Croaker|Poison Jab|p2a: Arcanine
|-damage|p2a: Arcanine|205\/383
|-status|p2a: Arcanine|psn
|
|-heal|p2a: Arcanine|228\/383 psn|[from] item: Leftovers
|-damage|p2a: Arcanine|181\/383 psn|[from] psn
|-damage|p1a: General Croaker|0 fnt|[from] brn
|faint|p1a: General Croaker
|
|switch|p1a: ManBirdMan|Tornadus, M|362\/362
|turn|5
|
|switch|p2a: Jirachi|Jirachi|404\/404
|move|p1a: ManBirdMan|Rain Dance|p1a: ManBirdMan
|-weather|RainDance
|
|-weather|RainDance|[upkeep]
|turn|6
|
|move|p1a: ManBirdMan|Knock Off|p2a: Jirachi
|-supereffective|p2a: Jirachi
|-damage|p2a: Jirachi|236\/404
|-enditem|p2a: Jirachi|Leftovers|[from] move: Knock Off|[of] p1a: ManBirdMan
|move|p2a: Jirachi|Body Slam|p1a: ManBirdMan
|-damage|p1a: ManBirdMan|266\/362
|-status|p1a: ManBirdMan|par
|
|-weather|RainDance|[upkeep]
|turn|7
|
|switch|p2a: Blastoise|Blastoise, F|358\/358
|switch|p1a: Here I Cum|Goodra, F|384\/384
|
|-weather|RainDance|[upkeep]
|turn|8
|
|switch|p2a: Jirachi|Jirachi|236\/404
|move|p1a: Here I Cum|Thunder|p2a: Jirachi
|-damage|p2a: Jirachi|145\/404
|-status|p2a: Jirachi|par
|
|-weather|RainDance|[upkeep]
|turn|9
|
|move|p1a: Here I Cum|Thunder|p2a: Jirachi
|-damage|p2a: Jirachi|49\/404 par
|move|p2a: Jirachi|Wish|p2a: Jirachi
|
|-weather|RainDance|[upkeep]
|turn|10
|
|switch|p2a: Krookodile|Krookodile, M|121\/331
|-ability|p2a: Krookodile|Intimidate|[of] p1a: Here I Cum
|-unboost|p1a: Here I Cum|atk|1
|move|p1a: Here I Cum|Dragon Pulse|p2a: Krookodile
|-damage|p2a: Krookodile|0 fnt
|faint|p2a: Krookodile
|
|-weather|RainDance|[upkeep]
|
|switch|p2a: Mienshao|Mienshao, M|271\/271
|turn|11
|
|move|p2a: Mienshao|High Jump Kick|p1a: Here I Cum
|-damage|p1a: Here I Cum|33\/384
|move|p1a: Here I Cum|Dragon Pulse|p2a: Mienshao
|-damage|p2a: Mienshao|55\/271
|
|-weather|RainDance|[upkeep]
|-heal|p1a: Here I Cum|57\/384|[from] item: Leftovers
|turn|12
|
|move|p2a: Mienshao|High Jump Kick|p1a: Here I Cum
|-damage|p1a: Here I Cum|0 fnt
|faint|p1a: Here I Cum
|
|-weather|none
|
|switch|p1a: ManBirdMan|Tornadus, M|266\/362 par
|turn|13
|
|switch|p2a: Porygon-Z|Porygon-Z|311\/311
|move|p1a: ManBirdMan|Rain Dance|p1a: ManBirdMan
|-weather|RainDance
|
|-weather|RainDance|[upkeep]
|turn|14
|
|move|p2a: Porygon-Z|Tri Attack|p1a: ManBirdMan
|-damage|p1a: ManBirdMan|32\/362 par
|move|p1a: ManBirdMan|Knock Off|p2a: Porygon-Z
|-damage|p2a: Porygon-Z|201\/311
|-enditem|p2a: Porygon-Z|Choice Specs|[from] move: Knock Off|[of] p1a: ManBirdMan
|
|-weather|RainDance|[upkeep]
|turn|15
|
|cant|p1a: ManBirdMan|par
|move|p2a: Porygon-Z|Tri Attack|p1a: ManBirdMan
|-damage|p1a: ManBirdMan|0 fnt
|faint|p1a: ManBirdMan
|
|-weather|RainDance|[upkeep]
|
|switch|p1a: Volt Jr.|Heliolisk, M|266\/266
|turn|16
|
|switch|p2a: Jirachi|Jirachi|49\/404 par
|move|p1a: Volt Jr.|Thunder|p2a: Jirachi
|-damage|p2a: Jirachi|0 fnt
|-damage|p1a: Volt Jr.|240\/266|[from] item: Life Orb
|faint|p2a: Jirachi
|
|-weather|RainDance|[upkeep]
|-heal|p1a: Volt Jr.|266\/266|[from] ability: Dry Skin
|
|switch|p2a: Mienshao|Mienshao, M|55\/271
|turn|17
|
|move|p2a: Mienshao|High Jump Kick|p1a: Volt Jr.
|-crit|p1a: Volt Jr.
|-supereffective|p1a: Volt Jr.
|-damage|p1a: Volt Jr.|0 fnt
|faint|p1a: Volt Jr.
|
|-weather|RainDance|[upkeep]
|
|switch|p1a: Wet Pussy|Liepard, F|332\/332
|turn|18
|
|switch|p2a: Arcanine|Arcanine, M|181\/383 psn
|-ability|p2a: Arcanine|Intimidate|[of] p1a: Wet Pussy
|-unboost|p1a: Wet Pussy|atk|1
|move|p1a: Wet Pussy|Thunder Wave|p2a: Arcanine
|-fail|p2a: Arcanine
|
|-weather|RainDance|[upkeep]
|-heal|p2a: Arcanine|204\/383 psn|[from] item: Leftovers
|-damage|p2a: Arcanine|157\/383 psn|[from] psn
|turn|19
|
|move|p1a: Wet Pussy|Taunt|p2a: Arcanine
|-start|p2a: Arcanine|move: Taunt
|cant|p2a: Arcanine|move: Taunt|Will-O-Wisp
|
|-weather|RainDance|[upkeep]
|-heal|p2a: Arcanine|180\/383 psn|[from] item: Leftovers
|-damage|p2a: Arcanine|133\/383 psn|[from] psn
|turn|20
|
|move|p2a: Arcanine|Extreme Speed|p1a: Wet Pussy
|-damage|p1a: Wet Pussy|213\/332
|move|p1a: Wet Pussy|Knock Off|p2a: Arcanine
|-damage|p2a: Arcanine|78\/383 psn
|-enditem|p2a: Arcanine|Leftovers|[from] move: Knock Off|[of] p1a: Wet Pussy
|
|-weather|none
|-damage|p2a: Arcanine|31\/383 psn|[from] psn
|turn|21
|
|move|p2a: Arcanine|Extreme Speed|p1a: Wet Pussy
|-damage|p1a: Wet Pussy|94\/332
|move|p1a: Wet Pussy|Rain Dance|p1a: Wet Pussy
|-weather|RainDance
|
|-weather|RainDance|[upkeep]
|-damage|p2a: Arcanine|0 fnt|[from] psn
|faint|p2a: Arcanine
|
|switch|p2a: Porygon-Z|Porygon-Z|201\/311
|turn|22
|
|move|p1a: Wet Pussy|Thunder Wave|p2a: Porygon-Z
|-status|p2a: Porygon-Z|par
|move|p2a: Porygon-Z|Tri Attack|p1a: Wet Pussy
|-damage|p1a: Wet Pussy|0 fnt
|faint|p1a: Wet Pussy
|
|-weather|RainDance|[upkeep]
|
|switch|p1a: Muddy|Swampert, M|342\/342
|turn|23
|
|detailschange|p1a: Muddy|Swampert-Mega, M
|message|Swampert has Mega Evolved into Mega Swampert!
|move|p1a: Muddy|Earthquake|p2a: Porygon-Z
|-damage|p2a: Porygon-Z|0 fnt
|faint|p2a: Porygon-Z
|
|-weather|RainDance|[upkeep]
|
|switch|p2a: Mienshao|Mienshao, M|55\/271
|turn|24
|
|move|p1a: Muddy|Waterfall|p2a: Mienshao
|-damage|p2a: Mienshao|0 fnt
|faint|p2a: Mienshao
|
|-weather|RainDance|[upkeep]
|
|switch|p2a: Blastoise|Blastoise, F|358\/358
|turn|25
|
|detailschange|p2a: Blastoise|Blastoise-Mega, F
|message|Blastoise has Mega Evolved into Mega Blastoise!
|move|p1a: Muddy|Earthquake|p2a: Blastoise
|-damage|p2a: Blastoise|178\/358
|move|p2a: Blastoise|Dark Pulse|p1a: Muddy
|-damage|p1a: Muddy|202\/342
|
|-weather|RainDance|[upkeep]
|turn|26
|
|move|p1a: Muddy|Earthquake|p2a: Blastoise
|-crit|p2a: Blastoise
|-damage|p2a: Blastoise|0 fnt
|faint|p2a: Blastoise
|
|win|VolticHalberd
|raw|Ladder updating...
|c|★VolticHalberd|gg
|leave|Xiba
|player|p2