|join|HiI'mZalgo
|join|Niconico
|player|p1|HiI'mZalgo|148
|player|p2|Niconico|170
|gametype|singles
|gen|6
|tier|UU
|rated
|rule|Sleep Clause Mod: Limit one foe put to sleep
|rule|Species Clause: Limit one of each Pokémon
|rule|OHKO Clause: OHKO moves are banned
|rule|Moody Clause: Moody is banned
|rule|Evasion Moves Clause: Evasion moves are banned
|rule|Endless Battle Clause: Forcing endless battles is banned
|rule|HP Percentage Mod: HP is shown in percentages
|clearpoke
|poke|p1|Scrafty, F
|poke|p1|Aerodactyl, F
|poke|p1|Raikou
|poke|p1|Empoleon, F
|poke|p1|Hippowdon, M
|poke|p1|Celebi
|poke|p2|Alakazam, F
|poke|p2|Krookodile, M
|poke|p2|Nidoqueen, F
|poke|p2|Crobat, M
|poke|p2|Jirachi, shiny
|poke|p2|Blastoise, F
|rule|Swagger Clause: Swagger is banned
|rule|Baton Pass Clause: Limit one Pokémon knowing Baton Pass
|teampreview
|
|start
|switch|p1a: Empoleon|Empoleon, F|372\/372
|switch|p2a: Blastoise|Blastoise, F|359\/359
|turn|1
|
|detailschange|p2a: Blastoise|Blastoise-Mega, F
|message|Blastoise has Mega Evolved into Mega Blastoise!
|move|p2a: Blastoise|Dark Pulse|p1a: Empoleon
|-damage|p1a: Empoleon|254\/372
|move|p1a: Empoleon|Toxic|p2a: Blastoise
|-status|p2a: Blastoise|tox
|
|-heal|p1a: Empoleon|277\/372|[from] item: Leftovers
|-damage|p2a: Blastoise|337\/359 tox|[from] psn
|turn|2
|
|switch|p1a: Raikou|Raikou|322\/322
|-ability|p1a: Raikou|Pressure
|move|p2a: Blastoise|Dark Pulse|p1a: Raikou
|-damage|p1a: Raikou|169\/322
|
|-heal|p1a: Raikou|189\/322|[from] item: Leftovers
|-damage|p2a: Blastoise|293\/359 tox|[from] psn
|turn|3
|
|switch|p1a: Celebi|Celebi|341\/341
|switch|p2a: Krookodile|Krookodile, M|332\/332
|-ability|p2a: Krookodile|Intimidate|[of] p1a: Celebi
|-unboost|p1a: Celebi|atk|1
|
|turn|4
|
|move|p2a: Krookodile|Knock Off|p1a: Celebi
|-supereffective|p1a: Celebi
|-damage|p1a: Celebi|9\/341
|-enditem|p1a: Celebi|Leftovers|[from] move: Knock Off|[of] p2a: Krookodile
|move|p1a: Celebi|Giga Drain|p2a: Krookodile
|-supereffective|p2a: Krookodile
|-damage|p2a: Krookodile|20\/332
|-heal|p1a: Celebi|165\/341|[from] drain|[of] p2a: Krookodile
|
|turn|5
|
|switch|p1a: Hippowdon|Hippowdon, M|420\/420
|move|p2a: Krookodile|Knock Off|p1a: Hippowdon
|-damage|p1a: Hippowdon|297\/420
|-enditem|p1a: Hippowdon|Leftovers|[from] move: Knock Off|[of] p2a: Krookodile
|
|turn|6
|
|switch|p2a: Blastoise|Blastoise-Mega, F|293\/359 tox
|move|p1a: Hippowdon|Ice Fang|p2a: Blastoise
|-resisted|p2a: Blastoise
|-damage|p2a: Blastoise|268\/359 tox
|
|-damage|p2a: Blastoise|246\/359 tox|[from] psn
|turn|7
|
|switch|p1a: Celebi|Celebi|165\/341
|move|p2a: Blastoise|Aura Sphere|p1a: Celebi
|-resisted|p1a: Celebi
|-damage|p1a: Celebi|90\/341
|
|-damage|p2a: Blastoise|202\/359 tox|[from] psn
|turn|8
|
|switch|p2a: Crobat|Crobat, M|331\/331
|move|p1a: Celebi|Giga Drain|p2a: Crobat
|-resisted|p2a: Crobat
|-damage|p2a: Crobat|297\/331
|-heal|p1a: Celebi|107\/341|[from] drain|[of] p2a: Crobat
|
|turn|9
|
|switch|p1a: Empoleon|Empoleon, F|277\/372
|move|p2a: Crobat|U-turn|p1a: Empoleon
|-resisted|p1a: Empoleon
|-damage|p1a: Empoleon|241\/372
|
|switch|p2a: Nidoqueen|Nidoqueen, F|354\/354
|
|-heal|p1a: Empoleon|264\/372|[from] item: Leftovers
|turn|10
|
|move|p2a: Nidoqueen|Stealth Rock|p1a: Empoleon
|-sidestart|p1: HiI'mZalgo|move: Stealth Rock
|move|p1a: Empoleon|Scald|p2a: Nidoqueen
|-supereffective|p2a: Nidoqueen
|-damage|p2a: Nidoqueen|136\/354
|
|-heal|p1a: Empoleon|287\/372|[from] item: Leftovers
|turn|11
|
|move|p2a: Nidoqueen|Earth Power|p1a: Empoleon
|-supereffective|p1a: Empoleon
|-damage|p1a: Empoleon|0 fnt
|faint|p1a: Empoleon
|
|
|switch|p1a: Celebi|Celebi|107\/341
|-damage|p1a: Celebi|65\/341|[from] Stealth Rock
|turn|12
|
|move|p1a: Celebi|Psychic|p2a: Nidoqueen
|-supereffective|p2a: Nidoqueen
|-damage|p2a: Nidoqueen|0 fnt
|faint|p2a: Nidoqueen
|
|
|switch|p2a: Crobat|Crobat, M|297\/331
|turn|13
|
|switch|p1a: Hippowdon|Hippowdon, M|297\/420
|-damage|p1a: Hippowdon|271\/420|[from] Stealth Rock
|move|p2a: Crobat|U-turn|p1a: Hippowdon
|-damage|p1a: Hippowdon|227\/420
|
|switch|p2a: Blastoise|Blastoise-Mega, F|202\/359 tox
|
|-damage|p2a: Blastoise|180\/359 tox|[from] psn
|turn|14
|
|switch|p1a: Scrafty|Scrafty, F|301\/301
|-damage|p1a: Scrafty|283\/301|[from] Stealth Rock
|move|p2a: Blastoise|Scald|p1a: Scrafty
|-damage|p1a: Scrafty|147\/301
|
|-heal|p1a: Scrafty|165\/301|[from] item: Leftovers
|-damage|p2a: Blastoise|136\/359 tox|[from] psn
|turn|15
|
|move|p2a: Blastoise|Aura Sphere|p1a: Scrafty
|-supereffective|p1a: Scrafty
|-damage|p1a: Scrafty|0 fnt
|faint|p1a: Scrafty
|
|-damage|p2a: Blastoise|70\/359 tox|[from] psn
|
|switch|p1a: Raikou|Raikou|189\/322
|-damage|p1a: Raikou|149\/322|[from] Stealth Rock
|-ability|p1a: Raikou|Pressure
|turn|16
|
|move|p1a: Raikou|Volt Switch|p2a: Blastoise
|-supereffective|p2a: Blastoise
|-damage|p2a: Blastoise|0 fnt
|faint|p2a: Blastoise
|
|switch|p1a: Aerodactyl|Aerodactyl, F|301\/301
|-damage|p1a: Aerodactyl|226\/301|[from] Stealth Rock
|-ability|p1a: Aerodactyl|Pressure
|
|
|switch|p2a: Krookodile|Krookodile, M|20\/332
|-ability|p2a: Krookodile|Intimidate|[of] p1a: Aerodactyl
|-unboost|p1a: Aerodactyl|atk|1
|turn|17
|
|move|p2a: Krookodile|Pursuit|p1a: Aerodactyl|[from]Pursuit
|-damage|p1a: Aerodactyl|4\/301
|switch|p1a: Hippowdon|Hippowdon, M|227\/420
|-damage|p1a: Hippowdon|201\/420|[from] Stealth Rock
|
|turn|18
|
|switch|p2a: Alakazam|Alakazam, F|251\/251
|move|p1a: Hippowdon|Stealth Rock|p2a: Alakazam
|-sidestart|p2: Niconico|move: Stealth Rock
|
|turn|19
|
|move|p2a: Alakazam|Psychic|p1a: Hippowdon
|-damage|p1a: Hippowdon|0 fnt
|faint|p1a: Hippowdon
|
|-message|HiI'mZalgo forfeited.
|
|win|Niconico
|raw|Ladder updating...
|leave|HiI'mZalgo
|player|p1
|raw|HiI&apos;mZalgo's rating: 1352 &rarr; <strong>1338<\/strong><br \/>(-14 for losing)
|raw|Niconico's rating: 1467 &rarr; <strong>1481<\/strong><br \/>(+14 for winning)