|join|Niconico
|join|zippleclopper22
|player|p1|Niconico|89
|player|p2|zippleclopper22|1
|gametype|singles
|gen|6
|tier|UU
|rated
|rule|Sleep Clause Mod: Limit one foe put to sleep
|rule|Species Clause: Limit one of each Pokémon
|rule|OHKO Clause: OHKO moves are banned
|rule|Moody Clause: Moody is banned
|rule|Evasion Moves Clause: Evasion moves are banned
|rule|Endless Battle Clause: Forcing endless battles is banned
|rule|HP Percentage Mod: HP is shown in percentages
|clearpoke
|poke|p1|Krookodile, F
|poke|p1|Gligar, M
|poke|p1|Tentacruel, F
|poke|p1|Machamp, M
|poke|p1|Jirachi
|poke|p1|Yanmega, F
|poke|p2|Hippowdon, F
|poke|p2|Reuniclus, F
|poke|p2|Doublade, M
|poke|p2|Entei, shiny
|poke|p2|Virizion
|poke|p2|Blastoise, M
|rule|Swagger Clause: Swagger is banned
|rule|Baton Pass Clause: Limit one Pokémon knowing Baton Pass
|teampreview
|
|start
|switch|p1a: Tentacruel|Tentacruel, F|361\/361
|switch|p2a: Blastoise|Blastoise, M|355\/355
|turn|1
|
|switch|p2a: Reuniclus|Reuniclus, F|424\/424
|move|p1a: Tentacruel|Scald|p2a: Reuniclus
|-damage|p2a: Reuniclus|330\/424
|
|-heal|p2a: Reuniclus|356\/424|[from] item: Leftovers
|turn|2
|
|move|p1a: Tentacruel|Toxic Spikes|p2a: Reuniclus
|-sidestart|p2: zippleclopper22|move: Toxic Spikes
|move|p2a: Reuniclus|Focus Blast|p1a: Tentacruel|[miss]
|-miss|p2a: Reuniclus|p1a: Tentacruel
|
|-heal|p2a: Reuniclus|382\/424|[from] item: Leftovers
|turn|3
|
|move|p1a: Tentacruel|Knock Off|p2a: Reuniclus
|-supereffective|p2a: Reuniclus
|-damage|p2a: Reuniclus|286\/424
|-enditem|p2a: Reuniclus|Leftovers|[from] move: Knock Off|[of] p1a: Tentacruel
|move|p2a: Reuniclus|Calm Mind|p2a: Reuniclus
|-boost|p2a: Reuniclus|spa|1
|-boost|p2a: Reuniclus|spd|1
|
|turn|4
|
|switch|p1a: Gligar|Gligar, M|334\/334
|move|p2a: Reuniclus|Recover|p2a: Reuniclus
|-heal|p2a: Reuniclus|424\/424
|
|turn|5
|
|move|p1a: Gligar|Stealth Rock|p2a: Reuniclus
|-sidestart|p2: zippleclopper22|move: Stealth Rock
|move|p2a: Reuniclus|Calm Mind|p2a: Reuniclus
|-boost|p2a: Reuniclus|spa|1
|-boost|p2a: Reuniclus|spd|1
|
|turn|6
|
|move|p1a: Gligar|U-turn|p2a: Reuniclus
|-supereffective|p2a: Reuniclus
|-damage|p2a: Reuniclus|350\/424
|
|switch|p1a: Jirachi|Jirachi|341\/341
|move|p2a: Reuniclus|Focus Blast|p1a: Jirachi
|-damage|p1a: Jirachi|99\/341
|
|turn|7
|
|move|p1a: Jirachi|U-turn|p2a: Reuniclus
|-supereffective|p2a: Reuniclus
|-damage|p2a: Reuniclus|230\/424
|
|switch|p1a: Krookodile|Krookodile, F|331\/331
|-ability|p1a: Krookodile|Intimidate|[of] p2a: Reuniclus
|-unboost|p2a: Reuniclus|atk|1
|move|p2a: Reuniclus|Focus Blast|p1a: Krookodile
|-supereffective|p1a: Krookodile
|-damage|p1a: Krookodile|0 fnt
|faint|p1a: Krookodile
|
|
|switch|p1a: Yanmega|Yanmega, F|313\/313
|turn|8
|
|move|p1a: Yanmega|Bug Buzz|p2a: Reuniclus
|-supereffective|p2a: Reuniclus
|-damage|p2a: Reuniclus|0 fnt
|-damage|p1a: Yanmega|282\/313|[from] item: Life Orb
|faint|p2a: Reuniclus
|
|-boost|p1a: Yanmega|spe|1|[from] ability: Speed Boost
|
|switch|p2a: Hippowdon|Hippowdon, F|419\/419
|-status|p2a: Hippowdon|psn
|-damage|p2a: Hippowdon|393\/419 psn|[from] Stealth Rock
|-weather|Sandstorm
|turn|9
|
|move|p1a: Yanmega|Giga Drain|p2a: Hippowdon
|-supereffective|p2a: Hippowdon
|-damage|p2a: Hippowdon|193\/419 psn
|-heal|p1a: Yanmega|313\/313|[from] drain|[of] p2a: Hippowdon
|-damage|p1a: Yanmega|282\/313|[from] item: Life Orb
|move|p2a: Hippowdon|Rock Slide|p1a: Yanmega
|-supereffective|p1a: Yanmega
|-damage|p1a: Yanmega|0 fnt
|faint|p1a: Yanmega
|
|-weather|Sandstorm|[upkeep]
|-heal|p2a: Hippowdon|219\/419 psn|[from] item: Leftovers
|-damage|p2a: Hippowdon|167\/419 psn|[from] psn
|
|switch|p1a: Tentacruel|Tentacruel, F|361\/361
|turn|10
|
|move|p1a: Tentacruel|Scald|p2a: Hippowdon
|-crit|p2a: Hippowdon
|-supereffective|p2a: Hippowdon
|-damage|p2a: Hippowdon|0 fnt
|faint|p2a: Hippowdon
|
|-weather|Sandstorm|[upkeep]
|-damage|p1a: Tentacruel|339\/361|[from] sandstorm
|-heal|p1a: Tentacruel|361\/361|[from] item: Black Sludge
|
|switch|p2a: Blastoise|Blastoise, M|355\/355
|-status|p2a: Blastoise|psn
|-damage|p2a: Blastoise|311\/355 psn|[from] Stealth Rock
|turn|11
|
|detailschange|p2a: Blastoise|Blastoise-Mega, M
|message|Blastoise has Mega Evolved into Mega Blastoise!
|move|p1a: Tentacruel|Toxic Spikes|p2a: Blastoise
|-sidestart|p2: zippleclopper22|move: Toxic Spikes
|move|p2a: Blastoise|Rapid Spin|p1a: Tentacruel
|-damage|p1a: Tentacruel|345\/361
|-sideend|p2: zippleclopper22|Toxic Spikes|[from] move: Rapid Spin|[of] p2a: Blastoise
|-sideend|p2: zippleclopper22|Stealth Rock|[from] move: Rapid Spin|[of] p2a: Blastoise
|
|-weather|Sandstorm|[upkeep]
|-damage|p1a: Tentacruel|323\/361|[from] sandstorm
|-damage|p2a: Blastoise|289\/355 psn|[from] sandstorm
|-heal|p1a: Tentacruel|345\/361|[from] item: Black Sludge
|-damage|p2a: Blastoise|245\/355 psn|[from] psn
|turn|12
|
|switch|p2a: Virizion|Virizion|324\/324
|move|p1a: Tentacruel|Toxic Spikes|p2a: Virizion
|-sidestart|p2: zippleclopper22|move: Toxic Spikes
|
|-weather|Sandstorm|[upkeep]
|-damage|p2a: Virizion|304\/324|[from] sandstorm
|-damage|p1a: Tentacruel|323\/361|[from] sandstorm
|-heal|p1a: Tentacruel|345\/361|[from] item: Black Sludge
|turn|13
|
|switch|p1a: Gligar|Gligar, M|334\/334
|move|p2a: Virizion|Swords Dance|p2a: Virizion
|-boost|p2a: Virizion|atk|2
|
|-weather|none
|turn|14
|
|move|p2a: Virizion|Leaf Blade|p1a: Gligar
|-damage|p1a: Gligar|135\/334
|-damage|p2a: Virizion|272\/324|[from] item: Life Orb
|move|p1a: Gligar|Stealth Rock|p2a: Virizion
|-sidestart|p2: zippleclopper22|move: Stealth Rock
|
|turn|15
|
|move|p2a: Virizion|Leaf Blade|p1a: Gligar
|-crit|p1a: Gligar
|-damage|p1a: Gligar|0 fnt
|-damage|p2a: Virizion|240\/324|[from] item: Life Orb
|faint|p1a: Gligar
|
|
|switch|p1a: Jirachi|Jirachi|99\/341
|turn|16
|
|switch|p2a: Doublade|Doublade, M|321\/321
|-damage|p2a: Doublade|301\/321|[from] Stealth Rock
|move|p1a: Jirachi|Iron Head|p2a: Doublade
|-resisted|p2a: Doublade
|-damage|p2a: Doublade|274\/321
|
|turn|17
|
|switch|p1a: Tentacruel|Tentacruel, F|345\/361
|move|p2a: Doublade|Swords Dance|p2a: Doublade
|-boost|p2a: Doublade|atk|2
|
|-heal|p1a: Tentacruel|361\/361|[from] item: Black Sludge
|turn|18
|
|move|p1a: Tentacruel|Scald|p2a: Doublade
|-damage|p2a: Doublade|189\/321
|move|p2a: Doublade|Swords Dance|p2a: Doublade
|-boost|p2a: Doublade|atk|2
|
|turn|19
|
|move|p2a: Doublade|Shadow Sneak|p1a: Tentacruel
|-damage|p1a: Tentacruel|180\/361
|move|p1a: Tentacruel|Scald|p2a: Doublade
|-damage|p2a: Doublade|95\/321
|
|-heal|p1a: Tentacruel|202\/361|[from] item: Black Sludge
|turn|20
|
|move|p2a: Doublade|Shadow Sneak|p1a: Tentacruel
|-damage|p1a: Tentacruel|0 fnt
|faint|p1a: Tentacruel
|
|
|switch|p1a: Machamp|Machamp, M|380\/380
|turn|21
|
|move|p2a: Doublade|Shadow Sneak|p1a: Machamp
|-damage|p1a: Machamp|116\/380
|move|p1a: Machamp|Knock Off|p2a: Doublade
|-supereffective|p2a: Doublade
|-damage|p2a: Doublade|0 fnt
|-enditem|p2a: Doublade|Eviolite|[from] move: Knock Off|[of] p1a: Machamp
|faint|p2a: Doublade
|
|
|switch|p2a: Virizion|Virizion|240\/324
|-damage|p2a: Virizion|220\/324|[from] Stealth Rock
|-status|p2a: Virizion|psn
|turn|22
|
|move|p2a: Virizion|Leaf Blade|p1a: Machamp
|-crit|p1a: Machamp
|-damage|p1a: Machamp|0 fnt
|-damage|p2a: Virizion|188\/324 psn|[from] item: Life Orb
|faint|p1a: Machamp
|
|-damage|p2a: Virizion|148\/324 psn|[from] psn
|
|switch|p1a: Jirachi|Jirachi|99\/341
|turn|23
|
|move|p1a: Jirachi|Iron Head|p2a: Virizion
|-damage|p2a: Virizion|0 fnt
|faint|p2a: Virizion
|
|
|switch|p2a: Entei|Entei, shiny|371\/371
|-damage|p2a: Entei|279\/371|[from] Stealth Rock
|-status|p2a: Entei|psn
|-ability|p2a: Entei|Pressure
|turn|24
|
|move|p2a: Entei|Extreme Speed|p1a: Jirachi
|-resisted|p1a: Jirachi
|-damage|p1a: Jirachi|29\/341
|move|p1a: Jirachi|Iron Head|p2a: Entei
|-resisted|p2a: Entei
|-damage|p2a: Entei|210\/371 psn
|
|-damage|p2a: Entei|164\/371 psn|[from] psn
|turn|25
|
|move|p2a: Entei|Extreme Speed|p1a: Jirachi
|-resisted|p1a: Jirachi
|-damage|p1a: Jirachi|0 fnt
|faint|p1a: Jirachi
|
|win|zippleclopper22
|raw|Ladder updating...
|raw|Niconico's rating: 1623 &rarr; <strong>1592<\/strong><br \/>(-31 for losing)
|raw|zippleclopper22's rating: 1402 &rarr; <strong>1433<\/strong><br \/>(+31 for winning)