|join|so dynamic
|join|Niconico
|player|p1|so dynamic|5
|player|p2|Niconico|89
|gametype|singles
|gen|6
|tier|UU
|rated
|rule|Sleep Clause Mod: Limit one foe put to sleep
|rule|Species Clause: Limit one of each Pokémon
|rule|OHKO Clause: OHKO moves are banned
|rule|Moody Clause: Moody is banned
|rule|Evasion Moves Clause: Evasion moves are banned
|rule|Endless Battle Clause: Forcing endless battles is banned
|rule|HP Percentage Mod: HP is shown in percentages
|clearpoke
|poke|p1|Krookodile, F
|poke|p1|Mienshao, F
|poke|p1|Vaporeon, M
|poke|p1|Whimsicott, F
|poke|p1|Crobat, M
|poke|p1|Jirachi
|poke|p2|Krookodile, F
|poke|p2|Gligar, F
|poke|p2|Tentacruel, F
|poke|p2|Machamp, F
|poke|p2|Jirachi
|poke|p2|Yanmega, M
|rule|Swagger Clause: Swagger is banned
|rule|Baton Pass Clause: Limit one Pokémon knowing Baton Pass
|teampreview
|c|★so dynamic|gl hf
|join|fight to the death
|c| fight to the death|whats with the yanmega hype recently
|
|start
|switch|p1a: Krookodile|Krookodile, F|331\/331
|switch|p2a: Gligar|Gligar, F|334\/334
|-ability|p1a: Krookodile|Intimidate|[of] p2a: Gligar
|-unboost|p2a: Gligar|atk|1
|turn|1
|c|★so dynamic|idk
|
|move|p1a: Krookodile|Knock Off|p2a: Gligar
|-damage|p2a: Gligar|169\/334
|-enditem|p2a: Gligar|Eviolite|[from] move: Knock Off|[of] p1a: Krookodile
|move|p2a: Gligar|U-turn|p1a: Krookodile
|-supereffective|p1a: Krookodile
|-damage|p1a: Krookodile|261\/331
|c|★so dynamic|ive been seeing it a ton
|
|switch|p2a: Machamp|Machamp, F|380\/380
|
|turn|2
|
|switch|p1a: Jirachi|Jirachi|341\/341
|move|p2a: Machamp|Close Combat|p1a: Jirachi
|-damage|p1a: Jirachi|115\/341
|-unboost|p2a: Machamp|def|1
|-unboost|p2a: Machamp|spd|1
|
|-heal|p1a: Jirachi|136\/341|[from] item: Leftovers
|turn|3
|
|move|p1a: Jirachi|U-turn|p2a: Machamp
|-resisted|p2a: Machamp
|-damage|p2a: Machamp|315\/380
|
|switch|p1a: Crobat|Crobat, M|323\/323
|move|p2a: Machamp|Close Combat|p1a: Crobat
|-resisted|p1a: Crobat
|-damage|p1a: Crobat|256\/323
|-unboost|p2a: Machamp|def|1
|-unboost|p2a: Machamp|spd|1
|
|-heal|p1a: Crobat|276\/323|[from] item: Black Sludge
|turn|4
|
|switch|p2a: Gligar|Gligar, F|169\/334
|move|p1a: Crobat|U-turn|p2a: Gligar
|-resisted|p2a: Gligar
|-damage|p2a: Gligar|138\/334
|
|switch|p1a: Krookodile|Krookodile, F|261\/331
|-ability|p1a: Krookodile|Intimidate|[of] p2a: Gligar
|-unboost|p2a: Gligar|atk|1
|
|turn|5
|
|move|p1a: Krookodile|Knock Off|p2a: Gligar
|-damage|p2a: Gligar|0 fnt
|faint|p2a: Gligar
|
|
|switch|p2a: Machamp|Machamp, F|315\/380
|turn|6
|
|switch|p1a: Crobat|Crobat, M|276\/323
|move|p2a: Machamp|Heavy Slam|p1a: Crobat
|-damage|p1a: Crobat|211\/323
|
|-heal|p1a: Crobat|231\/323|[from] item: Black Sludge
|turn|7
|
|move|p1a: Crobat|U-turn|p2a: Machamp
|-resisted|p2a: Machamp
|-damage|p2a: Machamp|273\/380
|
|switch|p1a: Vaporeon|Vaporeon, M|451\/451
|move|p2a: Machamp|Stone Edge|p1a: Vaporeon|[miss]
|-miss|p2a: Machamp|p1a: Vaporeon
|
|turn|8
|
|move|p1a: Vaporeon|Baton Pass|p1a: Vaporeon
|
|switch|p1a: Crobat|Crobat, M|231\/323
|move|p2a: Machamp|Knock Off|p1a: Crobat
|-damage|p1a: Crobat|89\/323
|-enditem|p1a: Crobat|Black Sludge|[from] move: Knock Off|[of] p2a: Machamp
|
|turn|9
|
|switch|p2a: Jirachi|Jirachi|341\/341
|move|p1a: Crobat|Roost|p1a: Crobat
|-heal|p1a: Crobat|251\/323
|
|turn|10
|
|switch|p1a: Vaporeon|Vaporeon, M|451\/451
|move|p2a: Jirachi|Iron Head|p1a: Vaporeon
|-resisted|p1a: Vaporeon
|-damage|p1a: Vaporeon|390\/451
|
|-heal|p1a: Vaporeon|418\/451|[from] item: Leftovers
|turn|11
|
|switch|p2a: Machamp|Machamp, F|273\/380
|move|p1a: Vaporeon|Baton Pass|p1a: Vaporeon
|
|switch|p1a: Crobat|Crobat, M|251\/323
|
|turn|12
|
|switch|p2a: Jirachi|Jirachi|341\/341
|move|p1a: Crobat|Brave Bird|p2a: Jirachi
|-resisted|p2a: Jirachi
|-damage|p2a: Jirachi|257\/341
|-damage|p1a: Crobat|223\/323|[from] recoil|[of] p2a: Jirachi
|
|turn|13
|join|Eyan
|
|move|p2a: Jirachi|Iron Head|p1a: Crobat
|-damage|p1a: Crobat|90\/323
|cant|p1a: Crobat|flinch
|
|turn|14
|
|switch|p2a: Machamp|Machamp, F|273\/380
|switch|p1a: Jirachi|Jirachi|136\/341
|
|-heal|p1a: Jirachi|157\/341|[from] item: Leftovers
|turn|15
|
|move|p1a: Jirachi|Iron Head|p2a: Machamp
|-damage|p2a: Machamp|120\/380
|move|p2a: Machamp|Knock Off|p1a: Jirachi
|-supereffective|p1a: Jirachi
|-damage|p1a: Jirachi|0 fnt
|-enditem|p1a: Jirachi|Leftovers|[from] move: Knock Off|[of] p2a: Machamp
|faint|p1a: Jirachi
|
|
|switch|p1a: Whimsicott|Whimsicott, F|261\/261
|turn|16
|
|move|p1a: Whimsicott|U-turn|p2a: Machamp
|-resisted|p2a: Machamp
|-damage|p2a: Machamp|99\/380
|
|switch|p1a: Vaporeon|Vaporeon, M|418\/451
|move|p2a: Machamp|Heavy Slam|p1a: Vaporeon
|-resisted|p1a: Vaporeon
|-damage|p1a: Vaporeon|347\/451
|
|-heal|p1a: Vaporeon|375\/451|[from] item: Leftovers
|turn|17
|
|move|p1a: Vaporeon|Scald|p2a: Machamp
|-crit|p2a: Machamp
|-damage|p2a: Machamp|0 fnt
|faint|p2a: Machamp
|
|-heal|p1a: Vaporeon|403\/451|[from] item: Leftovers
|
|switch|p2a: Tentacruel|Tentacruel, F|361\/361
|turn|18
|
|move|p2a: Tentacruel|Toxic Spikes|p1a: Vaporeon
|-sidestart|p1: so dynamic|move: Toxic Spikes
|move|p1a: Vaporeon|Baton Pass|p1a: Vaporeon
|
|switch|p1a: Crobat|Crobat, M|90\/323
|
|turn|19
|
|move|p1a: Crobat|Defog|p2a: Tentacruel
|-unboost|p2a: Tentacruel|evasion|1
|-sideend|p1: so dynamic|Toxic Spikes|[from] move: Defog|[of] p1a: Crobat
|move|p2a: Tentacruel|Scald|p1a: Crobat
|-damage|p1a: Crobat|0 fnt
|faint|p1a: Crobat
|
|
|switch|p1a: Krookodile|Krookodile, F|261\/331
|-ability|p1a: Krookodile|Intimidate|[of] p2a: Tentacruel
|-unboost|p2a: Tentacruel|atk|1
|turn|20
|
|move|p1a: Krookodile|Pursuit|p2a: Tentacruel|[from]Pursuit
|-damage|p2a: Tentacruel|187\/361
|switch|p2a: Krookodile|Krookodile, F|331\/331
|-ability|p2a: Krookodile|Intimidate|[of] p1a: Krookodile
|-unboost|p1a: Krookodile|atk|1
|
|turn|21
|
|switch|p1a: Whimsicott|Whimsicott, F|261\/261
|switch|p2a: Tentacruel|Tentacruel, F|187\/361
|
|-heal|p2a: Tentacruel|209\/361|[from] item: Black Sludge
|turn|22
|
|move|p1a: Whimsicott|U-turn|p2a: Tentacruel
|-crit|p2a: Tentacruel
|-resisted|p2a: Tentacruel
|-damage|p2a: Tentacruel|183\/361
|
|switch|p1a: Vaporeon|Vaporeon, M|403\/451
|move|p2a: Tentacruel|Toxic Spikes|p1a: Vaporeon
|-sidestart|p1: so dynamic|move: Toxic Spikes
|
|-heal|p2a: Tentacruel|205\/361|[from] item: Black Sludge
|-heal|p1a: Vaporeon|431\/451|[from] item: Leftovers
|turn|23
|
|move|p2a: Tentacruel|Knock Off|p1a: Vaporeon
|-damage|p1a: Vaporeon|373\/451
|-enditem|p1a: Vaporeon|Leftovers|[from] move: Knock Off|[of] p2a: Tentacruel
|move|p1a: Vaporeon|Scald|p2a: Tentacruel
|-resisted|p2a: Tentacruel
|-damage|p2a: Tentacruel|164\/361
|
|-heal|p2a: Tentacruel|186\/361|[from] item: Black Sludge
|turn|24
|
|move|p2a: Tentacruel|Toxic Spikes|p1a: Vaporeon
|-sidestart|p1: so dynamic|move: Toxic Spikes
|move|p1a: Vaporeon|Scald|p2a: Tentacruel
|-resisted|p2a: Tentacruel
|-damage|p2a: Tentacruel|145\/361
|
|-heal|p2a: Tentacruel|167\/361|[from] item: Black Sludge
|turn|25
|
|move|p2a: Tentacruel|Knock Off|p1a: Vaporeon
|-damage|p1a: Vaporeon|335\/451
|move|p1a: Vaporeon|Scald|p2a: Tentacruel
|-resisted|p2a: Tentacruel
|-damage|p2a: Tentacruel|126\/361
|
|-heal|p2a: Tentacruel|148\/361|[from] item: Black Sludge
|turn|26
|
|move|p2a: Tentacruel|Knock Off|p1a: Vaporeon
|-damage|p1a: Vaporeon|300\/451
|move|p1a: Vaporeon|Scald|p2a: Tentacruel
|-resisted|p2a: Tentacruel
|-damage|p2a: Tentacruel|101\/361
|
|-heal|p2a: Tentacruel|123\/361|[from] item: Black Sludge
|turn|27
|
|move|p2a: Tentacruel|Knock Off|p1a: Vaporeon
|-damage|p1a: Vaporeon|266\/451
|move|p1a: Vaporeon|Scald|p2a: Tentacruel
|-resisted|p2a: Tentacruel
|-damage|p2a: Tentacruel|76\/361
|
|-heal|p2a: Tentacruel|98\/361|[from] item: Black Sludge
|turn|28
|
|move|p2a: Tentacruel|Knock Off|p1a: Vaporeon
|-damage|p1a: Vaporeon|230\/451
|move|p1a: Vaporeon|Wish|p1a: Vaporeon
|
|-heal|p2a: Tentacruel|120\/361|[from] item: Black Sludge
|turn|29
|
|move|p2a: Tentacruel|Knock Off|p1a: Vaporeon
|-damage|p1a: Vaporeon|194\/451
|move|p1a: Vaporeon|Scald|p2a: Tentacruel
|-resisted|p2a: Tentacruel
|-damage|p2a: Tentacruel|73\/361
|-status|p2a: Tentacruel|brn
|
|-heal|p1a: Vaporeon|419\/451|[from] move: Wish|[wisher] Vaporeon
|-heal|p2a: Tentacruel|95\/361 brn|[from] item: Black Sludge
|-damage|p2a: Tentacruel|50\/361 brn|[from] brn
|turn|30
|
|move|p2a: Tentacruel|Knock Off|p1a: Vaporeon
|-damage|p1a: Vaporeon|401\/451
|move|p1a: Vaporeon|Wish|p1a: Vaporeon
|
|-heal|p2a: Tentacruel|72\/361 brn|[from] item: Black Sludge
|-damage|p2a: Tentacruel|27\/361 brn|[from] brn
|turn|31
|
|move|p2a: Tentacruel|Scald|p1a: Vaporeon
|-heal|p1a: Vaporeon|451\/451|[from] ability: Water Absorb|[of] p2a: Tentacruel
|move|p1a: Vaporeon|Scald|p2a: Tentacruel
|-resisted|p2a: Tentacruel
|-damage|p2a: Tentacruel|0 fnt
|faint|p2a: Tentacruel
|
|
|switch|p2a: Krookodile|Krookodile, F|331\/331
|-ability|p2a: Krookodile|Intimidate|[of] p1a: Vaporeon
|-unboost|p1a: Vaporeon|atk|1
|turn|32
|
|move|p1a: Vaporeon|Protect|p1a: Vaporeon
|-singleturn|p1a: Vaporeon|Protect
|move|p2a: Krookodile|Earthquake|p1a: Vaporeon
|-activate|p1a: Vaporeon|Protect
|
|turn|33
|
|move|p2a: Krookodile|Earthquake|p1a: Vaporeon
|-damage|p1a: Vaporeon|192\/451
|move|p1a: Vaporeon|Scald|p2a: Krookodile
|-supereffective|p2a: Krookodile
|-damage|p2a: Krookodile|55\/331
|
|turn|34
|
|move|p2a: Krookodile|Earthquake|p1a: Vaporeon
|-damage|p1a: Vaporeon|0 fnt
|faint|p1a: Vaporeon
|
|
|switch|p1a: Whimsicott|Whimsicott, F|261\/261
|-status|p1a: Whimsicott|tox
|turn|35
|
|move|p1a: Whimsicott|U-turn|p2a: Krookodile
|-supereffective|p2a: Krookodile
|-damage|p2a: Krookodile|0 fnt
|faint|p2a: Krookodile
|
|switch|p1a: Mienshao|Mienshao, F|271\/271
|-status|p1a: Mienshao|tox
|
|-damage|p1a: Mienshao|255\/271 tox|[from] psn
|
|switch|p2a: Jirachi|Jirachi|257\/341
|turn|36
|
|move|p1a: Mienshao|High Jump Kick|p2a: Jirachi
|-crit|p2a: Jirachi
|-damage|p2a: Jirachi|0 fnt
|faint|p2a: Jirachi
|
|-damage|p1a: Mienshao|223\/271 tox|[from] psn
|
|switch|p2a: Yanmega|Yanmega, M|313\/313
|turn|37
|
|switch|p1a: Whimsicott|Whimsicott, F|261\/261 tox
|move|p2a: Yanmega|Air Cutter|p1a: Whimsicott
|-supereffective|p1a: Whimsicott
|-damage|p1a: Whimsicott|0 fnt
|-damage|p2a: Yanmega|282\/313|[from] item: Life Orb
|faint|p1a: Whimsicott
|
|-boost|p2a: Yanmega|spe|1|[from] ability: Speed Boost
|
|switch|p1a: Mienshao|Mienshao, F|223\/271 tox
|turn|38
|
|move|p2a: Yanmega|Protect|p2a: Yanmega
|-singleturn|p2a: Yanmega|Protect
|move|p1a: Mienshao|Stone Edge|p2a: Yanmega
|-activate|p2a: Yanmega|Protect
|
|-damage|p1a: Mienshao|207\/271 tox|[from] psn
|-boost|p2a: Yanmega|spe|1|[from] ability: Speed Boost
|turn|39
|-message|so dynamic forfeited.
|
|win|Niconico
|raw|Ladder updating...
|leave|so dynamic
|player|p1
|raw|so dynamic's rating: 1723 &rarr; <strong>1699<\/strong><br \/>(-24 for losing)
|raw|Niconico's rating: 1655 &rarr; <strong>1679<\/strong><br \/>(+24 for winning)
|leave|fight to the death