|join|skeetah
|join|Niconico
|player|p1|skeetah|2
|player|p2|Niconico|101
|gametype|singles
|gen|6
|tier|UU
|rated
|rule|Sleep Clause Mod: Limit one foe put to sleep
|rule|Species Clause: Limit one of each Pokémon
|rule|OHKO Clause: OHKO moves are banned
|rule|Moody Clause: Moody is banned
|rule|Evasion Moves Clause: Evasion moves are banned
|rule|Endless Battle Clause: Forcing endless battles is banned
|rule|HP Percentage Mod: HP is shown in percentages
|clearpoke
|poke|p1|Whimsicott, M
|poke|p1|Houndoom, F
|poke|p1|Haxorus, M
|poke|p1|Forretress, F
|poke|p1|Suicune
|poke|p1|Rotom-Heat
|poke|p2|Alakazam, F
|poke|p2|Krookodile, M
|poke|p2|Nidoqueen, F
|poke|p2|Crobat, F
|poke|p2|Jirachi, shiny
|poke|p2|Blastoise, M
|rule|Swagger Clause: Swagger is banned
|rule|Baton Pass Clause: Limit one Pokémon knowing Baton Pass
|teampreview
|
|start
|switch|p1a: Rotom-Heat|Rotom-Heat|304\/304
|switch|p2a: Crobat|Crobat, F|331\/331
|turn|1
|
|move|p2a: Crobat|U-turn|p1a: Rotom-Heat
|-resisted|p1a: Rotom-Heat
|-damage|p1a: Rotom-Heat|276\/304
|
|switch|p2a: Alakazam|Alakazam, F|251\/251
|move|p1a: Rotom-Heat|Overheat|p2a: Alakazam
|-damage|p2a: Alakazam|88\/251
|-unboost|p1a: Rotom-Heat|spa|2
|
|turn|2
|
|switch|p2a: Nidoqueen|Nidoqueen, F|354\/354
|move|p1a: Rotom-Heat|Shadow Ball|p2a: Nidoqueen
|-damage|p2a: Nidoqueen|317\/354
|
|turn|3
|
|switch|p1a: Suicune|Suicune|404\/404
|-ability|p1a: Suicune|Pressure
|move|p2a: Nidoqueen|Stealth Rock|p1a: Suicune
|-sidestart|p1: skeetah|move: Stealth Rock
|
|turn|4
|
|switch|p2a: Alakazam|Alakazam, F|88\/251
|move|p1a: Suicune|Calm Mind|p1a: Suicune
|-boost|p1a: Suicune|spa|1
|-boost|p1a: Suicune|spd|1
|
|turn|5
|
|move|p2a: Alakazam|Encore|p1a: Suicune
|-start|p1a: Suicune|Encore
|move|p1a: Suicune|Calm Mind|p1a: Suicune
|-boost|p1a: Suicune|spa|1
|-boost|p1a: Suicune|spd|1
|
|turn|6
|
|switch|p1a: Whimsicott|Whimsicott, M|324\/324
|-damage|p1a: Whimsicott|284\/324|[from] Stealth Rock
|move|p2a: Alakazam|Dazzling Gleam|p1a: Whimsicott
|-damage|p1a: Whimsicott|206\/324
|
|turn|7
|
|move|p2a: Alakazam|Psychic|p1a: Whimsicott
|-damage|p1a: Whimsicott|67\/324
|move|p1a: Whimsicott|Knock Off|p2a: Alakazam
|-supereffective|p2a: Alakazam
|-damage|p2a: Alakazam|0 fnt
|-enditem|p2a: Alakazam|Focus Sash|[from] move: Knock Off|[of] p1a: Whimsicott
|faint|p2a: Alakazam
|
|
|switch|p2a: Crobat|Crobat, F|331\/331
|turn|8
|
|switch|p1a: Rotom-Heat|Rotom-Heat|276\/304
|-damage|p1a: Rotom-Heat|200\/304|[from] Stealth Rock
|move|p2a: Crobat|Acrobatics|p1a: Rotom-Heat
|-crit|p1a: Rotom-Heat
|-resisted|p1a: Rotom-Heat
|-damage|p1a: Rotom-Heat|101\/304
|
|turn|9
|
|move|p2a: Crobat|U-turn|p1a: Rotom-Heat
|-resisted|p1a: Rotom-Heat
|-damage|p1a: Rotom-Heat|69\/304
|
|switch|p2a: Nidoqueen|Nidoqueen, F|317\/354
|move|p1a: Rotom-Heat|Volt Switch|p2a: Nidoqueen
|-immune|p2a: Nidoqueen|[msg]
|
|turn|10
|
|move|p2a: Nidoqueen|Sludge Wave|p1a: Rotom-Heat
|-damage|p1a: Rotom-Heat|0 fnt
|faint|p1a: Rotom-Heat
|
|
|switch|p1a: Suicune|Suicune|404\/404
|-damage|p1a: Suicune|354\/404|[from] Stealth Rock
|-ability|p1a: Suicune|Pressure
|turn|11
|
|move|p2a: Nidoqueen|Sludge Wave|p1a: Suicune
|-damage|p1a: Suicune|175\/404
|move|p1a: Suicune|Calm Mind|p1a: Suicune
|-boost|p1a: Suicune|spa|1
|-boost|p1a: Suicune|spd|1
|
|turn|12
|
|move|p2a: Nidoqueen|Sludge Wave|p1a: Suicune
|-damage|p1a: Suicune|33\/404
|move|p1a: Suicune|Rest|p1a: Suicune
|-status|p1a: Suicune|slp
|-heal|p1a: Suicune|404\/404 slp|[silent]
|-status|p1a: Suicune|slp|[from] move: Rest
|-enditem|p1a: Suicune|Chesto Berry|[eat]
|-curestatus|p1a: Suicune|slp
|
|turn|13
|
|move|p2a: Nidoqueen|Sludge Wave|p1a: Suicune
|-crit|p1a: Suicune
|-damage|p1a: Suicune|106\/404
|move|p1a: Suicune|Calm Mind|p1a: Suicune
|-boost|p1a: Suicune|spa|1
|-boost|p1a: Suicune|spd|1
|
|turn|14
|
|move|p2a: Nidoqueen|Sludge Wave|p1a: Suicune
|-damage|p1a: Suicune|7\/404
|move|p1a: Suicune|Scald|p2a: Nidoqueen
|-supereffective|p2a: Nidoqueen
|-damage|p2a: Nidoqueen|0 fnt
|faint|p2a: Nidoqueen
|
|
|switch|p2a: Crobat|Crobat, F|331\/331
|turn|15
|
|move|p2a: Crobat|Acrobatics|p1a: Suicune
|-damage|p1a: Suicune|0 fnt
|faint|p1a: Suicune
|
|
|switch|p1a: Forretress|Forretress, F|354\/354
|-damage|p1a: Forretress|310\/354|[from] Stealth Rock
|turn|16
|
|move|p2a: Crobat|U-turn|p1a: Forretress
|-resisted|p1a: Forretress
|-damage|p1a: Forretress|293\/354
|-damage|p2a: Crobat|276\/331|[from] item: Rocky Helmet|[of] p1a: Forretress
|
|switch|p2a: Jirachi|Jirachi, shiny|404\/404
|move|p1a: Forretress|Rapid Spin|p2a: Jirachi
|-resisted|p2a: Jirachi
|-damage|p2a: Jirachi|397\/404
|-sideend|p1: skeetah|Stealth Rock|[from] move: Rapid Spin|[of] p1a: Forretress
|
|-heal|p2a: Jirachi|404\/404|[from] item: Leftovers
|turn|17
|
|move|p2a: Jirachi|Substitute|p2a: Jirachi
|-start|p2a: Jirachi|Substitute
|-damage|p2a: Jirachi|303\/404
|move|p1a: Forretress|Volt Switch|p2a: Jirachi
|-activate|p2a: Jirachi|Substitute|[damage]
|
|switch|p1a: Houndoom|Houndoom, F|292\/292
|
|-heal|p2a: Jirachi|328\/404|[from] item: Leftovers
|turn|18
|
|detailschange|p1a: Houndoom|Houndoom-Mega, F
|message|Houndoom has Mega Evolved into Mega Houndoom!
|move|p1a: Houndoom|Flamethrower|p2a: Jirachi
|-supereffective|p2a: Jirachi
|-end|p2a: Jirachi|Substitute
|move|p2a: Jirachi|Moonblast|p1a: Houndoom
|-damage|p1a: Houndoom|198\/292
|-unboost|p1a: Houndoom|spa|1
|
|-heal|p2a: Jirachi|353\/404|[from] item: Leftovers
|turn|19
|
|switch|p2a: Blastoise|Blastoise, M|359\/359
|move|p1a: Houndoom|Flamethrower|p2a: Blastoise
|-resisted|p2a: Blastoise
|-damage|p2a: Blastoise|309\/359
|
|turn|20
|
|switch|p1a: Forretress|Forretress, F|293\/354
|detailschange|p2a: Blastoise|Blastoise-Mega, M
|message|Blastoise has Mega Evolved into Mega Blastoise!
|move|p2a: Blastoise|Aura Sphere|p1a: Forretress
|-damage|p1a: Forretress|42\/354
|
|turn|21
|
|move|p2a: Blastoise|Scald|p1a: Forretress
|-damage|p1a: Forretress|0 fnt
|faint|p1a: Forretress
|
|
|switch|p1a: Whimsicott|Whimsicott, M|67\/324
|turn|22
|
|move|p1a: Whimsicott|Tailwind|p1a: Whimsicott
|-sidestart|p1: skeetah|move: Tailwind
|move|p2a: Blastoise|Scald|p1a: Whimsicott
|-resisted|p1a: Whimsicott
|-damage|p1a: Whimsicott|2\/324
|-status|p1a: Whimsicott|brn
|
|-damage|p1a: Whimsicott|0 fnt|[from] brn
|faint|p1a: Whimsicott
|
|switch|p1a: Haxorus|Haxorus, M|294\/294
|-ability|p1a: Haxorus|Mold Breaker
|turn|23
|
|move|p1a: Haxorus|Outrage|p2a: Blastoise
|-damage|p2a: Blastoise|71\/359
|move|p2a: Blastoise|Aura Sphere|p1a: Haxorus
|-damage|p1a: Haxorus|93\/294
|
|turn|24
|
|move|p1a: Haxorus|Outrage|p2a: Blastoise
|-damage|p2a: Blastoise|0 fnt
|faint|p2a: Blastoise
|
|-end|p1a: Haxorus|rampage
|-start|p1a: Haxorus|confusion
|c|★Niconico|ouch
|
|switch|p2a: Jirachi|Jirachi, shiny|353\/404
|-enditem|p1a: Haxorus|Lum Berry|[eat]
|-end|p1a: Haxorus|confusion
|turn|25
|
|move|p1a: Haxorus|Earthquake|p2a: Jirachi
|-supereffective|p2a: Jirachi
|-damage|p2a: Jirachi|43\/404
|move|p2a: Jirachi|Moonblast|p1a: Haxorus
|-supereffective|p1a: Haxorus
|-damage|p1a: Haxorus|0 fnt
|faint|p1a: Haxorus
|
|-heal|p2a: Jirachi|68\/404|[from] item: Leftovers
|-sideend|p1: skeetah|move: Tailwind
|
|switch|p1a: Houndoom|Houndoom-Mega, F|198\/292
|turn|26
|
|move|p1a: Houndoom|Nasty Plot|p1a: Houndoom
|-boost|p1a: Houndoom|spa|2
|move|p2a: Jirachi|Moonblast|p1a: Houndoom
|-crit|p1a: Houndoom
|-damage|p1a: Houndoom|62\/292
|-unboost|p1a: Houndoom|spa|1
|
|-heal|p2a: Jirachi|93\/404|[from] item: Leftovers
|turn|27
|
|move|p1a: Houndoom|Flamethrower|p2a: Jirachi
|-supereffective|p2a: Jirachi
|-damage|p2a: Jirachi|0 fnt
|faint|p2a: Jirachi
|
|
|switch|p2a: Crobat|Crobat, F|276\/331
|turn|28
|
|move|p2a: Crobat|Acrobatics|p1a: Houndoom
|-damage|p1a: Houndoom|0 fnt
|faint|p1a: Houndoom
|
|win|Niconico
|raw|Ladder updating...
|raw|skeetah's rating: 1484 &rarr; <strong>1456<\/strong><br \/>(-28 for losing)
|raw|Niconico's rating: 1330 &rarr; <strong>1359<\/strong><br \/>(+29 for winning)
|leave|skeetah
|player|p1