|join|Volbeatdown
|join|151forfun
|player|p1|Volbeatdown|126
|player|p2|151forfun|3
|gametype|singles
|gen|6
|tier|UU
|rated
|rule|Sleep Clause Mod: Limit one foe put to sleep
|rule|Species Clause: Limit one of each Pokémon
|rule|OHKO Clause: OHKO moves are banned
|rule|Moody Clause: Moody is banned
|rule|Evasion Moves Clause: Evasion moves are banned
|rule|Endless Battle Clause: Forcing endless battles is banned
|rule|HP Percentage Mod: HP is shown in percentages
|clearpoke
|poke|p1|Meowstic, M
|poke|p1|Slurpuff, F
|poke|p1|Abomasnow, F
|poke|p1|Zygarde
|poke|p1|Toxicroak, M
|poke|p1|Azelf
|poke|p2|Blastoise, F
|poke|p2|Nidoqueen, F
|poke|p2|Weezing, F
|poke|p2|Snorlax, F
|poke|p2|Arcanine, F
|poke|p2|Alakazam, M
|rule|Swagger Clause: Swagger is banned
|rule|Baton Pass Clause: Limit one Pokémon knowing Baton Pass
|teampreview
|
|start
|switch|p1a: Azelf|Azelf|354\/354
|switch|p2a: Arcanine|Arcanine, F|383\/383
|-ability|p2a: Arcanine|Intimidate|[of] p1a: Azelf
|-unboost|p1a: Azelf|atk|1
|turn|1
|
|move|p1a: Azelf|Reflect|p1a: Azelf
|-sidestart|p1: Volbeatdown|Reflect
|move|p2a: Arcanine|Crunch|p1a: Azelf
|-supereffective|p1a: Azelf
|-damage|p1a: Azelf|152\/354
|-unboost|p1a: Azelf|def|1
|
|turn|2
|
|move|p1a: Azelf|Light Screen|p1a: Azelf
|-sidestart|p1: Volbeatdown|move: Light Screen
|move|p2a: Arcanine|Crunch|p1a: Azelf
|-supereffective|p1a: Azelf
|-damage|p1a: Azelf|0 fnt
|faint|p1a: Azelf
|
|
|switch|p1a: Zygarde|Zygarde|358\/358
|-ability|p1a: Zygarde|Aura Break
|turn|3
|
|switch|p2a: Nidoqueen|Nidoqueen, F|346\/346
|move|p1a: Zygarde|Dragon Dance|p1a: Zygarde
|-boost|p1a: Zygarde|atk|1
|-boost|p1a: Zygarde|spe|1
|
|turn|4
|
|move|p1a: Zygarde|Earthquake|p2a: Nidoqueen
|-supereffective|p2a: Nidoqueen
|-damage|p2a: Nidoqueen|0 fnt
|-damage|p1a: Zygarde|323\/358|[from] item: Life Orb
|faint|p2a: Nidoqueen
|
|
|switch|p2a: Weezing|Weezing, F|334\/334
|turn|5
|
|move|p1a: Zygarde|Outrage|p2a: Weezing
|-damage|p2a: Weezing|107\/334
|-damage|p1a: Zygarde|288\/358|[from] item: Life Orb
|move|p2a: Weezing|Will-O-Wisp|p1a: Zygarde
|-status|p1a: Zygarde|brn
|
|-heal|p2a: Weezing|127\/334|[from] item: Black Sludge
|-damage|p1a: Zygarde|244\/358 brn|[from] brn
|turn|6
|
|move|p1a: Zygarde|Outrage|p2a: Weezing
|-damage|p2a: Weezing|0 fnt
|-damage|p1a: Zygarde|209\/358 brn|[from] item: Life Orb
|faint|p2a: Weezing
|
|-end|p1a: Zygarde|rampage
|-start|p1a: Zygarde|confusion
|-damage|p1a: Zygarde|165\/358 brn|[from] brn
|
|switch|p2a: Alakazam|Alakazam, M|252\/252
|turn|7
|
|-activate|p1a: Zygarde|confusion
|move|p1a: Zygarde|Earthquake|p2a: Alakazam
|-enditem|p2a: Alakazam|Focus Sash
|-damage|p2a: Alakazam|1\/252
|-damage|p1a: Zygarde|130\/358 brn|[from] item: Life Orb
|move|p2a: Alakazam|Dazzling Gleam|p1a: Zygarde
|-supereffective|p1a: Zygarde
|-damage|p1a: Zygarde|36\/358 brn
|
|-damage|p1a: Zygarde|0 fnt|[from] brn
|faint|p1a: Zygarde
|
|switch|p1a: Abomasnow|Abomasnow, F|383\/383
|turn|8
|
|switch|p2a: Arcanine|Arcanine, F|383\/383
|-ability|p2a: Arcanine|Intimidate|[of] p1a: Abomasnow
|-unboost|p1a: Abomasnow|atk|1
|move|p1a: Abomasnow|Ice Shard|p2a: Arcanine
|-resisted|p2a: Arcanine
|-damage|p2a: Arcanine|360\/383
|
|-sideend|p1: Volbeatdown|Reflect
|turn|9
|
|switch|p1a: Toxicroak|Toxicroak, M|307\/307
|move|p2a: Arcanine|Flare Blitz|p1a: Toxicroak
|-damage|p1a: Toxicroak|0 fnt
|-damage|p2a: Arcanine|259\/383|[from] recoil|[of] p1a: Toxicroak
|faint|p1a: Toxicroak
|
|-sideend|p1: Volbeatdown|move: Light Screen
|
|switch|p1a: Meowstic|Meowstic, M|352\/352
|turn|10
|
|switch|p2a: Snorlax|Snorlax, F|461\/461
|move|p1a: Meowstic|Reflect|p1a: Meowstic
|-sidestart|p1: Volbeatdown|Reflect
|
|turn|11
|
|move|p1a: Meowstic|Light Screen|p1a: Meowstic
|-sidestart|p1: Volbeatdown|move: Light Screen
|move|p2a: Snorlax|Crunch|p1a: Meowstic
|-supereffective|p1a: Meowstic
|-damage|p1a: Meowstic|245\/352
|
|turn|12
|
|move|p1a: Meowstic|Yawn|p2a: Snorlax
|-start|p2a: Snorlax|move: Yawn|[of] p1a: Meowstic
|move|p2a: Snorlax|Body Slam|p1a: Meowstic
|-damage|p1a: Meowstic|159\/352
|
|turn|13
|
|switch|p1a: Abomasnow|Abomasnow, F|383\/383
|switch|p2a: Blastoise|Blastoise, F|362\/362
|
|turn|14
|
|detailschange|p2a: Blastoise|Blastoise-Mega, F
|message|Blastoise has Mega Evolved into Mega Blastoise!
|detailschange|p1a: Abomasnow|Abomasnow-Mega, F
|message|Abomasnow has Mega Evolved into Mega Abomasnow!
|-weather|Hail
|move|p2a: Blastoise|Aura Sphere|p1a: Abomasnow
|-supereffective|p1a: Abomasnow
|-damage|p1a: Abomasnow|222\/383
|move|p1a: Abomasnow|Seed Bomb|p2a: Blastoise
|-supereffective|p2a: Blastoise
|-damage|p2a: Blastoise|68\/362
|
|-weather|Hail|[upkeep]
|-damage|p2a: Blastoise|46\/362|[from] hail
|turn|15
|
|move|p2a: Blastoise|Aura Sphere|p1a: Abomasnow
|-supereffective|p1a: Abomasnow
|-damage|p1a: Abomasnow|57\/383
|move|p1a: Abomasnow|Swords Dance|p1a: Abomasnow
|-boost|p1a: Abomasnow|atk|2
|
|-weather|Hail|[upkeep]
|-damage|p2a: Blastoise|24\/362|[from] hail
|turn|16
|
|switch|p2a: Arcanine|Arcanine, F|259\/383
|-ability|p2a: Arcanine|Intimidate|[of] p1a: Abomasnow
|-unboost|p1a: Abomasnow|atk|1
|move|p1a: Abomasnow|Ice Shard|p2a: Arcanine
|-resisted|p2a: Arcanine
|-damage|p2a: Arcanine|193\/383
|
|-weather|Hail|[upkeep]
|-damage|p2a: Arcanine|170\/383|[from] hail
|turn|17
|
|move|p2a: Arcanine|Extreme Speed|p1a: Abomasnow
|-damage|p1a: Abomasnow|0 fnt
|faint|p1a: Abomasnow
|
|-weather|Hail|[upkeep]
|-damage|p2a: Arcanine|147\/383|[from] hail
|-sideend|p1: Volbeatdown|Reflect
|
|switch|p1a: Meowstic|Meowstic, M|159\/352
|turn|18
|
|move|p2a: Arcanine|Extreme Speed|p1a: Meowstic
|-damage|p1a: Meowstic|0 fnt
|faint|p1a: Meowstic
|
|-weather|none
|-sideend|p1: Volbeatdown|move: Light Screen
|
|switch|p1a: Slurpuff|Slurpuff, F|306\/306
|turn|19
|
|move|p2a: Arcanine|Extreme Speed|p1a: Slurpuff
|-damage|p1a: Slurpuff|153\/306
|-enditem|p1a: Slurpuff|Sitrus Berry|[eat]
|-heal|p1a: Slurpuff|229\/306|[from] item: Sitrus Berry
|move|p1a: Slurpuff|Frustration|p2a: Arcanine
|-damage|p2a: Arcanine|36\/383
|
|turn|20
|
|move|p2a: Arcanine|Extreme Speed|p1a: Slurpuff
|-damage|p1a: Slurpuff|84\/306
|move|p1a: Slurpuff|Frustration|p2a: Arcanine
|-damage|p2a: Arcanine|0 fnt
|faint|p2a: Arcanine
|
|
|switch|p2a: Snorlax|Snorlax, F|461\/461
|turn|21
|
|move|p1a: Slurpuff|Drain Punch|p2a: Snorlax
|-supereffective|p2a: Snorlax
|-damage|p2a: Snorlax|329\/461
|-heal|p1a: Slurpuff|150\/306|[from] drain|[of] p2a: Snorlax
|move|p2a: Snorlax|Body Slam|p1a: Slurpuff
|-damage|p1a: Slurpuff|0 fnt
|faint|p1a: Slurpuff
|
|win|151forfun
|raw|Ladder updating...
|leave|Volbeatdown
|player|p1
|c|★151forfun|gg
|raw|Volbeatdown's rating: 1532 &rarr; <strong>1510<\/strong><br \/>(-22 for losing)
|raw|151forfun's rating: 1500 &rarr; <strong>1522<\/strong><br \/>(+22 for winning)