|join|151forfun
|join|Volbeatdown
|player|p1|151forfun|3
|player|p2|Volbeatdown|126
|gametype|singles
|gen|6
|tier|UU
|rated
|rule|Sleep Clause Mod: Limit one foe put to sleep
|rule|Species Clause: Limit one of each Pokémon
|rule|OHKO Clause: OHKO moves are banned
|rule|Moody Clause: Moody is banned
|rule|Evasion Moves Clause: Evasion moves are banned
|rule|Endless Battle Clause: Forcing endless battles is banned
|rule|HP Percentage Mod: HP is shown in percentages
|clearpoke
|poke|p1|Blastoise, F
|poke|p1|Nidoqueen, F
|poke|p1|Weezing, F
|poke|p1|Snorlax, F
|poke|p1|Arcanine, F
|poke|p1|Alakazam, F
|poke|p2|Beedrill, F
|poke|p2|Swampert, F
|poke|p2|Raikou
|poke|p2|Crobat, M
|poke|p2|Jirachi
|poke|p2|Whimsicott, F
|rule|Swagger Clause: Swagger is banned
|rule|Baton Pass Clause: Limit one Pokémon knowing Baton Pass
|teampreview
|join|LiberalLucario
|
|start
|switch|p1a: Weezing|Weezing, F|334\/334
|switch|p2a: Raikou|Raikou|322\/322
|-ability|p2a: Raikou|Pressure
|turn|1
|
|move|p2a: Raikou|Volt Switch|p1a: Weezing
|-damage|p1a: Weezing|103\/334
|
|switch|p2a: Jirachi|Jirachi|341\/341
|move|p1a: Weezing|Toxic Spikes|p2a: Jirachi
|-sidestart|p2: Volbeatdown|move: Toxic Spikes
|
|-heal|p1a: Weezing|123\/334|[from] item: Black Sludge
|turn|2
|
|switch|p1a: Nidoqueen|Nidoqueen, F|346\/346
|move|p2a: Jirachi|Iron Head|p1a: Nidoqueen
|-damage|p1a: Nidoqueen|211\/346
|
|turn|3
|
|move|p2a: Jirachi|Iron Head|p1a: Nidoqueen
|-damage|p1a: Nidoqueen|81\/346
|move|p1a: Nidoqueen|Earthquake|p2a: Jirachi
|-supereffective|p2a: Jirachi
|-damage|p2a: Jirachi|0 fnt
|-damage|p1a: Nidoqueen|47\/346|[from] item: Life Orb
|faint|p2a: Jirachi
|
|
|switch|p2a: Crobat|Crobat, M|374\/374
|turn|4
|
|move|p2a: Crobat|Defog|p1a: Nidoqueen
|-unboost|p1a: Nidoqueen|evasion|1
|-sideend|p2: Volbeatdown|Toxic Spikes|[from] move: Defog|[of] p2a: Crobat
|move|p1a: Nidoqueen|Ice Punch|p2a: Crobat
|-supereffective|p2a: Crobat
|-damage|p2a: Crobat|70\/374
|
|-heal|p2a: Crobat|93\/374|[from] item: Black Sludge
|turn|5
|
|switch|p1a: Arcanine|Arcanine, F|383\/383
|-ability|p1a: Arcanine|Intimidate|[of] p2a: Crobat
|-unboost|p2a: Crobat|atk|1
|move|p2a: Crobat|Brave Bird|p1a: Arcanine
|-damage|p1a: Arcanine|278\/383
|-damage|p2a: Crobat|58\/374|[from] recoil|[of] p1a: Arcanine
|
|-heal|p2a: Crobat|81\/374|[from] item: Black Sludge
|turn|6
|
|switch|p2a: Raikou|Raikou|322\/322
|-ability|p2a: Raikou|Pressure
|switch|p1a: Alakazam|Alakazam, F|252\/252
|
|turn|7
|
|move|p1a: Alakazam|Psyshock|p2a: Raikou
|-damage|p2a: Raikou|148\/322
|move|p2a: Raikou|Volt Switch|p1a: Alakazam
|-damage|p1a: Alakazam|74\/252
|
|switch|p2a: Beedrill|Beedrill, F|272\/272
|
|turn|8
|
|switch|p1a: Arcanine|Arcanine, F|278\/383
|-ability|p1a: Arcanine|Intimidate|[of] p2a: Beedrill
|-unboost|p2a: Beedrill|atk|1
|detailschange|p2a: Beedrill|Beedrill-Mega, F
|message|Beedrill has Mega Evolved into Mega Beedrill!
|move|p2a: Beedrill|Protect|p2a: Beedrill
|-fail|p2a: Beedrill
|
|turn|9
|
|move|p1a: Arcanine|Extreme Speed|p2a: Beedrill
|-damage|p2a: Beedrill|0 fnt
|faint|p2a: Beedrill
|
|
|switch|p2a: Swampert|Swampert, F|404\/404
|turn|10
|
|switch|p1a: Nidoqueen|Nidoqueen, F|47\/346
|move|p2a: Swampert|Scald|p1a: Nidoqueen
|-supereffective|p1a: Nidoqueen
|-damage|p1a: Nidoqueen|0 fnt
|faint|p1a: Nidoqueen
|
|
|switch|p1a: Alakazam|Alakazam, F|74\/252
|turn|11
|
|switch|p2a: Crobat|Crobat, M|81\/374
|move|p1a: Alakazam|Psyshock|p2a: Crobat
|-supereffective|p2a: Crobat
|-damage|p2a: Crobat|0 fnt
|faint|p2a: Crobat
|
|
|switch|p2a: Swampert|Swampert, F|404\/404
|turn|12
|
|move|p1a: Alakazam|Energy Ball|p2a: Swampert
|-supereffective|p2a: Swampert
|-damage|p2a: Swampert|0 fnt
|faint|p2a: Swampert
|
|-message|Volbeatdown forfeited.
|
|win|151forfun
|raw|Ladder updating...
|raw|151forfun's rating: 1351 &rarr; <strong>1375<\/strong><br \/>(+24 for winning)
|raw|Volbeatdown's rating: 1414 &rarr; <strong>1391<\/strong><br \/>(-23 for losing)
|leave|Volbeatdown
|player|p2
|c|★151forfun|gg