|join|BellyDrumZohan
|join|151forfun
|player|p1|BellyDrumZohan|76
|player|p2|151forfun|3
|gametype|singles
|gen|6
|tier|UU
|rated
|rule|Sleep Clause Mod: Limit one foe put to sleep
|rule|Species Clause: Limit one of each Pokémon
|rule|OHKO Clause: OHKO moves are banned
|rule|Moody Clause: Moody is banned
|rule|Evasion Moves Clause: Evasion moves are banned
|rule|Endless Battle Clause: Forcing endless battles is banned
|rule|HP Percentage Mod: HP is shown in percentages
|clearpoke
|poke|p1|Vaporeon, M
|poke|p1|Slurpuff, F
|poke|p1|Cresselia, F
|poke|p1|Lucario, F
|poke|p1|Houndoom, F
|poke|p1|Forretress, F
|poke|p2|Blastoise, F
|poke|p2|Nidoqueen, F
|poke|p2|Weezing, F
|poke|p2|Snorlax, F
|poke|p2|Arcanine, M
|poke|p2|Alakazam, F
|rule|Swagger Clause: Swagger is banned
|rule|Baton Pass Clause: Limit one Pokémon knowing Baton Pass
|teampreview
|
|start
|switch|p1a: Cresselia|Cresselia, F|443\/443
|switch|p2a: Weezing|Weezing, F|334\/334
|turn|1
|
|move|p1a: Cresselia|Thunder Wave|p2a: Weezing
|-status|p2a: Weezing|par
|cant|p2a: Weezing|par
|
|turn|2
|
|move|p1a: Cresselia|Light Screen|p1a: Cresselia
|-sidestart|p1: BellyDrumZohan|move: Light Screen
|cant|p2a: Weezing|par
|
|turn|3
|
|switch|p2a: Nidoqueen|Nidoqueen, F|346\/346
|move|p1a: Cresselia|Reflect|p1a: Cresselia
|-sidestart|p1: BellyDrumZohan|Reflect
|
|turn|4
|
|switch|p1a: Vaporeon|Vaporeon, M|452\/452
|move|p2a: Nidoqueen|Stealth Rock|p1a: Vaporeon
|-sidestart|p1: BellyDrumZohan|move: Stealth Rock
|
|turn|5
|
|switch|p2a: Alakazam|Alakazam, F|252\/252
|move|p1a: Vaporeon|Wish|p1a: Vaporeon
|
|turn|6
|
|move|p2a: Alakazam|Encore|p1a: Vaporeon
|-start|p1a: Vaporeon|Encore
|move|p1a: Vaporeon|Wish|p1a: Vaporeon
|-fail|p1a: Vaporeon
|
|turn|7
|
|switch|p2a: Blastoise|Blastoise, F|362\/362
|move|p1a: Vaporeon|Wish|p1a: Vaporeon
|
|turn|8
|
|switch|p2a: Alakazam|Alakazam, F|252\/252
|switch|p1a: Forretress|Forretress, F|353\/353
|-damage|p1a: Forretress|309\/353|[from] Stealth Rock
|
|-heal|p1a: Forretress|353\/353|[from] move: Wish|[wisher] Vaporeon
|turn|9
|
|switch|p2a: Blastoise|Blastoise, F|362\/362
|move|p1a: Forretress|Gyro Ball|p2a: Blastoise
|-resisted|p2a: Blastoise
|-damage|p2a: Blastoise|328\/362
|
|-sideend|p1: BellyDrumZohan|move: Light Screen
|turn|10
|
|detailschange|p2a: Blastoise|Blastoise-Mega, F
|-mega|p2a: Blastoise|Blastoise|Blastoisinite
|move|p2a: Blastoise|Aura Sphere|p1a: Forretress
|-damage|p1a: Forretress|181\/353
|move|p1a: Forretress|Rapid Spin|p2a: Blastoise
|-damage|p2a: Blastoise|315\/362
|-sideend|p1: BellyDrumZohan|Stealth Rock|[from] move: Rapid Spin|[of] p1a: Forretress
|
|-heal|p1a: Forretress|203\/353|[from] item: Leftovers
|-sideend|p1: BellyDrumZohan|Reflect
|turn|11
|
|switch|p1a: Cresselia|Cresselia, F|443\/443
|move|p2a: Blastoise|Aura Sphere|p1a: Cresselia
|-resisted|p1a: Cresselia
|-damage|p1a: Cresselia|395\/443
|
|turn|12
|
|move|p1a: Cresselia|Light Screen|p1a: Cresselia
|-sidestart|p1: BellyDrumZohan|move: Light Screen
|move|p2a: Blastoise|Dark Pulse|p1a: Cresselia
|-supereffective|p1a: Cresselia
|-damage|p1a: Cresselia|295\/443
|
|turn|13
|
|switch|p2a: Weezing|Weezing, F|334\/334 par
|move|p1a: Cresselia|Thunder Wave|p2a: Weezing
|-fail|p2a: Weezing|par
|
|turn|14
|
|move|p1a: Cresselia|Reflect|p1a: Cresselia
|-sidestart|p1: BellyDrumZohan|Reflect
|move|p2a: Weezing|Toxic Spikes|p1a: Cresselia
|-sidestart|p1: BellyDrumZohan|move: Toxic Spikes
|
|turn|15
|
|switch|p1a: Forretress|Forretress, F|203\/353
|switch|p2a: Arcanine|Arcanine, M|383\/383
|-ability|p2a: Arcanine|Intimidate|[of] p1a: Forretress
|-unboost|p1a: Forretress|atk|1
|
|-heal|p1a: Forretress|225\/353|[from] item: Leftovers
|turn|16
|
|switch|p1a: Cresselia|Cresselia, F|295\/443
|move|p2a: Arcanine|Close Combat|p1a: Cresselia
|-resisted|p1a: Cresselia
|-damage|p1a: Cresselia|250\/443
|-unboost|p2a: Arcanine|def|1
|-unboost|p2a: Arcanine|spd|1
|
|turn|17
|
|switch|p2a: Nidoqueen|Nidoqueen, F|346\/346
|switch|p1a: Forretress|Forretress, F|225\/353
|
|-heal|p1a: Forretress|247\/353|[from] item: Leftovers
|turn|18
|
|move|p2a: Nidoqueen|Earthquake|p1a: Forretress
|-damage|p1a: Forretress|178\/353
|-damage|p2a: Nidoqueen|312\/346|[from] item: Life Orb
|move|p1a: Forretress|Stealth Rock|p2a: Nidoqueen
|-sidestart|p2: 151forfun|move: Stealth Rock
|
|-heal|p1a: Forretress|200\/353|[from] item: Leftovers
|turn|19
|
|switch|p2a: Blastoise|Blastoise-Mega, F|315\/362
|-damage|p2a: Blastoise|270\/362|[from] Stealth Rock
|move|p1a: Forretress|Rapid Spin|p2a: Blastoise
|-damage|p2a: Blastoise|257\/362
|-sideend|p1: BellyDrumZohan|Toxic Spikes|[from] move: Rapid Spin|[of] p1a: Forretress
|
|-heal|p1a: Forretress|222\/353|[from] item: Leftovers
|-sideend|p1: BellyDrumZohan|move: Light Screen
|turn|20
|
|move|p2a: Blastoise|Dark Pulse|p1a: Forretress
|-damage|p1a: Forretress|71\/353
|move|p1a: Forretress|Volt Switch|p2a: Blastoise
|-supereffective|p2a: Blastoise
|-damage|p2a: Blastoise|187\/362
|
|switch|p1a: Cresselia|Cresselia, F|250\/443
|
|turn|21
|
|switch|p2a: Nidoqueen|Nidoqueen, F|312\/346
|-damage|p2a: Nidoqueen|291\/346|[from] Stealth Rock
|move|p1a: Cresselia|Thunder Wave|p2a: Nidoqueen
|-immune|p2a: Nidoqueen|[msg]
|
|-sideend|p1: BellyDrumZohan|Reflect
|turn|22
|
|move|p2a: Nidoqueen|Poison Jab|p1a: Cresselia
|-damage|p1a: Cresselia|62\/443
|move|p1a: Cresselia|Reflect|p1a: Cresselia
|-sidestart|p1: BellyDrumZohan|Reflect
|
|turn|23
|
|switch|p1a: Vaporeon|Vaporeon, M|452\/452
|move|p2a: Nidoqueen|Stealth Rock|p1a: Vaporeon
|-sidestart|p1: BellyDrumZohan|move: Stealth Rock
|
|turn|24
|
|switch|p2a: Blastoise|Blastoise-Mega, F|187\/362
|-damage|p2a: Blastoise|142\/362|[from] Stealth Rock
|move|p1a: Vaporeon|Scald|p2a: Blastoise
|-resisted|p2a: Blastoise
|-damage|p2a: Blastoise|93\/362
|
|turn|25
|
|move|p2a: Blastoise|Rapid Spin|p1a: Vaporeon
|-damage|p1a: Vaporeon|444\/452
|-sideend|p2: 151forfun|Stealth Rock|[from] move: Rapid Spin|[of] p2a: Blastoise
|move|p1a: Vaporeon|Scald|p2a: Blastoise
|-resisted|p2a: Blastoise
|-damage|p2a: Blastoise|47\/362
|
|-heal|p1a: Vaporeon|452\/452|[from] item: Leftovers
|turn|26
|
|move|p2a: Blastoise|Dark Pulse|p1a: Vaporeon
|-damage|p1a: Vaporeon|305\/452
|move|p1a: Vaporeon|Wish|p1a: Vaporeon
|
|-heal|p1a: Vaporeon|333\/452|[from] item: Leftovers
|turn|27
|
|move|p2a: Blastoise|Dark Pulse|p1a: Vaporeon
|-damage|p1a: Vaporeon|180\/452
|move|p1a: Vaporeon|Scald|p2a: Blastoise
|-resisted|p2a: Blastoise
|-damage|p2a: Blastoise|0 fnt
|faint|p2a: Blastoise
|
|-heal|p1a: Vaporeon|406\/452|[from] move: Wish|[wisher] Vaporeon
|-heal|p1a: Vaporeon|434\/452|[from] item: Leftovers
|
|switch|p2a: Alakazam|Alakazam, F|252\/252
|turn|28
|
|move|p2a: Alakazam|Energy Ball|p1a: Vaporeon
|-supereffective|p1a: Vaporeon
|-damage|p1a: Vaporeon|234\/452
|move|p1a: Vaporeon|Scald|p2a: Alakazam
|-damage|p2a: Alakazam|141\/252
|
|-heal|p1a: Vaporeon|262\/452|[from] item: Leftovers
|turn|29
|
|move|p1a: Vaporeon|Protect|p1a: Vaporeon
|-singleturn|p1a: Vaporeon|Protect
|move|p2a: Alakazam|Energy Ball|p1a: Vaporeon
|-activate|p1a: Vaporeon|Protect
|
|-heal|p1a: Vaporeon|290\/452|[from] item: Leftovers
|-sideend|p1: BellyDrumZohan|Reflect
|turn|30
|
|switch|p1a: Lucario|Lucario, F|281\/281
|-damage|p1a: Lucario|273\/281|[from] Stealth Rock
|move|p2a: Alakazam|Encore|p1a: Lucario
|-fail|p1a: Lucario
|
|turn|31
|
|move|p1a: Lucario|Extreme Speed|p2a: Alakazam
|-crit|p2a: Alakazam
|-damage|p2a: Alakazam|0 fnt
|-damage|p1a: Lucario|245\/281|[from] item: Life Orb
|faint|p2a: Alakazam
|
|
|switch|p2a: Arcanine|Arcanine, M|383\/383
|-ability|p2a: Arcanine|Intimidate|[of] p1a: Lucario
|-unboost|p1a: Lucario|atk|1
|turn|32
|
|switch|p1a: Forretress|Forretress, F|71\/353
|-damage|p1a: Forretress|27\/353|[from] Stealth Rock
|move|p2a: Arcanine|Close Combat|p1a: Forretress
|-damage|p1a: Forretress|0 fnt
|-unboost|p2a: Arcanine|def|1
|-unboost|p2a: Arcanine|spd|1
|faint|p1a: Forretress
|
|
|switch|p1a: Vaporeon|Vaporeon, M|290\/452
|-damage|p1a: Vaporeon|234\/452|[from] Stealth Rock
|turn|33
|
|switch|p2a: Weezing|Weezing, F|334\/334 par
|move|p1a: Vaporeon|Wish|p1a: Vaporeon
|
|-heal|p1a: Vaporeon|262\/452|[from] item: Leftovers
|turn|34
|
|switch|p1a: Houndoom|Houndoom, F|291\/291
|-damage|p1a: Houndoom|219\/291|[from] Stealth Rock
|move|p2a: Weezing|Sludge Bomb|p1a: Houndoom
|-damage|p1a: Houndoom|107\/291
|
|-heal|p1a: Houndoom|291\/291|[from] move: Wish|[wisher] Vaporeon
|turn|35
|
|switch|p1a: Cresselia|Cresselia, F|62\/443
|-damage|p1a: Cresselia|7\/443|[from] Stealth Rock
|move|p2a: Weezing|Sludge Bomb|p1a: Cresselia
|-damage|p1a: Cresselia|0 fnt
|faint|p1a: Cresselia
|
|
|switch|p1a: Vaporeon|Vaporeon, M|262\/452
|-damage|p1a: Vaporeon|206\/452|[from] Stealth Rock
|turn|36
|
|move|p1a: Vaporeon|Wish|p1a: Vaporeon
|move|p2a: Weezing|Toxic Spikes|p1a: Vaporeon
|-sidestart|p1: BellyDrumZohan|move: Toxic Spikes
|
|-heal|p1a: Vaporeon|234\/452|[from] item: Leftovers
|turn|37
|
|switch|p1a: Slurpuff|Slurpuff, F|316\/316
|-status|p1a: Slurpuff|psn
|-damage|p1a: Slurpuff|277\/316 psn|[from] Stealth Rock
|move|p2a: Weezing|Will-O-Wisp|p1a: Slurpuff
|-fail|p1a: Slurpuff
|
|-heal|p1a: Slurpuff|316\/316 psn|[from] move: Wish|[wisher] Vaporeon
|-damage|p1a: Slurpuff|277\/316 psn|[from] psn
|turn|38
|
|move|p1a: Slurpuff|Belly Drum|p1a: Slurpuff
|-damage|p1a: Slurpuff|119\/316 psn
|-setboost|p1a: Slurpuff|atk|6|[from] move: Belly Drum
|-enditem|p1a: Slurpuff|Sitrus Berry|[eat]
|-heal|p1a: Slurpuff|198\/316 psn|[from] item: Sitrus Berry
|cant|p2a: Weezing|par
|
|-damage|p1a: Slurpuff|159\/316 psn|[from] psn
|turn|39
|
|move|p1a: Slurpuff|Return|p2a: Weezing
|-damage|p2a: Weezing|104\/334 par
|move|p2a: Weezing|Sludge Bomb|p1a: Slurpuff
|-supereffective|p1a: Slurpuff
|-damage|p1a: Slurpuff|0 fnt
|faint|p1a: Slurpuff
|
|-heal|p2a: Weezing|124\/334 par|[from] item: Black Sludge
|
|switch|p1a: Houndoom|Houndoom, F|291\/291
|-damage|p1a: Houndoom|219\/291|[from] Stealth Rock
|-status|p1a: Houndoom|psn
|turn|40
|
|detailschange|p1a: Houndoom|Houndoom-Mega, F
|-mega|p1a: Houndoom|Houndoom|Houndoominite
|move|p1a: Houndoom|Fire Blast|p2a: Weezing
|-damage|p2a: Weezing|0 fnt
|faint|p2a: Weezing
|
|-damage|p1a: Houndoom|183\/291 psn|[from] psn
|
|switch|p2a: Snorlax|Snorlax, F|461\/461
|turn|41
|
|move|p1a: Houndoom|Destiny Bond|p1a: Houndoom
|-singlemove|p1a: Houndoom|Destiny Bond
|move|p2a: Snorlax|Earthquake|p1a: Houndoom
|-supereffective|p1a: Houndoom
|-damage|p1a: Houndoom|0 fnt
|faint|p1a: Houndoom
|-activate|p1a: Houndoom|Destiny Bond
|faint|p2a: Snorlax
|
|
|switch|p2a: Nidoqueen|Nidoqueen, F|291\/346
|switch|p1a: Vaporeon|Vaporeon, M|234\/452
|-status|p1a: Vaporeon|psn
|-damage|p1a: Vaporeon|178\/452 psn|[from] Stealth Rock
|turn|42
|
|move|p2a: Nidoqueen|Poison Jab|p1a: Vaporeon
|-damage|p1a: Vaporeon|0 fnt
|faint|p1a: Vaporeon
|
|
|switch|p1a: Lucario|Lucario, F|245\/281
|-damage|p1a: Lucario|237\/281|[from] Stealth Rock
|turn|43
|
|move|p1a: Lucario|Extreme Speed|p2a: Nidoqueen
|-damage|p2a: Nidoqueen|143\/346
|-damage|p1a: Lucario|209\/281|[from] item: Life Orb
|move|p2a: Nidoqueen|Earthquake|p1a: Lucario
|-supereffective|p1a: Lucario
|-damage|p1a: Lucario|0 fnt
|-damage|p2a: Nidoqueen|109\/346|[from] item: Life Orb
|faint|p1a: Lucario
|
|win|151forfun
|raw|Ladder updating...
|raw|BellyDrumZohan's rating: 1601 &rarr; <strong>1577<\/strong><br \/>(-24 for losing)
|raw|151forfun's rating: 1547 &rarr; <strong>1570<\/strong><br \/>(+23 for winning)
|c|★151forfun|gg
|c|★BellyDrumZohan|gg