|join|151forfun
|join|trevor ellis
|player|p1|151forfun|3
|player|p2|trevor ellis|207
|gametype|singles
|gen|6
|tier|UU
|rated
|rule|Sleep Clause Mod: Limit one foe put to sleep
|rule|Species Clause: Limit one of each Pokémon
|rule|OHKO Clause: OHKO moves are banned
|rule|Moody Clause: Moody is banned
|rule|Evasion Moves Clause: Evasion moves are banned
|rule|Endless Battle Clause: Forcing endless battles is banned
|rule|HP Percentage Mod: HP is shown in percentages
|clearpoke
|poke|p1|Blastoise, M
|poke|p1|Nidoqueen, F
|poke|p1|Weezing, F
|poke|p1|Snorlax, F
|poke|p1|Arcanine, F
|poke|p1|Alakazam, F
|poke|p2|Abomasnow, F
|poke|p2|Krookodile, F
|poke|p2|Tentacruel, M
|poke|p2|Swampert, F
|poke|p2|Mienshao, M
|poke|p2|Cresselia, F
|rule|Swagger Clause: Swagger is banned
|rule|Baton Pass Clause: Limit one Pokémon knowing Baton Pass
|teampreview
|
|start
|switch|p1a: Arcanine|Arcanine, F|383\/383
|switch|p2a: shrek shrek|Swampert, F|404\/404
|-ability|p1a: Arcanine|Intimidate|[of] p2a: shrek shrek
|-unboost|p2a: shrek shrek|atk|1
|turn|1
|
|switch|p1a: Blastoise|Blastoise, M|362\/362
|move|p2a: shrek shrek|Scald|p1a: Blastoise
|-resisted|p1a: Blastoise
|-damage|p1a: Blastoise|326\/362
|
|turn|2
|
|detailschange|p1a: Blastoise|Blastoise-Mega, M
|-mega|p1a: Blastoise|Blastoise|Blastoisinite
|move|p1a: Blastoise|Dark Pulse|p2a: shrek shrek
|-damage|p2a: shrek shrek|236\/404
|cant|p2a: shrek shrek|flinch
|
|-heal|p2a: shrek shrek|261\/404|[from] item: Leftovers
|turn|3
|
|move|p2a: shrek shrek|Protect|p2a: shrek shrek
|-singleturn|p2a: shrek shrek|Protect
|move|p1a: Blastoise|Dark Pulse|p2a: shrek shrek
|-activate|p2a: shrek shrek|Protect
|
|-heal|p2a: shrek shrek|286\/404|[from] item: Leftovers
|turn|4
|
|switch|p2a: squid|Tentacruel, M|364\/364
|move|p1a: Blastoise|Dark Pulse|p2a: squid
|-damage|p2a: squid|223\/364
|
|-heal|p2a: squid|245\/364|[from] item: Black Sludge
|turn|5
|
|switch|p1a: Alakazam|Alakazam, F|252\/252
|move|p2a: squid|Protect|p2a: squid
|-fail|p2a: squid
|
|-heal|p2a: squid|267\/364|[from] item: Black Sludge
|turn|6
|
|move|p2a: squid|Protect|p2a: squid
|-singleturn|p2a: squid|Protect
|move|p1a: Alakazam|Energy Ball|p2a: squid
|-activate|p2a: squid|Protect
|
|-heal|p2a: squid|289\/364|[from] item: Black Sludge
|turn|7
|
|switch|p2a: snowball|Abomasnow, F|321\/321
|-weather|Hail
|move|p1a: Alakazam|Psyshock|p2a: snowball
|-damage|p2a: snowball|150\/321
|
|-weather|Hail|[upkeep]
|turn|8
|
|switch|p1a: Snorlax|Snorlax, F|461\/461
|detailschange|p2a: snowball|Abomasnow-Mega, F
|-mega|p2a: snowball|Abomasnow|Abomasite
|move|p2a: snowball|Ice Shard|p1a: Snorlax
|-damage|p1a: Snorlax|391\/461
|
|-weather|Hail|[upkeep]
|-damage|p1a: Snorlax|363\/461|[from] hail
|turn|9
|
|move|p1a: Snorlax|Pursuit|p2a: snowball|[from]Pursuit
|-damage|p2a: snowball|58\/321
|switch|p2a: king krule|Krookodile, F|335\/335
|-ability|p2a: king krule|Intimidate|[of] p1a: Snorlax
|-unboost|p1a: Snorlax|atk|1
|
|-weather|Hail|[upkeep]
|-damage|p2a: king krule|315\/335|[from] hail
|-damage|p1a: Snorlax|335\/461|[from] hail
|-heal|p2a: king krule|335\/335|[from] item: Leftovers
|turn|10
|
|switch|p1a: Weezing|Weezing, F|334\/334
|move|p2a: king krule|Knock Off|p1a: Weezing
|-damage|p1a: Weezing|216\/334
|-enditem|p1a: Weezing|Black Sludge|[from] move: Knock Off|[of] p2a: king krule
|
|-weather|Hail|[upkeep]
|-damage|p2a: king krule|315\/335|[from] hail
|-damage|p1a: Weezing|196\/334|[from] hail
|-heal|p2a: king krule|335\/335|[from] item: Leftovers
|turn|11
|
|move|p2a: king krule|Taunt|p1a: Weezing
|-start|p1a: Weezing|move: Taunt
|cant|p1a: Weezing|move: Taunt|Toxic Spikes
|
|-weather|none
|turn|12
|
|move|p2a: king krule|Knock Off|p1a: Weezing
|-damage|p1a: Weezing|117\/334
|move|p1a: Weezing|Sludge Bomb|p2a: king krule
|-resisted|p2a: king krule
|-damage|p2a: king krule|272\/335
|-status|p2a: king krule|psn
|
|-heal|p2a: king krule|292\/335 psn|[from] item: Leftovers
|-damage|p2a: king krule|251\/335 psn|[from] psn
|turn|13
|
|switch|p1a: Blastoise|Blastoise-Mega, M|326\/362
|move|p2a: king krule|Knock Off|p1a: Blastoise
|-damage|p1a: Blastoise|229\/362
|
|-heal|p2a: king krule|271\/335 psn|[from] item: Leftovers
|-damage|p2a: king krule|230\/335 psn|[from] psn
|turn|14
|
|switch|p2a: squid|Tentacruel, M|289\/364
|move|p1a: Blastoise|Dark Pulse|p2a: squid
|-damage|p2a: squid|155\/364
|
|-heal|p2a: squid|177\/364|[from] item: Black Sludge
|turn|15
|
|switch|p1a: Alakazam|Alakazam, F|252\/252
|move|p2a: squid|Protect|p2a: squid
|-fail|p2a: squid
|
|-heal|p2a: squid|199\/364|[from] item: Black Sludge
|turn|16
|
|switch|p2a: snowball|Abomasnow-Mega, F|58\/321
|-weather|Hail
|move|p1a: Alakazam|Psyshock|p2a: snowball
|-damage|p2a: snowball|0 fnt
|faint|p2a: snowball
|
|-weather|Hail|[upkeep]
|
|switch|p2a: chun li|Mienshao, M|271\/271
|turn|17
|
|switch|p1a: Arcanine|Arcanine, F|383\/383
|-ability|p1a: Arcanine|Intimidate|[of] p2a: chun li
|-unboost|p2a: chun li|atk|1
|move|p2a: chun li|U-turn|p1a: Arcanine
|-resisted|p1a: Arcanine
|-damage|p1a: Arcanine|351\/383
|
|switch|p2a: shrek shrek|Swampert, F|286\/404
|
|-weather|Hail|[upkeep]
|-damage|p1a: Arcanine|328\/383|[from] hail
|-damage|p2a: shrek shrek|261\/404|[from] hail
|-heal|p2a: shrek shrek|286\/404|[from] item: Leftovers
|turn|18
|
|switch|p1a: Weezing|Weezing, F|117\/334
|move|p2a: shrek shrek|Stealth Rock|p1a: Weezing
|-sidestart|p1: 151forfun|move: Stealth Rock
|
|-weather|Hail|[upkeep]
|-damage|p1a: Weezing|97\/334|[from] hail
|-damage|p2a: shrek shrek|261\/404|[from] hail
|-heal|p2a: shrek shrek|286\/404|[from] item: Leftovers
|turn|19
|
|switch|p2a: king krule|Krookodile, F|230\/335 psn
|-ability|p2a: king krule|Intimidate|[of] p1a: Weezing
|-unboost|p1a: Weezing|atk|1
|move|p1a: Weezing|Will-O-Wisp|p2a: king krule
|-fail|p2a: king krule
|
|-weather|Hail|[upkeep]
|-damage|p2a: king krule|210\/335 psn|[from] hail
|-damage|p1a: Weezing|77\/334|[from] hail
|-heal|p2a: king krule|230\/335 psn|[from] item: Leftovers
|-damage|p2a: king krule|189\/335 psn|[from] psn
|turn|20
|
|move|p2a: king krule|Taunt|p1a: Weezing
|-start|p1a: Weezing|move: Taunt
|cant|p1a: Weezing|move: Taunt|Pain Split
|
|-weather|none
|-heal|p2a: king krule|209\/335 psn|[from] item: Leftovers
|-damage|p2a: king krule|168\/335 psn|[from] psn
|turn|21
|
|move|p2a: king krule|Knock Off|p1a: Weezing
|-damage|p1a: Weezing|0 fnt
|faint|p1a: Weezing
|
|-heal|p2a: king krule|188\/335 psn|[from] item: Leftovers
|-damage|p2a: king krule|147\/335 psn|[from] psn
|
|switch|p1a: Alakazam|Alakazam, F|252\/252
|turn|22
|
|move|p1a: Alakazam|Energy Ball|p2a: king krule
|-supereffective|p2a: king krule
|-damage|p2a: king krule|0 fnt
|faint|p2a: king krule
|
|
|switch|p2a: chun li|Mienshao, M|271\/271
|turn|23
|
|switch|p1a: Blastoise|Blastoise-Mega, M|229\/362
|-damage|p1a: Blastoise|184\/362|[from] Stealth Rock
|move|p2a: chun li|U-turn|p1a: Blastoise
|-crit|p1a: Blastoise
|-damage|p1a: Blastoise|84\/362
|
|switch|p2a: shrek shrek|Swampert, F|286\/404
|
|-heal|p2a: shrek shrek|311\/404|[from] item: Leftovers
|turn|24
|
|move|p1a: Blastoise|Dark Pulse|p2a: shrek shrek
|-damage|p2a: shrek shrek|142\/404
|cant|p2a: shrek shrek|flinch
|
|-heal|p2a: shrek shrek|167\/404|[from] item: Leftovers
|turn|25
|
|move|p2a: shrek shrek|Protect|p2a: shrek shrek
|-singleturn|p2a: shrek shrek|Protect
|move|p1a: Blastoise|Water Pulse|p2a: shrek shrek
|-activate|p2a: shrek shrek|Protect
|
|-heal|p2a: shrek shrek|192\/404|[from] item: Leftovers
|turn|26
|
|move|p1a: Blastoise|Water Pulse|p2a: shrek shrek
|-damage|p2a: shrek shrek|0 fnt
|faint|p2a: shrek shrek
|
|
|switch|p2a: chun li|Mienshao, M|271\/271
|turn|27
|
|move|p2a: chun li|U-turn|p1a: Blastoise
|-damage|p1a: Blastoise|19\/362
|
|switch|p2a: squid|Tentacruel, M|199\/364
|move|p1a: Blastoise|Rapid Spin|p2a: squid
|-damage|p2a: squid|185\/364
|-sideend|p1: 151forfun|Stealth Rock|[from] move: Rapid Spin|[of] p1a: Blastoise
|
|-heal|p2a: squid|207\/364|[from] item: Black Sludge
|turn|28
|
|switch|p1a: Snorlax|Snorlax, F|335\/461
|move|p2a: squid|Scald|p1a: Snorlax
|-damage|p1a: Snorlax|283\/461
|
|-heal|p2a: squid|229\/364|[from] item: Black Sludge
|turn|29
|
|move|p2a: squid|Scald|p1a: Snorlax
|-damage|p1a: Snorlax|235\/461
|move|p1a: Snorlax|Earthquake|p2a: squid
|-supereffective|p2a: squid
|-damage|p2a: squid|13\/364
|
|-heal|p2a: squid|35\/364|[from] item: Black Sludge
|turn|30
|
|move|p2a: squid|Scald|p1a: Snorlax
|-damage|p1a: Snorlax|186\/461
|-status|p1a: Snorlax|brn
|move|p1a: Snorlax|Pursuit|p2a: squid
|-damage|p2a: squid|14\/364
|
|-heal|p2a: squid|36\/364|[from] item: Black Sludge
|-damage|p1a: Snorlax|129\/461 brn|[from] brn
|turn|31
|
|move|p2a: squid|Scald|p1a: Snorlax
|-damage|p1a: Snorlax|81\/461 brn
|move|p1a: Snorlax|Body Slam|p2a: squid
|-damage|p2a: squid|0 fnt
|faint|p2a: squid
|
|-damage|p1a: Snorlax|24\/461 brn|[from] brn
|
|switch|p2a: alexis texas|Cresselia, F|444\/444
|turn|32
|
|move|p2a: alexis texas|Substitute|p2a: alexis texas
|-start|p2a: alexis texas|Substitute
|-damage|p2a: alexis texas|333\/444
|move|p1a: Snorlax|Crunch|p2a: alexis texas
|-supereffective|p2a: alexis texas
|-activate|p2a: alexis texas|Substitute|[damage]
|
|-heal|p2a: alexis texas|360\/444|[from] item: Leftovers
|-damage|p1a: Snorlax|0 fnt|[from] brn
|faint|p1a: Snorlax
|
|switch|p1a: Alakazam|Alakazam, F|252\/252
|turn|33
|
|move|p1a: Alakazam|Encore|p2a: alexis texas
|-start|p2a: alexis texas|Encore
|move|p2a: alexis texas|Substitute|p2a: alexis texas
|-fail|p2a: alexis texas|move: Substitute
|
|-heal|p2a: alexis texas|387\/444|[from] item: Leftovers
|turn|34
|
|switch|p2a: chun li|Mienshao, M|271\/271
|move|p1a: Alakazam|Psyshock|p2a: chun li
|-supereffective|p2a: chun li
|-damage|p2a: chun li|0 fnt
|faint|p2a: chun li
|
|-message|trevor ellis forfeited.
|leave|trevor ellis
|
|switch|p2a: alexis texas|Cresselia, F|387\/444
|turn|35
|
|win|151forfun
|raw|Ladder updating...
|player|p2
|raw|151forfun's rating: 1547 &rarr; <strong>1569<\/strong><br \/>(+22 for winning)
|raw|trevor ellis's rating: 1586 &rarr; <strong>1564<\/strong><br \/>(-22 for losing)