|join|151forfun
|join|OGWanka
|player|p1|151forfun|184
|player|p2|OGWanka|150
|gametype|singles
|gen|6
|tier|UU
|rated
|rule|Sleep Clause Mod: Limit one foe put to sleep
|rule|Species Clause: Limit one of each Pokémon
|rule|OHKO Clause: OHKO moves are banned
|rule|Moody Clause: Moody is banned
|rule|Evasion Moves Clause: Evasion moves are banned
|rule|Endless Battle Clause: Forcing endless battles is banned
|rule|HP Percentage Mod: HP is shown in percentages
|clearpoke
|poke|p1|Blastoise, F
|poke|p1|Nidoqueen, F
|poke|p1|Weezing, M
|poke|p1|Snorlax, F
|poke|p1|Arcanine, M
|poke|p1|Alakazam, M
|poke|p2|Cresselia, F, shiny
|poke|p2|Vaporeon, M, shiny
|poke|p2|Crobat, F
|poke|p2|Nidoqueen, F
|poke|p2|Ampharos, M, shiny
|poke|p2|Snorlax, M
|rule|Swagger Clause: Swagger is banned
|rule|Baton Pass Clause: Limit one Pokémon knowing Baton Pass
|teampreview
|
|start
|switch|p1a: Blastoise|Blastoise, F|362\/362
|switch|p2a: Vaporeon|Vaporeon, M, shiny|451\/451
|turn|1
|
|detailschange|p1a: Blastoise|Blastoise-Mega, F
|-mega|p1a: Blastoise|Blastoise|Blastoisinite
|move|p1a: Blastoise|Dark Pulse|p2a: Vaporeon
|-damage|p2a: Vaporeon|302\/451
|move|p2a: Vaporeon|Scald|p1a: Blastoise
|-resisted|p1a: Blastoise
|-damage|p1a: Blastoise|317\/362
|
|-heal|p2a: Vaporeon|330\/451|[from] item: Leftovers
|turn|2
|
|switch|p1a: Alakazam|Alakazam, M|252\/252
|move|p2a: Vaporeon|Wish|p2a: Vaporeon
|
|-heal|p2a: Vaporeon|358\/451|[from] item: Leftovers
|turn|3
|
|switch|p2a: Ampharos|Ampharos, M, shiny|384\/384
|move|p1a: Alakazam|Encore|p2a: Ampharos
|-fail|p2a: Ampharos
|
|turn|4
|
|switch|p1a: Snorlax|Snorlax, F|461\/461
|move|p2a: Ampharos|Dragon Pulse|p1a: Snorlax
|-damage|p1a: Snorlax|406\/461
|
|turn|5
|
|detailschange|p2a: Ampharos|Ampharos-Mega, M, shiny
|-mega|p2a: Ampharos|Ampharos|Ampharosite
|-ability|p2a: Ampharos|Mold Breaker
|move|p2a: Ampharos|Volt Switch|p1a: Snorlax
|-damage|p1a: Snorlax|310\/461
|
|switch|p2a: Cresselia|Cresselia, F, shiny|413\/413
|move|p1a: Snorlax|Crunch|p2a: Cresselia
|-supereffective|p2a: Cresselia
|-damage|p2a: Cresselia|291\/413
|
|turn|6
|
|switch|p1a: Blastoise|Blastoise-Mega, F|317\/362
|move|p2a: Cresselia|Calm Mind|p2a: Cresselia
|-boost|p2a: Cresselia|spa|1
|-boost|p2a: Cresselia|spd|1
|
|turn|7
|
|move|p2a: Cresselia|Moonlight|p2a: Cresselia
|-heal|p2a: Cresselia|413\/413
|move|p1a: Blastoise|Dark Pulse|p2a: Cresselia
|-supereffective|p2a: Cresselia
|-damage|p2a: Cresselia|235\/413
|
|turn|8
|
|switch|p1a: Alakazam|Alakazam, M|252\/252
|move|p2a: Cresselia|Calm Mind|p2a: Cresselia
|-boost|p2a: Cresselia|spa|1
|-boost|p2a: Cresselia|spd|1
|
|turn|9
|
|switch|p2a: Snorlax|Snorlax, M|524\/524
|move|p1a: Alakazam|Encore|p2a: Snorlax
|-fail|p2a: Snorlax
|
|turn|10
|
|switch|p1a: Nidoqueen|Nidoqueen, F|346\/346
|move|p2a: Snorlax|Return|p1a: Nidoqueen
|-damage|p1a: Nidoqueen|201\/346
|
|turn|11
|
|move|p1a: Nidoqueen|Stealth Rock|p2a: Snorlax
|-sidestart|p2: OGWanka|move: Stealth Rock
|move|p2a: Snorlax|Curse|p2a: Snorlax
|-boost|p2a: Snorlax|atk|1
|-boost|p2a: Snorlax|def|1
|-unboost|p2a: Snorlax|spe|1
|
|turn|12
|
|switch|p1a: Weezing|Weezing, M|334\/334
|move|p2a: Snorlax|Return|p1a: Weezing
|-damage|p1a: Weezing|213\/334
|
|-heal|p1a: Weezing|233\/334|[from] item: Black Sludge
|turn|13
|
|move|p1a: Weezing|Will-O-Wisp|p2a: Snorlax
|-status|p2a: Snorlax|brn
|move|p2a: Snorlax|Return|p1a: Weezing
|-damage|p1a: Weezing|166\/334
|
|-heal|p1a: Weezing|186\/334|[from] item: Black Sludge
|-damage|p2a: Snorlax|459\/524 brn|[from] brn
|turn|14
|
|switch|p2a: Nidoqueen|Nidoqueen, F|353\/353
|-damage|p2a: Nidoqueen|331\/353|[from] Stealth Rock
|move|p1a: Weezing|Pain Split|p2a: Nidoqueen
|-sethp|p2a: Nidoqueen|258\/353|p1a: Weezing|258\/334|[from] move: Pain Split
|
|-heal|p1a: Weezing|278\/334|[from] item: Black Sludge
|turn|15
|
|move|p2a: Nidoqueen|Stealth Rock|p1a: Weezing
|-sidestart|p1: 151forfun|move: Stealth Rock
|move|p1a: Weezing|Toxic Spikes|p2a: Nidoqueen
|-sidestart|p2: OGWanka|move: Toxic Spikes
|
|-heal|p1a: Weezing|298\/334|[from] item: Black Sludge
|turn|16
|
|switch|p1a: Alakazam|Alakazam, M|252\/252
|move|p2a: Nidoqueen|Sludge Wave|p1a: Alakazam
|-damage|p1a: Alakazam|30\/252
|
|turn|17
|
|switch|p2a: Cresselia|Cresselia, F, shiny|235\/413
|-damage|p2a: Cresselia|184\/413|[from] Stealth Rock
|move|p1a: Alakazam|Psyshock|p2a: Cresselia
|-resisted|p2a: Cresselia
|-damage|p2a: Cresselia|134\/413
|
|turn|18
|
|switch|p2a: Crobat|Crobat, F|355\/355
|-damage|p2a: Crobat|267\/355|[from] Stealth Rock
|move|p1a: Alakazam|Psyshock|p2a: Crobat
|-supereffective|p2a: Crobat
|-damage|p2a: Crobat|0 fnt
|faint|p2a: Crobat
|
|
|switch|p2a: Snorlax|Snorlax, M|459\/524 brn
|-damage|p2a: Snorlax|394\/524 brn|[from] Stealth Rock
|turn|19
|
|switch|p1a: Blastoise|Blastoise-Mega, F|317\/362
|-damage|p1a: Blastoise|272\/362|[from] Stealth Rock
|move|p2a: Snorlax|Return|p1a: Blastoise
|-damage|p1a: Blastoise|215\/362
|
|-heal|p2a: Snorlax|426\/524 brn|[from] item: Leftovers
|-damage|p2a: Snorlax|361\/524 brn|[from] brn
|turn|20
|
|switch|p2a: Nidoqueen|Nidoqueen, F|258\/353
|-damage|p2a: Nidoqueen|236\/353|[from] Stealth Rock
|-sideend|p2: OGWanka|move: Toxic Spikes|[of] p2a: Nidoqueen
|move|p1a: Blastoise|Aura Sphere|p2a: Nidoqueen
|-resisted|p2a: Nidoqueen
|-damage|p2a: Nidoqueen|143\/353
|
|turn|21
|
|move|p2a: Nidoqueen|Sludge Wave|p1a: Blastoise
|-damage|p1a: Blastoise|28\/362
|move|p1a: Blastoise|Dark Pulse|p2a: Nidoqueen
|-damage|p2a: Nidoqueen|0 fnt
|faint|p2a: Nidoqueen
|
|
|switch|p2a: Cresselia|Cresselia, F, shiny|134\/413
|-damage|p2a: Cresselia|83\/413|[from] Stealth Rock
|turn|22
|
|move|p2a: Cresselia|Psyshock|p1a: Blastoise
|-damage|p1a: Blastoise|0 fnt
|faint|p1a: Blastoise
|
|
|switch|p1a: Arcanine|Arcanine, M|383\/383
|-damage|p1a: Arcanine|288\/383|[from] Stealth Rock
|-ability|p1a: Arcanine|Intimidate|[of] p2a: Cresselia
|-unboost|p2a: Cresselia|atk|1
|turn|23
|
|move|p1a: Arcanine|Flare Blitz|p2a: Cresselia
|-damage|p2a: Cresselia|0 fnt
|-damage|p1a: Arcanine|261\/383|[from] recoil|[of] p2a: Cresselia
|faint|p2a: Cresselia
|
|
|switch|p2a: Snorlax|Snorlax, M|361\/524 brn
|-damage|p2a: Snorlax|296\/524 brn|[from] Stealth Rock
|turn|24
|
|switch|p1a: Alakazam|Alakazam, M|30\/252
|move|p2a: Snorlax|Rest|p2a: Snorlax
|-status|p2a: Snorlax|slp
|-heal|p2a: Snorlax|524\/524 slp|[silent]
|-status|p2a: Snorlax|slp|[from] move: Rest
|
|turn|25
|
|switch|p2a: Ampharos|Ampharos-Mega, M, shiny|384\/384
|-damage|p2a: Ampharos|336\/384|[from] Stealth Rock
|-ability|p2a: Ampharos|Mold Breaker
|move|p1a: Alakazam|Energy Ball|p2a: Ampharos
|-resisted|p2a: Ampharos
|-damage|p2a: Ampharos|286\/384
|
|turn|26
|
|switch|p1a: Nidoqueen|Nidoqueen, F|201\/346
|-damage|p1a: Nidoqueen|180\/346|[from] Stealth Rock
|move|p2a: Ampharos|Dragon Pulse|p1a: Nidoqueen
|-damage|p1a: Nidoqueen|0 fnt
|faint|p1a: Nidoqueen
|
|
|switch|p1a: Snorlax|Snorlax, F|310\/461
|-damage|p1a: Snorlax|253\/461|[from] Stealth Rock
|turn|27
|
|move|p2a: Ampharos|Dragon Pulse|p1a: Snorlax
|-damage|p1a: Snorlax|127\/461
|move|p1a: Snorlax|Earthquake|p2a: Ampharos
|-crit|p2a: Ampharos
|-supereffective|p2a: Ampharos
|-damage|p2a: Ampharos|0 fnt
|faint|p2a: Ampharos
|
|
|switch|p2a: Snorlax|Snorlax, M|524\/524 slp
|-damage|p2a: Snorlax|459\/524 slp|[from] Stealth Rock
|turn|28
|
|switch|p1a: Arcanine|Arcanine, M|261\/383
|-damage|p1a: Arcanine|166\/383|[from] Stealth Rock
|-ability|p1a: Arcanine|Intimidate|[of] p2a: Snorlax
|-unboost|p2a: Snorlax|atk|1
|cant|p2a: Snorlax|slp
|move|p2a: Snorlax|Sleep Talk|p2a: Snorlax
|move|p2a: Snorlax|Return|p1a: Arcanine|[from]Sleep Talk
|-damage|p1a: Arcanine|58\/383
|
|-heal|p2a: Snorlax|491\/524 slp|[from] item: Leftovers
|turn|29
|
|move|p1a: Arcanine|Close Combat|p2a: Snorlax
|-supereffective|p2a: Snorlax
|-damage|p2a: Snorlax|0 fnt
|-unboost|p1a: Arcanine|def|1
|-unboost|p1a: Arcanine|spd|1
|faint|p2a: Snorlax
|
|
|switch|p2a: Vaporeon|Vaporeon, M, shiny|358\/451
|-damage|p2a: Vaporeon|302\/451|[from] Stealth Rock
|turn|30
|
|move|p2a: Vaporeon|Protect|p2a: Vaporeon
|-singleturn|p2a: Vaporeon|Protect
|move|p1a: Arcanine|Close Combat|p2a: Vaporeon
|-activate|p2a: Vaporeon|Protect
|
|-heal|p2a: Vaporeon|330\/451|[from] item: Leftovers
|turn|31
|
|move|p1a: Arcanine|Close Combat|p2a: Vaporeon
|-damage|p2a: Vaporeon|117\/451
|-unboost|p1a: Arcanine|def|1
|-unboost|p1a: Arcanine|spd|1
|move|p2a: Vaporeon|Wish|p2a: Vaporeon
|
|-heal|p2a: Vaporeon|145\/451|[from] item: Leftovers
|turn|32
|
|switch|p1a: Weezing|Weezing, M|298\/334
|-damage|p1a: Weezing|257\/334|[from] Stealth Rock
|move|p2a: Vaporeon|Scald|p1a: Weezing
|-damage|p1a: Weezing|116\/334
|
|-heal|p2a: Vaporeon|370\/451|[from] move: Wish|[wisher] Vaporeon
|-heal|p2a: Vaporeon|398\/451|[from] item: Leftovers
|-heal|p1a: Weezing|136\/334|[from] item: Black Sludge
|turn|33
|
|move|p2a: Vaporeon|Scald|p1a: Weezing
|-damage|p1a: Weezing|1\/334
|move|p1a: Weezing|Pain Split|p2a: Vaporeon
|-sethp|p2a: Vaporeon|199\/451|p1a: Weezing|199\/334|[from] move: Pain Split
|
|-heal|p2a: Vaporeon|227\/451|[from] item: Leftovers
|-heal|p1a: Weezing|219\/334|[from] item: Black Sludge
|turn|34
|
|move|p2a: Vaporeon|Scald|p1a: Weezing
|-damage|p1a: Weezing|72\/334
|move|p1a: Weezing|Will-O-Wisp|p2a: Vaporeon
|-status|p2a: Vaporeon|brn
|
|-heal|p2a: Vaporeon|255\/451 brn|[from] item: Leftovers
|-heal|p1a: Weezing|92\/334|[from] item: Black Sludge
|-damage|p2a: Vaporeon|199\/451 brn|[from] brn
|turn|35
|c|★OGWanka|fkin rolls
|
|move|p2a: Vaporeon|Heal Bell|p2a: Vaporeon
|-cureteam|p2a: Vaporeon|[from] move: HealBell
|move|p1a: Weezing|Sludge Bomb|p2a: Vaporeon
|-damage|p2a: Vaporeon|118\/451
|
|-heal|p2a: Vaporeon|146\/451|[from] item: Leftovers
|-heal|p1a: Weezing|112\/334|[from] item: Black Sludge
|turn|36
|
|switch|p1a: Alakazam|Alakazam, M|30\/252
|move|p2a: Vaporeon|Wish|p2a: Vaporeon
|
|-heal|p2a: Vaporeon|174\/451|[from] item: Leftovers
|turn|37
|
|move|p1a: Alakazam|Encore|p2a: Vaporeon
|-start|p2a: Vaporeon|Encore
|move|p2a: Vaporeon|Wish|p2a: Vaporeon
|-fail|p2a: Vaporeon
|
|-heal|p2a: Vaporeon|399\/451|[from] move: Wish|[wisher] Vaporeon
|-heal|p2a: Vaporeon|427\/451|[from] item: Leftovers
|turn|38
|
|move|p1a: Alakazam|Energy Ball|p2a: Vaporeon
|-supereffective|p2a: Vaporeon
|-damage|p2a: Vaporeon|219\/451
|move|p2a: Vaporeon|Wish|p2a: Vaporeon
|
|-heal|p2a: Vaporeon|247\/451|[from] item: Leftovers
|turn|39
|
|move|p1a: Alakazam|Energy Ball|p2a: Vaporeon
|-supereffective|p2a: Vaporeon
|-damage|p2a: Vaporeon|39\/451
|move|p2a: Vaporeon|Wish|p2a: Vaporeon
|-fail|p2a: Vaporeon
|
|-heal|p2a: Vaporeon|264\/451|[from] move: Wish|[wisher] Vaporeon
|-heal|p2a: Vaporeon|292\/451|[from] item: Leftovers
|-end|p2a: Vaporeon|Encore
|turn|40
|
|move|p2a: Vaporeon|Protect|p2a: Vaporeon
|-singleturn|p2a: Vaporeon|Protect
|move|p1a: Alakazam|Encore|p2a: Vaporeon
|-activate|p2a: Vaporeon|Protect
|
|-heal|p2a: Vaporeon|320\/451|[from] item: Leftovers
|turn|41
|
|move|p1a: Alakazam|Encore|p2a: Vaporeon
|-start|p2a: Vaporeon|Encore
|move|p2a: Vaporeon|Protect|p2a: Vaporeon
|-fail|p2a: Vaporeon
|
|-heal|p2a: Vaporeon|348\/451|[from] item: Leftovers
|turn|42
|
|move|p2a: Vaporeon|Protect|p2a: Vaporeon
|-singleturn|p2a: Vaporeon|Protect
|move|p1a: Alakazam|Energy Ball|p2a: Vaporeon
|-activate|p2a: Vaporeon|Protect
|
|-heal|p2a: Vaporeon|376\/451|[from] item: Leftovers
|turn|43
|
|move|p2a: Vaporeon|Protect|p2a: Vaporeon
|-singleturn|p2a: Vaporeon|Protect
|move|p1a: Alakazam|Energy Ball|p2a: Vaporeon
|-activate|p2a: Vaporeon|Protect
|
|-heal|p2a: Vaporeon|404\/451|[from] item: Leftovers
|-end|p2a: Vaporeon|Encore
|turn|44
|
|move|p2a: Vaporeon|Protect|p2a: Vaporeon
|-fail|p2a: Vaporeon
|move|p1a: Alakazam|Encore|p2a: Vaporeon
|-start|p2a: Vaporeon|Encore
|
|-heal|p2a: Vaporeon|432\/451|[from] item: Leftovers
|turn|45
|
|move|p2a: Vaporeon|Protect|p2a: Vaporeon
|-singleturn|p2a: Vaporeon|Protect
|move|p1a: Alakazam|Energy Ball|p2a: Vaporeon
|-activate|p2a: Vaporeon|Protect
|
|-heal|p2a: Vaporeon|451\/451|[from] item: Leftovers
|turn|46
|
|move|p2a: Vaporeon|Protect|p2a: Vaporeon
|-singleturn|p2a: Vaporeon|Protect
|move|p1a: Alakazam|Energy Ball|p2a: Vaporeon
|-activate|p2a: Vaporeon|Protect
|
|turn|47
|
|move|p2a: Vaporeon|Protect|p2a: Vaporeon
|-fail|p2a: Vaporeon
|move|p1a: Alakazam|Energy Ball|p2a: Vaporeon
|-supereffective|p2a: Vaporeon
|-damage|p2a: Vaporeon|265\/451
|
|-heal|p2a: Vaporeon|293\/451|[from] item: Leftovers
|-end|p2a: Vaporeon|Encore
|turn|48
|
|move|p1a: Alakazam|Encore|p2a: Vaporeon
|-start|p2a: Vaporeon|Encore
|move|p2a: Vaporeon|Protect|p2a: Vaporeon
|-fail|p2a: Vaporeon
|
|-heal|p2a: Vaporeon|321\/451|[from] item: Leftovers
|turn|49
|
|move|p2a: Vaporeon|Protect|p2a: Vaporeon
|-singleturn|p2a: Vaporeon|Protect
|move|p1a: Alakazam|Energy Ball|p2a: Vaporeon
|-activate|p2a: Vaporeon|Protect
|
|-heal|p2a: Vaporeon|349\/451|[from] item: Leftovers
|turn|50
|
|move|p2a: Vaporeon|Protect|p2a: Vaporeon
|-fail|p2a: Vaporeon
|move|p1a: Alakazam|Energy Ball|p2a: Vaporeon
|-supereffective|p2a: Vaporeon
|-damage|p2a: Vaporeon|141\/451
|
|-heal|p2a: Vaporeon|169\/451|[from] item: Leftovers
|-end|p2a: Vaporeon|Encore
|turn|51
|
|move|p2a: Vaporeon|Protect|p2a: Vaporeon
|-singleturn|p2a: Vaporeon|Protect
|move|p1a: Alakazam|Energy Ball|p2a: Vaporeon
|-activate|p2a: Vaporeon|Protect
|
|-heal|p2a: Vaporeon|197\/451|[from] item: Leftovers
|turn|52
|
|move|p1a: Alakazam|Energy Ball|p2a: Vaporeon
|-supereffective|p2a: Vaporeon
|-damage|p2a: Vaporeon|0 fnt
|faint|p2a: Vaporeon
|
|win|151forfun
|raw|Ladder updating...
|raw|151forfun's rating: 1575 &rarr; <strong>1590<\/strong><br \/>(+15 for winning)
|raw|OGWanka's rating: 1483 &rarr; <strong>1468<\/strong><br \/>(-15 for losing)
|c|★151forfun|gg
|c|★OGWanka|no