|join|Hogback_fosh_men
|join|k4rpman
|player|p1|Hogback_fosh_men|1
|player|p2|k4rpman|102
|gametype|singles
|gen|6
|tier|OU
|rated
|clearpoke
|poke|p1|Gardevoir, M
|poke|p1|Conkeldurr, F, shiny
|poke|p1|Ferrothorn, M
|poke|p1|Rotom-Wash
|poke|p1|Heatran, F
|poke|p1|Landorus, M
|poke|p2|Mew
|poke|p2|Magnezone
|poke|p2|Gyarados, M
|poke|p2|Garchomp, M
|poke|p2|Starmie
|poke|p2|Clefable, M
|rule|Swagger Clause: Swagger is banned
|rule|Baton Pass Clause: Limit one Pokémon knowing Baton Pass
|rule|Sleep Clause Mod: Limit one foe put to sleep
|rule|Species Clause: Limit one of each Pokémon
|rule|OHKO Clause: OHKO moves are banned
|rule|Moody Clause: Moody is banned
|rule|Evasion Moves Clause: Evasion moves are banned
|rule|Endless Battle Clause: Forcing endless battles is banned
|rule|HP Percentage Mod: HP is shown in percentages
|teampreview
|
|start
|switch|p1a: Gardevoir|Gardevoir, M|278\/278
|switch|p2a: Garchomp|Garchomp, M|357\/357
|-ability|p1a: Gardevoir|Rough Skin|[from] ability: Trace|[of] p2a: Garchomp
|turn|1
|
|detailschange|p1a: Gardevoir|Gardevoir-Mega, M
|message|Gardevoir has Mega Evolved into Mega Gardevoir!
|move|p2a: Garchomp|Stealth Rock|p1a: Gardevoir
|-sidestart|p1: Hogback_fosh_men|move: Stealth Rock
|move|p1a: Gardevoir|Hyper Voice|p2a: Garchomp
|-supereffective|p2a: Garchomp
|-damage|p2a: Garchomp|0 fnt
|faint|p2a: Garchomp
|
|
|switch|p2a: Magnezone|Magnezone|281\/281
|turn|2
|
|move|p2a: Magnezone|Volt Switch|p1a: Gardevoir
|-crit|p1a: Gardevoir
|-damage|p1a: Gardevoir|137\/278
|
|switch|p2a: Mew|Mew|403\/403
|move|p1a: Gardevoir|Focus Blast|p2a: Mew
|-resisted|p2a: Mew
|-damage|p2a: Mew|337\/403
|-unboost|p2a: Mew|spd|1
|
|-heal|p2a: Mew|362\/403|[from] item: Leftovers
|turn|3
|
|switch|p2a: Magnezone|Magnezone|281\/281
|move|p1a: Gardevoir|Hyper Voice|p2a: Magnezone
|-resisted|p2a: Magnezone
|-damage|p2a: Magnezone|134\/281
|
|turn|4
|
|move|p2a: Magnezone|Flash Cannon|p1a: Gardevoir
|-crit|p1a: Gardevoir
|-supereffective|p1a: Gardevoir
|-damage|p1a: Gardevoir|0 fnt
|faint|p1a: Gardevoir
|
|
|switch|p1a: Heatran|Heatran, F|324\/324
|-damage|p1a: Heatran|284\/324|[from] Stealth Rock
|turn|5
|
|switch|p2a: Starmie|Starmie|261\/261
|move|p1a: Heatran|Lava Plume|p2a: Starmie
|-resisted|p2a: Starmie
|-damage|p2a: Starmie|183\/261
|
|-heal|p1a: Heatran|304\/324|[from] item: Leftovers
|turn|6
|
|switch|p2a: Magnezone|Magnezone|134\/281
|switch|p1a: Ferrothorn|Ferrothorn, M|352\/352
|-damage|p1a: Ferrothorn|330\/352|[from] Stealth Rock
|
|turn|7
|
|move|p2a: Magnezone|Hidden Power|p1a: Ferrothorn
|-crit|p1a: Ferrothorn
|-supereffective|p1a: Ferrothorn
|-damage|p1a: Ferrothorn|14\/352
|move|p1a: Ferrothorn|Stealth Rock|p2a: Magnezone
|-sidestart|p2: k4rpman|move: Stealth Rock
|
|turn|8
|
|move|p2a: Magnezone|Hidden Power|p1a: Ferrothorn
|-supereffective|p1a: Ferrothorn
|-damage|p1a: Ferrothorn|0 fnt
|faint|p1a: Ferrothorn
|
|
|switch|p1a: Rotom-Wash|Rotom-Wash|242\/242
|-damage|p1a: Rotom-Wash|212\/242|[from] Stealth Rock
|turn|9
|
|switch|p2a: Mew|Mew|362\/403
|-damage|p2a: Mew|312\/403|[from] Stealth Rock
|move|p1a: Rotom-Wash|Volt Switch|p2a: Mew
|-damage|p2a: Mew|210\/403
|
|switch|p1a: StrongLikeLando|Landorus, M|320\/320
|-damage|p1a: StrongLikeLando|280\/320|[from] Stealth Rock
|
|-heal|p2a: Mew|235\/403|[from] item: Leftovers
|turn|10
|
|move|p1a: StrongLikeLando|Earth Power|p2a: Mew
|-damage|p2a: Mew|36\/403
|move|p2a: Mew|Roost|p2a: Mew
|-heal|p2a: Mew|238\/403
|
|-heal|p2a: Mew|263\/403|[from] item: Leftovers
|turn|11
|
|move|p1a: StrongLikeLando|Calm Mind|p1a: StrongLikeLando
|-boost|p1a: StrongLikeLando|spa|1
|-boost|p1a: StrongLikeLando|spd|1
|move|p2a: Mew|Knock Off|p1a: StrongLikeLando
|-damage|p1a: StrongLikeLando|195\/320
|-enditem|p1a: StrongLikeLando|Life Orb|[from] move: Knock Off|[of] p2a: Mew
|
|-heal|p2a: Mew|288\/403|[from] item: Leftovers
|turn|12
|
|move|p1a: StrongLikeLando|Earth Power|p2a: Mew
|-damage|p2a: Mew|71\/403
|move|p2a: Mew|Knock Off|p1a: StrongLikeLando
|-damage|p1a: StrongLikeLando|141\/320
|
|-heal|p2a: Mew|96\/403|[from] item: Leftovers
|turn|13
|
|move|p1a: StrongLikeLando|Earth Power|p2a: Mew
|-damage|p2a: Mew|0 fnt
|faint|p2a: Mew
|
|
|switch|p2a: Starmie|Starmie|183\/261
|-damage|p2a: Starmie|151\/261|[from] Stealth Rock
|turn|14
|
|move|p2a: Starmie|Ice Beam|p1a: StrongLikeLando
|-supereffective|p1a: StrongLikeLando
|-damage|p1a: StrongLikeLando|0 fnt
|-damage|p2a: Starmie|125\/261|[from] item: Life Orb
|faint|p1a: StrongLikeLando
|
|
|switch|p1a: Rotom-Wash|Rotom-Wash|212\/242
|-damage|p1a: Rotom-Wash|182\/242|[from] Stealth Rock
|turn|15
|
|move|p1a: Rotom-Wash|Volt Switch|p2a: Starmie
|-supereffective|p2a: Starmie
|-damage|p2a: Starmie|0 fnt
|faint|p2a: Starmie
|
|switch|p1a: UncleRucus|Conkeldurr, F, shiny|402\/402
|-damage|p1a: UncleRucus|377\/402|[from] Stealth Rock
|
|
|switch|p2a: Gyarados|Gyarados, M|331\/331
|-damage|p2a: Gyarados|249\/331|[from] Stealth Rock
|-ability|p2a: Gyarados|Intimidate|[of] p1a: UncleRucus
|-unboost|p1a: UncleRucus|atk|1
|turn|16
|
|switch|p1a: Rotom-Wash|Rotom-Wash|182\/242
|-damage|p1a: Rotom-Wash|152\/242|[from] Stealth Rock
|move|p2a: Gyarados|Dragon Dance|p2a: Gyarados
|-boost|p2a: Gyarados|atk|1
|-boost|p2a: Gyarados|spe|1
|
|turn|17
|
|detailschange|p2a: Gyarados|Gyarados-Mega, M
|message|Gyarados has Mega Evolved into Mega Gyarados!
|-ability|p2a: Gyarados|Mold Breaker
|move|p1a: Rotom-Wash|Thunderbolt|p2a: Gyarados
|-supereffective|p2a: Gyarados
|-damage|p2a: Gyarados|9\/331
|move|p2a: Gyarados|Earthquake|p1a: Rotom-Wash
|-supereffective|p1a: Rotom-Wash
|-damage|p1a: Rotom-Wash|0 fnt
|faint|p1a: Rotom-Wash
|
|
|switch|p1a: UncleRucus|Conkeldurr, F, shiny|377\/402
|-damage|p1a: UncleRucus|352\/402|[from] Stealth Rock
|turn|18
|
|move|p1a: UncleRucus|Mach Punch|p2a: Gyarados
|-supereffective|p2a: Gyarados
|-damage|p2a: Gyarados|0 fnt
|faint|p2a: Gyarados
|
|
|switch|p2a: Clefable|Clefable, M|394\/394
|-damage|p2a: Clefable|345\/394|[from] Stealth Rock
|turn|19
|
|switch|p1a: Heatran|Heatran, F|304\/324
|-damage|p1a: Heatran|264\/324|[from] Stealth Rock
|move|p2a: Clefable|Moonblast|p1a: Heatran
|-resisted|p1a: Heatran
|-damage|p1a: Heatran|241\/324
|-unboost|p1a: Heatran|spa|1
|
|-heal|p1a: Heatran|261\/324|[from] item: Leftovers
|-heal|p2a: Clefable|369\/394|[from] item: Leftovers
|turn|20
|
|move|p1a: Heatran|Lava Plume|p2a: Clefable
|-damage|p2a: Clefable|203\/394
|move|p2a: Clefable|Moonblast|p1a: Heatran
|-resisted|p1a: Heatran
|-damage|p1a: Heatran|238\/324
|-unboost|p1a: Heatran|spa|1
|
|-heal|p1a: Heatran|258\/324|[from] item: Leftovers
|-heal|p2a: Clefable|227\/394|[from] item: Leftovers
|turn|21
|
|move|p2a: Clefable|Protect|p2a: Clefable
|-singleturn|p2a: Clefable|Protect
|move|p1a: Heatran|Flash Cannon|p2a: Clefable
|-activate|p2a: Clefable|Protect
|
|-heal|p1a: Heatran|278\/324|[from] item: Leftovers
|-heal|p2a: Clefable|251\/394|[from] item: Leftovers
|turn|22
|
|move|p1a: Heatran|Lava Plume|p2a: Clefable
|-damage|p2a: Clefable|100\/394
|-status|p2a: Clefable|brn
|move|p2a: Clefable|Wish|p2a: Clefable
|
|-heal|p1a: Heatran|298\/324|[from] item: Leftovers
|-heal|p2a: Clefable|124\/394 brn|[from] item: Leftovers
|-damage|p2a: Clefable|75\/394 brn|[from] brn
|turn|23
|
|switch|p2a: Magnezone|Magnezone|134\/281
|-damage|p2a: Magnezone|117\/281|[from] Stealth Rock
|move|p1a: Heatran|Earth Power|p2a: Magnezone
|-supereffective|p2a: Magnezone
|-damage|p2a: Magnezone|0 fnt
|faint|p2a: Magnezone
|
|-heal|p1a: Heatran|318\/324|[from] item: Leftovers
|-message|k4rpman forfeited.
|
|win|Hogback_fosh_men
|raw|Ladder updating...
|leave|k4rpman
|player|p2
|raw|Hogback_fosh_men's rating: 1728 &rarr; <strong>1748<\/strong><br \/>(+20 for winning)
|raw|k4rpman's rating: 1721 &rarr; <strong>1702<\/strong><br \/>(-19 for losing)