|join|blarghlfarghl
|join|beancount
|player|p1|blarghlfarghl|294
|player|p2|beancount|2
|gametype|singles
|gen|6
|tier|OU
|rated
|clearpoke
|poke|p1|Gliscor, M
|poke|p1|Clefable, M
|poke|p1|Chansey, F
|poke|p1|Slowbro, F
|poke|p1|Skarmory, M
|poke|p1|Chesnaught, M
|poke|p2|Clefable, F
|poke|p2|Gengar, F
|poke|p2|Azumarill, M
|poke|p2|Rotom-Wash
|poke|p2|Scizor, M
|poke|p2|Kyurem-Black
|rule|Swagger Clause: Swagger is banned
|rule|Baton Pass Clause: Limit one Pokémon knowing Baton Pass
|rule|Sleep Clause Mod: Limit one foe put to sleep
|rule|Species Clause: Limit one of each Pokémon
|rule|OHKO Clause: OHKO moves are banned
|rule|Moody Clause: Moody is banned
|rule|Evasion Moves Clause: Evasion moves are banned
|rule|Endless Battle Clause: Forcing endless battles is banned
|rule|HP Percentage Mod: HP is shown in percentages
|teampreview
|c|★beancount|lol
|c|★blarghlfarghl|:]
|c|★beancount|whats good
|c|★blarghlfarghl|stall
|c|★blarghlfarghl|thats whats good
|c|★beancount|in this ladder?
|c|★blarghlfarghl|hell yeah
|c|★beancount|i dun think so
|c|★blarghlfarghl|megabro next nerf
|join|fauzanmadkip
|c|★beancount|subscribe to rng and hax already
|c|★blarghlfarghl|i have only lost once with this team
|c|★blarghlfarghl|nah
|c|★beancount|i told ya
|c|★blarghlfarghl|we'll see
|c|★beancount|i got scald brun crit
|c|★beancount|all the time
|
|start
|switch|p1a: Chansey|Chansey, F|642\/642
|switch|p2a: Gengar|Gengar, F|261\/261
|turn|1
|c|★beancount|para first time for sure
|c|★beancount|let me see
|
|switch|p1a: Gliscor|Gliscor, M|352\/352
|move|p2a: Gengar|Taunt|p1a: Gliscor
|-start|p1a: Gliscor|move: Taunt
|
|-status|p1a: Gliscor|tox|[from] item: Toxic Orb
|turn|2
|
|switch|p2a: Kyurem-Black|Kyurem-Black|391\/391
|-ability|p2a: Kyurem-Black|Teravolt
|move|p1a: Gliscor|Knock Off|p2a: Kyurem-Black
|-damage|p2a: Kyurem-Black|323\/391
|-enditem|p2a: Kyurem-Black|Leftovers|[from] move: Knock Off|[of] p1a: Gliscor
|
|turn|3
|
|switch|p1a: Slowbro|Slowbro, F|394\/394
|move|p2a: Kyurem-Black|Substitute|p2a: Kyurem-Black
|-start|p2a: Kyurem-Black|Substitute
|-damage|p2a: Kyurem-Black|226\/391
|
|turn|4
|
|detailschange|p1a: Slowbro|Slowbro-Mega, F
|-mega|p1a: Slowbro|Slowbro|Slowbronite
|move|p2a: Kyurem-Black|Roost|p2a: Kyurem-Black
|-heal|p2a: Kyurem-Black|391\/391
|move|p1a: Slowbro|Calm Mind|p1a: Slowbro
|-boost|p1a: Slowbro|spa|1
|-boost|p1a: Slowbro|spd|1
|
|turn|5
|c|★beancount|are u bulky setup ?
|
|switch|p2a: Rotom-Wash|Rotom-Wash|304\/304
|move|p1a: Slowbro|Scald|p2a: Rotom-Wash
|-resisted|p2a: Rotom-Wash
|-damage|p2a: Rotom-Wash|217\/304
|-status|p2a: Rotom-Wash|brn
|
|-heal|p2a: Rotom-Wash|236\/304 brn|[from] item: Leftovers
|-damage|p2a: Rotom-Wash|198\/304 brn|[from] brn
|turn|6
|c|★beancount|see
|c|★beancount|all the fucking time
|c| fauzanmadkip|lol
|c|★beancount|i got the burn
|c|★blarghlfarghl|:[
|
|move|p2a: Rotom-Wash|Pain Split|p1a: Slowbro
|-sethp|p1a: Slowbro|296\/394|p2a: Rotom-Wash|296\/304 brn|[from] move: Pain Split
|move|p1a: Slowbro|Scald|p2a: Rotom-Wash
|-resisted|p2a: Rotom-Wash
|-damage|p2a: Rotom-Wash|208\/304 brn
|
|-heal|p2a: Rotom-Wash|227\/304 brn|[from] item: Leftovers
|-damage|p2a: Rotom-Wash|189\/304 brn|[from] brn
|turn|7
|c|★beancount|whats new
|
|move|p2a: Rotom-Wash|Pain Split|p1a: Slowbro
|-sethp|p1a: Slowbro|242\/394|p2a: Rotom-Wash|242\/304 brn|[from] move: Pain Split
|move|p1a: Slowbro|Calm Mind|p1a: Slowbro
|-boost|p1a: Slowbro|spa|1
|-boost|p1a: Slowbro|spd|1
|
|-heal|p2a: Rotom-Wash|261\/304 brn|[from] item: Leftovers
|-damage|p2a: Rotom-Wash|223\/304 brn|[from] brn
|turn|8
|
|move|p2a: Rotom-Wash|Volt Switch|p1a: Slowbro
|-supereffective|p1a: Slowbro
|-damage|p1a: Slowbro|144\/394
|c|★beancount|u realized i got that scizor
|c|★beancount|and u still setup
|c|★blarghlfarghl|oh no
|
|switch|p2a: Clefable|Clefable, F|394\/394
|move|p1a: Slowbro|Scald|p2a: Clefable
|-crit|p2a: Clefable
|-damage|p2a: Clefable|225\/394
|
|-heal|p2a: Clefable|249\/394|[from] item: Leftovers
|turn|9
|c|★blarghlfarghl|forgot
|c|★beancount|hehe
|c|★beancount|let me heal my poke real quick
|
|switch|p1a: Gliscor|Gliscor, M|352\/352 tox
|move|p2a: Clefable|Aromatherapy|p2a: Clefable
|-cureteam|p2a: Clefable|[from] move: Aromatherapy
|
|-heal|p2a: Clefable|273\/394|[from] item: Leftovers
|turn|10
|c|★blarghlfarghl|alright
|
|switch|p2a: Kyurem-Black|Kyurem-Black|391\/391
|-ability|p2a: Kyurem-Black|Teravolt
|move|p1a: Gliscor|Knock Off|p2a: Kyurem-Black
|-damage|p2a: Kyurem-Black|337\/391
|
|turn|11
|
|switch|p1a: Chansey|Chansey, F|642\/642
|move|p2a: Kyurem-Black|Ice Beam|p1a: Chansey
|-damage|p1a: Chansey|561\/642
|
|turn|12
|
|switch|p2a: Rotom-Wash|Rotom-Wash|223\/304
|move|p1a: Chansey|Stealth Rock|p2a: Rotom-Wash
|-sidestart|p2: beancount|move: Stealth Rock
|
|-heal|p2a: Rotom-Wash|242\/304|[from] item: Leftovers
|turn|13
|
|move|p2a: Rotom-Wash|Will-O-Wisp|p1a: Chansey
|-status|p1a: Chansey|brn
|move|p1a: Chansey|Toxic|p2a: Rotom-Wash
|-status|p2a: Rotom-Wash|tox
|
|-heal|p2a: Rotom-Wash|261\/304 tox|[from] item: Leftovers
|-damage|p2a: Rotom-Wash|242\/304 tox|[from] psn
|-damage|p1a: Chansey|481\/642 brn|[from] brn
|turn|14
|c|★beancount|what is ur plan lol
|
|move|p2a: Rotom-Wash|Hydro Pump|p1a: Chansey
|-damage|p1a: Chansey|409\/642 brn
|move|p1a: Chansey|Soft-Boiled|p1a: Chansey
|-heal|p1a: Chansey|642\/642 brn
|
|-heal|p2a: Rotom-Wash|261\/304 tox|[from] item: Leftovers
|-damage|p2a: Rotom-Wash|223\/304 tox|[from] psn
|-damage|p1a: Chansey|562\/642 brn|[from] brn
|turn|15
|c|★blarghlfarghl|to win
|c|★blarghlfarghl|lol tele asked me the same thing
|c|★beancount|no i mean
|c|★blarghlfarghl|i said i had no idea
|
|move|p2a: Rotom-Wash|Pain Split|p1a: Chansey
|-sethp|p1a: Chansey|392\/642 brn|p2a: Rotom-Wash|304\/304 tox|[from] move: Pain Split
|move|p1a: Chansey|Seismic Toss|p2a: Rotom-Wash
|-damage|p2a: Rotom-Wash|204\/304 tox
|
|-heal|p2a: Rotom-Wash|223\/304 tox|[from] item: Leftovers
|-damage|p2a: Rotom-Wash|166\/304 tox|[from] psn
|-damage|p1a: Chansey|312\/642 brn|[from] brn
|turn|16
|c|★beancount|u stand here with that chansey
|
|move|p2a: Rotom-Wash|Volt Switch|p1a: Chansey
|-damage|p1a: Chansey|263\/642 brn
|c|★blarghlfarghl|chansey is a fuckin boss
|c|★beancount|u got no other business?
|c|★blarghlfarghl|dont h8 m8
|c|★blarghlfarghl|nope
|
|switch|p2a: Gengar|Gengar, F|261\/261
|-damage|p2a: Gengar|229\/261|[from] Stealth Rock
|move|p1a: Chansey|Soft-Boiled|p1a: Chansey
|-heal|p1a: Chansey|584\/642 brn
|
|-damage|p1a: Chansey|504\/642 brn|[from] brn
|turn|17
|c|★beancount|lol
|
|switch|p1a: Gliscor|Gliscor, M|352\/352 tox
|move|p2a: Gengar|Destiny Bond|p2a: Gengar
|-singlemove|p2a: Gengar|Destiny Bond
|
|turn|18
|c|★beancount|i know ur spdf
|
|move|p2a: Gengar|Taunt|p1a: Gliscor
|-start|p1a: Gliscor|move: Taunt
|cant|p1a: Gliscor|move: Taunt|Taunt
|
|turn|19
|c|★blarghlfarghl|ok
|c|★beancount|switch
|
|move|p2a: Gengar|Destiny Bond|p2a: Gengar
|-singlemove|p2a: Gengar|Destiny Bond
|move|p1a: Gliscor|Knock Off|p2a: Gengar
|-supereffective|p2a: Gengar
|-damage|p2a: Gengar|11\/261
|-enditem|p2a: Gengar|Life Orb|[from] move: Knock Off|[of] p1a: Gliscor
|
|turn|20
|c|★blarghlfarghl|Yesss
|c|★blarghlfarghl|got a low roll
|c|★beancount|are u hving minus nature lol
|c|★beancount|new meta
|
|switch|p1a: Chesnaught|Chesnaught, M|380\/380
|move|p2a: Gengar|Destiny Bond|p2a: Gengar
|-singlemove|p2a: Gengar|Destiny Bond
|
|turn|21
|c|★blarghlfarghl|no
|
|move|p2a: Gengar|Sludge Wave|p1a: Chesnaught
|-supereffective|p1a: Chesnaught
|-damage|p1a: Chesnaught|0 fnt
|faint|p1a: Chesnaught
|
|c|★blarghlfarghl|lel
|c|★beancount|thats a waste
|c|★blarghlfarghl|ik
|
|switch|p1a: Skarmory|Skarmory, M|334\/334
|turn|22
|c|★blarghlfarghl|idrc
|c|★beancount|whats this english
|
|move|p2a: Gengar|Taunt|p1a: Skarmory
|-start|p1a: Skarmory|move: Taunt
|move|p1a: Skarmory|Brave Bird|p2a: Gengar
|-crit|p2a: Gengar
|-damage|p2a: Gengar|0 fnt
|-damage|p1a: Skarmory|330\/334|[from] recoil|[of] p2a: Gengar
|faint|p2a: Gengar
|
|c|★blarghlfarghl|translationb
|
|switch|p2a: Clefable|Clefable, F|273\/394
|-damage|p2a: Clefable|224\/394|[from] Stealth Rock
|turn|23
|c|★blarghlfarghl|i dont really care
|c|★beancount|i care
|
|switch|p1a: Slowbro|Slowbro-Mega, F|144\/394
|move|p2a: Clefable|Aromatherapy|p2a: Clefable
|-cureteam|p2a: Clefable|[from] move: Aromatherapy
|
|-heal|p2a: Clefable|248\/394|[from] item: Leftovers
|turn|24
|c|★blarghlfarghl|kewl
|c|★blarghlfarghl|im gald you are a caring person
|c|★beancount|i care if u say bad words abt me
|
|move|p2a: Clefable|Wish|p2a: Clefable
|move|p1a: Slowbro|Rest|p1a: Slowbro
|-status|p1a: Slowbro|slp
|-heal|p1a: Slowbro|394\/394 slp|[silent]
|-status|p1a: Slowbro|slp|[from] move: Rest
|
|-heal|p2a: Clefable|272\/394|[from] item: Leftovers
|turn|25
|c|★blarghlfarghl|im not
|c|★blarghlfarghl|ur cool
|
|switch|p2a: Rotom-Wash|Rotom-Wash|166\/304
|-damage|p2a: Rotom-Wash|128\/304|[from] Stealth Rock
|switch|p1a: Chansey|Chansey, F|504\/642
|
|-heal|p2a: Rotom-Wash|304\/304|[from] move: Wish|[wisher] Clefable
|turn|26
|
|move|p2a: Rotom-Wash|Volt Switch|p1a: Chansey
|-damage|p1a: Chansey|456\/642
|c|★beancount|u mad some weird play
|c|★beancount|brah
|
|switch|p2a: Scizor|Scizor, M|343\/343
|-damage|p2a: Scizor|301\/343|[from] Stealth Rock
|move|p1a: Chansey|Toxic|p2a: Scizor
|-fail|p2a: Scizor
|
|turn|27
|c|★blarghlfarghl|i realize that
|
|switch|p1a: Skarmory|Skarmory, M|330\/334
|detailschange|p2a: Scizor|Scizor-Mega, M
|-mega|p2a: Scizor|Scizor|Scizorite
|move|p2a: Scizor|Swords Dance|p2a: Scizor
|-boost|p2a: Scizor|atk|2
|
|turn|28
|c|★beancount|that skarmony is really doubtful
|
|move|p2a: Scizor|Superpower|p1a: Skarmory
|-damage|p1a: Skarmory|121\/334
|-unboost|p2a: Scizor|atk|1
|-unboost|p2a: Scizor|def|1
|move|p1a: Skarmory|Whirlwind|p2a: Scizor
|drag|p2a: Clefable|Clefable, F|272\/394
|-damage|p2a: Clefable|223\/394|[from] Stealth Rock
|
|-heal|p2a: Clefable|247\/394|[from] item: Leftovers
|turn|29
|
|move|p1a: Skarmory|Roost|p1a: Skarmory
|-heal|p1a: Skarmory|288\/334
|move|p2a: Clefable|Wish|p2a: Clefable
|
|-heal|p2a: Clefable|271\/394|[from] item: Leftovers
|turn|30
|
|move|p2a: Clefable|Moonblast|p1a: Skarmory
|-resisted|p1a: Skarmory
|-damage|p1a: Skarmory|210\/334
|move|p1a: Skarmory|Whirlwind|p2a: Clefable
|drag|p2a: Kyurem-Black|Kyurem-Black|337\/391
|-damage|p2a: Kyurem-Black|240\/391|[from] Stealth Rock
|-ability|p2a: Kyurem-Black|Teravolt
|
|-heal|p2a: Kyurem-Black|391\/391|[from] move: Wish|[wisher] Clefable
|turn|31
|
|switch|p1a: Clefable|Clefable, M|394\/394
|move|p2a: Kyurem-Black|Ice Beam|p1a: Clefable
|-damage|p1a: Clefable|241\/394
|
|-heal|p1a: Clefable|265\/394|[from] item: Leftovers
|turn|32
|
|switch|p1a: Slowbro|Slowbro-Mega, F|394\/394 slp
|move|p2a: Kyurem-Black|Ice Beam|p1a: Slowbro
|-resisted|p1a: Slowbro
|-damage|p1a: Slowbro|310\/394 slp
|
|turn|33
|
|switch|p2a: Clefable|Clefable, F|271\/394
|-damage|p2a: Clefable|222\/394|[from] Stealth Rock
|cant|p1a: Slowbro|slp
|move|p1a: Slowbro|Sleep Talk|p1a: Slowbro
|move|p1a: Slowbro|Rest|p1a: Slowbro|[from]Sleep Talk
|-fail|p1a: Slowbro
|
|-heal|p2a: Clefable|246\/394|[from] item: Leftovers
|turn|34
|
|move|p2a: Clefable|Wish|p2a: Clefable
|cant|p1a: Slowbro|slp
|move|p1a: Slowbro|Sleep Talk|p1a: Slowbro
|move|p1a: Slowbro|Calm Mind|p1a: Slowbro|[from]Sleep Talk
|-boost|p1a: Slowbro|spa|1
|-boost|p1a: Slowbro|spd|1
|
|-heal|p2a: Clefable|270\/394|[from] item: Leftovers
|turn|35
|c|★blarghlfarghl|im in tears
|c|★beancount|im unware
|c|★blarghlfarghl|i notcied
|
|move|p2a: Clefable|Moonblast|p1a: Slowbro
|-damage|p1a: Slowbro|192\/394 slp
|-curestatus|p1a: Slowbro|slp
|move|p1a: Slowbro|Calm Mind|p1a: Slowbro
|-boost|p1a: Slowbro|spa|1
|-boost|p1a: Slowbro|spd|1
|
|-heal|p2a: Clefable|394\/394|[from] move: Wish|[wisher] Clefable
|turn|36
|c|★beancount|and u still wasted
|
|move|p2a: Clefable|Moonblast|p1a: Slowbro
|-damage|p1a: Slowbro|60\/394
|move|p1a: Slowbro|Rest|p1a: Slowbro
|-status|p1a: Slowbro|slp
|-heal|p1a: Slowbro|394\/394 slp|[silent]
|-status|p1a: Slowbro|slp|[from] move: Rest
|
|turn|37
|
|move|p2a: Clefable|Moonblast|p1a: Slowbro
|-damage|p1a: Slowbro|256\/394 slp
|cant|p1a: Slowbro|slp
|move|p1a: Slowbro|Sleep Talk|p1a: Slowbro
|move|p1a: Slowbro|Calm Mind|p1a: Slowbro|[from]Sleep Talk
|-boost|p1a: Slowbro|spa|1
|-boost|p1a: Slowbro|spd|1
|
|turn|38
|
|switch|p1a: Gliscor|Gliscor, M|352\/352 tox
|move|p2a: Clefable|Moonblast|p1a: Gliscor
|-crit|p1a: Gliscor
|-damage|p1a: Gliscor|205\/352 tox
|
|-heal|p1a: Gliscor|249\/352 tox|[from] ability: Poison Heal
|turn|39
|c|★beancount|let me simple calc
|c|★blarghlfarghl|lol wasnt working out
|c|★beancount|of coz
|
|switch|p1a: Clefable|Clefable, M|265\/394
|switch|p2a: Kyurem-Black|Kyurem-Black|391\/391
|-damage|p2a: Kyurem-Black|294\/391|[from] Stealth Rock
|-ability|p2a: Kyurem-Black|Teravolt
|
|-heal|p1a: Clefable|289\/394|[from] item: Leftovers
|turn|40
|c|★beancount|only a few has a reason of mega
|
|move|p2a: Kyurem-Black|Ice Beam|p1a: Clefable
|-damage|p1a: Clefable|121\/394
|move|p1a: Clefable|Moonblast|p2a: Kyurem-Black
|-supereffective|p2a: Kyurem-Black
|-damage|p2a: Kyurem-Black|76\/391
|-unboost|p2a: Kyurem-Black|spa|1
|
|-heal|p1a: Clefable|145\/394|[from] item: Leftovers
|turn|41
|
|move|p1a: Clefable|Protect|p1a: Clefable
|-singleturn|p1a: Clefable|Protect
|move|p2a: Kyurem-Black|Ice Beam|p1a: Clefable
|-activate|p1a: Clefable|Protect
|
|-heal|p1a: Clefable|169\/394|[from] item: Leftovers
|turn|42
|
|move|p2a: Kyurem-Black|Ice Beam|p1a: Clefable
|-damage|p1a: Clefable|63\/394
|move|p1a: Clefable|Wish|p1a: Clefable
|
|-heal|p1a: Clefable|87\/394|[from] item: Leftovers
|turn|43
|c|★blarghlfarghl|oh whew
|c|★beancount|sigh
|c|★blarghlfarghl|thought unaware ignored drop too
|
|move|p1a: Clefable|Protect|p1a: Clefable
|-singleturn|p1a: Clefable|Protect
|move|p2a: Kyurem-Black|Roost|p2a: Kyurem-Black
|-heal|p2a: Kyurem-Black|272\/391
|
|-heal|p1a: Clefable|284\/394|[from] move: Wish|[wisher] Clefable
|-heal|p1a: Clefable|308\/394|[from] item: Leftovers
|turn|44
|c|★blarghlfarghl|that would suck
|c|★beancount|nope
|
|switch|p2a: Scizor|Scizor-Mega, M|301\/343
|-damage|p2a: Scizor|259\/343|[from] Stealth Rock
|move|p1a: Clefable|Moonblast|p2a: Scizor
|-crit|p2a: Scizor
|-resisted|p2a: Scizor
|-damage|p2a: Scizor|182\/343
|-unboost|p2a: Scizor|spa|1
|
|-heal|p1a: Clefable|332\/394|[from] item: Leftovers
|turn|45
|c|★beancount|subscribe to hax channel already
|c|★beancount|guys
|
|switch|p1a: Skarmory|Skarmory, M|210\/334
|move|p2a: Scizor|Swords Dance|p2a: Scizor
|-boost|p2a: Scizor|atk|2
|
|turn|46
|c|★blarghlfarghl|wut
|c|★beancount|how to hax
|c|★beancount|ur opponent in and out
|c|★beancount|lol
|c|★beancount|i told ya
|
|move|p2a: Scizor|Superpower|p1a: Skarmory
|-damage|p1a: Skarmory|24\/334
|-unboost|p2a: Scizor|atk|1
|-unboost|p2a: Scizor|def|1
|move|p1a: Skarmory|Brave Bird|p2a: Scizor
|-damage|p2a: Scizor|56\/343
|-damage|p1a: Skarmory|0 fnt|[from] recoil|[of] p2a: Scizor
|faint|p1a: Skarmory
|
|c|★beancount|stall isnt good
|
|switch|p1a: Gliscor|Gliscor, M|249\/352 tox
|turn|47
|c|★beancount|as it is
|
|switch|p2a: Rotom-Wash|Rotom-Wash|304\/304
|-damage|p2a: Rotom-Wash|266\/304|[from] Stealth Rock
|move|p1a: Gliscor|Roost|p1a: Gliscor
|-heal|p1a: Gliscor|352\/352 tox
|
|-heal|p2a: Rotom-Wash|285\/304|[from] item: Leftovers
|turn|48
|c|★beancount|weird
|
|switch|p1a: Chansey|Chansey, F|456\/642
|move|p2a: Rotom-Wash|Hydro Pump|p1a: Chansey|[miss]
|-miss|p2a: Rotom-Wash|p1a: Chansey
|
|-heal|p2a: Rotom-Wash|304\/304|[from] item: Leftovers
|turn|49
|c|★blarghlfarghl|well you gotta shake things up once in a while
|
|move|p2a: Rotom-Wash|Will-O-Wisp|p1a: Chansey
|-status|p1a: Chansey|brn
|move|p1a: Chansey|Seismic Toss|p2a: Rotom-Wash
|-damage|p2a: Rotom-Wash|204\/304
|
|-heal|p2a: Rotom-Wash|223\/304|[from] item: Leftovers
|-damage|p1a: Chansey|376\/642 brn|[from] brn
|turn|50
|c|★beancount|not that stall is bad, but it disappoints me
|c|★beancount|i am so oppressed when using stall
|c|★blarghlfarghl|i dont know if im really a stall player myself
|c|★beancount|ur team failed becoz u dun hv ocean of hazrad
|c|★blarghlfarghl|im just experimenting
|
|move|p2a: Rotom-Wash|Volt Switch|p1a: Chansey
|-damage|p1a: Chansey|330\/642 brn
|leave|fauzanmadkip
|c|★beancount|who is that guy
|c|★blarghlfarghl|idk
|c|★blarghlfarghl|my fan
|
|switch|p2a: Azumarill|Azumarill, M|403\/403
|-damage|p2a: Azumarill|353\/403|[from] Stealth Rock
|move|p1a: Chansey|Soft-Boiled|p1a: Chansey
|-heal|p1a: Chansey|642\/642 brn
|
|-damage|p1a: Chansey|562\/642 brn|[from] brn
|turn|51
|c|★beancount|stalker alert
|
|switch|p1a: Slowbro|Slowbro-Mega, F|256\/394 slp
|move|p2a: Azumarill|Knock Off|p1a: Slowbro
|-supereffective|p1a: Slowbro
|-damage|p1a: Slowbro|160\/394 slp
|
|turn|52
|c|★blarghlfarghl|lol
|c|★beancount|brah
|
|switch|p1a: Clefable|Clefable, M|332\/394
|move|p2a: Azumarill|Play Rough|p1a: Clefable
|-damage|p1a: Clefable|160\/394
|
|-heal|p1a: Clefable|184\/394|[from] item: Leftovers
|turn|53
|c|★beancount|how many turns of sleep
|c|★blarghlfarghl|like 2
|
|switch|p2a: Scizor|Scizor-Mega, M|56\/343
|-damage|p2a: Scizor|14\/343|[from] Stealth Rock
|move|p1a: Clefable|Wish|p1a: Clefable
|
|-heal|p1a: Clefable|208\/394|[from] item: Leftovers
|turn|54
|
|move|p2a: Scizor|Roost|p2a: Scizor
|-heal|p2a: Scizor|186\/343
|move|p1a: Clefable|Moonblast|p2a: Scizor
|-resisted|p2a: Scizor
|-damage|p2a: Scizor|135\/343
|
|-heal|p1a: Clefable|394\/394|[from] move: Wish|[wisher] Clefable
|turn|55
|c|★beancount|guys i am back
|c|★blarghlfarghl|FUK
|c|★beancount|hehe
|c|★blarghlfarghl|thought you were 3 attacks
|c|★blarghlfarghl|alright im out
|c|★blarghlfarghl|gg
|-message|blarghlfarghl forfeited.
|
|win|beancount
|raw|Ladder updating...
|leave|blarghlfarghl
|player|p1
|raw|blarghlfarghl's rating: 1477 &rarr; <strong>1451<\/strong><br \/>(-26 for losing)
|raw|beancount's rating: 1388 &rarr; <strong>1413<\/strong><br \/>(+25 for winning)