|join|ULT King UU
|join|Torm
|player|p1|ULT King UU|29
|player|p2|Torm|107
|gametype|singles
|gen|6
|tier|UU
|rule|Sleep Clause Mod: Limit one foe put to sleep
|rule|Species Clause: Limit one of each Pokémon
|rule|OHKO Clause: OHKO moves are banned
|rule|Moody Clause: Moody is banned
|rule|Evasion Moves Clause: Evasion moves are banned
|rule|Endless Battle Clause: Forcing endless battles is banned
|rule|HP Percentage Mod: HP is reported as percentages
|clearpoke
|poke|p1|Victini
|poke|p1|Ampharos, F
|poke|p1|Forretress, M
|poke|p1|Swampert, F
|poke|p1|Umbreon, F
|poke|p1|Crobat, F
|poke|p2|Victini, shiny
|poke|p2|Heracross, M
|poke|p2|Haxorus, M, shiny
|poke|p2|Jirachi
|poke|p2|Suicune
|poke|p2|Crobat, M
|rule|Swagger Clause: Swagger is banned
|rule|Baton Pass Clause: Limit one Pokémon knowing Baton Pass
|teampreview
|join|ANGER MANAGEMENT
|join|Lixx
|join|Sempeye(♥‿♥✿)
|join|Awkward K
|
|start
|switch|p1a: Ampharos|Ampharos, F|374\/374
|switch|p2a: Victini|Victini, shiny|341\/341
|turn|1
|
|detailschange|p1a: Ampharos|Ampharos-Mega, F
|message|Ampharos has Mega Evolved into Mega Ampharos!
|-ability|p1a: Ampharos|Mold Breaker
|move|p2a: Victini|U-turn|p1a: Ampharos
|-crit|p1a: Ampharos
|-damage|p1a: Ampharos|211\/374
|join|Derpsaur
|
|switch|p2a: Jirachi|Jirachi|404\/404
|move|p1a: Ampharos|Volt Switch|p2a: Jirachi
|-damage|p2a: Jirachi|286\/404
|
|switch|p1a: Victini|Victini|341\/341
|
|-heal|p2a: Jirachi|311\/404|[from] item: Leftovers
|turn|2
|join|Dracp
|
|switch|p2a: Suicune|Suicune|404\/404
|-ability|p2a: Suicune|Pressure
|move|p1a: Victini|U-turn|p2a: Suicune
|-damage|p2a: Suicune|341\/404
|
|switch|p1a: Ampharos|Ampharos-Mega, F|211\/374
|-ability|p1a: Ampharos|Mold Breaker
|
|-heal|p2a: Suicune|366\/404|[from] item: Leftovers
|turn|3
|chat|Derpsaur|kink is going tryhard
|chat|Derpsaur|ohnoes
|
|switch|p2a: Jirachi|Jirachi|311\/404
|move|p1a: Ampharos|Volt Switch|p2a: Jirachi
|-damage|p2a: Jirachi|194\/404
|
|switch|p1a: Victini|Victini|341\/341
|
|-heal|p2a: Jirachi|219\/404|[from] item: Leftovers
|turn|4
|
|switch|p2a: Suicune|Suicune|366\/404
|-ability|p2a: Suicune|Pressure
|move|p1a: Victini|V-create|p2a: Suicune
|-resisted|p2a: Suicune
|-damage|p2a: Suicune|237\/404
|-unboost|p1a: Victini|def|1
|-unboost|p1a: Victini|spd|1
|-unboost|p1a: Victini|spe|1
|
|-heal|p2a: Suicune|262\/404|[from] item: Leftovers
|turn|5
|
|switch|p1a: Ampharos|Ampharos-Mega, F|211\/374
|-ability|p1a: Ampharos|Mold Breaker
|switch|p2a: Heracross|Heracross, M|301\/301
|
|-status|p2a: Heracross|brn|[from] item: Flame Orb
|turn|6
|
|switch|p1a: Crobat|Crobat, F|331\/331
|move|p2a: Heracross|Facade|p1a: Crobat
|-damage|p1a: Crobat|35\/331
|
|-damage|p2a: Heracross|264\/301 brn|[from] brn
|turn|7
|
|switch|p2a: Jirachi|Jirachi|219\/404
|move|p1a: Crobat|U-turn|p2a: Jirachi
|-damage|p2a: Jirachi|148\/404
|
|switch|p1a: Victini|Victini|341\/341
|
|-heal|p2a: Jirachi|173\/404|[from] item: Leftovers
|turn|8
|
|move|p1a: Victini|U-turn|p2a: Jirachi
|-damage|p2a: Jirachi|74\/404
|
|switch|p1a: Swampert|Swampert, F|404\/404
|move|p2a: Jirachi|U-turn|p1a: Swampert
|-crit|p1a: Swampert
|-damage|p1a: Swampert|338\/404
|
|switch|p2a: Heracross|Heracross, M|264\/301 brn
|
|-heal|p1a: Swampert|363\/404|[from] item: Leftovers
|-damage|p2a: Heracross|227\/301 brn|[from] brn
|turn|9
|
|move|p2a: Heracross|Close Combat|p1a: Swampert
|-damage|p1a: Swampert|102\/404
|-unboost|p2a: Heracross|def|1
|-unboost|p2a: Heracross|spd|1
|move|p1a: Swampert|Stealth Rock|p2a: Heracross
|-sidestart|p2: Torm|move: Stealth Rock
|
|-heal|p1a: Swampert|127\/404|[from] item: Leftovers
|-damage|p2a: Heracross|190\/301 brn|[from] brn
|turn|10
|join|pheloniusmunk
|
|move|p2a: Heracross|Facade|p1a: Swampert
|-damage|p1a: Swampert|0 fnt
|faint|p1a: Swampert
|
|-damage|p2a: Heracross|153\/301 brn|[from] brn
|
|switch|p1a: Victini|Victini|341\/341
|turn|11
|
|switch|p2a: Jirachi|Jirachi|74\/404
|-damage|p2a: Jirachi|49\/404|[from] Stealth Rock
|move|p1a: Victini|Zen Headbutt|p2a: Jirachi
|-resisted|p2a: Jirachi
|-damage|p2a: Jirachi|7\/404
|
|-heal|p2a: Jirachi|32\/404|[from] item: Leftovers
|turn|12
|
|move|p1a: Victini|Zen Headbutt|p2a: Jirachi
|-resisted|p2a: Jirachi
|-damage|p2a: Jirachi|0 fnt
|faint|p2a: Jirachi
|
|
|switch|p2a: Victini|Victini, shiny|341\/341
|-damage|p2a: Victini|256\/341|[from] Stealth Rock
|turn|13
|
|switch|p1a: Crobat|Crobat, F|35\/331
|move|p2a: Victini|V-create|p1a: Crobat
|-damage|p1a: Crobat|0 fnt
|-unboost|p2a: Victini|def|1
|-unboost|p2a: Victini|spd|1
|-unboost|p2a: Victini|spe|1
|faint|p1a: Crobat
|
|
|switch|p1a: Victini|Victini|341\/341
|turn|14
|
|switch|p2a: Suicune|Suicune|262\/404
|-damage|p2a: Suicune|212\/404|[from] Stealth Rock
|-ability|p2a: Suicune|Pressure
|move|p1a: Victini|Bolt Strike|p2a: Suicune
|-supereffective|p2a: Suicune
|-damage|p2a: Suicune|0 fnt
|faint|p2a: Suicune
|
|
|switch|p2a: Haxorus|Haxorus, M, shiny|293\/293
|-damage|p2a: Haxorus|257\/293|[from] Stealth Rock
|-ability|p2a: Haxorus|Mold Breaker
|turn|15
|
|switch|p1a: Forretress|Forretress, M|354\/354
|move|p2a: Haxorus|Swords Dance|p2a: Haxorus
|-boost|p2a: Haxorus|atk|2
|
|turn|16
|
|move|p2a: Haxorus|Dragon Dance|p2a: Haxorus
|-boost|p2a: Haxorus|atk|1
|-boost|p2a: Haxorus|spe|1
|move|p1a: Forretress|Toxic|p2a: Haxorus
|-status|p2a: Haxorus|tox
|-enditem|p2a: Haxorus|Lum Berry|[eat]
|-curestatus|p2a: Haxorus|tox
|
|turn|17
|
|move|p2a: Haxorus|Earthquake|p1a: Forretress
|-damage|p1a: Forretress|166\/354
|move|p1a: Forretress|Toxic|p2a: Haxorus
|-status|p2a: Haxorus|tox
|
|-heal|p1a: Forretress|188\/354|[from] item: Leftovers
|-damage|p2a: Haxorus|239\/293 tox|[from] psn
|turn|18
|
|move|p2a: Haxorus|Earthquake|p1a: Forretress
|-damage|p1a: Forretress|0 fnt
|faint|p1a: Forretress
|
|-damage|p2a: Haxorus|203\/293 tox|[from] psn
|
|switch|p1a: Umbreon|Umbreon, F|394\/394
|turn|19
|
|move|p2a: Haxorus|Outrage|p1a: Umbreon
|-damage|p1a: Umbreon|0 fnt
|faint|p1a: Umbreon
|
|-damage|p2a: Haxorus|149\/293 tox|[from] psn
|chat|ULT King UU|oo
|chat|ULT King UU|gg
|
|switch|p1a: Victini|Victini|341\/341
|turn|20
|chat|Torm|gg
|
|move|p2a: Haxorus|Outrage|p1a: Victini
|-damage|p1a: Victini|0 fnt
|faint|p1a: Victini
|
|-damage|p2a: Haxorus|77\/293 tox|[from] psn
|
|switch|p1a: Ampharos|Ampharos-Mega, F|211\/374
|-ability|p1a: Ampharos|Mold Breaker
|turn|21
|
|move|p2a: Haxorus|Outrage|p1a: Ampharos
|-supereffective|p1a: Ampharos
|-damage|p1a: Ampharos|0 fnt
|faint|p1a: Ampharos
|
|win|Torm