|join|richard reuniclus
|join|ULT King UU
|player|p1|richard reuniclus|269
|player|p2|ULT King UU|29
|gametype|singles
|gen|6
|tier|UU
|rated
|rule|Sleep Clause Mod: Limit one foe put to sleep
|rule|Species Clause: Limit one of each Pokémon
|rule|OHKO Clause: OHKO moves are banned
|rule|Moody Clause: Moody is banned
|rule|Evasion Moves Clause: Evasion moves are banned
|rule|Endless Battle Clause: Forcing endless battles is banned
|rule|HP Percentage Mod: HP is reported as percentages
|clearpoke
|poke|p1|Aerodactyl, F
|poke|p1|Infernape, F
|poke|p1|Hydreigon, F
|poke|p1|Heracross, F
|poke|p1|Nidoqueen, F
|poke|p1|Jirachi
|poke|p2|Victini
|poke|p2|Ampharos, M
|poke|p2|Forretress, F
|poke|p2|Swampert, M
|poke|p2|Umbreon, F
|poke|p2|Crobat, M
|rule|Swagger Clause: Swagger is banned
|rule|Baton Pass Clause: Limit one Pokémon knowing Baton Pass
|teampreview
|
|start
|switch|p1a: Heracross|Heracross, F|326\/326
|switch|p2a: Crobat|Crobat, M|331\/331
|turn|1
|
|move|p2a: Crobat|U-turn|p1a: Heracross
|-resisted|p1a: Heracross
|-damage|p1a: Heracross|281\/326
|
|switch|p2a: Forretress|Forretress, F|354\/354
|move|p1a: Heracross|Close Combat|p2a: Forretress
|-damage|p2a: Forretress|158\/354
|-unboost|p1a: Heracross|def|1
|-unboost|p1a: Heracross|spd|1
|
|-heal|p2a: Forretress|180\/354|[from] item: Leftovers
|turn|2
|
|move|p1a: Heracross|Close Combat|p2a: Forretress
|-damage|p2a: Forretress|0 fnt
|-unboost|p1a: Heracross|def|1
|-unboost|p1a: Heracross|spd|1
|faint|p2a: Forretress
|
|
|switch|p2a: Victini|Victini|341\/341
|turn|3
|
|switch|p1a: Aerodactyl|Aerodactyl, F|314\/314
|move|p2a: Victini|V-create|p1a: Aerodactyl
|-resisted|p1a: Aerodactyl
|-damage|p1a: Aerodactyl|23\/314
|-unboost|p2a: Victini|def|1
|-unboost|p2a: Victini|spd|1
|-unboost|p2a: Victini|spe|1
|
|turn|4
|
|detailschange|p1a: Aerodactyl|Aerodactyl-Mega, F
|message|Aerodactyl has Mega Evolved into Mega Aerodactyl!
|move|p1a: Aerodactyl|Pursuit|p2a: Victini|[from]Pursuit
|-supereffective|p2a: Victini
|-damage|p2a: Victini|0 fnt
|faint|p2a: Victini
|
|
|switch|p2a: Crobat|Crobat, M|331\/331
|turn|5
|
|move|p2a: Crobat|U-turn|p1a: Aerodactyl
|-resisted|p1a: Aerodactyl
|-damage|p1a: Aerodactyl|0 fnt
|faint|p1a: Aerodactyl
|
|switch|p2a: Umbreon|Umbreon, F|394\/394
|
|
|switch|p1a: Heracross|Heracross, F|281\/326
|turn|6
|
|move|p2a: Umbreon|Protect|p2a: Umbreon
|-singleturn|p2a: Umbreon|Protect
|move|p1a: Heracross|Close Combat|p2a: Umbreon
|-activate|p2a: Umbreon|Protect
|
|turn|7
|
|switch|p1a: Nidoqueen|Nidoqueen, F|351\/351
|switch|p2a: Crobat|Crobat, M|331\/331
|
|turn|8
|
|move|p2a: Crobat|Brave Bird|p1a: Nidoqueen
|-damage|p1a: Nidoqueen|161\/351
|-damage|p2a: Crobat|268\/331|[from] recoil|[of] p1a: Nidoqueen
|move|p1a: Nidoqueen|Stealth Rock|p2a: Crobat
|-sidestart|p2: ULT King UU|move: Stealth Rock
|
|turn|9
|
|switch|p2a: Umbreon|Umbreon, F|394\/394
|-damage|p2a: Umbreon|345\/394|[from] Stealth Rock
|switch|p1a: Jirachi|Jirachi|341\/341
|
|-heal|p2a: Umbreon|369\/394|[from] item: Leftovers
|turn|10
|
|move|p1a: Jirachi|U-turn|p2a: Umbreon
|-supereffective|p2a: Umbreon
|-damage|p2a: Umbreon|243\/394
|
|switch|p1a: Infernape|Infernape, F|293\/293
|move|p2a: Umbreon|Foul Play|p1a: Infernape
|-crit|p1a: Infernape
|-resisted|p1a: Infernape
|-damage|p1a: Infernape|198\/293
|
|-heal|p2a: Umbreon|267\/394|[from] item: Leftovers
|turn|11
|
|move|p2a: Umbreon|Protect|p2a: Umbreon
|-singleturn|p2a: Umbreon|Protect
|move|p1a: Infernape|Close Combat|p2a: Umbreon
|-activate|p2a: Umbreon|Protect
|
|-heal|p2a: Umbreon|291\/394|[from] item: Leftovers
|turn|12
|
|move|p1a: Infernape|Close Combat|p2a: Umbreon
|-supereffective|p2a: Umbreon
|-damage|p2a: Umbreon|0 fnt
|-unboost|p1a: Infernape|def|1
|-unboost|p1a: Infernape|spd|1
|-damage|p1a: Infernape|169\/293|[from] item: Life Orb
|faint|p2a: Umbreon
|
|
|switch|p2a: Crobat|Crobat, M|268\/331
|-damage|p2a: Crobat|186\/331|[from] Stealth Rock
|turn|13
|
|move|p2a: Crobat|Defog|p1a: Infernape
|-unboost|p1a: Infernape|evasion|1
|-sideend|p2: ULT King UU|Stealth Rock|[from] move: Defog|[of] p2a: Crobat
|move|p1a: Infernape|Fire Blast|p2a: Crobat
|-damage|p2a: Crobat|0 fnt
|-damage|p1a: Infernape|140\/293|[from] item: Life Orb
|faint|p2a: Crobat
|
|
|switch|p2a: Ampharos|Ampharos, M|374\/374
|turn|14
|
|switch|p1a: Jirachi|Jirachi|341\/341
|detailschange|p2a: Ampharos|Ampharos-Mega, M
|message|Ampharos has Mega Evolved into Mega Ampharos!
|-ability|p2a: Ampharos|Mold Breaker
|move|p2a: Ampharos|Dragon Pulse|p1a: Jirachi
|-resisted|p1a: Jirachi
|-damage|p1a: Jirachi|244\/341
|
|turn|15
|
|move|p1a: Jirachi|Healing Wish|p1a: Jirachi
|faint|p1a: Jirachi
|move|p2a: Ampharos|Volt Switch|p1: Jirachi|[notarget]
|-notarget
|
|
|switch|p1a: Nidoqueen|Nidoqueen, F|161\/351
|-heal|p1a: Nidoqueen|351\/351|[from] move: Healing Wish
|turn|16
|
|switch|p2a: Swampert|Swampert, M|404\/404
|move|p1a: Nidoqueen|Earth Power|p2a: Swampert
|-damage|p2a: Swampert|186\/404
|
|-heal|p2a: Swampert|211\/404|[from] item: Leftovers
|turn|17
|
|switch|p1a: Hydreigon|Hydreigon, F|325\/325
|move|p2a: Swampert|Earthquake|p1a: Hydreigon
|-immune|p1a: Hydreigon|[msg]
|
|-heal|p2a: Swampert|236\/404|[from] item: Leftovers
|turn|18
|
|move|p1a: Hydreigon|Dark Pulse|p2a: Swampert
|-damage|p2a: Swampert|41\/404
|-damage|p1a: Hydreigon|293\/325|[from] item: Life Orb
|move|p2a: Swampert|Stealth Rock|p1a: Hydreigon
|-sidestart|p1: richard reuniclus|move: Stealth Rock
|
|-heal|p2a: Swampert|66\/404|[from] item: Leftovers
|turn|19
|
|switch|p2a: Ampharos|Ampharos-Mega, M|374\/374
|-ability|p2a: Ampharos|Mold Breaker
|move|p1a: Hydreigon|Dark Pulse|p2a: Ampharos
|-damage|p2a: Ampharos|197\/374
|-damage|p1a: Hydreigon|261\/325|[from] item: Life Orb
|
|turn|20
|chat|richard reuniclus|gG
|
|move|p1a: Hydreigon|Draco Meteor|p2a: Ampharos|[miss]
|-miss|p1a: Hydreigon|p2a: Ampharos
|move|p2a: Ampharos|Dragon Pulse|p1a: Hydreigon
|-supereffective|p1a: Hydreigon
|-damage|p1a: Hydreigon|0 fnt
|faint|p1a: Hydreigon
|
|
|switch|p1a: Nidoqueen|Nidoqueen, F|351\/351
|-damage|p1a: Nidoqueen|330\/351|[from] Stealth Rock
|turn|21
|
|move|p1a: Nidoqueen|Earth Power|p2a: Ampharos
|-supereffective|p2a: Ampharos
|-damage|p2a: Ampharos|0 fnt
|faint|p2a: Ampharos
|
|
|switch|p2a: Swampert|Swampert, M|66\/404
|turn|22
|
|move|p1a: Nidoqueen|Earth Power|p2a: Swampert
|-damage|p2a: Swampert|0 fnt
|faint|p2a: Swampert
|
|win|richard reuniclus
|raw|Ladder updating...
|raw|richard reuniclus's rating: 1522 &rarr; <strong>1540<\/strong><br \/>(+18 for winning)
|raw|ULT King UU's rating: 1485 &rarr; <strong>1467<\/strong><br \/>(-18 for losing)
|chat|ULT King UU|gg
|leave|ULT King UU
|player|p2