|join|ULT King UU
|join|SaboTheDragon
|player|p1|ULT King UU|#kinguu
|player|p2|SaboTheDragon|52
|gametype|singles
|gen|6
|tier|UU
|rated
|rule|Sleep Clause Mod: Limit one foe put to sleep
|rule|Species Clause: Limit one of each Pokémon
|rule|OHKO Clause: OHKO moves are banned
|rule|Moody Clause: Moody is banned
|rule|Evasion Moves Clause: Evasion moves are banned
|rule|Endless Battle Clause: Forcing endless battles is banned
|rule|HP Percentage Mod: HP is shown in percentages
|clearpoke
|poke|p1|Serperior, M
|poke|p1|Jirachi
|poke|p1|Raikou
|poke|p1|Crobat, F
|poke|p1|Swampert, M
|poke|p1|Infernape, F
|poke|p2|Blastoise, F
|poke|p2|Honchkrow, F
|poke|p2|Goodra, F
|poke|p2|Alakazam, M
|poke|p2|Chesnaught, F
|poke|p2|Snorlax, F
|rule|Swagger Clause: Swagger is banned
|rule|Baton Pass Clause: Limit one Pokémon knowing Baton Pass
|teampreview
|
|start
|switch|p1a: Raikou|Raikou|321\/321
|switch|p2a: Chesnaught|Chesnaught, F|380\/380
|-ability|p1a: Raikou|Pressure
|turn|1
|
|move|p2a: Chesnaught|Spiky Shield|p2a: Chesnaught
|-singleturn|p2a: Chesnaught|move: Protect
|move|p1a: Raikou|Extrasensory|p2a: Chesnaught
|-activate|p2a: Chesnaught|move: Protect
|
|turn|2
|
|switch|p2a: Goodra|Goodra, F|384\/384
|move|p1a: Raikou|Volt Switch|p2a: Goodra
|-resisted|p2a: Goodra
|-damage|p2a: Goodra|357\/384
|
|switch|p1a: Infernape|Infernape, F|293\/293
|
|turn|3
|join|Fire Lord Mako
|
|switch|p2a: Chesnaught|Chesnaught, F|380\/380
|move|p1a: Infernape|U-turn|p2a: Chesnaught
|-damage|p2a: Chesnaught|313\/380
|
|switch|p1a: Crobat|Crobat, F|363\/363
|
|-heal|p2a: Chesnaught|336\/380|[from] item: Leftovers
|turn|4
|
|move|p2a: Chesnaught|Spiky Shield|p2a: Chesnaught
|-singleturn|p2a: Chesnaught|move: Protect
|move|p1a: Crobat|Brave Bird|p2a: Chesnaught
|-activate|p2a: Chesnaught|move: Protect
|-damage|p1a: Crobat|318\/363|[from] Spiky Shield|[of] p2a: Chesnaught
|
|-heal|p1a: Crobat|340\/363|[from] item: Black Sludge
|-heal|p2a: Chesnaught|359\/380|[from] item: Leftovers
|turn|5
|c| Fire Lord Mako|i had chesnaught
|c| Fire Lord Mako|hate*
|c| Fire Lord Mako|im so tired
|c|★ULT King UU|looool
|
|switch|p2a: Blastoise|Blastoise, F|360\/360
|move|p1a: Crobat|Brave Bird|p2a: Blastoise
|-damage|p2a: Blastoise|221\/360
|-damage|p1a: Crobat|294\/363|[from] recoil|[of] p2a: Blastoise
|
|-heal|p1a: Crobat|316\/363|[from] item: Black Sludge
|turn|6
|
|detailschange|p2a: Blastoise|Blastoise-Mega, F
|-mega|p2a: Blastoise|Blastoise|Blastoisinite
|move|p1a: Crobat|U-turn|p2a: Blastoise
|-damage|p2a: Blastoise|172\/360
|
|switch|p1a: Raikou|Raikou|321\/321
|-ability|p1a: Raikou|Pressure
|move|p2a: Blastoise|Water Pulse|p1a: Raikou
|-damage|p1a: Raikou|201\/321
|
|turn|7
|join|FUQ GLISCORE
|c| Fire Lord Mako|:[
|join|ULT Christo
|c|★SaboTheDragon|assault vest
|
|switch|p2a: Goodra|Goodra, F|357\/384
|move|p1a: Raikou|Volt Switch|p2a: Goodra
|-crit|p2a: Goodra
|-resisted|p2a: Goodra
|-damage|p2a: Goodra|316\/384
|
|switch|p1a: Infernape|Infernape, F|293\/293
|
|turn|8
|join|Choke69LoL
|
|move|p1a: Infernape|Close Combat|p2a: Goodra
|-damage|p2a: Goodra|0 fnt
|-unboost|p1a: Infernape|def|1
|-unboost|p1a: Infernape|spd|1
|faint|p2a: Goodra
|
|
|switch|p2a: Alakazam|Alakazam, M|252\/252
|turn|9
|
|switch|p1a: Jirachi|Jirachi|341\/341
|move|p2a: Alakazam|Psychic|p1a: Jirachi
|-resisted|p1a: Jirachi
|-damage|p1a: Jirachi|300\/341
|
|turn|10
|
|switch|p2a: Chesnaught|Chesnaught, F|359\/380
|move|p1a: Jirachi|U-turn|p2a: Chesnaught
|-crit|p2a: Chesnaught
|-damage|p2a: Chesnaught|298\/380
|
|switch|p1a: Crobat|Crobat, F|316\/363
|
|-heal|p1a: Crobat|338\/363|[from] item: Black Sludge
|-heal|p2a: Chesnaught|321\/380|[from] item: Leftovers
|turn|11
|
|move|p2a: Chesnaught|Spiky Shield|p2a: Chesnaught
|-singleturn|p2a: Chesnaught|move: Protect
|move|p1a: Crobat|Brave Bird|p2a: Chesnaught
|-activate|p2a: Chesnaught|move: Protect
|-damage|p1a: Crobat|293\/363|[from] Spiky Shield|[of] p2a: Chesnaught
|
|-heal|p1a: Crobat|315\/363|[from] item: Black Sludge
|-heal|p2a: Chesnaught|344\/380|[from] item: Leftovers
|turn|12
|
|move|p1a: Crobat|Brave Bird|p2a: Chesnaught
|-supereffective|p2a: Chesnaught
|-damage|p2a: Chesnaught|0 fnt
|-damage|p1a: Crobat|201\/363|[from] recoil|[of] p2a: Chesnaught
|faint|p2a: Chesnaught
|
|-heal|p1a: Crobat|223\/363|[from] item: Black Sludge
|
|switch|p2a: Alakazam|Alakazam, M|252\/252
|turn|13
|
|move|p1a: Crobat|U-turn|p2a: Alakazam
|-supereffective|p2a: Alakazam
|-damage|p2a: Alakazam|50\/252
|
|switch|p1a: Jirachi|Jirachi|300\/341
|move|p2a: Alakazam|Focus Blast|p1a: Jirachi|[miss]
|-miss|p2a: Alakazam|p1a: Jirachi
|
|turn|14
|
|switch|p2a: Blastoise|Blastoise-Mega, F|172\/360
|move|p1a: Jirachi|U-turn|p2a: Blastoise
|-damage|p2a: Blastoise|117\/360
|leave|Choke69LoL
|
|switch|p1a: Raikou|Raikou|201\/321
|-ability|p1a: Raikou|Pressure
|
|turn|15
|
|move|p1a: Raikou|Volt Switch|p2a: Blastoise
|-supereffective|p2a: Blastoise
|-damage|p2a: Blastoise|0 fnt
|faint|p2a: Blastoise
|join|Choke69LoL
|leave|Choke69LoL
|
|switch|p1a: Infernape|Infernape, F|293\/293
|
|
|switch|p2a: Alakazam|Alakazam, M|50\/252
|turn|16
|
|switch|p2a: Honchkrow|Honchkrow, F|341\/341
|move|p1a: Infernape|Mach Punch|p2a: Honchkrow
|-damage|p2a: Honchkrow|145\/341
|
|turn|17
|
|switch|p2a: Snorlax|Snorlax, F|524\/524
|move|p1a: Infernape|Mach Punch|p2a: Snorlax
|-supereffective|p2a: Snorlax
|-damage|p2a: Snorlax|230\/524
|
|-heal|p2a: Snorlax|262\/524|[from] item: Leftovers
|turn|18
|leave|ULT Christo
|
|move|p1a: Infernape|Mach Punch|p2a: Snorlax
|-supereffective|p2a: Snorlax
|-damage|p2a: Snorlax|0 fnt
|faint|p2a: Snorlax
|
|-message|SaboTheDragon forfeited.
|leave|SaboTheDragon
|
|win|ULT King UU
|raw|Ladder updating...
|player|p2
|raw|ULT King UU's rating: 1431 &rarr; <strong>1441<\/strong><br \/>(+10 for winning)
|raw|SaboTheDragon's rating: 1244 &rarr; <strong>1232<\/strong><br \/>(-12 for losing)
|c|★ULT King UU|rocked.
|leave|ULT King UU
|player|p1