|join|ULT King UU
|join|cmazu1
|player|p1|ULT King UU|#kinguu
|player|p2|cmazu1|266
|gametype|singles
|gen|6
|tier|UU
|rated
|rule|Sleep Clause Mod: Limit one foe put to sleep
|rule|Species Clause: Limit one of each Pokémon
|rule|OHKO Clause: OHKO moves are banned
|rule|Moody Clause: Moody is banned
|rule|Evasion Moves Clause: Evasion moves are banned
|rule|Endless Battle Clause: Forcing endless battles is banned
|rule|HP Percentage Mod: HP is shown in percentages
|clearpoke
|poke|p1|Lucario, F
|poke|p1|Azelf
|poke|p1|Snorlax, F
|poke|p1|Jirachi, shiny
|poke|p1|Gligar, M
|poke|p1|Yanmega, M
|poke|p2|Chandelure, F
|poke|p2|Blastoise, F
|poke|p2|Florges, F
|poke|p2|Jirachi
|poke|p2|Hippowdon, M
|poke|p2|Shiftry, F
|rule|Swagger Clause: Swagger is banned
|rule|Baton Pass Clause: Limit one Pokémon knowing Baton Pass
|teampreview
|c|★cmazu1|gl hf
|join|Shit User
|join|thymetime
|join|Austin
|
|start
|switch|p1a: Azelf|Azelf|291\/291
|switch|p2a: Shiftry|Shiftry, F|342\/342
|turn|1
|join|LiberalLucario
|
|move|p1a: Azelf|Stealth Rock|p2a: Shiftry
|-sidestart|p2: cmazu1|move: Stealth Rock
|move|p2a: Shiftry|Knock Off|p1a: Azelf
|-supereffective|p1a: Azelf
|-damage|p1a: Azelf|0 fnt
|-enditem|p1a: Azelf|Life Orb|[from] move: Knock Off|[of] p2a: Shiftry
|-damage|p2a: Shiftry|308\/342|[from] item: Life Orb
|faint|p1a: Azelf
|
|join|armaldoe
|join|newfren
|
|switch|p1a: Lucario|Lucario, F|281\/281
|turn|2
|leave|armaldoe
|c| Shit User|wait
|c| Shit User|is newfren
|c|+Austin|wait
|c| Shit User|called patrick
|c| Shit User|wtf
|c|+Austin|apparently
|c| newfren|y
|c| Shit User|why arent you bill
|
|switch|p2a: Hippowdon|Hippowdon, M|420\/420
|-damage|p2a: Hippowdon|394\/420|[from] Stealth Rock
|-weather|Sandstorm
|move|p1a: Lucario|Nasty Plot|p1a: Lucario
|-boost|p1a: Lucario|spa|2
|
|-weather|Sandstorm|[upkeep]
|-heal|p2a: Hippowdon|420\/420|[from] item: Leftovers
|turn|3
|c| Shit User|change your name to bill
|
|move|p1a: Lucario|Aura Sphere|p2a: Hippowdon
|-damage|p2a: Hippowdon|0 fnt
|-damage|p1a: Lucario|253\/281|[from] item: Life Orb
|faint|p2a: Hippowdon
|
|-weather|Sandstorm|[upkeep]
|join|armaldoe
|
|switch|p2a: Chandelure|Chandelure, F|289\/289
|-damage|p2a: Chandelure|217\/289|[from] Stealth Rock
|turn|4
|c| Shit User|hes probably scarf
|c| Shit User|anyway
|c| Shit User|n_n
|
|switch|p1a: Snorlax|Snorlax, F|497\/497
|move|p2a: Chandelure|Flamethrower|p1a: Snorlax
|-damage|p1a: Snorlax|442\/497
|
|-weather|Sandstorm|[upkeep]
|-damage|p2a: Chandelure|199\/289|[from] sandstorm
|-damage|p1a: Snorlax|411\/497|[from] sandstorm
|-heal|p2a: Chandelure|217\/289|[from] item: Leftovers
|-heal|p1a: Snorlax|442\/497|[from] item: Leftovers
|turn|5
|
|switch|p2a: Shiftry|Shiftry, F|308\/342
|-damage|p2a: Shiftry|266\/342|[from] Stealth Rock
|switch|p1a: Gligar|Gligar, M|333\/333
|
|-weather|Sandstorm|[upkeep]
|-damage|p2a: Shiftry|245\/342|[from] sandstorm
|turn|6
|join|ANGER MANAGEMENT
|join|Eren Swaeger
|
|move|p2a: Shiftry|Knock Off|p1a: Gligar
|-damage|p1a: Gligar|234\/333
|-enditem|p1a: Gligar|Eviolite|[from] move: Knock Off|[of] p2a: Shiftry
|-damage|p2a: Shiftry|211\/342|[from] item: Life Orb
|move|p1a: Gligar|Toxic|p2a: Shiftry
|-status|p2a: Shiftry|tox
|
|-weather|none
|-damage|p2a: Shiftry|190\/342 tox|[from] psn
|turn|7
|
|switch|p2a: Blastoise|Blastoise, F|362\/362
|-damage|p2a: Blastoise|317\/362|[from] Stealth Rock
|move|p1a: Gligar|Knock Off|p2a: Blastoise
|-damage|p2a: Blastoise|285\/362
|
|turn|8
|join|xShiba
|
|detailschange|p2a: Blastoise|Blastoise-Mega, F
|-mega|p2a: Blastoise|Blastoise|Blastoisinite
|move|p1a: Gligar|Earthquake|p2a: Blastoise
|-damage|p2a: Blastoise|224\/362
|move|p2a: Blastoise|Scald|p1a: Gligar
|-supereffective|p1a: Gligar
|-damage|p1a: Gligar|0 fnt
|faint|p1a: Gligar
|
|join|JoffreyTheGreat
|
|switch|p1a: Jirachi|Jirachi, shiny|341\/341
|turn|9
|
|move|p1a: Jirachi|Calm Mind|p1a: Jirachi
|-boost|p1a: Jirachi|spa|1
|-boost|p1a: Jirachi|spd|1
|move|p2a: Blastoise|Rapid Spin|p1a: Jirachi
|-resisted|p1a: Jirachi
|-damage|p1a: Jirachi|334\/341
|-sideend|p2: cmazu1|Stealth Rock|[from] move: Rapid Spin|[of] p2a: Blastoise
|
|-heal|p1a: Jirachi|341\/341|[from] item: Leftovers
|turn|10
|join|SmashBrosBrawl
|
|move|p1a: Jirachi|Energy Ball|p2a: Blastoise
|-supereffective|p2a: Blastoise
|-damage|p2a: Blastoise|0 fnt
|faint|p2a: Blastoise
|
|join|DrReuniclus8
|
|switch|p2a: Jirachi|Jirachi|404\/404
|turn|11
|join|A New Guy
|
|switch|p1a: Snorlax|Snorlax, F|442\/497
|move|p2a: Jirachi|Thunder Wave|p1a: Snorlax
|-status|p1a: Snorlax|par
|
|-heal|p1a: Snorlax|473\/497 par|[from] item: Leftovers
|turn|12
|
|move|p2a: Jirachi|Iron Head|p1a: Snorlax
|-damage|p1a: Snorlax|326\/497 par
|cant|p1a: Snorlax|flinch
|
|-heal|p1a: Snorlax|357\/497 par|[from] item: Leftovers
|turn|13
|
|move|p2a: Jirachi|Fire Punch|p1a: Snorlax
|-damage|p1a: Snorlax|314\/497 par
|cant|p1a: Snorlax|par
|
|-heal|p1a: Snorlax|345\/497 par|[from] item: Leftovers
|turn|14
|
|move|p2a: Jirachi|Iron Head|p1a: Snorlax
|-damage|p1a: Snorlax|201\/497 par
|move|p1a: Snorlax|Rest|p1a: Snorlax
|-status|p1a: Snorlax|slp
|-heal|p1a: Snorlax|497\/497 slp|[silent]
|-status|p1a: Snorlax|slp|[from] move: Rest
|
|turn|15
|
|move|p2a: Jirachi|U-turn|p1a: Snorlax
|-damage|p1a: Snorlax|419\/497 slp
|
|switch|p2a: Florges|Florges, F|360\/360
|cant|p1a: Snorlax|slp
|move|p1a: Snorlax|Sleep Talk|p1a: Snorlax
|move|p1a: Snorlax|Curse|p1a: Snorlax|[from]Sleep Talk
|-boost|p1a: Snorlax|atk|1
|-boost|p1a: Snorlax|def|1
|-unboost|p1a: Snorlax|spe|1
|
|-heal|p1a: Snorlax|450\/497 slp|[from] item: Leftovers
|turn|16
|
|move|p2a: Florges|Aromatherapy|p2a: Florges
|-cureteam|p2a: Florges|[from] move: Aromatherapy
|cant|p1a: Snorlax|slp
|move|p1a: Snorlax|Sleep Talk|p1a: Snorlax
|move|p1a: Snorlax|Rest|p1a: Snorlax|[from]Sleep Talk
|-fail|p1a: Snorlax
|
|-heal|p1a: Snorlax|481\/497 slp|[from] item: Leftovers
|turn|17
|c| newfren|go to shiftry quick
|
|switch|p2a: Chandelure|Chandelure, F|217\/289
|-curestatus|p1a: Snorlax|slp
|move|p1a: Snorlax|Body Slam|p2a: Chandelure
|-immune|p2a: Chandelure|[msg]
|
|-heal|p2a: Chandelure|235\/289|[from] item: Leftovers
|-heal|p1a: Snorlax|497\/497|[from] item: Leftovers
|turn|18
|
|switch|p1a: Jirachi|Jirachi, shiny|341\/341
|move|p2a: Chandelure|Flamethrower|p1a: Jirachi
|-supereffective|p1a: Jirachi
|-damage|p1a: Jirachi|15\/341
|
|-heal|p1a: Jirachi|36\/341|[from] item: Leftovers
|-heal|p2a: Chandelure|253\/289|[from] item: Leftovers
|turn|19
|leave|JoffreyTheGreat
|
|move|p1a: Jirachi|Psyshock|p2a: Chandelure
|-damage|p2a: Chandelure|130\/289
|move|p2a: Chandelure|Flamethrower|p1a: Jirachi
|-supereffective|p1a: Jirachi
|-damage|p1a: Jirachi|0 fnt
|faint|p1a: Jirachi
|
|-heal|p2a: Chandelure|148\/289|[from] item: Leftovers
|join|JoffreyTheGreat
|
|switch|p1a: Yanmega|Yanmega, M|313\/313
|turn|20
|join|zebra.k
|
|switch|p2a: Jirachi|Jirachi|404\/404
|move|p1a: Yanmega|Air Slash|p2a: Jirachi
|-resisted|p2a: Jirachi
|-damage|p2a: Jirachi|322\/404
|-damage|p1a: Yanmega|282\/313|[from] item: Life Orb
|
|-heal|p2a: Jirachi|347\/404|[from] item: Leftovers
|-boost|p1a: Yanmega|spe|1|[from] ability: Speed Boost
|turn|21
|
|move|p1a: Yanmega|Bug Buzz|p2a: Jirachi
|-crit|p2a: Jirachi
|-damage|p2a: Jirachi|51\/404
|-damage|p1a: Yanmega|251\/313|[from] item: Life Orb
|move|p2a: Jirachi|Fire Punch|p1a: Yanmega
|-supereffective|p1a: Yanmega
|-damage|p1a: Yanmega|75\/313
|-status|p1a: Yanmega|brn
|
|-heal|p2a: Jirachi|76\/404|[from] item: Leftovers
|-damage|p1a: Yanmega|36\/313 brn|[from] brn
|-boost|p1a: Yanmega|spe|1|[from] ability: Speed Boost
|turn|22
|
|switch|p2a: Shiftry|Shiftry, F|190\/342
|move|p1a: Yanmega|Bug Buzz|p2a: Shiftry
|-supereffective|p2a: Shiftry
|-damage|p2a: Shiftry|0 fnt
|-damage|p1a: Yanmega|5\/313 brn|[from] item: Life Orb
|faint|p2a: Shiftry
|
|-damage|p1a: Yanmega|0 fnt|[from] brn
|faint|p1a: Yanmega
|leave|LiberalLucario
|
|switch|p1a: Lucario|Lucario, F|253\/281
|switch|p2a: Florges|Florges, F|360\/360
|turn|23
|join|LiberalLucario
|
|move|p1a: Lucario|Nasty Plot|p1a: Lucario
|-boost|p1a: Lucario|spa|2
|move|p2a: Florges|Moonblast|p1a: Lucario
|-crit|p1a: Lucario
|-damage|p1a: Lucario|0 fnt
|faint|p1a: Lucario
|
|
|switch|p1a: Snorlax|Snorlax, F|497\/497
|turn|24
|-message|ULT King UU forfeited.
|leave|ULT King UU
|c|★cmazu1|gg
|leave|JoffreyTheGreat
|leave|LiberalLucario
|
|win|cmazu1
|raw|Ladder updating...
|leave|Austin
|leave|newfren
|player|p1
|raw|ULT King UU's rating: 1439 &rarr; <strong>1418<\/strong><br \/>(-21 for losing)
|raw|cmazu1's rating: 1429 &rarr; <strong>1449<\/strong><br \/>(+20 for winning)
|leave|thymetime
|leave|cmazu1
|leave|DrReuniclus8
|player|p2