|join|Zedseayou
|join|bls with Loy
|player|p1|Zedseayou|129
|player|p2|bls with Loy|102
|gametype|singles
|gen|6
|tier|OU
|rated
|clearpoke
|poke|p1|Gengar, M
|poke|p1|Lopunny, F
|poke|p1|Skarmory, M
|poke|p1|Breloom, F
|poke|p1|Azumarill, M
|poke|p1|Bisharp, M
|poke|p2|Scizor, M
|poke|p2|Dugtrio, M
|poke|p2|Keldeo
|poke|p2|Latias, F
|poke|p2|Tyranitar, M
|poke|p2|Volcarona, F
|rule|Swagger Clause: Swagger is banned
|rule|Baton Pass Clause: Limit one Pokémon knowing Baton Pass
|rule|Sleep Clause Mod: Limit one foe put to sleep
|rule|Species Clause: Limit one of each Pokémon
|rule|OHKO Clause: OHKO moves are banned
|rule|Moody Clause: Moody is banned
|rule|Evasion Moves Clause: Evasion moves are banned
|rule|Endless Battle Clause: Forcing endless battles is banned
|rule|HP Percentage Mod: HP is shown in percentages
|teampreview
|
|start
|switch|p1a: Skarmory|Skarmory, M|271\/271
|switch|p2a: Scizor|Scizor, M|281\/281
|turn|1
|
|switch|p2a: Keldeo|Keldeo|323\/323
|move|p1a: Skarmory|Stealth Rock|p2a: Keldeo
|-sidestart|p2: bls with Loy|move: Stealth Rock
|
|turn|2
|
|move|p2a: Keldeo|Scald|p1a: Skarmory
|-activate|p1a: Skarmory|Sturdy
|-damage|p1a: Skarmory|1\/271
|-enditem|p1a: Skarmory|Salac Berry|[eat]
|-boost|p1a: Skarmory|spe|1|[from] item: Salac Berry
|move|p1a: Skarmory|Spikes|p2a: Keldeo
|-sidestart|p2: bls with Loy|Spikes
|
|turn|3
|
|switch|p2a: Tyranitar|Tyranitar, M|341\/341
|-damage|p2a: Tyranitar|299\/341|[from] Stealth Rock
|-damage|p2a: Tyranitar|257\/341|[from] Spikes
|-weather|Sandstorm
|move|p1a: Skarmory|Brave Bird|p2a: Tyranitar
|-resisted|p2a: Tyranitar
|-damage|p2a: Tyranitar|190\/341
|-damage|p1a: Skarmory|0 fnt|[from] recoil|[of] p2a: Tyranitar
|faint|p1a: Skarmory
|
|-weather|Sandstorm|[upkeep]
|
|switch|p1a: Lopunny|Lopunny, F|271\/271
|turn|4
|
|switch|p2a: Volcarona|Volcarona, F|329\/329
|-damage|p2a: Volcarona|165\/329|[from] Stealth Rock
|-damage|p2a: Volcarona|124\/329|[from] Spikes
|detailschange|p1a: Lopunny|Lopunny-Mega, F
|-mega|p1a: Lopunny|Lopunny|Lopunnite
|move|p1a: Lopunny|High Jump Kick|p2a: Volcarona
|-resisted|p2a: Volcarona
|-damage|p2a: Volcarona|0 fnt
|faint|p2a: Volcarona
|
|-weather|Sandstorm|[upkeep]
|-damage|p1a: Lopunny|255\/271|[from] sandstorm
|
|switch|p2a: Latias|Latias, F|319\/319
|-damage|p2a: Latias|280\/319|[from] Stealth Rock
|turn|5
|
|switch|p1a: Bisharp|Bisharp, M|272\/272
|move|p2a: Latias|Defog|p1a: Bisharp
|-unboost|p1a: Bisharp|evasion|1
|-boost|p1a: Bisharp|atk|2|[from] ability: Defiant
|-sideend|p2: bls with Loy|Spikes|[from] move: Defog|[of] p2a: Latias
|-sideend|p2: bls with Loy|Stealth Rock|[from] move: Defog|[of] p2a: Latias
|
|-weather|Sandstorm|[upkeep]
|-damage|p2a: Latias|261\/319|[from] sandstorm
|turn|6
|
|move|p2a: Latias|Draco Meteor|p1a: Bisharp
|-resisted|p1a: Bisharp
|-damage|p1a: Bisharp|91\/272
|-unboost|p2a: Latias|spa|2
|-damage|p2a: Latias|230\/319|[from] item: Life Orb
|move|p1a: Bisharp|Knock Off|p2a: Latias
|-supereffective|p2a: Latias
|-damage|p2a: Latias|0 fnt
|-enditem|p2a: Latias|Life Orb|[from] move: Knock Off|[of] p1a: Bisharp
|faint|p2a: Latias
|
|-weather|Sandstorm|[upkeep]
|
|switch|p2a: Keldeo|Keldeo|323\/323
|turn|7
|
|move|p1a: Bisharp|Sucker Punch|p2a: Keldeo
|-resisted|p2a: Keldeo
|-damage|p2a: Keldeo|147\/323
|-boost|p2a: Keldeo|atk|1|[from] ability: Justified
|move|p2a: Keldeo|Scald|p1a: Bisharp
|-damage|p1a: Bisharp|0 fnt
|faint|p1a: Bisharp
|
|-weather|none
|
|switch|p1a: Lopunny|Lopunny-Mega, F|255\/271
|turn|8
|
|move|p1a: Lopunny|Fake Out|p2a: Keldeo
|-crit|p2a: Keldeo
|-damage|p2a: Keldeo|24\/323
|cant|p2a: Keldeo|flinch
|
|turn|9
|
|switch|p1a: Azumarill|Azumarill, M|358\/358
|move|p2a: Keldeo|Scald|p1a: Azumarill
|-resisted|p1a: Azumarill
|-damage|p1a: Azumarill|241\/358
|
|turn|10
|
|move|p1a: Azumarill|Aqua Jet|p2a: Keldeo
|-resisted|p2a: Keldeo
|-damage|p2a: Keldeo|0 fnt
|faint|p2a: Keldeo
|
|
|switch|p2a: Dugtrio|Dugtrio, M|211\/211
|turn|11
|
|move|p1a: Azumarill|Aqua Jet|p2a: Dugtrio
|-supereffective|p2a: Dugtrio
|-enditem|p2a: Dugtrio|Focus Sash
|-damage|p2a: Dugtrio|1\/211
|move|p2a: Dugtrio|Stealth Rock|p1a: Azumarill
|-sidestart|p1: Zedseayou|move: Stealth Rock
|
|turn|12
|
|move|p1a: Azumarill|Aqua Jet|p2a: Dugtrio
|-supereffective|p2a: Dugtrio
|-damage|p2a: Dugtrio|0 fnt
|faint|p2a: Dugtrio
|
|
|switch|p2a: Tyranitar|Tyranitar, M|190\/341
|-weather|Sandstorm
|turn|13
|
|move|p1a: Azumarill|Aqua Jet|p2a: Tyranitar
|-supereffective|p2a: Tyranitar
|-damage|p2a: Tyranitar|14\/341
|move|p2a: Tyranitar|Earthquake|p1a: Azumarill
|-damage|p1a: Azumarill|100\/358
|-enditem|p1a: Azumarill|Sitrus Berry|[eat]
|-heal|p1a: Azumarill|189\/358|[from] item: Sitrus Berry
|
|-weather|Sandstorm|[upkeep]
|-damage|p1a: Azumarill|167\/358|[from] sandstorm
|turn|14
|
|move|p1a: Azumarill|Aqua Jet|p2a: Tyranitar
|-supereffective|p2a: Tyranitar
|-damage|p2a: Tyranitar|0 fnt
|faint|p2a: Tyranitar
|
|-weather|Sandstorm|[upkeep]
|-damage|p1a: Azumarill|145\/358|[from] sandstorm
|
|switch|p2a: Scizor|Scizor, M|281\/281
|turn|15
|
|detailschange|p2a: Scizor|Scizor-Mega, M
|-mega|p2a: Scizor|Scizor|Scizorite
|move|p2a: Scizor|Swords Dance|p2a: Scizor
|-boost|p2a: Scizor|atk|2
|move|p1a: Azumarill|Knock Off|p2a: Scizor
|-damage|p2a: Scizor|208\/281
|
|-weather|Sandstorm|[upkeep]
|-damage|p1a: Azumarill|123\/358|[from] sandstorm
|turn|16
|
|switch|p1a: Lopunny|Lopunny-Mega, F|255\/271
|-damage|p1a: Lopunny|239\/271|[from] Stealth Rock
|move|p2a: Scizor|Bullet Punch|p1a: Lopunny
|-damage|p1a: Lopunny|0 fnt
|faint|p1a: Lopunny
|
|-weather|Sandstorm|[upkeep]
|
|switch|p1a: Azumarill|Azumarill, M|123\/358
|-damage|p1a: Azumarill|79\/358|[from] Stealth Rock
|turn|17
|-message|Zedseayou forfeited.
|leave|Zedseayou
|
|win|bls with Loy
|raw|Ladder updating...
|player|p1
|raw|Zedseayou's rating: 1561 &rarr; <strong>1536<\/strong><br \/>(-25 for losing)
|raw|bls with Loy's rating: 1471 &rarr; <strong>1496<\/strong><br \/>(+25 for winning)