|join|peere
|join|Fels
|player|p1|peere|97
|player|p2|Fels|2
|gametype|singles
|gen|6
|tier|OU
|rated
|clearpoke
|poke|p1|Heatran, F
|poke|p1|Latios, M
|poke|p1|Clefable, F
|poke|p1|Landorus-Therian, M
|poke|p1|Keldeo
|poke|p1|Mew
|poke|p2|Raikou
|poke|p2|Heatran, M
|poke|p2|Scizor, F
|poke|p2|Landorus-Therian, M
|poke|p2|Gardevoir, F
|poke|p2|Venusaur, F
|rule|Swagger Clause: Swagger is banned
|rule|Baton Pass Clause: Limit one Pokémon knowing Baton Pass
|rule|Sleep Clause Mod: Limit one foe put to sleep
|rule|Species Clause: Limit one of each Pokémon
|rule|OHKO Clause: OHKO moves are banned
|rule|Moody Clause: Moody is banned
|rule|Evasion Moves Clause: Evasion moves are banned
|rule|Endless Battle Clause: Forcing endless battles is banned
|rule|HP Percentage Mod: HP is shown in percentages
|teampreview
|
|start
|switch|p1a: Latios|Latios, M|302\/302
|switch|p2a: HP Ice is good|Raikou|329\/329
|-ability|p2a: HP Ice is good|Pressure
|turn|1
|
|move|p2a: HP Ice is good|Volt Switch|p1a: Latios
|-resisted|p1a: Latios
|-damage|p1a: Latios|219\/302
|
|switch|p2a: Heatran|Heatran, M|323\/323
|move|p1a: Latios|Draco Meteor|p2a: Heatran
|-resisted|p2a: Heatran
|-damage|p2a: Heatran|243\/323
|-unboost|p1a: Latios|spa|2
|
|turn|2
|
|switch|p1a: Keldeo|Keldeo|323\/323
|move|p2a: Heatran|Flash Cannon|p1a: Keldeo
|-resisted|p1a: Keldeo
|-damage|p1a: Keldeo|251\/323
|
|turn|3
|
|switch|p1a: Mew|Mew|366\/366
|switch|p2a: Venusaur|Venusaur, F|363\/363
|
|turn|4
|
|detailschange|p2a: Venusaur|Venusaur-Mega, F
|message|Venusaur has Mega Evolved into Mega Venusaur!
|move|p1a: Mew|Will-O-Wisp|p2a: Venusaur
|-status|p2a: Venusaur|brn
|move|p2a: Venusaur|Sludge Bomb|p1a: Mew
|-damage|p1a: Mew|197\/366
|-status|p1a: Mew|psn
|
|-damage|p1a: Mew|152\/366 psn|[from] psn
|-damage|p2a: Venusaur|318\/363 brn|[from] brn
|turn|5
|
|switch|p2a: Heatran|Heatran, M|243\/323
|move|p1a: Mew|Psychic|p2a: Heatran
|-resisted|p2a: Heatran
|-damage|p2a: Heatran|203\/323
|-damage|p1a: Mew|116\/366 psn|[from] item: Life Orb
|
|-damage|p1a: Mew|71\/366 psn|[from] psn
|turn|6
|
|move|p1a: Mew|Roost|p1a: Mew
|-heal|p1a: Mew|254\/366 psn
|move|p2a: Heatran|Flash Cannon|p1a: Mew
|-damage|p1a: Mew|101\/366 psn
|
|-damage|p1a: Mew|56\/366 psn|[from] psn
|turn|7
|
|move|p1a: Mew|Earth Power|p2a: Heatran
|-supereffective|p2a: Heatran
|-damage|p2a: Heatran|0 fnt
|-damage|p1a: Mew|20\/366 psn|[from] item: Life Orb
|faint|p2a: Heatran
|
|-damage|p1a: Mew|0 fnt|[from] psn
|faint|p1a: Mew
|c|★Fels|@_@
|
|switch|p2a: HP Ice is good|Raikou|329\/329
|switch|p1a: Landorus-Therian|Landorus-Therian, M|382\/382
|-ability|p2a: HP Ice is good|Pressure
|-ability|p1a: Landorus-Therian|Intimidate|[of] p2a: HP Ice is good
|-unboost|p2a: HP Ice is good|atk|1
|turn|8
|
|switch|p1a: Clefable|Clefable, F|394\/394
|move|p2a: HP Ice is good|Hidden Power|p1a: Clefable
|-damage|p1a: Clefable|309\/394
|
|-heal|p1a: Clefable|333\/394|[from] item: Leftovers
|turn|9
|
|switch|p2a: Venusaur|Venusaur-Mega, F|318\/363 brn
|switch|p1a: Landorus-Therian|Landorus-Therian, M|382\/382
|-ability|p1a: Landorus-Therian|Intimidate|[of] p2a: Venusaur
|-unboost|p2a: Venusaur|atk|1
|
|-damage|p2a: Venusaur|273\/363 brn|[from] brn
|turn|10
|
|move|p1a: Landorus-Therian|Stealth Rock|p2a: Venusaur
|-sidestart|p2: Fels|move: Stealth Rock
|move|p2a: Venusaur|Giga Drain|p1a: Landorus-Therian
|-crit|p1a: Landorus-Therian
|-damage|p1a: Landorus-Therian|124\/382
|-heal|p2a: Venusaur|363\/363 brn|[from] drain|[of] p1a: Landorus-Therian
|
|-damage|p2a: Venusaur|318\/363 brn|[from] brn
|turn|11
|
|switch|p1a: Latios|Latios, M|219\/302
|move|p2a: Venusaur|Sludge Bomb|p1a: Latios
|-damage|p1a: Latios|60\/302
|-status|p1a: Latios|psn
|
|-damage|p1a: Latios|23\/302 psn|[from] psn
|-damage|p2a: Venusaur|273\/363 brn|[from] brn
|turn|12
|
|switch|p1a: Heatran|Heatran, F|368\/368
|move|p2a: Venusaur|Sludge Bomb|p1a: Heatran
|-immune|p1a: Heatran|[msg]
|
|-damage|p2a: Venusaur|228\/363 brn|[from] brn
|turn|13
|
|move|p1a: Heatran|Taunt|p2a: Venusaur
|-start|p2a: Venusaur|move: Taunt
|move|p2a: Venusaur|Earthquake|p1a: Heatran
|-supereffective|p1a: Heatran
|-damage|p1a: Heatran|268\/368
|
|-heal|p1a: Heatran|291\/368|[from] item: Leftovers
|-damage|p2a: Venusaur|183\/363 brn|[from] brn
|turn|14
|
|switch|p2a: Gardevoir|Gardevoir, F|278\/278
|-damage|p2a: Gardevoir|244\/278|[from] Stealth Rock
|-ability|p2a: Gardevoir|Flash Fire|[from] ability: Trace|[of] p1a: Heatran
|move|p1a: Heatran|Lava Plume|p2a: Gardevoir
|-start|p2a: Gardevoir|ability: Flash Fire
|
|-heal|p1a: Heatran|314\/368|[from] item: Leftovers
|turn|15
|
|switch|p2a: Venusaur|Venusaur-Mega, F|183\/363 brn
|-damage|p2a: Venusaur|138\/363 brn|[from] Stealth Rock
|switch|p1a: Latios|Latios, M|23\/302 psn
|
|-damage|p1a: Latios|0 fnt|[from] psn
|-damage|p2a: Venusaur|93\/363 brn|[from] brn
|faint|p1a: Latios
|
|switch|p1a: Landorus-Therian|Landorus-Therian, M|124\/382
|-ability|p1a: Landorus-Therian|Intimidate|[of] p2a: Venusaur
|-unboost|p2a: Venusaur|atk|1
|turn|16
|
|move|p1a: Landorus-Therian|Earthquake|p2a: Venusaur
|-damage|p2a: Venusaur|0 fnt
|faint|p2a: Venusaur
|
|
|switch|p2a: Landorus-Therian|Landorus-Therian, M|382\/382
|-damage|p2a: Landorus-Therian|335\/382|[from] Stealth Rock
|-ability|p2a: Landorus-Therian|Intimidate|[of] p1a: Landorus-Therian
|-unboost|p1a: Landorus-Therian|atk|1
|turn|17
|
|switch|p1a: Keldeo|Keldeo|251\/323
|move|p2a: Landorus-Therian|Stealth Rock|p1a: Keldeo
|-sidestart|p1: peere|move: Stealth Rock
|
|turn|18
|
|switch|p2a: Scizor|Scizor, F|282\/282
|-damage|p2a: Scizor|247\/282|[from] Stealth Rock
|move|p1a: Keldeo|Scald|p2a: Scizor
|-damage|p2a: Scizor|84\/282
|-status|p2a: Scizor|brn
|
|-damage|p2a: Scizor|49\/282 brn|[from] brn
|turn|19
|
|move|p2a: Scizor|Bullet Punch|p1a: Keldeo
|-resisted|p1a: Keldeo
|-damage|p1a: Keldeo|201\/323
|move|p1a: Keldeo|Scald|p2a: Scizor
|-damage|p2a: Scizor|0 fnt
|faint|p2a: Scizor
|
|
|switch|p2a: HP Ice is good|Raikou|329\/329
|-damage|p2a: HP Ice is good|288\/329|[from] Stealth Rock
|-ability|p2a: HP Ice is good|Pressure
|turn|20
|
|switch|p1a: Landorus-Therian|Landorus-Therian, M|124\/382
|-damage|p1a: Landorus-Therian|77\/382|[from] Stealth Rock
|-ability|p1a: Landorus-Therian|Intimidate|[of] p2a: HP Ice is good
|-unboost|p2a: HP Ice is good|atk|1
|move|p2a: HP Ice is good|Volt Switch|p1a: Landorus-Therian
|-immune|p1a: Landorus-Therian|[msg]
|
|turn|21
|
|switch|p2a: Landorus-Therian|Landorus-Therian, M|335\/382
|-damage|p2a: Landorus-Therian|288\/382|[from] Stealth Rock
|-ability|p2a: Landorus-Therian|Intimidate|[of] p1a: Landorus-Therian
|-unboost|p1a: Landorus-Therian|atk|1
|switch|p1a: Keldeo|Keldeo|201\/323
|-damage|p1a: Keldeo|181\/323|[from] Stealth Rock
|
|turn|22
|
|move|p1a: Keldeo|Scald|p2a: Landorus-Therian
|-supereffective|p2a: Landorus-Therian
|-damage|p2a: Landorus-Therian|0 fnt
|faint|p2a: Landorus-Therian
|
|
|switch|p2a: Gardevoir|Gardevoir, F|244\/278
|-damage|p2a: Gardevoir|210\/278|[from] Stealth Rock
|-ability|p2a: Gardevoir|Justified|[from] ability: Trace|[of] p1a: Keldeo
|turn|23
|
|switch|p2a: HP Ice is good|Raikou|288\/329
|-damage|p2a: HP Ice is good|247\/329|[from] Stealth Rock
|-ability|p2a: HP Ice is good|Pressure
|move|p1a: Keldeo|Hydro Pump|p2a: HP Ice is good
|-damage|p2a: HP Ice is good|55\/329
|
|turn|24
|
|switch|p1a: Landorus-Therian|Landorus-Therian, M|77\/382
|-damage|p1a: Landorus-Therian|30\/382|[from] Stealth Rock
|-ability|p1a: Landorus-Therian|Intimidate|[of] p2a: HP Ice is good
|-unboost|p2a: HP Ice is good|atk|1
|move|p2a: HP Ice is good|Shadow Ball|p1a: Landorus-Therian
|-damage|p1a: Landorus-Therian|0 fnt
|faint|p1a: Landorus-Therian
|
|
|switch|p1a: Clefable|Clefable, F|333\/394
|turn|25
|
|switch|p2a: Gardevoir|Gardevoir, F|210\/278
|-damage|p2a: Gardevoir|176\/278|[from] Stealth Rock
|-ability|p2a: Gardevoir|Magic Guard|[from] ability: Trace|[of] p1a: Clefable
|move|p1a: Clefable|Calm Mind|p1a: Clefable
|-boost|p1a: Clefable|spa|1
|-boost|p1a: Clefable|spd|1
|
|-heal|p1a: Clefable|357\/394|[from] item: Leftovers
|turn|26
|
|move|p2a: Gardevoir|Psyshock|p1a: Clefable
|-damage|p1a: Clefable|198\/394
|move|p1a: Clefable|Moonblast|p2a: Gardevoir
|-damage|p2a: Gardevoir|38\/278
|
|-heal|p1a: Clefable|222\/394|[from] item: Leftovers
|turn|27
|
|move|p2a: Gardevoir|Psyshock|p1a: Clefable
|-crit|p1a: Clefable
|-damage|p1a: Clefable|0 fnt
|faint|p1a: Clefable
|
|
|switch|p1a: Keldeo|Keldeo|181\/323
|-damage|p1a: Keldeo|161\/323|[from] Stealth Rock
|turn|28
|
|move|p2a: Gardevoir|Psyshock|p1a: Keldeo
|-supereffective|p1a: Keldeo
|-damage|p1a: Keldeo|0 fnt
|faint|p1a: Keldeo
|
|
|switch|p1a: Heatran|Heatran, F|314\/368
|-damage|p1a: Heatran|268\/368|[from] Stealth Rock
|turn|29
|
|move|p2a: Gardevoir|Psyshock|p1a: Heatran
|-resisted|p1a: Heatran
|-damage|p1a: Heatran|197\/368
|move|p1a: Heatran|Lava Plume|p2a: Gardevoir
|-damage|p2a: Gardevoir|0 fnt
|faint|p2a: Gardevoir
|
|-heal|p1a: Heatran|220\/368|[from] item: Leftovers
|
|switch|p2a: HP Ice is good|Raikou|55\/329
|-damage|p2a: HP Ice is good|14\/329|[from] Stealth Rock
|-ability|p2a: HP Ice is good|Pressure
|turn|30
|
|move|p2a: HP Ice is good|Thunderbolt|p1a: Heatran
|-damage|p1a: Heatran|12\/368
|move|p1a: Heatran|Lava Plume|p2a: HP Ice is good
|-damage|p2a: HP Ice is good|0 fnt
|faint|p2a: HP Ice is good
|
|win|peere
|raw|Ladder updating...
|c|★Fels|daaaam
|raw|peere's rating: 1688 &rarr; <strong>1708<\/strong><br \/>(+20 for winning)
|raw|Fels's rating: 1684 &rarr; <strong>1664<\/strong><br \/>(-20 for losing)
|c|★Fels|gg!
|c|★peere|gg
|leave|peere
|player|p1