|join|Aka DH
|join|peere
|player|p1|Aka DH|68
|player|p2|peere|97
|gametype|singles
|gen|6
|tier|OU
|rated
|clearpoke
|poke|p1|Bisharp, M
|poke|p1|Venusaur, M
|poke|p1|Heatran, M
|poke|p1|Keldeo
|poke|p1|Chansey, F
|poke|p1|Skarmory, M
|poke|p2|Chansey, F
|poke|p2|Thundurus, M
|poke|p2|Celebi
|poke|p2|Excadrill, F
|poke|p2|Charizard, M
|poke|p2|Rotom-Wash
|rule|Swagger Clause: Swagger is banned
|rule|Baton Pass Clause: Limit one Pokémon knowing Baton Pass
|rule|Sleep Clause Mod: Limit one foe put to sleep
|rule|Species Clause: Limit one of each Pokémon
|rule|OHKO Clause: OHKO moves are banned
|rule|Moody Clause: Moody is banned
|rule|Evasion Moves Clause: Evasion moves are banned
|rule|Endless Battle Clause: Forcing endless battles is banned
|rule|HP Percentage Mod: HP is shown in percentages
|teampreview
|
|start
|switch|p1a: Chansey|Chansey, F|684\/684
|switch|p2a: Charizard|Charizard, M|359\/359
|turn|1
|
|switch|p2a: Excadrill|Excadrill, F|361\/361
|-ability|p2a: Excadrill|Mold Breaker
|-item|p2a: Excadrill|Air Balloon
|move|p1a: Chansey|Seismic Toss|p2a: Excadrill
|-damage|p2a: Excadrill|261\/361
|-enditem|p2a: Excadrill|Air Balloon
|
|turn|2
|
|move|p2a: Excadrill|Stealth Rock|p1a: Chansey
|-sidestart|p1: Aka DH|move: Stealth Rock
|move|p1a: Chansey|Seismic Toss|p2a: Excadrill
|-damage|p2a: Excadrill|161\/361
|
|turn|3
|
|switch|p2a: Chansey|Chansey, F|698\/698
|switch|p1a: Heatran|Heatran, M|340\/340
|-damage|p1a: Heatran|298\/340|[from] Stealth Rock
|-item|p1a: Heatran|Air Balloon
|
|turn|4
|
|move|p1a: Heatran|Stealth Rock|p2a: Chansey
|-sidestart|p2: peere|move: Stealth Rock
|move|p2a: Chansey|Thunder Wave|p1a: Heatran
|-status|p1a: Heatran|par
|
|turn|5
|
|switch|p1a: Skarmory|Skarmory, M|334\/334
|-damage|p1a: Skarmory|293\/334|[from] Stealth Rock
|move|p2a: Chansey|Seismic Toss|p1a: Skarmory
|-damage|p1a: Skarmory|193\/334
|-damage|p2a: Chansey|582\/698|[from] item: Rocky Helmet|[of] p1a: Skarmory
|
|turn|6
|
|move|p1a: Skarmory|Spikes|p2a: Chansey
|-sidestart|p2: peere|Spikes
|move|p2a: Chansey|Wish|p2a: Chansey
|
|turn|7
|
|switch|p2a: Excadrill|Excadrill, F|161\/361
|-damage|p2a: Excadrill|150\/361|[from] Stealth Rock
|-damage|p2a: Excadrill|105\/361|[from] Spikes
|-ability|p2a: Excadrill|Mold Breaker
|move|p1a: Skarmory|Whirlwind|p2a: Excadrill
|drag|p2a: Celebi|Celebi|341\/341
|-damage|p2a: Celebi|299\/341|[from] Stealth Rock
|-damage|p2a: Celebi|257\/341|[from] Spikes
|
|-heal|p2a: Celebi|341\/341|[from] move: Wish|[wisher] Chansey
|turn|8
|
|move|p2a: Celebi|Trick|p1a: Skarmory
|-activate|p2a: Celebi|move: Trick|[of] p1a: Skarmory
|-item|p1a: Skarmory|Choice Scarf|[from] move: Trick
|-item|p2a: Celebi|Rocky Helmet|[from] move: Trick
|move|p1a: Skarmory|Roost|p1a: Skarmory
|-heal|p1a: Skarmory|334\/334
|
|turn|9
|
|switch|p1a: Chansey|Chansey, F|684\/684
|-damage|p1a: Chansey|599\/684|[from] Stealth Rock
|move|p2a: Celebi|U-turn|p1a: Chansey
|-damage|p1a: Chansey|538\/684
|
|switch|p2a: Excadrill|Excadrill, F|105\/361
|-damage|p2a: Excadrill|60\/361|[from] Spikes
|-damage|p2a: Excadrill|49\/361|[from] Stealth Rock
|-ability|p2a: Excadrill|Mold Breaker
|
|turn|10
|
|switch|p1a: Skarmory|Skarmory, M|334\/334
|-damage|p1a: Skarmory|293\/334|[from] Stealth Rock
|move|p2a: Excadrill|Rapid Spin|p1a: Skarmory
|-resisted|p1a: Skarmory
|-damage|p1a: Skarmory|284\/334
|-sideend|p2: peere|Spikes|[from] move: Rapid Spin|[of] p2a: Excadrill
|-sideend|p2: peere|Stealth Rock|[from] move: Rapid Spin|[of] p2a: Excadrill
|
|turn|11
|
|switch|p2a: Thundurus|Thundurus, M|299\/299
|move|p1a: Skarmory|Spikes|p2a: Thundurus
|-sidestart|p2: peere|Spikes
|
|turn|12
|
|switch|p1a: Chansey|Chansey, F|538\/684
|-damage|p1a: Chansey|453\/684|[from] Stealth Rock
|move|p2a: Thundurus|Bulk Up|p2a: Thundurus
|-boost|p2a: Thundurus|atk|1
|-boost|p2a: Thundurus|def|1
|
|turn|13
|
|move|p2a: Thundurus|Bulk Up|p2a: Thundurus
|-boost|p2a: Thundurus|atk|1
|-boost|p2a: Thundurus|def|1
|move|p1a: Chansey|Aromatherapy|p1a: Chansey
|-cureteam|p1a: Chansey|[from] move: Aromatherapy
|
|turn|14
|
|switch|p1a: Skarmory|Skarmory, M|284\/334
|-damage|p1a: Skarmory|243\/334|[from] Stealth Rock
|move|p2a: Thundurus|Bulk Up|p2a: Thundurus
|-boost|p2a: Thundurus|atk|1
|-boost|p2a: Thundurus|def|1
|
|turn|15
|
|move|p2a: Thundurus|Wild Charge|p1a: Skarmory
|-supereffective|p1a: Skarmory
|-damage|p1a: Skarmory|0 fnt
|-damage|p2a: Thundurus|238\/299|[from] recoil|[of] p1a: Skarmory
|faint|p1a: Skarmory
|
|-heal|p2a: Thundurus|256\/299|[from] item: Leftovers
|
|switch|p1a: Venusaur|Venusaur, M|364\/364
|-damage|p1a: Venusaur|319\/364|[from] Stealth Rock
|turn|16
|
|detailschange|p1a: Venusaur|Venusaur-Mega, M
|message|Venusaur has Mega Evolved into Mega Venusaur!
|move|p2a: Thundurus|Fly|p1a: Venusaur|[still]
|-prepare|p2a: Thundurus|Fly|p1a: Venusaur
|move|p1a: Venusaur|Leech Seed|p2a: Thundurus|[miss]
|-miss|p1a: Venusaur|p2a: Thundurus
|
|-heal|p2a: Thundurus|274\/299|[from] item: Leftovers
|turn|17
|
|switch|p1a: Heatran|Heatran, M|298\/340
|-damage|p1a: Heatran|256\/340|[from] Stealth Rock
|-item|p1a: Heatran|Air Balloon
|move|p2a: Thundurus|Fly|p1a: Heatran
|-resisted|p1a: Heatran
|-damage|p1a: Heatran|99\/340
|-enditem|p1a: Heatran|Air Balloon
|
|-heal|p2a: Thundurus|292\/299|[from] item: Leftovers
|turn|18
|
|move|p2a: Thundurus|Knock Off|p1a: Heatran
|-damage|p1a: Heatran|0 fnt
|faint|p1a: Heatran
|
|-heal|p2a: Thundurus|299\/299|[from] item: Leftovers
|
|switch|p1a: Bisharp|Bisharp, M|334\/334
|-damage|p1a: Bisharp|314\/334|[from] Stealth Rock
|turn|19
|
|switch|p1a: Venusaur|Venusaur-Mega, M|319\/364
|-damage|p1a: Venusaur|274\/364|[from] Stealth Rock
|move|p2a: Thundurus|Wild Charge|p1a: Venusaur
|-resisted|p1a: Venusaur
|-damage|p1a: Venusaur|152\/364
|-damage|p2a: Thundurus|268\/299|[from] recoil|[of] p1a: Venusaur
|
|-heal|p2a: Thundurus|286\/299|[from] item: Leftovers
|turn|20
|
|switch|p1a: Bisharp|Bisharp, M|314\/334
|-damage|p1a: Bisharp|294\/334|[from] Stealth Rock
|move|p2a: Thundurus|Fly|p1a: Bisharp|[still]
|-prepare|p2a: Thundurus|Fly|p1a: Bisharp
|
|-heal|p2a: Thundurus|299\/299|[from] item: Leftovers
|-heal|p1a: Bisharp|314\/334|[from] item: Leftovers
|turn|21
|
|move|p2a: Thundurus|Fly|p1a: Bisharp
|-resisted|p1a: Bisharp
|-damage|p1a: Bisharp|128\/334
|move|p1a: Bisharp|Knock Off|p2a: Thundurus
|-crit|p2a: Thundurus
|-damage|p2a: Thundurus|0 fnt
|-enditem|p2a: Thundurus|Leftovers|[from] move: Knock Off|[of] p1a: Bisharp
|faint|p2a: Thundurus
|
|-heal|p1a: Bisharp|148\/334|[from] item: Leftovers
|
|switch|p2a: Charizard|Charizard, M|359\/359
|turn|22
|
|switch|p1a: Chansey|Chansey, F|453\/684
|-damage|p1a: Chansey|368\/684|[from] Stealth Rock
|detailschange|p2a: Charizard|Charizard-Mega-X, M
|message|Charizard has Mega Evolved into Mega Charizard!
|move|p2a: Charizard|Earthquake|p1a: Chansey
|-damage|p1a: Chansey|237\/684
|
|turn|23
|
|move|p2a: Charizard|Dragon Claw|p1a: Chansey
|-damage|p1a: Chansey|30\/684
|move|p1a: Chansey|Thunder Wave|p2a: Charizard
|-status|p2a: Charizard|par
|
|turn|24
|
|switch|p2a: Excadrill|Excadrill, F|49\/361
|-damage|p2a: Excadrill|4\/361|[from] Spikes
|-ability|p2a: Excadrill|Mold Breaker
|move|p1a: Chansey|Soft-Boiled|p1a: Chansey
|-heal|p1a: Chansey|372\/684
|
|turn|25
|
|move|p2a: Excadrill|Iron Head|p1a: Chansey
|-damage|p1a: Chansey|162\/684
|move|p1a: Chansey|Seismic Toss|p2a: Excadrill
|-damage|p2a: Excadrill|0 fnt
|faint|p2a: Excadrill
|
|
|switch|p2a: Celebi|Celebi|341\/341
|-damage|p2a: Celebi|299\/341|[from] Spikes
|turn|26
|
|move|p2a: Celebi|Trick|p1a: Chansey
|-activate|p2a: Celebi|move: Trick|[of] p1a: Chansey
|-item|p1a: Chansey|Rocky Helmet|[from] move: Trick
|-item|p2a: Celebi|Eviolite|[from] move: Trick
|move|p1a: Chansey|Soft-Boiled|p1a: Chansey
|-heal|p1a: Chansey|504\/684
|
|turn|27
|
|move|p2a: Celebi|Psychic|p1a: Chansey
|-damage|p1a: Chansey|386\/684
|move|p1a: Chansey|Seismic Toss|p2a: Celebi
|-damage|p2a: Celebi|199\/341
|
|turn|28
|
|move|p2a: Celebi|Psychic|p1a: Chansey
|-damage|p1a: Chansey|260\/684
|move|p1a: Chansey|Seismic Toss|p2a: Celebi
|-damage|p2a: Celebi|99\/341
|
|turn|29
|
|move|p2a: Celebi|Psychic|p1a: Chansey
|-damage|p1a: Chansey|139\/684
|move|p1a: Chansey|Soft-Boiled|p1a: Chansey
|-heal|p1a: Chansey|481\/684
|
|turn|30
|
|move|p2a: Celebi|Psychic|p1a: Chansey
|-damage|p1a: Chansey|354\/684
|move|p1a: Chansey|Seismic Toss|p2a: Celebi
|-damage|p2a: Celebi|0 fnt
|faint|p2a: Celebi
|
|
|switch|p2a: Charizard|Charizard-Mega-X, M|359\/359 par
|-damage|p2a: Charizard|315\/359 par|[from] Spikes
|turn|31
|
|move|p1a: Chansey|Seismic Toss|p2a: Charizard
|-damage|p2a: Charizard|215\/359 par
|move|p2a: Charizard|Dragon Claw|p1a: Chansey
|-damage|p1a: Chansey|57\/684
|-damage|p2a: Charizard|156\/359 par|[from] item: Rocky Helmet|[of] p1a: Chansey
|
|turn|32
|
|move|p1a: Chansey|Seismic Toss|p2a: Charizard
|-damage|p2a: Charizard|56\/359 par
|move|p2a: Charizard|Roost|p2a: Charizard
|-heal|p2a: Charizard|236\/359 par
|
|turn|33
|
|move|p1a: Chansey|Soft-Boiled|p1a: Chansey
|-heal|p1a: Chansey|399\/684
|move|p2a: Charizard|Dragon Claw|p1a: Chansey
|-crit|p1a: Chansey
|-damage|p1a: Chansey|0 fnt
|-damage|p2a: Charizard|177\/359 par|[from] item: Rocky Helmet|[of] p1a: Chansey
|faint|p1a: Chansey
|
|
|switch|p1a: Keldeo|Keldeo|323\/323
|-damage|p1a: Keldeo|303\/323|[from] Stealth Rock
|turn|34
|
|move|p1a: Keldeo|Calm Mind|p1a: Keldeo
|-boost|p1a: Keldeo|spa|1
|-boost|p1a: Keldeo|spd|1
|move|p2a: Charizard|Roost|p2a: Charizard
|-heal|p2a: Charizard|357\/359 par
|
|-heal|p1a: Keldeo|323\/323|[from] item: Leftovers
|turn|35
|
|move|p1a: Keldeo|Secret Sword|p2a: Charizard
|-damage|p2a: Charizard|212\/359 par
|cant|p2a: Charizard|par
|
|turn|36
|
|move|p1a: Keldeo|Scald|p2a: Charizard
|-damage|p2a: Charizard|0 fnt
|faint|p2a: Charizard
|
|
|switch|p2a: Rotom-Wash|Rotom-Wash|303\/303
|turn|37
|
|move|p1a: Keldeo|Secret Sword|p2a: Rotom-Wash
|-damage|p2a: Rotom-Wash|143\/303
|move|p2a: Rotom-Wash|Volt Switch|p1a: Keldeo
|-supereffective|p1a: Keldeo
|-damage|p1a: Keldeo|195\/323
|-message|peere forfeited.
|
|win|Aka DH
|raw|Ladder updating...
|leave|peere
|player|p2
|raw|Aka DH's rating: 1919 &rarr; <strong>1927<\/strong><br \/>(+8 for winning)
|raw|peere's rating: 1689 &rarr; <strong>1680<\/strong><br \/>(-9 for losing)