|join|DumberThanSlowpoke
|join|DictatorOfAmerica
|player|p1|DumberThanSlowpoke|168
|player|p2|DictatorOfAmerica|156
|gametype|singles
|gen|6
|tier|OU
|rated
|clearpoke
|poke|p1|Keldeo
|poke|p1|Thundurus, M
|poke|p1|Heatran, F
|poke|p1|Tyranitar, F
|poke|p1|Scizor, F
|poke|p1|Rotom-Wash
|poke|p2|Chesnaught, M
|poke|p2|Blastoise, M
|poke|p2|Talonflame, M
|poke|p2|Clefable, F
|poke|p2|Jirachi
|poke|p2|Rhyperior, F
|rule|Swagger Clause: Swagger is banned
|rule|Baton Pass Clause: Limit one Pokémon knowing Baton Pass
|rule|Sleep Clause Mod: Limit one foe put to sleep
|rule|Species Clause: Limit one of each Pokémon
|rule|OHKO Clause: OHKO moves are banned
|rule|Moody Clause: Moody is banned
|rule|Evasion Moves Clause: Evasion moves are banned
|rule|Endless Battle Clause: Forcing endless battles is banned
|rule|HP Percentage Mod: HP is shown in percentages
|teampreview
|
|start
|switch|p1a: Heatran|Heatran, F|385\/385
|switch|p2a: Chesnaught|Chesnaught, M|380\/380
|turn|1
|
|switch|p2a: Blastoise|Blastoise, M|361\/361
|move|p1a: Heatran|Protect|p1a: Heatran
|-fail|p1a: Heatran
|
|turn|2
|
|switch|p1a: Rotom-Wash|Rotom-Wash|304\/304
|detailschange|p2a: Blastoise|Blastoise-Mega, M
|message|Blastoise has Mega Evolved into Mega Blastoise!
|move|p2a: Blastoise|Scald|p1a: Rotom-Wash
|-resisted|p1a: Rotom-Wash
|-damage|p1a: Rotom-Wash|244\/304
|-status|p1a: Rotom-Wash|brn
|
|-heal|p1a: Rotom-Wash|263\/304 brn|[from] item: Leftovers
|-damage|p1a: Rotom-Wash|225\/304 brn|[from] brn
|turn|3
|
|switch|p2a: Jirachi|Jirachi|404\/404
|move|p1a: Rotom-Wash|Volt Switch|p2a: Jirachi
|-damage|p2a: Jirachi|335\/404
|
|switch|p1a: Heatran|Heatran, F|385\/385
|
|-heal|p2a: Jirachi|360\/404|[from] item: Leftovers
|turn|4
|
|switch|p2a: Blastoise|Blastoise-Mega, M|361\/361
|move|p1a: Heatran|Stealth Rock|p2a: Blastoise
|-sidestart|p2: DictatorOfAmerica|move: Stealth Rock
|
|turn|5
|
|switch|p1a: Rotom-Wash|Rotom-Wash|225\/304 brn
|move|p2a: Blastoise|Rapid Spin|p1a: Rotom-Wash
|-damage|p1a: Rotom-Wash|215\/304 brn
|-sideend|p2: DictatorOfAmerica|Stealth Rock|[from] move: Rapid Spin|[of] p2a: Blastoise
|
|-heal|p1a: Rotom-Wash|234\/304 brn|[from] item: Leftovers
|-damage|p1a: Rotom-Wash|196\/304 brn|[from] brn
|turn|6
|
|switch|p2a: Jirachi|Jirachi|360\/404
|move|p1a: Rotom-Wash|Will-O-Wisp|p2a: Jirachi
|-status|p2a: Jirachi|brn
|
|-heal|p2a: Jirachi|385\/404 brn|[from] item: Leftovers
|-heal|p1a: Rotom-Wash|215\/304 brn|[from] item: Leftovers
|-damage|p2a: Jirachi|335\/404 brn|[from] brn
|-damage|p1a: Rotom-Wash|177\/304 brn|[from] brn
|turn|7
|
|move|p2a: Jirachi|Stealth Rock|p1a: Rotom-Wash
|-sidestart|p1: DumberThanSlowpoke|move: Stealth Rock
|move|p1a: Rotom-Wash|Volt Switch|p2a: Jirachi
|-crit|p2a: Jirachi
|-damage|p2a: Jirachi|242\/404 brn
|
|switch|p1a: Thundurus|Thundurus, M|298\/298
|-damage|p1a: Thundurus|224\/298|[from] Stealth Rock
|
|-heal|p1a: Thundurus|242\/298|[from] item: Leftovers
|-heal|p2a: Jirachi|267\/404 brn|[from] item: Leftovers
|-damage|p2a: Jirachi|217\/404 brn|[from] brn
|turn|8
|
|switch|p2a: Clefable|Clefable, F|394\/394
|move|p1a: Thundurus|Nasty Plot|p1a: Thundurus
|-boost|p1a: Thundurus|spa|2
|
|-heal|p1a: Thundurus|260\/298|[from] item: Leftovers
|turn|9
|
|move|p1a: Thundurus|Thunderbolt|p2a: Clefable
|-damage|p2a: Clefable|210\/394
|move|p2a: Clefable|Calm Mind|p2a: Clefable
|-boost|p2a: Clefable|spa|1
|-boost|p2a: Clefable|spd|1
|
|-heal|p1a: Thundurus|278\/298|[from] item: Leftovers
|-heal|p2a: Clefable|234\/394|[from] item: Leftovers
|turn|10
|
|move|p1a: Thundurus|Thunderbolt|p2a: Clefable
|-damage|p2a: Clefable|117\/394
|-status|p2a: Clefable|par
|move|p2a: Clefable|Moonlight|p2a: Clefable
|-heal|p2a: Clefable|314\/394 par
|
|-heal|p1a: Thundurus|296\/298|[from] item: Leftovers
|-heal|p2a: Clefable|338\/394 par|[from] item: Leftovers
|turn|11
|
|move|p1a: Thundurus|Nasty Plot|p1a: Thundurus
|-boost|p1a: Thundurus|spa|2
|move|p2a: Clefable|Moonblast|p1a: Thundurus
|-damage|p1a: Thundurus|94\/298
|
|-heal|p1a: Thundurus|112\/298|[from] item: Leftovers
|-heal|p2a: Clefable|362\/394 par|[from] item: Leftovers
|turn|12
|
|move|p1a: Thundurus|Thunderbolt|p2a: Clefable
|-damage|p2a: Clefable|247\/394 par
|move|p2a: Clefable|Moonblast|p1a: Thundurus
|-damage|p1a: Thundurus|0 fnt
|faint|p1a: Thundurus
|
|-heal|p2a: Clefable|271\/394 par|[from] item: Leftovers
|
|switch|p1a: Scizor|Scizor, F|281\/281
|-damage|p1a: Scizor|246\/281|[from] Stealth Rock
|turn|13
|
|switch|p2a: Chesnaught|Chesnaught, M|380\/380
|detailschange|p1a: Scizor|Scizor-Mega, F
|message|Scizor has Mega Evolved into Mega Scizor!
|move|p1a: Scizor|Swords Dance|p1a: Scizor
|-boost|p1a: Scizor|atk|2
|
|turn|14
|
|move|p1a: Scizor|U-turn|p2a: Chesnaught
|-damage|p2a: Chesnaught|199\/380
|
|switch|p1a: Heatran|Heatran, F|385\/385
|-damage|p1a: Heatran|337\/385|[from] Stealth Rock
|move|p2a: Chesnaught|Spikes|p1a: Heatran
|-sidestart|p1: DumberThanSlowpoke|Spikes
|
|-heal|p1a: Heatran|361\/385|[from] item: Leftovers
|-heal|p2a: Chesnaught|222\/380|[from] item: Leftovers
|turn|15
|
|switch|p2a: Blastoise|Blastoise-Mega, M|361\/361
|move|p1a: Heatran|Lava Plume|p2a: Blastoise
|-resisted|p2a: Blastoise
|-damage|p2a: Blastoise|313\/361
|-status|p2a: Blastoise|brn
|
|-heal|p1a: Heatran|385\/385|[from] item: Leftovers
|-damage|p2a: Blastoise|268\/361 brn|[from] brn
|turn|16
|
|switch|p1a: Rotom-Wash|Rotom-Wash|177\/304 brn
|-damage|p1a: Rotom-Wash|139\/304 brn|[from] Stealth Rock
|move|p2a: Blastoise|Aura Sphere|p1a: Rotom-Wash
|-damage|p1a: Rotom-Wash|31\/304 brn
|
|-heal|p1a: Rotom-Wash|50\/304 brn|[from] item: Leftovers
|-damage|p1a: Rotom-Wash|12\/304 brn|[from] brn
|-damage|p2a: Blastoise|223\/361 brn|[from] brn
|turn|17
|
|move|p1a: Rotom-Wash|Pain Split|p2a: Blastoise
|-sethp|p2a: Blastoise|117\/361 brn|p1a: Rotom-Wash|117\/304 brn|[from] move: Pain Split
|move|p2a: Blastoise|Aura Sphere|p1a: Rotom-Wash
|-damage|p1a: Rotom-Wash|4\/304 brn
|
|-heal|p1a: Rotom-Wash|23\/304 brn|[from] item: Leftovers
|-damage|p1a: Rotom-Wash|0 fnt|[from] brn
|-damage|p2a: Blastoise|72\/361 brn|[from] brn
|faint|p1a: Rotom-Wash
|
|switch|p1a: Scizor|Scizor-Mega, F|246\/281
|-damage|p1a: Scizor|211\/281|[from] Stealth Rock
|-damage|p1a: Scizor|176\/281|[from] Spikes
|turn|18
|
|move|p1a: Scizor|Bullet Punch|p2a: Blastoise
|-resisted|p2a: Blastoise
|-damage|p2a: Blastoise|32\/361 brn
|move|p2a: Blastoise|Rest|p2a: Blastoise
|-status|p2a: Blastoise|slp
|-heal|p2a: Blastoise|361\/361 slp|[silent]
|-status|p2a: Blastoise|slp|[from] move: Rest
|
|turn|19
|
|switch|p2a: Talonflame|Talonflame, M|359\/359
|move|p1a: Scizor|Swords Dance|p1a: Scizor
|-boost|p1a: Scizor|atk|2
|
|turn|20
|
|switch|p1a: Heatran|Heatran, F|385\/385
|-damage|p1a: Heatran|337\/385|[from] Stealth Rock
|-damage|p1a: Heatran|289\/385|[from] Spikes
|move|p2a: Talonflame|Will-O-Wisp|p1a: Heatran
|-start|p1a: Heatran|ability: Flash Fire
|
|-heal|p1a: Heatran|313\/385|[from] item: Leftovers
|turn|21
|
|move|p2a: Talonflame|Taunt|p1a: Heatran
|-start|p1a: Heatran|move: Taunt
|cant|p1a: Heatran|move: Taunt|Stealth Rock
|
|-heal|p1a: Heatran|337\/385|[from] item: Leftovers
|turn|22
|
|switch|p2a: Rhyperior|Rhyperior, F|433\/433
|move|p1a: Heatran|Lava Plume|p2a: Rhyperior
|-resisted|p2a: Rhyperior
|-damage|p2a: Rhyperior|291\/433
|
|-heal|p1a: Heatran|361\/385|[from] item: Leftovers
|-heal|p2a: Rhyperior|318\/433|[from] item: Leftovers
|turn|23
|
|switch|p1a: Scizor|Scizor-Mega, F|176\/281
|-damage|p1a: Scizor|141\/281|[from] Spikes
|-damage|p1a: Scizor|106\/281|[from] Stealth Rock
|move|p2a: Rhyperior|Earthquake|p1a: Scizor
|-damage|p1a: Scizor|0 fnt
|faint|p1a: Scizor
|
|-heal|p2a: Rhyperior|345\/433|[from] item: Leftovers
|
|switch|p1a: Keldeo|Keldeo|322\/322
|-damage|p1a: Keldeo|282\/322|[from] Spikes
|-damage|p1a: Keldeo|262\/322|[from] Stealth Rock
|turn|24
|
|move|p1a: Keldeo|Hydro Pump|p2a: Rhyperior
|-supereffective|p2a: Rhyperior
|-damage|p2a: Rhyperior|0 fnt
|faint|p2a: Rhyperior
|
|-heal|p1a: Keldeo|282\/322|[from] item: Leftovers
|
|switch|p2a: Talonflame|Talonflame, M|359\/359
|turn|25
|
|switch|p1a: Heatran|Heatran, F|361\/385
|-damage|p1a: Heatran|313\/385|[from] Stealth Rock
|-damage|p1a: Heatran|265\/385|[from] Spikes
|move|p2a: Talonflame|Brave Bird|p1a: Heatran
|-resisted|p1a: Heatran
|-damage|p1a: Heatran|213\/385
|-damage|p2a: Talonflame|342\/359|[from] recoil|[of] p1a: Heatran
|
|-heal|p2a: Talonflame|359\/359|[from] item: Leftovers
|-heal|p1a: Heatran|237\/385|[from] item: Leftovers
|turn|26
|
|move|p2a: Talonflame|Taunt|p1a: Heatran
|-start|p1a: Heatran|move: Taunt
|move|p1a: Heatran|Lava Plume|p2a: Talonflame
|-resisted|p2a: Talonflame
|-damage|p2a: Talonflame|301\/359
|
|-heal|p2a: Talonflame|323\/359|[from] item: Leftovers
|-heal|p1a: Heatran|261\/385|[from] item: Leftovers
|turn|27
|
|move|p2a: Talonflame|Brave Bird|p1a: Heatran
|-resisted|p1a: Heatran
|-damage|p1a: Heatran|201\/385
|-damage|p2a: Talonflame|303\/359|[from] recoil|[of] p1a: Heatran
|move|p1a: Heatran|Lava Plume|p2a: Talonflame
|-resisted|p2a: Talonflame
|-damage|p2a: Talonflame|248\/359
|
|-heal|p2a: Talonflame|270\/359|[from] item: Leftovers
|-heal|p1a: Heatran|225\/385|[from] item: Leftovers
|turn|28
|
|move|p2a: Talonflame|Brave Bird|p1a: Heatran
|-resisted|p1a: Heatran
|-damage|p1a: Heatran|174\/385
|-damage|p2a: Talonflame|253\/359|[from] recoil|[of] p1a: Heatran
|move|p1a: Heatran|Lava Plume|p2a: Talonflame
|-resisted|p2a: Talonflame
|-damage|p2a: Talonflame|203\/359
|
|-heal|p2a: Talonflame|225\/359|[from] item: Leftovers
|-heal|p1a: Heatran|198\/385|[from] item: Leftovers
|-end|p1a: Heatran|move: Taunt
|turn|29
|
|switch|p1a: Tyranitar|Tyranitar, F|341\/341
|-damage|p1a: Tyranitar|299\/341|[from] Stealth Rock
|-damage|p1a: Tyranitar|257\/341|[from] Spikes
|-weather|Sandstorm
|move|p2a: Talonflame|Roost|p2a: Talonflame
|-heal|p2a: Talonflame|359\/359
|
|-weather|Sandstorm|[upkeep]
|-damage|p2a: Talonflame|337\/359|[from] sandstorm
|-heal|p2a: Talonflame|359\/359|[from] item: Leftovers
|turn|30
|
|switch|p2a: Chesnaught|Chesnaught, M|222\/380
|move|p1a: Tyranitar|Stone Edge|p2a: Chesnaught
|-resisted|p2a: Chesnaught
|-damage|p2a: Chesnaught|161\/380
|
|-weather|Sandstorm|[upkeep]
|-damage|p2a: Chesnaught|138\/380|[from] sandstorm
|-heal|p2a: Chesnaught|161\/380|[from] item: Leftovers
|turn|31
|
|switch|p1a: Heatran|Heatran, F|198\/385
|-damage|p1a: Heatran|150\/385|[from] Stealth Rock
|-damage|p1a: Heatran|102\/385|[from] Spikes
|move|p2a: Chesnaught|Leech Seed|p1a: Heatran
|-start|p1a: Heatran|move: Leech Seed
|
|-weather|Sandstorm|[upkeep]
|-damage|p2a: Chesnaught|138\/380|[from] sandstorm
|-heal|p1a: Heatran|126\/385|[from] item: Leftovers
|-heal|p2a: Chesnaught|161\/380|[from] item: Leftovers
|-damage|p1a: Heatran|78\/385|[from] Leech Seed|[of] p2a: Chesnaught
|-heal|p2a: Chesnaught|209\/380|[silent]
|turn|32
|
|move|p1a: Heatran|Protect|p1a: Heatran
|-singleturn|p1a: Heatran|Protect
|move|p2a: Chesnaught|Spiky Shield|p2a: Chesnaught
|-fail|p2a: Chesnaught
|
|-weather|Sandstorm|[upkeep]
|-damage|p2a: Chesnaught|186\/380|[from] sandstorm
|-heal|p1a: Heatran|102\/385|[from] item: Leftovers
|-heal|p2a: Chesnaught|209\/380|[from] item: Leftovers
|-damage|p1a: Heatran|54\/385|[from] Leech Seed|[of] p2a: Chesnaught
|-heal|p2a: Chesnaught|257\/380|[silent]
|turn|33
|
|move|p2a: Chesnaught|Spiky Shield|p2a: Chesnaught
|-singleturn|p2a: Chesnaught|move: Protect
|move|p1a: Heatran|Stealth Rock|p2a: Chesnaught
|-sidestart|p2: DictatorOfAmerica|move: Stealth Rock
|
|-weather|none
|-heal|p1a: Heatran|78\/385|[from] item: Leftovers
|-heal|p2a: Chesnaught|280\/380|[from] item: Leftovers
|-damage|p1a: Heatran|30\/385|[from] Leech Seed|[of] p2a: Chesnaught
|-heal|p2a: Chesnaught|328\/380|[silent]
|turn|34
|
|switch|p2a: Blastoise|Blastoise-Mega, M|361\/361 slp
|-damage|p2a: Blastoise|316\/361 slp|[from] Stealth Rock
|move|p1a: Heatran|Lava Plume|p2a: Blastoise
|-resisted|p2a: Blastoise
|-damage|p2a: Blastoise|268\/361 slp
|
|-heal|p1a: Heatran|54\/385|[from] item: Leftovers
|-damage|p1a: Heatran|6\/385|[from] Leech Seed|[of] p2a: Blastoise
|-heal|p2a: Blastoise|316\/361 slp|[silent]
|turn|35
|
|switch|p1a: Keldeo|Keldeo|282\/322
|-damage|p1a: Keldeo|262\/322|[from] Stealth Rock
|-damage|p1a: Keldeo|222\/322|[from] Spikes
|cant|p2a: Blastoise|slp
|
|-heal|p1a: Keldeo|242\/322|[from] item: Leftovers
|turn|36
|
|move|p1a: Keldeo|Calm Mind|p1a: Keldeo
|-boost|p1a: Keldeo|spa|1
|-boost|p1a: Keldeo|spd|1
|cant|p2a: Blastoise|slp
|
|-heal|p1a: Keldeo|262\/322|[from] item: Leftovers
|turn|37
|
|move|p1a: Keldeo|Calm Mind|p1a: Keldeo
|-boost|p1a: Keldeo|spa|1
|-boost|p1a: Keldeo|spd|1
|-curestatus|p2a: Blastoise|slp
|move|p2a: Blastoise|Aura Sphere|p1a: Keldeo
|-damage|p1a: Keldeo|198\/322
|
|-heal|p1a: Keldeo|218\/322|[from] item: Leftovers
|turn|38
|
|move|p1a: Keldeo|Hydro Pump|p2a: Blastoise
|-resisted|p2a: Blastoise
|-damage|p2a: Blastoise|132\/361
|move|p2a: Blastoise|Rapid Spin|p1a: Keldeo
|-damage|p1a: Keldeo|203\/322
|-sideend|p2: DictatorOfAmerica|Stealth Rock|[from] move: Rapid Spin|[of] p2a: Blastoise
|
|-heal|p1a: Keldeo|223\/322|[from] item: Leftovers
|turn|39
|
|move|p1a: Keldeo|Hydro Pump|p2a: Blastoise
|-resisted|p2a: Blastoise
|-damage|p2a: Blastoise|0 fnt
|faint|p2a: Blastoise
|
|-heal|p1a: Keldeo|243\/322|[from] item: Leftovers
|
|switch|p2a: Talonflame|Talonflame, M|359\/359
|turn|40
|
|switch|p1a: Heatran|Heatran, F|6\/385
|-damage|p1a: Heatran|0 fnt|[from] Spikes
|faint|p1a: Heatran
|move|p2a: Talonflame|Brave Bird|p1: Heatran|[notarget]
|-notarget
|
|
|switch|p1a: Tyranitar|Tyranitar, F|257\/341
|-damage|p1a: Tyranitar|215\/341|[from] Stealth Rock
|-damage|p1a: Tyranitar|173\/341|[from] Spikes
|-weather|Sandstorm
|turn|41
|
|move|p1a: Tyranitar|Pursuit|p2a: Talonflame|[from]Pursuit
|-damage|p2a: Talonflame|149\/359
|switch|p2a: Chesnaught|Chesnaught, M|328\/380
|
|-weather|Sandstorm|[upkeep]
|-damage|p2a: Chesnaught|305\/380|[from] sandstorm
|-heal|p2a: Chesnaught|328\/380|[from] item: Leftovers
|turn|42
|
|switch|p1a: Keldeo|Keldeo|243\/322
|-damage|p1a: Keldeo|223\/322|[from] Stealth Rock
|-damage|p1a: Keldeo|183\/322|[from] Spikes
|move|p2a: Chesnaught|Hammer Arm|p1a: Keldeo
|-damage|p1a: Keldeo|47\/322
|-unboost|p2a: Chesnaught|spe|1
|
|-weather|Sandstorm|[upkeep]
|-damage|p1a: Keldeo|27\/322|[from] sandstorm
|-damage|p2a: Chesnaught|305\/380|[from] sandstorm
|-heal|p1a: Keldeo|47\/322|[from] item: Leftovers
|-heal|p2a: Chesnaught|328\/380|[from] item: Leftovers
|turn|43
|
|move|p1a: Keldeo|Hidden Power|p2a: Chesnaught
|-supereffective|p2a: Chesnaught
|-damage|p2a: Chesnaught|0 fnt
|faint|p2a: Chesnaught
|
|-weather|Sandstorm|[upkeep]
|-damage|p1a: Keldeo|27\/322|[from] sandstorm
|-heal|p1a: Keldeo|47\/322|[from] item: Leftovers
|
|switch|p2a: Talonflame|Talonflame, M|149\/359
|turn|44
|
|move|p2a: Talonflame|Brave Bird|p1a: Keldeo
|-supereffective|p1a: Keldeo
|-damage|p1a: Keldeo|0 fnt
|-damage|p2a: Talonflame|133\/359|[from] recoil|[of] p1a: Keldeo
|faint|p1a: Keldeo
|
|-weather|Sandstorm|[upkeep]
|-damage|p2a: Talonflame|111\/359|[from] sandstorm
|-heal|p2a: Talonflame|133\/359|[from] item: Leftovers
|
|switch|p1a: Tyranitar|Tyranitar, F|173\/341
|-damage|p1a: Tyranitar|131\/341|[from] Stealth Rock
|-damage|p1a: Tyranitar|89\/341|[from] Spikes
|turn|45
|
|move|p1a: Tyranitar|Crunch|p2a: Talonflame
|-damage|p2a: Talonflame|0 fnt
|faint|p2a: Talonflame
|
|-weather|none
|
|switch|p2a: Clefable|Clefable, F|271\/394 par
|turn|46
|c|★DictatorOfAmerica|gg
|
|move|p1a: Tyranitar|Crunch|p2a: Clefable
|-resisted|p2a: Clefable
|-damage|p2a: Clefable|209\/394 par
|-unboost|p2a: Clefable|def|1
|move|p2a: Clefable|Moonblast|p1a: Tyranitar
|-supereffective|p1a: Tyranitar
|-damage|p1a: Tyranitar|0 fnt
|faint|p1a: Tyranitar
|
|win|DictatorOfAmerica
|raw|Ladder updating...
|raw|DumberThanSlowpoke's rating: 1537 &rarr; <strong>1516<\/strong><br \/>(-21 for losing)
|raw|DictatorOfAmerica's rating: 1517 &rarr; <strong>1538<\/strong><br \/>(+21 for winning)