|join|Invok3r
|join|timetock
|player|p1|Invok3r|250
|player|p2|timetock|50
|gametype|singles
|gen|6
|tier|OU
|rated
|clearpoke
|poke|p1|Landorus, M
|poke|p1|Garchomp, F, shiny
|poke|p1|Scizor, M
|poke|p1|Azumarill, F
|poke|p1|Gengar, M, shiny
|poke|p1|Keldeo
|poke|p2|Whimsicott, F
|poke|p2|Slowbro, F
|poke|p2|Chansey, F
|poke|p2|Ditto
|poke|p2|Gliscor, F
|poke|p2|Tentacruel, M
|rule|Swagger Clause: Swagger is banned
|rule|Baton Pass Clause: Limit one Pokémon knowing Baton Pass
|rule|Sleep Clause Mod: Limit one foe put to sleep
|rule|Species Clause: Limit one of each Pokémon
|rule|OHKO Clause: OHKO moves are banned
|rule|Moody Clause: Moody is banned
|rule|Evasion Moves Clause: Evasion moves are banned
|rule|Endless Battle Clause: Forcing endless battles is banned
|rule|HP Percentage Mod: HP is shown in percentages
|teampreview
|
|start
|switch|p1a: Garchomp|Garchomp, F, shiny|357\/357
|switch|p2a: Gliscor|Gliscor, F|353\/353
|turn|1
|c|★timetock|the majority of your team spells doom for my team
|
|move|p1a: Garchomp|Stealth Rock|p2a: Gliscor
|-sidestart|p2: timetock|move: Stealth Rock
|move|p2a: Gliscor|Stealth Rock|p1a: Garchomp
|-sidestart|p1: Invok3r|move: Stealth Rock
|
|-status|p2a: Gliscor|tox|[from] item: Toxic Orb
|turn|2
|
|move|p1a: Garchomp|Swords Dance|p1a: Garchomp
|-boost|p1a: Garchomp|atk|2
|move|p2a: Gliscor|Knock Off|p1a: Garchomp
|-damage|p1a: Garchomp|281\/357
|-damage|p2a: Gliscor|309\/353 tox|[from] ability: Rough Skin|[of] p1a: Garchomp
|-enditem|p1a: Garchomp|Focus Sash|[from] move: Knock Off|[of] p2a: Gliscor
|
|-heal|p2a: Gliscor|353\/353 tox|[from] ability: Poison Heal
|turn|3
|
|move|p1a: Garchomp|Dragon Claw|p2a: Gliscor
|-damage|p2a: Gliscor|175\/353 tox
|move|p2a: Gliscor|Baton Pass|p2a: Gliscor
|
|switch|p2a: Whimsicott|Whimsicott, F|323\/323
|-damage|p2a: Whimsicott|283\/323|[from] Stealth Rock
|
|-heal|p2a: Whimsicott|303\/323|[from] item: Leftovers
|turn|4
|
|move|p2a: Whimsicott|Encore|p1a: Garchomp
|-start|p1a: Garchomp|Encore
|move|p1a: Garchomp|Dragon Claw|p2a: Whimsicott
|-immune|p2a: Whimsicott|[msg]
|
|-heal|p2a: Whimsicott|323\/323|[from] item: Leftovers
|turn|5
|
|switch|p1a: Landorus|Landorus, M|319\/319
|-damage|p1a: Landorus|280\/319|[from] Stealth Rock
|move|p2a: Whimsicott|Substitute|p2a: Whimsicott
|-start|p2a: Whimsicott|Substitute
|-damage|p2a: Whimsicott|243\/323
|
|-heal|p2a: Whimsicott|263\/323|[from] item: Leftovers
|turn|6
|
|move|p2a: Whimsicott|Leech Seed|p1a: Landorus|[miss]
|-miss|p2a: Whimsicott|p1a: Landorus
|move|p1a: Landorus|Psychic|p2a: Whimsicott
|-end|p2a: Whimsicott|Substitute
|
|-heal|p2a: Whimsicott|283\/323|[from] item: Leftovers
|turn|7
|
|switch|p2a: Chansey|Chansey, F|704\/704
|-damage|p2a: Chansey|616\/704|[from] Stealth Rock
|move|p1a: Landorus|Psychic|p2a: Chansey
|-damage|p2a: Chansey|515\/704
|
|turn|8
|
|switch|p1a: Gengar|Gengar, M, shiny|261\/261
|-damage|p1a: Gengar|229\/261|[from] Stealth Rock
|move|p2a: Chansey|Wish|p2a: Chansey
|
|turn|9
|
|switch|p2a: Tentacruel|Tentacruel, M|364\/364
|-damage|p2a: Tentacruel|319\/364|[from] Stealth Rock
|move|p1a: Gengar|Shadow Ball|p2a: Tentacruel
|-damage|p2a: Tentacruel|166\/364
|-unboost|p2a: Tentacruel|spd|1
|-damage|p1a: Gengar|203\/261|[from] item: Life Orb
|
|-heal|p2a: Tentacruel|364\/364|[from] move: Wish|[wisher] Chansey
|turn|10
|
|move|p1a: Gengar|Shadow Ball|p2a: Tentacruel
|-damage|p2a: Tentacruel|118\/364
|-damage|p1a: Gengar|177\/261|[from] item: Life Orb
|move|p2a: Tentacruel|Toxic Spikes|p1a: Gengar
|-sidestart|p1: Invok3r|move: Toxic Spikes
|
|-heal|p2a: Tentacruel|140\/364|[from] item: Black Sludge
|turn|11
|
|switch|p2a: Chansey|Chansey, F|515\/704
|-damage|p2a: Chansey|427\/704|[from] Stealth Rock
|move|p1a: Gengar|Sludge Wave|p2a: Chansey
|-damage|p2a: Chansey|297\/704
|-damage|p1a: Gengar|151\/261|[from] item: Life Orb
|
|turn|12
|
|move|p1a: Gengar|Taunt|p2a: Chansey
|-start|p2a: Chansey|move: Taunt
|cant|p2a: Chansey|move: Taunt|Soft-Boiled
|
|turn|13
|
|move|p1a: Gengar|Shadow Ball|p2a: Chansey
|-immune|p2a: Chansey|[msg]
|move|p2a: Chansey|Seismic Toss|p1a: Gengar
|-immune|p1a: Gengar|[msg]
|
|turn|14
|
|switch|p2a: Ditto|Ditto|300\/300
|-damage|p2a: Ditto|263\/300|[from] Stealth Rock
|-transform|p2a: Ditto|p1a: Gengar
|move|p1a: Gengar|Focus Blast|p2a: Ditto
|-immune|p2a: Ditto|[msg]
|
|turn|15
|
|switch|p1a: Garchomp|Garchomp, F, shiny|281\/357
|-status|p1a: Garchomp|psn
|-damage|p1a: Garchomp|259\/357 psn|[from] Stealth Rock
|move|p2a: Ditto|Shadow Ball|p1a: Garchomp
|-damage|p1a: Garchomp|100\/357 psn
|
|-damage|p1a: Garchomp|56\/357 psn|[from] psn
|turn|16
|
|move|p2a: Ditto|Shadow Ball|p1a: Garchomp
|-damage|p1a: Garchomp|0 fnt
|faint|p1a: Garchomp
|
|
|switch|p1a: Landorus|Landorus, M|280\/319
|-damage|p1a: Landorus|241\/319|[from] Stealth Rock
|turn|17
|
|move|p2a: Ditto|Shadow Ball|p1a: Landorus
|-damage|p1a: Landorus|76\/319
|move|p1a: Landorus|Psychic|p2a: Ditto
|-supereffective|p2a: Ditto
|-damage|p2a: Ditto|0 fnt
|faint|p2a: Ditto
|
|
|switch|p2a: Whimsicott|Whimsicott, F|283\/323
|-damage|p2a: Whimsicott|243\/323|[from] Stealth Rock
|turn|18
|
|move|p2a: Whimsicott|Moonblast|p1a: Landorus
|-damage|p1a: Landorus|0 fnt
|faint|p1a: Landorus
|
|-heal|p2a: Whimsicott|263\/323|[from] item: Leftovers
|
|switch|p1a: Gengar|Gengar, M, shiny|151\/261
|-damage|p1a: Gengar|119\/261|[from] Stealth Rock
|turn|19
|
|move|p2a: Whimsicott|Leech Seed|p1a: Gengar
|-start|p1a: Gengar|move: Leech Seed
|move|p1a: Gengar|Sludge Wave|p2a: Whimsicott
|-supereffective|p2a: Whimsicott
|-damage|p2a: Whimsicott|0 fnt
|-damage|p1a: Gengar|93\/261|[from] item: Life Orb
|faint|p2a: Whimsicott
|
|
|switch|p2a: Chansey|Chansey, F|297\/704
|-damage|p2a: Chansey|209\/704|[from] Stealth Rock
|turn|20
|
|switch|p1a: Scizor|Scizor, M|281\/281
|-damage|p1a: Scizor|246\/281|[from] Stealth Rock
|move|p2a: Chansey|Soft-Boiled|p2a: Chansey
|-heal|p2a: Chansey|561\/704
|
|turn|21
|
|switch|p2a: Gliscor|Gliscor, F|175\/353 tox
|-damage|p2a: Gliscor|131\/353 tox|[from] Stealth Rock
|detailschange|p1a: Scizor|Scizor-Mega, M
|-mega|p1a: Scizor|Scizor|Scizorite
|move|p1a: Scizor|Swords Dance|p1a: Scizor
|-boost|p1a: Scizor|atk|2
|
|-heal|p2a: Gliscor|175\/353 tox|[from] ability: Poison Heal
|turn|22
|
|move|p1a: Scizor|Bullet Punch|p2a: Gliscor
|-damage|p2a: Gliscor|19\/353 tox
|move|p2a: Gliscor|Baton Pass|p2a: Gliscor
|
|switch|p2a: Slowbro|Slowbro, F|394\/394
|-damage|p2a: Slowbro|345\/394|[from] Stealth Rock
|
|turn|23
|
|detailschange|p2a: Slowbro|Slowbro-Mega, F
|-mega|p2a: Slowbro|Slowbro|Slowbronite
|move|p1a: Scizor|Bug Bite|p2a: Slowbro
|-supereffective|p2a: Slowbro
|-damage|p2a: Slowbro|0 fnt
|faint|p2a: Slowbro
|
|
|switch|p2a: Tentacruel|Tentacruel, M|140\/364
|-damage|p2a: Tentacruel|95\/364|[from] Stealth Rock
|turn|24
|
|move|p1a: Scizor|Bullet Punch|p2a: Tentacruel
|-resisted|p2a: Tentacruel
|-damage|p2a: Tentacruel|0 fnt
|faint|p2a: Tentacruel
|
|-message|timetock forfeited.
|
|win|Invok3r
|raw|Ladder updating...
|raw|Invok3r's rating: 1686 &rarr; <strong>1703<\/strong><br \/>(+17 for winning)
|raw|timetock's rating: 1641 &rarr; <strong>1623<\/strong><br \/>(-18 for losing)