|join|Invok3r
|join|WECAMEASROMANS
|player|p1|Invok3r|250
|player|p2|WECAMEASROMANS|266
|gametype|singles
|gen|6
|tier|OU
|rated
|clearpoke
|poke|p1|Diancie
|poke|p1|Heracross, F
|poke|p1|Dragalge, F
|poke|p1|Slowbro, M, shiny
|poke|p1|Heatran, F
|poke|p1|Cresselia, F
|poke|p2|Diggersby, F
|poke|p2|Bisharp, M
|poke|p2|Diancie
|poke|p2|Landorus-Therian, M
|poke|p2|Tornadus-Therian, M
|poke|p2|Raikou
|rule|Swagger Clause: Swagger is banned
|rule|Baton Pass Clause: Limit one Pokémon knowing Baton Pass
|rule|Sleep Clause Mod: Limit one foe put to sleep
|rule|Species Clause: Limit one of each Pokémon
|rule|OHKO Clause: OHKO moves are banned
|rule|Moody Clause: Moody is banned
|rule|Evasion Moves Clause: Evasion moves are banned
|rule|Endless Battle Clause: Forcing endless battles is banned
|rule|HP Percentage Mod: HP is shown in percentages
|teampreview
|join|Numera
|
|start
|switch|p1a: Diancie|Diancie|304\/304
|switch|p2a: Diancie|Diancie|241\/241
|turn|1
|
|switch|p1a: Cresselia|Cresselia, F|444\/444
|detailschange|p2a: Diancie|Diancie-Mega
|-mega|p2a: Diancie|Diancie|Diancite
|move|p2a: Diancie|Earth Power|p1a: Cresselia
|-immune|p1a: Cresselia|[msg]
|
|turn|2
|
|move|p2a: Diancie|Stealth Rock|p1a: Cresselia
|-sidestart|p1: Invok3r|move: Stealth Rock
|move|p1a: Cresselia|Trick Room|p1a: Cresselia
|-fieldstart|move: Trick Room|[of] p1a: Cresselia
|
|turn|3
|
|switch|p1a: Heatran|Heatran, F|385\/385
|-damage|p1a: Heatran|337\/385|[from] Stealth Rock
|switch|p2a: Diggersby|Diggersby, F|311\/311
|
|turn|4
|
|move|p1a: Heatran|Fire Blast|p2a: Diggersby
|-damage|p2a: Diggersby|0 fnt
|faint|p2a: Diggersby
|
|
|switch|p2a: Bisharp|Bisharp, M|271\/271
|turn|5
|
|move|p1a: Heatran|Fire Blast|p2a: Bisharp
|-supereffective|p2a: Bisharp
|-damage|p2a: Bisharp|0 fnt
|faint|p2a: Bisharp
|
|c|★WECAMEASROMANS|wait
|c|★WECAMEASROMANS|im retarded
|c|★WECAMEASROMANS|zz
|
|switch|p2a: Diancie|Diancie-Mega|241\/241
|turn|6
|c| Numera|lmao
|join|Prankster
|
|switch|p1a: Cresselia|Cresselia, F|444\/444
|-damage|p1a: Cresselia|389\/444|[from] Stealth Rock
|move|p2a: Diancie|Moonblast|p1a: Cresselia
|-damage|p1a: Cresselia|265\/444
|
|-heal|p1a: Cresselia|292\/444|[from] item: Leftovers
|-fieldend|move: Trick Room
|turn|7
|
|move|p2a: Diancie|Diamond Storm|p1a: Cresselia
|-damage|p1a: Cresselia|133\/444
|-boost|p2a: Diancie|def|1
|move|p1a: Cresselia|Trick Room|p1a: Cresselia
|-fieldstart|move: Trick Room|[of] p1a: Cresselia
|
|-heal|p1a: Cresselia|160\/444|[from] item: Leftovers
|turn|8
|
|move|p1a: Cresselia|Psychic|p2a: Diancie
|-damage|p2a: Diancie|154\/241
|move|p2a: Diancie|Diamond Storm|p1a: Cresselia
|-damage|p1a: Cresselia|12\/444
|
|-heal|p1a: Cresselia|39\/444|[from] item: Leftovers
|turn|9
|
|switch|p2a: Raikou|Raikou|321\/321
|-ability|p2a: Raikou|Pressure
|move|p1a: Cresselia|Psychic|p2a: Raikou
|-damage|p2a: Raikou|261\/321
|
|-heal|p1a: Cresselia|66\/444|[from] item: Leftovers
|turn|10
|
|move|p1a: Cresselia|Psychic|p2a: Raikou
|-damage|p2a: Raikou|209\/321
|move|p2a: Raikou|Volt Switch|p1a: Cresselia
|-damage|p1a: Cresselia|0 fnt
|faint|p1a: Cresselia
|
|switch|p2a: Tornadus-Therian|Tornadus-Therian, M|299\/299
|
|
|switch|p1a: Heracross|Heracross, F|363\/363
|-damage|p1a: Heracross|318\/363|[from] Stealth Rock
|turn|11
|c| Numera|SOMETHING STRANGE
|
|switch|p2a: Landorus-Therian|Landorus-Therian, M|324\/324
|-ability|p2a: Landorus-Therian|Intimidate|[of] p1a: Heracross
|-unboost|p1a: Heracross|atk|1
|detailschange|p1a: Heracross|Heracross-Mega, F
|-mega|p1a: Heracross|Heracross|Heracronite
|move|p1a: Heracross|Rock Blast|p2a: Landorus-Therian
|-crit|p2a: Landorus-Therian
|-damage|p2a: Landorus-Therian|248\/324
|-damage|p2a: Landorus-Therian|214\/324
|-damage|p2a: Landorus-Therian|183\/324
|-damage|p2a: Landorus-Therian|150\/324
|-damage|p2a: Landorus-Therian|120\/324
|-hitcount|p2a: Landorus-Therian|5
|
|-fieldend|move: Trick Room
|turn|12
|c| Numera|DISTORTION
|c| Numera|WHAT'S THIS?
|c| Numera|THE COLOSSEUM-
|
|move|p2a: Landorus-Therian|U-turn|p1a: Heracross
|-resisted|p1a: Heracross
|-damage|p1a: Heracross|281\/363
|
|switch|p2a: Diancie|Diancie-Mega|154\/241
|move|p1a: Heracross|Rock Blast|p2a: Diancie
|-damage|p2a: Diancie|127\/241
|-damage|p2a: Diancie|98\/241
|-damage|p2a: Diancie|69\/241
|-damage|p2a: Diancie|42\/241
|-damage|p2a: Diancie|16\/241
|-hitcount|p2a: Diancie|5
|
|turn|13
|
|switch|p1a: Slowbro|Slowbro, M, shiny|394\/394
|-damage|p1a: Slowbro|345\/394|[from] Stealth Rock
|move|p2a: Diancie|Moonblast|p1a: Slowbro
|-damage|p1a: Slowbro|80\/394
|
|-heal|p1a: Slowbro|104\/394|[from] item: Leftovers
|turn|14
|
|move|p2a: Diancie|Moonblast|p1a: Slowbro
|-damage|p1a: Slowbro|0 fnt
|faint|p1a: Slowbro
|
|
|switch|p1a: Diancie|Diancie|304\/304
|-damage|p1a: Diancie|266\/304|[from] Stealth Rock
|turn|15
|
|move|p2a: Diancie|Earth Power|p1a: Diancie
|-supereffective|p1a: Diancie
|-damage|p1a: Diancie|60\/304
|move|p1a: Diancie|Trick Room|p1a: Diancie
|-fieldstart|move: Trick Room|[of] p1a: Diancie
|
|turn|16
|
|switch|p2a: Landorus-Therian|Landorus-Therian, M|120\/324
|-ability|p2a: Landorus-Therian|Intimidate|[of] p1a: Diancie
|-fail|p1a: Diancie|unboost|[from] ability: Clear Body|[of] p1a: Diancie
|move|p1a: Diancie|Diamond Storm|p2a: Landorus-Therian
|-damage|p2a: Landorus-Therian|0 fnt
|-boost|p1a: Diancie|def|1
|faint|p2a: Landorus-Therian
|
|
|switch|p2a: Raikou|Raikou|209\/321
|-ability|p2a: Raikou|Pressure
|turn|17
|
|move|p1a: Diancie|Explosion|p2a: Raikou
|-enditem|p1a: Diancie|Normal Gem|[from] gem|[move] Explosion
|-damage|p2a: Raikou|0 fnt
|faint|p1a: Diancie
|faint|p2a: Raikou
|
|
|switch|p1a: Heracross|Heracross-Mega, F|281\/363
|switch|p2a: Diancie|Diancie-Mega|16\/241
|-damage|p1a: Heracross|236\/363|[from] Stealth Rock
|turn|18
|
|move|p1a: Heracross|Close Combat|p2a: Diancie
|-damage|p2a: Diancie|0 fnt
|-unboost|p1a: Heracross|def|1
|-unboost|p1a: Heracross|spd|1
|faint|p2a: Diancie
|
|
|switch|p2a: Tornadus-Therian|Tornadus-Therian, M|299\/299
|turn|19
|
|move|p1a: Heracross|Rock Blast|p2a: Tornadus-Therian|[miss]
|-miss|p1a: Heracross|p2a: Tornadus-Therian
|move|p2a: Tornadus-Therian|Hurricane|p1a: Heracross|[miss]
|-miss|p2a: Tornadus-Therian|p1a: Heracross
|
|-fieldend|move: Trick Room
|turn|20
|
|move|p2a: Tornadus-Therian|Hurricane|p1a: Heracross
|-supereffective|p1a: Heracross
|-damage|p1a: Heracross|0 fnt
|-damage|p2a: Tornadus-Therian|270\/299|[from] item: Life Orb
|faint|p1a: Heracross
|
|
|switch|p1a: Dragalge|Dragalge, F|333\/333
|-damage|p1a: Dragalge|292\/333|[from] Stealth Rock
|turn|21
|
|move|p2a: Tornadus-Therian|Knock Off|p1a: Dragalge
|-damage|p1a: Dragalge|184\/333
|-enditem|p1a: Dragalge|Life Orb|[from] move: Knock Off|[of] p2a: Tornadus-Therian
|-damage|p2a: Tornadus-Therian|241\/299|[from] item: Life Orb
|move|p1a: Dragalge|Sludge Wave|p2a: Tornadus-Therian
|-damage|p2a: Tornadus-Therian|9\/299
|-status|p2a: Tornadus-Therian|psn
|
|-damage|p2a: Tornadus-Therian|0 fnt|[from] psn
|faint|p2a: Tornadus-Therian
|
|win|Invok3r
|raw|Ladder updating...
|raw|Invok3r's rating: 1591 &rarr; <strong>1613<\/strong><br \/>(+22 for winning)
|raw|WECAMEASROMANS's rating: 1623 &rarr; <strong>1601<\/strong><br \/>(-22 for losing)
|c|★WECAMEASROMANS|gg
|leave|WECAMEASROMANS
|player|p2
|c| Numera|LOL
|leave|Invok3r
|player|p1
|leave|Numera
|join|Invok3r
|join|Ailurophilia