|join|ThisFireBurns
|join|Invok3r
|player|p1|ThisFireBurns|102
|player|p2|Invok3r|250
|gametype|singles
|gen|6
|tier|OU
|rated
|clearpoke
|poke|p1|Lopunny, F
|poke|p1|Raikou
|poke|p1|Heatran, F
|poke|p1|Landorus-Therian, M
|poke|p1|Azumarill, F
|poke|p1|Latias, F
|poke|p2|Dragalge, F
|poke|p2|Gyarados, M
|poke|p2|Tornadus-Therian, M, shiny
|poke|p2|Hippowdon, F
|poke|p2|Ferrothorn, M
|poke|p2|Starmie
|rule|Swagger Clause: Swagger is banned
|rule|Baton Pass Clause: Limit one Pokémon knowing Baton Pass
|rule|Sleep Clause Mod: Limit one foe put to sleep
|rule|Species Clause: Limit one of each Pokémon
|rule|OHKO Clause: OHKO moves are banned
|rule|Moody Clause: Moody is banned
|rule|Evasion Moves Clause: Evasion moves are banned
|rule|Endless Battle Clause: Forcing endless battles is banned
|rule|HP Percentage Mod: HP is shown in percentages
|teampreview
|
|start
|switch|p1a: Lopunny|Lopunny, F|271\/271
|switch|p2a: Hippowdon|Hippowdon, F|420\/420
|-weather|Sandstorm
|turn|1
|
|detailschange|p1a: Lopunny|Lopunny-Mega, F
|-mega|p1a: Lopunny|Lopunny|Lopunnite
|move|p1a: Lopunny|Fake Out|p2a: Hippowdon
|-damage|p2a: Hippowdon|372\/420
|cant|p2a: Hippowdon|flinch
|
|-weather|Sandstorm|[upkeep]
|-damage|p1a: Lopunny|255\/271|[from] sandstorm
|-heal|p2a: Hippowdon|398\/420|[from] item: Leftovers
|turn|2
|
|switch|p1a: Latias|Latias, F|319\/319
|move|p2a: Hippowdon|Stealth Rock|p1a: Latias
|-sidestart|p1: ThisFireBurns|move: Stealth Rock
|
|-weather|Sandstorm|[upkeep]
|-damage|p1a: Latias|300\/319|[from] sandstorm
|-heal|p2a: Hippowdon|420\/420|[from] item: Leftovers
|turn|3
|
|switch|p2a: Tornadus-Therian|Tornadus-Therian, M, shiny|361\/361
|move|p1a: Latias|Draco Meteor|p2a: Tornadus-Therian
|-damage|p2a: Tornadus-Therian|204\/361
|-unboost|p1a: Latias|spa|2
|-damage|p1a: Latias|269\/319|[from] item: Life Orb
|
|-weather|Sandstorm|[upkeep]
|-damage|p2a: Tornadus-Therian|182\/361|[from] sandstorm
|-damage|p1a: Latias|250\/319|[from] sandstorm
|turn|4
|
|switch|p1a: Heatran|Heatran, F|327\/327
|-damage|p1a: Heatran|287\/327|[from] Stealth Rock
|move|p2a: Tornadus-Therian|Knock Off|p1a: Heatran
|-damage|p1a: Heatran|220\/327
|-enditem|p1a: Heatran|Leftovers|[from] move: Knock Off|[of] p2a: Tornadus-Therian
|
|-weather|Sandstorm|[upkeep]
|-damage|p2a: Tornadus-Therian|160\/361|[from] sandstorm
|turn|5
|
|move|p2a: Tornadus-Therian|U-turn|p1a: Heatran
|-resisted|p1a: Heatran
|-damage|p1a: Heatran|208\/327
|
|switch|p2a: Starmie|Starmie|261\/261
|move|p1a: Heatran|Stealth Rock|p2a: Starmie
|-sidestart|p2: Invok3r|move: Stealth Rock
|
|-weather|none
|turn|6
|
|switch|p1a: Raikou|Raikou|321\/321
|-damage|p1a: Raikou|281\/321|[from] Stealth Rock
|-ability|p1a: Raikou|Pressure
|move|p2a: Starmie|Rapid Spin|p1a: Raikou
|-damage|p1a: Raikou|263\/321
|-sideend|p2: Invok3r|Stealth Rock|[from] move: Rapid Spin|[of] p2a: Starmie
|-damage|p2a: Starmie|235\/261|[from] item: Life Orb
|
|turn|7
|
|switch|p2a: Hippowdon|Hippowdon, F|420\/420
|-weather|Sandstorm
|move|p1a: Raikou|Shadow Ball|p2a: Hippowdon
|-damage|p2a: Hippowdon|279\/420
|
|-weather|Sandstorm|[upkeep]
|-damage|p1a: Raikou|243\/321|[from] sandstorm
|-heal|p2a: Hippowdon|305\/420|[from] item: Leftovers
|turn|8
|
|switch|p1a: Latias|Latias, F|250\/319
|-damage|p1a: Latias|211\/319|[from] Stealth Rock
|move|p2a: Hippowdon|Slack Off|p2a: Hippowdon
|-heal|p2a: Hippowdon|420\/420
|
|-weather|Sandstorm|[upkeep]
|-damage|p1a: Latias|192\/319|[from] sandstorm
|turn|9
|
|switch|p2a: Ferrothorn|Ferrothorn, M|352\/352
|move|p1a: Latias|Defog|p2a: Ferrothorn
|-unboost|p2a: Ferrothorn|evasion|1
|-sideend|p1: ThisFireBurns|Stealth Rock|[from] move: Defog|[of] p1a: Latias
|
|-weather|Sandstorm|[upkeep]
|-damage|p1a: Latias|173\/319|[from] sandstorm
|turn|10
|
|switch|p1a: Heatran|Heatran, F|208\/327
|move|p2a: Ferrothorn|Spikes|p1a: Heatran
|-sidestart|p1: ThisFireBurns|Spikes
|
|-weather|Sandstorm|[upkeep]
|turn|11
|
|switch|p2a: Starmie|Starmie|235\/261
|move|p1a: Heatran|Lava Plume|p2a: Starmie
|-resisted|p2a: Starmie
|-damage|p2a: Starmie|147\/261
|-status|p2a: Starmie|brn
|
|-weather|none
|-damage|p2a: Starmie|115\/261 brn|[from] brn
|turn|12
|
|switch|p1a: Azumarill|Azumarill, F|364\/364
|-damage|p1a: Azumarill|319\/364|[from] Spikes
|move|p2a: Starmie|Thunderbolt|p1a: Azumarill
|-supereffective|p1a: Azumarill
|-damage|p1a: Azumarill|30\/364
|-damage|p2a: Starmie|89\/261 brn|[from] item: Life Orb
|-enditem|p1a: Azumarill|Sitrus Berry|[eat]
|-heal|p1a: Azumarill|121\/364|[from] item: Sitrus Berry
|
|-damage|p2a: Starmie|57\/261 brn|[from] brn
|turn|13
|
|switch|p2a: Ferrothorn|Ferrothorn, M|352\/352
|move|p1a: Azumarill|Knock Off|p2a: Ferrothorn
|-damage|p2a: Ferrothorn|251\/352
|-damage|p1a: Azumarill|76\/364|[from] ability: Iron Barbs|[of] p2a: Ferrothorn
|-enditem|p2a: Ferrothorn|Leftovers|[from] move: Knock Off|[of] p1a: Azumarill
|
|turn|14
|
|switch|p1a: Heatran|Heatran, F|208\/327
|-damage|p1a: Heatran|168\/327|[from] Spikes
|move|p2a: Ferrothorn|Leech Seed|p1a: Heatran
|-start|p1a: Heatran|move: Leech Seed
|
|-damage|p1a: Heatran|128\/327|[from] Leech Seed|[of] p2a: Ferrothorn
|-heal|p2a: Ferrothorn|291\/352|[silent]
|turn|15
|
|switch|p2a: Starmie|Starmie|57\/261
|move|p1a: Heatran|Stealth Rock|p2a: Starmie
|-sidestart|p2: Invok3r|move: Stealth Rock
|
|-damage|p1a: Heatran|88\/327|[from] Leech Seed|[of] p2a: Starmie
|-heal|p2a: Starmie|97\/261|[silent]
|turn|16
|
|move|p2a: Starmie|Rapid Spin|p1a: Heatran
|-crit|p1a: Heatran
|-resisted|p1a: Heatran
|-damage|p1a: Heatran|76\/327
|-sideend|p2: Invok3r|Stealth Rock|[from] move: Rapid Spin|[of] p2a: Starmie
|-damage|p2a: Starmie|71\/261|[from] item: Life Orb
|move|p1a: Heatran|Earth Power|p2a: Starmie
|-damage|p2a: Starmie|0 fnt
|faint|p2a: Starmie
|
|
|switch|p2a: Tornadus-Therian|Tornadus-Therian, M, shiny|280\/361
|turn|17
|
|move|p2a: Tornadus-Therian|Hurricane|p1a: Heatran
|-resisted|p1a: Heatran
|-damage|p1a: Heatran|9\/327
|move|p1a: Heatran|Stealth Rock|p2a: Tornadus-Therian
|-sidestart|p2: Invok3r|move: Stealth Rock
|
|-damage|p1a: Heatran|0 fnt|[from] Leech Seed|[of] p2a: Tornadus-Therian
|-heal|p2a: Tornadus-Therian|289\/361|[silent]
|faint|p1a: Heatran
|
|switch|p1a: Raikou|Raikou|243\/321
|-damage|p1a: Raikou|203\/321|[from] Spikes
|-ability|p1a: Raikou|Pressure
|turn|18
|
|switch|p2a: Hippowdon|Hippowdon, F|420\/420
|-damage|p2a: Hippowdon|394\/420|[from] Stealth Rock
|-weather|Sandstorm
|move|p1a: Raikou|Hidden Power|p2a: Hippowdon
|-supereffective|p2a: Hippowdon
|-damage|p2a: Hippowdon|184\/420
|
|-weather|Sandstorm|[upkeep]
|-damage|p1a: Raikou|183\/321|[from] sandstorm
|-heal|p2a: Hippowdon|210\/420|[from] item: Leftovers
|turn|19
|
|switch|p2a: Ferrothorn|Ferrothorn, M|291\/352
|-damage|p2a: Ferrothorn|269\/352|[from] Stealth Rock
|move|p1a: Raikou|Hidden Power|p2a: Ferrothorn
|-damage|p2a: Ferrothorn|202\/352
|
|-weather|Sandstorm|[upkeep]
|-damage|p1a: Raikou|163\/321|[from] sandstorm
|turn|20
|
|switch|p1a: Azumarill|Azumarill, F|76\/364
|-damage|p1a: Azumarill|31\/364|[from] Spikes
|move|p2a: Ferrothorn|Leech Seed|p1a: Azumarill
|-start|p1a: Azumarill|move: Leech Seed
|
|-weather|Sandstorm|[upkeep]
|-damage|p1a: Azumarill|9\/364|[from] sandstorm
|-damage|p1a: Azumarill|0 fnt|[from] Leech Seed|[of] p2a: Ferrothorn
|-heal|p2a: Ferrothorn|211\/352|[silent]
|faint|p1a: Azumarill
|
|switch|p1a: Lopunny|Lopunny-Mega, F|255\/271
|-damage|p1a: Lopunny|222\/271|[from] Spikes
|turn|21
|
|switch|p2a: Tornadus-Therian|Tornadus-Therian, M, shiny|361\/361
|-damage|p2a: Tornadus-Therian|271\/361|[from] Stealth Rock
|move|p1a: Lopunny|High Jump Kick|p2a: Tornadus-Therian
|-resisted|p2a: Tornadus-Therian
|-damage|p2a: Tornadus-Therian|122\/361
|
|-weather|Sandstorm|[upkeep]
|-damage|p1a: Lopunny|206\/271|[from] sandstorm
|-damage|p2a: Tornadus-Therian|100\/361|[from] sandstorm
|turn|22
|
|move|p1a: Lopunny|High Jump Kick|p2a: Tornadus-Therian
|-resisted|p2a: Tornadus-Therian
|-damage|p2a: Tornadus-Therian|0 fnt
|faint|p2a: Tornadus-Therian
|
|-weather|none
|
|switch|p2a: Dragalge|Dragalge, F|334\/334
|-damage|p2a: Dragalge|293\/334|[from] Stealth Rock
|turn|23
|
|switch|p1a: Raikou|Raikou|163\/321
|-damage|p1a: Raikou|123\/321|[from] Spikes
|-ability|p1a: Raikou|Pressure
|move|p2a: Dragalge|Dragon Pulse|p1a: Raikou
|-damage|p1a: Raikou|0 fnt
|-damage|p2a: Dragalge|260\/334|[from] item: Life Orb
|faint|p1a: Raikou
|
|
|switch|p1a: Landorus-Therian|Landorus-Therian, M|319\/319
|-ability|p1a: Landorus-Therian|Intimidate|[of] p2a: Dragalge
|-unboost|p2a: Dragalge|atk|1
|turn|24
|
|move|p1a: Landorus-Therian|Knock Off|p2a: Dragalge
|-damage|p2a: Dragalge|114\/334
|-enditem|p2a: Dragalge|Life Orb|[from] move: Knock Off|[of] p1a: Landorus-Therian
|move|p2a: Dragalge|Dragon Pulse|p1a: Landorus-Therian
|-damage|p1a: Landorus-Therian|117\/319
|
|turn|25
|
|move|p1a: Landorus-Therian|Knock Off|p2a: Dragalge
|-damage|p2a: Dragalge|22\/334
|move|p2a: Dragalge|Dragon Pulse|p1a: Landorus-Therian
|-damage|p1a: Landorus-Therian|0 fnt
|faint|p1a: Landorus-Therian
|
|
|switch|p1a: Latias|Latias, F|173\/319
|turn|26
|
|move|p1a: Latias|Psyshock|p2a: Dragalge
|-supereffective|p2a: Dragalge
|-damage|p2a: Dragalge|0 fnt
|-damage|p1a: Latias|142\/319|[from] item: Life Orb
|faint|p2a: Dragalge
|
|
|switch|p2a: Ferrothorn|Ferrothorn, M|211\/352
|-damage|p2a: Ferrothorn|189\/352|[from] Stealth Rock
|turn|27
|
|move|p1a: Latias|Draco Meteor|p2a: Ferrothorn
|-resisted|p2a: Ferrothorn
|-damage|p2a: Ferrothorn|101\/352
|-unboost|p1a: Latias|spa|2
|-damage|p1a: Latias|111\/319|[from] item: Life Orb
|move|p2a: Ferrothorn|Gyro Ball|p1a: Latias
|-damage|p1a: Latias|0 fnt
|faint|p1a: Latias
|
|
|switch|p1a: Lopunny|Lopunny-Mega, F|206\/271
|-damage|p1a: Lopunny|173\/271|[from] Spikes
|turn|28
|
|move|p1a: Lopunny|Substitute|p1a: Lopunny
|-start|p1a: Lopunny|Substitute
|-damage|p1a: Lopunny|106\/271
|move|p2a: Ferrothorn|Gyro Ball|p1a: Lopunny
|-end|p1a: Lopunny|Substitute
|
|turn|29
|
|move|p1a: Lopunny|High Jump Kick|p2a: Ferrothorn
|-supereffective|p2a: Ferrothorn
|-damage|p2a: Ferrothorn|0 fnt
|-damage|p1a: Lopunny|73\/271|[from] ability: Iron Barbs|[of] p2a: Ferrothorn
|faint|p2a: Ferrothorn
|
|
|switch|p2a: Hippowdon|Hippowdon, F|210\/420
|-damage|p2a: Hippowdon|184\/420|[from] Stealth Rock
|-weather|Sandstorm
|turn|30
|
|move|p1a: Lopunny|High Jump Kick|p2a: Hippowdon
|-damage|p2a: Hippowdon|13\/420
|move|p2a: Hippowdon|Earthquake|p1a: Lopunny
|-damage|p1a: Lopunny|0 fnt
|faint|p1a: Lopunny
|
|win|Invok3r
|raw|Ladder updating...
|raw|ThisFireBurns's rating: 1723 &rarr; <strong>1702<\/strong><br \/>(-21 for losing)
|raw|Invok3r's rating: 1710 &rarr; <strong>1731<\/strong><br \/>(+21 for winning)
|c|★Invok3r|gg
|leave|ThisFireBurns
|player|p1