|join|noccliolinee
|join|Boikachu
|player|p1|noccliolinee|203
|player|p2|Boikachu|23
|gametype|singles
|gen|6
|tier|OU
|rated
|clearpoke
|poke|p1|Sableye, M
|poke|p1|Keldeo
|poke|p1|Bisharp, M
|poke|p1|Skarmory, M
|poke|p1|Sylveon, M
|poke|p1|Heatran, F
|poke|p2|Forretress, M, shiny
|poke|p2|Sableye, M, shiny
|poke|p2|Arcanine, M, shiny
|poke|p2|Blissey, F
|poke|p2|Mew
|poke|p2|Clefable, F
|rule|Swagger Clause: Swagger is banned
|rule|Baton Pass Clause: Limit one Pokémon knowing Baton Pass
|rule|Sleep Clause Mod: Limit one foe put to sleep
|rule|Species Clause: Limit one of each Pokémon
|rule|OHKO Clause: OHKO moves are banned
|rule|Moody Clause: Moody is banned
|rule|Evasion Moves Clause: Evasion moves are banned
|rule|Endless Battle Clause: Forcing endless battles is banned
|rule|HP Percentage Mod: HP is shown in percentages
|teampreview
Boikachu made this room hidden.
|
|start
|switch|p1a: Jail|Bisharp, M|271\/271
|switch|p2a: Stabilized|Sableye, M, shiny|303\/303
|turn|1
|
|switch|p1a: Nachos|Heatran, F|323\/323
|detailschange|p2a: Stabilized|Sableye-Mega, M, shiny
|-mega|p2a: Stabilized|Sableye|Sablenite
|move|p2a: Stabilized|Confuse Ray|p1a: Nachos
|-start|p1a: Nachos|confusion
|
|turn|2
|
|switch|p1a: Bacon|Sylveon, M|394\/394
|move|p2a: Stabilized|Knock Off|p1a: Bacon
|-resisted|p1a: Bacon
|-damage|p1a: Bacon|349\/394
|-enditem|p1a: Bacon|Leftovers|[from] move: Knock Off|[of] p2a: Stabilized
|
|turn|3
|
|switch|p1a: Call the police|Keldeo|322\/322
|switch|p2a: Britney|Blissey, F|651\/651
|
|turn|4
|
|move|p1a: Call the police|Secret Sword|p2a: Britney
|-supereffective|p2a: Britney
|-enditem|p2a: Britney|Chople Berry|[eat]
|-damage|p2a: Britney|314\/651
|-damage|p1a: Call the police|290\/322|[from] item: Life Orb
|move|p2a: Britney|Psychic|p1a: Call the police
|-supereffective|p1a: Call the police
|-damage|p1a: Call the police|118\/322
|
|turn|5
|
|switch|p2a: Mute|Mew|375\/375
|move|p1a: Call the police|Secret Sword|p2a: Mute
|-resisted|p2a: Mute
|-damage|p2a: Mute|281\/375
|-damage|p1a: Call the police|86\/322|[from] item: Life Orb
|
|turn|6
|
|switch|p1a: Shield|Skarmory, M|334\/334
|move|p2a: Mute|Calm Mind|p2a: Mute
|-boost|p2a: Mute|spa|1
|-boost|p2a: Mute|spd|1
|
|turn|7
|
|switch|p2a: Stabilized|Sableye-Mega, M, shiny|303\/303
|move|p1a: Shield|Stealth Rock|p2a: Stabilized
|move|p2a: Stabilized|Stealth Rock|p1a: Shield|[from]Magic Bounce
|-sidestart|p1: noccliolinee|move: Stealth Rock
|
|turn|8
|
|move|p1a: Shield|Defog|p2a: Stabilized
|move|p2a: Stabilized|Defog|p1a: Shield|[from]Magic Bounce
|-unboost|p1a: Shield|evasion|1
|-sideend|p1: noccliolinee|Stealth Rock|[from] move: Defog|[of] p1a: Shield
|move|p2a: Stabilized|Knock Off|p1a: Shield
|-damage|p1a: Shield|276\/334
|-damage|p2a: Stabilized|253\/303|[from] item: Rocky Helmet|[of] p1a: Shield
|-enditem|p1a: Shield|Rocky Helmet|[from] move: Knock Off|[of] p2a: Stabilized
|
|turn|9
|
|switch|p1a: D2D|Sableye, M|304\/304
|move|p2a: Stabilized|Confuse Ray|p1a: D2D
|-start|p1a: D2D|confusion
|
|turn|10
|
|detailschange|p1a: D2D|Sableye-Mega, M
|-mega|p1a: D2D|Sableye|Sablenite
|-activate|p1a: D2D|confusion
|-damage|p1a: D2D|285\/304|[from] confusion
|move|p2a: Stabilized|Knock Off|p1a: D2D
|-damage|p1a: D2D|234\/304
|
|turn|11
|
|move|p2a: Stabilized|Knock Off|p1a: D2D
|-damage|p1a: D2D|180\/304
|-activate|p1a: D2D|confusion
|-damage|p1a: D2D|158\/304|[from] confusion
|
|turn|12
|
|move|p2a: Stabilized|Knock Off|p1a: D2D
|-damage|p1a: D2D|103\/304
|-end|p1a: D2D|confusion
|move|p1a: D2D|Recover|p1a: D2D
|-heal|p1a: D2D|255\/304
|
|turn|13
|
|move|p2a: Stabilized|Knock Off|p1a: D2D
|-damage|p1a: D2D|198\/304
|move|p1a: D2D|Calm Mind|p1a: D2D
|-boost|p1a: D2D|spa|1
|-boost|p1a: D2D|spd|1
|
|turn|14
|
|move|p2a: Stabilized|Night Shade|p1a: D2D
|-damage|p1a: D2D|98\/304
|move|p1a: D2D|Recover|p1a: D2D
|-heal|p1a: D2D|250\/304
|
|turn|15
|
|move|p2a: Stabilized|Night Shade|p1a: D2D
|-damage|p1a: D2D|150\/304
|move|p1a: D2D|Calm Mind|p1a: D2D
|-boost|p1a: D2D|spa|1
|-boost|p1a: D2D|spd|1
|
|turn|16
|
|switch|p2a: Crusader|Clefable, F|391\/391
|move|p1a: D2D|Recover|p1a: D2D
|-heal|p1a: D2D|302\/304
|
|turn|17
|
|switch|p1a: Nachos|Heatran, F|323\/323
|move|p2a: Crusader|Moonblast|p1a: Nachos
|-resisted|p1a: Nachos
|-damage|p1a: Nachos|295\/323
|
|turn|18
|
|switch|p2a: Britney|Blissey, F|314\/651
|move|p1a: Nachos|Flash Cannon|p2a: Britney
|-damage|p2a: Britney|199\/651
|
|turn|19
|
|move|p1a: Nachos|Flash Cannon|p2a: Britney
|-damage|p2a: Britney|97\/651
|move|p2a: Britney|Soft-Boiled|p2a: Britney
|-heal|p2a: Britney|423\/651
|
|turn|20
|
|switch|p1a: D2D|Sableye-Mega, M|302\/304
|move|p2a: Britney|Light Screen|p2a: Britney
|-sidestart|p2: Boikachu|move: Light Screen
|
|turn|21
|
|switch|p2a: Mute|Mew|281\/375
|move|p1a: D2D|Knock Off|p2a: Mute
|-supereffective|p2a: Mute
|-damage|p2a: Mute|99\/375
|-enditem|p2a: Mute|Life Orb|[from] move: Knock Off|[of] p1a: D2D
|
|turn|22
|
|move|p2a: Mute|Roost|p2a: Mute
|-heal|p2a: Mute|287\/375
|move|p1a: D2D|Knock Off|p2a: Mute
|-supereffective|p2a: Mute
|-damage|p2a: Mute|165\/375
|
|turn|23
|
|move|p2a: Mute|Calm Mind|p2a: Mute
|-boost|p2a: Mute|spa|1
|-boost|p2a: Mute|spd|1
|move|p1a: D2D|Knock Off|p2a: Mute
|-supereffective|p2a: Mute
|-damage|p2a: Mute|43\/375
|
|turn|24
|
|move|p2a: Mute|Roost|p2a: Mute
|-heal|p2a: Mute|231\/375
|move|p1a: D2D|Knock Off|p2a: Mute
|-supereffective|p2a: Mute
|-damage|p2a: Mute|111\/375
|
|-sideend|p2: Boikachu|move: Light Screen
|turn|25
|
|move|p2a: Mute|Roost|p2a: Mute
|-heal|p2a: Mute|299\/375
|move|p1a: D2D|Knock Off|p2a: Mute
|-supereffective|p2a: Mute
|-damage|p2a: Mute|185\/375
|
|turn|26
|
|move|p2a: Mute|Scald|p1a: D2D
|-damage|p1a: D2D|236\/304
|-status|p1a: D2D|brn
|move|p1a: D2D|Knock Off|p2a: Mute
|-supereffective|p2a: Mute
|-damage|p2a: Mute|123\/375
|
|-damage|p1a: D2D|198\/304 brn|[from] brn
|turn|27
|
|switch|p1a: Jail|Bisharp, M|271\/271
|move|p2a: Mute|Roost|p2a: Mute
|-heal|p2a: Mute|311\/375
|
|turn|28
|
|move|p2a: Mute|Vacuum Wave|p1a: Jail
|-supereffective|p1a: Jail
|-damage|p1a: Jail|0 fnt
|faint|p1a: Jail
|
|
|switch|p1a: Shield|Skarmory, M|276\/334
|turn|29
|
|switch|p2a: Stabilized|Sableye-Mega, M, shiny|253\/303
|move|p1a: Shield|Stealth Rock|p2a: Stabilized
|move|p2a: Stabilized|Stealth Rock|p1a: Shield|[from]Magic Bounce
|-sidestart|p1: noccliolinee|move: Stealth Rock
|
|turn|30
|-message|noccliolinee forfeited.
|
|win|Boikachu
|raw|Ladder updating...
|leave|noccliolinee
|player|p1
|raw|noccliolinee's rating: 1535 &rarr; <strong>1513<\/strong><br \/>(-22 for losing)
|raw|Boikachu's rating: 1499 &rarr; <strong>1521<\/strong><br \/>(+22 for winning)