|join|noccliolinee
|join|sg pokemon
|player|p1|noccliolinee|203
|player|p2|sg pokemon|267
|gametype|singles
|gen|6
|tier|OU
|rated
|clearpoke
|poke|p1|Sableye, F
|poke|p1|Keldeo
|poke|p1|Bisharp, F
|poke|p1|Skarmory, M
|poke|p1|Sylveon, F
|poke|p1|Heatran, F
|poke|p2|Gyarados, M
|poke|p2|Talonflame, M
|poke|p2|Serperior, M
|poke|p2|Diggersby, M
|poke|p2|Latios, M
|poke|p2|Clefable, M
|rule|Swagger Clause: Swagger is banned
|rule|Baton Pass Clause: Limit one Pokémon knowing Baton Pass
|rule|Sleep Clause Mod: Limit one foe put to sleep
|rule|Species Clause: Limit one of each Pokémon
|rule|OHKO Clause: OHKO moves are banned
|rule|Moody Clause: Moody is banned
|rule|Evasion Moves Clause: Evasion moves are banned
|rule|Endless Battle Clause: Forcing endless battles is banned
|rule|HP Percentage Mod: HP is shown in percentages
|teampreview
|
|start
|switch|p1a: D2D|Sableye, F|304\/304
|switch|p2a: Clefable|Clefable, M|394\/394
|turn|1
|
|switch|p1a: Nachos|Heatran, F|323\/323
|move|p2a: Clefable|Moonblast|p1a: Nachos
|-resisted|p1a: Nachos
|-damage|p1a: Nachos|298\/323
|
|turn|2
|
|move|p1a: Nachos|Flash Cannon|p2a: Clefable
|-supereffective|p2a: Clefable
|-damage|p2a: Clefable|130\/394
|move|p2a: Clefable|Thunder Wave|p1a: Nachos
|-status|p1a: Nachos|par
|
|-heal|p2a: Clefable|154\/394|[from] item: Leftovers
|turn|3
|
|switch|p2a: Gyarados|Gyarados, M|331\/331
|-ability|p2a: Gyarados|Intimidate|[of] p1a: Nachos
|-unboost|p1a: Nachos|atk|1
|cant|p1a: Nachos|par
|
|turn|4
|
|switch|p1a: Shield|Skarmory, M|334\/334
|move|p2a: Gyarados|Waterfall|p1a: Shield
|-damage|p1a: Shield|259\/334
|-damage|p2a: Gyarados|276\/331|[from] item: Rocky Helmet|[of] p1a: Shield
|
|turn|5
|
|move|p2a: Gyarados|Taunt|p1a: Shield
|-start|p1a: Shield|move: Taunt
|cant|p1a: Shield|move: Taunt|Stealth Rock
|
|turn|6
|
|switch|p1a: Bacon|Sylveon, F|394\/394
|move|p2a: Gyarados|Dragon Dance|p2a: Gyarados
|-boost|p2a: Gyarados|atk|1
|-boost|p2a: Gyarados|spe|1
|
|turn|7
|
|move|p2a: Gyarados|Waterfall|p1a: Bacon
|-damage|p1a: Bacon|195\/394
|cant|p1a: Bacon|flinch
|
|-heal|p1a: Bacon|219\/394|[from] item: Leftovers
|turn|8
|
|move|p2a: Gyarados|Waterfall|p1a: Bacon
|-damage|p1a: Bacon|14\/394
|move|p1a: Bacon|Hyper Voice|p2a: Gyarados
|-damage|p2a: Gyarados|114\/331
|
|-heal|p1a: Bacon|38\/394|[from] item: Leftovers
|turn|9
|
|switch|p1a: Shield|Skarmory, M|259\/334
|move|p2a: Gyarados|Waterfall|p1a: Shield
|-damage|p1a: Shield|141\/334
|-damage|p2a: Gyarados|59\/331|[from] item: Rocky Helmet|[of] p1a: Shield
|
|turn|10
|
|switch|p1a: Call the police|Keldeo|322\/322
|move|p2a: Gyarados|Taunt|p1a: Call the police
|-start|p1a: Call the police|move: Taunt
|
|turn|11
|
|switch|p2a: Latios|Latios, M|299\/299
|move|p1a: Call the police|Hidden Power|p2a: Latios
|-damage|p2a: Latios|230\/299
|
|turn|12
|
|switch|p1a: D2D|Sableye, F|304\/304
|move|p2a: Latios|Draco Meteor|p1a: D2D|[miss]
|-miss|p2a: Latios|p1a: D2D
|
|turn|13
|
|switch|p2a: Clefable|Clefable, M|154\/394
|detailschange|p1a: D2D|Sableye-Mega, F
|-mega|p1a: D2D|Sableye|Sablenite
|move|p1a: D2D|Calm Mind|p1a: D2D
|-boost|p1a: D2D|spa|1
|-boost|p1a: D2D|spd|1
|
|-heal|p2a: Clefable|178\/394|[from] item: Leftovers
|turn|14
|
|switch|p1a: Nachos|Heatran, F|298\/323 par
|move|p2a: Clefable|Moonblast|p1a: Nachos
|-resisted|p1a: Nachos
|-damage|p1a: Nachos|274\/323 par
|
|-heal|p2a: Clefable|202\/394|[from] item: Leftovers
|turn|15
|
|switch|p2a: Diggersby|Diggersby, M|311\/311
|cant|p1a: Nachos|par
|
|turn|16
|
|switch|p1a: Shield|Skarmory, M|141\/334
|move|p2a: Diggersby|Earthquake|p1a: Shield
|-immune|p1a: Shield|[msg]
|
|turn|17
|
|move|p2a: Diggersby|Swords Dance|p2a: Diggersby
|-boost|p2a: Diggersby|atk|2
|move|p1a: Shield|Roost|p1a: Shield
|-heal|p1a: Shield|308\/334
|
|turn|18
|
|move|p2a: Diggersby|Return|p1a: Shield
|-resisted|p1a: Shield
|-damage|p1a: Shield|125\/334
|-damage|p2a: Diggersby|260\/311|[from] item: Rocky Helmet|[of] p1a: Shield
|-damage|p2a: Diggersby|229\/311|[from] item: Life Orb
|move|p1a: Shield|Whirlwind|p2a: Diggersby
|drag|p2a: Serperior|Serperior, M|291\/291
|
|turn|19
|
|move|p2a: Serperior|Leaf Storm|p1a: Shield
|-resisted|p1a: Shield
|-damage|p1a: Shield|54\/334
|-boost|p2a: Serperior|spa|2
|-damage|p2a: Serperior|262\/291|[from] item: Life Orb
|move|p1a: Shield|Stealth Rock|p2a: Serperior
|-sidestart|p2: sg pokemon|move: Stealth Rock
|
|turn|20
|
|switch|p1a: Nachos|Heatran, F|274\/323 par
|move|p2a: Serperior|Leaf Storm|p1a: Nachos
|-resisted|p1a: Nachos
|-damage|p1a: Nachos|182\/323 par
|-boost|p2a: Serperior|spa|2
|-damage|p2a: Serperior|233\/291|[from] item: Life Orb
|
|turn|21
|
|move|p2a: Serperior|Leaf Storm|p1a: Nachos
|-resisted|p1a: Nachos
|-damage|p1a: Nachos|36\/323 par
|-boost|p2a: Serperior|spa|2
|-damage|p2a: Serperior|204\/291|[from] item: Life Orb
|cant|p1a: Nachos|par
|
|turn|22
|
|move|p2a: Serperior|Dragon Pulse|p1a: Nachos
|-resisted|p1a: Nachos
|-damage|p1a: Nachos|0 fnt
|-damage|p2a: Serperior|175\/291|[from] item: Life Orb
|faint|p1a: Nachos
|
|
|switch|p1a: Jail|Bisharp, F|271\/271
|turn|23
|
|move|p1a: Jail|Sucker Punch|p2a: Serperior
|-damage|p2a: Serperior|13\/291
|move|p2a: Serperior|Hidden Power|p1a: Jail
|-supereffective|p1a: Jail
|-damage|p1a: Jail|0 fnt
|-damage|p2a: Serperior|0 fnt|[from] item: Life Orb
|faint|p1a: Jail
|faint|p2a: Serperior
|
|
|switch|p2a: Latios|Latios, M|230\/299
|switch|p1a: D2D|Sableye-Mega, F|304\/304
|-damage|p2a: Latios|193\/299|[from] Stealth Rock
|turn|24
|
|move|p2a: Latios|Defog|p1a: D2D
|move|p1a: D2D|Defog|p2a: Latios|[from]Magic Bounce
|-unboost|p2a: Latios|evasion|1
|-sideend|p2: sg pokemon|Stealth Rock|[from] move: Defog|[of] p2a: Latios
|move|p1a: D2D|Shadow Ball|p2a: Latios
|-supereffective|p2a: Latios
|-damage|p2a: Latios|31\/299
|-unboost|p2a: Latios|spd|1
|
|turn|25
|
|move|p2a: Latios|Draco Meteor|p1a: D2D
|-damage|p1a: D2D|97\/304
|-unboost|p2a: Latios|spa|2
|-damage|p2a: Latios|2\/299|[from] item: Life Orb
|move|p1a: D2D|Shadow Ball|p2a: Latios
|-supereffective|p2a: Latios
|-damage|p2a: Latios|0 fnt
|faint|p2a: Latios
|
|
|switch|p2a: Talonflame|Talonflame, M|297\/297
|turn|26
|-message|noccliolinee forfeited.
|leave|noccliolinee
|
|win|sg pokemon
|raw|Ladder updating...
|player|p1
|raw|noccliolinee's rating: 1556 &rarr; <strong>1532<\/strong><br \/>(-24 for losing)
|raw|sg pokemon's rating: 1480 &rarr; <strong>1505<\/strong><br \/>(+25 for winning)