|join|wertzu
|join|Shizuki
|player|p1|wertzu|184
|player|p2|Shizuki|66
|gametype|singles
|gen|6
|tier|OU
|clearpoke
|poke|p1|Diancie
|poke|p1|Magnezone
|poke|p1|Ferrothorn, F
|poke|p1|Landorus-Therian, M
|poke|p1|Latias, F
|poke|p1|Azumarill, M
|poke|p2|Milotic, F
|poke|p2|Blastoise, M
|poke|p2|Machamp, M, shiny
|poke|p2|Sceptile, M
|poke|p2|Eelektross, M
|poke|p2|Ferrothorn, F, shiny
|rule|Swagger Clause: Swagger is banned
|rule|Baton Pass Clause: Limit one Pokémon knowing Baton Pass
|rule|Sleep Clause Mod: Limit one foe put to sleep
|rule|Species Clause: Limit one of each Pokémon
|rule|OHKO Clause: OHKO moves are banned
|rule|Moody Clause: Moody is banned
|rule|Evasion Moves Clause: Evasion moves are banned
|rule|Endless Battle Clause: Forcing endless battles is banned
|rule|HP Percentage Mod: HP is shown in percentages
|teampreview
|join|burgerfresser
|c| burgerfresser|blub c:
|c|★Shizuki|gl hf!
|c| burgerfresser|banded ferro?<3
|c|★Shizuki|ne normal gem xD
|c|★Shizuki|mit explosion
|c| burgerfresser|nice
|c|★wertzu|._.
|c|★Shizuki|empfiehlt pokefans ja für ehrfahrene spieler...
|join|MikeRocksGames
|c|★wertzu|._.
|join|Silver99
|c| MikeRocksGames|hey guys
|join|soTsoT
|join|Trauer
|c| Silver99|AV T-wave Eelektross hm?
|c| Trauer|banded ferro ist gut
|c|★Shizuki|klar av t-wave elektross :D
|c| MikeRocksGames|Am just joining random battles done with recording showdown for now XD
|
|start
|switch|p1a: MaGnEtIc ZoNe|Magnezone|324\/324
|switch|p2a: Plasmawurm|Eelektross, M|374\/374
|turn|1
|c| Trauer|this is kinda a troll battle
|c| Trauer|but ok c:
|c| burgerfresser|go for t-wave c:
|c| MikeRocksGames|fine by me am just editing videos on youtube XD
|c|★Shizuki|3 moves ftw :D
|c| Trauer|xD
|
|switch|p1a: Perfect gem|Diancie|241\/241
|move|p2a: Plasmawurm|Thunderbolt|p1a: Perfect gem
|-damage|p1a: Perfect gem|138\/241
|
|turn|2
|
|switch|p1a: Lando-T|Landorus-Therian, M|319\/319
|-ability|p1a: Lando-T|Intimidate|[of] p2a: Plasmawurm
|-unboost|p2a: Plasmawurm|atk|1
|move|p2a: Plasmawurm|Giga Drain|p1a: Lando-T
|-damage|p1a: Lando-T|215\/319
|
|turn|3
|
|move|p1a: Lando-T|U-turn|p2a: Plasmawurm
|-damage|p2a: Plasmawurm|259\/374
|
|switch|p1a: Jetstream|Latias, F|301\/301
|move|p2a: Plasmawurm|Giga Drain|p1a: Jetstream
|-resisted|p1a: Jetstream
|-damage|p1a: Jetstream|268\/301
|-heal|p2a: Plasmawurm|276\/374|[from] drain|[of] p1a: Jetstream
|
|turn|4
|c| burgerfresser|the plays
|c|★Shizuki|der plasmawurm schlägt sich wacker :D
|
|switch|p1a: MaGnEtIc ZoNe|Magnezone|324\/324
|switch|p2a: Sea Serpent|Milotic, F|394\/394
|
|turn|5
|c| soTsoT|wertzu verliert noch gegen Pokefans
|c| burgerfresser|aaah get predictet
|c|★Shizuki|av+ full sp.def xD
|c| MikeRocksGames|I got 4 videos of showdown right now lol I am going to start Zeta soon
|c|★wertzu|DIE PREDICTS
|c| Silver99|dann demote ich ihn soTsoT
|c| Silver99|und Shizu kriegt ihn stattdessen
|c| soTsoT|ahahaha
|c|★wertzu|wehe silver
|c|★Shizuki|xD
|
|switch|p2a: Plasmawurm|Eelektross, M|276\/374
|move|p1a: MaGnEtIc ZoNe|Volt Switch|p2a: Plasmawurm
|-resisted|p2a: Plasmawurm
|-damage|p2a: Plasmawurm|190\/374
|c|★wertzu|gnade dir mein psychiater
|c| burgerfresser|das is ja noch schlimmer als max max av sumpex >.>
|c| Trauer|ok silver ist ein deal
|c| soTsoT|ich sehs kommen
|
|switch|p1a: Lando-T|Landorus-Therian, M|215\/319
|-ability|p1a: Lando-T|Intimidate|[of] p2a: Plasmawurm
|-unboost|p2a: Plasmawurm|atk|1
|
|turn|6
|c| soTsoT|gib alles shizuki!
|c|★wertzu|OO
|
|move|p1a: Lando-T|U-turn|p2a: Plasmawurm
|-damage|p2a: Plasmawurm|78\/374
|leave|MikeRocksGames
|
|switch|p1a: MaGnEtIc ZoNe|Magnezone|324\/324
|move|p2a: Plasmawurm|Giga Drain|p1a: MaGnEtIc ZoNe
|-resisted|p1a: MaGnEtIc ZoNe
|-damage|p1a: MaGnEtIc ZoNe|275\/324
|-heal|p2a: Plasmawurm|103\/374|[from] drain|[of] p1a: MaGnEtIc ZoNe
|
|turn|7
|c|★Shizuki|mit diese grässlichen sets xD
|c| Silver99|wo ist der Drain Punch Ó_Ó
|c|★wertzu|._.
|c|★Shizuki|^
|c|★Shizuki|frag pokefans
|c| Silver99|wertzu der Player
|
|move|p1a: MaGnEtIc ZoNe|Volt Switch|p2a: Plasmawurm
|-resisted|p2a: Plasmawurm
|-damage|p2a: Plasmawurm|28\/374
|
|switch|p1a: Jetstream|Latias, F|268\/301
|move|p2a: Plasmawurm|Giga Drain|p1a: Jetstream
|-crit|p1a: Jetstream
|-resisted|p1a: Jetstream
|-damage|p1a: Jetstream|216\/301
|-heal|p2a: Plasmawurm|54\/374|[from] drain|[of] p1a: Jetstream
|
|turn|8
|
|switch|p2a: Braum|Machamp, M, shiny|383\/383
|move|p1a: Jetstream|Psyshock|p2a: Braum
|-supereffective|p2a: Braum
|-damage|p2a: Braum|0 fnt
|-damage|p1a: Jetstream|186\/301|[from] item: Life Orb
|faint|p2a: Braum
|
|c|★wertzu|> switchin
|c| burgerfresser|plaaaaays
|
|switch|p2a: Knolle|Sceptile, M|281\/281
|turn|9
|c| Silver99|lol
|c| burgerfresser|sendin in counters?
|
|switch|p1a: real bunny|Azumarill, M|401\/401
|move|p2a: Knolle|Dragon Pulse|p1a: real bunny
|-immune|p1a: real bunny|[msg]
|
|turn|10
|
|switch|p1a: stinging nettle|Ferrothorn, F|352\/352
|move|p2a: Knolle|Energy Ball|p1a: stinging nettle
|-resisted|p1a: stinging nettle
|-damage|p1a: stinging nettle|322\/352
|-unboost|p1a: stinging nettle|spd|1
|
|turn|11
|
|move|p2a: Knolle|Focus Blast|p1a: stinging nettle
|-supereffective|p1a: stinging nettle
|-damage|p1a: stinging nettle|30\/352
|move|p1a: stinging nettle|Stealth Rock|p2a: Knolle
|-sidestart|p2: Shizuki|move: Stealth Rock
|
|turn|12
|c| burgerfresser|hax
|c| Silver99|> def drop
|c| Silver99|hahaha
|c| Silver99|the playz
|
|move|p2a: Knolle|Energy Ball|p1a: stinging nettle
|-resisted|p1a: stinging nettle
|-damage|p1a: stinging nettle|0 fnt
|faint|p1a: stinging nettle
|
|c|★wertzu|._.
|c|★Shizuki|yay
|c| Silver99|omg
|
|switch|p1a: Lando-T|Landorus-Therian, M|215\/319
|-ability|p1a: Lando-T|Intimidate|[of] p2a: Knolle
|-unboost|p2a: Knolle|atk|1
|turn|13
|c|★Shizuki|ein kill
|c| Silver99|gleichstand
|c| Silver99|wertzu wir töten dich
|c|★Shizuki|^
|c|★wertzu|._.
|
|switch|p2a: Plasmawurm|Eelektross, M|54\/374
|-damage|p2a: Plasmawurm|8\/374|[from] Stealth Rock
|move|p1a: Lando-T|U-turn|p2a: Plasmawurm
|-damage|p2a: Plasmawurm|0 fnt
|faint|p2a: Plasmawurm
|c| Silver99|Go ahead 'n sack this
|
|switch|p1a: MaGnEtIc ZoNe|Magnezone|275\/324
|
|
|switch|p2a: Knolle|Sceptile, M|281\/281
|-damage|p2a: Knolle|246\/281|[from] Stealth Rock
|turn|14
|c| burgerfresser|go ahead n snack this, nom nom nom
|c|★wertzu|go ahead and fu silver
|
|switch|p1a: Lando-T|Landorus-Therian, M|215\/319
|-ability|p1a: Lando-T|Intimidate|[of] p2a: Knolle
|-unboost|p2a: Knolle|atk|1
|move|p2a: Knolle|Focus Blast|p1a: Lando-T
|-crit|p1a: Lando-T
|-resisted|p1a: Lando-T
|-damage|p1a: Lando-T|94\/319
|
|turn|15
|c| Silver99|that was just an average play
|c| Silver99|I know he missclicked there
|c|★wertzu|ITS A CRIT
|c| soTsoT|c-c-crit
|c| burgerfresser|zu viel thunderblunder geschaut?xD
|
|switch|p2a: Bazooka|Blastoise, M|362\/362
|-damage|p2a: Bazooka|317\/362|[from] Stealth Rock
|move|p1a: Lando-T|U-turn|p2a: Bazooka
|-damage|p2a: Bazooka|227\/362
|
|switch|p1a: MaGnEtIc ZoNe|Magnezone|275\/324
|
|-heal|p2a: Bazooka|249\/362|[from] item: Leftovers
|turn|16
|c| soTsoT|Super Regenerator!
|c|★Shizuki|ultra recovery turtok tum SIiieg!
|c|★wertzu|ich hab angst
|c| soTsoT|zurecht
|
|move|p2a: Bazooka|Scald|p1a: MaGnEtIc ZoNe
|-damage|p1a: MaGnEtIc ZoNe|188\/324
|move|p1a: MaGnEtIc ZoNe|Thunderbolt|p2a: Bazooka
|-supereffective|p2a: Bazooka
|-damage|p2a: Bazooka|0 fnt
|faint|p2a: Bazooka
|
|
|switch|p2a: Knolle|Sceptile, M|246\/281
|-damage|p2a: Knolle|211\/281|[from] Stealth Rock
|turn|17
|c|★wertzu|that was ez
|
|switch|p1a: real bunny|Azumarill, M|401\/401
|move|p2a: Knolle|Energy Ball|p1a: real bunny
|-supereffective|p1a: real bunny
|-damage|p1a: real bunny|155\/401
|
|turn|18
|c| Silver99|go aheda an get predicted u piece of shit
|
|move|p2a: Knolle|Energy Ball|p1a: real bunny
|-supereffective|p1a: real bunny
|-damage|p1a: real bunny|0 fnt
|faint|p1a: real bunny
|
|c| burgerfresser|sendin in counter :o
|
|switch|p1a: Lando-T|Landorus-Therian, M|94\/319
|-ability|p1a: Lando-T|Intimidate|[of] p2a: Knolle
|-unboost|p2a: Knolle|atk|1
|turn|19
|c| burgerfresser|*counters
|
|switch|p2a: Sea Serpent|Milotic, F|394\/394
|-damage|p2a: Sea Serpent|345\/394|[from] Stealth Rock
|move|p1a: Lando-T|U-turn|p2a: Sea Serpent
|-damage|p2a: Sea Serpent|240\/394
|
|switch|p1a: MaGnEtIc ZoNe|Magnezone|188\/324
|
|turn|20
|c|★Shizuki|dieses magnezone D:
|c| soTsoT|av steckt das locker weg
|c|★wertzu|._.
|
|move|p2a: Sea Serpent|Scald|p1a: MaGnEtIc ZoNe
|-damage|p1a: MaGnEtIc ZoNe|88\/324
|move|p1a: MaGnEtIc ZoNe|Volt Switch|p2a: Sea Serpent
|-supereffective|p2a: Sea Serpent
|-damage|p2a: Sea Serpent|66\/394
|c|★wertzu|OO
|c| Silver99|OPPP
|c| soTsoT|siehst du
|c|★Shizuki|wuhu
|c|★Shizuki|xD
|
|switch|p1a: Jetstream|Latias, F|186\/301
|
|turn|21
|c| burgerfresser|sexy specsy
|
|move|p1a: Jetstream|Psyshock|p2a: Sea Serpent
|-damage|p2a: Sea Serpent|0 fnt
|-damage|p1a: Jetstream|156\/301|[from] item: Life Orb
|faint|p2a: Sea Serpent
|
|
|switch|p2a: Pepper|Ferrothorn, F, shiny|352\/352
|-damage|p2a: Pepper|330\/352|[from] Stealth Rock
|turn|22
|
|move|p1a: Jetstream|Healing Wish|p1a: Jetstream
|faint|p1a: Jetstream
|move|p2a: Pepper|Gyro Ball|p1: Jetstream|[notarget]
|-notarget
|
|
|switch|p1a: MaGnEtIc ZoNe|Magnezone|88\/324
|-heal|p1a: MaGnEtIc ZoNe|324\/324|[from] move: Healing Wish
|turn|23
|c|★Shizuki|lass mich noch explodieren :3
|
|move|p1a: MaGnEtIc ZoNe|Hidden Power|p2a: Pepper
|-supereffective|p2a: Pepper
|-damage|p2a: Pepper|0 fnt
|faint|p2a: Pepper
|
|c|★wertzu|nö
|c|★Shizuki|:\/
|c| soTsoT|eiskalt
|
|switch|p2a: Knolle|Sceptile, M|211\/281
|-damage|p2a: Knolle|176\/281|[from] Stealth Rock
|turn|24
|
|move|p2a: Knolle|Focus Blast|p1a: MaGnEtIc ZoNe
|-supereffective|p1a: MaGnEtIc ZoNe
|-damage|p1a: MaGnEtIc ZoNe|14\/324
|move|p1a: MaGnEtIc ZoNe|Hidden Power|p2a: Knolle
|-supereffective|p2a: Knolle
|-damage|p2a: Knolle|0 fnt
|faint|p2a: Knolle
|
|win|wertzu
|c| burgerfresser|ah
|c|★wertzu|gg
|c| soTsoT|rly wertzu
|c|★Shizuki|gg
|c| burgerfresser|outplayed
|c| soTsoT|nur 3-0
|c|★wertzu|._.
|c| Trauer|demote imo
|c|★Shizuki|^
|c| soTsoT|^
|c| Trauer|^
|c|★wertzu|^
|c| Silver99|ye
|c|★Shizuki|also unter 0:5 is schon schlecht
|c|★wertzu|._.
|c|★Shizuki|:p
|c| Silver99|http:\/\/www.soundboard.com\/sb\/WepwnPokemon
|leave|soTsoT
|leave|wertzu
|player|p1
|leave|Trauer
|leave|Shizuki
|player|p2
|join|Shizuki