|join|MyLittleDick
|join|Courel10
|player|p1|MyLittleDick|1
|player|p2|Courel10|161
|gametype|singles
|gen|6
|tier|OU
|rated
|clearpoke
|poke|p1|Politoed, M
|poke|p1|Swampert, F
|poke|p1|Ludicolo, F
|poke|p1|Ferrothorn, F
|poke|p1|Tornadus-Therian, M
|poke|p1|Klefki, F
|poke|p2|Altaria, F
|poke|p2|Zygarde
|poke|p2|Druddigon, F
|poke|p2|Kyurem-Black
|poke|p2|Latias, F
|poke|p2|Latios, M
|rule|Swagger Clause: Swagger is banned
|rule|Baton Pass Clause: Limit one Pokémon knowing Baton Pass
|rule|Sleep Clause Mod: Limit one foe put to sleep
|rule|Species Clause: Limit one of each Pokémon
|rule|OHKO Clause: OHKO moves are banned
|rule|Moody Clause: Moody is banned
|rule|Evasion Moves Clause: Evasion moves are banned
|rule|Endless Battle Clause: Forcing endless battles is banned
|rule|HP Percentage Mod: HP is shown in percentages
|teampreview
|
|start
|switch|p1a: Politoed|Politoed, M|383\/383
|switch|p2a: Druddigon|Druddigon, F|358\/358
|-weather|RainDance
|turn|1
|
|move|p1a: Politoed|Ice Beam|p2a: Druddigon
|-supereffective|p2a: Druddigon
|-damage|p2a: Druddigon|256\/358
|move|p2a: Druddigon|Glare|p1a: Politoed
|-status|p1a: Politoed|par
|
|-weather|RainDance|[upkeep]
|turn|2
|
|switch|p1a: Swampert|Swampert, F|341\/341
|move|p2a: Druddigon|Stealth Rock|p1a: Swampert
|-sidestart|p1: MyLittleDick|move: Stealth Rock
|
|-weather|RainDance|[upkeep]
|turn|3
|
|detailschange|p1a: Swampert|Swampert-Mega, F
|-mega|p1a: Swampert|Swampert|Swampertite
|move|p1a: Swampert|Ice Punch|p2a: Druddigon
|-supereffective|p2a: Druddigon
|-damage|p2a: Druddigon|22\/358
|-damage|p1a: Swampert|299\/341|[from] ability: Rough Skin|[of] p2a: Druddigon
|-damage|p1a: Swampert|243\/341|[from] item: Rocky Helmet|[of] p2a: Druddigon
|move|p2a: Druddigon|Glare|p1a: Swampert
|-status|p1a: Swampert|par
|
|-weather|RainDance|[upkeep]
|turn|4
|
|move|p1a: Swampert|Ice Punch|p2a: Druddigon
|-supereffective|p2a: Druddigon
|-damage|p2a: Druddigon|0 fnt
|-damage|p1a: Swampert|201\/341 par|[from] ability: Rough Skin|[of] p2a: Druddigon
|-damage|p1a: Swampert|145\/341 par|[from] item: Rocky Helmet|[of] p2a: Druddigon
|faint|p2a: Druddigon
|
|-weather|RainDance|[upkeep]
|
|switch|p2a: Kyurem-Black|Kyurem-Black|391\/391
|-ability|p2a: Kyurem-Black|Teravolt
|turn|5
|
|move|p2a: Kyurem-Black|Dragon Claw|p1a: Swampert
|-crit|p1a: Swampert
|-damage|p1a: Swampert|0 fnt
|faint|p1a: Swampert
|
|-weather|RainDance|[upkeep]
|c|★MyLittleDick|that crit mattered
|c|★MyLittleDick|but its ok
|c|★MyLittleDick|ur shit
|
|switch|p1a: Ferrothorn|Ferrothorn, F|352\/352
|-damage|p1a: Ferrothorn|330\/352|[from] Stealth Rock
|turn|6
|c|★MyLittleDick|go motherfucker
|c|★Courel10|'-' hey kid, shut up
|
|switch|p2a: Zygarde|Zygarde|358\/358
|-ability|p2a: Zygarde|Aura Break
|move|p1a: Ferrothorn|Stealth Rock|p2a: Zygarde
|-sidestart|p2: Courel10|move: Stealth Rock
|
|-weather|RainDance|[upkeep]
|-heal|p1a: Ferrothorn|352\/352|[from] item: Leftovers
|turn|7
|c|★Courel10|you have 5 years?
|
|move|p2a: Zygarde|Dragon Dance|p2a: Zygarde
|-boost|p2a: Zygarde|atk|1
|-boost|p2a: Zygarde|spe|1
|move|p1a: Ferrothorn|Power Whip|p2a: Zygarde|[miss]
|-miss|p1a: Ferrothorn|p2a: Zygarde
|
|-weather|RainDance|[upkeep]
|turn|8
|
|move|p2a: Zygarde|Dragon Dance|p2a: Zygarde
|-boost|p2a: Zygarde|atk|1
|-boost|p2a: Zygarde|spe|1
|move|p1a: Ferrothorn|Gyro Ball|p2a: Zygarde
|-damage|p2a: Zygarde|225\/358
|
|-weather|none
|turn|9
|
|move|p2a: Zygarde|Earthquake|p1a: Ferrothorn
|-damage|p1a: Ferrothorn|141\/352
|move|p1a: Ferrothorn|Leech Seed|p2a: Zygarde
|-start|p2a: Zygarde|move: Leech Seed
|
|-heal|p1a: Ferrothorn|163\/352|[from] item: Leftovers
|-damage|p2a: Zygarde|181\/358|[from] Leech Seed|[of] p1a: Ferrothorn
|-heal|p1a: Ferrothorn|207\/352|[silent]
|turn|10
|
|switch|p1a: Tornadus-Therian|Tornadus-Therian, M|299\/299
|-damage|p1a: Tornadus-Therian|225\/299|[from] Stealth Rock
|move|p2a: Zygarde|Earthquake|p1a: Tornadus-Therian
|-immune|p1a: Tornadus-Therian|[msg]
|
|-damage|p2a: Zygarde|137\/358|[from] Leech Seed|[of] p1a: Tornadus-Therian
|-heal|p1a: Tornadus-Therian|269\/299|[silent]
|turn|11
|
|switch|p1a: Klefki|Klefki, F|317\/317
|-damage|p1a: Klefki|298\/317|[from] Stealth Rock
|move|p2a: Zygarde|Extreme Speed|p1a: Klefki
|-resisted|p1a: Klefki
|-damage|p1a: Klefki|234\/317
|
|-damage|p2a: Zygarde|93\/358|[from] Leech Seed|[of] p1a: Klefki
|-heal|p1a: Klefki|278\/317|[silent]
|turn|12
|
|switch|p1a: Tornadus-Therian|Tornadus-Therian, M|299\/299
|-damage|p1a: Tornadus-Therian|225\/299|[from] Stealth Rock
|move|p2a: Zygarde|Earthquake|p1a: Tornadus-Therian
|-immune|p1a: Tornadus-Therian|[msg]
|
|-damage|p2a: Zygarde|49\/358|[from] Leech Seed|[of] p1a: Tornadus-Therian
|-heal|p1a: Tornadus-Therian|269\/299|[silent]
|turn|13
|
|switch|p1a: Ferrothorn|Ferrothorn, F|207\/352
|-damage|p1a: Ferrothorn|185\/352|[from] Stealth Rock
|move|p2a: Zygarde|Earthquake|p1a: Ferrothorn
|-damage|p1a: Ferrothorn|0 fnt
|faint|p1a: Ferrothorn
|
|
|switch|p1a: Tornadus-Therian|Tornadus-Therian, M|299\/299
|-damage|p1a: Tornadus-Therian|225\/299|[from] Stealth Rock
|turn|14
|
|switch|p1a: Klefki|Klefki, F|278\/317
|-damage|p1a: Klefki|259\/317|[from] Stealth Rock
|move|p2a: Zygarde|Extreme Speed|p1a: Klefki
|-resisted|p1a: Klefki
|-damage|p1a: Klefki|195\/317
|
|-damage|p2a: Zygarde|5\/358|[from] Leech Seed|[of] p1a: Klefki
|-heal|p1a: Klefki|239\/317|[silent]
|turn|15
|
|move|p1a: Klefki|Rain Dance|p1a: Klefki
|-weather|RainDance
|move|p2a: Zygarde|Outrage|p1a: Klefki
|-immune|p1a: Klefki|[msg]
|
|-weather|RainDance|[upkeep]
|-damage|p2a: Zygarde|0 fnt|[from] Leech Seed|[of] p1a: Klefki
|-heal|p1a: Klefki|244\/317|[silent]
|faint|p2a: Zygarde
|
|switch|p2a: Altaria|Altaria, F|292\/292
|-damage|p2a: Altaria|219\/292|[from] Stealth Rock
|turn|16
|
|detailschange|p2a: Altaria|Altaria-Mega, F
|-mega|p2a: Altaria|Altaria|Altarianite
|move|p1a: Klefki|Thunder Wave|p2a: Altaria
|-status|p2a: Altaria|par
|move|p2a: Altaria|Dragon Dance|p2a: Altaria
|-boost|p2a: Altaria|atk|1
|-boost|p2a: Altaria|spe|1
|
|-weather|RainDance|[upkeep]
|turn|17
|
|move|p1a: Klefki|Draining Kiss|p2a: Altaria
|-supereffective|p2a: Altaria
|-damage|p2a: Altaria|121\/292 par
|-heal|p1a: Klefki|317\/317|[from] drain|[of] p2a: Altaria
|cant|p2a: Altaria|par
|
|-weather|RainDance|[upkeep]
|turn|18
|
|move|p1a: Klefki|Draining Kiss|p2a: Altaria
|-supereffective|p2a: Altaria
|-damage|p2a: Altaria|19\/292 par
|move|p2a: Altaria|Earthquake|p1a: Klefki
|-supereffective|p1a: Klefki
|-damage|p1a: Klefki|59\/317
|
|-weather|RainDance|[upkeep]
|turn|19
|
|move|p1a: Klefki|Draining Kiss|p2a: Altaria
|-supereffective|p2a: Altaria
|-damage|p2a: Altaria|0 fnt
|-heal|p1a: Klefki|74\/317|[from] drain|[of] p2a: Altaria
|faint|p2a: Altaria
|
|-weather|RainDance|[upkeep]
|
|switch|p2a: Latios|Latios, M|302\/302
|-damage|p2a: Latios|265\/302|[from] Stealth Rock
|turn|20
|
|move|p1a: Klefki|Thunder Wave|p2a: Latios
|-status|p2a: Latios|par
|move|p2a: Latios|Hidden Power|p1a: Klefki
|-supereffective|p1a: Klefki
|-damage|p1a: Klefki|0 fnt
|-damage|p2a: Latios|235\/302 par|[from] item: Life Orb
|faint|p1a: Klefki
|
|-weather|RainDance|[upkeep]
|
|switch|p1a: Ludicolo|Ludicolo, F|301\/301
|-damage|p1a: Ludicolo|264\/301|[from] Stealth Rock
|turn|21
|
|move|p1a: Ludicolo|Substitute|p1a: Ludicolo
|-start|p1a: Ludicolo|Substitute
|-damage|p1a: Ludicolo|189\/301
|move|p2a: Latios|Psyshock|p1a: Ludicolo
|-end|p1a: Ludicolo|Substitute
|-damage|p2a: Latios|205\/302 par|[from] item: Life Orb
|
|-weather|RainDance|[upkeep]
|turn|22
|
|move|p1a: Ludicolo|Ice Beam|p2a: Latios
|-supereffective|p2a: Latios
|-damage|p2a: Latios|0 fnt
|-damage|p1a: Ludicolo|159\/301|[from] item: Life Orb
|faint|p2a: Latios
|
|-weather|none
|
|switch|p2a: Kyurem-Black|Kyurem-Black|391\/391
|-damage|p2a: Kyurem-Black|294\/391|[from] Stealth Rock
|-ability|p2a: Kyurem-Black|Teravolt
|turn|23
|
|switch|p1a: Politoed|Politoed, M|383\/383 par
|-damage|p1a: Politoed|336\/383 par|[from] Stealth Rock
|-weather|RainDance
|move|p2a: Kyurem-Black|Dragon Claw|p1a: Politoed
|-damage|p1a: Politoed|177\/383 par
|
|-weather|RainDance|[upkeep]
|turn|24
|
|move|p2a: Kyurem-Black|Fusion Bolt|p1a: Politoed
|-crit|p1a: Politoed
|-supereffective|p1a: Politoed
|-damage|p1a: Politoed|0 fnt
|faint|p1a: Politoed
|
|-weather|RainDance|[upkeep]
|
|switch|p1a: Ludicolo|Ludicolo, F|159\/301
|-damage|p1a: Ludicolo|122\/301|[from] Stealth Rock
|turn|25
|
|move|p1a: Ludicolo|Giga Drain|p2a: Kyurem-Black
|-resisted|p2a: Kyurem-Black
|-damage|p2a: Kyurem-Black|212\/391
|-heal|p1a: Ludicolo|163\/301|[from] drain|[of] p2a: Kyurem-Black
|-damage|p1a: Ludicolo|133\/301|[from] item: Life Orb
|move|p2a: Kyurem-Black|Dragon Claw|p1a: Ludicolo
|-damage|p1a: Ludicolo|0 fnt
|faint|p1a: Ludicolo
|
|-weather|RainDance|[upkeep]
|
|switch|p1a: Tornadus-Therian|Tornadus-Therian, M|299\/299
|-damage|p1a: Tornadus-Therian|225\/299|[from] Stealth Rock
|turn|26
|
|move|p1a: Tornadus-Therian|Focus Blast|p2a: Kyurem-Black
|-supereffective|p2a: Kyurem-Black
|-damage|p2a: Kyurem-Black|0 fnt
|faint|p2a: Kyurem-Black
|
|-weather|RainDance|[upkeep]
|
|switch|p2a: Latias|Latias, F|364\/364
|-damage|p2a: Latias|319\/364|[from] Stealth Rock
|turn|27
|
|move|p1a: Tornadus-Therian|Knock Off|p2a: Latias
|-supereffective|p2a: Latias
|-damage|p2a: Latias|209\/364
|-enditem|p2a: Latias|Leftovers|[from] move: Knock Off|[of] p1a: Tornadus-Therian
|move|p2a: Latias|Calm Mind|p2a: Latias
|-boost|p2a: Latias|spa|1
|-boost|p2a: Latias|spd|1
|
|-weather|RainDance|[upkeep]
|turn|28
|
|move|p1a: Tornadus-Therian|U-turn|p2a: Latias
|-supereffective|p2a: Latias
|-damage|p2a: Latias|121\/364
|move|p2a: Latias|Roost|p2a: Latias
|-heal|p2a: Latias|303\/364
|
|-weather|RainDance|[upkeep]
|turn|29
|
|move|p1a: Tornadus-Therian|Hurricane|p2a: Latias
|-damage|p2a: Latias|204\/364
|move|p2a: Latias|Calm Mind|p2a: Latias
|-boost|p2a: Latias|spa|1
|-boost|p2a: Latias|spd|1
|
|-weather|RainDance|[upkeep]
|turn|30
|
|move|p1a: Tornadus-Therian|Hurricane|p2a: Latias
|-damage|p2a: Latias|137\/364
|move|p2a: Latias|Roost|p2a: Latias
|-heal|p2a: Latias|319\/364
|
|-weather|none
|turn|31
|
|move|p1a: Tornadus-Therian|Hurricane|p2a: Latias
|-damage|p2a: Latias|247\/364
|move|p2a: Latias|Dragon Pulse|p1a: Tornadus-Therian
|-damage|p1a: Tornadus-Therian|60\/299
|
|turn|32
|
|move|p1a: Tornadus-Therian|Hurricane|p2a: Latias
|-damage|p2a: Latias|177\/364
|-start|p2a: Latias|confusion
|-activate|p2a: Latias|confusion
|move|p2a: Latias|Psyshock|p1a: Tornadus-Therian
|-damage|p1a: Tornadus-Therian|0 fnt
|faint|p1a: Tornadus-Therian
|
|win|Courel10
|raw|Ladder updating...
|raw|MyLittleDick's rating: 1143 &rarr; <strong>1120<\/strong><br \/>(-23 for losing)
|raw|Courel10's rating: 1169 &rarr; <strong>1192<\/strong><br \/>(+23 for winning)
|c|★Courel10|gg kid
|c|★MyLittleDick|shit player
|c|★MyLittleDick|so fuck you
|c|★MyLittleDick|lol
|c|★MyLittleDick|no
|c|★Courel10|kid kkk
|c|★MyLittleDick|rm
|c|★Courel10|five years klkkkkkkkkkkk