|join|Lixx
|join|dingbat
|player|p1|Lixx|159
|player|p2|dingbat|3
|gametype|singles
|gen|6
|tier|UU
|rule|Sleep Clause Mod: Limit one foe put to sleep
|rule|Species Clause: Limit one of each Pokémon
|rule|OHKO Clause: OHKO moves are banned
|rule|Moody Clause: Moody is banned
|rule|Evasion Moves Clause: Evasion moves are banned
|rule|Endless Battle Clause: Forcing endless battles is banned
|rule|HP Percentage Mod: HP is shown in percentages
|clearpoke
|poke|p1|Uxie
|poke|p1|Liepard, M
|poke|p1|Poliwrath, F
|poke|p1|Seismitoad, F
|poke|p1|Ludicolo, M
|poke|p1|Kabutops, M
|poke|p2|Jirachi
|poke|p2|Virizion
|poke|p2|Alomomola, M
|poke|p2|Hydreigon, F
|poke|p2|Sableye, M
|poke|p2|Aerodactyl, M
|rule|Swagger Clause: Swagger is banned
|rule|Baton Pass Clause: Limit one Pokémon knowing Baton Pass
|teampreview
|join|Casual Raptor
|c|★dingbat|dis is
|c|★dingbat|shit team
|join|xMarth
|c|★dingbat|:[
|join|PU randomness
|join|Shit in a Bucket
|c|★Lixx|all my teams have togekiss
|c|★Lixx|so
|c| Casual Raptor|mega aero
|join|Torm
|c| Casual Raptor|is gonna pull weight
|c| Casual Raptor|:^)
|join|DaGoldBrick
|c|★dingbat|:]]]
|
|start
|switch|p1a: Rhiana|Liepard, M|270\/270
|switch|p2a: Virizion|Virizion|324\/324
|turn|1
|leave|PU randomness
|c| Casual Raptor|reveal HP bird
|
|move|p1a: Rhiana|Rain Dance|p1a: Rhiana
|-weather|RainDance
|move|p2a: Virizion|Leaf Blade|p1a: Rhiana
|-damage|p1a: Rhiana|0 fnt
|-damage|p2a: Virizion|292\/324|[from] item: Life Orb
|faint|p1a: Rhiana
|
|-weather|RainDance|[upkeep]
|join|Frickett
|c| Shit in a Bucket|>bird
|c| Casual Raptor|mfw
|c|★dingbat|weak
|c| Casual Raptor|no sash
|c| Casual Raptor|well
|c|★Lixx|why the fuck would i have sash
|c| Casual Raptor|damp rock
|c|★Lixx|on a rain team
|c| Casual Raptor|I guess
|c|★Lixx|?!!?!?
|c| Casual Raptor|but
|c|★Lixx|xD
|c| Casual Raptor|trash
|c|★Lixx|erm
|c|★Lixx|okie
|c| Casual Raptor|just run
|c| Casual Raptor|torn
|c|★dingbat|damp rock
|c| Casual Raptor|imo
|c|★Lixx|this is
|join|Shit User
|c|★Lixx|NU rain team
|c|★dingbat|is fucking important
|join|angel management
|c| xMarth|aa tops
|c| Casual Raptor|dw
|c| Casual Raptor|torn is PU
|c|★dingbat|torn is PPPPU
|c| Shit User|**BASED LIXX**
|join|Libertines
|
|switch|p1a: dome&dome&dome&|Kabutops, M|262\/262
|turn|2
|join|Haywood Airlines
|c| Casual Raptor|reveal
|c|★Lixx|this is nu rainn all my teams are illeagle tbh
|c| Haywood Airlines|I'm still in the air!
|c|★Lixx|just 4 fun 
|c| Shit User|sd
|c|★Lixx|REMEMBER POKEMON IS FOR FUN
|c| Shit User|sd
|c| Shit User|sd
|c| Shit User|sd
|c|★Lixx|jk its for winning
|c| Shit User|sd
|c| Shit in a Bucket|right
|c|★Lixx|u_u
|c| Casual Raptor|weakness policy endure weak armor
|c| Shit User|sd
|c| Casual Raptor|gogogo
|c| Shit in a Bucket|i need a brown 
|c| Shit User|RIP PIF
|c| Shit in a Bucket|but this is too excillerating
|c| Casual Raptor|GO
|c| Casual Raptor|GOBO
|c| Casual Raptor|GREED
|c| Casual Raptor|GGG
|
|move|p1a: dome&dome&dome&|Waterfall|p2a: Virizion
|-resisted|p2a: Virizion
|-damage|p2a: Virizion|90\/324
|move|p2a: Virizion|Leaf Blade|p1a: dome&dome&dome&
|-supereffective|p1a: dome&dome&dome&
|-damage|p1a: dome&dome&dome&|0 fnt
|-damage|p2a: Virizion|58\/324|[from] item: Life Orb
|faint|p1a: dome&dome&dome&
|
|-weather|RainDance|[upkeep]
|c| Casual Raptor|mfw
|c| Casual Raptor|what are you
|join|Donphantastic
|c| Shit User|SD
|c| xMarth|poliwrath
|c|★dingbat|bandtops
|c| Casual Raptor|doing
|c| Shit User|SD
|c| Casual Raptor|don't you have
|c| Shit User|SD
|c| Shit User|SD
|c| Shit User|SD
|c| Casual Raptor|sludge
|c| Shit User|SD
|join|EvilExperiments
|
|switch|p1a: yoloLudicolo|Ludicolo, M|302\/302
|turn|3
|c| Casual Raptor|on froge?
|join|ok ppl
|c| xMarth|attack of the clones
|c| Shit User|SO MANY
|c| Shit User|COUNTERS
|c| ok ppl|G0 DINGB4T
|c|★Lixx|sludge wont ohko
|c|★Lixx|a bulky virizion
|c|★Lixx|wtf
|c| Casual Raptor|dw
|
|switch|p2a: Jirachi|Jirachi|404\/404
|move|p1a: yoloLudicolo|Ice Beam|p2a: Jirachi
|-resisted|p2a: Jirachi
|-damage|p2a: Jirachi|340\/404
|-damage|p1a: yoloLudicolo|272\/302|[from] item: Life Orb
|
|-weather|RainDance|[upkeep]
|-heal|p2a: Jirachi|365\/404|[from] item: Leftovers
|turn|4
|c| Casual Raptor|this is negative SpD
|c|★dingbat|l000000000000000000000l
|c| Casual Raptor|virizon
|c|★Lixx|ok well
|c|★Lixx|uu random
|
|switch|p1a: Disturbia|Poliwrath, F|322\/322
|move|p2a: Jirachi|Toxic|p1a: Disturbia
|-status|p1a: Disturbia|tox
|
|-weather|RainDance|[upkeep]
|-heal|p2a: Jirachi|390\/404|[from] item: Leftovers
|-damage|p1a: Disturbia|302\/322 tox|[from] psn
|turn|5
|c| Shit User|protect
|c|★Lixx|should i gobo
|c|★Lixx|??
|c| Shit User|here
|
|move|p1a: Disturbia|Belly Drum|p1a: Disturbia
|-damage|p1a: Disturbia|141\/322 tox
|-setboost|p1a: Disturbia|atk|6|[from] move: Belly Drum
|-enditem|p1a: Disturbia|Sitrus Berry|[eat]
|-heal|p1a: Disturbia|221\/322 tox|[from] item: Sitrus Berry
|move|p2a: Jirachi|Substitute|p2a: Jirachi
|-start|p2a: Jirachi|Substitute
|-damage|p2a: Jirachi|289\/404
|
|-weather|RainDance|[upkeep]
|-heal|p2a: Jirachi|314\/404|[from] item: Leftovers
|-damage|p1a: Disturbia|181\/322 tox|[from] psn
|turn|6
|c| Casual Raptor|m
|c| Shit User|POWER
|c| Casual Raptor|f
|leave|Libertines
|c| Casual Raptor|w
|c|★dingbat|rip
|c| Shit User|PURE
|c| Shit User|POWER
|c| Shit User|LET HIM
|c| Shit User|KILL YOU
|c| Casual Raptor|REVEAL
|c| Casual Raptor|BUG BUZZ
|c|★Lixx|should i
|c| Casual Raptor|TO GET PAST SUB
|c|★Lixx|belly drum again??
|c| Shit User|YES
|
|move|p1a: Disturbia|Waterfall|p2a: Jirachi
|-end|p2a: Jirachi|Substitute
|move|p2a: Jirachi|Substitute|p2a: Jirachi
|-start|p2a: Jirachi|Substitute
|-damage|p2a: Jirachi|213\/404
|
|-weather|RainDance|[upkeep]
|-heal|p2a: Jirachi|238\/404|[from] item: Leftovers
|-damage|p1a: Disturbia|121\/322 tox|[from] psn
|turn|7
|c| xMarth|double slap now
|c| Shit User|YES
|c|★dingbat|GET
|c| Shit User|YES
|c| Shit User|YES
|c|★dingbat|+8
|c| Shit User|YES
|c| Shit User|YES
|c|★dingbat|x8
|c| Shit User|YES
|c| Shit User|YES
|c| Casual Raptor|REVEAL
|c| Shit User|YES
|c| Shit User|YES
|c| Casual Raptor|REST
|c|★Lixx|i need _8
|c| Shit User|YES
|c| Casual Raptor|TALK
|c| Shit User|YES
|c| Shit User|YES
|c| Casual Raptor|IM
|c| Shit User|YES
|c|★Lixx|FUCK
|c| Casual Raptor|FUCKING
|c| ok ppl|hahahahahaha
|c| Shit User|YES
|c| Casual Raptor|O
|c| Shit User|YES
|c| Shit User|YES
|c| Shit User|YES
|c| Shit User|YES
|c| Shit User|YES
|c|★Lixx|im too low to belly drum
|c| Shit User|YES
|c| Shit User|YES
|c|★Lixx|!!!
|c| Shit User|YES
|c| Shit User|YES
|
|move|p1a: Disturbia|Belly Drum|p1a: Disturbia
|-fail|p1a: Disturbia
|move|p2a: Jirachi|Substitute|p2a: Jirachi
|-fail|p2a: Jirachi|move: Substitute
|
|-weather|RainDance|[upkeep]
|-heal|p2a: Jirachi|263\/404|[from] item: Leftovers
|-damage|p1a: Disturbia|41\/322 tox|[from] psn
|turn|8
|c| Shit User|YES
|c| Shit User|YES
|c| Shit User|YES
|c| Shit User|YES
|c| Shit in a Bucket|CALM
|c| Shit User|YES
|c| Shit in a Bucket|YOUR
|c| Shit User|YES
|c| Shit User|YES
|c| Shit in a Bucket|TESTICLES
|c| Shit User|YES
|c| Shit User|REST
|c| Shit User|REST
|c| Casual Raptor|REST
|c| Shit User|REST
|c| Casual Raptor|REST
|c| Shit User|REST
|c| Shit User|REST
|c| Casual Raptor|REST
|c| Casual Raptor|REST
|c| Shit User|REST
|c| Casual Raptor|REST
|c| Shit User|REST
|c| Casual Raptor|REST
|c| Shit User|REST
|c| Casual Raptor|REST
|c| Shit User|REST
|
|move|p1a: Disturbia|Waterfall|p2a: Jirachi
|-end|p2a: Jirachi|Substitute
|move|p2a: Jirachi|Substitute|p2a: Jirachi
|-start|p2a: Jirachi|Substitute
|-damage|p2a: Jirachi|162\/404
|
|-weather|none
|-heal|p2a: Jirachi|187\/404|[from] item: Leftovers
|-damage|p1a: Disturbia|0 fnt|[from] psn
|faint|p1a: Disturbia
|c| Casual Raptor|REST
|c| Shit User|REST
|c| Shit User|REST
|c| Casual Raptor|REST
|c| Shit User|REST
|c|★dingbat|REST
|c| Shit User|REST
|c| Shit User|REST
|c|★dingbat|REST
|c| Shit User|REST
|c|★dingbat|REST
|c| Shit User|REST
|c|★dingbat|REST
|c| Shit User|REST
|c|★dingbat|REST
|c| Shit User|REST
|c|★dingbat|REST
|c| Shit User|REST
|c|★dingbat|REST
|c| Shit User|REST
|c|★dingbat|REST
|c| Shit User|REST
|c|★dingbat|REST
|c| Shit User|REST
|c|★dingbat|REST
|c| Shit User|REST
|c|★dingbat|REST
|c| Shit User|REST
|c|★dingbat|REST
|c| Shit User|REST
|c|★dingbat|REST
|c| Shit User|REST
|c|★dingbat|REST
|c| Shit User|REST
|c|★dingbat|REST
|c| Shit User|REST
|c|★Lixx|kekeke
|c|★dingbat|REST
|c| Shit User|REST
|c| Casual Raptor|REVEAL
|c|★dingbat|REST
|c| Shit User|REST
|c|★dingbat|REST
|c| Shit in a Bucket|R00ST
|c| Shit User|REST
|c| Casual Raptor|REVIVE
|c|★dingbat|REST
|c| Shit User|REST
|c|★dingbat|REST
|c| Shit User|REST
|c| Casual Raptor|MAX
|c|★dingbat|REST
|c| Shit User|REST
|c| Casual Raptor|REVIVE
|c|★dingbat|REST
|c| Shit User|REST
|c|★dingbat|REST
|c| Shit User|REST
|c|★dingbat|REST
|c| Shit User|REST
|c|★dingbat|REST
|
|switch|p1a: MOOSLUM|Uxie|354\/354
|turn|9
|c| Shit User|REST
|c|★dingbat|REST
|c| Shit User|REST
|c|★dingbat|REST
|c| Shit User|REST
|c|★dingbat|REST
|c| Shit User|REST
|c| Casual Raptor|MAX REVIVE
|c|★dingbat|REST
|c| Shit User|REST
|c|★dingbat|REST
|c| Shit User|REST
|c| Casual Raptor|MAX REVIVE
|c| Casual Raptor|MAX REVIVE
|c|★dingbat|REST
|c| Shit User|REST
|c|★dingbat|REST
|c| Shit User|REST
|c| Casual Raptor|MAX REVIVE
|c|★dingbat|REST
|c| Shit User|REST
|c| Casual Raptor|MAX REVIVE
|c|★dingbat|REST
|c| Casual Raptor|MAX REVIVE
|c| Casual Raptor|MAX REVIVE
|c| Casual Raptor|MAX REVIVE
|c| DaGoldBrick|ヽ༼ຈل͜ຈ༽ﾉ REST or RIOT ヽ༼ຈل͜ຈ༽ﾉ
|c| Shit User|ALLAHUAKBAR
|c| Casual Raptor|MAX REVIVE
|c| Casual Raptor|MAX REVIVE
|c| Shit User|ALLAHUAKBAR
|c| Casual Raptor|MAX REVIVE
|
|move|p2a: Jirachi|Toxic|p1a: MOOSLUM
|-status|p1a: MOOSLUM|tox
|move|p1a: MOOSLUM|Rain Dance|p1a: MOOSLUM
|-weather|RainDance
|
|-weather|RainDance|[upkeep]
|-heal|p2a: Jirachi|212\/404|[from] item: Leftovers
|-damage|p1a: MOOSLUM|332\/354 tox|[from] psn
|turn|10
|c| Casual Raptor|MAX REVIVE
|c| Shit User|ALLAHUAKBAR
|c| Shit User|ALLAHUAKBAR
|c| DaGoldBrick|ヽ༼ຈل͜ຈ༽ﾉ REST or RIOT ヽ༼ຈل͜ຈ༽ﾉ
|c| Shit User|ALLAHUAKBAR
|c| Shit User|ALLAHUAKBAR
|c| DaGoldBrick|ヽ༼ຈل͜ຈ༽ﾉ REST or RIOT ヽ༼ຈل͜ຈ༽ﾉ
|c| Shit User|ALLAHUAKBAR
|c| DaGoldBrick|ヽ༼ຈل͜ຈ༽ﾉ REST or RIOT ヽ༼ຈل͜ຈ༽ﾉ
|c| Shit User|ALLAHUAKBAR
|c| DaGoldBrick|ヽ༼ຈل͜ຈ༽ﾉ REST or RIOT ヽ༼ຈل͜ຈ༽ﾉ
|c| Shit User|ALLAHUAKBAR
|c| DaGoldBrick|ヽ༼ຈل͜ຈ༽ﾉ REST or RIOT ヽ༼ຈل͜ຈ༽ﾉ
|c| Shit User|ALLAHUAKBAR
|c| DaGoldBrick|ヽ༼ຈل͜ຈ༽ﾉ REST or RIOT ヽ༼ຈل͜ຈ༽ﾉ
|c| Shit User|ALLAHUAKBAR
|c|★Lixx|I NEED A FUCKING
|c| DaGoldBrick|ヽ༼ຈل͜ຈ༽ﾉ REST or RIOT ヽ༼ຈل͜ຈ༽ﾉ
|c| Shit User|ALLAHUAKBAR
|c| Shit User|ALLAHUAKBAR
|c|★Lixx|ETHER
|c| DaGoldBrick|ヽ༼ຈل͜ຈ༽ﾉ REST or RIOT ヽ༼ຈل͜ຈ༽ﾉ
|c| Shit User|ALLAHUAKBAR
|c|★Lixx|4
|c| Shit User|ALLAHUAKBAR
|c| DaGoldBrick|ヽ༼ຈل͜ຈ༽ﾉ REST or RIOT ヽ༼ຈل͜ຈ༽ﾉ
|c| DaGoldBrick|ヽ༼ຈل͜ຈ༽ﾉ REST or RIOT ヽ༼ຈل͜ຈ༽ﾉ
|c| EvilExperiments|ugh
|c| Shit User|ALLAHUAKBAR
|c| DaGoldBrick|ヽ༼ຈل͜ຈ༽ﾉ REST or RIOT ヽ༼ຈل͜ຈ༽ﾉ
|c| Shit User|ALLAHUAKBAR
|c| Shit User|ALLAHUAKBAR
|c| DaGoldBrick|ヽ༼ຈل͜ຈ༽ﾉ REST or RIOT ヽ༼ຈل͜ຈ༽ﾉ
|c| Shit User|ALLAHUAKBAR
|c| DaGoldBrick|ヽ༼ຈل͜ຈ༽ﾉ REST or RIOT ヽ༼ຈل͜ຈ༽ﾉ
|c|★Lixx|MORE BELLY DRUM3.
|c| Shit User|ALLAHUAKBAR
|c| DaGoldBrick|ヽ༼ຈل͜ຈ༽ﾉ REST or RIOT ヽ༼ຈل͜ຈ༽ﾉ
|c| Shit User|ALLAHUAKBAR
|c| Shit User|ALLAHUAKBAR
|c| Casual Raptor|MAX REVIVE
|c| DaGoldBrick|ヽ༼ຈل͜ຈ༽ﾉ REST or RIOT ヽ༼ຈل͜ຈ༽ﾉ
|c| DaGoldBrick|ヽ༼ຈل͜ຈ༽ﾉ REST or RIOT ヽ༼ຈل͜ຈ༽ﾉ
|
|move|p2a: Jirachi|Iron Head|p1a: MOOSLUM
|-damage|p1a: MOOSLUM|257\/354 tox
|cant|p1a: MOOSLUM|flinch
|
|-weather|RainDance|[upkeep]
|-heal|p2a: Jirachi|237\/404|[from] item: Leftovers
|-damage|p1a: MOOSLUM|213\/354 tox|[from] psn
|turn|11
|c|★dingbat|**RIOT**
|c|★dingbat|**RIOT**
|c|★dingbat|**RIOT**
|c| DaGoldBrick|U MIRIN BRAH?
|c|★dingbat|**RIOT**
|c|★dingbat|**RIOT**
|c| Casual Raptor|REVEAL LUNAR DANCE
|c|★dingbat|**RIOT**
|c| Casual Raptor|REVEAL LUNAR DANCE
|c|★dingbat|**RIOT**
|c|★dingbat|**RIOT**
|c| Casual Raptor|REVEAL LUNAR DANCE
|c|★dingbat|**RIOT**
|c| Casual Raptor|REVEAL LUNAR DANCE
|c|★dingbat|**RIOT**
|c| Casual Raptor|REVEAL LUNAR DANCE
|c|★dingbat|**RIOT**
|c| Casual Raptor|REVEAL LUNAR DANCE
|c|★dingbat|**RIOT**
|c| Casual Raptor|REVEAL LUNAR DANCE
|c|★dingbat|**RIOT**
|c| Casual Raptor|REVEAL LUNAR DANCE
|c|★dingbat|**RIOT**
|c| Casual Raptor|REVEAL LUNAR DANCE
|c|★dingbat|**RIOT**
|c| Casual Raptor|REVEAL LUNAR DANCE
|c|★dingbat|**RIOT**
|c| Casual Raptor|REVEAL LUNAR DANCE
|c|★dingbat|**RIOT**
|c| Casual Raptor|REVEAL LUNAR DANCE
|c|★dingbat|**RIOT**
|c| Casual Raptor|REVEAL LUNAR DANCE
|c|★dingbat|**RIOT**
|c| Casual Raptor|REVEAL LUNAR DANCE
|c|★dingbat|**RIOT**
|c| Casual Raptor|REVEAL LUNAR DANCE
|c|★dingbat|**RIOT**
|c| Casual Raptor|REVEAL LUNAR DANCE
|c| DaGoldBrick|ヽ༼ຈل͜ຈ༽ﾉ  MIRINor RIOT ヽ༼ຈل͜ຈ༽ﾉ
|c| Casual Raptor|REVEAL LUNAR DANCE
|c|★dingbat|**RIOT**
|c| DaGoldBrick|ヽ༼ຈل͜ຈ༽ﾉ  MIRINor RIOT ヽ༼ຈل͜ຈ༽ﾉ
|c| Casual Raptor|REVEAL LUNAR DANCE
|c| DaGoldBrick|ヽ༼ຈل͜ຈ༽ﾉ  MIRINor RIOT ヽ༼ຈل͜ຈ༽ﾉ
|c| Casual Raptor|REVEAL LUNAR DANCE
|c|★dingbat|**RIOT**
|c| DaGoldBrick|ヽ༼ຈل͜ຈ༽ﾉ  MIRINor RIOT ヽ༼ຈل͜ຈ༽ﾉ
|c| Casual Raptor|REVEAL LUNAR DANCE
|c|★dingbat|**RIOT**
|c| DaGoldBrick|ヽ༼ຈل͜ຈ༽ﾉ  MIRINor RIOT ヽ༼ຈل͜ຈ༽ﾉ
|c| Casual Raptor|REVEAL LUNAR DANCE
|c|★dingbat|**RIOT**
|c| DaGoldBrick|ヽ༼ຈل͜ຈ༽ﾉ  MIRINor RIOT ヽ༼ຈل͜ຈ༽ﾉ
|c|★dingbat|**RIOT**
|c| DaGoldBrick|ヽ༼ຈل͜ຈ༽ﾉ  MIRINor RIOT ヽ༼ຈل͜ຈ༽ﾉ
|c|★dingbat|**RIOT**
|c|★dingbat|**RIOT**
|c|★dingbat|**RIOT**
|c|★dingbat|**RIOT**
|c|★dingbat|**RIOT**
Lixx made this room private.
|c| EvilExperiments|make it stop
|c|★dingbat|**RIOT**
|c|★dingbat|**RIOT**
|c| Shit in a Bucket|ty
|c|★Lixx|continue to riot
|c| DaGoldBrick|ヽ༼ຈل͜ຈ༽ﾉ  MIRIN or RIOT ヽ༼ຈل͜ຈ༽ﾉ
|leave|Haywood Airlines
|c| DaGoldBrick|ヽ༼ຈل͜ຈ༽ﾉ  MIRIN or RIOT ヽ༼ຈل͜ຈ༽ﾉ
|c|★Lixx|we're safe now]
|c| Casual Raptor|KEK
|c| DaGoldBrick|ヽ༼ຈل͜ຈ༽ﾉ  MIRIN or RIOT ヽ༼ຈل͜ຈ༽ﾉ
|
|switch|p1a: bob the bae|Seismitoad, F|351\/351
|move|p2a: Jirachi|Iron Head|p1a: bob the bae
|-resisted|p1a: bob the bae
|-damage|p1a: bob the bae|292\/351
|
|-weather|RainDance|[upkeep]
|-heal|p2a: Jirachi|262\/404|[from] item: Leftovers
|turn|12
|c|★dingbat|**RIOT**
|c|★dingbat|**RIOT**
|c| Shit User|**BRING BACK VICTINI**
|c| Shit User|**BRING BACK VICTINI**
|c| Shit User|**BRING BACK VICTINI**
|c| Shit User|**BRING BACK VICTINI**
|c| Shit User|**BRING BACK VICTINI**
|c| Shit User|**BRING BACK VICTINI**
|c| Shit User|**BRING BACK VICTINI**
|c| Shit User|**BRING BACK VICTINI**
|c| Shit in a Bucket|^
|c| Shit User|**BRING BACK VICTINI**
|c| Shit User|**BRING BACK VICTINI**
|c| Shit User|**BRING BACK VICTINI**
|c| Shit User|**BRING BACK VICTINI**
|c| Shit User|**BRING BACK VICTINI**
|c| Shit User|**BRING BACK VICTINI**
|c| Shit User|**BRING BACK VICTINI**
|c| Shit User|**BRING BACK VICTINI**
|c| Shit User|**BRING BACK VICTINI**
|
|move|p1a: bob the bae|Earth Power|p2a: Jirachi
|-supereffective|p2a: Jirachi
|-end|p2a: Jirachi|Substitute
|-damage|p1a: bob the bae|257\/351|[from] item: Life Orb
|move|p2a: Jirachi|Toxic|p1a: bob the bae
|-status|p1a: bob the bae|tox
|
|-weather|RainDance|[upkeep]
|-heal|p2a: Jirachi|287\/404|[from] item: Leftovers
|-damage|p1a: bob the bae|236\/351 tox|[from] psn
|turn|13
|c| Shit User|**BRING BACK VICTINI**
|c| Shit User|**BRING BACK VICTINI**
|c| Shit User|**BRING BACK VICTINI**
|c| Shit User|**BRING BACK VICTINI**
|c| Shit User|**BRING BACK VICTINI**
|c| Shit User|**BRING BACK VICTINI**
|c| Shit User|**BRING BACK VICTINI**
|c| Shit User|**BRING BACK VICTINI**
|c| Shit User|**BRING BACK VICTINI**
|c| Shit User|**BRING BACK VICTINI**
|c| Shit User|**BRING BACK VICTINI**
|c| Shit User|**BRING BACK VICTINI**
|c| Shit User|**BRING BACK VICTINI**
|c| Shit User|**BRING BACK VICTINI**
|c| Shit User|**BRING BACK VICTINI**
|c| Shit User|**BRING BACK VICTINI**
|c|★Lixx|rofl gg dingbat
|c| Shit User|**BRING BACK VICTINI**
|c| Casual Raptor|**FREE VILE**
|c| Shit User|**BRING BACK VICTINI**
|c| Shit User|**BRING BACK VICTINI**
|c| Casual Raptor|**FREE VILE**
|c| Shit User|**BRING BACK VICTINI**
|c| DaGoldBrick|ヽ༼ຈل͜ຈ༽ﾉ  VICTINI or RIOT ヽ༼ຈل͜ຈ༽ﾉ
|c| Casual Raptor|**FREE VILE**
|c| Shit User|**BRING BACK VICTINI**
|c| Casual Raptor|**FREE VILE**
|c| Shit User|**BRING BACK VICTINI**
|c| DaGoldBrick|ヽ༼ຈل͜ຈ༽ﾉ  VICTINI or RIOT ヽ༼ຈل͜ຈ༽ﾉ
|c| Casual Raptor|**FREE VILE**
|c| Shit User|**BRING BACK VICTINI**
|c| DaGoldBrick|ヽ༼ຈل͜ຈ༽ﾉ  VICTINI or RIOT ヽ༼ຈل͜ຈ༽ﾉ
|c| Casual Raptor|**FREE VILE**
|c| EvilExperiments|nah don't bring back Vic
|c| Shit in a Bucket|#petition to bring back tini
|c| Shit User|**BRING BACK VICTINI**
|c| DaGoldBrick|ヽ༼ຈل͜ຈ༽ﾉ  VICTINI or RIOT ヽ༼ຈل͜ຈ༽ﾉ
|c| Casual Raptor|**FREE VILE**
|c| Shit User|**BRING BACK VICTINI**
|c| DaGoldBrick|ヽ༼ຈل͜ຈ༽ﾉ  VICTINI or RIOT ヽ༼ຈل͜ຈ༽ﾉ
|c| Casual Raptor|**FREE VILE**
|c| Shit User|**BRING BACK VICTINI**
|c| DaGoldBrick|ヽ༼ຈل͜ຈ༽ﾉ  VICTINI or RIOT ヽ༼ຈل͜ຈ༽ﾉ
|c| Casual Raptor|**FREE VILE**
|c| Shit User|**BRING BACK VICTINI**
|c| DaGoldBrick|ヽ༼ຈل͜ຈ༽ﾉ  VICTINI or RIOT ヽ༼ຈل͜ຈ༽ﾉ
|c| Casual Raptor|**FREE VILE**
|
|switch|p2a: Hydreigon|Hydreigon, F|325\/325
|move|p1a: bob the bae|Hydro Pump|p2a: Hydreigon
|-resisted|p2a: Hydreigon
|-damage|p2a: Hydreigon|165\/325
|-damage|p1a: bob the bae|201\/351 tox|[from] item: Life Orb
|
|-weather|RainDance|[upkeep]
|-damage|p1a: bob the bae|159\/351 tox|[from] psn
|turn|14
|c| Shit User|**BRING BACK VICTINI**
|c| DaGoldBrick|ヽ༼ຈل͜ຈ༽ﾉ  VICTINI or RIOT ヽ༼ຈل͜ຈ༽ﾉ
|c| Casual Raptor|**FREE VILE**
|c| Shit User|**BRING BACK VICTINI**
|c| DaGoldBrick|ヽ༼ຈل͜ຈ༽ﾉ  VICTINI or RIOT ヽ༼ຈل͜ຈ༽ﾉ
|c| Casual Raptor|**FREE VILE**
|c| Shit User|**BRING BACK VICTINI**
|c| DaGoldBrick|ヽ༼ຈل͜ຈ༽ﾉ  VICTINI or RIOT ヽ༼ຈل͜ຈ༽ﾉ
|c| Casual Raptor|**FREE VILE**
|c| Shit User|**BRING BACK VICTINI**
|c| DaGoldBrick|ヽ༼ຈل͜ຈ༽ﾉ  VICTINI or RIOT ヽ༼ຈل͜ຈ༽ﾉ
|c| Casual Raptor|**FREE VILE**
|c| Shit User|**BRING BACK VICTINI**
|c| DaGoldBrick|ヽ༼ຈل͜ຈ༽ﾉ  VICTINI or RIOT ヽ༼ຈل͜ຈ༽ﾉ
|c| Casual Raptor|**FREE VILE**
|c| Shit User|**BRING BACK VICTINI**
|c| DaGoldBrick|ヽ༼ຈل͜ຈ༽ﾉ  VICTINI or RIOT ヽ༼ຈل͜ຈ༽ﾉ
|c| Casual Raptor|**FREE VILE**
|c| Shit User|**BRING BACK VICTINI**
|c| DaGoldBrick|ヽ༼ຈل͜ຈ༽ﾉ  VICTINI or RIOT ヽ༼ຈل͜ຈ༽ﾉ
|c| Casual Raptor|**FREE VILE**
|c| Shit User|**BRING BACK VICTINI**
|c| DaGoldBrick|ヽ༼ຈل͜ຈ༽ﾉ  VICTINI or RIOT ヽ༼ຈل͜ຈ༽ﾉ
|c| Shit User|**BRING BACK VICTINI**
|c| Shit User|**BRING BACK VICTINI**
|c| Shit User|**BRING BACK VICTINI**
|c| Shit User|**BRING BACK VICTINI**
|c| Casual Raptor|**FREE VILE**
|c|★dingbat|WEAK
|c| Shit User|**BRING BACK VICTINI**
|c| Shit User|**BRING BACK VICTINI**
|c| Casual Raptor|**FREE VILE**
|c| Shit User|**BRING BACK VICTINI**
|c| Casual Raptor|**FREE VILE**
|c| Shit User|**BRING BACK VICTINI**
|c| Casual Raptor|**FREE VILE**
|c| Shit User|**BRING BACK VICTINI**
|c| Casual Raptor|**FREE VILE**
|c| DaGoldBrick|ヽ༼ຈل͜ຈ༽ﾉ  VICTINI or RIOT ヽ༼ຈل͜ຈ༽ﾉ
|c| Shit User|**BRING BACK VICTINI**
|c| Casual Raptor|**FREE VILE**
|c| DaGoldBrick|ヽ༼ຈل͜ຈ༽ﾉ  VICTINI or RIOT ヽ༼ຈل͜ຈ༽ﾉ
|c| EvilExperiments|I am content without Vic atm
|c| Shit User|**BRING BACK VICTINI**
|c| Casual Raptor|**FREE VILE**
|c| DaGoldBrick|ヽ༼ຈل͜ຈ༽ﾉ  VICTINI or RIOT ヽ༼ຈل͜ຈ༽ﾉ
|c| Shit User|**BRING BACK VICTINI**
|c| Casual Raptor|**FREE VILE**
|c| DaGoldBrick|ヽ༼ຈل͜ຈ༽ﾉ  VICTINI or RIOT ヽ༼ຈل͜ຈ༽ﾉ
|c| Shit User|**BRING BACK VICTINI**
|c| Casual Raptor|**FREE VILE**
|c| DaGoldBrick|ヽ༼ຈل͜ຈ༽ﾉ  VICTINI or RIOT ヽ༼ຈل͜ຈ༽ﾉ
|c| Shit User|**BRING BACK VICTINI**
|c| Casual Raptor|**FREE VILE**
|c| DaGoldBrick|ヽ༼ຈل͜ຈ༽ﾉ  VICTINI or RIOT ヽ༼ຈل͜ຈ༽ﾉ
|c| Shit User|**BRING BACK VICTINI**
|c| Casual Raptor|**FREE VILE**
|c| DaGoldBrick|ヽ༼ຈل͜ຈ༽ﾉ  VICTINI or RIOT ヽ༼ຈل͜ຈ༽ﾉ
|c| Shit User|**BRING BACK VICTINI**
|c| Casual Raptor|**FREE VILE**
|c| Shit User|**BRING BACK VICTINI**
|c| Casual Raptor|**FREE VILE**
|c| Shit User|**BRING BACK VICTINI**
|c| Casual Raptor|**FREE VILE**
|c| Shit User|**BRING BACK VICTINI**
|c| Casual Raptor|**FREE VILE**
|c| Shit User|**BRING BACK VICTINI**
|c| Casual Raptor|**FREE VILE**
|c|★Lixx|i beat someone w\/ NU rain yesterday rofl
|c| Shit User|**BRING BACK VICTINI**
|c| Casual Raptor|**FREE VILE**
|c| Shit User|**BRING BACK VICTINI**
|c| Casual Raptor|**FREE VILE**
|c| Shit User|**BRING BACK VICTINI**
|c| Casual Raptor|**FREE VILE**
|
|move|p1a: bob the bae|Hydro Pump|p2a: Hydreigon
|-resisted|p2a: Hydreigon
|-damage|p2a: Hydreigon|0 fnt
|-damage|p1a: bob the bae|124\/351 tox|[from] item: Life Orb
|faint|p2a: Hydreigon
|
|-weather|RainDance|[upkeep]
|-damage|p1a: bob the bae|61\/351 tox|[from] psn
|c| Shit User|**BRING BACK VICTINI**
|c| Casual Raptor|**FREE VILE**
|c| Shit User|**BRING BACK VICTINI**
|c| Casual Raptor|**FREE VILE**
|c| Shit User|**BRING BACK VICTINI**
|c| Casual Raptor|**FREE VILE**
|c| Shit User|**BRING BACK VICTINI**
|c| Casual Raptor|**FREE VILE**
|c| Shit User|**BRING BACK VICTINI**
|c| Casual Raptor|**FREE VILE**
|c| Shit User|**BRING BACK VICTINI**
|c| Casual Raptor|**FREE VILE**
|c| Shit User|**BRING BACK VICTINI**
|c| Casual Raptor|**FREE VILE**
|c| Shit User|**BRING BACK VICTINI**
|c| Casual Raptor|**FREE VILE**
|c|★Lixx|nb
|c| Shit User|**BRING BACK VICTINI**
|c| Casual Raptor|**FREE VILE**
|c|★Lixx|2hko
|c| Shit User|**BRING BACK VICTINI**
|c| Casual Raptor|**FREE VILE**
|c| Shit User|**BRING BACK VICTINI**
|c| Casual Raptor|**FREE VILE**
|c| Shit User|**BRING BACK VICTINI**
|c| Casual Raptor|**FREE VILE**
|
|switch|p2a: Alomomola|Alomomola, M|504\/504
|turn|15
|c| Shit User|**BRING BACK VICTINI**
|c| Casual Raptor|**FREE VILE**
|c| Shit User|**BRING BACK VICTINI**
|c| Casual Raptor|**FREE VILE**
|c| Shit User|**BRING BACK VICTINI**
|c| Casual Raptor|**FREE VILE**
|c| Shit User|**BRING BACK VICTINI**
|c| Casual Raptor|**FREE VILE**
|c| Shit User|**BRING BACK VICTINI**
|c| Casual Raptor|**FREE VILE**
|c| Shit User|**BRING BACK VICTINI**
|c| Casual Raptor|**FREE VILE**
|c| Casual Raptor|**FREE VILE**
|c| Casual Raptor|**FREE VILE**
|c| Casual Raptor|**FREE VILE**
|c| Casual Raptor|**FREE VILE**
|c| Casual Raptor|**FREE VILE**
|c| Casual Raptor|**FREE VILE**
|c| Shit User|Erm
|c| Shit User|kek
|c| Shit User|:^)
|
|move|p2a: Alomomola|Protect|p2a: Alomomola
|-singleturn|p2a: Alomomola|Protect
|move|p1a: bob the bae|Hydro Pump|p2a: Alomomola
|-activate|p2a: Alomomola|Protect
|
|-weather|RainDance|[upkeep]
|-damage|p1a: bob the bae|0 fnt|[from] psn
|faint|p1a: bob the bae
|c| Casual Raptor|Free raptor
|c| Casual Raptor|imo
|c|★Lixx|ooo fku
|c| Casual Raptor|dw
|c|★dingbat|bop
|
|switch|p1a: yoloLudicolo|Ludicolo, M|272\/302
|turn|16
|c| Casual Raptor|swords dance
|c| Casual Raptor|ludicolo
|c| Casual Raptor|imho
|c|★Lixx|tbh i bleve
|c| Shit User|sd
|c| Shit User|sd
|c| Shit User|sd
|c| Shit User|sd
|c| Shit User|sd
|c| Shit User|sd
|c| Shit User|sd
|c| Shit User|sd
|c| Shit User|sd
|c| Shit User|sd
|
|switch|p1a: MOOSLUM|Uxie|213\/354 tox
|move|p2a: Alomomola|Toxic|p1a: MOOSLUM
|-fail|p1a: MOOSLUM|tox
|
|-weather|none
|-damage|p1a: MOOSLUM|191\/354 tox|[from] psn
|turn|17
|c| Shit User|sd
|c| Shit User|sd
|c| Shit User|sd
|c| Shit User|sd
|c| Shit User|sd
|c| Casual Raptor|**SD GOBO**
|c| Shit User|sd
|c| Casual Raptor|**SD GOBO**
|c| Shit User|sd
|c| Casual Raptor|**SD GOBO**
|c| Shit User|sds
|c| Casual Raptor|**SD GOBO**
|c| Shit User|d
|c| Casual Raptor|**SD GOBO**
|c| Shit User|sd
|c| Shit User|sd
|c| Shit User|sd
|c| Shit User|sds
|c| Shit User|dsd
|c| Shit User|s
|c| Shit User|dsd
|c| Shit User|sd
|
|move|p1a: MOOSLUM|Rain Dance|p1a: MOOSLUM
|-weather|RainDance
|move|p2a: Alomomola|Wish|p2a: Alomomola
|
|-weather|RainDance|[upkeep]
|-damage|p1a: MOOSLUM|147\/354 tox|[from] psn
|turn|18
|c| Shit User|sd
|c| Shit User|sd
|c| Shit User|sd
|c| Shit User|sd
|c| Shit User|sd
|c| Shit User|sd
|c| Shit User|sd
|c| Shit User|sds
|c| Casual Raptor|GOBO OR RIOT
|
|switch|p2a: Virizion|Virizion|58\/324
|move|p1a: MOOSLUM|U-turn|p2a: Virizion
|-damage|p2a: Virizion|8\/324
|c| Casual Raptor|GOBO OR RIOT
|c| Casual Raptor|GOBO OR RIOT
|c| Casual Raptor|GOBO OR RIOT
|
|switch|p1a: yoloLudicolo|Ludicolo, M|272\/302
|
|-weather|RainDance|[upkeep]
|-heal|p2a: Virizion|260\/324|[from] move: Wish|[wisher] Alomomola
|turn|19
|c|★dingbat|**NICE**
|c|★Lixx|sad
|c|★dingbat|**NICE**
|c|★Lixx|sad
|c|★dingbat|**NICE**
|c|★Lixx|sad
|c|★Lixx|sad
|c|★dingbat|**NICE**
|c|★Lixx|sad
|c|★dingbat|**NICE**
|c|★Lixx|sad
|c|★dingbat|**NICE**
|c|★dingbat|**NICE**
|c|★dingbat|**NICE**
|c|★dingbat|**NICE**
|c|★dingbat|**NICE**
|c| EvilExperiments|kek
|c| Casual Raptor|GOBORIOT
|c|★dingbat|**NICE**
|c|★dingbat|**NICE**
|c| Casual Raptor|GOBORIOT
|c|★dingbat|**NICE**
|c| Casual Raptor|GOBORIOT
|c|★dingbat|**NICE**
|c| Casual Raptor|GOBORIOT
|c|★dingbat|**NICE**
|c| Casual Raptor|GOBORIOT
|c|★dingbat|**NICE**
|c| Casual Raptor|GOBORIOT
|c|★dingbat|**NICE**
|c|★Lixx|i need to run 54 attack on uxie to do 15% to virizion
|c| Casual Raptor|GOBORIOT
|c|★dingbat|**NICE**
|c| Casual Raptor|GOBORIOT
|c|★dingbat|**NICE**
|c|★Lixx|!!!
|c| Casual Raptor|GOBORIOT
|c|★dingbat|**NICE**
|c|★dingbat|**NICE**
|c|★dingbat|**NICE**
|c| DaGoldBrick|ヽ༼ຈل͜ຈ༽ﾉ  Nice or RIOT ヽ༼ຈل͜ຈ༽ﾉ
|leave|Donphantastic
|
|move|p1a: yoloLudicolo|Ice Beam|p2a: Virizion
|-supereffective|p2a: Virizion
|-damage|p2a: Virizion|81\/324
|-damage|p1a: yoloLudicolo|242\/302|[from] item: Life Orb
|move|p2a: Virizion|Close Combat|p1a: yoloLudicolo
|-damage|p1a: yoloLudicolo|0 fnt
|-unboost|p2a: Virizion|def|1
|-unboost|p2a: Virizion|spd|1
|-damage|p2a: Virizion|49\/324|[from] item: Life Orb
|faint|p1a: yoloLudicolo
|
|-weather|RainDance|[upkeep]
|c| DaGoldBrick|ヽ༼ຈل͜ຈ༽ﾉ  Nice or RIOT ヽ༼ຈل͜ຈ༽ﾉ
|c| DaGoldBrick|ヽ༼ຈل͜ຈ༽ﾉ  Nice or RIOT ヽ༼ຈل͜ຈ༽ﾉ
|c| DaGoldBrick|ヽ༼ຈل͜ຈ༽ﾉ  Nice or RIOT ヽ༼ຈل͜ຈ༽ﾉ
|c|★Lixx|frezepls
|c|★dingbat|**NICE**
|c| Casual Raptor|USE
|c| DaGoldBrick|ヽ༼ຈل͜ຈ༽ﾉ  Nice or RIOT ヽ༼ຈل͜ຈ༽ﾉ
|c|★Lixx|o fuck
|c|★dingbat|**NICE**
|c| Casual Raptor|HEALING WISH
|c|★dingbat|**NICE**
|c| Casual Raptor|UXIE
|c|★dingbat|**NICE**
|c|★dingbat|**NICE**
|c| EvilExperiments|g-g
|c|★dingbat|**NICE**
|c|★dingbat|**NICE**
|c|★dingbat|**NICE**
|c|★dingbat|**NICE**
|c|★Lixx|clearly counter team
|c|★dingbat|**NICE**
|c|★dingbat|**NICE**
|c|★Lixx|tbh
|c|★dingbat|**NICE**
|leave|Shit in a Bucket
|c|★dingbat|**NICE**
|c| Casual Raptor|REVEAL MAX REVIVE
|
|switch|p1a: MOOSLUM|Uxie|147\/354 tox
|turn|20
|c|★dingbat|**NICE**
|c| Casual Raptor|REVEAL MAX REVIVE
|c| Casual Raptor|REVEAL MAX REVIVE
|c| Casual Raptor|REVEAL MAX REVIVE
|join|Shit in a Bucket
|c| Casual Raptor|REVEAL MAX REVIVE
|c| Casual Raptor|REVEAL MAX REVIVE
|c|★Lixx|DONT KILL ME
|leave|xMarth
|c|★Lixx|i will preform 
|c|★Lixx|Seppuku
|c|★Lixx|for you dingbat
|c|★Lixx|ok?
|c|★Lixx|here goes
|c|★Lixx|ily
|
|move|p2a: Virizion|Leaf Blade|p1a: MOOSLUM
|-damage|p1a: MOOSLUM|25\/354 tox
|-damage|p2a: Virizion|17\/324|[from] item: Life Orb
|move|p1a: MOOSLUM|Memento|p2a: Virizion
|-unboost|p2a: Virizion|atk|2
|-unboost|p2a: Virizion|spa|2
|faint|p1a: MOOSLUM
|
|win|dingbat
|c|★dingbat|;]]]]]]]]]]]]]]]]]]]]]]]
|c|★Lixx|:]
|leave|Lixx
|player|p1