|join|dingbat
|join|over 500
|player|p1|dingbat|3
|player|p2|over 500|171
|gametype|singles
|gen|6
|tier|UU
|rated
|rule|Sleep Clause Mod: Limit one foe put to sleep
|rule|Species Clause: Limit one of each Pokémon
|rule|OHKO Clause: OHKO moves are banned
|rule|Moody Clause: Moody is banned
|rule|Evasion Moves Clause: Evasion moves are banned
|rule|Endless Battle Clause: Forcing endless battles is banned
|rule|HP Percentage Mod: HP is shown in percentages
|clearpoke
|poke|p1|Diggersby, F
|poke|p1|Sableye, M
|poke|p1|Cobalion
|poke|p1|Vaporeon, F
|poke|p1|Whimsicott, F
|poke|p1|Gligar, F
|poke|p2|Slowking, M
|poke|p2|Diancie
|poke|p2|Cofagrigus, M
|poke|p2|Rhyperior, F
|poke|p2|Escavalier, F
|poke|p2|Omastar, M
|rule|Swagger Clause: Swagger is banned
|rule|Baton Pass Clause: Limit one Pokémon knowing Baton Pass
|teampreview
|c|★over 500|KEK
|c|★over 500|E
|c|★over 500|K
|c|★dingbat|kekekekekekekekekekek
|
|start
|switch|p1a: Whimsicott|Whimsicott, F|261\/261
|switch|p2a: Omastar|Omastar, M|281\/281
|turn|1
|c|★over 500|i didn't know diggersby was on the ladder lol
|
|move|p1a: Whimsicott|U-turn|p2a: Omastar
|-damage|p2a: Omastar|250\/281
|-boost|p2a: Omastar|spe|1|[from] ability: Weak Armor
|-unboost|p2a: Omastar|def|1|[from] ability: Weak Armor
|
|switch|p1a: Vaporeon|Vaporeon, F|464\/464
|move|p2a: Omastar|Stealth Rock|p1a: Vaporeon
|-sidestart|p1: dingbat|move: Stealth Rock
|
|turn|2
|
|move|p2a: Omastar|Spikes|p1a: Vaporeon
|-sidestart|p1: dingbat|Spikes
|move|p1a: Vaporeon|Scald|p2a: Omastar
|-damage|p2a: Omastar|120\/281
|-status|p2a: Omastar|brn
|
|-damage|p2a: Omastar|85\/281 brn|[from] brn
|turn|3
|
|switch|p2a: Slowking|Slowking, M|394\/394
|move|p1a: Vaporeon|Scald|p2a: Slowking
|-resisted|p2a: Slowking
|-damage|p2a: Slowking|346\/394
|-status|p2a: Slowking|brn
|
|-damage|p2a: Slowking|297\/394 brn|[from] brn
|turn|4
|c|★over 500|smhj
|c|★dingbat|shrekekekekekek
|
|move|p1a: Vaporeon|Scald|p2a: Slowking
|-resisted|p2a: Slowking
|-damage|p2a: Slowking|254\/394 brn
|move|p2a: Slowking|Trick Room|p2a: Slowking
|-fieldstart|move: Trick Room|[of] p2a: Slowking
|
|-damage|p2a: Slowking|205\/394 brn|[from] brn
|turn|5
|
|switch|p2a: Omastar|Omastar, M|85\/281 brn
|move|p1a: Vaporeon|Baton Pass|p1a: Vaporeon
|
|switch|p1a: Sableye|Sableye, M|303\/303
|-damage|p1a: Sableye|266\/303|[from] Stealth Rock
|-damage|p1a: Sableye|229\/303|[from] Spikes
|
|-heal|p1a: Sableye|247\/303|[from] item: Leftovers
|-damage|p2a: Omastar|50\/281 brn|[from] brn
|turn|6
|
|move|p1a: Sableye|Knock Off|p2a: Omastar
|-damage|p2a: Omastar|0 fnt
|-enditem|p2a: Omastar|Focus Sash|[from] move: Knock Off|[of] p1a: Sableye
|faint|p2a: Omastar
|
|-heal|p1a: Sableye|265\/303|[from] item: Leftovers
|
|switch|p2a: Diancie|Diancie|241\/241
|turn|7
|
|switch|p1a: Gligar|Gligar, F|334\/334
|-damage|p1a: Gligar|293\/334|[from] Stealth Rock
|move|p2a: Diancie|Moonblast|p1a: Gligar
|-damage|p1a: Gligar|151\/334
|-damage|p2a: Diancie|217\/241|[from] item: Life Orb
|
|turn|8
|c|★dingbat|hp ice hp ice hp hice
|c|★dingbat|hp ice hp ice hp ice
|
|move|p2a: Diancie|Diamond Storm|p1a: Gligar
|-damage|p1a: Gligar|25\/334
|-damage|p2a: Diancie|193\/241|[from] item: Life Orb
|move|p1a: Gligar|Defog|p2a: Diancie
|-fail|p2a: Diancie|unboost|[from] ability: Clear Body|[of] p2a: Diancie
|-sideend|p1: dingbat|Spikes|[from] move: Defog|[of] p1a: Gligar
|-sideend|p1: dingbat|Stealth Rock|[from] move: Defog|[of] p1a: Gligar
|
|-fieldend|move: Trick Room
|turn|9
|c|★over 500|psh
|c|★over 500|who even carries defag glig
|
|move|p1a: Gligar|Roost|p1a: Gligar
|-heal|p1a: Gligar|192\/334
|move|p2a: Diancie|Trick Room|p2a: Diancie
|-fieldstart|move: Trick Room|[of] p2a: Diancie
|
|turn|10
|
|switch|p2a: Rhyperior|Rhyperior, F|434\/434
|move|p1a: Gligar|Roost|p1a: Gligar
|-heal|p1a: Gligar|334\/334
|
|turn|11
|
|move|p2a: Rhyperior|Swords Dance|p2a: Rhyperior
|-boost|p2a: Rhyperior|atk|2
|move|p1a: Gligar|U-turn|p2a: Rhyperior
|-damage|p2a: Rhyperior|401\/434
|
|switch|p1a: Sableye|Sableye, M|265\/303
|
|-heal|p1a: Sableye|283\/303|[from] item: Leftovers
|turn|12
|
|move|p1a: Sableye|Will-O-Wisp|p2a: Rhyperior
|-status|p2a: Rhyperior|brn
|move|p2a: Rhyperior|Earthquake|p1a: Sableye
|-damage|p1a: Sableye|0 fnt
|-damage|p2a: Rhyperior|358\/434 brn|[from] item: Life Orb
|faint|p1a: Sableye
|
|-damage|p2a: Rhyperior|304\/434 brn|[from] brn
|c|★over 500|bop
|c|★dingbat|b0p
|
|switch|p1a: Gligar|Gligar, F|334\/334
|turn|13
|
|move|p2a: Rhyperior|Ice Punch|p1a: Gligar
|-crit|p1a: Gligar
|-supereffective|p1a: Gligar
|-damage|p1a: Gligar|0 fnt
|-damage|p2a: Rhyperior|261\/434 brn|[from] item: Life Orb
|faint|p1a: Gligar
|
|-damage|p2a: Rhyperior|207\/434 brn|[from] brn
|-fieldend|move: Trick Room
|c|★over 500|bop
|
|switch|p1a: Whimsicott|Whimsicott, F|261\/261
|turn|14
|
|move|p1a: Whimsicott|U-turn|p2a: Rhyperior
|-damage|p2a: Rhyperior|179\/434 brn
|c|★dingbat|ah fack
|
|switch|p1a: Vaporeon|Vaporeon, F|464\/464
|move|p2a: Rhyperior|Earthquake|p1a: Vaporeon
|-damage|p1a: Vaporeon|178\/464
|-damage|p2a: Rhyperior|136\/434 brn|[from] item: Life Orb
|
|-heal|p1a: Vaporeon|207\/464|[from] item: Leftovers
|-damage|p2a: Rhyperior|82\/434 brn|[from] brn
|turn|15
|c|★over 500|bop
|
|move|p1a: Vaporeon|Scald|p2a: Rhyperior
|-supereffective|p2a: Rhyperior
|-damage|p2a: Rhyperior|0 fnt
|faint|p2a: Rhyperior
|
|-heal|p1a: Vaporeon|236\/464|[from] item: Leftovers
|
|switch|p2a: Slowking|Slowking, M|336\/394 brn
|turn|16
|
|move|p1a: Vaporeon|Wish|p1a: Vaporeon
|move|p2a: Slowking|Trick Room|p2a: Slowking
|-fieldstart|move: Trick Room|[of] p2a: Slowking
|
|-heal|p1a: Vaporeon|265\/464|[from] item: Leftovers
|-damage|p2a: Slowking|287\/394 brn|[from] brn
|turn|17
|
|move|p2a: Slowking|Nasty Plot|p2a: Slowking
|-boost|p2a: Slowking|spa|2
|move|p1a: Vaporeon|Baton Pass|p1a: Vaporeon
|
|switch|p1a: DiggersBOP|Diggersby, F|311\/311
|
|-damage|p2a: Slowking|238\/394 brn|[from] brn
|turn|18
|
|switch|p1a: Vaporeon|Vaporeon, F|265\/464
|move|p2a: Slowking|Psyshock|p1a: Vaporeon
|-damage|p1a: Vaporeon|27\/464
|
|-heal|p1a: Vaporeon|56\/464|[from] item: Leftovers
|-damage|p2a: Slowking|189\/394 brn|[from] brn
|turn|19
|
|move|p1a: Vaporeon|Protect|p1a: Vaporeon
|-singleturn|p1a: Vaporeon|Protect
|move|p2a: Slowking|Psyshock|p1a: Vaporeon
|-activate|p1a: Vaporeon|Protect
|
|-heal|p1a: Vaporeon|85\/464|[from] item: Leftovers
|-damage|p2a: Slowking|140\/394 brn|[from] brn
|turn|20
|join|bleve
|
|switch|p1a: Whimsicott|Whimsicott, F|261\/261
|move|p2a: Slowking|Psyshock|p1a: Whimsicott
|-damage|p1a: Whimsicott|0 fnt
|faint|p1a: Whimsicott
|
|-damage|p2a: Slowking|91\/394 brn|[from] brn
|-fieldend|move: Trick Room
|
|switch|p1a: DiggersBOP|Diggersby, F|311\/311
|turn|21
|
|move|p1a: DiggersBOP|Earthquake|p2a: Slowking
|-damage|p2a: Slowking|0 fnt
|-damage|p1a: DiggersBOP|280\/311|[from] item: Life Orb
|faint|p2a: Slowking
|
|
|switch|p2a: Cofagrigus|Cofagrigus, M|320\/320
|turn|22
|c| bleve|is zygard uu?
|c| bleve|or kill
|c|★dingbat|ye
|c|★over 500|y
|
|switch|p1a: Vaporeon|Vaporeon, F|85\/464
|move|p2a: Cofagrigus|Trick Room|p2a: Cofagrigus
|-fieldstart|move: Trick Room|[of] p2a: Cofagrigus
|
|-heal|p1a: Vaporeon|114\/464|[from] item: Leftovers
|turn|23
|c| bleve|oh
|
|move|p1a: Vaporeon|Protect|p1a: Vaporeon
|-singleturn|p1a: Vaporeon|Protect
|move|p2a: Cofagrigus|Shadow Ball|p1a: Vaporeon
|-activate|p1a: Vaporeon|Protect
|
|-heal|p1a: Vaporeon|143\/464|[from] item: Leftovers
|turn|24
|c|★over 500|fukn
|
|switch|p1a: DiggersBOP|Diggersby, F|280\/311
|move|p2a: Cofagrigus|Nasty Plot|p2a: Cofagrigus
|-boost|p2a: Cofagrigus|spa|2
|
|turn|25
|
|switch|p1a: Vaporeon|Vaporeon, F|143\/464
|move|p2a: Cofagrigus|Hidden Power|p1a: Vaporeon
|-damage|p1a: Vaporeon|23\/464
|
|-heal|p1a: Vaporeon|52\/464|[from] item: Leftovers
|turn|26
|c| bleve|dudeman make diggers team
|c|★over 500|ya i will
|c|★over 500|didn't know it was usable
|
|move|p1a: Vaporeon|Protect|p1a: Vaporeon
|-singleturn|p1a: Vaporeon|Protect
|move|p2a: Cofagrigus|Shadow Ball|p1a: Vaporeon
|-activate|p1a: Vaporeon|Protect
|
|-heal|p1a: Vaporeon|81\/464|[from] item: Leftovers
|-fieldend|move: Trick Room
|turn|27
|c|★over 500|burn
|c|★over 500|burn
|
|move|p1a: Vaporeon|Scald|p2a: Cofagrigus
|-damage|p2a: Cofagrigus|229\/320
|move|p2a: Cofagrigus|Trick Room|p2a: Cofagrigus
|-fieldstart|move: Trick Room|[of] p2a: Cofagrigus
|
|-heal|p2a: Cofagrigus|249\/320|[from] item: Leftovers
|-heal|p1a: Vaporeon|110\/464|[from] item: Leftovers
|turn|28
|c|★over 500|burn
|c|★over 500|burn
|c|★over 500|burn
|c|★over 500|burn
|c|★over 500|epic
|
|move|p2a: Cofagrigus|Nasty Plot|p2a: Cofagrigus
|-boost|p2a: Cofagrigus|spa|2
|move|p1a: Vaporeon|Scald|p2a: Cofagrigus
|-damage|p2a: Cofagrigus|159\/320
|
|-heal|p2a: Cofagrigus|179\/320|[from] item: Leftovers
|-heal|p1a: Vaporeon|139\/464|[from] item: Leftovers
|turn|29
|c|★dingbat|lol
|
|move|p1a: Vaporeon|Protect|p1a: Vaporeon
|-singleturn|p1a: Vaporeon|Protect
|move|p2a: Cofagrigus|Hidden Power|p1a: Vaporeon
|-activate|p1a: Vaporeon|Protect
|
|-heal|p2a: Cofagrigus|199\/320|[from] item: Leftovers
|-heal|p1a: Vaporeon|168\/464|[from] item: Leftovers
|turn|30
|
|move|p2a: Cofagrigus|Shadow Ball|p1a: Vaporeon
|-damage|p1a: Vaporeon|0 fnt
|faint|p1a: Vaporeon
|
|-heal|p2a: Cofagrigus|219\/320|[from] item: Leftovers
|
|switch|p1a: Cobalion|Cobalion|323\/323
|turn|31
|
|move|p2a: Cofagrigus|Hidden Power|p1a: Cobalion
|-supereffective|p1a: Cobalion
|-damage|p1a: Cobalion|0 fnt
|faint|p1a: Cobalion
|
|-heal|p2a: Cofagrigus|239\/320|[from] item: Leftovers
|-fieldend|move: Trick Room
|
|switch|p1a: DiggersBOP|Diggersby, F|280\/311
|turn|32
|c|★over 500|i feel like you can win lol
|
|move|p1a: DiggersBOP|Earthquake|p2a: Cofagrigus
|-damage|p2a: Cofagrigus|31\/320
|-damage|p1a: DiggersBOP|249\/311|[from] item: Life Orb
|move|p2a: Cofagrigus|Trick Room|p2a: Cofagrigus
|-fieldstart|move: Trick Room|[of] p2a: Cofagrigus
|
|-heal|p2a: Cofagrigus|51\/320|[from] item: Leftovers
|turn|33
|c|★dingbat|nop
|c|★over 500|nb
|c|★over 500|gg
|
|move|p2a: Cofagrigus|Hidden Power|p1a: DiggersBOP
|-supereffective|p1a: DiggersBOP
|-damage|p1a: DiggersBOP|0 fnt
|faint|p1a: DiggersBOP
|
|win|over 500
|raw|Ladder updating...
|c|★dingbat|gg
|raw|dingbat's rating: 1630 &rarr; <strong>1602<\/strong><br \/>(-28 for losing)
|raw|over 500's rating: 1489 &rarr; <strong>1517<\/strong><br \/>(+28 for winning)
|c|★dingbat|str0nk