|join|dingbat
|join|Yellow Skarmory
|player|p1|dingbat|3
|player|p2|Yellow Skarmory|120
|gametype|singles
|gen|6
|tier|UU
|rule|Sleep Clause Mod: Limit one foe put to sleep
|rule|Species Clause: Limit one of each Pokémon
|rule|OHKO Clause: OHKO moves are banned
|rule|Moody Clause: Moody is banned
|rule|Evasion Moves Clause: Evasion moves are banned
|rule|Endless Battle Clause: Forcing endless battles is banned
|rule|HP Percentage Mod: HP is shown in percentages
|clearpoke
|poke|p1|Beedrill, F
|poke|p1|Rotom-Heat
|poke|p1|Vaporeon, M
|poke|p1|Gligar, M
|poke|p1|Machamp, F
|poke|p1|Celebi
|poke|p2|Yanmega, M
|poke|p2|Celebi
|poke|p2|Machamp, F
|poke|p2|Blastoise, M
|poke|p2|Florges, F
|poke|p2|Nidoqueen, F
|rule|Swagger Clause: Swagger is banned
|rule|Baton Pass Clause: Limit one Pokémon knowing Baton Pass
|teampreview
|
|start
|switch|p1a: Celebi|Celebi|404\/404
|switch|p2a: Nidoqueen|Nidoqueen, F|321\/321
|turn|1
|
|move|p2a: Nidoqueen|Sludge Wave|p1a: Celebi
|-supereffective|p1a: Celebi
|-damage|p1a: Celebi|131\/404
|move|p1a: Celebi|Psychic|p2a: Nidoqueen
|-supereffective|p2a: Nidoqueen
|-damage|p2a: Nidoqueen|93\/321
|
|-heal|p1a: Celebi|156\/404|[from] item: Leftovers
|turn|2
|
|switch|p1a: Vaporeon|Vaporeon, M|464\/464
|move|p2a: Nidoqueen|Sludge Wave|p1a: Vaporeon
|-damage|p1a: Vaporeon|291\/464
|
|-heal|p1a: Vaporeon|320\/464|[from] item: Leftovers
|turn|3
|
|switch|p2a: Celebi|Celebi|399\/399
|move|p1a: Vaporeon|Scald|p2a: Celebi
|-resisted|p2a: Celebi
|-damage|p2a: Celebi|350\/399
|
|-heal|p1a: Vaporeon|349\/464|[from] item: Leftovers
|turn|4
|
|switch|p1a: Rotom-Heat|Rotom-Heat|303\/303
|move|p2a: Celebi|Baton Pass|p2a: Celebi
|
|switch|p2a: Machamp|Machamp, F|322\/322
|
|turn|5
|
|move|p1a: Rotom-Heat|Volt Switch|p2a: Machamp
|-damage|p2a: Machamp|226\/322
|
|switch|p1a: Gligar|Gligar, M|334\/334
|move|p2a: Machamp|Close Combat|p1a: Gligar
|-resisted|p1a: Gligar
|-damage|p1a: Gligar|244\/334
|-unboost|p2a: Machamp|def|1
|-unboost|p2a: Machamp|spd|1
|
|turn|6
|
|switch|p2a: Blastoise|Blastoise, M|313\/313
|move|p1a: Gligar|U-turn|p2a: Blastoise
|-damage|p2a: Blastoise|272\/313
|raw|<div class="broadcast-red"><b>Moderated chat was set to +!<\/b><br \/>Only users of rank + and higher can talk.<\/div>
|c|★dingbat|no shit posting
|c|★dingbat|i promise
|
|switch|p1a: BUZZZZZZZZZZZZZZZ|Beedrill, F|272\/272
|
|turn|7
|join|LiberalLucario
|
|detailschange|p1a: BUZZZZZZZZZZZZZZZ|Beedrill-Mega, F
|-mega|p1a: BUZZZZZZZZZZZZZZZ|Beedrill|Beedrillite
|detailschange|p2a: Blastoise|Blastoise-Mega, M
|-mega|p2a: Blastoise|Blastoise|Blastoisinite
|move|p1a: BUZZZZZZZZZZZZZZZ|U-turn|p2a: Blastoise
|-damage|p2a: Blastoise|114\/313
|
|switch|p1a: Vaporeon|Vaporeon, M|349\/464
|move|p2a: Blastoise|Scald|p1a: Vaporeon
|-heal|p1a: Vaporeon|464\/464|[from] ability: Water Absorb|[of] p2a: Blastoise
|
|turn|8
|
|switch|p2a: Machamp|Machamp, F|226\/322
|move|p1a: Vaporeon|Wish|p1a: Vaporeon
|
|turn|9
|
|switch|p1a: Gligar|Gligar, M|244\/334
|move|p2a: Machamp|Ice Punch|p1a: Gligar
|-supereffective|p1a: Gligar
|-damage|p1a: Gligar|0 fnt
|faint|p1a: Gligar
|
|c|★dingbat|oo
|
|switch|p1a: BUZZZZZZZZZZZZZZZ|Beedrill-Mega, F|272\/272
|turn|10
|
|switch|p2a: Yanmega|Yanmega, M|313\/313
|move|p1a: BUZZZZZZZZZZZZZZZ|Poison Jab|p2a: Yanmega
|-damage|p2a: Yanmega|57\/313
|-status|p2a: Yanmega|psn
|
|-damage|p2a: Yanmega|18\/313 psn|[from] psn
|turn|11
|
|move|p2a: Yanmega|Protect|p2a: Yanmega
|-singleturn|p2a: Yanmega|Protect
|move|p1a: BUZZZZZZZZZZZZZZZ|Poison Jab|p2a: Yanmega
|-activate|p2a: Yanmega|Protect
|
|-damage|p2a: Yanmega|0 fnt|[from] psn
|faint|p2a: Yanmega
|
|switch|p2a: Celebi|Celebi|350\/399
|turn|12
|
|move|p2a: Celebi|Sucker Punch|p1a: BUZZZZZZZZZZZZZZZ
|-damage|p1a: BUZZZZZZZZZZZZZZZ|137\/272
|move|p1a: BUZZZZZZZZZZZZZZZ|U-turn|p2a: Celebi
|-supereffective|p2a: Celebi
|-damage|p2a: Celebi|0 fnt
|faint|p2a: Celebi
|
|switch|p1a: Celebi|Celebi|156\/404
|
|-heal|p1a: Celebi|181\/404|[from] item: Leftovers
|
|switch|p2a: Nidoqueen|Nidoqueen, F|93\/321
|turn|13
|
|move|p2a: Nidoqueen|Ice Beam|p1a: Celebi
|-supereffective|p1a: Celebi
|-damage|p1a: Celebi|0 fnt
|faint|p1a: Celebi
|
|
|switch|p1a: BUZZZZZZZZZZZZZZZ|Beedrill-Mega, F|137\/272
|turn|14
|c|★dingbat|no rocks :[
|
|switch|p2a: Blastoise|Blastoise-Mega, M|114\/313
|move|p1a: BUZZZZZZZZZZZZZZZ|Poison Jab|p2a: Blastoise
|-damage|p2a: Blastoise|0 fnt
|faint|p2a: Blastoise
|
|c|★dingbat|but eh doesn't matter too much
|c|★Yellow Skarmory|yeah
|
|switch|p2a: Machamp|Machamp, F|226\/322
|turn|15
|c|★dingbat|well if champ has bp
|
|switch|p1a: Rotom-Heat|Rotom-Heat|303\/303
|move|p2a: Machamp|Close Combat|p1a: Rotom-Heat
|-damage|p1a: Rotom-Heat|78\/303
|-unboost|p2a: Machamp|def|1
|-unboost|p2a: Machamp|spd|1
|
|-heal|p1a: Rotom-Heat|96\/303|[from] item: Leftovers
|turn|16
|
|switch|p2a: Nidoqueen|Nidoqueen, F|93\/321
|move|p1a: Rotom-Heat|Overheat|p2a: Nidoqueen
|-damage|p2a: Nidoqueen|0 fnt
|-unboost|p1a: Rotom-Heat|spa|2
|faint|p2a: Nidoqueen
|
|-heal|p1a: Rotom-Heat|114\/303|[from] item: Leftovers
|
|switch|p2a: Florges|Florges, F|360\/360
|turn|17
|c|★dingbat|didn't bother to teambuild lol
|
|move|p1a: Rotom-Heat|Volt Switch|p2a: Florges
|-damage|p2a: Florges|335\/360
|
|switch|p1a: BUZZZZZZZZZZZZZZZ|Beedrill-Mega, F|137\/272
|move|p2a: Florges|Moonblast|p1a: BUZZZZZZZZZZZZZZZ
|-resisted|p1a: BUZZZZZZZZZZZZZZZ
|-damage|p1a: BUZZZZZZZZZZZZZZZ|65\/272
|
|-heal|p2a: Florges|357\/360|[from] item: Leftovers
|turn|18
|
|move|p2a: Florges|Protect|p2a: Florges
|-singleturn|p2a: Florges|Protect
|move|p1a: BUZZZZZZZZZZZZZZZ|Poison Jab|p2a: Florges
|-activate|p2a: Florges|Protect
|
|-heal|p2a: Florges|360\/360|[from] item: Leftovers
|turn|19
|
|move|p1a: BUZZZZZZZZZZZZZZZ|Poison Jab|p2a: Florges
|-supereffective|p2a: Florges
|-damage|p2a: Florges|0 fnt
|faint|p2a: Florges
|
|
|switch|p2a: Machamp|Machamp, F|226\/322
|turn|20
|
|move|p1a: BUZZZZZZZZZZZZZZZ|Poison Jab|p2a: Machamp
|-damage|p2a: Machamp|0 fnt
|faint|p2a: Machamp
|
|win|dingbat
|c|★dingbat|beedrill was irritating for ur team :z
|c|★dingbat|gg
|c|★Yellow Skarmory|ik