|join|tradekaiser
|join|Projeffboy
|player|p1|tradekaiser|1
|player|p2|Projeffboy|270
|gametype|singles
|gen|6
|tier|OU
|rated
|clearpoke
|poke|p1|Gyarados, F
|poke|p1|Heatran, M
|poke|p1|Latias, F
|poke|p1|Thundurus, M
|poke|p1|Conkeldurr, F
|poke|p1|Landorus-Therian, M
|poke|p2|Bisharp, M
|poke|p2|Slowbro, M
|poke|p2|Venusaur, F
|poke|p2|Keldeo
|poke|p2|Entei, shiny
|poke|p2|Landorus-Therian, M
|rule|Swagger Clause: Swagger is banned
|rule|Baton Pass Clause: Limit one Pokémon knowing Baton Pass
|rule|Sleep Clause Mod: Limit one foe put to sleep
|rule|Species Clause: Limit one of each Pokémon
|rule|OHKO Clause: OHKO moves are banned
|rule|Moody Clause: Moody is banned
|rule|Evasion Moves Clause: Evasion moves are banned
|rule|Endless Battle Clause: Forcing endless battles is banned
|rule|HP Percentage Mod: HP is shown in percentages
|teampreview
|
|start
|switch|p1a: Landorus-Therian|Landorus-Therian, M|319\/319
|switch|p2a: Landorus-Therian|Landorus-Therian, M|382\/382
|-ability|p1a: Landorus-Therian|Intimidate|[of] p2a: Landorus-Therian
|-unboost|p2a: Landorus-Therian|atk|1
|-ability|p2a: Landorus-Therian|Intimidate|[of] p1a: Landorus-Therian
|-unboost|p1a: Landorus-Therian|atk|1
|turn|1
|
|move|p1a: Landorus-Therian|Knock Off|p2a: Landorus-Therian
|-damage|p2a: Landorus-Therian|309\/382
|-enditem|p2a: Landorus-Therian|Leftovers|[from] move: Knock Off|[of] p1a: Landorus-Therian
|move|p2a: Landorus-Therian|Knock Off|p1a: Landorus-Therian
|-damage|p1a: Landorus-Therian|245\/319
|-enditem|p1a: Landorus-Therian|Choice Scarf|[from] move: Knock Off|[of] p2a: Landorus-Therian
|
|turn|2
|
|move|p1a: Landorus-Therian|U-turn|p2a: Landorus-Therian
|-resisted|p2a: Landorus-Therian
|-damage|p2a: Landorus-Therian|285\/382
|
|switch|p1a: Conkeldurr|Conkeldurr, F|351\/351
|move|p2a: Landorus-Therian|Stealth Rock|p1a: Conkeldurr
|-sidestart|p1: tradekaiser|move: Stealth Rock
|
|turn|3
|
|move|p2a: Landorus-Therian|Knock Off|p1a: Conkeldurr
|-resisted|p1a: Conkeldurr
|-damage|p1a: Conkeldurr|313\/351
|-enditem|p1a: Conkeldurr|Assault Vest|[from] move: Knock Off|[of] p2a: Landorus-Therian
|move|p1a: Conkeldurr|Ice Punch|p2a: Landorus-Therian
|-supereffective|p2a: Landorus-Therian
|-damage|p2a: Landorus-Therian|0 fnt
|faint|p2a: Landorus-Therian
|
|
|switch|p2a: Slowbro|Slowbro, M|394\/394
|turn|4
|
|move|p1a: Conkeldurr|Poison Jab|p2a: Slowbro
|-damage|p2a: Slowbro|324\/394
|move|p2a: Slowbro|Psyshock|p1a: Conkeldurr
|-supereffective|p1a: Conkeldurr
|-damage|p1a: Conkeldurr|131\/351
|
|-heal|p2a: Slowbro|348\/394|[from] item: Leftovers
|turn|5
|
|move|p1a: Conkeldurr|Poison Jab|p2a: Slowbro
|-damage|p2a: Slowbro|272\/394
|move|p2a: Slowbro|Scald|p1a: Conkeldurr
|-damage|p1a: Conkeldurr|35\/351
|
|-heal|p2a: Slowbro|296\/394|[from] item: Leftovers
|turn|6
|
|move|p1a: Conkeldurr|Poison Jab|p2a: Slowbro
|-damage|p2a: Slowbro|223\/394
|move|p2a: Slowbro|Psyshock|p1a: Conkeldurr
|-supereffective|p1a: Conkeldurr
|-damage|p1a: Conkeldurr|0 fnt
|faint|p1a: Conkeldurr
|
|-heal|p2a: Slowbro|247\/394|[from] item: Leftovers
|
|switch|p1a: Latias|Latias, F|319\/319
|-damage|p1a: Latias|280\/319|[from] Stealth Rock
|turn|7
|
|switch|p2a: Venusaur|Venusaur, F|364\/364
|move|p1a: Latias|Defog|p2a: Venusaur
|-unboost|p2a: Venusaur|evasion|1
|-sideend|p1: tradekaiser|Stealth Rock|[from] move: Defog|[of] p1a: Latias
|
|turn|8
|
|detailschange|p2a: Venusaur|Venusaur-Mega, F
|message|Venusaur has Mega Evolved into Mega Venusaur!
|move|p1a: Latias|Psyshock|p2a: Venusaur
|-crit|p2a: Venusaur
|-supereffective|p2a: Venusaur
|-damage|p2a: Venusaur|3\/364
|-damage|p1a: Latias|249\/319|[from] item: Life Orb
|move|p2a: Venusaur|Sleep Powder|p1a: Latias
|-status|p1a: Latias|slp
|
|turn|9
|
|switch|p1a: Landorus-Therian|Landorus-Therian, M|245\/319
|-ability|p1a: Landorus-Therian|Intimidate|[of] p2a: Venusaur
|-unboost|p2a: Venusaur|atk|1
|move|p2a: Venusaur|Synthesis|p2a: Venusaur
|-heal|p2a: Venusaur|185\/364
|
|turn|10
|
|move|p1a: Landorus-Therian|Earthquake|p2a: Venusaur
|-damage|p2a: Venusaur|25\/364
|move|p2a: Venusaur|Synthesis|p2a: Venusaur
|-heal|p2a: Venusaur|207\/364
|
|turn|11
|
|move|p1a: Landorus-Therian|Earthquake|p2a: Venusaur
|-crit|p2a: Venusaur
|-damage|p2a: Venusaur|0 fnt
|faint|p2a: Venusaur
|
|
|switch|p2a: Keldeo|Keldeo|323\/323
|turn|12
|
|move|p2a: Keldeo|Scald|p1a: Landorus-Therian
|-supereffective|p1a: Landorus-Therian
|-damage|p1a: Landorus-Therian|0 fnt
|faint|p1a: Landorus-Therian
|
|
|switch|p1a: Thundurus|Thundurus, M|299\/299
|turn|13
|
|move|p2a: Keldeo|Scald|p1a: Thundurus
|-damage|p1a: Thundurus|121\/299
|move|p1a: Thundurus|Thunderbolt|p2a: Keldeo
|-supereffective|p2a: Keldeo
|-damage|p2a: Keldeo|11\/323
|
|-heal|p1a: Thundurus|139\/299|[from] item: Leftovers
|turn|14
|
|switch|p1a: Latias|Latias, F|249\/319 slp
|move|p2a: Keldeo|Scald|p1a: Latias
|-resisted|p1a: Latias
|-damage|p1a: Latias|194\/319 slp
|
|turn|15
|
|switch|p2a: Bisharp|Bisharp, M|271\/271
|cant|p1a: Latias|slp
|
|turn|16
|
|switch|p1a: Heatran|Heatran, M|385\/385
|move|p2a: Bisharp|Knock Off|p1a: Heatran
|-damage|p1a: Heatran|155\/385
|-enditem|p1a: Heatran|Leftovers|[from] move: Knock Off|[of] p2a: Bisharp
|-damage|p2a: Bisharp|244\/271|[from] item: Life Orb
|
|turn|17
|
|switch|p2a: Slowbro|Slowbro, M|378\/394
|move|p1a: Heatran|Stealth Rock|p2a: Slowbro
|-sidestart|p2: Projeffboy|move: Stealth Rock
|
|-heal|p2a: Slowbro|394\/394|[from] item: Leftovers
|turn|18
|
|move|p1a: Heatran|Lava Plume|p2a: Slowbro
|-resisted|p2a: Slowbro
|-damage|p2a: Slowbro|322\/394
|move|p2a: Slowbro|Scald|p1a: Heatran
|-supereffective|p1a: Heatran
|-damage|p1a: Heatran|11\/385
|
|-heal|p2a: Slowbro|346\/394|[from] item: Leftovers
|turn|19
|
|move|p1a: Heatran|Lava Plume|p2a: Slowbro
|-resisted|p2a: Slowbro
|-damage|p2a: Slowbro|273\/394
|move|p2a: Slowbro|Scald|p1a: Heatran
|-supereffective|p1a: Heatran
|-damage|p1a: Heatran|0 fnt
|faint|p1a: Heatran
|
|-heal|p2a: Slowbro|297\/394|[from] item: Leftovers
|
|switch|p1a: Thundurus|Thundurus, M|139\/299
|turn|20
|
|switch|p2a: Keldeo|Keldeo|11\/323
|-damage|p2a: Keldeo|0 fnt|[from] Stealth Rock
|faint|p2a: Keldeo
|move|p1a: Thundurus|Thunderbolt|p2: Keldeo|[notarget]
|-notarget
|
|-heal|p1a: Thundurus|157\/299|[from] item: Leftovers
|
|switch|p2a: Entei|Entei, shiny|371\/371
|-damage|p2a: Entei|279\/371|[from] Stealth Rock
|-ability|p2a: Entei|Pressure
|turn|21
|
|switch|p1a: Latias|Latias, F|194\/319 slp
|move|p2a: Entei|Extreme Speed|p1a: Latias
|-damage|p1a: Latias|36\/319 slp
|
|turn|22
|
|move|p2a: Entei|Extreme Speed|p1a: Latias
|-damage|p1a: Latias|0 fnt
|faint|p1a: Latias
|
|
|switch|p1a: Gyarados|Gyarados, F|331\/331
|-ability|p1a: Gyarados|Intimidate|[of] p2a: Entei
|-unboost|p2a: Entei|atk|1
|turn|23
|
|switch|p2a: Slowbro|Slowbro, M|394\/394
|-damage|p2a: Slowbro|345\/394|[from] Stealth Rock
|detailschange|p1a: Gyarados|Gyarados-Mega, F
|message|Gyarados has Mega Evolved into Mega Gyarados!
|-ability|p1a: Gyarados|Mold Breaker
|move|p1a: Gyarados|Dragon Dance|p1a: Gyarados
|-boost|p1a: Gyarados|atk|1
|-boost|p1a: Gyarados|spe|1
|
|-heal|p2a: Slowbro|369\/394|[from] item: Leftovers
|turn|24
|
|move|p1a: Gyarados|Earthquake|p2a: Slowbro
|-damage|p2a: Slowbro|229\/394
|move|p2a: Slowbro|Toxic|p1a: Gyarados
|-status|p1a: Gyarados|tox
|
|-heal|p2a: Slowbro|253\/394|[from] item: Leftovers
|-damage|p1a: Gyarados|311\/331 tox|[from] psn
|turn|25
|
|move|p1a: Gyarados|Earthquake|p2a: Slowbro
|-damage|p2a: Slowbro|108\/394
|move|p2a: Slowbro|Scald|p1a: Gyarados
|-crit|p1a: Gyarados
|-resisted|p1a: Gyarados
|-damage|p1a: Gyarados|252\/331 tox
|
|-heal|p2a: Slowbro|132\/394|[from] item: Leftovers
|-damage|p1a: Gyarados|212\/331 tox|[from] psn
|turn|26
|
|switch|p2a: Bisharp|Bisharp, M|244\/271
|-damage|p2a: Bisharp|228\/271|[from] Stealth Rock
|move|p1a: Gyarados|Earthquake|p2a: Bisharp
|-supereffective|p2a: Bisharp
|-damage|p2a: Bisharp|0 fnt
|faint|p2a: Bisharp
|
|-damage|p1a: Gyarados|152\/331 tox|[from] psn
|
|switch|p2a: Slowbro|Slowbro, M|263\/394
|-damage|p2a: Slowbro|214\/394|[from] Stealth Rock
|turn|27
|
|move|p1a: Gyarados|Earthquake|p2a: Slowbro
|-damage|p2a: Slowbro|61\/394
|move|p2a: Slowbro|Slack Off|p2a: Slowbro
|-heal|p2a: Slowbro|258\/394
|
|-heal|p2a: Slowbro|282\/394|[from] item: Leftovers
|-damage|p1a: Gyarados|72\/331 tox|[from] psn
|turn|28
|
|switch|p1a: Thundurus|Thundurus, M|157\/299
|move|p2a: Slowbro|Slack Off|p2a: Slowbro
|-heal|p2a: Slowbro|394\/394
|
|-heal|p1a: Thundurus|175\/299|[from] item: Leftovers
|turn|29
|
|move|p1a: Thundurus|Nasty Plot|p1a: Thundurus
|-boost|p1a: Thundurus|spa|2
|move|p2a: Slowbro|Scald|p1a: Thundurus
|-damage|p1a: Thundurus|60\/299
|
|-heal|p1a: Thundurus|78\/299|[from] item: Leftovers
|turn|30
|
|move|p1a: Thundurus|Thunderbolt|p2a: Slowbro
|-supereffective|p2a: Slowbro
|-damage|p2a: Slowbro|0 fnt
|faint|p2a: Slowbro
|
|-heal|p1a: Thundurus|96\/299|[from] item: Leftovers
|
|switch|p2a: Entei|Entei, shiny|279\/371
|-damage|p2a: Entei|187\/371|[from] Stealth Rock
|-ability|p2a: Entei|Pressure
|turn|31
|
|move|p2a: Entei|Extreme Speed|p1a: Thundurus
|-damage|p1a: Thundurus|0 fnt
|faint|p1a: Thundurus
|
|
|switch|p1a: Gyarados|Gyarados-Mega, F|72\/331 tox
|-ability|p1a: Gyarados|Mold Breaker
|turn|32
|
|move|p2a: Entei|Extreme Speed|p1a: Gyarados
|-damage|p1a: Gyarados|0 fnt
|faint|p1a: Gyarados
|
|win|Projeffboy
|raw|Ladder updating...
|raw|tradekaiser's rating: 1604 &rarr; <strong>1582<\/strong><br \/>(-22 for losing)
|raw|Projeffboy's rating: 1573 &rarr; <strong>1595<\/strong><br \/>(+22 for winning)