|join|Tradekaiser
|join|Shaishen
|player|p1|Tradekaiser|170
|player|p2|Shaishen|2
|gametype|singles
|gen|6
|tier|OU
|rated
|clearpoke
|poke|p1|Infernape, M
|poke|p1|Gardevoir, M
|poke|p1|Gengar, F
|poke|p1|Excadrill, F
|poke|p1|Staraptor, M
|poke|p1|Rotom-Wash
|poke|p2|Gengar, M
|poke|p2|Dragonite, F
|poke|p2|Blastoise, M
|poke|p2|Venusaur, M
|poke|p2|Alakazam, M
|poke|p2|Charizard, F
|rule|Swagger Clause: Swagger is banned
|rule|Baton Pass Clause: Limit one Pokémon knowing Baton Pass
|rule|Sleep Clause Mod: Limit one foe put to sleep
|rule|Species Clause: Limit one of each Pokémon
|rule|OHKO Clause: OHKO moves are banned
|rule|Moody Clause: Moody is banned
|rule|Evasion Moves Clause: Evasion moves are banned
|rule|Endless Battle Clause: Forcing endless battles is banned
|rule|HP Percentage Mod: HP is shown in percentages
|teampreview
|
|start
|switch|p1a: Staraptor|Staraptor, M|311\/311
|switch|p2a: Charizard|Charizard, F|298\/298
|turn|1
|
|detailschange|p2a: Charizard|Charizard-Mega-Y, F
|message|Charizard has Mega Evolved into Mega Charizard!
|-weather|SunnyDay
|move|p1a: Staraptor|Brave Bird|p2a: Charizard
|-damage|p2a: Charizard|22\/298
|-damage|p1a: Staraptor|220\/311|[from] recoil|[of] p2a: Charizard
|move|p2a: Charizard|Flamethrower|p1a: Staraptor
|-damage|p1a: Staraptor|0 fnt
|faint|p1a: Staraptor
|
|-weather|SunnyDay|[upkeep]
|
|switch|p1a: Infernape|Infernape, M|293\/293
|turn|2
|
|switch|p2a: Blastoise|Blastoise, M|362\/362
|move|p1a: Infernape|Mach Punch|p2a: Blastoise
|-damage|p2a: Blastoise|280\/362
|-damage|p1a: Infernape|264\/293|[from] item: Life Orb
|
|-weather|SunnyDay|[upkeep]
|turn|3
|
|move|p1a: Infernape|Close Combat|p2a: Blastoise
|-damage|p2a: Blastoise|42\/362
|-unboost|p1a: Infernape|def|1
|-unboost|p1a: Infernape|spd|1
|-damage|p1a: Infernape|235\/293|[from] item: Life Orb
|move|p2a: Blastoise|Power-Up Punch|p1a: Infernape
|-damage|p1a: Infernape|161\/293
|-boost|p2a: Blastoise|atk|1
|
|-weather|SunnyDay|[upkeep]
|turn|4
|
|move|p2a: Blastoise|Aqua Jet|p1a: Infernape
|-supereffective|p1a: Infernape
|-damage|p1a: Infernape|0 fnt
|faint|p1a: Infernape
|
|-weather|SunnyDay|[upkeep]
|
|switch|p1a: Gardevoir|Gardevoir, M|277\/277
|-ability|p1a: Gardevoir|Torrent|[from] ability: Trace|[of] p2a: Blastoise
|turn|5
|
|detailschange|p1a: Gardevoir|Gardevoir-Mega, M
|message|Gardevoir has Mega Evolved into Mega Gardevoir!
|move|p2a: Blastoise|Aqua Jet|p1a: Gardevoir
|-damage|p1a: Gardevoir|195\/277
|move|p1a: Gardevoir|Hyper Voice|p2a: Blastoise
|-damage|p2a: Blastoise|0 fnt
|faint|p2a: Blastoise
|
|-weather|none
|
|switch|p2a: Charizard|Charizard-Mega-Y, F|22\/298
|-weather|SunnyDay
|turn|6
|
|move|p1a: Gardevoir|Psyshock|p2a: Charizard
|-damage|p2a: Charizard|0 fnt
|faint|p2a: Charizard
|
|-weather|SunnyDay|[upkeep]
|
|switch|p2a: Venusaur|Venusaur, M|302\/302
|turn|7
|
|move|p2a: Venusaur|Sludge Bomb|p1a: Gardevoir
|-supereffective|p1a: Gardevoir
|-damage|p1a: Gardevoir|0 fnt
|faint|p1a: Gardevoir
|
|-weather|SunnyDay|[upkeep]
|
|switch|p1a: Gengar|Gengar, F|268\/268
|turn|8
|
|switch|p2a: Gengar|Gengar, M|262\/262
|move|p1a: Gengar|Substitute|p1a: Gengar
|-start|p1a: Gengar|Substitute
|-damage|p1a: Gengar|201\/268
|
|-weather|SunnyDay|[upkeep]
|-heal|p1a: Gengar|217\/268|[from] item: Black Sludge
|turn|9
|
|move|p1a: Gengar|Shadow Ball|p2a: Gengar
|-supereffective|p2a: Gengar
|-enditem|p2a: Gengar|Focus Sash
|-damage|p2a: Gengar|1\/262
|-unboost|p2a: Gengar|spd|1
|move|p2a: Gengar|Hex|p1a: Gengar
|-supereffective|p1a: Gengar
|-end|p1a: Gengar|Substitute
|
|-weather|SunnyDay|[upkeep]
|-heal|p1a: Gengar|233\/268|[from] item: Black Sludge
|turn|10
|
|move|p2a: Gengar|Hex|p1a: Gengar
|-supereffective|p1a: Gengar
|-damage|p1a: Gengar|0 fnt
|faint|p1a: Gengar
|
|-weather|none
|
|switch|p1a: Rotom-Wash|Rotom-Wash|304\/304
|turn|11
|
|move|p2a: Gengar|Sludge Bomb|p1a: Rotom-Wash
|-damage|p1a: Rotom-Wash|145\/304
|move|p1a: Rotom-Wash|Hydro Pump|p2a: Gengar
|-damage|p2a: Gengar|0 fnt
|faint|p2a: Gengar
|
|
|switch|p2a: Venusaur|Venusaur, M|302\/302
|turn|12
|
|move|p2a: Venusaur|Giga Drain|p1a: Rotom-Wash
|-supereffective|p1a: Rotom-Wash
|-damage|p1a: Rotom-Wash|0 fnt
|faint|p1a: Rotom-Wash
|
|
|switch|p1a: Excadrill|Excadrill, F|361\/361
|-ability|p1a: Excadrill|Mold Breaker
|-item|p1a: Excadrill|Air Balloon
|turn|13
|
|move|p1a: Excadrill|Earthquake|p2a: Venusaur
|-damage|p2a: Venusaur|50\/302
|move|p2a: Venusaur|Giga Drain|p1a: Excadrill
|-damage|p1a: Excadrill|189\/361
|-heal|p2a: Venusaur|136\/302|[from] drain|[of] p1a: Excadrill
|-enditem|p1a: Excadrill|Air Balloon
|
|-heal|p2a: Venusaur|154\/302|[from] item: Leftovers
|turn|14
|
|move|p1a: Excadrill|Earthquake|p2a: Venusaur
|-damage|p2a: Venusaur|0 fnt
|faint|p2a: Venusaur
|
|
|switch|p2a: Alakazam|Alakazam, M|252\/252
|turn|15
|
|move|p2a: Alakazam|Hidden Power|p1a: Excadrill
|-supereffective|p1a: Excadrill
|-damage|p1a: Excadrill|0 fnt
|faint|p1a: Excadrill
|
|win|Shaishen
|raw|Ladder updating...
|raw|Tradekaiser's rating: 1508 &rarr; <strong>1480<\/strong><br \/>(-28 for losing)
|raw|Shaishen's rating: 1375 &rarr; <strong>1403<\/strong><br \/>(+28 for winning)