|join|Alkov
|join|Kai690
|player|p1|Alkov|256
|player|p2|Kai690|266
|gametype|singles
|gen|6
|tier|OU
|rated
|clearpoke
|poke|p1|Gengar, M, shiny
|poke|p1|Scizor, M
|poke|p1|Landorus, M
|poke|p1|Heatran, F
|poke|p1|Slowbro, M
|poke|p1|Conkeldurr, M
|poke|p2|Gyarados, F
|poke|p2|Thundurus-Therian, M
|poke|p2|Landorus-Therian, M
|poke|p2|Scizor, F
|poke|p2|Latias, F
|poke|p2|Conkeldurr, F
|rule|Swagger Clause: Swagger is banned
|rule|Baton Pass Clause: Limit one Pokémon knowing Baton Pass
|rule|Sleep Clause Mod: Limit one foe put to sleep
|rule|Species Clause: Limit one of each Pokémon
|rule|OHKO Clause: OHKO moves are banned
|rule|Moody Clause: Moody is banned
|rule|Evasion Moves Clause: Evasion moves are banned
|rule|Endless Battle Clause: Forcing endless battles is banned
|rule|HP Percentage Mod: HP is shown in percentages
|teampreview
|
|start
|switch|p1a: Slowbro|Slowbro, M|394\/394
|switch|p2a: Landorus-Therian|Landorus-Therian, M|382\/382
|-ability|p2a: Landorus-Therian|Intimidate|[of] p1a: Slowbro
|-unboost|p1a: Slowbro|atk|1
|turn|1
|
|move|p2a: Landorus-Therian|U-turn|p1a: Slowbro
|-supereffective|p1a: Slowbro
|-damage|p1a: Slowbro|278\/394
|
|switch|p2a: Conkeldurr|Conkeldurr, F|365\/365
|move|p1a: Slowbro|Scald|p2a: Conkeldurr
|-damage|p2a: Conkeldurr|301\/365
|
|-heal|p1a: Slowbro|302\/394|[from] item: Leftovers
|turn|2
|
|switch|p1a: Scizor|Scizor, M|344\/344
|move|p2a: Conkeldurr|Thunder Punch|p1a: Scizor
|-damage|p1a: Scizor|260\/344
|
|turn|3
|
|switch|p2a: Landorus-Therian|Landorus-Therian, M|382\/382
|-ability|p2a: Landorus-Therian|Intimidate|[of] p1a: Scizor
|-unboost|p1a: Scizor|atk|1
|detailschange|p1a: Scizor|Scizor-Mega, M
|message|Scizor has Mega Evolved into Mega Scizor!
|move|p1a: Scizor|Knock Off|p2a: Landorus-Therian
|-damage|p2a: Landorus-Therian|315\/382
|-enditem|p2a: Landorus-Therian|Yache Berry|[from] move: Knock Off|[of] p1a: Scizor
|
|turn|4
|
|move|p2a: Landorus-Therian|Earthquake|p1a: Scizor
|-damage|p1a: Scizor|158\/344
|move|p1a: Scizor|Roost|p1a: Scizor
|-heal|p1a: Scizor|330\/344
|
|turn|5
|
|move|p2a: Landorus-Therian|U-turn|p1a: Scizor
|-resisted|p1a: Scizor
|-damage|p1a: Scizor|306\/344
|
|switch|p2a: Gyarados|Gyarados, F|347\/347
|-ability|p2a: Gyarados|Intimidate|[of] p1a: Scizor
|-unboost|p1a: Scizor|atk|1
|move|p1a: Scizor|Swords Dance|p1a: Scizor
|-boost|p1a: Scizor|atk|2
|
|turn|6
|
|switch|p1a: Slowbro|Slowbro, M|394\/394
|move|p2a: Gyarados|Substitute|p2a: Gyarados
|-start|p2a: Gyarados|Substitute
|-damage|p2a: Gyarados|261\/347
|
|-heal|p2a: Gyarados|282\/347|[from] item: Leftovers
|turn|7
|
|move|p2a: Gyarados|Dragon Dance|p2a: Gyarados
|-boost|p2a: Gyarados|atk|1
|-boost|p2a: Gyarados|spe|1
|move|p1a: Slowbro|Psyshock|p2a: Gyarados
|-end|p2a: Gyarados|Substitute
|
|-heal|p2a: Gyarados|303\/347|[from] item: Leftovers
|turn|8
|
|move|p2a: Gyarados|Bounce|p1a: Slowbro|[still]
|-prepare|p2a: Gyarados|Bounce|p1a: Slowbro
|move|p1a: Slowbro|Psyshock|p2a: Gyarados|[miss]
|-miss|p1a: Slowbro|p2a: Gyarados
|
|-heal|p2a: Gyarados|324\/347|[from] item: Leftovers
|turn|9
|
|move|p2a: Gyarados|Bounce|p1a: Slowbro
|-damage|p1a: Slowbro|234\/394
|move|p1a: Slowbro|Thunder Wave|p2a: Gyarados
|-status|p2a: Gyarados|par
|
|-heal|p2a: Gyarados|345\/347 par|[from] item: Leftovers
|-heal|p1a: Slowbro|258\/394|[from] item: Leftovers
|turn|10
|
|move|p2a: Gyarados|Waterfall|p1a: Slowbro
|-resisted|p1a: Slowbro
|-damage|p1a: Slowbro|189\/394
|move|p1a: Slowbro|Psyshock|p2a: Gyarados
|-crit|p2a: Gyarados
|-damage|p2a: Gyarados|182\/347 par
|
|-heal|p2a: Gyarados|203\/347 par|[from] item: Leftovers
|-heal|p1a: Slowbro|213\/394|[from] item: Leftovers
|turn|11
|
|move|p2a: Gyarados|Bounce|p1a: Slowbro|[still]
|-prepare|p2a: Gyarados|Bounce|p1a: Slowbro
|move|p1a: Slowbro|Slack Off|p1a: Slowbro
|-heal|p1a: Slowbro|394\/394
|
|-heal|p2a: Gyarados|224\/347 par|[from] item: Leftovers
|turn|12
|
|move|p2a: Gyarados|Bounce|p1a: Slowbro
|-damage|p1a: Slowbro|244\/394
|move|p1a: Slowbro|Psyshock|p2a: Gyarados
|-damage|p2a: Gyarados|107\/347 par
|
|-heal|p2a: Gyarados|128\/347 par|[from] item: Leftovers
|-heal|p1a: Slowbro|268\/394|[from] item: Leftovers
|turn|13
|
|switch|p2a: Conkeldurr|Conkeldurr, F|301\/365
|move|p1a: Slowbro|Slack Off|p1a: Slowbro
|-heal|p1a: Slowbro|394\/394
|
|turn|14
|
|switch|p1a: Scizor|Scizor-Mega, M|306\/344
|move|p2a: Conkeldurr|Thunder Punch|p1a: Scizor
|-damage|p1a: Scizor|243\/344
|
|turn|15
|
|switch|p2a: Gyarados|Gyarados, F|128\/347 par
|-ability|p2a: Gyarados|Intimidate|[of] p1a: Scizor
|-unboost|p1a: Scizor|atk|1
|move|p1a: Scizor|Swords Dance|p1a: Scizor
|-boost|p1a: Scizor|atk|2
|
|-heal|p2a: Gyarados|149\/347 par|[from] item: Leftovers
|turn|16
|
|switch|p2a: Landorus-Therian|Landorus-Therian, M|315\/382
|-ability|p2a: Landorus-Therian|Intimidate|[of] p1a: Scizor
|-unboost|p1a: Scizor|atk|1
|move|p1a: Scizor|Swords Dance|p1a: Scizor
|-boost|p1a: Scizor|atk|2
|
|turn|17
|
|switch|p2a: Gyarados|Gyarados, F|149\/347 par
|-ability|p2a: Gyarados|Intimidate|[of] p1a: Scizor
|-unboost|p1a: Scizor|atk|1
|move|p1a: Scizor|Roost|p1a: Scizor
|-heal|p1a: Scizor|344\/344
|
|-heal|p2a: Gyarados|170\/347 par|[from] item: Leftovers
|turn|18
|
|switch|p2a: Thundurus-Therian|Thundurus-Therian, M|300\/300
|move|p1a: Scizor|Swords Dance|p1a: Scizor
|-boost|p1a: Scizor|atk|2
|
|turn|19
|
|move|p2a: Thundurus-Therian|Thunderbolt|p1a: Scizor
|-damage|p1a: Scizor|145\/344
|-status|p1a: Scizor|par
|cant|p1a: Scizor|par
|
|turn|20
|c|★Alkov|zzzz
|c|★Alkov|nice hax
|
|switch|p1a: Heatran|Heatran, F|386\/386
|move|p2a: Thundurus-Therian|Thunderbolt|p1a: Heatran
|-damage|p1a: Heatran|250\/386
|
|-heal|p1a: Heatran|274\/386|[from] item: Leftovers
|turn|21
|c|★Kai690|thx
|
|switch|p2a: Conkeldurr|Conkeldurr, F|301\/365
|move|p1a: Heatran|Stealth Rock|p2a: Conkeldurr
|-sidestart|p2: Kai690|move: Stealth Rock
|
|-heal|p1a: Heatran|298\/386|[from] item: Leftovers
|turn|22
|
|switch|p1a: Scizor|Scizor-Mega, M|145\/344 par
|move|p2a: Conkeldurr|Drain Punch|p1a: Scizor
|-damage|p1a: Scizor|49\/344 par
|-heal|p2a: Conkeldurr|349\/365|[from] drain|[of] p1a: Scizor
|
|turn|23
|
|switch|p1a: Landorus|Landorus, M|319\/319
|move|p2a: Conkeldurr|Mach Punch|p1a: Landorus
|-resisted|p1a: Landorus
|-damage|p1a: Landorus|277\/319
|
|turn|24
|
|move|p1a: Landorus|Psychic|p2a: Conkeldurr
|-supereffective|p2a: Conkeldurr
|-damage|p2a: Conkeldurr|94\/365
|move|p2a: Conkeldurr|Ice Punch|p1a: Landorus
|-supereffective|p1a: Landorus
|-damage|p1a: Landorus|0 fnt
|faint|p1a: Landorus
|
|
|switch|p1a: Gengar|Gengar, M, shiny|268\/268
|turn|25
|
|move|p1a: Gengar|Shadow Ball|p2a: Conkeldurr
|-damage|p2a: Conkeldurr|0 fnt
|faint|p2a: Conkeldurr
|
|
|switch|p2a: Scizor|Scizor, F|343\/343
|-damage|p2a: Scizor|301\/343|[from] Stealth Rock
|turn|26
|
|detailschange|p2a: Scizor|Scizor-Mega, F
|message|Scizor has Mega Evolved into Mega Scizor!
|move|p1a: Gengar|Will-O-Wisp|p2a: Scizor
|-status|p2a: Scizor|brn
|move|p2a: Scizor|Knock Off|p1a: Gengar
|-supereffective|p1a: Gengar
|-damage|p1a: Gengar|86\/268
|-enditem|p1a: Gengar|Black Sludge|[from] move: Knock Off|[of] p2a: Scizor
|
|-damage|p2a: Scizor|259\/343 brn|[from] brn
|turn|27
|
|switch|p1a: Heatran|Heatran, F|298\/386
|move|p2a: Scizor|Knock Off|p1a: Heatran
|-damage|p1a: Heatran|241\/386
|-enditem|p1a: Heatran|Leftovers|[from] move: Knock Off|[of] p2a: Scizor
|
|-damage|p2a: Scizor|217\/343 brn|[from] brn
|turn|28
|
|switch|p2a: Gyarados|Gyarados, F|170\/347 par
|-damage|p2a: Gyarados|84\/347 par|[from] Stealth Rock
|-ability|p2a: Gyarados|Intimidate|[of] p1a: Heatran
|-unboost|p1a: Heatran|atk|1
|move|p1a: Heatran|Roar|p2a: Gyarados
|drag|p2a: Landorus-Therian|Landorus-Therian, M|315\/382
|-damage|p2a: Landorus-Therian|268\/382|[from] Stealth Rock
|-ability|p2a: Landorus-Therian|Intimidate|[of] p1a: Heatran
|-unboost|p1a: Heatran|atk|1
|
|turn|29
|
|switch|p1a: Scizor|Scizor-Mega, M|49\/344 par
|move|p2a: Landorus-Therian|Stealth Rock|p1a: Scizor
|-sidestart|p1: Alkov|move: Stealth Rock
|
|turn|30
|
|move|p2a: Landorus-Therian|Earthquake|p1a: Scizor
|-damage|p1a: Scizor|0 fnt
|faint|p1a: Scizor
|
|
|switch|p1a: Conkeldurr|Conkeldurr, M|414\/414
|-damage|p1a: Conkeldurr|389\/414|[from] Stealth Rock
|turn|31
|
|move|p2a: Landorus-Therian|Earthquake|p1a: Conkeldurr
|-damage|p1a: Conkeldurr|191\/414
|move|p1a: Conkeldurr|Ice Punch|p2a: Landorus-Therian
|-supereffective|p2a: Landorus-Therian
|-damage|p2a: Landorus-Therian|0 fnt
|faint|p2a: Landorus-Therian
|
|
|switch|p2a: Latias|Latias, F|301\/301
|-damage|p2a: Latias|264\/301|[from] Stealth Rock
|turn|32
|
|move|p2a: Latias|Psychic|p1a: Conkeldurr
|-supereffective|p1a: Conkeldurr
|-damage|p1a: Conkeldurr|0 fnt
|faint|p1a: Conkeldurr
|
|-heal|p2a: Latias|282\/301|[from] item: Leftovers
|
|switch|p1a: Heatran|Heatran, F|241\/386
|-damage|p1a: Heatran|193\/386|[from] Stealth Rock
|turn|33
|
|switch|p2a: Gyarados|Gyarados, F|84\/347 par
|-damage|p2a: Gyarados|0 fnt|[from] Stealth Rock
|faint|p2a: Gyarados
|move|p1a: Heatran|Toxic|p2: Gyarados|[notarget]
|-notarget
|
|
|switch|p2a: Thundurus-Therian|Thundurus-Therian, M|300\/300
|-damage|p2a: Thundurus-Therian|225\/300|[from] Stealth Rock
|turn|34
|
|move|p2a: Thundurus-Therian|Thunderbolt|p1a: Heatran
|-damage|p1a: Heatran|64\/386
|move|p1a: Heatran|Lava Plume|p2a: Thundurus-Therian
|-damage|p2a: Thundurus-Therian|80\/300
|-status|p2a: Thundurus-Therian|brn
|
|-heal|p2a: Thundurus-Therian|98\/300 brn|[from] item: Leftovers
|-damage|p2a: Thundurus-Therian|61\/300 brn|[from] brn
|turn|35
|
|move|p2a: Thundurus-Therian|Thunderbolt|p1a: Heatran
|-damage|p1a: Heatran|0 fnt
|faint|p1a: Heatran
|
|-heal|p2a: Thundurus-Therian|79\/300 brn|[from] item: Leftovers
|-damage|p2a: Thundurus-Therian|42\/300 brn|[from] brn
|
|switch|p1a: Gengar|Gengar, M, shiny|86\/268
|-damage|p1a: Gengar|53\/268|[from] Stealth Rock
|turn|36
|
|switch|p2a: Scizor|Scizor-Mega, F|217\/343 brn
|-damage|p2a: Scizor|175\/343 brn|[from] Stealth Rock
|move|p1a: Gengar|Shadow Ball|p2a: Scizor
|-damage|p2a: Scizor|55\/343 brn
|
|-damage|p2a: Scizor|13\/343 brn|[from] brn
|turn|37
|
|switch|p1a: Slowbro|Slowbro, M|394\/394
|-damage|p1a: Slowbro|345\/394|[from] Stealth Rock
|move|p2a: Scizor|Roost|p2a: Scizor
|-heal|p2a: Scizor|185\/343 brn
|
|-heal|p1a: Slowbro|369\/394|[from] item: Leftovers
|-damage|p2a: Scizor|143\/343 brn|[from] brn
|turn|38
|
|move|p2a: Scizor|Roost|p2a: Scizor
|-heal|p2a: Scizor|315\/343 brn
|move|p1a: Slowbro|Scald|p2a: Scizor
|-damage|p2a: Scizor|227\/343 brn
|
|-heal|p1a: Slowbro|393\/394|[from] item: Leftovers
|-damage|p2a: Scizor|185\/343 brn|[from] brn
|turn|39
|
|move|p2a: Scizor|Swords Dance|p2a: Scizor
|-boost|p2a: Scizor|atk|2
|move|p1a: Slowbro|Scald|p2a: Scizor
|-damage|p2a: Scizor|92\/343 brn
|
|-heal|p1a: Slowbro|394\/394|[from] item: Leftovers
|-damage|p2a: Scizor|50\/343 brn|[from] brn
|turn|40
|
|move|p2a: Scizor|Roost|p2a: Scizor
|-heal|p2a: Scizor|222\/343 brn
|move|p1a: Slowbro|Scald|p2a: Scizor
|-damage|p2a: Scizor|134\/343 brn
|
|-damage|p2a: Scizor|92\/343 brn|[from] brn
|turn|41
|
|move|p2a: Scizor|Roost|p2a: Scizor
|-heal|p2a: Scizor|264\/343 brn
|move|p1a: Slowbro|Scald|p2a: Scizor
|-damage|p2a: Scizor|180\/343 brn
|
|-damage|p2a: Scizor|138\/343 brn|[from] brn
|turn|42
|
|move|p2a: Scizor|Roost|p2a: Scizor
|-heal|p2a: Scizor|310\/343 brn
|move|p1a: Slowbro|Scald|p2a: Scizor
|-damage|p2a: Scizor|226\/343 brn
|
|-damage|p2a: Scizor|184\/343 brn|[from] brn
|turn|43
|
|move|p2a: Scizor|Swords Dance|p2a: Scizor
|-boost|p2a: Scizor|atk|2
|move|p1a: Slowbro|Scald|p2a: Scizor
|-damage|p2a: Scizor|105\/343 brn
|
|-damage|p2a: Scizor|63\/343 brn|[from] brn
|turn|44
|
|move|p2a: Scizor|Roost|p2a: Scizor
|-heal|p2a: Scizor|235\/343 brn
|move|p1a: Slowbro|Scald|p2a: Scizor
|-damage|p2a: Scizor|153\/343 brn
|
|-damage|p2a: Scizor|111\/343 brn|[from] brn
|turn|45
|
|move|p2a: Scizor|Roost|p2a: Scizor
|-heal|p2a: Scizor|283\/343 brn
|move|p1a: Slowbro|Scald|p2a: Scizor
|-damage|p2a: Scizor|195\/343 brn
|
|-damage|p2a: Scizor|153\/343 brn|[from] brn
|turn|46
|
|move|p2a: Scizor|Roost|p2a: Scizor
|-heal|p2a: Scizor|325\/343 brn
|move|p1a: Slowbro|Scald|p2a: Scizor
|-damage|p2a: Scizor|243\/343 brn
|
|-damage|p2a: Scizor|201\/343 brn|[from] brn
|turn|47
|
|move|p2a: Scizor|Swords Dance|p2a: Scizor
|-boost|p2a: Scizor|atk|2
|move|p1a: Slowbro|Scald|p2a: Scizor
|-damage|p2a: Scizor|111\/343 brn
|
|-damage|p2a: Scizor|69\/343 brn|[from] brn
|turn|48
|
|move|p2a: Scizor|Roost|p2a: Scizor
|-heal|p2a: Scizor|241\/343 brn
|move|p1a: Slowbro|Scald|p2a: Scizor
|-damage|p2a: Scizor|162\/343 brn
|
|-damage|p2a: Scizor|120\/343 brn|[from] brn
|turn|49
|
|move|p2a: Scizor|Roost|p2a: Scizor
|-heal|p2a: Scizor|292\/343 brn
|move|p1a: Slowbro|Scald|p2a: Scizor
|-damage|p2a: Scizor|201\/343 brn
|
|-damage|p2a: Scizor|159\/343 brn|[from] brn
|turn|50
|
|move|p2a: Scizor|Roost|p2a: Scizor
|-heal|p2a: Scizor|331\/343 brn
|move|p1a: Slowbro|Scald|p2a: Scizor
|-damage|p2a: Scizor|250\/343 brn
|
|-damage|p2a: Scizor|208\/343 brn|[from] brn
|turn|51
|
|move|p2a: Scizor|Knock Off|p1a: Slowbro
|-supereffective|p1a: Slowbro
|-damage|p1a: Slowbro|48\/394
|-enditem|p1a: Slowbro|Leftovers|[from] move: Knock Off|[of] p2a: Scizor
|move|p1a: Slowbro|Scald|p2a: Scizor
|-damage|p2a: Scizor|127\/343 brn
|
|-damage|p2a: Scizor|85\/343 brn|[from] brn
|turn|52
|-message|Alkov forfeited.
|
|win|Kai690
|raw|Ladder updating...
|leave|Alkov
|player|p1
|raw|Alkov's rating: 1732 &rarr; <strong>1714<\/strong><br \/>(-18 for losing)
|raw|Kai690's rating: 1757 &rarr; <strong>1776<\/strong><br \/>(+19 for winning)