|join|qways
|join|Alkov
|player|p1|qways|170
|player|p2|Alkov|256
|gametype|singles
|gen|6
|tier|OU
|rated
|clearpoke
|poke|p1|Infernape, M
|poke|p1|Lopunny, M
|poke|p1|Scizor, F
|poke|p1|Jolteon, M
|poke|p1|Breloom, M
|poke|p1|Tyranitar, M
|poke|p2|Charizard, M
|poke|p2|Tyranitar, F
|poke|p2|Excadrill, M
|poke|p2|Rotom-Wash
|poke|p2|Greninja, M, shiny
|poke|p2|Breloom, M
|rule|Swagger Clause: Swagger is banned
|rule|Baton Pass Clause: Limit one Pokémon knowing Baton Pass
|rule|Sleep Clause Mod: Limit one foe put to sleep
|rule|Species Clause: Limit one of each Pokémon
|rule|OHKO Clause: OHKO moves are banned
|rule|Moody Clause: Moody is banned
|rule|Evasion Moves Clause: Evasion moves are banned
|rule|Endless Battle Clause: Forcing endless battles is banned
|rule|HP Percentage Mod: HP is shown in percentages
|teampreview
|
|start
|switch|p1a: Infernape|Infernape, M|293\/293
|switch|p2a: Rotom-Wash|Rotom-Wash|304\/304
|turn|1
|
|move|p1a: Infernape|Fake Out|p2a: Rotom-Wash
|-damage|p2a: Rotom-Wash|273\/304
|cant|p2a: Rotom-Wash|flinch
|
|-heal|p2a: Rotom-Wash|292\/304|[from] item: Leftovers
|turn|2
|
|move|p1a: Infernape|Stealth Rock|p2a: Rotom-Wash
|-sidestart|p2: Alkov|move: Stealth Rock
|move|p2a: Rotom-Wash|Hydro Pump|p1a: Infernape
|-supereffective|p1a: Infernape
|-enditem|p1a: Infernape|Focus Sash
|-damage|p1a: Infernape|1\/293
|
|-heal|p2a: Rotom-Wash|304\/304|[from] item: Leftovers
|turn|3
|
|move|p1a: Infernape|Close Combat|p2a: Rotom-Wash
|-damage|p2a: Rotom-Wash|186\/304
|-unboost|p1a: Infernape|def|1
|-unboost|p1a: Infernape|spd|1
|move|p2a: Rotom-Wash|Volt Switch|p1a: Infernape
|-damage|p1a: Infernape|0 fnt
|faint|p1a: Infernape
|
|switch|p2a: Greninja|Greninja, M, shiny|285\/285
|-damage|p2a: Greninja|250\/285|[from] Stealth Rock
|
|
|switch|p1a: Lopunny|Lopunny, M|271\/271
|turn|4
|join|Infernoman
|
|switch|p2a: Tyranitar|Tyranitar, F|404\/404
|-damage|p2a: Tyranitar|354\/404|[from] Stealth Rock
|-weather|Sandstorm
|detailschange|p1a: Lopunny|Lopunny-Mega, M
|message|Lopunny has Mega Evolved into Mega Lopunny!
|move|p1a: Lopunny|Power-Up Punch|p2a: Tyranitar
|-supereffective|p2a: Tyranitar
|-damage|p2a: Tyranitar|78\/404
|-boost|p1a: Lopunny|atk|1
|
|-weather|Sandstorm|[upkeep]
|-damage|p1a: Lopunny|255\/271|[from] sandstorm
|turn|5
|
|switch|p2a: Rotom-Wash|Rotom-Wash|186\/304
|-damage|p2a: Rotom-Wash|148\/304|[from] Stealth Rock
|move|p1a: Lopunny|Power-Up Punch|p2a: Rotom-Wash
|-damage|p2a: Rotom-Wash|63\/304
|-boost|p1a: Lopunny|atk|1
|
|-weather|Sandstorm|[upkeep]
|-damage|p1a: Lopunny|239\/271|[from] sandstorm
|-damage|p2a: Rotom-Wash|44\/304|[from] sandstorm
|-heal|p2a: Rotom-Wash|63\/304|[from] item: Leftovers
|turn|6
|
|move|p1a: Lopunny|Power-Up Punch|p2a: Rotom-Wash
|-damage|p2a: Rotom-Wash|0 fnt
|-boost|p1a: Lopunny|atk|1
|faint|p2a: Rotom-Wash
|
|-weather|Sandstorm|[upkeep]
|-damage|p1a: Lopunny|223\/271|[from] sandstorm
|
|switch|p2a: Excadrill|Excadrill, M|359\/359
|-damage|p2a: Excadrill|348\/359|[from] Stealth Rock
|turn|7
|
|switch|p1a: Breloom|Breloom, M|323\/323
|move|p2a: Excadrill|Earthquake|p1a: Breloom
|-resisted|p1a: Breloom
|-damage|p1a: Breloom|213\/323
|-damage|p2a: Excadrill|313\/359|[from] item: Life Orb
|
|-weather|Sandstorm|[upkeep]
|-damage|p1a: Breloom|193\/323|[from] sandstorm
|-status|p1a: Breloom|tox|[from] item: Toxic Orb
|turn|8
|
|move|p1a: Breloom|Mach Punch|p2a: Excadrill
|-supereffective|p2a: Excadrill
|-damage|p2a: Excadrill|137\/359
|move|p2a: Excadrill|Iron Head|p1a: Breloom
|-damage|p1a: Breloom|12\/323 tox
|-damage|p2a: Excadrill|102\/359|[from] item: Life Orb
|
|-weather|Sandstorm|[upkeep]
|-damage|p1a: Breloom|0 fnt|[from] sandstorm
|faint|p1a: Breloom
|
|switch|p1a: Scizor|Scizor, F|343\/343
|turn|9
|
|move|p1a: Scizor|Bullet Punch|p2a: Excadrill
|-resisted|p2a: Excadrill
|-damage|p2a: Excadrill|0 fnt
|faint|p2a: Excadrill
|
|-weather|Sandstorm|[upkeep]
|
|switch|p2a: Charizard|Charizard, M|297\/297
|-damage|p2a: Charizard|149\/297|[from] Stealth Rock
|turn|10
|
|switch|p1a: Tyranitar|Tyranitar, M|389\/389
|detailschange|p2a: Charizard|Charizard-Mega-Y, M
|message|Charizard has Mega Evolved into Mega Charizard!
|-weather|SunnyDay
|move|p2a: Charizard|Roost|p2a: Charizard
|-heal|p2a: Charizard|297\/297
|
|-weather|SunnyDay|[upkeep]
|turn|11
|
|switch|p1a: Jolteon|Jolteon, M|271\/271
|move|p2a: Charizard|Focus Blast|p1a: Jolteon|[miss]
|-miss|p2a: Charizard|p1a: Jolteon
|
|-weather|SunnyDay|[upkeep]
|turn|12
|join|churos1.5
|
|switch|p2a: Tyranitar|Tyranitar, F|78\/404
|-damage|p2a: Tyranitar|28\/404|[from] Stealth Rock
|-weather|Sandstorm
|move|p1a: Jolteon|Volt Switch|p2a: Tyranitar
|-damage|p2a: Tyranitar|0 fnt
|faint|p2a: Tyranitar
|join|I Iike Squirtles
|
|switch|p1a: Lopunny|Lopunny-Mega, M|223\/271
|
|-weather|Sandstorm|[upkeep]
|-damage|p1a: Lopunny|207\/271|[from] sandstorm
|
|switch|p2a: Breloom|Breloom, M|262\/262
|-damage|p2a: Breloom|246\/262|[from] Stealth Rock
|turn|13
|leave|I Iike Squirtles
|
|move|p1a: Lopunny|Quick Attack|p2a: Breloom
|-damage|p2a: Breloom|155\/262
|move|p2a: Breloom|Mach Punch|p1a: Lopunny
|-supereffective|p1a: Lopunny
|-damage|p1a: Lopunny|0 fnt
|faint|p1a: Lopunny
|
|-weather|Sandstorm|[upkeep]
|-damage|p2a: Breloom|139\/262|[from] sandstorm
|
|switch|p1a: Scizor|Scizor, F|343\/343
|turn|14
|
|switch|p2a: Greninja|Greninja, M, shiny|250\/285
|-damage|p2a: Greninja|215\/285|[from] Stealth Rock
|move|p1a: Scizor|Bullet Punch|p2a: Greninja
|-resisted|p2a: Greninja
|-damage|p2a: Greninja|89\/285
|
|-weather|Sandstorm|[upkeep]
|-damage|p2a: Greninja|72\/285|[from] sandstorm
|turn|15
|
|move|p1a: Scizor|Bullet Punch|p2a: Greninja
|-resisted|p2a: Greninja
|-damage|p2a: Greninja|0 fnt
|faint|p2a: Greninja
|
|-weather|Sandstorm|[upkeep]
|
|switch|p2a: Charizard|Charizard-Mega-Y, M|297\/297
|-damage|p2a: Charizard|149\/297|[from] Stealth Rock
|-weather|SunnyDay
|turn|16
|
|switch|p1a: Tyranitar|Tyranitar, M|389\/389
|-weather|Sandstorm
|move|p2a: Charizard|Roost|p2a: Charizard
|-heal|p2a: Charizard|297\/297
|
|-weather|Sandstorm|[upkeep]
|-damage|p2a: Charizard|279\/297|[from] sandstorm
|turn|17
|
|move|p2a: Charizard|Focus Blast|p1a: Tyranitar
|-supereffective|p1a: Tyranitar
|-damage|p1a: Tyranitar|0 fnt
|faint|p1a: Tyranitar
|
|-weather|Sandstorm|[upkeep]
|-damage|p2a: Charizard|261\/297|[from] sandstorm
|
|switch|p1a: Jolteon|Jolteon, M|271\/271
|turn|18
|
|move|p1a: Jolteon|Thunderbolt|p2a: Charizard
|-supereffective|p2a: Charizard
|-damage|p2a: Charizard|0 fnt
|faint|p2a: Charizard
|
|-weather|Sandstorm|[upkeep]
|-damage|p1a: Jolteon|255\/271|[from] sandstorm
|
|switch|p2a: Breloom|Breloom, M|139\/262
|-damage|p2a: Breloom|123\/262|[from] Stealth Rock
|turn|19
|c|★Alkov|gg
|-message|Alkov forfeited.
|
|win|qways
|raw|Ladder updating...
|leave|Alkov
|player|p2
|raw|qways's rating: 1776 &rarr; <strong>1795<\/strong><br \/>(+19 for winning)
|raw|Alkov's rating: 1760 &rarr; <strong>1741<\/strong><br \/>(-19 for losing)
|c|★qways|gg
|leave|churos1.5