|join|xXJustineXx
|join|Alkov
|player|p1|xXJustineXx|169
|player|p2|Alkov|256
|gametype|singles
|gen|6
|tier|OU
|clearpoke
|poke|p1|Swampert, M
|poke|p1|Gyarados, F
|poke|p1|Latias, F
|poke|p1|Ferrothorn, F
|poke|p1|Chandelure, F
|poke|p1|Lucario, M
|poke|p2|Latias, F
|poke|p2|Scizor, M
|poke|p2|Landorus-Therian, M, shiny
|poke|p2|Heatran, F
|poke|p2|Slowbro, M
|poke|p2|Conkeldurr, M
|rule|Swagger Clause: Swagger is banned
|rule|Baton Pass Clause: Limit one Pokémon knowing Baton Pass
|rule|Sleep Clause Mod: Limit one foe put to sleep
|rule|Species Clause: Limit one of each Pokémon
|rule|OHKO Clause: OHKO moves are banned
|rule|Moody Clause: Moody is banned
|rule|Evasion Moves Clause: Evasion moves are banned
|rule|Endless Battle Clause: Forcing endless battles is banned
|rule|HP Percentage Mod: HP is shown in percentages
|teampreview
|
|start
|switch|p1a: Yamaoka|Chandelure, F|262\/262
|switch|p2a: Slowbro|Slowbro, M|394\/394
|turn|1
|join|dbgdsg
|join|Trijar
|join|Disorient3
|
|switch|p2a: Heatran|Heatran, F|386\/386
|move|p1a: Yamaoka|Energy Ball|p2a: Heatran
|-resisted|p2a: Heatran
|-damage|p2a: Heatran|365\/386
|
|-heal|p2a: Heatran|386\/386|[from] item: Leftovers
|turn|2
|
|switch|p1a: VeridisQuo|Latias, F|358\/358
|move|p2a: Heatran|Stealth Rock|p1a: VeridisQuo
|-sidestart|p1: xXJustineXx|move: Stealth Rock
|
|turn|3
|c|★xXJustineXx|Gl hf
|
|move|p1a: VeridisQuo|Calm Mind|p1a: VeridisQuo
|-boost|p1a: VeridisQuo|spa|1
|-boost|p1a: VeridisQuo|spd|1
|move|p2a: Heatran|Toxic|p1a: VeridisQuo
|-status|p1a: VeridisQuo|tox
|
|-damage|p1a: VeridisQuo|336\/358 tox|[from] psn
|turn|4
|c|★Alkov|GL
|
|move|p1a: VeridisQuo|Psyshock|p2a: Heatran
|-resisted|p2a: Heatran
|-damage|p2a: Heatran|306\/386
|move|p2a: Heatran|Roar|p1a: VeridisQuo
|drag|p1a: Lucario|Lucario, M|281\/281
|-damage|p1a: Lucario|273\/281|[from] Stealth Rock
|
|-heal|p2a: Heatran|330\/386|[from] item: Leftovers
|turn|5
|join|churos1.522.53
|
|switch|p1a: Yamaoka|Chandelure, F|262\/262
|-damage|p1a: Yamaoka|197\/262|[from] Stealth Rock
|switch|p2a: Slowbro|Slowbro, M|394\/394
|
|turn|6
|
|switch|p2a: Heatran|Heatran, F|330\/386
|move|p1a: Yamaoka|Trick|p2a: Heatran
|-activate|p1a: Yamaoka|move: Trick|[of] p2a: Heatran
|-item|p2a: Heatran|Choice Scarf|[from] move: Trick
|-item|p1a: Yamaoka|Leftovers|[from] move: Trick
|
|-heal|p1a: Yamaoka|213\/262|[from] item: Leftovers
|turn|7
|c|★Alkov|scarfed toxic is here to rekt
|c|★xXJustineXx|No
|c|★Alkov|im gonna toxic your whole team
|
|switch|p1a: Lucario|Lucario, M|273\/281
|-damage|p1a: Lucario|265\/281|[from] Stealth Rock
|move|p2a: Heatran|Toxic|p1a: Lucario
|-fail|p1a: Lucario
|
|turn|8
|c|★Alkov|god dammit
|
|switch|p2a: Slowbro|Slowbro, M|394\/394
|move|p1a: Lucario|Close Combat|p2a: Slowbro
|-crit|p2a: Slowbro
|-resisted|p2a: Slowbro
|-damage|p2a: Slowbro|274\/394
|-unboost|p1a: Lucario|def|1
|-unboost|p1a: Lucario|spd|1
|-damage|p1a: Lucario|237\/281|[from] item: Life Orb
|
|-heal|p2a: Slowbro|298\/394|[from] item: Leftovers
|turn|9
|
|switch|p1a: Kashmir|Ferrothorn, F|352\/352
|-damage|p1a: Kashmir|330\/352|[from] Stealth Rock
|switch|p2a: Conkeldurr|Conkeldurr, M|359\/359
|
|-heal|p1a: Kashmir|352\/352|[from] item: Leftovers
|turn|10
|
|switch|p1a: VeridisQuo|Latias, F|336\/358 tox
|-damage|p1a: VeridisQuo|292\/358 tox|[from] Stealth Rock
|move|p2a: Conkeldurr|Drain Punch|p1a: VeridisQuo
|-resisted|p1a: VeridisQuo
|-damage|p1a: VeridisQuo|202\/358 tox
|
|-heal|p1a: VeridisQuo|224\/358 tox|[from] item: Leftovers
|-damage|p1a: VeridisQuo|202\/358 tox|[from] psn
|turn|11
|
|switch|p2a: Scizor|Scizor, M|339\/339
|move|p1a: VeridisQuo|Dragon Pulse|p2a: Scizor
|-resisted|p2a: Scizor
|-damage|p2a: Scizor|273\/339
|
|-heal|p1a: VeridisQuo|224\/358 tox|[from] item: Leftovers
|-damage|p1a: VeridisQuo|180\/358 tox|[from] psn
|turn|12
|
|switch|p1a: Kashmir|Ferrothorn, F|352\/352
|-damage|p1a: Kashmir|330\/352|[from] Stealth Rock
|detailschange|p2a: Scizor|Scizor-Mega, M
|message|Scizor has Mega Evolved into Mega Scizor!
|move|p2a: Scizor|Knock Off|p1a: Kashmir
|-damage|p1a: Kashmir|248\/352
|-damage|p2a: Scizor|231\/339|[from] ability: Iron Barbs|[of] p1a: Kashmir
|-enditem|p1a: Kashmir|Leftovers|[from] move: Knock Off|[of] p2a: Scizor
|
|turn|13
|
|move|p2a: Scizor|Swords Dance|p2a: Scizor
|-boost|p2a: Scizor|atk|2
|move|p1a: Kashmir|Power Whip|p2a: Scizor
|-resisted|p2a: Scizor
|-damage|p2a: Scizor|210\/339
|
|turn|14
|
|move|p2a: Scizor|Swords Dance|p2a: Scizor
|-boost|p2a: Scizor|atk|2
|move|p1a: Kashmir|Leech Seed|p2a: Scizor
|-start|p2a: Scizor|move: Leech Seed
|
|-damage|p2a: Scizor|168\/339|[from] Leech Seed|[of] p1a: Kashmir
|-heal|p1a: Kashmir|290\/352|[silent]
|turn|15
|
|move|p1a: Kashmir|Protect|p1a: Kashmir
|-singleturn|p1a: Kashmir|Protect
|move|p2a: Scizor|Roost|p2a: Scizor
|-heal|p2a: Scizor|338\/339
|
|-damage|p2a: Scizor|296\/339|[from] Leech Seed|[of] p1a: Kashmir
|-heal|p1a: Kashmir|332\/352|[silent]
|turn|16
|c|★Alkov|scizor knows no fear
|
|switch|p1a: Stromae|Swampert, M|404\/404
|-damage|p1a: Stromae|379\/404|[from] Stealth Rock
|move|p2a: Scizor|Swords Dance|p2a: Scizor
|-boost|p2a: Scizor|atk|2
|
|-heal|p1a: Stromae|404\/404|[from] item: Leftovers
|-damage|p2a: Scizor|254\/339|[from] Leech Seed|[of] p1a: Stromae
|turn|17
|
|move|p2a: Scizor|Knock Off|p1a: Stromae
|-damage|p1a: Stromae|0 fnt
|-enditem|p1a: Stromae|Leftovers|[from] move: Knock Off|[of] p2a: Scizor
|faint|p1a: Stromae
|
|
|switch|p1a: Lucario|Lucario, M|237\/281
|-damage|p1a: Lucario|229\/281|[from] Stealth Rock
|turn|18
|
|move|p2a: Scizor|Bullet Punch|p1a: Lucario
|-resisted|p1a: Lucario
|-damage|p1a: Lucario|0 fnt
|faint|p1a: Lucario
|
|c|★xXJustineXx|Op
|
|switch|p1a: VeridisQuo|Latias, F|180\/358 tox
|-damage|p1a: VeridisQuo|136\/358 tox|[from] Stealth Rock
|turn|19
|c|★Alkov|lel
|
|move|p2a: Scizor|Bullet Punch|p1a: VeridisQuo
|-damage|p1a: VeridisQuo|0 fnt
|faint|p1a: VeridisQuo
|
|
|switch|p1a: Kashmir|Ferrothorn, F|332\/352
|-damage|p1a: Kashmir|310\/352|[from] Stealth Rock
|turn|20
|
|move|p1a: Kashmir|Protect|p1a: Kashmir
|-singleturn|p1a: Kashmir|Protect
|move|p2a: Scizor|Knock Off|p1a: Kashmir
|-activate|p1a: Kashmir|Protect
|
|-damage|p2a: Scizor|212\/339|[from] Leech Seed|[of] p1a: Kashmir
|-heal|p1a: Kashmir|352\/352|[silent]
|turn|21
|
|move|p1a: Kashmir|Protect|p1a: Kashmir
|-singleturn|p1a: Kashmir|Protect
|move|p2a: Scizor|Knock Off|p1a: Kashmir
|-activate|p1a: Kashmir|Protect
|
|-damage|p2a: Scizor|170\/339|[from] Leech Seed|[of] p1a: Kashmir
|turn|22
|join|Chagrilled
|
|move|p1a: Kashmir|Protect|p1a: Kashmir
|-fail|p1a: Kashmir
|move|p2a: Scizor|Knock Off|p1a: Kashmir
|-damage|p1a: Kashmir|121\/352
|-damage|p2a: Scizor|128\/339|[from] ability: Iron Barbs|[of] p1a: Kashmir
|
|-damage|p2a: Scizor|86\/339|[from] Leech Seed|[of] p1a: Kashmir
|-heal|p1a: Kashmir|163\/352|[silent]
|turn|23
|c|★Alkov|lol
|join|fibraxas
|c| churos1.522.53|-bop
|c|★Alkov|dont double protect
|c| fibraxas|ruh roh
|join|Four Leaf
|c| Chagrilled|i love when people keep ferro in on SD mega scizor
|c|★Alkov|ayyyy :]
|c|★xXJustineXx|Why
|c| churos1.522.53|lol
|
|move|p1a: Kashmir|Protect|p1a: Kashmir
|-singleturn|p1a: Kashmir|Protect
|move|p2a: Scizor|Roost|p2a: Scizor
|-heal|p2a: Scizor|256\/339
|
|-damage|p2a: Scizor|214\/339|[from] Leech Seed|[of] p1a: Kashmir
|-heal|p1a: Kashmir|205\/352|[silent]
|turn|24
|c|★Alkov|the previous game i also won because this dude let his ferro stayed in against my scizor
|c|★Alkov|and i got to +6
|c| Four Leaf|I won because of superpower lando
|
|move|p1a: Kashmir|Protect|p1a: Kashmir
|-fail|p1a: Kashmir
|move|p2a: Scizor|Roost|p2a: Scizor
|-heal|p2a: Scizor|339\/339
|
|-damage|p2a: Scizor|297\/339|[from] Leech Seed|[of] p1a: Kashmir
|-heal|p1a: Kashmir|247\/352|[silent]
|turn|25
|c| Chagrilled|yeah so many people do it for some reason
|c| Four Leaf|letting me set up to +4 and sweep
|c| fibraxas|they think "oh it can't hurt my ferro"
|c| fibraxas|they think it can wall scizor no matter what
|join|The Broken Ball
|c|★xXJustineXx|:(
|c| churos1.522.53|but it can
|c| churos1.522.53|indeed
|
|move|p1a: Kashmir|Protect|p1a: Kashmir
|-singleturn|p1a: Kashmir|Protect
|move|p2a: Scizor|Knock Off|p1a: Kashmir
|-activate|p1a: Kashmir|Protect
|
|-damage|p2a: Scizor|255\/339|[from] Leech Seed|[of] p1a: Kashmir
|-heal|p1a: Kashmir|289\/352|[silent]
|turn|26
|c|★Alkov|lets go babhy
|c|★Alkov|double protecting or shit wont win you the game dude -.-
|c|★Alkov|i have roost , idaf to your seed\/protects
|c|★xXJustineXx|Woah so I don't care
|c| churos1.522.53|does gyra live
|c|★xXJustineXx|people play different ly
|c| Four Leaf|it can't kill it
|c| Four Leaf|so
|c|★Alkov|2hits
|c| Chagrilled|the amount of skill here
|c| Four Leaf|it doesn't matter if gyara survives
|c| churos1.522.53|crit?
|
|switch|p1a: Xyloto|Gyarados, F|332\/332
|-damage|p1a: Xyloto|249\/332|[from] Stealth Rock
|-ability|p1a: Xyloto|Intimidate|[of] p2a: Scizor
|-unboost|p2a: Scizor|atk|1
|move|p2a: Scizor|Knock Off|p1a: Xyloto
|-damage|p1a: Xyloto|0 fnt
|-enditem|p1a: Xyloto|Expert Belt|[from] move: Knock Off|[of] p2a: Scizor
|faint|p1a: Xyloto
|
|c|★Alkov|i'll 2hit a gyara, but im max hp and max def
|c|★Alkov|so no way it can kill me
|c| Four Leaf|unless fire blast gyara
|c|★Alkov|oh he decides to sac it here
|c|★Alkov|good job
|c|★xXJustineXx|Yeah cause of u 
|c| Four Leaf|I wish it was fire blast gyara ;_;
|leave|Disorient3
|
|switch|p1a: Kashmir|Ferrothorn, F|289\/352
|-damage|p1a: Kashmir|267\/352|[from] Stealth Rock
|turn|27
|c|★xXJustineXx|It's a phazer
|
|move|p1a: Kashmir|Protect|p1a: Kashmir
|-singleturn|p1a: Kashmir|Protect
|move|p2a: Scizor|Roost|p2a: Scizor
|-heal|p2a: Scizor|339\/339
|
|-damage|p2a: Scizor|297\/339|[from] Leech Seed|[of] p1a: Kashmir
|-heal|p1a: Kashmir|309\/352|[silent]
|turn|28
|c| Four Leaf|ah yes the mexican gyara
|
|move|p2a: Scizor|Knock Off|p1a: Kashmir
|-damage|p1a: Kashmir|132\/352
|-damage|p2a: Scizor|255\/339|[from] ability: Iron Barbs|[of] p1a: Kashmir
|move|p1a: Kashmir|Power Whip|p2a: Scizor
|-resisted|p2a: Scizor
|-damage|p2a: Scizor|234\/339
|
|-damage|p2a: Scizor|192\/339|[from] Leech Seed|[of] p1a: Kashmir
|-heal|p1a: Kashmir|174\/352|[silent]
|turn|29
|c| churos1.522.53|chandlure sweeps
|c|★Alkov|totally
|
|move|p1a: Kashmir|Protect|p1a: Kashmir
|-singleturn|p1a: Kashmir|Protect
|move|p2a: Scizor|Roost|p2a: Scizor
|-heal|p2a: Scizor|339\/339
|
|-damage|p2a: Scizor|297\/339|[from] Leech Seed|[of] p1a: Kashmir
|-heal|p1a: Kashmir|216\/352|[silent]
|turn|30
|c| churos1.522.53|lol
|c|★Alkov|because scarf lando-t isnt fast enough for him
|c| Four Leaf|it has infiltrator; it hits through flash fire 
|
|move|p1a: Kashmir|Protect|p1a: Kashmir
|-singleturn|p1a: Kashmir|Protect
|move|p2a: Scizor|Knock Off|p1a: Kashmir
|-activate|p1a: Kashmir|Protect
|
|-damage|p2a: Scizor|255\/339|[from] Leech Seed|[of] p1a: Kashmir
|-heal|p1a: Kashmir|258\/352|[silent]
|turn|31
|c| Four Leaf|it definitely wins
|c|★Alkov|legit 
|c| churos1.522.53|can ferro stall
|c|★Alkov|nop 
|
|move|p1a: Kashmir|Protect|p1a: Kashmir
|-fail|p1a: Kashmir
|move|p2a: Scizor|Knock Off|p1a: Kashmir
|-damage|p1a: Kashmir|65\/352
|-damage|p2a: Scizor|213\/339|[from] ability: Iron Barbs|[of] p1a: Kashmir
|
|-damage|p2a: Scizor|171\/339|[from] Leech Seed|[of] p1a: Kashmir
|-heal|p1a: Kashmir|107\/352|[silent]
|turn|32
|c|★Alkov|and this dude is running almost max def ferro
|c|★Alkov|i think
|join|dracollooooss
|
|move|p1a: Kashmir|Protect|p1a: Kashmir
|-singleturn|p1a: Kashmir|Protect
|move|p2a: Scizor|Roost|p2a: Scizor
|-heal|p2a: Scizor|339\/339
|
|-damage|p2a: Scizor|297\/339|[from] Leech Seed|[of] p1a: Kashmir
|-heal|p1a: Kashmir|149\/352|[silent]
|turn|33
|c|★Alkov|he clearly lost, i have no idea why he wants to stall out just for that few minutes 
|c| Chagrilled|dear god
|c|★Alkov|wasting everyone's time
|c|★xXJustineXx|Fine then
|
|switch|p1a: Yamaoka|Chandelure, F|213\/262
|-damage|p1a: Yamaoka|148\/262|[from] Stealth Rock
|move|p2a: Scizor|Knock Off|p1a: Yamaoka
|-supereffective|p1a: Yamaoka
|-damage|p1a: Yamaoka|0 fnt
|-enditem|p1a: Yamaoka|Leftovers|[from] move: Knock Off|[of] p2a: Scizor
|faint|p1a: Yamaoka
|
|c|★xXJustineXx|Sorry about
|c|★xXJustineXx|:(
|c|★Alkov|gg
|
|switch|p1a: Kashmir|Ferrothorn, F|149\/352
|-damage|p1a: Kashmir|127\/352|[from] Stealth Rock
|turn|34
|c| churos1.522.53|watch protect
|c| fibraxas|it's just that it holds up the tourneys
|c|★xXJustineXx|Sorry if i wasted your time
|
|move|p2a: Scizor|Knock Off|p1a: Kashmir
|-damage|p1a: Kashmir|0 fnt
|-damage|p2a: Scizor|255\/339|[from] ability: Iron Barbs|[of] p1a: Kashmir
|faint|p1a: Kashmir
|
|win|Alkov
|leave|Chagrilled
|leave|churos1.522.53
|c|★xXJustineXx|Gg
|c| Four Leaf|yeah it's 3 am on the west coast
|c| Four Leaf|so
|leave|Four Leaf
|leave|dbgdsg
|leave|The Broken Ball
|c|★xXJustineXx|Are u on au
|leave|Alkov
|player|p2