|join|Alkov
|join|dorkman75
|player|p1|Alkov|256
|player|p2|dorkman75|266
|gametype|singles
|gen|6
|tier|OU
|clearpoke
|poke|p1|Scizor, M
|poke|p1|Heatran, F
|poke|p1|Serperior, M
|poke|p1|Keldeo
|poke|p1|Zapdos
|poke|p1|Landorus, M
|poke|p2|Heracross, M
|poke|p2|Shuckle, F
|poke|p2|Azumarill, F
|poke|p2|Landorus, M
|poke|p2|Heatran, F
|poke|p2|Toxicroak, M
|rule|Swagger Clause: Swagger is banned
|rule|Baton Pass Clause: Limit one Pokémon knowing Baton Pass
|rule|Sleep Clause Mod: Limit one foe put to sleep
|rule|Species Clause: Limit one of each Pokémon
|rule|OHKO Clause: OHKO moves are banned
|rule|Moody Clause: Moody is banned
|rule|Evasion Moves Clause: Evasion moves are banned
|rule|Endless Battle Clause: Forcing endless battles is banned
|rule|HP Percentage Mod: HP is shown in percentages
|teampreview
|join|808 & Heartbreak
|join|daftmau5
|join|Percentage
|join|SerebiiRules
|join|spuun
|c|★Alkov|GL
|join|yuruuu
|join|UnderDoge42
|leave|daftmau5
|c|★dorkman75|u 2
|join|gyarad0site
|join|Qwazz
|join|IamChow
|c| Percentage|the serperior is here
|join|BHARATHTHEBEST
|c| Qwazz|uh oh
|join|Attribute
|c| Qwazz|serp
|
|start
|switch|p1a: Serperior|Serperior, M|291\/291
|switch|p2a: Shuckle|Shuckle, F|243\/243
|turn|1
|c|★Alkov|contrary on the sticky web
|c|★Alkov|yeah? :]
|c| Qwazz|ya
|join|5th
|c| Qwazz|rofl
|
|switch|p2a: Heatran|Heatran, F|323\/323
|move|p1a: Serperior|Leaf Storm|p2a: Heatran
|-resisted|p2a: Heatran
|-damage|p2a: Heatran|282\/323
|-boost|p1a: Serperior|spa|2
|
|turn|2
|join|Rawk Hawk
|join|GBZ
|join|TFL
|c| TFL|SCOUT
|c| TFL|SCOUT
|c| TFL|SCOUT
|c| TFL|SCOUT
|
|switch|p1a: Heatran|Heatran, F|385\/385
|move|p2a: Heatran|Flamethrower|p1a: Heatran
|-start|p1a: Heatran|ability: Flash Fire
|
|turn|3
|c| Qwazz|n
|join|Spooter
|c| Qwazz|fk
|c|★dorkman75|fuck
|c| Qwazz|k reveal AV tran
|c|★dorkman75|kk
|leave|Spooter
|
|switch|p2a: Azumarill|Azumarill, F|341\/341
|move|p1a: Heatran|Taunt|p2a: Azumarill
|-start|p2a: Azumarill|move: Taunt
|
|turn|4
|join|adkjo
|c|★Alkov|ooopos
|c| Qwazz|bop
|join|Sir Slaking
|
|move|p1a: Heatran|Will-O-Wisp|p2a: Azumarill
|-status|p2a: Azumarill|brn
|move|p2a: Azumarill|Knock Off|p1a: Heatran
|-damage|p1a: Heatran|283\/385
|-enditem|p1a: Heatran|Leftovers|[from] move: Knock Off|[of] p2a: Azumarill
|
|-damage|p2a: Azumarill|299\/341 brn|[from] brn
|turn|5
|c| Qwazz|o fk
|c|★dorkman75|fuck
|c| Qwazz|rekt af
|c|★dorkman75|tru
|
|switch|p2a: Toxicroak|Toxicroak, M|307\/307
|move|p1a: Heatran|Stealth Rock|p2a: Toxicroak
|-sidestart|p2: dorkman75|move: Stealth Rock
|
|turn|6
|
|move|p2a: Toxicroak|Drain Punch|p1a: Heatran
|-supereffective|p1a: Heatran
|-damage|p1a: Heatran|0 fnt
|-damage|p2a: Toxicroak|277\/307|[from] item: Life Orb
|faint|p1a: Heatran
|
|
|switch|p1a: Landorus|Landorus, M|319\/319
|turn|7
|c|★dorkman75|man this guy is smart enough to use mister no switch ins
|
|switch|p2a: Landorus|Landorus, M|319\/319
|-damage|p2a: Landorus|280\/319|[from] Stealth Rock
|move|p1a: Landorus|Rock Polish|p1a: Landorus
|-boost|p1a: Landorus|spe|2
|
|turn|8
|
|move|p1a: Landorus|Psychic|p2a: Landorus
|-damage|p2a: Landorus|75\/319
|move|p2a: Landorus|Psychic|p1a: Landorus
|-damage|p1a: Landorus|84\/319
|
|turn|9
|
|move|p1a: Landorus|Psychic|p2a: Landorus
|-damage|p2a: Landorus|0 fnt
|faint|p2a: Landorus
|
|join|Jupiter Ascending
|
|switch|p2a: Azumarill|Azumarill, F|299\/341 brn
|-damage|p2a: Azumarill|257\/341 brn|[from] Stealth Rock
|turn|10
|
|switch|p1a: Serperior|Serperior, M|291\/291
|move|p2a: Azumarill|Aqua Jet|p1a: Serperior
|-crit|p1a: Serperior
|-resisted|p1a: Serperior
|-damage|p1a: Serperior|238\/291
|
|-heal|p1a: Serperior|256\/291|[from] item: Leftovers
|-damage|p2a: Azumarill|215\/341 brn|[from] brn
|turn|11
|
|switch|p2a: Heracross|Heracross, M|301\/301
|-damage|p2a: Heracross|264\/301|[from] Stealth Rock
|move|p1a: Serperior|Substitute|p1a: Serperior
|-start|p1a: Serperior|Substitute
|-damage|p1a: Serperior|184\/291
|
|-heal|p1a: Serperior|202\/291|[from] item: Leftovers
|turn|12
|join|AstroChesnaught
|join|Bloodz
|c|★Alkov|!!!! NOOOO
|c| AstroChesnaught|o.o
|c| Qwazz|LOLLLLL
|c|★Alkov|misplay :[
|c| Qwazz|Bop
|c| Bloodz|just reveal HP flying
|c| Bloodz|smh
|
|detailschange|p2a: Heracross|Heracross-Mega, M
|-mega|p2a: Heracross|Heracross|Heracronite
|move|p1a: Serperior|Hidden Power|p2a: Heracross
|-supereffective|p2a: Heracross
|-damage|p2a: Heracross|176\/301
|move|p2a: Heracross|Pin Missile|p1a: Serperior
|-supereffective|p1a: Serperior
|-end|p1a: Serperior|Substitute
|-supereffective|p1a: Serperior
|-damage|p1a: Serperior|74\/291
|-supereffective|p1a: Serperior
|-damage|p1a: Serperior|0 fnt
|-hitcount|p1a: Serperior|3
|faint|p1a: Serperior
|
|join|kektus plant
|c| Qwazz|lol
|
|switch|p1a: Landorus|Landorus, M|84\/319
|turn|13
|c| Qwazz|nice hp fire
|c| Percentage|gone
|c| Percentage|lol
|c| AstroChesnaught|lol
|c| AstroChesnaught|lol
|c| AstroChesnaught|lol
|c| AstroChesnaught|lol
|c| AstroChesnaught|lol
|c| AstroChesnaught|lol
|c| Bloodz|on the other hand you get a kill
|
|switch|p2a: Shuckle|Shuckle, F|243\/243
|-damage|p2a: Shuckle|183\/243|[from] Stealth Rock
|move|p1a: Landorus|Psychic|p2a: Shuckle
|-damage|p2a: Shuckle|97\/243
|
|-heal|p2a: Shuckle|112\/243|[from] item: Leftovers
|turn|14
|
|move|p1a: Landorus|Earth Power|p2a: Shuckle
|-damage|p2a: Shuckle|0 fnt
|faint|p2a: Shuckle
|
|
|switch|p2a: Azumarill|Azumarill, F|215\/341 brn
|-damage|p2a: Azumarill|173\/341 brn|[from] Stealth Rock
|turn|15
|c| AstroChesnaught|bd reveal
|leave|IamChow
|c|★Alkov|i have a keldeo + zor
|c|★Alkov|BD wont kill
|
|switch|p1a: Scizor|Scizor, M|290\/290
|move|p2a: Azumarill|Aqua Jet|p1a: Scizor
|-damage|p1a: Scizor|224\/290
|
|-damage|p2a: Azumarill|131\/341 brn|[from] brn
|turn|16
|join|IamChow
|c| AstroChesnaught|ik xD
|c|★Alkov|and also
|c|★Alkov|he's banded
|c| AstroChesnaught|hp fire reveal
|
|detailschange|p1a: Scizor|Scizor-Mega, M
|-mega|p1a: Scizor|Scizor|Scizorite
|move|p2a: Azumarill|Aqua Jet|p1a: Scizor
|-damage|p1a: Scizor|172\/290
|move|p1a: Scizor|Superpower|p2a: Azumarill
|-resisted|p2a: Azumarill
|-damage|p2a: Azumarill|25\/341 brn
|-unboost|p1a: Scizor|atk|1
|-unboost|p1a: Scizor|def|1
|
|-damage|p2a: Azumarill|0 fnt|[from] brn
|faint|p2a: Azumarill
|c| AstroChesnaught|n hes new meta specs hp fire azumarill
|leave|kektus plant
|join|kektus plant
|
|switch|p2a: Heracross|Heracross-Mega, M|176\/301
|-damage|p2a: Heracross|139\/301|[from] Stealth Rock
|turn|17
|leave|kektus plant
|join|jonj9292
|
|move|p1a: Scizor|Bullet Punch|p2a: Heracross
|-damage|p2a: Heracross|58\/301
|move|p2a: Heracross|Bullet Seed|p1a: Scizor
|-resisted|p1a: Scizor
|-damage|p1a: Scizor|160\/290
|-resisted|p1a: Scizor
|-damage|p1a: Scizor|148\/290
|-resisted|p1a: Scizor
|-damage|p1a: Scizor|135\/290
|-resisted|p1a: Scizor
|-damage|p1a: Scizor|123\/290
|-resisted|p1a: Scizor
|-damage|p1a: Scizor|112\/290
|-hitcount|p1a: Scizor|5
|
|turn|18
|join|stockholm negro
|
|move|p1a: Scizor|Bullet Punch|p2a: Heracross
|-damage|p2a: Heracross|0 fnt
|faint|p2a: Heracross
|
|join|Alldaalts
|
|switch|p2a: Toxicroak|Toxicroak, M|277\/307
|-damage|p2a: Toxicroak|258\/307|[from] Stealth Rock
|turn|19
|join|The Ess of Johan
|
|move|p1a: Scizor|Bullet Punch|p2a: Toxicroak
|-damage|p2a: Toxicroak|132\/307
|move|p2a: Toxicroak|Drain Punch|p1a: Scizor
|-damage|p1a: Scizor|0 fnt
|-heal|p2a: Toxicroak|188\/307|[from] drain|[of] p1a: Scizor
|-damage|p2a: Toxicroak|158\/307|[from] item: Life Orb
|faint|p1a: Scizor
|
|leave|Attribute
|
|switch|p1a: Zapdos|Zapdos|383\/383
|-ability|p1a: Zapdos|Pressure
|turn|20
|join|Cal Clutterbuck
|
|switch|p2a: Heatran|Heatran, F|282\/323
|-damage|p2a: Heatran|242\/323|[from] Stealth Rock
|move|p1a: Zapdos|Volt Switch|p2a: Heatran
|-damage|p2a: Heatran|142\/323
|
|switch|p1a: Keldeo|Keldeo|323\/323
|
|turn|21
|
|move|p1a: Keldeo|Secret Sword|p2a: Heatran
|-supereffective|p2a: Heatran
|-damage|p2a: Heatran|0 fnt
|faint|p2a: Heatran
|
|c| UnderDoge42|gg
|
|switch|p2a: Toxicroak|Toxicroak, M|158\/307
|-damage|p2a: Toxicroak|139\/307|[from] Stealth Rock
|turn|22
|leave|jonj9292
|c|★dorkman75|gg
|
|move|p1a: Keldeo|Secret Sword|p2a: Toxicroak
|-resisted|p2a: Toxicroak
|-damage|p2a: Toxicroak|31\/307
|move|p2a: Toxicroak|Drain Punch|p1a: Keldeo
|-damage|p1a: Keldeo|144\/323
|-heal|p2a: Toxicroak|121\/307|[from] drain|[of] p1a: Keldeo
|-damage|p2a: Toxicroak|91\/307|[from] item: Life Orb
|
|turn|23
|c|★Alkov|gg
|
|move|p1a: Keldeo|Secret Sword|p2a: Toxicroak
|-resisted|p2a: Toxicroak
|-damage|p2a: Toxicroak|0 fnt
|faint|p2a: Toxicroak
|
|win|Alkov
|leave|UnderDoge42
|leave|TFL
|leave|gyarad0site
|leave|Alkov
|player|p1