|join|Alkov
|join|TFL
|join|Yuttt.annual
|join|UnderDoge42
|join|gizmo
|join|Bloodz
|player|p1|Alkov|256
|player|p2|TFL|263
|gametype|singles
|gen|6
|tier|OU
|clearpoke
|poke|p1|Scizor, M
|poke|p1|Heatran, F
|poke|p1|Serperior, M
|poke|p1|Keldeo
|poke|p1|Zapdos
|poke|p1|Landorus, M
|poke|p2|Jirachi
|poke|p2|Rotom-Wash
|poke|p2|Latias, F
|poke|p2|Pidgeot, M
|poke|p2|Dugtrio, M
|poke|p2|Volcarona, M
|rule|Swagger Clause: Swagger is banned
|rule|Baton Pass Clause: Limit one Pokémon knowing Baton Pass
|rule|Sleep Clause Mod: Limit one foe put to sleep
|rule|Species Clause: Limit one of each Pokémon
|rule|OHKO Clause: OHKO moves are banned
|rule|Moody Clause: Moody is banned
|rule|Evasion Moves Clause: Evasion moves are banned
|rule|Endless Battle Clause: Forcing endless battles is banned
|rule|HP Percentage Mod: HP is shown in percentages
|teampreview
|join|5th
|join|AstroChesnaught
|join|IamChow
|join|stockholm negro
|c| Yuttt.annual|HYPER?
|join|Demandred
|join|jonj9292
|join|G00NY
|join|E3OP
|c|★Alkov|CoUNTER TEAM
|c| gizmo|i've
|join|Pure Demize
|c|★Alkov|YOU HAVE A VOLCARONA
|c| gizmo|seen this team
|c|★Alkov|BAN TFL
|c| UnderDoge42|he did scout
|join|Jupiter Ascending
|join|Myliltony
|c| Bloodz|its ben gay's
|join|Father John Misty
|join|Percentage
|c| Bloodz|giz
|c| gizmo|ahh
|c|★Alkov|BAN TFL IMO
|join|The Ess of Johan
|c| gizmo|there we go
|c|★Alkov|he has a dugtrio + volcarona + pidgeot
|c| Yuttt.annual|tbh
|c|★Alkov|thats a CT
|leave|E3OP
|join|wizardo
|c| gizmo|bop heatran
|c| Yuttt.annual|i like our serperior team
|c| Yuttt.annual|more than alkov's
|c|★TFL|i thought i made it and then ben made changes
|join|req'd by crobro
|c| Yuttt.annual|giz wiz and i made a team
|c| gizmo|tfl you better be running hyper beam pidgeot
|join|Alldaalts
|c| Yuttt.annual|thats like a cross between
|c| gizmo|have you used it much yuttt
|c| Yuttt.annual|those two teams
|c|★Alkov|GL
|c| gizmo|it's so fun to use
|c| Yuttt.annual|yeah a fair bit
|c|★TFL|roost pidgeot tho
|c|★TFL|bl hf
|c| gizmo|and it's amazing
|c| Yuttt.annual|i "beat" ben with it
|join|resh bully me
|c| Yuttt.annual|well i missed rock tomb on volc
|c| Yuttt.annual|then he ffd
|join|Cal Clutterbuck
|join|JxAssassain2
|c|★Alkov|why BL :[
|c|★Alkov|why you gotta be so ruuuudeeee
|
|start
|switch|p1a: Serperior|Serperior, M|291\/291
|switch|p2a: Pidgeot|Pidgeot, M|307\/307
|turn|1
|c| UnderDoge42|i like the way dugtrios head moves
|c|★Alkov|!!!!!!!!!!
|
|switch|p1a: Zapdos|Zapdos|383\/383
|-ability|p1a: Zapdos|Pressure
|detailschange|p2a: Pidgeot|Pidgeot-Mega, M
|-mega|p2a: Pidgeot|Pidgeot|Pidgeotite
|move|p2a: Pidgeot|Hurricane|p1a: Zapdos
|-resisted|p1a: Zapdos
|-damage|p1a: Zapdos|280\/383
|
|-heal|p1a: Zapdos|303\/383|[from] item: Leftovers
|turn|2
|join|Sir Slaking
|join|Jefo
|c| Yuttt.annual|where CONFUSE
|c|★TFL|wow no confuse
|c|★Alkov|wow
|c| Yuttt.annual|tfl
|c| Bloodz|that did a considerable amount
|c| gizmo|hyper
|c| Yuttt.annual|have you ever seen
|c| gizmo|beam
|c| gizmo|DO IT NOW
|c| Yuttt.annual|more volcarona weak team
|c| Yuttt.annual|?
|c| AstroChesnaught|HP ROCK PIDGEOT reveal plzz
|c|★TFL|little haxy so far
|c| gizmo|MODEST HYPER BEAM
|c| gizmo|KILL
|
|move|p2a: Pidgeot|U-turn|p1a: Zapdos
|-resisted|p1a: Zapdos
|-damage|p1a: Zapdos|287\/383
|c| gizmo|sigh.
|c| Yuttt.annual|he TURNED
|c| Yuttt.annual|WIMP
|c| AstroChesnaught|Dx
|c|★TFL|:[
|c| req'd by crobro|save the pp imo
|c| gizmo|i remember tfl used to be a man
|c| AstroChesnaught|Bully TFL the Scout
|
|switch|p2a: Jirachi|Jirachi|404\/404
|move|p1a: Zapdos|Heat Wave|p2a: Jirachi
|-supereffective|p2a: Jirachi
|-damage|p2a: Jirachi|216\/404
|
|-heal|p2a: Jirachi|241\/404|[from] item: Leftovers
|-heal|p1a: Zapdos|310\/383|[from] item: Leftovers
|turn|3
|c| AstroChesnaught|jkjk
|c| gizmo|lose plays
|c| Yuttt.annual|wow what a WIMP
|c|★Alkov|NO BURN?
|join|craing
|c|★Alkov|WHERE'S MY BURN?
|c| gizmo|hax
|c|★Alkov|10%
|c|★Alkov|mang
|join|1800Rekt
|
|move|p2a: Jirachi|Toxic|p1a: Zapdos
|-status|p1a: Zapdos|tox
|move|p1a: Zapdos|Volt Switch|p2a: Jirachi
|-damage|p2a: Jirachi|135\/404
|c| gizmo|1!1!
|c| gizmo|ah
|c| req'd by crobro|wheres the crit burn
|c| Yuttt.annual|he STAYED in!
|c| gizmo|i fucking hate v switch zapdos
|
|switch|p1a: Landorus|Landorus, M|319\/319
|
|-heal|p2a: Jirachi|160\/404|[from] item: Leftovers
|turn|4
|c| gizmo|it's so annoying
|
|switch|p2a: Latias|Latias, F|319\/319
|move|p1a: Landorus|Knock Off|p2a: Latias
|-supereffective|p2a: Latias
|-damage|p2a: Latias|62\/319
|-enditem|p2a: Latias|Life Orb|[from] move: Knock Off|[of] p1a: Landorus
|-damage|p1a: Landorus|288\/319|[from] item: Life Orb
|
|turn|5
|c|★Alkov|switch to dugtrio
|c|★Alkov|and let me kill it
|c|★Alkov|cus its gay
|join|wadata
|c| req'd by crobro|blown back
|c|★TFL|kk
|leave|wadata
|
|switch|p1a: Scizor|Scizor, M|290\/290
|move|p2a: Latias|Draco Meteor|p1a: Scizor
|-resisted|p1a: Scizor
|-damage|p1a: Scizor|173\/290
|-unboost|p2a: Latias|spa|2
|
|turn|6
|c| AstroChesnaught|Dugtrio is cool
|
|switch|p2a: Volcarona|Volcarona, M|329\/329
|detailschange|p1a: Scizor|Scizor-Mega, M
|-mega|p1a: Scizor|Scizor|Scizorite
|move|p1a: Scizor|Bullet Punch|p2a: Volcarona
|-resisted|p2a: Volcarona
|-damage|p2a: Volcarona|233\/329
|
|turn|7
|c| gizmo|alkov is going really try hard right now
|c| Yuttt.annual|no burn
|c| Yuttt.annual|..
|c| gizmo|hp ground
|c| gizmo|HP GROUND
|c| req'd by crobro|wheres the burn
|
|switch|p1a: Keldeo|Keldeo|323\/323
|move|p2a: Volcarona|Fire Blast|p1a: Keldeo|[miss]
|-miss|p2a: Volcarona|p1a: Keldeo
|
|turn|8
|c| gizmo|IDC IF YOU HAVE A DUGTRIO
|c| gizmo|HP GROUND
|join|Mega Magic Bounce
|
|switch|p2a: Jirachi|Jirachi|160\/404
|move|p1a: Keldeo|Scald|p2a: Jirachi
|-damage|p2a: Jirachi|10\/404
|
|-heal|p2a: Jirachi|35\/404|[from] item: Leftovers
|turn|9
|
|switch|p2a: Rotom-Wash|Rotom-Wash|303\/303
|move|p1a: Keldeo|Scald|p2a: Rotom-Wash
|-crit|p2a: Rotom-Wash
|-resisted|p2a: Rotom-Wash
|-damage|p2a: Rotom-Wash|198\/303
|-status|p2a: Rotom-Wash|brn
|
|-heal|p2a: Rotom-Wash|216\/303 brn|[from] item: Leftovers
|-damage|p2a: Rotom-Wash|179\/303 brn|[from] brn
|turn|10
|c|★Alkov|skillful fireblast dodge imo
|c|★Alkov|and crit burn
|c|★Alkov|im so good
|c| Yuttt.annual|skill
|c| gizmo|uhh
|c|★Alkov|well trained pony
|c|★Alkov|giving 0 fucks
|
|switch|p1a: Serperior|Serperior, M|291\/291
|move|p2a: Rotom-Wash|Pain Split|p1a: Serperior
|-sethp|p1a: Serperior|235\/291|p2a: Rotom-Wash|235\/303 brn|[from] move: Pain Split
|
|-heal|p1a: Serperior|253\/291|[from] item: Leftovers
|-heal|p2a: Rotom-Wash|253\/303 brn|[from] item: Leftovers
|-damage|p2a: Rotom-Wash|216\/303 brn|[from] brn
|turn|11
|leave|wizardo
|c| gizmo|didn't his obviously hp rock serp win anyways?
|
|switch|p2a: Pidgeot|Pidgeot-Mega, M|307\/307
|move|p1a: Serperior|Leaf Storm|p2a: Pidgeot
|-crit|p2a: Pidgeot
|-resisted|p2a: Pidgeot
|-damage|p2a: Pidgeot|158\/307
|-boost|p1a: Serperior|spa|2
|
|-heal|p1a: Serperior|271\/291|[from] item: Leftovers
|turn|12
|c| gizmo|oh god you're using the trash serp set...
|c|★TFL|nice
|c| Bloodz|holy
|c| Percentage|ah
|c|★Alkov|all this crits
|c| Pure Demize|lol
|c| Bloodz|shit
|c|★Alkov|is delicious
|c| 5th|skillperior
|c| gizmo|YOU'RE USING
|c| Bloodz|ban alkov imo
|c| gizmo|THE TRASH
|c| gizmo|SERP SET
|c| AstroChesnaught|Guys, my fathers friend works at Gamefreak, We are getting Mega Serperior in the next games, which is why they finally released its HA because mega Serperior gets Contray
|join|Terantiel
|c| Sir Slaking|whats the trash serp set
|join|CanICrit
|c|★TFL|life orb subseed is better
|
|move|p2a: Pidgeot|Hurricane|p1a: Serperior
|-supereffective|p1a: Serperior
|-damage|p1a: Serperior|0 fnt
|faint|p1a: Serperior
|
|join|thepack
|c|★Alkov|:[
|c| Bloodz|why would he predict vs a fucking +2 serp e.e
|join|Qubae
|
|switch|p1a: Heatran|Heatran, F|385\/385
|turn|13
|c| Qubae|oh boy
|
|move|p2a: Pidgeot|U-turn|p1a: Heatran
|-resisted|p1a: Heatran
|-damage|p1a: Heatran|376\/385
|c| Qubae|standard.standard
|c| G00NY|hold up guys lemme keep this Serperior in on Pidgeot when Heatran walls it
|
|switch|p2a: Jirachi|Jirachi|35\/404
|move|p1a: Heatran|Will-O-Wisp|p2a: Jirachi
|-status|p2a: Jirachi|brn
|
|-heal|p2a: Jirachi|60\/404 brn|[from] item: Leftovers
|-heal|p1a: Heatran|385\/385|[from] item: Leftovers
|-damage|p2a: Jirachi|10\/404 brn|[from] brn
|turn|14
|c| Qubae|dug bird lati
|c| resh bully me|would have used hurricane regardless, pidgeot outspeeds anyway
|c| Qubae|when r u gonna get a life tfl
|c| Bloodz|qube
|c| Bloodz|that's the team
|
|move|p2a: Jirachi|Iron Head|p1a: Heatran
|-resisted|p1a: Heatran
|-damage|p1a: Heatran|373\/385
|cant|p1a: Heatran|flinch
|
|-heal|p2a: Jirachi|35\/404 brn|[from] item: Leftovers
|-heal|p1a: Heatran|385\/385|[from] item: Leftovers
|-damage|p2a: Jirachi|0 fnt|[from] brn
|faint|p2a: Jirachi
|c| Bloodz|that made that core in the first place
|c|★Alkov|:[
|c| gizmo|STAYED IN
|c| craing|:o
|c| gizmo|ACTUALLY
|c| gizmo|STAYED IN
|c| G00NY|That iron head
|
|switch|p2a: Dugtrio|Dugtrio, M|201\/201
|turn|15
|c| G00NY|was filthy
|c| req'd by crobro|wheres the switch
|
|move|p2a: Dugtrio|Earthquake|p1a: Heatran
|-supereffective|p1a: Heatran
|-damage|p1a: Heatran|0 fnt
|faint|p1a: Heatran
|
|join|reborncelebi
|c| Qubae|i just battled raider
|c| Qubae|who used a similar core
|
|switch|p1a: Landorus|Landorus, M|288\/319
|turn|16
|join|wadata
|c| Qubae|except he didnt have volc\/rachi
|c| Qubae|or lati
|leave|wadata
|c| gizmo|dugtrio
|c| Sir Slaking|is this the team
|c| Qubae|he had tflame and zapdos and something else
|
|move|p2a: Dugtrio|Stealth Rock|p1a: Landorus
|-sidestart|p1: Alkov|move: Stealth Rock
|move|p1a: Landorus|Earth Power|p2a: Dugtrio
|-enditem|p2a: Dugtrio|Focus Sash
|-damage|p2a: Dugtrio|1\/201
|
|turn|17
|c| Sir Slaking|from pokeaim's video?
|c| gizmo|what does dugtrio look like under the dirt
|c| Qubae|ask ben gay himself
|c| Qubae|he's in the room
|c| Yuttt.annual|worth IT
|
|move|p2a: Dugtrio|Reversal|p1a: Landorus
|-resisted|p1a: Landorus
|-damage|p1a: Landorus|188\/319
|move|p1a: Landorus|Rock Polish|p1a: Landorus
|-boost|p1a: Landorus|spe|2
|
|turn|18
|c| Sir Slaking|i dont know his alt
|c| Qubae|its his teams rofl
|c| Yuttt.annual|POWEr
|c| Yuttt.annual|RUH ROH
|c| 5th|rip
|c| AstroChesnaught|How does Mamoswine breed with Dugtrio
|c| gizmo|this duggy
|
|move|p1a: Landorus|Psychic|p2a: Dugtrio
|-damage|p2a: Dugtrio|0 fnt
|faint|p2a: Dugtrio
|
|c| gizmo|has memento
|c| Pure Demize|o no
|c| gizmo|doesn't it
|
|switch|p2a: Rotom-Wash|Rotom-Wash|216\/303 brn
|turn|19
|c| Yuttt.annual|CRIT
|c| Yuttt.annual|DODGE
|c| Yuttt.annual|HERE
|c|★Alkov|IM GONNA DODGE THIS HPUMP
|c| gizmo|psycrit
|c|★Alkov|OK?
|join|feevur
|leave|req'd by crobro
|join|req'd by crobro
|c| Sir Slaking|nah ur fucked m8
|
|move|p1a: Landorus|Psychic|p2a: Rotom-Wash
|-damage|p2a: Rotom-Wash|51\/303 brn
|move|p2a: Rotom-Wash|Hydro Pump|p1a: Landorus
|-supereffective|p1a: Landorus
|-damage|p1a: Landorus|0 fnt
|faint|p1a: Landorus
|
|-heal|p2a: Rotom-Wash|69\/303 brn|[from] item: Leftovers
|-damage|p2a: Rotom-Wash|32\/303 brn|[from] brn
|c| gizmo|chance to crit and chance to miss pump
|c| gizmo|should get one
|c|★Alkov|!!!
|c| gizmo|but doesn't
|c| Yuttt.annual|what is this HAX
|c| AstroChesnaught|nice dodge
|c| gizmo|tfl
|
|switch|p1a: Keldeo|Keldeo|323\/323
|-damage|p1a: Keldeo|303\/323|[from] Stealth Rock
|turn|20
|c| gizmo|too fucking lucky
|
|move|p1a: Keldeo|Scald|p2a: Rotom-Wash
|-resisted|p2a: Rotom-Wash
|-damage|p2a: Rotom-Wash|0 fnt
|faint|p2a: Rotom-Wash
|
|join|Rawk Hawk
|c| gizmo|always hitting pump
|c| Qubae|god damn tfl is good
|c| gizmo|Passho volc
|c| gizmo|real man
|c| craing|lati lives
|c| craing|scarf
|c| gizmo|passho volc
|c| craing|!
|c| gizmo|PASSHO VOLC
|c|★TFL|someone calc scald vs pidgeot for me plz
|c| Qubae|ben is this ur team
|c| gizmo|DO IT NOW
|c| Sir Slaking|which one is ben gay
|c| Sir Slaking|??
|c| gizmo|i am
|c| Yuttt.annual|252 SpA Keldeo Scald vs. 4 HP \/ 0 SpD Mega Pidgeot: 157-186 (50.9 - 60.3%)
|c|★Alkov|252 SpA Keldeo Scald vs. 4 HP \/ 0 SpD Mega Pidgeot: 157-186 (50.9 - 60.3%) -- guaranteed 2HKO
|c| Qubae|252 SpA Keldeo Scald vs. 4 HP \/ 0 SpD Mega Pidgeot: 157-186 (50.9 - 60.3%) -- guaranteed 2HKO
|c| Yuttt.annual|jk i MAIPULATED CALC
|c| Yuttt.annual|TO DISTURB
|c| Yuttt.annual|THE BATTLE
|c|★TFL|crit on pidgeot mattered
|c| gizmo|tfw your opponent calcs it for you
|c| Mega Magic Bounce|252 SpA Keldeo Scald vs. 4 HP \/ 0 SpD Mega Pidgeot: 157-186 (50.9 - 60.3%) -- guaranteed 2HKO
|c|★TFL|then
|join|BIGGSTEELIX
|c| craing|just go to lati
|c| gizmo|or
|c| Pure Demize|Qubae: 252 SpA Keldeo Scald vs. 4 HP \/ 0 SpD Mega Pidgeot: 157-186 (50.9 - 60.3%) -- guaranteed 2HKO
|c|★TFL|hes scarf isnt he
|c| jonj9292|252 SpA Keldeo Scald vs. 4 HP \/ 0 SpD Mega Pidgeot: 157-186 (50.9 - 60.3%) -- guaranteed 2HKO after Stealth Rock
|c| gizmo|go to your passho volc
|c| Yuttt.annual|sack the LATI
|c| craing|u live
|c| Yuttt.annual|SACK
|c| AstroChesnaught|oml
|c| gizmo|you fucking nerd
|c| Yuttt.annual|THE LATI
|c| jonj9292|3 times the confirmation lol
|c| Sir Slaking|he doesnt need to sack anything
|c| Qubae|you've got hp fire lati right
|c| Yuttt.annual|20% SURVIVE
|c| jonj9292|actually, 4 times
|c| Yuttt.annual|ASSAULT VEST LATIAS
|
|switch|p2a: Latias|Latias, F|62\/319
|turn|21
|
|switch|p1a: Zapdos|Zapdos|310\/383 tox
|-damage|p1a: Zapdos|215\/383 tox|[from] Stealth Rock
|-ability|p1a: Zapdos|Pressure
|move|p2a: Latias|Psyshock|p1a: Zapdos
|-damage|p1a: Zapdos|125\/383 tox
|
|-heal|p1a: Zapdos|148\/383 tox|[from] item: Leftovers
|-damage|p1a: Zapdos|125\/383 tox|[from] psn
|turn|22
|c| Yuttt.annual|he is SPEX
|c| Father John Misty|assault vest slowking is good for sucking pony hits
|c| Qubae|are you scarf?
|c| Sir Slaking|roost gogogogo
|c| gizmo|god damn that's weak
|
|switch|p2a: Pidgeot|Pidgeot-Mega, M|158\/307
|move|p1a: Zapdos|Volt Switch|p2a: Pidgeot
|-supereffective|p2a: Pidgeot
|-damage|p2a: Pidgeot|0 fnt
|faint|p2a: Pidgeot
|c| gizmo|holy shit
|c| AstroChesnaught|Scald wouldnt do 20%?
|c| craing|...
|c| Qubae|G_G
|c| Yuttt.annual|what
|c| Sir Slaking|gg
|c| craing|whynot
|c| craing|healing wish
|c| Sir Slaking|throw of the century
|join|hafhxa
|
|switch|p1a: Keldeo|Keldeo|303\/323
|-damage|p1a: Keldeo|283\/323|[from] Stealth Rock
|
|
|switch|p2a: Latias|Latias, F|62\/319
|turn|23
|c| Percentage|hydro miss
|c| Yuttt.annual|50 50
|c| Yuttt.annual|will he ATTACK
|c| gizmo|how
|c| Yuttt.annual|or HEALING WISH
|
|switch|p1a: Scizor|Scizor-Mega, M|173\/290
|-damage|p1a: Scizor|137\/290|[from] Stealth Rock
|move|p2a: Latias|Psyshock|p1a: Scizor
|-resisted|p1a: Scizor
|-damage|p1a: Scizor|94\/290
|
|turn|24
|leave|Jefo
|c| req'd by crobro|trash
|c| gizmo|i mean
|c| Pure Demize|only chance
|c| gizmo|he forced sciz in
|c| Pure Demize|gone
|c| gizmo|so alkov is gonna double back to keld
|c| gizmo|to prevent volc sweep
|c| Yuttt.annual|uh
|c| gizmo|right now
|c| Yuttt.annual|knock off
|c| Yuttt.annual|...
|c| gizmo|do it alkov
|c| Yuttt.annual|knock off
|c| Yuttt.annual|m8
|c| gizmo|yeah cuz that does a huge chunk!
|c| req'd by crobro|or he could just knock
|c| Yuttt.annual|PRESSURE
|
|move|p1a: Scizor|Bullet Punch|p2a: Latias
|-damage|p2a: Latias|0 fnt
|faint|p2a: Latias
|
|c| Yuttt.annual|PRESSURE
|c| Percentage|o:
|
|switch|p2a: Volcarona|Volcarona, M|233\/329
|turn|25
|c| gizmo|knock off does 0 lol
|c| Yuttt.annual|reveal
|c| Yuttt.annual|ROOST
|c| req'd by crobro|hes not bulky
|c| Yuttt.annual|reveal
|c| resh bully me|quiver :|
|
|move|p1a: Scizor|Bullet Punch|p2a: Volcarona
|-resisted|p2a: Volcarona
|-damage|p2a: Volcarona|134\/329
|move|p2a: Volcarona|Quiver Dance|p2a: Volcarona
|-boost|p2a: Volcarona|spa|1
|-boost|p2a: Volcarona|spd|1
|-boost|p2a: Volcarona|spe|1
|
|turn|26
|c| Yuttt.annual|OFFENSIVE ROOST
|c| Yuttt.annual|he DANCED
|c| gizmo|he lost
|c| gizmo|no?
|c| Bloodz|keld wins
|c| Bloodz|y
|c| Father John Misty|the cancer pony is too fast
|c| Yuttt.annual|inb4
|c| Percentage|no
|c| Yuttt.annual|scarf keld
|c| Pure Demize|no
|c| Jupiter Ascending|no it has giga
|c| Yuttt.annual|xDDDDD
|c| gizmo|it has giga
|c| Pure Demize|if scarf yeah
|
|move|p1a: Scizor|Bullet Punch|p2a: Volcarona
|-resisted|p2a: Volcarona
|-damage|p2a: Volcarona|39\/329
|move|p2a: Volcarona|Quiver Dance|p2a: Volcarona
|-boost|p2a: Volcarona|spa|1
|-boost|p2a: Volcarona|spd|1
|-boost|p2a: Volcarona|spe|1
|
|turn|27
|join|PragaSV
|c| gizmo|but keld is scarf
|c|★TFL|gg
|c| gizmo|so it doesn't matter
|c|★Alkov|gg
|c| Pure Demize|wait
|c| resh bully me|:OO
|c| AstroChesnaught|its scarfed
|c| Pure Demize|why
|c| Jupiter Ascending|choke
|c| Percentage|dumb
|c| Pure Demize|bruh
|leave|craing
|c| gizmo|tfl lost
|c| Pure Demize|twice
|-message|TFL forfeited.
|
|win|Alkov
|c|★Alkov|im scarfed keldeo
|c| gizmo|the keld is scarf
|c|★Alkov|it didnt matter
|c| gizmo|you nerds
|c| Percentage|lololol
|leave|resh bully me
|leave|Bloodz
|leave|Terantiel
|leave|thepack
|leave|5th
|leave|req'd by crobro
|leave|TFL
|player|p2
|leave|IamChow
|leave|Myliltony
|leave|Pure Demize
|leave|PragaSV
|c| Yuttt.annual|he should not have quiver danced at all
|leave|1800Rekt
|leave|AstroChesnaught
|leave|Percentage
|leave|Yuttt.annual
|leave|Jupiter Ascending