|join|Yellow Skarmory
|join|trevor ellis
|player|p1|Yellow Skarmory|144
|player|p2|trevor ellis|112
|gametype|singles
|gen|6
|tier|UU
|rule|Sleep Clause Mod: Limit one foe put to sleep
|rule|Species Clause: Limit one of each Pokémon
|rule|OHKO Clause: OHKO moves are banned
|rule|Moody Clause: Moody is banned
|rule|Evasion Moves Clause: Evasion moves are banned
|rule|Endless Battle Clause: Forcing endless battles is banned
|rule|HP Percentage Mod: HP is shown in percentages
|clearpoke
|poke|p1|Shedinja
|poke|p1|Espeon, M
|poke|p1|Zygarde
|poke|p1|Krookodile, F
|poke|p1|Aggron, M
|poke|p1|Tentacruel, M
|poke|p2|Nidoqueen, F
|poke|p2|Aerodactyl, M
|poke|p2|Suicune
|poke|p2|Forretress, M
|poke|p2|Hydreigon, F
|poke|p2|Infernape, M
|rule|Swagger Clause: Swagger is banned
|rule|Baton Pass Clause: Limit one Pokémon knowing Baton Pass
|teampreview
|join|Pootytoots
|
|start
|switch|p1a: Just a brick wall|Aggron, M|282\/282
|switch|p2a: Infernape|Infernape, M|293\/293
|turn|1
|join|Yo-YoSweg
|
|detailschange|p1a: Just a brick wall|Aggron-Mega, M
|message|Aggron has Mega Evolved into Mega Aggron!
|move|p2a: Infernape|U-turn|p1a: Just a brick wall
|-resisted|p1a: Just a brick wall
|-damage|p1a: Just a brick wall|269\/282
|join|Munkin
|
|switch|p2a: Forretress|Forretress, M|354\/354
|move|p1a: Just a brick wall|Earthquake|p2a: Forretress
|-damage|p2a: Forretress|254\/354
|
|-heal|p2a: Forretress|276\/354|[from] item: Leftovers
|turn|2
|
|switch|p1a: Eeveelution!|Espeon, M|271\/271
|move|p2a: Forretress|Volt Switch|p1a: Eeveelution!
|-damage|p1a: Eeveelution!|233\/271
|
|switch|p2a: Infernape|Infernape, M|293\/293
|
|-heal|p1a: Eeveelution!|249\/271|[from] item: Leftovers
|turn|3
|leave|Yo-YoSweg
|join|OG_Wanka
|
|switch|p1a: :)|Shedinja|1\/1
|move|p2a: Infernape|U-turn|p1a: :)
|-activate|p1a: :)|ability: Wonder Guard
|
|turn|4
|
|switch|p2a: Aerodactyl|Aerodactyl, M|337\/337
|move|p1a: :)|Swords Dance|p1a: :)
|-boost|p1a: :)|atk|2
|
|turn|5
|
|detailschange|p2a: Aerodactyl|Aerodactyl-Mega, M
|message|Aerodactyl has Mega Evolved into Mega Aerodactyl!
|move|p2a: Aerodactyl|Pursuit|p1a: :)|[from]Pursuit
|-supereffective|p1a: :)
|-enditem|p1a: :)|Focus Sash
|-damage|p1a: :)|1\/1
|switch|p1a: Just a brick wall|Aggron-Mega, M|269\/282
|
|turn|6
|join|meeowiekins
|c| OG_Wanka|nb
|
|switch|p2a: Suicune|Suicune|404\/404
|-ability|p2a: Suicune|Pressure
|move|p1a: Just a brick wall|Heavy Slam|p2a: Suicune
|-resisted|p2a: Suicune
|-damage|p2a: Suicune|358\/404
|
|-heal|p2a: Suicune|383\/404|[from] item: Leftovers
|turn|7
|
|switch|p2a: Nidoqueen|Nidoqueen, F|379\/379
|switch|p1a: Eeveelution!|Espeon, M|249\/271
|
|-heal|p1a: Eeveelution!|265\/271|[from] item: Leftovers
|turn|8
|
|switch|p2a: Forretress|Forretress, M|276\/354
|move|p1a: Eeveelution!|Calm Mind|p1a: Eeveelution!
|-boost|p1a: Eeveelution!|spa|1
|-boost|p1a: Eeveelution!|spd|1
|
|-heal|p1a: Eeveelution!|271\/271|[from] item: Leftovers
|-heal|p2a: Forretress|298\/354|[from] item: Leftovers
|turn|9
|
|move|p1a: Eeveelution!|Shadow Ball|p2a: Forretress
|-damage|p2a: Forretress|162\/354
|-unboost|p2a: Forretress|spd|1
|move|p2a: Forretress|Gyro Ball|p1a: Eeveelution!
|-damage|p1a: Eeveelution!|79\/271
|
|-heal|p1a: Eeveelution!|95\/271|[from] item: Leftovers
|-heal|p2a: Forretress|184\/354|[from] item: Leftovers
|turn|10
|
|switch|p2a: Aerodactyl|Aerodactyl-Mega, M|337\/337
|move|p1a: Eeveelution!|Shadow Ball|p2a: Aerodactyl
|-damage|p2a: Aerodactyl|180\/337
|-unboost|p2a: Aerodactyl|spd|1
|
|-heal|p1a: Eeveelution!|111\/271|[from] item: Leftovers
|turn|11
|
|move|p2a: Aerodactyl|Pursuit|p1a: Eeveelution!
|-supereffective|p1a: Eeveelution!
|-damage|p1a: Eeveelution!|0 fnt
|faint|p1a: Eeveelution!
|
|
|switch|p1a: Just a brick wall|Aggron-Mega, M|269\/282
|turn|12
|
|switch|p2a: Suicune|Suicune|383\/404
|-ability|p2a: Suicune|Pressure
|move|p1a: Just a brick wall|Stealth Rock|p2a: Suicune
|-sidestart|p2: trevor ellis|move: Stealth Rock
|
|-heal|p2a: Suicune|404\/404|[from] item: Leftovers
|turn|13
|
|switch|p1a: I Need A Nickname|Tentacruel, M|364\/364
|move|p2a: Suicune|Scald|p1a: I Need A Nickname
|-crit|p1a: I Need A Nickname
|-resisted|p1a: I Need A Nickname
|-damage|p1a: I Need A Nickname|286\/364
|-status|p1a: I Need A Nickname|brn
|
|-heal|p1a: I Need A Nickname|308\/364 brn|[from] item: Black Sludge
|-damage|p1a: I Need A Nickname|263\/364 brn|[from] brn
|turn|14
|c|★Yellow Skarmory|CritBurn
|c|★Yellow Skarmory|Really.
|
|switch|p2a: Hydreigon|Hydreigon, F|325\/325
|-damage|p2a: Hydreigon|285\/325|[from] Stealth Rock
|move|p1a: I Need A Nickname|Toxic Spikes|p2a: Hydreigon
|-sidestart|p2: trevor ellis|move: Toxic Spikes
|
|-heal|p1a: I Need A Nickname|285\/364 brn|[from] item: Black Sludge
|-damage|p1a: I Need A Nickname|240\/364 brn|[from] brn
|turn|15
|join|dodmen
|c|★trevor ellis|2spdef drops
|
|move|p2a: Hydreigon|Draco Meteor|p1a: I Need A Nickname
|-damage|p1a: I Need A Nickname|1\/364 brn
|-unboost|p2a: Hydreigon|spa|2
|-damage|p2a: Hydreigon|253\/325|[from] item: Life Orb
|move|p1a: I Need A Nickname|Acid Spray|p2a: Hydreigon
|-damage|p2a: Hydreigon|211\/325
|-unboost|p2a: Hydreigon|spd|2
|
|-heal|p1a: I Need A Nickname|23\/364 brn|[from] item: Black Sludge
|-damage|p1a: I Need A Nickname|0 fnt|[from] brn
|faint|p1a: I Need A Nickname
|
|switch|p1a: Krookodile|Krookodile, F|332\/332
|-ability|p1a: Krookodile|Intimidate|[of] p2a: Hydreigon
|-unboost|p2a: Hydreigon|atk|1
|turn|16
|
|move|p1a: Krookodile|Knock Off|p2a: Hydreigon
|-resisted|p2a: Hydreigon
|-damage|p2a: Hydreigon|107\/325
|-enditem|p2a: Hydreigon|Life Orb|[from] move: Knock Off|[of] p1a: Krookodile
|move|p2a: Hydreigon|Superpower|p1a: Krookodile
|-supereffective|p1a: Krookodile
|-damage|p1a: Krookodile|162\/332
|-unboost|p2a: Hydreigon|atk|1
|-unboost|p2a: Hydreigon|def|1
|
|turn|17
|
|move|p1a: Krookodile|Knock Off|p2a: Hydreigon
|-resisted|p2a: Hydreigon
|-damage|p2a: Hydreigon|2\/325
|move|p2a: Hydreigon|Superpower|p1a: Krookodile
|-crit|p1a: Krookodile
|-supereffective|p1a: Krookodile
|-damage|p1a: Krookodile|0 fnt
|-unboost|p2a: Hydreigon|atk|1
|-unboost|p2a: Hydreigon|def|1
|faint|p1a: Krookodile
|
|
|switch|p1a: :)|Shedinja|1\/1
|turn|18
|
|move|p1a: :)|Shadow Sneak|p2a: Hydreigon
|-resisted|p2a: Hydreigon
|-damage|p2a: Hydreigon|0 fnt
|faint|p2a: Hydreigon
|
|
|switch|p2a: Aerodactyl|Aerodactyl-Mega, M|180\/337
|-damage|p2a: Aerodactyl|96\/337|[from] Stealth Rock
|turn|19
|
|move|p1a: :)|Shadow Sneak|p2a: Aerodactyl
|-damage|p2a: Aerodactyl|35\/337
|move|p2a: Aerodactyl|Roost|p2a: Aerodactyl
|-heal|p2a: Aerodactyl|204\/337
|
|turn|20
|
|move|p1a: :)|Shadow Sneak|p2a: Aerodactyl
|-damage|p2a: Aerodactyl|144\/337
|move|p2a: Aerodactyl|Pursuit|p1a: :)
|-supereffective|p1a: :)
|-damage|p1a: :)|0 fnt
|faint|p1a: :)
|
|
|switch|p1a: Just a brick wall|Aggron-Mega, M|269\/282
|turn|21
|
|move|p2a: Aerodactyl|Earthquake|p1a: Just a brick wall
|-supereffective|p1a: Just a brick wall
|-damage|p1a: Just a brick wall|197\/282
|move|p1a: Just a brick wall|Stone Edge|p2a: Aerodactyl|[miss]
|-miss|p1a: Just a brick wall|p2a: Aerodactyl
|
|turn|22
|c|★Yellow Skarmory|THE HAX ARE TOO MUCH
|
|switch|p2a: Nidoqueen|Nidoqueen, F|379\/379
|-sideend|p2: trevor ellis|move: Toxic Spikes|[of] p2a: Nidoqueen
|-damage|p2a: Nidoqueen|356\/379|[from] Stealth Rock
|move|p1a: Just a brick wall|Heavy Slam|p2a: Nidoqueen
|-damage|p2a: Nidoqueen|85\/379
|
|turn|23
|join|BIG SCHLONG MCDONG
|
|move|p2a: Nidoqueen|Earth Power|p1a: Just a brick wall
|-supereffective|p1a: Just a brick wall
|-damage|p1a: Just a brick wall|0 fnt
|faint|p1a: Just a brick wall
|
|
|switch|p1a: Lol|Zygarde|357\/357
|-ability|p1a: Lol|Aura Break
|turn|24
|c| OG_Wanka|cune kinda wins at this point anyways
|
|move|p1a: Lol|Coil|p1a: Lol
|-boost|p1a: Lol|atk|1
|-boost|p1a: Lol|def|1
|-boost|p1a: Lol|accuracy|1
|move|p2a: Nidoqueen|Earth Power|p1a: Lol
|-damage|p1a: Lol|162\/357
|
|-heal|p1a: Lol|184\/357|[from] item: Leftovers
|turn|25
|-message|Yellow Skarmory forfeited.
|
|win|trevor ellis
|leave|Munkin
|c|★Yellow Skarmory|i lost