|join|Rain in UU
|join|trevor ellis
|player|p1|Rain in UU|155
|player|p2|trevor ellis|112
|gametype|singles
|gen|6
|tier|UU
|rule|Sleep Clause Mod: Limit one foe put to sleep
|rule|Species Clause: Limit one of each Pokémon
|rule|OHKO Clause: OHKO moves are banned
|rule|Moody Clause: Moody is banned
|rule|Evasion Moves Clause: Evasion moves are banned
|rule|Endless Battle Clause: Forcing endless battles is banned
|rule|HP Percentage Mod: HP is shown in percentages
|clearpoke
|poke|p1|Jirachi, shiny
|poke|p1|Vaporeon, F
|poke|p1|Froslass, F
|poke|p1|Crobat, F, shiny
|poke|p1|Darmanitan, F
|poke|p1|Krookodile, M, shiny
|poke|p2|Banette, M
|poke|p2|Forretress, F
|poke|p2|Togetic, M
|poke|p2|Blissey, F
|poke|p2|Nidoqueen, F
|poke|p2|Vaporeon, F
|rule|Swagger Clause: Swagger is banned
|rule|Baton Pass Clause: Limit one Pokémon knowing Baton Pass
|teampreview
|join|Celsius
|join|Anthony-Tj
|join|Bob the Bro
|join|watfor
|join|spuun
|c|★Rain in UU|=3=
|c| Bob the Bro|sick stall
|join|DatGuyChuck
|c|★trevor ellis|ye
|c| Celsius|leggo Rain :d !
|c|★trevor ellis|i thought of you
|c|★Rain in UU|:)
|
|start
|switch|p1a: Not Expected|Froslass, F|282\/282
|switch|p2a: AYY LOMA|Banette, M|332\/332
|turn|1
|c| Bob the Bro|trevor if you dont win
|c| Bob the Bro|i'll destroy your anus
|
|switch|p1a: Krookodile|Krookodile, M, shiny|340\/340
|-ability|p1a: Krookodile|Intimidate|[of] p2a: AYY LOMA
|-unboost|p2a: AYY LOMA|atk|1
|detailschange|p2a: AYY LOMA|Banette-Mega, M
|-mega|p2a: AYY LOMA|Banette|Banettite
|move|p2a: AYY LOMA|Taunt|p1a: Krookodile
|-start|p1a: Krookodile|move: Taunt
|
|turn|2
|c| watfor|bob
|c| Celsius|lol no homo pls
|c|★trevor ellis|youre that big???
|c| watfor|you should
|c| watfor|dq trev
|c| Bob the Bro|ofc
|c| watfor|if he is about to win
|c| watfor|:^]
|
|move|p2a: AYY LOMA|Will-O-Wisp|p1a: Krookodile
|-status|p1a: Krookodile|brn
|move|p1a: Krookodile|Knock Off|p2a: AYY LOMA
|-supereffective|p2a: AYY LOMA
|-damage|p2a: AYY LOMA|194\/332
|
|-damage|p1a: Krookodile|298\/340 brn|[from] brn
|turn|3
|c| Bob the Bro|mfw banette is ass at spin block
|c|★trevor ellis|it doubles as offense annoyance you fuck
|c| Bob the Bro|just git gud pls
|
|switch|p2a: AYY LOMA|Nidoqueen, F|384\/384
|move|p1a: Krookodile|Knock Off|p2a: AYY LOMA
|-damage|p2a: AYY LOMA|323\/384
|-enditem|p2a: AYY LOMA|Black Sludge|[from] move: Knock Off|[of] p1a: Krookodile
|
|-damage|p1a: Krookodile|256\/340 brn|[from] brn
|turn|4
|c| watfor|rip black sludge
|
|switch|p1a: H2O...I drink dat|Vaporeon, F|464\/464
|move|p2a: AYY LOMA|Stealth Rock|p1a: H2O...I drink dat
|-sidestart|p1: Rain in UU|move: Stealth Rock
|
|turn|5
|
|switch|p2a: AYY LOMA|Vaporeon, F|463\/463
|move|p1a: H2O...I drink dat|Heal Bell|p1a: H2O...I drink dat
|-cureteam|p1a: H2O...I drink dat|[from] move: HealBell
|
|turn|6
|
|move|p1a: H2O...I drink dat|Wish|p1a: H2O...I drink dat
|move|p2a: AYY LOMA|Baton Pass|p2a: AYY LOMA
|
|switch|p2a: AYY LOMA|Forretress, F|354\/354
|
|turn|7
|
|switch|p1a: Not Expected|Froslass, F|282\/282
|-damage|p1a: Not Expected|212\/282|[from] Stealth Rock
|move|p2a: AYY LOMA|Spikes|p1a: Not Expected
|-sidestart|p1: Rain in UU|Spikes
|
|-heal|p1a: Not Expected|282\/282|[from] move: Wish|[wisher] H2O...I drink dat
|turn|8
|
|switch|p2a: AYY LOMA|Banette-Mega, M|194\/332
|move|p1a: Not Expected|Trick|p2a: AYY LOMA
|-fail|p2a: AYY LOMA
|
|turn|9
|c|★trevor ellis|tfw not expected
|
|switch|p1a: No Switch-Ins|Crobat, F, shiny|311\/311
|-damage|p1a: No Switch-Ins|234\/311|[from] Stealth Rock
|move|p2a: AYY LOMA|Knock Off|p1a: No Switch-Ins
|-damage|p1a: No Switch-Ins|65\/311
|-enditem|p1a: No Switch-Ins|Sky Plate|[from] move: Knock Off|[of] p2a: AYY LOMA
|
|turn|10
|c| Celsius|:(
|
|move|p2a: AYY LOMA|Shadow Sneak|p1a: No Switch-Ins
|-damage|p1a: No Switch-Ins|0 fnt
|faint|p1a: No Switch-Ins
|
|
|switch|p1a: Too Fast|Darmanitan, F|352\/352
|-damage|p1a: Too Fast|264\/352|[from] Stealth Rock
|-damage|p1a: Too Fast|220\/352|[from] Spikes
|turn|11
|c|★trevor ellis|see bob the bro this gets kills
|c|★Rain in UU|The fire is coming
|c|★trevor ellis|it does stuff
|
|switch|p2a: AYY LOMA|Vaporeon, F|463\/463
|move|p1a: Too Fast|Flare Blitz|p2a: AYY LOMA
|-resisted|p2a: AYY LOMA
|-damage|p2a: AYY LOMA|212\/463
|-damage|p1a: Too Fast|137\/352|[from] recoil|[of] p2a: AYY LOMA
|
|-heal|p2a: AYY LOMA|240\/463|[from] item: Leftovers
|turn|12
|c|★Rain in UU|Prepare
|c| Bob the Bro|ok soz for doubting
|c| watfor|resist
|
|move|p2a: AYY LOMA|Protect|p2a: AYY LOMA
|-singleturn|p2a: AYY LOMA|Protect
|move|p1a: Too Fast|Flare Blitz|p2a: AYY LOMA
|-activate|p2a: AYY LOMA|Protect
|
|-heal|p2a: AYY LOMA|268\/463|[from] item: Leftovers
|turn|13
|c| Bob the Bro|im a fggt
|
|move|p1a: Too Fast|Flare Blitz|p2a: AYY LOMA
|-resisted|p2a: AYY LOMA
|-damage|p2a: AYY LOMA|15\/463
|-damage|p1a: Too Fast|54\/352|[from] recoil|[of] p2a: AYY LOMA
|move|p2a: AYY LOMA|Wish|p2a: AYY LOMA
|
|-heal|p2a: AYY LOMA|43\/463|[from] item: Leftovers
|turn|14
|leave|spuun
|c|★trevor ellis|i prepared
|leave|Anthony-Tj
|c|★trevor ellis|and didnt see much
|
|move|p2a: AYY LOMA|Protect|p2a: AYY LOMA
|-singleturn|p2a: AYY LOMA|Protect
|move|p1a: Too Fast|Flare Blitz|p2a: AYY LOMA
|-activate|p2a: AYY LOMA|Protect
|
|-heal|p2a: AYY LOMA|274\/463|[from] move: Wish|[wisher] AYY LOMA
|-heal|p2a: AYY LOMA|302\/463|[from] item: Leftovers
|turn|15
|
|move|p1a: Too Fast|Flare Blitz|p2a: AYY LOMA
|-resisted|p2a: AYY LOMA
|-damage|p2a: AYY LOMA|82\/463
|-damage|p1a: Too Fast|0 fnt|[from] recoil|[of] p2a: AYY LOMA
|faint|p1a: Too Fast
|move|p2a: AYY LOMA|Wish|p2a: AYY LOMA
|
|-heal|p2a: AYY LOMA|110\/463|[from] item: Leftovers
|
|switch|p1a: Not Expected|Froslass, F|282\/282
|-damage|p1a: Not Expected|247\/282|[from] Spikes
|-damage|p1a: Not Expected|177\/282|[from] Stealth Rock
|turn|16
|c| Bob the Bro|you always switch blis in on darm
|c| Bob the Bro|so it kills itself
|
|move|p2a: AYY LOMA|Protect|p2a: AYY LOMA
|-singleturn|p2a: AYY LOMA|Protect
|move|p1a: Not Expected|Spikes|p2a: AYY LOMA
|-sidestart|p2: trevor ellis|Spikes
|
|-heal|p2a: AYY LOMA|341\/463|[from] move: Wish|[wisher] AYY LOMA
|-heal|p2a: AYY LOMA|369\/463|[from] item: Leftovers
|turn|17
|
|move|p1a: Not Expected|Spikes|p2a: AYY LOMA
|-sidestart|p2: trevor ellis|Spikes
|move|p2a: AYY LOMA|Wish|p2a: AYY LOMA
|
|-heal|p2a: AYY LOMA|397\/463|[from] item: Leftovers
|turn|18
|
|switch|p1a: Krookodile|Krookodile, M, shiny|256\/340
|-damage|p1a: Krookodile|235\/340|[from] Stealth Rock
|-damage|p1a: Krookodile|193\/340|[from] Spikes
|-ability|p1a: Krookodile|Intimidate|[of] p2a: AYY LOMA
|-unboost|p2a: AYY LOMA|atk|1
|move|p2a: AYY LOMA|Baton Pass|p2a: AYY LOMA
|
|switch|p2a: AYY LOMA|Banette-Mega, M|194\/332
|-damage|p2a: AYY LOMA|139\/332|[from] Spikes
|
|-heal|p2a: AYY LOMA|332\/332|[from] move: Wish|[wisher] AYY LOMA
|turn|19
|c| watfor|miss wisp here
|
|move|p2a: AYY LOMA|Will-O-Wisp|p1a: Krookodile
|-status|p1a: Krookodile|brn
|move|p1a: Krookodile|Stealth Rock|p2a: AYY LOMA
|-sidestart|p2: trevor ellis|move: Stealth Rock
|
|-damage|p1a: Krookodile|151\/340 brn|[from] brn
|turn|20
|c| watfor|rip
|
|switch|p1a: H2O...I drink dat|Vaporeon, F|464\/464
|-damage|p1a: H2O...I drink dat|406\/464|[from] Stealth Rock
|-damage|p1a: H2O...I drink dat|348\/464|[from] Spikes
|move|p2a: AYY LOMA|Knock Off|p1a: H2O...I drink dat
|-damage|p1a: H2O...I drink dat|245\/464
|-enditem|p1a: H2O...I drink dat|Leftovers|[from] move: Knock Off|[of] p2a: AYY LOMA
|
|turn|21
|
|move|p2a: AYY LOMA|Taunt|p1a: H2O...I drink dat
|-start|p1a: H2O...I drink dat|move: Taunt
|cant|p1a: H2O...I drink dat|move: Taunt|Wish
|
|turn|22
|
|switch|p2a: AYY LOMA|Vaporeon, F|397\/463
|-damage|p2a: AYY LOMA|340\/463|[from] Stealth Rock
|-damage|p2a: AYY LOMA|263\/463|[from] Spikes
|move|p1a: H2O...I drink dat|Scald|p2a: AYY LOMA
|-heal|p2a: AYY LOMA|378\/463|[from] ability: Water Absorb|[of] p1a: H2O...I drink dat
|
|-heal|p2a: AYY LOMA|406\/463|[from] item: Leftovers
|turn|23
|
|switch|p1a: Not Expected|Froslass, F|177\/282
|-damage|p1a: Not Expected|107\/282|[from] Stealth Rock
|-damage|p1a: Not Expected|72\/282|[from] Spikes
|move|p2a: AYY LOMA|Baton Pass|p2a: AYY LOMA
|
|switch|p2a: AYY LOMA|Banette-Mega, M|332\/332
|-damage|p2a: AYY LOMA|277\/332|[from] Spikes
|-damage|p2a: AYY LOMA|236\/332|[from] Stealth Rock
|
|turn|24
|
|move|p2a: AYY LOMA|Taunt|p1a: Not Expected
|-start|p1a: Not Expected|move: Taunt
|move|p1a: Not Expected|Ice Beam|p2a: AYY LOMA
|-damage|p2a: AYY LOMA|77\/332
|
|turn|25
|c|★trevor ellis|noooo
|
|move|p2a: AYY LOMA|Shadow Sneak|p1a: Not Expected
|-supereffective|p1a: Not Expected
|-damage|p1a: Not Expected|0 fnt
|-start|p2a: AYY LOMA|Disable|Shadow Sneak
|faint|p1a: Not Expected
|
|c| watfor|RIP
|
|switch|p1a: H2O...I drink dat|Vaporeon, F|245\/464
|-damage|p1a: H2O...I drink dat|187\/464|[from] Stealth Rock
|-damage|p1a: H2O...I drink dat|129\/464|[from] Spikes
|turn|26
|c| watfor|at least you can
|c| watfor|spin
|
|switch|p2a: AYY LOMA|Forretress, F|354\/354
|-damage|p2a: AYY LOMA|295\/354|[from] Spikes
|-damage|p2a: AYY LOMA|251\/354|[from] Stealth Rock
|move|p1a: H2O...I drink dat|Scald|p2a: AYY LOMA
|-damage|p2a: AYY LOMA|149\/354
|
|-heal|p2a: AYY LOMA|171\/354|[from] item: Leftovers
|turn|27
|
|move|p1a: H2O...I drink dat|Scald|p2a: AYY LOMA
|-damage|p2a: AYY LOMA|75\/354
|move|p2a: AYY LOMA|Rapid Spin|p1a: H2O...I drink dat
|-damage|p1a: H2O...I drink dat|113\/464
|-sideend|p2: trevor ellis|Spikes|[from] move: Rapid Spin|[of] p2a: AYY LOMA
|-sideend|p2: trevor ellis|Stealth Rock|[from] move: Rapid Spin|[of] p2a: AYY LOMA
|
|-heal|p2a: AYY LOMA|97\/354|[from] item: Leftovers
|turn|28
|c|★trevor ellis|yung banette
|
|switch|p1a: Krookodile|Krookodile, M, shiny|151\/340 brn
|-damage|p1a: Krookodile|130\/340 brn|[from] Stealth Rock
|-damage|p1a: Krookodile|88\/340 brn|[from] Spikes
|-ability|p1a: Krookodile|Intimidate|[of] p2a: AYY LOMA
|-unboost|p2a: AYY LOMA|atk|1
|move|p2a: AYY LOMA|Volt Switch|p1a: Krookodile
|-immune|p1a: Krookodile|[msg]
|
|-heal|p2a: AYY LOMA|119\/354|[from] item: Leftovers
|-damage|p1a: Krookodile|46\/340 brn|[from] brn
|turn|29
|c| Bob the Bro|yung electric resist
|
|move|p1a: Krookodile|Knock Off|p2a: AYY LOMA
|-damage|p2a: AYY LOMA|62\/354
|-enditem|p2a: AYY LOMA|Leftovers|[from] move: Knock Off|[of] p1a: Krookodile
|move|p2a: AYY LOMA|Rapid Spin|p1a: Krookodile
|-damage|p1a: Krookodile|33\/340 brn
|
|-damage|p1a: Krookodile|0 fnt|[from] brn
|faint|p1a: Krookodile
|c| watfor|yung spin kill
|
|switch|p1a: All Skills|Jirachi, shiny|341\/341
|-damage|p1a: All Skills|299\/341|[from] Spikes
|-damage|p1a: All Skills|278\/341|[from] Stealth Rock
|turn|30
|c|★trevor ellis|must preserve fym
|
|switch|p2a: AYY LOMA|Vaporeon, F|406\/463
|move|p1a: All Skills|Trick|p2a: AYY LOMA
|-activate|p1a: All Skills|move: Trick|[of] p2a: AYY LOMA
|-item|p2a: AYY LOMA|Choice Scarf|[from] move: Trick
|-item|p1a: All Skills|Leftovers|[from] move: Trick
|
|-heal|p1a: All Skills|299\/341|[from] item: Leftovers
|turn|31
|c| Bob the Bro|oh rekt
|
|switch|p1a: H2O...I drink dat|Vaporeon, F|113\/464
|-damage|p1a: H2O...I drink dat|55\/464|[from] Stealth Rock
|-damage|p1a: H2O...I drink dat|0 fnt|[from] Spikes
|faint|p1a: H2O...I drink dat
|move|p2a: AYY LOMA|Baton Pass|p2a: AYY LOMA
|
|switch|p2a: AYY LOMA|Blissey, F|713\/713
|
|
|switch|p1a: All Skills|Jirachi, shiny|299\/341
|-damage|p1a: All Skills|257\/341|[from] Spikes
|-damage|p1a: All Skills|236\/341|[from] Stealth Rock
|turn|32
|
|move|p1a: All Skills|Iron Head|p2a: AYY LOMA
|-damage|p2a: AYY LOMA|475\/713
|cant|p2a: AYY LOMA|flinch
|
|-heal|p1a: All Skills|257\/341|[from] item: Leftovers
|-heal|p2a: AYY LOMA|519\/713|[from] item: Leftovers
|turn|33
|
|move|p1a: All Skills|Iron Head|p2a: AYY LOMA
|-damage|p2a: AYY LOMA|273\/713
|cant|p2a: AYY LOMA|flinch
|
|-heal|p1a: All Skills|278\/341|[from] item: Leftovers
|-heal|p2a: AYY LOMA|317\/713|[from] item: Leftovers
|turn|34
|c| Bob the Bro|are you the bob blis set
|c|★trevor ellis|whats that???
|
|move|p1a: All Skills|Iron Head|p2a: AYY LOMA
|-damage|p2a: AYY LOMA|77\/713
|cant|p2a: AYY LOMA|flinch
|
|-heal|p1a: All Skills|299\/341|[from] item: Leftovers
|-heal|p2a: AYY LOMA|121\/713|[from] item: Leftovers
|turn|35
|c| Bob the Bro|counter
|c|★trevor ellis|ye
|
|switch|p2a: AYY LOMA|Vaporeon, F|406\/463
|move|p1a: All Skills|Iron Head|p2a: AYY LOMA
|-resisted|p2a: AYY LOMA
|-damage|p2a: AYY LOMA|343\/463
|
|-heal|p1a: All Skills|320\/341|[from] item: Leftovers
|turn|36
|c| Bob the Bro|ah nb
|c| Bob the Bro|i taught you well
|
|move|p1a: All Skills|Zen Headbutt|p2a: AYY LOMA
|-damage|p2a: AYY LOMA|208\/463
|cant|p2a: AYY LOMA|flinch
|
|-heal|p1a: All Skills|341\/341|[from] item: Leftovers
|turn|37
|
|move|p1a: All Skills|Zen Headbutt|p2a: AYY LOMA
|-damage|p2a: AYY LOMA|84\/463
|move|p2a: AYY LOMA|Scald|p1a: All Skills
|-damage|p1a: All Skills|247\/341
|
|-heal|p1a: All Skills|268\/341|[from] item: Leftovers
|turn|38
|
|move|p1a: All Skills|Zen Headbutt|p2a: AYY LOMA
|-damage|p2a: AYY LOMA|0 fnt
|faint|p2a: AYY LOMA
|
|-heal|p1a: All Skills|289\/341|[from] item: Leftovers
|c| watfor|nice 6-0
|c| Bob the Bro|miss this willo
|c| Celsius|lol
|c| Bob the Bro|and lose
|c| watfor|go to queen
|c| watfor|dodge the zhb
|c| watfor|ez
|
|switch|p2a: AYY LOMA|Banette-Mega, M|77\/332
|turn|39
|
|move|p2a: AYY LOMA|Shadow Sneak|p1a: All Skills
|-supereffective|p1a: All Skills
|-damage|p1a: All Skills|115\/341
|move|p1a: All Skills|Iron Head|p2a: AYY LOMA
|-damage|p2a: AYY LOMA|0 fnt
|faint|p2a: AYY LOMA
|
|-heal|p1a: All Skills|136\/341|[from] item: Leftovers
|c| Bob the Bro|sick willo
|c| Bob the Bro|nerd
|c|★trevor ellis|i miss read the calc
|c|★trevor ellis|lolol
|c| Celsius|jira clutch ?
|c| watfor|he just needs 1 iron head flinch + zhb
|c| Bob the Bro|fkn slayed
|
|switch|p2a: AYY LOMA|Nidoqueen, F|323\/384
|turn|40
|c| watfor|to kill your queen
|
|move|p1a: All Skills|Zen Headbutt|p2a: AYY LOMA
|-supereffective|p2a: AYY LOMA
|-damage|p2a: AYY LOMA|125\/384
|cant|p2a: AYY LOMA|flinch
|
|-heal|p1a: All Skills|157\/341|[from] item: Leftovers
|turn|41
|c| Bob the Bro|rip
|c| Celsius|lol
|
|move|p1a: All Skills|Zen Headbutt|p2a: AYY LOMA
|-supereffective|p2a: AYY LOMA
|-damage|p2a: AYY LOMA|0 fnt
|faint|p2a: AYY LOMA
|
|-heal|p1a: All Skills|178\/341|[from] item: Leftovers
|
|switch|p2a: AYY LOMA|Forretress, F|62\/354
|turn|42
|
|move|p1a: All Skills|Iron Head|p2a: AYY LOMA
|-resisted|p2a: AYY LOMA
|-damage|p2a: AYY LOMA|14\/354
|cant|p2a: AYY LOMA|flinch
|
|-heal|p1a: All Skills|199\/341|[from] item: Leftovers
|turn|43
|c| watfor|choke harder pls
|c| watfor|trev
|
|move|p1a: All Skills|Iron Head|p2a: AYY LOMA
|-resisted|p2a: AYY LOMA
|-damage|p2a: AYY LOMA|0 fnt
|faint|p2a: AYY LOMA
|
|-heal|p1a: All Skills|220\/341|[from] item: Leftovers
|
|switch|p2a: AYY LOMA|Togetic, M|314\/314
|turn|44
|
|move|p1a: All Skills|Iron Head|p2a: AYY LOMA
|-supereffective|p2a: AYY LOMA
|-damage|p2a: AYY LOMA|186\/314
|cant|p2a: AYY LOMA|flinch
|
|-heal|p1a: All Skills|241\/341|[from] item: Leftovers
|turn|45
|c|★trevor ellis|he haxe
|c| watfor|jirachi
|c|★trevor ellis|never seen so many flinches
|c| watfor|is not hax
|
|move|p1a: All Skills|Iron Head|p2a: AYY LOMA
|-supereffective|p2a: AYY LOMA
|-damage|p2a: AYY LOMA|48\/314
|cant|p2a: AYY LOMA|flinch
|
|-heal|p1a: All Skills|262\/341|[from] item: Leftovers
|turn|46
|c| watfor|60%
|c| watfor|is double the scald
|
|move|p1a: All Skills|Iron Head|p2a: AYY LOMA
|-supereffective|p2a: AYY LOMA
|-damage|p2a: AYY LOMA|0 fnt
|faint|p2a: AYY LOMA
|
|-heal|p1a: All Skills|283\/341|[from] item: Leftovers
|
|switch|p2a: AYY LOMA|Blissey, F|121\/713
|turn|47
|c|★trevor ellis|he haxeddd
|leave|watfor
|
|move|p1a: All Skills|Iron Head|p2a: AYY LOMA
|-damage|p2a: AYY LOMA|0 fnt
|faint|p2a: AYY LOMA
|
|win|Rain in UU
|c| Bob the Bro|fkn rekt
|c| Celsius|rain :D
|c|★Rain in UU|lol
|leave|Celsius
|leave|Bob the Bro
|leave|Rain in UU
|player|p1