|join|Time Square
|join|trevor ellis
|player|p1|Time Square|152
|player|p2|trevor ellis|112
|gametype|singles
|gen|6
|tier|UU
|rated
|rule|Sleep Clause Mod: Limit one foe put to sleep
|rule|Species Clause: Limit one of each Pokémon
|rule|OHKO Clause: OHKO moves are banned
|rule|Moody Clause: Moody is banned
|rule|Evasion Moves Clause: Evasion moves are banned
|rule|Endless Battle Clause: Forcing endless battles is banned
|rule|HP Percentage Mod: HP is shown in percentages
|clearpoke
|poke|p1|Beedrill, F
|poke|p1|Forretress, M
|poke|p1|Swampert, F
|poke|p1|Togekiss, F, shiny
|poke|p1|Roserade, F
|poke|p1|Zygarde
|poke|p2|Glalie, M
|poke|p2|Klefki, F
|poke|p2|Volcarona, F
|poke|p2|Donphan, M
|poke|p2|Suicune
|poke|p2|Mienshao, F
|rule|Swagger Clause: Swagger is banned
|rule|Baton Pass Clause: Limit one Pokémon knowing Baton Pass
|teampreview
|
|start
|switch|p1a: Beedrill|Beedrill, F|271\/271
|switch|p2a: Volcarona|Volcarona, F|369\/369
|turn|1
|
|detailschange|p1a: Beedrill|Beedrill-Mega, F
|message|Beedrill has Mega Evolved into Mega Beedrill!
|move|p2a: Volcarona|Quiver Dance|p2a: Volcarona
|-boost|p2a: Volcarona|spa|1
|-boost|p2a: Volcarona|spd|1
|-boost|p2a: Volcarona|spe|1
|move|p1a: Beedrill|U-turn|p2a: Volcarona
|-resisted|p2a: Volcarona
|-damage|p2a: Volcarona|272\/369
|
|switch|p1a: Zygarde|Zygarde|407\/407
|-ability|p1a: Zygarde|Aura Break
|
|turn|2
|
|move|p2a: Volcarona|Bug Buzz|p1a: Zygarde
|-damage|p1a: Zygarde|262\/407
|-unboost|p1a: Zygarde|spd|1
|move|p1a: Zygarde|Dragon Tail|p2a: Volcarona
|-damage|p2a: Volcarona|193\/369
|drag|p2a: Mienshao|Mienshao, F|271\/271
|
|-heal|p1a: Zygarde|287\/407|[from] item: Leftovers
|turn|3
|
|switch|p1a: Togekiss|Togekiss, F, shiny|355\/355
|move|p2a: Mienshao|U-turn|p1a: Togekiss
|-resisted|p1a: Togekiss
|-damage|p1a: Togekiss|333\/355
|
|switch|p2a: Glalie|Glalie, M|301\/301
|
|-heal|p1a: Togekiss|355\/355|[from] item: Leftovers
|turn|4
|
|switch|p1a: Forretress|Forretress, M|353\/353
|detailschange|p2a: Glalie|Glalie-Mega, M
|message|Glalie has Mega Evolved into Mega Glalie!
|move|p2a: Glalie|Double-Edge|p1a: Forretress
|-resisted|p1a: Forretress
|-damage|p1a: Forretress|278\/353
|-damage|p2a: Glalie|276\/301|[from] recoil|[of] p1a: Forretress
|
|-heal|p1a: Forretress|300\/353|[from] item: Leftovers
|turn|5
|
|switch|p2a: Volcarona|Volcarona, F|193\/369
|move|p1a: Forretress|Spikes|p2a: Volcarona
|-sidestart|p2: trevor ellis|Spikes
|
|-heal|p1a: Forretress|322\/353|[from] item: Leftovers
|turn|6
|
|switch|p1a: Zygarde|Zygarde|287\/407
|-ability|p1a: Zygarde|Aura Break
|move|p2a: Volcarona|Roost|p2a: Volcarona
|-heal|p2a: Volcarona|369\/369
|
|-heal|p1a: Zygarde|312\/407|[from] item: Leftovers
|turn|7
|
|move|p2a: Volcarona|Bug Buzz|p1a: Zygarde
|-damage|p1a: Zygarde|213\/407
|move|p1a: Zygarde|Earthquake|p2a: Volcarona
|-damage|p2a: Volcarona|236\/369
|
|-heal|p1a: Zygarde|238\/407|[from] item: Leftovers
|turn|8
|
|move|p2a: Volcarona|Quiver Dance|p2a: Volcarona
|-boost|p2a: Volcarona|spa|1
|-boost|p2a: Volcarona|spd|1
|-boost|p2a: Volcarona|spe|1
|move|p1a: Zygarde|Dragon Tail|p2a: Volcarona
|-damage|p2a: Volcarona|152\/369
|drag|p2a: Suicune|Suicune|404\/404
|-damage|p2a: Suicune|354\/404|[from] Spikes
|-ability|p2a: Suicune|Pressure
|
|-heal|p1a: Zygarde|263\/407|[from] item: Leftovers
|-heal|p2a: Suicune|379\/404|[from] item: Leftovers
|turn|9
|
|switch|p1a: Roserade|Roserade, F|261\/261
|move|p2a: Suicune|Substitute|p2a: Suicune
|-start|p2a: Suicune|Substitute
|-damage|p2a: Suicune|278\/404
|
|-heal|p2a: Suicune|303\/404|[from] item: Leftovers
|turn|10
|
|move|p1a: Roserade|Sludge Bomb|p2a: Suicune
|-end|p2a: Suicune|Substitute
|-damage|p1a: Roserade|235\/261|[from] item: Life Orb
|move|p2a: Suicune|Roar|p1a: Roserade
|drag|p1a: Zygarde|Zygarde|263\/407
|-ability|p1a: Zygarde|Aura Break
|
|-heal|p1a: Zygarde|288\/407|[from] item: Leftovers
|-heal|p2a: Suicune|328\/404|[from] item: Leftovers
|turn|11
|
|switch|p1a: Beedrill|Beedrill-Mega, F|271\/271
|switch|p2a: Klefki|Klefki, F|318\/318
|-damage|p2a: Klefki|279\/318|[from] Spikes
|
|-heal|p2a: Klefki|298\/318|[from] item: Leftovers
|turn|12
|
|move|p2a: Klefki|Spikes|p1a: Beedrill
|-sidestart|p1: Time Square|Spikes
|move|p1a: Beedrill|Drill Run|p2a: Klefki
|-supereffective|p2a: Klefki
|-damage|p2a: Klefki|136\/318
|
|-heal|p2a: Klefki|155\/318|[from] item: Leftovers
|turn|13
|
|switch|p1a: Swampert|Swampert, F|401\/401
|-damage|p1a: Swampert|351\/401|[from] Spikes
|move|p2a: Klefki|Thunder Wave|p1a: Swampert
|-immune|p1a: Swampert|[msg]
|
|-heal|p2a: Klefki|174\/318|[from] item: Leftovers
|-heal|p1a: Swampert|376\/401|[from] item: Leftovers
|turn|14
|
|move|p2a: Klefki|Spikes|p1a: Swampert
|-sidestart|p1: Time Square|Spikes
|move|p1a: Swampert|Stealth Rock|p2a: Klefki
|-sidestart|p2: trevor ellis|move: Stealth Rock
|
|-heal|p2a: Klefki|193\/318|[from] item: Leftovers
|-heal|p1a: Swampert|401\/401|[from] item: Leftovers
|turn|15
|
|switch|p2a: Suicune|Suicune|328\/404
|-damage|p2a: Suicune|278\/404|[from] Spikes
|-damage|p2a: Suicune|228\/404|[from] Stealth Rock
|-ability|p2a: Suicune|Pressure
|move|p1a: Swampert|Roar|p2a: Suicune
|drag|p2a: Glalie|Glalie-Mega, M|276\/301
|-damage|p2a: Glalie|201\/301|[from] Stealth Rock
|-damage|p2a: Glalie|164\/301|[from] Spikes
|
|turn|16
|
|switch|p1a: Forretress|Forretress, M|322\/353
|-damage|p1a: Forretress|264\/353|[from] Spikes
|move|p2a: Glalie|Freeze-Dry|p1a: Forretress
|-resisted|p1a: Forretress
|-damage|p1a: Forretress|186\/353
|-status|p1a: Forretress|frz
|
|-heal|p1a: Forretress|208\/353 frz|[from] item: Leftovers
|turn|17
|
|switch|p1a: Togekiss|Togekiss, F, shiny|355\/355
|move|p2a: Glalie|Earthquake|p1a: Togekiss
|-immune|p1a: Togekiss|[msg]
|
|turn|18
|
|switch|p1a: Forretress|Forretress, M|208\/353 frz
|-damage|p1a: Forretress|150\/353 frz|[from] Spikes
|move|p2a: Glalie|Double-Edge|p1a: Forretress
|-crit|p1a: Forretress
|-resisted|p1a: Forretress
|-damage|p1a: Forretress|30\/353 frz
|-damage|p2a: Glalie|124\/301|[from] recoil|[of] p1a: Forretress
|
|-heal|p1a: Forretress|52\/353 frz|[from] item: Leftovers
|turn|19
|
|move|p2a: Glalie|Earthquake|p1a: Forretress
|-damage|p1a: Forretress|0 fnt
|faint|p1a: Forretress
|
|
|switch|p1a: Beedrill|Beedrill-Mega, F|271\/271
|-damage|p1a: Beedrill|226\/271|[from] Spikes
|turn|20
|
|switch|p2a: Klefki|Klefki, F|193\/318
|-damage|p2a: Klefki|174\/318|[from] Stealth Rock
|-damage|p2a: Klefki|135\/318|[from] Spikes
|move|p1a: Beedrill|U-turn|p2a: Klefki
|-resisted|p2a: Klefki
|-damage|p2a: Klefki|103\/318
|
|switch|p1a: Swampert|Swampert, F|401\/401
|-damage|p1a: Swampert|335\/401|[from] Spikes
|
|-heal|p2a: Klefki|122\/318|[from] item: Leftovers
|-heal|p1a: Swampert|360\/401|[from] item: Leftovers
|turn|21
|
|move|p2a: Klefki|Fairy Lock|p2a: Klefki
|-activate|Battle: uu|move: Fairy Lock
|move|p1a: Swampert|Earthquake|p2a: Klefki
|-supereffective|p2a: Klefki
|-damage|p2a: Klefki|0 fnt
|faint|p2a: Klefki
|
|-heal|p1a: Swampert|385\/401|[from] item: Leftovers
|
|switch|p2a: Glalie|Glalie-Mega, M|124\/301
|-damage|p2a: Glalie|87\/301|[from] Spikes
|-damage|p2a: Glalie|12\/301|[from] Stealth Rock
|turn|22
|
|move|p2a: Glalie|Freeze-Dry|p1a: Swampert
|-supereffective|p1a: Swampert
|-damage|p1a: Swampert|0 fnt
|faint|p1a: Swampert
|
|
|switch|p1a: Beedrill|Beedrill-Mega, F|226\/271
|-damage|p1a: Beedrill|181\/271|[from] Spikes
|turn|23
|
|move|p1a: Beedrill|U-turn|p2a: Glalie
|-damage|p2a: Glalie|0 fnt
|faint|p2a: Glalie
|
|switch|p1a: Togekiss|Togekiss, F, shiny|355\/355
|
|
|switch|p2a: Donphan|Donphan, M|384\/384
|-damage|p2a: Donphan|360\/384|[from] Stealth Rock
|-damage|p2a: Donphan|312\/384|[from] Spikes
|turn|24
|
|move|p1a: Togekiss|Air Slash|p2a: Donphan
|-damage|p2a: Donphan|105\/384
|move|p2a: Donphan|Rapid Spin|p1a: Togekiss
|-damage|p1a: Togekiss|336\/355
|-sideend|p2: trevor ellis|Spikes|[from] move: Rapid Spin|[of] p2a: Donphan
|-sideend|p2: trevor ellis|Stealth Rock|[from] move: Rapid Spin|[of] p2a: Donphan
|
|-heal|p1a: Togekiss|355\/355|[from] item: Leftovers
|-heal|p2a: Donphan|129\/384|[from] item: Leftovers
|turn|25
|c|★Time Square|lol
|
|move|p1a: Togekiss|Nasty Plot|p1a: Togekiss
|-boost|p1a: Togekiss|spa|2
|move|p2a: Donphan|Stealth Rock|p1a: Togekiss
|-sidestart|p1: Time Square|move: Stealth Rock
|
|-heal|p2a: Donphan|153\/384|[from] item: Leftovers
|turn|26
|
|move|p1a: Togekiss|Air Slash|p2a: Donphan
|-damage|p2a: Donphan|0 fnt
|faint|p2a: Donphan
|
|
|switch|p2a: Mienshao|Mienshao, F|271\/271
|turn|27
|
|move|p2a: Mienshao|Poison Jab|p1a: Togekiss
|-supereffective|p1a: Togekiss
|-damage|p1a: Togekiss|161\/355
|-status|p1a: Togekiss|psn
|move|p1a: Togekiss|Air Slash|p2a: Mienshao
|-supereffective|p2a: Mienshao
|-damage|p2a: Mienshao|0 fnt
|faint|p2a: Mienshao
|
|-heal|p1a: Togekiss|183\/355 psn|[from] item: Leftovers
|-damage|p1a: Togekiss|139\/355 psn|[from] psn
|
|switch|p2a: Volcarona|Volcarona, F|152\/369
|turn|28
|
|move|p2a: Volcarona|Fiery Dance|p1a: Togekiss
|-damage|p1a: Togekiss|24\/355 psn
|-boost|p2a: Volcarona|spa|1
|move|p1a: Togekiss|Air Slash|p2a: Volcarona
|-supereffective|p2a: Volcarona
|-damage|p2a: Volcarona|0 fnt
|faint|p2a: Volcarona
|
|-heal|p1a: Togekiss|46\/355 psn|[from] item: Leftovers
|-damage|p1a: Togekiss|2\/355 psn|[from] psn
|
|switch|p2a: Suicune|Suicune|228\/404
|-ability|p2a: Suicune|Pressure
|turn|29
|
|move|p1a: Togekiss|Air Slash|p2a: Suicune
|-damage|p2a: Suicune|0 fnt
|faint|p2a: Suicune
|
|win|Time Square
|raw|Ladder updating...
|leave|trevor ellis
|player|p2
|raw|Time Square's rating: 1520 &rarr; <strong>1538<\/strong><br \/>(+18 for winning)
|raw|trevor ellis's rating: 1481 &rarr; <strong>1464<\/strong><br \/>(-17 for losing)