|join|feng
|join|trevor ellis
|player|p1|feng|23
|player|p2|trevor ellis|266
|gametype|singles
|gen|6
|tier|UU
|rated
|rule|Sleep Clause Mod: Limit one foe put to sleep
|rule|Species Clause: Limit one of each Pokémon
|rule|OHKO Clause: OHKO moves are banned
|rule|Moody Clause: Moody is banned
|rule|Evasion Moves Clause: Evasion moves are banned
|rule|Endless Battle Clause: Forcing endless battles is banned
|rule|HP Percentage Mod: HP is shown in percentages
|clearpoke
|poke|p1|Altaria, M
|poke|p1|Bronzong
|poke|p1|Raikou
|poke|p1|Tentacruel, M
|poke|p1|Blissey, F
|poke|p1|Suicune
|poke|p2|Altaria, M
|poke|p2|Tentacruel, F
|poke|p2|Bronzong
|poke|p2|Volcarona, M
|poke|p2|Mienshao, M
|poke|p2|Shaymin
|rule|Swagger Clause: Swagger is banned
|rule|Baton Pass Clause: Limit one Pokémon knowing Baton Pass
|teampreview
|
|start
|switch|p1a: Raikou|Raikou|321\/321
|switch|p2a: Shaymin|Shaymin|341\/341
|-ability|p1a: Raikou|Pressure
|turn|1
|
|move|p1a: Raikou|Volt Switch|p2a: Shaymin
|-resisted|p2a: Shaymin
|-damage|p2a: Shaymin|254\/341
|
|switch|p1a: Altaria|Altaria, M|353\/353
|move|p2a: Shaymin|Seed Flare|p1a: Altaria|[miss]
|-miss|p2a: Shaymin|p1a: Altaria
|
|turn|2
|
|switch|p2a: Bronzong|Bronzong|338\/338
|switch|p1a: Raikou|Raikou|321\/321
|-ability|p1a: Raikou|Pressure
|
|turn|3
|
|move|p1a: Raikou|Thunderbolt|p2a: Bronzong
|-damage|p2a: Bronzong|164\/338
|move|p2a: Bronzong|Earthquake|p1a: Raikou
|-supereffective|p1a: Raikou
|-damage|p1a: Raikou|149\/321
|
|-heal|p2a: Bronzong|185\/338|[from] item: Leftovers
|turn|4
|
|switch|p1a: Suicune|Suicune|404\/404
|-ability|p1a: Suicune|Pressure
|switch|p2a: Shaymin|Shaymin|254\/341
|
|turn|5
|
|switch|p2a: Bronzong|Bronzong|185\/338
|switch|p1a: Blissey|Blissey, F|714\/714
|
|-heal|p2a: Bronzong|206\/338|[from] item: Leftovers
|turn|6
|
|move|p1a: Blissey|Seismic Toss|p2a: Bronzong
|-damage|p2a: Bronzong|106\/338
|move|p2a: Bronzong|Stealth Rock|p1a: Blissey
|-sidestart|p1: feng|move: Stealth Rock
|
|-heal|p2a: Bronzong|127\/338|[from] item: Leftovers
|turn|7
|
|switch|p2a: Altaria|Altaria, M|339\/339
|move|p1a: Blissey|Wish|p1a: Blissey
|
|turn|8
|
|switch|p2a: Volcarona|Volcarona, M|369\/369
|switch|p1a: Bronzong|Bronzong|338\/338
|-damage|p1a: Bronzong|317\/338|[from] Stealth Rock
|
|-heal|p1a: Bronzong|338\/338|[from] move: Wish|[wisher] Blissey
|turn|9
|
|switch|p1a: Tentacruel|Tentacruel, M|364\/364
|-damage|p1a: Tentacruel|319\/364|[from] Stealth Rock
|move|p2a: Volcarona|Quiver Dance|p2a: Volcarona
|-boost|p2a: Volcarona|spa|1
|-boost|p2a: Volcarona|spd|1
|-boost|p2a: Volcarona|spe|1
|
|-heal|p1a: Tentacruel|341\/364|[from] item: Black Sludge
|turn|10
|
|move|p2a: Volcarona|Quiver Dance|p2a: Volcarona
|-boost|p2a: Volcarona|spa|1
|-boost|p2a: Volcarona|spd|1
|-boost|p2a: Volcarona|spe|1
|move|p1a: Tentacruel|Toxic|p2a: Volcarona
|-status|p2a: Volcarona|tox
|-enditem|p2a: Volcarona|Lum Berry|[eat]
|-curestatus|p2a: Volcarona|tox
|
|-heal|p1a: Tentacruel|363\/364|[from] item: Black Sludge
|turn|11
|
|move|p2a: Volcarona|Fiery Dance|p1a: Tentacruel
|-resisted|p1a: Tentacruel
|-damage|p1a: Tentacruel|274\/364
|move|p1a: Tentacruel|Toxic|p2a: Volcarona
|-status|p2a: Volcarona|tox
|
|-heal|p1a: Tentacruel|296\/364|[from] item: Black Sludge
|-damage|p2a: Volcarona|346\/369 tox|[from] psn
|turn|12
|
|switch|p2a: Mienshao|Mienshao, M|271\/271
|move|p1a: Tentacruel|Rapid Spin|p2a: Mienshao
|-damage|p2a: Mienshao|255\/271
|-sideend|p1: feng|Stealth Rock|[from] move: Rapid Spin|[of] p1a: Tentacruel
|
|-heal|p1a: Tentacruel|318\/364|[from] item: Black Sludge
|turn|13
|
|switch|p1a: Suicune|Suicune|404\/404
|-ability|p1a: Suicune|Pressure
|move|p2a: Mienshao|Knock Off|p1a: Suicune
|-damage|p1a: Suicune|328\/404
|-enditem|p1a: Suicune|Leftovers|[from] move: Knock Off|[of] p2a: Mienshao
|
|turn|14
|
|switch|p2a: Shaymin|Shaymin|254\/341
|move|p1a: Suicune|Scald|p2a: Shaymin
|-resisted|p2a: Shaymin
|-damage|p2a: Shaymin|213\/341
|
|turn|15
|
|switch|p1a: Blissey|Blissey, F|714\/714
|move|p2a: Shaymin|Seed Flare|p1a: Blissey
|-damage|p1a: Blissey|522\/714
|
|-heal|p1a: Blissey|566\/714|[from] item: Leftovers
|turn|16
|
|switch|p2a: Tentacruel|Tentacruel, F|364\/364
|move|p1a: Blissey|Wish|p1a: Blissey
|
|-heal|p1a: Blissey|610\/714|[from] item: Leftovers
|turn|17
|
|switch|p1a: Raikou|Raikou|149\/321
|-ability|p1a: Raikou|Pressure
|move|p2a: Tentacruel|Toxic Spikes|p1a: Raikou
|-sidestart|p1: feng|move: Toxic Spikes
|
|-heal|p1a: Raikou|321\/321|[from] move: Wish|[wisher] Blissey
|turn|18
|
|switch|p2a: Shaymin|Shaymin|213\/341
|move|p1a: Raikou|Volt Switch|p2a: Shaymin
|-resisted|p2a: Shaymin
|-damage|p2a: Shaymin|133\/341
|
|switch|p1a: Tentacruel|Tentacruel, M|318\/364
|-sideend|p1: feng|move: Toxic Spikes|[of] p1a: Tentacruel
|
|-heal|p1a: Tentacruel|340\/364|[from] item: Black Sludge
|turn|19
|
|switch|p2a: Tentacruel|Tentacruel, F|364\/364
|switch|p1a: Blissey|Blissey, F|610\/714
|
|-heal|p1a: Blissey|654\/714|[from] item: Leftovers
|turn|20
|join|BIG SCHLONG MCDONG
|
|switch|p1a: Raikou|Raikou|321\/321
|-ability|p1a: Raikou|Pressure
|move|p2a: Tentacruel|Scald|p1a: Raikou
|-damage|p1a: Raikou|248\/321
|
|turn|21
|
|switch|p2a: Volcarona|Volcarona, M|346\/369 tox
|move|p1a: Raikou|Thunderbolt|p2a: Volcarona
|-damage|p2a: Volcarona|147\/369 tox
|
|-damage|p2a: Volcarona|124\/369 tox|[from] psn
|turn|22
|
|move|p1a: Raikou|Thunderbolt|p2a: Volcarona
|-damage|p2a: Volcarona|0 fnt
|faint|p2a: Volcarona
|
|
|switch|p2a: Altaria|Altaria, M|339\/339
|turn|23
|
|switch|p1a: Bronzong|Bronzong|338\/338
|detailschange|p2a: Altaria|Altaria-Mega, M
|message|Altaria has Mega Evolved into Mega Altaria!
|move|p2a: Altaria|Frustration|p1a: Bronzong
|-resisted|p1a: Bronzong
|-damage|p1a: Bronzong|272\/338
|
|-heal|p1a: Bronzong|293\/338|[from] item: Leftovers
|turn|24
|
|switch|p2a: Tentacruel|Tentacruel, F|364\/364
|move|p1a: Bronzong|Gyro Ball|p2a: Tentacruel
|-resisted|p2a: Tentacruel
|-damage|p2a: Tentacruel|313\/364
|
|-heal|p2a: Tentacruel|335\/364|[from] item: Black Sludge
|-heal|p1a: Bronzong|314\/338|[from] item: Leftovers
|turn|25
|
|switch|p1a: Raikou|Raikou|248\/321
|-ability|p1a: Raikou|Pressure
|move|p2a: Tentacruel|Toxic Spikes|p1a: Raikou
|-sidestart|p1: feng|move: Toxic Spikes
|
|-heal|p2a: Tentacruel|357\/364|[from] item: Black Sludge
|turn|26
|
|switch|p2a: Altaria|Altaria-Mega, M|339\/339
|move|p1a: Raikou|Volt Switch|p2a: Altaria
|-resisted|p2a: Altaria
|-damage|p2a: Altaria|252\/339
|
|switch|p1a: Tentacruel|Tentacruel, M|340\/364
|-sideend|p1: feng|move: Toxic Spikes|[of] p1a: Tentacruel
|
|-heal|p1a: Tentacruel|362\/364|[from] item: Black Sludge
|turn|27
|
|move|p2a: Altaria|Substitute|p2a: Altaria
|-start|p2a: Altaria|Substitute
|-damage|p2a: Altaria|168\/339
|move|p1a: Tentacruel|Toxic|p2a: Altaria
|
|-heal|p1a: Tentacruel|364\/364|[from] item: Black Sludge
|turn|28
|
|switch|p1a: Bronzong|Bronzong|314\/338
|move|p2a: Altaria|Roost|p2a: Altaria
|-heal|p2a: Altaria|338\/339
|
|-heal|p1a: Bronzong|335\/338|[from] item: Leftovers
|turn|29
|
|switch|p2a: Bronzong|Bronzong|127\/338
|move|p1a: Bronzong|Gyro Ball|p2a: Bronzong
|-resisted|p2a: Bronzong
|-damage|p2a: Bronzong|118\/338
|
|-heal|p2a: Bronzong|139\/338|[from] item: Leftovers
|-heal|p1a: Bronzong|338\/338|[from] item: Leftovers
|turn|30
|
|move|p2a: Bronzong|Stealth Rock|p1a: Bronzong
|-sidestart|p1: feng|move: Stealth Rock
|move|p1a: Bronzong|Stealth Rock|p2a: Bronzong
|-sidestart|p2: trevor ellis|move: Stealth Rock
|
|-heal|p2a: Bronzong|160\/338|[from] item: Leftovers
|turn|31
|
|switch|p1a: Suicune|Suicune|328\/404
|-damage|p1a: Suicune|278\/404|[from] Stealth Rock
|-ability|p1a: Suicune|Pressure
|switch|p2a: Tentacruel|Tentacruel, F|357\/364
|-damage|p2a: Tentacruel|312\/364|[from] Stealth Rock
|
|-heal|p2a: Tentacruel|334\/364|[from] item: Black Sludge
|turn|32
|
|move|p2a: Tentacruel|Rapid Spin|p1a: Suicune
|-damage|p1a: Suicune|270\/404
|-sideend|p2: trevor ellis|Stealth Rock|[from] move: Rapid Spin|[of] p2a: Tentacruel
|move|p1a: Suicune|Scald|p2a: Tentacruel
|-resisted|p2a: Tentacruel
|-damage|p2a: Tentacruel|295\/364
|
|-heal|p2a: Tentacruel|317\/364|[from] item: Black Sludge
|turn|33
|join|Sowwy
|
|move|p2a: Tentacruel|Acid Spray|p1a: Suicune
|-damage|p1a: Suicune|233\/404
|-unboost|p1a: Suicune|spd|2
|move|p1a: Suicune|Scald|p2a: Tentacruel
|-crit|p2a: Tentacruel
|-resisted|p2a: Tentacruel
|-damage|p2a: Tentacruel|258\/364
|-status|p2a: Tentacruel|brn
|
|-heal|p2a: Tentacruel|280\/364 brn|[from] item: Black Sludge
|-damage|p2a: Tentacruel|235\/364 brn|[from] brn
|turn|34
|c| Sowwy|trevor the teams really nicee
|
|switch|p2a: Shaymin|Shaymin|133\/341
|switch|p1a: Tentacruel|Tentacruel, M|364\/364
|-damage|p1a: Tentacruel|319\/364|[from] Stealth Rock
|
|-heal|p1a: Tentacruel|341\/364|[from] item: Black Sludge
|turn|35
|
|move|p2a: Shaymin|Psychic|p1a: Tentacruel
|-supereffective|p1a: Tentacruel
|-damage|p1a: Tentacruel|149\/364
|move|p1a: Tentacruel|Rapid Spin|p2a: Shaymin
|-damage|p2a: Shaymin|123\/341
|-sideend|p1: feng|Stealth Rock|[from] move: Rapid Spin|[of] p1a: Tentacruel
|
|-heal|p1a: Tentacruel|171\/364|[from] item: Black Sludge
|turn|36
|c| Sowwy|im 4-0 with it so far
|c|★trevor ellis|well you see the cores all the rage with the young kids
|
|switch|p2a: Altaria|Altaria-Mega, M|338\/339
|switch|p1a: Bronzong|Bronzong|338\/338
|
|turn|37
|c| Sowwy|rofl
|
|switch|p2a: Bronzong|Bronzong|160\/338
|switch|p1a: Raikou|Raikou|248\/321
|-ability|p1a: Raikou|Pressure
|
|-heal|p2a: Bronzong|181\/338|[from] item: Leftovers
|turn|38
|
|switch|p2a: Altaria|Altaria-Mega, M|338\/339
|move|p1a: Raikou|Volt Switch|p2a: Altaria
|-resisted|p2a: Altaria
|-damage|p2a: Altaria|251\/339
|
|switch|p1a: Bronzong|Bronzong|338\/338
|
|turn|39
|
|switch|p2a: Bronzong|Bronzong|181\/338
|move|p1a: Bronzong|Stealth Rock|p2a: Bronzong
|-sidestart|p2: trevor ellis|move: Stealth Rock
|
|-heal|p2a: Bronzong|202\/338|[from] item: Leftovers
|turn|40
|leave|Sowwy
|
|switch|p1a: Raikou|Raikou|248\/321
|-ability|p1a: Raikou|Pressure
|move|p2a: Bronzong|Stealth Rock|p1a: Raikou
|-sidestart|p1: feng|move: Stealth Rock
|
|-heal|p2a: Bronzong|223\/338|[from] item: Leftovers
|turn|41
|
|move|p1a: Raikou|Volt Switch|p2a: Bronzong
|-damage|p2a: Bronzong|85\/338
|
|switch|p1a: Suicune|Suicune|233\/404
|-damage|p1a: Suicune|183\/404|[from] Stealth Rock
|-ability|p1a: Suicune|Pressure
|move|p2a: Bronzong|Earthquake|p1a: Suicune
|-damage|p1a: Suicune|138\/404
|
|-heal|p2a: Bronzong|106\/338|[from] item: Leftovers
|turn|42
|
|switch|p2a: Shaymin|Shaymin|123\/341
|-damage|p2a: Shaymin|81\/341|[from] Stealth Rock
|move|p1a: Suicune|Rest|p1a: Suicune
|-status|p1a: Suicune|slp
|-heal|p1a: Suicune|404\/404 slp|[silent]
|-status|p1a: Suicune|slp|[from] move: Rest
|
|turn|43
|
|switch|p1a: Blissey|Blissey, F|654\/714
|-damage|p1a: Blissey|565\/714|[from] Stealth Rock
|move|p2a: Shaymin|Seed Flare|p1a: Blissey|[miss]
|-miss|p2a: Shaymin|p1a: Blissey
|
|-heal|p1a: Blissey|609\/714|[from] item: Leftovers
|turn|44
|
|switch|p2a: Bronzong|Bronzong|106\/338
|-damage|p2a: Bronzong|85\/338|[from] Stealth Rock
|move|p1a: Blissey|Wish|p1a: Blissey
|
|-heal|p1a: Blissey|653\/714|[from] item: Leftovers
|-heal|p2a: Bronzong|106\/338|[from] item: Leftovers
|turn|45
|
|move|p1a: Blissey|Seismic Toss|p2a: Bronzong
|-damage|p2a: Bronzong|6\/338
|move|p2a: Bronzong|Earthquake|p1a: Blissey
|-damage|p1a: Blissey|526\/714
|
|-heal|p1a: Blissey|714\/714|[from] move: Wish|[wisher] Blissey
|-heal|p2a: Bronzong|27\/338|[from] item: Leftovers
|turn|46
|
|switch|p2a: Tentacruel|Tentacruel, F|235\/364 brn
|-damage|p2a: Tentacruel|190\/364 brn|[from] Stealth Rock
|move|p1a: Blissey|Seismic Toss|p2a: Tentacruel
|-damage|p2a: Tentacruel|90\/364 brn
|
|-heal|p2a: Tentacruel|112\/364 brn|[from] item: Black Sludge
|-damage|p2a: Tentacruel|67\/364 brn|[from] brn
|turn|47
|
|move|p2a: Tentacruel|Rapid Spin|p1a: Blissey
|-damage|p1a: Blissey|704\/714
|-sideend|p2: trevor ellis|Stealth Rock|[from] move: Rapid Spin|[of] p2a: Tentacruel
|move|p1a: Blissey|Wish|p1a: Blissey
|
|-heal|p2a: Tentacruel|89\/364 brn|[from] item: Black Sludge
|-heal|p1a: Blissey|714\/714|[from] item: Leftovers
|-damage|p2a: Tentacruel|44\/364 brn|[from] brn
|turn|48
|
|switch|p1a: Tentacruel|Tentacruel, M|171\/364
|-damage|p1a: Tentacruel|126\/364|[from] Stealth Rock
|move|p2a: Tentacruel|Toxic Spikes|p1a: Tentacruel
|-sidestart|p1: feng|move: Toxic Spikes
|
|-heal|p1a: Tentacruel|364\/364|[from] move: Wish|[wisher] Blissey
|-heal|p2a: Tentacruel|66\/364 brn|[from] item: Black Sludge
|-damage|p2a: Tentacruel|21\/364 brn|[from] brn
|turn|49
|
|move|p2a: Tentacruel|Toxic Spikes|p1a: Tentacruel
|-sidestart|p1: feng|move: Toxic Spikes
|move|p1a: Tentacruel|Toxic Spikes|p2a: Tentacruel
|-sidestart|p2: trevor ellis|move: Toxic Spikes
|
|-heal|p2a: Tentacruel|43\/364 brn|[from] item: Black Sludge
|-damage|p2a: Tentacruel|0 fnt|[from] brn
|faint|p2a: Tentacruel
|
|switch|p2a: Shaymin|Shaymin|81\/341
|-status|p2a: Shaymin|psn
|turn|50
|
|move|p2a: Shaymin|Seed Flare|p1a: Tentacruel
|-damage|p1a: Tentacruel|163\/364
|-unboost|p1a: Tentacruel|spd|2
|move|p1a: Tentacruel|Toxic Spikes|p2a: Shaymin
|-sidestart|p2: trevor ellis|move: Toxic Spikes
|
|-heal|p1a: Tentacruel|185\/364|[from] item: Black Sludge
|-damage|p2a: Shaymin|39\/341 psn|[from] psn
|turn|51
|
|switch|p1a: Altaria|Altaria, M|353\/353
|-damage|p1a: Altaria|265\/353|[from] Stealth Rock
|move|p2a: Shaymin|Seed Flare|p1a: Altaria
|-resisted|p1a: Altaria
|-damage|p1a: Altaria|205\/353
|
|-damage|p2a: Shaymin|0 fnt|[from] psn
|faint|p2a: Shaymin
|-message|trevor ellis forfeited.
|
|win|feng
|raw|Ladder updating...
|leave|trevor ellis
|player|p2
|raw|feng's rating: 1535 &rarr; <strong>1554<\/strong><br \/>(+19 for winning)
|raw|trevor ellis's rating: 1518 &rarr; <strong>1499<\/strong><br \/>(-19 for losing)