|join|trevor ellis
|join|King UU
|player|p1|trevor ellis|112
|player|p2|King UU|22
|gametype|singles
|gen|6
|tier|UU
|rated
|rule|Sleep Clause Mod: Limit one foe put to sleep
|rule|Species Clause: Limit one of each Pokémon
|rule|OHKO Clause: OHKO moves are banned
|rule|Moody Clause: Moody is banned
|rule|Evasion Moves Clause: Evasion moves are banned
|rule|Endless Battle Clause: Forcing endless battles is banned
|rule|HP Percentage Mod: HP is shown in percentages
|clearpoke
|poke|p1|Shuckle, M
|poke|p1|Blastoise, M
|poke|p1|Machamp, M
|poke|p1|Jirachi
|poke|p1|Kingdra, F
|poke|p1|Doublade, M
|poke|p2|Yanmega, F
|poke|p2|Krookodile, F
|poke|p2|Machamp, F
|poke|p2|Jirachi
|poke|p2|Vaporeon, F
|poke|p2|Infernape, M
|rule|Swagger Clause: Swagger is banned
|rule|Baton Pass Clause: Limit one Pokémon knowing Baton Pass
|teampreview
|
|start
|switch|p1a: Shuckle|Shuckle, M|244\/244
|switch|p2a: Machamp|Machamp, F|321\/321
|turn|1
|
|move|p2a: Machamp|Dynamic Punch|p1a: Shuckle
|-damage|p1a: Shuckle|133\/244
|-start|p1a: Shuckle|confusion
|-activate|p1a: Shuckle|confusion
|move|p1a: Shuckle|Sticky Web|p2a: Machamp
|-sidestart|p2: King UU|move: Sticky Web
|
|turn|2
|join|fight to the death
|
|switch|p2a: Infernape|Infernape, M|293\/293
|-activate|p2a: Infernape|move: Sticky Web
|-unboost|p2a: Infernape|spe|1
|switch|p1a: Doublade|Doublade, M|322\/322
|
|turn|3
|
|switch|p1a: Shuckle|Shuckle, M|133\/244
|move|p2a: Infernape|Fire Blast|p1a: Shuckle
|-damage|p1a: Shuckle|51\/244
|
|turn|4
|
|move|p2a: Infernape|Fire Blast|p1a: Shuckle|[miss]
|-miss|p2a: Infernape|p1a: Shuckle
|move|p1a: Shuckle|Stealth Rock|p2a: Infernape
|-sidestart|p2: King UU|move: Stealth Rock
|
|turn|5
|c|★King UU|buhhh
|
|move|p2a: Infernape|Fire Blast|p1a: Shuckle
|-damage|p1a: Shuckle|0 fnt
|faint|p1a: Shuckle
|
|c| fight to the death|rip
|
|switch|p1a: Blastoise|Blastoise, M|313\/313
|turn|6
|
|detailschange|p1a: Blastoise|Blastoise-Mega, M
|message|Blastoise has Mega Evolved into Mega Blastoise!
|move|p1a: Blastoise|Water Pulse|p2a: Infernape
|-supereffective|p2a: Infernape
|-enditem|p2a: Infernape|Focus Sash
|-damage|p2a: Infernape|1\/293
|-start|p2a: Infernape|confusion
|-activate|p2a: Infernape|confusion
|move|p2a: Infernape|Stealth Rock|p1a: Blastoise
|-sidestart|p1: trevor ellis|move: Stealth Rock
|
|turn|7
|
|move|p1a: Blastoise|Rapid Spin|p2a: Infernape
|-damage|p2a: Infernape|0 fnt
|-sideend|p1: trevor ellis|Stealth Rock|[from] move: Rapid Spin|[of] p1a: Blastoise
|faint|p2a: Infernape
|
|join|BIG SCHLONG MCDONG
|
|switch|p2a: Yanmega|Yanmega, F|313\/313
|-damage|p2a: Yanmega|157\/313|[from] Stealth Rock
|turn|8
|c| fight to the death|kind of impressive you get away with just mega
|c| fight to the death|and no hazard control
|
|switch|p1a: Doublade|Doublade, M|322\/322
|move|p2a: Yanmega|Giga Drain|p1a: Doublade
|-resisted|p1a: Doublade
|-damage|p1a: Doublade|252\/322
|-heal|p2a: Yanmega|192\/313|[from] drain|[of] p1a: Doublade
|-damage|p2a: Yanmega|161\/313|[from] item: Life Orb
|
|-boost|p2a: Yanmega|spe|1|[from] ability: Speed Boost
|turn|9
|c|★trevor ellis|he has two taunters and machamp
|c|★trevor ellis|ppl dont want to try it most of the time
|c| fight to the death|true
|
|move|p2a: Yanmega|Bug Buzz|p1a: Doublade
|-resisted|p1a: Doublade
|-damage|p1a: Doublade|186\/322
|-damage|p2a: Yanmega|130\/313|[from] item: Life Orb
|move|p1a: Doublade|Iron Head|p2a: Yanmega
|-damage|p2a: Yanmega|0 fnt
|faint|p2a: Yanmega
|
|
|switch|p2a: Krookodile|Krookodile, F|393\/393
|-activate|p2a: Krookodile|move: Sticky Web
|-unboost|p2a: Krookodile|spe|1
|-damage|p2a: Krookodile|369\/393|[from] Stealth Rock
|-ability|p2a: Krookodile|Intimidate|[of] p1a: Doublade
|-unboost|p1a: Doublade|atk|1
|turn|10
|
|switch|p1a: Blastoise|Blastoise-Mega, M|313\/313
|move|p2a: Krookodile|Earthquake|p1a: Blastoise
|-damage|p1a: Blastoise|174\/313
|
|-heal|p2a: Krookodile|393\/393|[from] item: Leftovers
|turn|11
|
|switch|p2a: Vaporeon|Vaporeon, F|464\/464
|-damage|p2a: Vaporeon|406\/464|[from] Stealth Rock
|-activate|p2a: Vaporeon|move: Sticky Web
|-unboost|p2a: Vaporeon|spe|1
|move|p1a: Blastoise|Water Pulse|p2a: Vaporeon
|-heal|p2a: Vaporeon|464\/464|[from] ability: Water Absorb|[of] p1a: Blastoise
|
|turn|12
|
|switch|p1a: Kingdra|Kingdra, F|292\/292
|move|p2a: Vaporeon|Scald|p1a: Kingdra
|-resisted|p1a: Kingdra
|-damage|p1a: Kingdra|266\/292
|
|turn|13
|
|move|p1a: Kingdra|Focus Energy|p1a: Kingdra
|-start|p1a: Kingdra|move: Focus Energy
|move|p2a: Vaporeon|Scald|p1a: Kingdra
|-resisted|p1a: Kingdra
|-damage|p1a: Kingdra|239\/292
|-status|p1a: Kingdra|brn
|
|-damage|p1a: Kingdra|203\/292 brn|[from] brn
|turn|14
|
|move|p1a: Kingdra|Draco Meteor|p2a: Vaporeon
|-crit|p2a: Vaporeon
|-damage|p2a: Vaporeon|49\/464
|-unboost|p1a: Kingdra|spa|2
|move|p2a: Vaporeon|Wish|p2a: Vaporeon
|
|-heal|p2a: Vaporeon|78\/464|[from] item: Leftovers
|-damage|p1a: Kingdra|167\/292 brn|[from] brn
|turn|15
|
|move|p2a: Vaporeon|Protect|p2a: Vaporeon
|-singleturn|p2a: Vaporeon|Protect
|move|p1a: Kingdra|Draco Meteor|p2a: Vaporeon
|-activate|p2a: Vaporeon|Protect
|
|-heal|p2a: Vaporeon|310\/464|[from] move: Wish|[wisher] Vaporeon
|-heal|p2a: Vaporeon|339\/464|[from] item: Leftovers
|-damage|p1a: Kingdra|131\/292 brn|[from] brn
|turn|16
|
|switch|p2a: Jirachi|Jirachi|341\/341
|-activate|p2a: Jirachi|move: Sticky Web
|-unboost|p2a: Jirachi|spe|1
|-damage|p2a: Jirachi|320\/341|[from] Stealth Rock
|move|p1a: Kingdra|Draco Meteor|p2a: Jirachi
|-crit|p2a: Jirachi
|-resisted|p2a: Jirachi
|-damage|p2a: Jirachi|71\/341
|-unboost|p1a: Kingdra|spa|2
|
|-damage|p1a: Kingdra|95\/292 brn|[from] brn
|turn|17
|
|switch|p2a: Vaporeon|Vaporeon, F|339\/464
|-damage|p2a: Vaporeon|281\/464|[from] Stealth Rock
|-activate|p2a: Vaporeon|move: Sticky Web
|-unboost|p2a: Vaporeon|spe|1
|move|p1a: Kingdra|Surf|p2a: Vaporeon
|-heal|p2a: Vaporeon|397\/464|[from] ability: Water Absorb|[of] p1a: Kingdra
|
|-heal|p2a: Vaporeon|426\/464|[from] item: Leftovers
|-damage|p1a: Kingdra|59\/292 brn|[from] brn
|turn|18
|
|move|p2a: Vaporeon|Protect|p2a: Vaporeon
|-singleturn|p2a: Vaporeon|Protect
|move|p1a: Kingdra|Draco Meteor|p2a: Vaporeon
|-activate|p2a: Vaporeon|Protect
|
|-heal|p2a: Vaporeon|455\/464|[from] item: Leftovers
|-damage|p1a: Kingdra|23\/292 brn|[from] brn
|turn|19
|
|move|p1a: Kingdra|Draco Meteor|p2a: Vaporeon
|-crit|p2a: Vaporeon
|-damage|p2a: Vaporeon|71\/464
|-unboost|p1a: Kingdra|spa|2
|move|p2a: Vaporeon|Wish|p2a: Vaporeon
|
|-heal|p2a: Vaporeon|100\/464|[from] item: Leftovers
|-damage|p1a: Kingdra|0 fnt|[from] brn
|faint|p1a: Kingdra
|c|★King UU|expertly done?
|
|switch|p1a: Machamp|Machamp, M|321\/321
|turn|20
|c|★King UU|you be the judge
|c| fight to the death|you missed out on a ptect at the beginning
|c|★trevor ellis|if it was more important to my win i would have played diff
|
|move|p2a: Vaporeon|Protect|p2a: Vaporeon
|-singleturn|p2a: Vaporeon|Protect
|move|p1a: Machamp|Close Combat|p2a: Vaporeon
|-activate|p2a: Vaporeon|Protect
|
|-heal|p2a: Vaporeon|332\/464|[from] move: Wish|[wisher] Vaporeon
|-heal|p2a: Vaporeon|361\/464|[from] item: Leftovers
|turn|21
|c|★King UU|wat
|
|move|p1a: Machamp|Close Combat|p2a: Vaporeon
|-damage|p2a: Vaporeon|0 fnt
|-unboost|p1a: Machamp|def|1
|-unboost|p1a: Machamp|spd|1
|faint|p2a: Vaporeon
|
|
|switch|p2a: Jirachi|Jirachi|71\/341
|-activate|p2a: Jirachi|move: Sticky Web
|-unboost|p2a: Jirachi|spe|1
|-damage|p2a: Jirachi|50\/341|[from] Stealth Rock
|turn|22
|
|switch|p1a: Blastoise|Blastoise-Mega, M|174\/313
|move|p2a: Jirachi|Iron Head|p1a: Blastoise
|-resisted|p1a: Blastoise
|-damage|p1a: Blastoise|126\/313
|
|turn|23
|
|switch|p1a: Doublade|Doublade, M|186\/322
|move|p2a: Jirachi|Iron Head|p1a: Doublade
|-resisted|p1a: Doublade
|-damage|p1a: Doublade|157\/322
|
|turn|24
|
|move|p2a: Jirachi|Iron Head|p1a: Doublade
|-resisted|p1a: Doublade
|-damage|p1a: Doublade|128\/322
|cant|p1a: Doublade|flinch
|
|turn|25
|join|Nightmare Vampire
|
|move|p1a: Doublade|Shadow Sneak|p2a: Jirachi
|-supereffective|p2a: Jirachi
|-damage|p2a: Jirachi|0 fnt
|faint|p2a: Jirachi
|
|
|switch|p2a: Krookodile|Krookodile, F|393\/393
|-activate|p2a: Krookodile|move: Sticky Web
|-unboost|p2a: Krookodile|spe|1
|-damage|p2a: Krookodile|369\/393|[from] Stealth Rock
|-ability|p2a: Krookodile|Intimidate|[of] p1a: Doublade
|-unboost|p1a: Doublade|atk|1
|turn|26
|
|move|p2a: Krookodile|Earthquake|p1a: Doublade
|-supereffective|p1a: Doublade
|-damage|p1a: Doublade|0 fnt
|faint|p1a: Doublade
|
|-heal|p2a: Krookodile|393\/393|[from] item: Leftovers
|
|switch|p1a: Machamp|Machamp, M|321\/321
|turn|27
|c|★trevor ellis|gg
|
|move|p1a: Machamp|Close Combat|p2a: Krookodile
|-supereffective|p2a: Krookodile
|-damage|p2a: Krookodile|0 fnt
|-unboost|p1a: Machamp|def|1
|-unboost|p1a: Machamp|spd|1
|faint|p2a: Krookodile
|
|
|switch|p2a: Machamp|Machamp, F|321\/321
|-activate|p2a: Machamp|move: Sticky Web
|-unboost|p2a: Machamp|spe|1
|-damage|p2a: Machamp|301\/321|[from] Stealth Rock
|turn|28
|
|move|p1a: Machamp|Close Combat|p2a: Machamp
|-damage|p2a: Machamp|0 fnt
|-unboost|p1a: Machamp|def|1
|-unboost|p1a: Machamp|spd|1
|faint|p2a: Machamp
|
|win|trevor ellis
|raw|Ladder updating...
|raw|trevor ellis's rating: 1519 &rarr; <strong>1545<\/strong><br \/>(+26 for winning)
|raw|King UU's rating: 1624 &rarr; <strong>1598<\/strong><br \/>(-26 for losing)
|leave|trevor ellis
|player|p1
|c|★King UU|gg
|leave|King UU
|player|p2
|leave|fight to the death
|leave|BIG SCHLONG MCDONG
|join|BIG SCHLONG MCDONG