|join|trevor ellis
|join|Sae
|player|p1|trevor ellis|112
|player|p2|Sae|99
|gametype|singles
|gen|6
|tier|UU
|rated
|rule|Sleep Clause Mod: Limit one foe put to sleep
|rule|Species Clause: Limit one of each Pokémon
|rule|OHKO Clause: OHKO moves are banned
|rule|Moody Clause: Moody is banned
|rule|Evasion Moves Clause: Evasion moves are banned
|rule|Endless Battle Clause: Forcing endless battles is banned
|rule|HP Percentage Mod: HP is shown in percentages
|clearpoke
|poke|p1|Accelgor, F
|poke|p1|Swampert, M
|poke|p1|Jirachi
|poke|p1|Hydreigon, F
|poke|p1|Tornadus, M
|poke|p1|Slurpuff, M
|poke|p2|Hydreigon, F
|poke|p2|Pidgeot, M
|poke|p2|Forretress, M
|poke|p2|Entei, shiny
|poke|p2|Suicune
|poke|p2|Florges, F
|rule|Swagger Clause: Swagger is banned
|rule|Baton Pass Clause: Limit one Pokémon knowing Baton Pass
|teampreview
|
|start
|switch|p1a: Accelgor|Accelgor, F|363\/363
|switch|p2a: Pidgeot|Pidgeot, M|307\/307
|turn|1
|
|detailschange|p2a: Pidgeot|Pidgeot-Mega, M
|-mega|p2a: Pidgeot|Pidgeot|Pidgeotite
|move|p1a: Accelgor|Spikes|p2a: Pidgeot
|-sidestart|p2: Sae|Spikes
|move|p2a: Pidgeot|Hurricane|p1a: Accelgor
|-supereffective|p1a: Accelgor
|-enditem|p1a: Accelgor|Focus Sash
|-damage|p1a: Accelgor|1\/363
|
|turn|2
|
|move|p1a: Accelgor|Spikes|p2a: Pidgeot
|-sidestart|p2: Sae|Spikes
|move|p2a: Pidgeot|Hurricane|p1a: Accelgor
|-supereffective|p1a: Accelgor
|-damage|p1a: Accelgor|0 fnt
|faint|p1a: Accelgor
|
|join|blitzfiend
|
|switch|p1a: Hydreigon|Hydreigon, F|325\/325
|turn|3
|
|move|p2a: Pidgeot|Hurricane|p1a: Hydreigon
|-damage|p1a: Hydreigon|93\/325
|move|p1a: Hydreigon|Draco Meteor|p2a: Pidgeot
|-damage|p2a: Pidgeot|0 fnt
|-unboost|p1a: Hydreigon|spa|2
|-damage|p1a: Hydreigon|61\/325|[from] item: Life Orb
|faint|p2a: Pidgeot
|
|
|switch|p2a: Forretress|Forretress, M|354\/354
|-damage|p2a: Forretress|295\/354|[from] Spikes
|turn|4
|
|move|p1a: Hydreigon|Dark Pulse|p2a: Forretress
|-damage|p2a: Forretress|165\/354
|-damage|p1a: Hydreigon|29\/325|[from] item: Life Orb
|cant|p2a: Forretress|flinch
|
|-heal|p2a: Forretress|187\/354|[from] item: Leftovers
|turn|5
|
|move|p1a: Hydreigon|Dark Pulse|p2a: Forretress
|-damage|p2a: Forretress|41\/354
|-damage|p1a: Hydreigon|0 fnt|[from] item: Life Orb
|faint|p1a: Hydreigon
|move|p2a: Forretress|Rapid Spin|p1: Hydreigon|[notarget]
|-notarget
|
|-heal|p2a: Forretress|63\/354|[from] item: Leftovers
|
|switch|p1a: Swampert|Swampert, M|341\/341
|turn|6
|
|detailschange|p1a: Swampert|Swampert-Mega, M
|-mega|p1a: Swampert|Swampert|Swampertite
|move|p1a: Swampert|Earthquake|p2a: Forretress
|-crit|p2a: Forretress
|-damage|p2a: Forretress|0 fnt
|faint|p2a: Forretress
|
|
|switch|p2a: Suicune|Suicune|404\/404
|-damage|p2a: Suicune|337\/404|[from] Spikes
|-ability|p2a: Suicune|Pressure
|turn|7
|
|move|p1a: Swampert|Stealth Rock|p2a: Suicune
|-sidestart|p2: Sae|move: Stealth Rock
|move|p2a: Suicune|Calm Mind|p2a: Suicune
|-boost|p2a: Suicune|spa|1
|-boost|p2a: Suicune|spd|1
|
|-heal|p2a: Suicune|362\/404|[from] item: Leftovers
|turn|8
|
|switch|p1a: Slurpuff|Slurpuff, M|309\/309
|move|p2a: Suicune|Scald|p1a: Slurpuff
|-damage|p1a: Slurpuff|144\/309
|-enditem|p1a: Slurpuff|Sitrus Berry|[eat]
|-heal|p1a: Slurpuff|221\/309|[from] item: Sitrus Berry
|
|-heal|p2a: Suicune|387\/404|[from] item: Leftovers
|turn|9
|
|move|p1a: Slurpuff|Play Rough|p2a: Suicune
|-damage|p2a: Suicune|309\/404
|move|p2a: Suicune|Scald|p1a: Slurpuff
|-crit|p1a: Slurpuff
|-damage|p1a: Slurpuff|0 fnt
|faint|p1a: Slurpuff
|
|-heal|p2a: Suicune|334\/404|[from] item: Leftovers
|
|switch|p1a: Tornadus|Tornadus, M|299\/299
|turn|10
|
|move|p1a: Tornadus|Hurricane|p2a: Suicune
|-damage|p2a: Suicune|214\/404
|move|p2a: Suicune|Scald|p1a: Tornadus
|-damage|p1a: Tornadus|137\/299
|-status|p1a: Tornadus|brn
|
|-heal|p2a: Suicune|239\/404|[from] item: Leftovers
|-damage|p1a: Tornadus|100\/299 brn|[from] brn
|turn|11
|
|move|p1a: Tornadus|Knock Off|p2a: Suicune
|-damage|p2a: Suicune|210\/404
|-enditem|p2a: Suicune|Leftovers|[from] move: Knock Off|[of] p1a: Tornadus
|move|p2a: Suicune|Rest|p2a: Suicune
|-status|p2a: Suicune|slp
|-heal|p2a: Suicune|404\/404 slp|[silent]
|-status|p2a: Suicune|slp|[from] move: Rest
|
|-damage|p1a: Tornadus|63\/299 brn|[from] brn
|turn|12
|
|move|p1a: Tornadus|Taunt|p2a: Suicune
|-start|p2a: Suicune|move: Taunt
|cant|p2a: Suicune|slp
|cant|p2a: Suicune|move: Taunt|Sleep Talk
|
|-damage|p1a: Tornadus|26\/299 brn|[from] brn
|turn|13
|
|switch|p1a: Swampert|Swampert-Mega, M|341\/341
|cant|p2a: Suicune|slp
|
|turn|14
|
|move|p1a: Swampert|Earthquake|p2a: Suicune
|-damage|p2a: Suicune|268\/404 slp
|-curestatus|p2a: Suicune|slp
|move|p2a: Suicune|Scald|p1a: Swampert
|-damage|p1a: Swampert|232\/341
|
|-end|p2a: Suicune|move: Taunt
|turn|15
|
|move|p1a: Swampert|Power-Up Punch|p2a: Suicune
|-damage|p2a: Suicune|229\/404
|-boost|p1a: Swampert|atk|1
|move|p2a: Suicune|Scald|p1a: Swampert
|-damage|p1a: Swampert|123\/341
|
|turn|16
|
|move|p1a: Swampert|Earthquake|p2a: Suicune
|-damage|p2a: Suicune|21\/404
|move|p2a: Suicune|Scald|p1a: Swampert
|-damage|p1a: Swampert|0 fnt
|faint|p1a: Swampert
|
|c|★trevor ellis|the min max is so real
|
|switch|p1a: Jirachi|Jirachi|341\/341
|turn|17
|
|move|p1a: Jirachi|Iron Head|p2a: Suicune
|-resisted|p2a: Suicune
|-damage|p2a: Suicune|0 fnt
|faint|p2a: Suicune
|
|
|switch|p2a: Entei|Entei, shiny|371\/371
|-damage|p2a: Entei|310\/371|[from] Spikes
|-damage|p2a: Entei|218\/371|[from] Stealth Rock
|-ability|p2a: Entei|Pressure
|turn|18
|
|move|p1a: Jirachi|Iron Head|p2a: Entei
|-resisted|p2a: Entei
|-damage|p2a: Entei|151\/371
|cant|p2a: Entei|flinch
|
|turn|19
|
|move|p1a: Jirachi|Iron Head|p2a: Entei
|-resisted|p2a: Entei
|-damage|p2a: Entei|85\/371
|move|p2a: Entei|Sacred Fire|p1a: Jirachi
|-supereffective|p1a: Jirachi
|-damage|p1a: Jirachi|0 fnt
|faint|p1a: Jirachi
|
|-message|trevor ellis forfeited.
|
|win|Sae
|raw|Ladder updating...
|leave|trevor ellis
|player|p1