|join|trevor ellis
|join|sbb wont get gud
|player|p1|trevor ellis|112
|player|p2|sbb wont get gud|171
|gametype|singles
|gen|6
|tier|UU
|rated
|rule|Sleep Clause Mod: Limit one foe put to sleep
|rule|Species Clause: Limit one of each Pokémon
|rule|OHKO Clause: OHKO moves are banned
|rule|Moody Clause: Moody is banned
|rule|Evasion Moves Clause: Evasion moves are banned
|rule|Endless Battle Clause: Forcing endless battles is banned
|rule|HP Percentage Mod: HP is shown in percentages
|clearpoke
|poke|p1|Krookodile, M
|poke|p1|Togetic, F
|poke|p1|Raikou
|poke|p1|Beedrill, M
|poke|p1|Jirachi
|poke|p1|Suicune
|poke|p2|Mienshao, F
|poke|p2|Empoleon, F
|poke|p2|Pidgeot, M
|poke|p2|Krookodile, F
|poke|p2|Florges, F
|poke|p2|Zygarde
|rule|Swagger Clause: Swagger is banned
|rule|Baton Pass Clause: Limit one Pokémon knowing Baton Pass
|teampreview
|c|★trevor ellis|dodmen
|c|★trevor ellis|wus gud
|c|★sbb wont get gud|hi
|join|Swordigo
|
|start
|switch|p1a: Beedrill|Beedrill, M|271\/271
|switch|p2a: Krookodile|Krookodile, F|331\/331
|-ability|p2a: Krookodile|Intimidate|[of] p1a: Beedrill
|-unboost|p1a: Beedrill|atk|1
|turn|1
|
|switch|p2a: Empoleon|Empoleon, F|361\/361
|detailschange|p1a: Beedrill|Beedrill-Mega, M
|-mega|p1a: Beedrill|Beedrill|Beedrillite
|move|p1a: Beedrill|Protect|p1a: Beedrill
|-fail|p1a: Beedrill
|
|turn|2
|
|move|p1a: Beedrill|Knock Off|p2a: Empoleon
|-damage|p2a: Empoleon|265\/361
|-enditem|p2a: Empoleon|Leftovers|[from] move: Knock Off|[of] p1a: Beedrill
|move|p2a: Empoleon|Stealth Rock|p1a: Beedrill
|-sidestart|p1: trevor ellis|move: Stealth Rock
|
|turn|3
|
|move|p1a: Beedrill|U-turn|p2a: Empoleon
|-resisted|p2a: Empoleon
|-damage|p2a: Empoleon|196\/361
|
|switch|p1a: Raikou|Raikou|321\/321
|-damage|p1a: Raikou|281\/321|[from] Stealth Rock
|-ability|p1a: Raikou|Pressure
|move|p2a: Empoleon|Hydro Pump|p1a: Raikou
|-damage|p1a: Raikou|91\/321
|
|turn|4
|
|switch|p1a: Togetic|Togetic, F|314\/314
|-damage|p1a: Togetic|236\/314|[from] Stealth Rock
|switch|p2a: Florges|Florges, F|357\/357
|
|turn|5
|leave|Swordigo
|
|switch|p2a: Empoleon|Empoleon, F|196\/361
|move|p1a: Togetic|Defog|p2a: Empoleon
|-unboost|p2a: Empoleon|evasion|1
|-sideend|p1: trevor ellis|Stealth Rock|[from] move: Defog|[of] p1a: Togetic
|
|turn|6
|
|move|p2a: Empoleon|Stealth Rock|p1a: Togetic
|-sidestart|p1: trevor ellis|move: Stealth Rock
|move|p1a: Togetic|Baton Pass|p1a: Togetic
|
|switch|p1a: Krookodile|Krookodile, M|359\/359
|-damage|p1a: Krookodile|337\/359|[from] Stealth Rock
|-ability|p1a: Krookodile|Intimidate|[of] p2a: Empoleon
|-unboost|p2a: Empoleon|atk|1
|
|-heal|p1a: Krookodile|359\/359|[from] item: Leftovers
|turn|7
|
|switch|p2a: Pidgeot|Pidgeot, M|307\/307
|move|p1a: Krookodile|Stealth Rock|p2a: Pidgeot
|-sidestart|p2: sbb wont get gud|move: Stealth Rock
|
|turn|8
|
|detailschange|p2a: Pidgeot|Pidgeot-Mega, M
|-mega|p2a: Pidgeot|Pidgeot|Pidgeotite
|move|p2a: Pidgeot|Substitute|p2a: Pidgeot
|-start|p2a: Pidgeot|Substitute
|-damage|p2a: Pidgeot|231\/307
|move|p1a: Krookodile|Knock Off|p2a: Pidgeot
|-end|p2a: Pidgeot|Substitute
|
|turn|9
|
|switch|p1a: Jirachi|Jirachi|341\/341
|-damage|p1a: Jirachi|320\/341|[from] Stealth Rock
|move|p2a: Pidgeot|Hurricane|p1a: Jirachi
|-crit|p1a: Jirachi
|-resisted|p1a: Jirachi
|-damage|p1a: Jirachi|182\/341
|
|turn|10
|
|switch|p2a: Empoleon|Empoleon, F|196\/361
|-damage|p2a: Empoleon|174\/361|[from] Stealth Rock
|move|p1a: Jirachi|Iron Head|p2a: Empoleon
|-resisted|p2a: Empoleon
|-damage|p2a: Empoleon|142\/361
|
|turn|11
|
|switch|p1a: Suicune|Suicune|404\/404
|-damage|p1a: Suicune|354\/404|[from] Stealth Rock
|-ability|p1a: Suicune|Pressure
|move|p2a: Empoleon|Grass Knot|p1a: Suicune
|-supereffective|p1a: Suicune
|-damage|p1a: Suicune|136\/404
|
|-heal|p1a: Suicune|161\/404|[from] item: Leftovers
|turn|12
|c|★trevor ellis|just french pressed some coffee like a young god
|c|★sbb wont get gud|yung
|c|★trevor ellis|try
|c|★trevor ellis|*tru
|
|switch|p1a: Raikou|Raikou|91\/321
|-damage|p1a: Raikou|51\/321|[from] Stealth Rock
|-ability|p1a: Raikou|Pressure
|move|p2a: Empoleon|Grass Knot|p1a: Raikou
|-damage|p1a: Raikou|0 fnt
|faint|p1a: Raikou
|
|
|switch|p1a: Krookodile|Krookodile, M|359\/359
|-damage|p1a: Krookodile|337\/359|[from] Stealth Rock
|-ability|p1a: Krookodile|Intimidate|[of] p2a: Empoleon
|-unboost|p2a: Empoleon|atk|1
|turn|13
|
|switch|p2a: Florges|Florges, F|357\/357
|-damage|p2a: Florges|313\/357|[from] Stealth Rock
|move|p1a: Krookodile|Knock Off|p2a: Florges
|-resisted|p2a: Florges
|-damage|p2a: Florges|237\/357
|-enditem|p2a: Florges|Leftovers|[from] move: Knock Off|[of] p1a: Krookodile
|
|-heal|p1a: Krookodile|359\/359|[from] item: Leftovers
|turn|14
|
|move|p1a: Krookodile|Taunt|p2a: Florges
|-start|p2a: Florges|move: Taunt
|move|p2a: Florges|Moonblast|p1a: Krookodile
|-crit|p1a: Krookodile
|-supereffective|p1a: Krookodile
|-damage|p1a: Krookodile|0 fnt
|faint|p1a: Krookodile
|
|
|switch|p1a: Beedrill|Beedrill-Mega, M|271\/271
|-damage|p1a: Beedrill|204\/271|[from] Stealth Rock
|turn|15
|
|move|p1a: Beedrill|Poison Jab|p2a: Florges
|-supereffective|p2a: Florges
|-damage|p2a: Florges|0 fnt
|faint|p2a: Florges
|
|
|switch|p2a: Empoleon|Empoleon, F|142\/361
|-damage|p2a: Empoleon|120\/361|[from] Stealth Rock
|turn|16
|
|move|p1a: Beedrill|U-turn|p2a: Empoleon
|-resisted|p2a: Empoleon
|-damage|p2a: Empoleon|19\/361
|
|switch|p1a: Suicune|Suicune|161\/404
|-damage|p1a: Suicune|111\/404|[from] Stealth Rock
|-ability|p1a: Suicune|Pressure
|move|p2a: Empoleon|Hydro Pump|p1a: Suicune
|-resisted|p1a: Suicune
|-damage|p1a: Suicune|0 fnt
|faint|p1a: Suicune
|
|c|★trevor ellis|gg
|-message|trevor ellis forfeited.
|leave|trevor ellis
|c|★sbb wont get gud|gg
|
|win|sbb wont get gud
|raw|Ladder updating...
|player|p1
|raw|trevor ellis's rating: 1459 &rarr; <strong>1440<\/strong><br \/>(-19 for losing)
|raw|sbb wont get gud's rating: 1476 &rarr; <strong>1495<\/strong><br \/>(+19 for winning)