|join|trevor ellis
|join|lapraz
|player|p1|trevor ellis|112
|player|p2|lapraz|157
|gametype|singles
|gen|6
|tier|UU
|rated
|rule|Sleep Clause Mod: Limit one foe put to sleep
|rule|Species Clause: Limit one of each Pokémon
|rule|OHKO Clause: OHKO moves are banned
|rule|Moody Clause: Moody is banned
|rule|Evasion Moves Clause: Evasion moves are banned
|rule|Endless Battle Clause: Forcing endless battles is banned
|rule|HP Percentage Mod: HP is shown in percentages
|clearpoke
|poke|p1|Hydreigon, F
|poke|p1|Blastoise, M
|poke|p1|Fletchinder, F
|poke|p1|Jirachi
|poke|p1|Raikou
|poke|p1|Mienshao, F
|poke|p2|Florges, F
|poke|p2|Steelix, F
|poke|p2|Tentacruel, F
|poke|p2|Noivern, M
|poke|p2|Jellicent, F
|poke|p2|Chesnaught, F
|rule|Swagger Clause: Swagger is banned
|rule|Baton Pass Clause: Limit one Pokémon knowing Baton Pass
|teampreview
|
|start
|switch|p1a: smogon|Fletchinder, F|289\/289
|switch|p2a: Chesnaught|Chesnaught, F|380\/380
|turn|1
|
|switch|p2a: Tentacruel|Tentacruel, F|364\/364
|move|p1a: smogon|Will-O-Wisp|p2a: Tentacruel
|-status|p2a: Tentacruel|brn
|
|-damage|p2a: Tentacruel|319\/364 brn|[from] brn
|turn|2
|
|switch|p1a: im a dreigon|Hydreigon, F|325\/325
|move|p2a: Tentacruel|Scald|p1a: im a dreigon
|-resisted|p1a: im a dreigon
|-damage|p1a: im a dreigon|280\/325
|-status|p1a: im a dreigon|brn
|
|-heal|p2a: Tentacruel|341\/364 brn|[from] item: Black Sludge
|-damage|p1a: im a dreigon|240\/325 brn|[from] brn
|-damage|p2a: Tentacruel|296\/364 brn|[from] brn
|turn|3
|
|switch|p1a: the set|Jirachi|377\/377
|switch|p2a: Florges|Florges, F|360\/360
|
|turn|4
|
|switch|p2a: Steelix|Steelix, F|354\/354
|move|p1a: the set|Stealth Rock|p2a: Steelix
|-sidestart|p2: lapraz|move: Stealth Rock
|
|turn|5
|
|detailschange|p2a: Steelix|Steelix-Mega, F
|-mega|p2a: Steelix|Steelix|Steelixite
|move|p1a: the set|U-turn|p2a: Steelix
|-resisted|p2a: Steelix
|-damage|p2a: Steelix|339\/354
|
|switch|p1a: Blastoise|Blastoise, M|361\/361
|move|p2a: Steelix|Stealth Rock|p1a: Blastoise
|-sidestart|p1: trevor ellis|move: Stealth Rock
|
|turn|6
|
|switch|p2a: Jellicent|Jellicent, F|404\/404
|-damage|p2a: Jellicent|354\/404|[from] Stealth Rock
|detailschange|p1a: Blastoise|Blastoise-Mega, M
|-mega|p1a: Blastoise|Blastoise|Blastoisinite
|move|p1a: Blastoise|Toxic|p2a: Jellicent
|-status|p2a: Jellicent|tox
|
|-heal|p2a: Jellicent|379\/404 tox|[from] item: Leftovers
|-damage|p2a: Jellicent|354\/404 tox|[from] psn
|turn|7
|
|switch|p1a: im a dreigon|Hydreigon, F|240\/325 brn
|-damage|p1a: im a dreigon|200\/325 brn|[from] Stealth Rock
|move|p2a: Jellicent|Will-O-Wisp|p1a: im a dreigon
|-fail|p1a: im a dreigon|brn
|
|-heal|p2a: Jellicent|379\/404 tox|[from] item: Leftovers
|-damage|p1a: im a dreigon|160\/325 brn|[from] brn
|-damage|p2a: Jellicent|329\/404 tox|[from] psn
|turn|8
|
|switch|p1a: the set|Jirachi|377\/377
|-damage|p1a: the set|354\/377|[from] Stealth Rock
|switch|p2a: Florges|Florges, F|360\/360
|-damage|p2a: Florges|315\/360|[from] Stealth Rock
|
|-heal|p1a: the set|377\/377|[from] item: Leftovers
|-heal|p2a: Florges|337\/360|[from] item: Leftovers
|turn|9
|
|switch|p2a: Chesnaught|Chesnaught, F|380\/380
|-damage|p2a: Chesnaught|357\/380|[from] Stealth Rock
|move|p1a: the set|Iron Head|p2a: Chesnaught
|-damage|p2a: Chesnaught|293\/380
|
|-heal|p2a: Chesnaught|316\/380|[from] item: Leftovers
|turn|10
|
|move|p1a: the set|Body Slam|p2a: Chesnaught
|-damage|p2a: Chesnaught|268\/380
|-status|p2a: Chesnaught|par
|move|p2a: Chesnaught|Leech Seed|p1a: the set
|-start|p1a: the set|move: Leech Seed
|
|-heal|p2a: Chesnaught|291\/380 par|[from] item: Leftovers
|-damage|p1a: the set|330\/377|[from] Leech Seed|[of] p2a: Chesnaught
|-heal|p2a: Chesnaught|338\/380 par|[silent]
|turn|11
|
|switch|p1a: Blastoise|Blastoise-Mega, M|361\/361
|-damage|p1a: Blastoise|316\/361|[from] Stealth Rock
|cant|p2a: Chesnaught|par
|
|-heal|p2a: Chesnaught|361\/380 par|[from] item: Leftovers
|turn|12
|
|switch|p2a: Jellicent|Jellicent, F|329\/404 tox
|-damage|p2a: Jellicent|279\/404 tox|[from] Stealth Rock
|move|p1a: Blastoise|Rapid Spin|p2a: Jellicent
|-immune|p2a: Jellicent|[msg]
|
|-heal|p2a: Jellicent|304\/404 tox|[from] item: Leftovers
|-damage|p2a: Jellicent|279\/404 tox|[from] psn
|turn|13
|
|switch|p1a: im a dreigon|Hydreigon, F|160\/325 brn
|-damage|p1a: im a dreigon|120\/325 brn|[from] Stealth Rock
|move|p2a: Jellicent|Scald|p1a: im a dreigon
|-resisted|p1a: im a dreigon
|-damage|p1a: im a dreigon|78\/325 brn
|
|-heal|p2a: Jellicent|304\/404 tox|[from] item: Leftovers
|-damage|p1a: im a dreigon|38\/325 brn|[from] brn
|-damage|p2a: Jellicent|254\/404 tox|[from] psn
|turn|14
|
|switch|p2a: Florges|Florges, F|337\/360
|-damage|p2a: Florges|292\/360|[from] Stealth Rock
|move|p1a: im a dreigon|Roost|p1a: im a dreigon
|-heal|p1a: im a dreigon|201\/325 brn
|
|-heal|p2a: Florges|314\/360|[from] item: Leftovers
|-damage|p1a: im a dreigon|161\/325 brn|[from] brn
|turn|15
|
|switch|p1a: the set|Jirachi|330\/377
|-damage|p1a: the set|307\/377|[from] Stealth Rock
|move|p2a: Florges|Aromatherapy|p2a: Florges
|-cureteam|p2a: Florges|[from] move: Aromatherapy
|
|-heal|p1a: the set|330\/377|[from] item: Leftovers
|-heal|p2a: Florges|336\/360|[from] item: Leftovers
|turn|16
|
|switch|p2a: Chesnaught|Chesnaught, F|361\/380
|-damage|p2a: Chesnaught|338\/380|[from] Stealth Rock
|move|p1a: the set|U-turn|p2a: Chesnaught
|-damage|p2a: Chesnaught|300\/380
|
|switch|p1a: thunder thunder th|Raikou|359\/359
|-damage|p1a: thunder thunder th|315\/359|[from] Stealth Rock
|-ability|p1a: thunder thunder th|Pressure
|
|-heal|p1a: thunder thunder th|337\/359|[from] item: Leftovers
|-heal|p2a: Chesnaught|323\/380|[from] item: Leftovers
|turn|17
|
|switch|p2a: Steelix|Steelix-Mega, F|339\/354
|-damage|p2a: Steelix|328\/354|[from] Stealth Rock
|move|p1a: thunder thunder th|Substitute|p1a: thunder thunder th
|-start|p1a: thunder thunder th|Substitute
|-damage|p1a: thunder thunder th|248\/359
|
|-heal|p1a: thunder thunder th|270\/359|[from] item: Leftovers
|turn|18
|
|move|p1a: thunder thunder th|Hidden Power|p2a: Steelix
|-damage|p2a: Steelix|280\/354
|move|p2a: Steelix|Roar|p1a: thunder thunder th
|drag|p1a: Blastoise|Blastoise-Mega, M|316\/361
|-damage|p1a: Blastoise|271\/361|[from] Stealth Rock
|
|turn|19
|
|switch|p2a: Tentacruel|Tentacruel, F|296\/364
|-damage|p2a: Tentacruel|251\/364|[from] Stealth Rock
|move|p1a: Blastoise|Toxic|p2a: Tentacruel
|-fail|p2a: Tentacruel
|
|-heal|p2a: Tentacruel|273\/364|[from] item: Black Sludge
|turn|20
|
|switch|p2a: Jellicent|Jellicent, F|254\/404
|-damage|p2a: Jellicent|204\/404|[from] Stealth Rock
|move|p1a: Blastoise|Rapid Spin|p2a: Jellicent
|-immune|p2a: Jellicent|[msg]
|
|-heal|p2a: Jellicent|229\/404|[from] item: Leftovers
|turn|21
|
|move|p1a: Blastoise|Toxic|p2a: Jellicent
|-status|p2a: Jellicent|tox
|move|p2a: Jellicent|Taunt|p1a: Blastoise
|-start|p1a: Blastoise|move: Taunt
|
|-heal|p2a: Jellicent|254\/404 tox|[from] item: Leftovers
|-damage|p2a: Jellicent|229\/404 tox|[from] psn
|turn|22
|
|switch|p1a: the set|Jirachi|330\/377
|-damage|p1a: the set|307\/377|[from] Stealth Rock
|switch|p2a: Florges|Florges, F|336\/360
|-damage|p2a: Florges|291\/360|[from] Stealth Rock
|
|-heal|p1a: the set|330\/377|[from] item: Leftovers
|-heal|p2a: Florges|313\/360|[from] item: Leftovers
|turn|23
|c|★trevor ellis|plays
|c|★trevor ellis|yung mind reader
|c|★lapraz|ye
|
|switch|p2a: Steelix|Steelix-Mega, F|280\/354
|-damage|p2a: Steelix|269\/354|[from] Stealth Rock
|move|p1a: the set|Iron Head|p2a: Steelix
|-resisted|p2a: Steelix
|-damage|p2a: Steelix|243\/354
|
|-heal|p1a: the set|353\/377|[from] item: Leftovers
|turn|24
|
|move|p1a: the set|U-turn|p2a: Steelix
|-resisted|p2a: Steelix
|-damage|p2a: Steelix|228\/354
|
|switch|p1a: Blastoise|Blastoise-Mega, M|271\/361
|-damage|p1a: Blastoise|226\/361|[from] Stealth Rock
|move|p2a: Steelix|Earthquake|p1a: Blastoise
|-damage|p1a: Blastoise|142\/361
|
|turn|25
|join|RowDog
|
|switch|p1a: the set|Jirachi|353\/377
|-damage|p1a: the set|330\/377|[from] Stealth Rock
|move|p2a: Steelix|Roar|p1a: the set
|drag|p1a: smogon|Fletchinder, F|289\/289
|-damage|p1a: smogon|145\/289|[from] Stealth Rock
|
|turn|26
|
|switch|p1a: im a dreigon|Hydreigon, F|161\/325 brn
|-damage|p1a: im a dreigon|121\/325 brn|[from] Stealth Rock
|switch|p2a: Jellicent|Jellicent, F|229\/404 tox
|-damage|p2a: Jellicent|179\/404 tox|[from] Stealth Rock
|
|-heal|p2a: Jellicent|204\/404 tox|[from] item: Leftovers
|-damage|p1a: im a dreigon|81\/325 brn|[from] brn
|-damage|p2a: Jellicent|179\/404 tox|[from] psn
|turn|27
|
|switch|p1a: the set|Jirachi|330\/377
|-damage|p1a: the set|307\/377|[from] Stealth Rock
|move|p2a: Jellicent|Recover|p2a: Jellicent
|-heal|p2a: Jellicent|381\/404 tox
|
|-heal|p1a: the set|330\/377|[from] item: Leftovers
|-heal|p2a: Jellicent|404\/404 tox|[from] item: Leftovers
|-damage|p2a: Jellicent|354\/404 tox|[from] psn
|turn|28
|
|switch|p2a: Steelix|Steelix-Mega, F|228\/354
|-damage|p2a: Steelix|217\/354|[from] Stealth Rock
|move|p1a: the set|Iron Head|p2a: Steelix
|-resisted|p2a: Steelix
|-damage|p2a: Steelix|193\/354
|
|-heal|p1a: the set|353\/377|[from] item: Leftovers
|turn|29
|
|move|p1a: the set|Iron Head|p2a: Steelix
|-resisted|p2a: Steelix
|-damage|p2a: Steelix|169\/354
|move|p2a: Steelix|Roar|p1a: the set
|drag|p1a: thunder thunder th|Raikou|270\/359
|-damage|p1a: thunder thunder th|226\/359|[from] Stealth Rock
|-ability|p1a: thunder thunder th|Pressure
|
|-heal|p1a: thunder thunder th|248\/359|[from] item: Leftovers
|turn|30
|
|switch|p1a: im a dreigon|Hydreigon, F|81\/325 brn
|-damage|p1a: im a dreigon|41\/325 brn|[from] Stealth Rock
|move|p2a: Steelix|Earthquake|p1a: im a dreigon
|-immune|p1a: im a dreigon|[msg]
|
|-damage|p1a: im a dreigon|1\/325 brn|[from] brn
|turn|31
|
|move|p1a: im a dreigon|Dark Pulse|p2a: Steelix
|-damage|p2a: Steelix|47\/354
|-damage|p1a: im a dreigon|0 fnt|[from] item: Life Orb
|faint|p1a: im a dreigon
|move|p2a: Steelix|Earthquake|p1: im a dreigon|[notarget]
|-notarget
|
|
|switch|p1a: Blastoise|Blastoise-Mega, M|142\/361
|-damage|p1a: Blastoise|97\/361|[from] Stealth Rock
|turn|32
|
|switch|p2a: Jellicent|Jellicent, F|354\/404 tox
|-damage|p2a: Jellicent|304\/404 tox|[from] Stealth Rock
|move|p1a: Blastoise|Scald|p2a: Jellicent
|-heal|p2a: Jellicent|404\/404 tox|[from] ability: Water Absorb|[of] p1a: Blastoise
|
|-damage|p2a: Jellicent|379\/404 tox|[from] psn
|turn|33
|
|switch|p1a: chun li my bae|Mienshao, F|271\/271
|-damage|p1a: chun li my bae|255\/271|[from] Stealth Rock
|move|p2a: Jellicent|Will-O-Wisp|p1a: chun li my bae
|-status|p1a: chun li my bae|brn
|
|-heal|p2a: Jellicent|404\/404 tox|[from] item: Leftovers
|-damage|p1a: chun li my bae|222\/271 brn|[from] brn
|-damage|p2a: Jellicent|354\/404 tox|[from] psn
|turn|34
|
|switch|p2a: Chesnaught|Chesnaught, F|323\/380
|-damage|p2a: Chesnaught|300\/380|[from] Stealth Rock
|move|p1a: chun li my bae|U-turn|p2a: Chesnaught
|-damage|p2a: Chesnaught|274\/380
|
|switch|p1a: smogon|Fletchinder, F|145\/289
|-damage|p1a: smogon|1\/289|[from] Stealth Rock
|
|-heal|p2a: Chesnaught|297\/380|[from] item: Leftovers
|turn|35
|
|switch|p2a: Tentacruel|Tentacruel, F|273\/364
|-damage|p2a: Tentacruel|228\/364|[from] Stealth Rock
|move|p1a: smogon|Roost|p1a: smogon
|-heal|p1a: smogon|146\/289
|
|-heal|p2a: Tentacruel|250\/364|[from] item: Black Sludge
|turn|36
|
|switch|p1a: the set|Jirachi|353\/377
|-damage|p1a: the set|330\/377|[from] Stealth Rock
|move|p2a: Tentacruel|Scald|p1a: the set
|-damage|p1a: the set|246\/377
|-status|p1a: the set|brn
|
|-heal|p1a: the set|269\/377 brn|[from] item: Leftovers
|-heal|p2a: Tentacruel|272\/364|[from] item: Black Sludge
|-damage|p1a: the set|222\/377 brn|[from] brn
|turn|37
|
|move|p1a: the set|U-turn|p2a: Tentacruel
|-resisted|p2a: Tentacruel
|-damage|p2a: Tentacruel|258\/364
|
|switch|p1a: thunder thunder th|Raikou|248\/359
|-damage|p1a: thunder thunder th|204\/359|[from] Stealth Rock
|-ability|p1a: thunder thunder th|Pressure
|move|p2a: Tentacruel|Rapid Spin|p1a: thunder thunder th
|-damage|p1a: thunder thunder th|189\/359
|-sideend|p2: lapraz|Stealth Rock|[from] move: Rapid Spin|[of] p2a: Tentacruel
|
|-heal|p1a: thunder thunder th|211\/359|[from] item: Leftovers
|-heal|p2a: Tentacruel|280\/364|[from] item: Black Sludge
|turn|38
|
|switch|p2a: Noivern|Noivern, M|374\/374
|move|p1a: thunder thunder th|Calm Mind|p1a: thunder thunder th
|-boost|p1a: thunder thunder th|spa|1
|-boost|p1a: thunder thunder th|spd|1
|
|-heal|p1a: thunder thunder th|233\/359|[from] item: Leftovers
|turn|39
|
|move|p1a: thunder thunder th|Calm Mind|p1a: thunder thunder th
|-boost|p1a: thunder thunder th|spa|1
|-boost|p1a: thunder thunder th|spd|1
|move|p2a: Noivern|Toxic|p1a: thunder thunder th
|-status|p1a: thunder thunder th|tox
|
|-heal|p1a: thunder thunder th|255\/359 tox|[from] item: Leftovers
|-damage|p1a: thunder thunder th|233\/359 tox|[from] psn
|turn|40
|c| RowDog|slow noivern <.<
|
|switch|p2a: Florges|Florges, F|313\/360
|move|p1a: thunder thunder th|Hidden Power|p2a: Florges
|-damage|p2a: Florges|241\/360
|
|-heal|p1a: thunder thunder th|255\/359 tox|[from] item: Leftovers
|-heal|p2a: Florges|263\/360|[from] item: Leftovers
|-damage|p1a: thunder thunder th|211\/359 tox|[from] psn
|turn|41
|c|★lapraz|yeah
|
|move|p1a: thunder thunder th|Thunderbolt|p2a: Florges
|-crit|p2a: Florges
|-damage|p2a: Florges|16\/360
|move|p2a: Florges|Wish|p2a: Florges
|
|-heal|p1a: thunder thunder th|233\/359 tox|[from] item: Leftovers
|-heal|p2a: Florges|38\/360|[from] item: Leftovers
|-damage|p1a: thunder thunder th|167\/359 tox|[from] psn
|turn|42
|
|move|p2a: Florges|Protect|p2a: Florges
|-singleturn|p2a: Florges|Protect
|move|p1a: thunder thunder th|Calm Mind|p1a: thunder thunder th
|-boost|p1a: thunder thunder th|spa|1
|-boost|p1a: thunder thunder th|spd|1
|
|-heal|p2a: Florges|218\/360|[from] move: Wish|[wisher] Florges
|-heal|p1a: thunder thunder th|189\/359 tox|[from] item: Leftovers
|-heal|p2a: Florges|240\/360|[from] item: Leftovers
|-damage|p1a: thunder thunder th|101\/359 tox|[from] psn
|turn|43
|
|switch|p2a: Steelix|Steelix-Mega, F|47\/354
|move|p1a: thunder thunder th|Thunderbolt|p2a: Steelix
|-immune|p2a: Steelix|[msg]
|
|-heal|p1a: thunder thunder th|123\/359 tox|[from] item: Leftovers
|-damage|p1a: thunder thunder th|13\/359 tox|[from] psn
|turn|44
|c| RowDog|These plays
|
|move|p1a: thunder thunder th|Hidden Power|p2a: Steelix
|-damage|p2a: Steelix|0 fnt
|faint|p2a: Steelix
|
|-heal|p1a: thunder thunder th|35\/359 tox|[from] item: Leftovers
|-damage|p1a: thunder thunder th|0 fnt|[from] psn
|faint|p1a: thunder thunder th
|
|switch|p2a: Noivern|Noivern, M|374\/374
|switch|p1a: Blastoise|Blastoise-Mega, M|97\/361
|-damage|p1a: Blastoise|52\/361|[from] Stealth Rock
|turn|45
|
|switch|p2a: Jellicent|Jellicent, F|354\/404 tox
|move|p1a: Blastoise|Rapid Spin|p2a: Jellicent
|-immune|p2a: Jellicent|[msg]
|
|-heal|p2a: Jellicent|379\/404 tox|[from] item: Leftovers
|-damage|p2a: Jellicent|354\/404 tox|[from] psn
|turn|46
|
|move|p1a: Blastoise|Ice Beam|p2a: Jellicent
|-resisted|p2a: Jellicent
|-damage|p2a: Jellicent|314\/404 tox
|move|p2a: Jellicent|Scald|p1a: Blastoise
|-resisted|p1a: Blastoise
|-damage|p1a: Blastoise|13\/361
|
|-heal|p2a: Jellicent|339\/404 tox|[from] item: Leftovers
|-damage|p2a: Jellicent|289\/404 tox|[from] psn
|turn|47
|
|move|p1a: Blastoise|Ice Beam|p2a: Jellicent
|-resisted|p2a: Jellicent
|-damage|p2a: Jellicent|246\/404 tox
|move|p2a: Jellicent|Scald|p1a: Blastoise
|-resisted|p1a: Blastoise
|-damage|p1a: Blastoise|0 fnt
|faint|p1a: Blastoise
|
|-heal|p2a: Jellicent|271\/404 tox|[from] item: Leftovers
|-damage|p2a: Jellicent|196\/404 tox|[from] psn
|
|switch|p1a: the set|Jirachi|222\/377 brn
|-damage|p1a: the set|199\/377 brn|[from] Stealth Rock
|turn|48
|
|switch|p2a: Chesnaught|Chesnaught, F|297\/380
|move|p1a: the set|Iron Head|p2a: Chesnaught
|-damage|p2a: Chesnaught|264\/380
|
|-heal|p1a: the set|222\/377 brn|[from] item: Leftovers
|-heal|p2a: Chesnaught|287\/380|[from] item: Leftovers
|-damage|p1a: the set|175\/377 brn|[from] brn
|turn|49
|
|move|p1a: the set|Stealth Rock|p2a: Chesnaught
|-sidestart|p2: lapraz|move: Stealth Rock
|move|p2a: Chesnaught|Leech Seed|p1a: the set
|-start|p1a: the set|move: Leech Seed
|
|-heal|p1a: the set|198\/377 brn|[from] item: Leftovers
|-heal|p2a: Chesnaught|310\/380|[from] item: Leftovers
|-damage|p1a: the set|151\/377 brn|[from] Leech Seed|[of] p2a: Chesnaught
|-heal|p2a: Chesnaught|357\/380|[silent]
|-damage|p1a: the set|104\/377 brn|[from] brn
|turn|50
|
|switch|p2a: Tentacruel|Tentacruel, F|280\/364
|-damage|p2a: Tentacruel|235\/364|[from] Stealth Rock
|move|p1a: the set|Iron Head|p2a: Tentacruel
|-resisted|p2a: Tentacruel
|-damage|p2a: Tentacruel|211\/364
|
|-heal|p1a: the set|127\/377 brn|[from] item: Leftovers
|-heal|p2a: Tentacruel|233\/364|[from] item: Black Sludge
|-damage|p1a: the set|80\/377 brn|[from] Leech Seed|[of] p2a: Tentacruel
|-heal|p2a: Tentacruel|280\/364|[silent]
|-damage|p1a: the set|33\/377 brn|[from] brn
|turn|51
|
|move|p1a: the set|Body Slam|p2a: Tentacruel
|-damage|p2a: Tentacruel|247\/364
|-status|p2a: Tentacruel|par
|move|p2a: Tentacruel|Scald|p1a: the set
|-damage|p1a: the set|0 fnt
|faint|p1a: the set
|
|-heal|p2a: Tentacruel|269\/364 par|[from] item: Black Sludge
|
|switch|p1a: chun li my bae|Mienshao, F|222\/271 brn
|-damage|p1a: chun li my bae|206\/271 brn|[from] Stealth Rock
|turn|52
|
|switch|p2a: Chesnaught|Chesnaught, F|357\/380
|-damage|p2a: Chesnaught|334\/380|[from] Stealth Rock
|move|p1a: chun li my bae|High Jump Kick|p2a: Chesnaught
|-damage|p2a: Chesnaught|255\/380
|
|-heal|p2a: Chesnaught|278\/380|[from] item: Leftovers
|-damage|p1a: chun li my bae|173\/271 brn|[from] brn
|turn|53
|
|move|p1a: chun li my bae|High Jump Kick|p2a: Chesnaught
|-damage|p2a: Chesnaught|190\/380
|move|p2a: Chesnaught|Wood Hammer|p1a: chun li my bae
|-damage|p1a: chun li my bae|0 fnt
|-damage|p2a: Chesnaught|133\/380|[from] recoil|[of] p1a: chun li my bae
|faint|p1a: chun li my bae
|
|-heal|p2a: Chesnaught|156\/380|[from] item: Leftovers
|
|switch|p1a: smogon|Fletchinder, F|146\/289
|-damage|p1a: smogon|2\/289|[from] Stealth Rock
|turn|54
|
|move|p1a: smogon|Roost|p1a: smogon
|-heal|p1a: smogon|147\/289
|move|p2a: Chesnaught|Wood Hammer|p1a: smogon
|-resisted|p1a: smogon
|-damage|p1a: smogon|25\/289
|-damage|p2a: Chesnaught|116\/380|[from] recoil|[of] p1a: smogon
|
|-heal|p2a: Chesnaught|139\/380|[from] item: Leftovers
|turn|55
|
|move|p1a: smogon|Roost|p1a: smogon
|-heal|p1a: smogon|170\/289
|move|p2a: Chesnaught|Wood Hammer|p1a: smogon
|-resisted|p1a: smogon
|-damage|p1a: smogon|50\/289
|-damage|p2a: Chesnaught|99\/380|[from] recoil|[of] p1a: smogon
|
|-heal|p2a: Chesnaught|122\/380|[from] item: Leftovers
|turn|56
|
|switch|p2a: Tentacruel|Tentacruel, F|269\/364 par
|-damage|p2a: Tentacruel|224\/364 par|[from] Stealth Rock
|move|p1a: smogon|Roost|p1a: smogon
|-heal|p1a: smogon|195\/289
|
|-heal|p2a: Tentacruel|246\/364 par|[from] item: Black Sludge
|turn|57
|join|tuRkizzle
|
|move|p1a: smogon|Swords Dance|p1a: smogon
|-boost|p1a: smogon|atk|2
|cant|p2a: Tentacruel|par
|
|-heal|p2a: Tentacruel|268\/364 par|[from] item: Black Sludge
|turn|58
|c|★trevor ellis|kek
|
|move|p1a: smogon|Acrobatics|p2a: Tentacruel
|-damage|p2a: Tentacruel|0 fnt
|faint|p2a: Tentacruel
|
|
|switch|p2a: Florges|Florges, F|240\/360
|-damage|p2a: Florges|195\/360|[from] Stealth Rock
|turn|59
|
|move|p1a: smogon|Acrobatics|p2a: Florges
|-damage|p2a: Florges|0 fnt
|faint|p2a: Florges
|
|c| RowDog|g_g
|
|switch|p2a: Jellicent|Jellicent, F|196\/404 tox
|-damage|p2a: Jellicent|146\/404 tox|[from] Stealth Rock
|turn|60
|c|★lapraz|ffs
|
|move|p1a: smogon|Acrobatics|p2a: Jellicent
|-damage|p2a: Jellicent|0 fnt
|faint|p2a: Jellicent
|
|
|switch|p2a: Noivern|Noivern, M|374\/374
|-damage|p2a: Noivern|281\/374|[from] Stealth Rock
|turn|61
|
|move|p1a: smogon|Acrobatics|p2a: Noivern
|-damage|p2a: Noivern|0 fnt
|faint|p2a: Noivern
|
|-message|lapraz forfeited.
|
|win|trevor ellis
|raw|Ladder updating...
|leave|lapraz
|player|p2
|raw|trevor ellis's rating: 1522 &rarr; <strong>1543<\/strong><br \/>(+21 for winning)
|raw|lapraz's rating: 1550 &rarr; <strong>1528<\/strong><br \/>(-22 for losing)
|c|★trevor ellis|plays
|leave|tuRkizzle
|c|★trevor ellis|yung god saw the way
|leave|trevor ellis
|player|p1