|join|trevor ellis
|join|PrimalMegaCorphish
|player|p1|trevor ellis|112
|player|p2|PrimalMegaCorphish|12
|gametype|singles
|gen|6
|tier|UU
|rule|Sleep Clause Mod: Limit one foe put to sleep
|rule|Species Clause: Limit one of each Pokémon
|rule|OHKO Clause: OHKO moves are banned
|rule|Moody Clause: Moody is banned
|rule|Evasion Moves Clause: Evasion moves are banned
|rule|Endless Battle Clause: Forcing endless battles is banned
|rule|HP Percentage Mod: HP is shown in percentages
|clearpoke
|poke|p1|Seismitoad, F
|poke|p1|Rotom-Heat
|poke|p1|Doublade, F
|poke|p1|Medicham, M
|poke|p1|Hydreigon, M
|poke|p1|Machamp, M
|poke|p2|Cloyster, M
|poke|p2|Ninjask, M
|poke|p2|Scrafty, F
|poke|p2|Serperior, F
|poke|p2|Beedrill, F
|poke|p2|Darmanitan, M
|rule|Swagger Clause: Swagger is banned
|rule|Baton Pass Clause: Limit one Pokémon knowing Baton Pass
|teampreview
|join|Dread Plate
|join|mobilebruh
|join|Eat Pie
|leave|Eat Pie
|
|start
|switch|p1a: baked|Rotom-Heat|269\/269
|switch|p2a: Ninjask|Ninjask, M|264\/264
|turn|1
|leave|mobilebruh
|join|fatty penis
|
|move|p2a: Ninjask|Substitute|p2a: Ninjask
|-start|p2a: Ninjask|Substitute
|-damage|p2a: Ninjask|198\/264
|move|p1a: baked|Volt Switch|p2a: Ninjask
|-supereffective|p2a: Ninjask
|-end|p2a: Ninjask|Substitute
|join|silent on rampage
|join|NotcZombie
|
|switch|p1a: big dick|Machamp, M|335\/335
|
|-heal|p2a: Ninjask|214\/264|[from] item: Leftovers
|-boost|p2a: Ninjask|spe|1|[from] ability: Speed Boost
|turn|2
|
|move|p2a: Ninjask|Substitute|p2a: Ninjask
|-start|p2a: Ninjask|Substitute
|-damage|p2a: Ninjask|148\/264
|move|p1a: big dick|Knock Off|p2a: Ninjask
|-end|p2a: Ninjask|Substitute
|
|-heal|p2a: Ninjask|164\/264|[from] item: Leftovers
|-boost|p2a: Ninjask|spe|1|[from] ability: Speed Boost
|turn|3
|join|tv4c
|
|move|p2a: Ninjask|Baton Pass|p2a: Ninjask
|
|switch|p2a: Serperior|Serperior, F|291\/291
|move|p1a: big dick|Knock Off|p2a: Serperior
|-damage|p2a: Serperior|162\/291
|-enditem|p2a: Serperior|Assault Vest|[from] move: Knock Off|[of] p1a: big dick
|
|turn|4
|c|★trevor ellis|tfw not contrary
|
|move|p2a: Serperior|Leaf Storm|p1a: big dick
|-crit|p1a: big dick
|-damage|p1a: big dick|176\/335
|-boost|p2a: Serperior|spa|2
|move|p1a: big dick|Close Combat|p2a: Serperior
|-damage|p2a: Serperior|0 fnt
|-unboost|p1a: big dick|def|1
|-unboost|p1a: big dick|spd|1
|faint|p2a: Serperior
|
|c|★trevor ellis|nvm
|c|★trevor ellis|wtf
|
|switch|p2a: Darmanitan|Darmanitan, M|351\/351
|turn|5
|c|★trevor ellis|so it gets boosts but other mons
|c| NotcZombie|Machamp = too stronk
|
|switch|p1a: stoned toad|Seismitoad, F|414\/414
|move|p2a: Darmanitan|Flare Blitz|p1a: stoned toad
|-resisted|p1a: stoned toad
|-damage|p1a: stoned toad|282\/414
|-damage|p2a: Darmanitan|307\/351|[from] recoil|[of] p1a: stoned toad
|
|-heal|p1a: stoned toad|307\/414|[from] item: Leftovers
|turn|6
|
|switch|p2a: Scrafty|Scrafty, F|290\/290
|move|p1a: stoned toad|Stealth Rock|p2a: Scrafty
|-sidestart|p2: PrimalMegaCorphish|move: Stealth Rock
|
|-heal|p1a: stoned toad|332\/414|[from] item: Leftovers
|turn|7
|
|switch|p1a: big dick|Machamp, M|176\/335
|move|p2a: Scrafty|Bulk Up|p2a: Scrafty
|-boost|p2a: Scrafty|atk|1
|-boost|p2a: Scrafty|def|1
|
|turn|8
|join|Emma Bae ♥
|
|move|p2a: Scrafty|Drain Punch|p1a: big dick
|-damage|p1a: big dick|16\/335
|move|p1a: big dick|Close Combat|p2a: Scrafty
|-supereffective|p2a: Scrafty
|-damage|p2a: Scrafty|42\/290
|-unboost|p1a: big dick|def|1
|-unboost|p1a: big dick|spd|1
|
|turn|9
|
|move|p2a: Scrafty|Crunch|p1a: big dick
|-resisted|p1a: big dick
|-damage|p1a: big dick|0 fnt
|faint|p1a: big dick
|-boost|p2a: Scrafty|atk|1|[from] ability: Moxie
|
|c| silent on rampage|moxie bu
|c| silent on rampage|o.k
|
|switch|p1a: baked|Rotom-Heat|269\/269
|turn|10
|c|★trevor ellis|horrible
|
|move|p1a: baked|Volt Switch|p2a: Scrafty
|-damage|p2a: Scrafty|0 fnt
|faint|p2a: Scrafty
|
|switch|p1a: chasity|Doublade, F|321\/321
|
|
|switch|p2a: Ball is Life|Cloyster, M|270\/270
|-damage|p2a: Ball is Life|203\/270|[from] Stealth Rock
|turn|11
|
|move|p2a: Ball is Life|Razor Shell|p1a: chasity
|-crit|p1a: chasity
|-damage|p1a: chasity|251\/321
|-unboost|p1a: chasity|def|1
|move|p1a: chasity|Swords Dance|p1a: chasity
|-boost|p1a: chasity|atk|2
|
|turn|12
|join|OldDirty
|
|move|p2a: Ball is Life|Razor Shell|p1a: chasity
|-crit|p1a: chasity
|-damage|p1a: chasity|148\/321
|-unboost|p1a: chasity|def|1
|move|p1a: chasity|Sacred Sword|p2a: Ball is Life
|-supereffective|p2a: Ball is Life
|-damage|p2a: Ball is Life|0 fnt
|faint|p2a: Ball is Life
|
|
|switch|p2a: Darmanitan|Darmanitan, M|307\/351
|-damage|p2a: Darmanitan|220\/351|[from] Stealth Rock
|turn|13
|
|move|p1a: chasity|Shadow Sneak|p2a: Darmanitan
|-damage|p2a: Darmanitan|9\/351
|move|p2a: Darmanitan|Earthquake|p1a: chasity
|-supereffective|p1a: chasity
|-damage|p1a: chasity|0 fnt
|faint|p1a: chasity
|
|
|switch|p1a: banded|Hydreigon, M|325\/325
|turn|14
|join|Lona
|
|move|p1a: banded|Dark Pulse|p2a: Darmanitan
|-damage|p2a: Darmanitan|0 fnt
|faint|p2a: Darmanitan
|
|leave|Emma Bae ♥
|leave|Lona
|
|switch|p2a: Ninjask|Ninjask, M|164\/264
|-damage|p2a: Ninjask|32\/264|[from] Stealth Rock
|turn|15
|
|move|p1a: banded|Dark Pulse|p2a: Ninjask
|-crit|p2a: Ninjask
|-damage|p2a: Ninjask|0 fnt
|faint|p2a: Ninjask
|
|c| NotcZombie|Watch the protect for lola
|c| NotcZombie|*lols
|c| NotcZombie|nvm
|
|switch|p2a: Beedrill|Beedrill, F|271\/271
|-damage|p2a: Beedrill|204\/271|[from] Stealth Rock
|turn|16
|c|★PrimalMegaCorphish|gg
|
|detailschange|p2a: Beedrill|Beedrill-Mega, F
|-mega|p2a: Beedrill|Beedrill|Beedrillite
|move|p1a: banded|Dark Pulse|p2a: Beedrill
|-damage|p2a: Beedrill|47\/271
|move|p2a: Beedrill|U-turn|p1a: banded
|-crit|p1a: banded
|-supereffective|p1a: banded
|-damage|p1a: banded|0 fnt
|faint|p1a: banded
|
|
|switch|p1a: baked|Rotom-Heat|269\/269
|turn|17
|
|move|p2a: Beedrill|Knock Off|p1a: baked
|-damage|p1a: baked|156\/269
|-enditem|p1a: baked|Choice Specs|[from] move: Knock Off|[of] p2a: Beedrill
|move|p1a: baked|Volt Switch|p2a: Beedrill
|-damage|p2a: Beedrill|0 fnt
|faint|p2a: Beedrill
|
|win|trevor ellis
|leave|PrimalMegaCorphish
|leave|NotcZombie
|player|p2
|leave|Dread Plate