|join|Aegislash Returns
|join|kfreshz
|player|p1|Aegislash Returns|274
|player|p2|kfreshz|129
|gametype|singles
|gen|6
|tier|OU
|rated
|clearpoke
|poke|p1|Doublade, M
|poke|p1|Chansey, F
|poke|p1|Slowbro, F
|poke|p1|Gothitelle, M
|poke|p1|Mandibuzz, F
|poke|p1|Quagsire, M
|poke|p2|Kyurem-Black
|poke|p2|Azumarill, M
|poke|p2|Heatran, F
|poke|p2|Medicham, M
|poke|p2|Rotom-Wash
|poke|p2|Landorus, M
|rule|Swagger Clause: Swagger is banned
|rule|Baton Pass Clause: Limit one Pokémon knowing Baton Pass
|rule|Sleep Clause Mod: Limit one foe put to sleep
|rule|Species Clause: Limit one of each Pokémon
|rule|OHKO Clause: OHKO moves are banned
|rule|Moody Clause: Moody is banned
|rule|Evasion Moves Clause: Evasion moves are banned
|rule|Endless Battle Clause: Forcing endless battles is banned
|rule|HP Percentage Mod: HP is shown in percentages
|teampreview
|
|start
|switch|p1a: Wobbuffet.|Gothitelle, M|301\/301
|switch|p2a: Rotom-Wash|Rotom-Wash|304\/304
|turn|1
|
|switch|p1a: Swampert.|Quagsire, M|394\/394
|move|p2a: Rotom-Wash|Volt Switch|p1a: Swampert.
|-immune|p1a: Swampert.|[msg]
|
|turn|2
|
|move|p2a: Rotom-Wash|Will-O-Wisp|p1a: Swampert.
|-status|p1a: Swampert.|brn
|move|p1a: Swampert.|Toxic|p2a: Rotom-Wash
|-status|p2a: Rotom-Wash|tox
|
|-damage|p2a: Rotom-Wash|285\/304 tox|[from] psn
|-damage|p1a: Swampert.|345\/394 brn|[from] brn
|turn|3
|
|switch|p1a: Blissey.|Chansey, F|642\/642
|move|p2a: Rotom-Wash|Volt Switch|p1a: Blissey.
|-damage|p1a: Blissey.|600\/642
|
|switch|p2a: Medicham|Medicham, M|261\/261
|
|turn|4
|
|switch|p2a: Heatran|Heatran, F|386\/386
|switch|p1a: Starmie.|Slowbro, F|394\/394
|
|turn|5
|
|move|p2a: Heatran|Stealth Rock|p1a: Starmie.
|-sidestart|p1: Aegislash Returns|move: Stealth Rock
|move|p1a: Starmie.|Calm Mind|p1a: Starmie.
|-boost|p1a: Starmie.|spa|1
|-boost|p1a: Starmie.|spd|1
|
|turn|6
|
|move|p2a: Heatran|Dark Pulse|p1a: Starmie.
|-supereffective|p1a: Starmie.
|-damage|p1a: Starmie.|252\/394
|move|p1a: Starmie.|Scald|p2a: Heatran
|-supereffective|p2a: Heatran
|-damage|p2a: Heatran|170\/386
|
|-heal|p2a: Heatran|194\/386|[from] item: Leftovers
|turn|7
|
|move|p2a: Heatran|Dark Pulse|p1a: Starmie.
|-supereffective|p1a: Starmie.
|-damage|p1a: Starmie.|124\/394
|move|p1a: Starmie.|Slack Off|p1a: Starmie.
|-heal|p1a: Starmie.|321\/394
|
|-heal|p2a: Heatran|218\/386|[from] item: Leftovers
|turn|8
|
|move|p2a: Heatran|Dark Pulse|p1a: Starmie.
|-supereffective|p1a: Starmie.
|-damage|p1a: Starmie.|183\/394
|cant|p1a: Starmie.|flinch
|
|-heal|p2a: Heatran|242\/386|[from] item: Leftovers
|turn|9
|
|switch|p2a: Kyurem-Black|Kyurem-Black|392\/392
|-ability|p2a: Kyurem-Black|Teravolt
|move|p1a: Starmie.|Slack Off|p1a: Starmie.
|-heal|p1a: Starmie.|380\/394
|
|turn|10
|
|detailschange|p1a: Starmie.|Slowbro-Mega, F
|message|Slowbro has Mega Evolved into Mega Slowbro!
|move|p2a: Kyurem-Black|Fusion Bolt|p1a: Starmie.
|-crit|p1a: Starmie.
|-supereffective|p1a: Starmie.
|-damage|p1a: Starmie.|26\/394
|move|p1a: Starmie.|Calm Mind|p1a: Starmie.
|-boost|p1a: Starmie.|spa|1
|-boost|p1a: Starmie.|spd|1
|
|turn|11
|
|switch|p1a: Swampert.|Quagsire, M|345\/394 brn
|-damage|p1a: Swampert.|321\/394 brn|[from] Stealth Rock
|move|p2a: Kyurem-Black|Fusion Bolt|p1a: Swampert.
|-immune|p1a: Swampert.|[msg]
|
|-heal|p1a: Swampert.|345\/394 brn|[from] item: Leftovers
|-damage|p1a: Swampert.|296\/394 brn|[from] brn
|turn|12
|
|switch|p2a: Rotom-Wash|Rotom-Wash|285\/304 tox
|move|p1a: Swampert.|Toxic|p2a: Rotom-Wash
|-fail|p2a: Rotom-Wash|tox
|
|-heal|p2a: Rotom-Wash|304\/304 tox|[from] item: Leftovers
|-heal|p1a: Swampert.|320\/394 brn|[from] item: Leftovers
|-damage|p2a: Rotom-Wash|285\/304 tox|[from] psn
|-damage|p1a: Swampert.|271\/394 brn|[from] brn
|turn|13
|
|move|p2a: Rotom-Wash|Hydro Pump|p1a: Swampert.
|-damage|p1a: Swampert.|67\/394 brn
|move|p1a: Swampert.|Recover|p1a: Swampert.
|-heal|p1a: Swampert.|264\/394 brn
|
|-heal|p2a: Rotom-Wash|304\/304 tox|[from] item: Leftovers
|-heal|p1a: Swampert.|288\/394 brn|[from] item: Leftovers
|-damage|p2a: Rotom-Wash|266\/304 tox|[from] psn
|-damage|p1a: Swampert.|239\/394 brn|[from] brn
|turn|14
|
|switch|p1a: Blissey.|Chansey, F|600\/642
|-damage|p1a: Blissey.|520\/642|[from] Stealth Rock
|move|p2a: Rotom-Wash|Volt Switch|p1a: Blissey.
|-damage|p1a: Blissey.|475\/642
|
|switch|p2a: Azumarill|Azumarill, M|402\/402
|
|turn|15
|
|switch|p1a: Starmie.|Slowbro-Mega, F|26\/394
|-damage|p1a: Starmie.|0 fnt|[from] Stealth Rock
|faint|p1a: Starmie.
|move|p2a: Azumarill|Belly Drum|p2a: Azumarill
|-damage|p2a: Azumarill|201\/402
|-setboost|p2a: Azumarill|atk|6|[from] move: Belly Drum
|-enditem|p2a: Azumarill|Sitrus Berry|[eat]
|-heal|p2a: Azumarill|301\/402|[from] item: Sitrus Berry
|
|
|switch|p1a: Swampert.|Quagsire, M|239\/394 brn
|-damage|p1a: Swampert.|215\/394 brn|[from] Stealth Rock
|turn|16
|
|move|p2a: Azumarill|Play Rough|p1a: Swampert.
|-damage|p1a: Swampert.|53\/394 brn
|move|p1a: Swampert.|Recover|p1a: Swampert.
|-heal|p1a: Swampert.|250\/394 brn
|
|-heal|p1a: Swampert.|274\/394 brn|[from] item: Leftovers
|-damage|p1a: Swampert.|225\/394 brn|[from] brn
|turn|17
|
|move|p2a: Azumarill|Waterfall|p1a: Swampert.
|-damage|p1a: Swampert.|95\/394 brn
|move|p1a: Swampert.|Recover|p1a: Swampert.
|-heal|p1a: Swampert.|292\/394 brn
|
|-heal|p1a: Swampert.|316\/394 brn|[from] item: Leftovers
|-damage|p1a: Swampert.|267\/394 brn|[from] brn
|turn|18
|
|move|p2a: Azumarill|Waterfall|p1a: Swampert.
|-damage|p1a: Swampert.|128\/394 brn
|move|p1a: Swampert.|Recover|p1a: Swampert.
|-heal|p1a: Swampert.|325\/394 brn
|
|-heal|p1a: Swampert.|349\/394 brn|[from] item: Leftovers
|-damage|p1a: Swampert.|300\/394 brn|[from] brn
|turn|19
|
|move|p2a: Azumarill|Play Rough|p1a: Swampert.
|-damage|p1a: Swampert.|147\/394 brn
|move|p1a: Swampert.|Toxic|p2a: Azumarill
|-status|p2a: Azumarill|tox
|
|-heal|p1a: Swampert.|171\/394 brn|[from] item: Leftovers
|-damage|p2a: Azumarill|276\/402 tox|[from] psn
|-damage|p1a: Swampert.|122\/394 brn|[from] brn
|turn|20
|
|move|p2a: Azumarill|Play Rough|p1a: Swampert.|[miss]
|-miss|p2a: Azumarill|p1a: Swampert.
|move|p1a: Swampert.|Recover|p1a: Swampert.
|-heal|p1a: Swampert.|319\/394 brn
|
|-heal|p1a: Swampert.|343\/394 brn|[from] item: Leftovers
|-damage|p2a: Azumarill|226\/402 tox|[from] psn
|-damage|p1a: Swampert.|294\/394 brn|[from] brn
|turn|21
|
|move|p2a: Azumarill|Waterfall|p1a: Swampert.
|-damage|p1a: Swampert.|150\/394 brn
|move|p1a: Swampert.|Recover|p1a: Swampert.
|-heal|p1a: Swampert.|347\/394 brn
|
|-heal|p1a: Swampert.|371\/394 brn|[from] item: Leftovers
|-damage|p2a: Azumarill|151\/402 tox|[from] psn
|-damage|p1a: Swampert.|322\/394 brn|[from] brn
|turn|22
|
|move|p2a: Azumarill|Waterfall|p1a: Swampert.
|-damage|p1a: Swampert.|184\/394 brn
|move|p1a: Swampert.|Recover|p1a: Swampert.
|-heal|p1a: Swampert.|381\/394 brn
|
|-heal|p1a: Swampert.|394\/394 brn|[from] item: Leftovers
|-damage|p2a: Azumarill|51\/402 tox|[from] psn
|-damage|p1a: Swampert.|345\/394 brn|[from] brn
|turn|23
|
|move|p2a: Azumarill|Waterfall|p1a: Swampert.
|-crit|p1a: Swampert.
|-damage|p1a: Swampert.|140\/394 brn
|move|p1a: Swampert.|Recover|p1a: Swampert.
|-heal|p1a: Swampert.|337\/394 brn
|
|-heal|p1a: Swampert.|361\/394 brn|[from] item: Leftovers
|-damage|p2a: Azumarill|0 fnt|[from] psn
|-damage|p1a: Swampert.|312\/394 brn|[from] brn
|faint|p2a: Azumarill
|
|switch|p2a: Kyurem-Black|Kyurem-Black|392\/392
|-ability|p2a: Kyurem-Black|Teravolt
|turn|24
|
|switch|p1a: Aegislash.|Doublade, M|322\/322
|-damage|p1a: Aegislash.|302\/322|[from] Stealth Rock
|move|p2a: Kyurem-Black|Outrage|p1a: Aegislash.
|-resisted|p1a: Aegislash.
|-damage|p1a: Aegislash.|209\/322
|
|turn|25
|
|move|p2a: Kyurem-Black|Outrage|p1a: Aegislash.
|-resisted|p1a: Aegislash.
|-damage|p1a: Aegislash.|110\/322
|move|p1a: Aegislash.|Gyro Ball|p2a: Kyurem-Black
|-supereffective|p2a: Kyurem-Black
|-damage|p2a: Kyurem-Black|140\/392
|
|-end|p2a: Kyurem-Black|rampage
|-start|p2a: Kyurem-Black|confusion
|turn|26
|
|switch|p2a: Rotom-Wash|Rotom-Wash|266\/304 tox
|move|p1a: Aegislash.|Rest|p1a: Aegislash.
|-status|p1a: Aegislash.|slp
|-heal|p1a: Aegislash.|322\/322 slp|[silent]
|-status|p1a: Aegislash.|slp|[from] move: Rest
|
|-heal|p2a: Rotom-Wash|285\/304 tox|[from] item: Leftovers
|-damage|p2a: Rotom-Wash|266\/304 tox|[from] psn
|turn|27
|
|move|p2a: Rotom-Wash|Volt Switch|p1a: Aegislash.
|-damage|p1a: Aegislash.|262\/322 slp
|
|switch|p2a: Landorus|Landorus, M|319\/319
|cant|p1a: Aegislash.|slp
|
|turn|28
|
|switch|p1a: Honchkrow.|Mandibuzz, F|423\/423
|-damage|p1a: Honchkrow.|318\/423|[from] Stealth Rock
|move|p2a: Landorus|U-turn|p1a: Honchkrow.
|-damage|p1a: Honchkrow.|264\/423
|
|switch|p2a: Kyurem-Black|Kyurem-Black|140\/392
|-ability|p2a: Kyurem-Black|Teravolt
|
|-heal|p1a: Honchkrow.|290\/423|[from] item: Leftovers
|turn|29
|
|switch|p1a: Swampert.|Quagsire, M|312\/394 brn
|-damage|p1a: Swampert.|288\/394 brn|[from] Stealth Rock
|move|p2a: Kyurem-Black|Outrage|p1a: Swampert.
|-damage|p1a: Swampert.|0 fnt
|faint|p1a: Swampert.
|
|
|switch|p1a: Aegislash.|Doublade, M|262\/322 slp
|-damage|p1a: Aegislash.|242\/322 slp|[from] Stealth Rock
|turn|30
|
|move|p2a: Kyurem-Black|Outrage|p1a: Aegislash.
|-resisted|p1a: Aegislash.
|-damage|p1a: Aegislash.|134\/322 slp
|cant|p1a: Aegislash.|slp
|
|turn|31
|
|move|p2a: Kyurem-Black|Outrage|p1a: Aegislash.
|-crit|p1a: Aegislash.
|-resisted|p1a: Aegislash.
|-damage|p1a: Aegislash.|0 fnt
|faint|p1a: Aegislash.
|
|-end|p2a: Kyurem-Black|rampage
|-start|p2a: Kyurem-Black|confusion
|
|switch|p1a: Wobbuffet.|Gothitelle, M|301\/301
|-damage|p1a: Wobbuffet.|264\/301|[from] Stealth Rock
|turn|32
|
|move|p1a: Wobbuffet.|Psyshock|p2a: Kyurem-Black
|-damage|p2a: Kyurem-Black|17\/392
|-activate|p2a: Kyurem-Black|confusion
|move|p2a: Kyurem-Black|Outrage|p1a: Wobbuffet.
|-damage|p1a: Wobbuffet.|0 fnt
|faint|p1a: Wobbuffet.
|
|
|switch|p1a: Honchkrow.|Mandibuzz, F|290\/423
|-damage|p1a: Honchkrow.|185\/423|[from] Stealth Rock
|turn|33
|
|-activate|p2a: Kyurem-Black|confusion
|-damage|p2a: Kyurem-Black|0 fnt|[from] confusion
|faint|p2a: Kyurem-Black
|move|p1a: Honchkrow.|Roost|p1a: Honchkrow.
|-heal|p1a: Honchkrow.|397\/423
|
|-heal|p1a: Honchkrow.|423\/423|[from] item: Leftovers
|
|switch|p2a: Rotom-Wash|Rotom-Wash|266\/304 tox
|turn|34
|
|move|p2a: Rotom-Wash|Will-O-Wisp|p1a: Honchkrow.|[miss]
|-miss|p2a: Rotom-Wash|p1a: Honchkrow.
|move|p1a: Honchkrow.|Roost|p1a: Honchkrow.
|-fail|p1a: Honchkrow.
|
|-heal|p2a: Rotom-Wash|285\/304 tox|[from] item: Leftovers
|-damage|p2a: Rotom-Wash|266\/304 tox|[from] psn
|turn|35
|
|move|p2a: Rotom-Wash|Will-O-Wisp|p1a: Honchkrow.
|-status|p1a: Honchkrow.|brn
|move|p1a: Honchkrow.|Defog|p2a: Rotom-Wash
|-unboost|p2a: Rotom-Wash|evasion|1
|-sideend|p1: Aegislash Returns|Stealth Rock|[from] move: Defog|[of] p1a: Honchkrow.
|
|-heal|p2a: Rotom-Wash|285\/304 tox|[from] item: Leftovers
|-damage|p2a: Rotom-Wash|247\/304 tox|[from] psn
|-damage|p1a: Honchkrow.|371\/423 brn|[from] brn
|turn|36
|
|move|p2a: Rotom-Wash|Hydro Pump|p1a: Honchkrow.
|-damage|p1a: Honchkrow.|235\/423 brn
|move|p1a: Honchkrow.|Roost|p1a: Honchkrow.
|-heal|p1a: Honchkrow.|423\/423 brn
|
|-heal|p2a: Rotom-Wash|266\/304 tox|[from] item: Leftovers
|-damage|p2a: Rotom-Wash|209\/304 tox|[from] psn
|-damage|p1a: Honchkrow.|371\/423 brn|[from] brn
|turn|37
|
|move|p2a: Rotom-Wash|Pain Split|p1a: Honchkrow.
|-sethp|p1a: Honchkrow.|290\/423 brn|p2a: Rotom-Wash|290\/304 tox|[from] move: Pain Split
|move|p1a: Honchkrow.|Roost|p1a: Honchkrow.
|-heal|p1a: Honchkrow.|423\/423 brn
|
|-heal|p2a: Rotom-Wash|304\/304 tox|[from] item: Leftovers
|-damage|p2a: Rotom-Wash|228\/304 tox|[from] psn
|-damage|p1a: Honchkrow.|371\/423 brn|[from] brn
|turn|38
|
|move|p2a: Rotom-Wash|Volt Switch|p1a: Honchkrow.
|-supereffective|p1a: Honchkrow.
|-damage|p1a: Honchkrow.|203\/423 brn
|
|switch|p2a: Medicham|Medicham, M|261\/261
|move|p1a: Honchkrow.|Roost|p1a: Honchkrow.
|-heal|p1a: Honchkrow.|415\/423 brn
|
|-heal|p1a: Honchkrow.|423\/423 brn|[from] item: Leftovers
|-damage|p1a: Honchkrow.|371\/423 brn|[from] brn
|turn|39
|
|detailschange|p2a: Medicham|Medicham-Mega, M
|message|Medicham has Mega Evolved into Mega Medicham!
|move|p2a: Medicham|Fake Out|p1a: Honchkrow.
|-damage|p1a: Honchkrow.|314\/423 brn
|cant|p1a: Honchkrow.|flinch
|
|-heal|p1a: Honchkrow.|340\/423 brn|[from] item: Leftovers
|-damage|p1a: Honchkrow.|288\/423 brn|[from] brn
|turn|40
|
|move|p2a: Medicham|High Jump Kick|p1a: Honchkrow.
|-damage|p1a: Honchkrow.|3\/423 brn
|move|p1a: Honchkrow.|Roost|p1a: Honchkrow.
|-heal|p1a: Honchkrow.|215\/423 brn
|
|-heal|p1a: Honchkrow.|241\/423 brn|[from] item: Leftovers
|-damage|p1a: Honchkrow.|189\/423 brn|[from] brn
|turn|41
|
|move|p2a: Medicham|High Jump Kick|p1a: Honchkrow.
|-damage|p1a: Honchkrow.|0 fnt
|faint|p1a: Honchkrow.
|
|
|switch|p1a: Blissey.|Chansey, F|475\/642
|turn|42
|
|move|p2a: Medicham|High Jump Kick|p1a: Blissey.|[miss]
|-miss|p2a: Medicham|p1a: Blissey.
|-damage|p2a: Medicham|131\/261|[from] highjumpkick
|move|p1a: Blissey.|Seismic Toss|p2a: Medicham
|-damage|p2a: Medicham|31\/261
|
|turn|43
|
|move|p2a: Medicham|High Jump Kick|p1a: Blissey.
|-supereffective|p1a: Blissey.
|-damage|p1a: Blissey.|0 fnt
|faint|p1a: Blissey.
|
|win|kfreshz
|raw|Ladder updating...
|leave|Aegislash Returns
|player|p1
|raw|Aegislash Returns's rating: 1732 &rarr; <strong>1706<\/strong><br \/>(-26 for losing)
|raw|kfreshz's rating: 1622 &rarr; <strong>1649<\/strong><br \/>(+27 for winning)
|c|★kfreshz|gg