|join|Aegislash Returns
|join|Monster 87
|player|p1|Aegislash Returns|274
|player|p2|Monster 87|169
|gametype|singles
|gen|6
|tier|OU
|rated
|clearpoke
|poke|p1|Doublade, M
|poke|p1|Chansey, F
|poke|p1|Slowbro, M
|poke|p1|Gothitelle, M
|poke|p1|Mandibuzz, F
|poke|p1|Quagsire, M
|poke|p2|Charizard, M
|poke|p2|Dugtrio, F
|poke|p2|Conkeldurr, F
|poke|p2|Latias, F, shiny
|poke|p2|Bisharp, M
|poke|p2|Rotom-Wash
|rule|Swagger Clause: Swagger is banned
|rule|Baton Pass Clause: Limit one Pokémon knowing Baton Pass
|rule|Sleep Clause Mod: Limit one foe put to sleep
|rule|Species Clause: Limit one of each Pokémon
|rule|OHKO Clause: OHKO moves are banned
|rule|Moody Clause: Moody is banned
|rule|Evasion Moves Clause: Evasion moves are banned
|rule|Endless Battle Clause: Forcing endless battles is banned
|rule|HP Percentage Mod: HP is shown in percentages
|teampreview
|
|start
|switch|p1a: Swampert.|Quagsire, M|394\/394
|switch|p2a: HitThatDuggy|Dugtrio, F|201\/201
|turn|1
|
|move|p2a: HitThatDuggy|Stealth Rock|p1a: Swampert.
|-sidestart|p1: Aegislash Returns|move: Stealth Rock
|move|p1a: Swampert.|Scald|p2a: HitThatDuggy
|-supereffective|p2a: HitThatDuggy
|-damage|p2a: HitThatDuggy|21\/201
|
|turn|2
|
|switch|p2a: NiceNClean|Rotom-Wash|303\/303
|move|p1a: Swampert.|Toxic|p2a: NiceNClean|[miss]
|-miss|p1a: Swampert.|p2a: NiceNClean
|
|turn|3
|
|move|p2a: NiceNClean|Volt Switch|p1a: Swampert.
|-immune|p1a: Swampert.|[msg]
|move|p1a: Swampert.|Toxic|p2a: NiceNClean
|-status|p2a: NiceNClean|tox
|
|-damage|p2a: NiceNClean|285\/303 tox|[from] psn
|turn|4
|
|move|p2a: NiceNClean|Will-O-Wisp|p1a: Swampert.
|-status|p1a: Swampert.|brn
|move|p1a: Swampert.|Recover|p1a: Swampert.
|-fail|p1a: Swampert.
|
|-heal|p2a: NiceNClean|303\/303 tox|[from] item: Leftovers
|-damage|p2a: NiceNClean|267\/303 tox|[from] psn
|-damage|p1a: Swampert.|345\/394 brn|[from] brn
|turn|5
|
|switch|p2a: GAWN|Bisharp, M|291\/291
|move|p1a: Swampert.|Recover|p1a: Swampert.
|-heal|p1a: Swampert.|394\/394 brn
|
|-damage|p1a: Swampert.|345\/394 brn|[from] brn
|turn|6
|
|move|p2a: GAWN|Knock Off|p1a: Swampert.
|-damage|p1a: Swampert.|168\/394 brn
|-enditem|p1a: Swampert.|Leftovers|[from] move: Knock Off|[of] p2a: GAWN
|move|p1a: Swampert.|Recover|p1a: Swampert.
|-heal|p1a: Swampert.|365\/394 brn
|
|-damage|p1a: Swampert.|316\/394 brn|[from] brn
|turn|7
|
|switch|p2a: WaifuIsHere|Latias, F, shiny|319\/319
|move|p1a: Swampert.|Scald|p2a: WaifuIsHere
|-resisted|p2a: WaifuIsHere
|-damage|p2a: WaifuIsHere|292\/319
|-status|p2a: WaifuIsHere|brn
|
|-damage|p2a: WaifuIsHere|253\/319 brn|[from] brn
|-damage|p1a: Swampert.|267\/394 brn|[from] brn
|turn|8
|
|switch|p2a: Moses|Conkeldurr, F|364\/364
|switch|p1a: Aegislash.|Doublade, M|322\/322
|-damage|p1a: Aegislash.|302\/322|[from] Stealth Rock
|
|turn|9
|
|switch|p1a: Honchkrow.|Mandibuzz, F|423\/423
|-damage|p1a: Honchkrow.|318\/423|[from] Stealth Rock
|move|p2a: Moses|Ice Punch|p1a: Honchkrow.
|-supereffective|p1a: Honchkrow.
|-damage|p1a: Honchkrow.|76\/423
|
|-heal|p1a: Honchkrow.|102\/423|[from] item: Leftovers
|turn|10
|
|move|p1a: Honchkrow.|Defog|p2a: Moses
|-unboost|p2a: Moses|evasion|1
|-sideend|p1: Aegislash Returns|Stealth Rock|[from] move: Defog|[of] p1a: Honchkrow.
|move|p2a: Moses|Ice Punch|p1a: Honchkrow.
|-supereffective|p1a: Honchkrow.
|-damage|p1a: Honchkrow.|0 fnt
|faint|p1a: Honchkrow.
|
|
|switch|p1a: Starmie.|Slowbro, M|394\/394
|turn|11
|
|move|p2a: Moses|Thunder Punch|p1a: Starmie.
|-supereffective|p1a: Starmie.
|-damage|p1a: Starmie.|183\/394
|move|p1a: Starmie.|Calm Mind|p1a: Starmie.
|-boost|p1a: Starmie.|spa|1
|-boost|p1a: Starmie.|spd|1
|
|turn|12
|
|detailschange|p1a: Starmie.|Slowbro-Mega, M
|message|Slowbro has Mega Evolved into Mega Slowbro!
|move|p2a: Moses|Thunder Punch|p1a: Starmie.
|-supereffective|p1a: Starmie.
|-damage|p1a: Starmie.|44\/394
|move|p1a: Starmie.|Slack Off|p1a: Starmie.
|-heal|p1a: Starmie.|241\/394
|
|turn|13
|
|switch|p2a: HitThatDuggy|Dugtrio, F|21\/201
|move|p1a: Starmie.|Slack Off|p1a: Starmie.
|-heal|p1a: Starmie.|394\/394
|
|turn|14
|
|move|p2a: HitThatDuggy|Stealth Rock|p1a: Starmie.
|-sidestart|p1: Aegislash Returns|move: Stealth Rock
|move|p1a: Starmie.|Calm Mind|p1a: Starmie.
|-boost|p1a: Starmie.|spa|1
|-boost|p1a: Starmie.|spd|1
|
|turn|15
|
|move|p2a: HitThatDuggy|Memento|p1a: Starmie.
|-unboost|p1a: Starmie.|atk|2
|-unboost|p1a: Starmie.|spa|2
|faint|p2a: HitThatDuggy
|move|p1a: Starmie.|Calm Mind|p1a: Starmie.
|-boost|p1a: Starmie.|spa|1
|-boost|p1a: Starmie.|spd|1
|
|
|switch|p2a: GAWN|Bisharp, M|291\/291
|turn|16
|
|move|p2a: GAWN|Swords Dance|p2a: GAWN
|-boost|p2a: GAWN|atk|2
|move|p1a: Starmie.|Calm Mind|p1a: Starmie.
|-boost|p1a: Starmie.|spa|1
|-boost|p1a: Starmie.|spd|1
|
|turn|17
|
|move|p2a: GAWN|Sucker Punch|p1a: Starmie.
|-supereffective|p1a: Starmie.
|-damage|p1a: Starmie.|80\/394
|move|p1a: Starmie.|Scald|p2a: GAWN
|-crit|p2a: GAWN
|-damage|p2a: GAWN|0 fnt
|faint|p2a: GAWN
|
|
|switch|p2a: Destruction|Charizard, M|297\/297
|turn|18
|
|detailschange|p2a: Destruction|Charizard-Mega-X, M
|message|Charizard has Mega Evolved into Mega Charizard!
|move|p2a: Destruction|Dragon Claw|p1a: Starmie.
|-damage|p1a: Starmie.|0 fnt
|faint|p1a: Starmie.
|
|
|switch|p1a: Swampert.|Quagsire, M|267\/394 brn
|-damage|p1a: Swampert.|243\/394 brn|[from] Stealth Rock
|turn|19
|
|move|p2a: Destruction|Dragon Claw|p1a: Swampert.
|-damage|p1a: Swampert.|98\/394 brn
|move|p1a: Swampert.|Toxic|p2a: Destruction
|-status|p2a: Destruction|tox
|
|-damage|p2a: Destruction|279\/297 tox|[from] psn
|-damage|p1a: Swampert.|49\/394 brn|[from] brn
|turn|20
|
|move|p2a: Destruction|Dragon Claw|p1a: Swampert.
|-damage|p1a: Swampert.|0 fnt
|faint|p1a: Swampert.
|
|-damage|p2a: Destruction|243\/297 tox|[from] psn
|
|switch|p1a: Blissey.|Chansey, F|642\/642
|-damage|p1a: Blissey.|562\/642|[from] Stealth Rock
|turn|21
|
|switch|p2a: Moses|Conkeldurr, F|364\/364
|move|p1a: Blissey.|Soft-Boiled|p1a: Blissey.
|-heal|p1a: Blissey.|642\/642
|
|turn|22
|
|switch|p2a: NiceNClean|Rotom-Wash|267\/303 tox
|switch|p1a: Aegislash.|Doublade, M|302\/322
|-damage|p1a: Aegislash.|282\/322|[from] Stealth Rock
|
|-heal|p2a: NiceNClean|285\/303 tox|[from] item: Leftovers
|-damage|p2a: NiceNClean|267\/303 tox|[from] psn
|turn|23
|
|switch|p1a: Blissey.|Chansey, F|642\/642
|-damage|p1a: Blissey.|562\/642|[from] Stealth Rock
|move|p2a: NiceNClean|Will-O-Wisp|p1a: Blissey.
|-status|p1a: Blissey.|brn
|
|-heal|p2a: NiceNClean|285\/303 tox|[from] item: Leftovers
|-damage|p2a: NiceNClean|249\/303 tox|[from] psn
|-damage|p1a: Blissey.|482\/642 brn|[from] brn
|turn|24
|
|move|p2a: NiceNClean|Volt Switch|p1a: Blissey.
|-damage|p1a: Blissey.|437\/642 brn
|
|switch|p2a: Moses|Conkeldurr, F|364\/364
|move|p1a: Blissey.|Stealth Rock|p2a: Moses
|-sidestart|p2: Monster 87|move: Stealth Rock
|
|-damage|p1a: Blissey.|357\/642 brn|[from] brn
|turn|25
|
|switch|p1a: Aegislash.|Doublade, M|282\/322
|-damage|p1a: Aegislash.|262\/322|[from] Stealth Rock
|move|p2a: Moses|Drain Punch|p1a: Aegislash.
|-immune|p1a: Aegislash.|[msg]
|
|turn|26
|
|move|p2a: Moses|Thunder Punch|p1a: Aegislash.
|-damage|p1a: Aegislash.|202\/322
|move|p1a: Aegislash.|Gyro Ball|p2a: Moses
|-damage|p2a: Moses|280\/364
|
|turn|27
|
|switch|p2a: NiceNClean|Rotom-Wash|249\/303 tox
|-damage|p2a: NiceNClean|212\/303 tox|[from] Stealth Rock
|move|p1a: Aegislash.|Gyro Ball|p2a: NiceNClean
|-resisted|p2a: NiceNClean
|-damage|p2a: NiceNClean|196\/303 tox
|
|-heal|p2a: NiceNClean|214\/303 tox|[from] item: Leftovers
|-damage|p2a: NiceNClean|196\/303 tox|[from] psn
|turn|28
|
|move|p2a: NiceNClean|Volt Switch|p1a: Aegislash.
|-damage|p1a: Aegislash.|141\/322
|
|switch|p2a: Moses|Conkeldurr, F|280\/364
|-damage|p2a: Moses|258\/364|[from] Stealth Rock
|move|p1a: Aegislash.|Gyro Ball|p2a: Moses
|-damage|p2a: Moses|170\/364
|
|turn|29
|
|move|p2a: Moses|Thunder Punch|p1a: Aegislash.
|-damage|p1a: Aegislash.|83\/322
|move|p1a: Aegislash.|Gyro Ball|p2a: Moses
|-damage|p2a: Moses|88\/364
|
|turn|30
|
|switch|p2a: NiceNClean|Rotom-Wash|196\/303 tox
|-damage|p2a: NiceNClean|159\/303 tox|[from] Stealth Rock
|move|p1a: Aegislash.|Gyro Ball|p2a: NiceNClean
|-resisted|p2a: NiceNClean
|-damage|p2a: NiceNClean|144\/303 tox
|
|-heal|p2a: NiceNClean|162\/303 tox|[from] item: Leftovers
|-damage|p2a: NiceNClean|144\/303 tox|[from] psn
|turn|31
|
|switch|p2a: Moses|Conkeldurr, F|88\/364
|-damage|p2a: Moses|66\/364|[from] Stealth Rock
|move|p1a: Aegislash.|Rest|p1a: Aegislash.
|-status|p1a: Aegislash.|slp
|-heal|p1a: Aegislash.|322\/322 slp|[silent]
|-status|p1a: Aegislash.|slp|[from] move: Rest
|
|turn|32
|
|move|p2a: Moses|Drain Punch|p1a: Aegislash.
|-immune|p1a: Aegislash.|[msg]
|cant|p1a: Aegislash.|slp
|
|turn|33
|
|switch|p2a: WaifuIsHere|Latias, F, shiny|253\/319 brn
|-damage|p2a: WaifuIsHere|214\/319 brn|[from] Stealth Rock
|cant|p1a: Aegislash.|slp
|
|-damage|p2a: WaifuIsHere|175\/319 brn|[from] brn
|turn|34
|
|move|p2a: WaifuIsHere|Healing Wish|p2a: WaifuIsHere
|faint|p2a: WaifuIsHere
|-curestatus|p1a: Aegislash.|slp
|move|p1a: Aegislash.|Pursuit|p2: WaifuIsHere|[notarget]
|-notarget
|
|
|switch|p2a: Destruction|Charizard-Mega-X, M|243\/297 tox
|-heal|p2a: Destruction|297\/297|[from] move: Healing Wish
|-damage|p2a: Destruction|223\/297|[from] Stealth Rock
|turn|35
|
|move|p2a: Destruction|Dragon Dance|p2a: Destruction
|-boost|p2a: Destruction|atk|1
|-boost|p2a: Destruction|spe|1
|move|p1a: Aegislash.|Gyro Ball|p2a: Destruction
|-resisted|p2a: Destruction
|-damage|p2a: Destruction|148\/297
|
|turn|36
|
|move|p2a: Destruction|Roost|p2a: Destruction
|-heal|p2a: Destruction|297\/297
|move|p1a: Aegislash.|Sacred Sword|p2a: Destruction
|-damage|p2a: Destruction|228\/297
|
|turn|37
|
|move|p2a: Destruction|Flare Blitz|p1a: Aegislash.
|-supereffective|p1a: Aegislash.
|-damage|p1a: Aegislash.|0 fnt
|-damage|p2a: Destruction|122\/297|[from] recoil|[of] p1a: Aegislash.
|faint|p1a: Aegislash.
|
|
|switch|p1a: Wobbuffet.|Gothitelle, M|301\/301
|-damage|p1a: Wobbuffet.|264\/301|[from] Stealth Rock
|turn|38
|
|switch|p1a: Blissey.|Chansey, F|357\/642
|-damage|p1a: Blissey.|277\/642|[from] Stealth Rock
|move|p2a: Destruction|Dragon Claw|p1a: Blissey.
|-crit|p1a: Blissey.
|-damage|p1a: Blissey.|0 fnt
|faint|p1a: Blissey.
|
|-message|Aegislash Returns forfeited.
|leave|Aegislash Returns
|
|win|Monster 87
|raw|Ladder updating...
|player|p1