|join|Aegislash Returns
|join|Leiya
|player|p1|Aegislash Returns|274
|player|p2|Leiya|174
|gametype|singles
|gen|6
|tier|OU
|rated
|clearpoke
|poke|p1|Doublade, F
|poke|p1|Chansey, F
|poke|p1|Slowbro, F
|poke|p1|Gothitelle, F
|poke|p1|Mandibuzz, F
|poke|p1|Quagsire, F
|poke|p2|Ferrothorn, F
|poke|p2|Diancie
|poke|p2|Blissey, F
|poke|p2|Salamence, M
|poke|p2|Tentacruel, F
|poke|p2|Toxicroak, F
|rule|Swagger Clause: Swagger is banned
|rule|Baton Pass Clause: Limit one Pokémon knowing Baton Pass
|rule|Sleep Clause Mod: Limit one foe put to sleep
|rule|Species Clause: Limit one of each Pokémon
|rule|OHKO Clause: OHKO moves are banned
|rule|Moody Clause: Moody is banned
|rule|Evasion Moves Clause: Evasion moves are banned
|rule|Endless Battle Clause: Forcing endless battles is banned
|rule|HP Percentage Mod: HP is shown in percentages
|teampreview
|
|start
|switch|p1a: Starmie.|Slowbro, F|394\/394
|switch|p2a: Diancie|Diancie|301\/301
|turn|1
|
|switch|p2a: Toxicroak|Toxicroak, F|370\/370
|move|p1a: Starmie.|Scald|p2a: Toxicroak
|-immune|p2a: Toxicroak|[msg]
|
|turn|2
|
|move|p2a: Toxicroak|Substitute|p2a: Toxicroak
|-start|p2a: Toxicroak|Substitute
|-damage|p2a: Toxicroak|278\/370
|move|p1a: Starmie.|Psyshock|p2a: Toxicroak
|-supereffective|p2a: Toxicroak
|-end|p2a: Toxicroak|Substitute
|
|-heal|p2a: Toxicroak|301\/370|[from] item: Leftovers
|turn|3
|
|switch|p2a: Blissey|Blissey, F|714\/714
|move|p1a: Starmie.|Calm Mind|p1a: Starmie.
|-boost|p1a: Starmie.|spa|1
|-boost|p1a: Starmie.|spd|1
|
|turn|4
|join|porrtal 2
|
|switch|p2a: Ferrothorn|Ferrothorn, F|352\/352
|switch|p1a: Wobbuffet.|Gothitelle, F|301\/301
|
|turn|5
|
|move|p1a: Wobbuffet.|Trick|p2a: Ferrothorn
|-activate|p1a: Wobbuffet.|move: Trick|[of] p2a: Ferrothorn
|-item|p2a: Ferrothorn|Choice Scarf|[from] move: Trick
|-item|p1a: Wobbuffet.|Leftovers|[from] move: Trick
|move|p2a: Ferrothorn|Leech Seed|p1a: Wobbuffet.
|-start|p1a: Wobbuffet.|move: Leech Seed
|
|-damage|p1a: Wobbuffet.|264\/301|[from] Leech Seed|[of] p2a: Ferrothorn
|turn|6
|
|move|p1a: Wobbuffet.|Calm Mind|p1a: Wobbuffet.
|-boost|p1a: Wobbuffet.|spa|1
|-boost|p1a: Wobbuffet.|spd|1
|move|p2a: Ferrothorn|Leech Seed|p1a: Wobbuffet.|[miss]
|-miss|p2a: Ferrothorn|p1a: Wobbuffet.
|
|-heal|p1a: Wobbuffet.|282\/301|[from] item: Leftovers
|-damage|p1a: Wobbuffet.|245\/301|[from] Leech Seed|[of] p2a: Ferrothorn
|turn|7
|leave|porrtal 2
|
|move|p1a: Wobbuffet.|Calm Mind|p1a: Wobbuffet.
|-boost|p1a: Wobbuffet.|spa|1
|-boost|p1a: Wobbuffet.|spd|1
|move|p2a: Ferrothorn|Leech Seed|p1a: Wobbuffet.
|-fail|p1a: Wobbuffet.
|
|-heal|p1a: Wobbuffet.|263\/301|[from] item: Leftovers
|-damage|p1a: Wobbuffet.|226\/301|[from] Leech Seed|[of] p2a: Ferrothorn
|turn|8
|
|move|p1a: Wobbuffet.|Calm Mind|p1a: Wobbuffet.
|-boost|p1a: Wobbuffet.|spa|1
|-boost|p1a: Wobbuffet.|spd|1
|move|p2a: Ferrothorn|Leech Seed|p1a: Wobbuffet.
|-fail|p1a: Wobbuffet.
|
|-heal|p1a: Wobbuffet.|244\/301|[from] item: Leftovers
|-damage|p1a: Wobbuffet.|207\/301|[from] Leech Seed|[of] p2a: Ferrothorn
|turn|9
|
|move|p1a: Wobbuffet.|Calm Mind|p1a: Wobbuffet.
|-boost|p1a: Wobbuffet.|spa|1
|-boost|p1a: Wobbuffet.|spd|1
|move|p2a: Ferrothorn|Leech Seed|p1a: Wobbuffet.
|-fail|p1a: Wobbuffet.
|
|-heal|p1a: Wobbuffet.|225\/301|[from] item: Leftovers
|-damage|p1a: Wobbuffet.|188\/301|[from] Leech Seed|[of] p2a: Ferrothorn
|turn|10
|
|move|p1a: Wobbuffet.|Calm Mind|p1a: Wobbuffet.
|-boost|p1a: Wobbuffet.|spa|1
|-boost|p1a: Wobbuffet.|spd|1
|move|p2a: Ferrothorn|Leech Seed|p1a: Wobbuffet.|[miss]
|-miss|p2a: Ferrothorn|p1a: Wobbuffet.
|
|-heal|p1a: Wobbuffet.|206\/301|[from] item: Leftovers
|-damage|p1a: Wobbuffet.|169\/301|[from] Leech Seed|[of] p2a: Ferrothorn
|turn|11
|
|move|p1a: Wobbuffet.|Calm Mind|p1a: Wobbuffet.
|-boost|p1a: Wobbuffet.|spa|1
|-boost|p1a: Wobbuffet.|spd|1
|move|p2a: Ferrothorn|Leech Seed|p1a: Wobbuffet.
|-fail|p1a: Wobbuffet.
|
|-heal|p1a: Wobbuffet.|187\/301|[from] item: Leftovers
|-damage|p1a: Wobbuffet.|150\/301|[from] Leech Seed|[of] p2a: Ferrothorn
|turn|12
|
|move|p1a: Wobbuffet.|Rest|p1a: Wobbuffet.
|-status|p1a: Wobbuffet.|slp
|-heal|p1a: Wobbuffet.|301\/301 slp|[silent]
|-status|p1a: Wobbuffet.|slp|[from] move: Rest
|move|p2a: Ferrothorn|Leech Seed|p1a: Wobbuffet.
|-fail|p1a: Wobbuffet.
|
|-damage|p1a: Wobbuffet.|264\/301 slp|[from] Leech Seed|[of] p2a: Ferrothorn
|turn|13
|
|cant|p1a: Wobbuffet.|slp
|move|p2a: Ferrothorn|Leech Seed|p1a: Wobbuffet.
|-fail|p1a: Wobbuffet.
|
|-heal|p1a: Wobbuffet.|282\/301 slp|[from] item: Leftovers
|-damage|p1a: Wobbuffet.|245\/301 slp|[from] Leech Seed|[of] p2a: Ferrothorn
|turn|14
|
|cant|p1a: Wobbuffet.|slp
|move|p2a: Ferrothorn|Leech Seed|p1a: Wobbuffet.
|-fail|p1a: Wobbuffet.
|
|-heal|p1a: Wobbuffet.|263\/301 slp|[from] item: Leftovers
|-damage|p1a: Wobbuffet.|226\/301 slp|[from] Leech Seed|[of] p2a: Ferrothorn
|turn|15
|
|-curestatus|p1a: Wobbuffet.|slp
|move|p1a: Wobbuffet.|Psyshock|p2a: Ferrothorn
|-resisted|p2a: Ferrothorn
|-damage|p2a: Ferrothorn|220\/352
|move|p2a: Ferrothorn|Leech Seed|p1a: Wobbuffet.|[miss]
|-miss|p2a: Ferrothorn|p1a: Wobbuffet.
|
|-heal|p1a: Wobbuffet.|244\/301|[from] item: Leftovers
|-damage|p1a: Wobbuffet.|207\/301|[from] Leech Seed|[of] p2a: Ferrothorn
|-heal|p2a: Ferrothorn|257\/352|[silent]
|turn|16
|
|move|p1a: Wobbuffet.|Psyshock|p2a: Ferrothorn
|-resisted|p2a: Ferrothorn
|-damage|p2a: Ferrothorn|117\/352
|move|p2a: Ferrothorn|Leech Seed|p1a: Wobbuffet.
|-fail|p1a: Wobbuffet.
|
|-heal|p1a: Wobbuffet.|225\/301|[from] item: Leftovers
|-damage|p1a: Wobbuffet.|188\/301|[from] Leech Seed|[of] p2a: Ferrothorn
|-heal|p2a: Ferrothorn|154\/352|[silent]
|turn|17
|
|move|p1a: Wobbuffet.|Rest|p1a: Wobbuffet.
|-status|p1a: Wobbuffet.|slp
|-heal|p1a: Wobbuffet.|301\/301 slp|[silent]
|-status|p1a: Wobbuffet.|slp|[from] move: Rest
|move|p2a: Ferrothorn|Leech Seed|p1a: Wobbuffet.
|-fail|p1a: Wobbuffet.
|
|-damage|p1a: Wobbuffet.|264\/301 slp|[from] Leech Seed|[of] p2a: Ferrothorn
|-heal|p2a: Ferrothorn|191\/352|[silent]
|turn|18
|
|cant|p1a: Wobbuffet.|slp
|move|p2a: Ferrothorn|Leech Seed|p1a: Wobbuffet.|[miss]
|-miss|p2a: Ferrothorn|p1a: Wobbuffet.
|
|-heal|p1a: Wobbuffet.|282\/301 slp|[from] item: Leftovers
|-damage|p1a: Wobbuffet.|245\/301 slp|[from] Leech Seed|[of] p2a: Ferrothorn
|-heal|p2a: Ferrothorn|228\/352|[silent]
|turn|19
|
|cant|p1a: Wobbuffet.|slp
|move|p2a: Ferrothorn|Leech Seed|p1a: Wobbuffet.
|-fail|p1a: Wobbuffet.
|
|-heal|p1a: Wobbuffet.|263\/301 slp|[from] item: Leftovers
|-damage|p1a: Wobbuffet.|226\/301 slp|[from] Leech Seed|[of] p2a: Ferrothorn
|-heal|p2a: Ferrothorn|265\/352|[silent]
|turn|20
|
|-curestatus|p1a: Wobbuffet.|slp
|move|p1a: Wobbuffet.|Psyshock|p2a: Ferrothorn
|-resisted|p2a: Ferrothorn
|-damage|p2a: Ferrothorn|130\/352
|move|p2a: Ferrothorn|Leech Seed|p1a: Wobbuffet.
|-fail|p1a: Wobbuffet.
|
|-heal|p1a: Wobbuffet.|244\/301|[from] item: Leftovers
|-damage|p1a: Wobbuffet.|207\/301|[from] Leech Seed|[of] p2a: Ferrothorn
|-heal|p2a: Ferrothorn|167\/352|[silent]
|turn|21
|
|move|p1a: Wobbuffet.|Calm Mind|p1a: Wobbuffet.
|-fail|p1a: Wobbuffet.
|-activate|p2a: Ferrothorn|move: Struggle
|move|p2a: Ferrothorn|Struggle|p1a: Wobbuffet.
|-damage|p1a: Wobbuffet.|165\/301
|-damage|p2a: Ferrothorn|79\/352
|
|-heal|p1a: Wobbuffet.|183\/301|[from] item: Leftovers
|-damage|p1a: Wobbuffet.|146\/301|[from] Leech Seed|[of] p2a: Ferrothorn
|-heal|p2a: Ferrothorn|116\/352|[silent]
|turn|22
|
|move|p1a: Wobbuffet.|Calm Mind|p1a: Wobbuffet.
|-fail|p1a: Wobbuffet.
|-activate|p2a: Ferrothorn|move: Struggle
|move|p2a: Ferrothorn|Struggle|p1a: Wobbuffet.
|-damage|p1a: Wobbuffet.|110\/301
|-damage|p2a: Ferrothorn|28\/352
|
|-heal|p1a: Wobbuffet.|128\/301|[from] item: Leftovers
|-damage|p1a: Wobbuffet.|91\/301|[from] Leech Seed|[of] p2a: Ferrothorn
|-heal|p2a: Ferrothorn|65\/352|[silent]
|turn|23
|
|move|p1a: Wobbuffet.|Trick|p2a: Ferrothorn
|-activate|p1a: Wobbuffet.|move: Trick|[of] p2a: Ferrothorn
|-item|p2a: Ferrothorn|Leftovers|[from] move: Trick
|-item|p1a: Wobbuffet.|Choice Scarf|[from] move: Trick
|-activate|p2a: Ferrothorn|move: Struggle
|move|p2a: Ferrothorn|Struggle|p1a: Wobbuffet.
|-damage|p1a: Wobbuffet.|50\/301
|-damage|p2a: Ferrothorn|0 fnt
|faint|p2a: Ferrothorn
|
|
|switch|p2a: Salamence|Salamence, M|390\/390
|-ability|p2a: Salamence|Intimidate|[of] p1a: Wobbuffet.
|-unboost|p1a: Wobbuffet.|atk|1
|turn|24
|
|move|p1a: Wobbuffet.|Psyshock|p2a: Salamence
|-damage|p2a: Salamence|44\/390
|move|p2a: Salamence|Draco Meteor|p1a: Wobbuffet.
|-damage|p1a: Wobbuffet.|13\/301
|-unboost|p2a: Salamence|spa|2
|
|-heal|p2a: Salamence|68\/390|[from] item: Leftovers
|-damage|p1a: Wobbuffet.|0 fnt|[from] Leech Seed|[of] p2a: Salamence
|-heal|p2a: Salamence|81\/390|[silent]
|faint|p1a: Wobbuffet.
|
|switch|p1a: Starmie.|Slowbro, F|394\/394
|turn|25
|
|switch|p2a: Blissey|Blissey, F|714\/714
|move|p1a: Starmie.|Calm Mind|p1a: Starmie.
|-boost|p1a: Starmie.|spa|1
|-boost|p1a: Starmie.|spd|1
|
|turn|26
|
|move|p2a: Blissey|Toxic|p1a: Starmie.
|-status|p1a: Starmie.|tox
|move|p1a: Starmie.|Calm Mind|p1a: Starmie.
|-boost|p1a: Starmie.|spa|1
|-boost|p1a: Starmie.|spd|1
|
|-damage|p1a: Starmie.|370\/394 tox|[from] psn
|turn|27
|
|move|p2a: Blissey|Seismic Toss|p1a: Starmie.
|-damage|p1a: Starmie.|270\/394 tox
|move|p1a: Starmie.|Psyshock|p2a: Blissey
|-damage|p2a: Blissey|393\/714
|
|-heal|p2a: Blissey|437\/714|[from] item: Leftovers
|-damage|p1a: Starmie.|222\/394 tox|[from] psn
|turn|28
|
|switch|p1a: Blissey.|Chansey, F|642\/642
|move|p2a: Blissey|Wish|p2a: Blissey
|
|-heal|p2a: Blissey|481\/714|[from] item: Leftovers
|turn|29
|
|move|p2a: Blissey|Toxic|p1a: Blissey.
|-status|p1a: Blissey.|tox
|move|p1a: Blissey.|Seismic Toss|p2a: Blissey
|-damage|p2a: Blissey|381\/714
|
|-heal|p2a: Blissey|714\/714|[from] move: Wish|[wisher] Blissey
|-damage|p1a: Blissey.|602\/642 tox|[from] psn
|turn|30
|
|move|p2a: Blissey|Wish|p2a: Blissey
|move|p1a: Blissey.|Stealth Rock|p2a: Blissey
|-sidestart|p2: Leiya|move: Stealth Rock
|
|-damage|p1a: Blissey.|522\/642 tox|[from] psn
|turn|31
|
|switch|p2a: Tentacruel|Tentacruel, F|364\/364
|-damage|p2a: Tentacruel|319\/364|[from] Stealth Rock
|move|p1a: Blissey.|Heal Bell|p1a: Blissey.
|-cureteam|p1a: Blissey.|[from] move: HealBell
|
|-heal|p2a: Tentacruel|364\/364|[from] move: Wish|[wisher] Blissey
|turn|32
|
|switch|p1a: Starmie.|Slowbro, F|353\/394
|move|p2a: Tentacruel|Toxic Spikes|p1a: Starmie.
|-sidestart|p1: Aegislash Returns|move: Toxic Spikes
|
|turn|33
|
|move|p2a: Tentacruel|Rapid Spin|p1a: Starmie.
|-damage|p1a: Starmie.|346\/394
|-sideend|p2: Leiya|Stealth Rock|[from] move: Rapid Spin|[of] p2a: Tentacruel
|move|p1a: Starmie.|Calm Mind|p1a: Starmie.
|-boost|p1a: Starmie.|spa|1
|-boost|p1a: Starmie.|spd|1
|
|turn|34
|
|detailschange|p1a: Starmie.|Slowbro-Mega, F
|message|Slowbro has Mega Evolved into Mega Slowbro!
|move|p2a: Tentacruel|Toxic Spikes|p1a: Starmie.
|-sidestart|p1: Aegislash Returns|move: Toxic Spikes
|move|p1a: Starmie.|Psyshock|p2a: Tentacruel
|-supereffective|p2a: Tentacruel
|-damage|p2a: Tentacruel|10\/364
|
|-heal|p2a: Tentacruel|32\/364|[from] item: Leftovers
|turn|35
|
|move|p2a: Tentacruel|Haze|p2a: Tentacruel
|-clearallboost
|move|p1a: Starmie.|Calm Mind|p1a: Starmie.
|-boost|p1a: Starmie.|spa|1
|-boost|p1a: Starmie.|spd|1
|
|-heal|p2a: Tentacruel|54\/364|[from] item: Leftovers
|turn|36
|
|switch|p2a: Blissey|Blissey, F|714\/714
|move|p1a: Starmie.|Psyshock|p2a: Blissey
|-damage|p2a: Blissey|366\/714
|
|-heal|p2a: Blissey|410\/714|[from] item: Leftovers
|turn|37
|
|move|p2a: Blissey|Toxic|p1a: Starmie.
|-status|p1a: Starmie.|tox
|move|p1a: Starmie.|Calm Mind|p1a: Starmie.
|-boost|p1a: Starmie.|spa|1
|-boost|p1a: Starmie.|spd|1
|
|-heal|p2a: Blissey|454\/714|[from] item: Leftovers
|-damage|p1a: Starmie.|322\/394 tox|[from] psn
|turn|38
|
|move|p2a: Blissey|Protect|p2a: Blissey
|-singleturn|p2a: Blissey|Protect
|move|p1a: Starmie.|Psyshock|p2a: Blissey
|-activate|p2a: Blissey|Protect
|
|-heal|p2a: Blissey|498\/714|[from] item: Leftovers
|-damage|p1a: Starmie.|274\/394 tox|[from] psn
|turn|39
|
|move|p2a: Blissey|Seismic Toss|p1a: Starmie.
|-damage|p1a: Starmie.|174\/394 tox
|move|p1a: Starmie.|Psyshock|p2a: Blissey
|-damage|p2a: Blissey|92\/714
|
|-heal|p2a: Blissey|136\/714|[from] item: Leftovers
|-damage|p1a: Starmie.|102\/394 tox|[from] psn
|turn|40
|
|move|p2a: Blissey|Seismic Toss|p1a: Starmie.
|-damage|p1a: Starmie.|2\/394 tox
|move|p1a: Starmie.|Slack Off|p1a: Starmie.
|-heal|p1a: Starmie.|199\/394 tox
|
|-heal|p2a: Blissey|180\/714|[from] item: Leftovers
|-damage|p1a: Starmie.|103\/394 tox|[from] psn
|turn|41
|c|★Leiya|oh
|c|★Leiya|no rest?
|
|switch|p1a: Aegislash.|Doublade, F|322\/322
|move|p2a: Blissey|Protect|p2a: Blissey
|-fail|p2a: Blissey
|
|-heal|p2a: Blissey|224\/714|[from] item: Leftovers
|turn|42
|
|move|p2a: Blissey|Protect|p2a: Blissey
|-singleturn|p2a: Blissey|Protect
|move|p1a: Aegislash.|Sacred Sword|p2a: Blissey
|-activate|p2a: Blissey|Protect
|
|-heal|p2a: Blissey|268\/714|[from] item: Leftovers
|turn|43
|
|switch|p2a: Diancie|Diancie|301\/301
|move|p1a: Aegislash.|Sacred Sword|p2a: Diancie
|-damage|p2a: Diancie|256\/301
|
|turn|44
|
|detailschange|p2a: Diancie|Diancie-Mega
|message|Diancie has Mega Evolved into Mega Diancie!
|move|p2a: Diancie|Earth Power|p1a: Aegislash.
|-supereffective|p1a: Aegislash.
|-damage|p1a: Aegislash.|154\/322
|move|p1a: Aegislash.|Gyro Ball|p2a: Diancie
|-supereffective|p2a: Diancie
|-damage|p2a: Diancie|0 fnt
|faint|p2a: Diancie
|
|
|switch|p2a: Salamence|Salamence, M|81\/390
|-ability|p2a: Salamence|Intimidate|[of] p1a: Aegislash.
|-unboost|p1a: Aegislash.|atk|1
|turn|45
|
|switch|p1a: Blissey.|Chansey, F|522\/642
|-status|p1a: Blissey.|tox
|move|p2a: Salamence|Roost|p2a: Salamence
|-heal|p2a: Salamence|276\/390
|
|-heal|p2a: Salamence|300\/390|[from] item: Leftovers
|-damage|p1a: Blissey.|482\/642 tox|[from] psn
|turn|46
|
|switch|p2a: Toxicroak|Toxicroak, F|301\/370
|move|p1a: Blissey.|Heal Bell|p1a: Blissey.
|-cureteam|p1a: Blissey.|[from] move: HealBell
|
|-heal|p2a: Toxicroak|324\/370|[from] item: Leftovers
|turn|47
|
|switch|p1a: Honchkrow.|Mandibuzz, F|423\/423
|move|p2a: Toxicroak|Substitute|p2a: Toxicroak
|-start|p2a: Toxicroak|Substitute
|-damage|p2a: Toxicroak|232\/370
|
|-heal|p2a: Toxicroak|255\/370|[from] item: Leftovers
|turn|48
|
|move|p2a: Toxicroak|Knock Off|p1a: Honchkrow.
|-resisted|p1a: Honchkrow.
|-damage|p1a: Honchkrow.|390\/423
|-enditem|p1a: Honchkrow.|Leftovers|[from] move: Knock Off|[of] p2a: Toxicroak
|move|p1a: Honchkrow.|Defog|p2a: Toxicroak
|-sideend|p1: Aegislash Returns|Toxic Spikes|[from] move: Defog|[of] p1a: Honchkrow.
|
|-heal|p2a: Toxicroak|278\/370|[from] item: Leftovers
|turn|49
|
|move|p2a: Toxicroak|Drain Punch|p1a: Honchkrow.
|-damage|p1a: Honchkrow.|308\/423
|-heal|p2a: Toxicroak|319\/370|[from] drain|[of] p1a: Honchkrow.
|move|p1a: Honchkrow.|Foul Play|p2a: Toxicroak
|-resisted|p2a: Toxicroak
|-activate|p2a: Toxicroak|Substitute|[damage]
|
|-heal|p2a: Toxicroak|342\/370|[from] item: Leftovers
|turn|50
|
|move|p2a: Toxicroak|Drain Punch|p1a: Honchkrow.
|-damage|p1a: Honchkrow.|227\/423
|-heal|p2a: Toxicroak|370\/370|[from] drain|[of] p1a: Honchkrow.
|move|p1a: Honchkrow.|Roost|p1a: Honchkrow.
|-heal|p1a: Honchkrow.|423\/423
|
|turn|51
|
|switch|p1a: Starmie.|Slowbro-Mega, F|103\/394
|move|p2a: Toxicroak|Gunk Shot|p1a: Starmie.
|-damage|p1a: Starmie.|33\/394
|
|turn|52
|
|switch|p1a: Swampert.|Quagsire, F|394\/394
|move|p2a: Toxicroak|Knock Off|p1a: Swampert.
|-damage|p1a: Swampert.|319\/394
|-enditem|p1a: Swampert.|Leftovers|[from] move: Knock Off|[of] p2a: Toxicroak
|
|turn|53
|
|move|p2a: Toxicroak|Drain Punch|p1a: Swampert.
|-damage|p1a: Swampert.|235\/394
|move|p1a: Swampert.|Earthquake|p2a: Toxicroak
|-supereffective|p2a: Toxicroak
|-end|p2a: Toxicroak|Substitute
|
|turn|54
|
|switch|p2a: Blissey|Blissey, F|268\/714
|move|p1a: Swampert.|Toxic|p2a: Blissey
|-status|p2a: Blissey|tox
|
|-heal|p2a: Blissey|312\/714 tox|[from] item: Leftovers
|-damage|p2a: Blissey|268\/714 tox|[from] psn
|turn|55
|
|move|p2a: Blissey|Wish|p2a: Blissey
|move|p1a: Swampert.|Earthquake|p2a: Blissey
|-damage|p2a: Blissey|91\/714 tox
|
|-heal|p2a: Blissey|135\/714 tox|[from] item: Leftovers
|-damage|p2a: Blissey|47\/714 tox|[from] psn
|turn|56
|
|switch|p1a: Starmie.|Slowbro-Mega, F|33\/394
|move|p2a: Blissey|Protect|p2a: Blissey
|-fail|p2a: Blissey
|
|-heal|p2a: Blissey|404\/714 tox|[from] move: Wish|[wisher] Blissey
|-heal|p2a: Blissey|448\/714 tox|[from] item: Leftovers
|-damage|p2a: Blissey|316\/714 tox|[from] psn
|turn|57
|
|switch|p1a: Aegislash.|Doublade, F|154\/322
|move|p2a: Blissey|Seismic Toss|p1a: Aegislash.
|-immune|p1a: Aegislash.|[msg]
|
|-heal|p2a: Blissey|360\/714 tox|[from] item: Leftovers
|-damage|p2a: Blissey|184\/714 tox|[from] psn
|turn|58
|
|move|p1a: Aegislash.|Pursuit|p2a: Blissey|[from]Pursuit
|-damage|p2a: Blissey|61\/714 tox
|switch|p2a: Salamence|Salamence, M|300\/390
|-ability|p2a: Salamence|Intimidate|[of] p1a: Aegislash.
|-unboost|p1a: Aegislash.|atk|1
|
|-heal|p2a: Salamence|324\/390|[from] item: Leftovers
|turn|59
|c|★Leiya|jesus
|
|switch|p1a: Blissey.|Chansey, F|482\/642
|move|p2a: Salamence|Roar|p1a: Blissey.
|drag|p1a: Swampert.|Quagsire, F|235\/394
|
|-heal|p2a: Salamence|348\/390|[from] item: Leftovers
|turn|60
|
|switch|p1a: Blissey.|Chansey, F|482\/642
|move|p2a: Salamence|Draco Meteor|p1a: Blissey.
|-damage|p1a: Blissey.|392\/642
|-unboost|p2a: Salamence|spa|2
|
|-heal|p2a: Salamence|372\/390|[from] item: Leftovers
|turn|61
|
|switch|p2a: Blissey|Blissey, F|61\/714
|move|p1a: Blissey.|Stealth Rock|p2a: Blissey
|-sidestart|p2: Leiya|move: Stealth Rock
|
|-heal|p2a: Blissey|105\/714|[from] item: Leftovers
|turn|62
|
|switch|p1a: Aegislash.|Doublade, F|154\/322
|move|p2a: Blissey|Wish|p2a: Blissey
|
|-heal|p2a: Blissey|149\/714|[from] item: Leftovers
|turn|63
|
|move|p2a: Blissey|Protect|p2a: Blissey
|-singleturn|p2a: Blissey|Protect
|move|p1a: Aegislash.|Rest|p1a: Aegislash.
|-status|p1a: Aegislash.|slp
|-heal|p1a: Aegislash.|322\/322 slp|[silent]
|-status|p1a: Aegislash.|slp|[from] move: Rest
|
|-heal|p2a: Blissey|506\/714|[from] move: Wish|[wisher] Blissey
|-heal|p2a: Blissey|550\/714|[from] item: Leftovers
|turn|64
|
|move|p2a: Blissey|Wish|p2a: Blissey
|cant|p1a: Aegislash.|slp
|
|-heal|p2a: Blissey|594\/714|[from] item: Leftovers
|turn|65
|
|switch|p2a: Tentacruel|Tentacruel, F|54\/364
|-damage|p2a: Tentacruel|9\/364|[from] Stealth Rock
|switch|p1a: Starmie.|Slowbro-Mega, F|33\/394
|
|-heal|p2a: Tentacruel|364\/364|[from] move: Wish|[wisher] Blissey
|turn|66
|
|move|p2a: Tentacruel|Scald|p1a: Starmie.
|-resisted|p1a: Starmie.
|-damage|p1a: Starmie.|0 fnt
|faint|p1a: Starmie.
|
|
|switch|p1a: Swampert.|Quagsire, F|235\/394
|turn|67
|
|move|p2a: Tentacruel|Scald|p1a: Swampert.
|-damage|p1a: Swampert.|130\/394
|move|p1a: Swampert.|Earthquake|p2a: Tentacruel
|-supereffective|p2a: Tentacruel
|-damage|p2a: Tentacruel|178\/364
|
|-heal|p2a: Tentacruel|200\/364|[from] item: Leftovers
|turn|68
|
|move|p2a: Tentacruel|Scald|p1a: Swampert.
|-damage|p1a: Swampert.|18\/394
|move|p1a: Swampert.|Recover|p1a: Swampert.
|-heal|p1a: Swampert.|215\/394
|
|-heal|p2a: Tentacruel|222\/364|[from] item: Leftovers
|turn|69
|
|switch|p2a: Blissey|Blissey, F|594\/714
|-damage|p2a: Blissey|505\/714|[from] Stealth Rock
|move|p1a: Swampert.|Recover|p1a: Swampert.
|-heal|p1a: Swampert.|394\/394
|
|-heal|p2a: Blissey|549\/714|[from] item: Leftovers
|turn|70
|
|switch|p1a: Aegislash.|Doublade, F|322\/322 slp
|move|p2a: Blissey|Protect|p2a: Blissey
|-fail|p2a: Blissey
|
|-heal|p2a: Blissey|593\/714|[from] item: Leftovers
|turn|71
|
|switch|p2a: Salamence|Salamence, M|372\/390
|-damage|p2a: Salamence|275\/390|[from] Stealth Rock
|-ability|p2a: Salamence|Intimidate|[of] p1a: Aegislash.
|-unboost|p1a: Aegislash.|atk|1
|cant|p1a: Aegislash.|slp
|
|-heal|p2a: Salamence|299\/390|[from] item: Leftovers
|turn|72
|
|switch|p1a: Blissey.|Chansey, F|392\/642
|move|p2a: Salamence|Roost|p2a: Salamence
|-heal|p2a: Salamence|390\/390
|
|turn|73
|
|switch|p2a: Toxicroak|Toxicroak, F|370\/370
|-damage|p2a: Toxicroak|347\/370|[from] Stealth Rock
|move|p1a: Blissey.|Soft-Boiled|p1a: Blissey.
|-heal|p1a: Blissey.|642\/642
|
|-heal|p2a: Toxicroak|370\/370|[from] item: Leftovers
|turn|74
|
|switch|p1a: Swampert.|Quagsire, F|394\/394
|move|p2a: Toxicroak|Substitute|p2a: Toxicroak
|-start|p2a: Toxicroak|Substitute
|-damage|p2a: Toxicroak|278\/370
|
|-heal|p2a: Toxicroak|301\/370|[from] item: Leftovers
|turn|75
|
|move|p2a: Toxicroak|Drain Punch|p1a: Swampert.
|-damage|p1a: Swampert.|306\/394
|-heal|p2a: Toxicroak|345\/370|[from] drain|[of] p1a: Swampert.
|move|p1a: Swampert.|Earthquake|p2a: Toxicroak
|-supereffective|p2a: Toxicroak
|-end|p2a: Toxicroak|Substitute
|
|-heal|p2a: Toxicroak|368\/370|[from] item: Leftovers
|turn|76
|
|move|p2a: Toxicroak|Substitute|p2a: Toxicroak
|-start|p2a: Toxicroak|Substitute
|-damage|p2a: Toxicroak|276\/370
|move|p1a: Swampert.|Earthquake|p2a: Toxicroak
|-supereffective|p2a: Toxicroak
|-end|p2a: Toxicroak|Substitute
|
|-heal|p2a: Toxicroak|299\/370|[from] item: Leftovers
|turn|77
|
|move|p2a: Toxicroak|Substitute|p2a: Toxicroak
|-start|p2a: Toxicroak|Substitute
|-damage|p2a: Toxicroak|207\/370
|move|p1a: Swampert.|Earthquake|p2a: Toxicroak
|-supereffective|p2a: Toxicroak
|-end|p2a: Toxicroak|Substitute
|
|-heal|p2a: Toxicroak|230\/370|[from] item: Leftovers
|turn|78
|
|move|p2a: Toxicroak|Substitute|p2a: Toxicroak
|-start|p2a: Toxicroak|Substitute
|-damage|p2a: Toxicroak|138\/370
|move|p1a: Swampert.|Earthquake|p2a: Toxicroak
|-supereffective|p2a: Toxicroak
|-end|p2a: Toxicroak|Substitute
|
|-heal|p2a: Toxicroak|161\/370|[from] item: Leftovers
|turn|79
|
|switch|p2a: Salamence|Salamence, M|390\/390
|-damage|p2a: Salamence|293\/390|[from] Stealth Rock
|-ability|p2a: Salamence|Intimidate|[of] p1a: Swampert.
|-unboost|p1a: Swampert.|atk|1
|move|p1a: Swampert.|Toxic|p2a: Salamence
|-status|p2a: Salamence|tox
|
|-heal|p2a: Salamence|317\/390 tox|[from] item: Leftovers
|-damage|p2a: Salamence|293\/390 tox|[from] psn
|turn|80
|
|switch|p2a: Blissey|Blissey, F|593\/714
|-damage|p2a: Blissey|504\/714|[from] Stealth Rock
|switch|p1a: Aegislash.|Doublade, F|322\/322 slp
|
|-heal|p2a: Blissey|548\/714|[from] item: Leftovers
|turn|81
|
|move|p2a: Blissey|Protect|p2a: Blissey
|-singleturn|p2a: Blissey|Protect
|-curestatus|p1a: Aegislash.|slp
|move|p1a: Aegislash.|Sacred Sword|p2a: Blissey
|-activate|p2a: Blissey|Protect
|
|-heal|p2a: Blissey|592\/714|[from] item: Leftovers
|turn|82
|
|move|p2a: Blissey|Wish|p2a: Blissey
|move|p1a: Aegislash.|Sacred Sword|p2a: Blissey
|-supereffective|p2a: Blissey
|-damage|p2a: Blissey|308\/714
|
|-heal|p2a: Blissey|352\/714|[from] item: Leftovers
|turn|83
|
|switch|p2a: Toxicroak|Toxicroak, F|161\/370
|-damage|p2a: Toxicroak|138\/370|[from] Stealth Rock
|move|p1a: Aegislash.|Gyro Ball|p2a: Toxicroak
|-damage|p2a: Toxicroak|0 fnt
|faint|p2a: Toxicroak
|
|
|switch|p2a: Blissey|Blissey, F|352\/714
|-damage|p2a: Blissey|263\/714|[from] Stealth Rock
|turn|84
|
|move|p2a: Blissey|Protect|p2a: Blissey
|-singleturn|p2a: Blissey|Protect
|move|p1a: Aegislash.|Sacred Sword|p2a: Blissey
|-activate|p2a: Blissey|Protect
|
|-heal|p2a: Blissey|307\/714|[from] item: Leftovers
|turn|85
|
|move|p2a: Blissey|Wish|p2a: Blissey
|move|p1a: Aegislash.|Sacred Sword|p2a: Blissey
|-supereffective|p2a: Blissey
|-damage|p2a: Blissey|25\/714
|
|-heal|p2a: Blissey|69\/714|[from] item: Leftovers
|turn|86
|
|move|p2a: Blissey|Protect|p2a: Blissey
|-singleturn|p2a: Blissey|Protect
|move|p1a: Aegislash.|Pursuit|p2a: Blissey
|-activate|p2a: Blissey|Protect
|
|-heal|p2a: Blissey|426\/714|[from] move: Wish|[wisher] Blissey
|-heal|p2a: Blissey|470\/714|[from] item: Leftovers
|turn|87
|
|move|p2a: Blissey|Wish|p2a: Blissey
|move|p1a: Aegislash.|Sacred Sword|p2a: Blissey
|-supereffective|p2a: Blissey
|-damage|p2a: Blissey|204\/714
|
|-heal|p2a: Blissey|248\/714|[from] item: Leftovers
|turn|88
|
|switch|p1a: Honchkrow.|Mandibuzz, F|423\/423
|move|p2a: Blissey|Protect|p2a: Blissey
|-fail|p2a: Blissey
|
|-heal|p2a: Blissey|605\/714|[from] move: Wish|[wisher] Blissey
|-heal|p2a: Blissey|649\/714|[from] item: Leftovers
|turn|89
|
|move|p1a: Honchkrow.|Toxic|p2a: Blissey
|-status|p2a: Blissey|tox
|move|p2a: Blissey|Toxic|p1a: Honchkrow.
|-status|p1a: Honchkrow.|tox
|
|-heal|p2a: Blissey|693\/714 tox|[from] item: Leftovers
|-damage|p1a: Honchkrow.|397\/423 tox|[from] psn
|-damage|p2a: Blissey|649\/714 tox|[from] psn
|turn|90
|
|switch|p1a: Aegislash.|Doublade, F|322\/322
|move|p2a: Blissey|Wish|p2a: Blissey
|
|-heal|p2a: Blissey|693\/714 tox|[from] item: Leftovers
|-damage|p2a: Blissey|605\/714 tox|[from] psn
|turn|91
|
|switch|p2a: Tentacruel|Tentacruel, F|222\/364
|-damage|p2a: Tentacruel|177\/364|[from] Stealth Rock
|move|p1a: Aegislash.|Gyro Ball|p2a: Tentacruel
|-resisted|p2a: Tentacruel
|-damage|p2a: Tentacruel|121\/364
|
|-heal|p2a: Tentacruel|364\/364|[from] move: Wish|[wisher] Blissey
|turn|92
|
|switch|p1a: Swampert.|Quagsire, F|306\/394
|move|p2a: Tentacruel|Toxic Spikes|p1a: Swampert.
|-sidestart|p1: Aegislash Returns|move: Toxic Spikes
|
|turn|93
|join|Lasker
|
|move|p2a: Tentacruel|Rapid Spin|p1a: Swampert.
|-damage|p1a: Swampert.|297\/394
|-sideend|p2: Leiya|Stealth Rock|[from] move: Rapid Spin|[of] p2a: Tentacruel
|move|p1a: Swampert.|Earthquake|p2a: Tentacruel
|-supereffective|p2a: Tentacruel
|-damage|p2a: Tentacruel|172\/364
|
|-heal|p2a: Tentacruel|194\/364|[from] item: Leftovers
|turn|94
|
|switch|p2a: Salamence|Salamence, M|293\/390 tox
|-ability|p2a: Salamence|Intimidate|[of] p1a: Swampert.
|-unboost|p1a: Swampert.|atk|1
|move|p1a: Swampert.|Scald|p2a: Salamence
|-resisted|p2a: Salamence
|-damage|p2a: Salamence|254\/390 tox
|
|-heal|p2a: Salamence|278\/390 tox|[from] item: Leftovers
|-damage|p2a: Salamence|254\/390 tox|[from] psn
|turn|95
|
|switch|p2a: Tentacruel|Tentacruel, F|194\/364
|switch|p1a: Blissey.|Chansey, F|642\/642
|-status|p1a: Blissey.|psn
|
|-heal|p2a: Tentacruel|216\/364|[from] item: Leftovers
|-damage|p1a: Blissey.|562\/642 psn|[from] psn
|turn|96
|
|move|p2a: Tentacruel|Toxic Spikes|p1a: Blissey.
|-sidestart|p1: Aegislash Returns|move: Toxic Spikes
|move|p1a: Blissey.|Seismic Toss|p2a: Tentacruel
|-damage|p2a: Tentacruel|116\/364
|
|-heal|p2a: Tentacruel|138\/364|[from] item: Leftovers
|-damage|p1a: Blissey.|482\/642 psn|[from] psn
|turn|97
|
|switch|p2a: Blissey|Blissey, F|605\/714
|move|p1a: Blissey.|Stealth Rock|p2a: Blissey
|-sidestart|p2: Leiya|move: Stealth Rock
|
|-heal|p2a: Blissey|649\/714|[from] item: Leftovers
|-damage|p1a: Blissey.|402\/642 psn|[from] psn
|turn|98
|
|move|p2a: Blissey|Wish|p2a: Blissey
|move|p1a: Blissey.|Heal Bell|p1a: Blissey.
|-cureteam|p1a: Blissey.|[from] move: HealBell
|
|-heal|p2a: Blissey|693\/714|[from] item: Leftovers
|turn|99
|
|move|p2a: Blissey|Toxic|p1a: Blissey.|[miss]
|-miss|p2a: Blissey|p1a: Blissey.
|move|p1a: Blissey.|Seismic Toss|p2a: Blissey
|-damage|p2a: Blissey|593\/714
|
|-heal|p2a: Blissey|714\/714|[from] move: Wish|[wisher] Blissey
|turn|100
|
|move|p2a: Blissey|Seismic Toss|p1a: Blissey.
|-damage|p1a: Blissey.|302\/642
|move|p1a: Blissey.|Soft-Boiled|p1a: Blissey.
|-heal|p1a: Blissey.|623\/642
|
|turn|101
|
|switch|p1a: Aegislash.|Doublade, F|322\/322
|move|p2a: Blissey|Seismic Toss|p1a: Aegislash.
|-immune|p1a: Aegislash.|[msg]
|
|turn|102
|
|move|p2a: Blissey|Wish|p2a: Blissey
|move|p1a: Aegislash.|Sacred Sword|p2a: Blissey
|-supereffective|p2a: Blissey
|-damage|p2a: Blissey|454\/714
|
|-heal|p2a: Blissey|498\/714|[from] item: Leftovers
|turn|103
|
|move|p1a: Aegislash.|Pursuit|p2a: Blissey|[from]Pursuit
|-damage|p2a: Blissey|370\/714
|switch|p2a: Tentacruel|Tentacruel, F|138\/364
|-damage|p2a: Tentacruel|93\/364|[from] Stealth Rock
|
|-heal|p2a: Tentacruel|364\/364|[from] move: Wish|[wisher] Blissey
|turn|104
|
|switch|p1a: Honchkrow.|Mandibuzz, F|397\/423
|move|p2a: Tentacruel|Scald|p1a: Honchkrow.
|-crit|p1a: Honchkrow.
|-damage|p1a: Honchkrow.|279\/423
|-status|p1a: Honchkrow.|brn
|
|-damage|p1a: Honchkrow.|227\/423 brn|[from] brn
|turn|105
|
|move|p2a: Tentacruel|Scald|p1a: Honchkrow.
|-damage|p1a: Honchkrow.|158\/423 brn
|move|p1a: Honchkrow.|Roost|p1a: Honchkrow.
|-heal|p1a: Honchkrow.|370\/423 brn
|
|-damage|p1a: Honchkrow.|318\/423 brn|[from] brn
|turn|106
|
|move|p2a: Tentacruel|Scald|p1a: Honchkrow.
|-damage|p1a: Honchkrow.|242\/423 brn
|move|p1a: Honchkrow.|Roost|p1a: Honchkrow.
|-heal|p1a: Honchkrow.|423\/423 brn
|
|-damage|p1a: Honchkrow.|371\/423 brn|[from] brn
|turn|107
|
|move|p2a: Tentacruel|Scald|p1a: Honchkrow.
|-damage|p1a: Honchkrow.|295\/423 brn
|move|p1a: Honchkrow.|Defog|p2a: Tentacruel
|-unboost|p2a: Tentacruel|evasion|1
|-sideend|p2: Leiya|Stealth Rock|[from] move: Defog|[of] p2a: Tentacruel
|-sideend|p1: Aegislash Returns|Toxic Spikes|[from] move: Defog|[of] p1a: Honchkrow.
|
|-damage|p1a: Honchkrow.|243\/423 brn|[from] brn
|turn|108
|
|switch|p1a: Swampert.|Quagsire, F|297\/394
|move|p2a: Tentacruel|Toxic Spikes|p1a: Swampert.
|-sidestart|p1: Aegislash Returns|move: Toxic Spikes
|
|turn|109
|
|move|p2a: Tentacruel|Toxic Spikes|p1a: Swampert.
|-sidestart|p1: Aegislash Returns|move: Toxic Spikes
|move|p1a: Swampert.|Scald|p2a: Tentacruel
|-resisted|p2a: Tentacruel
|-damage|p2a: Tentacruel|334\/364
|-status|p2a: Tentacruel|brn
|
|-heal|p2a: Tentacruel|356\/364 brn|[from] item: Leftovers
|-damage|p2a: Tentacruel|311\/364 brn|[from] brn
|turn|110
|
|switch|p2a: Salamence|Salamence, M|254\/390 tox
|-ability|p2a: Salamence|Intimidate|[of] p1a: Swampert.
|-unboost|p1a: Swampert.|atk|1
|move|p1a: Swampert.|Earthquake|p2a: Salamence
|-immune|p2a: Salamence|[msg]
|
|-heal|p2a: Salamence|278\/390 tox|[from] item: Leftovers
|-damage|p2a: Salamence|254\/390 tox|[from] psn
|turn|111
|
|switch|p2a: Blissey|Blissey, F|370\/714
|switch|p1a: Aegislash.|Doublade, F|322\/322
|
|-heal|p2a: Blissey|414\/714|[from] item: Leftovers
|turn|112
|
|switch|p2a: Salamence|Salamence, M|254\/390 tox
|-ability|p2a: Salamence|Intimidate|[of] p1a: Aegislash.
|-unboost|p1a: Aegislash.|atk|1
|move|p1a: Aegislash.|Sacred Sword|p2a: Salamence
|-resisted|p2a: Salamence
|-damage|p2a: Salamence|232\/390 tox
|
|-heal|p2a: Salamence|256\/390 tox|[from] item: Leftovers
|-damage|p2a: Salamence|232\/390 tox|[from] psn
|turn|113
|
|move|p1a: Aegislash.|Gyro Ball|p2a: Salamence
|-damage|p2a: Salamence|166\/390 tox
|move|p2a: Salamence|Roar|p1a: Aegislash.
|drag|p1a: Honchkrow.|Mandibuzz, F|243\/423 brn
|
|-heal|p2a: Salamence|190\/390 tox|[from] item: Leftovers
|-damage|p2a: Salamence|142\/390 tox|[from] psn
|-damage|p1a: Honchkrow.|191\/423 brn|[from] brn
|turn|114
|
|switch|p1a: Blissey.|Chansey, F|623\/642
|-status|p1a: Blissey.|tox
|move|p2a: Salamence|Draco Meteor|p1a: Blissey.
|-damage|p1a: Blissey.|541\/642 tox
|-unboost|p2a: Salamence|spa|2
|
|-heal|p2a: Salamence|166\/390 tox|[from] item: Leftovers
|-damage|p2a: Salamence|94\/390 tox|[from] psn
|-damage|p1a: Blissey.|501\/642 tox|[from] psn
|turn|115
|
|switch|p2a: Blissey|Blissey, F|414\/714
|move|p1a: Blissey.|Seismic Toss|p2a: Blissey
|-damage|p2a: Blissey|314\/714
|
|-heal|p2a: Blissey|358\/714|[from] item: Leftovers
|-damage|p1a: Blissey.|421\/642 tox|[from] psn
|turn|116
|
|switch|p1a: Honchkrow.|Mandibuzz, F|191\/423 brn
|move|p2a: Blissey|Seismic Toss|p1a: Honchkrow.
|-damage|p1a: Honchkrow.|91\/423 brn
|
|-heal|p2a: Blissey|402\/714|[from] item: Leftovers
|-damage|p1a: Honchkrow.|39\/423 brn|[from] brn
|turn|117
|
|move|p1a: Honchkrow.|Roost|p1a: Honchkrow.
|-heal|p1a: Honchkrow.|251\/423 brn
|move|p2a: Blissey|Seismic Toss|p1a: Honchkrow.
|-damage|p1a: Honchkrow.|151\/423 brn
|
|-heal|p2a: Blissey|446\/714|[from] item: Leftovers
|-damage|p1a: Honchkrow.|99\/423 brn|[from] brn
|turn|118
|
|move|p1a: Honchkrow.|Roost|p1a: Honchkrow.
|-heal|p1a: Honchkrow.|311\/423 brn
|move|p2a: Blissey|Seismic Toss|p1a: Honchkrow.
|-damage|p1a: Honchkrow.|211\/423 brn
|
|-heal|p2a: Blissey|490\/714|[from] item: Leftovers
|-damage|p1a: Honchkrow.|159\/423 brn|[from] brn
|turn|119
|
|move|p1a: Honchkrow.|Roost|p1a: Honchkrow.
|-heal|p1a: Honchkrow.|371\/423 brn
|move|p2a: Blissey|Seismic Toss|p1a: Honchkrow.
|-damage|p1a: Honchkrow.|271\/423 brn
|
|-heal|p2a: Blissey|534\/714|[from] item: Leftovers
|-damage|p1a: Honchkrow.|219\/423 brn|[from] brn
|turn|120
|
|move|p1a: Honchkrow.|Defog|p2a: Blissey
|-unboost|p2a: Blissey|evasion|1
|-sideend|p1: Aegislash Returns|Toxic Spikes|[from] move: Defog|[of] p1a: Honchkrow.
|move|p2a: Blissey|Seismic Toss|p1a: Honchkrow.
|-damage|p1a: Honchkrow.|119\/423 brn
|
|-heal|p2a: Blissey|578\/714|[from] item: Leftovers
|-damage|p1a: Honchkrow.|67\/423 brn|[from] brn
|turn|121
|
|move|p1a: Honchkrow.|Roost|p1a: Honchkrow.
|-heal|p1a: Honchkrow.|279\/423 brn
|move|p2a: Blissey|Seismic Toss|p1a: Honchkrow.
|-damage|p1a: Honchkrow.|179\/423 brn
|
|-heal|p2a: Blissey|622\/714|[from] item: Leftovers
|-damage|p1a: Honchkrow.|127\/423 brn|[from] brn
|turn|122
|
|move|p1a: Honchkrow.|Roost|p1a: Honchkrow.
|-heal|p1a: Honchkrow.|339\/423 brn
|move|p2a: Blissey|Seismic Toss|p1a: Honchkrow.
|-damage|p1a: Honchkrow.|239\/423 brn
|
|-heal|p2a: Blissey|666\/714|[from] item: Leftovers
|-damage|p1a: Honchkrow.|187\/423 brn|[from] brn
|turn|123
|
|move|p1a: Honchkrow.|Roost|p1a: Honchkrow.
|-heal|p1a: Honchkrow.|399\/423 brn
|move|p2a: Blissey|Seismic Toss|p1a: Honchkrow.
|-damage|p1a: Honchkrow.|299\/423 brn
|
|-heal|p2a: Blissey|710\/714|[from] item: Leftovers
|-damage|p1a: Honchkrow.|247\/423 brn|[from] brn
|turn|124
|
|move|p1a: Honchkrow.|Toxic|p2a: Blissey
|-status|p2a: Blissey|tox
|move|p2a: Blissey|Seismic Toss|p1a: Honchkrow.
|-damage|p1a: Honchkrow.|147\/423 brn
|
|-heal|p2a: Blissey|714\/714 tox|[from] item: Leftovers
|-damage|p1a: Honchkrow.|95\/423 brn|[from] brn
|-damage|p2a: Blissey|670\/714 tox|[from] psn
|turn|125
|
|move|p1a: Honchkrow.|Roost|p1a: Honchkrow.
|-heal|p1a: Honchkrow.|307\/423 brn
|move|p2a: Blissey|Seismic Toss|p1a: Honchkrow.
|-damage|p1a: Honchkrow.|207\/423 brn
|
|-heal|p2a: Blissey|714\/714 tox|[from] item: Leftovers
|-damage|p1a: Honchkrow.|155\/423 brn|[from] brn
|-damage|p2a: Blissey|626\/714 tox|[from] psn
|turn|126
|
|switch|p1a: Aegislash.|Doublade, F|322\/322
|switch|p2a: Salamence|Salamence, M|94\/390 tox
|-ability|p2a: Salamence|Intimidate|[of] p1a: Aegislash.
|-unboost|p1a: Aegislash.|atk|1
|
|-heal|p2a: Salamence|118\/390 tox|[from] item: Leftovers
|-damage|p2a: Salamence|94\/390 tox|[from] psn
|turn|127
|
|move|p2a: Salamence|Roost|p2a: Salamence
|-heal|p2a: Salamence|289\/390 tox
|move|p1a: Aegislash.|Gyro Ball|p2a: Salamence
|-damage|p2a: Salamence|223\/390 tox
|
|-heal|p2a: Salamence|247\/390 tox|[from] item: Leftovers
|-damage|p2a: Salamence|199\/390 tox|[from] psn
|turn|128
|
|move|p2a: Salamence|Roost|p2a: Salamence
|-heal|p2a: Salamence|390\/390 tox
|move|p1a: Aegislash.|Pursuit|p2a: Salamence
|-damage|p2a: Salamence|372\/390 tox
|
|-heal|p2a: Salamence|390\/390 tox|[from] item: Leftovers
|-damage|p2a: Salamence|318\/390 tox|[from] psn
|turn|129
|
|move|p1a: Aegislash.|Pursuit|p2a: Salamence|[from]Pursuit
|-damage|p2a: Salamence|283\/390 tox
|switch|p2a: Tentacruel|Tentacruel, F|311\/364 brn
|
|-heal|p2a: Tentacruel|333\/364 brn|[from] item: Leftovers
|-damage|p2a: Tentacruel|288\/364 brn|[from] brn
|turn|130
|c|★Leiya|should've kept
|c|★Leiya|diancie alive
|c|★Leiya|oops
|
|switch|p1a: Swampert.|Quagsire, F|297\/394
|move|p2a: Tentacruel|Toxic Spikes|p1a: Swampert.
|-sidestart|p1: Aegislash Returns|move: Toxic Spikes
|
|-heal|p2a: Tentacruel|310\/364 brn|[from] item: Leftovers
|-damage|p2a: Tentacruel|265\/364 brn|[from] brn
|turn|131
|
|switch|p2a: Salamence|Salamence, M|283\/390 tox
|-ability|p2a: Salamence|Intimidate|[of] p1a: Swampert.
|-unboost|p1a: Swampert.|atk|1
|move|p1a: Swampert.|Recover|p1a: Swampert.
|-heal|p1a: Swampert.|394\/394
|
|-heal|p2a: Salamence|307\/390 tox|[from] item: Leftovers
|-damage|p2a: Salamence|283\/390 tox|[from] psn
|turn|132
|
|move|p1a: Swampert.|Recover|p1a: Swampert.
|-fail|p1a: Swampert.
|move|p2a: Salamence|Roar|p1a: Swampert.
|drag|p1a: Honchkrow.|Mandibuzz, F|155\/423 brn
|
|-heal|p2a: Salamence|307\/390 tox|[from] item: Leftovers
|-damage|p2a: Salamence|259\/390 tox|[from] psn
|-damage|p1a: Honchkrow.|103\/423 brn|[from] brn
|turn|133
|
|switch|p1a: Aegislash.|Doublade, F|322\/322
|move|p2a: Salamence|Draco Meteor|p1a: Aegislash.
|-resisted|p1a: Aegislash.
|-damage|p1a: Aegislash.|262\/322
|-unboost|p2a: Salamence|spa|2
|
|-heal|p2a: Salamence|283\/390 tox|[from] item: Leftovers
|-damage|p2a: Salamence|211\/390 tox|[from] psn
|turn|134
|
|move|p1a: Aegislash.|Pursuit|p2a: Salamence|[from]Pursuit
|-damage|p2a: Salamence|152\/390 tox
|switch|p2a: Tentacruel|Tentacruel, F|265\/364 brn
|
|-heal|p2a: Tentacruel|287\/364 brn|[from] item: Leftovers
|-damage|p2a: Tentacruel|242\/364 brn|[from] brn
|turn|135
|
|switch|p2a: Salamence|Salamence, M|152\/390 tox
|-ability|p2a: Salamence|Intimidate|[of] p1a: Aegislash.
|-unboost|p1a: Aegislash.|atk|1
|move|p1a: Aegislash.|Gyro Ball|p2a: Salamence
|-damage|p2a: Salamence|83\/390 tox
|
|-heal|p2a: Salamence|107\/390 tox|[from] item: Leftovers
|-damage|p2a: Salamence|83\/390 tox|[from] psn
|turn|136
|
|move|p2a: Salamence|Roost|p2a: Salamence
|-heal|p2a: Salamence|278\/390 tox
|move|p1a: Aegislash.|Gyro Ball|p2a: Salamence
|-damage|p2a: Salamence|209\/390 tox
|
|-heal|p2a: Salamence|233\/390 tox|[from] item: Leftovers
|-damage|p2a: Salamence|185\/390 tox|[from] psn
|turn|137
|
|move|p2a: Salamence|Roost|p2a: Salamence
|-heal|p2a: Salamence|380\/390 tox
|move|p1a: Aegislash.|Gyro Ball|p2a: Salamence
|-damage|p2a: Salamence|322\/390 tox
|
|-heal|p2a: Salamence|346\/390 tox|[from] item: Leftovers
|-damage|p2a: Salamence|274\/390 tox|[from] psn
|turn|138
|
|move|p1a: Aegislash.|Pursuit|p2a: Salamence|[from]Pursuit
|-damage|p2a: Salamence|233\/390 tox
|switch|p2a: Blissey|Blissey, F|626\/714
|
|-heal|p2a: Blissey|670\/714|[from] item: Leftovers
|turn|139
|
|switch|p2a: Salamence|Salamence, M|233\/390 tox
|-ability|p2a: Salamence|Intimidate|[of] p1a: Aegislash.
|-unboost|p1a: Aegislash.|atk|1
|move|p1a: Aegislash.|Sacred Sword|p2a: Salamence
|-crit|p2a: Salamence
|-resisted|p2a: Salamence
|-damage|p2a: Salamence|181\/390 tox
|
|-heal|p2a: Salamence|205\/390 tox|[from] item: Leftovers
|-damage|p2a: Salamence|181\/390 tox|[from] psn
|turn|140
|
|switch|p1a: Blissey.|Chansey, F|421\/642
|-status|p1a: Blissey.|psn
|move|p2a: Salamence|Roost|p2a: Salamence
|-heal|p2a: Salamence|376\/390 tox
|
|-heal|p2a: Salamence|390\/390 tox|[from] item: Leftovers
|-damage|p2a: Salamence|342\/390 tox|[from] psn
|-damage|p1a: Blissey.|341\/642 psn|[from] psn
|turn|141
|
|move|p1a: Blissey.|Stealth Rock|p2a: Salamence
|-sidestart|p2: Leiya|move: Stealth Rock
|move|p2a: Salamence|Roar|p1a: Blissey.
|drag|p1a: Swampert.|Quagsire, F|394\/394
|-status|p1a: Swampert.|psn
|
|-heal|p2a: Salamence|366\/390 tox|[from] item: Leftovers
|-damage|p2a: Salamence|294\/390 tox|[from] psn
|-damage|p1a: Swampert.|345\/394 psn|[from] psn
|turn|142
|
|switch|p2a: Blissey|Blissey, F|670\/714
|-damage|p2a: Blissey|581\/714|[from] Stealth Rock
|move|p1a: Swampert.|Earthquake|p2a: Blissey
|-crit|p2a: Blissey
|-damage|p2a: Blissey|278\/714
|
|-heal|p2a: Blissey|322\/714|[from] item: Leftovers
|-damage|p1a: Swampert.|296\/394 psn|[from] psn
|turn|143
|
|switch|p1a: Honchkrow.|Mandibuzz, F|103\/423 brn
|move|p2a: Blissey|Seismic Toss|p1a: Honchkrow.
|-damage|p1a: Honchkrow.|3\/423 brn
|
|-heal|p2a: Blissey|366\/714|[from] item: Leftovers
|-damage|p1a: Honchkrow.|0 fnt|[from] brn
|faint|p1a: Honchkrow.
|
|switch|p1a: Aegislash.|Doublade, F|262\/322
|turn|144
|
|move|p2a: Blissey|Protect|p2a: Blissey
|-singleturn|p2a: Blissey|Protect
|move|p1a: Aegislash.|Sacred Sword|p2a: Blissey
|-activate|p2a: Blissey|Protect
|
|-heal|p2a: Blissey|410\/714|[from] item: Leftovers
|turn|145
|
|switch|p2a: Salamence|Salamence, M|294\/390 tox
|-damage|p2a: Salamence|197\/390 tox|[from] Stealth Rock
|-ability|p2a: Salamence|Intimidate|[of] p1a: Aegislash.
|-unboost|p1a: Aegislash.|atk|1
|move|p1a: Aegislash.|Sacred Sword|p2a: Salamence
|-resisted|p2a: Salamence
|-damage|p2a: Salamence|174\/390 tox
|
|-heal|p2a: Salamence|198\/390 tox|[from] item: Leftovers
|-damage|p2a: Salamence|174\/390 tox|[from] psn
|turn|146
|
|move|p1a: Aegislash.|Sacred Sword|p2a: Salamence
|-resisted|p2a: Salamence
|-damage|p2a: Salamence|154\/390 tox
|move|p2a: Salamence|Roar|p1a: Aegislash.
|drag|p1a: Swampert.|Quagsire, F|296\/394 psn
|
|-heal|p2a: Salamence|178\/390 tox|[from] item: Leftovers
|-damage|p2a: Salamence|130\/390 tox|[from] psn
|-damage|p1a: Swampert.|247\/394 psn|[from] psn
|turn|147
|
|move|p2a: Salamence|Roost|p2a: Salamence
|-heal|p2a: Salamence|325\/390 tox
|move|p1a: Swampert.|Recover|p1a: Swampert.
|-heal|p1a: Swampert.|394\/394 psn
|
|-heal|p2a: Salamence|349\/390 tox|[from] item: Leftovers
|-damage|p2a: Salamence|277\/390 tox|[from] psn
|-damage|p1a: Swampert.|345\/394 psn|[from] psn
|turn|148
|
|switch|p2a: Blissey|Blissey, F|410\/714
|-damage|p2a: Blissey|321\/714|[from] Stealth Rock
|switch|p1a: Aegislash.|Doublade, F|262\/322
|
|-heal|p2a: Blissey|365\/714|[from] item: Leftovers
|turn|149
|
|move|p2a: Blissey|Protect|p2a: Blissey
|-singleturn|p2a: Blissey|Protect
|move|p1a: Aegislash.|Sacred Sword|p2a: Blissey
|-activate|p2a: Blissey|Protect
|
|-heal|p2a: Blissey|409\/714|[from] item: Leftovers
|turn|150
|
|move|p2a: Blissey|Wish|p2a: Blissey
|move|p1a: Aegislash.|Sacred Sword|p2a: Blissey
|-supereffective|p2a: Blissey
|-damage|p2a: Blissey|145\/714
|
|-heal|p2a: Blissey|189\/714|[from] item: Leftovers
|turn|151
|
|move|p2a: Blissey|Protect|p2a: Blissey
|-singleturn|p2a: Blissey|Protect
|move|p1a: Aegislash.|Sacred Sword|p2a: Blissey
|-activate|p2a: Blissey|Protect
|
|-heal|p2a: Blissey|546\/714|[from] move: Wish|[wisher] Blissey
|-heal|p2a: Blissey|590\/714|[from] item: Leftovers
|turn|152
|
|switch|p2a: Salamence|Salamence, M|277\/390 tox
|-damage|p2a: Salamence|180\/390 tox|[from] Stealth Rock
|-ability|p2a: Salamence|Intimidate|[of] p1a: Aegislash.
|-unboost|p1a: Aegislash.|atk|1
|move|p1a: Aegislash.|Sacred Sword|p2a: Salamence
|-resisted|p2a: Salamence
|-damage|p2a: Salamence|157\/390 tox
|
|-heal|p2a: Salamence|181\/390 tox|[from] item: Leftovers
|-damage|p2a: Salamence|157\/390 tox|[from] psn
|turn|153
|
|move|p2a: Salamence|Flamethrower|p1a: Aegislash.
|-supereffective|p1a: Aegislash.
|-damage|p1a: Aegislash.|154\/322
|move|p1a: Aegislash.|Sacred Sword|p2a: Salamence
|-resisted|p2a: Salamence
|-damage|p2a: Salamence|134\/390 tox
|
|-heal|p2a: Salamence|158\/390 tox|[from] item: Leftovers
|-damage|p2a: Salamence|110\/390 tox|[from] psn
|turn|154
|
|move|p2a: Salamence|Roost|p2a: Salamence
|-heal|p2a: Salamence|305\/390 tox
|move|p1a: Aegislash.|Sacred Sword|p2a: Salamence
|-damage|p2a: Salamence|261\/390 tox
|
|-heal|p2a: Salamence|285\/390 tox|[from] item: Leftovers
|-damage|p2a: Salamence|213\/390 tox|[from] psn
|turn|155
|
|move|p2a: Salamence|Flamethrower|p1a: Aegislash.
|-supereffective|p1a: Aegislash.
|-damage|p1a: Aegislash.|46\/322
|move|p1a: Aegislash.|Pursuit|p2a: Salamence
|-damage|p2a: Salamence|194\/390 tox
|
|-heal|p2a: Salamence|218\/390 tox|[from] item: Leftovers
|-damage|p2a: Salamence|122\/390 tox|[from] psn
|turn|156
|
|switch|p2a: Tentacruel|Tentacruel, F|242\/364 brn
|-damage|p2a: Tentacruel|197\/364 brn|[from] Stealth Rock
|switch|p1a: Blissey.|Chansey, F|341\/642
|-status|p1a: Blissey.|psn
|
|-heal|p2a: Tentacruel|219\/364 brn|[from] item: Leftovers
|-damage|p2a: Tentacruel|174\/364 brn|[from] brn
|-damage|p1a: Blissey.|261\/642 psn|[from] psn
|turn|157
|
|move|p2a: Tentacruel|Rapid Spin|p1a: Blissey.
|-damage|p1a: Blissey.|253\/642 psn
|-sideend|p2: Leiya|Stealth Rock|[from] move: Rapid Spin|[of] p2a: Tentacruel
|move|p1a: Blissey.|Seismic Toss|p2a: Tentacruel
|-damage|p2a: Tentacruel|74\/364 brn
|
|-heal|p2a: Tentacruel|96\/364 brn|[from] item: Leftovers
|-damage|p2a: Tentacruel|51\/364 brn|[from] brn
|-damage|p1a: Blissey.|173\/642 psn|[from] psn
|turn|158
|
|switch|p2a: Salamence|Salamence, M|122\/390 tox
|-ability|p2a: Salamence|Intimidate|[of] p1a: Blissey.
|-unboost|p1a: Blissey.|atk|1
|move|p1a: Blissey.|Soft-Boiled|p1a: Blissey.
|-heal|p1a: Blissey.|494\/642 psn
|
|-heal|p2a: Salamence|146\/390 tox|[from] item: Leftovers
|-damage|p2a: Salamence|122\/390 tox|[from] psn
|-damage|p1a: Blissey.|414\/642 psn|[from] psn
|turn|159
|
|move|p2a: Salamence|Roost|p2a: Salamence
|-heal|p2a: Salamence|317\/390 tox
|move|p1a: Blissey.|Seismic Toss|p2a: Salamence
|-damage|p2a: Salamence|217\/390 tox
|
|-heal|p2a: Salamence|241\/390 tox|[from] item: Leftovers
|-damage|p2a: Salamence|193\/390 tox|[from] psn
|-damage|p1a: Blissey.|334\/642 psn|[from] psn
|turn|160
|
|switch|p2a: Blissey|Blissey, F|590\/714
|move|p1a: Blissey.|Seismic Toss|p2a: Blissey
|-damage|p2a: Blissey|490\/714
|
|-heal|p2a: Blissey|534\/714|[from] item: Leftovers
|-damage|p1a: Blissey.|254\/642 psn|[from] psn
|turn|161
|
|move|p2a: Blissey|Wish|p2a: Blissey
|move|p1a: Blissey.|Stealth Rock|p2a: Blissey
|-sidestart|p2: Leiya|move: Stealth Rock
|
|-heal|p2a: Blissey|578\/714|[from] item: Leftovers
|-damage|p1a: Blissey.|174\/642 psn|[from] psn
|turn|162
|
|move|p2a: Blissey|Seismic Toss|p1a: Blissey.
|-damage|p1a: Blissey.|74\/642 psn
|move|p1a: Blissey.|Soft-Boiled|p1a: Blissey.
|-heal|p1a: Blissey.|395\/642 psn
|
|-heal|p2a: Blissey|714\/714|[from] move: Wish|[wisher] Blissey
|-damage|p1a: Blissey.|315\/642 psn|[from] psn
|turn|163
|
|move|p2a: Blissey|Seismic Toss|p1a: Blissey.
|-damage|p1a: Blissey.|215\/642 psn
|move|p1a: Blissey.|Soft-Boiled|p1a: Blissey.
|-heal|p1a: Blissey.|536\/642 psn
|
|-damage|p1a: Blissey.|456\/642 psn|[from] psn
|turn|164
|
|switch|p2a: Tentacruel|Tentacruel, F|51\/364 brn
|-damage|p2a: Tentacruel|6\/364 brn|[from] Stealth Rock
|move|p1a: Blissey.|Seismic Toss|p2a: Tentacruel
|-damage|p2a: Tentacruel|0 fnt
|faint|p2a: Tentacruel
|
|-damage|p1a: Blissey.|376\/642 psn|[from] psn
|
|switch|p2a: Salamence|Salamence, M|193\/390 tox
|-damage|p2a: Salamence|96\/390 tox|[from] Stealth Rock
|-ability|p2a: Salamence|Intimidate|[of] p1a: Blissey.
|-unboost|p1a: Blissey.|atk|1
|turn|165
|
|move|p2a: Salamence|Roost|p2a: Salamence
|-heal|p2a: Salamence|291\/390 tox
|move|p1a: Blissey.|Seismic Toss|p2a: Salamence
|-damage|p2a: Salamence|191\/390 tox
|
|-heal|p2a: Salamence|215\/390 tox|[from] item: Leftovers
|-damage|p2a: Salamence|191\/390 tox|[from] psn
|-damage|p1a: Blissey.|296\/642 psn|[from] psn
|turn|166
|
|move|p2a: Salamence|Roost|p2a: Salamence
|-heal|p2a: Salamence|386\/390 tox
|move|p1a: Blissey.|Seismic Toss|p2a: Salamence
|-damage|p2a: Salamence|286\/390 tox
|
|-heal|p2a: Salamence|310\/390 tox|[from] item: Leftovers
|-damage|p2a: Salamence|262\/390 tox|[from] psn
|-damage|p1a: Blissey.|216\/642 psn|[from] psn
|turn|167
|
|switch|p2a: Blissey|Blissey, F|714\/714
|-damage|p2a: Blissey|625\/714|[from] Stealth Rock
|move|p1a: Blissey.|Soft-Boiled|p1a: Blissey.
|-heal|p1a: Blissey.|537\/642 psn
|
|-heal|p2a: Blissey|669\/714|[from] item: Leftovers
|-damage|p1a: Blissey.|457\/642 psn|[from] psn
|turn|168
|
|switch|p1a: Aegislash.|Doublade, F|46\/322
|move|p2a: Blissey|Seismic Toss|p1a: Aegislash.
|-immune|p1a: Aegislash.|[msg]
|
|-heal|p2a: Blissey|713\/714|[from] item: Leftovers
|turn|169
|c|★Leiya|fuk
|
|switch|p2a: Salamence|Salamence, M|262\/390 tox
|-damage|p2a: Salamence|165\/390 tox|[from] Stealth Rock
|-ability|p2a: Salamence|Intimidate|[of] p1a: Aegislash.
|-unboost|p1a: Aegislash.|atk|1
|move|p1a: Aegislash.|Rest|p1a: Aegislash.
|-status|p1a: Aegislash.|slp
|-heal|p1a: Aegislash.|322\/322 slp|[silent]
|-status|p1a: Aegislash.|slp|[from] move: Rest
|
|-heal|p2a: Salamence|189\/390 tox|[from] item: Leftovers
|-damage|p2a: Salamence|165\/390 tox|[from] psn
|turn|170
|
|switch|p1a: Blissey.|Chansey, F|457\/642
|-status|p1a: Blissey.|psn
|move|p2a: Salamence|Roost|p2a: Salamence
|-heal|p2a: Salamence|360\/390 tox
|
|-heal|p2a: Salamence|384\/390 tox|[from] item: Leftovers
|-damage|p2a: Salamence|336\/390 tox|[from] psn
|-damage|p1a: Blissey.|377\/642 psn|[from] psn
|turn|171
|
|switch|p2a: Blissey|Blissey, F|713\/714
|-damage|p2a: Blissey|624\/714|[from] Stealth Rock
|move|p1a: Blissey.|Seismic Toss|p2a: Blissey
|-damage|p2a: Blissey|524\/714
|
|-heal|p2a: Blissey|568\/714|[from] item: Leftovers
|-damage|p1a: Blissey.|297\/642 psn|[from] psn
|turn|172
|
|move|p2a: Blissey|Seismic Toss|p1a: Blissey.
|-damage|p1a: Blissey.|197\/642 psn
|move|p1a: Blissey.|Soft-Boiled|p1a: Blissey.
|-heal|p1a: Blissey.|518\/642 psn
|
|-heal|p2a: Blissey|612\/714|[from] item: Leftovers
|-damage|p1a: Blissey.|438\/642 psn|[from] psn
|turn|173
|
|switch|p1a: Aegislash.|Doublade, F|322\/322 slp
|move|p2a: Blissey|Seismic Toss|p1a: Aegislash.
|-immune|p1a: Aegislash.|[msg]
|
|-heal|p2a: Blissey|656\/714|[from] item: Leftovers
|turn|174
|
|cant|p1a: Aegislash.|slp
|switch|p2a: Salamence|Salamence, M|336\/390 tox
|-damage|p2a: Salamence|239\/390 tox|[from] Stealth Rock
|-ability|p2a: Salamence|Intimidate|[of] p1a: Aegislash.
|-unboost|p1a: Aegislash.|atk|1
|
|-heal|p2a: Salamence|263\/390 tox|[from] item: Leftovers
|-damage|p2a: Salamence|239\/390 tox|[from] psn
|turn|175
|
|switch|p2a: Blissey|Blissey, F|656\/714
|-damage|p2a: Blissey|567\/714|[from] Stealth Rock
|cant|p1a: Aegislash.|slp
|
|-heal|p2a: Blissey|611\/714|[from] item: Leftovers
|turn|176
|
|switch|p2a: Salamence|Salamence, M|239\/390 tox
|-damage|p2a: Salamence|142\/390 tox|[from] Stealth Rock
|-ability|p2a: Salamence|Intimidate|[of] p1a: Aegislash.
|-unboost|p1a: Aegislash.|atk|1
|switch|p1a: Blissey.|Chansey, F|438\/642
|-status|p1a: Blissey.|psn
|
|-heal|p2a: Salamence|166\/390 tox|[from] item: Leftovers
|-damage|p2a: Salamence|142\/390 tox|[from] psn
|-damage|p1a: Blissey.|358\/642 psn|[from] psn
|turn|177
|
|move|p2a: Salamence|Roost|p2a: Salamence
|-heal|p2a: Salamence|337\/390 tox
|move|p1a: Blissey.|Seismic Toss|p2a: Salamence
|-damage|p2a: Salamence|237\/390 tox
|
|-heal|p2a: Salamence|261\/390 tox|[from] item: Leftovers
|-damage|p2a: Salamence|213\/390 tox|[from] psn
|-damage|p1a: Blissey.|278\/642 psn|[from] psn
|turn|178
|
|switch|p2a: Blissey|Blissey, F|611\/714
|-damage|p2a: Blissey|522\/714|[from] Stealth Rock
|move|p1a: Blissey.|Seismic Toss|p2a: Blissey
|-damage|p2a: Blissey|422\/714
|
|-heal|p2a: Blissey|466\/714|[from] item: Leftovers
|-damage|p1a: Blissey.|198\/642 psn|[from] psn
|turn|179
|
|move|p2a: Blissey|Wish|p2a: Blissey
|move|p1a: Blissey.|Soft-Boiled|p1a: Blissey.
|-heal|p1a: Blissey.|519\/642 psn
|
|-heal|p2a: Blissey|510\/714|[from] item: Leftovers
|-damage|p1a: Blissey.|439\/642 psn|[from] psn
|turn|180
|
|switch|p2a: Salamence|Salamence, M|213\/390 tox
|-damage|p2a: Salamence|116\/390 tox|[from] Stealth Rock
|-ability|p2a: Salamence|Intimidate|[of] p1a: Blissey.
|-unboost|p1a: Blissey.|atk|1
|move|p1a: Blissey.|Seismic Toss|p2a: Salamence
|-damage|p2a: Salamence|16\/390 tox
|
|-heal|p2a: Salamence|373\/390 tox|[from] move: Wish|[wisher] Blissey
|-heal|p2a: Salamence|390\/390 tox|[from] item: Leftovers
|-damage|p2a: Salamence|366\/390 tox|[from] psn
|-damage|p1a: Blissey.|359\/642 psn|[from] psn
|turn|181
|
|switch|p2a: Blissey|Blissey, F|510\/714
|-damage|p2a: Blissey|421\/714|[from] Stealth Rock
|move|p1a: Blissey.|Heal Bell|p1a: Blissey.
|-cureteam|p1a: Blissey.|[from] move: HealBell
|
|-heal|p2a: Blissey|465\/714|[from] item: Leftovers
|turn|182
|
|switch|p1a: Aegislash.|Doublade, F|322\/322
|move|p2a: Blissey|Toxic|p1a: Aegislash.
|-fail|p1a: Aegislash.
|
|-heal|p2a: Blissey|509\/714|[from] item: Leftovers
|turn|183
|
|switch|p2a: Salamence|Salamence, M|366\/390 tox
|-damage|p2a: Salamence|269\/390 tox|[from] Stealth Rock
|-ability|p2a: Salamence|Intimidate|[of] p1a: Aegislash.
|-unboost|p1a: Aegislash.|atk|1
|move|p1a: Aegislash.|Sacred Sword|p2a: Salamence
|-resisted|p2a: Salamence
|-damage|p2a: Salamence|246\/390 tox
|
|-heal|p2a: Salamence|270\/390 tox|[from] item: Leftovers
|-damage|p2a: Salamence|246\/390 tox|[from] psn
|turn|184
|
|move|p2a: Salamence|Flamethrower|p1a: Aegislash.
|-supereffective|p1a: Aegislash.
|-damage|p1a: Aegislash.|204\/322
|move|p1a: Aegislash.|Pursuit|p2a: Salamence
|-damage|p2a: Salamence|225\/390 tox
|
|-heal|p2a: Salamence|249\/390 tox|[from] item: Leftovers
|-damage|p2a: Salamence|201\/390 tox|[from] psn
|turn|185
|
|move|p2a: Salamence|Flamethrower|p1a: Aegislash.
|-supereffective|p1a: Aegislash.
|-damage|p1a: Aegislash.|96\/322
|move|p1a: Aegislash.|Pursuit|p2a: Salamence
|-damage|p2a: Salamence|180\/390 tox
|
|-heal|p2a: Salamence|204\/390 tox|[from] item: Leftovers
|-damage|p2a: Salamence|132\/390 tox|[from] psn
|turn|186
|
|move|p2a: Salamence|Roost|p2a: Salamence
|-heal|p2a: Salamence|327\/390 tox
|move|p1a: Aegislash.|Rest|p1a: Aegislash.
|-status|p1a: Aegislash.|slp
|-heal|p1a: Aegislash.|322\/322 slp|[silent]
|-status|p1a: Aegislash.|slp|[from] move: Rest
|
|-heal|p2a: Salamence|351\/390 tox|[from] item: Leftovers
|-damage|p2a: Salamence|255\/390 tox|[from] psn
|turn|187
|
|switch|p2a: Blissey|Blissey, F|509\/714
|-damage|p2a: Blissey|420\/714|[from] Stealth Rock
|cant|p1a: Aegislash.|slp
|
|-heal|p2a: Blissey|464\/714|[from] item: Leftovers
|turn|188
|
|move|p2a: Blissey|Toxic|p1a: Aegislash.
|-fail|p1a: Aegislash.
|cant|p1a: Aegislash.|slp
|
|-heal|p2a: Blissey|508\/714|[from] item: Leftovers
|turn|189
|
|switch|p1a: Swampert.|Quagsire, F|345\/394
|-status|p1a: Swampert.|psn
|move|p2a: Blissey|Protect|p2a: Blissey
|-fail|p2a: Blissey
|
|-heal|p2a: Blissey|552\/714|[from] item: Leftovers
|-damage|p1a: Swampert.|296\/394 psn|[from] psn
|turn|190
|
|switch|p1a: Aegislash.|Doublade, F|322\/322 slp
|move|p2a: Blissey|Seismic Toss|p1a: Aegislash.
|-immune|p1a: Aegislash.|[msg]
|
|-heal|p2a: Blissey|596\/714|[from] item: Leftovers
|turn|191
|
|move|p2a: Blissey|Wish|p2a: Blissey
|-curestatus|p1a: Aegislash.|slp
|move|p1a: Aegislash.|Rest|p1a: Aegislash.
|-fail|p1a: Aegislash.
|
|-heal|p2a: Blissey|640\/714|[from] item: Leftovers
|turn|192
|
|move|p1a: Aegislash.|Pursuit|p2a: Blissey|[from]Pursuit
|-damage|p2a: Blissey|512\/714
|switch|p2a: Salamence|Salamence, M|255\/390 tox
|-damage|p2a: Salamence|158\/390 tox|[from] Stealth Rock
|-ability|p2a: Salamence|Intimidate|[of] p1a: Aegislash.
|-unboost|p1a: Aegislash.|atk|1
|
|-heal|p2a: Salamence|390\/390 tox|[from] move: Wish|[wisher] Blissey
|-damage|p2a: Salamence|366\/390 tox|[from] psn
|turn|193
|
|move|p1a: Aegislash.|Pursuit|p2a: Salamence
|-damage|p2a: Salamence|345\/390 tox
|move|p2a: Salamence|Roar|p1a: Aegislash.
|drag|p1a: Blissey.|Chansey, F|359\/642
|-status|p1a: Blissey.|psn
|
|-heal|p2a: Salamence|369\/390 tox|[from] item: Leftovers
|-damage|p2a: Salamence|321\/390 tox|[from] psn
|-damage|p1a: Blissey.|279\/642 psn|[from] psn
|turn|194
|
|switch|p2a: Blissey|Blissey, F|512\/714
|-damage|p2a: Blissey|423\/714|[from] Stealth Rock
|move|p1a: Blissey.|Soft-Boiled|p1a: Blissey.
|-heal|p1a: Blissey.|600\/642 psn
|
|-heal|p2a: Blissey|467\/714|[from] item: Leftovers
|-damage|p1a: Blissey.|520\/642 psn|[from] psn
|turn|195
|
|switch|p1a: Swampert.|Quagsire, F|296\/394 psn
|move|p2a: Blissey|Seismic Toss|p1a: Swampert.
|-damage|p1a: Swampert.|196\/394 psn
|
|-heal|p2a: Blissey|511\/714|[from] item: Leftovers
|-damage|p1a: Swampert.|147\/394 psn|[from] psn
|turn|196
|
|move|p2a: Blissey|Seismic Toss|p1a: Swampert.
|-damage|p1a: Swampert.|47\/394 psn
|move|p1a: Swampert.|Recover|p1a: Swampert.
|-heal|p1a: Swampert.|244\/394 psn
|
|-heal|p2a: Blissey|555\/714|[from] item: Leftovers
|-damage|p1a: Swampert.|195\/394 psn|[from] psn
|turn|197
|
|move|p2a: Blissey|Seismic Toss|p1a: Swampert.
|-damage|p1a: Swampert.|95\/394 psn
|move|p1a: Swampert.|Recover|p1a: Swampert.
|-heal|p1a: Swampert.|292\/394 psn
|
|-heal|p2a: Blissey|599\/714|[from] item: Leftovers
|-damage|p1a: Swampert.|243\/394 psn|[from] psn
|turn|198
|
|move|p2a: Blissey|Seismic Toss|p1a: Swampert.
|-damage|p1a: Swampert.|143\/394 psn
|move|p1a: Swampert.|Recover|p1a: Swampert.
|-heal|p1a: Swampert.|340\/394 psn
|
|-heal|p2a: Blissey|643\/714|[from] item: Leftovers
|-damage|p1a: Swampert.|291\/394 psn|[from] psn
|turn|199
|
|move|p2a: Blissey|Seismic Toss|p1a: Swampert.
|-damage|p1a: Swampert.|191\/394 psn
|move|p1a: Swampert.|Toxic|p2a: Blissey
|-status|p2a: Blissey|tox
|
|-heal|p2a: Blissey|687\/714 tox|[from] item: Leftovers
|-damage|p2a: Blissey|643\/714 tox|[from] psn
|-damage|p1a: Swampert.|142\/394 psn|[from] psn
|turn|200
|
|move|p2a: Blissey|Seismic Toss|p1a: Swampert.
|-damage|p1a: Swampert.|42\/394 psn
|move|p1a: Swampert.|Recover|p1a: Swampert.
|-heal|p1a: Swampert.|239\/394 psn
|
|-heal|p2a: Blissey|687\/714 tox|[from] item: Leftovers
|-damage|p2a: Blissey|599\/714 tox|[from] psn
|-damage|p1a: Swampert.|190\/394 psn|[from] psn
|turn|201
|
|move|p2a: Blissey|Seismic Toss|p1a: Swampert.
|-damage|p1a: Swampert.|90\/394 psn
|move|p1a: Swampert.|Recover|p1a: Swampert.
|-heal|p1a: Swampert.|287\/394 psn
|
|-heal|p2a: Blissey|643\/714 tox|[from] item: Leftovers
|-damage|p2a: Blissey|511\/714 tox|[from] psn
|-damage|p1a: Swampert.|238\/394 psn|[from] psn
|turn|202
|
|move|p2a: Blissey|Wish|p2a: Blissey
|move|p1a: Swampert.|Earthquake|p2a: Blissey
|-damage|p2a: Blissey|309\/714 tox
|
|-heal|p2a: Blissey|353\/714 tox|[from] item: Leftovers
|-damage|p2a: Blissey|177\/714 tox|[from] psn
|-damage|p1a: Swampert.|189\/394 psn|[from] psn
|turn|203
|c|★Leiya|gg
|
|switch|p2a: Salamence|Salamence, M|321\/390 tox
|-damage|p2a: Salamence|224\/390 tox|[from] Stealth Rock
|-ability|p2a: Salamence|Intimidate|[of] p1a: Swampert.
|-unboost|p1a: Swampert.|atk|1
|switch|p1a: Blissey.|Chansey, F|520\/642
|-status|p1a: Blissey.|psn
|
|-heal|p2a: Salamence|390\/390 tox|[from] move: Wish|[wisher] Blissey
|-damage|p2a: Salamence|366\/390 tox|[from] psn
|-damage|p1a: Blissey.|440\/642 psn|[from] psn
|turn|204
|c|★Leiya|well bg from me
|
|move|p1a: Blissey.|Seismic Toss|p2a: Salamence
|-damage|p2a: Salamence|266\/390 tox
|move|p2a: Salamence|Roar|p1a: Blissey.
|drag|p1a: Swampert.|Quagsire, F|189\/394 psn
|
|-heal|p2a: Salamence|290\/390 tox|[from] item: Leftovers
|-damage|p2a: Salamence|242\/390 tox|[from] psn
|-damage|p1a: Swampert.|140\/394 psn|[from] psn
|turn|205
|
|switch|p1a: Aegislash.|Doublade, F|322\/322
|move|p2a: Salamence|Draco Meteor|p1a: Aegislash.
|-resisted|p1a: Aegislash.
|-damage|p1a: Aegislash.|266\/322
|-unboost|p2a: Salamence|spa|2
|
|-heal|p2a: Salamence|266\/390 tox|[from] item: Leftovers
|-damage|p2a: Salamence|194\/390 tox|[from] psn
|turn|206
|
|move|p2a: Salamence|Flamethrower|p1a: Aegislash.
|-supereffective|p1a: Aegislash.
|-damage|p1a: Aegislash.|214\/322
|move|p1a: Aegislash.|Sacred Sword|p2a: Salamence
|-resisted|p2a: Salamence
|-damage|p2a: Salamence|164\/390 tox
|
|-heal|p2a: Salamence|188\/390 tox|[from] item: Leftovers
|-damage|p2a: Salamence|92\/390 tox|[from] psn
|turn|207
|
|move|p1a: Aegislash.|Sacred Sword|p2a: Salamence
|-resisted|p2a: Salamence
|-damage|p2a: Salamence|61\/390 tox
|move|p2a: Salamence|Roar|p1a: Aegislash.
|drag|p1a: Blissey.|Chansey, F|440\/642
|-status|p1a: Blissey.|psn
|
|-heal|p2a: Salamence|85\/390 tox|[from] item: Leftovers
|-damage|p2a: Salamence|0 fnt|[from] psn
|-damage|p1a: Blissey.|360\/642 psn|[from] psn
|faint|p2a: Salamence
|
|switch|p2a: Blissey|Blissey, F|177\/714
|-damage|p2a: Blissey|88\/714|[from] Stealth Rock
|turn|208
|c|★Aegislash Returns|gg
|
|move|p2a: Blissey|Seismic Toss|p1a: Blissey.
|-damage|p1a: Blissey.|260\/642 psn
|move|p1a: Blissey.|Seismic Toss|p2a: Blissey
|-damage|p2a: Blissey|0 fnt
|faint|p2a: Blissey
|
|win|Aegislash Returns
|raw|Ladder updating...
|raw|Aegislash Returns's rating: 1663 &rarr; <strong>1684<\/strong><br \/>(+21 for winning)
|raw|Leiya's rating: 1682 &rarr; <strong>1661<\/strong><br \/>(-21 for losing)
|leave|Leiya
|player|p2
|leave|Aegislash Returns
|player|p1
|join|Aegislash Returns