|join|Aegislash Returns
|join|Exiline
|player|p1|Aegislash Returns|274
|player|p2|Exiline|271
|gametype|singles
|gen|6
|tier|OU
|rated
|clearpoke
|poke|p1|Doublade, M, shiny
|poke|p1|Chansey, F
|poke|p1|Slowbro, M
|poke|p1|Gothitelle, F
|poke|p1|Mandibuzz, F
|poke|p1|Clefable, M
|poke|p2|Empoleon, F
|poke|p2|Tyranitar, F
|poke|p2|Charizard, M, shiny
|poke|p2|Keldeo-Resolute
|poke|p2|Kyurem-Black
|poke|p2|Landorus-Therian, M
|rule|Swagger Clause: Swagger is banned
|rule|Baton Pass Clause: Limit one Pokémon knowing Baton Pass
|rule|Sleep Clause Mod: Limit one foe put to sleep
|rule|Species Clause: Limit one of each Pokémon
|rule|OHKO Clause: OHKO moves are banned
|rule|Moody Clause: Moody is banned
|rule|Evasion Moves Clause: Evasion moves are banned
|rule|Endless Battle Clause: Forcing endless battles is banned
|rule|HP Percentage Mod: HP is shown in percentages
|teampreview
|
|start
|switch|p1a: Blissey.|Chansey, F|642\/642
|switch|p2a: Godzilla|Tyranitar, F|403\/403
|-weather|Sandstorm
|turn|1
|
|move|p2a: Godzilla|Pursuit|p1a: Blissey.
|-damage|p1a: Blissey.|479\/642
|move|p1a: Blissey.|Stealth Rock|p2a: Godzilla
|-sidestart|p2: Exiline|move: Stealth Rock
|
|-weather|Sandstorm|[upkeep]
|-damage|p1a: Blissey.|439\/642|[from] sandstorm
|turn|2
|
|switch|p2a: Pingu FTW|Empoleon, F|372\/372
|-damage|p2a: Pingu FTW|349\/372|[from] Stealth Rock
|move|p1a: Blissey.|Soft-Boiled|p1a: Blissey.
|-heal|p1a: Blissey.|642\/642
|
|-weather|Sandstorm|[upkeep]
|-damage|p1a: Blissey.|602\/642|[from] sandstorm
|-heal|p2a: Pingu FTW|372\/372|[from] item: Leftovers
|turn|3
|
|switch|p1a: Wobbuffet.|Gothitelle, F|301\/301
|move|p2a: Pingu FTW|Defog|p1a: Wobbuffet.
|-unboost|p1a: Wobbuffet.|evasion|1
|-sideend|p2: Exiline|Stealth Rock|[from] move: Defog|[of] p2a: Pingu FTW
|
|-weather|Sandstorm|[upkeep]
|-damage|p1a: Wobbuffet.|283\/301|[from] sandstorm
|turn|4
|
|move|p1a: Wobbuffet.|Trick|p2a: Pingu FTW
|-activate|p1a: Wobbuffet.|move: Trick|[of] p2a: Pingu FTW
|-item|p2a: Pingu FTW|Choice Scarf|[from] move: Trick
|-item|p1a: Wobbuffet.|Leftovers|[from] move: Trick
|move|p2a: Pingu FTW|Scald|p1a: Wobbuffet.
|-damage|p1a: Wobbuffet.|190\/301
|
|-weather|Sandstorm|[upkeep]
|-damage|p1a: Wobbuffet.|172\/301|[from] sandstorm
|-heal|p1a: Wobbuffet.|190\/301|[from] item: Leftovers
|turn|5
|
|move|p1a: Wobbuffet.|Calm Mind|p1a: Wobbuffet.
|-boost|p1a: Wobbuffet.|spa|1
|-boost|p1a: Wobbuffet.|spd|1
|move|p2a: Pingu FTW|Scald|p1a: Wobbuffet.
|-damage|p1a: Wobbuffet.|130\/301
|
|-weather|none
|-heal|p1a: Wobbuffet.|148\/301|[from] item: Leftovers
|turn|6
|
|move|p1a: Wobbuffet.|Calm Mind|p1a: Wobbuffet.
|-boost|p1a: Wobbuffet.|spa|1
|-boost|p1a: Wobbuffet.|spd|1
|move|p2a: Pingu FTW|Scald|p1a: Wobbuffet.
|-damage|p1a: Wobbuffet.|96\/301
|
|-heal|p1a: Wobbuffet.|114\/301|[from] item: Leftovers
|turn|7
|
|move|p1a: Wobbuffet.|Calm Mind|p1a: Wobbuffet.
|-boost|p1a: Wobbuffet.|spa|1
|-boost|p1a: Wobbuffet.|spd|1
|move|p2a: Pingu FTW|Scald|p1a: Wobbuffet.
|-damage|p1a: Wobbuffet.|77\/301
|
|-heal|p1a: Wobbuffet.|95\/301|[from] item: Leftovers
|turn|8
|
|move|p1a: Wobbuffet.|Calm Mind|p1a: Wobbuffet.
|-boost|p1a: Wobbuffet.|spa|1
|-boost|p1a: Wobbuffet.|spd|1
|move|p2a: Pingu FTW|Scald|p1a: Wobbuffet.
|-damage|p1a: Wobbuffet.|65\/301
|
|-heal|p1a: Wobbuffet.|83\/301|[from] item: Leftovers
|turn|9
|
|move|p1a: Wobbuffet.|Rest|p1a: Wobbuffet.
|-status|p1a: Wobbuffet.|slp
|-heal|p1a: Wobbuffet.|301\/301 slp|[silent]
|-status|p1a: Wobbuffet.|slp|[from] move: Rest
|move|p2a: Pingu FTW|Scald|p1a: Wobbuffet.
|-damage|p1a: Wobbuffet.|270\/301 slp
|
|-heal|p1a: Wobbuffet.|288\/301 slp|[from] item: Leftovers
|turn|10
|
|cant|p1a: Wobbuffet.|slp
|move|p2a: Pingu FTW|Scald|p1a: Wobbuffet.
|-crit|p1a: Wobbuffet.
|-damage|p1a: Wobbuffet.|149\/301 slp
|
|-heal|p1a: Wobbuffet.|167\/301 slp|[from] item: Leftovers
|turn|11
|
|cant|p1a: Wobbuffet.|slp
|move|p2a: Pingu FTW|Scald|p1a: Wobbuffet.
|-damage|p1a: Wobbuffet.|134\/301 slp
|
|-heal|p1a: Wobbuffet.|152\/301 slp|[from] item: Leftovers
|turn|12
|
|-curestatus|p1a: Wobbuffet.|slp
|move|p1a: Wobbuffet.|Calm Mind|p1a: Wobbuffet.
|-boost|p1a: Wobbuffet.|spa|1
|-boost|p1a: Wobbuffet.|spd|1
|move|p2a: Pingu FTW|Scald|p1a: Wobbuffet.
|-crit|p1a: Wobbuffet.
|-damage|p1a: Wobbuffet.|2\/301
|-status|p1a: Wobbuffet.|brn
|
|-heal|p1a: Wobbuffet.|20\/301 brn|[from] item: Leftovers
|-damage|p1a: Wobbuffet.|0 fnt|[from] brn
|faint|p1a: Wobbuffet.
|c|★Exiline|lol
|
|switch|p1a: Starmie.|Slowbro, M|394\/394
|turn|13
|
|switch|p2a: Fear just Fear|Kyurem-Black|391\/391
|-ability|p2a: Fear just Fear|Teravolt
|move|p1a: Starmie.|Calm Mind|p1a: Starmie.
|-boost|p1a: Starmie.|spa|1
|-boost|p1a: Starmie.|spd|1
|
|turn|14
|
|detailschange|p1a: Starmie.|Slowbro-Mega, M
|message|Slowbro has Mega Evolved into Mega Slowbro!
|move|p2a: Fear just Fear|Fusion Bolt|p1a: Starmie.
|-supereffective|p1a: Starmie.
|-damage|p1a: Starmie.|262\/394
|move|p1a: Starmie.|Calm Mind|p1a: Starmie.
|-boost|p1a: Starmie.|spa|1
|-boost|p1a: Starmie.|spd|1
|
|turn|15
|join|RedMaxx
|c|★Exiline|lol
|
|switch|p2a: Fuck U Lil Manaphy|Charizard, M, shiny|297\/297
|move|p1a: Starmie.|Slack Off|p1a: Starmie.
|-heal|p1a: Starmie.|394\/394
|
|turn|16
|
|detailschange|p2a: Fuck U Lil Manaphy|Charizard-Mega-Y, M, shiny
|message|Charizard has Mega Evolved into Mega Charizard!
|-weather|SunnyDay
|move|p2a: Fuck U Lil Manaphy|Solar Beam|p1a: Starmie.|[still]
|-prepare|p2a: Fuck U Lil Manaphy|Solar Beam|p1a: Starmie.
|-anim|p2a: Fuck U Lil Manaphy|Solar Beam|p1a: Starmie.
|-supereffective|p1a: Starmie.
|-damage|p1a: Starmie.|156\/394
|move|p1a: Starmie.|Scald|p2a: Fuck U Lil Manaphy
|-supereffective|p2a: Fuck U Lil Manaphy
|-damage|p2a: Fuck U Lil Manaphy|85\/297
|
|-weather|SunnyDay|[upkeep]
|turn|17
|
|switch|p1a: Blissey.|Chansey, F|602\/642
|move|p2a: Fuck U Lil Manaphy|Solar Beam|p1a: Blissey.|[still]
|-prepare|p2a: Fuck U Lil Manaphy|Solar Beam|p1a: Blissey.
|-anim|p2a: Fuck U Lil Manaphy|Solar Beam|p1a: Blissey.
|-damage|p1a: Blissey.|512\/642
|
|-weather|SunnyDay|[upkeep]
|turn|18
|
|move|p2a: Fuck U Lil Manaphy|Roost|p2a: Fuck U Lil Manaphy
|-heal|p2a: Fuck U Lil Manaphy|234\/297
|move|p1a: Blissey.|Stealth Rock|p2a: Fuck U Lil Manaphy
|-sidestart|p2: Exiline|move: Stealth Rock
|
|-weather|SunnyDay|[upkeep]
|turn|19
|
|switch|p2a: Godzilla|Tyranitar, F|403\/403
|-damage|p2a: Godzilla|353\/403|[from] Stealth Rock
|-weather|Sandstorm
|switch|p1a: Starmie.|Slowbro-Mega, M|156\/394
|
|-weather|Sandstorm|[upkeep]
|-damage|p1a: Starmie.|132\/394|[from] sandstorm
|turn|20
|c|★Exiline|humm
|
|move|p2a: Godzilla|Crunch|p1a: Starmie.
|-supereffective|p1a: Starmie.
|-damage|p1a: Starmie.|0 fnt
|faint|p1a: Starmie.
|
|-weather|Sandstorm|[upkeep]
|
|switch|p1a: Wigglytuff.|Clefable, M|394\/394
|turn|21
|c|★Exiline|fuck this shit
|
|switch|p2a: Pingu FTW|Empoleon, F|372\/372
|-damage|p2a: Pingu FTW|349\/372|[from] Stealth Rock
|move|p1a: Wigglytuff.|Calm Mind|p1a: Wigglytuff.
|-boost|p1a: Wigglytuff.|spa|1
|-boost|p1a: Wigglytuff.|spd|1
|
|-weather|Sandstorm|[upkeep]
|-damage|p1a: Wigglytuff.|370\/394|[from] sandstorm
|-heal|p1a: Wigglytuff.|394\/394|[from] item: Leftovers
|turn|22
|c| RedMaxx|cette stall bien dégeulasse
|
|move|p2a: Pingu FTW|Defog|p1a: Wigglytuff.
|-unboost|p1a: Wigglytuff.|evasion|1
|-sideend|p2: Exiline|Stealth Rock|[from] move: Defog|[of] p2a: Pingu FTW
|move|p1a: Wigglytuff.|Flamethrower|p2a: Pingu FTW
|-damage|p2a: Pingu FTW|248\/372
|
|-weather|Sandstorm|[upkeep]
|-damage|p1a: Wigglytuff.|370\/394|[from] sandstorm
|-heal|p1a: Wigglytuff.|394\/394|[from] item: Leftovers
|turn|23
|
|switch|p2a: Fuck U Lil Manaphy|Charizard-Mega-Y, M, shiny|234\/297
|-weather|SunnyDay
|move|p1a: Wigglytuff.|Calm Mind|p1a: Wigglytuff.
|-boost|p1a: Wigglytuff.|spa|1
|-boost|p1a: Wigglytuff.|spd|1
|
|-weather|SunnyDay|[upkeep]
|turn|24
|
|move|p2a: Fuck U Lil Manaphy|Fire Blast|p1a: Wigglytuff.
|-damage|p1a: Wigglytuff.|199\/394
|move|p1a: Wigglytuff.|Calm Mind|p1a: Wigglytuff.
|-boost|p1a: Wigglytuff.|spa|1
|-boost|p1a: Wigglytuff.|spd|1
|
|-weather|SunnyDay|[upkeep]
|-heal|p1a: Wigglytuff.|223\/394|[from] item: Leftovers
|turn|25
|
|move|p2a: Fuck U Lil Manaphy|Fire Blast|p1a: Wigglytuff.
|-damage|p1a: Wigglytuff.|69\/394
|-status|p1a: Wigglytuff.|brn
|move|p1a: Wigglytuff.|Moonlight|p1a: Wigglytuff.
|-heal|p1a: Wigglytuff.|332\/394 brn
|
|-weather|SunnyDay|[upkeep]
|-heal|p1a: Wigglytuff.|356\/394 brn|[from] item: Leftovers
|-damage|p1a: Wigglytuff.|307\/394 brn|[from] brn
|turn|26
|c|★Exiline|give me a crit
|
|switch|p2a: Pingu FTW|Empoleon, F|248\/372
|move|p1a: Wigglytuff.|Moonlight|p1a: Wigglytuff.
|-heal|p1a: Wigglytuff.|394\/394 brn
|
|-weather|SunnyDay|[upkeep]
|-damage|p1a: Wigglytuff.|345\/394 brn|[from] brn
|turn|27
|
|move|p1a: Wigglytuff.|Flamethrower|p2a: Pingu FTW
|-damage|p2a: Pingu FTW|23\/372
|move|p2a: Pingu FTW|Roar|p1a: Wigglytuff.
|drag|p1a: Aegislash.|Doublade, M, shiny|322\/322
|
|-weather|none
|turn|28
|
|move|p1a: Aegislash.|Pursuit|p2a: Pingu FTW
|-damage|p2a: Pingu FTW|0 fnt
|faint|p2a: Pingu FTW
|
|
|switch|p2a: Fuck U Lil Manaphy|Charizard-Mega-Y, M, shiny|234\/297
|-weather|SunnyDay
|turn|29
|
|switch|p2a: Godzilla|Tyranitar, F|353\/403
|-weather|Sandstorm
|switch|p1a: Blissey.|Chansey, F|512\/642
|
|-weather|Sandstorm|[upkeep]
|-damage|p1a: Blissey.|472\/642|[from] sandstorm
|turn|30
|c|★Exiline|humm
|join|Lucario Powa
|
|move|p2a: Godzilla|Superpower|p1a: Blissey.
|-supereffective|p1a: Blissey.
|-damage|p1a: Blissey.|0 fnt
|-unboost|p2a: Godzilla|atk|1
|-unboost|p2a: Godzilla|def|1
|faint|p1a: Blissey.
|
|-weather|Sandstorm|[upkeep]
|c|★Exiline|yes
|c|★Exiline|fuck ur stall
|c|★Exiline|go zard y
|
|switch|p1a: Wigglytuff.|Clefable, M|345\/394 brn
|turn|31
|
|switch|p2a: Fuck U Lil Manaphy|Charizard-Mega-Y, M, shiny|234\/297
|-weather|SunnyDay
|move|p1a: Wigglytuff.|Calm Mind|p1a: Wigglytuff.
|-boost|p1a: Wigglytuff.|spa|1
|-boost|p1a: Wigglytuff.|spd|1
|
|-weather|SunnyDay|[upkeep]
|-heal|p1a: Wigglytuff.|369\/394 brn|[from] item: Leftovers
|-damage|p1a: Wigglytuff.|320\/394 brn|[from] brn
|turn|32
|
|move|p2a: Fuck U Lil Manaphy|Fire Blast|p1a: Wigglytuff.
|-damage|p1a: Wigglytuff.|37\/394 brn
|move|p1a: Wigglytuff.|Moonlight|p1a: Wigglytuff.
|-heal|p1a: Wigglytuff.|300\/394 brn
|
|-weather|SunnyDay|[upkeep]
|-heal|p1a: Wigglytuff.|324\/394 brn|[from] item: Leftovers
|-damage|p1a: Wigglytuff.|275\/394 brn|[from] brn
|turn|33
|
|move|p2a: Fuck U Lil Manaphy|Fire Blast|p1a: Wigglytuff.
|-damage|p1a: Wigglytuff.|25\/394 brn
|move|p1a: Wigglytuff.|Moonlight|p1a: Wigglytuff.
|-heal|p1a: Wigglytuff.|288\/394 brn
|
|-weather|SunnyDay|[upkeep]
|-heal|p1a: Wigglytuff.|312\/394 brn|[from] item: Leftovers
|-damage|p1a: Wigglytuff.|263\/394 brn|[from] brn
|turn|34
|c|★Exiline|give me a crit
|c| Lucario Powa|nice roll
|c|★Exiline|or roll ^^'
|
|move|p2a: Fuck U Lil Manaphy|Fire Blast|p1a: Wigglytuff.
|-damage|p1a: Wigglytuff.|0 fnt
|faint|p1a: Wigglytuff.
|
|-weather|SunnyDay|[upkeep]
|c|★Exiline|nice
|-message|Aegislash Returns forfeited.
|
|win|Exiline
|raw|Ladder updating...
|leave|Aegislash Returns
|player|p1
|raw|Aegislash Returns's rating: 1586 &rarr; <strong>1569<\/strong><br \/>(-17 for losing)
|raw|Exiline's rating: 1633 &rarr; <strong>1651<\/strong><br \/>(+18 for winning)
|c| Lucario Powa|nice no miss
|leave|Lucario Powa
|join|majaspic22