|join|Aegislash Returns
|join|doublade45
|player|p1|Aegislash Returns|274
|player|p2|doublade45|170
|gametype|singles
|gen|6
|tier|OU
|rated
|clearpoke
|poke|p1|Doublade, M
|poke|p1|Chansey, F
|poke|p1|Slowbro, F
|poke|p1|Gothitelle, M
|poke|p1|Mandibuzz, F
|poke|p1|Quagsire, M
|poke|p2|Altaria, M
|poke|p2|Greninja, F
|poke|p2|Landorus-Therian, M
|poke|p2|Gastrodon, F
|poke|p2|Heatran, M
|poke|p2|Mew
|rule|Swagger Clause: Swagger is banned
|rule|Baton Pass Clause: Limit one Pokémon knowing Baton Pass
|rule|Sleep Clause Mod: Limit one foe put to sleep
|rule|Species Clause: Limit one of each Pokémon
|rule|OHKO Clause: OHKO moves are banned
|rule|Moody Clause: Moody is banned
|rule|Evasion Moves Clause: Evasion moves are banned
|rule|Endless Battle Clause: Forcing endless battles is banned
|rule|HP Percentage Mod: HP is shown in percentages
|teampreview
|
|start
|switch|p1a: Honchkrow.|Mandibuzz, F|423\/423
|switch|p2a: Landorus-Therian|Landorus-Therian, M|319\/319
|-ability|p2a: Landorus-Therian|Intimidate|[of] p1a: Honchkrow.
|-unboost|p1a: Honchkrow.|atk|1
|turn|1
|
|move|p2a: Landorus-Therian|U-turn|p1a: Honchkrow.
|-damage|p1a: Honchkrow.|350\/423
|
|switch|p2a: Heatran|Heatran, M|386\/386
|move|p1a: Honchkrow.|Foul Play|p2a: Heatran
|-damage|p2a: Heatran|316\/386
|
|-heal|p2a: Heatran|340\/386|[from] item: Leftovers
|-heal|p1a: Honchkrow.|376\/423|[from] item: Leftovers
|turn|2
|
|switch|p1a: Starmie.|Slowbro, F|394\/394
|move|p2a: Heatran|Taunt|p1a: Starmie.
|-start|p1a: Starmie.|move: Taunt
|
|-heal|p2a: Heatran|364\/386|[from] item: Leftovers
|turn|3
|join|hpareS
|
|move|p2a: Heatran|Toxic|p1a: Starmie.|[miss]
|-miss|p2a: Heatran|p1a: Starmie.
|move|p1a: Starmie.|Scald|p2a: Heatran
|-supereffective|p2a: Heatran
|-damage|p2a: Heatran|206\/386
|
|-heal|p2a: Heatran|230\/386|[from] item: Leftovers
|turn|4
|
|move|p2a: Heatran|Stealth Rock|p1a: Starmie.
|-sidestart|p1: Aegislash Returns|move: Stealth Rock
|move|p1a: Starmie.|Scald|p2a: Heatran
|-supereffective|p2a: Heatran
|-damage|p2a: Heatran|62\/386
|
|-heal|p2a: Heatran|86\/386|[from] item: Leftovers
|turn|5
|
|switch|p2a: Gastrodon|Gastrodon, F|426\/426
|move|p1a: Starmie.|Scald|p2a: Gastrodon
|-boost|p2a: Gastrodon|spa|1|[from] ability: Storm Drain
|
|-end|p1a: Starmie.|move: Taunt
|turn|6
|
|switch|p2a: Altaria|Altaria, M|351\/351
|move|p1a: Starmie.|Calm Mind|p1a: Starmie.
|-boost|p1a: Starmie.|spa|1
|-boost|p1a: Starmie.|spd|1
|
|turn|7
|
|switch|p2a: Gastrodon|Gastrodon, F|426\/426
|move|p1a: Starmie.|Psyshock|p2a: Gastrodon
|-damage|p2a: Gastrodon|291\/426
|
|-heal|p2a: Gastrodon|317\/426|[from] item: Leftovers
|turn|8
|
|switch|p1a: Wobbuffet.|Gothitelle, M|301\/301
|-damage|p1a: Wobbuffet.|264\/301|[from] Stealth Rock
|move|p2a: Gastrodon|Clear Smog|p1a: Wobbuffet.
|-damage|p1a: Wobbuffet.|231\/301
|-clearboost|p1a: Wobbuffet.
|
|-heal|p2a: Gastrodon|343\/426|[from] item: Leftovers
|turn|9
|
|move|p1a: Wobbuffet.|Trick|p2a: Gastrodon
|-activate|p1a: Wobbuffet.|move: Trick|[of] p2a: Gastrodon
|-item|p2a: Gastrodon|Choice Scarf|[from] move: Trick
|-item|p1a: Wobbuffet.|Leftovers|[from] move: Trick
|move|p2a: Gastrodon|Earth Power|p1a: Wobbuffet.
|-damage|p1a: Wobbuffet.|147\/301
|
|-heal|p1a: Wobbuffet.|165\/301|[from] item: Leftovers
|turn|10
|
|move|p1a: Wobbuffet.|Calm Mind|p1a: Wobbuffet.
|-boost|p1a: Wobbuffet.|spa|1
|-boost|p1a: Wobbuffet.|spd|1
|move|p2a: Gastrodon|Earth Power|p1a: Wobbuffet.
|-damage|p1a: Wobbuffet.|99\/301
|-unboost|p1a: Wobbuffet.|spd|1
|
|-heal|p1a: Wobbuffet.|117\/301|[from] item: Leftovers
|turn|11
|
|move|p1a: Wobbuffet.|Calm Mind|p1a: Wobbuffet.
|-boost|p1a: Wobbuffet.|spa|1
|-boost|p1a: Wobbuffet.|spd|1
|move|p2a: Gastrodon|Earth Power|p1a: Wobbuffet.
|-damage|p1a: Wobbuffet.|59\/301
|
|-heal|p1a: Wobbuffet.|77\/301|[from] item: Leftovers
|turn|12
|
|move|p1a: Wobbuffet.|Calm Mind|p1a: Wobbuffet.
|-boost|p1a: Wobbuffet.|spa|1
|-boost|p1a: Wobbuffet.|spd|1
|move|p2a: Gastrodon|Earth Power|p1a: Wobbuffet.
|-damage|p1a: Wobbuffet.|34\/301
|-unboost|p1a: Wobbuffet.|spd|1
|
|-heal|p1a: Wobbuffet.|52\/301|[from] item: Leftovers
|turn|13
|
|move|p1a: Wobbuffet.|Rest|p1a: Wobbuffet.
|-status|p1a: Wobbuffet.|slp
|-heal|p1a: Wobbuffet.|301\/301 slp|[silent]
|-status|p1a: Wobbuffet.|slp|[from] move: Rest
|move|p2a: Gastrodon|Earth Power|p1a: Wobbuffet.
|-damage|p1a: Wobbuffet.|237\/301 slp
|
|-heal|p1a: Wobbuffet.|255\/301 slp|[from] item: Leftovers
|turn|14
|
|cant|p1a: Wobbuffet.|slp
|move|p2a: Gastrodon|Earth Power|p1a: Wobbuffet.
|-crit|p1a: Wobbuffet.
|-damage|p1a: Wobbuffet.|119\/301 slp
|
|-heal|p1a: Wobbuffet.|137\/301 slp|[from] item: Leftovers
|turn|15
|
|cant|p1a: Wobbuffet.|slp
|move|p2a: Gastrodon|Earth Power|p1a: Wobbuffet.
|-damage|p1a: Wobbuffet.|71\/301 slp
|
|-heal|p1a: Wobbuffet.|89\/301 slp|[from] item: Leftovers
|turn|16
|
|-curestatus|p1a: Wobbuffet.|slp
|move|p1a: Wobbuffet.|Calm Mind|p1a: Wobbuffet.
|-boost|p1a: Wobbuffet.|spa|1
|-boost|p1a: Wobbuffet.|spd|1
|move|p2a: Gastrodon|Earth Power|p1a: Wobbuffet.
|-damage|p1a: Wobbuffet.|44\/301
|-unboost|p1a: Wobbuffet.|spd|1
|
|-heal|p1a: Wobbuffet.|62\/301|[from] item: Leftovers
|turn|17
|
|move|p1a: Wobbuffet.|Calm Mind|p1a: Wobbuffet.
|-boost|p1a: Wobbuffet.|spa|1
|-boost|p1a: Wobbuffet.|spd|1
|move|p2a: Gastrodon|Earth Power|p1a: Wobbuffet.
|-damage|p1a: Wobbuffet.|16\/301
|
|-heal|p1a: Wobbuffet.|34\/301|[from] item: Leftovers
|turn|18
|
|move|p1a: Wobbuffet.|Rest|p1a: Wobbuffet.
|-status|p1a: Wobbuffet.|slp
|-heal|p1a: Wobbuffet.|301\/301 slp|[silent]
|-status|p1a: Wobbuffet.|slp|[from] move: Rest
|move|p2a: Gastrodon|Earth Power|p1a: Wobbuffet.
|-damage|p1a: Wobbuffet.|256\/301 slp
|-unboost|p1a: Wobbuffet.|spd|1
|
|-heal|p1a: Wobbuffet.|274\/301 slp|[from] item: Leftovers
|turn|19
|
|cant|p1a: Wobbuffet.|slp
|move|p2a: Gastrodon|Earth Power|p1a: Wobbuffet.
|-damage|p1a: Wobbuffet.|214\/301 slp
|
|-heal|p1a: Wobbuffet.|232\/301 slp|[from] item: Leftovers
|turn|20
|
|cant|p1a: Wobbuffet.|slp
|move|p2a: Gastrodon|Earth Power|p1a: Wobbuffet.
|-damage|p1a: Wobbuffet.|171\/301 slp
|
|-heal|p1a: Wobbuffet.|189\/301 slp|[from] item: Leftovers
|turn|21
|
|-curestatus|p1a: Wobbuffet.|slp
|move|p1a: Wobbuffet.|Calm Mind|p1a: Wobbuffet.
|-boost|p1a: Wobbuffet.|spa|1
|-boost|p1a: Wobbuffet.|spd|1
|move|p2a: Gastrodon|Earth Power|p1a: Wobbuffet.
|-damage|p1a: Wobbuffet.|143\/301
|
|-heal|p1a: Wobbuffet.|161\/301|[from] item: Leftovers
|turn|22
|c| hpareS|How the hell is a 10% chance hitting over and over
|
|move|p1a: Wobbuffet.|Calm Mind|p1a: Wobbuffet.
|-boost|p1a: Wobbuffet.|spd|1
|move|p2a: Gastrodon|Earth Power|p1a: Wobbuffet.
|-damage|p1a: Wobbuffet.|125\/301
|
|-heal|p1a: Wobbuffet.|143\/301|[from] item: Leftovers
|turn|23
|
|move|p1a: Wobbuffet.|Calm Mind|p1a: Wobbuffet.
|-boost|p1a: Wobbuffet.|spd|1
|move|p2a: Gastrodon|Earth Power|p1a: Wobbuffet.
|-damage|p1a: Wobbuffet.|112\/301
|
|-heal|p1a: Wobbuffet.|130\/301|[from] item: Leftovers
|turn|24
|
|move|p1a: Wobbuffet.|Rest|p1a: Wobbuffet.
|-status|p1a: Wobbuffet.|slp
|-heal|p1a: Wobbuffet.|301\/301 slp|[silent]
|-status|p1a: Wobbuffet.|slp|[from] move: Rest
|move|p2a: Gastrodon|Earth Power|p1a: Wobbuffet.
|-damage|p1a: Wobbuffet.|271\/301 slp
|
|-heal|p1a: Wobbuffet.|289\/301 slp|[from] item: Leftovers
|turn|25
|c|★doublade45|i love how no matter what new tools the gen comes with
|c|★doublade45|retards still spam goth stall
|c|★Aegislash Returns|XD
|
|cant|p1a: Wobbuffet.|slp
|-activate|p2a: Gastrodon|move: Struggle
|move|p2a: Gastrodon|Struggle|p1a: Wobbuffet.
|-damage|p1a: Wobbuffet.|262\/301 slp
|-damage|p2a: Gastrodon|237\/426
|
|-heal|p1a: Wobbuffet.|280\/301 slp|[from] item: Leftovers
|turn|26
|
|cant|p1a: Wobbuffet.|slp
|-activate|p2a: Gastrodon|move: Struggle
|move|p2a: Gastrodon|Struggle|p1a: Wobbuffet.
|-damage|p1a: Wobbuffet.|253\/301 slp
|-damage|p2a: Gastrodon|131\/426
|
|-heal|p1a: Wobbuffet.|271\/301 slp|[from] item: Leftovers
|turn|27
|
|-curestatus|p1a: Wobbuffet.|slp
|move|p1a: Wobbuffet.|Calm Mind|p1a: Wobbuffet.
|-boost|p1a: Wobbuffet.|spd|1
|-activate|p2a: Gastrodon|move: Struggle
|move|p2a: Gastrodon|Struggle|p1a: Wobbuffet.
|-damage|p1a: Wobbuffet.|242\/301
|-damage|p2a: Gastrodon|25\/426
|
|-heal|p1a: Wobbuffet.|260\/301|[from] item: Leftovers
|turn|28
|
|move|p1a: Wobbuffet.|Trick|p2a: Gastrodon
|-activate|p1a: Wobbuffet.|move: Trick|[of] p2a: Gastrodon
|-item|p2a: Gastrodon|Leftovers|[from] move: Trick
|-item|p1a: Wobbuffet.|Choice Scarf|[from] move: Trick
|-activate|p2a: Gastrodon|move: Struggle
|move|p2a: Gastrodon|Struggle|p1a: Wobbuffet.
|-crit|p1a: Wobbuffet.
|-damage|p1a: Wobbuffet.|221\/301
|-damage|p2a: Gastrodon|0 fnt
|faint|p2a: Gastrodon
|
|
|switch|p2a: Mew|Mew|404\/404
|turn|29
|
|move|p1a: Wobbuffet.|Trick|p2a: Mew
|-activate|p1a: Wobbuffet.|move: Trick|[of] p2a: Mew
|-item|p2a: Mew|Choice Scarf|[from] move: Trick
|-item|p1a: Wobbuffet.|Leftovers|[from] move: Trick
|move|p2a: Mew|Knock Off|p1a: Wobbuffet.
|-supereffective|p1a: Wobbuffet.
|-damage|p1a: Wobbuffet.|67\/301
|-enditem|p1a: Wobbuffet.|Leftovers|[from] move: Knock Off|[of] p2a: Mew
|
|turn|30
|
|move|p2a: Mew|Knock Off|p1a: Wobbuffet.
|-crit|p1a: Wobbuffet.
|-supereffective|p1a: Wobbuffet.
|-damage|p1a: Wobbuffet.|0 fnt
|faint|p1a: Wobbuffet.
|
|
|switch|p1a: Starmie.|Slowbro, F|394\/394
|-damage|p1a: Starmie.|345\/394|[from] Stealth Rock
|turn|31
|
|switch|p2a: Greninja|Greninja, F|285\/285
|move|p1a: Starmie.|Calm Mind|p1a: Starmie.
|-boost|p1a: Starmie.|spa|1
|-boost|p1a: Starmie.|spd|1
|
|turn|32
|
|switch|p1a: Blissey.|Chansey, F|642\/642
|-damage|p1a: Blissey.|562\/642|[from] Stealth Rock
|move|p2a: Greninja|Dark Pulse|p1a: Blissey.
|-start|p2a: Greninja|typechange|Dark|[from] Protean
|-damage|p1a: Blissey.|494\/642
|-damage|p2a: Greninja|257\/285|[from] item: Life Orb
|
|turn|33
|
|move|p2a: Greninja|Gunk Shot|p1a: Blissey.
|-start|p2a: Greninja|typechange|Poison|[from] Protean
|-damage|p1a: Blissey.|225\/642
|-damage|p2a: Greninja|229\/285|[from] item: Life Orb
|move|p1a: Blissey.|Stealth Rock|p2a: Greninja
|-sidestart|p2: doublade45|move: Stealth Rock
|
|turn|34
|
|switch|p1a: Aegislash.|Doublade, M|322\/322
|-damage|p1a: Aegislash.|302\/322|[from] Stealth Rock
|move|p2a: Greninja|Dark Pulse|p1a: Aegislash.
|-start|p2a: Greninja|typechange|Dark|[from] Protean
|-supereffective|p1a: Aegislash.
|-damage|p1a: Aegislash.|104\/322
|-damage|p2a: Greninja|201\/285|[from] item: Life Orb
|
|turn|35
|
|move|p2a: Greninja|Dark Pulse|p1a: Aegislash.
|-supereffective|p1a: Aegislash.
|-damage|p1a: Aegislash.|0 fnt
|-damage|p2a: Greninja|173\/285|[from] item: Life Orb
|faint|p1a: Aegislash.
|
|
|switch|p1a: Swampert.|Quagsire, M|394\/394
|-damage|p1a: Swampert.|370\/394|[from] Stealth Rock
|turn|36
|
|switch|p2a: Altaria|Altaria, M|351\/351
|-damage|p2a: Altaria|264\/351|[from] Stealth Rock
|move|p1a: Swampert.|Earthquake|p2a: Altaria
|-immune|p2a: Altaria|[msg]
|
|-heal|p1a: Swampert.|394\/394|[from] item: Leftovers
|turn|37
|
|detailschange|p2a: Altaria|Altaria-Mega, M
|message|Altaria has Mega Evolved into Mega Altaria!
|move|p2a: Altaria|Hyper Voice|p1a: Swampert.
|-damage|p1a: Swampert.|190\/394
|move|p1a: Swampert.|Toxic|p2a: Altaria
|-status|p2a: Altaria|tox
|
|-heal|p1a: Swampert.|214\/394|[from] item: Leftovers
|-damage|p2a: Altaria|243\/351 tox|[from] psn
|turn|38
|
|move|p2a: Altaria|Hyper Voice|p1a: Swampert.
|-damage|p1a: Swampert.|13\/394
|move|p1a: Swampert.|Recover|p1a: Swampert.
|-heal|p1a: Swampert.|210\/394
|
|-heal|p1a: Swampert.|234\/394|[from] item: Leftovers
|-damage|p2a: Altaria|201\/351 tox|[from] psn
|turn|39
|
|move|p2a: Altaria|Hyper Voice|p1a: Swampert.
|-damage|p1a: Swampert.|23\/394
|move|p1a: Swampert.|Recover|p1a: Swampert.
|-heal|p1a: Swampert.|220\/394
|
|-heal|p1a: Swampert.|244\/394|[from] item: Leftovers
|-damage|p2a: Altaria|138\/351 tox|[from] psn
|turn|40
|
|move|p2a: Altaria|Heal Bell|p2a: Altaria
|-cureteam|p2a: Altaria|[from] move: HealBell
|move|p1a: Swampert.|Recover|p1a: Swampert.
|-heal|p1a: Swampert.|394\/394
|
|turn|41
|
|move|p2a: Altaria|Hyper Voice|p1a: Swampert.
|-damage|p1a: Swampert.|186\/394
|move|p1a: Swampert.|Toxic|p2a: Altaria
|-status|p2a: Altaria|tox
|
|-heal|p1a: Swampert.|210\/394|[from] item: Leftovers
|-damage|p2a: Altaria|117\/351 tox|[from] psn
|turn|42
|
|move|p2a: Altaria|Hyper Voice|p1a: Swampert.
|-damage|p1a: Swampert.|0 fnt
|faint|p1a: Swampert.
|
|-damage|p2a: Altaria|75\/351 tox|[from] psn
|
|switch|p1a: Blissey.|Chansey, F|225\/642
|-damage|p1a: Blissey.|145\/642|[from] Stealth Rock
|turn|43
|
|switch|p2a: Landorus-Therian|Landorus-Therian, M|319\/319
|-damage|p2a: Landorus-Therian|280\/319|[from] Stealth Rock
|-ability|p2a: Landorus-Therian|Intimidate|[of] p1a: Blissey.
|-unboost|p1a: Blissey.|atk|1
|move|p1a: Blissey.|Soft-Boiled|p1a: Blissey.
|-heal|p1a: Blissey.|466\/642
|
|turn|44
|
|move|p2a: Landorus-Therian|U-turn|p1a: Blissey.
|-damage|p1a: Blissey.|355\/642
|
|switch|p2a: Mew|Mew|404\/404
|-damage|p2a: Mew|354\/404|[from] Stealth Rock
|move|p1a: Blissey.|Soft-Boiled|p1a: Blissey.
|-heal|p1a: Blissey.|642\/642
|
|turn|45
|
|switch|p1a: Starmie.|Slowbro, F|394\/394
|-damage|p1a: Starmie.|345\/394|[from] Stealth Rock
|move|p2a: Mew|Will-O-Wisp|p1a: Starmie.
|-status|p1a: Starmie.|brn
|
|-damage|p1a: Starmie.|296\/394 brn|[from] brn
|turn|46
|
|switch|p2a: Altaria|Altaria-Mega, M|75\/351 tox
|-damage|p2a: Altaria|32\/351 tox|[from] Stealth Rock
|move|p1a: Starmie.|Scald|p2a: Altaria
|-resisted|p2a: Altaria
|-damage|p2a: Altaria|0 fnt
|faint|p2a: Altaria
|
|-damage|p1a: Starmie.|247\/394 brn|[from] brn
|
|switch|p2a: Greninja|Greninja, F|173\/285
|-damage|p2a: Greninja|138\/285|[from] Stealth Rock
|turn|47
|
|switch|p1a: Blissey.|Chansey, F|642\/642
|-damage|p1a: Blissey.|562\/642|[from] Stealth Rock
|move|p2a: Greninja|Gunk Shot|p1a: Blissey.
|-start|p2a: Greninja|typechange|Poison|[from] Protean
|-damage|p1a: Blissey.|307\/642
|-damage|p2a: Greninja|110\/285|[from] item: Life Orb
|
|turn|48
|
|switch|p2a: Landorus-Therian|Landorus-Therian, M|280\/319
|-damage|p2a: Landorus-Therian|241\/319|[from] Stealth Rock
|-ability|p2a: Landorus-Therian|Intimidate|[of] p1a: Blissey.
|-unboost|p1a: Blissey.|atk|1
|move|p1a: Blissey.|Soft-Boiled|p1a: Blissey.
|-heal|p1a: Blissey.|628\/642
|
|turn|49
|
|switch|p1a: Honchkrow.|Mandibuzz, F|376\/423
|-damage|p1a: Honchkrow.|271\/423|[from] Stealth Rock
|move|p2a: Landorus-Therian|U-turn|p1a: Honchkrow.
|-damage|p1a: Honchkrow.|202\/423
|
|switch|p2a: Greninja|Greninja, F|110\/285
|-damage|p2a: Greninja|75\/285|[from] Stealth Rock
|
|-heal|p1a: Honchkrow.|228\/423|[from] item: Leftovers
|turn|50
|
|switch|p2a: Landorus-Therian|Landorus-Therian, M|241\/319
|-damage|p2a: Landorus-Therian|202\/319|[from] Stealth Rock
|-ability|p2a: Landorus-Therian|Intimidate|[of] p1a: Honchkrow.
|-unboost|p1a: Honchkrow.|atk|1
|switch|p1a: Blissey.|Chansey, F|628\/642
|-damage|p1a: Blissey.|548\/642|[from] Stealth Rock
|
|turn|51
|
|switch|p1a: Honchkrow.|Mandibuzz, F|228\/423
|-damage|p1a: Honchkrow.|123\/423|[from] Stealth Rock
|move|p2a: Landorus-Therian|Superpower|p1a: Honchkrow.
|-damage|p1a: Honchkrow.|2\/423
|-unboost|p2a: Landorus-Therian|atk|1
|-unboost|p2a: Landorus-Therian|def|1
|
|-heal|p1a: Honchkrow.|28\/423|[from] item: Leftovers
|turn|52
|
|move|p2a: Landorus-Therian|Superpower|p1a: Honchkrow.
|-damage|p1a: Honchkrow.|0 fnt
|-unboost|p2a: Landorus-Therian|atk|1
|-unboost|p2a: Landorus-Therian|def|1
|faint|p1a: Honchkrow.
|
|
|switch|p1a: Starmie.|Slowbro, F|378\/394 brn
|-damage|p1a: Starmie.|329\/394 brn|[from] Stealth Rock
|turn|53
|
|switch|p2a: Heatran|Heatran, M|86\/386
|-damage|p2a: Heatran|38\/386|[from] Stealth Rock
|move|p1a: Starmie.|Calm Mind|p1a: Starmie.
|-boost|p1a: Starmie.|spa|1
|-boost|p1a: Starmie.|spd|1
|
|-heal|p2a: Heatran|62\/386|[from] item: Leftovers
|-damage|p1a: Starmie.|280\/394 brn|[from] brn
|turn|54
|
|move|p2a: Heatran|Lava Plume|p1a: Starmie.
|-resisted|p1a: Starmie.
|-damage|p1a: Starmie.|234\/394 brn
|move|p1a: Starmie.|Scald|p2a: Heatran
|-supereffective|p2a: Heatran
|-damage|p2a: Heatran|0 fnt
|faint|p2a: Heatran
|
|-damage|p1a: Starmie.|185\/394 brn|[from] brn
|
|switch|p2a: Greninja|Greninja, F|75\/285
|-damage|p2a: Greninja|40\/285|[from] Stealth Rock
|turn|55
|
|switch|p1a: Blissey.|Chansey, F|548\/642
|-damage|p1a: Blissey.|468\/642|[from] Stealth Rock
|move|p2a: Greninja|Gunk Shot|p1a: Blissey.
|-start|p2a: Greninja|typechange|Poison|[from] Protean
|-damage|p1a: Blissey.|198\/642
|-damage|p2a: Greninja|12\/285|[from] item: Life Orb
|
|turn|56
|
|move|p2a: Greninja|Gunk Shot|p1a: Blissey.
|-damage|p1a: Blissey.|0 fnt
|-damage|p2a: Greninja|0 fnt|[from] item: Life Orb
|faint|p1a: Blissey.
|faint|p2a: Greninja
|
|
|switch|p2a: Mew|Mew|354\/404
|switch|p1a: Starmie.|Slowbro, F|316\/394 brn
|-damage|p2a: Mew|304\/404|[from] Stealth Rock
|-damage|p1a: Starmie.|267\/394 brn|[from] Stealth Rock
|turn|57
|
|detailschange|p1a: Starmie.|Slowbro-Mega, F
|message|Slowbro has Mega Evolved into Mega Slowbro!
|move|p2a: Mew|Taunt|p1a: Starmie.
|-start|p1a: Starmie.|move: Taunt
|move|p1a: Starmie.|Scald|p2a: Mew
|-damage|p2a: Mew|208\/404
|
|-damage|p1a: Starmie.|218\/394 brn|[from] brn
|turn|58
|
|move|p2a: Mew|Taunt|p1a: Starmie.
|-fail|p1a: Starmie.
|move|p1a: Starmie.|Scald|p2a: Mew
|-damage|p2a: Mew|106\/404
|
|-damage|p1a: Starmie.|169\/394 brn|[from] brn
|turn|59
|
|move|p2a: Mew|Taunt|p1a: Starmie.
|-fail|p1a: Starmie.
|move|p1a: Starmie.|Scald|p2a: Mew
|-damage|p2a: Mew|9\/404
|
|-damage|p1a: Starmie.|120\/394 brn|[from] brn
|-end|p1a: Starmie.|move: Taunt
|turn|60
|
|move|p2a: Mew|Taunt|p1a: Starmie.
|-start|p1a: Starmie.|move: Taunt
|move|p1a: Starmie.|Scald|p2a: Mew
|-damage|p2a: Mew|0 fnt
|faint|p2a: Mew
|
|-damage|p1a: Starmie.|71\/394 brn|[from] brn
|c|★doublade45|isnt it nuts
|c|★doublade45|how badly i outplayed you
|
|switch|p2a: Landorus-Therian|Landorus-Therian, M|202\/319
|-damage|p2a: Landorus-Therian|163\/319|[from] Stealth Rock
|-ability|p2a: Landorus-Therian|Intimidate|[of] p1a: Starmie.
|-unboost|p1a: Starmie.|atk|1
|turn|61
|c|★Aegislash Returns|yeah... its so nuts
|
|move|p2a: Landorus-Therian|Earthquake|p1a: Starmie.
|-damage|p1a: Starmie.|0 fnt
|faint|p1a: Starmie.
|
|win|doublade45
|raw|Ladder updating...
|c|★doublade45|insane
|raw|Aegislash Returns's rating: 1734 &rarr; <strong>1716<\/strong><br \/>(-18 for losing)
|raw|doublade45's rating: 1777 &rarr; <strong>1794<\/strong><br \/>(+17 for winning)
|leave|Aegislash Returns
|player|p1