|join|Pheonixmaster
|join|skysoki
|player|p1|Pheonixmaster|167
|player|p2|skysoki|239
|gametype|singles
|gen|6
|tier|UU
|rated
|rule|Sleep Clause Mod: Limit one foe put to sleep
|rule|Species Clause: Limit one of each Pokémon
|rule|OHKO Clause: OHKO moves are banned
|rule|Moody Clause: Moody is banned
|rule|Evasion Moves Clause: Evasion moves are banned
|rule|Endless Battle Clause: Forcing endless battles is banned
|rule|HP Percentage Mod: HP is shown in percentages
|clearpoke
|poke|p1|Swampert, M
|poke|p1|Kingdra, M
|poke|p1|Toxicroak, M
|poke|p1|Tornadus, M
|poke|p1|Jirachi
|poke|p1|Chesnaught, M
|poke|p2|Pidgeot, M
|poke|p2|Jirachi
|poke|p2|Hydreigon, M
|poke|p2|Machamp, M
|poke|p2|Entei, shiny
|poke|p2|Donphan, M
|rule|Swagger Clause: Swagger is banned
|rule|Baton Pass Clause: Limit one Pokémon knowing Baton Pass
|teampreview
|
|start
|switch|p1a: Swampert|Swampert, M|341\/341
|switch|p2a: Entei|Entei, shiny|371\/371
|-ability|p2a: Entei|Pressure
|turn|1
|
|detailschange|p1a: Swampert|Swampert-Mega, M
|-mega|p1a: Swampert|Swampert|Swampertite
|move|p2a: Entei|Sacred Fire|p1a: Swampert
|-resisted|p1a: Swampert
|-damage|p1a: Swampert|208\/341
|move|p1a: Swampert|Waterfall|p2a: Entei
|-supereffective|p2a: Entei
|-damage|p2a: Entei|0 fnt
|faint|p2a: Entei
|
|
|switch|p2a: Pidgeot|Pidgeot, M|307\/307
|turn|2
|
|switch|p1a: Jirachi|Jirachi|404\/404
|detailschange|p2a: Pidgeot|Pidgeot-Mega, M
|-mega|p2a: Pidgeot|Pidgeot|Pidgeotite
|move|p2a: Pidgeot|Hidden Power|p1a: Jirachi
|-resisted|p1a: Jirachi
|-damage|p1a: Jirachi|367\/404
|
|turn|3
|
|switch|p2a: Hydreigon|Hydreigon, M|325\/325
|move|p1a: Jirachi|Thunder Wave|p2a: Hydreigon
|-status|p2a: Hydreigon|par
|
|turn|4
|
|move|p1a: Jirachi|U-turn|p2a: Hydreigon
|-supereffective|p2a: Hydreigon
|-damage|p2a: Hydreigon|197\/325 par
|
|switch|p1a: Chesnaught|Chesnaught, M|380\/380
|move|p2a: Hydreigon|Dark Pulse|p1a: Chesnaught
|-resisted|p1a: Chesnaught
|-damage|p1a: Chesnaught|317\/380
|
|-heal|p1a: Chesnaught|340\/380|[from] item: Leftovers
|turn|5
|
|switch|p2a: Pidgeot|Pidgeot-Mega, M|307\/307
|move|p1a: Chesnaught|Spikes|p2a: Pidgeot
|-sidestart|p2: skysoki|Spikes
|
|-heal|p1a: Chesnaught|363\/380|[from] item: Leftovers
|turn|6
|
|switch|p1a: Jirachi|Jirachi|367\/404
|move|p2a: Pidgeot|Work Up|p2a: Pidgeot
|-boost|p2a: Pidgeot|atk|1
|-boost|p2a: Pidgeot|spa|1
|
|turn|7
|
|move|p2a: Pidgeot|Heat Wave|p1a: Jirachi
|-supereffective|p1a: Jirachi
|-damage|p1a: Jirachi|29\/404
|move|p1a: Jirachi|Thunder Wave|p2a: Pidgeot
|-status|p2a: Pidgeot|par
|
|turn|8
|
|move|p1a: Jirachi|Rain Dance|p1a: Jirachi
|-weather|RainDance
|move|p2a: Pidgeot|Hurricane|p1a: Jirachi
|-crit|p1a: Jirachi
|-resisted|p1a: Jirachi
|-damage|p1a: Jirachi|0 fnt
|faint|p1a: Jirachi
|
|-weather|RainDance|[upkeep]
|
|switch|p1a: Swampert|Swampert-Mega, M|208\/341
|turn|9
|
|move|p1a: Swampert|Waterfall|p2a: Pidgeot
|-damage|p2a: Pidgeot|0 fnt
|faint|p2a: Pidgeot
|
|-weather|RainDance|[upkeep]
|
|switch|p2a: Jirachi|Jirachi|404\/404
|-damage|p2a: Jirachi|354\/404|[from] Spikes
|turn|10
|
|move|p1a: Swampert|Earthquake|p2a: Jirachi
|-supereffective|p2a: Jirachi
|-damage|p2a: Jirachi|28\/404
|move|p2a: Jirachi|Psyshock|p1a: Swampert
|-damage|p1a: Swampert|109\/341
|
|-weather|RainDance|[upkeep]
|-heal|p2a: Jirachi|53\/404|[from] item: Leftovers
|turn|11
|
|move|p1a: Swampert|Waterfall|p2a: Jirachi
|-crit|p2a: Jirachi
|-damage|p2a: Jirachi|0 fnt
|faint|p2a: Jirachi
|
|-weather|RainDance|[upkeep]
|
|switch|p2a: Conkedurr|Machamp, M|364\/364
|-damage|p2a: Conkedurr|319\/364|[from] Spikes
|turn|12
|
|move|p1a: Swampert|Waterfall|p2a: Conkedurr
|-damage|p2a: Conkedurr|0 fnt
|faint|p2a: Conkedurr
|
|-weather|RainDance|[upkeep]
|-message|skysoki forfeited.
|leave|skysoki
|
|win|Pheonixmaster
|raw|Ladder updating...
|player|p2
|raw|Pheonixmaster's rating: 1511 &rarr; <strong>1525<\/strong><br \/>(+14 for winning)
|raw|skysoki's rating: 1416 &rarr; <strong>1402<\/strong><br \/>(-14 for losing)
|leave|Pheonixmaster
|player|p1
|join|Pheonixmaster