|join|Pheonixmaster
|join|RenNegade
|player|p1|Pheonixmaster|168
|player|p2|RenNegade|196
|gametype|singles
|gen|6
|tier|UU
|rated
|rule|Sleep Clause Mod: Limit one foe put to sleep
|rule|Species Clause: Limit one of each Pokémon
|rule|OHKO Clause: OHKO moves are banned
|rule|Moody Clause: Moody is banned
|rule|Evasion Moves Clause: Evasion moves are banned
|rule|Endless Battle Clause: Forcing endless battles is banned
|rule|HP Percentage Mod: HP is shown in percentages
|clearpoke
|poke|p1|Diancie
|poke|p1|Jirachi
|poke|p1|Krookodile, M
|poke|p1|Chesnaught, M
|poke|p1|Hydreigon, M
|poke|p1|Nidoqueen, F
|poke|p2|Umbreon, F, shiny
|poke|p2|Tentacruel, F
|poke|p2|Flygon, M, shiny
|poke|p2|Swampert, M
|poke|p2|Sceptile, M
|poke|p2|Jirachi, shiny
|rule|Swagger Clause: Swagger is banned
|rule|Baton Pass Clause: Limit one Pokémon knowing Baton Pass
|teampreview
|
|start
|switch|p1a: Chesnaught|Chesnaught, M|380\/380
|switch|p2a: Swampito|Swampert, M|404\/404
|turn|1
|
|switch|p1a: Nidoqueen|Nidoqueen, F|328\/328
|switch|p2a: Medusa|Tentacruel, F|364\/364
|
|turn|2
|
|switch|p2a: Swampito|Swampert, M|404\/404
|move|p1a: Nidoqueen|Earth Power|p2a: Swampito
|-damage|p2a: Swampito|186\/404
|
|-heal|p2a: Swampito|211\/404|[from] item: Leftovers
|turn|3
|
|move|p1a: Nidoqueen|Earth Power|p2a: Swampito
|-damage|p2a: Swampito|0 fnt
|faint|p2a: Swampito
|
|
|switch|p2a: Frygon|Flygon, M, shiny|301\/301
|turn|4
|
|switch|p1a: Chesnaught|Chesnaught, M|380\/380
|move|p2a: Frygon|U-turn|p1a: Chesnaught
|-damage|p1a: Chesnaught|333\/380
|
|switch|p2a: PanDiStelle|Jirachi, shiny|404\/404
|
|-heal|p1a: Chesnaught|356\/380|[from] item: Leftovers
|turn|5
|
|switch|p1a: Nidoqueen|Nidoqueen, F|328\/328
|move|p2a: PanDiStelle|Substitute|p2a: PanDiStelle
|-start|p2a: PanDiStelle|Substitute
|-damage|p2a: PanDiStelle|303\/404
|
|-heal|p2a: PanDiStelle|328\/404|[from] item: Leftovers
|turn|6
|
|move|p2a: PanDiStelle|Psyshock|p1a: Nidoqueen
|-supereffective|p1a: Nidoqueen
|-damage|p1a: Nidoqueen|104\/328
|move|p1a: Nidoqueen|Earth Power|p2a: PanDiStelle
|-supereffective|p2a: PanDiStelle
|-end|p2a: PanDiStelle|Substitute
|
|-heal|p2a: PanDiStelle|353\/404|[from] item: Leftovers
|turn|7
|
|move|p2a: PanDiStelle|Calm Mind|p2a: PanDiStelle
|-boost|p2a: PanDiStelle|spa|1
|-boost|p2a: PanDiStelle|spd|1
|move|p1a: Nidoqueen|Earth Power|p2a: PanDiStelle
|-supereffective|p2a: PanDiStelle
|-damage|p2a: PanDiStelle|96\/404
|
|-heal|p2a: PanDiStelle|121\/404|[from] item: Leftovers
|turn|8
|
|switch|p1a: Krookodile|Krookodile, M|331\/331
|-ability|p1a: Krookodile|Intimidate|[of] p2a: PanDiStelle
|-unboost|p2a: PanDiStelle|atk|1
|move|p2a: PanDiStelle|Moonblast|p1a: Krookodile
|-supereffective|p1a: Krookodile
|-damage|p1a: Krookodile|11\/331
|-unboost|p1a: Krookodile|spa|1
|
|-heal|p2a: PanDiStelle|146\/404|[from] item: Leftovers
|turn|9
|
|move|p1a: Krookodile|Pursuit|p2a: PanDiStelle|[from]Pursuit
|-supereffective|p2a: PanDiStelle
|-damage|p2a: PanDiStelle|0 fnt
|faint|p2a: PanDiStelle
|
|
|switch|p2a: Frygon|Flygon, M, shiny|301\/301
|turn|10
|
|move|p2a: Frygon|U-turn|p1a: Krookodile
|-supereffective|p1a: Krookodile
|-damage|p1a: Krookodile|0 fnt
|faint|p1a: Krookodile
|
|switch|p2a: Medusa|Tentacruel, F|364\/364
|
|
|switch|p1a: Hydreigon|Hydreigon, M|325\/325
|turn|11
|
|switch|p2a: Umbrella|Umbreon, F, shiny|394\/394
|move|p1a: Hydreigon|Dark Pulse|p2a: Umbrella
|-resisted|p2a: Umbrella
|-damage|p2a: Umbrella|339\/394
|-damage|p1a: Hydreigon|293\/325|[from] item: Life Orb
|
|-heal|p2a: Umbrella|363\/394|[from] item: Leftovers
|turn|12
|
|switch|p1a: Diancie|Diancie|241\/241
|move|p2a: Umbrella|Wish|p2a: Umbrella
|
|-heal|p2a: Umbrella|387\/394|[from] item: Leftovers
|turn|13
|
|switch|p2a: Medusa|Tentacruel, F|364\/364
|detailschange|p1a: Diancie|Diancie-Mega
|-mega|p1a: Diancie|Diancie|Diancite
|move|p1a: Diancie|Earth Power|p2a: Medusa
|-supereffective|p2a: Medusa
|-damage|p2a: Medusa|132\/364
|
|-heal|p2a: Medusa|329\/364|[from] move: Wish|[wisher] Umbrella
|-heal|p2a: Medusa|351\/364|[from] item: Black Sludge
|turn|14
|
|move|p1a: Diancie|Earth Power|p2a: Medusa
|-supereffective|p2a: Medusa
|-damage|p2a: Medusa|105\/364
|move|p2a: Medusa|Scald|p1a: Diancie
|-supereffective|p1a: Diancie
|-damage|p1a: Diancie|67\/241
|
|-heal|p2a: Medusa|127\/364|[from] item: Black Sludge
|turn|15
|
|switch|p2a: Frygon|Flygon, M, shiny|301\/301
|move|p1a: Diancie|Diamond Storm|p2a: Frygon
|-resisted|p2a: Frygon
|-damage|p2a: Frygon|181\/301
|
|turn|16
|
|switch|p1a: Nidoqueen|Nidoqueen, F|104\/328
|move|p2a: Frygon|U-turn|p1a: Nidoqueen
|-resisted|p1a: Nidoqueen
|-damage|p1a: Nidoqueen|66\/328
|
|switch|p2a: Racist Tree|Sceptile, M|281\/281
|
|turn|17
|
|detailschange|p2a: Racist Tree|Sceptile-Mega, M
|-mega|p2a: Racist Tree|Sceptile|Sceptilite
|move|p2a: Racist Tree|Giga Drain|p1a: Nidoqueen
|-damage|p1a: Nidoqueen|0 fnt
|faint|p1a: Nidoqueen
|
|
|switch|p1a: Jirachi|Jirachi|341\/341
|turn|18
|
|move|p1a: Jirachi|U-turn|p2a: Racist Tree
|-supereffective|p2a: Racist Tree
|-damage|p2a: Racist Tree|119\/281
|
|switch|p1a: Chesnaught|Chesnaught, M|356\/380
|move|p2a: Racist Tree|Hidden Power|p1a: Chesnaught
|-supereffective|p1a: Chesnaught
|-damage|p1a: Chesnaught|158\/380
|
|-heal|p1a: Chesnaught|181\/380|[from] item: Leftovers
|turn|19
|
|switch|p1a: Jirachi|Jirachi|341\/341
|move|p2a: Racist Tree|Dragon Pulse|p1a: Jirachi
|-resisted|p1a: Jirachi
|-damage|p1a: Jirachi|257\/341
|
|turn|20
|
|switch|p2a: Medusa|Tentacruel, F|127\/364
|move|p1a: Jirachi|U-turn|p2a: Medusa
|-resisted|p2a: Medusa
|-damage|p2a: Medusa|93\/364
|
|switch|p1a: Diancie|Diancie-Mega|67\/241
|
|-heal|p2a: Medusa|115\/364|[from] item: Black Sludge
|turn|21
|
|move|p1a: Diancie|Diamond Storm|p2a: Medusa
|-crit|p2a: Medusa
|-damage|p2a: Medusa|0 fnt
|faint|p2a: Medusa
|
|
|switch|p2a: Racist Tree|Sceptile-Mega, M|119\/281
|turn|22
|
|switch|p1a: Jirachi|Jirachi|257\/341
|move|p2a: Racist Tree|Giga Drain|p1a: Jirachi
|-resisted|p1a: Jirachi
|-damage|p1a: Jirachi|190\/341
|-heal|p2a: Racist Tree|153\/281|[from] drain|[of] p1a: Jirachi
|
|turn|23
|
|switch|p2a: Frygon|Flygon, M, shiny|181\/301
|move|p1a: Jirachi|Iron Head|p2a: Frygon
|-damage|p2a: Frygon|13\/301
|
|turn|24
|
|switch|p1a: Hydreigon|Hydreigon, M|293\/325
|move|p2a: Frygon|Fire Blast|p1a: Hydreigon
|-crit|p1a: Hydreigon
|-resisted|p1a: Hydreigon
|-damage|p1a: Hydreigon|232\/325
|
|turn|25
|
|switch|p2a: Umbrella|Umbreon, F, shiny|387\/394
|switch|p1a: Diancie|Diancie-Mega|67\/241
|
|-heal|p2a: Umbrella|394\/394|[from] item: Leftovers
|turn|26
|
|switch|p1a: Chesnaught|Chesnaught, M|181\/380
|move|p2a: Umbrella|Foul Play|p1a: Chesnaught
|-resisted|p1a: Chesnaught
|-damage|p1a: Chesnaught|146\/380
|
|-heal|p1a: Chesnaught|169\/380|[from] item: Leftovers
|turn|27
|
|switch|p2a: Racist Tree|Sceptile-Mega, M|153\/281
|move|p1a: Chesnaught|Wood Hammer|p2a: Racist Tree
|-resisted|p2a: Racist Tree
|-damage|p2a: Racist Tree|108\/281
|-damage|p1a: Chesnaught|154\/380|[from] recoil|[of] p2a: Racist Tree
|
|-heal|p1a: Chesnaught|177\/380|[from] item: Leftovers
|turn|28
|
|move|p2a: Racist Tree|Hidden Power|p1a: Chesnaught
|-supereffective|p1a: Chesnaught
|-damage|p1a: Chesnaught|0 fnt
|faint|p1a: Chesnaught
|
|
|switch|p1a: Jirachi|Jirachi|190\/341
|turn|29
|
|switch|p2a: Umbrella|Umbreon, F, shiny|394\/394
|move|p1a: Jirachi|U-turn|p2a: Umbrella
|-supereffective|p2a: Umbrella
|-damage|p2a: Umbrella|266\/394
|
|switch|p1a: Diancie|Diancie-Mega|67\/241
|
|-heal|p2a: Umbrella|290\/394|[from] item: Leftovers
|turn|30
|
|move|p1a: Diancie|Moonblast|p2a: Umbrella
|-supereffective|p2a: Umbrella
|-damage|p2a: Umbrella|42\/394
|move|p2a: Umbrella|Foul Play|p1a: Diancie
|-resisted|p1a: Diancie
|-damage|p1a: Diancie|0 fnt
|faint|p1a: Diancie
|
|-heal|p2a: Umbrella|66\/394|[from] item: Leftovers
|
|switch|p1a: Jirachi|Jirachi|190\/341
|turn|31
|
|move|p2a: Umbrella|Protect|p2a: Umbrella
|-singleturn|p2a: Umbrella|Protect
|move|p1a: Jirachi|Iron Head|p2a: Umbrella
|-activate|p2a: Umbrella|Protect
|
|-heal|p2a: Umbrella|90\/394|[from] item: Leftovers
|turn|32
|
|move|p1a: Jirachi|Iron Head|p2a: Umbrella
|-damage|p2a: Umbrella|0 fnt
|faint|p2a: Umbrella
|
|
|switch|p2a: Frygon|Flygon, M, shiny|13\/301
|turn|33
|
|move|p2a: Frygon|Outrage|p1a: Jirachi
|-resisted|p1a: Jirachi
|-damage|p1a: Jirachi|109\/341
|move|p1a: Jirachi|Iron Head|p2a: Frygon
|-damage|p2a: Frygon|0 fnt
|faint|p2a: Frygon
|
|-message|RenNegade forfeited.
|
|win|Pheonixmaster
|raw|Ladder updating...
|leave|RenNegade
|player|p2
|raw|Pheonixmaster's rating: 1531 &rarr; <strong>1543<\/strong><br \/>(+12 for winning)
|raw|RenNegade's rating: 1383 &rarr; <strong>1371<\/strong><br \/>(-12 for losing)