|join|Pheonixmaster
|join|viper994
|player|p1|Pheonixmaster|167
|player|p2|viper994|65
|gametype|singles
|gen|6
|tier|UU
|rated
|rule|Sleep Clause Mod: Limit one foe put to sleep
|rule|Species Clause: Limit one of each Pokémon
|rule|OHKO Clause: OHKO moves are banned
|rule|Moody Clause: Moody is banned
|rule|Evasion Moves Clause: Evasion moves are banned
|rule|Endless Battle Clause: Forcing endless battles is banned
|rule|HP Percentage Mod: HP is shown in percentages
|clearpoke
|poke|p1|Krookodile, M
|poke|p1|Diancie
|poke|p1|Jirachi
|poke|p1|Hydreigon, M
|poke|p1|Celebi
|poke|p1|Crobat, F
|poke|p2|Jirachi
|poke|p2|Arcanine, F
|poke|p2|Vaporeon, M
|poke|p2|Donphan, M
|poke|p2|Shaymin
|poke|p2|Absol, M
|rule|Swagger Clause: Swagger is banned
|rule|Baton Pass Clause: Limit one Pokémon knowing Baton Pass
|teampreview
|
|start
|switch|p1a: Ryuk|Hydreigon, M|325\/325
|switch|p2a: Jirachi|Jirachi|397\/397
|turn|1
|
|switch|p2a: Vaporeon|Vaporeon, M|464\/464
|move|p1a: Ryuk|Dark Pulse|p2a: Vaporeon
|-damage|p2a: Vaporeon|285\/464
|-damage|p1a: Ryuk|293\/325|[from] item: Life Orb
|
|-heal|p2a: Vaporeon|314\/464|[from] item: Leftovers
|turn|2
|
|move|p2a: Vaporeon|Protect|p2a: Vaporeon
|-singleturn|p2a: Vaporeon|Protect
|move|p1a: Ryuk|Draco Meteor|p2a: Vaporeon
|-activate|p2a: Vaporeon|Protect
|
|-heal|p2a: Vaporeon|343\/464|[from] item: Leftovers
|turn|3
|
|move|p1a: Ryuk|Dark Pulse|p2a: Vaporeon
|-damage|p2a: Vaporeon|164\/464
|-damage|p1a: Ryuk|261\/325|[from] item: Life Orb
|cant|p2a: Vaporeon|flinch
|
|-heal|p2a: Vaporeon|193\/464|[from] item: Leftovers
|turn|4
|
|move|p2a: Vaporeon|Protect|p2a: Vaporeon
|-singleturn|p2a: Vaporeon|Protect
|move|p1a: Ryuk|Draco Meteor|p2a: Vaporeon
|-activate|p2a: Vaporeon|Protect
|
|-heal|p2a: Vaporeon|222\/464|[from] item: Leftovers
|turn|5
|
|move|p1a: Ryuk|Draco Meteor|p2a: Vaporeon
|-damage|p2a: Vaporeon|0 fnt
|-unboost|p1a: Ryuk|spa|2
|-damage|p1a: Ryuk|229\/325|[from] item: Life Orb
|faint|p2a: Vaporeon
|
|
|switch|p2a: Shaymin|Shaymin|341\/341
|turn|6
|
|switch|p1a: Crobat|Crobat, F|373\/373
|move|p2a: Shaymin|Air Slash|p1a: Crobat
|-damage|p1a: Crobat|292\/373
|
|turn|7
|
|switch|p2a: Arcanine|Arcanine, F|384\/384
|-ability|p2a: Arcanine|Intimidate|[of] p1a: Crobat
|-unboost|p1a: Crobat|atk|1
|move|p1a: Crobat|U-turn|p2a: Arcanine
|-resisted|p2a: Arcanine
|-damage|p2a: Arcanine|363\/384
|
|switch|p1a: Euphemia|Diancie|241\/241
|
|-heal|p2a: Arcanine|384\/384|[from] item: Leftovers
|turn|8
|
|detailschange|p1a: Euphemia|Diancie-Mega
|-mega|p1a: Euphemia|Diancie|Diancite
|move|p2a: Arcanine|Will-O-Wisp|p1a: Euphemia
|move|p1a: Euphemia|Will-O-Wisp|p2a: Arcanine|[from]Magic Bounce|[miss]
|-miss|p1a: Euphemia|p2a: Arcanine
|move|p1a: Euphemia|Earth Power|p2a: Arcanine
|-supereffective|p2a: Arcanine
|-damage|p2a: Arcanine|152\/384
|-unboost|p2a: Arcanine|spd|1
|
|-heal|p2a: Arcanine|176\/384|[from] item: Leftovers
|turn|9
|
|move|p1a: Euphemia|Diamond Storm|p2a: Arcanine
|-supereffective|p2a: Arcanine
|-damage|p2a: Arcanine|0 fnt
|faint|p2a: Arcanine
|
|
|switch|p2a: Donphan|Donphan, M|384\/384
|turn|10
|
|switch|p1a: Celebi|Celebi|404\/404
|move|p2a: Donphan|Stealth Rock|p1a: Celebi
|-sidestart|p1: Pheonixmaster|move: Stealth Rock
|
|turn|11
|
|switch|p2a: Shaymin|Shaymin|341\/341
|move|p1a: Celebi|Baton Pass|p1a: Celebi
|
|switch|p1a: Crobat|Crobat, F|292\/373
|-damage|p1a: Crobat|199\/373|[from] Stealth Rock
|
|turn|12
|
|switch|p2a: Donphan|Donphan, M|384\/384
|move|p1a: Crobat|Roost|p1a: Crobat
|-heal|p1a: Crobat|373\/373
|
|turn|13
|
|move|p2a: Donphan|Ice Shard|p1a: Crobat
|-supereffective|p1a: Crobat
|-damage|p1a: Crobat|257\/373
|move|p1a: Crobat|U-turn|p2a: Donphan
|-damage|p2a: Donphan|342\/384
|
|switch|p1a: Ryuk|Hydreigon, M|229\/325
|-damage|p1a: Ryuk|189\/325|[from] Stealth Rock
|
|-heal|p2a: Donphan|366\/384|[from] item: Leftovers
|turn|14
|
|move|p2a: Donphan|Ice Shard|p1a: Ryuk
|-supereffective|p1a: Ryuk
|-damage|p1a: Ryuk|77\/325
|move|p1a: Ryuk|Dark Pulse|p2a: Donphan
|-damage|p2a: Donphan|92\/384
|-damage|p1a: Ryuk|45\/325|[from] item: Life Orb
|
|-heal|p2a: Donphan|116\/384|[from] item: Leftovers
|turn|15
|
|switch|p1a: Celebi|Celebi|404\/404
|-damage|p1a: Celebi|354\/404|[from] Stealth Rock
|move|p2a: Donphan|Ice Shard|p1a: Celebi
|-supereffective|p1a: Celebi
|-damage|p1a: Celebi|282\/404
|
|-heal|p1a: Celebi|307\/404|[from] item: Leftovers
|-heal|p2a: Donphan|140\/384|[from] item: Leftovers
|turn|16
|
|move|p2a: Donphan|Ice Shard|p1a: Celebi
|-supereffective|p1a: Celebi
|-damage|p1a: Celebi|235\/404
|move|p1a: Celebi|Giga Drain|p2a: Donphan
|-supereffective|p2a: Donphan
|-damage|p2a: Donphan|0 fnt
|-heal|p1a: Celebi|305\/404|[from] drain|[of] p2a: Donphan
|faint|p2a: Donphan
|
|-heal|p1a: Celebi|330\/404|[from] item: Leftovers
|
|switch|p2a: Absol|Absol, M|271\/271
|turn|17
|
|switch|p1a: Suzaku|Krookodile, M|331\/331
|-damage|p1a: Suzaku|311\/331|[from] Stealth Rock
|-ability|p1a: Suzaku|Intimidate|[of] p2a: Absol
|-unboost|p2a: Absol|atk|1
|detailschange|p2a: Absol|Absol-Mega, M
|-mega|p2a: Absol|Absol|Absolite
|move|p2a: Absol|Knock Off|p1a: Suzaku
|-resisted|p1a: Suzaku
|-damage|p1a: Suzaku|234\/331
|-enditem|p1a: Suzaku|Choice Band|[from] move: Knock Off|[of] p2a: Absol
|
|turn|18
|
|move|p2a: Absol|Swords Dance|p2a: Absol
|-boost|p2a: Absol|atk|2
|move|p1a: Suzaku|Earthquake|p2a: Absol
|-damage|p2a: Absol|12\/271
|
|turn|19
|
|switch|p1a: Ryuk|Hydreigon, M|45\/325
|-damage|p1a: Ryuk|5\/325|[from] Stealth Rock
|move|p2a: Absol|Superpower|p1a: Ryuk
|-supereffective|p1a: Ryuk
|-damage|p1a: Ryuk|0 fnt
|-unboost|p2a: Absol|atk|1
|-unboost|p2a: Absol|def|1
|faint|p1a: Ryuk
|
|
|switch|p1a: Suzaku|Krookodile, M|234\/331
|-damage|p1a: Suzaku|214\/331|[from] Stealth Rock
|-ability|p1a: Suzaku|Intimidate|[of] p2a: Absol
|-unboost|p2a: Absol|atk|1
|turn|20
|
|move|p2a: Absol|Superpower|p1a: Suzaku
|-supereffective|p1a: Suzaku
|-damage|p1a: Suzaku|0 fnt
|-unboost|p2a: Absol|atk|1
|-unboost|p2a: Absol|def|1
|faint|p1a: Suzaku
|
|
|switch|p1a: Euphemia|Diancie-Mega|241\/241
|-damage|p1a: Euphemia|211\/241|[from] Stealth Rock
|turn|21
|
|switch|p2a: Jirachi|Jirachi|397\/397
|move|p1a: Euphemia|Moonblast|p2a: Jirachi
|-resisted|p2a: Jirachi
|-damage|p2a: Jirachi|285\/397
|
|-heal|p2a: Jirachi|309\/397|[from] item: Leftovers
|turn|22
|
|switch|p1a: Rollo|Jirachi|341\/341
|-damage|p1a: Rollo|320\/341|[from] Stealth Rock
|move|p2a: Jirachi|Body Slam|p1a: Rollo
|-resisted|p1a: Rollo
|-damage|p1a: Rollo|277\/341
|
|-heal|p2a: Jirachi|333\/397|[from] item: Leftovers
|turn|23
|
|switch|p2a: Shaymin|Shaymin|341\/341
|move|p1a: Rollo|Fire Punch|p2a: Shaymin
|-supereffective|p2a: Shaymin
|-damage|p2a: Shaymin|191\/341
|
|turn|24
|
|move|p1a: Rollo|Fire Punch|p2a: Shaymin
|-supereffective|p2a: Shaymin
|-damage|p2a: Shaymin|45\/341
|-status|p2a: Shaymin|brn
|move|p2a: Shaymin|Earth Power|p1a: Rollo
|-supereffective|p1a: Rollo
|-damage|p1a: Rollo|54\/341
|
|-damage|p2a: Shaymin|3\/341 brn|[from] brn
|turn|25
|
|switch|p1a: Crobat|Crobat, F|257\/373
|-damage|p1a: Crobat|164\/373|[from] Stealth Rock
|move|p2a: Shaymin|Earth Power|p1a: Crobat
|-immune|p1a: Crobat|[msg]
|
|-damage|p2a: Shaymin|0 fnt|[from] brn
|faint|p2a: Shaymin
|
|switch|p2a: Jirachi|Jirachi|333\/397
|turn|26
|
|move|p1a: Crobat|Roost|p1a: Crobat
|-heal|p1a: Crobat|351\/373
|move|p2a: Jirachi|Zen Headbutt|p1a: Crobat
|-supereffective|p1a: Crobat
|-damage|p1a: Crobat|55\/373
|
|-heal|p2a: Jirachi|357\/397|[from] item: Leftovers
|turn|27
|
|move|p1a: Crobat|Roost|p1a: Crobat
|-heal|p1a: Crobat|242\/373
|move|p2a: Jirachi|Body Slam|p1a: Crobat
|-damage|p1a: Crobat|139\/373
|
|-heal|p2a: Jirachi|381\/397|[from] item: Leftovers
|turn|28
|
|switch|p1a: Celebi|Celebi|330\/404
|-damage|p1a: Celebi|280\/404|[from] Stealth Rock
|move|p2a: Jirachi|Body Slam|p1a: Celebi
|-damage|p1a: Celebi|209\/404
|-status|p1a: Celebi|par
|
|-heal|p2a: Jirachi|397\/397|[from] item: Leftovers
|-heal|p1a: Celebi|234\/404 par|[from] item: Leftovers
|turn|29
|
|move|p2a: Jirachi|Substitute|p2a: Jirachi
|-start|p2a: Jirachi|Substitute
|-damage|p2a: Jirachi|298\/397
|move|p1a: Celebi|Stealth Rock|p2a: Jirachi
|-sidestart|p2: viper994|move: Stealth Rock
|
|-heal|p2a: Jirachi|322\/397|[from] item: Leftovers
|-heal|p1a: Celebi|259\/404 par|[from] item: Leftovers
|turn|30
|
|move|p2a: Jirachi|Zen Headbutt|p1a: Celebi
|-crit|p1a: Celebi
|-resisted|p1a: Celebi
|-damage|p1a: Celebi|182\/404 par
|cant|p1a: Celebi|flinch
|
|-heal|p2a: Jirachi|346\/397|[from] item: Leftovers
|-heal|p1a: Celebi|207\/404 par|[from] item: Leftovers
|turn|31
|
|move|p2a: Jirachi|Iron Head|p1a: Celebi
|-damage|p1a: Celebi|116\/404 par
|cant|p1a: Celebi|flinch
|
|-heal|p2a: Jirachi|370\/397|[from] item: Leftovers
|-heal|p1a: Celebi|141\/404 par|[from] item: Leftovers
|turn|32
|
|move|p2a: Jirachi|Iron Head|p1a: Celebi
|-damage|p1a: Celebi|50\/404 par
|move|p1a: Celebi|Baton Pass|p1a: Celebi
|
|switch|p1a: Euphemia|Diancie-Mega|211\/241
|-damage|p1a: Euphemia|181\/241|[from] Stealth Rock
|
|-heal|p2a: Jirachi|394\/397|[from] item: Leftovers
|turn|33
|
|move|p1a: Euphemia|Earth Power|p2a: Jirachi
|-supereffective|p2a: Jirachi
|-end|p2a: Jirachi|Substitute
|move|p2a: Jirachi|Body Slam|p1a: Euphemia
|-crit|p1a: Euphemia
|-resisted|p1a: Euphemia
|-damage|p1a: Euphemia|121\/241
|-status|p1a: Euphemia|par
|
|-heal|p2a: Jirachi|397\/397|[from] item: Leftovers
|turn|34
|
|move|p2a: Jirachi|Iron Head|p1a: Euphemia
|-supereffective|p1a: Euphemia
|-damage|p1a: Euphemia|0 fnt
|faint|p1a: Euphemia
|
|
|switch|p1a: Rollo|Jirachi|54\/341
|-damage|p1a: Rollo|33\/341|[from] Stealth Rock
|turn|35
|
|move|p1a: Rollo|Fire Punch|p2a: Jirachi
|-supereffective|p2a: Jirachi
|-damage|p2a: Jirachi|237\/397
|-status|p2a: Jirachi|brn
|move|p2a: Jirachi|Body Slam|p1a: Rollo
|-resisted|p1a: Rollo
|-damage|p1a: Rollo|8\/341
|
|-heal|p2a: Jirachi|261\/397 brn|[from] item: Leftovers
|-damage|p2a: Jirachi|212\/397 brn|[from] brn
|turn|36
|
|move|p1a: Rollo|Fire Punch|p2a: Jirachi
|-supereffective|p2a: Jirachi
|-damage|p2a: Jirachi|76\/397 brn
|move|p2a: Jirachi|Body Slam|p1a: Rollo
|-resisted|p1a: Rollo
|-damage|p1a: Rollo|0 fnt
|faint|p1a: Rollo
|
|-heal|p2a: Jirachi|100\/397 brn|[from] item: Leftovers
|-damage|p2a: Jirachi|51\/397 brn|[from] brn
|
|switch|p1a: Crobat|Crobat, F|139\/373
|-damage|p1a: Crobat|46\/373|[from] Stealth Rock
|turn|37
|
|move|p1a: Crobat|Roost|p1a: Crobat
|-heal|p1a: Crobat|233\/373
|move|p2a: Jirachi|Body Slam|p1a: Crobat
|-damage|p1a: Crobat|180\/373
|-status|p1a: Crobat|par
|
|-heal|p2a: Jirachi|75\/397 brn|[from] item: Leftovers
|-damage|p2a: Jirachi|26\/397 brn|[from] brn
|turn|38
|
|move|p2a: Jirachi|Zen Headbutt|p1a: Crobat
|-supereffective|p1a: Crobat
|-damage|p1a: Crobat|24\/373 par
|cant|p1a: Crobat|par
|
|-heal|p2a: Jirachi|50\/397 brn|[from] item: Leftovers
|-damage|p2a: Jirachi|1\/397 brn|[from] brn
|turn|39
|c|★viper994|gg
|c|★Pheonixmaster|gg
|
|move|p2a: Jirachi|Zen Headbutt|p1a: Crobat
|-supereffective|p1a: Crobat
|-damage|p1a: Crobat|0 fnt
|faint|p1a: Crobat
|
|-heal|p2a: Jirachi|25\/397 brn|[from] item: Leftovers
|-damage|p2a: Jirachi|0 fnt|[from] brn
|faint|p2a: Jirachi
|
|switch|p2a: Absol|Absol-Mega, M|12\/271
|switch|p1a: Celebi|Celebi|50\/404
|-damage|p2a: Absol|0 fnt|[from] Stealth Rock
|faint|p2a: Absol
|
|win|Pheonixmaster
|raw|Ladder updating...
|raw|Pheonixmaster's rating: 1424 &rarr; <strong>1432<\/strong><br \/>(+8 for winning)
|raw|viper994's rating: 1183 &rarr; <strong>1173<\/strong><br \/>(-10 for losing)