|join|Hogback_fosh_men
|join|MaatMattos
|player|p1|Hogback_fosh_men|169
|player|p2|MaatMattos|52
|gametype|singles
|gen|6
|tier|OU
|rated
|clearpoke
|poke|p1|Pinsir, F
|poke|p1|Gengar, M, shiny
|poke|p1|Rotom-Wash
|poke|p1|Ferrothorn, F
|poke|p1|Heatran, M
|poke|p1|Conkeldurr, F, shiny
|poke|p2|Manaphy
|poke|p2|Keldeo-Resolute
|poke|p2|Cresselia, F
|poke|p2|Mamoswine, F
|poke|p2|Landorus-Therian, M
|poke|p2|Alakazam, M
|rule|Swagger Clause: Swagger is banned
|rule|Baton Pass Clause: Limit one Pokémon knowing Baton Pass
|rule|Sleep Clause Mod: Limit one foe put to sleep
|rule|Species Clause: Limit one of each Pokémon
|rule|OHKO Clause: OHKO moves are banned
|rule|Moody Clause: Moody is banned
|rule|Evasion Moves Clause: Evasion moves are banned
|rule|Endless Battle Clause: Forcing endless battles is banned
|rule|HP Percentage Mod: HP is shown in percentages
|teampreview
|
|start
|switch|p1a: Ferrothorn|Ferrothorn, F|352\/352
|switch|p2a: Mamoswine|Mamoswine, F|361\/361
|turn|1
|
|move|p2a: Mamoswine|Stealth Rock|p1a: Ferrothorn
|-sidestart|p1: Hogback_fosh_men|move: Stealth Rock
|move|p1a: Ferrothorn|Stealth Rock|p2a: Mamoswine
|-sidestart|p2: MaatMattos|move: Stealth Rock
|
|turn|2
|
|switch|p2a: Keldeo-Resolute|Keldeo-Resolute|323\/323
|-damage|p2a: Keldeo-Resolute|303\/323|[from] Stealth Rock
|move|p1a: Ferrothorn|Gyro Ball|p2a: Keldeo-Resolute
|-resisted|p2a: Keldeo-Resolute
|-damage|p2a: Keldeo-Resolute|216\/323
|
|-heal|p2a: Keldeo-Resolute|236\/323|[from] item: Leftovers
|turn|3
|
|switch|p1a: Nightmare|Gengar, M, shiny|262\/262
|-damage|p1a: Nightmare|230\/262|[from] Stealth Rock
|move|p2a: Keldeo-Resolute|Substitute|p2a: Keldeo-Resolute
|-start|p2a: Keldeo-Resolute|Substitute
|-damage|p2a: Keldeo-Resolute|156\/323
|
|-heal|p2a: Keldeo-Resolute|176\/323|[from] item: Leftovers
|turn|4
|
|move|p1a: Nightmare|Shadow Ball|p2a: Keldeo-Resolute
|-end|p2a: Keldeo-Resolute|Substitute
|move|p2a: Keldeo-Resolute|Calm Mind|p2a: Keldeo-Resolute
|-boost|p2a: Keldeo-Resolute|spa|1
|-boost|p2a: Keldeo-Resolute|spd|1
|
|-heal|p2a: Keldeo-Resolute|196\/323|[from] item: Leftovers
|turn|5
|
|move|p1a: Nightmare|Shadow Ball|p2a: Keldeo-Resolute
|-damage|p2a: Keldeo-Resolute|36\/323
|move|p2a: Keldeo-Resolute|Scald|p1a: Nightmare
|-damage|p1a: Nightmare|0 fnt
|faint|p1a: Nightmare
|
|-heal|p2a: Keldeo-Resolute|56\/323|[from] item: Leftovers
|
|switch|p1a: Pinsir|Pinsir, F|272\/272
|-damage|p1a: Pinsir|204\/272|[from] Stealth Rock
|turn|6
|
|switch|p2a: Landorus-Therian|Landorus-Therian, M|381\/381
|-damage|p2a: Landorus-Therian|334\/381|[from] Stealth Rock
|-ability|p2a: Landorus-Therian|Intimidate|[of] p1a: Pinsir
|-unboost|p1a: Pinsir|atk|1
|detailschange|p1a: Pinsir|Pinsir-Mega, F
|message|Pinsir has Mega Evolved into Mega Pinsir!
|move|p1a: Pinsir|Quick Attack|p2a: Landorus-Therian
|-damage|p2a: Landorus-Therian|276\/381
|-damage|p1a: Pinsir|159\/272|[from] item: Rocky Helmet|[of] p2a: Landorus-Therian
|
|turn|7
|
|move|p1a: Pinsir|Return|p2a: Landorus-Therian
|-damage|p2a: Landorus-Therian|135\/381
|-damage|p1a: Pinsir|114\/272|[from] item: Rocky Helmet|[of] p2a: Landorus-Therian
|move|p2a: Landorus-Therian|U-turn|p1a: Pinsir
|-resisted|p1a: Pinsir
|-damage|p1a: Pinsir|80\/272
|
|switch|p2a: Keldeo-Resolute|Keldeo-Resolute|56\/323
|-damage|p2a: Keldeo-Resolute|36\/323|[from] Stealth Rock
|
|-heal|p2a: Keldeo-Resolute|56\/323|[from] item: Leftovers
|turn|8
|
|switch|p2a: Landorus-Therian|Landorus-Therian, M|135\/381
|-damage|p2a: Landorus-Therian|88\/381|[from] Stealth Rock
|-ability|p2a: Landorus-Therian|Intimidate|[of] p1a: Pinsir
|-unboost|p1a: Pinsir|atk|1
|move|p1a: Pinsir|Quick Attack|p2a: Landorus-Therian
|-damage|p2a: Landorus-Therian|49\/381
|-damage|p1a: Pinsir|35\/272|[from] item: Rocky Helmet|[of] p2a: Landorus-Therian
|
|turn|9
|
|move|p1a: Pinsir|Return|p2a: Landorus-Therian
|-damage|p2a: Landorus-Therian|0 fnt
|-damage|p1a: Pinsir|0 fnt|[from] item: Rocky Helmet|[of] p2a: Landorus-Therian
|faint|p1a: Pinsir
|faint|p2a: Landorus-Therian
|
|
|switch|p2a: Keldeo-Resolute|Keldeo-Resolute|56\/323
|-damage|p2a: Keldeo-Resolute|36\/323|[from] Stealth Rock
|switch|p1a: Ferrothorn|Ferrothorn, F|352\/352
|-damage|p1a: Ferrothorn|330\/352|[from] Stealth Rock
|turn|10
|
|move|p2a: Keldeo-Resolute|Secret Sword|p1a: Ferrothorn
|-supereffective|p1a: Ferrothorn
|-damage|p1a: Ferrothorn|94\/352
|move|p1a: Ferrothorn|Gyro Ball|p2a: Keldeo-Resolute
|-resisted|p2a: Keldeo-Resolute
|-damage|p2a: Keldeo-Resolute|0 fnt
|faint|p2a: Keldeo-Resolute
|
|
|switch|p2a: Mamoswine|Mamoswine, F|361\/361
|-damage|p2a: Mamoswine|316\/361|[from] Stealth Rock
|turn|11
|
|move|p2a: Mamoswine|Earthquake|p1a: Ferrothorn
|-damage|p1a: Ferrothorn|0 fnt
|faint|p1a: Ferrothorn
|
|
|switch|p1a: UncleRucus|Conkeldurr, F, shiny|402\/402
|-damage|p1a: UncleRucus|377\/402|[from] Stealth Rock
|turn|12
|
|move|p2a: Mamoswine|Earthquake|p1a: UncleRucus
|-damage|p1a: UncleRucus|175\/402
|move|p1a: UncleRucus|Knock Off|p2a: Mamoswine
|-damage|p2a: Mamoswine|151\/361
|-enditem|p2a: Mamoswine|Focus Sash|[from] move: Knock Off|[of] p1a: UncleRucus
|
|turn|13
|
|move|p1a: UncleRucus|Mach Punch|p2a: Mamoswine
|-supereffective|p2a: Mamoswine
|-damage|p2a: Mamoswine|0 fnt
|faint|p2a: Mamoswine
|
|
|switch|p2a: Alakazam|Alakazam, M|251\/251
|turn|14
|
|detailschange|p2a: Alakazam|Alakazam-Mega, M
|message|Alakazam has Mega Evolved into Mega Alakazam!
|-ability|p2a: Alakazam|Guts|[from] ability: Trace|[of] p1a: UncleRucus
|move|p2a: Alakazam|Psyshock|p1a: UncleRucus
|-supereffective|p1a: UncleRucus
|-damage|p1a: UncleRucus|0 fnt
|faint|p1a: UncleRucus
|
|
|switch|p1a: Heatran|Heatran, M|324\/324
|-damage|p1a: Heatran|284\/324|[from] Stealth Rock
|turn|15
|
|switch|p2a: Cresselia|Cresselia, F|444\/444
|-damage|p2a: Cresselia|389\/444|[from] Stealth Rock
|move|p1a: Heatran|Lava Plume|p2a: Cresselia
|-damage|p2a: Cresselia|299\/444
|-status|p2a: Cresselia|brn
|
|-heal|p1a: Heatran|304\/324|[from] item: Leftovers
|-damage|p2a: Cresselia|244\/444 brn|[from] brn
|turn|16
|
|move|p1a: Heatran|Lava Plume|p2a: Cresselia
|-damage|p2a: Cresselia|165\/444 brn
|move|p2a: Cresselia|Thunder Wave|p1a: Heatran
|-status|p1a: Heatran|par
|
|-heal|p1a: Heatran|324\/324 par|[from] item: Leftovers
|-damage|p2a: Cresselia|110\/444 brn|[from] brn
|turn|17
|
|move|p2a: Cresselia|Light Screen|p2a: Cresselia
|-sidestart|p2: MaatMattos|move: Light Screen
|move|p1a: Heatran|Lava Plume|p2a: Cresselia
|-damage|p2a: Cresselia|66\/444 brn
|
|-damage|p2a: Cresselia|11\/444 brn|[from] brn
|turn|18
|
|switch|p1a: Rotom-Wash|Rotom-Wash|242\/242
|-damage|p1a: Rotom-Wash|212\/242|[from] Stealth Rock
|move|p2a: Cresselia|Lunar Dance|p2a: Cresselia
|faint|p2a: Cresselia
|
|
|switch|p2a: Alakazam|Alakazam-Mega, M|251\/251
|-heal|p2a: Alakazam|251\/251|[from] move: Lunar Dance
|-damage|p2a: Alakazam|220\/251|[from] Stealth Rock
|-ability|p2a: Alakazam|Levitate|[from] ability: Trace|[of] p1a: Rotom-Wash
|turn|19
|
|move|p1a: Rotom-Wash|Volt Switch|p2a: Alakazam
|-damage|p2a: Alakazam|154\/251
|
|switch|p1a: Heatran|Heatran, M|324\/324 par
|-damage|p1a: Heatran|284\/324 par|[from] Stealth Rock
|move|p2a: Alakazam|Psyshock|p1a: Heatran
|-resisted|p1a: Heatran
|-damage|p1a: Heatran|194\/324 par
|
|-heal|p1a: Heatran|214\/324 par|[from] item: Leftovers
|turn|20
|
|switch|p2a: Manaphy|Manaphy|373\/373
|-damage|p2a: Manaphy|327\/373|[from] Stealth Rock
|cant|p1a: Heatran|par
|
|-heal|p2a: Manaphy|350\/373|[from] item: Leftovers
|-heal|p1a: Heatran|234\/324 par|[from] item: Leftovers
|turn|21
|
|move|p2a: Manaphy|Tail Glow|p2a: Manaphy
|-boost|p2a: Manaphy|spa|3
|move|p1a: Heatran|Lava Plume|p2a: Manaphy
|-crit|p2a: Manaphy
|-resisted|p2a: Manaphy
|-damage|p2a: Manaphy|239\/373
|-status|p2a: Manaphy|brn
|
|-heal|p2a: Manaphy|262\/373 brn|[from] item: Leftovers
|-heal|p1a: Heatran|254\/324 par|[from] item: Leftovers
|-damage|p2a: Manaphy|216\/373 brn|[from] brn
|turn|22
|c|★MaatMattos|wow lol
|
|move|p1a: Heatran|Protect|p1a: Heatran
|-singleturn|p1a: Heatran|Protect
|move|p2a: Manaphy|Rain Dance|p2a: Manaphy
|-weather|RainDance
|
|-weather|RainDance|[upkeep]
|-curestatus|p2a: Manaphy|brn
|-heal|p2a: Manaphy|239\/373|[from] item: Leftovers
|-heal|p1a: Heatran|274\/324 par|[from] item: Leftovers
|turn|23
|
|move|p1a: Heatran|Protect|p1a: Heatran
|-singleturn|p1a: Heatran|Protect
|move|p2a: Manaphy|Scald|p1a: Heatran
|-activate|p1a: Heatran|Protect
|
|-weather|RainDance|[upkeep]
|-heal|p2a: Manaphy|262\/373|[from] item: Leftovers
|-heal|p1a: Heatran|294\/324 par|[from] item: Leftovers
|turn|24
|
|cant|p1a: Heatran|par
|move|p2a: Manaphy|Scald|p1a: Heatran
|-supereffective|p1a: Heatran
|-damage|p1a: Heatran|0 fnt
|faint|p1a: Heatran
|
|-weather|RainDance|[upkeep]
|-heal|p2a: Manaphy|285\/373|[from] item: Leftovers
|-sideend|p2: MaatMattos|move: Light Screen
|
|switch|p1a: Rotom-Wash|Rotom-Wash|212\/242
|-damage|p1a: Rotom-Wash|182\/242|[from] Stealth Rock
|turn|25
|
|move|p1a: Rotom-Wash|Thunderbolt|p2a: Manaphy
|-supereffective|p2a: Manaphy
|-damage|p2a: Manaphy|0 fnt
|faint|p2a: Manaphy
|
|-weather|RainDance|[upkeep]
|
|switch|p2a: Alakazam|Alakazam-Mega, M|154\/251
|-damage|p2a: Alakazam|123\/251|[from] Stealth Rock
|-ability|p2a: Alakazam|Levitate|[from] ability: Trace|[of] p1a: Rotom-Wash
|turn|26
|
|move|p1a: Rotom-Wash|Thunderbolt|p2a: Alakazam
|-damage|p2a: Alakazam|0 fnt
|faint|p2a: Alakazam
|
|win|Hogback_fosh_men
|raw|Ladder updating...
|raw|Hogback_fosh_men's rating: 1870 &rarr; <strong>1886<\/strong><br \/>(+16 for winning)
|raw|MaatMattos's rating: 1797 &rarr; <strong>1781<\/strong><br \/>(-16 for losing)
|c|★Hogback_fosh_men|gg