|join|LT4A xray
|join|MaatMattos
|player|p1|LT4A xray|76
|player|p2|MaatMattos|52
|gametype|singles
|gen|6
|tier|OU
|rated
|clearpoke
|poke|p1|Alakazam, F
|poke|p1|Heatran, F
|poke|p1|Breloom, F
|poke|p1|Landorus-Therian, M
|poke|p1|Latios, M
|poke|p1|Azumarill, F
|poke|p2|Manaphy
|poke|p2|Keldeo-Resolute
|poke|p2|Cresselia, F
|poke|p2|Landorus-Therian, M
|poke|p2|Pinsir, F
|poke|p2|Excadrill, F
|rule|Swagger Clause: Swagger is banned
|rule|Baton Pass Clause: Limit one Pokémon knowing Baton Pass
|rule|Sleep Clause Mod: Limit one foe put to sleep
|rule|Species Clause: Limit one of each Pokémon
|rule|OHKO Clause: OHKO moves are banned
|rule|Moody Clause: Moody is banned
|rule|Evasion Moves Clause: Evasion moves are banned
|rule|Endless Battle Clause: Forcing endless battles is banned
|rule|HP Percentage Mod: HP is shown in percentages
|teampreview
|
|start
|switch|p1a: Landorus-Therian|Landorus-Therian, M|364\/364
|switch|p2a: Keldeo-Resolute|Keldeo-Resolute|323\/323
|-ability|p1a: Landorus-Therian|Intimidate|[of] p2a: Keldeo-Resolute
|-unboost|p2a: Keldeo-Resolute|atk|1
|turn|1
|
|switch|p1a: Latios|Latios, M|302\/302
|move|p2a: Keldeo-Resolute|Scald|p1a: Latios
|-resisted|p1a: Latios
|-damage|p1a: Latios|233\/302
|
|turn|2
|
|switch|p2a: Cresselia|Cresselia, F|444\/444
|move|p1a: Latios|Draco Meteor|p2a: Cresselia
|-crit|p2a: Cresselia
|-damage|p2a: Cresselia|154\/444
|-unboost|p1a: Latios|spa|2
|-damage|p1a: Latios|203\/302|[from] item: Life Orb
|
|turn|3
|
|switch|p1a: Landorus-Therian|Landorus-Therian, M|364\/364
|-ability|p1a: Landorus-Therian|Intimidate|[of] p2a: Cresselia
|-unboost|p2a: Cresselia|atk|1
|move|p2a: Cresselia|Reflect|p2a: Cresselia
|-sidestart|p2: MaatMattos|Reflect
|
|turn|4
|
|move|p1a: Landorus-Therian|Knock Off|p2a: Cresselia
|-supereffective|p2a: Cresselia
|-damage|p2a: Cresselia|64\/444
|-enditem|p2a: Cresselia|Light Clay|[from] move: Knock Off|[of] p1a: Landorus-Therian
|move|p2a: Cresselia|Light Screen|p2a: Cresselia
|-sidestart|p2: MaatMattos|move: Light Screen
|
|turn|5
|
|move|p1a: Landorus-Therian|U-turn|p2a: Cresselia
|-supereffective|p2a: Cresselia
|-damage|p2a: Cresselia|1\/444
|
|switch|p1a: Breloom|Breloom, F|262\/262
|move|p2a: Cresselia|Lunar Dance|p2a: Cresselia
|faint|p2a: Cresselia
|
|
|switch|p2a: Pinsir|Pinsir, F|272\/272
|-heal|p2a: Pinsir|272\/272|[from] move: Lunar Dance
|turn|6
|
|switch|p1a: Landorus-Therian|Landorus-Therian, M|364\/364
|-ability|p1a: Landorus-Therian|Intimidate|[of] p2a: Pinsir
|-fail|p2a: Pinsir|unboost|Attack|[from] ability: Hyper Cutter|[of] p2a: Pinsir
|detailschange|p2a: Pinsir|Pinsir-Mega, F
|message|Pinsir has Mega Evolved into Mega Pinsir!
|move|p2a: Pinsir|Swords Dance|p2a: Pinsir
|-boost|p2a: Pinsir|atk|2
|
|turn|7
|
|move|p2a: Pinsir|Frustration|p1a: Landorus-Therian
|-damage|p1a: Landorus-Therian|0 fnt
|faint|p1a: Landorus-Therian
|
|
|switch|p1a: Heatran|Heatran, F|329\/329
|turn|8
|
|move|p1a: Heatran|Overheat|p2a: Pinsir
|-supereffective|p2a: Pinsir
|-damage|p2a: Pinsir|31\/272
|-unboost|p1a: Heatran|spa|2
|move|p2a: Pinsir|Close Combat|p1a: Heatran
|-supereffective|p1a: Heatran
|-damage|p1a: Heatran|0 fnt
|-unboost|p2a: Pinsir|def|1
|-unboost|p2a: Pinsir|spd|1
|faint|p1a: Heatran
|
|-sideend|p2: MaatMattos|move: Light Screen
|
|switch|p1a: Azumarill|Azumarill, F|390\/390
|turn|9
|
|move|p2a: Pinsir|Quick Attack|p1a: Azumarill
|-damage|p1a: Azumarill|114\/390
|move|p1a: Azumarill|Aqua Jet|p2a: Pinsir
|-crit|p2a: Pinsir
|-damage|p2a: Pinsir|0 fnt
|faint|p2a: Pinsir
|
|
|switch|p2a: Landorus-Therian|Landorus-Therian, M|381\/381
|-ability|p2a: Landorus-Therian|Intimidate|[of] p1a: Azumarill
|-unboost|p1a: Azumarill|atk|1
|turn|10
|
|switch|p1a: Latios|Latios, M|203\/302
|move|p2a: Landorus-Therian|Stealth Rock|p1a: Latios
|-sidestart|p1: LT4A xray|move: Stealth Rock
|
|-sideend|p2: MaatMattos|Reflect
|turn|11
|
|move|p1a: Latios|Draco Meteor|p2a: Landorus-Therian
|-damage|p2a: Landorus-Therian|7\/381
|-unboost|p1a: Latios|spa|2
|-damage|p1a: Latios|173\/302|[from] item: Life Orb
|move|p2a: Landorus-Therian|U-turn|p1a: Latios
|-supereffective|p1a: Latios
|-damage|p1a: Latios|0 fnt
|faint|p1a: Latios
|
|switch|p2a: Excadrill|Excadrill, F|361\/361
|-ability|p2a: Excadrill|Mold Breaker
|-item|p2a: Excadrill|Air Balloon
|
|
|switch|p1a: Azumarill|Azumarill, F|114\/390
|-damage|p1a: Azumarill|66\/390|[from] Stealth Rock
|turn|12
|
|move|p1a: Azumarill|Aqua Jet|p2a: Excadrill
|-supereffective|p2a: Excadrill
|-damage|p2a: Excadrill|107\/361
|-enditem|p2a: Excadrill|Air Balloon
|move|p2a: Excadrill|Iron Head|p1a: Azumarill
|-damage|p1a: Azumarill|0 fnt
|faint|p1a: Azumarill
|
|
|switch|p1a: Alakazam|Alakazam, F|251\/251
|turn|13
|
|detailschange|p1a: Alakazam|Alakazam-Mega, F
|message|Alakazam has Mega Evolved into Mega Alakazam!
|-ability|p1a: Alakazam|Mold Breaker|[from] ability: Trace|[of] p2a: Excadrill
|-ability|p1a: Alakazam|Mold Breaker
|move|p1a: Alakazam|Shadow Ball|p2a: Excadrill
|-damage|p2a: Excadrill|0 fnt
|faint|p2a: Excadrill
|
|
|switch|p2a: Manaphy|Manaphy|373\/373
|turn|14
|
|switch|p1a: Breloom|Breloom, F|262\/262
|-damage|p1a: Breloom|246\/262|[from] Stealth Rock
|move|p2a: Manaphy|Scald|p1a: Breloom
|-resisted|p1a: Breloom
|-damage|p1a: Breloom|146\/262
|-status|p1a: Breloom|brn
|
|-damage|p1a: Breloom|114\/262 brn|[from] brn
|turn|15
|
|move|p2a: Manaphy|Psychic|p1a: Breloom
|-supereffective|p1a: Breloom
|-damage|p1a: Breloom|0 fnt
|faint|p1a: Breloom
|
|
|switch|p1a: Alakazam|Alakazam-Mega, F|251\/251
|-damage|p1a: Alakazam|220\/251|[from] Stealth Rock
|-ability|p1a: Alakazam|Hydration|[from] ability: Trace|[of] p2a: Manaphy
|turn|16
|
|move|p1a: Alakazam|Psychic|p2a: Manaphy
|-damage|p2a: Manaphy|165\/373
|move|p2a: Manaphy|Scald|p1a: Alakazam
|-damage|p1a: Alakazam|75\/251
|-status|p1a: Alakazam|brn
|
|-heal|p2a: Manaphy|188\/373|[from] item: Leftovers
|-damage|p1a: Alakazam|44\/251 brn|[from] brn
|turn|17
|
|switch|p2a: Landorus-Therian|Landorus-Therian, M|7\/381
|-ability|p2a: Landorus-Therian|Intimidate|[of] p1a: Alakazam
|-unboost|p1a: Alakazam|atk|1
|move|p1a: Alakazam|Psychic|p2a: Landorus-Therian
|-damage|p2a: Landorus-Therian|0 fnt
|faint|p2a: Landorus-Therian
|
|-damage|p1a: Alakazam|13\/251 brn|[from] brn
|c|★LT4A xray|wow....
|
|switch|p2a: Manaphy|Manaphy|188\/373
|turn|18
|
|move|p1a: Alakazam|Psychic|p2a: Manaphy
|-damage|p2a: Manaphy|0 fnt
|faint|p2a: Manaphy
|
|-damage|p1a: Alakazam|0 fnt|[from] brn
|faint|p1a: Alakazam
|
|win|MaatMattos
|raw|Ladder updating...
|raw|LT4A xray's rating: 1780 &rarr; <strong>1762<\/strong><br \/>(-18 for losing)
|raw|MaatMattos's rating: 1809 &rarr; <strong>1828<\/strong><br \/>(+19 for winning)
|c|★MaatMattos|gg
|c|★LT4A xray|nice win
|c|★MaatMattos|t y
|leave|MaatMattos
|player|p2