|join|MaatMattos
|join|u got topor'ed
|player|p1|MaatMattos|52
|player|p2|u got topor'ed|167
|gametype|singles
|gen|6
|tier|OU
|rated
|clearpoke
|poke|p1|Manaphy
|poke|p1|Jirachi
|poke|p1|Keldeo-Resolute
|poke|p1|Cresselia, F
|poke|p1|Landorus-Therian, M
|poke|p1|Medicham, F
|poke|p2|Bisharp, F
|poke|p2|Venusaur, M
|poke|p2|Heatran, F
|poke|p2|Keldeo
|poke|p2|Chansey, F
|poke|p2|Skarmory, F
|rule|Swagger Clause: Swagger is banned
|rule|Baton Pass Clause: Limit one Pokémon knowing Baton Pass
|rule|Sleep Clause Mod: Limit one foe put to sleep
|rule|Species Clause: Limit one of each Pokémon
|rule|OHKO Clause: OHKO moves are banned
|rule|Moody Clause: Moody is banned
|rule|Evasion Moves Clause: Evasion moves are banned
|rule|Endless Battle Clause: Forcing endless battles is banned
|rule|HP Percentage Mod: HP is shown in percentages
|teampreview
|
|start
|switch|p1a: Jirachi|Jirachi|397\/397
|switch|p2a: Skarmory|Skarmory, F|334\/334
|turn|1
|join|LT2A HighWish
|
|move|p1a: Jirachi|Body Slam|p2a: Skarmory
|-resisted|p2a: Skarmory
|-damage|p2a: Skarmory|305\/334
|-damage|p1a: Jirachi|331\/397|[from] item: Rocky Helmet|[of] p2a: Skarmory
|move|p2a: Skarmory|Spikes|p1a: Jirachi
|-sidestart|p1: MaatMattos|Spikes
|
|-heal|p1a: Jirachi|355\/397|[from] item: Leftovers
|turn|2
|
|move|p1a: Jirachi|Body Slam|p2a: Skarmory
|-resisted|p2a: Skarmory
|-damage|p2a: Skarmory|278\/334
|-damage|p1a: Jirachi|289\/397|[from] item: Rocky Helmet|[of] p2a: Skarmory
|-status|p2a: Skarmory|par
|cant|p2a: Skarmory|par
|
|-heal|p1a: Jirachi|313\/397|[from] item: Leftovers
|turn|3
|
|switch|p1a: Manaphy|Manaphy|373\/373
|-damage|p1a: Manaphy|327\/373|[from] Spikes
|move|p2a: Skarmory|Spikes|p1a: Manaphy
|-sidestart|p1: MaatMattos|Spikes
|
|-heal|p1a: Manaphy|350\/373|[from] item: Leftovers
|turn|4
|
|switch|p2a: Chansey|Chansey, F|684\/684
|move|p1a: Manaphy|Tail Glow|p1a: Manaphy
|-boost|p1a: Manaphy|spa|3
|
|-heal|p1a: Manaphy|373\/373|[from] item: Leftovers
|turn|5
|
|move|p1a: Manaphy|Tail Glow|p1a: Manaphy
|-boost|p1a: Manaphy|spa|3
|move|p2a: Chansey|Seismic Toss|p1a: Manaphy
|-damage|p1a: Manaphy|273\/373
|
|-heal|p1a: Manaphy|296\/373|[from] item: Leftovers
|turn|6
|
|move|p1a: Manaphy|Rain Dance|p1a: Manaphy
|-weather|RainDance
|move|p2a: Chansey|Seismic Toss|p1a: Manaphy
|-damage|p1a: Manaphy|196\/373
|
|-weather|RainDance|[upkeep]
|-heal|p1a: Manaphy|219\/373|[from] item: Leftovers
|turn|7
|
|move|p1a: Manaphy|Scald|p2a: Chansey
|-damage|p2a: Chansey|246\/684
|-status|p2a: Chansey|brn
|move|p2a: Chansey|Seismic Toss|p1a: Manaphy
|-damage|p1a: Manaphy|119\/373
|
|-weather|RainDance|[upkeep]
|-heal|p1a: Manaphy|142\/373|[from] item: Leftovers
|-damage|p2a: Chansey|161\/684 brn|[from] brn
|turn|8
|
|move|p1a: Manaphy|Scald|p2a: Chansey
|-damage|p2a: Chansey|0 fnt
|faint|p2a: Chansey
|
|-weather|RainDance|[upkeep]
|-heal|p1a: Manaphy|165\/373|[from] item: Leftovers
|
|switch|p2a: Keldeo|Keldeo|323\/323
|turn|9
|
|switch|p1a: Cresselia|Cresselia, F|444\/444
|move|p2a: Keldeo|Secret Sword|p1a: Cresselia
|-resisted|p1a: Cresselia
|-damage|p1a: Cresselia|378\/444
|
|-weather|RainDance|[upkeep]
|turn|10
|
|switch|p2a: Skarmory|Skarmory, F|278\/334 par
|move|p1a: Cresselia|Thunder Wave|p2a: Skarmory
|-fail|p2a: Skarmory|par
|
|-weather|none
|turn|11
|
|move|p1a: Cresselia|Reflect|p1a: Cresselia
|-sidestart|p1: MaatMattos|Reflect
|cant|p2a: Skarmory|par
|
|turn|12
|
|move|p1a: Cresselia|Light Screen|p1a: Cresselia
|-sidestart|p1: MaatMattos|move: Light Screen
|move|p2a: Skarmory|Spikes|p1a: Cresselia
|-sidestart|p1: MaatMattos|Spikes
|
|turn|13
|
|switch|p1a: Keldeo-Resolute|Keldeo-Resolute|323\/323
|-damage|p1a: Keldeo-Resolute|243\/323|[from] Spikes
|switch|p2a: Heatran|Heatran, F|340\/340
|-item|p2a: Heatran|Air Balloon
|
|-heal|p1a: Keldeo-Resolute|263\/323|[from] item: Leftovers
|turn|14
|
|switch|p2a: Venusaur|Venusaur, M|364\/364
|move|p1a: Keldeo-Resolute|Calm Mind|p1a: Keldeo-Resolute
|-boost|p1a: Keldeo-Resolute|spa|1
|-boost|p1a: Keldeo-Resolute|spd|1
|
|-heal|p1a: Keldeo-Resolute|283\/323|[from] item: Leftovers
|turn|15
|
|detailschange|p2a: Venusaur|Venusaur-Mega, M
|message|Venusaur has Mega Evolved into Mega Venusaur!
|move|p1a: Keldeo-Resolute|Substitute|p1a: Keldeo-Resolute
|-start|p1a: Keldeo-Resolute|Substitute
|-damage|p1a: Keldeo-Resolute|203\/323
|move|p2a: Venusaur|Giga Drain|p1a: Keldeo-Resolute
|-supereffective|p1a: Keldeo-Resolute
|-end|p1a: Keldeo-Resolute|Substitute
|
|-heal|p1a: Keldeo-Resolute|223\/323|[from] item: Leftovers
|turn|16
|
|move|p1a: Keldeo-Resolute|Scald|p2a: Venusaur
|-resisted|p2a: Venusaur
|-damage|p2a: Venusaur|274\/364
|move|p2a: Venusaur|Leech Seed|p1a: Keldeo-Resolute
|-start|p1a: Keldeo-Resolute|move: Leech Seed
|
|-heal|p1a: Keldeo-Resolute|243\/323|[from] item: Leftovers
|-damage|p1a: Keldeo-Resolute|203\/323|[from] Leech Seed|[of] p2a: Venusaur
|-heal|p2a: Venusaur|314\/364|[silent]
|turn|17
|
|switch|p1a: Jirachi|Jirachi|313\/397
|-damage|p1a: Jirachi|214\/397|[from] Spikes
|move|p2a: Venusaur|Giga Drain|p1a: Jirachi
|-resisted|p1a: Jirachi
|-damage|p1a: Jirachi|190\/397
|-heal|p2a: Venusaur|326\/364|[from] drain|[of] p1a: Jirachi
|
|-heal|p1a: Jirachi|214\/397|[from] item: Leftovers
|turn|18
|
|switch|p2a: Skarmory|Skarmory, F|278\/334 par
|move|p1a: Jirachi|Body Slam|p2a: Skarmory
|-resisted|p2a: Skarmory
|-damage|p2a: Skarmory|246\/334 par
|-damage|p1a: Jirachi|148\/397|[from] item: Rocky Helmet|[of] p2a: Skarmory
|
|-heal|p1a: Jirachi|172\/397|[from] item: Leftovers
|-sideend|p1: MaatMattos|Reflect
|turn|19
|
|move|p1a: Jirachi|Healing Wish|p1a: Jirachi
|faint|p1a: Jirachi
|move|p2a: Skarmory|Whirlwind|p1: Jirachi|[notarget]
|-notarget
|
|-sideend|p1: MaatMattos|move: Light Screen
|
|switch|p1a: Manaphy|Manaphy|165\/373
|-heal|p1a: Manaphy|373\/373|[from] move: Healing Wish
|-damage|p1a: Manaphy|280\/373|[from] Spikes
|turn|20
|
|move|p1a: Manaphy|Scald|p2a: Skarmory
|-damage|p2a: Skarmory|99\/334 par
|move|p2a: Skarmory|Whirlwind|p1a: Manaphy
|drag|p1a: Keldeo-Resolute|Keldeo-Resolute|203\/323
|-damage|p1a: Keldeo-Resolute|123\/323|[from] Spikes
|
|-heal|p1a: Keldeo-Resolute|143\/323|[from] item: Leftovers
|turn|21
|
|switch|p2a: Venusaur|Venusaur-Mega, M|326\/364
|move|p1a: Keldeo-Resolute|Scald|p2a: Venusaur
|-resisted|p2a: Venusaur
|-damage|p2a: Venusaur|262\/364
|
|-heal|p1a: Keldeo-Resolute|163\/323|[from] item: Leftovers
|turn|22
|
|move|p1a: Keldeo-Resolute|Scald|p2a: Venusaur
|-resisted|p2a: Venusaur
|-damage|p2a: Venusaur|196\/364
|-status|p2a: Venusaur|brn
|move|p2a: Venusaur|Giga Drain|p1a: Keldeo-Resolute
|-supereffective|p1a: Keldeo-Resolute
|-damage|p1a: Keldeo-Resolute|0 fnt
|-heal|p2a: Venusaur|278\/364 brn|[from] drain|[of] p1a: Keldeo-Resolute
|faint|p1a: Keldeo-Resolute
|
|-damage|p2a: Venusaur|233\/364 brn|[from] brn
|
|switch|p1a: Landorus-Therian|Landorus-Therian, M|381\/381
|-ability|p1a: Landorus-Therian|Intimidate|[of] p2a: Venusaur
|-unboost|p2a: Venusaur|atk|1
|turn|23
|
|move|p1a: Landorus-Therian|Stealth Rock|p2a: Venusaur
|-sidestart|p2: u got topor'ed|move: Stealth Rock
|move|p2a: Venusaur|Giga Drain|p1a: Landorus-Therian
|-damage|p1a: Landorus-Therian|263\/381
|-heal|p2a: Venusaur|292\/364 brn|[from] drain|[of] p1a: Landorus-Therian
|
|-damage|p2a: Venusaur|247\/364 brn|[from] brn
|turn|24
|
|move|p1a: Landorus-Therian|Earthquake|p2a: Venusaur
|-damage|p2a: Venusaur|141\/364 brn
|move|p2a: Venusaur|Leech Seed|p1a: Landorus-Therian
|-start|p1a: Landorus-Therian|move: Leech Seed
|
|-damage|p1a: Landorus-Therian|216\/381|[from] Leech Seed|[of] p2a: Venusaur
|-heal|p2a: Venusaur|188\/364 brn|[silent]
|-damage|p2a: Venusaur|143\/364 brn|[from] brn
|turn|25
|
|move|p1a: Landorus-Therian|U-turn|p2a: Venusaur
|-crit|p2a: Venusaur
|-damage|p2a: Venusaur|67\/364 brn
|
|switch|p1a: Medicham|Medicham, F|261\/261
|-damage|p1a: Medicham|196\/261|[from] Spikes
|move|p2a: Venusaur|Leech Seed|p1a: Medicham
|-start|p1a: Medicham|move: Leech Seed
|
|-damage|p1a: Medicham|164\/261|[from] Leech Seed|[of] p2a: Venusaur
|-heal|p2a: Venusaur|99\/364 brn|[silent]
|-damage|p2a: Venusaur|54\/364 brn|[from] brn
|turn|26
|
|switch|p2a: Skarmory|Skarmory, F|99\/334 par
|-damage|p2a: Skarmory|58\/334 par|[from] Stealth Rock
|detailschange|p1a: Medicham|Medicham-Mega, F
|message|Medicham has Mega Evolved into Mega Medicham!
|move|p1a: Medicham|Ice Punch|p2a: Skarmory
|-damage|p2a: Skarmory|0 fnt
|-damage|p1a: Medicham|121\/261|[from] item: Rocky Helmet|[of] p2a: Skarmory
|faint|p2a: Skarmory
|
|join|LT2E jacks0n
|
|switch|p2a: Keldeo|Keldeo|323\/323
|-damage|p2a: Keldeo|303\/323|[from] Stealth Rock
|turn|27
|
|switch|p2a: Heatran|Heatran, F|340\/340
|-damage|p2a: Heatran|298\/340|[from] Stealth Rock
|-item|p2a: Heatran|Air Balloon
|move|p1a: Medicham|Thunder Punch|p2a: Heatran
|-damage|p2a: Heatran|172\/340
|-enditem|p2a: Heatran|Air Balloon
|
|-damage|p1a: Medicham|89\/261|[from] Leech Seed|[of] p2a: Heatran
|-heal|p2a: Heatran|204\/340|[silent]
|turn|28
|
|switch|p1a: Cresselia|Cresselia, F|378\/444
|switch|p2a: Venusaur|Venusaur-Mega, M|54\/364 brn
|-damage|p2a: Venusaur|9\/364 brn|[from] Stealth Rock
|
|-damage|p2a: Venusaur|0 fnt|[from] brn
|faint|p2a: Venusaur
|
|switch|p2a: Heatran|Heatran, F|204\/340
|-damage|p2a: Heatran|162\/340|[from] Stealth Rock
|turn|29
|
|move|p2a: Heatran|Taunt|p1a: Cresselia
|-start|p1a: Cresselia|move: Taunt
|cant|p1a: Cresselia|move: Taunt|Thunder Wave
|
|turn|30
|
|switch|p1a: Landorus-Therian|Landorus-Therian, M|216\/381
|-ability|p1a: Landorus-Therian|Intimidate|[of] p2a: Heatran
|-unboost|p2a: Heatran|atk|1
|move|p2a: Heatran|Toxic|p1a: Landorus-Therian
|-status|p1a: Landorus-Therian|tox
|
|-damage|p1a: Landorus-Therian|193\/381 tox|[from] psn
|turn|31
|
|move|p2a: Heatran|Fire Blast|p1a: Landorus-Therian|[miss]
|-miss|p2a: Heatran|p1a: Landorus-Therian
|move|p1a: Landorus-Therian|Earthquake|p2a: Heatran
|-supereffective|p2a: Heatran
|-damage|p2a: Heatran|0 fnt
|faint|p2a: Heatran
|
|-damage|p1a: Landorus-Therian|147\/381 tox|[from] psn
|
|switch|p2a: Keldeo|Keldeo|303\/323
|-damage|p2a: Keldeo|283\/323|[from] Stealth Rock
|turn|32
|
|move|p2a: Keldeo|Scald|p1a: Landorus-Therian
|-supereffective|p1a: Landorus-Therian
|-damage|p1a: Landorus-Therian|0 fnt
|faint|p1a: Landorus-Therian
|
|-heal|p2a: Keldeo|303\/323|[from] item: Leftovers
|
|switch|p1a: Medicham|Medicham-Mega, F|89\/261
|-damage|p1a: Medicham|24\/261|[from] Spikes
|turn|33
|
|switch|p2a: Bisharp|Bisharp, F|334\/334
|-damage|p2a: Bisharp|314\/334|[from] Stealth Rock
|move|p1a: Medicham|Fake Out|p2a: Bisharp
|-resisted|p2a: Bisharp
|-damage|p2a: Bisharp|273\/334
|
|-heal|p2a: Bisharp|293\/334|[from] item: Leftovers
|turn|34
|
|move|p2a: Bisharp|Sucker Punch|p1a: Medicham
|-damage|p1a: Medicham|0 fnt
|faint|p1a: Medicham
|
|-heal|p2a: Bisharp|313\/334|[from] item: Leftovers
|
|switch|p1a: Cresselia|Cresselia, F|378\/444
|turn|35
|
|move|p1a: Cresselia|Reflect|p1a: Cresselia
|-sidestart|p1: MaatMattos|Reflect
|move|p2a: Bisharp|Swords Dance|p2a: Bisharp
|-boost|p2a: Bisharp|atk|2
|
|-heal|p2a: Bisharp|333\/334|[from] item: Leftovers
|turn|36
|
|move|p1a: Cresselia|Thunder Wave|p2a: Bisharp
|-status|p2a: Bisharp|par
|move|p2a: Bisharp|Swords Dance|p2a: Bisharp
|-boost|p2a: Bisharp|atk|2
|
|-heal|p2a: Bisharp|334\/334 par|[from] item: Leftovers
|turn|37
|
|move|p1a: Cresselia|Lunar Dance|p1a: Cresselia
|faint|p1a: Cresselia
|move|p2a: Bisharp|Swords Dance|p2a: Bisharp
|-boost|p2a: Bisharp|atk|2
|
|c| LT2A HighWish|well
|
|switch|p1a: Manaphy|Manaphy|280\/373
|-heal|p1a: Manaphy|373\/373|[from] move: Lunar Dance
|-damage|p1a: Manaphy|280\/373|[from] Spikes
|turn|38
|c|★MaatMattos|meh gg
|
|move|p1a: Manaphy|Tail Glow|p1a: Manaphy
|-boost|p1a: Manaphy|spa|3
|move|p2a: Bisharp|Knock Off|p1a: Manaphy
|-damage|p1a: Manaphy|0 fnt
|-enditem|p1a: Manaphy|Leftovers|[from] move: Knock Off|[of] p2a: Bisharp
|faint|p1a: Manaphy
|
|win|u got topor'ed
|raw|Ladder updating...
|raw|MaatMattos's rating: 1777 &rarr; <strong>1756<\/strong><br \/>(-21 for losing)
|raw|u got topor&apos;ed's rating: 1765 &rarr; <strong>1785<\/strong><br \/>(+20 for winning)
|leave|MaatMattos
|player|p1
|c|★u got topor'ed|gg