|join|Yuyuko for UU
|join|MaatMattos
|player|p1|Yuyuko for UU|211
|player|p2|MaatMattos|52
|gametype|singles
|gen|6
|tier|OU
|rated
|clearpoke
|poke|p1|Heracross, F
|poke|p1|Talonflame, F
|poke|p1|Landorus-Therian, M
|poke|p1|Azumarill, F
|poke|p1|Ferrothorn, M
|poke|p1|Latias, F
|poke|p2|Manaphy
|poke|p2|Keldeo-Resolute
|poke|p2|Garchomp, F
|poke|p2|Magnezone
|poke|p2|Cresselia, F
|poke|p2|Landorus-Therian, M
|rule|Swagger Clause: Swagger is banned
|rule|Baton Pass Clause: Limit one Pokémon knowing Baton Pass
|rule|Sleep Clause Mod: Limit one foe put to sleep
|rule|Species Clause: Limit one of each Pokémon
|rule|OHKO Clause: OHKO moves are banned
|rule|Moody Clause: Moody is banned
|rule|Evasion Moves Clause: Evasion moves are banned
|rule|Endless Battle Clause: Forcing endless battles is banned
|rule|HP Percentage Mod: HP is shown in percentages
|teampreview
|join|Marisa the Pagan
|
|start
|switch|p1a: Landorus-Therian|Landorus-Therian, M|382\/382
|switch|p2a: Garchomp|Garchomp, F|419\/419
|-ability|p1a: Landorus-Therian|Intimidate|[of] p2a: Garchomp
|-unboost|p2a: Garchomp|atk|1
|turn|1
|
|switch|p2a: Landorus-Therian|Landorus-Therian, M|381\/381
|-ability|p2a: Landorus-Therian|Intimidate|[of] p1a: Landorus-Therian
|-unboost|p1a: Landorus-Therian|atk|1
|move|p1a: Landorus-Therian|Stealth Rock|p2a: Landorus-Therian
|-sidestart|p2: MaatMattos|move: Stealth Rock
|
|turn|2
|
|move|p1a: Landorus-Therian|U-turn|p2a: Landorus-Therian
|-resisted|p2a: Landorus-Therian
|-damage|p2a: Landorus-Therian|362\/381
|-damage|p1a: Landorus-Therian|319\/382|[from] item: Rocky Helmet|[of] p2a: Landorus-Therian
|
|switch|p1a: Heracross|Heracross, F|311\/311
|move|p2a: Landorus-Therian|Stealth Rock|p1a: Heracross
|-sidestart|p1: Yuyuko for UU|move: Stealth Rock
|
|turn|3
|
|detailschange|p1a: Heracross|Heracross-Mega, F
|message|Heracross has Mega Evolved into Mega Heracross!
|move|p1a: Heracross|Pin Missile|p2a: Landorus-Therian
|-resisted|p2a: Landorus-Therian
|-damage|p2a: Landorus-Therian|338\/381
|-resisted|p2a: Landorus-Therian
|-damage|p2a: Landorus-Therian|314\/381
|-resisted|p2a: Landorus-Therian
|-damage|p2a: Landorus-Therian|287\/381
|-resisted|p2a: Landorus-Therian
|-damage|p2a: Landorus-Therian|263\/381
|-resisted|p2a: Landorus-Therian
|-damage|p2a: Landorus-Therian|238\/381
|-hitcount|p2a: Landorus-Therian|5
|move|p2a: Landorus-Therian|U-turn|p1a: Heracross
|-resisted|p1a: Heracross
|-damage|p1a: Heracross|275\/311
|
|switch|p2a: Keldeo-Resolute|Keldeo-Resolute|323\/323
|-damage|p2a: Keldeo-Resolute|303\/323|[from] Stealth Rock
|
|-heal|p2a: Keldeo-Resolute|323\/323|[from] item: Leftovers
|turn|4
|
|switch|p1a: Azumarill|Azumarill, F|401\/401
|-damage|p1a: Azumarill|351\/401|[from] Stealth Rock
|move|p2a: Keldeo-Resolute|Scald|p1a: Azumarill
|-crit|p1a: Azumarill
|-resisted|p1a: Azumarill
|-damage|p1a: Azumarill|273\/401
|
|turn|5
|
|switch|p2a: Landorus-Therian|Landorus-Therian, M|238\/381
|-damage|p2a: Landorus-Therian|191\/381|[from] Stealth Rock
|-ability|p2a: Landorus-Therian|Intimidate|[of] p1a: Azumarill
|-unboost|p1a: Azumarill|atk|1
|move|p1a: Azumarill|Waterfall|p2a: Landorus-Therian
|-supereffective|p2a: Landorus-Therian
|-damage|p2a: Landorus-Therian|21\/381
|-damage|p1a: Azumarill|207\/401|[from] item: Rocky Helmet|[of] p2a: Landorus-Therian
|
|turn|6
|
|move|p1a: Azumarill|Aqua Jet|p2a: Landorus-Therian
|-supereffective|p2a: Landorus-Therian
|-damage|p2a: Landorus-Therian|0 fnt
|-damage|p1a: Azumarill|141\/401|[from] item: Rocky Helmet|[of] p2a: Landorus-Therian
|faint|p2a: Landorus-Therian
|
|
|switch|p2a: Magnezone|Magnezone|281\/281
|-damage|p2a: Magnezone|264\/281|[from] Stealth Rock
|turn|7
|
|move|p1a: Azumarill|Aqua Jet|p2a: Magnezone
|-damage|p2a: Magnezone|215\/281
|move|p2a: Magnezone|Flash Cannon|p1a: Azumarill
|-damage|p1a: Azumarill|18\/401
|
|turn|8
|
|move|p1a: Azumarill|Aqua Jet|p2a: Magnezone
|-damage|p2a: Magnezone|161\/281
|move|p2a: Magnezone|Flash Cannon|p1a: Azumarill
|-damage|p1a: Azumarill|0 fnt
|faint|p1a: Azumarill
|
|
|switch|p1a: Latias|Latias, F|319\/319
|-damage|p1a: Latias|280\/319|[from] Stealth Rock
|turn|9
|
|move|p2a: Magnezone|Flash Cannon|p1a: Latias
|-damage|p1a: Latias|168\/319
|-unboost|p1a: Latias|spd|1
|move|p1a: Latias|Defog|p2a: Magnezone
|-unboost|p2a: Magnezone|evasion|1
|-sideend|p2: MaatMattos|Stealth Rock|[from] move: Defog|[of] p2a: Magnezone
|-sideend|p1: Yuyuko for UU|Stealth Rock|[from] move: Defog|[of] p1a: Latias
|
|turn|10
|
|switch|p1a: Ferrothorn|Ferrothorn, M|352\/352
|move|p2a: Magnezone|Flash Cannon|p1a: Ferrothorn
|-resisted|p1a: Ferrothorn
|-damage|p1a: Ferrothorn|290\/352
|
|-heal|p1a: Ferrothorn|312\/352|[from] item: Leftovers
|turn|11
|
|switch|p2a: Garchomp|Garchomp, F|419\/419
|move|p1a: Ferrothorn|Leech Seed|p2a: Garchomp
|-start|p2a: Garchomp|move: Leech Seed
|
|-heal|p1a: Ferrothorn|334\/352|[from] item: Leftovers
|-damage|p2a: Garchomp|367\/419|[from] Leech Seed|[of] p1a: Ferrothorn
|-heal|p1a: Ferrothorn|352\/352|[silent]
|turn|12
|
|switch|p1a: Landorus-Therian|Landorus-Therian, M|319\/382
|-ability|p1a: Landorus-Therian|Intimidate|[of] p2a: Garchomp
|-unboost|p2a: Garchomp|atk|1
|detailschange|p2a: Garchomp|Garchomp-Mega, F
|message|Garchomp has Mega Evolved into Mega Garchomp!
|move|p2a: Garchomp|Fire Fang|p1a: Landorus-Therian
|-damage|p1a: Landorus-Therian|269\/382
|
|-heal|p1a: Landorus-Therian|292\/382|[from] item: Leftovers
|-damage|p2a: Garchomp|315\/419|[from] Leech Seed|[of] p1a: Landorus-Therian
|-heal|p1a: Landorus-Therian|344\/382|[silent]
|turn|13
|
|switch|p2a: Magnezone|Magnezone|161\/281
|move|p1a: Landorus-Therian|Stealth Rock|p2a: Magnezone
|-sidestart|p2: MaatMattos|move: Stealth Rock
|
|-heal|p1a: Landorus-Therian|367\/382|[from] item: Leftovers
|turn|14
|
|move|p2a: Magnezone|Flash Cannon|p1a: Landorus-Therian
|-damage|p1a: Landorus-Therian|199\/382
|move|p1a: Landorus-Therian|Earthquake|p2a: Magnezone
|-supereffective|p2a: Magnezone
|-damage|p2a: Magnezone|0 fnt
|faint|p2a: Magnezone
|
|-heal|p1a: Landorus-Therian|222\/382|[from] item: Leftovers
|
|switch|p2a: Keldeo-Resolute|Keldeo-Resolute|323\/323
|-damage|p2a: Keldeo-Resolute|303\/323|[from] Stealth Rock
|turn|15
|
|switch|p1a: Latias|Latias, F|168\/319
|move|p2a: Keldeo-Resolute|Scald|p1a: Latias
|-resisted|p1a: Latias
|-damage|p1a: Latias|108\/319
|
|-heal|p2a: Keldeo-Resolute|323\/323|[from] item: Leftovers
|turn|16
|
|switch|p2a: Cresselia|Cresselia, F|444\/444
|-damage|p2a: Cresselia|389\/444|[from] Stealth Rock
|move|p1a: Latias|Recover|p1a: Latias
|-heal|p1a: Latias|268\/319
|
|turn|17
|
|switch|p1a: Talonflame|Talonflame, F|327\/327
|move|p2a: Cresselia|Thunder Wave|p1a: Talonflame
|-status|p1a: Talonflame|par
|
|turn|18
|
|move|p2a: Cresselia|Reflect|p2a: Cresselia
|-sidestart|p2: MaatMattos|Reflect
|cant|p1a: Talonflame|par
|
|turn|19
|
|switch|p1a: Ferrothorn|Ferrothorn, M|352\/352
|move|p2a: Cresselia|Light Screen|p2a: Cresselia
|-sidestart|p2: MaatMattos|move: Light Screen
|
|turn|20
|
|move|p2a: Cresselia|Thunder Wave|p1a: Ferrothorn
|-status|p1a: Ferrothorn|par
|move|p1a: Ferrothorn|Thunder Wave|p2a: Cresselia
|-status|p2a: Cresselia|par
|
|turn|21
|
|switch|p2a: Keldeo-Resolute|Keldeo-Resolute|323\/323
|-damage|p2a: Keldeo-Resolute|303\/323|[from] Stealth Rock
|move|p1a: Ferrothorn|Thunder Wave|p2a: Keldeo-Resolute
|-status|p2a: Keldeo-Resolute|par
|
|-heal|p2a: Keldeo-Resolute|323\/323 par|[from] item: Leftovers
|turn|22
|
|switch|p1a: Latias|Latias, F|268\/319
|move|p2a: Keldeo-Resolute|Substitute|p2a: Keldeo-Resolute
|-start|p2a: Keldeo-Resolute|Substitute
|-damage|p2a: Keldeo-Resolute|243\/323 par
|
|-heal|p2a: Keldeo-Resolute|263\/323 par|[from] item: Leftovers
|turn|23
|
|move|p1a: Latias|Draco Meteor|p2a: Keldeo-Resolute
|-end|p2a: Keldeo-Resolute|Substitute
|-unboost|p1a: Latias|spa|2
|-damage|p1a: Latias|237\/319|[from] item: Life Orb
|move|p2a: Keldeo-Resolute|Scald|p1a: Latias
|-resisted|p1a: Latias
|-damage|p1a: Latias|175\/319
|-status|p1a: Latias|brn
|
|-heal|p2a: Keldeo-Resolute|283\/323 par|[from] item: Leftovers
|-damage|p1a: Latias|136\/319 brn|[from] brn
|turn|24
|
|move|p1a: Latias|Recover|p1a: Latias
|-heal|p1a: Latias|296\/319 brn
|move|p2a: Keldeo-Resolute|Substitute|p2a: Keldeo-Resolute
|-start|p2a: Keldeo-Resolute|Substitute
|-damage|p2a: Keldeo-Resolute|203\/323 par
|
|-heal|p2a: Keldeo-Resolute|223\/323 par|[from] item: Leftovers
|-damage|p1a: Latias|257\/319 brn|[from] brn
|turn|25
|
|move|p1a: Latias|Defog|p2a: Keldeo-Resolute
|-sideend|p2: MaatMattos|Reflect
|-sideend|p2: MaatMattos|Reflect|[from] move: Defog|[of] p2a: Keldeo-Resolute
|-sideend|p2: MaatMattos|move: Light Screen
|-sideend|p2: MaatMattos|Light Screen|[from] move: Defog|[of] p2a: Keldeo-Resolute
|-sideend|p2: MaatMattos|Stealth Rock|[from] move: Defog|[of] p2a: Keldeo-Resolute
|move|p2a: Keldeo-Resolute|Secret Sword|p1a: Latias
|-resisted|p1a: Latias
|-damage|p1a: Latias|181\/319 brn
|
|-heal|p2a: Keldeo-Resolute|243\/323 par|[from] item: Leftovers
|-damage|p1a: Latias|142\/319 brn|[from] brn
|turn|26
|
|move|p1a: Latias|Recover|p1a: Latias
|-heal|p1a: Latias|302\/319 brn
|move|p2a: Keldeo-Resolute|Calm Mind|p2a: Keldeo-Resolute
|-boost|p2a: Keldeo-Resolute|spa|1
|-boost|p2a: Keldeo-Resolute|spd|1
|
|-heal|p2a: Keldeo-Resolute|263\/323 par|[from] item: Leftovers
|-damage|p1a: Latias|263\/319 brn|[from] brn
|turn|27
|
|switch|p1a: Heracross|Heracross-Mega, F|275\/311
|move|p2a: Keldeo-Resolute|Calm Mind|p2a: Keldeo-Resolute
|-boost|p2a: Keldeo-Resolute|spa|1
|-boost|p2a: Keldeo-Resolute|spd|1
|
|-heal|p2a: Keldeo-Resolute|283\/323 par|[from] item: Leftovers
|turn|28
|
|move|p1a: Heracross|Pin Missile|p2a: Keldeo-Resolute
|-resisted|p2a: Keldeo-Resolute
|-activate|p2a: Keldeo-Resolute|Substitute|[damage]
|-resisted|p2a: Keldeo-Resolute
|-activate|p2a: Keldeo-Resolute|Substitute|[damage]
|-resisted|p2a: Keldeo-Resolute
|-end|p2a: Keldeo-Resolute|Substitute
|-resisted|p2a: Keldeo-Resolute
|-damage|p2a: Keldeo-Resolute|250\/323 par
|-resisted|p2a: Keldeo-Resolute
|-damage|p2a: Keldeo-Resolute|214\/323 par
|-hitcount|p2a: Keldeo-Resolute|5
|move|p2a: Keldeo-Resolute|Scald|p1a: Heracross
|-damage|p1a: Heracross|0 fnt
|faint|p1a: Heracross
|
|-heal|p2a: Keldeo-Resolute|234\/323 par|[from] item: Leftovers
|
|switch|p1a: Talonflame|Talonflame, F|327\/327 par
|turn|29
|
|cant|p1a: Talonflame|par
|move|p2a: Keldeo-Resolute|Scald|p1a: Talonflame
|-supereffective|p1a: Talonflame
|-damage|p1a: Talonflame|0 fnt
|faint|p1a: Talonflame
|
|-heal|p2a: Keldeo-Resolute|254\/323 par|[from] item: Leftovers
|c|★Yuyuko for UU|:\/
|c|★Yuyuko for UU|can't win now
|c|★MaatMattos|=x
|-message|Yuyuko for UU forfeited.
|
|win|MaatMattos
|raw|Ladder updating...
|leave|Yuyuko for UU
|player|p1
|c|★MaatMattos|sorry.
|raw|Yuyuko for UU's rating: 1693 &rarr; <strong>1678<\/strong><br \/>(-15 for losing)
|raw|MaatMattos's rating: 1769 &rarr; <strong>1785<\/strong><br \/>(+16 for winning)