|join|Sham wow guy
|join|Time2GetBopped
|player|p1|Sham wow guy|283
|player|p2|Time2GetBopped|138
|gametype|singles
|gen|6
|tier|OU
|rated
|clearpoke
|poke|p1|Chandelure, F
|poke|p1|Dragonite, M
|poke|p1|Mamoswine, F
|poke|p1|Rotom-Wash
|poke|p1|Scizor, M
|poke|p1|Gardevoir, F
|poke|p2|Tyranitar, F
|poke|p2|Excadrill, F
|poke|p2|Pinsir, M
|poke|p2|Talonflame, M
|poke|p2|Dragonite, M
|poke|p2|Greninja, M
|rule|Swagger Clause: Swagger is banned
|rule|Baton Pass Clause: Limit one Pokémon knowing Baton Pass
|rule|Sleep Clause Mod: Limit one foe put to sleep
|rule|Species Clause: Limit one of each Pokémon
|rule|OHKO Clause: OHKO moves are banned
|rule|Moody Clause: Moody is banned
|rule|Evasion Moves Clause: Evasion moves are banned
|rule|Endless Battle Clause: Forcing endless battles is banned
|rule|HP Percentage Mod: HP is shown in percentages
|teampreview
|
|start
|switch|p1a: Dragonite|Dragonite, M|386\/386
|switch|p2a: Diabetes|Greninja, M|285\/285
|turn|1
|
|switch|p1a: Scizor|Scizor, M|344\/344
|move|p2a: Diabetes|Ice Beam|p1a: Scizor
|-start|p2a: Diabetes|typechange|Ice|[from] Protean
|-resisted|p1a: Scizor
|-damage|p1a: Scizor|236\/344
|-damage|p2a: Diabetes|257\/285|[from] item: Life Orb
|
|turn|2
|
|switch|p2a: Bird Flu|Talonflame, M|297\/297
|detailschange|p1a: Scizor|Scizor-Mega, M
|message|Scizor has Mega Evolved into Mega Scizor!
|move|p1a: Scizor|U-turn|p2a: Bird Flu
|-crit|p2a: Bird Flu
|-resisted|p2a: Bird Flu
|-damage|p2a: Bird Flu|221\/297
|
|switch|p1a: Rotom-Wash|Rotom-Wash|304\/304
|
|turn|3
|
|move|p2a: Bird Flu|U-turn|p1a: Rotom-Wash
|-damage|p1a: Rotom-Wash|234\/304
|
|switch|p2a: AIDS|Tyranitar, F|341\/341
|-weather|Sandstorm
|move|p1a: Rotom-Wash|Hydro Pump|p2a: AIDS
|-supereffective|p2a: AIDS
|-damage|p2a: AIDS|173\/341
|
|-weather|Sandstorm|[upkeep]
|-damage|p1a: Rotom-Wash|215\/304|[from] sandstorm
|-heal|p1a: Rotom-Wash|234\/304|[from] item: Leftovers
|turn|4
|
|move|p2a: AIDS|Stealth Rock|p1a: Rotom-Wash
|-sidestart|p1: Sham wow guy|move: Stealth Rock
|move|p1a: Rotom-Wash|Will-O-Wisp|p2a: AIDS
|-status|p2a: AIDS|brn
|
|-weather|Sandstorm|[upkeep]
|-damage|p1a: Rotom-Wash|215\/304|[from] sandstorm
|-heal|p1a: Rotom-Wash|234\/304|[from] item: Leftovers
|-damage|p2a: AIDS|131\/341 brn|[from] brn
|turn|5
|
|move|p2a: AIDS|Crunch|p1a: Rotom-Wash
|-damage|p1a: Rotom-Wash|189\/304
|move|p1a: Rotom-Wash|Hydro Pump|p2a: AIDS
|-supereffective|p2a: AIDS
|-damage|p2a: AIDS|0 fnt
|faint|p2a: AIDS
|
|-weather|Sandstorm|[upkeep]
|-damage|p1a: Rotom-Wash|170\/304|[from] sandstorm
|-heal|p1a: Rotom-Wash|189\/304|[from] item: Leftovers
|
|switch|p2a: Diabetes|Greninja, M|257\/285
|turn|6
|
|move|p2a: Diabetes|Hidden Power|p1a: Rotom-Wash
|-start|p2a: Diabetes|typechange|Grass|[from] Protean
|-supereffective|p1a: Rotom-Wash
|-damage|p1a: Rotom-Wash|0 fnt
|-damage|p2a: Diabetes|229\/285|[from] item: Life Orb
|faint|p1a: Rotom-Wash
|
|-weather|Sandstorm|[upkeep]
|-damage|p2a: Diabetes|212\/285|[from] sandstorm
|
|switch|p1a: Mamoswine|Mamoswine, F|362\/362
|-damage|p1a: Mamoswine|317\/362|[from] Stealth Rock
|turn|7
|
|switch|p2a: Gonorrhea|Excadrill, F|361\/361
|move|p1a: Mamoswine|Stealth Rock|p2a: Gonorrhea
|-sidestart|p2: Time2GetBopped|move: Stealth Rock
|
|-weather|none
|turn|8
|
|move|p1a: Mamoswine|Earthquake|p2a: Gonorrhea
|-supereffective|p2a: Gonorrhea
|-damage|p2a: Gonorrhea|0 fnt
|-damage|p1a: Mamoswine|281\/362|[from] item: Life Orb
|faint|p2a: Gonorrhea
|
|
|switch|p2a: Bird Flu|Talonflame, M|221\/297
|-damage|p2a: Bird Flu|73\/297|[from] Stealth Rock
|turn|9
|
|move|p2a: Bird Flu|Brave Bird|p1a: Mamoswine
|-damage|p1a: Mamoswine|0 fnt
|-damage|p2a: Bird Flu|0 fnt|[from] recoil|[of] p1a: Mamoswine
|faint|p1a: Mamoswine
|faint|p2a: Bird Flu
|
|
|switch|p2a: Diabetes|Greninja, M|212\/285
|-damage|p2a: Diabetes|177\/285|[from] Stealth Rock
|switch|p1a: Chandelure|Chandelure, F|261\/261
|-damage|p1a: Chandelure|196\/261|[from] Stealth Rock
|turn|10
|
|switch|p2a: Polio|Dragonite, M|330\/330
|-damage|p2a: Polio|248\/330|[from] Stealth Rock
|move|p1a: Chandelure|Substitute|p1a: Chandelure
|-start|p1a: Chandelure|Substitute
|-damage|p1a: Chandelure|131\/261
|
|turn|11
|
|move|p1a: Chandelure|Shadow Ball|p2a: Polio
|-damage|p2a: Polio|60\/330
|-unboost|p2a: Polio|spd|1
|-damage|p1a: Chandelure|105\/261|[from] item: Life Orb
|move|p2a: Polio|Earthquake|p1a: Chandelure
|-supereffective|p1a: Chandelure
|-end|p1a: Chandelure|Substitute
|
|turn|12
|
|move|p1a: Chandelure|Shadow Ball|p2a: Polio
|-damage|p2a: Polio|0 fnt
|-damage|p1a: Chandelure|79\/261|[from] item: Life Orb
|faint|p2a: Polio
|
|
|switch|p2a: Diabetes|Greninja, M|177\/285
|-damage|p2a: Diabetes|142\/285|[from] Stealth Rock
|turn|13
|
|move|p2a: Diabetes|Hydro Pump|p1a: Chandelure
|-start|p2a: Diabetes|typechange|Water|[from] Protean
|-supereffective|p1a: Chandelure
|-damage|p1a: Chandelure|0 fnt
|-damage|p2a: Diabetes|114\/285|[from] item: Life Orb
|faint|p1a: Chandelure
|
|
|switch|p1a: Gardevoir|Gardevoir, F|278\/278
|-damage|p1a: Gardevoir|244\/278|[from] Stealth Rock
|-ability|p1a: Gardevoir|Protean|[from] ability: Trace|[of] p2a: Diabetes
|turn|14
|
|move|p1a: Gardevoir|Moonblast|p2a: Diabetes
|-start|p1a: Gardevoir|typechange|Fairy|[from] Protean
|-damage|p2a: Diabetes|0 fnt
|faint|p2a: Diabetes
|
|
|switch|p2a: Ass Cancer|Pinsir, M|289\/289
|-damage|p2a: Ass Cancer|217\/289|[from] Stealth Rock
|turn|15
|
|detailschange|p2a: Ass Cancer|Pinsir-Mega, M
|message|Pinsir has Mega Evolved into Mega Pinsir!
|move|p1a: Gardevoir|Moonblast|p2a: Ass Cancer
|-damage|p2a: Ass Cancer|42\/289
|move|p2a: Ass Cancer|Return|p1a: Gardevoir
|-damage|p1a: Gardevoir|0 fnt
|faint|p1a: Gardevoir
|
|
|switch|p1a: Scizor|Scizor-Mega, M|236\/344
|-damage|p1a: Scizor|193\/344|[from] Stealth Rock
|turn|16
|
|move|p2a: Ass Cancer|Quick Attack|p1a: Scizor
|-damage|p1a: Scizor|117\/344
|move|p1a: Scizor|Bullet Punch|p2a: Ass Cancer
|-damage|p2a: Ass Cancer|0 fnt
|faint|p2a: Ass Cancer
|
|win|Sham wow guy
|raw|Ladder updating...
|raw|Sham wow guy's rating: 1601 &rarr; <strong>1624<\/strong><br \/>(+23 for winning)
|raw|Time2GetBopped's rating: 1646 &rarr; <strong>1624<\/strong><br \/>(-22 for losing)
|c|★Sham wow guy|gg
|leave|Time2GetBopped
|player|p2