|join|Gattsbsk
|join|Time2GetBopped
|player|p1|Gattsbsk|170
|player|p2|Time2GetBopped|138
|gametype|singles
|gen|6
|tier|OU
|rated
|clearpoke
|poke|p1|Clefable, M
|poke|p1|Pidgeot, M
|poke|p1|Seismitoad, F
|poke|p1|Scizor, F
|poke|p1|Rotom-Wash
|poke|p1|Latias, F
|poke|p2|Gyarados, F
|poke|p2|Rotom-Wash
|poke|p2|Scizor, M
|poke|p2|Terrakion
|poke|p2|Latios, M
|poke|p2|Garchomp, M
|rule|Swagger Clause: Swagger is banned
|rule|Baton Pass Clause: Limit one Pokémon knowing Baton Pass
|rule|Sleep Clause Mod: Limit one foe put to sleep
|rule|Species Clause: Limit one of each Pokémon
|rule|OHKO Clause: OHKO moves are banned
|rule|Moody Clause: Moody is banned
|rule|Evasion Moves Clause: Evasion moves are banned
|rule|Endless Battle Clause: Forcing endless battles is banned
|rule|HP Percentage Mod: HP is shown in percentages
|teampreview
|
|start
|switch|p1a: Pidgeot|Pidgeot, M|308\/308
|switch|p2a: Rotom-Wash|Rotom-Wash|304\/304
|turn|1
|
|switch|p1a: Seismitoad|Seismitoad, F|414\/414
|move|p2a: Rotom-Wash|Volt Switch|p1a: Seismitoad
|-immune|p1a: Seismitoad|[msg]
|
|turn|2
|
|move|p2a: Rotom-Wash|Will-O-Wisp|p1a: Seismitoad
|-status|p1a: Seismitoad|brn
|move|p1a: Seismitoad|Toxic|p2a: Rotom-Wash
|-status|p2a: Rotom-Wash|tox
|
|-damage|p2a: Rotom-Wash|285\/304 tox|[from] psn
|-damage|p1a: Seismitoad|363\/414 brn|[from] brn
|turn|3
|
|switch|p2a: Gyarados|Gyarados, F|393\/393
|-ability|p2a: Gyarados|Intimidate|[of] p1a: Seismitoad
|-unboost|p1a: Seismitoad|atk|1
|switch|p1a: Pidgeot|Pidgeot, M|308\/308
|
|turn|4
|
|detailschange|p1a: Pidgeot|Pidgeot-Mega, M
|-mega|p1a: Pidgeot|Pidgeot|Pidgeotite
|move|p1a: Pidgeot|Hurricane|p2a: Gyarados
|-damage|p2a: Gyarados|194\/393
|move|p2a: Gyarados|Dragon Dance|p2a: Gyarados
|-boost|p2a: Gyarados|atk|1
|-boost|p2a: Gyarados|spe|1
|
|-heal|p2a: Gyarados|218\/393|[from] item: Leftovers
|turn|5
|
|switch|p1a: Rotom-Wash|Rotom-Wash|241\/241
|move|p2a: Gyarados|Waterfall|p1a: Rotom-Wash
|-resisted|p1a: Rotom-Wash
|-damage|p1a: Rotom-Wash|163\/241
|
|-heal|p2a: Gyarados|242\/393|[from] item: Leftovers
|turn|6
|
|move|p1a: Rotom-Wash|Volt Switch|p2a: Gyarados
|-supereffective|p2a: Gyarados
|-damage|p2a: Gyarados|0 fnt
|faint|p2a: Gyarados
|
|switch|p1a: Pidgeot|Pidgeot-Mega, M|308\/308
|
|
|switch|p2a: Terrakion|Terrakion|323\/323
|turn|7
|
|move|p1a: Pidgeot|Hurricane|p2a: Terrakion
|-damage|p2a: Terrakion|103\/323
|move|p2a: Terrakion|Stone Edge|p1a: Pidgeot
|-supereffective|p1a: Pidgeot
|-damage|p1a: Pidgeot|0 fnt
|-damage|p2a: Terrakion|71\/323|[from] item: Life Orb
|faint|p1a: Pidgeot
|
|
|switch|p1a: Scizor|Scizor, F|343\/343
|turn|8
|
|move|p1a: Scizor|Bullet Punch|p2a: Terrakion
|-supereffective|p2a: Terrakion
|-damage|p2a: Terrakion|0 fnt
|faint|p2a: Terrakion
|
|
|switch|p2a: Rotom-Wash|Rotom-Wash|285\/304 tox
|turn|9
|
|switch|p1a: Rotom-Wash|Rotom-Wash|163\/241
|move|p2a: Rotom-Wash|Will-O-Wisp|p1a: Rotom-Wash
|-status|p1a: Rotom-Wash|brn
|
|-heal|p2a: Rotom-Wash|304\/304 tox|[from] item: Leftovers
|-damage|p1a: Rotom-Wash|133\/241 brn|[from] brn
|-damage|p2a: Rotom-Wash|285\/304 tox|[from] psn
|turn|10
|
|move|p1a: Rotom-Wash|Volt Switch|p2a: Rotom-Wash
|-damage|p2a: Rotom-Wash|174\/304 tox
|
|switch|p1a: Seismitoad|Seismitoad, F|363\/414 brn
|move|p2a: Rotom-Wash|Volt Switch|p1a: Seismitoad
|-immune|p1a: Seismitoad|[msg]
|
|-heal|p2a: Rotom-Wash|193\/304 tox|[from] item: Leftovers
|-heal|p1a: Seismitoad|388\/414 brn|[from] item: Leftovers
|-damage|p2a: Rotom-Wash|155\/304 tox|[from] psn
|-damage|p1a: Seismitoad|337\/414 brn|[from] brn
|turn|11
|
|move|p2a: Rotom-Wash|Pain Split|p1a: Seismitoad
|-sethp|p1a: Seismitoad|246\/414 brn|p2a: Rotom-Wash|246\/304 tox|[from] move: Pain Split
|move|p1a: Seismitoad|Stealth Rock|p2a: Rotom-Wash
|-sidestart|p2: Time2GetBopped|move: Stealth Rock
|
|-heal|p2a: Rotom-Wash|265\/304 tox|[from] item: Leftovers
|-heal|p1a: Seismitoad|271\/414 brn|[from] item: Leftovers
|-damage|p2a: Rotom-Wash|208\/304 tox|[from] psn
|-damage|p1a: Seismitoad|220\/414 brn|[from] brn
|turn|12
|
|switch|p2a: Garchomp|Garchomp, M|358\/358
|-damage|p2a: Garchomp|336\/358|[from] Stealth Rock
|move|p1a: Seismitoad|Scald|p2a: Garchomp
|-damage|p2a: Garchomp|237\/358
|
|-heal|p1a: Seismitoad|245\/414 brn|[from] item: Leftovers
|-damage|p1a: Seismitoad|194\/414 brn|[from] brn
|turn|13
|
|move|p2a: Garchomp|Earthquake|p1a: Seismitoad
|-damage|p1a: Seismitoad|38\/414 brn
|move|p1a: Seismitoad|Toxic|p2a: Garchomp
|-status|p2a: Garchomp|tox
|
|-heal|p1a: Seismitoad|63\/414 brn|[from] item: Leftovers
|-damage|p2a: Garchomp|215\/358 tox|[from] psn
|-damage|p1a: Seismitoad|12\/414 brn|[from] brn
|turn|14
|
|switch|p2a: Latios|Latios, M|301\/301
|-damage|p2a: Latios|264\/301|[from] Stealth Rock
|switch|p1a: Scizor|Scizor, F|343\/343
|
|turn|15
|
|move|p1a: Scizor|Pursuit|p2a: Latios|[from]Pursuit
|-supereffective|p2a: Latios
|-damage|p2a: Latios|0 fnt
|faint|p2a: Latios
|
|
|switch|p2a: Scizor|Scizor, M|281\/281
|-damage|p2a: Scizor|246\/281|[from] Stealth Rock
|turn|16
|
|detailschange|p2a: Scizor|Scizor-Mega, M
|-mega|p2a: Scizor|Scizor|Scizorite
|move|p2a: Scizor|Swords Dance|p2a: Scizor
|-boost|p2a: Scizor|atk|2
|move|p1a: Scizor|Pursuit|p2a: Scizor
|-damage|p2a: Scizor|150\/281
|
|turn|17
|
|move|p2a: Scizor|Swords Dance|p2a: Scizor
|-boost|p2a: Scizor|atk|2
|move|p1a: Scizor|Pursuit|p2a: Scizor
|-damage|p2a: Scizor|62\/281
|
|turn|18
|
|switch|p1a: Seismitoad|Seismitoad, F|12\/414 brn
|move|p2a: Scizor|Superpower|p1a: Seismitoad
|-damage|p1a: Seismitoad|0 fnt
|-unboost|p2a: Scizor|atk|1
|-unboost|p2a: Scizor|def|1
|faint|p1a: Seismitoad
|
|
|switch|p1a: Clefable|Clefable, M|394\/394
|turn|19
|
|move|p2a: Scizor|Bullet Punch|p1a: Clefable
|-supereffective|p1a: Clefable
|-damage|p1a: Clefable|104\/394
|move|p1a: Clefable|Flamethrower|p2a: Scizor
|-supereffective|p2a: Scizor
|-damage|p2a: Scizor|0 fnt
|faint|p2a: Scizor
|
|-heal|p1a: Clefable|128\/394|[from] item: Leftovers
|
|switch|p2a: Garchomp|Garchomp, M|215\/358 tox
|-damage|p2a: Garchomp|193\/358 tox|[from] Stealth Rock
|turn|20
|
|switch|p1a: Rotom-Wash|Rotom-Wash|133\/241 brn
|move|p2a: Garchomp|Earthquake|p1a: Rotom-Wash
|-immune|p1a: Rotom-Wash|[msg]
|
|-damage|p2a: Garchomp|171\/358 tox|[from] psn
|-damage|p1a: Rotom-Wash|103\/241 brn|[from] brn
|turn|21
|
|move|p2a: Garchomp|Earthquake|p1a: Rotom-Wash
|-immune|p1a: Rotom-Wash|[msg]
|move|p1a: Rotom-Wash|Trick|p2a: Garchomp
|-activate|p1a: Rotom-Wash|move: Trick|[of] p2a: Garchomp
|-item|p2a: Garchomp|Choice Scarf|[from] move: Trick
|-item|p1a: Rotom-Wash|Choice Scarf|[from] move: Trick
|
|-damage|p2a: Garchomp|127\/358 tox|[from] psn
|-damage|p1a: Rotom-Wash|73\/241 brn|[from] brn
|turn|22
|
|move|p2a: Garchomp|Dragon Claw|p1a: Rotom-Wash
|-damage|p1a: Rotom-Wash|0 fnt
|faint|p1a: Rotom-Wash
|
|-damage|p2a: Garchomp|61\/358 tox|[from] psn
|
|switch|p1a: Clefable|Clefable, M|128\/394
|turn|23
|
|move|p2a: Garchomp|Dragon Claw|p1a: Clefable
|-immune|p1a: Clefable|[msg]
|move|p1a: Clefable|Wish|p1a: Clefable
|
|-heal|p1a: Clefable|152\/394|[from] item: Leftovers
|-damage|p2a: Garchomp|0 fnt|[from] psn
|faint|p2a: Garchomp
|-message|Time2GetBopped forfeited.
|leave|Time2GetBopped
|c|★Gattsbsk|gg
|
|win|Gattsbsk
|raw|Ladder updating...
|player|p2
|raw|Gattsbsk's rating: 1588 &rarr; <strong>1610<\/strong><br \/>(+22 for winning)
|raw|Time2GetBopped's rating: 1624 &rarr; <strong>1602<\/strong><br \/>(-22 for losing)