|join|Rudeman130498
|join|Maistero
|player|p1|Rudeman130498|171
|player|p2|Maistero|153
|gametype|singles
|gen|6
|tier|UU
|rated
|rule|Sleep Clause Mod: Limit one foe put to sleep
|rule|Species Clause: Limit one of each Pokémon
|rule|OHKO Clause: OHKO moves are banned
|rule|Moody Clause: Moody is banned
|rule|Evasion Moves Clause: Evasion moves are banned
|rule|Endless Battle Clause: Forcing endless battles is banned
|rule|HP Percentage Mod: HP is shown in percentages
|clearpoke
|poke|p1|Escavalier, F
|poke|p1|Dragalge, F
|poke|p1|Zygarde
|poke|p1|Bronzong, shiny
|poke|p1|Florges, F
|poke|p1|Slowking, F
|poke|p2|Diancie
|poke|p2|Togekiss, F
|poke|p2|Honchkrow, M
|poke|p2|Trevenant, M
|poke|p2|Vaporeon, M
|poke|p2|Jirachi
|rule|Swagger Clause: Swagger is banned
|rule|Baton Pass Clause: Limit one Pokémon knowing Baton Pass
|teampreview
|c|★Maistero|Oh boy
|
|start
|switch|p1a: Zygarde|Zygarde|359\/359
|switch|p2a: Trevenant|Trevenant, M|374\/374
|-ability|p1a: Zygarde|Aura Break
|turn|1
|
|switch|p1a: Dragalge|Dragalge, F|291\/291
|move|p2a: Trevenant|Will-O-Wisp|p1a: Dragalge
|-status|p1a: Dragalge|brn
|
|-damage|p1a: Dragalge|255\/291 brn|[from] brn
|turn|2
|
|move|p1a: Dragalge|Shadow Ball|p2a: Trevenant
|-supereffective|p2a: Trevenant
|-damage|p2a: Trevenant|156\/374
|-enditem|p2a: Trevenant|Sitrus Berry|[eat]
|-heal|p2a: Trevenant|249\/374|[from] item: Sitrus Berry
|move|p2a: Trevenant|Leech Seed|p1a: Dragalge
|-start|p1a: Dragalge|move: Leech Seed
|
|-damage|p1a: Dragalge|219\/291 brn|[from] Leech Seed|[of] p2a: Trevenant
|-heal|p2a: Trevenant|285\/374|[silent]
|-damage|p1a: Dragalge|183\/291 brn|[from] brn
|turn|3
|
|switch|p1a: Bronzong|Bronzong, shiny|338\/338
|move|p2a: Trevenant|Substitute|p2a: Trevenant
|-start|p2a: Trevenant|Substitute
|-damage|p2a: Trevenant|192\/374
|
|turn|4
|
|move|p2a: Trevenant|Will-O-Wisp|p1a: Bronzong
|-status|p1a: Bronzong|brn
|move|p1a: Bronzong|Stealth Rock|p2a: Trevenant
|-sidestart|p2: Maistero|move: Stealth Rock
|
|-damage|p1a: Bronzong|296\/338 brn|[from] brn
|-item|p2a: Trevenant|Sitrus Berry|[from] ability: Harvest
|turn|5
|
|switch|p1a: Florges|Florges, F|360\/360
|move|p2a: Trevenant|Leech Seed|p1a: Florges|[miss]
|-miss|p2a: Trevenant|p1a: Florges
|
|turn|6
|
|move|p1a: Florges|Wish|p1a: Florges
|move|p2a: Trevenant|Leech Seed|p1a: Florges
|-start|p1a: Florges|move: Leech Seed
|
|-damage|p1a: Florges|315\/360|[from] Leech Seed|[of] p2a: Trevenant
|-heal|p2a: Trevenant|237\/374|[silent]
|turn|7
|
|move|p1a: Florges|Aromatherapy|p1a: Florges
|-cureteam|p1a: Florges|[from] move: Aromatherapy
|move|p2a: Trevenant|Will-O-Wisp|p1a: Florges
|-status|p1a: Florges|brn
|
|-heal|p1a: Florges|360\/360 brn|[from] move: Wish|[wisher] Florges
|-damage|p1a: Florges|315\/360 brn|[from] Leech Seed|[of] p2a: Trevenant
|-heal|p2a: Trevenant|282\/374|[silent]
|-damage|p1a: Florges|270\/360 brn|[from] brn
|turn|8
|
|move|p1a: Florges|Wish|p1a: Florges
|move|p2a: Trevenant|Phantom Force|p1a: Florges|[still]
|-prepare|p2a: Trevenant|Phantom Force|p1a: Florges
|
|-heal|p1a: Florges|292\/360 brn|[from] item: Leftovers
|-damage|p1a: Florges|247\/360 brn|[from] Leech Seed|[of] p2a: Trevenant
|-heal|p2a: Trevenant|327\/374|[silent]
|-damage|p1a: Florges|202\/360 brn|[from] brn
|turn|9
|
|switch|p1a: Dragalge|Dragalge, F|183\/291
|move|p2a: Trevenant|Phantom Force|p1a: Dragalge
|-damage|p1a: Dragalge|51\/291
|
|-heal|p1a: Dragalge|231\/291|[from] move: Wish|[wisher] Florges
|turn|10
|
|move|p1a: Dragalge|Shadow Ball|p2a: Trevenant
|-supereffective|p2a: Trevenant
|-end|p2a: Trevenant|Substitute
|move|p2a: Trevenant|Leech Seed|p1a: Dragalge
|-start|p1a: Dragalge|move: Leech Seed
|
|-damage|p1a: Dragalge|195\/291|[from] Leech Seed|[of] p2a: Trevenant
|-heal|p2a: Trevenant|363\/374|[silent]
|turn|11
|
|move|p1a: Dragalge|Shadow Ball|p2a: Trevenant
|-supereffective|p2a: Trevenant
|-damage|p2a: Trevenant|139\/374
|-enditem|p2a: Trevenant|Sitrus Berry|[eat]
|-heal|p2a: Trevenant|232\/374|[from] item: Sitrus Berry
|move|p2a: Trevenant|Substitute|p2a: Trevenant
|-start|p2a: Trevenant|Substitute
|-damage|p2a: Trevenant|139\/374
|
|-damage|p1a: Dragalge|159\/291|[from] Leech Seed|[of] p2a: Trevenant
|-heal|p2a: Trevenant|175\/374|[silent]
|-item|p2a: Trevenant|Sitrus Berry|[from] ability: Harvest
|-enditem|p2a: Trevenant|Sitrus Berry|[eat]
|-heal|p2a: Trevenant|268\/374|[from] item: Sitrus Berry
|turn|12
|
|switch|p1a: Escavalier|Escavalier, F|341\/341
|move|p2a: Trevenant|Will-O-Wisp|p1a: Escavalier
|-status|p1a: Escavalier|brn
|
|-damage|p1a: Escavalier|299\/341 brn|[from] brn
|-item|p2a: Trevenant|Sitrus Berry|[from] ability: Harvest
|turn|13
|
|move|p2a: Trevenant|Leech Seed|p1a: Escavalier
|-start|p1a: Escavalier|move: Leech Seed
|move|p1a: Escavalier|Iron Head|p2a: Trevenant
|-end|p2a: Trevenant|Substitute
|
|-heal|p1a: Escavalier|320\/341 brn|[from] item: Leftovers
|-damage|p1a: Escavalier|278\/341 brn|[from] Leech Seed|[of] p2a: Trevenant
|-heal|p2a: Trevenant|310\/374|[silent]
|-damage|p1a: Escavalier|236\/341 brn|[from] brn
|turn|14
|
|move|p2a: Trevenant|Substitute|p2a: Trevenant
|-start|p2a: Trevenant|Substitute
|-damage|p2a: Trevenant|217\/374
|move|p1a: Escavalier|Rest|p1a: Escavalier
|-status|p1a: Escavalier|slp
|-heal|p1a: Escavalier|341\/341 slp|[silent]
|-status|p1a: Escavalier|slp|[from] move: Rest
|
|-damage|p1a: Escavalier|299\/341 slp|[from] Leech Seed|[of] p2a: Trevenant
|-heal|p2a: Trevenant|259\/374|[silent]
|turn|15
|
|move|p2a: Trevenant|Phantom Force|p1a: Escavalier|[still]
|-prepare|p2a: Trevenant|Phantom Force|p1a: Escavalier
|cant|p1a: Escavalier|slp
|move|p1a: Escavalier|Sleep Talk|p1a: Escavalier
|move|p1a: Escavalier|Iron Head|p2a: Trevenant|[from]Sleep Talk|[miss]
|-miss|p1a: Escavalier|p2a: Trevenant
|
|-heal|p1a: Escavalier|320\/341 slp|[from] item: Leftovers
|-damage|p1a: Escavalier|278\/341 slp|[from] Leech Seed|[of] p2a: Trevenant
|-heal|p2a: Trevenant|301\/374|[silent]
|turn|16
|join|DONGER MANAGEMENT
|
|move|p2a: Trevenant|Phantom Force|p1a: Escavalier
|-damage|p1a: Escavalier|158\/341 slp
|cant|p1a: Escavalier|slp
|move|p1a: Escavalier|Sleep Talk|p1a: Escavalier
|move|p1a: Escavalier|Iron Head|p2a: Trevenant|[from]Sleep Talk
|-end|p2a: Trevenant|Substitute
|
|-heal|p1a: Escavalier|179\/341 slp|[from] item: Leftovers
|-damage|p1a: Escavalier|137\/341 slp|[from] Leech Seed|[of] p2a: Trevenant
|-heal|p2a: Trevenant|343\/374|[silent]
|turn|17
|
|switch|p1a: Bronzong|Bronzong, shiny|296\/338
|move|p2a: Trevenant|Substitute|p2a: Trevenant
|-start|p2a: Trevenant|Substitute
|-damage|p2a: Trevenant|250\/374
|
|-heal|p1a: Bronzong|317\/338|[from] item: Leftovers
|turn|18
|c|★Maistero|Hm
|
|move|p2a: Trevenant|Will-O-Wisp|p1a: Bronzong
|-status|p1a: Bronzong|brn
|move|p1a: Bronzong|Gyro Ball|p2a: Trevenant
|-activate|p2a: Trevenant|Substitute|[damage]
|
|-heal|p1a: Bronzong|338\/338 brn|[from] item: Leftovers
|-damage|p1a: Bronzong|296\/338 brn|[from] brn
|turn|19
|
|switch|p1a: Florges|Florges, F|202\/360 brn
|move|p2a: Trevenant|Leech Seed|p1a: Florges
|-start|p1a: Florges|move: Leech Seed
|
|-heal|p1a: Florges|224\/360 brn|[from] item: Leftovers
|-damage|p1a: Florges|179\/360 brn|[from] Leech Seed|[of] p2a: Trevenant
|-heal|p2a: Trevenant|295\/374|[silent]
|-damage|p1a: Florges|134\/360 brn|[from] brn
|turn|20
|
|move|p1a: Florges|Wish|p1a: Florges
|move|p2a: Trevenant|Phantom Force|p1a: Florges|[still]
|-prepare|p2a: Trevenant|Phantom Force|p1a: Florges
|
|-heal|p1a: Florges|156\/360 brn|[from] item: Leftovers
|-damage|p1a: Florges|111\/360 brn|[from] Leech Seed|[of] p2a: Trevenant
|-heal|p2a: Trevenant|340\/374|[silent]
|-damage|p1a: Florges|66\/360 brn|[from] brn
|turn|21
|
|switch|p1a: Escavalier|Escavalier, F|137\/341 slp
|move|p2a: Trevenant|Phantom Force|p1a: Escavalier
|-damage|p1a: Escavalier|23\/341 slp
|
|-heal|p1a: Escavalier|203\/341 slp|[from] move: Wish|[wisher] Florges
|-heal|p1a: Escavalier|224\/341 slp|[from] item: Leftovers
|turn|22
|c|★Maistero|Ooo
|
|move|p2a: Trevenant|Leech Seed|p1a: Escavalier
|-start|p1a: Escavalier|move: Leech Seed
|-curestatus|p1a: Escavalier|slp
|move|p1a: Escavalier|Iron Head|p2a: Trevenant
|-end|p2a: Trevenant|Substitute
|
|-heal|p1a: Escavalier|245\/341|[from] item: Leftovers
|-damage|p1a: Escavalier|203\/341|[from] Leech Seed|[of] p2a: Trevenant
|-heal|p2a: Trevenant|374\/374|[silent]
|turn|23
|
|switch|p1a: Dragalge|Dragalge, F|159\/291
|move|p2a: Trevenant|Will-O-Wisp|p1a: Dragalge|[miss]
|-miss|p2a: Trevenant|p1a: Dragalge
|
|turn|24
|
|move|p1a: Dragalge|Sludge Wave|p2a: Trevenant
|-damage|p2a: Trevenant|146\/374
|-enditem|p2a: Trevenant|Sitrus Berry|[eat]
|-heal|p2a: Trevenant|239\/374|[from] item: Sitrus Berry
|move|p2a: Trevenant|Leech Seed|p1a: Dragalge
|-start|p1a: Dragalge|move: Leech Seed
|
|-damage|p1a: Dragalge|123\/291|[from] Leech Seed|[of] p2a: Trevenant
|-heal|p2a: Trevenant|275\/374|[silent]
|turn|25
|
|move|p1a: Dragalge|Sludge Wave|p2a: Trevenant
|-damage|p2a: Trevenant|31\/374
|move|p2a: Trevenant|Substitute|p2a: Trevenant
|-fail|p2a: Trevenant|move: Substitute|[weak]
|
|-damage|p1a: Dragalge|87\/291|[from] Leech Seed|[of] p2a: Trevenant
|-heal|p2a: Trevenant|67\/374|[silent]
|-item|p2a: Trevenant|Sitrus Berry|[from] ability: Harvest
|-enditem|p2a: Trevenant|Sitrus Berry|[eat]
|-heal|p2a: Trevenant|160\/374|[from] item: Sitrus Berry
|turn|26
|
|switch|p1a: Bronzong|Bronzong, shiny|296\/338 brn
|switch|p2a: Jirachi|Jirachi|341\/341
|-damage|p2a: Jirachi|320\/341|[from] Stealth Rock
|
|-heal|p1a: Bronzong|317\/338 brn|[from] item: Leftovers
|-damage|p1a: Bronzong|275\/338 brn|[from] brn
|turn|27
|
|move|p2a: Jirachi|Trick|p1a: Bronzong
|-activate|p2a: Jirachi|move: Trick|[of] p1a: Bronzong
|-item|p1a: Bronzong|Choice Scarf|[from] move: Trick
|-item|p2a: Jirachi|Leftovers|[from] move: Trick
|move|p1a: Bronzong|Toxic|p2a: Jirachi
|-fail|p2a: Jirachi
|
|-heal|p2a: Jirachi|341\/341|[from] item: Leftovers
|-damage|p1a: Bronzong|233\/338 brn|[from] brn
|turn|28
|
|move|p2a: Jirachi|U-turn|p1a: Bronzong
|-damage|p1a: Bronzong|186\/338 brn
|
|switch|p2a: Vaporeon|Vaporeon, M|464\/464
|-damage|p2a: Vaporeon|406\/464|[from] Stealth Rock
|move|p1a: Bronzong|Toxic|p2a: Vaporeon
|-status|p2a: Vaporeon|tox
|
|-heal|p2a: Vaporeon|435\/464 tox|[from] item: Leftovers
|-damage|p2a: Vaporeon|406\/464 tox|[from] psn
|-damage|p1a: Bronzong|144\/338 brn|[from] brn
|turn|29
|
|switch|p1a: Dragalge|Dragalge, F|87\/291
|move|p2a: Vaporeon|Wish|p2a: Vaporeon
|
|-heal|p2a: Vaporeon|435\/464 tox|[from] item: Leftovers
|-damage|p2a: Vaporeon|377\/464 tox|[from] psn
|turn|30
|
|move|p1a: Dragalge|Toxic Spikes|p2a: Vaporeon
|-sidestart|p2: Maistero|move: Toxic Spikes
|move|p2a: Vaporeon|Heal Bell|p2a: Vaporeon
|-cureteam|p2a: Vaporeon|[from] move: HealBell
|
|-heal|p2a: Vaporeon|464\/464|[from] move: Wish|[wisher] Vaporeon
|turn|31
|
|move|p1a: Dragalge|Toxic Spikes|p2a: Vaporeon
|-sidestart|p2: Maistero|move: Toxic Spikes
|move|p2a: Vaporeon|Scald|p1a: Dragalge
|-resisted|p1a: Dragalge
|-damage|p1a: Dragalge|42\/291
|-status|p1a: Dragalge|brn
|
|-damage|p1a: Dragalge|6\/291 brn|[from] brn
|turn|32
|
|switch|p1a: Slowking|Slowking, F|394\/394
|move|p2a: Vaporeon|Wish|p2a: Vaporeon
|
|turn|33
|
|switch|p2a: Togekiss|Togekiss, F|374\/374
|-damage|p2a: Togekiss|281\/374|[from] Stealth Rock
|move|p1a: Slowking|Trick Room|p1a: Slowking
|-fieldstart|move: Trick Room|[of] p1a: Slowking
|
|-heal|p2a: Togekiss|374\/374|[from] move: Wish|[wisher] Vaporeon
|turn|34
|
|move|p1a: Slowking|Nasty Plot|p1a: Slowking
|-boost|p1a: Slowking|spa|2
|move|p2a: Togekiss|Defog|p1a: Slowking
|-unboost|p1a: Slowking|evasion|1
|-sideend|p2: Maistero|Toxic Spikes|[from] move: Defog|[of] p2a: Togekiss
|-sideend|p2: Maistero|Stealth Rock|[from] move: Defog|[of] p2a: Togekiss
|
|turn|35
|c|★Maistero|There it is
|
|move|p1a: Slowking|Psyshock|p2a: Togekiss
|-damage|p2a: Togekiss|115\/374
|move|p2a: Togekiss|Air Slash|p1a: Slowking
|-damage|p1a: Slowking|294\/394
|
|-heal|p1a: Slowking|318\/394|[from] item: Leftovers
|-heal|p2a: Togekiss|138\/374|[from] item: Leftovers
|turn|36
|
|switch|p2a: Jirachi|Jirachi|341\/341
|move|p1a: Slowking|Scald|p2a: Jirachi
|-damage|p2a: Jirachi|100\/341
|-status|p2a: Jirachi|brn
|
|-heal|p1a: Slowking|342\/394|[from] item: Leftovers
|-heal|p2a: Jirachi|121\/341 brn|[from] item: Leftovers
|-damage|p2a: Jirachi|79\/341 brn|[from] brn
|turn|37
|
|move|p1a: Slowking|Scald|p2a: Jirachi
|-damage|p2a: Jirachi|0 fnt
|faint|p2a: Jirachi
|
|-heal|p1a: Slowking|366\/394|[from] item: Leftovers
|-fieldend|move: Trick Room
|
|switch|p2a: Trevenant|Trevenant, M|160\/374
|turn|38
|
|move|p2a: Trevenant|Phantom Force|p1a: Slowking|[still]
|-prepare|p2a: Trevenant|Phantom Force|p1a: Slowking
|move|p1a: Slowking|Psyshock|p2a: Trevenant|[miss]
|-miss|p1a: Slowking|p2a: Trevenant
|
|-heal|p1a: Slowking|390\/394|[from] item: Leftovers
|turn|39
|c| DONGER MANAGEMENT|,
|
|move|p2a: Trevenant|Phantom Force|p1a: Slowking
|-supereffective|p1a: Slowking
|-damage|p1a: Slowking|102\/394
|move|p1a: Slowking|Psyshock|p2a: Trevenant
|-damage|p2a: Trevenant|0 fnt
|faint|p2a: Trevenant
|
|-heal|p1a: Slowking|126\/394|[from] item: Leftovers
|
|switch|p2a: Honchkrow|Honchkrow, M|341\/341
|turn|40
|
|move|p2a: Honchkrow|Brave Bird|p1a: Slowking
|-damage|p1a: Slowking|0 fnt
|-damage|p2a: Honchkrow|299\/341|[from] recoil|[of] p1a: Slowking
|faint|p1a: Slowking
|-boost|p2a: Honchkrow|atk|1|[from] ability: Moxie
|
|-heal|p2a: Honchkrow|320\/341|[from] item: Leftovers
|c| DONGER MANAGEMENT|The opposing Honchkrow restored a little HP using its Leftovers!
|
|switch|p1a: Zygarde|Zygarde|359\/359
|-ability|p1a: Zygarde|Aura Break
|turn|41
|c|★Maistero|?
|
|move|p1a: Zygarde|Dragon Dance|p1a: Zygarde
|-boost|p1a: Zygarde|atk|1
|-boost|p1a: Zygarde|spe|1
|move|p2a: Honchkrow|Substitute|p2a: Honchkrow
|-start|p2a: Honchkrow|Substitute
|-damage|p2a: Honchkrow|235\/341
|
|-heal|p2a: Honchkrow|256\/341|[from] item: Leftovers
|turn|42
|
|move|p1a: Zygarde|Extreme Speed|p2a: Honchkrow
|-end|p2a: Honchkrow|Substitute
|-damage|p1a: Zygarde|324\/359|[from] item: Life Orb
|move|p2a: Honchkrow|Brave Bird|p1a: Zygarde
|-damage|p1a: Zygarde|41\/359
|-damage|p2a: Honchkrow|163\/341|[from] recoil|[of] p1a: Zygarde
|
|-heal|p2a: Honchkrow|184\/341|[from] item: Leftovers
|turn|43
|
|switch|p2a: Vaporeon|Vaporeon, M|464\/464
|move|p1a: Zygarde|Extreme Speed|p2a: Vaporeon
|-damage|p2a: Vaporeon|290\/464
|-damage|p1a: Zygarde|6\/359|[from] item: Life Orb
|
|-heal|p2a: Vaporeon|319\/464|[from] item: Leftovers
|turn|44
|
|move|p1a: Zygarde|Earthquake|p2a: Vaporeon
|-damage|p2a: Vaporeon|7\/464
|-damage|p1a: Zygarde|0 fnt|[from] item: Life Orb
|faint|p1a: Zygarde
|move|p2a: Vaporeon|Wish|p2a: Vaporeon
|
|-heal|p2a: Vaporeon|36\/464|[from] item: Leftovers
|
|switch|p1a: Florges|Florges, F|66\/360 brn
|turn|45
|
|move|p1a: Florges|Aromatherapy|p1a: Florges
|-cureteam|p1a: Florges|[from] move: Aromatherapy
|move|p2a: Vaporeon|Scald|p1a: Florges
|-damage|p1a: Florges|6\/360
|
|-heal|p2a: Vaporeon|268\/464|[from] move: Wish|[wisher] Vaporeon
|-heal|p1a: Florges|28\/360|[from] item: Leftovers
|-heal|p2a: Vaporeon|297\/464|[from] item: Leftovers
|turn|46
|
|move|p1a: Florges|Protect|p1a: Florges
|-singleturn|p1a: Florges|Protect
|move|p2a: Vaporeon|Scald|p1a: Florges
|-activate|p1a: Florges|Protect
|
|-heal|p1a: Florges|50\/360|[from] item: Leftovers
|-heal|p2a: Vaporeon|326\/464|[from] item: Leftovers
|turn|47
|
|switch|p1a: Dragalge|Dragalge, F|6\/291
|move|p2a: Vaporeon|Scald|p1a: Dragalge
|-resisted|p1a: Dragalge
|-damage|p1a: Dragalge|0 fnt
|faint|p1a: Dragalge
|
|-heal|p2a: Vaporeon|355\/464|[from] item: Leftovers
|
|switch|p1a: Florges|Florges, F|50\/360
|turn|48
|
|switch|p2a: Diancie|Diancie|241\/241
|move|p1a: Florges|Protect|p1a: Florges
|-fail|p1a: Florges
|
|-heal|p1a: Florges|72\/360|[from] item: Leftovers
|turn|49
|
|detailschange|p2a: Diancie|Diancie-Mega
|message|Diancie has Mega Evolved into Mega Diancie!
|move|p2a: Diancie|Moonblast|p1a: Florges
|-damage|p1a: Florges|0 fnt
|faint|p1a: Florges
|
|
|switch|p1a: Escavalier|Escavalier, F|203\/341
|turn|50
|
|switch|p2a: Vaporeon|Vaporeon, M|355\/464
|move|p1a: Escavalier|Iron Head|p2a: Vaporeon
|-crit|p2a: Vaporeon
|-resisted|p2a: Vaporeon
|-damage|p2a: Vaporeon|235\/464
|
|-heal|p2a: Vaporeon|264\/464|[from] item: Leftovers
|-heal|p1a: Escavalier|224\/341|[from] item: Leftovers
|turn|51
|
|move|p2a: Vaporeon|Wish|p2a: Vaporeon
|move|p1a: Escavalier|Swords Dance|p1a: Escavalier
|-boost|p1a: Escavalier|atk|2
|
|-heal|p2a: Vaporeon|293\/464|[from] item: Leftovers
|-heal|p1a: Escavalier|245\/341|[from] item: Leftovers
|turn|52
|join|Shit User
|
|move|p2a: Vaporeon|Scald|p1a: Escavalier
|-damage|p1a: Escavalier|152\/341
|-status|p1a: Escavalier|brn
|move|p1a: Escavalier|Swords Dance|p1a: Escavalier
|-boost|p1a: Escavalier|atk|2
|
|-heal|p2a: Vaporeon|464\/464|[from] move: Wish|[wisher] Vaporeon
|-heal|p1a: Escavalier|173\/341 brn|[from] item: Leftovers
|-damage|p1a: Escavalier|131\/341 brn|[from] brn
|turn|53
|
|move|p2a: Vaporeon|Scald|p1a: Escavalier
|-damage|p1a: Escavalier|29\/341 brn
|move|p1a: Escavalier|Rest|p1a: Escavalier
|-status|p1a: Escavalier|slp
|-heal|p1a: Escavalier|341\/341 slp|[silent]
|-status|p1a: Escavalier|slp|[from] move: Rest
|
|turn|54
|c| Shit User|um kek
|c|★Maistero|Hm
|c|★Maistero|This is difficult
|
|move|p2a: Vaporeon|Scald|p1a: Escavalier
|-damage|p1a: Escavalier|250\/341 slp
|cant|p1a: Escavalier|slp
|move|p1a: Escavalier|Sleep Talk|p1a: Escavalier
|move|p1a: Escavalier|Swords Dance|p1a: Escavalier|[from]Sleep Talk
|-boost|p1a: Escavalier|atk|2
|
|-heal|p1a: Escavalier|271\/341 slp|[from] item: Leftovers
|turn|55
|c| Shit User|lmao
|c|★Maistero|Well
|c|★Maistero|I don't have anything lol
|
|move|p2a: Vaporeon|Scald|p1a: Escavalier
|-damage|p1a: Escavalier|172\/341 slp
|cant|p1a: Escavalier|slp
|
|-heal|p1a: Escavalier|193\/341 slp|[from] item: Leftovers
|turn|56
|c| Shit User|toge
|join|Tipsy Russian
|
|move|p2a: Vaporeon|Scald|p1a: Escavalier
|-crit|p1a: Escavalier
|-damage|p1a: Escavalier|57\/341 slp
|-curestatus|p1a: Escavalier|slp
|move|p1a: Escavalier|Rest|p1a: Escavalier
|-status|p1a: Escavalier|slp
|-heal|p1a: Escavalier|341\/341 slp|[silent]
|-status|p1a: Escavalier|slp|[from] move: Rest
|
|turn|57
|c|★Maistero|Really don't want to wake up to an Iron Head
|
|move|p2a: Vaporeon|Scald|p1a: Escavalier
|-damage|p1a: Escavalier|244\/341 slp
|cant|p1a: Escavalier|slp
|move|p1a: Escavalier|Sleep Talk|p1a: Escavalier
|move|p1a: Escavalier|Rest|p1a: Escavalier|[from]Sleep Talk
|-fail|p1a: Escavalier
|
|-heal|p1a: Escavalier|265\/341 slp|[from] item: Leftovers
|turn|58
|c| Shit User|err
|
|move|p2a: Vaporeon|Scald|p1a: Escavalier
|-damage|p1a: Escavalier|159\/341 slp
|cant|p1a: Escavalier|slp
|move|p1a: Escavalier|Sleep Talk|p1a: Escavalier
|move|p1a: Escavalier|Iron Head|p2a: Vaporeon|[from]Sleep Talk
|-resisted|p2a: Vaporeon
|-damage|p2a: Vaporeon|176\/464
|
|-heal|p2a: Vaporeon|205\/464|[from] item: Leftovers
|-heal|p1a: Escavalier|180\/341 slp|[from] item: Leftovers
|turn|59
|c|★Maistero|See? lol
|
|move|p2a: Vaporeon|Scald|p1a: Escavalier
|-damage|p1a: Escavalier|81\/341 slp
|-curestatus|p1a: Escavalier|slp
|move|p1a: Escavalier|Rest|p1a: Escavalier
|-status|p1a: Escavalier|slp
|-heal|p1a: Escavalier|341\/341 slp|[silent]
|-status|p1a: Escavalier|slp|[from] move: Rest
|
|-heal|p2a: Vaporeon|234\/464|[from] item: Leftovers
|turn|60
|
|move|p2a: Vaporeon|Wish|p2a: Vaporeon
|cant|p1a: Escavalier|slp
|move|p1a: Escavalier|Sleep Talk|p1a: Escavalier
|move|p1a: Escavalier|Swords Dance|p1a: Escavalier|[from]Sleep Talk
|-fail|p1a: Escavalier
|
|-heal|p2a: Vaporeon|263\/464|[from] item: Leftovers
|turn|61
|c| DONGER MANAGEMENT|fuk
|
|move|p2a: Vaporeon|Scald|p1a: Escavalier
|-damage|p1a: Escavalier|238\/341 slp
|cant|p1a: Escavalier|slp
|move|p1a: Escavalier|Sleep Talk|p1a: Escavalier
|move|p1a: Escavalier|Iron Head|p2a: Vaporeon|[from]Sleep Talk
|-resisted|p2a: Vaporeon
|-damage|p2a: Vaporeon|0 fnt
|faint|p2a: Vaporeon
|
|-heal|p1a: Escavalier|259\/341 slp|[from] item: Leftovers
|c|★Maistero|Damn
|c| DONGER MANAGEMENT|eyy
|c|★Maistero|Well, at least now
|c| Shit User|this
|
|switch|p2a: Togekiss|Togekiss, F|138\/374
|turn|62
|c| Shit User|set
|c| Shit User|though
|
|move|p2a: Togekiss|Air Slash|p1a: Escavalier
|-damage|p1a: Escavalier|156\/341 slp
|-curestatus|p1a: Escavalier|slp
|cant|p1a: Escavalier|flinch
|
|-heal|p2a: Togekiss|161\/374|[from] item: Leftovers
|-heal|p1a: Escavalier|177\/341|[from] item: Leftovers
|turn|63
|c|★Maistero|I don't have any fire types lol
|
|move|p2a: Togekiss|Air Slash|p1a: Escavalier
|-crit|p1a: Escavalier
|-damage|p1a: Escavalier|18\/341
|move|p1a: Escavalier|Rest|p1a: Escavalier
|-status|p1a: Escavalier|slp
|-heal|p1a: Escavalier|341\/341 slp|[silent]
|-status|p1a: Escavalier|slp|[from] move: Rest
|
|-heal|p2a: Togekiss|184\/374|[from] item: Leftovers
|turn|64
|c|★Maistero|Shit
|c|★Maistero|I don't have Serence GRace XD
|c| Shit User|xDDDD
|
|move|p2a: Togekiss|Air Slash|p1a: Escavalier
|-crit|p1a: Escavalier
|-damage|p1a: Escavalier|203\/341 slp
|cant|p1a: Escavalier|slp
|move|p1a: Escavalier|Sleep Talk|p1a: Escavalier
|move|p1a: Escavalier|Rest|p1a: Escavalier|[from]Sleep Talk
|-fail|p1a: Escavalier
|
|-heal|p2a: Togekiss|207\/374|[from] item: Leftovers
|-heal|p1a: Escavalier|224\/341 slp|[from] item: Leftovers
|turn|65
|c| DONGER MANAGEMENT|super luck confirmed
|c|★Maistero|I can't believe that last move fucking hit lol
|c| Shit User|well your luck
|
|move|p2a: Togekiss|Air Slash|p1a: Escavalier
|-damage|p1a: Escavalier|121\/341 slp
|cant|p1a: Escavalier|slp
|move|p1a: Escavalier|Sleep Talk|p1a: Escavalier
|move|p1a: Escavalier|Rest|p1a: Escavalier|[from]Sleep Talk
|-fail|p1a: Escavalier
|
|-heal|p2a: Togekiss|230\/374|[from] item: Leftovers
|-heal|p1a: Escavalier|142\/341 slp|[from] item: Leftovers
|turn|66
|c| Shit User|lol
|c| DONGER MANAGEMENT|mfw
|c| DONGER MANAGEMENT|f
|c| DONGER MANAGEMENT|w
|
|move|p2a: Togekiss|Air Slash|p1a: Escavalier
|-damage|p1a: Escavalier|34\/341 slp
|-curestatus|p1a: Escavalier|slp
|move|p1a: Escavalier|Rest|p1a: Escavalier
|-status|p1a: Escavalier|slp
|-heal|p1a: Escavalier|341\/341 slp|[silent]
|-status|p1a: Escavalier|slp|[from] move: Rest
|
|-heal|p2a: Togekiss|253\/374|[from] item: Leftovers
|turn|67
|c| DONGER MANAGEMENT|escavalier please
|
|move|p2a: Togekiss|Air Slash|p1a: Escavalier
|-damage|p1a: Escavalier|248\/341 slp
|cant|p1a: Escavalier|slp
|cant|p1a: Escavalier|flinch
|
|-heal|p2a: Togekiss|276\/374|[from] item: Leftovers
|-heal|p1a: Escavalier|269\/341 slp|[from] item: Leftovers
|turn|68
|c| DONGER MANAGEMENT|escavalier
|c| DONGER MANAGEMENT|please
|
|move|p2a: Togekiss|Air Slash|p1a: Escavalier
|-damage|p1a: Escavalier|166\/341 slp
|cant|p1a: Escavalier|slp
|move|p1a: Escavalier|Sleep Talk|p1a: Escavalier
|move|p1a: Escavalier|Rest|p1a: Escavalier|[from]Sleep Talk
|-fail|p1a: Escavalier
|
|-heal|p2a: Togekiss|299\/374|[from] item: Leftovers
|-heal|p1a: Escavalier|187\/341 slp|[from] item: Leftovers
|turn|69
|c| DONGER MANAGEMENT|es
|c| Shit User|who is donger management
|c| DONGER MANAGEMENT|ca
|c| DONGER MANAGEMENT|va
|c| DONGER MANAGEMENT|lier
|c| DONGER MANAGEMENT|please
|
|move|p2a: Togekiss|Air Slash|p1a: Escavalier
|-damage|p1a: Escavalier|91\/341 slp
|-curestatus|p1a: Escavalier|slp
|cant|p1a: Escavalier|flinch
|
|-heal|p2a: Togekiss|322\/374|[from] item: Leftovers
|-heal|p1a: Escavalier|112\/341|[from] item: Leftovers
|turn|70
|c|★Maistero|COME ON TOGEKISS
|c|★Rudeman130498|ur jinxing it
|
|move|p2a: Togekiss|Air Slash|p1a: Escavalier
|-damage|p1a: Escavalier|16\/341
|move|p1a: Escavalier|Rest|p1a: Escavalier
|-status|p1a: Escavalier|slp
|-heal|p1a: Escavalier|341\/341 slp|[silent]
|-status|p1a: Escavalier|slp|[from] move: Rest
|
|-heal|p2a: Togekiss|345\/374|[from] item: Leftovers
|turn|71
|c| DONGER MANAGEMENT|sory
|c|★Maistero|lol damn it
|
|move|p2a: Togekiss|Air Slash|p1a: Escavalier
|-damage|p1a: Escavalier|242\/341 slp
|cant|p1a: Escavalier|slp
|move|p1a: Escavalier|Sleep Talk|p1a: Escavalier
|move|p1a: Escavalier|Rest|p1a: Escavalier|[from]Sleep Talk
|-fail|p1a: Escavalier
|
|-heal|p2a: Togekiss|368\/374|[from] item: Leftovers
|-heal|p1a: Escavalier|263\/341 slp|[from] item: Leftovers
|turn|72
|
|move|p2a: Togekiss|Air Slash|p1a: Escavalier
|-crit|p1a: Escavalier
|-damage|p1a: Escavalier|121\/341 slp
|cant|p1a: Escavalier|slp
|move|p1a: Escavalier|Sleep Talk|p1a: Escavalier
|move|p1a: Escavalier|Swords Dance|p1a: Escavalier|[from]Sleep Talk
|-fail|p1a: Escavalier
|
|-heal|p2a: Togekiss|374\/374|[from] item: Leftovers
|-heal|p1a: Escavalier|142\/341 slp|[from] item: Leftovers
|turn|73
|c|★Maistero|One flinch is all I ask
|c| Shit User|does
|
|move|p2a: Togekiss|Air Slash|p1a: Escavalier
|-damage|p1a: Escavalier|51\/341 slp
|-curestatus|p1a: Escavalier|slp
|move|p1a: Escavalier|Rest|p1a: Escavalier
|-status|p1a: Escavalier|slp
|-heal|p1a: Escavalier|341\/341 slp|[silent]
|-status|p1a: Escavalier|slp|[from] move: Rest
|
|turn|74
|c| Shit User|hax
|c| Shit User|exist
|c| Shit User|lol
|c|★Maistero|Fuck
|
|move|p2a: Togekiss|Air Slash|p1a: Escavalier
|-damage|p1a: Escavalier|241\/341 slp
|cant|p1a: Escavalier|slp
|move|p1a: Escavalier|Sleep Talk|p1a: Escavalier
|move|p1a: Escavalier|Rest|p1a: Escavalier|[from]Sleep Talk
|-fail|p1a: Escavalier
|
|-heal|p1a: Escavalier|262\/341 slp|[from] item: Leftovers
|turn|75
|c| Shit User|youre haxing pretty bad
|c| Shit User|tbf
|c| DONGER MANAGEMENT|how many rolls can one guy get
|
|move|p2a: Togekiss|Air Slash|p1a: Escavalier
|-damage|p1a: Escavalier|169\/341 slp
|cant|p1a: Escavalier|slp
|cant|p1a: Escavalier|flinch
|
|-heal|p1a: Escavalier|190\/341 slp|[from] item: Leftovers
|turn|76
|c| Shit User|lol
|c|★Maistero|Uh, you got any other strategies for me?
|
|move|p2a: Togekiss|Air Slash|p1a: Escavalier
|-crit|p1a: Escavalier
|-damage|p1a: Escavalier|40\/341 slp
|-curestatus|p1a: Escavalier|slp
|cant|p1a: Escavalier|flinch
|
|-heal|p1a: Escavalier|61\/341|[from] item: Leftovers
|turn|77
|c| DONGER MANAGEMENT|EPIC
|c| Shit User|brave bird
|c| DONGER MANAGEMENT|P
|c| DONGER MANAGEMENT|I
|c| DONGER MANAGEMENT|C
|c|★Maistero|YES
|c| Shit User|LMAO
|c| DONGER MANAGEMENT|poopyhead
|leave|DONGER MANAGEMENT
|c|★Rudeman130498|pokemon is a game where the more skilled player wins
|c| Shit User|yes
|-message|Rudeman130498 forfeited.
|
|win|Maistero
|raw|Ladder updating...
|leave|Rudeman130498
|player|p1
|c| Shit User|he can
|c| Shit User|miss
|c|★Maistero|I'm using all of the available options I have
|raw|Rudeman130498's rating: 1346 &rarr; <strong>1327<\/strong><br \/>(-19 for losing)
|raw|Maistero's rating: 1361 &rarr; <strong>1381<\/strong><br \/>(+20 for winning)
|leave|Shit User
|c|★Maistero|He doesn't even have Serene Grace lol
|leave|Tipsy Russian
|leave|Maistero
|player|p2