|join|ZephyrBurst
|join|krom90
|player|p1|ZephyrBurst|102
|player|p2|krom90|23
|gametype|singles
|gen|6
|tier|OU
|rated
|clearpoke
|poke|p1|Absol, M
|poke|p1|Azumarill, F
|poke|p1|Landorus-Therian, M
|poke|p1|Heatran, F
|poke|p1|Kyurem-Black
|poke|p1|Zapdos
|poke|p2|Rotom-Wash
|poke|p2|Bisharp, F
|poke|p2|Sceptile, M
|poke|p2|Jellicent, M
|poke|p2|Klefki, M
|poke|p2|Gliscor, F
|rule|Swagger Clause: Swagger is banned
|rule|Baton Pass Clause: Limit one Pokémon knowing Baton Pass
|rule|Sleep Clause Mod: Limit one foe put to sleep
|rule|Species Clause: Limit one of each Pokémon
|rule|OHKO Clause: OHKO moves are banned
|rule|Moody Clause: Moody is banned
|rule|Evasion Moves Clause: Evasion moves are banned
|rule|Endless Battle Clause: Forcing endless battles is banned
|rule|HP Percentage Mod: HP is shown in percentages
|teampreview
|
|start
|switch|p1a: Sol|Absol, M|271\/271
|switch|p2a: Gliscor|Gliscor, F|352\/352
|turn|1
|
|detailschange|p1a: Sol|Absol-Mega, M
|message|Absol has Mega Evolved into Mega Absol!
|move|p2a: Gliscor|Earthquake|p1a: Sol
|-damage|p1a: Sol|87\/271
|move|p1a: Sol|Knock Off|p2a: Gliscor
|-crit|p2a: Gliscor
|-damage|p2a: Gliscor|135\/352
|-enditem|p2a: Gliscor|Toxic Orb|[from] move: Knock Off|[of] p1a: Sol
|
|turn|2
|
|switch|p1a: Kyurem-Black|Kyurem-Black|391\/391
|-ability|p1a: Kyurem-Black|Teravolt
|move|p2a: Gliscor|Earthquake|p1a: Kyurem-Black
|-damage|p1a: Kyurem-Black|283\/391
|
|turn|3
|
|switch|p2a: Klefki|Klefki, M|318\/318
|move|p1a: Kyurem-Black|Ice Beam|p2a: Klefki
|-resisted|p2a: Klefki
|-damage|p2a: Klefki|198\/318
|-damage|p1a: Kyurem-Black|244\/391|[from] item: Life Orb
|
|-heal|p2a: Klefki|217\/318|[from] item: Leftovers
|turn|4
|
|move|p1a: Kyurem-Black|Earth Power|p2a: Klefki
|-supereffective|p2a: Klefki
|-damage|p2a: Klefki|0 fnt
|-damage|p1a: Kyurem-Black|205\/391|[from] item: Life Orb
|faint|p2a: Klefki
|
|
|switch|p2a: Sceptile|Sceptile, M|282\/282
|turn|5
|
|switch|p1a: Heatran|Heatran, F|385\/385
|detailschange|p2a: Sceptile|Sceptile-Mega, M
|message|Sceptile has Mega Evolved into Mega Sceptile!
|move|p2a: Sceptile|Substitute|p2a: Sceptile
|-start|p2a: Sceptile|Substitute
|-damage|p2a: Sceptile|212\/282
|
|turn|6
|
|move|p2a: Sceptile|Giga Drain|p1a: Heatran
|-resisted|p1a: Heatran
|-damage|p1a: Heatran|360\/385
|-heal|p2a: Sceptile|225\/282|[from] drain|[of] p1a: Heatran
|move|p1a: Heatran|Magma Storm|p2a: Sceptile
|-end|p2a: Sceptile|Substitute
|
|-heal|p1a: Heatran|384\/385|[from] item: Leftovers
|turn|7
|
|switch|p2a: Rotom-Wash|Rotom-Wash|303\/303
|move|p1a: Heatran|Magma Storm|p2a: Rotom-Wash
|-resisted|p2a: Rotom-Wash
|-damage|p2a: Rotom-Wash|236\/303
|-activate|p2a: Rotom-Wash|move: Magma Storm|[of] p1a: Heatran
|
|-heal|p2a: Rotom-Wash|254\/303|[from] item: Leftovers
|-heal|p1a: Heatran|385\/385|[from] item: Leftovers
|-damage|p2a: Rotom-Wash|217\/303|[from] move: Magma Storm|[partiallytrapped]
|turn|8
|
|move|p1a: Heatran|Protect|p1a: Heatran
|-singleturn|p1a: Heatran|Protect
|move|p2a: Rotom-Wash|Hydro Pump|p1a: Heatran
|-activate|p1a: Heatran|Protect
|
|-heal|p2a: Rotom-Wash|235\/303|[from] item: Leftovers
|-damage|p2a: Rotom-Wash|198\/303|[from] move: Magma Storm|[partiallytrapped]
|turn|9
|
|switch|p1a: Kyurem-Black|Kyurem-Black|205\/391
|-ability|p1a: Kyurem-Black|Teravolt
|move|p2a: Rotom-Wash|Volt Switch|p1a: Kyurem-Black
|-resisted|p1a: Kyurem-Black
|-damage|p1a: Kyurem-Black|158\/391
|
|switch|p2a: Sceptile|Sceptile-Mega, M|225\/282
|
|turn|10
|
|switch|p2a: Jellicent|Jellicent, M|403\/403
|switch|p1a: Heatran|Heatran, F|385\/385
|
|turn|11
|
|move|p1a: Heatran|Taunt|p2a: Jellicent
|-start|p2a: Jellicent|move: Taunt
|move|p2a: Jellicent|Scald|p1a: Heatran
|-supereffective|p1a: Heatran
|-damage|p1a: Heatran|277\/385
|
|-heal|p1a: Heatran|301\/385|[from] item: Leftovers
|turn|12
|
|switch|p2a: Rotom-Wash|Rotom-Wash|198\/303
|move|p1a: Heatran|Toxic|p2a: Rotom-Wash
|-status|p2a: Rotom-Wash|tox
|
|-heal|p2a: Rotom-Wash|216\/303 tox|[from] item: Leftovers
|-heal|p1a: Heatran|325\/385|[from] item: Leftovers
|-damage|p2a: Rotom-Wash|198\/303 tox|[from] psn
|turn|13
|
|switch|p2a: Gliscor|Gliscor, F|135\/352
|move|p1a: Heatran|Protect|p1a: Heatran
|-fail|p1a: Heatran
|
|-heal|p1a: Heatran|349\/385|[from] item: Leftovers
|turn|14
|
|switch|p1a: Zapdos|Zapdos|384\/384
|-ability|p1a: Zapdos|Pressure
|move|p2a: Gliscor|Stealth Rock|p1a: Zapdos
|-sidestart|p1: ZephyrBurst|move: Stealth Rock
|
|turn|15
|
|switch|p2a: Bisharp|Bisharp, F|272\/272
|move|p1a: Zapdos|Heat Wave|p2a: Bisharp
|-supereffective|p2a: Bisharp
|-damage|p2a: Bisharp|32\/272
|
|turn|16
|
|move|p1a: Zapdos|Thunderbolt|p2a: Bisharp
|-damage|p2a: Bisharp|0 fnt
|faint|p2a: Bisharp
|
|
|switch|p2a: Jellicent|Jellicent, M|403\/403
|turn|17
|
|switch|p2a: Sceptile|Sceptile-Mega, M|225\/282
|move|p1a: Zapdos|Defog|p2a: Sceptile
|-unboost|p2a: Sceptile|evasion|1
|-sideend|p1: ZephyrBurst|Stealth Rock|[from] move: Defog|[of] p1a: Zapdos
|
|turn|18
|-message|krom90 forfeited.
|
|win|ZephyrBurst
|raw|Ladder updating...
|leave|krom90
|player|p2
|raw|ZephyrBurst's rating: 1385 &rarr; <strong>1404<\/strong><br \/>(+19 for winning)
|raw|krom90's rating: 1370 &rarr; <strong>1351<\/strong><br \/>(-19 for losing)