|join|ZephyrBurst
|join|subzeromk
|player|p1|ZephyrBurst|102
|player|p2|subzeromk|20
|gametype|singles
|gen|6
|tier|OU
|rated
|clearpoke
|poke|p1|Politoed, F
|poke|p1|Omastar, M
|poke|p1|Kingdra, F
|poke|p1|Azelf
|poke|p1|Scizor, F
|poke|p1|Lopunny, F
|poke|p2|Azumarill, M
|poke|p2|Garchomp, M
|poke|p2|Latias, F
|poke|p2|Gardevoir, F
|poke|p2|Celebi
|poke|p2|Bisharp, M
|rule|Swagger Clause: Swagger is banned
|rule|Baton Pass Clause: Limit one Pokémon knowing Baton Pass
|rule|Sleep Clause Mod: Limit one foe put to sleep
|rule|Species Clause: Limit one of each Pokémon
|rule|OHKO Clause: OHKO moves are banned
|rule|Moody Clause: Moody is banned
|rule|Evasion Moves Clause: Evasion moves are banned
|rule|Endless Battle Clause: Forcing endless battles is banned
|rule|HP Percentage Mod: HP is shown in percentages
|teampreview
|
|start
|switch|p1a: Azelf|Azelf|291\/291
|switch|p2a: Azumarill|Azumarill, M|363\/363
|turn|1
|
|move|p2a: Azumarill|Aqua Jet|p1a: Azelf
|-damage|p1a: Azelf|114\/291
|move|p1a: Azelf|Psyshock|p2a: Azumarill
|-damage|p2a: Azumarill|182\/363
|
|turn|2
|
|switch|p1a: Politoed|Politoed, F|383\/383
|-weather|RainDance
|move|p2a: Azumarill|Aqua Jet|p1a: Politoed
|-resisted|p1a: Politoed
|-damage|p1a: Politoed|303\/383
|
|-weather|RainDance|[upkeep]
|turn|3
|
|switch|p2a: Celebi|Celebi|404\/404
|switch|p1a: Scizor|Scizor, F|281\/281
|
|-weather|RainDance|[upkeep]
|turn|4
|
|switch|p2a: Garchomp|Garchomp, M|419\/419
|move|p1a: Scizor|Swords Dance|p1a: Scizor
|-boost|p1a: Scizor|atk|2
|
|-weather|RainDance|[upkeep]
|turn|5
|
|move|p1a: Scizor|Bullet Punch|p2a: Garchomp
|-damage|p2a: Garchomp|203\/419
|-damage|p1a: Scizor|246\/281|[from] ability: Rough Skin|[of] p2a: Garchomp
|-damage|p1a: Scizor|200\/281|[from] item: Rocky Helmet|[of] p2a: Garchomp
|-damage|p1a: Scizor|172\/281|[from] item: Life Orb
|move|p2a: Garchomp|Stealth Rock|p1a: Scizor
|-sidestart|p1: ZephyrBurst|move: Stealth Rock
|
|-weather|RainDance|[upkeep]
|turn|6
|
|move|p1a: Scizor|Bullet Punch|p2a: Garchomp
|-damage|p2a: Garchomp|0 fnt
|-damage|p1a: Scizor|137\/281|[from] ability: Rough Skin|[of] p2a: Garchomp
|-damage|p1a: Scizor|91\/281|[from] item: Rocky Helmet|[of] p2a: Garchomp
|-damage|p1a: Scizor|63\/281|[from] item: Life Orb
|faint|p2a: Garchomp
|
|-weather|RainDance|[upkeep]
|
|switch|p2a: Bisharp|Bisharp, M|272\/272
|turn|7
|
|move|p1a: Scizor|Bullet Punch|p2a: Bisharp
|-resisted|p2a: Bisharp
|-damage|p2a: Bisharp|111\/272
|-damage|p1a: Scizor|35\/281|[from] item: Life Orb
|move|p2a: Bisharp|Knock Off|p1a: Scizor
|-damage|p1a: Scizor|0 fnt
|-enditem|p1a: Scizor|Life Orb|[from] move: Knock Off|[of] p2a: Bisharp
|-damage|p2a: Bisharp|84\/272|[from] item: Life Orb
|faint|p1a: Scizor
|
|-weather|RainDance|[upkeep]
|
|switch|p1a: Lopunny|Lopunny, F|271\/271
|-damage|p1a: Lopunny|238\/271|[from] Stealth Rock
|turn|8
|
|switch|p2a: Celebi|Celebi|404\/404
|detailschange|p1a: Lopunny|Lopunny-Mega, F
|-mega|p1a: Lopunny|Lopunny|Lopunnite
|move|p1a: Lopunny|Substitute|p1a: Lopunny
|-start|p1a: Lopunny|Substitute
|-damage|p1a: Lopunny|171\/271
|
|-weather|RainDance|[upkeep]
|turn|9
|
|move|p1a: Lopunny|Frustration|p2a: Celebi
|-damage|p2a: Celebi|226\/404
|move|p2a: Celebi|Giga Drain|p1a: Lopunny
|-crit|p1a: Lopunny
|-end|p1a: Lopunny|Substitute
|-heal|p2a: Celebi|260\/404|[from] drain|[of] p1a: Lopunny
|
|-weather|none
|-heal|p2a: Celebi|285\/404|[from] item: Leftovers
|turn|10
|
|move|p1a: Lopunny|Frustration|p2a: Celebi
|-damage|p2a: Celebi|104\/404
|move|p2a: Celebi|Giga Drain|p1a: Lopunny
|-damage|p1a: Lopunny|78\/271
|-heal|p2a: Celebi|151\/404|[from] drain|[of] p1a: Lopunny
|
|-heal|p2a: Celebi|176\/404|[from] item: Leftovers
|turn|11
|
|move|p1a: Lopunny|Frustration|p2a: Celebi
|-crit|p2a: Celebi
|-damage|p2a: Celebi|0 fnt
|faint|p2a: Celebi
|
|
|switch|p2a: Azumarill|Azumarill, M|182\/363
|turn|12
|
|switch|p1a: Azelf|Azelf|114\/291
|-damage|p1a: Azelf|78\/291|[from] Stealth Rock
|move|p2a: Azumarill|Aqua Jet|p1a: Azelf
|-damage|p1a: Azelf|0 fnt
|faint|p1a: Azelf
|
|
|switch|p1a: Politoed|Politoed, F|303\/383
|-damage|p1a: Politoed|256\/383|[from] Stealth Rock
|-weather|RainDance
|turn|13
|
|switch|p2a: Gardevoir|Gardevoir, F|314\/314
|-ability|p2a: Gardevoir|Drizzle|[from] ability: Trace|[of] p1a: Politoed
|move|p1a: Politoed|Scald|p2a: Gardevoir
|-damage|p2a: Gardevoir|194\/314
|
|-weather|RainDance|[upkeep]
|turn|14
|
|detailschange|p2a: Gardevoir|Gardevoir-Mega, F
|-mega|p2a: Gardevoir|Gardevoir|Gardevoirite
|move|p2a: Gardevoir|Hyper Voice|p1a: Politoed
|-damage|p1a: Politoed|0 fnt
|faint|p1a: Politoed
|
|-weather|RainDance|[upkeep]
|
|switch|p1a: Omastar|Omastar, M|281\/281
|-damage|p1a: Omastar|246\/281|[from] Stealth Rock
|turn|15
|
|switch|p2a: Latias|Latias, F|319\/319
|move|p1a: Omastar|Hydro Pump|p2a: Latias
|-resisted|p2a: Latias
|-damage|p2a: Latias|136\/319
|
|-weather|RainDance|[upkeep]
|turn|16
|
|move|p1a: Omastar|Hydro Pump|p2a: Latias
|-resisted|p2a: Latias
|-damage|p2a: Latias|0 fnt
|faint|p2a: Latias
|
|-weather|RainDance|[upkeep]
|
|switch|p2a: Gardevoir|Gardevoir-Mega, F|194\/314
|turn|17
|
|move|p1a: Omastar|Hydro Pump|p2a: Gardevoir
|-damage|p2a: Gardevoir|0 fnt
|faint|p2a: Gardevoir
|
|-weather|RainDance|[upkeep]
|
|switch|p2a: Bisharp|Bisharp, M|84\/272
|turn|18
|
|move|p1a: Omastar|Hydro Pump|p2a: Bisharp
|-damage|p2a: Bisharp|0 fnt
|faint|p2a: Bisharp
|
|-weather|RainDance|[upkeep]
|-message|subzeromk forfeited.
|leave|subzeromk
|
|win|ZephyrBurst
|raw|Ladder updating...
|player|p2
|raw|ZephyrBurst's rating: 1602 &rarr; <strong>1626<\/strong><br \/>(+24 for winning)
|raw|subzeromk's rating: 1688 &rarr; <strong>1663<\/strong><br \/>(-25 for losing)