|join|Pete Zahut
|join|Raavv
|player|p1|Pete Zahut|92
|player|p2|Raavv|115
|gametype|singles
|gen|6
|tier|UU
|rated
|rule|Sleep Clause Mod: Limit one foe put to sleep
|rule|Species Clause: Limit one of each Pokémon
|rule|OHKO Clause: OHKO moves are banned
|rule|Moody Clause: Moody is banned
|rule|Evasion Moves Clause: Evasion moves are banned
|rule|Endless Battle Clause: Forcing endless battles is banned
|rule|HP Percentage Mod: HP is reported as percentages
|clearpoke
|poke|p1|Nidoking, M, shiny
|poke|p1|Blissey, F
|poke|p1|Toxicroak, M, shiny
|poke|p1|Aromatisse, F, shiny
|poke|p1|Swampert, F
|poke|p1|Absol, M
|poke|p2|Starmie
|poke|p2|Celebi
|poke|p2|Entei, shiny
|poke|p2|Infernape, F
|poke|p2|Raikou
|poke|p2|Suicune
|rule|Swagger Clause: Swagger is banned
|rule|Baton Pass Clause: Limit one Pokémon knowing Baton Pass
|teampreview
|join|Wholesome
|
|start
|switch|p1a: Swampert|Swampert, F|404\/404
|switch|p2a: Raikou|Raikou|322\/322
|-ability|p2a: Raikou|Pressure
|turn|1
|
|move|p2a: Raikou|Hidden Power|p1a: Swampert
|-supereffective|p1a: Swampert
|-damage|p1a: Swampert|0 fnt
|faint|p1a: Swampert
|
|
|switch|p1a: Absol|Absol, M|271\/271
|turn|2
|
|switch|p2a: Infernape|Infernape, F|293\/293
|detailschange|p1a: Absol|Absol-Mega, M
|message|Absol has Mega Evolved into Mega Absol!
|move|p1a: Absol|Swords Dance|p1a: Absol
|-boost|p1a: Absol|atk|2
|
|turn|3
|
|move|p1a: Absol|Sucker Punch|p2a: Infernape
|-resisted|p2a: Infernape
|-damage|p2a: Infernape|51\/293
|move|p2a: Infernape|Mach Punch|p1a: Absol
|-supereffective|p1a: Absol
|-damage|p1a: Absol|37\/271
|-damage|p2a: Infernape|22\/293|[from] item: Life Orb
|
|turn|4
|
|move|p2a: Infernape|Mach Punch|p1a: Absol
|-supereffective|p1a: Absol
|-damage|p1a: Absol|0 fnt
|-damage|p2a: Infernape|0 fnt|[from] item: Life Orb
|faint|p1a: Absol
|faint|p2a: Infernape
|
|
|switch|p2a: Raikou|Raikou|322\/322
|switch|p1a: Aromatisse|Aromatisse, F, shiny|406\/406
|-ability|p2a: Raikou|Pressure
|turn|5
|
|move|p1a: Aromatisse|Protect|p1a: Aromatisse
|-singleturn|p1a: Aromatisse|Protect
|move|p2a: Raikou|Volt Switch|p1a: Aromatisse
|-activate|p1a: Aromatisse|Protect
|
|turn|6
|
|switch|p2a: Suicune|Suicune|404\/404
|-ability|p2a: Suicune|Pressure
|switch|p1a: Toxicroak|Toxicroak, M, shiny|307\/307
|
|turn|7
|
|move|p1a: Toxicroak|Knock Off|p2a: Suicune
|-damage|p2a: Suicune|336\/404
|-enditem|p2a: Suicune|Leftovers|[from] move: Knock Off|[of] p1a: Toxicroak
|move|p2a: Suicune|Extrasensory|p1a: Toxicroak
|-supereffective|p1a: Toxicroak
|-damage|p1a: Toxicroak|103\/307
|
|turn|8
|
|move|p1a: Toxicroak|Drain Punch|p2a: Suicune
|-damage|p2a: Suicune|257\/404
|-heal|p1a: Toxicroak|143\/307|[from] drain|[of] p2a: Suicune
|move|p2a: Suicune|Scald|p1a: Toxicroak
|-heal|p1a: Toxicroak|219\/307|[from] ability: Dry Skin|[of] p2a: Suicune
|
|turn|9
|chat|Pete Zahut|people and his retarded shit
|chat|Wholesome|:]
|chat|Raavv|Retarded?
|chat|Raavv|It's called different
|chat|Raavv|you're the retarded one. Staying in on the extrasensory after you knew I had it
|
|move|p1a: Toxicroak|Power-Up Punch|p2a: Suicune
|-damage|p2a: Suicune|215\/404
|-boost|p1a: Toxicroak|atk|1
|move|p2a: Suicune|Extrasensory|p1a: Toxicroak
|-supereffective|p1a: Toxicroak
|-damage|p1a: Toxicroak|11\/307
|
|turn|10
|
|move|p1a: Toxicroak|Drain Punch|p2a: Suicune
|-damage|p2a: Suicune|100\/404
|-heal|p1a: Toxicroak|69\/307|[from] drain|[of] p2a: Suicune
|move|p2a: Suicune|Extrasensory|p1a: Toxicroak
|-supereffective|p1a: Toxicroak
|-damage|p1a: Toxicroak|0 fnt
|faint|p1a: Toxicroak
|
|chat|Raavv|and again
|chat|Pete Zahut|you kno the only suicune that does work is the restalk cm
|chat|Pete Zahut|what does this one do?
|chat|Pete Zahut|beats toxicreak
|chat|Wholesome|exactly
|chat|Pete Zahut|what does toxicroak do? just beats suicunes
|chat|Wholesome|its suicune's only counter
|chat|Raavv|not only
|chat|Raavv|but the most common because it can set up on it
|chat|Raavv|it also hits Amoongus
|chat|Pete Zahut|slowbro hello?
|chat|Raavv|Hi
|
|switch|p1a: Nidoking|Nidoking, M, shiny|304\/304
|turn|11
|chat|Raavv|Slowbro
|chat|Raavv|I have Raikou and Celebi
|
|move|p1a: Nidoking|Sludge Wave|p2a: Suicune
|-damage|p2a: Suicune|0 fnt
|faint|p2a: Suicune
|
|
|switch|p2a: Starmie|Starmie|261\/261
|turn|12
|
|switch|p1a: Aromatisse|Aromatisse, F, shiny|406\/406
|move|p2a: Starmie|Psyshock|p1a: Aromatisse
|-damage|p1a: Aromatisse|276\/406
|-damage|p2a: Starmie|235\/261|[from] item: Life Orb
|
|-heal|p1a: Aromatisse|301\/406|[from] item: Leftovers
|turn|13
|
|switch|p2a: Entei|Entei, shiny|372\/372
|-ability|p2a: Entei|Pressure
|switch|p1a: Nidoking|Nidoking, M, shiny|304\/304
|
|turn|14
|
|switch|p2a: Celebi|Celebi|341\/341
|move|p1a: Nidoking|Earth Power|p2a: Celebi
|-resisted|p2a: Celebi
|-damage|p2a: Celebi|233\/341
|
|turn|15
|
|switch|p2a: Entei|Entei, shiny|372\/372
|-ability|p2a: Entei|Pressure
|switch|p1a: Blissey|Blissey, F|714\/714
|
|turn|16
|
|move|p1a: Blissey|Protect|p1a: Blissey
|-singleturn|p1a: Blissey|Protect
|move|p2a: Entei|Sacred Fire|p1a: Blissey
|-activate|p1a: Blissey|Protect
|
|turn|17
|
|switch|p1a: Aromatisse|Aromatisse, F, shiny|301\/406
|move|p2a: Entei|Sacred Fire|p1a: Aromatisse
|-damage|p1a: Aromatisse|60\/406
|
|-heal|p1a: Aromatisse|85\/406|[from] item: Leftovers
|turn|18
|
|move|p1a: Aromatisse|Protect|p1a: Aromatisse
|-singleturn|p1a: Aromatisse|Protect
|move|p2a: Entei|Sacred Fire|p1a: Aromatisse
|-activate|p1a: Aromatisse|Protect
|
|-heal|p1a: Aromatisse|110\/406|[from] item: Leftovers
|turn|19
|
|switch|p2a: Starmie|Starmie|235\/261
|move|p1a: Aromatisse|Wish|p1a: Aromatisse
|
|-heal|p1a: Aromatisse|135\/406|[from] item: Leftovers
|turn|20
|
|move|p1a: Aromatisse|Protect|p1a: Aromatisse
|-singleturn|p1a: Aromatisse|Protect
|move|p2a: Starmie|Psyshock|p1a: Aromatisse
|-activate|p1a: Aromatisse|Protect
|
|-heal|p1a: Aromatisse|338\/406|[from] move: Wish|[wisher] Aromatisse
|-heal|p1a: Aromatisse|363\/406|[from] item: Leftovers
|turn|21
|
|move|p2a: Starmie|Scald|p1a: Aromatisse
|-crit|p1a: Aromatisse
|-damage|p1a: Aromatisse|86\/406
|-damage|p2a: Starmie|209\/261|[from] item: Life Orb
|move|p1a: Aromatisse|Wish|p1a: Aromatisse
|
|-heal|p1a: Aromatisse|111\/406|[from] item: Leftovers
|turn|22
|
|move|p2a: Starmie|Scald|p1a: Aromatisse
|-damage|p1a: Aromatisse|0 fnt
|-damage|p2a: Starmie|183\/261|[from] item: Life Orb
|faint|p1a: Aromatisse
|
|chat|Pete Zahut|you reterded playstyle
|chat|Pete Zahut|god
|chat|Wholesome|reterded
|chat|Wholesome|nice one
|-message|Pete Zahut forfeited.
|
|win|Raavv
|raw|Ladder updating...
|leave|Pete Zahut
|player|p1
|raw|Pete Zahut's rating: 1495 &rarr; <strong>1469<\/strong><br \/>(-26 for losing)
|raw|Raavv's rating: 1397 &rarr; <strong>1423<\/strong><br \/>(+26 for winning)
|chat|Raavv|Idiot