|join|Snowballin
|join|vulpizz
|player|p1|Snowballin|92
|player|p2|vulpizz|184
|gametype|singles
|gen|6
|tier|UU
|rated
|rule|Sleep Clause Mod: Limit one foe put to sleep
|rule|Species Clause: Limit one of each Pokémon
|rule|OHKO Clause: OHKO moves are banned
|rule|Moody Clause: Moody is banned
|rule|Evasion Moves Clause: Evasion moves are banned
|rule|Endless Battle Clause: Forcing endless battles is banned
|rule|HP Percentage Mod: HP is shown in percentages
|clearpoke
|poke|p1|Goodra, M
|poke|p1|Escavalier, F
|poke|p1|Florges, F
|poke|p1|Gligar, F
|poke|p1|Ampharos, F
|poke|p1|Honchkrow, M
|poke|p2|Shuckle, M
|poke|p2|Drapion, F
|poke|p2|Jirachi, shiny
|poke|p2|Slaking, M
|poke|p2|Swampert, M
|poke|p2|Umbreon, M
|rule|Swagger Clause: Swagger is banned
|rule|Baton Pass Clause: Limit one Pokémon knowing Baton Pass
|teampreview
|
|start
|switch|p1a: Escavalier|Escavalier, F|324\/324
|switch|p2a: Shuckle|Shuckle, M|244\/244
|turn|1
|
|move|p1a: Escavalier|Iron Head|p2a: Shuckle
|-supereffective|p2a: Shuckle
|-damage|p2a: Shuckle|128\/244
|move|p2a: Shuckle|Stealth Rock|p1a: Escavalier
|-sidestart|p1: Snowballin|move: Stealth Rock
|
|-heal|p2a: Shuckle|143\/244|[from] item: Leftovers
|turn|2
|
|move|p1a: Escavalier|Iron Head|p2a: Shuckle
|-supereffective|p2a: Shuckle
|-damage|p2a: Shuckle|27\/244
|cant|p2a: Shuckle|flinch
|
|-heal|p2a: Shuckle|42\/244|[from] item: Leftovers
|turn|3
|
|switch|p2a: Swampert|Swampert, M|404\/404
|move|p1a: Escavalier|Knock Off|p2a: Swampert
|-damage|p2a: Swampert|300\/404
|-enditem|p2a: Swampert|Leftovers|[from] move: Knock Off|[of] p1a: Escavalier
|
|turn|4
|
|move|p2a: Swampert|Scald|p1a: Escavalier
|-damage|p1a: Escavalier|267\/324
|-status|p1a: Escavalier|brn
|move|p1a: Escavalier|Megahorn|p2a: Swampert
|-damage|p2a: Swampert|209\/404
|
|-damage|p1a: Escavalier|227\/324 brn|[from] brn
|turn|5
|
|switch|p1a: Florges|Florges, F|360\/360
|-damage|p1a: Florges|315\/360|[from] Stealth Rock
|move|p2a: Swampert|Earthquake|p1a: Florges
|-damage|p1a: Florges|176\/360
|
|-heal|p1a: Florges|198\/360|[from] item: Leftovers
|turn|6
|
|switch|p2a: Jirachi|Jirachi, shiny|341\/341
|move|p1a: Florges|Wish|p1a: Florges
|
|-heal|p1a: Florges|220\/360|[from] item: Leftovers
|turn|7
|
|switch|p1a: Gligar|Gligar, F|334\/334
|-damage|p1a: Gligar|293\/334|[from] Stealth Rock
|move|p2a: Jirachi|Substitute|p2a: Jirachi
|-start|p2a: Jirachi|Substitute
|-damage|p2a: Jirachi|256\/341
|
|-heal|p1a: Gligar|334\/334|[from] move: Wish|[wisher] Florges
|-heal|p2a: Jirachi|277\/341|[from] item: Leftovers
|turn|8
|
|move|p2a: Jirachi|Energy Ball|p1a: Gligar
|-damage|p1a: Gligar|268\/334
|move|p1a: Gligar|Defog|p2a: Jirachi
|-sideend|p1: Snowballin|Stealth Rock|[from] move: Defog|[of] p1a: Gligar
|
|-heal|p2a: Jirachi|298\/341|[from] item: Leftovers
|turn|9
|
|move|p2a: Jirachi|Moonblast|p1a: Gligar
|-damage|p1a: Gligar|206\/334
|-unboost|p1a: Gligar|spa|1
|move|p1a: Gligar|Earthquake|p2a: Jirachi
|-supereffective|p2a: Jirachi
|-end|p2a: Jirachi|Substitute
|
|-heal|p2a: Jirachi|319\/341|[from] item: Leftovers
|turn|10
|
|switch|p2a: Umbreon|Umbreon, M|394\/394
|move|p1a: Gligar|Stealth Rock|p2a: Umbreon
|-sidestart|p2: vulpizz|move: Stealth Rock
|
|turn|11
|
|switch|p1a: Florges|Florges, F|220\/360
|move|p2a: Umbreon|Wish|p2a: Umbreon
|
|-heal|p1a: Florges|242\/360|[from] item: Leftovers
|turn|12
|
|switch|p2a: Swampert|Swampert, M|209\/404
|-damage|p2a: Swampert|184\/404|[from] Stealth Rock
|move|p1a: Florges|Aromatherapy|p1a: Florges
|-cureteam|p1a: Florges|[from] move: Aromatherapy
|
|-heal|p2a: Swampert|381\/404|[from] move: Wish|[wisher] Umbreon
|-heal|p1a: Florges|264\/360|[from] item: Leftovers
|turn|13
|
|switch|p1a: Goodra|Goodra, M|384\/384
|move|p2a: Swampert|Stealth Rock|p1a: Goodra
|-sidestart|p1: Snowballin|move: Stealth Rock
|
|turn|14
|c|★Snowballin|ah
|c|★Snowballin|the double rocks
|c|★Snowballin|lel
|
|switch|p2a: Umbreon|Umbreon, M|394\/394
|-damage|p2a: Umbreon|345\/394|[from] Stealth Rock
|move|p1a: Goodra|Power Whip|p2a: Umbreon
|-damage|p2a: Umbreon|163\/394
|
|-heal|p2a: Umbreon|187\/394|[from] item: Leftovers
|turn|15
|
|switch|p2a: Drapion|Drapion, F|344\/344
|-damage|p2a: Drapion|301\/344|[from] Stealth Rock
|move|p1a: Goodra|Power Whip|p2a: Drapion
|-resisted|p2a: Drapion
|-damage|p2a: Drapion|221\/344
|
|-heal|p2a: Drapion|242\/344|[from] item: Black Sludge
|turn|16
|
|switch|p1a: Escavalier|Escavalier, F|227\/324
|-damage|p1a: Escavalier|187\/324|[from] Stealth Rock
|move|p2a: Drapion|Knock Off|p1a: Escavalier
|-damage|p1a: Escavalier|49\/324
|-enditem|p1a: Escavalier|Assault Vest|[from] move: Knock Off|[of] p2a: Drapion
|
|-heal|p2a: Drapion|263\/344|[from] item: Black Sludge
|turn|17
|
|move|p2a: Drapion|Knock Off|p1a: Escavalier
|-damage|p1a: Escavalier|0 fnt
|faint|p1a: Escavalier
|
|-heal|p2a: Drapion|284\/344|[from] item: Black Sludge
|
|switch|p1a: Ampharos|Ampharos, F|383\/383
|-damage|p1a: Ampharos|336\/383|[from] Stealth Rock
|turn|18
|
|detailschange|p1a: Ampharos|Ampharos-Mega, F
|-mega|p1a: Ampharos|Ampharos|Ampharosite
|-ability|p1a: Ampharos|Mold Breaker
|move|p2a: Drapion|Earthquake|p1a: Ampharos
|-supereffective|p1a: Ampharos
|-damage|p1a: Ampharos|210\/383
|move|p1a: Ampharos|Dragon Pulse|p2a: Drapion
|-damage|p2a: Drapion|89\/344
|
|-heal|p2a: Drapion|110\/344|[from] item: Black Sludge
|turn|19
|
|move|p2a: Drapion|Poison Jab|p1a: Ampharos
|-damage|p1a: Ampharos|137\/383
|move|p1a: Ampharos|Dragon Pulse|p2a: Drapion
|-damage|p2a: Drapion|0 fnt
|faint|p2a: Drapion
|
|
|switch|p2a: Slaking|Slaking, M|441\/441
|-damage|p2a: Slaking|386\/441|[from] Stealth Rock
|turn|20
|
|switch|p1a: Gligar|Gligar, F|206\/334
|-damage|p1a: Gligar|165\/334|[from] Stealth Rock
|move|p2a: Slaking|Retaliate|p1a: Gligar
|-damage|p1a: Gligar|0 fnt
|faint|p1a: Gligar
|
|
|switch|p1a: Honchkrow|Honchkrow, M|341\/341
|-damage|p1a: Honchkrow|256\/341|[from] Stealth Rock
|turn|21
|
|switch|p2a: Shuckle|Shuckle, M|42\/244
|-damage|p2a: Shuckle|0 fnt|[from] Stealth Rock
|faint|p2a: Shuckle
|move|p1a: Honchkrow|Brave Bird|p2: Shuckle|[notarget]
|-notarget
|
|
|switch|p2a: Slaking|Slaking, M|386\/441
|-damage|p2a: Slaking|331\/441|[from] Stealth Rock
|turn|22
|
|move|p1a: Honchkrow|Sucker Punch|p2a: Slaking
|-damage|p2a: Slaking|143\/441
|-damage|p1a: Honchkrow|222\/341|[from] item: Life Orb
|move|p2a: Slaking|Retaliate|p1a: Honchkrow
|-damage|p1a: Honchkrow|0 fnt
|faint|p1a: Honchkrow
|
|
|switch|p1a: Ampharos|Ampharos-Mega, F|137\/383
|-damage|p1a: Ampharos|90\/383|[from] Stealth Rock
|-ability|p1a: Ampharos|Mold Breaker
|turn|23
|
|switch|p2a: Umbreon|Umbreon, M|187\/394
|-damage|p2a: Umbreon|138\/394|[from] Stealth Rock
|move|p1a: Ampharos|Rest|p1a: Ampharos
|-status|p1a: Ampharos|slp
|-heal|p1a: Ampharos|383\/383 slp|[silent]
|-status|p1a: Ampharos|slp|[from] move: Rest
|
|-heal|p2a: Umbreon|162\/394|[from] item: Leftovers
|turn|24
|
|move|p2a: Umbreon|Wish|p2a: Umbreon
|cant|p1a: Ampharos|slp
|move|p1a: Ampharos|Sleep Talk|p1a: Ampharos
|move|p1a: Ampharos|Volt Switch|p2a: Umbreon|[from]Sleep Talk
|-damage|p2a: Umbreon|87\/394
|
|switch|p1a: Goodra|Goodra, M|384\/384
|-damage|p1a: Goodra|336\/384|[from] Stealth Rock
|
|-heal|p2a: Umbreon|111\/394|[from] item: Leftovers
|turn|25
|
|move|p2a: Umbreon|Protect|p2a: Umbreon
|-singleturn|p2a: Umbreon|Protect
|move|p1a: Goodra|Earthquake|p2a: Umbreon
|-activate|p2a: Umbreon|Protect
|
|-heal|p2a: Umbreon|308\/394|[from] move: Wish|[wisher] Umbreon
|-heal|p2a: Umbreon|332\/394|[from] item: Leftovers
|turn|26
|
|move|p1a: Goodra|Earthquake|p2a: Umbreon
|-damage|p2a: Umbreon|174\/394
|move|p2a: Umbreon|Foul Play|p1a: Goodra
|-damage|p1a: Goodra|134\/384
|
|-heal|p2a: Umbreon|198\/394|[from] item: Leftovers
|turn|27
|
|switch|p1a: Florges|Florges, F|264\/360
|-damage|p1a: Florges|219\/360|[from] Stealth Rock
|move|p2a: Umbreon|Wish|p2a: Umbreon
|
|-heal|p1a: Florges|241\/360|[from] item: Leftovers
|-heal|p2a: Umbreon|222\/394|[from] item: Leftovers
|turn|28
|
|switch|p2a: Jirachi|Jirachi, shiny|319\/341
|-damage|p2a: Jirachi|298\/341|[from] Stealth Rock
|move|p1a: Florges|Moonblast|p2a: Jirachi
|-resisted|p2a: Jirachi
|-damage|p2a: Jirachi|233\/341
|
|-heal|p2a: Jirachi|341\/341|[from] move: Wish|[wisher] Umbreon
|-heal|p1a: Florges|263\/360|[from] item: Leftovers
|turn|29
|
|switch|p1a: Ampharos|Ampharos-Mega, F|383\/383 slp
|-damage|p1a: Ampharos|336\/383 slp|[from] Stealth Rock
|-ability|p1a: Ampharos|Mold Breaker
|move|p2a: Jirachi|Substitute|p2a: Jirachi
|-start|p2a: Jirachi|Substitute
|-damage|p2a: Jirachi|256\/341
|
|-heal|p2a: Jirachi|277\/341|[from] item: Leftovers
|turn|30
|
|move|p2a: Jirachi|Calm Mind|p2a: Jirachi
|-boost|p2a: Jirachi|spa|1
|-boost|p2a: Jirachi|spd|1
|cant|p1a: Ampharos|slp
|move|p1a: Ampharos|Sleep Talk|p1a: Ampharos
|move|p1a: Ampharos|Rest|p1a: Ampharos|[from]Sleep Talk
|-fail|p1a: Ampharos
|
|-heal|p2a: Jirachi|298\/341|[from] item: Leftovers
|turn|31
|
|move|p2a: Jirachi|Moonblast|p1a: Ampharos
|-supereffective|p1a: Ampharos
|-damage|p1a: Ampharos|34\/383 slp
|-unboost|p1a: Ampharos|spa|1
|-curestatus|p1a: Ampharos|slp
|move|p1a: Ampharos|Volt Switch|p2a: Jirachi
|-activate|p2a: Jirachi|Substitute|[damage]
|
|switch|p1a: Florges|Florges, F|263\/360
|-damage|p1a: Florges|218\/360|[from] Stealth Rock
|
|-heal|p2a: Jirachi|319\/341|[from] item: Leftovers
|-heal|p1a: Florges|240\/360|[from] item: Leftovers
|turn|32
|-message|Snowballin forfeited.
|
|win|vulpizz
|raw|Ladder updating...
|leave|Snowballin
|player|p1
|raw|Snowballin's rating: 1496 &rarr; <strong>1465<\/strong><br \/>(-31 for losing)
|raw|vulpizz's rating: 1273 &rarr; <strong>1312<\/strong><br \/>(+39 for winning)