|join|Snowballin
|join|Meruu
|c|★Snowballin|ohey
|player|p1|Snowballin|24
|player|p2|Meruu|174
|gametype|singles
|gen|6
|tier|UU
|rated
|rule|Sleep Clause Mod: Limit one foe put to sleep
|rule|Species Clause: Limit one of each Pokémon
|rule|OHKO Clause: OHKO moves are banned
|rule|Moody Clause: Moody is banned
|rule|Evasion Moves Clause: Evasion moves are banned
|rule|Endless Battle Clause: Forcing endless battles is banned
|rule|HP Percentage Mod: HP is shown in percentages
|clearpoke
|poke|p1|Starmie
|poke|p1|Ampharos, M
|poke|p1|Snorlax, M
|poke|p1|Lucario, M
|poke|p1|Celebi
|poke|p1|Infernape, M
|poke|p2|Starmie
|poke|p2|Hydreigon, M
|poke|p2|Beedrill, M
|poke|p2|Yanmega, M
|poke|p2|Cobalion
|poke|p2|Jirachi
|rule|Swagger Clause: Swagger is banned
|rule|Baton Pass Clause: Limit one Pokémon knowing Baton Pass
|teampreview
|
|start
|switch|p1a: Ampharos|Ampharos, M|383\/383
|switch|p2a: Beedrill|Beedrill, M|271\/271
|turn|1
|
|detailschange|p2a: Beedrill|Beedrill-Mega, M
|-mega|p2a: Beedrill|Beedrill|Beedrillite
|detailschange|p1a: Ampharos|Ampharos-Mega, M
|-mega|p1a: Ampharos|Ampharos|Ampharosite
|-ability|p1a: Ampharos|Mold Breaker
|move|p2a: Beedrill|U-turn|p1a: Ampharos
|-damage|p1a: Ampharos|263\/383
|
|switch|p2a: Cobalion|Cobalion|343\/343
|move|p1a: Ampharos|Volt Switch|p2a: Cobalion
|-damage|p2a: Cobalion|189\/343
|
|switch|p1a: Starmie|Starmie|261\/261
|
|turn|2
|
|switch|p2a: Jirachi|Jirachi|341\/341
|move|p1a: Starmie|Hydro Pump|p2a: Jirachi
|-damage|p2a: Jirachi|55\/341
|-damage|p1a: Starmie|235\/261|[from] item: Life Orb
|
|turn|3
|
|switch|p1a: Infernape|Infernape, M|293\/293
|move|p2a: Jirachi|U-turn|p1a: Infernape
|-resisted|p1a: Infernape
|-damage|p1a: Infernape|271\/293
|
|switch|p2a: Starmie|Starmie|261\/261
|
|turn|4
|
|move|p1a: Infernape|U-turn|p2a: Starmie
|-supereffective|p2a: Starmie
|-damage|p2a: Starmie|85\/261
|
|switch|p1a: Celebi|Celebi|401\/401
|move|p2a: Starmie|Hydro Pump|p1a: Celebi
|-resisted|p1a: Celebi
|-damage|p1a: Celebi|266\/401
|-damage|p2a: Starmie|59\/261|[from] item: Life Orb
|
|-heal|p1a: Celebi|291\/401|[from] item: Leftovers
|turn|5
|
|switch|p2a: Yanmega|Yanmega, M|313\/313
|move|p1a: Celebi|U-turn|p2a: Yanmega
|-resisted|p2a: Yanmega
|-damage|p2a: Yanmega|282\/313
|
|switch|p1a: Infernape|Infernape, M|271\/293
|
|turn|6
|
|move|p2a: Yanmega|Protect|p2a: Yanmega
|-singleturn|p2a: Yanmega|Protect
|move|p1a: Infernape|Flare Blitz|p2a: Yanmega
|-activate|p2a: Yanmega|Protect
|
|-boost|p2a: Yanmega|spe|1|[from] ability: Speed Boost
|turn|7
|
|switch|p2a: Hydreigon|Hydreigon, M|325\/325
|move|p1a: Infernape|Flare Blitz|p2a: Hydreigon
|-resisted|p2a: Hydreigon
|-damage|p2a: Hydreigon|223\/325
|-damage|p1a: Infernape|237\/293|[from] recoil|[of] p2a: Hydreigon
|
|turn|8
|
|switch|p1a: Snorlax|Snorlax, M|523\/523
|move|p2a: Hydreigon|Draco Meteor|p1a: Snorlax
|-damage|p1a: Snorlax|245\/523
|-unboost|p2a: Hydreigon|spa|2
|-damage|p2a: Hydreigon|191\/325|[from] item: Life Orb
|
|turn|9
|
|switch|p1a: Starmie|Starmie|235\/261
|move|p2a: Hydreigon|Focus Blast|p1a: Starmie
|-resisted|p1a: Starmie
|-damage|p1a: Starmie|186\/261
|-damage|p2a: Hydreigon|159\/325|[from] item: Life Orb
|
|turn|10
|
|switch|p2a: Starmie|Starmie|59\/261
|move|p1a: Starmie|Ice Beam|p2a: Starmie
|-resisted|p2a: Starmie
|-damage|p2a: Starmie|0 fnt
|-damage|p1a: Starmie|160\/261|[from] item: Life Orb
|faint|p2a: Starmie
|
|c|★Snowballin|I feel bad for this team advantage
|c|★Snowballin|LOL...
|
|switch|p2a: Beedrill|Beedrill-Mega, M|271\/271
|turn|11
|
|switch|p1a: Ampharos|Ampharos-Mega, M|263\/383
|-ability|p1a: Ampharos|Mold Breaker
|move|p2a: Beedrill|U-turn|p1a: Ampharos
|-damage|p1a: Ampharos|137\/383
|
|switch|p2a: Yanmega|Yanmega, M|282\/313
|
|turn|12
|
|switch|p1a: Infernape|Infernape, M|237\/293
|move|p2a: Yanmega|Bug Buzz|p1a: Infernape
|-resisted|p1a: Infernape
|-damage|p1a: Infernape|175\/293
|-damage|p2a: Yanmega|251\/313|[from] item: Life Orb
|
|-boost|p2a: Yanmega|spe|1|[from] ability: Speed Boost
|turn|13
|
|switch|p1a: Snorlax|Snorlax, M|245\/523
|move|p2a: Yanmega|Protect|p2a: Yanmega
|-fail|p2a: Yanmega
|
|-boost|p2a: Yanmega|spe|1|[from] ability: Speed Boost
|turn|14
|
|move|p1a: Snorlax|Pursuit|p2a: Yanmega|[from]Pursuit
|-damage|p2a: Yanmega|95\/313
|switch|p2a: Cobalion|Cobalion|189\/343
|
|turn|15
|
|switch|p1a: Celebi|Celebi|291\/401
|move|p2a: Cobalion|Stealth Rock|p1a: Celebi
|-sidestart|p1: Snowballin|move: Stealth Rock
|
|-heal|p1a: Celebi|316\/401|[from] item: Leftovers
|turn|16
|
|move|p2a: Cobalion|Taunt|p1a: Celebi
|-start|p1a: Celebi|move: Taunt
|cant|p1a: Celebi|move: Taunt|Stealth Rock
|
|-heal|p1a: Celebi|341\/401|[from] item: Leftovers
|turn|17
|
|move|p2a: Cobalion|Flash Cannon|p1a: Celebi
|-damage|p1a: Celebi|244\/401
|move|p1a: Celebi|U-turn|p2a: Cobalion
|-crit|p2a: Cobalion
|-resisted|p2a: Cobalion
|-damage|p2a: Cobalion|174\/343
|-damage|p1a: Celebi|178\/401|[from] item: Rocky Helmet|[of] p2a: Cobalion
|
|switch|p1a: Starmie|Starmie|160\/261
|-damage|p1a: Starmie|128\/261|[from] Stealth Rock
|
|turn|18
|
|move|p1a: Starmie|Hydro Pump|p2a: Cobalion|[miss]
|-miss|p1a: Starmie|p2a: Cobalion
|move|p2a: Cobalion|Volt Switch|p1a: Starmie
|-supereffective|p1a: Starmie
|-damage|p1a: Starmie|0 fnt
|faint|p1a: Starmie
|
|switch|p2a: Beedrill|Beedrill-Mega, M|271\/271
|
|
|switch|p1a: Infernape|Infernape, M|175\/293
|-damage|p1a: Infernape|139\/293|[from] Stealth Rock
|turn|19
|
|switch|p2a: Cobalion|Cobalion|174\/343
|move|p1a: Infernape|Flare Blitz|p2a: Cobalion
|-crit|p2a: Cobalion
|-supereffective|p2a: Cobalion
|-damage|p2a: Cobalion|0 fnt
|-damage|p1a: Infernape|91\/293|[from] item: Rocky Helmet|[of] p2a: Cobalion
|-damage|p1a: Infernape|34\/293|[from] recoil|[of] p2a: Cobalion
|faint|p2a: Cobalion
|
|
|switch|p2a: Hydreigon|Hydreigon, M|159\/325
|turn|20
|
|switch|p2a: Beedrill|Beedrill-Mega, M|271\/271
|move|p1a: Infernape|Flare Blitz|p2a: Beedrill
|-supereffective|p2a: Beedrill
|-damage|p2a: Beedrill|0 fnt
|-damage|p1a: Infernape|0 fnt|[from] recoil|[of] p2a: Beedrill
|faint|p2a: Beedrill
|faint|p1a: Infernape
|
|
|switch|p2a: Jirachi|Jirachi|55\/341
|switch|p1a: Snorlax|Snorlax, M|245\/523
|-damage|p1a: Snorlax|180\/523|[from] Stealth Rock
|turn|21
|
|move|p2a: Jirachi|Healing Wish|p2a: Jirachi
|faint|p2a: Jirachi
|move|p1a: Snorlax|Earthquake|p2: Jirachi|[notarget]
|-notarget
|
|c|★Snowballin|that missclick
|c|★Snowballin|LOL
|
|switch|p2a: Yanmega|Yanmega, M|95\/313
|-heal|p2a: Yanmega|313\/313|[from] move: Healing Wish
|turn|22
|c|★Snowballin|GG
|
|move|p2a: Yanmega|Bug Buzz|p1a: Snorlax
|-damage|p1a: Snorlax|7\/523
|-damage|p2a: Yanmega|282\/313|[from] item: Life Orb
|move|p1a: Snorlax|Earthquake|p2a: Yanmega
|-immune|p2a: Yanmega|[msg]
|
|-boost|p2a: Yanmega|spe|1|[from] ability: Speed Boost
|turn|23
|join|Shit user
|
|move|p2a: Yanmega|Ancient Power|p1a: Snorlax
|-damage|p1a: Snorlax|0 fnt
|-damage|p2a: Yanmega|251\/313|[from] item: Life Orb
|faint|p1a: Snorlax
|
|-boost|p2a: Yanmega|spe|1|[from] ability: Speed Boost
|
|switch|p1a: Celebi|Celebi|178\/401
|-damage|p1a: Celebi|128\/401|[from] Stealth Rock
|turn|24
|
|move|p2a: Yanmega|Bug Buzz|p1a: Celebi
|-crit|p1a: Celebi
|-supereffective|p1a: Celebi
|-damage|p1a: Celebi|0 fnt
|-damage|p2a: Yanmega|220\/313|[from] item: Life Orb
|faint|p1a: Celebi
|
|-boost|p2a: Yanmega|spe|1|[from] ability: Speed Boost
|
|switch|p1a: Ampharos|Ampharos-Mega, M|137\/383
|-damage|p1a: Ampharos|90\/383|[from] Stealth Rock
|-ability|p1a: Ampharos|Mold Breaker
|turn|25
|c|★Snowballin|owait
|c|★Snowballin|no hp ground
|c|★Snowballin|n_n
|
|move|p2a: Yanmega|Bug Buzz|p1a: Ampharos
|-damage|p1a: Ampharos|0 fnt
|-damage|p2a: Yanmega|189\/313|[from] item: Life Orb
|faint|p1a: Ampharos
|
|-boost|p2a: Yanmega|spe|1|[from] ability: Speed Boost
|
|switch|p1a: Lucario|Lucario, M|281\/281
|-damage|p1a: Lucario|273\/281|[from] Stealth Rock
|turn|26
|c|★Snowballin|possibly
|
|move|p2a: Yanmega|Air Slash|p1a: Lucario
|-damage|p1a: Lucario|49\/281
|-damage|p2a: Yanmega|158\/313|[from] item: Life Orb
|cant|p1a: Lucario|flinch
|
|-boost|p2a: Yanmega|spe|1|[from] ability: Speed Boost
|turn|27
|c|★Snowballin|ah
|c|★Snowballin|GG mate
|
|move|p1a: Lucario|Extreme Speed|p2a: Yanmega
|-damage|p2a: Yanmega|23\/313
|-damage|p1a: Lucario|21\/281|[from] item: Life Orb
|move|p2a: Yanmega|Air Slash|p1a: Lucario
|-damage|p1a: Lucario|0 fnt
|-damage|p2a: Yanmega|0 fnt|[from] item: Life Orb
|faint|p1a: Lucario
|faint|p2a: Yanmega
|
|win|Meruu
|raw|Ladder updating...
|raw|Snowballin's rating: 1551 &rarr; <strong>1527<\/strong><br \/>(-24 for losing)
|raw|Meruu's rating: 1494 &rarr; <strong>1517<\/strong><br \/>(+23 for winning)
|leave|Meruu
|player|p2
|join|TEEI
|leave|TEEI
|leave|Snowballin
|player|p1
|join|Snowballin