|join|snowballin
|join|Unknown Wish
|player|p1|snowballin|32
|player|p2|Unknown Wish|167
|gametype|singles
|gen|6
|tier|UU
|rated
|rule|Sleep Clause Mod: Limit one foe put to sleep
|rule|Species Clause: Limit one of each Pokémon
|rule|OHKO Clause: OHKO moves are banned
|rule|Moody Clause: Moody is banned
|rule|Evasion Moves Clause: Evasion moves are banned
|rule|Endless Battle Clause: Forcing endless battles is banned
|rule|HP Percentage Mod: HP is shown in percentages
|clearpoke
|poke|p1|Hippowdon, M
|poke|p1|Reuniclus, F
|poke|p1|Trevenant, M
|poke|p1|Tentacruel, F
|poke|p1|Umbreon, M
|poke|p1|Stoutland, M
|poke|p2|Aerodactyl, M, shiny
|poke|p2|Slowking, M, shiny
|poke|p2|Celebi
|poke|p2|Hippowdon, M, shiny
|poke|p2|Scrafty, M, shiny
|poke|p2|Tentacruel, M, shiny
|rule|Swagger Clause: Swagger is banned
|rule|Baton Pass Clause: Limit one Pokémon knowing Baton Pass
|teampreview
|
|start
|switch|p1a: Hippowdon|Hippowdon, M|420\/420
|switch|p2a: Dirty Don|Hippowdon, M, shiny|420\/420
|-weather|Sandstorm
|turn|1
|c|★Unknown Wish|gl
|c|★snowballin|you too
|c|★snowballin|:]
|
|move|p2a: Dirty Don|Toxic|p1a: Hippowdon
|-status|p1a: Hippowdon|tox
|move|p1a: Hippowdon|Stealth Rock|p2a: Dirty Don
|-sidestart|p2: Unknown Wish|move: Stealth Rock
|
|-weather|Sandstorm|[upkeep]
|-damage|p1a: Hippowdon|394\/420 tox|[from] psn
|turn|2
|
|switch|p2a: Timecop|Celebi|404\/404
|-damage|p2a: Timecop|354\/404|[from] Stealth Rock
|switch|p1a: Reuniclus|Reuniclus, F|424\/424
|
|-weather|Sandstorm|[upkeep]
|-damage|p2a: Timecop|329\/404|[from] sandstorm
|-heal|p2a: Timecop|354\/404|[from] item: Leftovers
|turn|3
|
|move|p2a: Timecop|Thunder Wave|p1a: Reuniclus
|-status|p1a: Reuniclus|par
|move|p1a: Reuniclus|Calm Mind|p1a: Reuniclus
|-boost|p1a: Reuniclus|spa|1
|-boost|p1a: Reuniclus|spd|1
|
|-weather|Sandstorm|[upkeep]
|-damage|p2a: Timecop|329\/404|[from] sandstorm
|-heal|p2a: Timecop|354\/404|[from] item: Leftovers
|turn|4
|
|switch|p2a: Boss|Scrafty, M, shiny|333\/333
|-damage|p2a: Boss|313\/333|[from] Stealth Rock
|cant|p1a: Reuniclus|par
|
|-weather|Sandstorm|[upkeep]
|-damage|p2a: Boss|293\/333|[from] sandstorm
|-heal|p2a: Boss|313\/333|[from] item: Leftovers
|turn|5
|c|★snowballin|nice.
|c|★snowballin|lel
|
|move|p2a: Boss|Knock Off|p1a: Reuniclus
|-supereffective|p1a: Reuniclus
|-damage|p1a: Reuniclus|232\/424 par
|-enditem|p1a: Reuniclus|Leftovers|[from] move: Knock Off|[of] p2a: Boss
|cant|p1a: Reuniclus|par
|
|-weather|none
|-heal|p2a: Boss|333\/333|[from] item: Leftovers
|turn|6
|
|move|p2a: Boss|Knock Off|p1a: Reuniclus
|-supereffective|p1a: Reuniclus
|-damage|p1a: Reuniclus|118\/424 par
|move|p1a: Reuniclus|Focus Blast|p2a: Boss|[miss]
|-miss|p1a: Reuniclus|p2a: Boss
|
|turn|7
|c|★snowballin|I regret wishing you good luck
|c|★snowballin|LOLJK
|c|★Unknown Wish|lol
|
|move|p2a: Boss|Bulk Up|p2a: Boss
|-boost|p2a: Boss|atk|1
|-boost|p2a: Boss|def|1
|cant|p1a: Reuniclus|par
|
|turn|8
|c|★snowballin|oh come on
|
|move|p2a: Boss|Bulk Up|p2a: Boss
|-boost|p2a: Boss|atk|1
|-boost|p2a: Boss|def|1
|move|p1a: Reuniclus|Recover|p1a: Reuniclus
|-heal|p1a: Reuniclus|330\/424 par
|
|turn|9
|
|move|p2a: Boss|Knock Off|p1a: Reuniclus
|-supereffective|p1a: Reuniclus
|-damage|p1a: Reuniclus|108\/424 par
|move|p1a: Reuniclus|Focus Blast|p2a: Boss
|-supereffective|p2a: Boss
|-damage|p2a: Boss|115\/333
|
|-heal|p2a: Boss|135\/333|[from] item: Leftovers
|turn|10
|
|move|p2a: Boss|Rest|p2a: Boss
|-status|p2a: Boss|slp
|-heal|p2a: Boss|333\/333 slp|[silent]
|-status|p2a: Boss|slp|[from] move: Rest
|move|p1a: Reuniclus|Focus Blast|p2a: Boss
|-supereffective|p2a: Boss
|-damage|p2a: Boss|115\/333 slp
|
|-heal|p2a: Boss|135\/333 slp|[from] item: Leftovers
|turn|11
|
|switch|p2a: Timecop|Celebi|354\/404
|-damage|p2a: Timecop|304\/404|[from] Stealth Rock
|move|p1a: Reuniclus|Focus Blast|p2a: Timecop
|-resisted|p2a: Timecop
|-damage|p2a: Timecop|218\/404
|
|-heal|p2a: Timecop|243\/404|[from] item: Leftovers
|turn|12
|
|move|p2a: Timecop|Heal Bell|p2a: Timecop
|-cureteam|p2a: Timecop|[from] move: HealBell
|cant|p1a: Reuniclus|par
|
|-heal|p2a: Timecop|268\/404|[from] item: Leftovers
|turn|13
|c|★snowballin|...
|
|move|p2a: Timecop|Recover|p2a: Timecop
|-heal|p2a: Timecop|404\/404
|move|p1a: Reuniclus|Recover|p1a: Reuniclus
|-heal|p1a: Reuniclus|320\/424 par
|
|turn|14
|
|switch|p2a: Boss|Scrafty, M, shiny|135\/333
|-damage|p2a: Boss|115\/333|[from] Stealth Rock
|move|p1a: Reuniclus|Calm Mind|p1a: Reuniclus
|-boost|p1a: Reuniclus|spa|1
|-boost|p1a: Reuniclus|spd|1
|
|-heal|p2a: Boss|135\/333|[from] item: Leftovers
|turn|15
|
|move|p2a: Boss|Rest|p2a: Boss
|-status|p2a: Boss|slp
|-heal|p2a: Boss|333\/333 slp|[silent]
|-status|p2a: Boss|slp|[from] move: Rest
|move|p1a: Reuniclus|Focus Blast|p2a: Boss
|-supereffective|p2a: Boss
|-damage|p2a: Boss|45\/333 slp
|
|-heal|p2a: Boss|65\/333 slp|[from] item: Leftovers
|turn|16
|
|switch|p2a: Dirty Don|Hippowdon, M, shiny|420\/420
|-damage|p2a: Dirty Don|394\/420|[from] Stealth Rock
|-weather|Sandstorm
|cant|p1a: Reuniclus|par
|
|-weather|Sandstorm|[upkeep]
|-heal|p2a: Dirty Don|420\/420|[from] item: Leftovers
|turn|17
|
|move|p2a: Dirty Don|Stealth Rock|p1a: Reuniclus
|-sidestart|p1: snowballin|move: Stealth Rock
|cant|p1a: Reuniclus|par
|
|-weather|Sandstorm|[upkeep]
|turn|18
|c|★snowballin|:]]
|
|switch|p2a: King Slow|Slowking, M, shiny|393\/393
|-damage|p2a: King Slow|344\/393|[from] Stealth Rock
|move|p1a: Reuniclus|Recover|p1a: Reuniclus
|-heal|p1a: Reuniclus|424\/424 par
|
|-weather|Sandstorm|[upkeep]
|-damage|p2a: King Slow|320\/393|[from] sandstorm
|-heal|p2a: King Slow|344\/393|[from] item: Leftovers
|turn|19
|
|move|p2a: King Slow|Calm Mind|p2a: King Slow
|-boost|p2a: King Slow|spa|1
|-boost|p2a: King Slow|spd|1
|move|p1a: Reuniclus|Calm Mind|p1a: Reuniclus
|-boost|p1a: Reuniclus|spa|1
|-boost|p1a: Reuniclus|spd|1
|
|-weather|Sandstorm|[upkeep]
|-damage|p2a: King Slow|320\/393|[from] sandstorm
|-heal|p2a: King Slow|344\/393|[from] item: Leftovers
|turn|20
|
|move|p2a: King Slow|Calm Mind|p2a: King Slow
|-boost|p2a: King Slow|spa|1
|-boost|p2a: King Slow|spd|1
|cant|p1a: Reuniclus|par
|
|-weather|none
|-heal|p2a: King Slow|368\/393|[from] item: Leftovers
|turn|21
|
|move|p2a: King Slow|Calm Mind|p2a: King Slow
|-boost|p2a: King Slow|spa|1
|-boost|p2a: King Slow|spd|1
|cant|p1a: Reuniclus|par
|
|-heal|p2a: King Slow|392\/393|[from] item: Leftovers
|turn|22
|
|move|p2a: King Slow|Calm Mind|p2a: King Slow
|-boost|p2a: King Slow|spa|1
|-boost|p2a: King Slow|spd|1
|cant|p1a: Reuniclus|par
|
|-heal|p2a: King Slow|393\/393|[from] item: Leftovers
|turn|23
|c|★snowballin|I swear to god if I get para'ed one more time
|c|★snowballin|COME ON
|
|move|p2a: King Slow|Scald|p1a: Reuniclus
|-damage|p1a: Reuniclus|292\/424 par
|move|p1a: Reuniclus|Psyshock|p2a: King Slow
|-crit|p2a: King Slow
|-resisted|p2a: King Slow
|-damage|p2a: King Slow|211\/393
|
|-heal|p2a: King Slow|235\/393|[from] item: Leftovers
|turn|24
|
|move|p2a: King Slow|Slack Off|p2a: King Slow
|-heal|p2a: King Slow|393\/393
|move|p1a: Reuniclus|Calm Mind|p1a: Reuniclus
|-boost|p1a: Reuniclus|spa|1
|-boost|p1a: Reuniclus|spd|1
|
|turn|25
|
|move|p2a: King Slow|Calm Mind|p2a: King Slow
|-boost|p2a: King Slow|spa|1
|-boost|p2a: King Slow|spd|1
|move|p1a: Reuniclus|Calm Mind|p1a: Reuniclus
|-boost|p1a: Reuniclus|spa|1
|-boost|p1a: Reuniclus|spd|1
|
|turn|26
|
|move|p2a: King Slow|Psyshock|p1a: Reuniclus
|-resisted|p1a: Reuniclus
|-damage|p1a: Reuniclus|138\/424 par
|move|p1a: Reuniclus|Calm Mind|p1a: Reuniclus
|-boost|p1a: Reuniclus|spa|1
|-boost|p1a: Reuniclus|spd|1
|
|turn|27
|
|move|p2a: King Slow|Psyshock|p1a: Reuniclus
|-resisted|p1a: Reuniclus
|-damage|p1a: Reuniclus|0 fnt
|faint|p1a: Reuniclus
|
|
|switch|p1a: Umbreon|Umbreon, M|393\/393
|-damage|p1a: Umbreon|344\/393|[from] Stealth Rock
|turn|28
|
|move|p1a: Umbreon|Foul Play|p2a: King Slow
|-supereffective|p2a: King Slow
|-damage|p2a: King Slow|285\/393
|move|p2a: King Slow|Scald|p1a: Umbreon
|-damage|p1a: Umbreon|149\/393
|
|-heal|p1a: Umbreon|173\/393|[from] item: Leftovers
|-heal|p2a: King Slow|309\/393|[from] item: Leftovers
|turn|29
|
|move|p1a: Umbreon|Foul Play|p2a: King Slow
|-supereffective|p2a: King Slow
|-damage|p2a: King Slow|195\/393
|move|p2a: King Slow|Scald|p1a: Umbreon
|-damage|p1a: Umbreon|0 fnt
|faint|p1a: Umbreon
|
|-heal|p2a: King Slow|219\/393|[from] item: Leftovers
|
|switch|p1a: Stoutland|Stoutland, M|311\/311
|-damage|p1a: Stoutland|273\/311|[from] Stealth Rock
|turn|30
|
|switch|p2a: Dirty Don|Hippowdon, M, shiny|420\/420
|-damage|p2a: Dirty Don|394\/420|[from] Stealth Rock
|-weather|Sandstorm
|move|p1a: Stoutland|Return|p2a: Dirty Don
|-damage|p2a: Dirty Don|211\/420
|
|-weather|Sandstorm|[upkeep]
|-heal|p2a: Dirty Don|237\/420|[from] item: Leftovers
|turn|31
|
|switch|p1a: Trevenant|Trevenant, M|371\/371
|-damage|p1a: Trevenant|325\/371|[from] Stealth Rock
|move|p2a: Dirty Don|Earthquake|p1a: Trevenant
|-resisted|p1a: Trevenant
|-damage|p1a: Trevenant|246\/371
|
|-weather|Sandstorm|[upkeep]
|-damage|p1a: Trevenant|223\/371|[from] sandstorm
|-heal|p2a: Dirty Don|263\/420|[from] item: Leftovers
|turn|32
|
|switch|p2a: Squilliam|Tentacruel, M, shiny|363\/363
|-damage|p2a: Squilliam|318\/363|[from] Stealth Rock
|move|p1a: Trevenant|Substitute|p1a: Trevenant
|-start|p1a: Trevenant|Substitute
|-damage|p1a: Trevenant|131\/371
|-enditem|p1a: Trevenant|Sitrus Berry|[eat]
|-heal|p1a: Trevenant|223\/371|[from] item: Sitrus Berry
|
|-weather|Sandstorm|[upkeep]
|-damage|p2a: Squilliam|296\/363|[from] sandstorm
|-damage|p1a: Trevenant|200\/371|[from] sandstorm
|-heal|p2a: Squilliam|318\/363|[from] item: Black Sludge
|turn|33
|
|move|p2a: Squilliam|Knock Off|p1a: Trevenant
|-supereffective|p1a: Trevenant
|-activate|p1a: Trevenant|Substitute|[damage]
|move|p1a: Trevenant|Will-O-Wisp|p2a: Squilliam
|-status|p2a: Squilliam|brn
|
|-weather|Sandstorm|[upkeep]
|-damage|p2a: Squilliam|296\/363 brn|[from] sandstorm
|-damage|p1a: Trevenant|177\/371|[from] sandstorm
|-heal|p2a: Squilliam|318\/363 brn|[from] item: Black Sludge
|-damage|p2a: Squilliam|273\/363 brn|[from] brn
|turn|34
|
|move|p2a: Squilliam|Knock Off|p1a: Trevenant
|-supereffective|p1a: Trevenant
|-end|p1a: Trevenant|Substitute
|move|p1a: Trevenant|Substitute|p1a: Trevenant
|-start|p1a: Trevenant|Substitute
|-damage|p1a: Trevenant|85\/371
|
|-weather|none
|-heal|p2a: Squilliam|295\/363 brn|[from] item: Black Sludge
|-damage|p2a: Squilliam|250\/363 brn|[from] brn
|-item|p1a: Trevenant|Sitrus Berry|[from] ability: Harvest
|-enditem|p1a: Trevenant|Sitrus Berry|[eat]
|-heal|p1a: Trevenant|177\/371|[from] item: Sitrus Berry
|turn|35
|
|switch|p2a: Dirty Don|Hippowdon, M, shiny|263\/420
|-damage|p2a: Dirty Don|237\/420|[from] Stealth Rock
|-weather|Sandstorm
|move|p1a: Trevenant|Horn Leech|p2a: Dirty Don
|-supereffective|p2a: Dirty Don
|-damage|p2a: Dirty Don|111\/420
|-heal|p1a: Trevenant|240\/371|[from] drain|[of] p2a: Dirty Don
|
|-weather|Sandstorm|[upkeep]
|-damage|p1a: Trevenant|217\/371|[from] sandstorm
|-heal|p2a: Dirty Don|137\/420|[from] item: Leftovers
|-item|p1a: Trevenant|Sitrus Berry|[from] ability: Harvest
|turn|36
|
|move|p1a: Trevenant|Horn Leech|p2a: Dirty Don
|-supereffective|p2a: Dirty Don
|-damage|p2a: Dirty Don|11\/420
|-heal|p1a: Trevenant|280\/371|[from] drain|[of] p2a: Dirty Don
|move|p2a: Dirty Don|Earthquake|p1a: Trevenant
|-resisted|p1a: Trevenant
|-activate|p1a: Trevenant|Substitute|[damage]
|
|-weather|Sandstorm|[upkeep]
|-damage|p1a: Trevenant|257\/371|[from] sandstorm
|-heal|p2a: Dirty Don|37\/420|[from] item: Leftovers
|turn|37
|
|switch|p2a: Squilliam|Tentacruel, M, shiny|250\/363 brn
|-damage|p2a: Squilliam|205\/363 brn|[from] Stealth Rock
|move|p1a: Trevenant|Horn Leech|p2a: Squilliam
|-damage|p2a: Squilliam|115\/363 brn
|-damage|p1a: Trevenant|212\/371|[from] ability: Liquid Ooze|[of] p2a: Squilliam
|
|-weather|Sandstorm|[upkeep]
|-damage|p2a: Squilliam|93\/363 brn|[from] sandstorm
|-damage|p1a: Trevenant|189\/371|[from] sandstorm
|-heal|p2a: Squilliam|115\/363 brn|[from] item: Black Sludge
|-damage|p2a: Squilliam|70\/363 brn|[from] brn
|turn|38
|
|move|p2a: Squilliam|Toxic Spikes|p1a: Trevenant
|-sidestart|p1: snowballin|move: Toxic Spikes
|move|p1a: Trevenant|Horn Leech|p2a: Squilliam
|-damage|p2a: Squilliam|0 fnt
|-damage|p1a: Trevenant|154\/371|[from] ability: Liquid Ooze|[of] p2a: Squilliam
|faint|p2a: Squilliam
|-enditem|p1a: Trevenant|Sitrus Berry|[eat]
|-heal|p1a: Trevenant|246\/371|[from] item: Sitrus Berry
|
|-weather|Sandstorm|[upkeep]
|-damage|p1a: Trevenant|223\/371|[from] sandstorm
|-item|p1a: Trevenant|Sitrus Berry|[from] ability: Harvest
|
|switch|p2a: Airstrike|Aerodactyl, M, shiny|331\/331
|-damage|p2a: Airstrike|249\/331|[from] Stealth Rock
|-ability|p2a: Airstrike|Pressure
|turn|39
|
|detailschange|p2a: Airstrike|Aerodactyl-Mega, M, shiny
|-mega|p2a: Airstrike|Aerodactyl|Aerodactylite
|move|p2a: Airstrike|Wing Attack|p1a: Trevenant
|-supereffective|p1a: Trevenant
|-end|p1a: Trevenant|Substitute
|move|p1a: Trevenant|Will-O-Wisp|p2a: Airstrike
|-status|p2a: Airstrike|brn
|
|-weather|none
|-damage|p2a: Airstrike|208\/331 brn|[from] brn
|turn|40
|
|switch|p2a: Timecop|Celebi|404\/404
|-damage|p2a: Timecop|354\/404|[from] Stealth Rock
|switch|p1a: Tentacruel|Tentacruel, F|361\/361
|-sideend|p1: snowballin|move: Toxic Spikes|[of] p1a: Tentacruel
|-damage|p1a: Tentacruel|316\/361|[from] Stealth Rock
|
|-heal|p1a: Tentacruel|338\/361|[from] item: Black Sludge
|-heal|p2a: Timecop|379\/404|[from] item: Leftovers
|turn|41
|
|move|p1a: Tentacruel|Rapid Spin|p2a: Timecop
|-damage|p2a: Timecop|371\/404
|-sideend|p1: snowballin|Stealth Rock|[from] move: Rapid Spin|[of] p1a: Tentacruel
|move|p2a: Timecop|Heal Bell|p2a: Timecop
|-cureteam|p2a: Timecop|[from] move: HealBell
|
|-heal|p1a: Tentacruel|360\/361|[from] item: Black Sludge
|-heal|p2a: Timecop|396\/404|[from] item: Leftovers
|turn|42
|
|move|p1a: Tentacruel|Toxic Spikes|p2a: Timecop
|-sidestart|p2: Unknown Wish|move: Toxic Spikes
|move|p2a: Timecop|Thunder Wave|p1a: Tentacruel
|-status|p1a: Tentacruel|par
|
|-heal|p2a: Timecop|404\/404|[from] item: Leftovers
|-heal|p1a: Tentacruel|361\/361 par|[from] item: Black Sludge
|turn|43
|
|move|p2a: Timecop|Giga Drain|p1a: Tentacruel
|-damage|p1a: Tentacruel|289\/361 par
|-damage|p2a: Timecop|368\/404|[from] ability: Liquid Ooze|[of] p1a: Tentacruel
|move|p1a: Tentacruel|Toxic Spikes|p2a: Timecop
|-sidestart|p2: Unknown Wish|move: Toxic Spikes
|
|-heal|p2a: Timecop|393\/404|[from] item: Leftovers
|-heal|p1a: Tentacruel|311\/361 par|[from] item: Black Sludge
|turn|44
|
|switch|p2a: King Slow|Slowking, M, shiny|350\/393
|-damage|p2a: King Slow|301\/393|[from] Stealth Rock
|-status|p2a: King Slow|tox
|move|p1a: Tentacruel|Knock Off|p2a: King Slow
|-supereffective|p2a: King Slow
|-damage|p2a: King Slow|211\/393 tox
|-enditem|p2a: King Slow|Leftovers|[from] move: Knock Off|[of] p1a: Tentacruel
|
|-heal|p1a: Tentacruel|333\/361 par|[from] item: Black Sludge
|-damage|p2a: King Slow|187\/393 tox|[from] psn
|turn|45
|
|switch|p1a: Stoutland|Stoutland, M|273\/311
|move|p2a: King Slow|Psyshock|p1a: Stoutland
|-damage|p1a: Stoutland|173\/311
|
|-damage|p2a: King Slow|139\/393 tox|[from] psn
|turn|46
|
|switch|p2a: Dirty Don|Hippowdon, M, shiny|37\/420
|-status|p2a: Dirty Don|tox
|-damage|p2a: Dirty Don|11\/420 tox|[from] Stealth Rock
|-weather|Sandstorm
|move|p1a: Stoutland|Return|p2a: Dirty Don
|-damage|p2a: Dirty Don|0 fnt
|faint|p2a: Dirty Don
|
|-weather|Sandstorm|[upkeep]
|
|switch|p2a: Airstrike|Aerodactyl-Mega, M, shiny|208\/331
|-damage|p2a: Airstrike|126\/331|[from] Stealth Rock
|turn|47
|
|switch|p1a: Hippowdon|Hippowdon, M|394\/420 tox
|move|p2a: Airstrike|Wing Attack|p1a: Hippowdon
|-damage|p1a: Hippowdon|249\/420 tox
|
|-weather|Sandstorm|[upkeep]
|-heal|p1a: Hippowdon|275\/420 tox|[from] item: Leftovers
|-damage|p1a: Hippowdon|249\/420 tox|[from] psn
|turn|48
|
|move|p2a: Airstrike|Ice Fang|p1a: Hippowdon
|-supereffective|p1a: Hippowdon
|-damage|p1a: Hippowdon|59\/420 tox
|move|p1a: Hippowdon|Whirlwind|p2a: Airstrike
|drag|p2a: Boss|Scrafty, M, shiny|65\/333
|-damage|p2a: Boss|45\/333|[from] Stealth Rock
|-status|p2a: Boss|tox
|
|-weather|Sandstorm|[upkeep]
|-damage|p2a: Boss|25\/333 tox|[from] sandstorm
|-activate|p2a: Boss|ability: Shed Skin
|-curestatus|p2a: Boss|tox
|-heal|p2a: Boss|45\/333|[from] item: Leftovers
|-heal|p1a: Hippowdon|85\/420 tox|[from] item: Leftovers
|-damage|p1a: Hippowdon|33\/420 tox|[from] psn
|turn|49
|
|move|p2a: Boss|Rest|p2a: Boss
|-status|p2a: Boss|slp
|-heal|p2a: Boss|333\/333 slp|[silent]
|-status|p2a: Boss|slp|[from] move: Rest
|move|p1a: Hippowdon|Earthquake|p2a: Boss
|-damage|p2a: Boss|227\/333 slp
|
|-weather|Sandstorm|[upkeep]
|-damage|p2a: Boss|207\/333 slp|[from] sandstorm
|-activate|p2a: Boss|ability: Shed Skin
|-curestatus|p2a: Boss|slp
|-heal|p2a: Boss|227\/333|[from] item: Leftovers
|-heal|p1a: Hippowdon|59\/420 tox|[from] item: Leftovers
|-damage|p1a: Hippowdon|0 fnt|[from] psn
|faint|p1a: Hippowdon
|
|switch|p1a: Trevenant|Trevenant, M|223\/371
|turn|50
|
|move|p2a: Boss|Knock Off|p1a: Trevenant
|-supereffective|p1a: Trevenant
|-damage|p1a: Trevenant|0 fnt
|-enditem|p1a: Trevenant|Sitrus Berry|[from] move: Knock Off|[of] p2a: Boss
|faint|p1a: Trevenant
|
|-weather|none
|-heal|p2a: Boss|247\/333|[from] item: Leftovers
|
|switch|p1a: Stoutland|Stoutland, M|173\/311
|turn|51
|
|move|p1a: Stoutland|Superpower|p2a: Boss
|-supereffective|p2a: Boss
|-damage|p2a: Boss|0 fnt
|-unboost|p1a: Stoutland|atk|1
|-unboost|p1a: Stoutland|def|1
|faint|p2a: Boss
|
|
|switch|p2a: King Slow|Slowking, M, shiny|270\/393 tox
|-damage|p2a: King Slow|221\/393 tox|[from] Stealth Rock
|turn|52
|
|switch|p1a: Tentacruel|Tentacruel, F|333\/361 par
|move|p2a: King Slow|Slack Off|p2a: King Slow
|-heal|p2a: King Slow|393\/393 tox
|
|-heal|p1a: Tentacruel|355\/361 par|[from] item: Black Sludge
|-damage|p2a: King Slow|369\/393 tox|[from] psn
|turn|53
|
|move|p2a: King Slow|Psyshock|p1a: Tentacruel
|-supereffective|p1a: Tentacruel
|-damage|p1a: Tentacruel|181\/361 par
|cant|p1a: Tentacruel|par
|
|-heal|p1a: Tentacruel|203\/361 par|[from] item: Black Sludge
|-damage|p2a: King Slow|321\/393 tox|[from] psn
|turn|54
|
|move|p2a: King Slow|Psyshock|p1a: Tentacruel
|-supereffective|p1a: Tentacruel
|-damage|p1a: Tentacruel|29\/361 par
|cant|p1a: Tentacruel|par
|
|-heal|p1a: Tentacruel|51\/361 par|[from] item: Black Sludge
|-damage|p2a: King Slow|249\/393 tox|[from] psn
|turn|55
|
|move|p2a: King Slow|Psyshock|p1a: Tentacruel
|-supereffective|p1a: Tentacruel
|-damage|p1a: Tentacruel|0 fnt
|faint|p1a: Tentacruel
|
|-damage|p2a: King Slow|153\/393 tox|[from] psn
|
|switch|p1a: Stoutland|Stoutland, M|173\/311
|turn|56
|c|★snowballin|I'll remember your advice mate
|
|move|p1a: Stoutland|Crunch|p2a: King Slow
|-supereffective|p2a: King Slow
|-damage|p2a: King Slow|0 fnt
|faint|p2a: King Slow
|
|
|switch|p2a: Timecop|Celebi|393\/404
|-damage|p2a: Timecop|343\/404|[from] Stealth Rock
|-status|p2a: Timecop|tox
|turn|57
|
|move|p1a: Stoutland|Crunch|p2a: Timecop
|-supereffective|p2a: Timecop
|-damage|p2a: Timecop|137\/404 tox
|move|p2a: Timecop|Thunder Wave|p1a: Stoutland
|-status|p1a: Stoutland|par
|
|-heal|p2a: Timecop|162\/404 tox|[from] item: Leftovers
|-damage|p2a: Timecop|137\/404 tox|[from] psn
|turn|58
|c|★Unknown Wish|what advice was that? ;)
|
|move|p2a: Timecop|Recover|p2a: Timecop
|-heal|p2a: Timecop|339\/404 tox
|move|p1a: Stoutland|Crunch|p2a: Timecop
|-crit|p2a: Timecop
|-supereffective|p2a: Timecop
|-damage|p2a: Timecop|53\/404 tox
|
|-heal|p2a: Timecop|78\/404 tox|[from] item: Leftovers
|-damage|p2a: Timecop|28\/404 tox|[from] psn
|turn|59
|c|★snowballin|"If you can't beat a poke just hax it to death" -Unknown Wish 2015
|
|move|p2a: Timecop|Giga Drain|p1a: Stoutland
|-damage|p1a: Stoutland|76\/311 par
|-heal|p2a: Timecop|77\/404 tox|[from] drain|[of] p1a: Stoutland
|cant|p1a: Stoutland|par
|
|-heal|p2a: Timecop|102\/404 tox|[from] item: Leftovers
|-damage|p2a: Timecop|27\/404 tox|[from] psn
|turn|60
|c|★Unknown Wish|Lmao. I got done way worse my last match
|
|move|p2a: Timecop|Giga Drain|p1a: Stoutland
|-damage|p1a: Stoutland|0 fnt
|-heal|p2a: Timecop|65\/404 tox|[from] drain|[of] p1a: Stoutland
|faint|p1a: Stoutland
|
|win|Unknown Wish
|raw|Ladder updating...
|raw|snowballin's rating: 1494 &rarr; <strong>1466<\/strong><br \/>(-28 for losing)
|raw|Unknown Wish's rating: 1337 &rarr; <strong>1366<\/strong><br \/>(+29 for winning)
|c|★snowballin|I ain't your karma outlet
|leave|snowballin
|player|p1