|join|lolsidkwhatimdoing
|join|Yo_Negga
|player|p1|lolsidkwhatimdoing|266
|player|p2|Yo_Negga|92
|gametype|singles
|gen|6
|tier|UU
|rated
|rule|Sleep Clause Mod: Limit one foe put to sleep
|rule|Species Clause: Limit one of each Pokémon
|rule|OHKO Clause: OHKO moves are banned
|rule|Moody Clause: Moody is banned
|rule|Evasion Moves Clause: Evasion moves are banned
|rule|Endless Battle Clause: Forcing endless battles is banned
|rule|HP Percentage Mod: HP is shown in percentages
|clearpoke
|poke|p1|Suicune
|poke|p1|Chandelure, F
|poke|p1|Aggron, F
|poke|p1|Aerodactyl, M
|poke|p1|Chesnaught, M
|poke|p1|Braviary, M
|poke|p2|Swampert, M, shiny
|poke|p2|Blissey, F, shiny
|poke|p2|Forretress, M, shiny
|poke|p2|Crobat, M, shiny
|poke|p2|Toxicroak, M, shiny
|poke|p2|Ludicolo, M, shiny
|rule|Swagger Clause: Swagger is banned
|rule|Baton Pass Clause: Limit one Pokémon knowing Baton Pass
|teampreview
|
|start
|switch|p1a: Chandelure|Chandelure, F|261\/261
|switch|p2a: Swampert|Swampert, M, shiny|404\/404
|turn|1
|
|switch|p2a: Blissey|Blissey, F, shiny|714\/714
|move|p1a: Chandelure|Energy Ball|p2a: Blissey
|-damage|p2a: Blissey|627\/714
|
|-heal|p2a: Blissey|671\/714|[from] item: Leftovers
|turn|2
|
|switch|p1a: Aggron|Aggron, F|344\/344
|move|p2a: Blissey|Toxic|p1a: Aggron
|-fail|p1a: Aggron
|
|-heal|p2a: Blissey|714\/714|[from] item: Leftovers
|turn|3
|
|switch|p2a: Forretress|Forretress, M, shiny|354\/354
|detailschange|p1a: Aggron|Aggron-Mega, F
|message|Aggron has Mega Evolved into Mega Aggron!
|move|p1a: Aggron|Heavy Slam|p2a: Forretress
|-resisted|p2a: Forretress
|-damage|p2a: Forretress|318\/354
|-enditem|p2a: Forretress|Red Card|[of] p1a: Aggron
|drag|p1a: Chesnaught|Chesnaught, M|380\/380
|
|turn|4
|
|move|p1a: Chesnaught|Spikes|p2a: Forretress
|-sidestart|p2: Yo_Negga|Spikes
|move|p2a: Forretress|Toxic Spikes|p1a: Chesnaught
|-sidestart|p1: lolsidkwhatimdoing|move: Toxic Spikes
|
|turn|5
|
|switch|p1a: Chandelure|Chandelure, F|261\/261
|-status|p1a: Chandelure|psn
|move|p2a: Forretress|Toxic Spikes|p1a: Chandelure
|-sidestart|p1: lolsidkwhatimdoing|move: Toxic Spikes
|
|-damage|p1a: Chandelure|229\/261 psn|[from] psn
|turn|6
|
|switch|p2a: Blissey|Blissey, F, shiny|714\/714
|-damage|p2a: Blissey|625\/714|[from] Spikes
|move|p1a: Chandelure|Fire Blast|p2a: Blissey
|-damage|p2a: Blissey|463\/714
|
|-heal|p2a: Blissey|507\/714|[from] item: Leftovers
|-damage|p1a: Chandelure|197\/261 psn|[from] psn
|turn|7
|
|switch|p1a: Aerodactyl|Aerodactyl, M|302\/302
|-ability|p1a: Aerodactyl|Unnerve|p2: Yo_Negga
|move|p2a: Blissey|Wish|p2a: Blissey
|
|-heal|p2a: Blissey|551\/714|[from] item: Leftovers
|turn|8
|
|move|p1a: Aerodactyl|Stealth Rock|p2a: Blissey
|-sidestart|p2: Yo_Negga|move: Stealth Rock
|move|p2a: Blissey|Toxic|p1a: Aerodactyl
|-status|p1a: Aerodactyl|tox
|
|-heal|p2a: Blissey|714\/714|[from] move: Wish|[wisher] Blissey
|-damage|p1a: Aerodactyl|284\/302 tox|[from] psn
|turn|9
|
|switch|p2a: Forretress|Forretress, M, shiny|318\/354
|-damage|p2a: Forretress|274\/354|[from] Spikes
|-damage|p2a: Forretress|230\/354|[from] Stealth Rock
|move|p1a: Aerodactyl|Taunt|p2a: Forretress
|-start|p2a: Forretress|move: Taunt
|
|-damage|p1a: Aerodactyl|248\/302 tox|[from] psn
|turn|10
|
|switch|p1a: Aggron|Aggron-Mega, F|344\/344
|move|p2a: Forretress|Rapid Spin|p1a: Aggron
|-resisted|p1a: Aggron
|-damage|p1a: Aggron|341\/344
|-sideend|p2: Yo_Negga|Spikes|[from] move: Rapid Spin|[of] p2a: Forretress
|-sideend|p2: Yo_Negga|Stealth Rock|[from] move: Rapid Spin|[of] p2a: Forretress
|
|turn|11
|-message|lolsidkwhatimdoing forfeited.
|
|win|Yo_Negga
|raw|Ladder updating...
|raw|lolsidkwhatimdoing's rating: 1320 &rarr; <strong>1298<\/strong><br \/>(-22 for losing)
|raw|Yo_Negga's rating: 1296 &rarr; <strong>1322<\/strong><br \/>(+26 for winning)
|leave|lolsidkwhatimdoing
|player|p1