|join|OPCHARZARD
|join|looiiyut
|player|p1|OPCHARZARD|52
|player|p2|looiiyut|210
|gametype|singles
|gen|6
|tier|OU
|clearpoke
|poke|p1|Gardevoir, M
|poke|p1|Gengar, F
|poke|p1|Aegislash, M
|poke|p1|Greninja, F
|poke|p1|Mawile, M
|poke|p1|Dragonite, F
|poke|p2|Heracross, M
|poke|p2|Heatran, F
|poke|p2|Clefable, F
|poke|p2|Zapdos
|poke|p2|Garchomp, M
|poke|p2|Tentacruel, M
|rule|Swagger Clause: Swagger is banned
|rule|Baton Pass Clause: Limit one Pokémon knowing Baton Pass
|rule|Sleep Clause Mod: Limit one foe put to sleep
|rule|Species Clause: Limit one of each Pokémon
|rule|OHKO Clause: OHKO moves are banned
|rule|Moody Clause: Moody is banned
|rule|Evasion Moves Clause: Evasion moves are banned
|rule|Endless Battle Clause: Forcing endless battles is banned
|rule|HP Percentage Mod: HP is reported as percentages
|teampreview
|
|start
|switch|p1a: Greninja|Greninja, F|348\/348
|switch|p2a: Tentacruel|Tentacruel, M|364\/364
|turn|1
|
|move|p1a: Greninja|Extrasensory|p2a: Tentacruel
|-start|p1a: Greninja|typechange|Psychic|[from] Protean
|-supereffective|p2a: Tentacruel
|-damage|p2a: Tentacruel|224\/364
|move|p2a: Tentacruel|Mirror Coat|p1a: Greninja
|-damage|p1a: Greninja|68\/348
|
|-heal|p1a: Greninja|89\/348|[from] item: Leftovers
|-heal|p2a: Tentacruel|246\/364|[from] item: Black Sludge
|turn|2
|
|move|p1a: Greninja|Ice Beam|p2a: Tentacruel
|-start|p1a: Greninja|typechange|Ice|[from] Protean
|-crit|p2a: Tentacruel
|-resisted|p2a: Tentacruel
|-damage|p2a: Tentacruel|178\/364
|move|p2a: Tentacruel|Scald|p1a: Greninja
|-damage|p1a: Greninja|0 fnt
|faint|p1a: Greninja
|
|-heal|p2a: Tentacruel|200\/364|[from] item: Black Sludge
|
|switch|p1a: Gengar|Gengar, F|324\/324
|turn|3
|
|move|p1a: Gengar|Shadow Ball|p2a: Tentacruel
|-crit|p2a: Tentacruel
|-damage|p2a: Tentacruel|23\/364
|move|p2a: Tentacruel|Scald|p1a: Gengar
|-damage|p1a: Gengar|221\/324
|-status|p1a: Gengar|brn
|
|-heal|p1a: Gengar|241\/324 brn|[from] item: Leftovers
|-heal|p2a: Tentacruel|45\/364|[from] item: Black Sludge
|-damage|p1a: Gengar|201\/324 brn|[from] brn
|turn|4
|
|move|p1a: Gengar|Shadow Ball|p2a: Tentacruel
|-damage|p2a: Tentacruel|0 fnt
|faint|p2a: Tentacruel
|
|-heal|p1a: Gengar|221\/324 brn|[from] item: Leftovers
|-damage|p1a: Gengar|181\/324 brn|[from] brn
|
|switch|p2a: Heatran|Heatran, F|385\/385
|turn|5
|
|switch|p1a: Gardevoir|Gardevoir, M|340\/340
|move|p2a: Heatran|Stealth Rock|p1a: Gardevoir
|-sidestart|p1: OPCHARZARD|move: Stealth Rock
|
|turn|6
|
|switch|p2a: Clefable|Clefable, F|394\/394
|move|p1a: Gardevoir|Hypnosis|p2a: Clefable|[miss]
|-miss|p1a: Gardevoir|p2a: Clefable
|
|turn|7
|
|move|p1a: Gardevoir|Calm Mind|p1a: Gardevoir
|-boost|p1a: Gardevoir|spa|1
|-boost|p1a: Gardevoir|spd|1
|move|p2a: Clefable|Moonblast|p1a: Gardevoir
|-damage|p1a: Gardevoir|271\/340
|
|-heal|p1a: Gardevoir|292\/340|[from] item: Leftovers
|turn|8
|
|move|p1a: Gardevoir|Psychic|p2a: Clefable
|-damage|p2a: Clefable|142\/394
|move|p2a: Clefable|Calm Mind|p2a: Clefable
|-boost|p2a: Clefable|spa|1
|-boost|p2a: Clefable|spd|1
|
|-heal|p1a: Gardevoir|313\/340|[from] item: Leftovers
|-heal|p2a: Clefable|166\/394|[from] item: Leftovers
|turn|9
|
|move|p1a: Gardevoir|Psychic|p2a: Clefable
|-damage|p2a: Clefable|0 fnt
|faint|p2a: Clefable
|
|-heal|p1a: Gardevoir|334\/340|[from] item: Leftovers
|
|switch|p2a: Garchomp|Garchomp, M|357\/357
|turn|10
|
|switch|p1a: Aegislash|Aegislash, M|324\/324
|-damage|p1a: Aegislash|304\/324|[from] Stealth Rock
|move|p2a: Garchomp|Earthquake|p1a: Aegislash
|-supereffective|p1a: Aegislash
|-damage|p1a: Aegislash|28\/324
|
|-heal|p1a: Aegislash|48\/324|[from] item: Leftovers
|turn|11
|
|move|p1a: Aegislash|King's Shield|p1a: Aegislash
|-singleturn|p1a: Aegislash|Protect
|move|p2a: Garchomp|Earthquake|p1a: Aegislash
|-activate|p1a: Aegislash|Protect
|
|-heal|p1a: Aegislash|68\/324|[from] item: Leftovers
|turn|12
|
|switch|p1a: Dragonite|Dragonite, F|386\/386
|-damage|p1a: Dragonite|290\/386|[from] Stealth Rock
|move|p2a: Garchomp|Earthquake|p1a: Dragonite
|-immune|p1a: Dragonite|[msg]
|
|-heal|p1a: Dragonite|314\/386|[from] item: Leftovers
|turn|13
|
|switch|p2a: Zapdos|Zapdos|384\/384
|-ability|p2a: Zapdos|Pressure
|move|p1a: Dragonite|Flamethrower|p2a: Zapdos
|-damage|p2a: Zapdos|326\/384
|
|-heal|p2a: Zapdos|350\/384|[from] item: Leftovers
|-heal|p1a: Dragonite|338\/386|[from] item: Leftovers
|turn|14
|
|switch|p1a: Gardevoir|Gardevoir, M|334\/340
|-damage|p1a: Gardevoir|292\/340|[from] Stealth Rock
|move|p2a: Zapdos|Hidden Power|p1a: Gardevoir
|-damage|p1a: Gardevoir|236\/340
|
|-heal|p2a: Zapdos|374\/384|[from] item: Leftovers
|-heal|p1a: Gardevoir|257\/340|[from] item: Leftovers
|turn|15
|
|switch|p2a: Heatran|Heatran, F|385\/385
|move|p1a: Gardevoir|Protect|p1a: Gardevoir
|-fail|p1a: Gardevoir
|
|-heal|p1a: Gardevoir|278\/340|[from] item: Leftovers
|turn|16
|
|move|p2a: Heatran|Taunt|p1a: Gardevoir
|-start|p1a: Gardevoir|move: Taunt
|cant|p1a: Gardevoir|move: Taunt|Hypnosis
|
|-heal|p1a: Gardevoir|299\/340|[from] item: Leftovers
|turn|17
|
|move|p2a: Heatran|Lava Plume|p1a: Gardevoir
|-damage|p1a: Gardevoir|200\/340
|-status|p1a: Gardevoir|brn
|move|p1a: Gardevoir|Psychic|p2a: Heatran
|-resisted|p2a: Heatran
|-damage|p2a: Heatran|325\/385
|-unboost|p2a: Heatran|spd|1
|
|-heal|p2a: Heatran|349\/385|[from] item: Leftovers
|-heal|p1a: Gardevoir|221\/340 brn|[from] item: Leftovers
|-damage|p1a: Gardevoir|179\/340 brn|[from] brn
|turn|18
|
|switch|p1a: Mawile|Mawile, M|304\/304
|-damage|p1a: Mawile|285\/304|[from] Stealth Rock
|move|p2a: Heatran|Lava Plume|p1a: Mawile
|-supereffective|p1a: Mawile
|-damage|p1a: Mawile|0 fnt
|faint|p1a: Mawile
|
|-heal|p2a: Heatran|373\/385|[from] item: Leftovers
|
|switch|p1a: Dragonite|Dragonite, F|338\/386
|-damage|p1a: Dragonite|242\/386|[from] Stealth Rock
|turn|19
|
|switch|p2a: Zapdos|Zapdos|374\/384
|-ability|p2a: Zapdos|Pressure
|move|p1a: Dragonite|Flamethrower|p2a: Zapdos
|-damage|p2a: Zapdos|310\/384
|
|-heal|p2a: Zapdos|334\/384|[from] item: Leftovers
|-heal|p1a: Dragonite|266\/386|[from] item: Leftovers
|turn|20
|
|move|p2a: Zapdos|Hidden Power|p1a: Dragonite
|-supereffective|p1a: Dragonite
|-damage|p1a: Dragonite|0 fnt
|faint|p1a: Dragonite
|
|-heal|p2a: Zapdos|358\/384|[from] item: Leftovers
|
|switch|p1a: Aegislash|Aegislash, M|68\/324
|-damage|p1a: Aegislash|48\/324|[from] Stealth Rock
|turn|21
|
|move|p1a: Aegislash|King's Shield|p1a: Aegislash
|-singleturn|p1a: Aegislash|Protect
|move|p2a: Zapdos|Heat Wave|p1a: Aegislash
|-activate|p1a: Aegislash|Protect
|
|-heal|p2a: Zapdos|382\/384|[from] item: Leftovers
|-heal|p1a: Aegislash|68\/324|[from] item: Leftovers
|turn|22
|
|move|p1a: Aegislash|King's Shield|p1a: Aegislash
|-singleturn|p1a: Aegislash|Protect
|move|p2a: Zapdos|Heat Wave|p1a: Aegislash
|-activate|p1a: Aegislash|Protect
|
|-heal|p2a: Zapdos|384\/384|[from] item: Leftovers
|-heal|p1a: Aegislash|88\/324|[from] item: Leftovers
|turn|23
|
|move|p1a: Aegislash|King's Shield|p1a: Aegislash
|-singleturn|p1a: Aegislash|Protect
|move|p2a: Zapdos|Heat Wave|p1a: Aegislash
|-activate|p1a: Aegislash|Protect
|
|-heal|p1a: Aegislash|108\/324|[from] item: Leftovers
|turn|24
|chat|looiiyut|what???????????
|
|move|p2a: Zapdos|Heat Wave|p1a: Aegislash
|-miss|p2a: Zapdos|p1a: Aegislash
|-formechange|p1a: Aegislash|Aegislash-Blade
|move|p1a: Aegislash|Shadow Ball|p2a: Zapdos
|-damage|p2a: Zapdos|270\/384
|
|-heal|p2a: Zapdos|294\/384|[from] item: Leftovers
|-heal|p1a: Aegislash|128\/324|[from] item: Leftovers
|turn|25
|
|move|p2a: Zapdos|Heat Wave|p1a: Aegislash
|-supereffective|p1a: Aegislash
|-damage|p1a: Aegislash|0 fnt
|faint|p1a: Aegislash
|
|-heal|p2a: Zapdos|318\/384|[from] item: Leftovers
|leave|OPCHARZARD
|player|p1
|chat|looiiyut|your luck is incredible
|-message|Player 1 lost due to inactivity.
|
|win|looiiyut