|join|GreatLuke
|join|zAxl
|player|p1|GreatLuke|292
|player|p2|zAxl|126
|gametype|singles
|gen|6
|tier|OU
|rated
|clearpoke
|poke|p1|Talonflame, M, shiny
|poke|p1|Scizor, F
|poke|p1|Gliscor, M
|poke|p1|Bronzong
|poke|p1|Keldeo-Resolute, shiny
|poke|p1|Kyurem-Black
|poke|p2|Venusaur, M
|poke|p2|Heatran, M, shiny
|poke|p2|Keldeo-Resolute, shiny
|poke|p2|Chansey, F, shiny
|poke|p2|Latios, M
|poke|p2|Garchomp, M, shiny
|rule|Swagger Clause: Swagger is banned
|rule|Baton Pass Clause: Limit one Pokémon knowing Baton Pass
|rule|Sleep Clause Mod: Limit one foe put to sleep
|rule|Species Clause: Limit one of each Pokémon
|rule|OHKO Clause: OHKO moves are banned
|rule|Moody Clause: Moody is banned
|rule|Evasion Moves Clause: Evasion moves are banned
|rule|Endless Battle Clause: Forcing endless battles is banned
|rule|HP Percentage Mod: HP is shown in percentages
|teampreview
|
|start
|switch|p1a: Gliscor|Gliscor, M|352\/352
|switch|p2a: Garchomp|Garchomp, M, shiny|358\/358
|turn|1
|
|switch|p2a: Venusaur|Venusaur, M|364\/364
|move|p1a: Gliscor|Knock Off|p2a: Venusaur
|-damage|p2a: Venusaur|323\/364
|
|-status|p1a: Gliscor|tox|[from] item: Toxic Orb
|turn|2
|
|detailschange|p2a: Venusaur|Venusaur-Mega, M
|message|Venusaur has Mega Evolved into Mega Venusaur!
|move|p1a: Gliscor|Taunt|p2a: Venusaur
|-start|p2a: Venusaur|move: Taunt
|cant|p2a: Venusaur|move: Taunt|Leech Seed
|
|turn|3
|
|switch|p1a: Talonflame|Talonflame, M, shiny|298\/298
|move|p2a: Venusaur|Giga Drain|p1a: Talonflame
|-resisted|p1a: Talonflame
|-damage|p1a: Talonflame|264\/298
|-heal|p2a: Venusaur|340\/364|[from] drain|[of] p1a: Talonflame
|
|turn|4
|
|switch|p2a: Iron Man|Heatran, M, shiny|386\/386
|move|p1a: Talonflame|Brave Bird|p2a: Iron Man
|-resisted|p2a: Iron Man
|-damage|p2a: Iron Man|290\/386
|-damage|p1a: Talonflame|232\/298|[from] recoil|[of] p2a: Iron Man
|-damage|p1a: Talonflame|203\/298|[from] item: Life Orb
|
|-heal|p2a: Iron Man|314\/386|[from] item: Leftovers
|turn|5
|
|switch|p1a: Gliscor|Gliscor, M|352\/352 tox
|move|p2a: Iron Man|Stealth Rock|p1a: Gliscor
|-sidestart|p1: GreatLuke|move: Stealth Rock
|
|-heal|p2a: Iron Man|338\/386|[from] item: Leftovers
|turn|6
|
|switch|p2a: Venusaur|Venusaur-Mega, M|340\/364
|move|p1a: Gliscor|Earthquake|p2a: Venusaur
|-damage|p2a: Venusaur|273\/364
|
|turn|7
|
|move|p1a: Gliscor|Taunt|p2a: Venusaur
|-start|p2a: Venusaur|move: Taunt
|cant|p2a: Venusaur|move: Taunt|Synthesis
|
|turn|8
|
|move|p1a: Gliscor|Earthquake|p2a: Venusaur
|-damage|p2a: Venusaur|201\/364
|move|p2a: Venusaur|Giga Drain|p1a: Gliscor
|-damage|p1a: Gliscor|261\/352 tox
|-heal|p2a: Venusaur|247\/364|[from] drain|[of] p1a: Gliscor
|
|-heal|p1a: Gliscor|305\/352 tox|[from] ability: Poison Heal
|turn|9
|
|switch|p1a: Bronzong|Bronzong|338\/338
|-damage|p1a: Bronzong|317\/338|[from] Stealth Rock
|move|p2a: Venusaur|Giga Drain|p1a: Bronzong
|-resisted|p1a: Bronzong
|-damage|p1a: Bronzong|278\/338
|-heal|p2a: Venusaur|267\/364|[from] drain|[of] p1a: Bronzong
|
|-end|p2a: Venusaur|move: Taunt
|turn|10
|
|move|p2a: Venusaur|Leech Seed|p1a: Bronzong
|-start|p1a: Bronzong|move: Leech Seed
|move|p1a: Bronzong|Stealth Rock|p2a: Venusaur
|-sidestart|p2: zAxl|move: Stealth Rock
|
|-damage|p1a: Bronzong|236\/338|[from] Leech Seed|[of] p2a: Venusaur
|-heal|p2a: Venusaur|309\/364|[silent]
|turn|11
|
|switch|p1a: Scizor|Scizor, F|343\/343
|-damage|p1a: Scizor|301\/343|[from] Stealth Rock
|move|p2a: Venusaur|Giga Drain|p1a: Scizor
|-crit|p1a: Scizor
|-resisted|p1a: Scizor
|-damage|p1a: Scizor|254\/343
|-heal|p2a: Venusaur|333\/364|[from] drain|[of] p1a: Scizor
|
|turn|12
|
|detailschange|p1a: Scizor|Scizor-Mega, F
|message|Scizor has Mega Evolved into Mega Scizor!
|move|p1a: Scizor|Bullet Punch|p2a: Venusaur
|-damage|p2a: Venusaur|270\/364
|move|p2a: Venusaur|Synthesis|p2a: Venusaur
|-heal|p2a: Venusaur|364\/364
|
|turn|13
|
|move|p2a: Venusaur|Leech Seed|p1a: Scizor
|-start|p1a: Scizor|move: Leech Seed
|move|p1a: Scizor|U-turn|p2a: Venusaur
|-damage|p2a: Venusaur|286\/364
|
|switch|p1a: Gliscor|Gliscor, M|305\/352 tox
|-damage|p1a: Gliscor|261\/352 tox|[from] Stealth Rock
|
|-heal|p1a: Gliscor|305\/352 tox|[from] ability: Poison Heal
|turn|14
|
|move|p1a: Gliscor|Taunt|p2a: Venusaur
|-start|p2a: Venusaur|move: Taunt
|move|p2a: Venusaur|Giga Drain|p1a: Gliscor
|-damage|p1a: Gliscor|205\/352 tox
|-heal|p2a: Venusaur|336\/364|[from] drain|[of] p1a: Gliscor
|
|-heal|p1a: Gliscor|249\/352 tox|[from] ability: Poison Heal
|turn|15
|
|switch|p1a: Scizor|Scizor-Mega, F|254\/343
|-damage|p1a: Scizor|212\/343|[from] Stealth Rock
|move|p2a: Venusaur|Giga Drain|p1a: Scizor
|-resisted|p1a: Scizor
|-damage|p1a: Scizor|187\/343
|-heal|p2a: Venusaur|349\/364|[from] drain|[of] p1a: Scizor
|
|turn|16
|
|move|p2a: Venusaur|Giga Drain|p1a: Scizor
|-resisted|p1a: Scizor
|-damage|p1a: Scizor|161\/343
|-heal|p2a: Venusaur|362\/364|[from] drain|[of] p1a: Scizor
|move|p1a: Scizor|Defog|p2a: Venusaur
|-unboost|p2a: Venusaur|evasion|1
|-sideend|p2: zAxl|Stealth Rock|[from] move: Defog|[of] p2a: Venusaur
|-sideend|p1: GreatLuke|Stealth Rock|[from] move: Defog|[of] p1a: Scizor
|
|-end|p2a: Venusaur|move: Taunt
|turn|17
|
|move|p2a: Venusaur|Leech Seed|p1a: Scizor
|-start|p1a: Scizor|move: Leech Seed
|move|p1a: Scizor|Roost|p1a: Scizor
|-heal|p1a: Scizor|333\/343
|
|-damage|p1a: Scizor|291\/343|[from] Leech Seed|[of] p2a: Venusaur
|-heal|p2a: Venusaur|364\/364|[silent]
|turn|18
|
|switch|p1a: Bronzong|Bronzong|236\/338
|move|p2a: Venusaur|Giga Drain|p1a: Bronzong
|-resisted|p1a: Bronzong
|-damage|p1a: Bronzong|197\/338
|
|turn|19
|
|move|p2a: Venusaur|Leech Seed|p1a: Bronzong
|-start|p1a: Bronzong|move: Leech Seed
|move|p1a: Bronzong|Stealth Rock|p2a: Venusaur
|-sidestart|p2: zAxl|move: Stealth Rock
|
|-damage|p1a: Bronzong|155\/338|[from] Leech Seed|[of] p2a: Venusaur
|turn|20
|
|switch|p2a: Iron Man|Heatran, M, shiny|338\/386
|-damage|p2a: Iron Man|290\/386|[from] Stealth Rock
|move|p1a: Bronzong|Stealth Rock|p2a: Iron Man
|-fail|p2a: Iron Man
|
|-heal|p2a: Iron Man|314\/386|[from] item: Leftovers
|-damage|p1a: Bronzong|113\/338|[from] Leech Seed|[of] p2a: Iron Man
|-heal|p2a: Iron Man|356\/386|[silent]
|turn|21
|
|switch|p1a: Gliscor|Gliscor, M|249\/352 tox
|move|p2a: Iron Man|Stealth Rock|p1a: Gliscor
|-sidestart|p1: GreatLuke|move: Stealth Rock
|
|-heal|p2a: Iron Man|380\/386|[from] item: Leftovers
|-heal|p1a: Gliscor|293\/352 tox|[from] ability: Poison Heal
|turn|22
|
|switch|p2a: Venusaur|Venusaur-Mega, M|364\/364
|-damage|p2a: Venusaur|319\/364|[from] Stealth Rock
|move|p1a: Gliscor|Knock Off|p2a: Venusaur
|-damage|p2a: Venusaur|287\/364
|
|-heal|p1a: Gliscor|337\/352 tox|[from] ability: Poison Heal
|turn|23
|
|switch|p1a: Scizor|Scizor-Mega, F|291\/343
|-damage|p1a: Scizor|249\/343|[from] Stealth Rock
|move|p2a: Venusaur|Giga Drain|p1a: Scizor
|-resisted|p1a: Scizor
|-damage|p1a: Scizor|224\/343
|-heal|p2a: Venusaur|300\/364|[from] drain|[of] p1a: Scizor
|
|turn|24
|
|move|p2a: Venusaur|Leech Seed|p1a: Scizor
|-start|p1a: Scizor|move: Leech Seed
|move|p1a: Scizor|Defog|p2a: Venusaur
|-unboost|p2a: Venusaur|evasion|1
|-sideend|p2: zAxl|Stealth Rock|[from] move: Defog|[of] p2a: Venusaur
|-sideend|p1: GreatLuke|Stealth Rock|[from] move: Defog|[of] p1a: Scizor
|
|-damage|p1a: Scizor|182\/343|[from] Leech Seed|[of] p2a: Venusaur
|-heal|p2a: Venusaur|342\/364|[silent]
|turn|25
|
|move|p2a: Venusaur|Giga Drain|p1a: Scizor
|-resisted|p1a: Scizor
|-damage|p1a: Scizor|157\/343
|-heal|p2a: Venusaur|355\/364|[from] drain|[of] p1a: Scizor
|move|p1a: Scizor|Roost|p1a: Scizor
|-heal|p1a: Scizor|329\/343
|
|-damage|p1a: Scizor|287\/343|[from] Leech Seed|[of] p2a: Venusaur
|-heal|p2a: Venusaur|364\/364|[silent]
|turn|26
|
|switch|p1a: Talonflame|Talonflame, M, shiny|203\/298
|move|p2a: Venusaur|Giga Drain|p1a: Talonflame
|-resisted|p1a: Talonflame
|-damage|p1a: Talonflame|170\/298
|
|turn|27
|
|switch|p2a: Iron Man|Heatran, M, shiny|380\/386
|move|p1a: Talonflame|Roost|p1a: Talonflame
|-heal|p1a: Talonflame|298\/298
|
|-heal|p2a: Iron Man|386\/386|[from] item: Leftovers
|turn|28
|
|switch|p1a: Gliscor|Gliscor, M|337\/352 tox
|move|p2a: Iron Man|Lava Plume|p1a: Gliscor
|-damage|p1a: Gliscor|234\/352 tox
|
|-heal|p1a: Gliscor|278\/352 tox|[from] ability: Poison Heal
|turn|29
|
|switch|p2a: Venusaur|Venusaur-Mega, M|364\/364
|move|p1a: Gliscor|Taunt|p2a: Venusaur
|-start|p2a: Venusaur|move: Taunt
|
|-heal|p1a: Gliscor|322\/352 tox|[from] ability: Poison Heal
|turn|30
|
|switch|p1a: Talonflame|Talonflame, M, shiny|298\/298
|move|p2a: Venusaur|Giga Drain|p1a: Talonflame
|-resisted|p1a: Talonflame
|-damage|p1a: Talonflame|262\/298
|
|turn|31
|
|switch|p1a: Gliscor|Gliscor, M|322\/352 tox
|switch|p2a: Iron Man|Heatran, M, shiny|386\/386
|
|-heal|p1a: Gliscor|352\/352 tox|[from] ability: Poison Heal
|turn|32
|c|★GreatLuke|that game lol
|
|switch|p1a: Kyurem-Black|Kyurem-Black|391\/391
|-ability|p1a: Kyurem-Black|Teravolt
|switch|p2a: Latios|Latios, M|302\/302
|
|turn|33
|
|move|p1a: Kyurem-Black|Dragon Claw|p2a: Latios
|-supereffective|p2a: Latios
|-damage|p2a: Latios|0 fnt
|faint|p2a: Latios
|
|c|★zAxl|lol
|c|★zAxl|scarf?
|c|★GreatLuke|course
|
|switch|p2a: Garchomp|Garchomp, M, shiny|358\/358
|turn|34
|
|switch|p1a: Scizor|Scizor-Mega, F|287\/343
|move|p2a: Garchomp|Dragon Claw|p1a: Scizor
|-resisted|p1a: Scizor
|-damage|p1a: Scizor|243\/343
|
|turn|35
|
|switch|p2a: Venusaur|Venusaur-Mega, M|364\/364
|move|p1a: Scizor|U-turn|p2a: Venusaur
|-damage|p2a: Venusaur|283\/364
|
|switch|p1a: Kyurem-Black|Kyurem-Black|391\/391
|-ability|p1a: Kyurem-Black|Teravolt
|
|turn|36
|
|move|p1a: Kyurem-Black|Ice Beam|p2a: Venusaur
|-crit|p2a: Venusaur
|-supereffective|p2a: Venusaur
|-damage|p2a: Venusaur|0 fnt
|faint|p2a: Venusaur
|
|
|switch|p2a: Garchomp|Garchomp, M, shiny|358\/358
|turn|37
|c|★GreatLuke|bb fucking dinosaur
|
|switch|p1a: Bronzong|Bronzong|113\/338
|move|p2a: Garchomp|Earthquake|p1a: Bronzong
|-supereffective|p1a: Bronzong
|-damage|p1a: Bronzong|0 fnt
|faint|p1a: Bronzong
|
|
|switch|p1a: Gliscor|Gliscor, M|352\/352 tox
|turn|38
|c|★GreatLuke|nice predict
|
|switch|p2a: Poke Center|Chansey, F, shiny|704\/704
|move|p1a: Gliscor|Knock Off|p2a: Poke Center
|-damage|p2a: Poke Center|604\/704
|-enditem|p2a: Poke Center|Eviolite|[from] move: Knock Off|[of] p1a: Gliscor
|
|turn|39
|c|★zAxl|thanks
|
|move|p1a: Gliscor|Taunt|p2a: Poke Center
|-start|p2a: Poke Center|move: Taunt
|cant|p2a: Poke Center|move: Taunt|Soft-Boiled
|
|turn|40
|
|move|p1a: Gliscor|Earthquake|p2a: Poke Center
|-damage|p2a: Poke Center|363\/704
|move|p2a: Poke Center|Seismic Toss|p1a: Gliscor
|-damage|p1a: Gliscor|252\/352 tox
|
|-heal|p1a: Gliscor|296\/352 tox|[from] ability: Poison Heal
|turn|41
|
|move|p1a: Gliscor|Knock Off|p2a: Poke Center
|-damage|p2a: Poke Center|260\/704
|move|p2a: Poke Center|Seismic Toss|p1a: Gliscor
|-damage|p1a: Gliscor|196\/352 tox
|
|-heal|p1a: Gliscor|240\/352 tox|[from] ability: Poison Heal
|-end|p2a: Poke Center|move: Taunt
|turn|42
|
|move|p1a: Gliscor|Taunt|p2a: Poke Center
|-start|p2a: Poke Center|move: Taunt
|move|p2a: Poke Center|Seismic Toss|p1a: Gliscor
|-damage|p1a: Gliscor|140\/352 tox
|
|-heal|p1a: Gliscor|184\/352 tox|[from] ability: Poison Heal
|turn|43
|
|move|p1a: Gliscor|Earthquake|p2a: Poke Center
|-damage|p2a: Poke Center|26\/704
|move|p2a: Poke Center|Seismic Toss|p1a: Gliscor
|-damage|p1a: Gliscor|84\/352 tox
|
|-heal|p1a: Gliscor|128\/352 tox|[from] ability: Poison Heal
|turn|44
|
|move|p1a: Gliscor|Roost|p1a: Gliscor
|-heal|p1a: Gliscor|304\/352 tox
|move|p2a: Poke Center|Seismic Toss|p1a: Gliscor
|-damage|p1a: Gliscor|204\/352 tox
|
|-heal|p1a: Gliscor|248\/352 tox|[from] ability: Poison Heal
|-end|p2a: Poke Center|move: Taunt
|turn|45
|
|switch|p2a: Rainbow Dash|Keldeo-Resolute, shiny|323\/323
|move|p1a: Gliscor|Knock Off|p2a: Rainbow Dash
|-resisted|p2a: Rainbow Dash
|-damage|p2a: Rainbow Dash|283\/323
|-boost|p2a: Rainbow Dash|atk|1|[from] ability: Justified
|-enditem|p2a: Rainbow Dash|Choice Specs|[from] move: Knock Off|[of] p1a: Gliscor
|
|-heal|p1a: Gliscor|292\/352 tox|[from] ability: Poison Heal
|turn|46
|c|★zAxl|oh
|
|switch|p1a: Kyurem-Black|Kyurem-Black|391\/391
|-ability|p1a: Kyurem-Black|Teravolt
|move|p2a: Rainbow Dash|Secret Sword|p1a: Kyurem-Black
|-supereffective|p1a: Kyurem-Black
|-damage|p1a: Kyurem-Black|91\/391
|
|turn|47
|
|switch|p2a: Poke Center|Chansey, F, shiny|26\/704
|move|p1a: Kyurem-Black|Fusion Bolt|p2a: Poke Center
|-damage|p2a: Poke Center|0 fnt
|faint|p2a: Poke Center
|
|
|switch|p2a: Garchomp|Garchomp, M, shiny|358\/358
|turn|48
|
|switch|p1a: Gliscor|Gliscor, M|292\/352 tox
|move|p2a: Garchomp|Earthquake|p1a: Gliscor
|-immune|p1a: Gliscor|[msg]
|
|-heal|p1a: Gliscor|336\/352 tox|[from] ability: Poison Heal
|turn|49
|
|switch|p2a: Iron Man|Heatran, M, shiny|386\/386
|move|p1a: Gliscor|Earthquake|p2a: Iron Man
|-supereffective|p2a: Iron Man
|-damage|p2a: Iron Man|0 fnt
|faint|p2a: Iron Man
|
|-heal|p1a: Gliscor|352\/352 tox|[from] ability: Poison Heal
|
|switch|p2a: Rainbow Dash|Keldeo-Resolute, shiny|283\/323
|turn|50
|
|move|p2a: Rainbow Dash|Icy Wind|p1a: Gliscor
|-supereffective|p1a: Gliscor
|-damage|p1a: Gliscor|132\/352 tox
|-unboost|p1a: Gliscor|spe|1
|move|p1a: Gliscor|Earthquake|p2a: Rainbow Dash
|-damage|p2a: Rainbow Dash|154\/323
|
|-heal|p1a: Gliscor|176\/352 tox|[from] ability: Poison Heal
|turn|51
|
|switch|p1a: Scizor|Scizor-Mega, F|243\/343
|move|p2a: Rainbow Dash|Icy Wind|p1a: Scizor
|-resisted|p1a: Scizor
|-damage|p1a: Scizor|211\/343
|-unboost|p1a: Scizor|spe|1
|
|turn|52
|
|move|p1a: Scizor|Bullet Punch|p2a: Rainbow Dash
|-resisted|p2a: Rainbow Dash
|-damage|p2a: Rainbow Dash|100\/323
|move|p2a: Rainbow Dash|Secret Sword|p1a: Scizor
|-damage|p1a: Scizor|132\/343
|
|turn|53
|
|move|p2a: Rainbow Dash|Secret Sword|p1a: Scizor
|-damage|p1a: Scizor|44\/343
|move|p1a: Scizor|U-turn|p2a: Rainbow Dash
|-resisted|p2a: Rainbow Dash
|-damage|p2a: Rainbow Dash|41\/323
|
|switch|p1a: Keldeo-Resolute|Keldeo-Resolute, shiny|324\/324
|
|turn|54
|
|move|p1a: Keldeo-Resolute|Secret Sword|p2a: Rainbow Dash
|-damage|p2a: Rainbow Dash|0 fnt
|faint|p2a: Rainbow Dash
|
|
|switch|p2a: Garchomp|Garchomp, M, shiny|358\/358
|turn|55
|
|move|p2a: Garchomp|Outrage|p1a: Keldeo-Resolute
|-damage|p1a: Keldeo-Resolute|78\/324
|move|p1a: Keldeo-Resolute|Icy Wind|p2a: Garchomp
|-supereffective|p2a: Garchomp
|-damage|p2a: Garchomp|54\/358
|-unboost|p2a: Garchomp|spe|1
|
|-heal|p1a: Keldeo-Resolute|98\/324|[from] item: Leftovers
|turn|56
|
|move|p1a: Keldeo-Resolute|Scald|p2a: Garchomp
|-damage|p2a: Garchomp|0 fnt
|faint|p2a: Garchomp
|
|win|GreatLuke
|raw|Ladder updating...
|raw|GreatLuke's rating: 1398 &rarr; <strong>1416<\/strong><br \/>(+18 for winning)
|raw|zAxl's rating: 1354 &rarr; <strong>1336<\/strong><br \/>(-18 for losing)
|c|★zAxl|gg
|leave|zAxl
|player|p2