|join|Team Siren
|join|JTewi
|player|p1|Team Siren|217
|player|p2|JTewi|265
|gametype|singles
|gen|6
|tier|OU
|rated
|clearpoke
|poke|p1|Slowbro, M, shiny
|poke|p1|Thundurus, M, shiny
|poke|p1|Clefable, F, shiny
|poke|p1|Chansey, F
|poke|p1|Victini
|poke|p1|Mew, shiny
|poke|p2|Tyranitar, M
|poke|p2|Clefable, M
|poke|p2|Heatran, F
|poke|p2|Latias, F
|poke|p2|Politoed, M
|poke|p2|Chesnaught, F
|rule|Swagger Clause: Swagger is banned
|rule|Baton Pass Clause: Limit one Pokémon knowing Baton Pass
|rule|Sleep Clause Mod: Limit one foe put to sleep
|rule|Species Clause: Limit one of each Pokémon
|rule|OHKO Clause: OHKO moves are banned
|rule|Moody Clause: Moody is banned
|rule|Evasion Moves Clause: Evasion moves are banned
|rule|Endless Battle Clause: Forcing endless battles is banned
|rule|HP Percentage Mod: HP is shown in percentages
|teampreview
|join|Chululu
|
|start
|switch|p1a: Nuvemzona|Thundurus, M, shiny|301\/301
|switch|p2a: Clefable|Clefable, M|394\/394
|turn|1
|
|move|p1a: Nuvemzona|Knock Off|p2a: Clefable
|-resisted|p2a: Clefable
|-damage|p2a: Clefable|314\/394
|-enditem|p2a: Clefable|Leftovers|[from] move: Knock Off|[of] p1a: Nuvemzona
|move|p2a: Clefable|Stealth Rock|p1a: Nuvemzona
|-sidestart|p1: Team Siren|move: Stealth Rock
|
|turn|2
|
|switch|p1a: Meow|Mew, shiny|403\/403
|-damage|p1a: Meow|353\/403|[from] Stealth Rock
|move|p2a: Clefable|Moonblast|p1a: Meow
|-damage|p1a: Meow|260\/403
|
|-heal|p1a: Meow|285\/403|[from] item: Leftovers
|turn|3
|
|switch|p2a: Tyranitar|Tyranitar, M|341\/341
|-weather|Sandstorm
|move|p1a: Meow|Defog|p2a: Tyranitar
|-unboost|p2a: Tyranitar|evasion|1
|-sideend|p1: Team Siren|Stealth Rock|[from] move: Defog|[of] p1a: Meow
|
|-weather|Sandstorm|[upkeep]
|-damage|p1a: Meow|260\/403|[from] sandstorm
|-heal|p1a: Meow|285\/403|[from] item: Leftovers
|turn|4
|
|move|p2a: Tyranitar|Crunch|p1a: Meow
|-supereffective|p1a: Meow
|-damage|p1a: Meow|9\/403
|move|p1a: Meow|Will-O-Wisp|p2a: Tyranitar
|-status|p2a: Tyranitar|brn
|
|-weather|Sandstorm|[upkeep]
|-damage|p1a: Meow|0 fnt|[from] sandstorm
|-damage|p2a: Tyranitar|299\/341 brn|[from] brn
|faint|p1a: Meow
|
|switch|p1a: V|Victini|342\/342
|turn|5
|
|switch|p2a: Heatran|Heatran, F|386\/386
|move|p1a: V|U-turn|p2a: Heatran
|-resisted|p2a: Heatran
|-damage|p2a: Heatran|368\/386
|
|switch|p1a: Nuvemzona|Thundurus, M, shiny|301\/301
|
|-weather|Sandstorm|[upkeep]
|-damage|p1a: Nuvemzona|283\/301|[from] sandstorm
|-heal|p2a: Heatran|386\/386|[from] item: Leftovers
|turn|6
|
|switch|p2a: Clefable|Clefable, M|314\/394
|move|p1a: Nuvemzona|Superpower|p2a: Clefable
|-resisted|p2a: Clefable
|-damage|p2a: Clefable|227\/394
|-unboost|p1a: Nuvemzona|atk|1
|-unboost|p1a: Nuvemzona|def|1
|
|-weather|Sandstorm|[upkeep]
|-damage|p1a: Nuvemzona|265\/301|[from] sandstorm
|turn|7
|
|switch|p1a: V|Victini|342\/342
|move|p2a: Clefable|Soft-Boiled|p2a: Clefable
|-heal|p2a: Clefable|394\/394
|
|-weather|none
|turn|8
|
|switch|p2a: Heatran|Heatran, F|386\/386
|move|p1a: V|V-create|p2a: Heatran
|-start|p2a: Heatran|ability: Flash Fire
|
|turn|9
|
|switch|p1a: Hyoga's Mom|Chansey, F|641\/641
|switch|p2a: Clefable|Clefable, M|394\/394
|
|turn|10
|
|switch|p1a: V|Victini|342\/342
|move|p2a: Clefable|Stealth Rock|p1a: V
|-sidestart|p1: Team Siren|move: Stealth Rock
|
|turn|11
|
|switch|p2a: Heatran|Heatran, F|386\/386
|move|p1a: V|Bolt Strike|p2a: Heatran
|-damage|p2a: Heatran|250\/386
|
|-heal|p2a: Heatran|274\/386|[from] item: Leftovers
|turn|12
|
|switch|p1a: Hyoga's Mom|Chansey, F|641\/641
|-damage|p1a: Hyoga's Mom|561\/641|[from] Stealth Rock
|switch|p2a: Clefable|Clefable, M|394\/394
|
|turn|13
|
|move|p1a: Hyoga's Mom|Thunder Wave|p2a: Clefable
|-status|p2a: Clefable|par
|move|p2a: Clefable|Heal Bell|p2a: Clefable
|-cureteam|p2a: Clefable|[from] move: HealBell
|
|turn|14
|
|switch|p2a: Politoed|Politoed, M|372\/372
|move|p1a: Hyoga's Mom|Thunder Wave|p2a: Politoed
|-status|p2a: Politoed|par
|
|turn|15
|
|move|p1a: Hyoga's Mom|Seismic Toss|p2a: Politoed
|-damage|p2a: Politoed|272\/372 par
|move|p2a: Politoed|Whirlpool|p1a: Hyoga's Mom
|-damage|p1a: Hyoga's Mom|542\/641
|-activate|p1a: Hyoga's Mom|move: Whirlpool|[of] p2a: Politoed
|
|-heal|p2a: Politoed|295\/372 par|[from] item: Leftovers
|-damage|p1a: Hyoga's Mom|462\/641|[from] move: Whirlpool|[partiallytrapped]
|turn|16
|
|move|p1a: Hyoga's Mom|Seismic Toss|p2a: Politoed
|-damage|p2a: Politoed|195\/372 par
|move|p2a: Politoed|Perish Song|p2a: Politoed
|-fieldactivate|move: Perish Song
|
|-start|p1a: Hyoga's Mom|perish3
|-start|p2a: Politoed|perish3
|-heal|p2a: Politoed|218\/372 par|[from] item: Leftovers
|-damage|p1a: Hyoga's Mom|382\/641|[from] move: Whirlpool|[partiallytrapped]
|turn|17
|
|move|p1a: Hyoga's Mom|Seismic Toss|p2a: Politoed
|-damage|p2a: Politoed|118\/372 par
|cant|p2a: Politoed|par
|
|-start|p1a: Hyoga's Mom|perish2
|-start|p2a: Politoed|perish2
|-heal|p2a: Politoed|141\/372 par|[from] item: Leftovers
|-damage|p1a: Hyoga's Mom|302\/641|[from] move: Whirlpool|[partiallytrapped]
|turn|18
|
|move|p1a: Hyoga's Mom|Seismic Toss|p2a: Politoed
|-damage|p2a: Politoed|41\/372 par
|move|p2a: Politoed|Rest|p2a: Politoed
|-status|p2a: Politoed|slp
|-heal|p2a: Politoed|372\/372 slp|[silent]
|-status|p2a: Politoed|slp|[from] move: Rest
|
|-start|p2a: Politoed|perish1
|-start|p1a: Hyoga's Mom|perish1
|-damage|p1a: Hyoga's Mom|222\/641|[from] move: Whirlpool|[partiallytrapped]
|turn|19
|
|switch|p2a: Clefable|Clefable, M|394\/394
|move|p1a: Hyoga's Mom|Seismic Toss|p2a: Clefable
|-damage|p2a: Clefable|294\/394
|
|-start|p1a: Hyoga's Mom|perish0
|faint|p1a: Hyoga's Mom
|
|switch|p1a: Nuvemzona|Thundurus, M, shiny|265\/301
|-damage|p1a: Nuvemzona|190\/301|[from] Stealth Rock
|turn|20
|
|switch|p2a: Latias|Latias, F|364\/364
|move|p1a: Nuvemzona|Thunder Punch|p2a: Latias
|-resisted|p2a: Latias
|-damage|p2a: Latias|299\/364
|
|turn|21
|
|switch|p1a: CounterLogicGaming|Clefable, F, shiny|385\/385
|-damage|p1a: CounterLogicGaming|337\/385|[from] Stealth Rock
|detailschange|p2a: Latias|Latias-Mega, F
|-mega|p2a: Latias|Latias|Latiasite
|move|p2a: Latias|Psyshock|p1a: CounterLogicGaming
|-damage|p1a: CounterLogicGaming|217\/385
|
|-heal|p1a: CounterLogicGaming|241\/385|[from] item: Leftovers
|turn|22
|
|switch|p2a: Heatran|Heatran, F|274\/386
|move|p1a: CounterLogicGaming|Calm Mind|p1a: CounterLogicGaming
|-boost|p1a: CounterLogicGaming|spa|1
|-boost|p1a: CounterLogicGaming|spd|1
|
|-heal|p2a: Heatran|298\/386|[from] item: Leftovers
|-heal|p1a: CounterLogicGaming|265\/385|[from] item: Leftovers
|turn|23
|
|move|p1a: CounterLogicGaming|Calm Mind|p1a: CounterLogicGaming
|-boost|p1a: CounterLogicGaming|spa|1
|-boost|p1a: CounterLogicGaming|spd|1
|move|p2a: Heatran|Roar|p1a: CounterLogicGaming
|drag|p1a: Nuvemzona|Thundurus, M, shiny|190\/301
|-damage|p1a: Nuvemzona|115\/301|[from] Stealth Rock
|
|-heal|p2a: Heatran|322\/386|[from] item: Leftovers
|turn|24
|
|move|p2a: Heatran|Protect|p2a: Heatran
|-singleturn|p2a: Heatran|Protect
|move|p1a: Nuvemzona|Superpower|p2a: Heatran
|-activate|p2a: Heatran|Protect
|
|-heal|p2a: Heatran|346\/386|[from] item: Leftovers
|turn|25
|leave|Team Siren
|player|p1
|-message|teamsiren lost due to inactivity.
|
|win|JTewi
|raw|Ladder updating...
|raw|Team Siren's rating: 1599 &rarr; <strong>1575<\/strong><br \/>(-24 for losing)
|raw|JTewi's rating: 1521 &rarr; <strong>1545<\/strong><br \/>(+24 for winning)