|join|Wond3rbread
|join|JTewi
|player|p1|Wond3rbread|165
|player|p2|JTewi|265
|gametype|singles
|gen|6
|tier|OU
|rated
|clearpoke
|poke|p1|Azelf
|poke|p1|Metagross
|poke|p1|Landorus, M
|poke|p1|Thundurus, M
|poke|p1|Azumarill, M
|poke|p1|Tyranitar, M
|poke|p2|Tyranitar, M
|poke|p2|Clefable, F
|poke|p2|Heatran, M
|poke|p2|Latias, F
|poke|p2|Politoed, F
|poke|p2|Chesnaught, F
|rule|Swagger Clause: Swagger is banned
|rule|Baton Pass Clause: Limit one Pokémon knowing Baton Pass
|rule|Sleep Clause Mod: Limit one foe put to sleep
|rule|Species Clause: Limit one of each Pokémon
|rule|OHKO Clause: OHKO moves are banned
|rule|Moody Clause: Moody is banned
|rule|Evasion Moves Clause: Evasion moves are banned
|rule|Endless Battle Clause: Forcing endless battles is banned
|rule|HP Percentage Mod: HP is shown in percentages
|teampreview
|
|start
|switch|p1a: BobbyShmurda|Azelf|291\/291
|switch|p2a: Latias|Latias, F|364\/364
|turn|1
|join|pandadog123
|leave|pandadog123
|
|switch|p2a: Tyranitar|Tyranitar, M|341\/341
|-weather|Sandstorm
|move|p1a: BobbyShmurda|Stealth Rock|p2a: Tyranitar
|-sidestart|p2: JTewi|move: Stealth Rock
|
|-weather|Sandstorm|[upkeep]
|-damage|p1a: BobbyShmurda|273\/291|[from] sandstorm
|turn|2
|
|move|p2a: Tyranitar|Pursuit|p1a: BobbyShmurda|[from]Pursuit
|-supereffective|p1a: BobbyShmurda
|-damage|p1a: BobbyShmurda|0 fnt
|faint|p1a: BobbyShmurda
|
|-weather|Sandstorm|[upkeep]
|c|★Wond3rbread|oh nice
|c|★Wond3rbread|:
|c|★Wond3rbread|*:]
|
|switch|p1a: Kanye West|Thundurus, M|299\/299
|turn|3
|join|Verlisifag
|join|iasnobeert
|
|switch|p2a: Latias|Latias, F|364\/364
|-damage|p2a: Latias|319\/364|[from] Stealth Rock
|move|p1a: Kanye West|Knock Off|p2a: Latias
|-supereffective|p2a: Latias
|-damage|p2a: Latias|192\/364
|-damage|p1a: Kanye West|270\/299|[from] item: Life Orb
|
|-weather|Sandstorm|[upkeep]
|-damage|p1a: Kanye West|252\/299|[from] sandstorm
|-damage|p2a: Latias|170\/364|[from] sandstorm
|turn|4
|leave|Verlisifag
|
|switch|p1a: M n M|Metagross|301\/301
|detailschange|p2a: Latias|Latias-Mega, F
|-mega|p2a: Latias|Latias|Latiasite
|move|p2a: Latias|Roost|p2a: Latias
|-heal|p2a: Latias|352\/364
|
|-weather|Sandstorm|[upkeep]
|-damage|p2a: Latias|330\/364|[from] sandstorm
|turn|5
|
|detailschange|p1a: M n M|Metagross-Mega
|-mega|p1a: M n M|Metagross|Metagrossite
|move|p1a: M n M|Meteor Mash|p2a: Latias
|-damage|p2a: Latias|185\/364
|move|p2a: Latias|Defog|p1a: M n M
|-unboost|p1a: M n M|evasion|1
|-sideend|p2: JTewi|Stealth Rock|[from] move: Defog|[of] p2a: Latias
|
|-weather|none
|turn|6
|c|★Wond3rbread|m-latias is p cool
|c|★Wond3rbread|:]
|c|★Wond3rbread|defog mega latiis ass tho.
|c|★Wond3rbread|waste of a movesot
|c|★Wond3rbread|*slot
|c|★JTewi|i dont have other that can learn it
|
|switch|p2a: Heatran|Heatran, M|386\/386
|move|p1a: M n M|Meteor Mash|p2a: Heatran
|-resisted|p2a: Heatran
|-damage|p2a: Heatran|350\/386
|
|-heal|p2a: Heatran|374\/386|[from] item: Leftovers
|turn|7
|c|★Wond3rbread|but ur team isn't that weak to hazards lol
|
|switch|p1a: Jay Z|Landorus, M|319\/319
|move|p2a: Heatran|Protect|p2a: Heatran
|-fail|p2a: Heatran
|
|-heal|p2a: Heatran|386\/386|[from] item: Leftovers
|turn|8
|c|★JTewi|the people love spike stack so much @-@
|
|switch|p1a: BiggieSmalls|Azumarill, M|383\/383
|switch|p2a: Latias|Latias-Mega, F|185\/364
|
|turn|9
|
|move|p2a: Latias|Psyshock|p1a: BiggieSmalls
|-damage|p1a: BiggieSmalls|239\/383
|move|p1a: BiggieSmalls|Play Rough|p2a: Latias
|-supereffective|p2a: Latias
|-damage|p2a: Latias|0 fnt
|faint|p2a: Latias
|
|c|★Wond3rbread|if u wanna run defog
|c|★Wond3rbread|just rrun LO Latios
|
|switch|p2a: Heatran|Heatran, M|386\/386
|turn|10
|c|★Wond3rbread|or LO latias
|c|★JTewi|no
|c|★Wond3rbread|why..
|c|★JTewi|this is better
|c|★Wond3rbread|LOL.
|
|switch|p1a: Jay Z|Landorus, M|319\/319
|move|p2a: Heatran|Stealth Rock|p1a: Jay Z
|-sidestart|p1: Wond3rbread|move: Stealth Rock
|
|turn|11
|c|★Wond3rbread|1440.
|c|★Wond3rbread|makessense why u think its better now.
|
|switch|p2a: Politoed|Politoed, F|372\/372
|move|p1a: Jay Z|Earth Power|p2a: Politoed
|-damage|p2a: Politoed|200\/372
|
|-heal|p2a: Politoed|223\/372|[from] item: Leftovers
|turn|12
|c|★Wond3rbread|LO Latios is strronger than mega latias
|c|★Wond3rbread|wtf is this aids
|c|★Wond3rbread|non drizzle poli
|c|★JTewi|lol i don laddered long time a go
|c|★Wond3rbread|if its not drizzle don't use it in OU..
|
|switch|p1a: Kanye West|Thundurus, M|252\/299
|-damage|p1a: Kanye West|178\/299|[from] Stealth Rock
|move|p2a: Politoed|Scald|p1a: Kanye West
|-damage|p1a: Kanye West|70\/299
|-status|p1a: Kanye West|brn
|
|-heal|p2a: Politoed|246\/372|[from] item: Leftovers
|-damage|p1a: Kanye West|33\/299 brn|[from] brn
|turn|13
|c|★Wond3rbread|I swear scald burn
|c|★Wond3rbread|is 100%
|
|switch|p2a: Chesnaught|Chesnaught, F|379\/379
|move|p1a: Kanye West|Thunderbolt|p2a: Chesnaught
|-resisted|p2a: Chesnaught
|-damage|p2a: Chesnaught|259\/379
|-damage|p1a: Kanye West|4\/299 brn|[from] item: Life Orb
|
|-heal|p2a: Chesnaught|282\/379|[from] item: Leftovers
|-damage|p1a: Kanye West|0 fnt|[from] brn
|faint|p1a: Kanye West
|
|switch|p1a: Jay Z|Landorus, M|319\/319
|-damage|p1a: Jay Z|280\/319|[from] Stealth Rock
|turn|14
|
|move|p2a: Chesnaught|Spiky Shield|p2a: Chesnaught
|-singleturn|p2a: Chesnaught|move: Protect
|move|p1a: Jay Z|Sludge Wave|p2a: Chesnaught
|-activate|p2a: Chesnaught|move: Protect
|
|-heal|p2a: Chesnaught|305\/379|[from] item: Leftovers
|turn|15
|
|move|p1a: Jay Z|Calm Mind|p1a: Jay Z
|-boost|p1a: Jay Z|spa|1
|-boost|p1a: Jay Z|spd|1
|move|p2a: Chesnaught|Leech Seed|p1a: Jay Z
|-start|p1a: Jay Z|move: Leech Seed
|
|-heal|p2a: Chesnaught|328\/379|[from] item: Leftovers
|-damage|p1a: Jay Z|241\/319|[from] Leech Seed|[of] p2a: Chesnaught
|-heal|p2a: Chesnaught|367\/379|[silent]
|turn|16
|c|★Wond3rbread|ooh plays
|
|move|p2a: Chesnaught|Spiky Shield|p2a: Chesnaught
|-singleturn|p2a: Chesnaught|move: Protect
|move|p1a: Jay Z|Sludge Wave|p2a: Chesnaught
|-activate|p2a: Chesnaught|move: Protect
|
|-heal|p2a: Chesnaught|379\/379|[from] item: Leftovers
|-damage|p1a: Jay Z|202\/319|[from] Leech Seed|[of] p2a: Chesnaught
|turn|17
|c|★Wond3rbread|woah timer
|c|★Wond3rbread|I clicked my move.
|
|switch|p2a: Heatran|Heatran, M|386\/386
|move|p1a: Jay Z|Psychic|p2a: Heatran
|-resisted|p2a: Heatran
|-damage|p2a: Heatran|263\/386
|
|-heal|p2a: Heatran|287\/386|[from] item: Leftovers
|-damage|p1a: Jay Z|163\/319|[from] Leech Seed|[of] p2a: Heatran
|-heal|p2a: Heatran|326\/386|[silent]
|turn|18
|
|switch|p1a: M n M|Metagross-Mega|301\/301
|-damage|p1a: M n M|283\/301|[from] Stealth Rock
|move|p2a: Heatran|Protect|p2a: Heatran
|-fail|p2a: Heatran
|
|-heal|p2a: Heatran|350\/386|[from] item: Leftovers
|turn|19
|
|switch|p1a: Jay Z|Landorus, M|163\/319
|-damage|p1a: Jay Z|124\/319|[from] Stealth Rock
|move|p2a: Heatran|Lava Plume|p1a: Jay Z
|-damage|p1a: Jay Z|0 fnt
|faint|p1a: Jay Z
|
|-heal|p2a: Heatran|374\/386|[from] item: Leftovers
|c|★Wond3rbread|oh shit the plays
|-message|Wond3rbread lost due to inactivity.
|
|switch|p1a: BiggieSmalls|Azumarill, M|239\/383
|-damage|p1a: BiggieSmalls|192\/383|[from] Stealth Rock
|turn|20
|
|win|JTewi
|raw|Ladder updating...
|c|★Wond3rbread|wtf..
|raw|Wond3rbread's rating: 1602 &rarr; <strong>1574<\/strong><br \/>(-28 for losing)
|raw|JTewi's rating: 1440 &rarr; <strong>1469<\/strong><br \/>(+29 for winning)
|c|★Wond3rbread|such bs.
|leave|iasnobeert
|leave|Wond3rbread
|player|p1