|join|Geobrodude
|join|UrNemesis357
|player|p1|Geobrodude|65
|player|p2|UrNemesis357|164
|gametype|singles
|gen|6
|tier|UU
|rated
|rule|Sleep Clause Mod: Limit one foe put to sleep
|rule|Species Clause: Limit one of each Pokémon
|rule|OHKO Clause: OHKO moves are banned
|rule|Moody Clause: Moody is banned
|rule|Evasion Moves Clause: Evasion moves are banned
|rule|Endless Battle Clause: Forcing endless battles is banned
|rule|HP Percentage Mod: HP is shown in percentages
|clearpoke
|poke|p1|Infernape, M
|poke|p1|Flygon, M
|poke|p1|Aerodactyl, M
|poke|p1|Starmie
|poke|p1|Whimsicott, M
|poke|p1|Snorlax, F
|poke|p2|Machamp, F
|poke|p2|Crobat, F
|poke|p2|Ampharos, F
|poke|p2|Krookodile, M
|poke|p2|Jirachi
|poke|p2|Starmie
|rule|Swagger Clause: Swagger is banned
|rule|Baton Pass Clause: Limit one Pokémon knowing Baton Pass
|teampreview
|
|start
|switch|p1a: Starmie|Starmie|261\/261
|switch|p2a: Crobat|Crobat, F|325\/325
|turn|1
|
|move|p1a: Starmie|Ice Beam|p2a: Crobat
|-supereffective|p2a: Crobat
|-damage|p2a: Crobat|127\/325
|move|p2a: Crobat|U-turn|p1a: Starmie
|-supereffective|p1a: Starmie
|-damage|p1a: Starmie|113\/261
|
|switch|p2a: Jirachi|Jirachi|342\/342
|
|turn|2
|
|switch|p1a: Fry|Flygon, M|364\/364
|move|p2a: Jirachi|Substitute|p2a: Jirachi
|-start|p2a: Jirachi|Substitute
|-damage|p2a: Jirachi|257\/342
|
|-heal|p2a: Jirachi|278\/342|[from] item: Leftovers
|turn|3
|
|move|p2a: Jirachi|Dazzling Gleam|p1a: Fry
|-supereffective|p1a: Fry
|-damage|p1a: Fry|184\/364
|move|p1a: Fry|U-turn|p2a: Jirachi
|-activate|p2a: Jirachi|Substitute|[damage]
|
|switch|p1a: Big Chill|Snorlax, F|524\/524
|
|-heal|p2a: Jirachi|299\/342|[from] item: Leftovers
|turn|4
|
|move|p2a: Jirachi|Calm Mind|p2a: Jirachi
|-boost|p2a: Jirachi|spa|1
|-boost|p2a: Jirachi|spd|1
|move|p1a: Big Chill|Earthquake|p2a: Jirachi
|-supereffective|p2a: Jirachi
|-end|p2a: Jirachi|Substitute
|
|-heal|p2a: Jirachi|320\/342|[from] item: Leftovers
|turn|5
|
|move|p2a: Jirachi|Psyshock|p1a: Big Chill
|-damage|p1a: Big Chill|278\/524
|move|p1a: Big Chill|Crunch|p2a: Jirachi
|-supereffective|p2a: Jirachi
|-damage|p2a: Jirachi|128\/342
|
|-heal|p2a: Jirachi|149\/342|[from] item: Leftovers
|turn|6
|
|switch|p2a: Krookodile|Krookodile, M|394\/394
|-ability|p2a: Krookodile|Intimidate|[of] p1a: Big Chill
|-unboost|p1a: Big Chill|atk|1
|move|p1a: Big Chill|Earthquake|p2a: Krookodile
|-damage|p2a: Krookodile|331\/394
|
|-heal|p2a: Krookodile|355\/394|[from] item: Leftovers
|turn|7
|
|switch|p1a: Scott|Whimsicott, M|261\/261
|move|p2a: Krookodile|Knock Off|p1a: Scott
|-resisted|p1a: Scott
|-damage|p1a: Scott|192\/261
|-enditem|p1a: Scott|Life Orb|[from] move: Knock Off|[of] p2a: Krookodile
|
|-heal|p2a: Krookodile|379\/394|[from] item: Leftovers
|turn|8
|
|switch|p2a: Crobat|Crobat, F|127\/325
|move|p1a: Scott|Moonblast|p2a: Crobat
|-resisted|p2a: Crobat
|-damage|p2a: Crobat|50\/325
|
|turn|9
|
|switch|p1a: Fry|Flygon, M|184\/364
|move|p2a: Crobat|Roost|p2a: Crobat
|-heal|p2a: Crobat|213\/325
|
|-heal|p1a: Fry|206\/364|[from] item: Leftovers
|turn|10
|
|move|p2a: Crobat|Brave Bird|p1a: Fry
|-damage|p1a: Fry|26\/364
|-damage|p2a: Crobat|154\/325|[from] recoil|[of] p1a: Fry
|move|p1a: Fry|Roost|p1a: Fry
|-heal|p1a: Fry|208\/364
|
|-heal|p1a: Fry|230\/364|[from] item: Leftovers
|turn|11
|
|move|p2a: Crobat|Roost|p2a: Crobat
|-heal|p2a: Crobat|317\/325
|move|p1a: Fry|Dragon Claw|p2a: Crobat
|-damage|p2a: Crobat|203\/325
|
|-heal|p1a: Fry|252\/364|[from] item: Leftovers
|turn|12
|
|move|p2a: Crobat|Roost|p2a: Crobat
|-heal|p2a: Crobat|325\/325
|move|p1a: Fry|Dragon Claw|p2a: Crobat
|-damage|p2a: Crobat|217\/325
|
|-heal|p1a: Fry|274\/364|[from] item: Leftovers
|turn|13
|
|move|p2a: Crobat|Brave Bird|p1a: Fry
|-damage|p1a: Fry|106\/364
|-damage|p2a: Crobat|162\/325|[from] recoil|[of] p1a: Fry
|move|p1a: Fry|U-turn|p2a: Crobat
|-resisted|p2a: Crobat
|-damage|p2a: Crobat|145\/325
|
|switch|p1a: Starmie|Starmie|113\/261
|
|turn|14
|
|switch|p2a: Machamp|Machamp, F|384\/384
|move|p1a: Starmie|Surf|p2a: Machamp
|-damage|p2a: Machamp|260\/384
|
|turn|15
|
|switch|p1a: Scott|Whimsicott, M|192\/261
|switch|p2a: Starmie|Starmie|324\/324
|
|turn|16
|
|switch|p2a: Crobat|Crobat, F|145\/325
|move|p1a: Scott|Giga Drain|p2a: Crobat
|-resisted|p2a: Crobat
|-damage|p2a: Crobat|112\/325
|-heal|p1a: Scott|209\/261|[from] drain|[of] p2a: Crobat
|
|turn|17
|
|move|p2a: Crobat|Roost|p2a: Crobat
|-heal|p2a: Crobat|275\/325
|move|p1a: Scott|Moonblast|p2a: Crobat
|-resisted|p2a: Crobat
|-damage|p2a: Crobat|202\/325
|
|turn|18
|
|move|p1a: Scott|Encore|p2a: Crobat
|-start|p2a: Crobat|Encore
|move|p2a: Crobat|Roost|p2a: Crobat
|-heal|p2a: Crobat|325\/325
|
|turn|19
|
|switch|p2a: Ampharos|Ampharos, F|371\/371
|move|p1a: Scott|Giga Drain|p2a: Ampharos
|-damage|p2a: Ampharos|256\/371
|-heal|p1a: Scott|261\/261|[from] drain|[of] p2a: Ampharos
|
|turn|20
|
|switch|p2a: Crobat|Crobat, F|325\/325
|move|p1a: Scott|Moonblast|p2a: Crobat
|-resisted|p2a: Crobat
|-damage|p2a: Crobat|250\/325
|-unboost|p2a: Crobat|spa|1
|
|turn|21
|
|switch|p1a: Fry|Flygon, M|106\/364
|move|p2a: Crobat|Brave Bird|p1a: Fry
|-damage|p1a: Fry|0 fnt
|-damage|p2a: Crobat|215\/325|[from] recoil|[of] p1a: Fry
|faint|p1a: Fry
|
|
|switch|p1a: Starmie|Starmie|113\/261
|turn|22
|
|switch|p2a: Starmie|Starmie|324\/324
|move|p1a: Starmie|Ice Beam|p2a: Starmie
|-resisted|p2a: Starmie
|-damage|p2a: Starmie|255\/324
|
|turn|23
|
|switch|p1a: Big Chill|Snorlax, F|278\/524
|move|p2a: Starmie|Dazzling Gleam|p1a: Big Chill
|-damage|p1a: Big Chill|209\/524
|-damage|p2a: Starmie|223\/324|[from] item: Life Orb
|
|turn|24
|
|move|p1a: Big Chill|Pursuit|p2a: Starmie|[from]Pursuit
|-supereffective|p2a: Starmie
|-damage|p2a: Starmie|1\/324
|switch|p2a: Krookodile|Krookodile, M|379\/394
|-ability|p2a: Krookodile|Intimidate|[of] p1a: Big Chill
|-unboost|p1a: Big Chill|atk|1
|
|-heal|p2a: Krookodile|394\/394|[from] item: Leftovers
|turn|25
|
|switch|p1a: Scott|Whimsicott, M|261\/261
|move|p2a: Krookodile|Stealth Rock|p1a: Scott
|-sidestart|p1: Geobrodude|move: Stealth Rock
|
|turn|26
|
|switch|p1a: Spike|Aerodactyl, M|301\/301
|-damage|p1a: Spike|226\/301|[from] Stealth Rock
|-ability|p1a: Spike|Unnerve|p2: UrNemesis357
|switch|p2a: Crobat|Crobat, F|215\/325
|
|turn|27
|
|switch|p2a: Starmie|Starmie|1\/324
|detailschange|p1a: Spike|Aerodactyl-Mega, M
|message|Aerodactyl has Mega Evolved into Mega Aerodactyl!
|move|p1a: Spike|Hone Claws|p1a: Spike
|-boost|p1a: Spike|atk|1
|-boost|p1a: Spike|accuracy|1
|
|turn|28
|
|move|p1a: Spike|Aerial Ace|p2a: Starmie
|-damage|p2a: Starmie|0 fnt
|faint|p2a: Starmie
|
|
|switch|p2a: Krookodile|Krookodile, M|394\/394
|-ability|p2a: Krookodile|Intimidate|[of] p1a: Spike
|-unboost|p1a: Spike|atk|1
|turn|29
|
|switch|p1a: Scott|Whimsicott, M|261\/261
|-damage|p1a: Scott|229\/261|[from] Stealth Rock
|move|p2a: Krookodile|Knock Off|p1a: Scott
|-resisted|p1a: Scott
|-damage|p1a: Scott|181\/261
|
|turn|30
|
|switch|p1a: Business|Infernape, M|293\/293
|-damage|p1a: Business|257\/293|[from] Stealth Rock
|switch|p2a: Crobat|Crobat, F|215\/325
|
|turn|31
|
|move|p2a: Crobat|Brave Bird|p1a: Business
|-supereffective|p1a: Business
|-damage|p1a: Business|0 fnt
|-damage|p2a: Crobat|130\/325|[from] recoil|[of] p1a: Business
|faint|p1a: Business
|
|
|switch|p1a: Starmie|Starmie|113\/261
|-damage|p1a: Starmie|81\/261|[from] Stealth Rock
|turn|32
|
|switch|p2a: Jirachi|Jirachi|149\/342
|move|p1a: Starmie|Surf|p2a: Jirachi
|-damage|p2a: Jirachi|0 fnt
|faint|p2a: Jirachi
|
|
|switch|p2a: Ampharos|Ampharos, F|256\/371
|turn|33
|
|switch|p1a: Scott|Whimsicott, M|181\/261
|-damage|p1a: Scott|149\/261|[from] Stealth Rock
|detailschange|p2a: Ampharos|Ampharos-Mega, F
|message|Ampharos has Mega Evolved into Mega Ampharos!
|-ability|p2a: Ampharos|Mold Breaker
|move|p2a: Ampharos|Volt Switch|p1a: Scott
|-resisted|p1a: Scott
|-damage|p1a: Scott|53\/261
|
|switch|p2a: Crobat|Crobat, F|130\/325
|
|turn|34
|
|move|p1a: Scott|Taunt|p2a: Crobat
|-start|p2a: Crobat|move: Taunt
|move|p2a: Crobat|U-turn|p1a: Scott
|-damage|p1a: Scott|0 fnt
|faint|p1a: Scott
|
|switch|p2a: Machamp|Machamp, F|260\/384
|
|
|switch|p1a: Spike|Aerodactyl-Mega, M|226\/301
|-damage|p1a: Spike|151\/301|[from] Stealth Rock
|turn|35
|
|move|p2a: Machamp|Bullet Punch|p1a: Spike
|-supereffective|p1a: Spike
|-damage|p1a: Spike|41\/301
|move|p1a: Spike|Aerial Ace|p2a: Machamp
|-supereffective|p2a: Machamp
|-damage|p2a: Machamp|0 fnt
|faint|p2a: Machamp
|
|
|switch|p2a: Krookodile|Krookodile, M|394\/394
|-ability|p2a: Krookodile|Intimidate|[of] p1a: Spike
|-unboost|p1a: Spike|atk|1
|turn|36
|
|move|p1a: Spike|Earthquake|p2a: Krookodile
|-damage|p2a: Krookodile|326\/394
|move|p2a: Krookodile|Knock Off|p1a: Spike
|-damage|p1a: Spike|0 fnt
|faint|p1a: Spike
|
|-heal|p2a: Krookodile|350\/394|[from] item: Leftovers
|
|switch|p1a: Starmie|Starmie|81\/261
|-damage|p1a: Starmie|49\/261|[from] Stealth Rock
|turn|37
|
|move|p1a: Starmie|Ice Beam|p2a: Krookodile
|-supereffective|p2a: Krookodile
|-damage|p2a: Krookodile|98\/394
|move|p2a: Krookodile|Knock Off|p1a: Starmie
|-crit|p1a: Starmie
|-supereffective|p1a: Starmie
|-damage|p1a: Starmie|0 fnt
|-enditem|p1a: Starmie|Choice Scarf|[from] move: Knock Off|[of] p2a: Krookodile
|faint|p1a: Starmie
|
|-heal|p2a: Krookodile|122\/394|[from] item: Leftovers
|c|★UrNemesis357|gg
|
|switch|p1a: Big Chill|Snorlax, F|209\/524
|-damage|p1a: Big Chill|144\/524|[from] Stealth Rock
|turn|38
|
|move|p2a: Krookodile|Earthquake|p1a: Big Chill
|-damage|p1a: Big Chill|0 fnt
|faint|p1a: Big Chill
|
|win|UrNemesis357
|raw|Ladder updating...
|raw|Geobrodude's rating: 1342 &rarr; <strong>1317<\/strong><br \/>(-25 for losing)
|raw|UrNemesis357's rating: 1257 &rarr; <strong>1288<\/strong><br \/>(+31 for winning)
|leave|Geobrodude
|player|p1