|join|Geobrodude
|join|Torchico's
|player|p1|Geobrodude|76
|player|p2|Torchico's|161
|gametype|singles
|gen|6
|tier|UU
|rated
|rule|Sleep Clause Mod: Limit one foe put to sleep
|rule|Species Clause: Limit one of each Pokémon
|rule|OHKO Clause: OHKO moves are banned
|rule|Moody Clause: Moody is banned
|rule|Evasion Moves Clause: Evasion moves are banned
|rule|Endless Battle Clause: Forcing endless battles is banned
|rule|HP Percentage Mod: HP is shown in percentages
|clearpoke
|poke|p1|Donphan, M
|poke|p1|Abomasnow, F
|poke|p1|Infernape, M
|poke|p1|Mismagius, M
|poke|p1|Jolteon, F
|poke|p1|Diancie
|poke|p2|Amoonguss, M
|poke|p2|Slowking, F
|poke|p2|Flygon, M
|poke|p2|Aggron, M
|poke|p2|Vaporeon, M
|poke|p2|Scrafty, M
|rule|Swagger Clause: Swagger is banned
|rule|Baton Pass Clause: Limit one Pokémon knowing Baton Pass
|teampreview
|c|★Geobrodude|gl hf
|
|start
|switch|p1a: Meghan Trainor|Abomasnow, F|383\/383
|switch|p2a: Flygon|Flygon, M|301\/301
|turn|1
|c|★Geobrodude|ready for that ice shard son?
|
|switch|p2a: Aggron|Aggron, M|344\/344
|detailschange|p1a: Meghan Trainor|Abomasnow-Mega, F
|-mega|p1a: Meghan Trainor|Abomasnow|Abomasite
|-weather|Hail
|move|p1a: Meghan Trainor|Earthquake|p2a: Aggron
|-supereffective|p2a: Aggron
|-damage|p2a: Aggron|80\/344
|
|-weather|Hail|[upkeep]
|-damage|p2a: Aggron|59\/344|[from] hail
|turn|2
|
|switch|p1a: Don Leone|Donphan, M|384\/384
|detailschange|p2a: Aggron|Aggron-Mega, M
|-mega|p2a: Aggron|Aggron|Aggronite
|move|p2a: Aggron|Toxic|p1a: Don Leone
|-status|p1a: Don Leone|tox
|
|-weather|Hail|[upkeep]
|-damage|p2a: Aggron|38\/344|[from] hail
|-damage|p1a: Don Leone|360\/384 tox|[from] hail
|-heal|p1a: Don Leone|384\/384 tox|[from] item: Leftovers
|-damage|p1a: Don Leone|360\/384 tox|[from] psn
|turn|3
|
|move|p1a: Don Leone|Earthquake|p2a: Aggron
|-supereffective|p2a: Aggron
|-damage|p2a: Aggron|0 fnt
|faint|p2a: Aggron
|
|-weather|Hail|[upkeep]
|-damage|p1a: Don Leone|336\/384 tox|[from] hail
|-heal|p1a: Don Leone|360\/384 tox|[from] item: Leftovers
|-damage|p1a: Don Leone|312\/384 tox|[from] psn
|
|switch|p2a: Scrafty|Scrafty, M|334\/334
|turn|4
|
|switch|p1a: Meister|Mismagius, M|261\/261
|move|p2a: Scrafty|Knock Off|p1a: Meister
|-supereffective|p1a: Meister
|-damage|p1a: Meister|0 fnt
|-enditem|p1a: Meister|Choice Scarf|[from] move: Knock Off|[of] p2a: Scrafty
|faint|p1a: Meister
|
|-weather|Hail|[upkeep]
|-damage|p2a: Scrafty|314\/334|[from] hail
|-heal|p2a: Scrafty|334\/334|[from] item: Leftovers
|
|switch|p1a: Bussines|Infernape, M|293\/293
|turn|5
|
|switch|p2a: Vaporeon|Vaporeon, M|463\/463
|move|p1a: Bussines|Close Combat|p2a: Vaporeon
|-damage|p2a: Vaporeon|243\/463
|-unboost|p1a: Bussines|def|1
|-unboost|p1a: Bussines|spd|1
|-damage|p1a: Bussines|264\/293|[from] item: Life Orb
|
|-weather|none
|-heal|p2a: Vaporeon|271\/463|[from] item: Leftovers
|turn|6
|
|switch|p1a: Meghan Trainor|Abomasnow-Mega, F|383\/383
|-weather|Hail
|move|p2a: Vaporeon|Scald|p1a: Meghan Trainor
|-resisted|p1a: Meghan Trainor
|-damage|p1a: Meghan Trainor|338\/383
|
|-weather|Hail|[upkeep]
|-damage|p2a: Vaporeon|243\/463|[from] hail
|-heal|p2a: Vaporeon|271\/463|[from] item: Leftovers
|turn|7
|
|move|p2a: Vaporeon|Protect|p2a: Vaporeon
|-singleturn|p2a: Vaporeon|Protect
|move|p1a: Meghan Trainor|Seed Bomb|p2a: Vaporeon
|-activate|p2a: Vaporeon|Protect
|
|-weather|Hail|[upkeep]
|-damage|p2a: Vaporeon|243\/463|[from] hail
|-heal|p2a: Vaporeon|271\/463|[from] item: Leftovers
|turn|8
|
|switch|p2a: Amoonguss|Amoonguss, M|411\/411
|move|p1a: Meghan Trainor|Seed Bomb|p2a: Amoonguss
|-resisted|p2a: Amoonguss
|-damage|p2a: Amoonguss|367\/411
|
|-weather|Hail|[upkeep]
|-damage|p2a: Amoonguss|342\/411|[from] hail
|turn|9
|
|switch|p1a: Don Leone|Donphan, M|312\/384 tox
|move|p2a: Amoonguss|Hidden Power|p1a: Don Leone
|-damage|p1a: Don Leone|230\/384 tox
|
|-weather|Hail|[upkeep]
|-damage|p1a: Don Leone|206\/384 tox|[from] hail
|-damage|p2a: Amoonguss|317\/411|[from] hail
|-heal|p1a: Don Leone|230\/384 tox|[from] item: Leftovers
|-damage|p1a: Don Leone|206\/384 tox|[from] psn
|turn|10
|
|switch|p2a: Scrafty|Scrafty, M|334\/334
|move|p1a: Don Leone|Stealth Rock|p2a: Scrafty
|-sidestart|p2: Torchico's|move: Stealth Rock
|
|-weather|none
|-heal|p1a: Don Leone|230\/384 tox|[from] item: Leftovers
|-damage|p1a: Don Leone|182\/384 tox|[from] psn
|turn|11
|
|switch|p1a: Frog Princess|Diancie|295\/295
|move|p2a: Scrafty|Bulk Up|p2a: Scrafty
|-boost|p2a: Scrafty|atk|1
|-boost|p2a: Scrafty|def|1
|
|turn|12
|
|switch|p2a: Slowking|Slowking, F|393\/393
|-damage|p2a: Slowking|344\/393|[from] Stealth Rock
|move|p1a: Frog Princess|Moonblast|p2a: Slowking
|-damage|p2a: Slowking|211\/393
|-unboost|p2a: Slowking|spa|1
|
|-heal|p2a: Slowking|235\/393|[from] item: Leftovers
|turn|13
|
|move|p1a: Frog Princess|Substitute|p1a: Frog Princess
|-start|p1a: Frog Princess|Substitute
|-damage|p1a: Frog Princess|222\/295
|move|p2a: Slowking|Scald|p1a: Frog Princess
|-supereffective|p1a: Frog Princess
|-end|p1a: Frog Princess|Substitute
|
|-heal|p1a: Frog Princess|240\/295|[from] item: Leftovers
|-heal|p2a: Slowking|259\/393|[from] item: Leftovers
|turn|14
|
|switch|p1a: Pricklebutt|Jolteon, F|271\/271
|move|p2a: Slowking|Scald|p1a: Pricklebutt
|-damage|p1a: Pricklebutt|201\/271
|-status|p1a: Pricklebutt|brn
|
|-heal|p2a: Slowking|283\/393|[from] item: Leftovers
|-damage|p1a: Pricklebutt|168\/271 brn|[from] brn
|turn|15
|
|switch|p2a: Flygon|Flygon, M|301\/301
|-damage|p2a: Flygon|283\/301|[from] Stealth Rock
|move|p1a: Pricklebutt|Signal Beam|p2a: Flygon
|-damage|p2a: Flygon|189\/301
|
|-damage|p1a: Pricklebutt|135\/271 brn|[from] brn
|turn|16
|
|switch|p1a: Don Leone|Donphan, M|182\/384 tox
|move|p2a: Flygon|Earthquake|p1a: Don Leone
|-damage|p1a: Don Leone|94\/384 tox
|
|-heal|p1a: Don Leone|118\/384 tox|[from] item: Leftovers
|-damage|p1a: Don Leone|94\/384 tox|[from] psn
|turn|17
|
|switch|p2a: Scrafty|Scrafty, M|334\/334
|-damage|p2a: Scrafty|314\/334|[from] Stealth Rock
|move|p1a: Don Leone|Knock Off|p2a: Scrafty
|-resisted|p2a: Scrafty
|-damage|p2a: Scrafty|293\/334
|-enditem|p2a: Scrafty|Leftovers|[from] move: Knock Off|[of] p1a: Don Leone
|
|-heal|p1a: Don Leone|118\/384 tox|[from] item: Leftovers
|-damage|p1a: Don Leone|70\/384 tox|[from] psn
|turn|18
|
|move|p2a: Scrafty|Knock Off|p1a: Don Leone
|-damage|p1a: Don Leone|6\/384 tox
|-enditem|p1a: Don Leone|Leftovers|[from] move: Knock Off|[of] p2a: Scrafty
|move|p1a: Don Leone|Earthquake|p2a: Scrafty
|-damage|p2a: Scrafty|175\/334
|
|-damage|p1a: Don Leone|0 fnt|[from] psn
|faint|p1a: Don Leone
|
|switch|p1a: Bussines|Infernape, M|264\/293
|turn|19
|
|move|p1a: Bussines|Close Combat|p2a: Scrafty
|-supereffective|p2a: Scrafty
|-damage|p2a: Scrafty|0 fnt
|-unboost|p1a: Bussines|def|1
|-unboost|p1a: Bussines|spd|1
|-damage|p1a: Bussines|235\/293|[from] item: Life Orb
|faint|p2a: Scrafty
|
|
|switch|p2a: Flygon|Flygon, M|189\/301
|-damage|p2a: Flygon|171\/301|[from] Stealth Rock
|turn|20
|
|switch|p1a: Meghan Trainor|Abomasnow-Mega, F|338\/383
|-weather|Hail
|move|p2a: Flygon|Earthquake|p1a: Meghan Trainor
|-resisted|p1a: Meghan Trainor
|-damage|p1a: Meghan Trainor|269\/383
|
|-weather|Hail|[upkeep]
|-damage|p2a: Flygon|153\/301|[from] hail
|turn|21
|
|switch|p2a: Amoonguss|Amoonguss, M|411\/411
|-damage|p2a: Amoonguss|360\/411|[from] Stealth Rock
|move|p1a: Meghan Trainor|Swords Dance|p1a: Meghan Trainor
|-boost|p1a: Meghan Trainor|atk|2
|
|-weather|Hail|[upkeep]
|-damage|p2a: Amoonguss|335\/411|[from] hail
|turn|22
|
|move|p1a: Meghan Trainor|Ice Shard|p2a: Amoonguss
|-supereffective|p2a: Amoonguss
|-damage|p2a: Amoonguss|0 fnt
|faint|p2a: Amoonguss
|
|-weather|Hail|[upkeep]
|
|switch|p2a: Vaporeon|Vaporeon, M|271\/463
|-damage|p2a: Vaporeon|214\/463|[from] Stealth Rock
|turn|23
|
|move|p2a: Vaporeon|Scald|p1a: Meghan Trainor
|-resisted|p1a: Meghan Trainor
|-damage|p1a: Meghan Trainor|221\/383
|move|p1a: Meghan Trainor|Seed Bomb|p2a: Vaporeon
|-supereffective|p2a: Vaporeon
|-damage|p2a: Vaporeon|0 fnt
|faint|p2a: Vaporeon
|
|-weather|Hail|[upkeep]
|
|switch|p2a: Slowking|Slowking, F|393\/393
|-damage|p2a: Slowking|344\/393|[from] Stealth Rock
|turn|24
|
|move|p1a: Meghan Trainor|Seed Bomb|p2a: Slowking
|-supereffective|p2a: Slowking
|-damage|p2a: Slowking|0 fnt
|faint|p2a: Slowking
|
|-weather|none
|c|★Torchico's|gg
|c|★Geobrodude|gg
|
|switch|p2a: Flygon|Flygon, M|153\/301
|-damage|p2a: Flygon|135\/301|[from] Stealth Rock
|turn|25
|c|★Torchico's|gg
|
|move|p1a: Meghan Trainor|Ice Shard|p2a: Flygon
|-supereffective|p2a: Flygon
|-damage|p2a: Flygon|0 fnt
|faint|p2a: Flygon
|
|win|Geobrodude
|raw|Ladder updating...
|raw|Geobrodude's rating: 1542 &rarr; <strong>1553<\/strong><br \/>(+11 for winning)
|raw|Torchico&apos;s's rating: 1367 &rarr; <strong>1356<\/strong><br \/>(-11 for losing)
|leave|Torchico's
|player|p2