|join|yogio
|join|thymetime
|player|p1|yogio|293
|player|p2|thymetime|150
|gametype|singles
|gen|6
|tier|UU
|rated
|rule|Sleep Clause Mod: Limit one foe put to sleep
|rule|Species Clause: Limit one of each Pokémon
|rule|OHKO Clause: OHKO moves are banned
|rule|Moody Clause: Moody is banned
|rule|Evasion Moves Clause: Evasion moves are banned
|rule|Endless Battle Clause: Forcing endless battles is banned
|rule|HP Percentage Mod: HP is shown in percentages
|clearpoke
|poke|p1|Infernape, M
|poke|p1|Goodra, M
|poke|p1|Jirachi
|poke|p1|Aerodactyl, M
|poke|p1|Donphan, F
|poke|p1|Porygon-Z
|poke|p2|Aerodactyl, F
|poke|p2|Mienshao, F
|poke|p2|Chandelure, F
|poke|p2|Celebi
|poke|p2|Hippowdon, M
|poke|p2|Empoleon, M
|rule|Swagger Clause: Swagger is banned
|rule|Baton Pass Clause: Limit one Pokémon knowing Baton Pass
|teampreview
|
|start
|switch|p1a: Donphan|Donphan, F|383\/383
|switch|p2a: Aerodactyl|Aerodactyl, F|301\/301
|-ability|p2a: Aerodactyl|Unnerve|p1: yogio
|turn|1
|
|detailschange|p2a: Aerodactyl|Aerodactyl-Mega, F
|-mega|p2a: Aerodactyl|Aerodactyl|Aerodactylite
|move|p2a: Aerodactyl|Wing Attack|p1a: Donphan
|-damage|p1a: Donphan|293\/383
|move|p1a: Donphan|Stealth Rock|p2a: Aerodactyl
|-sidestart|p2: thymetime|move: Stealth Rock
|
|-heal|p1a: Donphan|316\/383|[from] item: Leftovers
|turn|2
|
|switch|p2a: Celebi|Celebi|341\/341
|-damage|p2a: Celebi|299\/341|[from] Stealth Rock
|switch|p1a: Jirachi|Jirachi|362\/362
|
|turn|3
|
|switch|p2a: Hippowdon|Hippowdon, M|420\/420
|-damage|p2a: Hippowdon|394\/420|[from] Stealth Rock
|-weather|Sandstorm
|move|p1a: Jirachi|U-turn|p2a: Hippowdon
|-damage|p2a: Hippowdon|357\/420
|
|switch|p1a: Porygon-Z|Porygon-Z|324\/324
|
|-weather|Sandstorm|[upkeep]
|-damage|p1a: Porygon-Z|304\/324|[from] sandstorm
|-heal|p2a: Hippowdon|383\/420|[from] item: Leftovers
|turn|4
|
|move|p1a: Porygon-Z|Tri Attack|p2a: Hippowdon
|-damage|p2a: Hippowdon|131\/420
|move|p2a: Hippowdon|Earthquake|p1a: Porygon-Z
|-damage|p1a: Porygon-Z|126\/324
|
|-weather|Sandstorm|[upkeep]
|-damage|p1a: Porygon-Z|106\/324|[from] sandstorm
|-heal|p2a: Hippowdon|157\/420|[from] item: Leftovers
|turn|5
|
|switch|p2a: Empoleon|Empoleon, M|372\/372
|-damage|p2a: Empoleon|349\/372|[from] Stealth Rock
|move|p1a: Porygon-Z|Tri Attack|p2a: Empoleon
|-resisted|p2a: Empoleon
|-damage|p2a: Empoleon|271\/372
|
|-weather|Sandstorm|[upkeep]
|-damage|p1a: Porygon-Z|86\/324|[from] sandstorm
|-heal|p2a: Empoleon|294\/372|[from] item: Leftovers
|turn|6
|
|switch|p1a: Goodra|Goodra, M|384\/384
|move|p2a: Empoleon|Defog|p1a: Goodra
|-unboost|p1a: Goodra|evasion|1
|-sideend|p2: thymetime|Stealth Rock|[from] move: Defog|[of] p2a: Empoleon
|
|-weather|Sandstorm|[upkeep]
|-damage|p1a: Goodra|360\/384|[from] sandstorm
|-heal|p2a: Empoleon|317\/372|[from] item: Leftovers
|turn|7
|
|move|p1a: Goodra|Fire Blast|p2a: Empoleon
|-damage|p2a: Empoleon|223\/372
|-status|p2a: Empoleon|brn
|move|p2a: Empoleon|Ice Beam|p1a: Goodra
|-supereffective|p1a: Goodra
|-damage|p1a: Goodra|280\/384
|
|-weather|none
|-heal|p2a: Empoleon|246\/372 brn|[from] item: Leftovers
|-damage|p2a: Empoleon|200\/372 brn|[from] brn
|turn|8
|
|switch|p2a: Chandelure|Chandelure, F|261\/261
|move|p1a: Goodra|Dragon Tail|p2a: Chandelure
|-damage|p2a: Chandelure|191\/261
|drag|p2a: Aerodactyl|Aerodactyl-Mega, F|301\/301
|
|turn|9
|
|switch|p1a: Donphan|Donphan, F|316\/383
|move|p2a: Aerodactyl|Stone Edge|p1a: Donphan|[miss]
|-miss|p2a: Aerodactyl|p1a: Donphan
|
|-heal|p1a: Donphan|339\/383|[from] item: Leftovers
|turn|10
|
|switch|p2a: Hippowdon|Hippowdon, M|157\/420
|-weather|Sandstorm
|move|p1a: Donphan|Ice Shard|p2a: Hippowdon
|-supereffective|p2a: Hippowdon
|-damage|p2a: Hippowdon|103\/420
|
|-weather|Sandstorm|[upkeep]
|-heal|p1a: Donphan|362\/383|[from] item: Leftovers
|-heal|p2a: Hippowdon|129\/420|[from] item: Leftovers
|turn|11
|
|move|p1a: Donphan|Knock Off|p2a: Hippowdon
|-damage|p2a: Hippowdon|73\/420
|-enditem|p2a: Hippowdon|Leftovers|[from] move: Knock Off|[of] p1a: Donphan
|move|p2a: Hippowdon|Slack Off|p2a: Hippowdon
|-heal|p2a: Hippowdon|283\/420
|
|-weather|Sandstorm|[upkeep]
|-heal|p1a: Donphan|383\/383|[from] item: Leftovers
|turn|12
|
|move|p1a: Donphan|Stealth Rock|p2a: Hippowdon
|-sidestart|p2: thymetime|move: Stealth Rock
|move|p2a: Hippowdon|Toxic|p1a: Donphan|[miss]
|-miss|p2a: Hippowdon|p1a: Donphan
|
|-weather|Sandstorm|[upkeep]
|turn|13
|
|move|p1a: Donphan|Earthquake|p2a: Hippowdon
|-crit|p2a: Hippowdon
|-damage|p2a: Hippowdon|154\/420
|move|p2a: Hippowdon|Earthquake|p1a: Donphan
|-damage|p1a: Donphan|290\/383
|
|-weather|Sandstorm|[upkeep]
|-heal|p1a: Donphan|313\/383|[from] item: Leftovers
|turn|14
|
|move|p1a: Donphan|Earthquake|p2a: Hippowdon
|-damage|p2a: Hippowdon|69\/420
|move|p2a: Hippowdon|Slack Off|p2a: Hippowdon
|-heal|p2a: Hippowdon|279\/420
|
|-weather|none
|-heal|p1a: Donphan|336\/383|[from] item: Leftovers
|turn|15
|
|move|p1a: Donphan|Earthquake|p2a: Hippowdon
|-damage|p2a: Hippowdon|194\/420
|move|p2a: Hippowdon|Slack Off|p2a: Hippowdon
|-heal|p2a: Hippowdon|404\/420
|
|-heal|p1a: Donphan|359\/383|[from] item: Leftovers
|turn|16
|
|switch|p1a: Jirachi|Jirachi|362\/362
|move|p2a: Hippowdon|Toxic|p1a: Jirachi
|-fail|p1a: Jirachi
|
|turn|17
|
|move|p1a: Jirachi|Energy Ball|p2a: Hippowdon
|-supereffective|p2a: Hippowdon
|-damage|p2a: Hippowdon|162\/420
|move|p2a: Hippowdon|Toxic|p1a: Jirachi
|-fail|p1a: Jirachi
|
|turn|18
|
|move|p1a: Jirachi|Energy Ball|p2a: Hippowdon
|-supereffective|p2a: Hippowdon
|-damage|p2a: Hippowdon|0 fnt
|faint|p2a: Hippowdon
|
|
|switch|p2a: Chandelure|Chandelure, F|191\/261
|-damage|p2a: Chandelure|126\/261|[from] Stealth Rock
|turn|19
|
|switch|p1a: Donphan|Donphan, F|359\/383
|move|p2a: Chandelure|Trick|p1a: Donphan
|-activate|p2a: Chandelure|move: Trick|[of] p1a: Donphan
|-item|p1a: Donphan|Choice Scarf|[from] move: Trick
|-item|p2a: Chandelure|Leftovers|[from] move: Trick
|
|-heal|p2a: Chandelure|142\/261|[from] item: Leftovers
|turn|20
|
|move|p2a: Chandelure|Energy Ball|p1a: Donphan
|-supereffective|p1a: Donphan
|-damage|p1a: Donphan|0 fnt
|faint|p1a: Donphan
|
|-heal|p2a: Chandelure|158\/261|[from] item: Leftovers
|
|switch|p1a: Aerodactyl|Aerodactyl, M|301\/301
|turn|21
|
|switch|p2a: Empoleon|Empoleon, M|200\/372 brn
|-damage|p2a: Empoleon|177\/372 brn|[from] Stealth Rock
|detailschange|p1a: Aerodactyl|Aerodactyl-Mega, M
|-mega|p1a: Aerodactyl|Aerodactyl|Aerodactylite
|move|p1a: Aerodactyl|Earthquake|p2a: Empoleon
|-supereffective|p2a: Empoleon
|-damage|p2a: Empoleon|0 fnt
|faint|p2a: Empoleon
|
|
|switch|p2a: Aerodactyl|Aerodactyl-Mega, F|301\/301
|-damage|p2a: Aerodactyl|226\/301|[from] Stealth Rock
|turn|22
|
|move|p2a: Aerodactyl|Stone Edge|p1a: Aerodactyl
|-supereffective|p1a: Aerodactyl
|-damage|p1a: Aerodactyl|0 fnt
|faint|p1a: Aerodactyl
|
|
|switch|p1a: Infernape|Infernape, M|293\/293
|turn|23
|
|move|p1a: Infernape|Stone Edge|p2a: Aerodactyl
|-supereffective|p2a: Aerodactyl
|-damage|p2a: Aerodactyl|12\/301
|move|p2a: Aerodactyl|Wing Attack|p1a: Infernape
|-supereffective|p1a: Infernape
|-damage|p1a: Infernape|0 fnt
|faint|p1a: Infernape
|
|
|switch|p1a: Goodra|Goodra, M|280\/384
|turn|24
|
|move|p2a: Aerodactyl|Roost|p2a: Aerodactyl
|-heal|p2a: Aerodactyl|163\/301
|move|p1a: Goodra|Dragon Tail|p2a: Aerodactyl
|-damage|p2a: Aerodactyl|88\/301
|drag|p2a: Chandelure|Chandelure, F|158\/261
|-damage|p2a: Chandelure|93\/261|[from] Stealth Rock
|
|-heal|p2a: Chandelure|109\/261|[from] item: Leftovers
|turn|25
|
|move|p2a: Chandelure|Shadow Ball|p1a: Goodra
|-damage|p1a: Goodra|211\/384
|-unboost|p1a: Goodra|spd|1
|move|p1a: Goodra|Sludge Wave|p2a: Chandelure
|-resisted|p2a: Chandelure
|-damage|p2a: Chandelure|52\/261
|
|-heal|p2a: Chandelure|68\/261|[from] item: Leftovers
|turn|26
|
|switch|p1a: Porygon-Z|Porygon-Z|86\/324
|move|p2a: Chandelure|Shadow Ball|p1a: Porygon-Z
|-immune|p1a: Porygon-Z|[msg]
|
|-heal|p2a: Chandelure|84\/261|[from] item: Leftovers
|turn|27
|
|move|p2a: Chandelure|Fire Blast|p1a: Porygon-Z
|-damage|p1a: Porygon-Z|0 fnt
|faint|p1a: Porygon-Z
|
|-heal|p2a: Chandelure|100\/261|[from] item: Leftovers
|
|switch|p1a: Goodra|Goodra, M|211\/384
|turn|28
|
|move|p2a: Chandelure|Shadow Ball|p1a: Goodra
|-damage|p1a: Goodra|132\/384
|move|p1a: Goodra|Draco Meteor|p2a: Chandelure
|-damage|p2a: Chandelure|0 fnt
|-unboost|p1a: Goodra|spa|2
|faint|p2a: Chandelure
|
|
|switch|p2a: Mienshao|Mienshao, F|292\/292
|-damage|p2a: Mienshao|274\/292|[from] Stealth Rock
|turn|29
|
|move|p2a: Mienshao|High Jump Kick|p1a: Goodra
|-damage|p1a: Goodra|0 fnt
|-unboost|p2a: Mienshao|spe|1
|-damage|p2a: Mienshao|245\/292|[from] item: Life Orb
|faint|p1a: Goodra
|
|
|switch|p1a: Jirachi|Jirachi|362\/362
|turn|30
|
|move|p1a: Jirachi|Iron Head|p2a: Mienshao
|-damage|p2a: Mienshao|107\/292
|cant|p2a: Mienshao|flinch
|
|turn|31
|
|move|p1a: Jirachi|Iron Head|p2a: Mienshao
|-damage|p2a: Mienshao|0 fnt
|faint|p2a: Mienshao
|
|
|switch|p2a: Celebi|Celebi|299\/341
|-damage|p2a: Celebi|257\/341|[from] Stealth Rock
|turn|32
|
|move|p2a: Celebi|Healing Wish|p2a: Celebi
|faint|p2a: Celebi
|move|p1a: Jirachi|U-turn|p2: Celebi|[notarget]
|-notarget
|
|
|switch|p2a: Aerodactyl|Aerodactyl-Mega, F|88\/301
|-heal|p2a: Aerodactyl|301\/301|[from] move: Healing Wish
|-damage|p2a: Aerodactyl|226\/301|[from] Stealth Rock
|turn|33
|c|★thymetime|didn't i trick this a scarf
|c|★thymetime|?
|
|move|p2a: Aerodactyl|Earthquake|p1a: Jirachi
|-supereffective|p1a: Jirachi
|-damage|p1a: Jirachi|172\/362
|move|p1a: Jirachi|Iron Head|p2a: Aerodactyl
|-supereffective|p2a: Aerodactyl
|-damage|p2a: Aerodactyl|0 fnt
|faint|p2a: Aerodactyl
|
|win|yogio
|raw|Ladder updating...
|raw|yogio's rating: 1100 &rarr; <strong>1127<\/strong><br \/>(+27 for winning)
|raw|thymetime's rating: 1134 &rarr; <strong>1107<\/strong><br \/>(-27 for losing)