|join|Dolph The Showoff
|join|MuhFugginMoose
|player|p1|Dolph The Showoff|99
|player|p2|MuhFugginMoose|146
|gametype|singles
|gen|6
|tier|OU
|rated
|clearpoke
|poke|p1|Sableye, M
|poke|p1|Chansey, F
|poke|p1|Tentacruel, M
|poke|p1|Hippowdon, M
|poke|p1|Clefable, F
|poke|p1|Ferrothorn, M
|poke|p2|Landorus-Therian, M, shiny
|poke|p2|Lopunny, F
|poke|p2|Manaphy
|poke|p2|Zapdos
|poke|p2|Heatran, F
|poke|p2|Celebi
|rule|Swagger Clause: Swagger is banned
|rule|Baton Pass Clause: Limit one Pokémon knowing Baton Pass
|rule|Sleep Clause Mod: Limit one foe put to sleep
|rule|Species Clause: Limit one of each Pokémon
|rule|OHKO Clause: OHKO moves are banned
|rule|Moody Clause: Moody is banned
|rule|Evasion Moves Clause: Evasion moves are banned
|rule|Endless Battle Clause: Forcing endless battles is banned
|rule|HP Percentage Mod: HP is shown in percentages
|teampreview
|
|start
|switch|p1a: Sableye|Sableye, M|303\/303
|switch|p2a: Habits|Landorus-Therian, M, shiny|341\/341
|-ability|p2a: Habits|Intimidate|[of] p1a: Sableye
|-unboost|p1a: Sableye|atk|1
|turn|1
|
|switch|p2a: Arcades|Heatran, F|337\/337
|-item|p2a: Arcades|Air Balloon
|detailschange|p1a: Sableye|Sableye-Mega, M
|-mega|p1a: Sableye|Sableye|Sablenite
|move|p1a: Sableye|Knock Off|p2a: Arcades
|-damage|p2a: Arcades|279\/337
|-enditem|p2a: Arcades|Air Balloon
|
|turn|2
|
|switch|p1a: Tentacruel|Tentacruel, M|364\/364
|move|p2a: Arcades|Lava Plume|p1a: Tentacruel
|-resisted|p1a: Tentacruel
|-damage|p1a: Tentacruel|305\/364
|-status|p1a: Tentacruel|brn
|
|-heal|p1a: Tentacruel|327\/364 brn|[from] item: Black Sludge
|-damage|p1a: Tentacruel|282\/364 brn|[from] brn
|turn|3
|
|move|p2a: Arcades|Stealth Rock|p1a: Tentacruel
|-sidestart|p1: Dolph The Showoff|move: Stealth Rock
|move|p1a: Tentacruel|Scald|p2a: Arcades
|-supereffective|p2a: Arcades
|-damage|p2a: Arcades|115\/337
|
|-heal|p1a: Tentacruel|304\/364 brn|[from] item: Black Sludge
|-damage|p1a: Tentacruel|259\/364 brn|[from] brn
|turn|4
|
|move|p2a: Arcades|Earth Power|p1a: Tentacruel
|-supereffective|p1a: Tentacruel
|-damage|p1a: Tentacruel|95\/364 brn
|move|p1a: Tentacruel|Rapid Spin|p2a: Arcades
|-resisted|p2a: Arcades
|-damage|p2a: Arcades|112\/337
|-sideend|p1: Dolph The Showoff|Stealth Rock|[from] move: Rapid Spin|[of] p1a: Tentacruel
|
|-heal|p1a: Tentacruel|117\/364 brn|[from] item: Black Sludge
|-damage|p1a: Tentacruel|72\/364 brn|[from] brn
|turn|5
|
|move|p2a: Arcades|Stealth Rock|p1a: Tentacruel
|-sidestart|p1: Dolph The Showoff|move: Stealth Rock
|move|p1a: Tentacruel|Rapid Spin|p2a: Arcades
|-resisted|p2a: Arcades
|-damage|p2a: Arcades|109\/337
|-sideend|p1: Dolph The Showoff|Stealth Rock|[from] move: Rapid Spin|[of] p1a: Tentacruel
|
|-heal|p1a: Tentacruel|94\/364 brn|[from] item: Black Sludge
|-damage|p1a: Tentacruel|49\/364 brn|[from] brn
|turn|6
|
|move|p2a: Arcades|Earth Power|p1a: Tentacruel
|-supereffective|p1a: Tentacruel
|-damage|p1a: Tentacruel|0 fnt
|faint|p1a: Tentacruel
|
|c|★MuhFugginMoose|hmm, I recognize that name. . .
|
|switch|p1a: Clefable|Clefable, F|385\/385
|turn|7
|
|switch|p1a: Sableye|Sableye-Mega, M|303\/303
|move|p2a: Arcades|Flash Cannon|p1a: Sableye
|-damage|p1a: Sableye|168\/303
|-unboost|p1a: Sableye|spd|1
|
|turn|8
|
|switch|p1a: Clefable|Clefable, F|385\/385
|move|p2a: Arcades|Lava Plume|p1a: Clefable
|-damage|p1a: Clefable|220\/385
|
|-heal|p1a: Clefable|244\/385|[from] item: Leftovers
|turn|9
|
|move|p2a: Arcades|Stealth Rock|p1a: Clefable
|-sidestart|p1: Dolph The Showoff|move: Stealth Rock
|move|p1a: Clefable|Focus Blast|p2a: Arcades
|-supereffective|p2a: Arcades
|-damage|p2a: Arcades|0 fnt
|faint|p2a: Arcades
|
|-heal|p1a: Clefable|268\/385|[from] item: Leftovers
|
|switch|p2a: Breathe This Air|Manaphy|365\/365
|turn|10
|
|move|p2a: Breathe This Air|Rain Dance|p2a: Breathe This Air
|-weather|RainDance
|move|p1a: Clefable|Calm Mind|p1a: Clefable
|-boost|p1a: Clefable|spa|1
|-boost|p1a: Clefable|spd|1
|
|-weather|RainDance|[upkeep]
|-heal|p1a: Clefable|292\/385|[from] item: Leftovers
|turn|11
|
|move|p2a: Breathe This Air|Scald|p1a: Clefable
|-damage|p1a: Clefable|174\/385
|move|p1a: Clefable|Calm Mind|p1a: Clefable
|-boost|p1a: Clefable|spa|1
|-boost|p1a: Clefable|spd|1
|
|-weather|RainDance|[upkeep]
|-heal|p1a: Clefable|198\/385|[from] item: Leftovers
|turn|12
|
|move|p2a: Breathe This Air|Tail Glow|p2a: Breathe This Air
|-boost|p2a: Breathe This Air|spa|3
|move|p1a: Clefable|Moonlight|p1a: Clefable
|-heal|p1a: Clefable|294\/385
|
|-weather|RainDance|[upkeep]
|-heal|p1a: Clefable|318\/385|[from] item: Leftovers
|turn|13
|
|move|p2a: Breathe This Air|Scald|p1a: Clefable
|-damage|p1a: Clefable|228\/385
|move|p1a: Clefable|Moonblast|p2a: Breathe This Air
|-damage|p2a: Breathe This Air|170\/365
|-unboost|p2a: Breathe This Air|spa|1
|
|-weather|RainDance|[upkeep]
|-heal|p2a: Breathe This Air|192\/365|[from] item: Leftovers
|-heal|p1a: Clefable|252\/385|[from] item: Leftovers
|turn|14
|
|move|p2a: Breathe This Air|Scald|p1a: Clefable
|-damage|p1a: Clefable|167\/385
|move|p1a: Clefable|Moonblast|p2a: Breathe This Air
|-damage|p2a: Breathe This Air|0 fnt
|faint|p2a: Breathe This Air
|
|-weather|none
|-heal|p1a: Clefable|191\/385|[from] item: Leftovers
|c|★Dolph The Showoff|just check to make sure I didnt DC
|
|switch|p2a: Habits|Landorus-Therian, M, shiny|341\/341
|-ability|p2a: Habits|Intimidate|[of] p1a: Clefable
|-unboost|p1a: Clefable|atk|1
|turn|15
|
|move|p2a: Habits|Earthquake|p1a: Clefable
|-damage|p1a: Clefable|35\/385
|move|p1a: Clefable|Moonlight|p1a: Clefable
|-heal|p1a: Clefable|227\/385
|
|-heal|p1a: Clefable|251\/385|[from] item: Leftovers
|turn|16
|
|move|p2a: Habits|Earthquake|p1a: Clefable
|-damage|p1a: Clefable|71\/385
|move|p1a: Clefable|Moonlight|p1a: Clefable
|-heal|p1a: Clefable|263\/385
|
|-heal|p1a: Clefable|287\/385|[from] item: Leftovers
|turn|17
|
|move|p2a: Habits|Earthquake|p1a: Clefable
|-damage|p1a: Clefable|118\/385
|move|p1a: Clefable|Moonlight|p1a: Clefable
|-heal|p1a: Clefable|310\/385
|
|-heal|p1a: Clefable|334\/385|[from] item: Leftovers
|turn|18
|
|move|p2a: Habits|Earthquake|p1a: Clefable
|-damage|p1a: Clefable|154\/385
|move|p1a: Clefable|Moonblast|p2a: Habits
|-damage|p2a: Habits|100\/341
|
|-heal|p1a: Clefable|178\/385|[from] item: Leftovers
|turn|19
|c|★MuhFugginMoose|ready for the low roll?
|
|move|p2a: Habits|Earthquake|p1a: Clefable
|-damage|p1a: Clefable|22\/385
|move|p1a: Clefable|Moonblast|p2a: Habits
|-damage|p2a: Habits|0 fnt
|faint|p2a: Habits
|
|-heal|p1a: Clefable|46\/385|[from] item: Leftovers
|c|★MuhFugginMoose|lol, knew it
|
|switch|p2a: Lolita|Lopunny, F|272\/272
|turn|20
|
|detailschange|p2a: Lolita|Lopunny-Mega, F
|-mega|p2a: Lolita|Lopunny|Lopunnite
|move|p2a: Lolita|Frustration|p1a: Clefable
|-damage|p1a: Clefable|0 fnt
|faint|p1a: Clefable
|
|
|switch|p1a: Hippowdon|Hippowdon, M|417\/417
|-damage|p1a: Hippowdon|391\/417|[from] Stealth Rock
|turn|21
|
|move|p2a: Lolita|Substitute|p2a: Lolita
|-start|p2a: Lolita|Substitute
|-damage|p2a: Lolita|204\/272
|move|p1a: Hippowdon|Stealth Rock|p2a: Lolita
|-sidestart|p2: MuhFugginMoose|move: Stealth Rock
|
|-heal|p1a: Hippowdon|417\/417|[from] item: Leftovers
|turn|22
|
|move|p2a: Lolita|Drain Punch|p1a: Hippowdon
|-damage|p1a: Hippowdon|315\/417
|-heal|p2a: Lolita|255\/272|[from] drain|[of] p1a: Hippowdon
|move|p1a: Hippowdon|Whirlwind|p2a: Lolita
|drag|p2a: Diamond|Zapdos|383\/383
|-damage|p2a: Diamond|288\/383|[from] Stealth Rock
|-ability|p2a: Diamond|Pressure
|
|-heal|p2a: Diamond|311\/383|[from] item: Leftovers
|-heal|p1a: Hippowdon|341\/417|[from] item: Leftovers
|turn|23
|
|move|p2a: Diamond|Defog|p1a: Hippowdon
|-unboost|p1a: Hippowdon|evasion|1
|-sideend|p1: Dolph The Showoff|Stealth Rock|[from] move: Defog|[of] p1a: Hippowdon
|-sideend|p2: MuhFugginMoose|Stealth Rock|[from] move: Defog|[of] p2a: Diamond
|move|p1a: Hippowdon|Slack Off|p1a: Hippowdon
|-heal|p1a: Hippowdon|417\/417
|
|-heal|p2a: Diamond|334\/383|[from] item: Leftovers
|turn|24
|
|switch|p1a: Chansey|Chansey, F|641\/641
|move|p2a: Diamond|Hidden Power|p1a: Chansey
|-damage|p1a: Chansey|612\/641
|
|-heal|p2a: Diamond|357\/383|[from] item: Leftovers
|turn|25
|
|move|p2a: Diamond|Thunderbolt|p1a: Chansey
|-damage|p1a: Chansey|540\/641
|-status|p1a: Chansey|par
|move|p1a: Chansey|Toxic|p2a: Diamond
|-status|p2a: Diamond|tox
|
|-heal|p2a: Diamond|380\/383 tox|[from] item: Leftovers
|-damage|p2a: Diamond|357\/383 tox|[from] psn
|turn|26
|
|switch|p2a: Rather Be|Celebi|403\/403
|switch|p1a: Ferrothorn|Ferrothorn, M|351\/351
|
|turn|27
|
|switch|p1a: Sableye|Sableye-Mega, M|168\/303
|move|p2a: Rather Be|Nasty Plot|p2a: Rather Be
|-boost|p2a: Rather Be|spa|2
|
|turn|28
|
|move|p2a: Rather Be|Giga Drain|p1a: Sableye
|-damage|p1a: Sableye|26\/303
|move|p1a: Sableye|Knock Off|p2a: Rather Be
|-supereffective|p2a: Rather Be
|-damage|p2a: Rather Be|253\/403
|-enditem|p2a: Rather Be|Leftovers|[from] move: Knock Off|[of] p1a: Sableye
|
|turn|29
|
|move|p2a: Rather Be|Nasty Plot|p2a: Rather Be
|-boost|p2a: Rather Be|spa|2
|move|p1a: Sableye|Will-O-Wisp|p2a: Rather Be
|-status|p2a: Rather Be|brn
|
|-damage|p2a: Rather Be|203\/403 brn|[from] brn
|turn|30
|
|move|p2a: Rather Be|Giga Drain|p1a: Sableye
|-damage|p1a: Sableye|0 fnt
|-heal|p2a: Rather Be|216\/403 brn|[from] drain|[of] p1a: Sableye
|faint|p1a: Sableye
|
|-damage|p2a: Rather Be|166\/403 brn|[from] brn
|
|switch|p1a: Chansey|Chansey, F|540\/641
|turn|31
|
|move|p2a: Rather Be|Recover|p2a: Rather Be
|-heal|p2a: Rather Be|368\/403 brn
|move|p1a: Chansey|Seismic Toss|p2a: Rather Be
|-damage|p2a: Rather Be|268\/403 brn
|
|-damage|p2a: Rather Be|218\/403 brn|[from] brn
|turn|32
|
|move|p2a: Rather Be|Giga Drain|p1a: Chansey
|-damage|p1a: Chansey|402\/641
|-heal|p2a: Rather Be|287\/403 brn|[from] drain|[of] p1a: Chansey
|move|p1a: Chansey|Seismic Toss|p2a: Rather Be
|-damage|p2a: Rather Be|187\/403 brn
|
|-damage|p2a: Rather Be|137\/403 brn|[from] brn
|turn|33
|
|move|p2a: Rather Be|Baton Pass|p2a: Rather Be
|
|switch|p2a: Diamond|Zapdos|357\/383 tox
|-ability|p2a: Diamond|Pressure
|move|p1a: Chansey|Toxic|p2a: Diamond
|-fail|p2a: Diamond|tox
|
|-heal|p2a: Diamond|380\/383 tox|[from] item: Leftovers
|-damage|p2a: Diamond|357\/383 tox|[from] psn
|turn|34
|
|move|p2a: Diamond|Thunderbolt|p1a: Chansey
|-damage|p1a: Chansey|177\/641
|move|p1a: Chansey|Soft-Boiled|p1a: Chansey
|-heal|p1a: Chansey|498\/641
|
|-heal|p2a: Diamond|380\/383 tox|[from] item: Leftovers
|-damage|p2a: Diamond|334\/383 tox|[from] psn
|turn|35
|
|move|p2a: Diamond|Thunderbolt|p1a: Chansey
|-damage|p1a: Chansey|296\/641
|move|p1a: Chansey|Seismic Toss|p2a: Diamond
|-damage|p2a: Diamond|234\/383 tox
|
|-heal|p2a: Diamond|257\/383 tox|[from] item: Leftovers
|-damage|p2a: Diamond|188\/383 tox|[from] psn
|turn|36
|
|move|p2a: Diamond|Thunderbolt|p1a: Chansey
|-damage|p1a: Chansey|74\/641
|move|p1a: Chansey|Soft-Boiled|p1a: Chansey
|-heal|p1a: Chansey|395\/641
|
|-heal|p2a: Diamond|211\/383 tox|[from] item: Leftovers
|-damage|p2a: Diamond|119\/383 tox|[from] psn
|turn|37
|
|move|p2a: Diamond|Thunderbolt|p1a: Chansey
|-damage|p1a: Chansey|178\/641
|move|p1a: Chansey|Soft-Boiled|p1a: Chansey
|-heal|p1a: Chansey|499\/641
|
|-heal|p2a: Diamond|142\/383 tox|[from] item: Leftovers
|-damage|p2a: Diamond|27\/383 tox|[from] psn
|turn|38
|
|move|p2a: Diamond|Roost|p2a: Diamond
|-heal|p2a: Diamond|219\/383 tox
|move|p1a: Chansey|Seismic Toss|p2a: Diamond
|-damage|p2a: Diamond|119\/383 tox
|
|-heal|p2a: Diamond|142\/383 tox|[from] item: Leftovers
|-damage|p2a: Diamond|4\/383 tox|[from] psn
|turn|39
|
|move|p2a: Diamond|Thunderbolt|p1a: Chansey
|-crit|p1a: Chansey
|-damage|p1a: Chansey|202\/641
|-status|p1a: Chansey|par
|move|p1a: Chansey|Soft-Boiled|p1a: Chansey
|-heal|p1a: Chansey|523\/641 par
|
|-heal|p2a: Diamond|27\/383 tox|[from] item: Leftovers
|-damage|p2a: Diamond|0 fnt|[from] psn
|faint|p2a: Diamond
|
|switch|p2a: Lolita|Lopunny-Mega, F|255\/272
|turn|40
|
|switch|p1a: Ferrothorn|Ferrothorn, M|351\/351
|move|p2a: Lolita|Power-Up Punch|p1a: Ferrothorn
|-supereffective|p1a: Ferrothorn
|-damage|p1a: Ferrothorn|231\/351
|-damage|p2a: Lolita|221\/272|[from] ability: Iron Barbs|[of] p1a: Ferrothorn
|-boost|p2a: Lolita|atk|1
|
|-heal|p1a: Ferrothorn|252\/351|[from] item: Leftovers
|turn|41
|
|move|p2a: Lolita|Drain Punch|p1a: Ferrothorn
|-supereffective|p1a: Ferrothorn
|-damage|p1a: Ferrothorn|0 fnt
|-heal|p2a: Lolita|272\/272|[from] drain|[of] p1a: Ferrothorn
|-damage|p2a: Lolita|238\/272|[from] ability: Iron Barbs|[of] p1a: Ferrothorn
|faint|p1a: Ferrothorn
|
|
|switch|p1a: Hippowdon|Hippowdon, M|417\/417
|turn|42
|
|move|p2a: Lolita|Drain Punch|p1a: Hippowdon
|-damage|p1a: Hippowdon|258\/417
|-heal|p2a: Lolita|272\/272|[from] drain|[of] p1a: Hippowdon
|move|p1a: Hippowdon|Earthquake|p2a: Lolita
|-damage|p2a: Lolita|128\/272
|
|-heal|p1a: Hippowdon|284\/417|[from] item: Leftovers
|turn|43
|
|switch|p2a: Rather Be|Celebi|137\/403
|move|p1a: Hippowdon|Earthquake|p2a: Rather Be
|-resisted|p2a: Rather Be
|-damage|p2a: Rather Be|86\/403
|
|-heal|p1a: Hippowdon|310\/417|[from] item: Leftovers
|turn|44
|
|move|p2a: Rather Be|Recover|p2a: Rather Be
|-heal|p2a: Rather Be|288\/403
|move|p1a: Hippowdon|Stealth Rock|p2a: Rather Be
|-sidestart|p2: MuhFugginMoose|move: Stealth Rock
|
|-heal|p1a: Hippowdon|336\/417|[from] item: Leftovers
|turn|45
|
|switch|p1a: Chansey|Chansey, F|523\/641
|move|p2a: Rather Be|Nasty Plot|p2a: Rather Be
|-boost|p2a: Rather Be|spa|2
|
|turn|46
|
|move|p2a: Rather Be|Giga Drain|p1a: Chansey
|-damage|p1a: Chansey|427\/641
|-heal|p2a: Rather Be|336\/403|[from] drain|[of] p1a: Chansey
|move|p1a: Chansey|Toxic|p2a: Rather Be
|-status|p2a: Rather Be|tox
|
|-damage|p2a: Rather Be|311\/403 tox|[from] psn
|turn|47
|
|move|p2a: Rather Be|Nasty Plot|p2a: Rather Be
|-boost|p2a: Rather Be|spa|2
|move|p1a: Chansey|Seismic Toss|p2a: Rather Be
|-damage|p2a: Rather Be|211\/403 tox
|
|-damage|p2a: Rather Be|161\/403 tox|[from] psn
|turn|48
|
|move|p2a: Rather Be|Giga Drain|p1a: Chansey
|-damage|p1a: Chansey|288\/641
|-heal|p2a: Rather Be|231\/403 tox|[from] drain|[of] p1a: Chansey
|move|p1a: Chansey|Seismic Toss|p2a: Rather Be
|-damage|p2a: Rather Be|131\/403 tox
|
|-damage|p2a: Rather Be|56\/403 tox|[from] psn
|turn|49
|
|move|p2a: Rather Be|Recover|p2a: Rather Be
|-heal|p2a: Rather Be|258\/403 tox
|move|p1a: Chansey|Seismic Toss|p2a: Rather Be
|-damage|p2a: Rather Be|158\/403 tox
|
|-damage|p2a: Rather Be|58\/403 tox|[from] psn
|turn|50
|
|move|p2a: Rather Be|Giga Drain|p1a: Chansey
|-damage|p1a: Chansey|144\/641
|-heal|p2a: Rather Be|130\/403 tox|[from] drain|[of] p1a: Chansey
|move|p1a: Chansey|Soft-Boiled|p1a: Chansey
|-heal|p1a: Chansey|465\/641
|
|-damage|p2a: Rather Be|5\/403 tox|[from] psn
|turn|51
|
|move|p2a: Rather Be|Giga Drain|p1a: Chansey
|-damage|p1a: Chansey|329\/641
|-heal|p2a: Rather Be|73\/403 tox|[from] drain|[of] p1a: Chansey
|move|p1a: Chansey|Seismic Toss|p2a: Rather Be
|-damage|p2a: Rather Be|0 fnt
|faint|p2a: Rather Be
|
|
|switch|p2a: Lolita|Lopunny-Mega, F|128\/272
|-damage|p2a: Lolita|111\/272|[from] Stealth Rock
|turn|52
|
|switch|p1a: Hippowdon|Hippowdon, M|336\/417
|move|p2a: Lolita|Drain Punch|p1a: Hippowdon
|-damage|p1a: Hippowdon|236\/417
|-heal|p2a: Lolita|161\/272|[from] drain|[of] p1a: Hippowdon
|
|-heal|p1a: Hippowdon|262\/417|[from] item: Leftovers
|turn|53
|
|move|p2a: Lolita|Frustration|p1a: Hippowdon
|-damage|p1a: Hippowdon|136\/417
|move|p1a: Hippowdon|Earthquake|p2a: Lolita
|-damage|p2a: Lolita|16\/272
|
|-heal|p1a: Hippowdon|162\/417|[from] item: Leftovers
|turn|54
|
|move|p2a: Lolita|Frustration|p1a: Hippowdon
|-damage|p1a: Hippowdon|32\/417
|move|p1a: Hippowdon|Earthquake|p2a: Lolita
|-damage|p2a: Lolita|0 fnt
|faint|p2a: Lolita
|
|win|Dolph The Showoff
|raw|Ladder updating...
|c|★MuhFugginMoose|gg
|raw|Dolph The Showoff's rating: 1458 &rarr; <strong>1477<\/strong><br \/>(+19 for winning)
|raw|MuhFugginMoose's rating: 1442 &rarr; <strong>1424<\/strong><br \/>(-18 for losing)
|c|★Dolph The Showoff|GG