|join|MarkiSparki
|join|strafesta
|player|p1|MarkiSparki|281
|player|p2|strafesta|157
|gametype|singles
|gen|6
|tier|UU
|rated
|rule|Sleep Clause Mod: Limit one foe put to sleep
|rule|Species Clause: Limit one of each Pokémon
|rule|OHKO Clause: OHKO moves are banned
|rule|Moody Clause: Moody is banned
|rule|Evasion Moves Clause: Evasion moves are banned
|rule|Endless Battle Clause: Forcing endless battles is banned
|rule|HP Percentage Mod: HP is shown in percentages
|clearpoke
|poke|p1|Jirachi
|poke|p1|Milotic, M
|poke|p1|Chesnaught, M
|poke|p1|Chandelure, F
|poke|p1|Espeon, F
|poke|p1|Lopunny, F
|poke|p2|Lucario, M
|poke|p2|Hydreigon, M
|poke|p2|Ampharos, M
|poke|p2|Crobat, M
|poke|p2|Azelf
|poke|p2|Darmanitan, M
|rule|Swagger Clause: Swagger is banned
|rule|Baton Pass Clause: Limit one Pokémon knowing Baton Pass
|teampreview
|
|start
|switch|p1a: Lopunny|Lopunny, F|271\/271
|switch|p2a: Ampharos|Ampharos, M|383\/383
|turn|1
|
|detailschange|p1a: Lopunny|Lopunny-Mega, F
|message|Lopunny has Mega Evolved into Mega Lopunny!
|detailschange|p2a: Ampharos|Ampharos-Mega, M
|message|Ampharos has Mega Evolved into Mega Ampharos!
|-ability|p2a: Ampharos|Mold Breaker
|move|p1a: Lopunny|Fake Out|p2a: Ampharos
|-crit|p2a: Ampharos
|-damage|p2a: Ampharos|295\/383
|cant|p2a: Ampharos|flinch
|
|turn|2
|
|move|p1a: Lopunny|High Jump Kick|p2a: Ampharos
|-damage|p2a: Ampharos|123\/383
|move|p2a: Ampharos|Volt Switch|p1a: Lopunny
|-damage|p1a: Lopunny|144\/271
|
|switch|p2a: Darmanitan|Darmanitan, M|351\/351
|
|turn|3
|
|switch|p1a: Chandelure|Chandelure, F|261\/261
|move|p2a: Darmanitan|Earthquake|p1a: Chandelure
|-supereffective|p1a: Chandelure
|-damage|p1a: Chandelure|7\/261
|
|turn|4
|
|switch|p1a: Chesnaught|Chesnaught, M|380\/380
|move|p2a: Darmanitan|Earthquake|p1a: Chesnaught
|-resisted|p1a: Chesnaught
|-damage|p1a: Chesnaught|341\/380
|
|turn|5
|
|switch|p2a: Ampharos|Ampharos-Mega, M|123\/383
|-ability|p2a: Ampharos|Mold Breaker
|move|p1a: Chesnaught|Spiky Shield|p1a: Chesnaught
|-fail|p1a: Chesnaught
|
|turn|6
|
|move|p1a: Chesnaught|Drain Punch|p2a: Ampharos
|-damage|p2a: Ampharos|59\/383
|-heal|p1a: Chesnaught|373\/380|[from] drain|[of] p2a: Ampharos
|move|p2a: Ampharos|Rest|p2a: Ampharos
|-status|p2a: Ampharos|slp
|-heal|p2a: Ampharos|383\/383 slp|[silent]
|-status|p2a: Ampharos|slp|[from] move: Rest
|
|turn|7
|
|move|p1a: Chesnaught|Leech Seed|p2a: Ampharos
|-start|p2a: Ampharos|move: Leech Seed
|cant|p2a: Ampharos|slp
|move|p2a: Ampharos|Sleep Talk|p2a: Ampharos
|move|p2a: Ampharos|Volt Switch|p1a: Chesnaught|[from]Sleep Talk
|-resisted|p1a: Chesnaught
|-damage|p1a: Chesnaught|293\/380
|
|switch|p2a: Hydreigon|Hydreigon, M|325\/325
|
|turn|8
|
|switch|p1a: Milotic|Milotic, M|394\/394
|move|p2a: Hydreigon|Draco Meteor|p1a: Milotic
|-damage|p1a: Milotic|201\/394
|-unboost|p2a: Hydreigon|spa|2
|
|-heal|p1a: Milotic|225\/394|[from] item: Leftovers
|turn|9
|
|switch|p2a: Ampharos|Ampharos-Mega, M|383\/383 slp
|-ability|p2a: Ampharos|Mold Breaker
|move|p1a: Milotic|Scald|p2a: Ampharos
|-resisted|p2a: Ampharos
|-damage|p2a: Ampharos|342\/383 slp
|
|-heal|p1a: Milotic|249\/394|[from] item: Leftovers
|turn|10
|
|move|p1a: Milotic|Recover|p1a: Milotic
|-heal|p1a: Milotic|394\/394
|cant|p2a: Ampharos|slp
|move|p2a: Ampharos|Sleep Talk|p2a: Ampharos
|move|p2a: Ampharos|Rest|p2a: Ampharos|[from]Sleep Talk
|-fail|p2a: Ampharos
|
|turn|11
|
|switch|p1a: Chesnaught|Chesnaught, M|293\/380
|-curestatus|p2a: Ampharos|slp
|move|p2a: Ampharos|Volt Switch|p1a: Chesnaught
|-resisted|p1a: Chesnaught
|-damage|p1a: Chesnaught|215\/380
|
|switch|p2a: Crobat|Crobat, M|311\/311
|
|turn|12
|
|move|p1a: Chesnaught|Spiky Shield|p1a: Chesnaught
|-singleturn|p1a: Chesnaught|move: Protect
|move|p2a: Crobat|Brave Bird|p1a: Chesnaught
|-activate|p1a: Chesnaught|move: Protect
|-damage|p2a: Crobat|273\/311|[from] Spiky Shield|[of] p1a: Chesnaught
|
|turn|13
|
|switch|p2a: Darmanitan|Darmanitan, M|351\/351
|switch|p1a: Jirachi|Jirachi|404\/404
|
|turn|14
|
|switch|p1a: Chesnaught|Chesnaught, M|215\/380
|move|p2a: Darmanitan|Earthquake|p1a: Chesnaught
|-resisted|p1a: Chesnaught
|-damage|p1a: Chesnaught|174\/380
|
|turn|15
|
|switch|p2a: Ampharos|Ampharos-Mega, M|342\/383
|-ability|p2a: Ampharos|Mold Breaker
|move|p1a: Chesnaught|Leech Seed|p2a: Ampharos
|-start|p2a: Ampharos|move: Leech Seed
|
|-damage|p2a: Ampharos|295\/383|[from] Leech Seed|[of] p1a: Chesnaught
|-heal|p1a: Chesnaught|221\/380|[silent]
|turn|16
|
|move|p1a: Chesnaught|Spiky Shield|p1a: Chesnaught
|-singleturn|p1a: Chesnaught|move: Protect
|move|p2a: Ampharos|Volt Switch|p1a: Chesnaught
|-activate|p1a: Chesnaught|move: Protect
|
|-damage|p2a: Ampharos|248\/383|[from] Leech Seed|[of] p1a: Chesnaught
|-heal|p1a: Chesnaught|268\/380|[silent]
|turn|17
|
|switch|p1a: Jirachi|Jirachi|404\/404
|move|p2a: Ampharos|Dragon Pulse|p1a: Jirachi
|-resisted|p1a: Jirachi
|-damage|p1a: Jirachi|329\/404
|
|-heal|p1a: Jirachi|354\/404|[from] item: Leftovers
|-damage|p2a: Ampharos|201\/383|[from] Leech Seed|[of] p1a: Jirachi
|-heal|p1a: Jirachi|401\/404|[silent]
|turn|18
|
|move|p1a: Jirachi|Thunder Wave|p2a: Ampharos
|-fail|p2a: Ampharos
|move|p2a: Ampharos|Volt Switch|p1a: Jirachi
|-damage|p1a: Jirachi|278\/404
|
|switch|p2a: Hydreigon|Hydreigon, M|325\/325
|
|-heal|p1a: Jirachi|303\/404|[from] item: Leftovers
|turn|19
|
|switch|p1a: Milotic|Milotic, M|394\/394
|move|p2a: Hydreigon|U-turn|p1a: Milotic
|-damage|p1a: Milotic|330\/394
|
|switch|p2a: Azelf|Azelf|291\/291
|
|-heal|p1a: Milotic|354\/394|[from] item: Leftovers
|turn|20
|
|move|p2a: Azelf|Knock Off|p1a: Milotic
|-damage|p1a: Milotic|208\/394
|-enditem|p1a: Milotic|Leftovers|[from] move: Knock Off|[of] p2a: Azelf
|move|p1a: Milotic|Mirror Coat|p2a: Azelf
|-fail|p2a: Azelf
|
|turn|21
|
|move|p2a: Azelf|Stealth Rock|p1a: Milotic
|-sidestart|p1: MarkiSparki|move: Stealth Rock
|move|p1a: Milotic|Recover|p1a: Milotic
|-heal|p1a: Milotic|394\/394
|
|turn|22
|
|switch|p1a: Chandelure|Chandelure, F|7\/261
|-damage|p1a: Chandelure|0 fnt|[from] Stealth Rock
|faint|p1a: Chandelure
|move|p2a: Azelf|Explosion|p1: Chandelure|[notarget]
|-notarget
|faint|p2a: Azelf
|
|c|★MarkiSparki|:]
|
|switch|p1a: Lopunny|Lopunny-Mega, F|144\/271
|switch|p2a: Ampharos|Ampharos-Mega, M|201\/383
|-damage|p1a: Lopunny|128\/271|[from] Stealth Rock
|-ability|p2a: Ampharos|Mold Breaker
|turn|23
|
|move|p1a: Lopunny|Fake Out|p2a: Ampharos
|-damage|p2a: Ampharos|146\/383
|cant|p2a: Ampharos|flinch
|
|turn|24
|
|switch|p2a: Crobat|Crobat, M|273\/311
|move|p1a: Lopunny|High Jump Kick|p2a: Crobat
|-resisted|p2a: Crobat
|-damage|p2a: Crobat|190\/311
|
|turn|25
|
|switch|p1a: Jirachi|Jirachi|303\/404
|-damage|p1a: Jirachi|278\/404|[from] Stealth Rock
|move|p2a: Crobat|Brave Bird|p1a: Jirachi
|-resisted|p1a: Jirachi
|-damage|p1a: Jirachi|176\/404
|-damage|p2a: Crobat|156\/311|[from] recoil|[of] p1a: Jirachi
|
|-heal|p1a: Jirachi|201\/404|[from] item: Leftovers
|turn|26
|
|switch|p2a: Ampharos|Ampharos-Mega, M|146\/383
|-ability|p2a: Ampharos|Mold Breaker
|move|p1a: Jirachi|Wish|p1a: Jirachi
|
|-heal|p1a: Jirachi|226\/404|[from] item: Leftovers
|turn|27
|
|move|p1a: Jirachi|Iron Head|p2a: Ampharos
|-resisted|p2a: Ampharos
|-damage|p2a: Ampharos|110\/383
|cant|p2a: Ampharos|flinch
|
|-heal|p1a: Jirachi|404\/404|[from] move: Wish|[wisher] Jirachi
|turn|28
|
|move|p1a: Jirachi|Iron Head|p2a: Ampharos
|-resisted|p2a: Ampharos
|-damage|p2a: Ampharos|77\/383
|move|p2a: Ampharos|Rest|p2a: Ampharos
|-status|p2a: Ampharos|slp
|-heal|p2a: Ampharos|383\/383 slp|[silent]
|-status|p2a: Ampharos|slp|[from] move: Rest
|
|turn|29
|
|move|p1a: Jirachi|Wish|p1a: Jirachi
|cant|p2a: Ampharos|slp
|move|p2a: Ampharos|Sleep Talk|p2a: Ampharos
|move|p2a: Ampharos|Dragon Pulse|p1a: Jirachi|[from]Sleep Talk
|-resisted|p1a: Jirachi
|-damage|p1a: Jirachi|332\/404
|
|-heal|p1a: Jirachi|357\/404|[from] item: Leftovers
|turn|30
|
|switch|p1a: Milotic|Milotic, M|394\/394
|-damage|p1a: Milotic|345\/394|[from] Stealth Rock
|cant|p2a: Ampharos|slp
|move|p2a: Ampharos|Sleep Talk|p2a: Ampharos
|move|p2a: Ampharos|Rest|p2a: Ampharos|[from]Sleep Talk
|-fail|p2a: Ampharos
|
|-heal|p1a: Milotic|394\/394|[from] move: Wish|[wisher] Jirachi
|turn|31
|
|-curestatus|p2a: Ampharos|slp
|move|p2a: Ampharos|Volt Switch|p1a: Milotic
|-supereffective|p1a: Milotic
|-damage|p1a: Milotic|244\/394
|
|switch|p2a: Hydreigon|Hydreigon, M|325\/325
|move|p1a: Milotic|Mirror Coat|p2a: Hydreigon
|-immune|p2a: Hydreigon|[msg]
|
|turn|32
|
|move|p2a: Hydreigon|U-turn|p1a: Milotic
|-damage|p1a: Milotic|173\/394
|
|switch|p2a: Lucario|Lucario, M|281\/281
|move|p1a: Milotic|Recover|p1a: Milotic
|-heal|p1a: Milotic|370\/394
|
|turn|33
|
|move|p2a: Lucario|Swords Dance|p2a: Lucario
|-boost|p2a: Lucario|atk|2
|move|p1a: Milotic|Scald|p2a: Lucario
|-damage|p2a: Lucario|160\/281
|
|turn|34
|
|move|p2a: Lucario|Close Combat|p1a: Milotic
|-damage|p1a: Milotic|0 fnt
|-unboost|p2a: Lucario|def|1
|-unboost|p2a: Lucario|spd|1
|-damage|p2a: Lucario|132\/281|[from] item: Life Orb
|faint|p1a: Milotic
|
|
|switch|p1a: Chesnaught|Chesnaught, M|268\/380
|-damage|p1a: Chesnaught|245\/380|[from] Stealth Rock
|turn|35
|
|move|p2a: Lucario|Swords Dance|p2a: Lucario
|-boost|p2a: Lucario|atk|2
|move|p1a: Chesnaught|Drain Punch|p2a: Lucario
|-supereffective|p2a: Lucario
|-damage|p2a: Lucario|0 fnt
|-heal|p1a: Chesnaught|311\/380|[from] drain|[of] p2a: Lucario
|faint|p2a: Lucario
|
|
|switch|p2a: Darmanitan|Darmanitan, M|351\/351
|turn|36
|
|move|p1a: Chesnaught|Spiky Shield|p1a: Chesnaught
|-singleturn|p1a: Chesnaught|move: Protect
|move|p2a: Darmanitan|Flare Blitz|p1a: Chesnaught
|-activate|p1a: Chesnaught|move: Protect
|-damage|p2a: Darmanitan|308\/351|[from] Spiky Shield|[of] p1a: Chesnaught
|
|turn|37
|
|move|p2a: Darmanitan|Flare Blitz|p1a: Chesnaught
|-supereffective|p1a: Chesnaught
|-damage|p1a: Chesnaught|0 fnt
|-damage|p2a: Darmanitan|250\/351|[from] item: Rocky Helmet|[of] p1a: Chesnaught
|-damage|p2a: Darmanitan|147\/351|[from] recoil|[of] p1a: Chesnaught
|faint|p1a: Chesnaught
|
|
|switch|p1a: Lopunny|Lopunny-Mega, F|128\/271
|-damage|p1a: Lopunny|112\/271|[from] Stealth Rock
|turn|38
|
|switch|p2a: Crobat|Crobat, M|156\/311
|move|p1a: Lopunny|Fake Out|p2a: Crobat
|-damage|p2a: Crobat|62\/311
|
|turn|39
|
|move|p2a: Crobat|U-turn|p1a: Lopunny
|-resisted|p1a: Lopunny
|-damage|p1a: Lopunny|57\/271
|
|switch|p2a: Ampharos|Ampharos-Mega, M|383\/383
|-ability|p2a: Ampharos|Mold Breaker
|move|p1a: Lopunny|Return|p2a: Ampharos
|-damage|p2a: Ampharos|241\/383
|
|turn|40
|
|switch|p1a: Jirachi|Jirachi|357\/404
|-damage|p1a: Jirachi|332\/404|[from] Stealth Rock
|move|p2a: Ampharos|Volt Switch|p1a: Jirachi
|-damage|p1a: Jirachi|211\/404
|
|switch|p2a: Hydreigon|Hydreigon, M|325\/325
|
|-heal|p1a: Jirachi|236\/404|[from] item: Leftovers
|turn|41
|
|move|p2a: Hydreigon|Dark Pulse|p1a: Jirachi
|-supereffective|p1a: Jirachi
|-damage|p1a: Jirachi|0 fnt
|faint|p1a: Jirachi
|
|
|switch|p1a: Lopunny|Lopunny-Mega, F|57\/271
|-damage|p1a: Lopunny|41\/271|[from] Stealth Rock
|turn|42
|
|move|p1a: Lopunny|Drain Punch|p2a: Hydreigon
|-supereffective|p2a: Hydreigon
|-damage|p2a: Hydreigon|1\/325
|-heal|p1a: Lopunny|203\/271|[from] drain|[of] p2a: Hydreigon
|move|p2a: Hydreigon|Dark Pulse|p1a: Lopunny
|-resisted|p1a: Lopunny
|-damage|p1a: Lopunny|88\/271
|
|turn|43
|c|★MarkiSparki|... :D
|
|move|p1a: Lopunny|Drain Punch|p2a: Hydreigon
|-supereffective|p2a: Hydreigon
|-damage|p2a: Hydreigon|0 fnt
|-heal|p1a: Lopunny|89\/271|[from] drain|[of] p2a: Hydreigon
|faint|p2a: Hydreigon
|
|
|switch|p2a: Darmanitan|Darmanitan, M|147\/351
|turn|44
|
|switch|p1a: Espeon|Espeon, F|271\/271
|-damage|p1a: Espeon|238\/271|[from] Stealth Rock
|move|p2a: Darmanitan|Flare Blitz|p1a: Espeon
|-damage|p1a: Espeon|0 fnt
|-damage|p2a: Darmanitan|68\/351|[from] recoil|[of] p1a: Espeon
|faint|p1a: Espeon
|
|c|★MarkiSparki|gg
|
|switch|p1a: Lopunny|Lopunny-Mega, F|89\/271
|-damage|p1a: Lopunny|73\/271|[from] Stealth Rock
|turn|45
|
|switch|p2a: Crobat|Crobat, M|62\/311
|move|p1a: Lopunny|Fake Out|p2a: Crobat
|-damage|p2a: Crobat|0 fnt
|faint|p2a: Crobat
|
|
|switch|p2a: Darmanitan|Darmanitan, M|68\/351
|turn|46
|
|move|p2a: Darmanitan|Flare Blitz|p1a: Lopunny
|-damage|p1a: Lopunny|0 fnt
|-damage|p2a: Darmanitan|44\/351|[from] recoil|[of] p1a: Lopunny
|faint|p1a: Lopunny
|
|win|strafesta
|raw|Ladder updating...
|raw|MarkiSparki's rating: 1353 &rarr; <strong>1329<\/strong><br \/>(-24 for losing)
|raw|strafesta's rating: 1278 &rarr; <strong>1309<\/strong><br \/>(+31 for winning)
|c|★strafesta|gg
|leave|MarkiSparki
|player|p1