|join|MarkiSparki
|join|Hugg Wild
|player|p1|MarkiSparki|281
|player|p2|Hugg Wild|125
|gametype|singles
|gen|6
|tier|UU
|rated
|rule|Sleep Clause Mod: Limit one foe put to sleep
|rule|Species Clause: Limit one of each Pokémon
|rule|OHKO Clause: OHKO moves are banned
|rule|Moody Clause: Moody is banned
|rule|Evasion Moves Clause: Evasion moves are banned
|rule|Endless Battle Clause: Forcing endless battles is banned
|rule|HP Percentage Mod: HP is shown in percentages
|clearpoke
|poke|p1|Toxicroak, M
|poke|p1|Forretress, F
|poke|p1|Goodra, F
|poke|p1|Diancie
|poke|p1|Kingdra, F
|poke|p1|Gallade, M
|poke|p2|Sharpedo, M
|poke|p2|Machamp, M
|poke|p2|Reuniclus, F, shiny
|poke|p2|Froslass, F
|poke|p2|Swampert, M
|poke|p2|Spiritomb, F, shiny
|rule|Swagger Clause: Swagger is banned
|rule|Baton Pass Clause: Limit one Pokémon knowing Baton Pass
|teampreview
|
|start
|switch|p1a: Forretress|Forretress, F|354\/354
|switch|p2a: Froslass|Froslass, F|344\/344
|turn|1
|
|move|p2a: Froslass|Taunt|p1a: Forretress
|-start|p1a: Forretress|move: Taunt
|cant|p1a: Forretress|move: Taunt|Stealth Rock
|
|turn|2
|
|move|p2a: Froslass|Spikes|p1a: Forretress
|-sidestart|p1: MarkiSparki|Spikes
|move|p1a: Forretress|Volt Switch|p2a: Froslass
|-damage|p2a: Froslass|299\/344
|-start|p1a: Forretress|Disable|Volt Switch
|
|switch|p1a: Goodra|Goodra, F|384\/384
|-damage|p1a: Goodra|336\/384|[from] Spikes
|
|turn|3
|
|move|p2a: Froslass|Destiny Bond|p2a: Froslass
|-singlemove|p2a: Froslass|Destiny Bond
|move|p1a: Goodra|Rain Dance|p1a: Goodra
|-weather|RainDance
|
|-weather|RainDance|[upkeep]
|turn|4
|
|move|p2a: Froslass|Spikes|p1a: Goodra
|-sidestart|p1: MarkiSparki|Spikes
|move|p1a: Goodra|Toxic|p2a: Froslass
|-status|p2a: Froslass|tox
|
|-weather|RainDance|[upkeep]
|-damage|p2a: Froslass|278\/344 tox|[from] psn
|turn|5
|
|move|p2a: Froslass|Taunt|p1a: Goodra
|-start|p1a: Goodra|move: Taunt
|move|p1a: Goodra|Draco Meteor|p2a: Froslass
|-damage|p2a: Froslass|53\/344 tox
|-unboost|p1a: Goodra|spa|2
|
|-weather|RainDance|[upkeep]
|-damage|p2a: Froslass|11\/344 tox|[from] psn
|turn|6
|
|switch|p1a: Forretress|Forretress, F|354\/354
|-damage|p1a: Forretress|295\/354|[from] Spikes
|move|p2a: Froslass|Spikes|p1a: Forretress
|-sidestart|p1: MarkiSparki|Spikes
|
|-weather|RainDance|[upkeep]
|-heal|p1a: Forretress|317\/354|[from] item: Leftovers
|-damage|p2a: Froslass|0 fnt|[from] psn
|faint|p2a: Froslass
|
|switch|p2a: Spiritomb|Spiritomb, F, shiny|294\/294
|turn|7
|
|move|p2a: Spiritomb|Taunt|p1a: Forretress
|-start|p1a: Forretress|move: Taunt
|move|p1a: Forretress|Volt Switch|p2a: Spiritomb
|-damage|p2a: Spiritomb|258\/294
|
|switch|p1a: Kingdra|Kingdra, F|303\/303
|-damage|p1a: Kingdra|228\/303|[from] Spikes
|
|-weather|RainDance|[upkeep]
|turn|8
|
|switch|p2a: Machamp|Machamp, M|364\/364
|move|p1a: Kingdra|Surf|p2a: Machamp
|-damage|p2a: Machamp|169\/364
|-damage|p1a: Kingdra|198\/303|[from] item: Life Orb
|
|-weather|RainDance|[upkeep]
|turn|9
|
|move|p1a: Kingdra|Surf|p2a: Machamp
|-damage|p2a: Machamp|0 fnt
|-damage|p1a: Kingdra|168\/303|[from] item: Life Orb
|faint|p2a: Machamp
|
|-weather|RainDance|[upkeep]
|
|switch|p2a: Sharpedo|Sharpedo, M|281\/281
|turn|10
|
|move|p2a: Sharpedo|Protect|p2a: Sharpedo
|-singleturn|p2a: Sharpedo|Protect
|move|p1a: Kingdra|Dragon Pulse|p2a: Sharpedo
|-activate|p2a: Sharpedo|Protect
|
|-weather|none
|-boost|p2a: Sharpedo|spe|1|[from] ability: Speed Boost
|turn|11
|
|switch|p1a: Forretress|Forretress, F|317\/354
|-damage|p1a: Forretress|229\/354|[from] Spikes
|detailschange|p2a: Sharpedo|Sharpedo-Mega, M
|message|Sharpedo has Mega Evolved into Mega Sharpedo!
|move|p2a: Sharpedo|Crunch|p1a: Forretress
|-damage|p1a: Forretress|75\/354
|
|-heal|p1a: Forretress|97\/354|[from] item: Leftovers
|turn|12
|
|move|p2a: Sharpedo|Crunch|p1a: Forretress
|-damage|p1a: Forretress|0 fnt
|faint|p1a: Forretress
|
|
|switch|p1a: Doc Tox|Toxicroak, M|307\/307
|-damage|p1a: Doc Tox|231\/307|[from] Spikes
|turn|13
|
|switch|p2a: Reuniclus|Reuniclus, F, shiny|409\/409
|move|p1a: Doc Tox|Drain Punch|p2a: Reuniclus
|-resisted|p2a: Reuniclus
|-damage|p2a: Reuniclus|326\/409
|-heal|p1a: Doc Tox|273\/307|[from] drain|[of] p2a: Reuniclus
|-damage|p1a: Doc Tox|243\/307|[from] item: Life Orb
|
|turn|14
|
|switch|p1a: Goodra|Goodra, F|336\/384
|-damage|p1a: Goodra|240\/384|[from] Spikes
|move|p2a: Reuniclus|Trick Room|p2a: Reuniclus
|-fieldstart|move: Trick Room|[of] p2a: Reuniclus
|
|turn|15
|
|move|p2a: Reuniclus|Psyshock|p1a: Goodra
|-damage|p1a: Goodra|67\/384
|move|p1a: Goodra|Rain Dance|p1a: Goodra
|-weather|RainDance
|
|-weather|RainDance|[upkeep]
|turn|16
|
|move|p2a: Reuniclus|Psyshock|p1a: Goodra
|-damage|p1a: Goodra|0 fnt
|faint|p1a: Goodra
|
|-weather|RainDance|[upkeep]
|
|switch|p1a: Gallade|Gallade, M|305\/305
|-damage|p1a: Gallade|229\/305|[from] Spikes
|turn|17
|
|detailschange|p1a: Gallade|Gallade-Mega, M
|message|Gallade has Mega Evolved into Mega Gallade!
|move|p2a: Reuniclus|Shadow Ball|p1a: Gallade
|-supereffective|p1a: Gallade
|-damage|p1a: Gallade|0 fnt
|faint|p1a: Gallade
|
|-weather|RainDance|[upkeep]
|
|switch|p1a: Diancie|Diancie|304\/304
|-damage|p1a: Diancie|228\/304|[from] Spikes
|turn|18
|
|move|p2a: Reuniclus|Psyshock|p1a: Diancie
|-damage|p1a: Diancie|82\/304
|move|p1a: Diancie|Reflect|p1a: Diancie
|-sidestart|p1: MarkiSparki|Reflect
|
|-weather|RainDance|[upkeep]
|-fieldend|move: Trick Room
|turn|19
|
|switch|p2a: Swampert|Swampert, M|403\/403
|move|p1a: Diancie|Diamond Storm|p2a: Swampert
|-resisted|p2a: Swampert
|-damage|p2a: Swampert|333\/403
|-boost|p1a: Diancie|def|1
|-damage|p1a: Diancie|52\/304|[from] item: Life Orb
|
|-weather|RainDance|[upkeep]
|-heal|p2a: Swampert|358\/403|[from] item: Leftovers
|turn|20
|
|move|p2a: Swampert|Stealth Rock|p1a: Diancie
|-sidestart|p1: MarkiSparki|move: Stealth Rock
|move|p1a: Diancie|Diamond Storm|p2a: Swampert
|-resisted|p2a: Swampert
|-damage|p2a: Swampert|277\/403
|-boost|p1a: Diancie|def|1
|-damage|p1a: Diancie|22\/304|[from] item: Life Orb
|
|-weather|RainDance|[upkeep]
|-heal|p2a: Swampert|302\/403|[from] item: Leftovers
|turn|21
|
|move|p1a: Diancie|Earth Power|p2a: Swampert
|-damage|p2a: Swampert|195\/403
|-damage|p1a: Diancie|0 fnt|[from] item: Life Orb
|faint|p1a: Diancie
|move|p2a: Swampert|Roar|p1: Diancie|[notarget]
|-notarget
|
|-weather|RainDance|[upkeep]
|-heal|p2a: Swampert|220\/403|[from] item: Leftovers
|
|switch|p1a: Kingdra|Kingdra, F|168\/303
|-damage|p1a: Kingdra|93\/303|[from] Spikes
|-damage|p1a: Kingdra|56\/303|[from] Stealth Rock
|turn|22
|
|move|p1a: Kingdra|Surf|p2a: Swampert
|-damage|p2a: Swampert|0 fnt
|-damage|p1a: Kingdra|26\/303|[from] item: Life Orb
|faint|p2a: Swampert
|
|-weather|none
|-sideend|p1: MarkiSparki|Reflect
|
|switch|p2a: Sharpedo|Sharpedo-Mega, M|281\/281
|turn|23
|
|move|p2a: Sharpedo|Crunch|p1a: Kingdra
|-damage|p1a: Kingdra|0 fnt
|faint|p1a: Kingdra
|
|
|switch|p1a: Doc Tox|Toxicroak, M|243\/307
|-damage|p1a: Doc Tox|224\/307|[from] Stealth Rock
|-damage|p1a: Doc Tox|148\/307|[from] Spikes
|turn|24
|
|move|p2a: Sharpedo|Ice Fang|p1a: Doc Tox
|-damage|p1a: Doc Tox|0 fnt
|faint|p1a: Doc Tox
|
|win|Hugg Wild
|raw|Ladder updating...
|raw|MarkiSparki's rating: 1446 &rarr; <strong>1427<\/strong><br \/>(-19 for losing)
|raw|Hugg Wild's rating: 1451 &rarr; <strong>1471<\/strong><br \/>(+20 for winning)
|c|★MarkiSparki|gg
|c|★Hugg Wild|gg
|leave|MarkiSparki
|player|p1