|join|Stuff Is Real
|join|puwe
|player|p1|Stuff Is Real|288
|player|p2|puwe|1
|gametype|singles
|gen|6
|tier|OU
|rated
|clearpoke
|poke|p1|Rotom-Wash
|poke|p1|Tornadus-Therian, M, shiny
|poke|p1|Scizor, F, shiny
|poke|p1|Ferrothorn, F
|poke|p1|Keldeo-Resolute, shiny
|poke|p1|Altaria, F, shiny
|poke|p2|Landorus, M
|poke|p2|Metagross
|poke|p2|Keldeo
|poke|p2|Raikou
|poke|p2|Celebi
|poke|p2|Heatran, M
|rule|Swagger Clause: Swagger is banned
|rule|Baton Pass Clause: Limit one Pokémon knowing Baton Pass
|rule|Sleep Clause Mod: Limit one foe put to sleep
|rule|Species Clause: Limit one of each Pokémon
|rule|OHKO Clause: OHKO moves are banned
|rule|Moody Clause: Moody is banned
|rule|Evasion Moves Clause: Evasion moves are banned
|rule|Endless Battle Clause: Forcing endless battles is banned
|rule|HP Percentage Mod: HP is shown in percentages
|teampreview
|
|start
|switch|p1a: Tornadus-Therian|Tornadus-Therian, M, shiny|321\/321
|switch|p2a: Raikou|Raikou|321\/321
|-ability|p2a: Raikou|Pressure
|turn|1
|
|move|p1a: Tornadus-Therian|U-turn|p2a: Raikou
|-damage|p2a: Raikou|253\/321
|
|switch|p1a: Ferrothorn|Ferrothorn, F|351\/351
|move|p2a: Raikou|Volt Switch|p1a: Ferrothorn
|-crit|p1a: Ferrothorn
|-resisted|p1a: Ferrothorn
|-damage|p1a: Ferrothorn|284\/351
|
|switch|p2a: Heatran|Heatran, M|337\/337
|-item|p2a: Heatran|Air Balloon
|
|turn|2
|
|switch|p1a: Keldeo-Resolute|Keldeo-Resolute, shiny|323\/323
|move|p2a: Heatran|Stealth Rock|p1a: Keldeo-Resolute
|-sidestart|p1: Stuff Is Real|move: Stealth Rock
|
|turn|3
|
|switch|p2a: Celebi|Celebi|404\/404
|move|p1a: Keldeo-Resolute|Calm Mind|p1a: Keldeo-Resolute
|-boost|p1a: Keldeo-Resolute|spa|1
|-boost|p1a: Keldeo-Resolute|spd|1
|
|turn|4
|
|move|p1a: Keldeo-Resolute|Hydro Pump|p2a: Celebi
|-resisted|p2a: Celebi
|-damage|p2a: Celebi|205\/404
|-damage|p1a: Keldeo-Resolute|291\/323|[from] item: Life Orb
|move|p2a: Celebi|Giga Drain|p1a: Keldeo-Resolute
|-supereffective|p1a: Keldeo-Resolute
|-damage|p1a: Keldeo-Resolute|159\/323
|-heal|p2a: Celebi|271\/404|[from] drain|[of] p1a: Keldeo-Resolute
|
|-heal|p2a: Celebi|296\/404|[from] item: Leftovers
|turn|5
|
|switch|p1a: Scizor|Scizor, F, shiny|291\/291
|-damage|p1a: Scizor|255\/291|[from] Stealth Rock
|move|p2a: Celebi|Giga Drain|p1a: Scizor
|-resisted|p1a: Scizor
|-damage|p1a: Scizor|228\/291
|-heal|p2a: Celebi|310\/404|[from] drain|[of] p1a: Scizor
|
|-heal|p2a: Celebi|335\/404|[from] item: Leftovers
|turn|6
|
|move|p2a: Celebi|Baton Pass|p2a: Celebi
|
|switch|p2a: Heatran|Heatran, M|337\/337
|-item|p2a: Heatran|Air Balloon
|move|p1a: Scizor|Defog|p2a: Heatran
|-unboost|p2a: Heatran|evasion|1
|-sideend|p1: Stuff Is Real|Stealth Rock|[from] move: Defog|[of] p1a: Scizor
|
|turn|7
|
|switch|p1a: Keldeo-Resolute|Keldeo-Resolute, shiny|159\/323
|move|p2a: Heatran|Lava Plume|p1a: Keldeo-Resolute
|-resisted|p1a: Keldeo-Resolute
|-damage|p1a: Keldeo-Resolute|84\/323
|-status|p1a: Keldeo-Resolute|brn
|
|-damage|p1a: Keldeo-Resolute|44\/323 brn|[from] brn
|turn|8
|
|switch|p2a: Celebi|Celebi|335\/404
|move|p1a: Keldeo-Resolute|Hydro Pump|p2a: Celebi
|-resisted|p2a: Celebi
|-damage|p2a: Celebi|201\/404
|-damage|p1a: Keldeo-Resolute|12\/323 brn|[from] item: Life Orb
|
|-heal|p2a: Celebi|226\/404|[from] item: Leftovers
|-damage|p1a: Keldeo-Resolute|0 fnt|[from] brn
|faint|p1a: Keldeo-Resolute
|
|switch|p1a: Tornadus-Therian|Tornadus-Therian, M, shiny|321\/321
|turn|9
|
|switch|p2a: Raikou|Raikou|253\/321
|-ability|p2a: Raikou|Pressure
|move|p1a: Tornadus-Therian|Knock Off|p2a: Raikou
|-damage|p2a: Raikou|161\/321
|-enditem|p2a: Raikou|Leftovers|[from] move: Knock Off|[of] p1a: Tornadus-Therian
|
|turn|10
|
|move|p1a: Tornadus-Therian|U-turn|p2a: Raikou
|-damage|p2a: Raikou|93\/321
|
|switch|p1a: Ferrothorn|Ferrothorn, F|284\/351
|move|p2a: Raikou|Volt Switch|p1a: Ferrothorn
|-resisted|p1a: Ferrothorn
|-damage|p1a: Ferrothorn|239\/351
|
|switch|p2a: Heatran|Heatran, M|337\/337
|-item|p2a: Heatran|Air Balloon
|
|turn|11
|
|move|p2a: Heatran|Stealth Rock|p1a: Ferrothorn
|-sidestart|p1: Stuff Is Real|move: Stealth Rock
|move|p1a: Ferrothorn|Leech Seed|p2a: Heatran
|-start|p2a: Heatran|move: Leech Seed
|
|-damage|p2a: Heatran|295\/337|[from] Leech Seed|[of] p1a: Ferrothorn
|-heal|p1a: Ferrothorn|281\/351|[silent]
|turn|12
|
|switch|p2a: Celebi|Celebi|226\/404
|move|p1a: Ferrothorn|Protect|p1a: Ferrothorn
|-fail|p1a: Ferrothorn
|
|-heal|p2a: Celebi|251\/404|[from] item: Leftovers
|turn|13
|
|move|p2a: Celebi|Substitute|p2a: Celebi
|-start|p2a: Celebi|Substitute
|-damage|p2a: Celebi|150\/404
|move|p1a: Ferrothorn|Gyro Ball|p2a: Celebi
|-end|p2a: Celebi|Substitute
|
|-heal|p2a: Celebi|175\/404|[from] item: Leftovers
|turn|14
|
|move|p2a: Celebi|Recover|p2a: Celebi
|-heal|p2a: Celebi|377\/404
|move|p1a: Ferrothorn|Gyro Ball|p2a: Celebi
|-damage|p2a: Celebi|251\/404
|
|-heal|p2a: Celebi|276\/404|[from] item: Leftovers
|turn|15
|
|move|p2a: Celebi|Substitute|p2a: Celebi
|-start|p2a: Celebi|Substitute
|-damage|p2a: Celebi|175\/404
|move|p1a: Ferrothorn|Stealth Rock|p2a: Celebi
|-sidestart|p2: puwe|move: Stealth Rock
|
|-heal|p2a: Celebi|200\/404|[from] item: Leftovers
|turn|16
|
|move|p2a: Celebi|Baton Pass|p2a: Celebi
|
|switch|p2a: Heatran|Heatran, M|295\/337
|-damage|p2a: Heatran|253\/337|[from] Stealth Rock
|-item|p2a: Heatran|Air Balloon
|move|p1a: Ferrothorn|Gyro Ball|p2a: Heatran
|-resisted|p2a: Heatran
|-activate|p2a: Heatran|Substitute|[damage]
|-enditem|p2a: Heatran|Air Balloon
|
|turn|17
|
|move|p1a: Ferrothorn|Protect|p1a: Ferrothorn
|-singleturn|p1a: Ferrothorn|Protect
|move|p2a: Heatran|Lava Plume|p1a: Ferrothorn
|-activate|p1a: Ferrothorn|Protect
|
|turn|18
|
|move|p2a: Heatran|Lava Plume|p1a: Ferrothorn
|-crit|p1a: Ferrothorn
|-supereffective|p1a: Ferrothorn
|-damage|p1a: Ferrothorn|0 fnt
|faint|p1a: Ferrothorn
|
|
|switch|p1a: Rotom-Wash|Rotom-Wash|304\/304
|-damage|p1a: Rotom-Wash|266\/304|[from] Stealth Rock
|turn|19
|
|move|p2a: Heatran|Lava Plume|p1a: Rotom-Wash
|-resisted|p1a: Rotom-Wash
|-damage|p1a: Rotom-Wash|199\/304
|move|p1a: Rotom-Wash|Hydro Pump|p2a: Heatran|[miss]
|-miss|p1a: Rotom-Wash|p2a: Heatran
|
|-heal|p1a: Rotom-Wash|218\/304|[from] item: Leftovers
|turn|20
|
|move|p2a: Heatran|Lava Plume|p1a: Rotom-Wash
|-resisted|p1a: Rotom-Wash
|-damage|p1a: Rotom-Wash|153\/304
|move|p1a: Rotom-Wash|Hydro Pump|p2a: Heatran
|-supereffective|p2a: Heatran
|-end|p2a: Heatran|Substitute
|
|-heal|p1a: Rotom-Wash|172\/304|[from] item: Leftovers
|turn|21
|
|switch|p2a: Raikou|Raikou|93\/321
|-damage|p2a: Raikou|53\/321|[from] Stealth Rock
|-ability|p2a: Raikou|Pressure
|move|p1a: Rotom-Wash|Hydro Pump|p2a: Raikou
|-damage|p2a: Raikou|0 fnt
|faint|p2a: Raikou
|
|-heal|p1a: Rotom-Wash|191\/304|[from] item: Leftovers
|
|switch|p2a: Celebi|Celebi|200\/404
|-damage|p2a: Celebi|150\/404|[from] Stealth Rock
|turn|22
|
|switch|p1a: Scizor|Scizor, F, shiny|228\/291
|-damage|p1a: Scizor|192\/291|[from] Stealth Rock
|move|p2a: Celebi|Recover|p2a: Celebi
|-heal|p2a: Celebi|352\/404
|
|-heal|p2a: Celebi|377\/404|[from] item: Leftovers
|turn|23
|
|move|p2a: Celebi|Baton Pass|p2a: Celebi
|
|switch|p2a: Keldeo|Keldeo|323\/323
|-damage|p2a: Keldeo|303\/323|[from] Stealth Rock
|move|p1a: Scizor|Defog|p2a: Keldeo
|-unboost|p2a: Keldeo|evasion|1
|-sideend|p2: puwe|Stealth Rock|[from] move: Defog|[of] p2a: Keldeo
|-sideend|p1: Stuff Is Real|Stealth Rock|[from] move: Defog|[of] p1a: Scizor
|
|turn|24
|
|move|p2a: Keldeo|Hydro Pump|p1a: Scizor
|-damage|p1a: Scizor|0 fnt
|faint|p1a: Scizor
|
|
|switch|p1a: Tornadus-Therian|Tornadus-Therian, M, shiny|321\/321
|turn|25
|
|switch|p2a: Heatran|Heatran, M|253\/337
|move|p1a: Tornadus-Therian|Hurricane|p2a: Heatran|[miss]
|-miss|p1a: Tornadus-Therian|p2a: Heatran
|
|turn|26
|
|move|p1a: Tornadus-Therian|Hurricane|p2a: Heatran
|-resisted|p2a: Heatran
|-damage|p2a: Heatran|172\/337
|move|p2a: Heatran|Lava Plume|p1a: Tornadus-Therian
|-damage|p1a: Tornadus-Therian|215\/321
|
|turn|27
|
|move|p1a: Tornadus-Therian|U-turn|p2a: Heatran
|-resisted|p2a: Heatran
|-damage|p2a: Heatran|158\/337
|
|switch|p1a: Rotom-Wash|Rotom-Wash|191\/304
|move|p2a: Heatran|Lava Plume|p1a: Rotom-Wash
|-resisted|p1a: Rotom-Wash
|-damage|p1a: Rotom-Wash|129\/304
|-status|p1a: Rotom-Wash|brn
|
|-heal|p1a: Rotom-Wash|148\/304 brn|[from] item: Leftovers
|-damage|p1a: Rotom-Wash|110\/304 brn|[from] brn
|turn|28
|
|move|p2a: Heatran|Ancient Power|p1a: Rotom-Wash
|-damage|p1a: Rotom-Wash|40\/304 brn
|-boost|p2a: Heatran|atk|1
|-boost|p2a: Heatran|def|1
|-boost|p2a: Heatran|spa|1
|-boost|p2a: Heatran|spd|1
|-boost|p2a: Heatran|spe|1
|move|p1a: Rotom-Wash|Volt Switch|p2a: Heatran
|-damage|p2a: Heatran|101\/337
|
|switch|p1a: Tornadus-Therian|Tornadus-Therian, M, shiny|321\/321
|
|turn|29
|
|move|p2a: Heatran|Lava Plume|p1a: Tornadus-Therian
|-damage|p1a: Tornadus-Therian|176\/321
|move|p1a: Tornadus-Therian|Hurricane|p2a: Heatran
|-resisted|p2a: Heatran
|-damage|p2a: Heatran|53\/337
|
|turn|30
|
|move|p2a: Heatran|Lava Plume|p1a: Tornadus-Therian
|-damage|p1a: Tornadus-Therian|17\/321
|move|p1a: Tornadus-Therian|U-turn|p2a: Heatran
|-resisted|p2a: Heatran
|-damage|p2a: Heatran|45\/337
|
|switch|p1a: Rotom-Wash|Rotom-Wash|40\/304 brn
|
|-heal|p1a: Rotom-Wash|59\/304 brn|[from] item: Leftovers
|-damage|p1a: Rotom-Wash|21\/304 brn|[from] brn
|turn|31
|
|move|p2a: Heatran|Ancient Power|p1a: Rotom-Wash
|-damage|p1a: Rotom-Wash|0 fnt
|faint|p1a: Rotom-Wash
|
|
|switch|p1a: Tornadus-Therian|Tornadus-Therian, M, shiny|124\/321
|turn|32
|
|move|p2a: Heatran|Lava Plume|p1a: Tornadus-Therian
|-damage|p1a: Tornadus-Therian|0 fnt
|faint|p1a: Tornadus-Therian
|
|c|★Stuff Is Real|gg
|
|switch|p1a: Altaria|Altaria, F, shiny|353\/353
|turn|33
|c|★puwe|gg
|
|detailschange|p1a: Altaria|Altaria-Mega, F, shiny
|-mega|p1a: Altaria|Altaria|Altarianite
|move|p2a: Heatran|Flash Cannon|p1a: Altaria
|-supereffective|p1a: Altaria
|-damage|p1a: Altaria|0 fnt
|faint|p1a: Altaria
|
|win|puwe
|raw|Ladder updating...
|raw|Stuff Is Real's rating: 1415 &rarr; <strong>1397<\/strong><br \/>(-18 for losing)
|raw|puwe's rating: 1448 &rarr; <strong>1467<\/strong><br \/>(+19 for winning)