|join|TCBB
|join|in control 4
|player|p1|TCBB|102
|player|p2|in control 4|52
|gametype|singles
|gen|6
|tier|OU
|rated
|clearpoke
|poke|p1|Talonflame, F
|poke|p1|Pinsir, M, shiny
|poke|p1|Excadrill, M
|poke|p1|Terrakion
|poke|p1|Keldeo
|poke|p1|Thundurus, M
|poke|p2|Latios, M
|poke|p2|Talonflame, M
|poke|p2|Keldeo
|poke|p2|Gliscor, F
|poke|p2|Clefable, F
|poke|p2|Mew, shiny
|rule|Swagger Clause: Swagger is banned
|rule|Baton Pass Clause: Limit one Pokémon knowing Baton Pass
|rule|Sleep Clause Mod: Limit one foe put to sleep
|rule|Species Clause: Limit one of each Pokémon
|rule|OHKO Clause: OHKO moves are banned
|rule|Moody Clause: Moody is banned
|rule|Evasion Moves Clause: Evasion moves are banned
|rule|Endless Battle Clause: Forcing endless battles is banned
|rule|HP Percentage Mod: HP is reported as percentages
|teampreview
|
|start
|switch|p1a: Thundurus|Thundurus, M|299\/299
|switch|p2a: Keldeo|Keldeo|323\/323
|turn|1
|
|switch|p2a: vigor|Mew, shiny|404\/404
|move|p1a: Thundurus|Wild Charge|p2a: vigor
|-damage|p2a: vigor|204\/404
|-damage|p1a: Thundurus|249\/299|[from] recoil|[of] p2a: vigor
|-damage|p1a: Thundurus|220\/299|[from] item: Life Orb
|
|-heal|p2a: vigor|229\/404|[from] item: Leftovers
|turn|2
|
|switch|p2a: bisharp mega|Clefable, F|393\/393
|move|p1a: Thundurus|Knock Off|p2a: bisharp mega
|-resisted|p2a: bisharp mega
|-damage|p2a: bisharp mega|329\/393
|-enditem|p2a: bisharp mega|Leftovers|[from] move: Knock Off|[of] p1a: Thundurus
|-damage|p1a: Thundurus|191\/299|[from] item: Life Orb
|
|turn|3
|
|switch|p1a: Excadrill|Excadrill, M|361\/361
|-ability|p1a: Excadrill|Mold Breaker
|switch|p2a: Gliscor|Gliscor, F|354\/354
|
|-status|p2a: Gliscor|tox|[from] item: Toxic Orb
|turn|4
|
|switch|p1a: Keldeo|Keldeo|322\/322
|move|p2a: Gliscor|Stealth Rock|p1a: Keldeo
|-sidestart|p1: TCBB|move: Stealth Rock
|
|turn|5
|
|switch|p2a: Latios|Latios, M|301\/301
|move|p1a: Keldeo|Hydro Pump|p2a: Latios
|-crit|p2a: Latios
|-resisted|p2a: Latios
|-damage|p2a: Latios|89\/301
|
|turn|6
|
|switch|p1a: Excadrill|Excadrill, M|361\/361
|-damage|p1a: Excadrill|350\/361|[from] Stealth Rock
|-ability|p1a: Excadrill|Mold Breaker
|move|p2a: Latios|Recover|p2a: Latios
|-heal|p2a: Latios|240\/301
|
|turn|7
|
|switch|p2a: Gliscor|Gliscor, F|354\/354 tox
|move|p1a: Excadrill|Rapid Spin|p2a: Gliscor
|-damage|p2a: Gliscor|337\/354 tox
|-sideend|p1: TCBB|Stealth Rock|[from] move: Rapid Spin|[of] p1a: Excadrill
|
|-heal|p2a: Gliscor|354\/354 tox|[from] ability: Poison Heal
|turn|8
|
|switch|p1a: Keldeo|Keldeo|322\/322
|move|p2a: Gliscor|Stealth Rock|p1a: Keldeo
|-sidestart|p1: TCBB|move: Stealth Rock
|
|turn|9
|
|switch|p2a: Latios|Latios, M|240\/301
|move|p1a: Keldeo|Scald|p2a: Latios
|-crit|p2a: Latios
|-resisted|p2a: Latios
|-damage|p2a: Latios|105\/301
|
|turn|10
|
|switch|p1a: Excadrill|Excadrill, M|350\/361
|-damage|p1a: Excadrill|339\/361|[from] Stealth Rock
|-ability|p1a: Excadrill|Mold Breaker
|move|p2a: Latios|Recover|p2a: Latios
|-heal|p2a: Latios|256\/301
|
|turn|11
|
|switch|p1a: Terrakion|Terrakion|323\/323
|-damage|p1a: Terrakion|303\/323|[from] Stealth Rock
|switch|p2a: Gliscor|Gliscor, F|354\/354 tox
|
|turn|12
|
|move|p1a: Terrakion|Taunt|p2a: Gliscor
|-start|p2a: Gliscor|move: Taunt
|move|p2a: Gliscor|Earthquake|p1a: Terrakion
|-supereffective|p1a: Terrakion
|-damage|p1a: Terrakion|67\/323
|
|turn|13
|
|move|p1a: Terrakion|Stealth Rock|p2a: Gliscor
|-sidestart|p2: in control 4|move: Stealth Rock
|move|p2a: Gliscor|Earthquake|p1a: Terrakion
|-supereffective|p1a: Terrakion
|-damage|p1a: Terrakion|0 fnt
|faint|p1a: Terrakion
|
|
|switch|p1a: Excadrill|Excadrill, M|339\/361
|-damage|p1a: Excadrill|328\/361|[from] Stealth Rock
|-ability|p1a: Excadrill|Mold Breaker
|turn|14
|
|move|p1a: Excadrill|Rapid Spin|p2a: Gliscor
|-damage|p2a: Gliscor|337\/354 tox
|-sideend|p1: TCBB|Stealth Rock|[from] move: Rapid Spin|[of] p1a: Excadrill
|move|p2a: Gliscor|Earthquake|p1a: Excadrill
|-supereffective|p1a: Excadrill
|-damage|p1a: Excadrill|0 fnt
|faint|p1a: Excadrill
|
|-heal|p2a: Gliscor|354\/354 tox|[from] ability: Poison Heal
|-end|p2a: Gliscor|move: Taunt
|
|switch|p1a: Pinsir|Pinsir, M, shiny|271\/271
|turn|15
|
|detailschange|p1a: Pinsir|Pinsir-Mega, M, shiny
|message|Pinsir has Mega Evolved into Mega Pinsir!
|move|p1a: Pinsir|Swords Dance|p1a: Pinsir
|-boost|p1a: Pinsir|atk|2
|move|p2a: Gliscor|Rock Tomb|p1a: Pinsir
|-supereffective|p1a: Pinsir
|-damage|p1a: Pinsir|119\/271
|-unboost|p1a: Pinsir|spe|1
|
|turn|16
|
|move|p1a: Pinsir|Frustration|p2a: Gliscor
|-damage|p2a: Gliscor|0 fnt
|faint|p2a: Gliscor
|
|
|switch|p2a: bisharp mega|Clefable, F|329\/393
|-damage|p2a: bisharp mega|280\/393|[from] Stealth Rock
|turn|17
|
|move|p1a: Pinsir|Frustration|p2a: bisharp mega
|-damage|p2a: bisharp mega|60\/393
|move|p2a: bisharp mega|Moonblast|p1a: Pinsir
|-damage|p1a: Pinsir|4\/271
|
|turn|18
|
|move|p1a: Pinsir|Frustration|p2a: bisharp mega
|-damage|p2a: bisharp mega|0 fnt
|faint|p2a: bisharp mega
|
|
|switch|p2a: Talonflame|Talonflame, M|297\/297
|-damage|p2a: Talonflame|149\/297|[from] Stealth Rock
|turn|19
|
|move|p2a: Talonflame|Brave Bird|p1a: Pinsir
|-supereffective|p1a: Pinsir
|-damage|p1a: Pinsir|0 fnt
|-damage|p2a: Talonflame|148\/297|[from] recoil|[of] p1a: Pinsir
|faint|p1a: Pinsir
|
|
|switch|p1a: Thundurus|Thundurus, M|191\/299
|turn|20
|
|move|p2a: Talonflame|Brave Bird|p1a: Thundurus
|-resisted|p1a: Thundurus
|-damage|p1a: Thundurus|32\/299
|-damage|p2a: Talonflame|96\/297|[from] recoil|[of] p1a: Thundurus
|move|p1a: Thundurus|Knock Off|p2a: Talonflame
|-damage|p2a: Talonflame|0 fnt
|-enditem|p2a: Talonflame|Choice Band|[from] move: Knock Off|[of] p1a: Thundurus
|-damage|p1a: Thundurus|3\/299|[from] item: Life Orb
|faint|p2a: Talonflame
|
|
|switch|p2a: Keldeo|Keldeo|323\/323
|-damage|p2a: Keldeo|303\/323|[from] Stealth Rock
|turn|21
|
|move|p1a: Thundurus|Wild Charge|p2a: Keldeo
|-supereffective|p2a: Keldeo
|-damage|p2a: Keldeo|0 fnt
|-damage|p1a: Thundurus|0 fnt|[from] recoil|[of] p2a: Keldeo
|faint|p2a: Keldeo
|faint|p1a: Thundurus
|
|
|switch|p1a: Talonflame|Talonflame, F|297\/297
|switch|p2a: vigor|Mew, shiny|229\/404
|-damage|p2a: vigor|179\/404|[from] Stealth Rock
|turn|22
|
|move|p1a: Talonflame|Brave Bird|p2a: vigor
|-damage|p2a: vigor|0 fnt
|-damage|p1a: Talonflame|238\/297|[from] recoil|[of] p2a: vigor
|faint|p2a: vigor
|
|
|switch|p2a: Latios|Latios, M|256\/301
|-damage|p2a: Latios|219\/301|[from] Stealth Rock
|turn|23
|
|move|p1a: Talonflame|Brave Bird|p2a: Latios
|-damage|p2a: Latios|0 fnt
|-damage|p1a: Talonflame|166\/297|[from] recoil|[of] p2a: Latios
|faint|p2a: Latios
|
|win|TCBB
|raw|Ladder updating...
|raw|TCBB's rating: 1635 &rarr; <strong>1656<\/strong><br \/>(+21 for winning)
|raw|in control 4's rating: 1654 &rarr; <strong>1633<\/strong><br \/>(-21 for losing)
|leave|in control 4
|player|p2