|join|TCBB
|join|Chrismian
|player|p1|TCBB|170
|player|p2|Chrismian|191
|gametype|singles
|gen|6
|tier|OU
|rated
|clearpoke
|poke|p1|Charizard, M
|poke|p1|Mamoswine, M
|poke|p1|Kyurem-Black
|poke|p1|Excadrill, M
|poke|p1|Azumarill, F
|poke|p1|Rotom-Wash
|poke|p2|Gliscor, M
|poke|p2|Talonflame, M, shiny
|poke|p2|Rotom-Wash, shiny
|poke|p2|Staraptor, M
|poke|p2|Ferrothorn, M
|poke|p2|Conkeldurr, M
|rule|Swagger Clause: Swagger is banned
|rule|Baton Pass Clause: Limit one Pokémon knowing Baton Pass
|rule|Sleep Clause Mod: Limit one foe put to sleep
|rule|Species Clause: Limit one of each Pokémon
|rule|OHKO Clause: OHKO moves are banned
|rule|Moody Clause: Moody is banned
|rule|Evasion Moves Clause: Evasion moves are banned
|rule|Endless Battle Clause: Forcing endless battles is banned
|rule|HP Percentage Mod: HP is shown in percentages
|teampreview
|
|start
|switch|p1a: Mamoswine|Mamoswine, M|361\/361
|switch|p2a: Rotom-Wash|Rotom-Wash, shiny|304\/304
|turn|1
|
|move|p1a: Mamoswine|Stealth Rock|p2a: Rotom-Wash
|-sidestart|p2: Chrismian|move: Stealth Rock
|move|p2a: Rotom-Wash|Hydro Pump|p1a: Mamoswine|[miss]
|-miss|p2a: Rotom-Wash|p1a: Mamoswine
|
|turn|2
|
|move|p1a: Mamoswine|Ice Shard|p2a: Rotom-Wash
|-resisted|p2a: Rotom-Wash
|-damage|p2a: Rotom-Wash|274\/304
|move|p2a: Rotom-Wash|Hydro Pump|p1a: Mamoswine|[miss]
|-miss|p2a: Rotom-Wash|p1a: Mamoswine
|
|-heal|p2a: Rotom-Wash|293\/304|[from] item: Leftovers
|turn|3
|
|move|p1a: Mamoswine|Ice Shard|p2a: Rotom-Wash
|-resisted|p2a: Rotom-Wash
|-damage|p2a: Rotom-Wash|266\/304
|move|p2a: Rotom-Wash|Will-O-Wisp|p1a: Mamoswine
|-status|p1a: Mamoswine|brn
|
|-heal|p2a: Rotom-Wash|285\/304|[from] item: Leftovers
|-damage|p1a: Mamoswine|316\/361 brn|[from] brn
|turn|4
|
|switch|p1a: Azumarill|Azumarill, F|363\/363
|move|p2a: Rotom-Wash|Hydro Pump|p1a: Azumarill
|-resisted|p1a: Azumarill
|-damage|p1a: Azumarill|288\/363
|
|-heal|p2a: Rotom-Wash|304\/304|[from] item: Leftovers
|turn|5
|
|switch|p1a: Mamoswine|Mamoswine, M|316\/361 brn
|move|p2a: Rotom-Wash|Will-O-Wisp|p1a: Mamoswine
|-fail|p1a: Mamoswine|brn
|
|-damage|p1a: Mamoswine|271\/361 brn|[from] brn
|turn|6
|
|move|p1a: Mamoswine|Endeavor|p2a: Rotom-Wash
|-damage|p2a: Rotom-Wash|271\/304
|move|p2a: Rotom-Wash|Hydro Pump|p1a: Mamoswine
|-supereffective|p1a: Mamoswine
|-damage|p1a: Mamoswine|0 fnt
|faint|p1a: Mamoswine
|
|-heal|p2a: Rotom-Wash|290\/304|[from] item: Leftovers
|
|switch|p1a: Excadrill|Excadrill, M|361\/361
|-ability|p1a: Excadrill|Mold Breaker
|turn|7
|
|switch|p1a: Kyurem-Black|Kyurem-Black|391\/391
|-ability|p1a: Kyurem-Black|Teravolt
|switch|p2a: Gliscor|Gliscor, M|354\/354
|-damage|p2a: Gliscor|310\/354|[from] Stealth Rock
|
|-heal|p2a: Gliscor|332\/354|[from] item: Leftovers
|turn|8
|
|switch|p2a: Conkeldurr|Conkeldurr, M|383\/383
|-damage|p2a: Conkeldurr|360\/383|[from] Stealth Rock
|move|p1a: Kyurem-Black|Ice Beam|p2a: Conkeldurr
|-damage|p2a: Conkeldurr|203\/383
|-damage|p1a: Kyurem-Black|352\/391|[from] item: Life Orb
|
|turn|9
|
|switch|p1a: Azumarill|Azumarill, F|288\/363
|move|p2a: Conkeldurr|Drain Punch|p1a: Azumarill
|-resisted|p1a: Azumarill
|-damage|p1a: Azumarill|191\/363
|-heal|p2a: Conkeldurr|252\/383|[from] drain|[of] p1a: Azumarill
|
|turn|10
|
|switch|p1a: Charizard|Charizard, M|297\/297
|switch|p2a: Ferrothorn|Ferrothorn, M|352\/352
|-damage|p2a: Ferrothorn|330\/352|[from] Stealth Rock
|
|-heal|p2a: Ferrothorn|352\/352|[from] item: Leftovers
|turn|11
|
|detailschange|p1a: Charizard|Charizard-Mega-X, M
|message|Charizard has Mega Evolved into Mega Charizard!
|move|p2a: Ferrothorn|Protect|p2a: Ferrothorn
|-singleturn|p2a: Ferrothorn|Protect
|move|p1a: Charizard|Flare Blitz|p2a: Ferrothorn
|-activate|p2a: Ferrothorn|Protect
|
|turn|12
|
|switch|p2a: Gliscor|Gliscor, M|332\/354
|-damage|p2a: Gliscor|288\/354|[from] Stealth Rock
|move|p1a: Charizard|Flare Blitz|p2a: Gliscor
|-damage|p2a: Gliscor|96\/354
|-damage|p1a: Charizard|234\/297|[from] recoil|[of] p2a: Gliscor
|
|-heal|p2a: Gliscor|118\/354|[from] item: Leftovers
|turn|13
|
|switch|p2a: Rotom-Wash|Rotom-Wash, shiny|290\/304
|-damage|p2a: Rotom-Wash|252\/304|[from] Stealth Rock
|move|p1a: Charizard|Flare Blitz|p2a: Rotom-Wash
|-resisted|p2a: Rotom-Wash
|-damage|p2a: Rotom-Wash|150\/304
|-damage|p1a: Charizard|200\/297|[from] recoil|[of] p2a: Rotom-Wash
|
|-heal|p2a: Rotom-Wash|169\/304|[from] item: Leftovers
|turn|14
|
|move|p1a: Charizard|Roost|p1a: Charizard
|-heal|p1a: Charizard|297\/297
|move|p2a: Rotom-Wash|Pain Split|p1a: Charizard
|-sethp|p1a: Charizard|233\/297|p2a: Rotom-Wash|233\/304|[from] move: Pain Split
|
|-heal|p2a: Rotom-Wash|252\/304|[from] item: Leftovers
|turn|15
|
|move|p1a: Charizard|Roost|p1a: Charizard
|-heal|p1a: Charizard|297\/297
|move|p2a: Rotom-Wash|Will-O-Wisp|p1a: Charizard
|-fail|p1a: Charizard
|
|-heal|p2a: Rotom-Wash|271\/304|[from] item: Leftovers
|turn|16
|
|move|p1a: Charizard|Dragon Dance|p1a: Charizard
|-boost|p1a: Charizard|atk|1
|-boost|p1a: Charizard|spe|1
|move|p2a: Rotom-Wash|Hydro Pump|p1a: Charizard
|-damage|p1a: Charizard|135\/297
|
|-heal|p2a: Rotom-Wash|290\/304|[from] item: Leftovers
|turn|17
|
|move|p1a: Charizard|Roost|p1a: Charizard
|-heal|p1a: Charizard|284\/297
|move|p2a: Rotom-Wash|Hydro Pump|p1a: Charizard
|-damage|p1a: Charizard|139\/297
|
|-heal|p2a: Rotom-Wash|304\/304|[from] item: Leftovers
|turn|18
|
|move|p1a: Charizard|Roost|p1a: Charizard
|-heal|p1a: Charizard|288\/297
|move|p2a: Rotom-Wash|Hydro Pump|p1a: Charizard
|-damage|p1a: Charizard|120\/297
|
|turn|19
|
|move|p1a: Charizard|Roost|p1a: Charizard
|-heal|p1a: Charizard|269\/297
|move|p2a: Rotom-Wash|Hydro Pump|p1a: Charizard|[miss]
|-miss|p2a: Rotom-Wash|p1a: Charizard
|
|turn|20
|
|move|p1a: Charizard|Dragon Dance|p1a: Charizard
|-boost|p1a: Charizard|atk|1
|-boost|p1a: Charizard|spe|1
|move|p2a: Rotom-Wash|Volt Switch|p1a: Charizard
|-resisted|p1a: Charizard
|-damage|p1a: Charizard|218\/297
|
|switch|p2a: Staraptor|Staraptor, M|312\/312
|-damage|p2a: Staraptor|234\/312|[from] Stealth Rock
|
|turn|21
|
|move|p1a: Charizard|Dragon Claw|p2a: Staraptor
|-damage|p2a: Staraptor|0 fnt
|faint|p2a: Staraptor
|
|
|switch|p2a: Talonflame|Talonflame, M, shiny|298\/298
|-damage|p2a: Talonflame|149\/298|[from] Stealth Rock
|turn|22
|
|move|p2a: Talonflame|Brave Bird|p1a: Charizard
|-damage|p1a: Charizard|0 fnt
|-damage|p2a: Talonflame|77\/298|[from] recoil|[of] p1a: Charizard
|faint|p1a: Charizard
|
|
|switch|p1a: Rotom-Wash|Rotom-Wash|304\/304
|turn|23
|
|switch|p2a: Gliscor|Gliscor, M|118\/354
|-damage|p2a: Gliscor|74\/354|[from] Stealth Rock
|move|p1a: Rotom-Wash|Volt Switch|p2a: Gliscor
|-immune|p2a: Gliscor|[msg]
|
|-heal|p2a: Gliscor|96\/354|[from] item: Leftovers
|turn|24
|
|move|p2a: Gliscor|Defog|p1a: Rotom-Wash
|-unboost|p1a: Rotom-Wash|evasion|1
|-sideend|p2: Chrismian|Stealth Rock|[from] move: Defog|[of] p2a: Gliscor
|move|p1a: Rotom-Wash|Hydro Pump|p2a: Gliscor
|-supereffective|p2a: Gliscor
|-damage|p2a: Gliscor|0 fnt
|faint|p2a: Gliscor
|
|
|switch|p2a: Conkeldurr|Conkeldurr, M|252\/383
|turn|25
|
|move|p1a: Rotom-Wash|Volt Switch|p2a: Conkeldurr
|-damage|p2a: Conkeldurr|174\/383
|
|switch|p1a: Azumarill|Azumarill, F|191\/363
|move|p2a: Conkeldurr|Knock Off|p1a: Azumarill
|-resisted|p1a: Azumarill
|-damage|p1a: Azumarill|112\/363
|-enditem|p1a: Azumarill|Choice Band|[from] move: Knock Off|[of] p2a: Conkeldurr
|
|turn|26
|
|switch|p2a: Ferrothorn|Ferrothorn, M|352\/352
|move|p1a: Azumarill|Superpower|p2a: Ferrothorn
|-supereffective|p2a: Ferrothorn
|-damage|p2a: Ferrothorn|74\/352
|-damage|p1a: Azumarill|67\/363|[from] ability: Iron Barbs|[of] p2a: Ferrothorn
|-unboost|p1a: Azumarill|atk|1
|-unboost|p1a: Azumarill|def|1
|
|-heal|p2a: Ferrothorn|96\/352|[from] item: Leftovers
|turn|27
|
|move|p1a: Azumarill|Superpower|p2a: Ferrothorn
|-supereffective|p2a: Ferrothorn
|-damage|p2a: Ferrothorn|0 fnt
|-damage|p1a: Azumarill|22\/363|[from] ability: Iron Barbs|[of] p2a: Ferrothorn
|-unboost|p1a: Azumarill|atk|1
|-unboost|p1a: Azumarill|def|1
|faint|p2a: Ferrothorn
|
|
|switch|p2a: Conkeldurr|Conkeldurr, M|174\/383
|turn|28
|
|move|p1a: Azumarill|Aqua Jet|p2a: Conkeldurr
|-damage|p2a: Conkeldurr|128\/383
|move|p2a: Conkeldurr|Drain Punch|p1a: Azumarill
|-resisted|p1a: Azumarill
|-damage|p1a: Azumarill|0 fnt
|-heal|p2a: Conkeldurr|139\/383|[from] drain|[of] p1a: Azumarill
|faint|p1a: Azumarill
|
|
|switch|p1a: Kyurem-Black|Kyurem-Black|352\/391
|-ability|p1a: Kyurem-Black|Teravolt
|turn|29
|
|move|p1a: Kyurem-Black|Dragon Claw|p2a: Conkeldurr
|-damage|p2a: Conkeldurr|0 fnt
|-damage|p1a: Kyurem-Black|313\/391|[from] item: Life Orb
|faint|p2a: Conkeldurr
|
|
|switch|p2a: Rotom-Wash|Rotom-Wash, shiny|304\/304
|turn|30
|
|move|p1a: Kyurem-Black|Outrage|p2a: Rotom-Wash
|-damage|p2a: Rotom-Wash|53\/304
|-damage|p1a: Kyurem-Black|274\/391|[from] item: Life Orb
|move|p2a: Rotom-Wash|Will-O-Wisp|p1a: Kyurem-Black
|-status|p1a: Kyurem-Black|brn
|
|-heal|p2a: Rotom-Wash|72\/304|[from] item: Leftovers
|-damage|p1a: Kyurem-Black|226\/391 brn|[from] brn
|turn|31
|
|move|p1a: Kyurem-Black|Outrage|p2a: Rotom-Wash
|-damage|p2a: Rotom-Wash|0 fnt
|-damage|p1a: Kyurem-Black|187\/391 brn|[from] item: Life Orb
|faint|p2a: Rotom-Wash
|
|-damage|p1a: Kyurem-Black|139\/391 brn|[from] brn
|
|switch|p2a: Talonflame|Talonflame, M, shiny|77\/298
|turn|32
|
|move|p2a: Talonflame|Flare Blitz|p1a: Kyurem-Black
|-damage|p1a: Kyurem-Black|0 fnt
|-damage|p2a: Talonflame|31\/298|[from] recoil|[of] p1a: Kyurem-Black
|faint|p1a: Kyurem-Black
|
|
|switch|p1a: Excadrill|Excadrill, M|361\/361
|-ability|p1a: Excadrill|Mold Breaker
|turn|33
|
|move|p1a: Excadrill|Rock Slide|p2a: Talonflame
|-supereffective|p2a: Talonflame
|-damage|p2a: Talonflame|0 fnt
|faint|p2a: Talonflame
|
|win|TCBB
|raw|Ladder updating...
|raw|TCBB's rating: 1640 &rarr; <strong>1658<\/strong><br \/>(+18 for winning)
|raw|Chrismian's rating: 1594 &rarr; <strong>1576<\/strong><br \/>(-18 for losing)
|leave|Chrismian
|player|p2