|join|ZZtrollZZ
|join|TCBB
|player|p1|ZZtrollZZ|101
|player|p2|TCBB|1
|gametype|singles
|gen|6
|tier|OU
|rated
|clearpoke
|poke|p1|Galvantula, F
|poke|p1|Medicham, F
|poke|p1|Kyurem-Black
|poke|p1|Gothitelle, F
|poke|p1|Bisharp, F
|poke|p1|Landorus-Therian, M
|poke|p2|Charizard, M
|poke|p2|Mamoswine, M
|poke|p2|Kyurem-Black
|poke|p2|Excadrill, M
|poke|p2|Azumarill, F
|poke|p2|Rotom-Wash
|rule|Swagger Clause: Swagger is banned
|rule|Baton Pass Clause: Limit one Pokémon knowing Baton Pass
|rule|Sleep Clause Mod: Limit one foe put to sleep
|rule|Species Clause: Limit one of each Pokémon
|rule|OHKO Clause: OHKO moves are banned
|rule|Moody Clause: Moody is banned
|rule|Evasion Moves Clause: Evasion moves are banned
|rule|Endless Battle Clause: Forcing endless battles is banned
|rule|HP Percentage Mod: HP is shown in percentages
|teampreview
|
|start
|switch|p1a: kek|Galvantula, F|281\/281
|switch|p2a: Kyurem-Black|Kyurem-Black|391\/391
|-ability|p2a: Kyurem-Black|Teravolt
|turn|1
|
|move|p1a: kek|Sticky Web|p2a: Kyurem-Black
|-sidestart|p2: TCBB|move: Sticky Web
|move|p2a: Kyurem-Black|Ice Beam|p1a: kek
|-damage|p1a: kek|18\/281
|-status|p1a: kek|frz
|-damage|p2a: Kyurem-Black|352\/391|[from] item: Life Orb
|
|turn|2
|
|cant|p1a: kek|frz
|move|p2a: Kyurem-Black|Ice Beam|p1a: kek
|-damage|p1a: kek|0 fnt
|-damage|p2a: Kyurem-Black|313\/391|[from] item: Life Orb
|faint|p1a: kek
|
|
|switch|p1a: NUKE EM GANDHI|Medicham, F|261\/261
|turn|3
|
|detailschange|p1a: NUKE EM GANDHI|Medicham-Mega, F
|message|Medicham has Mega Evolved into Mega Medicham!
|move|p1a: NUKE EM GANDHI|Fake Out|p2a: Kyurem-Black
|-damage|p2a: Kyurem-Black|227\/391
|cant|p2a: Kyurem-Black|flinch
|
|turn|4
|
|move|p1a: NUKE EM GANDHI|High Jump Kick|p2a: Kyurem-Black
|-supereffective|p2a: Kyurem-Black
|-damage|p2a: Kyurem-Black|0 fnt
|faint|p2a: Kyurem-Black
|
|
|switch|p2a: Mamoswine|Mamoswine, M|361\/361
|-activate|p2a: Mamoswine|move: Sticky Web
|-unboost|p2a: Mamoswine|spe|1
|turn|5
|
|switch|p1a: RAPIST|Gothitelle, F|343\/343
|move|p2a: Mamoswine|Stealth Rock|p1a: RAPIST
|-sidestart|p1: ZZtrollZZ|move: Stealth Rock
|
|turn|6
|
|move|p2a: Mamoswine|Earthquake|p1a: RAPIST
|-damage|p1a: RAPIST|205\/343
|move|p1a: RAPIST|Psychic|p2a: Mamoswine
|-damage|p2a: Mamoswine|216\/361
|
|-heal|p1a: RAPIST|226\/343|[from] item: Leftovers
|turn|7
|
|move|p2a: Mamoswine|Earthquake|p1a: RAPIST
|-damage|p1a: RAPIST|72\/343
|move|p1a: RAPIST|Psychic|p2a: Mamoswine
|-crit|p2a: Mamoswine
|-damage|p2a: Mamoswine|0 fnt
|faint|p2a: Mamoswine
|
|-heal|p1a: RAPIST|93\/343|[from] item: Leftovers
|
|switch|p2a: Charizard|Charizard, M|297\/297
|turn|8
|
|detailschange|p2a: Charizard|Charizard-Mega-X, M
|message|Charizard has Mega Evolved into Mega Charizard!
|move|p2a: Charizard|Dragon Claw|p1a: RAPIST
|-damage|p1a: RAPIST|0 fnt
|faint|p1a: RAPIST
|
|
|switch|p1a: LANDOGE|Landorus-Therian, M|382\/382
|-damage|p1a: LANDOGE|335\/382|[from] Stealth Rock
|-ability|p1a: LANDOGE|Intimidate|[of] p2a: Charizard
|-unboost|p2a: Charizard|atk|1
|turn|9
|
|switch|p2a: Rotom-Wash|Rotom-Wash|262\/262
|move|p1a: LANDOGE|Stealth Rock|p2a: Rotom-Wash
|-sidestart|p2: TCBB|move: Stealth Rock
|
|-heal|p1a: LANDOGE|358\/382|[from] item: Leftovers
|turn|10
|
|move|p2a: Rotom-Wash|Will-O-Wisp|p1a: LANDOGE|[miss]
|-miss|p2a: Rotom-Wash|p1a: LANDOGE
|move|p1a: LANDOGE|U-turn|p2a: Rotom-Wash
|-damage|p2a: Rotom-Wash|199\/262
|
|switch|p1a: NUKE EM GANDHI|Medicham-Mega, F|261\/261
|-damage|p1a: NUKE EM GANDHI|245\/261|[from] Stealth Rock
|
|-heal|p2a: Rotom-Wash|215\/262|[from] item: Leftovers
|turn|11
|
|switch|p2a: Charizard|Charizard-Mega-X, M|297\/297
|-activate|p2a: Charizard|move: Sticky Web
|-unboost|p2a: Charizard|spe|1
|-damage|p2a: Charizard|223\/297|[from] Stealth Rock
|move|p1a: NUKE EM GANDHI|High Jump Kick|p2a: Charizard
|-damage|p2a: Charizard|0 fnt
|faint|p2a: Charizard
|
|
|switch|p2a: Azumarill|Azumarill, F|363\/363
|-damage|p2a: Azumarill|318\/363|[from] Stealth Rock
|-activate|p2a: Azumarill|move: Sticky Web
|-unboost|p2a: Azumarill|spe|1
|turn|12
|
|switch|p1a: LANDOGE|Landorus-Therian, M|358\/382
|-damage|p1a: LANDOGE|311\/382|[from] Stealth Rock
|-ability|p1a: LANDOGE|Intimidate|[of] p2a: Azumarill
|-unboost|p2a: Azumarill|atk|1
|move|p2a: Azumarill|Play Rough|p1a: LANDOGE
|-damage|p1a: LANDOGE|148\/382
|
|-heal|p1a: LANDOGE|171\/382|[from] item: Leftovers
|turn|13
|
|move|p1a: LANDOGE|U-turn|p2a: Azumarill
|-resisted|p2a: Azumarill
|-damage|p2a: Azumarill|270\/363
|
|switch|p1a: META KNIGHT|Bisharp, F|272\/272
|-damage|p1a: META KNIGHT|255\/272|[from] Stealth Rock
|move|p2a: Azumarill|Play Rough|p1a: META KNIGHT
|-damage|p1a: META KNIGHT|59\/272
|
|turn|14
|
|move|p1a: META KNIGHT|Iron Head|p2a: Azumarill
|-damage|p2a: Azumarill|17\/363
|-damage|p1a: META KNIGHT|32\/272|[from] item: Life Orb
|move|p2a: Azumarill|Play Rough|p1a: META KNIGHT
|-damage|p1a: META KNIGHT|0 fnt
|faint|p1a: META KNIGHT
|
|
|switch|p1a: NUKE EM GANDHI|Medicham-Mega, F|245\/261
|-damage|p1a: NUKE EM GANDHI|229\/261|[from] Stealth Rock
|turn|15
|
|move|p1a: NUKE EM GANDHI|Fake Out|p2a: Azumarill
|-damage|p2a: Azumarill|0 fnt
|faint|p2a: Azumarill
|
|
|switch|p2a: Excadrill|Excadrill, M|361\/361
|-activate|p2a: Excadrill|move: Sticky Web
|-unboost|p2a: Excadrill|spe|1
|-damage|p2a: Excadrill|350\/361|[from] Stealth Rock
|-ability|p2a: Excadrill|Mold Breaker
|turn|16
|
|move|p1a: NUKE EM GANDHI|High Jump Kick|p2a: Excadrill
|-supereffective|p2a: Excadrill
|-damage|p2a: Excadrill|0 fnt
|faint|p2a: Excadrill
|
|-message|TCBB forfeited.
|
|win|ZZtrollZZ
|raw|Ladder updating...
|raw|ZZtrollZZ's rating: 1648 &rarr; <strong>1670<\/strong><br \/>(+22 for winning)
|raw|TCBB's rating: 1675 &rarr; <strong>1654<\/strong><br \/>(-21 for losing)
|leave|TCBB
|player|p2
|leave|ZZtrollZZ
|player|p1
|join|TCBB