|join|This Many Fucks
|join|jamaely2
|player|p1|This Many Fucks|172
|player|p2|jamaely2|101
|gametype|singles
|gen|6
|tier|UU
|rated
|rule|Sleep Clause Mod: Limit one foe put to sleep
|rule|Species Clause: Limit one of each Pokémon
|rule|OHKO Clause: OHKO moves are banned
|rule|Moody Clause: Moody is banned
|rule|Evasion Moves Clause: Evasion moves are banned
|rule|Endless Battle Clause: Forcing endless battles is banned
|rule|HP Percentage Mod: HP is shown in percentages
|clearpoke
|poke|p1|Hydreigon, M
|poke|p1|Chesnaught, F
|poke|p1|Chandelure, M, shiny
|poke|p1|Swampert, F
|poke|p1|Aromatisse, F
|poke|p1|Crobat, F
|poke|p2|Florges, F
|poke|p2|Chesnaught, M
|poke|p2|Blastoise, M
|poke|p2|Metagross
|poke|p2|Chandelure, M
|poke|p2|Darmanitan, M
|rule|Swagger Clause: Swagger is banned
|rule|Baton Pass Clause: Limit one Pokémon knowing Baton Pass
|teampreview
|
|start
|switch|p1a: Swampert|Swampert, F|403\/403
|switch|p2a: Blastoise|Blastoise, M|362\/362
|turn|1
|
|switch|p1a: Chesnaughtyinbed|Chesnaught, F|350\/350
|detailschange|p2a: Blastoise|Blastoise-Mega, M
|message|Blastoise has Mega Evolved into Mega Blastoise!
|move|p2a: Blastoise|Water Pulse|p1a: Chesnaughtyinbed
|-resisted|p1a: Chesnaughtyinbed
|-damage|p1a: Chesnaughtyinbed|236\/350
|
|turn|2
|
|move|p1a: Chesnaughtyinbed|Earthquake|p2a: Blastoise
|-damage|p2a: Blastoise|221\/362
|move|p2a: Blastoise|Aura Sphere|p1a: Chesnaughtyinbed
|-immune|p1a: Chesnaughtyinbed|[msg]|[from] Bulletproof
|
|turn|3
|
|switch|p1a: Lumire|Chandelure, M, shiny|305\/305
|switch|p2a: Florges|Florges, F|360\/360
|
|turn|4
|
|move|p1a: Lumire|Substitute|p1a: Lumire
|-start|p1a: Lumire|Substitute
|-damage|p1a: Lumire|229\/305
|move|p2a: Florges|Moonblast|p1a: Lumire
|-resisted|p1a: Lumire
|-activate|p1a: Lumire|Substitute|[damage]
|
|-heal|p1a: Lumire|248\/305|[from] item: Leftovers
|turn|5
|
|switch|p2a: Darmanitan|Darmanitan, M|351\/351
|move|p1a: Lumire|Calm Mind|p1a: Lumire
|-boost|p1a: Lumire|spa|1
|-boost|p1a: Lumire|spd|1
|
|-heal|p1a: Lumire|267\/305|[from] item: Leftovers
|turn|6
|
|move|p2a: Darmanitan|U-turn|p1a: Lumire
|-resisted|p1a: Lumire
|-end|p1a: Lumire|Substitute
|
|switch|p2a: Blastoise|Blastoise-Mega, M|221\/362
|move|p1a: Lumire|Shadow Ball|p2a: Blastoise
|-damage|p2a: Blastoise|28\/362
|
|-heal|p1a: Lumire|286\/305|[from] item: Leftovers
|turn|7
|
|move|p1a: Lumire|Shadow Ball|p2a: Blastoise
|-damage|p2a: Blastoise|0 fnt
|faint|p2a: Blastoise
|
|-heal|p1a: Lumire|305\/305|[from] item: Leftovers
|
|switch|p2a: Darmanitan|Darmanitan, M|351\/351
|turn|8
|
|switch|p1a: Swampert|Swampert, F|403\/403
|move|p2a: Darmanitan|Rock Slide|p1a: Swampert
|-resisted|p1a: Swampert
|-damage|p1a: Swampert|357\/403
|
|-heal|p1a: Swampert|382\/403|[from] item: Leftovers
|turn|9
|
|switch|p2a: Chesnaught|Chesnaught, M|380\/380
|switch|p1a: Lumire|Chandelure, M, shiny|305\/305
|
|turn|10
|-message|jamaely2 forfeited.
|
|win|This Many Fucks
|raw|Ladder updating...
|leave|jamaely2
|player|p2
|raw|This Many Fucks's rating: 1489 &rarr; <strong>1507<\/strong><br \/>(+18 for winning)
|raw|jamaely2's rating: 1452 &rarr; <strong>1434<\/strong><br \/>(-18 for losing)