|join|oioirnambe
|join|This Many Fucks
|player|p1|oioirnambe|247
|player|p2|This Many Fucks|172
|gametype|singles
|gen|6
|tier|UU
|rated
|rule|Sleep Clause Mod: Limit one foe put to sleep
|rule|Species Clause: Limit one of each Pokémon
|rule|OHKO Clause: OHKO moves are banned
|rule|Moody Clause: Moody is banned
|rule|Evasion Moves Clause: Evasion moves are banned
|rule|Endless Battle Clause: Forcing endless battles is banned
|rule|HP Percentage Mod: HP is shown in percentages
|clearpoke
|poke|p1|Shuckle, M
|poke|p1|Exploud, F
|poke|p1|Aerodactyl, M
|poke|p1|Krookodile, F
|poke|p1|Lucario, M
|poke|p1|Machamp, M
|poke|p2|Jellicent, M
|poke|p2|Zygarde
|poke|p2|Aggron, M
|poke|p2|Blissey, F
|poke|p2|Forretress, M, shiny
|poke|p2|Aromatisse, F
|rule|Swagger Clause: Swagger is banned
|rule|Baton Pass Clause: Limit one Pokémon knowing Baton Pass
|teampreview
|join|Gimilion
|
|start
|switch|p1a: Shuckle|Shuckle, M|244\/244
|switch|p2a: Terramorphous|Zygarde|404\/404
|-ability|p2a: Terramorphous|Aura Break
|turn|1
|
|move|p2a: Terramorphous|Substitute|p2a: Terramorphous
|-start|p2a: Terramorphous|Substitute
|-damage|p2a: Terramorphous|303\/404
|move|p1a: Shuckle|Encore|p2a: Terramorphous
|-start|p2a: Terramorphous|Encore
|
|-heal|p2a: Terramorphous|328\/404|[from] item: Leftovers
|turn|2
|
|switch|p2a: Walnut|Forretress, M, shiny|353\/353
|move|p1a: Shuckle|Sticky Web|p2a: Walnut
|-sidestart|p2: This Many Fucks|move: Sticky Web
|
|turn|3
|
|move|p2a: Walnut|Spikes|p1a: Shuckle
|-sidestart|p1: oioirnambe|Spikes
|move|p1a: Shuckle|Encore|p2a: Walnut
|-start|p2a: Walnut|Encore
|
|turn|4
|
|switch|p1a: Machamp|Machamp, M|321\/321
|-damage|p1a: Machamp|281\/321|[from] Spikes
|move|p2a: Walnut|Spikes|p1a: Machamp
|-sidestart|p1: oioirnambe|Spikes
|
|-status|p1a: Machamp|brn|[from] item: Flame Orb
|turn|5
|
|switch|p2a: Gooch|Aromatisse, F|405\/405
|-activate|p2a: Gooch|move: Sticky Web
|-unboost|p2a: Gooch|spe|1
|move|p1a: Machamp|Knock Off|p2a: Gooch
|-resisted|p2a: Gooch
|-damage|p2a: Gooch|323\/405
|-enditem|p2a: Gooch|Leftovers|[from] move: Knock Off|[of] p1a: Machamp
|
|-damage|p1a: Machamp|241\/321 brn|[from] brn
|turn|6
|
|switch|p1a: Shuckle|Shuckle, M|244\/244
|-damage|p1a: Shuckle|204\/244|[from] Spikes
|move|p2a: Gooch|Moonblast|p1a: Shuckle
|-damage|p1a: Shuckle|155\/244
|
|turn|7
|
|switch|p2a: Walnut|Forretress, M, shiny|353\/353
|-activate|p2a: Walnut|move: Sticky Web
|-unboost|p2a: Walnut|spe|1
|move|p1a: Shuckle|Stealth Rock|p2a: Walnut
|-sidestart|p2: This Many Fucks|move: Stealth Rock
|
|turn|8
|
|move|p2a: Walnut|Rapid Spin|p1a: Shuckle
|-resisted|p1a: Shuckle
|-damage|p1a: Shuckle|153\/244
|-sideend|p2: This Many Fucks|Stealth Rock|[from] move: Rapid Spin|[of] p2a: Walnut
|-sideend|p2: This Many Fucks|Sticky Web|[from] move: Rapid Spin|[of] p2a: Walnut
|move|p1a: Shuckle|Encore|p2a: Walnut
|-start|p2a: Walnut|Encore
|
|turn|9
|
|move|p2a: Walnut|Rapid Spin|p1a: Shuckle
|-resisted|p1a: Shuckle
|-damage|p1a: Shuckle|151\/244
|move|p1a: Shuckle|Infestation|p2a: Walnut
|-resisted|p2a: Walnut
|-damage|p2a: Walnut|349\/353
|-activate|p2a: Walnut|move: Infestation|[of] p1a: Shuckle
|
|-heal|p2a: Walnut|353\/353|[from] item: Leftovers
|-damage|p2a: Walnut|309\/353|[from] move: Infestation|[partiallytrapped]
|turn|10
|
|switch|p1a: Exploud|Exploud, F|350\/350
|-damage|p1a: Exploud|292\/350|[from] Spikes
|move|p2a: Walnut|Rapid Spin|p1a: Exploud
|-damage|p1a: Exploud|276\/350
|-remove|p2a: Walnut|Infestation|[from] move: Rapid Spin|[of] p2a: Walnut|[partiallytrapped]
|
|-heal|p2a: Walnut|331\/353|[from] item: Leftovers
|turn|11
|
|switch|p2a: Teen Mom|Blissey, F|714\/714
|move|p1a: Exploud|Boomburst|p2a: Teen Mom
|-damage|p2a: Teen Mom|449\/714
|
|-heal|p2a: Teen Mom|493\/714|[from] item: Leftovers
|turn|12
|
|move|p1a: Exploud|Boomburst|p2a: Teen Mom
|-damage|p2a: Teen Mom|237\/714
|move|p2a: Teen Mom|Seismic Toss|p1a: Exploud
|-damage|p1a: Exploud|176\/350
|
|-heal|p2a: Teen Mom|281\/714|[from] item: Leftovers
|turn|13
|
|switch|p1a: Shuckle|Shuckle, M|151\/244
|-damage|p1a: Shuckle|111\/244|[from] Spikes
|move|p2a: Teen Mom|Wish|p2a: Teen Mom
|
|-heal|p2a: Teen Mom|325\/714|[from] item: Leftovers
|turn|14
|
|move|p2a: Teen Mom|Seismic Toss|p1a: Shuckle
|-damage|p1a: Shuckle|11\/244
|move|p1a: Shuckle|Sticky Web|p2a: Teen Mom
|-sidestart|p2: This Many Fucks|move: Sticky Web
|
|-heal|p2a: Teen Mom|682\/714|[from] move: Wish|[wisher] Teen Mom
|-heal|p2a: Teen Mom|714\/714|[from] item: Leftovers
|turn|15
|
|switch|p2a: Walnut|Forretress, M, shiny|331\/353
|-activate|p2a: Walnut|move: Sticky Web
|-unboost|p2a: Walnut|spe|1
|move|p1a: Shuckle|Infestation|p2a: Walnut
|-resisted|p2a: Walnut
|-damage|p2a: Walnut|327\/353
|-activate|p2a: Walnut|move: Infestation|[of] p1a: Shuckle
|
|-heal|p2a: Walnut|349\/353|[from] item: Leftovers
|-damage|p2a: Walnut|305\/353|[from] move: Infestation|[partiallytrapped]
|turn|16
|
|move|p2a: Walnut|Rapid Spin|p1a: Shuckle
|-resisted|p1a: Shuckle
|-damage|p1a: Shuckle|9\/244
|-sideend|p2: This Many Fucks|Sticky Web|[from] move: Rapid Spin|[of] p2a: Walnut
|-remove|p2a: Walnut|Infestation|[from] move: Rapid Spin|[of] p2a: Walnut|[partiallytrapped]
|move|p1a: Shuckle|Encore|p2a: Walnut
|-start|p2a: Walnut|Encore
|
|-heal|p2a: Walnut|327\/353|[from] item: Leftovers
|turn|17
|
|switch|p1a: Lucario|Lucario, M|281\/281
|-damage|p1a: Lucario|235\/281|[from] Spikes
|move|p2a: Walnut|Rapid Spin|p1a: Lucario
|-resisted|p1a: Lucario
|-damage|p1a: Lucario|228\/281
|
|-heal|p2a: Walnut|349\/353|[from] item: Leftovers
|turn|18
|
|switch|p2a: Gooch|Aromatisse, F|323\/405
|move|p1a: Lucario|Swords Dance|p1a: Lucario
|-boost|p1a: Lucario|atk|2
|
|turn|19
|
|move|p1a: Lucario|Swords Dance|p1a: Lucario
|-boost|p1a: Lucario|atk|2
|move|p2a: Gooch|Moonblast|p1a: Lucario
|-damage|p1a: Lucario|87\/281
|
|turn|20
|
|move|p1a: Lucario|Close Combat|p2a: Gooch
|-resisted|p2a: Gooch
|-damage|p2a: Gooch|0 fnt
|-unboost|p1a: Lucario|def|1
|-unboost|p1a: Lucario|spd|1
|-damage|p1a: Lucario|59\/281|[from] item: Life Orb
|faint|p2a: Gooch
|
|
|switch|p2a: Aggron|Aggron, M|344\/344
|turn|21
|
|move|p1a: Lucario|Close Combat|p2a: Aggron
|-supereffective|p2a: Aggron
|-activate|p2a: Aggron|Sturdy
|-damage|p2a: Aggron|1\/344
|-unboost|p1a: Lucario|def|1
|-unboost|p1a: Lucario|spd|1
|-damage|p1a: Lucario|31\/281|[from] item: Life Orb
|move|p2a: Aggron|Metal Burst|p1a: Lucario
|-damage|p1a: Lucario|0 fnt
|faint|p1a: Lucario
|
|
|switch|p1a: Aerodactyl|Aerodactyl, M|301\/301
|-ability|p1a: Aerodactyl|Unnerve|p2: This Many Fucks
|turn|22
|
|detailschange|p1a: Aerodactyl|Aerodactyl-Mega, M
|message|Aerodactyl has Mega Evolved into Mega Aerodactyl!
|detailschange|p2a: Aggron|Aggron-Mega, M
|message|Aggron has Mega Evolved into Mega Aggron!
|move|p1a: Aerodactyl|Aqua Tail|p2a: Aggron
|-damage|p2a: Aggron|0 fnt
|faint|p2a: Aggron
|
|
|switch|p2a: Pringles|Jellicent, M|403\/403
|turn|23
|
|switch|p1a: Shuckle|Shuckle, M|9\/244
|-damage|p1a: Shuckle|0 fnt|[from] Spikes
|faint|p1a: Shuckle
|move|p2a: Pringles|Scald|p1: Shuckle|[notarget]
|-notarget
|
|
|switch|p1a: Krookodile|Krookodile, F|332\/332
|-damage|p1a: Krookodile|277\/332|[from] Spikes
|-ability|p1a: Krookodile|Intimidate|[of] p2a: Pringles
|-unboost|p2a: Pringles|atk|1
|turn|24
|
|move|p1a: Krookodile|Pursuit|p2a: Pringles|[from]Pursuit
|-supereffective|p2a: Pringles
|-damage|p2a: Pringles|113\/403
|switch|p2a: Walnut|Forretress, M, shiny|349\/353
|
|-heal|p2a: Walnut|353\/353|[from] item: Leftovers
|turn|25
|
|move|p1a: Krookodile|Taunt|p2a: Walnut
|-start|p2a: Walnut|move: Taunt
|move|p2a: Walnut|Volt Switch|p1a: Krookodile
|-immune|p1a: Krookodile|[msg]
|
|turn|26
|
|move|p1a: Krookodile|Knock Off|p2a: Walnut
|-damage|p2a: Walnut|241\/353
|-enditem|p2a: Walnut|Leftovers|[from] move: Knock Off|[of] p1a: Krookodile
|move|p2a: Walnut|Volt Switch|p1a: Krookodile
|-immune|p1a: Krookodile|[msg]
|
|turn|27
|
|move|p1a: Krookodile|Knock Off|p2a: Walnut
|-damage|p2a: Walnut|166\/353
|move|p2a: Walnut|Rapid Spin|p1a: Krookodile
|-damage|p1a: Krookodile|263\/332
|
|-end|p2a: Walnut|move: Taunt
|turn|28
|
|move|p1a: Krookodile|Taunt|p2a: Walnut
|-start|p2a: Walnut|move: Taunt
|cant|p2a: Walnut|move: Taunt|Spikes
|
|turn|29
|
|move|p1a: Krookodile|Knock Off|p2a: Walnut
|-damage|p2a: Walnut|88\/353
|move|p2a: Walnut|Rapid Spin|p1a: Krookodile
|-damage|p1a: Krookodile|250\/332
|
|turn|30
|
|move|p1a: Krookodile|Knock Off|p2a: Walnut
|-damage|p2a: Walnut|13\/353
|move|p2a: Walnut|Rapid Spin|p1a: Krookodile
|-damage|p1a: Krookodile|235\/332
|
|-end|p2a: Walnut|move: Taunt
|turn|31
|
|move|p1a: Krookodile|Knock Off|p2a: Walnut
|-damage|p2a: Walnut|0 fnt
|faint|p2a: Walnut
|
|
|switch|p2a: Terramorphous|Zygarde|328\/404
|-ability|p2a: Terramorphous|Aura Break
|turn|32
|
|move|p1a: Krookodile|Knock Off|p2a: Terramorphous
|-damage|p2a: Terramorphous|163\/404
|-enditem|p2a: Terramorphous|Leftovers|[from] move: Knock Off|[of] p1a: Krookodile
|move|p2a: Terramorphous|Earthquake|p1a: Krookodile
|-damage|p1a: Krookodile|96\/332
|
|turn|33
|
|move|p1a: Krookodile|Earthquake|p2a: Terramorphous
|-damage|p2a: Terramorphous|13\/404
|move|p2a: Terramorphous|Earthquake|p1a: Krookodile
|-damage|p1a: Krookodile|0 fnt
|faint|p1a: Krookodile
|
|
|switch|p1a: Aerodactyl|Aerodactyl-Mega, M|301\/301
|turn|34
|
|move|p1a: Aerodactyl|Ice Fang|p2a: Terramorphous
|-crit|p2a: Terramorphous
|-supereffective|p2a: Terramorphous
|-damage|p2a: Terramorphous|0 fnt
|faint|p2a: Terramorphous
|
|
|switch|p2a: Teen Mom|Blissey, F|714\/714
|turn|35
|
|move|p1a: Aerodactyl|Stone Edge|p2a: Teen Mom
|-damage|p2a: Teen Mom|384\/714
|move|p2a: Teen Mom|Counter|p1a: Aerodactyl
|-damage|p1a: Aerodactyl|0 fnt
|faint|p1a: Aerodactyl
|
|-heal|p2a: Teen Mom|428\/714|[from] item: Leftovers
|
|switch|p1a: Machamp|Machamp, M|241\/321 brn
|-damage|p1a: Machamp|188\/321 brn|[from] Spikes
|turn|36
|
|move|p2a: Teen Mom|Protect|p2a: Teen Mom
|-singleturn|p2a: Teen Mom|Protect
|move|p1a: Machamp|Close Combat|p2a: Teen Mom
|-activate|p2a: Teen Mom|Protect
|
|-heal|p2a: Teen Mom|472\/714|[from] item: Leftovers
|-damage|p1a: Machamp|148\/321 brn|[from] brn
|turn|37
|
|move|p1a: Machamp|Close Combat|p2a: Teen Mom
|-supereffective|p2a: Teen Mom
|-damage|p2a: Teen Mom|0 fnt
|-unboost|p1a: Machamp|def|1
|-unboost|p1a: Machamp|spd|1
|faint|p2a: Teen Mom
|
|-damage|p1a: Machamp|108\/321 brn|[from] brn
|
|switch|p2a: Pringles|Jellicent, M|113\/403
|turn|38
|
|move|p1a: Machamp|Knock Off|p2a: Pringles
|-supereffective|p2a: Pringles
|-damage|p2a: Pringles|0 fnt
|-enditem|p2a: Pringles|Leftovers|[from] move: Knock Off|[of] p1a: Machamp
|faint|p2a: Pringles
|
|win|oioirnambe
|raw|Ladder updating...
|leave|This Many Fucks
|player|p2
|c|★oioirnambe|gg
|raw|oioirnambe's rating: 1329 &rarr; <strong>1352<\/strong><br \/>(+23 for winning)
|raw|This Many Fucks's rating: 1372 &rarr; <strong>1349<\/strong><br \/>(-23 for losing)
|leave|Gimilion
|join|Gimilion
|leave|Gimilion
|join|Gimilion
|leave|Gimilion
|join|Gimilion