|join|DeeTrain
|join|Great Cornholio
|player|p1|DeeTrain|266
|player|p2|Great Cornholio|257
|gametype|singles
|gen|6
|tier|OU
|rated
|clearpoke
|poke|p1|Mamoswine, F
|poke|p1|Magnezone
|poke|p1|Skarmory, M
|poke|p1|Gyarados, M
|poke|p1|Clefable, F
|poke|p1|Dragonite, F
|poke|p2|Kyurem-Black, shiny
|poke|p2|Scizor, F
|poke|p2|Tyranitar, F
|poke|p2|Gothitelle, F
|poke|p2|Garchomp, M
|poke|p2|Azumarill, F
|rule|Swagger Clause: Swagger is banned
|rule|Baton Pass Clause: Limit one Pokémon knowing Baton Pass
|rule|Sleep Clause Mod: Limit one foe put to sleep
|rule|Species Clause: Limit one of each Pokémon
|rule|OHKO Clause: OHKO moves are banned
|rule|Moody Clause: Moody is banned
|rule|Evasion Moves Clause: Evasion moves are banned
|rule|Endless Battle Clause: Forcing endless battles is banned
|rule|HP Percentage Mod: HP is shown in percentages
|teampreview
|
|start
|switch|p1a: Mamoswine|Mamoswine, F|361\/361
|switch|p2a: Darude-Sandstorm|Tyranitar, F|403\/403
|-weather|Sandstorm
|turn|1
|
|detailschange|p2a: Darude-Sandstorm|Tyranitar-Mega, F
|message|Tyranitar has Mega Evolved into Mega Tyranitar!
|move|p1a: Mamoswine|Earthquake|p2a: Darude-Sandstorm
|-supereffective|p2a: Darude-Sandstorm
|-damage|p2a: Darude-Sandstorm|73\/403
|-damage|p1a: Mamoswine|325\/361|[from] item: Life Orb
|move|p2a: Darude-Sandstorm|Stealth Rock|p1a: Mamoswine
|-sidestart|p1: DeeTrain|move: Stealth Rock
|
|-weather|Sandstorm|[upkeep]
|turn|2
|
|move|p1a: Mamoswine|Earthquake|p2a: Darude-Sandstorm
|-supereffective|p2a: Darude-Sandstorm
|-damage|p2a: Darude-Sandstorm|0 fnt
|-damage|p1a: Mamoswine|289\/361|[from] item: Life Orb
|faint|p2a: Darude-Sandstorm
|
|-weather|Sandstorm|[upkeep]
|
|switch|p2a: Scizor|Scizor, F|344\/344
|turn|3
|
|switch|p1a: Skarmory|Skarmory, M|333\/333
|-damage|p1a: Skarmory|292\/333|[from] Stealth Rock
|move|p2a: Scizor|U-turn|p1a: Skarmory
|-resisted|p1a: Skarmory
|-damage|p1a: Skarmory|272\/333
|
|switch|p2a: Gothitelle|Gothitelle, F|322\/322
|
|-weather|Sandstorm|[upkeep]
|-damage|p2a: Gothitelle|302\/322|[from] sandstorm
|-heal|p1a: Skarmory|292\/333|[from] item: Leftovers
|turn|4
|
|move|p2a: Gothitelle|Thunderbolt|p1a: Skarmory
|-supereffective|p1a: Skarmory
|-damage|p1a: Skarmory|0 fnt
|faint|p1a: Skarmory
|
|-weather|Sandstorm|[upkeep]
|-damage|p2a: Gothitelle|282\/322|[from] sandstorm
|
|switch|p1a: Mamoswine|Mamoswine, F|289\/361
|-damage|p1a: Mamoswine|244\/361|[from] Stealth Rock
|turn|5
|
|switch|p2a: Scizor|Scizor, F|344\/344
|move|p1a: Mamoswine|Earthquake|p2a: Scizor
|-crit|p2a: Scizor
|-damage|p2a: Scizor|11\/344
|-damage|p1a: Mamoswine|208\/361|[from] item: Life Orb
|
|-weather|none
|-heal|p2a: Scizor|32\/344|[from] item: Leftovers
|turn|6
|
|switch|p1a: Magnezone|Magnezone|281\/281
|-damage|p1a: Magnezone|264\/281|[from] Stealth Rock
|switch|p2a: Garchomp|Garchomp, M|357\/357
|
|turn|7
|
|switch|p1a: Gyarados|Gyarados, M|341\/341
|-damage|p1a: Gyarados|256\/341|[from] Stealth Rock
|-ability|p1a: Gyarados|Intimidate|[of] p2a: Garchomp
|-unboost|p2a: Garchomp|atk|1
|move|p2a: Garchomp|Stone Edge|p1a: Gyarados
|-supereffective|p1a: Gyarados
|-damage|p1a: Gyarados|58\/341
|
|turn|8
|
|detailschange|p1a: Gyarados|Gyarados-Mega, M
|message|Gyarados has Mega Evolved into Mega Gyarados!
|-ability|p1a: Gyarados|Mold Breaker
|move|p2a: Garchomp|Stone Edge|p1a: Gyarados
|-damage|p1a: Gyarados|0 fnt
|faint|p1a: Gyarados
|
|
|switch|p1a: Magnezone|Magnezone|264\/281
|-damage|p1a: Magnezone|247\/281|[from] Stealth Rock
|turn|9
|
|switch|p2a: Scizor|Scizor, F|32\/344
|move|p1a: Magnezone|Flash Cannon|p2a: Scizor
|-resisted|p2a: Scizor
|-damage|p2a: Scizor|0 fnt
|faint|p2a: Scizor
|
|
|switch|p2a: Garchomp|Garchomp, M|357\/357
|turn|10
|c|★DeeTrain|nice call on the gyra coming in btw
|c|★Great Cornholio|thanks :]
|
|move|p2a: Garchomp|Earthquake|p1a: Magnezone
|-supereffective|p1a: Magnezone
|-damage|p1a: Magnezone|0 fnt
|faint|p1a: Magnezone
|
|c|★Great Cornholio|didnt want to overpredict right there
|
|switch|p1a: Clefable|Clefable, F|393\/393
|turn|11
|c|★Great Cornholio|better safe than sorry lol
|c|★DeeTrain|ya
|
|switch|p2a: Azumarill|Azumarill, F|402\/402
|move|p1a: Clefable|Stealth Rock|p2a: Azumarill
|-sidestart|p2: Great Cornholio|move: Stealth Rock
|
|turn|12
|
|move|p1a: Clefable|Moonblast|p2a: Azumarill
|-damage|p2a: Azumarill|309\/402
|move|p2a: Azumarill|Play Rough|p1a: Clefable
|-damage|p1a: Clefable|231\/393
|
|-heal|p1a: Clefable|255\/393|[from] item: Leftovers
|turn|13
|
|move|p1a: Clefable|Soft-Boiled|p1a: Clefable
|-heal|p1a: Clefable|393\/393
|move|p2a: Azumarill|Play Rough|p1a: Clefable
|-damage|p1a: Clefable|210\/393
|
|-heal|p1a: Clefable|234\/393|[from] item: Leftovers
|turn|14
|
|move|p1a: Clefable|Moonblast|p2a: Azumarill
|-damage|p2a: Azumarill|218\/402
|move|p2a: Azumarill|Play Rough|p1a: Clefable
|-damage|p1a: Clefable|59\/393
|
|-heal|p1a: Clefable|83\/393|[from] item: Leftovers
|turn|15
|
|move|p2a: Azumarill|Aqua Jet|p1a: Clefable
|-damage|p1a: Clefable|7\/393
|move|p1a: Clefable|Soft-Boiled|p1a: Clefable
|-heal|p1a: Clefable|204\/393
|
|-heal|p1a: Clefable|228\/393|[from] item: Leftovers
|turn|16
|c|★Great Cornholio|noooooooooooo
|
|move|p1a: Clefable|Soft-Boiled|p1a: Clefable
|-heal|p1a: Clefable|393\/393
|move|p2a: Azumarill|Play Rough|p1a: Clefable|[miss]
|-miss|p2a: Azumarill|p1a: Clefable
|
|turn|17
|
|move|p1a: Clefable|Calm Mind|p1a: Clefable
|-boost|p1a: Clefable|spa|1
|-boost|p1a: Clefable|spd|1
|move|p2a: Azumarill|Play Rough|p1a: Clefable
|-damage|p1a: Clefable|215\/393
|
|-heal|p1a: Clefable|239\/393|[from] item: Leftovers
|turn|18
|c|★Great Cornholio|noooooooooooooooooooooooooooooooooo
|
|move|p1a: Clefable|Soft-Boiled|p1a: Clefable
|-heal|p1a: Clefable|393\/393
|move|p2a: Azumarill|Play Rough|p1a: Clefable
|-damage|p1a: Clefable|218\/393
|
|-heal|p1a: Clefable|242\/393|[from] item: Leftovers
|turn|19
|
|move|p1a: Clefable|Soft-Boiled|p1a: Clefable
|-heal|p1a: Clefable|393\/393
|move|p2a: Azumarill|Play Rough|p1a: Clefable
|-damage|p1a: Clefable|218\/393
|
|-heal|p1a: Clefable|242\/393|[from] item: Leftovers
|turn|20
|
|switch|p2a: Kyurem-Black|Kyurem-Black, shiny|391\/391
|-damage|p2a: Kyurem-Black|294\/391|[from] Stealth Rock
|-ability|p2a: Kyurem-Black|Teravolt
|move|p1a: Clefable|Calm Mind|p1a: Clefable
|-boost|p1a: Clefable|spa|1
|-boost|p1a: Clefable|spd|1
|
|-heal|p1a: Clefable|266\/393|[from] item: Leftovers
|turn|21
|
|move|p2a: Kyurem-Black|Fusion Bolt|p1a: Clefable
|-damage|p1a: Clefable|83\/393
|-damage|p2a: Kyurem-Black|255\/391|[from] item: Life Orb
|move|p1a: Clefable|Soft-Boiled|p1a: Clefable
|-heal|p1a: Clefable|280\/393
|
|-heal|p1a: Clefable|304\/393|[from] item: Leftovers
|turn|22
|c|★Great Cornholio|i hate that fucking thing
|
|move|p2a: Kyurem-Black|Fusion Bolt|p1a: Clefable
|-damage|p1a: Clefable|132\/393
|-damage|p2a: Kyurem-Black|216\/391|[from] item: Life Orb
|move|p1a: Clefable|Soft-Boiled|p1a: Clefable
|-heal|p1a: Clefable|329\/393
|
|-heal|p1a: Clefable|353\/393|[from] item: Leftovers
|turn|23
|
|move|p2a: Kyurem-Black|Fusion Bolt|p1a: Clefable
|-damage|p1a: Clefable|188\/393
|-damage|p2a: Kyurem-Black|177\/391|[from] item: Life Orb
|move|p1a: Clefable|Calm Mind|p1a: Clefable
|-boost|p1a: Clefable|spa|1
|-boost|p1a: Clefable|spd|1
|
|-heal|p1a: Clefable|212\/393|[from] item: Leftovers
|turn|24
|
|move|p2a: Kyurem-Black|Fusion Bolt|p1a: Clefable
|-damage|p1a: Clefable|50\/393
|-damage|p2a: Kyurem-Black|138\/391|[from] item: Life Orb
|move|p1a: Clefable|Soft-Boiled|p1a: Clefable
|-heal|p1a: Clefable|247\/393
|
|-heal|p1a: Clefable|271\/393|[from] item: Leftovers
|turn|25
|
|switch|p2a: Garchomp|Garchomp, M|357\/357
|-damage|p2a: Garchomp|335\/357|[from] Stealth Rock
|move|p1a: Clefable|Soft-Boiled|p1a: Clefable
|-heal|p1a: Clefable|393\/393
|
|turn|26
|
|move|p2a: Garchomp|Earthquake|p1a: Clefable
|-crit|p1a: Clefable
|-damage|p1a: Clefable|147\/393
|move|p1a: Clefable|Moonblast|p2a: Garchomp
|-supereffective|p2a: Garchomp
|-damage|p2a: Garchomp|0 fnt
|faint|p2a: Garchomp
|
|-heal|p1a: Clefable|171\/393|[from] item: Leftovers
|
|switch|p2a: Azumarill|Azumarill, F|218\/402
|-damage|p2a: Azumarill|168\/402|[from] Stealth Rock
|turn|27
|
|move|p1a: Clefable|Moonblast|p2a: Azumarill
|-damage|p2a: Azumarill|0 fnt
|faint|p2a: Azumarill
|
|-heal|p1a: Clefable|195\/393|[from] item: Leftovers
|
|switch|p2a: Kyurem-Black|Kyurem-Black, shiny|138\/391
|-damage|p2a: Kyurem-Black|41\/391|[from] Stealth Rock
|-ability|p2a: Kyurem-Black|Teravolt
|turn|28
|
|move|p2a: Kyurem-Black|Fusion Bolt|p1a: Clefable
|-damage|p1a: Clefable|9\/393
|-damage|p2a: Kyurem-Black|2\/391|[from] item: Life Orb
|move|p1a: Clefable|Soft-Boiled|p1a: Clefable
|-heal|p1a: Clefable|206\/393
|
|-heal|p1a: Clefable|230\/393|[from] item: Leftovers
|turn|29
|-message|Great Cornholio forfeited.
|
|win|DeeTrain
|raw|Ladder updating...
|leave|Great Cornholio
|player|p2
|raw|DeeTrain's rating: 1577 &rarr; <strong>1594<\/strong><br \/>(+17 for winning)
|raw|Great Cornholio's rating: 1520 &rarr; <strong>1503<\/strong><br \/>(-17 for losing)