|join|Johnny_Diesel
|join|DeeTrain
|player|p1|Johnny_Diesel|290
|player|p2|DeeTrain|266
|gametype|singles
|gen|6
|tier|OU
|clearpoke
|poke|p1|Heracross, F
|poke|p1|Azumarill, F
|poke|p1|Landorus-Therian, M
|poke|p1|Rotom-Mow
|poke|p1|Gengar, M
|poke|p1|Heatran, M
|poke|p2|Mamoswine, F
|poke|p2|Magnezone
|poke|p2|Skarmory, F
|poke|p2|Gyarados, M
|poke|p2|Clefable, M
|poke|p2|Dragonite, F
|rule|Swagger Clause: Swagger is banned
|rule|Baton Pass Clause: Limit one Pokémon knowing Baton Pass
|rule|Sleep Clause Mod: Limit one foe put to sleep
|rule|Species Clause: Limit one of each Pokémon
|rule|OHKO Clause: OHKO moves are banned
|rule|Moody Clause: Moody is banned
|rule|Evasion Moves Clause: Evasion moves are banned
|rule|Endless Battle Clause: Forcing endless battles is banned
|rule|HP Percentage Mod: HP is shown in percentages
|teampreview
|
|start
|switch|p1a: Heracross|Heracross, F|311\/311
|switch|p2a: Skarmory|Skarmory, F|333\/333
|turn|1
|
|detailschange|p1a: Heracross|Heracross-Mega, F
|message|Heracross has Mega Evolved into Mega Heracross!
|move|p1a: Heracross|Rock Blast|p2a: Skarmory
|-crit|p2a: Skarmory
|-damage|p2a: Skarmory|294\/333
|-damage|p2a: Skarmory|269\/333
|-damage|p2a: Skarmory|245\/333
|-damage|p2a: Skarmory|221\/333
|-damage|p2a: Skarmory|195\/333
|-hitcount|p2a: Skarmory|5
|move|p2a: Skarmory|Brave Bird|p1a: Heracross
|-supereffective|p1a: Heracross
|-damage|p1a: Heracross|0 fnt
|-damage|p2a: Skarmory|92\/333|[from] recoil|[of] p1a: Heracross
|faint|p1a: Heracross
|
|-heal|p2a: Skarmory|112\/333|[from] item: Leftovers
|
|switch|p1a: Rotom-Mow|Rotom-Mow|304\/304
|turn|2
|
|switch|p2a: Magnezone|Magnezone|281\/281
|move|p1a: Rotom-Mow|Thunderbolt|p2a: Magnezone
|-resisted|p2a: Magnezone
|-damage|p2a: Magnezone|221\/281
|
|turn|3
|
|move|p2a: Magnezone|Volt Switch|p1a: Rotom-Mow
|-resisted|p1a: Rotom-Mow
|-damage|p1a: Rotom-Mow|274\/304
|
|switch|p2a: Skarmory|Skarmory, F|112\/333
|move|p1a: Rotom-Mow|Will-O-Wisp|p2a: Skarmory
|-status|p2a: Skarmory|brn
|
|-heal|p1a: Rotom-Mow|293\/304|[from] item: Leftovers
|-heal|p2a: Skarmory|132\/333 brn|[from] item: Leftovers
|-damage|p2a: Skarmory|91\/333 brn|[from] brn
|turn|4
|
|switch|p2a: Clefable|Clefable, M|393\/393
|move|p1a: Rotom-Mow|Thunderbolt|p2a: Clefable
|-damage|p2a: Clefable|276\/393
|
|-heal|p1a: Rotom-Mow|304\/304|[from] item: Leftovers
|-heal|p2a: Clefable|300\/393|[from] item: Leftovers
|turn|5
|join|ChangeInTemp
|
|switch|p1a: Gengar|Gengar, M|262\/262
|move|p2a: Clefable|Stealth Rock|p1a: Gengar
|-sidestart|p1: Johnny_Diesel|move: Stealth Rock
|
|-heal|p2a: Clefable|324\/393|[from] item: Leftovers
|turn|6
|
|switch|p2a: Skarmory|Skarmory, F|91\/333 brn
|move|p1a: Gengar|Substitute|p1a: Gengar
|-start|p1a: Gengar|Substitute
|-damage|p1a: Gengar|197\/262
|
|-heal|p1a: Gengar|213\/262|[from] item: Black Sludge
|-heal|p2a: Skarmory|111\/333 brn|[from] item: Leftovers
|-damage|p2a: Skarmory|70\/333 brn|[from] brn
|turn|7
|c| ChangeInTemp|Squad!!!
|
|move|p1a: Gengar|Shadow Ball|p2a: Skarmory
|-damage|p2a: Skarmory|0 fnt
|faint|p2a: Skarmory
|
|-heal|p1a: Gengar|229\/262|[from] item: Black Sludge
|
|switch|p2a: Mamoswine|Mamoswine, F|361\/361
|turn|8
|
|move|p1a: Gengar|Focus Blast|p2a: Mamoswine|[miss]
|-miss|p1a: Gengar|p2a: Mamoswine
|move|p2a: Mamoswine|Icicle Spear|p1a: Gengar
|-end|p1a: Gengar|Substitute
|-damage|p1a: Gengar|142\/262
|-damage|p1a: Gengar|45\/262
|-hitcount|p1a: Gengar|3
|-damage|p2a: Mamoswine|325\/361|[from] item: Life Orb
|
|-heal|p1a: Gengar|61\/262|[from] item: Black Sludge
|turn|9
|
|switch|p1a: Heatran|Heatran, M|323\/323
|-damage|p1a: Heatran|283\/323|[from] Stealth Rock
|move|p2a: Mamoswine|Ice Shard|p1a: Heatran
|-resisted|p1a: Heatran
|-damage|p1a: Heatran|262\/323
|-damage|p2a: Mamoswine|289\/361|[from] item: Life Orb
|
|turn|10
|
|move|p1a: Heatran|Flash Cannon|p2a: Mamoswine
|-supereffective|p2a: Mamoswine
|-damage|p2a: Mamoswine|0 fnt
|faint|p2a: Mamoswine
|
|
|switch|p2a: Gyarados|Gyarados, M|341\/341
|-ability|p2a: Gyarados|Intimidate|[of] p1a: Heatran
|-unboost|p1a: Heatran|atk|1
|turn|11
|
|switch|p1a: Landorus-Therian|Landorus-Therian, M|354\/354
|-damage|p1a: Landorus-Therian|310\/354|[from] Stealth Rock
|-ability|p1a: Landorus-Therian|Intimidate|[of] p2a: Gyarados
|-unboost|p2a: Gyarados|atk|1
|move|p2a: Gyarados|Dragon Dance|p2a: Gyarados
|-boost|p2a: Gyarados|atk|1
|-boost|p2a: Gyarados|spe|1
|
|-heal|p1a: Landorus-Therian|332\/354|[from] item: Leftovers
|turn|12
|c| ChangeInTemp|Fucking Gyarados.
|c| ChangeInTemp|:\/
|
|detailschange|p2a: Gyarados|Gyarados-Mega, M
|message|Gyarados has Mega Evolved into Mega Gyarados!
|-ability|p2a: Gyarados|Mold Breaker
|move|p2a: Gyarados|Ice Fang|p1a: Landorus-Therian
|-supereffective|p1a: Landorus-Therian
|-damage|p1a: Landorus-Therian|0 fnt
|faint|p1a: Landorus-Therian
|
|
|switch|p1a: Azumarill|Azumarill, F|345\/345
|-damage|p1a: Azumarill|302\/345|[from] Stealth Rock
|turn|13
|
|switch|p2a: Magnezone|Magnezone|221\/281
|move|p1a: Azumarill|Play Rough|p2a: Magnezone
|-resisted|p2a: Magnezone
|-damage|p2a: Magnezone|128\/281
|
|turn|14
|
|switch|p1a: Gengar|Gengar, M|61\/262
|-damage|p1a: Gengar|29\/262|[from] Stealth Rock
|move|p2a: Magnezone|Thunderbolt|p1a: Gengar
|-damage|p1a: Gengar|0 fnt
|faint|p1a: Gengar
|
|
|switch|p1a: Rotom-Mow|Rotom-Mow|304\/304
|-damage|p1a: Rotom-Mow|266\/304|[from] Stealth Rock
|turn|15
|
|move|p2a: Magnezone|Thunderbolt|p1a: Rotom-Mow
|-resisted|p1a: Rotom-Mow
|-damage|p1a: Rotom-Mow|231\/304
|move|p1a: Rotom-Mow|Thunderbolt|p2a: Magnezone
|-resisted|p2a: Magnezone
|-damage|p2a: Magnezone|72\/281
|
|-heal|p1a: Rotom-Mow|250\/304|[from] item: Leftovers
|turn|16
|
|move|p2a: Magnezone|Thunderbolt|p1a: Rotom-Mow
|-resisted|p1a: Rotom-Mow
|-damage|p1a: Rotom-Mow|210\/304
|move|p1a: Rotom-Mow|Will-O-Wisp|p2a: Magnezone
|-status|p2a: Magnezone|brn
|
|-heal|p1a: Rotom-Mow|229\/304|[from] item: Leftovers
|-damage|p2a: Magnezone|37\/281 brn|[from] brn
|turn|17
|
|move|p2a: Magnezone|Thunderbolt|p1a: Rotom-Mow
|-resisted|p1a: Rotom-Mow
|-damage|p1a: Rotom-Mow|188\/304
|move|p1a: Rotom-Mow|Thunderbolt|p2a: Magnezone
|-resisted|p2a: Magnezone
|-damage|p2a: Magnezone|0 fnt
|faint|p2a: Magnezone
|
|-heal|p1a: Rotom-Mow|207\/304|[from] item: Leftovers
|
|switch|p2a: Clefable|Clefable, M|324\/393
|turn|18
|
|switch|p1a: Heatran|Heatran, M|262\/323
|-damage|p1a: Heatran|222\/323|[from] Stealth Rock
|move|p2a: Clefable|Moonblast|p1a: Heatran
|-resisted|p1a: Heatran
|-damage|p1a: Heatran|198\/323
|
|-heal|p2a: Clefable|348\/393|[from] item: Leftovers
|turn|19
|
|switch|p2a: Gyarados|Gyarados-Mega, M|341\/341
|-ability|p2a: Gyarados|Mold Breaker
|move|p1a: Heatran|Flash Cannon|p2a: Gyarados
|-resisted|p2a: Gyarados
|-damage|p2a: Gyarados|276\/341
|
|turn|20
|
|switch|p1a: Azumarill|Azumarill, F|302\/345
|-damage|p1a: Azumarill|259\/345|[from] Stealth Rock
|move|p2a: Gyarados|Earthquake|p1a: Azumarill
|-damage|p1a: Azumarill|81\/345
|
|turn|21
|
|move|p2a: Gyarados|Earthquake|p1a: Azumarill
|-damage|p1a: Azumarill|0 fnt
|faint|p1a: Azumarill
|
|
|switch|p1a: Rotom-Mow|Rotom-Mow|207\/304
|-damage|p1a: Rotom-Mow|169\/304|[from] Stealth Rock
|turn|22
|
|move|p2a: Gyarados|Ice Fang|p1a: Rotom-Mow
|-supereffective|p1a: Rotom-Mow
|-damage|p1a: Rotom-Mow|19\/304
|move|p1a: Rotom-Mow|Thunderbolt|p2a: Gyarados
|-supereffective|p2a: Gyarados
|-damage|p2a: Gyarados|94\/341
|
|-heal|p1a: Rotom-Mow|38\/304|[from] item: Leftovers
|turn|23
|
|move|p2a: Gyarados|Earthquake|p1a: Rotom-Mow
|-damage|p1a: Rotom-Mow|0 fnt
|faint|p1a: Rotom-Mow
|
|
|switch|p1a: Heatran|Heatran, M|198\/323
|-damage|p1a: Heatran|158\/323|[from] Stealth Rock
|turn|24
|
|move|p1a: Heatran|Flash Cannon|p2a: Gyarados
|-resisted|p2a: Gyarados
|-damage|p2a: Gyarados|35\/341
|move|p2a: Gyarados|Earthquake|p1a: Heatran
|-supereffective|p1a: Heatran
|-damage|p1a: Heatran|0 fnt
|faint|p1a: Heatran
|
|win|DeeTrain
|c|★DeeTrain|gg
|leave|Johnny_Diesel
|player|p1
|leave|DeeTrain
|player|p2
|join|DeeTrain