|join|BarS123
|join|DeeTrain
|player|p1|BarS123|290
|player|p2|DeeTrain|2
|gametype|singles
|gen|6
|tier|OU
|rated
|clearpoke
|poke|p1|Garchomp, F
|poke|p1|Pinsir, M
|poke|p1|Magnezone
|poke|p1|Azumarill, M
|poke|p1|Diggersby, M
|poke|p1|Latios, M
|poke|p2|Mamoswine, M
|poke|p2|Magnezone
|poke|p2|Skarmory, F
|poke|p2|Gyarados, M
|poke|p2|Clefable, F
|poke|p2|Dragonite, F
|rule|Swagger Clause: Swagger is banned
|rule|Baton Pass Clause: Limit one Pokémon knowing Baton Pass
|rule|Sleep Clause Mod: Limit one foe put to sleep
|rule|Species Clause: Limit one of each Pokémon
|rule|OHKO Clause: OHKO moves are banned
|rule|Moody Clause: Moody is banned
|rule|Evasion Moves Clause: Evasion moves are banned
|rule|Endless Battle Clause: Forcing endless battles is banned
|rule|HP Percentage Mod: HP is shown in percentages
|teampreview
|
|start
|switch|p1a: Garchomp|Garchomp, F|358\/358
|switch|p2a: Gyarados|Gyarados, M|339\/339
|-ability|p2a: Gyarados|Intimidate|[of] p1a: Garchomp
|-unboost|p1a: Garchomp|atk|1
|turn|1
|
|detailschange|p2a: Gyarados|Gyarados-Mega, M
|message|Gyarados has Mega Evolved into Mega Gyarados!
|-ability|p2a: Gyarados|Mold Breaker
|move|p1a: Garchomp|Stealth Rock|p2a: Gyarados
|-sidestart|p2: DeeTrain|move: Stealth Rock
|move|p2a: Gyarados|Ice Fang|p1a: Garchomp
|-supereffective|p1a: Garchomp
|-enditem|p1a: Garchomp|Focus Sash
|-damage|p1a: Garchomp|1\/358
|-damage|p2a: Gyarados|297\/339|[from] ability: Rough Skin|[of] p1a: Garchomp
|
|turn|2
|
|move|p1a: Garchomp|Swords Dance|p1a: Garchomp
|-boost|p1a: Garchomp|atk|2
|move|p2a: Gyarados|Earthquake|p1a: Garchomp
|-crit|p1a: Garchomp
|-damage|p1a: Garchomp|0 fnt
|faint|p1a: Garchomp
|
|
|switch|p1a: Pinsir|Pinsir, M|272\/272
|turn|3
|
|switch|p1a: Magnezone|Magnezone|282\/282
|move|p2a: Gyarados|Ice Fang|p1a: Magnezone
|-resisted|p1a: Magnezone
|-damage|p1a: Magnezone|236\/282
|
|turn|4
|
|switch|p2a: Magnezone|Magnezone|281\/281
|-damage|p2a: Magnezone|264\/281|[from] Stealth Rock
|move|p1a: Magnezone|Thunderbolt|p2a: Magnezone
|-resisted|p2a: Magnezone
|-damage|p2a: Magnezone|184\/281
|
|turn|5
|
|move|p1a: Magnezone|Thunderbolt|p2a: Magnezone
|-resisted|p2a: Magnezone
|-damage|p2a: Magnezone|103\/281
|move|p2a: Magnezone|Hidden Power|p1a: Magnezone
|-supereffective|p1a: Magnezone
|-damage|p1a: Magnezone|92\/282
|
|turn|6
|
|move|p1a: Magnezone|Thunderbolt|p2a: Magnezone
|-resisted|p2a: Magnezone
|-damage|p2a: Magnezone|14\/281
|move|p2a: Magnezone|Hidden Power|p1a: Magnezone
|-supereffective|p1a: Magnezone
|-damage|p1a: Magnezone|0 fnt
|faint|p1a: Magnezone
|
|
|switch|p1a: Azumarill|Azumarill, M|364\/364
|turn|7
|
|switch|p2a: Skarmory|Skarmory, F|333\/333
|-damage|p2a: Skarmory|292\/333|[from] Stealth Rock
|move|p1a: Azumarill|Belly Drum|p1a: Azumarill
|-damage|p1a: Azumarill|182\/364
|-setboost|p1a: Azumarill|atk|6|[from] move: Belly Drum
|-enditem|p1a: Azumarill|Sitrus Berry|[eat]
|-heal|p1a: Azumarill|273\/364|[from] item: Sitrus Berry
|
|-heal|p2a: Skarmory|312\/333|[from] item: Leftovers
|turn|8
|
|move|p1a: Azumarill|Superpower|p2a: Skarmory
|-damage|p2a: Skarmory|0 fnt
|-unboost|p1a: Azumarill|atk|1
|-unboost|p1a: Azumarill|def|1
|faint|p2a: Skarmory
|
|
|switch|p2a: Gyarados|Gyarados-Mega, M|297\/339
|-damage|p2a: Gyarados|255\/339|[from] Stealth Rock
|-ability|p2a: Gyarados|Mold Breaker
|turn|9
|
|move|p2a: Gyarados|Earthquake|p1a: Azumarill
|-damage|p1a: Azumarill|0 fnt
|faint|p1a: Azumarill
|
|
|switch|p1a: Pinsir|Pinsir, M|272\/272
|turn|10
|
|switch|p2a: Magnezone|Magnezone|14\/281
|-damage|p2a: Magnezone|0 fnt|[from] Stealth Rock
|faint|p2a: Magnezone
|detailschange|p1a: Pinsir|Pinsir-Mega, M
|message|Pinsir has Mega Evolved into Mega Pinsir!
|move|p1a: Pinsir|Frustration|p2: Magnezone|[notarget]
|-notarget
|
|
|switch|p2a: Clefable|Clefable, F|393\/393
|turn|11
|
|move|p1a: Pinsir|Swords Dance|p1a: Pinsir
|-boost|p1a: Pinsir|atk|2
|move|p2a: Clefable|Moonblast|p1a: Pinsir
|-damage|p1a: Pinsir|158\/272
|-unboost|p1a: Pinsir|spa|1
|
|turn|12
|
|move|p1a: Pinsir|Frustration|p2a: Clefable
|-damage|p2a: Clefable|0 fnt
|faint|p2a: Clefable
|
|
|switch|p2a: Mamoswine|Mamoswine, M|361\/361
|-damage|p2a: Mamoswine|316\/361|[from] Stealth Rock
|turn|13
|
|move|p1a: Pinsir|Quick Attack|p2a: Mamoswine
|-damage|p2a: Mamoswine|55\/361
|move|p2a: Mamoswine|Icicle Spear|p1a: Pinsir
|-supereffective|p1a: Pinsir
|-damage|p1a: Pinsir|64\/272
|-supereffective|p1a: Pinsir
|-damage|p1a: Pinsir|0 fnt
|-hitcount|p1a: Pinsir|2
|-damage|p2a: Mamoswine|19\/361|[from] item: Life Orb
|faint|p1a: Pinsir
|
|
|switch|p1a: Latios|Latios, M|302\/302
|turn|14
|
|move|p2a: Mamoswine|Ice Shard|p1a: Latios
|-supereffective|p1a: Latios
|-damage|p1a: Latios|91\/302
|-damage|p2a: Mamoswine|0 fnt|[from] item: Life Orb
|faint|p2a: Mamoswine
|move|p1a: Latios|Psyshock|p2: Mamoswine|[notarget]
|-notarget
|
|
|switch|p2a: Dragonite|Dragonite, F|329\/329
|-damage|p2a: Dragonite|247\/329|[from] Stealth Rock
|turn|15
|
|move|p2a: Dragonite|Extreme Speed|p1a: Latios
|-damage|p1a: Latios|0 fnt
|faint|p1a: Latios
|
|
|switch|p1a: Diggersby|Diggersby, M|312\/312
|turn|16
|
|move|p2a: Dragonite|Extreme Speed|p1a: Diggersby
|-damage|p1a: Diggersby|183\/312
|move|p1a: Diggersby|Swords Dance|p1a: Diggersby
|-boost|p1a: Diggersby|atk|2
|
|turn|17
|
|move|p2a: Dragonite|Extreme Speed|p1a: Diggersby
|-damage|p1a: Diggersby|61\/312
|move|p1a: Diggersby|Quick Attack|p2a: Dragonite
|-damage|p2a: Dragonite|0 fnt
|-damage|p1a: Diggersby|30\/312|[from] item: Life Orb
|faint|p2a: Dragonite
|
|
|switch|p2a: Gyarados|Gyarados-Mega, M|255\/339
|-damage|p2a: Gyarados|213\/339|[from] Stealth Rock
|-ability|p2a: Gyarados|Mold Breaker
|turn|18
|
|move|p1a: Diggersby|Quick Attack|p2a: Gyarados
|-damage|p2a: Gyarados|0 fnt
|-damage|p1a: Diggersby|0 fnt|[from] item: Life Orb
|faint|p2a: Gyarados
|faint|p1a: Diggersby
|
|win|BarS123
|raw|Ladder updating...
|raw|BarS123's rating: 1788 &rarr; <strong>1803<\/strong><br \/>(+15 for winning)
|raw|DeeTrain's rating: 1700 &rarr; <strong>1685<\/strong><br \/>(-15 for losing)
|c|★BarS123|gg
|c|★DeeTrain|gg
|leave|DeeTrain
|player|p2