|join|CP3MVP
|join|fuck christmas
|player|p1|CP3MVP|29
|player|p2|fuck christmas|281
|gametype|singles
|gen|6
|tier|OU
|rated
|clearpoke
|poke|p1|Landorus-Therian, M
|poke|p1|Latias, F
|poke|p1|Venusaur, F
|poke|p1|Heatran, F
|poke|p1|Keldeo-Resolute
|poke|p1|Bisharp, M
|poke|p2|Greninja, M
|poke|p2|Ampharos, M
|poke|p2|Skarmory, F
|poke|p2|Azumarill, M
|poke|p2|Kyurem-Black
|poke|p2|Gliscor, F
|rule|Swagger Clause: Swagger is banned
|rule|Baton Pass Clause: Limit one Pokémon knowing Baton Pass
|rule|Sleep Clause Mod: Limit one foe put to sleep
|rule|Species Clause: Limit one of each Pokémon
|rule|OHKO Clause: OHKO moves are banned
|rule|Moody Clause: Moody is banned
|rule|Evasion Moves Clause: Evasion moves are banned
|rule|Endless Battle Clause: Forcing endless battles is banned
|rule|HP Percentage Mod: HP is reported as percentages
|teampreview
|
|start
|switch|p1a: Landorus-Therian|Landorus-Therian, M|320\/320
|switch|p2a: Azumarill|Azumarill, M|404\/404
|-ability|p1a: Landorus-Therian|Intimidate|[of] p2a: Azumarill
|-unboost|p2a: Azumarill|atk|1
|turn|1
|
|move|p1a: Landorus-Therian|U-turn|p2a: Azumarill
|-resisted|p2a: Azumarill
|-damage|p2a: Azumarill|343\/404
|
|switch|p1a: Green Mamba|Venusaur, F|363\/363
|move|p2a: Azumarill|Waterfall|p1a: Green Mamba
|-resisted|p1a: Green Mamba
|-damage|p1a: Green Mamba|314\/363
|
|turn|2
|
|switch|p2a: Skarmory|Skarmory, F|334\/334
|detailschange|p1a: Green Mamba|Venusaur-Mega, F
|message|Venusaur has Mega Evolved into Mega Venusaur!
|move|p1a: Green Mamba|Leech Seed|p2a: Skarmory
|-start|p2a: Skarmory|move: Leech Seed
|
|-damage|p2a: Skarmory|293\/334|[from] Leech Seed|[of] p1a: Green Mamba
|-heal|p1a: Green Mamba|355\/363|[silent]
|turn|3
|
|switch|p1a: Void|Heatran, F|386\/386
|move|p2a: Skarmory|Stealth Rock|p1a: Void
|-sidestart|p1: CP3MVP|move: Stealth Rock
|
|-damage|p2a: Skarmory|252\/334|[from] Leech Seed|[of] p1a: Void
|turn|4
|
|switch|p2a: Azumarill|Azumarill, M|343\/404
|move|p1a: Void|Will-O-Wisp|p2a: Azumarill
|-status|p2a: Azumarill|brn
|
|-damage|p2a: Azumarill|293\/404 brn|[from] brn
|turn|5
|
|switch|p2a: Gliscor|Gliscor, F|354\/354
|move|p1a: Void|Stealth Rock|p2a: Gliscor
|-sidestart|p2: fuck christmas|move: Stealth Rock
|
|-status|p2a: Gliscor|tox|[from] item: Toxic Orb
|turn|6
|
|switch|p1a: Green Mamba|Venusaur-Mega, F|355\/363
|-damage|p1a: Green Mamba|310\/363|[from] Stealth Rock
|move|p2a: Gliscor|Toxic|p1a: Green Mamba
|-fail|p1a: Green Mamba
|
|turn|7
|
|move|p2a: Gliscor|Taunt|p1a: Green Mamba
|-start|p1a: Green Mamba|move: Taunt
|cant|p1a: Green Mamba|move: Taunt|Leech Seed
|
|turn|8
|
|move|p2a: Gliscor|Earthquake|p1a: Green Mamba
|-damage|p1a: Green Mamba|238\/363
|move|p1a: Green Mamba|Giga Drain|p2a: Gliscor
|-damage|p2a: Gliscor|255\/354 tox
|-heal|p1a: Green Mamba|288\/363|[from] drain|[of] p2a: Gliscor
|
|-heal|p2a: Gliscor|299\/354 tox|[from] ability: Poison Heal
|turn|9
|
|switch|p2a: Skarmory|Skarmory, F|252\/334
|-damage|p2a: Skarmory|211\/334|[from] Stealth Rock
|move|p1a: Green Mamba|Giga Drain|p2a: Skarmory
|-resisted|p2a: Skarmory
|-damage|p2a: Skarmory|175\/334
|-heal|p1a: Green Mamba|306\/363|[from] drain|[of] p2a: Skarmory
|
|-end|p1a: Green Mamba|move: Taunt
|turn|10
|
|move|p1a: Green Mamba|Leech Seed|p2a: Skarmory
|-start|p2a: Skarmory|move: Leech Seed
|move|p2a: Skarmory|Roost|p2a: Skarmory
|-heal|p2a: Skarmory|334\/334
|
|-damage|p2a: Skarmory|293\/334|[from] Leech Seed|[of] p1a: Green Mamba
|-heal|p1a: Green Mamba|347\/363|[silent]
|turn|11
|
|move|p1a: Green Mamba|Leech Seed|p2a: Skarmory
|-fail|p2a: Skarmory
|move|p2a: Skarmory|Defog|p1a: Green Mamba
|-unboost|p1a: Green Mamba|evasion|1
|-sideend|p1: CP3MVP|Stealth Rock|[from] move: Defog|[of] p1a: Green Mamba
|-sideend|p2: fuck christmas|Stealth Rock|[from] move: Defog|[of] p2a: Skarmory
|
|-damage|p2a: Skarmory|252\/334|[from] Leech Seed|[of] p1a: Green Mamba
|-heal|p1a: Green Mamba|363\/363|[silent]
|turn|12
|
|switch|p1a: Void|Heatran, F|386\/386
|switch|p2a: Greninja|Greninja, M|286\/286
|
|turn|13
|
|move|p2a: Greninja|Hydro Pump|p1a: Void
|-start|p2a: Greninja|typechange|Water|[from] Protean
|-supereffective|p1a: Void
|-damage|p1a: Void|74\/386
|-damage|p2a: Greninja|258\/286|[from] item: Life Orb
|move|p1a: Void|Stealth Rock|p2a: Greninja
|-sidestart|p2: fuck christmas|move: Stealth Rock
|
|-heal|p1a: Void|98\/386|[from] item: Leftovers
|turn|14
|
|move|p2a: Greninja|Hydro Pump|p1a: Void
|-supereffective|p1a: Void
|-damage|p1a: Void|0 fnt
|-damage|p2a: Greninja|230\/286|[from] item: Life Orb
|faint|p1a: Void
|
|
|switch|p1a: TURN DOWN FOR WHAT|Bisharp, M|271\/271
|turn|15
|
|switch|p2a: Skarmory|Skarmory, F|252\/334
|-damage|p2a: Skarmory|211\/334|[from] Stealth Rock
|move|p1a: TURN DOWN FOR WHAT|Sucker Punch|p2a: Skarmory
|-fail|p2a: Skarmory
|
|turn|16
|
|move|p1a: TURN DOWN FOR WHAT|Knock Off|p2a: Skarmory
|-damage|p2a: Skarmory|85\/334
|-damage|p1a: TURN DOWN FOR WHAT|226\/271|[from] item: Rocky Helmet|[of] p2a: Skarmory
|-enditem|p2a: Skarmory|Rocky Helmet|[from] move: Knock Off|[of] p1a: TURN DOWN FOR WHAT
|-damage|p1a: TURN DOWN FOR WHAT|199\/271|[from] item: Life Orb
|move|p2a: Skarmory|Roost|p2a: Skarmory
|-heal|p2a: Skarmory|252\/334
|
|turn|17
|join|IamChow
|
|switch|p1a: Dick Rider|Keldeo-Resolute|322\/322
|move|p2a: Skarmory|Roost|p2a: Skarmory
|-heal|p2a: Skarmory|334\/334
|
|turn|18
|
|move|p1a: Dick Rider|Scald|p2a: Skarmory
|-damage|p2a: Skarmory|27\/334
|move|p2a: Skarmory|Defog|p1a: Dick Rider
|-unboost|p1a: Dick Rider|evasion|1
|-sideend|p2: fuck christmas|Stealth Rock|[from] move: Defog|[of] p2a: Skarmory
|
|turn|19
|
|switch|p2a: Azumarill|Azumarill, M|293\/404 brn
|move|p1a: Dick Rider|Scald|p2a: Azumarill
|-resisted|p2a: Azumarill
|-damage|p2a: Azumarill|210\/404 brn
|
|-damage|p2a: Azumarill|160\/404 brn|[from] brn
|turn|20
|
|switch|p1a: Green Mamba|Venusaur-Mega, F|363\/363
|switch|p2a: Skarmory|Skarmory, F|27\/334
|
|turn|21
|
|switch|p1a: Dick Rider|Keldeo-Resolute|322\/322
|move|p2a: Skarmory|Roost|p2a: Skarmory
|-heal|p2a: Skarmory|194\/334
|
|turn|22
|
|switch|p2a: Azumarill|Azumarill, M|160\/404 brn
|move|p1a: Dick Rider|Scald|p2a: Azumarill
|-resisted|p2a: Azumarill
|-damage|p2a: Azumarill|75\/404 brn
|
|-damage|p2a: Azumarill|25\/404 brn|[from] brn
|turn|23
|
|move|p1a: Dick Rider|Scald|p2a: Azumarill
|-resisted|p2a: Azumarill
|-damage|p2a: Azumarill|0 fnt
|faint|p2a: Azumarill
|
|
|switch|p2a: Greninja|Greninja, M|230\/286
|turn|24
|
|switch|p1a: Latias|Latias, F|302\/302
|move|p2a: Greninja|Hydro Pump|p1a: Latias
|-start|p2a: Greninja|typechange|Water|[from] Protean
|-resisted|p1a: Latias
|-damage|p1a: Latias|219\/302
|-damage|p2a: Greninja|202\/286|[from] item: Life Orb
|
|turn|25
|join|asdfCookie
|
|move|p2a: Greninja|Ice Beam|p1a: Latias
|-start|p2a: Greninja|typechange|Ice|[from] Protean
|-supereffective|p1a: Latias
|-damage|p1a: Latias|0 fnt
|-damage|p2a: Greninja|174\/286|[from] item: Life Orb
|faint|p1a: Latias
|
|chat|asdfCookie|need something to watch
|chat|asdfCookie|ou room so boring
|
|switch|p1a: Landorus-Therian|Landorus-Therian, M|320\/320
|-ability|p1a: Landorus-Therian|Intimidate|[of] p2a: Greninja
|-unboost|p2a: Greninja|atk|1
|turn|26
|chat|IamChow|ikr
|
|switch|p2a: Skarmory|Skarmory, F|194\/334
|move|p1a: Landorus-Therian|U-turn|p2a: Skarmory
|-resisted|p2a: Skarmory
|-damage|p2a: Skarmory|180\/334
|
|switch|p1a: Dick Rider|Keldeo-Resolute|322\/322
|
|turn|27
|
|switch|p2a: Kyurem-Black|Kyurem-Black|391\/391
|-ability|p2a: Kyurem-Black|Teravolt
|move|p1a: Dick Rider|Scald|p2a: Kyurem-Black
|-crit|p2a: Kyurem-Black
|-resisted|p2a: Kyurem-Black
|-damage|p2a: Kyurem-Black|184\/391
|
|turn|28
|
|move|p2a: Kyurem-Black|Outrage|p1a: Dick Rider
|-damage|p1a: Dick Rider|60\/322
|move|p1a: Dick Rider|Scald|p2a: Kyurem-Black
|-resisted|p2a: Kyurem-Black
|-damage|p2a: Kyurem-Black|65\/391
|
|turn|29
|
|switch|p1a: Green Mamba|Venusaur-Mega, F|363\/363
|move|p2a: Kyurem-Black|Outrage|p1a: Green Mamba
|-damage|p1a: Green Mamba|191\/363
|
|-end|p2a: Kyurem-Black|rampage
|-start|p2a: Kyurem-Black|confusion
|turn|30
|
|switch|p2a: Skarmory|Skarmory, F|180\/334
|move|p1a: Green Mamba|Leech Seed|p2a: Skarmory
|-start|p2a: Skarmory|move: Leech Seed
|
|-damage|p2a: Skarmory|139\/334|[from] Leech Seed|[of] p1a: Green Mamba
|-heal|p1a: Green Mamba|232\/363|[silent]
|turn|31
|
|switch|p1a: Dick Rider|Keldeo-Resolute|60\/322
|move|p2a: Skarmory|Stealth Rock|p1a: Dick Rider
|-sidestart|p1: CP3MVP|move: Stealth Rock
|
|-damage|p2a: Skarmory|98\/334|[from] Leech Seed|[of] p1a: Dick Rider
|-heal|p1a: Dick Rider|101\/322|[silent]
|turn|32
|
|move|p1a: Dick Rider|Secret Sword|p2a: Skarmory
|-damage|p2a: Skarmory|0 fnt
|faint|p2a: Skarmory
|
|
|switch|p2a: Greninja|Greninja, M|174\/286
|turn|33
|
|switch|p1a: Green Mamba|Venusaur-Mega, F|232\/363
|-damage|p1a: Green Mamba|187\/363|[from] Stealth Rock
|move|p2a: Greninja|Extrasensory|p1a: Green Mamba
|-start|p2a: Greninja|typechange|Psychic|[from] Protean
|-supereffective|p1a: Green Mamba
|-damage|p1a: Green Mamba|0 fnt
|-damage|p2a: Greninja|146\/286|[from] item: Life Orb
|faint|p1a: Green Mamba
|
|
|switch|p1a: Landorus-Therian|Landorus-Therian, M|320\/320
|-damage|p1a: Landorus-Therian|280\/320|[from] Stealth Rock
|-ability|p1a: Landorus-Therian|Intimidate|[of] p2a: Greninja
|-unboost|p2a: Greninja|atk|1
|turn|34
|
|switch|p2a: Gliscor|Gliscor, F|299\/354 tox
|move|p1a: Landorus-Therian|U-turn|p2a: Gliscor
|-resisted|p2a: Gliscor
|-damage|p2a: Gliscor|261\/354 tox
|
|switch|p1a: Dick Rider|Keldeo-Resolute|101\/322
|-damage|p1a: Dick Rider|81\/322|[from] Stealth Rock
|
|-heal|p2a: Gliscor|305\/354 tox|[from] ability: Poison Heal
|turn|35
|
|switch|p2a: Ampharos|Ampharos, M|322\/322
|move|p1a: Dick Rider|Scald|p2a: Ampharos
|-damage|p2a: Ampharos|79\/322
|-status|p2a: Ampharos|brn
|
|-damage|p2a: Ampharos|39\/322 brn|[from] brn
|turn|36
|
|detailschange|p2a: Ampharos|Ampharos-Mega, M
|message|Ampharos has Mega Evolved into Mega Ampharos!
|-ability|p2a: Ampharos|Mold Breaker
|move|p1a: Dick Rider|Scald|p2a: Ampharos
|-resisted|p2a: Ampharos
|-damage|p2a: Ampharos|0 fnt
|faint|p2a: Ampharos
|
|
|switch|p2a: Kyurem-Black|Kyurem-Black|65\/391
|-ability|p2a: Kyurem-Black|Teravolt
|turn|37
|
|switch|p1a: Landorus-Therian|Landorus-Therian, M|280\/320
|-damage|p1a: Landorus-Therian|240\/320|[from] Stealth Rock
|-ability|p1a: Landorus-Therian|Intimidate|[of] p2a: Kyurem-Black
|-unboost|p2a: Kyurem-Black|atk|1
|move|p2a: Kyurem-Black|Outrage|p1a: Landorus-Therian
|-crit|p1a: Landorus-Therian
|-damage|p1a: Landorus-Therian|0 fnt
|faint|p1a: Landorus-Therian
|
|
|switch|p1a: TURN DOWN FOR WHAT|Bisharp, M|199\/271
|-damage|p1a: TURN DOWN FOR WHAT|183\/271|[from] Stealth Rock
|turn|38
|chat|asdfCookie|sucker punch tho
|chat|fuck christmas|nah
|chat|fuck christmas|sd
|chat|fuck christmas|would be smart play
|chat|asdfCookie|not sure bisharp can beat gliscor though
|
|move|p2a: Kyurem-Black|Outrage|p1a: TURN DOWN FOR WHAT
|-resisted|p1a: TURN DOWN FOR WHAT
|-damage|p1a: TURN DOWN FOR WHAT|91\/271
|move|p1a: TURN DOWN FOR WHAT|Swords Dance|p1a: TURN DOWN FOR WHAT
|-boost|p1a: TURN DOWN FOR WHAT|atk|2
|
|turn|39
|
|move|p1a: TURN DOWN FOR WHAT|Sucker Punch|p2a: Kyurem-Black
|-crit|p2a: Kyurem-Black
|-damage|p2a: Kyurem-Black|0 fnt
|-damage|p1a: TURN DOWN FOR WHAT|64\/271|[from] item: Life Orb
|faint|p2a: Kyurem-Black
|
|chat|IamChow|well if he doesnt sd, he goes to gliscor after then how will he take it out
|
|switch|p2a: Gliscor|Gliscor, F|305\/354 tox
|turn|40
|
|move|p1a: TURN DOWN FOR WHAT|Iron Head|p2a: Gliscor
|-damage|p2a: Gliscor|16\/354 tox
|-damage|p1a: TURN DOWN FOR WHAT|37\/271|[from] item: Life Orb
|move|p2a: Gliscor|Earthquake|p1a: TURN DOWN FOR WHAT
|-supereffective|p1a: TURN DOWN FOR WHAT
|-damage|p1a: TURN DOWN FOR WHAT|0 fnt
|faint|p1a: TURN DOWN FOR WHAT
|
|-heal|p2a: Gliscor|60\/354 tox|[from] ability: Poison Heal
|chat|CP3MVP|aw
|chat|CP3MVP|if i knocked
|chat|CP3MVP|gg
|
|switch|p1a: Dick Rider|Keldeo-Resolute|81\/322
|-damage|p1a: Dick Rider|61\/322|[from] Stealth Rock
|turn|41
|chat|fuck christmas|knocked woulda killed
|chat|fuck christmas|n_n
|
|move|p1a: Dick Rider|Scald|p2a: Gliscor
|-supereffective|p2a: Gliscor
|-damage|p2a: Gliscor|0 fnt
|faint|p2a: Gliscor
|
|join|pokemonomekop
|chat|CP3MVP|yhp
|
|switch|p2a: Greninja|Greninja, M|146\/286
|turn|42
|chat|fuck christmas|gg :]
|
|move|p2a: Greninja|Extrasensory|p1a: Dick Rider
|-start|p2a: Greninja|typechange|Psychic|[from] Protean
|-supereffective|p1a: Dick Rider
|-damage|p1a: Dick Rider|0 fnt
|-damage|p2a: Greninja|118\/286|[from] item: Life Orb
|faint|p1a: Dick Rider
|
|win|fuck christmas
|raw|Ladder updating...
|raw|CP3MVP's rating: 1802 &rarr; <strong>1778<\/strong><br \/>(-24 for losing)
|raw|fuck christmas's rating: 1728 &rarr; <strong>1752<\/strong><br \/>(+24 for winning)
|chat|pokemonomekop|gg
|leave|CP3MVP
|player|p1
|leave|pokemonomekop
|leave|asdfCookie
|leave|IamChow