|join|fuck christmas
|join|bottlecrossyojaw
|player|p1|fuck christmas|281
|player|p2|bottlecrossyojaw|146
|gametype|singles
|gen|6
|tier|OU
|rated
|clearpoke
|poke|p1|Diancie
|poke|p1|Azumarill, M
|poke|p1|Heatran, M
|poke|p1|Zapdos
|poke|p1|Garchomp, F
|poke|p1|Breloom, M
|poke|p2|Celebi
|poke|p2|Zapdos
|poke|p2|Sylveon, M
|poke|p2|Tornadus-Therian, M
|poke|p2|Klefki, F
|poke|p2|Landorus-Therian, M
|rule|Swagger Clause: Swagger is banned
|rule|Baton Pass Clause: Limit one Pokémon knowing Baton Pass
|rule|Sleep Clause Mod: Limit one foe put to sleep
|rule|Species Clause: Limit one of each Pokémon
|rule|OHKO Clause: OHKO moves are banned
|rule|Moody Clause: Moody is banned
|rule|Evasion Moves Clause: Evasion moves are banned
|rule|Endless Battle Clause: Forcing endless battles is banned
|rule|HP Percentage Mod: HP is shown in percentages
|teampreview
|
|start
|switch|p1a: Diancie|Diancie|241\/241
|switch|p2a: Landorus-Therian|Landorus-Therian, M|382\/382
|-ability|p2a: Landorus-Therian|Intimidate|[of] p1a: Diancie
|-fail|p1a: Diancie|unboost|[from] ability: Clear Body|[of] p1a: Diancie
|turn|1
|
|switch|p1a: Zapdos|Zapdos|384\/384
|-ability|p1a: Zapdos|Pressure
|move|p2a: Landorus-Therian|Earthquake|p1a: Zapdos
|-immune|p1a: Zapdos|[msg]
|
|turn|2
|
|switch|p1a: Breloom|Breloom, M|262\/262
|move|p2a: Landorus-Therian|Stealth Rock|p1a: Breloom
|-sidestart|p1: fuck christmas|move: Stealth Rock
|
|turn|3
|
|switch|p2a: Celebi|Celebi|403\/403
|move|p1a: Breloom|Spore|p2a: Celebi
|-fail|p2a: Celebi
|
|turn|4
|
|switch|p1a: Zapdos|Zapdos|384\/384
|-damage|p1a: Zapdos|288\/384|[from] Stealth Rock
|-ability|p1a: Zapdos|Pressure
|move|p2a: Celebi|Baton Pass|p2a: Celebi
|
|switch|p2a: Landorus-Therian|Landorus-Therian, M|382\/382
|-ability|p2a: Landorus-Therian|Intimidate|[of] p1a: Zapdos
|-unboost|p1a: Zapdos|atk|1
|
|-heal|p1a: Zapdos|312\/384|[from] item: Leftovers
|turn|5
|
|move|p1a: Zapdos|Hidden Power|p2a: Landorus-Therian
|-supereffective|p2a: Landorus-Therian
|-damage|p2a: Landorus-Therian|6\/382
|move|p2a: Landorus-Therian|Stone Edge|p1a: Zapdos
|-supereffective|p1a: Zapdos
|-damage|p1a: Zapdos|0 fnt
|faint|p1a: Zapdos
|
|-heal|p2a: Landorus-Therian|29\/382|[from] item: Leftovers
|
|switch|p1a: Garchomp|Garchomp, F|358\/358
|-damage|p1a: Garchomp|336\/358|[from] Stealth Rock
|turn|6
|
|switch|p2a: Sylveon|Sylveon, M|394\/394
|move|p1a: Garchomp|Dragon Claw|p2a: Sylveon
|-immune|p2a: Sylveon|[msg]
|
|turn|7
|
|switch|p1a: Heatran|Heatran, M|386\/386
|-damage|p1a: Heatran|338\/386|[from] Stealth Rock
|-item|p1a: Heatran|Air Balloon
|switch|p2a: Landorus-Therian|Landorus-Therian, M|29\/382
|-ability|p2a: Landorus-Therian|Intimidate|[of] p1a: Heatran
|-unboost|p1a: Heatran|atk|1
|
|-heal|p2a: Landorus-Therian|52\/382|[from] item: Leftovers
|turn|8
|
|move|p2a: Landorus-Therian|U-turn|p1a: Heatran
|-resisted|p1a: Heatran
|-damage|p1a: Heatran|316\/386
|-enditem|p1a: Heatran|Air Balloon
|
|switch|p2a: Tornadus-Therian|Tornadus-Therian, M|362\/362
|move|p1a: Heatran|Stealth Rock|p2a: Tornadus-Therian
|-sidestart|p2: bottlecrossyojaw|move: Stealth Rock
|
|turn|9
|
|switch|p1a: Azumarill|Azumarill, M|404\/404
|-damage|p1a: Azumarill|354\/404|[from] Stealth Rock
|move|p2a: Tornadus-Therian|Air Slash|p1a: Azumarill
|-damage|p1a: Azumarill|212\/404
|
|turn|10
|
|move|p2a: Tornadus-Therian|Air Slash|p1a: Azumarill
|-damage|p1a: Azumarill|76\/404
|move|p1a: Azumarill|Knock Off|p2a: Tornadus-Therian
|-damage|p2a: Tornadus-Therian|106\/362
|-enditem|p2a: Tornadus-Therian|Assault Vest|[from] move: Knock Off|[of] p1a: Azumarill
|
|turn|11
|
|switch|p2a: Celebi|Celebi|403\/403
|-damage|p2a: Celebi|353\/403|[from] Stealth Rock
|switch|p1a: Garchomp|Garchomp, F|336\/358
|-damage|p1a: Garchomp|314\/358|[from] Stealth Rock
|
|-heal|p2a: Celebi|378\/403|[from] item: Leftovers
|turn|12
|
|switch|p1a: Heatran|Heatran, M|316\/386
|-damage|p1a: Heatran|268\/386|[from] Stealth Rock
|move|p2a: Celebi|Baton Pass|p2a: Celebi
|
|switch|p2a: Landorus-Therian|Landorus-Therian, M|52\/382
|-damage|p2a: Landorus-Therian|5\/382|[from] Stealth Rock
|-ability|p2a: Landorus-Therian|Intimidate|[of] p1a: Heatran
|-unboost|p1a: Heatran|atk|1
|
|-heal|p2a: Landorus-Therian|28\/382|[from] item: Leftovers
|turn|13
|
|switch|p1a: Breloom|Breloom, M|262\/262
|-damage|p1a: Breloom|246\/262|[from] Stealth Rock
|move|p2a: Landorus-Therian|Earthquake|p1a: Breloom
|-resisted|p1a: Breloom
|-damage|p1a: Breloom|125\/262
|
|-heal|p2a: Landorus-Therian|51\/382|[from] item: Leftovers
|turn|14
|
|switch|p2a: Celebi|Celebi|378\/403
|-damage|p2a: Celebi|328\/403|[from] Stealth Rock
|move|p1a: Breloom|Rock Tomb|p2a: Celebi
|-damage|p2a: Celebi|221\/403
|-unboost|p2a: Celebi|spe|1
|
|-heal|p2a: Celebi|246\/403|[from] item: Leftovers
|turn|15
|
|switch|p1a: Heatran|Heatran, M|268\/386
|-damage|p1a: Heatran|220\/386|[from] Stealth Rock
|move|p2a: Celebi|Baton Pass|p2a: Celebi
|
|switch|p2a: Landorus-Therian|Landorus-Therian, M|51\/382
|-damage|p2a: Landorus-Therian|4\/382|[from] Stealth Rock
|-ability|p2a: Landorus-Therian|Intimidate|[of] p1a: Heatran
|-unboost|p1a: Heatran|atk|1
|
|-heal|p2a: Landorus-Therian|27\/382|[from] item: Leftovers
|turn|16
|
|switch|p1a: Breloom|Breloom, M|125\/262
|-damage|p1a: Breloom|109\/262|[from] Stealth Rock
|move|p2a: Landorus-Therian|Earthquake|p1a: Breloom
|-resisted|p1a: Breloom
|-damage|p1a: Breloom|0 fnt
|faint|p1a: Breloom
|
|-heal|p2a: Landorus-Therian|50\/382|[from] item: Leftovers
|
|switch|p1a: Azumarill|Azumarill, M|76\/404
|-damage|p1a: Azumarill|26\/404|[from] Stealth Rock
|turn|17
|
|switch|p2a: Klefki|Klefki, F|318\/318
|-damage|p2a: Klefki|299\/318|[from] Stealth Rock
|move|p1a: Azumarill|Knock Off|p2a: Klefki
|-resisted|p2a: Klefki
|-damage|p2a: Klefki|195\/318
|-enditem|p2a: Klefki|Leftovers|[from] move: Knock Off|[of] p1a: Azumarill
|
|turn|18
|
|switch|p1a: Diancie|Diancie|241\/241
|-damage|p1a: Diancie|211\/241|[from] Stealth Rock
|move|p2a: Klefki|Spikes|p1a: Diancie
|-sidestart|p1: fuck christmas|Spikes
|
|turn|19
|
|switch|p2a: Celebi|Celebi|246\/403
|-damage|p2a: Celebi|196\/403|[from] Stealth Rock
|detailschange|p1a: Diancie|Diancie-Mega
|message|Diancie has Mega Evolved into Mega Diancie!
|move|p1a: Diancie|Rock Polish|p1a: Diancie
|-boost|p1a: Diancie|spe|2
|
|-heal|p2a: Celebi|221\/403|[from] item: Leftovers
|turn|20
|
|switch|p1a: Heatran|Heatran, M|220\/386
|-damage|p1a: Heatran|172\/386|[from] Stealth Rock
|-damage|p1a: Heatran|124\/386|[from] Spikes
|move|p2a: Celebi|Giga Drain|p1a: Heatran
|-resisted|p1a: Heatran
|-damage|p1a: Heatran|110\/386
|-heal|p2a: Celebi|228\/403|[from] drain|[of] p1a: Heatran
|
|-heal|p2a: Celebi|253\/403|[from] item: Leftovers
|turn|21
|
|move|p2a: Celebi|Baton Pass|p2a: Celebi
|
|switch|p2a: Zapdos|Zapdos|384\/384
|-damage|p2a: Zapdos|288\/384|[from] Stealth Rock
|-ability|p2a: Zapdos|Pressure
|move|p1a: Heatran|Fire Blast|p2a: Zapdos
|-damage|p2a: Zapdos|113\/384
|
|-heal|p2a: Zapdos|137\/384|[from] item: Leftovers
|turn|22
|
|move|p2a: Zapdos|Roost|p2a: Zapdos
|-heal|p2a: Zapdos|329\/384
|move|p1a: Heatran|Earth Power|p2a: Zapdos
|-supereffective|p2a: Zapdos
|-damage|p2a: Zapdos|149\/384
|
|-heal|p2a: Zapdos|173\/384|[from] item: Leftovers
|turn|23
|
|move|p2a: Zapdos|Thunderbolt|p1a: Heatran
|-damage|p1a: Heatran|13\/386
|move|p1a: Heatran|Fire Blast|p2a: Zapdos
|-damage|p2a: Zapdos|0 fnt
|faint|p2a: Zapdos
|
|
|switch|p2a: Tornadus-Therian|Tornadus-Therian, M|226\/362
|-damage|p2a: Tornadus-Therian|136\/362|[from] Stealth Rock
|turn|24
|
|move|p2a: Tornadus-Therian|Air Slash|p1a: Heatran
|-resisted|p1a: Heatran
|-damage|p1a: Heatran|0 fnt
|faint|p1a: Heatran
|
|
|switch|p1a: Garchomp|Garchomp, F|314\/358
|-damage|p1a: Garchomp|270\/358|[from] Spikes
|-damage|p1a: Garchomp|248\/358|[from] Stealth Rock
|turn|25
|
|move|p1a: Garchomp|Earthquake|p2a: Tornadus-Therian
|-immune|p2a: Tornadus-Therian|[msg]
|move|p2a: Tornadus-Therian|Air Slash|p1a: Garchomp
|-damage|p1a: Garchomp|110\/358
|
|turn|26
|
|switch|p1a: Azumarill|Azumarill, M|26\/404
|-damage|p1a: Azumarill|0 fnt|[from] Spikes
|faint|p1a: Azumarill
|move|p2a: Tornadus-Therian|Air Slash|p1: Azumarill|[notarget]
|-notarget
|
|
|switch|p1a: Garchomp|Garchomp, F|110\/358
|-damage|p1a: Garchomp|88\/358|[from] Stealth Rock
|-damage|p1a: Garchomp|44\/358|[from] Spikes
|turn|27
|
|move|p1a: Garchomp|Dragon Claw|p2a: Tornadus-Therian
|-damage|p2a: Tornadus-Therian|0 fnt
|faint|p2a: Tornadus-Therian
|
|
|switch|p2a: Sylveon|Sylveon, M|394\/394
|-damage|p2a: Sylveon|345\/394|[from] Stealth Rock
|turn|28
|
|move|p1a: Garchomp|Dragon Claw|p2a: Sylveon
|-immune|p2a: Sylveon|[msg]
|move|p2a: Sylveon|Wish|p2a: Sylveon
|
|-heal|p2a: Sylveon|369\/394|[from] item: Leftovers
|turn|29
|
|move|p1a: Garchomp|Dragon Claw|p2a: Sylveon
|-immune|p2a: Sylveon|[msg]
|move|p2a: Sylveon|Hyper Voice|p1a: Garchomp
|-crit|p1a: Garchomp
|-supereffective|p1a: Garchomp
|-damage|p1a: Garchomp|0 fnt
|faint|p1a: Garchomp
|
|-heal|p2a: Sylveon|394\/394|[from] move: Wish|[wisher] Sylveon
|
|switch|p1a: Diancie|Diancie-Mega|211\/241
|-damage|p1a: Diancie|181\/241|[from] Stealth Rock
|-damage|p1a: Diancie|151\/241|[from] Spikes
|turn|30
|
|move|p1a: Diancie|Diamond Storm|p2a: Sylveon
|-damage|p2a: Sylveon|217\/394
|-boost|p1a: Diancie|def|1
|move|p2a: Sylveon|Wish|p2a: Sylveon
|
|-heal|p2a: Sylveon|241\/394|[from] item: Leftovers
|turn|31
|
|move|p1a: Diancie|Moonblast|p2a: Sylveon
|-damage|p2a: Sylveon|96\/394
|move|p2a: Sylveon|Hyper Voice|p1a: Diancie
|-damage|p1a: Diancie|13\/241
|
|-heal|p2a: Sylveon|293\/394|[from] move: Wish|[wisher] Sylveon
|-heal|p2a: Sylveon|317\/394|[from] item: Leftovers
|turn|32
|c|★fuck christmas|gg
|
|move|p1a: Diancie|Diamond Storm|p2a: Sylveon
|-damage|p2a: Sylveon|152\/394
|move|p2a: Sylveon|Hyper Voice|p1a: Diancie
|-damage|p1a: Diancie|0 fnt
|faint|p1a: Diancie
|
|win|bottlecrossyojaw
|raw|Ladder updating...
|c|★bottlecrossyojaw|gg
|raw|fuck christmas's rating: 1336 &rarr; <strong>1312<\/strong><br \/>(-24 for losing)
|raw|bottlecrossyojaw's rating: 1271 &rarr; <strong>1301<\/strong><br \/>(+30 for winning)
|leave|fuck christmas
|player|p1