|join|david D. ace
|join|Lucifer's Heritage
|player|p1|david D. ace|101
|player|p2|Lucifer's Heritage|269
|gametype|singles
|gen|6
|tier|UU
|rated
|rule|Sleep Clause Mod: Limit one foe put to sleep
|rule|Species Clause: Limit one of each Pokémon
|rule|OHKO Clause: OHKO moves are banned
|rule|Moody Clause: Moody is banned
|rule|Evasion Moves Clause: Evasion moves are banned
|rule|Endless Battle Clause: Forcing endless battles is banned
|rule|HP Percentage Mod: HP is shown in percentages
|clearpoke
|poke|p1|Braviary, M, shiny
|poke|p1|Blastoise, M, shiny
|poke|p1|Arcanine, M, shiny
|poke|p1|Donphan, M, shiny
|poke|p1|Blissey, F, shiny
|poke|p1|Chesnaught, F
|poke|p2|Lucario, M
|poke|p2|Chesnaught, M
|poke|p2|Blissey, F
|poke|p2|Donphan, M
|poke|p2|Jirachi
|poke|p2|Houndoom, M, shiny
|rule|Swagger Clause: Swagger is banned
|rule|Baton Pass Clause: Limit one Pokémon knowing Baton Pass
|teampreview
|
|start
|switch|p1a: Blastoise|Blastoise, M, shiny|362\/362
|switch|p2a: Keep Rollin|Donphan, M|384\/384
|turn|1
|
|switch|p2a: Evil Nurse|Blissey, F|652\/652
|move|p1a: Blastoise|Scald|p2a: Evil Nurse
|-damage|p2a: Evil Nurse|601\/652
|
|-heal|p2a: Evil Nurse|641\/652|[from] item: Leftovers
|turn|2
|
|move|p1a: Blastoise|Toxic|p2a: Evil Nurse
|-status|p2a: Evil Nurse|tox
|move|p2a: Evil Nurse|Thunder Wave|p1a: Blastoise
|-status|p1a: Blastoise|par
|
|-heal|p2a: Evil Nurse|652\/652 tox|[from] item: Leftovers
|-damage|p2a: Evil Nurse|612\/652 tox|[from] psn
|turn|3
|
|move|p2a: Evil Nurse|Seismic Toss|p1a: Blastoise
|-damage|p1a: Blastoise|262\/362 par
|cant|p1a: Blastoise|par
|
|-heal|p2a: Evil Nurse|652\/652 tox|[from] item: Leftovers
|-heal|p1a: Blastoise|284\/362 par|[from] item: Leftovers
|-damage|p2a: Evil Nurse|572\/652 tox|[from] psn
|turn|4
|
|switch|p2a: Mo's Embodyment|Jirachi|341\/341
|switch|p1a: Blissey|Blissey, F, shiny|714\/714
|
|turn|5
|
|move|p2a: Mo's Embodyment|Trick|p1a: Blissey
|-activate|p2a: Mo's Embodyment|move: Trick|[of] p1a: Blissey
|-item|p1a: Blissey|Choice Scarf|[from] move: Trick
|-item|p2a: Mo's Embodyment|Leftovers|[from] move: Trick
|move|p1a: Blissey|Counter|p2a: Mo's Embodyment
|-fail|p2a: Mo's Embodyment
|
|turn|6
|
|switch|p1a: Arcanine|Arcanine, M, shiny|384\/384
|-ability|p1a: Arcanine|Intimidate|[of] p2a: Mo's Embodyment
|-unboost|p2a: Mo's Embodyment|atk|1
|move|p2a: Mo's Embodyment|U-turn|p1a: Arcanine
|-resisted|p1a: Arcanine
|-damage|p1a: Arcanine|364\/384
|-damage|p2a: Mo's Embodyment|285\/341|[from] item: Rocky Helmet|[of] p1a: Arcanine
|
|switch|p2a: Keep Rollin|Donphan, M|384\/384
|
|turn|7
|
|move|p1a: Arcanine|Will-O-Wisp|p2a: Keep Rollin|[miss]
|-miss|p1a: Arcanine|p2a: Keep Rollin
|move|p2a: Keep Rollin|Knock Off|p1a: Arcanine
|-damage|p1a: Arcanine|295\/384
|-damage|p2a: Keep Rollin|320\/384|[from] item: Rocky Helmet|[of] p1a: Arcanine
|-enditem|p1a: Arcanine|Rocky Helmet|[from] move: Knock Off|[of] p2a: Keep Rollin
|
|-heal|p2a: Keep Rollin|344\/384|[from] item: Leftovers
|turn|8
|
|move|p1a: Arcanine|Fire Blast|p2a: Keep Rollin
|-damage|p2a: Keep Rollin|140\/384
|move|p2a: Keep Rollin|Stealth Rock|p1a: Arcanine
|-sidestart|p1: david D. ace|move: Stealth Rock
|
|-heal|p2a: Keep Rollin|164\/384|[from] item: Leftovers
|turn|9
|
|switch|p2a: Scooby Doom|Houndoom, M, shiny|291\/291
|move|p1a: Arcanine|Fire Blast|p2a: Scooby Doom
|-start|p2a: Scooby Doom|ability: Flash Fire
|
|turn|10
|
|detailschange|p2a: Scooby Doom|Houndoom-Mega, M, shiny
|-mega|p2a: Scooby Doom|Houndoom|Houndoominite
|move|p1a: Arcanine|Extreme Speed|p2a: Scooby Doom
|-damage|p2a: Scooby Doom|217\/291
|move|p2a: Scooby Doom|Dark Pulse|p1a: Arcanine
|-damage|p1a: Arcanine|105\/384
|
|turn|11
|
|move|p1a: Arcanine|Extreme Speed|p2a: Scooby Doom
|-damage|p2a: Scooby Doom|142\/291
|move|p2a: Scooby Doom|Dark Pulse|p1a: Arcanine
|-damage|p1a: Arcanine|0 fnt
|faint|p1a: Arcanine
|
|
|switch|p1a: Blissey|Blissey, F, shiny|714\/714
|-damage|p1a: Blissey|625\/714|[from] Stealth Rock
|turn|12
|
|move|p2a: Scooby Doom|Nasty Plot|p2a: Scooby Doom
|-boost|p2a: Scooby Doom|spa|2
|move|p1a: Blissey|Heal Bell|p1a: Blissey
|-cureteam|p1a: Blissey|[from] move: HealBell
|
|turn|13
|c|★Lucifer's Heritage|what dies though?
|
|switch|p1a: Blastoise|Blastoise, M, shiny|284\/362
|-damage|p1a: Blastoise|239\/362|[from] Stealth Rock
|move|p2a: Scooby Doom|Flamethrower|p1a: Blastoise
|-resisted|p1a: Blastoise
|-damage|p1a: Blastoise|61\/362
|
|-heal|p1a: Blastoise|83\/362|[from] item: Leftovers
|turn|14
|
|move|p2a: Scooby Doom|Flamethrower|p1a: Blastoise
|-resisted|p1a: Blastoise
|-damage|p1a: Blastoise|0 fnt
|faint|p1a: Blastoise
|
|c|★Lucifer's Heritage|where is the aqua jet? :P
|
|switch|p1a: Braviary|Braviary, M, shiny|342\/342
|-damage|p1a: Braviary|257\/342|[from] Stealth Rock
|turn|15
|
|switch|p2a: Keep Rollin|Donphan, M|164\/384
|move|p1a: Braviary|Brave Bird|p2a: Keep Rollin
|-damage|p2a: Keep Rollin|44\/384
|-damage|p1a: Braviary|217\/342|[from] recoil|[of] p2a: Keep Rollin
|
|-heal|p2a: Keep Rollin|68\/384|[from] item: Leftovers
|turn|16
|
|move|p2a: Keep Rollin|Ice Shard|p1a: Braviary
|-supereffective|p1a: Braviary
|-damage|p1a: Braviary|117\/342
|move|p1a: Braviary|Brave Bird|p2a: Keep Rollin
|-damage|p2a: Keep Rollin|0 fnt
|-damage|p1a: Braviary|95\/342|[from] recoil|[of] p2a: Keep Rollin
|faint|p2a: Keep Rollin
|
|
|switch|p2a: Mo's Embodyment|Jirachi|285\/341
|turn|17
|
|switch|p1a: Donphan|Donphan, M, shiny|384\/384
|-damage|p1a: Donphan|360\/384|[from] Stealth Rock
|move|p2a: Mo's Embodyment|U-turn|p1a: Donphan
|-damage|p1a: Donphan|317\/384
|-damage|p2a: Mo's Embodyment|229\/341|[from] item: Rocky Helmet|[of] p1a: Donphan
|
|switch|p2a: Scooby Doom|Houndoom-Mega, M, shiny|142\/291
|
|turn|18
|
|move|p2a: Scooby Doom|Flamethrower|p1a: Donphan
|-damage|p1a: Donphan|71\/384
|move|p1a: Donphan|Earthquake|p2a: Scooby Doom
|-supereffective|p2a: Scooby Doom
|-damage|p2a: Scooby Doom|0 fnt
|faint|p2a: Scooby Doom
|
|
|switch|p2a: Mo's Embodyment|Jirachi|229\/341
|turn|19
|
|move|p2a: Mo's Embodyment|Iron Head|p1a: Donphan
|-damage|p1a: Donphan|1\/384
|-damage|p2a: Mo's Embodyment|173\/341|[from] item: Rocky Helmet|[of] p1a: Donphan
|cant|p1a: Donphan|flinch
|
|-heal|p2a: Mo's Embodyment|194\/341|[from] item: Leftovers
|turn|20
|
|move|p1a: Donphan|Ice Shard|p2a: Mo's Embodyment
|-resisted|p2a: Mo's Embodyment
|-damage|p2a: Mo's Embodyment|176\/341
|move|p2a: Mo's Embodyment|U-turn|p1a: Donphan
|-damage|p1a: Donphan|0 fnt
|-damage|p2a: Mo's Embodyment|120\/341|[from] item: Rocky Helmet|[of] p1a: Donphan
|faint|p1a: Donphan
|
|switch|p2a: Thorns & Roses|Chesnaught, M|380\/380
|
|
|switch|p1a: Chesnaught|Chesnaught, F|380\/380
|-damage|p1a: Chesnaught|357\/380|[from] Stealth Rock
|turn|21
|
|move|p2a: Thorns & Roses|Toxic|p1a: Chesnaught
|-status|p1a: Chesnaught|tox
|move|p1a: Chesnaught|Spikes|p2a: Thorns & Roses
|-sidestart|p2: Lucifer's Heritage|Spikes
|
|-heal|p1a: Chesnaught|380\/380 tox|[from] item: Leftovers
|-damage|p1a: Chesnaught|357\/380 tox|[from] psn
|turn|22
|
|move|p1a: Chesnaught|Spikes|p2a: Thorns & Roses
|-sidestart|p2: Lucifer's Heritage|Spikes
|move|p2a: Thorns & Roses|Seed Bomb|p1a: Chesnaught
|-immune|p1a: Chesnaught|[msg]|[from] Bulletproof
|
|-heal|p1a: Chesnaught|380\/380 tox|[from] item: Leftovers
|-damage|p1a: Chesnaught|334\/380 tox|[from] psn
|turn|23
|
|move|p2a: Thorns & Roses|Leech Seed|p1a: Chesnaught
|-immune|p1a: Chesnaught|[msg]
|move|p1a: Chesnaught|Spikes|p2a: Thorns & Roses
|-sidestart|p2: Lucifer's Heritage|Spikes
|
|-heal|p1a: Chesnaught|357\/380 tox|[from] item: Leftovers
|-damage|p1a: Chesnaught|288\/380 tox|[from] psn
|turn|24
|
|move|p1a: Chesnaught|Spikes|p2a: Thorns & Roses
|-fail|p2a: Thorns & Roses
|move|p2a: Thorns & Roses|Leech Seed|p1a: Chesnaught
|-immune|p1a: Chesnaught|[msg]
|
|-heal|p1a: Chesnaught|311\/380 tox|[from] item: Leftovers
|-damage|p1a: Chesnaught|219\/380 tox|[from] psn
|turn|25
|c|★Lucifer's Heritage|is your blissey wish pass?
|
|move|p1a: Chesnaught|Drain Punch|p2a: Thorns & Roses
|-damage|p2a: Thorns & Roses|319\/380
|-heal|p1a: Chesnaught|250\/380 tox|[from] drain|[of] p2a: Thorns & Roses
|-damage|p1a: Chesnaught|187\/380 tox|[from] item: Rocky Helmet|[of] p2a: Thorns & Roses
|move|p2a: Thorns & Roses|Leech Seed|p1a: Chesnaught
|-immune|p1a: Chesnaught|[msg]
|
|-heal|p1a: Chesnaught|210\/380 tox|[from] item: Leftovers
|-damage|p1a: Chesnaught|95\/380 tox|[from] psn
|turn|26
|
|move|p2a: Thorns & Roses|Leech Seed|p1a: Chesnaught
|-immune|p1a: Chesnaught|[msg]
|move|p1a: Chesnaught|Drain Punch|p2a: Thorns & Roses
|-crit|p2a: Thorns & Roses
|-damage|p2a: Thorns & Roses|225\/380
|-heal|p1a: Chesnaught|142\/380 tox|[from] drain|[of] p2a: Thorns & Roses
|-damage|p1a: Chesnaught|79\/380 tox|[from] item: Rocky Helmet|[of] p2a: Thorns & Roses
|
|-heal|p1a: Chesnaught|102\/380 tox|[from] item: Leftovers
|-damage|p1a: Chesnaught|0 fnt|[from] psn
|faint|p1a: Chesnaught
|
|switch|p1a: Braviary|Braviary, M, shiny|95\/342
|-damage|p1a: Braviary|10\/342|[from] Stealth Rock
|turn|27
|
|move|p2a: Thorns & Roses|Spiky Shield|p2a: Thorns & Roses
|-singleturn|p2a: Thorns & Roses|move: Protect
|move|p1a: Braviary|Brave Bird|p2a: Thorns & Roses
|-activate|p2a: Thorns & Roses|move: Protect
|-damage|p1a: Braviary|0 fnt|[from] Spiky Shield|[of] p2a: Thorns & Roses
|faint|p1a: Braviary
|
|
|switch|p1a: Blissey|Blissey, F, shiny|625\/714
|-damage|p1a: Blissey|536\/714|[from] Stealth Rock
|turn|28
|
|move|p2a: Thorns & Roses|Leech Seed|p1a: Blissey
|-start|p1a: Blissey|move: Leech Seed
|move|p1a: Blissey|Counter|p2a: Thorns & Roses
|-fail|p2a: Thorns & Roses
|
|-damage|p1a: Blissey|447\/714|[from] Leech Seed|[of] p2a: Thorns & Roses
|-heal|p2a: Thorns & Roses|314\/380|[silent]
|turn|29
|-message|david D. ace forfeited.
|leave|david D. ace
|
|win|Lucifer's Heritage
|raw|Ladder updating...
|player|p1
|raw|david D. ace's rating: 1318 &rarr; <strong>1295<\/strong><br \/>(-23 for losing)
|raw|Lucifer&apos;s Heritage's rating: 1270 &rarr; <strong>1299<\/strong><br \/>(+29 for winning)