|join|kzzz
|join|Lucifer's Heritage
|player|p1|kzzz|107
|player|p2|Lucifer's Heritage|257
|gametype|singles
|gen|6
|tier|UU
|rated
|rule|Sleep Clause Mod: Limit one foe put to sleep
|rule|Species Clause: Limit one of each Pokémon
|rule|OHKO Clause: OHKO moves are banned
|rule|Moody Clause: Moody is banned
|rule|Evasion Moves Clause: Evasion moves are banned
|rule|Endless Battle Clause: Forcing endless battles is banned
|rule|HP Percentage Mod: HP is shown in percentages
|clearpoke
|poke|p1|Porygon-Z
|poke|p1|Espeon, M, shiny
|poke|p1|Haxorus, F
|poke|p1|Swampert, M
|poke|p1|Chandelure, F
|poke|p1|Machamp, M
|poke|p2|Houndoom, M, shiny
|poke|p2|Jirachi
|poke|p2|Chesnaught, M
|poke|p2|Blissey, F
|poke|p2|Donphan, M
|poke|p2|Lucario, M
|rule|Swagger Clause: Swagger is banned
|rule|Baton Pass Clause: Limit one Pokémon knowing Baton Pass
|teampreview
|
|start
|switch|p1a: Swampert|Swampert, M|341\/341
|switch|p2a: Hellsgate Guardian|Houndoom, M, shiny|291\/291
|turn|1
|
|detailschange|p2a: Hellsgate Guardian|Houndoom-Mega, M, shiny
|-mega|p2a: Hellsgate Guardian|Houndoom|Houndoominite
|detailschange|p1a: Swampert|Swampert-Mega, M
|-mega|p1a: Swampert|Swampert|Swampertite
|move|p2a: Hellsgate Guardian|Hidden Power|p1a: Swampert
|-supereffective|p1a: Swampert
|-damage|p1a: Swampert|37\/341
|move|p1a: Swampert|Earthquake|p2a: Hellsgate Guardian
|-supereffective|p2a: Hellsgate Guardian
|-damage|p2a: Hellsgate Guardian|0 fnt
|faint|p2a: Hellsgate Guardian
|
|
|switch|p2a: Anubis|Lucario, M|281\/281
|turn|2
|
|move|p2a: Anubis|Earthquake|p1a: Swampert
|-damage|p1a: Swampert|0 fnt
|faint|p1a: Swampert
|
|
|switch|p1a: Haxorus|Haxorus, F|293\/293
|-ability|p1a: Haxorus|Mold Breaker
|turn|3
|
|move|p1a: Haxorus|Earthquake|p2a: Anubis
|-supereffective|p2a: Anubis
|-enditem|p2a: Anubis|Focus Sash
|-damage|p2a: Anubis|1\/281
|move|p2a: Anubis|Close Combat|p1a: Haxorus
|-damage|p1a: Haxorus|100\/293
|-unboost|p2a: Anubis|def|1
|-unboost|p2a: Anubis|spd|1
|
|turn|4
|
|switch|p2a: Keep Rollin|Donphan, M|384\/384
|move|p1a: Haxorus|Dragon Claw|p2a: Keep Rollin
|-damage|p2a: Keep Rollin|282\/384
|
|-heal|p2a: Keep Rollin|306\/384|[from] item: Leftovers
|turn|5
|
|switch|p1a: Espeon|Espeon, M, shiny|333\/333
|move|p2a: Keep Rollin|Knock Off|p1a: Espeon
|-supereffective|p1a: Espeon
|-damage|p1a: Espeon|27\/333
|-enditem|p1a: Espeon|Light Clay|[from] move: Knock Off|[of] p2a: Keep Rollin
|
|-heal|p2a: Keep Rollin|330\/384|[from] item: Leftovers
|turn|6
|
|move|p2a: Keep Rollin|Ice Shard|p1a: Espeon
|-damage|p1a: Espeon|0 fnt
|faint|p1a: Espeon
|
|-heal|p2a: Keep Rollin|354\/384|[from] item: Leftovers
|
|switch|p1a: Chandelure|Chandelure, F|323\/323
|-item|p1a: Chandelure|Air Balloon
|turn|7
|
|switch|p2a: Evil Nurse|Blissey, F|651\/651
|move|p1a: Chandelure|Energy Ball|p2a: Evil Nurse
|-damage|p2a: Evil Nurse|573\/651
|-unboost|p2a: Evil Nurse|spd|1
|
|-heal|p2a: Evil Nurse|613\/651|[from] item: Leftovers
|turn|8
|
|switch|p2a: Anubis|Lucario, M|1\/281
|move|p1a: Chandelure|Taunt|p2a: Anubis
|-start|p2a: Anubis|move: Taunt
|
|turn|9
|
|switch|p2a: Evil Nurse|Blissey, F|613\/651
|switch|p1a: Machamp|Machamp, M|383\/383
|
|-heal|p2a: Evil Nurse|651\/651|[from] item: Leftovers
|turn|10
|
|switch|p2a: Magic Thorn|Chesnaught, M|380\/380
|move|p1a: Machamp|Dynamic Punch|p2a: Magic Thorn
|-damage|p2a: Magic Thorn|266\/380
|-damage|p1a: Machamp|320\/383|[from] item: Rocky Helmet|[of] p2a: Magic Thorn
|-start|p2a: Magic Thorn|confusion
|
|turn|11
|
|-activate|p2a: Magic Thorn|confusion
|move|p2a: Magic Thorn|Toxic|p1a: Machamp
|-status|p1a: Machamp|tox
|move|p1a: Machamp|Knock Off|p2a: Magic Thorn
|-resisted|p2a: Magic Thorn
|-damage|p2a: Magic Thorn|228\/380
|-damage|p1a: Machamp|257\/383 tox|[from] item: Rocky Helmet|[of] p2a: Magic Thorn
|-enditem|p2a: Magic Thorn|Rocky Helmet|[from] move: Knock Off|[of] p1a: Machamp
|
|-damage|p1a: Machamp|234\/383 tox|[from] psn
|turn|12
|
|switch|p1a: Chandelure|Chandelure, F|323\/323
|-item|p1a: Chandelure|Air Balloon
|-activate|p2a: Magic Thorn|confusion
|move|p2a: Magic Thorn|Leech Seed|p1a: Chandelure|[miss]
|-miss|p2a: Magic Thorn|p1a: Chandelure
|
|turn|13
|
|switch|p2a: Evil Nurse|Blissey, F|651\/651
|move|p1a: Chandelure|Flamethrower|p2a: Evil Nurse
|-damage|p2a: Evil Nurse|533\/651
|
|-heal|p2a: Evil Nurse|573\/651|[from] item: Leftovers
|turn|14
|
|switch|p2a: Mo's Embodyment|Jirachi|341\/341
|move|p1a: Chandelure|Taunt|p2a: Mo's Embodyment
|-start|p2a: Mo's Embodyment|move: Taunt
|
|turn|15
|
|move|p2a: Mo's Embodyment|U-turn|p1a: Chandelure
|-resisted|p1a: Chandelure
|-damage|p1a: Chandelure|306\/323
|-enditem|p1a: Chandelure|Air Balloon
|
|switch|p2a: Magic Thorn|Chesnaught, M|228\/380
|move|p1a: Chandelure|Flamethrower|p2a: Magic Thorn
|-supereffective|p2a: Magic Thorn
|-damage|p2a: Magic Thorn|0 fnt
|faint|p2a: Magic Thorn
|
|
|switch|p2a: Anubis|Lucario, M|1\/281
|turn|16
|
|switch|p1a: Machamp|Machamp, M|234\/383 tox
|move|p2a: Anubis|Earthquake|p1a: Machamp
|-damage|p1a: Machamp|108\/383 tox
|
|-damage|p1a: Machamp|85\/383 tox|[from] psn
|turn|17
|
|switch|p2a: Keep Rollin|Donphan, M|354\/384
|move|p1a: Machamp|Bullet Punch|p2a: Keep Rollin
|-damage|p2a: Keep Rollin|316\/384
|
|-heal|p2a: Keep Rollin|340\/384|[from] item: Leftovers
|-damage|p1a: Machamp|39\/383 tox|[from] psn
|turn|18
|
|move|p1a: Machamp|Dynamic Punch|p2a: Keep Rollin
|-damage|p2a: Keep Rollin|201\/384
|-start|p2a: Keep Rollin|confusion
|-activate|p2a: Keep Rollin|confusion
|-damage|p2a: Keep Rollin|169\/384|[from] confusion
|
|-heal|p2a: Keep Rollin|193\/384|[from] item: Leftovers
|-damage|p1a: Machamp|0 fnt|[from] psn
|faint|p1a: Machamp
|
|switch|p1a: Porygon-Z|Porygon-Z|311\/311
|turn|19
|
|switch|p2a: Evil Nurse|Blissey, F|573\/651
|move|p1a: Porygon-Z|Trick|p2a: Evil Nurse
|-activate|p1a: Porygon-Z|move: Trick|[of] p2a: Evil Nurse
|-item|p2a: Evil Nurse|Choice Scarf|[from] move: Trick
|-item|p1a: Porygon-Z|Leftovers|[from] move: Trick
|
|turn|20
|
|switch|p1a: Haxorus|Haxorus, F|100\/293
|-ability|p1a: Haxorus|Mold Breaker
|move|p2a: Evil Nurse|Thunder Wave|p1a: Haxorus
|-status|p1a: Haxorus|par
|-enditem|p1a: Haxorus|Lum Berry|[eat]
|-curestatus|p1a: Haxorus|par
|
|turn|21
|
|move|p1a: Haxorus|Dragon Claw|p2a: Evil Nurse
|-damage|p2a: Evil Nurse|270\/651
|move|p2a: Evil Nurse|Thunder Wave|p1a: Haxorus
|-status|p1a: Haxorus|par
|
|turn|22
|
|switch|p2a: Keep Rollin|Donphan, M|193\/384
|cant|p1a: Haxorus|par
|
|-heal|p2a: Keep Rollin|217\/384|[from] item: Leftovers
|turn|23
|
|move|p2a: Keep Rollin|Stealth Rock|p1a: Haxorus
|-sidestart|p1: kzzz|move: Stealth Rock
|cant|p1a: Haxorus|par
|
|-heal|p2a: Keep Rollin|241\/384|[from] item: Leftovers
|turn|24
|c|★Lucifer's Heritage|lag check
|
|move|p2a: Keep Rollin|Ice Shard|p1a: Haxorus
|-supereffective|p1a: Haxorus
|-damage|p1a: Haxorus|16\/293 par
|move|p1a: Haxorus|Dragon Claw|p2a: Keep Rollin
|-damage|p2a: Keep Rollin|123\/384
|
|-heal|p2a: Keep Rollin|147\/384|[from] item: Leftovers
|turn|25
|
|move|p2a: Keep Rollin|Knock Off|p1a: Haxorus
|-damage|p1a: Haxorus|0 fnt
|faint|p1a: Haxorus
|
|-heal|p2a: Keep Rollin|171\/384|[from] item: Leftovers
|
|switch|p1a: Porygon-Z|Porygon-Z|311\/311
|-damage|p1a: Porygon-Z|273\/311|[from] Stealth Rock
|turn|26
|
|move|p1a: Porygon-Z|Tri Attack|p2a: Keep Rollin
|-damage|p2a: Keep Rollin|0 fnt
|faint|p2a: Keep Rollin
|
|-heal|p1a: Porygon-Z|292\/311|[from] item: Leftovers
|
|switch|p2a: Evil Nurse|Blissey, F|270\/651
|turn|27
|
|move|p1a: Porygon-Z|Hyper Beam|p2a: Evil Nurse
|-damage|p2a: Evil Nurse|44\/651
|move|p2a: Evil Nurse|Thunder Wave|p1a: Porygon-Z
|-status|p1a: Porygon-Z|par
|
|-heal|p1a: Porygon-Z|311\/311 par|[from] item: Leftovers
|turn|28
|
|switch|p2a: Anubis|Lucario, M|1\/281
|cant|p1a: Porygon-Z|recharge
|
|turn|29
|c|★Lucifer's Heritage|gg
|
|move|p2a: Anubis|Close Combat|p1a: Porygon-Z
|-supereffective|p1a: Porygon-Z
|-damage|p1a: Porygon-Z|0 fnt
|-unboost|p2a: Anubis|def|1
|-unboost|p2a: Anubis|spd|1
|faint|p1a: Porygon-Z
|
|
|switch|p1a: Chandelure|Chandelure, F|306\/323
|-damage|p1a: Chandelure|226\/323|[from] Stealth Rock
|turn|30
|
|move|p2a: Anubis|Earthquake|p1a: Chandelure
|-crit|p1a: Chandelure
|-supereffective|p1a: Chandelure
|-damage|p1a: Chandelure|0 fnt
|faint|p1a: Chandelure
|
|win|Lucifer's Heritage
|raw|Ladder updating...
|raw|kzzz's rating: 1416 &rarr; <strong>1394<\/strong><br \/>(-22 for losing)
|raw|Lucifer&apos;s Heritage's rating: 1378 &rarr; <strong>1400<\/strong><br \/>(+22 for winning)
|leave|kzzz
|player|p1