|join|In My Arms
|join|wishful thinking 1
|player|p1|In My Arms|33
|player|p2|wishful thinking 1|101
|gametype|singles
|gen|6
|tier|UU
|rated
|rule|Sleep Clause Mod: Limit one foe put to sleep
|rule|Species Clause: Limit one of each Pokémon
|rule|OHKO Clause: OHKO moves are banned
|rule|Moody Clause: Moody is banned
|rule|Evasion Moves Clause: Evasion moves are banned
|rule|Endless Battle Clause: Forcing endless battles is banned
|rule|HP Percentage Mod: HP is shown in percentages
|clearpoke
|poke|p1|Sharpedo, M, shiny
|poke|p1|Swampert, F, shiny
|poke|p1|Noivern, F, shiny
|poke|p1|Empoleon, F, shiny
|poke|p1|Infernape, M
|poke|p1|Toxicroak, F, shiny
|poke|p2|Empoleon, F
|poke|p2|Infernape, F
|poke|p2|Jellicent, M
|poke|p2|Porygon2
|poke|p2|Aerodactyl, M
|poke|p2|Hippowdon, M
|rule|Swagger Clause: Swagger is banned
|rule|Baton Pass Clause: Limit one Pokémon knowing Baton Pass
|teampreview
|
|start
|switch|p1a: Infernape|Infernape, M|294\/294
|switch|p2a: Infernape|Infernape, F|293\/293
|turn|1
|
|switch|p2a: Jellicent|Jellicent, M|373\/373
|move|p1a: Infernape|Stealth Rock|p2a: Jellicent
|-sidestart|p2: wishful thinking 1|move: Stealth Rock
|
|turn|2
|
|move|p1a: Infernape|Grass Knot|p2a: Jellicent
|-supereffective|p2a: Jellicent
|-damage|p2a: Jellicent|193\/373
|move|p2a: Jellicent|Scald|p1a: Infernape
|-supereffective|p1a: Infernape
|-damage|p1a: Infernape|76\/294
|
|-heal|p2a: Jellicent|216\/373|[from] item: Leftovers
|turn|3
|
|move|p1a: Infernape|Grass Knot|p2a: Jellicent
|-supereffective|p2a: Jellicent
|-damage|p2a: Jellicent|42\/373
|move|p2a: Jellicent|Recover|p2a: Jellicent
|-heal|p2a: Jellicent|229\/373
|
|-heal|p2a: Jellicent|252\/373|[from] item: Leftovers
|turn|4
|
|move|p1a: Infernape|Grass Knot|p2a: Jellicent
|-supereffective|p2a: Jellicent
|-damage|p2a: Jellicent|78\/373
|move|p2a: Jellicent|Scald|p1a: Infernape
|-supereffective|p1a: Infernape
|-damage|p1a: Infernape|0 fnt
|faint|p1a: Infernape
|
|-heal|p2a: Jellicent|101\/373|[from] item: Leftovers
|
|switch|p1a: Toxicroak|Toxicroak, F, shiny|308\/308
|turn|5
|
|switch|p2a: Hippowdon|Hippowdon, M|420\/420
|-damage|p2a: Hippowdon|394\/420|[from] Stealth Rock
|-weather|Sandstorm
|move|p1a: Toxicroak|Sludge Wave|p2a: Hippowdon
|-crit|p2a: Hippowdon
|-resisted|p2a: Hippowdon
|-damage|p2a: Hippowdon|213\/420
|-status|p2a: Hippowdon|psn
|-damage|p1a: Toxicroak|278\/308|[from] item: Life Orb
|
|-weather|Sandstorm|[upkeep]
|-damage|p1a: Toxicroak|259\/308|[from] sandstorm
|-heal|p2a: Hippowdon|239\/420 psn|[from] item: Leftovers
|-damage|p2a: Hippowdon|187\/420 psn|[from] psn
|turn|6
|
|move|p1a: Toxicroak|Focus Blast|p2a: Hippowdon
|-damage|p2a: Hippowdon|0 fnt
|-damage|p1a: Toxicroak|229\/308|[from] item: Life Orb
|faint|p2a: Hippowdon
|
|-weather|Sandstorm|[upkeep]
|-damage|p1a: Toxicroak|210\/308|[from] sandstorm
|
|switch|p2a: Aerodactyl|Aerodactyl, M|301\/301
|-damage|p2a: Aerodactyl|226\/301|[from] Stealth Rock
|-ability|p2a: Aerodactyl|Pressure
|turn|7
|
|switch|p1a: Empoleon|Empoleon, F, shiny|353\/353
|detailschange|p2a: Aerodactyl|Aerodactyl-Mega, M
|-mega|p2a: Aerodactyl|Aerodactyl|Aerodactylite
|move|p2a: Aerodactyl|Aerial Ace|p1a: Empoleon
|-resisted|p1a: Empoleon
|-damage|p1a: Empoleon|271\/353
|
|-weather|Sandstorm|[upkeep]
|turn|8
|
|switch|p2a: Empoleon|Empoleon, F|372\/372
|-damage|p2a: Empoleon|349\/372|[from] Stealth Rock
|move|p1a: Empoleon|Swords Dance|p1a: Empoleon
|-boost|p1a: Empoleon|atk|2
|
|-weather|Sandstorm|[upkeep]
|-heal|p2a: Empoleon|372\/372|[from] item: Leftovers
|turn|9
|
|move|p1a: Empoleon|Knock Off|p2a: Empoleon
|-damage|p2a: Empoleon|176\/372
|-enditem|p2a: Empoleon|Leftovers|[from] move: Knock Off|[of] p1a: Empoleon
|move|p2a: Empoleon|Defog|p1a: Empoleon
|-unboost|p1a: Empoleon|evasion|1
|-boost|p1a: Empoleon|atk|2|[from] ability: Defiant
|-sideend|p2: wishful thinking 1|Stealth Rock|[from] move: Defog|[of] p2a: Empoleon
|
|-weather|none
|turn|10
|
|move|p1a: Empoleon|Knock Off|p2a: Empoleon
|-damage|p2a: Empoleon|0 fnt
|faint|p2a: Empoleon
|
|
|switch|p2a: Porygon2|Porygon2|374\/374
|-boost|p2a: Porygon2|atk|1|[from] ability: Download
|turn|11
|
|move|p1a: Empoleon|Knock Off|p2a: Porygon2
|-damage|p2a: Porygon2|196\/374
|-enditem|p2a: Porygon2|Eviolite|[from] move: Knock Off|[of] p1a: Empoleon
|move|p2a: Porygon2|Thunderbolt|p1a: Empoleon
|-supereffective|p1a: Empoleon
|-damage|p1a: Empoleon|123\/353
|
|turn|12
|
|move|p1a: Empoleon|Drill Peck|p2a: Porygon2
|-damage|p2a: Porygon2|0 fnt
|faint|p2a: Porygon2
|
|join|blarajan
|
|switch|p2a: Infernape|Infernape, F|293\/293
|turn|13
|-message|wishful thinking 1 forfeited.
|leave|wishful thinking 1
|
|move|p2a: Infernape|Mach Punch|p1a: Empoleon
|-supereffective|p1a: Empoleon
|-enditem|p1a: Empoleon|Chople Berry|[eat]
|-damage|p1a: Empoleon|40\/353
|-damage|p2a: Infernape|264\/293|[from] item: Life Orb
|move|p1a: Empoleon|Aqua Jet|p2a: Infernape
|-supereffective|p2a: Infernape
|-damage|p2a: Infernape|0 fnt
|faint|p2a: Infernape
|
|c|★In My Arms|l0l
|c|★In My Arms|get fucked
|
|win|In My Arms
|raw|Ladder updating...
|player|p2
|raw|In My Arms's rating: 1527 &rarr; <strong>1557<\/strong><br \/>(+30 for winning)
|raw|wishful thinking 1's rating: 1699 &rarr; <strong>1670<\/strong><br \/>(-29 for losing)