|join|Sweet Symphony
|join|KingNotPrince
|player|p1|Sweet Symphony|290
|player|p2|KingNotPrince|179
|gametype|singles
|gen|6
|tier|OU
|rated
|clearpoke
|poke|p1|Magnezone, shiny
|poke|p1|Gyarados, F, shiny
|poke|p1|Pinsir, F, shiny
|poke|p1|Thundurus, M
|poke|p1|Latias, F
|poke|p1|Mamoswine, M
|poke|p2|Clefable, F
|poke|p2|Tyranitar, M
|poke|p2|Excadrill, M, shiny
|poke|p2|Thundurus, M, shiny
|poke|p2|Keldeo, shiny
|poke|p2|Dragonite, M
|rule|Swagger Clause: Swagger is banned
|rule|Baton Pass Clause: Limit one Pokémon knowing Baton Pass
|rule|Sleep Clause Mod: Limit one foe put to sleep
|rule|Species Clause: Limit one of each Pokémon
|rule|OHKO Clause: OHKO moves are banned
|rule|Moody Clause: Moody is banned
|rule|Evasion Moves Clause: Evasion moves are banned
|rule|Endless Battle Clause: Forcing endless battles is banned
|rule|HP Percentage Mod: HP is shown in percentages
|teampreview
|
|start
|switch|p1a: Mamoswine|Mamoswine, M|362\/362
|switch|p2a: Keldeoli|Keldeo, shiny|324\/324
|turn|1
|join|vapporeon
|
|switch|p1a: Latias|Latias, F|320\/320
|move|p2a: Keldeoli|Scald|p1a: Latias
|-resisted|p1a: Latias
|-damage|p1a: Latias|236\/320
|
|turn|2
|
|switch|p1a: Mamoswine|Mamoswine, M|362\/362
|switch|p2a: Clefablund|Clefable, F|394\/394
|
|turn|3
|
|move|p1a: Mamoswine|Stealth Rock|p2a: Clefablund
|-sidestart|p2: KingNotPrince|move: Stealth Rock
|move|p2a: Clefablund|Moonblast|p1a: Mamoswine
|-damage|p1a: Mamoswine|194\/362
|
|turn|4
|
|move|p1a: Mamoswine|Earthquake|p2a: Clefablund
|-damage|p2a: Clefablund|226\/394
|move|p2a: Clefablund|Fire Blast|p1a: Mamoswine
|-supereffective|p1a: Mamoswine
|-damage|p1a: Mamoswine|58\/362
|-status|p1a: Mamoswine|brn
|
|-heal|p2a: Clefablund|250\/394|[from] item: Leftovers
|-damage|p1a: Mamoswine|13\/362 brn|[from] brn
|turn|5
|
|move|p1a: Mamoswine|Endeavor|p2a: Clefablund
|-damage|p2a: Clefablund|13\/394
|move|p2a: Clefablund|Stealth Rock|p1a: Mamoswine
|-sidestart|p1: Sweet Symphony|move: Stealth Rock
|
|-heal|p2a: Clefablund|37\/394|[from] item: Leftovers
|-damage|p1a: Mamoswine|0 fnt|[from] brn
|faint|p1a: Mamoswine
|
|switch|p1a: Magnezone|Magnezone, shiny|282\/282
|-damage|p1a: Magnezone|265\/282|[from] Stealth Rock
|turn|6
|
|move|p1a: Magnezone|Volt Switch|p2a: Clefablund
|-damage|p2a: Clefablund|0 fnt
|faint|p2a: Clefablund
|
|switch|p1a: Latias|Latias, F|236\/320
|-damage|p1a: Latias|196\/320|[from] Stealth Rock
|
|
|switch|p2a: Tsunadurus|Thundurus, M, shiny|299\/299
|-damage|p2a: Tsunadurus|225\/299|[from] Stealth Rock
|turn|7
|c|★KingNotPrince|missclick
|
|move|p2a: Tsunadurus|Knock Off|p1a: Latias
|-supereffective|p1a: Latias
|-damage|p1a: Latias|0 fnt
|-enditem|p1a: Latias|Life Orb|[from] move: Knock Off|[of] p2a: Tsunadurus
|-damage|p2a: Tsunadurus|196\/299|[from] item: Life Orb
|faint|p1a: Latias
|
|c|★KingNotPrince|:(
|
|switch|p1a: Magnezone|Magnezone, shiny|265\/282
|-damage|p1a: Magnezone|248\/282|[from] Stealth Rock
|turn|8
|
|move|p1a: Magnezone|Flash Cannon|p2a: Tsunadurus
|-resisted|p2a: Tsunadurus
|-damage|p2a: Tsunadurus|113\/299
|move|p2a: Tsunadurus|Superpower|p1a: Magnezone
|-supereffective|p1a: Magnezone
|-damage|p1a: Magnezone|0 fnt
|-unboost|p2a: Tsunadurus|atk|1
|-unboost|p2a: Tsunadurus|def|1
|-damage|p2a: Tsunadurus|84\/299|[from] item: Life Orb
|faint|p1a: Magnezone
|
|
|switch|p1a: Pinsir|Pinsir, F, shiny|272\/272
|-damage|p1a: Pinsir|204\/272|[from] Stealth Rock
|turn|9
|
|switch|p2a: Tyraneeltar|Tyranitar, M|341\/341
|-damage|p2a: Tyraneeltar|299\/341|[from] Stealth Rock
|-weather|Sandstorm
|move|p1a: Pinsir|Quick Attack|p2a: Tyraneeltar
|-resisted|p2a: Tyraneeltar
|-damage|p2a: Tyraneeltar|279\/341
|
|-weather|Sandstorm|[upkeep]
|-damage|p1a: Pinsir|187\/272|[from] sandstorm
|turn|10
|
|detailschange|p1a: Pinsir|Pinsir-Mega, F, shiny
|message|Pinsir has Mega Evolved into Mega Pinsir!
|detailschange|p2a: Tyraneeltar|Tyranitar-Mega, M
|message|Tyranitar has Mega Evolved into Mega Tyranitar!
|move|p1a: Pinsir|Close Combat|p2a: Tyraneeltar
|-supereffective|p2a: Tyraneeltar
|-damage|p2a: Tyraneeltar|0 fnt
|-unboost|p1a: Pinsir|def|1
|-unboost|p1a: Pinsir|spd|1
|faint|p2a: Tyraneeltar
|
|-weather|Sandstorm|[upkeep]
|-damage|p1a: Pinsir|170\/272|[from] sandstorm
|
|switch|p2a: Excasedrill|Excadrill, M, shiny|362\/362
|-damage|p2a: Excasedrill|351\/362|[from] Stealth Rock
|turn|11
|
|move|p2a: Excasedrill|Rock Slide|p1a: Pinsir
|-supereffective|p1a: Pinsir
|-damage|p1a: Pinsir|0 fnt
|-damage|p2a: Excasedrill|315\/362|[from] item: Life Orb
|faint|p1a: Pinsir
|
|-weather|Sandstorm|[upkeep]
|
|switch|p1a: Gyarados|Gyarados, F, shiny|348\/348
|-damage|p1a: Gyarados|261\/348|[from] Stealth Rock
|turn|12
|
|move|p2a: Excasedrill|Rock Slide|p1a: Gyarados
|-supereffective|p1a: Gyarados
|-damage|p1a: Gyarados|0 fnt
|-damage|p2a: Excasedrill|279\/362|[from] item: Life Orb
|faint|p1a: Gyarados
|
|-weather|Sandstorm|[upkeep]
|
|switch|p1a: Thundurus|Thundurus, M|299\/299
|-damage|p1a: Thundurus|225\/299|[from] Stealth Rock
|turn|13
|
|move|p2a: Excasedrill|Rock Slide|p1a: Thundurus
|-miss|p2a: Excasedrill|p1a: Thundurus
|move|p1a: Thundurus|Superpower|p2a: Excasedrill
|-supereffective|p2a: Excasedrill
|-damage|p2a: Excasedrill|0 fnt
|-unboost|p1a: Thundurus|atk|1
|-unboost|p1a: Thundurus|def|1
|-damage|p1a: Thundurus|196\/299|[from] item: Life Orb
|faint|p2a: Excasedrill
|
|-weather|none
|
|switch|p2a: Dra8astard|Dragonite, M|323\/323
|-damage|p2a: Dra8astard|243\/323|[from] Stealth Rock
|turn|14
|
|move|p2a: Dra8astard|Extreme Speed|p1a: Thundurus
|-damage|p1a: Thundurus|0 fnt
|faint|p1a: Thundurus
|
|win|KingNotPrince
|raw|Ladder updating...
|raw|Sweet Symphony's rating: 1701 &rarr; <strong>1683<\/strong><br \/>(-18 for losing)
|raw|KingNotPrince's rating: 1736 &rarr; <strong>1754<\/strong><br \/>(+18 for winning)
|c|★Sweet Symphony|hu3
|c|★KingNotPrince|gg
|leave|Sweet Symphony
|player|p1