|join|Sweet Symphony
|join|diobel64
|player|p1|Sweet Symphony|144
|player|p2|diobel64|77
|gametype|singles
|gen|6
|tier|OU
|rated
|clearpoke
|poke|p1|Landorus, M
|poke|p1|Hippowdon, M
|poke|p1|Kyurem-Black
|poke|p1|Excadrill, M
|poke|p1|Rotom-Wash
|poke|p1|Venusaur, F
|poke|p2|Medicham, F
|poke|p2|Rotom-Wash
|poke|p2|Gliscor, M
|poke|p2|Sylveon, F
|poke|p2|Heatran, M
|poke|p2|Gothitelle, M
|rule|Swagger Clause: Swagger is banned
|rule|Baton Pass Clause: Limit one Pokémon knowing Baton Pass
|rule|Sleep Clause Mod: Limit one foe put to sleep
|rule|Species Clause: Limit one of each Pokémon
|rule|OHKO Clause: OHKO moves are banned
|rule|Moody Clause: Moody is banned
|rule|Evasion Moves Clause: Evasion moves are banned
|rule|Endless Battle Clause: Forcing endless battles is banned
|rule|HP Percentage Mod: HP is shown in percentages
|teampreview
|c|★Sweet Symphony|:OOOOOOOOOOOO
|c|★diobel64|:O
|c|★Sweet Symphony|es test :x
|c|★Sweet Symphony|:u
|c|★diobel64|a mi me acaba de haxear un noob
|c|★diobel64|:x
|c|★Sweet Symphony|1690
|c|★Sweet Symphony|que  nub
|
|start
|switch|p1a: Hippowdon|Hippowdon, M|420\/420
|switch|p2a: rolo the noob|Gliscor, M|354\/354
|-weather|Sandstorm
|turn|1
|c|★diobel64|era un noob de 1500
|c|★diobel64|forfetie a la mierda uwu
|
|move|p2a: rolo the noob|Stealth Rock|p1a: Hippowdon
|-sidestart|p1: Sweet Symphony|move: Stealth Rock
|move|p1a: Hippowdon|Stealth Rock|p2a: rolo the noob
|-sidestart|p2: diobel64|move: Stealth Rock
|
|-weather|Sandstorm|[upkeep]
|-status|p2a: rolo the noob|tox|[from] item: Toxic Orb
|turn|2
|
|switch|p1a: Venusaur|Venusaur, F|364\/364
|-damage|p1a: Venusaur|319\/364|[from] Stealth Rock
|move|p2a: rolo the noob|Toxic|p1a: Venusaur
|-fail|p1a: Venusaur
|
|-weather|Sandstorm|[upkeep]
|-damage|p1a: Venusaur|297\/364|[from] sandstorm
|turn|3
|c|★diobel64|ya sabia que lo sacarias
|c|★diobel64|no te quise dejar como noob
|c|★Sweet Symphony|:u
|c|★Sweet Symphony|que op
|
|switch|p2a: astorga the pro|Heatran, M|385\/385
|-damage|p2a: astorga the pro|337\/385|[from] Stealth Rock
|detailschange|p1a: Venusaur|Venusaur-Mega, F
|message|Venusaur has Mega Evolved into Mega Venusaur!
|move|p1a: Venusaur|Leech Seed|p2a: astorga the pro
|-start|p2a: astorga the pro|move: Leech Seed
|
|-weather|Sandstorm|[upkeep]
|-damage|p1a: Venusaur|275\/364|[from] sandstorm
|-heal|p2a: astorga the pro|361\/385|[from] item: Leftovers
|-damage|p2a: astorga the pro|313\/385|[from] Leech Seed|[of] p1a: Venusaur
|-heal|p1a: Venusaur|323\/364|[silent]
|turn|4
|c|★Sweet Symphony|es venusaur fisico bebe
|c|★diobel64|oc
|
|switch|p1a: Rotom-Wash|Rotom-Wash|304\/304
|-damage|p1a: Rotom-Wash|266\/304|[from] Stealth Rock
|switch|p2a: nico the faper|Medicham, F|261\/261
|-damage|p2a: nico the faper|245\/261|[from] Stealth Rock
|
|-weather|Sandstorm|[upkeep]
|-damage|p2a: nico the faper|229\/261|[from] sandstorm
|-damage|p1a: Rotom-Wash|247\/304|[from] sandstorm
|-heal|p1a: Rotom-Wash|266\/304|[from] item: Leftovers
|turn|5
|
|switch|p1a: Hippowdon|Hippowdon, M|420\/420
|-damage|p1a: Hippowdon|394\/420|[from] Stealth Rock
|detailschange|p2a: nico the faper|Medicham-Mega, F
|message|Medicham has Mega Evolved into Mega Medicham!
|move|p2a: nico the faper|Fake Out|p1a: Hippowdon
|-crit|p1a: Hippowdon
|-damage|p1a: Hippowdon|306\/420
|
|-weather|none
|-heal|p1a: Hippowdon|332\/420|[from] item: Leftovers
|turn|6
|
|switch|p2a: rolo the noob|Gliscor, M|354\/354 tox
|-damage|p2a: rolo the noob|310\/354 tox|[from] Stealth Rock
|move|p1a: Hippowdon|Earthquake|p2a: rolo the noob
|-immune|p2a: rolo the noob|[msg]
|
|-heal|p1a: Hippowdon|358\/420|[from] item: Leftovers
|-heal|p2a: rolo the noob|354\/354 tox|[from] ability: Poison Heal
|turn|7
|
|switch|p1a: Rotom-Wash|Rotom-Wash|266\/304
|-damage|p1a: Rotom-Wash|228\/304|[from] Stealth Rock
|move|p2a: rolo the noob|Toxic|p1a: Rotom-Wash
|-status|p1a: Rotom-Wash|tox
|
|-heal|p1a: Rotom-Wash|247\/304 tox|[from] item: Leftovers
|-damage|p1a: Rotom-Wash|228\/304 tox|[from] psn
|turn|8
|c|★Sweet Symphony|que nub
|
|switch|p2a: dany the random|Sylveon, F|393\/393
|-damage|p2a: dany the random|344\/393|[from] Stealth Rock
|move|p1a: Rotom-Wash|Hydro Pump|p2a: dany the random|[miss]
|-miss|p1a: Rotom-Wash|p2a: dany the random
|
|-heal|p1a: Rotom-Wash|247\/304 tox|[from] item: Leftovers
|-heal|p2a: dany the random|368\/393|[from] item: Leftovers
|-damage|p1a: Rotom-Wash|209\/304 tox|[from] psn
|turn|9
|c|★diobel64|baka
|
|move|p2a: dany the random|Protect|p2a: dany the random
|-singleturn|p2a: dany the random|Protect
|move|p1a: Rotom-Wash|Will-O-Wisp|p2a: dany the random
|-activate|p2a: dany the random|Protect
|
|-heal|p1a: Rotom-Wash|228\/304 tox|[from] item: Leftovers
|-heal|p2a: dany the random|392\/393|[from] item: Leftovers
|-damage|p1a: Rotom-Wash|171\/304 tox|[from] psn
|turn|10
|c|★Sweet Symphony|hax
|c|★diobel64|uwu
|
|move|p1a: Rotom-Wash|Pain Split|p2a: dany the random
|-sethp|p2a: dany the random|281\/393|p1a: Rotom-Wash|281\/304 tox|[from] move: Pain Split
|move|p2a: dany the random|Wish|p2a: dany the random
|
|-heal|p1a: Rotom-Wash|300\/304 tox|[from] item: Leftovers
|-heal|p2a: dany the random|305\/393|[from] item: Leftovers
|-damage|p1a: Rotom-Wash|224\/304 tox|[from] psn
|turn|11
|c|★diobel64|hax>skills
|
|switch|p1a: Hippowdon|Hippowdon, M|358\/420
|-damage|p1a: Hippowdon|332\/420|[from] Stealth Rock
|-weather|Sandstorm
|move|p2a: dany the random|Hyper Voice|p1a: Hippowdon
|-damage|p1a: Hippowdon|167\/420
|
|-weather|Sandstorm|[upkeep]
|-damage|p2a: dany the random|281\/393|[from] sandstorm
|-heal|p2a: dany the random|393\/393|[from] move: Wish|[wisher] dany the random
|-heal|p1a: Hippowdon|193\/420|[from] item: Leftovers
|turn|12
|
|switch|p2a: bryant the haxer|Rotom-Wash|303\/303
|-damage|p2a: bryant the haxer|266\/303|[from] Stealth Rock
|move|p1a: Hippowdon|Slack Off|p1a: Hippowdon
|-heal|p1a: Hippowdon|403\/420
|
|-weather|Sandstorm|[upkeep]
|-damage|p2a: bryant the haxer|248\/303|[from] sandstorm
|-heal|p2a: bryant the haxer|266\/303|[from] item: Leftovers
|-heal|p1a: Hippowdon|420\/420|[from] item: Leftovers
|turn|13
|
|switch|p1a: Rotom-Wash|Rotom-Wash|224\/304 tox
|-damage|p1a: Rotom-Wash|186\/304 tox|[from] Stealth Rock
|move|p2a: bryant the haxer|Volt Switch|p1a: Rotom-Wash
|-crit|p1a: Rotom-Wash
|-damage|p1a: Rotom-Wash|102\/304 tox
|
|switch|p2a: nico the faper|Medicham-Mega, F|229\/261
|-damage|p2a: nico the faper|213\/261|[from] Stealth Rock
|
|-weather|Sandstorm|[upkeep]
|-damage|p2a: nico the faper|197\/261|[from] sandstorm
|-damage|p1a: Rotom-Wash|83\/304 tox|[from] sandstorm
|-heal|p1a: Rotom-Wash|102\/304 tox|[from] item: Leftovers
|-damage|p1a: Rotom-Wash|83\/304 tox|[from] psn
|turn|14
|
|switch|p1a: Hippowdon|Hippowdon, M|420\/420
|-damage|p1a: Hippowdon|394\/420|[from] Stealth Rock
|move|p2a: nico the faper|Drain Punch|p1a: Hippowdon
|-damage|p1a: Hippowdon|229\/420
|-heal|p2a: nico the faper|261\/261|[from] drain|[of] p1a: Hippowdon
|
|-weather|Sandstorm|[upkeep]
|-damage|p2a: nico the faper|245\/261|[from] sandstorm
|-heal|p1a: Hippowdon|255\/420|[from] item: Leftovers
|turn|15
|
|switch|p2a: bryant the haxer|Rotom-Wash|266\/303
|-damage|p2a: bryant the haxer|229\/303|[from] Stealth Rock
|move|p1a: Hippowdon|Earthquake|p2a: bryant the haxer
|-immune|p2a: bryant the haxer|[msg]
|
|-weather|none
|-heal|p2a: bryant the haxer|247\/303|[from] item: Leftovers
|-heal|p1a: Hippowdon|281\/420|[from] item: Leftovers
|turn|16
|
|switch|p1a: Rotom-Wash|Rotom-Wash|83\/304 tox
|-damage|p1a: Rotom-Wash|45\/304 tox|[from] Stealth Rock
|move|p2a: bryant the haxer|Volt Switch|p1a: Rotom-Wash
|-damage|p1a: Rotom-Wash|0 fnt
|faint|p1a: Rotom-Wash
|
|switch|p2a: nico the faper|Medicham-Mega, F|245\/261
|-damage|p2a: nico the faper|229\/261|[from] Stealth Rock
|
|
|switch|p1a: Landorus|Landorus, M|320\/320
|-damage|p1a: Landorus|280\/320|[from] Stealth Rock
|turn|17
|
|move|p2a: nico the faper|Fake Out|p1a: Landorus
|-damage|p1a: Landorus|190\/320
|cant|p1a: Landorus|flinch
|
|-heal|p1a: Landorus|210\/320|[from] item: Leftovers
|turn|18
|c|★Sweet Symphony|:u
|
|switch|p2a: dany the random|Sylveon, F|393\/393
|-damage|p2a: dany the random|344\/393|[from] Stealth Rock
|move|p1a: Landorus|Knock Off|p2a: dany the random
|-resisted|p2a: dany the random
|-damage|p2a: dany the random|270\/393
|-enditem|p2a: dany the random|Leftovers|[from] move: Knock Off|[of] p1a: Landorus
|
|-heal|p1a: Landorus|230\/320|[from] item: Leftovers
|turn|19
|c|★diobel64|no se porque creo que esa mierda tiene bulk up
|c|★diobel64|lol
|
|move|p1a: Landorus|Earthquake|p2a: dany the random
|-damage|p2a: dany the random|32\/393
|move|p2a: dany the random|Hyper Voice|p1a: Landorus
|-damage|p1a: Landorus|52\/320
|
|-heal|p1a: Landorus|72\/320|[from] item: Leftovers
|turn|20
|
|move|p1a: Landorus|Earthquake|p2a: dany the random
|-damage|p2a: dany the random|0 fnt
|faint|p2a: dany the random
|
|-heal|p1a: Landorus|92\/320|[from] item: Leftovers
|
|switch|p2a: arca the baka|Gothitelle, M|321\/321
|-damage|p2a: arca the baka|281\/321|[from] Stealth Rock
|turn|21
|
|move|p2a: arca the baka|Psychic|p1a: Landorus
|-damage|p1a: Landorus|0 fnt
|faint|p1a: Landorus
|
|c|★Sweet Symphony|sabrozo scarf
|c|★diobel64|no
|c|★diobel64|tu no eres max speed
|c|★diobel64|no me engañas
|
|switch|p1a: Kyurem-Black|Kyurem-Black|391\/391
|-damage|p1a: Kyurem-Black|294\/391|[from] Stealth Rock
|-ability|p1a: Kyurem-Black|Teravolt
|turn|22
|
|move|p2a: arca the baka|Psychic|p1a: Kyurem-Black
|-damage|p1a: Kyurem-Black|174\/391
|move|p1a: Kyurem-Black|Ice Beam|p2a: arca the baka
|-crit|p2a: arca the baka
|-damage|p2a: arca the baka|53\/321
|
|-heal|p1a: Kyurem-Black|198\/391|[from] item: Leftovers
|turn|23
|c|★diobel64|rik0
|c|★Sweet Symphony|hex
|
|move|p2a: arca the baka|Psychic|p1a: Kyurem-Black
|-damage|p1a: Kyurem-Black|86\/391
|move|p1a: Kyurem-Black|Earth Power|p2a: arca the baka
|-crit|p2a: arca the baka
|-damage|p2a: arca the baka|0 fnt
|faint|p2a: arca the baka
|
|-heal|p1a: Kyurem-Black|110\/391|[from] item: Leftovers
|
|switch|p2a: nico the faper|Medicham-Mega, F|229\/261
|-damage|p2a: nico the faper|213\/261|[from] Stealth Rock
|turn|24
|
|move|p2a: nico the faper|Drain Punch|p1a: Kyurem-Black
|-crit|p1a: Kyurem-Black
|-supereffective|p1a: Kyurem-Black
|-damage|p1a: Kyurem-Black|0 fnt
|-heal|p2a: nico the faper|261\/261|[from] drain|[of] p1a: Kyurem-Black
|faint|p1a: Kyurem-Black
|
|
|switch|p1a: Hippowdon|Hippowdon, M|281\/420
|-damage|p1a: Hippowdon|255\/420|[from] Stealth Rock
|-weather|Sandstorm
|turn|25
|c|★diobel64|hax
|
|switch|p2a: bryant the haxer|Rotom-Wash|247\/303
|-damage|p2a: bryant the haxer|210\/303|[from] Stealth Rock
|move|p1a: Hippowdon|Slack Off|p1a: Hippowdon
|-heal|p1a: Hippowdon|420\/420
|
|-weather|Sandstorm|[upkeep]
|-damage|p2a: bryant the haxer|192\/303|[from] sandstorm
|-heal|p2a: bryant the haxer|210\/303|[from] item: Leftovers
|turn|26
|
|move|p2a: bryant the haxer|Will-O-Wisp|p1a: Hippowdon
|-status|p1a: Hippowdon|brn
|move|p1a: Hippowdon|Rock Slide|p2a: bryant the haxer
|-damage|p2a: bryant the haxer|189\/303
|
|-weather|Sandstorm|[upkeep]
|-damage|p2a: bryant the haxer|171\/303|[from] sandstorm
|-heal|p2a: bryant the haxer|189\/303|[from] item: Leftovers
|-damage|p1a: Hippowdon|368\/420 brn|[from] brn
|turn|27
|
|switch|p1a: Venusaur|Venusaur-Mega, F|323\/364
|-damage|p1a: Venusaur|278\/364|[from] Stealth Rock
|move|p2a: bryant the haxer|Pain Split|p1a: Venusaur
|-sethp|p1a: Venusaur|233\/364|p2a: bryant the haxer|233\/303|[from] move: Pain Split
|
|-weather|Sandstorm|[upkeep]
|-damage|p2a: bryant the haxer|215\/303|[from] sandstorm
|-damage|p1a: Venusaur|211\/364|[from] sandstorm
|-heal|p2a: bryant the haxer|233\/303|[from] item: Leftovers
|turn|28
|c|★Sweet Symphony|op
|
|switch|p2a: astorga the pro|Heatran, M|313\/385
|-damage|p2a: astorga the pro|265\/385|[from] Stealth Rock
|move|p1a: Venusaur|Leech Seed|p2a: astorga the pro
|-start|p2a: astorga the pro|move: Leech Seed
|
|-weather|Sandstorm|[upkeep]
|-damage|p1a: Venusaur|189\/364|[from] sandstorm
|-heal|p2a: astorga the pro|289\/385|[from] item: Leftovers
|-damage|p2a: astorga the pro|241\/385|[from] Leech Seed|[of] p1a: Venusaur
|-heal|p1a: Venusaur|237\/364|[silent]
|turn|29
|
|switch|p1a: Hippowdon|Hippowdon, M|368\/420 brn
|-damage|p1a: Hippowdon|342\/420 brn|[from] Stealth Rock
|move|p2a: astorga the pro|Lava Plume|p1a: Hippowdon
|-damage|p1a: Hippowdon|212\/420 brn
|
|-weather|none
|-heal|p2a: astorga the pro|265\/385|[from] item: Leftovers
|-heal|p1a: Hippowdon|238\/420 brn|[from] item: Leftovers
|-damage|p2a: astorga the pro|217\/385|[from] Leech Seed|[of] p1a: Hippowdon
|-heal|p1a: Hippowdon|286\/420 brn|[silent]
|-damage|p1a: Hippowdon|234\/420 brn|[from] brn
|turn|30
|
|switch|p2a: nico the faper|Medicham-Mega, F|261\/261
|-damage|p2a: nico the faper|245\/261|[from] Stealth Rock
|switch|p1a: Venusaur|Venusaur-Mega, F|237\/364
|-damage|p1a: Venusaur|192\/364|[from] Stealth Rock
|
|turn|31
|c|★diobel64|noob
|
|switch|p1a: Hippowdon|Hippowdon, M|234\/420 brn
|-damage|p1a: Hippowdon|208\/420 brn|[from] Stealth Rock
|-weather|Sandstorm
|move|p2a: nico the faper|Zen Headbutt|p1a: Hippowdon
|-damage|p1a: Hippowdon|48\/420 brn
|
|-weather|Sandstorm|[upkeep]
|-damage|p2a: nico the faper|229\/261|[from] sandstorm
|-heal|p1a: Hippowdon|74\/420 brn|[from] item: Leftovers
|-damage|p1a: Hippowdon|22\/420 brn|[from] brn
|turn|32
|
|move|p2a: nico the faper|Drain Punch|p1a: Hippowdon
|-damage|p1a: Hippowdon|0 fnt
|-heal|p2a: nico the faper|240\/261|[from] drain|[of] p1a: Hippowdon
|faint|p1a: Hippowdon
|
|-weather|Sandstorm|[upkeep]
|-damage|p2a: nico the faper|224\/261|[from] sandstorm
|
|switch|p1a: Excadrill|Excadrill, M|362\/362
|-damage|p1a: Excadrill|351\/362|[from] Stealth Rock
|turn|33
|
|switch|p2a: rolo the noob|Gliscor, M|354\/354 tox
|-damage|p2a: rolo the noob|310\/354 tox|[from] Stealth Rock
|move|p1a: Excadrill|Rock Slide|p2a: rolo the noob
|-damage|p2a: rolo the noob|233\/354 tox
|-damage|p1a: Excadrill|315\/362|[from] item: Life Orb
|
|-weather|Sandstorm|[upkeep]
|-heal|p2a: rolo the noob|277\/354 tox|[from] ability: Poison Heal
|turn|34
|
|switch|p1a: Venusaur|Venusaur-Mega, F|192\/364
|-damage|p1a: Venusaur|147\/364|[from] Stealth Rock
|move|p2a: rolo the noob|Earthquake|p1a: Venusaur
|-damage|p1a: Venusaur|60\/364
|
|-weather|Sandstorm|[upkeep]
|-damage|p1a: Venusaur|38\/364|[from] sandstorm
|-heal|p2a: rolo the noob|321\/354 tox|[from] ability: Poison Heal
|turn|35
|
|move|p2a: rolo the noob|Earthquake|p1a: Venusaur
|-damage|p1a: Venusaur|0 fnt
|faint|p1a: Venusaur
|
|-weather|none
|-heal|p2a: rolo the noob|354\/354 tox|[from] ability: Poison Heal
|
|switch|p1a: Excadrill|Excadrill, M|315\/362
|-damage|p1a: Excadrill|304\/362|[from] Stealth Rock
|turn|36
|c|★Sweet Symphony|sadx
|c|★diobel64|gg bb
|
|move|p1a: Excadrill|Iron Head|p2a: rolo the noob
|-damage|p2a: rolo the noob|216\/354 tox
|-damage|p1a: Excadrill|268\/362|[from] item: Life Orb
|move|p2a: rolo the noob|Earthquake|p1a: Excadrill
|-supereffective|p1a: Excadrill
|-damage|p1a: Excadrill|0 fnt
|faint|p1a: Excadrill
|
|win|diobel64
|raw|Ladder updating...
|raw|Sweet Symphony's rating: 1794 &rarr; <strong>1769<\/strong><br \/>(-25 for losing)
|raw|diobel64's rating: 1690 &rarr; <strong>1716<\/strong><br \/>(+26 for winning)
|c|★Sweet Symphony|lol
|c|★Sweet Symphony|eres un nub [:
|c|★diobel64|jajaja
|c|★diobel64|puntos gratis
|c|★diobel64|izy [:
|leave|diobel64
|player|p2
|join|diobel64
|leave|diobel64
|player|p1|Guest 356013|144
|join|Neo 1
|player|p1|Neo 1|144
|join|diobel64