|join|DoctorPhrog
|join|ManuelEnciso123
|player|p1|DoctorPhrog|220
|player|p2|ManuelEnciso123|170
|gametype|singles
|gen|6
|tier|OU
|rated
|clearpoke
|poke|p1|Tentacruel, F
|poke|p1|Chansey, F
|poke|p1|Tangrowth, M
|poke|p1|Tyranitar, M
|poke|p1|Slowbro, F
|poke|p1|Skarmory, M
|poke|p2|Scolipede, F
|poke|p2|Blissey, F
|poke|p2|Espeon, M
|poke|p2|Sableye, M
|poke|p2|Quagsire, M
|poke|p2|Skarmory, M
|rule|Swagger Clause: Swagger is banned
|rule|Baton Pass Clause: Limit one Pokémon knowing Baton Pass
|rule|Sleep Clause Mod: Limit one foe put to sleep
|rule|Species Clause: Limit one of each Pokémon
|rule|OHKO Clause: OHKO moves are banned
|rule|Moody Clause: Moody is banned
|rule|Evasion Moves Clause: Evasion moves are banned
|rule|Endless Battle Clause: Forcing endless battles is banned
|rule|HP Percentage Mod: HP is shown in percentages
|teampreview
|
|start
|switch|p1a: Tentacruel|Tentacruel, F|364\/364
|switch|p2a: Scolipede|Scolipede, F|324\/324
|turn|1
|
|move|p2a: Scolipede|Protect|p2a: Scolipede
|-singleturn|p2a: Scolipede|Protect
|move|p1a: Tentacruel|Scald|p2a: Scolipede
|-activate|p2a: Scolipede|Protect
|
|-boost|p2a: Scolipede|spe|1|[from] ability: Speed Boost
|turn|2
|
|move|p2a: Scolipede|Substitute|p2a: Scolipede
|-start|p2a: Scolipede|Substitute
|-damage|p2a: Scolipede|243\/324
|move|p1a: Tentacruel|Toxic Spikes|p2a: Scolipede
|-sidestart|p2: ManuelEnciso123|move: Toxic Spikes
|
|-heal|p2a: Scolipede|263\/324|[from] item: Leftovers
|-boost|p2a: Scolipede|spe|1|[from] ability: Speed Boost
|turn|3
|
|move|p2a: Scolipede|Iron Defense|p2a: Scolipede
|-boost|p2a: Scolipede|def|2
|move|p1a: Tentacruel|Toxic Spikes|p2a: Scolipede
|-sidestart|p2: ManuelEnciso123|move: Toxic Spikes
|
|-heal|p2a: Scolipede|283\/324|[from] item: Leftovers
|-boost|p2a: Scolipede|spe|1|[from] ability: Speed Boost
|turn|4
|
|switch|p1a: Skarmory|Skarmory, M|334\/334
|move|p2a: Scolipede|Baton Pass|p2a: Scolipede
|
|switch|p2a: Skarmory|Skarmory, M|334\/334
|
|turn|5
|
|switch|p2a: Scolipede|Scolipede, F|283\/324
|-sideend|p2: ManuelEnciso123|move: Toxic Spikes|[of] p2a: Scolipede
|move|p1a: Skarmory|Whirlwind|p2a: Scolipede
|drag|p2a: Blissey|Blissey, F|714\/714
|
|turn|6
|
|switch|p1a: Tentacruel|Tentacruel, F|364\/364
|move|p2a: Blissey|Flamethrower|p1a: Tentacruel
|-resisted|p1a: Tentacruel
|-damage|p1a: Tentacruel|329\/364
|
|-heal|p1a: Tentacruel|351\/364|[from] item: Black Sludge
|turn|7
|
|switch|p1a: Tyranitar|Tyranitar, M|341\/341
|-weather|Sandstorm
|move|p2a: Blissey|Calm Mind|p2a: Blissey
|-boost|p2a: Blissey|spa|1
|-boost|p2a: Blissey|spd|1
|
|-weather|Sandstorm|[upkeep]
|-damage|p2a: Blissey|670\/714|[from] sandstorm
|-heal|p2a: Blissey|714\/714|[from] item: Leftovers
|turn|8
|
|switch|p2a: Quagsire|Quagsire, M|394\/394
|move|p1a: Tyranitar|Stone Edge|p2a: Quagsire|[miss]
|-miss|p1a: Tyranitar|p2a: Quagsire
|
|-weather|Sandstorm|[upkeep]
|turn|9
|
|switch|p1a: Tentacruel|Tentacruel, F|351\/364
|move|p2a: Quagsire|Toxic|p1a: Tentacruel
|-fail|p1a: Tentacruel
|
|-weather|Sandstorm|[upkeep]
|-damage|p1a: Tentacruel|329\/364|[from] sandstorm
|-heal|p1a: Tentacruel|351\/364|[from] item: Black Sludge
|turn|10
|
|switch|p1a: Skarmory|Skarmory, M|334\/334
|move|p2a: Quagsire|Earthquake|p1a: Skarmory
|-immune|p1a: Skarmory|[msg]
|
|-weather|Sandstorm|[upkeep]
|turn|11
|
|switch|p1a: Tangrowth|Tangrowth, M|404\/404
|move|p2a: Quagsire|Scald|p1a: Tangrowth
|-resisted|p1a: Tangrowth
|-damage|p1a: Tangrowth|383\/404
|
|-weather|none
|turn|12
|
|switch|p2a: Skarmory|Skarmory, M|334\/334
|move|p1a: Tangrowth|Knock Off|p2a: Skarmory
|-damage|p2a: Skarmory|275\/334
|-enditem|p2a: Skarmory|Leftovers|[from] move: Knock Off|[of] p1a: Tangrowth
|
|turn|13
|
|switch|p1a: Tentacruel|Tentacruel, F|351\/364
|move|p2a: Skarmory|Stealth Rock|p1a: Tentacruel
|-sidestart|p1: DoctorPhrog|move: Stealth Rock
|
|-heal|p1a: Tentacruel|364\/364|[from] item: Black Sludge
|turn|14
|
|switch|p2a: Scolipede|Scolipede, F|283\/324
|move|p1a: Tentacruel|Rapid Spin|p2a: Scolipede
|-damage|p2a: Scolipede|275\/324
|-sideend|p1: DoctorPhrog|Stealth Rock|[from] move: Rapid Spin|[of] p1a: Tentacruel
|
|-heal|p2a: Scolipede|295\/324|[from] item: Leftovers
|turn|15
|
|move|p2a: Scolipede|Baton Pass|p2a: Scolipede
|
|switch|p2a: Espeon|Espeon, M|334\/334
|move|p1a: Tentacruel|Toxic Spikes|p2a: Espeon
|move|p2a: Espeon|Toxic Spikes|p1a: Tentacruel|[from]Magic Bounce
|-sidestart|p1: DoctorPhrog|move: Toxic Spikes
|
|turn|16
|
|switch|p1a: Skarmory|Skarmory, M|334\/334
|move|p2a: Espeon|Calm Mind|p2a: Espeon
|-boost|p2a: Espeon|spa|1
|-boost|p2a: Espeon|spd|1
|
|turn|17
|
|switch|p1a: Tentacruel|Tentacruel, F|364\/364
|-sideend|p1: DoctorPhrog|move: Toxic Spikes|[of] p1a: Tentacruel
|move|p2a: Espeon|Calm Mind|p2a: Espeon
|-boost|p2a: Espeon|spa|1
|-boost|p2a: Espeon|spd|1
|
|turn|18
|
|move|p2a: Espeon|Calm Mind|p2a: Espeon
|-boost|p2a: Espeon|spa|1
|-boost|p2a: Espeon|spd|1
|move|p1a: Tentacruel|Scald|p2a: Espeon
|-damage|p2a: Espeon|312\/334
|
|-heal|p2a: Espeon|332\/334|[from] item: Leftovers
|turn|19
|
|switch|p1a: Tyranitar|Tyranitar, M|341\/341
|-weather|Sandstorm
|move|p2a: Espeon|Stored Power|p1a: Tyranitar
|-immune|p1a: Tyranitar|[msg]
|
|-weather|Sandstorm|[upkeep]
|-damage|p2a: Espeon|312\/334|[from] sandstorm
|-heal|p2a: Espeon|332\/334|[from] item: Leftovers
|turn|20
|
|move|p1a: Tyranitar|Pursuit|p2a: Espeon
|-supereffective|p2a: Espeon
|-damage|p2a: Espeon|126\/334
|move|p2a: Espeon|Dazzling Gleam|p1a: Tyranitar
|-supereffective|p1a: Tyranitar
|-damage|p1a: Tyranitar|89\/341
|
|-weather|Sandstorm|[upkeep]
|-damage|p2a: Espeon|106\/334|[from] sandstorm
|-heal|p2a: Espeon|126\/334|[from] item: Leftovers
|turn|21
|
|move|p1a: Tyranitar|Pursuit|p2a: Espeon
|-supereffective|p2a: Espeon
|-damage|p2a: Espeon|0 fnt
|faint|p2a: Espeon
|
|-weather|Sandstorm|[upkeep]
|
|switch|p2a: Scolipede|Scolipede, F|295\/324
|turn|22
|
|switch|p1a: Tentacruel|Tentacruel, F|364\/364
|move|p2a: Scolipede|Iron Defense|p2a: Scolipede
|-boost|p2a: Scolipede|def|2
|
|-weather|Sandstorm|[upkeep]
|-damage|p2a: Scolipede|275\/324|[from] sandstorm
|-damage|p1a: Tentacruel|342\/364|[from] sandstorm
|-heal|p2a: Scolipede|295\/324|[from] item: Leftovers
|-heal|p1a: Tentacruel|364\/364|[from] item: Black Sludge
|-boost|p2a: Scolipede|spe|1|[from] ability: Speed Boost
|turn|23
|
|move|p2a: Scolipede|Baton Pass|p2a: Scolipede
|
|switch|p2a: Sableye|Sableye, M|304\/304
|move|p1a: Tentacruel|Toxic Spikes|p2a: Sableye
|-sidestart|p2: ManuelEnciso123|move: Toxic Spikes
|
|-weather|none
|turn|24
|
|detailschange|p2a: Sableye|Sableye-Mega, M
|message|Sableye has Mega Evolved into Mega Sableye!
|move|p2a: Sableye|Calm Mind|p2a: Sableye
|-boost|p2a: Sableye|spa|1
|-boost|p2a: Sableye|spd|1
|move|p1a: Tentacruel|Scald|p2a: Sableye
|-damage|p2a: Sableye|267\/304
|
|turn|25
|
|move|p1a: Tentacruel|Scald|p2a: Sableye
|-damage|p2a: Sableye|228\/304
|move|p2a: Sableye|Calm Mind|p2a: Sableye
|-boost|p2a: Sableye|spa|1
|-boost|p2a: Sableye|spd|1
|
|turn|26
|
|move|p1a: Tentacruel|Scald|p2a: Sableye
|-damage|p2a: Sableye|200\/304
|move|p2a: Sableye|Calm Mind|p2a: Sableye
|-boost|p2a: Sableye|spa|1
|-boost|p2a: Sableye|spd|1
|
|turn|27
|
|move|p1a: Tentacruel|Scald|p2a: Sableye
|-damage|p2a: Sableye|178\/304
|move|p2a: Sableye|Calm Mind|p2a: Sableye
|-boost|p2a: Sableye|spa|1
|-boost|p2a: Sableye|spd|1
|
|turn|28
|
|move|p1a: Tentacruel|Scald|p2a: Sableye
|-damage|p2a: Sableye|159\/304
|move|p2a: Sableye|Recover|p2a: Sableye
|-heal|p2a: Sableye|304\/304
|
|turn|29
|
|move|p1a: Tentacruel|Scald|p2a: Sableye
|-damage|p2a: Sableye|285\/304
|move|p2a: Sableye|Shadow Ball|p1a: Tentacruel
|-damage|p1a: Tentacruel|153\/364
|
|-heal|p1a: Tentacruel|175\/364|[from] item: Black Sludge
|turn|30
|
|move|p1a: Tentacruel|Scald|p2a: Sableye
|-damage|p2a: Sableye|264\/304
|-status|p2a: Sableye|brn
|move|p2a: Sableye|Shadow Ball|p1a: Tentacruel
|-damage|p1a: Tentacruel|0 fnt
|faint|p1a: Tentacruel
|
|-damage|p2a: Sableye|226\/304 brn|[from] brn
|
|switch|p1a: Chansey|Chansey, F|642\/642
|turn|31
|
|move|p1a: Chansey|Seismic Toss|p2a: Sableye
|-immune|p2a: Sableye|[msg]
|move|p2a: Sableye|Calm Mind|p2a: Sableye
|-boost|p2a: Sableye|spa|1
|-boost|p2a: Sableye|spd|1
|
|-damage|p2a: Sableye|188\/304 brn|[from] brn
|turn|32
|
|move|p1a: Chansey|Seismic Toss|p2a: Sableye
|-immune|p2a: Sableye|[msg]
|move|p2a: Sableye|Calm Mind|p2a: Sableye
|-boost|p2a: Sableye|spa|1
|-boost|p2a: Sableye|spd|1
|
|-damage|p2a: Sableye|150\/304 brn|[from] brn
|turn|33
|
|move|p1a: Chansey|Seismic Toss|p2a: Sableye
|-immune|p2a: Sableye|[msg]
|move|p2a: Sableye|Recover|p2a: Sableye
|-heal|p2a: Sableye|302\/304 brn
|
|-damage|p2a: Sableye|264\/304 brn|[from] brn
|turn|34
|
|move|p1a: Chansey|Seismic Toss|p2a: Sableye
|-immune|p2a: Sableye|[msg]
|move|p2a: Sableye|Dazzling Gleam|p1a: Chansey
|-damage|p1a: Chansey|537\/642
|
|-damage|p2a: Sableye|226\/304 brn|[from] brn
|turn|35
|
|move|p1a: Chansey|Thunder Wave|p2a: Sableye
|move|p2a: Sableye|Thunder Wave|p1a: Chansey|[from]Magic Bounce
|-status|p1a: Chansey|par
|move|p2a: Sableye|Calm Mind|p2a: Sableye
|-fail|p2a: Sableye
|
|-damage|p2a: Sableye|188\/304 brn|[from] brn
|turn|36
|
|move|p2a: Sableye|Calm Mind|p2a: Sableye
|-fail|p2a: Sableye
|move|p1a: Chansey|Thunder Wave|p2a: Sableye
|move|p2a: Sableye|Thunder Wave|p1a: Chansey|[from]Magic Bounce
|-fail|p1a: Chansey|par
|
|-damage|p2a: Sableye|150\/304 brn|[from] brn
|turn|37
|
|move|p2a: Sableye|Recover|p2a: Sableye
|-heal|p2a: Sableye|302\/304 brn
|cant|p1a: Chansey|par
|
|-damage|p2a: Sableye|264\/304 brn|[from] brn
|turn|38
|
|move|p2a: Sableye|Calm Mind|p2a: Sableye
|-fail|p2a: Sableye
|cant|p1a: Chansey|par
|
|-damage|p2a: Sableye|226\/304 brn|[from] brn
|turn|39
|
|move|p2a: Sableye|Calm Mind|p2a: Sableye
|-fail|p2a: Sableye
|cant|p1a: Chansey|par
|
|-damage|p2a: Sableye|188\/304 brn|[from] brn
|turn|40
|
|move|p2a: Sableye|Calm Mind|p2a: Sableye
|-fail|p2a: Sableye
|move|p1a: Chansey|Thunder Wave|p2a: Sableye
|move|p2a: Sableye|Thunder Wave|p1a: Chansey|[from]Magic Bounce
|-fail|p1a: Chansey|par
|
|-damage|p2a: Sableye|150\/304 brn|[from] brn
|turn|41
|
|move|p2a: Sableye|Calm Mind|p2a: Sableye
|-fail|p2a: Sableye
|move|p1a: Chansey|Thunder Wave|p2a: Sableye
|move|p2a: Sableye|Thunder Wave|p1a: Chansey|[from]Magic Bounce
|-fail|p1a: Chansey|par
|
|-damage|p2a: Sableye|112\/304 brn|[from] brn
|turn|42
|
|move|p2a: Sableye|Calm Mind|p2a: Sableye
|-fail|p2a: Sableye
|move|p1a: Chansey|Thunder Wave|p2a: Sableye
|move|p2a: Sableye|Thunder Wave|p1a: Chansey|[from]Magic Bounce
|-fail|p1a: Chansey|par
|
|-damage|p2a: Sableye|74\/304 brn|[from] brn
|turn|43
|
|move|p2a: Sableye|Recover|p2a: Sableye
|-heal|p2a: Sableye|226\/304 brn
|move|p1a: Chansey|Thunder Wave|p2a: Sableye
|move|p2a: Sableye|Thunder Wave|p1a: Chansey|[from]Magic Bounce
|-fail|p1a: Chansey|par
|
|-damage|p2a: Sableye|188\/304 brn|[from] brn
|turn|44
|
|move|p2a: Sableye|Recover|p2a: Sableye
|-heal|p2a: Sableye|304\/304 brn
|move|p1a: Chansey|Thunder Wave|p2a: Sableye
|move|p2a: Sableye|Thunder Wave|p1a: Chansey|[from]Magic Bounce
|-fail|p1a: Chansey|par
|
|-damage|p2a: Sableye|266\/304 brn|[from] brn
|turn|45
|
|move|p2a: Sableye|Calm Mind|p2a: Sableye
|-fail|p2a: Sableye
|move|p1a: Chansey|Thunder Wave|p2a: Sableye
|move|p2a: Sableye|Thunder Wave|p1a: Chansey|[from]Magic Bounce
|-fail|p1a: Chansey|par
|
|-damage|p2a: Sableye|228\/304 brn|[from] brn
|turn|46
|
|move|p2a: Sableye|Calm Mind|p2a: Sableye
|-fail|p2a: Sableye
|move|p1a: Chansey|Thunder Wave|p2a: Sableye
|move|p2a: Sableye|Thunder Wave|p1a: Chansey|[from]Magic Bounce
|-fail|p1a: Chansey|par
|
|-damage|p2a: Sableye|190\/304 brn|[from] brn
|turn|47
|
|move|p2a: Sableye|Calm Mind|p2a: Sableye
|-fail|p2a: Sableye
|move|p1a: Chansey|Thunder Wave|p2a: Sableye
|move|p2a: Sableye|Thunder Wave|p1a: Chansey|[from]Magic Bounce
|-fail|p1a: Chansey|par
|
|-damage|p2a: Sableye|152\/304 brn|[from] brn
|turn|48
|
|move|p2a: Sableye|Calm Mind|p2a: Sableye
|-fail|p2a: Sableye
|move|p1a: Chansey|Thunder Wave|p2a: Sableye
|move|p2a: Sableye|Thunder Wave|p1a: Chansey|[from]Magic Bounce
|-fail|p1a: Chansey|par
|
|-damage|p2a: Sableye|114\/304 brn|[from] brn
|turn|49
|
|move|p2a: Sableye|Recover|p2a: Sableye
|-heal|p2a: Sableye|266\/304 brn
|cant|p1a: Chansey|par
|
|-damage|p2a: Sableye|228\/304 brn|[from] brn
|turn|50
|
|move|p2a: Sableye|Calm Mind|p2a: Sableye
|-fail|p2a: Sableye
|move|p1a: Chansey|Thunder Wave|p2a: Sableye
|move|p2a: Sableye|Thunder Wave|p1a: Chansey|[from]Magic Bounce
|-fail|p1a: Chansey|par
|
|-damage|p2a: Sableye|190\/304 brn|[from] brn
|turn|51
|
|switch|p1a: Tangrowth|Tangrowth, M|404\/404
|move|p2a: Sableye|Recover|p2a: Sableye
|-heal|p2a: Sableye|304\/304 brn
|
|-damage|p2a: Sableye|266\/304 brn|[from] brn
|turn|52
|
|switch|p1a: Chansey|Chansey, F|537\/642
|move|p2a: Sableye|Shadow Ball|p1a: Chansey
|-immune|p1a: Chansey|[msg]
|
|-damage|p2a: Sableye|228\/304 brn|[from] brn
|turn|53
|
|move|p1a: Chansey|Thunder Wave|p2a: Sableye
|move|p2a: Sableye|Thunder Wave|p1a: Chansey|[from]Magic Bounce
|-status|p1a: Chansey|par
|move|p2a: Sableye|Dazzling Gleam|p1a: Chansey
|-damage|p1a: Chansey|432\/642 par
|
|-damage|p2a: Sableye|190\/304 brn|[from] brn
|turn|54
|
|move|p2a: Sableye|Dazzling Gleam|p1a: Chansey
|-damage|p1a: Chansey|318\/642 par
|move|p1a: Chansey|Thunder Wave|p2a: Sableye
|move|p2a: Sableye|Thunder Wave|p1a: Chansey|[from]Magic Bounce
|-fail|p1a: Chansey|par
|
|-damage|p2a: Sableye|152\/304 brn|[from] brn
|turn|55
|
|move|p2a: Sableye|Dazzling Gleam|p1a: Chansey
|-damage|p1a: Chansey|205\/642 par
|move|p1a: Chansey|Soft-Boiled|p1a: Chansey
|-heal|p1a: Chansey|526\/642 par
|
|-damage|p2a: Sableye|114\/304 brn|[from] brn
|turn|56
|
|move|p2a: Sableye|Recover|p2a: Sableye
|-heal|p2a: Sableye|266\/304 brn
|move|p1a: Chansey|Thunder Wave|p2a: Sableye
|move|p2a: Sableye|Thunder Wave|p1a: Chansey|[from]Magic Bounce
|-fail|p1a: Chansey|par
|
|-damage|p2a: Sableye|228\/304 brn|[from] brn
|turn|57
|
|move|p2a: Sableye|Dazzling Gleam|p1a: Chansey
|-damage|p1a: Chansey|419\/642 par
|move|p1a: Chansey|Thunder Wave|p2a: Sableye
|move|p2a: Sableye|Thunder Wave|p1a: Chansey|[from]Magic Bounce
|-fail|p1a: Chansey|par
|
|-damage|p2a: Sableye|190\/304 brn|[from] brn
|turn|58
|
|move|p2a: Sableye|Dazzling Gleam|p1a: Chansey
|-damage|p1a: Chansey|314\/642 par
|move|p1a: Chansey|Thunder Wave|p2a: Sableye
|move|p2a: Sableye|Thunder Wave|p1a: Chansey|[from]Magic Bounce
|-fail|p1a: Chansey|par
|
|-damage|p2a: Sableye|152\/304 brn|[from] brn
|turn|59
|
|move|p2a: Sableye|Dazzling Gleam|p1a: Chansey
|-damage|p1a: Chansey|212\/642 par
|move|p1a: Chansey|Soft-Boiled|p1a: Chansey
|-heal|p1a: Chansey|533\/642 par
|
|-damage|p2a: Sableye|114\/304 brn|[from] brn
|turn|60
|
|move|p2a: Sableye|Recover|p2a: Sableye
|-heal|p2a: Sableye|266\/304 brn
|move|p1a: Chansey|Thunder Wave|p2a: Sableye
|move|p2a: Sableye|Thunder Wave|p1a: Chansey|[from]Magic Bounce
|-fail|p1a: Chansey|par
|
|-damage|p2a: Sableye|228\/304 brn|[from] brn
|turn|61
|
|move|p2a: Sableye|Dazzling Gleam|p1a: Chansey
|-damage|p1a: Chansey|412\/642 par
|move|p1a: Chansey|Thunder Wave|p2a: Sableye
|move|p2a: Sableye|Thunder Wave|p1a: Chansey|[from]Magic Bounce
|-fail|p1a: Chansey|par
|
|-damage|p2a: Sableye|190\/304 brn|[from] brn
|turn|62
|
|move|p2a: Sableye|Dazzling Gleam|p1a: Chansey
|-damage|p1a: Chansey|306\/642 par
|cant|p1a: Chansey|par
|
|-damage|p2a: Sableye|152\/304 brn|[from] brn
|turn|63
|
|switch|p2a: Scolipede|Scolipede, F|295\/324
|-sideend|p2: ManuelEnciso123|move: Toxic Spikes|[of] p2a: Scolipede
|move|p1a: Chansey|Soft-Boiled|p1a: Chansey
|-heal|p1a: Chansey|627\/642 par
|
|-heal|p2a: Scolipede|315\/324|[from] item: Leftovers
|turn|64
|
|move|p2a: Scolipede|Substitute|p2a: Scolipede
|-start|p2a: Scolipede|Substitute
|-damage|p2a: Scolipede|234\/324
|cant|p1a: Chansey|par
|
|-heal|p2a: Scolipede|254\/324|[from] item: Leftovers
|-boost|p2a: Scolipede|spe|1|[from] ability: Speed Boost
|turn|65
|
|move|p2a: Scolipede|Protect|p2a: Scolipede
|-singleturn|p2a: Scolipede|Protect
|cant|p1a: Chansey|par
|
|-heal|p2a: Scolipede|274\/324|[from] item: Leftovers
|-boost|p2a: Scolipede|spe|1|[from] ability: Speed Boost
|turn|66
|
|move|p2a: Scolipede|Iron Defense|p2a: Scolipede
|-boost|p2a: Scolipede|def|2
|move|p1a: Chansey|Seismic Toss|p2a: Scolipede
|-end|p2a: Scolipede|Substitute
|
|-heal|p2a: Scolipede|294\/324|[from] item: Leftovers
|-boost|p2a: Scolipede|spe|1|[from] ability: Speed Boost
|turn|67
|
|move|p2a: Scolipede|Baton Pass|p2a: Scolipede
|
|switch|p2a: Skarmory|Skarmory, M|275\/334
|move|p1a: Chansey|Seismic Toss|p2a: Skarmory
|-damage|p2a: Skarmory|175\/334
|
|turn|68
|
|switch|p1a: Skarmory|Skarmory, M|334\/334
|move|p2a: Skarmory|Stealth Rock|p1a: Skarmory
|-sidestart|p1: DoctorPhrog|move: Stealth Rock
|
|turn|69
|
|move|p2a: Skarmory|Spikes|p1a: Skarmory
|-sidestart|p1: DoctorPhrog|Spikes
|move|p1a: Skarmory|Defog|p2a: Skarmory
|-unboost|p2a: Skarmory|evasion|1
|-sideend|p1: DoctorPhrog|Spikes|[from] move: Defog|[of] p1a: Skarmory
|-sideend|p1: DoctorPhrog|Stealth Rock|[from] move: Defog|[of] p1a: Skarmory
|
|turn|70
|
|move|p2a: Skarmory|Stealth Rock|p1a: Skarmory
|-sidestart|p1: DoctorPhrog|move: Stealth Rock
|move|p1a: Skarmory|Defog|p2a: Skarmory
|-unboost|p2a: Skarmory|evasion|1
|-sideend|p1: DoctorPhrog|Stealth Rock|[from] move: Defog|[of] p1a: Skarmory
|
|turn|71
|
|switch|p1a: Tangrowth|Tangrowth, M|404\/404
|move|p2a: Skarmory|Stealth Rock|p1a: Tangrowth
|-sidestart|p1: DoctorPhrog|move: Stealth Rock
|
|turn|72
|
|move|p2a: Skarmory|Brave Bird|p1a: Tangrowth
|-supereffective|p1a: Tangrowth
|-damage|p1a: Tangrowth|224\/404
|-damage|p2a: Skarmory|116\/334|[from] recoil|[of] p1a: Tangrowth
|move|p1a: Tangrowth|Hidden Power|p2a: Skarmory
|-supereffective|p2a: Skarmory
|-damage|p2a: Skarmory|20\/334
|
|turn|73
|
|move|p2a: Skarmory|Spikes|p1a: Tangrowth
|-sidestart|p1: DoctorPhrog|Spikes
|move|p1a: Tangrowth|Earthquake|p2a: Skarmory
|-immune|p2a: Skarmory|[msg]
|
|turn|74
|
|move|p2a: Skarmory|Spikes|p1a: Tangrowth
|-sidestart|p1: DoctorPhrog|Spikes
|move|p1a: Tangrowth|Hidden Power|p2a: Skarmory
|-supereffective|p2a: Skarmory
|-damage|p2a: Skarmory|0 fnt
|faint|p2a: Skarmory
|
|
|switch|p2a: Scolipede|Scolipede, F|294\/324
|turn|75
|
|switch|p1a: Skarmory|Skarmory, M|334\/334
|-damage|p1a: Skarmory|293\/334|[from] Stealth Rock
|move|p2a: Scolipede|Substitute|p2a: Scolipede
|-start|p2a: Scolipede|Substitute
|-damage|p2a: Scolipede|213\/324
|
|-heal|p2a: Scolipede|233\/324|[from] item: Leftovers
|-boost|p2a: Scolipede|spe|1|[from] ability: Speed Boost
|turn|76
|
|move|p2a: Scolipede|Baton Pass|p2a: Scolipede
|
|switch|p2a: Blissey|Blissey, F|714\/714
|move|p1a: Skarmory|Whirlwind|p2a: Blissey
|drag|p2a: Sableye|Sableye-Mega, M|152\/304 brn
|
|-damage|p2a: Sableye|114\/304 brn|[from] brn
|turn|77
|
|switch|p2a: Blissey|Blissey, F|714\/714
|move|p1a: Skarmory|Defog|p2a: Blissey
|-unboost|p2a: Blissey|evasion|1
|-sideend|p1: DoctorPhrog|Spikes|[from] move: Defog|[of] p1a: Skarmory
|-sideend|p1: DoctorPhrog|Stealth Rock|[from] move: Defog|[of] p1a: Skarmory
|
|turn|78
|
|switch|p1a: Tyranitar|Tyranitar, M|89\/341
|-weather|Sandstorm
|move|p2a: Blissey|Thunderbolt|p1a: Tyranitar
|-damage|p1a: Tyranitar|37\/341
|
|-weather|Sandstorm|[upkeep]
|-damage|p2a: Blissey|670\/714|[from] sandstorm
|-heal|p2a: Blissey|714\/714|[from] item: Leftovers
|turn|79
|
|switch|p2a: Quagsire|Quagsire, M|394\/394
|move|p1a: Tyranitar|Stone Edge|p2a: Quagsire
|-resisted|p2a: Quagsire
|-damage|p2a: Quagsire|322\/394
|
|-weather|Sandstorm|[upkeep]
|-heal|p2a: Quagsire|346\/394|[from] item: Leftovers
|turn|80
|
|switch|p1a: Slowbro|Slowbro, F|394\/394
|move|p2a: Quagsire|Scald|p1a: Slowbro
|-resisted|p1a: Slowbro
|-damage|p1a: Slowbro|360\/394
|
|-weather|Sandstorm|[upkeep]
|-damage|p1a: Slowbro|336\/394|[from] sandstorm
|-heal|p2a: Quagsire|370\/394|[from] item: Leftovers
|turn|81
|
|move|p2a: Quagsire|Toxic|p1a: Slowbro
|-status|p1a: Slowbro|tox
|move|p1a: Slowbro|Calm Mind|p1a: Slowbro
|-boost|p1a: Slowbro|spa|1
|-boost|p1a: Slowbro|spd|1
|
|-weather|Sandstorm|[upkeep]
|-damage|p1a: Slowbro|312\/394 tox|[from] sandstorm
|-heal|p2a: Quagsire|394\/394|[from] item: Leftovers
|-damage|p1a: Slowbro|288\/394 tox|[from] psn
|turn|82
|
|detailschange|p1a: Slowbro|Slowbro-Mega, F
|message|Slowbro has Mega Evolved into Mega Slowbro!
|move|p2a: Quagsire|Scald|p1a: Slowbro
|-resisted|p1a: Slowbro
|-damage|p1a: Slowbro|255\/394 tox
|move|p1a: Slowbro|Calm Mind|p1a: Slowbro
|-boost|p1a: Slowbro|spa|1
|-boost|p1a: Slowbro|spd|1
|
|-weather|none
|-damage|p1a: Slowbro|207\/394 tox|[from] psn
|turn|83
|
|switch|p2a: Sableye|Sableye-Mega, M|114\/304 brn
|move|p1a: Slowbro|Rest|p1a: Slowbro
|-status|p1a: Slowbro|slp
|-heal|p1a: Slowbro|394\/394 slp|[silent]
|-status|p1a: Slowbro|slp|[from] move: Rest
|
|-damage|p2a: Sableye|76\/304 brn|[from] brn
|turn|84
|
|cant|p1a: Slowbro|slp
|move|p1a: Slowbro|Sleep Talk|p1a: Slowbro
|move|p1a: Slowbro|Scald|p2a: Sableye|[from]Sleep Talk
|-damage|p2a: Sableye|0 fnt
|faint|p2a: Sableye
|
|
|switch|p2a: Scolipede|Scolipede, F|233\/324
|turn|85
|
|move|p2a: Scolipede|Protect|p2a: Scolipede
|-singleturn|p2a: Scolipede|Protect
|cant|p1a: Slowbro|slp
|move|p1a: Slowbro|Sleep Talk|p1a: Slowbro
|move|p1a: Slowbro|Scald|p2a: Scolipede|[from]Sleep Talk
|-activate|p2a: Scolipede|Protect
|
|-heal|p2a: Scolipede|253\/324|[from] item: Leftovers
|-boost|p2a: Scolipede|spe|1|[from] ability: Speed Boost
|turn|86
|
|move|p2a: Scolipede|Substitute|p2a: Scolipede
|-start|p2a: Scolipede|Substitute
|-damage|p2a: Scolipede|172\/324
|-curestatus|p1a: Slowbro|slp
|move|p1a: Slowbro|Scald|p2a: Scolipede
|-end|p2a: Scolipede|Substitute
|
|-heal|p2a: Scolipede|192\/324|[from] item: Leftovers
|-boost|p2a: Scolipede|spe|1|[from] ability: Speed Boost
|turn|87
|
|move|p2a: Scolipede|Protect|p2a: Scolipede
|-singleturn|p2a: Scolipede|Protect
|move|p1a: Slowbro|Calm Mind|p1a: Slowbro
|-boost|p1a: Slowbro|spa|1
|-boost|p1a: Slowbro|spd|1
|
|-heal|p2a: Scolipede|212\/324|[from] item: Leftovers
|-boost|p2a: Scolipede|spe|1|[from] ability: Speed Boost
|turn|88
|
|move|p2a: Scolipede|Substitute|p2a: Scolipede
|-start|p2a: Scolipede|Substitute
|-damage|p2a: Scolipede|131\/324
|move|p1a: Slowbro|Scald|p2a: Scolipede
|-end|p2a: Scolipede|Substitute
|
|-heal|p2a: Scolipede|151\/324|[from] item: Leftovers
|-boost|p2a: Scolipede|spe|1|[from] ability: Speed Boost
|turn|89
|
|move|p2a: Scolipede|Protect|p2a: Scolipede
|-singleturn|p2a: Scolipede|Protect
|move|p1a: Slowbro|Scald|p2a: Scolipede
|-activate|p2a: Scolipede|Protect
|
|-heal|p2a: Scolipede|171\/324|[from] item: Leftovers
|-boost|p2a: Scolipede|spe|1|[from] ability: Speed Boost
|turn|90
|
|move|p2a: Scolipede|Baton Pass|p2a: Scolipede
|
|switch|p2a: Quagsire|Quagsire, M|394\/394
|move|p1a: Slowbro|Scald|p2a: Quagsire
|-damage|p2a: Quagsire|238\/394
|-status|p2a: Quagsire|brn
|
|-heal|p2a: Quagsire|262\/394 brn|[from] item: Leftovers
|-damage|p2a: Quagsire|213\/394 brn|[from] brn
|turn|91
|
|move|p2a: Quagsire|Recover|p2a: Quagsire
|-heal|p2a: Quagsire|394\/394 brn
|move|p1a: Slowbro|Calm Mind|p1a: Slowbro
|-boost|p1a: Slowbro|spa|1
|-boost|p1a: Slowbro|spd|1
|
|-damage|p2a: Quagsire|345\/394 brn|[from] brn
|turn|92
|
|move|p2a: Quagsire|Toxic|p1a: Slowbro
|-status|p1a: Slowbro|tox
|move|p1a: Slowbro|Calm Mind|p1a: Slowbro
|-boost|p1a: Slowbro|spa|1
|-boost|p1a: Slowbro|spd|1
|
|-heal|p2a: Quagsire|369\/394 brn|[from] item: Leftovers
|-damage|p2a: Quagsire|320\/394 brn|[from] brn
|-damage|p1a: Slowbro|370\/394 tox|[from] psn
|turn|93
|
|move|p2a: Quagsire|Recover|p2a: Quagsire
|-heal|p2a: Quagsire|394\/394 brn
|move|p1a: Slowbro|Calm Mind|p1a: Slowbro
|-boost|p1a: Slowbro|spa|1
|-boost|p1a: Slowbro|spd|1
|
|-damage|p2a: Quagsire|345\/394 brn|[from] brn
|-damage|p1a: Slowbro|322\/394 tox|[from] psn
|turn|94
|
|move|p2a: Quagsire|Recover|p2a: Quagsire
|-heal|p2a: Quagsire|394\/394 brn
|move|p1a: Slowbro|Scald|p2a: Quagsire
|-damage|p2a: Quagsire|237\/394 brn
|
|-heal|p2a: Quagsire|261\/394 brn|[from] item: Leftovers
|-damage|p2a: Quagsire|212\/394 brn|[from] brn
|-damage|p1a: Slowbro|250\/394 tox|[from] psn
|turn|95
|
|move|p2a: Quagsire|Recover|p2a: Quagsire
|-heal|p2a: Quagsire|394\/394 brn
|move|p1a: Slowbro|Scald|p2a: Quagsire
|-damage|p2a: Quagsire|226\/394 brn
|
|-heal|p2a: Quagsire|250\/394 brn|[from] item: Leftovers
|-damage|p2a: Quagsire|201\/394 brn|[from] brn
|-damage|p1a: Slowbro|154\/394 tox|[from] psn
|turn|96
|
|switch|p2a: Scolipede|Scolipede, F|171\/324
|move|p1a: Slowbro|Rest|p1a: Slowbro
|-status|p1a: Slowbro|slp
|-heal|p1a: Slowbro|394\/394 slp|[silent]
|-status|p1a: Slowbro|slp|[from] move: Rest
|
|-heal|p2a: Scolipede|191\/324|[from] item: Leftovers
|turn|97
|
|move|p2a: Scolipede|Substitute|p2a: Scolipede
|-start|p2a: Scolipede|Substitute
|-damage|p2a: Scolipede|110\/324
|cant|p1a: Slowbro|slp
|move|p1a: Slowbro|Sleep Talk|p1a: Slowbro
|move|p1a: Slowbro|Calm Mind|p1a: Slowbro|[from]Sleep Talk
|-fail|p1a: Slowbro
|
|-heal|p2a: Scolipede|130\/324|[from] item: Leftovers
|-boost|p2a: Scolipede|spe|1|[from] ability: Speed Boost
|turn|98
|
|move|p2a: Scolipede|Iron Defense|p2a: Scolipede
|-boost|p2a: Scolipede|def|2
|cant|p1a: Slowbro|slp
|move|p1a: Slowbro|Sleep Talk|p1a: Slowbro
|move|p1a: Slowbro|Scald|p2a: Scolipede|[from]Sleep Talk
|-end|p2a: Scolipede|Substitute
|
|-heal|p2a: Scolipede|150\/324|[from] item: Leftovers
|-boost|p2a: Scolipede|spe|1|[from] ability: Speed Boost
|turn|99
|
|move|p2a: Scolipede|Protect|p2a: Scolipede
|-singleturn|p2a: Scolipede|Protect
|-curestatus|p1a: Slowbro|slp
|move|p1a: Slowbro|Scald|p2a: Scolipede
|-activate|p2a: Scolipede|Protect
|
|-heal|p2a: Scolipede|170\/324|[from] item: Leftovers
|-boost|p2a: Scolipede|spe|1|[from] ability: Speed Boost
|turn|100
|
|move|p2a: Scolipede|Substitute|p2a: Scolipede
|-start|p2a: Scolipede|Substitute
|-damage|p2a: Scolipede|89\/324
|move|p1a: Slowbro|Scald|p2a: Scolipede
|-end|p2a: Scolipede|Substitute
|
|-heal|p2a: Scolipede|109\/324|[from] item: Leftovers
|-boost|p2a: Scolipede|spe|1|[from] ability: Speed Boost
|turn|101
|
|move|p2a: Scolipede|Protect|p2a: Scolipede
|-singleturn|p2a: Scolipede|Protect
|move|p1a: Slowbro|Calm Mind|p1a: Slowbro
|-fail|p1a: Slowbro
|
|-heal|p2a: Scolipede|129\/324|[from] item: Leftovers
|-boost|p2a: Scolipede|spe|1|[from] ability: Speed Boost
|turn|102
|
|move|p2a: Scolipede|Substitute|p2a: Scolipede
|-start|p2a: Scolipede|Substitute
|-damage|p2a: Scolipede|48\/324
|move|p1a: Slowbro|Scald|p2a: Scolipede
|-end|p2a: Scolipede|Substitute
|
|-heal|p2a: Scolipede|68\/324|[from] item: Leftovers
|-boost|p2a: Scolipede|spe|1|[from] ability: Speed Boost
|turn|103
|
|move|p2a: Scolipede|Baton Pass|p2a: Scolipede
|
|switch|p2a: Blissey|Blissey, F|714\/714
|move|p1a: Slowbro|Scald|p2a: Blissey
|-damage|p2a: Blissey|374\/714
|-status|p2a: Blissey|brn
|
|-heal|p2a: Blissey|418\/714 brn|[from] item: Leftovers
|-damage|p2a: Blissey|329\/714 brn|[from] brn
|turn|104
|
|move|p2a: Blissey|Calm Mind|p2a: Blissey
|-boost|p2a: Blissey|spa|1
|-boost|p2a: Blissey|spd|1
|move|p1a: Slowbro|Scald|p2a: Blissey
|-damage|p2a: Blissey|83\/714 brn
|
|-heal|p2a: Blissey|127\/714 brn|[from] item: Leftovers
|-damage|p2a: Blissey|38\/714 brn|[from] brn
|turn|105
|
|move|p2a: Blissey|Thunderbolt|p1a: Slowbro
|-supereffective|p1a: Slowbro
|-damage|p1a: Slowbro|320\/394
|move|p1a: Slowbro|Scald|p2a: Blissey
|-damage|p2a: Blissey|0 fnt
|faint|p2a: Blissey
|
|-message|ManuelEnciso123 forfeited.
|
|win|DoctorPhrog
|raw|Ladder updating...
|leave|ManuelEnciso123
|player|p2
|raw|DoctorPhrog's rating: 1571 &rarr; <strong>1588<\/strong><br \/>(+17 for winning)
|raw|ManuelEnciso123's rating: 1526 &rarr; <strong>1509<\/strong><br \/>(-17 for losing)