|join|pulopulpo
|join|ManuelEnciso123
|player|p1|pulopulpo|29
|player|p2|ManuelEnciso123|169
|gametype|singles
|gen|6
|tier|OU
|rated
|clearpoke
|poke|p1|Mamoswine, F
|poke|p1|Hawlucha, F
|poke|p1|Gyarados, F
|poke|p1|Garchomp, M
|poke|p1|Jirachi
|poke|p1|Clefable, M
|poke|p2|Charizard, M
|poke|p2|Gyarados, M
|poke|p2|Clefable, M
|poke|p2|Scolipede, M
|poke|p2|Dragonite, M
|poke|p2|Blissey, F
|rule|Swagger Clause: Swagger is banned
|rule|Baton Pass Clause: Limit one Pokémon knowing Baton Pass
|rule|Sleep Clause Mod: Limit one foe put to sleep
|rule|Species Clause: Limit one of each Pokémon
|rule|OHKO Clause: OHKO moves are banned
|rule|Moody Clause: Moody is banned
|rule|Evasion Moves Clause: Evasion moves are banned
|rule|Endless Battle Clause: Forcing endless battles is banned
|rule|HP Percentage Mod: HP is shown in percentages
|teampreview
|
|start
|switch|p1a: Jirachi|Jirachi|341\/341
|switch|p2a: Scolipede|Scolipede, M|324\/324
|turn|1
|
|move|p2a: Scolipede|Protect|p2a: Scolipede
|-singleturn|p2a: Scolipede|Protect
|move|p1a: Jirachi|Trick|p2a: Scolipede
|-activate|p2a: Scolipede|Protect
|
|-boost|p2a: Scolipede|spe|1|[from] ability: Speed Boost
|turn|2
|
|switch|p1a: starmond|Garchomp, M|420\/420
|move|p2a: Scolipede|Substitute|p2a: Scolipede
|-start|p2a: Scolipede|Substitute
|-damage|p2a: Scolipede|243\/324
|
|-heal|p2a: Scolipede|263\/324|[from] item: Leftovers
|-boost|p2a: Scolipede|spe|1|[from] ability: Speed Boost
|turn|3
|
|move|p2a: Scolipede|Iron Defense|p2a: Scolipede
|-boost|p2a: Scolipede|def|2
|move|p1a: starmond|Fire Blast|p2a: Scolipede
|-supereffective|p2a: Scolipede
|-end|p2a: Scolipede|Substitute
|
|-heal|p2a: Scolipede|283\/324|[from] item: Leftovers
|-boost|p2a: Scolipede|spe|1|[from] ability: Speed Boost
|turn|4
|
|move|p2a: Scolipede|Protect|p2a: Scolipede
|-singleturn|p2a: Scolipede|Protect
|move|p1a: starmond|Dragon Tail|p2a: Scolipede
|-activate|p2a: Scolipede|Protect
|
|-heal|p2a: Scolipede|303\/324|[from] item: Leftovers
|-boost|p2a: Scolipede|spe|1|[from] ability: Speed Boost
|turn|5
|
|move|p2a: Scolipede|Substitute|p2a: Scolipede
|-start|p2a: Scolipede|Substitute
|-damage|p2a: Scolipede|222\/324
|move|p1a: starmond|Dragon Tail|p2a: Scolipede
|-activate|p2a: Scolipede|Substitute|[damage]
|
|-heal|p2a: Scolipede|242\/324|[from] item: Leftovers
|-boost|p2a: Scolipede|spe|1|[from] ability: Speed Boost
|turn|6
|
|move|p2a: Scolipede|Iron Defense|p2a: Scolipede
|-boost|p2a: Scolipede|def|2
|move|p1a: starmond|Fire Blast|p2a: Scolipede
|-supereffective|p2a: Scolipede
|-end|p2a: Scolipede|Substitute
|
|-heal|p2a: Scolipede|262\/324|[from] item: Leftovers
|-boost|p2a: Scolipede|spe|1|[from] ability: Speed Boost
|turn|7
|
|move|p2a: Scolipede|Protect|p2a: Scolipede
|-singleturn|p2a: Scolipede|Protect
|move|p1a: starmond|Fire Blast|p2a: Scolipede
|-activate|p2a: Scolipede|Protect
|
|-heal|p2a: Scolipede|282\/324|[from] item: Leftovers
|turn|8
|
|move|p2a: Scolipede|Substitute|p2a: Scolipede
|-start|p2a: Scolipede|Substitute
|-damage|p2a: Scolipede|201\/324
|move|p1a: starmond|Fire Blast|p2a: Scolipede
|-supereffective|p2a: Scolipede
|-end|p2a: Scolipede|Substitute
|
|-heal|p2a: Scolipede|221\/324|[from] item: Leftovers
|turn|9
|
|move|p2a: Scolipede|Protect|p2a: Scolipede
|-singleturn|p2a: Scolipede|Protect
|move|p1a: starmond|Stealth Rock|p2a: Scolipede
|-sidestart|p2: ManuelEnciso123|move: Stealth Rock
|
|-heal|p2a: Scolipede|241\/324|[from] item: Leftovers
|turn|10
|
|move|p2a: Scolipede|Substitute|p2a: Scolipede
|-start|p2a: Scolipede|Substitute
|-damage|p2a: Scolipede|160\/324
|move|p1a: starmond|Fire Blast|p2a: Scolipede
|-supereffective|p2a: Scolipede
|-end|p2a: Scolipede|Substitute
|
|-heal|p2a: Scolipede|180\/324|[from] item: Leftovers
|turn|11
|
|switch|p1a: moonstoned|Clefable, M|393\/393
|move|p2a: Scolipede|Protect|p2a: Scolipede
|-fail|p2a: Scolipede
|
|-heal|p2a: Scolipede|200\/324|[from] item: Leftovers
|turn|12
|
|move|p2a: Scolipede|Substitute|p2a: Scolipede
|-start|p2a: Scolipede|Substitute
|-damage|p2a: Scolipede|119\/324
|move|p1a: moonstoned|Calm Mind|p1a: moonstoned
|-boost|p1a: moonstoned|spa|1
|-boost|p1a: moonstoned|spd|1
|
|-heal|p2a: Scolipede|139\/324|[from] item: Leftovers
|turn|13
|
|move|p2a: Scolipede|Baton Pass|p2a: Scolipede
|
|switch|p2a: Clefable|Clefable, M|394\/394
|move|p1a: moonstoned|Calm Mind|p1a: moonstoned
|-boost|p1a: moonstoned|spa|1
|-boost|p1a: moonstoned|spd|1
|
|turn|14
|
|move|p2a: Clefable|Calm Mind|p2a: Clefable
|-boost|p2a: Clefable|spa|1
|-boost|p2a: Clefable|spd|1
|move|p1a: moonstoned|Calm Mind|p1a: moonstoned
|-boost|p1a: moonstoned|spa|1
|-boost|p1a: moonstoned|spd|1
|
|turn|15
|
|move|p2a: Clefable|Calm Mind|p2a: Clefable
|-boost|p2a: Clefable|spa|1
|-boost|p2a: Clefable|spd|1
|move|p1a: moonstoned|Stored Power|p2a: Clefable
|-end|p2a: Clefable|Substitute
|
|turn|16
|
|move|p2a: Clefable|Calm Mind|p2a: Clefable
|-boost|p2a: Clefable|spa|1
|-boost|p2a: Clefable|spd|1
|move|p1a: moonstoned|Stored Power|p2a: Clefable
|-damage|p2a: Clefable|283\/394
|
|-heal|p2a: Clefable|307\/394|[from] item: Leftovers
|turn|17
|
|switch|p1a: Jirachi|Jirachi|341\/341
|move|p2a: Clefable|Stored Power|p1a: Jirachi
|-resisted|p1a: Jirachi
|-damage|p1a: Jirachi|173\/341
|
|-heal|p2a: Clefable|331\/394|[from] item: Leftovers
|turn|18
|
|move|p2a: Clefable|Flamethrower|p1a: Jirachi
|-supereffective|p1a: Jirachi
|-damage|p1a: Jirachi|0 fnt
|faint|p1a: Jirachi
|
|-heal|p2a: Clefable|355\/394|[from] item: Leftovers
|
|switch|p1a: Gyarados|Gyarados, F|331\/331
|-ability|p1a: Gyarados|Intimidate|[of] p2a: Clefable
|-unboost|p2a: Clefable|atk|1
|turn|19
|
|detailschange|p1a: Gyarados|Gyarados-Mega, F
|message|Gyarados has Mega Evolved into Mega Gyarados!
|-ability|p1a: Gyarados|Mold Breaker
|move|p2a: Clefable|Stored Power|p1a: Gyarados
|-immune|p1a: Gyarados|[msg]
|move|p1a: Gyarados|Waterfall|p2a: Clefable
|-damage|p2a: Clefable|300\/394
|
|-heal|p2a: Clefable|324\/394|[from] item: Leftovers
|turn|20
|
|move|p2a: Clefable|Moonblast|p1a: Gyarados
|-supereffective|p1a: Gyarados
|-damage|p1a: Gyarados|0 fnt
|faint|p1a: Gyarados
|
|-heal|p2a: Clefable|348\/394|[from] item: Leftovers
|
|switch|p1a: mut|Mamoswine, F|361\/361
|turn|21
|
|move|p2a: Clefable|Stored Power|p1a: mut
|-damage|p1a: mut|0 fnt
|faint|p1a: mut
|
|-heal|p2a: Clefable|372\/394|[from] item: Leftovers
|-message|pulopulpo forfeited.
|
|win|ManuelEnciso123
|raw|Ladder updating...
|leave|pulopulpo
|player|p1
|raw|pulopulpo's rating: 1431 &rarr; <strong>1409<\/strong><br \/>(-22 for losing)
|raw|ManuelEnciso123's rating: 1386 &rarr; <strong>1408<\/strong><br \/>(+22 for winning)
|join|pulopulpo
|leave|pulopulpo
|join|pulopulpo