|join|chakakhan
|join|ManuelEnciso123
|player|p1|chakakhan|101
|player|p2|ManuelEnciso123|102
|gametype|singles
|gen|6
|tier|OU
|rated
|clearpoke
|poke|p1|Empoleon, F
|poke|p1|Slowbro, F
|poke|p1|Swampert, M
|poke|p1|Lanturn, M
|poke|p1|Greninja, F
|poke|p1|Crawdaunt, M
|poke|p2|Clefable, F
|poke|p2|Scolipede, M
|poke|p2|Blissey, F
|poke|p2|Espeon, F
|poke|p2|Sableye, M
|poke|p2|Quagsire, F
|rule|Swagger Clause: Swagger is banned
|rule|Baton Pass Clause: Limit one Pokémon knowing Baton Pass
|rule|Sleep Clause Mod: Limit one foe put to sleep
|rule|Species Clause: Limit one of each Pokémon
|rule|OHKO Clause: OHKO moves are banned
|rule|Moody Clause: Moody is banned
|rule|Evasion Moves Clause: Evasion moves are banned
|rule|Endless Battle Clause: Forcing endless battles is banned
|rule|HP Percentage Mod: HP is shown in percentages
|teampreview
|
|start
|switch|p1a: Empoleon|Empoleon, F|372\/372
|switch|p2a: Scolipede|Scolipede, M|324\/324
|turn|1
|
|move|p2a: Scolipede|Iron Defense|p2a: Scolipede
|-boost|p2a: Scolipede|def|2
|move|p1a: Empoleon|Rain Dance|p1a: Empoleon
|-weather|RainDance
|
|-weather|RainDance|[upkeep]
|-boost|p2a: Scolipede|spe|1|[from] ability: Speed Boost
|turn|2
|
|move|p2a: Scolipede|Protect|p2a: Scolipede
|-singleturn|p2a: Scolipede|Protect
|move|p1a: Empoleon|Scald|p2a: Scolipede
|-activate|p2a: Scolipede|Protect
|
|-weather|RainDance|[upkeep]
|-boost|p2a: Scolipede|spe|1|[from] ability: Speed Boost
|turn|3
|
|move|p2a: Scolipede|Substitute|p2a: Scolipede
|-start|p2a: Scolipede|Substitute
|-damage|p2a: Scolipede|243\/324
|move|p1a: Empoleon|Scald|p2a: Scolipede
|-end|p2a: Scolipede|Substitute
|
|-weather|RainDance|[upkeep]
|-heal|p2a: Scolipede|263\/324|[from] item: Leftovers
|-boost|p2a: Scolipede|spe|1|[from] ability: Speed Boost
|turn|4
|
|move|p2a: Scolipede|Protect|p2a: Scolipede
|-singleturn|p2a: Scolipede|Protect
|move|p1a: Empoleon|Scald|p2a: Scolipede
|-activate|p2a: Scolipede|Protect
|
|-weather|RainDance|[upkeep]
|-heal|p2a: Scolipede|283\/324|[from] item: Leftovers
|-boost|p2a: Scolipede|spe|1|[from] ability: Speed Boost
|turn|5
|
|move|p2a: Scolipede|Substitute|p2a: Scolipede
|-start|p2a: Scolipede|Substitute
|-damage|p2a: Scolipede|202\/324
|move|p1a: Empoleon|Scald|p2a: Scolipede
|-end|p2a: Scolipede|Substitute
|
|-weather|none
|-heal|p2a: Scolipede|222\/324|[from] item: Leftovers
|-boost|p2a: Scolipede|spe|1|[from] ability: Speed Boost
|turn|6
|
|move|p2a: Scolipede|Baton Pass|p2a: Scolipede
|
|switch|p2a: Espeon|Espeon, F|334\/334
|move|p1a: Empoleon|Rain Dance|p1a: Empoleon
|-weather|RainDance
|
|-weather|RainDance|[upkeep]
|turn|7
|
|move|p2a: Espeon|Calm Mind|p2a: Espeon
|-boost|p2a: Espeon|spa|1
|-boost|p2a: Espeon|spd|1
|move|p1a: Empoleon|Scald|p2a: Espeon
|-damage|p2a: Espeon|264\/334
|
|-weather|RainDance|[upkeep]
|-heal|p2a: Espeon|284\/334|[from] item: Leftovers
|turn|8
|
|switch|p1a: Crawdaunt|Crawdaunt, M|268\/268
|move|p2a: Espeon|Calm Mind|p2a: Espeon
|-boost|p2a: Espeon|spa|1
|-boost|p2a: Espeon|spd|1
|
|-weather|RainDance|[upkeep]
|-heal|p2a: Espeon|304\/334|[from] item: Leftovers
|turn|9
|
|move|p2a: Espeon|Dazzling Gleam|p1a: Crawdaunt
|-supereffective|p1a: Crawdaunt
|-damage|p1a: Crawdaunt|0 fnt
|faint|p1a: Crawdaunt
|
|-weather|RainDance|[upkeep]
|-heal|p2a: Espeon|324\/334|[from] item: Leftovers
|
|switch|p1a: Lanturn|Lanturn, M|454\/454
|turn|10
|
|move|p2a: Espeon|Calm Mind|p2a: Espeon
|-boost|p2a: Espeon|spa|1
|-boost|p2a: Espeon|spd|1
|move|p1a: Lanturn|Volt Switch|p2a: Espeon
|-damage|p2a: Espeon|303\/334
|
|switch|p1a: Swampert|Swampert, M|341\/341
|
|-weather|none
|-heal|p2a: Espeon|323\/334|[from] item: Leftovers
|turn|11
|
|detailschange|p1a: Swampert|Swampert-Mega, M
|message|Swampert has Mega Evolved into Mega Swampert!
|move|p2a: Espeon|Stored Power|p1a: Swampert
|-damage|p1a: Swampert|0 fnt
|faint|p1a: Swampert
|
|-heal|p2a: Espeon|334\/334|[from] item: Leftovers
|-message|chakakhan forfeited.
|
|win|ManuelEnciso123
|raw|Ladder updating...
|leave|chakakhan
|player|p1
|raw|chakakhan's rating: 1407 &rarr; <strong>1380<\/strong><br \/>(-27 for losing)
|raw|ManuelEnciso123's rating: 1285 &rarr; <strong>1319<\/strong><br \/>(+34 for winning)