|join|much professional
|join|ManuelEnciso123
|player|p1|much professional|102
|player|p2|ManuelEnciso123|265
|gametype|singles
|gen|6
|tier|OU
|rated
|clearpoke
|poke|p1|Landorus, M
|poke|p1|Gyarados, F
|poke|p1|Breloom, M
|poke|p1|Talonflame, M
|poke|p1|Starmie
|poke|p1|Kyurem-Black
|poke|p2|Scolipede, M
|poke|p2|Blissey, F
|poke|p2|Espeon, F
|poke|p2|Sableye, M
|poke|p2|Quagsire, F
|poke|p2|Skarmory, M
|rule|Swagger Clause: Swagger is banned
|rule|Baton Pass Clause: Limit one Pokémon knowing Baton Pass
|rule|Sleep Clause Mod: Limit one foe put to sleep
|rule|Species Clause: Limit one of each Pokémon
|rule|OHKO Clause: OHKO moves are banned
|rule|Moody Clause: Moody is banned
|rule|Evasion Moves Clause: Evasion moves are banned
|rule|Endless Battle Clause: Forcing endless battles is banned
|rule|HP Percentage Mod: HP is shown in percentages
|teampreview
|
|start
|switch|p1a: Gyarados|Gyarados, F|332\/332
|switch|p2a: Scolipede|Scolipede, M|324\/324
|-ability|p1a: Gyarados|Intimidate|[of] p2a: Scolipede
|-unboost|p2a: Scolipede|atk|1
|turn|1
|
|move|p1a: Gyarados|Dragon Dance|p1a: Gyarados
|-boost|p1a: Gyarados|atk|1
|-boost|p1a: Gyarados|spe|1
|move|p2a: Scolipede|Iron Defense|p2a: Scolipede
|-boost|p2a: Scolipede|def|2
|
|-boost|p2a: Scolipede|spe|1|[from] ability: Speed Boost
|turn|2
|
|move|p1a: Gyarados|Waterfall|p2a: Scolipede
|-crit|p2a: Scolipede
|-damage|p2a: Scolipede|69\/324
|move|p2a: Scolipede|Iron Defense|p2a: Scolipede
|-boost|p2a: Scolipede|def|2
|
|-heal|p2a: Scolipede|89\/324|[from] item: Leftovers
|-boost|p2a: Scolipede|spe|1|[from] ability: Speed Boost
|turn|3
|
|move|p2a: Scolipede|Protect|p2a: Scolipede
|-singleturn|p2a: Scolipede|Protect
|move|p1a: Gyarados|Dragon Dance|p1a: Gyarados
|-boost|p1a: Gyarados|atk|1
|-boost|p1a: Gyarados|spe|1
|
|-heal|p2a: Scolipede|109\/324|[from] item: Leftovers
|-boost|p2a: Scolipede|spe|1|[from] ability: Speed Boost
|turn|4
|
|move|p2a: Scolipede|Baton Pass|p2a: Scolipede
|
|switch|p2a: Sableye|Sableye, M|304\/304
|move|p1a: Gyarados|Waterfall|p2a: Sableye
|-crit|p2a: Sableye
|-damage|p2a: Sableye|0 fnt
|faint|p2a: Sableye
|
|c|★much professional|sorry
|-message|ManuelEnciso123 forfeited.
|
|win|much professional
|raw|Ladder updating...
|leave|ManuelEnciso123
|player|p2
|c|★much professional|not sorry
|raw|much professional's rating: 1700 &rarr; <strong>1717<\/strong><br \/>(+17 for winning)
|raw|ManuelEnciso123's rating: 1639 &rarr; <strong>1623<\/strong><br \/>(-16 for losing)