|join|LOOK AT MUH
|join|ManuelEnciso123
|player|p1|LOOK AT MUH|292
|player|p2|ManuelEnciso123|33
|gametype|singles
|gen|6
|tier|OU
|rated
|clearpoke
|poke|p1|Breloom, F
|poke|p1|Pinsir, F
|poke|p1|Rotom-Wash
|poke|p1|Heatran, F
|poke|p1|Latios, M
|poke|p1|Keldeo-Resolute
|poke|p2|Scolipede, M
|poke|p2|Quagsire, M
|poke|p2|Espeon, M
|poke|p2|Gallade, M
|poke|p2|Kingdra, F
|poke|p2|Bronzong
|rule|Swagger Clause: Swagger is banned
|rule|Baton Pass Clause: Limit one Pokémon knowing Baton Pass
|rule|Sleep Clause Mod: Limit one foe put to sleep
|rule|Species Clause: Limit one of each Pokémon
|rule|OHKO Clause: OHKO moves are banned
|rule|Moody Clause: Moody is banned
|rule|Evasion Moves Clause: Evasion moves are banned
|rule|Endless Battle Clause: Forcing endless battles is banned
|rule|HP Percentage Mod: HP is shown in percentages
|teampreview
|join|User Of Splash
|join|iEvils
|c| iEvils|kabu pls
|
|start
|switch|p1a: Heatran|Heatran, F|386\/386
|switch|p2a: Scolipede|Scolipede, M|324\/324
|turn|1
|
|move|p2a: Scolipede|Protect|p2a: Scolipede
|-singleturn|p2a: Scolipede|Protect
|move|p1a: Heatran|Magma Storm|p2a: Scolipede
|-activate|p2a: Scolipede|Protect
|
|-boost|p2a: Scolipede|spe|1|[from] ability: Speed Boost
|turn|2
|
|move|p2a: Scolipede|Substitute|p2a: Scolipede
|-start|p2a: Scolipede|Substitute
|-damage|p2a: Scolipede|243\/324
|move|p1a: Heatran|Stealth Rock|p2a: Scolipede
|-sidestart|p2: ManuelEnciso123|move: Stealth Rock
|
|-boost|p2a: Scolipede|spe|1|[from] ability: Speed Boost
|turn|3
|
|move|p2a: Scolipede|Iron Defense|p2a: Scolipede
|-boost|p2a: Scolipede|def|2
|move|p1a: Heatran|Magma Storm|p2a: Scolipede
|-supereffective|p2a: Scolipede
|-end|p2a: Scolipede|Substitute
|
|-boost|p2a: Scolipede|spe|1|[from] ability: Speed Boost
|turn|4
|
|move|p2a: Scolipede|Protect|p2a: Scolipede
|-singleturn|p2a: Scolipede|Protect
|move|p1a: Heatran|Roar|p2a: Scolipede
|drag|p2a: Tito|Quagsire, M|394\/394
|-damage|p2a: Tito|370\/394|[from] Stealth Rock
|
|turn|5
|c| iEvils|RIR
|c|★LOOK AT MUH|RAWR
|
|move|p1a: Heatran|Magma Storm|p2a: Tito
|-resisted|p2a: Tito
|-damage|p2a: Tito|265\/394
|-activate|p2a: Tito|move: Magma Storm|[of] p1a: Heatran
|move|p2a: Tito|Scald|p1a: Heatran
|-supereffective|p1a: Heatran
|-damage|p1a: Heatran|296\/386
|
|-heal|p1a: Heatran|320\/386|[from] item: Leftovers
|-damage|p2a: Tito|216\/394|[from] move: Magma Storm|[partiallytrapped]
|turn|6
|c| iEvils|mfe
|c| iEvils|mfw
|
|move|p1a: Heatran|Protect|p1a: Heatran
|-singleturn|p1a: Heatran|Protect
|move|p2a: Tito|Earthquake|p1a: Heatran
|-activate|p1a: Heatran|Protect
|
|-heal|p1a: Heatran|344\/386|[from] item: Leftovers
|-damage|p2a: Tito|167\/394|[from] move: Magma Storm|[partiallytrapped]
|-enditem|p2a: Tito|Sitrus Berry|[eat]
|-heal|p2a: Tito|265\/394|[from] item: Sitrus Berry
|turn|7
|
|switch|p1a: Rotom-Wash|Rotom-Wash|303\/303
|move|p2a: Tito|Scald|p1a: Rotom-Wash
|-resisted|p1a: Rotom-Wash
|-damage|p1a: Rotom-Wash|276\/303
|
|-end|p2a: Tito|Magma Storm|[partiallytrapped]
|turn|8
|
|move|p1a: Rotom-Wash|Hydro Pump|p2a: Tito
|-damage|p2a: Tito|66\/394
|move|p2a: Tito|Toxic|p1a: Rotom-Wash
|-status|p1a: Rotom-Wash|tox
|
|-damage|p1a: Rotom-Wash|258\/303 tox|[from] psn
|turn|9
|
|move|p1a: Rotom-Wash|Hydro Pump|p2a: Tito|[miss]
|-miss|p1a: Rotom-Wash|p2a: Tito
|move|p2a: Tito|Recover|p2a: Tito
|-heal|p2a: Tito|263\/394
|
|-damage|p1a: Rotom-Wash|222\/303 tox|[from] psn
|turn|10
|
|move|p1a: Rotom-Wash|Will-O-Wisp|p2a: Tito
|-status|p2a: Tito|brn
|move|p2a: Tito|Recover|p2a: Tito
|-heal|p2a: Tito|394\/394 brn
|
|-damage|p1a: Rotom-Wash|168\/303 tox|[from] psn
|-damage|p2a: Tito|345\/394 brn|[from] brn
|turn|11
|
|move|p1a: Rotom-Wash|Hydro Pump|p2a: Tito
|-damage|p2a: Tito|138\/394 brn
|move|p2a: Tito|Recover|p2a: Tito
|-heal|p2a: Tito|335\/394 brn
|
|-damage|p1a: Rotom-Wash|96\/303 tox|[from] psn
|-damage|p2a: Tito|286\/394 brn|[from] brn
|turn|12
|
|move|p1a: Rotom-Wash|Rest|p1a: Rotom-Wash
|-status|p1a: Rotom-Wash|slp
|-heal|p1a: Rotom-Wash|303\/303 slp|[silent]
|-status|p1a: Rotom-Wash|slp|[from] move: Rest
|-enditem|p1a: Rotom-Wash|Chesto Berry|[eat]
|-curestatus|p1a: Rotom-Wash|slp
|move|p2a: Tito|Recover|p2a: Tito
|-heal|p2a: Tito|394\/394 brn
|
|-damage|p2a: Tito|345\/394 brn|[from] brn
|turn|13
|
|move|p1a: Rotom-Wash|Hydro Pump|p2a: Tito
|-crit|p2a: Tito
|-damage|p2a: Tito|66\/394 brn
|move|p2a: Tito|Toxic|p1a: Rotom-Wash
|-status|p1a: Rotom-Wash|tox
|
|-damage|p1a: Rotom-Wash|285\/303 tox|[from] psn
|-damage|p2a: Tito|17\/394 brn|[from] brn
|turn|14
|
|move|p1a: Rotom-Wash|Hydro Pump|p2a: Tito
|-damage|p2a: Tito|0 fnt
|faint|p2a: Tito
|
|-damage|p1a: Rotom-Wash|249\/303 tox|[from] psn
|c|★LOOK AT MUH|Was it unaware
|
|switch|p2a: Scolipede|Scolipede, M|243\/324
|-damage|p2a: Scolipede|162\/324|[from] Stealth Rock
|turn|15
|
|move|p2a: Scolipede|Protect|p2a: Scolipede
|-singleturn|p2a: Scolipede|Protect
|move|p1a: Rotom-Wash|Volt Switch|p2a: Scolipede
|-activate|p2a: Scolipede|Protect
|
|-damage|p1a: Rotom-Wash|195\/303 tox|[from] psn
|-boost|p2a: Scolipede|spe|1|[from] ability: Speed Boost
|turn|16
|
|move|p2a: Scolipede|Substitute|p2a: Scolipede
|-start|p2a: Scolipede|Substitute
|-damage|p2a: Scolipede|81\/324
|move|p1a: Rotom-Wash|Volt Switch|p2a: Scolipede
|-crit|p2a: Scolipede
|-end|p2a: Scolipede|Substitute
|
|switch|p1a: Dafaq is dis|Pinsir, F|271\/271
|-ability|p1a: Dafaq is dis|Mold Breaker
|
|-boost|p2a: Scolipede|spe|1|[from] ability: Speed Boost
|turn|17
|
|detailschange|p1a: Dafaq is dis|Pinsir-Mega, F
|-mega|p1a: Dafaq is dis|Pinsir|Pinsirite
|move|p1a: Dafaq is dis|Feint|p2a: Scolipede
|-supereffective|p2a: Scolipede
|-damage|p2a: Scolipede|0 fnt
|faint|p2a: Scolipede
|
|c| iEvils|MFW
|c|★LOOK AT MUH|Talonshit
|
|switch|p2a: Bronzong|Bronzong|337\/337
|-damage|p2a: Bronzong|316\/337|[from] Stealth Rock
|turn|18
|
|switch|p1a: Latios|Latios, M|301\/301
|move|p2a: Bronzong|Calm Mind|p2a: Bronzong
|-boost|p2a: Bronzong|spa|1
|-boost|p2a: Bronzong|spd|1
|
|-heal|p2a: Bronzong|337\/337|[from] item: Leftovers
|turn|19
|
|move|p1a: Latios|Trick|p2a: Bronzong
|-activate|p1a: Latios|move: Trick|[of] p2a: Bronzong
|-item|p2a: Bronzong|Choice Scarf|[from] move: Trick
|-item|p1a: Latios|Leftovers|[from] move: Trick
|move|p2a: Bronzong|Flash Cannon|p1a: Latios
|-damage|p1a: Latios|156\/301
|
|-heal|p1a: Latios|174\/301|[from] item: Leftovers
|turn|20
|
|switch|p1a: Keldeo-Resolute|Keldeo-Resolute|323\/323
|move|p2a: Bronzong|Flash Cannon|p1a: Keldeo-Resolute
|-resisted|p1a: Keldeo-Resolute
|-damage|p1a: Keldeo-Resolute|226\/323
|
|-heal|p1a: Keldeo-Resolute|246\/323|[from] item: Leftovers
|turn|21
|
|switch|p2a: Kingdra|Kingdra, F|353\/353
|-damage|p2a: Kingdra|309\/353|[from] Stealth Rock
|move|p1a: Keldeo-Resolute|Calm Mind|p1a: Keldeo-Resolute
|-boost|p1a: Keldeo-Resolute|spa|1
|-boost|p1a: Keldeo-Resolute|spd|1
|
|-heal|p1a: Keldeo-Resolute|266\/323|[from] item: Leftovers
|turn|22
|
|move|p1a: Keldeo-Resolute|Scald|p2a: Kingdra
|-resisted|p2a: Kingdra
|-damage|p2a: Kingdra|252\/353
|move|p2a: Kingdra|Focus Energy|p2a: Kingdra
|-start|p2a: Kingdra|move: Focus Energy
|
|-heal|p1a: Keldeo-Resolute|286\/323|[from] item: Leftovers
|turn|23
|
|move|p1a: Keldeo-Resolute|Secret Sword|p2a: Kingdra
|-damage|p2a: Kingdra|20\/353
|move|p2a: Kingdra|Draco Meteor|p1a: Keldeo-Resolute|[miss]
|-miss|p2a: Kingdra|p1a: Keldeo-Resolute
|
|-heal|p1a: Keldeo-Resolute|306\/323|[from] item: Leftovers
|turn|24
|c|★LOOK AT MUH|kek
|-message|ManuelEnciso123 forfeited.
|leave|ManuelEnciso123
|
|win|LOOK AT MUH
|raw|Ladder updating...
|player|p2
|raw|LOOK AT MUH's rating: 1518 &rarr; <strong>1538<\/strong><br \/>(+20 for winning)
|raw|ManuelEnciso123's rating: 1517 &rarr; <strong>1497<\/strong><br \/>(-20 for losing)
|c|★LOOK AT MUH|NIQQA BE CRAZY!
|c|★LOOK AT MUH|<3 ievils
|leave|LOOK AT MUH
|leave|User Of Splash
|player|p1