|join|ManuelEnciso123
|join|fhigor
|player|p1|ManuelEnciso123|33
|player|p2|fhigor|52
|gametype|singles
|gen|6
|tier|OU
|rated
|clearpoke
|poke|p1|Scolipede, M
|poke|p1|Quagsire, M
|poke|p1|Espeon, F
|poke|p1|Gallade, M
|poke|p1|Kingdra, M
|poke|p1|Empoleon, F
|poke|p2|Diggersby, M
|poke|p2|Thundurus, M
|poke|p2|Metagross
|poke|p2|Landorus-Therian, M
|poke|p2|Rotom-Wash
|poke|p2|Heatran, F
|rule|Swagger Clause: Swagger is banned
|rule|Baton Pass Clause: Limit one Pokémon knowing Baton Pass
|rule|Sleep Clause Mod: Limit one foe put to sleep
|rule|Species Clause: Limit one of each Pokémon
|rule|OHKO Clause: OHKO moves are banned
|rule|Moody Clause: Moody is banned
|rule|Evasion Moves Clause: Evasion moves are banned
|rule|Endless Battle Clause: Forcing endless battles is banned
|rule|HP Percentage Mod: HP is shown in percentages
|teampreview
|
|start
|switch|p1a: Scolipede|Scolipede, M|324\/324
|switch|p2a: Heatran|Heatran, F|326\/326
|turn|1
|
|move|p1a: Scolipede|Protect|p1a: Scolipede
|-singleturn|p1a: Scolipede|Protect
|move|p2a: Heatran|Fire Blast|p1a: Scolipede
|-activate|p1a: Scolipede|Protect
|
|-boost|p1a: Scolipede|spe|1|[from] ability: Speed Boost
|turn|2
|
|move|p1a: Scolipede|Baton Pass|p1a: Scolipede
|
|switch|p1a: Kingdra|Kingdra, M|353\/353
|move|p2a: Heatran|Taunt|p1a: Kingdra
|-start|p1a: Kingdra|move: Taunt
|
|turn|3
|
|switch|p2a: Rotom-Wash|Rotom-Wash|304\/304
|move|p1a: Kingdra|Surf|p2a: Rotom-Wash
|-resisted|p2a: Rotom-Wash
|-damage|p2a: Rotom-Wash|256\/304
|
|-heal|p2a: Rotom-Wash|275\/304|[from] item: Leftovers
|turn|4
|
|switch|p1a: Espeon|Espeon, F|334\/334
|move|p2a: Rotom-Wash|Will-O-Wisp|p1a: Espeon
|move|p1a: Espeon|Will-O-Wisp|p2a: Rotom-Wash|[from]Magic Bounce
|-status|p2a: Rotom-Wash|brn
|
|-heal|p2a: Rotom-Wash|294\/304 brn|[from] item: Leftovers
|-damage|p2a: Rotom-Wash|256\/304 brn|[from] brn
|turn|5
|
|move|p1a: Espeon|Calm Mind|p1a: Espeon
|-boost|p1a: Espeon|spa|1
|-boost|p1a: Espeon|spd|1
|move|p2a: Rotom-Wash|Volt Switch|p1a: Espeon
|-damage|p1a: Espeon|291\/334
|
|switch|p2a: Thundurus|Thundurus, M|299\/299
|
|turn|6
|
|switch|p1a: Tito|Quagsire, M|394\/394
|move|p2a: Thundurus|Knock Off|p1a: Tito
|-damage|p1a: Tito|294\/394
|-enditem|p1a: Tito|Sitrus Berry|[from] move: Knock Off|[of] p2a: Thundurus
|-damage|p2a: Thundurus|270\/299|[from] item: Life Orb
|
|turn|7
|
|switch|p2a: Metagross|Metagross|301\/301
|move|p1a: Tito|Scald|p2a: Metagross
|-damage|p2a: Metagross|228\/301
|
|turn|8
|
|detailschange|p2a: Metagross|Metagross-Mega
|-mega|p2a: Metagross|Metagross|Metagrossite
|move|p2a: Metagross|Grass Knot|p1a: Tito
|-supereffective|p1a: Tito
|-damage|p1a: Tito|0 fnt
|faint|p1a: Tito
|
|
|switch|p1a: Scolipede|Scolipede, M|324\/324
|turn|9
|
|move|p1a: Scolipede|Protect|p1a: Scolipede
|-singleturn|p1a: Scolipede|Protect
|move|p2a: Metagross|Zen Headbutt|p1a: Scolipede
|-activate|p1a: Scolipede|Protect
|
|-boost|p1a: Scolipede|spe|1|[from] ability: Speed Boost
|turn|10
|
|move|p1a: Scolipede|Iron Defense|p1a: Scolipede
|-boost|p1a: Scolipede|def|2
|move|p2a: Metagross|Zen Headbutt|p1a: Scolipede
|-supereffective|p1a: Scolipede
|-damage|p1a: Scolipede|160\/324
|
|-boost|p1a: Scolipede|spe|1|[from] ability: Speed Boost
|turn|11
|
|move|p1a: Scolipede|Protect|p1a: Scolipede
|-singleturn|p1a: Scolipede|Protect
|move|p2a: Metagross|Zen Headbutt|p1a: Scolipede
|-activate|p1a: Scolipede|Protect
|
|-boost|p1a: Scolipede|spe|1|[from] ability: Speed Boost
|turn|12
|
|move|p1a: Scolipede|Substitute|p1a: Scolipede
|-start|p1a: Scolipede|Substitute
|-damage|p1a: Scolipede|79\/324
|move|p2a: Metagross|Zen Headbutt|p1a: Scolipede
|-supereffective|p1a: Scolipede
|-end|p1a: Scolipede|Substitute
|
|-boost|p1a: Scolipede|spe|1|[from] ability: Speed Boost
|turn|13
|
|move|p1a: Scolipede|Baton Pass|p1a: Scolipede
|
|switch|p1a: Kingdra|Kingdra, M|353\/353
|move|p2a: Metagross|Zen Headbutt|p1a: Kingdra
|-damage|p1a: Kingdra|251\/353
|
|turn|14
|
|move|p1a: Kingdra|Focus Energy|p1a: Kingdra
|-start|p1a: Kingdra|move: Focus Energy
|move|p2a: Metagross|Grass Knot|p1a: Kingdra
|-damage|p1a: Kingdra|146\/353
|
|turn|15
|
|move|p1a: Kingdra|Surf|p2a: Metagross
|-crit|p2a: Metagross
|-damage|p2a: Metagross|0 fnt
|faint|p2a: Metagross
|
|c|★fhigor|powerfull
|c|★fhigor|gg i guess
|
|switch|p2a: Diggersby|Diggersby, M|311\/311
|turn|16
|
|move|p2a: Diggersby|Quick Attack|p1a: Kingdra
|-damage|p1a: Kingdra|80\/353
|-damage|p2a: Diggersby|280\/311|[from] item: Life Orb
|move|p1a: Kingdra|Surf|p2a: Diggersby
|-crit|p2a: Diggersby
|-supereffective|p2a: Diggersby
|-damage|p2a: Diggersby|0 fnt
|faint|p2a: Diggersby
|
|-message|fhigor forfeited.
|leave|fhigor
|
|win|ManuelEnciso123
|raw|Ladder updating...
|player|p2
|raw|ManuelEnciso123's rating: 1514 &rarr; <strong>1531<\/strong><br \/>(+17 for winning)
|raw|fhigor's rating: 1474 &rarr; <strong>1456<\/strong><br \/>(-18 for losing)