|join|dilwyn
|join|Konyaata
|player|p1|dilwyn|226
|player|p2|Konyaata|167
|gametype|singles
|gen|6
|tier|OU
|rated
|clearpoke
|poke|p1|Beedrill, M
|poke|p1|Latios, M
|poke|p1|Rotom-Wash
|poke|p1|Scizor, M
|poke|p1|Talonflame, F
|poke|p1|Mamoswine, M
|poke|p2|Politoed, F, shiny
|poke|p2|Swampert, M, shiny
|poke|p2|Kingdra, F, shiny
|poke|p2|Manaphy
|poke|p2|Magnezone, shiny
|poke|p2|Scizor, M, shiny
|rule|Swagger Clause: Swagger is banned
|rule|Baton Pass Clause: Limit one Pokémon knowing Baton Pass
|rule|Sleep Clause Mod: Limit one foe put to sleep
|rule|Species Clause: Limit one of each Pokémon
|rule|OHKO Clause: OHKO moves are banned
|rule|Moody Clause: Moody is banned
|rule|Evasion Moves Clause: Evasion moves are banned
|rule|Endless Battle Clause: Forcing endless battles is banned
|rule|HP Percentage Mod: HP is shown in percentages
|teampreview
|
|start
|switch|p1a: Beedrill|Beedrill, M|271\/271
|switch|p2a: Mei-chan|Manaphy|404\/404
|turn|1
|
|detailschange|p1a: Beedrill|Beedrill-Mega, M
|-mega|p1a: Beedrill|Beedrill|Beedrillite
|move|p1a: Beedrill|U-turn|p2a: Mei-chan
|-damage|p2a: Mei-chan|234\/404
|
|switch|p1a: Rotom-Wash|Rotom-Wash|303\/303
|move|p2a: Mei-chan|Rain Dance|p2a: Mei-chan
|-weather|RainDance
|
|-weather|RainDance|[upkeep]
|-heal|p2a: Mei-chan|259\/404|[from] item: Leftovers
|turn|2
|
|move|p2a: Mei-chan|Calm Mind|p2a: Mei-chan
|-boost|p2a: Mei-chan|spa|1
|-boost|p2a: Mei-chan|spd|1
|move|p1a: Rotom-Wash|Volt Switch|p2a: Mei-chan
|-supereffective|p2a: Mei-chan
|-damage|p2a: Mei-chan|163\/404
|
|switch|p1a: Beedrill|Beedrill-Mega, M|271\/271
|
|-weather|RainDance|[upkeep]
|-heal|p2a: Mei-chan|188\/404|[from] item: Leftovers
|turn|3
|
|switch|p2a: Not in my house|Scizor, M, shiny|344\/344
|move|p1a: Beedrill|Poison Jab|p2a: Not in my house
|-immune|p2a: Not in my house|[msg]
|
|-weather|RainDance|[upkeep]
|turn|4
|
|switch|p1a: Rotom-Wash|Rotom-Wash|303\/303
|move|p2a: Not in my house|Bullet Punch|p1a: Rotom-Wash
|-resisted|p1a: Rotom-Wash
|-damage|p1a: Rotom-Wash|288\/303
|
|-weather|RainDance|[upkeep]
|-heal|p1a: Rotom-Wash|303\/303|[from] item: Leftovers
|turn|5
|
|switch|p2a: Mei-chan|Manaphy|188\/404
|move|p1a: Rotom-Wash|Will-O-Wisp|p2a: Mei-chan
|-status|p2a: Mei-chan|brn
|
|-weather|none
|-heal|p2a: Mei-chan|213\/404 brn|[from] item: Leftovers
|-damage|p2a: Mei-chan|163\/404 brn|[from] brn
|turn|6
|
|move|p2a: Mei-chan|Rain Dance|p2a: Mei-chan
|-weather|RainDance
|move|p1a: Rotom-Wash|Volt Switch|p2a: Mei-chan
|-supereffective|p2a: Mei-chan
|-damage|p2a: Mei-chan|13\/404 brn
|
|switch|p1a: Beedrill|Beedrill-Mega, M|271\/271
|
|-weather|RainDance|[upkeep]
|-curestatus|p2a: Mei-chan|brn
|-heal|p2a: Mei-chan|38\/404|[from] item: Leftovers
|turn|7
|
|switch|p2a: Bic Boi v.2|Swampert, M, shiny|367\/367
|move|p1a: Beedrill|U-turn|p2a: Bic Boi v.2
|-damage|p2a: Bic Boi v.2|163\/367
|
|switch|p1a: Latios|Latios, M|301\/301
|
|-weather|RainDance|[upkeep]
|turn|8
|
|detailschange|p2a: Bic Boi v.2|Swampert-Mega, M, shiny
|-mega|p2a: Bic Boi v.2|Swampert|Swampertite
|move|p2a: Bic Boi v.2|Protect|p2a: Bic Boi v.2
|-singleturn|p2a: Bic Boi v.2|Protect
|move|p1a: Latios|Draco Meteor|p2a: Bic Boi v.2
|-activate|p2a: Bic Boi v.2|Protect
|
|-weather|RainDance|[upkeep]
|turn|9
|
|switch|p2a: Ayyliens|Magnezone, shiny|343\/343
|-item|p2a: Ayyliens|Air Balloon
|switch|p1a: Rotom-Wash|Rotom-Wash|303\/303
|
|-weather|RainDance|[upkeep]
|turn|10
|
|move|p1a: Rotom-Wash|Will-O-Wisp|p2a: Ayyliens
|-status|p2a: Ayyliens|brn
|move|p2a: Ayyliens|Thunder|p1a: Rotom-Wash
|-damage|p1a: Rotom-Wash|99\/303
|
|-weather|none
|-heal|p1a: Rotom-Wash|117\/303|[from] item: Leftovers
|-damage|p2a: Ayyliens|301\/343 brn|[from] brn
|turn|11
|
|move|p1a: Rotom-Wash|Volt Switch|p2a: Ayyliens
|-resisted|p2a: Ayyliens
|-damage|p2a: Ayyliens|255\/343 brn
|-enditem|p2a: Ayyliens|Air Balloon
|
|switch|p1a: Mamoswine|Mamoswine, M|361\/361
|move|p2a: Ayyliens|Hidden Power|p1a: Mamoswine
|-supereffective|p1a: Mamoswine
|-damage|p1a: Mamoswine|75\/361
|
|-damage|p2a: Ayyliens|213\/343 brn|[from] brn
|turn|12
|
|switch|p2a: Make It Rain yo|Politoed, F, shiny|383\/383
|-weather|RainDance
|move|p1a: Mamoswine|Earthquake|p2a: Make It Rain yo
|-damage|p2a: Make It Rain yo|239\/383
|
|-weather|RainDance|[upkeep]
|turn|13
|
|move|p1a: Mamoswine|Stealth Rock|p2a: Make It Rain yo
|-sidestart|p2: Konyaata|move: Stealth Rock
|move|p2a: Make It Rain yo|Scald|p1a: Mamoswine
|-supereffective|p1a: Mamoswine
|-damage|p1a: Mamoswine|0 fnt
|faint|p1a: Mamoswine
|
|-weather|RainDance|[upkeep]
|
|switch|p1a: Beedrill|Beedrill-Mega, M|271\/271
|turn|14
|
|switch|p2a: Not in my house|Scizor, M, shiny|344\/344
|-damage|p2a: Not in my house|301\/344|[from] Stealth Rock
|move|p1a: Beedrill|U-turn|p2a: Not in my house
|-resisted|p2a: Not in my house
|-damage|p2a: Not in my house|237\/344
|
|switch|p1a: Rotom-Wash|Rotom-Wash|117\/303
|
|-weather|RainDance|[upkeep]
|-heal|p1a: Rotom-Wash|135\/303|[from] item: Leftovers
|-heal|p2a: Not in my house|258\/344|[from] item: Leftovers
|turn|15
|
|switch|p2a: Ayyliens|Magnezone, shiny|213\/343 brn
|-damage|p2a: Ayyliens|192\/343 brn|[from] Stealth Rock
|move|p1a: Rotom-Wash|Will-O-Wisp|p2a: Ayyliens
|-fail|p2a: Ayyliens|brn
|
|-weather|RainDance|[upkeep]
|-heal|p1a: Rotom-Wash|153\/303|[from] item: Leftovers
|-damage|p2a: Ayyliens|150\/343 brn|[from] brn
|turn|16
|
|move|p1a: Rotom-Wash|Volt Switch|p2a: Ayyliens
|-resisted|p2a: Ayyliens
|-damage|p2a: Ayyliens|102\/343 brn
|
|switch|p1a: Latios|Latios, M|301\/301
|move|p2a: Ayyliens|Volt Switch|p1a: Latios
|-resisted|p1a: Latios
|-damage|p1a: Latios|244\/301
|
|switch|p2a: Hi Ho Silver|Kingdra, F, shiny|291\/291
|-damage|p2a: Hi Ho Silver|255\/291|[from] Stealth Rock
|
|-weather|RainDance|[upkeep]
|turn|17
|
|switch|p1a: Scizor|Scizor, M|343\/343
|move|p2a: Hi Ho Silver|Draco Meteor|p1a: Scizor
|-resisted|p1a: Scizor
|-damage|p1a: Scizor|236\/343
|-unboost|p2a: Hi Ho Silver|spa|2
|-damage|p2a: Hi Ho Silver|226\/291|[from] item: Life Orb
|
|-weather|RainDance|[upkeep]
|-heal|p1a: Scizor|257\/343|[from] item: Leftovers
|turn|18
|
|switch|p2a: Not in my house|Scizor, M, shiny|258\/344
|-damage|p2a: Not in my house|215\/344|[from] Stealth Rock
|move|p1a: Scizor|U-turn|p2a: Not in my house
|-resisted|p2a: Not in my house
|-damage|p2a: Not in my house|174\/344
|
|switch|p1a: Rotom-Wash|Rotom-Wash|153\/303
|
|-weather|RainDance|[upkeep]
|-heal|p1a: Rotom-Wash|171\/303|[from] item: Leftovers
|-heal|p2a: Not in my house|195\/344|[from] item: Leftovers
|turn|19
|
|move|p1a: Rotom-Wash|Will-O-Wisp|p2a: Not in my house
|-status|p2a: Not in my house|brn
|move|p2a: Not in my house|Defog|p1a: Rotom-Wash
|-unboost|p1a: Rotom-Wash|evasion|1
|-sideend|p2: Konyaata|Stealth Rock|[from] move: Defog|[of] p2a: Not in my house
|
|-weather|none
|-heal|p1a: Rotom-Wash|189\/303|[from] item: Leftovers
|-heal|p2a: Not in my house|216\/344 brn|[from] item: Leftovers
|-damage|p2a: Not in my house|173\/344 brn|[from] brn
|turn|20
|
|move|p1a: Rotom-Wash|Volt Switch|p2a: Not in my house
|-damage|p2a: Not in my house|68\/344 brn
|
|switch|p1a: Scizor|Scizor, M|257\/343
|move|p2a: Not in my house|U-turn|p1a: Scizor
|-resisted|p1a: Scizor
|-damage|p1a: Scizor|233\/343
|
|switch|p2a: Make It Rain yo|Politoed, F, shiny|239\/383
|-weather|RainDance
|
|-weather|RainDance|[upkeep]
|-heal|p1a: Scizor|254\/343|[from] item: Leftovers
|turn|21
|
|move|p2a: Make It Rain yo|Scald|p1a: Scizor
|-damage|p1a: Scizor|131\/343
|-status|p1a: Scizor|brn
|move|p1a: Scizor|U-turn|p2a: Make It Rain yo
|-damage|p2a: Make It Rain yo|185\/383
|
|switch|p1a: Beedrill|Beedrill-Mega, M|271\/271
|
|-weather|RainDance|[upkeep]
|turn|22
|
|switch|p2a: Ayyliens|Magnezone, shiny|102\/343 brn
|move|p1a: Beedrill|Poison Jab|p2a: Ayyliens
|-immune|p2a: Ayyliens|[msg]
|
|-weather|RainDance|[upkeep]
|-damage|p2a: Ayyliens|60\/343 brn|[from] brn
|turn|23
|
|move|p1a: Beedrill|Drill Run|p2a: Ayyliens
|-supereffective|p2a: Ayyliens
|-damage|p2a: Ayyliens|0 fnt
|faint|p2a: Ayyliens
|
|-weather|RainDance|[upkeep]
|
|switch|p2a: Bic Boi v.2|Swampert-Mega, M, shiny|163\/367
|turn|24
|
|switch|p1a: Rotom-Wash|Rotom-Wash|189\/303
|move|p2a: Bic Boi v.2|Waterfall|p1a: Rotom-Wash
|-resisted|p1a: Rotom-Wash
|-damage|p1a: Rotom-Wash|88\/303
|
|-weather|RainDance|[upkeep]
|-heal|p1a: Rotom-Wash|106\/303|[from] item: Leftovers
|turn|25
|
|switch|p2a: Mei-chan|Manaphy|38\/404
|move|p1a: Rotom-Wash|Will-O-Wisp|p2a: Mei-chan
|-status|p2a: Mei-chan|brn
|
|-weather|RainDance|[upkeep]
|-curestatus|p2a: Mei-chan|brn
|-heal|p2a: Mei-chan|63\/404|[from] item: Leftovers
|-heal|p1a: Rotom-Wash|124\/303|[from] item: Leftovers
|turn|26
|
|move|p2a: Mei-chan|Rest|p2a: Mei-chan
|-status|p2a: Mei-chan|slp
|-heal|p2a: Mei-chan|404\/404 slp|[silent]
|-status|p2a: Mei-chan|slp|[from] move: Rest
|move|p1a: Rotom-Wash|Volt Switch|p2a: Mei-chan
|-supereffective|p2a: Mei-chan
|-damage|p2a: Mei-chan|258\/404 slp
|
|switch|p1a: Beedrill|Beedrill-Mega, M|271\/271
|
|-weather|RainDance|[upkeep]
|-curestatus|p2a: Mei-chan|slp
|-heal|p2a: Mei-chan|283\/404|[from] item: Leftovers
|turn|27
|
|switch|p2a: Not in my house|Scizor, M, shiny|68\/344 brn
|move|p1a: Beedrill|Poison Jab|p2a: Not in my house
|-immune|p2a: Not in my house|[msg]
|
|-weather|none
|-heal|p2a: Not in my house|89\/344 brn|[from] item: Leftovers
|-damage|p2a: Not in my house|46\/344 brn|[from] brn
|turn|28
|
|switch|p1a: Rotom-Wash|Rotom-Wash|124\/303
|move|p2a: Not in my house|U-turn|p1a: Rotom-Wash
|-damage|p1a: Rotom-Wash|85\/303
|
|switch|p2a: Hi Ho Silver|Kingdra, F, shiny|226\/291
|
|-heal|p1a: Rotom-Wash|103\/303|[from] item: Leftovers
|turn|29
|
|switch|p1a: Scizor|Scizor, M|131\/343 brn
|move|p2a: Hi Ho Silver|Draco Meteor|p1a: Scizor
|-resisted|p1a: Scizor
|-damage|p1a: Scizor|26\/343 brn
|-unboost|p2a: Hi Ho Silver|spa|2
|-damage|p2a: Hi Ho Silver|197\/291|[from] item: Life Orb
|
|-heal|p1a: Scizor|47\/343 brn|[from] item: Leftovers
|-damage|p1a: Scizor|5\/343 brn|[from] brn
|turn|30
|
|switch|p2a: Make It Rain yo|Politoed, F, shiny|185\/383
|-weather|RainDance
|move|p1a: Scizor|Bullet Punch|p2a: Make It Rain yo
|-resisted|p2a: Make It Rain yo
|-damage|p2a: Make It Rain yo|162\/383
|
|-weather|RainDance|[upkeep]
|-heal|p1a: Scizor|26\/343 brn|[from] item: Leftovers
|-damage|p1a: Scizor|0 fnt|[from] brn
|faint|p1a: Scizor
|
|switch|p1a: Beedrill|Beedrill-Mega, M|271\/271
|turn|31
|
|switch|p2a: Not in my house|Scizor, M, shiny|46\/344 brn
|move|p1a: Beedrill|U-turn|p2a: Not in my house
|-resisted|p2a: Not in my house
|-damage|p2a: Not in my house|0 fnt
|faint|p2a: Not in my house
|
|switch|p1a: Rotom-Wash|Rotom-Wash|103\/303
|
|-weather|RainDance|[upkeep]
|-heal|p1a: Rotom-Wash|121\/303|[from] item: Leftovers
|
|switch|p2a: Hi Ho Silver|Kingdra, F, shiny|197\/291
|turn|32
|
|move|p2a: Hi Ho Silver|Outrage|p1a: Rotom-Wash
|-damage|p1a: Rotom-Wash|0 fnt
|-damage|p2a: Hi Ho Silver|168\/291|[from] item: Life Orb
|faint|p1a: Rotom-Wash
|
|-weather|RainDance|[upkeep]
|
|switch|p1a: Talonflame|Talonflame, F|297\/297
|turn|33
|
|move|p1a: Talonflame|Brave Bird|p2a: Hi Ho Silver
|-damage|p2a: Hi Ho Silver|0 fnt
|-damage|p1a: Talonflame|242\/297|[from] recoil|[of] p2a: Hi Ho Silver
|faint|p2a: Hi Ho Silver
|
|-weather|RainDance|[upkeep]
|c|★dilwyn|i really like your team
|
|switch|p2a: Mei-chan|Manaphy|283\/404
|turn|34
|c|★Konyaata|this is a tough match :D
|c|★dilwyn|haha yeh!
|
|move|p1a: Talonflame|Brave Bird|p2a: Mei-chan
|-damage|p2a: Mei-chan|25\/404
|-damage|p1a: Talonflame|157\/297|[from] recoil|[of] p2a: Mei-chan
|move|p2a: Mei-chan|Rest|p2a: Mei-chan
|-status|p2a: Mei-chan|slp
|-heal|p2a: Mei-chan|404\/404 slp|[silent]
|-status|p2a: Mei-chan|slp|[from] move: Rest
|
|-weather|RainDance|[upkeep]
|-curestatus|p2a: Mei-chan|slp
|turn|35
|
|switch|p1a: Latios|Latios, M|244\/301
|move|p2a: Mei-chan|Scald|p1a: Latios
|-resisted|p1a: Latios
|-damage|p1a: Latios|174\/301
|
|-weather|RainDance|[upkeep]
|turn|36
|
|move|p1a: Latios|Dragon Pulse|p2a: Mei-chan
|-damage|p2a: Mei-chan|260\/404
|-damage|p1a: Latios|144\/301|[from] item: Life Orb
|move|p2a: Mei-chan|Rest|p2a: Mei-chan
|-status|p2a: Mei-chan|slp
|-heal|p2a: Mei-chan|404\/404 slp|[silent]
|-status|p2a: Mei-chan|slp|[from] move: Rest
|
|-weather|RainDance|[upkeep]
|-curestatus|p2a: Mei-chan|slp
|turn|37
|
|move|p1a: Latios|Draco Meteor|p2a: Mei-chan|[miss]
|-miss|p1a: Latios|p2a: Mei-chan
|move|p2a: Mei-chan|Scald|p1a: Latios
|-crit|p1a: Latios
|-resisted|p1a: Latios
|-damage|p1a: Latios|43\/301
|
|-weather|none
|turn|38
|
|switch|p2a: Make It Rain yo|Politoed, F, shiny|162\/383
|-weather|RainDance
|move|p1a: Latios|Draco Meteor|p2a: Make It Rain yo
|-damage|p2a: Make It Rain yo|0 fnt
|-unboost|p1a: Latios|spa|2
|-damage|p1a: Latios|13\/301|[from] item: Life Orb
|faint|p2a: Make It Rain yo
|
|-weather|RainDance|[upkeep]
|
|switch|p2a: Bic Boi v.2|Swampert-Mega, M, shiny|163\/367
|turn|39
|
|move|p2a: Bic Boi v.2|Waterfall|p1a: Latios
|-resisted|p1a: Latios
|-damage|p1a: Latios|0 fnt
|faint|p1a: Latios
|
|-weather|RainDance|[upkeep]
|
|switch|p1a: Talonflame|Talonflame, F|157\/297
|turn|40
|c|★Konyaata|talonflame might kill with this brave bird
|c|★Konyaata|..
|c|★Konyaata|hmm
|c|★dilwyn|i did the calc and i hope so!
|c|★Konyaata|the calc doesnt show for mega swampert so the stats are kinda iffy
|c|★Konyaata|lets seee
|
|move|p1a: Talonflame|Brave Bird|p2a: Bic Boi v.2
|-damage|p2a: Bic Boi v.2|0 fnt
|-damage|p1a: Talonflame|103\/297|[from] recoil|[of] p2a: Bic Boi v.2
|faint|p2a: Bic Boi v.2
|
|-weather|RainDance|[upkeep]
|c|★Konyaata|ahh ya got me
|
|switch|p2a: Mei-chan|Manaphy|404\/404
|turn|41
|
|move|p1a: Talonflame|Brave Bird|p2a: Mei-chan
|-damage|p2a: Mei-chan|130\/404
|-damage|p1a: Talonflame|13\/297|[from] recoil|[of] p2a: Mei-chan
|move|p2a: Mei-chan|Rest|p2a: Mei-chan
|-status|p2a: Mei-chan|slp
|-heal|p2a: Mei-chan|404\/404 slp|[silent]
|-status|p2a: Mei-chan|slp|[from] move: Rest
|
|-weather|RainDance|[upkeep]
|-curestatus|p2a: Mei-chan|slp
|turn|42
|c|★dilwyn|best rain team ive seen
|c|★dilwyn|manaphy is so great!
|
|move|p1a: Talonflame|Brave Bird|p2a: Mei-chan
|-damage|p2a: Mei-chan|158\/404
|-damage|p1a: Talonflame|0 fnt|[from] recoil|[of] p2a: Mei-chan
|faint|p1a: Talonflame
|move|p2a: Mei-chan|Rest|p2a: Mei-chan
|-status|p2a: Mei-chan|slp
|-heal|p2a: Mei-chan|404\/404 slp|[silent]
|-status|p2a: Mei-chan|slp|[from] move: Rest
|
|-weather|RainDance|[upkeep]
|-curestatus|p2a: Mei-chan|slp
|
|switch|p1a: Beedrill|Beedrill-Mega, M|271\/271
|turn|43
|
|move|p1a: Beedrill|Protect|p1a: Beedrill
|-singleturn|p1a: Beedrill|Protect
|move|p2a: Mei-chan|Scald|p1a: Beedrill
|-activate|p1a: Beedrill|Protect
|
|-weather|RainDance|[upkeep]
|turn|44
|c|★dilwyn|oh god i didnt count the rain right!
|c|★Konyaata|it all comes to this :D!
|c|★dilwyn|haha great game either way
|
|move|p1a: Beedrill|Poison Jab|p2a: Mei-chan
|-damage|p2a: Mei-chan|202\/404
|-status|p2a: Mei-chan|psn
|move|p2a: Mei-chan|Scald|p1a: Beedrill
|-damage|p1a: Beedrill|73\/271
|
|-weather|RainDance|[upkeep]
|-curestatus|p2a: Mei-chan|psn
|-heal|p2a: Mei-chan|227\/404|[from] item: Leftovers
|turn|45
|c|★Konyaata|yes very good game
|c|★dilwyn|i cant win haha
|c|★dilwyn|unless crit...
|
|move|p1a: Beedrill|Poison Jab|p2a: Mei-chan
|-damage|p2a: Mei-chan|9\/404
|move|p2a: Mei-chan|Scald|p1a: Beedrill
|-damage|p1a: Beedrill|0 fnt
|faint|p1a: Beedrill
|
|win|Konyaata
|raw|Ladder updating...
|raw|dilwyn's rating: 1348 &rarr; <strong>1329<\/strong><br \/>(-19 for losing)
|raw|Konyaata's rating: 1359 &rarr; <strong>1378<\/strong><br \/>(+19 for winning)
|c|★dilwyn|haha gg!
|c|★Konyaata|oh!
|c|★Konyaata|very close