|join|cesin1369
|join|Konyaata
|player|p1|cesin1369|265
|player|p2|Konyaata|167
|gametype|singles
|gen|6
|tier|OU
|rated
|clearpoke
|poke|p1|Garchomp, F
|poke|p1|Skarmory, M
|poke|p1|Rotom-Wash
|poke|p1|Venusaur, M
|poke|p1|Talonflame, M
|poke|p1|Sylveon, M
|poke|p2|Politoed, M, shiny
|poke|p2|Swampert, M, shiny
|poke|p2|Kabutops, M
|poke|p2|Manaphy
|poke|p2|Magnezone, shiny
|poke|p2|Scizor, F, shiny
|rule|Swagger Clause: Swagger is banned
|rule|Baton Pass Clause: Limit one Pokémon knowing Baton Pass
|rule|Sleep Clause Mod: Limit one foe put to sleep
|rule|Species Clause: Limit one of each Pokémon
|rule|OHKO Clause: OHKO moves are banned
|rule|Moody Clause: Moody is banned
|rule|Evasion Moves Clause: Evasion moves are banned
|rule|Endless Battle Clause: Forcing endless battles is banned
|rule|HP Percentage Mod: HP is shown in percentages
|teampreview
|
|start
|switch|p1a: D-Tackle|Venusaur, M|359\/359
|switch|p2a: Ayyliens|Magnezone, shiny|343\/343
|-item|p2a: Ayyliens|Air Balloon
|turn|1
|
|detailschange|p1a: D-Tackle|Venusaur-Mega, M
|-mega|p1a: D-Tackle|Venusaur|Venusaurite
|move|p1a: D-Tackle|Hidden Power|p2a: Ayyliens
|-crit|p2a: Ayyliens
|-supereffective|p2a: Ayyliens
|-damage|p2a: Ayyliens|85\/343
|-enditem|p2a: Ayyliens|Air Balloon
|move|p2a: Ayyliens|Hidden Power|p1a: D-Tackle
|-supereffective|p1a: D-Tackle
|-damage|p1a: D-Tackle|287\/359
|
|turn|2
|
|switch|p2a: Mei-chan|Manaphy|404\/404
|move|p1a: D-Tackle|Hidden Power|p2a: Mei-chan
|-resisted|p2a: Mei-chan
|-damage|p2a: Mei-chan|375\/404
|
|-heal|p2a: Mei-chan|400\/404|[from] item: Leftovers
|turn|3
|
|move|p2a: Mei-chan|Rain Dance|p2a: Mei-chan
|-weather|RainDance
|move|p1a: D-Tackle|Giga Drain|p2a: Mei-chan
|-supereffective|p2a: Mei-chan
|-damage|p2a: Mei-chan|166\/404
|-heal|p1a: D-Tackle|359\/359|[from] drain|[of] p2a: Mei-chan
|
|-weather|RainDance|[upkeep]
|-heal|p2a: Mei-chan|191\/404|[from] item: Leftovers
|turn|4
|
|move|p2a: Mei-chan|Rest|p2a: Mei-chan
|-status|p2a: Mei-chan|slp
|-heal|p2a: Mei-chan|404\/404 slp|[silent]
|-status|p2a: Mei-chan|slp|[from] move: Rest
|move|p1a: D-Tackle|Giga Drain|p2a: Mei-chan
|-supereffective|p2a: Mei-chan
|-damage|p2a: Mei-chan|188\/404 slp
|
|-weather|RainDance|[upkeep]
|-curestatus|p2a: Mei-chan|slp
|-heal|p2a: Mei-chan|213\/404|[from] item: Leftovers
|turn|5
|
|move|p2a: Mei-chan|Calm Mind|p2a: Mei-chan
|-boost|p2a: Mei-chan|spa|1
|-boost|p2a: Mei-chan|spd|1
|move|p1a: D-Tackle|Giga Drain|p2a: Mei-chan
|-supereffective|p2a: Mei-chan
|-damage|p2a: Mei-chan|61\/404
|
|-weather|RainDance|[upkeep]
|-heal|p2a: Mei-chan|86\/404|[from] item: Leftovers
|turn|6
|
|move|p2a: Mei-chan|Rest|p2a: Mei-chan
|-status|p2a: Mei-chan|slp
|-heal|p2a: Mei-chan|404\/404 slp|[silent]
|-status|p2a: Mei-chan|slp|[from] move: Rest
|move|p1a: D-Tackle|Giga Drain|p2a: Mei-chan
|-supereffective|p2a: Mei-chan
|-damage|p2a: Mei-chan|254\/404 slp
|
|-weather|RainDance|[upkeep]
|-curestatus|p2a: Mei-chan|slp
|-heal|p2a: Mei-chan|279\/404|[from] item: Leftovers
|turn|7
|
|switch|p1a: cleaninglady|Rotom-Wash|303\/303
|move|p2a: Mei-chan|Calm Mind|p2a: Mei-chan
|-boost|p2a: Mei-chan|spa|1
|-boost|p2a: Mei-chan|spd|1
|
|-weather|none
|-heal|p2a: Mei-chan|304\/404|[from] item: Leftovers
|turn|8
|
|move|p2a: Mei-chan|Scald|p1a: cleaninglady
|-resisted|p1a: cleaninglady
|-damage|p1a: cleaninglady|232\/303
|-status|p1a: cleaninglady|brn
|move|p1a: cleaninglady|Will-O-Wisp|p2a: Mei-chan
|-status|p2a: Mei-chan|brn
|
|-heal|p2a: Mei-chan|329\/404 brn|[from] item: Leftovers
|-heal|p1a: cleaninglady|250\/303 brn|[from] item: Leftovers
|-damage|p2a: Mei-chan|279\/404 brn|[from] brn
|-damage|p1a: cleaninglady|213\/303 brn|[from] brn
|turn|9
|
|move|p2a: Mei-chan|Rain Dance|p2a: Mei-chan
|-weather|RainDance
|move|p1a: cleaninglady|Volt Switch|p2a: Mei-chan
|-supereffective|p2a: Mei-chan
|-damage|p2a: Mei-chan|201\/404 brn
|
|switch|p1a: Killer-Shark|Garchomp, F|357\/357
|
|-weather|RainDance|[upkeep]
|-curestatus|p2a: Mei-chan|brn
|-heal|p2a: Mei-chan|226\/404|[from] item: Leftovers
|turn|10
|
|switch|p2a: Not in my house|Scizor, F, shiny|344\/344
|move|p1a: Killer-Shark|Outrage|p2a: Not in my house
|-resisted|p2a: Not in my house
|-damage|p2a: Not in my house|266\/344
|
|-weather|RainDance|[upkeep]
|-heal|p2a: Not in my house|287\/344|[from] item: Leftovers
|turn|11
|
|move|p1a: Killer-Shark|Outrage|p2a: Not in my house
|-crit|p2a: Not in my house
|-resisted|p2a: Not in my house
|-damage|p2a: Not in my house|173\/344
|move|p2a: Not in my house|Roost|p2a: Not in my house
|-heal|p2a: Not in my house|344\/344
|
|-weather|RainDance|[upkeep]
|turn|12
|
|move|p1a: Killer-Shark|Outrage|p2a: Not in my house
|-resisted|p2a: Not in my house
|-damage|p2a: Not in my house|272\/344
|move|p2a: Not in my house|Roost|p2a: Not in my house
|-heal|p2a: Not in my house|344\/344
|
|-end|p1a: Killer-Shark|rampage
|-start|p1a: Killer-Shark|confusion
|-weather|RainDance|[upkeep]
|turn|13
|
|switch|p1a: D-Tackle|Venusaur-Mega, M|359\/359
|move|p2a: Not in my house|U-turn|p1a: D-Tackle
|-crit|p1a: D-Tackle
|-damage|p1a: D-Tackle|233\/359
|
|switch|p2a: Bic Boi v.2|Swampert, M, shiny|367\/367
|
|-weather|none
|turn|14
|
|detailschange|p2a: Bic Boi v.2|Swampert-Mega, M, shiny
|-mega|p2a: Bic Boi v.2|Swampert|Swampertite
|move|p2a: Bic Boi v.2|Protect|p2a: Bic Boi v.2
|-singleturn|p2a: Bic Boi v.2|Protect
|move|p1a: D-Tackle|Giga Drain|p2a: Bic Boi v.2
|-activate|p2a: Bic Boi v.2|Protect
|
|turn|15
|
|switch|p2a: Not in my house|Scizor, F, shiny|344\/344
|move|p1a: D-Tackle|Giga Drain|p2a: Not in my house
|-resisted|p2a: Not in my house
|-damage|p2a: Not in my house|302\/344
|-heal|p1a: D-Tackle|254\/359|[from] drain|[of] p2a: Not in my house
|
|-heal|p2a: Not in my house|323\/344|[from] item: Leftovers
|turn|16
|
|move|p2a: Not in my house|Bullet Punch|p1a: D-Tackle
|-damage|p1a: D-Tackle|179\/359
|move|p1a: D-Tackle|Giga Drain|p2a: Not in my house
|-resisted|p2a: Not in my house
|-damage|p2a: Not in my house|285\/344
|-heal|p1a: D-Tackle|198\/359|[from] drain|[of] p2a: Not in my house
|
|-heal|p2a: Not in my house|306\/344|[from] item: Leftovers
|turn|17
|
|move|p1a: D-Tackle|Synthesis|p1a: D-Tackle
|-heal|p1a: D-Tackle|359\/359
|move|p2a: Not in my house|U-turn|p1a: D-Tackle
|-damage|p1a: D-Tackle|278\/359
|
|switch|p2a: Make It Rain yo|Politoed, M, shiny|383\/383
|-weather|RainDance
|
|-weather|RainDance|[upkeep]
|turn|18
|
|switch|p2a: Not in my house|Scizor, F, shiny|306\/344
|move|p1a: D-Tackle|Giga Drain|p2a: Not in my house
|-resisted|p2a: Not in my house
|-damage|p2a: Not in my house|266\/344
|-heal|p1a: D-Tackle|298\/359|[from] drain|[of] p2a: Not in my house
|
|-weather|RainDance|[upkeep]
|-heal|p2a: Not in my house|287\/344|[from] item: Leftovers
|turn|19
|
|switch|p1a: F-90|Skarmory, M|333\/333
|move|p2a: Not in my house|U-turn|p1a: F-90
|-resisted|p1a: F-90
|-damage|p1a: F-90|317\/333
|-damage|p2a: Not in my house|230\/344|[from] item: Rocky Helmet|[of] p1a: F-90
|
|switch|p2a: Ayyliens|Magnezone, shiny|85\/343
|
|-weather|RainDance|[upkeep]
|turn|20
|
|move|p1a: F-90|Stealth Rock|p2a: Ayyliens
|-sidestart|p2: Konyaata|move: Stealth Rock
|move|p2a: Ayyliens|Thunder|p1a: F-90
|-supereffective|p1a: F-90
|-damage|p1a: F-90|0 fnt
|faint|p1a: F-90
|
|-weather|RainDance|[upkeep]
|
|switch|p1a: Killer-Shark|Garchomp, F|357\/357
|turn|21
|
|switch|p2a: Not in my house|Scizor, F, shiny|230\/344
|-damage|p2a: Not in my house|187\/344|[from] Stealth Rock
|move|p1a: Killer-Shark|Earthquake|p2a: Not in my house
|-damage|p2a: Not in my house|60\/344
|
|-weather|RainDance|[upkeep]
|-heal|p2a: Not in my house|81\/344|[from] item: Leftovers
|turn|22
|
|switch|p2a: Make It Rain yo|Politoed, M, shiny|383\/383
|-damage|p2a: Make It Rain yo|336\/383|[from] Stealth Rock
|move|p1a: Killer-Shark|Earthquake|p2a: Make It Rain yo
|-damage|p2a: Make It Rain yo|182\/383
|
|-weather|RainDance|[upkeep]
|turn|23
|
|switch|p1a: Sylveon|Sylveon, M|394\/394
|move|p2a: Make It Rain yo|Scald|p1a: Sylveon
|-damage|p1a: Sylveon|297\/394
|-status|p1a: Sylveon|brn
|
|-weather|RainDance|[upkeep]
|-heal|p1a: Sylveon|321\/394 brn|[from] item: Leftovers
|-damage|p1a: Sylveon|272\/394 brn|[from] brn
|turn|24
|
|switch|p2a: Ayyliens|Magnezone, shiny|85\/343
|-damage|p2a: Ayyliens|64\/343|[from] Stealth Rock
|move|p1a: Sylveon|Hyper Voice|p2a: Ayyliens
|-resisted|p2a: Ayyliens
|-damage|p2a: Ayyliens|0 fnt
|faint|p2a: Ayyliens
|
|-weather|none
|-heal|p1a: Sylveon|296\/394 brn|[from] item: Leftovers
|-damage|p1a: Sylveon|247\/394 brn|[from] brn
|
|switch|p2a: Not in my house|Scizor, F, shiny|81\/344
|-damage|p2a: Not in my house|38\/344|[from] Stealth Rock
|turn|25
|
|switch|p1a: D-Tackle|Venusaur-Mega, M|298\/359
|move|p2a: Not in my house|Defog|p1a: D-Tackle
|-unboost|p1a: D-Tackle|evasion|1
|-sideend|p2: Konyaata|Stealth Rock|[from] move: Defog|[of] p2a: Not in my house
|
|-heal|p2a: Not in my house|59\/344|[from] item: Leftovers
|turn|26
|
|switch|p2a: Make It Rain yo|Politoed, M, shiny|182\/383
|-weather|RainDance
|move|p1a: D-Tackle|Hidden Power|p2a: Make It Rain yo
|-resisted|p2a: Make It Rain yo
|-damage|p2a: Make It Rain yo|161\/383
|
|-weather|RainDance|[upkeep]
|turn|27
|
|switch|p2a: Mei-chan|Manaphy|226\/404
|move|p1a: D-Tackle|Giga Drain|p2a: Mei-chan
|-crit|p2a: Mei-chan
|-supereffective|p2a: Mei-chan
|-damage|p2a: Mei-chan|0 fnt
|-heal|p1a: D-Tackle|359\/359|[from] drain|[of] p2a: Mei-chan
|faint|p2a: Mei-chan
|
|-weather|RainDance|[upkeep]
|
|switch|p2a: J-J-Jam it in ther|Kabutops, M|261\/261
|turn|28
|
|move|p2a: J-J-Jam it in ther|Waterfall|p1a: D-Tackle
|-resisted|p1a: D-Tackle
|-damage|p1a: D-Tackle|238\/359
|-damage|p2a: J-J-Jam it in ther|235\/261|[from] item: Life Orb
|move|p1a: D-Tackle|Giga Drain|p2a: J-J-Jam it in ther
|-supereffective|p2a: J-J-Jam it in ther
|-damage|p2a: J-J-Jam it in ther|0 fnt
|-heal|p1a: D-Tackle|356\/359|[from] drain|[of] p2a: J-J-Jam it in ther
|faint|p2a: J-J-Jam it in ther
|
|-weather|RainDance|[upkeep]
|
|switch|p2a: Not in my house|Scizor, F, shiny|59\/344
|turn|29
|
|move|p1a: D-Tackle|Hidden Power|p2a: Not in my house
|-supereffective|p2a: Not in my house
|-damage|p2a: Not in my house|0 fnt
|faint|p2a: Not in my house
|
|-weather|RainDance|[upkeep]
|
|switch|p2a: Bic Boi v.2|Swampert-Mega, M, shiny|367\/367
|turn|30
|
|move|p2a: Bic Boi v.2|Ice Punch|p1a: D-Tackle
|-supereffective|p1a: D-Tackle
|-damage|p1a: D-Tackle|266\/359
|move|p1a: D-Tackle|Giga Drain|p2a: Bic Boi v.2
|-supereffective|p2a: Bic Boi v.2
|-damage|p2a: Bic Boi v.2|0 fnt
|-heal|p1a: D-Tackle|359\/359|[from] drain|[of] p2a: Bic Boi v.2
|faint|p2a: Bic Boi v.2
|
|-weather|RainDance|[upkeep]
|
|switch|p2a: Make It Rain yo|Politoed, M, shiny|161\/383
|turn|31
|
|move|p1a: D-Tackle|Giga Drain|p2a: Make It Rain yo
|-supereffective|p2a: Make It Rain yo
|-damage|p2a: Make It Rain yo|0 fnt
|faint|p2a: Make It Rain yo
|
|win|cesin1369
|raw|Ladder updating...
|raw|cesin1369's rating: 1473 &rarr; <strong>1489<\/strong><br \/>(+16 for winning)
|raw|Konyaata's rating: 1399 &rarr; <strong>1383<\/strong><br \/>(-16 for losing)
|leave|Konyaata
|player|p2
|c|★cesin1369|Gg mega venusaur sweep