|join|Shawn1994
|join|peere
|player|p1|Shawn1994|164
|player|p2|peere|97
|gametype|singles
|gen|6
|tier|OU
|clearpoke
|poke|p1|Excadrill, M
|poke|p1|Tyranitar, F
|poke|p1|Venusaur, F
|poke|p1|Garchomp, M
|poke|p1|Heatran, M
|poke|p1|Gyarados, M
|poke|p2|Azumarill, M
|poke|p2|Landorus, M
|poke|p2|Heatran, F
|poke|p2|Keldeo-Resolute
|poke|p2|Venusaur, F
|poke|p2|Mandibuzz, F
|rule|Swagger Clause: Swagger is banned
|rule|Baton Pass Clause: Limit one Pokémon knowing Baton Pass
|rule|Sleep Clause Mod: Limit one foe put to sleep
|rule|Species Clause: Limit one of each Pokémon
|rule|OHKO Clause: OHKO moves are banned
|rule|Moody Clause: Moody is banned
|rule|Evasion Moves Clause: Evasion moves are banned
|rule|Endless Battle Clause: Forcing endless battles is banned
|rule|HP Percentage Mod: HP is shown in percentages
|teampreview
|c|★Shawn1994|buena suerte
|c|★peere|igualmente
|
|start
|switch|p1a: Tyranitar|Tyranitar, F|404\/404
|switch|p2a: Heatran|Heatran, F|323\/323
|-weather|Sandstorm
|turn|1
|
|switch|p2a: Landorus|Landorus, M|319\/319
|move|p1a: Tyranitar|Stealth Rock|p2a: Landorus
|-sidestart|p2: peere|move: Stealth Rock
|
|-weather|Sandstorm|[upkeep]
|turn|2
|
|switch|p2a: Keldeo-Resolute|Keldeo-Resolute|323\/323
|-damage|p2a: Keldeo-Resolute|303\/323|[from] Stealth Rock
|move|p1a: Tyranitar|Ice Beam|p2a: Keldeo-Resolute
|-resisted|p2a: Keldeo-Resolute
|-damage|p2a: Keldeo-Resolute|249\/323
|
|-weather|Sandstorm|[upkeep]
|-damage|p2a: Keldeo-Resolute|229\/323|[from] sandstorm
|turn|3
|
|switch|p1a: Venusaur|Venusaur, F|364\/364
|move|p2a: Keldeo-Resolute|Secret Sword|p1a: Venusaur
|-resisted|p1a: Venusaur
|-damage|p1a: Venusaur|238\/364
|
|-weather|Sandstorm|[upkeep]
|-damage|p2a: Keldeo-Resolute|209\/323|[from] sandstorm
|-damage|p1a: Venusaur|216\/364|[from] sandstorm
|turn|4
|
|switch|p2a: Heatran|Heatran, F|323\/323
|-damage|p2a: Heatran|283\/323|[from] Stealth Rock
|detailschange|p1a: Venusaur|Venusaur-Mega, F
|message|Venusaur has Mega Evolved into Mega Venusaur!
|move|p1a: Venusaur|Leech Seed|p2a: Heatran
|-start|p2a: Heatran|move: Leech Seed
|
|-weather|Sandstorm|[upkeep]
|-damage|p1a: Venusaur|194\/364|[from] sandstorm
|-damage|p2a: Heatran|243\/323|[from] Leech Seed|[of] p1a: Venusaur
|-heal|p1a: Venusaur|234\/364|[silent]
|turn|5
|
|switch|p1a: Gyarados|Gyarados, M|394\/394
|-ability|p1a: Gyarados|Intimidate|[of] p2a: Heatran
|-unboost|p2a: Heatran|atk|1
|move|p2a: Heatran|Overheat|p1a: Gyarados
|-resisted|p1a: Gyarados
|-damage|p1a: Gyarados|276\/394
|-unboost|p2a: Heatran|spa|2
|
|-weather|Sandstorm|[upkeep]
|-damage|p1a: Gyarados|252\/394|[from] sandstorm
|-heal|p1a: Gyarados|276\/394|[from] item: Leftovers
|-damage|p2a: Heatran|203\/323|[from] Leech Seed|[of] p1a: Gyarados
|-heal|p1a: Gyarados|316\/394|[silent]
|turn|6
|
|switch|p2a: Azumarill|Azumarill, M|361\/361
|-damage|p2a: Azumarill|316\/361|[from] Stealth Rock
|move|p1a: Gyarados|Thunder Wave|p2a: Azumarill
|-status|p2a: Azumarill|par
|
|-weather|Sandstorm|[upkeep]
|-damage|p1a: Gyarados|292\/394|[from] sandstorm
|-damage|p2a: Azumarill|294\/361 par|[from] sandstorm
|-heal|p1a: Gyarados|316\/394|[from] item: Leftovers
|turn|7
|
|switch|p1a: Venusaur|Venusaur-Mega, F|234\/364
|move|p2a: Azumarill|Knock Off|p1a: Venusaur
|-damage|p1a: Venusaur|109\/364
|
|-weather|Sandstorm|[upkeep]
|-damage|p1a: Venusaur|87\/364|[from] sandstorm
|-damage|p2a: Azumarill|272\/361 par|[from] sandstorm
|turn|8
|
|switch|p2a: Venusaur|Venusaur, F|349\/349
|-damage|p2a: Venusaur|306\/349|[from] Stealth Rock
|move|p1a: Venusaur|Synthesis|p1a: Venusaur
|-heal|p1a: Venusaur|178\/364
|
|-weather|none
|turn|9
|
|detailschange|p2a: Venusaur|Venusaur-Mega, F
|message|Venusaur has Mega Evolved into Mega Venusaur!
|move|p2a: Venusaur|Sludge Bomb|p1a: Venusaur
|-damage|p1a: Venusaur|78\/364
|move|p1a: Venusaur|Synthesis|p1a: Venusaur
|-heal|p1a: Venusaur|260\/364
|
|turn|10
|
|move|p2a: Venusaur|Sludge Bomb|p1a: Venusaur
|-damage|p1a: Venusaur|149\/364
|move|p1a: Venusaur|Synthesis|p1a: Venusaur
|-heal|p1a: Venusaur|331\/364
|
|turn|11
|
|switch|p2a: Landorus|Landorus, M|319\/319
|-damage|p2a: Landorus|280\/319|[from] Stealth Rock
|switch|p1a: Heatran|Heatran, M|386\/386
|-item|p1a: Heatran|Air Balloon
|
|turn|12
|
|move|p2a: Landorus|Focus Blast|p1a: Heatran
|-supereffective|p1a: Heatran
|-damage|p1a: Heatran|0 fnt
|-enditem|p1a: Heatran|Air Balloon
|faint|p1a: Heatran
|
|
|switch|p1a: Gyarados|Gyarados, M|316\/394
|-ability|p1a: Gyarados|Intimidate|[of] p2a: Landorus
|-unboost|p2a: Landorus|atk|1
|turn|13
|
|switch|p2a: Mandibuzz|Mandibuzz, F|423\/423
|-damage|p2a: Mandibuzz|318\/423|[from] Stealth Rock
|move|p1a: Gyarados|Dragon Dance|p1a: Gyarados
|-boost|p1a: Gyarados|atk|1
|-boost|p1a: Gyarados|spe|1
|
|-heal|p1a: Gyarados|340\/394|[from] item: Leftovers
|-heal|p2a: Mandibuzz|344\/423|[from] item: Leftovers
|turn|14
|
|move|p1a: Gyarados|Ice Fang|p2a: Mandibuzz
|-crit|p2a: Mandibuzz
|-supereffective|p2a: Mandibuzz
|-damage|p2a: Mandibuzz|118\/423
|move|p2a: Mandibuzz|Foul Play|p1a: Gyarados
|-damage|p1a: Gyarados|147\/394
|
|-heal|p1a: Gyarados|171\/394|[from] item: Leftovers
|-heal|p2a: Mandibuzz|144\/423|[from] item: Leftovers
|turn|15
|c|★Shawn1994|siento el crit
|
|move|p1a: Gyarados|Ice Fang|p2a: Mandibuzz
|-supereffective|p2a: Mandibuzz
|-damage|p2a: Mandibuzz|0 fnt
|faint|p2a: Mandibuzz
|
|-heal|p1a: Gyarados|195\/394|[from] item: Leftovers
|
|switch|p2a: Venusaur|Venusaur-Mega, F|306\/349
|-damage|p2a: Venusaur|263\/349|[from] Stealth Rock
|turn|16
|
|switch|p1a: Venusaur|Venusaur-Mega, F|331\/364
|move|p2a: Venusaur|Giga Drain|p1a: Venusaur
|-resisted|p1a: Venusaur
|-damage|p1a: Venusaur|311\/364
|-heal|p2a: Venusaur|273\/349|[from] drain|[of] p1a: Venusaur
|
|turn|17
|
|move|p2a: Venusaur|Sludge Bomb|p1a: Venusaur
|-damage|p1a: Venusaur|209\/364
|move|p1a: Venusaur|Sludge Bomb|p2a: Venusaur
|-damage|p2a: Venusaur|170\/349
|
|turn|18
|
|switch|p1a: Excadrill|Excadrill, M|362\/362
|move|p2a: Venusaur|Sludge Bomb|p1a: Excadrill
|-immune|p1a: Excadrill|[msg]
|
|turn|19
|
|move|p1a: Excadrill|Iron Head|p2a: Venusaur
|-damage|p2a: Venusaur|53\/349
|move|p2a: Venusaur|Synthesis|p2a: Venusaur
|-heal|p2a: Venusaur|227\/349
|
|turn|20
|c|★peere|pon el timer
|c|★Shawn1994|yap
|
|switch|p2a: Landorus|Landorus, M|280\/319
|-damage|p2a: Landorus|241\/319|[from] Stealth Rock
|move|p1a: Excadrill|Iron Head|p2a: Landorus
|-damage|p2a: Landorus|73\/319
|
|turn|21
|
|switch|p1a: Tyranitar|Tyranitar, F|404\/404
|-weather|Sandstorm
|move|p2a: Landorus|Psychic|p1a: Tyranitar
|-immune|p1a: Tyranitar|[msg]
|
|-weather|Sandstorm|[upkeep]
|turn|22
|
|move|p2a: Landorus|Focus Blast|p1a: Tyranitar
|-supereffective|p1a: Tyranitar
|-damage|p1a: Tyranitar|0 fnt
|faint|p1a: Tyranitar
|
|-weather|Sandstorm|[upkeep]
|
|switch|p1a: Excadrill|Excadrill, M|362\/362
|turn|23
|
|move|p1a: Excadrill|Iron Head|p2a: Landorus
|-damage|p2a: Landorus|0 fnt
|faint|p2a: Landorus
|
|-weather|Sandstorm|[upkeep]
|
|switch|p2a: Azumarill|Azumarill, M|272\/361 par
|-damage|p2a: Azumarill|227\/361 par|[from] Stealth Rock
|turn|24
|
|move|p2a: Azumarill|Aqua Jet|p1a: Excadrill
|-supereffective|p1a: Excadrill
|-enditem|p1a: Excadrill|Focus Sash
|-damage|p1a: Excadrill|1\/362
|move|p1a: Excadrill|Earthquake|p2a: Azumarill
|-damage|p2a: Azumarill|0 fnt
|faint|p2a: Azumarill
|
|-weather|Sandstorm|[upkeep]
|
|switch|p2a: Venusaur|Venusaur-Mega, F|227\/349
|-damage|p2a: Venusaur|184\/349|[from] Stealth Rock
|turn|25
|
|move|p1a: Excadrill|Earthquake|p2a: Venusaur
|-damage|p2a: Venusaur|42\/349
|move|p2a: Venusaur|Giga Drain|p1a: Excadrill
|-damage|p1a: Excadrill|0 fnt
|-heal|p2a: Venusaur|43\/349|[from] drain|[of] p1a: Excadrill
|faint|p1a: Excadrill
|
|-weather|Sandstorm|[upkeep]
|-damage|p2a: Venusaur|22\/349|[from] sandstorm
|
|switch|p1a: Garchomp|Garchomp, M|357\/357
|turn|26
|
|move|p1a: Garchomp|Earthquake|p2a: Venusaur
|-damage|p2a: Venusaur|0 fnt
|faint|p2a: Venusaur
|
|-weather|Sandstorm|[upkeep]
|
|switch|p2a: Keldeo-Resolute|Keldeo-Resolute|209\/323
|-damage|p2a: Keldeo-Resolute|189\/323|[from] Stealth Rock
|turn|27
|
|switch|p1a: Venusaur|Venusaur-Mega, F|209\/364
|move|p2a: Keldeo-Resolute|Scald|p1a: Venusaur
|-resisted|p1a: Venusaur
|-damage|p1a: Venusaur|136\/364
|-status|p1a: Venusaur|brn
|
|-weather|Sandstorm|[upkeep]
|-damage|p2a: Keldeo-Resolute|169\/323|[from] sandstorm
|-damage|p1a: Venusaur|114\/364 brn|[from] sandstorm
|-damage|p1a: Venusaur|69\/364 brn|[from] brn
|turn|28
|
|switch|p2a: Heatran|Heatran, F|203\/323
|-damage|p2a: Heatran|163\/323|[from] Stealth Rock
|move|p1a: Venusaur|Leech Seed|p2a: Heatran
|-start|p2a: Heatran|move: Leech Seed
|
|-weather|none
|-damage|p2a: Heatran|123\/323|[from] Leech Seed|[of] p1a: Venusaur
|-heal|p1a: Venusaur|109\/364 brn|[silent]
|-damage|p1a: Venusaur|64\/364 brn|[from] brn
|turn|29
|
|move|p2a: Heatran|Flash Cannon|p1a: Venusaur
|-damage|p1a: Venusaur|0 fnt
|faint|p1a: Venusaur
|
|
|switch|p1a: Garchomp|Garchomp, M|357\/357
|turn|30
|
|move|p1a: Garchomp|Earthquake|p2a: Heatran
|-supereffective|p2a: Heatran
|-damage|p2a: Heatran|0 fnt
|faint|p2a: Heatran
|
|
|switch|p2a: Keldeo-Resolute|Keldeo-Resolute|169\/323
|-damage|p2a: Keldeo-Resolute|149\/323|[from] Stealth Rock
|turn|31
|
|move|p1a: Garchomp|Earthquake|p2a: Keldeo-Resolute
|-damage|p2a: Keldeo-Resolute|0 fnt
|faint|p2a: Keldeo-Resolute
|
|win|Shawn1994
|c|★peere|gg
|c|★Shawn1994|gg