|join|peere
|join|Jeusan
|player|p1|peere|97
|player|p2|Jeusan|52
|gametype|singles
|gen|6
|tier|OU
|clearpoke
|poke|p1|Bisharp, M
|poke|p1|Landorus, M
|poke|p1|Heracross, M
|poke|p1|Victini
|poke|p1|Rotom-Wash
|poke|p1|Latias, F
|poke|p2|Skarmory, F
|poke|p2|Magnezone
|poke|p2|Chansey, F
|poke|p2|Azumarill, F
|poke|p2|Scizor, F
|poke|p2|Heatran, M
|rule|Swagger Clause: Swagger is banned
|rule|Baton Pass Clause: Limit one Pokémon knowing Baton Pass
|rule|Sleep Clause Mod: Limit one foe put to sleep
|rule|Species Clause: Limit one of each Pokémon
|rule|OHKO Clause: OHKO moves are banned
|rule|Moody Clause: Moody is banned
|rule|Evasion Moves Clause: Evasion moves are banned
|rule|Endless Battle Clause: Forcing endless battles is banned
|rule|HP Percentage Mod: HP is shown in percentages
|teampreview
|c|★peere|buena suerte
|c|★Jeusan|igualmente
|c|★Jeusan|igualmente
|c|★Jeusan|lol
|c|★Jeusan|lag
|c|★Jeusan|xD
|
|start
|switch|p1a: Landorus|Landorus, M|319\/319
|switch|p2a: Amor de Noob|Azumarill, F|404\/404
|turn|1
|
|switch|p1a: Rotom-Wash|Rotom-Wash|303\/303
|move|p2a: Amor de Noob|Play Rough|p1a: Rotom-Wash
|-damage|p1a: Rotom-Wash|107\/303
|-unboost|p1a: Rotom-Wash|atk|1
|
|-heal|p1a: Rotom-Wash|125\/303|[from] item: Leftovers
|turn|2
|
|switch|p2a: Terremoto|Heatran, M|386\/386
|move|p1a: Rotom-Wash|Pain Split|p2a: Terremoto
|-sethp|p2a: Terremoto|255\/386|p1a: Rotom-Wash|255\/303|[from] move: Pain Split
|
|-heal|p1a: Rotom-Wash|273\/303|[from] item: Leftovers
|-heal|p2a: Terremoto|279\/386|[from] item: Leftovers
|turn|3
|
|switch|p2a: Karimero|Chansey, F|704\/704
|move|p1a: Rotom-Wash|Volt Switch|p2a: Karimero
|-damage|p2a: Karimero|644\/704
|
|switch|p1a: Heracross|Heracross, M|350\/350
|
|turn|4
|
|switch|p2a: APowerfulStaraptor|Skarmory, F|334\/334
|detailschange|p1a: Heracross|Heracross-Mega, M
|message|Heracross has Mega Evolved into Mega Heracross!
|move|p1a: Heracross|Close Combat|p2a: APowerfulStaraptor
|-damage|p2a: APowerfulStaraptor|151\/334
|-damage|p1a: Heracross|292\/350|[from] item: Rocky Helmet|[of] p2a: APowerfulStaraptor
|-unboost|p1a: Heracross|def|1
|-unboost|p1a: Heracross|spd|1
|
|turn|5
|
|switch|p2a: Amor de Noob|Azumarill, F|404\/404
|move|p1a: Heracross|Close Combat|p2a: Amor de Noob
|-resisted|p2a: Amor de Noob
|-damage|p2a: Amor de Noob|205\/404
|-unboost|p1a: Heracross|def|1
|-unboost|p1a: Heracross|spd|1
|
|turn|6
|
|switch|p1a: Rotom-Wash|Rotom-Wash|273\/303
|move|p2a: Amor de Noob|Aqua Jet|p1a: Rotom-Wash
|-resisted|p1a: Rotom-Wash
|-damage|p1a: Rotom-Wash|229\/303
|
|-heal|p1a: Rotom-Wash|247\/303|[from] item: Leftovers
|turn|7
|
|switch|p2a: Policia (PMM)|Magnezone|282\/282
|move|p1a: Rotom-Wash|Volt Switch|p2a: Policia (PMM)
|-resisted|p2a: Policia (PMM)
|-damage|p2a: Policia (PMM)|236\/282
|
|switch|p1a: Landorus|Landorus, M|319\/319
|
|turn|8
|
|switch|p2a: Karimero|Chansey, F|644\/704
|move|p1a: Landorus|Stealth Rock|p2a: Karimero
|-sidestart|p2: Jeusan|move: Stealth Rock
|
|turn|9
|
|switch|p1a: Bisharp|Bisharp, M|272\/272
|switch|p2a: Mike|Scizor, F|282\/282
|-damage|p2a: Mike|247\/282|[from] Stealth Rock
|
|turn|10
|
|switch|p1a: Victini|Victini|342\/342
|detailschange|p2a: Mike|Scizor-Mega, F
|message|Scizor has Mega Evolved into Mega Scizor!
|move|p2a: Mike|Knock Off|p1a: Victini
|-supereffective|p1a: Victini
|-damage|p1a: Victini|140\/342
|-enditem|p1a: Victini|Choice Scarf|[from] move: Knock Off|[of] p2a: Mike
|
|turn|11
|
|switch|p2a: Terremoto|Heatran, M|279\/386
|-damage|p2a: Terremoto|231\/386|[from] Stealth Rock
|move|p1a: Victini|V-create|p2a: Terremoto
|-start|p2a: Terremoto|ability: Flash Fire
|
|-heal|p2a: Terremoto|255\/386|[from] item: Leftovers
|turn|12
|
|switch|p1a: Landorus|Landorus, M|319\/319
|move|p2a: Terremoto|Stealth Rock|p1a: Landorus
|-sidestart|p1: peere|move: Stealth Rock
|
|-heal|p2a: Terremoto|279\/386|[from] item: Leftovers
|turn|13
|
|switch|p2a: Karimero|Chansey, F|644\/704
|-damage|p2a: Karimero|556\/704|[from] Stealth Rock
|move|p1a: Landorus|Earth Power|p2a: Karimero
|-damage|p2a: Karimero|407\/704
|
|turn|14
|
|switch|p1a: Heracross|Heracross-Mega, M|292\/350
|-damage|p1a: Heracross|249\/350|[from] Stealth Rock
|switch|p2a: Mike|Scizor-Mega, F|247\/282
|-damage|p2a: Mike|212\/282|[from] Stealth Rock
|
|turn|15
|
|move|p1a: Heracross|Close Combat|p2a: Mike
|-damage|p2a: Mike|47\/282
|-unboost|p1a: Heracross|def|1
|-unboost|p1a: Heracross|spd|1
|move|p2a: Mike|Roost|p2a: Mike
|-heal|p2a: Mike|188\/282
|
|turn|16
|
|switch|p1a: Rotom-Wash|Rotom-Wash|247\/303
|-damage|p1a: Rotom-Wash|210\/303|[from] Stealth Rock
|switch|p2a: Policia (PMM)|Magnezone|236\/282
|-damage|p2a: Policia (PMM)|219\/282|[from] Stealth Rock
|
|-heal|p1a: Rotom-Wash|228\/303|[from] item: Leftovers
|turn|17
|
|switch|p1a: Landorus|Landorus, M|319\/319
|-damage|p1a: Landorus|280\/319|[from] Stealth Rock
|move|p2a: Policia (PMM)|Volt Switch|p1a: Landorus
|-immune|p1a: Landorus|[msg]
|
|turn|18
|
|switch|p2a: Amor de Noob|Azumarill, F|205\/404
|-damage|p2a: Amor de Noob|155\/404|[from] Stealth Rock
|move|p1a: Landorus|Earth Power|p2a: Amor de Noob
|-damage|p2a: Amor de Noob|0 fnt
|faint|p2a: Amor de Noob
|
|
|switch|p2a: Karimero|Chansey, F|407\/704
|-damage|p2a: Karimero|319\/704|[from] Stealth Rock
|turn|19
|
|switch|p1a: Bisharp|Bisharp, M|272\/272
|-damage|p1a: Bisharp|255\/272|[from] Stealth Rock
|move|p2a: Karimero|Toxic|p1a: Bisharp
|-fail|p1a: Bisharp
|
|turn|20
|
|switch|p2a: APowerfulStaraptor|Skarmory, F|151\/334
|-damage|p2a: APowerfulStaraptor|110\/334|[from] Stealth Rock
|move|p1a: Bisharp|Knock Off|p2a: APowerfulStaraptor
|-damage|p2a: APowerfulStaraptor|0 fnt
|-damage|p1a: Bisharp|210\/272|[from] item: Rocky Helmet|[of] p2a: APowerfulStaraptor
|-enditem|p2a: APowerfulStaraptor|Rocky Helmet|[from] move: Knock Off|[of] p1a: Bisharp
|-damage|p1a: Bisharp|183\/272|[from] item: Life Orb
|faint|p2a: APowerfulStaraptor
|
|
|switch|p2a: Terremoto|Heatran, M|279\/386
|-damage|p2a: Terremoto|231\/386|[from] Stealth Rock
|turn|21
|
|move|p1a: Bisharp|Low Kick|p2a: Terremoto
|-supereffective|p2a: Terremoto
|-damage|p2a: Terremoto|0 fnt
|-damage|p1a: Bisharp|156\/272|[from] item: Life Orb
|faint|p2a: Terremoto
|
|
|switch|p2a: Mike|Scizor-Mega, F|188\/282
|-damage|p2a: Mike|153\/282|[from] Stealth Rock
|turn|22
|
|switch|p1a: Victini|Victini|140\/342
|-damage|p1a: Victini|55\/342|[from] Stealth Rock
|move|p2a: Mike|Roost|p2a: Mike
|-heal|p2a: Mike|282\/282
|
|turn|23
|
|switch|p1a: Rotom-Wash|Rotom-Wash|228\/303
|-damage|p1a: Rotom-Wash|191\/303|[from] Stealth Rock
|move|p2a: Mike|Bullet Punch|p1a: Rotom-Wash
|-resisted|p1a: Rotom-Wash
|-damage|p1a: Rotom-Wash|174\/303
|
|-heal|p1a: Rotom-Wash|192\/303|[from] item: Leftovers
|turn|24
|
|switch|p2a: Karimero|Chansey, F|319\/704
|-damage|p2a: Karimero|231\/704|[from] Stealth Rock
|move|p1a: Rotom-Wash|Will-O-Wisp|p2a: Karimero
|-status|p2a: Karimero|brn
|
|-heal|p1a: Rotom-Wash|210\/303|[from] item: Leftovers
|-damage|p2a: Karimero|143\/704 brn|[from] brn
|turn|25
|
|move|p1a: Rotom-Wash|Volt Switch|p2a: Karimero
|-damage|p2a: Karimero|82\/704 brn
|
|switch|p1a: Heracross|Heracross-Mega, M|249\/350
|-damage|p1a: Heracross|206\/350|[from] Stealth Rock
|move|p2a: Karimero|Soft-Boiled|p2a: Karimero
|-heal|p2a: Karimero|434\/704 brn
|
|-damage|p2a: Karimero|346\/704 brn|[from] brn
|turn|26
|
|move|p1a: Heracross|Close Combat|p2a: Karimero
|-supereffective|p2a: Karimero
|-damage|p2a: Karimero|0 fnt
|-unboost|p1a: Heracross|def|1
|-unboost|p1a: Heracross|spd|1
|faint|p2a: Karimero
|
|
|switch|p2a: Policia (PMM)|Magnezone|219\/282
|-damage|p2a: Policia (PMM)|202\/282|[from] Stealth Rock
|turn|27
|
|move|p2a: Policia (PMM)|Flash Cannon|p1a: Heracross
|-damage|p1a: Heracross|11\/350
|move|p1a: Heracross|Close Combat|p2a: Policia (PMM)
|-supereffective|p2a: Policia (PMM)
|-damage|p2a: Policia (PMM)|0 fnt
|-unboost|p1a: Heracross|def|1
|-unboost|p1a: Heracross|spd|1
|faint|p2a: Policia (PMM)
|
|
|switch|p2a: Mike|Scizor-Mega, F|282\/282
|-damage|p2a: Mike|247\/282|[from] Stealth Rock
|turn|28
|
|move|p1a: Heracross|Close Combat|p2a: Mike
|-damage|p2a: Mike|82\/282
|-unboost|p1a: Heracross|def|1
|-unboost|p1a: Heracross|spd|1
|move|p2a: Mike|Roost|p2a: Mike
|-heal|p2a: Mike|223\/282
|
|turn|29
|
|move|p1a: Heracross|Close Combat|p2a: Mike
|-damage|p2a: Mike|40\/282
|-unboost|p1a: Heracross|def|1
|-unboost|p1a: Heracross|spd|1
|move|p2a: Mike|Roost|p2a: Mike
|-heal|p2a: Mike|181\/282
|
|turn|30
|
|move|p1a: Heracross|Close Combat|p2a: Mike
|-damage|p2a: Mike|3\/282
|-unboost|p1a: Heracross|def|1
|-unboost|p1a: Heracross|spd|1
|move|p2a: Mike|Roost|p2a: Mike
|-heal|p2a: Mike|144\/282
|
|turn|31
|
|move|p1a: Heracross|Rock Blast|p2a: Mike
|-crit|p2a: Mike
|-damage|p2a: Mike|110\/282
|-damage|p2a: Mike|86\/282
|-crit|p2a: Mike
|-damage|p2a: Mike|47\/282
|-damage|p2a: Mike|24\/282
|-damage|p2a: Mike|1\/282
|-hitcount|p2a: Mike|5
|move|p2a: Mike|Roost|p2a: Mike
|-heal|p2a: Mike|142\/282
|
|turn|32
|
|switch|p1a: Rotom-Wash|Rotom-Wash|210\/303
|-damage|p1a: Rotom-Wash|173\/303|[from] Stealth Rock
|move|p2a: Mike|Roost|p2a: Mike
|-heal|p2a: Mike|282\/282
|
|-heal|p1a: Rotom-Wash|191\/303|[from] item: Leftovers
|turn|33
|
|move|p1a: Rotom-Wash|Will-O-Wisp|p2a: Mike
|-status|p2a: Mike|brn
|move|p2a: Mike|Swords Dance|p2a: Mike
|-boost|p2a: Mike|atk|2
|
|-heal|p1a: Rotom-Wash|209\/303|[from] item: Leftovers
|-damage|p2a: Mike|247\/282 brn|[from] brn
|turn|34
|
|move|p1a: Rotom-Wash|Volt Switch|p2a: Mike
|-damage|p2a: Mike|178\/282 brn
|
|switch|p1a: Latias|Latias, F|303\/303
|-damage|p1a: Latias|266\/303|[from] Stealth Rock
|move|p2a: Mike|Roost|p2a: Mike
|-heal|p2a: Mike|282\/282 brn
|
|-damage|p2a: Mike|247\/282 brn|[from] brn
|turn|35
|
|move|p1a: Latias|Healing Wish|p1a: Latias
|faint|p1a: Latias
|move|p2a: Mike|Knock Off|p1: Latias|[notarget]
|-notarget
|
|-damage|p2a: Mike|212\/282 brn|[from] brn
|
|switch|p1a: Victini|Victini|55\/342
|-heal|p1a: Victini|342\/342|[from] move: Healing Wish
|-damage|p1a: Victini|257\/342|[from] Stealth Rock
|turn|36
|c|★peere|gg
|c|★Jeusan|gg
|
|move|p1a: Victini|V-create|p2a: Mike
|-supereffective|p2a: Mike
|-damage|p2a: Mike|0 fnt
|-unboost|p1a: Victini|def|1
|-unboost|p1a: Victini|spd|1
|-unboost|p1a: Victini|spe|1
|faint|p2a: Mike
|
|win|peere
|c|★Jeusan|gg