|join|likewhy2
|join|algohol warning
|player|p1|likewhy2|52
|player|p2|algohol warning|79
|gametype|singles
|gen|6
|tier|UU
|rated
|rule|Sleep Clause Mod: Limit one foe put to sleep
|rule|Species Clause: Limit one of each Pokémon
|rule|OHKO Clause: OHKO moves are banned
|rule|Moody Clause: Moody is banned
|rule|Evasion Moves Clause: Evasion moves are banned
|rule|Endless Battle Clause: Forcing endless battles is banned
|rule|HP Percentage Mod: HP is shown in percentages
|clearpoke
|poke|p1|Blastoise, M
|poke|p1|Raikou
|poke|p1|Chesnaught, F
|poke|p1|Lucario, F
|poke|p1|Nidoqueen, F
|poke|p1|Yanmega, M
|poke|p2|Galvantula, F
|poke|p2|Tornadus, M
|poke|p2|Jirachi, shiny
|poke|p2|Blastoise, M
|poke|p2|Machamp, F
|poke|p2|Infernape, F
|rule|Swagger Clause: Swagger is banned
|rule|Baton Pass Clause: Limit one Pokémon knowing Baton Pass
|teampreview
|
|start
|switch|p1a: Raikou|Raikou|321\/321
|switch|p2a: Infernape|Infernape, F|293\/293
|-ability|p1a: Raikou|Pressure
|turn|1
|join|TogekisslessVirgin
|
|move|p1a: Raikou|Extrasensory|p2a: Infernape
|-supereffective|p2a: Infernape
|-damage|p2a: Infernape|27\/293
|move|p2a: Infernape|Stealth Rock|p1a: Raikou
|-sidestart|p1: likewhy2|move: Stealth Rock
|
|turn|2
|
|switch|p2a: Jirachi|Jirachi, shiny|404\/404
|move|p1a: Raikou|Thunderbolt|p2a: Jirachi
|-damage|p2a: Jirachi|256\/404
|
|-heal|p2a: Jirachi|281\/404|[from] item: Leftovers
|turn|3
|
|move|p1a: Raikou|Volt Switch|p2a: Jirachi
|-damage|p2a: Jirachi|158\/404
|
|switch|p1a: Blastoise|Blastoise, M|352\/352
|-damage|p1a: Blastoise|308\/352|[from] Stealth Rock
|move|p2a: Jirachi|Moonblast|p1a: Blastoise
|-damage|p1a: Blastoise|208\/352
|
|-heal|p2a: Jirachi|183\/404|[from] item: Leftovers
|turn|4
|
|switch|p2a: Infernape|Infernape, F|27\/293
|detailschange|p1a: Blastoise|Blastoise-Mega, M
|-mega|p1a: Blastoise|Blastoise|Blastoisinite
|move|p1a: Blastoise|Rapid Spin|p2a: Infernape
|-damage|p2a: Infernape|8\/293
|-sideend|p1: likewhy2|Stealth Rock|[from] move: Rapid Spin|[of] p1a: Blastoise
|
|turn|5
|
|move|p2a: Infernape|Fire Blast|p1a: Blastoise
|-resisted|p1a: Blastoise
|-damage|p1a: Blastoise|90\/352
|-damage|p2a: Infernape|0 fnt|[from] item: Life Orb
|faint|p2a: Infernape
|move|p1a: Blastoise|Rapid Spin|p2: Infernape|[notarget]
|-notarget
|
|
|switch|p2a: Galvantula|Galvantula, F|281\/281
|turn|6
|
|switch|p1a: Nidoqueen|Nidoqueen, F|351\/351
|move|p2a: Galvantula|Bug Buzz|p1a: Nidoqueen
|-resisted|p1a: Nidoqueen
|-damage|p1a: Nidoqueen|273\/351
|
|turn|7
|join|monophobia
|
|switch|p2a: Blastoise|Blastoise, M|327\/327
|move|p1a: Nidoqueen|Stealth Rock|p2a: Blastoise
|-sidestart|p2: algohol warning|move: Stealth Rock
|
|turn|8
|
|switch|p1a: Raikou|Raikou|321\/321
|-ability|p1a: Raikou|Pressure
|detailschange|p2a: Blastoise|Blastoise-Mega, M
|-mega|p2a: Blastoise|Blastoise|Blastoisinite
|move|p2a: Blastoise|Rapid Spin|p1a: Raikou
|-damage|p1a: Raikou|303\/321
|-sideend|p2: algohol warning|Stealth Rock|[from] move: Rapid Spin|[of] p2a: Blastoise
|
|turn|9
|
|move|p1a: Raikou|Thunderbolt|p2a: Blastoise
|-supereffective|p2a: Blastoise
|-damage|p2a: Blastoise|85\/327
|move|p2a: Blastoise|Scald|p1a: Raikou
|-damage|p1a: Raikou|197\/321
|
|turn|10
|
|switch|p2a: Jirachi|Jirachi, shiny|183\/404
|move|p1a: Raikou|Volt Switch|p2a: Jirachi
|-damage|p2a: Jirachi|78\/404
|
|switch|p1a: Yanmega|Yanmega, M|313\/313
|
|-heal|p2a: Jirachi|103\/404|[from] item: Leftovers
|turn|11
|
|switch|p2a: Blastoise|Blastoise-Mega, M|85\/327
|move|p1a: Yanmega|Bug Buzz|p2a: Blastoise
|-damage|p2a: Blastoise|0 fnt
|-damage|p1a: Yanmega|282\/313|[from] item: Life Orb
|faint|p2a: Blastoise
|
|-boost|p1a: Yanmega|spe|1|[from] ability: Speed Boost
|
|switch|p2a: Galvantula|Galvantula, F|281\/281
|turn|12
|
|move|p1a: Yanmega|Air Slash|p2a: Galvantula
|-enditem|p2a: Galvantula|Focus Sash
|-damage|p2a: Galvantula|1\/281
|-damage|p1a: Yanmega|251\/313|[from] item: Life Orb
|cant|p2a: Galvantula|flinch
|
|-boost|p1a: Yanmega|spe|1|[from] ability: Speed Boost
|turn|13
|-message|algohol warning forfeited.
|
|win|likewhy2
|raw|Ladder updating...
|leave|algohol warning
|player|p2
|raw|likewhy2's rating: 1322 &rarr; <strong>1343<\/strong><br \/>(+21 for winning)
|raw|algohol warning's rating: 1336 &rarr; <strong>1316<\/strong><br \/>(-20 for losing)
|leave|likewhy2
|player|p1
|leave|monophobia