|join|LiberalLucario
|join|Gordy Lifestyle
|player|p1|LiberalLucario|219
|player|p2|Gordy Lifestyle|16
|gametype|singles
|gen|6
|tier|UU
|rated
|rule|Sleep Clause Mod: Limit one foe put to sleep
|rule|Species Clause: Limit one of each Pokémon
|rule|OHKO Clause: OHKO moves are banned
|rule|Moody Clause: Moody is banned
|rule|Evasion Moves Clause: Evasion moves are banned
|rule|Endless Battle Clause: Forcing endless battles is banned
|rule|HP Percentage Mod: HP is shown in percentages
|clearpoke
|poke|p1|Vaporeon, F
|poke|p1|Rotom-Heat
|poke|p1|Crobat, M
|poke|p1|Cobalion
|poke|p1|Hydreigon, M
|poke|p1|Whimsicott, F
|poke|p2|Doublade, F, shiny
|poke|p2|Granbull, M
|poke|p2|Blissey, F
|poke|p2|Houndoom, M
|poke|p2|Tentacruel, M
|poke|p2|Rotom-Mow
|rule|Swagger Clause: Swagger is banned
|rule|Baton Pass Clause: Limit one Pokémon knowing Baton Pass
|teampreview
|
|start
|switch|p1a: must setup rocks|Cobalion|386\/386
|switch|p2a: Kraken|Tentacruel, M|361\/361
|turn|1
|
|switch|p1a: crocune nooo|Vaporeon, F|464\/464
|move|p2a: Kraken|Scald|p1a: crocune nooo
|-immune|p1a: crocune nooo|[msg]
|
|turn|2
|
|move|p2a: Kraken|Toxic Spikes|p1a: crocune nooo
|-sidestart|p1: LiberalLucario|move: Toxic Spikes
|move|p1a: crocune nooo|Wish|p1a: crocune nooo
|
|turn|3
|
|switch|p1a: why am i so weak|Crobat, M|374\/374
|move|p2a: Kraken|Scald|p1a: why am i so weak
|-damage|p1a: why am i so weak|286\/374
|-status|p1a: why am i so weak|brn
|
|-heal|p1a: why am i so weak|374\/374 brn|[from] move: Wish|[wisher] crocune nooo
|-damage|p1a: why am i so weak|328\/374 brn|[from] brn
|turn|4
|
|move|p2a: Kraken|Protect|p2a: Kraken
|-singleturn|p2a: Kraken|Protect
|move|p1a: why am i so weak|Defog|p2a: Kraken
|-activate|p2a: Kraken|Protect
|
|-heal|p1a: why am i so weak|351\/374 brn|[from] item: Black Sludge
|-damage|p1a: why am i so weak|305\/374 brn|[from] brn
|turn|5
|
|move|p1a: why am i so weak|Defog|p2a: Kraken
|-unboost|p2a: Kraken|evasion|1
|-sideend|p1: LiberalLucario|Toxic Spikes|[from] move: Defog|[of] p1a: why am i so weak
|move|p2a: Kraken|Toxic Spikes|p1a: why am i so weak
|-sidestart|p1: LiberalLucario|move: Toxic Spikes
|
|-heal|p1a: why am i so weak|328\/374 brn|[from] item: Black Sludge
|-damage|p1a: why am i so weak|282\/374 brn|[from] brn
|turn|6
|
|move|p1a: why am i so weak|Defog|p2a: Kraken
|-unboost|p2a: Kraken|evasion|1
|-sideend|p1: LiberalLucario|Toxic Spikes|[from] move: Defog|[of] p1a: why am i so weak
|move|p2a: Kraken|Scald|p1a: why am i so weak
|-damage|p1a: why am i so weak|182\/374 brn
|
|-heal|p1a: why am i so weak|205\/374 brn|[from] item: Black Sludge
|-damage|p1a: why am i so weak|159\/374 brn|[from] brn
|turn|7
|
|move|p1a: why am i so weak|Roost|p1a: why am i so weak
|-heal|p1a: why am i so weak|346\/374 brn
|move|p2a: Kraken|Toxic Spikes|p1a: why am i so weak
|-sidestart|p1: LiberalLucario|move: Toxic Spikes
|
|-heal|p1a: why am i so weak|369\/374 brn|[from] item: Black Sludge
|-damage|p1a: why am i so weak|323\/374 brn|[from] brn
|turn|8
|
|move|p1a: why am i so weak|U-turn|p2a: Kraken
|-resisted|p2a: Kraken
|-damage|p2a: Kraken|349\/361
|
|switch|p1a: trained to kill am|Hydreigon, M|325\/325
|move|p2a: Kraken|Toxic Spikes|p1a: trained to kill am
|-sidestart|p1: LiberalLucario|move: Toxic Spikes
|
|-heal|p2a: Kraken|361\/361|[from] item: Leftovers
|turn|9
|
|move|p2a: Kraken|Protect|p2a: Kraken
|-singleturn|p2a: Kraken|Protect
|move|p1a: trained to kill am|Draco Meteor|p2a: Kraken
|-activate|p2a: Kraken|Protect
|
|turn|10
|
|switch|p1a: why am i so weak|Crobat, M|323\/374 brn
|switch|p2a: Boodro|Granbull, M|377\/377
|-ability|p2a: Boodro|Intimidate|[of] p1a: why am i so weak
|-unboost|p1a: why am i so weak|atk|1
|
|-heal|p1a: why am i so weak|346\/374 brn|[from] item: Black Sludge
|-damage|p1a: why am i so weak|300\/374 brn|[from] brn
|turn|11
|
|switch|p2a: Kraken|Tentacruel, M|361\/361
|move|p1a: why am i so weak|Defog|p2a: Kraken
|-unboost|p2a: Kraken|evasion|1
|-sideend|p1: LiberalLucario|Toxic Spikes|[from] move: Defog|[of] p1a: why am i so weak
|
|-heal|p1a: why am i so weak|323\/374 brn|[from] item: Black Sludge
|-damage|p1a: why am i so weak|277\/374 brn|[from] brn
|turn|12
|
|move|p1a: why am i so weak|U-turn|p2a: Kraken
|-resisted|p2a: Kraken
|-damage|p2a: Kraken|351\/361
|
|switch|p1a: grass check|Rotom-Heat|304\/304
|move|p2a: Kraken|Toxic Spikes|p1a: grass check
|-sidestart|p1: LiberalLucario|move: Toxic Spikes
|
|-heal|p2a: Kraken|361\/361|[from] item: Leftovers
|turn|13
|c|★Gordy Lifestyle|lol tentacruel only shits on your whole team
|
|switch|p2a: Cerberus|Houndoom, M|291\/291
|move|p1a: grass check|Volt Switch|p2a: Cerberus
|-damage|p2a: Cerberus|185\/291
|c|★LiberalLucario|nope
|
|switch|p1a: trained to kill am|Hydreigon, M|325\/325
|
|turn|14
|
|switch|p2a: Teen Mom|Blissey, F|651\/651
|move|p1a: trained to kill am|Superpower|p2a: Teen Mom
|-crit|p2a: Teen Mom
|-supereffective|p2a: Teen Mom
|-damage|p2a: Teen Mom|0 fnt
|-unboost|p1a: trained to kill am|atk|1
|-unboost|p1a: trained to kill am|def|1
|-damage|p1a: trained to kill am|293\/325|[from] item: Life Orb
|faint|p2a: Teen Mom
|
|c|★LiberalLucario|get
|c|★LiberalLucario|purdicted
|c|★Gordy Lifestyle|and haxed....
|c|★LiberalLucario|lol that does like 80% anyway
|c|★LiberalLucario|blissey would have been at the amount of health where it really couldn't have switched into much
|
|switch|p2a: Kraken|Tentacruel, M|361\/361
|turn|15
|c|★Gordy Lifestyle|i could have healed on vaporeon all day
|
|move|p1a: trained to kill am|Dark Pulse|p2a: Kraken
|-damage|p2a: Kraken|215\/361
|-damage|p1a: trained to kill am|261\/325|[from] item: Life Orb
|move|p2a: Kraken|Scald|p1a: trained to kill am
|-resisted|p1a: trained to kill am
|-damage|p1a: trained to kill am|222\/325
|
|-heal|p2a: Kraken|237\/361|[from] item: Leftovers
|turn|16
|
|switch|p1a: must setup rocks|Cobalion|386\/386
|move|p2a: Kraken|Protect|p2a: Kraken
|-fail|p2a: Kraken
|
|-heal|p2a: Kraken|259\/361|[from] item: Leftovers
|turn|17
|
|move|p1a: must setup rocks|Stealth Rock|p2a: Kraken
|-sidestart|p2: Gordy Lifestyle|move: Stealth Rock
|move|p2a: Kraken|Scald|p1a: must setup rocks
|-damage|p1a: must setup rocks|278\/386
|
|-heal|p1a: must setup rocks|302\/386|[from] item: Leftovers
|-heal|p2a: Kraken|281\/361|[from] item: Leftovers
|turn|18
|
|move|p1a: must setup rocks|Volt Switch|p2a: Kraken
|-supereffective|p2a: Kraken
|-damage|p2a: Kraken|185\/361
|
|switch|p1a: grass check|Rotom-Heat|304\/304
|move|p2a: Kraken|Rapid Spin|p1a: grass check
|-damage|p1a: grass check|296\/304
|-sideend|p2: Gordy Lifestyle|Stealth Rock|[from] move: Rapid Spin|[of] p2a: Kraken
|
|-heal|p2a: Kraken|207\/361|[from] item: Leftovers
|-heal|p1a: grass check|304\/304|[from] item: Leftovers
|turn|19
|
|move|p2a: Kraken|Protect|p2a: Kraken
|-singleturn|p2a: Kraken|Protect
|move|p1a: grass check|Volt Switch|p2a: Kraken
|-activate|p2a: Kraken|Protect
|
|-heal|p2a: Kraken|229\/361|[from] item: Leftovers
|turn|20
|
|move|p2a: Kraken|Scald|p1a: grass check
|-supereffective|p1a: grass check
|-damage|p1a: grass check|194\/304
|move|p1a: grass check|Volt Switch|p2a: Kraken
|-supereffective|p2a: Kraken
|-damage|p2a: Kraken|91\/361
|
|switch|p1a: trained to kill am|Hydreigon, M|222\/325
|
|-heal|p2a: Kraken|113\/361|[from] item: Leftovers
|turn|21
|
|move|p2a: Kraken|Protect|p2a: Kraken
|-singleturn|p2a: Kraken|Protect
|move|p1a: trained to kill am|Dark Pulse|p2a: Kraken
|-activate|p2a: Kraken|Protect
|
|-heal|p2a: Kraken|135\/361|[from] item: Leftovers
|turn|22
|
|switch|p2a: Boodro|Granbull, M|377\/377
|-ability|p2a: Boodro|Intimidate|[of] p1a: trained to kill am
|-unboost|p1a: trained to kill am|atk|1
|move|p1a: trained to kill am|Dark Pulse|p2a: Boodro
|-resisted|p2a: Boodro
|-damage|p2a: Boodro|248\/377
|-damage|p1a: trained to kill am|190\/325|[from] item: Life Orb
|
|-heal|p2a: Boodro|271\/377|[from] item: Leftovers
|turn|23
|
|switch|p1a: grass check|Rotom-Heat|194\/304
|switch|p2a: Landing Strip?|Rotom-Mow|241\/241
|
|-heal|p1a: grass check|213\/304|[from] item: Leftovers
|turn|24
|c|★LiberalLucario|i'll..take..it?
|
|move|p2a: Landing Strip?|Trick|p1a: grass check
|-activate|p2a: Landing Strip?|move: Trick|[of] p1a: grass check
|-item|p1a: grass check|Choice Scarf|[from] move: Trick
|-item|p2a: Landing Strip?|Leftovers|[from] move: Trick
|move|p1a: grass check|Volt Switch|p2a: Landing Strip?
|-resisted|p2a: Landing Strip?
|-damage|p2a: Landing Strip?|222\/241
|
|switch|p1a: trained to kill am|Hydreigon, M|190\/325
|
|-heal|p2a: Landing Strip?|237\/241|[from] item: Leftovers
|turn|25
|
|move|p1a: trained to kill am|Dark Pulse|p2a: Landing Strip?
|-damage|p2a: Landing Strip?|54\/241
|-damage|p1a: trained to kill am|158\/325|[from] item: Life Orb
|move|p2a: Landing Strip?|Will-O-Wisp|p1a: trained to kill am
|-status|p1a: trained to kill am|brn
|
|-heal|p2a: Landing Strip?|69\/241|[from] item: Leftovers
|-damage|p1a: trained to kill am|118\/325 brn|[from] brn
|turn|26
|
|switch|p2a: Boodro|Granbull, M|271\/377
|-ability|p2a: Boodro|Intimidate|[of] p1a: trained to kill am
|-unboost|p1a: trained to kill am|atk|1
|move|p1a: trained to kill am|Roost|p1a: trained to kill am
|-heal|p1a: trained to kill am|281\/325 brn
|
|-heal|p2a: Boodro|294\/377|[from] item: Leftovers
|-damage|p1a: trained to kill am|241\/325 brn|[from] brn
|turn|27
|
|switch|p1a: grass check|Rotom-Heat|213\/304
|switch|p2a: Kraken|Tentacruel, M|135\/361
|
|-heal|p2a: Kraken|157\/361|[from] item: Leftovers
|turn|28
|
|move|p2a: Kraken|Protect|p2a: Kraken
|-singleturn|p2a: Kraken|Protect
|move|p1a: grass check|Volt Switch|p2a: Kraken
|-activate|p2a: Kraken|Protect
|
|-heal|p2a: Kraken|179\/361|[from] item: Leftovers
|turn|29
|
|switch|p2a: Landing Strip?|Rotom-Mow|69\/241
|move|p1a: grass check|Volt Switch|p2a: Landing Strip?
|-resisted|p2a: Landing Strip?
|-damage|p2a: Landing Strip?|50\/241
|
|switch|p1a: must setup rocks|Cobalion|302\/386
|
|-heal|p1a: must setup rocks|326\/386|[from] item: Leftovers
|-heal|p2a: Landing Strip?|65\/241|[from] item: Leftovers
|turn|30
|
|move|p1a: must setup rocks|Close Combat|p2a: Landing Strip?
|-damage|p2a: Landing Strip?|0 fnt
|-unboost|p1a: must setup rocks|def|1
|-unboost|p1a: must setup rocks|spd|1
|faint|p2a: Landing Strip?
|
|-heal|p1a: must setup rocks|350\/386|[from] item: Leftovers
|
|switch|p2a: Venetia Shield|Doublade, F, shiny|309\/309
|turn|31
|
|move|p1a: must setup rocks|Volt Switch|p2a: Venetia Shield
|-damage|p2a: Venetia Shield|252\/309
|
|switch|p1a: grass check|Rotom-Heat|213\/304
|move|p2a: Venetia Shield|Shadow Claw|p1a: grass check
|-damage|p1a: grass check|96\/304
|
|turn|32
|
|switch|p2a: Cerberus|Houndoom, M|185\/291
|move|p1a: grass check|Volt Switch|p2a: Cerberus
|-damage|p2a: Cerberus|83\/291
|
|switch|p1a: must setup rocks|Cobalion|350\/386
|
|-heal|p1a: must setup rocks|374\/386|[from] item: Leftovers
|turn|33
|
|detailschange|p2a: Cerberus|Houndoom-Mega, M
|message|Houndoom has Mega Evolved into Mega Houndoom!
|move|p1a: must setup rocks|Close Combat|p2a: Cerberus
|-supereffective|p2a: Cerberus
|-damage|p2a: Cerberus|0 fnt
|-unboost|p1a: must setup rocks|def|1
|-unboost|p1a: must setup rocks|spd|1
|faint|p2a: Cerberus
|
|-heal|p1a: must setup rocks|386\/386|[from] item: Leftovers
|c|★LiberalLucario|haha.
|
|switch|p2a: Venetia Shield|Doublade, F, shiny|252\/309
|turn|34
|
|move|p1a: must setup rocks|Volt Switch|p2a: Venetia Shield
|-damage|p2a: Venetia Shield|189\/309
|
|switch|p1a: trained to kill am|Hydreigon, M|241\/325 brn
|move|p2a: Venetia Shield|Swords Dance|p2a: Venetia Shield
|-boost|p2a: Venetia Shield|atk|2
|
|-damage|p1a: trained to kill am|201\/325 brn|[from] brn
|turn|35
|
|move|p1a: trained to kill am|Roost|p1a: trained to kill am
|-heal|p1a: trained to kill am|325\/325 brn
|move|p2a: Venetia Shield|Iron Head|p1a: trained to kill am
|-damage|p1a: trained to kill am|15\/325 brn
|
|-damage|p1a: trained to kill am|0 fnt|[from] brn
|faint|p1a: trained to kill am
|c|★LiberalLucario|wow
|c|★Gordy Lifestyle|haha
|c|★LiberalLucario|the cancel actually went through
|
|switch|p1a: crocune nooo|Vaporeon, F|464\/464
|-status|p1a: crocune nooo|psn
|turn|36
|
|move|p1a: crocune nooo|Scald|p2a: Venetia Shield
|-damage|p2a: Venetia Shield|69\/309
|-status|p2a: Venetia Shield|brn
|move|p2a: Venetia Shield|Shadow Claw|p1a: crocune nooo
|-damage|p1a: crocune nooo|343\/464 psn
|
|-heal|p1a: crocune nooo|372\/464 psn|[from] item: Leftovers
|-damage|p1a: crocune nooo|314\/464 psn|[from] psn
|-damage|p2a: Venetia Shield|31\/309 brn|[from] brn
|turn|37
|
|move|p1a: crocune nooo|Heal Bell|p1a: crocune nooo
|-cureteam|p1a: crocune nooo|[from] move: HealBell
|move|p2a: Venetia Shield|Shadow Claw|p1a: crocune nooo
|-damage|p1a: crocune nooo|184\/464
|
|-heal|p1a: crocune nooo|213\/464|[from] item: Leftovers
|-damage|p2a: Venetia Shield|0 fnt|[from] brn
|faint|p2a: Venetia Shield
|c|★Gordy Lifestyle|scald ban
|c|★LiberalLucario|lo
|c|★LiberalLucario|l
|c|★LiberalLucario|#banscald
|c|★Gordy Lifestyle|you were swept if you didnt get burn first try
|-message|Gordy Lifestyle forfeited.
|
|win|LiberalLucario
|raw|Ladder updating...
|c|★LiberalLucario|no
|raw|LiberalLucario's rating: 1615 &rarr; <strong>1632<\/strong><br \/>(+17 for winning)
|raw|Gordy Lifestyle's rating: 1574 &rarr; <strong>1556<\/strong><br \/>(-18 for losing)
|leave|Gordy Lifestyle
|player|p2
|join|Arabelle
|leave|Arabelle