|join|Gordy Lifestyle
|join|blankaking
|player|p1|Gordy Lifestyle|154
|player|p2|blankaking|266
|gametype|singles
|gen|6
|tier|UU
|rated
|rule|Sleep Clause Mod: Limit one foe put to sleep
|rule|Species Clause: Limit one of each Pokemon
|rule|OHKO Clause: OHKO moves are banned
|rule|Moody Clause: Moody is banned
|rule|Evasion Moves Clause: Evasion moves are banned
|rule|Endless Battle Clause: Forcing endless battles is banned.
|rule|HP Percentage Mod: HP is reported as percentages
|clearpoke
|poke|p1|Crawdaunt, F
|poke|p1|Roserade, F
|poke|p1|Crobat, F
|poke|p1|Florges, F
|poke|p1|Mew
|poke|p1|Slowbro, F
|poke|p2|Metagross
|poke|p2|Tangrowth, F
|poke|p2|Victini
|poke|p2|Blastoise, F
|poke|p2|Heracross, F
|poke|p2|Florges, F
|teampreview
|
|start
|switch|p1a: Crobat|Crobat, F|311\/311
|switch|p2a: Victini|Victini|342\/342
|turn|1
|
|move|p2a: Victini|V-create|p1a: Crobat
|-damage|p1a: Crobat|0 fnt
|-unboost|p2a: Victini|def|1
|-unboost|p2a: Victini|spd|1
|-unboost|p2a: Victini|spe|1
|faint|p1a: Crobat
|
|
|switch|p1a: Crawdaunt|Crawdaunt, F|267\/267
|turn|2
|
|switch|p2a: Tangrowth|Tangrowth, F|404\/404
|move|p1a: Crawdaunt|Swords Dance|p1a: Crawdaunt
|-boost|p1a: Crawdaunt|atk|2
|
|turn|3
|
|move|p1a: Crawdaunt|Knock Off|p2a: Tangrowth
|-damage|p2a: Tangrowth|0 fnt
|-damage|p1a: Crawdaunt|241\/267|[from] item: Life Orb
|faint|p2a: Tangrowth
|
|
|switch|p2a: Blastoise|Blastoise, F|362\/362
|turn|4
|
|detailschange|p2a: Blastoise|Blastoise-Mega, F
|message|Blastoise has Mega Evolved into Mega Blastoise!
|move|p1a: Crawdaunt|Knock Off|p2a: Blastoise
|-damage|p2a: Blastoise|0 fnt
|-damage|p1a: Crawdaunt|215\/267|[from] item: Life Orb
|faint|p2a: Blastoise
|
|
|switch|p2a: Heracross|Heracross, F|302\/302
|turn|5
|
|move|p1a: Crawdaunt|Aqua Jet|p2a: Heracross
|-damage|p2a: Heracross|0 fnt
|-damage|p1a: Crawdaunt|189\/267|[from] item: Life Orb
|faint|p2a: Heracross
|
|-message|blankaking forfeited.
|
|win|Gordy Lifestyle
|raw|Ladder updating...
|raw|Gordy Lifestyle's rating: 1441 &rarr; <strong>1456<\/strong><br \/>(+15 for winning)
|raw|blankaking's rating: 1352 &rarr; <strong>1337<\/strong><br \/>(-15 for losing)
|leave|blankaking
|player|p2