|join|Gordy Lifestyle
|join|Auntik
|player|p1|Gordy Lifestyle|16
|player|p2|Auntik|289
|gametype|singles
|gen|6
|tier|UU
|rated
|rule|Sleep Clause Mod: Limit one foe put to sleep
|rule|Species Clause: Limit one of each Pokémon
|rule|OHKO Clause: OHKO moves are banned
|rule|Moody Clause: Moody is banned
|rule|Evasion Moves Clause: Evasion moves are banned
|rule|Endless Battle Clause: Forcing endless battles is banned
|rule|HP Percentage Mod: HP is shown in percentages
|clearpoke
|poke|p1|Vaporeon, F
|poke|p1|Forretress, M, shiny
|poke|p1|Dugtrio, M
|poke|p1|Togekiss, F, shiny
|poke|p1|Hydreigon, F
|poke|p1|Raikou, shiny
|poke|p2|Absol, F
|poke|p2|Togekiss, F
|poke|p2|Jirachi
|poke|p2|Nidoqueen, F
|poke|p2|Rotom-Heat
|poke|p2|Lucario, M
|rule|Swagger Clause: Swagger is banned
|rule|Baton Pass Clause: Limit one Pokémon knowing Baton Pass
|teampreview
|
|start
|switch|p1a: Thundercat|Raikou, shiny|321\/321
|switch|p2a: Momma|Nidoqueen, F|352\/352
|-ability|p1a: Thundercat|Pressure
|turn|1
|
|move|p1a: Thundercat|Extrasensory|p2a: Momma
|-supereffective|p2a: Momma
|-damage|p2a: Momma|124\/352
|move|p2a: Momma|Stealth Rock|p1a: Thundercat
|-sidestart|p1: Gordy Lifestyle|move: Stealth Rock
|
|turn|2
|
|switch|p2a: Shinigami|Absol, F|271\/271
|-ability|p2a: Shinigami|Pressure
|move|p1a: Thundercat|Extrasensory|p2a: Shinigami
|-immune|p2a: Shinigami|[msg]
|
|turn|3
|
|detailschange|p2a: Shinigami|Absol-Mega, F
|message|Absol has Mega Evolved into Mega Absol!
|move|p2a: Shinigami|Pursuit|p1a: Thundercat|[from]Pursuit
|-damage|p1a: Thundercat|128\/321
|switch|p1a: Walnut|Forretress, M, shiny|353\/353
|-damage|p1a: Walnut|309\/353|[from] Stealth Rock
|
|-heal|p1a: Walnut|331\/353|[from] item: Leftovers
|turn|4
|
|move|p2a: Shinigami|Knock Off|p1a: Walnut
|-damage|p1a: Walnut|213\/353
|-enditem|p1a: Walnut|Leftovers|[from] move: Knock Off|[of] p2a: Shinigami
|move|p1a: Walnut|Rapid Spin|p2a: Shinigami
|-damage|p2a: Shinigami|249\/271
|-sideend|p1: Gordy Lifestyle|Stealth Rock|[from] move: Rapid Spin|[of] p1a: Walnut
|
|turn|5
|
|switch|p2a: Raise The Roof|Rotom-Heat|303\/303
|move|p1a: Walnut|Gyro Ball|p2a: Raise The Roof
|-resisted|p2a: Raise The Roof
|-damage|p2a: Raise The Roof|287\/303
|
|turn|6
|
|switch|p1a: Hydreigon|Hydreigon, F|325\/325
|move|p2a: Raise The Roof|Will-O-Wisp|p1a: Hydreigon
|-status|p1a: Hydreigon|brn
|
|-damage|p1a: Hydreigon|285\/325 brn|[from] brn
|turn|7
|
|switch|p2a: Maleficent|Togekiss, F|373\/373
|move|p1a: Hydreigon|U-turn|p2a: Maleficent
|-resisted|p2a: Maleficent
|-damage|p2a: Maleficent|368\/373
|
|switch|p1a: Thundercat|Raikou, shiny|128\/321
|-ability|p1a: Thundercat|Pressure
|
|-heal|p2a: Maleficent|373\/373|[from] item: Leftovers
|turn|8
|
|move|p1a: Thundercat|Volt Switch|p2a: Maleficent
|-crit|p2a: Maleficent
|-supereffective|p2a: Maleficent
|-damage|p2a: Maleficent|27\/373
|
|switch|p1a: Scrambled|Togekiss, F, shiny|351\/351
|move|p2a: Maleficent|Roost|p2a: Maleficent
|-heal|p2a: Maleficent|214\/373
|
|-heal|p2a: Maleficent|237\/373|[from] item: Leftovers
|turn|9
|
|switch|p2a: Raise The Roof|Rotom-Heat|287\/303
|move|p1a: Scrambled|Air Slash|p2a: Raise The Roof
|-resisted|p2a: Raise The Roof
|-damage|p2a: Raise The Roof|251\/303
|
|turn|10
|
|move|p1a: Scrambled|Air Slash|p2a: Raise The Roof
|-resisted|p2a: Raise The Roof
|-damage|p2a: Raise The Roof|215\/303
|move|p2a: Raise The Roof|Volt Switch|p1a: Scrambled
|-supereffective|p1a: Scrambled
|-damage|p1a: Scrambled|189\/351
|
|switch|p2a: Oracle|Jirachi|341\/341
|
|-heal|p1a: Scrambled|210\/351|[from] item: Leftovers
|turn|11
|
|switch|p1a: Walnut|Forretress, M, shiny|213\/353
|move|p2a: Oracle|U-turn|p1a: Walnut
|-resisted|p1a: Walnut
|-damage|p1a: Walnut|194\/353
|
|switch|p2a: Raise The Roof|Rotom-Heat|215\/303
|
|turn|12
|
|switch|p1a: 3 Little Dicklets|Dugtrio, M|211\/211
|move|p2a: Raise The Roof|Overheat|p1a: 3 Little Dicklets
|-damage|p1a: 3 Little Dicklets|16\/211
|-unboost|p2a: Raise The Roof|spa|2
|
|turn|13
|
|switch|p2a: Oracle|Jirachi|341\/341
|move|p1a: 3 Little Dicklets|Stone Edge|p2a: Oracle
|-resisted|p2a: Oracle
|-damage|p2a: Oracle|279\/341
|
|turn|14
|
|switch|p1a: Walnut|Forretress, M, shiny|194\/353
|move|p2a: Oracle|U-turn|p1a: Walnut
|-resisted|p1a: Walnut
|-damage|p1a: Walnut|174\/353
|
|switch|p2a: Auron|Lucario, M|282\/282
|
|turn|15
|
|move|p2a: Auron|Swords Dance|p2a: Auron
|-boost|p2a: Auron|atk|2
|move|p1a: Walnut|Volt Switch|p2a: Auron
|-damage|p2a: Auron|232\/282
|
|switch|p1a: Scrambled|Togekiss, F, shiny|210\/351
|
|-heal|p1a: Scrambled|231\/351|[from] item: Leftovers
|turn|16
|
|switch|p2a: Raise The Roof|Rotom-Heat|215\/303
|move|p1a: Scrambled|Air Slash|p2a: Raise The Roof
|-resisted|p2a: Raise The Roof
|-damage|p2a: Raise The Roof|176\/303
|
|-heal|p1a: Scrambled|252\/351|[from] item: Leftovers
|turn|17
|
|move|p1a: Scrambled|Roost|p1a: Scrambled
|-heal|p1a: Scrambled|351\/351
|move|p2a: Raise The Roof|Will-O-Wisp|p1a: Scrambled
|-status|p1a: Scrambled|brn
|
|-damage|p1a: Scrambled|308\/351 brn|[from] brn
|turn|18
|
|move|p1a: Scrambled|Heal Bell|p1a: Scrambled
|-cureteam|p1a: Scrambled|[from] move: HealBell
|move|p2a: Raise The Roof|Pain Split|p1a: Scrambled
|-sethp|p1a: Scrambled|242\/351|p2a: Raise The Roof|242\/303|[from] move: Pain Split
|
|-heal|p1a: Scrambled|263\/351|[from] item: Leftovers
|turn|19
|
|move|p1a: Scrambled|Air Slash|p2a: Raise The Roof
|-resisted|p2a: Raise The Roof
|-damage|p2a: Raise The Roof|209\/303
|move|p2a: Raise The Roof|Volt Switch|p1a: Scrambled
|-supereffective|p1a: Scrambled
|-damage|p1a: Scrambled|99\/351
|
|switch|p2a: Oracle|Jirachi|279\/341
|
|-heal|p1a: Scrambled|120\/351|[from] item: Leftovers
|turn|20
|
|switch|p1a: Ariel|Vaporeon, F|451\/451
|move|p2a: Oracle|Iron Head|p1a: Ariel
|-resisted|p1a: Ariel
|-damage|p1a: Ariel|386\/451
|
|-heal|p1a: Ariel|414\/451|[from] item: Leftovers
|turn|21
|
|switch|p2a: Maleficent|Togekiss, F|237\/373
|move|p1a: Ariel|Wish|p1a: Ariel
|
|-heal|p2a: Maleficent|260\/373|[from] item: Leftovers
|-heal|p1a: Ariel|442\/451|[from] item: Leftovers
|turn|22
|
|switch|p1a: Thundercat|Raikou, shiny|128\/321
|-ability|p1a: Thundercat|Pressure
|move|p2a: Maleficent|Dazzling Gleam|p1a: Thundercat
|-damage|p1a: Thundercat|8\/321
|
|-heal|p1a: Thundercat|233\/321|[from] move: Wish|[wisher] Ariel
|-heal|p2a: Maleficent|283\/373|[from] item: Leftovers
|turn|23
|
|switch|p2a: Raise The Roof|Rotom-Heat|209\/303
|move|p1a: Thundercat|Volt Switch|p2a: Raise The Roof
|-resisted|p2a: Raise The Roof
|-damage|p2a: Raise The Roof|170\/303
|
|switch|p1a: Hydreigon|Hydreigon, F|285\/325
|
|turn|24
|
|switch|p2a: Maleficent|Togekiss, F|283\/373
|move|p1a: Hydreigon|Draco Meteor|p2a: Maleficent
|-immune|p2a: Maleficent|[msg]
|
|-heal|p2a: Maleficent|306\/373|[from] item: Leftovers
|turn|25
|
|switch|p1a: Thundercat|Raikou, shiny|233\/321
|-ability|p1a: Thundercat|Pressure
|switch|p2a: Auron|Lucario, M|232\/282
|
|turn|26
|
|switch|p2a: Momma|Nidoqueen, F|124\/352
|move|p1a: Thundercat|Volt Switch|p2a: Momma
|-immune|p2a: Momma|[msg]
|
|turn|27
|
|move|p1a: Thundercat|Extrasensory|p2a: Momma
|-supereffective|p2a: Momma
|-damage|p2a: Momma|0 fnt
|faint|p2a: Momma
|
|
|switch|p2a: Shinigami|Absol-Mega, F|249\/271
|turn|28
|
|move|p2a: Shinigami|Knock Off|p1a: Thundercat
|-damage|p1a: Thundercat|0 fnt
|-enditem|p1a: Thundercat|Expert Belt|[from] move: Knock Off|[of] p2a: Shinigami
|faint|p1a: Thundercat
|
|
|switch|p1a: Ariel|Vaporeon, F|442\/451
|turn|29
|
|move|p2a: Shinigami|Knock Off|p1a: Ariel
|-damage|p1a: Ariel|229\/451
|-enditem|p1a: Ariel|Leftovers|[from] move: Knock Off|[of] p2a: Shinigami
|move|p1a: Ariel|Wish|p1a: Ariel
|
|turn|30
|
|switch|p2a: Raise The Roof|Rotom-Heat|170\/303
|move|p1a: Ariel|Scald|p2a: Raise The Roof
|-supereffective|p2a: Raise The Roof
|-damage|p2a: Raise The Roof|30\/303
|
|-heal|p1a: Ariel|451\/451|[from] move: Wish|[wisher] Ariel
|turn|31
|
|move|p2a: Raise The Roof|Volt Switch|p1a: Ariel
|-supereffective|p1a: Ariel
|-damage|p1a: Ariel|295\/451
|join|Pharrell
|
|switch|p2a: Oracle|Jirachi|279\/341
|move|p1a: Ariel|Scald|p2a: Oracle
|-damage|p2a: Oracle|173\/341
|
|turn|32
|
|move|p1a: Ariel|Protect|p1a: Ariel
|-singleturn|p1a: Ariel|Protect
|move|p2a: Oracle|Trick|p1a: Ariel
|-activate|p1a: Ariel|Protect
|
|turn|33
|
|switch|p2a: Maleficent|Togekiss, F|306\/373
|switch|p1a: Hydreigon|Hydreigon, F|285\/325
|
|-heal|p2a: Maleficent|329\/373|[from] item: Leftovers
|turn|34
|
|switch|p2a: Auron|Lucario, M|232\/282
|move|p1a: Hydreigon|U-turn|p2a: Auron
|-crit|p2a: Auron
|-resisted|p2a: Auron
|-damage|p2a: Auron|207\/282
|
|switch|p1a: Ariel|Vaporeon, F|295\/451
|
|turn|35
|
|move|p2a: Auron|Close Combat|p1a: Ariel
|-damage|p1a: Ariel|10\/451
|-unboost|p2a: Auron|def|1
|-unboost|p2a: Auron|spd|1
|-damage|p2a: Auron|179\/282|[from] item: Life Orb
|move|p1a: Ariel|Scald|p2a: Auron
|-damage|p2a: Auron|0 fnt
|faint|p2a: Auron
|
|
|switch|p2a: Shinigami|Absol-Mega, F|249\/271
|turn|36
|
|move|p2a: Shinigami|Pursuit|p1a: Ariel
|-damage|p1a: Ariel|0 fnt
|faint|p1a: Ariel
|
|
|switch|p1a: Hydreigon|Hydreigon, F|285\/325
|turn|37
|
|switch|p2a: Maleficent|Togekiss, F|329\/373
|move|p1a: Hydreigon|Fire Blast|p2a: Maleficent
|-damage|p2a: Maleficent|209\/373
|
|-heal|p2a: Maleficent|232\/373|[from] item: Leftovers
|turn|38
|
|switch|p1a: 3 Little Dicklets|Dugtrio, M|16\/211
|move|p2a: Maleficent|Dazzling Gleam|p1a: 3 Little Dicklets
|-damage|p1a: 3 Little Dicklets|0 fnt
|faint|p1a: 3 Little Dicklets
|
|-heal|p2a: Maleficent|255\/373|[from] item: Leftovers
|
|switch|p1a: Scrambled|Togekiss, F, shiny|120\/351
|turn|39
|
|move|p1a: Scrambled|Roost|p1a: Scrambled
|-heal|p1a: Scrambled|296\/351
|move|p2a: Maleficent|Dazzling Gleam|p1a: Scrambled
|-damage|p1a: Scrambled|194\/351
|
|-heal|p1a: Scrambled|215\/351|[from] item: Leftovers
|-heal|p2a: Maleficent|278\/373|[from] item: Leftovers
|turn|40
|
|switch|p2a: Oracle|Jirachi|173\/341
|move|p1a: Scrambled|Air Slash|p2a: Oracle
|-resisted|p2a: Oracle
|-damage|p2a: Oracle|117\/341
|
|-heal|p1a: Scrambled|236\/351|[from] item: Leftovers
|turn|41
|
|switch|p1a: Walnut|Forretress, M, shiny|174\/353
|move|p2a: Oracle|Iron Head|p1a: Walnut
|-resisted|p1a: Walnut
|-damage|p1a: Walnut|138\/353
|
|turn|42
|
|switch|p2a: Maleficent|Togekiss, F|278\/373
|move|p1a: Walnut|Volt Switch|p2a: Maleficent
|-supereffective|p2a: Maleficent
|-damage|p2a: Maleficent|216\/373
|
|switch|p1a: Scrambled|Togekiss, F, shiny|236\/351
|
|-heal|p1a: Scrambled|257\/351|[from] item: Leftovers
|-heal|p2a: Maleficent|239\/373|[from] item: Leftovers
|turn|43
|
|move|p1a: Scrambled|Air Slash|p2a: Maleficent
|-damage|p2a: Maleficent|140\/373
|move|p2a: Maleficent|Roost|p2a: Maleficent
|-heal|p2a: Maleficent|327\/373
|
|-heal|p1a: Scrambled|278\/351|[from] item: Leftovers
|-heal|p2a: Maleficent|350\/373|[from] item: Leftovers
|turn|44
|join|ninetynineflake
|
|move|p1a: Scrambled|Air Slash|p2a: Maleficent
|-crit|p2a: Maleficent
|-damage|p2a: Maleficent|217\/373
|move|p2a: Maleficent|Dazzling Gleam|p1a: Scrambled
|-damage|p1a: Scrambled|187\/351
|
|-heal|p1a: Scrambled|208\/351|[from] item: Leftovers
|-heal|p2a: Maleficent|240\/373|[from] item: Leftovers
|turn|45
|
|move|p1a: Scrambled|Air Slash|p2a: Maleficent
|-damage|p2a: Maleficent|140\/373
|cant|p2a: Maleficent|flinch
|
|-heal|p1a: Scrambled|229\/351|[from] item: Leftovers
|-heal|p2a: Maleficent|163\/373|[from] item: Leftovers
|turn|46
|
|switch|p2a: Oracle|Jirachi|117\/341
|move|p1a: Scrambled|Air Slash|p2a: Oracle
|-resisted|p2a: Oracle
|-damage|p2a: Oracle|63\/341
|
|-heal|p1a: Scrambled|250\/351|[from] item: Leftovers
|turn|47
|
|move|p2a: Oracle|U-turn|p1a: Scrambled
|-resisted|p1a: Scrambled
|-damage|p1a: Scrambled|238\/351
|leave|ninetynineflake
|
|switch|p2a: Raise The Roof|Rotom-Heat|30\/303
|move|p1a: Scrambled|Air Slash|p2a: Raise The Roof
|-crit|p2a: Raise The Roof
|-resisted|p2a: Raise The Roof
|-damage|p2a: Raise The Roof|0 fnt
|faint|p2a: Raise The Roof
|
|-heal|p1a: Scrambled|259\/351|[from] item: Leftovers
|
|switch|p2a: Oracle|Jirachi|63\/341
|turn|48
|
|switch|p1a: Walnut|Forretress, M, shiny|138\/353
|move|p2a: Oracle|Iron Head|p1a: Walnut
|-resisted|p1a: Walnut
|-damage|p1a: Walnut|105\/353
|
|turn|49
|
|move|p2a: Oracle|Iron Head|p1a: Walnut
|-resisted|p1a: Walnut
|-damage|p1a: Walnut|69\/353
|cant|p1a: Walnut|flinch
|
|turn|50
|join|ninetynineflake
|
|move|p2a: Oracle|Iron Head|p1a: Walnut
|-resisted|p1a: Walnut
|-damage|p1a: Walnut|36\/353
|cant|p1a: Walnut|flinch
|
|turn|51
|
|move|p2a: Oracle|Iron Head|p1a: Walnut
|-resisted|p1a: Walnut
|-damage|p1a: Walnut|3\/353
|cant|p1a: Walnut|flinch
|
|turn|52
|
|move|p2a: Oracle|Iron Head|p1a: Walnut
|-resisted|p1a: Walnut
|-damage|p1a: Walnut|0 fnt
|faint|p1a: Walnut
|
|c|★Gordy Lifestyle|cool skill brah
|
|switch|p1a: Hydreigon|Hydreigon, F|285\/325
|turn|53
|c|★Auntik|thanks
|leave|ninetynineflake
|
|move|p2a: Oracle|Iron Head|p1a: Hydreigon
|-damage|p1a: Hydreigon|158\/325
|cant|p1a: Hydreigon|flinch
|
|turn|54
|
|move|p2a: Oracle|Iron Head|p1a: Hydreigon
|-damage|p1a: Hydreigon|35\/325
|move|p1a: Hydreigon|Fire Blast|p2a: Oracle
|-supereffective|p2a: Oracle
|-damage|p2a: Oracle|0 fnt
|faint|p2a: Oracle
|
|
|switch|p2a: Shinigami|Absol-Mega, F|249\/271
|turn|55
|
|switch|p1a: Scrambled|Togekiss, F, shiny|259\/351
|move|p2a: Shinigami|Sucker Punch|p1a: Scrambled
|-fail|p1a: Scrambled
|
|-heal|p1a: Scrambled|280\/351|[from] item: Leftovers
|turn|56
|
|move|p2a: Shinigami|Knock Off|p1a: Scrambled
|-resisted|p1a: Scrambled
|-damage|p1a: Scrambled|208\/351
|-enditem|p1a: Scrambled|Leftovers|[from] move: Knock Off|[of] p2a: Shinigami
|move|p1a: Scrambled|Nasty Plot|p1a: Scrambled
|-boost|p1a: Scrambled|spa|2
|
|turn|57
|join|ninetynineflake
|c|★Auntik|gg :[
|-message|Auntik forfeited.
|
|win|Gordy Lifestyle
|raw|Ladder updating...
|leave|Auntik
|player|p2
|c|★Gordy Lifestyle|gg
|raw|Gordy Lifestyle's rating: 1552 &rarr; <strong>1565<\/strong><br \/>(+13 for winning)
|raw|Auntik's rating: 1424 &rarr; <strong>1411<\/strong><br \/>(-13 for losing)
|leave|ninetynineflake