|join|Sandwich M8
|join|Gordy Lifestyle
|player|p1|Sandwich M8|23
|player|p2|Gordy Lifestyle|173
|gametype|singles
|gen|6
|tier|UU
|rated
|rule|Sleep Clause Mod: Limit one foe put to sleep
|rule|Species Clause: Limit one of each Pokémon
|rule|OHKO Clause: OHKO moves are banned
|rule|Moody Clause: Moody is banned
|rule|Evasion Moves Clause: Evasion moves are banned
|rule|Endless Battle Clause: Forcing endless battles is banned
|rule|HP Percentage Mod: HP is shown in percentages
|clearpoke
|poke|p1|Espeon, M
|poke|p1|Hydreigon, M
|poke|p1|Rotom-Heat
|poke|p1|Lucario, M
|poke|p1|Swampert, M
|poke|p1|Jirachi
|poke|p2|Infernape, F
|poke|p2|Aerodactyl, M
|poke|p2|Chesnaught, F
|poke|p2|Vaporeon, F
|poke|p2|Forretress, M, shiny
|poke|p2|Hydreigon, M
|rule|Swagger Clause: Swagger is banned
|rule|Baton Pass Clause: Limit one Pokémon knowing Baton Pass
|teampreview
|
|start
|switch|p1a: Easy Bake|Rotom-Heat|241\/241
|switch|p2a: Chesnaughtyinbed|Chesnaught, F|380\/380
|turn|1
|
|move|p2a: Chesnaughtyinbed|Spiky Shield|p2a: Chesnaughtyinbed
|-singleturn|p2a: Chesnaughtyinbed|move: Protect
|move|p1a: Easy Bake|Overheat|p2a: Chesnaughtyinbed
|-activate|p2a: Chesnaughtyinbed|move: Protect
|
|turn|2
|
|move|p1a: Easy Bake|Overheat|p2a: Chesnaughtyinbed
|-supereffective|p2a: Chesnaughtyinbed
|-damage|p2a: Chesnaughtyinbed|0 fnt
|-unboost|p1a: Easy Bake|spa|2
|faint|p2a: Chesnaughtyinbed
|
|
|switch|p2a: Petrie|Aerodactyl, M|321\/321
|turn|3
|c|★Sandwich M8|best nickname
|
|detailschange|p2a: Petrie|Aerodactyl-Mega, M
|-mega|p2a: Petrie|Aerodactyl|Aerodactylite
|move|p2a: Petrie|Pursuit|p1a: Easy Bake|[from]Pursuit
|-damage|p1a: Easy Bake|98\/241
|switch|p1a: Steroid|Swampert, M|341\/341
|
|turn|4
|
|detailschange|p1a: Steroid|Swampert-Mega, M
|-mega|p1a: Steroid|Swampert|Swampertite
|move|p2a: Petrie|Taunt|p1a: Steroid
|-start|p1a: Steroid|move: Taunt
|cant|p1a: Steroid|move: Taunt|Rain Dance
|
|turn|5
|
|switch|p2a: Hydreigon|Hydreigon, M|325\/325
|move|p1a: Steroid|Ice Punch|p2a: Hydreigon
|-supereffective|p2a: Hydreigon
|-damage|p2a: Hydreigon|81\/325
|
|turn|6
|
|move|p2a: Hydreigon|Draco Meteor|p1a: Steroid
|-damage|p1a: Steroid|137\/341
|-unboost|p2a: Hydreigon|spa|2
|move|p1a: Steroid|Ice Punch|p2a: Hydreigon
|-supereffective|p2a: Hydreigon
|-damage|p2a: Hydreigon|0 fnt
|faint|p2a: Hydreigon
|
|-end|p1a: Steroid|move: Taunt
|
|switch|p2a: Ariel|Vaporeon, F|451\/451
|turn|7
|
|switch|p1a: King Black Dragon|Hydreigon, M|325\/325
|move|p2a: Ariel|Scald|p1a: King Black Dragon
|-resisted|p1a: King Black Dragon
|-damage|p1a: King Black Dragon|269\/325
|
|turn|8
|
|move|p1a: King Black Dragon|Draco Meteor|p2a: Ariel
|-damage|p2a: Ariel|148\/451
|-unboost|p1a: King Black Dragon|spa|2
|move|p2a: Ariel|Wish|p2a: Ariel
|
|-heal|p2a: Ariel|176\/451|[from] item: Leftovers
|turn|9
|
|move|p1a: King Black Dragon|Draco Meteor|p2a: Ariel
|-damage|p2a: Ariel|28\/451
|-unboost|p1a: King Black Dragon|spa|2
|move|p2a: Ariel|Scald|p1a: King Black Dragon
|-resisted|p1a: King Black Dragon
|-damage|p1a: King Black Dragon|213\/325
|
|-heal|p2a: Ariel|253\/451|[from] move: Wish|[wisher] Ariel
|-heal|p2a: Ariel|281\/451|[from] item: Leftovers
|turn|10
|
|switch|p1a: Easy Bake|Rotom-Heat|98\/241
|move|p2a: Ariel|Scald|p1a: Easy Bake
|-supereffective|p1a: Easy Bake
|-damage|p1a: Easy Bake|0 fnt
|faint|p1a: Easy Bake
|
|-heal|p2a: Ariel|309\/451|[from] item: Leftovers
|
|switch|p1a: Furry Bait|Lucario, M|281\/281
|turn|11
|
|switch|p2a: Petrie|Aerodactyl-Mega, M|321\/321
|move|p1a: Furry Bait|Swords Dance|p1a: Furry Bait
|-boost|p1a: Furry Bait|atk|2
|
|turn|12
|
|move|p2a: Petrie|Aerial Ace|p1a: Furry Bait
|-damage|p1a: Furry Bait|70\/281
|move|p1a: Furry Bait|Close Combat|p2a: Petrie
|-damage|p2a: Petrie|0 fnt
|-unboost|p1a: Furry Bait|def|1
|-unboost|p1a: Furry Bait|spd|1
|-damage|p1a: Furry Bait|42\/281|[from] item: Life Orb
|faint|p2a: Petrie
|
|
|switch|p2a: Walnut|Forretress, M, shiny|354\/354
|turn|13
|
|move|p1a: Furry Bait|Close Combat|p2a: Walnut
|-damage|p2a: Walnut|76\/354
|-unboost|p1a: Furry Bait|def|1
|-unboost|p1a: Furry Bait|spd|1
|-damage|p1a: Furry Bait|14\/281|[from] item: Life Orb
|move|p2a: Walnut|Stealth Rock|p1a: Furry Bait
|-sidestart|p1: Sandwich M8|move: Stealth Rock
|
|-heal|p2a: Walnut|98\/354|[from] item: Leftovers
|turn|14
|
|move|p1a: Furry Bait|Close Combat|p2a: Walnut
|-damage|p2a: Walnut|0 fnt
|-unboost|p1a: Furry Bait|def|1
|-unboost|p1a: Furry Bait|spd|1
|-damage|p1a: Furry Bait|0 fnt|[from] item: Life Orb
|faint|p2a: Walnut
|faint|p1a: Furry Bait
|
|
|switch|p1a: Mirror|Espeon, M|271\/271
|switch|p2a: Ariel|Vaporeon, F|309\/451
|-damage|p1a: Mirror|238\/271|[from] Stealth Rock
|turn|15
|
|move|p1a: Mirror|Psychic|p2a: Ariel
|-damage|p2a: Ariel|138\/451
|move|p2a: Ariel|Wish|p2a: Ariel
|
|-heal|p1a: Mirror|254\/271|[from] item: Leftovers
|-heal|p2a: Ariel|166\/451|[from] item: Leftovers
|turn|16
|
|move|p2a: Ariel|Protect|p2a: Ariel
|-singleturn|p2a: Ariel|Protect
|move|p1a: Mirror|Psychic|p2a: Ariel
|-activate|p2a: Ariel|Protect
|
|-heal|p2a: Ariel|391\/451|[from] move: Wish|[wisher] Ariel
|-heal|p1a: Mirror|270\/271|[from] item: Leftovers
|-heal|p2a: Ariel|419\/451|[from] item: Leftovers
|turn|17
|
|switch|p1a: Flinchy|Jirachi|342\/342
|-damage|p1a: Flinchy|321\/342|[from] Stealth Rock
|move|p2a: Ariel|Scald|p1a: Flinchy
|-damage|p1a: Flinchy|227\/342
|-status|p1a: Flinchy|brn
|
|-heal|p2a: Ariel|447\/451|[from] item: Leftovers
|-damage|p1a: Flinchy|185\/342 brn|[from] brn
|turn|18
|
|move|p2a: Ariel|Protect|p2a: Ariel
|-singleturn|p2a: Ariel|Protect
|move|p1a: Flinchy|Thunder|p2a: Ariel
|-activate|p2a: Ariel|Protect
|
|-heal|p2a: Ariel|451\/451|[from] item: Leftovers
|-damage|p1a: Flinchy|143\/342 brn|[from] brn
|turn|19
|
|move|p1a: Flinchy|Thunder|p2a: Ariel
|-supereffective|p2a: Ariel
|-damage|p2a: Ariel|305\/451
|-status|p2a: Ariel|par
|move|p2a: Ariel|Wish|p2a: Ariel
|
|-heal|p2a: Ariel|333\/451 par|[from] item: Leftovers
|-damage|p1a: Flinchy|101\/342 brn|[from] brn
|turn|20
|
|move|p1a: Flinchy|Thunder|p2a: Ariel
|-supereffective|p2a: Ariel
|-damage|p2a: Ariel|181\/451 par
|move|p2a: Ariel|Scald|p1a: Flinchy
|-damage|p1a: Flinchy|1\/342 brn
|
|-heal|p2a: Ariel|406\/451 par|[from] move: Wish|[wisher] Ariel
|-heal|p2a: Ariel|434\/451 par|[from] item: Leftovers
|-damage|p1a: Flinchy|0 fnt|[from] brn
|faint|p1a: Flinchy
|
|switch|p1a: Mirror|Espeon, M|270\/271
|-damage|p1a: Mirror|237\/271|[from] Stealth Rock
|turn|21
|
|move|p1a: Mirror|Future Sight|p2a: Ariel
|-start|p1a: Mirror|move: Future Sight
|cant|p2a: Ariel|par
|
|-heal|p1a: Mirror|253\/271|[from] item: Leftovers
|-heal|p2a: Ariel|451\/451 par|[from] item: Leftovers
|turn|22
|
|move|p1a: Mirror|Future Sight|p2a: Ariel
|-fail|p2a: Ariel
|cant|p2a: Ariel|par
|
|-heal|p1a: Mirror|269\/271|[from] item: Leftovers
|turn|23
|
|move|p1a: Mirror|Psychic|p2a: Ariel
|-damage|p2a: Ariel|280\/451 par
|move|p2a: Ariel|Wish|p2a: Ariel
|
|-end|p2a: Ariel|move: Future Sight
|-damage|p2a: Ariel|76\/451 par
|-heal|p1a: Mirror|271\/271|[from] item: Leftovers
|-heal|p2a: Ariel|104\/451 par|[from] item: Leftovers
|turn|24
|
|move|p2a: Ariel|Protect|p2a: Ariel
|-singleturn|p2a: Ariel|Protect
|move|p1a: Mirror|Future Sight|p2a: Ariel
|-start|p1a: Mirror|move: Future Sight
|
|-heal|p2a: Ariel|329\/451 par|[from] move: Wish|[wisher] Ariel
|-heal|p2a: Ariel|357\/451 par|[from] item: Leftovers
|turn|25
|
|move|p1a: Mirror|Psychic|p2a: Ariel
|-damage|p2a: Ariel|203\/451 par
|move|p2a: Ariel|Wish|p2a: Ariel
|
|-heal|p2a: Ariel|231\/451 par|[from] item: Leftovers
|turn|26
|
|move|p2a: Ariel|Protect|p2a: Ariel
|-singleturn|p2a: Ariel|Protect
|move|p1a: Mirror|Psychic|p2a: Ariel
|-activate|p2a: Ariel|Protect
|
|-end|p2a: Ariel|move: Future Sight
|-damage|p2a: Ariel|14\/451 par
|-heal|p2a: Ariel|239\/451 par|[from] move: Wish|[wisher] Ariel
|-heal|p2a: Ariel|267\/451 par|[from] item: Leftovers
|turn|27
|
|move|p1a: Mirror|Future Sight|p2a: Ariel
|-start|p1a: Mirror|move: Future Sight
|cant|p2a: Ariel|par
|
|-heal|p2a: Ariel|295\/451 par|[from] item: Leftovers
|turn|28
|
|move|p1a: Mirror|Psychic|p2a: Ariel
|-damage|p2a: Ariel|132\/451 par
|-unboost|p2a: Ariel|spd|1
|move|p2a: Ariel|Wish|p2a: Ariel
|
|-heal|p2a: Ariel|160\/451 par|[from] item: Leftovers
|turn|29
|
|move|p2a: Ariel|Protect|p2a: Ariel
|-singleturn|p2a: Ariel|Protect
|move|p1a: Mirror|Psychic|p2a: Ariel
|-activate|p2a: Ariel|Protect
|
|-end|p2a: Ariel|move: Future Sight
|-damage|p2a: Ariel|0 fnt
|faint|p2a: Ariel
|c|★Sandwich M8|you're so difficult :p
|c|★Gordy Lifestyle|i love losing to nothing but parahax
|
|switch|p2a: Infernape|Infernape, F|293\/293
|turn|30
|
|move|p2a: Infernape|Flare Blitz|p1a: Mirror
|-damage|p1a: Mirror|0 fnt
|-damage|p2a: Infernape|204\/293|[from] recoil|[of] p1a: Mirror
|-damage|p2a: Infernape|175\/293|[from] item: Life Orb
|faint|p1a: Mirror
|
|
|switch|p1a: Steroid|Swampert-Mega, M|137\/341
|-damage|p1a: Steroid|116\/341|[from] Stealth Rock
|turn|31
|
|move|p2a: Infernape|Close Combat|p1a: Steroid
|-damage|p1a: Steroid|0 fnt
|-unboost|p2a: Infernape|def|1
|-unboost|p2a: Infernape|spd|1
|-damage|p2a: Infernape|146\/293|[from] item: Life Orb
|faint|p1a: Steroid
|
|
|switch|p1a: King Black Dragon|Hydreigon, M|213\/325
|-damage|p1a: King Black Dragon|173\/325|[from] Stealth Rock
|turn|32
|c|★Sandwich M8|gg homie
|
|move|p2a: Infernape|Mach Punch|p1a: King Black Dragon
|-supereffective|p1a: King Black Dragon
|-damage|p1a: King Black Dragon|0 fnt
|-damage|p2a: Infernape|117\/293|[from] item: Life Orb
|faint|p1a: King Black Dragon
|
|win|Gordy Lifestyle
|raw|Ladder updating...
|raw|Sandwich M8's rating: 1407 &rarr; <strong>1391<\/strong><br \/>(-16 for losing)
|raw|Gordy Lifestyle's rating: 1484 &rarr; <strong>1500<\/strong><br \/>(+16 for winning)
|c|★Gordy Lifestyle|gg
|leave|Sandwich M8