|join|SocratesMLG
|join|Zobra11
|player|p1|SocratesMLG|291
|player|p2|Zobra11|288
|gametype|singles
|gen|6
|tier|UU
|rated
|rule|Sleep Clause Mod: Limit one foe put to sleep
|rule|Species Clause: Limit one of each Pokémon
|rule|OHKO Clause: OHKO moves are banned
|rule|Moody Clause: Moody is banned
|rule|Evasion Moves Clause: Evasion moves are banned
|rule|Endless Battle Clause: Forcing endless battles is banned
|rule|HP Percentage Mod: HP is shown in percentages
|clearpoke
|poke|p1|Alakazam, F
|poke|p1|Absol, F
|poke|p1|Jirachi
|poke|p1|Chesnaught, M
|poke|p1|Rotom-Heat
|poke|p1|Tentacruel, F
|poke|p2|Darmanitan, F
|poke|p2|Diancie
|poke|p2|Chesnaught, F
|poke|p2|Crobat, M
|poke|p2|Krookodile, M
|poke|p2|Starmie
|rule|Swagger Clause: Swagger is banned
|rule|Baton Pass Clause: Limit one Pokémon knowing Baton Pass
|teampreview
|c|★Zobra11|gl
|
|start
|switch|p1a: Jirachi|Jirachi|341\/341
|switch|p2a: Darmanitan|Darmanitan, F|351\/351
|turn|1
|c|★SocratesMLG|u2
|
|move|p1a: Jirachi|U-turn|p2a: Darmanitan
|-resisted|p2a: Darmanitan
|-damage|p2a: Darmanitan|301\/351
|
|switch|p1a: Rotom-Heat|Rotom-Heat|303\/303
|move|p2a: Darmanitan|Flare Blitz|p1a: Rotom-Heat
|-resisted|p1a: Rotom-Heat
|-damage|p1a: Rotom-Heat|157\/303
|-damage|p2a: Darmanitan|253\/351|[from] recoil|[of] p1a: Rotom-Heat
|
|-heal|p1a: Rotom-Heat|175\/303|[from] item: Leftovers
|turn|2
|
|switch|p2a: Krookodile|Krookodile, M|331\/331
|move|p1a: Rotom-Heat|Volt Switch|p2a: Krookodile
|-immune|p2a: Krookodile|[msg]
|
|-heal|p1a: Rotom-Heat|193\/303|[from] item: Leftovers
|turn|3
|
|move|p2a: Krookodile|Pursuit|p1a: Rotom-Heat|[from]Pursuit
|-damage|p1a: Rotom-Heat|45\/303
|switch|p1a: Chesnaught|Chesnaught, M|379\/379
|
|turn|4
|
|move|p2a: Krookodile|Taunt|p1a: Chesnaught
|-start|p1a: Chesnaught|move: Taunt
|cant|p1a: Chesnaught|move: Taunt|Spikes
|
|turn|5
|
|switch|p2a: Crobat|Crobat, M|311\/311
|switch|p1a: Jirachi|Jirachi|341\/341
|
|turn|6
|
|move|p1a: Jirachi|Ice Punch|p2a: Crobat
|-supereffective|p2a: Crobat
|-damage|p2a: Crobat|127\/311
|move|p2a: Crobat|U-turn|p1a: Jirachi
|-damage|p1a: Jirachi|279\/341
|
|switch|p2a: Darmanitan|Darmanitan, F|253\/351
|
|turn|7
|
|switch|p1a: Rotom-Heat|Rotom-Heat|45\/303
|move|p2a: Darmanitan|U-turn|p1a: Rotom-Heat
|-resisted|p1a: Rotom-Heat
|-damage|p1a: Rotom-Heat|0 fnt
|faint|p1a: Rotom-Heat
|
|switch|p2a: Diancie|Diancie|303\/303
|
|
|switch|p1a: Jirachi|Jirachi|279\/341
|turn|8
|
|switch|p2a: Chesnaught|Chesnaught, F|379\/379
|move|p1a: Jirachi|Iron Head|p2a: Chesnaught
|-damage|p2a: Chesnaught|307\/379
|
|-heal|p2a: Chesnaught|330\/379|[from] item: Leftovers
|turn|9
|
|switch|p1a: Alakazam|Alakazam, F|251\/251
|move|p2a: Chesnaught|Substitute|p2a: Chesnaught
|-start|p2a: Chesnaught|Substitute
|-damage|p2a: Chesnaught|236\/379
|
|-heal|p2a: Chesnaught|259\/379|[from] item: Leftovers
|turn|10
|
|switch|p1a: Chesnaught|Chesnaught, M|379\/379
|move|p2a: Chesnaught|Drain Punch|p1a: Chesnaught
|-damage|p1a: Chesnaught|318\/379
|-heal|p2a: Chesnaught|290\/379|[from] drain|[of] p1a: Chesnaught
|-damage|p2a: Chesnaught|227\/379|[from] item: Rocky Helmet|[of] p1a: Chesnaught
|
|-heal|p2a: Chesnaught|250\/379|[from] item: Leftovers
|turn|11
|
|switch|p2a: Crobat|Crobat, M|127\/311
|move|p1a: Chesnaught|Spiky Shield|p1a: Chesnaught
|-fail|p1a: Chesnaught
|
|turn|12
|
|switch|p1a: Jirachi|Jirachi|279\/341
|move|p2a: Crobat|Roost|p2a: Crobat
|-heal|p2a: Crobat|283\/311
|
|turn|13
|
|move|p1a: Jirachi|U-turn|p2a: Crobat
|-resisted|p2a: Crobat
|-damage|p2a: Crobat|263\/311
|
|switch|p1a: Tentacruel|Tentacruel, F|356\/356
|move|p2a: Crobat|U-turn|p1a: Tentacruel
|-resisted|p1a: Tentacruel
|-damage|p1a: Tentacruel|309\/356
|
|switch|p2a: Krookodile|Krookodile, M|331\/331
|
|-heal|p1a: Tentacruel|331\/356|[from] item: Black Sludge
|turn|14
|
|switch|p1a: Chesnaught|Chesnaught, M|318\/379
|move|p2a: Krookodile|Earthquake|p1a: Chesnaught
|-resisted|p1a: Chesnaught
|-damage|p1a: Chesnaught|264\/379
|
|turn|15
|
|move|p2a: Krookodile|Taunt|p1a: Chesnaught
|-start|p1a: Chesnaught|move: Taunt
|cant|p1a: Chesnaught|move: Taunt|Leech Seed
|
|turn|16
|
|move|p2a: Krookodile|Knock Off|p1a: Chesnaught
|-resisted|p1a: Chesnaught
|-damage|p1a: Chesnaught|206\/379
|-damage|p2a: Krookodile|276\/331|[from] item: Rocky Helmet|[of] p1a: Chesnaught
|-enditem|p1a: Chesnaught|Rocky Helmet|[from] move: Knock Off|[of] p2a: Krookodile
|move|p1a: Chesnaught|Wood Hammer|p2a: Krookodile
|-crit|p2a: Krookodile
|-supereffective|p2a: Krookodile
|-damage|p2a: Krookodile|0 fnt
|-damage|p1a: Chesnaught|115\/379|[from] recoil|[of] p2a: Krookodile
|faint|p2a: Krookodile
|
|c|★SocratesMLG|How does one fall for that twice lol
|
|switch|p2a: Crobat|Crobat, M|263\/311
|turn|17
|
|switch|p1a: Jirachi|Jirachi|279\/341
|move|p2a: Crobat|Brave Bird|p1a: Jirachi
|-resisted|p1a: Jirachi
|-damage|p1a: Jirachi|183\/341
|-damage|p2a: Crobat|231\/311|[from] recoil|[of] p1a: Jirachi
|
|turn|18
|c|★Zobra11|lel
|
|move|p1a: Jirachi|Iron Head|p2a: Crobat
|-damage|p2a: Crobat|93\/311
|cant|p2a: Crobat|flinch
|
|turn|19
|
|switch|p2a: Chesnaught|Chesnaught, F|250\/379
|move|p1a: Jirachi|Iron Head|p2a: Chesnaught
|-damage|p2a: Chesnaught|181\/379
|
|-heal|p2a: Chesnaught|204\/379|[from] item: Leftovers
|turn|20
|
|move|p1a: Jirachi|Iron Head|p2a: Chesnaught
|-damage|p2a: Chesnaught|135\/379
|cant|p2a: Chesnaught|flinch
|
|-heal|p2a: Chesnaught|158\/379|[from] item: Leftovers
|turn|21
|
|switch|p1a: Chesnaught|Chesnaught, M|115\/379
|move|p2a: Chesnaught|Spiky Shield|p2a: Chesnaught
|-fail|p2a: Chesnaught
|
|-heal|p2a: Chesnaught|181\/379|[from] item: Leftovers
|turn|22
|c|★SocratesMLG|this team needs rocks
|
|move|p1a: Chesnaught|Leech Seed|p2a: Chesnaught
|-immune|p2a: Chesnaught|[msg]
|move|p2a: Chesnaught|Drain Punch|p1a: Chesnaught
|-damage|p1a: Chesnaught|55\/379
|-heal|p2a: Chesnaught|211\/379|[from] drain|[of] p1a: Chesnaught
|
|-heal|p2a: Chesnaught|234\/379|[from] item: Leftovers
|turn|23
|
|move|p1a: Chesnaught|Spiky Shield|p1a: Chesnaught
|-singleturn|p1a: Chesnaught|move: Protect
|move|p2a: Chesnaught|Drain Punch|p1a: Chesnaught
|-activate|p1a: Chesnaught|move: Protect
|-damage|p2a: Chesnaught|187\/379|[from] Spiky Shield|[of] p1a: Chesnaught
|
|-heal|p2a: Chesnaught|210\/379|[from] item: Leftovers
|turn|24
|
|move|p2a: Chesnaught|Drain Punch|p1a: Chesnaught
|-damage|p1a: Chesnaught|0 fnt
|-heal|p2a: Chesnaught|238\/379|[from] drain|[of] p1a: Chesnaught
|faint|p1a: Chesnaught
|
|-heal|p2a: Chesnaught|261\/379|[from] item: Leftovers
|
|switch|p1a: Alakazam|Alakazam, F|251\/251
|turn|25
|
|move|p2a: Chesnaught|Spiky Shield|p2a: Chesnaught
|-singleturn|p2a: Chesnaught|move: Protect
|move|p1a: Alakazam|Dazzling Gleam|p2a: Chesnaught
|-activate|p2a: Chesnaught|move: Protect
|
|-heal|p2a: Chesnaught|284\/379|[from] item: Leftovers
|turn|26
|
|switch|p2a: Darmanitan|Darmanitan, F|253\/351
|move|p1a: Alakazam|Dazzling Gleam|p2a: Darmanitan
|-resisted|p2a: Darmanitan
|-damage|p2a: Darmanitan|177\/351
|
|turn|27
|
|switch|p1a: Tentacruel|Tentacruel, F|331\/356
|move|p2a: Darmanitan|U-turn|p1a: Tentacruel
|-resisted|p1a: Tentacruel
|-damage|p1a: Tentacruel|258\/356
|
|switch|p2a: Diancie|Diancie|303\/303
|
|-heal|p1a: Tentacruel|280\/356|[from] item: Black Sludge
|turn|28
|c|★SocratesMLG|Didnt have the balls to click another move, haha
|
|move|p1a: Tentacruel|Scald|p2a: Diancie
|-supereffective|p2a: Diancie
|-damage|p2a: Diancie|213\/303
|move|p2a: Diancie|Stealth Rock|p1a: Tentacruel
|-sidestart|p1: SocratesMLG|move: Stealth Rock
|
|-heal|p1a: Tentacruel|302\/356|[from] item: Black Sludge
|-heal|p2a: Diancie|231\/303|[from] item: Leftovers
|turn|29
|
|move|p1a: Tentacruel|Scald|p2a: Diancie
|-supereffective|p2a: Diancie
|-damage|p2a: Diancie|147\/303
|move|p2a: Diancie|Psyshock|p1a: Tentacruel
|-supereffective|p1a: Tentacruel
|-damage|p1a: Tentacruel|128\/356
|
|-heal|p1a: Tentacruel|150\/356|[from] item: Black Sludge
|-heal|p2a: Diancie|165\/303|[from] item: Leftovers
|turn|30
|
|move|p1a: Tentacruel|Rapid Spin|p2a: Diancie
|-resisted|p2a: Diancie
|-damage|p2a: Diancie|162\/303
|-sideend|p1: SocratesMLG|Stealth Rock|[from] move: Rapid Spin|[of] p1a: Tentacruel
|move|p2a: Diancie|Endeavor|p1a: Tentacruel
|-immune|p1a: Tentacruel|[msg]
|-fail|p1a: Tentacruel
|
|-heal|p1a: Tentacruel|172\/356|[from] item: Black Sludge
|-heal|p2a: Diancie|180\/303|[from] item: Leftovers
|turn|31
|
|move|p1a: Tentacruel|Scald|p2a: Diancie
|-supereffective|p2a: Diancie
|-damage|p2a: Diancie|88\/303
|move|p2a: Diancie|Psyshock|p1a: Tentacruel
|-supereffective|p1a: Tentacruel
|-damage|p1a: Tentacruel|0 fnt
|faint|p1a: Tentacruel
|
|-heal|p2a: Diancie|106\/303|[from] item: Leftovers
|
|switch|p1a: Jirachi|Jirachi|183\/341
|turn|32
|
|move|p1a: Jirachi|Iron Head|p2a: Diancie
|-supereffective|p2a: Diancie
|-damage|p2a: Diancie|0 fnt
|faint|p2a: Diancie
|
|
|switch|p2a: Starmie|Starmie|273\/273
|turn|33
|
|move|p1a: Jirachi|Iron Head|p2a: Starmie
|-resisted|p2a: Starmie
|-damage|p2a: Starmie|202\/273
|move|p2a: Starmie|Scald|p1a: Jirachi
|-damage|p1a: Jirachi|26\/341
|-damage|p2a: Starmie|175\/273|[from] item: Life Orb
|
|turn|34
|
|move|p1a: Jirachi|Iron Head|p2a: Starmie
|-resisted|p2a: Starmie
|-damage|p2a: Starmie|112\/273
|cant|p2a: Starmie|flinch
|
|turn|35
|
|move|p1a: Jirachi|Iron Head|p2a: Starmie
|-resisted|p2a: Starmie
|-damage|p2a: Starmie|40\/273
|cant|p2a: Starmie|flinch
|
|turn|36
|
|move|p1a: Jirachi|Iron Head|p2a: Starmie
|-resisted|p2a: Starmie
|-damage|p2a: Starmie|0 fnt
|faint|p2a: Starmie
|
|
|switch|p2a: Chesnaught|Chesnaught, F|284\/379
|turn|37
|
|switch|p1a: Alakazam|Alakazam, F|251\/251
|move|p2a: Chesnaught|Substitute|p2a: Chesnaught
|-start|p2a: Chesnaught|Substitute
|-damage|p2a: Chesnaught|190\/379
|
|-heal|p2a: Chesnaught|213\/379|[from] item: Leftovers
|turn|38
|
|move|p1a: Alakazam|Psyshock|p2a: Chesnaught
|-supereffective|p2a: Chesnaught
|-end|p2a: Chesnaught|Substitute
|move|p2a: Chesnaught|Drain Punch|p1a: Alakazam
|-resisted|p1a: Alakazam
|-damage|p1a: Alakazam|155\/251
|-heal|p2a: Chesnaught|261\/379|[from] drain|[of] p1a: Alakazam
|
|-heal|p2a: Chesnaught|284\/379|[from] item: Leftovers
|turn|39
|
|switch|p2a: Crobat|Crobat, M|93\/311
|move|p1a: Alakazam|Psyshock|p2a: Crobat
|-supereffective|p2a: Crobat
|-damage|p2a: Crobat|0 fnt
|faint|p2a: Crobat
|
|
|switch|p2a: Darmanitan|Darmanitan, F|177\/351
|turn|40
|
|switch|p1a: Jirachi|Jirachi|26\/341
|move|p2a: Darmanitan|U-turn|p1a: Jirachi
|-damage|p1a: Jirachi|0 fnt
|faint|p1a: Jirachi
|
|switch|p2a: Chesnaught|Chesnaught, F|284\/379
|
|-heal|p2a: Chesnaught|307\/379|[from] item: Leftovers
|
|switch|p1a: Alakazam|Alakazam, F|155\/251
|turn|41
|
|move|p1a: Alakazam|Dazzling Gleam|p2a: Chesnaught
|-supereffective|p2a: Chesnaught
|-damage|p2a: Chesnaught|65\/379
|move|p2a: Chesnaught|Drain Punch|p1a: Alakazam
|-resisted|p1a: Alakazam
|-damage|p1a: Alakazam|71\/251
|-heal|p2a: Chesnaught|107\/379|[from] drain|[of] p1a: Alakazam
|
|-heal|p2a: Chesnaught|130\/379|[from] item: Leftovers
|turn|42
|
|move|p1a: Alakazam|Psyshock|p2a: Chesnaught
|-supereffective|p2a: Chesnaught
|-damage|p2a: Chesnaught|0 fnt
|faint|p2a: Chesnaught
|
|
|switch|p2a: Darmanitan|Darmanitan, F|177\/351
|turn|43
|
|move|p2a: Darmanitan|Flare Blitz|p1a: Alakazam
|-damage|p1a: Alakazam|0 fnt
|-damage|p2a: Darmanitan|154\/351|[from] recoil|[of] p1a: Alakazam
|faint|p1a: Alakazam
|
|
|switch|p1a: Absol|Absol, F|271\/271
|turn|44
|
|detailschange|p1a: Absol|Absol-Mega, F
|-mega|p1a: Absol|Absol|Absolite
|move|p1a: Absol|Sucker Punch|p2a: Darmanitan
|-damage|p2a: Darmanitan|0 fnt
|faint|p2a: Darmanitan
|
|win|SocratesMLG
|raw|Ladder updating...
|c|★SocratesMLG|gg
|raw|SocratesMLG's rating: 1192 &rarr; <strong>1212<\/strong><br \/>(+20 for winning)
|raw|Zobra11's rating: 1117 &rarr; <strong>1098<\/strong><br \/>(-19 for losing)
|c|★Zobra11|gg