|join|SocratesMLG
|join|trevor ellis
|player|p1|SocratesMLG|291
|player|p2|trevor ellis|112
|gametype|singles
|gen|6
|tier|UU
|rated
|rule|Sleep Clause Mod: Limit one foe put to sleep
|rule|Species Clause: Limit one of each Pokémon
|rule|OHKO Clause: OHKO moves are banned
|rule|Moody Clause: Moody is banned
|rule|Evasion Moves Clause: Evasion moves are banned
|rule|Endless Battle Clause: Forcing endless battles is banned
|rule|HP Percentage Mod: HP is shown in percentages
|clearpoke
|poke|p1|Krookodile, M
|poke|p1|Jirachi
|poke|p1|Nidoqueen, F
|poke|p1|Machamp, M
|poke|p1|Blastoise, F
|poke|p1|Yanmega, F
|poke|p2|Arcanine, M
|poke|p2|Hydreigon, M
|poke|p2|Empoleon, M
|poke|p2|Reuniclus, M
|poke|p2|Machamp, M
|poke|p2|Sceptile, F
|rule|Swagger Clause: Swagger is banned
|rule|Baton Pass Clause: Limit one Pokémon knowing Baton Pass
|teampreview
|
|start
|switch|p1a: Nidoqueen|Nidoqueen, F|345\/345
|switch|p2a: Machamp|Machamp, M|335\/335
|turn|1
|c|★trevor ellis|shouldve realized how bad this team is b4 using it lol
|
|move|p1a: Nidoqueen|Stealth Rock|p2a: Machamp
|-sidestart|p2: trevor ellis|move: Stealth Rock
|move|p2a: Machamp|Knock Off|p1a: Nidoqueen
|-damage|p1a: Nidoqueen|208\/345
|-enditem|p1a: Nidoqueen|Life Orb|[from] move: Knock Off|[of] p2a: Machamp
|
|turn|2
|c|★SocratesMLG|I am shooting for spot one tomorrow though
|c|★SocratesMLG|you can forfeit if you'd like
|
|switch|p2a: Hydreigon|Hydreigon, M|325\/325
|-damage|p2a: Hydreigon|285\/325|[from] Stealth Rock
|move|p1a: Nidoqueen|Sludge Wave|p2a: Hydreigon
|-damage|p2a: Hydreigon|107\/325
|
|turn|3
|c|★trevor ellis|lol ull have to pass my rank first
|c|★trevor ellis|i dont think its gonna happen
|
|move|p2a: Hydreigon|Draco Meteor|p1a: Nidoqueen
|-damage|p1a: Nidoqueen|0 fnt
|-unboost|p2a: Hydreigon|spa|2
|faint|p1a: Nidoqueen
|
|c|★SocratesMLG|you have 500 games played
|c|★trevor ellis|yep
|c|★trevor ellis|what does that have to do with anything
|c|★SocratesMLG|nothing
|
|switch|p1a: Jirachi|Jirachi|341\/341
|turn|4
|
|switch|p2a: Machamp|Machamp, M|335\/335
|-damage|p2a: Machamp|315\/335|[from] Stealth Rock
|move|p1a: Jirachi|U-turn|p2a: Machamp
|-resisted|p2a: Machamp
|-damage|p2a: Machamp|275\/335
|
|switch|p1a: Machamp|Machamp, M|383\/383
|
|turn|5
|
|move|p2a: Machamp|Close Combat|p1a: Machamp
|-damage|p1a: Machamp|121\/383
|-unboost|p2a: Machamp|def|1
|-unboost|p2a: Machamp|spd|1
|move|p1a: Machamp|Close Combat|p2a: Machamp
|-damage|p2a: Machamp|0 fnt
|-unboost|p1a: Machamp|def|1
|-unboost|p1a: Machamp|spd|1
|faint|p2a: Machamp
|
|
|switch|p2a: lizrad king|Sceptile, F|281\/281
|-damage|p2a: lizrad king|246\/281|[from] Stealth Rock
|turn|6
|
|switch|p1a: Jirachi|Jirachi|341\/341
|detailschange|p2a: lizrad king|Sceptile-Mega, F
|-mega|p2a: lizrad king|Sceptile|Sceptilite
|move|p2a: lizrad king|Dragon Pulse|p1a: Jirachi
|-crit|p1a: Jirachi
|-resisted|p1a: Jirachi
|-damage|p1a: Jirachi|218\/341
|
|turn|7
|
|switch|p2a: Empoleon|Empoleon, M|371\/371
|-damage|p2a: Empoleon|348\/371|[from] Stealth Rock
|move|p1a: Jirachi|U-turn|p2a: Empoleon
|-resisted|p2a: Empoleon
|-damage|p2a: Empoleon|315\/371
|
|switch|p1a: Machamp|Machamp, M|121\/383
|
|-heal|p2a: Empoleon|338\/371|[from] item: Leftovers
|turn|8
|c|★SocratesMLG|If I win this
|c|★SocratesMLG|I might surpass you
|
|move|p2a: Empoleon|Scald|p1a: Machamp
|-damage|p1a: Machamp|39\/383
|move|p1a: Machamp|Close Combat|p2a: Empoleon
|-supereffective|p2a: Empoleon
|-damage|p2a: Empoleon|0 fnt
|-unboost|p1a: Machamp|def|1
|-unboost|p1a: Machamp|spd|1
|faint|p2a: Empoleon
|
|c|★trevor ellis|still wont get 1 unfortunately
|
|switch|p2a: low ladder|Arcanine, M|379\/379
|-damage|p2a: low ladder|285\/379|[from] Stealth Rock
|-ability|p2a: low ladder|Intimidate|[of] p1a: Machamp
|-unboost|p1a: Machamp|atk|1
|turn|9
|c|★SocratesMLG|true
|
|move|p1a: Machamp|Bullet Punch|p2a: low ladder
|-resisted|p2a: low ladder
|-damage|p2a: low ladder|267\/379
|move|p2a: low ladder|Flare Blitz|p1a: Machamp
|-damage|p1a: Machamp|0 fnt
|-damage|p2a: low ladder|254\/379|[from] recoil|[of] p1a: Machamp
|faint|p1a: Machamp
|
|-heal|p2a: low ladder|277\/379|[from] item: Leftovers
|
|switch|p1a: Blastoise|Blastoise, F|357\/357
|turn|10
|
|switch|p2a: lizrad king|Sceptile-Mega, F|246\/281
|-damage|p2a: lizrad king|211\/281|[from] Stealth Rock
|detailschange|p1a: Blastoise|Blastoise-Mega, F
|-mega|p1a: Blastoise|Blastoise|Blastoisinite
|move|p1a: Blastoise|Dark Pulse|p2a: lizrad king
|-damage|p2a: lizrad king|30\/281
|
|turn|11
|
|move|p2a: lizrad king|Leaf Storm|p1a: Blastoise
|-supereffective|p1a: Blastoise
|-damage|p1a: Blastoise|0 fnt
|-unboost|p2a: lizrad king|spa|2
|faint|p1a: Blastoise
|
|
|switch|p1a: Yanmega|Yanmega, F|313\/313
|turn|12
|c|★SocratesMLG|Eventhough I had a better team match-up you are playing really well
|
|move|p1a: Yanmega|Protect|p1a: Yanmega
|-singleturn|p1a: Yanmega|Protect
|move|p2a: lizrad king|Hidden Power|p1a: Yanmega
|-activate|p1a: Yanmega|Protect
|
|-boost|p1a: Yanmega|spe|1|[from] ability: Speed Boost
|turn|13
|c|★trevor ellis|i know this lol
|c|★SocratesMLG|Rock or fire
|
|move|p1a: Yanmega|Bug Buzz|p2a: lizrad king
|-supereffective|p2a: lizrad king
|-damage|p2a: lizrad king|0 fnt
|-damage|p1a: Yanmega|282\/313|[from] item: Life Orb
|faint|p2a: lizrad king
|
|-boost|p1a: Yanmega|spe|1|[from] ability: Speed Boost
|c|★trevor ellis|fiah
|
|switch|p2a: Reuniclus|Reuniclus, M|404\/404
|turn|14
|c|★trevor ellis|lets see if baby reuin can clutch it
|c|★SocratesMLG|Unless you have SpD investment
|c|★SocratesMLG|you will die in one hit
|
|move|p1a: Yanmega|Bug Buzz|p2a: Reuniclus
|-supereffective|p2a: Reuniclus
|-damage|p2a: Reuniclus|0 fnt
|-damage|p1a: Yanmega|251\/313|[from] item: Life Orb
|faint|p2a: Reuniclus
|
|-boost|p1a: Yanmega|spe|1|[from] ability: Speed Boost
|c|★trevor ellis|let me down
|
|switch|p2a: low ladder|Arcanine, M|277\/379
|-damage|p2a: low ladder|183\/379|[from] Stealth Rock
|-ability|p2a: low ladder|Intimidate|[of] p1a: Yanmega
|-unboost|p1a: Yanmega|atk|1
|turn|15
|c|★SocratesMLG|air slash miss
|
|move|p1a: Yanmega|Air Slash|p2a: low ladder
|-damage|p2a: low ladder|0 fnt
|-damage|p1a: Yanmega|220\/313|[from] item: Life Orb
|faint|p2a: low ladder
|
|-boost|p1a: Yanmega|spe|1|[from] ability: Speed Boost
|c|★SocratesMLG|nvm
|c|★SocratesMLG|gg
|c|★trevor ellis|gg
|c|★SocratesMLG|Yanmega was my winning condition
|
|switch|p2a: Hydreigon|Hydreigon, M|107\/325
|-damage|p2a: Hydreigon|67\/325|[from] Stealth Rock
|turn|16
|c|★trevor ellis|lol really now
|
|move|p1a: Yanmega|Bug Buzz|p2a: Hydreigon
|-supereffective|p2a: Hydreigon
|-damage|p2a: Hydreigon|0 fnt
|-damage|p1a: Yanmega|189\/313|[from] item: Life Orb
|faint|p2a: Hydreigon
|
|win|SocratesMLG
|raw|Ladder updating...
|raw|SocratesMLG's rating: 1615 &rarr; <strong>1637<\/strong><br \/>(+22 for winning)
|raw|trevor ellis's rating: 1645 &rarr; <strong>1624<\/strong><br \/>(-21 for losing)
|c|★SocratesMLG|Only thing I needed was damage on Arcanine and Empoleon
|c|★SocratesMLG|gg
|leave|trevor ellis