|join|SocratesMLG
|join|TooFarGone
|player|p1|SocratesMLG|291
|player|p2|TooFarGone|163
|gametype|singles
|gen|6
|tier|UU
|rated
|rule|Sleep Clause Mod: Limit one foe put to sleep
|rule|Species Clause: Limit one of each Pokémon
|rule|OHKO Clause: OHKO moves are banned
|rule|Moody Clause: Moody is banned
|rule|Evasion Moves Clause: Evasion moves are banned
|rule|Endless Battle Clause: Forcing endless battles is banned
|rule|HP Percentage Mod: HP is shown in percentages
|clearpoke
|poke|p1|Krookodile, F
|poke|p1|Jirachi
|poke|p1|Nidoqueen, F
|poke|p1|Machamp, M
|poke|p1|Blastoise, M
|poke|p1|Yanmega, M
|poke|p2|Absol, F
|poke|p2|Nidoking, M
|poke|p2|Rotom-Heat
|poke|p2|Chesnaught, M
|poke|p2|Azelf
|poke|p2|Cloyster, M
|rule|Swagger Clause: Swagger is banned
|rule|Baton Pass Clause: Limit one Pokémon knowing Baton Pass
|teampreview
|c|★SocratesMLG|gl hf
|c|★TooFarGone|gl
|
|start
|switch|p1a: Jirachi|Jirachi|341\/341
|switch|p2a: Chesnaught|Chesnaught, M|380\/380
|turn|1
|
|move|p1a: Jirachi|U-turn|p2a: Chesnaught
|-damage|p2a: Chesnaught|340\/380
|
|switch|p1a: Nidoqueen|Nidoqueen, F|345\/345
|move|p2a: Chesnaught|Spikes|p1a: Nidoqueen
|-sidestart|p1: SocratesMLG|Spikes
|
|-heal|p2a: Chesnaught|363\/380|[from] item: Leftovers
|turn|2
|
|switch|p2a: Nidoking|Nidoking, M|303\/303
|move|p1a: Nidoqueen|Sludge Wave|p2a: Nidoking
|-resisted|p2a: Nidoking
|-damage|p2a: Nidoking|232\/303
|
|turn|3
|
|switch|p1a: Machamp|Machamp, M|383\/383
|-damage|p1a: Machamp|336\/383|[from] Spikes
|move|p2a: Nidoking|Ice Beam|p1a: Machamp
|-damage|p1a: Machamp|231\/383
|
|turn|4
|
|switch|p2a: Chesnaught|Chesnaught, M|363\/380
|move|p1a: Machamp|Ice Punch|p2a: Chesnaught
|-supereffective|p2a: Chesnaught
|-damage|p2a: Chesnaught|235\/380
|
|-heal|p2a: Chesnaught|258\/380|[from] item: Leftovers
|turn|5
|
|switch|p1a: Nidoqueen|Nidoqueen, F|345\/345
|-damage|p1a: Nidoqueen|302\/345|[from] Spikes
|move|p2a: Chesnaught|Spiky Shield|p2a: Chesnaught
|-fail|p2a: Chesnaught
|
|-heal|p2a: Chesnaught|281\/380|[from] item: Leftovers
|turn|6
|
|move|p1a: Nidoqueen|Ice Beam|p2a: Chesnaught
|-supereffective|p2a: Chesnaught
|-damage|p2a: Chesnaught|0 fnt
|faint|p2a: Chesnaught
|
|
|switch|p2a: Cloyster|Cloyster, M|241\/241
|turn|7
|
|move|p2a: Cloyster|Icicle Spear|p1a: Nidoqueen
|-supereffective|p1a: Nidoqueen
|-damage|p1a: Nidoqueen|216\/345
|-supereffective|p1a: Nidoqueen
|-damage|p1a: Nidoqueen|132\/345
|-supereffective|p1a: Nidoqueen
|-damage|p1a: Nidoqueen|48\/345
|-supereffective|p1a: Nidoqueen
|-damage|p1a: Nidoqueen|0 fnt
|-hitcount|p1a: Nidoqueen|4
|faint|p1a: Nidoqueen
|
|
|switch|p1a: Blastoise|Blastoise, M|357\/357
|-damage|p1a: Blastoise|313\/357|[from] Spikes
|turn|8
|
|detailschange|p1a: Blastoise|Blastoise-Mega, M
|-mega|p1a: Blastoise|Blastoise|Blastoisinite
|move|p2a: Cloyster|Shell Smash|p2a: Cloyster
|-boost|p2a: Cloyster|atk|2
|-boost|p2a: Cloyster|spa|2
|-boost|p2a: Cloyster|spe|2
|-unboost|p2a: Cloyster|def|1
|-unboost|p2a: Cloyster|spd|1
|move|p1a: Blastoise|Dark Pulse|p2a: Cloyster
|-damage|p2a: Cloyster|0 fnt
|faint|p2a: Cloyster
|
|
|switch|p2a: Azelf|Azelf|291\/291
|turn|9
|c|★SocratesMLG|No Sash not white herb?
|
|move|p2a: Azelf|U-turn|p1a: Blastoise
|-damage|p1a: Blastoise|203\/357
|c|★TooFarGone|king's rock xb
|c|★TooFarGone|dick set
|
|switch|p2a: Absol|Absol, F|271\/271
|move|p1a: Blastoise|Dark Pulse|p2a: Absol
|-resisted|p2a: Absol
|-damage|p2a: Absol|159\/271
|-boost|p2a: Absol|atk|1|[from] ability: Justified
|
|turn|10
|
|detailschange|p2a: Absol|Absol-Mega, F
|-mega|p2a: Absol|Absol|Absolite
|move|p2a: Absol|Sucker Punch|p1a: Blastoise
|-damage|p1a: Blastoise|5\/357
|move|p1a: Blastoise|Hydro Pump|p2a: Absol
|-damage|p2a: Absol|0 fnt
|faint|p2a: Absol
|
|c|★TooFarGone|ouch
|c|★SocratesMLG|omg
|c|★TooFarGone|low roll
|
|switch|p2a: Azelf|Azelf|291\/291
|turn|11
|c|★SocratesMLG|That mega Blastoise though
|
|move|p2a: Azelf|U-turn|p1a: Blastoise
|-damage|p1a: Blastoise|0 fnt
|faint|p1a: Blastoise
|c|★TooFarGone|yeah had a 70% chance to ohko
|c|★TooFarGone|unlucky
|c|★TooFarGone|for me
|c|★TooFarGone|:P
|
|switch|p2a: Nidoking|Nidoking, M|232\/303
|
|
|switch|p1a: Krookodile|Krookodile, F|332\/332
|-damage|p1a: Krookodile|291\/332|[from] Spikes
|-ability|p1a: Krookodile|Intimidate|[of] p2a: Nidoking
|-unboost|p2a: Nidoking|atk|1
|turn|12
|c|★SocratesMLG|tur
|c|★SocratesMLG|* true
|
|switch|p2a: Rotom-Heat|Rotom-Heat|304\/304
|move|p1a: Krookodile|Knock Off|p2a: Rotom-Heat
|-damage|p2a: Rotom-Heat|79\/304
|-enditem|p2a: Rotom-Heat|Leftovers|[from] move: Knock Off|[of] p1a: Krookodile
|
|turn|13
|
|move|p1a: Krookodile|Knock Off|p2a: Rotom-Heat
|-damage|p2a: Rotom-Heat|0 fnt
|faint|p2a: Rotom-Heat
|
|c|★SocratesMLG|hmmm
|
|switch|p2a: Azelf|Azelf|291\/291
|turn|14
|
|switch|p1a: Machamp|Machamp, M|231\/383
|-damage|p1a: Machamp|184\/383|[from] Spikes
|move|p2a: Azelf|U-turn|p1a: Machamp
|-resisted|p1a: Machamp
|-damage|p1a: Machamp|113\/383
|
|switch|p2a: Nidoking|Nidoking, M|232\/303
|
|turn|15
|
|move|p2a: Nidoking|Earth Power|p1a: Machamp
|-damage|p1a: Machamp|0 fnt
|faint|p1a: Machamp
|
|
|switch|p1a: Krookodile|Krookodile, F|291\/332
|-damage|p1a: Krookodile|250\/332|[from] Spikes
|-ability|p1a: Krookodile|Intimidate|[of] p2a: Nidoking
|-unboost|p2a: Nidoking|atk|1
|turn|16
|
|move|p1a: Krookodile|Knock Off|p2a: Nidoking
|-damage|p2a: Nidoking|0 fnt
|-enditem|p2a: Nidoking|Life Orb|[from] move: Knock Off|[of] p1a: Krookodile
|faint|p2a: Nidoking
|
|
|switch|p2a: Azelf|Azelf|291\/291
|turn|17
|c|★TooFarGone|yeah losing chesnaught early fucked me over
|c|★TooFarGone|gg
|c|★SocratesMLG|gg
|
|move|p2a: Azelf|Fire Punch|p1a: Krookodile
|-damage|p1a: Krookodile|84\/332
|move|p1a: Krookodile|Knock Off|p2a: Azelf
|-crit|p2a: Azelf
|-supereffective|p2a: Azelf
|-damage|p2a: Azelf|0 fnt
|-enditem|p2a: Azelf|Choice Band|[from] move: Knock Off|[of] p1a: Krookodile
|faint|p2a: Azelf
|
|win|SocratesMLG
|raw|Ladder updating...
|raw|SocratesMLG's rating: 1543 &rarr; <strong>1555<\/strong><br \/>(+12 for winning)
|raw|TooFarGone's rating: 1389 &rarr; <strong>1377<\/strong><br \/>(-12 for losing)
|leave|TooFarGone
|player|p2
|leave|SocratesMLG
|player|p1
|join|SocratesMLG