|join|xFalchion
|join|team of legends
|player|p1|xFalchion|153
|player|p2|team of legends|23
|gametype|singles
|gen|5
|tier|[Gen 5] UU
|rule|Sleep Clause Mod: Limit one foe put to sleep
|rule|Species Clause: Limit one of each Pokémon
|rule|OHKO Clause: OHKO moves are banned
|rule|Moody Clause: Moody is banned
|rule|Evasion Moves Clause: Evasion moves are banned
|rule|Endless Battle Clause: Forcing endless battles is banned
|rule|HP Percentage Mod: HP is shown in percentages
|rule|Evasion Abilities Clause: Evasion abilities are banned
|clearpoke
|poke|p1|Crobat, M
|poke|p1|Umbreon, M
|poke|p1|Slowbro, F
|poke|p1|Mienshao, F
|poke|p1|Roserade, M
|poke|p1|Rhyperior, F
|poke|p2|Scyther, M, shiny
|poke|p2|Arcanine, M
|poke|p2|Hitmonchan, M
|poke|p2|Lanturn, M
|poke|p2|Poliwhirl, F, shiny
|poke|p2|Bisharp, M
|teampreview
|join|For the Fun
|
|start
|switch|p1a: Roserade|Roserade, M|261\/261
|switch|p2a: Bisharp|Bisharp, M|272\/272
|turn|1
|join|pokemanMastur
|join|Duskt70
|leave|Duskt70
|
|move|p1a: Roserade|Sleep Powder|p2a: Bisharp|[miss]
|-miss|p1a: Roserade|p2a: Bisharp
|move|p2a: Bisharp|Substitute|p2a: Bisharp
|-start|p2a: Bisharp|Substitute
|-damage|p2a: Bisharp|204\/272
|
|turn|2
|c|★team of legends|planned that >.>
|leave|pokemanMastur
|
|switch|p1a: Rhyperior|Rhyperior, F|434\/434
|move|p2a: Bisharp|Sucker Punch|p1a: Rhyperior
|-fail|p1a: Rhyperior
|
|turn|3
|
|move|p2a: Bisharp|Swords Dance|p2a: Bisharp
|-boost|p2a: Bisharp|atk|2
|move|p1a: Rhyperior|Stealth Rock|p2a: Bisharp
|-sidestart|p2: team of legends|move: Stealth Rock
|
|turn|4
|
|move|p2a: Bisharp|Iron Head|p1a: Rhyperior
|-supereffective|p1a: Rhyperior
|-damage|p1a: Rhyperior|0 fnt
|-damage|p2a: Bisharp|177\/272|[from] item: Life Orb
|faint|p1a: Rhyperior
|
|
|switch|p1a: Crobat|Crobat, M|341\/341
|turn|5
|
|move|p2a: Bisharp|Sucker Punch|p1a: Crobat
|-fail|p1a: Crobat
|move|p1a: Crobat|Taunt|p2a: Bisharp
|-start|p2a: Bisharp|move: Taunt
|
|turn|6
|join|Shadow Cyclone
|
|move|p2a: Bisharp|Sucker Punch|p1a: Crobat
|-damage|p1a: Crobat|0 fnt
|-damage|p2a: Bisharp|150\/272|[from] item: Life Orb
|faint|p1a: Crobat
|
|
|switch|p1a: Slowbro|Slowbro, F|394\/394
|turn|7
|join|ay0 lma0
|
|move|p2a: Bisharp|Sucker Punch|p1a: Slowbro
|-fail|p1a: Slowbro
|move|p1a: Slowbro|Calm Mind|p1a: Slowbro
|-boost|p1a: Slowbro|spa|1
|-boost|p1a: Slowbro|spd|1
|
|turn|8
|
|move|p2a: Bisharp|Sucker Punch|p1a: Slowbro
|-supereffective|p1a: Slowbro
|-damage|p1a: Slowbro|0 fnt
|-damage|p2a: Bisharp|105\/272|[from] item: Rocky Helmet|[of] p1a: Slowbro
|-damage|p2a: Bisharp|78\/272|[from] item: Life Orb
|faint|p1a: Slowbro
|
|-end|p2a: Bisharp|move: Taunt
|
|switch|p1a: Mienshao|Mienshao, F|271\/271
|turn|9
|
|move|p2a: Bisharp|Sucker Punch|p1a: Mienshao
|-resisted|p1a: Mienshao
|-damage|p1a: Mienshao|0 fnt
|-damage|p2a: Bisharp|51\/272|[from] item: Life Orb
|faint|p1a: Mienshao
|
|join|aqbf
|
|switch|p1a: Roserade|Roserade, M|261\/261
|turn|10
|c| For the Fun|UU bisharp too strong
|
|move|p2a: Bisharp|Sucker Punch|p1a: Roserade
|-fail|p1a: Roserade
|move|p1a: Roserade|Toxic Spikes|p2a: Bisharp
|-sidestart|p2: team of legends|move: Toxic Spikes
|
|turn|11
|c|★team of legends|before known off aswell
|
|move|p2a: Bisharp|Sucker Punch|p1a: Roserade
|-damage|p1a: Roserade|0 fnt
|-damage|p2a: Bisharp|24\/272|[from] item: Life Orb
|faint|p1a: Roserade
|
|join|JessicaAlbacore
|c| aqbf|preserve the 6-0?
|leave|JessicaAlbacore
|c|★team of legends|knock off*
|
|switch|p1a: Umbreon|Umbreon, M|394\/394
|turn|12
|
|move|p2a: Bisharp|Iron Head|p1a: Umbreon
|-damage|p1a: Umbreon|86\/394
|-damage|p2a: Bisharp|0 fnt|[from] item: Life Orb
|faint|p2a: Bisharp
|move|p1a: Umbreon|Wish|p1a: Umbreon
|
|-heal|p1a: Umbreon|110\/394|[from] item: Leftovers
|
|switch|p2a: Hitmonchan|Hitmonchan, M|304\/304
|-damage|p2a: Hitmonchan|285\/304|[from] Stealth Rock
|-status|p2a: Hitmonchan|psn
|turn|13
|
|move|p2a: Hitmonchan|Drain Punch|p1a: Umbreon
|-supereffective|p1a: Umbreon
|-damage|p1a: Umbreon|0 fnt
|-heal|p2a: Hitmonchan|304\/304 psn|[from] drain|[of] p1a: Umbreon
|-damage|p2a: Hitmonchan|274\/304 psn|[from] item: Life Orb
|faint|p1a: Umbreon
|
|win|team of legends
|c|★team of legends|gg
|leave|xFalchion
|player|p1
|leave|aqbf
|leave|For the Fun
|leave|team of legends
|player|p2
|leave|ay0 lma0
|leave|Shadow Cyclone
|join|pokemanMastur
|leave|pokemanMastur
|join|L. Fletchinder