|join|Sally Mence
|join|iplaytennislol
|player|p1|Sally Mence|26
|player|p2|iplaytennislol|175
|gametype|singles
|gen|6
|tier|OU
|rated
|clearpoke
|poke|p1|Garchomp, F
|poke|p1|Rotom-Wash
|poke|p1|Scizor, M
|poke|p1|Altaria, F
|poke|p1|Talonflame, M
|poke|p1|Keldeo
|poke|p2|Azelf
|poke|p2|Scizor, M
|poke|p2|Diggersby, F
|poke|p2|Greninja, M
|poke|p2|Dragonite, M
|poke|p2|Latias, F
|rule|Swagger Clause: Swagger is banned
|rule|Baton Pass Clause: Limit one Pokémon knowing Baton Pass
|rule|Sleep Clause Mod: Limit one foe put to sleep
|rule|Species Clause: Limit one of each Pokémon
|rule|OHKO Clause: OHKO moves are banned
|rule|Moody Clause: Moody is banned
|rule|Evasion Moves Clause: Evasion moves are banned
|rule|Endless Battle Clause: Forcing endless battles is banned
|rule|HP Percentage Mod: HP is shown in percentages
|teampreview
|
|start
|switch|p1a: iWash|Rotom-Wash|304\/304
|switch|p2a: Azelf|Azelf|291\/291
|turn|1
|
|move|p2a: Azelf|Stealth Rock|p1a: iWash
|-sidestart|p1: Sally Mence|move: Stealth Rock
|move|p1a: iWash|Volt Switch|p2a: Azelf
|-damage|p2a: Azelf|185\/291
|
|switch|p1a: Switchblade|Scizor, M|343\/343
|-damage|p1a: Switchblade|301\/343|[from] Stealth Rock
|
|-heal|p1a: Switchblade|322\/343|[from] item: Leftovers
|turn|2
|
|move|p1a: Switchblade|Bullet Punch|p2a: Azelf
|-damage|p2a: Azelf|5\/291
|move|p2a: Azelf|Fire Blast|p1a: Switchblade
|-supereffective|p1a: Switchblade
|-damage|p1a: Switchblade|0 fnt
|faint|p1a: Switchblade
|
|
|switch|p1a: iWash|Rotom-Wash|304\/304
|-damage|p1a: iWash|266\/304|[from] Stealth Rock
|turn|3
|c|★iplaytennislol|sometimes
|c|★iplaytennislol|its a little too ez
|
|move|p2a: Azelf|Explosion|p1a: iWash
|-damage|p1a: iWash|94\/304
|faint|p2a: Azelf
|move|p1a: iWash|Volt Switch|p2: Azelf|[notarget]
|-notarget
|
|-heal|p1a: iWash|113\/304|[from] item: Leftovers
|-message|Sally Mence forfeited.
|
|win|iplaytennislol
|raw|Ladder updating...
|leave|Sally Mence
|player|p1
|raw|Sally Mence's rating: 1484 &rarr; <strong>1466<\/strong><br \/>(-18 for losing)
|raw|iplaytennislol's rating: 1518 &rarr; <strong>1536<\/strong><br \/>(+18 for winning)