|join|sandalsgoose
|join|Bulbasawr
|player|p1|sandalsgoose|73
|player|p2|Bulbasawr|155
|gametype|singles
|gen|6
|tier|OU
|rated
|clearpoke
|poke|p1|Sableye, F
|poke|p1|Excadrill, F
|poke|p1|Manaphy
|poke|p1|Gliscor, F
|poke|p1|Talonflame, F
|poke|p1|Clefable, M
|poke|p2|Scolipede, F
|poke|p2|Marowak, M
|rule|Swagger Clause: Swagger is banned
|rule|Baton Pass Clause: Limit one Pokémon knowing Baton Pass
|rule|Sleep Clause Mod: Limit one foe put to sleep
|rule|Species Clause: Limit one of each Pokémon
|rule|OHKO Clause: OHKO moves are banned
|rule|Moody Clause: Moody is banned
|rule|Evasion Moves Clause: Evasion moves are banned
|rule|Endless Battle Clause: Forcing endless battles is banned
|rule|HP Percentage Mod: HP is shown in percentages
|teampreview
|
|start
|switch|p1a: Clefable|Clefable, M|393\/393
|switch|p2a: Scolipede|Scolipede, F|324\/324
|turn|1
|
|move|p2a: Scolipede|Protect|p2a: Scolipede
|-singleturn|p2a: Scolipede|Protect
|move|p1a: Clefable|Calm Mind|p1a: Clefable
|-boost|p1a: Clefable|spa|1
|-boost|p1a: Clefable|spd|1
|
|-boost|p2a: Scolipede|spe|1|[from] ability: Speed Boost
|turn|2
|
|move|p2a: Scolipede|Swords Dance|p2a: Scolipede
|-boost|p2a: Scolipede|atk|2
|move|p1a: Clefable|Calm Mind|p1a: Clefable
|-boost|p1a: Clefable|spa|1
|-boost|p1a: Clefable|spd|1
|
|-boost|p2a: Scolipede|spe|1|[from] ability: Speed Boost
|turn|3
|
|move|p2a: Scolipede|Protect|p2a: Scolipede
|-singleturn|p2a: Scolipede|Protect
|move|p1a: Clefable|Calm Mind|p1a: Clefable
|-boost|p1a: Clefable|spa|1
|-boost|p1a: Clefable|spd|1
|
|-boost|p2a: Scolipede|spe|1|[from] ability: Speed Boost
|turn|4
|-message|Bulbasawr forfeited.
|
|win|sandalsgoose
|raw|Ladder updating...
|leave|Bulbasawr
|player|p2
|raw|sandalsgoose's rating: 1432 &rarr; <strong>1447<\/strong><br \/>(+15 for winning)
|raw|Bulbasawr's rating: 1338 &rarr; <strong>1323<\/strong><br \/>(-15 for losing)