|join|Bulbasawr
|join|Invok3r
|player|p1|Bulbasawr|155
|player|p2|Invok3r|250
|gametype|singles
|gen|6
|tier|OU
|rated
|clearpoke
|poke|p1|Politoed, M
|poke|p1|Sceptile, M
|poke|p1|Kabutops, M
|poke|p1|Kingdra, F
|poke|p1|Mamoswine, F
|poke|p1|Greninja, M
|poke|p2|Gyarados, M
|poke|p2|Celebi
|poke|p2|Heatran, M, shiny
|poke|p2|Tentacruel, M
|poke|p2|Clefable, F, shiny
|poke|p2|Gothitelle, M, shiny
|rule|Swagger Clause: Swagger is banned
|rule|Baton Pass Clause: Limit one Pokémon knowing Baton Pass
|rule|Sleep Clause Mod: Limit one foe put to sleep
|rule|Species Clause: Limit one of each Pokémon
|rule|OHKO Clause: OHKO moves are banned
|rule|Moody Clause: Moody is banned
|rule|Evasion Moves Clause: Evasion moves are banned
|rule|Endless Battle Clause: Forcing endless battles is banned
|rule|HP Percentage Mod: HP is shown in percentages
|teampreview
|
|start
|switch|p1a: Mamoswine|Mamoswine, F|361\/361
|switch|p2a: Gyarados|Gyarados, M|353\/353
|-ability|p2a: Gyarados|Intimidate|[of] p1a: Mamoswine
|-unboost|p1a: Mamoswine|atk|1
|turn|1
|
|switch|p1a: Politoed|Politoed, M|384\/384
|-weather|RainDance
|move|p2a: Gyarados|Dragon Dance|p2a: Gyarados
|-boost|p2a: Gyarados|atk|1
|-boost|p2a: Gyarados|spe|1
|
|-weather|RainDance|[upkeep]
|turn|2
|
|detailschange|p2a: Gyarados|Gyarados-Mega, M
|message|Gyarados has Mega Evolved into Mega Gyarados!
|-ability|p2a: Gyarados|Mold Breaker
|move|p2a: Gyarados|Crunch|p1a: Politoed
|-damage|p1a: Politoed|168\/384
|move|p1a: Politoed|Encore|p2a: Gyarados
|-start|p2a: Gyarados|Encore
|
|-weather|RainDance|[upkeep]
|turn|3
|
|move|p2a: Gyarados|Crunch|p1a: Politoed
|-damage|p1a: Politoed|0 fnt
|faint|p1a: Politoed
|
|-weather|RainDance|[upkeep]
|
|switch|p1a: Mamoswine|Mamoswine, F|361\/361
|turn|4
|
|move|p2a: Gyarados|Crunch|p1a: Mamoswine
|-damage|p1a: Mamoswine|51\/361
|-unboost|p1a: Mamoswine|def|1
|move|p1a: Mamoswine|Endeavor|p2a: Gyarados
|-damage|p2a: Gyarados|51\/353
|
|-weather|RainDance|[upkeep]
|turn|5
|
|move|p1a: Mamoswine|Ice Shard|p2a: Gyarados
|-resisted|p2a: Gyarados
|-damage|p2a: Gyarados|15\/353
|move|p2a: Gyarados|Crunch|p1a: Mamoswine
|-damage|p1a: Mamoswine|0 fnt
|faint|p1a: Mamoswine
|
|-weather|RainDance|[upkeep]
|-end|p2a: Gyarados|Encore
|
|switch|p1a: Kabutops|Kabutops, M|262\/262
|turn|6
|
|move|p1a: Kabutops|Aqua Jet|p2a: Gyarados
|-resisted|p2a: Gyarados
|-damage|p2a: Gyarados|0 fnt
|-damage|p1a: Kabutops|236\/262|[from] item: Life Orb
|faint|p2a: Gyarados
|
|-weather|RainDance|[upkeep]
|
|switch|p2a: Celebi|Celebi|404\/404
|turn|7
|
|move|p1a: Kabutops|Swords Dance|p1a: Kabutops
|-boost|p1a: Kabutops|atk|2
|move|p2a: Celebi|Thunder Wave|p1a: Kabutops
|-status|p1a: Kabutops|par
|
|-weather|RainDance|[upkeep]
|turn|8
|
|move|p2a: Celebi|Giga Drain|p1a: Kabutops
|-supereffective|p1a: Kabutops
|-damage|p1a: Kabutops|0 fnt
|faint|p1a: Kabutops
|
|-weather|none
|
|switch|p1a: Sceptile|Sceptile, M|282\/282
|turn|9
|
|switch|p2a: Clefable|Clefable, F, shiny|394\/394
|move|p1a: Sceptile|Giga Drain|p2a: Clefable
|-damage|p2a: Clefable|276\/394
|
|-heal|p2a: Clefable|300\/394|[from] item: Leftovers
|turn|10
|leave|Bulbasawr
|player|p1
|join|Bulbasawr
|leave|Bulbasawr
|-message|bulbasawr lost due to inactivity.
|
|win|Invok3r
|raw|Ladder updating...
|raw|Bulbasawr's rating: 1522 &rarr; <strong>1505<\/strong><br \/>(-17 for losing)
|raw|Invok3r's rating: 1565 &rarr; <strong>1582<\/strong><br \/>(+17 for winning)