|join|Bulbasawr
|join|Omega Yui Itsuki
|player|p1|Bulbasawr|155
|player|p2|Omega Yui Itsuki|249
|gametype|singles
|gen|6
|tier|OU
|rated
|clearpoke
|poke|p1|Pinsir, M
|poke|p1|Keldeo-Resolute
|poke|p1|Mamoswine, F
|poke|p1|Excadrill, M
|poke|p1|Talonflame, M
|poke|p1|Greninja, M
|poke|p2|Gengar, F
|poke|p2|Scizor, M
|poke|p2|Gardevoir, F
|poke|p2|Mamoswine, M
|poke|p2|Ferrothorn, M
|poke|p2|Talonflame, M
|rule|Swagger Clause: Swagger is banned
|rule|Baton Pass Clause: Limit one Pokémon knowing Baton Pass
|rule|Sleep Clause Mod: Limit one foe put to sleep
|rule|Species Clause: Limit one of each Pokémon
|rule|OHKO Clause: OHKO moves are banned
|rule|Moody Clause: Moody is banned
|rule|Evasion Moves Clause: Evasion moves are banned
|rule|Endless Battle Clause: Forcing endless battles is banned
|rule|HP Percentage Mod: HP is shown in percentages
|teampreview
|
|start
|switch|p1a: Mamoswine|Mamoswine, F|362\/362
|switch|p2a: Scizor|Scizor, M|282\/282
|turn|1
|
|move|p2a: Scizor|Bullet Punch|p1a: Mamoswine
|-supereffective|p1a: Mamoswine
|-enditem|p1a: Mamoswine|Focus Sash
|-damage|p1a: Mamoswine|1\/362
|move|p1a: Mamoswine|Stealth Rock|p2a: Scizor
|-sidestart|p2: Omega Yui Itsuki|move: Stealth Rock
|
|turn|2
|
|switch|p1a: Keldeo-Resolute|Keldeo-Resolute|323\/323
|move|p2a: Scizor|Bullet Punch|p1a: Keldeo-Resolute
|-resisted|p1a: Keldeo-Resolute
|-damage|p1a: Keldeo-Resolute|236\/323
|
|-heal|p1a: Keldeo-Resolute|256\/323|[from] item: Leftovers
|turn|3
|
|switch|p1a: Pinsir|Pinsir, M|334\/334
|switch|p2a: Ferrothorn|Ferrothorn, M|313\/313
|-damage|p2a: Ferrothorn|294\/313|[from] Stealth Rock
|
|-heal|p2a: Ferrothorn|313\/313|[from] item: Leftovers
|turn|4
|
|detailschange|p1a: Pinsir|Pinsir-Mega, M
|message|Pinsir has Mega Evolved into Mega Pinsir!
|move|p1a: Pinsir|Swords Dance|p1a: Pinsir
|-boost|p1a: Pinsir|atk|2
|move|p2a: Ferrothorn|Stealth Rock|p1a: Pinsir
|-sidestart|p1: Bulbasawr|move: Stealth Rock
|
|turn|5
|
|move|p1a: Pinsir|Frustration|p2a: Ferrothorn
|-damage|p2a: Ferrothorn|0 fnt
|-damage|p1a: Pinsir|293\/334|[from] ability: Iron Barbs|[of] p2a: Ferrothorn
|faint|p2a: Ferrothorn
|
|
|switch|p2a: Talonflame|Talonflame, M|323\/323
|-damage|p2a: Talonflame|162\/323|[from] Stealth Rock
|turn|6
|
|switch|p1a: Excadrill|Excadrill, M|361\/361
|-damage|p1a: Excadrill|350\/361|[from] Stealth Rock
|-ability|p1a: Excadrill|Mold Breaker
|-item|p1a: Excadrill|Air Balloon
|move|p2a: Talonflame|Brave Bird|p1a: Excadrill
|-resisted|p1a: Excadrill
|-damage|p1a: Excadrill|263\/361
|-enditem|p1a: Excadrill|Air Balloon
|-damage|p2a: Talonflame|133\/323|[from] recoil|[of] p1a: Excadrill
|
|-heal|p2a: Talonflame|153\/323|[from] item: Leftovers
|turn|7
|
|move|p2a: Talonflame|Will-O-Wisp|p1a: Excadrill
|-status|p1a: Excadrill|brn
|move|p1a: Excadrill|Rapid Spin|p2a: Talonflame
|-damage|p2a: Talonflame|138\/323
|-sideend|p1: Bulbasawr|Stealth Rock|[from] move: Rapid Spin|[of] p1a: Excadrill
|
|-heal|p2a: Talonflame|158\/323|[from] item: Leftovers
|-damage|p1a: Excadrill|218\/361 brn|[from] brn
|turn|8
|
|move|p2a: Talonflame|Roost|p2a: Talonflame
|-heal|p2a: Talonflame|320\/323
|move|p1a: Excadrill|Rock Tomb|p2a: Talonflame
|-supereffective|p2a: Talonflame
|-damage|p2a: Talonflame|230\/323
|-unboost|p2a: Talonflame|spe|1
|
|-heal|p2a: Talonflame|250\/323|[from] item: Leftovers
|-damage|p1a: Excadrill|173\/361 brn|[from] brn
|turn|9
|
|move|p1a: Excadrill|Earthquake|p2a: Talonflame
|-immune|p2a: Talonflame|[msg]
|move|p2a: Talonflame|Bulk Up|p2a: Talonflame
|-boost|p2a: Talonflame|atk|1
|-boost|p2a: Talonflame|def|1
|
|-heal|p2a: Talonflame|270\/323|[from] item: Leftovers
|-damage|p1a: Excadrill|128\/361 brn|[from] brn
|turn|10
|
|move|p1a: Excadrill|Rock Tomb|p2a: Talonflame
|-crit|p2a: Talonflame
|-supereffective|p2a: Talonflame
|-damage|p2a: Talonflame|38\/323
|-unboost|p2a: Talonflame|spe|1
|move|p2a: Talonflame|Bulk Up|p2a: Talonflame
|-boost|p2a: Talonflame|atk|1
|-boost|p2a: Talonflame|def|1
|
|-heal|p2a: Talonflame|58\/323|[from] item: Leftovers
|-damage|p1a: Excadrill|83\/361 brn|[from] brn
|turn|11
|
|move|p2a: Talonflame|Roost|p2a: Talonflame
|-heal|p2a: Talonflame|220\/323
|move|p1a: Excadrill|Earthquake|p2a: Talonflame
|-supereffective|p2a: Talonflame
|-damage|p2a: Talonflame|124\/323
|
|-heal|p2a: Talonflame|144\/323|[from] item: Leftovers
|-damage|p1a: Excadrill|38\/361 brn|[from] brn
|turn|12
|
|move|p2a: Talonflame|Roost|p2a: Talonflame
|-heal|p2a: Talonflame|306\/323
|move|p1a: Excadrill|Earthquake|p2a: Talonflame
|-supereffective|p2a: Talonflame
|-damage|p2a: Talonflame|198\/323
|
|-heal|p2a: Talonflame|218\/323|[from] item: Leftovers
|-damage|p1a: Excadrill|0 fnt|[from] brn
|faint|p1a: Excadrill
|
|switch|p1a: Talonflame|Talonflame, M|298\/298
|turn|13
|
|move|p1a: Talonflame|Brave Bird|p2a: Talonflame
|-damage|p2a: Talonflame|116\/323
|-damage|p1a: Talonflame|264\/298|[from] recoil|[of] p2a: Talonflame
|move|p2a: Talonflame|Bulk Up|p2a: Talonflame
|-boost|p2a: Talonflame|atk|1
|-boost|p2a: Talonflame|def|1
|
|-heal|p2a: Talonflame|136\/323|[from] item: Leftovers
|turn|14
|
|move|p2a: Talonflame|Roost|p2a: Talonflame
|-heal|p2a: Talonflame|298\/323
|move|p1a: Talonflame|Swords Dance|p1a: Talonflame
|-boost|p1a: Talonflame|atk|2
|
|-heal|p2a: Talonflame|318\/323|[from] item: Leftovers
|turn|15
|
|move|p1a: Talonflame|Brave Bird|p2a: Talonflame
|-damage|p2a: Talonflame|156\/323
|-damage|p1a: Talonflame|211\/298|[from] recoil|[of] p2a: Talonflame
|move|p2a: Talonflame|Brave Bird|p1a: Talonflame
|-damage|p1a: Talonflame|0 fnt
|-damage|p2a: Talonflame|86\/323|[from] recoil|[of] p1a: Talonflame
|faint|p1a: Talonflame
|
|-heal|p2a: Talonflame|106\/323|[from] item: Leftovers
|
|switch|p1a: Greninja|Greninja, M|285\/285
|turn|16
|
|move|p2a: Talonflame|Brave Bird|p1a: Greninja
|-damage|p1a: Greninja|0 fnt
|-damage|p2a: Talonflame|12\/323|[from] recoil|[of] p1a: Greninja
|faint|p1a: Greninja
|
|-heal|p2a: Talonflame|32\/323|[from] item: Leftovers
|
|switch|p1a: Mamoswine|Mamoswine, F|1\/362
|turn|17
|
|move|p1a: Mamoswine|Ice Shard|p2a: Talonflame
|-damage|p2a: Talonflame|1\/323
|move|p2a: Talonflame|Roost|p2a: Talonflame
|-heal|p2a: Talonflame|163\/323
|
|-heal|p2a: Talonflame|183\/323|[from] item: Leftovers
|turn|18
|-message|Bulbasawr forfeited.
|
|win|Omega Yui Itsuki
|raw|Ladder updating...
|leave|Bulbasawr
|player|p1
|raw|Bulbasawr's rating: 1295 &rarr; <strong>1274<\/strong><br \/>(-21 for losing)
|raw|Omega Yui Itsuki's rating: 1342 &rarr; <strong>1359<\/strong><br \/>(+17 for winning)