|join|Bulbasawr
|join|Kid Wycked
|player|p1|Bulbasawr|162
|player|p2|Kid Wycked|170
|gametype|singles
|gen|6
|tier|OU
|rated
|clearpoke
|poke|p1|Politoed, M
|poke|p1|Staraptor, M
|poke|p1|Azumarill, F
|poke|p1|Kingdra, M
|poke|p1|Kabutops, F
|poke|p1|Manectric, M
|poke|p2|Landorus, M, shiny
|poke|p2|Galvantula, F
|poke|p2|Venusaur, M
|poke|p2|Heatran, M
|poke|p2|Azumarill, M
|poke|p2|Sableye, F
|rule|Swagger Clause: Swagger is banned
|rule|Baton Pass Clause: Limit one Pokémon knowing Baton Pass
|rule|Sleep Clause Mod: Limit one foe put to sleep
|rule|Species Clause: Limit one of each Pokémon
|rule|OHKO Clause: OHKO moves are banned
|rule|Moody Clause: Moody is banned
|rule|Evasion Moves Clause: Evasion moves are banned
|rule|Endless Battle Clause: Forcing endless battles is banned
|rule|HP Percentage Mod: HP is reported as percentages
|teampreview
|
|start
|switch|p1a: Staraptor|Staraptor, M|311\/311
|switch|p2a: Galvantula|Galvantula, F|281\/281
|turn|1
|
|move|p1a: Staraptor|U-turn|p2a: Galvantula
|-damage|p2a: Galvantula|144\/281
|join|MiraiBilio
|
|switch|p1a: Manectric|Manectric, M|281\/281
|move|p2a: Galvantula|Sticky Web|p1a: Manectric
|-sidestart|p1: Bulbasawr|move: Sticky Web
|
|turn|2
|
|switch|p2a: Landorus|Landorus, M, shiny|319\/319
|detailschange|p1a: Manectric|Manectric-Mega, M
|message|Manectric has Mega Evolved into Mega Manectric!
|-ability|p1a: Manectric|Intimidate|[of] p2a: Landorus
|-unboost|p2a: Landorus|atk|1
|move|p1a: Manectric|Flamethrower|p2a: Landorus
|-damage|p2a: Landorus|178\/319
|-status|p2a: Landorus|brn
|
|-damage|p2a: Landorus|139\/319 brn|[from] brn
|turn|3
|
|move|p1a: Manectric|Flamethrower|p2a: Landorus
|-damage|p2a: Landorus|17\/319 brn
|move|p2a: Landorus|Focus Blast|p1a: Manectric|[miss]
|-miss|p2a: Landorus|p1a: Manectric
|
|-damage|p2a: Landorus|0 fnt|[from] brn
|faint|p2a: Landorus
|
|switch|p2a: Venusaur|Venusaur, M|301\/301
|turn|4
|
|detailschange|p2a: Venusaur|Venusaur-Mega, M
|message|Venusaur has Mega Evolved into Mega Venusaur!
|move|p1a: Manectric|Volt Switch|p2a: Venusaur
|-resisted|p2a: Venusaur
|-damage|p2a: Venusaur|244\/301
|
|switch|p1a: Staraptor|Staraptor, M|311\/311
|move|p2a: Venusaur|Sleep Powder|p1a: Staraptor
|-status|p1a: Staraptor|slp
|
|turn|5
|
|cant|p1a: Staraptor|slp
|move|p2a: Venusaur|Swords Dance|p2a: Venusaur
|-boost|p2a: Venusaur|atk|2
|
|turn|6
|
|cant|p1a: Staraptor|slp
|move|p2a: Venusaur|Swords Dance|p2a: Venusaur
|-boost|p2a: Venusaur|atk|2
|
|turn|7
|
|cant|p1a: Staraptor|slp
|move|p2a: Venusaur|Power Whip|p1a: Staraptor|[miss]
|-miss|p2a: Venusaur|p1a: Staraptor
|
|turn|8
|
|-curestatus|p1a: Staraptor|slp
|move|p1a: Staraptor|Brave Bird|p2a: Venusaur
|-crit|p2a: Venusaur
|-supereffective|p2a: Venusaur
|-damage|p2a: Venusaur|0 fnt
|-damage|p1a: Staraptor|230\/311|[from] recoil|[of] p2a: Venusaur
|faint|p2a: Venusaur
|
|-message|Kid Wycked forfeited.
|
|win|Bulbasawr
|raw|Ladder updating...
|leave|Kid Wycked
|player|p2
|raw|Bulbasawr's rating: 1422 &rarr; <strong>1439<\/strong><br \/>(+17 for winning)
|raw|Kid Wycked's rating: 1374 &rarr; <strong>1357<\/strong><br \/>(-17 for losing)
|leave|Bulbasawr
|player|p1