|join|harrybeebee
|join|Bulbasawr
|player|p1|harrybeebee|80
|player|p2|Bulbasawr|162
|gametype|singles
|gen|6
|tier|OU
|rated
|clearpoke
|poke|p1|Shuckle, M, shiny
|poke|p1|Kyurem-Black, shiny
|poke|p1|Gengar, F
|poke|p1|Blissey, F
|poke|p1|Venusaur, M, shiny
|poke|p1|Quagsire, F, shiny
|poke|p2|Politoed, M
|poke|p2|Kabutops, F
|poke|p2|Manectric, F
|poke|p2|Kingdra, M
|poke|p2|Crawdaunt, M
|poke|p2|Archeops, M
|rule|Swagger Clause: Swagger is banned
|rule|Baton Pass Clause: Limit three Pokémon knowing Baton Pass
|rule|Sleep Clause Mod: Limit one foe put to sleep
|rule|Species Clause: Limit one of each Pokémon
|rule|OHKO Clause: OHKO moves are banned
|rule|Moody Clause: Moody is banned
|rule|Evasion Moves Clause: Evasion moves are banned
|rule|Endless Battle Clause: Forcing endless battles is banned
|rule|HP Percentage Mod: HP is reported as percentages
|teampreview
|join|Flacid Bread
|
|start
|switch|p1a: Shuckle|Shuckle, M, shiny|244\/244
|switch|p2a: Archeops|Archeops, M|291\/291
|turn|1
|
|move|p2a: Archeops|Stone Edge|p1a: Shuckle
|-supereffective|p1a: Shuckle
|-damage|p1a: Shuckle|56\/244
|-enditem|p1a: Shuckle|Sitrus Berry|[eat]
|-heal|p1a: Shuckle|117\/244|[from] item: Sitrus Berry
|move|p1a: Shuckle|Sticky Web|p2a: Archeops
|-sidestart|p2: Bulbasawr|move: Sticky Web
|
|turn|2
|
|move|p2a: Archeops|Stone Edge|p1a: Shuckle|[miss]
|-miss|p2a: Archeops|p1a: Shuckle
|move|p1a: Shuckle|Stealth Rock|p2a: Archeops
|-sidestart|p2: Bulbasawr|move: Stealth Rock
|
|turn|3
|
|move|p2a: Archeops|Stone Edge|p1a: Shuckle|[miss]
|-miss|p2a: Archeops|p1a: Shuckle
|move|p1a: Shuckle|Infestation|p2a: Archeops
|-resisted|p2a: Archeops
|-damage|p2a: Archeops|287\/291
|-activate|p2a: Archeops|move: Infestation|[of] p1a: Shuckle
|
|-damage|p2a: Archeops|251\/291|[from] move: Infestation|[partiallytrapped]
|turn|4
|
|move|p2a: Archeops|Stone Edge|p1a: Shuckle
|-crit|p1a: Shuckle
|-supereffective|p1a: Shuckle
|-damage|p1a: Shuckle|0 fnt
|faint|p1a: Shuckle
|
|-end|p2a: Archeops|Infestation|[partiallytrapped]
|
|switch|p1a: Blissey|Blissey, F|714\/714
|turn|5
|
|move|p2a: Archeops|Stone Edge|p1a: Blissey
|-damage|p1a: Blissey|347\/714
|move|p1a: Blissey|Counter|p2a: Archeops
|-damage|p2a: Archeops|0 fnt
|faint|p2a: Archeops
|
|-heal|p1a: Blissey|391\/714|[from] item: Leftovers
|
|switch|p2a: Crawdaunt|Crawdaunt, M|330\/330
|-damage|p2a: Crawdaunt|289\/330|[from] Stealth Rock
|-activate|p2a: Crawdaunt|move: Sticky Web
|-unboost|p2a: Crawdaunt|spe|1
|turn|6
|
|move|p1a: Blissey|Seismic Toss|p2a: Crawdaunt
|-damage|p2a: Crawdaunt|189\/330
|move|p2a: Crawdaunt|Swords Dance|p2a: Crawdaunt
|-boost|p2a: Crawdaunt|atk|2
|
|-heal|p1a: Blissey|435\/714|[from] item: Leftovers
|turn|7
|
|switch|p1a: Quagsire|Quagsire, F, shiny|391\/391
|move|p2a: Crawdaunt|Knock Off|p1a: Quagsire
|-damage|p1a: Quagsire|143\/391
|-enditem|p1a: Quagsire|Leftovers|[from] move: Knock Off|[of] p2a: Crawdaunt
|
|turn|8
|
|move|p1a: Quagsire|Toxic|p2a: Crawdaunt
|-status|p2a: Crawdaunt|tox
|move|p2a: Crawdaunt|Waterfall|p1a: Quagsire
|-damage|p1a: Quagsire|0 fnt
|faint|p1a: Quagsire
|
|-damage|p2a: Crawdaunt|169\/330 tox|[from] psn
|
|switch|p1a: Gengar|Gengar, F|262\/262
|turn|9
|
|move|p2a: Crawdaunt|Aqua Jet|p1a: Gengar
|-damage|p1a: Gengar|0 fnt
|faint|p1a: Gengar
|
|-damage|p2a: Crawdaunt|129\/330 tox|[from] psn
|
|switch|p1a: Venusaur|Venusaur, M, shiny|364\/364
|turn|10
|
|detailschange|p1a: Venusaur|Venusaur-Mega, M, shiny
|message|Venusaur has Mega Evolved into Mega Venusaur!
|move|p1a: Venusaur|Giga Drain|p2a: Crawdaunt
|-supereffective|p2a: Crawdaunt
|-damage|p2a: Crawdaunt|0 fnt
|faint|p2a: Crawdaunt
|
|
|switch|p2a: Politoed|Politoed, M|384\/384
|-damage|p2a: Politoed|336\/384|[from] Stealth Rock
|-activate|p2a: Politoed|move: Sticky Web
|-unboost|p2a: Politoed|spe|1
|-weather|RainDance
|turn|11
|
|move|p1a: Venusaur|Sleep Powder|p2a: Politoed
|-status|p2a: Politoed|slp
|cant|p2a: Politoed|slp
|
|-weather|RainDance|[upkeep]
|turn|12
|
|move|p1a: Venusaur|Giga Drain|p2a: Politoed
|-supereffective|p2a: Politoed
|-damage|p2a: Politoed|52\/384 slp
|cant|p2a: Politoed|slp
|
|-weather|RainDance|[upkeep]
|turn|13
|
|move|p1a: Venusaur|Giga Drain|p2a: Politoed
|-supereffective|p2a: Politoed
|-damage|p2a: Politoed|0 fnt
|faint|p2a: Politoed
|
|-weather|RainDance|[upkeep]
|
|switch|p2a: Kingdra|Kingdra, M|291\/291
|-activate|p2a: Kingdra|move: Sticky Web
|-unboost|p2a: Kingdra|spe|1
|-damage|p2a: Kingdra|255\/291|[from] Stealth Rock
|turn|14
|
|move|p2a: Kingdra|Dragon Pulse|p1a: Venusaur
|-damage|p1a: Venusaur|208\/364
|-damage|p2a: Kingdra|226\/291|[from] item: Life Orb
|move|p1a: Venusaur|Sleep Powder|p2a: Kingdra|[miss]
|-miss|p1a: Venusaur|p2a: Kingdra
|
|-weather|RainDance|[upkeep]
|turn|15
|
|move|p2a: Kingdra|Dragon Pulse|p1a: Venusaur
|-damage|p1a: Venusaur|72\/364
|-damage|p2a: Kingdra|197\/291|[from] item: Life Orb
|move|p1a: Venusaur|Sleep Powder|p2a: Kingdra
|-status|p2a: Kingdra|slp
|
|-weather|RainDance|[upkeep]
|turn|16
|
|cant|p2a: Kingdra|slp
|move|p1a: Venusaur|Giga Drain|p2a: Kingdra
|-damage|p2a: Kingdra|55\/291 slp
|-heal|p1a: Venusaur|143\/364|[from] drain|[of] p2a: Kingdra
|
|-weather|RainDance|[upkeep]
|turn|17
|
|-curestatus|p2a: Kingdra|slp
|move|p2a: Kingdra|Dragon Pulse|p1a: Venusaur
|-damage|p1a: Venusaur|0 fnt
|-damage|p2a: Kingdra|26\/291|[from] item: Life Orb
|faint|p1a: Venusaur
|
|-weather|RainDance|[upkeep]
|
|switch|p1a: Kyurem-Black|Kyurem-Black, shiny|392\/392
|-ability|p1a: Kyurem-Black|Teravolt
|turn|18
|
|move|p2a: Kingdra|Dragon Pulse|p1a: Kyurem-Black
|-supereffective|p1a: Kyurem-Black
|-damage|p1a: Kyurem-Black|2\/392
|-damage|p2a: Kingdra|0 fnt|[from] item: Life Orb
|faint|p2a: Kingdra
|move|p1a: Kyurem-Black|Fusion Bolt|p2: Kingdra|[notarget]
|-notarget
|
|-weather|none
|
|switch|p2a: Kabutops|Kabutops, F|262\/262
|-activate|p2a: Kabutops|move: Sticky Web
|-unboost|p2a: Kabutops|spe|1
|-damage|p2a: Kabutops|230\/262|[from] Stealth Rock
|turn|19
|
|switch|p1a: Blissey|Blissey, F|435\/714
|move|p2a: Kabutops|Aqua Jet|p1a: Blissey
|-damage|p1a: Blissey|299\/714
|
|-heal|p1a: Blissey|343\/714|[from] item: Leftovers
|turn|20
|
|move|p2a: Kabutops|Waterfall|p1a: Blissey
|-damage|p1a: Blissey|85\/714
|move|p1a: Blissey|Wish|p1a: Blissey
|
|-heal|p1a: Blissey|129\/714|[from] item: Leftovers
|turn|21
|
|move|p2a: Kabutops|Swords Dance|p2a: Kabutops
|-boost|p2a: Kabutops|atk|2
|move|p1a: Blissey|Counter|p2a: Kabutops
|-fail|p2a: Kabutops
|
|-heal|p1a: Blissey|486\/714|[from] move: Wish|[wisher] Blissey
|-heal|p1a: Blissey|530\/714|[from] item: Leftovers
|turn|22
|
|move|p2a: Kabutops|Waterfall|p1a: Blissey
|-damage|p1a: Blissey|35\/714
|move|p1a: Blissey|Counter|p2a: Kabutops
|-damage|p2a: Kabutops|0 fnt
|faint|p2a: Kabutops
|
|-heal|p1a: Blissey|79\/714|[from] item: Leftovers
|
|switch|p2a: Manectric|Manectric, F|281\/281
|-activate|p2a: Manectric|move: Sticky Web
|-unboost|p2a: Manectric|spe|1
|-damage|p2a: Manectric|246\/281|[from] Stealth Rock
|turn|23
|
|detailschange|p2a: Manectric|Manectric-Mega, F
|message|Manectric has Mega Evolved into Mega Manectric!
|-ability|p2a: Manectric|Intimidate|[of] p1a: Blissey
|-unboost|p1a: Blissey|atk|1
|move|p2a: Manectric|Thunderbolt|p1a: Blissey
|-damage|p1a: Blissey|0 fnt
|faint|p1a: Blissey
|
|
|switch|p1a: Kyurem-Black|Kyurem-Black, shiny|2\/392
|-ability|p1a: Kyurem-Black|Teravolt
|turn|24
|chat|harrybeebee|gg
|
|move|p1a: Kyurem-Black|Outrage|p2a: Manectric
|-damage|p2a: Manectric|0 fnt
|faint|p2a: Manectric
|
|win|harrybeebee
|raw|Ladder updating...
|raw|harrybeebee's rating: 1380 &rarr; <strong>1400<\/strong><br \/>(+20 for winning)
|raw|Bulbasawr's rating: 1379 &rarr; <strong>1359<\/strong><br \/>(-20 for losing)
|leave|Bulbasawr
|player|p2
|leave|Flacid Bread