|join|Bulbasawr
|join|Richizen
|player|p1|Bulbasawr|155
|player|p2|Richizen|1
|gametype|singles
|gen|6
|tier|OU
|rated
|clearpoke
|poke|p1|Politoed, F, shiny
|poke|p1|Swampert, F
|poke|p1|Kabutops, M
|poke|p1|Kingdra, F
|poke|p1|Mamoswine, M
|poke|p1|Greninja, F
|poke|p2|Ferrothorn, M, shiny
|poke|p2|Gallade, M
|poke|p2|Greninja, M, shiny
|poke|p2|Excadrill, M
|poke|p2|Gothitelle, F
|poke|p2|Clefable, F, shiny
|rule|Swagger Clause: Swagger is banned
|rule|Baton Pass Clause: Limit one Pokémon knowing Baton Pass
|rule|Sleep Clause Mod: Limit one foe put to sleep
|rule|Species Clause: Limit one of each Pokémon
|rule|OHKO Clause: OHKO moves are banned
|rule|Moody Clause: Moody is banned
|rule|Evasion Moves Clause: Evasion moves are banned
|rule|Endless Battle Clause: Forcing endless battles is banned
|rule|HP Percentage Mod: HP is shown in percentages
|teampreview
|
|start
|switch|p1a: Mamoswine|Mamoswine, M|361\/361
|switch|p2a: Ferrothorn|Ferrothorn, M, shiny|352\/352
|turn|1
|
|move|p1a: Mamoswine|Stealth Rock|p2a: Ferrothorn
|-sidestart|p2: Richizen|move: Stealth Rock
|move|p2a: Ferrothorn|Stealth Rock|p1a: Mamoswine
|-sidestart|p1: Bulbasawr|move: Stealth Rock
|
|turn|2
|
|move|p1a: Mamoswine|Ice Shard|p2a: Ferrothorn
|-damage|p2a: Ferrothorn|310\/352
|move|p2a: Ferrothorn|Leech Seed|p1a: Mamoswine
|-start|p1a: Mamoswine|move: Leech Seed
|
|-heal|p2a: Ferrothorn|332\/352|[from] item: Leftovers
|-damage|p1a: Mamoswine|316\/361|[from] Leech Seed|[of] p2a: Ferrothorn
|-heal|p2a: Ferrothorn|352\/352|[silent]
|turn|3
|
|move|p1a: Mamoswine|Knock Off|p2a: Ferrothorn
|-damage|p2a: Ferrothorn|285\/352
|-damage|p1a: Mamoswine|271\/361|[from] ability: Iron Barbs|[of] p2a: Ferrothorn
|-enditem|p2a: Ferrothorn|Leftovers|[from] move: Knock Off|[of] p1a: Mamoswine
|move|p2a: Ferrothorn|Spikes|p1a: Mamoswine
|-sidestart|p1: Bulbasawr|Spikes
|
|-damage|p1a: Mamoswine|226\/361|[from] Leech Seed|[of] p2a: Ferrothorn
|-heal|p2a: Ferrothorn|330\/352|[silent]
|turn|4
|
|switch|p1a: Greninja|Greninja, F|285\/285
|-damage|p1a: Greninja|250\/285|[from] Spikes
|-damage|p1a: Greninja|215\/285|[from] Stealth Rock
|move|p2a: Ferrothorn|Spikes|p1a: Greninja
|-sidestart|p1: Bulbasawr|Spikes
|
|turn|5
|
|switch|p2a: Greninja|Greninja, M, shiny|285\/285
|-damage|p2a: Greninja|250\/285|[from] Stealth Rock
|move|p1a: Greninja|Low Kick|p2a: Greninja
|-start|p1a: Greninja|typechange|Fighting|[from] Protean
|-supereffective|p2a: Greninja
|-damage|p2a: Greninja|0 fnt
|-damage|p1a: Greninja|187\/285|[from] item: Life Orb
|faint|p2a: Greninja
|
|
|switch|p2a: Clefable|Clefable, F, shiny|394\/394
|-damage|p2a: Clefable|345\/394|[from] Stealth Rock
|turn|6
|
|move|p1a: Greninja|Gunk Shot|p2a: Clefable
|-start|p1a: Greninja|typechange|Poison|[from] Protean
|-supereffective|p2a: Clefable
|-damage|p2a: Clefable|7\/394
|-damage|p1a: Greninja|159\/285|[from] item: Life Orb
|move|p2a: Clefable|Moonblast|p1a: Greninja
|-resisted|p1a: Greninja
|-damage|p1a: Greninja|90\/285
|
|-heal|p2a: Clefable|31\/394|[from] item: Leftovers
|turn|7
|
|move|p1a: Greninja|Low Kick|p2a: Clefable
|-start|p1a: Greninja|typechange|Fighting|[from] Protean
|-resisted|p2a: Clefable
|-damage|p2a: Clefable|0 fnt
|-damage|p1a: Greninja|62\/285|[from] item: Life Orb
|faint|p2a: Clefable
|
|
|switch|p2a: Ferrothorn|Ferrothorn, M, shiny|330\/352
|-damage|p2a: Ferrothorn|308\/352|[from] Stealth Rock
|turn|8
|
|move|p1a: Greninja|Low Kick|p2a: Ferrothorn
|-supereffective|p2a: Ferrothorn
|-damage|p2a: Ferrothorn|118\/352
|-damage|p1a: Greninja|27\/285|[from] ability: Iron Barbs|[of] p2a: Ferrothorn
|-damage|p1a: Greninja|0 fnt|[from] item: Life Orb
|faint|p1a: Greninja
|move|p2a: Ferrothorn|Leech Seed|p1: Greninja|[notarget]
|-notarget
|
|
|switch|p1a: Swampert|Swampert, F|341\/341
|-damage|p1a: Swampert|320\/341|[from] Stealth Rock
|-damage|p1a: Swampert|264\/341|[from] Spikes
|turn|9
|
|detailschange|p1a: Swampert|Swampert-Mega, F
|message|Swampert has Mega Evolved into Mega Swampert!
|move|p1a: Swampert|Low Kick|p2a: Ferrothorn
|-supereffective|p2a: Ferrothorn
|-damage|p2a: Ferrothorn|0 fnt
|-damage|p1a: Swampert|222\/341|[from] ability: Iron Barbs|[of] p2a: Ferrothorn
|faint|p2a: Ferrothorn
|
|
|switch|p2a: Gallade|Gallade, M|302\/302
|-damage|p2a: Gallade|284\/302|[from] Stealth Rock
|turn|10
|
|detailschange|p2a: Gallade|Gallade-Mega, M
|message|Gallade has Mega Evolved into Mega Gallade!
|move|p2a: Gallade|Bulk Up|p2a: Gallade
|-boost|p2a: Gallade|atk|1
|-boost|p2a: Gallade|def|1
|move|p1a: Swampert|Earthquake|p2a: Gallade
|-damage|p2a: Gallade|131\/302
|
|turn|11
|
|move|p2a: Gallade|Drain Punch|p1a: Swampert
|-damage|p1a: Swampert|0 fnt
|-heal|p2a: Gallade|242\/302|[from] drain|[of] p1a: Swampert
|faint|p1a: Swampert
|
|
|switch|p1a: Politoed|Politoed, F, shiny|384\/384
|-damage|p1a: Politoed|320\/384|[from] Spikes
|-damage|p1a: Politoed|272\/384|[from] Stealth Rock
|-weather|RainDance
|turn|12
|
|move|p2a: Gallade|Drain Punch|p1a: Politoed
|-damage|p1a: Politoed|77\/384
|-heal|p2a: Gallade|302\/302|[from] drain|[of] p1a: Politoed
|move|p1a: Politoed|Encore|p2a: Gallade
|-start|p2a: Gallade|Encore
|
|-weather|RainDance|[upkeep]
|turn|13
|
|move|p2a: Gallade|Drain Punch|p1a: Politoed
|-damage|p1a: Politoed|0 fnt
|faint|p1a: Politoed
|
|-weather|RainDance|[upkeep]
|
|switch|p1a: Kingdra|Kingdra, F|291\/291
|-damage|p1a: Kingdra|243\/291|[from] Spikes
|-damage|p1a: Kingdra|207\/291|[from] Stealth Rock
|turn|14
|
|move|p1a: Kingdra|Hydro Pump|p2a: Gallade|[miss]
|-miss|p1a: Kingdra|p2a: Gallade
|move|p2a: Gallade|Drain Punch|p1a: Kingdra
|-damage|p1a: Kingdra|0 fnt
|faint|p1a: Kingdra
|
|-weather|RainDance|[upkeep]
|-message|Bulbasawr forfeited.
|
|win|Richizen
|raw|Ladder updating...
|leave|Bulbasawr
|player|p1