|join|Eggxecutor
|join|Bulbasawr
|player|p1|Eggxecutor|15
|player|p2|Bulbasawr|162
|gametype|singles
|gen|6
|tier|OU
|rated
|clearpoke
|poke|p1|Scizor, F
|poke|p1|Rotom-Wash
|poke|p1|Pinsir, F
|poke|p1|Talonflame, F
|poke|p1|Greninja, F
|poke|p1|Excadrill, M
|poke|p2|Dragonite, F
|poke|p2|Pinsir, M
|poke|p2|Landorus-Therian, M
|poke|p2|Keldeo-Resolute
|poke|p2|Excadrill, M
|poke|p2|Talonflame, M
|rule|Swagger Clause: Swagger is banned
|rule|Baton Pass Clause: Limit one Pokémon knowing Baton Pass
|rule|Sleep Clause Mod: Limit one foe put to sleep
|rule|Species Clause: Limit one of each Pokémon
|rule|OHKO Clause: OHKO moves are banned
|rule|Moody Clause: Moody is banned
|rule|Evasion Moves Clause: Evasion moves are banned
|rule|Endless Battle Clause: Forcing endless battles is banned
|rule|HP Percentage Mod: HP is shown in percentages
|teampreview
|
|start
|switch|p1a: Rotom-Wash|Rotom-Wash|241\/241
|switch|p2a: Dragonite|Dragonite, F|386\/386
|turn|1
|
|move|p1a: Rotom-Wash|Volt Switch|p2a: Dragonite
|-damage|p2a: Dragonite|332\/386
|
|switch|p1a: Scizor|Scizor, F|343\/343
|move|p2a: Dragonite|Dragon Dance|p2a: Dragonite
|-boost|p2a: Dragonite|atk|1
|-boost|p2a: Dragonite|spe|1
|
|turn|2
|
|move|p1a: Scizor|Bullet Punch|p2a: Dragonite
|-damage|p2a: Dragonite|145\/386
|move|p2a: Dragonite|Roost|p2a: Dragonite
|-heal|p2a: Dragonite|338\/386
|
|turn|3
|
|move|p1a: Scizor|Bullet Punch|p2a: Dragonite
|-damage|p2a: Dragonite|142\/386
|move|p2a: Dragonite|Dragon Dance|p2a: Dragonite
|-boost|p2a: Dragonite|atk|1
|-boost|p2a: Dragonite|spe|1
|
|turn|4
|
|switch|p2a: Keldeo-Resolute|Keldeo-Resolute|322\/322
|move|p1a: Scizor|Bullet Punch|p2a: Keldeo-Resolute
|-resisted|p2a: Keldeo-Resolute
|-damage|p2a: Keldeo-Resolute|217\/322
|
|turn|5
|
|switch|p1a: Rotom-Wash|Rotom-Wash|241\/241
|move|p2a: Keldeo-Resolute|Secret Sword|p1a: Rotom-Wash
|-damage|p1a: Rotom-Wash|10\/241
|
|turn|6
|
|move|p1a: Rotom-Wash|Volt Switch|p2a: Keldeo-Resolute
|-supereffective|p2a: Keldeo-Resolute
|-damage|p2a: Keldeo-Resolute|0 fnt
|faint|p2a: Keldeo-Resolute
|
|switch|p1a: Greninja|Greninja, F|285\/285
|
|
|switch|p2a: Landorus-Therian|Landorus-Therian, M|320\/320
|-ability|p2a: Landorus-Therian|Intimidate|[of] p1a: Greninja
|-unboost|p1a: Greninja|atk|1
|turn|7
|
|switch|p1a: Talonflame|Talonflame, F|360\/360
|move|p2a: Landorus-Therian|U-turn|p1a: Talonflame
|-resisted|p1a: Talonflame
|-damage|p1a: Talonflame|328\/360
|
|switch|p2a: Dragonite|Dragonite, F|142\/386
|
|-heal|p1a: Talonflame|350\/360|[from] item: Leftovers
|turn|8
|
|move|p1a: Talonflame|Will-O-Wisp|p2a: Dragonite
|-status|p2a: Dragonite|brn
|-enditem|p2a: Dragonite|Lum Berry|[eat]
|-curestatus|p2a: Dragonite|brn
|move|p2a: Dragonite|Roost|p2a: Dragonite
|-heal|p2a: Dragonite|335\/386
|
|-heal|p1a: Talonflame|360\/360|[from] item: Leftovers
|turn|9
|
|switch|p2a: Talonflame|Talonflame, M|298\/298
|move|p1a: Talonflame|Will-O-Wisp|p2a: Talonflame
|-fail|p2a: Talonflame
|
|turn|10
|
|move|p2a: Talonflame|Swords Dance|p2a: Talonflame
|-boost|p2a: Talonflame|atk|2
|move|p1a: Talonflame|Bulk Up|p1a: Talonflame
|-boost|p1a: Talonflame|atk|1
|-boost|p1a: Talonflame|def|1
|
|turn|11
|
|move|p2a: Talonflame|Brave Bird|p1a: Talonflame
|-damage|p1a: Talonflame|44\/360
|-damage|p2a: Talonflame|194\/298|[from] recoil|[of] p1a: Talonflame
|move|p1a: Talonflame|Brave Bird|p2a: Talonflame
|-damage|p2a: Talonflame|0 fnt
|-damage|p1a: Talonflame|0 fnt|[from] recoil|[of] p2a: Talonflame
|faint|p2a: Talonflame
|faint|p1a: Talonflame
|
|
|switch|p2a: Landorus-Therian|Landorus-Therian, M|320\/320
|switch|p1a: Excadrill|Excadrill, M|362\/362
|-ability|p2a: Landorus-Therian|Intimidate|[of] p1a: Excadrill
|-unboost|p1a: Excadrill|atk|1
|-ability|p1a: Excadrill|Mold Breaker
|turn|12
|
|move|p2a: Landorus-Therian|Earthquake|p1a: Excadrill
|-crit|p1a: Excadrill
|-supereffective|p1a: Excadrill
|-damage|p1a: Excadrill|0 fnt
|faint|p1a: Excadrill
|
|
|switch|p1a: Pinsir|Pinsir, F|271\/271
|-ability|p1a: Pinsir|Mold Breaker
|turn|13
|
|switch|p2a: Dragonite|Dragonite, F|335\/386
|detailschange|p1a: Pinsir|Pinsir-Mega, F
|message|Pinsir has Mega Evolved into Mega Pinsir!
|move|p1a: Pinsir|Swords Dance|p1a: Pinsir
|-boost|p1a: Pinsir|atk|2
|
|turn|14
|
|move|p2a: Dragonite|Extreme Speed|p1a: Pinsir
|-damage|p1a: Pinsir|172\/271
|move|p1a: Pinsir|Swords Dance|p1a: Pinsir
|-boost|p1a: Pinsir|atk|2
|
|turn|15
|
|move|p2a: Dragonite|Extreme Speed|p1a: Pinsir
|-damage|p1a: Pinsir|76\/271
|move|p1a: Pinsir|Return|p2a: Dragonite
|-damage|p2a: Dragonite|0 fnt
|faint|p2a: Dragonite
|
|
|switch|p2a: Landorus-Therian|Landorus-Therian, M|320\/320
|-ability|p2a: Landorus-Therian|Intimidate|[of] p1a: Pinsir
|-unboost|p1a: Pinsir|atk|1
|turn|16
|
|switch|p2a: Excadrill|Excadrill, M|362\/362
|-ability|p2a: Excadrill|Mold Breaker
|-item|p2a: Excadrill|Air Balloon
|move|p1a: Pinsir|Quick Attack|p2a: Excadrill
|-resisted|p2a: Excadrill
|-damage|p2a: Excadrill|143\/362
|-enditem|p2a: Excadrill|Air Balloon
|
|turn|17
|
|move|p1a: Pinsir|Quick Attack|p2a: Excadrill
|-resisted|p2a: Excadrill
|-damage|p2a: Excadrill|0 fnt
|faint|p2a: Excadrill
|
|
|switch|p2a: Landorus-Therian|Landorus-Therian, M|320\/320
|-ability|p2a: Landorus-Therian|Intimidate|[of] p1a: Pinsir
|-unboost|p1a: Pinsir|atk|1
|turn|18
|
|move|p1a: Pinsir|Quick Attack|p2a: Landorus-Therian
|-damage|p2a: Landorus-Therian|61\/320
|move|p2a: Landorus-Therian|Stone Edge|p1a: Pinsir
|-supereffective|p1a: Pinsir
|-damage|p1a: Pinsir|0 fnt
|faint|p1a: Pinsir
|
|
|switch|p1a: Scizor|Scizor, F|343\/343
|turn|19
|
|move|p1a: Scizor|Bullet Punch|p2a: Landorus-Therian
|-damage|p2a: Landorus-Therian|0 fnt
|faint|p2a: Landorus-Therian
|
|
|switch|p2a: Pinsir|Pinsir, M|334\/334
|turn|20
|
|detailschange|p2a: Pinsir|Pinsir-Mega, M
|message|Pinsir has Mega Evolved into Mega Pinsir!
|move|p1a: Scizor|Bullet Punch|p2a: Pinsir
|-damage|p2a: Pinsir|186\/334
|move|p2a: Pinsir|Swords Dance|p2a: Pinsir
|-boost|p2a: Pinsir|atk|2
|
|turn|21
|
|move|p1a: Scizor|Bullet Punch|p2a: Pinsir
|-damage|p2a: Pinsir|32\/334
|move|p2a: Pinsir|Frustration|p1a: Scizor
|-damage|p1a: Scizor|0 fnt
|faint|p1a: Scizor
|
|
|switch|p1a: Greninja|Greninja, F|285\/285
|turn|22
|
|move|p1a: Greninja|Shadow Sneak|p2a: Pinsir
|-start|p1a: Greninja|typechange|Ghost|[from] Protean
|-damage|p2a: Pinsir|0 fnt
|-damage|p1a: Greninja|257\/285|[from] item: Life Orb
|faint|p2a: Pinsir
|
|win|Eggxecutor
|raw|Ladder updating...
|raw|Eggxecutor's rating: 1659 &rarr; <strong>1681<\/strong><br \/>(+22 for winning)
|raw|Bulbasawr's rating: 1694 &rarr; <strong>1672<\/strong><br \/>(-22 for losing)
|c|★Eggxecutor|gg
|c|★Bulbasawr|Fuuuu
|c|★Eggxecutor|lol