|join|Bulbasawr
|join|RuanR
|player|p1|Bulbasawr|162
|player|p2|RuanR|284
|gametype|singles
|gen|6
|tier|OU
|rated
|clearpoke
|poke|p1|Politoed, F
|poke|p1|Kabutops, M
|poke|p1|Manectric, F
|poke|p1|Kingdra, F
|poke|p1|Thundurus-Therian, M
|poke|p1|Gyarados, M
|poke|p2|Tyranitar, M
|poke|p2|Terrakion
|poke|p2|Landorus, M
|poke|p2|Alakazam, M
|poke|p2|Excadrill, F
|poke|p2|Hippowdon, M
|rule|Swagger Clause: Swagger is banned
|rule|Baton Pass Clause: Limit three Pokémon knowing Baton Pass
|rule|Sleep Clause Mod: Limit one foe put to sleep
|rule|Species Clause: Limit one of each Pokémon
|rule|OHKO Clause: OHKO moves are banned
|rule|Moody Clause: Moody is banned
|rule|Evasion Moves Clause: Evasion moves are banned
|rule|Endless Battle Clause: Forcing endless battles is banned
|rule|HP Percentage Mod: HP is reported as percentages
|teampreview
|join|DoctorPhrog
|
|start
|switch|p1a: Gyarados|Gyarados, M|331\/331
|switch|p2a: Tyranitar|Tyranitar, M|404\/404
|-weather|Sandstorm
|turn|1
|
|detailschange|p2a: Tyranitar|Tyranitar-Mega, M
|message|Tyranitar has Mega Evolved into Mega Tyranitar!
|move|p1a: Gyarados|Waterfall|p2a: Tyranitar
|-supereffective|p2a: Tyranitar
|-damage|p2a: Tyranitar|204\/404
|move|p2a: Tyranitar|Stone Edge|p1a: Gyarados
|-supereffective|p1a: Gyarados
|-damage|p1a: Gyarados|0 fnt
|faint|p1a: Gyarados
|
|-weather|Sandstorm|[upkeep]
|
|switch|p1a: Politoed|Politoed, F|384\/384
|-weather|RainDance
|turn|2
|
|switch|p2a: Hippowdon|Hippowdon, M|420\/420
|-weather|Sandstorm
|move|p1a: Politoed|Scald|p2a: Hippowdon
|-supereffective|p2a: Hippowdon
|-damage|p2a: Hippowdon|174\/420
|-status|p2a: Hippowdon|brn
|
|-weather|Sandstorm|[upkeep]
|-damage|p1a: Politoed|360\/384|[from] sandstorm
|-heal|p2a: Hippowdon|200\/420 brn|[from] item: Leftovers
|-damage|p2a: Hippowdon|148\/420 brn|[from] brn
|turn|3
|
|move|p1a: Politoed|Scald|p2a: Hippowdon
|-supereffective|p2a: Hippowdon
|-damage|p2a: Hippowdon|0 fnt
|faint|p2a: Hippowdon
|
|-weather|Sandstorm|[upkeep]
|-damage|p1a: Politoed|336\/384|[from] sandstorm
|
|switch|p2a: Landorus|Landorus, M|320\/320
|turn|4
|
|switch|p1a: Thundurus-Therian|Thundurus-Therian, M|299\/299
|move|p2a: Landorus|Grass Knot|p1a: Thundurus-Therian
|-resisted|p1a: Thundurus-Therian
|-damage|p1a: Thundurus-Therian|233\/299
|-damage|p2a: Landorus|288\/320|[from] item: Life Orb
|
|-weather|Sandstorm|[upkeep]
|-damage|p1a: Thundurus-Therian|215\/299|[from] sandstorm
|turn|5
|
|switch|p2a: Excadrill|Excadrill, F|362\/362
|move|p1a: Thundurus-Therian|Hidden Power|p2a: Excadrill
|-damage|p2a: Excadrill|256\/362
|
|-weather|Sandstorm|[upkeep]
|-damage|p1a: Thundurus-Therian|197\/299|[from] sandstorm
|turn|6
|
|move|p2a: Excadrill|Iron Head|p1a: Thundurus-Therian
|-resisted|p1a: Thundurus-Therian
|-damage|p1a: Thundurus-Therian|66\/299
|-enditem|p1a: Thundurus-Therian|Sitrus Berry|[eat]
|-heal|p1a: Thundurus-Therian|140\/299|[from] item: Sitrus Berry
|move|p1a: Thundurus-Therian|Focus Blast|p2a: Excadrill
|-supereffective|p2a: Excadrill
|-damage|p2a: Excadrill|0 fnt
|faint|p2a: Excadrill
|
|-weather|none
|
|switch|p2a: Terrakion|Terrakion|323\/323
|turn|7
|
|move|p2a: Terrakion|Stone Edge|p1a: Thundurus-Therian
|-supereffective|p1a: Thundurus-Therian
|-damage|p1a: Thundurus-Therian|0 fnt
|faint|p1a: Thundurus-Therian
|
|
|switch|p1a: Politoed|Politoed, F|336\/384
|-weather|RainDance
|turn|8
|
|switch|p2a: Tyranitar|Tyranitar-Mega, M|204\/404
|-weather|Sandstorm
|move|p1a: Politoed|Scald|p2a: Tyranitar
|-supereffective|p2a: Tyranitar
|-damage|p2a: Tyranitar|130\/404
|
|-weather|Sandstorm|[upkeep]
|-damage|p1a: Politoed|312\/384|[from] sandstorm
|turn|9
|
|move|p2a: Tyranitar|Stone Edge|p1a: Politoed
|-damage|p1a: Politoed|144\/384
|move|p1a: Politoed|Hypnosis|p2a: Tyranitar
|-status|p2a: Tyranitar|slp
|
|-weather|Sandstorm|[upkeep]
|-damage|p1a: Politoed|120\/384|[from] sandstorm
|turn|10
|
|switch|p2a: Alakazam|Alakazam, M|251\/251
|move|p1a: Politoed|Scald|p2a: Alakazam
|-damage|p2a: Alakazam|155\/251
|
|-weather|Sandstorm|[upkeep]
|-damage|p1a: Politoed|96\/384|[from] sandstorm
|turn|11
|
|switch|p1a: Kingdra|Kingdra, F|354\/354
|move|p2a: Alakazam|Psychic|p1a: Kingdra
|-damage|p1a: Kingdra|182\/354
|
|-weather|Sandstorm|[upkeep]
|-damage|p1a: Kingdra|160\/354|[from] sandstorm
|turn|12
|
|move|p2a: Alakazam|Dazzling Gleam|p1a: Kingdra
|-supereffective|p1a: Kingdra
|-damage|p1a: Kingdra|0 fnt
|faint|p1a: Kingdra
|
|-weather|none
|
|switch|p1a: Manectric|Manectric, F|281\/281
|turn|13
|
|detailschange|p1a: Manectric|Manectric-Mega, F
|message|Manectric has Mega Evolved into Mega Manectric!
|-ability|p1a: Manectric|Intimidate|[of] p2a: Alakazam
|-unboost|p2a: Alakazam|atk|1
|move|p1a: Manectric|Thunderbolt|p2a: Alakazam
|-damage|p2a: Alakazam|0 fnt
|faint|p2a: Alakazam
|
|
|switch|p2a: Terrakion|Terrakion|323\/323
|turn|14
|
|move|p2a: Terrakion|Earthquake|p1a: Manectric
|-supereffective|p1a: Manectric
|-damage|p1a: Manectric|0 fnt
|faint|p1a: Manectric
|
|
|switch|p1a: Politoed|Politoed, F|96\/384
|-weather|RainDance
|turn|15
|
|move|p2a: Terrakion|Earthquake|p1a: Politoed
|-damage|p1a: Politoed|0 fnt
|faint|p1a: Politoed
|
|-weather|RainDance|[upkeep]
|
|switch|p1a: Kabutops|Kabutops, M|262\/262
|turn|16
|
|switch|p2a: Tyranitar|Tyranitar-Mega, M|130\/404 slp
|-weather|Sandstorm
|move|p1a: Kabutops|Waterfall|p2a: Tyranitar
|-supereffective|p2a: Tyranitar
|-damage|p2a: Tyranitar|0 fnt
|faint|p2a: Tyranitar
|
|-weather|Sandstorm|[upkeep]
|
|switch|p2a: Terrakion|Terrakion|323\/323
|turn|17
|
|move|p2a: Terrakion|Close Combat|p1a: Kabutops
|-supereffective|p1a: Kabutops
|-damage|p1a: Kabutops|0 fnt
|-unboost|p2a: Terrakion|def|1
|-unboost|p2a: Terrakion|spd|1
|faint|p1a: Kabutops
|
|win|RuanR
|raw|Ladder updating...
|chat|RuanR|gg
|leave|Bulbasawr
|player|p1