|join|ZephyrBurst
|join|dovesoap2
|player|p1|ZephyrBurst|102
|player|p2|dovesoap2|132
|gametype|singles
|gen|6
|tier|OU
|rated
|clearpoke
|poke|p1|Beedrill, M
|poke|p1|Mamoswine, F
|poke|p1|Magnezone
|poke|p1|Zapdos
|poke|p1|Mew
|poke|p1|Talonflame, F
|poke|p2|Togekiss, M
|poke|p2|Conkeldurr, F
|poke|p2|Gliscor, M
|poke|p2|Heatran, F
|poke|p2|Alakazam, F
|poke|p2|Azumarill, M
|rule|Swagger Clause: Swagger is banned
|rule|Baton Pass Clause: Limit one Pokémon knowing Baton Pass
|rule|Sleep Clause Mod: Limit one foe put to sleep
|rule|Species Clause: Limit one of each Pokémon
|rule|OHKO Clause: OHKO moves are banned
|rule|Moody Clause: Moody is banned
|rule|Evasion Moves Clause: Evasion moves are banned
|rule|Endless Battle Clause: Forcing endless battles is banned
|rule|HP Percentage Mod: HP is shown in percentages
|teampreview
|
|start
|switch|p1a: Mamoswine|Mamoswine, F|361\/361
|switch|p2a: Conkeldurr|Conkeldurr, F|414\/414
|turn|1
|
|switch|p1a: Zapdos|Zapdos|384\/384
|-ability|p1a: Zapdos|Pressure
|move|p2a: Conkeldurr|Knock Off|p1a: Zapdos
|-damage|p1a: Zapdos|271\/384
|-enditem|p1a: Zapdos|Leftovers|[from] move: Knock Off|[of] p2a: Conkeldurr
|
|turn|2
|
|switch|p2a: Gliscor|Gliscor, M|354\/354
|move|p1a: Zapdos|Roost|p1a: Zapdos
|-heal|p1a: Zapdos|384\/384
|
|-status|p2a: Gliscor|tox|[from] item: Toxic Orb
|turn|3
|
|switch|p2a: Heatran|Heatran, F|323\/323
|move|p1a: Zapdos|Hidden Power|p2a: Heatran
|-resisted|p2a: Heatran
|-damage|p2a: Heatran|311\/323
|
|turn|4
|
|move|p2a: Heatran|Lava Plume|p1a: Zapdos
|-damage|p1a: Zapdos|221\/384
|-status|p1a: Zapdos|brn
|move|p1a: Zapdos|Volt Switch|p2a: Heatran
|-damage|p2a: Heatran|217\/323
|
|switch|p1a: Mamoswine|Mamoswine, F|361\/361
|
|turn|5
|
|switch|p2a: Gliscor|Gliscor, M|354\/354 tox
|move|p1a: Mamoswine|Earthquake|p2a: Gliscor
|-immune|p2a: Gliscor|[msg]
|
|turn|6
|
|move|p1a: Mamoswine|Stealth Rock|p2a: Gliscor
|-sidestart|p2: dovesoap2|move: Stealth Rock
|move|p2a: Gliscor|Toxic|p1a: Mamoswine
|-status|p1a: Mamoswine|tox
|
|-damage|p1a: Mamoswine|339\/361 tox|[from] psn
|turn|7
|
|move|p1a: Mamoswine|Icicle Spear|p2a: Gliscor
|-supereffective|p2a: Gliscor
|-damage|p2a: Gliscor|246\/354 tox
|-supereffective|p2a: Gliscor
|-damage|p2a: Gliscor|126\/354 tox
|-supereffective|p2a: Gliscor
|-damage|p2a: Gliscor|6\/354 tox
|-hitcount|p2a: Gliscor|3
|move|p2a: Gliscor|Earthquake|p1a: Mamoswine
|-damage|p1a: Mamoswine|198\/361 tox
|
|-damage|p1a: Mamoswine|154\/361 tox|[from] psn
|-heal|p2a: Gliscor|50\/354 tox|[from] ability: Poison Heal
|turn|8
|
|move|p2a: Gliscor|Protect|p2a: Gliscor
|-singleturn|p2a: Gliscor|Protect
|move|p1a: Mamoswine|Ice Shard|p2a: Gliscor
|-activate|p2a: Gliscor|Protect
|
|-damage|p1a: Mamoswine|88\/361 tox|[from] psn
|-heal|p2a: Gliscor|94\/354 tox|[from] ability: Poison Heal
|turn|9
|
|switch|p1a: Beedrill|Beedrill, M|271\/271
|switch|p2a: Azumarill|Azumarill, M|404\/404
|-damage|p2a: Azumarill|354\/404|[from] Stealth Rock
|
|turn|10
|
|detailschange|p1a: Beedrill|Beedrill-Mega, M
|message|Beedrill has Mega Evolved into Mega Beedrill!
|move|p2a: Azumarill|Aqua Jet|p1a: Beedrill
|-damage|p1a: Beedrill|6\/271
|move|p1a: Beedrill|U-turn|p2a: Azumarill
|-resisted|p2a: Azumarill
|-damage|p2a: Azumarill|252\/404
|
|switch|p1a: Magnezone|Magnezone|281\/281
|
|turn|11
|
|switch|p2a: Heatran|Heatran, F|217\/323
|-damage|p2a: Heatran|177\/323|[from] Stealth Rock
|move|p1a: Magnezone|Flash Cannon|p2a: Heatran
|-resisted|p2a: Heatran
|-damage|p2a: Heatran|125\/323
|
|turn|12
|
|switch|p1a: Mamoswine|Mamoswine, F|88\/361 tox
|move|p2a: Heatran|Lava Plume|p1a: Mamoswine
|-supereffective|p1a: Mamoswine
|-damage|p1a: Mamoswine|0 fnt
|faint|p1a: Mamoswine
|
|
|switch|p1a: Zapdos|Zapdos|221\/384 brn
|-ability|p1a: Zapdos|Pressure
|turn|13
|
|switch|p2a: Conkeldurr|Conkeldurr, F|414\/414
|-damage|p2a: Conkeldurr|389\/414|[from] Stealth Rock
|move|p1a: Zapdos|Roost|p1a: Zapdos
|-heal|p1a: Zapdos|384\/384 brn
|
|-damage|p1a: Zapdos|336\/384 brn|[from] brn
|turn|14
|
|move|p1a: Zapdos|Volt Switch|p2a: Conkeldurr
|-damage|p2a: Conkeldurr|298\/414
|
|switch|p1a: Mew|Mew|404\/404
|move|p2a: Conkeldurr|Drain Punch|p1a: Mew
|-resisted|p1a: Mew
|-damage|p1a: Mew|341\/404
|-heal|p2a: Conkeldurr|330\/414|[from] drain|[of] p1a: Mew
|
|-heal|p1a: Mew|366\/404|[from] item: Leftovers
|turn|15
|
|move|p1a: Mew|Knock Off|p2a: Conkeldurr
|-resisted|p2a: Conkeldurr
|-damage|p2a: Conkeldurr|290\/414
|-enditem|p2a: Conkeldurr|Assault Vest|[from] move: Knock Off|[of] p1a: Mew
|move|p2a: Conkeldurr|Knock Off|p1a: Mew
|-supereffective|p1a: Mew
|-damage|p1a: Mew|160\/404
|-enditem|p1a: Mew|Leftovers|[from] move: Knock Off|[of] p2a: Conkeldurr
|
|turn|16
|
|switch|p2a: Togekiss|Togekiss, M|374\/374
|-damage|p2a: Togekiss|281\/374|[from] Stealth Rock
|move|p1a: Mew|Soft-Boiled|p1a: Mew
|-heal|p1a: Mew|362\/404
|
|turn|17
|
|move|p1a: Mew|Taunt|p2a: Togekiss
|-start|p2a: Togekiss|move: Taunt
|cant|p2a: Togekiss|move: Taunt|Nasty Plot
|
|turn|18
|
|move|p1a: Mew|Will-O-Wisp|p2a: Togekiss
|-status|p2a: Togekiss|brn
|move|p2a: Togekiss|Dazzling Gleam|p1a: Mew
|-damage|p1a: Mew|248\/404
|
|-damage|p2a: Togekiss|235\/374 brn|[from] brn
|turn|19
|
|move|p1a: Mew|Knock Off|p2a: Togekiss
|-crit|p2a: Togekiss
|-resisted|p2a: Togekiss
|-damage|p2a: Togekiss|172\/374 brn
|-enditem|p2a: Togekiss|Weakness Policy|[from] move: Knock Off|[of] p1a: Mew
|move|p2a: Togekiss|Dazzling Gleam|p1a: Mew
|-damage|p1a: Mew|133\/404
|
|-damage|p2a: Togekiss|126\/374 brn|[from] brn
|-end|p2a: Togekiss|move: Taunt
|turn|20
|
|switch|p2a: Azumarill|Azumarill, M|252\/404
|-damage|p2a: Azumarill|202\/404|[from] Stealth Rock
|move|p1a: Mew|Taunt|p2a: Azumarill
|-start|p2a: Azumarill|move: Taunt
|
|turn|21
|
|switch|p1a: Zapdos|Zapdos|336\/384 brn
|-ability|p1a: Zapdos|Pressure
|move|p2a: Azumarill|Superpower|p1a: Zapdos
|-resisted|p1a: Zapdos
|-damage|p1a: Zapdos|234\/384 brn
|-unboost|p2a: Azumarill|atk|1
|-unboost|p2a: Azumarill|def|1
|
|-damage|p1a: Zapdos|186\/384 brn|[from] brn
|turn|22
|
|switch|p2a: Gliscor|Gliscor, M|94\/354 tox
|-damage|p2a: Gliscor|50\/354 tox|[from] Stealth Rock
|move|p1a: Zapdos|Volt Switch|p2a: Gliscor
|-immune|p2a: Gliscor|[msg]
|
|-damage|p1a: Zapdos|138\/384 brn|[from] brn
|-heal|p2a: Gliscor|94\/354 tox|[from] ability: Poison Heal
|turn|23
|
|move|p2a: Gliscor|Protect|p2a: Gliscor
|-singleturn|p2a: Gliscor|Protect
|move|p1a: Zapdos|Hidden Power|p2a: Gliscor
|-activate|p2a: Gliscor|Protect
|
|-damage|p1a: Zapdos|90\/384 brn|[from] brn
|-heal|p2a: Gliscor|138\/354 tox|[from] ability: Poison Heal
|turn|24
|
|switch|p2a: Azumarill|Azumarill, M|202\/404
|-damage|p2a: Azumarill|152\/404|[from] Stealth Rock
|move|p1a: Zapdos|Roost|p1a: Zapdos
|-heal|p1a: Zapdos|282\/384 brn
|
|-damage|p1a: Zapdos|234\/384 brn|[from] brn
|turn|25
|
|move|p2a: Azumarill|Aqua Jet|p1a: Zapdos
|-damage|p1a: Zapdos|137\/384 brn
|move|p1a: Zapdos|Volt Switch|p2a: Azumarill
|-supereffective|p2a: Azumarill
|-damage|p2a: Azumarill|0 fnt
|faint|p2a: Azumarill
|
|switch|p1a: Talonflame|Talonflame, F|297\/297
|
|
|switch|p2a: Heatran|Heatran, F|125\/323
|-damage|p2a: Heatran|85\/323|[from] Stealth Rock
|turn|26
|
|move|p1a: Talonflame|Brave Bird|p2a: Heatran
|-resisted|p2a: Heatran
|-damage|p2a: Heatran|0 fnt
|-damage|p1a: Talonflame|269\/297|[from] recoil|[of] p2a: Heatran
|faint|p2a: Heatran
|
|
|switch|p2a: Togekiss|Togekiss, M|126\/374 brn
|-damage|p2a: Togekiss|33\/374 brn|[from] Stealth Rock
|turn|27
|
|move|p1a: Talonflame|Brave Bird|p2a: Togekiss
|-crit|p2a: Togekiss
|-damage|p2a: Togekiss|0 fnt
|-damage|p1a: Talonflame|258\/297|[from] recoil|[of] p2a: Togekiss
|faint|p2a: Togekiss
|
|
|switch|p2a: Gliscor|Gliscor, M|138\/354 tox
|-damage|p2a: Gliscor|94\/354 tox|[from] Stealth Rock
|turn|28
|
|move|p2a: Gliscor|Protect|p2a: Gliscor
|-singleturn|p2a: Gliscor|Protect
|move|p1a: Talonflame|Brave Bird|p2a: Gliscor
|-activate|p2a: Gliscor|Protect
|
|-heal|p2a: Gliscor|138\/354 tox|[from] ability: Poison Heal
|turn|29
|
|move|p1a: Talonflame|U-turn|p2a: Gliscor
|-resisted|p2a: Gliscor
|-damage|p2a: Gliscor|117\/354 tox
|
|switch|p1a: Zapdos|Zapdos|137\/384 brn
|-ability|p1a: Zapdos|Pressure
|move|p2a: Gliscor|Toxic|p1a: Zapdos
|-fail|p1a: Zapdos
|
|-damage|p1a: Zapdos|89\/384 brn|[from] brn
|-heal|p2a: Gliscor|161\/354 tox|[from] ability: Poison Heal
|turn|30
|
|move|p1a: Zapdos|Roost|p1a: Zapdos
|-heal|p1a: Zapdos|281\/384 brn
|move|p2a: Gliscor|Earthquake|p1a: Zapdos
|-supereffective|p1a: Zapdos
|-damage|p1a: Zapdos|95\/384 brn
|
|-damage|p1a: Zapdos|47\/384 brn|[from] brn
|-heal|p2a: Gliscor|205\/354 tox|[from] ability: Poison Heal
|turn|31
|
|move|p2a: Gliscor|Protect|p2a: Gliscor
|-singleturn|p2a: Gliscor|Protect
|move|p1a: Zapdos|Roost|p1a: Zapdos
|-heal|p1a: Zapdos|239\/384 brn
|
|-damage|p1a: Zapdos|191\/384 brn|[from] brn
|-heal|p2a: Gliscor|249\/354 tox|[from] ability: Poison Heal
|turn|32
|
|switch|p2a: Conkeldurr|Conkeldurr, F|290\/414
|-damage|p2a: Conkeldurr|265\/414|[from] Stealth Rock
|move|p1a: Zapdos|Hidden Power|p2a: Conkeldurr
|-damage|p2a: Conkeldurr|191\/414
|
|-damage|p1a: Zapdos|143\/384 brn|[from] brn
|turn|33
|
|move|p2a: Conkeldurr|Mach Punch|p1a: Zapdos
|-resisted|p1a: Zapdos
|-damage|p1a: Zapdos|107\/384 brn
|move|p1a: Zapdos|Roost|p1a: Zapdos
|-heal|p1a: Zapdos|299\/384 brn
|
|-damage|p1a: Zapdos|251\/384 brn|[from] brn
|turn|34
|
|move|p1a: Zapdos|Volt Switch|p2a: Conkeldurr
|-damage|p2a: Conkeldurr|55\/414
|
|switch|p1a: Beedrill|Beedrill-Mega, M|6\/271
|move|p2a: Conkeldurr|Drain Punch|p1a: Beedrill
|-resisted|p1a: Beedrill
|-damage|p1a: Beedrill|0 fnt
|-heal|p2a: Conkeldurr|58\/414|[from] drain|[of] p1a: Beedrill
|faint|p1a: Beedrill
|
|
|switch|p1a: Talonflame|Talonflame, F|258\/297
|turn|35
|
|move|p1a: Talonflame|Brave Bird|p2a: Conkeldurr
|-supereffective|p2a: Conkeldurr
|-damage|p2a: Conkeldurr|0 fnt
|-damage|p1a: Talonflame|239\/297|[from] recoil|[of] p2a: Conkeldurr
|faint|p2a: Conkeldurr
|
|
|switch|p2a: Gliscor|Gliscor, M|249\/354 tox
|-damage|p2a: Gliscor|205\/354 tox|[from] Stealth Rock
|turn|36
|
|switch|p1a: Mew|Mew|133\/404
|move|p2a: Gliscor|Toxic|p1a: Mew|[miss]
|-miss|p2a: Gliscor|p1a: Mew
|
|-heal|p2a: Gliscor|249\/354 tox|[from] ability: Poison Heal
|turn|37
|
|move|p1a: Mew|Taunt|p2a: Gliscor
|-start|p2a: Gliscor|move: Taunt
|move|p2a: Gliscor|Earthquake|p1a: Mew
|-damage|p1a: Mew|48\/404
|
|-heal|p2a: Gliscor|293\/354 tox|[from] ability: Poison Heal
|turn|38
|
|move|p1a: Mew|Soft-Boiled|p1a: Mew
|-heal|p1a: Mew|250\/404
|move|p2a: Gliscor|Earthquake|p1a: Mew
|-damage|p1a: Mew|162\/404
|
|-heal|p2a: Gliscor|337\/354 tox|[from] ability: Poison Heal
|turn|39
|
|move|p1a: Mew|Soft-Boiled|p1a: Mew
|-heal|p1a: Mew|364\/404
|move|p2a: Gliscor|Earthquake|p1a: Mew
|-damage|p1a: Mew|273\/404
|
|-heal|p2a: Gliscor|354\/354 tox|[from] ability: Poison Heal
|-end|p2a: Gliscor|move: Taunt
|turn|40
|
|move|p1a: Mew|Taunt|p2a: Gliscor
|-start|p2a: Gliscor|move: Taunt
|cant|p2a: Gliscor|move: Taunt|Swords Dance
|
|turn|41
|
|move|p1a: Mew|Knock Off|p2a: Gliscor
|-damage|p2a: Gliscor|302\/354 tox
|-enditem|p2a: Gliscor|Toxic Orb|[from] move: Knock Off|[of] p1a: Mew
|move|p2a: Gliscor|Earthquake|p1a: Mew
|-damage|p1a: Mew|183\/404
|
|-heal|p2a: Gliscor|346\/354 tox|[from] ability: Poison Heal
|turn|42
|
|move|p1a: Mew|Soft-Boiled|p1a: Mew
|-heal|p1a: Mew|385\/404
|move|p2a: Gliscor|Earthquake|p1a: Mew
|-damage|p1a: Mew|297\/404
|
|-heal|p2a: Gliscor|354\/354 tox|[from] ability: Poison Heal
|-end|p2a: Gliscor|move: Taunt
|turn|43
|
|move|p2a: Gliscor|Protect|p2a: Gliscor
|-singleturn|p2a: Gliscor|Protect
|move|p1a: Mew|Taunt|p2a: Gliscor
|-activate|p2a: Gliscor|Protect
|
|turn|44
|
|move|p1a: Mew|Taunt|p2a: Gliscor
|-start|p2a: Gliscor|move: Taunt
|cant|p2a: Gliscor|move: Taunt|Swords Dance
|
|turn|45
|
|switch|p1a: Zapdos|Zapdos|251\/384 brn
|-ability|p1a: Zapdos|Pressure
|move|p2a: Gliscor|Earthquake|p1a: Zapdos
|-immune|p1a: Zapdos|[msg]
|
|-damage|p1a: Zapdos|203\/384 brn|[from] brn
|turn|46
|
|switch|p2a: Alakazam|Alakazam, F|252\/252
|move|p1a: Zapdos|Hidden Power|p2a: Alakazam
|-damage|p2a: Alakazam|187\/252
|
|-damage|p1a: Zapdos|155\/384 brn|[from] brn
|turn|47
|
|switch|p1a: Magnezone|Magnezone|281\/281
|detailschange|p2a: Alakazam|Alakazam-Mega, F
|message|Alakazam has Mega Evolved into Mega Alakazam!
|-ability|p2a: Alakazam|Magnet Pull|[from] ability: Trace|[of] p1a: Magnezone
|move|p2a: Alakazam|Shadow Ball|p1a: Magnezone
|-damage|p1a: Magnezone|155\/281
|
|turn|48
|
|switch|p2a: Gliscor|Gliscor, M|354\/354 tox
|-damage|p2a: Gliscor|310\/354 tox|[from] Stealth Rock
|move|p1a: Magnezone|Flash Cannon|p2a: Gliscor
|-damage|p2a: Gliscor|39\/354 tox
|
|-heal|p2a: Gliscor|83\/354 tox|[from] ability: Poison Heal
|turn|49
|
|switch|p1a: Zapdos|Zapdos|155\/384 brn
|-ability|p1a: Zapdos|Pressure
|move|p2a: Gliscor|Protect|p2a: Gliscor
|-fail|p2a: Gliscor
|
|-damage|p1a: Zapdos|107\/384 brn|[from] brn
|-heal|p2a: Gliscor|127\/354 tox|[from] ability: Poison Heal
|turn|50
|
|move|p2a: Gliscor|Protect|p2a: Gliscor
|-singleturn|p2a: Gliscor|Protect
|move|p1a: Zapdos|Roost|p1a: Zapdos
|-heal|p1a: Zapdos|299\/384 brn
|
|-damage|p1a: Zapdos|251\/384 brn|[from] brn
|-heal|p2a: Gliscor|171\/354 tox|[from] ability: Poison Heal
|turn|51
|
|switch|p2a: Alakazam|Alakazam-Mega, F|187\/252
|-damage|p2a: Alakazam|156\/252|[from] Stealth Rock
|-ability|p2a: Alakazam|Pressure|[from] ability: Trace|[of] p1a: Zapdos
|-ability|p2a: Alakazam|Pressure
|move|p1a: Zapdos|Hidden Power|p2a: Alakazam
|-damage|p2a: Alakazam|99\/252
|
|-damage|p1a: Zapdos|203\/384 brn|[from] brn
|turn|52
|
|switch|p1a: Magnezone|Magnezone|155\/281
|move|p2a: Alakazam|Shadow Ball|p1a: Magnezone
|-damage|p1a: Magnezone|26\/281
|-unboost|p1a: Magnezone|spd|1
|
|turn|53
|
|move|p2a: Alakazam|Shadow Ball|p1a: Magnezone
|-damage|p1a: Magnezone|0 fnt
|faint|p1a: Magnezone
|
|
|switch|p1a: Talonflame|Talonflame, F|239\/297
|turn|54
|
|switch|p2a: Gliscor|Gliscor, M|171\/354 tox
|-damage|p2a: Gliscor|127\/354 tox|[from] Stealth Rock
|move|p1a: Talonflame|Brave Bird|p2a: Gliscor
|-damage|p2a: Gliscor|3\/354 tox
|-damage|p1a: Talonflame|198\/297|[from] recoil|[of] p2a: Gliscor
|
|-heal|p2a: Gliscor|47\/354 tox|[from] ability: Poison Heal
|turn|55
|
|move|p2a: Gliscor|Protect|p2a: Gliscor
|-singleturn|p2a: Gliscor|Protect
|move|p1a: Talonflame|Brave Bird|p2a: Gliscor
|-activate|p2a: Gliscor|Protect
|
|-heal|p2a: Gliscor|91\/354 tox|[from] ability: Poison Heal
|turn|56
|
|move|p1a: Talonflame|Brave Bird|p2a: Gliscor
|-damage|p2a: Gliscor|0 fnt
|-damage|p1a: Talonflame|168\/297|[from] recoil|[of] p2a: Gliscor
|faint|p2a: Gliscor
|
|c|★dovesoap2|gg
|c|★ZephyrBurst|gg
|
|switch|p2a: Alakazam|Alakazam-Mega, F|99\/252
|-damage|p2a: Alakazam|68\/252|[from] Stealth Rock
|-ability|p2a: Alakazam|Gale Wings|[from] ability: Trace|[of] p1a: Talonflame
|turn|57
|
|move|p1a: Talonflame|Brave Bird|p2a: Alakazam
|-damage|p2a: Alakazam|0 fnt
|-damage|p1a: Talonflame|146\/297|[from] recoil|[of] p2a: Alakazam
|faint|p2a: Alakazam
|
|win|ZephyrBurst
|raw|Ladder updating...
|raw|ZephyrBurst's rating: 1390 &rarr; <strong>1411<\/strong><br \/>(+21 for winning)
|raw|dovesoap2's rating: 1419 &rarr; <strong>1397<\/strong><br \/>(-22 for losing)
|leave|dovesoap2
|player|p2