|join|ZephyrBurst
|join|darknestorm
|player|p1|ZephyrBurst|102
|player|p2|darknestorm|101
|gametype|singles
|gen|6
|tier|OU
|rated
|clearpoke
|poke|p1|Heracross, F
|poke|p1|Clefable, M
|poke|p1|Jirachi
|poke|p1|Starmie
|poke|p1|Landorus, M
|poke|p1|Bisharp, M
|poke|p2|Gallade, M, shiny
|poke|p2|Rotom-Wash
|poke|p2|Landorus-Therian, M, shiny
|poke|p2|Latios, M
|poke|p2|Bisharp, M, shiny
|poke|p2|Talonflame, F, shiny
|rule|Swagger Clause: Swagger is banned
|rule|Baton Pass Clause: Limit one Pokémon knowing Baton Pass
|rule|Sleep Clause Mod: Limit one foe put to sleep
|rule|Species Clause: Limit one of each Pokémon
|rule|OHKO Clause: OHKO moves are banned
|rule|Moody Clause: Moody is banned
|rule|Evasion Moves Clause: Evasion moves are banned
|rule|Endless Battle Clause: Forcing endless battles is banned
|rule|HP Percentage Mod: HP is shown in percentages
|teampreview
|
|start
|switch|p1a: Landorus|Landorus, M|319\/319
|switch|p2a: Gallade|Gallade, M, shiny|277\/277
|turn|1
|
|switch|p1a: Jirachi|Jirachi|404\/404
|detailschange|p2a: Gallade|Gallade-Mega, M, shiny
|-mega|p2a: Gallade|Gallade|Galladite
|move|p2a: Gallade|Ice Punch|p1a: Jirachi
|-resisted|p1a: Jirachi
|-damage|p1a: Jirachi|342\/404
|-status|p1a: Jirachi|frz
|
|-heal|p1a: Jirachi|367\/404 frz|[from] item: Leftovers
|turn|2
|
|switch|p1a: Clefable|Clefable, M|394\/394
|move|p2a: Gallade|Swords Dance|p2a: Gallade
|-boost|p2a: Gallade|atk|2
|
|turn|3
|
|move|p2a: Gallade|Psycho Cut|p1a: Clefable
|-damage|p1a: Clefable|259\/394
|move|p1a: Clefable|Moonblast|p2a: Gallade
|-supereffective|p2a: Gallade
|-damage|p2a: Gallade|77\/277
|
|-heal|p1a: Clefable|283\/394|[from] item: Leftovers
|turn|4
|
|switch|p2a: Rotom-Wash|Rotom-Wash|299\/299
|move|p1a: Clefable|Wish|p1a: Clefable
|
|-heal|p1a: Clefable|307\/394|[from] item: Leftovers
|turn|5
|
|move|p1a: Clefable|Protect|p1a: Clefable
|-singleturn|p1a: Clefable|Protect
|move|p2a: Rotom-Wash|Will-O-Wisp|p1a: Clefable
|-activate|p1a: Clefable|Protect
|
|-heal|p1a: Clefable|394\/394|[from] move: Wish|[wisher] Clefable
|turn|6
|
|switch|p1a: Jirachi|Jirachi|367\/404 frz
|move|p2a: Rotom-Wash|Will-O-Wisp|p1a: Jirachi
|-fail|p1a: Jirachi
|
|-heal|p1a: Jirachi|392\/404 frz|[from] item: Leftovers
|turn|7
|
|switch|p2a: Gallade|Gallade-Mega, M, shiny|77\/277
|cant|p1a: Jirachi|frz
|
|-heal|p1a: Jirachi|404\/404 frz|[from] item: Leftovers
|turn|8
|
|move|p2a: Gallade|Swords Dance|p2a: Gallade
|-boost|p2a: Gallade|atk|2
|cant|p1a: Jirachi|frz
|
|turn|9
|
|switch|p1a: Clefable|Clefable, M|394\/394
|move|p2a: Gallade|Close Combat|p1a: Clefable
|-resisted|p1a: Clefable
|-damage|p1a: Clefable|279\/394
|-unboost|p2a: Gallade|def|1
|-unboost|p2a: Gallade|spd|1
|
|-heal|p1a: Clefable|303\/394|[from] item: Leftovers
|turn|10
|
|switch|p2a: Rotom-Wash|Rotom-Wash|299\/299
|move|p1a: Clefable|Moonblast|p2a: Rotom-Wash
|-damage|p2a: Rotom-Wash|227\/299
|
|-heal|p2a: Rotom-Wash|245\/299|[from] item: Leftovers
|-heal|p1a: Clefable|327\/394|[from] item: Leftovers
|turn|11
|
|move|p1a: Clefable|Protect|p1a: Clefable
|-singleturn|p1a: Clefable|Protect
|move|p2a: Rotom-Wash|Will-O-Wisp|p1a: Clefable
|-activate|p1a: Clefable|Protect
|
|-heal|p2a: Rotom-Wash|263\/299|[from] item: Leftovers
|-heal|p1a: Clefable|351\/394|[from] item: Leftovers
|turn|12
|
|move|p2a: Rotom-Wash|Will-O-Wisp|p1a: Clefable
|-status|p1a: Clefable|brn
|move|p1a: Clefable|Heal Bell|p1a: Clefable
|-cureteam|p1a: Clefable|[from] move: HealBell
|
|-heal|p2a: Rotom-Wash|281\/299|[from] item: Leftovers
|-heal|p1a: Clefable|375\/394|[from] item: Leftovers
|turn|13
|
|switch|p1a: Jirachi|Jirachi|404\/404
|move|p2a: Rotom-Wash|Will-O-Wisp|p1a: Jirachi
|-status|p1a: Jirachi|brn
|
|-heal|p2a: Rotom-Wash|299\/299|[from] item: Leftovers
|-damage|p1a: Jirachi|354\/404 brn|[from] brn
|turn|14
|
|move|p1a: Jirachi|Wish|p1a: Jirachi
|move|p2a: Rotom-Wash|Hydro Pump|p1a: Jirachi
|-damage|p1a: Jirachi|248\/404 brn
|
|-heal|p1a: Jirachi|273\/404 brn|[from] item: Leftovers
|-damage|p1a: Jirachi|223\/404 brn|[from] brn
|turn|15
|
|move|p1a: Jirachi|Body Slam|p2a: Rotom-Wash
|-damage|p2a: Rotom-Wash|269\/299
|move|p2a: Rotom-Wash|Hydro Pump|p1a: Jirachi
|-damage|p1a: Jirachi|132\/404 brn
|
|-heal|p1a: Jirachi|334\/404 brn|[from] move: Wish|[wisher] Jirachi
|-heal|p1a: Jirachi|359\/404 brn|[from] item: Leftovers
|-heal|p2a: Rotom-Wash|287\/299|[from] item: Leftovers
|-damage|p1a: Jirachi|309\/404 brn|[from] brn
|turn|16
|
|move|p1a: Jirachi|Wish|p1a: Jirachi
|move|p2a: Rotom-Wash|Volt Switch|p1a: Jirachi
|-damage|p1a: Jirachi|240\/404 brn
|
|switch|p2a: Talonflame|Talonflame, F, shiny|297\/297
|
|-heal|p1a: Jirachi|265\/404 brn|[from] item: Leftovers
|-damage|p1a: Jirachi|215\/404 brn|[from] brn
|turn|17
|
|switch|p1a: Clefable|Clefable, M|375\/394
|move|p2a: Talonflame|Flare Blitz|p1a: Clefable
|-crit|p1a: Clefable
|-damage|p1a: Clefable|62\/394
|-status|p1a: Clefable|brn
|-damage|p2a: Talonflame|194\/297|[from] recoil|[of] p1a: Clefable
|-damage|p2a: Talonflame|165\/297|[from] item: Life Orb
|
|-heal|p1a: Clefable|264\/394 brn|[from] move: Wish|[wisher] Jirachi
|-heal|p1a: Clefable|288\/394 brn|[from] item: Leftovers
|-damage|p1a: Clefable|239\/394 brn|[from] brn
|turn|18
|
|move|p2a: Talonflame|Roost|p2a: Talonflame
|-heal|p2a: Talonflame|297\/297
|move|p1a: Clefable|Wish|p1a: Clefable
|
|-heal|p1a: Clefable|263\/394 brn|[from] item: Leftovers
|-damage|p1a: Clefable|214\/394 brn|[from] brn
|turn|19
|
|switch|p2a: Landorus-Therian|Landorus-Therian, M, shiny|369\/369
|-ability|p2a: Landorus-Therian|Intimidate|[of] p1a: Clefable
|-unboost|p1a: Clefable|atk|1
|move|p1a: Clefable|Protect|p1a: Clefable
|-fail|p1a: Clefable
|
|-heal|p1a: Clefable|394\/394 brn|[from] move: Wish|[wisher] Clefable
|-damage|p1a: Clefable|345\/394 brn|[from] brn
|turn|20
|
|move|p2a: Landorus-Therian|Stealth Rock|p1a: Clefable
|-sidestart|p1: ZephyrBurst|move: Stealth Rock
|move|p1a: Clefable|Heal Bell|p1a: Clefable
|-cureteam|p1a: Clefable|[from] move: HealBell
|
|-heal|p1a: Clefable|369\/394|[from] item: Leftovers
|turn|21
|
|move|p2a: Landorus-Therian|Earthquake|p1a: Clefable
|-damage|p1a: Clefable|212\/394
|move|p1a: Clefable|Moonblast|p2a: Landorus-Therian
|-damage|p2a: Landorus-Therian|231\/369
|
|-heal|p2a: Landorus-Therian|254\/369|[from] item: Leftovers
|-heal|p1a: Clefable|236\/394|[from] item: Leftovers
|turn|22
|
|move|p2a: Landorus-Therian|U-turn|p1a: Clefable
|-resisted|p1a: Clefable
|-damage|p1a: Clefable|205\/394
|
|switch|p2a: Bisharp|Bisharp, M, shiny|271\/271
|move|p1a: Clefable|Wish|p1a: Clefable
|
|-heal|p1a: Clefable|229\/394|[from] item: Leftovers
|turn|23
|
|switch|p1a: Heracross|Heracross, F|301\/301
|-damage|p1a: Heracross|264\/301|[from] Stealth Rock
|move|p2a: Bisharp|Iron Head|p1a: Heracross
|-damage|p1a: Heracross|62\/301
|
|-heal|p1a: Heracross|259\/301|[from] move: Wish|[wisher] Clefable
|turn|24
|
|detailschange|p1a: Heracross|Heracross-Mega, F
|-mega|p1a: Heracross|Heracross|Heracronite
|move|p2a: Bisharp|Sucker Punch|p1a: Heracross
|-fail|p1a: Heracross
|move|p1a: Heracross|Substitute|p1a: Heracross
|-start|p1a: Heracross|Substitute
|-damage|p1a: Heracross|184\/301
|
|turn|25
|
|switch|p2a: Landorus-Therian|Landorus-Therian, M, shiny|254\/369
|-activate|p1a: Heracross|Substitute|ability: Intimidate|[of] p2a: Landorus-Therian
|move|p1a: Heracross|Pin Missile|p2a: Landorus-Therian
|-resisted|p2a: Landorus-Therian
|-damage|p2a: Landorus-Therian|228\/369
|-resisted|p2a: Landorus-Therian
|-damage|p2a: Landorus-Therian|205\/369
|-resisted|p2a: Landorus-Therian
|-damage|p2a: Landorus-Therian|180\/369
|-crit|p2a: Landorus-Therian
|-resisted|p2a: Landorus-Therian
|-damage|p2a: Landorus-Therian|139\/369
|-resisted|p2a: Landorus-Therian
|-damage|p2a: Landorus-Therian|112\/369
|-hitcount|p2a: Landorus-Therian|5
|
|-heal|p2a: Landorus-Therian|135\/369|[from] item: Leftovers
|turn|26
|
|move|p1a: Heracross|Rock Blast|p2a: Landorus-Therian
|-damage|p2a: Landorus-Therian|103\/369
|-damage|p2a: Landorus-Therian|70\/369
|-damage|p2a: Landorus-Therian|35\/369
|-damage|p2a: Landorus-Therian|0 fnt
|-hitcount|p2a: Landorus-Therian|4
|faint|p2a: Landorus-Therian
|
|-message|darknestorm forfeited.
|leave|darknestorm
|
|win|ZephyrBurst
|raw|Ladder updating...
|player|p2
|raw|ZephyrBurst's rating: 1416 &rarr; <strong>1431<\/strong><br \/>(+15 for winning)
|raw|darknestorm's rating: 1319 &rarr; <strong>1304<\/strong><br \/>(-15 for losing)