|join|its me god
|join|ferwara
|player|p1|its me god|98
|player|p2|ferwara|102
|gametype|singles
|gen|6
|tier|OU
|rated
|clearpoke
|poke|p1|Charizard, F
|poke|p1|Tyranitar, F
|poke|p1|Keldeo-Resolute
|poke|p1|Landorus-Therian, M
|poke|p1|Clefable, F
|poke|p1|Empoleon, M
|poke|p2|Breloom, M
|poke|p2|Whimsicott, M
|poke|p2|Tyranitar, F
|poke|p2|Smeargle, M
|poke|p2|Espeon, F
|poke|p2|Excadrill, F
|rule|Swagger Clause: Swagger is banned
|rule|Baton Pass Clause: Limit one Pokémon knowing Baton Pass
|rule|Sleep Clause Mod: Limit one foe put to sleep
|rule|Species Clause: Limit one of each Pokémon
|rule|OHKO Clause: OHKO moves are banned
|rule|Moody Clause: Moody is banned
|rule|Evasion Moves Clause: Evasion moves are banned
|rule|Endless Battle Clause: Forcing endless battles is banned
|rule|HP Percentage Mod: HP is shown in percentages
|teampreview
|
|start
|switch|p1a: Charizard|Charizard, F|297\/297
|switch|p2a: Whimsicott|Whimsicott, M|324\/324
|turn|1
|
|detailschange|p1a: Charizard|Charizard-Mega-Y, F
|message|Charizard has Mega Evolved into Mega Charizard!
|-weather|SunnyDay
|move|p2a: Whimsicott|Tailwind|p2a: Whimsicott
|-sidestart|p2: ferwara|move: Tailwind
|move|p1a: Charizard|Fire Blast|p2a: Whimsicott
|-supereffective|p2a: Whimsicott
|-enditem|p2a: Whimsicott|Focus Sash
|-damage|p2a: Whimsicott|1\/324
|
|-weather|SunnyDay|[upkeep]
|turn|2
|
|move|p2a: Whimsicott|Memento|p1a: Charizard
|-unboost|p1a: Charizard|atk|2
|-unboost|p1a: Charizard|spa|2
|faint|p2a: Whimsicott
|move|p1a: Charizard|Solar Beam|p2: Whimsicott|[still]|[notarget]
|-prepare|p1a: Charizard|Solar Beam|p2: Whimsicott
|-anim|p1a: Charizard|Solar Beam|p2: Whimsicott
|-notarget
|
|-weather|SunnyDay|[upkeep]
|
|switch|p2a: Smeargle|Smeargle, M|314\/314
|turn|3
|
|move|p2a: Smeargle|Geomancy|p2a: Smeargle|[still]
|-prepare|p2a: Smeargle|Geomancy|p2a: Smeargle
|-enditem|p2a: Smeargle|Power Herb
|-anim|p2a: Smeargle|Geomancy|p2a: Smeargle
|-boost|p2a: Smeargle|spa|2
|-boost|p2a: Smeargle|spd|2
|-boost|p2a: Smeargle|spe|2
|move|p1a: Charizard|Fire Blast|p2a: Smeargle
|-damage|p2a: Smeargle|152\/314
|
|-weather|SunnyDay|[upkeep]
|turn|4
|
|move|p2a: Smeargle|Dark Void|p1a: Charizard
|-miss|p2a: Smeargle|p1a: Charizard
|move|p1a: Charizard|Fire Blast|p2a: Smeargle
|-damage|p2a: Smeargle|0 fnt
|faint|p2a: Smeargle
|
|-weather|SunnyDay|[upkeep]
|-sideend|p2: ferwara|move: Tailwind
|c|★its me god|lol
|
|switch|p2a: Breloom|Breloom, M|262\/262
|turn|5
|
|move|p1a: Charizard|Fire Blast|p2a: Breloom
|-supereffective|p2a: Breloom
|-enditem|p2a: Breloom|Focus Sash
|-damage|p2a: Breloom|1\/262
|move|p2a: Breloom|Rock Tomb|p1a: Charizard
|-supereffective|p1a: Charizard
|-damage|p1a: Charizard|0 fnt
|faint|p1a: Charizard
|
|-weather|none
|
|switch|p1a: Landorus-Therian|Landorus-Therian, M|320\/320
|-ability|p1a: Landorus-Therian|Intimidate|[of] p2a: Breloom
|-unboost|p2a: Breloom|atk|1
|turn|6
|
|move|p1a: Landorus-Therian|U-turn|p2a: Breloom
|-damage|p2a: Breloom|0 fnt
|faint|p2a: Breloom
|
|switch|p1a: Tyranitar|Tyranitar, F|404\/404
|-weather|Sandstorm
|
|-weather|Sandstorm|[upkeep]
|
|switch|p2a: Excadrill|Excadrill, F|362\/362
|-item|p2a: Excadrill|Air Balloon
|turn|7
|
|move|p2a: Excadrill|Swords Dance|p2a: Excadrill
|-boost|p2a: Excadrill|atk|2
|move|p1a: Tyranitar|Crunch|p2a: Excadrill
|-damage|p2a: Excadrill|0 fnt
|-enditem|p2a: Excadrill|Air Balloon
|faint|p2a: Excadrill
|
|-weather|Sandstorm|[upkeep]
|-message|ferwara forfeited.
|
|win|its me god
|raw|Ladder updating...
|leave|ferwara
|player|p2
|raw|its me god's rating: 1504 &rarr; <strong>1521<\/strong><br \/>(+17 for winning)
|raw|ferwara's rating: 1466 &rarr; <strong>1448<\/strong><br \/>(-18 for losing)