|join|ferwara
|join|Jalass
|player|p1|ferwara|102
|player|p2|Jalass|266
|gametype|singles
|gen|6
|tier|OU
|rated
|clearpoke
|poke|p1|Ferrothorn, F
|poke|p1|Landorus-Therian, M
|poke|p1|Chansey, F
|poke|p1|Gengar, M, shiny
|poke|p1|Politoed, F
|poke|p1|Jolteon, F
|poke|p2|Escavalier, F
|poke|p2|Charizard, M
|poke|p2|Alakazam, M
|poke|p2|Zapdos
|poke|p2|Krookodile, M
|poke|p2|Gyarados, M
|rule|Swagger Clause: Swagger is banned
|rule|Baton Pass Clause: Limit three Pokémon knowing Baton Pass
|rule|Sleep Clause Mod: Limit one foe put to sleep
|rule|Species Clause: Limit one of each Pokémon
|rule|OHKO Clause: OHKO moves are banned
|rule|Moody Clause: Moody is banned
|rule|Evasion Moves Clause: Evasion moves are banned
|rule|Endless Battle Clause: Forcing endless battles is banned
|rule|HP Percentage Mod: HP is reported as percentages
|teampreview
|
|start
|switch|p1a: Landorus-Therian|Landorus-Therian, M|320\/320
|switch|p2a: Krookodile|Krookodile, M|393\/393
|-ability|p1a: Landorus-Therian|Intimidate|[of] p2a: Krookodile
|-unboost|p2a: Krookodile|atk|1
|-ability|p2a: Krookodile|Intimidate|[of] p1a: Landorus-Therian
|-unboost|p1a: Landorus-Therian|atk|1
|turn|1
|
|move|p1a: Landorus-Therian|Earthquake|p2a: Krookodile
|-damage|p2a: Krookodile|282\/393
|move|p2a: Krookodile|Taunt|p1a: Landorus-Therian
|-start|p1a: Landorus-Therian|move: Taunt
|
|-heal|p2a: Krookodile|306\/393|[from] item: Leftovers
|turn|2
|c|★ferwara|!data krookodile
|c|~|\/data-pokemon Krookodile

|
|switch|p1a: Ferrothorn|Ferrothorn, F|352\/352
|move|p2a: Krookodile|Stealth Rock|p1a: Ferrothorn
|-sidestart|p1: ferwara|move: Stealth Rock
|
|-heal|p2a: Krookodile|330\/393|[from] item: Leftovers
|turn|3
|
|switch|p2a: Gyarados|Gyarados, M|393\/393
|-ability|p2a: Gyarados|Intimidate|[of] p1a: Ferrothorn
|-unboost|p1a: Ferrothorn|atk|1
|move|p1a: Ferrothorn|Gyro Ball|p2a: Gyarados
|-resisted|p2a: Gyarados
|-damage|p2a: Gyarados|352\/393
|
|-heal|p2a: Gyarados|376\/393|[from] item: Leftovers
|turn|4
|
|switch|p2a: Krookodile|Krookodile, M|330\/393
|-ability|p2a: Krookodile|Intimidate|[of] p1a: Ferrothorn
|-unboost|p1a: Ferrothorn|atk|1
|move|p1a: Ferrothorn|Leech Seed|p2a: Krookodile
|-start|p2a: Krookodile|move: Leech Seed
|
|-heal|p2a: Krookodile|354\/393|[from] item: Leftovers
|-damage|p2a: Krookodile|305\/393|[from] Leech Seed|[of] p1a: Ferrothorn
|turn|5
|
|move|p1a: Ferrothorn|Protect|p1a: Ferrothorn
|-singleturn|p1a: Ferrothorn|Protect
|move|p2a: Krookodile|Taunt|p1a: Ferrothorn
|-activate|p1a: Ferrothorn|Protect
|
|-heal|p2a: Krookodile|329\/393|[from] item: Leftovers
|-damage|p2a: Krookodile|280\/393|[from] Leech Seed|[of] p1a: Ferrothorn
|turn|6
|
|switch|p2a: Charizard|Charizard, M|331\/331
|switch|p1a: Politoed|Politoed, F|384\/384
|-damage|p1a: Politoed|336\/384|[from] Stealth Rock
|-weather|RainDance
|
|-weather|RainDance|[upkeep]
|turn|7
|
|switch|p1a: Chansey|Chansey, F|642\/642
|-damage|p1a: Chansey|562\/642|[from] Stealth Rock
|detailschange|p2a: Charizard|Charizard-Mega-X, M
|message|Charizard has Mega Evolved into Mega Charizard!
|move|p2a: Charizard|Dragon Claw|p1a: Chansey
|-damage|p1a: Chansey|352\/642
|
|-weather|RainDance|[upkeep]
|turn|8
|
|switch|p2a: Krookodile|Krookodile, M|280\/393
|-ability|p2a: Krookodile|Intimidate|[of] p1a: Chansey
|-unboost|p1a: Chansey|atk|1
|move|p1a: Chansey|Toxic|p2a: Krookodile|[miss]
|-miss|p1a: Chansey|p2a: Krookodile
|
|-weather|RainDance|[upkeep]
|-heal|p2a: Krookodile|304\/393|[from] item: Leftovers
|turn|9
|
|switch|p2a: Escavalier|Escavalier, F|343\/343
|switch|p1a: Politoed|Politoed, F|336\/384
|-damage|p1a: Politoed|288\/384|[from] Stealth Rock
|
|-weather|RainDance|[upkeep]
|turn|10
|
|move|p1a: Politoed|Scald|p2a: Escavalier
|-damage|p2a: Escavalier|160\/343
|move|p2a: Escavalier|Megahorn|p1a: Politoed
|-damage|p1a: Politoed|0 fnt
|faint|p1a: Politoed
|
|-weather|none
|
|switch|p1a: Ferrothorn|Ferrothorn, F|352\/352
|-damage|p1a: Ferrothorn|330\/352|[from] Stealth Rock
|turn|11
|
|switch|p2a: Charizard|Charizard-Mega-X, M|331\/331
|move|p1a: Ferrothorn|Stealth Rock|p2a: Charizard
|-sidestart|p2: Jalass|move: Stealth Rock
|
|turn|12
|
|move|p2a: Charizard|Flare Blitz|p1a: Ferrothorn
|-supereffective|p1a: Ferrothorn
|-damage|p1a: Ferrothorn|0 fnt
|-damage|p2a: Charizard|290\/331|[from] ability: Iron Barbs|[of] p1a: Ferrothorn
|-damage|p2a: Charizard|235\/331|[from] item: Rocky Helmet|[of] p1a: Ferrothorn
|-damage|p2a: Charizard|126\/331|[from] recoil|[of] p1a: Ferrothorn
|faint|p1a: Ferrothorn
|
|
|switch|p1a: Landorus-Therian|Landorus-Therian, M|320\/320
|-damage|p1a: Landorus-Therian|280\/320|[from] Stealth Rock
|-ability|p1a: Landorus-Therian|Intimidate|[of] p2a: Charizard
|-unboost|p2a: Charizard|atk|1
|turn|13
|
|switch|p2a: Gyarados|Gyarados, M|376\/393
|-damage|p2a: Gyarados|278\/393|[from] Stealth Rock
|-ability|p2a: Gyarados|Intimidate|[of] p1a: Landorus-Therian
|-unboost|p1a: Landorus-Therian|atk|1
|move|p1a: Landorus-Therian|Rock Slide|p2a: Gyarados
|-supereffective|p2a: Gyarados
|-damage|p2a: Gyarados|172\/393
|
|-heal|p2a: Gyarados|196\/393|[from] item: Leftovers
|turn|14
|
|switch|p1a: Chansey|Chansey, F|352\/642
|-damage|p1a: Chansey|272\/642|[from] Stealth Rock
|move|p2a: Gyarados|Waterfall|p1a: Chansey
|-damage|p1a: Chansey|142\/642
|
|-heal|p2a: Gyarados|220\/393|[from] item: Leftovers
|turn|15
|
|move|p2a: Gyarados|Waterfall|p1a: Chansey
|-damage|p1a: Chansey|15\/642
|move|p1a: Chansey|Wish|p1a: Chansey
|
|-heal|p2a: Gyarados|244\/393|[from] item: Leftovers
|turn|16
|
|switch|p1a: Landorus-Therian|Landorus-Therian, M|280\/320
|-damage|p1a: Landorus-Therian|240\/320|[from] Stealth Rock
|-ability|p1a: Landorus-Therian|Intimidate|[of] p2a: Gyarados
|-unboost|p2a: Gyarados|atk|1
|move|p2a: Gyarados|Waterfall|p1a: Landorus-Therian
|-supereffective|p1a: Landorus-Therian
|-damage|p1a: Landorus-Therian|100\/320
|
|-heal|p1a: Landorus-Therian|320\/320|[from] move: Wish|[wisher] Chansey
|-heal|p2a: Gyarados|268\/393|[from] item: Leftovers
|turn|17
|
|switch|p2a: Krookodile|Krookodile, M|304\/393
|-damage|p2a: Krookodile|280\/393|[from] Stealth Rock
|-ability|p2a: Krookodile|Intimidate|[of] p1a: Landorus-Therian
|-unboost|p1a: Landorus-Therian|atk|1
|move|p1a: Landorus-Therian|Rock Slide|p2a: Krookodile
|-resisted|p2a: Krookodile
|-damage|p2a: Krookodile|254\/393
|
|-heal|p2a: Krookodile|278\/393|[from] item: Leftovers
|turn|18
|-message|ferwara forfeited.
|leave|ferwara
|
|win|Jalass
|raw|Ladder updating...
|player|p1
|raw|ferwara's rating: 1552 &rarr; <strong>1531<\/strong><br \/>(-21 for losing)
|raw|Jalass's rating: 1526 &rarr; <strong>1547<\/strong><br \/>(+21 for winning)