|join|KidKazam
|join|Bryzola
|player|p1|KidKazam|56
|player|p2|Bryzola|238
|gametype|singles
|gen|6
|tier|OU
|rated
|clearpoke
|poke|p1|Venomoth, F
|poke|p1|Minun, F
|poke|p1|Muk, M
|poke|p1|Huntail, M
|poke|p1|Archeops, F
|poke|p1|Registeel
|poke|p2|Sableye, M
|poke|p2|Tentacruel, F
|poke|p2|Infernape, M
|poke|p2|Gardevoir, F
|poke|p2|Gliscor, M
|poke|p2|Scizor, F
|rule|Swagger Clause: Swagger is banned
|rule|Baton Pass Clause: Limit one Pokémon knowing Baton Pass
|rule|Sleep Clause Mod: Limit one foe put to sleep
|rule|Species Clause: Limit one of each Pokémon
|rule|OHKO Clause: OHKO moves are banned
|rule|Moody Clause: Moody is banned
|rule|Evasion Moves Clause: Evasion moves are banned
|rule|Endless Battle Clause: Forcing endless battles is banned
|rule|HP Percentage Mod: HP is shown in percentages
|teampreview
|
|start
|switch|p1a: Venomoth|Venomoth, F|343\/343
|switch|p2a: Adrian|Sableye, M|304\/304
|turn|1
|
|switch|p1a: Huntail|Huntail, M|252\/252
|move|p2a: Adrian|Taunt|p1a: Huntail
|-start|p1a: Huntail|move: Taunt
|
|turn|2
|
|move|p1a: Huntail|Waterfall|p2a: Adrian
|-damage|p2a: Adrian|154\/304
|move|p2a: Adrian|Knock Off|p1a: Huntail
|-damage|p1a: Huntail|161\/252
|-enditem|p1a: Huntail|White Herb|[from] move: Knock Off|[of] p2a: Adrian
|
|-heal|p2a: Adrian|173\/304|[from] item: Leftovers
|turn|3
|
|move|p2a: Adrian|Will-O-Wisp|p1a: Huntail
|-fail|p1a: Huntail
|move|p1a: Huntail|Waterfall|p2a: Adrian
|-damage|p2a: Adrian|14\/304
|
|-heal|p2a: Adrian|33\/304|[from] item: Leftovers
|turn|4
|
|switch|p2a: Cruella|Tentacruel, F|364\/364
|move|p1a: Huntail|Waterfall|p2a: Cruella
|-resisted|p2a: Cruella
|-damage|p2a: Cruella|305\/364
|
|-heal|p2a: Cruella|327\/364|[from] item: Black Sludge
|-end|p1a: Huntail|move: Taunt
|turn|5
|
|switch|p1a: Minun|Minun, F|262\/262
|move|p2a: Cruella|Sludge Bomb|p1a: Minun
|-damage|p1a: Minun|159\/262
|
|-heal|p2a: Cruella|349\/364|[from] item: Black Sludge
|turn|6
|
|move|p1a: Minun|Thunder|p2a: Cruella
|-supereffective|p2a: Cruella
|-damage|p2a: Cruella|42\/364
|-damage|p1a: Minun|133\/262|[from] item: Life Orb
|move|p2a: Cruella|Sludge Bomb|p1a: Minun
|-damage|p1a: Minun|40\/262
|
|-heal|p2a: Cruella|64\/364|[from] item: Black Sludge
|turn|7
|
|switch|p2a: Raphael|Gliscor, M|354\/354
|move|p1a: Minun|Thunderbolt|p2a: Raphael
|-immune|p2a: Raphael|[msg]
|
|-status|p2a: Raphael|tox|[from] item: Toxic Orb
|turn|8
|
|move|p1a: Minun|Hidden Power|p2a: Raphael
|-supereffective|p2a: Raphael
|-damage|p2a: Raphael|26\/354 tox
|-damage|p1a: Minun|14\/262|[from] item: Life Orb
|move|p2a: Raphael|Swords Dance|p2a: Raphael
|-boost|p2a: Raphael|atk|2
|
|-heal|p2a: Raphael|70\/354 tox|[from] ability: Poison Heal
|turn|9
|
|switch|p2a: Cruella|Tentacruel, F|64\/364
|move|p1a: Minun|Thunderbolt|p2a: Cruella
|-supereffective|p2a: Cruella
|-damage|p2a: Cruella|0 fnt
|-damage|p1a: Minun|0 fnt|[from] item: Life Orb
|faint|p2a: Cruella
|faint|p1a: Minun
|
|
|switch|p1a: Venomoth|Venomoth, F|343\/343
|switch|p2a: Adrian|Sableye, M|33\/304
|turn|10
|
|move|p2a: Adrian|Recover|p2a: Adrian
|-heal|p2a: Adrian|185\/304
|move|p1a: Venomoth|Bug Buzz|p2a: Adrian
|-damage|p2a: Adrian|95\/304
|
|-heal|p2a: Adrian|114\/304|[from] item: Leftovers
|turn|11
|
|switch|p1a: Huntail|Huntail, M|161\/252
|move|p2a: Adrian|Taunt|p1a: Huntail
|-start|p1a: Huntail|move: Taunt
|
|-heal|p2a: Adrian|133\/304|[from] item: Leftovers
|turn|12
|
|move|p2a: Adrian|Recover|p2a: Adrian
|-heal|p2a: Adrian|285\/304
|move|p1a: Huntail|Waterfall|p2a: Adrian
|-damage|p2a: Adrian|126\/304
|
|-heal|p2a: Adrian|145\/304|[from] item: Leftovers
|turn|13
|
|switch|p2a: Raphael|Gliscor, M|70\/354 tox
|move|p1a: Huntail|Waterfall|p2a: Raphael
|-supereffective|p2a: Raphael
|-damage|p2a: Raphael|0 fnt
|faint|p2a: Raphael
|
|
|switch|p2a: Evangeline|Gardevoir, F|278\/278
|-ability|p2a: Evangeline|Water Veil|[from] ability: Trace|[of] p1a: Huntail
|turn|14
|
|switch|p1a: Registeel|Registeel|364\/364
|move|p2a: Evangeline|Energy Ball|p1a: Registeel
|-resisted|p1a: Registeel
|-damage|p1a: Registeel|321\/364
|
|-heal|p1a: Registeel|343\/364|[from] item: Leftovers
|turn|15
|
|switch|p2a: Scarlett|Scizor, F|344\/344
|move|p1a: Registeel|Thunder Wave|p2a: Scarlett
|-status|p2a: Scarlett|par
|
|-heal|p1a: Registeel|364\/364|[from] item: Leftovers
|turn|16
|
|switch|p1a: Muk|Muk, M|352\/352
|detailschange|p2a: Scarlett|Scizor-Mega, F
|message|Scizor has Mega Evolved into Mega Scizor!
|cant|p2a: Scarlett|par
|
|turn|17
|
|switch|p2a: Adrian|Sableye, M|145\/304
|move|p1a: Muk|Fire Punch|p2a: Adrian
|-damage|p2a: Adrian|33\/304
|
|-heal|p2a: Adrian|52\/304|[from] item: Leftovers
|turn|18
|
|switch|p1a: Huntail|Huntail, M|161\/252
|move|p2a: Adrian|Recover|p2a: Adrian
|-heal|p2a: Adrian|204\/304
|
|-heal|p2a: Adrian|223\/304|[from] item: Leftovers
|turn|19
|
|move|p1a: Huntail|Shell Smash|p1a: Huntail
|-boost|p1a: Huntail|atk|2
|-boost|p1a: Huntail|spa|2
|-boost|p1a: Huntail|spe|2
|-unboost|p1a: Huntail|def|1
|-unboost|p1a: Huntail|spd|1
|move|p2a: Adrian|Knock Off|p1a: Huntail
|-damage|p1a: Huntail|70\/252
|
|-heal|p2a: Adrian|242\/304|[from] item: Leftovers
|turn|20
|
|move|p1a: Huntail|Waterfall|p2a: Adrian
|-damage|p2a: Adrian|0 fnt
|faint|p2a: Adrian
|
|
|switch|p2a: Scarlett|Scizor-Mega, F|344\/344 par
|turn|21
|
|move|p2a: Scarlett|Bullet Punch|p1a: Huntail
|-resisted|p1a: Huntail
|-damage|p1a: Huntail|0 fnt
|faint|p1a: Huntail
|
|
|switch|p1a: Muk|Muk, M|352\/352
|turn|22
|
|switch|p2a: Evangeline|Gardevoir, F|278\/278
|-ability|p2a: Evangeline|Poison Touch|[from] ability: Trace|[of] p1a: Muk
|move|p1a: Muk|Gunk Shot|p2a: Evangeline
|-supereffective|p2a: Evangeline
|-damage|p2a: Evangeline|0 fnt
|faint|p2a: Evangeline
|
|
|switch|p2a: Richard|Infernape, M|293\/293
|turn|23
|
|switch|p1a: Venomoth|Venomoth, F|343\/343
|move|p2a: Richard|Close Combat|p1a: Venomoth
|-resisted|p1a: Venomoth
|-damage|p1a: Venomoth|270\/343
|-unboost|p2a: Richard|def|1
|-unboost|p2a: Richard|spd|1
|
|-heal|p1a: Venomoth|291\/343|[from] item: Black Sludge
|turn|24
|
|move|p2a: Richard|Overheat|p1a: Venomoth
|-supereffective|p1a: Venomoth
|-damage|p1a: Venomoth|0 fnt
|-unboost|p2a: Richard|spa|2
|faint|p1a: Venomoth
|
|
|switch|p1a: Archeops|Archeops, F|292\/292
|turn|25
|
|switch|p2a: Scarlett|Scizor-Mega, F|344\/344 par
|move|p1a: Archeops|Head Smash|p2a: Scarlett
|-damage|p2a: Scarlett|149\/344 par
|-damage|p1a: Archeops|194\/292|[from] recoil|[of] p2a: Scarlett
|
|turn|26
|
|move|p1a: Archeops|Head Smash|p2a: Scarlett
|-damage|p2a: Scarlett|0 fnt
|-damage|p1a: Archeops|119\/292|[from] recoil|[of] p2a: Scarlett
|faint|p2a: Scarlett
|
|
|switch|p2a: Richard|Infernape, M|293\/293
|turn|27
|
|switch|p1a: Registeel|Registeel|364\/364
|move|p2a: Richard|Mach Punch|p1a: Registeel
|-supereffective|p1a: Registeel
|-damage|p1a: Registeel|284\/364
|
|-heal|p1a: Registeel|306\/364|[from] item: Leftovers
|turn|28
|
|move|p2a: Richard|Overheat|p1a: Registeel
|-supereffective|p1a: Registeel
|-damage|p1a: Registeel|70\/364
|-unboost|p2a: Richard|spa|2
|move|p1a: Registeel|Thunder Wave|p2a: Richard
|-status|p2a: Richard|par
|
|-heal|p1a: Registeel|92\/364|[from] item: Leftovers
|turn|29
|
|move|p1a: Registeel|Iron Head|p2a: Richard
|-resisted|p2a: Richard
|-damage|p2a: Richard|246\/293 par
|move|p2a: Richard|Close Combat|p1a: Registeel
|-supereffective|p1a: Registeel
|-damage|p1a: Registeel|0 fnt
|-unboost|p2a: Richard|def|1
|-unboost|p2a: Richard|spd|1
|faint|p1a: Registeel
|
|c|★Bryzola|gg
|
|switch|p1a: Archeops|Archeops, F|119\/292
|turn|30
|c|★KidKazam|gg
|
|move|p2a: Richard|Mach Punch|p1a: Archeops
|-damage|p1a: Archeops|11\/292
|move|p1a: Archeops|Earthquake|p2a: Richard
|-supereffective|p2a: Richard
|-damage|p2a: Richard|0 fnt
|faint|p2a: Richard
|
|win|KidKazam
|raw|Ladder updating...
|raw|KidKazam's rating: 1530 &rarr; <strong>1549<\/strong><br \/>(+19 for winning)
|raw|Bryzola's rating: 1515 &rarr; <strong>1497<\/strong><br \/>(-18 for losing)