|join|KidKazam
|join|Tweetie
|player|p1|KidKazam|56
|player|p2|Tweetie|220
|gametype|singles
|gen|6
|tier|OU
|rated
|clearpoke
|poke|p1|Garchomp, F, shiny
|poke|p1|Magnezone
|poke|p1|Keldeo-Resolute
|poke|p1|Latios, M
|poke|p1|Rotom-Wash
|poke|p1|Landorus-Therian, M
|poke|p2|Entei, shiny
|poke|p2|Gyarados, M
|poke|p2|Scizor, M
|poke|p2|Ditto
|poke|p2|Alakazam, M
|poke|p2|Sylveon, F
|rule|Swagger Clause: Swagger is banned
|rule|Baton Pass Clause: Limit one Pokémon knowing Baton Pass
|rule|Sleep Clause Mod: Limit one foe put to sleep
|rule|Species Clause: Limit one of each Pokémon
|rule|OHKO Clause: OHKO moves are banned
|rule|Moody Clause: Moody is banned
|rule|Evasion Moves Clause: Evasion moves are banned
|rule|Endless Battle Clause: Forcing endless battles is banned
|rule|HP Percentage Mod: HP is shown in percentages
|teampreview
|
|start
|switch|p1a: Rotom-Wash|Rotom-Wash|304\/304
|switch|p2a: Blob|Ditto|299\/299
|-transform|p2a: Blob|p1a: Rotom-Wash
|turn|1
|
|move|p2a: Blob|Volt Switch|p1a: Rotom-Wash
|-damage|p1a: Rotom-Wash|244\/304
|
|switch|p2a: Sylveon|Sylveon, F|394\/394
|move|p1a: Rotom-Wash|Will-O-Wisp|p2a: Sylveon
|-status|p2a: Sylveon|brn
|
|-damage|p2a: Sylveon|345\/394 brn|[from] brn
|turn|2
|
|move|p1a: Rotom-Wash|Volt Switch|p2a: Sylveon
|-damage|p2a: Sylveon|294\/394 brn
|
|switch|p1a: Magnezone|Magnezone|323\/323
|move|p2a: Sylveon|Heal Bell|p2a: Sylveon
|-cureteam|p2a: Sylveon|[from] move: HealBell
|
|-heal|p2a: Sylveon|318\/394|[from] item: Leftovers
|turn|3
|
|move|p2a: Sylveon|Protect|p2a: Sylveon
|-singleturn|p2a: Sylveon|Protect
|move|p1a: Magnezone|Volt Switch|p2a: Sylveon
|-activate|p2a: Sylveon|Protect
|
|-heal|p2a: Sylveon|342\/394|[from] item: Leftovers
|turn|4
|
|move|p1a: Magnezone|Volt Switch|p2a: Sylveon
|-damage|p2a: Sylveon|213\/394
|
|switch|p1a: Rotom-Wash|Rotom-Wash|244\/304
|move|p2a: Sylveon|Wish|p2a: Sylveon
|
|-heal|p2a: Sylveon|237\/394|[from] item: Leftovers
|turn|5
|
|move|p1a: Rotom-Wash|Volt Switch|p2a: Sylveon
|-damage|p2a: Sylveon|180\/394
|
|switch|p1a: Magnezone|Magnezone|323\/323
|move|p2a: Sylveon|Hyper Voice|p1a: Magnezone
|-resisted|p1a: Magnezone
|-damage|p1a: Magnezone|239\/323
|
|-heal|p2a: Sylveon|377\/394|[from] move: Wish|[wisher] Sylveon
|-heal|p2a: Sylveon|394\/394|[from] item: Leftovers
|turn|6
|
|move|p2a: Sylveon|Protect|p2a: Sylveon
|-singleturn|p2a: Sylveon|Protect
|move|p1a: Magnezone|Flash Cannon|p2a: Sylveon
|-activate|p2a: Sylveon|Protect
|
|turn|7
|
|switch|p2a: Blob|Ditto|299\/299
|-transform|p2a: Blob|p1a: Magnezone
|move|p1a: Magnezone|Flash Cannon|p2a: Blob
|-resisted|p2a: Blob
|-damage|p2a: Blob|239\/299
|
|turn|8
|
|move|p2a: Blob|Thunderbolt|p1a: Magnezone
|-resisted|p1a: Magnezone
|-damage|p1a: Magnezone|149\/323
|move|p1a: Magnezone|Flash Cannon|p2a: Blob
|-resisted|p2a: Blob
|-damage|p2a: Blob|176\/299
|
|turn|9
|
|move|p2a: Blob|Thunderbolt|p1a: Magnezone
|-resisted|p1a: Magnezone
|-damage|p1a: Magnezone|59\/323
|move|p1a: Magnezone|Flash Cannon|p2a: Blob
|-resisted|p2a: Blob
|-damage|p2a: Blob|116\/299
|
|turn|10
|
|move|p2a: Blob|Thunderbolt|p1a: Magnezone
|-resisted|p1a: Magnezone
|-damage|p1a: Magnezone|0 fnt
|faint|p1a: Magnezone
|
|
|switch|p1a: Landorus-Therian|Landorus-Therian, M|382\/382
|-ability|p1a: Landorus-Therian|Intimidate|[of] p2a: Blob
|-unboost|p2a: Blob|atk|1
|turn|11
|
|switch|p2a: Red Bull|Scizor, M|344\/344
|move|p1a: Landorus-Therian|U-turn|p2a: Red Bull
|-resisted|p2a: Red Bull
|-damage|p2a: Red Bull|318\/344
|
|switch|p1a: Keldeo-Resolute|Keldeo-Resolute|323\/323
|
|turn|12
|
|switch|p2a: Sylveon|Sylveon, F|394\/394
|move|p1a: Keldeo-Resolute|Hydro Pump|p2a: Sylveon
|-damage|p2a: Sylveon|228\/394
|
|-heal|p2a: Sylveon|252\/394|[from] item: Leftovers
|turn|13
|
|switch|p1a: Rotom-Wash|Rotom-Wash|244\/304
|move|p2a: Sylveon|Wish|p2a: Sylveon
|
|-heal|p2a: Sylveon|276\/394|[from] item: Leftovers
|turn|14
|
|move|p1a: Rotom-Wash|Will-O-Wisp|p2a: Sylveon
|-status|p2a: Sylveon|brn
|move|p2a: Sylveon|Hyper Voice|p1a: Rotom-Wash
|-crit|p1a: Rotom-Wash
|-damage|p1a: Rotom-Wash|81\/304
|
|-heal|p2a: Sylveon|394\/394 brn|[from] move: Wish|[wisher] Sylveon
|-damage|p2a: Sylveon|345\/394 brn|[from] brn
|turn|15
|
|move|p1a: Rotom-Wash|Volt Switch|p2a: Sylveon
|-damage|p2a: Sylveon|290\/394 brn
|
|switch|p1a: Latios|Latios, M|302\/302
|move|p2a: Sylveon|Heal Bell|p2a: Sylveon
|-cureteam|p2a: Sylveon|[from] move: HealBell
|
|-heal|p2a: Sylveon|314\/394|[from] item: Leftovers
|turn|16
|
|move|p2a: Sylveon|Protect|p2a: Sylveon
|-singleturn|p2a: Sylveon|Protect
|move|p1a: Latios|Psyshock|p2a: Sylveon
|-activate|p2a: Sylveon|Protect
|
|-heal|p2a: Sylveon|338\/394|[from] item: Leftovers
|turn|17
|
|switch|p2a: Red Bull|Scizor, M|318\/344
|move|p1a: Latios|Psyshock|p2a: Red Bull
|-resisted|p2a: Red Bull
|-damage|p2a: Red Bull|252\/344
|-damage|p1a: Latios|272\/302|[from] item: Life Orb
|
|turn|18
|
|switch|p1a: Landorus-Therian|Landorus-Therian, M|382\/382
|-ability|p1a: Landorus-Therian|Intimidate|[of] p2a: Red Bull
|-unboost|p2a: Red Bull|atk|1
|detailschange|p2a: Red Bull|Scizor-Mega, M
|message|Scizor has Mega Evolved into Mega Scizor!
|move|p2a: Red Bull|Knock Off|p1a: Landorus-Therian
|-damage|p1a: Landorus-Therian|329\/382
|-enditem|p1a: Landorus-Therian|Leftovers|[from] move: Knock Off|[of] p2a: Red Bull
|
|turn|19
|
|move|p1a: Landorus-Therian|U-turn|p2a: Red Bull
|-resisted|p2a: Red Bull
|-damage|p2a: Red Bull|230\/344
|
|switch|p1a: Keldeo-Resolute|Keldeo-Resolute|323\/323
|move|p2a: Red Bull|Roost|p2a: Red Bull
|-heal|p2a: Red Bull|344\/344
|
|turn|20
|
|switch|p2a: Sylveon|Sylveon, F|338\/394
|move|p1a: Keldeo-Resolute|Scald|p2a: Sylveon
|-damage|p2a: Sylveon|215\/394
|
|-heal|p2a: Sylveon|239\/394|[from] item: Leftovers
|turn|21
|
|switch|p1a: Garchomp|Garchomp, F, shiny|358\/358
|move|p2a: Sylveon|Wish|p2a: Sylveon
|
|-heal|p2a: Sylveon|263\/394|[from] item: Leftovers
|turn|22
|
|switch|p2a: Shen-Ron|Gyarados, M|353\/353
|-ability|p2a: Shen-Ron|Intimidate|[of] p1a: Garchomp
|-unboost|p1a: Garchomp|atk|1
|move|p1a: Garchomp|Earthquake|p2a: Shen-Ron
|-immune|p2a: Shen-Ron|[msg]
|
|turn|23
|
|switch|p1a: Landorus-Therian|Landorus-Therian, M|329\/382
|-ability|p1a: Landorus-Therian|Intimidate|[of] p2a: Shen-Ron
|-unboost|p2a: Shen-Ron|atk|1
|move|p2a: Shen-Ron|Substitute|p2a: Shen-Ron
|-start|p2a: Shen-Ron|Substitute
|-damage|p2a: Shen-Ron|265\/353
|
|-heal|p2a: Shen-Ron|287\/353|[from] item: Leftovers
|turn|24
|
|move|p2a: Shen-Ron|Dragon Dance|p2a: Shen-Ron
|-boost|p2a: Shen-Ron|atk|1
|-boost|p2a: Shen-Ron|spe|1
|move|p1a: Landorus-Therian|Stone Edge|p2a: Shen-Ron
|-supereffective|p2a: Shen-Ron
|-end|p2a: Shen-Ron|Substitute
|
|-heal|p2a: Shen-Ron|309\/353|[from] item: Leftovers
|turn|25
|
|move|p2a: Shen-Ron|Substitute|p2a: Shen-Ron
|-start|p2a: Shen-Ron|Substitute
|-damage|p2a: Shen-Ron|221\/353
|move|p1a: Landorus-Therian|U-turn|p2a: Shen-Ron
|-resisted|p2a: Shen-Ron
|-activate|p2a: Shen-Ron|Substitute|[damage]
|
|switch|p1a: Garchomp|Garchomp, F, shiny|358\/358
|
|-heal|p2a: Shen-Ron|243\/353|[from] item: Leftovers
|turn|26
|
|move|p1a: Garchomp|Stone Edge|p2a: Shen-Ron
|-supereffective|p2a: Shen-Ron
|-end|p2a: Shen-Ron|Substitute
|move|p2a: Shen-Ron|Dragon Dance|p2a: Shen-Ron
|-boost|p2a: Shen-Ron|atk|1
|-boost|p2a: Shen-Ron|spe|1
|
|-heal|p2a: Shen-Ron|265\/353|[from] item: Leftovers
|turn|27
|
|move|p2a: Shen-Ron|Bounce|p1a: Garchomp|[still]
|-prepare|p2a: Shen-Ron|Bounce|p1a: Garchomp
|move|p1a: Garchomp|Stone Edge|p2a: Shen-Ron|[miss]
|-miss|p1a: Garchomp|p2a: Shen-Ron
|
|-heal|p2a: Shen-Ron|287\/353|[from] item: Leftovers
|turn|28
|
|move|p2a: Shen-Ron|Bounce|p1a: Garchomp
|-damage|p1a: Garchomp|106\/358
|-damage|p2a: Shen-Ron|243\/353|[from] ability: Rough Skin|[of] p1a: Garchomp
|move|p1a: Garchomp|Stone Edge|p2a: Shen-Ron
|-supereffective|p2a: Shen-Ron
|-damage|p2a: Shen-Ron|0 fnt
|faint|p2a: Shen-Ron
|
|
|switch|p2a: Red Bull|Scizor-Mega, M|344\/344
|turn|29
|
|switch|p1a: Keldeo-Resolute|Keldeo-Resolute|323\/323
|move|p2a: Red Bull|Bullet Punch|p1a: Keldeo-Resolute
|-resisted|p1a: Keldeo-Resolute
|-damage|p1a: Keldeo-Resolute|272\/323
|
|turn|30
|
|move|p1a: Keldeo-Resolute|Hydro Pump|p2a: Red Bull
|-damage|p2a: Red Bull|53\/344
|move|p2a: Red Bull|Knock Off|p1a: Keldeo-Resolute
|-resisted|p1a: Keldeo-Resolute
|-damage|p1a: Keldeo-Resolute|209\/323
|-boost|p1a: Keldeo-Resolute|atk|1|[from] ability: Justified
|-enditem|p1a: Keldeo-Resolute|Choice Specs|[from] move: Knock Off|[of] p2a: Red Bull
|
|turn|31
|
|switch|p1a: Garchomp|Garchomp, F, shiny|106\/358
|switch|p2a: Sylveon|Sylveon, F|263\/394
|
|-heal|p2a: Sylveon|287\/394|[from] item: Leftovers
|turn|32
|
|move|p2a: Sylveon|Protect|p2a: Sylveon
|-singleturn|p2a: Sylveon|Protect
|move|p1a: Garchomp|Earthquake|p2a: Sylveon
|-activate|p2a: Sylveon|Protect
|
|-heal|p2a: Sylveon|311\/394|[from] item: Leftovers
|turn|33
|
|switch|p2a: Red Bull|Scizor-Mega, M|53\/344
|move|p1a: Garchomp|Earthquake|p2a: Red Bull
|-damage|p2a: Red Bull|0 fnt
|faint|p2a: Red Bull
|
|
|switch|p2a: Yogurt|Alakazam, M|252\/252
|turn|34
|
|move|p1a: Garchomp|Earthquake|p2a: Yogurt
|-enditem|p2a: Yogurt|Focus Sash
|-damage|p2a: Yogurt|1\/252
|move|p2a: Yogurt|Psyshock|p1a: Garchomp
|-damage|p1a: Garchomp|0 fnt
|faint|p1a: Garchomp
|
|
|switch|p1a: Landorus-Therian|Landorus-Therian, M|329\/382
|-ability|p1a: Landorus-Therian|Intimidate|[of] p2a: Yogurt
|-unboost|p2a: Yogurt|atk|1
|turn|35
|c|★Tweetie|scarf chomp
|
|move|p2a: Yogurt|Hidden Power|p1a: Landorus-Therian
|-supereffective|p1a: Landorus-Therian
|-damage|p1a: Landorus-Therian|0 fnt
|faint|p1a: Landorus-Therian
|
|
|switch|p1a: Latios|Latios, M|272\/302
|turn|36
|
|move|p2a: Yogurt|Shadow Ball|p1a: Latios
|-supereffective|p1a: Latios
|-damage|p1a: Latios|106\/302
|move|p1a: Latios|Psyshock|p2a: Yogurt
|-resisted|p2a: Yogurt
|-damage|p2a: Yogurt|0 fnt
|-damage|p1a: Latios|76\/302|[from] item: Life Orb
|faint|p2a: Yogurt
|
|
|switch|p2a: Blob|Ditto|116\/299
|-transform|p2a: Blob|p1a: Latios
|turn|37
|
|switch|p1a: Keldeo-Resolute|Keldeo-Resolute|209\/323
|move|p2a: Blob|Psyshock|p1a: Keldeo-Resolute
|-supereffective|p1a: Keldeo-Resolute
|-damage|p1a: Keldeo-Resolute|0 fnt
|faint|p1a: Keldeo-Resolute
|
|
|switch|p1a: Latios|Latios, M|76\/302
|turn|38
|
|move|p2a: Blob|Psyshock|p1a: Latios
|-resisted|p1a: Latios
|-damage|p1a: Latios|0 fnt
|faint|p1a: Latios
|
|
|switch|p1a: Rotom-Wash|Rotom-Wash|81\/304
|turn|39
|
|move|p2a: Blob|Psyshock|p1a: Rotom-Wash
|-damage|p1a: Rotom-Wash|0 fnt
|faint|p1a: Rotom-Wash
|
|win|Tweetie
|raw|Ladder updating...
|raw|KidKazam's rating: 1689 &rarr; <strong>1664<\/strong><br \/>(-25 for losing)
|raw|Tweetie's rating: 1604 &rarr; <strong>1629<\/strong><br \/>(+25 for winning)