|join|Lol1z da Fuccboi
|join|Trintirotulene
|player|p1|Lol1z da Fuccboi|169
|player|p2|Trintirotulene|266
|gametype|singles
|gen|6
|tier|UU
|rated
|rule|Sleep Clause Mod: Limit one foe put to sleep
|rule|Species Clause: Limit one of each Pokémon
|rule|OHKO Clause: OHKO moves are banned
|rule|Moody Clause: Moody is banned
|rule|Evasion Moves Clause: Evasion moves are banned
|rule|Endless Battle Clause: Forcing endless battles is banned
|rule|HP Percentage Mod: HP is shown in percentages
|clearpoke
|poke|p1|Swampert, M
|poke|p1|Celebi
|poke|p1|Entei, shiny
|poke|p1|Forretress, F
|poke|p1|Mienshao, M
|poke|p1|Hydreigon, F
|poke|p2|Snorlax, F
|poke|p2|Hydreigon, F
|poke|p2|Gligar, F
|poke|p2|Whimsicott, M
|poke|p2|Blastoise, F
|poke|p2|Jirachi, shiny
|rule|Swagger Clause: Swagger is banned
|rule|Baton Pass Clause: Limit one Pokémon knowing Baton Pass
|teampreview
|
|start
|switch|p1a: Swampert|Swampert, M|404\/404
|switch|p2a: Blastoise|Blastoise, F|357\/357
|turn|1
|
|detailschange|p2a: Blastoise|Blastoise-Mega, F
|-mega|p2a: Blastoise|Blastoise|Blastoisinite
|move|p2a: Blastoise|Scald|p1a: Swampert
|-damage|p1a: Swampert|274\/404
|move|p1a: Swampert|Earthquake|p2a: Blastoise
|-damage|p2a: Blastoise|255\/357
|
|-heal|p1a: Swampert|299\/404|[from] item: Leftovers
|turn|2
|
|move|p2a: Blastoise|Dark Pulse|p1a: Swampert
|-crit|p1a: Swampert
|-damage|p1a: Swampert|126\/404
|move|p1a: Swampert|Earthquake|p2a: Blastoise
|-damage|p2a: Blastoise|144\/357
|
|-heal|p1a: Swampert|151\/404|[from] item: Leftovers
|turn|3
|
|switch|p1a: Hydreigon|Hydreigon, F|325\/325
|move|p2a: Blastoise|Dark Pulse|p1a: Hydreigon
|-resisted|p1a: Hydreigon
|-damage|p1a: Hydreigon|238\/325
|
|turn|4
|
|switch|p2a: Snorlax|Snorlax, F|461\/461
|move|p1a: Hydreigon|Draco Meteor|p2a: Snorlax
|-damage|p2a: Snorlax|353\/461
|-unboost|p1a: Hydreigon|spa|2
|
|turn|5
|
|switch|p1a: Forretress|Forretress, F|354\/354
|move|p2a: Snorlax|Fire Blast|p1a: Forretress
|-supereffective|p1a: Forretress
|-activate|p1a: Forretress|Sturdy
|-damage|p1a: Forretress|1\/354
|-status|p1a: Forretress|brn
|
|-heal|p1a: Forretress|23\/354 brn|[from] item: Leftovers
|-damage|p1a: Forretress|0 fnt|[from] brn
|faint|p1a: Forretress
|c|★Lol1z da Fuccboi|actually
|c|★Lol1z da Fuccboi|specs
|c|★Trintirotulene|bang
|
|switch|p1a: Mienshao|Mienshao, M|271\/271
|turn|6
|c|★Lol1z da Fuccboi|dat big 65 special attack
|c|★Trintirotulene|let me unload this hyper beam right quick
|c|★Lol1z da Fuccboi|hahahahahahaha
|c|★Lol1z da Fuccboi|too real
|
|switch|p2a: Gligar|Gligar, F|334\/334
|move|p1a: Mienshao|Knock Off|p2a: Gligar
|-damage|p2a: Gligar|268\/334
|-enditem|p2a: Gligar|Eviolite|[from] move: Knock Off|[of] p1a: Mienshao
|-damage|p1a: Mienshao|244\/271|[from] item: Life Orb
|
|turn|7
|
|move|p1a: Mienshao|U-turn|p2a: Gligar
|-crit|p2a: Gligar
|-resisted|p2a: Gligar
|-damage|p2a: Gligar|211\/334
|-damage|p1a: Mienshao|217\/271|[from] item: Life Orb
|
|switch|p1a: Swampert|Swampert, M|151\/404
|move|p2a: Gligar|Stealth Rock|p1a: Swampert
|-sidestart|p1: Lol1z da Fuccboi|move: Stealth Rock
|
|-heal|p1a: Swampert|176\/404|[from] item: Leftovers
|turn|8
|
|move|p2a: Gligar|U-turn|p1a: Swampert
|-damage|p1a: Swampert|126\/404
|
|switch|p2a: Blastoise|Blastoise-Mega, F|144\/357
|move|p1a: Swampert|Stealth Rock|p2a: Blastoise
|-sidestart|p2: Trintirotulene|move: Stealth Rock
|
|-heal|p1a: Swampert|151\/404|[from] item: Leftovers
|turn|9
|
|move|p2a: Blastoise|Rapid Spin|p1a: Swampert
|-damage|p1a: Swampert|135\/404
|-sideend|p2: Trintirotulene|Stealth Rock|[from] move: Rapid Spin|[of] p2a: Blastoise
|move|p1a: Swampert|Earthquake|p2a: Blastoise
|-damage|p2a: Blastoise|32\/357
|
|-heal|p1a: Swampert|160\/404|[from] item: Leftovers
|turn|10
|
|move|p2a: Blastoise|Scald|p1a: Swampert
|-damage|p1a: Swampert|36\/404
|move|p1a: Swampert|Stealth Rock|p2a: Blastoise
|-sidestart|p2: Trintirotulene|move: Stealth Rock
|
|-heal|p1a: Swampert|61\/404|[from] item: Leftovers
|turn|11
|
|move|p2a: Blastoise|Rapid Spin|p1a: Swampert
|-damage|p1a: Swampert|44\/404
|-sideend|p2: Trintirotulene|Stealth Rock|[from] move: Rapid Spin|[of] p2a: Blastoise
|move|p1a: Swampert|Earthquake|p2a: Blastoise
|-damage|p2a: Blastoise|0 fnt
|faint|p2a: Blastoise
|
|-heal|p1a: Swampert|69\/404|[from] item: Leftovers
|
|switch|p2a: Whimsicott|Whimsicott, M|261\/261
|turn|12
|
|switch|p1a: Celebi|Celebi|404\/404
|-damage|p1a: Celebi|354\/404|[from] Stealth Rock
|move|p2a: Whimsicott|Moonblast|p1a: Celebi
|-damage|p1a: Celebi|218\/404
|-unboost|p1a: Celebi|spa|1
|
|-heal|p1a: Celebi|243\/404|[from] item: Leftovers
|turn|13
|
|switch|p2a: Hydreigon|Hydreigon, F|325\/325
|move|p1a: Celebi|U-turn|p2a: Hydreigon
|-supereffective|p2a: Hydreigon
|-damage|p2a: Hydreigon|205\/325
|
|switch|p1a: Hydreigon|Hydreigon, F|238\/325
|-damage|p1a: Hydreigon|198\/325|[from] Stealth Rock
|
|turn|14
|
|move|p1a: Hydreigon|U-turn|p2a: Hydreigon
|-supereffective|p2a: Hydreigon
|-damage|p2a: Hydreigon|75\/325
|
|switch|p1a: Swampert|Swampert, M|69\/404
|-damage|p1a: Swampert|44\/404|[from] Stealth Rock
|move|p2a: Hydreigon|Draco Meteor|p1a: Swampert|[miss]
|-miss|p2a: Hydreigon|p1a: Swampert
|
|-heal|p1a: Swampert|69\/404|[from] item: Leftovers
|turn|15
|
|move|p2a: Hydreigon|Draco Meteor|p1a: Swampert
|-damage|p1a: Swampert|0 fnt
|-unboost|p2a: Hydreigon|spa|2
|faint|p1a: Swampert
|
|
|switch|p1a: Mienshao|Mienshao, M|271\/271
|-damage|p1a: Mienshao|255\/271|[from] Stealth Rock
|turn|16
|
|switch|p2a: Whimsicott|Whimsicott, M|261\/261
|move|p1a: Mienshao|Knock Off|p2a: Whimsicott
|-resisted|p2a: Whimsicott
|-damage|p2a: Whimsicott|174\/261
|-enditem|p2a: Whimsicott|Choice Specs|[from] move: Knock Off|[of] p1a: Mienshao
|-damage|p1a: Mienshao|228\/271|[from] item: Life Orb
|
|turn|17
|
|switch|p1a: Celebi|Celebi|243\/404
|-damage|p1a: Celebi|193\/404|[from] Stealth Rock
|move|p2a: Whimsicott|Moonblast|p1a: Celebi
|-damage|p1a: Celebi|111\/404
|
|-heal|p1a: Celebi|136\/404|[from] item: Leftovers
|turn|18
|-message|Lol1z da Fuccboi lost due to inactivity.
|c|★Trintirotulene|lol cmon
|
|win|Trintirotulene
|raw|Ladder updating...
|raw|Lol1z da Fuccboi's rating: 1685 &rarr; <strong>1657<\/strong><br \/>(-28 for losing)
|raw|Trintirotulene's rating: 1537 &rarr; <strong>1565<\/strong><br \/>(+28 for winning)
|c|★Trintirotulene|sry