|join|MegaMogwai
|join|khalB
|player|p1|MegaMogwai|101
|player|p2|khalB|1
|gametype|singles
|gen|6
|tier|OU
|rated
|clearpoke
|poke|p1|Camerupt, M
|poke|p1|Celebi
|poke|p1|Crawdaunt, M
|poke|p1|Porygon2
|poke|p1|Scizor, M
|poke|p1|Thundurus-Therian, M
|poke|p2|Weavile, F
|poke|p2|Greninja, M
|poke|p2|Ferrothorn, M
|poke|p2|Charizard, M
|poke|p2|Gardevoir, M
|poke|p2|Excadrill, M
|rule|Swagger Clause: Swagger is banned
|rule|Baton Pass Clause: Limit one Pokémon knowing Baton Pass
|rule|Sleep Clause Mod: Limit one foe put to sleep
|rule|Species Clause: Limit one of each Pokémon
|rule|OHKO Clause: OHKO moves are banned
|rule|Moody Clause: Moody is banned
|rule|Evasion Moves Clause: Evasion moves are banned
|rule|Endless Battle Clause: Forcing endless battles is banned
|rule|HP Percentage Mod: HP is shown in percentages
|teampreview
|
|start
|switch|p1a: Hawaii|Camerupt, M|341\/341
|switch|p2a: Ferrothorn|Ferrothorn, M|352\/352
|turn|1
|
|detailschange|p1a: Hawaii|Camerupt-Mega, M
|message|Camerupt has Mega Evolved into Mega Camerupt!
|move|p1a: Hawaii|Stealth Rock|p2a: Ferrothorn
|-sidestart|p2: khalB|move: Stealth Rock
|move|p2a: Ferrothorn|Stealth Rock|p1a: Hawaii
|-sidestart|p1: MegaMogwai|move: Stealth Rock
|
|turn|2
|
|move|p1a: Hawaii|Fire Blast|p2a: Ferrothorn|[miss]
|-miss|p1a: Hawaii|p2a: Ferrothorn
|move|p2a: Ferrothorn|Leech Seed|p1a: Hawaii
|-start|p1a: Hawaii|move: Leech Seed
|
|-damage|p1a: Hawaii|299\/341|[from] Leech Seed|[of] p2a: Ferrothorn
|turn|3
|
|move|p1a: Hawaii|Fire Blast|p2a: Ferrothorn
|-supereffective|p2a: Ferrothorn
|-damage|p2a: Ferrothorn|0 fnt
|faint|p2a: Ferrothorn
|
|
|switch|p2a: Greninja|Greninja, M|285\/285
|-damage|p2a: Greninja|250\/285|[from] Stealth Rock
|turn|4
|
|switch|p1a: Joe|Porygon2|374\/374
|-damage|p1a: Joe|328\/374|[from] Stealth Rock
|-ability|p1a: Joe|Protean|[from] ability: Trace|[of] p2a: Greninja
|move|p2a: Greninja|Hydro Pump|p1a: Joe
|-start|p2a: Greninja|typechange|Water|[from] Protean
|-damage|p1a: Joe|211\/374
|-damage|p2a: Greninja|222\/285|[from] item: Life Orb
|
|turn|5
|
|switch|p2a: Gardevoir|Gardevoir, M|278\/278
|-damage|p2a: Gardevoir|244\/278|[from] Stealth Rock
|-ability|p2a: Gardevoir|Protean|[from] ability: Trace|[of] p1a: Joe
|move|p1a: Joe|Recover|p1a: Joe
|-heal|p1a: Joe|374\/374
|
|turn|6
|
|move|p2a: Gardevoir|Focus Blast|p1a: Joe|[miss]
|-start|p2a: Gardevoir|typechange|Fighting|[from] Protean
|-miss|p2a: Gardevoir|p1a: Joe
|move|p1a: Joe|Trick Room|p1a: Joe
|-start|p1a: Joe|typechange|Psychic|[from] Protean
|-fieldstart|move: Trick Room|[of] p1a: Joe
|
|turn|7
|
|switch|p1a: Serebii|Celebi|403\/403
|-damage|p1a: Serebii|353\/403|[from] Stealth Rock
|switch|p2a: Excadrill|Excadrill, M|362\/362
|-damage|p2a: Excadrill|351\/362|[from] Stealth Rock
|-ability|p2a: Excadrill|Mold Breaker
|-item|p2a: Excadrill|Air Balloon
|
|-heal|p1a: Serebii|378\/403|[from] item: Leftovers
|turn|8
|
|move|p1a: Serebii|Substitute|p1a: Serebii
|-start|p1a: Serebii|Substitute
|-damage|p1a: Serebii|278\/403
|move|p2a: Excadrill|Rapid Spin|p1a: Serebii
|-activate|p1a: Serebii|Substitute|[damage]
|-sideend|p2: khalB|Stealth Rock|[from] move: Rapid Spin|[of] p2a: Excadrill
|
|-heal|p1a: Serebii|303\/403|[from] item: Leftovers
|turn|9
|
|move|p1a: Serebii|Baton Pass|p1a: Serebii
|
|switch|p1a: Hawaii|Camerupt-Mega, M|299\/341
|-damage|p1a: Hawaii|257\/341|[from] Stealth Rock
|move|p2a: Excadrill|Earthquake|p1a: Hawaii
|-supereffective|p1a: Hawaii
|-end|p1a: Hawaii|Substitute
|
|turn|10
|
|switch|p2a: Greninja|Greninja, M|222\/285
|move|p1a: Hawaii|Fire Blast|p2a: Greninja|[miss]
|-miss|p1a: Hawaii|p2a: Greninja
|
|-fieldend|move: Trick Room
|turn|11
|
|switch|p1a: Joe|Porygon2|374\/374
|-damage|p1a: Joe|328\/374|[from] Stealth Rock
|-ability|p1a: Joe|Protean|[from] ability: Trace|[of] p2a: Greninja
|move|p2a: Greninja|Hydro Pump|p1a: Joe|[miss]
|-start|p2a: Greninja|typechange|Water|[from] Protean
|-miss|p2a: Greninja|p1a: Joe
|
|turn|12
|
|switch|p2a: Weavile|Weavile, F|282\/282
|-ability|p2a: Weavile|Pressure
|move|p1a: Joe|Trick Room|p1a: Joe
|-start|p1a: Joe|typechange|Psychic|[from] Protean
|-fieldstart|move: Trick Room|[of] p1a: Joe
|
|turn|13
|
|move|p1a: Joe|Tri Attack|p2a: Weavile
|-start|p1a: Joe|typechange|Normal|[from] Protean
|-damage|p2a: Weavile|170\/282
|move|p2a: Weavile|Ice Punch|p1a: Joe
|-damage|p1a: Joe|215\/374
|-damage|p2a: Weavile|142\/282|[from] item: Life Orb
|
|turn|14
|
|switch|p1a: Hawaii|Camerupt-Mega, M|257\/341
|-damage|p1a: Hawaii|215\/341|[from] Stealth Rock
|move|p2a: Weavile|Knock Off|p1a: Hawaii
|-damage|p1a: Hawaii|66\/341
|-damage|p2a: Weavile|114\/282|[from] item: Life Orb
|
|turn|15
|
|switch|p1a: Clamps|Scizor, M|344\/344
|-damage|p1a: Clamps|301\/344|[from] Stealth Rock
|move|p2a: Weavile|Ice Shard|p1a: Clamps
|-resisted|p1a: Clamps
|-damage|p1a: Clamps|259\/344
|-damage|p2a: Weavile|86\/282|[from] item: Life Orb
|
|turn|16
|
|switch|p2a: Excadrill|Excadrill, M|351\/362
|-ability|p2a: Excadrill|Mold Breaker
|-item|p2a: Excadrill|Air Balloon
|move|p1a: Clamps|U-turn|p2a: Excadrill
|-resisted|p2a: Excadrill
|-damage|p2a: Excadrill|202\/362
|-enditem|p2a: Excadrill|Air Balloon
|
|switch|p1a: Russia|Crawdaunt, M|283\/283
|-damage|p1a: Russia|248\/283|[from] Stealth Rock
|
|-fieldend|move: Trick Room
|turn|17
|
|move|p1a: Russia|Aqua Jet|p2a: Excadrill
|-supereffective|p2a: Excadrill
|-damage|p2a: Excadrill|0 fnt
|-damage|p1a: Russia|220\/283|[from] item: Life Orb
|faint|p2a: Excadrill
|
|
|switch|p2a: Charizard|Charizard, M|315\/315
|turn|18
|
|detailschange|p2a: Charizard|Charizard-Mega-X, M
|message|Charizard has Mega Evolved into Mega Charizard!
|move|p2a: Charizard|Dragon Dance|p2a: Charizard
|-boost|p2a: Charizard|atk|1
|-boost|p2a: Charizard|spe|1
|move|p1a: Russia|Crabhammer|p2a: Charizard
|-damage|p2a: Charizard|21\/315
|-damage|p1a: Russia|192\/283|[from] item: Life Orb
|
|turn|19
|
|switch|p2a: Greninja|Greninja, M|222\/285
|move|p1a: Russia|Aqua Jet|p2a: Greninja
|-resisted|p2a: Greninja
|-damage|p2a: Greninja|128\/285
|-damage|p1a: Russia|164\/283|[from] item: Life Orb
|
|turn|20
|
|switch|p1a: Nimbus|Thundurus-Therian, M|298\/298
|-damage|p1a: Nimbus|224\/298|[from] Stealth Rock
|move|p2a: Greninja|Hydro Pump|p1a: Nimbus
|-start|p2a: Greninja|typechange|Water|[from] Protean
|-damage|p1a: Nimbus|0 fnt
|-damage|p2a: Greninja|100\/285|[from] item: Life Orb
|faint|p1a: Nimbus
|
|
|switch|p1a: Joe|Porygon2|215\/374
|-damage|p1a: Joe|169\/374|[from] Stealth Rock
|-ability|p1a: Joe|Protean|[from] ability: Trace|[of] p2a: Greninja
|turn|21
|
|switch|p2a: Weavile|Weavile, F|86\/282
|-ability|p2a: Weavile|Pressure
|move|p1a: Joe|Trick Room|p1a: Joe
|-start|p1a: Joe|typechange|Psychic|[from] Protean
|-fieldstart|move: Trick Room|[of] p1a: Joe
|
|turn|22
|
|move|p1a: Joe|Tri Attack|p2a: Weavile
|-start|p1a: Joe|typechange|Normal|[from] Protean
|-damage|p2a: Weavile|0 fnt
|faint|p2a: Weavile
|
|
|switch|p2a: Gardevoir|Gardevoir, M|244\/278
|-ability|p2a: Gardevoir|Protean|[from] ability: Trace|[of] p1a: Joe
|turn|23
|
|switch|p1a: Serebii|Celebi|303\/403
|-damage|p1a: Serebii|253\/403|[from] Stealth Rock
|move|p2a: Gardevoir|Healing Wish|p2a: Gardevoir
|-start|p2a: Gardevoir|typechange|Psychic|[from] Protean
|faint|p2a: Gardevoir
|
|-heal|p1a: Serebii|278\/403|[from] item: Leftovers
|
|switch|p2a: Charizard|Charizard-Mega-X, M|21\/315
|-heal|p2a: Charizard|315\/315|[from] move: Healing Wish
|turn|24
|
|move|p1a: Serebii|Healing Wish|p1a: Serebii
|faint|p1a: Serebii
|move|p2a: Charizard|Flare Blitz|p1: Serebii|[notarget]
|-notarget
|
|
|switch|p1a: Hawaii|Camerupt-Mega, M|66\/341
|-heal|p1a: Hawaii|341\/341|[from] move: Healing Wish
|-damage|p1a: Hawaii|299\/341|[from] Stealth Rock
|turn|25
|
|switch|p2a: Greninja|Greninja, M|100\/285
|move|p1a: Hawaii|Earth Power|p2a: Greninja
|-crit|p2a: Greninja
|-damage|p2a: Greninja|0 fnt
|faint|p2a: Greninja
|
|-fieldend|move: Trick Room
|
|switch|p2a: Charizard|Charizard-Mega-X, M|315\/315
|turn|26
|
|move|p2a: Charizard|Earthquake|p1a: Hawaii
|-supereffective|p1a: Hawaii
|-damage|p1a: Hawaii|65\/341
|move|p1a: Hawaii|Earth Power|p2a: Charizard
|-supereffective|p2a: Charizard
|-damage|p2a: Charizard|0 fnt
|faint|p2a: Charizard
|
|win|MegaMogwai
|raw|Ladder updating...
|raw|MegaMogwai's rating: 1548 &rarr; <strong>1566<\/strong><br \/>(+18 for winning)
|raw|khalB's rating: 1514 &rarr; <strong>1496<\/strong><br \/>(-18 for losing)
|c|★khalB|gg bro
|c|★MegaMogwai|gg
|c|★MegaMogwai|:]
|leave|khalB
|player|p2