|join|LT8A MoxieInfinite
|join|xhenryx
|player|p1|LT8A MoxieInfinite|148
|player|p2|xhenryx|266
|gametype|singles
|gen|6
|tier|OU
|rated
|clearpoke
|poke|p1|Alomomola, M
|poke|p1|Gothitelle, F
|poke|p1|Zapdos
|poke|p1|Scizor, F
|poke|p1|Chansey, F
|poke|p1|Cresselia, F
|poke|p2|Venusaur, F
|poke|p2|Empoleon, F
|poke|p2|Talonflame, M
|poke|p2|Mandibuzz, F
|poke|p2|Gengar, M
|poke|p2|Scizor, F
|rule|Swagger Clause: Swagger is banned
|rule|Baton Pass Clause: Limit one Pokémon knowing Baton Pass
|rule|Sleep Clause Mod: Limit one foe put to sleep
|rule|Species Clause: Limit one of each Pokémon
|rule|OHKO Clause: OHKO moves are banned
|rule|Moody Clause: Moody is banned
|rule|Evasion Moves Clause: Evasion moves are banned
|rule|Endless Battle Clause: Forcing endless battles is banned
|rule|HP Percentage Mod: HP is shown in percentages
|teampreview
|
|start
|switch|p1a: Zapdos|Zapdos|384\/384
|switch|p2a: Mandibuzz|Mandibuzz, F|424\/424
|-ability|p1a: Zapdos|Pressure
|turn|1
|
|move|p1a: Zapdos|Thunderbolt|p2a: Mandibuzz
|-supereffective|p2a: Mandibuzz
|-damage|p2a: Mandibuzz|118\/424
|move|p2a: Mandibuzz|Knock Off|p1a: Zapdos
|-damage|p1a: Zapdos|314\/384
|-enditem|p1a: Zapdos|Leftovers|[from] move: Knock Off|[of] p2a: Mandibuzz
|
|-heal|p2a: Mandibuzz|144\/424|[from] item: Leftovers
|turn|2
|
|switch|p2a: Venusaur|Venusaur, F|363\/363
|move|p1a: Zapdos|Thunderbolt|p2a: Venusaur
|-resisted|p2a: Venusaur
|-damage|p2a: Venusaur|294\/363
|
|turn|3
|
|switch|p1a: Cresselia|Cresselia, F|444\/444
|detailschange|p2a: Venusaur|Venusaur-Mega, F
|message|Venusaur has Mega Evolved into Mega Venusaur!
|move|p2a: Venusaur|Leech Seed|p1a: Cresselia
|-start|p1a: Cresselia|move: Leech Seed
|
|-damage|p1a: Cresselia|389\/444|[from] Leech Seed|[of] p2a: Venusaur
|-heal|p2a: Venusaur|349\/363|[silent]
|turn|4
|
|switch|p1a: Zapdos|Zapdos|314\/384
|-ability|p1a: Zapdos|Pressure
|switch|p2a: Scizor|Scizor, F|342\/342
|
|turn|5
|
|switch|p2a: Venusaur|Venusaur-Mega, F|349\/363
|move|p1a: Zapdos|Heat Wave|p2a: Venusaur
|-supereffective|p2a: Venusaur
|-damage|p2a: Venusaur|271\/363
|-status|p2a: Venusaur|brn
|
|-damage|p2a: Venusaur|226\/363 brn|[from] brn
|turn|6
|
|switch|p1a: Scizor|Scizor, F|343\/343
|move|p2a: Venusaur|Leech Seed|p1a: Scizor
|-start|p1a: Scizor|move: Leech Seed
|
|-damage|p1a: Scizor|301\/343|[from] Leech Seed|[of] p2a: Venusaur
|-heal|p2a: Venusaur|268\/363 brn|[silent]
|-damage|p2a: Venusaur|223\/363 brn|[from] brn
|turn|7
|
|switch|p1a: Gothitelle|Gothitelle, F|301\/301
|move|p2a: Venusaur|Synthesis|p2a: Venusaur
|-heal|p2a: Venusaur|363\/363 brn
|
|-damage|p2a: Venusaur|318\/363 brn|[from] brn
|turn|8
|
|move|p1a: Gothitelle|Psyshock|p2a: Venusaur
|-supereffective|p2a: Venusaur
|-damage|p2a: Venusaur|174\/363 brn
|move|p2a: Venusaur|Sludge Bomb|p1a: Gothitelle
|-damage|p1a: Gothitelle|183\/301
|
|-damage|p2a: Venusaur|129\/363 brn|[from] brn
|turn|9
|
|move|p1a: Gothitelle|Psyshock|p2a: Venusaur
|-supereffective|p2a: Venusaur
|-damage|p2a: Venusaur|7\/363 brn
|move|p2a: Venusaur|Sludge Bomb|p1a: Gothitelle
|-damage|p1a: Gothitelle|72\/301
|-status|p1a: Gothitelle|psn
|
|-damage|p1a: Gothitelle|35\/301 psn|[from] psn
|-damage|p2a: Venusaur|0 fnt|[from] brn
|faint|p2a: Venusaur
|
|switch|p2a: Mandibuzz|Mandibuzz, F|144\/424
|turn|10
|
|switch|p1a: Zapdos|Zapdos|314\/384
|-ability|p1a: Zapdos|Pressure
|move|p2a: Mandibuzz|Roost|p2a: Mandibuzz
|-heal|p2a: Mandibuzz|356\/424
|
|-heal|p2a: Mandibuzz|382\/424|[from] item: Leftovers
|turn|11
|
|switch|p2a: Gengar|Gengar, M|262\/262
|move|p1a: Zapdos|Thunderbolt|p2a: Gengar
|-damage|p2a: Gengar|87\/262
|
|-heal|p2a: Gengar|103\/262|[from] item: Black Sludge
|turn|12
|
|switch|p1a: Scizor|Scizor, F|301\/343
|move|p2a: Gengar|Sludge Bomb|p1a: Scizor
|-immune|p1a: Scizor|[msg]
|
|-heal|p2a: Gengar|119\/262|[from] item: Black Sludge
|turn|13
|
|switch|p2a: Empoleon|Empoleon, F|372\/372
|switch|p1a: Zapdos|Zapdos|314\/384
|-ability|p1a: Zapdos|Pressure
|
|turn|14
|
|move|p1a: Zapdos|Thunderbolt|p2a: Empoleon
|-supereffective|p2a: Empoleon
|-damage|p2a: Empoleon|168\/372
|move|p2a: Empoleon|Ice Beam|p1a: Zapdos
|-supereffective|p1a: Zapdos
|-damage|p1a: Zapdos|146\/384
|
|-heal|p2a: Empoleon|191\/372|[from] item: Leftovers
|turn|15
|
|move|p1a: Zapdos|Roost|p1a: Zapdos
|-heal|p1a: Zapdos|338\/384
|move|p2a: Empoleon|Scald|p1a: Zapdos
|-damage|p1a: Zapdos|215\/384
|
|-heal|p2a: Empoleon|214\/372|[from] item: Leftovers
|turn|16
|
|move|p1a: Zapdos|Thunderbolt|p2a: Empoleon
|-supereffective|p2a: Empoleon
|-damage|p2a: Empoleon|32\/372
|move|p2a: Empoleon|Ice Beam|p1a: Zapdos
|-supereffective|p1a: Zapdos
|-damage|p1a: Zapdos|45\/384
|
|-heal|p2a: Empoleon|55\/372|[from] item: Leftovers
|turn|17
|
|move|p1a: Zapdos|Roost|p1a: Zapdos
|-heal|p1a: Zapdos|237\/384
|move|p2a: Empoleon|Scald|p1a: Zapdos
|-damage|p1a: Zapdos|77\/384
|-status|p1a: Zapdos|brn
|
|-heal|p2a: Empoleon|78\/372|[from] item: Leftovers
|-damage|p1a: Zapdos|29\/384 brn|[from] brn
|turn|18
|
|move|p1a: Zapdos|Roost|p1a: Zapdos
|-heal|p1a: Zapdos|221\/384 brn
|move|p2a: Empoleon|Scald|p1a: Zapdos
|-damage|p1a: Zapdos|41\/384 brn
|
|-heal|p2a: Empoleon|101\/372|[from] item: Leftovers
|-damage|p1a: Zapdos|0 fnt|[from] brn
|faint|p1a: Zapdos
|
|switch|p1a: Scizor|Scizor, F|301\/343
|turn|19
|
|detailschange|p1a: Scizor|Scizor-Mega, F
|message|Scizor has Mega Evolved into Mega Scizor!
|move|p1a: Scizor|Superpower|p2a: Empoleon
|-supereffective|p2a: Empoleon
|-damage|p2a: Empoleon|0 fnt
|-unboost|p1a: Scizor|atk|1
|-unboost|p1a: Scizor|def|1
|faint|p2a: Empoleon
|
|
|switch|p2a: Talonflame|Talonflame, M|297\/297
|turn|20
|
|switch|p1a: Alomomola|Alomomola, M|529\/529
|move|p2a: Talonflame|U-turn|p1a: Alomomola
|-crit|p1a: Alomomola
|-damage|p1a: Alomomola|399\/529
|
|switch|p2a: Gengar|Gengar, M|119\/262
|
|-heal|p2a: Gengar|135\/262|[from] item: Black Sludge
|-heal|p1a: Alomomola|432\/529|[from] item: Leftovers
|turn|21
|
|switch|p1a: Scizor|Scizor-Mega, F|301\/343
|move|p2a: Gengar|Shadow Ball|p1a: Scizor
|-damage|p1a: Scizor|169\/343
|
|-heal|p2a: Gengar|151\/262|[from] item: Black Sludge
|turn|22
|
|switch|p2a: Mandibuzz|Mandibuzz, F|382\/424
|move|p1a: Scizor|Roost|p1a: Scizor
|-heal|p1a: Scizor|341\/343
|
|-heal|p2a: Mandibuzz|408\/424|[from] item: Leftovers
|turn|23
|
|move|p2a: Mandibuzz|Foul Play|p1a: Scizor
|-damage|p1a: Scizor|200\/343
|move|p1a: Scizor|Swords Dance|p1a: Scizor
|-boost|p1a: Scizor|atk|2
|
|-heal|p2a: Mandibuzz|424\/424|[from] item: Leftovers
|turn|24
|
|switch|p1a: Gothitelle|Gothitelle, F|35\/301 psn
|move|p2a: Mandibuzz|Foul Play|p1a: Gothitelle
|-supereffective|p1a: Gothitelle
|-damage|p1a: Gothitelle|0 fnt
|faint|p1a: Gothitelle
|
|
|switch|p1a: Alomomola|Alomomola, M|529\/529
|turn|25
|
|switch|p2a: Gengar|Gengar, M|151\/262
|move|p1a: Alomomola|Magic Coat|p1a: Alomomola
|-singleturn|p1a: Alomomola|move: Magic Coat
|
|-heal|p2a: Gengar|167\/262|[from] item: Black Sludge
|turn|26
|join|4trackboy
|
|move|p2a: Gengar|Shadow Ball|p1a: Alomomola
|-damage|p1a: Alomomola|273\/529
|move|p1a: Alomomola|Wish|p1a: Alomomola
|
|-heal|p2a: Gengar|183\/262|[from] item: Black Sludge
|-heal|p1a: Alomomola|306\/529|[from] item: Leftovers
|turn|27
|
|switch|p1a: Scizor|Scizor-Mega, F|200\/343
|move|p2a: Gengar|Shadow Ball|p1a: Scizor
|-damage|p1a: Scizor|83\/343
|
|-heal|p1a: Scizor|343\/343|[from] move: Wish|[wisher] Alomomola
|-heal|p2a: Gengar|199\/262|[from] item: Black Sludge
|turn|28
|
|switch|p2a: Mandibuzz|Mandibuzz, F|424\/424
|move|p1a: Scizor|Bullet Punch|p2a: Mandibuzz
|-crit|p2a: Mandibuzz
|-damage|p2a: Mandibuzz|300\/424
|
|-heal|p2a: Mandibuzz|326\/424|[from] item: Leftovers
|turn|29
|
|switch|p1a: Alomomola|Alomomola, M|482\/529
|move|p2a: Mandibuzz|Knock Off|p1a: Alomomola
|-damage|p1a: Alomomola|410\/529
|-enditem|p1a: Alomomola|Leftovers|[from] move: Knock Off|[of] p2a: Mandibuzz
|
|-heal|p2a: Mandibuzz|352\/424|[from] item: Leftovers
|turn|30
|
|switch|p2a: Gengar|Gengar, M|199\/262
|switch|p1a: Scizor|Scizor-Mega, F|343\/343
|
|-heal|p2a: Gengar|215\/262|[from] item: Black Sludge
|turn|31
|
|switch|p2a: Mandibuzz|Mandibuzz, F|352\/424
|switch|p1a: Cresselia|Cresselia, F|389\/444
|
|-heal|p1a: Cresselia|416\/444|[from] item: Leftovers
|-heal|p2a: Mandibuzz|378\/424|[from] item: Leftovers
|turn|32
|
|move|p1a: Cresselia|Toxic|p2a: Mandibuzz|[miss]
|-miss|p1a: Cresselia|p2a: Mandibuzz
|move|p2a: Mandibuzz|Knock Off|p1a: Cresselia
|-supereffective|p1a: Cresselia
|-damage|p1a: Cresselia|266\/444
|-enditem|p1a: Cresselia|Leftovers|[from] move: Knock Off|[of] p2a: Mandibuzz
|
|-heal|p2a: Mandibuzz|404\/424|[from] item: Leftovers
|turn|33
|c|★LT8A MoxieInfinite|omg,,
|
|switch|p2a: Scizor|Scizor, F|342\/342
|move|p1a: Cresselia|Toxic|p2a: Scizor
|-fail|p2a: Scizor
|
|turn|34
|
|switch|p1a: Scizor|Scizor-Mega, F|343\/343
|move|p2a: Scizor|U-turn|p1a: Scizor
|-resisted|p1a: Scizor
|-damage|p1a: Scizor|270\/343
|
|switch|p2a: Talonflame|Talonflame, M|297\/297
|
|turn|35
|
|move|p2a: Talonflame|Brave Bird|p1a: Scizor
|-damage|p1a: Scizor|72\/343
|-damage|p2a: Talonflame|232\/297|[from] recoil|[of] p1a: Scizor
|move|p1a: Scizor|Swords Dance|p1a: Scizor
|-boost|p1a: Scizor|atk|2
|
|turn|36
|join|I Eat Ass Niggr
|
|switch|p1a: Alomomola|Alomomola, M|529\/529
|move|p2a: Talonflame|Brave Bird|p1a: Alomomola
|-damage|p1a: Alomomola|301\/529
|-damage|p2a: Talonflame|157\/297|[from] recoil|[of] p1a: Alomomola
|
|turn|37
|c| I Eat Ass Niggr|go moxie my lil boy
|
|switch|p2a: Gengar|Gengar, M|215\/262
|switch|p1a: Chansey|Chansey, F|704\/704
|
|-heal|p2a: Gengar|231\/262|[from] item: Black Sludge
|turn|38
|
|move|p2a: Gengar|Substitute|p2a: Gengar
|-start|p2a: Gengar|Substitute
|-damage|p2a: Gengar|166\/262
|move|p1a: Chansey|Stealth Rock|p2a: Gengar
|-sidestart|p2: xhenryx|move: Stealth Rock
|
|-heal|p2a: Gengar|182\/262|[from] item: Black Sludge
|turn|39
|
|switch|p1a: Scizor|Scizor-Mega, F|72\/343
|move|p2a: Gengar|Sludge Bomb|p1a: Scizor
|-immune|p1a: Scizor|[msg]
|
|-heal|p2a: Gengar|198\/262|[from] item: Black Sludge
|turn|40
|
|switch|p1a: Alomomola|Alomomola, M|477\/529
|move|p2a: Gengar|Shadow Ball|p1a: Alomomola
|-damage|p1a: Alomomola|210\/529
|
|-heal|p2a: Gengar|214\/262|[from] item: Black Sludge
|turn|41
|-message|LT8A MoxieInfinite forfeited.
|
|win|xhenryx
|raw|Ladder updating...
|leave|LT8A MoxieInfinite
|player|p1
|raw|LT8A MoxieInfinite's rating: 1558 &rarr; <strong>1535<\/strong><br \/>(-23 for losing)
|raw|xhenryx's rating: 1509 &rarr; <strong>1532<\/strong><br \/>(+23 for winning)
|leave|4trackboy