|join|Mr. Cupro
|join|Jhon F. Ayluigi
|player|p1|Mr. Cupro|1
|player|p2|Jhon F. Ayluigi|164
|gametype|singles
|gen|6
|tier|UU
|rated
|rule|Sleep Clause Mod: Limit one foe put to sleep
|rule|Species Clause: Limit one of each Pokémon
|rule|OHKO Clause: OHKO moves are banned
|rule|Moody Clause: Moody is banned
|rule|Evasion Moves Clause: Evasion moves are banned
|rule|Endless Battle Clause: Forcing endless battles is banned
|rule|HP Percentage Mod: HP is shown in percentages
|clearpoke
|poke|p1|Machamp, M
|poke|p1|Darmanitan, F
|poke|p1|Raikou, shiny
|poke|p1|Sableye, F
|poke|p1|Swampert, M
|poke|p1|Honchkrow, F
|poke|p2|Snorlax, M
|poke|p2|Florges, F
|poke|p2|Shuckle, M
|poke|p2|Crobat, M, shiny
|poke|p2|Diancie
|poke|p2|Blastoise, M
|rule|Swagger Clause: Swagger is banned
|rule|Baton Pass Clause: Limit one Pokémon knowing Baton Pass
|teampreview
|
|start
|switch|p1a: Swampert|Swampert, M|404\/404
|switch|p2a: Rockington|Shuckle, M|244\/244
|turn|1
|
|move|p1a: Swampert|Stealth Rock|p2a: Rockington
|-sidestart|p2: Jhon F. Ayluigi|move: Stealth Rock
|move|p2a: Rockington|Sticky Web|p1a: Swampert
|-sidestart|p1: Mr. Cupro|move: Sticky Web
|
|turn|2
|
|move|p1a: Swampert|Toxic|p2a: Rockington
|-status|p2a: Rockington|tox
|move|p2a: Rockington|Stealth Rock|p1a: Swampert
|-sidestart|p1: Mr. Cupro|move: Stealth Rock
|
|-damage|p2a: Rockington|229\/244 tox|[from] psn
|turn|3
|
|move|p1a: Swampert|Scald|p2a: Rockington
|-supereffective|p2a: Rockington
|-damage|p2a: Rockington|151\/244 tox
|move|p2a: Rockington|Knock Off|p1a: Swampert
|-crit|p1a: Swampert
|-damage|p1a: Swampert|382\/404
|-enditem|p1a: Swampert|Leftovers|[from] move: Knock Off|[of] p2a: Rockington
|
|-heal|p2a: Rockington|166\/244 tox|[from] item: Leftovers
|-damage|p2a: Rockington|136\/244 tox|[from] psn
|turn|4
|
|switch|p2a: Garfield|Snorlax, M|461\/461
|-damage|p2a: Garfield|404\/461|[from] Stealth Rock
|move|p1a: Swampert|Scald|p2a: Garfield
|-damage|p2a: Garfield|356\/461
|
|turn|5
|
|switch|p1a: Sableye|Sableye, F|304\/304
|-damage|p1a: Sableye|266\/304|[from] Stealth Rock
|-activate|p1a: Sableye|move: Sticky Web
|-unboost|p1a: Sableye|spe|1
|move|p2a: Garfield|Body Slam|p1a: Sableye
|-immune|p1a: Sableye|[msg]
|
|-heal|p1a: Sableye|285\/304|[from] item: Leftovers
|turn|6
|
|move|p1a: Sableye|Taunt|p2a: Garfield
|-start|p2a: Garfield|move: Taunt
|move|p2a: Garfield|Earthquake|p1a: Sableye
|-damage|p1a: Sableye|128\/304
|
|-heal|p1a: Sableye|147\/304|[from] item: Leftovers
|turn|7
|
|move|p1a: Sableye|Will-O-Wisp|p2a: Garfield|[miss]
|-miss|p1a: Sableye|p2a: Garfield
|move|p2a: Garfield|Earthquake|p1a: Sableye
|-damage|p1a: Sableye|1\/304
|
|-heal|p1a: Sableye|20\/304|[from] item: Leftovers
|turn|8
|
|move|p1a: Sableye|Will-O-Wisp|p2a: Garfield|[miss]
|-miss|p1a: Sableye|p2a: Garfield
|move|p2a: Garfield|Pursuit|p1a: Sableye
|-damage|p1a: Sableye|0 fnt
|faint|p1a: Sableye
|
|-end|p2a: Garfield|move: Taunt
|
|switch|p1a: Darmanitan|Darmanitan, F|351\/351
|-damage|p1a: Darmanitan|264\/351|[from] Stealth Rock
|-activate|p1a: Darmanitan|move: Sticky Web
|-unboost|p1a: Darmanitan|spe|1
|turn|9
|
|switch|p2a: Turret|Blastoise, M|358\/358
|-damage|p2a: Turret|314\/358|[from] Stealth Rock
|move|p1a: Darmanitan|Flare Blitz|p2a: Turret
|-resisted|p2a: Turret
|-damage|p2a: Turret|93\/358
|-damage|p1a: Darmanitan|191\/351|[from] recoil|[of] p2a: Turret
|
|turn|10
|
|switch|p1a: Machamp|Machamp, M|364\/364
|-damage|p1a: Machamp|342\/364|[from] Stealth Rock
|-activate|p1a: Machamp|move: Sticky Web
|-unboost|p1a: Machamp|spe|1
|detailschange|p2a: Turret|Blastoise-Mega, M
|message|Blastoise has Mega Evolved into Mega Blastoise!
|move|p2a: Turret|Rapid Spin|p1a: Machamp
|-damage|p1a: Machamp|325\/364
|-sideend|p2: Jhon F. Ayluigi|Stealth Rock|[from] move: Rapid Spin|[of] p2a: Turret
|
|turn|11
|
|switch|p2a: Watermelon|Crobat, M, shiny|311\/311
|move|p1a: Machamp|Stone Edge|p2a: Watermelon
|-supereffective|p2a: Watermelon
|-damage|p2a: Watermelon|17\/311
|
|turn|12
|
|move|p1a: Machamp|Bullet Punch|p2a: Watermelon
|-damage|p2a: Watermelon|0 fnt
|faint|p2a: Watermelon
|
|
|switch|p2a: Stalagtite|Diancie|304\/304
|turn|13
|
|move|p2a: Stalagtite|Calm Mind|p2a: Stalagtite
|-boost|p2a: Stalagtite|spa|1
|-boost|p2a: Stalagtite|spd|1
|move|p1a: Machamp|Dynamic Punch|p2a: Stalagtite
|-damage|p2a: Stalagtite|156\/304
|-start|p2a: Stalagtite|confusion
|
|-heal|p2a: Stalagtite|175\/304|[from] item: Leftovers
|turn|14
|
|-activate|p2a: Stalagtite|confusion
|-damage|p2a: Stalagtite|154\/304|[from] confusion
|move|p1a: Machamp|Dynamic Punch|p2a: Stalagtite
|-damage|p2a: Stalagtite|16\/304
|
|-heal|p2a: Stalagtite|35\/304|[from] item: Leftovers
|turn|15
|
|move|p1a: Machamp|Bullet Punch|p2a: Stalagtite
|-supereffective|p2a: Stalagtite
|-damage|p2a: Stalagtite|0 fnt
|faint|p2a: Stalagtite
|
|
|switch|p2a: Flower Pun|Florges, F|360\/360
|turn|16
|
|switch|p1a: Swampert|Swampert, M|382\/404
|-activate|p1a: Swampert|move: Sticky Web
|-unboost|p1a: Swampert|spe|1
|-damage|p1a: Swampert|357\/404|[from] Stealth Rock
|move|p2a: Flower Pun|Moonblast|p1a: Swampert
|-damage|p1a: Swampert|224\/404
|
|turn|17
|
|move|p2a: Flower Pun|Wish|p2a: Flower Pun
|move|p1a: Swampert|Stealth Rock|p2a: Flower Pun
|-sidestart|p2: Jhon F. Ayluigi|move: Stealth Rock
|
|turn|18
|
|switch|p2a: Garfield|Snorlax, M|356\/461
|-damage|p2a: Garfield|299\/461|[from] Stealth Rock
|move|p1a: Swampert|Earthquake|p2a: Garfield
|-damage|p2a: Garfield|178\/461
|
|-heal|p2a: Garfield|358\/461|[from] move: Wish|[wisher] Flower Pun
|turn|19
|
|move|p2a: Garfield|Body Slam|p1a: Swampert
|-damage|p1a: Swampert|109\/404
|move|p1a: Swampert|Scald|p2a: Garfield
|-damage|p2a: Garfield|282\/461
|-status|p2a: Garfield|brn
|
|-damage|p2a: Garfield|225\/461 brn|[from] brn
|turn|20
|
|move|p2a: Garfield|Body Slam|p1a: Swampert
|-damage|p1a: Swampert|55\/404
|-status|p1a: Swampert|par
|move|p1a: Swampert|Earthquake|p2a: Garfield
|-damage|p2a: Garfield|83\/461 brn
|
|-damage|p2a: Garfield|26\/461 brn|[from] brn
|turn|21
|
|switch|p2a: Flower Pun|Florges, F|360\/360
|-damage|p2a: Flower Pun|315\/360|[from] Stealth Rock
|move|p1a: Swampert|Earthquake|p2a: Flower Pun
|-damage|p2a: Flower Pun|191\/360
|
|-heal|p2a: Flower Pun|213\/360|[from] item: Leftovers
|turn|22
|
|move|p2a: Flower Pun|Wish|p2a: Flower Pun
|move|p1a: Swampert|Toxic|p2a: Flower Pun|[miss]
|-miss|p1a: Swampert|p2a: Flower Pun
|
|-heal|p2a: Flower Pun|235\/360|[from] item: Leftovers
|turn|23
|
|move|p2a: Flower Pun|Aromatherapy|p2a: Flower Pun
|-cureteam|p2a: Flower Pun|[from] move: Aromatherapy
|move|p1a: Swampert|Earthquake|p2a: Flower Pun
|-damage|p2a: Flower Pun|94\/360
|
|-heal|p2a: Flower Pun|274\/360|[from] move: Wish|[wisher] Flower Pun
|-heal|p2a: Flower Pun|296\/360|[from] item: Leftovers
|turn|24
|
|move|p2a: Flower Pun|Moonblast|p1a: Swampert
|-damage|p1a: Swampert|0 fnt
|faint|p1a: Swampert
|
|-heal|p2a: Flower Pun|318\/360|[from] item: Leftovers
|
|switch|p1a: Darmanitan|Darmanitan, F|191\/351
|-damage|p1a: Darmanitan|104\/351|[from] Stealth Rock
|-activate|p1a: Darmanitan|move: Sticky Web
|-unboost|p1a: Darmanitan|spe|1
|turn|25
|
|move|p1a: Darmanitan|Flare Blitz|p2a: Flower Pun
|-damage|p2a: Flower Pun|0 fnt
|-damage|p1a: Darmanitan|0 fnt|[from] recoil|[of] p2a: Flower Pun
|faint|p2a: Flower Pun
|faint|p1a: Darmanitan
|
|
|switch|p1a: Honchkrow|Honchkrow, F|341\/341
|-damage|p1a: Honchkrow|256\/341|[from] Stealth Rock
|switch|p2a: Turret|Blastoise-Mega, M|93\/358
|-damage|p2a: Turret|49\/358|[from] Stealth Rock
|turn|26
|
|move|p1a: Honchkrow|Brave Bird|p2a: Turret
|-damage|p2a: Turret|0 fnt
|-damage|p1a: Honchkrow|240\/341|[from] recoil|[of] p2a: Turret
|-damage|p1a: Honchkrow|206\/341|[from] item: Life Orb
|faint|p2a: Turret
|-boost|p1a: Honchkrow|atk|1|[from] ability: Moxie
|
|
|switch|p2a: Rockington|Shuckle, M|136\/244
|-damage|p2a: Rockington|75\/244|[from] Stealth Rock
|turn|27
|
|move|p1a: Honchkrow|Brave Bird|p2a: Rockington
|-damage|p2a: Rockington|0 fnt
|-damage|p1a: Honchkrow|181\/341|[from] recoil|[of] p2a: Rockington
|-damage|p1a: Honchkrow|147\/341|[from] item: Life Orb
|faint|p2a: Rockington
|-boost|p1a: Honchkrow|atk|1|[from] ability: Moxie
|
|
|switch|p2a: Garfield|Snorlax, M|26\/461
|-damage|p2a: Garfield|0 fnt|[from] Stealth Rock
|faint|p2a: Garfield
|
|win|Mr. Cupro
|raw|Ladder updating...
|c|★Jhon F. Ayluigi|gg
|leave|Jhon F. Ayluigi
|player|p2
|raw|Mr. Cupro's rating: 1180 &rarr; <strong>1208<\/strong><br \/>(+28 for winning)
|raw|Jhon F. Ayluigi's rating: 1225 &rarr; <strong>1197<\/strong><br \/>(-28 for losing)