|join|tuRk.jpg
|join|Mr. Cupro
|player|p1|tuRk.jpg|115
|player|p2|Mr. Cupro|179
|gametype|singles
|gen|6
|tier|UU
|rated
|rule|Sleep Clause Mod: Limit one foe put to sleep
|rule|Species Clause: Limit one of each Pokémon
|rule|OHKO Clause: OHKO moves are banned
|rule|Moody Clause: Moody is banned
|rule|Evasion Moves Clause: Evasion moves are banned
|rule|Endless Battle Clause: Forcing endless battles is banned
|rule|HP Percentage Mod: HP is shown in percentages
|clearpoke
|poke|p1|Sceptile, F
|poke|p1|Jirachi
|poke|p1|Krookodile, F
|poke|p1|Toxicroak, M
|poke|p1|Rotom-Heat
|poke|p1|Doublade, M
|poke|p2|Espeon, F
|poke|p2|Empoleon, M
|poke|p2|Rotom-Heat
|poke|p2|Lucario, F
|poke|p2|Sceptile, F
|poke|p2|Honchkrow, M
|rule|Swagger Clause: Swagger is banned
|rule|Baton Pass Clause: Limit one Pokémon knowing Baton Pass
|teampreview
|
|start
|switch|p1a: Rotom-Heat|Rotom-Heat|304\/304
|switch|p2a: Rotom-Heat|Rotom-Heat|303\/303
|turn|1
|
|move|p1a: Rotom-Heat|Overheat|p2a: Rotom-Heat
|-resisted|p2a: Rotom-Heat
|-damage|p2a: Rotom-Heat|215\/303
|-unboost|p1a: Rotom-Heat|spa|2
|move|p2a: Rotom-Heat|Volt Switch|p1a: Rotom-Heat
|-resisted|p1a: Rotom-Heat
|-damage|p1a: Rotom-Heat|264\/304
|
|switch|p2a: Empoleon|Empoleon, M|371\/371
|
|-heal|p1a: Rotom-Heat|283\/304|[from] item: Leftovers
|turn|2
|
|move|p1a: Rotom-Heat|Will-O-Wisp|p2a: Empoleon
|-status|p2a: Empoleon|brn
|move|p2a: Empoleon|Stealth Rock|p1a: Rotom-Heat
|-sidestart|p1: tuRk.jpg|move: Stealth Rock
|
|-heal|p1a: Rotom-Heat|302\/304|[from] item: Leftovers
|-damage|p2a: Empoleon|325\/371 brn|[from] brn
|turn|3
|
|switch|p2a: Espeon|Espeon, F|271\/271
|move|p1a: Rotom-Heat|Volt Switch|p2a: Espeon
|-damage|p2a: Espeon|214\/271
|
|switch|p1a: Jirachi|Jirachi|341\/341
|-damage|p1a: Jirachi|320\/341|[from] Stealth Rock
|
|turn|4
|
|move|p1a: Jirachi|U-turn|p2a: Espeon
|-supereffective|p2a: Espeon
|-damage|p2a: Espeon|18\/271
|
|switch|p1a: Doublade|Doublade, M|312\/312
|-damage|p1a: Doublade|293\/312|[from] Stealth Rock
|move|p2a: Espeon|Shadow Ball|p1a: Doublade
|-supereffective|p1a: Doublade
|-damage|p1a: Doublade|0 fnt
|-damage|p2a: Espeon|0 fnt|[from] item: Life Orb
|faint|p1a: Doublade
|faint|p2a: Espeon
|
|
|switch|p1a: Jirachi|Jirachi|320\/341
|switch|p2a: Sceptile|Sceptile, F|281\/281
|-damage|p1a: Jirachi|299\/341|[from] Stealth Rock
|turn|5
|
|switch|p2a: Empoleon|Empoleon, M|325\/371 brn
|move|p1a: Jirachi|U-turn|p2a: Empoleon
|-resisted|p2a: Empoleon
|-damage|p2a: Empoleon|289\/371 brn
|
|switch|p1a: Krookodile|Krookodile, F|331\/331
|-damage|p1a: Krookodile|311\/331|[from] Stealth Rock
|-ability|p1a: Krookodile|Intimidate|[of] p2a: Empoleon
|-unboost|p2a: Empoleon|atk|1
|
|-heal|p2a: Empoleon|312\/371 brn|[from] item: Leftovers
|-damage|p2a: Empoleon|266\/371 brn|[from] brn
|turn|6
|
|move|p1a: Krookodile|Stealth Rock|p2a: Empoleon
|-sidestart|p2: Mr. Cupro|move: Stealth Rock
|move|p2a: Empoleon|Scald|p1a: Krookodile
|-supereffective|p1a: Krookodile
|-damage|p1a: Krookodile|45\/331
|
|-heal|p2a: Empoleon|289\/371 brn|[from] item: Leftovers
|-damage|p2a: Empoleon|243\/371 brn|[from] brn
|turn|7
|
|switch|p2a: Rotom-Heat|Rotom-Heat|215\/303
|-damage|p2a: Rotom-Heat|140\/303|[from] Stealth Rock
|move|p1a: Krookodile|Earthquake|p2a: Rotom-Heat
|-immune|p2a: Rotom-Heat|[msg]
|
|-heal|p2a: Rotom-Heat|158\/303|[from] item: Leftovers
|turn|8
|
|move|p1a: Krookodile|Knock Off|p2a: Rotom-Heat
|-damage|p2a: Rotom-Heat|10\/303
|-enditem|p2a: Rotom-Heat|Leftovers|[from] move: Knock Off|[of] p1a: Krookodile
|-damage|p1a: Krookodile|12\/331|[from] item: Life Orb
|move|p2a: Rotom-Heat|Overheat|p1a: Krookodile
|-damage|p1a: Krookodile|0 fnt
|-unboost|p2a: Rotom-Heat|spa|2
|faint|p1a: Krookodile
|
|
|switch|p1a: Toxicroak|Toxicroak, M|307\/307
|-damage|p1a: Toxicroak|288\/307|[from] Stealth Rock
|turn|9
|
|move|p1a: Toxicroak|Swords Dance|p1a: Toxicroak
|-boost|p1a: Toxicroak|atk|2
|move|p2a: Rotom-Heat|Will-O-Wisp|p1a: Toxicroak|[miss]
|-miss|p2a: Rotom-Heat|p1a: Toxicroak
|
|turn|10
|
|move|p1a: Toxicroak|Drain Punch|p2a: Rotom-Heat
|-damage|p2a: Rotom-Heat|0 fnt
|-heal|p1a: Toxicroak|293\/307|[from] drain|[of] p2a: Rotom-Heat
|-damage|p1a: Toxicroak|263\/307|[from] item: Life Orb
|faint|p2a: Rotom-Heat
|
|
|switch|p2a: Sceptile|Sceptile, F|281\/281
|-damage|p2a: Sceptile|246\/281|[from] Stealth Rock
|turn|11
|
|detailschange|p2a: Sceptile|Sceptile-Mega, F
|-mega|p2a: Sceptile|Sceptile|Sceptilite
|move|p1a: Toxicroak|Sucker Punch|p2a: Sceptile
|-fail|p2a: Sceptile
|move|p2a: Sceptile|Substitute|p2a: Sceptile
|-start|p2a: Sceptile|Substitute
|-damage|p2a: Sceptile|176\/281
|
|turn|12
|
|move|p2a: Sceptile|Dragon Pulse|p1a: Toxicroak
|-damage|p1a: Toxicroak|44\/307
|move|p1a: Toxicroak|Drain Punch|p2a: Sceptile
|-end|p2a: Sceptile|Substitute
|-heal|p1a: Toxicroak|79\/307|[from] drain|[of] p2a: Sceptile
|-damage|p1a: Toxicroak|49\/307|[from] item: Life Orb
|
|turn|13
|
|move|p2a: Sceptile|Dragon Pulse|p1a: Toxicroak
|-damage|p1a: Toxicroak|0 fnt
|faint|p1a: Toxicroak
|
|
|switch|p1a: Jirachi|Jirachi|299\/341
|-damage|p1a: Jirachi|278\/341|[from] Stealth Rock
|turn|14
|
|switch|p2a: Empoleon|Empoleon, M|243\/371 brn
|-damage|p2a: Empoleon|220\/371 brn|[from] Stealth Rock
|move|p1a: Jirachi|Iron Head|p2a: Empoleon
|-resisted|p2a: Empoleon
|-damage|p2a: Empoleon|189\/371 brn
|
|-heal|p2a: Empoleon|212\/371 brn|[from] item: Leftovers
|-damage|p2a: Empoleon|166\/371 brn|[from] brn
|turn|15
|
|switch|p1a: Sceptile|Sceptile, F|281\/281
|-damage|p1a: Sceptile|246\/281|[from] Stealth Rock
|move|p2a: Empoleon|Scald|p1a: Sceptile
|-resisted|p1a: Sceptile
|-damage|p1a: Sceptile|192\/281
|-status|p1a: Sceptile|brn
|
|-heal|p2a: Empoleon|189\/371 brn|[from] item: Leftovers
|-damage|p1a: Sceptile|157\/281 brn|[from] brn
|-damage|p2a: Empoleon|143\/371 brn|[from] brn
|turn|16
|
|detailschange|p1a: Sceptile|Sceptile-Mega, F
|-mega|p1a: Sceptile|Sceptile|Sceptilite
|move|p1a: Sceptile|Focus Blast|p2a: Empoleon
|-supereffective|p2a: Empoleon
|-damage|p2a: Empoleon|0 fnt
|faint|p2a: Empoleon
|
|-damage|p1a: Sceptile|122\/281 brn|[from] brn
|
|switch|p2a: Lucario|Lucario, F|281\/281
|-damage|p2a: Lucario|273\/281|[from] Stealth Rock
|turn|17
|
|move|p2a: Lucario|Extreme Speed|p1a: Sceptile
|-damage|p1a: Sceptile|0 fnt
|faint|p1a: Sceptile
|
|
|switch|p1a: Rotom-Heat|Rotom-Heat|302\/304
|-damage|p1a: Rotom-Heat|226\/304|[from] Stealth Rock
|turn|18
|
|move|p2a: Lucario|Close Combat|p1a: Rotom-Heat
|-damage|p1a: Rotom-Heat|19\/304
|-unboost|p2a: Lucario|def|1
|-unboost|p2a: Lucario|spd|1
|move|p1a: Rotom-Heat|Will-O-Wisp|p2a: Lucario
|-status|p2a: Lucario|brn
|
|-heal|p1a: Rotom-Heat|38\/304|[from] item: Leftovers
|-damage|p2a: Lucario|238\/281 brn|[from] brn
|turn|19
|
|switch|p1a: Jirachi|Jirachi|278\/341
|-damage|p1a: Jirachi|257\/341|[from] Stealth Rock
|move|p2a: Lucario|Close Combat|p1a: Jirachi
|-damage|p1a: Jirachi|143\/341
|-unboost|p2a: Lucario|def|1
|-unboost|p2a: Lucario|spd|1
|
|-damage|p2a: Lucario|203\/281 brn|[from] brn
|turn|20
|
|move|p1a: Jirachi|Healing Wish|p1a: Jirachi
|faint|p1a: Jirachi
|move|p2a: Lucario|Close Combat|p1: Jirachi|[notarget]
|-notarget
|
|-damage|p2a: Lucario|168\/281 brn|[from] brn
|
|switch|p1a: Rotom-Heat|Rotom-Heat|38\/304
|-heal|p1a: Rotom-Heat|304\/304|[from] move: Healing Wish
|-damage|p1a: Rotom-Heat|228\/304|[from] Stealth Rock
|turn|21
|
|move|p2a: Lucario|Close Combat|p1a: Rotom-Heat
|-damage|p1a: Rotom-Heat|134\/304
|-unboost|p2a: Lucario|def|1
|-unboost|p2a: Lucario|spd|1
|move|p1a: Rotom-Heat|Volt Switch|p2a: Lucario
|-damage|p2a: Lucario|0 fnt
|faint|p2a: Lucario
|
|-heal|p1a: Rotom-Heat|153\/304|[from] item: Leftovers
|
|switch|p2a: Sceptile|Sceptile-Mega, F|176\/281
|-damage|p2a: Sceptile|141\/281|[from] Stealth Rock
|turn|22
|
|move|p2a: Sceptile|Dragon Pulse|p1a: Rotom-Heat
|-damage|p1a: Rotom-Heat|0 fnt
|faint|p1a: Rotom-Heat
|
|win|Mr. Cupro
|raw|Ladder updating...
|raw|tuRk.jpg's rating: 1416 &rarr; <strong>1397<\/strong><br \/>(-19 for losing)
|raw|Mr. Cupro's rating: 1432 &rarr; <strong>1451<\/strong><br \/>(+19 for winning)
|leave|tuRk.jpg
|player|p1