|join|Mr. Cupro
|join|ShadowSamwa
|player|p1|Mr. Cupro|179
|player|p2|ShadowSamwa|170
|gametype|singles
|gen|6
|tier|UU
|rule|Sleep Clause Mod: Limit one foe put to sleep
|rule|Species Clause: Limit one of each Pokémon
|rule|OHKO Clause: OHKO moves are banned
|rule|Moody Clause: Moody is banned
|rule|Evasion Moves Clause: Evasion moves are banned
|rule|Endless Battle Clause: Forcing endless battles is banned
|rule|HP Percentage Mod: HP is shown in percentages
|clearpoke
|poke|p1|Dusknoir, M
|poke|p1|Flareon, F
|poke|p1|Lumineon, M
|poke|p1|Raichu, M
|poke|p1|Machoke, M
|poke|p1|Murkrow, F
|poke|p2|Galvantula, F
|poke|p2|Florges, F
|poke|p2|Kingdra, M
|poke|p2|Froslass, F
|poke|p2|Houndoom, M
|poke|p2|Aggron, F
|rule|Swagger Clause: Swagger is banned
|rule|Baton Pass Clause: Limit one Pokémon knowing Baton Pass
|teampreview
|
|start
|switch|p1a: Flareon|Flareon, F|334\/334
|switch|p2a: Branco|Froslass, F|344\/344
|turn|1
|
|move|p2a: Branco|Thunder Wave|p1a: Flareon
|-status|p1a: Flareon|par
|move|p1a: Flareon|Flare Blitz|p2a: Branco
|-supereffective|p2a: Branco
|-enditem|p2a: Branco|Focus Sash
|-damage|p2a: Branco|1\/344
|-damage|p1a: Flareon|221\/334 par|[from] recoil|[of] p2a: Branco
|
|turn|2
|
|move|p2a: Branco|Spikes|p1a: Flareon
|-sidestart|p1: Mr. Cupro|Spikes
|move|p1a: Flareon|Flare Blitz|p2a: Branco
|-supereffective|p2a: Branco
|-damage|p2a: Branco|0 fnt
|-damage|p1a: Flareon|220\/334 par|[from] recoil|[of] p2a: Branco
|faint|p2a: Branco
|
|
|switch|p2a: Prata|Aggron, F|343\/343
|turn|3
|
|switch|p1a: Dusknoir|Dusknoir, M|294\/294
|-damage|p1a: Dusknoir|258\/294|[from] Spikes
|-item|p2a: Prata|Aggronite|[from] ability: Frisk|[of] p1a: Dusknoir|[identify]
|move|p2a: Prata|Stealth Rock|p1a: Dusknoir
|-sidestart|p1: Mr. Cupro|move: Stealth Rock
|
|-heal|p1a: Dusknoir|276\/294|[from] item: Leftovers
|turn|4
|join|MARZANVI-TUR
|
|move|p2a: Prata|Stone Edge|p1a: Dusknoir
|-damage|p1a: Dusknoir|183\/294
|move|p1a: Dusknoir|Earthquake|p2a: Prata
|-supereffective|p2a: Prata
|-damage|p2a: Prata|167\/343
|
|-heal|p1a: Dusknoir|201\/294|[from] item: Leftovers
|turn|5
|
|move|p2a: Prata|Stone Edge|p1a: Dusknoir
|-damage|p1a: Dusknoir|90\/294
|move|p1a: Dusknoir|Will-O-Wisp|p2a: Prata
|-status|p2a: Prata|brn
|
|-heal|p1a: Dusknoir|108\/294|[from] item: Leftovers
|-damage|p2a: Prata|125\/343 brn|[from] brn
|turn|6
|
|move|p2a: Prata|Stone Edge|p1a: Dusknoir
|-damage|p1a: Dusknoir|59\/294
|move|p1a: Dusknoir|Pain Split|p2a: Prata
|-sethp|p2a: Prata|92\/343 brn|p1a: Dusknoir|92\/294|[from] move: Pain Split
|
|-heal|p1a: Dusknoir|110\/294|[from] item: Leftovers
|-damage|p2a: Prata|50\/343 brn|[from] brn
|turn|7
|
|switch|p1a: Machoke|Machoke, M|363\/363
|-damage|p1a: Machoke|318\/363|[from] Spikes
|-damage|p1a: Machoke|296\/363|[from] Stealth Rock
|move|p2a: Prata|Stone Edge|p1a: Machoke
|-resisted|p1a: Machoke
|-damage|p1a: Machoke|259\/363
|
|-damage|p2a: Prata|8\/343 brn|[from] brn
|turn|8
|
|move|p1a: Machoke|Bullet Punch|p2a: Prata
|-damage|p2a: Prata|0 fnt
|faint|p2a: Prata
|
|
|switch|p2a: Azul|Kingdra, M|300\/300
|turn|9
|
|move|p2a: Azul|Focus Energy|p2a: Azul
|-start|p2a: Azul|move: Focus Energy
|move|p1a: Machoke|Dynamic Punch|p2a: Azul
|-damage|p2a: Azul|131\/300
|-start|p2a: Azul|confusion
|
|turn|10
|
|-activate|p2a: Azul|confusion
|move|p2a: Azul|Draco Meteor|p1a: Machoke
|-crit|p1a: Machoke
|-damage|p1a: Machoke|0 fnt
|-unboost|p2a: Azul|spa|2
|faint|p1a: Machoke
|
|
|switch|p1a: Murkrow|Murkrow, F|323\/323
|-damage|p1a: Murkrow|243\/323|[from] Stealth Rock
|turn|11
|
|move|p1a: Murkrow|Substitute|p1a: Murkrow
|-start|p1a: Murkrow|Substitute
|-damage|p1a: Murkrow|163\/323
|-activate|p2a: Azul|confusion
|move|p2a: Azul|Agility|p2a: Azul
|-boost|p2a: Azul|spe|2
|
|turn|12
|
|move|p1a: Murkrow|Sucker Punch|p2a: Azul
|-damage|p2a: Azul|17\/300
|-end|p2a: Azul|confusion
|move|p2a: Azul|Hydro Pump|p1a: Murkrow
|-crit|p1a: Murkrow
|-end|p1a: Murkrow|Substitute
|
|turn|13
|
|move|p1a: Murkrow|Substitute|p1a: Murkrow
|-start|p1a: Murkrow|Substitute
|-damage|p1a: Murkrow|83\/323
|move|p2a: Azul|Agility|p2a: Azul
|-boost|p2a: Azul|spe|2
|
|turn|14
|
|switch|p2a: Amarelo|Galvantula, F|281\/281
|move|p1a: Murkrow|Sucker Punch|p2a: Amarelo
|-fail|p2a: Amarelo
|
|turn|15
|
|move|p1a: Murkrow|Roost|p1a: Murkrow
|-heal|p1a: Murkrow|245\/323
|move|p2a: Amarelo|Sticky Web|p1a: Murkrow
|-sidestart|p1: Mr. Cupro|move: Sticky Web
|
|turn|16
|
|move|p2a: Amarelo|Volt Switch|p1a: Murkrow
|-supereffective|p1a: Murkrow
|-end|p1a: Murkrow|Substitute
|
|switch|p2a: Verde|Florges, F|360\/360
|move|p1a: Murkrow|Brave Bird|p2a: Verde
|-damage|p2a: Verde|173\/360
|-damage|p1a: Murkrow|183\/323|[from] recoil|[of] p2a: Verde
|
|-heal|p2a: Verde|195\/360|[from] item: Leftovers
|turn|17
|
|switch|p1a: Lumineon|Lumineon, M|341\/341
|-damage|p1a: Lumineon|299\/341|[from] Spikes
|-damage|p1a: Lumineon|257\/341|[from] Stealth Rock
|-activate|p1a: Lumineon|move: Sticky Web
|-unboost|p1a: Lumineon|spe|1
|move|p2a: Verde|Wish|p2a: Verde
|
|-heal|p2a: Verde|217\/360|[from] item: Leftovers
|-heal|p1a: Lumineon|278\/341|[from] item: Leftovers
|turn|18
|
|move|p2a: Verde|Moonblast|p1a: Lumineon
|-damage|p1a: Lumineon|184\/341
|move|p1a: Lumineon|Defog|p2a: Verde
|-unboost|p2a: Verde|evasion|1
|-sideend|p1: Mr. Cupro|Spikes|[from] move: Defog|[of] p1a: Lumineon
|-sideend|p1: Mr. Cupro|Stealth Rock|[from] move: Defog|[of] p1a: Lumineon
|-sideend|p1: Mr. Cupro|Sticky Web|[from] move: Defog|[of] p1a: Lumineon
|
|-heal|p2a: Verde|360\/360|[from] move: Wish|[wisher] Verde
|-heal|p1a: Lumineon|205\/341|[from] item: Leftovers
|turn|19
|
|move|p2a: Verde|Calm Mind|p2a: Verde
|-boost|p2a: Verde|spa|1
|-boost|p2a: Verde|spd|1
|move|p1a: Lumineon|Toxic|p2a: Verde
|-status|p2a: Verde|tox
|
|-heal|p1a: Lumineon|226\/341|[from] item: Leftovers
|-damage|p2a: Verde|338\/360 tox|[from] psn
|turn|20
|
|move|p2a: Verde|Calm Mind|p2a: Verde
|-boost|p2a: Verde|spa|1
|-boost|p2a: Verde|spd|1
|move|p1a: Lumineon|U-turn|p2a: Verde
|-resisted|p2a: Verde
|-damage|p2a: Verde|317\/360 tox
|
|switch|p1a: Flareon|Flareon, F|220\/334 par
|
|-heal|p2a: Verde|339\/360 tox|[from] item: Leftovers
|-damage|p2a: Verde|295\/360 tox|[from] psn
|turn|21
|
|move|p2a: Verde|Wish|p2a: Verde
|move|p1a: Flareon|Flare Blitz|p2a: Verde
|-damage|p2a: Verde|0 fnt
|-damage|p1a: Flareon|123\/334 par|[from] recoil|[of] p2a: Verde
|faint|p2a: Verde
|
|
|switch|p2a: Azul|Kingdra, M|17\/300
|turn|22
|
|move|p2a: Azul|Hydro Pump|p1a: Flareon
|-supereffective|p1a: Flareon
|-damage|p1a: Flareon|0 fnt
|faint|p1a: Flareon
|
|-heal|p2a: Azul|197\/300|[from] move: Wish|[wisher] Verde
|
|switch|p1a: Murkrow|Murkrow, F|183\/323
|turn|23
|
|move|p1a: Murkrow|Substitute|p1a: Murkrow
|-start|p1a: Murkrow|Substitute
|-damage|p1a: Murkrow|103\/323
|move|p2a: Azul|Hydro Pump|p1a: Murkrow
|-end|p1a: Murkrow|Substitute
|
|turn|24
|
|switch|p1a: Lumineon|Lumineon, M|226\/341
|move|p2a: Azul|Draco Meteor|p1a: Lumineon
|-damage|p1a: Lumineon|49\/341
|-unboost|p2a: Azul|spa|2
|
|-heal|p1a: Lumineon|70\/341|[from] item: Leftovers
|turn|25
|
|switch|p2a: Amarelo|Galvantula, F|281\/281
|move|p1a: Lumineon|Toxic|p2a: Amarelo
|-status|p2a: Amarelo|tox
|
|-heal|p1a: Lumineon|91\/341|[from] item: Leftovers
|-damage|p2a: Amarelo|264\/281 tox|[from] psn
|turn|26
|
|switch|p1a: Raichu|Raichu, M|262\/262
|move|p2a: Amarelo|Volt Switch|p1a: Raichu
|-boost|p1a: Raichu|spa|1|[from] ability: Lightning Rod
|
|-damage|p2a: Amarelo|230\/281 tox|[from] psn
|turn|27
|
|move|p1a: Raichu|Thunderbolt|p2a: Amarelo
|-resisted|p2a: Amarelo
|-damage|p2a: Amarelo|97\/281 tox
|move|p2a: Amarelo|Sticky Web|p1a: Raichu
|-sidestart|p1: Mr. Cupro|move: Sticky Web
|
|-damage|p2a: Amarelo|46\/281 tox|[from] psn
|turn|28
|
|move|p1a: Raichu|Thunderbolt|p2a: Amarelo
|-resisted|p2a: Amarelo
|-damage|p2a: Amarelo|0 fnt
|faint|p2a: Amarelo
|
|
|switch|p2a: Azul|Kingdra, M|197\/300
|turn|29
|
|move|p1a: Raichu|Thunderbolt|p2a: Azul
|-damage|p2a: Azul|10\/300
|move|p2a: Azul|Hydro Pump|p1a: Raichu
|-damage|p1a: Raichu|52\/262
|
|turn|30
|
|move|p1a: Raichu|Thunderbolt|p2a: Azul
|-damage|p2a: Azul|0 fnt
|faint|p2a: Azul
|
|
|switch|p2a: Preto|Houndoom, M|291\/291
|turn|31
|
|detailschange|p2a: Preto|Houndoom-Mega, M
|-mega|p2a: Preto|Houndoom|Houndoominite
|move|p1a: Raichu|Thunderbolt|p2a: Preto
|-damage|p2a: Preto|92\/291
|move|p2a: Preto|Flamethrower|p1a: Raichu
|-damage|p1a: Raichu|0 fnt
|faint|p1a: Raichu
|
|
|switch|p1a: Dusknoir|Dusknoir, M|110\/294
|-activate|p1a: Dusknoir|move: Sticky Web
|-unboost|p1a: Dusknoir|spe|1
|-item|p2a: Preto|Houndoominite|[from] ability: Frisk|[of] p1a: Dusknoir|[identify]
|turn|32
|
|move|p1a: Dusknoir|Shadow Sneak|p2a: Preto
|-resisted|p2a: Preto
|-damage|p2a: Preto|68\/291
|move|p2a: Preto|Substitute|p2a: Preto
|-fail|p2a: Preto|move: Substitute|[weak]
|
|-heal|p1a: Dusknoir|128\/294|[from] item: Leftovers
|turn|33
|join|Sorentor
|
|move|p1a: Dusknoir|Shadow Sneak|p2a: Preto
|-resisted|p2a: Preto
|-damage|p2a: Preto|40\/291
|move|p2a: Preto|Dark Pulse|p1a: Dusknoir
|-supereffective|p1a: Dusknoir
|-damage|p1a: Dusknoir|0 fnt
|faint|p1a: Dusknoir
|
|
|switch|p1a: Murkrow|Murkrow, F|103\/323
|turn|34
|
|move|p1a: Murkrow|Sucker Punch|p2a: Preto
|-fail|p2a: Preto
|move|p2a: Preto|Nasty Plot|p2a: Preto
|-boost|p2a: Preto|spa|2
|
|turn|35
|
|move|p1a: Murkrow|Sucker Punch|p2a: Preto
|-fail|p2a: Preto
|move|p2a: Preto|Nasty Plot|p2a: Preto
|-boost|p2a: Preto|spa|2
|
|turn|36
|
|move|p1a: Murkrow|Substitute|p1a: Murkrow
|-start|p1a: Murkrow|Substitute
|-damage|p1a: Murkrow|23\/323
|move|p2a: Preto|Nasty Plot|p2a: Preto
|-boost|p2a: Preto|spa|2
|
|turn|37
|
|move|p2a: Preto|Nasty Plot|p2a: Preto
|-fail|p2a: Preto
|move|p1a: Murkrow|Brave Bird|p2a: Preto
|-damage|p2a: Preto|0 fnt
|-damage|p1a: Murkrow|10\/323|[from] recoil|[of] p2a: Preto
|faint|p2a: Preto
|
|win|Mr. Cupro
|leave|ShadowSamwa
|player|p2
|leave|Sorentor
|join|Sorentor
|leave|Sorentor