|join|Reverb
|join|Zedseayou
|player|p1|Reverb|#reverb
|player|p2|Zedseayou|129
|gametype|singles
|gen|6
|tier|OU
|rated
|clearpoke
|poke|p1|Landorus, M
|poke|p1|Latias, F
|poke|p1|Heatran, M
|poke|p1|Conkeldurr, F
|poke|p1|Azumarill, F
|poke|p1|Metagross
|poke|p2|Landorus-Therian, M
|poke|p2|Keldeo
|poke|p2|Rotom-Heat
|poke|p2|Mew
|poke|p2|Clefable, F
|poke|p2|Venusaur, F
|rule|Swagger Clause: Swagger is banned
|rule|Baton Pass Clause: Limit one Pokémon knowing Baton Pass
|rule|Sleep Clause Mod: Limit one foe put to sleep
|rule|Species Clause: Limit one of each Pokémon
|rule|OHKO Clause: OHKO moves are banned
|rule|Moody Clause: Moody is banned
|rule|Evasion Moves Clause: Evasion moves are banned
|rule|Endless Battle Clause: Forcing endless battles is banned
|rule|HP Percentage Mod: HP is shown in percentages
|teampreview
|join|asdfCookie
|join|lil manaphy
|
|start
|switch|p1a: Conkeldurr|Conkeldurr, F|364\/364
|switch|p2a: Mew|Mew|401\/401
|turn|1
|join|iplaytennislol
|join|WECAMEASROMANS
|
|switch|p2a: Venusaur|Venusaur, F|363\/363
|move|p1a: Conkeldurr|Knock Off|p2a: Venusaur
|-damage|p2a: Venusaur|254\/363
|
|turn|2
|join|Prankster
|
|switch|p1a: Heatran|Heatran, M|385\/385
|detailschange|p2a: Venusaur|Venusaur-Mega, F
|-mega|p2a: Venusaur|Venusaur|Venusaurite
|move|p2a: Venusaur|Synthesis|p2a: Venusaur
|-heal|p2a: Venusaur|363\/363
|
|turn|3
|join|Tom Bus
|
|switch|p2a: Rotom-Heat|Rotom-Heat|303\/303
|move|p1a: Heatran|Stealth Rock|p2a: Rotom-Heat
|-sidestart|p2: Zedseayou|move: Stealth Rock
|
|turn|4
|
|move|p1a: Heatran|Lava Plume|p2a: Rotom-Heat
|-resisted|p2a: Rotom-Heat
|-damage|p2a: Rotom-Heat|256\/303
|move|p2a: Rotom-Heat|Volt Switch|p1a: Heatran
|-damage|p1a: Heatran|300\/385
|
|switch|p2a: Keldeo|Keldeo|321\/321
|-damage|p2a: Keldeo|301\/321|[from] Stealth Rock
|
|-heal|p2a: Keldeo|321\/321|[from] item: Leftovers
|-heal|p1a: Heatran|324\/385|[from] item: Leftovers
|turn|5
|
|switch|p1a: Latias|Latias, F|364\/364
|move|p2a: Keldeo|Scald|p1a: Latias
|-resisted|p1a: Latias
|-damage|p1a: Latias|304\/364
|-status|p1a: Latias|brn
|
|-heal|p1a: Latias|326\/364 brn|[from] item: Leftovers
|-damage|p1a: Latias|281\/364 brn|[from] brn
|turn|6
|
|switch|p2a: Mew|Mew|401\/401
|-damage|p2a: Mew|351\/401|[from] Stealth Rock
|move|p1a: Latias|Thunder Wave|p2a: Mew
|-status|p2a: Mew|par
|
|-heal|p1a: Latias|303\/364 brn|[from] item: Leftovers
|-heal|p2a: Mew|376\/401 par|[from] item: Leftovers
|-damage|p1a: Latias|258\/364 brn|[from] brn
|turn|7
|join|blarghlfarghl
|c| WECAMEASROMANS|haha wtf
|join|JSanchzz26
|
|switch|p1a: Conkeldurr|Conkeldurr, F|364\/364
|move|p2a: Mew|Defog|p1a: Conkeldurr
|-unboost|p1a: Conkeldurr|evasion|1
|-sideend|p2: Zedseayou|Stealth Rock|[from] move: Defog|[of] p2a: Mew
|
|-heal|p2a: Mew|401\/401 par|[from] item: Leftovers
|turn|8
|
|switch|p2a: Venusaur|Venusaur-Mega, F|363\/363
|move|p1a: Conkeldurr|Knock Off|p2a: Venusaur
|-damage|p2a: Venusaur|291\/363
|
|turn|9
|c| lil manaphy|that better be
|
|move|p2a: Venusaur|Knock Off|p1a: Conkeldurr
|-resisted|p1a: Conkeldurr
|-damage|p1a: Conkeldurr|325\/364
|-enditem|p1a: Conkeldurr|Assault Vest|[from] move: Knock Off|[of] p2a: Venusaur
|move|p1a: Conkeldurr|Ice Punch|p2a: Venusaur
|-supereffective|p2a: Venusaur
|-damage|p2a: Venusaur|201\/363
|
|turn|10
|c| lil manaphy|reflect type latias
|
|switch|p1a: Heatran|Heatran, M|324\/385
|move|p2a: Venusaur|Synthesis|p2a: Venusaur
|-heal|p2a: Venusaur|363\/363
|
|-heal|p1a: Heatran|348\/385|[from] item: Leftovers
|turn|11
|join|Turducken64
|join|I Iike Squirtles
|c|★Reverb|n
|
|switch|p2a: Keldeo|Keldeo|321\/321
|move|p1a: Heatran|Stealth Rock|p2a: Keldeo
|-sidestart|p2: Zedseayou|move: Stealth Rock
|
|-heal|p1a: Heatran|372\/385|[from] item: Leftovers
|turn|12
|
|switch|p1a: Latias|Latias, F|258\/364 brn
|move|p2a: Keldeo|Secret Sword|p1a: Latias
|-resisted|p1a: Latias
|-damage|p1a: Latias|195\/364 brn
|
|-heal|p1a: Latias|217\/364 brn|[from] item: Leftovers
|-damage|p1a: Latias|172\/364 brn|[from] brn
|turn|13
|c| lil manaphy|you wouldbt be afraid of pursuit.
|
|switch|p2a: Mew|Mew|401\/401 par
|-damage|p2a: Mew|351\/401 par|[from] Stealth Rock
|move|p1a: Latias|Recover|p1a: Latias
|-heal|p1a: Latias|354\/364 brn
|
|-heal|p1a: Latias|364\/364 brn|[from] item: Leftovers
|-heal|p2a: Mew|376\/401 par|[from] item: Leftovers
|-damage|p1a: Latias|319\/364 brn|[from] brn
|turn|14
|
|switch|p1a: Heatran|Heatran, M|372\/385
|cant|p2a: Mew|par
|
|-heal|p1a: Heatran|385\/385|[from] item: Leftovers
|-heal|p2a: Mew|401\/401 par|[from] item: Leftovers
|turn|15
|c| iplaytennislol|BRAZILIAN
|
|move|p1a: Heatran|Taunt|p2a: Mew
|-start|p2a: Mew|move: Taunt
|move|p2a: Mew|Knock Off|p1a: Heatran
|-damage|p1a: Heatran|313\/385
|-enditem|p1a: Heatran|Leftovers|[from] move: Knock Off|[of] p2a: Mew
|
|turn|16
|c| iplaytennislol|oh im lagging a lot
|
|move|p1a: Heatran|Lava Plume|p2a: Mew
|-damage|p2a: Mew|320\/401 par
|move|p2a: Mew|Knock Off|p1a: Heatran
|-damage|p1a: Heatran|263\/385
|
|-heal|p2a: Mew|345\/401 par|[from] item: Leftovers
|turn|17
|c| iplaytennislol|just saw lati t-wave
|c| JSanchzz26|lol
|
|move|p1a: Heatran|Lava Plume|p2a: Mew
|-damage|p2a: Mew|257\/401 par
|move|p2a: Mew|Knock Off|p1a: Heatran
|-damage|p1a: Heatran|215\/385
|
|-heal|p2a: Mew|282\/401 par|[from] item: Leftovers
|-end|p2a: Mew|move: Taunt
|turn|18
|leave|Tom Bus
|
|move|p1a: Heatran|Taunt|p2a: Mew
|-start|p2a: Mew|move: Taunt
|move|p2a: Mew|Knock Off|p1a: Heatran
|-damage|p1a: Heatran|168\/385
|
|-heal|p2a: Mew|307\/401 par|[from] item: Leftovers
|turn|19
|
|move|p1a: Heatran|Lava Plume|p2a: Mew
|-crit|p2a: Mew
|-damage|p2a: Mew|169\/401 par
|move|p2a: Mew|Knock Off|p1a: Heatran
|-damage|p1a: Heatran|120\/385
|
|-heal|p2a: Mew|194\/401 par|[from] item: Leftovers
|turn|20
|
|move|p1a: Heatran|Lava Plume|p2a: Mew
|-damage|p2a: Mew|106\/401 par
|move|p2a: Mew|Knock Off|p1a: Heatran
|-damage|p1a: Heatran|75\/385
|
|-heal|p2a: Mew|131\/401 par|[from] item: Leftovers
|-end|p2a: Mew|move: Taunt
|turn|21
|
|move|p1a: Heatran|Taunt|p2a: Mew
|-start|p2a: Mew|move: Taunt
|cant|p2a: Mew|move: Taunt|Roost
|
|-heal|p2a: Mew|156\/401 par|[from] item: Leftovers
|turn|22
|
|move|p1a: Heatran|Lava Plume|p2a: Mew
|-damage|p2a: Mew|66\/401 par
|cant|p2a: Mew|par
|
|-heal|p2a: Mew|91\/401 par|[from] item: Leftovers
|turn|23
|join|leremyju
|
|switch|p2a: Keldeo|Keldeo|321\/321
|-damage|p2a: Keldeo|301\/321|[from] Stealth Rock
|move|p1a: Heatran|Lava Plume|p2a: Keldeo
|-resisted|p2a: Keldeo
|-damage|p2a: Keldeo|242\/321
|-status|p2a: Keldeo|brn
|
|-heal|p2a: Keldeo|262\/321 brn|[from] item: Leftovers
|-damage|p2a: Keldeo|222\/321 brn|[from] brn
|turn|24
|c| blarghlfarghl|nb
|join|Mega Magic Bounce
|c| leremyju|Reverb is going to hax me
|c| lil manaphy|heatran is so good
|c| leremyju|ik it
|
|switch|p1a: Latias|Latias, F|319\/364 brn
|move|p2a: Keldeo|Secret Sword|p1a: Latias
|-crit|p1a: Latias
|-resisted|p1a: Latias
|-damage|p1a: Latias|227\/364 brn
|
|-heal|p2a: Keldeo|242\/321 brn|[from] item: Leftovers
|-heal|p1a: Latias|249\/364 brn|[from] item: Leftovers
|-damage|p2a: Keldeo|202\/321 brn|[from] brn
|-damage|p1a: Latias|204\/364 brn|[from] brn
|turn|25
|c| Turducken64|that tran
|
|switch|p2a: Mew|Mew|91\/401 par
|-damage|p2a: Mew|41\/401 par|[from] Stealth Rock
|move|p1a: Latias|Psyshock|p2a: Mew
|-resisted|p2a: Mew
|-damage|p2a: Mew|0 fnt
|faint|p2a: Mew
|
|-heal|p1a: Latias|226\/364 brn|[from] item: Leftovers
|-damage|p1a: Latias|181\/364 brn|[from] brn
|
|switch|p2a: Clefable|Clefable, F|394\/394
|turn|26
|
|switch|p1a: Landorus|Landorus, M|319\/319
|move|p2a: Clefable|Calm Mind|p2a: Clefable
|-boost|p2a: Clefable|spa|1
|-boost|p2a: Clefable|spd|1
|
|turn|27
|
|switch|p1a: Heatran|Heatran, M|75\/385
|move|p2a: Clefable|Moonblast|p1a: Heatran
|-resisted|p1a: Heatran
|-damage|p1a: Heatran|39\/385
|
|turn|28
|join|tomibello
|
|move|p2a: Clefable|Calm Mind|p2a: Clefable
|-boost|p2a: Clefable|spa|1
|-boost|p2a: Clefable|spd|1
|move|p1a: Heatran|Roar|p2a: Clefable
|drag|p2a: Venusaur|Venusaur-Mega, F|363\/363
|-damage|p2a: Venusaur|318\/363|[from] Stealth Rock
|
|turn|29
|
|move|p1a: Heatran|Lava Plume|p2a: Venusaur
|-supereffective|p2a: Venusaur
|-damage|p2a: Venusaur|238\/363
|-status|p2a: Venusaur|brn
|move|p2a: Venusaur|Knock Off|p1a: Heatran
|-damage|p1a: Heatran|16\/385
|
|-damage|p2a: Venusaur|193\/363 brn|[from] brn
|turn|30
|c| blarghlfarghl|lol
|c| JSanchzz26|lol
|c| leremyju|Ofc u get the burn
|c|★Zedseayou|literally what
|
|move|p1a: Heatran|Taunt|p2a: Venusaur
|-start|p2a: Venusaur|move: Taunt
|cant|p2a: Venusaur|move: Taunt|Synthesis
|
|-damage|p2a: Venusaur|148\/363 brn|[from] brn
|turn|31
|c|★Reverb|i mean
|c| iplaytennislol|nice
|c|★Reverb|metagross sweeps anyway
|c| blarghlfarghl|what a god
|c| leremyju|Lucky ass players
|-message|Zedseayou forfeited.
|
|win|Reverb
|raw|Ladder updating...
|leave|Zedseayou
|raw|Reverb's rating: 1705 &rarr; <strong>1714<\/strong><br \/>(+9 for winning)
|raw|Zedseayou's rating: 1498 &rarr; <strong>1488<\/strong><br \/>(-10 for losing)
|player|p2
|c| leremyju|Lol
|leave|iplaytennislol
|c| Mega Magic Bounce|wow