|join|lyh031995
|join|Zedseayou
|player|p1|lyh031995|266
|player|p2|Zedseayou|129
|gametype|singles
|gen|6
|tier|OU
|rated
|clearpoke
|poke|p1|Salamence, F
|poke|p1|Charizard, F
|poke|p1|Slowbro, F
|poke|p1|Breloom, F
|poke|p1|Heatran, M
|poke|p1|Latios, M
|poke|p2|Tentacruel, M
|poke|p2|Bronzong
|poke|p2|Gliscor, M
|poke|p2|Sableye, M
|poke|p2|Clefable, F
|poke|p2|Chesnaught, M
|rule|Swagger Clause: Swagger is banned
|rule|Baton Pass Clause: Limit one Pokémon knowing Baton Pass
|rule|Sleep Clause Mod: Limit one foe put to sleep
|rule|Species Clause: Limit one of each Pokémon
|rule|OHKO Clause: OHKO moves are banned
|rule|Moody Clause: Moody is banned
|rule|Evasion Moves Clause: Evasion moves are banned
|rule|Endless Battle Clause: Forcing endless battles is banned
|rule|HP Percentage Mod: HP is shown in percentages
|teampreview
|
|start
|switch|p1a: Heatran|Heatran, M|386\/386
|switch|p2a: Sableye|Sableye, M|304\/304
|-item|p1a: Heatran|Air Balloon
|turn|1
|
|detailschange|p2a: Sableye|Sableye-Mega, M
|-mega|p2a: Sableye|Sableye|Sablenite
|move|p1a: Heatran|Lava Plume|p2a: Sableye
|-damage|p2a: Sableye|156\/304
|move|p2a: Sableye|Dark Pulse|p1a: Heatran
|-damage|p1a: Heatran|304\/386
|-enditem|p1a: Heatran|Air Balloon
|
|turn|2
|
|switch|p2a: Tentacruel|Tentacruel, M|364\/364
|move|p1a: Heatran|Lava Plume|p2a: Tentacruel
|-resisted|p2a: Tentacruel
|-damage|p2a: Tentacruel|317\/364
|-status|p2a: Tentacruel|brn
|
|-heal|p2a: Tentacruel|339\/364 brn|[from] item: Black Sludge
|-damage|p2a: Tentacruel|294\/364 brn|[from] brn
|turn|3
|
|switch|p1a: Latios|Latios, M|302\/302
|move|p2a: Tentacruel|Knock Off|p1a: Latios
|-supereffective|p1a: Latios
|-damage|p1a: Latios|242\/302
|-enditem|p1a: Latios|Life Orb|[from] move: Knock Off|[of] p2a: Tentacruel
|
|-heal|p2a: Tentacruel|316\/364 brn|[from] item: Black Sludge
|-damage|p2a: Tentacruel|271\/364 brn|[from] brn
|turn|4
|
|switch|p1a: Heatran|Heatran, M|304\/386
|switch|p2a: Clefable|Clefable, F|394\/394
|
|turn|5
|
|move|p1a: Heatran|Flash Cannon|p2a: Clefable
|-supereffective|p2a: Clefable
|-damage|p2a: Clefable|104\/394
|move|p2a: Clefable|Heal Bell|p2a: Clefable
|-cureteam|p2a: Clefable|[from] move: HealBell
|
|-heal|p2a: Clefable|128\/394|[from] item: Leftovers
|turn|6
|
|switch|p2a: Tentacruel|Tentacruel, M|271\/364
|move|p1a: Heatran|Earth Power|p2a: Tentacruel
|-supereffective|p2a: Tentacruel
|-damage|p2a: Tentacruel|125\/364
|
|-heal|p2a: Tentacruel|147\/364|[from] item: Black Sludge
|turn|7
|
|move|p2a: Tentacruel|Scald|p1a: Heatran
|-supereffective|p1a: Heatran
|-damage|p1a: Heatran|158\/386
|move|p1a: Heatran|Earth Power|p2a: Tentacruel
|-supereffective|p2a: Tentacruel
|-damage|p2a: Tentacruel|0 fnt
|faint|p2a: Tentacruel
|
|
|switch|p2a: Gliscor|Gliscor, M|352\/352
|turn|8
|
|switch|p1a: Slowbro|Slowbro, F|394\/394
|move|p2a: Gliscor|Earthquake|p1a: Slowbro
|-damage|p1a: Slowbro|313\/394
|
|-heal|p1a: Slowbro|337\/394|[from] item: Leftovers
|-status|p2a: Gliscor|tox|[from] item: Toxic Orb
|turn|9
|
|switch|p2a: Bronzong|Bronzong|338\/338
|move|p1a: Slowbro|Scald|p2a: Bronzong
|-damage|p2a: Bronzong|278\/338
|
|-heal|p1a: Slowbro|361\/394|[from] item: Leftovers
|-heal|p2a: Bronzong|299\/338|[from] item: Leftovers
|turn|10
|
|switch|p1a: Heatran|Heatran, M|158\/386
|move|p2a: Bronzong|Stealth Rock|p1a: Heatran
|-sidestart|p1: lyh031995|move: Stealth Rock
|
|-heal|p2a: Bronzong|320\/338|[from] item: Leftovers
|turn|11
|
|move|p1a: Heatran|Lava Plume|p2a: Bronzong
|-supereffective|p2a: Bronzong
|-damage|p2a: Bronzong|116\/338
|-status|p2a: Bronzong|brn
|move|p2a: Bronzong|Earthquake|p1a: Heatran
|-supereffective|p1a: Heatran
|-damage|p1a: Heatran|10\/386
|
|-heal|p2a: Bronzong|137\/338 brn|[from] item: Leftovers
|-damage|p2a: Bronzong|95\/338 brn|[from] brn
|turn|12
|
|move|p1a: Heatran|Lava Plume|p2a: Bronzong
|-supereffective|p2a: Bronzong
|-damage|p2a: Bronzong|0 fnt
|faint|p2a: Bronzong
|
|
|switch|p2a: Gliscor|Gliscor, M|352\/352 tox
|turn|13
|
|move|p2a: Gliscor|Knock Off|p1a: Heatran
|-damage|p1a: Heatran|0 fnt
|faint|p1a: Heatran
|
|
|switch|p1a: Latios|Latios, M|242\/302
|-damage|p1a: Latios|205\/302|[from] Stealth Rock
|turn|14
|
|move|p1a: Latios|Defog|p2a: Gliscor
|-unboost|p2a: Gliscor|evasion|1
|-sideend|p1: lyh031995|Stealth Rock|[from] move: Defog|[of] p1a: Latios
|move|p2a: Gliscor|Knock Off|p1a: Latios
|-supereffective|p1a: Latios
|-damage|p1a: Latios|79\/302
|
|turn|15
|
|move|p1a: Latios|Draco Meteor|p2a: Gliscor
|-damage|p2a: Gliscor|133\/352 tox
|-unboost|p1a: Latios|spa|2
|move|p2a: Gliscor|Knock Off|p1a: Latios
|-supereffective|p1a: Latios
|-damage|p1a: Latios|0 fnt
|faint|p1a: Latios
|
|-heal|p2a: Gliscor|177\/352 tox|[from] ability: Poison Heal
|
|switch|p1a: Charizard|Charizard, F|298\/298
|turn|16
|
|detailschange|p1a: Charizard|Charizard-Mega-X, F
|-mega|p1a: Charizard|Charizard|Charizardite X
|move|p1a: Charizard|Flare Blitz|p2a: Gliscor
|-damage|p2a: Gliscor|0 fnt
|-damage|p1a: Charizard|240\/298|[from] recoil|[of] p2a: Gliscor
|faint|p2a: Gliscor
|
|
|switch|p2a: Chesnaught|Chesnaught, M|380\/380
|turn|17
|
|move|p1a: Charizard|Dragon Dance|p1a: Charizard
|-boost|p1a: Charizard|atk|1
|-boost|p1a: Charizard|spe|1
|move|p2a: Chesnaught|Leech Seed|p1a: Charizard
|-start|p1a: Charizard|move: Leech Seed
|
|-damage|p1a: Charizard|203\/298|[from] Leech Seed|[of] p2a: Chesnaught
|turn|18
|
|switch|p1a: Salamence|Salamence, F|331\/331
|move|p2a: Chesnaught|Spiky Shield|p2a: Chesnaught
|-fail|p2a: Chesnaught
|
|turn|19
|
|switch|p2a: Clefable|Clefable, F|128\/394
|move|p1a: Salamence|Fire Blast|p2a: Clefable
|-damage|p2a: Clefable|46\/394
|
|-heal|p2a: Clefable|70\/394|[from] item: Leftovers
|turn|20
|
|move|p1a: Salamence|Earthquake|p2a: Clefable
|-damage|p2a: Clefable|0 fnt
|faint|p2a: Clefable
|-boost|p1a: Salamence|atk|1|[from] ability: Moxie
|
|
|switch|p2a: Sableye|Sableye-Mega, M|156\/304
|turn|21
|
|move|p1a: Salamence|Outrage|p2a: Sableye
|-damage|p2a: Sableye|0 fnt
|faint|p2a: Sableye
|-boost|p1a: Salamence|atk|1|[from] ability: Moxie
|
|-message|Zedseayou forfeited.
|leave|Zedseayou
|
|win|lyh031995
|raw|Ladder updating...
|player|p2
|raw|lyh031995's rating: 1483 &rarr; <strong>1503<\/strong><br \/>(+20 for winning)
|raw|Zedseayou's rating: 1475 &rarr; <strong>1455<\/strong><br \/>(-20 for losing)