|join|Zedseayou
|join|miloticisou
|player|p1|Zedseayou|129
|player|p2|miloticisou|101
|gametype|singles
|gen|6
|tier|OU
|rated
|clearpoke
|poke|p1|Scolipede, M
|poke|p1|Espeon, M
|poke|p1|Latios, M
|poke|p1|Terrakion
|poke|p1|Charizard, M
|poke|p1|Wobbuffet, F
|poke|p2|Milotic, F, shiny
|poke|p2|Diancie
|poke|p2|Landorus-Therian, M
|poke|p2|Latios, M
|poke|p2|Ferrothorn, M
|poke|p2|Talonflame, M
|rule|Swagger Clause: Swagger is banned
|rule|Baton Pass Clause: Limit one Pokémon knowing Baton Pass
|rule|Sleep Clause Mod: Limit one foe put to sleep
|rule|Species Clause: Limit one of each Pokémon
|rule|OHKO Clause: OHKO moves are banned
|rule|Moody Clause: Moody is banned
|rule|Evasion Moves Clause: Evasion moves are banned
|rule|Endless Battle Clause: Forcing endless battles is banned
|rule|HP Percentage Mod: HP is shown in percentages
|teampreview
|
|start
|switch|p1a: Latios|Latios, M|364\/364
|switch|p2a: Diancie|Diancie|241\/241
|turn|1
|
|switch|p1a: Wobbuffet|Wobbuffet, F|584\/584
|detailschange|p2a: Diancie|Diancie-Mega
|-mega|p2a: Diancie|Diancie|Diancite
|move|p2a: Diancie|Protect|p2a: Diancie
|-fail|p2a: Diancie
|
|turn|2
|
|move|p2a: Diancie|Diamond Storm|p1a: Wobbuffet
|-damage|p1a: Wobbuffet|290\/584
|-enditem|p1a: Wobbuffet|Sitrus Berry|[eat]
|-heal|p1a: Wobbuffet|436\/584|[from] item: Sitrus Berry
|move|p1a: Wobbuffet|Mirror Coat|p2a: Diancie
|-fail|p2a: Diancie
|
|turn|3
|
|move|p2a: Diancie|Moonblast|p1a: Wobbuffet
|-damage|p1a: Wobbuffet|244\/584
|move|p1a: Wobbuffet|Counter|p2a: Diancie
|-fail|p2a: Diancie
|
|turn|4
|
|move|p2a: Diancie|Diamond Storm|p1a: Wobbuffet
|-damage|p1a: Wobbuffet|0 fnt
|-boost|p2a: Diancie|def|1
|faint|p1a: Wobbuffet
|
|
|switch|p1a: Terrakion|Terrakion|323\/323
|turn|5
|
|move|p2a: Diancie|Moonblast|p1a: Terrakion
|-crit|p1a: Terrakion
|-supereffective|p1a: Terrakion
|-damage|p1a: Terrakion|0 fnt
|faint|p1a: Terrakion
|
|
|switch|p1a: Latios|Latios, M|364\/364
|turn|6
|
|move|p2a: Diancie|Moonblast|p1a: Latios
|-supereffective|p1a: Latios
|-damage|p1a: Latios|0 fnt
|faint|p1a: Latios
|
|-message|Zedseayou forfeited.
|
|win|miloticisou
|raw|Ladder updating...
|leave|Zedseayou
|player|p1
|raw|Zedseayou's rating: 1506 &rarr; <strong>1480<\/strong><br \/>(-26 for losing)
|raw|miloticisou's rating: 1400 &rarr; <strong>1426<\/strong><br \/>(+26 for winning)