|join|u got talonflame'd
|join|belgrade
|player|p1|u got talonflame'd|1
|player|p2|belgrade|214
|gametype|singles
|gen|6
|tier|OU
|rated
|clearpoke
|poke|p1|Latios, M
|poke|p1|Azumarill, F
|poke|p1|Heatran, M, shiny
|poke|p1|Rotom-Wash
|poke|p1|Gardevoir, F, shiny
|poke|p1|Landorus-Therian, M
|poke|p2|Heatran, F
|poke|p2|Ferrothorn, M
|poke|p2|Greninja, M
|poke|p2|Gardevoir, M
|poke|p2|Latias, F
|poke|p2|Thundurus, M
|rule|Swagger Clause: Swagger is banned
|rule|Baton Pass Clause: Limit one Pokémon knowing Baton Pass
|rule|Sleep Clause Mod: Limit one foe put to sleep
|rule|Species Clause: Limit one of each Pokémon
|rule|OHKO Clause: OHKO moves are banned
|rule|Moody Clause: Moody is banned
|rule|Evasion Moves Clause: Evasion moves are banned
|rule|Endless Battle Clause: Forcing endless battles is banned
|rule|HP Percentage Mod: HP is shown in percentages
|teampreview
|
|start
|switch|p1a: Landorus-Therian|Landorus-Therian, M|354\/354
|switch|p2a: Gardevoir|Gardevoir, M|277\/277
|-ability|p1a: Landorus-Therian|Intimidate|[of] p2a: Gardevoir
|-unboost|p2a: Gardevoir|atk|1
|-ability|p2a: Gardevoir|Intimidate|[from] ability: Trace|[of] p1a: Landorus-Therian
|-ability|p2a: Gardevoir|Intimidate|[of] p1a: Landorus-Therian
|-unboost|p1a: Landorus-Therian|atk|1
|turn|1
|
|detailschange|p2a: Gardevoir|Gardevoir-Mega, M
|message|Gardevoir has Mega Evolved into Mega Gardevoir!
|move|p1a: Landorus-Therian|U-turn|p2a: Gardevoir
|-damage|p2a: Gardevoir|181\/277
|
|switch|p1a: Heatran|Heatran, M, shiny|386\/386
|move|p2a: Gardevoir|Hyper Voice|p1a: Heatran
|-resisted|p1a: Heatran
|-damage|p1a: Heatran|346\/386
|
|-heal|p1a: Heatran|370\/386|[from] item: Leftovers
|turn|2
|
|move|p2a: Gardevoir|Calm Mind|p2a: Gardevoir
|-boost|p2a: Gardevoir|spa|1
|-boost|p2a: Gardevoir|spd|1
|move|p1a: Heatran|Stealth Rock|p2a: Gardevoir
|-sidestart|p2: belgrade|move: Stealth Rock
|
|-heal|p1a: Heatran|386\/386|[from] item: Leftovers
|turn|3
|
|move|p2a: Gardevoir|Pain Split|p1a: Heatran
|-sethp|p1a: Heatran|283\/386|p2a: Gardevoir|277\/277|[from] move: Pain Split
|move|p1a: Heatran|Toxic|p2a: Gardevoir
|-status|p2a: Gardevoir|tox
|
|-heal|p1a: Heatran|307\/386|[from] item: Leftovers
|-damage|p2a: Gardevoir|260\/277 tox|[from] psn
|turn|4
|
|move|p1a: Heatran|Protect|p1a: Heatran
|-singleturn|p1a: Heatran|Protect
|move|p2a: Gardevoir|Calm Mind|p2a: Gardevoir
|-boost|p2a: Gardevoir|spa|1
|-boost|p2a: Gardevoir|spd|1
|
|-heal|p1a: Heatran|331\/386|[from] item: Leftovers
|-damage|p2a: Gardevoir|226\/277 tox|[from] psn
|turn|5
|
|move|p2a: Gardevoir|Psyshock|p1a: Heatran
|-resisted|p1a: Heatran
|-damage|p1a: Heatran|156\/386
|move|p1a: Heatran|Lava Plume|p2a: Gardevoir
|-damage|p2a: Gardevoir|178\/277 tox
|
|-heal|p1a: Heatran|180\/386|[from] item: Leftovers
|-damage|p2a: Gardevoir|127\/277 tox|[from] psn
|turn|6
|
|switch|p2a: Greninja|Greninja, M|285\/285
|-damage|p2a: Greninja|250\/285|[from] Stealth Rock
|move|p1a: Heatran|Protect|p1a: Heatran
|-fail|p1a: Heatran
|
|-heal|p1a: Heatran|204\/386|[from] item: Leftovers
|turn|7
|
|move|p1a: Heatran|Protect|p1a: Heatran
|-singleturn|p1a: Heatran|Protect
|move|p2a: Greninja|Hydro Pump|p1a: Heatran
|-activate|p1a: Heatran|Protect
|
|-heal|p1a: Heatran|228\/386|[from] item: Leftovers
|turn|8
|
|move|p2a: Greninja|Hydro Pump|p1a: Heatran
|-supereffective|p1a: Heatran
|-damage|p1a: Heatran|0 fnt
|-damage|p2a: Greninja|222\/285|[from] item: Life Orb
|faint|p1a: Heatran
|
|
|switch|p1a: Azumarill|Azumarill, F|345\/345
|turn|9
|
|switch|p2a: Ferrothorn|Ferrothorn, M|351\/351
|-damage|p2a: Ferrothorn|330\/351|[from] Stealth Rock
|move|p1a: Azumarill|Knock Off|p2a: Ferrothorn
|-damage|p2a: Ferrothorn|233\/351
|-damage|p1a: Azumarill|302\/345|[from] ability: Iron Barbs|[of] p2a: Ferrothorn
|-enditem|p2a: Ferrothorn|Leftovers|[from] move: Knock Off|[of] p1a: Azumarill
|
|turn|10
|
|switch|p1a: Landorus-Therian|Landorus-Therian, M|354\/354
|-ability|p1a: Landorus-Therian|Intimidate|[of] p2a: Ferrothorn
|-unboost|p2a: Ferrothorn|atk|1
|move|p2a: Ferrothorn|Leech Seed|p1a: Landorus-Therian
|-start|p1a: Landorus-Therian|move: Leech Seed
|
|-damage|p1a: Landorus-Therian|310\/354|[from] Leech Seed|[of] p2a: Ferrothorn
|-heal|p2a: Ferrothorn|277\/351|[silent]
|turn|11
|
|move|p1a: Landorus-Therian|Earthquake|p2a: Ferrothorn
|-damage|p2a: Ferrothorn|130\/351
|move|p2a: Ferrothorn|Power Whip|p1a: Landorus-Therian|[miss]
|-miss|p2a: Ferrothorn|p1a: Landorus-Therian
|
|-damage|p1a: Landorus-Therian|266\/354|[from] Leech Seed|[of] p2a: Ferrothorn
|-heal|p2a: Ferrothorn|174\/351|[silent]
|turn|12
|
|move|p1a: Landorus-Therian|Earthquake|p2a: Ferrothorn
|-damage|p2a: Ferrothorn|27\/351
|move|p2a: Ferrothorn|Power Whip|p1a: Landorus-Therian
|-damage|p1a: Landorus-Therian|163\/354
|
|-damage|p1a: Landorus-Therian|119\/354|[from] Leech Seed|[of] p2a: Ferrothorn
|-heal|p2a: Ferrothorn|71\/351|[silent]
|turn|13
|
|switch|p1a: Gardevoir|Gardevoir, F, shiny|277\/277
|-ability|p1a: Gardevoir|Iron Barbs|[from] ability: Trace|[of] p2a: Ferrothorn
|move|p2a: Ferrothorn|Protect|p2a: Ferrothorn
|-fail|p2a: Ferrothorn
|
|turn|14
|
|switch|p2a: Heatran|Heatran, F|385\/385
|-damage|p2a: Heatran|337\/385|[from] Stealth Rock
|-item|p2a: Heatran|Air Balloon
|detailschange|p1a: Gardevoir|Gardevoir-Mega, F, shiny
|message|Gardevoir has Mega Evolved into Mega Gardevoir!
|move|p1a: Gardevoir|Hyper Voice|p2a: Heatran
|-resisted|p2a: Heatran
|-damage|p2a: Heatran|288\/385
|-enditem|p2a: Heatran|Air Balloon
|
|turn|15
|
|move|p1a: Gardevoir|Hidden Power|p2a: Heatran
|-supereffective|p2a: Heatran
|-damage|p2a: Heatran|44\/385
|move|p2a: Heatran|Toxic|p1a: Gardevoir
|-status|p1a: Gardevoir|tox
|
|-damage|p1a: Gardevoir|260\/277 tox|[from] psn
|turn|16
|
|move|p1a: Gardevoir|Psychic|p2a: Heatran
|-resisted|p2a: Heatran
|-damage|p2a: Heatran|0 fnt
|faint|p2a: Heatran
|
|-damage|p1a: Gardevoir|226\/277 tox|[from] psn
|
|switch|p2a: Ferrothorn|Ferrothorn, M|71\/351
|-damage|p2a: Ferrothorn|50\/351|[from] Stealth Rock
|turn|17
|
|switch|p1a: Landorus-Therian|Landorus-Therian, M|119\/354
|-ability|p1a: Landorus-Therian|Intimidate|[of] p2a: Ferrothorn
|-unboost|p2a: Ferrothorn|atk|1
|move|p2a: Ferrothorn|Gyro Ball|p1a: Landorus-Therian
|-damage|p1a: Landorus-Therian|0 fnt
|faint|p1a: Landorus-Therian
|
|
|switch|p1a: Latios|Latios, M|302\/302
|turn|18
|
|move|p1a: Latios|Hidden Power|p2a: Ferrothorn
|-supereffective|p2a: Ferrothorn
|-damage|p2a: Ferrothorn|0 fnt
|faint|p2a: Ferrothorn
|
|
|switch|p2a: Thundurus|Thundurus, M|299\/299
|-damage|p2a: Thundurus|225\/299|[from] Stealth Rock
|turn|19
|
|switch|p1a: Rotom-Wash|Rotom-Wash|304\/304
|move|p2a: Thundurus|Knock Off|p1a: Rotom-Wash
|-damage|p1a: Rotom-Wash|231\/304
|-enditem|p1a: Rotom-Wash|Leftovers|[from] move: Knock Off|[of] p2a: Thundurus
|
|-heal|p2a: Thundurus|243\/299|[from] item: Leftovers
|turn|20
|
|move|p2a: Thundurus|Thunderbolt|p1a: Rotom-Wash
|-damage|p1a: Rotom-Wash|95\/304
|move|p1a: Rotom-Wash|Hydro Pump|p2a: Thundurus|[miss]
|-miss|p1a: Rotom-Wash|p2a: Thundurus
|
|-heal|p2a: Thundurus|261\/299|[from] item: Leftovers
|turn|21
|
|move|p2a: Thundurus|Thunderbolt|p1a: Rotom-Wash
|-crit|p1a: Rotom-Wash
|-damage|p1a: Rotom-Wash|0 fnt
|faint|p1a: Rotom-Wash
|
|-heal|p2a: Thundurus|279\/299|[from] item: Leftovers
|
|switch|p1a: Gardevoir|Gardevoir-Mega, F, shiny|226\/277 tox
|turn|22
|
|switch|p2a: Greninja|Greninja, M|222\/285
|-damage|p2a: Greninja|187\/285|[from] Stealth Rock
|move|p1a: Gardevoir|Hyper Voice|p2a: Greninja
|-supereffective|p2a: Greninja
|-damage|p2a: Greninja|0 fnt
|faint|p2a: Greninja
|
|-damage|p1a: Gardevoir|209\/277 tox|[from] psn
|
|switch|p2a: Latias|Latias, F|301\/301
|-damage|p2a: Latias|264\/301|[from] Stealth Rock
|turn|23
|
|move|p2a: Latias|Healing Wish|p2a: Latias
|faint|p2a: Latias
|move|p1a: Gardevoir|Hyper Voice|p2: Latias|[notarget]
|-notarget
|
|-damage|p1a: Gardevoir|175\/277 tox|[from] psn
|
|switch|p2a: Gardevoir|Gardevoir-Mega, M|127\/277 tox
|-heal|p2a: Gardevoir|277\/277|[from] move: Healing Wish
|-damage|p2a: Gardevoir|243\/277|[from] Stealth Rock
|turn|24
|
|move|p2a: Gardevoir|Hyper Voice|p1a: Gardevoir
|-damage|p1a: Gardevoir|0 fnt
|faint|p1a: Gardevoir
|
|
|switch|p1a: Latios|Latios, M|302\/302
|turn|25
|
|move|p1a: Latios|Psyshock|p2a: Gardevoir
|-resisted|p2a: Gardevoir
|-damage|p2a: Gardevoir|87\/277
|move|p2a: Gardevoir|Hyper Voice|p1a: Latios
|-supereffective|p1a: Latios
|-damage|p1a: Latios|0 fnt
|faint|p1a: Latios
|
|
|switch|p1a: Azumarill|Azumarill, F|302\/345
|turn|26
|
|move|p1a: Azumarill|Aqua Jet|p2a: Gardevoir
|-damage|p2a: Gardevoir|0 fnt
|faint|p2a: Gardevoir
|
|
|switch|p2a: Thundurus|Thundurus, M|279\/299
|-damage|p2a: Thundurus|205\/299|[from] Stealth Rock
|turn|27
|
|move|p2a: Thundurus|Thunderbolt|p1a: Azumarill
|-supereffective|p1a: Azumarill
|-damage|p1a: Azumarill|126\/345
|move|p1a: Azumarill|Waterfall|p2a: Thundurus
|-damage|p2a: Thundurus|0 fnt
|faint|p2a: Thundurus
|
|win|u got talonflame'd
|raw|Ladder updating...
|raw|u got talonflame&apos;d's rating: 1860 &rarr; <strong>1870<\/strong><br \/>(+10 for winning)
|raw|belgrade's rating: 1680 &rarr; <strong>1670<\/strong><br \/>(-10 for losing)
|c|★belgrade|gg
|c|★u got talonflame'd|gg