|join|belgrade
|join|Sweep
|player|p1|belgrade|214
|player|p2|Sweep|213
|gametype|singles
|gen|6
|tier|OU
|rated
|clearpoke
|poke|p1|Keldeo
|poke|p1|Landorus, M
|poke|p1|Scizor, F
|poke|p1|Thundurus, M
|poke|p1|Azelf
|poke|p1|Mamoswine, F
|poke|p2|Omastar, F
|poke|p2|Kingdra, M
|poke|p2|Azelf
|poke|p2|Latios, M
|poke|p2|Talonflame, F
|poke|p2|Politoed, M
|rule|Swagger Clause: Swagger is banned
|rule|Baton Pass Clause: Limit one Pokémon knowing Baton Pass
|rule|Sleep Clause Mod: Limit one foe put to sleep
|rule|Species Clause: Limit one of each Pokémon
|rule|OHKO Clause: OHKO moves are banned
|rule|Moody Clause: Moody is banned
|rule|Evasion Moves Clause: Evasion moves are banned
|rule|Endless Battle Clause: Forcing endless battles is banned
|rule|HP Percentage Mod: HP is shown in percentages
|teampreview
|
|start
|switch|p1a: PKsFatass|Mamoswine, F|361\/361
|switch|p2a: Azelf|Azelf|354\/354
|turn|1
|
|move|p2a: Azelf|Stealth Rock|p1a: PKsFatass
|-sidestart|p1: belgrade|move: Stealth Rock
|move|p1a: PKsFatass|Icicle Spear|p2a: Azelf
|-damage|p2a: Azelf|293\/354
|-damage|p2a: Azelf|238\/354
|-damage|p2a: Azelf|181\/354
|-hitcount|p2a: Azelf|3
|
|turn|2
|
|move|p2a: Azelf|Rain Dance|p2a: Azelf
|-weather|RainDance
|move|p1a: PKsFatass|Stealth Rock|p2a: Azelf
|-sidestart|p2: Sweep|move: Stealth Rock
|
|-weather|RainDance|[upkeep]
|turn|3
|
|move|p2a: Azelf|Explosion|p1a: PKsFatass
|-damage|p1a: PKsFatass|61\/361
|faint|p2a: Azelf
|move|p1a: PKsFatass|Icicle Spear|p2: Azelf|[notarget]
|-notarget
|
|-weather|RainDance|[upkeep]
|
|switch|p2a: Kingdra|Kingdra, M|291\/291
|-damage|p2a: Kingdra|255\/291|[from] Stealth Rock
|turn|4
|
|move|p1a: PKsFatass|Ice Shard|p2a: Kingdra
|-damage|p2a: Kingdra|179\/291
|move|p2a: Kingdra|Surf|p1a: PKsFatass
|-supereffective|p1a: PKsFatass
|-damage|p1a: PKsFatass|0 fnt
|faint|p1a: PKsFatass
|
|-weather|RainDance|[upkeep]
|
|switch|p1a: AliceTheHors|Keldeo|323\/323
|-damage|p1a: AliceTheHors|303\/323|[from] Stealth Rock
|turn|5
|
|switch|p2a: Latios|Latios, M|301\/301
|-damage|p2a: Latios|264\/301|[from] Stealth Rock
|move|p1a: AliceTheHors|Secret Sword|p2a: Latios
|-resisted|p2a: Latios
|-damage|p2a: Latios|130\/301
|
|-weather|RainDance|[upkeep]
|turn|6
|
|move|p2a: Latios|Defog|p1a: AliceTheHors
|-unboost|p1a: AliceTheHors|evasion|1
|-sideend|p1: belgrade|Stealth Rock|[from] move: Defog|[of] p1a: AliceTheHors
|-sideend|p2: Sweep|Stealth Rock|[from] move: Defog|[of] p2a: Latios
|move|p1a: AliceTheHors|Secret Sword|p2a: Latios
|-resisted|p2a: Latios
|-damage|p2a: Latios|5\/301
|
|-weather|RainDance|[upkeep]
|turn|7
|
|switch|p1a: JoeyStrngJaws|Scizor, F|335\/335
|move|p2a: Latios|Thunder|p1a: JoeyStrngJaws
|-damage|p1a: JoeyStrngJaws|170\/335
|-damage|p2a: Latios|0 fnt|[from] item: Life Orb
|faint|p2a: Latios
|
|-weather|RainDance|[upkeep]
|
|switch|p2a: Omastar|Omastar, F|281\/281
|turn|8
|
|switch|p1a: Azelf|Azelf|291\/291
|move|p2a: Omastar|Scald|p1a: Azelf
|-damage|p1a: Azelf|0 fnt
|faint|p1a: Azelf
|
|-weather|RainDance|[upkeep]
|
|switch|p1a: AliceTheHors|Keldeo|303\/323
|turn|9
|
|move|p2a: Omastar|Scald|p1a: AliceTheHors
|-resisted|p1a: AliceTheHors
|-damage|p1a: AliceTheHors|114\/323
|move|p1a: AliceTheHors|Hydro Pump|p2a: Omastar
|-damage|p2a: Omastar|0 fnt
|faint|p2a: Omastar
|
|-weather|none
|
|switch|p2a: Talonflame|Talonflame, F|297\/297
|turn|10
|
|switch|p1a: HugoTheGenie|Landorus, M|319\/319
|move|p2a: Talonflame|Brave Bird|p1a: HugoTheGenie
|-damage|p1a: HugoTheGenie|21\/319
|-damage|p2a: Talonflame|199\/297|[from] recoil|[of] p1a: HugoTheGenie
|
|turn|11
|
|move|p2a: Talonflame|Brave Bird|p1a: HugoTheGenie
|-damage|p1a: HugoTheGenie|0 fnt
|-damage|p2a: Talonflame|192\/297|[from] recoil|[of] p1a: HugoTheGenie
|faint|p1a: HugoTheGenie
|
|
|switch|p1a: JoeyStrngJaws|Scizor, F|170\/335
|turn|12
|
|detailschange|p1a: JoeyStrngJaws|Scizor-Mega, F
|message|Scizor has Mega Evolved into Mega Scizor!
|move|p2a: Talonflame|Brave Bird|p1a: JoeyStrngJaws
|-damage|p1a: JoeyStrngJaws|0 fnt
|-damage|p2a: Talonflame|136\/297|[from] recoil|[of] p1a: JoeyStrngJaws
|faint|p1a: JoeyStrngJaws
|
|
|switch|p1a: Blunder'sDad|Thundurus, M|298\/298
|turn|13
|
|switch|p2a: Politoed|Politoed, M|384\/384
|-weather|RainDance
|move|p1a: Blunder'sDad|Thunderbolt|p2a: Politoed
|-supereffective|p2a: Politoed
|-damage|p2a: Politoed|82\/384
|
|-weather|RainDance|[upkeep]
|turn|14
|
|move|p1a: Blunder'sDad|Thunderbolt|p2a: Politoed
|-supereffective|p2a: Politoed
|-damage|p2a: Politoed|0 fnt
|faint|p2a: Politoed
|
|-weather|RainDance|[upkeep]
|
|switch|p2a: Kingdra|Kingdra, M|179\/291
|turn|15
|
|move|p1a: Blunder'sDad|Thunder Wave|p2a: Kingdra
|-status|p2a: Kingdra|par
|move|p2a: Kingdra|Surf|p1a: Blunder'sDad
|-damage|p1a: Blunder'sDad|0 fnt
|faint|p1a: Blunder'sDad
|
|-weather|RainDance|[upkeep]
|-message|belgrade forfeited.
|
|win|Sweep
|raw|Ladder updating...
|leave|belgrade
|player|p1
|raw|belgrade's rating: 1746 &rarr; <strong>1727<\/strong><br \/>(-19 for losing)
|raw|Sweep's rating: 1763 &rarr; <strong>1782<\/strong><br \/>(+19 for winning)