|join|3DS
|join|belgrade
|player|p1|3DS|1
|player|p2|belgrade|214
|gametype|singles
|gen|6
|tier|OU
|rated
|clearpoke
|poke|p1|Tornadus-Therian, M
|poke|p1|Bisharp, M
|poke|p1|Medicham, M
|poke|p1|Greninja, F
|poke|p1|Zoroark, F
|poke|p1|Archeops, M
|poke|p2|Heracross, F
|poke|p2|Tyranitar, F
|poke|p2|Garchomp, F
|poke|p2|Gyarados, F
|poke|p2|Scizor, F
|poke|p2|Alakazam, F
|rule|Swagger Clause: Swagger is banned
|rule|Baton Pass Clause: Limit one Pokémon knowing Baton Pass
|rule|Sleep Clause Mod: Limit one foe put to sleep
|rule|Species Clause: Limit one of each Pokémon
|rule|OHKO Clause: OHKO moves are banned
|rule|Moody Clause: Moody is banned
|rule|Evasion Moves Clause: Evasion moves are banned
|rule|Endless Battle Clause: Forcing endless battles is banned
|rule|HP Percentage Mod: HP is shown in percentages
|teampreview
|
|start
|switch|p1a: Archeops|Archeops, M|291\/291
|switch|p2a: Gyarados|Gyarados, F|393\/393
|-ability|p2a: Gyarados|Intimidate|[of] p1a: Archeops
|-unboost|p1a: Archeops|atk|1
|turn|1
|
|move|p1a: Archeops|Stealth Rock|p2a: Gyarados
|-sidestart|p2: belgrade|move: Stealth Rock
|move|p2a: Gyarados|Waterfall|p1a: Archeops
|-supereffective|p1a: Archeops
|-enditem|p1a: Archeops|Focus Sash
|-damage|p1a: Archeops|1\/291
|
|turn|2
|
|switch|p2a: Scizor|Scizor, F|343\/343
|-damage|p2a: Scizor|301\/343|[from] Stealth Rock
|move|p1a: Archeops|Endeavor|p2a: Scizor
|-damage|p2a: Scizor|1\/343
|
|turn|3
|
|detailschange|p2a: Scizor|Scizor-Mega, F
|message|Scizor has Mega Evolved into Mega Scizor!
|move|p2a: Scizor|Bullet Punch|p1a: Archeops
|-supereffective|p1a: Archeops
|-damage|p1a: Archeops|0 fnt
|faint|p1a: Archeops
|
|
|switch|p1a: Medicham|Medicham, M|261\/261
|turn|4
|
|detailschange|p1a: Medicham|Medicham-Mega, M
|message|Medicham has Mega Evolved into Mega Medicham!
|move|p1a: Medicham|Fake Out|p2a: Scizor
|-resisted|p2a: Scizor
|-damage|p2a: Scizor|0 fnt
|faint|p2a: Scizor
|
|
|switch|p2a: Alakazam|Alakazam, F|252\/252
|turn|5
|
|switch|p1a: Greninja|Greninja, F|261\/261
|move|p2a: Alakazam|Psyshock|p1a: Greninja
|-immune|p1a: Greninja|[msg]
|
|turn|6
|
|move|p1a: Greninja|Knock Off|p2a: Alakazam
|-crit|p2a: Alakazam
|-supereffective|p2a: Alakazam
|-enditem|p2a: Alakazam|Focus Sash
|-damage|p2a: Alakazam|1\/252
|move|p2a: Alakazam|Focus Blast|p1a: Greninja
|-supereffective|p1a: Greninja
|replace|p1a: Zoroark|Zoroark, F|261\/261
|-damage|p1a: Zoroark|0 fnt
|faint|p1a: Zoroark
|
|
|switch|p1a: Medicham|Medicham-Mega, M|261\/261
|turn|7
|
|switch|p2a: Garchomp|Garchomp, F|383\/383
|-damage|p2a: Garchomp|360\/383|[from] Stealth Rock
|move|p1a: Medicham|Fake Out|p2a: Garchomp
|-damage|p2a: Garchomp|265\/383
|-damage|p1a: Medicham|229\/261|[from] ability: Rough Skin|[of] p2a: Garchomp
|
|turn|8
|
|switch|p1a: Bisharp|Bisharp, M|271\/271
|move|p2a: Garchomp|Earthquake|p1a: Bisharp
|-supereffective|p1a: Bisharp
|-damage|p1a: Bisharp|0 fnt
|faint|p1a: Bisharp
|
|
|switch|p1a: Tornadus-Therian|Tornadus-Therian, M|323\/323
|turn|9
|
|move|p1a: Tornadus-Therian|Air Slash|p2a: Garchomp
|-damage|p2a: Garchomp|141\/383
|move|p2a: Garchomp|Dragon Claw|p1a: Tornadus-Therian
|-damage|p1a: Tornadus-Therian|163\/323
|
|turn|10
|
|move|p1a: Tornadus-Therian|Air Slash|p2a: Garchomp
|-damage|p2a: Garchomp|17\/383
|move|p2a: Garchomp|Dragon Claw|p1a: Tornadus-Therian
|-damage|p1a: Tornadus-Therian|3\/323
|
|turn|11
|
|move|p1a: Tornadus-Therian|Air Slash|p2a: Garchomp
|-damage|p2a: Garchomp|0 fnt
|faint|p2a: Garchomp
|
|
|switch|p2a: Heracross|Heracross, F|302\/302
|-damage|p2a: Heracross|265\/302|[from] Stealth Rock
|turn|12
|
|move|p2a: Heracross|Megahorn|p1a: Tornadus-Therian
|-resisted|p1a: Tornadus-Therian
|-damage|p1a: Tornadus-Therian|0 fnt
|faint|p1a: Tornadus-Therian
|
|
|switch|p1a: Medicham|Medicham-Mega, M|229\/261
|turn|13
|
|switch|p2a: Tyranitar|Tyranitar, F|404\/404
|-damage|p2a: Tyranitar|354\/404|[from] Stealth Rock
|-weather|Sandstorm
|move|p1a: Medicham|Fake Out|p2a: Tyranitar
|-resisted|p2a: Tyranitar
|-damage|p2a: Tyranitar|317\/404
|
|-weather|Sandstorm|[upkeep]
|-damage|p1a: Medicham|213\/261|[from] sandstorm
|turn|14
|
|move|p1a: Medicham|High Jump Kick|p2a: Tyranitar
|-supereffective|p2a: Tyranitar
|-damage|p2a: Tyranitar|0 fnt
|faint|p2a: Tyranitar
|
|-weather|Sandstorm|[upkeep]
|-damage|p1a: Medicham|197\/261|[from] sandstorm
|
|switch|p2a: Alakazam|Alakazam, F|1\/252
|turn|15
|
|move|p1a: Medicham|Bullet Punch|p2a: Alakazam
|-damage|p2a: Alakazam|0 fnt
|faint|p2a: Alakazam
|
|-weather|Sandstorm|[upkeep]
|-damage|p1a: Medicham|181\/261|[from] sandstorm
|
|switch|p2a: Heracross|Heracross, F|265\/302
|-damage|p2a: Heracross|228\/302|[from] Stealth Rock
|turn|16
|
|switch|p1a: Greninja|Greninja, F|285\/285
|move|p2a: Heracross|Megahorn|p1a: Greninja
|-supereffective|p1a: Greninja
|-damage|p1a: Greninja|0 fnt
|faint|p1a: Greninja
|
|-weather|Sandstorm|[upkeep]
|-damage|p2a: Heracross|210\/302|[from] sandstorm
|
|switch|p1a: Medicham|Medicham-Mega, M|181\/261
|turn|17
|
|switch|p2a: Gyarados|Gyarados, F|393\/393
|-damage|p2a: Gyarados|295\/393|[from] Stealth Rock
|-ability|p2a: Gyarados|Intimidate|[of] p1a: Medicham
|-unboost|p1a: Medicham|atk|1
|move|p1a: Medicham|Fake Out|p2a: Gyarados
|-damage|p2a: Gyarados|231\/393
|
|-weather|none
|-heal|p2a: Gyarados|255\/393|[from] item: Leftovers
|turn|18
|
|move|p1a: Medicham|Zen Headbutt|p2a: Gyarados
|-damage|p2a: Gyarados|77\/393
|move|p2a: Gyarados|Waterfall|p1a: Medicham
|-damage|p1a: Medicham|43\/261
|
|-heal|p2a: Gyarados|101\/393|[from] item: Leftovers
|turn|19
|
|move|p1a: Medicham|Zen Headbutt|p2a: Gyarados
|-damage|p2a: Gyarados|0 fnt
|faint|p2a: Gyarados
|
|
|switch|p2a: Heracross|Heracross, F|210\/302
|-damage|p2a: Heracross|173\/302|[from] Stealth Rock
|turn|20
|
|move|p1a: Medicham|Bullet Punch|p2a: Heracross
|-damage|p2a: Heracross|98\/302
|move|p2a: Heracross|Close Combat|p1a: Medicham
|-resisted|p1a: Medicham
|-damage|p1a: Medicham|0 fnt
|-unboost|p2a: Heracross|def|1
|-unboost|p2a: Heracross|spd|1
|faint|p1a: Medicham
|
|win|belgrade
|raw|Ladder updating...
|raw|3DS's rating: 1657 &rarr; <strong>1640<\/strong><br \/>(-17 for losing)
|raw|belgrade's rating: 1694 &rarr; <strong>1712<\/strong><br \/>(+18 for winning)
|leave|belgrade
|player|p2