|join|Minimo98
|join|pipas13
|player|p1|Minimo98|153
|player|p2|pipas13|193
|gametype|singles
|gen|6
|tier|UU
|rated
|rule|Sleep Clause Mod: Limit one foe put to sleep
|rule|Species Clause: Limit one of each Pokémon
|rule|OHKO Clause: OHKO moves are banned
|rule|Moody Clause: Moody is banned
|rule|Evasion Moves Clause: Evasion moves are banned
|rule|Endless Battle Clause: Forcing endless battles is banned
|rule|HP Percentage Mod: HP is shown in percentages
|clearpoke
|poke|p1|Darmanitan, F
|poke|p1|Florges, F, shiny
|poke|p1|Galvantula, F
|poke|p1|Jirachi
|poke|p1|Donphan, F
|poke|p1|Pidgeot, F, shiny
|poke|p2|Jirachi
|poke|p2|Pidgeot, M
|poke|p2|Snorlax, M
|poke|p2|Mienshao, F
|poke|p2|Krookodile, F
|poke|p2|Starmie
|rule|Swagger Clause: Swagger is banned
|rule|Baton Pass Clause: Limit one Pokémon knowing Baton Pass
|teampreview
|
|start
|switch|p1a: Galvantula|Galvantula, F|281\/281
|switch|p2a: Mienshao|Mienshao, F|271\/271
|turn|1
|
|move|p2a: Mienshao|High Jump Kick|p1a: Galvantula
|-resisted|p1a: Galvantula
|-damage|p1a: Galvantula|62\/281
|move|p1a: Galvantula|Sticky Web|p2a: Mienshao
|-sidestart|p2: pipas13|move: Sticky Web
|
|turn|2
|
|switch|p1a: Florges|Florges, F, shiny|360\/360
|move|p2a: Mienshao|High Jump Kick|p1a: Florges
|-resisted|p1a: Florges
|-damage|p1a: Florges|160\/360
|
|-heal|p1a: Florges|182\/360|[from] item: Leftovers
|turn|3
|
|switch|p2a: Jirachi|Jirachi|404\/404
|-activate|p2a: Jirachi|move: Sticky Web
|-unboost|p2a: Jirachi|spe|1
|move|p1a: Florges|Protect|p1a: Florges
|-fail|p1a: Florges
|
|-heal|p1a: Florges|204\/360|[from] item: Leftovers
|turn|4
|
|move|p1a: Florges|Protect|p1a: Florges
|-singleturn|p1a: Florges|Protect
|move|p2a: Jirachi|Substitute|p2a: Jirachi
|-start|p2a: Jirachi|Substitute
|-damage|p2a: Jirachi|303\/404
|
|-heal|p2a: Jirachi|328\/404|[from] item: Leftovers
|-heal|p1a: Florges|226\/360|[from] item: Leftovers
|turn|5
|
|switch|p1a: Darmanitan|Darmanitan, F|352\/352
|move|p2a: Jirachi|Toxic|p1a: Darmanitan
|-status|p1a: Darmanitan|tox
|
|-heal|p2a: Jirachi|353\/404|[from] item: Leftovers
|-damage|p1a: Darmanitan|330\/352 tox|[from] psn
|turn|6
|
|move|p1a: Darmanitan|Earthquake|p2a: Jirachi
|-supereffective|p2a: Jirachi
|-end|p2a: Jirachi|Substitute
|move|p2a: Jirachi|Iron Head|p1a: Darmanitan
|-resisted|p1a: Darmanitan
|-damage|p1a: Darmanitan|254\/352 tox
|
|-heal|p2a: Jirachi|378\/404|[from] item: Leftovers
|-damage|p1a: Darmanitan|210\/352 tox|[from] psn
|turn|7
|
|switch|p2a: Pidgeot|Pidgeot, M|307\/307
|move|p1a: Darmanitan|Earthquake|p2a: Pidgeot
|-immune|p2a: Pidgeot|[msg]
|
|-damage|p1a: Darmanitan|144\/352 tox|[from] psn
|turn|8
|
|switch|p1a: Galvantula|Galvantula, F|62\/281
|detailschange|p2a: Pidgeot|Pidgeot-Mega, M
|-mega|p2a: Pidgeot|Pidgeot|Pidgeotite
|move|p2a: Pidgeot|U-turn|p1a: Galvantula
|-damage|p1a: Galvantula|0 fnt
|faint|p1a: Galvantula
|
|switch|p2a: Mienshao|Mienshao, F|271\/271
|-activate|p2a: Mienshao|move: Sticky Web
|-unboost|p2a: Mienshao|spe|1
|
|
|switch|p1a: Jirachi|Jirachi|342\/342
|turn|9
|
|move|p1a: Jirachi|U-turn|p2a: Mienshao
|-resisted|p2a: Mienshao
|-damage|p2a: Mienshao|217\/271
|
|switch|p1a: Donphan|Donphan, F|384\/384
|move|p2a: Mienshao|Knock Off|p1a: Donphan
|-crit|p1a: Donphan
|-damage|p1a: Donphan|271\/384
|-enditem|p1a: Donphan|Leftovers|[from] move: Knock Off|[of] p2a: Mienshao
|
|turn|10
|
|switch|p2a: Starmie|Starmie|323\/323
|-activate|p2a: Starmie|move: Sticky Web
|-unboost|p2a: Starmie|spe|1
|move|p1a: Donphan|Stealth Rock|p2a: Starmie
|-sidestart|p2: pipas13|move: Stealth Rock
|
|turn|11
|
|switch|p1a: Darmanitan|Darmanitan, F|144\/352 tox
|move|p2a: Starmie|Rapid Spin|p1a: Darmanitan
|-damage|p1a: Darmanitan|124\/352 tox
|-sideend|p2: pipas13|Stealth Rock|[from] move: Rapid Spin|[of] p2a: Starmie
|-sideend|p2: pipas13|Sticky Web|[from] move: Rapid Spin|[of] p2a: Starmie
|
|-damage|p1a: Darmanitan|102\/352 tox|[from] psn
|turn|12
|
|move|p1a: Darmanitan|U-turn|p2a: Starmie
|-supereffective|p2a: Starmie
|-damage|p2a: Starmie|27\/323
|
|switch|p1a: Pidgeot|Pidgeot, F, shiny|308\/308
|move|p2a: Starmie|Recover|p2a: Starmie
|-heal|p2a: Starmie|189\/323
|
|-heal|p2a: Starmie|209\/323|[from] item: Leftovers
|turn|13
|
|switch|p2a: Snorlax|Snorlax, M|513\/513
|detailschange|p1a: Pidgeot|Pidgeot-Mega, F, shiny
|-mega|p1a: Pidgeot|Pidgeot|Pidgeotite
|move|p1a: Pidgeot|Hurricane|p2a: Snorlax
|-damage|p2a: Snorlax|348\/513
|
|-heal|p2a: Snorlax|380\/513|[from] item: Leftovers
|turn|14
|
|move|p1a: Pidgeot|U-turn|p2a: Snorlax
|-damage|p2a: Snorlax|326\/513
|
|switch|p1a: Jirachi|Jirachi|342\/342
|move|p2a: Snorlax|Body Slam|p1a: Jirachi
|-resisted|p1a: Jirachi
|-damage|p1a: Jirachi|291\/342
|
|-heal|p2a: Snorlax|358\/513|[from] item: Leftovers
|turn|15
|
|switch|p2a: Krookodile|Krookodile, F|331\/331
|-ability|p2a: Krookodile|Intimidate|[of] p1a: Jirachi
|-unboost|p1a: Jirachi|atk|1
|move|p1a: Jirachi|Iron Head|p2a: Krookodile
|-damage|p2a: Krookodile|231\/331
|
|turn|16
|
|move|p1a: Jirachi|Iron Head|p2a: Krookodile
|-damage|p2a: Krookodile|143\/331
|move|p2a: Krookodile|Stealth Rock|p1a: Jirachi
|-sidestart|p1: Minimo98|move: Stealth Rock
|
|turn|17
|
|switch|p2a: Starmie|Starmie|209\/323
|move|p1a: Jirachi|Iron Head|p2a: Starmie
|-resisted|p2a: Starmie
|-damage|p2a: Starmie|164\/323
|
|-heal|p2a: Starmie|184\/323|[from] item: Leftovers
|turn|18
|
|switch|p1a: Florges|Florges, F, shiny|226\/360
|-damage|p1a: Florges|181\/360|[from] Stealth Rock
|move|p2a: Starmie|Scald|p1a: Florges
|-damage|p1a: Florges|133\/360
|
|-heal|p2a: Starmie|204\/323|[from] item: Leftovers
|-heal|p1a: Florges|155\/360|[from] item: Leftovers
|turn|19
|
|switch|p2a: Jirachi|Jirachi|378\/404
|move|p1a: Florges|Moonblast|p2a: Jirachi
|-resisted|p2a: Jirachi
|-damage|p2a: Jirachi|314\/404
|
|-heal|p2a: Jirachi|339\/404|[from] item: Leftovers
|-heal|p1a: Florges|177\/360|[from] item: Leftovers
|turn|20
|
|switch|p1a: Donphan|Donphan, F|271\/384
|-damage|p1a: Donphan|247\/384|[from] Stealth Rock
|move|p2a: Jirachi|Substitute|p2a: Jirachi
|-start|p2a: Jirachi|Substitute
|-damage|p2a: Jirachi|238\/404
|
|-heal|p2a: Jirachi|263\/404|[from] item: Leftovers
|turn|21
|
|move|p2a: Jirachi|Toxic|p1a: Donphan
|-status|p1a: Donphan|tox
|move|p1a: Donphan|Earthquake|p2a: Jirachi
|-supereffective|p2a: Jirachi
|-end|p2a: Jirachi|Substitute
|
|-heal|p2a: Jirachi|288\/404|[from] item: Leftovers
|-damage|p1a: Donphan|223\/384 tox|[from] psn
|turn|22
|
|move|p2a: Jirachi|Substitute|p2a: Jirachi
|-start|p2a: Jirachi|Substitute
|-damage|p2a: Jirachi|187\/404
|move|p1a: Donphan|Rapid Spin|p2a: Jirachi
|-resisted|p2a: Jirachi
|-activate|p2a: Jirachi|Substitute|[damage]
|-sideend|p1: Minimo98|Stealth Rock|[from] move: Rapid Spin|[of] p1a: Donphan
|
|-heal|p2a: Jirachi|212\/404|[from] item: Leftovers
|-damage|p1a: Donphan|175\/384 tox|[from] psn
|turn|23
|
|move|p2a: Jirachi|Iron Head|p1a: Donphan
|-damage|p1a: Donphan|117\/384 tox
|move|p1a: Donphan|Earthquake|p2a: Jirachi
|-supereffective|p2a: Jirachi
|-end|p2a: Jirachi|Substitute
|
|-heal|p2a: Jirachi|237\/404|[from] item: Leftovers
|-damage|p1a: Donphan|45\/384 tox|[from] psn
|turn|24
|
|move|p2a: Jirachi|Iron Head|p1a: Donphan
|-damage|p1a: Donphan|0 fnt
|faint|p1a: Donphan
|
|-heal|p2a: Jirachi|262\/404|[from] item: Leftovers
|
|switch|p1a: Darmanitan|Darmanitan, F|102\/352 tox
|turn|25
|
|switch|p2a: Starmie|Starmie|204\/323
|move|p1a: Darmanitan|Flare Blitz|p2a: Starmie
|-resisted|p2a: Starmie
|-damage|p2a: Starmie|0 fnt
|-damage|p1a: Darmanitan|35\/352 tox|[from] recoil|[of] p2a: Starmie
|faint|p2a: Starmie
|
|-damage|p1a: Darmanitan|13\/352 tox|[from] psn
|
|switch|p2a: Mienshao|Mienshao, F|217\/271
|turn|26
|
|move|p2a: Mienshao|U-turn|p1a: Darmanitan
|-resisted|p1a: Darmanitan
|-damage|p1a: Darmanitan|0 fnt
|faint|p1a: Darmanitan
|
|switch|p2a: Jirachi|Jirachi|262\/404
|
|-heal|p2a: Jirachi|287\/404|[from] item: Leftovers
|
|switch|p1a: Pidgeot|Pidgeot-Mega, F, shiny|308\/308
|turn|27
|
|move|p1a: Pidgeot|U-turn|p2a: Jirachi
|-damage|p2a: Jirachi|244\/404
|
|switch|p1a: Florges|Florges, F, shiny|177\/360
|move|p2a: Jirachi|Toxic|p1a: Florges
|-status|p1a: Florges|tox
|
|-heal|p2a: Jirachi|269\/404|[from] item: Leftovers
|-heal|p1a: Florges|199\/360 tox|[from] item: Leftovers
|-damage|p1a: Florges|177\/360 tox|[from] psn
|turn|28
|
|switch|p1a: Pidgeot|Pidgeot-Mega, F, shiny|308\/308
|move|p2a: Jirachi|Substitute|p2a: Jirachi
|-start|p2a: Jirachi|Substitute
|-damage|p2a: Jirachi|168\/404
|
|-heal|p2a: Jirachi|193\/404|[from] item: Leftovers
|turn|29
|
|move|p1a: Pidgeot|Heat Wave|p2a: Jirachi
|-supereffective|p2a: Jirachi
|-end|p2a: Jirachi|Substitute
|move|p2a: Jirachi|Iron Head|p1a: Pidgeot
|-damage|p1a: Pidgeot|191\/308
|
|-heal|p2a: Jirachi|218\/404|[from] item: Leftovers
|turn|30
|
|move|p1a: Pidgeot|Heat Wave|p2a: Jirachi
|-supereffective|p2a: Jirachi
|-damage|p2a: Jirachi|0 fnt
|faint|p2a: Jirachi
|
|
|switch|p2a: Mienshao|Mienshao, F|217\/271
|turn|31
|
|switch|p1a: Florges|Florges, F, shiny|177\/360 tox
|move|p2a: Mienshao|High Jump Kick|p1a: Florges
|-resisted|p1a: Florges
|-damage|p1a: Florges|0 fnt
|faint|p1a: Florges
|
|
|switch|p1a: Jirachi|Jirachi|291\/342
|turn|32
|
|switch|p2a: Krookodile|Krookodile, F|143\/331
|-ability|p2a: Krookodile|Intimidate|[of] p1a: Jirachi
|-unboost|p1a: Jirachi|atk|1
|move|p1a: Jirachi|Iron Head|p2a: Krookodile
|-damage|p2a: Krookodile|38\/331
|
|turn|33
|
|move|p1a: Jirachi|Iron Head|p2a: Krookodile
|-damage|p2a: Krookodile|0 fnt
|faint|p2a: Krookodile
|
|
|switch|p2a: Snorlax|Snorlax, M|358\/513
|turn|34
|
|move|p1a: Jirachi|Iron Head|p2a: Snorlax
|-damage|p2a: Snorlax|262\/513
|move|p2a: Snorlax|Curse|p2a: Snorlax
|-boost|p2a: Snorlax|atk|1
|-boost|p2a: Snorlax|def|1
|-unboost|p2a: Snorlax|spe|1
|
|-heal|p2a: Snorlax|294\/513|[from] item: Leftovers
|turn|35
|
|move|p1a: Jirachi|Iron Head|p2a: Snorlax
|-damage|p2a: Snorlax|233\/513
|move|p2a: Snorlax|Rest|p2a: Snorlax
|-status|p2a: Snorlax|slp
|-heal|p2a: Snorlax|513\/513 slp|[silent]
|-status|p2a: Snorlax|slp|[from] move: Rest
|
|turn|36
|
|switch|p1a: Pidgeot|Pidgeot-Mega, F, shiny|191\/308
|cant|p2a: Snorlax|slp
|move|p2a: Snorlax|Sleep Talk|p2a: Snorlax
|move|p2a: Snorlax|Rest|p2a: Snorlax|[from]Sleep Talk
|-fail|p2a: Snorlax
|
|turn|37
|
|move|p1a: Pidgeot|Hurricane|p2a: Snorlax
|-damage|p2a: Snorlax|357\/513 slp
|cant|p2a: Snorlax|slp
|move|p2a: Snorlax|Sleep Talk|p2a: Snorlax
|move|p2a: Snorlax|Rest|p2a: Snorlax|[from]Sleep Talk
|-fail|p2a: Snorlax
|
|-heal|p2a: Snorlax|389\/513 slp|[from] item: Leftovers
|turn|38
|
|move|p1a: Pidgeot|Hurricane|p2a: Snorlax
|-damage|p2a: Snorlax|232\/513 slp
|-curestatus|p2a: Snorlax|slp
|move|p2a: Snorlax|Body Slam|p1a: Pidgeot
|-damage|p1a: Pidgeot|0 fnt
|faint|p1a: Pidgeot
|
|-heal|p2a: Snorlax|264\/513|[from] item: Leftovers
|
|switch|p1a: Jirachi|Jirachi|291\/342
|turn|39
|
|move|p1a: Jirachi|Iron Head|p2a: Snorlax
|-damage|p2a: Snorlax|170\/513
|cant|p2a: Snorlax|flinch
|
|-heal|p2a: Snorlax|202\/513|[from] item: Leftovers
|turn|40
|
|move|p1a: Jirachi|Iron Head|p2a: Snorlax
|-damage|p2a: Snorlax|111\/513
|cant|p2a: Snorlax|flinch
|
|-heal|p2a: Snorlax|143\/513|[from] item: Leftovers
|turn|41
|
|move|p1a: Jirachi|Iron Head|p2a: Snorlax
|-damage|p2a: Snorlax|43\/513
|cant|p2a: Snorlax|flinch
|
|-heal|p2a: Snorlax|75\/513|[from] item: Leftovers
|turn|42
|
|move|p1a: Jirachi|Iron Head|p2a: Snorlax
|-damage|p2a: Snorlax|0 fnt
|faint|p2a: Snorlax
|
|
|switch|p2a: Mienshao|Mienshao, F|217\/271
|turn|43
|
|move|p2a: Mienshao|U-turn|p1a: Jirachi
|-damage|p1a: Jirachi|213\/342
|c|★pipas13|gg
|
|switch|p2a: Pidgeot|Pidgeot-Mega, M|307\/307
|move|p1a: Jirachi|Iron Head|p2a: Pidgeot
|-damage|p2a: Pidgeot|157\/307
|
|turn|44
|c|★Minimo98|yeah you're mienshao outspeeds its your game haha
|
|move|p1a: Jirachi|Iron Head|p2a: Pidgeot
|-damage|p2a: Pidgeot|6\/307
|move|p2a: Pidgeot|Heat Wave|p1a: Jirachi
|-supereffective|p1a: Jirachi
|-damage|p1a: Jirachi|0 fnt
|faint|p1a: Jirachi
|
|win|pipas13
|raw|Ladder updating...
|raw|Minimo98's rating: 1297 &rarr; <strong>1264<\/strong><br \/>(-33 for losing)
|raw|pipas13's rating: 1177 &rarr; <strong>1210<\/strong><br \/>(+33 for winning)
|c|★Minimo98|gg