|join|Tom's Uncle
|join|afdcvx
|player|p1|Tom's Uncle|2
|player|p2|afdcvx|114
|gametype|singles
|gen|6
|tier|UU
|rated
|rule|Sleep Clause Mod: Limit one foe put to sleep
|rule|Species Clause: Limit one of each Pokémon
|rule|OHKO Clause: OHKO moves are banned
|rule|Moody Clause: Moody is banned
|rule|Evasion Moves Clause: Evasion moves are banned
|rule|Endless Battle Clause: Forcing endless battles is banned
|rule|HP Percentage Mod: HP is shown in percentages
|clearpoke
|poke|p1|Sceptile, F
|poke|p1|Empoleon, M
|poke|p1|Swampert, F
|poke|p1|Crobat, M
|poke|p1|Jirachi, shiny
|poke|p1|Mienshao, M
|poke|p2|Crobat, M
|poke|p2|Swampert, F
|poke|p2|Gallade, M
|poke|p2|Raikou, shiny
|poke|p2|Haxorus, F, shiny
|poke|p2|Forretress, F
|rule|Swagger Clause: Swagger is banned
|rule|Baton Pass Clause: Limit one Pokémon knowing Baton Pass
|teampreview
|
|start
|switch|p1a: Jirachi|Jirachi, shiny|403\/403
|switch|p2a: Raikou|Raikou, shiny|321\/321
|-ability|p2a: Raikou|Pressure
|turn|1
|
|move|p2a: Raikou|Volt Switch|p1a: Jirachi
|-damage|p1a: Jirachi|280\/403
|
|switch|p2a: Crobat|Crobat, M|336\/336
|move|p1a: Jirachi|Psyshock|p2a: Crobat
|-supereffective|p2a: Crobat
|-damage|p2a: Crobat|126\/336
|
|-heal|p2a: Crobat|147\/336|[from] item: Black Sludge
|-heal|p1a: Jirachi|305\/403|[from] item: Leftovers
|turn|2
|
|move|p2a: Crobat|U-turn|p1a: Jirachi
|-damage|p1a: Jirachi|245\/403
|
|switch|p2a: Forretress|Forretress, F|354\/354
|move|p1a: Jirachi|Psyshock|p2a: Forretress
|-resisted|p2a: Forretress
|-damage|p2a: Forretress|321\/354
|
|-heal|p1a: Jirachi|270\/403|[from] item: Leftovers
|-heal|p2a: Forretress|343\/354|[from] item: Leftovers
|turn|3
|
|move|p1a: Jirachi|Substitute|p1a: Jirachi
|-start|p1a: Jirachi|Substitute
|-damage|p1a: Jirachi|170\/403
|move|p2a: Forretress|Volt Switch|p1a: Jirachi
|-activate|p1a: Jirachi|Substitute|[damage]
|
|switch|p2a: Swampert|Swampert, F|404\/404
|
|-heal|p1a: Jirachi|195\/403|[from] item: Leftovers
|turn|4
|
|switch|p1a: Sceptile|Sceptile, F|281\/281
|move|p2a: Swampert|Stealth Rock|p1a: Sceptile
|-sidestart|p1: Tom's Uncle|move: Stealth Rock
|
|turn|5
|
|switch|p2a: Forretress|Forretress, F|343\/354
|detailschange|p1a: Sceptile|Sceptile-Mega, F
|message|Sceptile has Mega Evolved into Mega Sceptile!
|move|p1a: Sceptile|Dragon Pulse|p2a: Forretress
|-resisted|p2a: Forretress
|-damage|p2a: Forretress|263\/354
|
|-heal|p2a: Forretress|285\/354|[from] item: Leftovers
|turn|6
|
|switch|p1a: Swampert|Swampert, F|401\/401
|-damage|p1a: Swampert|376\/401|[from] Stealth Rock
|switch|p2a: Raikou|Raikou, shiny|321\/321
|-ability|p2a: Raikou|Pressure
|
|-heal|p1a: Swampert|401\/401|[from] item: Leftovers
|turn|7
|
|switch|p2a: Crobat|Crobat, M|147\/336
|move|p1a: Swampert|Earthquake|p2a: Crobat
|-immune|p2a: Crobat|[msg]
|
|-heal|p2a: Crobat|168\/336|[from] item: Black Sludge
|turn|8
|
|move|p2a: Crobat|Toxic|p1a: Swampert
|-status|p1a: Swampert|tox
|move|p1a: Swampert|Earthquake|p2a: Crobat
|-immune|p2a: Crobat|[msg]
|
|-heal|p2a: Crobat|189\/336|[from] item: Black Sludge
|-damage|p1a: Swampert|376\/401 tox|[from] psn
|turn|9
|
|move|p2a: Crobat|U-turn|p1a: Swampert
|-damage|p1a: Swampert|331\/401 tox
|
|switch|p2a: Forretress|Forretress, F|285\/354
|move|p1a: Swampert|Scald|p2a: Forretress
|-damage|p2a: Forretress|195\/354
|
|-heal|p1a: Swampert|356\/401 tox|[from] item: Leftovers
|-heal|p2a: Forretress|217\/354|[from] item: Leftovers
|-damage|p1a: Swampert|306\/401 tox|[from] psn
|turn|10
|
|switch|p1a: Lukewarm|Empoleon, M|371\/371
|-damage|p1a: Lukewarm|348\/371|[from] Stealth Rock
|move|p2a: Forretress|Spikes|p1a: Lukewarm
|-sidestart|p1: Tom's Uncle|Spikes
|
|-heal|p1a: Lukewarm|371\/371|[from] item: Leftovers
|-heal|p2a: Forretress|239\/354|[from] item: Leftovers
|turn|11
|
|move|p1a: Lukewarm|Protect|p1a: Lukewarm
|-singleturn|p1a: Lukewarm|Protect
|move|p2a: Forretress|Volt Switch|p1a: Lukewarm
|-activate|p1a: Lukewarm|Protect
|
|-heal|p2a: Forretress|261\/354|[from] item: Leftovers
|turn|12
|
|move|p1a: Lukewarm|Defog|p2a: Forretress
|-unboost|p2a: Forretress|evasion|1
|-sideend|p1: Tom's Uncle|Spikes|[from] move: Defog|[of] p1a: Lukewarm
|-sideend|p1: Tom's Uncle|Stealth Rock|[from] move: Defog|[of] p1a: Lukewarm
|move|p2a: Forretress|Volt Switch|p1a: Lukewarm
|-supereffective|p1a: Lukewarm
|-damage|p1a: Lukewarm|313\/371
|
|switch|p2a: Gallade|Gallade, M|340\/340
|
|-heal|p1a: Lukewarm|336\/371|[from] item: Leftovers
|turn|13
|
|switch|p1a: Swampert|Swampert, F|306\/401 tox
|detailschange|p2a: Gallade|Gallade-Mega, M
|message|Gallade has Mega Evolved into Mega Gallade!
|move|p2a: Gallade|Psycho Cut|p1a: Swampert
|-damage|p1a: Swampert|197\/401 tox
|
|-heal|p1a: Swampert|222\/401 tox|[from] item: Leftovers
|-damage|p1a: Swampert|197\/401 tox|[from] psn
|turn|14
|
|move|p2a: Gallade|Bulk Up|p2a: Gallade
|-boost|p2a: Gallade|atk|1
|-boost|p2a: Gallade|def|1
|move|p1a: Swampert|Stealth Rock|p2a: Gallade
|-sidestart|p2: afdcvx|move: Stealth Rock
|
|-heal|p1a: Swampert|222\/401 tox|[from] item: Leftovers
|-damage|p1a: Swampert|172\/401 tox|[from] psn
|turn|15
|
|move|p2a: Gallade|Substitute|p2a: Gallade
|-start|p2a: Gallade|Substitute
|-damage|p2a: Gallade|255\/340
|move|p1a: Swampert|Roar|p2a: Gallade
|drag|p2a: Swampert|Swampert, F|404\/404
|-damage|p2a: Swampert|379\/404|[from] Stealth Rock
|
|-heal|p2a: Swampert|404\/404|[from] item: Leftovers
|-heal|p1a: Swampert|197\/401 tox|[from] item: Leftovers
|-damage|p1a: Swampert|122\/401 tox|[from] psn
|turn|16
|
|move|p2a: Swampert|Scald|p1a: Swampert
|-crit|p1a: Swampert
|-damage|p1a: Swampert|0 fnt
|faint|p1a: Swampert
|
|
|switch|p1a: Sceptile|Sceptile-Mega, F|281\/281
|turn|17
|
|switch|p2a: Forretress|Forretress, F|261\/354
|-damage|p2a: Forretress|217\/354|[from] Stealth Rock
|move|p1a: Sceptile|Dragon Pulse|p2a: Forretress
|-resisted|p2a: Forretress
|-damage|p2a: Forretress|124\/354
|
|-heal|p2a: Forretress|146\/354|[from] item: Leftovers
|turn|18
|
|move|p1a: Sceptile|Dragon Pulse|p2a: Forretress
|-resisted|p2a: Forretress
|-damage|p2a: Forretress|51\/354
|move|p2a: Forretress|Rapid Spin|p1a: Sceptile
|-damage|p1a: Sceptile|260\/281
|-sideend|p2: afdcvx|Stealth Rock|[from] move: Rapid Spin|[of] p2a: Forretress
|
|-heal|p2a: Forretress|73\/354|[from] item: Leftovers
|turn|19
|
|move|p1a: Sceptile|Dragon Pulse|p2a: Forretress
|-crit|p2a: Forretress
|-resisted|p2a: Forretress
|-damage|p2a: Forretress|0 fnt
|faint|p2a: Forretress
|
|
|switch|p2a: Raikou|Raikou, shiny|321\/321
|-ability|p2a: Raikou|Pressure
|turn|20
|
|switch|p1a: Lukewarm|Empoleon, M|336\/371
|move|p2a: Raikou|Hidden Power|p1a: Lukewarm
|-resisted|p1a: Lukewarm
|-damage|p1a: Lukewarm|323\/371
|
|-heal|p1a: Lukewarm|346\/371|[from] item: Leftovers
|turn|21
|
|switch|p2a: Gallade|Gallade-Mega, M|255\/340
|switch|p1a: Sceptile|Sceptile-Mega, F|260\/281
|
|turn|22
|
|move|p1a: Sceptile|Giga Drain|p2a: Gallade
|-damage|p2a: Gallade|131\/340
|-heal|p1a: Sceptile|281\/281|[from] drain|[of] p2a: Gallade
|move|p2a: Gallade|Drain Punch|p1a: Sceptile
|-damage|p1a: Sceptile|94\/281
|-heal|p2a: Gallade|225\/340|[from] drain|[of] p1a: Sceptile
|
|turn|23
|
|switch|p1a: Lukewarm|Empoleon, M|346\/371
|move|p2a: Gallade|Psycho Cut|p1a: Lukewarm
|-crit|p1a: Lukewarm
|-resisted|p1a: Lukewarm
|-damage|p1a: Lukewarm|223\/371
|
|-heal|p1a: Lukewarm|246\/371|[from] item: Leftovers
|turn|24
|
|switch|p1a: Crobat|Crobat, M|311\/311
|move|p2a: Gallade|Drain Punch|p1a: Crobat
|-resisted|p1a: Crobat
|-damage|p1a: Crobat|269\/311
|-heal|p2a: Gallade|246\/340|[from] drain|[of] p1a: Crobat
|
|turn|25
|
|switch|p2a: Swampert|Swampert, F|404\/404
|move|p1a: Crobat|Brave Bird|p2a: Swampert
|-damage|p2a: Swampert|220\/404
|-damage|p1a: Crobat|208\/311|[from] recoil|[of] p2a: Swampert
|
|-heal|p2a: Swampert|245\/404|[from] item: Leftovers
|turn|26
|
|move|p1a: Crobat|Brave Bird|p2a: Swampert
|-damage|p2a: Swampert|61\/404
|-damage|p1a: Crobat|147\/311|[from] recoil|[of] p2a: Swampert
|move|p2a: Swampert|Stealth Rock|p1a: Crobat
|-sidestart|p1: Tom's Uncle|move: Stealth Rock
|
|-heal|p2a: Swampert|86\/404|[from] item: Leftovers
|turn|27
|
|move|p1a: Crobat|Brave Bird|p2a: Swampert
|-damage|p2a: Swampert|0 fnt
|-damage|p1a: Crobat|119\/311|[from] recoil|[of] p2a: Swampert
|faint|p2a: Swampert
|
|
|switch|p2a: Raikou|Raikou, shiny|321\/321
|-ability|p2a: Raikou|Pressure
|turn|28
|
|switch|p1a: Lukewarm|Empoleon, M|246\/371
|-damage|p1a: Lukewarm|223\/371|[from] Stealth Rock
|move|p2a: Raikou|Hidden Power|p1a: Lukewarm
|-resisted|p1a: Lukewarm
|-damage|p1a: Lukewarm|210\/371
|
|-heal|p1a: Lukewarm|233\/371|[from] item: Leftovers
|turn|29
|
|switch|p2a: Gallade|Gallade-Mega, M|246\/340
|move|p1a: Lukewarm|Toxic|p2a: Gallade
|-status|p2a: Gallade|tox
|
|-heal|p1a: Lukewarm|256\/371|[from] item: Leftovers
|-damage|p2a: Gallade|225\/340 tox|[from] psn
|turn|30
|
|move|p1a: Lukewarm|Protect|p1a: Lukewarm
|-singleturn|p1a: Lukewarm|Protect
|move|p2a: Gallade|Drain Punch|p1a: Lukewarm
|-activate|p1a: Lukewarm|Protect
|
|-heal|p1a: Lukewarm|279\/371|[from] item: Leftovers
|-damage|p2a: Gallade|183\/340 tox|[from] psn
|turn|31
|
|move|p2a: Gallade|Drain Punch|p1a: Lukewarm
|-supereffective|p1a: Lukewarm
|-damage|p1a: Lukewarm|0 fnt
|-heal|p2a: Gallade|323\/340 tox|[from] drain|[of] p1a: Lukewarm
|faint|p1a: Lukewarm
|
|-damage|p2a: Gallade|260\/340 tox|[from] psn
|
|switch|p1a: Crobat|Crobat, M|119\/311
|-damage|p1a: Crobat|42\/311|[from] Stealth Rock
|turn|32
|
|switch|p2a: Raikou|Raikou, shiny|321\/321
|-ability|p2a: Raikou|Pressure
|move|p1a: Crobat|Cross Poison|p2a: Raikou
|-damage|p2a: Raikou|134\/321
|
|turn|33
|
|move|p2a: Raikou|Volt Switch|p1a: Crobat
|-supereffective|p1a: Crobat
|-damage|p1a: Crobat|0 fnt
|faint|p1a: Crobat
|
|switch|p2a: Crobat|Crobat, M|189\/336
|
|-heal|p2a: Crobat|210\/336|[from] item: Black Sludge
|
|switch|p1a: Jirachi|Jirachi, shiny|195\/403
|-damage|p1a: Jirachi|170\/403|[from] Stealth Rock
|turn|34
|
|move|p2a: Crobat|U-turn|p1a: Jirachi
|-damage|p1a: Jirachi|107\/403
|
|switch|p2a: Raikou|Raikou, shiny|134\/321
|-ability|p2a: Raikou|Pressure
|move|p1a: Jirachi|Moonblast|p2a: Raikou
|-damage|p2a: Raikou|50\/321
|-unboost|p2a: Raikou|spa|1
|
|-heal|p1a: Jirachi|132\/403|[from] item: Leftovers
|turn|35
|
|switch|p2a: Crobat|Crobat, M|210\/336
|switch|p1a: Sceptile|Sceptile-Mega, F|94\/281
|-damage|p1a: Sceptile|59\/281|[from] Stealth Rock
|
|-heal|p2a: Crobat|231\/336|[from] item: Black Sludge
|turn|36
|
|move|p1a: Sceptile|Dragon Pulse|p2a: Crobat
|-damage|p2a: Crobat|36\/336
|move|p2a: Crobat|U-turn|p1a: Sceptile
|-supereffective|p1a: Sceptile
|-damage|p1a: Sceptile|0 fnt
|faint|p1a: Sceptile
|
|switch|p2a: Raikou|Raikou, shiny|50\/321
|-ability|p2a: Raikou|Pressure
|
|
|switch|p1a: Mienshao|Mienshao, M|271\/271
|-damage|p1a: Mienshao|255\/271|[from] Stealth Rock
|turn|37
|
|move|p1a: Mienshao|High Jump Kick|p2a: Raikou
|-damage|p2a: Raikou|0 fnt
|faint|p2a: Raikou
|
|
|switch|p2a: Gallade|Gallade-Mega, M|260\/340 tox
|turn|38
|
|move|p1a: Mienshao|High Jump Kick|p2a: Gallade
|-resisted|p2a: Gallade
|-damage|p2a: Gallade|131\/340 tox
|move|p2a: Gallade|Drain Punch|p1a: Mienshao
|-damage|p1a: Mienshao|23\/271
|-heal|p2a: Gallade|247\/340 tox|[from] drain|[of] p1a: Mienshao
|
|-damage|p2a: Gallade|226\/340 tox|[from] psn
|turn|39
|
|move|p1a: Mienshao|High Jump Kick|p2a: Gallade
|-resisted|p2a: Gallade
|-damage|p2a: Gallade|88\/340 tox
|move|p2a: Gallade|Drain Punch|p1a: Mienshao
|-damage|p1a: Mienshao|0 fnt
|-heal|p2a: Gallade|100\/340 tox|[from] drain|[of] p1a: Mienshao
|faint|p1a: Mienshao
|
|-damage|p2a: Gallade|58\/340 tox|[from] psn
|
|switch|p1a: Jirachi|Jirachi, shiny|132\/403
|-damage|p1a: Jirachi|107\/403|[from] Stealth Rock
|turn|40
|
|move|p1a: Jirachi|Moonblast|p2a: Gallade
|-supereffective|p2a: Gallade
|-damage|p2a: Gallade|0 fnt
|faint|p2a: Gallade
|
|-heal|p1a: Jirachi|132\/403|[from] item: Leftovers
|
|switch|p2a: Haxorus|Haxorus, F, shiny|294\/294
|-ability|p2a: Haxorus|Mold Breaker
|turn|41
|
|move|p1a: Jirachi|Moonblast|p2a: Haxorus
|-supereffective|p2a: Haxorus
|-damage|p2a: Haxorus|84\/294
|-unboost|p2a: Haxorus|spa|1
|move|p2a: Haxorus|Earthquake|p1a: Jirachi
|-supereffective|p1a: Jirachi
|-damage|p1a: Jirachi|0 fnt
|faint|p1a: Jirachi
|
|win|afdcvx
|raw|Ladder updating...
|raw|Tom&apos;s Uncle's rating: 1384 &rarr; <strong>1360<\/strong><br \/>(-24 for losing)
|raw|afdcvx's rating: 1301 &rarr; <strong>1326<\/strong><br \/>(+25 for winning)