|join|Will-i-am4
|join|apokemonkid
|player|p1|Will-i-am4|169
|player|p2|apokemonkid|1
|gametype|singles
|gen|6
|tier|OU
|rated
|clearpoke
|poke|p1|Registeel
|poke|p1|Donphan, M
|poke|p1|Hydreigon, M
|poke|p1|Venusaur, F
|poke|p1|Talonflame, M
|poke|p1|Azelf
|poke|p2|Haxorus, F
|poke|p2|Jirachi
|poke|p2|Magnezone
|poke|p2|Dragonite, F
|poke|p2|Latios, M
|poke|p2|Mamoswine, M
|rule|Swagger Clause: Swagger is banned
|rule|Baton Pass Clause: Limit one Pokémon knowing Baton Pass
|rule|Sleep Clause Mod: Limit one foe put to sleep
|rule|Species Clause: Limit one of each Pokémon
|rule|OHKO Clause: OHKO moves are banned
|rule|Moody Clause: Moody is banned
|rule|Evasion Moves Clause: Evasion moves are banned
|rule|Endless Battle Clause: Forcing endless battles is banned
|rule|HP Percentage Mod: HP is shown in percentages
|teampreview
|
|start
|switch|p1a: Talonflame|Talonflame, M|349\/349
|switch|p2a: Mamoswine|Mamoswine, M|362\/362
|turn|1
|
|move|p1a: Talonflame|Flare Blitz|p2a: Mamoswine
|-supereffective|p2a: Mamoswine
|-damage|p2a: Mamoswine|150\/362
|-damage|p1a: Talonflame|279\/349|[from] recoil|[of] p2a: Mamoswine
|move|p2a: Mamoswine|Stealth Rock|p1a: Talonflame
|-sidestart|p1: Will-i-am4|move: Stealth Rock
|
|-heal|p1a: Talonflame|300\/349|[from] item: Leftovers
|turn|2
|
|move|p2a: Mamoswine|Ice Shard|p1a: Talonflame
|-damage|p1a: Talonflame|212\/349
|move|p1a: Talonflame|Swords Dance|p1a: Talonflame
|-boost|p1a: Talonflame|atk|2
|
|-heal|p1a: Talonflame|233\/349|[from] item: Leftovers
|turn|3
|
|move|p1a: Talonflame|Brave Bird|p2a: Mamoswine
|-damage|p2a: Mamoswine|0 fnt
|-damage|p1a: Talonflame|183\/349|[from] recoil|[of] p2a: Mamoswine
|faint|p2a: Mamoswine
|
|-heal|p1a: Talonflame|204\/349|[from] item: Leftovers
|
|switch|p2a: Dragonite|Dragonite, F|323\/323
|turn|4
|
|move|p2a: Dragonite|Extreme Speed|p1a: Talonflame
|-damage|p1a: Talonflame|0 fnt
|faint|p1a: Talonflame
|
|
|switch|p1a: Donphan|Donphan, M|374\/374
|-damage|p1a: Donphan|351\/374|[from] Stealth Rock
|turn|5
|
|switch|p2a: Latios|Latios, M|302\/302
|move|p1a: Donphan|Knock Off|p2a: Latios
|-supereffective|p2a: Latios
|-damage|p2a: Latios|10\/302
|-enditem|p2a: Latios|Choice Specs|[from] move: Knock Off|[of] p1a: Donphan
|
|-heal|p1a: Donphan|374\/374|[from] item: Leftovers
|turn|6
|
|move|p1a: Donphan|Ice Shard|p2a: Latios
|-supereffective|p2a: Latios
|-damage|p2a: Latios|0 fnt
|faint|p2a: Latios
|
|
|switch|p2a: Haxorus|Haxorus, F|294\/294
|-ability|p2a: Haxorus|Mold Breaker
|turn|7
|
|move|p2a: Haxorus|Outrage|p1a: Donphan
|-damage|p1a: Donphan|148\/374
|move|p1a: Donphan|Earthquake|p2a: Haxorus
|-damage|p2a: Haxorus|80\/294
|
|-heal|p1a: Donphan|171\/374|[from] item: Leftovers
|turn|8
|
|move|p1a: Donphan|Ice Shard|p2a: Haxorus
|-supereffective|p2a: Haxorus
|-damage|p2a: Haxorus|0 fnt
|faint|p2a: Haxorus
|
|-heal|p1a: Donphan|194\/374|[from] item: Leftovers
|
|switch|p2a: Jirachi|Jirachi|341\/341
|turn|9
|
|move|p2a: Jirachi|Iron Head|p1a: Donphan
|-damage|p1a: Donphan|95\/374
|move|p1a: Donphan|Earthquake|p2a: Jirachi
|-supereffective|p2a: Jirachi
|-damage|p2a: Jirachi|0 fnt
|faint|p2a: Jirachi
|
|-heal|p1a: Donphan|118\/374|[from] item: Leftovers
|-message|apokemonkid forfeited.
|
|win|Will-i-am4
|raw|Ladder updating...
|leave|apokemonkid
|player|p2
|raw|Will-i-am4's rating: 1738 &rarr; <strong>1754<\/strong><br \/>(+16 for winning)
|raw|apokemonkid's rating: 1658 &rarr; <strong>1643<\/strong><br \/>(-15 for losing)