|join|zang chi wo
|join|Aegislash Returns
|player|p1|zang chi wo|265
|player|p2|Aegislash Returns|274
|gametype|singles
|gen|6
|tier|OU
|rated
|clearpoke
|poke|p1|Rotom-Wash
|poke|p1|Dragonite, M
|poke|p1|Landorus-Therian, M
|poke|p1|Scizor, M
|poke|p1|Starmie
|poke|p1|Terrakion
|poke|p2|Doublade, M, shiny
|poke|p2|Zapdos
|poke|p2|Chansey, F
|poke|p2|Gothitelle, F
|poke|p2|Skarmory, M
|poke|p2|Venusaur, M
|rule|Swagger Clause: Swagger is banned
|rule|Baton Pass Clause: Limit one Pokémon knowing Baton Pass
|rule|Sleep Clause Mod: Limit one foe put to sleep
|rule|Species Clause: Limit one of each Pokémon
|rule|OHKO Clause: OHKO moves are banned
|rule|Moody Clause: Moody is banned
|rule|Evasion Moves Clause: Evasion moves are banned
|rule|Endless Battle Clause: Forcing endless battles is banned
|rule|HP Percentage Mod: HP is shown in percentages
|teampreview
|
|start
|switch|p1a: Rotom-Wash|Rotom-Wash|303\/303
|switch|p2a: Blissey.|Chansey, F|642\/642
|turn|1
|
|move|p1a: Rotom-Wash|Volt Switch|p2a: Blissey.
|-damage|p2a: Blissey.|593\/642
|
|switch|p1a: Scizor|Scizor, M|343\/343
|move|p2a: Blissey.|Stealth Rock|p1a: Scizor
|-sidestart|p1: zang chi wo|move: Stealth Rock
|
|turn|2
|
|switch|p2a: Emolga.|Zapdos|384\/384
|-ability|p2a: Emolga.|Pressure
|move|p1a: Scizor|U-turn|p2a: Emolga.
|-resisted|p2a: Emolga.
|-damage|p2a: Emolga.|297\/384
|
|switch|p1a: Landorus-Therian|Landorus-Therian, M|382\/382
|-damage|p1a: Landorus-Therian|335\/382|[from] Stealth Rock
|-ability|p1a: Landorus-Therian|Intimidate|[of] p2a: Emolga.
|-unboost|p2a: Emolga.|atk|1
|
|-heal|p2a: Emolga.|321\/384|[from] item: Leftovers
|-heal|p1a: Landorus-Therian|358\/382|[from] item: Leftovers
|turn|3
|
|move|p2a: Emolga.|Heat Wave|p1a: Landorus-Therian
|-miss|p2a: Emolga.|p1a: Landorus-Therian
|move|p1a: Landorus-Therian|Stealth Rock|p2a: Emolga.
|-sidestart|p2: Aegislash Returns|move: Stealth Rock
|
|-heal|p2a: Emolga.|345\/384|[from] item: Leftovers
|-heal|p1a: Landorus-Therian|381\/382|[from] item: Leftovers
|turn|4
|
|switch|p2a: Steelix.|Skarmory, M|334\/334
|-damage|p2a: Steelix.|293\/334|[from] Stealth Rock
|switch|p1a: Rotom-Wash|Rotom-Wash|303\/303
|-damage|p1a: Rotom-Wash|266\/303|[from] Stealth Rock
|
|-heal|p1a: Rotom-Wash|284\/303|[from] item: Leftovers
|-heal|p2a: Steelix.|313\/334|[from] item: Leftovers
|turn|5
|
|switch|p2a: Victreebel.|Venusaur, M|364\/364
|-damage|p2a: Victreebel.|319\/364|[from] Stealth Rock
|move|p1a: Rotom-Wash|Volt Switch|p2a: Victreebel.
|-resisted|p2a: Victreebel.
|-damage|p2a: Victreebel.|276\/364
|
|switch|p1a: Scizor|Scizor, M|343\/343
|-damage|p1a: Scizor|301\/343|[from] Stealth Rock
|
|turn|6
|
|detailschange|p2a: Victreebel.|Venusaur-Mega, M
|message|Venusaur has Mega Evolved into Mega Venusaur!
|move|p2a: Victreebel.|Synthesis|p2a: Victreebel.
|-heal|p2a: Victreebel.|364\/364
|move|p1a: Scizor|U-turn|p2a: Victreebel.
|-damage|p2a: Victreebel.|235\/364
|
|switch|p1a: Rotom-Wash|Rotom-Wash|284\/303
|-damage|p1a: Rotom-Wash|247\/303|[from] Stealth Rock
|
|-heal|p1a: Rotom-Wash|265\/303|[from] item: Leftovers
|turn|7
|
|move|p1a: Rotom-Wash|Will-O-Wisp|p2a: Victreebel.
|-status|p2a: Victreebel.|brn
|move|p2a: Victreebel.|Giga Drain|p1a: Rotom-Wash
|-supereffective|p1a: Rotom-Wash
|-damage|p1a: Rotom-Wash|65\/303
|-heal|p2a: Victreebel.|335\/364 brn|[from] drain|[of] p1a: Rotom-Wash
|
|-heal|p1a: Rotom-Wash|83\/303|[from] item: Leftovers
|-damage|p2a: Victreebel.|290\/364 brn|[from] brn
|turn|8
|
|move|p1a: Rotom-Wash|Volt Switch|p2a: Victreebel.
|-resisted|p2a: Victreebel.
|-damage|p2a: Victreebel.|256\/364 brn
|
|switch|p1a: Landorus-Therian|Landorus-Therian, M|381\/382
|-damage|p1a: Landorus-Therian|334\/382|[from] Stealth Rock
|-ability|p1a: Landorus-Therian|Intimidate|[of] p2a: Victreebel.
|-unboost|p2a: Victreebel.|atk|1
|move|p2a: Victreebel.|Giga Drain|p1a: Landorus-Therian
|-damage|p1a: Landorus-Therian|198\/382
|-heal|p2a: Victreebel.|324\/364 brn|[from] drain|[of] p1a: Landorus-Therian
|
|-heal|p1a: Landorus-Therian|221\/382|[from] item: Leftovers
|-damage|p2a: Victreebel.|279\/364 brn|[from] brn
|turn|9
|
|move|p1a: Landorus-Therian|Earthquake|p2a: Victreebel.
|-damage|p2a: Victreebel.|182\/364 brn
|move|p2a: Victreebel.|Leech Seed|p1a: Landorus-Therian
|-start|p1a: Landorus-Therian|move: Leech Seed
|
|-heal|p1a: Landorus-Therian|244\/382|[from] item: Leftovers
|-damage|p1a: Landorus-Therian|197\/382|[from] Leech Seed|[of] p2a: Victreebel.
|-heal|p2a: Victreebel.|229\/364 brn|[silent]
|-damage|p2a: Victreebel.|184\/364 brn|[from] brn
|turn|10
|
|move|p1a: Landorus-Therian|U-turn|p2a: Victreebel.
|-damage|p2a: Victreebel.|140\/364 brn
|
|switch|p1a: Scizor|Scizor, M|301\/343
|-damage|p1a: Scizor|259\/343|[from] Stealth Rock
|move|p2a: Victreebel.|Synthesis|p2a: Victreebel.
|-heal|p2a: Victreebel.|322\/364 brn
|
|-damage|p2a: Victreebel.|277\/364 brn|[from] brn
|turn|11
|
|switch|p2a: Steelix.|Skarmory, M|313\/334
|-damage|p2a: Steelix.|272\/334|[from] Stealth Rock
|move|p1a: Scizor|U-turn|p2a: Steelix.
|-resisted|p2a: Steelix.
|-damage|p2a: Steelix.|245\/334
|
|switch|p1a: Starmie|Starmie|262\/262
|-damage|p1a: Starmie|230\/262|[from] Stealth Rock
|
|-heal|p2a: Steelix.|265\/334|[from] item: Leftovers
|turn|12
|
|switch|p2a: Wobbuffet.|Gothitelle, F|301\/301
|-damage|p2a: Wobbuffet.|264\/301|[from] Stealth Rock
|move|p1a: Starmie|Rapid Spin|p2a: Wobbuffet.
|-damage|p2a: Wobbuffet.|247\/301
|-sideend|p1: zang chi wo|Stealth Rock|[from] move: Rapid Spin|[of] p1a: Starmie
|-damage|p1a: Starmie|204\/262|[from] item: Life Orb
|
|turn|13
|
|move|p1a: Starmie|Hydro Pump|p2a: Wobbuffet.|[miss]
|-miss|p1a: Starmie|p2a: Wobbuffet.
|move|p2a: Wobbuffet.|Trick|p1a: Starmie
|-activate|p2a: Wobbuffet.|move: Trick|[of] p1a: Starmie
|-item|p1a: Starmie|Choice Scarf|[from] move: Trick
|-item|p2a: Wobbuffet.|Life Orb|[from] move: Trick
|
|turn|14
|
|switch|p2a: Blissey.|Chansey, F|593\/642
|-damage|p2a: Blissey.|513\/642|[from] Stealth Rock
|move|p1a: Starmie|Ice Beam|p2a: Blissey.
|-crit|p2a: Blissey.
|-damage|p2a: Blissey.|439\/642
|-status|p2a: Blissey.|frz
|
|turn|15
|
|switch|p1a: Scizor|Scizor, M|259\/343
|cant|p2a: Blissey.|frz
|
|turn|16
|
|switch|p2a: Aegislash.|Doublade, M, shiny|322\/322
|-damage|p2a: Aegislash.|302\/322|[from] Stealth Rock
|move|p1a: Scizor|U-turn|p2a: Aegislash.
|-resisted|p2a: Aegislash.
|-damage|p2a: Aegislash.|278\/322
|
|switch|p1a: Landorus-Therian|Landorus-Therian, M|197\/382
|-ability|p1a: Landorus-Therian|Intimidate|[of] p2a: Aegislash.
|-unboost|p2a: Aegislash.|atk|1
|
|-heal|p1a: Landorus-Therian|220\/382|[from] item: Leftovers
|turn|17
|
|move|p1a: Landorus-Therian|Knock Off|p2a: Aegislash.
|-supereffective|p2a: Aegislash.
|-damage|p2a: Aegislash.|170\/322
|-enditem|p2a: Aegislash.|Eviolite|[from] move: Knock Off|[of] p1a: Landorus-Therian
|move|p2a: Aegislash.|Toxic|p1a: Landorus-Therian
|-status|p1a: Landorus-Therian|tox
|
|-heal|p1a: Landorus-Therian|243\/382 tox|[from] item: Leftovers
|-damage|p1a: Landorus-Therian|220\/382 tox|[from] psn
|turn|18
|
|switch|p2a: Steelix.|Skarmory, M|265\/334
|-damage|p2a: Steelix.|224\/334|[from] Stealth Rock
|move|p1a: Landorus-Therian|U-turn|p2a: Steelix.
|-crit|p2a: Steelix.
|-resisted|p2a: Steelix.
|-damage|p2a: Steelix.|207\/334
|
|switch|p1a: Rotom-Wash|Rotom-Wash|83\/303
|
|-heal|p1a: Rotom-Wash|101\/303|[from] item: Leftovers
|-heal|p2a: Steelix.|227\/334|[from] item: Leftovers
|turn|19
|
|switch|p2a: Wobbuffet.|Gothitelle, F|247\/301
|-damage|p2a: Wobbuffet.|210\/301|[from] Stealth Rock
|move|p1a: Rotom-Wash|Volt Switch|p2a: Wobbuffet.
|-damage|p2a: Wobbuffet.|126\/301
|
|switch|p1a: Scizor|Scizor, M|259\/343
|
|turn|20
|
|move|p2a: Wobbuffet.|Trick|p1a: Scizor
|-activate|p2a: Wobbuffet.|move: Trick|[of] p1a: Scizor
|-item|p1a: Scizor|Life Orb|[from] move: Trick
|-item|p2a: Wobbuffet.|Choice Band|[from] move: Trick
|move|p1a: Scizor|U-turn|p2a: Wobbuffet.
|-supereffective|p2a: Wobbuffet.
|-damage|p2a: Wobbuffet.|0 fnt
|-damage|p1a: Scizor|225\/343|[from] item: Life Orb
|faint|p2a: Wobbuffet.
|
|switch|p1a: Rotom-Wash|Rotom-Wash|101\/303
|
|-heal|p1a: Rotom-Wash|119\/303|[from] item: Leftovers
|
|switch|p2a: Victreebel.|Venusaur-Mega, M|277\/364 brn
|-damage|p2a: Victreebel.|232\/364 brn|[from] Stealth Rock
|turn|21
|
|move|p1a: Rotom-Wash|Volt Switch|p2a: Victreebel.
|-resisted|p2a: Victreebel.
|-damage|p2a: Victreebel.|193\/364 brn
|
|switch|p1a: Starmie|Starmie|204\/262
|move|p2a: Victreebel.|Leech Seed|p1a: Starmie
|-start|p1a: Starmie|move: Leech Seed
|
|-damage|p1a: Starmie|172\/262|[from] Leech Seed|[of] p2a: Victreebel.
|-heal|p2a: Victreebel.|225\/364 brn|[silent]
|-damage|p2a: Victreebel.|180\/364 brn|[from] brn
|turn|22
|
|move|p1a: Starmie|Psyshock|p2a: Victreebel.
|-supereffective|p2a: Victreebel.
|-damage|p2a: Victreebel.|30\/364 brn
|move|p2a: Victreebel.|Synthesis|p2a: Victreebel.
|-heal|p2a: Victreebel.|212\/364 brn
|
|-damage|p1a: Starmie|140\/262|[from] Leech Seed|[of] p2a: Victreebel.
|-heal|p2a: Victreebel.|244\/364 brn|[silent]
|-damage|p2a: Victreebel.|199\/364 brn|[from] brn
|turn|23
|
|move|p1a: Starmie|Psyshock|p2a: Victreebel.
|-supereffective|p2a: Victreebel.
|-damage|p2a: Victreebel.|55\/364 brn
|move|p2a: Victreebel.|Synthesis|p2a: Victreebel.
|-heal|p2a: Victreebel.|237\/364 brn
|
|-damage|p1a: Starmie|108\/262|[from] Leech Seed|[of] p2a: Victreebel.
|-heal|p2a: Victreebel.|269\/364 brn|[silent]
|-damage|p2a: Victreebel.|224\/364 brn|[from] brn
|turn|24
|
|switch|p1a: Dragonite|Dragonite, M|323\/323
|switch|p2a: Emolga.|Zapdos|345\/384
|-damage|p2a: Emolga.|249\/384|[from] Stealth Rock
|-ability|p2a: Emolga.|Pressure
|
|-heal|p2a: Emolga.|273\/384|[from] item: Leftovers
|turn|25
|
|move|p1a: Dragonite|Dragon Dance|p1a: Dragonite
|-boost|p1a: Dragonite|atk|1
|-boost|p1a: Dragonite|spe|1
|move|p2a: Emolga.|Defog|p1a: Dragonite
|-unboost|p1a: Dragonite|evasion|1
|-sideend|p2: Aegislash Returns|Stealth Rock|[from] move: Defog|[of] p2a: Emolga.
|
|-heal|p2a: Emolga.|297\/384|[from] item: Leftovers
|turn|26
|
|switch|p2a: Steelix.|Skarmory, M|227\/334
|move|p1a: Dragonite|Extreme Speed|p2a: Steelix.
|-resisted|p2a: Steelix.
|-damage|p2a: Steelix.|181\/334
|
|-heal|p2a: Steelix.|201\/334|[from] item: Leftovers
|turn|27
|
|move|p1a: Dragonite|Fire Punch|p2a: Steelix.
|-supereffective|p2a: Steelix.
|-damage|p2a: Steelix.|27\/334
|move|p2a: Steelix.|Roost|p2a: Steelix.
|-heal|p2a: Steelix.|194\/334
|
|-heal|p2a: Steelix.|214\/334|[from] item: Leftovers
|turn|28
|
|move|p1a: Dragonite|Dragon Dance|p1a: Dragonite
|-boost|p1a: Dragonite|atk|1
|-boost|p1a: Dragonite|spe|1
|move|p2a: Steelix.|Roost|p2a: Steelix.
|-heal|p2a: Steelix.|334\/334
|
|turn|29
|
|move|p1a: Dragonite|Fire Punch|p2a: Steelix.
|-supereffective|p2a: Steelix.
|-damage|p2a: Steelix.|86\/334
|move|p2a: Steelix.|Whirlwind|p1a: Dragonite
|drag|p1a: Starmie|Starmie|108\/262
|
|-heal|p2a: Steelix.|106\/334|[from] item: Leftovers
|turn|30
|
|switch|p1a: Landorus-Therian|Landorus-Therian, M|220\/382 tox
|-ability|p1a: Landorus-Therian|Intimidate|[of] p2a: Steelix.
|-unboost|p2a: Steelix.|atk|1
|switch|p2a: Blissey.|Chansey, F|439\/642
|
|-heal|p1a: Landorus-Therian|243\/382 tox|[from] item: Leftovers
|-damage|p1a: Landorus-Therian|220\/382 tox|[from] psn
|turn|31
|
|switch|p2a: Steelix.|Skarmory, M|106\/334
|move|p1a: Landorus-Therian|Stealth Rock|p2a: Steelix.
|-sidestart|p2: Aegislash Returns|move: Stealth Rock
|
|-heal|p1a: Landorus-Therian|243\/382 tox|[from] item: Leftovers
|-heal|p2a: Steelix.|126\/334|[from] item: Leftovers
|-damage|p1a: Landorus-Therian|197\/382 tox|[from] psn
|turn|32
|
|move|p1a: Landorus-Therian|Knock Off|p2a: Steelix.
|-damage|p2a: Steelix.|67\/334
|-enditem|p2a: Steelix.|Leftovers|[from] move: Knock Off|[of] p1a: Landorus-Therian
|move|p2a: Steelix.|Roost|p2a: Steelix.
|-heal|p2a: Steelix.|234\/334
|
|-heal|p1a: Landorus-Therian|220\/382 tox|[from] item: Leftovers
|-damage|p1a: Landorus-Therian|151\/382 tox|[from] psn
|turn|33
|
|switch|p1a: Rotom-Wash|Rotom-Wash|119\/303
|move|p2a: Steelix.|Spikes|p1a: Rotom-Wash
|-sidestart|p1: zang chi wo|Spikes
|
|-heal|p1a: Rotom-Wash|137\/303|[from] item: Leftovers
|turn|34
|
|switch|p2a: Victreebel.|Venusaur-Mega, M|224\/364 brn
|-damage|p2a: Victreebel.|179\/364 brn|[from] Stealth Rock
|move|p1a: Rotom-Wash|Volt Switch|p2a: Victreebel.
|-resisted|p2a: Victreebel.
|-damage|p2a: Victreebel.|145\/364 brn
|
|switch|p1a: Starmie|Starmie|108\/262
|-damage|p1a: Starmie|76\/262|[from] Spikes
|
|-damage|p2a: Victreebel.|100\/364 brn|[from] brn
|turn|35
|
|move|p1a: Starmie|Ice Beam|p2a: Victreebel.
|-supereffective|p2a: Victreebel.
|-damage|p2a: Victreebel.|28\/364 brn
|move|p2a: Victreebel.|Synthesis|p2a: Victreebel.
|-heal|p2a: Victreebel.|210\/364 brn
|
|-damage|p2a: Victreebel.|165\/364 brn|[from] brn
|turn|36
|
|switch|p1a: Scizor|Scizor, M|225\/343
|-damage|p1a: Scizor|183\/343|[from] Spikes
|move|p2a: Victreebel.|Synthesis|p2a: Victreebel.
|-heal|p2a: Victreebel.|347\/364 brn
|
|-damage|p2a: Victreebel.|302\/364 brn|[from] brn
|turn|37
|
|move|p2a: Victreebel.|Leech Seed|p1a: Scizor
|-start|p1a: Scizor|move: Leech Seed
|move|p1a: Scizor|U-turn|p2a: Victreebel.
|-damage|p2a: Victreebel.|197\/364 brn
|-damage|p1a: Scizor|149\/343|[from] item: Life Orb
|
|switch|p1a: Dragonite|Dragonite, M|323\/323
|
|-damage|p2a: Victreebel.|152\/364 brn|[from] brn
|turn|38
|
|move|p1a: Dragonite|Dragon Dance|p1a: Dragonite
|-boost|p1a: Dragonite|atk|1
|-boost|p1a: Dragonite|spe|1
|move|p2a: Victreebel.|Leech Seed|p1a: Dragonite
|-start|p1a: Dragonite|move: Leech Seed
|
|-damage|p1a: Dragonite|283\/323|[from] Leech Seed|[of] p2a: Victreebel.
|-heal|p2a: Victreebel.|192\/364 brn|[silent]
|-damage|p2a: Victreebel.|147\/364 brn|[from] brn
|turn|39
|
|switch|p2a: Aegislash.|Doublade, M, shiny|170\/322
|-damage|p2a: Aegislash.|150\/322|[from] Stealth Rock
|move|p1a: Dragonite|Fire Punch|p2a: Aegislash.
|-supereffective|p2a: Aegislash.
|-damage|p2a: Aegislash.|0 fnt
|faint|p2a: Aegislash.
|
|
|switch|p2a: Steelix.|Skarmory, M|234\/334
|-damage|p2a: Steelix.|193\/334|[from] Stealth Rock
|turn|40
|
|move|p1a: Dragonite|Fire Punch|p2a: Steelix.
|-supereffective|p2a: Steelix.
|-damage|p2a: Steelix.|29\/334
|move|p2a: Steelix.|Roost|p2a: Steelix.
|-heal|p2a: Steelix.|196\/334
|
|-damage|p1a: Dragonite|243\/323|[from] Leech Seed|[of] p2a: Steelix.
|-heal|p2a: Steelix.|236\/334|[silent]
|turn|41
|
|move|p1a: Dragonite|Fire Punch|p2a: Steelix.
|-supereffective|p2a: Steelix.
|-damage|p2a: Steelix.|60\/334
|-status|p2a: Steelix.|brn
|move|p2a: Steelix.|Whirlwind|p1a: Dragonite
|drag|p1a: Rotom-Wash|Rotom-Wash|137\/303
|
|-heal|p1a: Rotom-Wash|155\/303|[from] item: Leftovers
|-damage|p2a: Steelix.|19\/334 brn|[from] brn
|turn|42
|-message|Aegislash Returns forfeited.
|
|win|zang chi wo
|raw|Ladder updating...
|leave|Aegislash Returns
|player|p2
|raw|zang chi wo's rating: 1159 &rarr; <strong>1181<\/strong><br \/>(+22 for winning)
|raw|Aegislash Returns's rating: 1127 &rarr; <strong>1104<\/strong><br \/>(-23 for losing)
|c|★zang chi wo|HAHA FUCKING REKT
|c|★zang chi wo|GAY AS FUCK STALL