|join|CoolTrainerGary
|join|Skei
|player|p1|CoolTrainerGary|102
|player|p2|Skei|105
|gametype|singles
|gen|6
|tier|UU
|rated
|rule|Sleep Clause Mod: Limit one foe put to sleep
|rule|Species Clause: Limit one of each Pokémon
|rule|OHKO Clause: OHKO moves are banned
|rule|Moody Clause: Moody is banned
|rule|Evasion Moves Clause: Evasion moves are banned
|rule|Endless Battle Clause: Forcing endless battles is banned
|rule|HP Percentage Mod: HP is shown in percentages
|clearpoke
|poke|p1|Gastrodon, F
|poke|p1|Kyurem
|poke|p1|Florges, F
|poke|p1|Nidoqueen, F
|poke|p1|Starmie
|poke|p1|Mienshao, M
|poke|p2|Beedrill, F
|poke|p2|Swampert, F
|poke|p2|Trevenant, M
|poke|p2|Hydreigon, M
|poke|p2|Crobat, F
|poke|p2|Entei, shiny
|rule|Swagger Clause: Swagger is banned
|rule|Baton Pass Clause: Limit one Pokémon knowing Baton Pass
|teampreview
|
|start
|switch|p1a: Starmie|Starmie|261\/261
|switch|p2a: Crobat|Crobat, F|374\/374
|turn|1
|
|move|p2a: Crobat|U-turn|p1a: Starmie
|-supereffective|p1a: Starmie
|-damage|p1a: Starmie|137\/261
|
|switch|p2a: Beedrill|Beedrill, F|272\/272
|move|p1a: Starmie|Ice Beam|p2a: Beedrill
|-damage|p2a: Beedrill|132\/272
|
|-heal|p1a: Starmie|153\/261|[from] item: Leftovers
|turn|2
|
|switch|p1a: Nidoqueen|Nidoqueen, F|353\/353
|detailschange|p2a: Beedrill|Beedrill-Mega, F
|message|Beedrill has Mega Evolved into Mega Beedrill!
|move|p2a: Beedrill|Protect|p2a: Beedrill
|-fail|p2a: Beedrill
|
|turn|3
|
|move|p2a: Beedrill|U-turn|p1a: Nidoqueen
|-resisted|p1a: Nidoqueen
|-damage|p1a: Nidoqueen|246\/353
|
|switch|p2a: Swampert|Swampert, F|404\/404
|move|p1a: Nidoqueen|Stealth Rock|p2a: Swampert
|-sidestart|p2: Skei|move: Stealth Rock
|
|turn|4
|
|move|p1a: Nidoqueen|Earth Power|p2a: Swampert
|-damage|p2a: Swampert|182\/404
|move|p2a: Swampert|Scald|p1a: Nidoqueen
|-supereffective|p1a: Nidoqueen
|-damage|p1a: Nidoqueen|70\/353
|
|-heal|p2a: Swampert|207\/404|[from] item: Leftovers
|turn|5
|
|switch|p2a: Crobat|Crobat, F|374\/374
|-damage|p2a: Crobat|281\/374|[from] Stealth Rock
|move|p1a: Nidoqueen|Ice Beam|p2a: Crobat
|-supereffective|p2a: Crobat
|-damage|p2a: Crobat|0 fnt
|faint|p2a: Crobat
|
|-message|Skei forfeited.
|
|win|CoolTrainerGary
|raw|Ladder updating...
|leave|Skei
|player|p2
|raw|CoolTrainerGary's rating: 1423 &rarr; <strong>1437<\/strong><br \/>(+14 for winning)
|raw|Skei's rating: 1306 &rarr; <strong>1292<\/strong><br \/>(-14 for losing)