|join|CoolTrainerGary
|join|YouDon'tKnowMe
|player|p1|CoolTrainerGary|2
|player|p2|YouDon'tKnowMe|169
|gametype|singles
|gen|6
|tier|UU
|rated
|rule|Sleep Clause Mod: Limit one foe put to sleep
|rule|Species Clause: Limit one of each Pokémon
|rule|OHKO Clause: OHKO moves are banned
|rule|Moody Clause: Moody is banned
|rule|Evasion Moves Clause: Evasion moves are banned
|rule|Endless Battle Clause: Forcing endless battles is banned
|rule|HP Percentage Mod: HP is shown in percentages
|clearpoke
|poke|p1|Absol, M
|poke|p1|Roserade, F
|poke|p1|Jellicent, M
|poke|p1|Donphan, M
|poke|p1|Diancie
|poke|p1|Braviary, M
|poke|p2|Hydreigon, F
|poke|p2|Jirachi
|poke|p2|Crobat, F
|poke|p2|Entei, shiny
|poke|p2|Swampert, F
|poke|p2|Shaymin
|rule|Swagger Clause: Swagger is banned
|rule|Baton Pass Clause: Limit one Pokémon knowing Baton Pass
|teampreview
|
|start
|switch|p1a: Roserade|Roserade, F|324\/324
|switch|p2a: Swampert|Swampert, F|404\/404
|turn|1
|
|switch|p1a: Diancie|Diancie|304\/304
|switch|p2a: Crobat|Crobat, F|373\/373
|
|turn|2
|
|move|p2a: Crobat|Taunt|p1a: Diancie
|-start|p1a: Diancie|move: Taunt
|cant|p1a: Diancie|move: Taunt|Stealth Rock
|
|turn|3
|
|switch|p2a: Shaymin|Shaymin|341\/341
|move|p1a: Diancie|Earth Power|p2a: Shaymin
|-resisted|p2a: Shaymin
|-damage|p2a: Shaymin|296\/341
|
|turn|4
|
|switch|p1a: Roserade|Roserade, F|324\/324
|move|p2a: Shaymin|Seed Flare|p1a: Roserade
|-crit|p1a: Roserade
|-resisted|p1a: Roserade
|-damage|p1a: Roserade|262\/324
|-unboost|p1a: Roserade|spd|2
|-damage|p2a: Shaymin|262\/341|[from] item: Life Orb
|
|-heal|p1a: Roserade|282\/324|[from] item: Black Sludge
|turn|5
|
|switch|p2a: Jirachi|Jirachi|341\/341
|move|p1a: Roserade|Spikes|p2a: Jirachi
|-sidestart|p2: YouDon'tKnowMe|Spikes
|
|-heal|p1a: Roserade|302\/324|[from] item: Black Sludge
|turn|6
|
|switch|p1a: Donphan|Donphan, M|364\/364
|move|p2a: Jirachi|Trick|p1a: Donphan
|-activate|p2a: Jirachi|move: Trick|[of] p1a: Donphan
|-item|p1a: Donphan|Choice Scarf|[from] move: Trick
|-item|p2a: Jirachi|Leftovers|[from] move: Trick
|
|turn|7
|
|switch|p2a: Crobat|Crobat, F|373\/373
|move|p1a: Donphan|Knock Off|p2a: Crobat
|-damage|p2a: Crobat|235\/373
|-enditem|p2a: Crobat|Black Sludge|[from] move: Knock Off|[of] p1a: Donphan
|
|turn|8
|
|switch|p1a: Braviary|Braviary, M|341\/341
|move|p2a: Crobat|Defog|p1a: Braviary
|-unboost|p1a: Braviary|evasion|1
|-boost|p1a: Braviary|atk|2|[from] ability: Defiant
|-sideend|p2: YouDon'tKnowMe|Spikes|[from] move: Defog|[of] p2a: Crobat
|
|turn|9
|
|move|p1a: Braviary|Brave Bird|p2a: Crobat
|-damage|p2a: Crobat|0 fnt
|-damage|p1a: Braviary|263\/341|[from] recoil|[of] p2a: Crobat
|faint|p2a: Crobat
|
|
|switch|p2a: Jirachi|Jirachi|341\/341
|turn|10
|
|switch|p1a: Jellicent|Jellicent, M|404\/404
|move|p2a: Jirachi|Iron Head|p1a: Jellicent
|-resisted|p1a: Jellicent
|-damage|p1a: Jellicent|347\/404
|
|-heal|p1a: Jellicent|372\/404|[from] item: Leftovers
|turn|11
|
|switch|p2a: Shaymin|Shaymin|262\/341
|move|p1a: Jellicent|Ice Beam|p2a: Shaymin
|-supereffective|p2a: Shaymin
|-damage|p2a: Shaymin|144\/341
|
|-heal|p1a: Jellicent|397\/404|[from] item: Leftovers
|turn|12
|
|switch|p1a: Roserade|Roserade, F|302\/324
|move|p2a: Shaymin|Synthesis|p2a: Shaymin
|-heal|p2a: Shaymin|314\/341
|
|-heal|p1a: Roserade|322\/324|[from] item: Black Sludge
|turn|13
|
|switch|p2a: Entei|Entei, shiny|371\/371
|-ability|p2a: Entei|Pressure
|move|p1a: Roserade|Spikes|p2a: Entei
|-sidestart|p2: YouDon'tKnowMe|Spikes
|
|-heal|p1a: Roserade|324\/324|[from] item: Black Sludge
|turn|14
|
|switch|p1a: Donphan|Donphan, M|364\/364
|move|p2a: Entei|Sacred Fire|p1a: Donphan
|-damage|p1a: Donphan|192\/364
|-status|p1a: Donphan|brn
|
|-damage|p1a: Donphan|147\/364 brn|[from] brn
|turn|15
|
|move|p2a: Entei|Sacred Fire|p1a: Donphan
|-damage|p1a: Donphan|0 fnt
|faint|p1a: Donphan
|
|
|switch|p1a: Diancie|Diancie|304\/304
|turn|16
|
|switch|p2a: Jirachi|Jirachi|341\/341
|-damage|p2a: Jirachi|299\/341|[from] Spikes
|move|p1a: Diancie|Stealth Rock|p2a: Jirachi
|-sidestart|p2: YouDon'tKnowMe|move: Stealth Rock
|
|-heal|p2a: Jirachi|320\/341|[from] item: Leftovers
|turn|17
|
|switch|p1a: Jellicent|Jellicent, M|397\/404
|move|p2a: Jirachi|Iron Head|p1a: Jellicent
|-resisted|p1a: Jellicent
|-damage|p1a: Jellicent|337\/404
|
|-heal|p2a: Jirachi|341\/341|[from] item: Leftovers
|-heal|p1a: Jellicent|362\/404|[from] item: Leftovers
|turn|18
|
|switch|p2a: Shaymin|Shaymin|314\/341
|-damage|p2a: Shaymin|272\/341|[from] Spikes
|-damage|p2a: Shaymin|230\/341|[from] Stealth Rock
|move|p1a: Jellicent|Taunt|p2a: Shaymin
|-start|p2a: Shaymin|move: Taunt
|
|-heal|p1a: Jellicent|387\/404|[from] item: Leftovers
|turn|19
|
|switch|p2a: Jirachi|Jirachi|341\/341
|-damage|p2a: Jirachi|299\/341|[from] Spikes
|-damage|p2a: Jirachi|278\/341|[from] Stealth Rock
|switch|p1a: Braviary|Braviary, M|263\/341
|
|-heal|p2a: Jirachi|299\/341|[from] item: Leftovers
|turn|20
|
|move|p1a: Braviary|U-turn|p2a: Jirachi
|-damage|p2a: Jirachi|219\/341
|
|switch|p1a: Jellicent|Jellicent, M|387\/404
|move|p2a: Jirachi|Iron Head|p1a: Jellicent
|-resisted|p1a: Jellicent
|-damage|p1a: Jellicent|333\/404
|
|-heal|p2a: Jirachi|240\/341|[from] item: Leftovers
|-heal|p1a: Jellicent|358\/404|[from] item: Leftovers
|turn|21
|
|switch|p2a: Hydreigon|Hydreigon, F|325\/325
|-damage|p2a: Hydreigon|285\/325|[from] Stealth Rock
|move|p1a: Jellicent|Scald|p2a: Hydreigon
|-resisted|p2a: Hydreigon
|-damage|p2a: Hydreigon|233\/325
|-status|p2a: Hydreigon|brn
|
|-heal|p1a: Jellicent|383\/404|[from] item: Leftovers
|-damage|p2a: Hydreigon|193\/325 brn|[from] brn
|turn|22
|
|switch|p1a: Diancie|Diancie|304\/304
|move|p2a: Hydreigon|Dark Pulse|p1a: Diancie
|-resisted|p1a: Diancie
|-damage|p1a: Diancie|246\/304
|-damage|p2a: Hydreigon|161\/325 brn|[from] item: Life Orb
|
|-heal|p1a: Diancie|265\/304|[from] item: Leftovers
|-damage|p2a: Hydreigon|121\/325 brn|[from] brn
|turn|23
|
|switch|p1a: Roserade|Roserade, F|324\/324
|move|p2a: Hydreigon|Roost|p2a: Hydreigon
|-heal|p2a: Hydreigon|284\/325 brn
|
|-damage|p2a: Hydreigon|244\/325 brn|[from] brn
|turn|24
|
|move|p2a: Hydreigon|Dark Pulse|p1a: Roserade
|-damage|p1a: Roserade|199\/324
|-damage|p2a: Hydreigon|212\/325 brn|[from] item: Life Orb
|move|p1a: Roserade|Sludge Bomb|p2a: Hydreigon
|-damage|p2a: Hydreigon|49\/325 brn
|
|-heal|p1a: Roserade|219\/324|[from] item: Black Sludge
|-damage|p2a: Hydreigon|9\/325 brn|[from] brn
|turn|25
|
|move|p2a: Hydreigon|Draco Meteor|p1a: Roserade
|-damage|p1a: Roserade|20\/324
|-unboost|p2a: Hydreigon|spa|2
|-damage|p2a: Hydreigon|0 fnt|[from] item: Life Orb
|faint|p2a: Hydreigon
|move|p1a: Roserade|Spikes|p2: Hydreigon
|-sidestart|p2: YouDon'tKnowMe|Spikes
|
|-heal|p1a: Roserade|40\/324|[from] item: Black Sludge
|
|switch|p2a: Jirachi|Jirachi|240\/341
|-damage|p2a: Jirachi|184\/341|[from] Spikes
|-damage|p2a: Jirachi|163\/341|[from] Stealth Rock
|turn|26
|
|move|p2a: Jirachi|Zen Headbutt|p1a: Roserade|[miss]
|-miss|p2a: Jirachi|p1a: Roserade
|move|p1a: Roserade|Spikes|p2a: Jirachi
|-sidestart|p2: YouDon'tKnowMe|Spikes
|
|-heal|p2a: Jirachi|184\/341|[from] item: Leftovers
|-heal|p1a: Roserade|60\/324|[from] item: Black Sludge
|turn|27
|
|move|p2a: Jirachi|Zen Headbutt|p1a: Roserade
|-supereffective|p1a: Roserade
|-damage|p1a: Roserade|0 fnt
|faint|p1a: Roserade
|
|-heal|p2a: Jirachi|205\/341|[from] item: Leftovers
|
|switch|p1a: Absol|Absol, M|271\/271
|turn|28
|
|detailschange|p1a: Absol|Absol-Mega, M
|-mega|p1a: Absol|Absol|Absolite
|move|p2a: Jirachi|Iron Head|p1a: Absol
|-damage|p1a: Absol|79\/271
|move|p1a: Absol|Knock Off|p2a: Jirachi
|-supereffective|p2a: Jirachi
|-damage|p2a: Jirachi|0 fnt
|-enditem|p2a: Jirachi|Leftovers|[from] move: Knock Off|[of] p1a: Absol
|faint|p2a: Jirachi
|
|
|switch|p2a: Swampert|Swampert, F|404\/404
|-damage|p2a: Swampert|379\/404|[from] Stealth Rock
|-damage|p2a: Swampert|278\/404|[from] Spikes
|turn|29
|
|move|p1a: Absol|Knock Off|p2a: Swampert
|-damage|p2a: Swampert|124\/404
|-enditem|p2a: Swampert|Leftovers|[from] move: Knock Off|[of] p1a: Absol
|move|p2a: Swampert|Earthquake|p1a: Absol
|-crit|p1a: Absol
|-damage|p1a: Absol|0 fnt
|faint|p1a: Absol
|
|
|switch|p1a: Jellicent|Jellicent, M|383\/404
|turn|30
|
|move|p1a: Jellicent|Taunt|p2a: Swampert
|-start|p2a: Swampert|move: Taunt
|move|p2a: Swampert|Earthquake|p1a: Jellicent
|-damage|p1a: Jellicent|266\/404
|
|-heal|p1a: Jellicent|291\/404|[from] item: Leftovers
|turn|31
|
|move|p1a: Jellicent|Scald|p2a: Swampert
|-damage|p2a: Swampert|28\/404
|-status|p2a: Swampert|brn
|move|p2a: Swampert|Earthquake|p1a: Jellicent
|-damage|p1a: Jellicent|234\/404
|
|-heal|p1a: Jellicent|259\/404|[from] item: Leftovers
|-damage|p2a: Swampert|0 fnt|[from] brn
|faint|p2a: Swampert
|
|switch|p2a: Shaymin|Shaymin|230\/341
|-damage|p2a: Shaymin|188\/341|[from] Stealth Rock
|-damage|p2a: Shaymin|103\/341|[from] Spikes
|turn|32
|
|move|p2a: Shaymin|Seed Flare|p1a: Jellicent
|-supereffective|p1a: Jellicent
|-damage|p1a: Jellicent|0 fnt
|-damage|p2a: Shaymin|69\/341|[from] item: Life Orb
|faint|p1a: Jellicent
|
|
|switch|p1a: Braviary|Braviary, M|263\/341
|turn|33
|c|★CoolTrainerGary|gg
|c|★YouDon'tKnowMe|gg
|
|move|p1a: Braviary|Return|p2a: Shaymin
|-damage|p2a: Shaymin|0 fnt
|faint|p2a: Shaymin
|
|
|switch|p2a: Entei|Entei, shiny|371\/371
|-damage|p2a: Entei|279\/371|[from] Stealth Rock
|-damage|p2a: Entei|187\/371|[from] Spikes
|-ability|p2a: Entei|Pressure
|turn|34
|
|move|p1a: Braviary|Return|p2a: Entei
|-damage|p2a: Entei|0 fnt
|faint|p2a: Entei
|
|win|CoolTrainerGary
|raw|Ladder updating...
|raw|CoolTrainerGary's rating: 1376 &rarr; <strong>1388<\/strong><br \/>(+12 for winning)
|raw|YouDon&apos;tKnowMe's rating: 1230 &rarr; <strong>1215<\/strong><br \/>(-15 for losing)