|join|CoolTrainerGary
|join|Exploding Banana
|player|p1|CoolTrainerGary|170
|player|p2|Exploding Banana|92
|gametype|singles
|gen|6
|tier|UU
|rated
|rule|Sleep Clause Mod: Limit one foe put to sleep
|rule|Species Clause: Limit one of each Pokémon
|rule|OHKO Clause: OHKO moves are banned
|rule|Moody Clause: Moody is banned
|rule|Evasion Moves Clause: Evasion moves are banned
|rule|Endless Battle Clause: Forcing endless battles is banned
|rule|HP Percentage Mod: HP is shown in percentages
|clearpoke
|poke|p1|Absol, M
|poke|p1|Roserade, F
|poke|p1|Jellicent, F
|poke|p1|Donphan, M
|poke|p1|Diancie
|poke|p1|Braviary, M
|poke|p2|Beedrill, F
|poke|p2|Raikou
|poke|p2|Infernape, M
|poke|p2|Suicune
|poke|p2|Krookodile, F
|poke|p2|Donphan, M
|rule|Swagger Clause: Swagger is banned
|rule|Baton Pass Clause: Limit one Pokémon knowing Baton Pass
|teampreview
|
|start
|switch|p1a: Donphan|Donphan, M|364\/364
|switch|p2a: Infernape|Infernape, M|293\/293
|turn|1
|join|KillJayKill
|join|krakcorn
|
|move|p2a: Infernape|Stealth Rock|p1a: Donphan
|-sidestart|p1: CoolTrainerGary|move: Stealth Rock
|move|p1a: Donphan|Knock Off|p2a: Infernape
|-resisted|p2a: Infernape
|-damage|p2a: Infernape|203\/293
|-enditem|p2a: Infernape|Focus Sash|[from] move: Knock Off|[of] p1a: Donphan
|
|turn|2
|
|move|p2a: Infernape|Overheat|p1a: Donphan
|-damage|p1a: Donphan|111\/364
|-unboost|p2a: Infernape|spa|2
|move|p1a: Donphan|Rapid Spin|p2a: Infernape
|-damage|p2a: Infernape|166\/293
|-sideend|p1: CoolTrainerGary|Stealth Rock|[from] move: Rapid Spin|[of] p1a: Donphan
|
|-heal|p1a: Donphan|133\/364|[from] item: Leftovers
|turn|3
|leave|KillJayKill
|
|move|p2a: Infernape|Close Combat|p1a: Donphan
|-damage|p1a: Donphan|0 fnt
|-unboost|p2a: Infernape|def|1
|-unboost|p2a: Infernape|spd|1
|faint|p1a: Donphan
|
|
|switch|p1a: Braviary|Braviary, M|341\/341
|turn|4
|
|switch|p2a: Raikou|Raikou|322\/322
|-ability|p2a: Raikou|Pressure
|move|p1a: Braviary|Return|p2a: Raikou
|-damage|p2a: Raikou|87\/322
|
|turn|5
|leave|krakcorn
|
|move|p2a: Raikou|Volt Switch|p1a: Braviary
|-supereffective|p1a: Braviary
|-damage|p1a: Braviary|39\/341
|
|switch|p2a: Donphan|Donphan, M|364\/364
|move|p1a: Braviary|Return|p2a: Donphan
|-damage|p2a: Donphan|216\/364
|
|turn|6
|
|switch|p1a: Jellicent|Jellicent, F|404\/404
|move|p2a: Donphan|Ice Shard|p1a: Jellicent
|-resisted|p1a: Jellicent
|-damage|p1a: Jellicent|381\/404
|
|-heal|p1a: Jellicent|404\/404|[from] item: Leftovers
|turn|7
|
|move|p1a: Jellicent|Scald|p2a: Donphan
|-supereffective|p2a: Donphan
|-damage|p2a: Donphan|34\/364
|-status|p2a: Donphan|brn
|move|p2a: Donphan|Knock Off|p1a: Jellicent
|-supereffective|p1a: Jellicent
|-damage|p1a: Jellicent|284\/404
|-enditem|p1a: Jellicent|Leftovers|[from] move: Knock Off|[of] p2a: Donphan
|
|-damage|p2a: Donphan|0 fnt|[from] brn
|faint|p2a: Donphan
|
|switch|p2a: Raikou|Raikou|87\/322
|-ability|p2a: Raikou|Pressure
|turn|8
|
|switch|p1a: Braviary|Braviary, M|39\/341
|move|p2a: Raikou|Thunderbolt|p1a: Braviary
|-supereffective|p1a: Braviary
|-damage|p1a: Braviary|0 fnt
|faint|p1a: Braviary
|
|
|switch|p1a: Roserade|Roserade, F|261\/261
|turn|9
|
|switch|p2a: Infernape|Infernape, M|166\/293
|move|p1a: Roserade|Spikes|p2a: Infernape
|-sidestart|p2: Exploding Banana|Spikes
|
|turn|10
|
|switch|p1a: Diancie|Diancie|304\/304
|move|p2a: Infernape|Overheat|p1a: Diancie
|-resisted|p1a: Diancie
|-damage|p1a: Diancie|250\/304
|-unboost|p2a: Infernape|spa|2
|
|-heal|p1a: Diancie|269\/304|[from] item: Leftovers
|turn|11
|
|move|p2a: Infernape|Stealth Rock|p1a: Diancie
|-sidestart|p1: CoolTrainerGary|move: Stealth Rock
|move|p1a: Diancie|Stealth Rock|p2a: Infernape
|-sidestart|p2: Exploding Banana|move: Stealth Rock
|
|-heal|p1a: Diancie|288\/304|[from] item: Leftovers
|turn|12
|
|move|p2a: Infernape|U-turn|p1a: Diancie
|-resisted|p1a: Diancie
|-damage|p1a: Diancie|263\/304
|
|switch|p2a: Krookodile|Krookodile, F|331\/331
|-damage|p2a: Krookodile|290\/331|[from] Spikes
|-damage|p2a: Krookodile|270\/331|[from] Stealth Rock
|move|p1a: Diancie|Moonblast|p2a: Krookodile
|-crit|p2a: Krookodile
|-supereffective|p2a: Krookodile
|-damage|p2a: Krookodile|0 fnt
|faint|p2a: Krookodile
|
|-heal|p1a: Diancie|282\/304|[from] item: Leftovers
|
|switch|p2a: Beedrill|Beedrill, F|272\/272
|-damage|p2a: Beedrill|204\/272|[from] Stealth Rock
|-damage|p2a: Beedrill|170\/272|[from] Spikes
|turn|13
|
|detailschange|p2a: Beedrill|Beedrill-Mega, F
|-mega|p2a: Beedrill|Beedrill|Beedrillite
|move|p2a: Beedrill|Poison Jab|p1a: Diancie
|-damage|p1a: Diancie|122\/304
|-status|p1a: Diancie|psn
|move|p1a: Diancie|Diamond Storm|p2a: Beedrill
|-crit|p2a: Beedrill
|-supereffective|p2a: Beedrill
|-damage|p2a: Beedrill|0 fnt
|-boost|p1a: Diancie|def|1
|faint|p2a: Beedrill
|
|-heal|p1a: Diancie|141\/304 psn|[from] item: Leftovers
|-damage|p1a: Diancie|103\/304 psn|[from] psn
|
|switch|p2a: Raikou|Raikou|87\/322
|-damage|p2a: Raikou|47\/322|[from] Stealth Rock
|-damage|p2a: Raikou|7\/322|[from] Spikes
|-ability|p2a: Raikou|Pressure
|turn|14
|
|move|p2a: Raikou|Volt Switch|p1a: Diancie
|-damage|p1a: Diancie|28\/304 psn
|
|switch|p2a: Infernape|Infernape, M|166\/293
|-damage|p2a: Infernape|130\/293|[from] Spikes
|-damage|p2a: Infernape|94\/293|[from] Stealth Rock
|move|p1a: Diancie|Earth Power|p2a: Infernape
|-supereffective|p2a: Infernape
|-damage|p2a: Infernape|0 fnt
|faint|p2a: Infernape
|
|-heal|p1a: Diancie|47\/304 psn|[from] item: Leftovers
|-damage|p1a: Diancie|9\/304 psn|[from] psn
|c|★Exploding Banana|this diancie doe
|c|★Exploding Banana|rkking my whole team
|
|switch|p2a: Suicune|Suicune|404\/404
|-damage|p2a: Suicune|354\/404|[from] Stealth Rock
|-damage|p2a: Suicune|304\/404|[from] Spikes
|-ability|p2a: Suicune|Pressure
|turn|15
|c|★CoolTrainerGary|yeah crazy bulk
|
|move|p2a: Suicune|Calm Mind|p2a: Suicune
|-boost|p2a: Suicune|spa|1
|-boost|p2a: Suicune|spd|1
|move|p1a: Diancie|Moonblast|p2a: Suicune
|-damage|p2a: Suicune|208\/404
|
|-heal|p2a: Suicune|233\/404|[from] item: Leftovers
|-heal|p1a: Diancie|28\/304 psn|[from] item: Leftovers
|-damage|p1a: Diancie|0 fnt|[from] psn
|faint|p1a: Diancie
|
|switch|p1a: Jellicent|Jellicent, F|284\/404
|-damage|p1a: Jellicent|234\/404|[from] Stealth Rock
|turn|16
|c|★Exploding Banana|do you have water absorb?
|c|★Exploding Banana|if you do
|c|★Exploding Banana|I lost
|
|move|p2a: Suicune|Calm Mind|p2a: Suicune
|-boost|p2a: Suicune|spa|1
|-boost|p2a: Suicune|spd|1
|move|p1a: Jellicent|Taunt|p2a: Suicune
|-start|p2a: Suicune|move: Taunt
|
|-heal|p2a: Suicune|258\/404|[from] item: Leftovers
|turn|17
|c|★CoolTrainerGary|only one way to find out
|
|move|p2a: Suicune|Scald|p1a: Jellicent
|-heal|p1a: Jellicent|335\/404|[from] ability: Water Absorb|[of] p2a: Suicune
|move|p1a: Jellicent|Toxic|p2a: Suicune
|-status|p2a: Suicune|tox
|
|-heal|p2a: Suicune|283\/404 tox|[from] item: Leftovers
|-damage|p2a: Suicune|258\/404 tox|[from] psn
|turn|18
|c|★CoolTrainerGary|gg bro
|
|move|p2a: Suicune|Scald|p1a: Jellicent
|-heal|p1a: Jellicent|404\/404|[from] ability: Water Absorb|[of] p2a: Suicune
|move|p1a: Jellicent|Scald|p2a: Suicune
|-resisted|p2a: Suicune
|-damage|p2a: Suicune|240\/404 tox
|
|-heal|p2a: Suicune|265\/404 tox|[from] item: Leftovers
|-damage|p2a: Suicune|215\/404 tox|[from] psn
|turn|19
|c|★Exploding Banana|gg
|-message|Exploding Banana forfeited.
|
|win|CoolTrainerGary
|raw|Ladder updating...
|leave|Exploding Banana
|player|p2
|raw|CoolTrainerGary's rating: 1316 &rarr; <strong>1328<\/strong><br \/>(+12 for winning)
|raw|Exploding Banana's rating: 1165 &rarr; <strong>1150<\/strong><br \/>(-15 for losing)