|join|njd5211
|join|CoolTrainerGary
|player|p1|njd5211|283
|player|p2|CoolTrainerGary|282
|gametype|singles
|gen|6
|tier|UU
|rated
|rule|Sleep Clause Mod: Limit one foe put to sleep
|rule|Species Clause: Limit one of each Pokémon
|rule|OHKO Clause: OHKO moves are banned
|rule|Moody Clause: Moody is banned
|rule|Evasion Moves Clause: Evasion moves are banned
|rule|Endless Battle Clause: Forcing endless battles is banned
|rule|HP Percentage Mod: HP is shown in percentages
|clearpoke
|poke|p1|Metagross
|poke|p1|Suicune
|poke|p1|Flygon, M
|poke|p1|Florges, F
|poke|p1|Scrafty, F
|poke|p1|Porygon-Z
|poke|p2|Scrafty, M
|poke|p2|Lucario, M
|poke|p2|Weezing, M
|poke|p2|Bronzong
|poke|p2|Flygon, F
|poke|p2|Milotic, F
|rule|Swagger Clause: Swagger is banned
|rule|Baton Pass Clause: Limit one Pokémon knowing Baton Pass
|teampreview
|
|start
|switch|p1a: Flygon|Flygon, M|301\/301
|switch|p2a: Bronzong|Bronzong|338\/338
|turn|1
|
|move|p1a: Flygon|U-turn|p2a: Bronzong
|-damage|p2a: Bronzong|274\/338
|
|switch|p1a: Scrafty|Scrafty, F|271\/271
|move|p2a: Bronzong|Stealth Rock|p1a: Scrafty
|-sidestart|p1: njd5211|move: Stealth Rock
|
|-heal|p2a: Bronzong|295\/338|[from] item: Leftovers
|turn|2
|
|switch|p2a: Weezing|Weezing, M|334\/334
|move|p1a: Scrafty|Knock Off|p2a: Weezing
|-damage|p2a: Weezing|190\/334
|-enditem|p2a: Weezing|Black Sludge|[from] move: Knock Off|[of] p1a: Scrafty
|-damage|p1a: Scrafty|244\/271|[from] item: Life Orb
|
|turn|3
|
|switch|p1a: Porygon-Z|Porygon-Z|311\/311
|-damage|p1a: Porygon-Z|273\/311|[from] Stealth Rock
|move|p2a: Weezing|Pain Split|p1a: Porygon-Z
|-sethp|p1a: Porygon-Z|231\/311|p2a: Weezing|231\/334|[from] move: Pain Split
|
|turn|4
|
|switch|p2a: Bronzong|Bronzong|295\/338
|move|p1a: Porygon-Z|Tri Attack|p2a: Bronzong
|-resisted|p2a: Bronzong
|-damage|p2a: Bronzong|185\/338
|
|-heal|p2a: Bronzong|206\/338|[from] item: Leftovers
|turn|5
|
|switch|p1a: Scrafty|Scrafty, F|244\/271
|-damage|p1a: Scrafty|228\/271|[from] Stealth Rock
|move|p2a: Bronzong|Gyro Ball|p1a: Scrafty
|-damage|p1a: Scrafty|153\/271
|
|-heal|p2a: Bronzong|227\/338|[from] item: Leftovers
|turn|6
|
|switch|p2a: Weezing|Weezing, M|231\/334
|move|p1a: Scrafty|Knock Off|p2a: Weezing
|-damage|p2a: Weezing|122\/334
|-damage|p1a: Scrafty|126\/271|[from] item: Life Orb
|
|turn|7
|
|switch|p1a: Florges|Florges, F|360\/360
|-damage|p1a: Florges|315\/360|[from] Stealth Rock
|move|p2a: Weezing|Sludge Bomb|p1a: Florges
|-supereffective|p1a: Florges
|-damage|p1a: Florges|225\/360
|-status|p1a: Florges|psn
|
|-heal|p1a: Florges|247\/360 psn|[from] item: Leftovers
|-damage|p1a: Florges|202\/360 psn|[from] psn
|turn|8
|
|switch|p2a: Lucario|Lucario, M|281\/281
|move|p1a: Florges|Protect|p1a: Florges
|-fail|p1a: Florges
|
|-heal|p1a: Florges|224\/360 psn|[from] item: Leftovers
|-damage|p1a: Florges|179\/360 psn|[from] psn
|turn|9
|
|switch|p1a: Metagross|Metagross|364\/364
|-damage|p1a: Metagross|342\/364|[from] Stealth Rock
|move|p2a: Lucario|Flash Cannon|p1a: Metagross
|-resisted|p1a: Metagross
|-damage|p1a: Metagross|265\/364
|
|turn|10
|
|switch|p2a: Bronzong|Bronzong|227\/338
|move|p1a: Metagross|Zen Headbutt|p2a: Bronzong
|-resisted|p2a: Bronzong
|-damage|p2a: Bronzong|191\/338
|
|-heal|p2a: Bronzong|212\/338|[from] item: Leftovers
|turn|11
|
|switch|p1a: Suicune|Suicune|404\/404
|-damage|p1a: Suicune|354\/404|[from] Stealth Rock
|-ability|p1a: Suicune|Pressure
|move|p2a: Bronzong|Earthquake|p1a: Suicune
|-damage|p1a: Suicune|305\/404
|
|-heal|p1a: Suicune|330\/404|[from] item: Leftovers
|-heal|p2a: Bronzong|233\/338|[from] item: Leftovers
|turn|12
|
|switch|p2a: Milotic|Milotic, F|394\/394
|move|p1a: Suicune|Calm Mind|p1a: Suicune
|-boost|p1a: Suicune|spa|1
|-boost|p1a: Suicune|spd|1
|
|-heal|p1a: Suicune|355\/404|[from] item: Leftovers
|turn|13
|
|move|p1a: Suicune|Scald|p2a: Milotic
|-resisted|p2a: Milotic
|-damage|p2a: Milotic|337\/394
|move|p2a: Milotic|Toxic|p1a: Suicune
|-status|p1a: Suicune|tox
|
|-heal|p1a: Suicune|380\/404 tox|[from] item: Leftovers
|-heal|p2a: Milotic|361\/394|[from] item: Leftovers
|-damage|p1a: Suicune|355\/404 tox|[from] psn
|turn|14
|
|switch|p1a: Porygon-Z|Porygon-Z|231\/311
|-damage|p1a: Porygon-Z|193\/311|[from] Stealth Rock
|move|p2a: Milotic|Scald|p1a: Porygon-Z
|-damage|p1a: Porygon-Z|64\/311
|
|-heal|p2a: Milotic|385\/394|[from] item: Leftovers
|turn|15
|
|switch|p2a: Bronzong|Bronzong|233\/338
|move|p1a: Porygon-Z|Hyper Beam|p2a: Bronzong|[miss]
|-miss|p1a: Porygon-Z|p2a: Bronzong
|
|-heal|p2a: Bronzong|254\/338|[from] item: Leftovers
|turn|16
|
|move|p1a: Porygon-Z|Hyper Beam|p2a: Bronzong
|-resisted|p2a: Bronzong
|-damage|p2a: Bronzong|42\/338
|move|p2a: Bronzong|Gyro Ball|p1a: Porygon-Z
|-damage|p1a: Porygon-Z|0 fnt
|faint|p1a: Porygon-Z
|
|-heal|p2a: Bronzong|63\/338|[from] item: Leftovers
|
|switch|p1a: Flygon|Flygon, M|301\/301
|-damage|p1a: Flygon|283\/301|[from] Stealth Rock
|turn|17
|
|move|p1a: Flygon|Outrage|p2a: Bronzong
|-resisted|p2a: Bronzong
|-damage|p2a: Bronzong|0 fnt
|faint|p2a: Bronzong
|
|
|switch|p2a: Milotic|Milotic, F|385\/394
|turn|18
|
|move|p1a: Flygon|Outrage|p2a: Milotic
|-crit|p2a: Milotic
|-damage|p2a: Milotic|172\/394
|move|p2a: Milotic|Recover|p2a: Milotic
|-heal|p2a: Milotic|369\/394
|
|-heal|p2a: Milotic|393\/394|[from] item: Leftovers
|turn|19
|
|move|p1a: Flygon|Outrage|p2a: Milotic
|-damage|p2a: Milotic|255\/394
|move|p2a: Milotic|Scald|p1a: Flygon
|-damage|p1a: Flygon|177\/301
|
|-end|p1a: Flygon|rampage
|-start|p1a: Flygon|confusion
|-heal|p2a: Milotic|279\/394|[from] item: Leftovers
|turn|20
|
|switch|p1a: Scrafty|Scrafty, F|126\/271
|-damage|p1a: Scrafty|110\/271|[from] Stealth Rock
|move|p2a: Milotic|Scald|p1a: Scrafty
|-damage|p1a: Scrafty|22\/271
|-status|p1a: Scrafty|brn
|
|-heal|p2a: Milotic|303\/394|[from] item: Leftovers
|-damage|p1a: Scrafty|0 fnt|[from] brn
|faint|p1a: Scrafty
|
|switch|p1a: Metagross|Metagross|265\/364
|-damage|p1a: Metagross|243\/364|[from] Stealth Rock
|turn|21
|
|move|p2a: Milotic|Scald|p1a: Metagross
|-damage|p1a: Metagross|174\/364
|move|p1a: Metagross|Zen Headbutt|p2a: Milotic
|-damage|p2a: Milotic|168\/394
|
|-heal|p2a: Milotic|192\/394|[from] item: Leftovers
|turn|22
|
|move|p2a: Milotic|Recover|p2a: Milotic
|-heal|p2a: Milotic|389\/394
|move|p1a: Metagross|Meteor Mash|p2a: Milotic
|-resisted|p2a: Milotic
|-damage|p2a: Milotic|311\/394
|
|-heal|p2a: Milotic|335\/394|[from] item: Leftovers
|turn|23
|
|move|p2a: Milotic|Scald|p1a: Metagross
|-damage|p1a: Metagross|104\/364
|move|p1a: Metagross|Meteor Mash|p2a: Milotic|[miss]
|-miss|p1a: Metagross|p2a: Milotic
|
|-heal|p2a: Milotic|359\/394|[from] item: Leftovers
|turn|24
|
|move|p2a: Milotic|Scald|p1a: Metagross
|-damage|p1a: Metagross|34\/364
|-status|p1a: Metagross|brn
|move|p1a: Metagross|Meteor Mash|p2a: Milotic
|-resisted|p2a: Milotic
|-damage|p2a: Milotic|321\/394
|-boost|p1a: Metagross|atk|1
|
|-heal|p2a: Milotic|345\/394|[from] item: Leftovers
|-damage|p1a: Metagross|0 fnt|[from] brn
|faint|p1a: Metagross
|-message|njd5211 forfeited.
|leave|njd5211
|
|win|CoolTrainerGary
|raw|Ladder updating...
|player|p1
|raw|njd5211's rating: 1399 &rarr; <strong>1372<\/strong><br \/>(-27 for losing)
|raw|CoolTrainerGary's rating: 1269 &rarr; <strong>1303<\/strong><br \/>(+34 for winning)