|join|ChelseaHead
|join|CoolTrainerGary
|player|p1|ChelseaHead|1
|player|p2|CoolTrainerGary|169
|gametype|singles
|gen|6
|tier|UU
|rated
|rule|Sleep Clause Mod: Limit one foe put to sleep
|rule|Species Clause: Limit one of each Pokémon
|rule|OHKO Clause: OHKO moves are banned
|rule|Moody Clause: Moody is banned
|rule|Evasion Moves Clause: Evasion moves are banned
|rule|Endless Battle Clause: Forcing endless battles is banned
|rule|HP Percentage Mod: HP is shown in percentages
|clearpoke
|poke|p1|Haxorus, M, shiny
|poke|p1|Absol, F
|poke|p1|Jirachi, shiny
|poke|p1|Flygon, F
|poke|p1|Mawile, M
|poke|p1|Milotic, M
|poke|p2|Aerodactyl, M
|poke|p2|Sharpedo, F
|poke|p2|Diancie
|poke|p2|Emboar, F
|poke|p2|Abomasnow, F
|poke|p2|Mesprit
|rule|Swagger Clause: Swagger is banned
|rule|Baton Pass Clause: Limit one Pokémon knowing Baton Pass
|teampreview
|
|start
|switch|p1a: Flygon|Flygon, F|301\/301
|switch|p2a: Aerodactyl|Aerodactyl, M|301\/301
|-ability|p2a: Aerodactyl|Pressure
|turn|1
|
|move|p1a: Flygon|U-turn|p2a: Aerodactyl
|-resisted|p2a: Aerodactyl
|-damage|p2a: Aerodactyl|250\/301
|
|switch|p1a: Mawile|Mawile, M|304\/304
|-ability|p1a: Mawile|Intimidate|[of] p2a: Aerodactyl
|-unboost|p2a: Aerodactyl|atk|1
|move|p2a: Aerodactyl|Stealth Rock|p1a: Mawile
|-sidestart|p1: ChelseaHead|move: Stealth Rock
|
|turn|2
|
|move|p2a: Aerodactyl|Taunt|p1a: Mawile
|-start|p1a: Mawile|move: Taunt
|move|p1a: Mawile|Iron Head|p2a: Aerodactyl
|-supereffective|p2a: Aerodactyl
|-damage|p2a: Aerodactyl|22\/301
|
|turn|3
|
|switch|p1a: Flygon|Flygon, F|301\/301
|-damage|p1a: Flygon|283\/301|[from] Stealth Rock
|move|p2a: Aerodactyl|Double-Edge|p1a: Flygon
|-damage|p1a: Flygon|187\/301
|-damage|p2a: Aerodactyl|0 fnt|[from] recoil|[of] p1a: Flygon
|faint|p2a: Aerodactyl
|
|
|switch|p2a: Mesprit|Mesprit|364\/364
|turn|4
|
|move|p1a: Flygon|U-turn|p2a: Mesprit
|-supereffective|p2a: Mesprit
|-damage|p2a: Mesprit|220\/364
|
|switch|p1a: Absol|Absol, F|271\/271
|-damage|p1a: Absol|238\/271|[from] Stealth Rock
|move|p2a: Mesprit|Trick Room|p2a: Mesprit
|-fieldstart|move: Trick Room|[of] p2a: Mesprit
|
|-heal|p2a: Mesprit|242\/364|[from] item: Leftovers
|turn|5
|
|detailschange|p1a: Absol|Absol-Mega, F
|-mega|p1a: Absol|Absol|Absolite
|move|p1a: Absol|Sucker Punch|p2a: Mesprit
|-supereffective|p2a: Mesprit
|-damage|p2a: Mesprit|0 fnt
|faint|p2a: Mesprit
|
|
|switch|p2a: Emboar|Emboar, F|423\/423
|turn|6
|
|switch|p1a: Milotic|Milotic, M|394\/394
|-damage|p1a: Milotic|345\/394|[from] Stealth Rock
|move|p2a: Emboar|Wild Charge|p1a: Milotic
|-supereffective|p1a: Milotic
|-damage|p1a: Milotic|74\/394
|-damage|p2a: Emboar|355\/423|[from] recoil|[of] p1a: Milotic
|
|-heal|p1a: Milotic|98\/394|[from] item: Leftovers
|turn|7
|
|move|p2a: Emboar|Flare Blitz|p1a: Milotic
|-resisted|p1a: Milotic
|-damage|p1a: Milotic|0 fnt
|-damage|p2a: Emboar|323\/423|[from] recoil|[of] p1a: Milotic
|faint|p1a: Milotic
|
|
|switch|p1a: Haxorus|Haxorus, M, shiny|294\/294
|-damage|p1a: Haxorus|258\/294|[from] Stealth Rock
|-ability|p1a: Haxorus|Mold Breaker
|turn|8
|
|move|p2a: Emboar|Superpower|p1a: Haxorus
|-damage|p1a: Haxorus|8\/294
|-unboost|p2a: Emboar|atk|1
|-unboost|p2a: Emboar|def|1
|move|p1a: Haxorus|Earthquake|p2a: Emboar
|-supereffective|p2a: Emboar
|-damage|p2a: Emboar|0 fnt
|-damage|p1a: Haxorus|0 fnt|[from] item: Life Orb
|faint|p2a: Emboar
|faint|p1a: Haxorus
|
|-fieldend|move: Trick Room
|
|switch|p1a: Jirachi|Jirachi, shiny|341\/341
|switch|p2a: Sharpedo|Sharpedo, F|281\/281
|-damage|p1a: Jirachi|320\/341|[from] Stealth Rock
|turn|9
|
|move|p1a: Jirachi|U-turn|p2a: Sharpedo
|-supereffective|p2a: Sharpedo
|-damage|p2a: Sharpedo|0 fnt
|faint|p2a: Sharpedo
|-message|CoolTrainerGary forfeited.
|leave|CoolTrainerGary
|
|win|ChelseaHead
|raw|Ladder updating...
|player|p2