|join|Morhange
|join|Robert Edward Lee
|player|p1|Morhange|267
|player|p2|Robert Edward Lee|214
|gametype|singles
|gen|6
|tier|OU
|rated
|clearpoke
|poke|p1|Pinsir, M, shiny
|poke|p1|Clefable, M
|poke|p1|Magnezone
|poke|p1|Keldeo-Resolute
|poke|p1|Donphan, F, shiny
|poke|p1|Darmanitan, M
|poke|p2|Medicham, F, shiny
|poke|p2|Ferrothorn, F
|poke|p2|Rotom-Wash
|poke|p2|Latios, M
|poke|p2|Tyranitar, M
|poke|p2|Gengar, F, shiny
|rule|Swagger Clause: Swagger is banned
|rule|Baton Pass Clause: Limit one Pokémon knowing Baton Pass
|rule|Sleep Clause Mod: Limit one foe put to sleep
|rule|Species Clause: Limit one of each Pokémon
|rule|OHKO Clause: OHKO moves are banned
|rule|Moody Clause: Moody is banned
|rule|Evasion Moves Clause: Evasion moves are banned
|rule|Endless Battle Clause: Forcing endless battles is banned
|rule|HP Percentage Mod: HP is shown in percentages
|teampreview
|c|★Robert Edward Lee|gl hf
|c|★Morhange|gl ^^
|
|start
|switch|p1a: Clef.|Clefable, M|390\/390
|switch|p2a: Medicham|Medicham, F, shiny|261\/261
|turn|1
|
|switch|p2a: Gengar|Gengar, F, shiny|259\/259
|move|p1a: Clef.|Fire Blast|p2a: Gengar
|-damage|p2a: Gengar|153\/259
|
|turn|2
|
|switch|p1a: Magnezone|Magnezone|281\/281
|move|p2a: Gengar|Shadow Ball|p1a: Magnezone
|-damage|p1a: Magnezone|69\/281
|-damage|p2a: Gengar|128\/259|[from] item: Life Orb
|
|turn|3
|
|switch|p2a: Ferrothorn|Ferrothorn, F|352\/352
|move|p1a: Magnezone|Volt Switch|p2a: Ferrothorn
|-resisted|p2a: Ferrothorn
|-damage|p2a: Ferrothorn|296\/352
|
|switch|p1a: Clef.|Clefable, M|390\/390
|
|-heal|p2a: Ferrothorn|318\/352|[from] item: Leftovers
|turn|4
|
|switch|p2a: Rotom-Wash|Rotom-Wash|304\/304
|move|p1a: Clef.|Stealth Rock|p2a: Rotom-Wash
|-sidestart|p2: Robert Edward Lee|move: Stealth Rock
|
|turn|5
|
|move|p2a: Rotom-Wash|Volt Switch|p1a: Clef.
|-damage|p1a: Clef.|309\/390
|
|switch|p2a: Gengar|Gengar, F, shiny|128\/259
|-damage|p2a: Gengar|96\/259|[from] Stealth Rock
|move|p1a: Clef.|Moonblast|p2a: Gengar
|-resisted|p2a: Gengar
|-damage|p2a: Gengar|24\/259
|
|-heal|p1a: Clef.|333\/390|[from] item: Leftovers
|turn|6
|
|move|p2a: Gengar|Sludge Wave|p1a: Clef.
|-supereffective|p1a: Clef.
|-damage|p1a: Clef.|0 fnt
|-damage|p2a: Gengar|0 fnt|[from] item: Life Orb
|faint|p1a: Clef.
|faint|p2a: Gengar
|
|
|switch|p1a: Magnezone|Magnezone|69\/281
|switch|p2a: Medicham|Medicham, F, shiny|261\/261
|-damage|p2a: Medicham|245\/261|[from] Stealth Rock
|turn|7
|
|detailschange|p2a: Medicham|Medicham-Mega, F, shiny
|message|Medicham has Mega Evolved into Mega Medicham!
|move|p2a: Medicham|Fake Out|p1a: Magnezone
|-resisted|p1a: Magnezone
|-damage|p1a: Magnezone|31\/281
|cant|p1a: Magnezone|flinch
|
|turn|8
|
|switch|p2a: Ferrothorn|Ferrothorn, F|318\/352
|-damage|p2a: Ferrothorn|296\/352|[from] Stealth Rock
|move|p1a: Magnezone|Volt Switch|p2a: Ferrothorn
|-resisted|p2a: Ferrothorn
|-damage|p2a: Ferrothorn|246\/352
|
|switch|p1a: Darmanitan|Darmanitan, M|351\/351
|
|-heal|p2a: Ferrothorn|268\/352|[from] item: Leftovers
|turn|9
|
|move|p2a: Ferrothorn|Protect|p2a: Ferrothorn
|-singleturn|p2a: Ferrothorn|Protect
|move|p1a: Darmanitan|U-turn|p2a: Ferrothorn
|-activate|p2a: Ferrothorn|Protect
|
|-heal|p2a: Ferrothorn|290\/352|[from] item: Leftovers
|turn|10
|
|switch|p1a: Magnezone|Magnezone|31\/281
|move|p2a: Ferrothorn|Stealth Rock|p1a: Magnezone
|-sidestart|p1: Morhange|move: Stealth Rock
|
|-heal|p2a: Ferrothorn|312\/352|[from] item: Leftovers
|turn|11
|
|move|p1a: Magnezone|Hidden Power|p2a: Ferrothorn
|-supereffective|p2a: Ferrothorn
|-damage|p2a: Ferrothorn|80\/352
|move|p2a: Ferrothorn|Leech Seed|p1a: Magnezone
|-start|p1a: Magnezone|move: Leech Seed
|
|-heal|p2a: Ferrothorn|102\/352|[from] item: Leftovers
|-damage|p1a: Magnezone|0 fnt|[from] Leech Seed|[of] p2a: Ferrothorn
|-heal|p2a: Ferrothorn|133\/352|[silent]
|faint|p1a: Magnezone
|
|switch|p1a: Keldeo-Resolute|Keldeo-Resolute|323\/323
|-damage|p1a: Keldeo-Resolute|303\/323|[from] Stealth Rock
|turn|12
|
|move|p1a: Keldeo-Resolute|Secret Sword|p2a: Ferrothorn
|-supereffective|p2a: Ferrothorn
|-damage|p2a: Ferrothorn|0 fnt
|faint|p2a: Ferrothorn
|
|
|switch|p2a: Medicham|Medicham-Mega, F, shiny|245\/261
|-damage|p2a: Medicham|229\/261|[from] Stealth Rock
|turn|13
|
|switch|p1a: Donfina|Donphan, F, shiny|384\/384
|-damage|p1a: Donfina|360\/384|[from] Stealth Rock
|move|p2a: Medicham|Zen Headbutt|p1a: Donfina
|-damage|p1a: Donfina|210\/384
|
|-heal|p1a: Donfina|234\/384|[from] item: Leftovers
|turn|14
|
|move|p2a: Medicham|High Jump Kick|p1a: Donfina
|-damage|p1a: Donfina|2\/384
|move|p1a: Donfina|Rapid Spin|p2a: Medicham
|-damage|p2a: Medicham|208\/261
|-sideend|p1: Morhange|Stealth Rock|[from] move: Rapid Spin|[of] p1a: Donfina
|
|-heal|p1a: Donfina|26\/384|[from] item: Leftovers
|turn|15
|
|move|p1a: Donfina|Ice Shard|p2a: Medicham
|-damage|p2a: Medicham|168\/261
|move|p2a: Medicham|Zen Headbutt|p1a: Donfina
|-crit|p1a: Donfina
|-damage|p1a: Donfina|0 fnt
|faint|p1a: Donfina
|
|
|switch|p1a: Pinsir|Pinsir, M, shiny|271\/271
|-ability|p1a: Pinsir|Mold Breaker
|turn|16
|
|move|p2a: Medicham|Zen Headbutt|p1a: Pinsir
|-damage|p1a: Pinsir|21\/271
|move|p1a: Pinsir|Substitute|p1a: Pinsir
|-fail|p1a: Pinsir|move: Substitute|[weak]
|
|turn|17
|
|switch|p2a: Rotom-Wash|Rotom-Wash|304\/304
|-damage|p2a: Rotom-Wash|266\/304|[from] Stealth Rock
|move|p1a: Pinsir|Earthquake|p2a: Rotom-Wash
|-supereffective|p2a: Rotom-Wash
|-damage|p2a: Rotom-Wash|110\/304
|
|turn|18
|
|move|p1a: Pinsir|Earthquake|p2a: Rotom-Wash
|-supereffective|p2a: Rotom-Wash
|-damage|p2a: Rotom-Wash|0 fnt
|faint|p2a: Rotom-Wash
|
|
|switch|p2a: Medicham|Medicham-Mega, F, shiny|168\/261
|-damage|p2a: Medicham|152\/261|[from] Stealth Rock
|turn|19
|
|switch|p1a: Keldeo-Resolute|Keldeo-Resolute|303\/323
|move|p2a: Medicham|Fake Out|p1a: Keldeo-Resolute
|-damage|p1a: Keldeo-Resolute|223\/323
|
|turn|20
|
|switch|p1a: Darmanitan|Darmanitan, M|351\/351
|switch|p2a: Latios|Latios, M|299\/299
|-damage|p2a: Latios|262\/299|[from] Stealth Rock
|
|turn|21
|
|switch|p2a: Medicham|Medicham-Mega, F, shiny|152\/261
|-damage|p2a: Medicham|136\/261|[from] Stealth Rock
|move|p1a: Darmanitan|U-turn|p2a: Medicham
|-damage|p2a: Medicham|28\/261
|
|switch|p1a: Keldeo-Resolute|Keldeo-Resolute|223\/323
|
|turn|22
|
|move|p2a: Medicham|Fake Out|p1a: Keldeo-Resolute
|-damage|p1a: Keldeo-Resolute|129\/323
|cant|p1a: Keldeo-Resolute|flinch
|
|turn|23
|
|move|p1a: Keldeo-Resolute|Scald|p2a: Medicham
|-damage|p2a: Medicham|0 fnt
|faint|p2a: Medicham
|
|
|switch|p2a: Latios|Latios, M|262\/299
|-damage|p2a: Latios|225\/299|[from] Stealth Rock
|turn|24
|
|switch|p1a: Pinsir|Pinsir, M, shiny|21\/271
|-ability|p1a: Pinsir|Mold Breaker
|move|p2a: Latios|Psychic|p1a: Pinsir
|-damage|p1a: Pinsir|0 fnt
|-damage|p2a: Latios|196\/299|[from] item: Life Orb
|faint|p1a: Pinsir
|
|
|switch|p1a: Darmanitan|Darmanitan, M|351\/351
|turn|25
|
|move|p1a: Darmanitan|U-turn|p2a: Latios
|-supereffective|p2a: Latios
|-damage|p2a: Latios|0 fnt
|faint|p2a: Latios
|
|switch|p1a: Keldeo-Resolute|Keldeo-Resolute|129\/323
|
|
|switch|p2a: Tyranitar|Tyranitar, M|341\/341
|-damage|p2a: Tyranitar|299\/341|[from] Stealth Rock
|-weather|Sandstorm
|turn|26
|
|move|p2a: Tyranitar|Stone Edge|p1a: Keldeo-Resolute|[miss]
|-miss|p2a: Tyranitar|p1a: Keldeo-Resolute
|move|p1a: Keldeo-Resolute|Secret Sword|p2a: Tyranitar
|-supereffective|p2a: Tyranitar
|-damage|p2a: Tyranitar|0 fnt
|faint|p2a: Tyranitar
|
|win|Morhange
|raw|Ladder updating...
|raw|Morhange's rating: 1722 &rarr; <strong>1746<\/strong><br \/>(+24 for winning)
|raw|Robert Edward Lee's rating: 1795 &rarr; <strong>1771<\/strong><br \/>(-24 for losing)
|c|★Robert Edward Lee|gg
|leave|Robert Edward Lee
|player|p2
|c|★Morhange|gg