|join|Robert Edward Lee
|join|Hogback_fosh_men
|player|p1|Robert Edward Lee|214
|player|p2|Hogback_fosh_men|2
|gametype|singles
|gen|6
|tier|OU
|rated
|clearpoke
|poke|p1|Politoed, F
|poke|p1|Heracross, M, shiny
|poke|p1|Ferrothorn, F
|poke|p1|Latias, F
|poke|p1|Kingdra, M, shiny
|poke|p1|Kabutops, F, shiny
|poke|p2|Azumarill, F
|poke|p2|Manectric, M, shiny
|poke|p2|Ferrothorn, M
|poke|p2|Conkeldurr, M, shiny
|poke|p2|Heatran, M
|poke|p2|Latios, M, shiny
|rule|Swagger Clause: Swagger is banned
|rule|Baton Pass Clause: Limit one Pokémon knowing Baton Pass
|rule|Sleep Clause Mod: Limit one foe put to sleep
|rule|Species Clause: Limit one of each Pokémon
|rule|OHKO Clause: OHKO moves are banned
|rule|Moody Clause: Moody is banned
|rule|Evasion Moves Clause: Evasion moves are banned
|rule|Endless Battle Clause: Forcing endless battles is banned
|rule|HP Percentage Mod: HP is shown in percentages
|teampreview
|c|★Robert Edward Lee|gl hf
|
|start
|switch|p1a: Politoed|Politoed, F|384\/384
|switch|p2a: GucciMane|Manectric, M, shiny|282\/282
|-weather|RainDance
|turn|1
|c|★Hogback_fosh_men|same to u
|
|detailschange|p2a: GucciMane|Manectric-Mega, M, shiny
|message|Manectric has Mega Evolved into Mega Manectric!
|-ability|p2a: GucciMane|Intimidate|[of] p1a: Politoed
|-unboost|p1a: Politoed|atk|1
|move|p2a: GucciMane|Volt Switch|p1a: Politoed
|-supereffective|p1a: Politoed
|-damage|p1a: Politoed|220\/384
|
|switch|p2a: Ferrothorn|Ferrothorn, M|352\/352
|move|p1a: Politoed|Hypnosis|p2a: Ferrothorn
|-status|p2a: Ferrothorn|slp
|
|-weather|RainDance|[upkeep]
|turn|2
|
|switch|p1a: Heracross|Heracross, M, shiny|308\/308
|cant|p2a: Ferrothorn|slp
|
|-weather|RainDance|[upkeep]
|turn|3
|
|switch|p2a: ItsRaining|Latios, M, shiny|302\/302
|detailschange|p1a: Heracross|Heracross-Mega, M, shiny
|message|Heracross has Mega Evolved into Mega Heracross!
|move|p1a: Heracross|Rock Blast|p2a: ItsRaining
|-damage|p2a: ItsRaining|250\/302
|-damage|p2a: ItsRaining|200\/302
|-damage|p2a: ItsRaining|145\/302
|-damage|p2a: ItsRaining|96\/302
|-damage|p2a: ItsRaining|40\/302
|-hitcount|p2a: ItsRaining|5
|
|-weather|RainDance|[upkeep]
|turn|4
|
|switch|p1a: Ferrothorn|Ferrothorn, F|352\/352
|move|p2a: ItsRaining|Trick|p1a: Ferrothorn
|-activate|p2a: ItsRaining|move: Trick|[of] p1a: Ferrothorn
|-item|p1a: Ferrothorn|Choice Specs|[from] move: Trick
|-item|p2a: ItsRaining|Leftovers|[from] move: Trick
|
|-weather|RainDance|[upkeep]
|-heal|p2a: ItsRaining|58\/302|[from] item: Leftovers
|turn|5
|
|switch|p2a: Ferrothorn|Ferrothorn, M|352\/352 slp
|move|p1a: Ferrothorn|Stealth Rock|p2a: Ferrothorn
|-sidestart|p2: Hogback_fosh_men|move: Stealth Rock
|
|-weather|RainDance|[upkeep]
|turn|6
|c|★Robert Edward Lee|specs rocks imo
|
|switch|p1a: Heracross|Heracross-Mega, M, shiny|308\/308
|-curestatus|p2a: Ferrothorn|slp
|move|p2a: Ferrothorn|Stealth Rock|p1a: Heracross
|-sidestart|p1: Robert Edward Lee|move: Stealth Rock
|
|-weather|RainDance|[upkeep]
|turn|7
|
|switch|p2a: ItsRaining|Latios, M, shiny|58\/302
|-damage|p2a: ItsRaining|21\/302|[from] Stealth Rock
|move|p1a: Heracross|Close Combat|p2a: ItsRaining
|-resisted|p2a: ItsRaining
|-damage|p2a: ItsRaining|0 fnt
|-unboost|p1a: Heracross|def|1
|-unboost|p1a: Heracross|spd|1
|faint|p2a: ItsRaining
|
|-weather|RainDance|[upkeep]
|
|switch|p2a: GucciMane|Manectric-Mega, M, shiny|282\/282
|-damage|p2a: GucciMane|247\/282|[from] Stealth Rock
|-ability|p2a: GucciMane|Intimidate|[of] p1a: Heracross
|-unboost|p1a: Heracross|atk|1
|turn|8
|
|switch|p1a: Ferrothorn|Ferrothorn, F|352\/352
|-damage|p1a: Ferrothorn|330\/352|[from] Stealth Rock
|move|p2a: GucciMane|Volt Switch|p1a: Ferrothorn
|-resisted|p1a: Ferrothorn
|-damage|p1a: Ferrothorn|286\/352
|
|switch|p2a: Heatran|Heatran, M|324\/324
|-damage|p2a: Heatran|284\/324|[from] Stealth Rock
|
|-weather|none
|-heal|p2a: Heatran|304\/324|[from] item: Leftovers
|turn|9
|
|switch|p1a: Politoed|Politoed, F|220\/384
|-damage|p1a: Politoed|172\/384|[from] Stealth Rock
|-weather|RainDance
|move|p2a: Heatran|Earth Power|p1a: Politoed
|-damage|p1a: Politoed|92\/384
|-unboost|p1a: Politoed|spd|1
|
|-weather|RainDance|[upkeep]
|-heal|p2a: Heatran|324\/324|[from] item: Leftovers
|turn|10
|
|switch|p1a: Heracross|Heracross-Mega, M, shiny|308\/308
|-damage|p1a: Heracross|270\/308|[from] Stealth Rock
|move|p2a: Heatran|Earth Power|p1a: Heracross
|-resisted|p1a: Heracross
|-damage|p1a: Heracross|221\/308
|
|-weather|RainDance|[upkeep]
|turn|11
|
|switch|p2a: Azumarill|Azumarill, F|386\/386
|-damage|p2a: Azumarill|338\/386|[from] Stealth Rock
|move|p1a: Heracross|Close Combat|p2a: Azumarill
|-resisted|p2a: Azumarill
|-damage|p2a: Azumarill|174\/386
|-unboost|p1a: Heracross|def|1
|-unboost|p1a: Heracross|spd|1
|-enditem|p2a: Azumarill|Sitrus Berry|[eat]
|-heal|p2a: Azumarill|270\/386|[from] item: Sitrus Berry
|
|-weather|RainDance|[upkeep]
|turn|12
|
|move|p1a: Heracross|Rock Blast|p2a: Azumarill|[miss]
|-miss|p1a: Heracross|p2a: Azumarill
|move|p2a: Azumarill|Superpower|p1a: Heracross
|-resisted|p1a: Heracross
|-damage|p1a: Heracross|108\/308
|-unboost|p2a: Azumarill|atk|1
|-unboost|p2a: Azumarill|def|1
|
|-weather|RainDance|[upkeep]
|turn|13
|
|switch|p1a: Ferrothorn|Ferrothorn, F|286\/352
|-damage|p1a: Ferrothorn|264\/352|[from] Stealth Rock
|move|p2a: Azumarill|Aqua Jet|p1a: Ferrothorn
|-resisted|p1a: Ferrothorn
|-damage|p1a: Ferrothorn|237\/352
|-damage|p2a: Azumarill|222\/386|[from] ability: Iron Barbs|[of] p1a: Ferrothorn
|
|-weather|RainDance|[upkeep]
|turn|14
|
|switch|p2a: Ferrothorn|Ferrothorn, M|352\/352
|-damage|p2a: Ferrothorn|330\/352|[from] Stealth Rock
|move|p1a: Ferrothorn|Gyro Ball|p2a: Ferrothorn
|-crit|p2a: Ferrothorn
|-resisted|p2a: Ferrothorn
|-damage|p2a: Ferrothorn|313\/352
|-damage|p1a: Ferrothorn|193\/352|[from] ability: Iron Barbs|[of] p2a: Ferrothorn
|-damage|p1a: Ferrothorn|135\/352|[from] item: Rocky Helmet|[of] p2a: Ferrothorn
|
|-weather|RainDance|[upkeep]
|turn|15
|
|switch|p1a: Latias|Latias, F|299\/299
|-damage|p1a: Latias|262\/299|[from] Stealth Rock
|move|p2a: Ferrothorn|Spikes|p1a: Latias
|-sidestart|p1: Robert Edward Lee|Spikes
|
|-weather|RainDance|[upkeep]
|turn|16
|
|move|p1a: Latias|Healing Wish|p1a: Latias
|faint|p1a: Latias
|move|p2a: Ferrothorn|Gyro Ball|p1: Latias|[notarget]
|-notarget
|
|-weather|none
|
|switch|p1a: Heracross|Heracross-Mega, M, shiny|108\/308
|-heal|p1a: Heracross|308\/308|[from] move: Healing Wish
|-damage|p1a: Heracross|270\/308|[from] Stealth Rock
|-damage|p1a: Heracross|232\/308|[from] Spikes
|turn|17
|
|switch|p2a: Azumarill|Azumarill, F|222\/386
|-damage|p2a: Azumarill|174\/386|[from] Stealth Rock
|move|p1a: Heracross|Close Combat|p2a: Azumarill
|-resisted|p2a: Azumarill
|-damage|p2a: Azumarill|0 fnt
|-unboost|p1a: Heracross|def|1
|-unboost|p1a: Heracross|spd|1
|faint|p2a: Azumarill
|
|
|switch|p2a: Heatran|Heatran, M|324\/324
|-damage|p2a: Heatran|284\/324|[from] Stealth Rock
|turn|18
|
|switch|p1a: Politoed|Politoed, F|92\/384
|-damage|p1a: Politoed|44\/384|[from] Spikes
|-damage|p1a: Politoed|0 fnt|[from] Stealth Rock
|faint|p1a: Politoed
|move|p2a: Heatran|Lava Plume|p1: Politoed|[notarget]
|-notarget
|
|-heal|p2a: Heatran|304\/324|[from] item: Leftovers
|
|switch|p1a: Kingdra|Kingdra, M, shiny|291\/291
|-damage|p1a: Kingdra|255\/291|[from] Stealth Rock
|-damage|p1a: Kingdra|219\/291|[from] Spikes
|turn|19
|
|switch|p2a: Ferrothorn|Ferrothorn, M|313\/352
|-damage|p2a: Ferrothorn|291\/352|[from] Stealth Rock
|switch|p1a: Heracross|Heracross-Mega, M, shiny|232\/308
|-damage|p1a: Heracross|194\/308|[from] Spikes
|-damage|p1a: Heracross|156\/308|[from] Stealth Rock
|
|turn|20
|
|switch|p2a: Heatran|Heatran, M|304\/324
|-damage|p2a: Heatran|264\/324|[from] Stealth Rock
|move|p1a: Heracross|Close Combat|p2a: Heatran
|-crit|p2a: Heatran
|-supereffective|p2a: Heatran
|-damage|p2a: Heatran|0 fnt
|-unboost|p1a: Heracross|def|1
|-unboost|p1a: Heracross|spd|1
|faint|p2a: Heatran
|
|
|switch|p2a: GucciMane|Manectric-Mega, M, shiny|247\/282
|-damage|p2a: GucciMane|212\/282|[from] Stealth Rock
|-ability|p2a: GucciMane|Intimidate|[of] p1a: Heracross
|-unboost|p1a: Heracross|atk|1
|turn|21
|
|switch|p1a: Ferrothorn|Ferrothorn, F|135\/352
|-damage|p1a: Ferrothorn|113\/352|[from] Stealth Rock
|-damage|p1a: Ferrothorn|69\/352|[from] Spikes
|move|p2a: GucciMane|Thunderbolt|p1a: Ferrothorn
|-crit|p1a: Ferrothorn
|-resisted|p1a: Ferrothorn
|-damage|p1a: Ferrothorn|0 fnt
|faint|p1a: Ferrothorn
|
|
|switch|p1a: Kingdra|Kingdra, M, shiny|219\/291
|-damage|p1a: Kingdra|183\/291|[from] Stealth Rock
|-damage|p1a: Kingdra|147\/291|[from] Spikes
|turn|22
|
|move|p2a: GucciMane|Volt Switch|p1a: Kingdra
|-damage|p1a: Kingdra|35\/291
|
|switch|p2a: Ferrothorn|Ferrothorn, M|291\/352
|-damage|p2a: Ferrothorn|269\/352|[from] Stealth Rock
|move|p1a: Kingdra|Scald|p2a: Ferrothorn
|-resisted|p2a: Ferrothorn
|-damage|p2a: Ferrothorn|205\/352
|-status|p2a: Ferrothorn|brn
|
|-damage|p2a: Ferrothorn|161\/352 brn|[from] brn
|turn|23
|
|move|p1a: Kingdra|Scald|p2a: Ferrothorn
|-resisted|p2a: Ferrothorn
|-damage|p2a: Ferrothorn|93\/352 brn
|move|p2a: Ferrothorn|Leech Seed|p1a: Kingdra
|-start|p1a: Kingdra|move: Leech Seed
|
|-damage|p1a: Kingdra|0 fnt|[from] Leech Seed|[of] p2a: Ferrothorn
|-heal|p2a: Ferrothorn|128\/352 brn|[silent]
|-damage|p2a: Ferrothorn|84\/352 brn|[from] brn
|faint|p1a: Kingdra
|
|switch|p1a: Heracross|Heracross-Mega, M, shiny|156\/308
|-damage|p1a: Heracross|118\/308|[from] Spikes
|-damage|p1a: Heracross|80\/308|[from] Stealth Rock
|turn|24
|
|move|p1a: Heracross|Pin Missile|p2a: Ferrothorn
|-damage|p2a: Ferrothorn|36\/352 brn
|-damage|p2a: Ferrothorn|0 fnt
|-hitcount|p2a: Ferrothorn|2
|faint|p2a: Ferrothorn
|
|
|switch|p2a: GucciMane|Manectric-Mega, M, shiny|212\/282
|-damage|p2a: GucciMane|177\/282|[from] Stealth Rock
|-ability|p2a: GucciMane|Intimidate|[of] p1a: Heracross
|-unboost|p1a: Heracross|atk|1
|turn|25
|
|move|p2a: GucciMane|Volt Switch|p1a: Heracross
|-damage|p1a: Heracross|0 fnt
|faint|p1a: Heracross
|
|switch|p2a: UncleRucus|Conkeldurr, M, shiny|404\/404
|-damage|p2a: UncleRucus|379\/404|[from] Stealth Rock
|
|
|switch|p1a: Kabutops|Kabutops, F, shiny|261\/261
|-damage|p1a: Kabutops|229\/261|[from] Spikes
|-damage|p1a: Kabutops|197\/261|[from] Stealth Rock
|turn|26
|
|move|p1a: Kabutops|Waterfall|p2a: UncleRucus
|-damage|p2a: UncleRucus|167\/404
|-damage|p1a: Kabutops|171\/261|[from] item: Life Orb
|move|p2a: UncleRucus|Drain Punch|p1a: Kabutops
|-supereffective|p1a: Kabutops
|-damage|p1a: Kabutops|0 fnt
|-heal|p2a: UncleRucus|253\/404|[from] drain|[of] p1a: Kabutops
|faint|p1a: Kabutops
|
|win|Hogback_fosh_men
|raw|Ladder updating...
|raw|Robert Edward Lee's rating: 1749 &rarr; <strong>1728<\/strong><br \/>(-21 for losing)
|raw|Hogback_fosh_men's rating: 1733 &rarr; <strong>1754<\/strong><br \/>(+21 for winning)
|c|★Robert Edward Lee|gg
|c|★Hogback_fosh_men|gg