|join|Robert Edward Lee
|join|Ubers Must Fall
|player|p1|Robert Edward Lee|214
|player|p2|Ubers Must Fall|124
|gametype|singles
|gen|6
|tier|OU
|rated
|clearpoke
|poke|p1|Scizor, F, shiny
|poke|p1|Kyurem-Black, shiny
|poke|p1|Azumarill, M
|poke|p1|Heatran, F
|poke|p1|Latios, M
|poke|p1|Landorus, M
|poke|p2|Pinsir, M
|poke|p2|Latias, F
|poke|p2|Clefable, M
|poke|p2|Keldeo-Resolute, shiny
|poke|p2|Magnezone, shiny
|poke|p2|Landorus-Therian, M
|rule|Swagger Clause: Swagger is banned
|rule|Baton Pass Clause: Limit one Pokémon knowing Baton Pass
|rule|Sleep Clause Mod: Limit one foe put to sleep
|rule|Species Clause: Limit one of each Pokémon
|rule|OHKO Clause: OHKO moves are banned
|rule|Moody Clause: Moody is banned
|rule|Evasion Moves Clause: Evasion moves are banned
|rule|Endless Battle Clause: Forcing endless battles is banned
|rule|HP Percentage Mod: HP is shown in percentages
|teampreview
|c|★Robert Edward Lee|gl hf
|join|well done
|c| well done|nl hf
|c|★Ubers Must Fall|hf
|c|★Robert Edward Lee|owait
|c|★Robert Edward Lee|wrong team ;-;
|
|start
|switch|p1a: Azumarill|Azumarill, M|401\/401
|switch|p2a: Zone'd|Magnezone, shiny|284\/284
|turn|1
|
|switch|p1a: Landorus|Landorus, M|319\/319
|move|p2a: Zone'd|Flash Cannon|p1a: Landorus
|-damage|p1a: Landorus|133\/319
|-unboost|p1a: Landorus|spd|1
|
|turn|2
|
|switch|p1a: The Red Terror|Heatran, F|362\/362
|-item|p1a: The Red Terror|Air Balloon
|move|p2a: Zone'd|Flash Cannon|p1a: The Red Terror
|-resisted|p1a: The Red Terror
|-damage|p1a: The Red Terror|331\/362
|-enditem|p1a: The Red Terror|Air Balloon
|
|turn|3
|join|megaman27
|
|switch|p2a: Horse|Keldeo-Resolute, shiny|323\/323
|move|p1a: The Red Terror|Stealth Rock|p2a: Horse
|-sidestart|p2: Ubers Must Fall|move: Stealth Rock
|
|turn|4
|c| well done|wsup faget lmao
|c|★Robert Edward Lee|neighgh
|
|switch|p1a: Azumarill|Azumarill, M|401\/401
|move|p2a: Horse|Scald|p1a: Azumarill
|-resisted|p1a: Azumarill
|-damage|p1a: Azumarill|314\/401
|-status|p1a: Azumarill|brn
|
|-damage|p1a: Azumarill|264\/401 brn|[from] brn
|turn|5
|c|★Robert Edward Lee|;-;
|c| well done|not u
|
|switch|p2a: Zone'd|Magnezone, shiny|284\/284
|-damage|p2a: Zone'd|267\/284|[from] Stealth Rock
|switch|p1a: The Red Terror|Heatran, F|331\/362
|
|turn|6
|c| megaman27|That burn
|c| megaman27|Nice double
|c|★Robert Edward Lee|i think that burn tho cost me teh game ;-;
|
|move|p2a: Zone'd|Volt Switch|p1a: The Red Terror
|-damage|p1a: The Red Terror|220\/362
|c| well done|if u had balls u would OU me
|
|switch|p2a: Horse|Keldeo-Resolute, shiny|323\/323
|-damage|p2a: Horse|303\/323|[from] Stealth Rock
|move|p1a: The Red Terror|Fire Blast|p2a: Horse|[miss]
|-miss|p1a: The Red Terror|p2a: Horse
|
|turn|7
|c| well done|and u cant say that yet
|
|switch|p1a: Moist Nugget|Latios, M|299\/299
|move|p2a: Horse|Icy Wind|p1a: Moist Nugget
|-supereffective|p1a: Moist Nugget
|-damage|p1a: Moist Nugget|119\/299
|-unboost|p1a: Moist Nugget|spe|1
|
|turn|8
|
|switch|p2a: Zone'd|Magnezone, shiny|267\/284
|-damage|p2a: Zone'd|250\/284|[from] Stealth Rock
|switch|p1a: Azumarill|Azumarill, M|264\/401 brn
|
|-damage|p1a: Azumarill|214\/401 brn|[from] brn
|turn|9
|c|★Robert Edward Lee|yeh its gg
|c|★Robert Edward Lee|gg
|
|switch|p1a: Landorus|Landorus, M|133\/319
|move|p2a: Zone'd|Volt Switch|p1a: Landorus
|-immune|p1a: Landorus|[msg]
|
|turn|10
|c| well done|idk robert youre a little too sober imo
|
|switch|p2a: Cat|Landorus-Therian, M|319\/319
|-damage|p2a: Cat|280\/319|[from] Stealth Rock
|-ability|p2a: Cat|Intimidate|[of] p1a: Landorus
|-unboost|p1a: Landorus|atk|1
|move|p1a: Landorus|Knock Off|p2a: Cat
|-damage|p2a: Cat|201\/319
|-enditem|p2a: Cat|Choice Scarf|[from] move: Knock Off|[of] p1a: Landorus
|-damage|p1a: Landorus|102\/319|[from] item: Life Orb
|
|turn|11
|c| megaman27|Your going to give up all ready
|c| well done|youre
|
|switch|p2a: Clef.|Clefable, M|390\/390
|move|p1a: Landorus|Psychic|p2a: Clef.
|-damage|p2a: Clef.|234\/390
|
|-heal|p2a: Clef.|258\/390|[from] item: Leftovers
|turn|12
|
|move|p1a: Landorus|Knock Off|p2a: Clef.
|-resisted|p2a: Clef.
|-damage|p2a: Clef.|219\/390
|-enditem|p2a: Clef.|Leftovers|[from] move: Knock Off|[of] p1a: Landorus
|-damage|p1a: Landorus|71\/319|[from] item: Life Orb
|move|p2a: Clef.|Stealth Rock|p1a: Landorus
|-sidestart|p1: Robert Edward Lee|move: Stealth Rock
|
|turn|13
|
|move|p1a: Landorus|Knock Off|p2a: Clef.
|-resisted|p2a: Clef.
|-damage|p2a: Clef.|190\/390
|-damage|p1a: Landorus|40\/319|[from] item: Life Orb
|move|p2a: Clef.|Moonblast|p1a: Landorus
|-damage|p1a: Landorus|0 fnt
|faint|p1a: Landorus
|
|c|★Robert Edward Lee|yeh gg
|-message|Robert Edward Lee forfeited.
|
|win|Ubers Must Fall
|raw|Ladder updating...
|leave|Robert Edward Lee
|player|p1
|raw|Robert Edward Lee's rating: 1755 &rarr; <strong>1731<\/strong><br \/>(-24 for losing)
|raw|Ubers Must Fall's rating: 1689 &rarr; <strong>1713<\/strong><br \/>(+24 for winning)