|join|Cosine180
|join|Dark380
|player|p1|Cosine180|33
|player|p2|Dark380|102
|gametype|singles
|gen|5
|tier|[Gen 5] OU
|rule|Evasion Abilities Clause: Evasion abilities are banned
|clearpoke
|poke|p1|Tyranitar, F
|poke|p1|Gliscor, F
|poke|p1|Skarmory, F
|poke|p1|Jellicent, M
|poke|p1|Breloom, M
|poke|p1|Alakazam, M
|poke|p2|Mamoswine, M
|poke|p2|Latios, M
|poke|p2|Scizor, F
|poke|p2|Kyurem-Black
|poke|p2|Salamence, M
|poke|p2|Magnezone
|rule|Sleep Clause Mod: Limit one foe put to sleep
|rule|Species Clause: Limit one of each Pokémon
|rule|OHKO Clause: OHKO moves are banned
|rule|Moody Clause: Moody is banned
|rule|Evasion Moves Clause: Evasion moves are banned
|rule|Endless Battle Clause: Forcing endless battles is banned
|rule|HP Percentage Mod: HP is shown in percentages
|teampreview
|c|★Dark380|ah
|c|★Cosine180|lol rip me
|c|★Dark380|haha
|c|★Dark380|ur shed shell it's fine
|c|★Cosine180|good thing im shed shell
|
|start
|switch|p1a: Jellicent|Jellicent, M|404\/404
|switch|p2a: Scizor|Scizor, F|341\/341
|turn|1
|c|★Cosine180|dont be lum sd
|
|move|p1a: Jellicent|Will-O-Wisp|p2a: Scizor
|-status|p2a: Scizor|brn
|move|p2a: Scizor|U-turn|p1a: Jellicent
|-crit|p1a: Jellicent
|-resisted|p1a: Jellicent
|-damage|p1a: Jellicent|302\/404
|c|★Cosine180|good
|c|★Dark380|uh
|c|★Dark380|!dt jellicent
|c|~|\/data-pokemon Jellicent
|raw|<font size="1"><font color=#585858>Dex#:<\/font> 593&nbsp;|&ThickSpace;<font color=#585858>Height:<\/font> 2.2 m&nbsp;|&ThickSpace;<font color=#585858>Weight:<\/font> 135 kg <em>(100 BP)<\/em>&nbsp;|&ThickSpace;<font color=#585858>Dex Colour:<\/font> White&nbsp;|&ThickSpace;<font color=#585858>Egg Group(s):<\/font> Amorphous&nbsp;|&ThickSpace;<font color=#585858><font color=#585858>Does Not Evolve<\/font><\/font><\/font>
|c|★Cosine180|thats rly slow sciz
|c|★Dark380|!dt scizor
|c|~|\/data-pokemon Scizor
|raw|<font size="1"><font color=#585858>Dex#:<\/font> 212&nbsp;|&ThickSpace;<font color=#585858>Height:<\/font> 1.8 m&nbsp;|&ThickSpace;<font color=#585858>Weight:<\/font> 118 kg <em>(100 BP)<\/em>&nbsp;|&ThickSpace;<font color=#585858>Dex Colour:<\/font> Red&nbsp;|&ThickSpace;<font color=#585858>Egg Group(s):<\/font> Bug&nbsp;|&ThickSpace;<font color=#585858><font color=#585858>Does Not Evolve<\/font><\/font><\/font>
|c|★Dark380|???
|
|switch|p2a: Kyurem-Black|Kyurem-Black|392\/392
|-ability|p2a: Kyurem-Black|Teravolt
|
|-heal|p1a: Jellicent|327\/404|[from] item: Leftovers
|turn|2
|c|★Cosine180|120 speed
|c|★Dark380|that sucks so fukin bad
|c|★Dark380|ur 120?
|c|★Cosine180|loool
|c|★Cosine180|ye
|c|★Dark380|I'm 170
|c|★Cosine180|i hit 186
|c|★Cosine180|120 evs
|c|★Dark380|so ur not 120
|c|★Dark380|oh
|c|★Cosine180|120 evs
|c|★Dark380|evs
|c|★Cosine180|,,
|c|★Cosine180|ya
|c|★Dark380|u saud 120 speed
|c|★Dark380|said*
|
|switch|p1a: Tyranitar|Tyranitar, F|404\/404
|-weather|Sandstorm|[from] ability: Sand Stream|[of] p1a: Tyranitar
|move|p2a: Kyurem-Black|Fusion Bolt|p1a: Tyranitar
|-damage|p1a: Tyranitar|180\/404
|
|-weather|Sandstorm|[upkeep]
|-damage|p2a: Kyurem-Black|368\/392|[from] sandstorm
|turn|3
|c|★Cosine180|yum
|c|★Dark380|nice counter nerd
|
|switch|p2a: Scizor|Scizor, F|341\/341 brn
|move|p1a: Tyranitar|Stealth Rock|p2a: Scizor
|-sidestart|p2: Dark380|move: Stealth Rock
|
|-weather|Sandstorm|[upkeep]
|-damage|p2a: Scizor|299\/341 brn|[from] brn
|turn|4
|c|★Cosine180|predicted
|c|★Cosine180|what else
|c|★Dark380|?
|
|switch|p1a: Jellicent|Jellicent, M|327\/404
|move|p2a: Scizor|U-turn|p1a: Jellicent
|-resisted|p1a: Jellicent
|-damage|p1a: Jellicent|275\/404
|c|★Dark380|where's my defog
|c|★Cosine180|lol
|
|switch|p2a: Kyurem-Black|Kyurem-Black|368\/392
|-damage|p2a: Kyurem-Black|270\/392|[from] Stealth Rock
|-ability|p2a: Kyurem-Black|Teravolt
|
|-weather|Sandstorm|[upkeep]
|-damage|p2a: Kyurem-Black|246\/392|[from] sandstorm
|-damage|p1a: Jellicent|250\/404|[from] sandstorm
|-heal|p1a: Jellicent|275\/404|[from] item: Leftovers
|turn|5
|join|CleanerThanRotom-W
|c| CleanerThanRotom-W|hey cosine
|c| CleanerThanRotom-W|did u hear
|c|★Cosine180|hello
|
|switch|p1a: Tyranitar|Tyranitar, F|180\/404
|move|p2a: Kyurem-Black|Outrage|p1a: Tyranitar
|-damage|p1a: Tyranitar|0 fnt
|faint|p1a: Tyranitar
|
|-weather|Sandstorm|[upkeep]
|-damage|p2a: Kyurem-Black|222\/392|[from] sandstorm
|c| CleanerThanRotom-W|we might get a custom ava
|c| CleanerThanRotom-W|lol
|c|★Cosine180|o nice
|c|★Cosine180|how
|c| CleanerThanRotom-W|all bof members imo
|c|★Dark380|rly?
|c| CleanerThanRotom-W|yea were talking bout it
|c| CleanerThanRotom-W|in chat
|c|★Dark380|bet it'll be like
|c|★Dark380|Drivers and up
|c|★Dark380|and I'm sat there
|
|switch|p1a: Skarmory|Skarmory, F|334\/334
|turn|6
|c|★Dark380|with my +
|c|★Dark380|alone
|c| CleanerThanRotom-W|just talk
|c| CleanerThanRotom-W|,,
|c|★Dark380|i do
|
|move|p2a: Kyurem-Black|Outrage|p1a: Skarmory
|-resisted|p1a: Skarmory
|-damage|p1a: Skarmory|220\/334
|move|p1a: Skarmory|Spikes|p2a: Kyurem-Black
|-sidestart|p2: Dark380|Spikes
|
|-end|p2a: Kyurem-Black|rampage
|-start|p2a: Kyurem-Black|confusion
|-weather|Sandstorm|[upkeep]
|-damage|p2a: Kyurem-Black|198\/392|[from] sandstorm
|-heal|p1a: Skarmory|240\/334|[from] item: Leftovers
|turn|7
|c|★Dark380|:[
|
|-activate|p2a: Kyurem-Black|confusion
|-damage|p2a: Kyurem-Black|110\/392|[from] confusion
|move|p1a: Skarmory|Whirlwind|p2a: Kyurem-Black
|drag|p2a: Scizor|Scizor, F|299\/341 brn
|-damage|p2a: Scizor|257\/341 brn|[from] Stealth Rock
|-damage|p2a: Scizor|215\/341 brn|[from] Spikes
|
|-weather|Sandstorm|[upkeep]
|-heal|p1a: Skarmory|260\/334|[from] item: Leftovers
|-damage|p2a: Scizor|173\/341 brn|[from] brn
|turn|8
|c|★Dark380|recommend me cleaner
|c|★Dark380|rofl if i got sent to mag
|c|★Cosine180|lol
|c|★Dark380|prediction of the year
|
|switch|p1a: Gliscor|Gliscor, F|354\/354
|move|p2a: Scizor|U-turn|p1a: Gliscor
|-resisted|p1a: Gliscor
|-damage|p1a: Gliscor|318\/354
|
|switch|p2a: Latios|Latios, M|315\/315
|-damage|p2a: Latios|276\/315|[from] Stealth Rock
|
|-weather|Sandstorm|[upkeep]
|-damage|p2a: Latios|257\/315|[from] sandstorm
|-status|p1a: Gliscor|tox|[from] item: Toxic Orb
|turn|9
|c|★Cosine180|shouldve gone jelli fuck
|c|★Dark380|what dies?
|
|move|p1a: Gliscor|Protect|p1a: Gliscor
|-singleturn|p1a: Gliscor|Protect
|move|p2a: Latios|Draco Meteor|p1a: Gliscor
|-activate|p1a: Gliscor|Protect
|
|-weather|Sandstorm|[upkeep]
|-damage|p2a: Latios|238\/315|[from] sandstorm
|-heal|p1a: Gliscor|354\/354 tox|[from] ability: Poison Heal
|turn|10
|
|switch|p2a: Magnezone|Magnezone|282\/282
|-damage|p2a: Magnezone|265\/282|[from] Stealth Rock
|-damage|p2a: Magnezone|230\/282|[from] Spikes
|switch|p1a: Skarmory|Skarmory, F|260\/334
|
|-weather|Sandstorm|[upkeep]
|-heal|p1a: Skarmory|280\/334|[from] item: Leftovers
|turn|11
|c|★Cosine180|.plays
|c|★Dark380|omg, go ahead
|c|★Dark380|and get
|c|★Dark380|predonkted
|c|★Cosine180|fuck u
|c|★Dark380|:]
|
|move|p2a: Magnezone|Thunderbolt|p1a: Skarmory
|-supereffective|p1a: Skarmory
|-damage|p1a: Skarmory|0 fnt
|faint|p1a: Skarmory
|
|-weather|Sandstorm|[upkeep]
|c|★Dark380|i make only the most uneccessary of plays
|
|switch|p1a: Breloom|Breloom, M|324\/324
|turn|12
|c|★Cosine180|sub here
|c|★Cosine180|lgi
|c|★Dark380|um
|c|★Dark380|no
|
|switch|p2a: Scizor|Scizor, F|173\/341 brn
|-damage|p2a: Scizor|131\/341 brn|[from] Spikes
|-damage|p2a: Scizor|89\/341 brn|[from] Stealth Rock
|move|p1a: Breloom|Drain Punch|p2a: Scizor
|-damage|p2a: Scizor|0 fnt
|faint|p2a: Scizor
|
|-weather|Sandstorm|[upkeep]
|-damage|p1a: Breloom|304\/324|[from] sandstorm
|-status|p1a: Breloom|tox|[from] item: Toxic Orb
|
|switch|p2a: Latios|Latios, M|238\/315
|-damage|p2a: Latios|199\/315|[from] Stealth Rock
|turn|13
|
|switch|p1a: Jellicent|Jellicent, M|275\/404
|move|p2a: Latios|Psychic|p1a: Jellicent
|-damage|p1a: Jellicent|43\/404
|
|-weather|Sandstorm|[upkeep]
|-damage|p2a: Latios|180\/315|[from] sandstorm
|-damage|p1a: Jellicent|18\/404|[from] sandstorm
|-heal|p1a: Jellicent|43\/404|[from] item: Leftovers
|turn|14
|
|move|p2a: Latios|Psychic|p1a: Jellicent
|-damage|p1a: Jellicent|0 fnt
|faint|p1a: Jellicent
|
|-weather|Sandstorm|[upkeep]
|-damage|p2a: Latios|161\/315|[from] sandstorm
|c|★Dark380|when they say
|
|switch|p1a: Alakazam|Alakazam, M|252\/252
|turn|15
|c|★Dark380|bof avatar
|c|★Dark380|do they mean one for the whole group? Or individual ones
|c|★Cosine180|idk
|
|switch|p2a: Magnezone|Magnezone|230\/282
|-damage|p2a: Magnezone|195\/282|[from] Spikes
|-damage|p2a: Magnezone|178\/282|[from] Stealth Rock
|move|p1a: Alakazam|Shadow Ball|p2a: Magnezone
|-resisted|p2a: Magnezone
|-damage|p2a: Magnezone|127\/282
|
|-weather|Sandstorm|[upkeep]
|turn|16
|c|★Dark380|hm
|
|move|p1a: Alakazam|Focus Blast|p2a: Magnezone
|-supereffective|p2a: Magnezone
|-damage|p2a: Magnezone|0 fnt
|faint|p2a: Magnezone
|
|-weather|Sandstorm|[upkeep]
|
|switch|p2a: Mamoswine|Mamoswine, M|362\/362
|-damage|p2a: Mamoswine|317\/362|[from] Stealth Rock
|-damage|p2a: Mamoswine|272\/362|[from] Spikes
|turn|17
|c|★Cosine180|idk why u didnt sack kyu there
|c|★Cosine180|u win either way tho
|c|★Cosine180|so its fine
|c|★Dark380|it doesn't mattter
|
|switch|p1a: Gliscor|Gliscor, F|354\/354 tox
|move|p2a: Mamoswine|Ice Shard|p1a: Gliscor
|-supereffective|p1a: Gliscor
|-damage|p1a: Gliscor|158\/354 tox
|
|-weather|Sandstorm|[upkeep]
|-heal|p1a: Gliscor|202\/354 tox|[from] ability: Poison Heal
|turn|18
|c|★Dark380|kyu can actually do smth
|c|★Dark380|mag is specs so it can't
|c|★Cosine180|eating it up
|
|switch|p2a: Kyurem-Black|Kyurem-Black|110\/392
|-damage|p2a: Kyurem-Black|61\/392|[from] Spikes
|-damage|p2a: Kyurem-Black|0 fnt|[from] Stealth Rock
|faint|p2a: Kyurem-Black
|move|p1a: Gliscor|Earthquake|p2: Kyurem-Black|[notarget]
|-notarget
|
|-weather|Sandstorm|[upkeep]
|-heal|p1a: Gliscor|246\/354 tox|[from] ability: Poison Heal
|c|★Cosine180|kyurem dies
|c|★Cosine180|to rocks
|c|★Cosine180|lol
|
|switch|p2a: Latios|Latios, M|161\/315
|-damage|p2a: Latios|122\/315|[from] Stealth Rock
|turn|19
|c|★Dark380|?
|c|★Dark380|i missed the spikes
|
|move|p1a: Gliscor|Protect|p1a: Gliscor
|-singleturn|p1a: Gliscor|Protect
|move|p2a: Latios|Draco Meteor|p1a: Gliscor
|-activate|p1a: Gliscor|Protect
|
|-weather|Sandstorm|[upkeep]
|-damage|p2a: Latios|103\/315|[from] sandstorm
|-heal|p1a: Gliscor|290\/354 tox|[from] ability: Poison Heal
|turn|20
|c|★Cosine180|ah
|c|★Dark380|spike*
|c|★Dark380|shh
|
|move|p1a: Gliscor|Protect|p1a: Gliscor
|-fail|p1a: Gliscor
|move|p2a: Latios|Draco Meteor|p1a: Gliscor|[miss]
|-miss|p2a: Latios|p1a: Gliscor
|
|-weather|Sandstorm|[upkeep]
|-damage|p2a: Latios|84\/315|[from] sandstorm
|-heal|p1a: Gliscor|334\/354 tox|[from] ability: Poison Heal
|turn|21
|c|★Cosine180|ez
|c|★Dark380|:[
|
|move|p1a: Gliscor|Protect|p1a: Gliscor
|-singleturn|p1a: Gliscor|Protect
|move|p2a: Latios|Draco Meteor|p1a: Gliscor
|-activate|p1a: Gliscor|Protect
|
|-weather|Sandstorm|[upkeep]
|-damage|p2a: Latios|65\/315|[from] sandstorm
|-heal|p1a: Gliscor|354\/354 tox|[from] ability: Poison Heal
|turn|22
|
|move|p2a: Latios|Draco Meteor|p1a: Gliscor
|-damage|p1a: Gliscor|0 fnt
|-unboost|p2a: Latios|spa|2
|faint|p1a: Gliscor
|
|-weather|Sandstorm|[upkeep]
|-damage|p2a: Latios|46\/315|[from] sandstorm
|c|★Cosine180|rip
|
|switch|p1a: Breloom|Breloom, M|304\/324 tox
|turn|23
|c|★Dark380|why did u sac
|c|★Dark380|that thing won
|c|★Cosine180|no
|c|★Cosine180|u have mamo
|c|★Cosine180|which gets a kill
|c|★Cosine180|everytime
|
|move|p2a: Latios|Draco Meteor|p1a: Breloom
|-damage|p1a: Breloom|88\/324 tox
|-unboost|p2a: Latios|spa|2
|move|p1a: Breloom|Leech Seed|p2a: Latios
|-start|p2a: Latios|move: Leech Seed
|
|-weather|Sandstorm|[upkeep]
|-damage|p2a: Latios|27\/315|[from] sandstorm
|-damage|p1a: Breloom|68\/324 tox|[from] sandstorm
|-damage|p2a: Latios|0 fnt|[from] Leech Seed|[of] p1a: Breloom
|-heal|p1a: Breloom|95\/324 tox|[silent]
|-heal|p1a: Breloom|135\/324 tox|[from] ability: Poison Heal
|faint|p2a: Latios
|c|★Dark380|ice shard doesn't even 2hko it
|c|★Cosine180|no icicle spear?
|c|★Dark380|nope
|
|switch|p2a: Mamoswine|Mamoswine, M|272\/362
|-damage|p2a: Mamoswine|227\/362|[from] Stealth Rock
|-damage|p2a: Mamoswine|182\/362|[from] Spikes
|turn|24
|
|move|p1a: Breloom|Protect|p1a: Breloom
|-singleturn|p1a: Breloom|Protect
|move|p2a: Mamoswine|Ice Shard|p1a: Breloom
|-activate|p1a: Breloom|Protect
|
|-weather|Sandstorm|[upkeep]
|-damage|p1a: Breloom|115\/324 tox|[from] sandstorm
|-heal|p1a: Breloom|155\/324 tox|[from] ability: Poison Heal
|turn|25
|c|★Cosine180|47 is min
|c|★Dark380|sigh
|c|★Cosine180|double protect lets go
|
|move|p1a: Breloom|Protect|p1a: Breloom
|-singleturn|p1a: Breloom|Protect
|move|p2a: Mamoswine|Ice Shard|p1a: Breloom
|-activate|p1a: Breloom|Protect
|
|-weather|Sandstorm|[upkeep]
|-damage|p1a: Breloom|135\/324 tox|[from] sandstorm
|-heal|p1a: Breloom|175\/324 tox|[from] ability: Poison Heal
|turn|26
|c|★Cosine180|ah nice
|c|★Cosine180|i calced jolly tho
|c|★Dark380|:\/
|c|★Cosine180|and 55.5 is max rip
|
|move|p2a: Mamoswine|Ice Shard|p1a: Breloom
|-supereffective|p1a: Breloom
|-damage|p1a: Breloom|0 fnt
|faint|p1a: Breloom
|
|-weather|Sandstorm|[upkeep]
|c|★Cosine180|LOL
|c|★Cosine180|adamant
|c|★Cosine180|sigh
|c|★Dark380|good thing I'm adamant
|c|★Dark380|lucky n bad
|
|switch|p1a: Alakazam|Alakazam, M|252\/252
|turn|27
|c|★Cosine180|watch this play
|
|move|p2a: Mamoswine|Ice Shard|p1a: Alakazam
|-damage|p1a: Alakazam|92\/252
|move|p1a: Alakazam|Psych Up|p2a: Mamoswine
|-copyboost|p1a: Alakazam|p2a: Mamoswine|[from] move: Psych Up
|
|-weather|Sandstorm|[upkeep]
|turn|28
|c|★Cosine180|ah ez
|c|★Cosine180|gg
|c|★Dark380|rofl
|leave|Cosine180
Dark380 turned on modjoin.
|raw|<div class="broadcast-red"><b>Moderated chat was set to +!<\/b><br \/>Only users of rank + and higher can talk.<\/div>
Dark380 made this room hidden.
|player|p1
|leave|CleanerThanRotom-W
|-message|Player 1 lost due to inactivity.
|
|win|Dark380