|join|xplfgpzm
|join|ManuelEnciso123
|player|p1|xplfgpzm|1
|player|p2|ManuelEnciso123|2
|gametype|singles
|gen|6
|tier|OU
|rated
|clearpoke
|poke|p1|Espeon, F
|poke|p1|Dugtrio, M
|poke|p1|Smeargle, F
|poke|p1|Volcarona, F
|poke|p1|Latios, M
|poke|p1|Gothitelle, F
|poke|p2|Sylveon, M
|poke|p2|Crobat, F
|poke|p2|Conkeldurr, M
|poke|p2|Slowbro, M
|poke|p2|Klefki, F
|poke|p2|Charizard, M
|rule|Swagger Clause: Swagger is banned
|rule|Baton Pass Clause: Limit one Pokémon knowing Baton Pass
|rule|Sleep Clause Mod: Limit one foe put to sleep
|rule|Species Clause: Limit one of each Pokémon
|rule|OHKO Clause: OHKO moves are banned
|rule|Moody Clause: Moody is banned
|rule|Evasion Moves Clause: Evasion moves are banned
|rule|Endless Battle Clause: Forcing endless battles is banned
|rule|HP Percentage Mod: HP is shown in percentages
|teampreview
|
|start
|switch|p1a: Dugtrio|Dugtrio, M|211\/211
|switch|p2a: Klefki|Klefki, F|318\/318
|turn|1
|
|move|p2a: Klefki|Reflect|p2a: Klefki
|-sidestart|p2: ManuelEnciso123|Reflect
|move|p1a: Dugtrio|Stealth Rock|p2a: Klefki
|-sidestart|p2: ManuelEnciso123|move: Stealth Rock
|
|turn|2
|
|move|p1a: Dugtrio|Memento|p2a: Klefki
|-unboost|p2a: Klefki|atk|2
|-unboost|p2a: Klefki|spa|2
|faint|p1a: Dugtrio
|move|p2a: Klefki|Foul Play|p1: Dugtrio|[notarget]
|-notarget
|
|
|switch|p1a: Smeargle|Smeargle, F|314\/314
|turn|3
|
|move|p2a: Klefki|Light Screen|p2a: Klefki
|-sidestart|p2: ManuelEnciso123|move: Light Screen
|move|p1a: Smeargle|Geomancy|p1a: Smeargle|[still]
|-prepare|p1a: Smeargle|Geomancy|p1a: Smeargle
|-enditem|p1a: Smeargle|Power Herb
|-anim|p1a: Smeargle|Geomancy|p1a: Smeargle
|-boost|p1a: Smeargle|spa|2
|-boost|p1a: Smeargle|spd|2
|-boost|p1a: Smeargle|spe|2
|
|turn|4
|
|move|p1a: Smeargle|Taunt|p2a: Klefki
|-start|p2a: Klefki|move: Taunt
|move|p2a: Klefki|Foul Play|p1a: Smeargle
|-damage|p1a: Smeargle|279\/314
|
|turn|5
|
|switch|p2a: Crobat|Crobat, F|312\/312
|-damage|p2a: Crobat|234\/312|[from] Stealth Rock
|move|p1a: Smeargle|Cotton Guard|p1a: Smeargle
|-boost|p1a: Smeargle|def|3
|
|turn|6
|
|move|p2a: Crobat|Haze|p2a: Crobat
|-clearallboost
|move|p1a: Smeargle|Baton Pass|p1a: Smeargle
|
|switch|p1a: Latios|Latios, M|301\/301
|
|turn|7
|
|switch|p2a: Klefki|Klefki, F|318\/318
|-damage|p2a: Klefki|299\/318|[from] Stealth Rock
|move|p1a: Latios|Psychic|p2a: Klefki
|-resisted|p2a: Klefki
|-damage|p2a: Klefki|256\/318
|
|turn|8
|
|switch|p1a: Volcarona|Volcarona, F|371\/371
|move|p2a: Klefki|Thunder Wave|p1a: Volcarona
|-status|p1a: Volcarona|par
|
|-sideend|p2: ManuelEnciso123|Reflect
|turn|9
|
|switch|p2a: Crobat|Crobat, F|234\/312
|-damage|p2a: Crobat|156\/312|[from] Stealth Rock
|move|p1a: Volcarona|Fiery Dance|p2a: Crobat
|-damage|p2a: Crobat|78\/312
|-boost|p1a: Volcarona|spa|1
|
|turn|10
|
|move|p2a: Crobat|Roost|p2a: Crobat
|-heal|p2a: Crobat|234\/312
|move|p1a: Volcarona|Hidden Power|p2a: Crobat
|-damage|p2a: Crobat|179\/312
|
|-sideend|p2: ManuelEnciso123|move: Light Screen
|turn|11
|
|move|p2a: Crobat|Acrobatics|p1a: Volcarona
|-supereffective|p1a: Volcarona
|-damage|p1a: Volcarona|41\/371 par
|move|p1a: Volcarona|Quiver Dance|p1a: Volcarona
|-boost|p1a: Volcarona|spa|1
|-boost|p1a: Volcarona|spd|1
|-boost|p1a: Volcarona|spe|1
|
|-heal|p1a: Volcarona|64\/371 par|[from] item: Leftovers
|turn|12
|
|move|p2a: Crobat|Acrobatics|p1a: Volcarona
|-supereffective|p1a: Volcarona
|-damage|p1a: Volcarona|0 fnt
|-status|p2a: Crobat|brn
|faint|p1a: Volcarona
|
|-damage|p2a: Crobat|140\/312 brn|[from] brn
|
|switch|p1a: Gothitelle|Gothitelle, F|281\/281
|turn|13
|
|move|p2a: Crobat|Defog|p1a: Gothitelle
|-unboost|p1a: Gothitelle|evasion|1
|-sideend|p2: ManuelEnciso123|Stealth Rock|[from] move: Defog|[of] p2a: Crobat
|move|p1a: Gothitelle|Thunderbolt|p2a: Crobat
|-supereffective|p2a: Crobat
|-damage|p2a: Crobat|0 fnt
|faint|p2a: Crobat
|
|
|switch|p2a: Sylveon|Sylveon, M|394\/394
|turn|14
|
|move|p1a: Gothitelle|Fake Tears|p2a: Sylveon
|-unboost|p2a: Sylveon|spd|2
|move|p2a: Sylveon|Hyper Voice|p1a: Gothitelle
|-damage|p1a: Gothitelle|122\/281
|-enditem|p1a: Gothitelle|Sitrus Berry|[eat]
|-heal|p1a: Gothitelle|192\/281|[from] item: Sitrus Berry
|
|turn|15
|
|move|p1a: Gothitelle|Psychic|p2a: Sylveon
|-damage|p2a: Sylveon|195\/394
|move|p2a: Sylveon|Hyper Voice|p1a: Gothitelle
|-damage|p1a: Gothitelle|44\/281
|
|-heal|p2a: Sylveon|219\/394|[from] item: Leftovers
|turn|16
|
|move|p2a: Sylveon|Protect|p2a: Sylveon
|-singleturn|p2a: Sylveon|Protect
|move|p1a: Gothitelle|Psychic|p2a: Sylveon
|-activate|p2a: Sylveon|Protect
|
|-heal|p2a: Sylveon|243\/394|[from] item: Leftovers
|turn|17
|
|move|p1a: Gothitelle|Psychic|p2a: Sylveon
|-damage|p2a: Sylveon|41\/394
|move|p2a: Sylveon|Hyper Voice|p1a: Gothitelle
|-damage|p1a: Gothitelle|0 fnt
|faint|p1a: Gothitelle
|
|-heal|p2a: Sylveon|65\/394|[from] item: Leftovers
|
|switch|p1a: Latios|Latios, M|301\/301
|turn|18
|
|switch|p2a: Klefki|Klefki, F|256\/318
|move|p1a: Latios|Memento|p2a: Klefki
|-unboost|p2a: Klefki|atk|2
|-unboost|p2a: Klefki|spa|2
|faint|p1a: Latios
|
|
|switch|p1a: Smeargle|Smeargle, F|279\/314
|turn|19
|
|move|p2a: Klefki|Thunder Wave|p1a: Smeargle
|-status|p1a: Smeargle|par
|move|p1a: Smeargle|Geomancy|p1a: Smeargle|[still]
|-prepare|p1a: Smeargle|Geomancy|p1a: Smeargle
|
|turn|20
|
|switch|p2a: Conkeldurr|Conkeldurr, M|414\/414
|cant|p1a: Smeargle|par
|
|turn|21
|
|move|p2a: Conkeldurr|Drain Punch|p1a: Smeargle
|-supereffective|p1a: Smeargle
|-damage|p1a: Smeargle|0 fnt
|faint|p1a: Smeargle
|
|
|switch|p1a: Espeon|Espeon, F|309\/309
|turn|22
|
|move|p1a: Espeon|Calm Mind|p1a: Espeon
|-boost|p1a: Espeon|spa|1
|-boost|p1a: Espeon|spd|1
|move|p2a: Conkeldurr|Ice Punch|p1a: Espeon
|-damage|p1a: Espeon|126\/309
|
|-heal|p1a: Espeon|145\/309|[from] item: Leftovers
|turn|23
|
|move|p1a: Espeon|Stored Power|p2a: Conkeldurr
|-supereffective|p2a: Conkeldurr
|-damage|p2a: Conkeldurr|0 fnt
|faint|p2a: Conkeldurr
|
|-heal|p1a: Espeon|164\/309|[from] item: Leftovers
|
|switch|p2a: Charizard|Charizard, M|360\/360
|turn|24
|
|detailschange|p2a: Charizard|Charizard-Mega-Y, M
|message|Charizard has Mega Evolved into Mega Charizard!
|-weather|SunnyDay
|move|p1a: Espeon|Calm Mind|p1a: Espeon
|-boost|p1a: Espeon|spa|1
|-boost|p1a: Espeon|spd|1
|move|p2a: Charizard|Fire Blast|p1a: Espeon
|-damage|p1a: Espeon|0 fnt
|faint|p1a: Espeon
|
|win|ManuelEnciso123
|raw|Ladder updating...
|raw|xplfgpzm's rating: 1517 &rarr; <strong>1490<\/strong><br \/>(-27 for losing)
|raw|ManuelEnciso123's rating: 1381 &rarr; <strong>1409<\/strong><br \/>(+28 for winning)