|join|ManuelEnciso123
|join|Knuckles Next-Gen
|player|p1|ManuelEnciso123|33
|player|p2|Knuckles Next-Gen|52
|gametype|singles
|gen|6
|tier|OU
|rated
|clearpoke
|poke|p1|Scolipede, M
|poke|p1|Quagsire, M
|poke|p1|Espeon, M
|poke|p1|Kingdra, M
|poke|p1|Bronzong
|poke|p1|Scrafty, F
|poke|p2|Heatran, M
|poke|p2|Metagross
|poke|p2|Mew, shiny
|poke|p2|Gengar, M, shiny
|poke|p2|Breloom, M, shiny
|poke|p2|Vaporeon, M
|rule|Swagger Clause: Swagger is banned
|rule|Baton Pass Clause: Limit one Pokémon knowing Baton Pass
|rule|Sleep Clause Mod: Limit one foe put to sleep
|rule|Species Clause: Limit one of each Pokémon
|rule|OHKO Clause: OHKO moves are banned
|rule|Moody Clause: Moody is banned
|rule|Evasion Moves Clause: Evasion moves are banned
|rule|Endless Battle Clause: Forcing endless battles is banned
|rule|HP Percentage Mod: HP is shown in percentages
|teampreview
|
|start
|switch|p1a: Scolipede|Scolipede, M|324\/324
|switch|p2a: Flying Chimichanga|Mew, shiny|404\/404
|turn|1
|
|move|p1a: Scolipede|Iron Defense|p1a: Scolipede
|-boost|p1a: Scolipede|def|2
|move|p2a: Flying Chimichanga|Taunt|p1a: Scolipede
|-start|p1a: Scolipede|move: Taunt
|-enditem|p1a: Scolipede|Mental Herb
|-end|p1a: Scolipede|move: Taunt
|
|-boost|p1a: Scolipede|spe|1|[from] ability: Speed Boost
|turn|2
|
|move|p1a: Scolipede|Protect|p1a: Scolipede
|-singleturn|p1a: Scolipede|Protect
|move|p2a: Flying Chimichanga|Taunt|p1a: Scolipede
|-activate|p1a: Scolipede|Protect
|
|-boost|p1a: Scolipede|spe|1|[from] ability: Speed Boost
|turn|3
|
|switch|p2a: Meta grosso|Metagross|301\/301
|move|p1a: Scolipede|Baton Pass|p1a: Scolipede
|
|switch|p1a: Scrafty|Scrafty, F|334\/334
|
|turn|4
|
|switch|p2a: I have arms|Breloom, M, shiny|323\/323
|move|p1a: Scrafty|Dragon Dance|p1a: Scrafty
|-boost|p1a: Scrafty|atk|1
|-boost|p1a: Scrafty|spe|1
|
|-status|p2a: I have arms|tox|[from] item: Toxic Orb
|turn|5
|
|move|p1a: Scrafty|Poison Jab|p2a: I have arms
|-supereffective|p2a: I have arms
|-damage|p2a: I have arms|115\/323 tox
|move|p2a: I have arms|Spore|p1a: Scrafty
|-status|p1a: Scrafty|slp
|
|-heal|p2a: I have arms|155\/323 tox|[from] ability: Poison Heal
|turn|6
|
|cant|p1a: Scrafty|slp
|move|p2a: I have arms|Leech Seed|p1a: Scrafty
|-start|p1a: Scrafty|move: Leech Seed
|
|-activate|p1a: Scrafty|ability: Shed Skin
|-curestatus|p1a: Scrafty|slp
|-damage|p1a: Scrafty|293\/334|[from] Leech Seed|[of] p2a: I have arms
|-heal|p2a: I have arms|196\/323 tox|[silent]
|-heal|p2a: I have arms|236\/323 tox|[from] ability: Poison Heal
|turn|7
|
|move|p1a: Scrafty|Dragon Dance|p1a: Scrafty
|-boost|p1a: Scrafty|atk|1
|-boost|p1a: Scrafty|spe|1
|move|p2a: I have arms|Drain Punch|p1a: Scrafty
|-supereffective|p1a: Scrafty
|-damage|p1a: Scrafty|197\/334
|-heal|p2a: I have arms|284\/323 tox|[from] drain|[of] p1a: Scrafty
|
|-heal|p1a: Scrafty|217\/334|[from] item: Leftovers
|-damage|p1a: Scrafty|176\/334|[from] Leech Seed|[of] p2a: I have arms
|-heal|p2a: I have arms|323\/323 tox|[silent]
|turn|8
|
|move|p1a: Scrafty|Poison Jab|p2a: I have arms
|-supereffective|p2a: I have arms
|-damage|p2a: I have arms|69\/323 tox
|move|p2a: I have arms|Spore|p1a: Scrafty
|-status|p1a: Scrafty|slp
|
|-heal|p1a: Scrafty|196\/334 slp|[from] item: Leftovers
|-damage|p1a: Scrafty|155\/334 slp|[from] Leech Seed|[of] p2a: I have arms
|-heal|p2a: I have arms|110\/323 tox|[silent]
|-heal|p2a: I have arms|150\/323 tox|[from] ability: Poison Heal
|turn|9
|
|cant|p1a: Scrafty|slp
|move|p2a: I have arms|Substitute|p2a: I have arms
|-start|p2a: I have arms|Substitute
|-damage|p2a: I have arms|70\/323 tox
|
|-activate|p1a: Scrafty|ability: Shed Skin
|-curestatus|p1a: Scrafty|slp
|-heal|p1a: Scrafty|175\/334|[from] item: Leftovers
|-damage|p1a: Scrafty|134\/334|[from] Leech Seed|[of] p2a: I have arms
|-heal|p2a: I have arms|111\/323 tox|[silent]
|-heal|p2a: I have arms|151\/323 tox|[from] ability: Poison Heal
|turn|10
|
|move|p1a: Scrafty|Poison Jab|p2a: I have arms
|-supereffective|p2a: I have arms
|-end|p2a: I have arms|Substitute
|move|p2a: I have arms|Drain Punch|p1a: Scrafty
|-supereffective|p1a: Scrafty
|-damage|p1a: Scrafty|24\/334
|-heal|p2a: I have arms|206\/323 tox|[from] drain|[of] p1a: Scrafty
|
|-heal|p1a: Scrafty|44\/334|[from] item: Leftovers
|-damage|p1a: Scrafty|3\/334|[from] Leech Seed|[of] p2a: I have arms
|-heal|p2a: I have arms|247\/323 tox|[silent]
|-heal|p2a: I have arms|287\/323 tox|[from] ability: Poison Heal
|turn|11
|
|move|p1a: Scrafty|Poison Jab|p2a: I have arms
|-supereffective|p2a: I have arms
|-damage|p2a: I have arms|0 fnt
|faint|p2a: I have arms
|
|-heal|p1a: Scrafty|23\/334|[from] item: Leftovers
|
|switch|p2a: Meta grosso|Metagross|301\/301
|turn|12
|
|detailschange|p2a: Meta grosso|Metagross-Mega
|-mega|p2a: Meta grosso|Metagross|Metagrossite
|move|p2a: Meta grosso|Bullet Punch|p1a: Scrafty
|-damage|p1a: Scrafty|0 fnt
|faint|p1a: Scrafty
|
|
|switch|p1a: Tito|Quagsire, M|394\/394
|turn|13
|
|switch|p2a: Heatran & Knuckles|Heatran, M|386\/386
|-item|p2a: Heatran & Knuckles|Air Balloon
|move|p1a: Tito|Scald|p2a: Heatran & Knuckles
|-supereffective|p2a: Heatran & Knuckles
|-damage|p2a: Heatran & Knuckles|306\/386
|-enditem|p2a: Heatran & Knuckles|Air Balloon
|
|turn|14
|
|switch|p1a: Espeon|Espeon, M|334\/334
|move|p2a: Heatran & Knuckles|Toxic|p1a: Espeon
|move|p1a: Espeon|Toxic|p2a: Heatran & Knuckles|[from]Magic Bounce
|-fail|p2a: Heatran & Knuckles
|
|turn|15
|
|switch|p2a: Meta grosso|Metagross-Mega|301\/301
|move|p1a: Espeon|Calm Mind|p1a: Espeon
|-boost|p1a: Espeon|spa|1
|-boost|p1a: Espeon|spd|1
|
|turn|16
|
|switch|p1a: Tito|Quagsire, M|394\/394
|move|p2a: Meta grosso|Meteor Mash|p1a: Tito|[miss]
|-miss|p2a: Meta grosso|p1a: Tito
|
|turn|17
|
|switch|p2a: Flying Chimichanga|Mew, shiny|404\/404
|move|p1a: Tito|Scald|p2a: Flying Chimichanga
|-damage|p2a: Flying Chimichanga|358\/404
|-status|p2a: Flying Chimichanga|brn
|-status|p1a: Tito|brn
|
|-heal|p2a: Flying Chimichanga|383\/404 brn|[from] item: Leftovers
|-damage|p2a: Flying Chimichanga|333\/404 brn|[from] brn
|-damage|p1a: Tito|345\/394 brn|[from] brn
|turn|18
|
|switch|p2a: Namor|Vaporeon, M|464\/464
|switch|p1a: Espeon|Espeon, M|334\/334
|
|turn|19
|
|move|p1a: Espeon|Calm Mind|p1a: Espeon
|-boost|p1a: Espeon|spa|1
|-boost|p1a: Espeon|spd|1
|move|p2a: Namor|Scald|p1a: Espeon
|-damage|p1a: Espeon|285\/334
|
|turn|20
|
|move|p1a: Espeon|Calm Mind|p1a: Espeon
|-boost|p1a: Espeon|spa|1
|-boost|p1a: Espeon|spd|1
|move|p2a: Namor|Heal Bell|p2a: Namor
|-cureteam|p2a: Namor|[from] move: HealBell
|
|turn|21
|
|move|p1a: Espeon|Calm Mind|p1a: Espeon
|-boost|p1a: Espeon|spa|1
|-boost|p1a: Espeon|spd|1
|move|p2a: Namor|Wish|p2a: Namor
|
|turn|22
|
|switch|p2a: Meta grosso|Metagross-Mega|301\/301
|move|p1a: Espeon|Stored Power|p2a: Meta grosso
|-resisted|p2a: Meta grosso
|-damage|p2a: Meta grosso|189\/301
|
|-heal|p2a: Meta grosso|301\/301|[from] move: Wish|[wisher] Namor
|turn|23
|
|move|p2a: Meta grosso|Meteor Mash|p1a: Espeon
|-damage|p1a: Espeon|0 fnt
|faint|p1a: Espeon
|
|
|switch|p1a: Scolipede|Scolipede, M|324\/324
|turn|24
|
|move|p2a: Meta grosso|Bullet Punch|p1a: Scolipede
|-damage|p1a: Scolipede|248\/324
|move|p1a: Scolipede|Iron Defense|p1a: Scolipede
|-boost|p1a: Scolipede|def|2
|
|-boost|p1a: Scolipede|spe|1|[from] ability: Speed Boost
|turn|25
|
|move|p1a: Scolipede|Iron Defense|p1a: Scolipede
|-boost|p1a: Scolipede|def|2
|move|p2a: Meta grosso|Meteor Mash|p1a: Scolipede
|-damage|p1a: Scolipede|188\/324
|
|-boost|p1a: Scolipede|spe|1|[from] ability: Speed Boost
|turn|26
|
|switch|p2a: Heatran & Knuckles|Heatran, M|306\/386
|move|p1a: Scolipede|Substitute|p1a: Scolipede
|-start|p1a: Scolipede|Substitute
|-damage|p1a: Scolipede|107\/324
|
|-boost|p1a: Scolipede|spe|1|[from] ability: Speed Boost
|turn|27
|
|move|p1a: Scolipede|Baton Pass|p1a: Scolipede
|
|switch|p1a: Kingdra|Kingdra, M|353\/353
|move|p2a: Heatran & Knuckles|Stealth Rock|p1a: Kingdra
|-sidestart|p1: ManuelEnciso123|move: Stealth Rock
|
|turn|28
|
|move|p1a: Kingdra|Focus Energy|p1a: Kingdra
|-start|p1a: Kingdra|move: Focus Energy
|move|p2a: Heatran & Knuckles|Lava Plume|p1a: Kingdra
|-resisted|p1a: Kingdra
|-activate|p1a: Kingdra|Substitute|[damage]
|
|turn|29
|
|move|p1a: Kingdra|Surf|p2a: Heatran & Knuckles
|-crit|p2a: Heatran & Knuckles
|-supereffective|p2a: Heatran & Knuckles
|-damage|p2a: Heatran & Knuckles|0 fnt
|faint|p2a: Heatran & Knuckles
|
|
|switch|p2a: Cannabis ball|Gengar, M, shiny|262\/262
|turn|30
|
|move|p1a: Kingdra|Flash Cannon|p2a: Cannabis ball
|-crit|p2a: Cannabis ball
|-damage|p2a: Cannabis ball|42\/262
|move|p2a: Cannabis ball|Dazzling Gleam|p1a: Kingdra
|-supereffective|p1a: Kingdra
|-end|p1a: Kingdra|Substitute
|
|turn|31
|
|move|p1a: Kingdra|Surf|p2a: Cannabis ball
|-crit|p2a: Cannabis ball
|-damage|p2a: Cannabis ball|0 fnt
|faint|p2a: Cannabis ball
|
|
|switch|p2a: Namor|Vaporeon, M|464\/464
|turn|32
|
|move|p1a: Kingdra|Draco Meteor|p2a: Namor
|-crit|p2a: Namor
|-damage|p2a: Namor|5\/464
|-unboost|p1a: Kingdra|spa|2
|move|p2a: Namor|Scald|p1a: Kingdra
|-crit|p1a: Kingdra
|-resisted|p1a: Kingdra
|-damage|p1a: Kingdra|313\/353
|
|-heal|p2a: Namor|34\/464|[from] item: Leftovers
|turn|33
|
|switch|p2a: Flying Chimichanga|Mew, shiny|333\/404
|move|p1a: Kingdra|Surf|p2a: Flying Chimichanga
|-crit|p2a: Flying Chimichanga
|-damage|p2a: Flying Chimichanga|113\/404
|
|-heal|p2a: Flying Chimichanga|138\/404|[from] item: Leftovers
|turn|34
|
|move|p1a: Kingdra|Surf|p2a: Flying Chimichanga
|-crit|p2a: Flying Chimichanga
|-damage|p2a: Flying Chimichanga|0 fnt
|faint|p2a: Flying Chimichanga
|
|
|switch|p2a: Meta grosso|Metagross-Mega|301\/301
|turn|35
|
|switch|p2a: Namor|Vaporeon, M|34\/464
|move|p1a: Kingdra|Surf|p2a: Namor
|-heal|p2a: Namor|150\/464|[from] ability: Water Absorb|[of] p1a: Kingdra
|
|-heal|p2a: Namor|179\/464|[from] item: Leftovers
|turn|36
|
|move|p1a: Kingdra|Draco Meteor|p2a: Namor
|-crit|p2a: Namor
|-damage|p2a: Namor|0 fnt
|-unboost|p1a: Kingdra|spa|2
|faint|p2a: Namor
|
|
|switch|p2a: Meta grosso|Metagross-Mega|301\/301
|turn|37
|
|move|p1a: Kingdra|Surf|p2a: Meta grosso
|-crit|p2a: Meta grosso
|-damage|p2a: Meta grosso|0 fnt
|faint|p2a: Meta grosso
|
|win|ManuelEnciso123
|raw|Ladder updating...
|raw|ManuelEnciso123's rating: 1546 &rarr; <strong>1560<\/strong><br \/>(+14 for winning)
|raw|Knuckles Next-Gen's rating: 1446 &rarr; <strong>1431<\/strong><br \/>(-15 for losing)