|join|fifa2
|join|goodnewsbears
|player|p1|fifa2|257
|player|p2|goodnewsbears|2
|gametype|singles
|gen|6
|tier|OU
|rated
|clearpoke
|poke|p1|Ninetales, F
|poke|p1|Donphan, F
|poke|p1|Heatran, M
|poke|p1|Gyarados, F
|poke|p1|Venusaur, M
|poke|p1|Salamence, F
|poke|p2|Mew
|poke|p2|Greninja, F
|poke|p2|Gothitelle, F
|poke|p2|Medicham, M
|poke|p2|Talonflame, F
|poke|p2|Landorus-Therian, M
|rule|Swagger Clause: Swagger is banned
|rule|Baton Pass Clause: Limit one Pokémon knowing Baton Pass
|rule|Sleep Clause Mod: Limit one foe put to sleep
|rule|Species Clause: Limit one of each Pokémon
|rule|OHKO Clause: OHKO moves are banned
|rule|Moody Clause: Moody is banned
|rule|Evasion Moves Clause: Evasion moves are banned
|rule|Endless Battle Clause: Forcing endless battles is banned
|rule|HP Percentage Mod: HP is shown in percentages
|teampreview
|
|start
|switch|p1a: Donphan|Donphan, F|361\/361
|switch|p2a: Landorus-Therian|Landorus-Therian, M|373\/373
|-ability|p2a: Landorus-Therian|Intimidate|[of] p1a: Donphan
|-unboost|p1a: Donphan|atk|1
|turn|1
|
|move|p1a: Donphan|Ice Shard|p2a: Landorus-Therian
|-supereffective|p2a: Landorus-Therian
|-damage|p2a: Landorus-Therian|253\/373
|move|p2a: Landorus-Therian|Knock Off|p1a: Donphan
|-damage|p1a: Donphan|267\/361
|-enditem|p1a: Donphan|Leftovers|[from] move: Knock Off|[of] p2a: Landorus-Therian
|
|-heal|p2a: Landorus-Therian|276\/373|[from] item: Leftovers
|turn|2
|
|move|p1a: Donphan|Ice Shard|p2a: Landorus-Therian
|-supereffective|p2a: Landorus-Therian
|-damage|p2a: Landorus-Therian|156\/373
|move|p2a: Landorus-Therian|Stealth Rock|p1a: Donphan
|-sidestart|p1: fifa2|move: Stealth Rock
|
|-heal|p2a: Landorus-Therian|179\/373|[from] item: Leftovers
|turn|3
|
|switch|p2a: Gothitelle|Gothitelle, F|292\/292
|move|p1a: Donphan|Rapid Spin|p2a: Gothitelle
|-damage|p2a: Gothitelle|274\/292
|-sideend|p1: fifa2|Stealth Rock|[from] move: Rapid Spin|[of] p1a: Donphan
|
|turn|4
|
|move|p2a: Gothitelle|Trick|p1a: Donphan
|-activate|p2a: Gothitelle|move: Trick|[of] p1a: Donphan
|-item|p1a: Donphan|Choice Scarf|[from] move: Trick
|move|p1a: Donphan|Knock Off|p2a: Gothitelle
|-supereffective|p2a: Gothitelle
|-damage|p2a: Gothitelle|166\/292
|
|turn|5
|
|move|p1a: Donphan|Knock Off|p2a: Gothitelle
|-supereffective|p2a: Gothitelle
|-damage|p2a: Gothitelle|62\/292
|move|p2a: Gothitelle|Hidden Power|p1a: Donphan
|-supereffective|p1a: Donphan
|-damage|p1a: Donphan|81\/361
|
|turn|6
|
|move|p1a: Donphan|Knock Off|p2a: Gothitelle
|-supereffective|p2a: Gothitelle
|-damage|p2a: Gothitelle|0 fnt
|faint|p2a: Gothitelle
|
|
|switch|p2a: Landorus-Therian|Landorus-Therian, M|179\/373
|-ability|p2a: Landorus-Therian|Intimidate|[of] p1a: Donphan
|-unboost|p1a: Donphan|atk|1
|turn|7
|
|move|p1a: Donphan|Knock Off|p2a: Landorus-Therian
|-damage|p2a: Landorus-Therian|127\/373
|-enditem|p2a: Landorus-Therian|Leftovers|[from] move: Knock Off|[of] p1a: Donphan
|move|p2a: Landorus-Therian|Stealth Rock|p1a: Donphan
|-sidestart|p1: fifa2|move: Stealth Rock
|
|turn|8
|
|switch|p1a: Gyarados|Gyarados, F|394\/394
|-damage|p1a: Gyarados|296\/394|[from] Stealth Rock
|-ability|p1a: Gyarados|Intimidate|[of] p2a: Landorus-Therian
|-unboost|p2a: Landorus-Therian|atk|1
|move|p2a: Landorus-Therian|Earthquake|p1a: Gyarados
|-immune|p1a: Gyarados|[msg]
|
|-heal|p1a: Gyarados|320\/394|[from] item: Leftovers
|turn|9
|
|move|p2a: Landorus-Therian|U-turn|p1a: Gyarados
|-resisted|p1a: Gyarados
|-damage|p1a: Gyarados|298\/394
|
|switch|p2a: Talonflame|Talonflame, F|345\/345
|move|p1a: Gyarados|Waterfall|p2a: Talonflame
|-supereffective|p2a: Talonflame
|-damage|p2a: Talonflame|61\/345
|
|-heal|p1a: Gyarados|322\/394|[from] item: Leftovers
|turn|10
|
|move|p2a: Talonflame|Brave Bird|p1a: Gyarados
|-crit|p1a: Gyarados
|-damage|p1a: Gyarados|75\/394
|-damage|p2a: Talonflame|0 fnt|[from] recoil|[of] p1a: Gyarados
|faint|p2a: Talonflame
|move|p1a: Gyarados|Waterfall|p2: Talonflame|[notarget]
|-notarget
|
|-heal|p1a: Gyarados|99\/394|[from] item: Leftovers
|
|switch|p2a: Medicham|Medicham, M|261\/261
|turn|11
|
|switch|p1a: Heatran|Heatran, M|386\/386
|-damage|p1a: Heatran|338\/386|[from] Stealth Rock
|detailschange|p2a: Medicham|Medicham-Mega, M
|message|Medicham has Mega Evolved into Mega Medicham!
|move|p2a: Medicham|Fake Out|p1a: Heatran
|-resisted|p1a: Heatran
|-damage|p1a: Heatran|298\/386
|
|-heal|p1a: Heatran|322\/386|[from] item: Leftovers
|turn|12
|
|switch|p1a: Gyarados|Gyarados, F|99\/394
|-damage|p1a: Gyarados|1\/394|[from] Stealth Rock
|-ability|p1a: Gyarados|Intimidate|[of] p2a: Medicham
|-unboost|p2a: Medicham|atk|1
|move|p2a: Medicham|Drain Punch|p1a: Gyarados
|-resisted|p1a: Gyarados
|-damage|p1a: Gyarados|0 fnt
|faint|p1a: Gyarados
|
|
|switch|p1a: Donphan|Donphan, F|81\/361
|-damage|p1a: Donphan|59\/361|[from] Stealth Rock
|turn|13
|
|move|p1a: Donphan|Ice Shard|p2a: Medicham
|-damage|p2a: Medicham|208\/261
|move|p2a: Medicham|Drain Punch|p1a: Donphan
|-damage|p1a: Donphan|0 fnt
|-heal|p2a: Medicham|238\/261|[from] drain|[of] p1a: Donphan
|faint|p1a: Donphan
|
|
|switch|p1a: Ninetales|Ninetales, F|287\/287
|-damage|p1a: Ninetales|216\/287|[from] Stealth Rock
|-weather|SunnyDay
|turn|14
|c|★goodnewsbears|intresting
|
|switch|p2a: Mew|Mew|404\/404
|move|p1a: Ninetales|Overheat|p2a: Mew
|-damage|p2a: Mew|202\/404
|-unboost|p1a: Ninetales|spa|2
|
|-weather|SunnyDay|[upkeep]
|-heal|p2a: Mew|227\/404|[from] item: Leftovers
|turn|15
|
|switch|p1a: Heatran|Heatran, M|322\/386
|-damage|p1a: Heatran|274\/386|[from] Stealth Rock
|switch|p2a: Medicham|Medicham-Mega, M|238\/261
|
|-weather|SunnyDay|[upkeep]
|-heal|p1a: Heatran|298\/386|[from] item: Leftovers
|turn|16
|
|switch|p1a: Venusaur|Venusaur, M|338\/338
|-damage|p1a: Venusaur|296\/338|[from] Stealth Rock
|move|p2a: Medicham|Drain Punch|p1a: Venusaur
|-resisted|p1a: Venusaur
|-damage|p1a: Venusaur|166\/338
|-heal|p2a: Medicham|261\/261|[from] drain|[of] p1a: Venusaur
|
|-weather|SunnyDay|[upkeep]
|turn|17
|
|move|p1a: Venusaur|Sludge Bomb|p2a: Medicham
|-damage|p2a: Medicham|86\/261
|move|p2a: Medicham|Zen Headbutt|p1a: Venusaur
|-crit|p1a: Venusaur
|-supereffective|p1a: Venusaur
|-damage|p1a: Venusaur|0 fnt
|faint|p1a: Venusaur
|
|-weather|SunnyDay|[upkeep]
|
|switch|p1a: Salamence|Salamence, F|331\/331
|-damage|p1a: Salamence|249\/331|[from] Stealth Rock
|turn|18
|
|switch|p2a: Landorus-Therian|Landorus-Therian, M|127\/373
|-ability|p2a: Landorus-Therian|Intimidate|[of] p1a: Salamence
|-unboost|p1a: Salamence|atk|1
|move|p1a: Salamence|Outrage|p2a: Landorus-Therian
|-damage|p2a: Landorus-Therian|0 fnt
|faint|p2a: Landorus-Therian
|-boost|p1a: Salamence|atk|1|[from] ability: Moxie
|
|-weather|SunnyDay|[upkeep]
|
|switch|p2a: Greninja|Greninja, F|285\/285
|turn|19
|
|move|p2a: Greninja|Ice Beam|p1a: Salamence
|-start|p2a: Greninja|typechange|Ice|[from] Protean
|-supereffective|p1a: Salamence
|-damage|p1a: Salamence|0 fnt
|faint|p1a: Salamence
|
|-weather|SunnyDay|[upkeep]
|
|switch|p1a: Heatran|Heatran, M|298\/386
|-damage|p1a: Heatran|250\/386|[from] Stealth Rock
|turn|20
|
|switch|p2a: Mew|Mew|227\/404
|move|p1a: Heatran|Lava Plume|p2a: Mew
|-damage|p2a: Mew|103\/404
|
|-weather|SunnyDay|[upkeep]
|-heal|p2a: Mew|128\/404|[from] item: Leftovers
|-heal|p1a: Heatran|274\/386|[from] item: Leftovers
|turn|21
|
|move|p2a: Mew|Taunt|p1a: Heatran
|-start|p1a: Heatran|move: Taunt
|cant|p1a: Heatran|move: Taunt|Stealth Rock
|
|-weather|none
|-heal|p2a: Mew|153\/404|[from] item: Leftovers
|-heal|p1a: Heatran|298\/386|[from] item: Leftovers
|turn|22
|
|move|p2a: Mew|Knock Off|p1a: Heatran
|-damage|p1a: Heatran|222\/386
|-enditem|p1a: Heatran|Leftovers|[from] move: Knock Off|[of] p2a: Mew
|move|p1a: Heatran|Lava Plume|p2a: Mew
|-damage|p2a: Mew|60\/404
|
|-heal|p2a: Mew|85\/404|[from] item: Leftovers
|turn|23
|
|switch|p2a: Greninja|Greninja, F|285\/285
|move|p1a: Heatran|Lava Plume|p2a: Greninja
|-resisted|p2a: Greninja
|-damage|p2a: Greninja|203\/285
|
|-end|p1a: Heatran|move: Taunt
|turn|24
|
|switch|p2a: Mew|Mew|85\/404
|move|p1a: Heatran|Lava Plume|p2a: Mew
|-damage|p2a: Mew|0 fnt
|faint|p2a: Mew
|
|
|switch|p2a: Medicham|Medicham-Mega, M|86\/261
|turn|25
|
|move|p2a: Medicham|Drain Punch|p1a: Heatran
|-supereffective|p1a: Heatran
|-damage|p1a: Heatran|0 fnt
|-heal|p2a: Medicham|197\/261|[from] drain|[of] p1a: Heatran
|faint|p1a: Heatran
|
|
|switch|p1a: Ninetales|Ninetales, F|216\/287
|-damage|p1a: Ninetales|145\/287|[from] Stealth Rock
|-weather|SunnyDay
|turn|26
|
|switch|p2a: Greninja|Greninja, F|203\/285
|move|p1a: Ninetales|Overheat|p2a: Greninja
|-resisted|p2a: Greninja
|-damage|p2a: Greninja|39\/285
|-unboost|p1a: Ninetales|spa|2
|
|-weather|SunnyDay|[upkeep]
|turn|27
|
|move|p2a: Greninja|Dark Pulse|p1a: Ninetales
|-start|p2a: Greninja|typechange|Dark|[from] Protean
|-damage|p1a: Ninetales|9\/287
|move|p1a: Ninetales|Energy Ball|p2a: Greninja
|-damage|p2a: Greninja|0 fnt
|faint|p2a: Greninja
|
|-weather|SunnyDay|[upkeep]
|
|switch|p2a: Medicham|Medicham-Mega, M|197\/261
|turn|28
|
|move|p2a: Medicham|Fake Out|p1a: Ninetales
|-damage|p1a: Ninetales|0 fnt
|faint|p1a: Ninetales
|
|win|goodnewsbears
|raw|Ladder updating...
|raw|fifa2's rating: 1727 &rarr; <strong>1699<\/strong><br \/>(-28 for losing)
|raw|goodnewsbears's rating: 1583 &rarr; <strong>1611<\/strong><br \/>(+28 for winning)