|join|fifa2
|join|I'm Not Groot
|player|p1|fifa2|257
|player|p2|I'm Not Groot|52
|gametype|singles
|gen|6
|tier|OU
|rated
|clearpoke
|poke|p1|Ninetales, F
|poke|p1|Donphan, F
|poke|p1|Heatran, M
|poke|p1|Gyarados, F
|poke|p1|Venusaur, M
|poke|p1|Dragonite, M
|poke|p2|Gallade, M
|poke|p2|Heatran, M
|poke|p2|Rotom-Wash
|poke|p2|Gothitelle, M
|poke|p2|Bisharp, M
|poke|p2|Landorus, M
|rule|Swagger Clause: Swagger is banned
|rule|Baton Pass Clause: Limit one Pokémon knowing Baton Pass
|rule|Sleep Clause Mod: Limit one foe put to sleep
|rule|Species Clause: Limit one of each Pokémon
|rule|OHKO Clause: OHKO moves are banned
|rule|Moody Clause: Moody is banned
|rule|Evasion Moves Clause: Evasion moves are banned
|rule|Endless Battle Clause: Forcing endless battles is banned
|rule|HP Percentage Mod: HP is shown in percentages
|teampreview
|
|start
|switch|p1a: Donphan|Donphan, F|361\/361
|switch|p2a: Heatran|Heatran, M|326\/326
|-item|p2a: Heatran|Air Balloon
|turn|1
|
|move|p1a: Donphan|Ice Shard|p2a: Heatran
|-resisted|p2a: Heatran
|-damage|p2a: Heatran|314\/326
|-enditem|p2a: Heatran|Air Balloon
|move|p2a: Heatran|Taunt|p1a: Donphan
|-start|p1a: Donphan|move: Taunt
|
|turn|2
|
|switch|p2a: Rotom-Wash|Rotom-Wash|303\/303
|switch|p1a: Ninetales|Ninetales, F|287\/287
|-weather|SunnyDay
|
|-weather|SunnyDay|[upkeep]
|turn|3
|
|switch|p2a: Heatran|Heatran, M|314\/326
|move|p1a: Ninetales|Energy Ball|p2a: Heatran
|-resisted|p2a: Heatran
|-damage|p2a: Heatran|294\/326
|-unboost|p2a: Heatran|spd|1
|
|-weather|SunnyDay|[upkeep]
|turn|4
|
|move|p1a: Ninetales|Hidden Power|p2a: Heatran
|-supereffective|p2a: Heatran
|-damage|p2a: Heatran|0 fnt
|faint|p2a: Heatran
|
|-weather|SunnyDay|[upkeep]
|
|switch|p2a: Landorus|Landorus, M|319\/319
|turn|5
|
|switch|p1a: Gyarados|Gyarados, F|394\/394
|-ability|p1a: Gyarados|Intimidate|[of] p2a: Landorus
|-unboost|p2a: Landorus|atk|1
|move|p2a: Landorus|Focus Blast|p1a: Gyarados|[miss]
|-miss|p2a: Landorus|p1a: Gyarados
|
|-weather|SunnyDay|[upkeep]
|turn|6
|
|switch|p2a: Rotom-Wash|Rotom-Wash|303\/303
|switch|p1a: Heatran|Heatran, M|385\/385
|
|-weather|SunnyDay|[upkeep]
|turn|7
|
|move|p2a: Rotom-Wash|Hydro Pump|p1a: Heatran|[miss]
|-miss|p2a: Rotom-Wash|p1a: Heatran
|move|p1a: Heatran|Stealth Rock|p2a: Rotom-Wash
|-sidestart|p2: I'm Not Groot|move: Stealth Rock
|
|-weather|SunnyDay|[upkeep]
|turn|8
|
|move|p2a: Rotom-Wash|Hydro Pump|p1a: Heatran
|-supereffective|p1a: Heatran
|-damage|p1a: Heatran|295\/385
|move|p1a: Heatran|Lava Plume|p2a: Rotom-Wash
|-resisted|p2a: Rotom-Wash
|-damage|p2a: Rotom-Wash|245\/303
|
|-weather|SunnyDay|[upkeep]
|-heal|p2a: Rotom-Wash|263\/303|[from] item: Leftovers
|-heal|p1a: Heatran|319\/385|[from] item: Leftovers
|turn|9
|
|move|p2a: Rotom-Wash|Hydro Pump|p1a: Heatran
|-supereffective|p1a: Heatran
|-damage|p1a: Heatran|217\/385
|move|p1a: Heatran|Lava Plume|p2a: Rotom-Wash
|-resisted|p2a: Rotom-Wash
|-damage|p2a: Rotom-Wash|197\/303
|-status|p2a: Rotom-Wash|brn
|
|-weather|none
|-heal|p2a: Rotom-Wash|215\/303 brn|[from] item: Leftovers
|-heal|p1a: Heatran|241\/385|[from] item: Leftovers
|-damage|p2a: Rotom-Wash|178\/303 brn|[from] brn
|turn|10
|
|switch|p1a: Venusaur|Venusaur, M|338\/338
|move|p2a: Rotom-Wash|Volt Switch|p1a: Venusaur
|-resisted|p1a: Venusaur
|-damage|p1a: Venusaur|296\/338
|
|switch|p2a: Gothitelle|Gothitelle, M|282\/282
|-damage|p2a: Gothitelle|247\/282|[from] Stealth Rock
|
|turn|11
|
|detailschange|p1a: Venusaur|Venusaur-Mega, M
|-mega|p1a: Venusaur|Venusaur|Venusaurite
|move|p2a: Gothitelle|Psyshock|p1a: Venusaur
|-supereffective|p1a: Venusaur
|-damage|p1a: Venusaur|0 fnt
|faint|p1a: Venusaur
|
|
|switch|p1a: Dragonite|Dragonite, M|323\/323
|turn|12
|
|switch|p2a: Rotom-Wash|Rotom-Wash|178\/303 brn
|-damage|p2a: Rotom-Wash|141\/303 brn|[from] Stealth Rock
|move|p1a: Dragonite|Dragon Dance|p1a: Dragonite
|-boost|p1a: Dragonite|atk|1
|-boost|p1a: Dragonite|spe|1
|
|-heal|p2a: Rotom-Wash|159\/303 brn|[from] item: Leftovers
|-damage|p2a: Rotom-Wash|122\/303 brn|[from] brn
|turn|13
|
|move|p1a: Dragonite|Outrage|p2a: Rotom-Wash
|-damage|p2a: Rotom-Wash|0 fnt
|faint|p2a: Rotom-Wash
|
|
|switch|p2a: Bisharp|Bisharp, M|271\/271
|-damage|p2a: Bisharp|255\/271|[from] Stealth Rock
|turn|14
|
|move|p1a: Dragonite|Outrage|p2a: Bisharp
|-resisted|p2a: Bisharp
|-damage|p2a: Bisharp|77\/271
|move|p2a: Bisharp|Swords Dance|p2a: Bisharp
|-boost|p2a: Bisharp|atk|2
|
|turn|15
|
|move|p2a: Bisharp|Sucker Punch|p1a: Dragonite
|-damage|p1a: Dragonite|123\/323
|-damage|p2a: Bisharp|50\/271|[from] item: Life Orb
|move|p1a: Dragonite|Outrage|p2a: Bisharp
|-resisted|p2a: Bisharp
|-damage|p2a: Bisharp|0 fnt
|faint|p2a: Bisharp
|
|-end|p1a: Dragonite|rampage
|-start|p1a: Dragonite|confusion
|
|switch|p2a: Gothitelle|Gothitelle, M|247\/282
|-enditem|p1a: Dragonite|Lum Berry|[eat]
|-end|p1a: Dragonite|confusion
|-damage|p2a: Gothitelle|212\/282|[from] Stealth Rock
|turn|16
|
|move|p1a: Dragonite|Outrage|p2a: Gothitelle
|-damage|p2a: Gothitelle|0 fnt
|faint|p2a: Gothitelle
|
|
|switch|p2a: Landorus|Landorus, M|319\/319
|-damage|p2a: Landorus|280\/319|[from] Stealth Rock
|turn|17
|
|move|p1a: Dragonite|Outrage|p2a: Landorus
|-crit|p2a: Landorus
|-damage|p2a: Landorus|0 fnt
|faint|p2a: Landorus
|
|-end|p1a: Dragonite|rampage
|-start|p1a: Dragonite|confusion
|
|switch|p2a: Gallade|Gallade, M|277\/277
|-damage|p2a: Gallade|260\/277|[from] Stealth Rock
|turn|18
|
|detailschange|p2a: Gallade|Gallade-Mega, M
|-mega|p2a: Gallade|Gallade|Galladite
|-activate|p1a: Dragonite|confusion
|-damage|p1a: Dragonite|41\/323|[from] confusion
|move|p2a: Gallade|Zen Headbutt|p1a: Dragonite
|-damage|p1a: Dragonite|0 fnt
|faint|p1a: Dragonite
|
|
|switch|p1a: Donphan|Donphan, F|361\/361
|turn|19
|
|move|p2a: Gallade|Zen Headbutt|p1a: Donphan
|-damage|p1a: Donphan|226\/361
|move|p1a: Donphan|Earthquake|p2a: Gallade
|-damage|p2a: Gallade|70\/277
|
|-heal|p1a: Donphan|248\/361|[from] item: Leftovers
|turn|20
|
|move|p1a: Donphan|Ice Shard|p2a: Gallade
|-damage|p2a: Gallade|20\/277
|move|p2a: Gallade|Close Combat|p1a: Donphan
|-damage|p1a: Donphan|47\/361
|-unboost|p2a: Gallade|def|1
|-unboost|p2a: Gallade|spd|1
|
|-heal|p1a: Donphan|69\/361|[from] item: Leftovers
|turn|21
|
|move|p1a: Donphan|Ice Shard|p2a: Gallade
|-damage|p2a: Gallade|0 fnt
|faint|p2a: Gallade
|
|win|fifa2
|raw|Ladder updating...
|raw|fifa2's rating: 1628 &rarr; <strong>1646<\/strong><br \/>(+18 for winning)
|raw|I&apos;m Not Groot's rating: 1603 &rarr; <strong>1584<\/strong><br \/>(-19 for losing)
|c|★I'm Not Groot|gg
|leave|I'm Not Groot
|player|p2