|join|DeadlyMagikarp
|join|AnimeManqaFreak
|player|p1|DeadlyMagikarp|269
|player|p2|AnimeManqaFreak|130
|gametype|singles
|gen|6
|tier|UU
|rated
|rule|Sleep Clause Mod: Limit one foe put to sleep
|rule|Species Clause: Limit one of each Pokémon
|rule|OHKO Clause: OHKO moves are banned
|rule|Moody Clause: Moody is banned
|rule|Evasion Moves Clause: Evasion moves are banned
|rule|Endless Battle Clause: Forcing endless battles is banned
|rule|HP Percentage Mod: HP is shown in percentages
|clearpoke
|poke|p1|Sceptile, M
|poke|p1|Tentacruel, M, shiny
|poke|p1|Swampert, M
|poke|p1|Honchkrow, M, shiny
|poke|p1|Arcanine, M
|poke|p1|Porygon-Z
|poke|p2|Sceptile, F
|poke|p2|Galvantula, M
|poke|p2|Sharpedo, F
|poke|p2|Arcanine, F
|poke|p2|Florges, F, shiny
|poke|p2|Mienshao, M
|rule|Swagger Clause: Swagger is banned
|rule|Baton Pass Clause: Limit one Pokémon knowing Baton Pass
|teampreview
|
|start
|switch|p1a: RK9|Arcanine, M|369\/369
|switch|p2a: Galvantula|Galvantula, M|281\/281
|-ability|p1a: RK9|Intimidate|[of] p2a: Galvantula
|-unboost|p2a: Galvantula|atk|1
|turn|1
|
|move|p1a: RK9|Extreme Speed|p2a: Galvantula
|-damage|p2a: Galvantula|148\/281
|move|p2a: Galvantula|Sticky Web|p1a: RK9
|-sidestart|p1: DeadlyMagikarp|move: Sticky Web
|
|turn|2
|
|switch|p2a: Arcanine|Arcanine, F|383\/383
|-ability|p2a: Arcanine|Intimidate|[of] p1a: RK9
|-unboost|p1a: RK9|atk|1
|move|p1a: RK9|Flare Blitz|p2a: Arcanine
|-resisted|p2a: Arcanine
|-damage|p2a: Arcanine|326\/383
|-damage|p1a: RK9|350\/369|[from] recoil|[of] p2a: Arcanine
|
|-heal|p1a: RK9|369\/369|[from] item: Leftovers
|-heal|p2a: Arcanine|349\/383|[from] item: Leftovers
|turn|3
|
|switch|p1a: Samehada|Swampert, M|403\/403
|-activate|p1a: Samehada|move: Sticky Web
|-unboost|p1a: Samehada|spe|1
|move|p2a: Arcanine|Flame Charge|p1a: Samehada
|-resisted|p1a: Samehada
|-damage|p1a: Samehada|377\/403
|-boost|p2a: Arcanine|spe|1
|
|-heal|p2a: Arcanine|372\/383|[from] item: Leftovers
|-heal|p1a: Samehada|402\/403|[from] item: Leftovers
|turn|4
|
|move|p2a: Arcanine|Will-O-Wisp|p1a: Samehada
|-status|p1a: Samehada|brn
|move|p1a: Samehada|Stealth Rock|p2a: Arcanine
|-sidestart|p2: AnimeManqaFreak|move: Stealth Rock
|
|-heal|p2a: Arcanine|383\/383|[from] item: Leftovers
|-heal|p1a: Samehada|403\/403 brn|[from] item: Leftovers
|-damage|p1a: Samehada|353\/403 brn|[from] brn
|turn|5
|
|move|p2a: Arcanine|Flame Charge|p1a: Samehada
|-resisted|p1a: Samehada
|-damage|p1a: Samehada|326\/403 brn
|-boost|p2a: Arcanine|spe|1
|move|p1a: Samehada|Earthquake|p2a: Arcanine
|-supereffective|p2a: Arcanine
|-damage|p2a: Arcanine|273\/383
|
|-heal|p2a: Arcanine|296\/383|[from] item: Leftovers
|-heal|p1a: Samehada|351\/403 brn|[from] item: Leftovers
|-damage|p1a: Samehada|301\/403 brn|[from] brn
|turn|6
|
|move|p2a: Arcanine|Flame Charge|p1a: Samehada
|-resisted|p1a: Samehada
|-damage|p1a: Samehada|277\/403 brn
|-boost|p2a: Arcanine|spe|1
|move|p1a: Samehada|Roar|p2a: Arcanine
|drag|p2a: Galvantula|Galvantula, M|148\/281
|-damage|p2a: Galvantula|78\/281|[from] Stealth Rock
|
|-heal|p1a: Samehada|302\/403 brn|[from] item: Leftovers
|-damage|p1a: Samehada|252\/403 brn|[from] brn
|turn|7
|
|switch|p1a: RK9|Arcanine, M|369\/369
|-activate|p1a: RK9|move: Sticky Web
|-unboost|p1a: RK9|spe|1
|-ability|p1a: RK9|Intimidate|[of] p2a: Galvantula
|-unboost|p2a: Galvantula|atk|1
|move|p2a: Galvantula|Bug Buzz|p1a: RK9
|-resisted|p1a: RK9
|-damage|p1a: RK9|302\/369
|
|-heal|p1a: RK9|325\/369|[from] item: Leftovers
|turn|8
|
|switch|p2a: Arcanine|Arcanine, F|296\/383
|-damage|p2a: Arcanine|201\/383|[from] Stealth Rock
|-ability|p2a: Arcanine|Intimidate|[of] p1a: RK9
|-unboost|p1a: RK9|atk|1
|move|p1a: RK9|Extreme Speed|p2a: Arcanine
|-damage|p2a: Arcanine|145\/383
|
|-heal|p2a: Arcanine|168\/383|[from] item: Leftovers
|-heal|p1a: RK9|348\/369|[from] item: Leftovers
|turn|9
|
|switch|p1a: Samehada|Swampert, M|252\/403 brn
|-activate|p1a: Samehada|move: Sticky Web
|-unboost|p1a: Samehada|spe|1
|move|p2a: Arcanine|Morning Sun|p2a: Arcanine
|-heal|p2a: Arcanine|359\/383
|
|-heal|p2a: Arcanine|382\/383|[from] item: Leftovers
|-heal|p1a: Samehada|277\/403 brn|[from] item: Leftovers
|-damage|p1a: Samehada|227\/403 brn|[from] brn
|turn|10
|
|move|p2a: Arcanine|Flame Charge|p1a: Samehada
|-resisted|p1a: Samehada
|-damage|p1a: Samehada|200\/403 brn
|-boost|p2a: Arcanine|spe|1
|move|p1a: Samehada|Earthquake|p2a: Arcanine
|-crit|p2a: Arcanine
|-supereffective|p2a: Arcanine
|-damage|p2a: Arcanine|230\/383
|
|-heal|p2a: Arcanine|253\/383|[from] item: Leftovers
|-heal|p1a: Samehada|225\/403 brn|[from] item: Leftovers
|-damage|p1a: Samehada|175\/403 brn|[from] brn
|turn|11
|
|move|p2a: Arcanine|Morning Sun|p2a: Arcanine
|-heal|p2a: Arcanine|383\/383
|move|p1a: Samehada|Earthquake|p2a: Arcanine
|-supereffective|p2a: Arcanine
|-damage|p2a: Arcanine|263\/383
|
|-heal|p2a: Arcanine|286\/383|[from] item: Leftovers
|-heal|p1a: Samehada|200\/403 brn|[from] item: Leftovers
|-damage|p1a: Samehada|150\/403 brn|[from] brn
|turn|12
|
|move|p2a: Arcanine|Flame Charge|p1a: Samehada
|-resisted|p1a: Samehada
|-damage|p1a: Samehada|125\/403 brn
|-boost|p2a: Arcanine|spe|1
|move|p1a: Samehada|Roar|p2a: Arcanine
|drag|p2a: Sceptile|Sceptile, F|281\/281
|-damage|p2a: Sceptile|246\/281|[from] Stealth Rock
|
|-heal|p1a: Samehada|150\/403 brn|[from] item: Leftovers
|-damage|p1a: Samehada|100\/403 brn|[from] brn
|turn|13
|
|move|p2a: Sceptile|Dragon Pulse|p1a: Samehada
|-damage|p1a: Samehada|0 fnt
|faint|p1a: Samehada
|
|
|switch|p1a: Death Gun|Porygon-Z|311\/311
|-activate|p1a: Death Gun|move: Sticky Web
|-unboost|p1a: Death Gun|spe|1
|turn|14
|
|switch|p2a: Galvantula|Galvantula, M|78\/281
|-damage|p2a: Galvantula|8\/281|[from] Stealth Rock
|move|p1a: Death Gun|Tri Attack|p2a: Galvantula
|-damage|p2a: Galvantula|0 fnt
|faint|p2a: Galvantula
|
|
|switch|p2a: Mienshao|Mienshao, M|271\/271
|-damage|p2a: Mienshao|255\/271|[from] Stealth Rock
|turn|15
|
|switch|p1a: Tonkii|Tentacruel, M, shiny|363\/363
|-activate|p1a: Tonkii|move: Sticky Web
|-unboost|p1a: Tonkii|spe|1
|move|p2a: Mienshao|Fake Out|p1a: Tonkii
|-damage|p1a: Tonkii|282\/363
|-damage|p2a: Mienshao|228\/271|[from] item: Life Orb
|
|-heal|p1a: Tonkii|304\/363|[from] item: Black Sludge
|turn|16
|
|move|p2a: Mienshao|Knock Off|p1a: Tonkii
|-damage|p1a: Tonkii|103\/363
|-enditem|p1a: Tonkii|Black Sludge|[from] move: Knock Off|[of] p2a: Mienshao
|-damage|p2a: Mienshao|201\/271|[from] item: Life Orb
|move|p1a: Tonkii|Rapid Spin|p2a: Mienshao
|-damage|p2a: Mienshao|186\/271
|-sideend|p1: DeadlyMagikarp|Sticky Web|[from] move: Rapid Spin|[of] p1a: Tonkii
|
|turn|17
|
|move|p2a: Mienshao|Drain Punch|p1a: Tonkii
|-resisted|p1a: Tonkii
|-damage|p1a: Tonkii|0 fnt
|-damage|p2a: Mienshao|134\/271|[from] ability: Liquid Ooze|[of] p1a: Tonkii
|-damage|p2a: Mienshao|107\/271|[from] item: Life Orb
|faint|p1a: Tonkii
|
|
|switch|p1a: RK9|Arcanine, M|348\/369
|-ability|p1a: RK9|Intimidate|[of] p2a: Mienshao
|-unboost|p2a: Mienshao|atk|1
|turn|18
|
|switch|p2a: Arcanine|Arcanine, F|286\/383
|-damage|p2a: Arcanine|191\/383|[from] Stealth Rock
|-ability|p2a: Arcanine|Intimidate|[of] p1a: RK9
|-unboost|p1a: RK9|atk|1
|move|p1a: RK9|Extreme Speed|p2a: Arcanine
|-damage|p2a: Arcanine|143\/383
|
|-heal|p1a: RK9|369\/369|[from] item: Leftovers
|-heal|p2a: Arcanine|166\/383|[from] item: Leftovers
|turn|19
|
|switch|p1a: Death Gun|Porygon-Z|311\/311
|move|p2a: Arcanine|Morning Sun|p2a: Arcanine
|-heal|p2a: Arcanine|357\/383
|
|-heal|p2a: Arcanine|380\/383|[from] item: Leftovers
|turn|20
|
|move|p1a: Death Gun|Tri Attack|p2a: Arcanine
|-damage|p2a: Arcanine|108\/383
|move|p2a: Arcanine|Flame Charge|p1a: Death Gun
|-damage|p1a: Death Gun|227\/311
|-boost|p2a: Arcanine|spe|1
|
|-heal|p2a: Arcanine|131\/383|[from] item: Leftovers
|turn|21
|
|move|p2a: Arcanine|Extreme Speed|p1a: Death Gun
|-damage|p1a: Death Gun|134\/311
|move|p1a: Death Gun|Tri Attack|p2a: Arcanine
|-damage|p2a: Arcanine|0 fnt
|faint|p2a: Arcanine
|
|
|switch|p2a: Mienshao|Mienshao, M|197\/271
|-damage|p2a: Mienshao|181\/271|[from] Stealth Rock
|turn|22
|
|switch|p1a: RK9|Arcanine, M|369\/369
|-ability|p1a: RK9|Intimidate|[of] p2a: Mienshao
|-unboost|p2a: Mienshao|atk|1
|move|p2a: Mienshao|Fake Out|p1a: RK9
|-damage|p1a: RK9|317\/369
|-damage|p2a: Mienshao|154\/271|[from] item: Life Orb
|
|-heal|p1a: RK9|340\/369|[from] item: Leftovers
|turn|23
|
|switch|p2a: Florges|Florges, F, shiny|360\/360
|-damage|p2a: Florges|315\/360|[from] Stealth Rock
|move|p1a: RK9|Will-O-Wisp|p2a: Florges|[miss]
|-miss|p1a: RK9|p2a: Florges
|
|-heal|p1a: RK9|363\/369|[from] item: Leftovers
|-heal|p2a: Florges|337\/360|[from] item: Leftovers
|turn|24
|
|move|p1a: RK9|Flare Blitz|p2a: Florges
|-damage|p2a: Florges|73\/360
|-damage|p1a: RK9|276\/369|[from] recoil|[of] p2a: Florges
|move|p2a: Florges|Wish|p2a: Florges
|
|-heal|p1a: RK9|299\/369|[from] item: Leftovers
|-heal|p2a: Florges|95\/360|[from] item: Leftovers
|turn|25
|
|switch|p1a: Death Gun|Porygon-Z|134\/311
|move|p2a: Florges|Protect|p2a: Florges
|-fail|p2a: Florges
|
|-heal|p2a: Florges|275\/360|[from] move: Wish|[wisher] Florges
|-heal|p2a: Florges|297\/360|[from] item: Leftovers
|turn|26
|
|move|p2a: Florges|Protect|p2a: Florges
|-singleturn|p2a: Florges|Protect
|move|p1a: Death Gun|Tri Attack|p2a: Florges
|-activate|p2a: Florges|Protect
|
|-heal|p2a: Florges|319\/360|[from] item: Leftovers
|turn|27
|
|move|p1a: Death Gun|Tri Attack|p2a: Florges
|-damage|p2a: Florges|205\/360
|move|p2a: Florges|Moonblast|p1a: Death Gun
|-damage|p1a: Death Gun|0 fnt
|faint|p1a: Death Gun
|
|-heal|p2a: Florges|227\/360|[from] item: Leftovers
|c|★AnimeManqaFreak|Thank god that's out of the way..
|
|switch|p1a: RK9|Arcanine, M|299\/369
|-ability|p1a: RK9|Intimidate|[of] p2a: Florges
|-unboost|p2a: Florges|atk|1
|turn|28
|c|★AnimeManqaFreak|I honestly thought it'd sweep through my team.
|c|★DeadlyMagikarp|yeah I miss cliked I was gona trick you
|c|★DeadlyMagikarp|but I have baad connection
|c|★AnimeManqaFreak|Was it specs or scarfed?
|c|★DeadlyMagikarp|scarf
|
|move|p2a: Florges|Protect|p2a: Florges
|-singleturn|p2a: Florges|Protect
|move|p1a: RK9|Will-O-Wisp|p2a: Florges
|-activate|p2a: Florges|Protect
|
|-heal|p1a: RK9|322\/369|[from] item: Leftovers
|-heal|p2a: Florges|249\/360|[from] item: Leftovers
|turn|29
|c|★AnimeManqaFreak|I was bluffing the scarf on my Mienshao when I switched it in. Did you fall for it?
|
|move|p1a: RK9|Will-O-Wisp|p2a: Florges
|-status|p2a: Florges|brn
|move|p2a: Florges|Wish|p2a: Florges
|
|-heal|p1a: RK9|345\/369|[from] item: Leftovers
|-heal|p2a: Florges|271\/360 brn|[from] item: Leftovers
|-damage|p2a: Florges|226\/360 brn|[from] brn
|turn|30
|c|★DeadlyMagikarp|no
|c|★DeadlyMagikarp|the firs time yes
|c|★DeadlyMagikarp|but I saw the life orb
|c|★DeadlyMagikarp|damage
|c|★AnimeManqaFreak|Yeah, I meant the first time though.
|c|★DeadlyMagikarp|oh
|c|★DeadlyMagikarp|yeah
|
|move|p1a: RK9|Flare Blitz|p2a: Florges
|-damage|p2a: Florges|0 fnt
|-damage|p1a: RK9|270\/369|[from] recoil|[of] p2a: Florges
|faint|p2a: Florges
|
|-heal|p1a: RK9|293\/369|[from] item: Leftovers
|c|★DeadlyMagikarp|oh
|
|switch|p2a: Mienshao|Mienshao, M|244\/271
|-damage|p2a: Mienshao|228\/271|[from] Stealth Rock
|turn|31
|c|★AnimeManqaFreak|You running a physically defensive Arcanine as well?
|c|★DeadlyMagikarp|lil bit
|
|move|p2a: Mienshao|Fake Out|p1a: RK9
|-crit|p1a: RK9
|-damage|p1a: RK9|193\/369
|-damage|p2a: Mienshao|201\/271|[from] item: Life Orb
|cant|p1a: RK9|flinch
|
|-heal|p1a: RK9|216\/369|[from] item: Leftovers
|turn|32
|c|★DeadlyMagikarp|crit
|
|move|p1a: RK9|Extreme Speed|p2a: Mienshao
|-damage|p2a: Mienshao|55\/271
|move|p2a: Mienshao|Drain Punch|p1a: RK9
|-damage|p1a: RK9|0 fnt
|-heal|p2a: Mienshao|163\/271|[from] drain|[of] p1a: RK9
|-damage|p2a: Mienshao|136\/271|[from] item: Life Orb
|faint|p1a: RK9
|
|
|switch|p1a: P1MP|Honchkrow, M, shiny|341\/341
|turn|33
|
|move|p2a: Mienshao|Knock Off|p1a: P1MP
|-resisted|p1a: P1MP
|-damage|p1a: P1MP|211\/341
|-enditem|p1a: P1MP|Life Orb|[from] move: Knock Off|[of] p2a: Mienshao
|-damage|p2a: Mienshao|109\/271|[from] item: Life Orb
|move|p1a: P1MP|Brave Bird|p2a: Mienshao
|-supereffective|p2a: Mienshao
|-damage|p2a: Mienshao|0 fnt
|-damage|p1a: P1MP|175\/341|[from] recoil|[of] p2a: Mienshao
|faint|p2a: Mienshao
|-boost|p1a: P1MP|atk|1|[from] ability: Moxie
|
|c|★AnimeManqaFreak|I think I might've lost.
|c|★DeadlyMagikarp|maby
|
|switch|p2a: Sharpedo|Sharpedo, F|281\/281
|-damage|p2a: Sharpedo|246\/281|[from] Stealth Rock
|turn|34
|
|move|p2a: Sharpedo|Protect|p2a: Sharpedo
|-singleturn|p2a: Sharpedo|Protect
|move|p1a: P1MP|Roost|p1a: P1MP
|-heal|p1a: P1MP|341\/341
|
|-boost|p2a: Sharpedo|spe|1|[from] ability: Speed Boost
|turn|35
|
|detailschange|p2a: Sharpedo|Sharpedo-Mega, F
|-mega|p2a: Sharpedo|Sharpedo|Sharpedonite
|move|p2a: Sharpedo|Ice Fang|p1a: P1MP
|-supereffective|p1a: P1MP
|-damage|p1a: P1MP|0 fnt
|faint|p1a: P1MP
|
|c|★DeadlyMagikarp|maby not
|c|★AnimeManqaFreak|GG
|
|switch|p1a: Smaug|Sceptile, M|281\/281
|turn|36
|
|move|p2a: Sharpedo|Ice Fang|p1a: Smaug
|-supereffective|p1a: Smaug
|-damage|p1a: Smaug|0 fnt
|faint|p1a: Smaug
|
|win|AnimeManqaFreak
|raw|Ladder updating...
|raw|DeadlyMagikarp's rating: 1103 &rarr; <strong>1077<\/strong><br \/>(-26 for losing)
|raw|AnimeManqaFreak's rating: 1079 &rarr; <strong>1109<\/strong><br \/>(+30 for winning)
|c|★DeadlyMagikarp|gg
|leave|DeadlyMagikarp