|join|Majore D' Mawile
|join|ULT Socrates
|player|p1|Majore D' Mawile|218
|player|p2|ULT Socrates|291
|gametype|singles
|gen|6
|tier|UU
|rated
|rule|Sleep Clause Mod: Limit one foe put to sleep
|rule|Species Clause: Limit one of each Pokémon
|rule|OHKO Clause: OHKO moves are banned
|rule|Moody Clause: Moody is banned
|rule|Evasion Moves Clause: Evasion moves are banned
|rule|Endless Battle Clause: Forcing endless battles is banned
|rule|HP Percentage Mod: HP is shown in percentages
|clearpoke
|poke|p1|Porygon-Z
|poke|p1|Jirachi
|poke|p1|Starmie
|poke|p1|Nidoqueen, F
|poke|p1|Pidgeot, F
|poke|p1|Darmanitan, M
|poke|p2|Reuniclus, F
|poke|p2|Pidgeot, M
|poke|p2|Empoleon, F
|poke|p2|Virizion
|poke|p2|Chandelure, F
|poke|p2|Haxorus, F
|rule|Swagger Clause: Swagger is banned
|rule|Baton Pass Clause: Limit one Pokémon knowing Baton Pass
|teampreview
|c|★ULT Socrates|gl hf
|c|★Majore D' Mawile|u2
|c|★Majore D' Mawile|You're part of the UU Ladder Tourney?
|c|★ULT Socrates|yes sir
|c|★Majore D' Mawile|How do you register for it?
|c|★ULT Socrates|I will link you
|c|★Majore D' Mawile|yeah sure
|c|★ULT Socrates|http:\/\/www.smogon.com\/forums\/threads\/oras-underused-ladder-tournament.3527810\/
|
|start
|switch|p1a: Darmanitan|Darmanitan, M|351\/351
|switch|p2a: Reuniclus|Reuniclus, F|424\/424
|turn|1
|c|★Majore D' Mawile|thanks for the link
|
|move|p1a: Darmanitan|U-turn|p2a: Reuniclus
|-supereffective|p2a: Reuniclus
|-damage|p2a: Reuniclus|213\/424
|-damage|p1a: Darmanitan|316\/351|[from] item: Life Orb
|c|★Majore D' Mawile|I'll try to participate there soon.
|
|switch|p1a: Jirachi|Jirachi|341\/341
|move|p2a: Reuniclus|Psyshock|p1a: Jirachi
|-resisted|p1a: Jirachi
|-damage|p1a: Jirachi|311\/341
|
|-heal|p2a: Reuniclus|239\/424|[from] item: Leftovers
|turn|2
|
|switch|p2a: Empoleon|Empoleon, F|372\/372
|move|p1a: Jirachi|U-turn|p2a: Empoleon
|-resisted|p2a: Empoleon
|-damage|p2a: Empoleon|331\/372
|
|switch|p1a: Darmanitan|Darmanitan, M|316\/351
|
|-heal|p2a: Empoleon|354\/372|[from] item: Leftovers
|turn|3
|
|move|p1a: Darmanitan|Earthquake|p2a: Empoleon
|-crit|p2a: Empoleon
|-supereffective|p2a: Empoleon
|-damage|p2a: Empoleon|0 fnt
|-damage|p1a: Darmanitan|281\/351|[from] item: Life Orb
|faint|p2a: Empoleon
|
|
|switch|p2a: Pidgeot|Pidgeot, M|307\/307
|turn|4
|
|detailschange|p2a: Pidgeot|Pidgeot-Mega, M
|-mega|p2a: Pidgeot|Pidgeot|Pidgeotite
|move|p2a: Pidgeot|Hurricane|p1a: Darmanitan
|-damage|p1a: Darmanitan|0 fnt
|faint|p1a: Darmanitan
|
|
|switch|p1a: Jirachi|Jirachi|311\/341
|turn|5
|
|switch|p2a: Chandelure|Chandelure, F|261\/261
|move|p1a: Jirachi|U-turn|p2a: Chandelure
|-resisted|p2a: Chandelure
|-damage|p2a: Chandelure|243\/261
|
|switch|p1a: Nidoqueen|Nidoqueen, F|353\/353
|
|-heal|p2a: Chandelure|259\/261|[from] item: Leftovers
|turn|6
|
|move|p2a: Chandelure|Shadow Ball|p1a: Nidoqueen
|-damage|p1a: Nidoqueen|160\/353
|-unboost|p1a: Nidoqueen|spd|1
|move|p1a: Nidoqueen|Sludge Wave|p2a: Chandelure
|-resisted|p2a: Chandelure
|-damage|p2a: Chandelure|150\/261
|
|-heal|p2a: Chandelure|166\/261|[from] item: Leftovers
|turn|7
|
|switch|p1a: Porygon-Z|Porygon-Z|311\/311
|move|p2a: Chandelure|Substitute|p2a: Chandelure
|-start|p2a: Chandelure|Substitute
|-damage|p2a: Chandelure|101\/261
|
|-heal|p2a: Chandelure|117\/261|[from] item: Leftovers
|turn|8
|
|move|p1a: Porygon-Z|Thunderbolt|p2a: Chandelure
|-end|p2a: Chandelure|Substitute
|move|p2a: Chandelure|Fire Blast|p1a: Porygon-Z
|-damage|p1a: Porygon-Z|4\/311
|
|-heal|p2a: Chandelure|133\/261|[from] item: Leftovers
|turn|9
|
|move|p1a: Porygon-Z|Thunderbolt|p2a: Chandelure
|-damage|p2a: Chandelure|0 fnt
|faint|p2a: Chandelure
|
|
|switch|p2a: Virizion|Virizion|331\/331
|turn|10
|
|switch|p1a: Nidoqueen|Nidoqueen, F|160\/353
|move|p2a: Virizion|Close Combat|p1a: Nidoqueen
|-resisted|p1a: Nidoqueen
|-damage|p1a: Nidoqueen|72\/353
|-unboost|p2a: Virizion|def|1
|-unboost|p2a: Virizion|spd|1
|
|turn|11
|
|move|p2a: Virizion|Close Combat|p1a: Nidoqueen
|-resisted|p1a: Nidoqueen
|-damage|p1a: Nidoqueen|0 fnt
|-unboost|p2a: Virizion|def|1
|-unboost|p2a: Virizion|spd|1
|faint|p1a: Nidoqueen
|
|
|switch|p1a: Pidgeot|Pidgeot, F|307\/307
|turn|12
|
|detailschange|p1a: Pidgeot|Pidgeot-Mega, F
|-mega|p1a: Pidgeot|Pidgeot|Pidgeotite
|move|p2a: Virizion|Stone Edge|p1a: Pidgeot
|-supereffective|p1a: Pidgeot
|-damage|p1a: Pidgeot|101\/307
|move|p1a: Pidgeot|Hurricane|p2a: Virizion
|-supereffective|p2a: Virizion
|-damage|p2a: Virizion|0 fnt
|faint|p2a: Virizion
|
|
|switch|p2a: Haxorus|Haxorus, F|293\/293
|-ability|p2a: Haxorus|Mold Breaker
|turn|13
|
|move|p2a: Haxorus|Dragon Claw|p1a: Pidgeot
|-damage|p1a: Pidgeot|0 fnt
|faint|p1a: Pidgeot
|
|
|switch|p1a: Jirachi|Jirachi|311\/341
|turn|14
|
|switch|p2a: Reuniclus|Reuniclus, F|239\/424
|move|p1a: Jirachi|Iron Head|p2a: Reuniclus
|-damage|p2a: Reuniclus|131\/424
|
|-heal|p2a: Reuniclus|157\/424|[from] item: Leftovers
|turn|15
|
|move|p1a: Jirachi|Iron Head|p2a: Reuniclus
|-damage|p2a: Reuniclus|51\/424
|move|p2a: Reuniclus|Recover|p2a: Reuniclus
|-heal|p2a: Reuniclus|263\/424
|
|-heal|p2a: Reuniclus|289\/424|[from] item: Leftovers
|turn|16
|
|switch|p1a: Starmie|Starmie|323\/323
|move|p2a: Reuniclus|Recover|p2a: Reuniclus
|-heal|p2a: Reuniclus|424\/424
|
|turn|17
|
|move|p1a: Starmie|Scald|p2a: Reuniclus
|-damage|p2a: Reuniclus|324\/424
|move|p2a: Reuniclus|Calm Mind|p2a: Reuniclus
|-boost|p2a: Reuniclus|spa|1
|-boost|p2a: Reuniclus|spd|1
|
|-heal|p2a: Reuniclus|350\/424|[from] item: Leftovers
|turn|18
|
|switch|p1a: Jirachi|Jirachi|311\/341
|move|p2a: Reuniclus|Psyshock|p1a: Jirachi
|-resisted|p1a: Jirachi
|-damage|p1a: Jirachi|271\/341
|
|-heal|p2a: Reuniclus|376\/424|[from] item: Leftovers
|turn|19
|
|move|p1a: Jirachi|Trick|p2a: Reuniclus
|-activate|p1a: Jirachi|move: Trick|[of] p2a: Reuniclus
|-item|p2a: Reuniclus|Choice Scarf|[from] move: Trick
|-item|p1a: Jirachi|Leftovers|[from] move: Trick
|move|p2a: Reuniclus|Focus Blast|p1a: Jirachi|[miss]
|-miss|p2a: Reuniclus|p1a: Jirachi
|
|-heal|p1a: Jirachi|292\/341|[from] item: Leftovers
|turn|20
|
|move|p1a: Jirachi|U-turn|p2a: Reuniclus
|-supereffective|p2a: Reuniclus
|-damage|p2a: Reuniclus|254\/424
|
|switch|p1a: Starmie|Starmie|323\/323
|move|p2a: Reuniclus|Focus Blast|p1a: Starmie|[miss]
|-miss|p2a: Reuniclus|p1a: Starmie
|
|turn|21
|c|★ULT Socrates|you needed that scarf
|
|switch|p1a: Jirachi|Jirachi|292\/341
|move|p2a: Reuniclus|Focus Blast|p1a: Jirachi|[miss]
|-miss|p2a: Reuniclus|p1a: Jirachi
|
|-heal|p1a: Jirachi|313\/341|[from] item: Leftovers
|turn|22
|c|★ULT Socrates|lmao
|c|★ULT Socrates|shouldnt have said that
|
|switch|p2a: Haxorus|Haxorus, F|293\/293
|-ability|p2a: Haxorus|Mold Breaker
|move|p1a: Jirachi|Trick|p2a: Haxorus
|-activate|p1a: Jirachi|move: Trick|[of] p2a: Haxorus
|-item|p2a: Haxorus|Leftovers|[from] move: Trick
|-item|p1a: Jirachi|Choice Scarf|[from] move: Trick
|
|turn|23
|
|move|p1a: Jirachi|Iron Head|p2a: Haxorus
|-damage|p2a: Haxorus|164\/293
|cant|p2a: Haxorus|flinch
|
|-heal|p2a: Haxorus|182\/293|[from] item: Leftovers
|turn|24
|
|move|p1a: Jirachi|Iron Head|p2a: Haxorus
|-damage|p2a: Haxorus|53\/293
|cant|p2a: Haxorus|flinch
|
|-heal|p2a: Haxorus|71\/293|[from] item: Leftovers
|turn|25
|c|★ULT Socrates|Imma lose cuz Im a stupid fucker
|
|move|p1a: Jirachi|Iron Head|p2a: Haxorus
|-damage|p2a: Haxorus|0 fnt
|faint|p2a: Haxorus
|
|
|switch|p2a: Pidgeot|Pidgeot-Mega, M|307\/307
|turn|26
|
|switch|p1a: Starmie|Starmie|323\/323
|move|p2a: Pidgeot|Heat Wave|p1a: Starmie
|-resisted|p1a: Starmie
|-damage|p1a: Starmie|260\/323
|
|-heal|p1a: Starmie|280\/323|[from] item: Leftovers
|turn|27
|
|move|p2a: Pidgeot|Hurricane|p1a: Starmie
|-damage|p1a: Starmie|36\/323
|-start|p1a: Starmie|confusion
|-activate|p1a: Starmie|confusion
|move|p1a: Starmie|Psyshock|p2a: Pidgeot
|-damage|p2a: Pidgeot|192\/307
|
|-heal|p1a: Starmie|56\/323|[from] item: Leftovers
|turn|28
|
|move|p2a: Pidgeot|Hurricane|p1a: Starmie
|-damage|p1a: Starmie|0 fnt
|faint|p1a: Starmie
|
|
|switch|p1a: Jirachi|Jirachi|313\/341
|turn|29
|
|move|p1a: Jirachi|Iron Head|p2a: Pidgeot
|-damage|p2a: Pidgeot|36\/307
|cant|p2a: Pidgeot|flinch
|
|turn|30
|
|move|p1a: Jirachi|Iron Head|p2a: Pidgeot
|-damage|p2a: Pidgeot|0 fnt
|faint|p2a: Pidgeot
|
|c|★ULT Socrates|holy bag of cancer
|c|★Majore D' Mawile|lelz
|c|★ULT Socrates|I fucked my self
|
|switch|p2a: Reuniclus|Reuniclus, F|254\/424
|turn|31
|
|move|p1a: Jirachi|Iron Head|p2a: Reuniclus
|-damage|p2a: Reuniclus|152\/424
|cant|p2a: Reuniclus|flinch
|
|turn|32
|
|move|p1a: Jirachi|Iron Head|p2a: Reuniclus
|-damage|p2a: Reuniclus|52\/424
|move|p2a: Reuniclus|Focus Blast|p1a: Jirachi
|-damage|p1a: Jirachi|197\/341
|
|turn|33
|c|★Majore D' Mawile|gg
|c|★ULT Socrates|gg
|-message|ULT Socrates forfeited.
|
|win|Majore D' Mawile
|raw|Ladder updating...
|leave|ULT Socrates
|player|p2
|raw|Majore D&apos; Mawile's rating: 1338 &rarr; <strong>1361<\/strong><br \/>(+23 for winning)
|raw|ULT Socrates's rating: 1384 &rarr; <strong>1361<\/strong><br \/>(-23 for losing)