|join|ULT xMarth
|join|TTM Styx
|player|p1|ULT xMarth|153
|player|p2|TTM Styx|274
|gametype|singles
|gen|6
|tier|UU
|rated
|rule|Sleep Clause Mod: Limit one foe put to sleep
|rule|Species Clause: Limit one of each Pokémon
|rule|OHKO Clause: OHKO moves are banned
|rule|Moody Clause: Moody is banned
|rule|Evasion Moves Clause: Evasion moves are banned
|rule|Endless Battle Clause: Forcing endless battles is banned
|rule|HP Percentage Mod: HP is shown in percentages
|clearpoke
|poke|p1|Froslass, F
|poke|p1|Sableye, M
|poke|p1|Lucario, M, shiny
|poke|p1|Swampert, F
|poke|p1|Shaymin
|poke|p1|Crobat, M
|poke|p2|Hydreigon, M, shiny
|poke|p2|Haxorus, M, shiny
|poke|p2|Infernape, M
|poke|p2|Aggron, F
|poke|p2|Celebi
|poke|p2|Tentacruel, F
|rule|Swagger Clause: Swagger is banned
|rule|Baton Pass Clause: Limit one Pokémon knowing Baton Pass
|teampreview
|
|start
|switch|p1a: Froslass|Froslass, F|281\/281
|switch|p2a: Sazandora|Hydreigon, M, shiny|325\/325
|turn|1
|
|move|p2a: Sazandora|Dark Pulse|p1a: Froslass
|-supereffective|p1a: Froslass
|-enditem|p1a: Froslass|Focus Sash
|-damage|p1a: Froslass|1\/281
|move|p1a: Froslass|Spikes|p2a: Sazandora
|-sidestart|p2: TTM Styx|Spikes
|
|turn|2
|
|switch|p1a: Lucario|Lucario, M, shiny|281\/281
|move|p2a: Sazandora|Dark Pulse|p1a: Lucario
|-resisted|p1a: Lucario
|-damage|p1a: Lucario|191\/281
|-boost|p1a: Lucario|atk|1|[from] ability: Justified
|
|turn|3
|
|switch|p2a: Gangsta|Tentacruel, F|364\/364
|-damage|p2a: Gangsta|319\/364|[from] Spikes
|move|p1a: Lucario|Swords Dance|p1a: Lucario
|-boost|p1a: Lucario|atk|2
|
|-heal|p2a: Gangsta|341\/364|[from] item: Black Sludge
|turn|4
|
|move|p1a: Lucario|Close Combat|p2a: Gangsta
|-resisted|p2a: Gangsta
|-damage|p2a: Gangsta|2\/364
|-unboost|p1a: Lucario|def|1
|-unboost|p1a: Lucario|spd|1
|-damage|p1a: Lucario|163\/281|[from] item: Life Orb
|move|p2a: Gangsta|Rapid Spin|p1a: Lucario
|-resisted|p1a: Lucario
|-damage|p1a: Lucario|153\/281
|-sideend|p2: TTM Styx|Spikes|[from] move: Rapid Spin|[of] p2a: Gangsta
|
|-heal|p2a: Gangsta|24\/364|[from] item: Black Sludge
|turn|5
|
|move|p1a: Lucario|Extreme Speed|p2a: Gangsta
|-damage|p2a: Gangsta|0 fnt
|-damage|p1a: Lucario|125\/281|[from] item: Life Orb
|faint|p2a: Gangsta
|
|
|switch|p2a: Megaggron|Aggron, F|344\/344
|turn|6
|join|lovin' spookful
|
|switch|p1a: Swampert|Swampert, F|399\/399
|move|p2a: Megaggron|Earthquake|p1a: Swampert
|-damage|p1a: Swampert|325\/399
|
|-heal|p1a: Swampert|349\/399|[from] item: Leftovers
|turn|7
|leave|lovin' spookful
|
|detailschange|p2a: Megaggron|Aggron-Mega, F
|message|Aggron has Mega Evolved into Mega Aggron!
|move|p1a: Swampert|Stealth Rock|p2a: Megaggron
|-sidestart|p2: TTM Styx|move: Stealth Rock
|move|p2a: Megaggron|Stealth Rock|p1a: Swampert
|-sidestart|p1: ULT xMarth|move: Stealth Rock
|
|-heal|p1a: Swampert|373\/399|[from] item: Leftovers
|turn|8
|
|switch|p2a: Rocky Horror|Celebi|404\/404
|-damage|p2a: Rocky Horror|354\/404|[from] Stealth Rock
|move|p1a: Swampert|Scald|p2a: Rocky Horror
|-resisted|p2a: Rocky Horror
|-damage|p2a: Rocky Horror|328\/404
|
|-heal|p2a: Rocky Horror|353\/404|[from] item: Leftovers
|-heal|p1a: Swampert|397\/399|[from] item: Leftovers
|turn|9
|
|switch|p1a: Sableye|Sableye, M|299\/299
|-damage|p1a: Sableye|262\/299|[from] Stealth Rock
|move|p2a: Rocky Horror|U-turn|p1a: Sableye
|-damage|p1a: Sableye|204\/299
|
|switch|p2a: Ron Stoppable|Infernape, M|293\/293
|-damage|p2a: Ron Stoppable|257\/293|[from] Stealth Rock
|
|-heal|p1a: Sableye|222\/299|[from] item: Leftovers
|turn|10
|
|switch|p1a: Froslass|Froslass, F|1\/281
|-damage|p1a: Froslass|0 fnt|[from] Stealth Rock
|faint|p1a: Froslass
|move|p2a: Ron Stoppable|Flare Blitz|p1: Froslass|[notarget]
|-notarget
|
|
|switch|p1a: Swampert|Swampert, F|397\/399
|-damage|p1a: Swampert|373\/399|[from] Stealth Rock
|turn|11
|
|switch|p2a: Rocky Horror|Celebi|353\/404
|-damage|p2a: Rocky Horror|303\/404|[from] Stealth Rock
|move|p1a: Swampert|Roar|p2a: Rocky Horror
|drag|p2a: Not Mence :(|Haxorus, M, shiny|296\/296
|-damage|p2a: Not Mence :(|259\/296|[from] Stealth Rock
|-ability|p2a: Not Mence :(|Mold Breaker
|
|-heal|p1a: Swampert|397\/399|[from] item: Leftovers
|turn|12
|
|move|p2a: Not Mence :(|Outrage|p1a: Swampert
|-damage|p1a: Swampert|121\/399
|move|p1a: Swampert|Roar|p2a: Not Mence :(
|drag|p2a: Sazandora|Hydreigon, M, shiny|325\/325
|-damage|p2a: Sazandora|285\/325|[from] Stealth Rock
|
|-heal|p1a: Swampert|145\/399|[from] item: Leftovers
|turn|13
|join|ULT Bluwing
|
|move|p2a: Sazandora|Draco Meteor|p1a: Swampert
|-damage|p1a: Swampert|0 fnt
|-unboost|p2a: Sazandora|spa|2
|faint|p1a: Swampert
|
|
|switch|p1a: Shaymin|Shaymin|341\/341
|-damage|p1a: Shaymin|299\/341|[from] Stealth Rock
|turn|14
|
|switch|p2a: Rocky Horror|Celebi|303\/404
|-damage|p2a: Rocky Horror|253\/404|[from] Stealth Rock
|move|p1a: Shaymin|Seed Flare|p2a: Rocky Horror
|-resisted|p2a: Rocky Horror
|-damage|p2a: Rocky Horror|146\/404
|
|-heal|p2a: Rocky Horror|171\/404|[from] item: Leftovers
|turn|15
|
|switch|p1a: Sableye|Sableye, M|222\/299
|-damage|p1a: Sableye|185\/299|[from] Stealth Rock
|move|p2a: Rocky Horror|U-turn|p1a: Sableye
|-damage|p1a: Sableye|131\/299
|
|switch|p2a: Ron Stoppable|Infernape, M|257\/293
|-damage|p2a: Ron Stoppable|221\/293|[from] Stealth Rock
|
|-heal|p1a: Sableye|149\/299|[from] item: Leftovers
|turn|16
|
|move|p1a: Sableye|Recover|p1a: Sableye
|-heal|p1a: Sableye|299\/299
|move|p2a: Ron Stoppable|Flare Blitz|p1a: Sableye
|-damage|p1a: Sableye|68\/299
|-damage|p2a: Ron Stoppable|145\/293|[from] recoil|[of] p1a: Sableye
|
|-heal|p1a: Sableye|86\/299|[from] item: Leftovers
|turn|17
|
|move|p1a: Sableye|Recover|p1a: Sableye
|-heal|p1a: Sableye|236\/299
|move|p2a: Ron Stoppable|Flare Blitz|p1a: Sableye
|-crit|p1a: Sableye
|-damage|p1a: Sableye|0 fnt
|-damage|p2a: Ron Stoppable|67\/293|[from] recoil|[of] p1a: Sableye
|faint|p1a: Sableye
|
|
|switch|p1a: Lucario|Lucario, M, shiny|125\/281
|-damage|p1a: Lucario|117\/281|[from] Stealth Rock
|turn|18
|
|move|p1a: Lucario|Extreme Speed|p2a: Ron Stoppable
|-damage|p2a: Ron Stoppable|0 fnt
|-damage|p1a: Lucario|89\/281|[from] item: Life Orb
|faint|p2a: Ron Stoppable
|
|
|switch|p2a: Not Mence :(|Haxorus, M, shiny|259\/296
|-damage|p2a: Not Mence :(|222\/296|[from] Stealth Rock
|-ability|p2a: Not Mence :(|Mold Breaker
|turn|19
|
|move|p2a: Not Mence :(|Outrage|p1a: Lucario
|-resisted|p1a: Lucario
|-damage|p1a: Lucario|0 fnt
|faint|p1a: Lucario
|
|
|switch|p1a: ACrobat|Crobat, M|331\/331
|-damage|p1a: ACrobat|249\/331|[from] Stealth Rock
|turn|20
|
|move|p1a: ACrobat|Acrobatics|p2a: Not Mence :(
|-damage|p2a: Not Mence :(|63\/296
|move|p2a: Not Mence :(|Outrage|p1a: ACrobat
|-damage|p1a: ACrobat|0 fnt
|faint|p1a: ACrobat
|
|
|switch|p1a: Shaymin|Shaymin|299\/341
|-damage|p1a: Shaymin|257\/341|[from] Stealth Rock
|turn|21
|
|move|p1a: Shaymin|Seed Flare|p2a: Not Mence :(
|-resisted|p2a: Not Mence :(
|-damage|p2a: Not Mence :(|0 fnt
|faint|p2a: Not Mence :(
|
|join|Dracp
|
|switch|p2a: Rocky Horror|Celebi|171\/404
|-damage|p2a: Rocky Horror|121\/404|[from] Stealth Rock
|turn|22
|chat|Dracp|xMarth im a hyper offensive guy
|
|move|p1a: Shaymin|Seed Flare|p2a: Rocky Horror
|-resisted|p2a: Rocky Horror
|-damage|p2a: Rocky Horror|20\/404
|move|p2a: Rocky Horror|Recover|p2a: Rocky Horror
|-heal|p2a: Rocky Horror|222\/404
|
|-heal|p2a: Rocky Horror|247\/404|[from] item: Leftovers
|turn|23
|
|move|p1a: Shaymin|Seed Flare|p2a: Rocky Horror|[miss]
|-miss|p1a: Shaymin|p2a: Rocky Horror
|move|p2a: Rocky Horror|Recover|p2a: Rocky Horror
|-heal|p2a: Rocky Horror|404\/404
|
|turn|24
|chat|TTM Styx|gg
|
|move|p1a: Shaymin|Seed Flare|p2a: Rocky Horror
|-resisted|p2a: Rocky Horror
|-damage|p2a: Rocky Horror|304\/404
|move|p2a: Rocky Horror|Perish Song|p2a: Rocky Horror
|-fieldactivate|move: Perish Song
|
|-start|p1a: Shaymin|perish3
|-start|p2a: Rocky Horror|perish3
|-heal|p2a: Rocky Horror|329\/404|[from] item: Leftovers
|turn|25
|chat|Dracp|And Im pretty bad add it could u help or not
|-message|ULT xMarth forfeited.
|
|win|TTM Styx
|raw|Ladder updating...
|leave|ULT xMarth
|player|p1
|raw|ULT xMarth's rating: 1618 &rarr; <strong>1591<\/strong><br \/>(-27 for losing)
|raw|TTM Styx's rating: 1496 &rarr; <strong>1523<\/strong><br \/>(+27 for winning)
|leave|Dracp