|join|ULT xMarth
|join|BFoxy
|player|p1|ULT xMarth|153
|player|p2|BFoxy|154
|gametype|singles
|gen|6
|tier|UU
|rated
|rule|Sleep Clause Mod: Limit one foe put to sleep
|rule|Species Clause: Limit one of each Pokémon
|rule|OHKO Clause: OHKO moves are banned
|rule|Moody Clause: Moody is banned
|rule|Evasion Moves Clause: Evasion moves are banned
|rule|Endless Battle Clause: Forcing endless battles is banned
|rule|HP Percentage Mod: HP is reported as percentages
|clearpoke
|poke|p1|Froslass, F
|poke|p1|Sableye, M
|poke|p1|Lucario, F, shiny
|poke|p1|Swampert, F
|poke|p1|Shaymin
|poke|p1|Crobat, M
|poke|p2|Doublade, M, shiny
|poke|p2|Granbull, M
|poke|p2|Blissey, F
|poke|p2|Houndoom, M
|poke|p2|Tentacruel, M
|poke|p2|Rotom-Mow
|rule|Swagger Clause: Swagger is banned
|rule|Baton Pass Clause: Limit one Pokémon knowing Baton Pass
|teampreview
|
|start
|switch|p1a: Froslass|Froslass, F|281\/281
|switch|p2a: Landing Strip?|Rotom-Mow|241\/241
|turn|1
|chat|BFoxy|lag test
|
|move|p2a: Landing Strip?|Leaf Storm|p1a: Froslass|[miss]
|-miss|p2a: Landing Strip?|p1a: Froslass
|move|p1a: Froslass|Spikes|p2a: Landing Strip?
|-sidestart|p2: BFoxy|Spikes
|
|turn|2
|
|move|p2a: Landing Strip?|Leaf Storm|p1a: Froslass
|-damage|p1a: Froslass|34\/281
|-unboost|p2a: Landing Strip?|spa|2
|move|p1a: Froslass|Spikes|p2a: Landing Strip?
|-sidestart|p2: BFoxy|Spikes
|
|turn|3
|
|switch|p2a: Venetia Shield|Doublade, M, shiny|309\/309
|-damage|p2a: Venetia Shield|258\/309|[from] Spikes
|switch|p1a: ACrobat|Crobat, M|331\/331
|
|turn|4
|
|move|p1a: ACrobat|Taunt|p2a: Venetia Shield
|-start|p2a: Venetia Shield|move: Taunt
|move|p2a: Venetia Shield|Shadow Claw|p1a: ACrobat
|-damage|p1a: ACrobat|186\/331
|
|turn|5
|
|move|p1a: ACrobat|U-turn|p2a: Venetia Shield
|-resisted|p2a: Venetia Shield
|-damage|p2a: Venetia Shield|251\/309
|
|switch|p1a: Swampert|Swampert, F|404\/404
|move|p2a: Venetia Shield|Shadow Claw|p1a: Swampert
|-damage|p1a: Swampert|302\/404
|
|-heal|p1a: Swampert|327\/404|[from] item: Leftovers
|turn|6
|
|switch|p2a: Landing Strip?|Rotom-Mow|241\/241
|move|p1a: Swampert|Stealth Rock|p2a: Landing Strip?
|-sidestart|p2: BFoxy|move: Stealth Rock
|
|-heal|p1a: Swampert|352\/404|[from] item: Leftovers
|turn|7
|
|switch|p1a: Shaymin|Shaymin|341\/341
|move|p2a: Landing Strip?|Volt Switch|p1a: Shaymin
|-resisted|p1a: Shaymin
|-damage|p1a: Shaymin|288\/341
|
|switch|p2a: Teen Mom|Blissey, F|651\/651
|-damage|p2a: Teen Mom|570\/651|[from] Stealth Rock
|-damage|p2a: Teen Mom|462\/651|[from] Spikes
|
|-heal|p2a: Teen Mom|502\/651|[from] item: Leftovers
|turn|8
|
|switch|p1a: Froslass|Froslass, F|34\/281
|move|p2a: Teen Mom|Stealth Rock|p1a: Froslass
|-sidestart|p1: ULT xMarth|move: Stealth Rock
|
|-heal|p2a: Teen Mom|542\/651|[from] item: Leftovers
|turn|9
|
|switch|p2a: Landing Strip?|Rotom-Mow|241\/241
|-damage|p2a: Landing Strip?|211\/241|[from] Stealth Rock
|move|p1a: Froslass|Spikes|p2a: Landing Strip?
|-sidestart|p2: BFoxy|Spikes
|
|turn|10
|
|move|p1a: Froslass|Ice Shard|p2a: Landing Strip?
|-supereffective|p2a: Landing Strip?
|-damage|p2a: Landing Strip?|109\/241
|move|p2a: Landing Strip?|Leaf Storm|p1a: Froslass
|-crit|p1a: Froslass
|-damage|p1a: Froslass|0 fnt
|-start|p2a: Landing Strip?|Disable|Leaf Storm
|-unboost|p2a: Landing Strip?|spa|2
|faint|p1a: Froslass
|
|
|switch|p1a: Lucario|Lucario, F, shiny|281\/281
|-damage|p1a: Lucario|273\/281|[from] Stealth Rock
|turn|11
|
|switch|p2a: Boodro|Granbull, M|377\/377
|-damage|p2a: Boodro|283\/377|[from] Spikes
|-damage|p2a: Boodro|236\/377|[from] Stealth Rock
|-ability|p2a: Boodro|Intimidate|[of] p1a: Lucario
|-unboost|p1a: Lucario|atk|1
|move|p1a: Lucario|Swords Dance|p1a: Lucario
|-boost|p1a: Lucario|atk|2
|
|-heal|p2a: Boodro|259\/377|[from] item: Leftovers
|turn|12
|
|switch|p1a: ACrobat|Crobat, M|186\/331
|-damage|p1a: ACrobat|104\/331|[from] Stealth Rock
|move|p2a: Boodro|Thunder Wave|p1a: ACrobat
|-status|p1a: ACrobat|par
|
|-heal|p2a: Boodro|282\/377|[from] item: Leftovers
|turn|13
|
|switch|p2a: Venetia Shield|Doublade, M, shiny|251\/309
|-damage|p2a: Venetia Shield|174\/309|[from] Spikes
|-damage|p2a: Venetia Shield|155\/309|[from] Stealth Rock
|move|p1a: ACrobat|Roost|p1a: ACrobat
|-heal|p1a: ACrobat|270\/331 par
|
|turn|14
|
|switch|p1a: Swampert|Swampert, F|352\/404
|-damage|p1a: Swampert|327\/404|[from] Stealth Rock
|move|p2a: Venetia Shield|Swords Dance|p2a: Venetia Shield
|-boost|p2a: Venetia Shield|atk|2
|
|-heal|p1a: Swampert|352\/404|[from] item: Leftovers
|turn|15
|
|move|p1a: Swampert|Earthquake|p2a: Venetia Shield
|-supereffective|p2a: Venetia Shield
|-damage|p2a: Venetia Shield|27\/309
|move|p2a: Venetia Shield|Shadow Claw|p1a: Swampert
|-crit|p1a: Swampert
|-damage|p1a: Swampert|85\/404
|
|-heal|p1a: Swampert|110\/404|[from] item: Leftovers
|turn|16
|
|move|p2a: Venetia Shield|Shadow Sneak|p1a: Swampert
|-damage|p1a: Swampert|0 fnt
|faint|p1a: Swampert
|
|
|switch|p1a: Sableye|Sableye, M|299\/299
|-damage|p1a: Sableye|262\/299|[from] Stealth Rock
|turn|17
|
|move|p1a: Sableye|Will-O-Wisp|p2a: Venetia Shield
|-status|p2a: Venetia Shield|brn
|move|p2a: Venetia Shield|Shadow Sneak|p1a: Sableye
|-damage|p1a: Sableye|168\/299
|
|-heal|p1a: Sableye|186\/299|[from] item: Leftovers
|-damage|p2a: Venetia Shield|0 fnt|[from] brn
|faint|p2a: Venetia Shield
|
|switch|p2a: Cerberus|Houndoom, M|291\/291
|-damage|p2a: Cerberus|219\/291|[from] Spikes
|-damage|p2a: Cerberus|147\/291|[from] Stealth Rock
|turn|18
|
|detailschange|p2a: Cerberus|Houndoom-Mega, M
|message|Houndoom has Mega Evolved into Mega Houndoom!
|move|p2a: Cerberus|Fire Blast|p1a: Sableye
|-damage|p1a: Sableye|0 fnt
|faint|p1a: Sableye
|
|
|switch|p1a: ACrobat|Crobat, M|270\/331 par
|-damage|p1a: ACrobat|188\/331 par|[from] Stealth Rock
|turn|19
|
|move|p2a: Cerberus|Fire Blast|p1a: ACrobat
|-damage|p1a: ACrobat|0 fnt
|faint|p1a: ACrobat
|
|
|switch|p1a: Lucario|Lucario, F, shiny|273\/281
|-damage|p1a: Lucario|265\/281|[from] Stealth Rock
|turn|20
|chat|ULT xMarth|that crit hurt 
|join|ULT Peru
|chat|BFoxy|yeah. sry mate
|
|switch|p2a: Boodro|Granbull, M|282\/377
|-damage|p2a: Boodro|188\/377|[from] Spikes
|-damage|p2a: Boodro|141\/377|[from] Stealth Rock
|-ability|p2a: Boodro|Intimidate|[of] p1a: Lucario
|-unboost|p1a: Lucario|atk|1
|move|p1a: Lucario|Swords Dance|p1a: Lucario
|-boost|p1a: Lucario|atk|2
|
|-heal|p2a: Boodro|164\/377|[from] item: Leftovers
|turn|21
|
|switch|p1a: Shaymin|Shaymin|288\/341
|-damage|p1a: Shaymin|246\/341|[from] Stealth Rock
|move|p2a: Boodro|Earthquake|p1a: Shaymin
|-resisted|p1a: Shaymin
|-damage|p1a: Shaymin|199\/341
|
|-heal|p2a: Boodro|187\/377|[from] item: Leftovers
|turn|22
|
|switch|p2a: Teen Mom|Blissey, F|542\/651
|-damage|p2a: Teen Mom|461\/651|[from] Stealth Rock
|-damage|p2a: Teen Mom|299\/651|[from] Spikes
|move|p1a: Shaymin|Healing Wish|p1a: Shaymin
|faint|p1a: Shaymin
|
|-heal|p2a: Teen Mom|339\/651|[from] item: Leftovers
|
|switch|p1a: Lucario|Lucario, F, shiny|265\/281
|-heal|p1a: Lucario|281\/281|[from] move: Healing Wish
|-damage|p1a: Lucario|273\/281|[from] Stealth Rock
|turn|23
|
|switch|p2a: Boodro|Granbull, M|187\/377
|-damage|p2a: Boodro|140\/377|[from] Stealth Rock
|-damage|p2a: Boodro|46\/377|[from] Spikes
|-ability|p2a: Boodro|Intimidate|[of] p1a: Lucario
|-unboost|p1a: Lucario|atk|1
|move|p1a: Lucario|Swords Dance|p1a: Lucario
|-boost|p1a: Lucario|atk|2
|
|-heal|p2a: Boodro|69\/377|[from] item: Leftovers
|turn|24
|
|move|p1a: Lucario|Extreme Speed|p2a: Boodro
|-damage|p2a: Boodro|0 fnt
|-damage|p1a: Lucario|245\/281|[from] item: Life Orb
|faint|p2a: Boodro
|
|
|switch|p2a: Kraken|Tentacruel, M|361\/361
|-damage|p2a: Kraken|316\/361|[from] Stealth Rock
|-damage|p2a: Kraken|226\/361|[from] Spikes
|turn|25
|
|move|p1a: Lucario|Swords Dance|p1a: Lucario
|-boost|p1a: Lucario|atk|2
|move|p2a: Kraken|Scald|p1a: Lucario
|-damage|p1a: Lucario|149\/281
|
|-heal|p2a: Kraken|248\/361|[from] item: Leftovers
|turn|26
|
|move|p2a: Kraken|Protect|p2a: Kraken
|-singleturn|p2a: Kraken|Protect
|move|p1a: Lucario|Close Combat|p2a: Kraken
|-activate|p2a: Kraken|Protect
|
|-heal|p2a: Kraken|270\/361|[from] item: Leftovers
|turn|27
|
|move|p1a: Lucario|Swords Dance|p1a: Lucario
|-boost|p1a: Lucario|atk|2
|move|p2a: Kraken|Scald|p1a: Lucario
|-damage|p1a: Lucario|38\/281
|
|-heal|p2a: Kraken|292\/361|[from] item: Leftovers
|turn|28
|
|move|p2a: Kraken|Protect|p2a: Kraken
|-singleturn|p2a: Kraken|Protect
|move|p1a: Lucario|Extreme Speed|p2a: Kraken
|-activate|p2a: Kraken|Protect
|
|-heal|p2a: Kraken|314\/361|[from] item: Leftovers
|turn|29
|
|move|p1a: Lucario|Extreme Speed|p2a: Kraken
|-damage|p2a: Kraken|0 fnt
|-damage|p1a: Lucario|10\/281|[from] item: Life Orb
|faint|p2a: Kraken
|
|chat|BFoxy|gg
|
|switch|p2a: Landing Strip?|Rotom-Mow|109\/241
|-damage|p2a: Landing Strip?|79\/241|[from] Stealth Rock
|turn|30
|chat|ULT xMarth|that was defensive right?
|
|move|p1a: Lucario|Extreme Speed|p2a: Landing Strip?
|-damage|p2a: Landing Strip?|0 fnt
|-damage|p1a: Lucario|0 fnt|[from] item: Life Orb
|faint|p2a: Landing Strip?
|faint|p1a: Lucario
|
|win|BFoxy
|raw|Ladder updating...
|chat|BFoxy|yeah
|raw|ULT xMarth's rating: 1693 &rarr; <strong>1666<\/strong><br \/>(-27 for losing)
|raw|BFoxy's rating: 1579 &rarr; <strong>1605<\/strong><br \/>(+26 for winning)