|join|ULT xMarth
|join|bmontyg13
|player|p1|ULT xMarth|153
|player|p2|bmontyg13|265
|gametype|singles
|gen|6
|tier|UU
|rated
|rule|Sleep Clause Mod: Limit one foe put to sleep
|rule|Species Clause: Limit one of each Pokémon
|rule|OHKO Clause: OHKO moves are banned
|rule|Moody Clause: Moody is banned
|rule|Evasion Moves Clause: Evasion moves are banned
|rule|Endless Battle Clause: Forcing endless battles is banned
|rule|HP Percentage Mod: HP is shown in percentages
|clearpoke
|poke|p1|Whimsicott, M
|poke|p1|Victreebel, M
|poke|p1|Entei, shiny
|poke|p1|Uxie
|poke|p1|Heliolisk, F
|poke|p1|Shiftry, M
|poke|p2|Zoroark, F
|poke|p2|Forretress, M
|poke|p2|Blissey, F
|poke|p2|Noivern, F
|poke|p2|Milotic, F
|poke|p2|Donphan, M
|rule|Swagger Clause: Swagger is banned
|rule|Baton Pass Clause: Limit one Pokémon knowing Baton Pass
|teampreview
|
|start
|switch|p1a: Uxie|Uxie|353\/353
|switch|p2a: Forretress|Forretress, M|262\/262
|turn|1
|
|move|p1a: Uxie|Magic Coat|p1a: Uxie
|-singleturn|p1a: Uxie|move: Magic Coat
|move|p2a: Forretress|Dark Pulse|p1a: Uxie
|-supereffective|p1a: Uxie
|-damage|p1a: Uxie|179\/353
|
|turn|2
|
|move|p2a: Forretress|Dark Pulse|p1a: Uxie
|-supereffective|p1a: Uxie
|-damage|p1a: Uxie|5\/353
|move|p1a: Uxie|Sunny Day|p1a: Uxie
|-weather|SunnyDay
|
|-weather|SunnyDay|[upkeep]
|turn|3
|
|move|p2a: Forretress|Flamethrower|p1a: Uxie
|-damage|p1a: Uxie|0 fnt
|faint|p1a: Uxie
|
|-weather|SunnyDay|[upkeep]
|
|switch|p1a: Heliolisk|Heliolisk, F|265\/265
|turn|4
|
|move|p1a: Heliolisk|Volt Switch|p2a: Forretress
|-enditem|p2a: Forretress|Focus Sash
|replace|p2a: Zoroark|Zoroark, F|262\/262
|-damage|p2a: Zoroark|1\/262
|
|switch|p1a: Entei|Entei, shiny|371\/371
|-ability|p1a: Entei|Pressure
|move|p2a: Zoroark|Flamethrower|p1a: Entei
|-resisted|p1a: Entei
|-damage|p1a: Entei|272\/371
|
|-weather|SunnyDay|[upkeep]
|turn|5
|
|switch|p2a: Donphan|Donphan, M|384\/384
|move|p1a: Entei|Extreme Speed|p2a: Donphan
|-damage|p2a: Donphan|283\/384
|-damage|p1a: Entei|235\/371|[from] item: Life Orb
|
|-weather|SunnyDay|[upkeep]
|turn|6
|
|move|p1a: Entei|Sacred Fire|p2a: Donphan
|-damage|p2a: Donphan|0 fnt
|-damage|p1a: Entei|198\/371|[from] item: Life Orb
|faint|p2a: Donphan
|
|-weather|SunnyDay|[upkeep]
|
|switch|p2a: Forretress|Forretress, M|354\/354
|turn|7
|
|move|p1a: Entei|Sacred Fire|p2a: Forretress
|-supereffective|p2a: Forretress
|-activate|p2a: Forretress|Sturdy
|-damage|p2a: Forretress|1\/354
|-status|p2a: Forretress|brn
|-damage|p1a: Entei|161\/371|[from] item: Life Orb
|move|p2a: Forretress|Stealth Rock|p1a: Entei
|-sidestart|p1: ULT xMarth|move: Stealth Rock
|
|-weather|SunnyDay|[upkeep]
|-damage|p2a: Forretress|0 fnt|[from] brn
|faint|p2a: Forretress
|
|switch|p2a: Noivern|Noivern, F|312\/312
|turn|8
|
|move|p1a: Entei|Extreme Speed|p2a: Noivern
|-damage|p2a: Noivern|159\/312
|-damage|p1a: Entei|124\/371|[from] item: Life Orb
|move|p2a: Noivern|Dragon Pulse|p1a: Entei
|-damage|p1a: Entei|0 fnt
|faint|p1a: Entei
|
|-weather|SunnyDay|[upkeep]
|
|switch|p1a: Shiftry|Shiftry, M|321\/321
|-damage|p1a: Shiftry|281\/321|[from] Stealth Rock
|turn|9
|join|LiberalLucario
|
|move|p1a: Shiftry|Knock Off|p2a: Noivern
|-damage|p2a: Noivern|0 fnt
|-enditem|p2a: Noivern|Choice Scarf|[from] move: Knock Off|[of] p1a: Shiftry
|-damage|p1a: Shiftry|249\/321|[from] item: Life Orb
|faint|p2a: Noivern
|
|-weather|none
|
|switch|p2a: Zoroark|Zoroark, F|1\/262
|turn|10
|
|move|p1a: Shiftry|Sucker Punch|p2a: Zoroark
|-resisted|p2a: Zoroark
|-damage|p2a: Zoroark|0 fnt
|-damage|p1a: Shiftry|217\/321|[from] item: Life Orb
|faint|p2a: Zoroark
|
|
|switch|p2a: Blissey|Blissey, F|652\/652
|turn|11
|
|move|p1a: Shiftry|Swords Dance|p1a: Shiftry
|-boost|p1a: Shiftry|atk|2
|move|p2a: Blissey|Toxic|p1a: Shiftry
|-status|p1a: Shiftry|tox
|
|-damage|p1a: Shiftry|197\/321 tox|[from] psn
|turn|12
|
|move|p1a: Shiftry|Knock Off|p2a: Blissey
|-damage|p2a: Blissey|0 fnt
|-enditem|p2a: Blissey|Leftovers|[from] move: Knock Off|[of] p1a: Shiftry
|-damage|p1a: Shiftry|165\/321 tox|[from] item: Life Orb
|faint|p2a: Blissey
|
|-damage|p1a: Shiftry|125\/321 tox|[from] psn
|
|switch|p2a: Milotic|Milotic, F|394\/394
|turn|13
|
|move|p1a: Shiftry|Leaf Blade|p2a: Milotic
|-supereffective|p2a: Milotic
|-damage|p2a: Milotic|0 fnt
|-damage|p1a: Shiftry|93\/321 tox|[from] item: Life Orb
|faint|p2a: Milotic
|
|win|ULT xMarth
|raw|Ladder updating...
|raw|ULT xMarth's rating: 1413 &rarr; <strong>1425<\/strong><br \/>(+12 for winning)
|raw|bmontyg13's rating: 1271 &rarr; <strong>1255<\/strong><br \/>(-16 for losing)
|c|★bmontyg13|gg man
|c|★ULT xMarth|gg
|leave|ULT xMarth
|leave|bmontyg13
|player|p1
|player|p2