|join|PokeHD
|join|ULT xMarth
|player|p1|PokeHD|1
|player|p2|ULT xMarth|153
|gametype|singles
|gen|6
|tier|UU
|rated
|rule|Sleep Clause Mod: Limit one foe put to sleep
|rule|Species Clause: Limit one of each Pokémon
|rule|OHKO Clause: OHKO moves are banned
|rule|Moody Clause: Moody is banned
|rule|Evasion Moves Clause: Evasion moves are banned
|rule|Endless Battle Clause: Forcing endless battles is banned
|rule|HP Percentage Mod: HP is shown in percentages
|clearpoke
|poke|p1|Serperior, M, shiny
|poke|p1|Snorlax, M, shiny
|poke|p1|Chandelure, F
|poke|p1|Krookodile, M
|poke|p1|Crobat, F
|poke|p1|Blastoise, F, shiny
|poke|p2|Whimsicott, M
|poke|p2|Victreebel, M
|poke|p2|Entei, shiny
|poke|p2|Uxie
|poke|p2|Heliolisk, F
|poke|p2|Shiftry, M
|rule|Swagger Clause: Swagger is banned
|rule|Baton Pass Clause: Limit one Pokémon knowing Baton Pass
|teampreview
|
|start
|switch|p1a: Serperior|Serperior, M, shiny|291\/291
|switch|p2a: Whimsicott|Whimsicott, M|323\/323
|turn|1
|
|move|p2a: Whimsicott|Sunny Day|p2a: Whimsicott
|-weather|SunnyDay
|move|p1a: Serperior|Glare|p2a: Whimsicott
|-status|p2a: Whimsicott|par
|
|-weather|SunnyDay|[upkeep]
|turn|2
|
|move|p2a: Whimsicott|Encore|p1a: Serperior
|-start|p1a: Serperior|Encore
|move|p1a: Serperior|Glare|p2a: Whimsicott
|-fail|p2a: Whimsicott|par
|
|-weather|SunnyDay|[upkeep]
|turn|3
|
|switch|p2a: Heliolisk|Heliolisk, F|265\/265
|move|p1a: Serperior|Glare|p2a: Heliolisk
|-fail|p2a: Heliolisk
|
|-weather|SunnyDay|[upkeep]
|-damage|p2a: Heliolisk|232\/265|[from] ability: Solar Power
|turn|4
|
|switch|p1a: Snorlax|Snorlax, M, shiny|497\/497
|move|p2a: Heliolisk|Hyper Voice|p1a: Snorlax
|-damage|p1a: Snorlax|271\/497
|
|-weather|SunnyDay|[upkeep]
|-damage|p2a: Heliolisk|199\/265|[from] ability: Solar Power
|-heal|p1a: Snorlax|302\/497|[from] item: Leftovers
|turn|5
|
|switch|p2a: Uxie|Uxie|353\/353
|move|p1a: Snorlax|Body Slam|p2a: Uxie
|-damage|p2a: Uxie|269\/353
|-status|p2a: Uxie|par
|
|-weather|SunnyDay|[upkeep]
|-heal|p1a: Snorlax|333\/497|[from] item: Leftovers
|turn|6
|join|SmashBrosBrawl
|
|move|p1a: Snorlax|Curse|p1a: Snorlax
|-boost|p1a: Snorlax|atk|1
|-boost|p1a: Snorlax|def|1
|-unboost|p1a: Snorlax|spe|1
|move|p2a: Uxie|Stealth Rock|p1a: Snorlax
|-sidestart|p1: PokeHD|move: Stealth Rock
|
|-weather|SunnyDay|[upkeep]
|-heal|p1a: Snorlax|364\/497|[from] item: Leftovers
|turn|7
|
|switch|p2a: Whimsicott|Whimsicott, M|323\/323 par
|move|p1a: Snorlax|Crunch|p2a: Whimsicott
|-resisted|p2a: Whimsicott
|-damage|p2a: Whimsicott|280\/323 par
|
|-weather|SunnyDay|[upkeep]
|-heal|p1a: Snorlax|395\/497|[from] item: Leftovers
|turn|8
|
|switch|p1a: Krookodile|Krookodile, M|394\/394
|-damage|p1a: Krookodile|370\/394|[from] Stealth Rock
|-ability|p1a: Krookodile|Intimidate|[of] p2a: Whimsicott
|-unboost|p2a: Whimsicott|atk|1
|cant|p2a: Whimsicott|par
|
|-weather|none
|-heal|p1a: Krookodile|394\/394|[from] item: Leftovers
|turn|9
|join|hxhxhxhxhxhxhx
|c| hxhxhxhxhxhxhx|sbb
|c| hxhxhxhxhxhxhx|is
|c| hxhxhxhxhxhxhx|bad
|c|+SmashBrosBrawl|ahyuah
|
|move|p1a: Krookodile|Knock Off|p2a: Whimsicott
|-resisted|p2a: Whimsicott
|-damage|p2a: Whimsicott|226\/323 par
|-enditem|p2a: Whimsicott|Heat Rock|[from] move: Knock Off|[of] p1a: Krookodile
|move|p2a: Whimsicott|Moonblast|p1a: Krookodile
|-supereffective|p1a: Krookodile
|-damage|p1a: Krookodile|136\/394
|
|-heal|p1a: Krookodile|160\/394|[from] item: Leftovers
|turn|10
|c|+SmashBrosBrawl|is azn
|c| hxhxhxhxhxhxhx|do u hav prblm with azn
|c|+SmashBrosBrawl|y
|c|+SmashBrosBrawl|they killed my ppl
|
|move|p2a: Whimsicott|Sunny Day|p2a: Whimsicott
|-weather|SunnyDay
|move|p1a: Krookodile|Stealth Rock|p2a: Whimsicott
|-sidestart|p2: ULT xMarth|move: Stealth Rock
|
|-weather|SunnyDay|[upkeep]
|-heal|p1a: Krookodile|184\/394|[from] item: Leftovers
|turn|11
|c| hxhxhxhxhxhxhx|u hav no ppl
|c|+SmashBrosBrawl|the french ppl
|
|switch|p1a: Snorlax|Snorlax, M, shiny|395\/497
|-damage|p1a: Snorlax|333\/497|[from] Stealth Rock
|cant|p2a: Whimsicott|par
|
|-weather|SunnyDay|[upkeep]
|-heal|p1a: Snorlax|364\/497|[from] item: Leftovers
|turn|12
|c| hxhxhxhxhxhxhx|u r not french
|c| hxhxhxhxhxhxhx|how late is it in france
|c| hxhxhxhxhxhxhx|rn
|c| hxhxhxhxhxhxhx|tell me
|
|move|p1a: Snorlax|Body Slam|p2a: Whimsicott
|-damage|p2a: Whimsicott|138\/323 par
|cant|p2a: Whimsicott|par
|
|-weather|SunnyDay|[upkeep]
|-heal|p1a: Snorlax|395\/497|[from] item: Leftovers
|turn|13
|c| hxhxhxhxhxhxhx|no answer
|c|+SmashBrosBrawl|56
|c|+SmashBrosBrawl|rn
|c| hxhxhxhxhxhxhx|murrican confirmed
|c| hxhxhxhxhxhxhx|literally
|c| hxhxhxhxhxhxhx|murrican
|
|move|p1a: Snorlax|Body Slam|p2a: Whimsicott
|-crit|p2a: Whimsicott
|-damage|p2a: Whimsicott|3\/323 par
|move|p2a: Whimsicott|Moonblast|p1a: Snorlax
|-damage|p1a: Snorlax|334\/497
|
|-weather|SunnyDay|[upkeep]
|-heal|p1a: Snorlax|365\/497|[from] item: Leftovers
|turn|14
|
|move|p2a: Whimsicott|Memento|p1a: Snorlax
|-unboost|p1a: Snorlax|atk|2
|-unboost|p1a: Snorlax|spa|2
|faint|p2a: Whimsicott
|move|p1a: Snorlax|Body Slam|p2: Whimsicott|[notarget]
|-notarget
|
|-weather|none
|-heal|p1a: Snorlax|396\/497|[from] item: Leftovers
|
|switch|p2a: Shiftry|Shiftry, M|321\/321
|-damage|p2a: Shiftry|281\/321|[from] Stealth Rock
|turn|15
|
|move|p2a: Shiftry|Swords Dance|p2a: Shiftry
|-boost|p2a: Shiftry|atk|2
|move|p1a: Snorlax|Curse|p1a: Snorlax
|-boost|p1a: Snorlax|atk|1
|-boost|p1a: Snorlax|def|1
|-unboost|p1a: Snorlax|spe|1
|
|-heal|p1a: Snorlax|427\/497|[from] item: Leftovers
|turn|16
|
|move|p2a: Shiftry|Knock Off|p1a: Snorlax
|-damage|p1a: Snorlax|102\/497
|-enditem|p1a: Snorlax|Leftovers|[from] move: Knock Off|[of] p2a: Shiftry
|-damage|p2a: Shiftry|249\/321|[from] item: Life Orb
|move|p1a: Snorlax|Body Slam|p2a: Shiftry
|-damage|p2a: Shiftry|137\/321
|
|turn|17
|
|move|p2a: Shiftry|Leaf Blade|p1a: Snorlax
|-damage|p1a: Snorlax|0 fnt
|-damage|p2a: Shiftry|105\/321|[from] item: Life Orb
|faint|p1a: Snorlax
|
|
|switch|p1a: Serperior|Serperior, M, shiny|291\/291
|-damage|p1a: Serperior|255\/291|[from] Stealth Rock
|turn|18
|
|move|p2a: Shiftry|Sucker Punch|p1a: Serperior
|-fail|p1a: Serperior
|move|p1a: Serperior|Glare|p2a: Shiftry
|-status|p2a: Shiftry|par
|
|turn|19
|
|switch|p1a: Krookodile|Krookodile, M|184\/394
|-damage|p1a: Krookodile|160\/394|[from] Stealth Rock
|-ability|p1a: Krookodile|Intimidate|[of] p2a: Shiftry
|-unboost|p2a: Shiftry|atk|1
|move|p2a: Shiftry|Knock Off|p1a: Krookodile
|-crit|p1a: Krookodile
|-resisted|p1a: Krookodile
|-damage|p1a: Krookodile|0 fnt
|-enditem|p1a: Krookodile|Leftovers|[from] move: Knock Off|[of] p2a: Shiftry
|-damage|p2a: Shiftry|73\/321 par|[from] item: Life Orb
|faint|p1a: Krookodile
|
|
|switch|p1a: Blastoise|Blastoise, F, shiny|362\/362
|-damage|p1a: Blastoise|317\/362|[from] Stealth Rock
|turn|20
|
|detailschange|p1a: Blastoise|Blastoise-Mega, F, shiny
|-mega|p1a: Blastoise|Blastoise|Blastoisinite
|move|p2a: Shiftry|Sucker Punch|p1a: Blastoise
|-damage|p1a: Blastoise|95\/362
|-damage|p2a: Shiftry|41\/321 par|[from] item: Life Orb
|move|p1a: Blastoise|Ice Beam|p2a: Shiftry
|-supereffective|p2a: Shiftry
|-damage|p2a: Shiftry|0 fnt
|faint|p2a: Shiftry
|
|
|switch|p2a: Heliolisk|Heliolisk, F|199\/265
|-damage|p2a: Heliolisk|166\/265|[from] Stealth Rock
|turn|21
|
|move|p2a: Heliolisk|Volt Switch|p1a: Blastoise
|-supereffective|p1a: Blastoise
|-damage|p1a: Blastoise|0 fnt
|faint|p1a: Blastoise
|
|switch|p2a: Uxie|Uxie|269\/353 par
|-damage|p2a: Uxie|225\/353 par|[from] Stealth Rock
|
|
|switch|p1a: Crobat|Crobat, F|323\/323
|-damage|p1a: Crobat|243\/323|[from] Stealth Rock
|turn|22
|
|move|p1a: Crobat|Taunt|p2a: Uxie
|-start|p2a: Uxie|move: Taunt
|cant|p2a: Uxie|move: Taunt|Sunny Day
|
|turn|23
|join|thunderkid blitz
|
|switch|p2a: Heliolisk|Heliolisk, F|166\/265
|-damage|p2a: Heliolisk|133\/265|[from] Stealth Rock
|move|p1a: Crobat|U-turn|p2a: Heliolisk
|-damage|p2a: Heliolisk|26\/265
|
|switch|p1a: Serperior|Serperior, M, shiny|255\/291
|-damage|p1a: Serperior|219\/291|[from] Stealth Rock
|
|turn|24
|
|move|p1a: Serperior|Leaf Storm|p2a: Heliolisk
|-damage|p2a: Heliolisk|0 fnt
|-boost|p1a: Serperior|spa|2
|faint|p2a: Heliolisk
|
|
|switch|p2a: Entei|Entei, shiny|371\/371
|-damage|p2a: Entei|279\/371|[from] Stealth Rock
|-ability|p2a: Entei|Pressure
|turn|25
|
|move|p1a: Serperior|Dragon Pulse|p2a: Entei
|-damage|p2a: Entei|96\/371
|move|p2a: Entei|Sacred Fire|p1a: Serperior
|-supereffective|p1a: Serperior
|-damage|p1a: Serperior|0 fnt
|-damage|p2a: Entei|59\/371|[from] item: Life Orb
|faint|p1a: Serperior
|
|
|switch|p1a: Chandelure|Chandelure, F|261\/261
|-damage|p1a: Chandelure|196\/261|[from] Stealth Rock
|turn|26
|
|move|p2a: Entei|Stone Edge|p1a: Chandelure
|-supereffective|p1a: Chandelure
|-damage|p1a: Chandelure|0 fnt
|-damage|p2a: Entei|22\/371|[from] item: Life Orb
|faint|p1a: Chandelure
|
|
|switch|p1a: Crobat|Crobat, F|243\/323
|-damage|p1a: Crobat|163\/323|[from] Stealth Rock
|turn|27
|
|move|p1a: Crobat|Brave Bird|p2a: Entei
|-damage|p2a: Entei|0 fnt
|-damage|p1a: Crobat|156\/323|[from] recoil|[of] p2a: Entei
|faint|p2a: Entei
|
|
|switch|p2a: Uxie|Uxie|225\/353 par
|-damage|p2a: Uxie|181\/353 par|[from] Stealth Rock
|turn|28
|
|cant|p2a: Uxie|par
|move|p1a: Crobat|Roost|p1a: Crobat
|-heal|p1a: Crobat|318\/323
|
|turn|29
|
|move|p2a: Uxie|Magic Coat|p2a: Uxie
|-singleturn|p2a: Uxie|move: Magic Coat
|move|p1a: Crobat|Taunt|p2a: Uxie
|move|p2a: Uxie|Taunt|p1a: Crobat|[from]Magic Coat
|-start|p1a: Crobat|move: Taunt
|
|turn|30
|
|move|p1a: Crobat|Brave Bird|p2a: Uxie
|-damage|p2a: Uxie|12\/353 par
|-damage|p1a: Crobat|262\/323|[from] recoil|[of] p2a: Uxie
|move|p2a: Uxie|Sunny Day|p2a: Uxie
|-weather|SunnyDay
|
|-weather|SunnyDay|[upkeep]
|turn|31
|
|move|p1a: Crobat|Brave Bird|p2a: Uxie
|-damage|p2a: Uxie|0 fnt
|-damage|p1a: Crobat|258\/323|[from] recoil|[of] p2a: Uxie
|faint|p2a: Uxie
|
|-weather|SunnyDay|[upkeep]
|
|switch|p2a: Victreebel|Victreebel, M|301\/301
|-damage|p2a: Victreebel|264\/301|[from] Stealth Rock
|turn|32
|
|move|p2a: Victreebel|Weather Ball|p1a: Crobat
|-damage|p1a: Crobat|36\/323
|-damage|p2a: Victreebel|234\/301|[from] item: Life Orb
|move|p1a: Crobat|Brave Bird|p2a: Victreebel
|-supereffective|p2a: Victreebel
|-damage|p2a: Victreebel|0 fnt
|-damage|p1a: Crobat|0 fnt|[from] recoil|[of] p2a: Victreebel
|faint|p2a: Victreebel
|faint|p1a: Crobat
|
|win|PokeHD
|raw|Ladder updating...
|raw|PokeHD's rating: 1389 &rarr; <strong>1410<\/strong><br \/>(+21 for winning)
|raw|ULT xMarth's rating: 1409 &rarr; <strong>1388<\/strong><br \/>(-21 for losing)
|leave|ULT xMarth
|leave|thunderkid blitz