|join|Linguisto
|join|Vrille
|player|p1|Linguisto|16
|player|p2|Vrille|285
|gametype|singles
|gen|5
|tier|[Gen 5] OU
|rated
|rule|Evasion Abilities Clause: Evasion abilities are banned
|clearpoke
|poke|p1|Tyranitar, M, shiny
|poke|p1|Landorus-Therian, M
|poke|p1|Heatran, M
|poke|p1|Jellicent, F
|poke|p1|Latios, M, shiny
|poke|p1|Ferrothorn, F
|poke|p2|Abomasnow, M
|poke|p2|Gliscor, M
|poke|p2|Keldeo-Resolute
|poke|p2|Volcarona, F
|poke|p2|Starmie
|poke|p2|Jirachi
|rule|Sleep Clause Mod: Limit one foe put to sleep
|rule|Species Clause: Limit one of each Pokémon
|rule|OHKO Clause: OHKO moves are banned
|rule|Moody Clause: Moody is banned
|rule|Evasion Moves Clause: Evasion moves are banned
|rule|Endless Battle Clause: Forcing endless battles is banned
|rule|HP Percentage Mod: HP is reported as percentages
|teampreview
|
|start
|switch|p1a: Jetstream|Latios, M, shiny|302\/302
|switch|p2a: Hank|Gliscor, M|352\/352
|turn|1
|
|switch|p2a: Todd|Jirachi|362\/362
|move|p1a: Jetstream|Draco Meteor|p2a: Todd
|-resisted|p2a: Todd
|-damage|p2a: Todd|181\/362
|-unboost|p1a: Jetstream|spa|2
|
|turn|2
|
|switch|p2a: Hank|Gliscor, M|352\/352
|switch|p1a: Smaug|Heatran, M|324\/324
|
|-status|p2a: Hank|tox|[from] item: Toxic Orb
|turn|3
|
|switch|p1a: Primal|Landorus-Therian, M|369\/369
|-ability|p1a: Primal|Intimidate|[of] p2a: Hank
|-unboost|p2a: Hank|atk|1
|move|p2a: Hank|Stealth Rock|p1a: Primal
|-sidestart|p1: Linguisto|move: Stealth Rock
|
|turn|4
|
|move|p2a: Hank|Taunt|p1a: Primal
|-start|p1a: Primal|move: Taunt
|cant|p1a: Primal|move: Taunt|Stealth Rock
|
|turn|5
|
|switch|p2a: Jess|Keldeo-Resolute|323\/323
|move|p1a: Primal|U-turn|p2a: Jess
|-resisted|p2a: Jess
|-damage|p2a: Jess|276\/323
|
|switch|p1a: Jelly|Jellicent, F|403\/403
|-damage|p1a: Jelly|353\/403|[from] Stealth Rock
|
|-heal|p1a: Jelly|378\/403|[from] item: Leftovers
|turn|6
|
|move|p2a: Jess|Hidden Power|p1a: Jelly
|-supereffective|p1a: Jelly
|-damage|p1a: Jelly|152\/403
|move|p1a: Jelly|Taunt|p2a: Jess
|-start|p2a: Jess|move: Taunt
|
|-heal|p1a: Jelly|177\/403|[from] item: Leftovers
|turn|7
|
|switch|p2a: Gus|Volcarona, F|351\/351
|switch|p1a: Godzilla|Tyranitar, M, shiny|342\/342
|-damage|p1a: Godzilla|300\/342|[from] Stealth Rock
|-weather|Sandstorm|[from] ability: Sand Stream|[of] p1a: Godzilla
|
|-weather|Sandstorm|[upkeep]
|-damage|p2a: Gus|330\/351|[from] sandstorm
|-heal|p2a: Gus|351\/351|[from] item: Leftovers
|turn|8
|
|switch|p2a: Jess|Keldeo-Resolute|276\/323
|move|p1a: Godzilla|Stone Edge|p2a: Jess
|-resisted|p2a: Jess
|-damage|p2a: Jess|183\/323
|
|-weather|Sandstorm|[upkeep]
|-damage|p2a: Jess|163\/323|[from] sandstorm
|turn|9
|
|switch|p2a: Heisenberg|Abomasnow, M|371\/371
|-weather|Hail|[from] ability: Snow Warning|[of] p2a: Heisenberg
|move|p1a: Godzilla|Stone Edge|p2a: Heisenberg|[miss]
|-miss|p1a: Godzilla|p2a: Heisenberg
|
|-weather|Hail|[upkeep]
|-damage|p1a: Godzilla|279\/342|[from] hail
|turn|10
|
|switch|p2a: Hank|Gliscor, M|352\/352 tox
|move|p1a: Godzilla|Stone Edge|p2a: Hank
|-damage|p2a: Hank|208\/352 tox
|
|-weather|Hail|[upkeep]
|-damage|p1a: Godzilla|258\/342|[from] hail
|-damage|p2a: Hank|186\/352 tox|[from] hail
|-heal|p2a: Hank|230\/352 tox|[from] ability: Poison Heal
|turn|11
|chat|Linguisto|damn
|
|switch|p1a: Ironside|Ferrothorn, F|352\/352
|-damage|p1a: Ironside|330\/352|[from] Stealth Rock
|move|p2a: Hank|Ice Fang|p1a: Ironside
|-damage|p1a: Ironside|294\/352
|-damage|p2a: Hank|186\/352 tox|[from] ability: Iron Barbs|[of] p1a: Ironside
|
|-weather|Hail|[upkeep]
|-damage|p2a: Hank|164\/352 tox|[from] hail
|-damage|p1a: Ironside|272\/352|[from] hail
|-heal|p1a: Ironside|294\/352|[from] item: Leftovers
|-heal|p2a: Hank|208\/352 tox|[from] ability: Poison Heal
|turn|12
|
|move|p2a: Hank|Taunt|p1a: Ironside
|-start|p1a: Ironside|move: Taunt
|cant|p1a: Ironside|move: Taunt|Leech Seed
|
|-weather|Hail|[upkeep]
|-damage|p2a: Hank|186\/352 tox|[from] hail
|-damage|p1a: Ironside|272\/352|[from] hail
|-heal|p1a: Ironside|294\/352|[from] item: Leftovers
|-heal|p2a: Hank|230\/352 tox|[from] ability: Poison Heal
|turn|13
|
|switch|p2a: Gus|Volcarona, F|351\/351
|move|p1a: Ironside|Power Whip|p2a: Gus
|-resisted|p2a: Gus
|-damage|p2a: Gus|314\/351
|
|-weather|Hail|[upkeep]
|-damage|p2a: Gus|293\/351|[from] hail
|-damage|p1a: Ironside|272\/352|[from] hail
|-heal|p2a: Gus|314\/351|[from] item: Leftovers
|-heal|p1a: Ironside|294\/352|[from] item: Leftovers
|turn|14
|
|switch|p1a: Smaug|Heatran, M|324\/324
|-damage|p1a: Smaug|284\/324|[from] Stealth Rock
|move|p2a: Gus|Bug Buzz|p1a: Smaug
|-resisted|p1a: Smaug
|-damage|p1a: Smaug|247\/324
|
|-weather|Hail|[upkeep]
|-damage|p1a: Smaug|227\/324|[from] hail
|-damage|p2a: Gus|293\/351|[from] hail
|-heal|p1a: Smaug|247\/324|[from] item: Leftovers
|-heal|p2a: Gus|314\/351|[from] item: Leftovers
|turn|15
|
|switch|p2a: Skyler|Starmie|323\/323
|move|p1a: Smaug|Lava Plume|p2a: Skyler
|-resisted|p2a: Skyler
|-damage|p2a: Skyler|257\/323
|
|-weather|Hail|[upkeep]
|-damage|p2a: Skyler|237\/323|[from] hail
|-damage|p1a: Smaug|227\/324|[from] hail
|-heal|p2a: Skyler|257\/323|[from] item: Leftovers
|-heal|p1a: Smaug|247\/324|[from] item: Leftovers
|turn|16
|
|switch|p1a: Ironside|Ferrothorn, F|294\/352
|-damage|p1a: Ironside|272\/352|[from] Stealth Rock
|move|p2a: Skyler|Scald|p1a: Ironside
|-resisted|p1a: Ironside
|-damage|p1a: Ironside|236\/352
|
|-weather|Hail|[upkeep]
|-damage|p2a: Skyler|237\/323|[from] hail
|-damage|p1a: Ironside|214\/352|[from] hail
|-heal|p2a: Skyler|257\/323|[from] item: Leftovers
|-heal|p1a: Ironside|236\/352|[from] item: Leftovers
|turn|17
|
|move|p2a: Skyler|Scald|p1a: Ironside
|-resisted|p1a: Ironside
|-damage|p1a: Ironside|200\/352
|move|p1a: Ironside|Power Whip|p2a: Skyler
|-supereffective|p2a: Skyler
|-damage|p2a: Skyler|0 fnt
|faint|p2a: Skyler
|
|-weather|Hail|[upkeep]
|-damage|p1a: Ironside|178\/352|[from] hail
|-heal|p1a: Ironside|200\/352|[from] item: Leftovers
|
|switch|p2a: Gus|Volcarona, F|314\/351
|turn|18
|
|move|p2a: Gus|Bug Buzz|p1a: Ironside
|-damage|p1a: Ironside|83\/352
|move|p1a: Ironside|Leech Seed|p2a: Gus
|-start|p2a: Gus|move: Leech Seed
|
|-weather|Hail|[upkeep]
|-damage|p2a: Gus|293\/351|[from] hail
|-damage|p1a: Ironside|61\/352|[from] hail
|-heal|p2a: Gus|314\/351|[from] item: Leftovers
|-heal|p1a: Ironside|83\/352|[from] item: Leftovers
|-damage|p2a: Gus|271\/351|[from] Leech Seed|[of] p1a: Ironside
|-heal|p1a: Ironside|126\/352|[silent]
|turn|19
|
|move|p1a: Ironside|Protect|p1a: Ironside
|-singleturn|p1a: Ironside|Protect
|move|p2a: Gus|Roost|p2a: Gus
|-heal|p2a: Gus|351\/351
|
|-weather|Hail|[upkeep]
|-damage|p2a: Gus|330\/351|[from] hail
|-damage|p1a: Ironside|104\/352|[from] hail
|-heal|p2a: Gus|351\/351|[from] item: Leftovers
|-heal|p1a: Ironside|126\/352|[from] item: Leftovers
|-damage|p2a: Gus|308\/351|[from] Leech Seed|[of] p1a: Ironside
|-heal|p1a: Ironside|169\/352|[silent]
|turn|20
|
|switch|p1a: Smaug|Heatran, M|247\/324
|-damage|p1a: Smaug|207\/324|[from] Stealth Rock
|move|p2a: Gus|Quiver Dance|p2a: Gus
|-boost|p2a: Gus|spa|1
|-boost|p2a: Gus|spd|1
|-boost|p2a: Gus|spe|1
|
|-weather|Hail|[upkeep]
|-damage|p2a: Gus|287\/351|[from] hail
|-damage|p1a: Smaug|187\/324|[from] hail
|-heal|p2a: Gus|308\/351|[from] item: Leftovers
|-heal|p1a: Smaug|207\/324|[from] item: Leftovers
|-damage|p2a: Gus|265\/351|[from] Leech Seed|[of] p1a: Smaug
|-heal|p1a: Smaug|250\/324|[silent]
|turn|21
|
|switch|p2a: Hank|Gliscor, M|230\/352 tox
|move|p1a: Smaug|Lava Plume|p2a: Hank
|-damage|p2a: Hank|34\/352 tox
|
|-weather|Hail|[upkeep]
|-damage|p2a: Hank|12\/352 tox|[from] hail
|-damage|p1a: Smaug|230\/324|[from] hail
|-heal|p1a: Smaug|250\/324|[from] item: Leftovers
|-heal|p2a: Hank|56\/352 tox|[from] ability: Poison Heal
|turn|22
|
|switch|p1a: Primal|Landorus-Therian, M|369\/369
|-damage|p1a: Primal|323\/369|[from] Stealth Rock
|-ability|p1a: Primal|Intimidate|[of] p2a: Hank
|-unboost|p2a: Hank|atk|1
|move|p2a: Hank|Earthquake|p1a: Primal
|-immune|p1a: Primal|[msg]
|
|-weather|Hail|[upkeep]
|-damage|p2a: Hank|34\/352 tox|[from] hail
|-damage|p1a: Primal|300\/369|[from] hail
|-heal|p1a: Primal|323\/369|[from] item: Leftovers
|-heal|p2a: Hank|78\/352 tox|[from] ability: Poison Heal
|turn|23
|
|switch|p2a: Jess|Keldeo-Resolute|163\/323
|move|p1a: Primal|Stone Edge|p2a: Jess
|-resisted|p2a: Jess
|-damage|p2a: Jess|89\/323
|
|-weather|Hail|[upkeep]
|-damage|p2a: Jess|69\/323|[from] hail
|-damage|p1a: Primal|300\/369|[from] hail
|-heal|p1a: Primal|323\/369|[from] item: Leftovers
|turn|24
|
|switch|p1a: Jelly|Jellicent, F|177\/403
|-damage|p1a: Jelly|127\/403|[from] Stealth Rock
|move|p2a: Jess|Hidden Power|p1a: Jelly
|-supereffective|p1a: Jelly
|-damage|p1a: Jelly|0 fnt
|faint|p1a: Jelly
|
|-weather|Hail|[upkeep]
|-damage|p2a: Jess|49\/323|[from] hail
|
|switch|p1a: Godzilla|Tyranitar, M, shiny|258\/342
|-damage|p1a: Godzilla|216\/342|[from] Stealth Rock
|-weather|Sandstorm|[from] ability: Sand Stream|[of] p1a: Godzilla
|turn|25
|
|switch|p2a: Hank|Gliscor, M|78\/352 tox
|move|p1a: Godzilla|Stone Edge|p2a: Hank
|-damage|p2a: Hank|0 fnt
|faint|p2a: Hank
|
|-weather|Sandstorm|[upkeep]
|
|switch|p2a: Todd|Jirachi|181\/362
|turn|26
|
|switch|p1a: Smaug|Heatran, M|250\/324
|-damage|p1a: Smaug|210\/324|[from] Stealth Rock
|move|p2a: Todd|U-turn|p1a: Smaug
|-resisted|p1a: Smaug
|-damage|p1a: Smaug|197\/324
|
|switch|p2a: Jess|Keldeo-Resolute|49\/323
|
|-weather|Sandstorm|[upkeep]
|-damage|p2a: Jess|29\/323|[from] sandstorm
|-heal|p1a: Smaug|217\/324|[from] item: Leftovers
|turn|27
|
|move|p1a: Smaug|Protect|p1a: Smaug
|-singleturn|p1a: Smaug|Protect
|move|p2a: Jess|Surf|p1a: Smaug
|-activate|p1a: Smaug|Protect
|
|-weather|Sandstorm|[upkeep]
|-damage|p2a: Jess|9\/323|[from] sandstorm
|-heal|p1a: Smaug|237\/324|[from] item: Leftovers
|turn|28
|
|move|p2a: Jess|Surf|p1a: Smaug
|-supereffective|p1a: Smaug
|-damage|p1a: Smaug|0 fnt
|faint|p1a: Smaug
|
|-weather|Sandstorm|[upkeep]
|-damage|p2a: Jess|0 fnt|[from] sandstorm
|faint|p2a: Jess
|
|switch|p1a: Primal|Landorus-Therian, M|323\/369
|-damage|p1a: Primal|277\/369|[from] Stealth Rock
|switch|p2a: Heisenberg|Abomasnow, M|371\/371
|-ability|p1a: Primal|Intimidate|[of] p2a: Heisenberg
|-unboost|p2a: Heisenberg|atk|1
|-weather|Hail|[from] ability: Snow Warning|[of] p2a: Heisenberg
|turn|29
|
|switch|p1a: Ironside|Ferrothorn, F|169\/352
|-damage|p1a: Ironside|147\/352|[from] Stealth Rock
|move|p2a: Heisenberg|Ice Shard|p1a: Ironside
|-damage|p1a: Ironside|117\/352
|
|-weather|Hail|[upkeep]
|-damage|p1a: Ironside|95\/352|[from] hail
|-heal|p1a: Ironside|117\/352|[from] item: Leftovers
|turn|30
|
|switch|p2a: Gus|Volcarona, F|265\/351
|move|p1a: Ironside|Leech Seed|p2a: Gus
|-start|p2a: Gus|move: Leech Seed
|
|-weather|Hail|[upkeep]
|-damage|p2a: Gus|244\/351|[from] hail
|-damage|p1a: Ironside|95\/352|[from] hail
|-heal|p2a: Gus|265\/351|[from] item: Leftovers
|-heal|p1a: Ironside|117\/352|[from] item: Leftovers
|-damage|p2a: Gus|222\/351|[from] Leech Seed|[of] p1a: Ironside
|-heal|p1a: Ironside|160\/352|[silent]
|turn|31
|
|switch|p1a: Godzilla|Tyranitar, M, shiny|216\/342
|-damage|p1a: Godzilla|174\/342|[from] Stealth Rock
|-weather|Sandstorm|[from] ability: Sand Stream|[of] p1a: Godzilla
|move|p2a: Gus|Quiver Dance|p2a: Gus
|-boost|p2a: Gus|spa|1
|-boost|p2a: Gus|spd|1
|-boost|p2a: Gus|spe|1
|
|-weather|Sandstorm|[upkeep]
|-damage|p2a: Gus|201\/351|[from] sandstorm
|-heal|p2a: Gus|222\/351|[from] item: Leftovers
|-damage|p2a: Gus|179\/351|[from] Leech Seed|[of] p1a: Godzilla
|-heal|p1a: Godzilla|217\/342|[silent]
|turn|32
|
|switch|p1a: Ironside|Ferrothorn, F|160\/352
|-damage|p1a: Ironside|138\/352|[from] Stealth Rock
|move|p2a: Gus|Bug Buzz|p1a: Ironside
|-damage|p1a: Ironside|0 fnt
|faint|p1a: Ironside
|
|-weather|Sandstorm|[upkeep]
|-damage|p2a: Gus|158\/351|[from] sandstorm
|-heal|p2a: Gus|179\/351|[from] item: Leftovers
|
|switch|p1a: Primal|Landorus-Therian, M|277\/369
|-damage|p1a: Primal|231\/369|[from] Stealth Rock
|-ability|p1a: Primal|Intimidate|[of] p2a: Gus
|-unboost|p2a: Gus|atk|1
|turn|33
|
|move|p2a: Gus|Fire Blast|p1a: Primal
|-damage|p1a: Primal|0 fnt
|faint|p1a: Primal
|
|-weather|Sandstorm|[upkeep]
|-damage|p2a: Gus|158\/351|[from] sandstorm
|-heal|p2a: Gus|179\/351|[from] item: Leftovers
|
|switch|p1a: Godzilla|Tyranitar, M, shiny|217\/342
|-damage|p1a: Godzilla|175\/342|[from] Stealth Rock
|turn|34
|
|move|p2a: Gus|Bug Buzz|p1a: Godzilla
|-supereffective|p1a: Godzilla
|-damage|p1a: Godzilla|0 fnt
|faint|p1a: Godzilla
|
|-weather|Sandstorm|[upkeep]
|-damage|p2a: Gus|158\/351|[from] sandstorm
|-heal|p2a: Gus|179\/351|[from] item: Leftovers
|chat|Linguisto|that Stone Miss was really big gg
|-message|Linguisto forfeited.
|
|win|Vrille
|raw|Ladder updating...
|leave|Linguisto
|player|p1
|raw|Linguisto's rating: 1000 &rarr; <strong>1000<\/strong><br \/>(+0 for losing)
|raw|Vrille's rating: 1138 &rarr; <strong>1153<\/strong><br \/>(+15 for winning)