|join|Vrille
|join|ForWeLiveToTest
|player|p1|Vrille|3
|player|p2|ForWeLiveToTest|275
|gametype|singles
|gen|6
|tier|OU
|rated
|clearpoke
|poke|p1|Gyarados, F
|poke|p1|Azumarill, M
|poke|p1|Diggersby, M
|poke|p1|Heatran, F
|poke|p1|Thundurus, M
|poke|p1|Virizion
|poke|p2|Suicune
|poke|p2|Heatran, F
|poke|p2|Thundurus, M
|poke|p2|Ferrothorn, M
|poke|p2|Heracross, M
|poke|p2|Latias, F
|rule|Swagger Clause: Swagger is banned
|rule|Baton Pass Clause: Limit one Pokémon knowing Baton Pass
|rule|Sleep Clause Mod: Limit one foe put to sleep
|rule|Species Clause: Limit one of each Pokémon
|rule|OHKO Clause: OHKO moves are banned
|rule|Moody Clause: Moody is banned
|rule|Evasion Moves Clause: Evasion moves are banned
|rule|Endless Battle Clause: Forcing endless battles is banned
|rule|HP Percentage Mod: HP is shown in percentages
|teampreview
|
|start
|switch|p1a: Thundurus|Thundurus, M|298\/298
|switch|p2a: Heracross|Heracross, M|308\/308
|turn|1
|
|switch|p2a: Ferrothorn|Ferrothorn, M|352\/352
|move|p1a: Thundurus|Hidden Power|p2a: Ferrothorn
|-damage|p2a: Ferrothorn|249\/352
|-damage|p1a: Thundurus|269\/298|[from] item: Life Orb
|
|-heal|p2a: Ferrothorn|271\/352|[from] item: Leftovers
|turn|2
|
|move|p1a: Thundurus|Superpower|p2a: Ferrothorn
|-supereffective|p2a: Ferrothorn
|-damage|p2a: Ferrothorn|71\/352
|-damage|p1a: Thundurus|232\/298|[from] ability: Iron Barbs|[of] p2a: Ferrothorn
|-unboost|p1a: Thundurus|atk|1
|-unboost|p1a: Thundurus|def|1
|-damage|p1a: Thundurus|203\/298|[from] item: Life Orb
|move|p2a: Ferrothorn|Spikes|p1a: Thundurus
|-sidestart|p1: Vrille|Spikes
|
|-heal|p2a: Ferrothorn|93\/352|[from] item: Leftovers
|turn|3
|
|move|p1a: Thundurus|Knock Off|p2a: Ferrothorn
|-damage|p2a: Ferrothorn|45\/352
|-damage|p1a: Thundurus|166\/298|[from] ability: Iron Barbs|[of] p2a: Ferrothorn
|-enditem|p2a: Ferrothorn|Leftovers|[from] move: Knock Off|[of] p1a: Thundurus
|-damage|p1a: Thundurus|137\/298|[from] item: Life Orb
|move|p2a: Ferrothorn|Leech Seed|p1a: Thundurus
|-start|p1a: Thundurus|move: Leech Seed
|
|-damage|p1a: Thundurus|100\/298|[from] Leech Seed|[of] p2a: Ferrothorn
|-heal|p2a: Ferrothorn|82\/352|[silent]
|turn|4
|
|move|p2a: Ferrothorn|Protect|p2a: Ferrothorn
|-singleturn|p2a: Ferrothorn|Protect
|move|p1a: Thundurus|Hidden Power|p2a: Ferrothorn
|-activate|p2a: Ferrothorn|Protect
|
|-damage|p1a: Thundurus|63\/298|[from] Leech Seed|[of] p2a: Ferrothorn
|-heal|p2a: Ferrothorn|119\/352|[silent]
|turn|5
|
|move|p1a: Thundurus|Superpower|p2a: Ferrothorn
|-supereffective|p2a: Ferrothorn
|-damage|p2a: Ferrothorn|0 fnt
|-damage|p1a: Thundurus|26\/298|[from] ability: Iron Barbs|[of] p2a: Ferrothorn
|-unboost|p1a: Thundurus|atk|1
|-unboost|p1a: Thundurus|def|1
|-damage|p1a: Thundurus|0 fnt|[from] item: Life Orb
|faint|p2a: Ferrothorn
|faint|p1a: Thundurus
|
|
|switch|p2a: Thundurus|Thundurus, M|299\/299
|switch|p1a: Gyarados|Gyarados, F|370\/370
|-ability|p1a: Gyarados|Intimidate|[of] p2a: Thundurus
|-unboost|p2a: Thundurus|atk|1
|turn|6
|
|switch|p1a: Virizion|Virizion|324\/324
|-damage|p1a: Virizion|284\/324|[from] Spikes
|move|p2a: Thundurus|Thunder Wave|p1a: Virizion
|-status|p1a: Virizion|par
|-enditem|p1a: Virizion|Lum Berry|[eat]
|-curestatus|p1a: Virizion|par
|
|turn|7
|
|move|p2a: Thundurus|Thunder Wave|p1a: Virizion
|-status|p1a: Virizion|par
|move|p1a: Virizion|Zen Headbutt|p2a: Thundurus
|-damage|p2a: Thundurus|190\/299
|
|turn|8
|
|move|p2a: Thundurus|Hidden Power|p1a: Virizion
|-supereffective|p1a: Virizion
|-damage|p1a: Virizion|154\/324 par
|-damage|p2a: Thundurus|161\/299|[from] item: Life Orb
|cant|p1a: Virizion|par
|
|turn|9
|
|switch|p2a: Latias|Latias, F|301\/301
|move|p1a: Virizion|Zen Headbutt|p2a: Latias
|-resisted|p2a: Latias
|-damage|p2a: Latias|263\/301
|
|turn|10
|
|switch|p2a: Heatran|Heatran, F|385\/385
|switch|p1a: Heatran|Heatran, F|386\/386
|-damage|p1a: Heatran|338\/386|[from] Spikes
|
|-heal|p1a: Heatran|362\/386|[from] item: Leftovers
|turn|11
|
|move|p2a: Heatran|Earth Power|p1a: Heatran
|-supereffective|p1a: Heatran
|-damage|p1a: Heatran|114\/386
|move|p1a: Heatran|Stealth Rock|p2a: Heatran
|-sidestart|p2: ForWeLiveToTest|move: Stealth Rock
|
|-heal|p1a: Heatran|138\/386|[from] item: Leftovers
|turn|12
|
|switch|p1a: Gyarados|Gyarados, F|370\/370
|-ability|p1a: Gyarados|Intimidate|[of] p2a: Heatran
|-unboost|p2a: Heatran|atk|1
|move|p2a: Heatran|Taunt|p1a: Gyarados
|-start|p1a: Gyarados|move: Taunt
|
|turn|13
|
|switch|p2a: Suicune|Suicune|404\/404
|-damage|p2a: Suicune|354\/404|[from] Stealth Rock
|-ability|p2a: Suicune|Pressure
|move|p1a: Gyarados|Earthquake|p2a: Suicune
|-damage|p2a: Suicune|287\/404
|
|-heal|p2a: Suicune|312\/404|[from] item: Leftovers
|turn|14
|
|switch|p1a: Virizion|Virizion|154\/324 par
|-damage|p1a: Virizion|114\/324 par|[from] Spikes
|switch|p2a: Latias|Latias, F|263\/301
|-damage|p2a: Latias|226\/301|[from] Stealth Rock
|
|turn|15
|
|switch|p1a: Heatran|Heatran, F|138\/386
|-damage|p1a: Heatran|90\/386|[from] Spikes
|move|p2a: Latias|Psyshock|p1a: Heatran
|-resisted|p1a: Heatran
|-damage|p1a: Heatran|7\/386
|-damage|p2a: Latias|196\/301|[from] item: Life Orb
|
|-heal|p1a: Heatran|31\/386|[from] item: Leftovers
|turn|16
|
|move|p2a: Latias|Psyshock|p1a: Heatran
|-resisted|p1a: Heatran
|-damage|p1a: Heatran|0 fnt
|-damage|p2a: Latias|166\/301|[from] item: Life Orb
|faint|p1a: Heatran
|
|
|switch|p1a: Gyarados|Gyarados, F|370\/370
|-ability|p1a: Gyarados|Intimidate|[of] p2a: Latias
|-unboost|p2a: Latias|atk|1
|turn|17
|
|switch|p1a: Azumarill|Azumarill, M|403\/403
|-damage|p1a: Azumarill|353\/403|[from] Spikes
|move|p2a: Latias|Draco Meteor|p1a: Azumarill
|-immune|p1a: Azumarill|[msg]
|
|turn|18
|
|switch|p2a: Heatran|Heatran, F|385\/385
|-damage|p2a: Heatran|337\/385|[from] Stealth Rock
|move|p1a: Azumarill|Play Rough|p2a: Heatran|[miss]
|-miss|p1a: Azumarill|p2a: Heatran
|
|-heal|p2a: Heatran|361\/385|[from] item: Leftovers
|turn|19
|
|switch|p1a: Diggersby|Diggersby, M|311\/311
|-damage|p1a: Diggersby|273\/311|[from] Spikes
|move|p2a: Heatran|Lava Plume|p1a: Diggersby
|-damage|p1a: Diggersby|137\/311
|
|-heal|p2a: Heatran|385\/385|[from] item: Leftovers
|turn|20
|
|move|p1a: Diggersby|Swords Dance|p1a: Diggersby
|-boost|p1a: Diggersby|atk|2
|move|p2a: Heatran|Lava Plume|p1a: Diggersby
|-damage|p1a: Diggersby|0 fnt
|faint|p1a: Diggersby
|
|c|★Vrille|-_-
|
|switch|p1a: Gyarados|Gyarados, F|370\/370
|-ability|p1a: Gyarados|Intimidate|[of] p2a: Heatran
|-unboost|p2a: Heatran|atk|1
|turn|21
|c|★ForWeLiveToTest|yah
|c|★ForWeLiveToTest|ik
|
|move|p1a: Gyarados|Dragon Dance|p1a: Gyarados
|-boost|p1a: Gyarados|atk|1
|-boost|p1a: Gyarados|spe|1
|move|p2a: Heatran|Lava Plume|p1a: Gyarados
|-resisted|p1a: Gyarados
|-damage|p1a: Gyarados|310\/370
|
|turn|22
|
|move|p1a: Gyarados|Earthquake|p2a: Heatran
|-supereffective|p2a: Heatran
|-damage|p2a: Heatran|0 fnt
|faint|p2a: Heatran
|
|
|switch|p2a: Thundurus|Thundurus, M|161\/299
|-damage|p2a: Thundurus|87\/299|[from] Stealth Rock
|turn|23
|
|switch|p1a: Azumarill|Azumarill, M|353\/403
|-damage|p1a: Azumarill|303\/403|[from] Spikes
|move|p2a: Thundurus|Thunder Wave|p1a: Azumarill
|-status|p1a: Azumarill|par
|
|turn|24
|
|switch|p2a: Suicune|Suicune|312\/404
|-damage|p2a: Suicune|262\/404|[from] Stealth Rock
|-ability|p2a: Suicune|Pressure
|move|p1a: Azumarill|Aqua Jet|p2a: Suicune
|-crit|p2a: Suicune
|-resisted|p2a: Suicune
|-damage|p2a: Suicune|203\/404
|
|-heal|p2a: Suicune|228\/404|[from] item: Leftovers
|turn|25
|
|switch|p2a: Latias|Latias, F|166\/301
|-damage|p2a: Latias|129\/301|[from] Stealth Rock
|switch|p1a: Virizion|Virizion|114\/324 par
|-damage|p1a: Virizion|74\/324 par|[from] Spikes
|
|turn|26
|
|move|p2a: Latias|Psyshock|p1a: Virizion
|-supereffective|p1a: Virizion
|-damage|p1a: Virizion|0 fnt
|-damage|p2a: Latias|99\/301|[from] item: Life Orb
|faint|p1a: Virizion
|
|
|switch|p1a: Azumarill|Azumarill, M|303\/403 par
|-damage|p1a: Azumarill|253\/403 par|[from] Spikes
|turn|27
|
|move|p2a: Latias|Healing Wish|p2a: Latias
|faint|p2a: Latias
|move|p1a: Azumarill|Play Rough|p2: Latias|[notarget]
|-notarget
|
|
|switch|p2a: Thundurus|Thundurus, M|87\/299
|-heal|p2a: Thundurus|299\/299|[from] move: Healing Wish
|-damage|p2a: Thundurus|225\/299|[from] Stealth Rock
|turn|28
|-message|Vrille forfeited.
|
|win|ForWeLiveToTest
|raw|Ladder updating...
|leave|Vrille
|player|p1
|raw|Vrille's rating: 1620 &rarr; <strong>1598<\/strong><br \/>(-22 for losing)
|raw|ForWeLiveToTest's rating: 1594 &rarr; <strong>1615<\/strong><br \/>(+21 for winning)