|join|Chocolove
|join|Vrille
|player|p1|Chocolove|29
|player|p2|Vrille|268
|gametype|singles
|gen|6
|tier|OU
|rated
|clearpoke
|poke|p1|Crawdaunt, M
|poke|p1|Raikou
|poke|p1|Heatran, F
|poke|p1|Starmie
|poke|p1|Landorus-Therian, M
|poke|p1|Metagross
|poke|p2|Clefable, M
|poke|p2|Metagross
|poke|p2|Keldeo
|poke|p2|Serperior, F
|poke|p2|Landorus-Therian, M
|poke|p2|Dragalge, M
|rule|Swagger Clause: Swagger is banned
|rule|Baton Pass Clause: Limit one Pokémon knowing Baton Pass
|rule|Sleep Clause Mod: Limit one foe put to sleep
|rule|Species Clause: Limit one of each Pokémon
|rule|OHKO Clause: OHKO moves are banned
|rule|Moody Clause: Moody is banned
|rule|Evasion Moves Clause: Evasion moves are banned
|rule|Endless Battle Clause: Forcing endless battles is banned
|rule|HP Percentage Mod: HP is shown in percentages
|teampreview
|
|start
|switch|p1a: Starfall|Starmie|324\/324
|switch|p2a: Dragalge|Dragalge, M|289\/289
|turn|1
|
|switch|p1a: Bittersteel|Metagross|302\/302
|switch|p2a: Metagross|Metagross|301\/301
|
|turn|2
|
|switch|p2a: Landorus-Therian|Landorus-Therian, M|380\/380
|-ability|p2a: Landorus-Therian|Intimidate|[of] p1a: Bittersteel
|-fail|p1a: Bittersteel|unboost|[from] ability: Clear Body|[of] p1a: Bittersteel
|detailschange|p1a: Bittersteel|Metagross-Mega
|-mega|p1a: Bittersteel|Metagross|Metagrossite
|move|p1a: Bittersteel|Earthquake|p2a: Landorus-Therian
|-immune|p2a: Landorus-Therian|[msg]
|
|turn|3
|
|switch|p2a: Keldeo|Keldeo|323\/323
|move|p1a: Bittersteel|Meteor Mash|p2a: Keldeo
|-resisted|p2a: Keldeo
|-damage|p2a: Keldeo|197\/323
|
|-heal|p2a: Keldeo|217\/323|[from] item: Leftovers
|turn|4
|
|switch|p2a: Landorus-Therian|Landorus-Therian, M|380\/380
|-ability|p2a: Landorus-Therian|Intimidate|[of] p1a: Bittersteel
|-unboost|p1a: Bittersteel|atk|1
|move|p1a: Bittersteel|Zen Headbutt|p2a: Landorus-Therian
|-damage|p2a: Landorus-Therian|254\/380
|
|-heal|p2a: Landorus-Therian|277\/380|[from] item: Leftovers
|turn|5
|
|switch|p1a: Starfall|Starmie|324\/324
|move|p2a: Landorus-Therian|Swords Dance|p2a: Landorus-Therian
|-boost|p2a: Landorus-Therian|atk|2
|
|-heal|p2a: Landorus-Therian|300\/380|[from] item: Leftovers
|turn|6
|
|switch|p2a: Clefable|Clefable, M|394\/394
|move|p1a: Starfall|Scald|p2a: Clefable
|-damage|p2a: Clefable|291\/394
|
|-heal|p2a: Clefable|315\/394|[from] item: Leftovers
|turn|7
|
|switch|p1a: Lightbringer|Heatran, F|371\/371
|switch|p2a: Landorus-Therian|Landorus-Therian, M|300\/380
|-ability|p2a: Landorus-Therian|Intimidate|[of] p1a: Lightbringer
|-unboost|p1a: Lightbringer|atk|1
|
|-heal|p2a: Landorus-Therian|323\/380|[from] item: Leftovers
|turn|8
|
|move|p2a: Landorus-Therian|Earthquake|p1a: Lightbringer
|-crit|p1a: Lightbringer
|-supereffective|p1a: Lightbringer
|-damage|p1a: Lightbringer|0 fnt
|faint|p1a: Lightbringer
|
|-heal|p2a: Landorus-Therian|346\/380|[from] item: Leftovers
|
|switch|p1a: Based Dog|Landorus-Therian, M|319\/319
|-ability|p1a: Based Dog|Intimidate|[of] p2a: Landorus-Therian
|-unboost|p2a: Landorus-Therian|atk|1
|turn|9
|
|switch|p2a: Keldeo|Keldeo|217\/323
|move|p1a: Based Dog|U-turn|p2a: Keldeo
|-resisted|p2a: Keldeo
|-damage|p2a: Keldeo|164\/323
|
|switch|p1a: Not so based|Raikou|321\/321
|-ability|p1a: Not so based|Pressure
|
|-heal|p2a: Keldeo|184\/323|[from] item: Leftovers
|turn|10
|
|switch|p2a: Dragalge|Dragalge, M|289\/289
|move|p1a: Not so based|Thunderbolt|p2a: Dragalge
|-resisted|p2a: Dragalge
|-damage|p2a: Dragalge|250\/289
|
|turn|11
|
|move|p1a: Not so based|Volt Switch|p2a: Dragalge
|-resisted|p2a: Dragalge
|-damage|p2a: Dragalge|219\/289
|
|switch|p1a: Bittersteel|Metagross-Mega|302\/302
|move|p2a: Dragalge|Draco Meteor|p1a: Bittersteel|[miss]
|-miss|p2a: Dragalge|p1a: Bittersteel
|
|turn|12
|c|★Vrille|-_-
|
|switch|p2a: Landorus-Therian|Landorus-Therian, M|346\/380
|-ability|p2a: Landorus-Therian|Intimidate|[of] p1a: Bittersteel
|-unboost|p1a: Bittersteel|atk|1
|move|p1a: Bittersteel|Meteor Mash|p2a: Landorus-Therian
|-damage|p2a: Landorus-Therian|180\/380
|-boost|p1a: Bittersteel|atk|1
|
|-heal|p2a: Landorus-Therian|203\/380|[from] item: Leftovers
|turn|13
|c|★Vrille|rofl
|
|move|p1a: Bittersteel|Meteor Mash|p2a: Landorus-Therian
|-damage|p2a: Landorus-Therian|0 fnt
|faint|p2a: Landorus-Therian
|
|-message|Vrille forfeited.
|
|win|Chocolove
|raw|Ladder updating...
|leave|Vrille
|player|p2
|raw|Chocolove's rating: 1571 &rarr; <strong>1594<\/strong><br \/>(+23 for winning)
|raw|Vrille's rating: 1620 &rarr; <strong>1597<\/strong><br \/>(-23 for losing)