|join|opggnore
|join|IIwuewiugrrt
|player|p1|opggnore|101
|player|p2|IIwuewiugrrt|266
|gametype|singles
|gen|6
|tier|OU
|rated
|clearpoke
|poke|p1|Zapdos
|poke|p1|Ferrothorn, F
|poke|p1|Crawdaunt, F
|poke|p1|Landorus-Therian, M
|poke|p1|Gardevoir, F
|poke|p1|Latios, M
|poke|p2|Gliscor, M
|poke|p2|Scizor, M
|poke|p2|Rotom-Wash
|poke|p2|Gothitelle, M
|poke|p2|Ditto
|poke|p2|Chansey, F
|rule|Swagger Clause: Swagger is banned
|rule|Baton Pass Clause: Limit one Pokémon knowing Baton Pass
|rule|Sleep Clause Mod: Limit one foe put to sleep
|rule|Species Clause: Limit one of each Pokémon
|rule|OHKO Clause: OHKO moves are banned
|rule|Moody Clause: Moody is banned
|rule|Evasion Moves Clause: Evasion moves are banned
|rule|Endless Battle Clause: Forcing endless battles is banned
|rule|HP Percentage Mod: HP is shown in percentages
|teampreview
|
|start
|switch|p1a: Ferrothorn|Ferrothorn, F|338\/338
|switch|p2a: Chansey|Chansey, F|704\/704
|turn|1
|
|move|p2a: Chansey|Stealth Rock|p1a: Ferrothorn
|-sidestart|p1: opggnore|move: Stealth Rock
|move|p1a: Ferrothorn|Stealth Rock|p2a: Chansey
|-sidestart|p2: IIwuewiugrrt|move: Stealth Rock
|
|turn|2
|
|switch|p2a: Gothitelle|Gothitelle, M|301\/301
|-damage|p2a: Gothitelle|264\/301|[from] Stealth Rock
|move|p1a: Ferrothorn|Thunder Wave|p2a: Gothitelle
|-status|p2a: Gothitelle|par
|
|turn|3
|
|move|p2a: Gothitelle|Trick|p1a: Ferrothorn
|-activate|p2a: Gothitelle|move: Trick|[of] p1a: Ferrothorn
|-item|p1a: Ferrothorn|Choice Scarf|[from] move: Trick
|-item|p2a: Gothitelle|Leftovers|[from] move: Trick
|move|p1a: Ferrothorn|Power Whip|p2a: Gothitelle
|-damage|p2a: Gothitelle|132\/301 par
|
|-heal|p2a: Gothitelle|150\/301 par|[from] item: Leftovers
|turn|4
|
|move|p1a: Ferrothorn|Power Whip|p2a: Gothitelle
|-damage|p2a: Gothitelle|17\/301 par
|move|p2a: Gothitelle|Hidden Power|p1a: Ferrothorn
|-supereffective|p1a: Ferrothorn
|-damage|p1a: Ferrothorn|158\/338
|
|-heal|p2a: Gothitelle|35\/301 par|[from] item: Leftovers
|turn|5
|
|switch|p2a: Scizor|Scizor, M|342\/342
|-damage|p2a: Scizor|300\/342|[from] Stealth Rock
|move|p1a: Ferrothorn|Power Whip|p2a: Scizor
|-resisted|p2a: Scizor
|-damage|p2a: Scizor|272\/342
|
|turn|6
|
|switch|p1a: Zapdos|Zapdos|374\/374
|-damage|p1a: Zapdos|281\/374|[from] Stealth Rock
|-ability|p1a: Zapdos|Pressure
|detailschange|p2a: Scizor|Scizor-Mega, M
|message|Scizor has Mega Evolved into Mega Scizor!
|move|p2a: Scizor|Knock Off|p1a: Zapdos
|-damage|p1a: Zapdos|176\/374
|-enditem|p1a: Zapdos|Leftovers|[from] move: Knock Off|[of] p2a: Scizor
|
|turn|7
|
|switch|p2a: Rotom-Wash|Rotom-Wash|304\/304
|-damage|p2a: Rotom-Wash|266\/304|[from] Stealth Rock
|move|p1a: Zapdos|Roost|p1a: Zapdos
|-heal|p1a: Zapdos|363\/374
|
|-heal|p2a: Rotom-Wash|285\/304|[from] item: Leftovers
|turn|8
|
|move|p1a: Zapdos|Thunderbolt|p2a: Rotom-Wash
|-damage|p2a: Rotom-Wash|159\/304
|move|p2a: Rotom-Wash|Will-O-Wisp|p1a: Zapdos
|-status|p1a: Zapdos|brn
|
|-heal|p2a: Rotom-Wash|178\/304|[from] item: Leftovers
|-damage|p1a: Zapdos|317\/374 brn|[from] brn
|turn|9
|
|switch|p1a: Ferrothorn|Ferrothorn, F|158\/338
|-damage|p1a: Ferrothorn|137\/338|[from] Stealth Rock
|move|p2a: Rotom-Wash|Pain Split|p1a: Ferrothorn
|-sethp|p1a: Ferrothorn|157\/338|p2a: Rotom-Wash|157\/304|[from] move: Pain Split
|
|-heal|p2a: Rotom-Wash|176\/304|[from] item: Leftovers
|turn|10
|
|move|p2a: Rotom-Wash|Will-O-Wisp|p1a: Ferrothorn|[miss]
|-miss|p2a: Rotom-Wash|p1a: Ferrothorn
|move|p1a: Ferrothorn|Leech Seed|p2a: Rotom-Wash
|-start|p2a: Rotom-Wash|move: Leech Seed
|
|-heal|p2a: Rotom-Wash|195\/304|[from] item: Leftovers
|-damage|p2a: Rotom-Wash|157\/304|[from] Leech Seed|[of] p1a: Ferrothorn
|-heal|p1a: Ferrothorn|195\/338|[silent]
|turn|11
|
|move|p2a: Rotom-Wash|Will-O-Wisp|p1a: Ferrothorn
|-status|p1a: Ferrothorn|brn
|move|p1a: Ferrothorn|Leech Seed|p2a: Rotom-Wash
|-fail|p2a: Rotom-Wash
|
|-heal|p2a: Rotom-Wash|176\/304|[from] item: Leftovers
|-damage|p2a: Rotom-Wash|138\/304|[from] Leech Seed|[of] p1a: Ferrothorn
|-heal|p1a: Ferrothorn|233\/338 brn|[silent]
|-damage|p1a: Ferrothorn|191\/338 brn|[from] brn
|turn|12
|
|move|p2a: Rotom-Wash|Volt Switch|p1a: Ferrothorn
|-resisted|p1a: Ferrothorn
|-damage|p1a: Ferrothorn|155\/338 brn
|
|switch|p2a: Ditto|Ditto|300\/300
|-damage|p2a: Ditto|263\/300|[from] Stealth Rock
|-transform|p2a: Ditto|p1a: Ferrothorn
|move|p1a: Ferrothorn|Leech Seed|p2a: Ditto
|-immune|p2a: Ditto|[msg]
|
|-damage|p1a: Ferrothorn|113\/338 brn|[from] brn
|turn|13
|
|switch|p1a: Zapdos|Zapdos|317\/374 brn
|-damage|p1a: Zapdos|224\/374 brn|[from] Stealth Rock
|-ability|p1a: Zapdos|Pressure
|switch|p2a: Gliscor|Gliscor, M|352\/352
|-damage|p2a: Gliscor|308\/352|[from] Stealth Rock
|
|-damage|p1a: Zapdos|178\/374 brn|[from] brn
|-status|p2a: Gliscor|tox|[from] item: Toxic Orb
|turn|14
|
|switch|p2a: Chansey|Chansey, F|704\/704
|-damage|p2a: Chansey|616\/704|[from] Stealth Rock
|move|p1a: Zapdos|Roost|p1a: Zapdos
|-heal|p1a: Zapdos|365\/374 brn
|
|-damage|p1a: Zapdos|319\/374 brn|[from] brn
|turn|15
|
|move|p1a: Zapdos|Thunderbolt|p2a: Chansey
|-damage|p2a: Chansey|535\/704
|move|p2a: Chansey|Seismic Toss|p1a: Zapdos
|-damage|p1a: Zapdos|219\/374 brn
|
|-damage|p1a: Zapdos|173\/374 brn|[from] brn
|turn|16
|
|move|p1a: Zapdos|Roost|p1a: Zapdos
|-heal|p1a: Zapdos|360\/374 brn
|move|p2a: Chansey|Seismic Toss|p1a: Zapdos
|-damage|p1a: Zapdos|260\/374 brn
|
|-damage|p1a: Zapdos|214\/374 brn|[from] brn
|turn|17
|
|move|p1a: Zapdos|Roost|p1a: Zapdos
|-heal|p1a: Zapdos|374\/374 brn
|move|p2a: Chansey|Seismic Toss|p1a: Zapdos
|-damage|p1a: Zapdos|274\/374 brn
|
|-damage|p1a: Zapdos|228\/374 brn|[from] brn
|turn|18
|
|move|p1a: Zapdos|Roost|p1a: Zapdos
|-heal|p1a: Zapdos|374\/374 brn
|move|p2a: Chansey|Soft-Boiled|p2a: Chansey
|-heal|p2a: Chansey|704\/704
|
|-damage|p1a: Zapdos|328\/374 brn|[from] brn
|turn|19
|
|switch|p1a: Gardevoir|Gardevoir, F|277\/277
|-damage|p1a: Gardevoir|243\/277|[from] Stealth Rock
|-ability|p1a: Gardevoir|Natural Cure|[from] ability: Trace|[of] p2a: Chansey
|move|p2a: Chansey|Seismic Toss|p1a: Gardevoir
|-damage|p1a: Gardevoir|143\/277
|
|turn|20
|
|detailschange|p1a: Gardevoir|Gardevoir-Mega, F
|message|Gardevoir has Mega Evolved into Mega Gardevoir!
|move|p1a: Gardevoir|Taunt|p2a: Chansey
|-start|p2a: Chansey|move: Taunt
|move|p2a: Chansey|Seismic Toss|p1a: Gardevoir
|-damage|p1a: Gardevoir|43\/277
|
|turn|21
|
|move|p1a: Gardevoir|Focus Blast|p2a: Chansey
|-supereffective|p2a: Chansey
|-damage|p2a: Chansey|486\/704
|move|p2a: Chansey|Seismic Toss|p1a: Gardevoir
|-damage|p1a: Gardevoir|0 fnt
|faint|p1a: Gardevoir
|
|
|switch|p1a: Crawdaunt|Crawdaunt, F|267\/267
|-damage|p1a: Crawdaunt|234\/267|[from] Stealth Rock
|turn|22
|
|switch|p2a: Gothitelle|Gothitelle, M|35\/301 par
|-damage|p2a: Gothitelle|0 fnt|[from] Stealth Rock
|faint|p2a: Gothitelle
|move|p1a: Crawdaunt|Knock Off|p2: Gothitelle|[notarget]
|-notarget
|
|
|switch|p2a: Ditto|Ditto|263\/300
|-damage|p2a: Ditto|226\/300|[from] Stealth Rock
|-transform|p2a: Ditto|p1a: Crawdaunt
|turn|23
|
|switch|p1a: Ferrothorn|Ferrothorn, F|113\/338 brn
|-damage|p1a: Ferrothorn|92\/338 brn|[from] Stealth Rock
|move|p2a: Ditto|Knock Off|p1a: Ferrothorn
|-damage|p1a: Ferrothorn|0 fnt
|-damage|p2a: Ditto|189\/300|[from] ability: Iron Barbs|[of] p1a: Ferrothorn
|-enditem|p1a: Ferrothorn|Choice Scarf|[from] move: Knock Off|[of] p2a: Ditto
|faint|p1a: Ferrothorn
|
|
|switch|p1a: Landorus-Therian|Landorus-Therian, M|320\/320
|-damage|p1a: Landorus-Therian|280\/320|[from] Stealth Rock
|-ability|p1a: Landorus-Therian|Intimidate|[of] p2a: Ditto
|-unboost|p2a: Ditto|atk|1
|turn|24
|
|move|p1a: Landorus-Therian|U-turn|p2a: Ditto
|-supereffective|p2a: Ditto
|-damage|p2a: Ditto|0 fnt
|faint|p2a: Ditto
|c|★IIwuewiugrrt|are there every non scarfed landorus anymore
|
|switch|p1a: Zapdos|Zapdos|328\/374 brn
|-damage|p1a: Zapdos|235\/374 brn|[from] Stealth Rock
|-ability|p1a: Zapdos|Pressure
|
|-damage|p1a: Zapdos|189\/374 brn|[from] brn
|c|★IIwuewiugrrt|so lame
|
|switch|p2a: Chansey|Chansey, F|486\/704
|-damage|p2a: Chansey|398\/704|[from] Stealth Rock
|turn|25
|
|move|p1a: Zapdos|Roost|p1a: Zapdos
|-heal|p1a: Zapdos|374\/374 brn
|move|p2a: Chansey|Soft-Boiled|p2a: Chansey
|-heal|p2a: Chansey|704\/704
|
|-damage|p1a: Zapdos|328\/374 brn|[from] brn
|turn|26
|
|switch|p1a: Crawdaunt|Crawdaunt, F|234\/267
|-damage|p1a: Crawdaunt|201\/267|[from] Stealth Rock
|move|p2a: Chansey|Seismic Toss|p1a: Crawdaunt
|-damage|p1a: Crawdaunt|101\/267
|
|turn|27
|
|move|p1a: Crawdaunt|Knock Off|p2a: Chansey
|-damage|p2a: Chansey|257\/704
|-enditem|p2a: Chansey|Eviolite|[from] move: Knock Off|[of] p1a: Crawdaunt
|-damage|p1a: Crawdaunt|75\/267|[from] item: Life Orb
|move|p2a: Chansey|Thunder Wave|p1a: Crawdaunt
|-status|p1a: Crawdaunt|par
|
|turn|28
|
|switch|p2a: Scizor|Scizor-Mega, M|272\/342
|-damage|p2a: Scizor|230\/342|[from] Stealth Rock
|move|p1a: Crawdaunt|Crabhammer|p2a: Scizor
|-damage|p2a: Scizor|9\/342
|-damage|p1a: Crawdaunt|49\/267 par|[from] item: Life Orb
|
|turn|29
|
|move|p2a: Scizor|Bullet Punch|p1a: Crawdaunt
|-resisted|p1a: Crawdaunt
|-damage|p1a: Crawdaunt|0 fnt
|faint|p1a: Crawdaunt
|
|
|switch|p1a: Landorus-Therian|Landorus-Therian, M|280\/320
|-damage|p1a: Landorus-Therian|240\/320|[from] Stealth Rock
|-ability|p1a: Landorus-Therian|Intimidate|[of] p2a: Scizor
|-unboost|p2a: Scizor|atk|1
|turn|30
|c|★IIwuewiugrrt|its such a shame that crawdaunt has become top 10 OU
|c|★opggnore|really?
|
|move|p2a: Scizor|Bullet Punch|p1a: Landorus-Therian
|-damage|p1a: Landorus-Therian|156\/320
|move|p1a: Landorus-Therian|U-turn|p2a: Scizor
|-resisted|p2a: Scizor
|-damage|p2a: Scizor|0 fnt
|faint|p2a: Scizor
|c|★opggnore|how do you check?
|c|★IIwuewiugrrt|he used to be such a cool Pokemon
|
|switch|p1a: Latios|Latios, M|302\/302
|-damage|p1a: Latios|265\/302|[from] Stealth Rock
|
|c|★IIwuewiugrrt|now its the same thing everywhere
|
|switch|p2a: Gliscor|Gliscor, M|308\/352 tox
|-damage|p2a: Gliscor|264\/352 tox|[from] Stealth Rock
|turn|31
|
|move|p2a: Gliscor|Protect|p2a: Gliscor
|-singleturn|p2a: Gliscor|Protect
|move|p1a: Latios|Draco Meteor|p2a: Gliscor
|-activate|p2a: Gliscor|Protect
|
|-heal|p2a: Gliscor|308\/352 tox|[from] ability: Poison Heal
|turn|32
|
|switch|p1a: Zapdos|Zapdos|328\/374 brn
|-damage|p1a: Zapdos|235\/374 brn|[from] Stealth Rock
|-ability|p1a: Zapdos|Pressure
|move|p2a: Gliscor|Toxic|p1a: Zapdos
|-fail|p1a: Zapdos
|
|-heal|p2a: Gliscor|352\/352 tox|[from] ability: Poison Heal
|-damage|p1a: Zapdos|189\/374 brn|[from] brn
|turn|33
|
|switch|p2a: Rotom-Wash|Rotom-Wash|138\/304
|-damage|p2a: Rotom-Wash|100\/304|[from] Stealth Rock
|switch|p1a: Latios|Latios, M|265\/302
|-damage|p1a: Latios|228\/302|[from] Stealth Rock
|
|-heal|p2a: Rotom-Wash|119\/304|[from] item: Leftovers
|turn|34
|
|move|p1a: Latios|Psyshock|p2a: Rotom-Wash
|-damage|p2a: Rotom-Wash|1\/304
|-damage|p1a: Latios|198\/302|[from] item: Life Orb
|move|p2a: Rotom-Wash|Will-O-Wisp|p1a: Latios
|-status|p1a: Latios|brn
|
|-heal|p2a: Rotom-Wash|20\/304|[from] item: Leftovers
|-damage|p1a: Latios|161\/302 brn|[from] brn
|turn|35
|
|switch|p2a: Gliscor|Gliscor, M|352\/352 tox
|-damage|p2a: Gliscor|308\/352 tox|[from] Stealth Rock
|move|p1a: Latios|Psyshock|p2a: Gliscor
|-damage|p2a: Gliscor|170\/352 tox
|-damage|p1a: Latios|131\/302 brn|[from] item: Life Orb
|
|-damage|p1a: Latios|94\/302 brn|[from] brn
|-heal|p2a: Gliscor|214\/352 tox|[from] ability: Poison Heal
|turn|36
|
|move|p2a: Gliscor|Protect|p2a: Gliscor
|-singleturn|p2a: Gliscor|Protect
|move|p1a: Latios|Recover|p1a: Latios
|-heal|p1a: Latios|245\/302 brn
|
|-damage|p1a: Latios|208\/302 brn|[from] brn
|-heal|p2a: Gliscor|258\/352 tox|[from] ability: Poison Heal
|turn|37
|c|★IIwuewiugrrt|damn
|c|★IIwuewiugrrt|i thought you might have an interesting set
|c|★IIwuewiugrrt|but your team is literally everything top
|c|★opggnore|sure
|-message|IIwuewiugrrt forfeited.
|
|win|opggnore
|raw|Ladder updating...
|leave|IIwuewiugrrt
|raw|opggnore's rating: 1688 &rarr; <strong>1711<\/strong><br \/>(+23 for winning)
|raw|IIwuewiugrrt's rating: 1742 &rarr; <strong>1719<\/strong><br \/>(-23 for losing)
|player|p2