|join|Reverb
|join|Horsea Whisperer
|c|★Horsea Whisperer|hf
|join|I'm Bi...sharp
|player|p1|Reverb|#reverb
|player|p2|Horsea Whisperer|2
|gametype|singles
|gen|6
|tier|OU
|rated
|clearpoke
|poke|p1|Celebi
|poke|p1|Heatran, F
|poke|p1|Gardevoir, F
|poke|p1|Keldeo
|poke|p1|Landorus-Therian, M
|poke|p1|Raikou
|poke|p2|Tyranitar, M
|poke|p2|Excadrill, M
|poke|p2|Thundurus, M
|poke|p2|Keldeo
|poke|p2|Ferrothorn, M
|poke|p2|Clefable, F
|rule|Swagger Clause: Swagger is banned
|rule|Baton Pass Clause: Limit one Pokémon knowing Baton Pass
|rule|Sleep Clause Mod: Limit one foe put to sleep
|rule|Species Clause: Limit one of each Pokémon
|rule|OHKO Clause: OHKO moves are banned
|rule|Moody Clause: Moody is banned
|rule|Evasion Moves Clause: Evasion moves are banned
|rule|Endless Battle Clause: Forcing endless battles is banned
|rule|HP Percentage Mod: HP is shown in percentages
|teampreview
|c|★Horsea Whisperer|hf
|join|Demandred
|join|gizmo
|
|start
|switch|p1a: Landorus-Therian|Landorus-Therian, M|382\/382
|switch|p2a: Thundurus|Thundurus, M|299\/299
|-ability|p1a: Landorus-Therian|Intimidate|[of] p2a: Thundurus
|-unboost|p2a: Thundurus|atk|1
|turn|1
|
|switch|p2a: Ferrothorn|Ferrothorn, M|352\/352
|switch|p1a: Heatran|Heatran, F|323\/323
|
|turn|2
|c|★Horsea Whisperer|nice
|
|switch|p1a: Landorus-Therian|Landorus-Therian, M|382\/382
|-ability|p1a: Landorus-Therian|Intimidate|[of] p2a: Ferrothorn
|-unboost|p2a: Ferrothorn|atk|1
|switch|p2a: Tyranitar|Tyranitar, M|341\/341
|-weather|Sandstorm
|
|-weather|Sandstorm|[upkeep]
|turn|3
|
|switch|p2a: Ferrothorn|Ferrothorn, M|352\/352
|move|p1a: Landorus-Therian|Stealth Rock|p2a: Ferrothorn
|-sidestart|p2: Horsea Whisperer|move: Stealth Rock
|
|-weather|Sandstorm|[upkeep]
|turn|4
|
|move|p1a: Landorus-Therian|U-turn|p2a: Ferrothorn
|-damage|p2a: Ferrothorn|293\/352
|-damage|p1a: Landorus-Therian|335\/382|[from] ability: Iron Barbs|[of] p2a: Ferrothorn
|
|switch|p1a: Celebi|Celebi|361\/361
|move|p2a: Ferrothorn|Stealth Rock|p1a: Celebi
|-sidestart|p1: Reverb|move: Stealth Rock
|
|-weather|Sandstorm|[upkeep]
|-damage|p1a: Celebi|339\/361|[from] sandstorm
|-heal|p2a: Ferrothorn|315\/352|[from] item: Leftovers
|turn|5
|
|move|p1a: Celebi|Hidden Power|p2a: Ferrothorn
|-supereffective|p2a: Ferrothorn
|-damage|p2a: Ferrothorn|104\/352
|move|p2a: Ferrothorn|Spikes|p1a: Celebi
|-sidestart|p1: Reverb|Spikes
|
|-weather|Sandstorm|[upkeep]
|-damage|p1a: Celebi|317\/361|[from] sandstorm
|-heal|p2a: Ferrothorn|126\/352|[from] item: Leftovers
|turn|6
|
|move|p1a: Celebi|Hidden Power|p2a: Ferrothorn
|-supereffective|p2a: Ferrothorn
|-damage|p2a: Ferrothorn|0 fnt
|faint|p2a: Ferrothorn
|
|-weather|none
|
|switch|p2a: Thundurus|Thundurus, M|299\/299
|-damage|p2a: Thundurus|225\/299|[from] Stealth Rock
|turn|7
|
|switch|p1a: Raikou|Raikou|321\/321
|-damage|p1a: Raikou|281\/321|[from] Spikes
|-damage|p1a: Raikou|241\/321|[from] Stealth Rock
|-ability|p1a: Raikou|Pressure
|move|p2a: Thundurus|Hidden Power|p1a: Raikou
|-damage|p1a: Raikou|179\/321
|-damage|p2a: Thundurus|196\/299|[from] item: Life Orb
|
|turn|8
|
|switch|p1a: Heatran|Heatran, F|323\/323
|-damage|p1a: Heatran|283\/323|[from] Spikes
|-damage|p1a: Heatran|243\/323|[from] Stealth Rock
|switch|p2a: Tyranitar|Tyranitar, M|341\/341
|-damage|p2a: Tyranitar|299\/341|[from] Stealth Rock
|-weather|Sandstorm
|
|-weather|Sandstorm|[upkeep]
|turn|9
|join|CleanerThanRotom-W
|
|switch|p1a: Keldeo|Keldeo|322\/322
|-damage|p1a: Keldeo|282\/322|[from] Spikes
|-damage|p1a: Keldeo|262\/322|[from] Stealth Rock
|detailschange|p2a: Tyranitar|Tyranitar-Mega, M
|-mega|p2a: Tyranitar|Tyranitar|Tyranitarite
|move|p2a: Tyranitar|Stone Edge|p1a: Keldeo|[miss]
|-miss|p2a: Tyranitar|p1a: Keldeo
|
|-weather|Sandstorm|[upkeep]
|-damage|p1a: Keldeo|242\/322|[from] sandstorm
|turn|10
|c| CleanerThanRotom-W|i need some variation, wanna battle me reverb? imma use offense
|c|★Reverb|ok
|c| CleanerThanRotom-W|cool
|c|★Reverb|once this is done
|c| CleanerThanRotom-W|ok
|join|yuy
|
|switch|p2a: Clefable|Clefable, F|394\/394
|-damage|p2a: Clefable|345\/394|[from] Stealth Rock
|move|p1a: Keldeo|Scald|p2a: Clefable
|-damage|p2a: Clefable|120\/394
|
|-weather|Sandstorm|[upkeep]
|-damage|p1a: Keldeo|222\/322|[from] sandstorm
|-damage|p2a: Clefable|96\/394|[from] sandstorm
|-heal|p2a: Clefable|120\/394|[from] item: Leftovers
|turn|11
|
|move|p2a: Clefable|Protect|p2a: Clefable
|-singleturn|p2a: Clefable|Protect
|move|p1a: Keldeo|Scald|p2a: Clefable
|-activate|p2a: Clefable|Protect
|
|-weather|Sandstorm|[upkeep]
|-damage|p1a: Keldeo|202\/322|[from] sandstorm
|-damage|p2a: Clefable|96\/394|[from] sandstorm
|-heal|p2a: Clefable|120\/394|[from] item: Leftovers
|turn|12
|
|switch|p2a: Keldeo|Keldeo|323\/323
|-damage|p2a: Keldeo|303\/323|[from] Stealth Rock
|move|p1a: Keldeo|Scald|p2a: Keldeo
|-resisted|p2a: Keldeo
|-damage|p2a: Keldeo|190\/323
|
|-weather|none
|turn|13
|join|Appreciation
|
|switch|p1a: Celebi|Celebi|317\/361
|-damage|p1a: Celebi|272\/361|[from] Stealth Rock
|-damage|p1a: Celebi|227\/361|[from] Spikes
|move|p2a: Keldeo|Icy Wind|p1a: Celebi
|-supereffective|p1a: Celebi
|-damage|p1a: Celebi|21\/361
|-unboost|p1a: Celebi|spe|1
|
|turn|14
|join|anchorage
|join|sallmo
|leave|Appreciation
|
|switch|p1a: Heatran|Heatran, F|243\/323
|-damage|p1a: Heatran|203\/323|[from] Spikes
|-damage|p1a: Heatran|163\/323|[from] Stealth Rock
|move|p2a: Keldeo|Icy Wind|p1a: Heatran
|-resisted|p1a: Heatran
|-damage|p1a: Heatran|142\/323
|-unboost|p1a: Heatran|spe|1
|
|turn|15
|
|switch|p2a: Clefable|Clefable, F|120\/394
|-damage|p2a: Clefable|71\/394|[from] Stealth Rock
|move|p1a: Heatran|Flash Cannon|p2a: Clefable
|-supereffective|p2a: Clefable
|-damage|p2a: Clefable|0 fnt
|faint|p2a: Clefable
|
|
|switch|p2a: Keldeo|Keldeo|190\/323
|-damage|p2a: Keldeo|170\/323|[from] Stealth Rock
|turn|16
|
|switch|p1a: Celebi|Celebi|21\/361
|-damage|p1a: Celebi|0 fnt|[from] Stealth Rock
|faint|p1a: Celebi
|move|p2a: Keldeo|Secret Sword|p1: Celebi|[notarget]
|-notarget
|
|join|471V3
|
|switch|p1a: Gardevoir|Gardevoir, F|277\/277
|-damage|p1a: Gardevoir|243\/277|[from] Spikes
|-damage|p1a: Gardevoir|209\/277|[from] Stealth Rock
|-ability|p1a: Gardevoir|Justified|[from] ability: Trace|[of] p2a: Keldeo
|turn|17
|
|detailschange|p1a: Gardevoir|Gardevoir-Mega, F
|-mega|p1a: Gardevoir|Gardevoir|Gardevoirite
|move|p2a: Keldeo|Secret Sword|p1a: Gardevoir
|-resisted|p1a: Gardevoir
|-damage|p1a: Gardevoir|132\/277
|move|p1a: Gardevoir|Hyper Voice|p2a: Keldeo
|-supereffective|p2a: Keldeo
|-damage|p2a: Keldeo|0 fnt
|faint|p2a: Keldeo
|
|
|switch|p2a: Excadrill|Excadrill, M|361\/361
|-damage|p2a: Excadrill|350\/361|[from] Stealth Rock
|-item|p2a: Excadrill|Air Balloon
|turn|18
|
|move|p1a: Gardevoir|Focus Blast|p2a: Excadrill
|-crit|p2a: Excadrill
|-supereffective|p2a: Excadrill
|-damage|p2a: Excadrill|0 fnt
|-enditem|p2a: Excadrill|Air Balloon
|faint|p2a: Excadrill
|
|join|A2tehBR
|
|switch|p2a: Thundurus|Thundurus, M|196\/299
|-damage|p2a: Thundurus|122\/299|[from] Stealth Rock
|turn|19
|
|move|p2a: Thundurus|Thunderbolt|p1a: Gardevoir
|-damage|p1a: Gardevoir|0 fnt
|-damage|p2a: Thundurus|93\/299|[from] item: Life Orb
|faint|p1a: Gardevoir
|
|
|switch|p1a: Raikou|Raikou|179\/321
|-damage|p1a: Raikou|139\/321|[from] Spikes
|-damage|p1a: Raikou|99\/321|[from] Stealth Rock
|-ability|p1a: Raikou|Pressure
|turn|20
|c|★Horsea Whisperer|gg
|
|switch|p2a: Tyranitar|Tyranitar-Mega, M|299\/341
|-damage|p2a: Tyranitar|257\/341|[from] Stealth Rock
|-weather|Sandstorm
|move|p1a: Raikou|Volt Switch|p2a: Tyranitar
|-damage|p2a: Tyranitar|194\/341
|c|★Reverb|gg
|c| A2tehBR|is that a mega ttar?
|c| A2tehBR|those exist?
|
|switch|p1a: Keldeo|Keldeo|202\/322
|-damage|p1a: Keldeo|182\/322|[from] Stealth Rock
|-damage|p1a: Keldeo|142\/322|[from] Spikes
|
|-weather|Sandstorm|[upkeep]
|-damage|p1a: Keldeo|122\/322|[from] sandstorm
|turn|21
|join|Glorious Advance
|
|move|p1a: Keldeo|Secret Sword|p2a: Tyranitar
|-supereffective|p2a: Tyranitar
|-damage|p2a: Tyranitar|0 fnt
|faint|p2a: Tyranitar
|
|-weather|Sandstorm|[upkeep]
|-damage|p1a: Keldeo|102\/322|[from] sandstorm
|
|switch|p2a: Thundurus|Thundurus, M|93\/299
|-damage|p2a: Thundurus|19\/299|[from] Stealth Rock
|turn|22
|
|move|p2a: Thundurus|Thunderbolt|p1a: Keldeo
|-supereffective|p1a: Keldeo
|-damage|p1a: Keldeo|0 fnt
|-damage|p2a: Thundurus|0 fnt|[from] item: Life Orb
|faint|p1a: Keldeo
|faint|p2a: Thundurus
|
|win|Reverb
|raw|Ladder updating...
|raw|Reverb's rating: 1756 &rarr; <strong>1768<\/strong><br \/>(+12 for winning)
|raw|Horsea Whisperer's rating: 1605 &rarr; <strong>1593<\/strong><br \/>(-12 for losing)
|leave|471V3
