|join|Fabio96
|join|Reverb
|player|p1|Fabio96|153
|player|p2|Reverb|#reverb
|gametype|singles
|gen|6
|tier|OU
|rated
|clearpoke
|poke|p1|Garchomp, M
|poke|p1|Thundurus, M
|poke|p1|Gardevoir, F
|poke|p1|Azumarill, M
|poke|p1|Scizor, M
|poke|p1|Latias, F
|poke|p2|Lopunny, F
|poke|p2|Celebi
|poke|p2|Tyranitar, F
|poke|p2|Keldeo
|poke|p2|Landorus-Therian, M
|poke|p2|Empoleon, F
|rule|Swagger Clause: Swagger is banned
|rule|Baton Pass Clause: Limit one Pokémon knowing Baton Pass
|rule|Sleep Clause Mod: Limit one foe put to sleep
|rule|Species Clause: Limit one of each Pokémon
|rule|OHKO Clause: OHKO moves are banned
|rule|Moody Clause: Moody is banned
|rule|Evasion Moves Clause: Evasion moves are banned
|rule|Endless Battle Clause: Forcing endless battles is banned
|rule|HP Percentage Mod: HP is shown in percentages
|teampreview
|join|Void
|join|FUQ GLISCORE
|join|ryzed
|join|DOGE EBINEST
|join|Mistaken
|
|start
|switch|p1a: Gimmy|Garchomp, M|420\/420
|switch|p2a: Lopunny|Lopunny, F|271\/271
|turn|1
|join|Alvadora
|join|Omegasization
|
|detailschange|p2a: Lopunny|Lopunny-Mega, F
|-mega|p2a: Lopunny|Lopunny|Lopunnite
|move|p2a: Lopunny|Fake Out|p1a: Gimmy
|-damage|p1a: Gimmy|366\/420
|-damage|p2a: Lopunny|238\/271|[from] ability: Rough Skin|[of] p1a: Gimmy
|-damage|p2a: Lopunny|193\/271|[from] item: Rocky Helmet|[of] p1a: Gimmy
|cant|p1a: Gimmy|flinch
|
|turn|2
|join|TOTEMO
|join|Bloodz
|join|I Iike Squirtles
|
|move|p2a: Lopunny|Ice Punch|p1a: Gimmy
|-supereffective|p1a: Gimmy
|-damage|p1a: Gimmy|86\/420
|-damage|p2a: Lopunny|160\/271|[from] ability: Rough Skin|[of] p1a: Gimmy
|-damage|p2a: Lopunny|115\/271|[from] item: Rocky Helmet|[of] p1a: Gimmy
|move|p1a: Gimmy|Hidden Power|p2a: Lopunny
|-damage|p2a: Lopunny|70\/271
|
|turn|3
|
|move|p2a: Lopunny|High Jump Kick|p1a: Gimmy
|-damage|p1a: Gimmy|0 fnt
|-damage|p2a: Lopunny|37\/271|[from] ability: Rough Skin|[of] p1a: Gimmy
|-damage|p2a: Lopunny|0 fnt|[from] item: Rocky Helmet|[of] p1a: Gimmy
|faint|p2a: Lopunny
|faint|p1a: Gimmy
|
|
|switch|p1a: Azu bomb|Azumarill, M|364\/364
|switch|p2a: Empoleon|Empoleon, F|371\/371
|turn|4
|join|mouse de frank
|
|move|p1a: Azu bomb|Knock Off|p2a: Empoleon
|-damage|p2a: Empoleon|254\/371
|-enditem|p2a: Empoleon|Leftovers|[from] move: Knock Off|[of] p1a: Azu bomb
|move|p2a: Empoleon|Stealth Rock|p1a: Azu bomb
|-sidestart|p1: Fabio96|move: Stealth Rock
|
|turn|5
|join|Appreciation
|c| Appreciation|why is that max hp max def chomp so common now :(
|
|switch|p1a: Red Bull|Scizor, M|344\/344
|-damage|p1a: Red Bull|301\/344|[from] Stealth Rock
|move|p2a: Empoleon|Roar|p1a: Red Bull
|drag|p1a: Zlatan|Thundurus, M|299\/299
|-damage|p1a: Zlatan|225\/299|[from] Stealth Rock
|
|turn|6
|
|switch|p2a: Celebi|Celebi|404\/404
|move|p1a: Zlatan|Thunderbolt|p2a: Celebi
|-resisted|p2a: Celebi
|-damage|p2a: Celebi|336\/404
|-status|p2a: Celebi|par
|-damage|p1a: Zlatan|196\/299|[from] item: Life Orb
|
|-heal|p2a: Celebi|361\/404 par|[from] item: Leftovers
|turn|7
|leave|Bloodz
|join|fev'
|
|move|p1a: Zlatan|Knock Off|p2a: Celebi
|-supereffective|p2a: Celebi
|-damage|p2a: Celebi|140\/404 par
|-enditem|p2a: Celebi|Leftovers|[from] move: Knock Off|[of] p1a: Zlatan
|-damage|p1a: Zlatan|167\/299|[from] item: Life Orb
|cant|p2a: Celebi|par
|
|turn|8
|
|move|p1a: Zlatan|Hidden Power|p2a: Celebi
|-supereffective|p2a: Celebi
|-damage|p2a: Celebi|13\/404 par
|-damage|p1a: Zlatan|138\/299|[from] item: Life Orb
|move|p2a: Celebi|Recover|p2a: Celebi
|-heal|p2a: Celebi|215\/404 par
|
|turn|9
|
|switch|p1a: Lady Fairy|Gardevoir, F|278\/278
|-damage|p1a: Lady Fairy|244\/278|[from] Stealth Rock
|-ability|p1a: Lady Fairy|Natural Cure|[from] ability: Trace|[of] p2a: Celebi
|move|p2a: Celebi|Recover|p2a: Celebi
|-heal|p2a: Celebi|404\/404 par
|
|turn|10
|
|switch|p2a: Empoleon|Empoleon, F|254\/371
|detailschange|p1a: Lady Fairy|Gardevoir-Mega, F
|-mega|p1a: Lady Fairy|Gardevoir|Gardevoirite
|move|p1a: Lady Fairy|Hyper Voice|p2a: Empoleon
|-resisted|p2a: Empoleon
|-damage|p2a: Empoleon|113\/371
|
|turn|11
|
|move|p1a: Lady Fairy|Hyper Voice|p2a: Empoleon
|-resisted|p2a: Empoleon
|-damage|p2a: Empoleon|0 fnt
|faint|p2a: Empoleon
|
|
|switch|p2a: Celebi|Celebi|404\/404
|turn|12
|
|move|p1a: Lady Fairy|Taunt|p2a: Celebi
|-start|p2a: Celebi|move: Taunt
|cant|p2a: Celebi|move: Taunt|Thunder Wave
|
|turn|13
|
|switch|p2a: Landorus-Therian|Landorus-Therian, M|327\/327
|-ability|p2a: Landorus-Therian|Intimidate|[of] p1a: Lady Fairy
|-unboost|p1a: Lady Fairy|atk|1
|move|p1a: Lady Fairy|Hyper Voice|p2a: Landorus-Therian
|-damage|p2a: Landorus-Therian|0 fnt
|faint|p2a: Landorus-Therian
|
|
|switch|p2a: Tyranitar|Tyranitar, F|383\/383
|-weather|Sandstorm
|turn|14
|
|move|p1a: Lady Fairy|Hyper Voice|p2a: Tyranitar
|-supereffective|p2a: Tyranitar
|-damage|p2a: Tyranitar|0 fnt
|faint|p2a: Tyranitar
|
|-weather|Sandstorm|[upkeep]
|-damage|p1a: Lady Fairy|227\/278|[from] sandstorm
|-message|Reverb forfeited.
|
|win|Fabio96
|raw|Ladder updating...
|raw|Fabio96's rating: 1584 &rarr; <strong>1608<\/strong><br \/>(+24 for winning)
|raw|Reverb's rating: 1641 &rarr; <strong>1618<\/strong><br \/>(-23 for losing)
|leave|Reverb
|player|p2
|leave|Appreciation
|leave|ryzed
|join|JEWOVEN
|leave|fev'
|leave|FUQ GLISCORE