|join|Reverb
|join|Wolf Bros
|player|p1|Reverb|#reverb
|player|p2|Wolf Bros|168
|gametype|singles
|gen|6
|tier|OU
|rated
|clearpoke
|poke|p1|Lopunny, M
|poke|p1|Celebi
|poke|p1|Tyranitar, F
|poke|p1|Keldeo
|poke|p1|Landorus-Therian, M
|poke|p1|Empoleon, M
|poke|p2|Sableye, F
|poke|p2|Excadrill, M
|poke|p2|Manaphy
|poke|p2|Gliscor, M
|poke|p2|Talonflame, F
|poke|p2|Clefable, F
|rule|Swagger Clause: Swagger is banned
|rule|Baton Pass Clause: Limit one Pokémon knowing Baton Pass
|rule|Sleep Clause Mod: Limit one foe put to sleep
|rule|Species Clause: Limit one of each Pokémon
|rule|OHKO Clause: OHKO moves are banned
|rule|Moody Clause: Moody is banned
|rule|Evasion Moves Clause: Evasion moves are banned
|rule|Endless Battle Clause: Forcing endless battles is banned
|rule|HP Percentage Mod: HP is shown in percentages
|teampreview
|join|Chillingtilnoon
|c| Chillingtilnoon|lol
|join|Big Brandon Carter
|c|★Reverb|hf
|join|Alvadora
|c| Chillingtilnoon|i join brandons game i find wolf
|c| Chillingtilnoon|i join reverbs
|c| Chillingtilnoon|i find wolf
|c|★Wolf Bros|hahahaha
|c|★Wolf Bros|yy
|c|★Reverb|he's omnipresent
|
|start
|switch|p1a: Keldeo|Keldeo|323\/323
|switch|p2a: Gliscor|Gliscor, M|353\/353
|turn|1
|
|switch|p1a: Empoleon|Empoleon, M|371\/371
|move|p2a: Gliscor|Stealth Rock|p1a: Empoleon
|-sidestart|p1: Reverb|move: Stealth Rock
|
|-status|p2a: Gliscor|tox|[from] item: Toxic Orb
|turn|2
|join|MolleteLADD
|c|★Reverb|omg
|c|★Reverb|lol
|c| Chillingtilnoon|i just played him using a test team with dragalge and he beat me and was talking serious trash
|c|★Wolf Bros|;p
|c|★Reverb|that was such a huge risk
|c|★Reverb|i cant believe you did that
|
|move|p2a: Gliscor|Taunt|p1a: Empoleon
|-start|p1a: Empoleon|move: Taunt
|move|p1a: Empoleon|Scald|p2a: Gliscor
|-supereffective|p2a: Gliscor
|-damage|p2a: Gliscor|105\/353 tox
|
|-heal|p2a: Gliscor|149\/353 tox|[from] ability: Poison Heal
|turn|3
|c|★Wolf Bros|i know haha
|
|move|p2a: Gliscor|U-turn|p1a: Empoleon
|-resisted|p1a: Empoleon
|-damage|p1a: Empoleon|349\/371
|
|switch|p2a: Sableye|Sableye, F|303\/303
|move|p1a: Empoleon|Scald|p2a: Sableye
|-damage|p2a: Sableye|200\/303
|-status|p2a: Sableye|brn
|
|-heal|p1a: Empoleon|371\/371|[from] item: Leftovers
|-damage|p2a: Sableye|163\/303 brn|[from] brn
|turn|4
|join|SPL KING y4 bl0w
|c|★Reverb|like no offense dude
|c|★Reverb|but staying prolly wasnt worth it
|c|★Reverb|~_~
|
|detailschange|p2a: Sableye|Sableye-Mega, F
|-mega|p2a: Sableye|Sableye|Sablenite
|move|p2a: Sableye|Will-O-Wisp|p1a: Empoleon|[miss]
|-miss|p2a: Sableye|p1a: Empoleon
|move|p1a: Empoleon|Scald|p2a: Sableye
|-damage|p2a: Sableye|97\/303 brn
|
|-damage|p2a: Sableye|60\/303 brn|[from] brn
|-end|p1a: Empoleon|move: Taunt
|turn|5
|c|★Wolf Bros|its k ;p
|
|move|p1a: Empoleon|Scald|p2a: Sableye
|-damage|p2a: Sableye|0 fnt
|faint|p2a: Sableye
|
|
|switch|p2a: Excadrill|Excadrill, M|424\/424
|-ability|p2a: Excadrill|Mold Breaker
|turn|6
|
|switch|p1a: Landorus-Therian|Landorus-Therian, M|327\/327
|-damage|p1a: Landorus-Therian|287\/327|[from] Stealth Rock
|-ability|p1a: Landorus-Therian|Intimidate|[of] p2a: Excadrill
|-unboost|p2a: Excadrill|atk|1
|move|p2a: Excadrill|Earthquake|p1a: Landorus-Therian
|-immune|p1a: Landorus-Therian|[msg]
|
|turn|7
|
|switch|p2a: Talonflame|Talonflame, F|345\/345
|move|p1a: Landorus-Therian|U-turn|p2a: Talonflame
|-resisted|p2a: Talonflame
|-damage|p2a: Talonflame|314\/345
|
|switch|p1a: Empoleon|Empoleon, M|371\/371
|-damage|p1a: Empoleon|348\/371|[from] Stealth Rock
|
|-heal|p2a: Talonflame|335\/345|[from] item: Leftovers
|-heal|p1a: Empoleon|371\/371|[from] item: Leftovers
|turn|8
|
|switch|p2a: Manaphy|Manaphy|401\/401
|move|p1a: Empoleon|Scald|p2a: Manaphy
|-resisted|p2a: Manaphy
|-damage|p2a: Manaphy|366\/401
|
|-heal|p2a: Manaphy|391\/401|[from] item: Leftovers
|turn|9
|
|move|p2a: Manaphy|Rain Dance|p2a: Manaphy
|-weather|RainDance
|move|p1a: Empoleon|Defog|p2a: Manaphy
|-unboost|p2a: Manaphy|evasion|1
|-sideend|p1: Reverb|Stealth Rock|[from] move: Defog|[of] p1a: Empoleon
|
|-weather|RainDance|[upkeep]
|-heal|p2a: Manaphy|401\/401|[from] item: Leftovers
|turn|10
|join|Divine Rose
|
|move|p2a: Manaphy|Scald|p1a: Empoleon
|-resisted|p1a: Empoleon
|-damage|p1a: Empoleon|303\/371
|move|p1a: Empoleon|Stealth Rock|p2a: Manaphy
|-sidestart|p2: Wolf Bros|move: Stealth Rock
|
|-weather|RainDance|[upkeep]
|-heal|p1a: Empoleon|326\/371|[from] item: Leftovers
|turn|11
|
|move|p2a: Manaphy|U-turn|p1a: Empoleon
|-resisted|p1a: Empoleon
|-damage|p1a: Empoleon|305\/371
|
|switch|p2a: Excadrill|Excadrill, M|424\/424
|-damage|p2a: Excadrill|411\/424|[from] Stealth Rock
|-ability|p2a: Excadrill|Mold Breaker
|move|p1a: Empoleon|Roar|p2a: Excadrill
|drag|p2a: Gliscor|Gliscor, M|149\/353 tox
|-damage|p2a: Gliscor|105\/353 tox|[from] Stealth Rock
|
|-weather|RainDance|[upkeep]
|-heal|p1a: Empoleon|328\/371|[from] item: Leftovers
|-heal|p2a: Gliscor|149\/353 tox|[from] ability: Poison Heal
|turn|12
|
|move|p2a: Gliscor|Stealth Rock|p1a: Empoleon
|-sidestart|p1: Reverb|move: Stealth Rock
|move|p1a: Empoleon|Scald|p2a: Gliscor
|-supereffective|p2a: Gliscor
|-damage|p2a: Gliscor|0 fnt
|faint|p2a: Gliscor
|
|-weather|RainDance|[upkeep]
|-heal|p1a: Empoleon|351\/371|[from] item: Leftovers
|
|switch|p2a: Excadrill|Excadrill, M|411\/424
|-damage|p2a: Excadrill|398\/424|[from] Stealth Rock
|-ability|p2a: Excadrill|Mold Breaker
|turn|13
|
|move|p2a: Excadrill|Rapid Spin|p1a: Empoleon
|-resisted|p1a: Empoleon
|-damage|p1a: Empoleon|342\/371
|-sideend|p2: Wolf Bros|Stealth Rock|[from] move: Rapid Spin|[of] p2a: Excadrill
|move|p1a: Empoleon|Scald|p2a: Excadrill
|-supereffective|p2a: Excadrill
|-damage|p2a: Excadrill|90\/424
|-status|p2a: Excadrill|brn
|
|-weather|none
|-heal|p2a: Excadrill|116\/424 brn|[from] item: Leftovers
|-heal|p1a: Empoleon|365\/371|[from] item: Leftovers
|-damage|p2a: Excadrill|63\/424 brn|[from] brn
|turn|14
|
|move|p2a: Excadrill|Earthquake|p1a: Empoleon
|-supereffective|p1a: Empoleon
|-damage|p1a: Empoleon|233\/371
|move|p1a: Empoleon|Defog|p2a: Excadrill
|-unboost|p2a: Excadrill|evasion|1
|-sideend|p1: Reverb|Stealth Rock|[from] move: Defog|[of] p1a: Empoleon
|
|-heal|p2a: Excadrill|89\/424 brn|[from] item: Leftovers
|-heal|p1a: Empoleon|256\/371|[from] item: Leftovers
|-damage|p2a: Excadrill|36\/424 brn|[from] brn
|turn|15
|-message|Wolf Bros forfeited.
|
|win|Reverb
|raw|Ladder updating...
|raw|Reverb's rating: 1674 &rarr; <strong>1691<\/strong><br \/>(+17 for winning)
|raw|Wolf Bros's rating: 1614 &rarr; <strong>1598<\/strong><br \/>(-16 for losing)
|leave|Wolf Bros
|player|p2