|join|Reverb
|join|SuckerforMetal
|player|p1|Reverb|#reverb
|player|p2|SuckerforMetal|170
|gametype|singles
|gen|6
|tier|OU
|rated
|clearpoke
|poke|p1|Lopunny, F
|poke|p1|Celebi
|poke|p1|Tyranitar, F
|poke|p1|Keldeo
|poke|p1|Landorus-Therian, M
|poke|p1|Empoleon, F
|poke|p2|Gengar, M, shiny
|poke|p2|Hydreigon, M
|poke|p2|Scizor, F
|poke|p2|Starmie
|poke|p2|Lopunny, F
|poke|p2|Gliscor, M
|rule|Swagger Clause: Swagger is banned
|rule|Baton Pass Clause: Limit one Pokémon knowing Baton Pass
|rule|Sleep Clause Mod: Limit one foe put to sleep
|rule|Species Clause: Limit one of each Pokémon
|rule|OHKO Clause: OHKO moves are banned
|rule|Moody Clause: Moody is banned
|rule|Evasion Moves Clause: Evasion moves are banned
|rule|Endless Battle Clause: Forcing endless battles is banned
|rule|HP Percentage Mod: HP is shown in percentages
|teampreview
|join|Hittoro
|join|Emma Bae ♥
|join|Qubae
|join|Mistaken
|join|I Iike Squirtles
|join|bluri
|join|xTraSmallDick
|join|Alvadora
|
|start
|switch|p1a: Landorus-Therian|Landorus-Therian, M|327\/327
|switch|p2a: Scizor|Scizor, F|337\/337
|-ability|p1a: Landorus-Therian|Intimidate|[of] p2a: Scizor
|-unboost|p2a: Scizor|atk|1
|turn|1
|
|move|p1a: Landorus-Therian|Earthquake|p2a: Scizor
|-damage|p2a: Scizor|132\/337
|move|p2a: Scizor|U-turn|p1a: Landorus-Therian
|-resisted|p1a: Landorus-Therian
|-damage|p1a: Landorus-Therian|254\/327
|
|switch|p2a: Gliscor|Gliscor, M|352\/352
|
|-status|p2a: Gliscor|tox|[from] item: Toxic Orb
|turn|2
|join|Escavalier
|
|switch|p1a: Empoleon|Empoleon, F|371\/371
|move|p2a: Gliscor|Stealth Rock|p1a: Empoleon
|-sidestart|p1: Reverb|move: Stealth Rock
|
|turn|3
|
|move|p2a: Gliscor|Earthquake|p1a: Empoleon
|-supereffective|p1a: Empoleon
|-damage|p1a: Empoleon|201\/371
|move|p1a: Empoleon|Scald|p2a: Gliscor
|-supereffective|p2a: Gliscor
|-damage|p2a: Gliscor|176\/352 tox
|
|-heal|p1a: Empoleon|224\/371|[from] item: Leftovers
|-heal|p2a: Gliscor|220\/352 tox|[from] ability: Poison Heal
|turn|4
|
|move|p2a: Gliscor|Earthquake|p1a: Empoleon
|-supereffective|p1a: Empoleon
|-damage|p1a: Empoleon|42\/371
|move|p1a: Empoleon|Scald|p2a: Gliscor
|-supereffective|p2a: Gliscor
|-damage|p2a: Gliscor|0 fnt
|faint|p2a: Gliscor
|
|-heal|p1a: Empoleon|65\/371|[from] item: Leftovers
|c|★SuckerforMetal|Wtf
|c| Escavalier|torrent
|c| Hittoro|oO
|c|★Reverb|torrent
|c| Hittoro|oh
|c|★Reverb|everyone forgets
|c|★SuckerforMetal|oh ok
|join|Gros orteil
|join|Void
|
|switch|p2a: Scizor|Scizor, F|132\/337
|turn|5
|join|Bloodz
|join|jefo
|
|move|p2a: Scizor|U-turn|p1a: Empoleon
|-resisted|p1a: Empoleon
|-damage|p1a: Empoleon|0 fnt
|faint|p1a: Empoleon
|
|switch|p2a: Hydreigon|Hydreigon, M|325\/325
|
|
|switch|p1a: Lopunny|Lopunny, F|271\/271
|-damage|p1a: Lopunny|238\/271|[from] Stealth Rock
|turn|6
|
|detailschange|p1a: Lopunny|Lopunny-Mega, F
|-mega|p1a: Lopunny|Lopunny|Lopunnite
|move|p1a: Lopunny|Fake Out|p2a: Hydreigon
|-damage|p2a: Hydreigon|246\/325
|cant|p2a: Hydreigon|flinch
|
|turn|7
|
|switch|p1a: Celebi|Celebi|404\/404
|-damage|p1a: Celebi|354\/404|[from] Stealth Rock
|move|p2a: Hydreigon|Draco Meteor|p1a: Celebi|[miss]
|-miss|p2a: Hydreigon|p1a: Celebi
|
|-heal|p1a: Celebi|379\/404|[from] item: Leftovers
|turn|8
|join|slingsh0t
|
|switch|p2a: Gengar|Gengar, M, shiny|259\/259
|move|p1a: Celebi|Thunder Wave|p2a: Gengar
|-status|p2a: Gengar|par
|
|-heal|p1a: Celebi|404\/404|[from] item: Leftovers
|turn|9
|c| slingsh0t|empoleon -___
|
|move|p1a: Celebi|Psychic|p2a: Gengar
|-supereffective|p2a: Gengar
|-damage|p2a: Gengar|0 fnt
|faint|p2a: Gengar
|
|leave|slingsh0t
|
|switch|p2a: Scizor|Scizor, F|132\/337
|turn|10
|c|★SuckerforMetal|Hp fire too please
|
|switch|p1a: Landorus-Therian|Landorus-Therian, M|254\/327
|-damage|p1a: Landorus-Therian|214\/327|[from] Stealth Rock
|-ability|p1a: Landorus-Therian|Intimidate|[of] p2a: Scizor
|-unboost|p2a: Scizor|atk|1
|move|p2a: Scizor|U-turn|p1a: Landorus-Therian
|-resisted|p1a: Landorus-Therian
|-damage|p1a: Landorus-Therian|144\/327
|join|Demandred
|
|switch|p2a: Lopunny|Lopunny, F|271\/271
|
|turn|11
|leave|Bloodz
|join|bahhhhhrrrramm
|
|detailschange|p2a: Lopunny|Lopunny-Mega, F
|-mega|p2a: Lopunny|Lopunny|Lopunnite
|move|p1a: Landorus-Therian|Explosion|p2a: Lopunny
|-crit|p2a: Lopunny
|-damage|p2a: Lopunny|0 fnt
|faint|p1a: Landorus-Therian
|faint|p2a: Lopunny
|
|
|switch|p2a: Hydreigon|Hydreigon, M|246\/325
|switch|p1a: Lopunny|Lopunny-Mega, F|238\/271
|-damage|p1a: Lopunny|222\/271|[from] Stealth Rock
|turn|12
|leave|bahhhhhrrrramm
|
|switch|p2a: Scizor|Scizor, F|132\/337
|move|p1a: Lopunny|Fake Out|p2a: Scizor
|-resisted|p2a: Scizor
|-damage|p2a: Scizor|95\/337
|
|turn|13
|
|move|p2a: Scizor|Bullet Punch|p1a: Lopunny
|-damage|p1a: Lopunny|29\/271
|move|p1a: Lopunny|High Jump Kick|p2a: Scizor
|-damage|p2a: Scizor|0 fnt
|faint|p2a: Scizor
|
|
|switch|p2a: Hydreigon|Hydreigon, M|246\/325
|turn|14
|
|switch|p1a: Keldeo|Keldeo|323\/323
|-damage|p1a: Keldeo|303\/323|[from] Stealth Rock
|move|p2a: Hydreigon|U-turn|p1a: Keldeo
|-resisted|p1a: Keldeo
|-damage|p1a: Keldeo|274\/323
|join|Soul M8
|
|switch|p2a: Starmie|Starmie|261\/261
|
|turn|15
|join|Into The Wilds
|c| Soul M8|reverb, can u start the tour plz?
|
|switch|p1a: Celebi|Celebi|404\/404
|-damage|p1a: Celebi|354\/404|[from] Stealth Rock
|move|p2a: Starmie|Trick|p1a: Celebi
|-activate|p2a: Starmie|move: Trick|[of] p1a: Celebi
|-item|p1a: Celebi|Choice Specs|[from] move: Trick
|-item|p2a: Starmie|Leftovers|[from] move: Trick
|
|turn|16
|
|move|p2a: Starmie|Ice Beam|p1a: Celebi
|-supereffective|p1a: Celebi
|-damage|p1a: Celebi|216\/404
|move|p1a: Celebi|Thunder Wave|p2a: Starmie
|-status|p2a: Starmie|par
|
|turn|17
|join|Apathos
|
|move|p1a: Celebi|Thunder Wave|p2a: Starmie
|-fail|p2a: Starmie|par
|cant|p2a: Starmie|par
|
|turn|18
|
|move|p1a: Celebi|Thunder Wave|p2a: Starmie
|-fail|p2a: Starmie|par
|move|p2a: Starmie|Ice Beam|p1a: Celebi
|-supereffective|p1a: Celebi
|-damage|p1a: Celebi|84\/404
|
|turn|19
|
|move|p1a: Celebi|Thunder Wave|p2a: Starmie
|-fail|p2a: Starmie|par
|move|p2a: Starmie|Ice Beam|p1a: Celebi
|-supereffective|p1a: Celebi
|-damage|p1a: Celebi|0 fnt
|faint|p1a: Celebi
|
|c| Soul M8|??
|
|switch|p1a: Tyranitar|Tyranitar, F|383\/383
|-damage|p1a: Tyranitar|336\/383|[from] Stealth Rock
|-weather|Sandstorm
|turn|20
|
|move|p1a: Tyranitar|Pursuit|p2a: Starmie|[from]Pursuit
|-supereffective|p2a: Starmie
|-damage|p2a: Starmie|0 fnt
|faint|p2a: Starmie
|
|-weather|Sandstorm|[upkeep]
|
|switch|p2a: Hydreigon|Hydreigon, M|246\/325
|turn|21
|
|move|p2a: Hydreigon|Earth Power|p1a: Tyranitar
|-supereffective|p1a: Tyranitar
|-damage|p1a: Tyranitar|186\/383
|move|p1a: Tyranitar|Pursuit|p2a: Hydreigon
|-crit|p2a: Hydreigon
|-resisted|p2a: Hydreigon
|-damage|p2a: Hydreigon|155\/325
|
|-weather|Sandstorm|[upkeep]
|-damage|p2a: Hydreigon|135\/325|[from] sandstorm
|turn|22
|join|PilsZ
|
|move|p2a: Hydreigon|Earth Power|p1a: Tyranitar
|-supereffective|p1a: Tyranitar
|-damage|p1a: Tyranitar|38\/383
|move|p1a: Tyranitar|Pursuit|p2a: Hydreigon
|-resisted|p2a: Hydreigon
|-damage|p2a: Hydreigon|72\/325
|
|-weather|Sandstorm|[upkeep]
|-damage|p2a: Hydreigon|52\/325|[from] sandstorm
|turn|23
|
|move|p2a: Hydreigon|Earth Power|p1a: Tyranitar
|-supereffective|p1a: Tyranitar
|-damage|p1a: Tyranitar|0 fnt
|faint|p1a: Tyranitar
|
|-weather|Sandstorm|[upkeep]
|-damage|p2a: Hydreigon|32\/325|[from] sandstorm
|
|switch|p1a: Keldeo|Keldeo|274\/323
|-damage|p1a: Keldeo|254\/323|[from] Stealth Rock
|turn|24
|leave|PilsZ
|
|move|p2a: Hydreigon|Earth Power|p1a: Keldeo
|-damage|p1a: Keldeo|120\/323
|move|p1a: Keldeo|Secret Sword|p2a: Hydreigon
|-supereffective|p2a: Hydreigon
|-damage|p2a: Hydreigon|0 fnt
|faint|p2a: Hydreigon
|
|win|Reverb
|raw|Ladder updating...
|c|★Reverb|gg
|raw|Reverb's rating: 1773 &rarr; <strong>1791<\/strong><br \/>(+18 for winning)
|raw|SuckerforMetal's rating: 1727 &rarr; <strong>1710<\/strong><br \/>(-17 for losing)
|leave|Into The Wilds
|leave|Qubae
|c|★SuckerforMetal|Gg
|leave|Escavalier
|leave|Mistaken