|join|Reverb
|join|Vardas
|player|p1|Reverb|#reverb
|player|p2|Vardas|56
|gametype|singles
|gen|6
|tier|OU
|rated
|clearpoke
|poke|p1|Lopunny, M
|poke|p1|Celebi
|poke|p1|Tyranitar, M
|poke|p1|Keldeo
|poke|p1|Landorus-Therian, M
|poke|p1|Empoleon, F
|poke|p2|Talonflame, M
|poke|p2|Trevenant, F
|poke|p2|Gastrodon, F
|poke|p2|Heatran, F
|poke|p2|Sigilyph, M
|poke|p2|Lopunny, M, shiny
|rule|Swagger Clause: Swagger is banned
|rule|Baton Pass Clause: Limit one Pokémon knowing Baton Pass
|rule|Sleep Clause Mod: Limit one foe put to sleep
|rule|Species Clause: Limit one of each Pokémon
|rule|OHKO Clause: OHKO moves are banned
|rule|Moody Clause: Moody is banned
|rule|Evasion Moves Clause: Evasion moves are banned
|rule|Endless Battle Clause: Forcing endless battles is banned
|rule|HP Percentage Mod: HP is shown in percentages
|teampreview
|join|ryzed
|
|start
|switch|p1a: Landorus-Therian|Landorus-Therian, M|327\/327
|switch|p2a: Heatran|Heatran, F|326\/326
|-ability|p1a: Landorus-Therian|Intimidate|[of] p2a: Heatran
|-unboost|p2a: Heatran|atk|1
|-item|p2a: Heatran|Air Balloon
|turn|1
|
|move|p1a: Landorus-Therian|U-turn|p2a: Heatran
|-resisted|p2a: Heatran
|-damage|p2a: Heatran|303\/326
|-enditem|p2a: Heatran|Air Balloon
|
|switch|p1a: Tyranitar|Tyranitar, M|383\/383
|-weather|Sandstorm
|move|p2a: Heatran|Stealth Rock|p1a: Tyranitar
|-sidestart|p1: Reverb|move: Stealth Rock
|
|-weather|Sandstorm|[upkeep]
|turn|2
|
|move|p2a: Heatran|Taunt|p1a: Tyranitar
|-start|p1a: Tyranitar|move: Taunt
|move|p1a: Tyranitar|Crunch|p2a: Heatran
|-damage|p2a: Heatran|66\/326
|-unboost|p2a: Heatran|def|1
|
|-weather|Sandstorm|[upkeep]
|turn|3
|
|switch|p2a: Gastrodon|Gastrodon, F|426\/426
|move|p1a: Tyranitar|Crunch|p2a: Gastrodon
|-damage|p2a: Gastrodon|203\/426
|
|-weather|Sandstorm|[upkeep]
|turn|4
|join|Andrew
|
|switch|p2a: Heatran|Heatran, F|66\/326
|move|p1a: Tyranitar|Crunch|p2a: Heatran
|-damage|p2a: Heatran|0 fnt
|faint|p2a: Heatran
|
|-weather|Sandstorm|[upkeep]
|-end|p1a: Tyranitar|move: Taunt
|join|The TurtleLord
|
|switch|p2a: Lopunny|Lopunny, M, shiny|272\/272
|turn|5
|join|Bloodz
|join|Bic Wahn
|
|switch|p1a: Landorus-Therian|Landorus-Therian, M|327\/327
|-damage|p1a: Landorus-Therian|287\/327|[from] Stealth Rock
|-ability|p1a: Landorus-Therian|Intimidate|[of] p2a: Lopunny
|-unboost|p2a: Lopunny|atk|1
|detailschange|p2a: Lopunny|Lopunny-Mega, M, shiny
|-mega|p2a: Lopunny|Lopunny|Lopunnite
|move|p2a: Lopunny|High Jump Kick|p1a: Landorus-Therian
|-resisted|p1a: Landorus-Therian
|-damage|p1a: Landorus-Therian|197\/327
|
|-weather|none
|turn|6
|join|Emma bae
|join|Tom Bus
|
|switch|p2a: Talonflame|Talonflame, M|359\/359
|move|p1a: Landorus-Therian|U-turn|p2a: Talonflame
|-resisted|p2a: Talonflame
|-damage|p2a: Talonflame|329\/359
|
|switch|p1a: Empoleon|Empoleon, F|371\/371
|-damage|p1a: Empoleon|348\/371|[from] Stealth Rock
|
|-heal|p2a: Talonflame|351\/359|[from] item: Leftovers
|-heal|p1a: Empoleon|371\/371|[from] item: Leftovers
|turn|7
|join|haunter
|join|mouse de frank
|
|switch|p2a: Trevenant|Trevenant, F|373\/373
|move|p1a: Empoleon|Scald|p2a: Trevenant
|-resisted|p2a: Trevenant
|-damage|p2a: Trevenant|334\/373
|
|turn|8
|join|Acrokid098
|leave|The TurtleLord
|
|move|p1a: Empoleon|Defog|p2a: Trevenant
|-unboost|p2a: Trevenant|evasion|1
|-sideend|p1: Reverb|Stealth Rock|[from] move: Defog|[of] p1a: Empoleon
|move|p2a: Trevenant|Will-O-Wisp|p1a: Empoleon
|-status|p1a: Empoleon|brn
|
|-damage|p1a: Empoleon|325\/371 brn|[from] brn
|turn|9
|
|move|p1a: Empoleon|Stealth Rock|p2a: Trevenant
|-sidestart|p2: Vardas|move: Stealth Rock
|move|p2a: Trevenant|Leech Seed|p1a: Empoleon
|-start|p1a: Empoleon|move: Leech Seed
|
|-heal|p1a: Empoleon|348\/371 brn|[from] item: Leftovers
|-damage|p1a: Empoleon|302\/371 brn|[from] Leech Seed|[of] p2a: Trevenant
|-heal|p2a: Trevenant|373\/373|[silent]
|-damage|p1a: Empoleon|256\/371 brn|[from] brn
|turn|10
|join|Mistaken
|
|switch|p1a: Celebi|Celebi|404\/404
|move|p2a: Trevenant|Will-O-Wisp|p1a: Celebi
|-status|p1a: Celebi|brn
|
|-damage|p1a: Celebi|354\/404 brn|[from] brn
|turn|11
|join|xTraSmallDick
|
|move|p1a: Celebi|Thunder Wave|p2a: Trevenant
|-status|p2a: Trevenant|par
|-enditem|p2a: Trevenant|Lum Berry|[eat]
|-curestatus|p2a: Trevenant|par
|move|p2a: Trevenant|Will-O-Wisp|p1a: Celebi
|-fail|p1a: Celebi|brn
|
|-heal|p1a: Celebi|379\/404 brn|[from] item: Leftovers
|-damage|p1a: Celebi|329\/404 brn|[from] brn
|-item|p2a: Trevenant|Lum Berry|[from] ability: Harvest
|turn|12
|
|move|p1a: Celebi|Baton Pass|p1a: Celebi
|
|switch|p1a: Empoleon|Empoleon, F|256\/371 brn
|move|p2a: Trevenant|Will-O-Wisp|p1a: Empoleon
|-fail|p1a: Empoleon|brn
|
|-heal|p1a: Empoleon|279\/371 brn|[from] item: Leftovers
|-damage|p1a: Empoleon|233\/371 brn|[from] brn
|turn|13
|
|move|p2a: Trevenant|Will-O-Wisp|p1a: Empoleon
|-fail|p1a: Empoleon|brn
|move|p1a: Empoleon|Roar|p2a: Trevenant
|drag|p2a: Lopunny|Lopunny-Mega, M, shiny|272\/272
|-damage|p2a: Lopunny|255\/272|[from] Stealth Rock
|
|-heal|p1a: Empoleon|256\/371 brn|[from] item: Leftovers
|-damage|p1a: Empoleon|210\/371 brn|[from] brn
|turn|14
|join|I Iike Squirtles
|
|move|p2a: Lopunny|High Jump Kick|p1a: Empoleon
|-supereffective|p1a: Empoleon
|-damage|p1a: Empoleon|0 fnt
|faint|p1a: Empoleon
|
|join|CleanerThanRotom-W
|
|switch|p1a: Keldeo|Keldeo|323\/323
|turn|15
|
|move|p2a: Lopunny|Thunder Punch|p1a: Keldeo
|-supereffective|p1a: Keldeo
|-damage|p1a: Keldeo|113\/323
|move|p1a: Keldeo|Icy Wind|p2a: Lopunny
|-damage|p2a: Lopunny|156\/272
|-unboost|p2a: Lopunny|spe|1
|
|turn|16
|
|move|p1a: Keldeo|Icy Wind|p2a: Lopunny
|-damage|p2a: Lopunny|53\/272
|-unboost|p2a: Lopunny|spe|1
|move|p2a: Lopunny|Thunder Punch|p1a: Keldeo
|-supereffective|p1a: Keldeo
|-damage|p1a: Keldeo|0 fnt
|faint|p1a: Keldeo
|
|c| Tom Bus|-
|join|Big Andrew
|
|switch|p1a: Lopunny|Lopunny, M|271\/271
|turn|17
|
|switch|p2a: Gastrodon|Gastrodon, F|203\/426
|-damage|p2a: Gastrodon|177\/426|[from] Stealth Rock
|detailschange|p1a: Lopunny|Lopunny-Mega, M
|-mega|p1a: Lopunny|Lopunny|Lopunnite
|move|p1a: Lopunny|Return|p2a: Gastrodon
|-damage|p2a: Gastrodon|0 fnt
|faint|p2a: Gastrodon
|
|c| xTraSmallDick|-
|
|switch|p2a: Sigilyph|Sigilyph, M|348\/348
|turn|18
|
|switch|p1a: Tyranitar|Tyranitar, M|383\/383
|-weather|Sandstorm
|move|p2a: Sigilyph|Roost|p2a: Sigilyph
|-fail|p2a: Sigilyph
|
|-weather|Sandstorm|[upkeep]
|-status|p2a: Sigilyph|brn|[from] item: Flame Orb
|turn|19
|
|move|p2a: Sigilyph|Psycho Shift|p1a: Tyranitar
|-status|p1a: Tyranitar|brn
|-curestatus|p2a: Sigilyph|brn
|move|p1a: Tyranitar|Crunch|p2a: Sigilyph
|-crit|p2a: Sigilyph
|-supereffective|p2a: Sigilyph
|-damage|p2a: Sigilyph|46\/348
|
|-weather|Sandstorm|[upkeep]
|-damage|p1a: Tyranitar|336\/383 brn|[from] brn
|-status|p2a: Sigilyph|brn|[from] item: Flame Orb
|turn|20
|
|move|p2a: Sigilyph|Roost|p2a: Sigilyph
|-heal|p2a: Sigilyph|220\/348 brn
|move|p1a: Tyranitar|Crunch|p2a: Sigilyph
|-supereffective|p2a: Sigilyph
|-damage|p2a: Sigilyph|8\/348 brn
|
|-weather|Sandstorm|[upkeep]
|-damage|p1a: Tyranitar|289\/383 brn|[from] brn
|turn|21
|
|move|p2a: Sigilyph|Roost|p2a: Sigilyph
|-heal|p2a: Sigilyph|182\/348 brn
|move|p1a: Tyranitar|Crunch|p2a: Sigilyph
|-supereffective|p2a: Sigilyph
|-damage|p2a: Sigilyph|0 fnt
|faint|p2a: Sigilyph
|
|-weather|Sandstorm|[upkeep]
|-damage|p1a: Tyranitar|242\/383 brn|[from] brn
|
|switch|p2a: Trevenant|Trevenant, F|373\/373
|-damage|p2a: Trevenant|327\/373|[from] Stealth Rock
|turn|22
|
|move|p1a: Tyranitar|Crunch|p2a: Trevenant
|-supereffective|p2a: Trevenant
|-damage|p2a: Trevenant|13\/373
|move|p2a: Trevenant|Leech Seed|p1a: Tyranitar
|-start|p1a: Tyranitar|move: Leech Seed
|
|-weather|none
|-damage|p1a: Tyranitar|195\/383 brn|[from] Leech Seed|[of] p2a: Trevenant
|-heal|p2a: Trevenant|60\/373|[silent]
|-damage|p1a: Tyranitar|148\/383 brn|[from] brn
|turn|23
|
|switch|p2a: Talonflame|Talonflame, M|351\/359
|-damage|p2a: Talonflame|172\/359|[from] Stealth Rock
|move|p1a: Tyranitar|Crunch|p2a: Talonflame
|-damage|p2a: Talonflame|6\/359
|
|-heal|p2a: Talonflame|28\/359|[from] item: Leftovers
|-damage|p1a: Tyranitar|101\/383 brn|[from] Leech Seed|[of] p2a: Talonflame
|-heal|p2a: Talonflame|75\/359|[silent]
|-damage|p1a: Tyranitar|54\/383 brn|[from] brn
|turn|24
|
|move|p2a: Talonflame|Roost|p2a: Talonflame
|-heal|p2a: Talonflame|255\/359
|move|p1a: Tyranitar|Crunch|p2a: Talonflame
|-damage|p2a: Talonflame|99\/359
|
|-heal|p2a: Talonflame|121\/359|[from] item: Leftovers
|-damage|p1a: Tyranitar|7\/383 brn|[from] Leech Seed|[of] p2a: Talonflame
|-heal|p2a: Talonflame|168\/359|[silent]
|-damage|p1a: Tyranitar|0 fnt|[from] brn
|faint|p1a: Tyranitar
|
|switch|p1a: Landorus-Therian|Landorus-Therian, M|197\/327
|-ability|p1a: Landorus-Therian|Intimidate|[of] p2a: Talonflame
|-unboost|p2a: Talonflame|atk|1
|turn|25
|
|move|p2a: Talonflame|Roost|p2a: Talonflame
|-heal|p2a: Talonflame|348\/359
|move|p1a: Landorus-Therian|Stone Edge|p2a: Talonflame|[miss]
|-miss|p1a: Landorus-Therian|p2a: Talonflame
|
|-heal|p2a: Talonflame|359\/359|[from] item: Leftovers
|turn|26
|c| ryzed|miss edge
|
|switch|p2a: Trevenant|Trevenant, F|60\/373
|-damage|p2a: Trevenant|14\/373|[from] Stealth Rock
|move|p1a: Landorus-Therian|Stone Edge|p2a: Trevenant
|-damage|p2a: Trevenant|0 fnt
|faint|p2a: Trevenant
|
|
|switch|p2a: Lopunny|Lopunny-Mega, M, shiny|53\/272
|-damage|p2a: Lopunny|36\/272|[from] Stealth Rock
|turn|27
|
|switch|p1a: Celebi|Celebi|329\/404
|move|p2a: Lopunny|Fake Out|p1a: Celebi
|-crit|p1a: Celebi
|-damage|p1a: Celebi|215\/404
|
|-heal|p1a: Celebi|240\/404|[from] item: Leftovers
|turn|28
|
|move|p2a: Lopunny|Frustration|p1a: Celebi
|-damage|p1a: Celebi|66\/404
|move|p1a: Celebi|Psychic|p2a: Lopunny
|-supereffective|p2a: Lopunny
|-damage|p2a: Lopunny|0 fnt
|faint|p2a: Lopunny
|
|-heal|p1a: Celebi|91\/404|[from] item: Leftovers
|
|switch|p2a: Talonflame|Talonflame, M|359\/359
|-damage|p2a: Talonflame|180\/359|[from] Stealth Rock
|turn|29
|leave|CleanerThanRotom-W
|
|move|p2a: Talonflame|Bulk Up|p2a: Talonflame
|-boost|p2a: Talonflame|atk|1
|-boost|p2a: Talonflame|def|1
|move|p1a: Celebi|Thunder Wave|p2a: Talonflame
|-status|p2a: Talonflame|par
|
|-heal|p1a: Celebi|116\/404|[from] item: Leftovers
|-heal|p2a: Talonflame|202\/359 par|[from] item: Leftovers
|turn|30
|
|move|p1a: Celebi|Psychic|p2a: Talonflame
|-damage|p2a: Talonflame|112\/359 par
|move|p2a: Talonflame|Bulk Up|p2a: Talonflame
|-boost|p2a: Talonflame|atk|1
|-boost|p2a: Talonflame|def|1
|
|-heal|p1a: Celebi|141\/404|[from] item: Leftovers
|-heal|p2a: Talonflame|134\/359 par|[from] item: Leftovers
|turn|31
|
|move|p2a: Talonflame|Roost|p2a: Talonflame
|-heal|p2a: Talonflame|314\/359 par
|move|p1a: Celebi|Baton Pass|p1a: Celebi
|
|switch|p1a: Landorus-Therian|Landorus-Therian, M|197\/327
|-ability|p1a: Landorus-Therian|Intimidate|[of] p2a: Talonflame
|-unboost|p2a: Talonflame|atk|1
|
|-heal|p2a: Talonflame|336\/359 par|[from] item: Leftovers
|turn|32
|
|move|p2a: Talonflame|Roost|p2a: Talonflame
|-heal|p2a: Talonflame|359\/359 par
|move|p1a: Landorus-Therian|Stone Edge|p2a: Talonflame
|-supereffective|p2a: Talonflame
|-damage|p2a: Talonflame|183\/359 par
|
|-heal|p2a: Talonflame|205\/359 par|[from] item: Leftovers
|turn|33
|
|move|p2a: Talonflame|Roost|p2a: Talonflame
|-heal|p2a: Talonflame|359\/359 par
|move|p1a: Landorus-Therian|Stone Edge|p2a: Talonflame
|-supereffective|p2a: Talonflame
|-damage|p2a: Talonflame|197\/359 par
|
|-heal|p2a: Talonflame|219\/359 par|[from] item: Leftovers
|turn|34
|
|cant|p2a: Talonflame|par
|move|p1a: Landorus-Therian|Stone Edge|p2a: Talonflame
|-supereffective|p2a: Talonflame
|-damage|p2a: Talonflame|0 fnt
|faint|p2a: Talonflame
|
|win|Reverb
|raw|Ladder updating...
|raw|Reverb's rating: 1755 &rarr; <strong>1762<\/strong><br \/>(+7 for winning)
|raw|Vardas's rating: 1480 &rarr; <strong>1473<\/strong><br \/>(-7 for losing)
|c|★Reverb|gg
|c|★Vardas|gg
|leave|Big Andrew
|leave|Tom Bus
|leave|Bic Wahn
|leave|Vardas
|player|p2
|leave|ryzed
|leave|haunter
|leave|mouse de frank