|join|Toraa'Strat
|join|toostrawng
|player|p1|Toraa'Strat|102
|player|p2|toostrawng|161
|gametype|singles
|gen|6
|tier|OU
|rated
|clearpoke
|poke|p1|Charizard, F
|poke|p1|Tyranitar, M
|poke|p1|Keldeo-Resolute
|poke|p1|Raikou
|poke|p1|Hippowdon, M
|poke|p1|Starmie, shiny
|poke|p2|Alakazam, M, shiny
|poke|p2|Bisharp, F
|poke|p2|Klefki, F, shiny
|poke|p2|Floatzel, F
|poke|p2|Latios, M
|poke|p2|Heracross, M
|rule|Swagger Clause: Swagger is banned
|rule|Baton Pass Clause: Limit one Pokémon knowing Baton Pass
|rule|Sleep Clause Mod: Limit one foe put to sleep
|rule|Species Clause: Limit one of each Pokémon
|rule|OHKO Clause: OHKO moves are banned
|rule|Moody Clause: Moody is banned
|rule|Evasion Moves Clause: Evasion moves are banned
|rule|Endless Battle Clause: Forcing endless battles is banned
|rule|HP Percentage Mod: HP is shown in percentages
|teampreview
|c|★Toraa'Strat|Gl, hf.
Toraa'Strat made this room hidden.
|
|start
|switch|p1a: Wallest Than A Wal|Hippowdon, M|420\/420
|switch|p2a: Mobius-1|Latios, M|301\/301
|turn|1
|
|move|p2a: Mobius-1|Draco Meteor|p1a: Wallest Than A Wal
|-damage|p1a: Wallest Than A Wal|161\/420
|-unboost|p2a: Mobius-1|spa|2
|move|p1a: Wallest Than A Wal|Slack Off|p1a: Wallest Than A Wal
|-heal|p1a: Wallest Than A Wal|371\/420
|
|-heal|p1a: Wallest Than A Wal|397\/420|[from] item: Leftovers
|turn|2
|
|switch|p2a: Kairi|Klefki, F, shiny|318\/318
|move|p1a: Wallest Than A Wal|Stealth Rock|p2a: Kairi
|-sidestart|p2: toostrawng|move: Stealth Rock
|
|-heal|p1a: Wallest Than A Wal|420\/420|[from] item: Leftovers
|turn|3
|
|move|p2a: Kairi|Reflect|p2a: Kairi
|-sidestart|p2: toostrawng|Reflect
|move|p1a: Wallest Than A Wal|Earthquake|p2a: Kairi
|-supereffective|p2a: Kairi
|-damage|p2a: Kairi|201\/318
|
|turn|4
|
|move|p2a: Kairi|Spikes|p1a: Wallest Than A Wal
|-sidestart|p1: Toraa'Strat|Spikes
|move|p1a: Wallest Than A Wal|Earthquake|p2a: Kairi
|-crit|p2a: Kairi
|-supereffective|p2a: Kairi
|-damage|p2a: Kairi|0 fnt
|faint|p2a: Kairi
|
|
|switch|p2a: California|Floatzel, F|374\/374
|-damage|p2a: California|328\/374|[from] Stealth Rock
|turn|5
|
|switch|p1a: Keldeo See Me|Starmie, shiny|324\/324
|-damage|p1a: Keldeo See Me|284\/324|[from] Spikes
|move|p2a: California|Bulk Up|p2a: California
|-boost|p2a: California|atk|1
|-boost|p2a: California|def|1
|
|-heal|p2a: California|351\/374|[from] item: Leftovers
|-heal|p1a: Keldeo See Me|304\/324|[from] item: Leftovers
|turn|6
|
|move|p2a: California|Waterfall|p1a: Keldeo See Me
|-resisted|p1a: Keldeo See Me
|-damage|p1a: Keldeo See Me|242\/324
|move|p1a: Keldeo See Me|Rapid Spin|p2a: California
|-crit|p2a: California
|-damage|p2a: California|324\/374
|-sideend|p1: Toraa'Strat|Spikes|[from] move: Rapid Spin|[of] p1a: Keldeo See Me
|
|-heal|p2a: California|347\/374|[from] item: Leftovers
|-heal|p1a: Keldeo See Me|262\/324|[from] item: Leftovers
|turn|7
|
|switch|p1a: Forgot Me...|Raikou|321\/321
|-ability|p1a: Forgot Me...|Pressure
|move|p2a: California|Waterfall|p1a: Forgot Me...
|-damage|p1a: Forgot Me...|147\/321
|
|-heal|p2a: California|370\/374|[from] item: Leftovers
|turn|8
|
|move|p2a: California|Waterfall|p1a: Forgot Me...
|-damage|p1a: Forgot Me...|0 fnt
|faint|p1a: Forgot Me...
|
|-heal|p2a: California|374\/374|[from] item: Leftovers
|c|★Toraa'Strat|Speed tie win
|
|switch|p1a: World Is Byutiful|Charizard, F|297\/297
|turn|9
|
|detailschange|p1a: World Is Byutiful|Charizard-Mega-Y, F
|-mega|p1a: World Is Byutiful|Charizard|Charizardite Y
|-weather|SunnyDay
|move|p2a: California|Waterfall|p1a: World Is Byutiful
|-supereffective|p1a: World Is Byutiful
|-damage|p1a: World Is Byutiful|85\/297
|move|p1a: World Is Byutiful|Solar Beam|p2a: California|[still]
|-prepare|p1a: World Is Byutiful|Solar Beam|p2a: California
|-anim|p1a: World Is Byutiful|Solar Beam|p2a: California
|-crit|p2a: California
|-supereffective|p2a: California
|-damage|p2a: California|0 fnt
|faint|p2a: California
|
|-weather|SunnyDay|[upkeep]
|
|switch|p2a: Sage|Alakazam, M, shiny|252\/252
|turn|10
|
|detailschange|p2a: Sage|Alakazam-Mega, M, shiny
|-mega|p2a: Sage|Alakazam|Alakazite
|-ability|p2a: Sage|Drought|[from] ability: Trace|[of] p1a: World Is Byutiful
|move|p2a: Sage|Psychic|p1a: World Is Byutiful
|-damage|p1a: World Is Byutiful|0 fnt
|faint|p1a: World Is Byutiful
|
|-weather|SunnyDay|[upkeep]
|-sideend|p2: toostrawng|Reflect
|
|switch|p1a: No Way...|Tyranitar, M|341\/341
|-weather|Sandstorm
|turn|11
|
|move|p2a: Sage|Protect|p2a: Sage
|-singleturn|p2a: Sage|Protect
|move|p1a: No Way...|Crunch|p2a: Sage
|-activate|p2a: Sage|Protect
|
|-weather|Sandstorm|[upkeep]
|-damage|p2a: Sage|237\/252|[from] sandstorm
|turn|12
|
|switch|p2a: Beetleborg|Heracross, M|327\/327
|-damage|p2a: Beetleborg|287\/327|[from] Stealth Rock
|move|p1a: No Way...|Crunch|p2a: Beetleborg
|-resisted|p2a: Beetleborg
|-damage|p2a: Beetleborg|195\/327
|
|-weather|Sandstorm|[upkeep]
|-damage|p2a: Beetleborg|175\/327|[from] sandstorm
|turn|13
|
|switch|p1a: Keldeo See Me|Starmie, shiny|262\/324
|move|p2a: Beetleborg|Knock Off|p1a: Keldeo See Me
|-supereffective|p1a: Keldeo See Me
|-damage|p1a: Keldeo See Me|70\/324
|-enditem|p1a: Keldeo See Me|Leftovers|[from] move: Knock Off|[of] p2a: Beetleborg
|
|-weather|Sandstorm|[upkeep]
|-damage|p1a: Keldeo See Me|50\/324|[from] sandstorm
|-damage|p2a: Beetleborg|155\/327|[from] sandstorm
|turn|14
|
|move|p1a: Keldeo See Me|Psyshock|p2a: Beetleborg
|-supereffective|p2a: Beetleborg
|-damage|p2a: Beetleborg|0 fnt
|faint|p2a: Beetleborg
|
|-weather|Sandstorm|[upkeep]
|-damage|p1a: Keldeo See Me|30\/324|[from] sandstorm
|
|switch|p2a: Kuvira|Bisharp, F|271\/271
|-damage|p2a: Kuvira|255\/271|[from] Stealth Rock
|turn|15
|
|move|p1a: Keldeo See Me|Scald|p2a: Kuvira
|-damage|p2a: Kuvira|125\/271
|-status|p2a: Kuvira|brn
|-enditem|p2a: Kuvira|Lum Berry|[eat]
|-curestatus|p2a: Kuvira|brn
|move|p2a: Kuvira|Swords Dance|p2a: Kuvira
|-boost|p2a: Kuvira|atk|2
|
|-weather|none
|turn|16
|
|move|p2a: Kuvira|Sucker Punch|p1a: Keldeo See Me
|-fail|p1a: Keldeo See Me
|move|p1a: Keldeo See Me|Recover|p1a: Keldeo See Me
|-heal|p1a: Keldeo See Me|192\/324
|
|turn|17
|
|move|p2a: Kuvira|Sucker Punch|p1a: Keldeo See Me
|-fail|p1a: Keldeo See Me
|move|p1a: Keldeo See Me|Recover|p1a: Keldeo See Me
|-heal|p1a: Keldeo See Me|324\/324
|
|turn|18
|
|move|p2a: Kuvira|Sucker Punch|p1a: Keldeo See Me
|-fail|p1a: Keldeo See Me
|move|p1a: Keldeo See Me|Recover|p1a: Keldeo See Me
|-fail|p1a: Keldeo See Me
|
|turn|19
|
|move|p2a: Kuvira|Sucker Punch|p1a: Keldeo See Me
|-supereffective|p1a: Keldeo See Me
|-damage|p1a: Keldeo See Me|0 fnt
|faint|p1a: Keldeo See Me
|
|
|switch|p1a: Sky At Night...|Keldeo-Resolute|323\/323
|turn|20
|
|move|p2a: Kuvira|Sucker Punch|p1a: Sky At Night...
|-resisted|p1a: Sky At Night...
|-damage|p1a: Sky At Night...|179\/323
|-boost|p1a: Sky At Night...|atk|1|[from] ability: Justified
|move|p1a: Sky At Night...|Scald|p2a: Kuvira
|-damage|p2a: Kuvira|0 fnt
|faint|p2a: Kuvira
|
|
|switch|p2a: Sage|Alakazam-Mega, M, shiny|237\/252
|-damage|p2a: Sage|206\/252|[from] Stealth Rock
|-ability|p2a: Sage|Justified|[from] ability: Trace|[of] p1a: Sky At Night...
|turn|21
|c|★Toraa'Strat|Fr ?
|
|move|p2a: Sage|Psychic|p1a: Sky At Night...
|-supereffective|p1a: Sky At Night...
|-damage|p1a: Sky At Night...|0 fnt
|faint|p1a: Sky At Night...
|
|
|switch|p1a: No Way...|Tyranitar, M|341\/341
|-weather|Sandstorm
|turn|22
|c|★toostrawng|??
|c|★Toraa'Strat|Pour le pseudo.
|c|★Toraa'Strat|;)
|
|move|p2a: Sage|Focus Blast|p1a: No Way...
|-supereffective|p1a: No Way...
|-damage|p1a: No Way...|0 fnt
|faint|p1a: No Way...
|
|-weather|Sandstorm|[upkeep]
|-damage|p2a: Sage|191\/252|[from] sandstorm
|
|switch|p1a: Wallest Than A Wal|Hippowdon, M|420\/420
|turn|23
|
|move|p2a: Sage|Psychic|p1a: Wallest Than A Wal
|-damage|p1a: Wallest Than A Wal|195\/420
|move|p1a: Wallest Than A Wal|Earthquake|p2a: Sage
|-damage|p2a: Sage|0 fnt
|faint|p2a: Sage
|
|-weather|Sandstorm|[upkeep]
|-heal|p1a: Wallest Than A Wal|221\/420|[from] item: Leftovers
|
|switch|p2a: Mobius-1|Latios, M|301\/301
|-damage|p2a: Mobius-1|264\/301|[from] Stealth Rock
|turn|24
|
|move|p2a: Mobius-1|Draco Meteor|p1a: Wallest Than A Wal
|-damage|p1a: Wallest Than A Wal|0 fnt
|-unboost|p2a: Mobius-1|spa|2
|faint|p1a: Wallest Than A Wal
|
|win|toostrawng
|raw|Ladder updating...
|c|★Toraa'Strat|Rofl
|raw|Toraa&apos;Strat's rating: 1524 &rarr; <strong>1498<\/strong><br \/>(-26 for losing)
|raw|toostrawng's rating: 1419 &rarr; <strong>1445<\/strong><br \/>(+26 for winning)
|leave|Toraa'Strat
|player|p1