|join|WishMker
|join|Zexaeon
|player|p1|WishMker|192
|player|p2|Zexaeon|99
|gametype|singles
|gen|6
|tier|OU
|rated
|clearpoke
|poke|p1|Scizor, F
|poke|p1|Vaporeon, M
|poke|p1|Scolipede, M
|poke|p1|Landorus-Therian, M
|poke|p1|Togekiss, M
|poke|p1|Starmie
|poke|p2|Talonflame, F
|poke|p2|Medicham, M, shiny
|poke|p2|Dragonite, F
|poke|p2|Greninja, M, shiny
|poke|p2|Scizor, M
|poke|p2|Azumarill, F
|rule|Swagger Clause: Swagger is banned
|rule|Baton Pass Clause: Limit one Pokémon knowing Baton Pass
|rule|Sleep Clause Mod: Limit one foe put to sleep
|rule|Species Clause: Limit one of each Pokémon
|rule|OHKO Clause: OHKO moves are banned
|rule|Moody Clause: Moody is banned
|rule|Evasion Moves Clause: Evasion moves are banned
|rule|Endless Battle Clause: Forcing endless battles is banned
|rule|HP Percentage Mod: HP is shown in percentages
|teampreview
|
|start
|switch|p1a: Landorus-Therian|Landorus-Therian, M|381\/381
|switch|p2a: Arahabaki|Medicham, M, shiny|261\/261
|-ability|p1a: Landorus-Therian|Intimidate|[of] p2a: Arahabaki
|-unboost|p2a: Arahabaki|atk|1
|turn|1
|
|switch|p1a: Scizor|Scizor, F|343\/343
|detailschange|p2a: Arahabaki|Medicham-Mega, M, shiny
|-mega|p2a: Arahabaki|Medicham|Medichamite
|move|p2a: Arahabaki|Fake Out|p1a: Scizor
|-resisted|p1a: Scizor
|-damage|p1a: Scizor|316\/343
|
|turn|2
|
|switch|p2a: Dynablade|Talonflame, F|360\/360
|detailschange|p1a: Scizor|Scizor-Mega, F
|-mega|p1a: Scizor|Scizor|Scizorite
|move|p1a: Scizor|Bug Bite|p2a: Dynablade
|-resisted|p2a: Dynablade
|-damage|p2a: Dynablade|307\/360
|
|-heal|p2a: Dynablade|329\/360|[from] item: Leftovers
|turn|3
|
|switch|p1a: Vaporeon|Vaporeon, M|464\/464
|move|p2a: Dynablade|Bulk Up|p2a: Dynablade
|-boost|p2a: Dynablade|atk|1
|-boost|p2a: Dynablade|def|1
|
|-heal|p2a: Dynablade|351\/360|[from] item: Leftovers
|turn|4
|
|switch|p2a: Zuzu|Azumarill, F|403\/403
|move|p1a: Vaporeon|Toxic|p2a: Zuzu
|-status|p2a: Zuzu|tox
|
|-damage|p2a: Zuzu|378\/403 tox|[from] psn
|turn|5
|
|switch|p1a: Scizor|Scizor-Mega, F|316\/343
|move|p2a: Zuzu|Play Rough|p1a: Scizor
|-resisted|p1a: Scizor
|-damage|p1a: Scizor|247\/343
|
|-damage|p2a: Zuzu|328\/403 tox|[from] psn
|turn|6
|
|switch|p2a: Dynablade|Talonflame, F|351\/360
|move|p1a: Scizor|Bullet Punch|p2a: Dynablade
|-resisted|p2a: Dynablade
|-damage|p2a: Dynablade|275\/360
|
|-heal|p2a: Dynablade|297\/360|[from] item: Leftovers
|turn|7
|
|switch|p1a: Landorus-Therian|Landorus-Therian, M|381\/381
|-ability|p1a: Landorus-Therian|Intimidate|[of] p2a: Dynablade
|-unboost|p2a: Dynablade|atk|1
|move|p2a: Dynablade|Brave Bird|p1a: Landorus-Therian
|-damage|p1a: Landorus-Therian|291\/381
|-damage|p2a: Dynablade|267\/360|[from] recoil|[of] p1a: Landorus-Therian
|
|-heal|p2a: Dynablade|289\/360|[from] item: Leftovers
|-heal|p1a: Landorus-Therian|314\/381|[from] item: Leftovers
|turn|8
|
|switch|p2a: Arthur|Scizor, M|343\/343
|move|p1a: Landorus-Therian|Stealth Rock|p2a: Arthur
|-sidestart|p2: Zexaeon|move: Stealth Rock
|
|-heal|p1a: Landorus-Therian|337\/381|[from] item: Leftovers
|turn|9
|
|move|p1a: Landorus-Therian|Earthquake|p2a: Arthur
|-damage|p2a: Arthur|193\/343
|move|p2a: Arthur|Pursuit|p1a: Landorus-Therian
|-damage|p1a: Landorus-Therian|252\/381
|
|-heal|p1a: Landorus-Therian|275\/381|[from] item: Leftovers
|turn|10
|
|switch|p2a: Arahabaki|Medicham-Mega, M, shiny|261\/261
|-damage|p2a: Arahabaki|245\/261|[from] Stealth Rock
|move|p1a: Landorus-Therian|U-turn|p2a: Arahabaki
|-damage|p2a: Arahabaki|153\/261
|
|switch|p1a: Scolipede|Scolipede, M|261\/261
|
|turn|11
|
|move|p2a: Arahabaki|Fake Out|p1a: Scolipede
|-damage|p1a: Scolipede|167\/261
|cant|p1a: Scolipede|flinch
|
|-boost|p1a: Scolipede|spe|1|[from] ability: Speed Boost
|turn|12
|
|move|p2a: Arahabaki|Bullet Punch|p1a: Scolipede
|-damage|p1a: Scolipede|78\/261
|move|p1a: Scolipede|Poison Jab|p2a: Arahabaki
|-damage|p2a: Arahabaki|0 fnt
|-damage|p1a: Scolipede|52\/261|[from] item: Life Orb
|faint|p2a: Arahabaki
|
|-boost|p1a: Scolipede|spe|1|[from] ability: Speed Boost
|
|switch|p2a: Arthur|Scizor, M|193\/343
|-damage|p2a: Arthur|151\/343|[from] Stealth Rock
|turn|13
|
|switch|p1a: Landorus-Therian|Landorus-Therian, M|275\/381
|-ability|p1a: Landorus-Therian|Intimidate|[of] p2a: Arthur
|-unboost|p2a: Arthur|atk|1
|move|p2a: Arthur|Defog|p1a: Landorus-Therian
|-unboost|p1a: Landorus-Therian|evasion|1
|-sideend|p2: Zexaeon|Stealth Rock|[from] move: Defog|[of] p2a: Arthur
|
|-heal|p1a: Landorus-Therian|298\/381|[from] item: Leftovers
|turn|14
|
|switch|p2a: Ryuko|Dragonite, F|331\/331
|move|p1a: Landorus-Therian|Stealth Rock|p2a: Ryuko
|-sidestart|p2: Zexaeon|move: Stealth Rock
|
|-heal|p1a: Landorus-Therian|321\/381|[from] item: Leftovers
|turn|15
|
|move|p2a: Ryuko|Dragon Dance|p2a: Ryuko
|-boost|p2a: Ryuko|atk|1
|-boost|p2a: Ryuko|spe|1
|move|p1a: Landorus-Therian|U-turn|p2a: Ryuko
|-crit|p2a: Ryuko
|-resisted|p2a: Ryuko
|-damage|p2a: Ryuko|302\/331
|
|switch|p1a: Vaporeon|Vaporeon, M|464\/464
|
|-heal|p2a: Ryuko|322\/331|[from] item: Leftovers
|turn|16
|
|switch|p1a: Landorus-Therian|Landorus-Therian, M|321\/381
|-ability|p1a: Landorus-Therian|Intimidate|[of] p2a: Ryuko
|-unboost|p2a: Ryuko|atk|1
|move|p2a: Ryuko|Outrage|p1a: Landorus-Therian
|-damage|p1a: Landorus-Therian|141\/381
|
|-heal|p2a: Ryuko|331\/331|[from] item: Leftovers
|-heal|p1a: Landorus-Therian|164\/381|[from] item: Leftovers
|turn|17
|
|switch|p1a: Togekiss|Togekiss, M|373\/373
|move|p2a: Ryuko|Outrage|p1a: Togekiss
|-immune|p1a: Togekiss|[msg]
|
|turn|18
|
|move|p2a: Ryuko|Dragon Dance|p2a: Ryuko
|-boost|p2a: Ryuko|atk|1
|-boost|p2a: Ryuko|spe|1
|move|p1a: Togekiss|Dazzling Gleam|p2a: Ryuko
|-supereffective|p2a: Ryuko
|-damage|p2a: Ryuko|217\/331
|
|-heal|p2a: Ryuko|237\/331|[from] item: Leftovers
|turn|19
|
|move|p2a: Ryuko|Roost|p2a: Ryuko
|-heal|p2a: Ryuko|331\/331
|move|p1a: Togekiss|Dazzling Gleam|p2a: Ryuko
|-supereffective|p2a: Ryuko
|-damage|p2a: Ryuko|216\/331
|
|-heal|p2a: Ryuko|236\/331|[from] item: Leftovers
|turn|20
|
|move|p2a: Ryuko|Roost|p2a: Ryuko
|-heal|p2a: Ryuko|331\/331
|move|p1a: Togekiss|Dazzling Gleam|p2a: Ryuko
|-supereffective|p2a: Ryuko
|-damage|p2a: Ryuko|226\/331
|
|-heal|p2a: Ryuko|246\/331|[from] item: Leftovers
|turn|21
|
|move|p2a: Ryuko|Roost|p2a: Ryuko
|-heal|p2a: Ryuko|331\/331
|move|p1a: Togekiss|Air Slash|p2a: Ryuko
|-damage|p2a: Ryuko|280\/331
|
|-heal|p2a: Ryuko|300\/331|[from] item: Leftovers
|turn|22
|
|move|p2a: Ryuko|Roost|p2a: Ryuko
|-heal|p2a: Ryuko|331\/331
|move|p1a: Togekiss|Dazzling Gleam|p2a: Ryuko
|-crit|p2a: Ryuko
|-supereffective|p2a: Ryuko
|-damage|p2a: Ryuko|169\/331
|
|-heal|p2a: Ryuko|189\/331|[from] item: Leftovers
|turn|23
|
|move|p2a: Ryuko|Roost|p2a: Ryuko
|-heal|p2a: Ryuko|331\/331
|move|p1a: Togekiss|Air Slash|p2a: Ryuko
|-damage|p2a: Ryuko|277\/331
|
|-heal|p2a: Ryuko|297\/331|[from] item: Leftovers
|turn|24
|
|move|p2a: Ryuko|Roost|p2a: Ryuko
|-heal|p2a: Ryuko|331\/331
|move|p1a: Togekiss|Dazzling Gleam|p2a: Ryuko
|-supereffective|p2a: Ryuko
|-damage|p2a: Ryuko|225\/331
|
|-heal|p2a: Ryuko|245\/331|[from] item: Leftovers
|turn|25
|
|move|p2a: Ryuko|Roost|p2a: Ryuko
|-heal|p2a: Ryuko|331\/331
|move|p1a: Togekiss|Air Slash|p2a: Ryuko
|-damage|p2a: Ryuko|280\/331
|
|-heal|p2a: Ryuko|300\/331|[from] item: Leftovers
|turn|26
|
|switch|p2a: Arthur|Scizor, M|151\/343
|-damage|p2a: Arthur|109\/343|[from] Stealth Rock
|move|p1a: Togekiss|Dazzling Gleam|p2a: Arthur
|-resisted|p2a: Arthur
|-damage|p2a: Arthur|46\/343
|
|turn|27
|
|switch|p1a: Scizor|Scizor-Mega, F|247\/343
|move|p2a: Arthur|Bullet Punch|p1a: Scizor
|-resisted|p1a: Scizor
|-damage|p1a: Scizor|191\/343
|
|turn|28
|
|move|p2a: Arthur|Bullet Punch|p1a: Scizor
|-resisted|p1a: Scizor
|-damage|p1a: Scizor|132\/343
|move|p1a: Scizor|Roost|p1a: Scizor
|-heal|p1a: Scizor|304\/343
|
|turn|29
|
|move|p2a: Arthur|Bullet Punch|p1a: Scizor
|-crit|p1a: Scizor
|-resisted|p1a: Scizor
|-damage|p1a: Scizor|213\/343
|move|p1a: Scizor|Swords Dance|p1a: Scizor
|-boost|p1a: Scizor|atk|2
|
|turn|30
|
|move|p2a: Arthur|Bullet Punch|p1a: Scizor
|-resisted|p1a: Scizor
|-damage|p1a: Scizor|150\/343
|move|p1a: Scizor|Swords Dance|p1a: Scizor
|-boost|p1a: Scizor|atk|2
|
|turn|31
|
|switch|p2a: Dynablade|Talonflame, F|289\/360
|-damage|p2a: Dynablade|109\/360|[from] Stealth Rock
|move|p1a: Scizor|Roost|p1a: Scizor
|-heal|p1a: Scizor|322\/343
|
|-heal|p2a: Dynablade|131\/360|[from] item: Leftovers
|turn|32
|
|move|p2a: Dynablade|Brave Bird|p1a: Scizor
|-damage|p1a: Scizor|201\/343
|-damage|p2a: Dynablade|91\/360|[from] recoil|[of] p1a: Scizor
|move|p1a: Scizor|Bullet Punch|p2a: Dynablade
|-resisted|p2a: Dynablade
|-damage|p2a: Dynablade|0 fnt
|faint|p2a: Dynablade
|
|
|switch|p2a: Zuzu|Azumarill, F|328\/403 tox
|-damage|p2a: Zuzu|278\/403 tox|[from] Stealth Rock
|turn|33
|
|move|p1a: Scizor|Bullet Punch|p2a: Zuzu
|-damage|p2a: Zuzu|0 fnt
|faint|p2a: Zuzu
|
|-message|Zexaeon forfeited.
|
|win|WishMker
|raw|Ladder updating...
|leave|Zexaeon
|player|p2
|raw|WishMker's rating: 1477 &rarr; <strong>1494<\/strong><br \/>(+17 for winning)
|raw|Zexaeon's rating: 1420 &rarr; <strong>1403<\/strong><br \/>(-17 for losing)