|join|JivenNThriven
|join|WishMker
|player|p1|JivenNThriven|290
|player|p2|WishMker|192
|gametype|singles
|gen|6
|tier|OU
|rated
|clearpoke
|poke|p1|Kyurem-Black
|poke|p1|Altaria, F
|poke|p1|Keldeo
|poke|p1|Scizor, F
|poke|p1|Rotom-Wash
|poke|p1|Landorus-Therian, M
|poke|p2|Manaphy
|poke|p2|Garchomp, M
|poke|p2|Scizor, M
|poke|p2|Seismitoad, F
|poke|p2|Togekiss, F
|poke|p2|Gengar, F
|rule|Swagger Clause: Swagger is banned
|rule|Baton Pass Clause: Limit one Pokémon knowing Baton Pass
|rule|Sleep Clause Mod: Limit one foe put to sleep
|rule|Species Clause: Limit one of each Pokémon
|rule|OHKO Clause: OHKO moves are banned
|rule|Moody Clause: Moody is banned
|rule|Evasion Moves Clause: Evasion moves are banned
|rule|Endless Battle Clause: Forcing endless battles is banned
|rule|HP Percentage Mod: HP is shown in percentages
|teampreview
|
|start
|switch|p1a: Altaria|Altaria, F|291\/291
|switch|p2a: Seismitoad|Seismitoad, F|414\/414
|turn|1
|
|switch|p1a: Rotom-Wash|Rotom-Wash|299\/299
|move|p2a: Seismitoad|Stealth Rock|p1a: Rotom-Wash
|-sidestart|p1: JivenNThriven|move: Stealth Rock
|
|turn|2
|
|move|p1a: Rotom-Wash|Will-O-Wisp|p2a: Seismitoad
|-status|p2a: Seismitoad|brn
|move|p2a: Seismitoad|Toxic|p1a: Rotom-Wash
|-status|p1a: Rotom-Wash|tox
|
|-damage|p1a: Rotom-Wash|281\/299 tox|[from] psn
|-damage|p2a: Seismitoad|363\/414 brn|[from] brn
|turn|3
|
|switch|p1a: Scizor|Scizor, F|343\/343
|-damage|p1a: Scizor|301\/343|[from] Stealth Rock
|move|p2a: Seismitoad|Toxic|p1a: Scizor
|-fail|p1a: Scizor
|
|-heal|p2a: Seismitoad|388\/414 brn|[from] item: Leftovers
|-damage|p2a: Seismitoad|337\/414 brn|[from] brn
|turn|4
|
|move|p1a: Scizor|Defog|p2a: Seismitoad
|-unboost|p2a: Seismitoad|evasion|1
|-sideend|p1: JivenNThriven|Stealth Rock|[from] move: Defog|[of] p1a: Scizor
|move|p2a: Seismitoad|Scald|p1a: Scizor
|-damage|p1a: Scizor|202\/343
|-status|p1a: Scizor|brn
|
|-heal|p2a: Seismitoad|362\/414 brn|[from] item: Leftovers
|-damage|p1a: Scizor|160\/343 brn|[from] brn
|-damage|p2a: Seismitoad|311\/414 brn|[from] brn
|turn|5
|
|switch|p1a: Rotom-Wash|Rotom-Wash|281\/299 tox
|move|p2a: Seismitoad|Stealth Rock|p1a: Rotom-Wash
|-sidestart|p1: JivenNThriven|move: Stealth Rock
|
|-heal|p1a: Rotom-Wash|299\/299 tox|[from] item: Leftovers
|-heal|p2a: Seismitoad|336\/414 brn|[from] item: Leftovers
|-damage|p1a: Rotom-Wash|281\/299 tox|[from] psn
|-damage|p2a: Seismitoad|285\/414 brn|[from] brn
|turn|6
|
|switch|p1a: Scizor|Scizor, F|160\/343 brn
|-damage|p1a: Scizor|118\/343 brn|[from] Stealth Rock
|move|p2a: Seismitoad|Scald|p1a: Scizor
|-damage|p1a: Scizor|24\/343 brn
|
|-heal|p2a: Seismitoad|310\/414 brn|[from] item: Leftovers
|-damage|p1a: Scizor|0 fnt|[from] brn
|-damage|p2a: Seismitoad|259\/414 brn|[from] brn
|faint|p1a: Scizor
|
|switch|p1a: Altaria|Altaria, F|291\/291
|-damage|p1a: Altaria|219\/291|[from] Stealth Rock
|turn|7
|
|switch|p2a: Gengar|Gengar, F|268\/268
|detailschange|p1a: Altaria|Altaria-Mega, F
|-mega|p1a: Altaria|Altaria|Altarianite
|move|p1a: Altaria|Hyper Voice|p2a: Gengar
|-resisted|p2a: Gengar
|-damage|p2a: Gengar|156\/268
|
|-heal|p2a: Gengar|172\/268|[from] item: Black Sludge
|turn|8
|
|switch|p1a: Rotom-Wash|Rotom-Wash|281\/299 tox
|-damage|p1a: Rotom-Wash|244\/299 tox|[from] Stealth Rock
|move|p2a: Gengar|Sludge Wave|p1a: Rotom-Wash
|-damage|p1a: Rotom-Wash|136\/299 tox
|
|-heal|p2a: Gengar|188\/268|[from] item: Black Sludge
|-heal|p1a: Rotom-Wash|154\/299 tox|[from] item: Leftovers
|-damage|p1a: Rotom-Wash|136\/299 tox|[from] psn
|turn|9
|
|switch|p1a: Altaria|Altaria-Mega, F|219\/291
|-damage|p1a: Altaria|183\/291|[from] Stealth Rock
|move|p2a: Gengar|Substitute|p2a: Gengar
|-start|p2a: Gengar|Substitute
|-damage|p2a: Gengar|121\/268
|
|-heal|p2a: Gengar|137\/268|[from] item: Black Sludge
|turn|10
|-message|JivenNThriven forfeited.
|leave|JivenNThriven
|
|win|WishMker
|raw|Ladder updating...
|player|p1
|raw|JivenNThriven's rating: 1485 &rarr; <strong>1471<\/strong><br \/>(-14 for losing)
|raw|WishMker's rating: 1582 &rarr; <strong>1596<\/strong><br \/>(+14 for winning)