|join|nyc_test
|join|Seasons Gem
|player|p1|nyc_test|92
|player|p2|Seasons Gem|1
|gametype|singles
|gen|6
|tier|OU
|rated
|clearpoke
|poke|p1|Talonflame, M
|poke|p1|Azumarill, M
|poke|p1|Dugtrio, M
|poke|p1|Latias, F, shiny
|poke|p1|Magnezone
|poke|p1|Charizard, M, shiny
|poke|p2|Breloom, F
|poke|p2|Raikou
|poke|p2|Mawile, F
|poke|p2|Landorus, M
|poke|p2|Bisharp, F
|poke|p2|Azumarill, F
|rule|Swagger Clause: Swagger is banned
|rule|Baton Pass Clause: Limit three Pokémon knowing Baton Pass
|rule|Sleep Clause Mod: Limit one foe put to sleep
|rule|Species Clause: Limit one of each Pokémon
|rule|OHKO Clause: OHKO moves are banned
|rule|Moody Clause: Moody is banned
|rule|Evasion Moves Clause: Evasion moves are banned
|rule|Endless Battle Clause: Forcing endless battles is banned
|rule|HP Percentage Mod: HP is reported as percentages
|teampreview
|
|start
|switch|p1a: Magnezone|Magnezone|281\/281
|switch|p2a: Breloom|Breloom, F|262\/262
|turn|1
|
|move|p2a: Breloom|Mach Punch|p1a: Magnezone
|-supereffective|p1a: Magnezone
|-damage|p1a: Magnezone|63\/281
|move|p1a: Magnezone|Hidden Power|p2a: Breloom
|-supereffective|p2a: Breloom
|-damage|p2a: Breloom|4\/262
|
|turn|2
|
|switch|p1a: Latias|Latias, F, shiny|299\/299
|move|p2a: Breloom|Spore|p1a: Latias
|-status|p1a: Latias|slp
|
|turn|3
|
|cant|p1a: Latias|slp
|move|p2a: Breloom|Rock Tomb|p1a: Latias
|-damage|p1a: Latias|172\/299 slp
|-unboost|p1a: Latias|spe|1
|
|turn|4
|
|move|p2a: Breloom|Bullet Seed|p1a: Latias
|-resisted|p1a: Latias
|-damage|p1a: Latias|133\/299 slp
|-resisted|p1a: Latias
|-damage|p1a: Latias|96\/299 slp
|-resisted|p1a: Latias
|-damage|p1a: Latias|58\/299 slp
|-resisted|p1a: Latias
|-damage|p1a: Latias|22\/299 slp
|-hitcount|p1a: Latias|4
|cant|p1a: Latias|slp
|
|turn|5
|
|move|p2a: Breloom|Bullet Seed|p1a: Latias
|-resisted|p1a: Latias
|-damage|p1a: Latias|0 fnt
|-hitcount|p1a: Latias|1
|faint|p1a: Latias
|
|
|switch|p1a: Talonflame|Talonflame, M|359\/359
|turn|6
|
|move|p1a: Talonflame|Brave Bird|p2a: Breloom
|-supereffective|p2a: Breloom
|-damage|p2a: Breloom|0 fnt
|-damage|p1a: Talonflame|358\/359|[from] recoil|[of] p2a: Breloom
|faint|p2a: Breloom
|
|-heal|p1a: Talonflame|359\/359|[from] item: Leftovers
|
|switch|p2a: Raikou|Raikou|329\/329
|-ability|p2a: Raikou|Pressure
|turn|7
|
|switch|p2a: Landorus|Landorus, M|319\/319
|switch|p1a: Dugtrio|Dugtrio, M|208\/208
|
|turn|8
|
|switch|p1a: Charizard|Charizard, M, shiny|359\/359
|move|p2a: Landorus|Stealth Rock|p1a: Charizard
|-sidestart|p1: nyc_test|move: Stealth Rock
|
|turn|9
|
|move|p2a: Landorus|Psychic|p1a: Charizard
|-damage|p1a: Charizard|177\/359
|move|p1a: Charizard|Dragon Dance|p1a: Charizard
|-boost|p1a: Charizard|atk|1
|-boost|p1a: Charizard|spe|1
|
|turn|10
|
|switch|p2a: Azumarill|Azumarill, F|364\/364
|detailschange|p1a: Charizard|Charizard-Mega-X, M, shiny
|message|Charizard has Mega Evolved into Mega Charizard!
|move|p1a: Charizard|Flare Blitz|p2a: Azumarill
|-resisted|p2a: Azumarill
|-damage|p2a: Azumarill|94\/364
|-damage|p1a: Charizard|88\/359|[from] recoil|[of] p2a: Azumarill
|-enditem|p2a: Azumarill|Sitrus Berry|[eat]
|-heal|p2a: Azumarill|185\/364|[from] item: Sitrus Berry
|
|turn|11
|
|move|p2a: Azumarill|Aqua Jet|p1a: Charizard
|-damage|p1a: Charizard|9\/359
|move|p1a: Charizard|Roost|p1a: Charizard
|-heal|p1a: Charizard|189\/359
|
|turn|12
|chat|Seasons Gem|no fking way
|
|move|p2a: Azumarill|Aqua Jet|p1a: Charizard
|-damage|p1a: Charizard|102\/359
|move|p1a: Charizard|Roost|p1a: Charizard
|-heal|p1a: Charizard|282\/359
|
|turn|13
|
|move|p2a: Azumarill|Aqua Jet|p1a: Charizard
|-damage|p1a: Charizard|195\/359
|move|p1a: Charizard|Flare Blitz|p2a: Azumarill
|-resisted|p2a: Azumarill
|-damage|p2a: Azumarill|0 fnt
|-damage|p1a: Charizard|134\/359|[from] recoil|[of] p2a: Azumarill
|faint|p2a: Azumarill
|
|
|switch|p2a: Mawile|Mawile, F|274\/274
|-ability|p2a: Mawile|Intimidate|[of] p1a: Charizard
|-unboost|p1a: Charizard|atk|1
|turn|14
|
|detailschange|p2a: Mawile|Mawile-Mega, F
|message|Mawile has Mega Evolved into Mega Mawile!
|move|p1a: Charizard|Flare Blitz|p2a: Mawile
|-supereffective|p2a: Mawile
|-damage|p2a: Mawile|0 fnt
|-damage|p1a: Charizard|44\/359|[from] recoil|[of] p2a: Mawile
|faint|p2a: Mawile
|
|
|switch|p2a: Bisharp|Bisharp, F|272\/272
|turn|15
|
|move|p1a: Charizard|Roost|p1a: Charizard
|-heal|p1a: Charizard|224\/359
|move|p2a: Bisharp|Knock Off|p1a: Charizard
|-crit|p1a: Charizard
|-damage|p1a: Charizard|0 fnt
|-damage|p2a: Bisharp|245\/272|[from] item: Life Orb
|faint|p1a: Charizard
|
|
|switch|p1a: Talonflame|Talonflame, M|359\/359
|-damage|p1a: Talonflame|180\/359|[from] Stealth Rock
|turn|16
|
|switch|p2a: Raikou|Raikou|329\/329
|-ability|p2a: Raikou|Pressure
|move|p1a: Talonflame|Will-O-Wisp|p2a: Raikou
|-status|p2a: Raikou|brn
|
|-heal|p1a: Talonflame|202\/359|[from] item: Leftovers
|-damage|p2a: Raikou|288\/329 brn|[from] brn
|turn|17
|
|move|p1a: Talonflame|Roost|p1a: Talonflame
|-heal|p1a: Talonflame|359\/359
|move|p2a: Raikou|Shadow Ball|p1a: Talonflame
|-damage|p1a: Talonflame|239\/359
|
|-heal|p1a: Talonflame|261\/359|[from] item: Leftovers
|-damage|p2a: Raikou|247\/329 brn|[from] brn
|turn|18
|chat|Seasons Gem|lol
|chat|Seasons Gem|idk if you see how ridiculous your sprite looks
|
|move|p1a: Talonflame|Roost|p1a: Talonflame
|-heal|p1a: Talonflame|359\/359
|move|p2a: Raikou|Shadow Ball|p1a: Talonflame
|-damage|p1a: Talonflame|241\/359
|
|-heal|p1a: Talonflame|263\/359|[from] item: Leftovers
|-damage|p2a: Raikou|206\/329 brn|[from] brn
|turn|19
|chat|nyc_test|what does it look like?
|chat|Seasons Gem|it's HUGE...
|chat|nyc_test|lol
|
|switch|p2a: Landorus|Landorus, M|319\/319
|move|p1a: Talonflame|Roost|p1a: Talonflame
|-heal|p1a: Talonflame|359\/359
|
|turn|20
|
|move|p2a: Landorus|Psychic|p1a: Talonflame
|-damage|p1a: Talonflame|190\/359
|move|p1a: Talonflame|Will-O-Wisp|p2a: Landorus
|-status|p2a: Landorus|brn
|
|-heal|p1a: Talonflame|212\/359|[from] item: Leftovers
|-damage|p2a: Landorus|280\/319 brn|[from] brn
|turn|21
|chat|Seasons Gem|WTF
|chat|Seasons Gem|av talonflame ftw
|
|switch|p2a: Raikou|Raikou|206\/329 brn
|-ability|p2a: Raikou|Pressure
|move|p1a: Talonflame|Brave Bird|p2a: Raikou
|-resisted|p2a: Raikou
|-damage|p2a: Raikou|136\/329 brn
|-damage|p1a: Talonflame|189\/359|[from] recoil|[of] p2a: Raikou
|
|-heal|p1a: Talonflame|211\/359|[from] item: Leftovers
|-damage|p2a: Raikou|95\/329 brn|[from] brn
|turn|22
|chat|Seasons Gem|but that charizard was the gayesy :C
|chat|Seasons Gem|gayest*
|chat|nyc_test|well you crit'ed me and that was kinda gay too 
|chat|Seasons Gem|that was after
|chat|nyc_test|idk if that crit mattered though
|chat|nyc_test|probaby did
|chat|Seasons Gem|your charizard was since out
|chat|Seasons Gem|prob did
|
|move|p1a: Talonflame|Roost|p1a: Talonflame
|-heal|p1a: Talonflame|359\/359
|move|p2a: Raikou|Thunderbolt|p1a: Talonflame
|-damage|p1a: Talonflame|136\/359
|
|-heal|p1a: Talonflame|158\/359|[from] item: Leftovers
|-damage|p2a: Raikou|54\/329 brn|[from] brn
|turn|23
|chat|Seasons Gem|gg
|-message|Seasons Gem forfeited.
|
|win|nyc_test
|raw|Ladder updating...
|raw|nyc_test's rating: 1836 &rarr; <strong>1855<\/strong><br \/>(+19 for winning)
|raw|Seasons Gem's rating: 1822 &rarr; <strong>1803<\/strong><br \/>(-19 for losing)
|leave|Seasons Gem
|player|p2