|join|nyc_test
|join|AwesomePlatypus
|player|p1|nyc_test|92
|player|p2|AwesomePlatypus|163
|gametype|singles
|gen|6
|tier|OU
|rated
|clearpoke
|poke|p1|Talonflame, M
|poke|p1|Azumarill, M
|poke|p1|Dugtrio, M
|poke|p1|Latias, F, shiny
|poke|p1|Magnezone
|poke|p1|Charizard, M, shiny
|poke|p2|Ferrothorn, M
|poke|p2|Sylveon, M
|poke|p2|Crobat, F
|poke|p2|Manectric, F
|poke|p2|Bisharp, M
|poke|p2|Dragonite, M
|rule|Swagger Clause: Swagger is banned
|rule|Baton Pass Clause: Limit three Pokémon knowing Baton Pass
|rule|Sleep Clause Mod: Limit one foe put to sleep
|rule|Species Clause: Limit one of each Pokémon
|rule|OHKO Clause: OHKO moves are banned
|rule|Moody Clause: Moody is banned
|rule|Evasion Moves Clause: Evasion moves are banned
|rule|Endless Battle Clause: Forcing endless battles is banned
|rule|HP Percentage Mod: HP is reported as percentages
|teampreview
|
|start
|switch|p1a: Charizard|Charizard, M, shiny|359\/359
|switch|p2a: Manectric|Manectric, F|281\/281
|turn|1
|
|detailschange|p2a: Manectric|Manectric-Mega, F
|message|Manectric has Mega Evolved into Mega Manectric!
|-ability|p2a: Manectric|Intimidate|[of] p1a: Charizard
|-unboost|p1a: Charizard|atk|1
|detailschange|p1a: Charizard|Charizard-Mega-X, M, shiny
|message|Charizard has Mega Evolved into Mega Charizard!
|move|p2a: Manectric|Volt Switch|p1a: Charizard
|-resisted|p1a: Charizard
|-damage|p1a: Charizard|288\/359
|
|switch|p2a: Ferrothorn|Ferrothorn, M|352\/352
|move|p1a: Charizard|Dragon Claw|p2a: Ferrothorn
|-resisted|p2a: Ferrothorn
|-damage|p2a: Ferrothorn|318\/352
|-damage|p1a: Charizard|244\/359|[from] ability: Iron Barbs|[of] p2a: Ferrothorn
|-damage|p1a: Charizard|185\/359|[from] item: Rocky Helmet|[of] p2a: Ferrothorn
|
|turn|2
|
|move|p1a: Charizard|Roost|p1a: Charizard
|-heal|p1a: Charizard|359\/359
|move|p2a: Ferrothorn|Stealth Rock|p1a: Charizard
|-sidestart|p1: nyc_test|move: Stealth Rock
|
|turn|3
|
|move|p1a: Charizard|Flare Blitz|p2a: Ferrothorn
|-supereffective|p2a: Ferrothorn
|-damage|p2a: Ferrothorn|0 fnt
|-damage|p1a: Charizard|315\/359|[from] ability: Iron Barbs|[of] p2a: Ferrothorn
|-damage|p1a: Charizard|256\/359|[from] item: Rocky Helmet|[of] p2a: Ferrothorn
|-damage|p1a: Charizard|151\/359|[from] recoil|[of] p2a: Ferrothorn
|faint|p2a: Ferrothorn
|
|
|switch|p2a: Bisharp|Bisharp, M|272\/272
|turn|4
|
|move|p1a: Charizard|Flare Blitz|p2a: Bisharp
|-supereffective|p2a: Bisharp
|-enditem|p2a: Bisharp|Focus Sash
|-damage|p2a: Bisharp|1\/272
|-damage|p1a: Charizard|62\/359|[from] recoil|[of] p2a: Bisharp
|move|p2a: Bisharp|Swords Dance|p2a: Bisharp
|-boost|p2a: Bisharp|atk|2
|
|turn|5
|
|move|p2a: Bisharp|Sucker Punch|p1a: Charizard
|-fail|p1a: Charizard
|move|p1a: Charizard|Roost|p1a: Charizard
|-heal|p1a: Charizard|242\/359
|
|turn|6
|
|switch|p1a: Azumarill|Azumarill, M|393\/393
|-damage|p1a: Azumarill|344\/393|[from] Stealth Rock
|move|p2a: Bisharp|Sucker Punch|p1a: Azumarill
|-fail|p1a: Azumarill
|
|turn|7
|
|switch|p2a: Crobat|Crobat, F|373\/373
|move|p1a: Azumarill|Aqua Jet|p2a: Crobat
|-damage|p2a: Crobat|270\/373
|
|-heal|p2a: Crobat|293\/373|[from] item: Black Sludge
|turn|8
|
|move|p2a: Crobat|Super Fang|p1a: Azumarill
|-damage|p1a: Azumarill|172\/393
|move|p1a: Azumarill|Knock Off|p2a: Crobat
|-damage|p2a: Crobat|114\/373
|-enditem|p2a: Crobat|Black Sludge|[from] move: Knock Off|[of] p1a: Azumarill
|
|turn|9
|
|move|p1a: Azumarill|Aqua Jet|p2a: Crobat
|-damage|p2a: Crobat|11\/373
|move|p2a: Crobat|Brave Bird|p1a: Azumarill
|-damage|p1a: Azumarill|16\/393
|-damage|p2a: Crobat|0 fnt|[from] recoil|[of] p1a: Azumarill
|faint|p2a: Crobat
|
|
|switch|p2a: Dragonite|Dragonite, M|324\/324
|turn|10
|
|move|p2a: Dragonite|Extreme Speed|p1a: Azumarill
|-damage|p1a: Azumarill|0 fnt
|faint|p1a: Azumarill
|
|
|switch|p1a: Latias|Latias, F, shiny|299\/299
|-damage|p1a: Latias|262\/299|[from] Stealth Rock
|turn|11
|
|switch|p2a: Sylveon|Sylveon, M|394\/394
|move|p1a: Latias|Defog|p2a: Sylveon
|-unboost|p2a: Sylveon|evasion|1
|-sideend|p1: nyc_test|Stealth Rock|[from] move: Defog|[of] p1a: Latias
|
|turn|12
|
|switch|p1a: Talonflame|Talonflame, M|359\/359
|move|p2a: Sylveon|Hyper Voice|p1a: Talonflame
|-resisted|p1a: Talonflame
|-damage|p1a: Talonflame|281\/359
|
|-heal|p1a: Talonflame|303\/359|[from] item: Leftovers
|turn|13
|
|switch|p2a: Manectric|Manectric-Mega, F|281\/281
|-ability|p2a: Manectric|Intimidate|[of] p1a: Talonflame
|-unboost|p1a: Talonflame|atk|1
|move|p1a: Talonflame|Will-O-Wisp|p2a: Manectric
|-status|p2a: Manectric|brn
|
|-heal|p1a: Talonflame|325\/359|[from] item: Leftovers
|-damage|p2a: Manectric|246\/281 brn|[from] brn
|turn|14
|
|move|p1a: Talonflame|Roost|p1a: Talonflame
|-heal|p1a: Talonflame|359\/359
|move|p2a: Manectric|Volt Switch|p1a: Talonflame
|-damage|p1a: Talonflame|242\/359
|
|switch|p2a: Dragonite|Dragonite, M|324\/324
|
|-heal|p1a: Talonflame|264\/359|[from] item: Leftovers
|turn|15
|
|move|p1a: Talonflame|Will-O-Wisp|p2a: Dragonite
|-status|p2a: Dragonite|brn
|-enditem|p2a: Dragonite|Lum Berry|[eat]
|-curestatus|p2a: Dragonite|brn
|move|p2a: Dragonite|Dragon Dance|p2a: Dragonite
|-boost|p2a: Dragonite|atk|1
|-boost|p2a: Dragonite|spe|1
|
|-heal|p1a: Talonflame|286\/359|[from] item: Leftovers
|turn|16
|
|move|p2a: Dragonite|Extreme Speed|p1a: Talonflame
|-damage|p1a: Talonflame|89\/359
|move|p1a: Talonflame|Brave Bird|p2a: Dragonite
|-damage|p2a: Dragonite|279\/324
|-damage|p1a: Talonflame|74\/359|[from] recoil|[of] p2a: Dragonite
|
|-heal|p1a: Talonflame|96\/359|[from] item: Leftovers
|turn|17
|
|switch|p1a: Magnezone|Magnezone|281\/281
|move|p2a: Dragonite|Extreme Speed|p1a: Magnezone
|-resisted|p1a: Magnezone
|-damage|p1a: Magnezone|212\/281
|
|turn|18
|
|move|p2a: Dragonite|Earthquake|p1a: Magnezone
|-supereffective|p1a: Magnezone
|-damage|p1a: Magnezone|0 fnt
|faint|p1a: Magnezone
|
|
|switch|p1a: Dugtrio|Dugtrio, M|208\/208
|turn|19
|
|move|p2a: Dragonite|Extreme Speed|p1a: Dugtrio
|-crit|p1a: Dugtrio
|-enditem|p1a: Dugtrio|Focus Sash
|-damage|p1a: Dugtrio|1\/208
|move|p1a: Dugtrio|Stone Edge|p2a: Dragonite
|-supereffective|p2a: Dragonite
|-damage|p2a: Dragonite|85\/324
|
|turn|20
|
|move|p2a: Dragonite|Extreme Speed|p1a: Dugtrio
|-damage|p1a: Dugtrio|0 fnt
|faint|p1a: Dugtrio
|
|
|switch|p1a: Latias|Latias, F, shiny|262\/299
|turn|21
|
|move|p2a: Dragonite|Outrage|p1a: Latias
|-supereffective|p1a: Latias
|-damage|p1a: Latias|0 fnt
|faint|p1a: Latias
|
|
|switch|p1a: Talonflame|Talonflame, M|96\/359
|turn|22
|
|move|p1a: Talonflame|Brave Bird|p2a: Dragonite
|-damage|p2a: Dragonite|0 fnt
|-damage|p1a: Talonflame|68\/359|[from] recoil|[of] p2a: Dragonite
|faint|p2a: Dragonite
|
|-heal|p1a: Talonflame|90\/359|[from] item: Leftovers
|
|switch|p2a: Manectric|Manectric-Mega, F|246\/281 brn
|-ability|p2a: Manectric|Intimidate|[of] p1a: Talonflame
|-unboost|p1a: Talonflame|atk|1
|turn|23
|
|switch|p1a: Charizard|Charizard-Mega-X, M, shiny|242\/359
|move|p2a: Manectric|Thunderbolt|p1a: Charizard
|-resisted|p1a: Charizard
|-damage|p1a: Charizard|150\/359
|-status|p1a: Charizard|par
|
|-damage|p2a: Manectric|211\/281 brn|[from] brn
|turn|24
|
|move|p2a: Manectric|Volt Switch|p1a: Charizard
|-resisted|p1a: Charizard
|-damage|p1a: Charizard|78\/359 par
|
|switch|p2a: Sylveon|Sylveon, M|394\/394
|move|p1a: Charizard|Roost|p1a: Charizard
|-heal|p1a: Charizard|258\/359 par
|
|turn|25
|
|switch|p1a: Talonflame|Talonflame, M|90\/359
|move|p2a: Sylveon|Hyper Voice|p1a: Talonflame
|-resisted|p1a: Talonflame
|-damage|p1a: Talonflame|17\/359
|
|-heal|p1a: Talonflame|39\/359|[from] item: Leftovers
|turn|26
|
|switch|p2a: Manectric|Manectric-Mega, F|211\/281 brn
|-ability|p2a: Manectric|Intimidate|[of] p1a: Talonflame
|-unboost|p1a: Talonflame|atk|1
|move|p1a: Talonflame|Roost|p1a: Talonflame
|-heal|p1a: Talonflame|219\/359
|
|-heal|p1a: Talonflame|241\/359|[from] item: Leftovers
|-damage|p2a: Manectric|176\/281 brn|[from] brn
|turn|27
|
|switch|p1a: Charizard|Charizard-Mega-X, M, shiny|258\/359 par
|move|p2a: Manectric|Thunderbolt|p1a: Charizard
|-resisted|p1a: Charizard
|-damage|p1a: Charizard|171\/359 par
|
|-damage|p2a: Manectric|141\/281 brn|[from] brn
|turn|28
|
|move|p2a: Manectric|Volt Switch|p1a: Charizard
|-resisted|p1a: Charizard
|-damage|p1a: Charizard|93\/359 par
|
|switch|p2a: Bisharp|Bisharp, M|1\/272
|move|p1a: Charizard|Flare Blitz|p2a: Bisharp
|-supereffective|p2a: Bisharp
|-damage|p2a: Bisharp|0 fnt
|-damage|p1a: Charizard|92\/359 par|[from] recoil|[of] p2a: Bisharp
|faint|p2a: Bisharp
|
|
|switch|p2a: Manectric|Manectric-Mega, F|141\/281 brn
|-ability|p2a: Manectric|Intimidate|[of] p1a: Charizard
|-unboost|p1a: Charizard|atk|1
|turn|29
|
|move|p2a: Manectric|Thunderbolt|p1a: Charizard
|-resisted|p1a: Charizard
|-damage|p1a: Charizard|0 fnt
|faint|p1a: Charizard
|
|-damage|p2a: Manectric|106\/281 brn|[from] brn
|
|switch|p1a: Talonflame|Talonflame, M|241\/359
|turn|30
|
|switch|p2a: Sylveon|Sylveon, M|394\/394
|move|p1a: Talonflame|Roost|p1a: Talonflame
|-heal|p1a: Talonflame|359\/359
|
|turn|31
|
|move|p1a: Talonflame|Taunt|p2a: Sylveon
|-start|p2a: Sylveon|move: Taunt
|cant|p2a: Sylveon|move: Taunt|Wish
|
|turn|32
|
|move|p1a: Talonflame|Will-O-Wisp|p2a: Sylveon
|-status|p2a: Sylveon|brn
|move|p2a: Sylveon|Hyper Voice|p1a: Talonflame
|-resisted|p1a: Talonflame
|-damage|p1a: Talonflame|290\/359
|
|-heal|p1a: Talonflame|312\/359|[from] item: Leftovers
|-damage|p2a: Sylveon|345\/394 brn|[from] brn
|turn|33
|
|move|p1a: Talonflame|Brave Bird|p2a: Sylveon
|-damage|p2a: Sylveon|173\/394 brn
|-damage|p1a: Talonflame|255\/359|[from] recoil|[of] p2a: Sylveon
|move|p2a: Sylveon|Hyper Voice|p1a: Talonflame
|-resisted|p1a: Talonflame
|-damage|p1a: Talonflame|186\/359
|
|-heal|p1a: Talonflame|208\/359|[from] item: Leftovers
|-heal|p2a: Sylveon|197\/394 brn|[from] item: Leftovers
|-damage|p2a: Sylveon|148\/394 brn|[from] brn
|-end|p2a: Sylveon|move: Taunt
|turn|34
|
|move|p1a: Talonflame|Taunt|p2a: Sylveon
|-start|p2a: Sylveon|move: Taunt
|cant|p2a: Sylveon|move: Taunt|Heal Bell
|
|-heal|p1a: Talonflame|230\/359|[from] item: Leftovers
|-heal|p2a: Sylveon|172\/394 brn|[from] item: Leftovers
|-damage|p2a: Sylveon|123\/394 brn|[from] brn
|turn|35
|
|move|p1a: Talonflame|Brave Bird|p2a: Sylveon
|-damage|p2a: Sylveon|0 fnt
|-damage|p1a: Talonflame|189\/359|[from] recoil|[of] p2a: Sylveon
|faint|p2a: Sylveon
|
|-heal|p1a: Talonflame|211\/359|[from] item: Leftovers
|
|switch|p2a: Manectric|Manectric-Mega, F|106\/281 brn
|-ability|p2a: Manectric|Intimidate|[of] p1a: Talonflame
|-unboost|p1a: Talonflame|atk|1
|turn|36
|
|move|p1a: Talonflame|Roost|p1a: Talonflame
|-heal|p1a: Talonflame|359\/359
|move|p2a: Manectric|Thunderbolt|p1a: Talonflame
|-damage|p1a: Talonflame|184\/359
|
|-heal|p1a: Talonflame|206\/359|[from] item: Leftovers
|-damage|p2a: Manectric|71\/281 brn|[from] brn
|turn|37
|
|move|p1a: Talonflame|Roost|p1a: Talonflame
|-heal|p1a: Talonflame|359\/359
|move|p2a: Manectric|Thunderbolt|p1a: Talonflame
|-damage|p1a: Talonflame|208\/359
|
|-heal|p1a: Talonflame|230\/359|[from] item: Leftovers
|-damage|p2a: Manectric|36\/281 brn|[from] brn
|turn|38
|
|move|p1a: Talonflame|Brave Bird|p2a: Manectric
|-resisted|p2a: Manectric
|-damage|p2a: Manectric|0 fnt
|-damage|p1a: Talonflame|218\/359|[from] recoil|[of] p2a: Manectric
|faint|p2a: Manectric
|
|win|nyc_test
|raw|Ladder updating...
|raw|nyc_test's rating: 1903 &rarr; <strong>1910<\/strong><br \/>(+7 for winning)
|raw|AwesomePlatypus's rating: 1639 &rarr; <strong>1632<\/strong><br \/>(-7 for losing)
|leave|AwesomePlatypus
|player|p2