|join|nyc_test
|join|BP Is For Fags
|player|p1|nyc_test|92
|player|p2|BP Is For Fags|213
|gametype|singles
|gen|6
|tier|OU
|rated
|clearpoke
|poke|p1|Talonflame, M
|poke|p1|Azumarill, M
|poke|p1|Dugtrio, M
|poke|p1|Latias, F, shiny
|poke|p1|Magnezone
|poke|p1|Charizard, M, shiny
|poke|p2|Deoxys-Defense, shiny
|poke|p2|Bisharp, M
|poke|p2|Mawile, M
|poke|p2|Landorus, M
|poke|p2|Thundurus, M
|poke|p2|Aegislash, F
|rule|Swagger Clause: Swagger is banned
|rule|Baton Pass Clause: Limit three Pokémon knowing Baton Pass
|rule|Sleep Clause Mod: Limit one foe put to sleep
|rule|Species Clause: Limit one of each Pokémon
|rule|OHKO Clause: OHKO moves are banned
|rule|Moody Clause: Moody is banned
|rule|Evasion Moves Clause: Evasion moves are banned
|rule|Endless Battle Clause: Forcing endless battles is banned
|rule|HP Percentage Mod: HP is reported as percentages
|teampreview
|
|start
|switch|p1a: Dugtrio|Dugtrio, M|208\/208
|switch|p2a: Deoxys-Defense|Deoxys-Defense, shiny|304\/304
|-ability|p2a: Deoxys-Defense|Pressure
|turn|1
|
|move|p1a: Dugtrio|Earthquake|p2a: Deoxys-Defense
|-damage|p2a: Deoxys-Defense|222\/304
|move|p2a: Deoxys-Defense|Stealth Rock|p1a: Dugtrio
|-sidestart|p1: nyc_test|move: Stealth Rock
|
|turn|2
|
|move|p1a: Dugtrio|Earthquake|p2a: Deoxys-Defense
|-crit|p2a: Deoxys-Defense
|-damage|p2a: Deoxys-Defense|101\/304
|move|p2a: Deoxys-Defense|Spikes|p1a: Dugtrio
|-sidestart|p1: nyc_test|Spikes
|
|turn|3
|
|move|p1a: Dugtrio|Earthquake|p2a: Deoxys-Defense
|-damage|p2a: Deoxys-Defense|14\/304
|move|p2a: Deoxys-Defense|Spikes|p1a: Dugtrio
|-sidestart|p1: nyc_test|Spikes
|
|turn|4
|
|move|p1a: Dugtrio|Earthquake|p2a: Deoxys-Defense
|-damage|p2a: Deoxys-Defense|0 fnt
|faint|p2a: Deoxys-Defense
|
|
|switch|p2a: Thundurus|Thundurus, M|299\/299
|turn|5
|
|move|p1a: Dugtrio|Stone Edge|p2a: Thundurus
|-supereffective|p2a: Thundurus
|-damage|p2a: Thundurus|65\/299
|move|p2a: Thundurus|Hidden Power|p1a: Dugtrio
|-supereffective|p1a: Dugtrio
|-damage|p1a: Dugtrio|20\/208
|
|-heal|p2a: Thundurus|83\/299|[from] item: Leftovers
|turn|6
|
|switch|p2a: Mawile|Mawile, M|303\/303
|-ability|p2a: Mawile|Intimidate|[of] p1a: Dugtrio
|-unboost|p1a: Dugtrio|atk|1
|move|p1a: Dugtrio|Reversal|p2a: Mawile
|-damage|p2a: Mawile|211\/303
|
|turn|7
|
|detailschange|p2a: Mawile|Mawile-Mega, M
|message|Mawile has Mega Evolved into Mega Mawile!
|move|p1a: Dugtrio|Earthquake|p2a: Mawile
|-supereffective|p2a: Mawile
|-damage|p2a: Mawile|73\/303
|move|p2a: Mawile|Play Rough|p1a: Dugtrio
|-damage|p1a: Dugtrio|0 fnt
|faint|p1a: Dugtrio
|
|
|switch|p1a: Latias|Latias, F, shiny|299\/299
|-damage|p1a: Latias|262\/299|[from] Stealth Rock
|turn|8
|
|move|p1a: Latias|Defog|p2a: Mawile
|-unboost|p2a: Mawile|evasion|1
|-sideend|p1: nyc_test|Spikes|[from] move: Defog|[of] p1a: Latias
|-sideend|p1: nyc_test|Stealth Rock|[from] move: Defog|[of] p1a: Latias
|move|p2a: Mawile|Swords Dance|p2a: Mawile
|-boost|p2a: Mawile|atk|2
|
|turn|9
|
|move|p1a: Latias|Psyshock|p2a: Mawile
|-resisted|p2a: Mawile
|-damage|p2a: Mawile|3\/303
|-damage|p1a: Latias|233\/299|[from] item: Life Orb
|move|p2a: Mawile|Play Rough|p1a: Latias
|-supereffective|p1a: Latias
|-damage|p1a: Latias|0 fnt
|faint|p1a: Latias
|
|
|switch|p1a: Talonflame|Talonflame, M|359\/359
|turn|10
|
|move|p1a: Talonflame|Brave Bird|p2a: Mawile
|-crit|p2a: Mawile
|-resisted|p2a: Mawile
|-damage|p2a: Mawile|0 fnt
|-damage|p1a: Talonflame|358\/359|[from] recoil|[of] p2a: Mawile
|faint|p2a: Mawile
|
|-heal|p1a: Talonflame|359\/359|[from] item: Leftovers
|
|switch|p2a: Thundurus|Thundurus, M|83\/299
|turn|11
|
|switch|p1a: Magnezone|Magnezone|281\/281
|move|p2a: Thundurus|Thunderbolt|p1a: Magnezone
|-resisted|p1a: Magnezone
|-damage|p1a: Magnezone|201\/281
|
|-heal|p2a: Thundurus|101\/299|[from] item: Leftovers
|turn|12
|
|move|p1a: Magnezone|Volt Switch|p2a: Thundurus
|-damage|p2a: Thundurus|0 fnt
|faint|p2a: Thundurus
|
|switch|p1a: Talonflame|Talonflame, M|359\/359
|
|
|switch|p2a: Landorus|Landorus, M|319\/319
|turn|13
|
|move|p2a: Landorus|Knock Off|p1a: Talonflame
|-damage|p1a: Talonflame|204\/359
|-enditem|p1a: Talonflame|Leftovers|[from] move: Knock Off|[of] p2a: Landorus
|-damage|p2a: Landorus|288\/319|[from] item: Life Orb
|move|p1a: Talonflame|Will-O-Wisp|p2a: Landorus
|-status|p2a: Landorus|brn
|
|-damage|p2a: Landorus|249\/319 brn|[from] brn
|turn|14
|
|switch|p1a: Magnezone|Magnezone|201\/281
|move|p2a: Landorus|Psychic|p1a: Magnezone
|-resisted|p1a: Magnezone
|-damage|p1a: Magnezone|117\/281
|
|-damage|p2a: Landorus|210\/319 brn|[from] brn
|turn|15
|
|switch|p2a: Aegislash|Aegislash, F|322\/322
|-item|p2a: Aegislash|Air Balloon
|move|p1a: Magnezone|Hidden Power|p2a: Aegislash
|-resisted|p2a: Aegislash
|-damage|p2a: Aegislash|289\/322
|-enditem|p2a: Aegislash|Air Balloon
|
|turn|16
|
|switch|p1a: Azumarill|Azumarill, M|393\/393
|-formechange|p2a: Aegislash|Aegislash-Blade
|move|p2a: Aegislash|Shadow Ball|p1a: Azumarill
|-damage|p1a: Azumarill|267\/393
|-unboost|p1a: Azumarill|spd|1
|
|turn|17
|
|-formechange|p2a: Aegislash|Aegislash
|move|p2a: Aegislash|King's Shield|p2a: Aegislash
|-singleturn|p2a: Aegislash|Protect
|move|p1a: Azumarill|Knock Off|p2a: Aegislash
|-activate|p2a: Aegislash|Protect
|-unboost|p1a: Azumarill|atk|2
|
|turn|18
|
|-formechange|p2a: Aegislash|Aegislash-Blade
|move|p2a: Aegislash|Shadow Ball|p1a: Azumarill
|-damage|p1a: Azumarill|63\/393
|move|p1a: Azumarill|Waterfall|p2a: Aegislash
|-damage|p2a: Aegislash|154\/322
|
|turn|19
|
|move|p1a: Azumarill|Aqua Jet|p2a: Aegislash
|-damage|p2a: Aegislash|78\/322
|move|p2a: Aegislash|Shadow Ball|p1a: Azumarill
|-damage|p1a: Azumarill|0 fnt
|faint|p1a: Azumarill
|
|
|switch|p1a: Charizard|Charizard, M, shiny|359\/359
|turn|20
|
|move|p1a: Charizard|Dragon Dance|p1a: Charizard
|-boost|p1a: Charizard|atk|1
|-boost|p1a: Charizard|spe|1
|move|p2a: Aegislash|Shadow Ball|p1a: Charizard
|-damage|p1a: Charizard|161\/359
|
|turn|21
|
|detailschange|p1a: Charizard|Charizard-Mega-X, M, shiny
|message|Charizard has Mega Evolved into Mega Charizard!
|move|p1a: Charizard|Dragon Claw|p2a: Aegislash
|-resisted|p2a: Aegislash
|-damage|p2a: Aegislash|0 fnt
|faint|p2a: Aegislash
|
|
|switch|p2a: Bisharp|Bisharp, M|271\/271
|turn|22
|
|move|p1a: Charizard|Flare Blitz|p2a: Bisharp
|-supereffective|p2a: Bisharp
|-damage|p2a: Bisharp|0 fnt
|-damage|p1a: Charizard|72\/359|[from] recoil|[of] p2a: Bisharp
|faint|p2a: Bisharp
|
|
|switch|p2a: Landorus|Landorus, M|210\/319 brn
|turn|23
|
|move|p1a: Charizard|Dragon Claw|p2a: Landorus
|-damage|p2a: Landorus|0 fnt
|faint|p2a: Landorus
|
|win|nyc_test
|raw|Ladder updating...
|raw|nyc_test's rating: 1881 &rarr; <strong>1903<\/strong><br \/>(+22 for winning)
|raw|BP Is For Fags's rating: 1918 &rarr; <strong>1896<\/strong><br \/>(-22 for losing)
|leave|BP Is For Fags
|player|p2