|join|nyc_test
|join|In Your Window
|player|p1|nyc_test|92
|player|p2|In Your Window|274
|gametype|singles
|gen|6
|tier|OU
|rated
|clearpoke
|poke|p1|Talonflame, M
|poke|p1|Azumarill, M
|poke|p1|Dugtrio, M
|poke|p1|Latias, F, shiny
|poke|p1|Magnezone
|poke|p1|Charizard, M, shiny
|poke|p2|Tyranitar, M
|poke|p2|Latios, M
|poke|p2|Scizor, M
|poke|p2|Talonflame, F
|poke|p2|Garchomp, F
|poke|p2|Azumarill, M
|rule|Swagger Clause: Swagger is banned
|rule|Baton Pass Clause: Limit three Pokémon knowing Baton Pass
|rule|Sleep Clause Mod: Limit one foe put to sleep
|rule|Species Clause: Limit one of each Pokémon
|rule|OHKO Clause: OHKO moves are banned
|rule|Moody Clause: Moody is banned
|rule|Evasion Moves Clause: Evasion moves are banned
|rule|Endless Battle Clause: Forcing endless battles is banned
|rule|HP Percentage Mod: HP is reported as percentages
|teampreview
|
|start
|switch|p1a: Magnezone|Magnezone|281\/281
|switch|p2a: Garchomp|Garchomp, F|357\/357
|turn|1
|
|move|p1a: Magnezone|Hidden Power|p2a: Garchomp
|-supereffective|p2a: Garchomp
|-damage|p2a: Garchomp|21\/357
|move|p2a: Garchomp|Stealth Rock|p1a: Magnezone
|-sidestart|p1: nyc_test|move: Stealth Rock
|
|turn|2
|
|switch|p1a: Latias|Latias, F, shiny|299\/299
|-damage|p1a: Latias|262\/299|[from] Stealth Rock
|switch|p2a: Azumarill|Azumarill, M|401\/401
|
|turn|3
|
|move|p1a: Latias|Defog|p2a: Azumarill
|-unboost|p2a: Azumarill|evasion|1
|-sideend|p1: nyc_test|Stealth Rock|[from] move: Defog|[of] p1a: Latias
|move|p2a: Azumarill|Knock Off|p1a: Latias
|-supereffective|p1a: Latias
|-damage|p1a: Latias|0 fnt
|-enditem|p1a: Latias|Life Orb|[from] move: Knock Off|[of] p2a: Azumarill
|faint|p1a: Latias
|
|
|switch|p1a: Talonflame|Talonflame, M|359\/359
|turn|4
|
|move|p1a: Talonflame|Will-O-Wisp|p2a: Azumarill
|-status|p2a: Azumarill|brn
|move|p2a: Azumarill|Waterfall|p1a: Talonflame
|-supereffective|p1a: Talonflame
|-damage|p1a: Talonflame|135\/359
|
|-heal|p1a: Talonflame|157\/359|[from] item: Leftovers
|-damage|p2a: Azumarill|351\/401 brn|[from] brn
|turn|5
|
|switch|p1a: Azumarill|Azumarill, M|393\/393
|switch|p2a: Talonflame|Talonflame, F|297\/297
|
|turn|6
|
|switch|p2a: Scizor|Scizor, M|343\/343
|switch|p1a: Magnezone|Magnezone|281\/281
|
|turn|7
|
|detailschange|p2a: Scizor|Scizor-Mega, M
|message|Scizor has Mega Evolved into Mega Scizor!
|move|p1a: Magnezone|Volt Switch|p2a: Scizor
|-damage|p2a: Scizor|232\/343
|
|switch|p1a: Charizard|Charizard, M, shiny|359\/359
|move|p2a: Scizor|Swords Dance|p2a: Scizor
|-boost|p2a: Scizor|atk|2
|
|turn|8
|
|switch|p2a: Azumarill|Azumarill, M|351\/401 brn
|detailschange|p1a: Charizard|Charizard-Mega-X, M, shiny
|message|Charizard has Mega Evolved into Mega Charizard!
|move|p1a: Charizard|Flare Blitz|p2a: Azumarill
|-resisted|p2a: Azumarill
|-damage|p2a: Azumarill|185\/401 brn
|-damage|p1a: Charizard|304\/359|[from] recoil|[of] p2a: Azumarill
|
|-damage|p2a: Azumarill|135\/401 brn|[from] brn
|turn|9
|
|move|p2a: Azumarill|Aqua Jet|p1a: Charizard
|-damage|p1a: Charizard|264\/359
|move|p1a: Charizard|Dragon Dance|p1a: Charizard
|-boost|p1a: Charizard|atk|1
|-boost|p1a: Charizard|spe|1
|
|-damage|p2a: Azumarill|85\/401 brn|[from] brn
|turn|10
|
|switch|p2a: Talonflame|Talonflame, F|297\/297
|move|p1a: Charizard|Roost|p1a: Charizard
|-heal|p1a: Charizard|359\/359
|
|turn|11
|
|move|p2a: Talonflame|Brave Bird|p1a: Charizard
|-damage|p1a: Charizard|156\/359
|-damage|p2a: Talonflame|230\/297|[from] recoil|[of] p1a: Charizard
|-damage|p2a: Talonflame|201\/297|[from] item: Life Orb
|move|p1a: Charizard|Dragon Claw|p2a: Talonflame
|-damage|p2a: Talonflame|0 fnt
|faint|p2a: Talonflame
|
|
|switch|p2a: Tyranitar|Tyranitar, M|386\/386
|-weather|Sandstorm
|turn|12
|
|switch|p1a: Dugtrio|Dugtrio, M|208\/208
|move|p2a: Tyranitar|Crunch|p1a: Dugtrio
|-enditem|p1a: Dugtrio|Focus Sash
|-damage|p1a: Dugtrio|1\/208
|
|-weather|Sandstorm|[upkeep]
|turn|13
|
|move|p1a: Dugtrio|Reversal|p2a: Tyranitar
|-supereffective|p2a: Tyranitar
|-damage|p2a: Tyranitar|0 fnt
|faint|p2a: Tyranitar
|
|-weather|Sandstorm|[upkeep]
|
|switch|p2a: Scizor|Scizor-Mega, M|232\/343
|turn|14
|
|switch|p1a: Charizard|Charizard-Mega-X, M, shiny|156\/359
|move|p2a: Scizor|Bullet Punch|p1a: Charizard
|-resisted|p1a: Charizard
|-damage|p1a: Charizard|102\/359
|
|-weather|Sandstorm|[upkeep]
|-damage|p1a: Charizard|80\/359|[from] sandstorm
|turn|15
|
|switch|p2a: Azumarill|Azumarill, M|85\/401 brn
|move|p1a: Charizard|Roost|p1a: Charizard
|-heal|p1a: Charizard|260\/359
|
|-weather|Sandstorm|[upkeep]
|-damage|p1a: Charizard|238\/359|[from] sandstorm
|-damage|p2a: Azumarill|60\/401 brn|[from] sandstorm
|-damage|p2a: Azumarill|10\/401 brn|[from] brn
|turn|16
|
|move|p1a: Charizard|Dragon Dance|p1a: Charizard
|-boost|p1a: Charizard|atk|1
|-boost|p1a: Charizard|spe|1
|move|p2a: Azumarill|Play Rough|p1a: Charizard
|-damage|p1a: Charizard|147\/359
|
|-weather|none
|-damage|p2a: Azumarill|0 fnt|[from] brn
|faint|p2a: Azumarill
|-message|In Your Window forfeited.
|
|win|nyc_test
|raw|Ladder updating...
|leave|In Your Window
|player|p2
|raw|nyc_test's rating: 1854 &rarr; <strong>1866<\/strong><br \/>(+12 for winning)
|raw|In Your Window's rating: 1711 &rarr; <strong>1699<\/strong><br \/>(-12 for losing)