|join|lt3c trick
|join|nyc_test
|player|p1|lt3c trick|281
|player|p2|nyc_test|92
|gametype|singles
|gen|6
|tier|OU
|rated
|clearpoke
|poke|p1|Politoed, F
|poke|p1|Kingdra, M
|poke|p1|Seismitoad, F
|poke|p1|Tornadus-Therian, M
|poke|p1|Heracross, F
|poke|p1|Jirachi
|poke|p2|Landorus-Therian, M
|poke|p2|Starmie
|poke|p2|Charizard, M, shiny
|poke|p2|Skarmory, M
|poke|p2|Clefable, F, shiny
|poke|p2|Kyurem-Black
|rule|Swagger Clause: Swagger is banned
|rule|Baton Pass Clause: Limit one Pokémon knowing Baton Pass
|rule|Sleep Clause Mod: Limit one foe put to sleep
|rule|Species Clause: Limit one of each Pokémon
|rule|OHKO Clause: OHKO moves are banned
|rule|Moody Clause: Moody is banned
|rule|Evasion Moves Clause: Evasion moves are banned
|rule|Endless Battle Clause: Forcing endless battles is banned
|rule|HP Percentage Mod: HP is shown in percentages
|teampreview
|
|start
|switch|p1a: Politoed|Politoed, F|364\/364
|switch|p2a: Landorus-Therian|Landorus-Therian, M|349\/349
|-ability|p2a: Landorus-Therian|Intimidate|[of] p1a: Politoed
|-unboost|p1a: Politoed|atk|1
|-weather|RainDance
|turn|1
|
|switch|p1a: Seismitoad|Seismitoad, F|409\/409
|move|p2a: Landorus-Therian|U-turn|p1a: Seismitoad
|-damage|p1a: Seismitoad|281\/409
|
|switch|p2a: Kyurem-Black|Kyurem-Black|405\/405
|-ability|p2a: Kyurem-Black|Teravolt
|
|-weather|RainDance|[upkeep]
|turn|2
|
|move|p1a: Seismitoad|Stealth Rock|p2a: Kyurem-Black
|-sidestart|p2: nyc_test|move: Stealth Rock
|move|p2a: Kyurem-Black|Substitute|p2a: Kyurem-Black
|-start|p2a: Kyurem-Black|Substitute
|-damage|p2a: Kyurem-Black|304\/405
|
|-weather|RainDance|[upkeep]
|-heal|p2a: Kyurem-Black|329\/405|[from] item: Leftovers
|turn|3
|
|switch|p1a: Jirachi|Jirachi|404\/404
|move|p2a: Kyurem-Black|Ice Beam|p1a: Jirachi
|-resisted|p1a: Jirachi
|-damage|p1a: Jirachi|343\/404
|
|-weather|RainDance|[upkeep]
|-heal|p2a: Kyurem-Black|354\/405|[from] item: Leftovers
|-heal|p1a: Jirachi|368\/404|[from] item: Leftovers
|turn|4
|
|move|p2a: Kyurem-Black|Earth Power|p1a: Jirachi
|-supereffective|p1a: Jirachi
|-damage|p1a: Jirachi|188\/404
|move|p1a: Jirachi|Wish|p1a: Jirachi
|
|-weather|RainDance|[upkeep]
|-heal|p2a: Kyurem-Black|379\/405|[from] item: Leftovers
|-heal|p1a: Jirachi|213\/404|[from] item: Leftovers
|turn|5
|
|move|p1a: Jirachi|Protect|p1a: Jirachi
|-singleturn|p1a: Jirachi|Protect
|move|p2a: Kyurem-Black|Earth Power|p1a: Jirachi
|-activate|p1a: Jirachi|Protect
|
|-weather|RainDance|[upkeep]
|-heal|p1a: Jirachi|404\/404|[from] move: Wish|[wisher] Jirachi
|-heal|p2a: Kyurem-Black|404\/405|[from] item: Leftovers
|turn|6
|
|move|p2a: Kyurem-Black|Earth Power|p1a: Jirachi
|-supereffective|p1a: Jirachi
|-damage|p1a: Jirachi|236\/404
|move|p1a: Jirachi|Iron Head|p2a: Kyurem-Black
|-supereffective|p2a: Kyurem-Black
|-end|p2a: Kyurem-Black|Substitute
|
|-weather|RainDance|[upkeep]
|-heal|p2a: Kyurem-Black|405\/405|[from] item: Leftovers
|-heal|p1a: Jirachi|261\/404|[from] item: Leftovers
|turn|7
|
|move|p2a: Kyurem-Black|Earth Power|p1a: Jirachi
|-supereffective|p1a: Jirachi
|-damage|p1a: Jirachi|105\/404
|move|p1a: Jirachi|Wish|p1a: Jirachi
|
|-weather|RainDance|[upkeep]
|-heal|p1a: Jirachi|130\/404|[from] item: Leftovers
|turn|8
|
|move|p1a: Jirachi|Protect|p1a: Jirachi
|-singleturn|p1a: Jirachi|Protect
|move|p2a: Kyurem-Black|Substitute|p2a: Kyurem-Black
|-start|p2a: Kyurem-Black|Substitute
|-damage|p2a: Kyurem-Black|304\/405
|
|-weather|none
|-heal|p1a: Jirachi|332\/404|[from] move: Wish|[wisher] Jirachi
|-heal|p2a: Kyurem-Black|329\/405|[from] item: Leftovers
|-heal|p1a: Jirachi|357\/404|[from] item: Leftovers
|turn|9
|c|★lt3c trick|you cant beat me 1v1 lol
|
|move|p2a: Kyurem-Black|Earth Power|p1a: Jirachi
|-supereffective|p1a: Jirachi
|-damage|p1a: Jirachi|195\/404
|move|p1a: Jirachi|Wish|p1a: Jirachi
|
|-heal|p2a: Kyurem-Black|354\/405|[from] item: Leftovers
|-heal|p1a: Jirachi|220\/404|[from] item: Leftovers
|turn|10
|
|move|p1a: Jirachi|Protect|p1a: Jirachi
|-singleturn|p1a: Jirachi|Protect
|move|p2a: Kyurem-Black|Earth Power|p1a: Jirachi
|-activate|p1a: Jirachi|Protect
|
|-heal|p1a: Jirachi|404\/404|[from] move: Wish|[wisher] Jirachi
|-heal|p2a: Kyurem-Black|379\/405|[from] item: Leftovers
|turn|11
|
|move|p2a: Kyurem-Black|Earth Power|p1a: Jirachi
|-supereffective|p1a: Jirachi
|-damage|p1a: Jirachi|234\/404
|move|p1a: Jirachi|Iron Head|p2a: Kyurem-Black
|-supereffective|p2a: Kyurem-Black
|-end|p2a: Kyurem-Black|Substitute
|
|-heal|p2a: Kyurem-Black|404\/405|[from] item: Leftovers
|-heal|p1a: Jirachi|259\/404|[from] item: Leftovers
|turn|12
|
|switch|p2a: Starmie|Starmie|323\/323
|-damage|p2a: Starmie|283\/323|[from] Stealth Rock
|move|p1a: Jirachi|Protect|p1a: Jirachi
|-fail|p1a: Jirachi
|
|-heal|p2a: Starmie|303\/323|[from] item: Leftovers
|-heal|p1a: Jirachi|284\/404|[from] item: Leftovers
|turn|13
|join|cute trap
|
|move|p2a: Starmie|Scald|p1a: Jirachi
|-damage|p1a: Jirachi|209\/404
|move|p1a: Jirachi|Thunder|p2a: Starmie
|-supereffective|p2a: Starmie
|-damage|p2a: Starmie|135\/323
|
|-heal|p2a: Starmie|155\/323|[from] item: Leftovers
|-heal|p1a: Jirachi|234\/404|[from] item: Leftovers
|turn|14
|
|switch|p1a: Politoed|Politoed, F|364\/364
|-weather|RainDance
|move|p2a: Starmie|Rapid Spin|p1a: Politoed
|-damage|p1a: Politoed|349\/364
|-sideend|p2: nyc_test|Stealth Rock|[from] move: Rapid Spin|[of] p2a: Starmie
|
|-weather|RainDance|[upkeep]
|-heal|p2a: Starmie|175\/323|[from] item: Leftovers
|turn|15
|join|breeloom
|
|move|p2a: Starmie|Recover|p2a: Starmie
|-heal|p2a: Starmie|323\/323
|move|p1a: Politoed|Scald|p2a: Starmie
|-resisted|p2a: Starmie
|-damage|p2a: Starmie|224\/323
|
|-weather|RainDance|[upkeep]
|-heal|p2a: Starmie|244\/323|[from] item: Leftovers
|turn|16
|
|move|p2a: Starmie|Scald|p1a: Politoed
|-resisted|p1a: Politoed
|-damage|p1a: Politoed|284\/364
|-status|p1a: Politoed|brn
|move|p1a: Politoed|Encore|p2a: Starmie
|-start|p2a: Starmie|Encore
|
|-weather|RainDance|[upkeep]
|-heal|p2a: Starmie|264\/323|[from] item: Leftovers
|-damage|p1a: Politoed|239\/364 brn|[from] brn
|turn|17
|join|y4
|
|move|p2a: Starmie|Scald|p1a: Politoed
|-resisted|p1a: Politoed
|-damage|p1a: Politoed|173\/364 brn
|move|p1a: Politoed|Rest|p1a: Politoed
|-status|p1a: Politoed|slp
|-heal|p1a: Politoed|364\/364 slp|[silent]
|-status|p1a: Politoed|slp|[from] move: Rest
|
|-weather|RainDance|[upkeep]
|-heal|p2a: Starmie|284\/323|[from] item: Leftovers
|turn|18
|
|switch|p1a: Kingdra|Kingdra, M|298\/298
|move|p2a: Starmie|Scald|p1a: Kingdra
|-resisted|p1a: Kingdra
|-damage|p1a: Kingdra|258\/298
|-status|p1a: Kingdra|brn
|
|-weather|RainDance|[upkeep]
|-heal|p2a: Starmie|304\/323|[from] item: Leftovers
|-damage|p1a: Kingdra|221\/298 brn|[from] brn
|turn|19
|
|move|p1a: Kingdra|Scald|p2a: Starmie
|-resisted|p2a: Starmie
|-damage|p2a: Starmie|138\/323
|-status|p2a: Starmie|brn
|move|p2a: Starmie|Scald|p1a: Kingdra
|-resisted|p1a: Kingdra
|-damage|p1a: Kingdra|183\/298 brn
|
|-weather|RainDance|[upkeep]
|-heal|p2a: Starmie|158\/323 brn|[from] item: Leftovers
|-damage|p1a: Kingdra|146\/298 brn|[from] brn
|-damage|p2a: Starmie|118\/323 brn|[from] brn
|-end|p2a: Starmie|Encore
|turn|20
|
|switch|p2a: Skarmory|Skarmory, M|333\/333
|move|p1a: Kingdra|Scald|p2a: Skarmory
|-activate|p2a: Skarmory|Sturdy
|-damage|p2a: Skarmory|1\/333
|-status|p2a: Skarmory|brn
|
|-weather|RainDance|[upkeep]
|-damage|p1a: Kingdra|109\/298 brn|[from] brn
|-damage|p2a: Skarmory|0 fnt|[from] brn
|faint|p2a: Skarmory
|
|switch|p2a: Kyurem-Black|Kyurem-Black|404\/405
|-ability|p2a: Kyurem-Black|Teravolt
|turn|21
|c| breeloom|ayy lmao 100% burns
|
|move|p1a: Kingdra|Scald|p2a: Kyurem-Black
|-resisted|p2a: Kyurem-Black
|-damage|p2a: Kyurem-Black|254\/405
|move|p2a: Kyurem-Black|Fusion Bolt|p1a: Kingdra
|-damage|p1a: Kingdra|0 fnt
|faint|p1a: Kingdra
|
|-weather|none
|-heal|p2a: Kyurem-Black|279\/405|[from] item: Leftovers
|c|★lt3c trick|awww lol
|
|switch|p1a: Heracross|Heracross, F|311\/311
|turn|22
|join|Apathos
|
|switch|p2a: Landorus-Therian|Landorus-Therian, M|349\/349
|-ability|p2a: Landorus-Therian|Intimidate|[of] p1a: Heracross
|-unboost|p1a: Heracross|atk|1
|detailschange|p1a: Heracross|Heracross-Mega, F
|message|Heracross has Mega Evolved into Mega Heracross!
|move|p1a: Heracross|Rock Blast|p2a: Landorus-Therian
|-damage|p2a: Landorus-Therian|315\/349
|-damage|p2a: Landorus-Therian|285\/349
|-damage|p2a: Landorus-Therian|252\/349
|-damage|p2a: Landorus-Therian|218\/349
|-crit|p2a: Landorus-Therian
|-damage|p2a: Landorus-Therian|152\/349
|-hitcount|p2a: Landorus-Therian|5
|
|turn|23
|
|move|p2a: Landorus-Therian|U-turn|p1a: Heracross
|-resisted|p1a: Heracross
|-damage|p1a: Heracross|270\/311
|
|switch|p2a: Clefable|Clefable, F, shiny|394\/394
|move|p1a: Heracross|Swords Dance|p1a: Heracross
|-boost|p1a: Heracross|atk|2
|
|turn|24
|join|z0mOG
|
|switch|p1a: Jirachi|Jirachi|234\/404
|move|p2a: Clefable|Moonblast|p1a: Jirachi
|-resisted|p1a: Jirachi
|-damage|p1a: Jirachi|189\/404
|
|-heal|p1a: Jirachi|214\/404|[from] item: Leftovers
|turn|25
|
|move|p1a: Jirachi|Wish|p1a: Jirachi
|move|p2a: Clefable|Flamethrower|p1a: Jirachi
|-supereffective|p1a: Jirachi
|-damage|p1a: Jirachi|110\/404
|
|-heal|p1a: Jirachi|135\/404|[from] item: Leftovers
|turn|26
|
|switch|p2a: Charizard|Charizard, M, shiny|321\/321
|move|p1a: Jirachi|Iron Head|p2a: Charizard
|-resisted|p2a: Charizard
|-damage|p2a: Charizard|267\/321
|
|-heal|p1a: Jirachi|337\/404|[from] move: Wish|[wisher] Jirachi
|-heal|p1a: Jirachi|362\/404|[from] item: Leftovers
|turn|27
|c| Apathos|Big damage
|
|switch|p1a: Politoed|Politoed, F|364\/364 slp
|-weather|RainDance
|detailschange|p2a: Charizard|Charizard-Mega-X, M, shiny
|message|Charizard has Mega Evolved into Mega Charizard!
|move|p2a: Charizard|Dragon Dance|p2a: Charizard
|-boost|p2a: Charizard|atk|1
|-boost|p2a: Charizard|spe|1
|
|-weather|RainDance|[upkeep]
|turn|28
|c| z0mOG|y u no t-wave??
|c|★lt3c trick|i have thunder
|c|★nyc_test|he has thunder
|c|★lt3c trick|and it misses 100% of the time
|c| z0mOG|y u no use wide lens??
|c|★lt3c trick|and i have no idea why he dances on a thunder rachi
|
|switch|p1a: Seismitoad|Seismitoad, F|281\/409
|move|p2a: Charizard|Dragon Claw|p1a: Seismitoad
|-crit|p1a: Seismitoad
|-damage|p1a: Seismitoad|0 fnt
|faint|p1a: Seismitoad
|
|-weather|RainDance|[upkeep]
|c| z0mOG|outskilled
|
|switch|p1a: Jirachi|Jirachi|362\/404
|turn|29
|
|switch|p2a: Landorus-Therian|Landorus-Therian, M|152\/349
|-ability|p2a: Landorus-Therian|Intimidate|[of] p1a: Jirachi
|-unboost|p1a: Jirachi|atk|1
|move|p1a: Jirachi|Thunder|p2a: Landorus-Therian
|-immune|p2a: Landorus-Therian|[msg]
|
|-weather|RainDance|[upkeep]
|-heal|p1a: Jirachi|387\/404|[from] item: Leftovers
|turn|30
|
|move|p1a: Jirachi|Protect|p1a: Jirachi
|-singleturn|p1a: Jirachi|Protect
|move|p2a: Landorus-Therian|U-turn|p1a: Jirachi
|-activate|p1a: Jirachi|Protect
|
|-weather|RainDance|[upkeep]
|-heal|p1a: Jirachi|404\/404|[from] item: Leftovers
|turn|31
|
|move|p2a: Landorus-Therian|U-turn|p1a: Jirachi
|-damage|p1a: Jirachi|314\/404
|
|switch|p2a: Kyurem-Black|Kyurem-Black|279\/405
|-ability|p2a: Kyurem-Black|Teravolt
|move|p1a: Jirachi|Thunder|p2a: Kyurem-Black
|-resisted|p2a: Kyurem-Black
|-damage|p2a: Kyurem-Black|240\/405
|-status|p2a: Kyurem-Black|par
|
|-weather|RainDance|[upkeep]
|-heal|p1a: Jirachi|339\/404|[from] item: Leftovers
|-heal|p2a: Kyurem-Black|265\/405 par|[from] item: Leftovers
|turn|32
|c| cute trap|people who rely on u turn for momentum cant predict
|c| cute trap|its a noob move
|
|switch|p2a: Landorus-Therian|Landorus-Therian, M|152\/349
|-ability|p2a: Landorus-Therian|Intimidate|[of] p1a: Jirachi
|-unboost|p1a: Jirachi|atk|1
|move|p1a: Jirachi|Iron Head|p2a: Landorus-Therian
|-damage|p2a: Landorus-Therian|98\/349
|
|-weather|RainDance|[upkeep]
|-heal|p1a: Jirachi|364\/404|[from] item: Leftovers
|turn|33
|c| z0mOG|you tell 'em
|
|move|p1a: Jirachi|Protect|p1a: Jirachi
|-singleturn|p1a: Jirachi|Protect
|move|p2a: Landorus-Therian|Earthquake|p1a: Jirachi
|-activate|p1a: Jirachi|Protect
|
|-weather|RainDance|[upkeep]
|-heal|p1a: Jirachi|389\/404|[from] item: Leftovers
|turn|34
|
|switch|p1a: Tornadus-Therian|Tornadus-Therian, M|332\/332
|move|p2a: Landorus-Therian|Earthquake|p1a: Tornadus-Therian
|-immune|p1a: Tornadus-Therian|[msg]
|
|-weather|none
|turn|35
|c| z0mOG|so not real
|
|switch|p2a: Kyurem-Black|Kyurem-Black|265\/405 par
|-ability|p2a: Kyurem-Black|Teravolt
|move|p1a: Tornadus-Therian|U-turn|p2a: Kyurem-Black
|-damage|p2a: Kyurem-Black|208\/405 par
|
|switch|p1a: Jirachi|Jirachi|389\/404
|
|-heal|p1a: Jirachi|404\/404|[from] item: Leftovers
|-heal|p2a: Kyurem-Black|233\/405 par|[from] item: Leftovers
|turn|36
|
|move|p1a: Jirachi|Iron Head|p2a: Kyurem-Black
|-supereffective|p2a: Kyurem-Black
|-damage|p2a: Kyurem-Black|41\/405 par
|cant|p2a: Kyurem-Black|flinch
|
|-heal|p2a: Kyurem-Black|66\/405 par|[from] item: Leftovers
|turn|37
|
|move|p1a: Jirachi|Iron Head|p2a: Kyurem-Black
|-supereffective|p2a: Kyurem-Black
|-damage|p2a: Kyurem-Black|0 fnt
|faint|p2a: Kyurem-Black
|
|
|switch|p2a: Charizard|Charizard-Mega-X, M, shiny|267\/321
|turn|38
|
|move|p2a: Charizard|Flare Blitz|p1a: Jirachi
|-supereffective|p1a: Jirachi
|-damage|p1a: Jirachi|0 fnt
|-damage|p2a: Charizard|134\/321|[from] recoil|[of] p1a: Jirachi
|faint|p1a: Jirachi
|
|
|switch|p1a: Tornadus-Therian|Tornadus-Therian, M|332\/332
|turn|39
|
|switch|p2a: Clefable|Clefable, F, shiny|394\/394
|move|p1a: Tornadus-Therian|Hurricane|p2a: Clefable
|-damage|p2a: Clefable|205\/394
|
|-heal|p2a: Clefable|229\/394|[from] item: Leftovers
|turn|40
|leave|z0mOG
|
|move|p1a: Tornadus-Therian|U-turn|p2a: Clefable
|-resisted|p2a: Clefable
|-damage|p2a: Clefable|208\/394
|
|switch|p1a: Politoed|Politoed, F|364\/364 slp
|-weather|RainDance
|move|p2a: Clefable|Calm Mind|p2a: Clefable
|-boost|p2a: Clefable|spa|1
|-boost|p2a: Clefable|spd|1
|
|-weather|RainDance|[upkeep]
|-heal|p2a: Clefable|232\/394|[from] item: Leftovers
|turn|41
|c| Apathos|Uh oh
|
|cant|p1a: Politoed|slp
|move|p2a: Clefable|Moonblast|p1a: Politoed
|-damage|p1a: Politoed|214\/364 slp
|
|-weather|RainDance|[upkeep]
|-heal|p2a: Clefable|256\/394|[from] item: Leftovers
|turn|42
|
|cant|p1a: Politoed|slp
|move|p2a: Clefable|Moonblast|p1a: Politoed
|-damage|p1a: Politoed|51\/364 slp
|
|-weather|RainDance|[upkeep]
|-heal|p2a: Clefable|280\/394|[from] item: Leftovers
|turn|43
|
|-curestatus|p1a: Politoed|slp
|move|p1a: Politoed|Hypnosis|p2a: Clefable
|-status|p2a: Clefable|slp
|cant|p2a: Clefable|slp
|
|-weather|RainDance|[upkeep]
|-heal|p2a: Clefable|304\/394 slp|[from] item: Leftovers
|turn|44
|
|move|p1a: Politoed|Rest|p1a: Politoed
|-status|p1a: Politoed|slp
|-heal|p1a: Politoed|364\/364 slp|[silent]
|-status|p1a: Politoed|slp|[from] move: Rest
|cant|p2a: Clefable|slp
|
|-weather|RainDance|[upkeep]
|-heal|p2a: Clefable|328\/394 slp|[from] item: Leftovers
|turn|45
|
|cant|p1a: Politoed|slp
|-curestatus|p2a: Clefable|slp
|move|p2a: Clefable|Calm Mind|p2a: Clefable
|-boost|p2a: Clefable|spa|1
|-boost|p2a: Clefable|spd|1
|
|-weather|RainDance|[upkeep]
|-heal|p2a: Clefable|352\/394|[from] item: Leftovers
|turn|46
|
|cant|p1a: Politoed|slp
|move|p2a: Clefable|Moonblast|p1a: Politoed
|-damage|p1a: Politoed|169\/364 slp
|-unboost|p1a: Politoed|spa|1
|
|-weather|RainDance|[upkeep]
|-heal|p2a: Clefable|376\/394|[from] item: Leftovers
|turn|47
|c|★lt3c trick|ofc
|
|-curestatus|p1a: Politoed|slp
|move|p1a: Politoed|Hypnosis|p2a: Clefable
|-status|p2a: Clefable|slp
|cant|p2a: Clefable|slp
|
|-weather|none
|-heal|p2a: Clefable|394\/394 slp|[from] item: Leftovers
|turn|48
|
|switch|p1a: Heracross|Heracross-Mega, F|270\/311
|cant|p2a: Clefable|slp
|
|turn|49
|
|move|p1a: Heracross|Swords Dance|p1a: Heracross
|-boost|p1a: Heracross|atk|2
|-curestatus|p2a: Clefable|slp
|move|p2a: Clefable|Moonblast|p1a: Heracross
|-supereffective|p1a: Heracross
|-damage|p1a: Heracross|0 fnt
|faint|p1a: Heracross
|
|c|★lt3c trick|of
|c|★lt3c trick|course
|c|★lt3c trick|the 1 turn sleeps
|c|★lt3c trick|nice
|leave|Apathos
|c|★nyc_test|2 turn sleeps
|c|★lt3c trick|you spend a turn asleep
|c|★lt3c trick|and then you wake up
|-message|lt3c trick forfeited.
|
|win|nyc_test
|raw|Ladder updating...
|leave|lt3c trick
|player|p1
|raw|lt3c trick's rating: 1794 &rarr; <strong>1776<\/strong><br \/>(-18 for losing)
|raw|nyc_test's rating: 1830 &rarr; <strong>1848<\/strong><br \/>(+18 for winning)
|leave|cute trap