|join|do you like that
|join|Storm Jesus
|player|p1|do you like that|1
|player|p2|Storm Jesus|151
|gametype|singles
|gen|6
|tier|OU
|rated
|clearpoke
|poke|p1|Scizor, M
|poke|p1|Gothitelle, M
|poke|p1|Azumarill, F
|poke|p1|Diggersby, M
|poke|p1|Heatran, F
|poke|p1|Conkeldurr, F
|poke|p2|Gengar, M
|poke|p2|Meloetta
|poke|p2|Gyarados, M
|poke|p2|Ferrothorn, M
|poke|p2|Entei, shiny
|poke|p2|Landorus, M
|rule|Swagger Clause: Swagger is banned
|rule|Baton Pass Clause: Limit one Pokémon knowing Baton Pass
|rule|Sleep Clause Mod: Limit one foe put to sleep
|rule|Species Clause: Limit one of each Pokémon
|rule|OHKO Clause: OHKO moves are banned
|rule|Moody Clause: Moody is banned
|rule|Evasion Moves Clause: Evasion moves are banned
|rule|Endless Battle Clause: Forcing endless battles is banned
|rule|HP Percentage Mod: HP is shown in percentages
|teampreview
|
|start
|switch|p1a: Conkeldurr|Conkeldurr, F|351\/351
|switch|p2a: Enten|Landorus, M|319\/319
|turn|1
|
|switch|p2a: Tytannial|Ferrothorn, M|352\/352
|move|p1a: Conkeldurr|Ice Punch|p2a: Tytannial
|-damage|p2a: Tytannial|291\/352
|-damage|p1a: Conkeldurr|308\/351|[from] ability: Iron Barbs|[of] p2a: Tytannial
|-damage|p1a: Conkeldurr|250\/351|[from] item: Rocky Helmet|[of] p2a: Tytannial
|
|turn|2
|
|switch|p1a: Heatran|Heatran, F|385\/385
|move|p2a: Tytannial|Stealth Rock|p1a: Heatran
|-sidestart|p1: do you like that|move: Stealth Rock
|
|turn|3
|
|move|p1a: Heatran|Stealth Rock|p2a: Tytannial
|-sidestart|p2: Storm Jesus|move: Stealth Rock
|move|p2a: Tytannial|Spikes|p1a: Heatran
|-sidestart|p1: do you like that|Spikes
|
|turn|4
|
|switch|p2a: Mufasa|Entei, shiny|434\/434
|-damage|p2a: Mufasa|326\/434|[from] Stealth Rock
|-ability|p2a: Mufasa|Pressure
|move|p1a: Heatran|Lava Plume|p2a: Mufasa
|-resisted|p2a: Mufasa
|-damage|p2a: Mufasa|274\/434
|
|turn|5
|
|switch|p1a: Azumarill|Azumarill, F|361\/361
|-damage|p1a: Azumarill|316\/361|[from] Stealth Rock
|-damage|p1a: Azumarill|271\/361|[from] Spikes
|move|p2a: Mufasa|Bulldoze|p1a: Azumarill
|-damage|p1a: Azumarill|177\/361
|-unboost|p1a: Azumarill|spe|1
|-enditem|p1a: Azumarill|Sitrus Berry|[eat]
|-heal|p1a: Azumarill|267\/361|[from] item: Sitrus Berry
|
|turn|6
|
|move|p2a: Mufasa|Sacred Fire|p1a: Azumarill
|-resisted|p1a: Azumarill
|-damage|p1a: Azumarill|162\/361
|move|p1a: Azumarill|Belly Drum|p1a: Azumarill
|-fail|p1a: Azumarill
|
|turn|7
|
|switch|p2a: Tytannial|Ferrothorn, M|291\/352
|-damage|p2a: Tytannial|269\/352|[from] Stealth Rock
|move|p1a: Azumarill|Aqua Jet|p2a: Tytannial
|-resisted|p2a: Tytannial
|-damage|p2a: Tytannial|244\/352
|-damage|p1a: Azumarill|117\/361|[from] ability: Iron Barbs|[of] p2a: Tytannial
|-damage|p1a: Azumarill|57\/361|[from] item: Rocky Helmet|[of] p2a: Tytannial
|
|turn|8
|
|switch|p1a: Gothitelle|Gothitelle, M|281\/281
|-damage|p1a: Gothitelle|246\/281|[from] Spikes
|-damage|p1a: Gothitelle|211\/281|[from] Stealth Rock
|move|p2a: Tytannial|Spikes|p1a: Gothitelle
|-sidestart|p1: do you like that|Spikes
|
|turn|9
|
|move|p1a: Gothitelle|Hidden Power|p2a: Tytannial
|-supereffective|p2a: Tytannial
|-damage|p2a: Tytannial|0 fnt
|faint|p2a: Tytannial
|
|
|switch|p2a: Mufasa|Entei, shiny|274\/434
|-damage|p2a: Mufasa|166\/434|[from] Stealth Rock
|-ability|p2a: Mufasa|Pressure
|turn|10
|
|switch|p1a: Azumarill|Azumarill, F|57\/361
|-damage|p1a: Azumarill|12\/361|[from] Stealth Rock
|-damage|p1a: Azumarill|0 fnt|[from] Spikes
|faint|p1a: Azumarill
|move|p2a: Mufasa|Bulldoze|p1: Azumarill|[notarget]
|-notarget
|
|
|switch|p1a: Gothitelle|Gothitelle, M|211\/281
|-damage|p1a: Gothitelle|176\/281|[from] Stealth Rock
|-damage|p1a: Gothitelle|130\/281|[from] Spikes
|turn|11
|
|move|p2a: Mufasa|Extreme Speed|p1a: Gothitelle
|-damage|p1a: Gothitelle|27\/281
|move|p1a: Gothitelle|Psyshock|p2a: Mufasa
|-damage|p2a: Mufasa|0 fnt
|faint|p2a: Mufasa
|
|
|switch|p2a: Predator|Gyarados, M|331\/331
|-damage|p2a: Predator|249\/331|[from] Stealth Rock
|-ability|p2a: Predator|Intimidate|[of] p1a: Gothitelle
|-unboost|p1a: Gothitelle|atk|1
|turn|12
|
|detailschange|p2a: Predator|Gyarados-Mega, M
|message|Gyarados has Mega Evolved into Mega Gyarados!
|-ability|p2a: Predator|Mold Breaker
|move|p2a: Predator|Dragon Dance|p2a: Predator
|-boost|p2a: Predator|atk|1
|-boost|p2a: Predator|spe|1
|move|p1a: Gothitelle|Psyshock|p2a: Predator
|-immune|p2a: Predator|[msg]
|
|turn|13
|
|move|p2a: Predator|Substitute|p2a: Predator
|-start|p2a: Predator|Substitute
|-damage|p2a: Predator|167\/331
|move|p1a: Gothitelle|Psyshock|p2a: Predator
|-immune|p2a: Predator|[msg]
|
|turn|14
|
|switch|p1a: Conkeldurr|Conkeldurr, F|250\/351
|-damage|p1a: Conkeldurr|192\/351|[from] Spikes
|-damage|p1a: Conkeldurr|171\/351|[from] Stealth Rock
|move|p2a: Predator|Dragon Dance|p2a: Predator
|-boost|p2a: Predator|atk|1
|-boost|p2a: Predator|spe|1
|
|turn|15
|c|★do you like that|gg
|-message|do you like that forfeited.
|
|win|Storm Jesus
|raw|Ladder updating...
|leave|do you like that
|player|p1
|c|★Storm Jesus|gg
|raw|do you like that's rating: 1684 &rarr; <strong>1670<\/strong><br \/>(-14 for losing)
|raw|Storm Jesus's rating: 1799 &rarr; <strong>1813<\/strong><br \/>(+14 for winning)