|join|Reverb
|join|Storm Jesus
|player|p1|Reverb|#reverb
|player|p2|Storm Jesus|151
|gametype|singles
|gen|6
|tier|OU
|rated
|clearpoke
|poke|p1|Scizor, F
|poke|p1|Diggersby, M, shiny
|poke|p1|Raikou, shiny
|poke|p1|Azelf
|poke|p1|Greninja, M
|poke|p1|Latios, M, shiny
|poke|p2|Gengar, M
|poke|p2|Meloetta
|poke|p2|Gyarados, M
|poke|p2|Ferrothorn, M
|poke|p2|Entei, shiny
|poke|p2|Landorus, M
|rule|Swagger Clause: Swagger is banned
|rule|Baton Pass Clause: Limit one Pokémon knowing Baton Pass
|rule|Sleep Clause Mod: Limit one foe put to sleep
|rule|Species Clause: Limit one of each Pokémon
|rule|OHKO Clause: OHKO moves are banned
|rule|Moody Clause: Moody is banned
|rule|Evasion Moves Clause: Evasion moves are banned
|rule|Endless Battle Clause: Forcing endless battles is banned
|rule|HP Percentage Mod: HP is shown in percentages
|teampreview
|join|fuck space
|join|Savage Alby
|join|jake5
|
|start
|switch|p1a: Azelf|Azelf|291\/291
|switch|p2a: Mufasa|Entei, shiny|434\/434
|-ability|p2a: Mufasa|Pressure
|turn|1
|
|move|p1a: Azelf|Stealth Rock|p2a: Mufasa
|-sidestart|p2: Storm Jesus|move: Stealth Rock
|move|p2a: Mufasa|Sacred Fire|p1a: Azelf
|-damage|p1a: Azelf|17\/291
|
|turn|2
|
|move|p2a: Mufasa|Extreme Speed|p1a: Azelf
|-damage|p1a: Azelf|0 fnt
|faint|p1a: Azelf
|
|c| jake5|lol void if someone checks the numbe of alts you have
|c|★Storm Jesus|check it
|c|★Storm Jesus|its over 9k
|
|switch|p1a: hoes on mah bed|Diggersby, M, shiny|311\/311
|turn|3
|c|★Storm Jesus|literally
|c| jake5|u serious
|
|switch|p2a: Phantom|Gengar, M|262\/262
|-damage|p2a: Phantom|230\/262|[from] Stealth Rock
|move|p1a: hoes on mah bed|Earthquake|p2a: Phantom
|-immune|p2a: Phantom|[msg]
|
|turn|4
|
|switch|p1a: Raikou|Raikou, shiny|329\/329
|-ability|p1a: Raikou|Pressure
|move|p2a: Phantom|Focus Blast|p1a: Raikou
|-damage|p1a: Raikou|138\/329
|-unboost|p1a: Raikou|spd|1
|-damage|p2a: Phantom|204\/262|[from] item: Life Orb
|
|turn|5
|c| fuck space|yummy
|
|switch|p2a: Tytannial|Ferrothorn, M|352\/352
|-damage|p2a: Tytannial|330\/352|[from] Stealth Rock
|move|p1a: Raikou|Shadow Ball|p2a: Tytannial
|-damage|p2a: Tytannial|212\/352
|
|turn|6
|c| jake5|finally changed it to lo
|
|move|p1a: Raikou|Shadow Ball|p2a: Tytannial
|-damage|p2a: Tytannial|92\/352
|move|p2a: Tytannial|Stealth Rock|p1a: Raikou
|-sidestart|p1: Reverb|move: Stealth Rock
|
|turn|7
|
|switch|p2a: Zelda|Meloetta|404\/404
|-damage|p2a: Zelda|354\/404|[from] Stealth Rock
|move|p1a: Raikou|Shadow Ball|p2a: Zelda
|-immune|p2a: Zelda|[msg]
|
|-heal|p2a: Zelda|379\/404|[from] item: Leftovers
|turn|8
|join|Ox the Fox
|
|switch|p1a: Scizor|Scizor, F|307\/307
|-damage|p1a: Scizor|269\/307|[from] Stealth Rock
|switch|p2a: Mufasa|Entei, shiny|434\/434
|-damage|p2a: Mufasa|326\/434|[from] Stealth Rock
|-ability|p2a: Mufasa|Pressure
|
|turn|9
|join|666 EDGES
|leave|666 EDGES
|
|switch|p1a: Raikou|Raikou, shiny|138\/329
|-damage|p1a: Raikou|97\/329|[from] Stealth Rock
|-ability|p1a: Raikou|Pressure
|move|p2a: Mufasa|Sacred Fire|p1a: Raikou
|-damage|p1a: Raikou|0 fnt
|faint|p1a: Raikou
|
|
|switch|p1a: hoes on mah bed|Diggersby, M, shiny|311\/311
|-damage|p1a: hoes on mah bed|292\/311|[from] Stealth Rock
|turn|10
|
|move|p1a: hoes on mah bed|Return|p2a: Mufasa
|-damage|p2a: Mufasa|0 fnt
|-damage|p1a: hoes on mah bed|261\/311|[from] item: Life Orb
|faint|p2a: Mufasa
|
|
|switch|p2a: Phantom|Gengar, M|204\/262
|-damage|p2a: Phantom|172\/262|[from] Stealth Rock
|turn|11
|c| jake5|lolwut
|c| Ox the Fox|?
|
|move|p2a: Phantom|Sludge Wave|p1a: hoes on mah bed
|-resisted|p1a: hoes on mah bed
|-damage|p1a: hoes on mah bed|125\/311
|-damage|p2a: Phantom|146\/262|[from] item: Life Orb
|move|p1a: hoes on mah bed|Fire Punch|p2a: Phantom
|-damage|p2a: Phantom|0 fnt
|-damage|p1a: hoes on mah bed|94\/311|[from] item: Life Orb
|faint|p2a: Phantom
|
|c|★Storm Jesus|I thought hed switch
|
|switch|p2a: Enten|Landorus, M|319\/319
|-damage|p2a: Enten|280\/319|[from] Stealth Rock
|turn|12
|c| Ox the Fox|storm whats your gengar set now :o
|c| jake5|diggers outsped
|
|move|p1a: hoes on mah bed|Quick Attack|p2a: Enten
|-crit|p2a: Enten
|-damage|p2a: Enten|84\/319
|-damage|p1a: hoes on mah bed|63\/311|[from] item: Life Orb
|move|p2a: Enten|Psychic|p1a: hoes on mah bed
|-damage|p1a: hoes on mah bed|0 fnt
|faint|p1a: hoes on mah bed
|
|c| jake5|its lo
|c|★Storm Jesus|.
|c| Ox the Fox|life orb is weird on your team
|join|Cienight
|c| jake5|at least u changed it
|c| jake5|yeah since he never ran it
|c| Ox the Fox|but what moves
|c| jake5|lo gengar=best gengar
|c|★Storm Jesus|lifeorb gengar with sball, taunt, fblast, sludgewave
|c| Ox the Fox|ah
|
|switch|p1a: Scizor|Scizor, F|269\/307
|-damage|p1a: Scizor|231\/307|[from] Stealth Rock
|turn|13
|c| jake5|ah the best set
|
|detailschange|p1a: Scizor|Scizor-Mega, F
|message|Scizor has Mega Evolved into Mega Scizor!
|move|p1a: Scizor|Bullet Punch|p2a: Enten
|-damage|p2a: Enten|0 fnt
|faint|p2a: Enten
|
|c| jake5|yeha thats really the only set for lo gengar
|
|switch|p2a: Predator|Gyarados, M|331\/331
|-damage|p2a: Predator|249\/331|[from] Stealth Rock
|-ability|p2a: Predator|Intimidate|[of] p1a: Scizor
|-unboost|p1a: Scizor|atk|1
|turn|14
|c| jake5|ah this bad boi
|
|move|p2a: Predator|Dragon Dance|p2a: Predator
|-boost|p2a: Predator|atk|1
|-boost|p2a: Predator|spe|1
|move|p1a: Scizor|Swords Dance|p1a: Scizor
|-boost|p1a: Scizor|atk|2
|
|turn|15
|
|move|p2a: Predator|Waterfall|p1a: Scizor
|-damage|p1a: Scizor|98\/307
|move|p1a: Scizor|Bug Bite|p2a: Predator
|-resisted|p2a: Predator
|-damage|p2a: Predator|60\/331
|
|turn|16
|c| jake5|hmm
|c| Ox the Fox|superpower
|c| jake5|i doubt it lives bp
|c| Ox the Fox|if real
|c| jake5|or maybe it does
|c| Ox the Fox|it doesn't
|
|detailschange|p2a: Predator|Gyarados-Mega, M
|message|Gyarados has Mega Evolved into Mega Gyarados!
|-ability|p2a: Predator|Mold Breaker
|move|p1a: Scizor|Bullet Punch|p2a: Predator
|-resisted|p2a: Predator
|-damage|p2a: Predator|0 fnt
|faint|p2a: Predator
|
|c| jake5|ah
|
|switch|p2a: Tytannial|Ferrothorn, M|92\/352
|-damage|p2a: Tytannial|70\/352|[from] Stealth Rock
|turn|17
|
|move|p1a: Scizor|Bug Bite|p2a: Tytannial
|-damage|p2a: Tytannial|0 fnt
|-damage|p1a: Scizor|60\/307|[from] ability: Iron Barbs|[of] p2a: Tytannial
|-damage|p1a: Scizor|9\/307|[from] item: Rocky Helmet|[of] p2a: Tytannial
|faint|p2a: Tytannial
|
|c| jake5|yeah thats gae
|c| Ox the Fox|my teams always have good matchup against storm
|
|switch|p2a: Zelda|Meloetta|379\/404
|-damage|p2a: Zelda|329\/404|[from] Stealth Rock
|turn|18
|
|move|p1a: Scizor|Bullet Punch|p2a: Zelda
|-damage|p2a: Zelda|161\/404
|move|p2a: Zelda|Psyshock|p1a: Scizor
|-resisted|p1a: Scizor
|-damage|p1a: Scizor|0 fnt
|faint|p1a: Scizor
|
|-heal|p2a: Zelda|186\/404|[from] item: Leftovers
|c|★Storm Jesus|bc u ct me ox
|c| jake5|well void does run one team lol
|c|★Reverb|gg
|c| Ox the Fox|lol
|
|switch|p1a: Greninja|Greninja, M|285\/285
|-damage|p1a: Greninja|250\/285|[from] Stealth Rock
|turn|19
|c| Ox the Fox|n
|c|★Storm Jesus|gg
|
|move|p1a: Greninja|Dark Pulse|p2a: Zelda
|-start|p1a: Greninja|typechange|Dark|[from] Protean
|-supereffective|p2a: Zelda
|-damage|p2a: Zelda|0 fnt
|-damage|p1a: Greninja|222\/285|[from] item: Life Orb
|faint|p2a: Zelda
|
|win|Reverb
|raw|Ladder updating...
|c| Ox the Fox|I just make teams and they beat yours
|c| jake5|yeah ik
|leave|Storm Jesus
|player|p2
|c| jake5|but this is his main