|join|Storm Jesus
|join|toostrawng
|player|p1|Storm Jesus|151
|player|p2|toostrawng|2
|gametype|singles
|gen|6
|tier|OU
|rated
|clearpoke
|poke|p1|Gengar, M
|poke|p1|Meloetta
|poke|p1|Conkeldurr, M
|poke|p1|Gyarados, M
|poke|p1|Ferrothorn, M
|poke|p1|Landorus, M
|poke|p2|Gyarados, M, shiny
|poke|p2|Talonflame, F, shiny
|poke|p2|Kyurem-Black, shiny
|poke|p2|Latias, F
|poke|p2|Azelf
|poke|p2|Azumarill, M
|rule|Swagger Clause: Swagger is banned
|rule|Baton Pass Clause: Limit one Pokémon knowing Baton Pass
|rule|Sleep Clause Mod: Limit one foe put to sleep
|rule|Species Clause: Limit one of each Pokémon
|rule|OHKO Clause: OHKO moves are banned
|rule|Moody Clause: Moody is banned
|rule|Evasion Moves Clause: Evasion moves are banned
|rule|Endless Battle Clause: Forcing endless battles is banned
|rule|HP Percentage Mod: HP is shown in percentages
|teampreview
|
|start
|switch|p1a: Heihachi|Conkeldurr, M|383\/383
|switch|p2a: Azelf|Azelf|291\/291
|turn|1
|
|move|p2a: Azelf|Stealth Rock|p1a: Heihachi
|-sidestart|p1: Storm Jesus|move: Stealth Rock
|move|p1a: Heihachi|Knock Off|p2a: Azelf
|-supereffective|p2a: Azelf
|-enditem|p2a: Azelf|Focus Sash
|-damage|p2a: Azelf|1\/291
|
|turn|2
|join|FuqGliscore
|c|★toostrawng|lmao i like that nickname
|
|move|p1a: Heihachi|Mach Punch|p2a: Azelf
|-resisted|p2a: Azelf
|-damage|p2a: Azelf|0 fnt
|faint|p2a: Azelf
|
|
|switch|p2a: Talonflame|Talonflame, F, shiny|297\/297
|turn|3
|
|move|p2a: Talonflame|Swords Dance|p2a: Talonflame
|-boost|p2a: Talonflame|atk|2
|move|p1a: Heihachi|Knock Off|p2a: Talonflame
|-damage|p2a: Talonflame|144\/297
|-enditem|p2a: Talonflame|Leftovers|[from] move: Knock Off|[of] p1a: Heihachi
|
|turn|4
|c|★Storm Jesus|its goodlyish imo
|c|★Storm Jesus|:]
|
|move|p2a: Talonflame|Flare Blitz|p1a: Heihachi
|-damage|p1a: Heihachi|32\/383
|-damage|p2a: Talonflame|28\/297|[from] recoil|[of] p1a: Heihachi
|move|p1a: Heihachi|Drain Punch|p2a: Talonflame
|-resisted|p2a: Talonflame
|-damage|p2a: Talonflame|0 fnt
|-heal|p1a: Heihachi|46\/383|[from] drain|[of] p2a: Talonflame
|faint|p2a: Talonflame
|
|c|★Storm Jesus|damn
|c|★Storm Jesus|i never thought the day a conk would beat a talonflame
|c|★toostrawng|lol i never thought a conk would stay in
|c|★Storm Jesus|lel haha
|c|★toostrawng|chipping me from brave bird damage with ferro and getting up your rocks seemed smarter
|c|★Storm Jesus|not risking the god damn sd
|c|★toostrawng|since no one uses flare blitz nowadays
|c|★Storm Jesus|sd is common now
|c|★toostrawng|fair enough lol
|c|★Storm Jesus|that's the 5th sd talon i saw today
|c|★Storm Jesus|its crazy i been swept 4 times
|c|★Storm Jesus|:x
|c|★Storm Jesus|..
|
|switch|p2a: Slifer|Gyarados, M, shiny|355\/355
|turn|5
|c|★toostrawng|yup lol your team is very weak to it bro
|
|move|p2a: Slifer|Substitute|p2a: Slifer
|-start|p2a: Slifer|Substitute
|-damage|p2a: Slifer|267\/355
|move|p1a: Heihachi|Knock Off|p2a: Slifer
|-activate|p2a: Slifer|Substitute|[damage]
|
|turn|6
|c|★Storm Jesus|well melo can live a +2 lifeorb bravebird
|
|move|p1a: Heihachi|Mach Punch|p2a: Slifer
|-resisted|p2a: Slifer
|-end|p2a: Slifer|Substitute
|move|p2a: Slifer|Dragon Dance|p2a: Slifer
|-boost|p2a: Slifer|atk|1
|-boost|p2a: Slifer|spe|1
|
|turn|7
|
|switch|p1a: Tytannial|Ferrothorn, M|352\/352
|-damage|p1a: Tytannial|330\/352|[from] Stealth Rock
|move|p2a: Slifer|Waterfall|p1a: Tytannial
|-resisted|p1a: Tytannial
|-damage|p1a: Tytannial|267\/352
|-damage|p2a: Slifer|223\/355|[from] ability: Iron Barbs|[of] p1a: Tytannial
|-damage|p2a: Slifer|164\/355|[from] item: Rocky Helmet|[of] p1a: Tytannial
|
|turn|8
|
|switch|p2a: Madara|Kyurem-Black, shiny|405\/405
|-ability|p2a: Madara|Teravolt
|move|p1a: Tytannial|Gyro Ball|p2a: Madara
|-supereffective|p2a: Madara
|-damage|p2a: Madara|33\/405
|
|turn|9
|
|move|p2a: Madara|Ice Beam|p1a: Tytannial
|-damage|p1a: Tytannial|86\/352
|-status|p1a: Tytannial|frz
|-damage|p2a: Madara|0 fnt|[from] item: Life Orb
|faint|p2a: Madara
|cant|p1a: Tytannial|frz
|
|c|★Storm Jesus|im real :)
|
|switch|p2a: Latias|Latias, F|301\/301
|turn|10
|c| FuqGliscore|inb4 cm
|
|move|p2a: Latias|Healing Wish|p2a: Latias
|faint|p2a: Latias
|cant|p1a: Tytannial|frz
|
|
|switch|p2a: Slifer|Gyarados, M, shiny|164\/355
|-heal|p2a: Slifer|355\/355|[from] move: Healing Wish
|turn|11
|c| FuqGliscore|inb4 dd
|c|★Storm Jesus|it is dd
|c|★Storm Jesus|i saw it
|c|★Storm Jesus|._.
|c|★Storm Jesus|dd is standard
|c|★Storm Jesus|>inb4
|c|★Storm Jesus|lol
|c| FuqGliscore|i was not paying attention
|
|switch|p1a: Predator|Gyarados, M|331\/331
|-damage|p1a: Predator|249\/331|[from] Stealth Rock
|-ability|p1a: Predator|Intimidate|[of] p2a: Slifer
|-unboost|p2a: Slifer|atk|1
|move|p2a: Slifer|Dragon Dance|p2a: Slifer
|-boost|p2a: Slifer|atk|1
|-boost|p2a: Slifer|spe|1
|
|turn|12
|
|move|p2a: Slifer|Waterfall|p1a: Predator
|-resisted|p1a: Predator
|-damage|p1a: Predator|158\/331
|move|p1a: Predator|Dragon Dance|p1a: Predator
|-boost|p1a: Predator|atk|1
|-boost|p1a: Predator|spe|1
|
|turn|13
|
|move|p1a: Predator|Dragon Dance|p1a: Predator
|-boost|p1a: Predator|atk|1
|-boost|p1a: Predator|spe|1
|move|p2a: Slifer|Substitute|p2a: Slifer
|-start|p2a: Slifer|Substitute
|-damage|p2a: Slifer|267\/355
|
|turn|14
|
|move|p1a: Predator|Waterfall|p2a: Slifer
|-resisted|p2a: Slifer
|-end|p2a: Slifer|Substitute
|move|p2a: Slifer|Dragon Dance|p2a: Slifer
|-boost|p2a: Slifer|atk|1
|-boost|p2a: Slifer|spe|1
|
|turn|15
|
|move|p1a: Predator|Waterfall|p2a: Slifer
|-resisted|p2a: Slifer
|-damage|p2a: Slifer|131\/355
|move|p2a: Slifer|Waterfall|p1a: Predator
|-resisted|p1a: Predator
|-damage|p1a: Predator|22\/331
|
|turn|16
|
|detailschange|p1a: Predator|Gyarados-Mega, M
|-mega|p1a: Predator|Gyarados|Gyaradosite
|-ability|p1a: Predator|Mold Breaker
|detailschange|p2a: Slifer|Gyarados-Mega, M, shiny
|-mega|p2a: Slifer|Gyarados|Gyaradosite
|-ability|p2a: Slifer|Mold Breaker
|move|p1a: Predator|Waterfall|p2a: Slifer
|-resisted|p2a: Slifer
|-damage|p2a: Slifer|0 fnt
|faint|p2a: Slifer
|
|
|switch|p2a: Azumarill|Azumarill, M|364\/364
|turn|17
|
|move|p1a: Predator|Earthquake|p2a: Azumarill
|-damage|p2a: Azumarill|55\/364
|-enditem|p2a: Azumarill|Sitrus Berry|[eat]
|-heal|p2a: Azumarill|146\/364|[from] item: Sitrus Berry
|move|p2a: Azumarill|Belly Drum|p2a: Azumarill
|-fail|p2a: Azumarill
|
|turn|18
|
|switch|p1a: Zelda|Meloetta|404\/404
|-damage|p1a: Zelda|354\/404|[from] Stealth Rock
|move|p2a: Azumarill|Aqua Jet|p1a: Zelda
|-damage|p1a: Zelda|287\/404
|
|-heal|p1a: Zelda|312\/404|[from] item: Leftovers
|turn|19
|c|★toostrawng|gg
|c|★Storm Jesus|the 6-0..
|c|★toostrawng|so close
|c|★Storm Jesus|gg
|c|★toostrawng|idk why ppl run max speed gyara
|c|★toostrawng|its frustrating lol
|c|★toostrawng|ive always liked my bulky set
|-message|toostrawng forfeited.
|leave|toostrawng
|
|win|Storm Jesus
|raw|Ladder updating...
|player|p2
|raw|Storm Jesus's rating: 1564 &rarr; <strong>1579<\/strong><br \/>(+15 for winning)
|raw|toostrawng's rating: 1483 &rarr; <strong>1468<\/strong><br \/>(-15 for losing)