|join|yearoflight
|join|EVILDEDENNE5439
|player|p1|yearoflight|222
|player|p2|EVILDEDENNE5439|187
|gametype|singles
|gen|6
|tier|UU
|rated
|rule|Sleep Clause Mod: Limit one foe put to sleep
|rule|Species Clause: Limit one of each Pokémon
|rule|OHKO Clause: OHKO moves are banned
|rule|Moody Clause: Moody is banned
|rule|Evasion Moves Clause: Evasion moves are banned
|rule|Endless Battle Clause: Forcing endless battles is banned
|rule|HP Percentage Mod: HP is shown in percentages
|clearpoke
|poke|p1|Sceptile, F
|poke|p1|Haxorus, M
|poke|p1|Infernape, F
|poke|p1|Suicune
|poke|p1|Florges, F
|poke|p1|Bronzong
|poke|p2|Milotic, F
|poke|p2|Toxicroak, M
|poke|p2|Zoroark, M, shiny
|poke|p2|Pangoro, M
|poke|p2|Florges, F
|poke|p2|Lucario, M, shiny
|rule|Swagger Clause: Swagger is banned
|rule|Baton Pass Clause: Limit one Pokémon knowing Baton Pass
|teampreview
|
|start
|switch|p1a: Infernape|Infernape, F|293\/293
|switch|p2a: Orion|Lucario, M, shiny|282\/282
|turn|1
|
|switch|p2a: Storm|Milotic, F|332\/332
|move|p1a: Infernape|Close Combat|p2a: Storm
|-damage|p2a: Storm|118\/332
|-unboost|p1a: Infernape|def|1
|-unboost|p1a: Infernape|spd|1
|
|turn|2
|
|move|p1a: Infernape|Close Combat|p2a: Storm
|-damage|p2a: Storm|0 fnt
|-unboost|p1a: Infernape|def|1
|-unboost|p1a: Infernape|spd|1
|faint|p2a: Storm
|
|
|switch|p2a: Bouquet|Florges, F|312\/312
|turn|3
|
|move|p1a: Infernape|Stealth Rock|p2a: Bouquet
|-sidestart|p2: EVILDEDENNE5439|move: Stealth Rock
|move|p2a: Bouquet|Wish|p2a: Bouquet
|
|turn|4
|
|switch|p1a: Bronzong|Bronzong|338\/338
|switch|p2a: Russell|Toxicroak, M|262\/262
|-damage|p2a: Russell|230\/262|[from] Stealth Rock
|
|-heal|p2a: Russell|262\/262|[from] move: Wish|[wisher] Bouquet
|turn|5
|
|move|p2a: Russell|Nasty Plot|p2a: Russell
|-boost|p2a: Russell|spa|2
|move|p1a: Bronzong|Reflect|p1a: Bronzong
|-sidestart|p1: yearoflight|Reflect
|
|turn|6
|
|move|p2a: Russell|Dark Pulse|p1a: Bronzong
|-crit|p1a: Bronzong
|-supereffective|p1a: Bronzong
|-damage|p1a: Bronzong|0 fnt
|faint|p1a: Bronzong
|
|
|switch|p1a: Infernape|Infernape, F|293\/293
|turn|7
|
|move|p1a: Infernape|Close Combat|p2a: Russell
|-supereffective|p2a: Russell
|-enditem|p2a: Russell|Focus Sash
|replace|p2a: Tamaki|Zoroark, M, shiny|262\/262
|-damage|p2a: Tamaki|1\/262
|-unboost|p1a: Infernape|def|1
|-unboost|p1a: Infernape|spd|1
|move|p2a: Tamaki|Extrasensory|p1a: Infernape
|-supereffective|p1a: Infernape
|-enditem|p1a: Infernape|Focus Sash
|-damage|p1a: Infernape|1\/293
|
|turn|8
|
|move|p1a: Infernape|Grass Knot|p2a: Tamaki
|-damage|p2a: Tamaki|0 fnt
|faint|p2a: Tamaki
|
|
|switch|p2a: Orion|Lucario, M, shiny|282\/282
|-damage|p2a: Orion|274\/282|[from] Stealth Rock
|turn|9
|
|move|p2a: Orion|Bullet Punch|p1a: Infernape
|-resisted|p1a: Infernape
|-damage|p1a: Infernape|0 fnt
|faint|p1a: Infernape
|
|
|switch|p1a: Haxorus|Haxorus, M|293\/293
|-ability|p1a: Haxorus|Mold Breaker
|turn|10
|
|switch|p2a: Bouquet|Florges, F|312\/312
|-damage|p2a: Bouquet|273\/312|[from] Stealth Rock
|move|p1a: Haxorus|Earthquake|p2a: Bouquet
|-damage|p2a: Bouquet|12\/312
|-damage|p1a: Haxorus|264\/293|[from] item: Life Orb
|
|-heal|p2a: Bouquet|31\/312|[from] item: Leftovers
|turn|11
|
|move|p1a: Haxorus|Earthquake|p2a: Bouquet
|-damage|p2a: Bouquet|0 fnt
|-damage|p1a: Haxorus|235\/293|[from] item: Life Orb
|faint|p2a: Bouquet
|
|
|switch|p2a: Minwu|Pangoro, M|393\/393
|-damage|p2a: Minwu|369\/393|[from] Stealth Rock
|turn|12
|
|switch|p1a: Florges|Florges, F|360\/360
|move|p2a: Minwu|Crunch|p1a: Florges
|-resisted|p1a: Florges
|-damage|p1a: Florges|306\/360
|
|-heal|p1a: Florges|328\/360|[from] item: Leftovers
|-sideend|p1: yearoflight|Reflect
|turn|13
|
|switch|p1a: Suicune|Suicune|404\/404
|-ability|p1a: Suicune|Pressure
|switch|p2a: Orion|Lucario, M, shiny|274\/282
|-damage|p2a: Orion|266\/282|[from] Stealth Rock
|
|turn|14
|
|move|p2a: Orion|Hone Claws|p2a: Orion
|-boost|p2a: Orion|atk|1
|-boost|p2a: Orion|accuracy|1
|move|p1a: Suicune|Scald|p2a: Orion
|-damage|p2a: Orion|152\/282
|
|turn|15
|
|move|p2a: Orion|High Jump Kick|p1a: Suicune
|-damage|p1a: Suicune|211\/404
|move|p1a: Suicune|Scald|p2a: Orion
|-damage|p2a: Orion|35\/282
|-status|p2a: Orion|brn
|
|-heal|p1a: Suicune|236\/404|[from] item: Leftovers
|-damage|p2a: Orion|0 fnt|[from] brn
|faint|p2a: Orion
|c|★yearoflight|WHAA
|c|★yearoflight|he learns that?
|
|switch|p2a: Russell|Toxicroak, M|308\/308
|-damage|p2a: Russell|289\/308|[from] Stealth Rock
|turn|16
|
|switch|p1a: Florges|Florges, F|328\/360
|move|p2a: Russell|Swords Dance|p2a: Russell
|-boost|p2a: Russell|atk|2
|
|-heal|p2a: Russell|308\/308|[from] item: Black Sludge
|-heal|p1a: Florges|350\/360|[from] item: Leftovers
|turn|17
|
|move|p2a: Russell|Poison Jab|p1a: Florges
|-supereffective|p1a: Florges
|-damage|p1a: Florges|0 fnt
|faint|p1a: Florges
|
|
|switch|p1a: Sceptile|Sceptile, F|281\/281
|turn|18
|
|detailschange|p1a: Sceptile|Sceptile-Mega, F
|-mega|p1a: Sceptile|Sceptile|Sceptilite
|move|p2a: Russell|Sucker Punch|p1a: Sceptile
|-fail|p1a: Sceptile
|move|p1a: Sceptile|Substitute|p1a: Sceptile
|-start|p1a: Sceptile|Substitute
|-damage|p1a: Sceptile|211\/281
|
|turn|19
|
|move|p1a: Sceptile|Dragon Pulse|p2a: Russell
|-damage|p2a: Russell|50\/308
|move|p2a: Russell|Poison Jab|p1a: Sceptile
|-supereffective|p1a: Sceptile
|-end|p1a: Sceptile|Substitute
|
|-heal|p2a: Russell|69\/308|[from] item: Black Sludge
|turn|20
|c|★yearoflight|the 50\/50
|
|switch|p1a: Haxorus|Haxorus, M|235\/293
|-ability|p1a: Haxorus|Mold Breaker
|move|p2a: Russell|Sucker Punch|p1a: Haxorus
|-fail|p1a: Haxorus
|
|-heal|p2a: Russell|88\/308|[from] item: Black Sludge
|turn|21
|
|move|p2a: Russell|Sucker Punch|p1a: Haxorus
|-damage|p1a: Haxorus|54\/293
|-status|p1a: Haxorus|psn
|move|p1a: Haxorus|Earthquake|p2a: Russell
|-supereffective|p2a: Russell
|-damage|p2a: Russell|0 fnt
|-damage|p1a: Haxorus|25\/293 psn|[from] item: Life Orb
|faint|p2a: Russell
|
|-damage|p1a: Haxorus|0 fnt|[from] psn
|faint|p1a: Haxorus
|
|switch|p1a: Suicune|Suicune|236\/404
|switch|p2a: Minwu|Pangoro, M|369\/393
|-ability|p1a: Suicune|Pressure
|-damage|p2a: Minwu|345\/393|[from] Stealth Rock
|turn|22
|
|move|p1a: Suicune|Scald|p2a: Minwu
|-damage|p2a: Minwu|273\/393
|move|p2a: Minwu|Thunder Punch|p1a: Suicune
|-crit|p1a: Suicune
|-supereffective|p1a: Suicune
|-damage|p1a: Suicune|12\/404
|-status|p1a: Suicune|par
|
|-heal|p1a: Suicune|37\/404 par|[from] item: Leftovers
|turn|23
|
|move|p2a: Minwu|Thunder Punch|p1a: Suicune
|-supereffective|p1a: Suicune
|-damage|p1a: Suicune|0 fnt
|faint|p1a: Suicune
|
|
|switch|p1a: Sceptile|Sceptile-Mega, F|211\/281
|turn|24
|
|move|p1a: Sceptile|Dragon Pulse|p2a: Minwu
|-damage|p2a: Minwu|113\/393
|move|p2a: Minwu|Drain Punch|p1a: Sceptile
|-damage|p1a: Sceptile|1\/281
|-heal|p2a: Minwu|218\/393|[from] drain|[of] p1a: Sceptile
|
|turn|25
|
|move|p1a: Sceptile|Dragon Pulse|p2a: Minwu
|-damage|p2a: Minwu|64\/393
|move|p2a: Minwu|Drain Punch|p1a: Sceptile
|-damage|p1a: Sceptile|0 fnt
|-heal|p2a: Minwu|65\/393|[from] drain|[of] p1a: Sceptile
|faint|p1a: Sceptile
|
|win|EVILDEDENNE5439
|raw|Ladder updating...
|raw|yearoflight's rating: 1187 &rarr; <strong>1156<\/strong><br \/>(-31 for losing)
|raw|EVILDEDENNE5439's rating: 1100 &rarr; <strong>1132<\/strong><br \/>(+32 for winning)
|leave|yearoflight
|player|p1