|join|Cienight
|join|Mari01
|player|p1|Cienight|75
|player|p2|Mari01|169
|gametype|singles
|gen|6
|tier|OU
|rated
|clearpoke
|poke|p1|Crawdaunt, M
|poke|p1|Latios, M
|poke|p1|Dragonite, M
|poke|p1|Gardevoir, F
|poke|p1|Landorus-Therian, M
|poke|p1|Heatran, M
|poke|p2|Magnezone
|poke|p2|Landorus-Therian, M
|poke|p2|Greninja, F
|poke|p2|Rotom-Wash
|poke|p2|Forretress, F
|poke|p2|Altaria, M
|rule|Swagger Clause: Swagger is banned
|rule|Baton Pass Clause: Limit one Pokémon knowing Baton Pass
|rule|Sleep Clause Mod: Limit one foe put to sleep
|rule|Species Clause: Limit one of each Pokémon
|rule|OHKO Clause: OHKO moves are banned
|rule|Moody Clause: Moody is banned
|rule|Evasion Moves Clause: Evasion moves are banned
|rule|Endless Battle Clause: Forcing endless battles is banned
|rule|HP Percentage Mod: HP is shown in percentages
|teampreview
|
|start
|switch|p1a: Gardevoir|Gardevoir, F|291\/291
|switch|p2a: Greninja|Greninja, F|285\/285
|turn|1
|
|switch|p1a: Heatran|Heatran, M|323\/323
|move|p2a: Greninja|Gunk Shot|p1a: Heatran
|-start|p2a: Greninja|typechange|Poison|[from] Protean
|-immune|p1a: Heatran|[msg]
|
|turn|2
|
|move|p1a: Heatran|Earth Power|p2a: Greninja
|-supereffective|p2a: Greninja
|-enditem|p2a: Greninja|Focus Sash
|-damage|p2a: Greninja|1\/285
|move|p2a: Greninja|Hydro Pump|p1a: Heatran
|-start|p2a: Greninja|typechange|Water|[from] Protean
|-supereffective|p1a: Heatran
|-damage|p1a: Heatran|9\/323
|
|turn|3
|
|switch|p2a: Altaria|Altaria, M|307\/307
|move|p1a: Heatran|Earth Power|p2a: Altaria
|-immune|p2a: Altaria|[msg]
|
|turn|4
|
|switch|p1a: Gardevoir|Gardevoir, F|291\/291
|detailschange|p2a: Altaria|Altaria-Mega, M
|message|Altaria has Mega Evolved into Mega Altaria!
|move|p2a: Altaria|Dragon Dance|p2a: Altaria
|-boost|p2a: Altaria|atk|1
|-boost|p2a: Altaria|spe|1
|
|turn|5
|
|switch|p1a: Landorus-Therian|Landorus-Therian, M|379\/379
|-ability|p1a: Landorus-Therian|Intimidate|[of] p2a: Altaria
|-unboost|p2a: Altaria|atk|1
|move|p2a: Altaria|Return|p1a: Landorus-Therian
|-damage|p1a: Landorus-Therian|189\/379
|-damage|p2a: Altaria|256\/307|[from] item: Rocky Helmet|[of] p1a: Landorus-Therian
|
|turn|6
|
|move|p2a: Altaria|Dragon Dance|p2a: Altaria
|-boost|p2a: Altaria|atk|1
|-boost|p2a: Altaria|spe|1
|move|p1a: Landorus-Therian|Earthquake|p2a: Altaria
|-damage|p2a: Altaria|111\/307
|
|turn|7
|
|move|p2a: Altaria|Return|p1a: Landorus-Therian
|-damage|p1a: Landorus-Therian|0 fnt
|-damage|p2a: Altaria|60\/307|[from] item: Rocky Helmet|[of] p1a: Landorus-Therian
|faint|p1a: Landorus-Therian
|
|
|switch|p1a: Dragonite|Dragonite, M|323\/323
|turn|8
|
|switch|p2a: Forretress|Forretress, F|354\/354
|move|p1a: Dragonite|Extreme Speed|p2a: Forretress
|-resisted|p2a: Forretress
|-damage|p2a: Forretress|308\/354
|
|-heal|p2a: Forretress|330\/354|[from] item: Leftovers
|turn|9
|
|switch|p1a: Heatran|Heatran, M|9\/323
|move|p2a: Forretress|Stealth Rock|p1a: Heatran
|-sidestart|p1: Cienight|move: Stealth Rock
|
|-heal|p2a: Forretress|352\/354|[from] item: Leftovers
|turn|10
|
|switch|p2a: Rotom-Wash|Rotom-Wash|304\/304
|move|p1a: Heatran|Fire Blast|p2a: Rotom-Wash
|-resisted|p2a: Rotom-Wash
|-damage|p2a: Rotom-Wash|233\/304
|
|-heal|p2a: Rotom-Wash|252\/304|[from] item: Leftovers
|turn|11
|
|switch|p1a: Latios|Latios, M|301\/301
|-damage|p1a: Latios|264\/301|[from] Stealth Rock
|move|p2a: Rotom-Wash|Volt Switch|p1a: Latios
|-resisted|p1a: Latios
|-damage|p1a: Latios|226\/301
|
|switch|p2a: Greninja|Greninja, F|1\/285
|
|turn|12
|
|switch|p1a: Heatran|Heatran, M|9\/323
|-damage|p1a: Heatran|0 fnt|[from] Stealth Rock
|faint|p1a: Heatran
|move|p2a: Greninja|U-turn|p1: Heatran|[notarget]
|-notarget
|
|
|switch|p1a: Crawdaunt|Crawdaunt, M|269\/269
|-damage|p1a: Crawdaunt|236\/269|[from] Stealth Rock
|turn|13
|
|switch|p2a: Rotom-Wash|Rotom-Wash|252\/304
|move|p1a: Crawdaunt|Aqua Jet|p2a: Rotom-Wash
|-resisted|p2a: Rotom-Wash
|-damage|p2a: Rotom-Wash|199\/304
|-damage|p1a: Crawdaunt|210\/269|[from] item: Life Orb
|
|-heal|p2a: Rotom-Wash|218\/304|[from] item: Leftovers
|turn|14
|
|switch|p1a: Latios|Latios, M|226\/301
|-damage|p1a: Latios|189\/301|[from] Stealth Rock
|move|p2a: Rotom-Wash|Volt Switch|p1a: Latios
|-resisted|p1a: Latios
|-damage|p1a: Latios|150\/301
|
|switch|p2a: Greninja|Greninja, F|1\/285
|
|turn|15
|
|switch|p1a: Dragonite|Dragonite, M|323\/323
|-damage|p1a: Dragonite|243\/323|[from] Stealth Rock
|move|p2a: Greninja|U-turn|p1a: Dragonite
|-start|p2a: Greninja|typechange|Bug|[from] Protean
|-resisted|p1a: Dragonite
|-damage|p1a: Dragonite|204\/323
|
|switch|p2a: Forretress|Forretress, F|352\/354
|
|-heal|p2a: Forretress|354\/354|[from] item: Leftovers
|turn|16
|
|move|p1a: Dragonite|Fire Punch|p2a: Forretress
|-supereffective|p2a: Forretress
|-damage|p2a: Forretress|38\/354
|move|p2a: Forretress|Volt Switch|p1a: Dragonite
|-damage|p1a: Dragonite|170\/323
|
|switch|p2a: Landorus-Therian|Landorus-Therian, M|320\/320
|-ability|p2a: Landorus-Therian|Intimidate|[of] p1a: Dragonite
|-unboost|p1a: Dragonite|atk|1
|
|turn|17
|
|move|p2a: Landorus-Therian|U-turn|p1a: Dragonite
|-resisted|p1a: Dragonite
|-damage|p1a: Dragonite|123\/323
|
|switch|p2a: Forretress|Forretress, F|38\/354
|move|p1a: Dragonite|Fire Punch|p2a: Forretress
|-supereffective|p2a: Forretress
|-damage|p2a: Forretress|0 fnt
|faint|p2a: Forretress
|
|
|switch|p2a: Landorus-Therian|Landorus-Therian, M|320\/320
|-ability|p2a: Landorus-Therian|Intimidate|[of] p1a: Dragonite
|-unboost|p1a: Dragonite|atk|1
|turn|18
|
|move|p2a: Landorus-Therian|Knock Off|p1a: Dragonite
|-damage|p1a: Dragonite|3\/323
|-enditem|p1a: Dragonite|Choice Band|[from] move: Knock Off|[of] p2a: Landorus-Therian
|move|p1a: Dragonite|Fire Punch|p2a: Landorus-Therian
|-damage|p2a: Landorus-Therian|267\/320
|
|turn|19
|
|move|p2a: Landorus-Therian|Knock Off|p1a: Dragonite
|-damage|p1a: Dragonite|0 fnt
|faint|p1a: Dragonite
|
|
|switch|p1a: Crawdaunt|Crawdaunt, M|210\/269
|-damage|p1a: Crawdaunt|177\/269|[from] Stealth Rock
|turn|20
|
|switch|p2a: Altaria|Altaria-Mega, M|60\/307
|move|p1a: Crawdaunt|Swords Dance|p1a: Crawdaunt
|-boost|p1a: Crawdaunt|atk|2
|
|turn|21
|
|move|p1a: Crawdaunt|Aqua Jet|p2a: Altaria
|-resisted|p2a: Altaria
|-damage|p2a: Altaria|0 fnt
|-damage|p1a: Crawdaunt|151\/269|[from] item: Life Orb
|faint|p2a: Altaria
|
|
|switch|p2a: Landorus-Therian|Landorus-Therian, M|267\/320
|-ability|p2a: Landorus-Therian|Intimidate|[of] p1a: Crawdaunt
|-unboost|p1a: Crawdaunt|atk|1
|turn|22
|
|switch|p2a: Rotom-Wash|Rotom-Wash|218\/304
|move|p1a: Crawdaunt|Aqua Jet|p2a: Rotom-Wash
|-resisted|p2a: Rotom-Wash
|-damage|p2a: Rotom-Wash|139\/304
|-damage|p1a: Crawdaunt|125\/269|[from] item: Life Orb
|
|-heal|p2a: Rotom-Wash|158\/304|[from] item: Leftovers
|turn|23
|
|move|p1a: Crawdaunt|Knock Off|p2a: Rotom-Wash
|-damage|p2a: Rotom-Wash|0 fnt
|-enditem|p2a: Rotom-Wash|Leftovers|[from] move: Knock Off|[of] p1a: Crawdaunt
|-damage|p1a: Crawdaunt|99\/269|[from] item: Life Orb
|faint|p2a: Rotom-Wash
|
|
|switch|p2a: Landorus-Therian|Landorus-Therian, M|267\/320
|-ability|p2a: Landorus-Therian|Intimidate|[of] p1a: Crawdaunt
|-unboost|p1a: Crawdaunt|atk|1
|turn|24
|
|move|p1a: Crawdaunt|Aqua Jet|p2a: Landorus-Therian
|-supereffective|p2a: Landorus-Therian
|-damage|p2a: Landorus-Therian|0 fnt
|-damage|p1a: Crawdaunt|73\/269|[from] item: Life Orb
|faint|p2a: Landorus-Therian
|
|
|switch|p2a: Magnezone|Magnezone|282\/282
|turn|25
|
|switch|p1a: Latios|Latios, M|150\/301
|-damage|p1a: Latios|113\/301|[from] Stealth Rock
|move|p2a: Magnezone|Volt Switch|p1a: Latios
|-resisted|p1a: Latios
|-damage|p1a: Latios|15\/301
|
|switch|p2a: Greninja|Greninja, F|1\/285
|
|turn|26
|
|move|p2a: Greninja|U-turn|p1a: Latios
|-start|p2a: Greninja|typechange|Bug|[from] Protean
|-supereffective|p1a: Latios
|-damage|p1a: Latios|0 fnt
|faint|p1a: Latios
|
|switch|p2a: Magnezone|Magnezone|282\/282
|
|
|switch|p1a: Gardevoir|Gardevoir, F|291\/291
|-damage|p1a: Gardevoir|255\/291|[from] Stealth Rock
|turn|27
|
|detailschange|p1a: Gardevoir|Gardevoir-Mega, F
|message|Gardevoir has Mega Evolved into Mega Gardevoir!
|move|p1a: Gardevoir|Focus Blast|p2a: Magnezone
|-supereffective|p2a: Magnezone
|-damage|p2a: Magnezone|0 fnt
|faint|p2a: Magnezone
|
|c|★Mari01|-.-.-.-.
|
|switch|p2a: Greninja|Greninja, F|1\/285
|turn|28
|
|move|p2a: Greninja|Gunk Shot|p1a: Gardevoir
|-start|p2a: Greninja|typechange|Poison|[from] Protean
|-supereffective|p1a: Gardevoir
|-damage|p1a: Gardevoir|0 fnt
|faint|p1a: Gardevoir
|
|
|switch|p1a: Crawdaunt|Crawdaunt, M|73\/269
|-damage|p1a: Crawdaunt|40\/269|[from] Stealth Rock
|turn|29
|
|move|p1a: Crawdaunt|Aqua Jet|p2a: Greninja
|-crit|p2a: Greninja
|-damage|p2a: Greninja|0 fnt
|-damage|p1a: Crawdaunt|14\/269|[from] item: Life Orb
|faint|p2a: Greninja
|
|win|Cienight
|raw|Ladder updating...
|leave|Mari01
|raw|Cienight's rating: 1616 &rarr; <strong>1629<\/strong><br \/>(+13 for winning)
|raw|Mari01's rating: 1480 &rarr; <strong>1467<\/strong><br \/>(-13 for losing)
|player|p2