|join|Hiye
|join|Cienight
|player|p1|Hiye|23
|player|p2|Cienight|75
|gametype|singles
|gen|6
|tier|OU
|clearpoke
|poke|p1|Rotom-Wash
|poke|p1|Ferrothorn, F
|poke|p1|Latias, F
|poke|p1|Victini
|poke|p1|Mamoswine, M
|poke|p1|Lopunny, F
|poke|p2|Azumarill, F
|poke|p2|Ferrothorn, M
|poke|p2|Landorus-Therian, M, shiny
|poke|p2|Latias, F
|poke|p2|Charizard, M
|poke|p2|Mew
|rule|Swagger Clause: Swagger is banned
|rule|Baton Pass Clause: Limit one Pokémon knowing Baton Pass
|rule|Sleep Clause Mod: Limit one foe put to sleep
|rule|Species Clause: Limit one of each Pokémon
|rule|OHKO Clause: OHKO moves are banned
|rule|Moody Clause: Moody is banned
|rule|Evasion Moves Clause: Evasion moves are banned
|rule|Endless Battle Clause: Forcing endless battles is banned
|rule|HP Percentage Mod: HP is shown in percentages
|teampreview
|join|metmaver
|join|TheObsessed
|join|Creamsicle Jones
|join|juNUI
|join|Lucawastaken
|join|fennekin
|join|testingh12
|join|kawaii camel
|leave|Creamsicle Jones
|
|start
|switch|p1a: Mamoswine|Mamoswine, M|361\/361
|switch|p2a: Mew|Mew|403\/403
|turn|1
|join|Kreiser
|c|★Cienight|gl.
|
|switch|p1a: Victini|Victini|346\/346
|move|p2a: Mew|Will-O-Wisp|p1a: Victini
|-fail|p1a: Victini
|
|turn|2
|join|Assaltwaffle
|
|move|p1a: Victini|Bolt Strike|p2a: Mew
|-damage|p2a: Mew|273\/403
|move|p2a: Mew|Roost|p2a: Mew
|-heal|p2a: Mew|403\/403
|
|turn|3
|
|move|p1a: Victini|Power-Up Punch|p2a: Mew
|-resisted|p2a: Mew
|-damage|p2a: Mew|382\/403
|-boost|p1a: Victini|atk|1
|move|p2a: Mew|Knock Off|p1a: Victini
|-crit|p1a: Victini
|-supereffective|p1a: Victini
|-damage|p1a: Victini|134\/346
|-enditem|p1a: Victini|Leftovers|[from] move: Knock Off|[of] p2a: Mew
|
|-heal|p2a: Mew|403\/403|[from] item: Leftovers
|turn|4
|join|The Rhythm of Life
|
|switch|p2a: Landorus-Therian|Landorus-Therian, M, shiny|325\/325
|-ability|p2a: Landorus-Therian|Intimidate|[of] p1a: Victini
|-unboost|p1a: Victini|atk|1
|move|p1a: Victini|Bolt Strike|p2a: Landorus-Therian
|-immune|p2a: Landorus-Therian|[msg]
|
|turn|5
|
|switch|p1a: Ferrothorn|Ferrothorn, F|352\/352
|move|p2a: Landorus-Therian|U-turn|p1a: Ferrothorn
|-damage|p1a: Ferrothorn|294\/352
|-damage|p2a: Landorus-Therian|285\/325|[from] ability: Iron Barbs|[of] p1a: Ferrothorn
|
|switch|p2a: Charizard|Charizard, M|315\/315
|
|-heal|p1a: Ferrothorn|316\/352|[from] item: Leftovers
|turn|6
|join|ShootingStarmie
|c|+ShootingStarmie|fml
|c|+ShootingStarmie|he left after
|c|★Cienight|?
|c|+ShootingStarmie|i lost to him
|c|+ShootingStarmie|zzz
|c|+ShootingStarmie|cound have just
|
|switch|p1a: Rotom-Wash|Rotom-Wash|304\/304
|detailschange|p2a: Charizard|Charizard-Mega-X, M
|message|Charizard has Mega Evolved into Mega Charizard!
|move|p2a: Charizard|Flare Blitz|p1a: Rotom-Wash
|-resisted|p1a: Rotom-Wash
|-damage|p1a: Rotom-Wash|205\/304
|-damage|p2a: Charizard|282\/315|[from] recoil|[of] p1a: Rotom-Wash
|
|-heal|p1a: Rotom-Wash|224\/304|[from] item: Leftovers
|turn|7
|c|+ShootingStarmie|forfeit before zzz
|
|move|p2a: Charizard|Dragon Claw|p1a: Rotom-Wash
|-damage|p1a: Rotom-Wash|104\/304
|move|p1a: Rotom-Wash|Hydro Pump|p2a: Charizard
|-damage|p2a: Charizard|126\/315
|
|-heal|p1a: Rotom-Wash|123\/304|[from] item: Leftovers
|turn|8
|c| The Rhythm of Life|ss maybe if u were nicer
|
|move|p2a: Charizard|Roost|p2a: Charizard
|-heal|p2a: Charizard|284\/315
|move|p1a: Rotom-Wash|Volt Switch|p2a: Charizard
|-resisted|p2a: Charizard
|-damage|p2a: Charizard|234\/315
|
|switch|p1a: Latias|Latias, F|299\/299
|
|turn|9
|
|switch|p1a: Victini|Victini|134\/346
|switch|p2a: Azumarill|Azumarill, F|381\/381
|
|turn|10
|c|+ShootingStarmie|nicer
|c|+ShootingStarmie|to who?
|c|+ShootingStarmie|and why?
|
|switch|p1a: Ferrothorn|Ferrothorn, F|316\/352
|switch|p2a: Charizard|Charizard-Mega-X, M|234\/315
|
|-heal|p1a: Ferrothorn|338\/352|[from] item: Leftovers
|turn|11
|
|switch|p1a: Latias|Latias, F|299\/299
|move|p2a: Charizard|Flare Blitz|p1a: Latias
|-resisted|p1a: Latias
|-damage|p1a: Latias|156\/299
|-damage|p2a: Charizard|187\/315|[from] recoil|[of] p1a: Latias
|
|turn|12
|
|switch|p1a: Rotom-Wash|Rotom-Wash|123\/304
|switch|p2a: Ferrothorn|Ferrothorn, M|349\/349
|
|-heal|p1a: Rotom-Wash|142\/304|[from] item: Leftovers
|turn|13
|
|move|p1a: Rotom-Wash|Will-O-Wisp|p2a: Ferrothorn
|-status|p2a: Ferrothorn|brn
|move|p2a: Ferrothorn|Stealth Rock|p1a: Rotom-Wash
|-sidestart|p1: Hiye|move: Stealth Rock
|
|-heal|p1a: Rotom-Wash|161\/304|[from] item: Leftovers
|-damage|p2a: Ferrothorn|306\/349 brn|[from] brn
|turn|14
|join|Creamsicle Jones
|join|IronicNinja
|
|move|p1a: Rotom-Wash|Volt Switch|p2a: Ferrothorn
|-resisted|p2a: Ferrothorn
|-damage|p2a: Ferrothorn|269\/349 brn
|
|switch|p1a: Ferrothorn|Ferrothorn, F|338\/352
|-damage|p1a: Ferrothorn|316\/352|[from] Stealth Rock
|move|p2a: Ferrothorn|Leech Seed|p1a: Ferrothorn
|-immune|p1a: Ferrothorn|[msg]
|
|-heal|p1a: Ferrothorn|338\/352|[from] item: Leftovers
|-heal|p2a: Ferrothorn|290\/349 brn|[from] item: Leftovers
|-damage|p2a: Ferrothorn|247\/349 brn|[from] brn
|turn|15
|c| IronicNinja|all d hype
|
|switch|p1a: Latias|Latias, F|156\/299
|-damage|p1a: Latias|119\/299|[from] Stealth Rock
|switch|p2a: Charizard|Charizard-Mega-X, M|187\/315
|
|turn|16
|
|switch|p2a: Azumarill|Azumarill, F|381\/381
|move|p1a: Latias|Defog|p2a: Azumarill
|-unboost|p2a: Azumarill|evasion|1
|-sideend|p1: Hiye|Stealth Rock|[from] move: Defog|[of] p1a: Latias
|
|turn|17
|c| Creamsicle Jones|oh no
|c| The Rhythm of Life|to your oppoent ss
|
|switch|p1a: Ferrothorn|Ferrothorn, F|338\/352
|move|p2a: Azumarill|Superpower|p1a: Ferrothorn
|-supereffective|p1a: Ferrothorn
|-damage|p1a: Ferrothorn|0 fnt
|-damage|p2a: Azumarill|334\/381|[from] ability: Iron Barbs|[of] p1a: Ferrothorn
|-unboost|p2a: Azumarill|atk|1
|-unboost|p2a: Azumarill|def|1
|faint|p1a: Ferrothorn
|
|c| The Rhythm of Life|also timerstalling helps
|join|Skateboard
|c| IronicNinja|what is timerstalling
|c| IronicNinja|?
|c| The Rhythm of Life|dont let my tactics taint ur purity
|join|gravitywells3482
|
|switch|p1a: Mamoswine|Mamoswine, M|361\/361
|turn|18
|
|move|p1a: Mamoswine|Earthquake|p2a: Azumarill
|-damage|p2a: Azumarill|0 fnt
|-damage|p1a: Mamoswine|325\/361|[from] item: Life Orb
|faint|p2a: Azumarill
|
|c| IronicNinja|?
|join|tyler503
|join|qwazz
|join|AliceYuu
|c| qwazz|is this ladder or tour?
|c| IronicNinja|tour
|c| qwazz|o
|c| IronicNinja|final countdown
|
|switch|p2a: Mew|Mew|403\/403
|turn|19
|c| IronicNinja|...
|c| qwazz|dafuq i thought you lost hiye
|c| IronicNinja|...
|c|★Hiye|i kind of am
|c| IronicNinja|oh
|c| IronicNinja|is ferrothorn op in OU
|
|switch|p1a: Latias|Latias, F|119\/299
|move|p2a: Mew|Will-O-Wisp|p1a: Latias
|-status|p1a: Latias|brn
|
|-damage|p1a: Latias|82\/299 brn|[from] brn
|turn|20
|c| IronicNinja|i want ideas for my OU team
|
|switch|p2a: Ferrothorn|Ferrothorn, M|247\/349 brn
|move|p1a: Latias|Healing Wish|p1a: Latias
|faint|p1a: Latias
|
|-heal|p2a: Ferrothorn|268\/349 brn|[from] item: Leftovers
|-damage|p2a: Ferrothorn|225\/349 brn|[from] brn
|
|switch|p1a: Victini|Victini|134\/346
|-heal|p1a: Victini|346\/346|[from] move: Healing Wish
|turn|21
|
|switch|p2a: Landorus-Therian|Landorus-Therian, M, shiny|285\/325
|-ability|p2a: Landorus-Therian|Intimidate|[of] p1a: Victini
|-unboost|p1a: Victini|atk|1
|move|p1a: Victini|Substitute|p1a: Victini
|-start|p1a: Victini|Substitute
|-damage|p1a: Victini|260\/346
|
|turn|22
|
|move|p2a: Landorus-Therian|U-turn|p1a: Victini
|-crit|p1a: Victini
|-end|p1a: Victini|Substitute
|c| qwazz|gg
|
|switch|p2a: Latias|Latias, F|301\/301
|move|p1a: Victini|Power-Up Punch|p2a: Latias
|-resisted|p2a: Latias
|-damage|p2a: Latias|286\/301
|-boost|p1a: Victini|atk|1
|
|turn|23
|c| qwazz|its ogre
|
|switch|p1a: Rotom-Wash|Rotom-Wash|161\/304
|move|p2a: Latias|Draco Meteor|p1a: Rotom-Wash
|-damage|p1a: Rotom-Wash|0 fnt
|-unboost|p2a: Latias|spa|2
|-damage|p2a: Latias|256\/301|[from] item: Life Orb
|faint|p1a: Rotom-Wash
|
|c| IronicNinja|not yet
|
|switch|p1a: Lopunny|Lopunny, F|272\/272
|turn|24
|c| qwazz|reveal klutz trick flame orb lopunny
|
|switch|p2a: Landorus-Therian|Landorus-Therian, M, shiny|285\/325
|-ability|p2a: Landorus-Therian|Intimidate|[of] p1a: Lopunny
|-unboost|p1a: Lopunny|atk|1
|detailschange|p1a: Lopunny|Lopunny-Mega, F
|message|Lopunny has Mega Evolved into Mega Lopunny!
|move|p1a: Lopunny|Return|p2a: Landorus-Therian
|-damage|p2a: Landorus-Therian|140\/325
|
|turn|25
|c| qwazz|pls
|c| qwazz|fkn
|c| qwazz|fgt
|c| IronicNinja|knew it
|c| IronicNinja|MEGA LOPUNNY
|c| IronicNinja|thought so
|c| The Rhythm of Life|HJK if real
|
|move|p2a: Landorus-Therian|U-turn|p1a: Lopunny
|-resisted|p1a: Lopunny
|-damage|p1a: Lopunny|224\/272
|c| IronicNinja|wait this is not last game
|
|switch|p2a: Ferrothorn|Ferrothorn, M|225\/349 brn
|move|p1a: Lopunny|Ice Punch|p2a: Ferrothorn
|-damage|p2a: Ferrothorn|185\/349 brn
|-damage|p1a: Lopunny|190\/272|[from] ability: Iron Barbs|[of] p2a: Ferrothorn
|
|-heal|p2a: Ferrothorn|206\/349 brn|[from] item: Leftovers
|-damage|p2a: Ferrothorn|163\/349 brn|[from] brn
|turn|26
|
|switch|p1a: Mamoswine|Mamoswine, M|325\/361
|move|p2a: Ferrothorn|Stealth Rock|p1a: Mamoswine
|-sidestart|p1: Hiye|move: Stealth Rock
|
|-heal|p2a: Ferrothorn|184\/349 brn|[from] item: Leftovers
|-damage|p2a: Ferrothorn|141\/349 brn|[from] brn
|turn|27
|c| IronicNinja|well whatever
|c| IronicNinja|i will come back at final
|
|move|p1a: Mamoswine|Earthquake|p2a: Ferrothorn
|-crit|p2a: Ferrothorn
|-damage|p2a: Ferrothorn|0 fnt
|-damage|p1a: Mamoswine|289\/361|[from] item: Life Orb
|faint|p2a: Ferrothorn
|
|
|switch|p2a: Charizard|Charizard-Mega-X, M|187\/315
|turn|28
|leave|Creamsicle Jones
|leave|Lucawastaken
|join|Feroli
|join|BibarelThump
|join|cxz<cz<c
|leave|BibarelThump
|
|switch|p1a: Victini|Victini|260\/346
|-damage|p1a: Victini|174\/346|[from] Stealth Rock
|move|p2a: Charizard|Flare Blitz|p1a: Victini
|-resisted|p1a: Victini
|-damage|p1a: Victini|45\/346
|-damage|p2a: Charizard|144\/315|[from] recoil|[of] p1a: Victini
|
|turn|29
|
|move|p2a: Charizard|Roost|p2a: Charizard
|-heal|p2a: Charizard|302\/315
|move|p1a: Victini|Bolt Strike|p2a: Charizard
|-resisted|p2a: Charizard
|-damage|p2a: Charizard|239\/315
|-status|p2a: Charizard|par
|
|turn|30
|join|iSmooths
|
|switch|p2a: Latias|Latias, F|256\/301
|move|p1a: Victini|Bolt Strike|p2a: Latias
|-resisted|p2a: Latias
|-damage|p2a: Latias|178\/301
|
|turn|31
|join|jased boo
|join|Zagmzp Alt
|c| jased boo|hiye is strongith
|
|switch|p1a: Lopunny|Lopunny-Mega, F|190\/272
|-damage|p1a: Lopunny|173\/272|[from] Stealth Rock
|move|p2a: Latias|Healing Wish|p2a: Latias
|faint|p2a: Latias
|
|
|switch|p2a: Charizard|Charizard-Mega-X, M|239\/315 par
|-heal|p2a: Charizard|315\/315|[from] move: Healing Wish
|turn|32
|
|switch|p2a: Landorus-Therian|Landorus-Therian, M, shiny|140\/325
|-ability|p2a: Landorus-Therian|Intimidate|[of] p1a: Lopunny
|-unboost|p1a: Lopunny|atk|1
|move|p1a: Lopunny|Fake Out|p2a: Landorus-Therian
|-damage|p2a: Landorus-Therian|83\/325
|
|turn|33
|
|switch|p1a: Victini|Victini|45\/346
|-damage|p1a: Victini|0 fnt|[from] Stealth Rock
|faint|p1a: Victini
|move|p2a: Landorus-Therian|Superpower|p1: Victini|[notarget]
|-notarget
|
|c| jased boo|wait what
|c| jased boo|superpower
|leave|juNUI
|c| jased boo|they run those these days
|c|★Cienight|you run salac berry nape
|c|★Cienight|I can't run superpower
|c| jased boo|...
|c|★Cienight|n.n
|c| jased boo|fair point...
|c| jased boo|..
|
|switch|p1a: Lopunny|Lopunny-Mega, F|173\/272
|-damage|p1a: Lopunny|156\/272|[from] Stealth Rock
|turn|34
|c| kawaii camel|salac berry nape
|
|switch|p2a: Mew|Mew|403\/403
|move|p1a: Lopunny|Fake Out|p2a: Mew
|-damage|p2a: Mew|331\/403
|
|-heal|p2a: Mew|356\/403|[from] item: Leftovers
|turn|35
|c| kawaii camel|mm
|c| jased boo|shh don't reveal secrers
|c| jased boo|of the meta
|
|move|p1a: Lopunny|Return|p2a: Mew
|-damage|p2a: Mew|179\/403
|move|p2a: Mew|Will-O-Wisp|p1a: Lopunny
|-status|p1a: Lopunny|brn
|
|-heal|p2a: Mew|204\/403|[from] item: Leftovers
|-damage|p1a: Lopunny|122\/272 brn|[from] brn
|turn|36
|c| jased boo|gross mew
|
|move|p1a: Lopunny|Return|p2a: Mew
|-damage|p2a: Mew|105\/403
|move|p2a: Mew|Roost|p2a: Mew
|-heal|p2a: Mew|307\/403
|
|-heal|p2a: Mew|332\/403|[from] item: Leftovers
|-damage|p1a: Lopunny|88\/272 brn|[from] brn
|turn|37
|leave|jased boo
|leave|The Rhythm of Life
|
|move|p1a: Lopunny|Return|p2a: Mew
|-damage|p2a: Mew|229\/403
|move|p2a: Mew|Roost|p2a: Mew
|-heal|p2a: Mew|403\/403
|
|-damage|p1a: Lopunny|54\/272 brn|[from] brn
|turn|38
|
|move|p1a: Lopunny|Ice Punch|p2a: Mew
|-damage|p2a: Mew|353\/403
|move|p2a: Mew|Taunt|p1a: Lopunny
|-start|p1a: Lopunny|move: Taunt
|
|-heal|p2a: Mew|378\/403|[from] item: Leftovers
|-damage|p1a: Lopunny|20\/272 brn|[from] brn
|turn|39
|
|move|p1a: Lopunny|Ice Punch|p2a: Mew
|-damage|p2a: Mew|331\/403
|move|p2a: Mew|Roost|p2a: Mew
|-heal|p2a: Mew|403\/403
|
|-damage|p1a: Lopunny|0 fnt|[from] brn
|faint|p1a: Lopunny
|
|switch|p1a: Mamoswine|Mamoswine, M|289\/361
|-damage|p1a: Mamoswine|244\/361|[from] Stealth Rock
|turn|40
|
|move|p2a: Mew|Will-O-Wisp|p1a: Mamoswine
|-status|p1a: Mamoswine|brn
|move|p1a: Mamoswine|Icicle Spear|p2a: Mew
|-damage|p2a: Mew|371\/403
|-damage|p2a: Mew|340\/403
|-hitcount|p2a: Mew|2
|-damage|p1a: Mamoswine|208\/361 brn|[from] item: Life Orb
|
|-heal|p2a: Mew|365\/403|[from] item: Leftovers
|-damage|p1a: Mamoswine|163\/361 brn|[from] brn
|turn|41
|
|move|p2a: Mew|Knock Off|p1a: Mamoswine
|-damage|p1a: Mamoswine|73\/361 brn
|-enditem|p1a: Mamoswine|Life Orb|[from] move: Knock Off|[of] p2a: Mew
|move|p1a: Mamoswine|Earthquake|p2a: Mew
|-damage|p2a: Mew|272\/403
|
|-heal|p2a: Mew|297\/403|[from] item: Leftovers
|-damage|p1a: Mamoswine|28\/361 brn|[from] brn
|turn|42
|c|★Hiye|gg
|c|★Cienight|gg
|
|move|p1a: Mamoswine|Ice Shard|p2a: Mew
|-crit|p2a: Mew
|-damage|p2a: Mew|239\/403
|move|p2a: Mew|Knock Off|p1a: Mamoswine
|-damage|p1a: Mamoswine|0 fnt
|faint|p1a: Mamoswine
|
|win|Cienight
|join|The Rhythm of Life
|leave|Hiye
|player|p1
|leave|Cienight
|leave|AliceYuu
|leave|The Rhythm of Life
|leave|metmaver
|leave|kawaii camel
|player|p2
|leave|tyler503
|leave|fennekin
|leave|Feroli
|leave|iSmooths
|leave|TheObsessed
|leave|cxz<cz<c