|join|Cienight
|join|Reverb
|player|p1|Cienight|75
|player|p2|Reverb|#reverb
|gametype|singles
|gen|6
|tier|OU
|rated
|clearpoke
|poke|p1|Azumarill, F
|poke|p1|Ferrothorn, F
|poke|p1|Landorus-Therian, M, shiny
|poke|p1|Latias, F
|poke|p1|Charizard, M
|poke|p1|Mew
|poke|p2|Skarmory, F
|poke|p2|Chansey, F
|poke|p2|Sableye, F
|poke|p2|Quagsire, M
|poke|p2|Cresselia, F
|poke|p2|Gothitelle, M
|rule|Swagger Clause: Swagger is banned
|rule|Baton Pass Clause: Limit one Pokémon knowing Baton Pass
|rule|Sleep Clause Mod: Limit one foe put to sleep
|rule|Species Clause: Limit one of each Pokémon
|rule|OHKO Clause: OHKO moves are banned
|rule|Moody Clause: Moody is banned
|rule|Evasion Moves Clause: Evasion moves are banned
|rule|Endless Battle Clause: Forcing endless battles is banned
|rule|HP Percentage Mod: HP is shown in percentages
|teampreview
|join|Aruseus
|join|I Iike Squirtles
|c|★Reverb|hahahahahahahahaha
|c| Aruseus|naish
|c|★Cienight|I hatew
|c|★Cienight|your guts
|join|Escavalier
|join|CatchThisDead
|join|CleanerThanRotom-W
|c| Escavalier|LOL
|c| CleanerThanRotom-W|dont tell me
|join|Appreciation
|join|Soul M8
|c| CleanerThanRotom-W|u sniped this man
|c|★Reverb|n
|c| CleanerThanRotom-W|LOL
|
|start
|switch|p1a: Charizard|Charizard, M|297\/297
|switch|p2a: Sableye|Sableye, F|304\/304
|turn|1
|c|★Cienight|he did
|
|detailschange|p1a: Charizard|Charizard-Mega-X, M
|-mega|p1a: Charizard|Charizard|Charizardite X
|detailschange|p2a: Sableye|Sableye-Mega, F
|-mega|p2a: Sableye|Sableye|Sablenite
|move|p2a: Sableye|Recover|p2a: Sableye
|-fail|p2a: Sableye
|move|p1a: Charizard|Flare Blitz|p2a: Sableye
|-damage|p2a: Sableye|120\/304
|-damage|p1a: Charizard|236\/297|[from] recoil|[of] p2a: Sableye
|
|turn|2
|join|Bloodz
|c| Escavalier|GOOD JOB
|c| Soul M8|?
|c|★Reverb|misclick
|
|switch|p2a: Quagsire|Quagsire, M|394\/394
|move|p1a: Charizard|Dragon Claw|p2a: Quagsire
|-damage|p2a: Quagsire|216\/394
|
|-heal|p2a: Quagsire|240\/394|[from] item: Leftovers
|turn|3
|join|Legolax909
|
|move|p1a: Charizard|Dragon Claw|p2a: Quagsire
|-damage|p2a: Quagsire|60\/394
|move|p2a: Quagsire|Recover|p2a: Quagsire
|-heal|p2a: Quagsire|257\/394
|
|-heal|p2a: Quagsire|281\/394|[from] item: Leftovers
|turn|4
|
|move|p1a: Charizard|Dragon Claw|p2a: Quagsire
|-damage|p2a: Quagsire|109\/394
|move|p2a: Quagsire|Recover|p2a: Quagsire
|-heal|p2a: Quagsire|306\/394
|
|-heal|p2a: Quagsire|330\/394|[from] item: Leftovers
|turn|5
|
|switch|p1a: Mew|Mew|400\/400
|move|p2a: Quagsire|Recover|p2a: Quagsire
|-heal|p2a: Quagsire|394\/394
|
|turn|6
|c| Legolax909|wow, who to support?
|
|switch|p1a: Charizard|Charizard-Mega-X, M|236\/297
|switch|p2a: Sableye|Sableye-Mega, F|120\/304
|
|turn|7
|c| CleanerThanRotom-W|reverb has the correct team r´to use
|c| CleanerThanRotom-W|ofc
|join|Ebinola
|c| Soul M8|cienight, since no stall
|join|nnnnnnhhgn
|
|switch|p2a: Quagsire|Quagsire, M|394\/394
|move|p1a: Charizard|Dragon Claw|p2a: Quagsire
|-damage|p2a: Quagsire|232\/394
|
|-heal|p2a: Quagsire|256\/394|[from] item: Leftovers
|turn|8
|c| Soul M8|lol jk
|join|haunter
|
|switch|p1a: Mew|Mew|400\/400
|move|p2a: Quagsire|Recover|p2a: Quagsire
|-heal|p2a: Quagsire|394\/394
|
|turn|9
|join|Cosine180
|c| Legolax909|i follow cienight then
|c|~haunter|cazzo
|
|switch|p2a: Sableye|Sableye-Mega, F|120\/304
|move|p1a: Mew|Knock Off|p2a: Sableye
|-damage|p2a: Sableye|87\/304
|
|turn|10
|c|~haunter|hai beccato questo sporco ebreo infame
|
|switch|p1a: Charizard|Charizard-Mega-X, M|236\/297
|move|p2a: Sableye|Recover|p2a: Sableye
|-heal|p2a: Sableye|239\/304
|
|turn|11
|c| Appreciation|reverb wtf is this awful team
|c|★Cienight|esatto
|c|~haunter|con questo team di merda
|c|★Cienight|che due coglions
|c|★Reverb|shit team
|
|switch|p2a: Quagsire|Quagsire, M|394\/394
|move|p1a: Charizard|Dragon Claw|p2a: Quagsire
|-damage|p2a: Quagsire|223\/394
|
|-heal|p2a: Quagsire|247\/394|[from] item: Leftovers
|turn|12
|c| Ebinola|spaghetti pizza
|c|★Cienight|bannalo
|
|switch|p1a: Mew|Mew|400\/400
|move|p2a: Quagsire|Recover|p2a: Quagsire
|-heal|p2a: Quagsire|394\/394
|
|turn|13
|
|switch|p2a: Sableye|Sableye-Mega, F|239\/304
|move|p1a: Mew|Knock Off|p2a: Sableye
|-damage|p2a: Sableye|205\/304
|
|turn|14
Ebinola was banned from room battle-ou-205215094 by haunter. (spaguetti clause)
|unlink|ebinola
|leave|Ebinola
|
|switch|p1a: Charizard|Charizard-Mega-X, M|236\/297
|move|p2a: Sableye|Recover|p2a: Sableye
|-heal|p2a: Sableye|304\/304
|
|turn|15
|c| CleanerThanRotom-W|lol
|
|switch|p2a: Quagsire|Quagsire, M|394\/394
|move|p1a: Charizard|Flare Blitz|p2a: Quagsire
|-resisted|p2a: Quagsire
|-damage|p2a: Quagsire|272\/394
|-damage|p1a: Charizard|196\/297|[from] recoil|[of] p2a: Quagsire
|
|-heal|p2a: Quagsire|296\/394|[from] item: Leftovers
|turn|16
|c|★Cienight|burn
|c|★Cienight|poopyhead
|c| Appreciation|go for a burn here
|c| Appreciation|im a dragon
|c| Appreciation|youre a whore
|
|switch|p1a: Latias|Latias, F|301\/301
|move|p2a: Quagsire|Recover|p2a: Quagsire
|-heal|p2a: Quagsire|394\/394
|
|turn|17
|c| Appreciation|dont evne know what ur good for
|c|~haunter|cieday non hai speranze
|join|The Tragic Crab
|c|★Cienight|lo so
|c| The Tragic Crab|wat
|c|★Cienight|è troppo vecchio
|c|★Cienight|sto team
|c| Legolax909|must have a lot patience to play stall..
|leave|nnnnnnhhgn
|c|★Cienight|non so perché mi ostino a usarlo
|c| Bloodz|reverb how does this team
|c| Bloodz|beat cube
|join|Costi93
|
|switch|p1a: Mew|Mew|400\/400
|switch|p2a: Chansey|Chansey, F|642\/642
|
|turn|18
|leave|The Tragic Crab
|c|★Cienight|cube can't beat
|c|★Cienight|that team
|
|switch|p1a: Charizard|Charizard-Mega-X, M|196\/297
|switch|p2a: Sableye|Sableye-Mega, F|304\/304
|
|turn|19
|leave|CatchThisDead
|
|switch|p2a: Quagsire|Quagsire, M|394\/394
|move|p1a: Charizard|Roost|p1a: Charizard
|-heal|p1a: Charizard|297\/297
|
|turn|20
|c| Escavalier|just use
|
|switch|p1a: Ferrothorn|Ferrothorn, F|349\/349
|move|p2a: Quagsire|Earthquake|p1a: Ferrothorn
|-damage|p1a: Ferrothorn|279\/349
|
|-heal|p1a: Ferrothorn|300\/349|[from] item: Leftovers
|turn|21
|c| Escavalier|banded azu
|
|switch|p2a: Sableye|Sableye-Mega, F|304\/304
|switch|p1a: Azumarill|Azumarill, F|363\/363
|
|turn|22
|
|switch|p2a: Skarmory|Skarmory, F|334\/334
|move|p1a: Azumarill|Waterfall|p2a: Skarmory
|-damage|p2a: Skarmory|172\/334
|
|turn|23
|c| CleanerThanRotom-W|because banded azu ct my team
|c|★Cienight|oh look
|c|★Cienight|a not 2hko
|
|move|p2a: Skarmory|Roost|p2a: Skarmory
|-heal|p2a: Skarmory|334\/334
|move|p1a: Azumarill|Waterfall|p2a: Skarmory
|-damage|p2a: Skarmory|180\/334
|
|turn|24
|c| Escavalier|why
|c| Escavalier|are you so slow
|c|★Cienight|I'm not slow
|c| Escavalier|thats your fault
|c| Escavalier|not mine
|c| Soul M8|doesnt azu run enuf speed for min skarm?
|c|★Cienight|he runs speed
|c| Soul M8|wut
|c| Soul M8|oh
|c|★Cienight|esca
|c|★Cienight|lol
|c| Appreciation|banded azu is love
|
|switch|p1a: Charizard|Charizard-Mega-X, M|297\/297
|move|p2a: Skarmory|Spikes|p1a: Charizard
|-sidestart|p1: Cienight|Spikes
|
|turn|25
|
|switch|p2a: Quagsire|Quagsire, M|394\/394
|move|p1a: Charizard|Dragon Claw|p2a: Quagsire
|-damage|p2a: Quagsire|216\/394
|
|-heal|p2a: Quagsire|240\/394|[from] item: Leftovers
|turn|26
|c|★Cienight|if you think someone's so dumb to not cover banded azu
|
|move|p1a: Charizard|Dragon Claw|p2a: Quagsire
|-damage|p2a: Quagsire|80\/394
|move|p2a: Quagsire|Recover|p2a: Quagsire
|-heal|p2a: Quagsire|277\/394
|
|-heal|p2a: Quagsire|301\/394|[from] item: Leftovers
|turn|27
|c| Appreciation|just go for a crit
|
|move|p1a: Charizard|Dragon Claw|p2a: Quagsire
|-damage|p2a: Quagsire|117\/394
|move|p2a: Quagsire|Recover|p2a: Quagsire
|-heal|p2a: Quagsire|314\/394
|
|-heal|p2a: Quagsire|338\/394|[from] item: Leftovers
|turn|28
|c| Escavalier|well now something dies next time bandzu comes in
|c|★Cienight|...
|c| Appreciation|not really
|c| Legolax909|cienight so far are you stress out?
|c|★Cienight|SKARM IS FASTER
|c|★Cienight|jesus christ
|c| Appreciation|exactly
|
|switch|p1a: Latias|Latias, F|301\/301
|move|p2a: Quagsire|Earthquake|p1a: Latias
|-immune|p1a: Latias|[msg]
|
|-heal|p2a: Quagsire|362\/394|[from] item: Leftovers
|turn|29
|c| Appreciation|why dont u run speed on azu
|c| Appreciation|well not enough
|c|★Cienight|oh god
|
|switch|p2a: Gothitelle|Gothitelle, M|301\/301
|move|p1a: Latias|Defog|p2a: Gothitelle
|-unboost|p2a: Gothitelle|evasion|1
|-sideend|p1: Cienight|Spikes|[from] move: Defog|[of] p1a: Latias
|
|turn|30
|c|★Cienight|I fucking do
|c| Escavalier|nigga it cant roost stall you forever
|c| Appreciation|BUT NOT ENOUGH
|
|move|p2a: Gothitelle|Trick|p1a: Latias
|-activate|p2a: Gothitelle|move: Trick|[of] p1a: Latias
|-item|p1a: Latias|Choice Scarf|[from] move: Trick
|-item|p2a: Gothitelle|Life Orb|[from] move: Trick
|move|p1a: Latias|Draco Meteor|p2a: Gothitelle
|-damage|p2a: Gothitelle|127\/301
|-unboost|p1a: Latias|spa|2
|
|turn|31
|c|★Cienight|he counters
|
|move|p1a: Latias|Draco Meteor|p2a: Gothitelle
|-damage|p2a: Gothitelle|43\/301
|-unboost|p1a: Latias|spa|2
|move|p2a: Gothitelle|Rest|p2a: Gothitelle
|-status|p2a: Gothitelle|slp
|-heal|p2a: Gothitelle|301\/301 slp|[silent]
|-status|p2a: Gothitelle|slp|[from] move: Rest
|
|turn|32
|
|move|p1a: Latias|Draco Meteor|p2a: Gothitelle
|-damage|p2a: Gothitelle|243\/301 slp
|-unboost|p1a: Latias|spa|2
|cant|p2a: Gothitelle|slp
|
|turn|33
|c| Soul M8|this is just mean
|c|★Cienight|fgt team
|
|move|p1a: Latias|Draco Meteor|p2a: Gothitelle
|-damage|p2a: Gothitelle|203\/301 slp
|cant|p2a: Gothitelle|slp
|
|turn|34
|c|★Cienight|worse than
|c|★Cienight|baton pass
|
|move|p1a: Latias|Draco Meteor|p2a: Gothitelle
|-damage|p2a: Gothitelle|164\/301 slp
|-curestatus|p2a: Gothitelle|slp
|move|p2a: Gothitelle|Rest|p2a: Gothitelle
|-status|p2a: Gothitelle|slp
|-heal|p2a: Gothitelle|301\/301 slp|[silent]
|-status|p2a: Gothitelle|slp|[from] move: Rest
|
|turn|35
|c| Soul M8|reverb>denisss
|c|★Cienight|can I crit twice
|c|★Cienight|plox
|
|switch|p2a: Chansey|Chansey, F|642\/642
|move|p1a: Latias|Draco Meteor|p2a: Chansey
|-damage|p2a: Chansey|612\/642
|
|turn|36
|c| Appreciation|cleaner made it
|c| Appreciation|so
|c| Appreciation|n_n
|
|switch|p1a: Azumarill|Azumarill, F|363\/363
|move|p2a: Chansey|Stealth Rock|p1a: Azumarill
|-sidestart|p1: Cienight|move: Stealth Rock
|
|turn|37
|
|switch|p2a: Cresselia|Cresselia, F|444\/444
|move|p1a: Azumarill|Waterfall|p2a: Cresselia
|-crit|p2a: Cresselia
|-damage|p2a: Cresselia|191\/444
|
|-heal|p2a: Cresselia|218\/444|[from] item: Leftovers
|turn|38
|c|★Cienight|defensive
|c|★Cienight|cress
|c|★Cienight|fucking
|c|★Cienight|fgt
|
|switch|p1a: Mew|Mew|400\/400
|-damage|p1a: Mew|350\/400|[from] Stealth Rock
|move|p2a: Cresselia|Moonlight|p2a: Cresselia
|-heal|p2a: Cresselia|440\/444
|
|-heal|p1a: Mew|375\/400|[from] item: Leftovers
|-heal|p2a: Cresselia|444\/444|[from] item: Leftovers
|turn|39
|c|★Reverb|lol
|
|switch|p1a: Charizard|Charizard-Mega-X, M|297\/297
|-damage|p1a: Charizard|223\/297|[from] Stealth Rock
|switch|p2a: Sableye|Sableye-Mega, F|304\/304
|
|turn|40
|
|switch|p2a: Quagsire|Quagsire, M|362\/394
|move|p1a: Charizard|Flare Blitz|p2a: Quagsire
|-resisted|p2a: Quagsire
|-damage|p2a: Quagsire|227\/394
|-damage|p1a: Charizard|178\/297|[from] recoil|[of] p2a: Quagsire
|
|-heal|p2a: Quagsire|251\/394|[from] item: Leftovers
|turn|41
|
|move|p1a: Charizard|Dragon Claw|p2a: Quagsire
|-damage|p2a: Quagsire|95\/394
|move|p2a: Quagsire|Earthquake|p1a: Charizard
|-supereffective|p1a: Charizard
|-damage|p1a: Charizard|0 fnt
|faint|p1a: Charizard
|
|-heal|p2a: Quagsire|119\/394|[from] item: Leftovers
|c| Appreciation|ez
|-message|Cienight forfeited.
|
|win|Reverb
|raw|Ladder updating...
|leave|Cienight
|player|p1
|raw|Cienight's rating: 1676 &rarr; <strong>1657<\/strong><br \/>(-19 for losing)
|raw|Reverb's rating: 1694 &rarr; <strong>1713<\/strong><br \/>(+19 for winning)
|leave|Escavalier
|leave|Appreciation
|leave|haunter
|c| Soul M8|kek
|leave|Legolax909